|join|jacksonjack
|join|MoB Barley
|player|p1|jacksonjack|80
|player|p2|MoB Barley|161
|gametype|singles
|gen|6
|tier|OU
|rated
|clearpoke
|poke|p1|Breloom, F
|poke|p1|Gengar, M
|poke|p1|Greninja, M
|poke|p1|Metagross
|poke|p1|Heatran, F
|poke|p1|Landorus-Therian, M
|poke|p2|Greninja, M, shiny
|poke|p2|Landorus-Therian, M
|poke|p2|Lopunny, M, shiny
|poke|p2|Latios, M
|poke|p2|Garchomp, M
|poke|p2|Thundurus, M
|rule|Swagger Clause: Swagger is banned
|rule|Baton Pass Clause: Limit one PokÃ©mon knowing Baton Pass
|rule|Sleep Clause Mod: Limit one foe put to sleep
|rule|Species Clause: Limit one of each PokÃ©mon
|rule|OHKO Clause: OHKO moves are banned
|rule|Moody Clause: Moody is banned
|rule|Evasion Moves Clause: Evasion moves are banned
|rule|Endless Battle Clause: Forcing endless battles is banned
|rule|HP Percentage Mod: HP is shown in percentages
|teampreview
|
|start
|switch|p1a: Landorus-Therian|Landorus-Therian, M|319\/319
|switch|p2a: Garchomp|Garchomp, M|420\/420
|-ability|p1a: Landorus-Therian|Intimidate|[of] p2a: Garchomp
|-unboost|p2a: Garchomp|atk|1
|turn|1
|
|move|p1a: Landorus-Therian|U-turn|p2a: Garchomp
|-damage|p2a: Garchomp|355\/420
|-damage|p1a: Landorus-Therian|280\/319|[from] ability: Rough Skin|[of] p2a: Garchomp
|-damage|p1a: Landorus-Therian|227\/319|[from] item: Rocky Helmet|[of] p2a: Garchomp
|
|switch|p1a: Greninja|Greninja, M|285\/285
|move|p2a: Garchomp|Stealth Rock|p1a: Greninja
|-sidestart|p1: jacksonjack|move: Stealth Rock
|
|turn|2
|
|switch|p2a: Greninja|Greninja, M, shiny|285\/285
|move|p1a: Greninja|Ice Beam|p2a: Greninja
|-start|p1a: Greninja|typechange|Ice|[from] Protean
|-resisted|p2a: Greninja
|-damage|p2a: Greninja|158\/285
|-status|p2a: Greninja|frz
|-damage|p1a: Greninja|257\/285|[from] item: Life Orb
|
|turn|3
|c|âMoB Barley|ofc
|
|move|p1a: Greninja|Hidden Power|p2a: Greninja
|-start|p1a: Greninja|typechange|Grass|[from] Protean
|-supereffective|p2a: Greninja
|-damage|p2a: Greninja|0 fnt
|-damage|p1a: Greninja|229\/285|[from] item: Life Orb
|faint|p2a: Greninja
|
|
|switch|p2a: Lopunny|Lopunny, M, shiny|271\/271
|turn|4
|
|switch|p1a: Metagross|Metagross|321\/321
|-damage|p1a: Metagross|301\/321|[from] Stealth Rock
|detailschange|p2a: Lopunny|Lopunny-Mega, M, shiny
|-mega|p2a: Lopunny|Lopunny|Lopunnite
|move|p2a: Lopunny|Ice Punch|p1a: Metagross
|-resisted|p1a: Metagross
|-damage|p1a: Metagross|264\/321
|
|turn|5
|
|switch|p2a: Garchomp|Garchomp, M|355\/420
|detailschange|p1a: Metagross|Metagross-Mega
|-mega|p1a: Metagross|Metagross|Metagrossite
|move|p1a: Metagross|Meteor Mash|p2a: Garchomp
|-damage|p2a: Garchomp|157\/420
|-damage|p1a: Metagross|224\/321|[from] ability: Rough Skin|[of] p2a: Garchomp
|-damage|p1a: Metagross|171\/321|[from] item: Rocky Helmet|[of] p2a: Garchomp
|-boost|p1a: Metagross|atk|1
|
|turn|6
|join|TMasterPu
|
|move|p1a: Metagross|Meteor Mash|p2a: Garchomp
|-damage|p2a: Garchomp|0 fnt
|-damage|p1a: Metagross|131\/321|[from] ability: Rough Skin|[of] p2a: Garchomp
|-damage|p1a: Metagross|78\/321|[from] item: Rocky Helmet|[of] p2a: Garchomp
|-boost|p1a: Metagross|atk|1
|faint|p2a: Garchomp
|
|
|switch|p2a: Thundurus|Thundurus, M|299\/299
|turn|7
|
|move|p2a: Thundurus|Thunderbolt|p1a: Metagross
|-damage|p1a: Metagross|0 fnt
|-damage|p2a: Thundurus|270\/299|[from] item: Life Orb
|faint|p1a: Metagross
|
|
|switch|p1a: Landorus-Therian|Landorus-Therian, M|227\/319
|-damage|p1a: Landorus-Therian|188\/319|[from] Stealth Rock
|-ability|p1a: Landorus-Therian|Intimidate|[of] p2a: Thundurus
|-unboost|p2a: Thundurus|atk|1
|turn|8
|
|switch|p2a: Landorus-Therian|Landorus-Therian, M|319\/319
|-ability|p2a: Landorus-Therian|Intimidate|[of] p1a: Landorus-Therian
|-unboost|p1a: Landorus-Therian|atk|1
|move|p1a: Landorus-Therian|Stone Edge|p2a: Landorus-Therian|[miss]
|-miss|p1a: Landorus-Therian|p2a: Landorus-Therian
|
|turn|9
|
|switch|p1a: Gengar|Gengar, M|262\/262
|-damage|p1a: Gengar|230\/262|[from] Stealth Rock
|move|p2a: Landorus-Therian|Knock Off|p1a: Gengar
|-supereffective|p1a: Gengar
|-damage|p1a: Gengar|0 fnt
|-enditem|p1a: Gengar|Life Orb|[from] move: Knock Off|[of] p2a: Landorus-Therian
|faint|p1a: Gengar
|
|
|switch|p1a: Breloom|Breloom, F|261\/261
|-damage|p1a: Breloom|245\/261|[from] Stealth Rock
|turn|10
|
|switch|p2a: Latios|Latios, M|301\/301
|move|p1a: Breloom|Rock Tomb|p2a: Latios
|-damage|p2a: Latios|166\/301
|-unboost|p2a: Latios|spe|1
|
|turn|11
|
|switch|p1a: Heatran|Heatran, F|323\/323
|-damage|p1a: Heatran|283\/323|[from] Stealth Rock
|-item|p1a: Heatran|Air Balloon
|move|p2a: Latios|Psyshock|p1a: Heatran
|-resisted|p1a: Heatran
|-damage|p1a: Heatran|189\/323
|-enditem|p1a: Heatran|Air Balloon
|-damage|p2a: Latios|136\/301|[from] item: Life Orb
|
|turn|12
|leave|TMasterPu
|
|switch|p2a: Lopunny|Lopunny-Mega, M, shiny|271\/271
|move|p1a: Heatran|Stealth Rock|p2a: Lopunny
|-sidestart|p2: MoB Barley|move: Stealth Rock
|
|turn|13
|
|move|p2a: Lopunny|High Jump Kick|p1a: Heatran
|-supereffective|p1a: Heatran
|-damage|p1a: Heatran|0 fnt
|faint|p1a: Heatran
|
|
|switch|p1a: Landorus-Therian|Landorus-Therian, M|188\/319
|-damage|p1a: Landorus-Therian|149\/319|[from] Stealth Rock
|-ability|p1a: Landorus-Therian|Intimidate|[of] p2a: Lopunny
|-unboost|p2a: Lopunny|atk|1
|turn|14
|join|Gucci Nig
|
|move|p1a: Landorus-Therian|Superpower|p2a: Lopunny
|-supereffective|p2a: Lopunny
|-damage|p2a: Lopunny|0 fnt
|-unboost|p1a: Landorus-Therian|atk|1
|-unboost|p1a: Landorus-Therian|def|1
|faint|p2a: Lopunny
|
|
|switch|p2a: Landorus-Therian|Landorus-Therian, M|319\/319
|-damage|p2a: Landorus-Therian|280\/319|[from] Stealth Rock
|-ability|p2a: Landorus-Therian|Intimidate|[of] p1a: Landorus-Therian
|-unboost|p1a: Landorus-Therian|atk|1
|turn|15
|
|switch|p1a: Breloom|Breloom, F|245\/261
|-damage|p1a: Breloom|229\/261|[from] Stealth Rock
|move|p2a: Landorus-Therian|U-turn|p1a: Breloom
|-damage|p1a: Breloom|117\/261
|
|switch|p2a: Latios|Latios, M|136\/301
|-damage|p2a: Latios|99\/301|[from] Stealth Rock
|
|turn|16
|
|move|p1a: Breloom|Mach Punch|p2a: Latios
|-resisted|p2a: Latios
|-damage|p2a: Latios|33\/301
|move|p2a: Latios|Draco Meteor|p1a: Breloom
|-damage|p1a: Breloom|0 fnt
|-unboost|p2a: Latios|spa|2
|-damage|p2a: Latios|3\/301|[from] item: Life Orb
|faint|p1a: Breloom
|
|join|TMasterPu
|
|switch|p1a: Greninja|Greninja, M|229\/285
|-damage|p1a: Greninja|194\/285|[from] Stealth Rock
|turn|17
|
|move|p1a: Greninja|Hidden Power|p2a: Latios
|-start|p1a: Greninja|typechange|Grass|[from] Protean
|-resisted|p2a: Latios
|-damage|p2a: Latios|0 fnt
|-damage|p1a: Greninja|166\/285|[from] item: Life Orb
|faint|p2a: Latios
|
|
|switch|p2a: Landorus-Therian|Landorus-Therian, M|280\/319
|-damage|p2a: Landorus-Therian|241\/319|[from] Stealth Rock
|-ability|p2a: Landorus-Therian|Intimidate|[of] p1a: Greninja
|-unboost|p1a: Greninja|atk|1
|turn|18
|
|move|p2a: Landorus-Therian|Knock Off|p1a: Greninja
|-damage|p1a: Greninja|0 fnt
|-enditem|p1a: Greninja|Life Orb|[from] move: Knock Off|[of] p2a: Landorus-Therian
|faint|p1a: Greninja
|
|
|switch|p1a: Landorus-Therian|Landorus-Therian, M|149\/319
|-damage|p1a: Landorus-Therian|110\/319|[from] Stealth Rock
|-ability|p1a: Landorus-Therian|Intimidate|[of] p2a: Landorus-Therian
|-unboost|p2a: Landorus-Therian|atk|1
|turn|19
|
|move|p2a: Landorus-Therian|Knock Off|p1a: Landorus-Therian
|-damage|p1a: Landorus-Therian|19\/319
|-enditem|p1a: Landorus-Therian|Choice Scarf|[from] move: Knock Off|[of] p2a: Landorus-Therian
|move|p1a: Landorus-Therian|Stone Edge|p2a: Landorus-Therian
|-damage|p2a: Landorus-Therian|96\/319
|
|turn|20
|c| Gucci Nig|so frog wasn't banned?
|
|move|p2a: Landorus-Therian|Knock Off|p1a: Landorus-Therian
|-damage|p1a: Landorus-Therian|0 fnt
|faint|p1a: Landorus-Therian
|
|win|MoB Barley
|raw|Ladder updating...
|c|âMoB Barley|not yet
|raw|jacksonjack's rating: 1635 &rarr; <strong>1619<\/strong><br \/>(-16 for losing)
|raw|MoB Barley's rating: 1715 &rarr; <strong>1730<\/strong><br \/>(+15 for winning)
|leave|jacksonjack
|c|âMoB Barley|it will be
|leave|MoB Barley
|player|p1
|player|p2
|leave|TMasterPu
|leave|Gucci Nig