|join|lil manaphy
|join|jacksonjack
|player|p1|lil manaphy|9
|player|p2|jacksonjack|269
|gametype|singles
|gen|6
|tier|OU
|rated
|clearpoke
|poke|p1|Gardevoir, M
|poke|p1|Keldeo
|poke|p1|Amoonguss, F
|poke|p1|Chansey, F
|poke|p1|Mandibuzz, F
|poke|p1|Landorus-Therian, M
|poke|p2|Charizard, F
|poke|p2|Tentacruel, M
|poke|p2|Hippowdon, M
|poke|p2|Tyranitar, M
|poke|p2|Ferrothorn, F
|poke|p2|Latios, M
|rule|Swagger Clause: Swagger is banned
|rule|Baton Pass Clause: Limit one PokÃ©mon knowing Baton Pass
|rule|Sleep Clause Mod: Limit one foe put to sleep
|rule|Species Clause: Limit one of each PokÃ©mon
|rule|OHKO Clause: OHKO moves are banned
|rule|Moody Clause: Moody is banned
|rule|Evasion Moves Clause: Evasion moves are banned
|rule|Endless Battle Clause: Forcing endless battles is banned
|rule|HP Percentage Mod: HP is shown in percentages
|teampreview
|
|start
|switch|p1a: Keldeo|Keldeo|323\/323
|switch|p2a: Charizard|Charizard, F|301\/301
|turn|1
|
|switch|p1a: Chansey|Chansey, F|703\/703
|switch|p2a: Latios|Latios, M|301\/301
|
|turn|2
|
|switch|p2a: Tentacruel|Tentacruel, M|357\/357
|switch|p1a: Mandibuzz|Mandibuzz, F|423\/423
|
|turn|3
|
|switch|p1a: Amoonguss|Amoonguss, F|432\/432
|move|p2a: Tentacruel|Knock Off|p1a: Amoonguss
|-crit|p1a: Amoonguss
|-damage|p1a: Amoonguss|360\/432
|-enditem|p1a: Amoonguss|Black Sludge|[from] move: Knock Off|[of] p2a: Tentacruel
|
|turn|4
|
|switch|p2a: Ferrothorn|Ferrothorn, F|352\/352
|move|p1a: Amoonguss|Spore|p2a: Ferrothorn
|-fail|p2a: Ferrothorn
|
|turn|5
|
|switch|p2a: Charizard|Charizard, F|301\/301
|move|p1a: Amoonguss|Hidden Power|p2a: Charizard
|-resisted|p2a: Charizard
|-damage|p2a: Charizard|279\/301
|
|turn|6
|
|switch|p1a: Chansey|Chansey, F|703\/703
|detailschange|p2a: Charizard|Charizard-Mega-Y, F
|-mega|p2a: Charizard|Charizard|Charizardite Y
|-weather|SunnyDay
|move|p2a: Charizard|Fire Blast|p1a: Chansey
|-damage|p1a: Chansey|481\/703
|
|-weather|SunnyDay|[upkeep]
|turn|7
|
|switch|p2a: Ferrothorn|Ferrothorn, F|352\/352
|move|p1a: Chansey|Soft-Boiled|p1a: Chansey
|-heal|p1a: Chansey|703\/703
|
|-weather|SunnyDay|[upkeep]
|turn|8
|
|switch|p1a: Landorus-Therian|Landorus-Therian, M|382\/382
|-ability|p1a: Landorus-Therian|Intimidate|[of] p2a: Ferrothorn
|-unboost|p2a: Ferrothorn|atk|1
|move|p2a: Ferrothorn|Spikes|p1a: Landorus-Therian
|-sidestart|p1: lil manaphy|Spikes
|
|-weather|SunnyDay|[upkeep]
|turn|9
|
|move|p1a: Landorus-Therian|U-turn|p2a: Ferrothorn
|-damage|p2a: Ferrothorn|293\/352
|-damage|p1a: Landorus-Therian|335\/382|[from] ability: Iron Barbs|[of] p2a: Ferrothorn
|
|switch|p1a: Mandibuzz|Mandibuzz, F|423\/423
|move|p2a: Ferrothorn|Leech Seed|p1a: Mandibuzz
|-start|p1a: Mandibuzz|move: Leech Seed
|
|-weather|SunnyDay|[upkeep]
|-heal|p2a: Ferrothorn|315\/352|[from] item: Leftovers
|-damage|p1a: Mandibuzz|371\/423|[from] Leech Seed|[of] p2a: Ferrothorn
|-heal|p2a: Ferrothorn|352\/352|[silent]
|turn|10
|
|switch|p2a: Tyranitar|Tyranitar, M|341\/341
|-weather|Sandstorm
|move|p1a: Mandibuzz|Defog|p2a: Tyranitar
|-unboost|p2a: Tyranitar|evasion|1
|-sideend|p1: lil manaphy|Spikes|[from] move: Defog|[of] p1a: Mandibuzz
|
|-weather|Sandstorm|[upkeep]
|-damage|p1a: Mandibuzz|319\/423|[from] Leech Seed|[of] p2a: Tyranitar
|turn|11
|
|switch|p1a: Keldeo|Keldeo|323\/323
|move|p2a: Tyranitar|Stone Edge|p1a: Keldeo|[miss]
|-miss|p2a: Tyranitar|p1a: Keldeo
|
|-weather|Sandstorm|[upkeep]
|-damage|p1a: Keldeo|303\/323|[from] sandstorm
|-heal|p1a: Keldeo|323\/323|[from] item: Leftovers
|turn|12
|
|switch|p2a: Latios|Latios, M|301\/301
|move|p1a: Keldeo|Scald|p2a: Latios
|-resisted|p2a: Latios
|-damage|p2a: Latios|235\/301
|
|-weather|Sandstorm|[upkeep]
|-damage|p2a: Latios|217\/301|[from] sandstorm
|-damage|p1a: Keldeo|303\/323|[from] sandstorm
|-heal|p1a: Keldeo|323\/323|[from] item: Leftovers
|turn|13
|
|switch|p1a: Chansey|Chansey, F|703\/703
|move|p2a: Latios|Psyshock|p1a: Chansey
|-damage|p1a: Chansey|456\/703
|-damage|p2a: Latios|187\/301|[from] item: Life Orb
|
|-weather|Sandstorm|[upkeep]
|-damage|p2a: Latios|169\/301|[from] sandstorm
|-damage|p1a: Chansey|413\/703|[from] sandstorm
|turn|14
|
|switch|p2a: Ferrothorn|Ferrothorn, F|352\/352
|move|p1a: Chansey|Soft-Boiled|p1a: Chansey
|-heal|p1a: Chansey|703\/703
|
|-weather|none
|turn|15
|
|switch|p1a: Landorus-Therian|Landorus-Therian, M|335\/382
|-ability|p1a: Landorus-Therian|Intimidate|[of] p2a: Ferrothorn
|-unboost|p2a: Ferrothorn|atk|1
|move|p2a: Ferrothorn|Leech Seed|p1a: Landorus-Therian
|-start|p1a: Landorus-Therian|move: Leech Seed
|
|-heal|p1a: Landorus-Therian|358\/382|[from] item: Leftovers
|-damage|p1a: Landorus-Therian|311\/382|[from] Leech Seed|[of] p2a: Ferrothorn
|turn|16
|
|move|p1a: Landorus-Therian|Stealth Rock|p2a: Ferrothorn
|-sidestart|p2: jacksonjack|move: Stealth Rock
|move|p2a: Ferrothorn|Leech Seed|p1a: Landorus-Therian|[miss]
|-miss|p2a: Ferrothorn|p1a: Landorus-Therian
|
|-heal|p1a: Landorus-Therian|334\/382|[from] item: Leftovers
|-damage|p1a: Landorus-Therian|287\/382|[from] Leech Seed|[of] p2a: Ferrothorn
|turn|17
|
|switch|p1a: Amoonguss|Amoonguss, F|432\/432
|move|p2a: Ferrothorn|Spikes|p1a: Amoonguss
|-sidestart|p1: lil manaphy|Spikes
|
|turn|18
|
|move|p1a: Amoonguss|Hidden Power|p2a: Ferrothorn
|-supereffective|p2a: Ferrothorn
|-damage|p2a: Ferrothorn|236\/352
|move|p2a: Ferrothorn|Spikes|p1a: Amoonguss
|-sidestart|p1: lil manaphy|Spikes
|
|-heal|p2a: Ferrothorn|258\/352|[from] item: Leftovers
|turn|19
|
|switch|p2a: Latios|Latios, M|169\/301
|-damage|p2a: Latios|132\/301|[from] Stealth Rock
|move|p1a: Amoonguss|Hidden Power|p2a: Latios
|-resisted|p2a: Latios
|-damage|p2a: Latios|113\/301
|
|turn|20
|
|switch|p1a: Mandibuzz|Mandibuzz, F|319\/423
|move|p2a: Latios|Roost|p2a: Latios
|-heal|p2a: Latios|264\/301
|
|turn|21
|
|switch|p2a: Tyranitar|Tyranitar, M|341\/341
|-damage|p2a: Tyranitar|299\/341|[from] Stealth Rock
|-weather|Sandstorm
|switch|p1a: Gardevoir|Gardevoir, M|277\/277
|-damage|p1a: Gardevoir|231\/277|[from] Spikes
|-ability|p1a: Gardevoir|Sand Stream|[from] ability: Trace|[of] p2a: Tyranitar
|
|-weather|Sandstorm|[upkeep]
|-damage|p1a: Gardevoir|214\/277|[from] sandstorm
|turn|22
|
|move|p2a: Tyranitar|Pursuit|p1a: Gardevoir|[from]Pursuit
|-damage|p1a: Gardevoir|10\/277
|switch|p1a: Keldeo|Keldeo|323\/323
|-damage|p1a: Keldeo|270\/323|[from] Spikes
|
|-weather|Sandstorm|[upkeep]
|-damage|p1a: Keldeo|250\/323|[from] sandstorm
|-heal|p1a: Keldeo|270\/323|[from] item: Leftovers
|turn|23
|
|switch|p2a: Latios|Latios, M|264\/301
|-damage|p2a: Latios|227\/301|[from] Stealth Rock
|move|p1a: Keldeo|Scald|p2a: Latios
|-resisted|p2a: Latios
|-damage|p2a: Latios|158\/301
|
|-weather|Sandstorm|[upkeep]
|-damage|p2a: Latios|140\/301|[from] sandstorm
|-damage|p1a: Keldeo|250\/323|[from] sandstorm
|-heal|p1a: Keldeo|270\/323|[from] item: Leftovers
|turn|24
|
|move|p2a: Latios|Roost|p2a: Latios
|-heal|p2a: Latios|291\/301
|move|p1a: Keldeo|Scald|p2a: Latios
|-resisted|p2a: Latios
|-damage|p2a: Latios|229\/301
|-status|p2a: Latios|brn
|
|-weather|Sandstorm|[upkeep]
|-damage|p2a: Latios|211\/301 brn|[from] sandstorm
|-damage|p1a: Keldeo|250\/323|[from] sandstorm
|-heal|p1a: Keldeo|270\/323|[from] item: Leftovers
|-damage|p2a: Latios|174\/301 brn|[from] brn
|turn|25
|
|switch|p1a: Mandibuzz|Mandibuzz, F|319\/423
|move|p2a: Latios|Roost|p2a: Latios
|-heal|p2a: Latios|301\/301 brn
|
|-weather|none
|-damage|p2a: Latios|264\/301 brn|[from] brn
|turn|26
|
|move|p2a: Latios|Draco Meteor|p1a: Mandibuzz|[miss]
|-miss|p2a: Latios|p1a: Mandibuzz
|move|p1a: Mandibuzz|Roost|p1a: Mandibuzz
|-heal|p1a: Mandibuzz|423\/423
|
|-damage|p2a: Latios|227\/301 brn|[from] brn
|turn|27
|
|move|p2a: Latios|Draco Meteor|p1a: Mandibuzz
|-damage|p1a: Mandibuzz|127\/423
|-unboost|p2a: Latios|spa|2
|-damage|p2a: Latios|197\/301 brn|[from] item: Life Orb
|move|p1a: Mandibuzz|Foul Play|p2a: Latios
|-supereffective|p2a: Latios
|-damage|p2a: Latios|0 fnt
|faint|p2a: Latios
|
|
|switch|p2a: Tyranitar|Tyranitar, M|299\/341
|-damage|p2a: Tyranitar|257\/341|[from] Stealth Rock
|-weather|Sandstorm
|turn|28
|
|move|p2a: Tyranitar|Earthquake|p1a: Mandibuzz
|-immune|p1a: Mandibuzz|[msg]
|move|p1a: Mandibuzz|Roost|p1a: Mandibuzz
|-heal|p1a: Mandibuzz|339\/423
|
|-weather|Sandstorm|[upkeep]
|turn|29
|
|switch|p2a: Ferrothorn|Ferrothorn, F|258\/352
|-damage|p2a: Ferrothorn|236\/352|[from] Stealth Rock
|move|p1a: Mandibuzz|Foul Play|p2a: Ferrothorn
|-crit|p2a: Ferrothorn
|-damage|p2a: Ferrothorn|122\/352
|-damage|p1a: Mandibuzz|287\/423|[from] ability: Iron Barbs|[of] p2a: Ferrothorn
|
|-weather|Sandstorm|[upkeep]
|-heal|p2a: Ferrothorn|144\/352|[from] item: Leftovers
|turn|30
|
|move|p1a: Mandibuzz|Taunt|p2a: Ferrothorn
|-start|p2a: Ferrothorn|move: Taunt
|cant|p2a: Ferrothorn|move: Taunt|Leech Seed
|
|-weather|Sandstorm|[upkeep]
|-heal|p2a: Ferrothorn|166\/352|[from] item: Leftovers
|turn|31
|
|switch|p2a: Tyranitar|Tyranitar, M|257\/341
|-damage|p2a: Tyranitar|215\/341|[from] Stealth Rock
|move|p1a: Mandibuzz|Roost|p1a: Mandibuzz
|-heal|p1a: Mandibuzz|423\/423
|
|-weather|Sandstorm|[upkeep]
|turn|32
|
|move|p2a: Tyranitar|Stone Edge|p1a: Mandibuzz|[miss]
|-miss|p2a: Tyranitar|p1a: Mandibuzz
|move|p1a: Mandibuzz|Defog|p2a: Tyranitar
|-unboost|p2a: Tyranitar|evasion|1
|-sideend|p2: jacksonjack|Stealth Rock|[from] move: Defog|[of] p2a: Tyranitar
|-sideend|p1: lil manaphy|Spikes|[from] move: Defog|[of] p1a: Mandibuzz
|
|-weather|none
|turn|33
|
|switch|p2a: Tentacruel|Tentacruel, M|357\/357
|switch|p1a: Landorus-Therian|Landorus-Therian, M|287\/382
|-ability|p1a: Landorus-Therian|Intimidate|[of] p2a: Tentacruel
|-unboost|p2a: Tentacruel|atk|1
|
|-heal|p1a: Landorus-Therian|310\/382|[from] item: Leftovers
|turn|34
|
|switch|p2a: Hippowdon|Hippowdon, M|420\/420
|-weather|Sandstorm
|move|p1a: Landorus-Therian|Earthquake|p2a: Hippowdon
|-crit|p2a: Hippowdon
|-damage|p2a: Hippowdon|240\/420
|
|-weather|Sandstorm|[upkeep]
|-heal|p1a: Landorus-Therian|333\/382|[from] item: Leftovers
|-heal|p2a: Hippowdon|266\/420|[from] item: Leftovers
|turn|35
|
|move|p1a: Landorus-Therian|Stealth Rock|p2a: Hippowdon
|-sidestart|p2: jacksonjack|move: Stealth Rock
|move|p2a: Hippowdon|Stealth Rock|p1a: Landorus-Therian
|-sidestart|p1: lil manaphy|move: Stealth Rock
|
|-weather|Sandstorm|[upkeep]
|-heal|p1a: Landorus-Therian|356\/382|[from] item: Leftovers
|-heal|p2a: Hippowdon|292\/420|[from] item: Leftovers
|turn|36
|
|move|p1a: Landorus-Therian|U-turn|p2a: Hippowdon
|-damage|p2a: Hippowdon|235\/420
|
|switch|p1a: Keldeo|Keldeo|270\/323
|-damage|p1a: Keldeo|250\/323|[from] Stealth Rock
|move|p2a: Hippowdon|Slack Off|p2a: Hippowdon
|-heal|p2a: Hippowdon|420\/420
|
|-weather|Sandstorm|[upkeep]
|-damage|p1a: Keldeo|230\/323|[from] sandstorm
|-heal|p1a: Keldeo|250\/323|[from] item: Leftovers
|turn|37
|
|switch|p2a: Tentacruel|Tentacruel, M|357\/357
|-damage|p2a: Tentacruel|313\/357|[from] Stealth Rock
|move|p1a: Keldeo|Scald|p2a: Tentacruel
|-resisted|p2a: Tentacruel
|-damage|p2a: Tentacruel|253\/357
|-status|p2a: Tentacruel|brn
|
|-weather|Sandstorm|[upkeep]
|-damage|p1a: Keldeo|230\/323|[from] sandstorm
|-damage|p2a: Tentacruel|231\/357 brn|[from] sandstorm
|-heal|p1a: Keldeo|250\/323|[from] item: Leftovers
|-heal|p2a: Tentacruel|253\/357 brn|[from] item: Black Sludge
|-damage|p2a: Tentacruel|209\/357 brn|[from] brn
|turn|38
|
|move|p1a: Keldeo|Substitute|p1a: Keldeo
|-start|p1a: Keldeo|Substitute
|-damage|p1a: Keldeo|170\/323
|move|p2a: Tentacruel|Scald|p1a: Keldeo
|-resisted|p1a: Keldeo
|-activate|p1a: Keldeo|Substitute|[damage]
|
|-weather|none
|-heal|p1a: Keldeo|190\/323|[from] item: Leftovers
|-heal|p2a: Tentacruel|231\/357 brn|[from] item: Black Sludge
|-damage|p2a: Tentacruel|187\/357 brn|[from] brn
|turn|39
|
|move|p1a: Keldeo|Calm Mind|p1a: Keldeo
|-boost|p1a: Keldeo|spa|1
|-boost|p1a: Keldeo|spd|1
|move|p2a: Tentacruel|Scald|p1a: Keldeo
|-resisted|p1a: Keldeo
|-activate|p1a: Keldeo|Substitute|[damage]
|
|-heal|p1a: Keldeo|210\/323|[from] item: Leftovers
|-heal|p2a: Tentacruel|209\/357 brn|[from] item: Black Sludge
|-damage|p2a: Tentacruel|165\/357 brn|[from] brn
|turn|40
|
|move|p1a: Keldeo|Calm Mind|p1a: Keldeo
|-boost|p1a: Keldeo|spa|1
|-boost|p1a: Keldeo|spd|1
|move|p2a: Tentacruel|Scald|p1a: Keldeo
|-resisted|p1a: Keldeo
|-end|p1a: Keldeo|Substitute
|
|-heal|p1a: Keldeo|230\/323|[from] item: Leftovers
|-heal|p2a: Tentacruel|187\/357 brn|[from] item: Black Sludge
|-damage|p2a: Tentacruel|143\/357 brn|[from] brn
|turn|41
|
|switch|p2a: Tyranitar|Tyranitar, M|215\/341
|-damage|p2a: Tyranitar|173\/341|[from] Stealth Rock
|-weather|Sandstorm
|move|p1a: Keldeo|Substitute|p1a: Keldeo
|-start|p1a: Keldeo|Substitute
|-damage|p1a: Keldeo|150\/323
|
|-weather|Sandstorm|[upkeep]
|-damage|p1a: Keldeo|130\/323|[from] sandstorm
|-heal|p1a: Keldeo|150\/323|[from] item: Leftovers
|turn|42
|
|move|p2a: Tyranitar|Earthquake|p1a: Keldeo
|-end|p1a: Keldeo|Substitute
|move|p1a: Keldeo|Secret Sword|p2a: Tyranitar
|-supereffective|p2a: Tyranitar
|-damage|p2a: Tyranitar|0 fnt
|faint|p2a: Tyranitar
|
|-weather|Sandstorm|[upkeep]
|-damage|p1a: Keldeo|130\/323|[from] sandstorm
|-heal|p1a: Keldeo|150\/323|[from] item: Leftovers
|
|switch|p2a: Charizard|Charizard-Mega-Y, F|279\/301
|-damage|p2a: Charizard|129\/301|[from] Stealth Rock
|-weather|SunnyDay
|turn|43
|
|move|p1a: Keldeo|Scald|p2a: Charizard
|-crit|p2a: Charizard
|-supereffective|p2a: Charizard
|-damage|p2a: Charizard|0 fnt
|faint|p2a: Charizard
|
|-weather|SunnyDay|[upkeep]
|-heal|p1a: Keldeo|170\/323|[from] item: Leftovers
|-message|jacksonjack forfeited.
|
|win|lil manaphy
|raw|Ladder updating...
|leave|jacksonjack
|player|p2