|join|jacksonjack
|join|ReshiramBlue
|player|p1|jacksonjack|80
|player|p2|ReshiramBlue|102
|gametype|singles
|gen|6
|tier|OU (suspect test)
|rated
|clearpoke
|poke|p1|Garchomp, F
|poke|p1|Keldeo
|poke|p1|Scizor, F
|poke|p1|Bisharp, F
|poke|p1|Latios, M
|poke|p1|Landorus-Therian, M
|poke|p2|Slowbro, F
|poke|p2|Chesnaught, M
|poke|p2|Chansey, F
|poke|p2|Heatran, F
|poke|p2|Zapdos
|poke|p2|Krookodile, F
|rule|Swagger Clause: Swagger is banned
|rule|Baton Pass Clause: Limit one PokÃ©mon knowing Baton Pass
|rule|Sleep Clause Mod: Limit one foe put to sleep
|rule|Species Clause: Limit one of each PokÃ©mon
|rule|OHKO Clause: OHKO moves are banned
|rule|Moody Clause: Moody is banned
|rule|Evasion Moves Clause: Evasion moves are banned
|rule|Endless Battle Clause: Forcing endless battles is banned
|rule|HP Percentage Mod: HP is shown in percentages
|teampreview
|c|âReshiramBlue|haiii
|
|start
|switch|p1a: Keldeo|Keldeo|323\/323
|switch|p2a: Krookodile|Krookodile, F|393\/393
|-ability|p2a: Krookodile|Intimidate|[of] p1a: Keldeo
|-unboost|p1a: Keldeo|atk|1
|turn|1
|
|switch|p2a: Slowbro|Slowbro, F|393\/393
|move|p1a: Keldeo|Scald|p2a: Slowbro
|-resisted|p2a: Slowbro
|-damage|p2a: Slowbro|288\/393
|-damage|p1a: Keldeo|291\/323|[from] item: Life Orb
|
|turn|2
|
|switch|p1a: Latios|Latios, M|302\/302
|detailschange|p2a: Slowbro|Slowbro-Mega, F
|-mega|p2a: Slowbro|Slowbro|Slowbronite
|move|p2a: Slowbro|Calm Mind|p2a: Slowbro
|-boost|p2a: Slowbro|spa|1
|-boost|p2a: Slowbro|spd|1
|
|turn|3
|
|move|p1a: Latios|Thunderbolt|p2a: Slowbro
|-supereffective|p2a: Slowbro
|-damage|p2a: Slowbro|77\/393
|-damage|p1a: Latios|272\/302|[from] item: Life Orb
|move|p2a: Slowbro|Rest|p2a: Slowbro
|-status|p2a: Slowbro|slp
|-heal|p2a: Slowbro|393\/393 slp|[silent]
|-status|p2a: Slowbro|slp|[from] move: Rest
|
|turn|4
|join|jake5
|
|switch|p2a: Heatran|Heatran, F|385\/385
|move|p1a: Latios|Thunderbolt|p2a: Heatran
|-damage|p2a: Heatran|252\/385
|-damage|p1a: Latios|242\/302|[from] item: Life Orb
|
|-heal|p2a: Heatran|276\/385|[from] item: Leftovers
|turn|5
|
|switch|p1a: Garchomp|Garchomp, F|357\/357
|move|p2a: Heatran|Stealth Rock|p1a: Garchomp
|-sidestart|p1: jacksonjack|move: Stealth Rock
|
|-heal|p2a: Heatran|300\/385|[from] item: Leftovers
|turn|6
|
|switch|p2a: Chesnaught|Chesnaught, M|380\/380
|move|p1a: Garchomp|Stealth Rock|p2a: Chesnaught
|-sidestart|p2: ReshiramBlue|move: Stealth Rock
|
|turn|7
|
|move|p1a: Garchomp|Fire Blast|p2a: Chesnaught
|-supereffective|p2a: Chesnaught
|-damage|p2a: Chesnaught|202\/380
|-status|p2a: Chesnaught|brn
|move|p2a: Chesnaught|Leech Seed|p1a: Garchomp
|-start|p1a: Garchomp|move: Leech Seed
|
|-heal|p2a: Chesnaught|225\/380 brn|[from] item: Leftovers
|-damage|p1a: Garchomp|313\/357|[from] Leech Seed|[of] p2a: Chesnaught
|-heal|p2a: Chesnaught|269\/380 brn|[silent]
|-damage|p2a: Chesnaught|222\/380 brn|[from] brn
|turn|8
|
|switch|p1a: Latios|Latios, M|242\/302
|-damage|p1a: Latios|205\/302|[from] Stealth Rock
|move|p2a: Chesnaught|Synthesis|p2a: Chesnaught
|-heal|p2a: Chesnaught|380\/380 brn
|
|-damage|p2a: Chesnaught|333\/380 brn|[from] brn
|turn|9
|
|switch|p2a: Chansey|Chansey, F|642\/642
|-damage|p2a: Chansey|562\/642|[from] Stealth Rock
|move|p1a: Latios|Psyshock|p2a: Chansey
|-damage|p2a: Chansey|315\/642
|-damage|p1a: Latios|175\/302|[from] item: Life Orb
|
|turn|10
|
|switch|p1a: Scizor|Scizor, F|286\/286
|-damage|p1a: Scizor|251\/286|[from] Stealth Rock
|move|p2a: Chansey|Soft-Boiled|p2a: Chansey
|-heal|p2a: Chansey|636\/642
|
|turn|11
|
|switch|p2a: Zapdos|Zapdos|383\/383
|-damage|p2a: Zapdos|288\/383|[from] Stealth Rock
|-ability|p2a: Zapdos|Pressure
|detailschange|p1a: Scizor|Scizor-Mega, F
|-mega|p1a: Scizor|Scizor|Scizorite
|move|p1a: Scizor|Bug Bite|p2a: Zapdos
|-resisted|p2a: Zapdos
|-damage|p2a: Zapdos|188\/383
|
|-heal|p2a: Zapdos|211\/383|[from] item: Leftovers
|turn|12
|
|switch|p1a: Latios|Latios, M|175\/302
|-damage|p1a: Latios|138\/302|[from] Stealth Rock
|move|p2a: Zapdos|Roost|p2a: Zapdos
|-heal|p2a: Zapdos|383\/383
|
|turn|13
|
|move|p1a: Latios|Draco Meteor|p2a: Zapdos
|-damage|p2a: Zapdos|78\/383
|-unboost|p1a: Latios|spa|2
|-damage|p1a: Latios|108\/302|[from] item: Life Orb
|move|p2a: Zapdos|Roost|p2a: Zapdos
|-heal|p2a: Zapdos|270\/383
|
|-heal|p2a: Zapdos|293\/383|[from] item: Leftovers
|turn|14
|
|move|p1a: Latios|Draco Meteor|p2a: Zapdos
|-damage|p2a: Zapdos|120\/383
|-unboost|p1a: Latios|spa|2
|-damage|p1a: Latios|78\/302|[from] item: Life Orb
|move|p2a: Zapdos|Heat Wave|p1a: Latios
|-resisted|p1a: Latios
|-damage|p1a: Latios|26\/302
|
|-heal|p2a: Zapdos|143\/383|[from] item: Leftovers
|turn|15
|
|move|p1a: Latios|Roost|p1a: Latios
|-heal|p1a: Latios|177\/302
|move|p2a: Zapdos|Roost|p2a: Zapdos
|-heal|p2a: Zapdos|335\/383
|
|-heal|p2a: Zapdos|358\/383|[from] item: Leftovers
|turn|16
|
|switch|p1a: Garchomp|Garchomp, F|313\/357
|-damage|p1a: Garchomp|291\/357|[from] Stealth Rock
|switch|p2a: Krookodile|Krookodile, F|393\/393
|-damage|p2a: Krookodile|369\/393|[from] Stealth Rock
|-ability|p2a: Krookodile|Intimidate|[of] p1a: Garchomp
|-unboost|p1a: Garchomp|atk|1
|
|turn|17
|
|move|p1a: Garchomp|Dragon Claw|p2a: Krookodile
|-damage|p2a: Krookodile|248\/393
|move|p2a: Krookodile|Earthquake|p1a: Garchomp
|-damage|p1a: Garchomp|0 fnt
|faint|p1a: Garchomp
|
|
|switch|p1a: Keldeo|Keldeo|291\/323
|-damage|p1a: Keldeo|271\/323|[from] Stealth Rock
|turn|18
|
|switch|p2a: Chansey|Chansey, F|636\/642
|-damage|p2a: Chansey|556\/642|[from] Stealth Rock
|move|p1a: Keldeo|Hydro Pump|p2a: Chansey
|-damage|p2a: Chansey|427\/642
|-damage|p1a: Keldeo|239\/323|[from] item: Life Orb
|
|turn|19
|
|switch|p2a: Zapdos|Zapdos|358\/383
|-damage|p2a: Zapdos|263\/383|[from] Stealth Rock
|-ability|p2a: Zapdos|Pressure
|move|p1a: Keldeo|Secret Sword|p2a: Zapdos
|-resisted|p2a: Zapdos
|-damage|p2a: Zapdos|169\/383
|-damage|p1a: Keldeo|207\/323|[from] item: Life Orb
|
|-heal|p2a: Zapdos|192\/383|[from] item: Leftovers
|turn|20
|
|switch|p2a: Slowbro|Slowbro-Mega, F|393\/393 slp
|-damage|p2a: Slowbro|344\/393 slp|[from] Stealth Rock
|move|p1a: Keldeo|Hydro Pump|p2a: Slowbro
|-resisted|p2a: Slowbro
|-damage|p2a: Slowbro|192\/393 slp
|-damage|p1a: Keldeo|175\/323|[from] item: Life Orb
|
|turn|21
|
|move|p1a: Keldeo|Hydro Pump|p2a: Slowbro
|-resisted|p2a: Slowbro
|-damage|p2a: Slowbro|45\/393 slp
|-damage|p1a: Keldeo|143\/323|[from] item: Life Orb
|cant|p2a: Slowbro|slp
|move|p2a: Slowbro|Sleep Talk|p2a: Slowbro
|move|p2a: Slowbro|Calm Mind|p2a: Slowbro|[from]Sleep Talk
|-boost|p2a: Slowbro|spa|1
|-boost|p2a: Slowbro|spd|1
|
|turn|22
|
|move|p1a: Keldeo|Secret Sword|p2a: Slowbro
|-resisted|p2a: Slowbro
|-damage|p2a: Slowbro|1\/393 slp
|-damage|p1a: Keldeo|111\/323|[from] item: Life Orb
|cant|p2a: Slowbro|slp
|
|turn|23
|
|move|p1a: Keldeo|Secret Sword|p2a: Slowbro
|-resisted|p2a: Slowbro
|-damage|p2a: Slowbro|0 fnt
|-damage|p1a: Keldeo|79\/323|[from] item: Life Orb
|faint|p2a: Slowbro
|
|
|switch|p2a: Chesnaught|Chesnaught, M|333\/380 brn
|-damage|p2a: Chesnaught|310\/380 brn|[from] Stealth Rock
|turn|24
|
|switch|p1a: Latios|Latios, M|177\/302
|-damage|p1a: Latios|140\/302|[from] Stealth Rock
|move|p2a: Chesnaught|Leech Seed|p1a: Latios
|-start|p1a: Latios|move: Leech Seed
|
|-heal|p2a: Chesnaught|333\/380 brn|[from] item: Leftovers
|-damage|p1a: Latios|103\/302|[from] Leech Seed|[of] p2a: Chesnaught
|-heal|p2a: Chesnaught|370\/380 brn|[silent]
|-damage|p2a: Chesnaught|323\/380 brn|[from] brn
|turn|25
|
|move|p2a: Chesnaught|Spiky Shield|p2a: Chesnaught
|-singleturn|p2a: Chesnaught|move: Protect
|move|p1a: Latios|Roost|p1a: Latios
|-heal|p1a: Latios|254\/302
|
|-heal|p2a: Chesnaught|346\/380 brn|[from] item: Leftovers
|-damage|p1a: Latios|217\/302|[from] Leech Seed|[of] p2a: Chesnaught
|-heal|p2a: Chesnaught|380\/380 brn|[silent]
|-damage|p2a: Chesnaught|333\/380 brn|[from] brn
|turn|26
|
|switch|p1a: Keldeo|Keldeo|79\/323
|-damage|p1a: Keldeo|59\/323|[from] Stealth Rock
|switch|p2a: Heatran|Heatran, F|300\/385
|-damage|p2a: Heatran|252\/385|[from] Stealth Rock
|
|-heal|p2a: Heatran|276\/385|[from] item: Leftovers
|turn|27
|
|switch|p2a: Chesnaught|Chesnaught, M|333\/380 brn
|-damage|p2a: Chesnaught|310\/380 brn|[from] Stealth Rock
|move|p1a: Keldeo|Secret Sword|p2a: Chesnaught
|-damage|p2a: Chesnaught|177\/380 brn
|-damage|p1a: Keldeo|27\/323|[from] item: Life Orb
|
|-heal|p2a: Chesnaught|200\/380 brn|[from] item: Leftovers
|-damage|p2a: Chesnaught|153\/380 brn|[from] brn
|turn|28
|
|switch|p2a: Chansey|Chansey, F|427\/642
|-damage|p2a: Chansey|347\/642|[from] Stealth Rock
|move|p1a: Keldeo|Icy Wind|p2a: Chansey
|-miss|p1a: Keldeo|p2a: Chansey
|
|turn|29
|
|switch|p2a: Krookodile|Krookodile, F|248\/393
|-damage|p2a: Krookodile|224\/393|[from] Stealth Rock
|-ability|p2a: Krookodile|Intimidate|[of] p1a: Keldeo
|-unboost|p1a: Keldeo|atk|1
|move|p1a: Keldeo|Secret Sword|p2a: Krookodile
|-supereffective|p2a: Krookodile
|-damage|p2a: Krookodile|0 fnt
|-damage|p1a: Keldeo|0 fnt|[from] item: Life Orb
|faint|p2a: Krookodile
|faint|p1a: Keldeo
|
|
|switch|p1a: Bisharp|Bisharp, F|271\/271
|switch|p2a: Chansey|Chansey, F|347\/642
|-damage|p1a: Bisharp|255\/271|[from] Stealth Rock
|-damage|p2a: Chansey|267\/642|[from] Stealth Rock
|turn|30
|
|switch|p2a: Zapdos|Zapdos|192\/383
|-damage|p2a: Zapdos|97\/383|[from] Stealth Rock
|-ability|p2a: Zapdos|Pressure
|move|p1a: Bisharp|Swords Dance|p1a: Bisharp
|-boost|p1a: Bisharp|atk|2
|
|-heal|p2a: Zapdos|120\/383|[from] item: Leftovers
|turn|31
|join|zombie dragons
|
|move|p1a: Bisharp|Knock Off|p2a: Zapdos
|-damage|p2a: Zapdos|0 fnt
|-enditem|p2a: Zapdos|Leftovers|[from] move: Knock Off|[of] p1a: Bisharp
|-damage|p1a: Bisharp|228\/271|[from] item: Life Orb
|faint|p2a: Zapdos
|
|
|switch|p2a: Heatran|Heatran, F|276\/385
|-damage|p2a: Heatran|228\/385|[from] Stealth Rock
|turn|32
|
|move|p1a: Bisharp|Knock Off|p2a: Heatran
|-damage|p2a: Heatran|0 fnt
|-enditem|p2a: Heatran|Leftovers|[from] move: Knock Off|[of] p1a: Bisharp
|-damage|p1a: Bisharp|201\/271|[from] item: Life Orb
|faint|p2a: Heatran
|
|-message|ReshiramBlue forfeited.
|
|win|jacksonjack
|raw|Ladder updating...
|leave|ReshiramBlue
|player|p2
|c| zombie dragons|holy damn lol
|raw|jacksonjack's rating: 1545 &rarr; <strong>1556<\/strong><br \/>(+11 for winning)
|raw|ReshiramBlue's rating: 1374 &rarr; <strong>1363<\/strong><br \/>(-11 for losing)
|leave|jacksonjack
|player|p1
|c| zombie dragons|that did too much
|leave|zombie dragons