|join|Getting reqs ez pz
|join|jacksonjack
|player|p1|Getting reqs ez pz|143
|player|p2|jacksonjack|80
|gametype|singles
|gen|6
|tier|OU (suspect test)
|rated
|clearpoke
|poke|p1|Tornadus-Therian, M
|poke|p1|Heracross, F
|poke|p1|Landorus-Therian, M
|poke|p1|Terrakion
|poke|p1|Heatran, F
|poke|p1|Latios, M
|poke|p2|Azumarill, F
|poke|p2|Talonflame, M
|poke|p2|Landorus-Therian, M
|poke|p2|Ferrothorn, F
|poke|p2|Heracross, F
|poke|p2|Latias, F
|rule|Swagger Clause: Swagger is banned
|rule|Baton Pass Clause: Limit one PokÃ©mon knowing Baton Pass
|rule|Sleep Clause Mod: Limit one foe put to sleep
|rule|Species Clause: Limit one of each PokÃ©mon
|rule|OHKO Clause: OHKO moves are banned
|rule|Moody Clause: Moody is banned
|rule|Evasion Moves Clause: Evasion moves are banned
|rule|Endless Battle Clause: Forcing endless battles is banned
|rule|HP Percentage Mod: HP is reported as percentages
|teampreview
|
|start
|switch|p1a: Heracross|Heracross, F|302\/302
|switch|p2a: Heracross|Heracross, F|301\/301
|turn|1
|
|detailschange|p2a: Heracross|Heracross-Mega, F
|message|Heracross has Mega Evolved into Mega Heracross!
|detailschange|p1a: Heracross|Heracross-Mega, F
|message|Heracross has Mega Evolved into Mega Heracross!
|move|p1a: Heracross|Rock Blast|p2a: Heracross
|-damage|p2a: Heracross|269\/301
|-damage|p2a: Heracross|235\/301
|-damage|p2a: Heracross|199\/301
|-damage|p2a: Heracross|163\/301
|-damage|p2a: Heracross|130\/301
|-hitcount|p2a: Heracross|5
|move|p2a: Heracross|Rock Blast|p1a: Heracross
|-damage|p1a: Heracross|265\/302
|-damage|p1a: Heracross|232\/302
|-damage|p1a: Heracross|197\/302
|-damage|p1a: Heracross|160\/302
|-damage|p1a: Heracross|127\/302
|-hitcount|p1a: Heracross|5
|
|turn|2
|
|switch|p2a: Landorus-Therian|Landorus-Therian, M|369\/369
|-ability|p2a: Landorus-Therian|Intimidate|[of] p1a: Heracross
|-unboost|p1a: Heracross|atk|1
|move|p1a: Heracross|Rock Blast|p2a: Landorus-Therian
|-damage|p2a: Landorus-Therian|347\/369
|-damage|p2a: Landorus-Therian|324\/369
|-damage|p2a: Landorus-Therian|302\/369
|-damage|p2a: Landorus-Therian|279\/369
|-damage|p2a: Landorus-Therian|259\/369
|-hitcount|p2a: Landorus-Therian|5
|
|-heal|p2a: Landorus-Therian|282\/369|[from] item: Leftovers
|turn|3
|
|move|p1a: Heracross|Swords Dance|p1a: Heracross
|-boost|p1a: Heracross|atk|2
|move|p2a: Landorus-Therian|Stealth Rock|p1a: Heracross
|-sidestart|p1: Getting reqs ez pz|move: Stealth Rock
|
|-heal|p2a: Landorus-Therian|305\/369|[from] item: Leftovers
|turn|4
|
|move|p1a: Heracross|Rock Blast|p2a: Landorus-Therian
|-damage|p2a: Landorus-Therian|260\/369
|-damage|p2a: Landorus-Therian|210\/369
|-crit|p2a: Landorus-Therian
|-damage|p2a: Landorus-Therian|144\/369
|-damage|p2a: Landorus-Therian|100\/369
|-damage|p2a: Landorus-Therian|57\/369
|-hitcount|p2a: Landorus-Therian|5
|move|p2a: Landorus-Therian|U-turn|p1a: Heracross
|-resisted|p1a: Heracross
|-damage|p1a: Heracross|96\/302
|
|switch|p2a: Talonflame|Talonflame, M|324\/324
|
|turn|5
|
|switch|p1a: Heatran|Heatran, F|386\/386
|-damage|p1a: Heatran|338\/386|[from] Stealth Rock
|move|p2a: Talonflame|Brave Bird|p1a: Heatran
|-resisted|p1a: Heatran
|-damage|p1a: Heatran|244\/386
|-damage|p2a: Talonflame|293\/324|[from] recoil|[of] p1a: Heatran
|
|-heal|p1a: Heatran|268\/386|[from] item: Leftovers
|turn|6
|
|switch|p2a: Landorus-Therian|Landorus-Therian, M|57\/369
|-ability|p2a: Landorus-Therian|Intimidate|[of] p1a: Heatran
|-unboost|p1a: Heatran|atk|1
|move|p1a: Heatran|Stealth Rock|p2a: Landorus-Therian
|-sidestart|p2: jacksonjack|move: Stealth Rock
|
|-heal|p2a: Landorus-Therian|80\/369|[from] item: Leftovers
|-heal|p1a: Heatran|292\/386|[from] item: Leftovers
|turn|7
|
|switch|p1a: Landorus-Therian|Landorus-Therian, M|320\/320
|-damage|p1a: Landorus-Therian|280\/320|[from] Stealth Rock
|-ability|p1a: Landorus-Therian|Intimidate|[of] p2a: Landorus-Therian
|-unboost|p2a: Landorus-Therian|atk|1
|move|p2a: Landorus-Therian|U-turn|p1a: Landorus-Therian
|-resisted|p1a: Landorus-Therian
|-damage|p1a: Landorus-Therian|252\/320
|
|switch|p2a: Azumarill|Azumarill, F|401\/401
|-damage|p2a: Azumarill|351\/401|[from] Stealth Rock
|
|turn|8
|
|switch|p1a: Heracross|Heracross-Mega, F|96\/302
|-damage|p1a: Heracross|59\/302|[from] Stealth Rock
|move|p2a: Azumarill|Play Rough|p1a: Heracross
|-supereffective|p1a: Heracross
|-damage|p1a: Heracross|0 fnt
|faint|p1a: Heracross
|
|
|switch|p1a: Latios|Latios, M|302\/302
|-damage|p1a: Latios|265\/302|[from] Stealth Rock
|turn|9
|
|move|p1a: Latios|Thunderbolt|p2a: Azumarill
|-supereffective|p2a: Azumarill
|-damage|p2a: Azumarill|112\/401
|-damage|p1a: Latios|235\/302|[from] item: Life Orb
|move|p2a: Azumarill|Knock Off|p1a: Latios
|-supereffective|p1a: Latios
|-damage|p1a: Latios|0 fnt
|-enditem|p1a: Latios|Life Orb|[from] move: Knock Off|[of] p2a: Azumarill
|faint|p1a: Latios
|
|
|switch|p1a: Landorus-Therian|Landorus-Therian, M|252\/320
|-damage|p1a: Landorus-Therian|212\/320|[from] Stealth Rock
|-ability|p1a: Landorus-Therian|Intimidate|[of] p2a: Azumarill
|-unboost|p2a: Azumarill|atk|1
|turn|10
|
|move|p2a: Azumarill|Aqua Jet|p1a: Landorus-Therian
|-supereffective|p1a: Landorus-Therian
|-damage|p1a: Landorus-Therian|80\/320
|move|p1a: Landorus-Therian|Earthquake|p2a: Azumarill
|-damage|p2a: Azumarill|0 fnt
|faint|p2a: Azumarill
|
|
|switch|p2a: Heracross|Heracross-Mega, F|130\/301
|-damage|p2a: Heracross|93\/301|[from] Stealth Rock
|turn|11
|
|move|p1a: Landorus-Therian|Earthquake|p2a: Heracross
|-resisted|p2a: Heracross
|-damage|p2a: Heracross|6\/301
|move|p2a: Heracross|Rock Blast|p1a: Landorus-Therian
|-damage|p1a: Landorus-Therian|36\/320
|-damage|p1a: Landorus-Therian|0 fnt
|-hitcount|p1a: Landorus-Therian|2
|faint|p1a: Landorus-Therian
|
|
|switch|p1a: Tornadus-Therian|Tornadus-Therian, M|330\/330
|-damage|p1a: Tornadus-Therian|248\/330|[from] Stealth Rock
|turn|12
|
|move|p1a: Tornadus-Therian|U-turn|p2a: Heracross
|-resisted|p2a: Heracross
|-damage|p2a: Heracross|0 fnt
|faint|p2a: Heracross
|
|switch|p1a: Terrakion|Terrakion|323\/323
|-damage|p1a: Terrakion|303\/323|[from] Stealth Rock
|
|
|switch|p2a: Latias|Latias, F|319\/319
|-damage|p2a: Latias|280\/319|[from] Stealth Rock
|turn|13
|
|switch|p1a: Heatran|Heatran, F|292\/386
|-damage|p1a: Heatran|244\/386|[from] Stealth Rock
|move|p2a: Latias|Defog|p1a: Heatran
|-unboost|p1a: Heatran|evasion|1
|-sideend|p1: Getting reqs ez pz|Stealth Rock|[from] move: Defog|[of] p1a: Heatran
|-sideend|p2: jacksonjack|Stealth Rock|[from] move: Defog|[of] p2a: Latias
|
|-heal|p1a: Heatran|268\/386|[from] item: Leftovers
|turn|14
|
|move|p2a: Latias|Draco Meteor|p1a: Heatran
|-resisted|p1a: Heatran
|-damage|p1a: Heatran|176\/386
|-unboost|p2a: Latias|spa|2
|-damage|p2a: Latias|249\/319|[from] item: Life Orb
|move|p1a: Heatran|Stealth Rock|p2a: Latias
|-sidestart|p2: jacksonjack|move: Stealth Rock
|
|-heal|p1a: Heatran|200\/386|[from] item: Leftovers
|turn|15
|
|move|p2a: Latias|Draco Meteor|p1a: Heatran
|-crit|p1a: Heatran
|-resisted|p1a: Heatran
|-damage|p1a: Heatran|67\/386
|-unboost|p2a: Latias|spa|2
|-damage|p2a: Latias|218\/319|[from] item: Life Orb
|move|p1a: Heatran|Taunt|p2a: Latias
|-start|p2a: Latias|move: Taunt
|
|-heal|p1a: Heatran|91\/386|[from] item: Leftovers
|turn|16
|
|switch|p2a: Ferrothorn|Ferrothorn, F|352\/352
|-damage|p2a: Ferrothorn|330\/352|[from] Stealth Rock
|move|p1a: Heatran|Protect|p1a: Heatran
|-fail|p1a: Heatran
|
|-heal|p1a: Heatran|115\/386|[from] item: Leftovers
|-heal|p2a: Ferrothorn|352\/352|[from] item: Leftovers
|turn|17
|
|move|p1a: Heatran|Lava Plume|p2a: Ferrothorn
|-crit|p2a: Ferrothorn
|-supereffective|p2a: Ferrothorn
|-damage|p2a: Ferrothorn|0 fnt
|faint|p2a: Ferrothorn
|
|-heal|p1a: Heatran|139\/386|[from] item: Leftovers
|
|switch|p2a: Landorus-Therian|Landorus-Therian, M|80\/369
|-damage|p2a: Landorus-Therian|34\/369|[from] Stealth Rock
|-ability|p2a: Landorus-Therian|Intimidate|[of] p1a: Heatran
|-unboost|p1a: Heatran|atk|1
|turn|18
|
|switch|p1a: Tornadus-Therian|Tornadus-Therian, M|330\/330
|move|p2a: Landorus-Therian|Rock Slide|p1a: Tornadus-Therian
|-supereffective|p1a: Tornadus-Therian
|-damage|p1a: Tornadus-Therian|126\/330
|
|-heal|p2a: Landorus-Therian|57\/369|[from] item: Leftovers
|turn|19
|
|move|p1a: Tornadus-Therian|Knock Off|p2a: Landorus-Therian
|-damage|p2a: Landorus-Therian|0 fnt
|-enditem|p2a: Landorus-Therian|Leftovers|[from] move: Knock Off|[of] p1a: Tornadus-Therian
|faint|p2a: Landorus-Therian
|
|
|switch|p2a: Talonflame|Talonflame, M|293\/324
|-damage|p2a: Talonflame|131\/324|[from] Stealth Rock
|turn|20
|
|switch|p1a: Heatran|Heatran, F|139\/386
|move|p2a: Talonflame|Swords Dance|p2a: Talonflame
|-boost|p2a: Talonflame|atk|2
|
|-heal|p1a: Heatran|163\/386|[from] item: Leftovers
|turn|21
|
|move|p2a: Talonflame|Brave Bird|p1a: Heatran
|-resisted|p1a: Heatran
|-damage|p1a: Heatran|0 fnt
|-damage|p2a: Talonflame|77\/324|[from] recoil|[of] p1a: Heatran
|faint|p1a: Heatran
|
|
|switch|p1a: Terrakion|Terrakion|303\/323
|turn|22
|
|switch|p1a: Tornadus-Therian|Tornadus-Therian, M|236\/330
|move|p2a: Talonflame|Brave Bird|p1a: Tornadus-Therian
|-crit|p1a: Tornadus-Therian
|-damage|p1a: Tornadus-Therian|0 fnt
|-damage|p2a: Talonflame|0 fnt|[from] recoil|[of] p1a: Tornadus-Therian
|faint|p1a: Tornadus-Therian
|faint|p2a: Talonflame
|
|
|switch|p1a: Terrakion|Terrakion|303\/323
|switch|p2a: Latias|Latias, F|218\/319
|-damage|p2a: Latias|179\/319|[from] Stealth Rock
|turn|23
|
|move|p1a: Terrakion|X-Scissor|p2a: Latias
|-supereffective|p2a: Latias
|-damage|p2a: Latias|0 fnt
|faint|p2a: Latias
|
|win|Getting reqs ez pz
|raw|Ladder updating...
|raw|Getting reqs ez pz's rating: 1153 &rarr; <strong>1185<\/strong><br \/>(+32 for winning)
|raw|jacksonjack's rating: 1242 &rarr; <strong>1211<\/strong><br \/>(-31 for losing)
|leave|jacksonjack