|join|Banded Slowbro
|join|This Many Fucks
|player|p1|Banded Slowbro|209
|player|p2|This Many Fucks|172
|gametype|singles
|gen|6
|tier|UU
|rated
|rule|Sleep Clause Mod: Limit one foe put to sleep
|rule|Species Clause: Limit one of each Pokemon
|rule|OHKO Clause: OHKO moves are banned
|rule|Moody Clause: Moody is banned
|rule|Evasion Moves Clause: Evasion moves are banned
|rule|Endless Battle Clause: Forcing endless battles is banned.
|rule|HP Percentage Mod: HP is reported as percentages
|clearpoke
|poke|p1|Infernape, M
|poke|p1|Jirachi
|poke|p1|Blissey, F
|poke|p1|Mew
|poke|p1|Blastoise, M
|poke|p1|Shaymin
|poke|p2|Alakazam, M
|poke|p2|Arcanine, F
|poke|p2|Florges, F
|poke|p2|Doublade, F
|poke|p2|Azelf
|poke|p2|Crobat, F
|teampreview
|
|start
|switch|p1a: Mew|Mew|404\/404
|switch|p2a: Frodo Swaggins|Azelf|291\/291
|turn|1
|
|move|p2a: Frodo Swaggins|Taunt|p1a: Mew
|-start|p1a: Mew|move: Taunt
|cant|p1a: Mew|move: Taunt|Stealth Rock
|
|turn|2
|
|switch|p1a: Blastoise|Blastoise, M|362\/362
|move|p2a: Frodo Swaggins|Knock Off|p1a: Blastoise
|-damage|p1a: Blastoise|280\/362
|
|turn|3
|
|switch|p2a: Freya|Florges, F|360\/360
|detailschange|p1a: Blastoise|Blastoise-Mega, M
|message|Blastoise has Mega Evolved into Mega Blastoise!
|move|p1a: Blastoise|Dark Pulse|p2a: Freya
|-resisted|p2a: Freya
|-damage|p2a: Freya|301\/360
|
|-heal|p2a: Freya|323\/360|[from] item: Leftovers
|turn|4
|
|switch|p1a: Jirachi|Jirachi|404\/404
|switch|p2a: Lionheart|Arcanine, F|384\/384
|-ability|p2a: Lionheart|Intimidate|[of] p1a: Jirachi
|-unboost|p1a: Jirachi|atk|1
|
|turn|5
|
|move|p1a: Jirachi|Thunder Wave|p2a: Lionheart
|-status|p2a: Lionheart|par
|move|p2a: Lionheart|Will-O-Wisp|p1a: Jirachi|[miss]
|-miss|p2a: Lionheart|p1a: Jirachi
|
|turn|6
|
|switch|p1a: Blastoise|Blastoise-Mega, M|280\/362
|move|p2a: Lionheart|Flare Blitz|p1a: Blastoise
|-resisted|p1a: Blastoise
|-damage|p1a: Blastoise|220\/362
|-damage|p2a: Lionheart|364\/384 par|[from] recoil|[of] p1a: Blastoise
|
|turn|7
|
|switch|p2a: Freya|Florges, F|323\/360
|move|p1a: Blastoise|Scald|p2a: Freya
|-damage|p2a: Freya|221\/360
|
|-heal|p2a: Freya|243\/360|[from] item: Leftovers
|turn|8
|
|switch|p1a: Blissey|Blissey, F|652\/652
|move|p2a: Freya|Aromatherapy|p2a: Freya
|-cureteam|p2a: Freya|[from] move: Aromatherapy
|
|-heal|p2a: Freya|265\/360|[from] item: Leftovers
|turn|9
|
|move|p2a: Freya|Wish|p2a: Freya
|move|p1a: Blissey|Toxic|p2a: Freya|[miss]
|-miss|p1a: Blissey|p2a: Freya
|
|-heal|p2a: Freya|287\/360|[from] item: Leftovers
|turn|10
|
|switch|p2a: Venetia Shield|Doublade, F|322\/322
|switch|p1a: Mew|Mew|404\/404
|
|turn|11
|
|move|p2a: Venetia Shield|Shadow Sneak|p1a: Mew
|-supereffective|p1a: Mew
|-damage|p1a: Mew|300\/404
|move|p1a: Mew|Will-O-Wisp|p2a: Venetia Shield
|-status|p2a: Venetia Shield|brn
|
|-heal|p1a: Mew|325\/404|[from] item: Leftovers
|-damage|p2a: Venetia Shield|282\/322 brn|[from] brn
|turn|12
|
|switch|p2a: Freya|Florges, F|287\/360
|move|p1a: Mew|Stealth Rock|p2a: Freya
|-sidestart|p2: This Many Fucks|move: Stealth Rock
|
|-heal|p1a: Mew|350\/404|[from] item: Leftovers
|-heal|p2a: Freya|309\/360|[from] item: Leftovers
|turn|13
|
|switch|p1a: Jirachi|Jirachi|404\/404
|move|p2a: Freya|Aromatherapy|p2a: Freya
|-cureteam|p2a: Freya|[from] move: Aromatherapy
|
|-heal|p2a: Freya|331\/360|[from] item: Leftovers
|turn|14
|
|switch|p2a: Lionheart|Arcanine, F|364\/384
|-damage|p2a: Lionheart|268\/384|[from] Stealth Rock
|-ability|p2a: Lionheart|Intimidate|[of] p1a: Jirachi
|-unboost|p1a: Jirachi|atk|1
|move|p1a: Jirachi|Substitute|p1a: Jirachi
|-start|p1a: Jirachi|Substitute
|-damage|p1a: Jirachi|303\/404
|
|-heal|p1a: Jirachi|328\/404|[from] item: Leftovers
|turn|15
|
|move|p1a: Jirachi|Thunder Wave|p2a: Lionheart
|-status|p2a: Lionheart|par
|cant|p2a: Lionheart|par
|
|-heal|p1a: Jirachi|353\/404|[from] item: Leftovers
|turn|16
|
|switch|p1a: Blastoise|Blastoise-Mega, M|220\/362
|cant|p2a: Lionheart|par
|
|turn|17
|
|switch|p2a: Freya|Florges, F|331\/360
|-damage|p2a: Freya|286\/360|[from] Stealth Rock
|move|p1a: Blastoise|Scald|p2a: Freya
|-damage|p2a: Freya|166\/360
|-status|p2a: Freya|brn
|
|-heal|p2a: Freya|188\/360 brn|[from] item: Leftovers
|-damage|p2a: Freya|143\/360 brn|[from] brn
|turn|18
|
|switch|p1a: Jirachi|Jirachi|353\/404
|move|p2a: Freya|Aromatherapy|p2a: Freya
|-cureteam|p2a: Freya|[from] move: Aromatherapy
|
|-heal|p1a: Jirachi|378\/404|[from] item: Leftovers
|-heal|p2a: Freya|165\/360|[from] item: Leftovers
|turn|19
|
|switch|p2a: Venetia Shield|Doublade, F|282\/322
|-damage|p2a: Venetia Shield|262\/322|[from] Stealth Rock
|move|p1a: Jirachi|Thunder Wave|p2a: Venetia Shield
|-status|p2a: Venetia Shield|par
|
|-heal|p1a: Jirachi|403\/404|[from] item: Leftovers
|turn|20
|
|switch|p1a: Blastoise|Blastoise-Mega, M|220\/362
|move|p2a: Venetia Shield|Gyro Ball|p1a: Blastoise
|-resisted|p1a: Blastoise
|-damage|p1a: Blastoise|115\/362
|
|turn|21
|
|switch|p2a: Freya|Florges, F|165\/360
|-damage|p2a: Freya|120\/360|[from] Stealth Rock
|move|p1a: Blastoise|Dark Pulse|p2a: Freya
|-resisted|p2a: Freya
|-damage|p2a: Freya|68\/360
|
|-heal|p2a: Freya|90\/360|[from] item: Leftovers
|turn|22
|
|switch|p1a: Jirachi|Jirachi|403\/404
|move|p2a: Freya|Protect|p2a: Freya
|-fail|p2a: Freya
|
|-heal|p1a: Jirachi|404\/404|[from] item: Leftovers
|-heal|p2a: Freya|112\/360|[from] item: Leftovers
|turn|23
|
|move|p1a: Jirachi|Substitute|p1a: Jirachi
|-start|p1a: Jirachi|Substitute
|-damage|p1a: Jirachi|303\/404
|move|p2a: Freya|Wish|p2a: Freya
|
|-heal|p1a: Jirachi|328\/404|[from] item: Leftovers
|-heal|p2a: Freya|134\/360|[from] item: Leftovers
|turn|24
|
|move|p2a: Freya|Protect|p2a: Freya
|-singleturn|p2a: Freya|Protect
|move|p1a: Jirachi|Thunder Wave|p2a: Freya
|-activate|p2a: Freya|Protect
|
|-heal|p2a: Freya|314\/360|[from] move: Wish|[wisher] Freya
|-heal|p1a: Jirachi|353\/404|[from] item: Leftovers
|-heal|p2a: Freya|336\/360|[from] item: Leftovers
|turn|25
|
|switch|p2a: Venetia Shield|Doublade, F|262\/322 par
|-damage|p2a: Venetia Shield|242\/322 par|[from] Stealth Rock
|move|p1a: Jirachi|Thunder Wave|p2a: Venetia Shield
|-fail|p2a: Venetia Shield|par
|
|-heal|p1a: Jirachi|378\/404|[from] item: Leftovers
|turn|26
|
|move|p2a: Venetia Shield|Shadow Sneak|p1a: Jirachi
|-supereffective|p1a: Jirachi
|-end|p1a: Jirachi|Substitute
|move|p1a: Jirachi|Fire Punch|p2a: Venetia Shield
|-supereffective|p2a: Venetia Shield
|-damage|p2a: Venetia Shield|160\/322 par
|
|-heal|p1a: Jirachi|403\/404|[from] item: Leftovers
|turn|27
|
|switch|p1a: Blissey|Blissey, F|652\/652
|move|p2a: Venetia Shield|Shadow Sneak|p1a: Blissey
|-immune|p1a: Blissey|[msg]
|
|turn|28
|
|move|p1a: Blissey|Wish|p1a: Blissey
|move|p2a: Venetia Shield|Swords Dance|p2a: Venetia Shield
|-boost|p2a: Venetia Shield|atk|2
|
|turn|29
|
|switch|p1a: Blastoise|Blastoise-Mega, M|115\/362
|move|p2a: Venetia Shield|Gyro Ball|p1a: Blastoise
|-resisted|p1a: Blastoise
|-damage|p1a: Blastoise|0 fnt
|faint|p1a: Blastoise
|
|
|switch|p1a: Shaymin|Shaymin|341\/341
|turn|30
|
|switch|p2a: Bloodsugar|Crobat, F|311\/311
|-damage|p2a: Bloodsugar|234\/311|[from] Stealth Rock
|move|p1a: Shaymin|Earth Power|p2a: Bloodsugar
|-immune|p2a: Bloodsugar|[msg]
|
|-heal|p2a: Bloodsugar|253\/311|[from] item: Black Sludge
|turn|31
|
|switch|p1a: Jirachi|Jirachi|403\/404
|move|p2a: Bloodsugar|Defog|p1a: Jirachi
|-unboost|p1a: Jirachi|evasion|1
|-sideend|p2: This Many Fucks|Stealth Rock|[from] move: Defog|[of] p2a: Bloodsugar
|
|-heal|p2a: Bloodsugar|272\/311|[from] item: Black Sludge
|-heal|p1a: Jirachi|404\/404|[from] item: Leftovers
|turn|32
|
|move|p2a: Bloodsugar|U-turn|p1a: Jirachi
|-damage|p1a: Jirachi|342\/404
|
|switch|p2a: Lionheart|Arcanine, F|268\/384
|-ability|p2a: Lionheart|Intimidate|[of] p1a: Jirachi
|-unboost|p1a: Jirachi|atk|1
|move|p1a: Jirachi|Substitute|p1a: Jirachi
|-start|p1a: Jirachi|Substitute
|-damage|p1a: Jirachi|241\/404
|
|-heal|p1a: Jirachi|266\/404|[from] item: Leftovers
|turn|33
|
|move|p1a: Jirachi|Thunder Wave|p2a: Lionheart
|-status|p2a: Lionheart|par
|move|p2a: Lionheart|Flare Blitz|p1a: Jirachi
|-supereffective|p1a: Jirachi
|-end|p1a: Jirachi|Substitute
|-damage|p2a: Lionheart|235\/384 par|[from] recoil|[of] p1a: Jirachi
|
|-heal|p1a: Jirachi|291\/404|[from] item: Leftovers
|turn|34
|
|move|p1a: Jirachi|Substitute|p1a: Jirachi
|-start|p1a: Jirachi|Substitute
|-damage|p1a: Jirachi|190\/404
|move|p2a: Lionheart|Flare Blitz|p1a: Jirachi
|-supereffective|p1a: Jirachi
|-end|p1a: Jirachi|Substitute
|-damage|p2a: Lionheart|202\/384 par|[from] recoil|[of] p1a: Jirachi
|
|-heal|p1a: Jirachi|215\/404|[from] item: Leftovers
|turn|35
|
|move|p1a: Jirachi|Substitute|p1a: Jirachi
|-start|p1a: Jirachi|Substitute
|-damage|p1a: Jirachi|114\/404
|cant|p2a: Lionheart|par
|
|-heal|p1a: Jirachi|139\/404|[from] item: Leftovers
|turn|36
|
|move|p1a: Jirachi|Iron Head|p2a: Lionheart
|-resisted|p2a: Lionheart
|-damage|p2a: Lionheart|164\/384 par
|-damage|p1a: Jirachi|72\/404|[from] item: Rocky Helmet|[of] p2a: Lionheart
|cant|p2a: Lionheart|par
|
|-heal|p1a: Jirachi|97\/404|[from] item: Leftovers
|turn|37
|
|switch|p1a: Mew|Mew|350\/404
|cant|p2a: Lionheart|par
|
|-heal|p1a: Mew|375\/404|[from] item: Leftovers
|turn|38
|
|move|p1a: Mew|Stealth Rock|p2a: Lionheart
|-sidestart|p2: This Many Fucks|move: Stealth Rock
|move|p2a: Lionheart|Morning Sun|p2a: Lionheart
|-heal|p2a: Lionheart|356\/384 par
|
|-heal|p1a: Mew|400\/404|[from] item: Leftovers
|turn|39
|
|move|p1a: Mew|Will-O-Wisp|p2a: Lionheart|[miss]
|-miss|p1a: Mew|p2a: Lionheart
|move|p2a: Lionheart|Will-O-Wisp|p1a: Mew
|-status|p1a: Mew|brn
|
|-heal|p1a: Mew|404\/404 brn|[from] item: Leftovers
|-damage|p1a: Mew|354\/404 brn|[from] brn
|turn|40
|
|switch|p1a: Blissey|Blissey, F|652\/652
|switch|p2a: Freya|Florges, F|336\/360
|-damage|p2a: Freya|291\/360|[from] Stealth Rock
|
|-heal|p2a: Freya|313\/360|[from] item: Leftovers
|turn|41
|
|move|p2a: Freya|Wish|p2a: Freya
|move|p1a: Blissey|Wish|p1a: Blissey
|
|-heal|p2a: Freya|335\/360|[from] item: Leftovers
|turn|42
|
|switch|p2a: Venetia Shield|Doublade, F|160\/322 par
|-damage|p2a: Venetia Shield|140\/322 par|[from] Stealth Rock
|switch|p1a: Jirachi|Jirachi|97\/404
|
|-heal|p2a: Venetia Shield|320\/322 par|[from] move: Wish|[wisher] Freya
|-heal|p1a: Jirachi|404\/404|[from] move: Wish|[wisher] Blissey
|turn|43
|
|switch|p1a: Shaymin|Shaymin|341\/341
|cant|p2a: Venetia Shield|par
|
|turn|44
|
|switch|p2a: Bloodsugar|Crobat, F|272\/311
|-damage|p2a: Bloodsugar|195\/311|[from] Stealth Rock
|move|p1a: Shaymin|Hidden Power|p2a: Bloodsugar
|-damage|p2a: Bloodsugar|105\/311
|-damage|p1a: Shaymin|307\/341|[from] item: Life Orb
|
|-heal|p2a: Bloodsugar|124\/311|[from] item: Black Sludge
|turn|45
|
|switch|p1a: Mew|Mew|354\/404 brn
|move|p2a: Bloodsugar|Defog|p1a: Mew
|-unboost|p1a: Mew|evasion|1
|-sideend|p2: This Many Fucks|Stealth Rock|[from] move: Defog|[of] p2a: Bloodsugar
|
|-heal|p2a: Bloodsugar|143\/311|[from] item: Black Sludge
|-heal|p1a: Mew|379\/404 brn|[from] item: Leftovers
|-damage|p1a: Mew|329\/404 brn|[from] brn
|turn|46
|
|move|p2a: Bloodsugar|U-turn|p1a: Mew
|-supereffective|p1a: Mew
|-damage|p1a: Mew|233\/404 brn
|
|switch|p2a: Frodo Swaggins|Azelf|291\/291
|move|p1a: Mew|Stealth Rock|p2a: Frodo Swaggins
|-sidestart|p2: This Many Fucks|move: Stealth Rock
|
|-heal|p1a: Mew|258\/404 brn|[from] item: Leftovers
|-damage|p1a: Mew|208\/404 brn|[from] brn
|turn|47
|
|move|p2a: Frodo Swaggins|Knock Off|p1a: Mew
|-supereffective|p1a: Mew
|-damage|p1a: Mew|58\/404 brn
|-enditem|p1a: Mew|Leftovers|[from] move: Knock Off|[of] p2a: Frodo Swaggins
|move|p1a: Mew|Will-O-Wisp|p2a: Frodo Swaggins
|-status|p2a: Frodo Swaggins|brn
|
|-damage|p2a: Frodo Swaggins|255\/291 brn|[from] brn
|-damage|p1a: Mew|8\/404 brn|[from] brn
|turn|48
|
|move|p2a: Frodo Swaggins|Knock Off|p1a: Mew
|-supereffective|p1a: Mew
|-damage|p1a: Mew|0 fnt
|faint|p1a: Mew
|
|-damage|p2a: Frodo Swaggins|219\/291 brn|[from] brn
|
|switch|p1a: Shaymin|Shaymin|307\/341
|turn|49
|
|switch|p2a: Freya|Florges, F|335\/360
|-damage|p2a: Freya|290\/360|[from] Stealth Rock
|move|p1a: Shaymin|Seed Flare|p2a: Freya|[miss]
|-miss|p1a: Shaymin|p2a: Freya
|
|-heal|p2a: Freya|312\/360|[from] item: Leftovers
|turn|50
|
|switch|p1a: Jirachi|Jirachi|404\/404
|move|p2a: Freya|Wish|p2a: Freya
|
|-heal|p2a: Freya|334\/360|[from] item: Leftovers
|turn|51
|
|switch|p2a: Lionheart|Arcanine, F|356\/384 par
|-damage|p2a: Lionheart|260\/384 par|[from] Stealth Rock
|-ability|p2a: Lionheart|Intimidate|[of] p1a: Jirachi
|-unboost|p1a: Jirachi|atk|1
|move|p1a: Jirachi|Substitute|p1a: Jirachi
|-start|p1a: Jirachi|Substitute
|-damage|p1a: Jirachi|303\/404
|
|-heal|p2a: Lionheart|384\/384 par|[from] move: Wish|[wisher] Freya
|-heal|p1a: Jirachi|328\/404|[from] item: Leftovers
|turn|52
|
|switch|p1a: Blissey|Blissey, F|652\/652
|move|p2a: Lionheart|Flare Blitz|p1a: Blissey
|-damage|p1a: Blissey|330\/652
|-damage|p2a: Lionheart|278\/384 par|[from] recoil|[of] p1a: Blissey
|
|-heal|p1a: Blissey|370\/652|[from] item: Leftovers
|turn|53
|
|move|p1a: Blissey|Wish|p1a: Blissey
|move|p2a: Lionheart|Flare Blitz|p1a: Blissey
|-damage|p1a: Blissey|87\/652
|-damage|p2a: Lionheart|185\/384 par|[from] recoil|[of] p1a: Blissey
|
|-heal|p1a: Blissey|127\/652|[from] item: Leftovers
|turn|54
|
|move|p1a: Blissey|Seismic Toss|p2a: Lionheart
|-damage|p2a: Lionheart|85\/384 par
|-damage|p1a: Blissey|19\/652|[from] item: Rocky Helmet|[of] p2a: Lionheart
|cant|p2a: Lionheart|par
|
|-heal|p1a: Blissey|345\/652|[from] move: Wish|[wisher] Blissey
|-heal|p1a: Blissey|385\/652|[from] item: Leftovers
|turn|55
|
|switch|p2a: Venetia Shield|Doublade, F|320\/322 par
|-damage|p2a: Venetia Shield|300\/322 par|[from] Stealth Rock
|move|p1a: Blissey|Seismic Toss|p2a: Venetia Shield
|-immune|p2a: Venetia Shield|[msg]
|
|-heal|p1a: Blissey|425\/652|[from] item: Leftovers
|turn|56
|
|switch|p1a: Infernape|Infernape, M|293\/293
|move|p2a: Venetia Shield|Gyro Ball|p1a: Infernape
|-crit|p1a: Infernape
|-resisted|p1a: Infernape
|-damage|p1a: Infernape|31\/293
|
|turn|57
|
|switch|p1a: Shaymin|Shaymin|307\/341
|move|p2a: Venetia Shield|Shadow Sneak|p1a: Shaymin
|-damage|p1a: Shaymin|234\/341
|
|turn|58
|
|switch|p2a: Freya|Florges, F|334\/360
|-damage|p2a: Freya|289\/360|[from] Stealth Rock
|move|p1a: Shaymin|Hidden Power|p2a: Freya
|-damage|p2a: Freya|237\/360
|-damage|p1a: Shaymin|200\/341|[from] item: Life Orb
|
|-heal|p2a: Freya|259\/360|[from] item: Leftovers
|turn|59
|
|move|p1a: Shaymin|Seed Flare|p2a: Freya
|-damage|p2a: Freya|98\/360
|-damage|p1a: Shaymin|166\/341|[from] item: Life Orb
|move|p2a: Freya|Wish|p2a: Freya
|
|-heal|p2a: Freya|120\/360|[from] item: Leftovers
|turn|60
|
|move|p2a: Freya|Protect|p2a: Freya
|-singleturn|p2a: Freya|Protect
|move|p1a: Shaymin|Rest|p1a: Shaymin
|-status|p1a: Shaymin|slp
|-heal|p1a: Shaymin|341\/341 slp|[silent]
|-status|p1a: Shaymin|slp|[from] move: Rest
|
|-heal|p2a: Freya|300\/360|[from] move: Wish|[wisher] Freya
|-heal|p2a: Freya|322\/360|[from] item: Leftovers
|turn|61
|
|switch|p1a: Jirachi|Jirachi|328\/404
|move|p2a: Freya|Wish|p2a: Freya
|
|-heal|p1a: Jirachi|353\/404|[from] item: Leftovers
|-heal|p2a: Freya|344\/360|[from] item: Leftovers
|turn|62
|
|switch|p2a: Bloodsugar|Crobat, F|143\/311
|-damage|p2a: Bloodsugar|66\/311|[from] Stealth Rock
|move|p1a: Jirachi|Thunder Wave|p2a: Bloodsugar
|-status|p2a: Bloodsugar|par
|
|-heal|p2a: Bloodsugar|246\/311 par|[from] move: Wish|[wisher] Freya
|-heal|p1a: Jirachi|378\/404|[from] item: Leftovers
|-heal|p2a: Bloodsugar|265\/311 par|[from] item: Black Sludge
|turn|63
|
|switch|p2a: Hagen-Dazs|Alakazam, M|251\/251
|move|p1a: Jirachi|Iron Head|p2a: Hagen-Dazs
|-damage|p2a: Hagen-Dazs|7\/251
|
|-heal|p1a: Jirachi|403\/404|[from] item: Leftovers
|turn|64
|
|detailschange|p2a: Hagen-Dazs|Alakazam-Mega, M
|message|Alakazam has Mega Evolved into Mega Alakazam!
|-ability|p2a: Hagen-Dazs|Serene Grace|[from] ability: Trace|[of] p1a: Jirachi
|move|p2a: Hagen-Dazs|Shadow Ball|p1a: Jirachi
|-supereffective|p1a: Jirachi
|-damage|p1a: Jirachi|145\/404
|move|p1a: Jirachi|Iron Head|p2a: Hagen-Dazs
|-damage|p2a: Hagen-Dazs|0 fnt
|faint|p2a: Hagen-Dazs
|
|-heal|p1a: Jirachi|170\/404|[from] item: Leftovers
|
|switch|p2a: Venetia Shield|Doublade, F|300\/322 par
|-damage|p2a: Venetia Shield|280\/322 par|[from] Stealth Rock
|turn|65
|
|switch|p1a: Shaymin|Shaymin|341\/341
|cant|p2a: Venetia Shield|par
|
|turn|66
|
|move|p1a: Shaymin|Hidden Power|p2a: Venetia Shield
|-supereffective|p2a: Venetia Shield
|-damage|p2a: Venetia Shield|88\/322 par
|-damage|p1a: Shaymin|307\/341|[from] item: Life Orb
|move|p2a: Venetia Shield|Gyro Ball|p1a: Shaymin
|-damage|p1a: Shaymin|40\/341
|
|turn|67
|
|move|p2a: Venetia Shield|Shadow Sneak|p1a: Shaymin
|-damage|p1a: Shaymin|0 fnt
|faint|p1a: Shaymin
|
|
|switch|p1a: Jirachi|Jirachi|170\/404
|turn|68
|
|move|p2a: Venetia Shield|Shadow Sneak|p1a: Jirachi
|-supereffective|p1a: Jirachi
|-damage|p1a: Jirachi|42\/404
|move|p1a: Jirachi|Fire Punch|p2a: Venetia Shield
|-supereffective|p2a: Venetia Shield
|-damage|p2a: Venetia Shield|16\/322 par
|
|-heal|p1a: Jirachi|67\/404|[from] item: Leftovers
|turn|69
|
|move|p2a: Venetia Shield|Shadow Sneak|p1a: Jirachi
|-supereffective|p1a: Jirachi
|-damage|p1a: Jirachi|0 fnt
|faint|p1a: Jirachi
|
|
|switch|p1a: Infernape|Infernape, M|31\/293
|turn|70
|
|move|p2a: Venetia Shield|Shadow Sneak|p1a: Infernape
|-damage|p1a: Infernape|0 fnt
|faint|p1a: Infernape
|
|-message|Banded Slowbro forfeited.
|
|win|This Many Fucks
|raw|Ladder updating...
|raw|Banded Slowbro's rating: 1329 &rarr; <strong>1316<\/strong><br \/>(-13 for losing)
|raw|This Many Fucks's rating: 1471 &rarr; <strong>1484<\/strong><br \/>(+13 for winning)
|leave|Banded Slowbro
|player|p1