|join|This Many Fucks
|join|pokeaim
|player|p1|This Many Fucks|172
|player|p2|pokeaim|143
|gametype|singles
|gen|6
|tier|UU
|rated
|rule|Sleep Clause Mod: Limit one foe put to sleep
|rule|Species Clause: Limit one of each Pokemon
|rule|OHKO Clause: OHKO moves are banned
|rule|Moody Clause: Moody is banned
|rule|Evasion Moves Clause: Evasion moves are banned
|rule|Endless Battle Clause: Forcing endless battles is banned
|rule|HP Percentage Mod: HP is reported as percentages
|clearpoke
|poke|p1|Jirachi
|poke|p1|Staraptor, F
|poke|p1|Blissey, F
|poke|p1|Alomomola, F
|poke|p1|Starmie
|poke|p1|Forretress, M, shiny
|poke|p2|Blissey, F
|poke|p2|Nidoqueen, F
|poke|p2|Alomomola, M
|poke|p2|Sableye, M
|poke|p2|Forretress, M
|poke|p2|Aerodactyl, M
|rule|Baton Pass Clause: Limit 3 pokemon knowing Baton Pass
|teampreview
|
|start
|switch|p1a: Walnut|Forretress, M, shiny|354\/354
|switch|p2a: Nidoqueen|Nidoqueen, F|384\/384
|turn|1
|
|move|p2a: Nidoqueen|Flamethrower|p1a: Walnut
|-crit|p1a: Walnut
|-supereffective|p1a: Walnut
|-damage|p1a: Walnut|0 fnt
|faint|p1a: Walnut
|
|
|switch|p1a: Jirachi|Jirachi|341\/341
|turn|2
|
|move|p1a: Jirachi|Substitute|p1a: Jirachi
|-start|p1a: Jirachi|Substitute
|-damage|p1a: Jirachi|256\/341
|move|p2a: Nidoqueen|Toxic Spikes|p1a: Jirachi
|-sidestart|p1: This Many Fucks|move: Toxic Spikes
|
|-heal|p1a: Jirachi|277\/341|[from] item: Leftovers
|turn|3
|
|move|p1a: Jirachi|Iron Head|p2a: Nidoqueen
|-damage|p2a: Nidoqueen|294\/384
|cant|p2a: Nidoqueen|flinch
|
|-heal|p1a: Jirachi|298\/341|[from] item: Leftovers
|-heal|p2a: Nidoqueen|318\/384|[from] item: Black Sludge
|turn|4
|
|move|p1a: Jirachi|Iron Head|p2a: Nidoqueen
|-damage|p2a: Nidoqueen|230\/384
|cant|p2a: Nidoqueen|flinch
|
|-heal|p1a: Jirachi|319\/341|[from] item: Leftovers
|-heal|p2a: Nidoqueen|254\/384|[from] item: Black Sludge
|turn|5
|
|move|p1a: Jirachi|Iron Head|p2a: Nidoqueen
|-damage|p2a: Nidoqueen|164\/384
|move|p2a: Nidoqueen|Toxic Spikes|p1a: Jirachi
|-sidestart|p1: This Many Fucks|move: Toxic Spikes
|
|-heal|p1a: Jirachi|340\/341|[from] item: Leftovers
|-heal|p2a: Nidoqueen|188\/384|[from] item: Black Sludge
|turn|6
|
|switch|p2a: Alomomola|Alomomola, M|497\/497
|move|p1a: Jirachi|Iron Head|p2a: Alomomola
|-resisted|p2a: Alomomola
|-damage|p2a: Alomomola|445\/497
|-damage|p1a: Jirachi|284\/341|[from] item: Rocky Helmet|[of] p2a: Alomomola
|
|-heal|p1a: Jirachi|305\/341|[from] item: Leftovers
|turn|7
|
|move|p1a: Jirachi|Toxic|p2a: Alomomola
|-status|p2a: Alomomola|tox
|move|p2a: Alomomola|Wish|p2a: Alomomola
|
|-heal|p1a: Jirachi|326\/341|[from] item: Leftovers
|-damage|p2a: Alomomola|414\/497 tox|[from] psn
|turn|8
|
|switch|p2a: Nidoqueen|Nidoqueen, F|188\/384
|move|p1a: Jirachi|Fire Punch|p2a: Nidoqueen
|-damage|p2a: Nidoqueen|129\/384
|
|-heal|p2a: Nidoqueen|377\/384|[from] move: Wish|[wisher] Alomomola
|-heal|p1a: Jirachi|341\/341|[from] item: Leftovers
|-heal|p2a: Nidoqueen|384\/384|[from] item: Black Sludge
|turn|9
|
|move|p1a: Jirachi|Iron Head|p2a: Nidoqueen
|-crit|p2a: Nidoqueen
|-damage|p2a: Nidoqueen|236\/384
|cant|p2a: Nidoqueen|flinch
|
|-heal|p2a: Nidoqueen|260\/384|[from] item: Black Sludge
|turn|10
|join|Scorpia
|
|move|p1a: Jirachi|Iron Head|p2a: Nidoqueen
|-crit|p2a: Nidoqueen
|-damage|p2a: Nidoqueen|115\/384
|move|p2a: Nidoqueen|Earth Power|p1a: Jirachi
|-supereffective|p1a: Jirachi
|-end|p1a: Jirachi|Substitute
|
|-heal|p2a: Nidoqueen|139\/384|[from] item: Black Sludge
|turn|11
|
|switch|p2a: Sableye|Sableye, M|304\/304
|move|p1a: Jirachi|Iron Head|p2a: Sableye
|-damage|p2a: Sableye|142\/304
|
|-heal|p2a: Sableye|161\/304|[from] item: Leftovers
|turn|12
|
|switch|p1a: Starmie|Starmie|261\/261
|-status|p1a: Starmie|tox
|move|p2a: Sableye|Will-O-Wisp|p1a: Starmie
|-fail|p1a: Starmie
|
|-heal|p2a: Sableye|180\/304|[from] item: Leftovers
|-damage|p1a: Starmie|245\/261 tox|[from] psn
|turn|13
|
|move|p2a: Sableye|Recover|p2a: Sableye
|-heal|p2a: Sableye|304\/304
|move|p1a: Starmie|Hydro Pump|p2a: Sableye
|-damage|p2a: Sableye|35\/304
|-damage|p1a: Starmie|219\/261 tox|[from] item: Life Orb
|
|-heal|p2a: Sableye|54\/304|[from] item: Leftovers
|-damage|p1a: Starmie|187\/261 tox|[from] psn
|turn|14
|
|switch|p2a: Blissey|Blissey, F|661\/661
|move|p1a: Starmie|Hydro Pump|p2a: Blissey
|-damage|p2a: Blissey|501\/661
|-damage|p1a: Starmie|161\/261 tox|[from] item: Life Orb
|
|-heal|p2a: Blissey|542\/661|[from] item: Leftovers
|-damage|p1a: Starmie|113\/261 tox|[from] psn
|turn|15
|
|switch|p2a: Sableye|Sableye, M|54\/304
|move|p1a: Starmie|Rapid Spin|p2a: Sableye
|-immune|p2a: Sableye|[msg]
|
|-heal|p2a: Sableye|73\/304|[from] item: Leftovers
|-damage|p1a: Starmie|49\/261 tox|[from] psn
|turn|16
|
|switch|p2a: Blissey|Blissey, F|542\/661
|move|p1a: Starmie|Rapid Spin|p2a: Blissey
|-damage|p2a: Blissey|503\/661
|-sideend|p1: This Many Fucks|Toxic Spikes|[from] move: Rapid Spin|[of] p1a: Starmie
|-damage|p1a: Starmie|23\/261 tox|[from] item: Life Orb
|
|-heal|p2a: Blissey|544\/661|[from] item: Leftovers
|-damage|p1a: Starmie|0 fnt|[from] psn
|faint|p1a: Starmie
|
|switch|p1a: Bloodwing|Staraptor, F|311\/311
|turn|17
|
|switch|p2a: Forretress|Forretress, M|354\/354
|move|p1a: Bloodwing|U-turn|p2a: Forretress
|-resisted|p2a: Forretress
|-damage|p2a: Forretress|319\/354
|
|switch|p1a: Jirachi|Jirachi|341\/341
|
|-heal|p2a: Forretress|341\/354|[from] item: Leftovers
|turn|18
|
|move|p1a: Jirachi|Substitute|p1a: Jirachi
|-start|p1a: Jirachi|Substitute
|-damage|p1a: Jirachi|256\/341
|move|p2a: Forretress|Spikes|p1a: Jirachi
|-sidestart|p1: This Many Fucks|Spikes
|
|-heal|p1a: Jirachi|277\/341|[from] item: Leftovers
|-heal|p2a: Forretress|354\/354|[from] item: Leftovers
|turn|19
|
|switch|p2a: Alomomola|Alomomola, M|497\/497 tox
|move|p1a: Jirachi|Fire Punch|p2a: Alomomola
|-resisted|p2a: Alomomola
|-damage|p2a: Alomomola|464\/497 tox
|-damage|p1a: Jirachi|221\/341|[from] item: Rocky Helmet|[of] p2a: Alomomola
|
|-heal|p1a: Jirachi|242\/341|[from] item: Leftovers
|-damage|p2a: Alomomola|433\/497 tox|[from] psn
|turn|20
|
|move|p1a: Jirachi|Iron Head|p2a: Alomomola
|-resisted|p2a: Alomomola
|-damage|p2a: Alomomola|379\/497 tox
|-damage|p1a: Jirachi|186\/341|[from] item: Rocky Helmet|[of] p2a: Alomomola
|move|p2a: Alomomola|Wish|p2a: Alomomola
|
|-heal|p1a: Jirachi|207\/341|[from] item: Leftovers
|-damage|p2a: Alomomola|317\/497 tox|[from] psn
|turn|21
|
|switch|p2a: Nidoqueen|Nidoqueen, F|139\/384
|move|p1a: Jirachi|Toxic|p2a: Nidoqueen|[miss]
|-miss|p1a: Jirachi|p2a: Nidoqueen
|
|-heal|p2a: Nidoqueen|384\/384|[from] move: Wish|[wisher] Alomomola
|-heal|p1a: Jirachi|228\/341|[from] item: Leftovers
|turn|22
|chat|This Many Fucks|fuck misclick
|chat|This Many Fucks|god you are terrible at this game
|-message|This Many Fucks forfeited.
|
|win|pokeaim
|raw|Ladder updating...
|raw|This Many Fucks's rating: 1525 &rarr; <strong>1511<\/strong><br \/>(-14 for losing)
|raw|pokeaim's rating: 1635 &rarr; <strong>1648<\/strong><br \/>(+13 for winning)
|join|El Didi
|chat|pokeaim|:]
|leave|This Many Fucks
|player|p1
|chat|Scorpia|joey
|chat|pokeaim|hi