|join|This Many Fucks
|join|Imbored69
|player|p1|This Many Fucks|172
|player|p2|Imbored69|43
|gametype|singles
|gen|6
|tier|UU
|rated
|rule|Sleep Clause Mod: Limit one foe put to sleep
|rule|Species Clause: Limit one of each Pokemon
|rule|OHKO Clause: OHKO moves are banned
|rule|Moody Clause: Moody is banned
|rule|Evasion Moves Clause: Evasion moves are banned
|rule|Endless Battle Clause: Forcing endless battles is banned.
|rule|HP Percentage Mod: HP is reported as percentages
|clearpoke
|poke|p1|Alakazam, M
|poke|p1|Arcanine, F
|poke|p1|Florges, F
|poke|p1|Doublade, M
|poke|p1|Hitmonlee, M
|poke|p1|Jirachi
|poke|p2|Nidoking, M
|poke|p2|Umbreon, F
|poke|p2|Mienshao, F
|poke|p2|Blastoise, F
|poke|p2|Arcanine, F
|poke|p2|Volcarona, F
|teampreview
|
|start
|switch|p1a: Lionheart|Arcanine, F|384\/384
|switch|p2a: Arcanine|Arcanine, F|383\/383
|-ability|p2a: Arcanine|Intimidate|[of] p1a: Lionheart
|-unboost|p1a: Lionheart|atk|1
|-ability|p1a: Lionheart|Intimidate|[of] p2a: Arcanine
|-unboost|p2a: Arcanine|atk|1
|turn|1
|
|switch|p2a: Blastoise|Blastoise, F|362\/362
|move|p1a: Lionheart|Will-O-Wisp|p2a: Blastoise
|-status|p2a: Blastoise|brn
|
|-damage|p2a: Blastoise|317\/362 brn|[from] brn
|turn|2
|
|switch|p1a: Freya|Florges, F|360\/360
|detailschange|p2a: Blastoise|Blastoise-Mega, F
|message|Blastoise has Mega Evolved into Mega Blastoise!
|move|p2a: Blastoise|Water Pulse|p1a: Freya
|-damage|p1a: Freya|237\/360
|
|-heal|p1a: Freya|259\/360|[from] item: Leftovers
|-damage|p2a: Blastoise|272\/362 brn|[from] brn
|turn|3
|
|switch|p2a: Nidoking|Nidoking, M|303\/303
|switch|p1a: Hagen-Dazs|Alakazam, M|251\/251
|
|turn|4
|
|switch|p2a: Umbreon|Umbreon, F|394\/394
|detailschange|p1a: Hagen-Dazs|Alakazam-Mega, M
|message|Alakazam has Mega Evolved into Mega Alakazam!
|-ability|p1a: Hagen-Dazs|Synchronize|[from] ability: Trace|[of] p2a: Umbreon
|move|p1a: Hagen-Dazs|Dazzling Gleam|p2a: Umbreon
|-supereffective|p2a: Umbreon
|-damage|p2a: Umbreon|228\/394
|
|-heal|p2a: Umbreon|252\/394|[from] item: Leftovers
|turn|5
|
|move|p1a: Hagen-Dazs|Dazzling Gleam|p2a: Umbreon
|-supereffective|p2a: Umbreon
|-damage|p2a: Umbreon|104\/394
|move|p2a: Umbreon|Foul Play|p1a: Hagen-Dazs
|-supereffective|p1a: Hagen-Dazs
|-damage|p1a: Hagen-Dazs|99\/251
|
|-heal|p2a: Umbreon|128\/394|[from] item: Leftovers
|turn|6
|
|move|p2a: Umbreon|Protect|p2a: Umbreon
|-singleturn|p2a: Umbreon|Protect
|move|p1a: Hagen-Dazs|Psyshock|p2a: Umbreon
|-immune|p2a: Umbreon|[msg]
|
|-heal|p2a: Umbreon|152\/394|[from] item: Leftovers
|turn|7
|
|move|p1a: Hagen-Dazs|Dazzling Gleam|p2a: Umbreon
|-supereffective|p2a: Umbreon
|-damage|p2a: Umbreon|6\/394
|move|p2a: Umbreon|Foul Play|p1a: Hagen-Dazs
|-supereffective|p1a: Hagen-Dazs
|-damage|p1a: Hagen-Dazs|0 fnt
|faint|p1a: Hagen-Dazs
|
|-heal|p2a: Umbreon|30\/394|[from] item: Leftovers
|
|switch|p1a: Mad Dog|Hitmonlee, M|304\/304
|turn|8
|
|switch|p2a: Arcanine|Arcanine, F|383\/383
|-ability|p2a: Arcanine|Intimidate|[of] p1a: Mad Dog
|-unboost|p1a: Mad Dog|atk|1
|move|p1a: Mad Dog|Knock Off|p2a: Arcanine
|-damage|p2a: Arcanine|319\/383
|-enditem|p2a: Arcanine|Leftovers|[from] move: Knock Off|[of] p1a: Mad Dog
|
|turn|9
|
|switch|p1a: Lionheart|Arcanine, F|384\/384
|-ability|p1a: Lionheart|Intimidate|[of] p2a: Arcanine
|-unboost|p2a: Arcanine|atk|1
|move|p2a: Arcanine|Will-O-Wisp|p1a: Lionheart
|-fail|p1a: Lionheart
|
|turn|10
|
|switch|p2a: Blastoise|Blastoise-Mega, F|272\/362 brn
|move|p1a: Lionheart|Flare Blitz|p2a: Blastoise
|-resisted|p2a: Blastoise
|-damage|p2a: Blastoise|208\/362 brn
|-damage|p1a: Lionheart|363\/384|[from] recoil|[of] p2a: Blastoise
|
|-damage|p2a: Blastoise|163\/362 brn|[from] brn
|turn|11
|
|switch|p1a: Freya|Florges, F|259\/360
|switch|p2a: Nidoking|Nidoking, M|303\/303
|
|-heal|p1a: Freya|281\/360|[from] item: Leftovers
|turn|12
|
|move|p1a: Freya|Protect|p1a: Freya
|-singleturn|p1a: Freya|Protect
|move|p2a: Nidoking|Sludge Wave|p1a: Freya
|-activate|p1a: Freya|Protect
|
|-heal|p1a: Freya|303\/360|[from] item: Leftovers
|turn|13
|
|move|p2a: Nidoking|Earth Power|p1a: Freya
|-damage|p1a: Freya|161\/360
|move|p1a: Freya|Moonblast|p2a: Nidoking
|-crit|p2a: Nidoking
|-resisted|p2a: Nidoking
|-damage|p2a: Nidoking|186\/303
|
|-heal|p1a: Freya|183\/360|[from] item: Leftovers
|turn|14
|
|move|p1a: Freya|Protect|p1a: Freya
|-singleturn|p1a: Freya|Protect
|move|p2a: Nidoking|Sludge Wave|p1a: Freya
|-activate|p1a: Freya|Protect
|
|-heal|p1a: Freya|205\/360|[from] item: Leftovers
|turn|15
|
|move|p1a: Freya|Protect|p1a: Freya
|-fail|p1a: Freya
|move|p2a: Nidoking|Sludge Wave|p1a: Freya
|-supereffective|p1a: Freya
|-damage|p1a: Freya|0 fnt
|faint|p1a: Freya
|
|
|switch|p1a: Stardust|Jirachi|341\/341
|turn|16
|
|switch|p2a: Arcanine|Arcanine, F|319\/383
|-ability|p2a: Arcanine|Intimidate|[of] p1a: Stardust
|-unboost|p1a: Stardust|atk|1
|move|p1a: Stardust|Psychic|p2a: Arcanine
|-damage|p2a: Arcanine|162\/383
|
|turn|17
|
|switch|p1a: Lionheart|Arcanine, F|363\/384
|-ability|p1a: Lionheart|Intimidate|[of] p2a: Arcanine
|-unboost|p2a: Arcanine|atk|1
|move|p2a: Arcanine|Flare Blitz|p1a: Lionheart
|-resisted|p1a: Lionheart
|-damage|p1a: Lionheart|324\/384
|-damage|p2a: Arcanine|99\/383|[from] item: Rocky Helmet|[of] p1a: Lionheart
|-damage|p2a: Arcanine|86\/383|[from] recoil|[of] p1a: Lionheart
|
|turn|18
|
|move|p1a: Lionheart|Extreme Speed|p2a: Arcanine
|-damage|p2a: Arcanine|31\/383
|move|p2a: Arcanine|Morning Sun|p2a: Arcanine
|-heal|p2a: Arcanine|222\/383
|
|turn|19
|
|move|p1a: Lionheart|Flare Blitz|p2a: Arcanine
|-resisted|p2a: Arcanine
|-damage|p2a: Arcanine|156\/383
|-damage|p1a: Lionheart|302\/384|[from] recoil|[of] p2a: Arcanine
|move|p2a: Arcanine|Morning Sun|p2a: Arcanine
|-heal|p2a: Arcanine|347\/383
|
|turn|20
|
|move|p2a: Arcanine|Morning Sun|p2a: Arcanine
|-heal|p2a: Arcanine|383\/383
|move|p1a: Lionheart|Flare Blitz|p2a: Arcanine
|-resisted|p2a: Arcanine
|-damage|p2a: Arcanine|315\/383
|-damage|p1a: Lionheart|280\/384|[from] recoil|[of] p2a: Arcanine
|
|turn|21
|
|move|p1a: Lionheart|Flare Blitz|p2a: Arcanine
|-resisted|p2a: Arcanine
|-damage|p2a: Arcanine|256\/383
|-damage|p1a: Lionheart|261\/384|[from] recoil|[of] p2a: Arcanine
|move|p2a: Arcanine|Will-O-Wisp|p1a: Lionheart|[miss]
|-miss|p2a: Arcanine|p1a: Lionheart
|
|turn|22
|
|switch|p2a: Blastoise|Blastoise-Mega, F|163\/362 brn
|move|p1a: Lionheart|Flare Blitz|p2a: Blastoise
|-resisted|p2a: Blastoise
|-damage|p2a: Blastoise|96\/362 brn
|-damage|p1a: Lionheart|239\/384|[from] recoil|[of] p2a: Blastoise
|
|-damage|p2a: Blastoise|51\/362 brn|[from] brn
|turn|23
|
|move|p1a: Lionheart|Extreme Speed|p2a: Blastoise
|-crit|p2a: Blastoise
|-damage|p2a: Blastoise|0 fnt
|faint|p2a: Blastoise
|
|
|switch|p2a: Mienshao|Mienshao, F|271\/271
|turn|24
|
|switch|p1a: Venetia Shield|Doublade, M|322\/322
|move|p2a: Mienshao|Fake Out|p1a: Venetia Shield
|-immune|p1a: Venetia Shield|[msg]
|
|turn|25
|
|move|p2a: Mienshao|Knock Off|p1a: Venetia Shield
|-supereffective|p1a: Venetia Shield
|-damage|p1a: Venetia Shield|195\/322
|-enditem|p1a: Venetia Shield|Eviolite|[from] move: Knock Off|[of] p2a: Mienshao
|-damage|p2a: Mienshao|244\/271|[from] item: Life Orb
|move|p1a: Venetia Shield|Gyro Ball|p2a: Mienshao
|-damage|p2a: Mienshao|0 fnt
|faint|p2a: Mienshao
|
|
|switch|p2a: Pls Ban|Volcarona, F|311\/311
|turn|26
|
|switch|p1a: Mad Dog|Hitmonlee, M|304\/304
|move|p2a: Pls Ban|Quiver Dance|p2a: Pls Ban
|-boost|p2a: Pls Ban|spa|1
|-boost|p2a: Pls Ban|spd|1
|-boost|p2a: Pls Ban|spe|1
|
|turn|27
|
|move|p2a: Pls Ban|Fire Blast|p1a: Mad Dog|[miss]
|-miss|p2a: Pls Ban|p1a: Mad Dog
|move|p1a: Mad Dog|Knock Off|p2a: Pls Ban
|-damage|p2a: Pls Ban|137\/311
|-enditem|p2a: Pls Ban|Focus Sash|[from] move: Knock Off|[of] p1a: Mad Dog
|
|turn|28
|
|move|p2a: Pls Ban|Fire Blast|p1a: Mad Dog
|-damage|p1a: Mad Dog|112\/304
|move|p1a: Mad Dog|High Jump Kick|p2a: Pls Ban
|-resisted|p2a: Pls Ban
|-damage|p2a: Pls Ban|0 fnt
|faint|p2a: Pls Ban
|
|
|switch|p2a: Umbreon|Umbreon, F|30\/394
|turn|29
|
|move|p2a: Umbreon|Protect|p2a: Umbreon
|-singleturn|p2a: Umbreon|Protect
|move|p1a: Mad Dog|Mach Punch|p2a: Umbreon
|-activate|p2a: Umbreon|Protect
|
|-heal|p2a: Umbreon|54\/394|[from] item: Leftovers
|turn|30
|
|switch|p2a: Arcanine|Arcanine, F|256\/383
|-ability|p2a: Arcanine|Intimidate|[of] p1a: Mad Dog
|-unboost|p1a: Mad Dog|atk|1
|move|p1a: Mad Dog|Mach Punch|p2a: Arcanine
|-damage|p2a: Arcanine|217\/383
|
|turn|31
|
|switch|p2a: Nidoking|Nidoking, M|186\/303
|switch|p1a: Lionheart|Arcanine, F|239\/384
|-ability|p1a: Lionheart|Intimidate|[of] p2a: Nidoking
|-unboost|p2a: Nidoking|atk|1
|
|turn|32
|
|switch|p1a: Venetia Shield|Doublade, M|195\/322
|move|p2a: Nidoking|Earth Power|p1a: Venetia Shield
|-supereffective|p1a: Venetia Shield
|-damage|p1a: Venetia Shield|0 fnt
|faint|p1a: Venetia Shield
|
|
|switch|p1a: Stardust|Jirachi|341\/341
|turn|33
|
|switch|p2a: Umbreon|Umbreon, F|54\/394
|move|p1a: Stardust|Psychic|p2a: Umbreon
|-immune|p2a: Umbreon|[msg]
|
|-heal|p2a: Umbreon|78\/394|[from] item: Leftovers
|turn|34
|
|move|p2a: Umbreon|Protect|p2a: Umbreon
|-singleturn|p2a: Umbreon|Protect
|move|p1a: Stardust|Stealth Rock|p2a: Umbreon
|-sidestart|p2: Imbored69|move: Stealth Rock
|
|-heal|p2a: Umbreon|102\/394|[from] item: Leftovers
|turn|35
|
|move|p1a: Stardust|Iron Head|p2a: Umbreon
|-damage|p2a: Umbreon|29\/394
|cant|p2a: Umbreon|flinch
|
|-heal|p2a: Umbreon|53\/394|[from] item: Leftovers
|turn|36
|
|move|p2a: Umbreon|Protect|p2a: Umbreon
|-singleturn|p2a: Umbreon|Protect
|move|p1a: Stardust|Iron Head|p2a: Umbreon
|-activate|p2a: Umbreon|Protect
|
|-heal|p2a: Umbreon|77\/394|[from] item: Leftovers
|turn|37
|
|move|p1a: Stardust|Iron Head|p2a: Umbreon
|-damage|p2a: Umbreon|0 fnt
|faint|p2a: Umbreon
|
|
|switch|p2a: Arcanine|Arcanine, F|217\/383
|-damage|p2a: Arcanine|122\/383|[from] Stealth Rock
|-ability|p2a: Arcanine|Intimidate|[of] p1a: Stardust
|-unboost|p1a: Stardust|atk|1
|turn|38
|
|move|p1a: Stardust|Psychic|p2a: Arcanine
|-damage|p2a: Arcanine|0 fnt
|faint|p2a: Arcanine
|
|
|switch|p2a: Nidoking|Nidoking, M|186\/303
|-damage|p2a: Nidoking|168\/303|[from] Stealth Rock
|turn|39
|
|move|p1a: Stardust|Psychic|p2a: Nidoking
|-supereffective|p2a: Nidoking
|-damage|p2a: Nidoking|0 fnt
|faint|p2a: Nidoking
|
|win|This Many Fucks
|raw|Ladder updating...
|raw|This Many Fucks's rating: 1413 &rarr; <strong>1427<\/strong><br \/>(+14 for winning)
|raw|Imbored69's rating: 1298 &rarr; <strong>1281<\/strong><br \/>(-17 for losing)
|leave|Imbored69
|player|p2