|join|This Many Fucks
|join|Hexet
|player|p1|This Many Fucks|172
|player|p2|Hexet|160
|gametype|singles
|gen|6
|tier|UU
|rated
|rule|Sleep Clause Mod: Limit one foe put to sleep
|rule|Species Clause: Limit one of each PokÃ©mon
|rule|OHKO Clause: OHKO moves are banned
|rule|Moody Clause: Moody is banned
|rule|Evasion Moves Clause: Evasion moves are banned
|rule|Endless Battle Clause: Forcing endless battles is banned
|rule|HP Percentage Mod: HP is shown in percentages
|clearpoke
|poke|p1|Jellicent, M
|poke|p1|Zygarde
|poke|p1|Aggron, F
|poke|p1|Blissey, F
|poke|p1|Forretress, M, shiny
|poke|p1|Aromatisse, F
|poke|p2|Beedrill, M
|poke|p2|Jirachi
|poke|p2|Krookodile, M
|poke|p2|Raikou
|poke|p2|Espeon, F
|poke|p2|Crobat, F
|rule|Swagger Clause: Swagger is banned
|rule|Baton Pass Clause: Limit one PokÃ©mon knowing Baton Pass
|teampreview
|c|âHexet|hehehe
|c|âHexet|hi buddy
|
|start
|switch|p1a: Aggron|Aggron, F|344\/344
|switch|p2a: Espeon|Espeon, F|272\/272
|turn|1
|
|switch|p2a: Raikou|Raikou|322\/322
|-ability|p2a: Raikou|Pressure
|detailschange|p1a: Aggron|Aggron-Mega, F
|message|Aggron has Mega Evolved into Mega Aggron!
|move|p1a: Aggron|Heavy Slam|p2a: Raikou
|-resisted|p2a: Raikou
|-damage|p2a: Raikou|262\/322
|
|turn|2
|
|move|p2a: Raikou|Thunderbolt|p1a: Aggron
|-damage|p1a: Aggron|229\/344
|move|p1a: Aggron|Metal Burst|p2a: Raikou
|-damage|p2a: Raikou|90\/322
|
|turn|3
|
|switch|p1a: Teen Mom|Blissey, F|714\/714
|move|p2a: Raikou|Volt Switch|p1a: Teen Mom
|-damage|p1a: Teen Mom|624\/714
|
|switch|p2a: Espeon|Espeon, F|272\/272
|
|-heal|p1a: Teen Mom|668\/714|[from] item: Leftovers
|turn|4
|
|move|p2a: Espeon|Psyshock|p1a: Teen Mom
|-damage|p1a: Teen Mom|320\/714
|-damage|p2a: Espeon|245\/272|[from] item: Life Orb
|move|p1a: Teen Mom|Wish|p1a: Teen Mom
|
|-heal|p1a: Teen Mom|364\/714|[from] item: Leftovers
|turn|5
|
|switch|p2a: Jirachi|Jirachi|341\/341
|move|p1a: Teen Mom|Seismic Toss|p2a: Jirachi
|-damage|p2a: Jirachi|241\/341
|
|-heal|p1a: Teen Mom|714\/714|[from] move: Wish|[wisher] Teen Mom
|turn|6
|
|move|p1a: Teen Mom|Protect|p1a: Teen Mom
|-singleturn|p1a: Teen Mom|Protect
|move|p2a: Jirachi|U-turn|p1a: Teen Mom
|-activate|p1a: Teen Mom|Protect
|
|turn|7
|
|move|p2a: Jirachi|U-turn|p1a: Teen Mom
|-crit|p1a: Teen Mom
|-damage|p1a: Teen Mom|538\/714
|
|switch|p2a: Krookodile|Krookodile, M|331\/331
|-ability|p2a: Krookodile|Intimidate|[of] p1a: Teen Mom
|-unboost|p1a: Teen Mom|atk|1
|move|p1a: Teen Mom|Counter|p2a: Krookodile
|-damage|p2a: Krookodile|0 fnt
|faint|p2a: Krookodile
|
|-heal|p1a: Teen Mom|582\/714|[from] item: Leftovers
|
|switch|p2a: Beedrill|Beedrill, M|272\/272
|turn|8
|
|switch|p1a: Aggron|Aggron-Mega, F|229\/344
|detailschange|p2a: Beedrill|Beedrill-Mega, M
|message|Beedrill has Mega Evolved into Mega Beedrill!
|move|p2a: Beedrill|Drill Run|p1a: Aggron
|-supereffective|p1a: Aggron
|-damage|p1a: Aggron|156\/344
|
|turn|9
|
|move|p2a: Beedrill|U-turn|p1a: Aggron
|-resisted|p1a: Aggron
|-damage|p1a: Aggron|114\/344
|
|switch|p2a: Espeon|Espeon, F|245\/272
|move|p1a: Aggron|Heavy Slam|p2a: Espeon
|-damage|p2a: Espeon|0 fnt
|faint|p2a: Espeon
|
|
|switch|p2a: Raikou|Raikou|90\/322
|-ability|p2a: Raikou|Pressure
|turn|10
|
|switch|p1a: Terramorphous|Zygarde|404\/404
|-ability|p1a: Terramorphous|Aura Break
|move|p2a: Raikou|Hidden Power|p1a: Terramorphous
|-supereffective|p1a: Terramorphous
|-damage|p1a: Terramorphous|126\/404
|
|-heal|p1a: Terramorphous|151\/404|[from] item: Leftovers
|turn|11
|
|switch|p1a: Teen Mom|Blissey, F|582\/714
|move|p2a: Raikou|Hidden Power|p1a: Teen Mom
|-damage|p1a: Teen Mom|527\/714
|
|-heal|p1a: Teen Mom|571\/714|[from] item: Leftovers
|turn|12
|
|switch|p2a: Beedrill|Beedrill-Mega, M|272\/272
|move|p1a: Teen Mom|Wish|p1a: Teen Mom
|
|-heal|p1a: Teen Mom|615\/714|[from] item: Leftovers
|turn|13
|
|switch|p2a: Jirachi|Jirachi|241\/341
|move|p1a: Teen Mom|Counter|p2a: Jirachi
|-fail|p2a: Jirachi
|
|-heal|p1a: Teen Mom|714\/714|[from] move: Wish|[wisher] Teen Mom
|turn|14
|
|move|p1a: Teen Mom|Protect|p1a: Teen Mom
|-singleturn|p1a: Teen Mom|Protect
|move|p2a: Jirachi|Fire Punch|p1a: Teen Mom
|-activate|p1a: Teen Mom|Protect
|
|turn|15
|-message|Hexet forfeited.
|
|win|This Many Fucks
|raw|Ladder updating...
|leave|Hexet
|player|p2