|join|This Many Fucks
|join|Lethal God
|player|p1|This Many Fucks|172
|player|p2|Lethal God|145
|gametype|singles
|gen|6
|tier|UU
|rated
|rule|Sleep Clause Mod: Limit one foe put to sleep
|rule|Species Clause: Limit one of each Pokemon
|rule|OHKO Clause: OHKO moves are banned
|rule|Moody Clause: Moody is banned
|rule|Evasion Moves Clause: Evasion moves are banned
|rule|Endless Battle Clause: Forcing endless battles is banned.
|rule|HP Percentage Mod: HP is reported as percentages
|clearpoke
|poke|p1|Alakazam, M
|poke|p1|Arcanine, M
|poke|p1|Florges, F
|poke|p1|Doublade, M
|poke|p1|Hitmonlee, M
|poke|p1|Jirachi
|poke|p2|Galvantula, M, shiny
|poke|p2|Blastoise, M, shiny
|poke|p2|Chandelure, M, shiny
|poke|p2|Ambipom, M
|poke|p2|Cloyster, M, shiny
|poke|p2|Infernape, F
|teampreview
|
|start
|switch|p1a: Lionheart|Arcanine, M|383\/383
|switch|p2a: Spidoor|Galvantula, M, shiny|281\/281
|-ability|p1a: Lionheart|Intimidate|[of] p2a: Spidoor
|-unboost|p2a: Spidoor|atk|1
|turn|1
|chat|Lethal God|oh good doublade. I was thinking of adding him so lets see how he does
|
|move|p2a: Spidoor|Sticky Web|p1a: Lionheart
|-sidestart|p1: This Many Fucks|move: Sticky Web
|move|p1a: Lionheart|Flare Blitz|p2a: Spidoor
|-supereffective|p2a: Spidoor
|-enditem|p2a: Spidoor|Focus Sash
|-damage|p2a: Spidoor|1\/281
|-damage|p1a: Lionheart|291\/383|[from] recoil|[of] p2a: Spidoor
|
|turn|2
|
|move|p1a: Lionheart|Extreme Speed|p2a: Spidoor
|-damage|p2a: Spidoor|0 fnt
|faint|p2a: Spidoor
|
|
|switch|p2a: Cannon|Blastoise, M, shiny|362\/362
|turn|3
|chat|This Many Fucks|he's the best spin blocker i've ever used
|
|switch|p1a: Freya|Florges, F|360\/360
|-activate|p1a: Freya|move: Sticky Web
|-unboost|p1a: Freya|spe|1
|detailschange|p2a: Cannon|Blastoise-Mega, M, shiny
|message|Blastoise has Mega Evolved into Mega Blastoise!
|move|p2a: Cannon|Water Pulse|p1a: Freya
|-damage|p1a: Freya|242\/360
|-start|p1a: Freya|confusion
|
|-heal|p1a: Freya|264\/360|[from] item: Leftovers
|turn|4
|chat|Lethal God|i use chandlure
|
|switch|p1a: Mad Dog|Hitmonlee, M|304\/304
|-activate|p1a: Mad Dog|move: Sticky Web
|-unboost|p1a: Mad Dog|spe|1
|move|p2a: Cannon|Water Pulse|p1a: Mad Dog
|-damage|p1a: Mad Dog|196\/304
|
|turn|5
|
|move|p2a: Cannon|Water Pulse|p1a: Mad Dog
|-damage|p1a: Mad Dog|75\/304
|move|p1a: Mad Dog|Rapid Spin|p2a: Cannon
|-damage|p2a: Cannon|342\/362
|-sideend|p1: This Many Fucks|Sticky Web|[from] move: Rapid Spin|[of] p1a: Mad Dog
|
|turn|6
|
|switch|p1a: Freya|Florges, F|264\/360
|move|p2a: Cannon|Water Pulse|p1a: Freya
|-damage|p1a: Freya|138\/360
|
|-heal|p1a: Freya|160\/360|[from] item: Leftovers
|turn|7
|chat|Lethal God|TIL hitmonlee learns rapid spin
|
|move|p2a: Cannon|Water Pulse|p1a: Freya
|-damage|p1a: Freya|33\/360
|-start|p1a: Freya|confusion
|-activate|p1a: Freya|confusion
|move|p1a: Freya|Wish|p1a: Freya
|
|-heal|p1a: Freya|55\/360|[from] item: Leftovers
|turn|8
|chat|Lethal God|lol
|chat|This Many Fucks|til?
|
|-activate|p1a: Freya|confusion
|-damage|p1a: Freya|35\/360|[from] confusion
|move|p2a: Cannon|Water Pulse|p1a: Freya
|-damage|p1a: Freya|0 fnt
|faint|p1a: Freya
|
|chat|Lethal God|today i learned
|chat|This Many Fucks|lol
|
|switch|p1a: Mad Dog|Hitmonlee, M|75\/304
|turn|9
|
|move|p1a: Mad Dog|High Jump Kick|p2a: Cannon
|-damage|p2a: Cannon|140\/362
|move|p2a: Cannon|Water Pulse|p1a: Mad Dog
|-damage|p1a: Mad Dog|0 fnt
|faint|p1a: Mad Dog
|
|
|switch|p1a: Hagen-Dazs|Alakazam, M|251\/251
|turn|10
|
|detailschange|p1a: Hagen-Dazs|Alakazam-Mega, M
|message|Alakazam has Mega Evolved into Mega Alakazam!
|-ability|p1a: Hagen-Dazs|Mega Launcher|[from] ability: Trace|[of] p2a: Cannon
|move|p1a: Hagen-Dazs|Psyshock|p2a: Cannon
|-damage|p2a: Cannon|0 fnt
|faint|p2a: Cannon
|
|
|switch|p2a: Wrecker|Ambipom, M|292\/292
|turn|11
|
|switch|p1a: Lionheart|Arcanine, M|291\/383
|-ability|p1a: Lionheart|Intimidate|[of] p2a: Wrecker
|-unboost|p2a: Wrecker|atk|1
|move|p2a: Wrecker|Fake Out|p1a: Lionheart
|-damage|p1a: Lionheart|234\/383
|-damage|p2a: Wrecker|244\/292|[from] item: Rocky Helmet|[of] p1a: Lionheart
|
|turn|12
|
|switch|p2a: Bobo|Infernape, F|293\/293
|switch|p1a: Hagen-Dazs|Alakazam-Mega, M|251\/251
|-ability|p1a: Hagen-Dazs|Iron Fist|[from] ability: Trace|[of] p2a: Bobo
|
|turn|13
|
|move|p2a: Bobo|Earthquake|p1a: Hagen-Dazs
|-damage|p1a: Hagen-Dazs|115\/251
|move|p1a: Hagen-Dazs|Psyshock|p2a: Bobo
|-supereffective|p2a: Bobo
|-damage|p2a: Bobo|0 fnt
|faint|p2a: Bobo
|
|
|switch|p2a: Clitster|Cloyster, M, shiny|242\/242
|turn|14
|
|switch|p1a: Venetia Shield|Doublade, M|322\/322
|move|p2a: Clitster|Shell Smash|p2a: Clitster
|-boost|p2a: Clitster|atk|2
|-boost|p2a: Clitster|spa|2
|-boost|p2a: Clitster|spe|2
|-unboost|p2a: Clitster|def|1
|-unboost|p2a: Clitster|spd|1
|
|turn|15
|
|move|p2a: Clitster|Shell Smash|p2a: Clitster
|-boost|p2a: Clitster|atk|2
|-boost|p2a: Clitster|spa|2
|-boost|p2a: Clitster|spe|2
|-unboost|p2a: Clitster|def|1
|-unboost|p2a: Clitster|spd|1
|move|p1a: Venetia Shield|Gyro Ball|p2a: Clitster
|-enditem|p2a: Clitster|Focus Sash
|-damage|p2a: Clitster|1\/242
|
|turn|16
|
|move|p1a: Venetia Shield|Shadow Sneak|p2a: Clitster
|-damage|p2a: Clitster|0 fnt
|faint|p2a: Clitster
|
|chat|This Many Fucks|the power of doublade :)
|chat|Lethal God|thought that may be the case
|
|switch|p2a: Chandlure|Chandelure, M, shiny|324\/324
|turn|17
|
|move|p1a: Venetia Shield|Shadow Sneak|p2a: Chandlure
|-supereffective|p2a: Chandlure
|-damage|p2a: Chandlure|166\/324
|move|p2a: Chandlure|Shadow Ball|p1a: Venetia Shield
|-supereffective|p1a: Venetia Shield
|-damage|p1a: Venetia Shield|0 fnt
|faint|p1a: Venetia Shield
|
|-heal|p2a: Chandlure|186\/324|[from] item: Leftovers
|
|switch|p1a: Hagen-Dazs|Alakazam-Mega, M|115\/251
|-ability|p1a: Hagen-Dazs|Flame Body|[from] ability: Trace|[of] p2a: Chandlure
|turn|18
|
|move|p1a: Hagen-Dazs|Psyshock|p2a: Chandlure
|-damage|p2a: Chandlure|0 fnt
|faint|p2a: Chandlure
|
|
|switch|p2a: Wrecker|Ambipom, M|244\/292
|turn|19
|chat|Lethal God|gg
|chat|This Many Fucks|had to maker sure you weren't scarfed
|chat|This Many Fucks|gg
|
|switch|p1a: Lionheart|Arcanine, M|234\/383
|-ability|p1a: Lionheart|Intimidate|[of] p2a: Wrecker
|-unboost|p2a: Wrecker|atk|1
|move|p2a: Wrecker|Fake Out|p1a: Lionheart
|-damage|p1a: Lionheart|176\/383
|-damage|p2a: Wrecker|196\/292|[from] item: Rocky Helmet|[of] p1a: Lionheart
|
|turn|20
|
|move|p2a: Wrecker|Last Resort|p1a: Lionheart
|-damage|p1a: Lionheart|26\/383
|-damage|p2a: Wrecker|148\/292|[from] item: Rocky Helmet|[of] p1a: Lionheart
|move|p1a: Lionheart|Morning Sun|p1a: Lionheart
|-heal|p1a: Lionheart|217\/383
|
|turn|21
|
|move|p2a: Wrecker|Last Resort|p1a: Lionheart
|-damage|p1a: Lionheart|88\/383
|-damage|p2a: Wrecker|100\/292|[from] item: Rocky Helmet|[of] p1a: Lionheart
|move|p1a: Lionheart|Morning Sun|p1a: Lionheart
|-heal|p1a: Lionheart|279\/383
|
|turn|22
|-message|Lethal God forfeited.
|
|win|This Many Fucks
|raw|Ladder updating...
|raw|This Many Fucks's rating: 1497 &rarr; <strong>1506<\/strong><br \/>(+9 for winning)
|raw|Lethal God's rating: 1275 &rarr; <strong>1264<\/strong><br \/>(-11 for losing)
|leave|Lethal God
|player|p2