|join|This Many Fucks
|join|boybutts
|player|p1|This Many Fucks|172
|player|p2|boybutts|266
|gametype|singles
|gen|6
|tier|UU
|rated
|rule|Sleep Clause Mod: Limit one foe put to sleep
|rule|Species Clause: Limit one of each Pokemon
|rule|OHKO Clause: OHKO moves are banned
|rule|Moody Clause: Moody is banned
|rule|Evasion Moves Clause: Evasion moves are banned
|rule|Endless Battle Clause: Forcing endless battles is banned.
|rule|HP Percentage Mod: HP is reported as percentages
|clearpoke
|poke|p1|Alakazam, M
|poke|p1|Arcanine, M
|poke|p1|Florges, F
|poke|p1|Doublade, M
|poke|p1|Hitmonlee, M
|poke|p1|Jirachi
|poke|p2|Mienshao, M
|poke|p2|Volcarona, F
|poke|p2|Absol, F
|poke|p2|Cloyster, M
|poke|p2|Blissey, F
|poke|p2|Gligar, F
|teampreview
|join|SpeSweeper Gatomon
|
|start
|switch|p1a: Lionheart|Arcanine, M|383\/383
|switch|p2a: Absol|Absol, F|271\/271
|-ability|p2a: Absol|Pressure
|-ability|p1a: Lionheart|Intimidate|[of] p2a: Absol
|-unboost|p2a: Absol|atk|1
|turn|1
|
|switch|p2a: Blissey|Blissey, F|714\/714
|move|p1a: Lionheart|Flare Blitz|p2a: Blissey
|-damage|p2a: Blissey|117\/714
|-damage|p1a: Lionheart|186\/383|[from] recoil|[of] p2a: Blissey
|
|-heal|p2a: Blissey|161\/714|[from] item: Leftovers
|turn|2
|
|switch|p2a: Gligar|Gligar, F|334\/334
|move|p1a: Lionheart|Flare Blitz|p2a: Gligar
|-damage|p2a: Gligar|264\/334
|-damage|p1a: Lionheart|163\/383|[from] recoil|[of] p2a: Gligar
|
|turn|3
|
|move|p1a: Lionheart|Will-O-Wisp|p2a: Gligar
|-status|p2a: Gligar|brn
|move|p2a: Gligar|U-turn|p1a: Lionheart
|-resisted|p1a: Lionheart
|-damage|p1a: Lionheart|154\/383
|-damage|p2a: Gligar|209\/334 brn|[from] item: Rocky Helmet|[of] p1a: Lionheart
|
|switch|p2a: Mienshao|Mienshao, M|271\/271
|
|turn|4
|
|switch|p1a: Freya|Florges, F|360\/360
|move|p2a: Mienshao|Knock Off|p1a: Freya
|-crit|p1a: Freya
|-resisted|p1a: Freya
|-damage|p1a: Freya|250\/360
|-enditem|p1a: Freya|Leftovers|[from] move: Knock Off|[of] p2a: Mienshao
|
|turn|5
|
|switch|p2a: Blissey|Blissey, F|161\/714
|switch|p1a: Hagen-Dazs|Alakazam, M|251\/251
|
|-heal|p2a: Blissey|205\/714|[from] item: Leftovers
|turn|6
|
|switch|p2a: Absol|Absol, F|271\/271
|-ability|p2a: Absol|Pressure
|detailschange|p1a: Hagen-Dazs|Alakazam-Mega, M
|message|Alakazam has Mega Evolved into Mega Alakazam!
|-ability|p1a: Hagen-Dazs|Pressure|[from] ability: Trace|[of] p2a: Absol
|-ability|p1a: Hagen-Dazs|Pressure
|move|p1a: Hagen-Dazs|Psyshock|p2a: Absol
|-immune|p2a: Absol|[msg]
|
|turn|7
|
|detailschange|p2a: Absol|Absol-Mega, F
|message|Absol has Mega Evolved into Mega Absol!
|move|p1a: Hagen-Dazs|Substitute|p1a: Hagen-Dazs
|-start|p1a: Hagen-Dazs|Substitute
|-damage|p1a: Hagen-Dazs|189\/251
|move|p2a: Absol|Knock Off|p1a: Hagen-Dazs
|-supereffective|p1a: Hagen-Dazs
|-end|p1a: Hagen-Dazs|Substitute
|
|turn|8
|
|switch|p1a: Freya|Florges, F|250\/360
|move|p2a: Absol|Knock Off|p1a: Freya
|-resisted|p1a: Freya
|-damage|p1a: Freya|191\/360
|
|turn|9
|
|switch|p2a: Blissey|Blissey, F|205\/714
|move|p1a: Freya|Wish|p1a: Freya
|
|-heal|p2a: Blissey|249\/714|[from] item: Leftovers
|turn|10
|
|switch|p1a: Lionheart|Arcanine, M|154\/383
|-ability|p1a: Lionheart|Intimidate|[of] p2a: Blissey
|-unboost|p2a: Blissey|atk|1
|move|p2a: Blissey|Wish|p2a: Blissey
|
|-heal|p1a: Lionheart|334\/383|[from] move: Wish|[wisher] Freya
|-heal|p2a: Blissey|293\/714|[from] item: Leftovers
|turn|11
|
|switch|p2a: Gligar|Gligar, F|209\/334 brn
|move|p1a: Lionheart|Flare Blitz|p2a: Gligar
|-damage|p2a: Gligar|137\/334 brn
|-damage|p1a: Lionheart|310\/383|[from] recoil|[of] p2a: Gligar
|
|-heal|p2a: Gligar|334\/334 brn|[from] move: Wish|[wisher] Blissey
|-damage|p2a: Gligar|293\/334 brn|[from] brn
|turn|12
|
|switch|p1a: Mad Dog|Hitmonlee, M|304\/304
|move|p2a: Gligar|U-turn|p1a: Mad Dog
|-resisted|p1a: Mad Dog
|-damage|p1a: Mad Dog|286\/304
|
|switch|p2a: Mienshao|Mienshao, M|271\/271
|
|turn|13
|
|switch|p1a: Venetia Shield|Doublade, M|322\/322
|move|p2a: Mienshao|High Jump Kick|p1a: Venetia Shield
|-immune|p1a: Venetia Shield|[msg]
|-damage|p2a: Mienshao|136\/271|[from] highjumpkick
|
|turn|14
|
|switch|p2a: Absol|Absol-Mega, F|271\/271
|move|p1a: Venetia Shield|Swords Dance|p1a: Venetia Shield
|-boost|p1a: Venetia Shield|atk|2
|
|turn|15
|
|move|p2a: Absol|Knock Off|p1a: Venetia Shield
|-supereffective|p1a: Venetia Shield
|-damage|p1a: Venetia Shield|124\/322
|-enditem|p1a: Venetia Shield|Eviolite|[from] move: Knock Off|[of] p2a: Absol
|move|p1a: Venetia Shield|Sacred Sword|p2a: Absol
|-supereffective|p2a: Absol
|-damage|p2a: Absol|0 fnt
|faint|p2a: Absol
|
|
|switch|p2a: Volcarona|Volcarona, F|374\/374
|turn|16
|
|move|p1a: Venetia Shield|Shadow Sneak|p2a: Volcarona
|-damage|p2a: Volcarona|224\/374
|-status|p1a: Venetia Shield|brn
|move|p2a: Volcarona|Fiery Dance|p1a: Venetia Shield
|-supereffective|p1a: Venetia Shield
|-damage|p1a: Venetia Shield|0 fnt
|faint|p1a: Venetia Shield
|
|
|switch|p1a: Hagen-Dazs|Alakazam-Mega, M|189\/251
|-ability|p1a: Hagen-Dazs|Flame Body|[from] ability: Trace|[of] p2a: Volcarona
|turn|17
|
|move|p1a: Hagen-Dazs|Psyshock|p2a: Volcarona
|-damage|p2a: Volcarona|41\/374
|move|p2a: Volcarona|Bug Buzz|p1a: Hagen-Dazs
|-supereffective|p1a: Hagen-Dazs
|-damage|p1a: Hagen-Dazs|0 fnt
|faint|p1a: Hagen-Dazs
|
|
|switch|p1a: Lionheart|Arcanine, M|310\/383
|-ability|p1a: Lionheart|Intimidate|[of] p2a: Volcarona
|-unboost|p2a: Volcarona|atk|1
|turn|18
|
|switch|p2a: Gligar|Gligar, F|293\/334 brn
|move|p1a: Lionheart|Extreme Speed|p2a: Gligar
|-damage|p2a: Gligar|260\/334 brn
|
|-damage|p2a: Gligar|219\/334 brn|[from] brn
|turn|19
|
|move|p1a: Lionheart|Flare Blitz|p2a: Gligar
|-damage|p2a: Gligar|143\/334 brn
|-damage|p1a: Lionheart|285\/383|[from] recoil|[of] p2a: Gligar
|move|p2a: Gligar|Roost|p2a: Gligar
|-heal|p2a: Gligar|310\/334 brn
|
|-damage|p2a: Gligar|269\/334 brn|[from] brn
|turn|20
|
|move|p1a: Lionheart|Flare Blitz|p2a: Gligar
|-damage|p2a: Gligar|199\/334 brn
|-damage|p1a: Lionheart|262\/383|[from] recoil|[of] p2a: Gligar
|move|p2a: Gligar|Earthquake|p1a: Lionheart
|-supereffective|p1a: Lionheart
|-damage|p1a: Lionheart|182\/383
|
|-damage|p2a: Gligar|158\/334 brn|[from] brn
|turn|21
|
|switch|p1a: Mad Dog|Hitmonlee, M|286\/304
|move|p2a: Gligar|Roost|p2a: Gligar
|-heal|p2a: Gligar|325\/334 brn
|
|-damage|p2a: Gligar|284\/334 brn|[from] brn
|turn|22
|
|move|p1a: Mad Dog|Knock Off|p2a: Gligar
|-damage|p2a: Gligar|231\/334 brn
|-enditem|p2a: Gligar|Eviolite|[from] move: Knock Off|[of] p1a: Mad Dog
|move|p2a: Gligar|Earthquake|p1a: Mad Dog
|-damage|p1a: Mad Dog|207\/304
|
|-damage|p2a: Gligar|190\/334 brn|[from] brn
|turn|23
|
|switch|p1a: Lionheart|Arcanine, M|182\/383
|-ability|p1a: Lionheart|Intimidate|[of] p2a: Gligar
|-fail|p2a: Gligar|unboost|Attack|[from] ability: Hyper Cutter|[of] p2a: Gligar
|move|p2a: Gligar|U-turn|p1a: Lionheart
|-resisted|p1a: Lionheart
|-damage|p1a: Lionheart|173\/383
|-damage|p2a: Gligar|135\/334 brn|[from] item: Rocky Helmet|[of] p1a: Lionheart
|
|switch|p2a: Mienshao|Mienshao, M|136\/271
|
|turn|24
|
|move|p1a: Lionheart|Extreme Speed|p2a: Mienshao
|-damage|p2a: Mienshao|26\/271
|move|p2a: Mienshao|High Jump Kick|p1a: Lionheart
|-crit|p1a: Lionheart
|-damage|p1a: Lionheart|0 fnt
|-damage|p2a: Mienshao|0 fnt|[from] item: Rocky Helmet|[of] p1a: Lionheart
|faint|p1a: Lionheart
|faint|p2a: Mienshao
|
|
|switch|p1a: Stardust|Jirachi|341\/341
|switch|p2a: Gligar|Gligar, F|135\/334 brn
|turn|25
|
|move|p1a: Stardust|Psychic|p2a: Gligar
|-damage|p2a: Gligar|0 fnt
|faint|p2a: Gligar
|
|
|switch|p2a: Blissey|Blissey, F|293\/714
|turn|26
|
|move|p1a: Stardust|Stealth Rock|p2a: Blissey
|-sidestart|p2: boybutts|move: Stealth Rock
|move|p2a: Blissey|Wish|p2a: Blissey
|
|-heal|p2a: Blissey|337\/714|[from] item: Leftovers
|turn|27
|
|move|p1a: Stardust|Iron Head|p2a: Blissey
|-damage|p2a: Blissey|0 fnt
|faint|p2a: Blissey
|
|
|switch|p2a: Cloyster|Cloyster, M|242\/242
|-damage|p2a: Cloyster|182\/242|[from] Stealth Rock
|turn|28
|
|move|p1a: Stardust|Energy Ball|p2a: Cloyster
|-supereffective|p2a: Cloyster
|-damage|p2a: Cloyster|0 fnt
|faint|p2a: Cloyster
|
|chat|boybutts|gg
|
|switch|p2a: Volcarona|Volcarona, F|41\/374
|-damage|p2a: Volcarona|0 fnt|[from] Stealth Rock
|faint|p2a: Volcarona
|
|win|This Many Fucks
|raw|Ladder updating...
|raw|This Many Fucks's rating: 1481 &rarr; <strong>1497<\/strong><br \/>(+16 for winning)
|raw|boybutts's rating: 1412 &rarr; <strong>1396<\/strong><br \/>(-16 for losing)
|chat|This Many Fucks|gg
|leave|boybutts
|player|p2