|join|Apple Bacon
|join|This Many Fucks
|player|p1|Apple Bacon|264
|player|p2|This Many Fucks|172
|gametype|singles
|gen|6
|tier|UU
|rated
|rule|Sleep Clause Mod: Limit one foe put to sleep
|rule|Species Clause: Limit one of each Pokemon
|rule|OHKO Clause: OHKO moves are banned
|rule|Moody Clause: Moody is banned
|rule|Evasion Moves Clause: Evasion moves are banned
|rule|Endless Battle Clause: Forcing endless battles is banned.
|rule|HP Percentage Mod: HP is reported as percentages
|clearpoke
|poke|p1|Jirachi
|poke|p1|Slowbro, M
|poke|p1|Florges, F
|poke|p1|Blastoise, M
|poke|p1|Hydreigon, M
|poke|p1|Mienshao, M
|poke|p2|Alakazam, F
|poke|p2|Arcanine, F
|poke|p2|Florges, F
|poke|p2|Doublade, F
|poke|p2|Hitmonlee, M
|poke|p2|Jirachi
|teampreview
|
|start
|switch|p1a: Jirachi|Jirachi|341\/341
|switch|p2a: Lionheart|Arcanine, F|383\/383
|-ability|p2a: Lionheart|Intimidate|[of] p1a: Jirachi
|-unboost|p1a: Jirachi|atk|1
|turn|1
|chat|Apple Bacon|how many fucks?
|
|move|p1a: Jirachi|U-turn|p2a: Lionheart
|-resisted|p2a: Lionheart
|-damage|p2a: Lionheart|362\/383
|-damage|p1a: Jirachi|285\/341|[from] item: Rocky Helmet|[of] p2a: Lionheart
|
|switch|p1a: Slowbro|Slowbro, M|394\/394
|move|p2a: Lionheart|Will-O-Wisp|p1a: Slowbro
|-status|p1a: Slowbro|brn
|
|-damage|p1a: Slowbro|345\/394 brn|[from] brn
|turn|2
|
|switch|p2a: Stardust|Jirachi|341\/341
|move|p1a: Slowbro|Scald|p2a: Stardust
|-damage|p2a: Stardust|248\/341
|
|-heal|p1a: Slowbro|369\/394 brn|[from] item: Leftovers
|-damage|p1a: Slowbro|320\/394 brn|[from] brn
|turn|3
|
|switch|p1a: Blastoise|Blastoise, M|362\/362
|move|p2a: Stardust|Energy Ball|p1a: Blastoise
|-supereffective|p1a: Blastoise
|-damage|p1a: Blastoise|163\/362
|
|turn|4
|
|switch|p1a: Jirachi|Jirachi|285\/341
|move|p2a: Stardust|Energy Ball|p1a: Jirachi
|-resisted|p1a: Jirachi
|-damage|p1a: Jirachi|239\/341
|
|turn|5
|
|switch|p2a: Lionheart|Arcanine, F|362\/383
|-ability|p2a: Lionheart|Intimidate|[of] p1a: Jirachi
|-unboost|p1a: Jirachi|atk|1
|move|p1a: Jirachi|U-turn|p2a: Lionheart
|-resisted|p2a: Lionheart
|-damage|p2a: Lionheart|343\/383
|-damage|p1a: Jirachi|183\/341|[from] item: Rocky Helmet|[of] p2a: Lionheart
|
|switch|p1a: Slowbro|Slowbro, M|394\/394 brn
|
|-damage|p1a: Slowbro|345\/394 brn|[from] brn
|turn|6
|
|switch|p2a: Hagen-Dazs|Alakazam, F|251\/251
|move|p1a: Slowbro|Scald|p2a: Hagen-Dazs
|-damage|p2a: Hagen-Dazs|148\/251
|
|-heal|p1a: Slowbro|369\/394 brn|[from] item: Leftovers
|-damage|p1a: Slowbro|320\/394 brn|[from] brn
|turn|7
|
|switch|p1a: Jirachi|Jirachi|183\/341
|detailschange|p2a: Hagen-Dazs|Alakazam-Mega, F
|message|Alakazam has Mega Evolved into Mega Alakazam!
|-ability|p2a: Hagen-Dazs|Serene Grace|[from] ability: Trace|[of] p1a: Jirachi
|move|p2a: Hagen-Dazs|Shadow Ball|p1a: Jirachi
|-supereffective|p1a: Jirachi
|-damage|p1a: Jirachi|0 fnt
|faint|p1a: Jirachi
|
|
|switch|p1a: Florges|Florges, F|360\/360
|turn|8
|
|switch|p2a: Venetia Shield|Doublade, F|322\/322
|move|p1a: Florges|Moonblast|p2a: Venetia Shield
|-resisted|p2a: Venetia Shield
|-damage|p2a: Venetia Shield|254\/322
|
|turn|9
|
|switch|p1a: Hydreigon|Hydreigon, M|325\/325
|move|p2a: Venetia Shield|Gyro Ball|p1a: Hydreigon
|-crit|p1a: Hydreigon
|-damage|p1a: Hydreigon|0 fnt
|faint|p1a: Hydreigon
|
|
|switch|p1a: Mienshao|Mienshao, M|272\/272
|turn|10
|chat|Apple Bacon|how is mega zam uu
|
|move|p1a: Mienshao|Knock Off|p2a: Venetia Shield
|-supereffective|p2a: Venetia Shield
|-damage|p2a: Venetia Shield|82\/322
|-enditem|p2a: Venetia Shield|Eviolite|[from] move: Knock Off|[of] p1a: Mienshao
|move|p2a: Venetia Shield|Gyro Ball|p1a: Mienshao
|-damage|p1a: Mienshao|0 fnt
|faint|p1a: Mienshao
|
|-message|Apple Bacon forfeited.
|
|win|This Many Fucks
|raw|Ladder updating...
|leave|Apple Bacon
|player|p1
|raw|Apple Bacon's rating: 1421 &rarr; <strong>1401<\/strong><br \/>(-20 for losing)
|raw|This Many Fucks's rating: 1427 &rarr; <strong>1447<\/strong><br \/>(+20 for winning)