|join|This Many Fucks
|join|Orgetorix
|player|p1|This Many Fucks|172
|player|p2|Orgetorix|2
|gametype|singles
|gen|6
|tier|UU
|rated
|rule|Sleep Clause Mod: Limit one foe put to sleep
|rule|Species Clause: Limit one of each Pokemon
|rule|OHKO Clause: OHKO moves are banned
|rule|Moody Clause: Moody is banned
|rule|Evasion Moves Clause: Evasion moves are banned
|rule|Endless Battle Clause: Forcing endless battles is banned.
|rule|HP Percentage Mod: HP is reported as percentages
|clearpoke
|poke|p1|Alakazam, F
|poke|p1|Arcanine, M
|poke|p1|Florges, F
|poke|p1|Doublade, M
|poke|p1|Hitmonlee, M
|poke|p1|Jirachi
|poke|p2|Galvantula, M
|poke|p2|Alakazam, M
|poke|p2|Forretress, M
|poke|p2|Chandelure, F
|poke|p2|Hydreigon, M
|poke|p2|Mienshao, M
|teampreview
|
|start
|switch|p1a: Lionheart|Arcanine, M|383\/383
|switch|p2a: Galvantula|Galvantula, M|282\/282
|-ability|p1a: Lionheart|Intimidate|[of] p2a: Galvantula
|-unboost|p2a: Galvantula|atk|1
|turn|1
|
|move|p2a: Galvantula|Sticky Web|p1a: Lionheart
|-sidestart|p1: This Many Fucks|move: Sticky Web
|move|p1a: Lionheart|Flare Blitz|p2a: Galvantula
|-supereffective|p2a: Galvantula
|-enditem|p2a: Galvantula|Focus Sash
|-damage|p2a: Galvantula|1\/282
|-damage|p1a: Lionheart|290\/383|[from] recoil|[of] p2a: Galvantula
|
|turn|2
|
|move|p1a: Lionheart|Extreme Speed|p2a: Galvantula
|-damage|p2a: Galvantula|0 fnt
|faint|p2a: Galvantula
|
|
|switch|p2a: Hydreigon|Hydreigon, M|326\/326
|turn|3
|
|switch|p1a: Freya|Florges, F|360\/360
|-activate|p1a: Freya|move: Sticky Web
|-unboost|p1a: Freya|spe|1
|move|p2a: Hydreigon|Substitute|p2a: Hydreigon
|-start|p2a: Hydreigon|Substitute
|-damage|p2a: Hydreigon|245\/326
|
|-heal|p2a: Hydreigon|265\/326|[from] item: Leftovers
|turn|4
|
|move|p2a: Hydreigon|Flash Cannon|p1a: Freya
|-supereffective|p1a: Freya
|-damage|p1a: Freya|210\/360
|move|p1a: Freya|Moonblast|p2a: Hydreigon
|-supereffective|p2a: Hydreigon
|-end|p2a: Hydreigon|Substitute
|
|-heal|p2a: Hydreigon|285\/326|[from] item: Leftovers
|-heal|p1a: Freya|232\/360|[from] item: Leftovers
|turn|5
|
|switch|p2a: Forretress|Forretress, M|354\/354
|move|p1a: Freya|Wish|p1a: Freya
|
|-heal|p1a: Freya|254\/360|[from] item: Leftovers
|turn|6
|
|switch|p1a: Mad Dog|Hitmonlee, M|304\/304
|-activate|p1a: Mad Dog|move: Sticky Web
|-unboost|p1a: Mad Dog|spe|1
|move|p2a: Forretress|Stealth Rock|p1a: Mad Dog
|-sidestart|p1: This Many Fucks|move: Stealth Rock
|
|turn|7
|
|move|p1a: Mad Dog|Knock Off|p2a: Forretress
|-damage|p2a: Forretress|260\/354
|-enditem|p2a: Forretress|Leftovers|[from] move: Knock Off|[of] p1a: Mad Dog
|move|p2a: Forretress|Volt Switch|p1a: Mad Dog
|-crit|p1a: Mad Dog
|-damage|p1a: Mad Dog|269\/304
|
|switch|p2a: Alakazam|Alakazam, M|252\/252
|
|turn|8
|
|switch|p1a: Stardust|Jirachi|341\/341
|-activate|p1a: Stardust|move: Sticky Web
|-unboost|p1a: Stardust|spe|1
|-damage|p1a: Stardust|320\/341|[from] Stealth Rock
|detailschange|p2a: Alakazam|Alakazam-Mega, M
|message|Alakazam has Mega Evolved into Mega Alakazam!
|-ability|p2a: Alakazam|Serene Grace|[from] ability: Trace|[of] p1a: Stardust
|move|p2a: Alakazam|Psyshock|p1a: Stardust
|-resisted|p1a: Stardust
|-damage|p1a: Stardust|273\/341
|
|turn|9
|
|move|p2a: Alakazam|Shadow Ball|p1a: Stardust
|-supereffective|p1a: Stardust
|-damage|p1a: Stardust|23\/341
|move|p1a: Stardust|Stealth Rock|p2a: Alakazam
|-sidestart|p2: Orgetorix|move: Stealth Rock
|
|turn|10
|
|move|p2a: Alakazam|Shadow Ball|p1a: Stardust
|-supereffective|p1a: Stardust
|-damage|p1a: Stardust|0 fnt
|faint|p1a: Stardust
|
|
|switch|p1a: Lionheart|Arcanine, M|290\/383
|-activate|p1a: Lionheart|move: Sticky Web
|-unboost|p1a: Lionheart|spe|1
|-damage|p1a: Lionheart|195\/383|[from] Stealth Rock
|-ability|p1a: Lionheart|Intimidate|[of] p2a: Alakazam
|-unboost|p2a: Alakazam|atk|1
|turn|11
|
|switch|p2a: Chandelure|Chandelure, F|261\/261
|-damage|p2a: Chandelure|196\/261|[from] Stealth Rock
|move|p1a: Lionheart|Extreme Speed|p2a: Chandelure
|-immune|p2a: Chandelure|[msg]
|
|turn|12
|
|switch|p1a: Freya|Florges, F|254\/360
|-damage|p1a: Freya|209\/360|[from] Stealth Rock
|-activate|p1a: Freya|move: Sticky Web
|-unboost|p1a: Freya|spe|1
|move|p2a: Chandelure|Shadow Ball|p1a: Freya
|-damage|p1a: Freya|112\/360
|
|-heal|p1a: Freya|134\/360|[from] item: Leftovers
|turn|13
|
|move|p2a: Chandelure|Shadow Ball|p1a: Freya
|-damage|p1a: Freya|28\/360
|move|p1a: Freya|Wish|p1a: Freya
|
|-heal|p1a: Freya|50\/360|[from] item: Leftovers
|turn|14
|
|move|p1a: Freya|Protect|p1a: Freya
|-singleturn|p1a: Freya|Protect
|move|p2a: Chandelure|Shadow Ball|p1a: Freya
|-activate|p1a: Freya|Protect
|
|-heal|p1a: Freya|230\/360|[from] move: Wish|[wisher] Freya
|-heal|p1a: Freya|252\/360|[from] item: Leftovers
|turn|15
|
|switch|p2a: Forretress|Forretress, M|260\/354
|-damage|p2a: Forretress|216\/354|[from] Stealth Rock
|move|p1a: Freya|Moonblast|p2a: Forretress
|-resisted|p2a: Forretress
|-damage|p2a: Forretress|160\/354
|
|-heal|p1a: Freya|274\/360|[from] item: Leftovers
|turn|16
|
|switch|p1a: Venetia Shield|Doublade, M|322\/322
|-activate|p1a: Venetia Shield|move: Sticky Web
|-unboost|p1a: Venetia Shield|spe|1
|-damage|p1a: Venetia Shield|302\/322|[from] Stealth Rock
|move|p2a: Forretress|Rapid Spin|p1a: Venetia Shield
|-immune|p1a: Venetia Shield|[msg]
|
|turn|17
|
|switch|p2a: Chandelure|Chandelure, F|196\/261
|-damage|p2a: Chandelure|131\/261|[from] Stealth Rock
|move|p1a: Venetia Shield|Sacred Sword|p2a: Chandelure
|-immune|p2a: Chandelure|[msg]
|
|turn|18
|
|move|p1a: Venetia Shield|Shadow Sneak|p2a: Chandelure
|-supereffective|p2a: Chandelure
|-damage|p2a: Chandelure|0 fnt
|faint|p2a: Chandelure
|
|
|switch|p2a: Alakazam|Alakazam-Mega, M|252\/252
|-damage|p2a: Alakazam|221\/252|[from] Stealth Rock
|-ability|p2a: Alakazam|No Guard|[from] ability: Trace|[of] p1a: Venetia Shield
|turn|19
|
|switch|p1a: Freya|Florges, F|274\/360
|-damage|p1a: Freya|229\/360|[from] Stealth Rock
|-activate|p1a: Freya|move: Sticky Web
|-unboost|p1a: Freya|spe|1
|move|p2a: Alakazam|Shadow Ball|p1a: Freya
|-damage|p1a: Freya|134\/360
|-unboost|p1a: Freya|spd|1
|
|-heal|p1a: Freya|156\/360|[from] item: Leftovers
|turn|20
|
|move|p2a: Alakazam|Psyshock|p1a: Freya
|-damage|p1a: Freya|0 fnt
|faint|p1a: Freya
|
|
|switch|p1a: Lionheart|Arcanine, M|195\/383
|-damage|p1a: Lionheart|100\/383|[from] Stealth Rock
|-activate|p1a: Lionheart|move: Sticky Web
|-unboost|p1a: Lionheart|spe|1
|-ability|p1a: Lionheart|Intimidate|[of] p2a: Alakazam
|-unboost|p2a: Alakazam|atk|1
|turn|21
|
|switch|p2a: Forretress|Forretress, M|160\/354
|-damage|p2a: Forretress|116\/354|[from] Stealth Rock
|move|p1a: Lionheart|Extreme Speed|p2a: Forretress
|-crit|p2a: Forretress
|-resisted|p2a: Forretress
|-damage|p2a: Forretress|76\/354
|
|turn|22
|
|move|p1a: Lionheart|Morning Sun|p1a: Lionheart
|-heal|p1a: Lionheart|291\/383
|move|p2a: Forretress|Rapid Spin|p1a: Lionheart
|-damage|p1a: Lionheart|279\/383
|-damage|p2a: Forretress|17\/354|[from] item: Rocky Helmet|[of] p1a: Lionheart
|-sideend|p2: Orgetorix|Stealth Rock|[from] move: Rapid Spin|[of] p2a: Forretress
|
|turn|23
|
|move|p1a: Lionheart|Flare Blitz|p2a: Forretress
|-supereffective|p2a: Forretress
|-damage|p2a: Forretress|0 fnt
|-damage|p1a: Lionheart|273\/383|[from] recoil|[of] p2a: Forretress
|faint|p2a: Forretress
|
|
|switch|p2a: Hydreigon|Hydreigon, M|285\/326
|turn|24
|
|switch|p1a: Mad Dog|Hitmonlee, M|269\/304
|-damage|p1a: Mad Dog|250\/304|[from] Stealth Rock
|-activate|p1a: Mad Dog|move: Sticky Web
|-unboost|p1a: Mad Dog|spe|1
|move|p2a: Hydreigon|Substitute|p2a: Hydreigon
|-start|p2a: Hydreigon|Substitute
|-damage|p2a: Hydreigon|204\/326
|
|-heal|p2a: Hydreigon|224\/326|[from] item: Leftovers
|turn|25
|
|move|p1a: Mad Dog|Mach Punch|p2a: Hydreigon
|-supereffective|p2a: Hydreigon
|-end|p2a: Hydreigon|Substitute
|move|p2a: Hydreigon|Dragon Pulse|p1a: Mad Dog
|-damage|p1a: Mad Dog|150\/304
|
|-heal|p2a: Hydreigon|244\/326|[from] item: Leftovers
|turn|26
|
|move|p2a: Hydreigon|Dragon Pulse|p1a: Mad Dog
|-damage|p1a: Mad Dog|45\/304
|move|p1a: Mad Dog|High Jump Kick|p2a: Hydreigon
|-supereffective|p2a: Hydreigon
|-damage|p2a: Hydreigon|0 fnt
|faint|p2a: Hydreigon
|
|
|switch|p2a: Mienshao|Mienshao, M|272\/272
|turn|27
|
|move|p1a: Mad Dog|Mach Punch|p2a: Mienshao
|-damage|p2a: Mienshao|157\/272
|move|p2a: Mienshao|Knock Off|p1a: Mad Dog
|-resisted|p1a: Mad Dog
|-damage|p1a: Mad Dog|0 fnt
|-damage|p2a: Mienshao|130\/272|[from] item: Life Orb
|faint|p1a: Mad Dog
|
|
|switch|p1a: Lionheart|Arcanine, M|273\/383
|-activate|p1a: Lionheart|move: Sticky Web
|-unboost|p1a: Lionheart|spe|1
|-damage|p1a: Lionheart|178\/383|[from] Stealth Rock
|-ability|p1a: Lionheart|Intimidate|[of] p2a: Mienshao
|-unboost|p2a: Mienshao|atk|1
|turn|28
|
|move|p1a: Lionheart|Extreme Speed|p2a: Mienshao
|-damage|p2a: Mienshao|31\/272
|move|p2a: Mienshao|Knock Off|p1a: Lionheart
|-damage|p1a: Lionheart|95\/383
|-damage|p2a: Mienshao|0 fnt|[from] item: Rocky Helmet|[of] p1a: Lionheart
|faint|p2a: Mienshao
|
|
|switch|p2a: Alakazam|Alakazam-Mega, M|221\/252
|-ability|p2a: Alakazam|Intimidate|[from] ability: Trace|[of] p1a: Lionheart
|-ability|p2a: Alakazam|Intimidate|[of] p1a: Lionheart
|-unboost|p1a: Lionheart|atk|1
|turn|29
|
|move|p1a: Lionheart|Extreme Speed|p2a: Alakazam
|-damage|p2a: Alakazam|152\/252
|move|p2a: Alakazam|Psyshock|p1a: Lionheart
|-damage|p1a: Lionheart|0 fnt
|faint|p1a: Lionheart
|
|
|switch|p1a: Venetia Shield|Doublade, M|302\/322
|-activate|p1a: Venetia Shield|move: Sticky Web
|-unboost|p1a: Venetia Shield|spe|1
|-damage|p1a: Venetia Shield|282\/322|[from] Stealth Rock
|turn|30
|
|move|p1a: Venetia Shield|Shadow Sneak|p2a: Alakazam
|-crit|p2a: Alakazam
|-supereffective|p2a: Alakazam
|-damage|p2a: Alakazam|0 fnt
|faint|p2a: Alakazam
|
|win|This Many Fucks
|raw|Ladder updating...
|raw|This Many Fucks's rating: 1497 &rarr; <strong>1507<\/strong><br \/>(+10 for winning)
|raw|Orgetorix's rating: 1308 &rarr; <strong>1298<\/strong><br \/>(-10 for losing)
|chat|This Many Fucks|gg
|chat|Orgetorix|gg