|join|This Many Fucks
|join|Bluntz
|player|p1|This Many Fucks|172
|player|p2|Bluntz|121
|gametype|singles
|gen|6
|tier|UU
|rated
|rule|Sleep Clause Mod: Limit one foe put to sleep
|rule|Species Clause: Limit one of each Pokemon
|rule|OHKO Clause: OHKO moves are banned
|rule|Moody Clause: Moody is banned
|rule|Swagger Clause: Swagger is banned
|rule|Evasion Moves Clause: Evasion moves are banned
|rule|Endless Battle Clause: Forcing endless battles is banned
|rule|HP Percentage Mod: HP is reported as percentages
|clearpoke
|poke|p1|Alakazam, F
|poke|p1|Slowbro, M
|poke|p1|Mew
|poke|p1|Blissey, F
|poke|p1|Krookodile, F
|poke|p1|Fletchinder, F
|poke|p2|Celebi
|poke|p2|Entei, shiny
|poke|p2|Lucario, F
|poke|p2|Umbreon, F
|poke|p2|Hippowdon, F
|poke|p2|Crobat, F
|rule|Baton Pass Clause: Limit 3 pokemon knowing Baton Pass
|teampreview
|join|maasdfx
|join|Hailblacksnow
|chat|maasdfx|so many walls D;
|
|start
|switch|p1a: Mew|Mew|403\/403
|switch|p2a: Hippowdon|Hippowdon, F|420\/420
|turn|1
|
|move|p1a: Mew|Will-O-Wisp|p2a: Hippowdon
|-status|p2a: Hippowdon|brn
|move|p2a: Hippowdon|Stealth Rock|p1a: Mew
|-sidestart|p1: This Many Fucks|move: Stealth Rock
|
|-damage|p2a: Hippowdon|368\/420 brn|[from] brn
|turn|2
|
|switch|p2a: Celebi|Celebi|341\/341
|move|p1a: Mew|Defog|p2a: Celebi
|-unboost|p2a: Celebi|evasion|1
|-sideend|p1: This Many Fucks|Stealth Rock|[from] move: Defog|[of] p1a: Mew
|
|turn|3
|
|switch|p2a: Umbreon|Umbreon, F|394\/394
|move|p1a: Mew|Knock Off|p2a: Umbreon
|-crit|p2a: Umbreon
|-resisted|p2a: Umbreon
|-damage|p2a: Umbreon|344\/394
|-enditem|p2a: Umbreon|Leftovers|[from] move: Knock Off|[of] p1a: Mew
|
|turn|4
|
|switch|p1a: Blissey|Blissey, F|652\/652
|move|p2a: Umbreon|Heal Bell|p2a: Umbreon
|-cureteam|p2a: Umbreon|[from] move: HealBell
|
|turn|5
|
|switch|p2a: Hippowdon|Hippowdon, F|368\/420
|move|p1a: Blissey|Stealth Rock|p2a: Hippowdon
|-sidestart|p2: Bluntz|move: Stealth Rock
|
|turn|6
|
|move|p1a: Blissey|Seismic Toss|p2a: Hippowdon
|-damage|p2a: Hippowdon|268\/420
|-damage|p1a: Blissey|544\/652|[from] item: Rocky Helmet|[of] p2a: Hippowdon
|move|p2a: Hippowdon|Stealth Rock|p1a: Blissey
|-sidestart|p1: This Many Fucks|move: Stealth Rock
|
|-heal|p1a: Blissey|584\/652|[from] item: Leftovers
|turn|7
|
|switch|p1a: Mew|Mew|403\/403
|-damage|p1a: Mew|353\/403|[from] Stealth Rock
|move|p2a: Hippowdon|Earthquake|p1a: Mew
|-damage|p1a: Mew|218\/403
|
|-heal|p1a: Mew|243\/403|[from] item: Leftovers
|turn|8
|
|switch|p2a: Umbreon|Umbreon, F|344\/394
|-damage|p2a: Umbreon|295\/394|[from] Stealth Rock
|move|p1a: Mew|Defog|p2a: Umbreon
|-unboost|p2a: Umbreon|evasion|1
|-sideend|p2: Bluntz|Stealth Rock|[from] move: Defog|[of] p2a: Umbreon
|-sideend|p1: This Many Fucks|Stealth Rock|[from] move: Defog|[of] p1a: Mew
|
|-heal|p1a: Mew|268\/403|[from] item: Leftovers
|turn|9
|
|switch|p1a: Blissey|Blissey, F|584\/652
|move|p2a: Umbreon|Foul Play|p1a: Blissey
|-damage|p1a: Blissey|566\/652
|
|-heal|p1a: Blissey|606\/652|[from] item: Leftovers
|turn|10
|
|switch|p2a: Hippowdon|Hippowdon, F|268\/420
|switch|p1a: Haagen-Dazs|Alakazam, F|251\/251
|
|turn|11
|
|switch|p2a: Umbreon|Umbreon, F|295\/394
|move|p1a: Haagen-Dazs|Grass Knot|p2a: Umbreon
|-damage|p2a: Umbreon|252\/394
|
|turn|12
|
|move|p1a: Haagen-Dazs|Dazzling Gleam|p2a: Umbreon
|-supereffective|p2a: Umbreon
|-damage|p2a: Umbreon|142\/394
|move|p2a: Umbreon|Foul Play|p1a: Haagen-Dazs
|-supereffective|p1a: Haagen-Dazs
|-damage|p1a: Haagen-Dazs|83\/251
|
|turn|13
|
|move|p1a: Haagen-Dazs|Dazzling Gleam|p2a: Umbreon
|-supereffective|p2a: Umbreon
|-damage|p2a: Umbreon|24\/394
|move|p2a: Umbreon|Wish|p2a: Umbreon
|
|turn|14
|
|switch|p1a: Fletchinder|Fletchinder, F|265\/265
|move|p2a: Umbreon|Protect|p2a: Umbreon
|-fail|p2a: Umbreon
|
|-heal|p2a: Umbreon|221\/394|[from] move: Wish|[wisher] Umbreon
|turn|15
|
|switch|p2a: Hippowdon|Hippowdon, F|268\/420
|move|p1a: Fletchinder|Will-O-Wisp|p2a: Hippowdon
|-status|p2a: Hippowdon|brn
|
|-damage|p2a: Hippowdon|216\/420 brn|[from] brn
|turn|16
|
|move|p1a: Fletchinder|Acrobatics|p2a: Hippowdon
|-damage|p2a: Hippowdon|117\/420 brn
|-damage|p1a: Fletchinder|221\/265|[from] item: Rocky Helmet|[of] p2a: Hippowdon
|move|p2a: Hippowdon|Slack Off|p2a: Hippowdon
|-heal|p2a: Hippowdon|327\/420 brn
|
|-damage|p2a: Hippowdon|275\/420 brn|[from] brn
|turn|17
|
|move|p1a: Fletchinder|Swords Dance|p1a: Fletchinder
|-boost|p1a: Fletchinder|atk|2
|move|p2a: Hippowdon|Stealth Rock|p1a: Fletchinder
|-sidestart|p1: This Many Fucks|move: Stealth Rock
|
|-damage|p2a: Hippowdon|223\/420 brn|[from] brn
|turn|18
|
|move|p1a: Fletchinder|Acrobatics|p2a: Hippowdon
|-damage|p2a: Hippowdon|31\/420 brn
|-damage|p1a: Fletchinder|177\/265|[from] item: Rocky Helmet|[of] p2a: Hippowdon
|move|p2a: Hippowdon|Roar|p1a: Fletchinder
|drag|p1a: Haagen-Dazs|Alakazam, F|83\/251
|
|-damage|p2a: Hippowdon|0 fnt|[from] brn
|faint|p2a: Hippowdon
|
|switch|p2a: Crobat|Crobat, F|311\/311
|turn|19
|
|switch|p1a: Short Bus|Slowbro, M|394\/394
|-damage|p1a: Short Bus|345\/394|[from] Stealth Rock
|move|p2a: Crobat|Brave Bird|p1a: Short Bus
|-damage|p1a: Short Bus|239\/394
|-damage|p2a: Crobat|260\/311|[from] item: Rocky Helmet|[of] p1a: Short Bus
|-damage|p2a: Crobat|225\/311|[from] recoil|[of] p1a: Short Bus
|
|-heal|p2a: Crobat|244\/311|[from] item: Black Sludge
|turn|20
|leave|maasdfx
|
|switch|p2a: Celebi|Celebi|341\/341
|move|p1a: Short Bus|Scald|p2a: Celebi
|-resisted|p2a: Celebi
|-damage|p2a: Celebi|293\/341
|-status|p2a: Celebi|brn
|
|-heal|p2a: Celebi|314\/341 brn|[from] item: Leftovers
|-damage|p2a: Celebi|272\/341 brn|[from] brn
|turn|21
|
|switch|p2a: Lucario|Lucario, F|281\/281
|switch|p1a: Mew|Mew|268\/403
|-damage|p1a: Mew|218\/403|[from] Stealth Rock
|
|-heal|p1a: Mew|243\/403|[from] item: Leftovers
|turn|22
|
|switch|p2a: Umbreon|Umbreon, F|221\/394
|move|p1a: Mew|Will-O-Wisp|p2a: Umbreon
|-status|p2a: Umbreon|brn
|-status|p1a: Mew|brn
|
|-heal|p1a: Mew|268\/403 brn|[from] item: Leftovers
|-damage|p1a: Mew|218\/403 brn|[from] brn
|-damage|p2a: Umbreon|172\/394 brn|[from] brn
|turn|23
|
|move|p1a: Mew|Defog|p2a: Umbreon
|-unboost|p2a: Umbreon|evasion|1
|-sideend|p1: This Many Fucks|Stealth Rock|[from] move: Defog|[of] p1a: Mew
|move|p2a: Umbreon|Wish|p2a: Umbreon
|
|-heal|p1a: Mew|243\/403 brn|[from] item: Leftovers
|-damage|p1a: Mew|193\/403 brn|[from] brn
|-damage|p2a: Umbreon|123\/394 brn|[from] brn
|turn|24
|
|switch|p2a: Entei|Entei, shiny|371\/371
|-ability|p2a: Entei|Pressure
|move|p1a: Mew|Roost|p1a: Mew
|-heal|p1a: Mew|395\/403 brn
|
|-heal|p1a: Mew|403\/403 brn|[from] item: Leftovers
|-damage|p1a: Mew|353\/403 brn|[from] brn
|turn|25
|
|switch|p1a: Short Bus|Slowbro, M|370\/394
|move|p2a: Entei|Sacred Fire|p1a: Short Bus
|-resisted|p1a: Short Bus
|-damage|p1a: Short Bus|313\/394
|
|turn|26
|
|switch|p2a: Umbreon|Umbreon, F|123\/394 brn
|switch|p1a: Blissey|Blissey, F|606\/652
|
|-heal|p1a: Blissey|646\/652|[from] item: Leftovers
|-damage|p2a: Umbreon|74\/394 brn|[from] brn
|turn|27
|-message|Bluntz forfeited.
|
|win|This Many Fucks
|raw|Ladder updating...
|raw|This Many Fucks's rating: 1572 &rarr; <strong>1581<\/strong><br \/>(+9 for winning)
|raw|Bluntz's rating: 1358 &rarr; <strong>1349<\/strong><br \/>(-9 for losing)
|leave|Bluntz
|player|p2