|join|The leprechaun
|join|This Many Fucks
|player|p1|The leprechaun|253
|player|p2|This Many Fucks|172
|gametype|singles
|gen|6
|tier|UU
|rated
|rule|Sleep Clause Mod: Limit one foe put to sleep
|rule|Species Clause: Limit one of each Pokemon
|rule|OHKO Clause: OHKO moves are banned
|rule|Moody Clause: Moody is banned
|rule|Evasion Moves Clause: Evasion moves are banned
|rule|Endless Battle Clause: Forcing endless battles is banned.
|rule|HP Percentage Mod: HP is reported as percentages
|clearpoke
|poke|p1|Honchkrow, F
|poke|p1|Azelf
|poke|p1|Sharpedo, F
|poke|p1|Nidoking, M
|poke|p1|Virizion
|poke|p1|Kingdra, M
|poke|p2|Absol, M, shiny
|poke|p2|Chandelure, M, shiny
|poke|p2|Empoleon, M
|poke|p2|Noivern, M
|poke|p2|Krookodile, M
|poke|p2|Rotom-Heat
|teampreview
|chat|The leprechaun|hf man
|
|start
|switch|p1a: Azelf|Azelf|292\/292
|switch|p2a: Red XIII|Absol, M, shiny|271\/271
|turn|1
|chat|This Many Fucks|u dos
|
|detailschange|p2a: Red XIII|Absol-Mega, M, shiny
|message|Absol has Mega Evolved into Mega Absol!
|move|p2a: Red XIII|Sucker Punch|p1a: Azelf
|-supereffective|p1a: Azelf
|-enditem|p1a: Azelf|Focus Sash
|-damage|p1a: Azelf|1\/292
|move|p1a: Azelf|Explosion|p2a: Red XIII
|-damage|p2a: Red XIII|0 fnt
|faint|p2a: Red XIII
|faint|p1a: Azelf
|
|
|switch|p1a: Nidoking|Nidoking, M|304\/304
|switch|p2a: Ez Bake|Rotom-Heat|303\/303
|turn|2
|
|move|p1a: Nidoking|Sludge Wave|p2a: Ez Bake
|-damage|p2a: Ez Bake|100\/303
|move|p2a: Ez Bake|Overheat|p1a: Nidoking
|-crit|p1a: Nidoking
|-damage|p1a: Nidoking|0 fnt
|-unboost|p2a: Ez Bake|spa|2
|faint|p1a: Nidoking
|
|-heal|p2a: Ez Bake|118\/303|[from] item: Leftovers
|
|switch|p1a: Honchkrow|Honchkrow, F|341\/341
|turn|3
|
|move|p1a: Honchkrow|Night Slash|p2a: Ez Bake
|-damage|p2a: Ez Bake|9\/303
|-damage|p1a: Honchkrow|307\/341|[from] item: Life Orb
|move|p2a: Ez Bake|Will-O-Wisp|p1a: Honchkrow
|-status|p1a: Honchkrow|brn
|
|-heal|p2a: Ez Bake|27\/303|[from] item: Leftovers
|-damage|p1a: Honchkrow|265\/341 brn|[from] brn
|turn|4
|
|switch|p2a: Triton|Empoleon, M|371\/371
|move|p1a: Honchkrow|Night Slash|p2a: Triton
|-damage|p2a: Triton|264\/371
|-damage|p1a: Honchkrow|231\/341 brn|[from] item: Life Orb
|
|-heal|p2a: Triton|287\/371|[from] item: Leftovers
|-damage|p1a: Honchkrow|189\/341 brn|[from] brn
|turn|5
|
|move|p1a: Honchkrow|Superpower|p2a: Triton
|-supereffective|p2a: Triton
|-damage|p2a: Triton|50\/371
|-unboost|p1a: Honchkrow|atk|1
|-unboost|p1a: Honchkrow|def|1
|-damage|p1a: Honchkrow|155\/341 brn|[from] item: Life Orb
|move|p2a: Triton|Stealth Rock|p1a: Honchkrow
|-sidestart|p1: The leprechaun|move: Stealth Rock
|
|-heal|p2a: Triton|73\/371|[from] item: Leftovers
|-damage|p1a: Honchkrow|113\/341 brn|[from] brn
|turn|6
|
|move|p1a: Honchkrow|Brave Bird|p2a: Triton
|-resisted|p2a: Triton
|-damage|p2a: Triton|18\/371
|-damage|p1a: Honchkrow|95\/341 brn|[from] recoil|[of] p2a: Triton
|-damage|p1a: Honchkrow|61\/341 brn|[from] item: Life Orb
|move|p2a: Triton|Scald|p1a: Honchkrow
|-damage|p1a: Honchkrow|0 fnt
|faint|p1a: Honchkrow
|
|-heal|p2a: Triton|41\/371|[from] item: Leftovers
|
|switch|p1a: Kingdra|Kingdra, M|291\/291
|-damage|p1a: Kingdra|255\/291|[from] Stealth Rock
|turn|7
|
|move|p1a: Kingdra|Rain Dance|p1a: Kingdra
|-weather|RainDance
|move|p2a: Triton|Roar|p1a: Kingdra
|drag|p1a: Sharpedo|Sharpedo, F|281\/281
|-damage|p1a: Sharpedo|246\/281|[from] Stealth Rock
|
|-weather|RainDance|[upkeep]
|-heal|p2a: Triton|64\/371|[from] item: Leftovers
|turn|8
|
|move|p1a: Sharpedo|Crunch|p2a: Triton
|-damage|p2a: Triton|0 fnt
|-damage|p1a: Sharpedo|218\/281|[from] item: Life Orb
|faint|p2a: Triton
|
|-weather|RainDance|[upkeep]
|-boost|p1a: Sharpedo|spe|1|[from] ability: Speed Boost
|
|switch|p2a: ReadingRainbow|Noivern, M|311\/311
|turn|9
|
|switch|p2a: Ez Bake|Rotom-Heat|27\/303
|move|p1a: Sharpedo|Crunch|p2a: Ez Bake
|-damage|p2a: Ez Bake|0 fnt
|-damage|p1a: Sharpedo|190\/281|[from] item: Life Orb
|faint|p2a: Ez Bake
|
|-weather|RainDance|[upkeep]
|-boost|p1a: Sharpedo|spe|1|[from] ability: Speed Boost
|
|switch|p2a: ReadingRainbow|Noivern, M|311\/311
|turn|10
|
|move|p1a: Sharpedo|Crunch|p2a: ReadingRainbow
|-damage|p2a: ReadingRainbow|73\/311
|-damage|p1a: Sharpedo|162\/281|[from] item: Life Orb
|move|p2a: ReadingRainbow|Draco Meteor|p1a: Sharpedo
|-damage|p1a: Sharpedo|0 fnt
|-unboost|p2a: ReadingRainbow|spa|2
|-damage|p2a: ReadingRainbow|42\/311|[from] item: Life Orb
|faint|p1a: Sharpedo
|
|-weather|RainDance|[upkeep]
|
|switch|p1a: Kingdra|Kingdra, M|255\/291
|-damage|p1a: Kingdra|219\/291|[from] Stealth Rock
|turn|11
|
|move|p1a: Kingdra|Dragon Pulse|p2a: ReadingRainbow
|-supereffective|p2a: ReadingRainbow
|-damage|p2a: ReadingRainbow|0 fnt
|-damage|p1a: Kingdra|190\/291|[from] item: Life Orb
|faint|p2a: ReadingRainbow
|
|-weather|none
|
|switch|p2a: Dong Nose|Krookodile, M|331\/331
|turn|12
|
|switch|p1a: Virizion|Virizion|324\/324
|-damage|p1a: Virizion|304\/324|[from] Stealth Rock
|move|p2a: Dong Nose|Knock Off|p1a: Virizion
|-resisted|p1a: Virizion
|-damage|p1a: Virizion|201\/324
|-boost|p1a: Virizion|atk|1|[from] ability: Justified
|-enditem|p1a: Virizion|Lum Berry|[from] move: Knock Off|[of] p2a: Dong Nose
|
|turn|13
|
|switch|p2a: Lumire|Chandelure, M, shiny|293\/293
|move|p1a: Virizion|Swords Dance|p1a: Virizion
|-boost|p1a: Virizion|atk|2
|
|turn|14
|
|move|p1a: Virizion|Stone Edge|p2a: Lumire|[miss]
|-miss|p1a: Virizion|p2a: Lumire
|move|p2a: Lumire|Shadow Ball|p1a: Virizion
|-damage|p1a: Virizion|18\/324
|-damage|p2a: Lumire|264\/293|[from] item: Life Orb
|
|turn|15
|chat|The leprechaun|lame
|
|switch|p2a: Dong Nose|Krookodile, M|331\/331
|move|p1a: Virizion|Leaf Blade|p2a: Dong Nose
|-supereffective|p2a: Dong Nose
|-damage|p2a: Dong Nose|0 fnt
|faint|p2a: Dong Nose
|
|
|switch|p2a: Lumire|Chandelure, M, shiny|264\/293
|turn|16
|
|move|p1a: Virizion|Stone Edge|p2a: Lumire
|-crit|p2a: Lumire
|-supereffective|p2a: Lumire
|-damage|p2a: Lumire|0 fnt
|faint|p2a: Lumire
|
|win|The leprechaun
|raw|Ladder updating...
|raw|The leprechaun's rating: 1541 &rarr; <strong>1556<\/strong><br \/>(+15 for winning)
|raw|This Many Fucks's rating: 1458 &rarr; <strong>1443<\/strong><br \/>(-15 for losing)
|chat|The leprechaun|gg
|leave|This Many Fucks
|player|p2