|join|poonHunter (DD)
|join|This Many Fucks
|player|p1|poonHunter (DD)|125
|player|p2|This Many Fucks|172
|gametype|singles
|gen|6
|tier|UU
|rated
|rule|Sleep Clause Mod: Limit one foe put to sleep
|rule|Species Clause: Limit one of each PokÃ©mon
|rule|OHKO Clause: OHKO moves are banned
|rule|Moody Clause: Moody is banned
|rule|Evasion Moves Clause: Evasion moves are banned
|rule|Endless Battle Clause: Forcing endless battles is banned
|rule|HP Percentage Mod: HP is shown in percentages
|clearpoke
|poke|p1|Pidgeot, F
|poke|p1|Vaporeon, M
|poke|p1|Nidoking, M
|poke|p1|Jirachi
|poke|p1|Gligar, F
|poke|p1|Lucario, M
|poke|p2|Jellicent, M
|poke|p2|Zygarde
|poke|p2|Aggron, M
|poke|p2|Blissey, F
|poke|p2|Forretress, M, shiny
|poke|p2|Aromatisse, F
|rule|Swagger Clause: Swagger is banned
|rule|Baton Pass Clause: Limit one PokÃ©mon knowing Baton Pass
|teampreview
|
|start
|switch|p1a: Pidgeot|Pidgeot, F|307\/307
|switch|p2a: Aggron|Aggron, M|344\/344
|turn|1
|
|detailschange|p1a: Pidgeot|Pidgeot-Mega, F
|message|Pidgeot has Mega Evolved into Mega Pidgeot!
|detailschange|p2a: Aggron|Aggron-Mega, M
|message|Aggron has Mega Evolved into Mega Aggron!
|move|p1a: Pidgeot|Heat Wave|p2a: Aggron
|-supereffective|p2a: Aggron
|-damage|p2a: Aggron|208\/344
|move|p2a: Aggron|Stealth Rock|p1a: Pidgeot
|-sidestart|p1: poonHunter (DD)|move: Stealth Rock
|
|turn|2
|
|move|p1a: Pidgeot|Heat Wave|p2a: Aggron
|-supereffective|p2a: Aggron
|-damage|p2a: Aggron|72\/344
|move|p2a: Aggron|Heavy Slam|p1a: Pidgeot
|-damage|p1a: Pidgeot|75\/307
|
|turn|3
|
|switch|p2a: Teen Mom|Blissey, F|714\/714
|move|p1a: Pidgeot|Hurricane|p2a: Teen Mom
|-damage|p2a: Teen Mom|555\/714
|
|-heal|p2a: Teen Mom|599\/714|[from] item: Leftovers
|turn|4
|
|move|p1a: Pidgeot|Roost|p1a: Pidgeot
|-heal|p1a: Pidgeot|229\/307
|move|p2a: Teen Mom|Wish|p2a: Teen Mom
|
|-heal|p2a: Teen Mom|643\/714|[from] item: Leftovers
|turn|5
|
|move|p1a: Pidgeot|Heat Wave|p2a: Teen Mom
|-damage|p2a: Teen Mom|546\/714
|-status|p2a: Teen Mom|brn
|move|p2a: Teen Mom|Seismic Toss|p1a: Pidgeot
|-damage|p1a: Pidgeot|129\/307
|
|-heal|p2a: Teen Mom|714\/714 brn|[from] move: Wish|[wisher] Teen Mom
|-damage|p2a: Teen Mom|625\/714 brn|[from] brn
|turn|6
|join|bggghghhh
|leave|bggghghhh
|
|move|p1a: Pidgeot|Roost|p1a: Pidgeot
|-heal|p1a: Pidgeot|283\/307
|move|p2a: Teen Mom|Wish|p2a: Teen Mom
|
|-heal|p2a: Teen Mom|669\/714 brn|[from] item: Leftovers
|-damage|p2a: Teen Mom|580\/714 brn|[from] brn
|turn|7
|
|switch|p2a: Pringles|Jellicent, M|403\/403
|move|p1a: Pidgeot|Heat Wave|p2a: Pringles
|-resisted|p2a: Pringles
|-damage|p2a: Pringles|350\/403
|
|-heal|p2a: Pringles|403\/403|[from] move: Wish|[wisher] Teen Mom
|turn|8
|
|move|p1a: Pidgeot|Hurricane|p2a: Pringles
|-damage|p2a: Pringles|210\/403
|move|p2a: Pringles|Will-O-Wisp|p1a: Pidgeot
|-status|p1a: Pidgeot|brn
|
|-heal|p2a: Pringles|235\/403|[from] item: Leftovers
|-damage|p1a: Pidgeot|245\/307 brn|[from] brn
|turn|9
|
|move|p1a: Pidgeot|Hurricane|p2a: Pringles
|-damage|p2a: Pringles|40\/403
|move|p2a: Pringles|Recover|p2a: Pringles
|-heal|p2a: Pringles|242\/403
|
|-heal|p2a: Pringles|267\/403|[from] item: Leftovers
|-damage|p1a: Pidgeot|207\/307 brn|[from] brn
|turn|10
|
|switch|p2a: Teen Mom|Blissey, F|580\/714
|move|p1a: Pidgeot|U-turn|p2a: Teen Mom
|-damage|p2a: Teen Mom|544\/714
|
|switch|p1a: Lucario|Lucario, M|281\/281
|-damage|p1a: Lucario|273\/281|[from] Stealth Rock
|
|-heal|p2a: Teen Mom|588\/714|[from] item: Leftovers
|turn|11
|
|switch|p1a: Gligar|Gligar, F|334\/334
|-damage|p1a: Gligar|293\/334|[from] Stealth Rock
|switch|p2a: Pringles|Jellicent, M|267\/403
|
|-heal|p2a: Pringles|292\/403|[from] item: Leftovers
|turn|12
|
|move|p1a: Gligar|Defog|p2a: Pringles
|-unboost|p2a: Pringles|evasion|1
|-sideend|p1: poonHunter (DD)|Stealth Rock|[from] move: Defog|[of] p1a: Gligar
|move|p2a: Pringles|Taunt|p1a: Gligar
|-start|p1a: Gligar|move: Taunt
|
|-heal|p2a: Pringles|317\/403|[from] item: Leftovers
|turn|13
|
|move|p1a: Gligar|U-turn|p2a: Pringles
|-resisted|p2a: Pringles
|-damage|p2a: Pringles|295\/403
|
|switch|p1a: Pidgeot|Pidgeot-Mega, F|207\/307 brn
|move|p2a: Pringles|Will-O-Wisp|p1a: Pidgeot
|-fail|p1a: Pidgeot|brn
|
|-heal|p2a: Pringles|320\/403|[from] item: Leftovers
|-damage|p1a: Pidgeot|169\/307 brn|[from] brn
|turn|14
|
|move|p1a: Pidgeot|Roost|p1a: Pidgeot
|-heal|p1a: Pidgeot|307\/307 brn
|move|p2a: Pringles|Taunt|p1a: Pidgeot
|-start|p1a: Pidgeot|move: Taunt
|
|-heal|p2a: Pringles|345\/403|[from] item: Leftovers
|-damage|p1a: Pidgeot|269\/307 brn|[from] brn
|turn|15
|
|move|p1a: Pidgeot|Hurricane|p2a: Pringles
|-crit|p2a: Pringles
|-damage|p2a: Pringles|80\/403
|-start|p2a: Pringles|confusion
|-activate|p2a: Pringles|confusion
|-damage|p2a: Pringles|65\/403|[from] confusion
|
|-heal|p2a: Pringles|90\/403|[from] item: Leftovers
|-damage|p1a: Pidgeot|231\/307 brn|[from] brn
|turn|16
|c|âThis Many Fucks|ofc
|
|switch|p2a: Teen Mom|Blissey, F|588\/714
|move|p1a: Pidgeot|U-turn|p2a: Teen Mom
|-damage|p2a: Teen Mom|551\/714
|
|switch|p1a: Lucario|Lucario, M|273\/281
|
|-heal|p2a: Teen Mom|595\/714|[from] item: Leftovers
|turn|17
|
|switch|p2a: Gooch|Aromatisse, F|405\/405
|move|p1a: Lucario|Swords Dance|p1a: Lucario
|-boost|p1a: Lucario|atk|2
|
|turn|18
|
|move|p1a: Lucario|Extreme Speed|p2a: Gooch
|-damage|p2a: Gooch|214\/405
|-damage|p1a: Lucario|245\/281|[from] item: Life Orb
|move|p2a: Gooch|Moonblast|p1a: Lucario
|-damage|p1a: Lucario|85\/281
|
|-heal|p2a: Gooch|239\/405|[from] item: Leftovers
|turn|19
|
|switch|p1a: Jirachi|Jirachi|341\/341
|move|p2a: Gooch|Moonblast|p1a: Jirachi
|-resisted|p1a: Jirachi
|-damage|p1a: Jirachi|287\/341
|
|-heal|p2a: Gooch|264\/405|[from] item: Leftovers
|turn|20
|
|move|p2a: Gooch|Protect|p2a: Gooch
|-singleturn|p2a: Gooch|Protect
|move|p1a: Jirachi|U-turn|p2a: Gooch
|-activate|p2a: Gooch|Protect
|
|-heal|p2a: Gooch|289\/405|[from] item: Leftovers
|turn|21
|
|move|p1a: Jirachi|U-turn|p2a: Gooch
|-crit|p2a: Gooch
|-resisted|p2a: Gooch
|-damage|p2a: Gooch|244\/405
|
|switch|p1a: Nidoking|Nidoking, M|304\/304
|move|p2a: Gooch|Wish|p2a: Gooch
|
|-heal|p2a: Gooch|269\/405|[from] item: Leftovers
|turn|22
|
|switch|p2a: Teen Mom|Blissey, F|595\/714
|move|p1a: Nidoking|Thunderbolt|p2a: Teen Mom
|-damage|p2a: Teen Mom|486\/714
|
|-heal|p2a: Teen Mom|688\/714|[from] move: Wish|[wisher] Gooch
|-heal|p2a: Teen Mom|714\/714|[from] item: Leftovers
|turn|23
|join|Hagi-Leol
|
|move|p1a: Nidoking|Earth Power|p2a: Teen Mom
|-damage|p2a: Teen Mom|565\/714
|move|p2a: Teen Mom|Seismic Toss|p1a: Nidoking
|-damage|p1a: Nidoking|204\/304
|
|-heal|p2a: Teen Mom|609\/714|[from] item: Leftovers
|turn|24
|
|switch|p1a: Pidgeot|Pidgeot-Mega, F|231\/307 brn
|move|p2a: Teen Mom|Seismic Toss|p1a: Pidgeot
|-damage|p1a: Pidgeot|131\/307 brn
|
|-heal|p2a: Teen Mom|653\/714|[from] item: Leftovers
|-damage|p1a: Pidgeot|93\/307 brn|[from] brn
|turn|25
|
|move|p1a: Pidgeot|Roost|p1a: Pidgeot
|-heal|p1a: Pidgeot|247\/307 brn
|move|p2a: Teen Mom|Wish|p2a: Teen Mom
|
|-heal|p2a: Teen Mom|697\/714|[from] item: Leftovers
|-damage|p1a: Pidgeot|209\/307 brn|[from] brn
|turn|26
|
|move|p1a: Pidgeot|Heat Wave|p2a: Teen Mom
|-damage|p2a: Teen Mom|602\/714
|move|p2a: Teen Mom|Seismic Toss|p1a: Pidgeot
|-damage|p1a: Pidgeot|109\/307 brn
|
|-heal|p2a: Teen Mom|714\/714|[from] move: Wish|[wisher] Teen Mom
|-damage|p1a: Pidgeot|71\/307 brn|[from] brn
|turn|27
|
|switch|p2a: Pringles|Jellicent, M|90\/403
|move|p1a: Pidgeot|Roost|p1a: Pidgeot
|-heal|p1a: Pidgeot|225\/307 brn
|
|-heal|p2a: Pringles|115\/403|[from] item: Leftovers
|-damage|p1a: Pidgeot|187\/307 brn|[from] brn
|turn|28
|
|switch|p2a: Teen Mom|Blissey, F|714\/714
|move|p1a: Pidgeot|Hurricane|p2a: Teen Mom
|-damage|p2a: Teen Mom|552\/714
|
|-heal|p2a: Teen Mom|596\/714|[from] item: Leftovers
|-damage|p1a: Pidgeot|149\/307 brn|[from] brn
|turn|29
|
|move|p1a: Pidgeot|Roost|p1a: Pidgeot
|-heal|p1a: Pidgeot|303\/307 brn
|move|p2a: Teen Mom|Seismic Toss|p1a: Pidgeot
|-damage|p1a: Pidgeot|203\/307 brn
|
|-heal|p2a: Teen Mom|640\/714|[from] item: Leftovers
|-damage|p1a: Pidgeot|165\/307 brn|[from] brn
|turn|30
|
|move|p1a: Pidgeot|U-turn|p2a: Teen Mom
|-damage|p2a: Teen Mom|599\/714
|
|switch|p1a: Lucario|Lucario, M|85\/281
|move|p2a: Teen Mom|Seismic Toss|p1a: Lucario
|-damage|p1a: Lucario|0 fnt
|faint|p1a: Lucario
|
|-heal|p2a: Teen Mom|643\/714|[from] item: Leftovers
|
|switch|p1a: Jirachi|Jirachi|287\/341
|turn|31
|
|move|p2a: Teen Mom|Protect|p2a: Teen Mom
|-singleturn|p2a: Teen Mom|Protect
|move|p1a: Jirachi|Trick|p2a: Teen Mom
|-activate|p2a: Teen Mom|Protect
|
|-heal|p2a: Teen Mom|687\/714|[from] item: Leftovers
|turn|32
|
|switch|p1a: Nidoking|Nidoking, M|204\/304
|switch|p2a: Aggron|Aggron-Mega, M|72\/344
|
|turn|33
|
|switch|p2a: Teen Mom|Blissey, F|687\/714
|move|p1a: Nidoking|Earth Power|p2a: Teen Mom
|-damage|p2a: Teen Mom|541\/714
|
|-heal|p2a: Teen Mom|585\/714|[from] item: Leftovers
|turn|34
|-message|poonHunter (DD) forfeited.
|
|win|This Many Fucks
|raw|Ladder updating...
|leave|poonHunter (DD)
|player|p1
|raw|poonHunter (DD)'s rating: 1589 &rarr; <strong>1559<\/strong><br \/>(-30 for losing)
|raw|This Many Fucks's rating: 1389 &rarr; <strong>1419<\/strong><br \/>(+30 for winning)