|join|sk8rgurl
|join|This Many Fucks
|player|p1|sk8rgurl|66
|player|p2|This Many Fucks|172
|gametype|singles
|gen|6
|tier|UU
|rated
|rule|Sleep Clause Mod: Limit one foe put to sleep
|rule|Species Clause: Limit one of each Pokemon
|rule|OHKO Clause: OHKO moves are banned
|rule|Moody Clause: Moody is banned
|rule|Evasion Moves Clause: Evasion moves are banned
|rule|Endless Battle Clause: Forcing endless battles is banned
|rule|HP Percentage Mod: HP is reported as percentages
|clearpoke
|poke|p1|Kyurem
|poke|p1|Florges, F
|poke|p1|Hitmontop, M
|poke|p1|Aerodactyl, M
|poke|p1|Swampert, F
|poke|p1|Chandelure, M
|poke|p2|Jirachi
|poke|p2|Staraptor, F
|poke|p2|Blissey, F
|poke|p2|Alomomola, M
|poke|p2|Starmie
|poke|p2|Forretress, M, shiny
|rule|Baton Pass Clause: Limit 3 pokemon knowing Baton Pass
|teampreview
|
|start
|switch|p1a: Chandelure|Chandelure, M|262\/262
|switch|p2a: Bloodwing|Staraptor, F|311\/311
|turn|1
|
|switch|p1a: Aerodactyl|Aerodactyl, M|302\/302
|-ability|p1a: Aerodactyl|Unnerve|p2: This Many Fucks
|move|p2a: Bloodwing|U-turn|p1a: Aerodactyl
|-resisted|p1a: Aerodactyl
|-damage|p1a: Aerodactyl|217\/302
|
|switch|p2a: Starmie|Starmie|261\/261
|
|turn|2
|
|detailschange|p1a: Aerodactyl|Aerodactyl-Mega, M
|message|Aerodactyl has Mega Evolved into Mega Aerodactyl!
|move|p1a: Aerodactyl|Stone Edge|p2a: Starmie
|-crit|p2a: Starmie
|-damage|p2a: Starmie|0 fnt
|faint|p2a: Starmie
|
|chat|This Many Fucks|lol ofc
|
|switch|p2a: Clit|Alomomola, M|515\/515
|turn|3
|
|switch|p1a: Florges|Florges, F|360\/360
|move|p2a: Clit|Scald|p1a: Florges
|-damage|p1a: Florges|332\/360
|
|-heal|p1a: Florges|354\/360|[from] item: Leftovers
|turn|4
|
|switch|p2a: Walnut|Forretress, M, shiny|354\/354
|move|p1a: Florges|Wish|p1a: Florges
|
|-heal|p1a: Florges|360\/360|[from] item: Leftovers
|turn|5
|
|switch|p1a: Chandelure|Chandelure, M|262\/262
|move|p2a: Walnut|Toxic|p1a: Chandelure
|-status|p1a: Chandelure|tox
|
|-damage|p1a: Chandelure|246\/262 tox|[from] psn
|turn|6
|
|switch|p1a: Hitmontop|Hitmontop, M|293\/293
|-ability|p1a: Hitmontop|Intimidate|[of] p2a: Walnut
|-unboost|p2a: Walnut|atk|1
|switch|p2a: Blissey|Blissey, F|652\/652
|
|turn|7
|
|switch|p2a: Walnut|Forretress, M, shiny|354\/354
|move|p1a: Hitmontop|Close Combat|p2a: Walnut
|-damage|p2a: Walnut|251\/354
|-unboost|p1a: Hitmontop|def|1
|-unboost|p1a: Hitmontop|spd|1
|
|-heal|p2a: Walnut|273\/354|[from] item: Leftovers
|turn|8
|
|switch|p1a: Florges|Florges, F|360\/360
|move|p2a: Walnut|Spikes|p1a: Florges
|-sidestart|p1: sk8rgurl|Spikes
|
|-heal|p2a: Walnut|295\/354|[from] item: Leftovers
|turn|9
|
|move|p1a: Florges|Aromatherapy|p1a: Florges
|-cureteam|p1a: Florges|[from] move: Aromatherapy
|move|p2a: Walnut|Spikes|p1a: Florges
|-sidestart|p1: sk8rgurl|Spikes
|
|-heal|p2a: Walnut|317\/354|[from] item: Leftovers
|turn|10
|
|switch|p1a: Chandelure|Chandelure, M|246\/262
|-damage|p1a: Chandelure|203\/262|[from] Spikes
|move|p2a: Walnut|Toxic|p1a: Chandelure
|-status|p1a: Chandelure|tox
|
|-heal|p2a: Walnut|339\/354|[from] item: Leftovers
|-damage|p1a: Chandelure|187\/262 tox|[from] psn
|turn|11
|
|switch|p1a: Hitmontop|Hitmontop, M|293\/293
|-damage|p1a: Hitmontop|245\/293|[from] Spikes
|-ability|p1a: Hitmontop|Intimidate|[of] p2a: Walnut
|-unboost|p2a: Walnut|atk|1
|switch|p2a: Blissey|Blissey, F|652\/652
|
|-heal|p1a: Hitmontop|263\/293|[from] item: Leftovers
|turn|12
|
|move|p1a: Hitmontop|Rapid Spin|p2a: Blissey
|-damage|p2a: Blissey|612\/652
|-sideend|p1: sk8rgurl|Spikes|[from] move: Rapid Spin|[of] p1a: Hitmontop
|move|p2a: Blissey|Toxic|p1a: Hitmontop
|-status|p1a: Hitmontop|tox
|
|-heal|p1a: Hitmontop|281\/293 tox|[from] item: Leftovers
|-heal|p2a: Blissey|652\/652|[from] item: Leftovers
|-damage|p1a: Hitmontop|263\/293 tox|[from] psn
|turn|13
|
|switch|p1a: Florges|Florges, F|360\/360
|switch|p2a: Walnut|Forretress, M, shiny|339\/354
|
|-heal|p2a: Walnut|354\/354|[from] item: Leftovers
|turn|14
|
|move|p1a: Florges|Aromatherapy|p1a: Florges
|-cureteam|p1a: Florges|[from] move: Aromatherapy
|move|p2a: Walnut|Spikes|p1a: Florges
|-sidestart|p1: sk8rgurl|Spikes
|
|turn|15
|
|move|p1a: Florges|Wish|p1a: Florges
|move|p2a: Walnut|Toxic|p1a: Florges
|-status|p1a: Florges|tox
|
|-damage|p1a: Florges|338\/360 tox|[from] psn
|turn|16
|
|switch|p1a: Chandelure|Chandelure, M|187\/262
|-damage|p1a: Chandelure|155\/262|[from] Spikes
|move|p2a: Walnut|Volt Switch|p1a: Chandelure
|-damage|p1a: Chandelure|118\/262
|
|switch|p2a: Blissey|Blissey, F|652\/652
|
|-heal|p1a: Chandelure|262\/262|[from] move: Wish|[wisher] Florges
|turn|17
|
|switch|p1a: Hitmontop|Hitmontop, M|263\/293
|-damage|p1a: Hitmontop|227\/293|[from] Spikes
|-ability|p1a: Hitmontop|Intimidate|[of] p2a: Blissey
|-unboost|p2a: Blissey|atk|1
|move|p2a: Blissey|Toxic|p1a: Hitmontop
|-status|p1a: Hitmontop|tox
|
|-heal|p1a: Hitmontop|245\/293 tox|[from] item: Leftovers
|-damage|p1a: Hitmontop|227\/293 tox|[from] psn
|turn|18
|
|switch|p2a: Walnut|Forretress, M, shiny|354\/354
|move|p1a: Hitmontop|Rapid Spin|p2a: Walnut
|-resisted|p2a: Walnut
|-damage|p2a: Walnut|347\/354
|-sideend|p1: sk8rgurl|Spikes|[from] move: Rapid Spin|[of] p1a: Hitmontop
|
|-heal|p1a: Hitmontop|245\/293 tox|[from] item: Leftovers
|-heal|p2a: Walnut|354\/354|[from] item: Leftovers
|-damage|p1a: Hitmontop|209\/293 tox|[from] psn
|turn|19
|
|switch|p1a: Chandelure|Chandelure, M|262\/262
|move|p2a: Walnut|Spikes|p1a: Chandelure
|-sidestart|p1: sk8rgurl|Spikes
|
|turn|20
|
|switch|p2a: Blissey|Blissey, F|652\/652
|move|p1a: Chandelure|Fire Blast|p2a: Blissey
|-damage|p2a: Blissey|465\/652
|-damage|p1a: Chandelure|236\/262|[from] item: Life Orb
|
|-heal|p2a: Blissey|505\/652|[from] item: Leftovers
|turn|21
|
|move|p1a: Chandelure|Fire Blast|p2a: Blissey
|-damage|p2a: Blissey|322\/652
|-damage|p1a: Chandelure|210\/262|[from] item: Life Orb
|move|p2a: Blissey|Stealth Rock|p1a: Chandelure
|-sidestart|p1: sk8rgurl|move: Stealth Rock
|
|-heal|p2a: Blissey|362\/652|[from] item: Leftovers
|turn|22
|
|switch|p1a: Hitmontop|Hitmontop, M|209\/293 tox
|-damage|p1a: Hitmontop|191\/293 tox|[from] Stealth Rock
|-damage|p1a: Hitmontop|155\/293 tox|[from] Spikes
|-ability|p1a: Hitmontop|Intimidate|[of] p2a: Blissey
|-unboost|p2a: Blissey|atk|1
|move|p2a: Blissey|Soft-Boiled|p2a: Blissey
|-heal|p2a: Blissey|652\/652
|
|-heal|p1a: Hitmontop|173\/293 tox|[from] item: Leftovers
|-damage|p1a: Hitmontop|155\/293 tox|[from] psn
|turn|23
|
|switch|p2a: Walnut|Forretress, M, shiny|354\/354
|move|p1a: Hitmontop|Close Combat|p2a: Walnut
|-damage|p2a: Walnut|251\/354
|-unboost|p1a: Hitmontop|def|1
|-unboost|p1a: Hitmontop|spd|1
|
|-heal|p1a: Hitmontop|173\/293 tox|[from] item: Leftovers
|-heal|p2a: Walnut|273\/354|[from] item: Leftovers
|-damage|p1a: Hitmontop|137\/293 tox|[from] psn
|turn|24
|
|move|p1a: Hitmontop|Rapid Spin|p2a: Walnut
|-crit|p2a: Walnut
|-resisted|p2a: Walnut
|-damage|p2a: Walnut|263\/354
|-sideend|p1: sk8rgurl|Spikes|[from] move: Rapid Spin|[of] p1a: Hitmontop
|-sideend|p1: sk8rgurl|Stealth Rock|[from] move: Rapid Spin|[of] p1a: Hitmontop
|move|p2a: Walnut|Spikes|p1a: Hitmontop
|-sidestart|p1: sk8rgurl|Spikes
|
|-heal|p1a: Hitmontop|155\/293 tox|[from] item: Leftovers
|-heal|p2a: Walnut|285\/354|[from] item: Leftovers
|-damage|p1a: Hitmontop|101\/293 tox|[from] psn
|turn|25
|
|switch|p1a: Swampert|Swampert, F|404\/404
|-damage|p1a: Swampert|354\/404|[from] Spikes
|move|p2a: Walnut|Spikes|p1a: Swampert
|-sidestart|p1: sk8rgurl|Spikes
|
|-heal|p1a: Swampert|379\/404|[from] item: Leftovers
|-heal|p2a: Walnut|307\/354|[from] item: Leftovers
|turn|26
|
|move|p1a: Swampert|Stealth Rock|p2a: Walnut
|-sidestart|p2: This Many Fucks|move: Stealth Rock
|move|p2a: Walnut|Toxic|p1a: Swampert
|-status|p1a: Swampert|tox
|
|-heal|p1a: Swampert|404\/404 tox|[from] item: Leftovers
|-heal|p2a: Walnut|329\/354|[from] item: Leftovers
|-damage|p1a: Swampert|379\/404 tox|[from] psn
|turn|27
|
|switch|p1a: Chandelure|Chandelure, M|210\/262
|-damage|p1a: Chandelure|167\/262|[from] Spikes
|move|p2a: Walnut|Rapid Spin|p1a: Chandelure
|-immune|p1a: Chandelure|[msg]
|
|-heal|p2a: Walnut|351\/354|[from] item: Leftovers
|turn|28
|
|switch|p2a: Blissey|Blissey, F|652\/652
|-damage|p2a: Blissey|571\/652|[from] Stealth Rock
|move|p1a: Chandelure|Fire Blast|p2a: Blissey|[miss]
|-miss|p1a: Chandelure|p2a: Blissey
|
|-heal|p2a: Blissey|611\/652|[from] item: Leftovers
|turn|29
|
|switch|p1a: Hitmontop|Hitmontop, M|101\/293 tox
|-damage|p1a: Hitmontop|53\/293 tox|[from] Spikes
|-ability|p1a: Hitmontop|Intimidate|[of] p2a: Blissey
|-unboost|p2a: Blissey|atk|1
|move|p2a: Blissey|Seismic Toss|p1a: Hitmontop
|-damage|p1a: Hitmontop|0 fnt
|faint|p1a: Hitmontop
|
|-heal|p2a: Blissey|651\/652|[from] item: Leftovers
|
|switch|p1a: Aerodactyl|Aerodactyl-Mega, M|217\/302
|turn|30
|
|move|p1a: Aerodactyl|Stone Edge|p2a: Blissey
|-damage|p2a: Blissey|317\/652
|move|p2a: Blissey|Stealth Rock|p1a: Aerodactyl
|-sidestart|p1: sk8rgurl|move: Stealth Rock
|
|-heal|p2a: Blissey|357\/652|[from] item: Leftovers
|turn|31
|
|switch|p2a: Walnut|Forretress, M, shiny|351\/354
|-damage|p2a: Walnut|307\/354|[from] Stealth Rock
|move|p1a: Aerodactyl|Stone Edge|p2a: Walnut
|-damage|p2a: Walnut|202\/354
|
|-heal|p2a: Walnut|224\/354|[from] item: Leftovers
|turn|32
|
|move|p1a: Aerodactyl|Stone Edge|p2a: Walnut
|-damage|p2a: Walnut|119\/354
|move|p2a: Walnut|Volt Switch|p1a: Aerodactyl
|-supereffective|p1a: Aerodactyl
|-damage|p1a: Aerodactyl|137\/302
|
|switch|p2a: Clit|Alomomola, M|515\/515
|-damage|p2a: Clit|451\/515|[from] Stealth Rock
|
|-heal|p2a: Clit|483\/515|[from] item: Leftovers
|turn|33
|
|switch|p1a: Florges|Florges, F|338\/360 tox
|-damage|p1a: Florges|278\/360 tox|[from] Spikes
|-damage|p1a: Florges|233\/360 tox|[from] Stealth Rock
|move|p2a: Clit|Scald|p1a: Florges
|-damage|p1a: Florges|209\/360 tox
|
|-heal|p1a: Florges|231\/360 tox|[from] item: Leftovers
|-heal|p2a: Clit|515\/515|[from] item: Leftovers
|-damage|p1a: Florges|209\/360 tox|[from] psn
|turn|34
|
|switch|p2a: Jirachi|Jirachi|341\/341
|-damage|p2a: Jirachi|320\/341|[from] Stealth Rock
|move|p1a: Florges|Aromatherapy|p1a: Florges
|-cureteam|p1a: Florges|[from] move: Aromatherapy
|
|-heal|p2a: Jirachi|341\/341|[from] item: Leftovers
|-heal|p1a: Florges|231\/360|[from] item: Leftovers
|turn|35
|
|switch|p1a: Swampert|Swampert, F|379\/404
|-damage|p1a: Swampert|354\/404|[from] Stealth Rock
|-damage|p1a: Swampert|287\/404|[from] Spikes
|move|p2a: Jirachi|Substitute|p2a: Jirachi
|-start|p2a: Jirachi|Substitute
|-damage|p2a: Jirachi|256\/341
|
|-heal|p2a: Jirachi|277\/341|[from] item: Leftovers
|-heal|p1a: Swampert|312\/404|[from] item: Leftovers
|turn|36
|
|move|p2a: Jirachi|Toxic|p1a: Swampert
|-status|p1a: Swampert|tox
|move|p1a: Swampert|Roar|p2a: Jirachi
|drag|p2a: Clit|Alomomola, M|515\/515
|-damage|p2a: Clit|451\/515|[from] Stealth Rock
|
|-heal|p2a: Clit|483\/515|[from] item: Leftovers
|-heal|p1a: Swampert|337\/404 tox|[from] item: Leftovers
|-damage|p1a: Swampert|312\/404 tox|[from] psn
|turn|37
|
|switch|p1a: Florges|Florges, F|231\/360
|-damage|p1a: Florges|186\/360|[from] Stealth Rock
|-damage|p1a: Florges|126\/360|[from] Spikes
|move|p2a: Clit|Wish|p2a: Clit
|
|-heal|p1a: Florges|148\/360|[from] item: Leftovers
|-heal|p2a: Clit|515\/515|[from] item: Leftovers
|turn|38
|
|switch|p2a: Blissey|Blissey, F|357\/652
|-damage|p2a: Blissey|276\/652|[from] Stealth Rock
|move|p1a: Florges|Wish|p1a: Florges
|
|-heal|p2a: Blissey|533\/652|[from] move: Wish|[wisher] Clit
|-heal|p1a: Florges|170\/360|[from] item: Leftovers
|-heal|p2a: Blissey|573\/652|[from] item: Leftovers
|turn|39
|
|move|p1a: Florges|Aromatherapy|p1a: Florges
|-cureteam|p1a: Florges|[from] move: Aromatherapy
|move|p2a: Blissey|Toxic|p1a: Florges
|-status|p1a: Florges|tox
|
|-heal|p1a: Florges|350\/360 tox|[from] move: Wish|[wisher] Florges
|-heal|p1a: Florges|360\/360 tox|[from] item: Leftovers
|-heal|p2a: Blissey|613\/652|[from] item: Leftovers
|-damage|p1a: Florges|338\/360 tox|[from] psn
|turn|40
|
|move|p1a: Florges|Aromatherapy|p1a: Florges
|-cureteam|p1a: Florges|[from] move: Aromatherapy
|move|p2a: Blissey|Toxic|p1a: Florges
|-status|p1a: Florges|tox
|
|-heal|p1a: Florges|360\/360 tox|[from] item: Leftovers
|-heal|p2a: Blissey|652\/652|[from] item: Leftovers
|-damage|p1a: Florges|338\/360 tox|[from] psn
|turn|41
|
|move|p1a: Florges|Wish|p1a: Florges
|move|p2a: Blissey|Toxic|p1a: Florges
|-fail|p1a: Florges|tox
|
|-heal|p1a: Florges|360\/360 tox|[from] item: Leftovers
|-damage|p1a: Florges|316\/360 tox|[from] psn
|turn|42
|
|switch|p1a: Aerodactyl|Aerodactyl-Mega, M|137\/302
|-damage|p1a: Aerodactyl|62\/302|[from] Stealth Rock
|move|p2a: Blissey|Toxic|p1a: Aerodactyl
|-status|p1a: Aerodactyl|tox
|
|-heal|p1a: Aerodactyl|242\/302 tox|[from] move: Wish|[wisher] Florges
|-damage|p1a: Aerodactyl|224\/302 tox|[from] psn
|turn|43
|
|move|p1a: Aerodactyl|Stone Edge|p2a: Blissey|[miss]
|-miss|p1a: Aerodactyl|p2a: Blissey
|move|p2a: Blissey|Soft-Boiled|p2a: Blissey
|-fail|p2a: Blissey
|
|-damage|p1a: Aerodactyl|188\/302 tox|[from] psn
|turn|44
|
|switch|p1a: Florges|Florges, F|316\/360 tox
|-damage|p1a: Florges|271\/360 tox|[from] Stealth Rock
|-damage|p1a: Florges|211\/360 tox|[from] Spikes
|move|p2a: Blissey|Seismic Toss|p1a: Florges
|-damage|p1a: Florges|111\/360 tox
|
|-heal|p1a: Florges|133\/360 tox|[from] item: Leftovers
|-damage|p1a: Florges|111\/360 tox|[from] psn
|turn|45
|
|move|p1a: Florges|Wish|p1a: Florges
|move|p2a: Blissey|Seismic Toss|p1a: Florges
|-damage|p1a: Florges|11\/360 tox
|
|-heal|p1a: Florges|33\/360 tox|[from] item: Leftovers
|-damage|p1a: Florges|0 fnt|[from] psn
|faint|p1a: Florges
|
|switch|p1a: Swampert|Swampert, F|312\/404
|-damage|p1a: Swampert|287\/404|[from] Stealth Rock
|-damage|p1a: Swampert|220\/404|[from] Spikes
|turn|46
|
|move|p1a: Swampert|Earthquake|p2a: Blissey
|-damage|p2a: Blissey|337\/652
|move|p2a: Blissey|Toxic|p1a: Swampert
|-status|p1a: Swampert|tox
|
|-heal|p1a: Swampert|400\/404 tox|[from] move: Wish|[wisher] Florges
|-heal|p1a: Swampert|404\/404 tox|[from] item: Leftovers
|-heal|p2a: Blissey|377\/652|[from] item: Leftovers
|-damage|p1a: Swampert|379\/404 tox|[from] psn
|turn|47
|
|move|p1a: Swampert|Waterfall|p2a: Blissey
|-damage|p2a: Blissey|139\/652
|move|p2a: Blissey|Soft-Boiled|p2a: Blissey
|-heal|p2a: Blissey|465\/652
|
|-heal|p1a: Swampert|404\/404 tox|[from] item: Leftovers
|-heal|p2a: Blissey|505\/652|[from] item: Leftovers
|-damage|p1a: Swampert|354\/404 tox|[from] psn
|turn|48
|
|move|p1a: Swampert|Waterfall|p2a: Blissey
|-damage|p2a: Blissey|256\/652
|move|p2a: Blissey|Seismic Toss|p1a: Swampert
|-damage|p1a: Swampert|254\/404 tox
|
|-heal|p1a: Swampert|279\/404 tox|[from] item: Leftovers
|-heal|p2a: Blissey|296\/652|[from] item: Leftovers
|-damage|p1a: Swampert|204\/404 tox|[from] psn
|turn|49
|
|switch|p2a: Clit|Alomomola, M|515\/515
|-damage|p2a: Clit|451\/515|[from] Stealth Rock
|move|p1a: Swampert|Earthquake|p2a: Clit
|-damage|p2a: Clit|304\/515
|
|-heal|p2a: Clit|336\/515|[from] item: Leftovers
|-heal|p1a: Swampert|229\/404 tox|[from] item: Leftovers
|-damage|p1a: Swampert|129\/404 tox|[from] psn
|turn|50
|
|move|p2a: Clit|Wish|p2a: Clit
|move|p1a: Swampert|Roar|p2a: Clit
|drag|p2a: Bloodwing|Staraptor, F|311\/311
|-damage|p2a: Bloodwing|234\/311|[from] Stealth Rock
|
|-heal|p1a: Swampert|154\/404 tox|[from] item: Leftovers
|-damage|p1a: Swampert|29\/404 tox|[from] psn
|turn|51
|
|move|p2a: Bloodwing|U-turn|p1a: Swampert
|-damage|p1a: Swampert|0 fnt
|faint|p1a: Swampert
|
|switch|p2a: Blissey|Blissey, F|296\/652
|-damage|p2a: Blissey|215\/652|[from] Stealth Rock
|
|-heal|p2a: Blissey|472\/652|[from] move: Wish|[wisher] Clit
|-heal|p2a: Blissey|512\/652|[from] item: Leftovers
|chat|sk8rgurl|gg
|chat|This Many Fucks|gg
|-message|sk8rgurl forfeited.
|
|win|This Many Fucks
|raw|Ladder updating...
|leave|sk8rgurl
|player|p1
|raw|sk8rgurl's rating: 1461 &rarr; <strong>1444<\/strong><br \/>(-17 for losing)
|raw|This Many Fucks's rating: 1508 &rarr; <strong>1526<\/strong><br \/>(+18 for winning)