|join|This Many Fucks
|join|Jack's Cold Sweat
|player|p1|This Many Fucks|172
|player|p2|Jack's Cold Sweat|80
|gametype|singles
|gen|6
|tier|UU
|rated
|rule|Sleep Clause Mod: Limit one foe put to sleep
|rule|Species Clause: Limit one of each PokÃ©mon
|rule|OHKO Clause: OHKO moves are banned
|rule|Moody Clause: Moody is banned
|rule|Evasion Moves Clause: Evasion moves are banned
|rule|Endless Battle Clause: Forcing endless battles is banned
|rule|HP Percentage Mod: HP is shown in percentages
|clearpoke
|poke|p1|Hydreigon, M
|poke|p1|Chesnaught, F
|poke|p1|Chandelure, M, shiny
|poke|p1|Swampert, F
|poke|p1|Aromatisse, F
|poke|p1|Crobat, F
|poke|p2|Krookodile, M
|poke|p2|Mienshao, M
|poke|p2|Alakazam, M
|poke|p2|Noivern, M
|poke|p2|Galvantula, M
|poke|p2|Darmanitan, M
|rule|Swagger Clause: Swagger is banned
|rule|Baton Pass Clause: Limit one PokÃ©mon knowing Baton Pass
|teampreview
|
|start
|switch|p1a: Hydreigon|Hydreigon, M|325\/325
|switch|p2a: Alakazam|Alakazam, M|252\/252
|turn|1
|
|switch|p2a: Mienshao|Mienshao, M|271\/271
|move|p1a: Hydreigon|U-turn|p2a: Mienshao
|-resisted|p2a: Mienshao
|-damage|p2a: Mienshao|227\/271
|
|switch|p1a: Swampert|Swampert, F|403\/403
|
|turn|2
|
|move|p2a: Mienshao|U-turn|p1a: Swampert
|-damage|p1a: Swampert|301\/403
|
|switch|p2a: Galvantula|Galvantula, M|281\/281
|move|p1a: Swampert|Stealth Rock|p2a: Galvantula
|-sidestart|p2: Jack's Cold Sweat|move: Stealth Rock
|
|-heal|p1a: Swampert|326\/403|[from] item: Leftovers
|turn|3
|
|move|p2a: Galvantula|Sticky Web|p1a: Swampert
|-sidestart|p1: This Many Fucks|move: Sticky Web
|move|p1a: Swampert|Earthquake|p2a: Galvantula
|-damage|p2a: Galvantula|76\/281
|
|-heal|p1a: Swampert|351\/403|[from] item: Leftovers
|turn|4
|
|switch|p1a: Hydreigon|Hydreigon, M|325\/325
|move|p2a: Galvantula|Bug Buzz|p1a: Hydreigon
|-supereffective|p1a: Hydreigon
|-damage|p1a: Hydreigon|49\/325
|-unboost|p1a: Hydreigon|spd|1
|
|turn|5
|
|move|p1a: Hydreigon|Dark Pulse|p2a: Galvantula
|-damage|p2a: Galvantula|0 fnt
|faint|p2a: Galvantula
|
|
|switch|p2a: Krookodile|Krookodile, M|331\/331
|-damage|p2a: Krookodile|311\/331|[from] Stealth Rock
|turn|6
|
|switch|p1a: Gooch|Aromatisse, F|406\/406
|-activate|p1a: Gooch|move: Sticky Web
|-unboost|p1a: Gooch|spe|1
|move|p2a: Krookodile|Knock Off|p1a: Gooch
|-resisted|p1a: Gooch
|-damage|p1a: Gooch|329\/406
|-enditem|p1a: Gooch|Leftovers|[from] move: Knock Off|[of] p2a: Krookodile
|
|turn|7
|
|switch|p2a: Darmanitan|Darmanitan, M|351\/351
|-damage|p2a: Darmanitan|264\/351|[from] Stealth Rock
|move|p1a: Gooch|Wish|p1a: Gooch
|
|turn|8
|
|switch|p1a: Swampert|Swampert, F|351\/403
|-activate|p1a: Swampert|move: Sticky Web
|-unboost|p1a: Swampert|spe|1
|move|p2a: Darmanitan|U-turn|p1a: Swampert
|-damage|p1a: Swampert|263\/403
|-damage|p2a: Darmanitan|229\/351|[from] item: Life Orb
|
|switch|p2a: Alakazam|Alakazam, M|252\/252
|
|-heal|p1a: Swampert|403\/403|[from] move: Wish|[wisher] Gooch
|turn|9
|
|switch|p1a: BloodSugar|Crobat, F|373\/373
|move|p2a: Alakazam|Energy Ball|p1a: BloodSugar
|-resisted|p1a: BloodSugar
|-damage|p1a: BloodSugar|338\/373
|
|-heal|p1a: BloodSugar|361\/373|[from] item: Black Sludge
|turn|10
|
|move|p1a: BloodSugar|Defog|p2a: Alakazam
|-unboost|p2a: Alakazam|evasion|1
|-sideend|p2: Jack's Cold Sweat|Stealth Rock|[from] move: Defog|[of] p2a: Alakazam
|-sideend|p1: This Many Fucks|Sticky Web|[from] move: Defog|[of] p1a: BloodSugar
|move|p2a: Alakazam|Psyshock|p1a: BloodSugar
|-supereffective|p1a: BloodSugar
|-damage|p1a: BloodSugar|0 fnt
|faint|p1a: BloodSugar
|
|
|switch|p1a: Hydreigon|Hydreigon, M|49\/325
|turn|11
|
|move|p1a: Hydreigon|U-turn|p2a: Alakazam
|-supereffective|p2a: Alakazam
|-damage|p2a: Alakazam|38\/252
|
|switch|p1a: Lumire|Chandelure, M, shiny|305\/305
|move|p2a: Alakazam|Dazzling Gleam|p1a: Lumire
|-resisted|p1a: Lumire
|-damage|p1a: Lumire|250\/305
|
|-heal|p1a: Lumire|269\/305|[from] item: Leftovers
|turn|12
|
|move|p2a: Alakazam|Psyshock|p1a: Lumire
|-damage|p1a: Lumire|103\/305
|move|p1a: Lumire|Shadow Ball|p2a: Alakazam
|-supereffective|p2a: Alakazam
|-damage|p2a: Alakazam|0 fnt
|faint|p2a: Alakazam
|
|-heal|p1a: Lumire|122\/305|[from] item: Leftovers
|
|switch|p2a: Darmanitan|Darmanitan, M|229\/351
|turn|13
|
|switch|p1a: Swampert|Swampert, F|403\/403
|move|p2a: Darmanitan|Rock Slide|p1a: Swampert
|-resisted|p1a: Swampert
|-damage|p1a: Swampert|337\/403
|
|-heal|p1a: Swampert|362\/403|[from] item: Leftovers
|turn|14
|
|move|p2a: Darmanitan|Zen Headbutt|p1a: Swampert
|-damage|p1a: Swampert|218\/403
|move|p1a: Swampert|Stealth Rock|p2a: Darmanitan
|-sidestart|p2: Jack's Cold Sweat|move: Stealth Rock
|
|-heal|p1a: Swampert|243\/403|[from] item: Leftovers
|turn|15
|
|move|p2a: Darmanitan|U-turn|p1a: Swampert
|-damage|p1a: Swampert|143\/403
|-damage|p2a: Darmanitan|194\/351|[from] item: Life Orb
|
|switch|p2a: Noivern|Noivern, M|311\/311
|-damage|p2a: Noivern|234\/311|[from] Stealth Rock
|move|p1a: Swampert|Scald|p2a: Noivern
|-resisted|p2a: Noivern
|-damage|p2a: Noivern|183\/311
|
|-heal|p1a: Swampert|168\/403|[from] item: Leftovers
|turn|16
|
|switch|p1a: Hydreigon|Hydreigon, M|49\/325
|move|p2a: Noivern|Air Slash|p1a: Hydreigon
|-damage|p1a: Hydreigon|0 fnt
|faint|p1a: Hydreigon
|
|
|switch|p1a: Gooch|Aromatisse, F|329\/406
|turn|17
|
|switch|p2a: Darmanitan|Darmanitan, M|194\/351
|-damage|p2a: Darmanitan|107\/351|[from] Stealth Rock
|move|p1a: Gooch|Wish|p1a: Gooch
|
|turn|18
|
|switch|p1a: Swampert|Swampert, F|168\/403
|move|p2a: Darmanitan|Flare Blitz|p1a: Swampert
|-resisted|p1a: Swampert
|-damage|p1a: Swampert|0 fnt
|-damage|p2a: Darmanitan|52\/351|[from] recoil|[of] p1a: Swampert
|faint|p1a: Swampert
|
|
|switch|p1a: Gooch|Aromatisse, F|329\/406
|turn|19
|
|move|p1a: Gooch|Protect|p1a: Gooch
|-singleturn|p1a: Gooch|Protect
|move|p2a: Darmanitan|Flare Blitz|p1a: Gooch
|-activate|p1a: Gooch|Protect
|
|turn|20
|
|move|p2a: Darmanitan|Flare Blitz|p1a: Gooch
|-damage|p1a: Gooch|0 fnt
|-damage|p2a: Darmanitan|0 fnt|[from] recoil|[of] p1a: Gooch
|faint|p1a: Gooch
|faint|p2a: Darmanitan
|
|
|switch|p2a: Noivern|Noivern, M|183\/311
|-damage|p2a: Noivern|106\/311|[from] Stealth Rock
|switch|p1a: Chesnaughtyinbed|Chesnaught, F|350\/350
|turn|21
|
|switch|p1a: Lumire|Chandelure, M, shiny|122\/305
|move|p2a: Noivern|Air Slash|p1a: Lumire
|-damage|p1a: Lumire|0 fnt
|faint|p1a: Lumire
|
|
|switch|p1a: Chesnaughtyinbed|Chesnaught, F|350\/350
|turn|22
|
|move|p2a: Noivern|Air Slash|p1a: Chesnaughtyinbed
|-supereffective|p1a: Chesnaughtyinbed
|-damage|p1a: Chesnaughtyinbed|0 fnt
|faint|p1a: Chesnaughtyinbed
|
|win|Jack's Cold Sweat
|raw|Ladder updating...
|raw|This Many Fucks's rating: 1493 &rarr; <strong>1468<\/strong><br \/>(-25 for losing)
|raw|Jack&apos;s Cold Sweat's rating: 1401 &rarr; <strong>1426<\/strong><br \/>(+25 for winning)
|c|âJack's Cold Sweat|gg
|leave|This Many Fucks
|player|p1