|join|This Many Fucks
|join|Supaji
|player|p1|This Many Fucks|172
|player|p2|Supaji|101
|gametype|singles
|gen|6
|tier|UU
|rated
|rule|Sleep Clause Mod: Limit one foe put to sleep
|rule|Species Clause: Limit one of each Pokemon
|rule|OHKO Clause: OHKO moves are banned
|rule|Moody Clause: Moody is banned
|rule|Evasion Moves Clause: Evasion moves are banned
|rule|Endless Battle Clause: Forcing endless battles is banned.
|rule|HP Percentage Mod: HP is reported as percentages
|clearpoke
|poke|p1|Alakazam, M
|poke|p1|Arcanine, M
|poke|p1|Florges, F
|poke|p1|Doublade, F
|poke|p1|Hitmonlee, M
|poke|p1|Jirachi
|poke|p2|Nidoking, M
|poke|p2|Cloyster, F
|poke|p2|Machamp, M
|poke|p2|Porygon-Z
|poke|p2|Blissey, F
|poke|p2|Slowbro, M
|teampreview
|
|start
|switch|p1a: Stardust|Jirachi|341\/341
|switch|p2a: Slowbro|Slowbro, M|394\/394
|turn|1
|
|move|p1a: Stardust|Stealth Rock|p2a: Slowbro
|-sidestart|p2: Supaji|move: Stealth Rock
|move|p2a: Slowbro|Scald|p1a: Stardust
|-damage|p1a: Stardust|248\/341
|
|turn|2
|
|move|p1a: Stardust|Energy Ball|p2a: Slowbro
|-supereffective|p2a: Slowbro
|-damage|p2a: Slowbro|152\/394
|move|p2a: Slowbro|Scald|p1a: Stardust
|-crit|p1a: Stardust
|-damage|p1a: Stardust|100\/341
|-status|p1a: Stardust|brn
|
|-heal|p2a: Slowbro|176\/394|[from] item: Leftovers
|-damage|p1a: Stardust|58\/341 brn|[from] brn
|turn|3
|
|switch|p1a: Freya|Florges, F|360\/360
|switch|p2a: Blissey|Blissey, F|651\/651
|-damage|p2a: Blissey|570\/651|[from] Stealth Rock
|
|-heal|p2a: Blissey|610\/651|[from] item: Leftovers
|turn|4
|
|move|p1a: Freya|Aromatherapy|p1a: Freya
|-cureteam|p1a: Freya|[from] move: Aromatherapy
|move|p2a: Blissey|Toxic|p1a: Freya
|-status|p1a: Freya|tox
|
|-heal|p2a: Blissey|650\/651|[from] item: Leftovers
|-damage|p1a: Freya|338\/360 tox|[from] psn
|turn|5
|
|switch|p1a: Venetia Shield|Doublade, F|322\/322
|move|p2a: Blissey|Seismic Toss|p1a: Venetia Shield
|-immune|p1a: Venetia Shield|[msg]
|
|-heal|p2a: Blissey|651\/651|[from] item: Leftovers
|turn|6
|
|switch|p2a: Slowbro|Slowbro, M|307\/394
|-damage|p2a: Slowbro|258\/394|[from] Stealth Rock
|switch|p1a: Hagen-Dazs|Alakazam, M|251\/251
|
|-heal|p2a: Slowbro|282\/394|[from] item: Leftovers
|turn|7
|
|detailschange|p1a: Hagen-Dazs|Alakazam-Mega, M
|message|Alakazam has Mega Evolved into Mega Alakazam!
|-ability|p1a: Hagen-Dazs|Regenerator|[from] ability: Trace|[of] p2a: Slowbro
|move|p1a: Hagen-Dazs|Shadow Ball|p2a: Slowbro
|-supereffective|p2a: Slowbro
|-damage|p2a: Slowbro|0 fnt
|faint|p2a: Slowbro
|
|
|switch|p2a: Porygon-Z|Porygon-Z|311\/311
|-damage|p2a: Porygon-Z|273\/311|[from] Stealth Rock
|turn|8
|chat|Supaji|bring in doublade
|
|switch|p1a: Mad Dog|Hitmonlee, M|304\/304
|move|p2a: Porygon-Z|Tri Attack|p1a: Mad Dog
|-damage|p1a: Mad Dog|128\/304
|
|turn|9
|
|switch|p2a: Cloyster|Cloyster, F|242\/242
|-damage|p2a: Cloyster|182\/242|[from] Stealth Rock
|switch|p1a: Venetia Shield|Doublade, F|322\/322
|
|turn|10
|
|move|p2a: Cloyster|Shell Smash|p2a: Cloyster
|-boost|p2a: Cloyster|atk|2
|-boost|p2a: Cloyster|spa|2
|-boost|p2a: Cloyster|spe|2
|-unboost|p2a: Cloyster|def|1
|-unboost|p2a: Cloyster|spd|1
|-enditem|p2a: Cloyster|White Herb
|-restoreboost|p2a: Cloyster|[silent]
|move|p1a: Venetia Shield|Gyro Ball|p2a: Cloyster
|-damage|p2a: Cloyster|16\/242
|
|turn|11
|chat|This Many Fucks|lol
|
|move|p1a: Venetia Shield|Shadow Sneak|p2a: Cloyster
|-damage|p2a: Cloyster|0 fnt
|faint|p2a: Cloyster
|
|
|switch|p2a: Nidoking|Nidoking, M|304\/304
|-damage|p2a: Nidoking|285\/304|[from] Stealth Rock
|turn|12
|
|switch|p1a: Stardust|Jirachi|58\/341
|move|p2a: Nidoking|Earth Power|p1a: Stardust
|-supereffective|p1a: Stardust
|-damage|p1a: Stardust|0 fnt
|faint|p1a: Stardust
|
|
|switch|p1a: Hagen-Dazs|Alakazam-Mega, M|251\/251
|-ability|p1a: Hagen-Dazs|Sheer Force|[from] ability: Trace|[of] p2a: Nidoking
|turn|13
|
|switch|p2a: Blissey|Blissey, F|651\/651
|-damage|p2a: Blissey|570\/651|[from] Stealth Rock
|move|p1a: Hagen-Dazs|Psyshock|p2a: Blissey
|-crit|p2a: Blissey
|-damage|p2a: Blissey|11\/651
|
|-heal|p2a: Blissey|51\/651|[from] item: Leftovers
|turn|14
|
|move|p1a: Hagen-Dazs|Psyshock|p2a: Blissey
|-damage|p2a: Blissey|0 fnt
|faint|p2a: Blissey
|
|
|switch|p2a: Machamp|Machamp, M|384\/384
|-damage|p2a: Machamp|360\/384|[from] Stealth Rock
|turn|15
|
|move|p1a: Hagen-Dazs|Psyshock|p2a: Machamp
|-supereffective|p2a: Machamp
|-damage|p2a: Machamp|0 fnt
|faint|p2a: Machamp
|
|-message|Supaji forfeited.
|
|win|This Many Fucks
|raw|Ladder updating...
|leave|Supaji
|player|p2
|raw|This Many Fucks's rating: 1462 &rarr; <strong>1477<\/strong><br \/>(+15 for winning)
|raw|Supaji's rating: 1375 &rarr; <strong>1360<\/strong><br \/>(-15 for losing)