|join|This Many Fucks
|join|ExPrince
|player|p1|This Many Fucks|172
|player|p2|ExPrince|266
|gametype|singles
|gen|6
|tier|UU
|rated
|rule|Sleep Clause Mod: Limit one foe put to sleep
|rule|Species Clause: Limit one of each Pokemon
|rule|OHKO Clause: OHKO moves are banned
|rule|Moody Clause: Moody is banned
|rule|Evasion Moves Clause: Evasion moves are banned
|rule|Endless Battle Clause: Forcing endless battles is banned
|rule|HP Percentage Mod: HP is reported as percentages
|clearpoke
|poke|p1|Jirachi
|poke|p1|Staraptor, F
|poke|p1|Blissey, F
|poke|p1|Alomomola, M
|poke|p1|Starmie
|poke|p1|Forretress, M, shiny
|poke|p2|Florges, F
|poke|p2|Houndoom, F
|poke|p2|Hydreigon, M
|poke|p2|Jirachi
|poke|p2|Mew
|poke|p2|Swampert, F
|rule|Baton Pass Clause: Limit 3 pokemon knowing Baton Pass
|teampreview
|
|start
|switch|p1a: Bloodwing|Staraptor, F|311\/311
|switch|p2a: Hydreigon|Hydreigon, M|325\/325
|turn|1
|
|move|p2a: Hydreigon|Fire Blast|p1a: Bloodwing
|-damage|p1a: Bloodwing|131\/311
|-status|p1a: Bloodwing|brn
|move|p1a: Bloodwing|U-turn|p2a: Hydreigon
|-supereffective|p2a: Hydreigon
|-damage|p2a: Hydreigon|173\/325
|chat|ExPrince|lol..
|chat|This Many Fucks|lol are you fucking kidding
|
|switch|p1a: Blissey|Blissey, F|652\/652
|
|turn|2
|
|switch|p2a: Swampert|Swampert, F|404\/404
|move|p1a: Blissey|Stealth Rock|p2a: Swampert
|-sidestart|p2: ExPrince|move: Stealth Rock
|
|turn|3
|
|move|p1a: Blissey|Toxic|p2a: Swampert
|-status|p2a: Swampert|tox
|move|p2a: Swampert|Stealth Rock|p1a: Blissey
|-sidestart|p1: This Many Fucks|move: Stealth Rock
|
|-damage|p2a: Swampert|379\/404 tox|[from] psn
|turn|4
|
|move|p1a: Blissey|Seismic Toss|p2a: Swampert
|-damage|p2a: Swampert|279\/404 tox
|move|p2a: Swampert|Earthquake|p1a: Blissey
|-damage|p1a: Blissey|417\/652
|
|-heal|p1a: Blissey|457\/652|[from] item: Leftovers
|-heal|p2a: Swampert|304\/404 tox|[from] item: Leftovers
|-damage|p2a: Swampert|254\/404 tox|[from] psn
|turn|5
|
|switch|p2a: Florges|Florges, F|359\/359
|-damage|p2a: Florges|315\/359|[from] Stealth Rock
|move|p1a: Blissey|Seismic Toss|p2a: Florges
|-damage|p2a: Florges|215\/359
|
|-heal|p2a: Florges|237\/359|[from] item: Leftovers
|-heal|p1a: Blissey|497\/652|[from] item: Leftovers
|turn|6
|
|switch|p2a: Mew|Mew|404\/404
|-damage|p2a: Mew|354\/404|[from] Stealth Rock
|switch|p1a: Walnut|Forretress, M, shiny|354\/354
|-damage|p1a: Walnut|310\/354|[from] Stealth Rock
|
|-heal|p2a: Mew|379\/404|[from] item: Leftovers
|-heal|p1a: Walnut|332\/354|[from] item: Leftovers
|turn|7
|
|move|p2a: Mew|Will-O-Wisp|p1a: Walnut
|-status|p1a: Walnut|brn
|move|p1a: Walnut|Toxic|p2a: Mew
|-status|p2a: Mew|tox
|
|-heal|p2a: Mew|404\/404 tox|[from] item: Leftovers
|-heal|p1a: Walnut|354\/354 brn|[from] item: Leftovers
|-damage|p2a: Mew|379\/404 tox|[from] psn
|-damage|p1a: Walnut|310\/354 brn|[from] brn
|turn|8
|
|move|p2a: Mew|Knock Off|p1a: Walnut
|-damage|p1a: Walnut|268\/354 brn
|-enditem|p1a: Walnut|Leftovers|[from] move: Knock Off|[of] p2a: Mew
|move|p1a: Walnut|Rapid Spin|p2a: Mew
|-damage|p2a: Mew|374\/404 tox
|-sideend|p1: This Many Fucks|Stealth Rock|[from] move: Rapid Spin|[of] p1a: Walnut
|
|-heal|p2a: Mew|399\/404 tox|[from] item: Leftovers
|-damage|p2a: Mew|349\/404 tox|[from] psn
|-damage|p1a: Walnut|224\/354 brn|[from] brn
|turn|9
|
|move|p2a: Mew|Defog|p1a: Walnut
|-unboost|p1a: Walnut|evasion|1
|-sideend|p2: ExPrince|Stealth Rock|[from] move: Defog|[of] p2a: Mew
|move|p1a: Walnut|Spikes|p2a: Mew
|-sidestart|p2: ExPrince|Spikes
|
|-heal|p2a: Mew|374\/404 tox|[from] item: Leftovers
|-damage|p2a: Mew|299\/404 tox|[from] psn
|-damage|p1a: Walnut|180\/354 brn|[from] brn
|turn|10
|
|switch|p2a: Houndoom|Houndoom, F|293\/293
|-damage|p2a: Houndoom|257\/293|[from] Spikes
|move|p1a: Walnut|Spikes|p2a: Houndoom
|-sidestart|p2: ExPrince|Spikes
|
|-damage|p1a: Walnut|136\/354 brn|[from] brn
|turn|11
|
|switch|p2a: Mew|Mew|299\/404 tox
|-damage|p2a: Mew|232\/404 tox|[from] Spikes
|switch|p1a: Blissey|Blissey, F|497\/652
|
|-heal|p2a: Mew|257\/404 tox|[from] item: Leftovers
|-heal|p1a: Blissey|537\/652|[from] item: Leftovers
|-damage|p2a: Mew|232\/404 tox|[from] psn
|turn|12
|
|move|p2a: Mew|Knock Off|p1a: Blissey
|-damage|p1a: Blissey|402\/652
|-enditem|p1a: Blissey|Leftovers|[from] move: Knock Off|[of] p2a: Mew
|move|p1a: Blissey|Seismic Toss|p2a: Mew
|-damage|p2a: Mew|132\/404 tox
|
|-heal|p2a: Mew|157\/404 tox|[from] item: Leftovers
|-damage|p2a: Mew|107\/404 tox|[from] psn
|turn|13
|
|switch|p2a: Florges|Florges, F|237\/359
|-damage|p2a: Florges|178\/359|[from] Spikes
|move|p1a: Blissey|Seismic Toss|p2a: Florges
|-damage|p2a: Florges|78\/359
|
|-heal|p2a: Florges|100\/359|[from] item: Leftovers
|turn|14
|
|move|p2a: Florges|Protect|p2a: Florges
|-singleturn|p2a: Florges|Protect
|move|p1a: Blissey|Stealth Rock|p2a: Florges
|-sidestart|p2: ExPrince|move: Stealth Rock
|
|-heal|p2a: Florges|122\/359|[from] item: Leftovers
|turn|15
|
|move|p2a: Florges|Wish|p2a: Florges
|move|p1a: Blissey|Toxic|p2a: Florges
|-status|p2a: Florges|tox
|
|-heal|p2a: Florges|144\/359 tox|[from] item: Leftovers
|-damage|p2a: Florges|122\/359 tox|[from] psn
|turn|16
|
|move|p2a: Florges|Aromatherapy|p2a: Florges
|-cureteam|p2a: Florges|[from] move: Aromatherapy
|move|p1a: Blissey|Seismic Toss|p2a: Florges
|-damage|p2a: Florges|22\/359
|
|-heal|p2a: Florges|201\/359|[from] move: Wish|[wisher] Florges
|-heal|p2a: Florges|223\/359|[from] item: Leftovers
|turn|17
|
|move|p2a: Florges|Wish|p2a: Florges
|move|p1a: Blissey|Toxic|p2a: Florges
|-status|p2a: Florges|tox
|
|-heal|p2a: Florges|245\/359 tox|[from] item: Leftovers
|-damage|p2a: Florges|223\/359 tox|[from] psn
|turn|18
|
|move|p2a: Florges|Aromatherapy|p2a: Florges
|-cureteam|p2a: Florges|[from] move: Aromatherapy
|move|p1a: Blissey|Toxic|p2a: Florges
|-status|p2a: Florges|tox
|
|-heal|p2a: Florges|359\/359 tox|[from] move: Wish|[wisher] Florges
|-damage|p2a: Florges|337\/359 tox|[from] psn
|turn|19
|
|switch|p2a: Jirachi|Jirachi|341\/341
|-damage|p2a: Jirachi|320\/341|[from] Stealth Rock
|-damage|p2a: Jirachi|264\/341|[from] Spikes
|move|p1a: Blissey|Seismic Toss|p2a: Jirachi
|-damage|p2a: Jirachi|164\/341
|
|turn|20
|
|switch|p1a: Walnut|Forretress, M, shiny|136\/354 brn
|move|p2a: Jirachi|Shadow Ball|p1a: Walnut
|-damage|p1a: Walnut|24\/354 brn
|-unboost|p1a: Walnut|spd|1
|
|-damage|p1a: Walnut|0 fnt|[from] brn
|faint|p1a: Walnut
|
|switch|p1a: Blissey|Blissey, F|402\/652
|turn|21
|
|move|p2a: Jirachi|Iron Head|p1a: Blissey
|-damage|p1a: Blissey|219\/652
|cant|p1a: Blissey|flinch
|
|turn|22
|
|switch|p1a: Clit|Alomomola, M|515\/515
|move|p2a: Jirachi|Iron Head|p1a: Clit
|-resisted|p1a: Clit
|-damage|p1a: Clit|457\/515
|
|-heal|p1a: Clit|489\/515|[from] item: Leftovers
|turn|23
|
|move|p2a: Jirachi|Energy Ball|p1a: Clit
|-supereffective|p1a: Clit
|-damage|p1a: Clit|271\/515
|move|p1a: Clit|Wish|p1a: Clit
|
|-heal|p1a: Clit|303\/515|[from] item: Leftovers
|turn|24
|
|switch|p1a: Blissey|Blissey, F|219\/652
|move|p2a: Jirachi|Energy Ball|p1a: Blissey
|-damage|p1a: Blissey|167\/652
|-unboost|p1a: Blissey|spd|1
|
|-heal|p1a: Blissey|424\/652|[from] move: Wish|[wisher] Clit
|turn|25
|
|switch|p1a: Clit|Alomomola, M|474\/515
|move|p2a: Jirachi|Iron Head|p1a: Clit
|-resisted|p1a: Clit
|-damage|p1a: Clit|420\/515
|
|-heal|p1a: Clit|452\/515|[from] item: Leftovers
|turn|26
|
|move|p2a: Jirachi|Energy Ball|p1a: Clit
|-supereffective|p1a: Clit
|-damage|p1a: Clit|236\/515
|move|p1a: Clit|Wish|p1a: Clit
|
|-heal|p1a: Clit|268\/515|[from] item: Leftovers
|turn|27
|
|move|p2a: Jirachi|Iron Head|p1a: Clit
|-resisted|p1a: Clit
|-damage|p1a: Clit|212\/515
|move|p1a: Clit|Scald|p2a: Jirachi
|-damage|p2a: Jirachi|116\/341
|-status|p2a: Jirachi|brn
|
|-heal|p1a: Clit|469\/515|[from] move: Wish|[wisher] Clit
|-heal|p1a: Clit|501\/515|[from] item: Leftovers
|-damage|p2a: Jirachi|74\/341 brn|[from] brn
|turn|28
|
|switch|p1a: Blissey|Blissey, F|424\/652
|move|p2a: Jirachi|Energy Ball|p1a: Blissey
|-damage|p1a: Blissey|372\/652
|
|-damage|p2a: Jirachi|32\/341 brn|[from] brn
|turn|29
|
|move|p2a: Jirachi|Iron Head|p1a: Blissey
|-damage|p1a: Blissey|281\/652
|cant|p1a: Blissey|flinch
|
|-damage|p2a: Jirachi|0 fnt|[from] brn
|faint|p2a: Jirachi
|
|switch|p2a: Houndoom|Houndoom, F|257\/293
|-damage|p2a: Houndoom|184\/293|[from] Stealth Rock
|-damage|p2a: Houndoom|136\/293|[from] Spikes
|turn|30
|
|detailschange|p2a: Houndoom|Houndoom-Mega, F
|message|Houndoom has Mega Evolved into Mega Houndoom!
|move|p2a: Houndoom|Substitute|p2a: Houndoom
|-start|p2a: Houndoom|Substitute
|-damage|p2a: Houndoom|63\/293
|move|p1a: Blissey|Soft-Boiled|p1a: Blissey
|-heal|p1a: Blissey|607\/652
|
|turn|31
|
|move|p2a: Houndoom|Nasty Plot|p2a: Houndoom
|-boost|p2a: Houndoom|spa|2
|move|p1a: Blissey|Seismic Toss|p2a: Houndoom
|-end|p2a: Houndoom|Substitute
|
|turn|32
|
|move|p2a: Houndoom|Dark Pulse|p1a: Blissey
|-damage|p1a: Blissey|427\/652
|move|p1a: Blissey|Seismic Toss|p2a: Houndoom
|-damage|p2a: Houndoom|0 fnt
|faint|p2a: Houndoom
|
|chat|ExPrince|you are a fucking faggot
|-message|ExPrince forfeited.
|
|win|This Many Fucks
|raw|Ladder updating...
|leave|ExPrince
|player|p2
|raw|This Many Fucks's rating: 1501 &rarr; <strong>1510<\/strong><br \/>(+9 for winning)
|raw|ExPrince's rating: 1302 &rarr; <strong>1293<\/strong><br \/>(-9 for losing)