|join|This Many Fucks
|join|bounty67
|player|p1|This Many Fucks|172
|player|p2|bounty67|101
|gametype|singles
|gen|6
|tier|UU
|rated
|rule|Sleep Clause Mod: Limit one foe put to sleep
|rule|Species Clause: Limit one of each Pokemon
|rule|OHKO Clause: OHKO moves are banned
|rule|Moody Clause: Moody is banned
|rule|Evasion Moves Clause: Evasion moves are banned
|rule|Endless Battle Clause: Forcing endless battles is banned.
|rule|HP Percentage Mod: HP is reported as percentages
|clearpoke
|poke|p1|Alakazam, F
|poke|p1|Arcanine, M
|poke|p1|Florges, F
|poke|p1|Doublade, M
|poke|p1|Hitmonlee, M
|poke|p1|Jirachi
|poke|p2|Victini
|poke|p2|Volcarona, F, shiny
|poke|p2|Donphan, F, shiny
|poke|p2|Slowbro, F
|poke|p2|Florges, F
|poke|p2|Ampharos, M
|teampreview
|join|Mighty Angry
|chat|Mighty Angry|hello this many fucks....
|
|start
|switch|p1a: Lionheart|Arcanine, M|383\/383
|switch|p2a: Kawaii|Victini|341\/341
|-ability|p1a: Lionheart|Intimidate|[of] p2a: Kawaii
|-unboost|p2a: Kawaii|atk|1
|turn|1
|chat|Mighty Angry|i've been waiting for you....
|chat|Mighty Angry|since you left me yesterday.....
|chat|Mighty Angry|constantly refreshing and searching your name.....
|
|move|p2a: Kawaii|U-turn|p1a: Lionheart
|-resisted|p1a: Lionheart
|-damage|p1a: Lionheart|364\/383
|-damage|p2a: Kawaii|285\/341|[from] item: Rocky Helmet|[of] p1a: Lionheart
|chat|Mighty Angry|over......and over......and over...........
|
|switch|p2a: end|Slowbro, F|394\/394
|move|p1a: Lionheart|Will-O-Wisp|p2a: end
|-status|p2a: end|brn
|
|-damage|p2a: end|345\/394 brn|[from] brn
|turn|2
|
|switch|p1a: Stardust|Jirachi|341\/341
|move|p2a: end|Scald|p1a: Stardust
|-damage|p1a: Stardust|242\/341
|-status|p1a: Stardust|brn
|
|-heal|p2a: end|369\/394 brn|[from] item: Leftovers
|-damage|p1a: Stardust|200\/341 brn|[from] brn
|-damage|p2a: end|320\/394 brn|[from] brn
|turn|3
|
|move|p1a: Stardust|Energy Ball|p2a: end
|-supereffective|p2a: end
|-damage|p2a: end|80\/394 brn
|-unboost|p2a: end|spd|1
|move|p2a: end|Scald|p1a: Stardust
|-damage|p1a: Stardust|101\/341 brn
|
|-heal|p2a: end|104\/394 brn|[from] item: Leftovers
|-damage|p1a: Stardust|59\/341 brn|[from] brn
|-damage|p2a: end|55\/394 brn|[from] brn
|turn|4
|
|switch|p2a: what my do here|Volcarona, F, shiny|311\/311
|move|p1a: Stardust|Stealth Rock|p2a: what my do here
|-sidestart|p2: bounty67|move: Stealth Rock
|
|-damage|p1a: Stardust|17\/341 brn|[from] brn
|turn|5
|
|switch|p2a: la|Donphan, F, shiny|384\/384
|-damage|p2a: la|360\/384|[from] Stealth Rock
|move|p1a: Stardust|Psychic|p2a: la
|-damage|p2a: la|162\/384
|
|-heal|p2a: la|186\/384|[from] item: Leftovers
|-damage|p1a: Stardust|0 fnt|[from] brn
|faint|p1a: Stardust
|
|switch|p1a: Venetia Shield|Doublade, M|322\/322
|turn|6
|
|move|p2a: la|Earthquake|p1a: Venetia Shield
|-supereffective|p1a: Venetia Shield
|-damage|p1a: Venetia Shield|200\/322
|move|p1a: Venetia Shield|Gyro Ball|p2a: la
|-damage|p2a: la|132\/384
|
|-heal|p2a: la|156\/384|[from] item: Leftovers
|turn|7
|
|switch|p1a: Hagen-Dazs|Alakazam, F|251\/251
|move|p2a: la|Stealth Rock|p1a: Hagen-Dazs
|-sidestart|p1: This Many Fucks|move: Stealth Rock
|
|-heal|p2a: la|180\/384|[from] item: Leftovers
|turn|8
|
|switch|p2a: J|Florges, F|360\/360
|-damage|p2a: J|315\/360|[from] Stealth Rock
|detailschange|p1a: Hagen-Dazs|Alakazam-Mega, F
|message|Alakazam has Mega Evolved into Mega Alakazam!
|-ability|p1a: Hagen-Dazs|Flower Veil|[from] ability: Trace|[of] p2a: J
|move|p1a: Hagen-Dazs|Dazzling Gleam|p2a: J
|-damage|p2a: J|244\/360
|
|-heal|p2a: J|266\/360|[from] item: Leftovers
|turn|9
|
|move|p1a: Hagen-Dazs|Psyshock|p2a: J
|-damage|p2a: J|20\/360
|move|p2a: J|Wish|p2a: J
|
|-heal|p2a: J|42\/360|[from] item: Leftovers
|turn|10
|
|move|p2a: J|Protect|p2a: J
|-singleturn|p2a: J|Protect
|move|p1a: Hagen-Dazs|Dazzling Gleam|p2a: J
|-activate|p2a: J|Protect
|
|-heal|p2a: J|222\/360|[from] move: Wish|[wisher] J
|-heal|p2a: J|244\/360|[from] item: Leftovers
|turn|11
|
|switch|p2a: end|Slowbro, F|186\/394 brn
|-damage|p2a: end|137\/394 brn|[from] Stealth Rock
|move|p1a: Hagen-Dazs|Psyshock|p2a: end
|-resisted|p2a: end
|-damage|p2a: end|76\/394 brn
|
|-heal|p2a: end|100\/394 brn|[from] item: Leftovers
|-damage|p2a: end|51\/394 brn|[from] brn
|turn|12
|
|switch|p2a: Kawaii|Victini|285\/341
|-damage|p2a: Kawaii|200\/341|[from] Stealth Rock
|move|p1a: Hagen-Dazs|Shadow Ball|p2a: Kawaii
|-supereffective|p2a: Kawaii
|-damage|p2a: Kawaii|0 fnt
|faint|p2a: Kawaii
|
|
|switch|p2a: indie|Ampharos, M|322\/322
|-damage|p2a: indie|282\/322|[from] Stealth Rock
|turn|13
|
|switch|p1a: Freya|Florges, F|360\/360
|-damage|p1a: Freya|315\/360|[from] Stealth Rock
|move|p2a: indie|Agility|p2a: indie
|-boost|p2a: indie|spe|2
|
|-heal|p1a: Freya|337\/360|[from] item: Leftovers
|turn|14
|
|move|p2a: indie|Electric Terrain|p2a: indie
|-fieldstart|move: Electric Terrain
|move|p1a: Freya|Moonblast|p2a: indie
|-damage|p2a: indie|138\/322
|
|-heal|p1a: Freya|359\/360|[from] item: Leftovers
|turn|15
|
|move|p2a: indie|Thunderbolt|p1a: Freya
|-damage|p1a: Freya|200\/360
|-status|p1a: Freya|par
|move|p1a: Freya|Moonblast|p2a: indie
|-damage|p2a: indie|0 fnt
|faint|p2a: indie
|
|-heal|p1a: Freya|222\/360 par|[from] item: Leftovers
|
|switch|p2a: la|Donphan, F, shiny|180\/384
|-damage|p2a: la|156\/384|[from] Stealth Rock
|turn|16
|
|switch|p1a: Venetia Shield|Doublade, M|200\/322
|-damage|p1a: Venetia Shield|180\/322|[from] Stealth Rock
|move|p2a: la|Earthquake|p1a: Venetia Shield
|-supereffective|p1a: Venetia Shield
|-damage|p1a: Venetia Shield|40\/322
|
|-heal|p2a: la|180\/384|[from] item: Leftovers
|turn|17
|
|move|p1a: Venetia Shield|Shadow Sneak|p2a: la
|-damage|p2a: la|131\/384
|move|p2a: la|Earthquake|p1a: Venetia Shield
|-supereffective|p1a: Venetia Shield
|-damage|p1a: Venetia Shield|0 fnt
|faint|p1a: Venetia Shield
|
|-heal|p2a: la|155\/384|[from] item: Leftovers
|
|switch|p1a: Hagen-Dazs|Alakazam-Mega, F|251\/251
|-damage|p1a: Hagen-Dazs|220\/251|[from] Stealth Rock
|-ability|p1a: Hagen-Dazs|Sturdy|[from] ability: Trace|[of] p2a: la
|turn|18
|
|move|p2a: la|Ice Shard|p1a: Hagen-Dazs
|-damage|p1a: Hagen-Dazs|169\/251
|move|p1a: Hagen-Dazs|Shadow Ball|p2a: la
|-damage|p2a: la|0 fnt
|faint|p2a: la
|
|-fieldend|move: Electric Terrain
|chat|This Many Fucks|gg
|
|switch|p2a: J|Florges, F|244\/360
|-damage|p2a: J|199\/360|[from] Stealth Rock
|turn|19
|chat|bounty67|zam has to go back lol
|
|move|p2a: J|Protect|p2a: J
|-singleturn|p2a: J|Protect
|move|p1a: Hagen-Dazs|Psyshock|p2a: J
|-activate|p2a: J|Protect
|
|-heal|p2a: J|221\/360|[from] item: Leftovers
|turn|20
|
|move|p2a: J|Protect|p2a: J
|-singleturn|p2a: J|Protect
|move|p1a: Hagen-Dazs|Psyshock|p2a: J
|-activate|p2a: J|Protect
|
|-heal|p2a: J|243\/360|[from] item: Leftovers
|turn|21
|
|move|p1a: Hagen-Dazs|Psyshock|p2a: J
|-damage|p2a: J|0 fnt
|faint|p2a: J
|
|chat|This Many Fucks|lol
|
|switch|p2a: what my do here|Volcarona, F, shiny|311\/311
|-damage|p2a: what my do here|156\/311|[from] Stealth Rock
|turn|22
|
|move|p1a: Hagen-Dazs|Psyshock|p2a: what my do here
|-damage|p2a: what my do here|0 fnt
|faint|p2a: what my do here
|
|chat|bounty67|gg lol
|chat|This Many Fucks|gg
|-message|bounty67 forfeited.
|leave|bounty67
|
|win|This Many Fucks
|raw|Ladder updating...
|raw|This Many Fucks's rating: 1447 &rarr; <strong>1462<\/strong><br \/>(+15 for winning)
|raw|bounty67's rating: 1359 &rarr; <strong>1344<\/strong><br \/>(-15 for losing)
|player|p2