|join|Boner Dethroner
|join|This Many Fucks
|player|p1|Boner Dethroner|116
|player|p2|This Many Fucks|172
|gametype|singles
|gen|6
|tier|UU
|rated
|rule|Sleep Clause Mod: Limit one foe put to sleep
|rule|Species Clause: Limit one of each Pokemon
|rule|OHKO Clause: OHKO moves are banned
|rule|Moody Clause: Moody is banned
|rule|Evasion Moves Clause: Evasion moves are banned
|rule|Endless Battle Clause: Forcing endless battles is banned
|rule|HP Percentage Mod: HP is reported as percentages
|clearpoke
|poke|p1|Entei, shiny
|poke|p1|Florges, F
|poke|p1|Staraptor, F
|poke|p1|Forretress, M
|poke|p1|Gothorita, M
|poke|p1|Ampharos, F
|poke|p2|Jirachi
|poke|p2|Staraptor, F
|poke|p2|Blissey, F
|poke|p2|Alomomola, F
|poke|p2|Starmie
|poke|p2|Forretress, M, shiny
|rule|Baton Pass Clause: Limit 3 pokemon knowing Baton Pass
|teampreview
|
|start
|switch|p1a: Entei|Entei, shiny|371\/371
|switch|p2a: Walnut|Forretress, M, shiny|354\/354
|-ability|p1a: Entei|Pressure
|turn|1
|
|switch|p2a: Clit|Alomomola, F|515\/515
|move|p1a: Entei|Sacred Fire|p2a: Clit
|-crit|p2a: Clit
|-resisted|p2a: Clit
|-damage|p2a: Clit|305\/515
|
|-heal|p2a: Clit|337\/515|[from] item: Leftovers
|turn|2
|
|switch|p1a: Ampharos|Ampharos, F|383\/383
|move|p2a: Clit|Scald|p1a: Ampharos
|-crit|p1a: Ampharos
|-damage|p1a: Ampharos|299\/383
|
|-heal|p2a: Clit|369\/515|[from] item: Leftovers
|turn|3
|
|detailschange|p1a: Ampharos|Ampharos-Mega, F
|message|Ampharos has Mega Evolved into Mega Ampharos!
|-ability|p1a: Ampharos|Mold Breaker
|move|p2a: Clit|Protect|p2a: Clit
|-singleturn|p2a: Clit|Protect
|move|p1a: Ampharos|Volt Switch|p2a: Clit
|-activate|p2a: Clit|Protect
|
|-heal|p2a: Clit|401\/515|[from] item: Leftovers
|turn|4
|
|move|p1a: Ampharos|Volt Switch|p2a: Clit
|-supereffective|p2a: Clit
|-damage|p2a: Clit|77\/515
|
|switch|p1a: Gothorita|Gothorita, M|324\/324
|move|p2a: Clit|Mirror Coat|p1a: Gothorita
|-damage|p1a: Gothorita|0 fnt
|faint|p1a: Gothorita
|
|-heal|p2a: Clit|109\/515|[from] item: Leftovers
|chat|Boner Dethroner|lol...
|
|switch|p1a: Ampharos|Ampharos-Mega, F|299\/383
|-ability|p1a: Ampharos|Mold Breaker
|turn|5
|chat|This Many Fucks|RIP
|chat|Boner Dethroner|nice one but it won't work a second game, kid
|
|move|p2a: Clit|Protect|p2a: Clit
|-singleturn|p2a: Clit|Protect
|move|p1a: Ampharos|Volt Switch|p2a: Clit
|-activate|p2a: Clit|Protect
|
|-heal|p2a: Clit|141\/515|[from] item: Leftovers
|turn|6
|
|switch|p2a: Blissey|Blissey, F|652\/652
|move|p1a: Ampharos|Volt Switch|p2a: Blissey
|-crit|p2a: Blissey
|-damage|p2a: Blissey|534\/652
|
|switch|p1a: Entei|Entei, shiny|371\/371
|-ability|p1a: Entei|Pressure
|
|-heal|p2a: Blissey|574\/652|[from] item: Leftovers
|turn|7
|
|switch|p2a: Clit|Alomomola, F|312\/515
|move|p1a: Entei|Sacred Fire|p2a: Clit
|-resisted|p2a: Clit
|-damage|p2a: Clit|180\/515
|-status|p2a: Clit|brn
|
|-heal|p2a: Clit|212\/515 brn|[from] item: Leftovers
|-damage|p2a: Clit|148\/515 brn|[from] brn
|turn|8
|
|switch|p2a: Starmie|Starmie|261\/261
|move|p1a: Entei|Sacred Fire|p2a: Starmie
|-crit|p2a: Starmie
|-resisted|p2a: Starmie
|-damage|p2a: Starmie|49\/261
|-status|p2a: Starmie|brn
|
|-damage|p2a: Starmie|17\/261 brn|[from] brn
|turn|9
|chat|This Many Fucks|crit burn. you're so good
|
|switch|p1a: Florges|Florges, F|360\/360
|move|p2a: Starmie|Recover|p2a: Starmie
|-heal|p2a: Starmie|148\/261 brn
|
|-damage|p2a: Starmie|116\/261 brn|[from] brn
|turn|10
|chat|Boner Dethroner|it's sacred fire
|chat|Boner Dethroner|what do you think it does
|chat|Boner Dethroner|are you dumb? lol
|chat|This Many Fucks|doesn't affect crits
|chat|Boner Dethroner|stop crying
|chat|Boner Dethroner|I might forfeit if you continue to cry
|chat|This Many Fucks|lol god you're bad at this game
|chat|Boner Dethroner|i feel bad
|
|switch|p2a: Blissey|Blissey, F|574\/652
|switch|p1a: Ampharos|Ampharos-Mega, F|299\/383
|-ability|p1a: Ampharos|Mold Breaker
|
|-heal|p2a: Blissey|614\/652|[from] item: Leftovers
|turn|11
|
|move|p1a: Ampharos|Volt Switch|p2a: Blissey
|-damage|p2a: Blissey|524\/652
|
|switch|p1a: Entei|Entei, shiny|371\/371
|-ability|p1a: Entei|Pressure
|move|p2a: Blissey|Toxic|p1a: Entei
|-status|p1a: Entei|tox
|
|-heal|p2a: Blissey|564\/652|[from] item: Leftovers
|-damage|p1a: Entei|348\/371 tox|[from] psn
|turn|12
|chat|Boner Dethroner|your team is pathetic, btw
|chat|Boner Dethroner|zzz
|
|switch|p2a: Starmie|Starmie|116\/261 brn
|move|p1a: Entei|Sacred Fire|p2a: Starmie
|-resisted|p2a: Starmie
|-damage|p2a: Starmie|0 fnt
|faint|p2a: Starmie
|
|-damage|p1a: Entei|302\/371 tox|[from] psn
|
|switch|p2a: Clit|Alomomola, F|319\/515 brn
|turn|13
|chat|Boner Dethroner|strong starmie
|
|switch|p1a: Ampharos|Ampharos-Mega, F|299\/383
|-ability|p1a: Ampharos|Mold Breaker
|switch|p2a: Jirachi|Jirachi|341\/341
|
|turn|14
|chat|This Many Fucks|stronger than your gotho...
|chat|Boner Dethroner|goth would have 6-0 you easy
|chat|Boner Dethroner|nice surprise mirror coat
|chat|This Many Fucks|lol you know nothing about this game
|chat|Boner Dethroner|but won't work game two
|
|move|p2a: Jirachi|Substitute|p2a: Jirachi
|-start|p2a: Jirachi|Substitute
|-damage|p2a: Jirachi|256\/341
|move|p1a: Ampharos|Volt Switch|p2a: Jirachi
|-end|p2a: Jirachi|Substitute
|chat|Boner Dethroner|if you're lucky to run into me again
|
|switch|p1a: Staraptor|Staraptor, F|311\/311
|
|-heal|p2a: Jirachi|277\/341|[from] item: Leftovers
|turn|15
|
|move|p1a: Staraptor|U-turn|p2a: Jirachi
|-damage|p2a: Jirachi|195\/341
|
|switch|p1a: Ampharos|Ampharos-Mega, F|299\/383
|-ability|p1a: Ampharos|Mold Breaker
|move|p2a: Jirachi|Iron Head|p1a: Ampharos
|-resisted|p1a: Ampharos
|-damage|p1a: Ampharos|248\/383
|
|-heal|p2a: Jirachi|216\/341|[from] item: Leftovers
|turn|16
|chat|Boner Dethroner|keep iron heading me
|chat|Boner Dethroner|it might flinch 6 times and you might possibly have a chance to win
|
|move|p2a: Jirachi|Iron Head|p1a: Ampharos
|-resisted|p1a: Ampharos
|-damage|p1a: Ampharos|204\/383
|cant|p1a: Ampharos|flinch
|
|-heal|p2a: Jirachi|237\/341|[from] item: Leftovers
|turn|17
|
|move|p2a: Jirachi|Iron Head|p1a: Ampharos
|-resisted|p1a: Ampharos
|-damage|p1a: Ampharos|159\/383
|cant|p1a: Ampharos|flinch
|
|-heal|p2a: Jirachi|258\/341|[from] item: Leftovers
|turn|18
|
|move|p2a: Jirachi|Iron Head|p1a: Ampharos
|-crit|p1a: Ampharos
|-resisted|p1a: Ampharos
|-damage|p1a: Ampharos|94\/383
|cant|p1a: Ampharos|flinch
|
|-heal|p2a: Jirachi|279\/341|[from] item: Leftovers
|turn|19
|
|move|p2a: Jirachi|Iron Head|p1a: Ampharos
|-resisted|p1a: Ampharos
|-damage|p1a: Ampharos|43\/383
|cant|p1a: Ampharos|flinch
|
|-heal|p2a: Jirachi|300\/341|[from] item: Leftovers
|turn|20
|
|move|p2a: Jirachi|Iron Head|p1a: Ampharos
|-resisted|p1a: Ampharos
|-damage|p1a: Ampharos|0 fnt
|faint|p1a: Ampharos
|
|-heal|p2a: Jirachi|321\/341|[from] item: Leftovers
|
|switch|p1a: Entei|Entei, shiny|302\/371 tox
|-ability|p1a: Entei|Pressure
|turn|21
|
|switch|p2a: Clit|Alomomola, F|490\/515 brn
|move|p1a: Entei|Sacred Fire|p2a: Clit
|-resisted|p2a: Clit
|-damage|p2a: Clit|367\/515 brn
|
|-heal|p2a: Clit|399\/515 brn|[from] item: Leftovers
|-damage|p1a: Entei|279\/371 tox|[from] psn
|-damage|p2a: Clit|335\/515 brn|[from] brn
|turn|22
|
|switch|p1a: Forretress|Forretress, M|354\/354
|move|p2a: Clit|Wish|p2a: Clit
|
|-heal|p2a: Clit|367\/515 brn|[from] item: Leftovers
|-damage|p2a: Clit|303\/515 brn|[from] brn
|turn|23
|
|switch|p2a: Jirachi|Jirachi|321\/341
|move|p1a: Forretress|Stealth Rock|p2a: Jirachi
|-sidestart|p2: This Many Fucks|move: Stealth Rock
|
|-heal|p2a: Jirachi|341\/341|[from] move: Wish|[wisher] Clit
|turn|24
|
|move|p2a: Jirachi|Substitute|p2a: Jirachi
|-start|p2a: Jirachi|Substitute
|-damage|p2a: Jirachi|256\/341
|move|p1a: Forretress|Volt Switch|p2a: Jirachi
|-activate|p2a: Jirachi|Substitute|[damage]
|
|switch|p1a: Staraptor|Staraptor, F|311\/311
|
|-heal|p2a: Jirachi|277\/341|[from] item: Leftovers
|turn|25
|
|move|p1a: Staraptor|U-turn|p2a: Jirachi
|-end|p2a: Jirachi|Substitute
|
|switch|p1a: Forretress|Forretress, M|354\/354
|move|p2a: Jirachi|Iron Head|p1a: Forretress
|-resisted|p1a: Forretress
|-damage|p1a: Forretress|320\/354
|
|-heal|p2a: Jirachi|298\/341|[from] item: Leftovers
|-heal|p1a: Forretress|342\/354|[from] item: Leftovers
|turn|26
|
|move|p2a: Jirachi|Fire Punch|p1a: Forretress
|-supereffective|p1a: Forretress
|-damage|p1a: Forretress|154\/354
|move|p1a: Forretress|Volt Switch|p2a: Jirachi
|-damage|p2a: Jirachi|259\/341
|
|switch|p1a: Entei|Entei, shiny|279\/371 tox
|-ability|p1a: Entei|Pressure
|
|-heal|p2a: Jirachi|280\/341|[from] item: Leftovers
|-damage|p1a: Entei|256\/371 tox|[from] psn
|turn|27
|
|switch|p2a: Clit|Alomomola, F|474\/515 brn
|-damage|p2a: Clit|410\/515 brn|[from] Stealth Rock
|switch|p1a: Florges|Florges, F|360\/360
|
|-heal|p2a: Clit|442\/515 brn|[from] item: Leftovers
|-damage|p2a: Clit|378\/515 brn|[from] brn
|turn|28
|
|switch|p2a: Walnut|Forretress, M, shiny|354\/354
|-damage|p2a: Walnut|310\/354|[from] Stealth Rock
|move|p1a: Florges|Wish|p1a: Florges
|
|-heal|p2a: Walnut|332\/354|[from] item: Leftovers
|turn|29
|
|switch|p1a: Forretress|Forretress, M|154\/354
|move|p2a: Walnut|Rapid Spin|p1a: Forretress
|-crit|p1a: Forretress
|-resisted|p1a: Forretress
|-damage|p1a: Forretress|149\/354
|-sideend|p2: This Many Fucks|Stealth Rock|[from] move: Rapid Spin|[of] p2a: Walnut
|
|-heal|p1a: Forretress|329\/354|[from] move: Wish|[wisher] Florges
|-heal|p2a: Walnut|354\/354|[from] item: Leftovers
|-heal|p1a: Forretress|351\/354|[from] item: Leftovers
|turn|30
|
|move|p2a: Walnut|Spikes|p1a: Forretress
|-sidestart|p1: Boner Dethroner|Spikes
|move|p1a: Forretress|Stealth Rock|p2a: Walnut
|-sidestart|p2: This Many Fucks|move: Stealth Rock
|
|-heal|p1a: Forretress|354\/354|[from] item: Leftovers
|turn|31
|
|move|p2a: Walnut|Rapid Spin|p1a: Forretress
|-resisted|p1a: Forretress
|-damage|p1a: Forretress|351\/354
|-sideend|p2: This Many Fucks|Stealth Rock|[from] move: Rapid Spin|[of] p2a: Walnut
|move|p1a: Forretress|Rapid Spin|p2a: Walnut
|-resisted|p2a: Walnut
|-damage|p2a: Walnut|350\/354
|-sideend|p1: Boner Dethroner|Spikes|[from] move: Rapid Spin|[of] p1a: Forretress
|
|-heal|p2a: Walnut|354\/354|[from] item: Leftovers
|-heal|p1a: Forretress|354\/354|[from] item: Leftovers
|turn|32
|chat|Boner Dethroner|you're pathetic. i'll give you this "win" out of pity
|-message|Boner Dethroner forfeited.
|
|win|This Many Fucks
|raw|Ladder updating...
|raw|Boner Dethroner's rating: 1594 &rarr; <strong>1570<\/strong><br \/>(-24 for losing)
|raw|This Many Fucks's rating: 1526 &rarr; <strong>1550<\/strong><br \/>(+24 for winning)
|leave|Boner Dethroner
|player|p1