|join|Tesung
|join|This Many Fucks
|player|p1|Tesung|266
|player|p2|This Many Fucks|172
|gametype|singles
|gen|6
|tier|UU
|rated
|rule|Sleep Clause Mod: Limit one foe put to sleep
|rule|Species Clause: Limit one of each Pokemon
|rule|OHKO Clause: OHKO moves are banned
|rule|Moody Clause: Moody is banned
|rule|Evasion Moves Clause: Evasion moves are banned
|rule|Endless Battle Clause: Forcing endless battles is banned.
|rule|HP Percentage Mod: HP is reported as percentages
|clearpoke
|poke|p1|Azelf
|poke|p1|Hydreigon, F
|poke|p1|Aerodactyl, M
|poke|p1|Celebi
|poke|p1|Lucario, F
|poke|p1|Chandelure, F
|poke|p2|Alakazam, M
|poke|p2|Arcanine, M
|poke|p2|Florges, F
|poke|p2|Doublade, M
|poke|p2|Hitmonlee, M
|poke|p2|Jirachi
|teampreview
|
|start
|switch|p1a: muh rocks|Azelf|291\/291
|switch|p2a: Lionheart|Arcanine, M|383\/383
|-ability|p2a: Lionheart|Intimidate|[of] p1a: muh rocks
|-unboost|p1a: muh rocks|atk|1
|turn|1
|
|switch|p1a: Doge check|Chandelure, F|261\/261
|switch|p2a: Mad Dog|Hitmonlee, M|304\/304
|
|turn|2
|
|switch|p1a: Doge|Lucario, F|281\/281
|move|p2a: Mad Dog|Knock Off|p1a: Doge
|-resisted|p1a: Doge
|-damage|p1a: Doge|204\/281
|-boost|p1a: Doge|atk|1|[from] ability: Justified
|-enditem|p1a: Doge|Life Orb|[from] move: Knock Off|[of] p2a: Mad Dog
|
|turn|3
|
|move|p1a: Doge|Extreme Speed|p2a: Mad Dog
|-damage|p2a: Mad Dog|92\/304
|move|p2a: Mad Dog|Mach Punch|p1a: Doge
|-supereffective|p1a: Doge
|-damage|p1a: Doge|0 fnt
|faint|p1a: Doge
|
|
|switch|p1a: Doge check|Chandelure, F|261\/261
|turn|4
|
|move|p1a: Doge check|Shadow Ball|p2a: Mad Dog
|-damage|p2a: Mad Dog|2\/304
|move|p2a: Mad Dog|Knock Off|p1a: Doge check
|-supereffective|p1a: Doge check
|-damage|p1a: Doge check|13\/261
|-enditem|p1a: Doge check|Choice Scarf|[from] move: Knock Off|[of] p2a: Mad Dog
|
|turn|5
|
|move|p1a: Doge check|Shadow Ball|p2a: Mad Dog
|-damage|p2a: Mad Dog|0 fnt
|faint|p2a: Mad Dog
|
|
|switch|p2a: Hagen-Dazs|Alakazam, M|251\/251
|turn|6
|
|switch|p1a: BWAHAHAHAHA|Hydreigon, F|325\/325
|detailschange|p2a: Hagen-Dazs|Alakazam-Mega, M
|message|Alakazam has Mega Evolved into Mega Alakazam!
|-ability|p2a: Hagen-Dazs|Levitate|[from] ability: Trace|[of] p1a: BWAHAHAHAHA
|move|p2a: Hagen-Dazs|Dazzling Gleam|p1a: BWAHAHAHAHA
|-supereffective|p1a: BWAHAHAHAHA
|-damage|p1a: BWAHAHAHAHA|0 fnt
|faint|p1a: BWAHAHAHAHA
|
|
|switch|p1a: Onion Knight|Celebi|341\/341
|turn|7
|
|move|p2a: Hagen-Dazs|Shadow Ball|p1a: Onion Knight
|-supereffective|p1a: Onion Knight
|-damage|p1a: Onion Knight|77\/341
|-unboost|p1a: Onion Knight|spd|1
|move|p1a: Onion Knight|Leaf Storm|p2a: Hagen-Dazs
|-damage|p2a: Hagen-Dazs|0 fnt
|-unboost|p1a: Onion Knight|spa|2
|-damage|p1a: Onion Knight|43\/341|[from] item: Life Orb
|faint|p2a: Hagen-Dazs
|
|
|switch|p2a: Venetia Shield|Doublade, M|322\/322
|turn|8
|
|switch|p1a: Doge Check #2|Aerodactyl, M|309\/309
|move|p2a: Venetia Shield|Swords Dance|p2a: Venetia Shield
|-boost|p2a: Venetia Shield|atk|2
|
|turn|9
|
|detailschange|p1a: Doge Check #2|Aerodactyl-Mega, M
|message|Aerodactyl has Mega Evolved into Mega Aerodactyl!
|move|p1a: Doge Check #2|Crunch|p2a: Venetia Shield
|-supereffective|p2a: Venetia Shield
|-damage|p2a: Venetia Shield|208\/322
|move|p2a: Venetia Shield|Gyro Ball|p1a: Doge Check #2
|-supereffective|p1a: Doge Check #2
|-damage|p1a: Doge Check #2|0 fnt
|faint|p1a: Doge Check #2
|
|
|switch|p1a: muh rocks|Azelf|291\/291
|turn|10
|
|move|p2a: Venetia Shield|Shadow Sneak|p1a: muh rocks
|-supereffective|p1a: muh rocks
|-enditem|p1a: muh rocks|Focus Sash
|-damage|p1a: muh rocks|1\/291
|move|p1a: muh rocks|Knock Off|p2a: Venetia Shield
|-supereffective|p2a: Venetia Shield
|-damage|p2a: Venetia Shield|110\/322
|-enditem|p2a: Venetia Shield|Eviolite|[from] move: Knock Off|[of] p1a: muh rocks
|
|turn|11
|chat|This Many Fucks|gg
|chat|Tesung|Gg
|
|move|p2a: Venetia Shield|Shadow Sneak|p1a: muh rocks
|-supereffective|p1a: muh rocks
|-damage|p1a: muh rocks|0 fnt
|faint|p1a: muh rocks
|
|-message|Tesung forfeited.
|
|win|This Many Fucks
|raw|Ladder updating...
|leave|Tesung
|player|p1
|raw|Tesung's rating: 1614 &rarr; <strong>1591<\/strong><br \/>(-23 for losing)
|raw|This Many Fucks's rating: 1556 &rarr; <strong>1579<\/strong><br \/>(+23 for winning)