|join|Dr. Mundo OP
|join|This Many Fucks
|player|p1|Dr. Mundo OP|63
|player|p2|This Many Fucks|172
|gametype|singles
|gen|6
|tier|UU
|rated
|rule|Sleep Clause Mod: Limit one foe put to sleep
|rule|Species Clause: Limit one of each Pokemon
|rule|OHKO Clause: OHKO moves are banned
|rule|Moody Clause: Moody is banned
|rule|Evasion Moves Clause: Evasion moves are banned
|rule|Endless Battle Clause: Forcing endless battles is banned
|rule|HP Percentage Mod: HP is reported as percentages
|clearpoke
|poke|p1|Rhyperior, F
|poke|p1|Blissey, F
|poke|p1|Milotic, F
|poke|p1|Druddigon, F
|poke|p1|Jellicent, M
|poke|p1|Alakazam, M
|poke|p2|Jirachi
|poke|p2|Staraptor, F
|poke|p2|Blissey, F
|poke|p2|Alomomola, M
|poke|p2|Starmie
|poke|p2|Forretress, M, shiny
|rule|Baton Pass Clause: Limit 3 pokemon knowing Baton Pass
|teampreview
|
|start
|switch|p1a: Druddigon|Druddigon, F|355\/355
|switch|p2a: Starmie|Starmie|261\/261
|turn|1
|
|switch|p1a: Blissey|Blissey, F|714\/714
|move|p2a: Starmie|Psyshock|p1a: Blissey
|-damage|p1a: Blissey|0 fnt
|-damage|p2a: Starmie|235\/261|[from] item: Life Orb
|faint|p1a: Blissey
|
|
|switch|p1a: Alakazam|Alakazam, M|252\/252
|turn|2
|
|switch|p2a: Blissey|Blissey, F|652\/652
|move|p1a: Alakazam|Energy Ball|p2a: Blissey
|-damage|p2a: Blissey|553\/652
|
|-heal|p2a: Blissey|593\/652|[from] item: Leftovers
|turn|3
|
|move|p1a: Alakazam|Psyshock|p2a: Blissey
|-damage|p2a: Blissey|268\/652
|move|p2a: Blissey|Stealth Rock|p1a: Alakazam
|-sidestart|p1: Dr. Mundo OP|move: Stealth Rock
|
|-heal|p2a: Blissey|308\/652|[from] item: Leftovers
|turn|4
|
|switch|p2a: Clit|Alomomola, M|515\/515
|move|p1a: Alakazam|Psyshock|p2a: Clit
|-damage|p2a: Clit|340\/515
|
|-heal|p2a: Clit|372\/515|[from] item: Leftovers
|turn|5
|
|move|p2a: Clit|Protect|p2a: Clit
|-singleturn|p2a: Clit|Protect
|move|p1a: Alakazam|Energy Ball|p2a: Clit
|-activate|p2a: Clit|Protect
|
|-heal|p2a: Clit|404\/515|[from] item: Leftovers
|turn|6
|
|move|p1a: Alakazam|Psychic|p2a: Clit
|-damage|p2a: Clit|118\/515
|move|p2a: Clit|Mirror Coat|p1a: Alakazam
|-damage|p1a: Alakazam|0 fnt
|faint|p1a: Alakazam
|
|-heal|p2a: Clit|150\/515|[from] item: Leftovers
|-message|Dr. Mundo OP forfeited.
|
|win|This Many Fucks
|raw|Ladder updating...
|leave|Dr. Mundo OP
|player|p1
|raw|Dr. Mundo OP's rating: 1502 &rarr; <strong>1484<\/strong><br \/>(-18 for losing)
|raw|This Many Fucks's rating: 1537 &rarr; <strong>1555<\/strong><br \/>(+18 for winning)