|join|This Many Fucks
|join|ekin1
|player|p1|This Many Fucks|172
|player|p2|ekin1|101
|gametype|singles
|gen|6
|tier|UU
|rated
|rule|Sleep Clause Mod: Limit one foe put to sleep
|rule|Species Clause: Limit one of each Pokemon
|rule|OHKO Clause: OHKO moves are banned
|rule|Moody Clause: Moody is banned
|rule|Evasion Moves Clause: Evasion moves are banned
|rule|Endless Battle Clause: Forcing endless battles is banned
|rule|HP Percentage Mod: HP is reported as percentages
|clearpoke
|poke|p1|Jirachi
|poke|p1|Staraptor, F
|poke|p1|Blissey, F
|poke|p1|Alomomola, F
|poke|p1|Starmie
|poke|p1|Forretress, M, shiny
|poke|p2|Whimsicott, F
|poke|p2|Infernape, F
|poke|p2|Blissey, F
|poke|p2|Donphan, F
|poke|p2|Suicune
|poke|p2|Victini
|rule|Baton Pass Clause: Limit 3 pokemon knowing Baton Pass
|teampreview
|
|start
|switch|p1a: Jirachi|Jirachi|341\/341
|switch|p2a: Infernape|Infernape, F|293\/293
|turn|1
|
|switch|p1a: Clit|Alomomola, F|515\/515
|move|p2a: Infernape|Fake Out|p1a: Clit
|-crit|p1a: Clit
|-damage|p1a: Clit|455\/515
|
|-heal|p1a: Clit|487\/515|[from] item: Leftovers
|turn|2
|
|move|p2a: Infernape|Stealth Rock|p1a: Clit
|-sidestart|p1: This Many Fucks|move: Stealth Rock
|move|p1a: Clit|Scald|p2a: Infernape
|-supereffective|p2a: Infernape
|-damage|p2a: Infernape|165\/293
|
|-heal|p1a: Clit|515\/515|[from] item: Leftovers
|turn|3
|
|switch|p2a: Whimsicott|Whimsicott, F|324\/324
|move|p1a: Clit|Scald|p2a: Whimsicott
|-resisted|p2a: Whimsicott
|-damage|p2a: Whimsicott|304\/324
|
|-heal|p2a: Whimsicott|324\/324|[from] item: Leftovers
|turn|4
|
|move|p2a: Whimsicott|Substitute|p2a: Whimsicott
|-start|p2a: Whimsicott|Substitute
|-damage|p2a: Whimsicott|243\/324
|move|p1a: Clit|Scald|p2a: Whimsicott
|-resisted|p2a: Whimsicott
|-activate|p2a: Whimsicott|Substitute|[damage]
|
|-heal|p2a: Whimsicott|263\/324|[from] item: Leftovers
|turn|5
|
|switch|p1a: Walnut|Forretress, M, shiny|354\/354
|-damage|p1a: Walnut|310\/354|[from] Stealth Rock
|move|p2a: Whimsicott|Leech Seed|p1a: Walnut
|-start|p1a: Walnut|move: Leech Seed
|
|-heal|p2a: Whimsicott|283\/324|[from] item: Leftovers
|-heal|p1a: Walnut|332\/354|[from] item: Leftovers
|-damage|p1a: Walnut|288\/354|[from] Leech Seed|[of] p2a: Whimsicott
|-heal|p2a: Whimsicott|324\/324|[silent]
|turn|6
|
|move|p2a: Whimsicott|Moonblast|p1a: Walnut
|-resisted|p1a: Walnut
|-damage|p1a: Walnut|222\/354
|move|p1a: Walnut|Rapid Spin|p2a: Whimsicott
|-activate|p2a: Whimsicott|Substitute|[damage]
|-end|p1a: Walnut|Leech Seed|[from] move: Rapid Spin|[of] p1a: Walnut
|-sideend|p1: This Many Fucks|Stealth Rock|[from] move: Rapid Spin|[of] p1a: Walnut
|
|-heal|p1a: Walnut|244\/354|[from] item: Leftovers
|turn|7
|
|move|p2a: Whimsicott|Encore|p1a: Walnut
|-start|p1a: Walnut|Encore
|move|p1a: Walnut|Rapid Spin|p2a: Whimsicott
|-activate|p2a: Whimsicott|Substitute|[damage]
|
|-heal|p1a: Walnut|266\/354|[from] item: Leftovers
|turn|8
|
|switch|p1a: Bloodwing|Staraptor, F|311\/311
|move|p2a: Whimsicott|Moonblast|p1a: Bloodwing
|-damage|p1a: Bloodwing|164\/311
|-unboost|p1a: Bloodwing|spa|1
|
|turn|9
|
|move|p1a: Bloodwing|U-turn|p2a: Whimsicott
|-end|p2a: Whimsicott|Substitute
|
|switch|p1a: Jirachi|Jirachi|341\/341
|move|p2a: Whimsicott|Moonblast|p1a: Jirachi
|-resisted|p1a: Jirachi
|-damage|p1a: Jirachi|293\/341
|
|-heal|p1a: Jirachi|314\/341|[from] item: Leftovers
|turn|10
|
|switch|p2a: Suicune|Suicune|404\/404
|-ability|p2a: Suicune|Pressure
|move|p1a: Jirachi|Toxic|p2a: Suicune
|-status|p2a: Suicune|tox
|
|-heal|p1a: Jirachi|335\/341|[from] item: Leftovers
|-damage|p2a: Suicune|379\/404 tox|[from] psn
|turn|11
|
|move|p1a: Jirachi|Substitute|p1a: Jirachi
|-start|p1a: Jirachi|Substitute
|-damage|p1a: Jirachi|250\/341
|move|p2a: Suicune|Scald|p1a: Jirachi
|-end|p1a: Jirachi|Substitute
|
|-heal|p1a: Jirachi|271\/341|[from] item: Leftovers
|-heal|p2a: Suicune|404\/404 tox|[from] item: Leftovers
|-damage|p2a: Suicune|354\/404 tox|[from] psn
|turn|12
|
|move|p1a: Jirachi|Iron Head|p2a: Suicune
|-resisted|p2a: Suicune
|-damage|p2a: Suicune|315\/404 tox
|cant|p2a: Suicune|flinch
|
|-heal|p1a: Jirachi|292\/341|[from] item: Leftovers
|-heal|p2a: Suicune|340\/404 tox|[from] item: Leftovers
|-damage|p2a: Suicune|265\/404 tox|[from] psn
|turn|13
|
|switch|p2a: Infernape|Infernape, F|165\/293
|move|p1a: Jirachi|Iron Head|p2a: Infernape
|-resisted|p2a: Infernape
|-damage|p2a: Infernape|75\/293
|
|-heal|p1a: Jirachi|313\/341|[from] item: Leftovers
|turn|14
|
|switch|p1a: Clit|Alomomola, F|515\/515
|move|p2a: Infernape|Overheat|p1a: Clit
|-resisted|p1a: Clit
|-damage|p1a: Clit|371\/515
|-unboost|p2a: Infernape|spa|2
|
|-heal|p1a: Clit|403\/515|[from] item: Leftovers
|turn|15
|
|switch|p2a: Blissey|Blissey, F|714\/714
|move|p1a: Clit|Scald|p2a: Blissey
|-damage|p2a: Blissey|677\/714
|
|-heal|p1a: Clit|435\/515|[from] item: Leftovers
|-heal|p2a: Blissey|714\/714|[from] item: Leftovers
|turn|16
|
|switch|p1a: Jirachi|Jirachi|313\/341
|move|p2a: Blissey|Heal Bell|p2a: Blissey
|-cureteam|p2a: Blissey|[from] move: HealBell
|
|-heal|p1a: Jirachi|334\/341|[from] item: Leftovers
|turn|17
|
|move|p1a: Jirachi|Substitute|p1a: Jirachi
|-start|p1a: Jirachi|Substitute
|-damage|p1a: Jirachi|249\/341
|move|p2a: Blissey|Thunder Wave|p1a: Jirachi
|
|-heal|p1a: Jirachi|270\/341|[from] item: Leftovers
|turn|18
|
|move|p1a: Jirachi|Toxic|p2a: Blissey
|-status|p2a: Blissey|tox
|move|p2a: Blissey|Seismic Toss|p1a: Jirachi
|-end|p1a: Jirachi|Substitute
|
|-heal|p1a: Jirachi|291\/341|[from] item: Leftovers
|-damage|p2a: Blissey|670\/714 tox|[from] psn
|turn|19
|
|move|p1a: Jirachi|Iron Head|p2a: Blissey
|-damage|p2a: Blissey|453\/714 tox
|cant|p2a: Blissey|flinch
|
|-heal|p1a: Jirachi|312\/341|[from] item: Leftovers
|-heal|p2a: Blissey|497\/714 tox|[from] item: Leftovers
|-damage|p2a: Blissey|409\/714 tox|[from] psn
|turn|20
|
|switch|p2a: Donphan|Donphan, F|384\/384
|move|p1a: Jirachi|Substitute|p1a: Jirachi
|-start|p1a: Jirachi|Substitute
|-damage|p1a: Jirachi|227\/341
|
|-heal|p1a: Jirachi|248\/341|[from] item: Leftovers
|turn|21
|
|move|p1a: Jirachi|Toxic|p2a: Donphan
|-status|p2a: Donphan|tox
|move|p2a: Donphan|Earthquake|p1a: Jirachi
|-supereffective|p1a: Jirachi
|-end|p1a: Jirachi|Substitute
|
|-heal|p1a: Jirachi|269\/341|[from] item: Leftovers
|-damage|p2a: Donphan|360\/384 tox|[from] psn
|turn|22
|
|switch|p1a: Walnut|Forretress, M, shiny|266\/354
|move|p2a: Donphan|Knock Off|p1a: Walnut
|-damage|p1a: Walnut|195\/354
|-enditem|p1a: Walnut|Leftovers|[from] move: Knock Off|[of] p2a: Donphan
|
|-heal|p2a: Donphan|384\/384 tox|[from] item: Leftovers
|-damage|p2a: Donphan|336\/384 tox|[from] psn
|turn|23
|
|move|p2a: Donphan|Earthquake|p1a: Walnut
|-damage|p1a: Walnut|90\/354
|move|p1a: Walnut|Spikes|p2a: Donphan
|-sidestart|p2: ekin1|Spikes
|
|-heal|p2a: Donphan|360\/384 tox|[from] item: Leftovers
|-damage|p2a: Donphan|288\/384 tox|[from] psn
|turn|24
|
|move|p2a: Donphan|Rapid Spin|p1a: Walnut
|-resisted|p1a: Walnut
|-damage|p1a: Walnut|82\/354
|-sideend|p2: ekin1|Spikes|[from] move: Rapid Spin|[of] p2a: Donphan
|move|p1a: Walnut|Spikes|p2a: Donphan
|-sidestart|p2: ekin1|Spikes
|
|-heal|p2a: Donphan|312\/384 tox|[from] item: Leftovers
|-damage|p2a: Donphan|216\/384 tox|[from] psn
|turn|25
|
|move|p2a: Donphan|Earthquake|p1a: Walnut
|-damage|p1a: Walnut|0 fnt
|faint|p1a: Walnut
|
|-heal|p2a: Donphan|240\/384 tox|[from] item: Leftovers
|-damage|p2a: Donphan|120\/384 tox|[from] psn
|
|switch|p1a: Starmie|Starmie|261\/261
|turn|26
|
|switch|p2a: Blissey|Blissey, F|409\/714
|-damage|p2a: Blissey|320\/714|[from] Spikes
|move|p1a: Starmie|Psyshock|p2a: Blissey
|-damage|p2a: Blissey|0 fnt
|-damage|p1a: Starmie|235\/261|[from] item: Life Orb
|faint|p2a: Blissey
|
|
|switch|p2a: Victini|Victini|341\/341
|-damage|p2a: Victini|299\/341|[from] Spikes
|turn|27
|
|move|p1a: Starmie|Hydro Pump|p2a: Victini
|-supereffective|p2a: Victini
|-damage|p2a: Victini|0 fnt
|-damage|p1a: Starmie|209\/261|[from] item: Life Orb
|faint|p2a: Victini
|
|-message|ekin1 forfeited.
|
|win|This Many Fucks
|raw|Ladder updating...
|leave|ekin1
|player|p2
|raw|This Many Fucks's rating: 1490 &rarr; <strong>1505<\/strong><br \/>(+15 for winning)
|raw|ekin1's rating: 1411 &rarr; <strong>1396<\/strong><br \/>(-15 for losing)