|join|This Many Fucks
|join|Hogback_fosh_men
|player|p1|This Many Fucks|172
|player|p2|Hogback_fosh_men|266
|gametype|singles
|gen|6
|tier|UU
|rated
|rule|Sleep Clause Mod: Limit one foe put to sleep
|rule|Species Clause: Limit one of each Pokemon
|rule|OHKO Clause: OHKO moves are banned
|rule|Moody Clause: Moody is banned
|rule|Evasion Moves Clause: Evasion moves are banned
|rule|Endless Battle Clause: Forcing endless battles is banned.
|rule|HP Percentage Mod: HP is reported as percentages
|clearpoke
|poke|p1|Alakazam, M
|poke|p1|Arcanine, M
|poke|p1|Florges, F
|poke|p1|Doublade, F
|poke|p1|Hitmonlee, M
|poke|p1|Jirachi
|poke|p2|Infernape, M
|poke|p2|Ampharos, M, shiny
|poke|p2|Shaymin, shiny
|poke|p2|Swampert, M
|poke|p2|Hydreigon, F
|poke|p2|Jirachi
|teampreview
|
|start
|switch|p1a: Stardust|Jirachi|341\/341
|switch|p2a: Amphy|Ampharos, M, shiny|384\/384
|turn|1
|
|detailschange|p2a: Amphy|Ampharos-Mega, M, shiny
|message|Ampharos has Mega Evolved into Mega Ampharos!
|-ability|p2a: Amphy|Mold Breaker
|move|p1a: Stardust|Stealth Rock|p2a: Amphy
|-sidestart|p2: Hogback_fosh_men|move: Stealth Rock
|move|p2a: Amphy|Volt Switch|p1a: Stardust
|-damage|p1a: Stardust|179\/341
|
|switch|p2a: Swampass|Swampert, M|404\/404
|-damage|p2a: Swampass|379\/404|[from] Stealth Rock
|
|-heal|p2a: Swampass|404\/404|[from] item: Leftovers
|turn|2
|
|move|p1a: Stardust|Energy Ball|p2a: Swampass
|-supereffective|p2a: Swampass
|-damage|p2a: Swampass|0 fnt
|faint|p2a: Swampass
|
|
|switch|p2a: Infernape|Infernape, M|314\/314
|-damage|p2a: Infernape|275\/314|[from] Stealth Rock
|turn|3
|
|switch|p1a: Lionheart|Arcanine, M|383\/383
|-ability|p1a: Lionheart|Intimidate|[of] p2a: Infernape
|-unboost|p2a: Infernape|atk|1
|move|p2a: Infernape|Close Combat|p1a: Lionheart
|-damage|p1a: Lionheart|269\/383
|-damage|p2a: Infernape|223\/314|[from] item: Rocky Helmet|[of] p1a: Lionheart
|-unboost|p2a: Infernape|def|1
|-unboost|p2a: Infernape|spd|1
|-damage|p2a: Infernape|192\/314|[from] item: Life Orb
|
|turn|4
|
|switch|p2a: Hydra|Hydreigon, F|326\/326
|-damage|p2a: Hydra|286\/326|[from] Stealth Rock
|move|p1a: Lionheart|Will-O-Wisp|p2a: Hydra
|-status|p2a: Hydra|brn
|
|-heal|p2a: Hydra|306\/326 brn|[from] item: Leftovers
|-damage|p2a: Hydra|266\/326 brn|[from] brn
|turn|5
|
|switch|p1a: Freya|Florges, F|360\/360
|move|p2a: Hydra|Dark Pulse|p1a: Freya
|-resisted|p1a: Freya
|-damage|p1a: Freya|311\/360
|
|-heal|p2a: Hydra|286\/326 brn|[from] item: Leftovers
|-heal|p1a: Freya|333\/360|[from] item: Leftovers
|-damage|p2a: Hydra|246\/326 brn|[from] brn
|turn|6
|
|switch|p2a: PyramidHead|Jirachi|342\/342
|-damage|p2a: PyramidHead|321\/342|[from] Stealth Rock
|switch|p1a: Lionheart|Arcanine, M|269\/383
|-ability|p1a: Lionheart|Intimidate|[of] p2a: PyramidHead
|-unboost|p2a: PyramidHead|atk|1
|
|-heal|p2a: PyramidHead|342\/342|[from] item: Leftovers
|turn|7
|
|switch|p2a: Hydra|Hydreigon, F|246\/326 brn
|-damage|p2a: Hydra|206\/326 brn|[from] Stealth Rock
|move|p1a: Lionheart|Flare Blitz|p2a: Hydra
|-resisted|p2a: Hydra
|-damage|p2a: Hydra|118\/326 brn
|-damage|p1a: Lionheart|240\/383|[from] recoil|[of] p2a: Hydra
|
|-heal|p2a: Hydra|138\/326 brn|[from] item: Leftovers
|-damage|p2a: Hydra|98\/326 brn|[from] brn
|turn|8
|
|move|p1a: Lionheart|Extreme Speed|p2a: Hydra
|-damage|p2a: Hydra|26\/326 brn
|move|p2a: Hydra|Flash Cannon|p1a: Lionheart
|-resisted|p1a: Lionheart
|-damage|p1a: Lionheart|175\/383
|
|-heal|p2a: Hydra|46\/326 brn|[from] item: Leftovers
|-damage|p2a: Hydra|6\/326 brn|[from] brn
|turn|9
|
|move|p1a: Lionheart|Extreme Speed|p2a: Hydra
|-crit|p2a: Hydra
|-damage|p2a: Hydra|0 fnt
|faint|p2a: Hydra
|
|
|switch|p2a: Amphy|Ampharos-Mega, M, shiny|384\/384
|-damage|p2a: Amphy|336\/384|[from] Stealth Rock
|-ability|p2a: Amphy|Mold Breaker
|turn|10
|
|switch|p1a: Freya|Florges, F|333\/360
|move|p2a: Amphy|Volt Switch|p1a: Freya
|-damage|p1a: Freya|228\/360
|
|switch|p2a: PyramidHead|Jirachi|342\/342
|-damage|p2a: PyramidHead|321\/342|[from] Stealth Rock
|
|-heal|p2a: PyramidHead|342\/342|[from] item: Leftovers
|-heal|p1a: Freya|250\/360|[from] item: Leftovers
|turn|11
|
|switch|p1a: Lionheart|Arcanine, M|175\/383
|-ability|p1a: Lionheart|Intimidate|[of] p2a: PyramidHead
|-unboost|p2a: PyramidHead|atk|1
|move|p2a: PyramidHead|Body Slam|p1a: Lionheart
|-damage|p1a: Lionheart|126\/383
|-damage|p2a: PyramidHead|285\/342|[from] item: Rocky Helmet|[of] p1a: Lionheart
|-status|p1a: Lionheart|par
|
|-heal|p2a: PyramidHead|306\/342|[from] item: Leftovers
|turn|12
|
|switch|p2a: Infernape|Infernape, M|192\/314
|-damage|p2a: Infernape|153\/314|[from] Stealth Rock
|move|p1a: Lionheart|Morning Sun|p1a: Lionheart
|-heal|p1a: Lionheart|317\/383 par
|
|turn|13
|
|move|p1a: Lionheart|Extreme Speed|p2a: Infernape
|-damage|p2a: Infernape|66\/314
|move|p2a: Infernape|Swords Dance|p2a: Infernape
|-boost|p2a: Infernape|atk|2
|
|turn|14
|
|move|p1a: Lionheart|Extreme Speed|p2a: Infernape
|-damage|p2a: Infernape|0 fnt
|faint|p2a: Infernape
|
|
|switch|p2a: Shaymin|Shaymin, shiny|342\/342
|-damage|p2a: Shaymin|300\/342|[from] Stealth Rock
|turn|15
|
|switch|p1a: Freya|Florges, F|250\/360
|move|p2a: Shaymin|Earth Power|p1a: Freya
|-damage|p1a: Freya|160\/360
|-unboost|p1a: Freya|spd|1
|-damage|p2a: Shaymin|266\/342|[from] item: Life Orb
|
|-heal|p1a: Freya|182\/360|[from] item: Leftovers
|turn|16
|
|move|p1a: Freya|Protect|p1a: Freya
|-singleturn|p1a: Freya|Protect
|move|p2a: Shaymin|Seed Flare|p1a: Freya
|-activate|p1a: Freya|Protect
|
|-heal|p1a: Freya|204\/360|[from] item: Leftovers
|turn|17
|
|switch|p1a: Mad Dog|Hitmonlee, M|304\/304
|move|p2a: Shaymin|Seed Flare|p1a: Mad Dog|[miss]
|-miss|p2a: Shaymin|p1a: Mad Dog
|
|turn|18
|
|move|p2a: Shaymin|Air Slash|p1a: Mad Dog
|-supereffective|p1a: Mad Dog
|-damage|p1a: Mad Dog|184\/304
|-damage|p2a: Shaymin|232\/342|[from] item: Life Orb
|cant|p1a: Mad Dog|flinch
|
|turn|19
|
|move|p2a: Shaymin|Air Slash|p1a: Mad Dog
|-supereffective|p1a: Mad Dog
|-damage|p1a: Mad Dog|51\/304
|-damage|p2a: Shaymin|198\/342|[from] item: Life Orb
|move|p1a: Mad Dog|High Jump Kick|p2a: Shaymin
|-damage|p2a: Shaymin|0 fnt
|faint|p2a: Shaymin
|
|
|switch|p2a: PyramidHead|Jirachi|306\/342
|-damage|p2a: PyramidHead|285\/342|[from] Stealth Rock
|turn|20
|
|move|p2a: PyramidHead|Body Slam|p1a: Mad Dog
|-damage|p1a: Mad Dog|0 fnt
|faint|p1a: Mad Dog
|
|-heal|p2a: PyramidHead|306\/342|[from] item: Leftovers
|
|switch|p1a: Lionheart|Arcanine, M|317\/383 par
|-ability|p1a: Lionheart|Intimidate|[of] p2a: PyramidHead
|-unboost|p2a: PyramidHead|atk|1
|turn|21
|
|move|p2a: PyramidHead|Wish|p2a: PyramidHead
|move|p1a: Lionheart|Will-O-Wisp|p2a: PyramidHead
|-status|p2a: PyramidHead|brn
|
|-heal|p2a: PyramidHead|327\/342 brn|[from] item: Leftovers
|-damage|p2a: PyramidHead|285\/342 brn|[from] brn
|turn|22
|
|switch|p2a: Amphy|Ampharos-Mega, M, shiny|336\/384
|-damage|p2a: Amphy|288\/384|[from] Stealth Rock
|-ability|p2a: Amphy|Mold Breaker
|cant|p1a: Lionheart|par
|
|-heal|p2a: Amphy|384\/384|[from] move: Wish|[wisher] PyramidHead
|turn|23
|
|switch|p1a: Freya|Florges, F|204\/360
|move|p2a: Amphy|Thunderbolt|p1a: Freya
|-damage|p1a: Freya|47\/360
|
|-heal|p1a: Freya|69\/360|[from] item: Leftovers
|turn|24
|
|move|p1a: Freya|Moonblast|p2a: Amphy
|-crit|p2a: Amphy
|-supereffective|p2a: Amphy
|-damage|p2a: Amphy|52\/384
|move|p2a: Amphy|Thunderbolt|p1a: Freya
|-damage|p1a: Freya|0 fnt
|faint|p1a: Freya
|
|
|switch|p1a: Hagen-Dazs|Alakazam, M|251\/251
|turn|25
|
|switch|p2a: PyramidHead|Jirachi|285\/342 brn
|-damage|p2a: PyramidHead|264\/342 brn|[from] Stealth Rock
|detailschange|p1a: Hagen-Dazs|Alakazam-Mega, M
|message|Alakazam has Mega Evolved into Mega Alakazam!
|-ability|p1a: Hagen-Dazs|Serene Grace|[from] ability: Trace|[of] p2a: PyramidHead
|move|p1a: Hagen-Dazs|Shadow Ball|p2a: PyramidHead
|-supereffective|p2a: PyramidHead
|-damage|p2a: PyramidHead|0 fnt
|faint|p2a: PyramidHead
|
|-message|Hogback_fosh_men forfeited.
|
|win|This Many Fucks
|raw|Ladder updating...
|raw|This Many Fucks's rating: 1465 &rarr; <strong>1484<\/strong><br \/>(+19 for winning)
|raw|Hogback_fosh_men's rating: 1445 &rarr; <strong>1427<\/strong><br \/>(-18 for losing)
|leave|Hogback_fosh_men
|player|p2