|join|AnonymousLeejun
|join|This Many Fucks
|player|p1|AnonymousLeejun|170
|player|p2|This Many Fucks|172
|gametype|singles
|gen|6
|tier|UU
|rated
|rule|Sleep Clause Mod: Limit one foe put to sleep
|rule|Species Clause: Limit one of each PokÃ©mon
|rule|OHKO Clause: OHKO moves are banned
|rule|Moody Clause: Moody is banned
|rule|Evasion Moves Clause: Evasion moves are banned
|rule|Endless Battle Clause: Forcing endless battles is banned
|rule|HP Percentage Mod: HP is shown in percentages
|clearpoke
|poke|p1|Celebi
|poke|p1|Vaporeon, M
|poke|p1|Raikou
|poke|p1|Entei
|poke|p1|Blastoise, F
|poke|p1|Florges, F
|poke|p2|Jellicent, M
|poke|p2|Zygarde
|poke|p2|Aggron, F
|poke|p2|Blissey, F
|poke|p2|Forretress, M, shiny
|poke|p2|Aromatisse, F
|rule|Swagger Clause: Swagger is banned
|rule|Baton Pass Clause: Limit one PokÃ©mon knowing Baton Pass
|teampreview
|
|start
|switch|p1a: Celebi|Celebi|341\/341
|switch|p2a: Aggron|Aggron, F|344\/344
|turn|1
|
|detailschange|p2a: Aggron|Aggron-Mega, F
|message|Aggron has Mega Evolved into Mega Aggron!
|move|p1a: Celebi|Earth Power|p2a: Aggron
|-supereffective|p2a: Aggron
|-damage|p2a: Aggron|192\/344
|-damage|p1a: Celebi|307\/341|[from] item: Life Orb
|move|p2a: Aggron|Stealth Rock|p1a: Celebi
|-sidestart|p1: AnonymousLeejun|move: Stealth Rock
|
|turn|2
|
|switch|p2a: Teen Mom|Blissey, F|714\/714
|move|p1a: Celebi|Nasty Plot|p1a: Celebi
|-boost|p1a: Celebi|spa|2
|
|turn|3
|
|move|p1a: Celebi|Nasty Plot|p1a: Celebi
|-boost|p1a: Celebi|spa|2
|move|p2a: Teen Mom|Seismic Toss|p1a: Celebi
|-damage|p1a: Celebi|207\/341
|
|turn|4
|
|move|p1a: Celebi|Nasty Plot|p1a: Celebi
|-boost|p1a: Celebi|spa|2
|move|p2a: Teen Mom|Seismic Toss|p1a: Celebi
|-damage|p1a: Celebi|107\/341
|
|turn|5
|
|switch|p2a: Walnut|Forretress, M, shiny|353\/353
|move|p1a: Celebi|Giga Drain|p2a: Walnut
|-resisted|p2a: Walnut
|-damage|p2a: Walnut|131\/353
|-heal|p1a: Celebi|218\/341|[from] drain|[of] p2a: Walnut
|-damage|p1a: Celebi|184\/341|[from] item: Life Orb
|
|-heal|p2a: Walnut|153\/353|[from] item: Leftovers
|turn|6
|
|move|p1a: Celebi|Giga Drain|p2a: Walnut
|-resisted|p2a: Walnut
|-damage|p2a: Walnut|0 fnt
|-heal|p1a: Celebi|261\/341|[from] drain|[of] p2a: Walnut
|-damage|p1a: Celebi|227\/341|[from] item: Life Orb
|faint|p2a: Walnut
|
|
|switch|p2a: Terramorphous|Zygarde|404\/404
|-ability|p2a: Terramorphous|Aura Break
|turn|7
|
|move|p1a: Celebi|Giga Drain|p2a: Terramorphous
|-damage|p2a: Terramorphous|0 fnt
|-heal|p1a: Celebi|341\/341|[from] drain|[of] p2a: Terramorphous
|-damage|p1a: Celebi|307\/341|[from] item: Life Orb
|faint|p2a: Terramorphous
|
|
|switch|p2a: Aggron|Aggron-Mega, F|192\/344
|turn|8
|
|move|p1a: Celebi|Giga Drain|p2a: Aggron
|-resisted|p2a: Aggron
|-damage|p2a: Aggron|0 fnt
|-heal|p1a: Celebi|341\/341|[from] drain|[of] p2a: Aggron
|-damage|p1a: Celebi|307\/341|[from] item: Life Orb
|faint|p2a: Aggron
|
|-message|This Many Fucks forfeited.
|
|win|AnonymousLeejun
|raw|Ladder updating...
|leave|This Many Fucks
|player|p2
|raw|AnonymousLeejun's rating: 1273 &rarr; <strong>1308<\/strong><br \/>(+35 for winning)
|raw|This Many Fucks's rating: 1416 &rarr; <strong>1389<\/strong><br \/>(-27 for losing)