|join|This Many Fucks
|join|rowfgt
|player|p1|This Many Fucks|172
|player|p2|rowfgt|80
|gametype|singles
|gen|6
|tier|UU
|rated
|rule|Sleep Clause Mod: Limit one foe put to sleep
|rule|Species Clause: Limit one of each PokÃ©mon
|rule|OHKO Clause: OHKO moves are banned
|rule|Moody Clause: Moody is banned
|rule|Evasion Moves Clause: Evasion moves are banned
|rule|Endless Battle Clause: Forcing endless battles is banned
|rule|HP Percentage Mod: HP is shown in percentages
|clearpoke
|poke|p1|Jellicent, M
|poke|p1|Zygarde
|poke|p1|Aggron, M
|poke|p1|Blissey, F
|poke|p1|Forretress, M, shiny
|poke|p1|Aromatisse, F
|poke|p2|Sharpedo, M
|poke|p2|Accelgor, M
|poke|p2|Spiritomb, F
|poke|p2|Swampert, M
|poke|p2|Roserade, M
|poke|p2|Jirachi
|rule|Swagger Clause: Swagger is banned
|rule|Baton Pass Clause: Limit one PokÃ©mon knowing Baton Pass
|teampreview
|
|start
|switch|p1a: Aggron|Aggron, M|344\/344
|switch|p2a: Bob the Boob|Accelgor, M|364\/364
|turn|1
|
|detailschange|p1a: Aggron|Aggron-Mega, M
|message|Aggron has Mega Evolved into Mega Aggron!
|move|p2a: Bob the Boob|Spikes|p1a: Aggron
|-sidestart|p1: This Many Fucks|Spikes
|move|p1a: Aggron|Heavy Slam|p2a: Bob the Boob
|-enditem|p2a: Bob the Boob|Focus Sash
|-damage|p2a: Bob the Boob|1\/364
|
|turn|2
|
|move|p2a: Bob the Boob|Spikes|p1a: Aggron
|-sidestart|p1: This Many Fucks|Spikes
|move|p1a: Aggron|Heavy Slam|p2a: Bob the Boob
|-damage|p2a: Bob the Boob|0 fnt
|faint|p2a: Bob the Boob
|
|
|switch|p2a: Fenggot|Swampert, M|404\/404
|turn|3
|
|move|p2a: Fenggot|Stealth Rock|p1a: Aggron
|-sidestart|p1: This Many Fucks|move: Stealth Rock
|move|p1a: Aggron|Stealth Rock|p2a: Fenggot
|-sidestart|p2: rowfgt|move: Stealth Rock
|
|turn|4
|
|switch|p1a: Pringles|Jellicent, M|403\/403
|-damage|p1a: Pringles|336\/403|[from] Spikes
|-damage|p1a: Pringles|286\/403|[from] Stealth Rock
|move|p2a: Fenggot|Roar|p1a: Pringles
|drag|p1a: Aggron|Aggron-Mega, M|344\/344
|-damage|p1a: Aggron|287\/344|[from] Spikes
|-damage|p1a: Aggron|266\/344|[from] Stealth Rock
|
|turn|5
|
|switch|p1a: Teen Mom|Blissey, F|714\/714
|-damage|p1a: Teen Mom|625\/714|[from] Stealth Rock
|-damage|p1a: Teen Mom|506\/714|[from] Spikes
|move|p2a: Fenggot|Earthquake|p1a: Teen Mom
|-damage|p1a: Teen Mom|290\/714
|
|-heal|p1a: Teen Mom|334\/714|[from] item: Leftovers
|turn|6
|
|move|p1a: Teen Mom|Wish|p1a: Teen Mom
|move|p2a: Fenggot|Earthquake|p1a: Teen Mom
|-damage|p1a: Teen Mom|99\/714
|
|-heal|p1a: Teen Mom|143\/714|[from] item: Leftovers
|turn|7
|
|move|p1a: Teen Mom|Seismic Toss|p2a: Fenggot
|-damage|p2a: Fenggot|304\/404
|move|p2a: Fenggot|Roar|p1a: Teen Mom
|drag|p1a: Walnut|Forretress, M, shiny|353\/353
|-damage|p1a: Walnut|309\/353|[from] Stealth Rock
|-damage|p1a: Walnut|251\/353|[from] Spikes
|
|-heal|p1a: Walnut|353\/353|[from] move: Wish|[wisher] Teen Mom
|-heal|p2a: Fenggot|329\/404|[from] item: Leftovers
|turn|8
|
|switch|p2a: Bob the Bitch|Spiritomb, F|304\/304
|-damage|p2a: Bob the Bitch|266\/304|[from] Stealth Rock
|move|p1a: Walnut|Toxic|p2a: Bob the Bitch
|-status|p2a: Bob the Bitch|tox
|
|-damage|p2a: Bob the Bitch|247\/304 tox|[from] psn
|turn|9
|
|move|p1a: Walnut|Spikes|p2a: Bob the Bitch
|-sidestart|p2: rowfgt|Spikes
|move|p2a: Bob the Bitch|Will-O-Wisp|p1a: Walnut
|-status|p1a: Walnut|brn
|
|-damage|p1a: Walnut|309\/353 brn|[from] brn
|-damage|p2a: Bob the Bitch|209\/304 tox|[from] psn
|turn|10
|
|switch|p2a: Bob the Bub|Roserade, M|262\/262
|-damage|p2a: Bob the Bub|230\/262|[from] Stealth Rock
|-damage|p2a: Bob the Bub|198\/262|[from] Spikes
|move|p1a: Walnut|Spikes|p2a: Bob the Bub
|-sidestart|p2: rowfgt|Spikes
|
|-heal|p1a: Walnut|331\/353 brn|[from] item: Leftovers
|-damage|p1a: Walnut|287\/353 brn|[from] brn
|turn|11
|
|switch|p1a: Teen Mom|Blissey, F|143\/714
|-damage|p1a: Teen Mom|54\/714|[from] Stealth Rock
|-damage|p1a: Teen Mom|0 fnt|[from] Spikes
|faint|p1a: Teen Mom
|move|p2a: Bob the Bub|Hidden Power|p1: Teen Mom|[notarget]
|-notarget
|
|
|switch|p1a: Terramorphous|Zygarde|404\/404
|-damage|p1a: Terramorphous|379\/404|[from] Stealth Rock
|-damage|p1a: Terramorphous|312\/404|[from] Spikes
|-ability|p1a: Terramorphous|Aura Break
|turn|12
|
|switch|p2a: Fenggot|Swampert, M|329\/404
|-damage|p2a: Fenggot|304\/404|[from] Stealth Rock
|-damage|p2a: Fenggot|237\/404|[from] Spikes
|move|p1a: Terramorphous|Earthquake|p2a: Fenggot
|-damage|p2a: Fenggot|150\/404
|
|-heal|p1a: Terramorphous|337\/404|[from] item: Leftovers
|-heal|p2a: Fenggot|175\/404|[from] item: Leftovers
|turn|13
|
|switch|p1a: Pringles|Jellicent, M|286\/403
|-damage|p1a: Pringles|219\/403|[from] Spikes
|-damage|p1a: Pringles|169\/403|[from] Stealth Rock
|move|p2a: Fenggot|Roar|p1a: Pringles
|drag|p1a: Walnut|Forretress, M, shiny|287\/353 brn
|-damage|p1a: Walnut|229\/353 brn|[from] Spikes
|-damage|p1a: Walnut|185\/353 brn|[from] Stealth Rock
|
|-heal|p2a: Fenggot|200\/404|[from] item: Leftovers
|-heal|p1a: Walnut|207\/353 brn|[from] item: Leftovers
|-damage|p1a: Walnut|163\/353 brn|[from] brn
|turn|14
|
|switch|p2a: Bob the Bitch|Spiritomb, F|209\/304 tox
|-damage|p2a: Bob the Bitch|171\/304 tox|[from] Stealth Rock
|-damage|p2a: Bob the Bitch|121\/304 tox|[from] Spikes
|move|p1a: Walnut|Rapid Spin|p2a: Bob the Bitch
|-immune|p2a: Bob the Bitch|[msg]
|
|-heal|p1a: Walnut|185\/353 brn|[from] item: Leftovers
|-damage|p1a: Walnut|141\/353 brn|[from] brn
|-damage|p2a: Bob the Bitch|102\/304 tox|[from] psn
|turn|15
|
|move|p1a: Walnut|Spikes|p2a: Bob the Bitch
|-sidestart|p2: rowfgt|Spikes
|move|p2a: Bob the Bitch|Pursuit|p1a: Walnut
|-damage|p1a: Walnut|98\/353 brn
|
|-heal|p1a: Walnut|120\/353 brn|[from] item: Leftovers
|-damage|p1a: Walnut|76\/353 brn|[from] brn
|-damage|p2a: Bob the Bitch|64\/304 tox|[from] psn
|turn|16
|
|move|p2a: Bob the Bitch|Sucker Punch|p1a: Walnut
|-damage|p1a: Walnut|0 fnt
|faint|p1a: Walnut
|
|-damage|p2a: Bob the Bitch|7\/304 tox|[from] psn
|
|switch|p1a: Gooch|Aromatisse, F|405\/405
|-damage|p1a: Gooch|338\/405|[from] Spikes
|-damage|p1a: Gooch|288\/405|[from] Stealth Rock
|turn|17
|
|switch|p2a: Haxy Bob|Jirachi|341\/341
|-damage|p2a: Haxy Bob|320\/341|[from] Stealth Rock
|-damage|p2a: Haxy Bob|235\/341|[from] Spikes
|move|p1a: Gooch|Moonblast|p2a: Haxy Bob
|-resisted|p2a: Haxy Bob
|-damage|p2a: Haxy Bob|178\/341
|-unboost|p2a: Haxy Bob|spa|1
|
|-heal|p1a: Gooch|313\/405|[from] item: Leftovers
|turn|18
|
|move|p1a: Gooch|Protect|p1a: Gooch
|-singleturn|p1a: Gooch|Protect
|move|p2a: Haxy Bob|Healing Wish|p2a: Haxy Bob
|faint|p2a: Haxy Bob
|
|-heal|p1a: Gooch|338\/405|[from] item: Leftovers
|
|switch|p2a: Bob the Bitch|Spiritomb, F|7\/304 tox
|-heal|p2a: Bob the Bitch|304\/304|[from] move: Healing Wish
|-damage|p2a: Bob the Bitch|266\/304|[from] Stealth Rock
|-damage|p2a: Bob the Bitch|190\/304|[from] Spikes
|turn|19
|
|switch|p2a: Fenggot|Swampert, M|200\/404
|-damage|p2a: Fenggot|99\/404|[from] Spikes
|-damage|p2a: Fenggot|74\/404|[from] Stealth Rock
|move|p1a: Gooch|Moonblast|p2a: Fenggot
|-damage|p2a: Fenggot|0 fnt
|faint|p2a: Fenggot
|
|-heal|p1a: Gooch|363\/405|[from] item: Leftovers
|
|switch|p2a: Bob the Bub|Roserade, M|198\/262
|-damage|p2a: Bob the Bub|166\/262|[from] Stealth Rock
|-damage|p2a: Bob the Bub|101\/262|[from] Spikes
|turn|20
|
|move|p1a: Gooch|Protect|p1a: Gooch
|-singleturn|p1a: Gooch|Protect
|move|p2a: Bob the Bub|Leaf Storm|p1a: Gooch
|-activate|p1a: Gooch|Protect
|
|-heal|p1a: Gooch|388\/405|[from] item: Leftovers
|turn|21
|
|switch|p1a: Aggron|Aggron-Mega, M|266\/344
|-damage|p1a: Aggron|245\/344|[from] Stealth Rock
|-damage|p1a: Aggron|188\/344|[from] Spikes
|move|p2a: Bob the Bub|Leaf Storm|p1a: Aggron
|-resisted|p1a: Aggron
|-damage|p1a: Aggron|89\/344
|-unboost|p2a: Bob the Bub|spa|2
|
|turn|22
|
|move|p2a: Bob the Bub|Leaf Storm|p1a: Aggron
|-resisted|p1a: Aggron
|-damage|p1a: Aggron|40\/344
|-unboost|p2a: Bob the Bub|spa|2
|move|p1a: Aggron|Roar|p2a: Bob the Bub
|drag|p2a: Bob the Bitch|Spiritomb, F|190\/304
|-damage|p2a: Bob the Bitch|114\/304|[from] Spikes
|-damage|p2a: Bob the Bitch|76\/304|[from] Stealth Rock
|
|turn|23
|
|move|p2a: Bob the Bitch|Shadow Sneak|p1a: Aggron
|-damage|p1a: Aggron|10\/344
|move|p1a: Aggron|Roar|p2a: Bob the Bitch
|drag|p2a: Bob the Bub|Roserade, M|101\/262
|-damage|p2a: Bob the Bub|36\/262|[from] Spikes
|-damage|p2a: Bob the Bub|4\/262|[from] Stealth Rock
|
|turn|24
|
|move|p2a: Bob the Bub|Dazzling Gleam|p1a: Aggron
|-resisted|p1a: Aggron
|-damage|p1a: Aggron|0 fnt
|faint|p1a: Aggron
|
|
|switch|p1a: Terramorphous|Zygarde|337\/404
|-damage|p1a: Terramorphous|270\/404|[from] Spikes
|-damage|p1a: Terramorphous|245\/404|[from] Stealth Rock
|-ability|p1a: Terramorphous|Aura Break
|turn|25
|
|move|p2a: Bob the Bub|Dazzling Gleam|p1a: Terramorphous
|-supereffective|p1a: Terramorphous
|-damage|p1a: Terramorphous|75\/404
|move|p1a: Terramorphous|Earthquake|p2a: Bob the Bub
|-damage|p2a: Bob the Bub|0 fnt
|faint|p2a: Bob the Bub
|
|-heal|p1a: Terramorphous|100\/404|[from] item: Leftovers
|
|switch|p2a: Bob the Bitch|Spiritomb, F|76\/304
|-damage|p2a: Bob the Bitch|38\/304|[from] Stealth Rock
|-damage|p2a: Bob the Bitch|0 fnt|[from] Spikes
|faint|p2a: Bob the Bitch
|
|switch|p2a: Bob the Bad|Sharpedo, M|282\/282
|-damage|p2a: Bob the Bad|212\/282|[from] Spikes
|-damage|p2a: Bob the Bad|177\/282|[from] Stealth Rock
|turn|26
|
|detailschange|p2a: Bob the Bad|Sharpedo-Mega, M
|message|Sharpedo has Mega Evolved into Mega Sharpedo!
|move|p1a: Terramorphous|Earthquake|p2a: Bob the Bad
|-damage|p2a: Bob the Bad|15\/282
|move|p2a: Bob the Bad|Crunch|p1a: Terramorphous
|-damage|p1a: Terramorphous|0 fnt
|faint|p1a: Terramorphous
|
|
|switch|p1a: Gooch|Aromatisse, F|388\/405
|-damage|p1a: Gooch|321\/405|[from] Spikes
|-damage|p1a: Gooch|271\/405|[from] Stealth Rock
|turn|27
|
|move|p2a: Bob the Bad|Waterfall|p1a: Gooch
|-damage|p1a: Gooch|123\/405
|move|p1a: Gooch|Moonblast|p2a: Bob the Bad
|-supereffective|p2a: Bob the Bad
|-damage|p2a: Bob the Bad|0 fnt
|faint|p2a: Bob the Bad
|
|win|This Many Fucks
|raw|Ladder updating...
|c|ârowfgt|gg
|c|âThis Many Fucks|gg
|raw|This Many Fucks's rating: 1392 &rarr; <strong>1416<\/strong><br \/>(+24 for winning)
|raw|rowfgt's rating: 1472 &rarr; <strong>1447<\/strong><br \/>(-25 for losing)