|join|This Many Fucks
|join|0rbital
|player|p1|This Many Fucks|172
|player|p2|0rbital|248
|gametype|singles
|gen|6
|tier|UU
|rated
|rule|Sleep Clause Mod: Limit one foe put to sleep
|rule|Species Clause: Limit one of each PokÃ©mon
|rule|OHKO Clause: OHKO moves are banned
|rule|Moody Clause: Moody is banned
|rule|Evasion Moves Clause: Evasion moves are banned
|rule|Endless Battle Clause: Forcing endless battles is banned
|rule|HP Percentage Mod: HP is shown in percentages
|clearpoke
|poke|p1|Shedinja
|poke|p1|Absol, F
|poke|p1|Xatu, F
|poke|p1|Cobalion
|poke|p1|Archeops, M
|poke|p1|Tentacruel, M
|poke|p2|Sceptile, F
|poke|p2|Vaporeon, F
|poke|p2|Jirachi
|poke|p2|Krookodile, F
|poke|p2|Crobat, F
|poke|p2|Infernape, F
|rule|Swagger Clause: Swagger is banned
|rule|Baton Pass Clause: Limit one PokÃ©mon knowing Baton Pass
|teampreview
|c|â0rbital|nice n dmt
|
|start
|switch|p1a: Redneck|Archeops, M|291\/291
|switch|p2a: Sceptile|Sceptile, F|281\/281
|turn|1
|
|detailschange|p2a: Sceptile|Sceptile-Mega, F
|message|Sceptile has Mega Evolved into Mega Sceptile!
|move|p1a: Redneck|U-turn|p2a: Sceptile
|-supereffective|p2a: Sceptile
|-damage|p2a: Sceptile|67\/281
|
|switch|p1a: Win Condition|Shedinja|1\/1
|move|p2a: Sceptile|Substitute|p2a: Sceptile
|-fail|p2a: Sceptile|move: Substitute|[weak]
|
|turn|2
|
|switch|p2a: Crobat|Crobat, F|373\/373
|move|p1a: Win Condition|X-Scissor|p2a: Crobat
|-resisted|p2a: Crobat
|-damage|p2a: Crobat|336\/373
|
|-heal|p2a: Crobat|359\/373|[from] item: Black Sludge
|turn|3
|
|switch|p1a: DOOT DOOT|Xatu, F|334\/334
|move|p2a: Crobat|Brave Bird|p1a: DOOT DOOT
|-damage|p1a: DOOT DOOT|205\/334
|-damage|p2a: Crobat|297\/373|[from] item: Rocky Helmet|[of] p1a: DOOT DOOT
|-damage|p2a: Crobat|254\/373|[from] recoil|[of] p1a: DOOT DOOT
|
|-heal|p2a: Crobat|277\/373|[from] item: Black Sludge
|turn|4
|
|switch|p2a: Krookodile|Krookodile, F|331\/331
|-ability|p2a: Krookodile|Intimidate|[of] p1a: DOOT DOOT
|-unboost|p1a: DOOT DOOT|atk|1
|move|p1a: DOOT DOOT|U-turn|p2a: Krookodile
|-supereffective|p2a: Krookodile
|-damage|p2a: Krookodile|279\/331
|
|switch|p1a: Redneck|Archeops, M|291\/291
|
|turn|5
|
|switch|p2a: Crobat|Crobat, F|277\/373
|move|p1a: Redneck|U-turn|p2a: Crobat
|-resisted|p2a: Crobat
|-damage|p2a: Crobat|253\/373
|
|switch|p1a: DOOT DOOT|Xatu, F|205\/334
|
|-heal|p2a: Crobat|276\/373|[from] item: Black Sludge
|turn|6
|
|move|p2a: Crobat|Roost|p2a: Crobat
|-heal|p2a: Crobat|373\/373
|move|p1a: DOOT DOOT|Roost|p1a: DOOT DOOT
|-heal|p1a: DOOT DOOT|334\/334
|
|turn|7
|
|switch|p2a: Jirachi|Jirachi|404\/404
|move|p1a: DOOT DOOT|U-turn|p2a: Jirachi
|-crit|p2a: Jirachi
|-damage|p2a: Jirachi|350\/404
|
|switch|p1a: FairyDark plz|Absol, F|271\/271
|
|-heal|p2a: Jirachi|375\/404|[from] item: Leftovers
|turn|8
|
|switch|p2a: Krookodile|Krookodile, F|279\/331
|-ability|p2a: Krookodile|Intimidate|[of] p1a: FairyDark plz
|-unboost|p1a: FairyDark plz|atk|1
|detailschange|p1a: FairyDark plz|Absol-Mega, F
|message|Absol has Mega Evolved into Mega Absol!
|move|p1a: FairyDark plz|Knock Off|p2a: Krookodile
|-resisted|p2a: Krookodile
|-damage|p2a: Krookodile|193\/331
|-enditem|p2a: Krookodile|Choice Band|[from] move: Knock Off|[of] p1a: FairyDark plz
|
|turn|9
|
|switch|p1a: Redneck|Archeops, M|291\/291
|move|p2a: Krookodile|Knock Off|p1a: Redneck
|-damage|p1a: Redneck|59\/291
|-enditem|p1a: Redneck|Choice Scarf|[from] move: Knock Off|[of] p2a: Krookodile
|
|turn|10
|
|move|p1a: Redneck|U-turn|p2a: Krookodile
|-supereffective|p2a: Krookodile
|-damage|p2a: Krookodile|87\/331
|
|move|p2a: Krookodile|Pursuit|p1a: Redneck|[from]Pursuit
|-damage|p1a: Redneck|0 fnt
|faint|p1a: Redneck
|
|
|switch|p1a: Combat Clothes|Cobalion|386\/386
|turn|11
|
|switch|p2a: Crobat|Crobat, F|373\/373
|move|p1a: Combat Clothes|Iron Head|p2a: Crobat
|-damage|p2a: Crobat|276\/373
|
|-heal|p2a: Crobat|299\/373|[from] item: Black Sludge
|turn|12
|
|move|p2a: Crobat|Brave Bird|p1a: Combat Clothes
|-damage|p1a: Combat Clothes|274\/386
|-damage|p2a: Crobat|262\/373|[from] recoil|[of] p1a: Combat Clothes
|move|p1a: Combat Clothes|Volt Switch|p2a: Crobat
|-supereffective|p2a: Crobat
|-damage|p2a: Crobat|148\/373
|
|switch|p1a: FairyDark plz|Absol-Mega, F|271\/271
|
|-heal|p2a: Crobat|171\/373|[from] item: Black Sludge
|turn|13
|
|move|p2a: Crobat|Roost|p2a: Crobat
|-heal|p2a: Crobat|358\/373
|move|p1a: FairyDark plz|Knock Off|p2a: Crobat
|-damage|p2a: Crobat|91\/373
|-enditem|p2a: Crobat|Black Sludge|[from] move: Knock Off|[of] p1a: FairyDark plz
|
|turn|14
|
|move|p1a: FairyDark plz|Sucker Punch|p2a: Crobat
|-fail|p2a: Crobat
|move|p2a: Crobat|Roost|p2a: Crobat
|-heal|p2a: Crobat|278\/373
|
|turn|15
|
|switch|p2a: Infernape|Infernape, F|293\/293
|move|p1a: FairyDark plz|Sucker Punch|p2a: Infernape
|-fail|p2a: Infernape
|
|turn|16
|
|switch|p1a: Ten Tickles|Tentacruel, M|364\/364
|move|p2a: Infernape|Flare Blitz|p1a: Ten Tickles
|-resisted|p1a: Ten Tickles
|-damage|p1a: Ten Tickles|276\/364
|-damage|p2a: Infernape|264\/293|[from] recoil|[of] p1a: Ten Tickles
|
|-heal|p1a: Ten Tickles|298\/364|[from] item: Black Sludge
|turn|17
|
|switch|p2a: Crobat|Crobat, F|278\/373
|move|p1a: Ten Tickles|Toxic Spikes|p2a: Crobat
|-sidestart|p2: 0rbital|move: Toxic Spikes
|
|-heal|p1a: Ten Tickles|320\/364|[from] item: Black Sludge
|turn|18
|
|move|p2a: Crobat|Defog|p1a: Ten Tickles
|-fail|p1a: Ten Tickles|unboost|[from] ability: Clear Body|[of] p1a: Ten Tickles
|-sideend|p2: 0rbital|Toxic Spikes|[from] move: Defog|[of] p2a: Crobat
|move|p1a: Ten Tickles|Scald|p2a: Crobat
|-damage|p2a: Crobat|191\/373
|
|-heal|p1a: Ten Tickles|342\/364|[from] item: Black Sludge
|turn|19
|
|switch|p2a: Vaporeon|Vaporeon, F|464\/464
|move|p1a: Ten Tickles|Scald|p2a: Vaporeon
|-immune|p2a: Vaporeon|[msg]
|
|-heal|p1a: Ten Tickles|364\/364|[from] item: Black Sludge
|turn|20
|
|move|p1a: Ten Tickles|Toxic Spikes|p2a: Vaporeon
|-sidestart|p2: 0rbital|move: Toxic Spikes
|move|p2a: Vaporeon|Baton Pass|p2a: Vaporeon
|
|switch|p2a: Crobat|Crobat, F|191\/373
|
|turn|21
|
|move|p2a: Crobat|Defog|p1a: Ten Tickles
|-fail|p1a: Ten Tickles|unboost|[from] ability: Clear Body|[of] p1a: Ten Tickles
|-sideend|p2: 0rbital|Toxic Spikes|[from] move: Defog|[of] p2a: Crobat
|move|p1a: Ten Tickles|Scald|p2a: Crobat
|-damage|p2a: Crobat|100\/373
|
|turn|22
|
|move|p2a: Crobat|Roost|p2a: Crobat
|-heal|p2a: Crobat|287\/373
|move|p1a: Ten Tickles|Acid Spray|p2a: Crobat
|-crit|p2a: Crobat
|-resisted|p2a: Crobat
|-damage|p2a: Crobat|248\/373
|-unboost|p2a: Crobat|spd|2
|
|turn|23
|
|switch|p2a: Jirachi|Jirachi|375\/404
|move|p1a: Ten Tickles|Toxic Spikes|p2a: Jirachi
|-sidestart|p2: 0rbital|move: Toxic Spikes
|
|-heal|p2a: Jirachi|400\/404|[from] item: Leftovers
|turn|24
|
|switch|p1a: DOOT DOOT|Xatu, F|334\/334
|move|p2a: Jirachi|Iron Head|p1a: DOOT DOOT
|-damage|p1a: DOOT DOOT|247\/334
|-damage|p2a: Jirachi|333\/404|[from] item: Rocky Helmet|[of] p1a: DOOT DOOT
|
|-heal|p2a: Jirachi|358\/404|[from] item: Leftovers
|turn|25
|
|switch|p2a: Crobat|Crobat, F|248\/373
|move|p1a: DOOT DOOT|U-turn|p2a: Crobat
|-resisted|p2a: Crobat
|-damage|p2a: Crobat|239\/373
|
|switch|p1a: FairyDark plz|Absol-Mega, F|271\/271
|
|turn|26
|
|move|p2a: Crobat|Brave Bird|p1a: FairyDark plz
|-damage|p1a: FairyDark plz|70\/271
|-damage|p2a: Crobat|173\/373|[from] recoil|[of] p1a: FairyDark plz
|move|p1a: FairyDark plz|Swords Dance|p1a: FairyDark plz
|-boost|p1a: FairyDark plz|atk|2
|
|turn|27
|
|move|p1a: FairyDark plz|Sucker Punch|p2a: Crobat
|-damage|p2a: Crobat|0 fnt
|faint|p2a: Crobat
|
|
|switch|p2a: Infernape|Infernape, F|264\/293
|-status|p2a: Infernape|psn
|turn|28
|
|switch|p1a: Ten Tickles|Tentacruel, M|364\/364
|move|p2a: Infernape|Flare Blitz|p1a: Ten Tickles
|-resisted|p1a: Ten Tickles
|-damage|p1a: Ten Tickles|265\/364
|-damage|p2a: Infernape|231\/293 psn|[from] recoil|[of] p1a: Ten Tickles
|
|-heal|p1a: Ten Tickles|287\/364|[from] item: Black Sludge
|-damage|p2a: Infernape|195\/293 psn|[from] psn
|turn|29
|
|switch|p2a: Jirachi|Jirachi|358\/404
|move|p1a: Ten Tickles|Toxic Spikes|p2a: Jirachi
|-sidestart|p2: 0rbital|move: Toxic Spikes
|
|-heal|p2a: Jirachi|383\/404|[from] item: Leftovers
|-heal|p1a: Ten Tickles|309\/364|[from] item: Black Sludge
|turn|30
|
|move|p2a: Jirachi|Iron Head|p1a: Ten Tickles
|-resisted|p1a: Ten Tickles
|-damage|p1a: Ten Tickles|261\/364
|cant|p1a: Ten Tickles|flinch
|
|-heal|p2a: Jirachi|404\/404|[from] item: Leftovers
|-heal|p1a: Ten Tickles|283\/364|[from] item: Black Sludge
|turn|31
|
|switch|p1a: DOOT DOOT|Xatu, F|247\/334
|move|p2a: Jirachi|Iron Head|p1a: DOOT DOOT
|-damage|p1a: DOOT DOOT|159\/334
|-damage|p2a: Jirachi|337\/404|[from] item: Rocky Helmet|[of] p1a: DOOT DOOT
|
|-heal|p2a: Jirachi|362\/404|[from] item: Leftovers
|turn|32
|
|move|p2a: Jirachi|Iron Head|p1a: DOOT DOOT
|-damage|p1a: DOOT DOOT|78\/334
|-damage|p2a: Jirachi|295\/404|[from] item: Rocky Helmet|[of] p1a: DOOT DOOT
|move|p1a: DOOT DOOT|Roost|p1a: DOOT DOOT
|-heal|p1a: DOOT DOOT|245\/334
|
|-heal|p2a: Jirachi|320\/404|[from] item: Leftovers
|turn|33
|
|move|p2a: Jirachi|Iron Head|p1a: DOOT DOOT
|-damage|p1a: DOOT DOOT|155\/334
|-damage|p2a: Jirachi|253\/404|[from] item: Rocky Helmet|[of] p1a: DOOT DOOT
|cant|p1a: DOOT DOOT|flinch
|
|-heal|p2a: Jirachi|278\/404|[from] item: Leftovers
|turn|34
|
|move|p2a: Jirachi|Iron Head|p1a: DOOT DOOT
|-damage|p1a: DOOT DOOT|76\/334
|-damage|p2a: Jirachi|211\/404|[from] item: Rocky Helmet|[of] p1a: DOOT DOOT
|cant|p1a: DOOT DOOT|flinch
|
|-heal|p2a: Jirachi|236\/404|[from] item: Leftovers
|turn|35
|
|switch|p1a: Win Condition|Shedinja|1\/1
|move|p2a: Jirachi|Iron Head|p1a: Win Condition
|-activate|p1a: Win Condition|ability: Wonder Guard
|
|-heal|p2a: Jirachi|261\/404|[from] item: Leftovers
|turn|36
|
|switch|p1a: FairyDark plz|Absol-Mega, F|70\/271
|move|p2a: Jirachi|Stealth Rock|p1a: FairyDark plz
|move|p1a: FairyDark plz|Stealth Rock|p2a: Jirachi|[from]Magic Bounce
|-sidestart|p2: 0rbital|move: Stealth Rock
|
|-heal|p2a: Jirachi|286\/404|[from] item: Leftovers
|turn|37
|c|â0rbital|got me
|
|move|p1a: FairyDark plz|Knock Off|p2a: Jirachi
|-supereffective|p2a: Jirachi
|-damage|p2a: Jirachi|0 fnt
|-enditem|p2a: Jirachi|Leftovers|[from] move: Knock Off|[of] p1a: FairyDark plz
|faint|p2a: Jirachi
|
|
|switch|p2a: Infernape|Infernape, F|195\/293 psn
|-damage|p2a: Infernape|159\/293 psn|[from] Stealth Rock
|turn|38
|
|switch|p1a: Ten Tickles|Tentacruel, M|283\/364
|move|p2a: Infernape|U-turn|p1a: Ten Tickles
|-resisted|p1a: Ten Tickles
|-damage|p1a: Ten Tickles|248\/364
|
|switch|p2a: Krookodile|Krookodile, F|87\/331
|-damage|p2a: Krookodile|67\/331|[from] Stealth Rock
|-status|p2a: Krookodile|tox
|-ability|p2a: Krookodile|Intimidate|[of] p1a: Ten Tickles
|-fail|p1a: Ten Tickles|unboost|[from] ability: Clear Body|[of] p1a: Ten Tickles
|
|-heal|p1a: Ten Tickles|270\/364|[from] item: Black Sludge
|-damage|p2a: Krookodile|47\/331 tox|[from] psn
|turn|39
|
|switch|p1a: Combat Clothes|Cobalion|274\/386
|move|p2a: Krookodile|Knock Off|p1a: Combat Clothes
|-resisted|p1a: Combat Clothes
|-damage|p1a: Combat Clothes|205\/386
|-boost|p1a: Combat Clothes|atk|1|[from] ability: Justified
|-enditem|p1a: Combat Clothes|Chesto Berry|[from] move: Knock Off|[of] p2a: Krookodile
|
|-damage|p2a: Krookodile|7\/331 tox|[from] psn
|turn|40
|
|move|p1a: Combat Clothes|Iron Head|p2a: Krookodile
|-damage|p2a: Krookodile|0 fnt
|faint|p2a: Krookodile
|
|
|switch|p2a: Infernape|Infernape, F|159\/293 psn
|-damage|p2a: Infernape|123\/293 psn|[from] Stealth Rock
|turn|41
|
|switch|p1a: Ten Tickles|Tentacruel, M|270\/364
|move|p2a: Infernape|Flare Blitz|p1a: Ten Tickles
|-resisted|p1a: Ten Tickles
|-damage|p1a: Ten Tickles|179\/364
|-damage|p2a: Infernape|93\/293 psn|[from] recoil|[of] p1a: Ten Tickles
|
|-heal|p1a: Ten Tickles|201\/364|[from] item: Black Sludge
|-damage|p2a: Infernape|57\/293 psn|[from] psn
|turn|42
|
|switch|p2a: Vaporeon|Vaporeon, F|464\/464
|-damage|p2a: Vaporeon|406\/464|[from] Stealth Rock
|-status|p2a: Vaporeon|tox
|move|p1a: Ten Tickles|Acid Spray|p2a: Vaporeon
|-damage|p2a: Vaporeon|364\/464 tox
|-unboost|p2a: Vaporeon|spd|2
|
|-heal|p1a: Ten Tickles|223\/364|[from] item: Black Sludge
|-heal|p2a: Vaporeon|393\/464 tox|[from] item: Leftovers
|-damage|p2a: Vaporeon|364\/464 tox|[from] psn
|turn|43
|-message|0rbital forfeited.
|
|win|This Many Fucks
|raw|Ladder updating...
|leave|0rbital
|player|p2