|join|This Many Fucks
|join|TheKingWhoKnelt
|player|p1|This Many Fucks|172
|player|p2|TheKingWhoKnelt|161
|gametype|singles
|gen|6
|tier|UU
|rated
|rule|Sleep Clause Mod: Limit one foe put to sleep
|rule|Species Clause: Limit one of each Pokemon
|rule|OHKO Clause: OHKO moves are banned
|rule|Moody Clause: Moody is banned
|rule|Evasion Moves Clause: Evasion moves are banned
|rule|Endless Battle Clause: Forcing endless battles is banned.
|rule|HP Percentage Mod: HP is reported as percentages
|clearpoke
|poke|p1|Alakazam, F
|poke|p1|Arcanine, M
|poke|p1|Florges, F
|poke|p1|Doublade, M
|poke|p1|Hitmonlee, M
|poke|p1|Jirachi
|poke|p2|Victini
|poke|p2|Hydreigon, F, shiny
|poke|p2|Machamp, M
|poke|p2|Empoleon, F
|poke|p2|Amoonguss, M
|poke|p2|Raikou
|teampreview
|
|start
|switch|p1a: Lionheart|Arcanine, M|383\/383
|switch|p2a: Summer|Raikou|321\/321
|-ability|p2a: Summer|Pressure
|-ability|p1a: Lionheart|Intimidate|[of] p2a: Summer
|-unboost|p2a: Summer|atk|1
|turn|1
|
|move|p2a: Summer|Volt Switch|p1a: Lionheart
|-damage|p1a: Lionheart|250\/383
|
|switch|p2a: Khal Drogo|Machamp, M|365\/365
|move|p1a: Lionheart|Flare Blitz|p2a: Khal Drogo
|-damage|p2a: Khal Drogo|191\/365
|-status|p2a: Khal Drogo|brn
|-damage|p1a: Lionheart|193\/383|[from] recoil|[of] p2a: Khal Drogo
|
|-damage|p2a: Khal Drogo|146\/365 brn|[from] brn
|turn|2
|
|move|p1a: Lionheart|Morning Sun|p1a: Lionheart
|-heal|p1a: Lionheart|383\/383
|move|p2a: Khal Drogo|Dynamic Punch|p1a: Lionheart
|-damage|p1a: Lionheart|307\/383
|-damage|p2a: Khal Drogo|86\/365 brn|[from] item: Rocky Helmet|[of] p1a: Lionheart
|-start|p1a: Lionheart|confusion
|
|-damage|p2a: Khal Drogo|41\/365 brn|[from] brn
|turn|3
|
|-activate|p1a: Lionheart|confusion
|move|p1a: Lionheart|Extreme Speed|p2a: Khal Drogo
|-damage|p2a: Khal Drogo|0 fnt
|faint|p2a: Khal Drogo
|
|
|switch|p2a: Caraxes|Hydreigon, F, shiny|326\/326
|turn|4
|
|switch|p1a: Freya|Florges, F|360\/360
|move|p2a: Caraxes|Draco Meteor|p1a: Freya
|-immune|p1a: Freya|[msg]
|
|turn|5
|
|switch|p2a: Cobblepot|Empoleon, F|372\/372
|move|p1a: Freya|Moonblast|p2a: Cobblepot
|-resisted|p2a: Cobblepot
|-damage|p2a: Cobblepot|325\/372
|
|-heal|p2a: Cobblepot|348\/372|[from] item: Leftovers
|turn|6
|
|switch|p1a: Mad Dog|Hitmonlee, M|304\/304
|move|p2a: Cobblepot|Stealth Rock|p1a: Mad Dog
|-sidestart|p1: This Many Fucks|move: Stealth Rock
|
|-heal|p2a: Cobblepot|371\/372|[from] item: Leftovers
|turn|7
|
|switch|p2a: Greenhand|Amoonguss, M|432\/432
|move|p1a: Mad Dog|Rapid Spin|p2a: Greenhand
|-damage|p2a: Greenhand|408\/432
|-damage|p1a: Mad Dog|254\/304|[from] item: Rocky Helmet|[of] p2a: Greenhand
|-sideend|p1: This Many Fucks|Stealth Rock|[from] move: Rapid Spin|[of] p1a: Mad Dog
|
|turn|8
|
|move|p1a: Mad Dog|Knock Off|p2a: Greenhand
|-damage|p2a: Greenhand|301\/432
|-damage|p1a: Mad Dog|204\/304|[from] item: Rocky Helmet|[of] p2a: Greenhand
|-enditem|p2a: Greenhand|Rocky Helmet|[from] move: Knock Off|[of] p1a: Mad Dog
|move|p2a: Greenhand|Spore|p1a: Mad Dog
|-status|p1a: Mad Dog|slp
|
|turn|9
|
|switch|p1a: Stardust|Jirachi|341\/341
|switch|p2a: Caraxes|Hydreigon, F, shiny|326\/326
|
|turn|10
|
|switch|p1a: Freya|Florges, F|360\/360
|move|p2a: Caraxes|Earthquake|p1a: Freya
|-damage|p1a: Freya|239\/360
|-damage|p2a: Caraxes|294\/326|[from] item: Life Orb
|
|-heal|p1a: Freya|261\/360|[from] item: Leftovers
|turn|11
|
|switch|p2a: Eat This Up|Victini|342\/342
|move|p1a: Freya|Aromatherapy|p1a: Freya
|-cureteam|p1a: Freya|[from] move: Aromatherapy
|
|-heal|p1a: Freya|283\/360|[from] item: Leftovers
|turn|12
|
|move|p1a: Freya|Protect|p1a: Freya
|-singleturn|p1a: Freya|Protect
|move|p2a: Eat This Up|U-turn|p1a: Freya
|-activate|p1a: Freya|Protect
|
|-heal|p1a: Freya|305\/360|[from] item: Leftovers
|turn|13
|
|move|p2a: Eat This Up|U-turn|p1a: Freya
|-resisted|p1a: Freya
|-damage|p1a: Freya|273\/360
|
|switch|p2a: Greenhand|Amoonguss, M|432\/432
|move|p1a: Freya|Wish|p1a: Freya
|
|-heal|p1a: Freya|295\/360|[from] item: Leftovers
|turn|14
|
|switch|p1a: Lionheart|Arcanine, M|307\/383
|-ability|p1a: Lionheart|Intimidate|[of] p2a: Greenhand
|-unboost|p2a: Greenhand|atk|1
|move|p2a: Greenhand|Spore|p1a: Lionheart
|-status|p1a: Lionheart|slp
|
|-heal|p1a: Lionheart|383\/383 slp|[from] move: Wish|[wisher] Freya
|turn|15
|
|switch|p2a: Caraxes|Hydreigon, F, shiny|294\/326
|cant|p1a: Lionheart|slp
|
|turn|16
|
|switch|p1a: Freya|Florges, F|295\/360
|move|p2a: Caraxes|Earthquake|p1a: Freya
|-damage|p1a: Freya|168\/360
|-damage|p2a: Caraxes|262\/326|[from] item: Life Orb
|
|-heal|p1a: Freya|190\/360|[from] item: Leftovers
|turn|17
|
|switch|p2a: Cobblepot|Empoleon, F|371\/372
|move|p1a: Freya|Wish|p1a: Freya
|
|-heal|p1a: Freya|212\/360|[from] item: Leftovers
|-heal|p2a: Cobblepot|372\/372|[from] item: Leftovers
|turn|18
|
|switch|p1a: Mad Dog|Hitmonlee, M|204\/304
|move|p2a: Cobblepot|Scald|p1a: Mad Dog
|-crit|p1a: Mad Dog
|-damage|p1a: Mad Dog|105\/304
|
|-heal|p1a: Mad Dog|285\/304|[from] move: Wish|[wisher] Freya
|turn|19
|
|switch|p2a: Greenhand|Amoonguss, M|432\/432
|move|p1a: Mad Dog|High Jump Kick|p2a: Greenhand
|-resisted|p2a: Greenhand
|-damage|p2a: Greenhand|331\/432
|
|turn|20
|
|switch|p1a: Venetia Shield|Doublade, M|322\/322
|move|p2a: Greenhand|Stun Spore|p1a: Venetia Shield
|-status|p1a: Venetia Shield|par
|
|turn|21
|
|switch|p2a: Eat This Up|Victini|342\/342
|move|p1a: Venetia Shield|Gyro Ball|p2a: Eat This Up
|-resisted|p2a: Eat This Up
|-damage|p2a: Eat This Up|204\/342
|
|turn|22
|
|switch|p2a: Caraxes|Hydreigon, F, shiny|262\/326
|switch|p1a: Lionheart|Arcanine, M|383\/383 slp
|-ability|p1a: Lionheart|Intimidate|[of] p2a: Caraxes
|-unboost|p2a: Caraxes|atk|1
|
|turn|23
|
|switch|p2a: Eat This Up|Victini|204\/342
|switch|p1a: Freya|Florges, F|212\/360
|
|-heal|p1a: Freya|234\/360|[from] item: Leftovers
|turn|24
|
|move|p1a: Freya|Protect|p1a: Freya
|-singleturn|p1a: Freya|Protect
|move|p2a: Eat This Up|V-create|p1a: Freya
|-activate|p1a: Freya|Protect
|
|-heal|p1a: Freya|256\/360|[from] item: Leftovers
|turn|25
|
|switch|p1a: Lionheart|Arcanine, M|383\/383 slp
|-ability|p1a: Lionheart|Intimidate|[of] p2a: Eat This Up
|-unboost|p2a: Eat This Up|atk|1
|move|p2a: Eat This Up|V-create|p1a: Lionheart
|-resisted|p1a: Lionheart
|-damage|p1a: Lionheart|305\/383 slp
|-damage|p2a: Eat This Up|147\/342|[from] item: Rocky Helmet|[of] p1a: Lionheart
|-unboost|p2a: Eat This Up|def|1
|-unboost|p2a: Eat This Up|spd|1
|-unboost|p2a: Eat This Up|spe|1
|
|turn|26
|
|switch|p2a: Summer|Raikou|321\/321
|-ability|p2a: Summer|Pressure
|cant|p1a: Lionheart|slp
|
|turn|27
|
|switch|p1a: Freya|Florges, F|256\/360
|move|p2a: Summer|Thunderbolt|p1a: Freya
|-damage|p1a: Freya|163\/360
|
|-heal|p1a: Freya|185\/360|[from] item: Leftovers
|turn|28
|
|move|p2a: Summer|Volt Switch|p1a: Freya
|-damage|p1a: Freya|112\/360
|
|switch|p2a: Greenhand|Amoonguss, M|432\/432
|move|p1a: Freya|Wish|p1a: Freya
|
|-heal|p1a: Freya|134\/360|[from] item: Leftovers
|turn|29
|
|switch|p2a: Eat This Up|Victini|147\/342
|move|p1a: Freya|Protect|p1a: Freya
|-fail|p1a: Freya
|
|-heal|p1a: Freya|314\/360|[from] move: Wish|[wisher] Freya
|-heal|p1a: Freya|336\/360|[from] item: Leftovers
|turn|30
|
|move|p1a: Freya|Protect|p1a: Freya
|-singleturn|p1a: Freya|Protect
|move|p2a: Eat This Up|U-turn|p1a: Freya
|-activate|p1a: Freya|Protect
|
|-heal|p1a: Freya|358\/360|[from] item: Leftovers
|turn|31
|
|switch|p2a: Greenhand|Amoonguss, M|432\/432
|move|p1a: Freya|Moonblast|p2a: Greenhand
|-resisted|p2a: Greenhand
|-damage|p2a: Greenhand|365\/432
|
|-heal|p1a: Freya|360\/360|[from] item: Leftovers
|turn|32
|
|switch|p1a: Venetia Shield|Doublade, M|322\/322 par
|move|p2a: Greenhand|Stun Spore|p1a: Venetia Shield
|-fail|p1a: Venetia Shield|par
|
|turn|33
|
|switch|p2a: Summer|Raikou|321\/321
|-ability|p2a: Summer|Pressure
|move|p1a: Venetia Shield|Sacred Sword|p2a: Summer
|-damage|p2a: Summer|195\/321
|
|turn|34
|
|switch|p1a: Freya|Florges, F|360\/360
|move|p2a: Summer|Shadow Ball|p1a: Freya
|-damage|p1a: Freya|301\/360
|
|-heal|p1a: Freya|323\/360|[from] item: Leftovers
|turn|35
|
|move|p2a: Summer|Volt Switch|p1a: Freya
|-damage|p1a: Freya|244\/360
|
|switch|p2a: Eat This Up|Victini|147\/342
|move|p1a: Freya|Wish|p1a: Freya
|
|-heal|p1a: Freya|266\/360|[from] item: Leftovers
|turn|36
|
|switch|p2a: Cobblepot|Empoleon, F|372\/372
|switch|p1a: Lionheart|Arcanine, M|305\/383 slp
|-ability|p1a: Lionheart|Intimidate|[of] p2a: Cobblepot
|-unboost|p2a: Cobblepot|atk|1
|
|-heal|p1a: Lionheart|383\/383 slp|[from] move: Wish|[wisher] Freya
|turn|37
|
|switch|p1a: Mad Dog|Hitmonlee, M|285\/304
|move|p2a: Cobblepot|Stealth Rock|p1a: Mad Dog
|-sidestart|p1: This Many Fucks|move: Stealth Rock
|
|turn|38
|
|move|p1a: Mad Dog|High Jump Kick|p2a: Cobblepot
|-supereffective|p2a: Cobblepot
|-damage|p2a: Cobblepot|0 fnt
|faint|p2a: Cobblepot
|
|
|switch|p2a: Caraxes|Hydreigon, F, shiny|262\/326
|turn|39
|
|switch|p1a: Freya|Florges, F|266\/360
|-damage|p1a: Freya|221\/360|[from] Stealth Rock
|move|p2a: Caraxes|Draco Meteor|p1a: Freya
|-immune|p1a: Freya|[msg]
|
|-heal|p1a: Freya|243\/360|[from] item: Leftovers
|turn|40
|
|switch|p2a: Greenhand|Amoonguss, M|432\/432
|move|p1a: Freya|Wish|p1a: Freya
|
|-heal|p1a: Freya|265\/360|[from] item: Leftovers
|turn|41
|
|switch|p1a: Mad Dog|Hitmonlee, M|285\/304
|-damage|p1a: Mad Dog|266\/304|[from] Stealth Rock
|switch|p2a: Caraxes|Hydreigon, F, shiny|262\/326
|
|-heal|p1a: Mad Dog|304\/304|[from] move: Wish|[wisher] Freya
|turn|42
|
|move|p2a: Caraxes|Earthquake|p1a: Mad Dog
|-damage|p1a: Mad Dog|90\/304
|-damage|p2a: Caraxes|230\/326|[from] item: Life Orb
|move|p1a: Mad Dog|Rapid Spin|p2a: Caraxes
|-damage|p2a: Caraxes|196\/326
|-sideend|p1: This Many Fucks|Stealth Rock|[from] move: Rapid Spin|[of] p1a: Mad Dog
|
|turn|43
|
|switch|p1a: Freya|Florges, F|265\/360
|move|p2a: Caraxes|Earthquake|p1a: Freya
|-damage|p1a: Freya|140\/360
|-damage|p2a: Caraxes|164\/326|[from] item: Life Orb
|
|-heal|p1a: Freya|162\/360|[from] item: Leftovers
|turn|44
|
|move|p2a: Caraxes|Earthquake|p1a: Freya
|-damage|p1a: Freya|46\/360
|-damage|p2a: Caraxes|132\/326|[from] item: Life Orb
|move|p1a: Freya|Wish|p1a: Freya
|
|-heal|p1a: Freya|68\/360|[from] item: Leftovers
|turn|45
|
|switch|p2a: Greenhand|Amoonguss, M|432\/432
|move|p1a: Freya|Protect|p1a: Freya
|-fail|p1a: Freya
|
|-heal|p1a: Freya|248\/360|[from] move: Wish|[wisher] Freya
|-heal|p1a: Freya|270\/360|[from] item: Leftovers
|turn|46
|
|switch|p2a: Eat This Up|Victini|147\/342
|move|p1a: Freya|Wish|p1a: Freya
|
|-heal|p1a: Freya|292\/360|[from] item: Leftovers
|turn|47
|
|switch|p2a: Summer|Raikou|195\/321
|-ability|p2a: Summer|Pressure
|switch|p1a: Lionheart|Arcanine, M|383\/383 slp
|-ability|p1a: Lionheart|Intimidate|[of] p2a: Summer
|-unboost|p2a: Summer|atk|1
|
|turn|48
|
|switch|p1a: Freya|Florges, F|292\/360
|move|p2a: Summer|Thunderbolt|p1a: Freya
|-damage|p1a: Freya|199\/360
|
|-heal|p1a: Freya|221\/360|[from] item: Leftovers
|turn|49
|
|move|p2a: Summer|Thunderbolt|p1a: Freya
|-damage|p1a: Freya|127\/360
|move|p1a: Freya|Wish|p1a: Freya
|
|-heal|p1a: Freya|149\/360|[from] item: Leftovers
|turn|50
|
|move|p2a: Summer|Thunderbolt|p1a: Freya
|-damage|p1a: Freya|56\/360
|move|p1a: Freya|Moonblast|p2a: Summer
|-damage|p2a: Summer|108\/321
|
|-heal|p1a: Freya|236\/360|[from] move: Wish|[wisher] Freya
|-heal|p1a: Freya|258\/360|[from] item: Leftovers
|turn|51
|
|move|p2a: Summer|Thunderbolt|p1a: Freya
|-damage|p1a: Freya|155\/360
|move|p1a: Freya|Wish|p1a: Freya
|
|-heal|p1a: Freya|177\/360|[from] item: Leftovers
|turn|52
|
|move|p2a: Summer|Thunderbolt|p1a: Freya
|-damage|p1a: Freya|83\/360
|move|p1a: Freya|Moonblast|p2a: Summer
|-damage|p2a: Summer|21\/321
|
|-heal|p1a: Freya|263\/360|[from] move: Wish|[wisher] Freya
|-heal|p1a: Freya|285\/360|[from] item: Leftovers
|turn|53
|
|move|p2a: Summer|Volt Switch|p1a: Freya
|-damage|p1a: Freya|198\/360
|
|switch|p2a: Greenhand|Amoonguss, M|432\/432
|move|p1a: Freya|Moonblast|p2a: Greenhand
|-resisted|p2a: Greenhand
|-damage|p2a: Greenhand|365\/432
|
|-heal|p1a: Freya|220\/360|[from] item: Leftovers
|turn|54
|
|switch|p2a: Eat This Up|Victini|147\/342
|move|p1a: Freya|Wish|p1a: Freya
|
|-heal|p1a: Freya|242\/360|[from] item: Leftovers
|turn|55
|-message|TheKingWhoKnelt forfeited.
|
|win|This Many Fucks
|raw|Ladder updating...
|raw|This Many Fucks's rating: 1479 &rarr; <strong>1500<\/strong><br \/>(+21 for winning)
|raw|TheKingWhoKnelt's rating: 1491 &rarr; <strong>1470<\/strong><br \/>(-21 for losing)
|leave|TheKingWhoKnelt
|player|p2