|join|This Many Fucks
|join|TMD
|player|p1|This Many Fucks|172
|player|p2|TMD|184
|gametype|singles
|gen|6
|tier|UU
|rated
|rule|Sleep Clause Mod: Limit one foe put to sleep
|rule|Species Clause: Limit one of each Pokemon
|rule|OHKO Clause: OHKO moves are banned
|rule|Moody Clause: Moody is banned
|rule|Swagger Clause: Swagger is banned
|rule|Evasion Moves Clause: Evasion moves are banned
|rule|Endless Battle Clause: Forcing endless battles is banned
|rule|HP Percentage Mod: HP is reported as percentages
|clearpoke
|poke|p1|Alakazam, M
|poke|p1|Slowbro, F
|poke|p1|Mew
|poke|p1|Blissey, F
|poke|p1|Krookodile, M
|poke|p1|Fletchinder, M
|poke|p2|Hydreigon, M
|poke|p2|Victini, shiny
|poke|p2|Metagross, shiny
|poke|p2|Toxicroak, F
|poke|p2|Florges, F, shiny
|poke|p2|Blastoise, M
|rule|Baton Pass Clause: Limit 3 pokemon knowing Baton Pass
|teampreview
|join|QueenSparkles
|
|start
|switch|p1a: Krookodile|Krookodile, M|331\/331
|switch|p2a: Serious|Metagross, shiny|340\/340
|turn|1
|join|sniperaim
|
|switch|p2a: Peaceful turtle|Blastoise, M|362\/362
|move|p1a: Krookodile|Knock Off|p2a: Peaceful turtle
|-damage|p2a: Peaceful turtle|289\/362
|
|turn|2
|join|ELL SEE IN OH YOU
|
|switch|p1a: Blissey|Blissey, F|652\/652
|switch|p2a: H2O2|Hydreigon, M|325\/325
|
|turn|3
|chat|ELL SEE IN OH YOU|Don't use draco
|
|move|p2a: H2O2|U-turn|p1a: Blissey
|-damage|p1a: Blissey|553\/652
|chat|TMD|nah I want to hit
|chat|TMD|slowbro
|chat|TMD|with draco
|chat|ELL SEE IN OH YOU|These things have battle armor
|
|switch|p2a: Serious|Metagross, shiny|340\/340
|move|p1a: Blissey|Stealth Rock|p2a: Serious
|-sidestart|p2: TMD|move: Stealth Rock
|
|-heal|p1a: Blissey|593\/652|[from] item: Leftovers
|turn|4
|chat|TMD|!!!
|
|switch|p1a: Short Bus|Slowbro, F|394\/394
|move|p2a: Serious|Stealth Rock|p1a: Short Bus
|-sidestart|p1: This Many Fucks|move: Stealth Rock
|
|turn|5
|chat|sniperaim|ok pls win
|
|switch|p2a: Peaceful turtle|Blastoise, M|289\/362
|-damage|p2a: Peaceful turtle|244\/362|[from] Stealth Rock
|move|p1a: Short Bus|Scald|p2a: Peaceful turtle
|-resisted|p2a: Peaceful turtle
|-damage|p2a: Peaceful turtle|196\/362
|
|turn|6
|chat|TMD|how predictable
|chat|TMD|is stoise
|chat|TMD|?
|chat|TMD|ok
|chat|sniperaim|very
|chat|TMD|not predictable
|chat|sniperaim|.
|chat|TMD|confirmed unpredictable
|chat|TMD|what about
|chat|TMD|aurasphere
|
|detailschange|p2a: Peaceful turtle|Blastoise-Mega, M
|message|Blastoise has Mega Evolved into Mega Blastoise!
|move|p2a: Peaceful turtle|Rapid Spin|p1a: Short Bus
|-damage|p1a: Short Bus|384\/394
|-damage|p2a: Peaceful turtle|136\/362|[from] item: Rocky Helmet|[of] p1a: Short Bus
|-sideend|p2: TMD|Stealth Rock|[from] move: Rapid Spin|[of] p2a: Peaceful turtle
|move|p1a: Short Bus|Scald|p2a: Peaceful turtle
|-resisted|p2a: Peaceful turtle
|-damage|p2a: Peaceful turtle|97\/362
|-status|p2a: Peaceful turtle|brn
|
|-damage|p2a: Peaceful turtle|52\/362 brn|[from] brn
|turn|7
|chat|TMD|for bliss swithc?
|chat|sniperaim|eh
|chat|TMD|predictable
|join|pokemonchamp
|chat|sniperaim|naahh
|
|switch|p2a: Umbreon 2.0|Florges, F, shiny|360\/360
|switch|p1a: Blissey|Blissey, F|593\/652
|-damage|p1a: Blissey|512\/652|[from] Stealth Rock
|
|-heal|p1a: Blissey|552\/652|[from] item: Leftovers
|turn|8
|chat|pokemonchamp|HOW MANY OF EM
|chat|ELL SEE IN OH YOU|Rawst berry next time
|chat|ELL SEE IN OH YOU|scrub
|chat|TMD|tru tru
|
|move|p2a: Umbreon 2.0|Aromatherapy|p2a: Umbreon 2.0
|-cureteam|p2a: Umbreon 2.0|[from] move: Aromatherapy
|move|p1a: Blissey|Stealth Rock|p2a: Umbreon 2.0
|-sidestart|p2: TMD|move: Stealth Rock
|
|-heal|p1a: Blissey|592\/652|[from] item: Leftovers
|turn|9
|
|move|p2a: Umbreon 2.0|Wish|p2a: Umbreon 2.0
|move|p1a: Blissey|Seismic Toss|p2a: Umbreon 2.0
|-damage|p2a: Umbreon 2.0|260\/360
|
|-heal|p2a: Umbreon 2.0|282\/360|[from] item: Leftovers
|-heal|p1a: Blissey|632\/652|[from] item: Leftovers
|turn|10
|
|switch|p2a: Toxiforg|Toxicroak, F|307\/307
|-damage|p2a: Toxiforg|288\/307|[from] Stealth Rock
|move|p1a: Blissey|Seismic Toss|p2a: Toxiforg
|-damage|p2a: Toxiforg|188\/307
|
|-heal|p2a: Toxiforg|307\/307|[from] move: Wish|[wisher] Umbreon 2.0
|-heal|p1a: Blissey|652\/652|[from] item: Leftovers
|turn|11
|chat|pokemonchamp|Stall wars incoming
|chat|pokemonchamp|Www
|chat|pokemonchamp|awwww
|
|switch|p1a: Short Bus|Slowbro, F|394\/394
|-damage|p1a: Short Bus|345\/394|[from] Stealth Rock
|move|p2a: Toxiforg|Gunk Shot|p1a: Short Bus
|-damage|p1a: Short Bus|160\/394
|-damage|p2a: Toxiforg|277\/307|[from] item: Life Orb
|
|turn|12
|chat|sniperaim|dayum
|chat|TMD|yeh
|
|switch|p1a: Krookodile|Krookodile, M|331\/331
|-damage|p1a: Krookodile|311\/331|[from] Stealth Rock
|move|p2a: Toxiforg|Gunk Shot|p1a: Krookodile
|-resisted|p1a: Krookodile
|-damage|p1a: Krookodile|159\/331
|-status|p1a: Krookodile|psn
|-damage|p2a: Toxiforg|247\/307|[from] item: Life Orb
|
|-damage|p1a: Krookodile|118\/331 psn|[from] psn
|turn|13
|chat|TMD|this is why
|chat|TMD|psn jab is bad
|chat|TMD|superpower
|chat|sniperaim|k stp haxing
|chat|TMD|I'm going to hydreigon
|chat|TMD|or actually double to bliss
|chat|pokemonchamp|Kek
|chat|TMD|is safe play
|chat|sniperaim|hes gonna use knk off
|chat|TMD|because no way I'm dpunching
|chat|TMD|a krook
|chat|sniperaim|lol
|chat|pokemonchamp|stall wars blissey vs florges plz
|chat|TMD|but then
|chat|TMD|yeha I guess knock
|chat|TMD|is safe
|chat|sniperaim|ez
|
|switch|p2a: H2O2|Hydreigon, M|325\/325
|-damage|p2a: H2O2|285\/325|[from] Stealth Rock
|move|p1a: Krookodile|Knock Off|p2a: H2O2
|-crit|p2a: H2O2
|-resisted|p2a: H2O2
|-damage|p2a: H2O2|131\/325
|-enditem|p2a: H2O2|Choice Specs|[from] move: Knock Off|[of] p1a: Krookodile
|
|-damage|p1a: Krookodile|77\/331 psn|[from] psn
|turn|14
|chat|sniperaim|no reason to eq
|chat|sniperaim|told u
|chat|sniperaim|bop
|
|move|p1a: Krookodile|Knock Off|p2a: H2O2
|-resisted|p2a: H2O2
|-damage|p2a: H2O2|63\/325
|move|p2a: H2O2|U-turn|p1a: Krookodile
|-supereffective|p1a: Krookodile
|-damage|p1a: Krookodile|0 fnt
|faint|p1a: Krookodile
|chat|TMD|oi
|chat|TMD|sniper
|chat|TMD|unmute me
|chat|pokemonchamp|Scarfkrook is annoting
|
|switch|p2a: Umbreon 2.0|Florges, F, shiny|282\/360
|-damage|p2a: Umbreon 2.0|237\/360|[from] Stealth Rock
|
|-heal|p2a: Umbreon 2.0|259\/360|[from] item: Leftovers
|chat|TMD|he's cool guy
|
|switch|p1a: Mew|Mew|403\/403
|-damage|p1a: Mew|353\/403|[from] Stealth Rock
|turn|15
|chat|TMD|I like krook
|
|move|p1a: Mew|Defog|p2a: Umbreon 2.0
|-unboost|p2a: Umbreon 2.0|evasion|1
|-sideend|p2: TMD|Stealth Rock|[from] move: Defog|[of] p2a: Umbreon 2.0
|-sideend|p1: This Many Fucks|Stealth Rock|[from] move: Defog|[of] p1a: Mew
|move|p2a: Umbreon 2.0|Wish|p2a: Umbreon 2.0
|
|-heal|p1a: Mew|378\/403|[from] item: Leftovers
|-heal|p2a: Umbreon 2.0|281\/360|[from] item: Leftovers
|turn|16
|chat|sniperaim|krook is a thugg
|
|switch|p2a: H2O2|Hydreigon, M|63\/325
|move|p1a: Mew|Knock Off|p2a: H2O2
|-resisted|p2a: H2O2
|-damage|p2a: H2O2|32\/325
|
|-heal|p2a: H2O2|212\/325|[from] move: Wish|[wisher] Umbreon 2.0
|-heal|p1a: Mew|403\/403|[from] item: Leftovers
|turn|17
|chat|pokemonchamp|Hugs DOMT wear scarfs
|
|move|p2a: H2O2|U-turn|p1a: Mew
|-supereffective|p1a: Mew
|-damage|p1a: Mew|283\/403
|
|switch|p2a: Asian selfie|Victini, shiny|341\/341
|move|p1a: Mew|Will-O-Wisp|p2a: Asian selfie
|-fail|p2a: Asian selfie
|
|-heal|p1a: Mew|308\/403|[from] item: Leftovers
|turn|18
|chat|pokemonchamp|just take scarfs off and I like krook
|
|switch|p1a: Short Bus|Slowbro, F|291\/394
|move|p2a: Asian selfie|U-turn|p1a: Short Bus
|-supereffective|p1a: Short Bus
|-damage|p1a: Short Bus|195\/394
|-damage|p2a: Asian selfie|285\/341|[from] item: Rocky Helmet|[of] p1a: Short Bus
|
|switch|p2a: H2O2|Hydreigon, M|212\/325
|
|turn|19
|chat|ELL SEE IN OH YOU|nooooo
|chat|pokemonchamp|Inb4 blissey
|
|switch|p1a: Blissey|Blissey, F|652\/652
|move|p2a: H2O2|U-turn|p1a: Blissey
|-damage|p1a: Blissey|546\/652
|chat|ELL SEE IN OH YOU|Now final gambit won't do max damage
|
|switch|p2a: Serious|Metagross, shiny|340\/340
|
|-heal|p1a: Blissey|586\/652|[from] item: Leftovers
|turn|20
|chat|sniperaim|lol
|chat|pokemonchamp|Lol
|
|move|p2a: Serious|Meteor Mash|p1a: Blissey
|-damage|p1a: Blissey|270\/652
|move|p1a: Blissey|Seismic Toss|p2a: Serious
|-damage|p2a: Serious|240\/340
|
|-heal|p1a: Blissey|310\/652|[from] item: Leftovers
|turn|21
|chat|sniperaim|mmm
|chat|ELL SEE IN OH YOU|Yes
|chat|ELL SEE IN OH YOU|Stay in on metagross
|chat|sniperaim|yummy
|
|switch|p1a: Short Bus|Slowbro, F|326\/394
|move|p2a: Serious|Stealth Rock|p1a: Short Bus
|-sidestart|p1: This Many Fucks|move: Stealth Rock
|
|turn|22
|chat|ELL SEE IN OH YOU|you eat grass knots for days
|chat|sniperaim|nice play
|chat|ELL SEE IN OH YOU|inb4 tmd isn't running grass knot
|
|switch|p2a: Toxiforg|Toxicroak, F|247\/307
|move|p1a: Short Bus|Scald|p2a: Toxiforg
|-heal|p2a: Toxiforg|307\/307|[from] ability: Dry Skin|[of] p1a: Short Bus
|
|turn|23
|chat|ELL SEE IN OH YOU|tmd why
|chat|TMD|?
|
|switch|p2a: H2O2|Hydreigon, M|212\/325
|move|p1a: Short Bus|Scald|p2a: H2O2
|-resisted|p2a: H2O2
|-damage|p2a: H2O2|161\/325
|
|turn|24
|chat|ELL SEE IN OH YOU|grass knot
|chat|TMD|wait
|chat|ELL SEE IN OH YOU|On megagtross
|chat|TMD|oh
|chat|TMD|umm
|chat|TMD|after EQ
|chat|TMD|ohkos hippo
|chat|TMD|cuz wp
|
|move|p2a: H2O2|Dark Pulse|p1a: Short Bus
|-supereffective|p1a: Short Bus
|-damage|p1a: Short Bus|2\/394
|move|p1a: Short Bus|Slack Off|p1a: Short Bus
|-heal|p1a: Short Bus|199\/394
|
|turn|25
|chat|TMD|and cuz og
|chat|ELL SEE IN OH YOU|I'm actually being pretty srs
|chat|pokemonchamp|Blissey for BL plz
|chat|TMD|blissey is setup fodder
|
|switch|p1a: Blissey|Blissey, F|310\/652
|-damage|p1a: Blissey|229\/652|[from] Stealth Rock
|move|p2a: H2O2|U-turn|p1a: Blissey
|-damage|p1a: Blissey|123\/652
|chat|sniperaim|tm
|chat|sniperaim|fk
|chat|pokemonchamp|Slowbro+blissey is annoying
|chat|sniperaim|o
|chat|sniperaim|nvm
|
|switch|p2a: Serious|Metagross, shiny|240\/340
|
|-heal|p1a: Blissey|163\/652|[from] item: Leftovers
|turn|26
|chat|pokemonchamp|as truk
|
|move|p2a: Serious|Meteor Mash|p1a: Blissey
|-damage|p1a: Blissey|0 fnt
|faint|p1a: Blissey
|
|chat|TMD|yeah tru
|chat|TMD|evire beats it
|chat|sniperaim|nice
|chat|ELL SEE IN OH YOU|tmd
|c|âTMD|!learn electivire, iron head
|raw|<div class="infobox">Electivire <span class="message-learn-cannotlearn">can't<\/span> learn Iron Head<\/div>
|c|âTMD|!learn electivire, iron tail
|raw|<div class="infobox">Electivire <span class="message-learn-canlearn">can<\/span> learn Iron Tail only when obtained from:<ul class="message-learn-list"><li>any generation before 6<\/ul><\/div>
|chat|ELL SEE IN OH YOU|where's ur attack boost
|chat|sniperaim|dnt sack gross till bird dies
|chat|TMD|how does evire
|chat|pokemonchamp|Lawl
|chat|TMD|learn tail move
|
|switch|p1a: Short Bus|Slowbro, F|330\/394
|-damage|p1a: Short Bus|281\/394|[from] Stealth Rock
|turn|27
|
|move|p2a: Serious|Grass Knot|p1a: Short Bus
|-crit|p1a: Short Bus
|-supereffective|p1a: Short Bus
|-damage|p1a: Short Bus|65\/394
|-damage|p2a: Serious|184\/340|[from] item: Rocky Helmet|[of] p1a: Short Bus
|move|p1a: Short Bus|Calm Mind|p1a: Short Bus
|-boost|p1a: Short Bus|spa|1
|-boost|p1a: Short Bus|spd|1
|
|turn|28
|chat|ELL SEE IN OH YOU|waitwut
|chat|sniperaim|....................................................
|chat|sniperaim|.
|chat|sniperaim|.
|chat|ELL SEE IN OH YOU|You actually do have it?
|chat|TMD|that did nothing
|chat|TMD|yeah I do
|
|switch|p2a: H2O2|Hydreigon, M|161\/325
|move|p1a: Short Bus|Slack Off|p1a: Short Bus
|-heal|p1a: Short Bus|262\/394
|
|turn|29
|chat|ELL SEE IN OH YOU|I ain't even mad
|chat|ELL SEE IN OH YOU|~~adamant metagross~~
|chat|TMD|I'm WP
|chat|ELL SEE IN OH YOU|why
|chat|TMD|no it's serious
|chat|TMD|nicknamed serious
|chat|sniperaim|ok d pulse
|chat|TMD|cus serious nature
|
|move|p2a: H2O2|Dark Pulse|p1a: Short Bus
|-supereffective|p1a: Short Bus
|-damage|p1a: Short Bus|56\/394
|move|p1a: Short Bus|Slack Off|p1a: Short Bus
|-heal|p1a: Short Bus|253\/394
|
|turn|30
|chat|ELL SEE IN OH YOU|Why not fucking stay in
|chat|ELL SEE IN OH YOU|And grass knot again
|chat|TMD|cuz look
|chat|TMD|that was crit
|
|move|p2a: H2O2|Dark Pulse|p1a: Short Bus
|-supereffective|p1a: Short Bus
|-damage|p1a: Short Bus|23\/394
|move|p1a: Short Bus|Scald|p2a: H2O2
|-resisted|p2a: H2O2
|-damage|p2a: H2O2|80\/325
|-status|p2a: H2O2|brn
|
|-damage|p2a: H2O2|40\/325 brn|[from] brn
|turn|31
|chat|sniperaim|more
|chat|ELL SEE IN OH YOU|oh, really?
|chat|sniperaim|more
|chat|TMD|yes
|chat|TMD|rly
|chat|ELL SEE IN OH YOU|fuq
|chat|sniperaim|more
|chat|ELL SEE IN OH YOU|gotta get my eyes checked
|chat|TMD|lol
|leave|pokemonchamp
|
|switch|p1a: Haagen-Dazs|Alakazam, M|251\/251
|move|p2a: H2O2|Dark Pulse|p1a: Haagen-Dazs
|-crit|p1a: Haagen-Dazs
|-supereffective|p1a: Haagen-Dazs
|-enditem|p1a: Haagen-Dazs|Focus Sash
|-damage|p1a: Haagen-Dazs|1\/251
|
|-damage|p2a: H2O2|0 fnt|[from] brn
|faint|p2a: H2O2
|
|switch|p2a: Asian selfie|Victini, shiny|285\/341
|turn|32
|join|pokemonchamp
|
|move|p2a: Asian selfie|U-turn|p1a: Haagen-Dazs
|-supereffective|p1a: Haagen-Dazs
|-damage|p1a: Haagen-Dazs|0 fnt
|faint|p1a: Haagen-Dazs
|chat|ELL SEE IN OH YOU|FINAL GAMBIT LIKE MAN
|chat|ELL SEE IN OH YOU|tmd
|chat|ELL SEE IN OH YOU|why
|chat|TMD|?
|chat|sniperaim|im stealn this team 
|
|switch|p2a: Peaceful turtle|Blastoise-Mega, M|52\/362
|
|chat|sniperaim|.
|chat|TMD|sniperaim did you want it
|chat|ELL SEE IN OH YOU|You could have faked expert belt
|
|switch|p1a: Mew|Mew|308\/403
|-damage|p1a: Mew|258\/403|[from] Stealth Rock
|turn|33
|chat|sniperaim|yeh
|chat|TMD|k
|
|move|p1a: Mew|Defog|p2a: Peaceful turtle
|-unboost|p2a: Peaceful turtle|evasion|1
|-sideend|p1: This Many Fucks|Stealth Rock|[from] move: Defog|[of] p1a: Mew
|move|p2a: Peaceful turtle|Dark Pulse|p1a: Mew
|-supereffective|p1a: Mew
|-damage|p1a: Mew|90\/403
|
|-heal|p1a: Mew|115\/403|[from] item: Leftovers
|turn|34
|chat|ELL SEE IN OH YOU|Why show you have scarf
|chat|sniperaim|its strong
|
|move|p1a: Mew|Knock Off|p2a: Peaceful turtle
|-damage|p2a: Peaceful turtle|17\/362
|move|p2a: Peaceful turtle|Dark Pulse|p1a: Mew
|-supereffective|p1a: Mew
|-damage|p1a: Mew|0 fnt
|faint|p1a: Mew
|
|chat|TMD|it loses
|chat|TMD|to a lot of shit
|
|switch|p1a: Fletchinder|Fletchinder, M|265\/265
|turn|35
|chat|TMD|like fletch
|
|move|p1a: Fletchinder|Acrobatics|p2a: Peaceful turtle
|-damage|p2a: Peaceful turtle|0 fnt
|faint|p2a: Peaceful turtle
|
|
|switch|p2a: Asian selfie|Victini, shiny|285\/341
|turn|36
|chat|pokemonchamp|Scarftini
|chat|sniperaim|u save ur steel tho
|chat|sniperaim|its ok
|chat|TMD|yeah
|chat|TMD|but I miss bs
|chat|sniperaim|.
|chat|ELL SEE IN OH YOU|~~MOXIE~~ oh wait...
|
|switch|p1a: Short Bus|Slowbro, F|154\/394
|move|p2a: Asian selfie|Bolt Strike|p1a: Short Bus
|-supereffective|p1a: Short Bus
|-damage|p1a: Short Bus|0 fnt
|-damage|p2a: Asian selfie|229\/341|[from] item: Rocky Helmet|[of] p1a: Short Bus
|faint|p1a: Short Bus
|
|join|GULLY
|chat|TMD|like
|chat|ELL SEE IN OH YOU|Anyways
|chat|TMD|if I miss here
|chat|ELL SEE IN OH YOU|TMD
|chat|TMD|I lose
|chat|TMD|?
|chat|sniperaim|ggggggggggggggggggggggggggggggggggggggggggg
|chat|ELL SEE IN OH YOU|You actually run speed
|chat|ELL SEE IN OH YOU|on turtle?
|chat|TMD|a little
|chat|TMD|enough to beat creepin nidoqueen
|chat|ELL SEE IN OH YOU|To creep what?
|chat|ELL SEE IN OH YOU|kek
|chat|ELL SEE IN OH YOU|gud
|chat|sniperaim|thats wat i do
|chat|sniperaim|hacker
|
|switch|p1a: Fletchinder|Fletchinder, M|265\/265
|turn|37
|
|move|p2a: Asian selfie|Bolt Strike|p1a: Fletchinder
|-supereffective|p1a: Fletchinder
|-damage|p1a: Fletchinder|0 fnt
|faint|p1a: Fletchinder
|
|win|TMD
|raw|Ladder updating...
|raw|This Many Fucks's rating: 1551 &rarr; <strong>1525<\/strong><br \/>(-26 for losing)
|raw|TMD's rating: 1441 &rarr; <strong>1467<\/strong><br \/>(+26 for winning)
|chat|TMD|gg
|leave|TMD
|player|p2
|leave|This Many Fucks
|player|p1
|leave|pokemonchamp
|leave|ELL SEE IN OH YOU
|leave|sniperaim