|join|Stumppyy
|join|This Many Fucks
|player|p1|Stumppyy|7
|player|p2|This Many Fucks|172
|gametype|singles
|gen|6
|tier|UU
|rated
|rule|Sleep Clause Mod: Limit one foe put to sleep
|rule|Species Clause: Limit one of each Pokemon
|rule|OHKO Clause: OHKO moves are banned
|rule|Moody Clause: Moody is banned
|rule|Evasion Moves Clause: Evasion moves are banned
|rule|Endless Battle Clause: Forcing endless battles is banned.
|rule|HP Percentage Mod: HP is reported as percentages
|clearpoke
|poke|p1|Forretress, M
|poke|p1|Chandelure, M
|poke|p1|Honchkrow, F
|poke|p1|Clawitzer, F
|poke|p1|Florges, F
|poke|p1|Mienshao, M
|poke|p2|Alakazam, M
|poke|p2|Arcanine, F
|poke|p2|Florges, F
|poke|p2|Doublade, F
|poke|p2|Azelf
|poke|p2|Crobat, F
|teampreview
|
|start
|switch|p1a: Forretress|Forretress, M|353\/353
|switch|p2a: Lionheart|Arcanine, F|384\/384
|-ability|p2a: Lionheart|Intimidate|[of] p1a: Forretress
|-unboost|p1a: Forretress|atk|1
|turn|1
|
|switch|p2a: Hagen-Dazs|Alakazam, M|251\/251
|switch|p1a: Chandelure|Chandelure, M|261\/261
|
|turn|2
|
|detailschange|p2a: Hagen-Dazs|Alakazam-Mega, M
|message|Alakazam has Mega Evolved into Mega Alakazam!
|-ability|p2a: Hagen-Dazs|Flash Fire|[from] ability: Trace|[of] p1a: Chandelure
|move|p1a: Chandelure|Shadow Ball|p2a: Hagen-Dazs
|-supereffective|p2a: Hagen-Dazs
|-damage|p2a: Hagen-Dazs|0 fnt
|faint|p2a: Hagen-Dazs
|
|chat|This Many Fucks|sigh. the one guy who didnt get the memo that no one uses scarf chandy anymore
|
|switch|p2a: Frodo Swaggins|Azelf|291\/291
|turn|3
|chat|Stumppyy|lol
|
|switch|p1a: Florges|Florges, F|359\/359
|move|p2a: Frodo Swaggins|Knock Off|p1a: Florges
|-resisted|p1a: Florges
|-damage|p1a: Florges|307\/359
|-enditem|p1a: Florges|Leftovers|[from] move: Knock Off|[of] p2a: Frodo Swaggins
|
|turn|4
|
|move|p2a: Frodo Swaggins|Taunt|p1a: Florges
|-start|p1a: Florges|move: Taunt
|cant|p1a: Florges|move: Taunt|Wish
|
|turn|5
|
|move|p2a: Frodo Swaggins|Stealth Rock|p1a: Florges
|-sidestart|p1: Stumppyy|move: Stealth Rock
|move|p1a: Florges|Moonblast|p2a: Frodo Swaggins
|-damage|p2a: Frodo Swaggins|120\/291
|-unboost|p2a: Frodo Swaggins|spa|1
|
|turn|6
|
|move|p2a: Frodo Swaggins|Explosion|p1a: Florges
|-damage|p1a: Florges|36\/359
|faint|p2a: Frodo Swaggins
|move|p1a: Florges|Moonblast|p2: Frodo Swaggins|[notarget]
|-notarget
|
|-end|p1a: Florges|move: Taunt
|
|switch|p2a: Bloodsugar|Crobat, F|311\/311
|turn|7
|
|switch|p1a: Forretress|Forretress, M|353\/353
|-damage|p1a: Forretress|309\/353|[from] Stealth Rock
|move|p2a: Bloodsugar|Brave Bird|p1a: Forretress
|-damage|p1a: Forretress|206\/353
|-damage|p2a: Bloodsugar|277\/311|[from] recoil|[of] p1a: Forretress
|
|-heal|p2a: Bloodsugar|296\/311|[from] item: Black Sludge
|-heal|p1a: Forretress|228\/353|[from] item: Leftovers
|turn|8
|
|switch|p1a: Chandelure|Chandelure, M|261\/261
|-damage|p1a: Chandelure|196\/261|[from] Stealth Rock
|move|p2a: Bloodsugar|U-turn|p1a: Chandelure
|-resisted|p1a: Chandelure
|-damage|p1a: Chandelure|179\/261
|
|switch|p2a: Freya|Florges, F|360\/360
|
|turn|9
|
|move|p2a: Freya|Protect|p2a: Freya
|-singleturn|p2a: Freya|Protect
|move|p1a: Chandelure|Fire Blast|p2a: Freya
|-activate|p2a: Freya|Protect
|
|turn|10
|
|switch|p1a: Forretress|Forretress, M|228\/353
|-damage|p1a: Forretress|184\/353|[from] Stealth Rock
|move|p2a: Freya|Moonblast|p1a: Forretress
|-resisted|p1a: Forretress
|-damage|p1a: Forretress|94\/353
|
|-heal|p1a: Forretress|116\/353|[from] item: Leftovers
|turn|11
|
|switch|p2a: Venetia Shield|Doublade, F|322\/322
|move|p1a: Forretress|Stealth Rock|p2a: Venetia Shield
|-sidestart|p2: This Many Fucks|move: Stealth Rock
|
|-heal|p1a: Forretress|138\/353|[from] item: Leftovers
|turn|12
|
|switch|p1a: Clawitzer|Clawitzer, F|345\/345
|-damage|p1a: Clawitzer|302\/345|[from] Stealth Rock
|move|p2a: Venetia Shield|Swords Dance|p2a: Venetia Shield
|-boost|p2a: Venetia Shield|atk|2
|
|turn|13
|
|switch|p2a: Freya|Florges, F|360\/360
|-damage|p2a: Freya|315\/360|[from] Stealth Rock
|move|p1a: Clawitzer|Dark Pulse|p2a: Freya
|-resisted|p2a: Freya
|-damage|p2a: Freya|263\/360
|
|-heal|p2a: Freya|285\/360|[from] item: Leftovers
|turn|14
|
|switch|p1a: Florges|Florges, F|36\/359
|-damage|p1a: Florges|0 fnt|[from] Stealth Rock
|faint|p1a: Florges
|move|p2a: Freya|Moonblast|p1: Florges|[notarget]
|-notarget
|
|-heal|p2a: Freya|307\/360|[from] item: Leftovers
|
|switch|p1a: Honchkrow|Honchkrow, F|341\/341
|-damage|p1a: Honchkrow|256\/341|[from] Stealth Rock
|turn|15
|
|move|p1a: Honchkrow|Brave Bird|p2a: Freya
|-damage|p2a: Freya|46\/360
|-damage|p1a: Honchkrow|170\/341|[from] recoil|[of] p2a: Freya
|-damage|p1a: Honchkrow|136\/341|[from] item: Life Orb
|move|p2a: Freya|Moonblast|p1a: Honchkrow
|-supereffective|p1a: Honchkrow
|-damage|p1a: Honchkrow|0 fnt
|faint|p1a: Honchkrow
|
|-heal|p2a: Freya|68\/360|[from] item: Leftovers
|
|switch|p1a: Chandelure|Chandelure, M|179\/261
|-damage|p1a: Chandelure|114\/261|[from] Stealth Rock
|turn|16
|
|move|p2a: Freya|Protect|p2a: Freya
|-singleturn|p2a: Freya|Protect
|move|p1a: Chandelure|Shadow Ball|p2a: Freya
|-activate|p2a: Freya|Protect
|
|-heal|p2a: Freya|90\/360|[from] item: Leftovers
|turn|17
|
|move|p1a: Chandelure|Shadow Ball|p2a: Freya
|-damage|p2a: Freya|0 fnt
|faint|p2a: Freya
|
|
|switch|p2a: Venetia Shield|Doublade, F|322\/322
|-damage|p2a: Venetia Shield|302\/322|[from] Stealth Rock
|turn|18
|
|switch|p1a: Clawitzer|Clawitzer, F|302\/345
|-damage|p1a: Clawitzer|259\/345|[from] Stealth Rock
|move|p2a: Venetia Shield|Shadow Sneak|p1a: Clawitzer
|-damage|p1a: Clawitzer|183\/345
|
|turn|19
|
|switch|p2a: Bloodsugar|Crobat, F|296\/311
|-damage|p2a: Bloodsugar|219\/311|[from] Stealth Rock
|move|p1a: Clawitzer|Scald|p2a: Bloodsugar
|-damage|p2a: Bloodsugar|50\/311
|
|-heal|p2a: Bloodsugar|69\/311|[from] item: Black Sludge
|turn|20
|
|switch|p1a: Forretress|Forretress, M|138\/353
|-damage|p1a: Forretress|94\/353|[from] Stealth Rock
|move|p2a: Bloodsugar|Brave Bird|p1a: Forretress
|-damage|p1a: Forretress|0 fnt
|-damage|p2a: Bloodsugar|38\/311|[from] recoil|[of] p1a: Forretress
|faint|p1a: Forretress
|
|-heal|p2a: Bloodsugar|57\/311|[from] item: Black Sludge
|
|switch|p1a: Chandelure|Chandelure, M|114\/261
|-damage|p1a: Chandelure|49\/261|[from] Stealth Rock
|turn|21
|
|move|p1a: Chandelure|Shadow Ball|p2a: Bloodsugar
|-damage|p2a: Bloodsugar|0 fnt
|faint|p2a: Bloodsugar
|
|
|switch|p2a: Venetia Shield|Doublade, F|302\/322
|-damage|p2a: Venetia Shield|282\/322|[from] Stealth Rock
|turn|22
|
|move|p2a: Venetia Shield|Shadow Sneak|p1a: Chandelure
|-supereffective|p1a: Chandelure
|-damage|p1a: Chandelure|0 fnt
|faint|p1a: Chandelure
|
|
|switch|p1a: Mienshao|Mienshao, M|271\/271
|-damage|p1a: Mienshao|255\/271|[from] Stealth Rock
|turn|23
|
|move|p1a: Mienshao|Knock Off|p2a: Venetia Shield
|-crit|p2a: Venetia Shield
|-supereffective|p2a: Venetia Shield
|-damage|p2a: Venetia Shield|132\/322
|-enditem|p2a: Venetia Shield|Eviolite|[from] move: Knock Off|[of] p1a: Mienshao
|move|p2a: Venetia Shield|Gyro Ball|p1a: Mienshao
|-damage|p1a: Mienshao|0 fnt
|faint|p1a: Mienshao
|
|
|switch|p1a: Clawitzer|Clawitzer, F|183\/345
|-damage|p1a: Clawitzer|140\/345|[from] Stealth Rock
|turn|24
|
|move|p2a: Venetia Shield|Shadow Sneak|p1a: Clawitzer
|-damage|p1a: Clawitzer|64\/345
|move|p1a: Clawitzer|Scald|p2a: Venetia Shield
|-damage|p2a: Venetia Shield|0 fnt
|faint|p2a: Venetia Shield
|
|
|switch|p2a: Lionheart|Arcanine, F|384\/384
|-damage|p2a: Lionheart|288\/384|[from] Stealth Rock
|-ability|p2a: Lionheart|Intimidate|[of] p1a: Clawitzer
|-unboost|p1a: Clawitzer|atk|1
|turn|25
|
|move|p2a: Lionheart|Extreme Speed|p1a: Clawitzer
|-damage|p1a: Clawitzer|0 fnt
|faint|p1a: Clawitzer
|
|win|This Many Fucks
|raw|Ladder updating...
|raw|Stumppyy's rating: 1397 &rarr; <strong>1381<\/strong><br \/>(-16 for losing)
|raw|This Many Fucks's rating: 1455 &rarr; <strong>1471<\/strong><br \/>(+16 for winning)
|chat|Stumppyy|gg
|chat|This Many Fucks|gg
|leave|Stumppyy
|player|p1