|join|This Many Fucks
|join|GreenThunder42
|player|p1|This Many Fucks|172
|player|p2|GreenThunder42|209
|gametype|singles
|gen|6
|tier|UU
|rated
|rule|Sleep Clause Mod: Limit one foe put to sleep
|rule|Species Clause: Limit one of each Pokemon
|rule|OHKO Clause: OHKO moves are banned
|rule|Moody Clause: Moody is banned
|rule|Evasion Moves Clause: Evasion moves are banned
|rule|Endless Battle Clause: Forcing endless battles is banned.
|rule|HP Percentage Mod: HP is reported as percentages
|clearpoke
|poke|p1|Doublade, M
|poke|p1|Florges, F
|poke|p1|Alomomola, F
|poke|p1|Meloetta
|poke|p1|Forretress, M, shiny
|poke|p1|Absol, M, shiny
|poke|p2|Kingdra, F
|poke|p2|Chesnaught, F
|poke|p2|Florges, F
|poke|p2|Jirachi
|poke|p2|Absol, M
|poke|p2|Nidoking, M
|teampreview
|
|start
|switch|p1a: Red XIII|Absol, M, shiny|271\/271
|switch|p2a: Nidoking|Nidoking, M|304\/304
|turn|1
|
|switch|p1a: Walnut|Forretress, M, shiny|354\/354
|move|p2a: Nidoking|Earth Power|p1a: Walnut
|-damage|p1a: Walnut|56\/354
|
|-heal|p1a: Walnut|78\/354|[from] item: Leftovers
|turn|2
|
|switch|p1a: Beatrix|Meloetta|404\/404
|move|p2a: Nidoking|Earth Power|p1a: Beatrix
|-damage|p1a: Beatrix|301\/404
|
|turn|3
|
|switch|p2a: Jirachi|Jirachi|397\/397
|move|p1a: Beatrix|Hyper Voice|p2a: Jirachi
|-resisted|p2a: Jirachi
|-damage|p2a: Jirachi|337\/397
|
|-heal|p2a: Jirachi|361\/397|[from] item: Leftovers
|turn|4
|
|move|p2a: Jirachi|Body Slam|p1a: Beatrix
|-damage|p1a: Beatrix|220\/404
|-status|p1a: Beatrix|par
|move|p1a: Beatrix|Shadow Ball|p2a: Jirachi
|-supereffective|p2a: Jirachi
|-damage|p2a: Jirachi|217\/397
|
|-heal|p2a: Jirachi|241\/397|[from] item: Leftovers
|turn|5
|
|switch|p1a: Clit|Alomomola, F|515\/515
|move|p2a: Jirachi|Stealth Rock|p1a: Clit
|-sidestart|p1: This Many Fucks|move: Stealth Rock
|
|-heal|p2a: Jirachi|265\/397|[from] item: Leftovers
|turn|6
|
|move|p2a: Jirachi|Body Slam|p1a: Clit
|-damage|p1a: Clit|450\/515
|-status|p1a: Clit|par
|move|p1a: Clit|Wish|p1a: Clit
|
|-heal|p2a: Jirachi|289\/397|[from] item: Leftovers
|-heal|p1a: Clit|482\/515 par|[from] item: Leftovers
|turn|7
|
|switch|p2a: Nidoking|Nidoking, M|304\/304
|switch|p1a: Walnut|Forretress, M, shiny|78\/354
|-damage|p1a: Walnut|34\/354|[from] Stealth Rock
|
|-heal|p1a: Walnut|291\/354|[from] move: Wish|[wisher] Clit
|-heal|p1a: Walnut|313\/354|[from] item: Leftovers
|turn|8
|
|switch|p1a: Beatrix|Meloetta|220\/404 par
|-damage|p1a: Beatrix|170\/404 par|[from] Stealth Rock
|move|p2a: Nidoking|Flamethrower|p1a: Beatrix
|-damage|p1a: Beatrix|97\/404 par
|
|turn|9
|
|move|p2a: Nidoking|Sludge Wave|p1a: Beatrix
|-damage|p1a: Beatrix|0 fnt
|faint|p1a: Beatrix
|
|
|switch|p1a: Clit|Alomomola, F|515\/515 par
|-damage|p1a: Clit|451\/515 par|[from] Stealth Rock
|turn|10
|
|switch|p2a: Kingdra|Kingdra, F|354\/354
|move|p1a: Clit|Mirror Coat|p2a: Kingdra
|-fail|p2a: Kingdra
|
|-heal|p1a: Clit|483\/515 par|[from] item: Leftovers
|turn|11
|
|move|p2a: Kingdra|Focus Energy|p2a: Kingdra
|-start|p2a: Kingdra|move: Focus Energy
|move|p1a: Clit|Scald|p2a: Kingdra
|-resisted|p2a: Kingdra
|-damage|p2a: Kingdra|342\/354
|
|-heal|p1a: Clit|515\/515 par|[from] item: Leftovers
|turn|12
|
|move|p2a: Kingdra|Draco Meteor|p1a: Clit
|-crit|p1a: Clit
|-damage|p1a: Clit|0 fnt
|-unboost|p2a: Kingdra|spa|2
|faint|p1a: Clit
|
|
|switch|p1a: Red XIII|Absol, M, shiny|271\/271
|-damage|p1a: Red XIII|238\/271|[from] Stealth Rock
|turn|13
|
|detailschange|p1a: Red XIII|Absol-Mega, M, shiny
|message|Absol has Mega Evolved into Mega Absol!
|move|p1a: Red XIII|Knock Off|p2a: Kingdra
|-damage|p2a: Kingdra|141\/354
|-enditem|p2a: Kingdra|Scope Lens|[from] move: Knock Off|[of] p1a: Red XIII
|move|p2a: Kingdra|Scald|p1a: Red XIII
|-crit|p1a: Red XIII
|-damage|p1a: Red XIII|0 fnt
|faint|p1a: Red XIII
|
|chat|This Many Fucks|i have zero respect for scrubs like you who rely on serene grace rachi to do anything. get gud
|-message|This Many Fucks forfeited.
|
|win|GreenThunder42
|raw|Ladder updating...
|leave|This Many Fucks
|player|p1
|raw|This Many Fucks's rating: 1457 &rarr; <strong>1439<\/strong><br \/>(-18 for losing)
|raw|GreenThunder42's rating: 1483 &rarr; <strong>1501<\/strong><br \/>(+18 for winning)