|join|This Many Fucks
|join|Cedric Prime
|player|p1|This Many Fucks|172
|player|p2|Cedric Prime|247
|gametype|singles
|gen|6
|tier|UU
|rated
|rule|Sleep Clause Mod: Limit one foe put to sleep
|rule|Species Clause: Limit one of each Pokemon
|rule|OHKO Clause: OHKO moves are banned
|rule|Moody Clause: Moody is banned
|rule|Evasion Moves Clause: Evasion moves are banned
|rule|Endless Battle Clause: Forcing endless battles is banned.
|rule|HP Percentage Mod: HP is reported as percentages
|clearpoke
|poke|p1|Alakazam, M
|poke|p1|Arcanine, F
|poke|p1|Florges, F
|poke|p1|Doublade, M
|poke|p1|Hitmonlee, M
|poke|p1|Jirachi
|poke|p2|Alomomola, M, shiny
|poke|p2|Heracross, M, shiny
|poke|p2|Victini, shiny
|poke|p2|Aggron, F, shiny
|poke|p2|Florges, F, shiny
|poke|p2|Flygon, M, shiny
|teampreview
|
|start
|switch|p1a: Lionheart|Arcanine, F|383\/383
|switch|p2a: Veemon|Victini, shiny|341\/341
|-ability|p1a: Lionheart|Intimidate|[of] p2a: Veemon
|-unboost|p2a: Veemon|atk|1
|turn|1
|
|move|p2a: Veemon|Zen Headbutt|p1a: Lionheart
|-damage|p1a: Lionheart|283\/383
|-damage|p2a: Veemon|285\/341|[from] item: Rocky Helmet|[of] p1a: Lionheart
|move|p1a: Lionheart|Will-O-Wisp|p2a: Veemon
|-fail|p2a: Veemon
|
|turn|2
|
|switch|p2a: Dung Meister|Heracross, M, shiny|302\/302
|move|p1a: Lionheart|Flare Blitz|p2a: Dung Meister
|-supereffective|p2a: Dung Meister
|-damage|p2a: Dung Meister|0 fnt
|-damage|p1a: Lionheart|183\/383|[from] recoil|[of] p2a: Dung Meister
|faint|p2a: Dung Meister
|
|
|switch|p2a: Chris Dolmeth|Flygon, M, shiny|301\/301
|turn|3
|
|switch|p1a: Freya|Florges, F|360\/360
|move|p2a: Chris Dolmeth|U-turn|p1a: Freya
|-resisted|p1a: Freya
|-damage|p1a: Freya|328\/360
|
|switch|p2a: Veemon|Victini, shiny|285\/341
|
|-heal|p1a: Freya|350\/360|[from] item: Leftovers
|turn|4
|
|move|p1a: Freya|Protect|p1a: Freya
|-singleturn|p1a: Freya|Protect
|move|p2a: Veemon|V-create|p1a: Freya
|-activate|p1a: Freya|Protect
|
|-heal|p1a: Freya|360\/360|[from] item: Leftovers
|turn|5
|
|switch|p1a: Lionheart|Arcanine, F|183\/383
|-ability|p1a: Lionheart|Intimidate|[of] p2a: Veemon
|-unboost|p2a: Veemon|atk|1
|move|p2a: Veemon|V-create|p1a: Lionheart
|-resisted|p1a: Lionheart
|-damage|p1a: Lionheart|66\/383
|-damage|p2a: Veemon|229\/341|[from] item: Rocky Helmet|[of] p1a: Lionheart
|-unboost|p2a: Veemon|def|1
|-unboost|p2a: Veemon|spd|1
|-unboost|p2a: Veemon|spe|1
|
|turn|6
|
|move|p1a: Lionheart|Morning Sun|p1a: Lionheart
|-heal|p1a: Lionheart|257\/383
|move|p2a: Veemon|V-create|p1a: Lionheart
|-resisted|p1a: Lionheart
|-damage|p1a: Lionheart|143\/383
|-damage|p2a: Veemon|173\/341|[from] item: Rocky Helmet|[of] p1a: Lionheart
|-unboost|p2a: Veemon|def|1
|-unboost|p2a: Veemon|spd|1
|-unboost|p2a: Veemon|spe|1
|
|turn|7
|
|switch|p2a: Palindroma|Alomomola, M, shiny|534\/534
|move|p1a: Lionheart|Morning Sun|p1a: Lionheart
|-heal|p1a: Lionheart|334\/383
|
|turn|8
|
|switch|p1a: Freya|Florges, F|360\/360
|move|p2a: Palindroma|Toxic|p1a: Freya
|-status|p1a: Freya|tox
|
|-damage|p1a: Freya|338\/360 tox|[from] psn
|turn|9
|
|switch|p2a: Anti-Fairy Tank|Aggron, F, shiny|344\/344
|move|p1a: Freya|Moonblast|p2a: Anti-Fairy Tank
|-resisted|p2a: Anti-Fairy Tank
|-damage|p2a: Anti-Fairy Tank|251\/344
|
|-heal|p1a: Freya|360\/360 tox|[from] item: Leftovers
|-damage|p1a: Freya|316\/360 tox|[from] psn
|turn|10
|
|switch|p1a: Lionheart|Arcanine, F|334\/383
|-ability|p1a: Lionheart|Intimidate|[of] p2a: Anti-Fairy Tank
|-unboost|p2a: Anti-Fairy Tank|atk|1
|detailschange|p2a: Anti-Fairy Tank|Aggron-Mega, F, shiny
|message|Aggron has Mega Evolved into Mega Aggron!
|move|p2a: Anti-Fairy Tank|Stealth Rock|p1a: Lionheart
|-sidestart|p1: This Many Fucks|move: Stealth Rock
|
|turn|11
|
|switch|p2a: Palindroma|Alomomola, M, shiny|534\/534
|move|p1a: Lionheart|Will-O-Wisp|p2a: Palindroma
|-status|p2a: Palindroma|brn
|
|-damage|p2a: Palindroma|468\/534 brn|[from] brn
|turn|12
|
|switch|p1a: Freya|Florges, F|316\/360 tox
|-damage|p1a: Freya|271\/360 tox|[from] Stealth Rock
|move|p2a: Palindroma|Wish|p2a: Palindroma
|
|-heal|p1a: Freya|293\/360 tox|[from] item: Leftovers
|-damage|p1a: Freya|271\/360 tox|[from] psn
|-damage|p2a: Palindroma|402\/534 brn|[from] brn
|turn|13
|
|switch|p2a: Veemon|Victini, shiny|173\/341
|move|p1a: Freya|Aromatherapy|p1a: Freya
|-cureteam|p1a: Freya|[from] move: Aromatherapy
|
|-heal|p2a: Veemon|341\/341|[from] move: Wish|[wisher] Palindroma
|-heal|p1a: Freya|293\/360|[from] item: Leftovers
|turn|14
|
|move|p1a: Freya|Protect|p1a: Freya
|-singleturn|p1a: Freya|Protect
|move|p2a: Veemon|U-turn|p1a: Freya
|-activate|p1a: Freya|Protect
|
|-heal|p1a: Freya|315\/360|[from] item: Leftovers
|turn|15
|
|move|p2a: Veemon|U-turn|p1a: Freya
|-resisted|p1a: Freya
|-damage|p1a: Freya|263\/360
|
|switch|p2a: Anti-Fairy Tank|Aggron-Mega, F, shiny|251\/344
|move|p1a: Freya|Wish|p1a: Freya
|
|-heal|p1a: Freya|285\/360|[from] item: Leftovers
|turn|16
|
|switch|p1a: Lionheart|Arcanine, F|334\/383
|-damage|p1a: Lionheart|239\/383|[from] Stealth Rock
|-ability|p1a: Lionheart|Intimidate|[of] p2a: Anti-Fairy Tank
|-unboost|p2a: Anti-Fairy Tank|atk|1
|move|p2a: Anti-Fairy Tank|Dragon Tail|p1a: Lionheart
|-damage|p1a: Lionheart|196\/383
|-damage|p2a: Anti-Fairy Tank|194\/344|[from] item: Rocky Helmet|[of] p1a: Lionheart
|drag|p1a: Stardust|Jirachi|341\/341
|-damage|p1a: Stardust|320\/341|[from] Stealth Rock
|
|-heal|p1a: Stardust|341\/341|[from] move: Wish|[wisher] Freya
|turn|17
|
|switch|p2a: Veemon|Victini, shiny|341\/341
|move|p1a: Stardust|Stealth Rock|p2a: Veemon
|-sidestart|p2: Cedric Prime|move: Stealth Rock
|
|turn|18
|
|switch|p1a: Lionheart|Arcanine, F|196\/383
|-damage|p1a: Lionheart|101\/383|[from] Stealth Rock
|-ability|p1a: Lionheart|Intimidate|[of] p2a: Veemon
|-unboost|p2a: Veemon|atk|1
|move|p2a: Veemon|Bolt Strike|p1a: Lionheart
|-damage|p1a: Lionheart|0 fnt
|-damage|p2a: Veemon|285\/341|[from] item: Rocky Helmet|[of] p1a: Lionheart
|faint|p1a: Lionheart
|
|
|switch|p1a: Hagen-Dazs|Alakazam, M|251\/251
|turn|19
|
|switch|p2a: Cindarella|Florges, F, shiny|360\/360
|-damage|p2a: Cindarella|315\/360|[from] Stealth Rock
|detailschange|p1a: Hagen-Dazs|Alakazam-Mega, M
|message|Alakazam has Mega Evolved into Mega Alakazam!
|-ability|p1a: Hagen-Dazs|Flower Veil|[from] ability: Trace|[of] p2a: Cindarella
|move|p1a: Hagen-Dazs|Shadow Ball|p2a: Cindarella
|-crit|p2a: Cindarella
|-damage|p2a: Cindarella|208\/360
|
|-heal|p2a: Cindarella|230\/360|[from] item: Leftovers
|turn|20
|
|move|p1a: Hagen-Dazs|Psyshock|p2a: Cindarella
|-damage|p2a: Cindarella|0 fnt
|faint|p2a: Cindarella
|
|
|switch|p2a: Chris Dolmeth|Flygon, M, shiny|301\/301
|-damage|p2a: Chris Dolmeth|283\/301|[from] Stealth Rock
|turn|21
|
|switch|p1a: Freya|Florges, F|285\/360
|-damage|p1a: Freya|240\/360|[from] Stealth Rock
|move|p2a: Chris Dolmeth|U-turn|p1a: Freya
|-resisted|p1a: Freya
|-damage|p1a: Freya|207\/360
|
|switch|p2a: Veemon|Victini, shiny|285\/341
|-damage|p2a: Veemon|200\/341|[from] Stealth Rock
|
|-heal|p1a: Freya|229\/360|[from] item: Leftovers
|turn|22
|
|move|p1a: Freya|Protect|p1a: Freya
|-singleturn|p1a: Freya|Protect
|move|p2a: Veemon|V-create|p1a: Freya
|-activate|p1a: Freya|Protect
|
|-heal|p1a: Freya|251\/360|[from] item: Leftovers
|turn|23
|
|move|p1a: Freya|Protect|p1a: Freya
|-fail|p1a: Freya
|move|p2a: Veemon|V-create|p1a: Freya
|-damage|p1a: Freya|0 fnt
|-unboost|p2a: Veemon|def|1
|-unboost|p2a: Veemon|spd|1
|-unboost|p2a: Veemon|spe|1
|faint|p1a: Freya
|
|
|switch|p1a: Mad Dog|Hitmonlee, M|304\/304
|-damage|p1a: Mad Dog|285\/304|[from] Stealth Rock
|turn|24
|
|switch|p2a: Palindroma|Alomomola, M, shiny|534\/534 brn
|-damage|p2a: Palindroma|468\/534 brn|[from] Stealth Rock
|move|p1a: Mad Dog|Knock Off|p2a: Palindroma
|-damage|p2a: Palindroma|367\/534 brn
|-damage|p1a: Mad Dog|235\/304|[from] item: Rocky Helmet|[of] p2a: Palindroma
|-enditem|p2a: Palindroma|Rocky Helmet|[from] move: Knock Off|[of] p1a: Mad Dog
|
|-damage|p2a: Palindroma|301\/534 brn|[from] brn
|turn|25
|
|move|p1a: Mad Dog|Rapid Spin|p2a: Palindroma
|-damage|p2a: Palindroma|280\/534 brn
|-sideend|p1: This Many Fucks|Stealth Rock|[from] move: Rapid Spin|[of] p1a: Mad Dog
|move|p2a: Palindroma|Wish|p2a: Palindroma
|
|-damage|p2a: Palindroma|214\/534 brn|[from] brn
|turn|26
|
|move|p2a: Palindroma|Protect|p2a: Palindroma
|-singleturn|p2a: Palindroma|Protect
|move|p1a: Mad Dog|High Jump Kick|p2a: Palindroma
|-activate|p2a: Palindroma|Protect
|-damage|p1a: Mad Dog|83\/304|[from] highjumpkick
|
|-heal|p2a: Palindroma|481\/534 brn|[from] move: Wish|[wisher] Palindroma
|-damage|p2a: Palindroma|415\/534 brn|[from] brn
|turn|27
|
|switch|p1a: Stardust|Jirachi|341\/341
|move|p2a: Palindroma|Toxic|p1a: Stardust
|-fail|p1a: Stardust
|
|-damage|p2a: Palindroma|349\/534 brn|[from] brn
|turn|28
|
|switch|p2a: Veemon|Victini, shiny|200\/341
|-damage|p2a: Veemon|115\/341|[from] Stealth Rock
|move|p1a: Stardust|Energy Ball|p2a: Veemon
|-resisted|p2a: Veemon
|-damage|p2a: Veemon|72\/341
|
|turn|29
|
|switch|p1a: Mad Dog|Hitmonlee, M|83\/304
|move|p2a: Veemon|V-create|p1a: Mad Dog
|-damage|p1a: Mad Dog|0 fnt
|-unboost|p2a: Veemon|def|1
|-unboost|p2a: Veemon|spd|1
|-unboost|p2a: Veemon|spe|1
|faint|p1a: Mad Dog
|
|
|switch|p1a: Hagen-Dazs|Alakazam-Mega, M|251\/251
|-ability|p1a: Hagen-Dazs|Victory Star|[from] ability: Trace|[of] p2a: Veemon
|turn|30
|
|switch|p2a: Palindroma|Alomomola, M, shiny|527\/534 brn
|-damage|p2a: Palindroma|461\/534 brn|[from] Stealth Rock
|move|p1a: Hagen-Dazs|Shadow Ball|p2a: Palindroma
|-damage|p2a: Palindroma|224\/534 brn
|
|-damage|p2a: Palindroma|158\/534 brn|[from] brn
|turn|31
|
|move|p1a: Hagen-Dazs|Shadow Ball|p2a: Palindroma
|-damage|p2a: Palindroma|0 fnt
|faint|p2a: Palindroma
|
|
|switch|p2a: Chris Dolmeth|Flygon, M, shiny|283\/301
|-damage|p2a: Chris Dolmeth|265\/301|[from] Stealth Rock
|turn|32
|
|move|p2a: Chris Dolmeth|Earthquake|p1a: Hagen-Dazs
|-damage|p1a: Hagen-Dazs|29\/251
|move|p1a: Hagen-Dazs|Psyshock|p2a: Chris Dolmeth
|-damage|p2a: Chris Dolmeth|18\/301
|
|turn|33
|
|switch|p1a: Venetia Shield|Doublade, M|322\/322
|move|p2a: Chris Dolmeth|Earthquake|p1a: Venetia Shield
|-supereffective|p1a: Venetia Shield
|-damage|p1a: Venetia Shield|170\/322
|
|turn|34
|
|move|p1a: Venetia Shield|Shadow Sneak|p2a: Chris Dolmeth
|-damage|p2a: Chris Dolmeth|0 fnt
|faint|p2a: Chris Dolmeth
|
|
|switch|p2a: Anti-Fairy Tank|Aggron-Mega, F, shiny|194\/344
|-damage|p2a: Anti-Fairy Tank|173\/344|[from] Stealth Rock
|turn|35
|
|move|p2a: Anti-Fairy Tank|Earthquake|p1a: Venetia Shield
|-supereffective|p1a: Venetia Shield
|-damage|p1a: Venetia Shield|30\/322
|move|p1a: Venetia Shield|Sacred Sword|p2a: Anti-Fairy Tank
|-supereffective|p2a: Anti-Fairy Tank
|-damage|p2a: Anti-Fairy Tank|98\/344
|
|turn|36
|
|move|p1a: Venetia Shield|Shadow Sneak|p2a: Anti-Fairy Tank
|-damage|p2a: Anti-Fairy Tank|65\/344
|move|p2a: Anti-Fairy Tank|Earthquake|p1a: Venetia Shield
|-supereffective|p1a: Venetia Shield
|-damage|p1a: Venetia Shield|0 fnt
|faint|p1a: Venetia Shield
|
|
|switch|p1a: Hagen-Dazs|Alakazam-Mega, M|29\/251
|-ability|p1a: Hagen-Dazs|Filter|[from] ability: Trace|[of] p2a: Anti-Fairy Tank
|turn|37
|
|move|p1a: Hagen-Dazs|Shadow Ball|p2a: Anti-Fairy Tank
|-damage|p2a: Anti-Fairy Tank|0 fnt
|faint|p2a: Anti-Fairy Tank
|
|
|switch|p2a: Veemon|Victini, shiny|72\/341
|-damage|p2a: Veemon|0 fnt|[from] Stealth Rock
|faint|p2a: Veemon
|
|win|This Many Fucks
|raw|Ladder updating...
|raw|This Many Fucks's rating: 1524 &rarr; <strong>1541<\/strong><br \/>(+17 for winning)
|raw|Cedric Prime's rating: 1464 &rarr; <strong>1447<\/strong><br \/>(-17 for losing)
|leave|Cedric Prime
|player|p2