|join|LTI Kitten
|join|This Many Fucks
|player|p1|LTI Kitten|39
|player|p2|This Many Fucks|172
|gametype|singles
|gen|6
|tier|UU
|rated
|rule|Sleep Clause Mod: Limit one foe put to sleep
|rule|Species Clause: Limit one of each Pokemon
|rule|OHKO Clause: OHKO moves are banned
|rule|Moody Clause: Moody is banned
|rule|Evasion Moves Clause: Evasion moves are banned
|rule|Endless Battle Clause: Forcing endless battles is banned.
|rule|HP Percentage Mod: HP is reported as percentages
|clearpoke
|poke|p1|Aerodactyl, M
|poke|p1|Florges, F
|poke|p1|Nidoking, M
|poke|p1|Swampert, M
|poke|p1|Shaymin
|poke|p1|Victini
|poke|p2|Doublade, F
|poke|p2|Florges, F
|poke|p2|Alomomola, F
|poke|p2|Meloetta
|poke|p2|Forretress, M, shiny
|poke|p2|Hydreigon, M, shiny
|teampreview
|join|germonique
|
|start
|switch|p1a: Nidoking|Nidoking, M|303\/303
|switch|p2a: Hydra|Hydreigon, M, shiny|325\/325
|turn|1
|
|switch|p1a: Florges|Florges, F|359\/359
|move|p2a: Hydra|Iron Tail|p1a: Florges
|-supereffective|p1a: Florges
|-damage|p1a: Florges|154\/359
|-unboost|p1a: Florges|def|1
|-damage|p2a: Hydra|293\/325|[from] item: Life Orb
|
|-heal|p1a: Florges|176\/359|[from] item: Leftovers
|turn|2
|
|move|p1a: Florges|Protect|p1a: Florges
|-singleturn|p1a: Florges|Protect
|move|p2a: Hydra|Dark Pulse|p1a: Florges
|-activate|p1a: Florges|Protect
|
|-heal|p1a: Florges|198\/359|[from] item: Leftovers
|turn|3
|join|LTI Slowbrox
|
|switch|p1a: Shaymin|Shaymin|341\/341
|move|p2a: Hydra|Iron Tail|p1a: Shaymin
|-damage|p1a: Shaymin|225\/341
|-damage|p2a: Hydra|261\/325|[from] item: Life Orb
|
|turn|4
|
|move|p1a: Shaymin|Dazzling Gleam|p2a: Hydra
|-supereffective|p2a: Hydra
|-damage|p2a: Hydra|0 fnt
|-damage|p1a: Shaymin|191\/341|[from] item: Life Orb
|faint|p2a: Hydra
|
|
|switch|p2a: Beatrix|Meloetta|404\/404
|turn|5
|
|switch|p1a: Aerodactyl|Aerodactyl, M|363\/363
|-ability|p1a: Aerodactyl|Pressure
|move|p2a: Beatrix|Psyshock|p1a: Aerodactyl
|-damage|p1a: Aerodactyl|140\/363
|
|turn|6
|
|detailschange|p1a: Aerodactyl|Aerodactyl-Mega, M
|message|Aerodactyl has Mega Evolved into Mega Aerodactyl!
|move|p1a: Aerodactyl|Roost|p1a: Aerodactyl
|-heal|p1a: Aerodactyl|322\/363
|move|p2a: Beatrix|Psyshock|p1a: Aerodactyl
|-crit|p1a: Aerodactyl
|-damage|p1a: Aerodactyl|33\/363
|
|turn|7
|
|move|p1a: Aerodactyl|Roost|p1a: Aerodactyl
|-heal|p1a: Aerodactyl|215\/363
|move|p2a: Beatrix|Psyshock|p1a: Aerodactyl
|-crit|p1a: Aerodactyl
|-damage|p1a: Aerodactyl|0 fnt
|faint|p1a: Aerodactyl
|
|chat|LTI Kitten|o_K
|chat|LTI Kitten|LOL
|
|switch|p1a: Swampert|Swampert, M|404\/404
|turn|8
|
|move|p2a: Beatrix|Hyper Voice|p1a: Swampert
|-damage|p1a: Swampert|229\/404
|move|p1a: Swampert|Scald|p2a: Beatrix
|-damage|p2a: Beatrix|358\/404
|
|-heal|p1a: Swampert|254\/404|[from] item: Leftovers
|turn|9
|
|move|p2a: Beatrix|Hyper Voice|p1a: Swampert
|-damage|p1a: Swampert|71\/404
|move|p1a: Swampert|Stealth Rock|p2a: Beatrix
|-sidestart|p2: This Many Fucks|move: Stealth Rock
|
|-heal|p1a: Swampert|96\/404|[from] item: Leftovers
|turn|10
|join|Dynamic So
|
|switch|p1a: Victini|Victini|341\/341
|move|p2a: Beatrix|Hyper Voice|p1a: Victini
|-damage|p1a: Victini|161\/341
|
|turn|11
|
|switch|p2a: Clit|Alomomola, F|515\/515
|-damage|p2a: Clit|451\/515|[from] Stealth Rock
|move|p1a: Victini|U-turn|p2a: Clit
|-damage|p2a: Clit|343\/515
|
|switch|p1a: Shaymin|Shaymin|191\/341
|
|-heal|p2a: Clit|375\/515|[from] item: Leftovers
|turn|12
|
|move|p2a: Clit|Protect|p2a: Clit
|-singleturn|p2a: Clit|Protect
|move|p1a: Shaymin|Seed Flare|p2a: Clit
|-activate|p2a: Clit|Protect
|
|-heal|p2a: Clit|407\/515|[from] item: Leftovers
|turn|13
|
|switch|p1a: Victini|Victini|161\/341
|switch|p2a: Freya|Florges, F|360\/360
|-damage|p2a: Freya|315\/360|[from] Stealth Rock
|
|-heal|p2a: Freya|337\/360|[from] item: Leftovers
|turn|14
|
|move|p2a: Freya|Protect|p2a: Freya
|-singleturn|p2a: Freya|Protect
|move|p1a: Victini|V-create|p2a: Freya
|-activate|p2a: Freya|Protect
|
|-heal|p2a: Freya|359\/360|[from] item: Leftovers
|turn|15
|
|switch|p2a: Clit|Alomomola, F|515\/515
|-damage|p2a: Clit|451\/515|[from] Stealth Rock
|move|p1a: Victini|V-create|p2a: Clit
|-resisted|p2a: Clit
|-damage|p2a: Clit|241\/515
|-unboost|p1a: Victini|def|1
|-unboost|p1a: Victini|spd|1
|-unboost|p1a: Victini|spe|1
|
|-heal|p2a: Clit|273\/515|[from] item: Leftovers
|turn|16
|
|switch|p1a: Shaymin|Shaymin|191\/341
|move|p2a: Clit|Wish|p2a: Clit
|
|-heal|p2a: Clit|305\/515|[from] item: Leftovers
|turn|17
|
|switch|p1a: Victini|Victini|161\/341
|switch|p2a: Beatrix|Meloetta|358\/404
|-damage|p2a: Beatrix|308\/404|[from] Stealth Rock
|
|-heal|p2a: Beatrix|404\/404|[from] move: Wish|[wisher] Clit
|turn|18
|
|switch|p2a: Clit|Alomomola, F|476\/515
|-damage|p2a: Clit|412\/515|[from] Stealth Rock
|move|p1a: Victini|U-turn|p2a: Clit
|-damage|p2a: Clit|301\/515
|
|switch|p1a: Nidoking|Nidoking, M|303\/303
|
|-heal|p2a: Clit|333\/515|[from] item: Leftovers
|turn|19
|
|move|p2a: Clit|Protect|p2a: Clit
|-singleturn|p2a: Clit|Protect
|move|p1a: Nidoking|Earth Power|p2a: Clit
|-activate|p2a: Clit|Protect
|
|-heal|p2a: Clit|365\/515|[from] item: Leftovers
|turn|20
|leave|Dynamic So
|
|move|p1a: Nidoking|Sludge Wave|p2a: Clit
|-damage|p2a: Clit|102\/515
|move|p2a: Clit|Mirror Coat|p1a: Nidoking
|-damage|p1a: Nidoking|0 fnt
|faint|p1a: Nidoking
|
|-heal|p2a: Clit|134\/515|[from] item: Leftovers
|
|switch|p1a: Victini|Victini|161\/341
|turn|21
|
|move|p2a: Clit|Protect|p2a: Clit
|-singleturn|p2a: Clit|Protect
|move|p1a: Victini|Bolt Strike|p2a: Clit
|-activate|p2a: Clit|Protect
|
|-heal|p2a: Clit|166\/515|[from] item: Leftovers
|turn|22
|
|switch|p2a: Walnut|Forretress, M, shiny|354\/354
|-damage|p2a: Walnut|310\/354|[from] Stealth Rock
|move|p1a: Victini|Bolt Strike|p2a: Walnut
|-damage|p2a: Walnut|200\/354
|-status|p2a: Walnut|par
|
|-heal|p2a: Walnut|222\/354 par|[from] item: Leftovers
|turn|23
|
|switch|p1a: Swampert|Swampert, M|96\/404
|move|p2a: Walnut|Rapid Spin|p1a: Swampert
|-damage|p1a: Swampert|87\/404
|-sideend|p2: This Many Fucks|Stealth Rock|[from] move: Rapid Spin|[of] p2a: Walnut
|
|-heal|p1a: Swampert|112\/404|[from] item: Leftovers
|-heal|p2a: Walnut|244\/354 par|[from] item: Leftovers
|turn|24
|
|move|p1a: Swampert|Scald|p2a: Walnut
|-damage|p2a: Walnut|69\/354 par
|cant|p2a: Walnut|par
|
|-heal|p1a: Swampert|137\/404|[from] item: Leftovers
|-heal|p2a: Walnut|91\/354 par|[from] item: Leftovers
|turn|25
|
|move|p1a: Swampert|Stealth Rock|p2a: Walnut
|-sidestart|p2: This Many Fucks|move: Stealth Rock
|move|p2a: Walnut|Rapid Spin|p1a: Swampert
|-damage|p1a: Swampert|127\/404
|-sideend|p2: This Many Fucks|Stealth Rock|[from] move: Rapid Spin|[of] p2a: Walnut
|
|-heal|p1a: Swampert|152\/404|[from] item: Leftovers
|-heal|p2a: Walnut|113\/354 par|[from] item: Leftovers
|turn|26
|
|move|p1a: Swampert|Stealth Rock|p2a: Walnut
|-sidestart|p2: This Many Fucks|move: Stealth Rock
|move|p2a: Walnut|Rapid Spin|p1a: Swampert
|-damage|p1a: Swampert|142\/404
|-sideend|p2: This Many Fucks|Stealth Rock|[from] move: Rapid Spin|[of] p2a: Walnut
|
|-heal|p1a: Swampert|167\/404|[from] item: Leftovers
|-heal|p2a: Walnut|135\/354 par|[from] item: Leftovers
|turn|27
|
|move|p1a: Swampert|Scald|p2a: Walnut
|-crit|p2a: Walnut
|-damage|p2a: Walnut|0 fnt
|faint|p2a: Walnut
|
|-heal|p1a: Swampert|192\/404|[from] item: Leftovers
|
|switch|p2a: Beatrix|Meloetta|404\/404
|turn|28
|
|move|p2a: Beatrix|Hyper Voice|p1a: Swampert
|-damage|p1a: Swampert|15\/404
|move|p1a: Swampert|Stealth Rock|p2a: Beatrix
|-sidestart|p2: This Many Fucks|move: Stealth Rock
|
|-heal|p1a: Swampert|40\/404|[from] item: Leftovers
|turn|29
|
|move|p2a: Beatrix|Hyper Voice|p1a: Swampert
|-damage|p1a: Swampert|0 fnt
|faint|p1a: Swampert
|
|
|switch|p1a: Victini|Victini|161\/341
|turn|30
|
|switch|p2a: Clit|Alomomola, F|337\/515
|-damage|p2a: Clit|273\/515|[from] Stealth Rock
|move|p1a: Victini|Trick|p2a: Clit
|-activate|p1a: Victini|move: Trick|[of] p2a: Clit
|-item|p2a: Clit|Choice Band|[from] move: Trick
|-item|p1a: Victini|Leftovers|[from] move: Trick
|
|-heal|p1a: Victini|182\/341|[from] item: Leftovers
|turn|31
|
|move|p1a: Victini|Bolt Strike|p2a: Clit
|-supereffective|p2a: Clit
|-damage|p2a: Clit|15\/515
|move|p2a: Clit|Scald|p1a: Victini
|-supereffective|p1a: Victini
|-damage|p1a: Victini|96\/341
|
|-heal|p1a: Victini|117\/341|[from] item: Leftovers
|turn|32
|
|switch|p1a: Shaymin|Shaymin|191\/341
|move|p2a: Clit|Scald|p1a: Shaymin
|-resisted|p1a: Shaymin
|-damage|p1a: Shaymin|168\/341
|
|turn|33
|
|move|p1a: Shaymin|Synthesis|p1a: Shaymin
|-heal|p1a: Shaymin|338\/341
|move|p2a: Clit|Scald|p1a: Shaymin
|-resisted|p1a: Shaymin
|-damage|p1a: Shaymin|314\/341
|-status|p1a: Shaymin|brn
|
|-damage|p1a: Shaymin|272\/341 brn|[from] brn
|turn|34
|
|switch|p1a: Florges|Florges, F|198\/359
|move|p2a: Clit|Scald|p1a: Florges
|-damage|p1a: Florges|170\/359
|
|-heal|p1a: Florges|192\/359|[from] item: Leftovers
|turn|35
|
|switch|p2a: Venetia Shield|Doublade, F|322\/322
|-damage|p2a: Venetia Shield|302\/322|[from] Stealth Rock
|move|p1a: Florges|Moonblast|p2a: Venetia Shield
|-resisted|p2a: Venetia Shield
|-damage|p2a: Venetia Shield|226\/322
|
|-heal|p1a: Florges|214\/359|[from] item: Leftovers
|turn|36
|
|switch|p1a: Shaymin|Shaymin|272\/341
|move|p2a: Venetia Shield|Gyro Ball|p1a: Shaymin
|-damage|p1a: Shaymin|50\/341
|
|turn|37
|
|move|p2a: Venetia Shield|Shadow Sneak|p1a: Shaymin
|-damage|p1a: Shaymin|0 fnt
|faint|p1a: Shaymin
|
|
|switch|p1a: Victini|Victini|117\/341
|turn|38
|
|move|p2a: Venetia Shield|Shadow Sneak|p1a: Victini
|-supereffective|p1a: Victini
|-damage|p1a: Victini|0 fnt
|faint|p1a: Victini
|
|
|switch|p1a: Florges|Florges, F|214\/359
|turn|39
|-message|LTI Kitten forfeited.
|
|win|This Many Fucks
|raw|Ladder updating...
|leave|LTI Kitten
|player|p1
|chat|This Many Fucks|gg
|raw|LTI Kitten's rating: 1735 &rarr; <strong>1701<\/strong><br \/>(-34 for losing)
|raw|This Many Fucks's rating: 1438 &rarr; <strong>1472<\/strong><br \/>(+34 for winning)
|leave|LTI Slowbrox