|join|This Many Fucks
|join|crit my hippowdon
|player|p1|This Many Fucks|172
|player|p2|crit my hippowdon|138
|gametype|singles
|gen|6
|tier|UU
|rated
|rule|Sleep Clause Mod: Limit one foe put to sleep
|rule|Species Clause: Limit one of each Pokemon
|rule|OHKO Clause: OHKO moves are banned
|rule|Moody Clause: Moody is banned
|rule|Evasion Moves Clause: Evasion moves are banned
|rule|Endless Battle Clause: Forcing endless battles is banned.
|rule|HP Percentage Mod: HP is reported as percentages
|clearpoke
|poke|p1|Alakazam, M
|poke|p1|Arcanine, M
|poke|p1|Florges, F
|poke|p1|Doublade, M
|poke|p1|Hitmonlee, M
|poke|p1|Jirachi
|poke|p2|Hippowdon, M
|poke|p2|Blissey, F
|poke|p2|Aerodactyl, M
|poke|p2|Sableye, M
|poke|p2|Slowbro, M
|poke|p2|Florges, F
|teampreview
|
|start
|switch|p1a: Stardust|Jirachi|341\/341
|switch|p2a: Sableye|Sableye, M|303\/303
|turn|1
|
|switch|p1a: Lionheart|Arcanine, M|383\/383
|-ability|p1a: Lionheart|Intimidate|[of] p2a: Sableye
|-unboost|p2a: Sableye|atk|1
|move|p2a: Sableye|Taunt|p1a: Lionheart
|-start|p1a: Lionheart|move: Taunt
|
|turn|2
|
|switch|p2a: I LIKE CRITS|Hippowdon, M|419\/419
|-weather|Sandstorm
|move|p1a: Lionheart|Flare Blitz|p2a: I LIKE CRITS
|-damage|p2a: I LIKE CRITS|322\/419
|-damage|p1a: Lionheart|351\/383|[from] recoil|[of] p2a: I LIKE CRITS
|
|-weather|Sandstorm|[upkeep]
|-damage|p1a: Lionheart|328\/383|[from] sandstorm
|-heal|p2a: I LIKE CRITS|348\/419|[from] item: Leftovers
|turn|3
|
|switch|p1a: Stardust|Jirachi|341\/341
|move|p2a: I LIKE CRITS|Stealth Rock|p1a: Stardust
|-sidestart|p1: This Many Fucks|move: Stealth Rock
|
|-weather|Sandstorm|[upkeep]
|-heal|p2a: I LIKE CRITS|374\/419|[from] item: Leftovers
|turn|4
|
|switch|p2a: Aerodactyl|Aerodactyl, M|363\/363
|-ability|p2a: Aerodactyl|Pressure
|move|p1a: Stardust|Energy Ball|p2a: Aerodactyl
|-damage|p2a: Aerodactyl|292\/363
|-unboost|p2a: Aerodactyl|spd|1
|
|-weather|Sandstorm|[upkeep]
|turn|5
|
|switch|p2a: Blissey|Blissey, F|705\/705
|move|p1a: Stardust|Iron Head|p2a: Blissey
|-damage|p2a: Blissey|564\/705
|
|-weather|Sandstorm|[upkeep]
|-damage|p2a: Blissey|520\/705|[from] sandstorm
|-heal|p2a: Blissey|564\/705|[from] item: Leftovers
|turn|6
|
|switch|p2a: I LIKE CRITS|Hippowdon, M|374\/419
|move|p1a: Stardust|Stealth Rock|p2a: I LIKE CRITS
|-sidestart|p2: crit my hippowdon|move: Stealth Rock
|
|-weather|none
|-heal|p2a: I LIKE CRITS|400\/419|[from] item: Leftovers
|turn|7
|
|move|p1a: Stardust|Energy Ball|p2a: I LIKE CRITS
|-supereffective|p2a: I LIKE CRITS
|-damage|p2a: I LIKE CRITS|105\/419
|-unboost|p2a: I LIKE CRITS|spd|1
|move|p2a: I LIKE CRITS|Earthquake|p1a: Stardust
|-supereffective|p1a: Stardust
|-damage|p1a: Stardust|105\/341
|
|-heal|p2a: I LIKE CRITS|131\/419|[from] item: Leftovers
|turn|8
|
|switch|p2a: Sableye|Sableye, M|303\/303
|-damage|p2a: Sableye|266\/303|[from] Stealth Rock
|move|p1a: Stardust|Energy Ball|p2a: Sableye
|-damage|p2a: Sableye|173\/303
|-unboost|p2a: Sableye|spd|1
|
|-heal|p2a: Sableye|191\/303|[from] item: Leftovers
|turn|9
|
|move|p1a: Stardust|Energy Ball|p2a: Sableye
|-damage|p2a: Sableye|49\/303
|-unboost|p2a: Sableye|spd|1
|move|p2a: Sableye|Knock Off|p1a: Stardust
|-supereffective|p1a: Stardust
|-damage|p1a: Stardust|0 fnt
|faint|p1a: Stardust
|
|-heal|p2a: Sableye|67\/303|[from] item: Leftovers
|
|switch|p1a: Hagen-Dazs|Alakazam, M|251\/251
|turn|10
|
|switch|p2a: Slowbro|Slowbro, M|393\/393
|-damage|p2a: Slowbro|344\/393|[from] Stealth Rock
|detailschange|p1a: Hagen-Dazs|Alakazam-Mega, M
|message|Alakazam has Mega Evolved into Mega Alakazam!
|-ability|p1a: Hagen-Dazs|Regenerator|[from] ability: Trace|[of] p2a: Slowbro
|move|p1a: Hagen-Dazs|Dazzling Gleam|p2a: Slowbro
|-damage|p2a: Slowbro|177\/393
|
|-heal|p2a: Slowbro|201\/393|[from] item: Leftovers
|turn|11
|
|switch|p2a: Blissey|Blissey, F|564\/705
|-damage|p2a: Blissey|476\/705|[from] Stealth Rock
|move|p1a: Hagen-Dazs|Shadow Ball|p2a: Blissey
|-immune|p2a: Blissey|[msg]
|
|-heal|p2a: Blissey|520\/705|[from] item: Leftovers
|turn|12
|
|move|p1a: Hagen-Dazs|Substitute|p1a: Hagen-Dazs
|-start|p1a: Hagen-Dazs|Substitute
|-damage|p1a: Hagen-Dazs|189\/251
|move|p2a: Blissey|Seismic Toss|p1a: Hagen-Dazs
|-end|p1a: Hagen-Dazs|Substitute
|
|-heal|p2a: Blissey|564\/705|[from] item: Leftovers
|turn|13
|
|move|p1a: Hagen-Dazs|Psyshock|p2a: Blissey
|-damage|p2a: Blissey|231\/705
|move|p2a: Blissey|Toxic|p1a: Hagen-Dazs
|-status|p1a: Hagen-Dazs|tox
|
|-heal|p2a: Blissey|275\/705|[from] item: Leftovers
|-damage|p1a: Hagen-Dazs|174\/251 tox|[from] psn
|turn|14
|
|switch|p2a: Slowbro|Slowbro, M|332\/393
|-damage|p2a: Slowbro|283\/393|[from] Stealth Rock
|move|p1a: Hagen-Dazs|Psyshock|p2a: Slowbro
|-resisted|p2a: Slowbro
|-damage|p2a: Slowbro|212\/393
|
|-heal|p2a: Slowbro|236\/393|[from] item: Leftovers
|-damage|p1a: Hagen-Dazs|144\/251 tox|[from] psn
|turn|15
|
|switch|p2a: Florges|Florges, F|359\/359
|-damage|p2a: Florges|315\/359|[from] Stealth Rock
|move|p1a: Hagen-Dazs|Dazzling Gleam|p2a: Florges
|-damage|p2a: Florges|226\/359
|
|-heal|p2a: Florges|248\/359|[from] item: Leftovers
|-damage|p1a: Hagen-Dazs|99\/251 tox|[from] psn
|turn|16
|
|switch|p1a: Freya|Florges, F|360\/360
|-damage|p1a: Freya|315\/360|[from] Stealth Rock
|move|p2a: Florges|Protect|p2a: Florges
|-fail|p2a: Florges
|
|-heal|p2a: Florges|270\/359|[from] item: Leftovers
|-heal|p1a: Freya|337\/360|[from] item: Leftovers
|turn|17
|
|switch|p2a: Aerodactyl|Aerodactyl, M|292\/363
|-damage|p2a: Aerodactyl|202\/363|[from] Stealth Rock
|-ability|p2a: Aerodactyl|Pressure
|move|p1a: Freya|Aromatherapy|p1a: Freya
|-cureteam|p1a: Freya|[from] move: Aromatherapy
|
|-heal|p1a: Freya|359\/360|[from] item: Leftovers
|turn|18
|
|detailschange|p2a: Aerodactyl|Aerodactyl-Mega, M
|message|Aerodactyl has Mega Evolved into Mega Aerodactyl!
|move|p2a: Aerodactyl|Defog|p1a: Freya
|-unboost|p1a: Freya|evasion|1
|-sideend|p1: This Many Fucks|Stealth Rock|[from] move: Defog|[of] p1a: Freya
|-sideend|p2: crit my hippowdon|Stealth Rock|[from] move: Defog|[of] p2a: Aerodactyl
|move|p1a: Freya|Moonblast|p2a: Aerodactyl
|-damage|p2a: Aerodactyl|70\/363
|-unboost|p2a: Aerodactyl|spa|1
|
|-heal|p1a: Freya|360\/360|[from] item: Leftovers
|turn|19
|
|switch|p1a: Venetia Shield|Doublade, M|322\/322
|move|p2a: Aerodactyl|Roost|p2a: Aerodactyl
|-heal|p2a: Aerodactyl|252\/363
|
|turn|20
|
|switch|p2a: I LIKE CRITS|Hippowdon, M|131\/419
|-weather|Sandstorm
|switch|p1a: Hagen-Dazs|Alakazam-Mega, M|182\/251
|-ability|p1a: Hagen-Dazs|Sand Stream|[from] ability: Trace|[of] p2a: I LIKE CRITS
|
|-weather|Sandstorm|[upkeep]
|-damage|p1a: Hagen-Dazs|167\/251|[from] sandstorm
|-heal|p2a: I LIKE CRITS|157\/419|[from] item: Leftovers
|turn|21
|
|switch|p2a: Florges|Florges, F|270\/359
|move|p1a: Hagen-Dazs|Dazzling Gleam|p2a: Florges
|-damage|p2a: Florges|172\/359
|
|-weather|Sandstorm|[upkeep]
|-damage|p1a: Hagen-Dazs|152\/251|[from] sandstorm
|-damage|p2a: Florges|150\/359|[from] sandstorm
|-heal|p2a: Florges|172\/359|[from] item: Leftovers
|turn|22
|
|move|p2a: Florges|Protect|p2a: Florges
|-singleturn|p2a: Florges|Protect
|move|p1a: Hagen-Dazs|Psyshock|p2a: Florges
|-activate|p2a: Florges|Protect
|
|-weather|Sandstorm|[upkeep]
|-damage|p1a: Hagen-Dazs|137\/251|[from] sandstorm
|-damage|p2a: Florges|150\/359|[from] sandstorm
|-heal|p2a: Florges|172\/359|[from] item: Leftovers
|turn|23
|
|move|p1a: Hagen-Dazs|Psyshock|p2a: Florges
|-damage|p2a: Florges|0 fnt
|faint|p2a: Florges
|
|-weather|Sandstorm|[upkeep]
|-damage|p1a: Hagen-Dazs|122\/251|[from] sandstorm
|
|switch|p2a: Aerodactyl|Aerodactyl-Mega, M|252\/363
|turn|24
|
|switch|p1a: Lionheart|Arcanine, M|328\/383
|-ability|p1a: Lionheart|Intimidate|[of] p2a: Aerodactyl
|-unboost|p2a: Aerodactyl|atk|1
|move|p2a: Aerodactyl|Aerial Ace|p1a: Lionheart
|-damage|p1a: Lionheart|249\/383
|-damage|p2a: Aerodactyl|192\/363|[from] item: Rocky Helmet|[of] p1a: Lionheart
|
|-weather|none
|turn|25
|
|switch|p2a: Slowbro|Slowbro, M|367\/393
|move|p1a: Lionheart|Will-O-Wisp|p2a: Slowbro
|-status|p2a: Slowbro|brn
|
|-heal|p2a: Slowbro|391\/393 brn|[from] item: Leftovers
|-damage|p2a: Slowbro|342\/393 brn|[from] brn
|turn|26
|
|switch|p1a: Freya|Florges, F|360\/360
|move|p2a: Slowbro|Scald|p1a: Freya
|-damage|p1a: Freya|294\/360
|
|-heal|p1a: Freya|316\/360|[from] item: Leftovers
|-heal|p2a: Slowbro|366\/393 brn|[from] item: Leftovers
|-damage|p2a: Slowbro|317\/393 brn|[from] brn
|turn|27
|
|switch|p2a: Blissey|Blissey, F|275\/705
|move|p1a: Freya|Wish|p1a: Freya
|
|-heal|p1a: Freya|338\/360|[from] item: Leftovers
|-heal|p2a: Blissey|319\/705|[from] item: Leftovers
|turn|28
|
|switch|p1a: Hagen-Dazs|Alakazam-Mega, M|122\/251
|-ability|p1a: Hagen-Dazs|Natural Cure|[from] ability: Trace|[of] p2a: Blissey
|move|p2a: Blissey|Soft-Boiled|p2a: Blissey
|-heal|p2a: Blissey|672\/705
|
|-heal|p1a: Hagen-Dazs|251\/251|[from] move: Wish|[wisher] Freya
|-heal|p2a: Blissey|705\/705|[from] item: Leftovers
|turn|29
|
|switch|p1a: Mad Dog|Hitmonlee, M|304\/304
|switch|p2a: Sableye|Sableye, M|67\/303
|
|-heal|p2a: Sableye|85\/303|[from] item: Leftovers
|turn|30
|
|switch|p1a: Lionheart|Arcanine, M|249\/383
|-ability|p1a: Lionheart|Intimidate|[of] p2a: Sableye
|-unboost|p2a: Sableye|atk|1
|switch|p2a: I LIKE CRITS|Hippowdon, M|157\/419
|-weather|Sandstorm
|
|-weather|Sandstorm|[upkeep]
|-damage|p1a: Lionheart|226\/383|[from] sandstorm
|-heal|p2a: I LIKE CRITS|183\/419|[from] item: Leftovers
|turn|31
|
|move|p1a: Lionheart|Will-O-Wisp|p2a: I LIKE CRITS
|-status|p2a: I LIKE CRITS|brn
|move|p2a: I LIKE CRITS|Stealth Rock|p1a: Lionheart
|-sidestart|p1: This Many Fucks|move: Stealth Rock
|
|-weather|Sandstorm|[upkeep]
|-damage|p1a: Lionheart|203\/383|[from] sandstorm
|-heal|p2a: I LIKE CRITS|209\/419 brn|[from] item: Leftovers
|-damage|p2a: I LIKE CRITS|157\/419 brn|[from] brn
|turn|32
|
|switch|p2a: Slowbro|Slowbro, M|393\/393 brn
|move|p1a: Lionheart|Morning Sun|p1a: Lionheart
|-heal|p1a: Lionheart|299\/383
|
|-weather|Sandstorm|[upkeep]
|-damage|p1a: Lionheart|276\/383|[from] sandstorm
|-damage|p2a: Slowbro|369\/393 brn|[from] sandstorm
|-heal|p2a: Slowbro|393\/393 brn|[from] item: Leftovers
|-damage|p2a: Slowbro|344\/393 brn|[from] brn
|turn|33
|
|switch|p1a: Hagen-Dazs|Alakazam-Mega, M|251\/251
|-damage|p1a: Hagen-Dazs|220\/251|[from] Stealth Rock
|-ability|p1a: Hagen-Dazs|Regenerator|[from] ability: Trace|[of] p2a: Slowbro
|switch|p2a: Blissey|Blissey, F|705\/705
|
|-weather|Sandstorm|[upkeep]
|-damage|p1a: Hagen-Dazs|205\/251|[from] sandstorm
|-damage|p2a: Blissey|661\/705|[from] sandstorm
|-heal|p2a: Blissey|705\/705|[from] item: Leftovers
|turn|34
|
|move|p1a: Hagen-Dazs|Psyshock|p2a: Blissey
|-damage|p2a: Blissey|321\/705
|move|p2a: Blissey|Toxic|p1a: Hagen-Dazs
|-status|p1a: Hagen-Dazs|tox
|
|-weather|none
|-heal|p2a: Blissey|365\/705|[from] item: Leftovers
|-damage|p1a: Hagen-Dazs|190\/251 tox|[from] psn
|turn|35
|
|move|p1a: Hagen-Dazs|Dazzling Gleam|p2a: Blissey
|-damage|p2a: Blissey|268\/705
|move|p2a: Blissey|Soft-Boiled|p2a: Blissey
|-heal|p2a: Blissey|621\/705
|
|-heal|p2a: Blissey|665\/705|[from] item: Leftovers
|-damage|p1a: Hagen-Dazs|160\/251 tox|[from] psn
|turn|36
|
|move|p1a: Hagen-Dazs|Psyshock|p2a: Blissey
|-damage|p2a: Blissey|313\/705
|move|p2a: Blissey|Seismic Toss|p1a: Hagen-Dazs
|-damage|p1a: Hagen-Dazs|60\/251 tox
|
|-heal|p2a: Blissey|357\/705|[from] item: Leftovers
|-damage|p1a: Hagen-Dazs|15\/251 tox|[from] psn
|turn|37
|
|switch|p1a: Freya|Florges, F|338\/360
|-damage|p1a: Freya|293\/360|[from] Stealth Rock
|switch|p2a: Sableye|Sableye, M|85\/303
|
|-heal|p1a: Freya|315\/360|[from] item: Leftovers
|-heal|p2a: Sableye|103\/303|[from] item: Leftovers
|turn|38
|
|move|p2a: Sableye|Taunt|p1a: Freya
|-start|p1a: Freya|move: Taunt
|move|p1a: Freya|Moonblast|p2a: Sableye
|-supereffective|p2a: Sableye
|-damage|p2a: Sableye|0 fnt
|faint|p2a: Sableye
|
|-heal|p1a: Freya|337\/360|[from] item: Leftovers
|
|switch|p2a: Blissey|Blissey, F|357\/705
|turn|39
|
|move|p1a: Freya|Moonblast|p2a: Blissey
|-damage|p2a: Blissey|260\/705
|move|p2a: Blissey|Aromatherapy|p2a: Blissey
|-cureteam|p2a: Blissey|[from] move: Aromatherapy
|
|-heal|p1a: Freya|359\/360|[from] item: Leftovers
|-heal|p2a: Blissey|304\/705|[from] item: Leftovers
|turn|40
|
|switch|p1a: Mad Dog|Hitmonlee, M|304\/304
|-damage|p1a: Mad Dog|285\/304|[from] Stealth Rock
|move|p2a: Blissey|Soft-Boiled|p2a: Blissey
|-heal|p2a: Blissey|657\/705
|
|-heal|p2a: Blissey|701\/705|[from] item: Leftovers
|turn|41
|
|move|p1a: Mad Dog|High Jump Kick|p2a: Blissey|[miss]
|-miss|p1a: Mad Dog|p2a: Blissey
|-damage|p1a: Mad Dog|133\/304|[from] highjumpkick
|move|p2a: Blissey|Toxic|p1a: Mad Dog
|-status|p1a: Mad Dog|tox
|
|-heal|p2a: Blissey|705\/705|[from] item: Leftovers
|-damage|p1a: Mad Dog|114\/304 tox|[from] psn
|turn|42
|
|switch|p2a: Slowbro|Slowbro, M|393\/393
|move|p1a: Mad Dog|Knock Off|p2a: Slowbro
|-supereffective|p2a: Slowbro
|-damage|p2a: Slowbro|225\/393
|-enditem|p2a: Slowbro|Leftovers|[from] move: Knock Off|[of] p1a: Mad Dog
|
|-damage|p1a: Mad Dog|76\/304 tox|[from] psn
|turn|43
|
|switch|p1a: Freya|Florges, F|359\/360
|-damage|p1a: Freya|314\/360|[from] Stealth Rock
|move|p2a: Slowbro|Scald|p1a: Freya
|-damage|p1a: Freya|250\/360
|
|-heal|p1a: Freya|272\/360|[from] item: Leftovers
|turn|44
|
|move|p1a: Freya|Aromatherapy|p1a: Freya
|-cureteam|p1a: Freya|[from] move: Aromatherapy
|move|p2a: Slowbro|Calm Mind|p2a: Slowbro
|-boost|p2a: Slowbro|spa|1
|-boost|p2a: Slowbro|spd|1
|
|-heal|p1a: Freya|294\/360|[from] item: Leftovers
|turn|45
|
|switch|p1a: Hagen-Dazs|Alakazam-Mega, M|98\/251
|-damage|p1a: Hagen-Dazs|67\/251|[from] Stealth Rock
|-ability|p1a: Hagen-Dazs|Regenerator|[from] ability: Trace|[of] p2a: Slowbro
|move|p2a: Slowbro|Calm Mind|p2a: Slowbro
|-boost|p2a: Slowbro|spa|1
|-boost|p2a: Slowbro|spd|1
|
|turn|46
|
|move|p1a: Hagen-Dazs|Shadow Ball|p2a: Slowbro
|-supereffective|p2a: Slowbro
|-damage|p2a: Slowbro|53\/393
|move|p2a: Slowbro|Scald|p1a: Hagen-Dazs
|-damage|p1a: Hagen-Dazs|0 fnt
|faint|p1a: Hagen-Dazs
|
|
|switch|p1a: Venetia Shield|Doublade, M|322\/322
|-damage|p1a: Venetia Shield|302\/322|[from] Stealth Rock
|turn|47
|
|switch|p2a: I LIKE CRITS|Hippowdon, M|157\/419
|-weather|Sandstorm
|move|p1a: Venetia Shield|Swords Dance|p1a: Venetia Shield
|-boost|p1a: Venetia Shield|atk|2
|
|-weather|Sandstorm|[upkeep]
|-heal|p2a: I LIKE CRITS|183\/419|[from] item: Leftovers
|turn|48
|
|move|p2a: I LIKE CRITS|Slack Off|p2a: I LIKE CRITS
|-heal|p2a: I LIKE CRITS|393\/419
|move|p1a: Venetia Shield|Sacred Sword|p2a: I LIKE CRITS
|-damage|p2a: I LIKE CRITS|249\/419
|
|-weather|Sandstorm|[upkeep]
|-heal|p2a: I LIKE CRITS|275\/419|[from] item: Leftovers
|turn|49
|
|move|p2a: I LIKE CRITS|Earthquake|p1a: Venetia Shield
|-supereffective|p1a: Venetia Shield
|-damage|p1a: Venetia Shield|170\/322
|move|p1a: Venetia Shield|Gyro Ball|p2a: I LIKE CRITS
|-damage|p2a: I LIKE CRITS|164\/419
|
|-weather|Sandstorm|[upkeep]
|-heal|p2a: I LIKE CRITS|190\/419|[from] item: Leftovers
|turn|50
|
|move|p2a: I LIKE CRITS|Earthquake|p1a: Venetia Shield
|-supereffective|p1a: Venetia Shield
|-damage|p1a: Venetia Shield|42\/322
|move|p1a: Venetia Shield|Gyro Ball|p2a: I LIKE CRITS
|-damage|p2a: I LIKE CRITS|87\/419
|
|-weather|Sandstorm|[upkeep]
|-heal|p2a: I LIKE CRITS|113\/419|[from] item: Leftovers
|turn|51
|
|move|p1a: Venetia Shield|Shadow Sneak|p2a: I LIKE CRITS
|-damage|p2a: I LIKE CRITS|29\/419
|move|p2a: I LIKE CRITS|Slack Off|p2a: I LIKE CRITS
|-heal|p2a: I LIKE CRITS|239\/419
|
|-weather|none
|-heal|p2a: I LIKE CRITS|265\/419|[from] item: Leftovers
|turn|52
|
|move|p2a: I LIKE CRITS|Earthquake|p1a: Venetia Shield
|-supereffective|p1a: Venetia Shield
|-damage|p1a: Venetia Shield|0 fnt
|faint|p1a: Venetia Shield
|
|-heal|p2a: I LIKE CRITS|291\/419|[from] item: Leftovers
|
|switch|p1a: Lionheart|Arcanine, M|276\/383
|-damage|p1a: Lionheart|181\/383|[from] Stealth Rock
|-ability|p1a: Lionheart|Intimidate|[of] p2a: I LIKE CRITS
|-unboost|p2a: I LIKE CRITS|atk|1
|turn|53
|
|switch|p2a: Slowbro|Slowbro, M|184\/393
|move|p1a: Lionheart|Will-O-Wisp|p2a: Slowbro
|-status|p2a: Slowbro|brn
|
|-damage|p2a: Slowbro|135\/393 brn|[from] brn
|turn|54
|-message|This Many Fucks forfeited.
|
|win|crit my hippowdon
|raw|Ladder updating...
|raw|This Many Fucks's rating: 1484 &rarr; <strong>1454<\/strong><br \/>(-30 for losing)
|raw|crit my hippowdon's rating: 1288 &rarr; <strong>1326<\/strong><br \/>(+38 for winning)
|leave|This Many Fucks
|player|p1