|join|This Many Fucks
|join|chur
|player|p1|This Many Fucks|172
|player|p2|chur|169
|gametype|singles
|gen|6
|tier|UU
|rated
|rule|Sleep Clause Mod: Limit one foe put to sleep
|rule|Species Clause: Limit one of each PokÃ©mon
|rule|OHKO Clause: OHKO moves are banned
|rule|Moody Clause: Moody is banned
|rule|Evasion Moves Clause: Evasion moves are banned
|rule|Endless Battle Clause: Forcing endless battles is banned
|rule|HP Percentage Mod: HP is shown in percentages
|clearpoke
|poke|p1|Infernape, M
|poke|p1|Aerodactyl, M
|poke|p1|Chesnaught, F
|poke|p1|Vaporeon, F
|poke|p1|Forretress, M, shiny
|poke|p1|Hydreigon, M
|poke|p2|Sceptile, M
|poke|p2|Aggron, F
|poke|p2|Haxorus, M
|poke|p2|Chandelure, F
|poke|p2|Starmie
|poke|p2|Empoleon, F
|rule|Swagger Clause: Swagger is banned
|rule|Baton Pass Clause: Limit one PokÃ©mon knowing Baton Pass
|teampreview
|c|âchur|gl hf :P
|c|âThis Many Fucks|thanks
|
|start
|switch|p1a: Chesnaughtyinbed|Chesnaught, F|380\/380
|switch|p2a: Empoleon|Empoleon, F|310\/310
|turn|1
|c|âchur|2swag5me
|
|move|p1a: Chesnaughtyinbed|Spikes|p2a: Empoleon
|-sidestart|p2: chur|Spikes
|move|p2a: Empoleon|Stealth Rock|p1a: Chesnaughtyinbed
|-sidestart|p1: This Many Fucks|move: Stealth Rock
|
|turn|2
|
|move|p1a: Chesnaughtyinbed|Leech Seed|p2a: Empoleon
|-start|p2a: Empoleon|move: Leech Seed
|move|p2a: Empoleon|Roar|p1a: Chesnaughtyinbed
|drag|p1a: Ariel|Vaporeon, F|451\/451
|-damage|p1a: Ariel|395\/451|[from] Stealth Rock
|
|-heal|p1a: Ariel|423\/451|[from] item: Leftovers
|-damage|p2a: Empoleon|272\/310|[from] Leech Seed|[of] p1a: Ariel
|-heal|p1a: Ariel|451\/451|[silent]
|turn|3
|
|move|p1a: Ariel|Baton Pass|p1a: Ariel
|
|switch|p1a: Chesnaughtyinbed|Chesnaught, F|380\/380
|-damage|p1a: Chesnaughtyinbed|357\/380|[from] Stealth Rock
|move|p2a: Empoleon|Roar|p1a: Chesnaughtyinbed
|drag|p1a: Infernape|Infernape, M|293\/293
|-damage|p1a: Infernape|257\/293|[from] Stealth Rock
|
|-heal|p2a: Empoleon|291\/310|[from] item: Leftovers
|-damage|p2a: Empoleon|253\/310|[from] Leech Seed|[of] p1a: Infernape
|-heal|p1a: Infernape|293\/293|[silent]
|turn|4
|
|switch|p1a: Petrie|Aerodactyl, M|321\/321
|-damage|p1a: Petrie|241\/321|[from] Stealth Rock
|move|p2a: Empoleon|Scald|p1a: Petrie
|-supereffective|p1a: Petrie
|-damage|p1a: Petrie|0 fnt
|faint|p1a: Petrie
|
|-heal|p2a: Empoleon|272\/310|[from] item: Leftovers
|c|âThis Many Fucks|do you just not believe in switching or something? i know you're not predicting me
|
|switch|p1a: Chesnaughtyinbed|Chesnaught, F|357\/380
|-damage|p1a: Chesnaughtyinbed|334\/380|[from] Stealth Rock
|turn|5
|c|âchur|how exactly do you know that :P
|c|âThis Many Fucks|bc of your ranking...
|c|âchur|and i havent had any reason to switch xD
|c|âThis Many Fucks|well infernape one shots you
|c|âThis Many Fucks|so id call that a good reason
|c|âchur|i was about 1500, just put my 3ds team onto showdown and tilted a fuck load
|c|âchur|and id want a clean switch in ??
|c|âchur|i dont really need empoleon for your team, and  wouldnt want to switch on a cc
|
|move|p1a: Chesnaughtyinbed|Spikes|p2a: Empoleon
|-sidestart|p2: chur|Spikes
|move|p2a: Empoleon|Defog|p1a: Chesnaughtyinbed
|-unboost|p1a: Chesnaughtyinbed|evasion|1
|-sideend|p1: This Many Fucks|Stealth Rock|[from] move: Defog|[of] p1a: Chesnaughtyinbed
|-sideend|p2: chur|Spikes|[from] move: Defog|[of] p2a: Empoleon
|
|-heal|p1a: Chesnaughtyinbed|357\/380|[from] item: Leftovers
|-heal|p2a: Empoleon|291\/310|[from] item: Leftovers
|-damage|p2a: Empoleon|253\/310|[from] Leech Seed|[of] p1a: Chesnaughtyinbed
|-heal|p1a: Chesnaughtyinbed|380\/380|[silent]
|turn|6
|c|âThis Many Fucks|you officially be the only person ever to run suicide lead empoleon...
|c|âchur|it hasnt suicided yet :P
|
|switch|p2a: Chandelure|Chandelure, F|261\/261
|move|p1a: Chesnaughtyinbed|Drain Punch|p2a: Chandelure
|-immune|p2a: Chandelure|[msg]
|
|turn|7
|c|âchur|oh snap
|
|switch|p2a: Empoleon|Empoleon, F|253\/310
|switch|p1a: Hydreigon|Hydreigon, M|325\/325
|
|-heal|p2a: Empoleon|272\/310|[from] item: Leftovers
|turn|8
|
|move|p1a: Hydreigon|U-turn|p2a: Empoleon
|-resisted|p2a: Empoleon
|-damage|p2a: Empoleon|249\/310
|
|switch|p1a: Chesnaughtyinbed|Chesnaught, F|380\/380
|move|p2a: Empoleon|Scald|p1a: Chesnaughtyinbed
|-resisted|p1a: Chesnaughtyinbed
|-damage|p1a: Chesnaughtyinbed|338\/380
|
|-heal|p1a: Chesnaughtyinbed|361\/380|[from] item: Leftovers
|-heal|p2a: Empoleon|268\/310|[from] item: Leftovers
|turn|9
|
|move|p1a: Chesnaughtyinbed|Spikes|p2a: Empoleon
|-sidestart|p2: chur|Spikes
|move|p2a: Empoleon|Scald|p1a: Chesnaughtyinbed
|-resisted|p1a: Chesnaughtyinbed
|-damage|p1a: Chesnaughtyinbed|316\/380
|
|-heal|p1a: Chesnaughtyinbed|339\/380|[from] item: Leftovers
|-heal|p2a: Empoleon|287\/310|[from] item: Leftovers
|turn|10
|
|move|p1a: Chesnaughtyinbed|Drain Punch|p2a: Empoleon
|-crit|p2a: Empoleon
|-supereffective|p2a: Empoleon
|-damage|p2a: Empoleon|29\/310
|-heal|p1a: Chesnaughtyinbed|380\/380|[from] drain|[of] p2a: Empoleon
|move|p2a: Empoleon|Scald|p1a: Chesnaughtyinbed
|-resisted|p1a: Chesnaughtyinbed
|-damage|p1a: Chesnaughtyinbed|318\/380
|-status|p1a: Chesnaughtyinbed|brn
|
|-heal|p1a: Chesnaughtyinbed|341\/380 brn|[from] item: Leftovers
|-heal|p2a: Empoleon|48\/310|[from] item: Leftovers
|-damage|p1a: Chesnaughtyinbed|294\/380 brn|[from] brn
|turn|11
|
|move|p1a: Chesnaughtyinbed|Drain Punch|p2a: Empoleon
|-supereffective|p2a: Empoleon
|-damage|p2a: Empoleon|0 fnt
|-heal|p1a: Chesnaughtyinbed|318\/380 brn|[from] drain|[of] p2a: Empoleon
|faint|p2a: Empoleon
|
|-heal|p1a: Chesnaughtyinbed|341\/380 brn|[from] item: Leftovers
|-damage|p1a: Chesnaughtyinbed|294\/380 brn|[from] brn
|
|switch|p2a: Starmie|Starmie|261\/261
|-damage|p2a: Starmie|229\/261|[from] Spikes
|turn|12
|
|move|p1a: Chesnaughtyinbed|Spiky Shield|p1a: Chesnaughtyinbed
|-singleturn|p1a: Chesnaughtyinbed|move: Protect
|move|p2a: Starmie|Ice Beam|p1a: Chesnaughtyinbed
|-activate|p1a: Chesnaughtyinbed|move: Protect
|
|-heal|p1a: Chesnaughtyinbed|317\/380 brn|[from] item: Leftovers
|-damage|p1a: Chesnaughtyinbed|270\/380 brn|[from] brn
|turn|13
|
|switch|p1a: Ariel|Vaporeon, F|451\/451
|move|p2a: Starmie|Ice Beam|p1a: Ariel
|-resisted|p1a: Ariel
|-damage|p1a: Ariel|390\/451
|
|-heal|p1a: Ariel|418\/451|[from] item: Leftovers
|turn|14
|
|switch|p2a: Aggron|Aggron, F|312\/312
|-damage|p2a: Aggron|273\/312|[from] Spikes
|move|p1a: Ariel|Scald|p2a: Aggron
|-supereffective|p2a: Aggron
|-damage|p2a: Aggron|0 fnt
|faint|p2a: Aggron
|
|-heal|p1a: Ariel|446\/451|[from] item: Leftovers
|
|switch|p2a: Haxorus|Haxorus, M|293\/293
|-damage|p2a: Haxorus|257\/293|[from] Spikes
|-ability|p2a: Haxorus|Mold Breaker
|turn|15
|c|âThis Many Fucks|oh snap
|c|âchur|the salt is real
|
|switch|p1a: Hydreigon|Hydreigon, M|325\/325
|move|p2a: Haxorus|Outrage|p1a: Hydreigon
|-supereffective|p1a: Hydreigon
|-damage|p1a: Hydreigon|0 fnt
|faint|p1a: Hydreigon
|
|
|switch|p1a: Walnut|Forretress, M, shiny|354\/354
|turn|16
|c|âchur|oh snap
|
|move|p2a: Haxorus|Outrage|p1a: Walnut
|-crit|p1a: Walnut
|-resisted|p1a: Walnut
|-damage|p1a: Walnut|250\/354
|move|p1a: Walnut|Toxic|p2a: Haxorus
|-status|p2a: Haxorus|tox
|
|-end|p2a: Haxorus|rampage
|-start|p2a: Haxorus|confusion
|-heal|p1a: Walnut|272\/354|[from] item: Leftovers
|-damage|p2a: Haxorus|239\/293 tox|[from] psn
|turn|17
|
|switch|p2a: Sceptile|Sceptile, M|281\/281
|-damage|p2a: Sceptile|246\/281|[from] Spikes
|move|p1a: Walnut|Volt Switch|p2a: Sceptile
|-resisted|p2a: Sceptile
|-damage|p2a: Sceptile|228\/281
|
|switch|p1a: Infernape|Infernape, M|293\/293
|
|turn|18
|
|switch|p1a: Ariel|Vaporeon, F|446\/451
|detailschange|p2a: Sceptile|Sceptile-Mega, M
|-mega|p2a: Sceptile|Sceptile|Sceptilite
|move|p2a: Sceptile|Detect|p2a: Sceptile
|-fail|p2a: Sceptile
|
|-heal|p1a: Ariel|451\/451|[from] item: Leftovers
|turn|19
|
|switch|p1a: Walnut|Forretress, M, shiny|272\/354
|move|p2a: Sceptile|Detect|p2a: Sceptile
|-fail|p2a: Sceptile
|
|-heal|p1a: Walnut|294\/354|[from] item: Leftovers
|turn|20
|
|move|p2a: Sceptile|Focus Blast|p1a: Walnut
|-damage|p1a: Walnut|79\/354
|move|p1a: Walnut|Stealth Rock|p2a: Sceptile
|-sidestart|p2: chur|move: Stealth Rock
|
|-heal|p1a: Walnut|101\/354|[from] item: Leftovers
|turn|21
|
|move|p2a: Sceptile|Dragon Pulse|p1a: Walnut
|-resisted|p1a: Walnut
|-damage|p1a: Walnut|0 fnt
|faint|p1a: Walnut
|
|
|switch|p1a: Infernape|Infernape, M|293\/293
|turn|22
|
|move|p2a: Sceptile|Detect|p2a: Sceptile
|-singleturn|p2a: Sceptile|Protect
|move|p1a: Infernape|Flare Blitz|p2a: Sceptile
|-activate|p2a: Sceptile|Protect
|
|turn|23
|
|move|p2a: Sceptile|Dragon Pulse|p1a: Infernape
|-damage|p1a: Infernape|76\/293
|move|p1a: Infernape|Flare Blitz|p2a: Sceptile
|-damage|p2a: Sceptile|0 fnt
|-damage|p1a: Infernape|1\/293|[from] recoil|[of] p2a: Sceptile
|-damage|p1a: Infernape|0 fnt|[from] item: Life Orb
|faint|p2a: Sceptile
|faint|p1a: Infernape
|
|
|switch|p2a: Starmie|Starmie|229\/261
|switch|p1a: Ariel|Vaporeon, F|451\/451
|-damage|p2a: Starmie|197\/261|[from] Stealth Rock
|-damage|p2a: Starmie|165\/261|[from] Spikes
|turn|24
|
|move|p1a: Ariel|Protect|p1a: Ariel
|-singleturn|p1a: Ariel|Protect
|move|p2a: Starmie|Rapid Spin|p1a: Ariel
|-activate|p1a: Ariel|Protect
|
|turn|25
|
|move|p2a: Starmie|Rapid Spin|p1a: Ariel
|-damage|p1a: Ariel|439\/451
|-sideend|p2: chur|Spikes|[from] move: Rapid Spin|[of] p2a: Starmie
|-sideend|p2: chur|Stealth Rock|[from] move: Rapid Spin|[of] p2a: Starmie
|move|p1a: Ariel|Scald|p2a: Starmie
|-resisted|p2a: Starmie
|-damage|p2a: Starmie|111\/261
|
|-heal|p1a: Ariel|451\/451|[from] item: Leftovers
|turn|26
|
|switch|p2a: Chandelure|Chandelure, F|261\/261
|move|p1a: Ariel|Scald|p2a: Chandelure
|-supereffective|p2a: Chandelure
|-damage|p2a: Chandelure|37\/261
|
|turn|27
|
|move|p1a: Ariel|Protect|p1a: Ariel
|-singleturn|p1a: Ariel|Protect
|move|p2a: Chandelure|Energy Ball|p1a: Ariel
|-activate|p1a: Ariel|Protect
|
|turn|28
|
|switch|p2a: Starmie|Starmie|111\/261
|switch|p1a: Chesnaughtyinbed|Chesnaught, F|270\/380 brn
|
|-heal|p1a: Chesnaughtyinbed|293\/380 brn|[from] item: Leftovers
|-damage|p1a: Chesnaughtyinbed|246\/380 brn|[from] brn
|turn|29
|
|move|p1a: Chesnaughtyinbed|Spiky Shield|p1a: Chesnaughtyinbed
|-singleturn|p1a: Chesnaughtyinbed|move: Protect
|move|p2a: Starmie|Psyshock|p1a: Chesnaughtyinbed
|-activate|p1a: Chesnaughtyinbed|move: Protect
|
|-heal|p1a: Chesnaughtyinbed|269\/380 brn|[from] item: Leftovers
|-damage|p1a: Chesnaughtyinbed|222\/380 brn|[from] brn
|turn|30
|
|move|p2a: Starmie|Psyshock|p1a: Chesnaughtyinbed
|-supereffective|p1a: Chesnaughtyinbed
|-damage|p1a: Chesnaughtyinbed|0 fnt
|faint|p1a: Chesnaughtyinbed
|
|
|switch|p1a: Ariel|Vaporeon, F|451\/451
|turn|31
|
|move|p2a: Starmie|Psyshock|p1a: Ariel
|-damage|p1a: Ariel|252\/451
|move|p1a: Ariel|Wish|p1a: Ariel
|
|-heal|p1a: Ariel|280\/451|[from] item: Leftovers
|turn|32
|
|move|p2a: Starmie|Psyshock|p1a: Ariel
|-damage|p1a: Ariel|75\/451
|move|p1a: Ariel|Scald|p2a: Starmie
|-resisted|p2a: Starmie
|-damage|p2a: Starmie|54\/261
|
|-heal|p1a: Ariel|300\/451|[from] move: Wish|[wisher] Ariel
|-heal|p1a: Ariel|328\/451|[from] item: Leftovers
|turn|33
|
|move|p2a: Starmie|Psyshock|p1a: Ariel
|-crit|p1a: Ariel
|-damage|p1a: Ariel|42\/451
|move|p1a: Ariel|Wish|p1a: Ariel
|
|-heal|p1a: Ariel|70\/451|[from] item: Leftovers
|turn|34
|
|move|p1a: Ariel|Protect|p1a: Ariel
|-singleturn|p1a: Ariel|Protect
|move|p2a: Starmie|Psyshock|p1a: Ariel
|-activate|p1a: Ariel|Protect
|
|-heal|p1a: Ariel|295\/451|[from] move: Wish|[wisher] Ariel
|-heal|p1a: Ariel|323\/451|[from] item: Leftovers
|turn|35
|c|âchur|lol
|
|switch|p2a: Chandelure|Chandelure, F|37\/261
|move|p1a: Ariel|Wish|p1a: Ariel
|
|-heal|p1a: Ariel|351\/451|[from] item: Leftovers
|turn|36
|
|move|p1a: Ariel|Protect|p1a: Ariel
|-singleturn|p1a: Ariel|Protect
|move|p2a: Chandelure|Energy Ball|p1a: Ariel
|-activate|p1a: Ariel|Protect
|
|-heal|p1a: Ariel|451\/451|[from] move: Wish|[wisher] Ariel
|turn|37
|c|âchur|gg
|
|move|p2a: Chandelure|Energy Ball|p1a: Ariel
|-supereffective|p1a: Ariel
|-damage|p1a: Ariel|235\/451
|move|p1a: Ariel|Scald|p2a: Chandelure
|-supereffective|p2a: Chandelure
|-damage|p2a: Chandelure|0 fnt
|faint|p2a: Chandelure
|
|-heal|p1a: Ariel|263\/451|[from] item: Leftovers
|
|switch|p2a: Haxorus|Haxorus, M|239\/293 tox
|-ability|p2a: Haxorus|Mold Breaker
|turn|38
|
|move|p1a: Ariel|Protect|p1a: Ariel
|-singleturn|p1a: Ariel|Protect
|move|p2a: Haxorus|Outrage|p1a: Ariel
|-activate|p1a: Ariel|Protect
|
|-heal|p1a: Ariel|291\/451|[from] item: Leftovers
|-damage|p2a: Haxorus|221\/293 tox|[from] psn
|turn|39
|
|move|p2a: Haxorus|Outrage|p1a: Ariel
|-damage|p1a: Ariel|6\/451
|move|p1a: Ariel|Wish|p1a: Ariel
|
|-heal|p1a: Ariel|34\/451|[from] item: Leftovers
|-damage|p2a: Haxorus|185\/293 tox|[from] psn
|turn|40
|c|âchur|xD
|
|move|p1a: Ariel|Protect|p1a: Ariel
|-singleturn|p1a: Ariel|Protect
|move|p2a: Haxorus|Outrage|p1a: Ariel
|-activate|p1a: Ariel|Protect
|
|-end|p2a: Haxorus|rampage
|-start|p2a: Haxorus|confusion
|-heal|p1a: Ariel|259\/451|[from] move: Wish|[wisher] Ariel
|-heal|p1a: Ariel|287\/451|[from] item: Leftovers
|-damage|p2a: Haxorus|131\/293 tox|[from] psn
|turn|41
|
|switch|p2a: Starmie|Starmie|54\/261
|move|p1a: Ariel|Wish|p1a: Ariel
|
|-heal|p1a: Ariel|315\/451|[from] item: Leftovers
|turn|42
|
|move|p1a: Ariel|Protect|p1a: Ariel
|-singleturn|p1a: Ariel|Protect
|move|p2a: Starmie|Psyshock|p1a: Ariel
|-activate|p1a: Ariel|Protect
|
|-heal|p1a: Ariel|451\/451|[from] move: Wish|[wisher] Ariel
|turn|43
|
|move|p2a: Starmie|Psyshock|p1a: Ariel
|-damage|p1a: Ariel|256\/451
|move|p1a: Ariel|Wish|p1a: Ariel
|
|-heal|p1a: Ariel|284\/451|[from] item: Leftovers
|turn|44
|
|move|p2a: Starmie|Psyshock|p1a: Ariel
|-damage|p1a: Ariel|101\/451
|move|p1a: Ariel|Scald|p2a: Starmie
|-resisted|p2a: Starmie
|-damage|p2a: Starmie|0 fnt
|faint|p2a: Starmie
|
|-heal|p1a: Ariel|326\/451|[from] move: Wish|[wisher] Ariel
|-heal|p1a: Ariel|354\/451|[from] item: Leftovers
|
|switch|p2a: Haxorus|Haxorus, M|131\/293 tox
|-ability|p2a: Haxorus|Mold Breaker
|turn|45
|c|âchur|ooh
|
|move|p1a: Ariel|Protect|p1a: Ariel
|-singleturn|p1a: Ariel|Protect
|move|p2a: Haxorus|Outrage|p1a: Ariel
|-activate|p1a: Ariel|Protect
|
|-heal|p1a: Ariel|382\/451|[from] item: Leftovers
|-damage|p2a: Haxorus|113\/293 tox|[from] psn
|turn|46
|
|move|p2a: Haxorus|Outrage|p1a: Ariel
|-damage|p1a: Ariel|88\/451
|move|p1a: Ariel|Wish|p1a: Ariel
|
|-heal|p1a: Ariel|116\/451|[from] item: Leftovers
|-damage|p2a: Haxorus|77\/293 tox|[from] psn
|turn|47
|
|move|p1a: Ariel|Protect|p1a: Ariel
|-singleturn|p1a: Ariel|Protect
|move|p2a: Haxorus|Outrage|p1a: Ariel
|-activate|p1a: Ariel|Protect
|
|-end|p2a: Haxorus|rampage
|-start|p2a: Haxorus|confusion
|-heal|p1a: Ariel|341\/451|[from] move: Wish|[wisher] Ariel
|-heal|p1a: Ariel|369\/451|[from] item: Leftovers
|-damage|p2a: Haxorus|23\/293 tox|[from] psn
|turn|48
|c|âchur|protect stall vap ftw
|
|-activate|p2a: Haxorus|confusion
|-damage|p2a: Haxorus|0 fnt|[from] confusion
|faint|p2a: Haxorus
|
|win|This Many Fucks
|raw|Ladder updating...
|raw|This Many Fucks's rating: 1433 &rarr; <strong>1444<\/strong><br \/>(+11 for winning)
|raw|chur's rating: 1280 &rarr; <strong>1265<\/strong><br \/>(-15 for losing)
|c|âchur|gggggg
|c|âThis Many Fucks|gg
|leave|chur
|player|p2