|join|This Many Fucks
|join|shotindaface
|player|p1|This Many Fucks|172
|player|p2|shotindaface|102
|gametype|singles
|gen|6
|tier|UU
|rated
|rule|Sleep Clause Mod: Limit one foe put to sleep
|rule|Species Clause: Limit one of each Pokemon
|rule|OHKO Clause: OHKO moves are banned
|rule|Moody Clause: Moody is banned
|rule|Evasion Moves Clause: Evasion moves are banned
|rule|Endless Battle Clause: Forcing endless battles is banned.
|rule|HP Percentage Mod: HP is reported as percentages
|clearpoke
|poke|p1|Alakazam, F
|poke|p1|Arcanine, M
|poke|p1|Florges, F
|poke|p1|Doublade, F
|poke|p1|Hitmonlee, M
|poke|p1|Jirachi
|poke|p2|Trevenant, F
|poke|p2|Milotic, M
|poke|p2|Mew
|poke|p2|Absol, M
|poke|p2|Rotom-Heat
|poke|p2|Tentacruel, M
|teampreview
|
|start
|switch|p1a: Lionheart|Arcanine, M|383\/383
|switch|p2a: Mew|Mew|404\/404
|-ability|p1a: Lionheart|Intimidate|[of] p2a: Mew
|-unboost|p2a: Mew|atk|1
|turn|1
|
|move|p2a: Mew|Stealth Rock|p1a: Lionheart
|-sidestart|p1: This Many Fucks|move: Stealth Rock
|move|p1a: Lionheart|Will-O-Wisp|p2a: Mew|[miss]
|-miss|p1a: Lionheart|p2a: Mew
|
|turn|2
|
|switch|p2a: Milotic|Milotic, M|394\/394
|move|p1a: Lionheart|Will-O-Wisp|p2a: Milotic
|-status|p2a: Milotic|brn
|
|-damage|p2a: Milotic|345\/394 brn|[from] brn
|turn|3
|
|switch|p1a: Mad Dog|Hitmonlee, M|304\/304
|-damage|p1a: Mad Dog|285\/304|[from] Stealth Rock
|move|p2a: Milotic|Scald|p1a: Mad Dog
|-damage|p1a: Mad Dog|224\/304
|-status|p1a: Mad Dog|brn
|
|-heal|p2a: Milotic|369\/394 brn|[from] item: Leftovers
|-damage|p1a: Mad Dog|186\/304 brn|[from] brn
|-damage|p2a: Milotic|320\/394 brn|[from] brn
|turn|4
|
|move|p1a: Mad Dog|Rapid Spin|p2a: Milotic
|-damage|p2a: Milotic|313\/394 brn
|-sideend|p1: This Many Fucks|Stealth Rock|[from] move: Rapid Spin|[of] p1a: Mad Dog
|move|p2a: Milotic|Scald|p1a: Mad Dog
|-damage|p1a: Mad Dog|126\/304 brn
|
|-heal|p2a: Milotic|337\/394 brn|[from] item: Leftovers
|-damage|p1a: Mad Dog|88\/304 brn|[from] brn
|-damage|p2a: Milotic|288\/394 brn|[from] brn
|turn|5
|
|switch|p1a: Freya|Florges, F|360\/360
|switch|p2a: Mew|Mew|404\/404
|
|turn|6
|
|move|p2a: Mew|Stealth Rock|p1a: Freya
|-sidestart|p1: This Many Fucks|move: Stealth Rock
|move|p1a: Freya|Aromatherapy|p1a: Freya
|-cureteam|p1a: Freya|[from] move: Aromatherapy
|
|turn|7
|
|move|p2a: Mew|Knock Off|p1a: Freya
|-resisted|p1a: Freya
|-damage|p1a: Freya|324\/360
|-enditem|p1a: Freya|Leftovers|[from] move: Knock Off|[of] p2a: Mew
|move|p1a: Freya|Wish|p1a: Freya
|
|turn|8
|
|switch|p1a: Mad Dog|Hitmonlee, M|88\/304
|-damage|p1a: Mad Dog|69\/304|[from] Stealth Rock
|move|p2a: Mew|Knock Off|p1a: Mad Dog
|-resisted|p1a: Mad Dog
|-damage|p1a: Mad Dog|7\/304
|-enditem|p1a: Mad Dog|Assault Vest|[from] move: Knock Off|[of] p2a: Mew
|
|-heal|p1a: Mad Dog|187\/304|[from] move: Wish|[wisher] Freya
|turn|9
|
|move|p2a: Mew|Will-O-Wisp|p1a: Mad Dog
|-status|p1a: Mad Dog|brn
|move|p1a: Mad Dog|Knock Off|p2a: Mew
|-supereffective|p2a: Mew
|-damage|p2a: Mew|278\/404
|-enditem|p2a: Mew|Leftovers|[from] move: Knock Off|[of] p1a: Mad Dog
|
|-damage|p1a: Mad Dog|149\/304 brn|[from] brn
|turn|10
|
|switch|p2a: Absol|Absol, M|271\/271
|switch|p1a: Stardust|Jirachi|341\/341
|-damage|p1a: Stardust|320\/341|[from] Stealth Rock
|
|turn|11
|
|switch|p1a: Freya|Florges, F|324\/360
|-damage|p1a: Freya|279\/360|[from] Stealth Rock
|detailschange|p2a: Absol|Absol-Mega, M
|message|Absol has Mega Evolved into Mega Absol!
|move|p2a: Absol|Night Slash|p1a: Freya
|-resisted|p1a: Freya
|-damage|p1a: Freya|212\/360
|
|turn|12
|
|switch|p2a: Rotom-Heat|Rotom-Heat|241\/241
|move|p1a: Freya|Moonblast|p2a: Rotom-Heat
|-resisted|p2a: Rotom-Heat
|-damage|p2a: Rotom-Heat|183\/241
|
|turn|13
|
|move|p1a: Freya|Protect|p1a: Freya
|-singleturn|p1a: Freya|Protect
|move|p2a: Rotom-Heat|Trick|p1a: Freya
|-activate|p1a: Freya|Protect
|
|turn|14
|
|switch|p2a: Absol|Absol-Mega, M|271\/271
|switch|p1a: Hagen-Dazs|Alakazam, F|251\/251
|
|turn|15
|
|detailschange|p1a: Hagen-Dazs|Alakazam-Mega, F
|message|Alakazam has Mega Evolved into Mega Alakazam!
|-ability|p1a: Hagen-Dazs|Magic Bounce|[from] ability: Trace|[of] p2a: Absol
|move|p2a: Absol|Sucker Punch|p1a: Hagen-Dazs
|-fail|p1a: Hagen-Dazs
|move|p1a: Hagen-Dazs|Substitute|p1a: Hagen-Dazs
|-start|p1a: Hagen-Dazs|Substitute
|-damage|p1a: Hagen-Dazs|189\/251
|
|turn|16
|
|move|p1a: Hagen-Dazs|Dazzling Gleam|p2a: Absol
|-supereffective|p2a: Absol
|-damage|p2a: Absol|0 fnt
|faint|p2a: Absol
|
|
|switch|p2a: Rotom-Heat|Rotom-Heat|183\/241
|turn|17
|
|move|p2a: Rotom-Heat|Volt Switch|p1a: Hagen-Dazs
|-end|p1a: Hagen-Dazs|Substitute
|
|switch|p2a: Milotic|Milotic, M|288\/394 brn
|move|p1a: Hagen-Dazs|Psyshock|p2a: Milotic
|-damage|p2a: Milotic|185\/394 brn
|
|-heal|p2a: Milotic|209\/394 brn|[from] item: Leftovers
|-damage|p2a: Milotic|160\/394 brn|[from] brn
|turn|18
|
|switch|p1a: Freya|Florges, F|212\/360
|-damage|p1a: Freya|167\/360|[from] Stealth Rock
|move|p2a: Milotic|Rest|p2a: Milotic
|-status|p2a: Milotic|slp
|-heal|p2a: Milotic|394\/394 slp|[silent]
|-status|p2a: Milotic|slp|[from] move: Rest
|
|turn|19
|
|switch|p2a: Trevenant|Trevenant, F|374\/374
|move|p1a: Freya|Aromatherapy|p1a: Freya
|-cureteam|p1a: Freya|[from] move: Aromatherapy
|
|turn|20
|
|switch|p1a: Lionheart|Arcanine, M|383\/383
|-damage|p1a: Lionheart|288\/383|[from] Stealth Rock
|-ability|p1a: Lionheart|Intimidate|[of] p2a: Trevenant
|-unboost|p2a: Trevenant|atk|1
|move|p2a: Trevenant|Substitute|p2a: Trevenant
|-start|p2a: Trevenant|Substitute
|-damage|p2a: Trevenant|281\/374
|
|turn|21
|
|move|p1a: Lionheart|Flare Blitz|p2a: Trevenant
|-supereffective|p2a: Trevenant
|-end|p2a: Trevenant|Substitute
|-damage|p1a: Lionheart|257\/383|[from] recoil|[of] p2a: Trevenant
|move|p2a: Trevenant|Leech Seed|p1a: Lionheart
|-start|p1a: Lionheart|move: Leech Seed
|
|-damage|p1a: Lionheart|210\/383|[from] Leech Seed|[of] p2a: Trevenant
|-heal|p2a: Trevenant|328\/374|[silent]
|turn|22
|
|switch|p2a: Milotic|Milotic, M|394\/394 slp
|move|p1a: Lionheart|Flare Blitz|p2a: Milotic
|-resisted|p2a: Milotic
|-damage|p2a: Milotic|352\/394 slp
|-damage|p1a: Lionheart|196\/383|[from] recoil|[of] p2a: Milotic
|
|-heal|p2a: Milotic|376\/394 slp|[from] item: Leftovers
|-damage|p1a: Lionheart|149\/383|[from] Leech Seed|[of] p2a: Milotic
|-heal|p2a: Milotic|394\/394 slp|[silent]
|turn|23
|
|switch|p1a: Freya|Florges, F|167\/360
|-damage|p1a: Freya|122\/360|[from] Stealth Rock
|cant|p2a: Milotic|slp
|move|p2a: Milotic|Sleep Talk|p2a: Milotic
|move|p2a: Milotic|Scald|p1a: Freya|[from]Sleep Talk
|-damage|p1a: Freya|56\/360
|
|turn|24
|
|cant|p2a: Milotic|slp
|move|p2a: Milotic|Sleep Talk|p2a: Milotic
|move|p2a: Milotic|Rest|p2a: Milotic|[from]Sleep Talk
|-fail|p2a: Milotic
|move|p1a: Freya|Wish|p1a: Freya
|
|turn|25
|
|switch|p2a: Tentacruel|Tentacruel, M|364\/364
|move|p1a: Freya|Protect|p1a: Freya
|-fail|p1a: Freya
|
|-heal|p1a: Freya|236\/360|[from] move: Wish|[wisher] Freya
|turn|26
|
|move|p2a: Tentacruel|Sludge Wave|p1a: Freya
|-supereffective|p1a: Freya
|-damage|p1a: Freya|116\/360
|move|p1a: Freya|Wish|p1a: Freya
|
|turn|27
|
|switch|p1a: Mad Dog|Hitmonlee, M|149\/304
|-damage|p1a: Mad Dog|130\/304|[from] Stealth Rock
|move|p2a: Tentacruel|Toxic|p1a: Mad Dog
|-status|p1a: Mad Dog|tox
|
|-heal|p1a: Mad Dog|304\/304 tox|[from] move: Wish|[wisher] Freya
|-damage|p1a: Mad Dog|285\/304 tox|[from] psn
|turn|28
|
|switch|p2a: Milotic|Milotic, M|394\/394 slp
|move|p1a: Mad Dog|Knock Off|p2a: Milotic
|-damage|p2a: Milotic|327\/394 slp
|-enditem|p2a: Milotic|Leftovers|[from] move: Knock Off|[of] p1a: Mad Dog
|
|-damage|p1a: Mad Dog|247\/304 tox|[from] psn
|turn|29
|
|move|p1a: Mad Dog|Rapid Spin|p2a: Milotic
|-damage|p2a: Milotic|312\/394 slp
|-sideend|p1: This Many Fucks|Stealth Rock|[from] move: Rapid Spin|[of] p1a: Mad Dog
|-curestatus|p2a: Milotic|slp
|move|p2a: Milotic|Dragon Tail|p1a: Mad Dog
|-damage|p1a: Mad Dog|208\/304 tox
|drag|p1a: Freya|Florges, F|116\/360
|
|turn|30
|
|move|p2a: Milotic|Scald|p1a: Freya
|-damage|p1a: Freya|46\/360
|move|p1a: Freya|Wish|p1a: Freya
|
|turn|31
|
|switch|p2a: Mew|Mew|278\/404
|move|p1a: Freya|Protect|p1a: Freya
|-fail|p1a: Freya
|
|-heal|p1a: Freya|226\/360|[from] move: Wish|[wisher] Freya
|turn|32
|
|switch|p1a: Hagen-Dazs|Alakazam-Mega, F|189\/251
|-ability|p1a: Hagen-Dazs|Synchronize|[from] ability: Trace|[of] p2a: Mew
|move|p2a: Mew|Stealth Rock|p1a: Hagen-Dazs
|-sidestart|p1: This Many Fucks|move: Stealth Rock
|
|turn|33
|
|move|p1a: Hagen-Dazs|Shadow Ball|p2a: Mew
|-supereffective|p2a: Mew
|-damage|p2a: Mew|78\/404
|move|p2a: Mew|Knock Off|p1a: Hagen-Dazs
|-supereffective|p1a: Hagen-Dazs
|-damage|p1a: Hagen-Dazs|41\/251
|
|turn|34
|
|move|p1a: Hagen-Dazs|Shadow Ball|p2a: Mew
|-supereffective|p2a: Mew
|-damage|p2a: Mew|0 fnt
|faint|p2a: Mew
|
|
|switch|p2a: Rotom-Heat|Rotom-Heat|183\/241
|turn|35
|
|switch|p1a: Freya|Florges, F|226\/360
|-damage|p1a: Freya|181\/360|[from] Stealth Rock
|move|p2a: Rotom-Heat|Volt Switch|p1a: Freya
|-damage|p1a: Freya|112\/360
|
|switch|p2a: Tentacruel|Tentacruel, M|364\/364
|
|turn|36
|
|switch|p1a: Stardust|Jirachi|320\/341
|-damage|p1a: Stardust|299\/341|[from] Stealth Rock
|move|p2a: Tentacruel|Toxic|p1a: Stardust
|-fail|p1a: Stardust
|
|turn|37
|
|move|p1a: Stardust|Psychic|p2a: Tentacruel
|-supereffective|p2a: Tentacruel
|-damage|p2a: Tentacruel|90\/364
|move|p2a: Tentacruel|Scald|p1a: Stardust
|-damage|p1a: Stardust|217\/341
|
|-heal|p2a: Tentacruel|112\/364|[from] item: Leftovers
|turn|38
|
|switch|p2a: Milotic|Milotic, M|312\/394
|move|p1a: Stardust|Psychic|p2a: Milotic
|-damage|p2a: Milotic|197\/394
|
|turn|39
|
|move|p1a: Stardust|Energy Ball|p2a: Milotic
|-supereffective|p2a: Milotic
|-damage|p2a: Milotic|10\/394
|-unboost|p2a: Milotic|spd|1
|move|p2a: Milotic|Rest|p2a: Milotic
|-status|p2a: Milotic|slp
|-heal|p2a: Milotic|394\/394 slp|[silent]
|-status|p2a: Milotic|slp|[from] move: Rest
|
|turn|40
|
|switch|p2a: Trevenant|Trevenant, F|328\/374
|move|p1a: Stardust|Energy Ball|p2a: Trevenant
|-resisted|p2a: Trevenant
|-damage|p2a: Trevenant|279\/374
|-unboost|p2a: Trevenant|spd|1
|
|turn|41
|
|move|p1a: Stardust|Psychic|p2a: Trevenant
|-damage|p2a: Trevenant|63\/374
|-unboost|p2a: Trevenant|spd|1
|-enditem|p2a: Trevenant|Sitrus Berry|[eat]
|-heal|p2a: Trevenant|156\/374|[from] item: Sitrus Berry
|move|p2a: Trevenant|Leech Seed|p1a: Stardust
|-start|p1a: Stardust|move: Leech Seed
|
|-damage|p1a: Stardust|175\/341|[from] Leech Seed|[of] p2a: Trevenant
|-heal|p2a: Trevenant|198\/374|[silent]
|-item|p2a: Trevenant|Sitrus Berry|[from] ability: Harvest
|turn|42
|
|switch|p2a: Tentacruel|Tentacruel, M|112\/364
|move|p1a: Stardust|Psychic|p2a: Tentacruel
|-supereffective|p2a: Tentacruel
|-damage|p2a: Tentacruel|0 fnt
|faint|p2a: Tentacruel
|
|
|switch|p2a: Rotom-Heat|Rotom-Heat|183\/241
|turn|43
|
|switch|p1a: Freya|Florges, F|112\/360
|-damage|p1a: Freya|67\/360|[from] Stealth Rock
|move|p2a: Rotom-Heat|Overheat|p1a: Freya
|-damage|p1a: Freya|0 fnt
|-unboost|p2a: Rotom-Heat|spa|2
|faint|p1a: Freya
|
|
|switch|p1a: Mad Dog|Hitmonlee, M|208\/304 tox
|-damage|p1a: Mad Dog|189\/304 tox|[from] Stealth Rock
|turn|44
|
|switch|p2a: Trevenant|Trevenant, F|198\/374
|move|p1a: Mad Dog|Knock Off|p2a: Trevenant
|-supereffective|p2a: Trevenant
|-damage|p2a: Trevenant|0 fnt
|faint|p2a: Trevenant
|
|-damage|p1a: Mad Dog|170\/304 tox|[from] psn
|
|switch|p2a: Milotic|Milotic, M|394\/394 slp
|turn|45
|
|move|p1a: Mad Dog|High Jump Kick|p2a: Milotic
|-damage|p2a: Milotic|247\/394 slp
|cant|p2a: Milotic|slp
|move|p2a: Milotic|Sleep Talk|p2a: Milotic
|move|p2a: Milotic|Rest|p2a: Milotic|[from]Sleep Talk
|-fail|p2a: Milotic
|
|-damage|p1a: Mad Dog|132\/304 tox|[from] psn
|turn|46
|
|move|p1a: Mad Dog|High Jump Kick|p2a: Milotic
|-damage|p2a: Milotic|111\/394 slp
|cant|p2a: Milotic|slp
|move|p2a: Milotic|Sleep Talk|p2a: Milotic
|move|p2a: Milotic|Dragon Tail|p1a: Mad Dog|[from]Sleep Talk
|-damage|p1a: Mad Dog|94\/304 tox
|drag|p1a: Hagen-Dazs|Alakazam-Mega, F|41\/251
|-damage|p1a: Hagen-Dazs|10\/251|[from] Stealth Rock
|-ability|p1a: Hagen-Dazs|Marvel Scale|[from] ability: Trace|[of] p2a: Milotic
|
|turn|47
|
|move|p1a: Hagen-Dazs|Psyshock|p2a: Milotic
|-damage|p2a: Milotic|5\/394 slp
|-curestatus|p2a: Milotic|slp
|move|p2a: Milotic|Rest|p2a: Milotic
|-status|p2a: Milotic|slp
|-heal|p2a: Milotic|394\/394 slp|[silent]
|-status|p2a: Milotic|slp|[from] move: Rest
|
|turn|48
|
|move|p1a: Hagen-Dazs|Psyshock|p2a: Milotic
|-damage|p2a: Milotic|292\/394 slp
|cant|p2a: Milotic|slp
|move|p2a: Milotic|Sleep Talk|p2a: Milotic
|move|p2a: Milotic|Scald|p1a: Hagen-Dazs|[from]Sleep Talk
|-damage|p1a: Hagen-Dazs|0 fnt
|faint|p1a: Hagen-Dazs
|
|
|switch|p1a: Venetia Shield|Doublade, F|322\/322
|-damage|p1a: Venetia Shield|302\/322|[from] Stealth Rock
|turn|49
|
|cant|p2a: Milotic|slp
|move|p2a: Milotic|Sleep Talk|p2a: Milotic
|move|p2a: Milotic|Scald|p1a: Venetia Shield|[from]Sleep Talk
|-damage|p1a: Venetia Shield|196\/322
|-status|p1a: Venetia Shield|brn
|move|p1a: Venetia Shield|Swords Dance|p1a: Venetia Shield
|-boost|p1a: Venetia Shield|atk|2
|
|-damage|p1a: Venetia Shield|156\/322 brn|[from] brn
|turn|50
|chat|This Many Fucks|unbelievable
|
|move|p1a: Venetia Shield|Swords Dance|p1a: Venetia Shield
|-boost|p1a: Venetia Shield|atk|2
|-curestatus|p2a: Milotic|slp
|move|p2a: Milotic|Dragon Tail|p1a: Venetia Shield
|-resisted|p1a: Venetia Shield
|-damage|p1a: Venetia Shield|150\/322 brn
|drag|p1a: Mad Dog|Hitmonlee, M|94\/304 tox
|-damage|p1a: Mad Dog|75\/304 tox|[from] Stealth Rock
|
|-damage|p1a: Mad Dog|56\/304 tox|[from] psn
|turn|51
|
|move|p1a: Mad Dog|High Jump Kick|p2a: Milotic
|-damage|p2a: Milotic|73\/394
|move|p2a: Milotic|Scald|p1a: Mad Dog
|-damage|p1a: Mad Dog|0 fnt
|faint|p1a: Mad Dog
|
|chat|shotindaface|milotic carries this team man
|
|switch|p1a: Stardust|Jirachi|175\/341
|-damage|p1a: Stardust|154\/341|[from] Stealth Rock
|turn|52
|
|move|p1a: Stardust|Psychic|p2a: Milotic
|-damage|p2a: Milotic|0 fnt
|faint|p2a: Milotic
|
|
|switch|p2a: Rotom-Heat|Rotom-Heat|183\/241
|turn|53
|
|switch|p1a: Lionheart|Arcanine, M|149\/383
|-damage|p1a: Lionheart|54\/383|[from] Stealth Rock
|-ability|p1a: Lionheart|Intimidate|[of] p2a: Rotom-Heat
|-unboost|p2a: Rotom-Heat|atk|1
|move|p2a: Rotom-Heat|Trick|p1a: Lionheart
|-activate|p2a: Rotom-Heat|move: Trick|[of] p1a: Lionheart
|-item|p1a: Lionheart|Choice Scarf|[from] move: Trick
|-item|p2a: Rotom-Heat|Rocky Helmet|[from] move: Trick
|
|turn|54
|
|move|p1a: Lionheart|Extreme Speed|p2a: Rotom-Heat
|-damage|p2a: Rotom-Heat|114\/241
|-damage|p1a: Lionheart|0 fnt|[from] item: Rocky Helmet|[of] p2a: Rotom-Heat
|faint|p1a: Lionheart
|move|p2a: Rotom-Heat|Volt Switch|p1: Lionheart|[notarget]
|-notarget
|
|
|switch|p1a: Stardust|Jirachi|154\/341
|-damage|p1a: Stardust|133\/341|[from] Stealth Rock
|turn|55
|
|move|p1a: Stardust|Psychic|p2a: Rotom-Heat
|-damage|p2a: Rotom-Heat|0 fnt
|faint|p2a: Rotom-Heat
|
|win|This Many Fucks
|raw|Ladder updating...
|raw|This Many Fucks's rating: 1474 &rarr; <strong>1481<\/strong><br \/>(+7 for winning)
|raw|shotindaface's rating: 1227 &rarr; <strong>1217<\/strong><br \/>(-10 for losing)
|leave|shotindaface
|player|p2