|join|FlareBlitz
|join|This Many Fucks
|player|p1|FlareBlitz|2
|player|p2|This Many Fucks|172
|gametype|singles
|gen|6
|tier|UU
|rated
|rule|Sleep Clause Mod: Limit one foe put to sleep
|rule|Species Clause: Limit one of each Pokemon
|rule|OHKO Clause: OHKO moves are banned
|rule|Moody Clause: Moody is banned
|rule|Evasion Moves Clause: Evasion moves are banned
|rule|Endless Battle Clause: Forcing endless battles is banned
|rule|HP Percentage Mod: HP is reported as percentages
|clearpoke
|poke|p1|Doublade, F
|poke|p1|Staraptor, M
|poke|p1|Rhyperior, M
|poke|p1|Victini
|poke|p1|Heracross, F
|poke|p1|Druddigon, F
|poke|p2|Jirachi
|poke|p2|Staraptor, F
|poke|p2|Blissey, F
|poke|p2|Alomomola, F
|poke|p2|Starmie
|poke|p2|Forretress, M, shiny
|rule|Baton Pass Clause: Limit 3 pokemon knowing Baton Pass
|teampreview
|
|start
|switch|p1a: Victini|Victini|341\/341
|switch|p2a: Starmie|Starmie|261\/261
|turn|1
|
|switch|p1a: Doublade|Doublade, F|322\/322
|move|p2a: Starmie|Hydro Pump|p1a: Doublade
|-damage|p1a: Doublade|0 fnt
|-damage|p2a: Starmie|235\/261|[from] item: Life Orb
|faint|p1a: Doublade
|
|
|switch|p1a: Staraptor|Staraptor, M|312\/312
|turn|2
|
|switch|p2a: Clit|Alomomola, F|515\/515
|move|p1a: Staraptor|U-turn|p2a: Clit
|-damage|p2a: Clit|421\/515
|
|switch|p1a: Victini|Victini|341\/341
|
|-heal|p2a: Clit|453\/515|[from] item: Leftovers
|turn|3
|
|move|p2a: Clit|Protect|p2a: Clit
|-singleturn|p2a: Clit|Protect
|move|p1a: Victini|Bolt Strike|p2a: Clit
|-activate|p2a: Clit|Protect
|
|-heal|p2a: Clit|485\/515|[from] item: Leftovers
|turn|4
|
|switch|p2a: Walnut|Forretress, M, shiny|354\/354
|move|p1a: Victini|Bolt Strike|p2a: Walnut
|-damage|p2a: Walnut|243\/354
|
|-heal|p2a: Walnut|265\/354|[from] item: Leftovers
|turn|5
|
|switch|p1a: Heracross|Heracross, F|329\/329
|move|p2a: Walnut|Spikes|p1a: Heracross
|-sidestart|p1: FlareBlitz|Spikes
|
|-heal|p2a: Walnut|287\/354|[from] item: Leftovers
|turn|6
|
|move|p1a: Heracross|Close Combat|p2a: Walnut
|-damage|p2a: Walnut|94\/354
|-unboost|p1a: Heracross|def|1
|-unboost|p1a: Heracross|spd|1
|move|p2a: Walnut|Spikes|p1a: Heracross
|-sidestart|p1: FlareBlitz|Spikes
|
|-heal|p2a: Walnut|116\/354|[from] item: Leftovers
|turn|7
|
|move|p1a: Heracross|Close Combat|p2a: Walnut
|-damage|p2a: Walnut|0 fnt
|-unboost|p1a: Heracross|def|1
|-unboost|p1a: Heracross|spd|1
|faint|p2a: Walnut
|
|
|switch|p2a: Bloodwing|Staraptor, F|311\/311
|turn|8
|
|move|p2a: Bloodwing|Close Combat|p1a: Heracross
|-resisted|p1a: Heracross
|-damage|p1a: Heracross|76\/329
|-unboost|p2a: Bloodwing|def|1
|-unboost|p2a: Bloodwing|spd|1
|move|p1a: Heracross|Close Combat|p2a: Bloodwing
|-crit|p2a: Bloodwing
|-damage|p2a: Bloodwing|0 fnt
|-unboost|p1a: Heracross|def|1
|-unboost|p1a: Heracross|spd|1
|faint|p2a: Bloodwing
|
|
|switch|p2a: Jirachi|Jirachi|341\/341
|turn|9
|
|move|p2a: Jirachi|Iron Head|p1a: Heracross
|-damage|p1a: Heracross|0 fnt
|faint|p1a: Heracross
|
|
|switch|p1a: Victini|Victini|341\/341
|-damage|p1a: Victini|285\/341|[from] Spikes
|turn|10
|
|switch|p2a: Clit|Alomomola, F|515\/515
|move|p1a: Victini|Trick|p2a: Clit
|-activate|p1a: Victini|move: Trick|[of] p2a: Clit
|-item|p2a: Clit|Choice Band|[from] move: Trick
|-item|p1a: Victini|Leftovers|[from] move: Trick
|
|-heal|p1a: Victini|306\/341|[from] item: Leftovers
|turn|11
|
|move|p1a: Victini|Bolt Strike|p2a: Clit
|-supereffective|p2a: Clit
|-damage|p2a: Clit|243\/515
|move|p2a: Clit|Scald|p1a: Victini
|-supereffective|p1a: Victini
|-damage|p1a: Victini|204\/341
|
|-heal|p1a: Victini|225\/341|[from] item: Leftovers
|turn|12
|
|move|p1a: Victini|Bolt Strike|p2a: Clit|[miss]
|-miss|p1a: Victini|p2a: Clit
|move|p2a: Clit|Scald|p1a: Victini
|-supereffective|p1a: Victini
|-damage|p1a: Victini|141\/341
|
|-heal|p1a: Victini|162\/341|[from] item: Leftovers
|turn|13
|
|move|p1a: Victini|Bolt Strike|p2a: Clit
|-supereffective|p2a: Clit
|-damage|p2a: Clit|0 fnt
|faint|p2a: Clit
|
|-heal|p1a: Victini|183\/341|[from] item: Leftovers
|
|switch|p2a: Starmie|Starmie|235\/261
|turn|14
|
|switch|p1a: Rhyperior|Rhyperior, M|417\/417
|-damage|p1a: Rhyperior|348\/417|[from] Spikes
|move|p2a: Starmie|Hydro Pump|p1a: Rhyperior
|-supereffective|p1a: Rhyperior
|-damage|p1a: Rhyperior|0 fnt
|-damage|p2a: Starmie|209\/261|[from] item: Life Orb
|faint|p1a: Rhyperior
|
|
|switch|p1a: Staraptor|Staraptor, M|312\/312
|turn|15
|
|switch|p2a: Blissey|Blissey, F|652\/652
|move|p1a: Staraptor|U-turn|p2a: Blissey
|-damage|p2a: Blissey|489\/652
|
|switch|p1a: Victini|Victini|183\/341
|-damage|p1a: Victini|127\/341|[from] Spikes
|
|-heal|p1a: Victini|148\/341|[from] item: Leftovers
|-heal|p2a: Blissey|529\/652|[from] item: Leftovers
|turn|16
|
|move|p1a: Victini|V-create|p2a: Blissey
|-damage|p2a: Blissey|64\/652
|-unboost|p1a: Victini|def|1
|-unboost|p1a: Victini|spd|1
|-unboost|p1a: Victini|spe|1
|move|p2a: Blissey|Stealth Rock|p1a: Victini
|-sidestart|p1: FlareBlitz|move: Stealth Rock
|
|-heal|p1a: Victini|169\/341|[from] item: Leftovers
|-heal|p2a: Blissey|104\/652|[from] item: Leftovers
|turn|17
|
|move|p1a: Victini|U-turn|p2a: Blissey
|-damage|p2a: Blissey|0 fnt
|faint|p2a: Blissey
|
|switch|p1a: Staraptor|Staraptor, M|312\/312
|-damage|p1a: Staraptor|234\/312|[from] Stealth Rock
|
|
|switch|p2a: Jirachi|Jirachi|341\/341
|turn|18
|
|move|p1a: Staraptor|U-turn|p2a: Jirachi
|-damage|p2a: Jirachi|251\/341
|
|switch|p1a: Victini|Victini|169\/341
|-damage|p1a: Victini|113\/341|[from] Spikes
|-damage|p1a: Victini|28\/341|[from] Stealth Rock
|move|p2a: Jirachi|Substitute|p2a: Jirachi
|-start|p2a: Jirachi|Substitute
|-damage|p2a: Jirachi|166\/341
|
|-heal|p1a: Victini|49\/341|[from] item: Leftovers
|-heal|p2a: Jirachi|187\/341|[from] item: Leftovers
|turn|19
|
|move|p2a: Jirachi|Iron Head|p1a: Victini
|-resisted|p1a: Victini
|-damage|p1a: Victini|0 fnt
|faint|p1a: Victini
|
|-heal|p2a: Jirachi|208\/341|[from] item: Leftovers
|
|switch|p1a: Druddigon|Druddigon, F|349\/349
|-damage|p1a: Druddigon|306\/349|[from] Stealth Rock
|-damage|p1a: Druddigon|248\/349|[from] Spikes
|turn|20
|
|move|p2a: Jirachi|Iron Head|p1a: Druddigon
|-damage|p1a: Druddigon|115\/349
|-damage|p2a: Jirachi|166\/341|[from] ability: Rough Skin|[of] p1a: Druddigon
|move|p1a: Druddigon|Earthquake|p2a: Jirachi
|-supereffective|p2a: Jirachi
|-end|p2a: Jirachi|Substitute
|
|-heal|p2a: Jirachi|187\/341|[from] item: Leftovers
|turn|21
|
|switch|p2a: Starmie|Starmie|209\/261
|move|p1a: Druddigon|Earthquake|p2a: Starmie
|-damage|p2a: Starmie|0 fnt
|faint|p2a: Starmie
|
|
|switch|p2a: Jirachi|Jirachi|187\/341
|turn|22
|
|move|p2a: Jirachi|Iron Head|p1a: Druddigon
|-damage|p1a: Druddigon|0 fnt
|-damage|p2a: Jirachi|145\/341|[from] ability: Rough Skin|[of] p1a: Druddigon
|faint|p1a: Druddigon
|
|-heal|p2a: Jirachi|166\/341|[from] item: Leftovers
|
|switch|p1a: Staraptor|Staraptor, M|234\/312
|-damage|p1a: Staraptor|156\/312|[from] Stealth Rock
|turn|23
|
|move|p1a: Staraptor|Close Combat|p2a: Jirachi
|-damage|p2a: Jirachi|18\/341
|-unboost|p1a: Staraptor|def|1
|-unboost|p1a: Staraptor|spd|1
|move|p2a: Jirachi|Iron Head|p1a: Staraptor
|-crit|p1a: Staraptor
|-damage|p1a: Staraptor|0 fnt
|faint|p1a: Staraptor
|
|win|This Many Fucks
|raw|Ladder updating...
|raw|FlareBlitz's rating: 1641 &rarr; <strong>1612<\/strong><br \/>(-29 for losing)
|raw|This Many Fucks's rating: 1472 &rarr; <strong>1501<\/strong><br \/>(+29 for winning)
|chat|FlareBlitz|gg. Close one.
|chat|This Many Fucks|gg
|leave|FlareBlitz
|player|p1