|join|This Many Fucks
|join|Inigoy
|player|p1|This Many Fucks|172
|player|p2|Inigoy|93
|gametype|singles
|gen|6
|tier|UU
|rated
|rule|Sleep Clause Mod: Limit one foe put to sleep
|rule|Species Clause: Limit one of each Pokemon
|rule|OHKO Clause: OHKO moves are banned
|rule|Moody Clause: Moody is banned
|rule|Evasion Moves Clause: Evasion moves are banned
|rule|Endless Battle Clause: Forcing endless battles is banned
|rule|HP Percentage Mod: HP is reported as percentages
|clearpoke
|poke|p1|Jirachi
|poke|p1|Staraptor, F
|poke|p1|Blissey, F
|poke|p1|Alomomola, M
|poke|p1|Starmie
|poke|p1|Forretress, M, shiny
|poke|p2|Absol, M
|poke|p2|Mew
|poke|p2|Chandelure, M
|poke|p2|Florges, F
|poke|p2|Donphan, F
|poke|p2|Qwilfish, M
|rule|Baton Pass Clause: Limit 3 pokemon knowing Baton Pass
|teampreview
|
|start
|switch|p1a: Starmie|Starmie|261\/261
|switch|p2a: Mew|Mew|403\/403
|turn|1
|
|move|p1a: Starmie|Signal Beam|p2a: Mew
|-crit|p2a: Mew
|-supereffective|p2a: Mew
|-damage|p2a: Mew|179\/403
|-damage|p1a: Starmie|235\/261|[from] item: Life Orb
|move|p2a: Mew|Knock Off|p1a: Starmie
|-supereffective|p1a: Starmie
|-damage|p1a: Starmie|63\/261
|-enditem|p1a: Starmie|Life Orb|[from] move: Knock Off|[of] p2a: Mew
|
|-heal|p2a: Mew|204\/403|[from] item: Leftovers
|turn|2
|
|move|p1a: Starmie|Signal Beam|p2a: Mew
|-supereffective|p2a: Mew
|-damage|p2a: Mew|90\/403
|move|p2a: Mew|Roost|p2a: Mew
|-heal|p2a: Mew|292\/403
|
|-heal|p2a: Mew|317\/403|[from] item: Leftovers
|turn|3
|
|move|p1a: Starmie|Signal Beam|p2a: Mew
|-supereffective|p2a: Mew
|-damage|p2a: Mew|209\/403
|move|p2a: Mew|Knock Off|p1a: Starmie
|-supereffective|p1a: Starmie
|-damage|p1a: Starmie|0 fnt
|faint|p1a: Starmie
|
|-heal|p2a: Mew|234\/403|[from] item: Leftovers
|
|switch|p1a: Bloodwing|Staraptor, F|311\/311
|turn|4
|
|switch|p2a: Qwilfish|Qwilfish, M|334\/334
|-ability|p2a: Qwilfish|Intimidate|[of] p1a: Bloodwing
|-unboost|p1a: Bloodwing|atk|1
|move|p1a: Bloodwing|U-turn|p2a: Qwilfish
|-resisted|p2a: Qwilfish
|-damage|p2a: Qwilfish|300\/334
|
|switch|p1a: Jirachi|Jirachi|341\/341
|
|-heal|p2a: Qwilfish|320\/334|[from] item: Black Sludge
|turn|5
|
|move|p1a: Jirachi|Substitute|p1a: Jirachi
|-start|p1a: Jirachi|Substitute
|-damage|p1a: Jirachi|256\/341
|move|p2a: Qwilfish|Thunder Wave|p1a: Jirachi
|
|-heal|p1a: Jirachi|277\/341|[from] item: Leftovers
|-heal|p2a: Qwilfish|334\/334|[from] item: Black Sludge
|turn|6
|
|switch|p2a: Mew|Mew|234\/403
|move|p1a: Jirachi|Toxic|p2a: Mew
|-status|p2a: Mew|tox
|
|-heal|p1a: Jirachi|298\/341|[from] item: Leftovers
|-heal|p2a: Mew|259\/403 tox|[from] item: Leftovers
|-damage|p2a: Mew|234\/403 tox|[from] psn
|turn|7
|
|move|p1a: Jirachi|Iron Head|p2a: Mew
|-damage|p2a: Mew|107\/403 tox
|move|p2a: Mew|Knock Off|p1a: Jirachi
|-supereffective|p1a: Jirachi
|-end|p1a: Jirachi|Substitute
|
|-heal|p1a: Jirachi|319\/341|[from] item: Leftovers
|-heal|p2a: Mew|132\/403 tox|[from] item: Leftovers
|-damage|p2a: Mew|82\/403 tox|[from] psn
|turn|8
|
|switch|p2a: Chandelure|Chandelure, M|261\/261
|move|p1a: Jirachi|Iron Head|p2a: Chandelure
|-resisted|p2a: Chandelure
|-damage|p2a: Chandelure|193\/261
|
|-heal|p1a: Jirachi|340\/341|[from] item: Leftovers
|turn|9
|
|switch|p1a: Blissey|Blissey, F|652\/652
|move|p2a: Chandelure|Fire Blast|p1a: Blissey
|-damage|p1a: Blissey|520\/652
|
|-heal|p1a: Blissey|560\/652|[from] item: Leftovers
|turn|10
|
|switch|p2a: Absol|Absol, M|271\/271
|-ability|p2a: Absol|Pressure
|move|p1a: Blissey|Stealth Rock|p2a: Absol
|-sidestart|p2: Inigoy|move: Stealth Rock
|
|-heal|p1a: Blissey|600\/652|[from] item: Leftovers
|turn|11
|
|detailschange|p2a: Absol|Absol-Mega, M
|message|Absol has Mega Evolved into Mega Absol!
|move|p2a: Absol|Pursuit|p1a: Blissey|[from]Pursuit
|-damage|p1a: Blissey|330\/652
|switch|p1a: Clit|Alomomola, M|515\/515
|
|turn|12
|
|switch|p2a: Florges|Florges, F|360\/360
|-damage|p2a: Florges|315\/360|[from] Stealth Rock
|move|p1a: Clit|Scald|p2a: Florges
|-damage|p2a: Florges|291\/360
|
|-heal|p2a: Florges|313\/360|[from] item: Leftovers
|turn|13
|
|switch|p1a: Jirachi|Jirachi|340\/341
|move|p2a: Florges|Toxic|p1a: Jirachi
|-fail|p1a: Jirachi
|
|-heal|p1a: Jirachi|341\/341|[from] item: Leftovers
|-heal|p2a: Florges|335\/360|[from] item: Leftovers
|turn|14
|
|move|p1a: Jirachi|Substitute|p1a: Jirachi
|-start|p1a: Jirachi|Substitute
|-damage|p1a: Jirachi|256\/341
|move|p2a: Florges|Aromatherapy|p2a: Florges
|-cureteam|p2a: Florges|[from] move: Aromatherapy
|
|-heal|p1a: Jirachi|277\/341|[from] item: Leftovers
|-heal|p2a: Florges|357\/360|[from] item: Leftovers
|turn|15
|
|switch|p2a: Donphan|Donphan, F|384\/384
|-damage|p2a: Donphan|360\/384|[from] Stealth Rock
|move|p1a: Jirachi|Iron Head|p2a: Donphan
|-damage|p2a: Donphan|257\/384
|-enditem|p2a: Donphan|Red Card|[of] p1a: Jirachi
|drag|p1a: Clit|Alomomola, M|515\/515
|
|turn|16
|
|move|p1a: Clit|Scald|p2a: Donphan
|-supereffective|p2a: Donphan
|-damage|p2a: Donphan|113\/384
|move|p2a: Donphan|Rapid Spin|p1a: Clit
|-damage|p1a: Clit|488\/515
|-sideend|p2: Inigoy|Stealth Rock|[from] move: Rapid Spin|[of] p2a: Donphan
|
|-heal|p1a: Clit|515\/515|[from] item: Leftovers
|turn|17
|
|switch|p2a: Florges|Florges, F|357\/360
|move|p1a: Clit|Scald|p2a: Florges
|-damage|p2a: Florges|332\/360
|
|-heal|p2a: Florges|354\/360|[from] item: Leftovers
|turn|18
|
|switch|p1a: Jirachi|Jirachi|277\/341
|move|p2a: Florges|Wish|p2a: Florges
|
|-heal|p1a: Jirachi|298\/341|[from] item: Leftovers
|-heal|p2a: Florges|360\/360|[from] item: Leftovers
|turn|19
|
|switch|p2a: Absol|Absol-Mega, M|271\/271
|move|p1a: Jirachi|Toxic|p2a: Absol
|move|p2a: Absol|Toxic|p1a: Jirachi|[from]Magic Bounce
|-fail|p1a: Jirachi
|
|-heal|p1a: Jirachi|319\/341|[from] item: Leftovers
|turn|20
|
|move|p2a: Absol|Pursuit|p1a: Jirachi|[from]Pursuit
|-supereffective|p1a: Jirachi
|-damage|p1a: Jirachi|0 fnt
|faint|p1a: Jirachi
|
|
|switch|p1a: Clit|Alomomola, M|515\/515
|turn|21
|
|switch|p2a: Florges|Florges, F|360\/360
|switch|p1a: Bloodwing|Staraptor, F|311\/311
|
|turn|22
|
|switch|p2a: Qwilfish|Qwilfish, M|334\/334
|-ability|p2a: Qwilfish|Intimidate|[of] p1a: Bloodwing
|-unboost|p1a: Bloodwing|atk|1
|move|p1a: Bloodwing|Brave Bird|p2a: Qwilfish
|-damage|p2a: Qwilfish|127\/334
|-damage|p1a: Bloodwing|243\/311|[from] recoil|[of] p2a: Qwilfish
|
|-heal|p2a: Qwilfish|147\/334|[from] item: Black Sludge
|turn|23
|
|move|p1a: Bloodwing|Brave Bird|p2a: Qwilfish
|-damage|p2a: Qwilfish|0 fnt
|-damage|p1a: Bloodwing|194\/311|[from] recoil|[of] p2a: Qwilfish
|faint|p2a: Qwilfish
|
|
|switch|p2a: Donphan|Donphan, F|113\/384
|turn|24
|
|move|p1a: Bloodwing|Brave Bird|p2a: Donphan
|-damage|p2a: Donphan|0 fnt
|-damage|p1a: Bloodwing|157\/311|[from] recoil|[of] p2a: Donphan
|faint|p2a: Donphan
|
|
|switch|p2a: Absol|Absol-Mega, M|271\/271
|turn|25
|
|switch|p1a: Clit|Alomomola, M|515\/515
|move|p2a: Absol|Sucker Punch|p1a: Clit
|-fail|p1a: Clit
|
|turn|26
|
|switch|p2a: Mew|Mew|82\/403
|move|p1a: Clit|Scald|p2a: Mew
|-damage|p2a: Mew|48\/403
|-status|p2a: Mew|brn
|-status|p1a: Clit|brn
|
|-heal|p2a: Mew|73\/403 brn|[from] item: Leftovers
|-damage|p2a: Mew|23\/403 brn|[from] brn
|-damage|p1a: Clit|451\/515 brn|[from] brn
|turn|27
|
|switch|p1a: Bloodwing|Staraptor, F|157\/311
|move|p2a: Mew|Roost|p2a: Mew
|-heal|p2a: Mew|225\/403 brn
|
|-heal|p2a: Mew|250\/403 brn|[from] item: Leftovers
|-damage|p2a: Mew|200\/403 brn|[from] brn
|turn|28
|
|switch|p2a: Florges|Florges, F|360\/360
|move|p1a: Bloodwing|Brave Bird|p2a: Florges
|-damage|p2a: Florges|0 fnt
|-damage|p1a: Bloodwing|38\/311|[from] recoil|[of] p2a: Florges
|faint|p2a: Florges
|
|
|switch|p2a: Chandelure|Chandelure, M|193\/261
|turn|29
|
|switch|p1a: Blissey|Blissey, F|330\/652
|move|p2a: Chandelure|Fire Blast|p1a: Blissey
|-damage|p1a: Blissey|191\/652
|
|-heal|p1a: Blissey|231\/652|[from] item: Leftovers
|turn|30
|
|switch|p2a: Absol|Absol-Mega, M|271\/271
|move|p1a: Blissey|Seismic Toss|p2a: Absol
|-damage|p2a: Absol|171\/271
|
|-heal|p1a: Blissey|271\/652|[from] item: Leftovers
|turn|31
|
|move|p2a: Absol|Play Rough|p1a: Blissey
|-damage|p1a: Blissey|37\/652
|move|p1a: Blissey|Seismic Toss|p2a: Absol
|-damage|p2a: Absol|71\/271
|
|-heal|p1a: Blissey|77\/652|[from] item: Leftovers
|turn|32
|
|move|p2a: Absol|Pursuit|p1a: Blissey|[from]Pursuit
|-crit|p1a: Blissey
|-damage|p1a: Blissey|0 fnt
|faint|p1a: Blissey
|
|
|switch|p1a: Walnut|Forretress, M, shiny|354\/354
|turn|33
|
|switch|p2a: Chandelure|Chandelure, M|193\/261
|move|p1a: Walnut|Volt Switch|p2a: Chandelure
|-damage|p2a: Chandelure|154\/261
|
|switch|p1a: Clit|Alomomola, M|515\/515 brn
|
|-damage|p1a: Clit|451\/515 brn|[from] brn
|turn|34
|
|move|p2a: Chandelure|Trick|p1a: Clit
|-activate|p2a: Chandelure|move: Trick|[of] p1a: Clit
|-item|p1a: Clit|Choice Scarf|[from] move: Trick
|-item|p2a: Chandelure|Leftovers|[from] move: Trick
|move|p1a: Clit|Mirror Coat|p2a: Chandelure
|-fail|p2a: Chandelure
|
|-heal|p2a: Chandelure|170\/261|[from] item: Leftovers
|-damage|p1a: Clit|387\/515 brn|[from] brn
|turn|35
|
|switch|p2a: Mew|Mew|200\/403 brn
|move|p1a: Clit|Mirror Coat|p2a: Mew
|-fail|p2a: Mew
|
|-heal|p2a: Mew|225\/403 brn|[from] item: Leftovers
|-damage|p1a: Clit|323\/515 brn|[from] brn
|-damage|p2a: Mew|175\/403 brn|[from] brn
|turn|36
|
|switch|p1a: Bloodwing|Staraptor, F|38\/311
|move|p2a: Mew|Will-O-Wisp|p1a: Bloodwing
|-status|p1a: Bloodwing|brn
|
|-heal|p2a: Mew|200\/403 brn|[from] item: Leftovers
|-damage|p1a: Bloodwing|0 fnt|[from] brn
|-damage|p2a: Mew|150\/403 brn|[from] brn
|faint|p1a: Bloodwing
|chat|Inigoy|gg, wp
|
|switch|p1a: Walnut|Forretress, M, shiny|354\/354
|turn|37
|
|move|p2a: Mew|Taunt|p1a: Walnut
|-start|p1a: Walnut|move: Taunt
|cant|p1a: Walnut|move: Taunt|Spikes
|
|-heal|p2a: Mew|175\/403 brn|[from] item: Leftovers
|-damage|p2a: Mew|125\/403 brn|[from] brn
|turn|38
|
|move|p2a: Mew|Roost|p2a: Mew
|-heal|p2a: Mew|327\/403 brn
|move|p1a: Walnut|Volt Switch|p2a: Mew
|-damage|p2a: Mew|297\/403 brn
|-message|This Many Fucks forfeited.
|
|win|Inigoy
|raw|Ladder updating...
|raw|This Many Fucks's rating: 1492 &rarr; <strong>1472<\/strong><br \/>(-20 for losing)
|raw|Inigoy's rating: 1490 &rarr; <strong>1510<\/strong><br \/>(+20 for winning)