|join|WhiteQueen
|join|This Many Fucks
|player|p1|WhiteQueen|116
|player|p2|This Many Fucks|172
|gametype|singles
|gen|6
|tier|UU
|rated
|rule|Sleep Clause Mod: Limit one foe put to sleep
|rule|Species Clause: Limit one of each Pokemon
|rule|OHKO Clause: OHKO moves are banned
|rule|Moody Clause: Moody is banned
|rule|Evasion Moves Clause: Evasion moves are banned
|rule|Endless Battle Clause: Forcing endless battles is banned.
|rule|HP Percentage Mod: HP is reported as percentages
|clearpoke
|poke|p1|Jolteon, M
|poke|p1|Krookodile, M
|poke|p1|Honchkrow, M
|poke|p1|Victini
|poke|p1|Suicune
|poke|p1|Shaymin
|poke|p2|Alakazam, M
|poke|p2|Arcanine, F
|poke|p2|Florges, F
|poke|p2|Doublade, M
|poke|p2|Hitmonlee, M
|poke|p2|Jirachi
|teampreview
|
|start
|switch|p1a: Krookodile|Krookodile, M|394\/394
|switch|p2a: Mad Dog|Hitmonlee, M|304\/304
|-ability|p1a: Krookodile|Intimidate|[of] p2a: Mad Dog
|-unboost|p2a: Mad Dog|atk|1
|turn|1
|
|switch|p1a: Victini|Victini|341\/341
|move|p2a: Mad Dog|High Jump Kick|p1a: Victini
|-resisted|p1a: Victini
|-damage|p1a: Victini|257\/341
|
|turn|2
|
|switch|p2a: Lionheart|Arcanine, F|383\/383
|-ability|p2a: Lionheart|Intimidate|[of] p1a: Victini
|-unboost|p1a: Victini|atk|1
|move|p1a: Victini|V-create|p2a: Lionheart
|-resisted|p2a: Lionheart
|-damage|p2a: Lionheart|288\/383
|-damage|p1a: Victini|201\/341|[from] item: Rocky Helmet|[of] p2a: Lionheart
|-unboost|p1a: Victini|def|1
|-unboost|p1a: Victini|spd|1
|-unboost|p1a: Victini|spe|1
|
|turn|3
|
|switch|p1a: Krookodile|Krookodile, M|394\/394
|-ability|p1a: Krookodile|Intimidate|[of] p2a: Lionheart
|-unboost|p2a: Lionheart|atk|1
|move|p2a: Lionheart|Flare Blitz|p1a: Krookodile
|-damage|p1a: Krookodile|259\/394
|-damage|p2a: Lionheart|243\/383|[from] recoil|[of] p1a: Krookodile
|
|-heal|p1a: Krookodile|283\/394|[from] item: Leftovers
|turn|4
|
|move|p1a: Krookodile|Stealth Rock|p2a: Lionheart
|-sidestart|p2: This Many Fucks|move: Stealth Rock
|move|p2a: Lionheart|Will-O-Wisp|p1a: Krookodile
|-status|p1a: Krookodile|brn
|
|-heal|p1a: Krookodile|307\/394 brn|[from] item: Leftovers
|-damage|p1a: Krookodile|258\/394 brn|[from] brn
|turn|5
|
|switch|p2a: Freya|Florges, F|360\/360
|-damage|p2a: Freya|315\/360|[from] Stealth Rock
|move|p1a: Krookodile|Knock Off|p2a: Freya
|-resisted|p2a: Freya
|-damage|p2a: Freya|276\/360
|-enditem|p2a: Freya|Leftovers|[from] move: Knock Off|[of] p1a: Krookodile
|
|-heal|p1a: Krookodile|282\/394 brn|[from] item: Leftovers
|-damage|p1a: Krookodile|233\/394 brn|[from] brn
|turn|6
|
|switch|p2a: Hagen-Dazs|Alakazam, M|251\/251
|move|p1a: Krookodile|Taunt|p2a: Hagen-Dazs
|-start|p2a: Hagen-Dazs|move: Taunt
|
|-heal|p1a: Krookodile|257\/394 brn|[from] item: Leftovers
|-damage|p1a: Krookodile|208\/394 brn|[from] brn
|turn|7
|
|detailschange|p2a: Hagen-Dazs|Alakazam-Mega, M
|message|Alakazam has Mega Evolved into Mega Alakazam!
|-ability|p2a: Hagen-Dazs|Intimidate|[from] ability: Trace|[of] p1a: Krookodile
|-ability|p2a: Hagen-Dazs|Intimidate|[of] p1a: Krookodile
|-unboost|p1a: Krookodile|atk|1
|move|p2a: Hagen-Dazs|Dazzling Gleam|p1a: Krookodile
|-crit|p1a: Krookodile
|-supereffective|p1a: Krookodile
|-damage|p1a: Krookodile|0 fnt
|faint|p1a: Krookodile
|
|
|switch|p1a: Victini|Victini|201\/341
|turn|8
|
|move|p2a: Hagen-Dazs|Shadow Ball|p1a: Victini
|-supereffective|p1a: Victini
|-damage|p1a: Victini|0 fnt
|faint|p1a: Victini
|
|
|switch|p1a: Honchkrow|Honchkrow, M|342\/342
|turn|9
|
|move|p1a: Honchkrow|Pursuit|p2a: Hagen-Dazs|[from]Pursuit
|-supereffective|p2a: Hagen-Dazs
|-damage|p2a: Hagen-Dazs|0 fnt
|-damage|p1a: Honchkrow|308\/342|[from] item: Life Orb
|faint|p2a: Hagen-Dazs
|-boost|p1a: Honchkrow|atk|1|[from] ability: Moxie
|
|
|switch|p2a: Venetia Shield|Doublade, M|322\/322
|-damage|p2a: Venetia Shield|302\/322|[from] Stealth Rock
|turn|10
|
|move|p1a: Honchkrow|Sucker Punch|p2a: Venetia Shield
|-fail|p2a: Venetia Shield
|move|p2a: Venetia Shield|Swords Dance|p2a: Venetia Shield
|-boost|p2a: Venetia Shield|atk|2
|
|turn|11
|
|move|p1a: Honchkrow|Pursuit|p2a: Venetia Shield
|-supereffective|p2a: Venetia Shield
|-damage|p2a: Venetia Shield|169\/322
|-damage|p1a: Honchkrow|274\/342|[from] item: Life Orb
|move|p2a: Venetia Shield|Gyro Ball|p1a: Honchkrow
|-damage|p1a: Honchkrow|0 fnt
|faint|p1a: Honchkrow
|
|
|switch|p1a: Jolteon|Jolteon, M|272\/272
|turn|12
|
|move|p2a: Venetia Shield|Shadow Sneak|p1a: Jolteon
|-damage|p1a: Jolteon|64\/272
|move|p1a: Jolteon|Volt Switch|p2a: Venetia Shield
|-damage|p2a: Venetia Shield|9\/322
|-damage|p1a: Jolteon|37\/272|[from] item: Life Orb
|
|switch|p1a: Shaymin|Shaymin|342\/342
|
|turn|13
|
|move|p2a: Venetia Shield|Shadow Sneak|p1a: Shaymin
|-damage|p1a: Shaymin|215\/342
|move|p1a: Shaymin|Psychic|p2a: Venetia Shield
|-resisted|p2a: Venetia Shield
|-damage|p2a: Venetia Shield|0 fnt
|-damage|p1a: Shaymin|181\/342|[from] item: Life Orb
|faint|p2a: Venetia Shield
|
|
|switch|p2a: Mad Dog|Hitmonlee, M|304\/304
|-damage|p2a: Mad Dog|285\/304|[from] Stealth Rock
|turn|14
|
|move|p1a: Shaymin|Psychic|p2a: Mad Dog
|-supereffective|p2a: Mad Dog
|-damage|p2a: Mad Dog|145\/304
|-unboost|p2a: Mad Dog|spd|1
|-damage|p1a: Shaymin|147\/342|[from] item: Life Orb
|move|p2a: Mad Dog|High Jump Kick|p1a: Shaymin
|-damage|p1a: Shaymin|0 fnt
|faint|p1a: Shaymin
|
|
|switch|p1a: Jolteon|Jolteon, M|37\/272
|turn|15
|
|move|p2a: Mad Dog|Mach Punch|p1a: Jolteon
|-damage|p1a: Jolteon|0 fnt
|faint|p1a: Jolteon
|
|
|switch|p1a: Suicune|Suicune|404\/404
|-ability|p1a: Suicune|Pressure
|turn|16
|
|move|p2a: Mad Dog|High Jump Kick|p1a: Suicune
|-damage|p1a: Suicune|248\/404
|move|p1a: Suicune|Scald|p2a: Mad Dog
|-crit|p2a: Mad Dog
|-damage|p2a: Mad Dog|16\/304
|
|-heal|p1a: Suicune|273\/404|[from] item: Leftovers
|turn|17
|
|move|p2a: Mad Dog|High Jump Kick|p1a: Suicune
|-damage|p1a: Suicune|117\/404
|move|p1a: Suicune|Rest|p1a: Suicune
|-status|p1a: Suicune|slp
|-heal|p1a: Suicune|404\/404 slp|[silent]
|-status|p1a: Suicune|slp|[from] move: Rest
|
|turn|18
|
|move|p2a: Mad Dog|High Jump Kick|p1a: Suicune
|-damage|p1a: Suicune|236\/404 slp
|cant|p1a: Suicune|slp
|move|p1a: Suicune|Sleep Talk|p1a: Suicune
|move|p1a: Suicune|Rest|p1a: Suicune|[from]Sleep Talk
|-fail|p1a: Suicune
|
|-heal|p1a: Suicune|261\/404 slp|[from] item: Leftovers
|turn|19
|
|move|p2a: Mad Dog|High Jump Kick|p1a: Suicune
|-damage|p1a: Suicune|105\/404 slp
|cant|p1a: Suicune|slp
|move|p1a: Suicune|Sleep Talk|p1a: Suicune
|move|p1a: Suicune|Scald|p2a: Mad Dog|[from]Sleep Talk
|-damage|p2a: Mad Dog|0 fnt
|faint|p2a: Mad Dog
|
|-heal|p1a: Suicune|130\/404 slp|[from] item: Leftovers
|
|switch|p2a: Stardust|Jirachi|341\/341
|-damage|p2a: Stardust|320\/341|[from] Stealth Rock
|turn|20
|
|move|p2a: Stardust|Energy Ball|p1a: Suicune
|-supereffective|p1a: Suicune
|-damage|p1a: Suicune|0 fnt
|faint|p1a: Suicune
|
|win|This Many Fucks
|raw|Ladder updating...
|raw|WhiteQueen's rating: 1631 &rarr; <strong>1605<\/strong><br \/>(-26 for losing)
|raw|This Many Fucks's rating: 1517 &rarr; <strong>1544<\/strong><br \/>(+27 for winning)
|leave|WhiteQueen
|player|p1