|join|LTI Kitten
|join|This Many Fucks
|player|p1|LTI Kitten|39
|player|p2|This Many Fucks|172
|gametype|singles
|gen|6
|tier|UU
|rated
|rule|Sleep Clause Mod: Limit one foe put to sleep
|rule|Species Clause: Limit one of each Pokemon
|rule|OHKO Clause: OHKO moves are banned
|rule|Moody Clause: Moody is banned
|rule|Evasion Moves Clause: Evasion moves are banned
|rule|Endless Battle Clause: Forcing endless battles is banned.
|rule|HP Percentage Mod: HP is reported as percentages
|clearpoke
|poke|p1|Hippowdon, M
|poke|p1|Stoutland, M
|poke|p1|Lucario, F
|poke|p1|Alakazam, M
|poke|p1|Roserade, F
|poke|p1|Hydreigon, M
|poke|p2|Alakazam, F
|poke|p2|Arcanine, M
|poke|p2|Florges, F
|poke|p2|Doublade, M
|poke|p2|Azelf
|poke|p2|Crobat, M
|teampreview
|
|start
|switch|p1a: Alakazam|Alakazam, M|252\/252
|switch|p2a: Frodo Swaggins|Azelf|291\/291
|turn|1
|
|move|p1a: Alakazam|Shadow Ball|p2a: Frodo Swaggins
|-supereffective|p2a: Frodo Swaggins
|-enditem|p2a: Frodo Swaggins|Focus Sash
|-damage|p2a: Frodo Swaggins|1\/291
|move|p2a: Frodo Swaggins|Stealth Rock|p1a: Alakazam
|-sidestart|p1: LTI Kitten|move: Stealth Rock
|
|turn|2
|
|switch|p2a: Freya|Florges, F|360\/360
|move|p1a: Alakazam|Psyshock|p2a: Freya
|-damage|p2a: Freya|175\/360
|
|-heal|p2a: Freya|197\/360|[from] item: Leftovers
|turn|3
|
|switch|p1a: Hippowdon|Hippowdon, M|420\/420
|-damage|p1a: Hippowdon|394\/420|[from] Stealth Rock
|-weather|Sandstorm
|move|p2a: Freya|Moonblast|p1a: Hippowdon
|-damage|p1a: Hippowdon|273\/420
|
|-weather|Sandstorm|[upkeep]
|-damage|p2a: Freya|175\/360|[from] sandstorm
|-heal|p2a: Freya|197\/360|[from] item: Leftovers
|turn|4
|join|PRINCESS AHEGAO
|
|switch|p2a: Hagen-Dazs|Alakazam, F|251\/251
|move|p1a: Hippowdon|Stealth Rock|p2a: Hagen-Dazs
|-sidestart|p2: This Many Fucks|move: Stealth Rock
|
|-weather|Sandstorm|[upkeep]
|turn|5
|
|switch|p1a: Hydreigon|Hydreigon, M|325\/325
|-damage|p1a: Hydreigon|285\/325|[from] Stealth Rock
|detailschange|p2a: Hagen-Dazs|Alakazam-Mega, F
|message|Alakazam has Mega Evolved into Mega Alakazam!
|-ability|p2a: Hagen-Dazs|Levitate|[from] ability: Trace|[of] p1a: Hydreigon
|move|p2a: Hagen-Dazs|Substitute|p2a: Hagen-Dazs
|-start|p2a: Hagen-Dazs|Substitute
|-damage|p2a: Hagen-Dazs|189\/251
|
|-weather|Sandstorm|[upkeep]
|-damage|p2a: Hagen-Dazs|174\/251|[from] sandstorm
|-damage|p1a: Hydreigon|265\/325|[from] sandstorm
|turn|6
|join|Meruu
|leave|Meruu
|
|move|p2a: Hagen-Dazs|Focus Blast|p1a: Hydreigon
|-supereffective|p1a: Hydreigon
|-damage|p1a: Hydreigon|0 fnt
|faint|p1a: Hydreigon
|
|-weather|Sandstorm|[upkeep]
|-damage|p2a: Hagen-Dazs|159\/251|[from] sandstorm
|
|switch|p1a: Stoutland|Stoutland, M|311\/311
|-damage|p1a: Stoutland|273\/311|[from] Stealth Rock
|turn|7
|
|move|p1a: Stoutland|Crunch|p2a: Hagen-Dazs
|-supereffective|p2a: Hagen-Dazs
|-end|p2a: Hagen-Dazs|Substitute
|move|p2a: Hagen-Dazs|Focus Blast|p1a: Stoutland|[miss]
|-miss|p2a: Hagen-Dazs|p1a: Stoutland
|
|-weather|Sandstorm|[upkeep]
|-damage|p2a: Hagen-Dazs|144\/251|[from] sandstorm
|turn|8
|join|Xavaz
|
|switch|p1a: Alakazam|Alakazam, M|252\/252
|switch|p2a: Lionheart|Arcanine, M|384\/384
|-damage|p2a: Lionheart|288\/384|[from] Stealth Rock
|-ability|p2a: Lionheart|Intimidate|[of] p1a: Alakazam
|-unboost|p1a: Alakazam|atk|1
|
|-weather|Sandstorm|[upkeep]
|-damage|p2a: Lionheart|264\/384|[from] sandstorm
|turn|9
|
|move|p1a: Alakazam|Psyshock|p2a: Lionheart
|-damage|p2a: Lionheart|112\/384
|move|p2a: Lionheart|Flare Blitz|p1a: Alakazam
|-crit|p1a: Alakazam
|-damage|p1a: Alakazam|0 fnt
|-damage|p2a: Lionheart|29\/384|[from] recoil|[of] p1a: Alakazam
|faint|p1a: Alakazam
|
|-weather|Sandstorm|[upkeep]
|-damage|p2a: Lionheart|5\/384|[from] sandstorm
|
|switch|p1a: Lucario|Lucario, F|281\/281
|-damage|p1a: Lucario|273\/281|[from] Stealth Rock
|turn|10
|
|move|p2a: Lionheart|Extreme Speed|p1a: Lucario
|-resisted|p1a: Lucario
|-damage|p1a: Lucario|230\/281
|move|p1a: Lucario|Vacuum Wave|p2a: Lionheart
|-damage|p2a: Lionheart|0 fnt
|-damage|p1a: Lucario|202\/281|[from] item: Life Orb
|faint|p2a: Lionheart
|
|-weather|none
|leave|Xavaz
|
|switch|p2a: Bloodsugar|Crobat, M|311\/311
|-damage|p2a: Bloodsugar|234\/311|[from] Stealth Rock
|turn|11
|join|Xavaz
|
|move|p2a: Bloodsugar|Brave Bird|p1a: Lucario
|-damage|p1a: Lucario|0 fnt
|-damage|p2a: Bloodsugar|167\/311|[from] recoil|[of] p1a: Lucario
|faint|p1a: Lucario
|
|-heal|p2a: Bloodsugar|186\/311|[from] item: Black Sludge
|
|switch|p1a: Hippowdon|Hippowdon, M|273\/420
|-damage|p1a: Hippowdon|247\/420|[from] Stealth Rock
|-weather|Sandstorm
|turn|12
|
|move|p2a: Bloodsugar|Defog|p1a: Hippowdon
|-unboost|p1a: Hippowdon|evasion|1
|-sideend|p1: LTI Kitten|Stealth Rock|[from] move: Defog|[of] p1a: Hippowdon
|-sideend|p2: This Many Fucks|Stealth Rock|[from] move: Defog|[of] p2a: Bloodsugar
|move|p1a: Hippowdon|Slack Off|p1a: Hippowdon
|-heal|p1a: Hippowdon|420\/420
|
|-weather|Sandstorm|[upkeep]
|-damage|p2a: Bloodsugar|167\/311|[from] sandstorm
|-heal|p2a: Bloodsugar|186\/311|[from] item: Black Sludge
|turn|13
|
|move|p2a: Bloodsugar|Brave Bird|p1a: Hippowdon
|-damage|p1a: Hippowdon|276\/420
|-damage|p2a: Bloodsugar|138\/311|[from] recoil|[of] p1a: Hippowdon
|move|p1a: Hippowdon|Stealth Rock|p2a: Bloodsugar
|-sidestart|p2: This Many Fucks|move: Stealth Rock
|
|-weather|Sandstorm|[upkeep]
|-damage|p2a: Bloodsugar|119\/311|[from] sandstorm
|-heal|p2a: Bloodsugar|138\/311|[from] item: Black Sludge
|turn|14
|
|switch|p1a: Stoutland|Stoutland, M|273\/311
|move|p2a: Bloodsugar|Defog|p1a: Stoutland
|-unboost|p1a: Stoutland|evasion|1
|-sideend|p2: This Many Fucks|Stealth Rock|[from] move: Defog|[of] p2a: Bloodsugar
|
|-weather|Sandstorm|[upkeep]
|-damage|p2a: Bloodsugar|119\/311|[from] sandstorm
|-heal|p2a: Bloodsugar|138\/311|[from] item: Black Sludge
|turn|15
|
|switch|p2a: Venetia Shield|Doublade, M|322\/322
|move|p1a: Stoutland|Crunch|p2a: Venetia Shield
|-supereffective|p2a: Venetia Shield
|-damage|p2a: Venetia Shield|180\/322
|
|-weather|Sandstorm|[upkeep]
|turn|16
|
|switch|p1a: Hippowdon|Hippowdon, M|276\/420
|move|p2a: Venetia Shield|Sacred Sword|p1a: Hippowdon
|-damage|p1a: Hippowdon|178\/420
|
|-weather|Sandstorm|[upkeep]
|turn|17
|
|move|p1a: Hippowdon|Slack Off|p1a: Hippowdon
|-heal|p1a: Hippowdon|388\/420
|move|p2a: Venetia Shield|Swords Dance|p2a: Venetia Shield
|-boost|p2a: Venetia Shield|atk|2
|
|-weather|Sandstorm|[upkeep]
|turn|18
|
|move|p1a: Hippowdon|Earthquake|p2a: Venetia Shield
|-supereffective|p2a: Venetia Shield
|-damage|p2a: Venetia Shield|66\/322
|move|p2a: Venetia Shield|Gyro Ball|p1a: Hippowdon
|-damage|p1a: Hippowdon|246\/420
|
|-weather|Sandstorm|[upkeep]
|turn|19
|
|move|p2a: Venetia Shield|Shadow Sneak|p1a: Hippowdon
|-damage|p1a: Hippowdon|131\/420
|move|p1a: Hippowdon|Stealth Rock|p2a: Venetia Shield
|-sidestart|p2: This Many Fucks|move: Stealth Rock
|
|-weather|none
|turn|20
|
|move|p1a: Hippowdon|Slack Off|p1a: Hippowdon
|-heal|p1a: Hippowdon|341\/420
|move|p2a: Venetia Shield|Gyro Ball|p1a: Hippowdon
|-crit|p1a: Hippowdon
|-damage|p1a: Hippowdon|113\/420
|
|turn|21
|
|move|p2a: Venetia Shield|Shadow Sneak|p1a: Hippowdon
|-damage|p1a: Hippowdon|0 fnt
|faint|p1a: Hippowdon
|
|chat|LTI Kitten|lol
|chat|LTI Kitten|fucking ok
|
|switch|p1a: Stoutland|Stoutland, M|273\/311
|turn|22
|
|move|p1a: Stoutland|Fire Fang|p2a: Venetia Shield
|-supereffective|p2a: Venetia Shield
|-damage|p2a: Venetia Shield|0 fnt
|faint|p2a: Venetia Shield
|
|
|switch|p2a: Bloodsugar|Crobat, M|138\/311
|-damage|p2a: Bloodsugar|61\/311|[from] Stealth Rock
|turn|23
|
|move|p2a: Bloodsugar|Defog|p1a: Stoutland
|-unboost|p1a: Stoutland|evasion|1
|-sideend|p2: This Many Fucks|Stealth Rock|[from] move: Defog|[of] p2a: Bloodsugar
|move|p1a: Stoutland|Fire Fang|p2a: Bloodsugar|[miss]
|-miss|p1a: Stoutland|p2a: Bloodsugar
|
|-heal|p2a: Bloodsugar|80\/311|[from] item: Black Sludge
|turn|24
|
|move|p2a: Bloodsugar|Roost|p2a: Bloodsugar
|-heal|p2a: Bloodsugar|236\/311
|move|p1a: Stoutland|Fire Fang|p2a: Bloodsugar
|-damage|p2a: Bloodsugar|88\/311
|
|-heal|p2a: Bloodsugar|107\/311|[from] item: Black Sludge
|turn|25
|chat|LTI Kitten|this is bullshit lol
|
|move|p2a: Bloodsugar|Roost|p2a: Bloodsugar
|-heal|p2a: Bloodsugar|263\/311
|move|p1a: Stoutland|Fire Fang|p2a: Bloodsugar
|-crit|p2a: Bloodsugar
|-damage|p2a: Bloodsugar|46\/311
|
|-heal|p2a: Bloodsugar|65\/311|[from] item: Black Sludge
|turn|26
|
|move|p2a: Bloodsugar|Roost|p2a: Bloodsugar
|-heal|p2a: Bloodsugar|221\/311
|move|p1a: Stoutland|Fire Fang|p2a: Bloodsugar
|-damage|p2a: Bloodsugar|94\/311
|-status|p2a: Bloodsugar|brn
|
|-heal|p2a: Bloodsugar|113\/311 brn|[from] item: Black Sludge
|-damage|p2a: Bloodsugar|75\/311 brn|[from] brn
|turn|27
|
|move|p2a: Bloodsugar|Brave Bird|p1a: Stoutland
|-damage|p1a: Stoutland|177\/311
|-damage|p2a: Bloodsugar|43\/311 brn|[from] recoil|[of] p1a: Stoutland
|move|p1a: Stoutland|Fire Fang|p2a: Bloodsugar
|-damage|p2a: Bloodsugar|0 fnt
|faint|p2a: Bloodsugar
|
|
|switch|p2a: Hagen-Dazs|Alakazam-Mega, F|144\/251
|-ability|p2a: Hagen-Dazs|Sand Rush|[from] ability: Trace|[of] p1a: Stoutland
|turn|28
|
|move|p2a: Hagen-Dazs|Psyshock|p1a: Stoutland
|-damage|p1a: Stoutland|0 fnt
|faint|p1a: Stoutland
|
|
|switch|p1a: Roserade|Roserade, F|262\/262
|turn|29
|
|move|p2a: Hagen-Dazs|Psyshock|p1a: Roserade
|-supereffective|p1a: Roserade
|-damage|p1a: Roserade|0 fnt
|faint|p1a: Roserade
|
|win|This Many Fucks
|raw|Ladder updating...
|raw|LTI Kitten's rating: 1718 &rarr; <strong>1687<\/strong><br \/>(-31 for losing)
|raw|This Many Fucks's rating: 1490 &rarr; <strong>1522<\/strong><br \/>(+32 for winning)
|leave|LTI Kitten
|player|p1