|join|This Many Fucks
|join|SharpedoMan
|player|p1|This Many Fucks|172
|player|p2|SharpedoMan|80
|gametype|singles
|gen|6
|tier|UU
|rated
|rule|Sleep Clause Mod: Limit one foe put to sleep
|rule|Species Clause: Limit one of each Pokemon
|rule|OHKO Clause: OHKO moves are banned
|rule|Moody Clause: Moody is banned
|rule|Evasion Moves Clause: Evasion moves are banned
|rule|Endless Battle Clause: Forcing endless battles is banned
|rule|HP Percentage Mod: HP is reported as percentages
|clearpoke
|poke|p1|Jirachi
|poke|p1|Staraptor, F
|poke|p1|Blissey, F
|poke|p1|Alomomola, F
|poke|p1|Starmie
|poke|p1|Forretress, M, shiny
|poke|p2|Umbreon, F, shiny
|poke|p2|Toxicroak, M, shiny
|poke|p2|Granbull, M, shiny
|poke|p2|Sharpedo, M
|poke|p2|Blastoise, M
|poke|p2|Darmanitan, M
|rule|Baton Pass Clause: Limit 3 pokemon knowing Baton Pass
|teampreview
|
|start
|switch|p1a: Bloodwing|Staraptor, F|311\/311
|switch|p2a: Blastoise|Blastoise, M|362\/362
|turn|1
|
|detailschange|p2a: Blastoise|Blastoise-Mega, M
|message|Blastoise has Mega Evolved into Mega Blastoise!
|move|p1a: Bloodwing|U-turn|p2a: Blastoise
|-damage|p2a: Blastoise|255\/362
|
|switch|p1a: Blissey|Blissey, F|652\/652
|move|p2a: Blastoise|Ice Beam|p1a: Blissey
|-damage|p1a: Blissey|570\/652
|
|-heal|p1a: Blissey|610\/652|[from] item: Leftovers
|turn|2
|
|switch|p2a: Toxicroak|Toxicroak, M, shiny|370\/370
|move|p1a: Blissey|Seismic Toss|p2a: Toxicroak
|-damage|p2a: Toxicroak|270\/370
|
|-heal|p2a: Toxicroak|293\/370|[from] item: Black Sludge
|-heal|p1a: Blissey|650\/652|[from] item: Leftovers
|turn|3
|
|switch|p2a: Darmanitan|Darmanitan, M|351\/351
|switch|p1a: Jirachi|Jirachi|341\/341
|
|turn|4
|
|switch|p1a: Clit|Alomomola, F|515\/515
|move|p2a: Darmanitan|Flare Blitz|p1a: Clit
|-resisted|p1a: Clit
|-damage|p1a: Clit|359\/515
|-damage|p2a: Darmanitan|300\/351|[from] recoil|[of] p1a: Clit
|
|-heal|p1a: Clit|391\/515|[from] item: Leftovers
|turn|5
|
|switch|p2a: Toxicroak|Toxicroak, M, shiny|293\/370
|move|p1a: Clit|Wish|p1a: Clit
|
|-heal|p2a: Toxicroak|316\/370|[from] item: Black Sludge
|-heal|p1a: Clit|423\/515|[from] item: Leftovers
|turn|6
|
|switch|p1a: Jirachi|Jirachi|341\/341
|move|p2a: Toxicroak|Substitute|p2a: Toxicroak
|-start|p2a: Toxicroak|Substitute
|-damage|p2a: Toxicroak|224\/370
|
|-heal|p2a: Toxicroak|247\/370|[from] item: Black Sludge
|turn|7
|
|move|p2a: Toxicroak|Sucker Punch|p1a: Jirachi
|-supereffective|p1a: Jirachi
|-damage|p1a: Jirachi|153\/341
|move|p1a: Jirachi|Iron Head|p2a: Toxicroak
|-end|p2a: Toxicroak|Substitute
|
|-heal|p1a: Jirachi|174\/341|[from] item: Leftovers
|-heal|p2a: Toxicroak|270\/370|[from] item: Black Sludge
|turn|8
|
|move|p1a: Jirachi|Substitute|p1a: Jirachi
|-start|p1a: Jirachi|Substitute
|-damage|p1a: Jirachi|89\/341
|move|p2a: Toxicroak|Drain Punch|p1a: Jirachi
|-end|p1a: Jirachi|Substitute
|-heal|p2a: Toxicroak|313\/370|[from] drain|[of] p1a: Jirachi
|
|-heal|p1a: Jirachi|110\/341|[from] item: Leftovers
|-heal|p2a: Toxicroak|336\/370|[from] item: Black Sludge
|turn|9
|
|switch|p1a: Starmie|Starmie|261\/261
|switch|p2a: Snuggles|Granbull, M, shiny|384\/384
|-ability|p2a: Snuggles|Intimidate|[of] p1a: Starmie
|-unboost|p1a: Starmie|atk|1
|
|turn|10
|
|switch|p2a: Bullet|Umbreon, F, shiny|331\/331
|move|p1a: Starmie|Psyshock|p2a: Bullet
|-immune|p2a: Bullet|[msg]
|
|turn|11
|
|switch|p1a: Clit|Alomomola, F|515\/515
|move|p2a: Bullet|Toxic|p1a: Clit
|-status|p1a: Clit|tox
|
|-damage|p1a: Clit|483\/515 tox|[from] psn
|turn|12
|
|switch|p2a: Toxicroak|Toxicroak, M, shiny|336\/370
|move|p1a: Clit|Wish|p1a: Clit
|
|-heal|p2a: Toxicroak|359\/370|[from] item: Black Sludge
|-heal|p1a: Clit|515\/515 tox|[from] item: Leftovers
|-damage|p1a: Clit|451\/515 tox|[from] psn
|turn|13
|
|switch|p1a: Starmie|Starmie|261\/261
|move|p2a: Toxicroak|Substitute|p2a: Toxicroak
|-start|p2a: Toxicroak|Substitute
|-damage|p2a: Toxicroak|267\/370
|
|-heal|p2a: Toxicroak|290\/370|[from] item: Black Sludge
|turn|14
|
|move|p2a: Toxicroak|Sucker Punch|p1a: Starmie
|-supereffective|p1a: Starmie
|-damage|p1a: Starmie|51\/261
|move|p1a: Starmie|Psyshock|p2a: Toxicroak
|-supereffective|p2a: Toxicroak
|-end|p2a: Toxicroak|Substitute
|-damage|p1a: Starmie|25\/261|[from] item: Life Orb
|
|-heal|p2a: Toxicroak|313\/370|[from] item: Black Sludge
|turn|15
|
|switch|p1a: Bloodwing|Staraptor, F|311\/311
|switch|p2a: Darmanitan|Darmanitan, M|300\/351
|
|turn|16
|
|move|p2a: Darmanitan|Flare Blitz|p1a: Bloodwing
|-damage|p1a: Bloodwing|0 fnt
|-damage|p2a: Darmanitan|197\/351|[from] recoil|[of] p1a: Bloodwing
|faint|p1a: Bloodwing
|
|
|switch|p1a: Clit|Alomomola, F|515\/515 tox
|turn|17
|
|switch|p2a: Toxicroak|Toxicroak, M, shiny|313\/370
|switch|p1a: Jirachi|Jirachi|110\/341
|
|-heal|p1a: Jirachi|131\/341|[from] item: Leftovers
|-heal|p2a: Toxicroak|336\/370|[from] item: Black Sludge
|turn|18
|
|switch|p2a: Bullet|Umbreon, F, shiny|331\/331
|move|p1a: Jirachi|Iron Head|p2a: Bullet
|-damage|p2a: Bullet|229\/331
|
|-heal|p1a: Jirachi|152\/341|[from] item: Leftovers
|-heal|p2a: Bullet|249\/331|[from] item: Leftovers
|turn|19
|
|switch|p1a: Walnut|Forretress, M, shiny|354\/354
|move|p2a: Bullet|Foul Play|p1a: Walnut
|-damage|p1a: Walnut|311\/354
|
|-heal|p2a: Bullet|269\/331|[from] item: Leftovers
|-heal|p1a: Walnut|333\/354|[from] item: Leftovers
|turn|20
|
|switch|p2a: Blastoise|Blastoise-Mega, M|255\/362
|move|p1a: Walnut|Volt Switch|p2a: Blastoise
|-supereffective|p2a: Blastoise
|-damage|p2a: Blastoise|191\/362
|
|switch|p1a: Blissey|Blissey, F|650\/652
|
|-heal|p1a: Blissey|652\/652|[from] item: Leftovers
|turn|21
|
|move|p2a: Blastoise|Rest|p2a: Blastoise
|-status|p2a: Blastoise|slp
|-heal|p2a: Blastoise|362\/362 slp|[silent]
|-status|p2a: Blastoise|slp|[from] move: Rest
|move|p1a: Blissey|Seismic Toss|p2a: Blastoise
|-damage|p2a: Blastoise|262\/362 slp
|
|turn|22
|
|switch|p2a: Darmanitan|Darmanitan, M|197\/351
|move|p1a: Blissey|Stealth Rock|p2a: Darmanitan
|-sidestart|p2: SharpedoMan|move: Stealth Rock
|
|turn|23
|
|switch|p1a: Clit|Alomomola, F|515\/515 tox
|move|p2a: Darmanitan|U-turn|p1a: Clit
|-damage|p1a: Clit|420\/515 tox
|
|switch|p2a: Toxicroak|Toxicroak, M, shiny|336\/370
|-damage|p2a: Toxicroak|313\/370|[from] Stealth Rock
|
|-heal|p2a: Toxicroak|336\/370|[from] item: Black Sludge
|-heal|p1a: Clit|452\/515 tox|[from] item: Leftovers
|-damage|p1a: Clit|420\/515 tox|[from] psn
|turn|24
|
|switch|p1a: Walnut|Forretress, M, shiny|333\/354
|move|p2a: Toxicroak|Substitute|p2a: Toxicroak
|-start|p2a: Toxicroak|Substitute
|-damage|p2a: Toxicroak|244\/370
|
|-heal|p2a: Toxicroak|267\/370|[from] item: Black Sludge
|-heal|p1a: Walnut|354\/354|[from] item: Leftovers
|turn|25
|
|move|p2a: Toxicroak|Drain Punch|p1a: Walnut
|-damage|p1a: Walnut|282\/354
|-heal|p2a: Toxicroak|303\/370|[from] drain|[of] p1a: Walnut
|move|p1a: Walnut|Spikes|p2a: Toxicroak
|-sidestart|p2: SharpedoMan|Spikes
|
|-heal|p2a: Toxicroak|326\/370|[from] item: Black Sludge
|-heal|p1a: Walnut|304\/354|[from] item: Leftovers
|turn|26
|
|move|p2a: Toxicroak|Drain Punch|p1a: Walnut
|-damage|p1a: Walnut|232\/354
|-heal|p2a: Toxicroak|362\/370|[from] drain|[of] p1a: Walnut
|move|p1a: Walnut|Spikes|p2a: Toxicroak
|-sidestart|p2: SharpedoMan|Spikes
|
|-heal|p2a: Toxicroak|370\/370|[from] item: Black Sludge
|-heal|p1a: Walnut|254\/354|[from] item: Leftovers
|turn|27
|
|switch|p2a: Darmanitan|Darmanitan, M|197\/351
|-damage|p2a: Darmanitan|110\/351|[from] Stealth Rock
|-damage|p2a: Darmanitan|52\/351|[from] Spikes
|move|p1a: Walnut|Spikes|p2a: Darmanitan
|-sidestart|p2: SharpedoMan|Spikes
|
|-heal|p1a: Walnut|276\/354|[from] item: Leftovers
|turn|28
|
|switch|p1a: Clit|Alomomola, F|515\/515 tox
|move|p2a: Darmanitan|U-turn|p1a: Clit
|-damage|p1a: Clit|419\/515 tox
|
|switch|p2a: Blastoise|Blastoise-Mega, M|262\/362 slp
|-damage|p2a: Blastoise|172\/362 slp|[from] Spikes
|-damage|p2a: Blastoise|127\/362 slp|[from] Stealth Rock
|
|-heal|p1a: Clit|451\/515 tox|[from] item: Leftovers
|-damage|p1a: Clit|419\/515 tox|[from] psn
|turn|29
|
|switch|p1a: Jirachi|Jirachi|152\/341
|cant|p2a: Blastoise|slp
|
|-heal|p1a: Jirachi|173\/341|[from] item: Leftovers
|turn|30
|
|move|p1a: Jirachi|Iron Head|p2a: Blastoise
|-resisted|p2a: Blastoise
|-damage|p2a: Blastoise|76\/362 slp
|cant|p2a: Blastoise|slp
|
|-heal|p1a: Jirachi|194\/341|[from] item: Leftovers
|turn|31
|
|move|p1a: Jirachi|Iron Head|p2a: Blastoise
|-resisted|p2a: Blastoise
|-damage|p2a: Blastoise|29\/362 slp
|-curestatus|p2a: Blastoise|slp
|cant|p2a: Blastoise|flinch
|
|-heal|p1a: Jirachi|215\/341|[from] item: Leftovers
|turn|32
|
|move|p1a: Jirachi|Iron Head|p2a: Blastoise
|-resisted|p2a: Blastoise
|-damage|p2a: Blastoise|0 fnt
|faint|p2a: Blastoise
|
|-heal|p1a: Jirachi|236\/341|[from] item: Leftovers
|
|switch|p2a: Reaper|Sharpedo, M|281\/281
|-damage|p2a: Reaper|211\/281|[from] Spikes
|-damage|p2a: Reaper|176\/281|[from] Stealth Rock
|turn|33
|
|switch|p1a: Clit|Alomomola, F|515\/515 tox
|move|p2a: Reaper|Protect|p2a: Reaper
|-fail|p2a: Reaper
|
|-damage|p1a: Clit|483\/515 tox|[from] psn
|-boost|p2a: Reaper|spe|1|[from] ability: Speed Boost
|turn|34
|
|move|p2a: Reaper|Protect|p2a: Reaper
|-singleturn|p2a: Reaper|Protect
|move|p1a: Clit|Scald|p2a: Reaper
|-activate|p2a: Reaper|Protect
|
|-heal|p1a: Clit|515\/515 tox|[from] item: Leftovers
|-damage|p1a: Clit|451\/515 tox|[from] psn
|-boost|p2a: Reaper|spe|1|[from] ability: Speed Boost
|turn|35
|
|move|p2a: Reaper|Crunch|p1a: Clit
|-crit|p1a: Clit
|-damage|p1a: Clit|188\/515 tox
|-unboost|p1a: Clit|def|1
|-damage|p2a: Reaper|148\/281|[from] item: Life Orb
|move|p1a: Clit|Scald|p2a: Reaper
|-resisted|p2a: Reaper
|-damage|p2a: Reaper|97\/281
|-status|p2a: Reaper|brn
|
|-heal|p1a: Clit|220\/515 tox|[from] item: Leftovers
|-damage|p2a: Reaper|62\/281 brn|[from] brn
|-damage|p1a: Clit|124\/515 tox|[from] psn
|-boost|p2a: Reaper|spe|1|[from] ability: Speed Boost
|turn|36
|chat|SharpedoMan|gay
|chat|SharpedoMan|so gay lol
|
|switch|p1a: Walnut|Forretress, M, shiny|276\/354
|move|p2a: Reaper|Crunch|p1a: Walnut
|-damage|p1a: Walnut|225\/354
|-unboost|p1a: Walnut|def|1
|-damage|p2a: Reaper|34\/281 brn|[from] item: Life Orb
|
|-heal|p1a: Walnut|247\/354|[from] item: Leftovers
|-damage|p2a: Reaper|0 fnt|[from] brn
|faint|p2a: Reaper
|chat|SharpedoMan|man
|
|switch|p2a: Toxicroak|Toxicroak, M, shiny|370\/370
|-damage|p2a: Toxicroak|278\/370|[from] Spikes
|-damage|p2a: Toxicroak|255\/370|[from] Stealth Rock
|turn|37
|
|move|p2a: Toxicroak|Substitute|p2a: Toxicroak
|-start|p2a: Toxicroak|Substitute
|-damage|p2a: Toxicroak|163\/370
|move|p1a: Walnut|Volt Switch|p2a: Toxicroak
|-activate|p2a: Toxicroak|Substitute|[damage]
|
|switch|p1a: Jirachi|Jirachi|236\/341
|
|-heal|p1a: Jirachi|257\/341|[from] item: Leftovers
|-heal|p2a: Toxicroak|186\/370|[from] item: Black Sludge
|turn|38
|
|move|p1a: Jirachi|Iron Head|p2a: Toxicroak
|-end|p2a: Toxicroak|Substitute
|move|p2a: Toxicroak|Drain Punch|p1a: Jirachi
|-damage|p1a: Jirachi|134\/341
|-heal|p2a: Toxicroak|248\/370|[from] drain|[of] p1a: Jirachi
|
|-heal|p1a: Jirachi|155\/341|[from] item: Leftovers
|-heal|p2a: Toxicroak|271\/370|[from] item: Black Sludge
|turn|39
|
|move|p1a: Jirachi|Iron Head|p2a: Toxicroak
|-damage|p2a: Toxicroak|100\/370
|cant|p2a: Toxicroak|flinch
|
|-heal|p1a: Jirachi|176\/341|[from] item: Leftovers
|-heal|p2a: Toxicroak|123\/370|[from] item: Black Sludge
|turn|40
|
|move|p2a: Toxicroak|Sucker Punch|p1a: Jirachi
|-fail|p1a: Jirachi
|move|p1a: Jirachi|Substitute|p1a: Jirachi
|-start|p1a: Jirachi|Substitute
|-damage|p1a: Jirachi|91\/341
|
|-heal|p1a: Jirachi|112\/341|[from] item: Leftovers
|-heal|p2a: Toxicroak|146\/370|[from] item: Black Sludge
|turn|41
|chat|SharpedoMan|so gay
|
|move|p2a: Toxicroak|Sucker Punch|p1a: Jirachi
|-supereffective|p1a: Jirachi
|-end|p1a: Jirachi|Substitute
|move|p1a: Jirachi|Iron Head|p2a: Toxicroak
|-damage|p2a: Toxicroak|0 fnt
|faint|p2a: Toxicroak
|
|-heal|p1a: Jirachi|133\/341|[from] item: Leftovers
|
|switch|p2a: Bullet|Umbreon, F, shiny|269\/331
|-damage|p2a: Bullet|228\/331|[from] Stealth Rock
|-damage|p2a: Bullet|146\/331|[from] Spikes
|turn|42
|chat|This Many Fucks|u mad bro?
|
|move|p1a: Jirachi|Iron Head|p2a: Bullet
|-damage|p2a: Bullet|37\/331
|move|p2a: Bullet|Foul Play|p1a: Jirachi
|-supereffective|p1a: Jirachi
|-damage|p1a: Jirachi|0 fnt
|faint|p1a: Jirachi
|
|-heal|p2a: Bullet|57\/331|[from] item: Leftovers
|chat|SharpedoMan|lol what are u 10?
|
|switch|p1a: Starmie|Starmie|25\/261
|turn|43
|chat|SharpedoMan|u mad bro lol
|
|move|p2a: Bullet|Protect|p2a: Bullet
|-singleturn|p2a: Bullet|Protect
|move|p1a: Starmie|Signal Beam|p2a: Bullet
|-activate|p2a: Bullet|Protect
|
|-heal|p2a: Bullet|77\/331|[from] item: Leftovers
|turn|44
|
|move|p1a: Starmie|Hydro Pump|p2a: Bullet
|-damage|p2a: Bullet|0 fnt
|-damage|p1a: Starmie|0 fnt|[from] item: Life Orb
|faint|p2a: Bullet
|faint|p1a: Starmie
|
|
|switch|p1a: Blissey|Blissey, F|652\/652
|switch|p2a: Snuggles|Granbull, M, shiny|384\/384
|-damage|p2a: Snuggles|336\/384|[from] Stealth Rock
|-damage|p2a: Snuggles|240\/384|[from] Spikes
|-ability|p2a: Snuggles|Intimidate|[of] p1a: Blissey
|-unboost|p1a: Blissey|atk|1
|turn|45
|
|move|p1a: Blissey|Toxic|p2a: Snuggles
|-status|p2a: Snuggles|tox
|move|p2a: Snuggles|Thunder Wave|p1a: Blissey
|-status|p1a: Blissey|par
|
|-heal|p2a: Snuggles|264\/384 tox|[from] item: Leftovers
|-damage|p2a: Snuggles|240\/384 tox|[from] psn
|turn|46
|chat|This Many Fucks|i know you're mad you got outplayed but life goes on
|
|move|p2a: Snuggles|Play Rough|p1a: Blissey|[miss]
|-miss|p2a: Snuggles|p1a: Blissey
|move|p1a: Blissey|Seismic Toss|p2a: Snuggles
|-damage|p2a: Snuggles|140\/384 tox
|
|-heal|p2a: Snuggles|164\/384 tox|[from] item: Leftovers
|-damage|p2a: Snuggles|116\/384 tox|[from] psn
|turn|47
|chat|SharpedoMan|i got outplayed?
|chat|SharpedoMan|i got haxed lol
|
|move|p2a: Snuggles|Rest|p2a: Snuggles
|-status|p2a: Snuggles|slp
|-heal|p2a: Snuggles|384\/384 slp|[silent]
|-status|p2a: Snuggles|slp|[from] move: Rest
|move|p1a: Blissey|Seismic Toss|p2a: Snuggles
|-damage|p2a: Snuggles|284\/384 slp
|
|-heal|p2a: Snuggles|308\/384 slp|[from] item: Leftovers
|turn|48
|
|cant|p2a: Snuggles|slp
|move|p2a: Snuggles|Sleep Talk|p2a: Snuggles
|move|p2a: Snuggles|Rest|p2a: Snuggles|[from]Sleep Talk
|-fail|p2a: Snuggles
|move|p1a: Blissey|Seismic Toss|p2a: Snuggles
|-damage|p2a: Snuggles|208\/384 slp
|
|-heal|p2a: Snuggles|232\/384 slp|[from] item: Leftovers
|turn|49
|
|cant|p2a: Snuggles|slp
|move|p2a: Snuggles|Sleep Talk|p2a: Snuggles
|move|p2a: Snuggles|Thunder Wave|p1a: Blissey|[from]Sleep Talk
|-fail|p1a: Blissey|par
|move|p1a: Blissey|Seismic Toss|p2a: Snuggles
|-damage|p2a: Snuggles|132\/384 slp
|
|-heal|p2a: Snuggles|156\/384 slp|[from] item: Leftovers
|turn|50
|
|switch|p1a: Walnut|Forretress, M, shiny|247\/354
|-curestatus|p2a: Snuggles|slp
|move|p2a: Snuggles|Play Rough|p1a: Walnut
|-resisted|p1a: Walnut
|-damage|p1a: Walnut|214\/354
|
|-heal|p2a: Snuggles|180\/384|[from] item: Leftovers
|-heal|p1a: Walnut|236\/354|[from] item: Leftovers
|turn|51
|
|move|p2a: Snuggles|Rest|p2a: Snuggles
|-status|p2a: Snuggles|slp
|-heal|p2a: Snuggles|384\/384 slp|[silent]
|-status|p2a: Snuggles|slp|[from] move: Rest
|move|p1a: Walnut|Volt Switch|p2a: Snuggles
|-damage|p2a: Snuggles|332\/384 slp
|
|switch|p1a: Clit|Alomomola, F|295\/515 tox
|
|-heal|p1a: Clit|327\/515 tox|[from] item: Leftovers
|-heal|p2a: Snuggles|356\/384 slp|[from] item: Leftovers
|-damage|p1a: Clit|295\/515 tox|[from] psn
|turn|52
|
|move|p1a: Clit|Wish|p1a: Clit
|cant|p2a: Snuggles|slp
|move|p2a: Snuggles|Sleep Talk|p2a: Snuggles
|move|p2a: Snuggles|Thunder Wave|p1a: Clit|[from]Sleep Talk
|-fail|p1a: Clit
|
|-heal|p1a: Clit|327\/515 tox|[from] item: Leftovers
|-heal|p2a: Snuggles|380\/384 slp|[from] item: Leftovers
|-damage|p1a: Clit|263\/515 tox|[from] psn
|turn|53
|
|switch|p1a: Walnut|Forretress, M, shiny|236\/354
|cant|p2a: Snuggles|slp
|move|p2a: Snuggles|Sleep Talk|p2a: Snuggles
|move|p2a: Snuggles|Thunder Wave|p1a: Walnut|[from]Sleep Talk
|-status|p1a: Walnut|par
|
|-heal|p1a: Walnut|354\/354 par|[from] move: Wish|[wisher] Clit
|-heal|p2a: Snuggles|384\/384 slp|[from] item: Leftovers
|turn|54
|
|-curestatus|p2a: Snuggles|slp
|move|p2a: Snuggles|Play Rough|p1a: Walnut
|-resisted|p1a: Walnut
|-damage|p1a: Walnut|318\/354 par
|cant|p1a: Walnut|par
|
|-heal|p1a: Walnut|340\/354 par|[from] item: Leftovers
|turn|55
|
|move|p2a: Snuggles|Thunder Wave|p1a: Walnut
|-fail|p1a: Walnut|par
|move|p1a: Walnut|Toxic|p2a: Snuggles
|-status|p2a: Snuggles|tox
|
|-heal|p1a: Walnut|354\/354 par|[from] item: Leftovers
|-damage|p2a: Snuggles|360\/384 tox|[from] psn
|turn|56
|
|move|p2a: Snuggles|Thunder Wave|p1a: Walnut
|-fail|p1a: Walnut|par
|cant|p1a: Walnut|par
|
|-heal|p2a: Snuggles|384\/384 tox|[from] item: Leftovers
|-damage|p2a: Snuggles|336\/384 tox|[from] psn
|turn|57
|chat|This Many Fucks|explain to me how you win this lol
|
|move|p2a: Snuggles|Thunder Wave|p1a: Walnut
|-fail|p1a: Walnut|par
|cant|p1a: Walnut|par
|
|-heal|p2a: Snuggles|360\/384 tox|[from] item: Leftovers
|-damage|p2a: Snuggles|288\/384 tox|[from] psn
|turn|58
|
|move|p2a: Snuggles|Rest|p2a: Snuggles
|-status|p2a: Snuggles|slp
|-heal|p2a: Snuggles|384\/384 slp|[silent]
|-status|p2a: Snuggles|slp|[from] move: Rest
|move|p1a: Walnut|Rapid Spin|p2a: Snuggles
|-damage|p2a: Snuggles|373\/384 slp
|
|-heal|p2a: Snuggles|384\/384 slp|[from] item: Leftovers
|turn|59
|chat|SharpedoMan|pp stall 
|chat|SharpedoMan|lol
|
|cant|p2a: Snuggles|slp
|move|p1a: Walnut|Volt Switch|p2a: Snuggles
|-damage|p2a: Snuggles|325\/384 slp
|chat|This Many Fucks|haha good luck pp stalling 3 pokes...
|
|switch|p1a: Blissey|Blissey, F|652\/652
|
|-heal|p2a: Snuggles|349\/384 slp|[from] item: Leftovers
|turn|60
|
|move|p1a: Blissey|Seismic Toss|p2a: Snuggles
|-damage|p2a: Snuggles|249\/384 slp
|cant|p2a: Snuggles|slp
|move|p2a: Snuggles|Sleep Talk|p2a: Snuggles
|move|p2a: Snuggles|Play Rough|p1a: Blissey|[from]Sleep Talk|[miss]
|-miss|p2a: Snuggles|p1a: Blissey
|
|-heal|p2a: Snuggles|273\/384 slp|[from] item: Leftovers
|turn|61
|
|move|p1a: Blissey|Seismic Toss|p2a: Snuggles
|-damage|p2a: Snuggles|173\/384 slp
|-curestatus|p2a: Snuggles|slp
|move|p2a: Snuggles|Play Rough|p1a: Blissey
|-crit|p1a: Blissey
|-damage|p1a: Blissey|306\/652
|
|-heal|p1a: Blissey|346\/652|[from] item: Leftovers
|-heal|p2a: Snuggles|197\/384|[from] item: Leftovers
|turn|62
|
|switch|p1a: Walnut|Forretress, M, shiny|354\/354 par
|move|p2a: Snuggles|Rest|p2a: Snuggles
|-status|p2a: Snuggles|slp
|-heal|p2a: Snuggles|384\/384 slp|[silent]
|-status|p2a: Snuggles|slp|[from] move: Rest
|
|turn|63
|
|switch|p1a: Blissey|Blissey, F|346\/652
|cant|p2a: Snuggles|slp
|
|-heal|p1a: Blissey|386\/652|[from] item: Leftovers
|turn|64
|
|move|p1a: Blissey|Soft-Boiled|p1a: Blissey
|-heal|p1a: Blissey|652\/652
|cant|p2a: Snuggles|slp
|move|p2a: Snuggles|Sleep Talk|p2a: Snuggles
|move|p2a: Snuggles|Play Rough|p1a: Blissey|[from]Sleep Talk|[miss]
|-miss|p2a: Snuggles|p1a: Blissey
|
|turn|65
|chat|SharpedoMan|lmao
|chat|SharpedoMan|jesus
|chat|SharpedoMan|the game just does not want me to win
|
|switch|p1a: Walnut|Forretress, M, shiny|354\/354 par
|-curestatus|p2a: Snuggles|slp
|move|p2a: Snuggles|Sleep Talk|p2a: Snuggles
|-fail|p2a: Snuggles
|
|turn|66
|
|move|p2a: Snuggles|Thunder Wave|p1a: Walnut
|-fail|p1a: Walnut|par
|move|p1a: Walnut|Rapid Spin|p2a: Snuggles
|-damage|p2a: Snuggles|373\/384
|
|-heal|p2a: Snuggles|384\/384|[from] item: Leftovers
|turn|67
|
|move|p2a: Snuggles|Thunder Wave|p1a: Walnut
|-fail|p1a: Walnut|par
|cant|p1a: Walnut|par
|
|turn|68
|
|move|p2a: Snuggles|Thunder Wave|p1a: Walnut
|-fail|p1a: Walnut|par
|cant|p1a: Walnut|par
|
|turn|69
|chat|SharpedoMan|lol
|chat|This Many Fucks|this is actually really good
|chat|SharpedoMan|it doesnt even want me to pp stall
|chat|SharpedoMan|and just keeps paralyzing u
|
|move|p2a: Snuggles|Thunder Wave|p1a: Walnut
|-fail|p1a: Walnut|par
|move|p1a: Walnut|Rapid Spin|p2a: Snuggles
|-damage|p2a: Snuggles|373\/384
|
|-heal|p2a: Snuggles|384\/384|[from] item: Leftovers
|turn|70
|chat|This Many Fucks|just forfeit, you get stalled out long before i do
|
|move|p2a: Snuggles|Thunder Wave|p1a: Walnut
|-fail|p1a: Walnut|par
|move|p1a: Walnut|Spikes|p2a: Snuggles
|-fail|p2a: Snuggles
|
|turn|71
|chat|This Many Fucks|i have 32 spikes and 64 rapid spins... i'm not going to damage you so you can rest....
|
|move|p2a: Snuggles|Thunder Wave|p1a: Walnut
|-fail|p1a: Walnut|par
|move|p1a: Walnut|Spikes|p2a: Snuggles
|-fail|p2a: Snuggles
|
|turn|72
|
|move|p2a: Snuggles|Thunder Wave|p1a: Walnut
|-fail|p1a: Walnut|par
|move|p1a: Walnut|Spikes|p2a: Snuggles
|-fail|p2a: Snuggles
|
|turn|73
|
|move|p2a: Snuggles|Thunder Wave|p1a: Walnut
|-fail|p1a: Walnut|par
|move|p1a: Walnut|Spikes|p2a: Snuggles
|-fail|p2a: Snuggles
|
|turn|74
|
|move|p2a: Snuggles|Thunder Wave|p1a: Walnut
|-fail|p1a: Walnut|par
|move|p1a: Walnut|Spikes|p2a: Snuggles
|-fail|p2a: Snuggles
|
|turn|75
|chat|SharpedoMan|well
|chat|SharpedoMan|granbull doesnt go down without a fight
|
|move|p2a: Snuggles|Thunder Wave|p1a: Walnut
|-fail|p1a: Walnut|par
|move|p1a: Walnut|Spikes|p2a: Snuggles
|-fail|p2a: Snuggles
|
|turn|76
|
|move|p2a: Snuggles|Thunder Wave|p1a: Walnut
|-fail|p1a: Walnut|par
|move|p1a: Walnut|Spikes|p2a: Snuggles
|-fail|p2a: Snuggles
|
|turn|77
|
|move|p2a: Snuggles|Thunder Wave|p1a: Walnut
|-fail|p1a: Walnut|par
|move|p1a: Walnut|Spikes|p2a: Snuggles
|-fail|p2a: Snuggles
|
|turn|78
|chat|This Many Fucks|sigh. you'd rather waste everyone's time than admit defeat and forfeit like a man
|
|move|p2a: Snuggles|Thunder Wave|p1a: Walnut
|-fail|p1a: Walnut|par
|cant|p1a: Walnut|par
|
|turn|79
|chat|SharpedoMan|lol
|chat|SharpedoMan|im playing other matches
|chat|SharpedoMan|since a long time ago
|chat|This Many Fucks|me too scrub. so what's the point?
|
|move|p2a: Snuggles|Thunder Wave|p1a: Walnut
|-fail|p1a: Walnut|par
|cant|p1a: Walnut|par
|
|turn|80
|
|move|p2a: Snuggles|Thunder Wave|p1a: Walnut
|-fail|p1a: Walnut|par
|cant|p1a: Walnut|par
|
|turn|81
|
|move|p2a: Snuggles|Thunder Wave|p1a: Walnut
|-fail|p1a: Walnut|par
|move|p1a: Walnut|Rapid Spin|p2a: Snuggles
|-damage|p2a: Snuggles|374\/384
|
|-heal|p2a: Snuggles|384\/384|[from] item: Leftovers
|turn|82
|
|move|p2a: Snuggles|Thunder Wave|p1a: Walnut
|-fail|p1a: Walnut|par
|cant|p1a: Walnut|par
|
|turn|83
|
|move|p2a: Snuggles|Thunder Wave|p1a: Walnut
|-fail|p1a: Walnut|par
|move|p1a: Walnut|Rapid Spin|p2a: Snuggles
|-damage|p2a: Snuggles|372\/384
|
|-heal|p2a: Snuggles|384\/384|[from] item: Leftovers
|turn|84
|chat|SharpedoMan|xD
|
|move|p2a: Snuggles|Thunder Wave|p1a: Walnut
|-fail|p1a: Walnut|par
|move|p1a: Walnut|Rapid Spin|p2a: Snuggles
|-damage|p2a: Snuggles|374\/384
|
|-heal|p2a: Snuggles|384\/384|[from] item: Leftovers
|turn|85
|
|move|p2a: Snuggles|Thunder Wave|p1a: Walnut
|-fail|p1a: Walnut|par
|move|p1a: Walnut|Rapid Spin|p2a: Snuggles
|-damage|p2a: Snuggles|374\/384
|
|-heal|p2a: Snuggles|384\/384|[from] item: Leftovers
|turn|86
|
|move|p2a: Snuggles|Thunder Wave|p1a: Walnut
|-fail|p1a: Walnut|par
|move|p1a: Walnut|Rapid Spin|p2a: Snuggles
|-damage|p2a: Snuggles|374\/384
|
|-heal|p2a: Snuggles|384\/384|[from] item: Leftovers
|turn|87
|
|move|p2a: Snuggles|Thunder Wave|p1a: Walnut
|-fail|p1a: Walnut|par
|move|p1a: Walnut|Rapid Spin|p2a: Snuggles
|-damage|p2a: Snuggles|373\/384
|
|-heal|p2a: Snuggles|384\/384|[from] item: Leftovers
|turn|88
|
|move|p2a: Snuggles|Thunder Wave|p1a: Walnut
|-fail|p1a: Walnut|par
|move|p1a: Walnut|Rapid Spin|p2a: Snuggles
|-crit|p2a: Snuggles
|-damage|p2a: Snuggles|368\/384
|
|-heal|p2a: Snuggles|384\/384|[from] item: Leftovers
|turn|89
|
|move|p2a: Snuggles|Thunder Wave|p1a: Walnut
|-fail|p1a: Walnut|par
|move|p1a: Walnut|Rapid Spin|p2a: Snuggles
|-damage|p2a: Snuggles|373\/384
|
|-heal|p2a: Snuggles|384\/384|[from] item: Leftovers
|turn|90
|chat|SharpedoMan|alrighty
|chat|SharpedoMan|i made my points that i would of lost in this match
|chat|SharpedoMan|so gg
|
|move|p2a: Snuggles|Thunder Wave|p1a: Walnut
|-fail|p1a: Walnut|par
|move|p1a: Walnut|Rapid Spin|p2a: Snuggles
|-damage|p2a: Snuggles|374\/384
|
|-heal|p2a: Snuggles|384\/384|[from] item: Leftovers
|turn|91
|
|move|p2a: Snuggles|Thunder Wave|p1a: Walnut
|-fail|p1a: Walnut|par
|move|p1a: Walnut|Rapid Spin|p2a: Snuggles
|-damage|p2a: Snuggles|374\/384
|
|-heal|p2a: Snuggles|384\/384|[from] item: Leftovers
|turn|92
|chat|This Many Fucks|gg
|-message|SharpedoMan forfeited.
|
|win|This Many Fucks
|raw|Ladder updating...
|leave|SharpedoMan
|player|p2
|raw|This Many Fucks's rating: 1526 &rarr; <strong>1537<\/strong><br \/>(+11 for winning)
|raw|SharpedoMan's rating: 1366 &rarr; <strong>1355<\/strong><br \/>(-11 for losing)