|join|This Many Fucks
|join|raglbeez
|player|p1|This Many Fucks|172
|player|p2|raglbeez|1
|gametype|singles
|gen|6
|tier|UU
|rated
|rule|Sleep Clause Mod: Limit one foe put to sleep
|rule|Species Clause: Limit one of each PokÃ©mon
|rule|OHKO Clause: OHKO moves are banned
|rule|Moody Clause: Moody is banned
|rule|Evasion Moves Clause: Evasion moves are banned
|rule|Endless Battle Clause: Forcing endless battles is banned
|rule|HP Percentage Mod: HP is shown in percentages
|clearpoke
|poke|p1|Infernape, F
|poke|p1|Aerodactyl, M
|poke|p1|Chesnaught, F
|poke|p1|Vaporeon, F
|poke|p1|Forretress, M, shiny
|poke|p1|Hydreigon, M
|poke|p2|Crobat, F
|poke|p2|Infernape, F
|poke|p2|Mismagius, M
|poke|p2|Ampharos, M
|poke|p2|Florges, F
|poke|p2|Swampert, F
|rule|Swagger Clause: Swagger is banned
|rule|Baton Pass Clause: Limit one PokÃ©mon knowing Baton Pass
|teampreview
|
|start
|switch|p1a: Petrie|Aerodactyl, M|321\/321
|switch|p2a: Mismagius|Mismagius, M|262\/262
|turn|1
|
|detailschange|p1a: Petrie|Aerodactyl-Mega, M
|-mega|p1a: Petrie|Aerodactyl|Aerodactylite
|move|p1a: Petrie|Pursuit|p2a: Mismagius|[from]Pursuit
|-supereffective|p2a: Mismagius
|-damage|p2a: Mismagius|0 fnt
|faint|p2a: Mismagius
|
|
|switch|p2a: Swampert|Swampert, F|392\/392
|turn|2
|
|switch|p1a: Chesnaughtyinbed|Chesnaught, F|380\/380
|switch|p2a: Ampharos|Ampharos, M|384\/384
|
|turn|3
|
|detailschange|p2a: Ampharos|Ampharos-Mega, M
|-mega|p2a: Ampharos|Ampharos|Ampharosite
|-ability|p2a: Ampharos|Mold Breaker
|move|p1a: Chesnaughtyinbed|Spikes|p2a: Ampharos
|-sidestart|p2: raglbeez|Spikes
|move|p2a: Ampharos|Volt Switch|p1a: Chesnaughtyinbed
|-crit|p1a: Chesnaughtyinbed
|-resisted|p1a: Chesnaughtyinbed
|-damage|p1a: Chesnaughtyinbed|293\/380
|
|switch|p2a: Crobat|Crobat, F|373\/373
|
|-heal|p1a: Chesnaughtyinbed|316\/380|[from] item: Leftovers
|turn|4
|
|move|p1a: Chesnaughtyinbed|Spiky Shield|p1a: Chesnaughtyinbed
|-singleturn|p1a: Chesnaughtyinbed|move: Protect
|move|p2a: Crobat|Defog|p1a: Chesnaughtyinbed
|-activate|p1a: Chesnaughtyinbed|move: Protect
|
|-heal|p1a: Chesnaughtyinbed|339\/380|[from] item: Leftovers
|turn|5
|
|switch|p1a: Petrie|Aerodactyl-Mega, M|321\/321
|move|p2a: Crobat|U-turn|p1a: Petrie
|-resisted|p1a: Petrie
|-damage|p1a: Petrie|289\/321
|
|switch|p2a: Swampert|Swampert, F|392\/392
|-damage|p2a: Swampert|343\/392|[from] Spikes
|
|turn|6
|
|switch|p1a: Ariel|Vaporeon, F|451\/451
|move|p2a: Swampert|Earthquake|p1a: Ariel
|-damage|p1a: Ariel|169\/451
|
|-heal|p1a: Ariel|197\/451|[from] item: Leftovers
|turn|7
|
|switch|p2a: Ampharos|Ampharos-Mega, M|384\/384
|-damage|p2a: Ampharos|336\/384|[from] Spikes
|-ability|p2a: Ampharos|Mold Breaker
|move|p1a: Ariel|Protect|p1a: Ariel
|-fail|p1a: Ariel
|
|-heal|p1a: Ariel|225\/451|[from] item: Leftovers
|turn|8
|
|move|p1a: Ariel|Protect|p1a: Ariel
|-singleturn|p1a: Ariel|Protect
|move|p2a: Ampharos|Volt Switch|p1a: Ariel
|-activate|p1a: Ariel|Protect
|
|-heal|p1a: Ariel|253\/451|[from] item: Leftovers
|turn|9
|
|switch|p1a: Chesnaughtyinbed|Chesnaught, F|339\/380
|move|p2a: Ampharos|Volt Switch|p1a: Chesnaughtyinbed
|-resisted|p1a: Chesnaughtyinbed
|-damage|p1a: Chesnaughtyinbed|282\/380
|
|switch|p2a: Infernape|Infernape, F|293\/293
|-damage|p2a: Infernape|257\/293|[from] Spikes
|
|-heal|p1a: Chesnaughtyinbed|305\/380|[from] item: Leftovers
|turn|10
|
|move|p1a: Chesnaughtyinbed|Spiky Shield|p1a: Chesnaughtyinbed
|-singleturn|p1a: Chesnaughtyinbed|move: Protect
|move|p2a: Infernape|Fire Blast|p1a: Chesnaughtyinbed
|-activate|p1a: Chesnaughtyinbed|move: Protect
|
|-heal|p1a: Chesnaughtyinbed|328\/380|[from] item: Leftovers
|turn|11
|
|switch|p1a: Petrie|Aerodactyl-Mega, M|289\/321
|move|p2a: Infernape|Fire Blast|p1a: Petrie
|-resisted|p1a: Petrie
|-damage|p1a: Petrie|192\/321
|-damage|p2a: Infernape|228\/293|[from] item: Life Orb
|
|turn|12
|
|switch|p2a: Ampharos|Ampharos-Mega, M|336\/384
|-damage|p2a: Ampharos|288\/384|[from] Spikes
|-ability|p2a: Ampharos|Mold Breaker
|move|p1a: Petrie|Aerial Ace|p2a: Ampharos
|-resisted|p2a: Ampharos
|-damage|p2a: Ampharos|234\/384
|
|turn|13
|
|switch|p1a: Chesnaughtyinbed|Chesnaught, F|328\/380
|move|p2a: Ampharos|Volt Switch|p1a: Chesnaughtyinbed
|-resisted|p1a: Chesnaughtyinbed
|-damage|p1a: Chesnaughtyinbed|274\/380
|
|switch|p2a: Crobat|Crobat, F|373\/373
|
|-heal|p1a: Chesnaughtyinbed|297\/380|[from] item: Leftovers
|turn|14
|
|move|p2a: Crobat|Defog|p1a: Chesnaughtyinbed
|-unboost|p1a: Chesnaughtyinbed|evasion|1
|-sideend|p2: raglbeez|Spikes|[from] move: Defog|[of] p2a: Crobat
|move|p1a: Chesnaughtyinbed|Leech Seed|p2a: Crobat|[miss]
|-miss|p1a: Chesnaughtyinbed|p2a: Crobat
|
|-heal|p1a: Chesnaughtyinbed|320\/380|[from] item: Leftovers
|turn|15
|
|move|p1a: Chesnaughtyinbed|Spiky Shield|p1a: Chesnaughtyinbed
|-singleturn|p1a: Chesnaughtyinbed|move: Protect
|move|p2a: Crobat|Brave Bird|p1a: Chesnaughtyinbed
|-activate|p1a: Chesnaughtyinbed|move: Protect
|-damage|p2a: Crobat|327\/373|[from] Spiky Shield|[of] p1a: Chesnaughtyinbed
|
|-heal|p2a: Crobat|350\/373|[from] item: Black Sludge
|-heal|p1a: Chesnaughtyinbed|343\/380|[from] item: Leftovers
|turn|16
|
|switch|p1a: Walnut|Forretress, M, shiny|354\/354
|move|p2a: Crobat|U-turn|p1a: Walnut
|-resisted|p1a: Walnut
|-damage|p1a: Walnut|338\/354
|
|switch|p2a: Infernape|Infernape, F|228\/293
|
|-heal|p1a: Walnut|354\/354|[from] item: Leftovers
|turn|17
|
|move|p2a: Infernape|Fire Blast|p1a: Walnut|[miss]
|-miss|p2a: Infernape|p1a: Walnut
|move|p1a: Walnut|Stealth Rock|p2a: Infernape
|-sidestart|p2: raglbeez|move: Stealth Rock
|
|turn|18
|
|switch|p1a: Hydreigon|Hydreigon, M|325\/325
|move|p2a: Infernape|Fire Blast|p1a: Hydreigon
|-resisted|p1a: Hydreigon
|-damage|p1a: Hydreigon|225\/325
|-damage|p2a: Infernape|199\/293|[from] item: Life Orb
|
|turn|19
|
|move|p1a: Hydreigon|U-turn|p2a: Infernape
|-resisted|p2a: Infernape
|-damage|p2a: Infernape|183\/293
|
|switch|p1a: Chesnaughtyinbed|Chesnaught, F|343\/380
|move|p2a: Infernape|Close Combat|p1a: Chesnaughtyinbed
|-damage|p1a: Chesnaughtyinbed|158\/380
|-unboost|p2a: Infernape|def|1
|-unboost|p2a: Infernape|spd|1
|-damage|p2a: Infernape|154\/293|[from] item: Life Orb
|
|-heal|p1a: Chesnaughtyinbed|181\/380|[from] item: Leftovers
|turn|20
|
|move|p1a: Chesnaughtyinbed|Spiky Shield|p1a: Chesnaughtyinbed
|-singleturn|p1a: Chesnaughtyinbed|move: Protect
|move|p2a: Infernape|Fire Blast|p1a: Chesnaughtyinbed
|-activate|p1a: Chesnaughtyinbed|move: Protect
|
|-heal|p1a: Chesnaughtyinbed|204\/380|[from] item: Leftovers
|turn|21
|
|switch|p1a: Infernape|Infernape, F|293\/293
|move|p2a: Infernape|Close Combat|p1a: Infernape
|-damage|p1a: Infernape|0 fnt
|-unboost|p2a: Infernape|def|1
|-unboost|p2a: Infernape|spd|1
|-damage|p2a: Infernape|125\/293|[from] item: Life Orb
|faint|p1a: Infernape
|
|
|switch|p1a: Hydreigon|Hydreigon, M|225\/325
|turn|22
|
|move|p2a: Infernape|Mach Punch|p1a: Hydreigon
|-supereffective|p1a: Hydreigon
|-damage|p1a: Hydreigon|20\/325
|-damage|p2a: Infernape|96\/293|[from] item: Life Orb
|move|p1a: Hydreigon|Dark Pulse|p2a: Infernape
|-resisted|p2a: Infernape
|-damage|p2a: Infernape|0 fnt
|faint|p2a: Infernape
|
|
|switch|p2a: Crobat|Crobat, F|350\/373
|-damage|p2a: Crobat|257\/373|[from] Stealth Rock
|turn|23
|
|move|p1a: Hydreigon|Dark Pulse|p2a: Crobat
|-crit|p2a: Crobat
|-damage|p2a: Crobat|0 fnt
|faint|p2a: Crobat
|
|
|switch|p2a: Florges|Florges, F|360\/360
|-damage|p2a: Florges|315\/360|[from] Stealth Rock
|turn|24
|
|switch|p1a: Walnut|Forretress, M, shiny|354\/354
|move|p2a: Florges|Moonblast|p1a: Walnut
|-resisted|p1a: Walnut
|-damage|p1a: Walnut|261\/354
|
|-heal|p2a: Florges|337\/360|[from] item: Leftovers
|-heal|p1a: Walnut|283\/354|[from] item: Leftovers
|turn|25
|
|switch|p2a: Ampharos|Ampharos-Mega, M|234\/384
|-damage|p2a: Ampharos|186\/384|[from] Stealth Rock
|-ability|p2a: Ampharos|Mold Breaker
|move|p1a: Walnut|Toxic|p2a: Ampharos
|-status|p2a: Ampharos|tox
|
|-heal|p1a: Walnut|305\/354|[from] item: Leftovers
|-damage|p2a: Ampharos|162\/384 tox|[from] psn
|turn|26
|
|switch|p1a: Chesnaughtyinbed|Chesnaught, F|204\/380
|move|p2a: Ampharos|Volt Switch|p1a: Chesnaughtyinbed
|-resisted|p1a: Chesnaughtyinbed
|-damage|p1a: Chesnaughtyinbed|150\/380
|
|switch|p2a: Florges|Florges, F|337\/360
|-damage|p2a: Florges|292\/360|[from] Stealth Rock
|
|-heal|p2a: Florges|314\/360|[from] item: Leftovers
|-heal|p1a: Chesnaughtyinbed|173\/380|[from] item: Leftovers
|turn|27
|
|move|p2a: Florges|Aromatherapy|p2a: Florges
|-cureteam|p2a: Florges|[from] move: Aromatherapy
|move|p1a: Chesnaughtyinbed|Leech Seed|p2a: Florges
|-start|p2a: Florges|move: Leech Seed
|
|-heal|p2a: Florges|336\/360|[from] item: Leftovers
|-heal|p1a: Chesnaughtyinbed|196\/380|[from] item: Leftovers
|-damage|p2a: Florges|291\/360|[from] Leech Seed|[of] p1a: Chesnaughtyinbed
|-heal|p1a: Chesnaughtyinbed|241\/380|[silent]
|turn|28
|
|move|p2a: Florges|Moonblast|p1a: Chesnaughtyinbed
|-supereffective|p1a: Chesnaughtyinbed
|-damage|p1a: Chesnaughtyinbed|13\/380
|move|p1a: Chesnaughtyinbed|Drain Punch|p2a: Florges
|-resisted|p2a: Florges
|-damage|p2a: Florges|243\/360
|-heal|p1a: Chesnaughtyinbed|37\/380|[from] drain|[of] p2a: Florges
|
|-heal|p2a: Florges|265\/360|[from] item: Leftovers
|-heal|p1a: Chesnaughtyinbed|60\/380|[from] item: Leftovers
|-damage|p2a: Florges|220\/360|[from] Leech Seed|[of] p1a: Chesnaughtyinbed
|-heal|p1a: Chesnaughtyinbed|105\/380|[silent]
|turn|29
|
|switch|p1a: Walnut|Forretress, M, shiny|305\/354
|move|p2a: Florges|Moonblast|p1a: Walnut
|-resisted|p1a: Walnut
|-damage|p1a: Walnut|206\/354
|
|-heal|p2a: Florges|242\/360|[from] item: Leftovers
|-heal|p1a: Walnut|228\/354|[from] item: Leftovers
|-damage|p2a: Florges|197\/360|[from] Leech Seed|[of] p1a: Walnut
|-heal|p1a: Walnut|273\/354|[silent]
|turn|30
|
|move|p2a: Florges|Wish|p2a: Florges
|move|p1a: Walnut|Toxic|p2a: Florges|[miss]
|-miss|p1a: Walnut|p2a: Florges
|
|-heal|p2a: Florges|219\/360|[from] item: Leftovers
|-heal|p1a: Walnut|295\/354|[from] item: Leftovers
|-damage|p2a: Florges|174\/360|[from] Leech Seed|[of] p1a: Walnut
|-heal|p1a: Walnut|340\/354|[silent]
|turn|31
|
|switch|p2a: Ampharos|Ampharos-Mega, M|162\/384
|-damage|p2a: Ampharos|114\/384|[from] Stealth Rock
|-ability|p2a: Ampharos|Mold Breaker
|move|p1a: Walnut|Toxic|p2a: Ampharos
|-status|p2a: Ampharos|tox
|
|-heal|p2a: Ampharos|294\/384 tox|[from] move: Wish|[wisher] Florges
|-heal|p1a: Walnut|354\/354|[from] item: Leftovers
|-damage|p2a: Ampharos|270\/384 tox|[from] psn
|turn|32
|
|switch|p1a: Chesnaughtyinbed|Chesnaught, F|105\/380
|move|p2a: Ampharos|Volt Switch|p1a: Chesnaughtyinbed
|-crit|p1a: Chesnaughtyinbed
|-resisted|p1a: Chesnaughtyinbed
|-damage|p1a: Chesnaughtyinbed|15\/380
|
|switch|p2a: Florges|Florges, F|174\/360
|-damage|p2a: Florges|129\/360|[from] Stealth Rock
|
|-heal|p2a: Florges|151\/360|[from] item: Leftovers
|-heal|p1a: Chesnaughtyinbed|38\/380|[from] item: Leftovers
|turn|33
|
|move|p2a: Florges|Wish|p2a: Florges
|move|p1a: Chesnaughtyinbed|Spikes|p2a: Florges
|-sidestart|p2: raglbeez|Spikes
|
|-heal|p2a: Florges|173\/360|[from] item: Leftovers
|-heal|p1a: Chesnaughtyinbed|61\/380|[from] item: Leftovers
|turn|34
|
|move|p1a: Chesnaughtyinbed|Spiky Shield|p1a: Chesnaughtyinbed
|-singleturn|p1a: Chesnaughtyinbed|move: Protect
|move|p2a: Florges|Moonblast|p1a: Chesnaughtyinbed
|-activate|p1a: Chesnaughtyinbed|move: Protect
|
|-heal|p2a: Florges|353\/360|[from] move: Wish|[wisher] Florges
|-heal|p2a: Florges|360\/360|[from] item: Leftovers
|-heal|p1a: Chesnaughtyinbed|84\/380|[from] item: Leftovers
|turn|35
|
|switch|p1a: Ariel|Vaporeon, F|253\/451
|move|p2a: Florges|Moonblast|p1a: Ariel
|-damage|p1a: Ariel|145\/451
|
|-heal|p1a: Ariel|173\/451|[from] item: Leftovers
|turn|36
|
|switch|p2a: Ampharos|Ampharos-Mega, M|270\/384 tox
|-damage|p2a: Ampharos|222\/384 tox|[from] Stealth Rock
|-damage|p2a: Ampharos|174\/384 tox|[from] Spikes
|-ability|p2a: Ampharos|Mold Breaker
|move|p1a: Ariel|Wish|p1a: Ariel
|
|-heal|p1a: Ariel|201\/451|[from] item: Leftovers
|-damage|p2a: Ampharos|150\/384 tox|[from] psn
|turn|37
|
|move|p1a: Ariel|Protect|p1a: Ariel
|-singleturn|p1a: Ariel|Protect
|move|p2a: Ampharos|Dragon Pulse|p1a: Ariel
|-activate|p1a: Ariel|Protect
|
|-heal|p1a: Ariel|426\/451|[from] move: Wish|[wisher] Ariel
|-heal|p1a: Ariel|451\/451|[from] item: Leftovers
|-damage|p2a: Ampharos|102\/384 tox|[from] psn
|turn|38
|
|move|p1a: Ariel|Wish|p1a: Ariel
|move|p2a: Ampharos|Rest|p2a: Ampharos
|-status|p2a: Ampharos|slp
|-heal|p2a: Ampharos|384\/384 slp|[silent]
|-status|p2a: Ampharos|slp|[from] move: Rest
|
|turn|39
|
|switch|p1a: Chesnaughtyinbed|Chesnaught, F|84\/380
|cant|p2a: Ampharos|slp
|move|p2a: Ampharos|Sleep Talk|p2a: Ampharos
|move|p2a: Ampharos|Dragon Pulse|p1a: Chesnaughtyinbed|[from]Sleep Talk
|-damage|p1a: Chesnaughtyinbed|0 fnt
|faint|p1a: Chesnaughtyinbed
|
|
|switch|p1a: Hydreigon|Hydreigon, M|20\/325
|turn|40
|
|switch|p2a: Florges|Florges, F|360\/360
|-damage|p2a: Florges|315\/360|[from] Spikes
|-damage|p2a: Florges|270\/360|[from] Stealth Rock
|move|p1a: Hydreigon|U-turn|p2a: Florges
|-resisted|p2a: Florges
|-damage|p2a: Florges|244\/360
|
|switch|p1a: Petrie|Aerodactyl-Mega, M|192\/321
|
|-heal|p2a: Florges|266\/360|[from] item: Leftovers
|turn|41
|
|move|p1a: Petrie|Aerial Ace|p2a: Florges
|-damage|p2a: Florges|113\/360
|move|p2a: Florges|Moonblast|p1a: Petrie
|-damage|p1a: Petrie|60\/321
|
|-heal|p2a: Florges|135\/360|[from] item: Leftovers
|turn|42
|
|move|p1a: Petrie|Roost|p1a: Petrie
|-heal|p1a: Petrie|221\/321
|move|p2a: Florges|Moonblast|p1a: Petrie
|-damage|p1a: Petrie|97\/321
|
|-heal|p2a: Florges|157\/360|[from] item: Leftovers
|turn|43
|
|move|p1a: Petrie|Roost|p1a: Petrie
|-heal|p1a: Petrie|258\/321
|move|p2a: Florges|Moonblast|p1a: Petrie
|-damage|p1a: Petrie|120\/321
|
|-heal|p2a: Florges|179\/360|[from] item: Leftovers
|turn|44
|
|switch|p1a: Ariel|Vaporeon, F|451\/451
|move|p2a: Florges|Moonblast|p1a: Ariel
|-damage|p1a: Ariel|339\/451
|
|-heal|p2a: Florges|201\/360|[from] item: Leftovers
|-heal|p1a: Ariel|367\/451|[from] item: Leftovers
|turn|45
|
|switch|p2a: Ampharos|Ampharos-Mega, M|384\/384 slp
|-damage|p2a: Ampharos|336\/384 slp|[from] Stealth Rock
|-damage|p2a: Ampharos|288\/384 slp|[from] Spikes
|-ability|p2a: Ampharos|Mold Breaker
|move|p1a: Ariel|Wish|p1a: Ariel
|
|-heal|p1a: Ariel|395\/451|[from] item: Leftovers
|turn|46
|
|move|p1a: Ariel|Scald|p2a: Ampharos
|-resisted|p2a: Ampharos
|-damage|p2a: Ampharos|240\/384 slp
|cant|p2a: Ampharos|slp
|move|p2a: Ampharos|Sleep Talk|p2a: Ampharos
|move|p2a: Ampharos|Volt Switch|p1a: Ariel|[from]Sleep Talk
|-supereffective|p1a: Ariel
|-damage|p1a: Ariel|153\/451
|
|switch|p2a: Swampert|Swampert, F|343\/392
|-damage|p2a: Swampert|319\/392|[from] Stealth Rock
|-damage|p2a: Swampert|270\/392|[from] Spikes
|
|-heal|p1a: Ariel|378\/451|[from] move: Wish|[wisher] Ariel
|-heal|p1a: Ariel|406\/451|[from] item: Leftovers
|turn|47
|
|move|p1a: Ariel|Protect|p1a: Ariel
|-singleturn|p1a: Ariel|Protect
|move|p2a: Swampert|Earthquake|p1a: Ariel
|-activate|p1a: Ariel|Protect
|
|-heal|p1a: Ariel|434\/451|[from] item: Leftovers
|turn|48
|
|switch|p2a: Ampharos|Ampharos-Mega, M|240\/384 slp
|-damage|p2a: Ampharos|192\/384 slp|[from] Spikes
|-damage|p2a: Ampharos|144\/384 slp|[from] Stealth Rock
|-ability|p2a: Ampharos|Mold Breaker
|switch|p1a: Petrie|Aerodactyl-Mega, M|120\/321
|
|turn|49
|
|switch|p1a: Hydreigon|Hydreigon, M|20\/325
|-curestatus|p2a: Ampharos|slp
|move|p2a: Ampharos|Volt Switch|p1a: Hydreigon
|-resisted|p1a: Hydreigon
|-damage|p1a: Hydreigon|0 fnt
|faint|p1a: Hydreigon
|
|switch|p2a: Swampert|Swampert, F|270\/392
|-damage|p2a: Swampert|221\/392|[from] Spikes
|-damage|p2a: Swampert|197\/392|[from] Stealth Rock
|
|
|switch|p1a: Ariel|Vaporeon, F|434\/451
|turn|50
|
|move|p2a: Swampert|Earthquake|p1a: Ariel
|-damage|p1a: Ariel|140\/451
|move|p1a: Ariel|Scald|p2a: Swampert
|-damage|p2a: Swampert|86\/392
|
|-heal|p1a: Ariel|168\/451|[from] item: Leftovers
|turn|51
|
|move|p1a: Ariel|Protect|p1a: Ariel
|-singleturn|p1a: Ariel|Protect
|move|p2a: Swampert|Earthquake|p1a: Ariel
|-activate|p1a: Ariel|Protect
|
|-heal|p1a: Ariel|196\/451|[from] item: Leftovers
|turn|52
|
|switch|p2a: Florges|Florges, F|201\/360
|-damage|p2a: Florges|156\/360|[from] Spikes
|-damage|p2a: Florges|111\/360|[from] Stealth Rock
|switch|p1a: Petrie|Aerodactyl-Mega, M|120\/321
|
|-heal|p2a: Florges|133\/360|[from] item: Leftovers
|turn|53
|
|move|p1a: Petrie|Aerial Ace|p2a: Florges
|-damage|p2a: Florges|0 fnt
|faint|p2a: Florges
|
|
|switch|p2a: Ampharos|Ampharos-Mega, M|144\/384
|-damage|p2a: Ampharos|96\/384|[from] Spikes
|-damage|p2a: Ampharos|48\/384|[from] Stealth Rock
|-ability|p2a: Ampharos|Mold Breaker
|turn|54
|
|move|p1a: Petrie|Aerial Ace|p2a: Ampharos
|-resisted|p2a: Ampharos
|-damage|p2a: Ampharos|0 fnt
|faint|p2a: Ampharos
|
|
|switch|p2a: Swampert|Swampert, F|86\/392
|-damage|p2a: Swampert|62\/392|[from] Stealth Rock
|-damage|p2a: Swampert|13\/392|[from] Spikes
|turn|55
|
|move|p1a: Petrie|Aerial Ace|p2a: Swampert
|-damage|p2a: Swampert|0 fnt
|faint|p2a: Swampert
|
|win|This Many Fucks
|raw|Ladder updating...
|raw|This Many Fucks's rating: 1434 &rarr; <strong>1451<\/strong><br \/>(+17 for winning)
|raw|raglbeez's rating: 1377 &rarr; <strong>1360<\/strong><br \/>(-17 for losing)
|leave|raglbeez
|player|p2