|join|Fireice29
|join|This Many Fucks
|player|p1|Fireice29|265
|player|p2|This Many Fucks|172
|gametype|singles
|gen|6
|tier|UU
|rated
|rule|Sleep Clause Mod: Limit one foe put to sleep
|rule|Species Clause: Limit one of each PokÃ©mon
|rule|OHKO Clause: OHKO moves are banned
|rule|Moody Clause: Moody is banned
|rule|Evasion Moves Clause: Evasion moves are banned
|rule|Endless Battle Clause: Forcing endless battles is banned
|rule|HP Percentage Mod: HP is shown in percentages
|clearpoke
|poke|p1|Toxicroak, M
|poke|p1|Blastoise, F
|poke|p1|Whimsicott, F
|poke|p1|Jirachi
|poke|p1|Krookodile, F
|poke|p1|Chandelure, M
|poke|p2|Infernape, M
|poke|p2|Aerodactyl, M
|poke|p2|Chesnaught, F
|poke|p2|Vaporeon, F
|poke|p2|Forretress, M, shiny
|poke|p2|Hydreigon, F
|rule|Swagger Clause: Swagger is banned
|rule|Baton Pass Clause: Limit one PokÃ©mon knowing Baton Pass
|teampreview
|
|start
|switch|p1a: Jirachi|Jirachi|341\/341
|switch|p2a: Petrie|Aerodactyl, M|321\/321
|turn|1
|
|detailschange|p2a: Petrie|Aerodactyl-Mega, M
|-mega|p2a: Petrie|Aerodactyl|Aerodactylite
|move|p1a: Jirachi|U-turn|p2a: Petrie
|-resisted|p2a: Petrie
|-damage|p2a: Petrie|281\/321
|
|move|p2a: Petrie|Pursuit|p1a: Jirachi|[from]Pursuit
|-supereffective|p1a: Jirachi
|-damage|p1a: Jirachi|81\/341
|switch|p1a: Blastoise|Blastoise, F|313\/313
|
|turn|2
|
|switch|p2a: Ariel|Vaporeon, F|451\/451
|switch|p1a: Whimsicott|Whimsicott, F|261\/261
|
|turn|3
|
|move|p2a: Ariel|Protect|p2a: Ariel
|-singleturn|p2a: Ariel|Protect
|move|p1a: Whimsicott|Giga Drain|p2a: Ariel
|-activate|p2a: Ariel|Protect
|
|turn|4
|
|switch|p2a: Walnut|Forretress, M, shiny|354\/354
|move|p1a: Whimsicott|U-turn|p2a: Walnut
|-resisted|p2a: Walnut
|-damage|p2a: Walnut|342\/354
|-damage|p1a: Whimsicott|235\/261|[from] item: Life Orb
|
|switch|p1a: Chandelure|Chandelure, M|261\/261
|
|-heal|p2a: Walnut|354\/354|[from] item: Leftovers
|turn|5
|
|switch|p2a: Hydreigon|Hydreigon, F|325\/325
|move|p1a: Chandelure|Shadow Ball|p2a: Hydreigon
|-resisted|p2a: Hydreigon
|-damage|p2a: Hydreigon|186\/325
|
|turn|6
|
|switch|p1a: Whimsicott|Whimsicott, F|235\/261
|move|p2a: Hydreigon|Fire Blast|p1a: Whimsicott
|-crit|p1a: Whimsicott
|-supereffective|p1a: Whimsicott
|-damage|p1a: Whimsicott|0 fnt
|faint|p1a: Whimsicott
|
|
|switch|p1a: Jirachi|Jirachi|81\/341
|turn|7
|
|switch|p2a: Walnut|Forretress, M, shiny|354\/354
|move|p1a: Jirachi|U-turn|p2a: Walnut
|-resisted|p2a: Walnut
|-damage|p2a: Walnut|335\/354
|
|switch|p1a: Chandelure|Chandelure, M|261\/261
|
|-heal|p2a: Walnut|354\/354|[from] item: Leftovers
|turn|8
|
|move|p1a: Chandelure|Shadow Ball|p2a: Walnut
|-activate|p2a: Walnut|Sturdy
|-damage|p2a: Walnut|1\/354
|move|p2a: Walnut|Stealth Rock|p1a: Chandelure
|-sidestart|p1: Fireice29|move: Stealth Rock
|
|-heal|p2a: Walnut|23\/354|[from] item: Leftovers
|turn|9
|
|switch|p2a: Chesnaughtyinbed|Chesnaught, F|380\/380
|move|p1a: Chandelure|Shadow Ball|p2a: Chesnaughtyinbed
|-immune|p2a: Chesnaughtyinbed|[msg]|[from] Bulletproof
|
|turn|10
|
|switch|p1a: Toxicroak|Toxicroak, M|307\/307
|-damage|p1a: Toxicroak|288\/307|[from] Stealth Rock
|switch|p2a: Hydreigon|Hydreigon, F|186\/325
|
|turn|11
|
|switch|p1a: Krookodile|Krookodile, F|331\/331
|-damage|p1a: Krookodile|311\/331|[from] Stealth Rock
|-ability|p1a: Krookodile|Intimidate|[of] p2a: Hydreigon
|-unboost|p2a: Hydreigon|atk|1
|move|p2a: Hydreigon|Draco Meteor|p1a: Krookodile
|-damage|p1a: Krookodile|0 fnt
|-unboost|p2a: Hydreigon|spa|2
|faint|p1a: Krookodile
|
|
|switch|p1a: Chandelure|Chandelure, M|261\/261
|-damage|p1a: Chandelure|196\/261|[from] Stealth Rock
|turn|12
|
|switch|p2a: Walnut|Forretress, M, shiny|23\/354
|move|p1a: Chandelure|Shadow Ball|p2a: Walnut
|-damage|p2a: Walnut|0 fnt
|faint|p2a: Walnut
|
|
|switch|p2a: Chesnaughtyinbed|Chesnaught, F|380\/380
|turn|13
|
|switch|p1a: Toxicroak|Toxicroak, M|288\/307
|-damage|p1a: Toxicroak|269\/307|[from] Stealth Rock
|move|p2a: Chesnaughtyinbed|Leech Seed|p1a: Toxicroak
|-start|p1a: Toxicroak|move: Leech Seed
|
|-damage|p1a: Toxicroak|231\/307|[from] Leech Seed|[of] p2a: Chesnaughtyinbed
|turn|14
|
|switch|p1a: Blastoise|Blastoise, F|313\/313
|-damage|p1a: Blastoise|274\/313|[from] Stealth Rock
|switch|p2a: Petrie|Aerodactyl-Mega, M|281\/321
|
|turn|15
|
|switch|p2a: Ariel|Vaporeon, F|451\/451
|detailschange|p1a: Blastoise|Blastoise-Mega, F
|-mega|p1a: Blastoise|Blastoise|Blastoisinite
|move|p1a: Blastoise|Ice Beam|p2a: Ariel
|-resisted|p2a: Ariel
|-damage|p2a: Ariel|401\/451
|
|-heal|p2a: Ariel|429\/451|[from] item: Leftovers
|turn|16
|
|move|p1a: Blastoise|Rapid Spin|p2a: Ariel
|-damage|p2a: Ariel|413\/451
|-sideend|p1: Fireice29|Stealth Rock|[from] move: Rapid Spin|[of] p1a: Blastoise
|move|p2a: Ariel|Wish|p2a: Ariel
|
|-heal|p2a: Ariel|441\/451|[from] item: Leftovers
|turn|17
|
|move|p1a: Blastoise|Ice Beam|p2a: Ariel
|-resisted|p2a: Ariel
|-damage|p2a: Ariel|390\/451
|move|p2a: Ariel|Scald|p1a: Blastoise
|-resisted|p1a: Blastoise
|-damage|p1a: Blastoise|232\/313
|-status|p1a: Blastoise|brn
|
|-heal|p2a: Ariel|451\/451|[from] move: Wish|[wisher] Ariel
|-damage|p1a: Blastoise|193\/313 brn|[from] brn
|turn|18
|
|switch|p1a: Toxicroak|Toxicroak, M|231\/307
|move|p2a: Ariel|Baton Pass|p2a: Ariel
|
|switch|p2a: Petrie|Aerodactyl-Mega, M|281\/321
|
|turn|19
|
|switch|p1a: Chandelure|Chandelure, M|196\/261
|move|p2a: Petrie|Aerial Ace|p1a: Chandelure
|-damage|p1a: Chandelure|30\/261
|
|turn|20
|
|move|p2a: Petrie|Aerial Ace|p1a: Chandelure
|-damage|p1a: Chandelure|0 fnt
|faint|p1a: Chandelure
|
|
|switch|p1a: Jirachi|Jirachi|81\/341
|turn|21
|
|switch|p2a: Infernape|Infernape, M|293\/293
|move|p1a: Jirachi|U-turn|p2a: Infernape
|-resisted|p2a: Infernape
|-damage|p2a: Infernape|269\/293
|
|switch|p1a: Blastoise|Blastoise-Mega, F|193\/313 brn
|
|-damage|p1a: Blastoise|154\/313 brn|[from] brn
|turn|22
|
|switch|p1a: Toxicroak|Toxicroak, M|231\/307
|move|p2a: Infernape|Close Combat|p1a: Toxicroak
|-resisted|p1a: Toxicroak
|-damage|p1a: Toxicroak|75\/307
|-unboost|p2a: Infernape|def|1
|-unboost|p2a: Infernape|spd|1
|-damage|p2a: Infernape|240\/293|[from] item: Life Orb
|
|turn|23
|
|switch|p1a: Blastoise|Blastoise-Mega, F|154\/313 brn
|move|p2a: Infernape|Flare Blitz|p1a: Blastoise
|-resisted|p1a: Blastoise
|-damage|p1a: Blastoise|47\/313 brn
|-damage|p2a: Infernape|205\/293|[from] recoil|[of] p1a: Blastoise
|-damage|p2a: Infernape|176\/293|[from] item: Life Orb
|
|-damage|p1a: Blastoise|8\/313 brn|[from] brn
|turn|24
|
|move|p2a: Infernape|Mach Punch|p1a: Blastoise
|-damage|p1a: Blastoise|0 fnt
|-damage|p2a: Infernape|147\/293|[from] item: Life Orb
|faint|p1a: Blastoise
|
|
|switch|p1a: Jirachi|Jirachi|81\/341
|turn|25
|
|move|p2a: Infernape|Mach Punch|p1a: Jirachi
|-damage|p1a: Jirachi|0 fnt
|-damage|p2a: Infernape|118\/293|[from] item: Life Orb
|faint|p1a: Jirachi
|
|
|switch|p1a: Toxicroak|Toxicroak, M|75\/307
|turn|26
|-message|Fireice29 forfeited.
|leave|Fireice29
|
|win|This Many Fucks
|raw|Ladder updating...
|player|p1
|raw|Fireice29's rating: 1555 &rarr; <strong>1531<\/strong><br \/>(-24 for losing)
|raw|This Many Fucks's rating: 1480 &rarr; <strong>1504<\/strong><br \/>(+24 for winning)