|join|This Many Fucks
|join|hurricane hax
|player|p1|This Many Fucks|172
|player|p2|hurricane hax|171
|gametype|singles
|gen|6
|tier|UU
|rated
|rule|Sleep Clause Mod: Limit one foe put to sleep
|rule|Species Clause: Limit one of each PokÃ©mon
|rule|OHKO Clause: OHKO moves are banned
|rule|Moody Clause: Moody is banned
|rule|Evasion Moves Clause: Evasion moves are banned
|rule|Endless Battle Clause: Forcing endless battles is banned
|rule|HP Percentage Mod: HP is shown in percentages
|clearpoke
|poke|p1|Hippowdon, M
|poke|p1|Reuniclus, M
|poke|p1|Doublade, M, shiny
|poke|p1|Entei, shiny
|poke|p1|Virizion
|poke|p1|Blastoise, M
|poke|p2|Infernape, F
|poke|p2|Celebi
|poke|p2|Tornadus, M
|poke|p2|Swampert, F
|poke|p2|Qwilfish, M
|poke|p2|Jirachi
|rule|Swagger Clause: Swagger is banned
|rule|Baton Pass Clause: Limit one PokÃ©mon knowing Baton Pass
|teampreview
|
|start
|switch|p1a: Shellshock|Blastoise, M|322\/322
|switch|p2a: Infernape|Infernape, F|293\/293
|turn|1
|c|âThis Many Fucks|dodmen?
|c|âhurricane hax|hi
|c|âhurricane hax|doublade
|c|âhurricane hax|rip
|
|detailschange|p1a: Shellshock|Blastoise-Mega, M
|-mega|p1a: Shellshock|Blastoise|Blastoisinite
|move|p2a: Infernape|Stealth Rock|p1a: Shellshock
|-sidestart|p1: This Many Fucks|move: Stealth Rock
|move|p1a: Shellshock|Hydro Pump|p2a: Infernape
|-supereffective|p2a: Infernape
|-enditem|p2a: Infernape|Focus Sash
|-damage|p2a: Infernape|1\/293
|
|turn|2
|c|âThis Many Fucks|in b4 endeavor
|
|switch|p1a: Venetia Shield|Doublade, M, shiny|309\/309
|-damage|p1a: Venetia Shield|290\/309|[from] Stealth Rock
|move|p2a: Infernape|Endeavor|p1a: Venetia Shield
|-immune|p1a: Venetia Shield|[msg]
|
|turn|3
|c|âhurricane hax|i h8 you
|c|âhurricane hax|man
|join|Fletchinhur
|
|switch|p2a: Swampert|Swampert, F|347\/347
|move|p1a: Venetia Shield|Shadow Sneak|p2a: Swampert
|-damage|p2a: Swampert|265\/347
|
|turn|4
|
|switch|p1a: Virizion|Virizion|323\/323
|-damage|p1a: Virizion|303\/323|[from] Stealth Rock
|detailschange|p2a: Swampert|Swampert-Mega, F
|-mega|p2a: Swampert|Swampert|Swampertite
|move|p2a: Swampert|Earthquake|p1a: Virizion
|-resisted|p1a: Virizion
|-damage|p1a: Virizion|164\/323
|
|turn|5
|
|switch|p1a: Shellshock|Blastoise-Mega, M|322\/322
|-damage|p1a: Shellshock|282\/322|[from] Stealth Rock
|switch|p2a: Celebi|Celebi|341\/341
|
|turn|6
|
|move|p2a: Celebi|Giga Drain|p1a: Shellshock
|-supereffective|p1a: Shellshock
|-damage|p1a: Shellshock|25\/322
|-damage|p2a: Celebi|307\/341|[from] item: Life Orb
|move|p1a: Shellshock|Rapid Spin|p2a: Celebi
|-damage|p2a: Celebi|291\/341
|-sideend|p1: This Many Fucks|Stealth Rock|[from] move: Rapid Spin|[of] p1a: Shellshock
|
|turn|7
|
|move|p2a: Celebi|Giga Drain|p1a: Shellshock
|-supereffective|p1a: Shellshock
|-damage|p1a: Shellshock|0 fnt
|-heal|p2a: Celebi|304\/341|[from] drain|[of] p1a: Shellshock
|-damage|p2a: Celebi|270\/341|[from] item: Life Orb
|faint|p1a: Shellshock
|
|
|switch|p1a: Mufasa|Entei, shiny|371\/371
|-ability|p1a: Mufasa|Pressure
|turn|8
|
|move|p2a: Celebi|Psychic|p1a: Mufasa
|-damage|p1a: Mufasa|132\/371
|-damage|p2a: Celebi|236\/341|[from] item: Life Orb
|move|p1a: Mufasa|Sacred Fire|p2a: Celebi
|-supereffective|p2a: Celebi
|-damage|p2a: Celebi|0 fnt
|faint|p2a: Celebi
|
|c|âThis Many Fucks|nasty plot?
|
|switch|p2a: Infernape|Infernape, F|1\/293
|turn|9
|c|âhurricane hax|yh
|
|switch|p1a: Darude|Hippowdon, M|417\/417
|-weather|Sandstorm
|move|p2a: Infernape|Stealth Rock|p1a: Darude
|-sidestart|p1: This Many Fucks|move: Stealth Rock
|
|-weather|Sandstorm|[upkeep]
|-damage|p2a: Infernape|0 fnt|[from] sandstorm
|faint|p2a: Infernape
|
|switch|p2a: Tornadus|Tornadus, M|299\/299
|turn|10
|
|move|p2a: Tornadus|Taunt|p1a: Darude
|-start|p1a: Darude|move: Taunt
|move|p1a: Darude|Rock Slide|p2a: Tornadus
|-supereffective|p2a: Tornadus
|-damage|p2a: Tornadus|127\/299
|
|-weather|Sandstorm|[upkeep]
|-damage|p2a: Tornadus|109\/299|[from] sandstorm
|turn|11
|
|move|p2a: Tornadus|Rain Dance|p2a: Tornadus
|-weather|RainDance
|move|p1a: Darude|Rock Slide|p2a: Tornadus
|-supereffective|p2a: Tornadus
|-damage|p2a: Tornadus|0 fnt
|faint|p2a: Tornadus
|
|-weather|RainDance|[upkeep]
|
|switch|p2a: Swampert|Swampert-Mega, F|265\/347
|turn|12
|c|âhurricane hax|this
|c|âhurricane hax|is gonna hurt
|c|âThis Many Fucks|hmmm what dies
|c|âhurricane hax|this probably lives tbh
|c|âThis Many Fucks|yeah but ill flinch
|c|âhurricane hax|who is this
|
|switch|p1a: Mufasa|Entei, shiny|132\/371
|-damage|p1a: Mufasa|40\/371|[from] Stealth Rock
|-ability|p1a: Mufasa|Pressure
|move|p2a: Swampert|Waterfall|p1a: Mufasa
|-supereffective|p1a: Mufasa
|-damage|p1a: Mufasa|0 fnt
|faint|p1a: Mufasa
|
|-weather|RainDance|[upkeep]
|c|âThis Many Fucks|bfoxy is my main
|c|âhurricane hax|oh cool
|
|switch|p1a: Darude|Hippowdon, M|417\/417
|-damage|p1a: Darude|391\/417|[from] Stealth Rock
|-weather|Sandstorm
|turn|13
|
|move|p2a: Swampert|Rain Dance|p2a: Swampert
|-weather|RainDance
|move|p1a: Darude|Earthquake|p2a: Swampert
|-crit|p2a: Swampert
|-damage|p2a: Swampert|79\/347
|
|-weather|RainDance|[upkeep]
|-heal|p1a: Darude|417\/417|[from] item: Leftovers
|turn|14
|c|âhurricane hax|welp
|c|âhurricane hax|unfortunate
|
|move|p2a: Swampert|Waterfall|p1a: Darude
|-supereffective|p1a: Darude
|-damage|p1a: Darude|33\/417
|move|p1a: Darude|Earthquake|p2a: Swampert
|-damage|p2a: Swampert|0 fnt
|faint|p2a: Swampert
|
|-weather|RainDance|[upkeep]
|-heal|p1a: Darude|59\/417|[from] item: Leftovers
|c|âThis Many Fucks|yikes. that def mattered
|
|switch|p2a: Qwilfish|Qwilfish, M|271\/271
|turn|15
|c|âhurricane hax|yeh, gg
|
|switch|p1a: Zim|Reuniclus, M|422\/422
|move|p2a: Qwilfish|Waterfall|p1a: Zim
|-damage|p1a: Zim|219\/422
|-damage|p2a: Qwilfish|244\/271|[from] item: Life Orb
|
|-weather|RainDance|[upkeep]
|-heal|p1a: Zim|245\/422|[from] item: Leftovers
|turn|16
|c|âThis Many Fucks|gg
|c|âThis Many Fucks|sorry for hax
|c|âhurricane hax|it's aight
|
|move|p2a: Qwilfish|Waterfall|p1a: Zim
|-damage|p1a: Zim|31\/422
|-damage|p2a: Qwilfish|217\/271|[from] item: Life Orb
|cant|p1a: Zim|flinch
|
|-weather|RainDance|[upkeep]
|-heal|p1a: Zim|57\/422|[from] item: Leftovers
|turn|17
|c|âThis Many Fucks|whats your 4th move on celebi?
|c|âhurricane hax|ah
|c|âhurricane hax|dazzling gleam
|
|move|p2a: Qwilfish|Waterfall|p1a: Zim
|-crit|p1a: Zim
|-damage|p1a: Zim|0 fnt
|-damage|p2a: Qwilfish|190\/271|[from] item: Life Orb
|faint|p1a: Zim
|
|-weather|none
|c|âThis Many Fucks|didnt even know it could learn that lol
|
|switch|p1a: Venetia Shield|Doublade, M, shiny|290\/309
|-damage|p1a: Venetia Shield|271\/309|[from] Stealth Rock
|turn|18
|
|move|p2a: Qwilfish|Waterfall|p1a: Venetia Shield
|-damage|p1a: Venetia Shield|189\/309
|-damage|p2a: Qwilfish|163\/271|[from] item: Life Orb
|move|p1a: Venetia Shield|Swords Dance|p1a: Venetia Shield
|-boost|p1a: Venetia Shield|atk|2
|
|turn|19
|c|âhurricane hax|gg
|-message|hurricane hax forfeited.
|
|move|p1a: Venetia Shield|Shadow Sneak|p2a: Qwilfish
|-damage|p2a: Qwilfish|0 fnt
|faint|p2a: Qwilfish
|
|
|win|This Many Fucks
|raw|Ladder updating...
|leave|hurricane hax
|raw|This Many Fucks's rating: 1497 &rarr; <strong>1506<\/strong><br \/>(+9 for winning)
|raw|hurricane hax's rating: 1294 &rarr; <strong>1282<\/strong><br \/>(-12 for losing)