|join|lil manaphy
|join|happening
|player|p1|lil manaphy|9
|player|p2|happening|1
|gametype|singles
|gen|6
|tier|OU
|rated
|clearpoke
|poke|p1|Gardevoir, M
|poke|p1|Keldeo
|poke|p1|Amoonguss, F
|poke|p1|Chansey, F
|poke|p1|Mandibuzz, F
|poke|p1|Landorus-Therian, M
|poke|p2|Zapdos, shiny
|poke|p2|Chansey, F
|poke|p2|Gliscor, M
|poke|p2|Clefable, F
|poke|p2|Slowbro, F, shiny
|poke|p2|Scizor, F
|rule|Swagger Clause: Swagger is banned
|rule|Baton Pass Clause: Limit one PokÃ©mon knowing Baton Pass
|rule|Sleep Clause Mod: Limit one foe put to sleep
|rule|Species Clause: Limit one of each PokÃ©mon
|rule|OHKO Clause: OHKO moves are banned
|rule|Moody Clause: Moody is banned
|rule|Evasion Moves Clause: Evasion moves are banned
|rule|Endless Battle Clause: Forcing endless battles is banned
|rule|HP Percentage Mod: HP is shown in percentages
|teampreview
|
|start
|switch|p1a: Keldeo|Keldeo|323\/323
|switch|p2a: Gliscor|Gliscor, M|353\/353
|turn|1
|
|switch|p2a: Slowbro'ed|Slowbro, F, shiny|394\/394
|move|p1a: Keldeo|Scald|p2a: Slowbro'ed
|-resisted|p2a: Slowbro'ed
|-damage|p2a: Slowbro'ed|315\/394
|-status|p2a: Slowbro'ed|brn
|
|-heal|p2a: Slowbro'ed|339\/394 brn|[from] item: Leftovers
|-damage|p2a: Slowbro'ed|290\/394 brn|[from] brn
|turn|2
|
|move|p1a: Keldeo|Substitute|p1a: Keldeo
|-start|p1a: Keldeo|Substitute
|-damage|p1a: Keldeo|243\/323
|move|p2a: Slowbro'ed|Psyshock|p1a: Keldeo
|-supereffective|p1a: Keldeo
|-end|p1a: Keldeo|Substitute
|
|-heal|p1a: Keldeo|263\/323|[from] item: Leftovers
|-heal|p2a: Slowbro'ed|314\/394 brn|[from] item: Leftovers
|-damage|p2a: Slowbro'ed|265\/394 brn|[from] brn
|turn|3
|
|switch|p1a: Landorus-Therian|Landorus-Therian, M|382\/382
|-ability|p1a: Landorus-Therian|Intimidate|[of] p2a: Slowbro'ed
|-unboost|p2a: Slowbro'ed|atk|1
|move|p2a: Slowbro'ed|Psyshock|p1a: Landorus-Therian
|-damage|p1a: Landorus-Therian|306\/382
|
|-heal|p1a: Landorus-Therian|329\/382|[from] item: Leftovers
|-heal|p2a: Slowbro'ed|289\/394 brn|[from] item: Leftovers
|-damage|p2a: Slowbro'ed|240\/394 brn|[from] brn
|turn|4
|
|switch|p2a: Gliscor|Gliscor, M|353\/353
|move|p1a: Landorus-Therian|U-turn|p2a: Gliscor
|-resisted|p2a: Gliscor
|-damage|p2a: Gliscor|322\/353
|
|switch|p1a: Keldeo|Keldeo|263\/323
|
|-heal|p1a: Keldeo|283\/323|[from] item: Leftovers
|-status|p2a: Gliscor|tox|[from] item: Toxic Orb
|turn|5
|
|switch|p2a: Slowbro'ed|Slowbro, F, shiny|371\/394 brn
|move|p1a: Keldeo|Scald|p2a: Slowbro'ed
|-resisted|p2a: Slowbro'ed
|-damage|p2a: Slowbro'ed|278\/394 brn
|
|-heal|p1a: Keldeo|303\/323|[from] item: Leftovers
|-heal|p2a: Slowbro'ed|302\/394 brn|[from] item: Leftovers
|-damage|p2a: Slowbro'ed|253\/394 brn|[from] brn
|turn|6
|
|switch|p1a: Gardevoir|Gardevoir, M|277\/277
|-ability|p1a: Gardevoir|Regenerator|[from] ability: Trace|[of] p2a: Slowbro'ed
|move|p2a: Slowbro'ed|Psyshock|p1a: Gardevoir
|-resisted|p1a: Gardevoir
|-damage|p1a: Gardevoir|208\/277
|
|-heal|p2a: Slowbro'ed|277\/394 brn|[from] item: Leftovers
|-damage|p2a: Slowbro'ed|228\/394 brn|[from] brn
|turn|7
|
|switch|p1a: Keldeo|Keldeo|303\/323
|switch|p2a: Chansey|Chansey, F|704\/704
|
|-heal|p1a: Keldeo|323\/323|[from] item: Leftovers
|turn|8
|
|switch|p2a: Slowbro'ed|Slowbro, F, shiny|359\/394 brn
|move|p1a: Keldeo|Secret Sword|p2a: Slowbro'ed
|-resisted|p2a: Slowbro'ed
|-damage|p2a: Slowbro'ed|308\/394 brn
|
|-heal|p2a: Slowbro'ed|332\/394 brn|[from] item: Leftovers
|-damage|p2a: Slowbro'ed|283\/394 brn|[from] brn
|turn|9
|
|move|p1a: Keldeo|Substitute|p1a: Keldeo
|-start|p1a: Keldeo|Substitute
|-damage|p1a: Keldeo|243\/323
|move|p2a: Slowbro'ed|Thunder Wave|p1a: Keldeo
|
|-heal|p1a: Keldeo|263\/323|[from] item: Leftovers
|-heal|p2a: Slowbro'ed|307\/394 brn|[from] item: Leftovers
|-damage|p2a: Slowbro'ed|258\/394 brn|[from] brn
|turn|10
|
|move|p1a: Keldeo|Scald|p2a: Slowbro'ed
|-resisted|p2a: Slowbro'ed
|-damage|p2a: Slowbro'ed|174\/394 brn
|move|p2a: Slowbro'ed|Psyshock|p1a: Keldeo
|-supereffective|p1a: Keldeo
|-end|p1a: Keldeo|Substitute
|
|-heal|p1a: Keldeo|283\/323|[from] item: Leftovers
|-heal|p2a: Slowbro'ed|198\/394 brn|[from] item: Leftovers
|-damage|p2a: Slowbro'ed|149\/394 brn|[from] brn
|turn|11
|
|switch|p1a: Landorus-Therian|Landorus-Therian, M|329\/382
|-ability|p1a: Landorus-Therian|Intimidate|[of] p2a: Slowbro'ed
|-unboost|p2a: Slowbro'ed|atk|1
|move|p2a: Slowbro'ed|Slack Off|p2a: Slowbro'ed
|-heal|p2a: Slowbro'ed|346\/394 brn
|
|-heal|p1a: Landorus-Therian|352\/382|[from] item: Leftovers
|-heal|p2a: Slowbro'ed|370\/394 brn|[from] item: Leftovers
|-damage|p2a: Slowbro'ed|321\/394 brn|[from] brn
|turn|12
|
|switch|p2a: Gliscor|Gliscor, M|322\/353 tox
|move|p1a: Landorus-Therian|U-turn|p2a: Gliscor
|-resisted|p2a: Gliscor
|-damage|p2a: Gliscor|292\/353 tox
|
|switch|p1a: Keldeo|Keldeo|283\/323
|
|-heal|p1a: Keldeo|303\/323|[from] item: Leftovers
|-heal|p2a: Gliscor|336\/353 tox|[from] ability: Poison Heal
|turn|13
|
|switch|p2a: Slowbro'ed|Slowbro, F, shiny|394\/394 brn
|move|p1a: Keldeo|Scald|p2a: Slowbro'ed
|-resisted|p2a: Slowbro'ed
|-damage|p2a: Slowbro'ed|312\/394 brn
|
|-heal|p1a: Keldeo|323\/323|[from] item: Leftovers
|-heal|p2a: Slowbro'ed|336\/394 brn|[from] item: Leftovers
|-damage|p2a: Slowbro'ed|287\/394 brn|[from] brn
|turn|14
|
|switch|p1a: Landorus-Therian|Landorus-Therian, M|352\/382
|-ability|p1a: Landorus-Therian|Intimidate|[of] p2a: Slowbro'ed
|-unboost|p2a: Slowbro'ed|atk|1
|move|p2a: Slowbro'ed|Psyshock|p1a: Landorus-Therian
|-damage|p1a: Landorus-Therian|285\/382
|
|-heal|p1a: Landorus-Therian|308\/382|[from] item: Leftovers
|-heal|p2a: Slowbro'ed|311\/394 brn|[from] item: Leftovers
|-damage|p2a: Slowbro'ed|262\/394 brn|[from] brn
|turn|15
|
|switch|p2a: Scizor|Scizor, F|343\/343
|move|p1a: Landorus-Therian|Stealth Rock|p2a: Scizor
|-sidestart|p2: happening|move: Stealth Rock
|
|-heal|p1a: Landorus-Therian|331\/382|[from] item: Leftovers
|turn|16
|
|detailschange|p2a: Scizor|Scizor-Mega, F
|-mega|p2a: Scizor|Scizor|Scizorite
|move|p1a: Landorus-Therian|U-turn|p2a: Scizor
|-resisted|p2a: Scizor
|-damage|p2a: Scizor|321\/343
|
|switch|p1a: Mandibuzz|Mandibuzz, F|423\/423
|move|p2a: Scizor|Swords Dance|p2a: Scizor
|-boost|p2a: Scizor|atk|2
|
|turn|17
|
|switch|p2a: Zapdos|Zapdos, shiny|384\/384
|-damage|p2a: Zapdos|288\/384|[from] Stealth Rock
|-ability|p2a: Zapdos|Pressure
|move|p1a: Mandibuzz|Foul Play|p2a: Zapdos
|-damage|p2a: Zapdos|215\/384
|
|-heal|p2a: Zapdos|239\/384|[from] item: Leftovers
|turn|18
|
|switch|p1a: Gardevoir|Gardevoir, M|277\/277
|-ability|p1a: Gardevoir|Pressure|[from] ability: Trace|[of] p2a: Zapdos
|-ability|p1a: Gardevoir|Pressure
|move|p2a: Zapdos|Defog|p1a: Gardevoir
|-unboost|p1a: Gardevoir|evasion|1
|-sideend|p2: happening|Stealth Rock|[from] move: Defog|[of] p2a: Zapdos
|
|-heal|p2a: Zapdos|263\/384|[from] item: Leftovers
|turn|19
|
|switch|p2a: Chansey|Chansey, F|704\/704
|detailschange|p1a: Gardevoir|Gardevoir-Mega, M
|-mega|p1a: Gardevoir|Gardevoir|Gardevoirite
|move|p1a: Gardevoir|Hyper Voice|p2a: Chansey
|-damage|p2a: Chansey|536\/704
|
|turn|20
|
|switch|p1a: Landorus-Therian|Landorus-Therian, M|331\/382
|-ability|p1a: Landorus-Therian|Intimidate|[of] p2a: Chansey
|-unboost|p2a: Chansey|atk|1
|move|p2a: Chansey|Seismic Toss|p1a: Landorus-Therian
|-damage|p1a: Landorus-Therian|231\/382
|
|-heal|p1a: Landorus-Therian|254\/382|[from] item: Leftovers
|turn|21
|
|move|p1a: Landorus-Therian|Stealth Rock|p2a: Chansey
|-sidestart|p2: happening|move: Stealth Rock
|move|p2a: Chansey|Stealth Rock|p1a: Landorus-Therian
|-sidestart|p1: lil manaphy|move: Stealth Rock
|
|-heal|p1a: Landorus-Therian|277\/382|[from] item: Leftovers
|turn|22
|
|switch|p2a: Scizor|Scizor-Mega, F|321\/343
|-damage|p2a: Scizor|279\/343|[from] Stealth Rock
|move|p1a: Landorus-Therian|U-turn|p2a: Scizor
|-resisted|p2a: Scizor
|-damage|p2a: Scizor|255\/343
|
|switch|p1a: Keldeo|Keldeo|323\/323
|-damage|p1a: Keldeo|303\/323|[from] Stealth Rock
|
|-heal|p1a: Keldeo|323\/323|[from] item: Leftovers
|turn|23
|
|switch|p2a: Slowbro'ed|Slowbro, F, shiny|393\/394 brn
|-damage|p2a: Slowbro'ed|344\/394 brn|[from] Stealth Rock
|move|p1a: Keldeo|Substitute|p1a: Keldeo
|-start|p1a: Keldeo|Substitute
|-damage|p1a: Keldeo|243\/323
|
|-heal|p1a: Keldeo|263\/323|[from] item: Leftovers
|-heal|p2a: Slowbro'ed|368\/394 brn|[from] item: Leftovers
|-damage|p2a: Slowbro'ed|319\/394 brn|[from] brn
|turn|24
|
|move|p1a: Keldeo|Scald|p2a: Slowbro'ed
|-resisted|p2a: Slowbro'ed
|-damage|p2a: Slowbro'ed|229\/394 brn
|move|p2a: Slowbro'ed|Psyshock|p1a: Keldeo
|-supereffective|p1a: Keldeo
|-end|p1a: Keldeo|Substitute
|
|-heal|p1a: Keldeo|283\/323|[from] item: Leftovers
|-heal|p2a: Slowbro'ed|253\/394 brn|[from] item: Leftovers
|-damage|p2a: Slowbro'ed|204\/394 brn|[from] brn
|turn|25
|
|switch|p1a: Gardevoir|Gardevoir-Mega, M|277\/277
|-damage|p1a: Gardevoir|243\/277|[from] Stealth Rock
|move|p2a: Slowbro'ed|Slack Off|p2a: Slowbro'ed
|-heal|p2a: Slowbro'ed|394\/394 brn
|
|-damage|p2a: Slowbro'ed|345\/394 brn|[from] brn
|turn|26
|
|switch|p2a: Scizor|Scizor-Mega, F|255\/343
|-damage|p2a: Scizor|213\/343|[from] Stealth Rock
|move|p1a: Gardevoir|Psyshock|p2a: Scizor
|-resisted|p2a: Scizor
|-damage|p2a: Scizor|164\/343
|
|turn|27
|
|move|p2a: Scizor|Bullet Punch|p1a: Gardevoir
|-supereffective|p1a: Gardevoir
|-damage|p1a: Gardevoir|0 fnt
|faint|p1a: Gardevoir
|
|
|switch|p1a: Mandibuzz|Mandibuzz, F|423\/423
|-damage|p1a: Mandibuzz|318\/423|[from] Stealth Rock
|turn|28
|
|move|p2a: Scizor|Roost|p2a: Scizor
|-heal|p2a: Scizor|336\/343
|move|p1a: Mandibuzz|Foul Play|p2a: Scizor
|-damage|p2a: Scizor|234\/343
|
|turn|29
|
|switch|p2a: Clefable|Clefable, F|394\/394
|-damage|p2a: Clefable|345\/394|[from] Stealth Rock
|move|p1a: Mandibuzz|Foul Play|p2a: Clefable
|-resisted|p2a: Clefable
|-damage|p2a: Clefable|310\/394
|
|-heal|p2a: Clefable|334\/394|[from] item: Leftovers
|turn|30
|
|switch|p1a: Amoonguss|Amoonguss, F|432\/432
|-damage|p1a: Amoonguss|378\/432|[from] Stealth Rock
|move|p2a: Clefable|Moonblast|p1a: Amoonguss
|-resisted|p1a: Amoonguss
|-damage|p1a: Amoonguss|315\/432
|
|-heal|p2a: Clefable|358\/394|[from] item: Leftovers
|-heal|p1a: Amoonguss|342\/432|[from] item: Black Sludge
|turn|31
|
|switch|p2a: Gliscor|Gliscor, M|336\/353 tox
|-damage|p2a: Gliscor|292\/353 tox|[from] Stealth Rock
|move|p1a: Amoonguss|Spore|p2a: Gliscor
|-fail|p2a: Gliscor
|
|-heal|p1a: Amoonguss|369\/432|[from] item: Black Sludge
|-heal|p2a: Gliscor|336\/353 tox|[from] ability: Poison Heal
|turn|32
|
|switch|p1a: Landorus-Therian|Landorus-Therian, M|277\/382
|-damage|p1a: Landorus-Therian|230\/382|[from] Stealth Rock
|-ability|p1a: Landorus-Therian|Intimidate|[of] p2a: Gliscor
|-unboost|p2a: Gliscor|atk|1
|move|p2a: Gliscor|Knock Off|p1a: Landorus-Therian
|-damage|p1a: Landorus-Therian|192\/382
|-enditem|p1a: Landorus-Therian|Leftovers|[from] move: Knock Off|[of] p2a: Gliscor
|
|-heal|p2a: Gliscor|353\/353 tox|[from] ability: Poison Heal
|turn|33
|
|move|p2a: Gliscor|Taunt|p1a: Landorus-Therian
|-start|p1a: Landorus-Therian|move: Taunt
|move|p1a: Landorus-Therian|U-turn|p2a: Gliscor
|-resisted|p2a: Gliscor
|-damage|p2a: Gliscor|321\/353 tox
|
|switch|p1a: Keldeo|Keldeo|283\/323
|-damage|p1a: Keldeo|263\/323|[from] Stealth Rock
|
|-heal|p1a: Keldeo|283\/323|[from] item: Leftovers
|-heal|p2a: Gliscor|353\/353 tox|[from] ability: Poison Heal
|turn|34
|
|move|p1a: Keldeo|Scald|p2a: Gliscor
|-supereffective|p2a: Gliscor
|-damage|p2a: Gliscor|93\/353 tox
|move|p2a: Gliscor|Knock Off|p1a: Keldeo
|-resisted|p1a: Keldeo
|-damage|p1a: Keldeo|254\/323
|-boost|p1a: Keldeo|atk|1|[from] ability: Justified
|-enditem|p1a: Keldeo|Leftovers|[from] move: Knock Off|[of] p2a: Gliscor
|
|-heal|p2a: Gliscor|137\/353 tox|[from] ability: Poison Heal
|turn|35
|
|switch|p2a: Slowbro'ed|Slowbro, F, shiny|394\/394 brn
|-damage|p2a: Slowbro'ed|345\/394 brn|[from] Stealth Rock
|move|p1a: Keldeo|Calm Mind|p1a: Keldeo
|-boost|p1a: Keldeo|spa|1
|-boost|p1a: Keldeo|spd|1
|
|-heal|p2a: Slowbro'ed|369\/394 brn|[from] item: Leftovers
|-damage|p2a: Slowbro'ed|320\/394 brn|[from] brn
|turn|36
|
|move|p1a: Keldeo|Scald|p2a: Slowbro'ed
|-resisted|p2a: Slowbro'ed
|-damage|p2a: Slowbro'ed|191\/394 brn
|move|p2a: Slowbro'ed|Psyshock|p1a: Keldeo
|-supereffective|p1a: Keldeo
|-damage|p1a: Keldeo|66\/323
|
|-heal|p2a: Slowbro'ed|215\/394 brn|[from] item: Leftovers
|-damage|p2a: Slowbro'ed|166\/394 brn|[from] brn
|turn|37
|
|move|p1a: Keldeo|Scald|p2a: Slowbro'ed
|-resisted|p2a: Slowbro'ed
|-damage|p2a: Slowbro'ed|45\/394 brn
|move|p2a: Slowbro'ed|Slack Off|p2a: Slowbro'ed
|-heal|p2a: Slowbro'ed|242\/394 brn
|
|-heal|p2a: Slowbro'ed|266\/394 brn|[from] item: Leftovers
|-damage|p2a: Slowbro'ed|217\/394 brn|[from] brn
|turn|38
|
|switch|p1a: Chansey|Chansey, F|703\/703
|-damage|p1a: Chansey|616\/703|[from] Stealth Rock
|move|p2a: Slowbro'ed|Slack Off|p2a: Slowbro'ed
|-heal|p2a: Slowbro'ed|394\/394 brn
|
|-damage|p2a: Slowbro'ed|345\/394 brn|[from] brn
|turn|39
|
|switch|p2a: Gliscor|Gliscor, M|137\/353 tox
|-damage|p2a: Gliscor|93\/353 tox|[from] Stealth Rock
|move|p1a: Chansey|Seismic Toss|p2a: Gliscor
|-damage|p2a: Gliscor|0 fnt
|faint|p2a: Gliscor
|
|c|âhappening|damn
|c|âhappening|big choke
|
|switch|p2a: Scizor|Scizor-Mega, F|234\/343
|-damage|p2a: Scizor|192\/343|[from] Stealth Rock
|turn|40
|c|âhappening|that was so stupid
|
|switch|p1a: Mandibuzz|Mandibuzz, F|318\/423
|-damage|p1a: Mandibuzz|213\/423|[from] Stealth Rock
|move|p2a: Scizor|Roost|p2a: Scizor
|-heal|p2a: Scizor|343\/343
|
|turn|41
|
|switch|p2a: Clefable|Clefable, F|358\/394
|-damage|p2a: Clefable|309\/394|[from] Stealth Rock
|move|p1a: Mandibuzz|Roost|p1a: Mandibuzz
|-heal|p1a: Mandibuzz|423\/423
|
|-heal|p2a: Clefable|333\/394|[from] item: Leftovers
|turn|42
|
|switch|p1a: Amoonguss|Amoonguss, F|432\/432
|-damage|p1a: Amoonguss|378\/432|[from] Stealth Rock
|switch|p2a: Zapdos|Zapdos, shiny|263\/384
|-damage|p2a: Zapdos|167\/384|[from] Stealth Rock
|-ability|p2a: Zapdos|Pressure
|
|-heal|p2a: Zapdos|191\/384|[from] item: Leftovers
|-heal|p1a: Amoonguss|405\/432|[from] item: Black Sludge
|turn|43
|
|move|p2a: Zapdos|Heat Wave|p1a: Amoonguss
|-supereffective|p1a: Amoonguss
|-damage|p1a: Amoonguss|175\/432
|move|p1a: Amoonguss|Spore|p2a: Zapdos
|-status|p2a: Zapdos|slp
|
|-heal|p2a: Zapdos|215\/384 slp|[from] item: Leftovers
|-heal|p1a: Amoonguss|202\/432|[from] item: Black Sludge
|turn|44
|
|switch|p2a: Clefable|Clefable, F|333\/394
|-damage|p2a: Clefable|284\/394|[from] Stealth Rock
|switch|p1a: Keldeo|Keldeo|66\/323
|-damage|p1a: Keldeo|46\/323|[from] Stealth Rock
|
|-heal|p2a: Clefable|308\/394|[from] item: Leftovers
|turn|45
|
|switch|p1a: Chansey|Chansey, F|616\/703
|-damage|p1a: Chansey|529\/703|[from] Stealth Rock
|switch|p2a: Slowbro'ed|Slowbro, F, shiny|394\/394 brn
|-damage|p2a: Slowbro'ed|345\/394 brn|[from] Stealth Rock
|
|-heal|p2a: Slowbro'ed|369\/394 brn|[from] item: Leftovers
|-damage|p2a: Slowbro'ed|320\/394 brn|[from] brn
|turn|46
|
|switch|p2a: Scizor|Scizor-Mega, F|343\/343
|-damage|p2a: Scizor|301\/343|[from] Stealth Rock
|move|p1a: Chansey|Seismic Toss|p2a: Scizor
|-damage|p2a: Scizor|201\/343
|
|turn|47
|
|move|p2a: Scizor|Roost|p2a: Scizor
|-heal|p2a: Scizor|343\/343
|move|p1a: Chansey|Thunder Wave|p2a: Scizor
|-status|p2a: Scizor|par
|
|turn|48
|
|switch|p1a: Mandibuzz|Mandibuzz, F|423\/423
|-damage|p1a: Mandibuzz|318\/423|[from] Stealth Rock
|move|p2a: Scizor|Swords Dance|p2a: Scizor
|-boost|p2a: Scizor|atk|2
|
|turn|49
|
|switch|p2a: Clefable|Clefable, F|308\/394
|-damage|p2a: Clefable|259\/394|[from] Stealth Rock
|move|p1a: Mandibuzz|Taunt|p2a: Clefable
|-start|p2a: Clefable|move: Taunt
|
|-heal|p2a: Clefable|283\/394|[from] item: Leftovers
|turn|50
|
|switch|p1a: Chansey|Chansey, F|529\/703
|-damage|p1a: Chansey|442\/703|[from] Stealth Rock
|switch|p2a: Scizor|Scizor-Mega, F|343\/343 par
|-damage|p2a: Scizor|301\/343 par|[from] Stealth Rock
|
|turn|51
|
|move|p1a: Chansey|Soft-Boiled|p1a: Chansey
|-heal|p1a: Chansey|703\/703
|move|p2a: Scizor|Swords Dance|p2a: Scizor
|-boost|p2a: Scizor|atk|2
|
|turn|52
|
|move|p2a: Scizor|Bullet Punch|p1a: Chansey
|-damage|p1a: Chansey|438\/703
|move|p1a: Chansey|Wish|p1a: Chansey
|
|turn|53
|
|switch|p1a: Mandibuzz|Mandibuzz, F|318\/423
|-damage|p1a: Mandibuzz|213\/423|[from] Stealth Rock
|move|p2a: Scizor|Superpower|p1a: Mandibuzz
|-damage|p1a: Mandibuzz|26\/423
|-damage|p2a: Scizor|244\/343 par|[from] item: Rocky Helmet|[of] p1a: Mandibuzz
|-unboost|p2a: Scizor|atk|1
|-unboost|p2a: Scizor|def|1
|
|-heal|p1a: Mandibuzz|377\/423|[from] move: Wish|[wisher] Chansey
|turn|54
|c|âhappening|damn
|
|switch|p2a: Chansey|Chansey, F|536\/704
|-damage|p2a: Chansey|448\/704|[from] Stealth Rock
|move|p1a: Mandibuzz|Taunt|p2a: Chansey
|-start|p2a: Chansey|move: Taunt
|
|turn|55
|
|switch|p2a: Clefable|Clefable, F|283\/394
|-damage|p2a: Clefable|234\/394|[from] Stealth Rock
|move|p1a: Mandibuzz|Taunt|p2a: Clefable
|-start|p2a: Clefable|move: Taunt
|
|-heal|p2a: Clefable|258\/394|[from] item: Leftovers
|turn|56
|
|switch|p1a: Amoonguss|Amoonguss, F|346\/432
|-damage|p1a: Amoonguss|292\/432|[from] Stealth Rock
|move|p2a: Clefable|Moonblast|p1a: Amoonguss
|-resisted|p1a: Amoonguss
|-damage|p1a: Amoonguss|224\/432
|-unboost|p1a: Amoonguss|spa|1
|
|-heal|p2a: Clefable|282\/394|[from] item: Leftovers
|-heal|p1a: Amoonguss|251\/432|[from] item: Black Sludge
|turn|57
|
|switch|p2a: Scizor|Scizor-Mega, F|244\/343 par
|-damage|p2a: Scizor|202\/343 par|[from] Stealth Rock
|move|p1a: Amoonguss|Hidden Power|p2a: Scizor
|-supereffective|p2a: Scizor
|-damage|p2a: Scizor|82\/343 par
|
|-heal|p1a: Amoonguss|278\/432|[from] item: Black Sludge
|turn|58
|
|switch|p2a: Chansey|Chansey, F|448\/704
|-damage|p2a: Chansey|360\/704|[from] Stealth Rock
|move|p1a: Amoonguss|Hidden Power|p2a: Chansey
|-damage|p2a: Chansey|341\/704
|
|-heal|p1a: Amoonguss|305\/432|[from] item: Black Sludge
|turn|59
|
|switch|p1a: Mandibuzz|Mandibuzz, F|377\/423
|-damage|p1a: Mandibuzz|272\/423|[from] Stealth Rock
|move|p2a: Chansey|Soft-Boiled|p2a: Chansey
|-heal|p2a: Chansey|693\/704
|
|turn|60
|
|switch|p2a: Clefable|Clefable, F|282\/394
|-damage|p2a: Clefable|233\/394|[from] Stealth Rock
|move|p1a: Mandibuzz|Roost|p1a: Mandibuzz
|-heal|p1a: Mandibuzz|423\/423
|
|-heal|p2a: Clefable|257\/394|[from] item: Leftovers
|turn|61
|
|switch|p1a: Amoonguss|Amoonguss, F|432\/432
|-damage|p1a: Amoonguss|378\/432|[from] Stealth Rock
|move|p2a: Clefable|Moonblast|p1a: Amoonguss
|-resisted|p1a: Amoonguss
|-damage|p1a: Amoonguss|309\/432
|-unboost|p1a: Amoonguss|spa|1
|
|-heal|p2a: Clefable|281\/394|[from] item: Leftovers
|-heal|p1a: Amoonguss|336\/432|[from] item: Black Sludge
|turn|62
|
|move|p2a: Clefable|Wish|p2a: Clefable
|move|p1a: Amoonguss|Clear Smog|p2a: Clefable
|-supereffective|p2a: Clefable
|-damage|p2a: Clefable|161\/394
|-clearboost|p2a: Clefable
|
|-heal|p2a: Clefable|185\/394|[from] item: Leftovers
|-heal|p1a: Amoonguss|363\/432|[from] item: Black Sludge
|turn|63
|
|switch|p1a: Landorus-Therian|Landorus-Therian, M|192\/382
|-damage|p1a: Landorus-Therian|145\/382|[from] Stealth Rock
|-ability|p1a: Landorus-Therian|Intimidate|[of] p2a: Clefable
|-unboost|p2a: Clefable|atk|1
|move|p2a: Clefable|Moonblast|p1a: Landorus-Therian
|-damage|p1a: Landorus-Therian|18\/382
|
|-heal|p2a: Clefable|382\/394|[from] move: Wish|[wisher] Clefable
|-heal|p2a: Clefable|394\/394|[from] item: Leftovers
|turn|64
|
|move|p1a: Landorus-Therian|U-turn|p2a: Clefable
|-resisted|p2a: Clefable
|-damage|p2a: Clefable|360\/394
|
|switch|p1a: Amoonguss|Amoonguss, F|432\/432
|-damage|p1a: Amoonguss|378\/432|[from] Stealth Rock
|move|p2a: Clefable|Moonblast|p1a: Amoonguss
|-crit|p1a: Amoonguss
|-resisted|p1a: Amoonguss
|-damage|p1a: Amoonguss|289\/432
|
|-heal|p2a: Clefable|384\/394|[from] item: Leftovers
|-heal|p1a: Amoonguss|316\/432|[from] item: Black Sludge
|turn|65
|
|move|p2a: Clefable|Wish|p2a: Clefable
|move|p1a: Amoonguss|Giga Drain|p2a: Clefable
|-damage|p2a: Clefable|303\/394
|-heal|p1a: Amoonguss|357\/432|[from] drain|[of] p2a: Clefable
|
|-heal|p2a: Clefable|327\/394|[from] item: Leftovers
|-heal|p1a: Amoonguss|384\/432|[from] item: Black Sludge
|turn|66
|
|switch|p2a: Zapdos|Zapdos, shiny|215\/384 slp
|-damage|p2a: Zapdos|119\/384 slp|[from] Stealth Rock
|-ability|p2a: Zapdos|Pressure
|move|p1a: Amoonguss|Hidden Power|p2a: Zapdos
|-damage|p2a: Zapdos|73\/384 slp
|
|-heal|p2a: Zapdos|270\/384 slp|[from] move: Wish|[wisher] Clefable
|-heal|p2a: Zapdos|294\/384 slp|[from] item: Leftovers
|-heal|p1a: Amoonguss|411\/432|[from] item: Black Sludge
|turn|67
|
|switch|p2a: Chansey|Chansey, F|693\/704
|-damage|p2a: Chansey|605\/704|[from] Stealth Rock
|move|p1a: Amoonguss|Giga Drain|p2a: Chansey
|-damage|p2a: Chansey|556\/704
|-heal|p1a: Amoonguss|432\/432|[from] drain|[of] p2a: Chansey
|
|turn|68
|
|switch|p1a: Mandibuzz|Mandibuzz, F|423\/423
|-damage|p1a: Mandibuzz|318\/423|[from] Stealth Rock
|move|p2a: Chansey|Heal Bell|p2a: Chansey
|-cureteam|p2a: Chansey|[from] move: HealBell
|
|turn|69
|
|switch|p2a: Zapdos|Zapdos, shiny|294\/384
|-damage|p2a: Zapdos|198\/384|[from] Stealth Rock
|-ability|p2a: Zapdos|Pressure
|move|p1a: Mandibuzz|Roost|p1a: Mandibuzz
|-heal|p1a: Mandibuzz|423\/423
|
|-heal|p2a: Zapdos|222\/384|[from] item: Leftovers
|turn|70
|
|switch|p1a: Amoonguss|Amoonguss, F|432\/432
|-damage|p1a: Amoonguss|378\/432|[from] Stealth Rock
|move|p2a: Zapdos|Roost|p2a: Zapdos
|-heal|p2a: Zapdos|384\/384
|
|-heal|p1a: Amoonguss|405\/432|[from] item: Black Sludge
|turn|71
|
|move|p2a: Zapdos|Heat Wave|p1a: Amoonguss
|-supereffective|p1a: Amoonguss
|-damage|p1a: Amoonguss|185\/432
|move|p1a: Amoonguss|Spore|p2a: Zapdos
|-status|p2a: Zapdos|slp
|
|-heal|p1a: Amoonguss|212\/432|[from] item: Black Sludge
|turn|72
|
|switch|p1a: Chansey|Chansey, F|438\/703
|-damage|p1a: Chansey|351\/703|[from] Stealth Rock
|cant|p2a: Zapdos|slp
|
|turn|73
|
|switch|p2a: Slowbro'ed|Slowbro, F, shiny|394\/394
|-damage|p2a: Slowbro'ed|345\/394|[from] Stealth Rock
|move|p1a: Chansey|Seismic Toss|p2a: Slowbro'ed
|-damage|p2a: Slowbro'ed|245\/394
|
|-heal|p2a: Slowbro'ed|269\/394|[from] item: Leftovers
|turn|74
|
|move|p1a: Chansey|Soft-Boiled|p1a: Chansey
|-heal|p1a: Chansey|703\/703
|move|p2a: Slowbro'ed|Thunder Wave|p1a: Chansey
|-status|p1a: Chansey|par
|
|-heal|p2a: Slowbro'ed|293\/394|[from] item: Leftovers
|turn|75
|
|move|p2a: Slowbro'ed|Thunder Wave|p1a: Chansey
|-fail|p1a: Chansey|par
|move|p1a: Chansey|Seismic Toss|p2a: Slowbro'ed
|-damage|p2a: Slowbro'ed|193\/394
|
|-heal|p2a: Slowbro'ed|217\/394|[from] item: Leftovers
|turn|76
|
|move|p2a: Slowbro'ed|Thunder Wave|p1a: Chansey
|-fail|p1a: Chansey|par
|move|p1a: Chansey|Seismic Toss|p2a: Slowbro'ed
|-damage|p2a: Slowbro'ed|117\/394
|
|-heal|p2a: Slowbro'ed|141\/394|[from] item: Leftovers
|turn|77
|
|move|p2a: Slowbro'ed|Slack Off|p2a: Slowbro'ed
|-heal|p2a: Slowbro'ed|338\/394
|move|p1a: Chansey|Thunder Wave|p2a: Slowbro'ed
|-status|p2a: Slowbro'ed|par
|
|-heal|p2a: Slowbro'ed|362\/394 par|[from] item: Leftovers
|turn|78
|
|switch|p1a: Amoonguss|Amoonguss, F|356\/432
|-damage|p1a: Amoonguss|302\/432|[from] Stealth Rock
|move|p2a: Slowbro'ed|Thunder Wave|p1a: Amoonguss
|-status|p1a: Amoonguss|par
|
|-heal|p2a: Slowbro'ed|386\/394 par|[from] item: Leftovers
|-heal|p1a: Amoonguss|329\/432 par|[from] item: Black Sludge
|turn|79
|
|switch|p2a: Chansey|Chansey, F|556\/704
|-damage|p2a: Chansey|468\/704|[from] Stealth Rock
|cant|p1a: Amoonguss|par
|
|-heal|p1a: Amoonguss|356\/432 par|[from] item: Black Sludge
|turn|80
|
|switch|p1a: Mandibuzz|Mandibuzz, F|423\/423
|-damage|p1a: Mandibuzz|318\/423|[from] Stealth Rock
|move|p2a: Chansey|Soft-Boiled|p2a: Chansey
|-heal|p2a: Chansey|704\/704
|
|turn|81
|
|switch|p2a: Clefable|Clefable, F|327\/394
|-damage|p2a: Clefable|278\/394|[from] Stealth Rock
|move|p1a: Mandibuzz|Taunt|p2a: Clefable
|-start|p2a: Clefable|move: Taunt
|
|-heal|p2a: Clefable|302\/394|[from] item: Leftovers
|turn|82
|
|move|p1a: Mandibuzz|Foul Play|p2a: Clefable
|-resisted|p2a: Clefable
|-damage|p2a: Clefable|269\/394
|move|p2a: Clefable|Moonblast|p1a: Mandibuzz
|-supereffective|p1a: Mandibuzz
|-damage|p1a: Mandibuzz|102\/423
|
|-heal|p2a: Clefable|293\/394|[from] item: Leftovers
|turn|83
|
|move|p1a: Mandibuzz|Roost|p1a: Mandibuzz
|-heal|p1a: Mandibuzz|314\/423
|move|p2a: Clefable|Moonblast|p1a: Mandibuzz
|-supereffective|p1a: Mandibuzz
|-damage|p1a: Mandibuzz|102\/423
|
|-heal|p2a: Clefable|317\/394|[from] item: Leftovers
|turn|84
|
|move|p1a: Mandibuzz|Roost|p1a: Mandibuzz
|-heal|p1a: Mandibuzz|314\/423
|move|p2a: Clefable|Moonblast|p1a: Mandibuzz
|-supereffective|p1a: Mandibuzz
|-damage|p1a: Mandibuzz|72\/423
|
|-heal|p2a: Clefable|341\/394|[from] item: Leftovers
|-end|p2a: Clefable|move: Taunt
|turn|85
|
|move|p1a: Mandibuzz|Roost|p1a: Mandibuzz
|-heal|p1a: Mandibuzz|284\/423
|move|p2a: Clefable|Moonblast|p1a: Mandibuzz
|-supereffective|p1a: Mandibuzz
|-damage|p1a: Mandibuzz|68\/423
|
|-heal|p2a: Clefable|365\/394|[from] item: Leftovers
|turn|86
|-message|lil manaphy forfeited.
|
|win|happening
|raw|Ladder updating...
|leave|lil manaphy
|player|p1
|raw|lil manaphy's rating: 1718 &rarr; <strong>1691<\/strong><br \/>(-27 for losing)
|raw|happening's rating: 1588 &rarr; <strong>1615<\/strong><br \/>(+27 for winning)