|join|PiggK
|join|Farbud
|player|p1|PiggK|125
|player|p2|Farbud|110
|gametype|singles
|gen|6
|tier|OU (suspect test)
|rated
|clearpoke
|poke|p1|Shedinja
|poke|p1|Sableye, F, shiny
|poke|p1|Chansey, F, shiny
|poke|p1|Heatran, F
|poke|p1|Skarmory, M, shiny
|poke|p1|Amoonguss, F
|poke|p2|Metagross, shiny
|poke|p2|Manaphy
|poke|p2|Clefable, M
|poke|p2|Landorus-Therian, M
|poke|p2|Scizor, F
|poke|p2|Victini
|rule|Swagger Clause: Swagger is banned
|rule|Baton Pass Clause: Limit one PokÃ©mon knowing Baton Pass
|rule|Sleep Clause Mod: Limit one foe put to sleep
|rule|Species Clause: Limit one of each PokÃ©mon
|rule|OHKO Clause: OHKO moves are banned
|rule|Moody Clause: Moody is banned
|rule|Evasion Moves Clause: Evasion moves are banned
|rule|Endless Battle Clause: Forcing endless battles is banned
|rule|HP Percentage Mod: HP is shown in percentages
|teampreview
|
|start
|switch|p1a: Sableye|Sableye, F, shiny|303\/303
|switch|p2a: Victini|Victini|341\/341
|turn|1
|
|switch|p1a: Heatran|Heatran, F|385\/385
|move|p2a: Victini|V-create|p1a: Heatran
|-start|p1a: Heatran|ability: Flash Fire
|
|turn|2
|
|move|p2a: Victini|V-create|p1a: Heatran
|-immune|p1a: Heatran|[msg]
|move|p1a: Heatran|Stealth Rock|p2a: Victini
|-sidestart|p2: Farbud|move: Stealth Rock
|
|turn|3
|
|switch|p2a: Landorus-Therian|Landorus-Therian, M|382\/382
|-damage|p2a: Landorus-Therian|335\/382|[from] Stealth Rock
|-ability|p2a: Landorus-Therian|Intimidate|[of] p1a: Heatran
|-unboost|p1a: Heatran|atk|1
|move|p1a: Heatran|Toxic|p2a: Landorus-Therian
|-status|p2a: Landorus-Therian|tox
|
|-heal|p2a: Landorus-Therian|358\/382 tox|[from] item: Leftovers
|-damage|p2a: Landorus-Therian|335\/382 tox|[from] psn
|turn|4
|
|switch|p1a: Skarmory|Skarmory, M, shiny|333\/333
|move|p2a: Landorus-Therian|Stealth Rock|p1a: Skarmory
|-sidestart|p1: PiggK|move: Stealth Rock
|
|-heal|p2a: Landorus-Therian|358\/382 tox|[from] item: Leftovers
|-damage|p2a: Landorus-Therian|312\/382 tox|[from] psn
|turn|5
|
|switch|p2a: Manaphy|Manaphy|365\/365
|-damage|p2a: Manaphy|320\/365|[from] Stealth Rock
|move|p1a: Skarmory|Defog|p2a: Manaphy
|-unboost|p2a: Manaphy|evasion|1
|-sideend|p2: Farbud|Stealth Rock|[from] move: Defog|[of] p2a: Manaphy
|-sideend|p1: PiggK|Stealth Rock|[from] move: Defog|[of] p1a: Skarmory
|
|-heal|p2a: Manaphy|342\/365|[from] item: Leftovers
|turn|6
|
|switch|p2a: Clefable|Clefable, M|394\/394
|switch|p1a: Shedinja|Shedinja|1\/1
|
|turn|7
|
|switch|p1a: Heatran|Heatran, F|385\/385
|move|p2a: Clefable|Calm Mind|p2a: Clefable
|-boost|p2a: Clefable|spa|1
|-boost|p2a: Clefable|spd|1
|
|turn|8
|
|move|p1a: Heatran|Stealth Rock|p2a: Clefable
|-sidestart|p2: Farbud|move: Stealth Rock
|move|p2a: Clefable|Calm Mind|p2a: Clefable
|-boost|p2a: Clefable|spa|1
|-boost|p2a: Clefable|spd|1
|
|turn|9
|
|move|p1a: Heatran|Lava Plume|p2a: Clefable
|-damage|p2a: Clefable|337\/394
|move|p2a: Clefable|Calm Mind|p2a: Clefable
|-boost|p2a: Clefable|spa|1
|-boost|p2a: Clefable|spd|1
|
|-heal|p2a: Clefable|361\/394|[from] item: Leftovers
|turn|10
|
|move|p1a: Heatran|Lava Plume|p2a: Clefable
|-damage|p2a: Clefable|316\/394
|-status|p2a: Clefable|brn
|move|p2a: Clefable|Moonblast|p1a: Heatran
|-resisted|p1a: Heatran
|-damage|p1a: Heatran|343\/385
|-unboost|p1a: Heatran|spa|1
|
|-heal|p1a: Heatran|367\/385|[from] item: Leftovers
|-heal|p2a: Clefable|340\/394 brn|[from] item: Leftovers
|turn|11
|
|move|p1a: Heatran|Toxic|p2a: Clefable
|-fail|p2a: Clefable
|move|p2a: Clefable|Calm Mind|p2a: Clefable
|-boost|p2a: Clefable|spa|1
|-boost|p2a: Clefable|spd|1
|
|-heal|p1a: Heatran|385\/385|[from] item: Leftovers
|-heal|p2a: Clefable|364\/394 brn|[from] item: Leftovers
|turn|12
|
|switch|p1a: Chansey|Chansey, F, shiny|642\/642
|move|p2a: Clefable|Calm Mind|p2a: Clefable
|-boost|p2a: Clefable|spa|1
|-boost|p2a: Clefable|spd|1
|
|-heal|p2a: Clefable|388\/394 brn|[from] item: Leftovers
|turn|13
|
|switch|p1a: Heatran|Heatran, F|385\/385
|move|p2a: Clefable|Moonblast|p1a: Heatran
|-resisted|p1a: Heatran
|-damage|p1a: Heatran|319\/385
|
|-heal|p1a: Heatran|343\/385|[from] item: Leftovers
|-heal|p2a: Clefable|394\/394 brn|[from] item: Leftovers
|turn|14
|
|move|p1a: Heatran|Lava Plume|p2a: Clefable
|-damage|p2a: Clefable|361\/394 brn
|move|p2a: Clefable|Calm Mind|p2a: Clefable
|-boost|p2a: Clefable|spa|1
|-boost|p2a: Clefable|spd|1
|
|-heal|p1a: Heatran|367\/385|[from] item: Leftovers
|-heal|p2a: Clefable|385\/394 brn|[from] item: Leftovers
|turn|15
|
|move|p1a: Heatran|Protect|p1a: Heatran
|-singleturn|p1a: Heatran|Protect
|move|p2a: Clefable|Moonblast|p1a: Heatran
|-activate|p1a: Heatran|Protect
|
|-heal|p1a: Heatran|385\/385|[from] item: Leftovers
|-heal|p2a: Clefable|394\/394 brn|[from] item: Leftovers
|turn|16
|
|move|p1a: Heatran|Toxic|p2a: Clefable
|-fail|p2a: Clefable
|move|p2a: Clefable|Moonblast|p1a: Heatran
|-resisted|p1a: Heatran
|-damage|p1a: Heatran|307\/385
|
|-heal|p1a: Heatran|331\/385|[from] item: Leftovers
|turn|17
|
|switch|p2a: Landorus-Therian|Landorus-Therian, M|312\/382 tox
|-damage|p2a: Landorus-Therian|265\/382 tox|[from] Stealth Rock
|-ability|p2a: Landorus-Therian|Intimidate|[of] p1a: Heatran
|-unboost|p1a: Heatran|atk|1
|move|p1a: Heatran|Protect|p1a: Heatran
|-fail|p1a: Heatran
|
|-heal|p2a: Landorus-Therian|288\/382 tox|[from] item: Leftovers
|-heal|p1a: Heatran|355\/385|[from] item: Leftovers
|-damage|p2a: Landorus-Therian|265\/382 tox|[from] psn
|turn|18
|
|switch|p1a: Skarmory|Skarmory, M, shiny|333\/333
|move|p2a: Landorus-Therian|Stealth Rock|p1a: Skarmory
|-sidestart|p1: PiggK|move: Stealth Rock
|
|-heal|p2a: Landorus-Therian|288\/382 tox|[from] item: Leftovers
|-damage|p2a: Landorus-Therian|242\/382 tox|[from] psn
|turn|19
|
|move|p2a: Landorus-Therian|U-turn|p1a: Skarmory
|-resisted|p1a: Skarmory
|-damage|p1a: Skarmory|323\/333
|
|switch|p2a: Victini|Victini|341\/341
|-damage|p2a: Victini|256\/341|[from] Stealth Rock
|move|p1a: Skarmory|Defog|p2a: Victini
|-unboost|p2a: Victini|evasion|1
|-sideend|p2: Farbud|Stealth Rock|[from] move: Defog|[of] p2a: Victini
|-sideend|p1: PiggK|Stealth Rock|[from] move: Defog|[of] p1a: Skarmory
|
|turn|20
|
|switch|p1a: Heatran|Heatran, F|355\/385
|move|p2a: Victini|Trick|p1a: Heatran
|-activate|p2a: Victini|move: Trick|[of] p1a: Heatran
|-item|p1a: Heatran|Choice Scarf|[from] move: Trick
|-item|p2a: Victini|Leftovers|[from] move: Trick
|
|-heal|p2a: Victini|277\/341|[from] item: Leftovers
|turn|21
|
|move|p2a: Victini|U-turn|p1a: Heatran
|-resisted|p1a: Heatran
|-damage|p1a: Heatran|340\/385
|
|switch|p2a: Landorus-Therian|Landorus-Therian, M|242\/382 tox
|-ability|p2a: Landorus-Therian|Intimidate|[of] p1a: Heatran
|-unboost|p1a: Heatran|atk|1
|move|p1a: Heatran|Stealth Rock|p2a: Landorus-Therian
|-sidestart|p2: Farbud|move: Stealth Rock
|
|-heal|p2a: Landorus-Therian|265\/382 tox|[from] item: Leftovers
|-damage|p2a: Landorus-Therian|242\/382 tox|[from] psn
|turn|22
|
|switch|p1a: Skarmory|Skarmory, M, shiny|323\/333
|move|p2a: Landorus-Therian|Stealth Rock|p1a: Skarmory
|-sidestart|p1: PiggK|move: Stealth Rock
|
|-heal|p2a: Landorus-Therian|265\/382 tox|[from] item: Leftovers
|-damage|p2a: Landorus-Therian|219\/382 tox|[from] psn
|turn|23
|
|switch|p2a: Clefable|Clefable, M|394\/394 brn
|move|p1a: Skarmory|Defog|p2a: Clefable
|-unboost|p2a: Clefable|evasion|1
|-sideend|p2: Farbud|Stealth Rock|[from] move: Defog|[of] p2a: Clefable
|-sideend|p1: PiggK|Stealth Rock|[from] move: Defog|[of] p1a: Skarmory
|
|turn|24
|
|switch|p1a: Chansey|Chansey, F, shiny|642\/642
|move|p2a: Clefable|Fire Blast|p1a: Chansey
|-damage|p1a: Chansey|600\/642
|
|turn|25
|
|switch|p2a: Scizor|Scizor, F|343\/343
|move|p1a: Chansey|Wish|p1a: Chansey
|
|turn|26
|
|switch|p2a: Clefable|Clefable, M|394\/394 brn
|switch|p1a: Sableye|Sableye, F, shiny|303\/303
|
|turn|27
|
|detailschange|p1a: Sableye|Sableye-Mega, F, shiny
|-mega|p1a: Sableye|Sableye|Sablenite
|move|p2a: Clefable|Moonblast|p1a: Sableye
|-supereffective|p1a: Sableye
|-damage|p1a: Sableye|169\/303
|move|p1a: Sableye|Knock Off|p2a: Clefable
|-resisted|p2a: Clefable
|-damage|p2a: Clefable|337\/394 brn
|-enditem|p2a: Clefable|Leftovers|[from] move: Knock Off|[of] p1a: Sableye
|
|turn|28
|
|switch|p1a: Amoonguss|Amoonguss, F|432\/432
|move|p2a: Clefable|Calm Mind|p2a: Clefable
|-boost|p2a: Clefable|spa|1
|-boost|p2a: Clefable|spd|1
|
|turn|29
|
|move|p2a: Clefable|Calm Mind|p2a: Clefable
|-boost|p2a: Clefable|spa|1
|-boost|p2a: Clefable|spd|1
|move|p1a: Amoonguss|Sludge Bomb|p2a: Clefable
|-supereffective|p2a: Clefable
|-damage|p2a: Clefable|253\/394 brn
|
|turn|30
|
|switch|p1a: Chansey|Chansey, F, shiny|600\/642
|move|p2a: Clefable|Calm Mind|p2a: Clefable
|-boost|p2a: Clefable|spa|1
|-boost|p2a: Clefable|spd|1
|
|turn|31
|
|move|p2a: Clefable|Soft-Boiled|p2a: Clefable
|-heal|p2a: Clefable|394\/394 brn
|move|p1a: Chansey|Wish|p1a: Chansey
|
|turn|32
|
|switch|p1a: Heatran|Heatran, F|340\/385
|move|p2a: Clefable|Moonblast|p1a: Heatran
|-crit|p1a: Heatran
|-resisted|p1a: Heatran
|-damage|p1a: Heatran|267\/385
|
|-heal|p1a: Heatran|385\/385|[from] move: Wish|[wisher] Chansey
|turn|33
|
|move|p1a: Heatran|Protect|p1a: Heatran
|-singleturn|p1a: Heatran|Protect
|move|p2a: Clefable|Calm Mind|p2a: Clefable
|-boost|p2a: Clefable|spa|1
|-boost|p2a: Clefable|spd|1
|
|turn|34
|
|switch|p1a: Chansey|Chansey, F, shiny|600\/642
|move|p2a: Clefable|Calm Mind|p2a: Clefable
|-boost|p2a: Clefable|spa|1
|-boost|p2a: Clefable|spd|1
|
|turn|35
|
|move|p2a: Clefable|Calm Mind|p2a: Clefable
|-boost|p2a: Clefable|spa|1
|-boost|p2a: Clefable|spd|1
|move|p1a: Chansey|Wish|p1a: Chansey
|
|turn|36
|
|switch|p1a: Amoonguss|Amoonguss, F|432\/432
|move|p2a: Clefable|Moonblast|p1a: Amoonguss
|-resisted|p1a: Amoonguss
|-damage|p1a: Amoonguss|197\/432
|
|-heal|p1a: Amoonguss|432\/432|[from] move: Wish|[wisher] Chansey
|turn|37
|
|switch|p1a: Heatran|Heatran, F|385\/385
|move|p2a: Clefable|Moonblast|p1a: Heatran
|-resisted|p1a: Heatran
|-damage|p1a: Heatran|309\/385
|-unboost|p1a: Heatran|spa|1
|
|turn|38
|
|move|p1a: Heatran|Protect|p1a: Heatran
|-singleturn|p1a: Heatran|Protect
|move|p2a: Clefable|Calm Mind|p2a: Clefable
|-fail|p2a: Clefable
|
|turn|39
|
|move|p1a: Heatran|Protect|p1a: Heatran
|-fail|p1a: Heatran
|move|p2a: Clefable|Moonblast|p1a: Heatran
|-resisted|p1a: Heatran
|-damage|p1a: Heatran|238\/385
|-unboost|p1a: Heatran|spa|1
|
|turn|40
|
|switch|p1a: Chansey|Chansey, F, shiny|600\/642
|move|p2a: Clefable|Moonblast|p1a: Chansey
|-damage|p1a: Chansey|380\/642
|
|turn|41
|
|move|p2a: Clefable|Moonblast|p1a: Chansey
|-damage|p1a: Chansey|148\/642
|move|p1a: Chansey|Soft-Boiled|p1a: Chansey
|-heal|p1a: Chansey|469\/642
|
|turn|42
|
|switch|p2a: Landorus-Therian|Landorus-Therian, M|219\/382 tox
|-ability|p2a: Landorus-Therian|Intimidate|[of] p1a: Chansey
|-unboost|p1a: Chansey|atk|1
|move|p1a: Chansey|Wish|p1a: Chansey
|
|-heal|p2a: Landorus-Therian|242\/382 tox|[from] item: Leftovers
|-damage|p2a: Landorus-Therian|219\/382 tox|[from] psn
|turn|43
|
|switch|p1a: Sableye|Sableye-Mega, F, shiny|169\/303
|move|p2a: Landorus-Therian|Stealth Rock|p1a: Sableye
|move|p1a: Sableye|Stealth Rock|p2a: Landorus-Therian|[from]Magic Bounce
|-sidestart|p2: Farbud|move: Stealth Rock
|
|-heal|p1a: Sableye|303\/303|[from] move: Wish|[wisher] Chansey
|-heal|p2a: Landorus-Therian|242\/382 tox|[from] item: Leftovers
|-damage|p2a: Landorus-Therian|196\/382 tox|[from] psn
|turn|44
|
|move|p2a: Landorus-Therian|U-turn|p1a: Sableye
|-damage|p1a: Sableye|246\/303
|
|switch|p2a: Scizor|Scizor, F|343\/343
|-damage|p2a: Scizor|301\/343|[from] Stealth Rock
|move|p1a: Sableye|Knock Off|p2a: Scizor
|-damage|p2a: Scizor|214\/343
|-enditem|p2a: Scizor|Leftovers|[from] move: Knock Off|[of] p1a: Sableye
|
|turn|45
|
|move|p2a: Scizor|Defog|p1a: Sableye
|move|p1a: Sableye|Defog|p2a: Scizor|[from]Magic Bounce
|-unboost|p2a: Scizor|evasion|1
|-sideend|p2: Farbud|Stealth Rock|[from] move: Defog|[of] p2a: Scizor
|move|p1a: Sableye|Will-O-Wisp|p2a: Scizor
|-status|p2a: Scizor|brn
|
|-damage|p2a: Scizor|172\/343 brn|[from] brn
|turn|46
|
|switch|p2a: Clefable|Clefable, M|394\/394 brn
|move|p1a: Sableye|Recover|p1a: Sableye
|-heal|p1a: Sableye|303\/303
|
|turn|47
|
|switch|p2a: Victini|Victini|277\/341
|switch|p1a: Chansey|Chansey, F, shiny|469\/642
|
|-heal|p2a: Victini|298\/341|[from] item: Leftovers
|turn|48
|
|switch|p1a: Heatran|Heatran, F|238\/385
|move|p2a: Victini|Bolt Strike|p1a: Heatran|[miss]
|-miss|p2a: Victini|p1a: Heatran
|
|-heal|p2a: Victini|319\/341|[from] item: Leftovers
|turn|49
|
|move|p2a: Victini|Bolt Strike|p1a: Heatran
|-damage|p1a: Heatran|120\/385
|move|p1a: Heatran|Stealth Rock|p2a: Victini
|-sidestart|p2: Farbud|move: Stealth Rock
|
|-heal|p2a: Victini|340\/341|[from] item: Leftovers
|turn|50
|
|switch|p1a: Amoonguss|Amoonguss, F|432\/432
|move|p2a: Victini|Bolt Strike|p1a: Amoonguss
|-resisted|p1a: Amoonguss
|-damage|p1a: Amoonguss|366\/432
|
|-heal|p2a: Victini|341\/341|[from] item: Leftovers
|-heal|p1a: Amoonguss|393\/432|[from] item: Black Sludge
|turn|51
|
|switch|p1a: Heatran|Heatran, F|120\/385
|move|p2a: Victini|U-turn|p1a: Heatran
|-resisted|p1a: Heatran
|-damage|p1a: Heatran|103\/385
|
|switch|p2a: Landorus-Therian|Landorus-Therian, M|196\/382 tox
|-damage|p2a: Landorus-Therian|149\/382 tox|[from] Stealth Rock
|-ability|p2a: Landorus-Therian|Intimidate|[of] p1a: Heatran
|-unboost|p1a: Heatran|atk|1
|
|-heal|p2a: Landorus-Therian|172\/382 tox|[from] item: Leftovers
|-damage|p2a: Landorus-Therian|149\/382 tox|[from] psn
|turn|52
|
|switch|p1a: Sableye|Sableye-Mega, F, shiny|303\/303
|move|p2a: Landorus-Therian|U-turn|p1a: Sableye
|-damage|p1a: Sableye|241\/303
|
|switch|p2a: Clefable|Clefable, M|394\/394 brn
|
|turn|53
|
|switch|p2a: Scizor|Scizor, F|172\/343 brn
|-damage|p2a: Scizor|130\/343 brn|[from] Stealth Rock
|switch|p1a: Shedinja|Shedinja|1\/1
|
|-damage|p2a: Scizor|88\/343 brn|[from] brn
|turn|54
|
|move|p1a: Shedinja|Shadow Sneak|p2a: Scizor
|-damage|p2a: Scizor|31\/343 brn
|move|p2a: Scizor|Defog|p1a: Shedinja
|-unboost|p1a: Shedinja|evasion|1
|-sideend|p2: Farbud|Stealth Rock|[from] move: Defog|[of] p2a: Scizor
|
|-damage|p2a: Scizor|0 fnt|[from] brn
|faint|p2a: Scizor
|
|switch|p2a: Landorus-Therian|Landorus-Therian, M|149\/382 tox
|-ability|p2a: Landorus-Therian|Intimidate|[of] p1a: Shedinja
|-unboost|p1a: Shedinja|atk|1
|turn|55
|
|switch|p1a: Sableye|Sableye-Mega, F, shiny|241\/303
|move|p2a: Landorus-Therian|U-turn|p1a: Sableye
|-damage|p1a: Sableye|184\/303
|
|switch|p2a: Victini|Victini|341\/341
|
|turn|56
|
|move|p2a: Victini|Bolt Strike|p1a: Sableye
|-damage|p1a: Sableye|87\/303
|move|p1a: Sableye|Knock Off|p2a: Victini
|-supereffective|p2a: Victini
|-damage|p2a: Victini|129\/341
|-enditem|p2a: Victini|Leftovers|[from] move: Knock Off|[of] p1a: Sableye
|
|turn|57
|
|switch|p1a: Amoonguss|Amoonguss, F|432\/432
|move|p2a: Victini|Bolt Strike|p1a: Amoonguss|[miss]
|-miss|p2a: Victini|p1a: Amoonguss
|
|turn|58
|
|move|p2a: Victini|V-create|p1a: Amoonguss
|-supereffective|p1a: Amoonguss
|-damage|p1a: Amoonguss|0 fnt
|-unboost|p2a: Victini|def|1
|-unboost|p2a: Victini|spd|1
|-unboost|p2a: Victini|spe|1
|faint|p1a: Amoonguss
|
|
|switch|p1a: Shedinja|Shedinja|1\/1
|turn|59
|
|switch|p2a: Landorus-Therian|Landorus-Therian, M|149\/382 tox
|-ability|p2a: Landorus-Therian|Intimidate|[of] p1a: Shedinja
|-unboost|p1a: Shedinja|atk|1
|move|p1a: Shedinja|Shadow Sneak|p2a: Landorus-Therian
|-damage|p2a: Landorus-Therian|116\/382 tox
|
|-heal|p2a: Landorus-Therian|139\/382 tox|[from] item: Leftovers
|-damage|p2a: Landorus-Therian|116\/382 tox|[from] psn
|turn|60
|
|move|p2a: Landorus-Therian|Stone Edge|p1a: Shedinja
|-supereffective|p1a: Shedinja
|-enditem|p1a: Shedinja|Focus Sash
|-damage|p1a: Shedinja|1\/1
|move|p1a: Shedinja|Swords Dance|p1a: Shedinja
|-boost|p1a: Shedinja|atk|2
|
|-heal|p2a: Landorus-Therian|139\/382 tox|[from] item: Leftovers
|-damage|p2a: Landorus-Therian|93\/382 tox|[from] psn
|turn|61
|
|switch|p1a: Sableye|Sableye-Mega, F, shiny|87\/303
|move|p2a: Landorus-Therian|Stone Edge|p1a: Sableye|[miss]
|-miss|p2a: Landorus-Therian|p1a: Sableye
|
|-heal|p2a: Landorus-Therian|116\/382 tox|[from] item: Leftovers
|-damage|p2a: Landorus-Therian|47\/382 tox|[from] psn
|turn|62
|
|switch|p1a: Skarmory|Skarmory, M, shiny|323\/333
|move|p2a: Landorus-Therian|Earthquake|p1a: Skarmory
|-immune|p1a: Skarmory|[msg]
|
|-heal|p2a: Landorus-Therian|70\/382 tox|[from] item: Leftovers
|-damage|p2a: Landorus-Therian|0 fnt|[from] psn
|faint|p2a: Landorus-Therian
|
|switch|p2a: Victini|Victini|129\/341
|turn|63
|
|move|p2a: Victini|U-turn|p1a: Skarmory
|-resisted|p1a: Skarmory
|-damage|p1a: Skarmory|313\/333
|
|switch|p2a: Metagross|Metagross, shiny|302\/302
|move|p1a: Skarmory|Counter|p2a: Metagross
|-damage|p2a: Metagross|282\/302
|
|turn|64
|
|switch|p2a: Victini|Victini|129\/341
|move|p1a: Skarmory|Roost|p1a: Skarmory
|-heal|p1a: Skarmory|333\/333
|
|turn|65
|
|switch|p2a: Manaphy|Manaphy|342\/365
|move|p1a: Skarmory|Counter|p2a: Manaphy
|-fail|p2a: Manaphy
|
|-heal|p2a: Manaphy|364\/365|[from] item: Leftovers
|turn|66
|
|switch|p1a: Shedinja|Shedinja|1\/1
|move|p2a: Manaphy|Tail Glow|p2a: Manaphy
|-boost|p2a: Manaphy|spa|3
|
|-heal|p2a: Manaphy|365\/365|[from] item: Leftovers
|turn|67
|
|switch|p2a: Clefable|Clefable, M|394\/394 brn
|move|p1a: Shedinja|X-Scissor|p2a: Clefable
|-resisted|p2a: Clefable
|-damage|p2a: Clefable|334\/394 brn
|
|turn|68
|
|switch|p1a: Heatran|Heatran, F|103\/385
|switch|p2a: Victini|Victini|129\/341
|
|turn|69
|
|move|p2a: Victini|Bolt Strike|p1a: Heatran
|-damage|p1a: Heatran|0 fnt
|faint|p1a: Heatran
|
|
|switch|p1a: Skarmory|Skarmory, M, shiny|333\/333
|turn|70
|
|switch|p2a: Manaphy|Manaphy|365\/365
|move|p1a: Skarmory|Counter|p2a: Manaphy
|-fail|p2a: Manaphy
|
|turn|71
|
|switch|p1a: Shedinja|Shedinja|1\/1
|move|p2a: Manaphy|Scald|p1a: Shedinja
|-activate|p1a: Shedinja|ability: Wonder Guard
|
|turn|72
|
|switch|p2a: Clefable|Clefable, M|334\/394 brn
|move|p1a: Shedinja|X-Scissor|p2a: Clefable
|-resisted|p2a: Clefable
|-damage|p2a: Clefable|274\/394 brn
|
|turn|73
|
|switch|p1a: Chansey|Chansey, F, shiny|469\/642
|move|p2a: Clefable|Soft-Boiled|p2a: Clefable
|-heal|p2a: Clefable|394\/394 brn
|
|turn|74
|
|switch|p2a: Victini|Victini|129\/341
|move|p1a: Chansey|Wish|p1a: Chansey
|
|turn|75
|
|switch|p1a: Sableye|Sableye-Mega, F, shiny|87\/303
|move|p2a: Victini|V-create|p1a: Sableye
|-damage|p1a: Sableye|0 fnt
|-unboost|p2a: Victini|def|1
|-unboost|p2a: Victini|spd|1
|-unboost|p2a: Victini|spe|1
|faint|p1a: Sableye
|
|
|switch|p1a: Shedinja|Shedinja|1\/1
|turn|76
|
|switch|p2a: Clefable|Clefable, M|394\/394 brn
|move|p1a: Shedinja|Shadow Sneak|p2a: Clefable
|-damage|p2a: Clefable|333\/394 brn
|
|turn|77
|
|switch|p1a: Chansey|Chansey, F, shiny|469\/642
|move|p2a: Clefable|Fire Blast|p1a: Chansey
|-damage|p1a: Chansey|425\/642
|
|turn|78
|
|switch|p2a: Metagross|Metagross, shiny|282\/302
|move|p1a: Chansey|Soft-Boiled|p1a: Chansey
|-heal|p1a: Chansey|642\/642
|
|turn|79
|
|switch|p2a: Victini|Victini|129\/341
|switch|p1a: Shedinja|Shedinja|1\/1
|
|turn|80
|
|move|p1a: Shedinja|Shadow Sneak|p2a: Victini
|-supereffective|p2a: Victini
|-damage|p2a: Victini|9\/341
|move|p2a: Victini|V-create|p1a: Shedinja
|-supereffective|p1a: Shedinja
|-damage|p1a: Shedinja|0 fnt
|-unboost|p2a: Victini|def|1
|-unboost|p2a: Victini|spd|1
|-unboost|p2a: Victini|spe|1
|faint|p1a: Shedinja
|
|c|âPiggK|damn, gg
|c|âFarbud|gg, was a row
|c|âPiggK|33-39.5% damage
|c|âFarbud|nice team though :]
|
|switch|p1a: Chansey|Chansey, F, shiny|642\/642
|turn|81
|c|âPiggK|ha, thanks
|c|âFarbud|shedinja kinda screwed me
|
|move|p2a: Victini|V-create|p1a: Chansey
|-damage|p1a: Chansey|276\/642
|-unboost|p2a: Victini|def|1
|-unboost|p2a: Victini|spd|1
|-unboost|p2a: Victini|spe|1
|move|p1a: Chansey|Wish|p1a: Chansey
|
|turn|82
|c|âPiggK|the trick on heatran killed me
|
|move|p2a: Victini|Bolt Strike|p1a: Chansey
|-damage|p1a: Chansey|112\/642
|-status|p1a: Chansey|par
|move|p1a: Chansey|Soft-Boiled|p1a: Chansey
|-heal|p1a: Chansey|433\/642 par
|
|-heal|p1a: Chansey|642\/642 par|[from] move: Wish|[wisher] Chansey
|turn|83
|
|move|p2a: Victini|Trick|p1a: Chansey
|-activate|p2a: Victini|move: Trick|[of] p1a: Chansey
|-item|p2a: Victini|Eviolite|[from] move: Trick
|move|p1a: Chansey|Seismic Toss|p2a: Victini
|-damage|p2a: Victini|0 fnt
|faint|p2a: Victini
|
|
|switch|p2a: Manaphy|Manaphy|365\/365
|turn|84
|
|move|p2a: Manaphy|Rain Dance|p2a: Manaphy
|-weather|RainDance
|move|p1a: Chansey|Seismic Toss|p2a: Manaphy
|-damage|p2a: Manaphy|265\/365
|
|-weather|RainDance|[upkeep]
|-heal|p2a: Manaphy|287\/365|[from] item: Leftovers
|turn|85
|
|move|p2a: Manaphy|Tail Glow|p2a: Manaphy
|-boost|p2a: Manaphy|spa|3
|move|p1a: Chansey|Seismic Toss|p2a: Manaphy
|-damage|p2a: Manaphy|187\/365
|
|-weather|RainDance|[upkeep]
|-heal|p2a: Manaphy|209\/365|[from] item: Leftovers
|turn|86
|
|move|p2a: Manaphy|Scald|p1a: Chansey
|-crit|p1a: Chansey
|-damage|p1a: Chansey|81\/642 par
|move|p1a: Chansey|Seismic Toss|p2a: Manaphy
|-damage|p2a: Manaphy|109\/365
|
|-weather|RainDance|[upkeep]
|-heal|p2a: Manaphy|131\/365|[from] item: Leftovers
|turn|87
|
|move|p2a: Manaphy|Scald|p1a: Chansey
|-crit|p1a: Chansey
|-damage|p1a: Chansey|0 fnt
|faint|p1a: Chansey
|
|-weather|RainDance|[upkeep]
|-heal|p2a: Manaphy|153\/365|[from] item: Leftovers
|
|switch|p1a: Skarmory|Skarmory, M, shiny|333\/333
|turn|88
|
|move|p2a: Manaphy|Scald|p1a: Skarmory
|-activate|p1a: Skarmory|Sturdy
|-damage|p1a: Skarmory|1\/333
|move|p1a: Skarmory|Counter|p2a: Manaphy
|-fail|p2a: Manaphy
|
|-weather|none
|-heal|p2a: Manaphy|175\/365|[from] item: Leftovers
|turn|89
|
|move|p2a: Manaphy|Scald|p1a: Skarmory
|-damage|p1a: Skarmory|0 fnt
|faint|p1a: Skarmory
|
|win|Farbud
|raw|Ladder updating...
|raw|PiggK's rating: 1454 &rarr; <strong>1436<\/strong><br \/>(-18 for losing)
|raw|Farbud's rating: 1477 &rarr; <strong>1496<\/strong><br \/>(+19 for winning)
|leave|PiggK
|player|p1