|join|IheartMagikarp
|join|UrNemesis357
|player|p1|IheartMagikarp|275
|player|p2|UrNemesis357|144
|gametype|singles
|gen|6
|tier|UU
|rated
|rule|Sleep Clause Mod: Limit one foe put to sleep
|rule|Species Clause: Limit one of each PokÃ©mon
|rule|OHKO Clause: OHKO moves are banned
|rule|Moody Clause: Moody is banned
|rule|Evasion Moves Clause: Evasion moves are banned
|rule|Endless Battle Clause: Forcing endless battles is banned
|rule|HP Percentage Mod: HP is shown in percentages
|clearpoke
|poke|p1|Dragalge, F
|poke|p1|Forretress, M
|poke|p1|Swampert, M
|poke|p1|Blissey, F
|poke|p1|Jirachi
|poke|p1|Florges, F
|poke|p2|Suicune
|poke|p2|Roserade, M
|poke|p2|Infernape, F
|poke|p2|Krookodile, M
|poke|p2|Porygon-Z
|poke|p2|Florges, F
|rule|Swagger Clause: Swagger is banned
|rule|Baton Pass Clause: Limit one PokÃ©mon knowing Baton Pass
|teampreview
|c|âIheartMagikarp|gl hf
|
|start
|switch|p1a: Flinch Master Flex|Jirachi|341\/341
|switch|p2a: Krookodile|Krookodile, M|331\/331
|-ability|p2a: Krookodile|Intimidate|[of] p1a: Flinch Master Flex
|-unboost|p1a: Flinch Master Flex|atk|1
|turn|1
|
|move|p1a: Flinch Master Flex|Iron Head|p2a: Krookodile
|-damage|p2a: Krookodile|243\/331
|move|p2a: Krookodile|Pursuit|p1a: Flinch Master Flex
|-supereffective|p1a: Flinch Master Flex
|-damage|p1a: Flinch Master Flex|147\/341
|
|turn|2
|
|move|p1a: Flinch Master Flex|Iron Head|p2a: Krookodile
|-damage|p2a: Krookodile|141\/331
|cant|p2a: Krookodile|flinch
|
|turn|3
|
|move|p1a: Flinch Master Flex|Iron Head|p2a: Krookodile
|-damage|p2a: Krookodile|44\/331
|cant|p2a: Krookodile|flinch
|
|turn|4
|
|switch|p2a: Suicune|Suicune|404\/404
|-ability|p2a: Suicune|Pressure
|move|p1a: Flinch Master Flex|Iron Head|p2a: Suicune
|-resisted|p2a: Suicune
|-damage|p2a: Suicune|380\/404
|
|-heal|p2a: Suicune|404\/404|[from] item: Leftovers
|turn|5
|
|switch|p1a: Ches-NOT|Forretress, M|354\/354
|switch|p2a: Krookodile|Krookodile, M|44\/331
|-ability|p2a: Krookodile|Intimidate|[of] p1a: Ches-NOT
|-unboost|p1a: Ches-NOT|atk|1
|
|turn|6
|
|switch|p2a: Infernape|Infernape, F|293\/293
|move|p1a: Ches-NOT|Gyro Ball|p2a: Infernape
|-resisted|p2a: Infernape
|-damage|p2a: Infernape|244\/293
|
|turn|7
|
|switch|p1a: Swamp Ass|Swampert, M|404\/404
|move|p2a: Infernape|Taunt|p1a: Swamp Ass
|-start|p1a: Swamp Ass|move: Taunt
|
|turn|8
|
|switch|p2a: Roserade|Roserade, M|261\/261
|move|p1a: Swamp Ass|Earthquake|p2a: Roserade
|-damage|p2a: Roserade|74\/261
|
|-heal|p2a: Roserade|90\/261|[from] item: Black Sludge
|turn|9
|
|switch|p1a: fodder.org|Dragalge, F|271\/271
|move|p2a: Roserade|Sleep Powder|p1a: fodder.org
|-status|p1a: fodder.org|slp
|
|-heal|p2a: Roserade|106\/261|[from] item: Black Sludge
|turn|10
|
|switch|p1a: Flinch Master Flex|Jirachi|147\/341
|move|p2a: Roserade|Spikes|p1a: Flinch Master Flex
|-sidestart|p1: IheartMagikarp|Spikes
|
|-heal|p2a: Roserade|122\/261|[from] item: Black Sludge
|turn|11
|
|switch|p2a: Suicune|Suicune|404\/404
|-ability|p2a: Suicune|Pressure
|move|p1a: Flinch Master Flex|Trick|p2a: Suicune
|-activate|p1a: Flinch Master Flex|move: Trick|[of] p2a: Suicune
|-item|p2a: Suicune|Choice Scarf|[from] move: Trick
|-item|p1a: Flinch Master Flex|Leftovers|[from] move: Trick
|
|-heal|p1a: Flinch Master Flex|168\/341|[from] item: Leftovers
|turn|12
|
|move|p1a: Flinch Master Flex|U-turn|p2a: Suicune
|-crit|p2a: Suicune
|-damage|p2a: Suicune|335\/404
|
|switch|p1a: Egg|Blissey, F|652\/652
|-damage|p1a: Egg|571\/652|[from] Spikes
|move|p2a: Suicune|Scald|p1a: Egg
|-damage|p1a: Egg|517\/652
|-status|p1a: Egg|brn
|
|-heal|p1a: Egg|557\/652 brn|[from] item: Leftovers
|-damage|p1a: Egg|476\/652 brn|[from] brn
|turn|13
|
|switch|p2a: Infernape|Infernape, F|244\/293
|move|p1a: Egg|Heal Bell|p1a: Egg
|-cureteam|p1a: Egg|[from] move: HealBell
|
|-heal|p1a: Egg|516\/652|[from] item: Leftovers
|turn|14
|
|switch|p1a: Swamp Ass|Swampert, M|404\/404
|-damage|p1a: Swamp Ass|354\/404|[from] Spikes
|move|p2a: Infernape|Taunt|p1a: Swamp Ass
|-start|p1a: Swamp Ass|move: Taunt
|
|-heal|p1a: Swamp Ass|379\/404|[from] item: Leftovers
|turn|15
|
|switch|p2a: Suicune|Suicune|335\/404
|-ability|p2a: Suicune|Pressure
|move|p1a: Swamp Ass|Earthquake|p2a: Suicune
|-damage|p2a: Suicune|253\/404
|
|-heal|p1a: Swamp Ass|404\/404|[from] item: Leftovers
|turn|16
|
|move|p2a: Suicune|Scald|p1a: Swamp Ass
|-damage|p1a: Swamp Ass|316\/404
|move|p1a: Swamp Ass|Earthquake|p2a: Suicune
|-damage|p2a: Suicune|177\/404
|
|-heal|p1a: Swamp Ass|341\/404|[from] item: Leftovers
|turn|17
|
|move|p2a: Suicune|Scald|p1a: Swamp Ass
|-damage|p1a: Swamp Ass|242\/404
|move|p1a: Swamp Ass|Earthquake|p2a: Suicune
|-damage|p2a: Suicune|95\/404
|
|-heal|p1a: Swamp Ass|267\/404|[from] item: Leftovers
|-end|p1a: Swamp Ass|move: Taunt
|turn|18
|
|move|p2a: Suicune|Scald|p1a: Swamp Ass
|-damage|p1a: Swamp Ass|170\/404
|move|p1a: Swamp Ass|Earthquake|p2a: Suicune
|-damage|p2a: Suicune|14\/404
|
|-heal|p1a: Swamp Ass|195\/404|[from] item: Leftovers
|turn|19
|
|move|p2a: Suicune|Scald|p1a: Swamp Ass
|-damage|p1a: Swamp Ass|99\/404
|-status|p1a: Swamp Ass|brn
|move|p1a: Swamp Ass|Earthquake|p2a: Suicune
|-damage|p2a: Suicune|0 fnt
|faint|p2a: Suicune
|
|-heal|p1a: Swamp Ass|124\/404 brn|[from] item: Leftovers
|-damage|p1a: Swamp Ass|74\/404 brn|[from] brn
|
|switch|p2a: Roserade|Roserade, M|122\/261
|turn|20
|
|switch|p1a: Egg|Blissey, F|516\/652
|-damage|p1a: Egg|435\/652|[from] Spikes
|move|p2a: Roserade|Giga Drain|p1a: Egg
|-damage|p1a: Egg|353\/652
|-heal|p2a: Roserade|163\/261|[from] drain|[of] p1a: Egg
|
|-heal|p2a: Roserade|179\/261|[from] item: Black Sludge
|-heal|p1a: Egg|393\/652|[from] item: Leftovers
|turn|21
|
|move|p2a: Roserade|Spikes|p1a: Egg
|-sidestart|p1: IheartMagikarp|Spikes
|move|p1a: Egg|Heal Bell|p1a: Egg
|-cureteam|p1a: Egg|[from] move: HealBell
|
|-heal|p2a: Roserade|195\/261|[from] item: Black Sludge
|-heal|p1a: Egg|433\/652|[from] item: Leftovers
|turn|22
|
|move|p2a: Roserade|Sleep Powder|p1a: Egg
|-status|p1a: Egg|slp
|cant|p1a: Egg|slp
|
|-heal|p2a: Roserade|211\/261|[from] item: Black Sludge
|-heal|p1a: Egg|473\/652 slp|[from] item: Leftovers
|turn|23
|
|switch|p1a: Ches-NOT|Forretress, M|354\/354
|-damage|p1a: Ches-NOT|295\/354|[from] Spikes
|move|p2a: Roserade|Spikes|p1a: Ches-NOT
|-sidestart|p1: IheartMagikarp|Spikes
|
|-heal|p2a: Roserade|227\/261|[from] item: Black Sludge
|-heal|p1a: Ches-NOT|317\/354|[from] item: Leftovers
|turn|24
|
|move|p2a: Roserade|Giga Drain|p1a: Ches-NOT
|-crit|p1a: Ches-NOT
|-resisted|p1a: Ches-NOT
|-damage|p1a: Ches-NOT|248\/354
|-heal|p2a: Roserade|261\/261|[from] drain|[of] p1a: Ches-NOT
|move|p1a: Ches-NOT|Rapid Spin|p2a: Roserade
|-damage|p2a: Roserade|241\/261
|-sideend|p1: IheartMagikarp|Spikes|[from] move: Rapid Spin|[of] p1a: Ches-NOT
|
|-heal|p2a: Roserade|257\/261|[from] item: Black Sludge
|-heal|p1a: Ches-NOT|270\/354|[from] item: Leftovers
|turn|25
|
|move|p2a: Roserade|Sleep Powder|p1a: Ches-NOT|[miss]
|-miss|p2a: Roserade|p1a: Ches-NOT
|move|p1a: Ches-NOT|Volt Switch|p2a: Roserade
|-resisted|p2a: Roserade
|-damage|p2a: Roserade|239\/261
|
|switch|p1a: fodder.org|Dragalge, F|271\/271
|
|-heal|p2a: Roserade|255\/261|[from] item: Black Sludge
|turn|26
|
|move|p2a: Roserade|Sleep Powder|p1a: fodder.org
|-status|p1a: fodder.org|slp
|cant|p1a: fodder.org|slp
|
|-heal|p2a: Roserade|261\/261|[from] item: Black Sludge
|turn|27
|
|switch|p2a: Krookodile|Krookodile, M|44\/331
|-ability|p2a: Krookodile|Intimidate|[of] p1a: fodder.org
|-unboost|p1a: fodder.org|atk|1
|switch|p1a: Egg|Blissey, F|473\/652
|
|-heal|p1a: Egg|513\/652|[from] item: Leftovers
|turn|28
|
|switch|p2a: Florges|Florges, F|360\/360
|move|p1a: Egg|Protect|p1a: Egg
|-fail|p1a: Egg
|
|-heal|p1a: Egg|553\/652|[from] item: Leftovers
|turn|29
|
|move|p2a: Florges|Wish|p2a: Florges
|move|p1a: Egg|Wish|p1a: Egg
|
|-heal|p1a: Egg|593\/652|[from] item: Leftovers
|turn|30
|
|switch|p2a: Infernape|Infernape, F|244\/293
|switch|p1a: Swamp Ass|Swampert, M|74\/404
|
|-heal|p1a: Swamp Ass|400\/404|[from] move: Wish|[wisher] Egg
|-heal|p2a: Infernape|293\/293|[from] move: Wish|[wisher] Florges
|-heal|p1a: Swamp Ass|404\/404|[from] item: Leftovers
|turn|31
|
|switch|p2a: Roserade|Roserade, M|261\/261
|move|p1a: Swamp Ass|Earthquake|p2a: Roserade
|-damage|p2a: Roserade|65\/261
|
|-heal|p2a: Roserade|81\/261|[from] item: Black Sludge
|turn|32
|
|switch|p1a: Flinch Master Flex|Jirachi|168\/341
|move|p2a: Roserade|Giga Drain|p1a: Flinch Master Flex
|-resisted|p1a: Flinch Master Flex
|-damage|p1a: Flinch Master Flex|108\/341
|-heal|p2a: Roserade|111\/261|[from] drain|[of] p1a: Flinch Master Flex
|
|-heal|p1a: Flinch Master Flex|129\/341|[from] item: Leftovers
|-heal|p2a: Roserade|127\/261|[from] item: Black Sludge
|turn|33
|
|switch|p2a: Infernape|Infernape, F|293\/293
|move|p1a: Flinch Master Flex|U-turn|p2a: Infernape
|-resisted|p2a: Infernape
|-damage|p2a: Infernape|271\/293
|
|switch|p1a: Swamp Ass|Swampert, M|404\/404
|
|turn|34
|
|switch|p2a: Porygon-Z|Porygon-Z|311\/311
|move|p1a: Swamp Ass|Earthquake|p2a: Porygon-Z
|-damage|p2a: Porygon-Z|145\/311
|
|turn|35
|
|switch|p1a: Egg|Blissey, F|593\/652
|move|p2a: Porygon-Z|Trick|p1a: Egg
|-activate|p2a: Porygon-Z|move: Trick|[of] p1a: Egg
|-item|p1a: Egg|Choice Scarf|[from] move: Trick
|-item|p2a: Porygon-Z|Leftovers|[from] move: Trick
|
|-heal|p2a: Porygon-Z|164\/311|[from] item: Leftovers
|turn|36
|
|switch|p2a: Krookodile|Krookodile, M|44\/331
|-ability|p2a: Krookodile|Intimidate|[of] p1a: Egg
|-unboost|p1a: Egg|atk|1
|move|p1a: Egg|Wish|p1a: Egg
|
|turn|37
|
|move|p2a: Krookodile|Pursuit|p1a: Egg|[from]Pursuit
|-damage|p1a: Egg|224\/652
|switch|p1a: Swamp Ass|Swampert, M|404\/404
|
|turn|38
|
|switch|p2a: Florges|Florges, F|360\/360
|move|p1a: Swamp Ass|Scald|p2a: Florges
|-damage|p2a: Florges|306\/360
|
|-heal|p2a: Florges|328\/360|[from] item: Leftovers
|turn|39
|
|move|p2a: Florges|Wish|p2a: Florges
|move|p1a: Swamp Ass|Earthquake|p2a: Florges
|-damage|p2a: Florges|199\/360
|
|-heal|p2a: Florges|221\/360|[from] item: Leftovers
|turn|40
|
|move|p2a: Florges|Moonblast|p1a: Swamp Ass
|-damage|p1a: Swamp Ass|271\/404
|move|p1a: Swamp Ass|Roar|p2a: Florges
|drag|p2a: Porygon-Z|Porygon-Z|164\/311
|
|-heal|p2a: Porygon-Z|311\/311|[from] move: Wish|[wisher] Florges
|-heal|p1a: Swamp Ass|296\/404|[from] item: Leftovers
|turn|41
|
|switch|p1a: Egg|Blissey, F|224\/652
|move|p2a: Porygon-Z|Tri Attack|p1a: Egg
|-damage|p1a: Egg|108\/652
|
|turn|42
|
|move|p2a: Porygon-Z|Tri Attack|p1a: Egg
|-damage|p1a: Egg|0 fnt
|faint|p1a: Egg
|
|
|switch|p1a: Flinch Master Flex|Jirachi|129\/341
|turn|43
|
|move|p1a: Flinch Master Flex|Iron Head|p2a: Porygon-Z
|-damage|p2a: Porygon-Z|145\/311
|move|p2a: Porygon-Z|Dark Pulse|p1a: Flinch Master Flex
|-supereffective|p1a: Flinch Master Flex
|-damage|p1a: Flinch Master Flex|0 fnt
|faint|p1a: Flinch Master Flex
|
|-heal|p2a: Porygon-Z|164\/311|[from] item: Leftovers
|
|switch|p1a: Amy|Florges, F|297\/297
|turn|44
|
|switch|p2a: Roserade|Roserade, M|127\/261
|move|p1a: Amy|Moonblast|p2a: Roserade
|-resisted|p2a: Roserade
|-damage|p2a: Roserade|51\/261
|
|-heal|p2a: Roserade|67\/261|[from] item: Black Sludge
|turn|45
|
|move|p1a: Amy|Moonblast|p2a: Roserade
|-resisted|p2a: Roserade
|-damage|p2a: Roserade|0 fnt
|faint|p2a: Roserade
|
|
|switch|p2a: Florges|Florges, F|221\/360
|turn|46
|
|switch|p1a: Swamp Ass|Swampert, M|296\/404
|move|p2a: Florges|Wish|p2a: Florges
|
|-heal|p2a: Florges|243\/360|[from] item: Leftovers
|-heal|p1a: Swamp Ass|321\/404|[from] item: Leftovers
|turn|47
|
|move|p2a: Florges|Moonblast|p1a: Swamp Ass
|-damage|p1a: Swamp Ass|177\/404
|move|p1a: Swamp Ass|Earthquake|p2a: Florges
|-damage|p2a: Florges|111\/360
|
|-heal|p2a: Florges|291\/360|[from] move: Wish|[wisher] Florges
|-heal|p2a: Florges|313\/360|[from] item: Leftovers
|-heal|p1a: Swamp Ass|202\/404|[from] item: Leftovers
|turn|48
|
|move|p2a: Florges|Wish|p2a: Florges
|move|p1a: Swamp Ass|Earthquake|p2a: Florges
|-damage|p2a: Florges|190\/360
|
|-heal|p2a: Florges|212\/360|[from] item: Leftovers
|-heal|p1a: Swamp Ass|227\/404|[from] item: Leftovers
|turn|49
|
|move|p2a: Florges|Moonblast|p1a: Swamp Ass
|-damage|p1a: Swamp Ass|91\/404
|-unboost|p1a: Swamp Ass|spa|1
|move|p1a: Swamp Ass|Roar|p2a: Florges
|drag|p2a: Porygon-Z|Porygon-Z|164\/311
|
|-heal|p2a: Porygon-Z|311\/311|[from] move: Wish|[wisher] Florges
|-heal|p1a: Swamp Ass|116\/404|[from] item: Leftovers
|turn|50
|
|move|p2a: Porygon-Z|Tri Attack|p1a: Swamp Ass
|-damage|p1a: Swamp Ass|0 fnt
|faint|p1a: Swamp Ass
|
|
|switch|p1a: Amy|Florges, F|297\/297
|turn|51
|
|switch|p2a: Krookodile|Krookodile, M|44\/331
|-ability|p2a: Krookodile|Intimidate|[of] p1a: Amy
|-unboost|p1a: Amy|atk|1
|move|p1a: Amy|Moonblast|p2a: Krookodile
|-supereffective|p2a: Krookodile
|-damage|p2a: Krookodile|0 fnt
|faint|p2a: Krookodile
|
|
|switch|p2a: Florges|Florges, F|212\/360
|turn|52
|
|switch|p1a: fodder.org|Dragalge, F|271\/271 slp
|move|p2a: Florges|Wish|p2a: Florges
|
|-heal|p2a: Florges|234\/360|[from] item: Leftovers
|turn|53
|
|switch|p2a: Porygon-Z|Porygon-Z|311\/311
|cant|p1a: fodder.org|slp
|
|turn|54
|
|move|p2a: Porygon-Z|Trick|p1a: fodder.org
|-activate|p2a: Porygon-Z|move: Trick|[of] p1a: fodder.org
|-item|p1a: fodder.org|Leftovers|[from] move: Trick
|-item|p2a: Porygon-Z|Choice Specs|[from] move: Trick
|cant|p1a: fodder.org|slp
|
|turn|55
|
|move|p2a: Porygon-Z|Tri Attack|p1a: fodder.org
|-damage|p1a: fodder.org|29\/271 slp
|-curestatus|p1a: fodder.org|slp
|move|p1a: fodder.org|Draco Meteor|p2a: Porygon-Z|[miss]
|-miss|p1a: fodder.org|p2a: Porygon-Z
|
|-heal|p1a: fodder.org|45\/271|[from] item: Leftovers
|turn|56
|
|move|p2a: Porygon-Z|Tri Attack|p1a: fodder.org
|-damage|p1a: fodder.org|0 fnt
|faint|p1a: fodder.org
|
|
|switch|p1a: Amy|Florges, F|297\/297
|turn|57
|
|move|p1a: Amy|Moonblast|p2a: Porygon-Z
|-damage|p2a: Porygon-Z|130\/311
|move|p2a: Porygon-Z|Tri Attack|p1a: Amy
|-damage|p1a: Amy|83\/297
|
|turn|58
|join|FreeDatingService
|
|move|p1a: Amy|Moonblast|p2a: Porygon-Z
|-damage|p2a: Porygon-Z|0 fnt
|faint|p2a: Porygon-Z
|
|
|switch|p2a: Florges|Florges, F|234\/360
|turn|59
|
|switch|p1a: Ches-NOT|Forretress, M|270\/354
|move|p2a: Florges|Wish|p2a: Florges
|
|-heal|p2a: Florges|256\/360|[from] item: Leftovers
|-heal|p1a: Ches-NOT|292\/354|[from] item: Leftovers
|turn|60
|
|switch|p2a: Infernape|Infernape, F|271\/293
|move|p1a: Ches-NOT|Volt Switch|p2a: Infernape
|-damage|p2a: Infernape|216\/293
|
|switch|p1a: Amy|Florges, F|83\/297
|
|-heal|p2a: Infernape|293\/293|[from] move: Wish|[wisher] Florges
|turn|61
|
|switch|p2a: Florges|Florges, F|256\/360
|move|p1a: Amy|Psychic|p2a: Florges
|-damage|p2a: Florges|194\/360
|
|-heal|p2a: Florges|216\/360|[from] item: Leftovers
|turn|62
|
|switch|p1a: Ches-NOT|Forretress, M|292\/354
|move|p2a: Florges|Moonblast|p1a: Ches-NOT
|-resisted|p1a: Ches-NOT
|-damage|p1a: Ches-NOT|202\/354
|
|-heal|p2a: Florges|238\/360|[from] item: Leftovers
|-heal|p1a: Ches-NOT|224\/354|[from] item: Leftovers
|turn|63
|
|switch|p2a: Infernape|Infernape, F|293\/293
|move|p1a: Ches-NOT|Gyro Ball|p2a: Infernape
|-resisted|p2a: Infernape
|-damage|p2a: Infernape|213\/293
|
|-heal|p1a: Ches-NOT|246\/354|[from] item: Leftovers
|turn|64
|
|move|p2a: Infernape|Overheat|p1a: Ches-NOT
|-supereffective|p1a: Ches-NOT
|-damage|p1a: Ches-NOT|0 fnt
|-unboost|p2a: Infernape|spa|2
|-damage|p2a: Infernape|184\/293|[from] item: Life Orb
|faint|p1a: Ches-NOT
|
|
|switch|p1a: Amy|Florges, F|83\/297
|turn|65
|
|move|p1a: Amy|Psychic|p2a: Infernape
|-supereffective|p2a: Infernape
|-damage|p2a: Infernape|0 fnt
|faint|p2a: Infernape
|
|
|switch|p2a: Florges|Florges, F|238\/360
|turn|66
|
|move|p1a: Amy|Psychic|p2a: Florges
|-damage|p2a: Florges|173\/360
|move|p2a: Florges|Wish|p2a: Florges
|
|-heal|p2a: Florges|195\/360|[from] item: Leftovers
|turn|67
|
|move|p1a: Amy|Psychic|p2a: Florges
|-damage|p2a: Florges|133\/360
|move|p2a: Florges|Moonblast|p1a: Amy
|-damage|p1a: Amy|4\/297
|
|-heal|p2a: Florges|313\/360|[from] move: Wish|[wisher] Florges
|-heal|p2a: Florges|335\/360|[from] item: Leftovers
|turn|68
|c|âUrNemesis357|gg
|-message|IheartMagikarp forfeited.
|
|win|UrNemesis357
|raw|Ladder updating...
|leave|IheartMagikarp
|player|p1
|raw|IheartMagikarp's rating: 1563 &rarr; <strong>1538<\/strong><br \/>(-25 for losing)
|raw|UrNemesis357's rating: 1466 &rarr; <strong>1492<\/strong><br \/>(+26 for winning)
|leave|FreeDatingService