|join|Hugg Wild
|join|IheartMagikarp
|player|p1|Hugg Wild|125
|player|p2|IheartMagikarp|275
|gametype|singles
|gen|6
|tier|UU
|rated
|rule|Sleep Clause Mod: Limit one foe put to sleep
|rule|Species Clause: Limit one of each PokÃ©mon
|rule|OHKO Clause: OHKO moves are banned
|rule|Moody Clause: Moody is banned
|rule|Evasion Moves Clause: Evasion moves are banned
|rule|Endless Battle Clause: Forcing endless battles is banned
|rule|HP Percentage Mod: HP is shown in percentages
|clearpoke
|poke|p1|Sharpedo, M
|poke|p1|Machamp, F
|poke|p1|Reuniclus, M, shiny
|poke|p1|Froslass, F
|poke|p1|Swampert, M
|poke|p1|Spiritomb, F, shiny
|poke|p2|Dragalge, F
|poke|p2|Forretress, F
|poke|p2|Swampert, F
|poke|p2|Blissey, F
|poke|p2|Jirachi
|poke|p2|Florges, F
|rule|Swagger Clause: Swagger is banned
|rule|Baton Pass Clause: Limit one PokÃ©mon knowing Baton Pass
|teampreview
|c|âIheartMagikarp|gl hf
|c|âHugg Wild|you too
|
|start
|switch|p1a: Froslass|Froslass, F|344\/344
|switch|p2a: Flinch Master Flex|Jirachi|341\/341
|turn|1
|
|move|p2a: Flinch Master Flex|Iron Head|p1a: Froslass
|-supereffective|p1a: Froslass
|-damage|p1a: Froslass|30\/344
|move|p1a: Froslass|Icy Wind|p2a: Flinch Master Flex
|-resisted|p2a: Flinch Master Flex
|-damage|p2a: Flinch Master Flex|316\/341
|-unboost|p2a: Flinch Master Flex|spe|1
|
|turn|2
|
|switch|p2a: Swamp Ass|Swampert, F|404\/404
|move|p1a: Froslass|Spikes|p2a: Swamp Ass
|-sidestart|p2: IheartMagikarp|Spikes
|
|turn|3
|
|move|p1a: Froslass|Taunt|p2a: Swamp Ass
|-start|p2a: Swamp Ass|move: Taunt
|cant|p2a: Swamp Ass|move: Taunt|Stealth Rock
|
|turn|4
|
|switch|p2a: Flinch Master Flex|Jirachi|316\/341
|-damage|p2a: Flinch Master Flex|274\/341|[from] Spikes
|move|p1a: Froslass|Destiny Bond|p1a: Froslass
|-singlemove|p1a: Froslass|Destiny Bond
|
|turn|5
|
|switch|p2a: Egg|Blissey, F|652\/652
|-damage|p2a: Egg|571\/652|[from] Spikes
|move|p1a: Froslass|Spikes|p2a: Egg
|-sidestart|p2: IheartMagikarp|Spikes
|
|-heal|p2a: Egg|611\/652|[from] item: Leftovers
|turn|6
|
|move|p1a: Froslass|Taunt|p2a: Egg
|-start|p2a: Egg|move: Taunt
|cant|p2a: Egg|move: Taunt|Wish
|
|-heal|p2a: Egg|651\/652|[from] item: Leftovers
|turn|7
|
|switch|p2a: Flinch Master Flex|Jirachi|274\/341
|-damage|p2a: Flinch Master Flex|218\/341|[from] Spikes
|move|p1a: Froslass|Spikes|p2a: Flinch Master Flex
|-sidestart|p2: IheartMagikarp|Spikes
|
|turn|8
|
|switch|p1a: Swampert|Swampert, M|403\/403
|move|p2a: Flinch Master Flex|U-turn|p1a: Swampert
|-damage|p1a: Swampert|353\/403
|
|switch|p2a: Amy|Florges, F|297\/297
|-damage|p2a: Amy|223\/297|[from] Spikes
|
|-heal|p1a: Swampert|378\/403|[from] item: Leftovers
|turn|9
|
|move|p2a: Amy|Energy Ball|p1a: Swampert
|-supereffective|p1a: Swampert
|-damage|p1a: Swampert|0 fnt
|faint|p1a: Swampert
|
|
|switch|p1a: Machamp|Machamp, F|364\/364
|turn|10
|
|switch|p2a: Ches-NOT|Forretress, F|354\/354
|-damage|p2a: Ches-NOT|266\/354|[from] Spikes
|move|p1a: Machamp|Knock Off|p2a: Ches-NOT
|-damage|p2a: Ches-NOT|198\/354
|-enditem|p2a: Ches-NOT|Leftovers|[from] move: Knock Off|[of] p1a: Machamp
|
|turn|11
|
|switch|p1a: Spiritomb|Spiritomb, F, shiny|294\/294
|move|p2a: Ches-NOT|Rapid Spin|p1a: Spiritomb
|-immune|p1a: Spiritomb|[msg]
|
|turn|12
|
|move|p1a: Spiritomb|Taunt|p2a: Ches-NOT
|-start|p2a: Ches-NOT|move: Taunt
|move|p2a: Ches-NOT|Volt Switch|p1a: Spiritomb
|-damage|p1a: Spiritomb|261\/294
|
|switch|p2a: Amy|Florges, F|223\/297
|-damage|p2a: Amy|149\/297|[from] Spikes
|
|turn|13
|
|switch|p1a: Reuniclus|Reuniclus, M, shiny|409\/409
|move|p2a: Amy|Moonblast|p1a: Reuniclus
|-crit|p1a: Reuniclus
|-damage|p1a: Reuniclus|141\/409
|
|turn|14
|
|move|p2a: Amy|Moonblast|p1a: Reuniclus
|-damage|p1a: Reuniclus|0 fnt
|faint|p1a: Reuniclus
|
|
|switch|p1a: Machamp|Machamp, F|364\/364
|turn|15
|
|switch|p2a: Ches-NOT|Forretress, F|198\/354
|-damage|p2a: Ches-NOT|110\/354|[from] Spikes
|move|p1a: Machamp|Heavy Slam|p2a: Ches-NOT
|-resisted|p2a: Ches-NOT
|-damage|p2a: Ches-NOT|95\/354
|
|turn|16
|
|switch|p1a: Spiritomb|Spiritomb, F, shiny|261\/294
|move|p2a: Ches-NOT|Rapid Spin|p1a: Spiritomb
|-immune|p1a: Spiritomb|[msg]
|
|turn|17
|
|move|p1a: Spiritomb|Will-O-Wisp|p2a: Ches-NOT
|-status|p2a: Ches-NOT|brn
|move|p2a: Ches-NOT|Volt Switch|p1a: Spiritomb
|-damage|p1a: Spiritomb|225\/294
|
|switch|p2a: Amy|Florges, F|149\/297
|-damage|p2a: Amy|75\/297|[from] Spikes
|
|turn|18
|
|move|p1a: Spiritomb|Sucker Punch|p2a: Amy
|-resisted|p2a: Amy
|-damage|p2a: Amy|0 fnt
|faint|p2a: Amy
|
|
|switch|p2a: Egg|Blissey, F|651\/652
|-damage|p2a: Egg|488\/652|[from] Spikes
|turn|19
|
|move|p2a: Egg|Wish|p2a: Egg
|move|p1a: Spiritomb|Taunt|p2a: Egg
|-start|p2a: Egg|move: Taunt
|
|-heal|p2a: Egg|528\/652|[from] item: Leftovers
|turn|20
|
|move|p1a: Spiritomb|Pursuit|p2a: Egg|[from]Pursuit
|-damage|p2a: Egg|270\/652
|switch|p2a: fodder.org|Dragalge, F|271\/271
|-damage|p2a: fodder.org|204\/271|[from] Spikes
|
|-heal|p2a: fodder.org|271\/271|[from] move: Wish|[wisher] Egg
|turn|21
|
|move|p1a: Spiritomb|Sucker Punch|p2a: fodder.org
|-damage|p2a: fodder.org|118\/271
|move|p2a: fodder.org|Draco Meteor|p1a: Spiritomb
|-damage|p1a: Spiritomb|0 fnt
|-unboost|p2a: fodder.org|spa|2
|faint|p1a: Spiritomb
|
|
|switch|p1a: Sharpedo|Sharpedo, M|281\/281
|turn|22
|
|move|p1a: Sharpedo|Crunch|p2a: fodder.org
|-damage|p2a: fodder.org|0 fnt
|faint|p2a: fodder.org
|
|-boost|p1a: Sharpedo|spe|1|[from] ability: Speed Boost
|
|switch|p2a: Swamp Ass|Swampert, F|404\/404
|-damage|p2a: Swamp Ass|303\/404|[from] Spikes
|turn|23
|
|switch|p1a: Machamp|Machamp, F|364\/364
|move|p2a: Swamp Ass|Roar|p1a: Machamp
|drag|p1a: Froslass|Froslass, F|30\/344
|
|-heal|p2a: Swamp Ass|328\/404|[from] item: Leftovers
|turn|24
|
|move|p1a: Froslass|Taunt|p2a: Swamp Ass
|-start|p2a: Swamp Ass|move: Taunt
|move|p2a: Swamp Ass|Scald|p1a: Froslass
|-damage|p1a: Froslass|0 fnt
|faint|p1a: Froslass
|
|-heal|p2a: Swamp Ass|353\/404|[from] item: Leftovers
|
|switch|p1a: Machamp|Machamp, F|364\/364
|turn|25
|
|move|p1a: Machamp|Knock Off|p2a: Swamp Ass
|-damage|p2a: Swamp Ass|257\/404
|-enditem|p2a: Swamp Ass|Leftovers|[from] move: Knock Off|[of] p1a: Machamp
|move|p2a: Swamp Ass|Earthquake|p1a: Machamp
|-damage|p1a: Machamp|216\/364
|
|turn|26
|
|switch|p2a: Ches-NOT|Forretress, F|95\/354 brn
|-damage|p2a: Ches-NOT|7\/354 brn|[from] Spikes
|move|p1a: Machamp|Close Combat|p2a: Ches-NOT
|-damage|p2a: Ches-NOT|0 fnt
|-unboost|p1a: Machamp|def|1
|-unboost|p1a: Machamp|spd|1
|faint|p2a: Ches-NOT
|
|
|switch|p2a: Flinch Master Flex|Jirachi|218\/341
|-damage|p2a: Flinch Master Flex|133\/341|[from] Spikes
|turn|27
|
|move|p2a: Flinch Master Flex|Iron Head|p1a: Machamp
|-damage|p1a: Machamp|15\/364
|cant|p1a: Machamp|flinch
|
|turn|28
|
|move|p2a: Flinch Master Flex|Iron Head|p1a: Machamp
|-damage|p1a: Machamp|0 fnt
|faint|p1a: Machamp
|
|
|switch|p1a: Sharpedo|Sharpedo, M|281\/281
|turn|29
|
|move|p2a: Flinch Master Flex|Iron Head|p1a: Sharpedo
|-resisted|p1a: Sharpedo
|-damage|p1a: Sharpedo|169\/281
|cant|p1a: Sharpedo|flinch
|
|-boost|p1a: Sharpedo|spe|1|[from] ability: Speed Boost
|turn|30
|
|move|p1a: Sharpedo|Protect|p1a: Sharpedo
|-singleturn|p1a: Sharpedo|Protect
|move|p2a: Flinch Master Flex|Iron Head|p1a: Sharpedo
|-activate|p1a: Sharpedo|Protect
|
|-boost|p1a: Sharpedo|spe|1|[from] ability: Speed Boost
|turn|31
|
|detailschange|p1a: Sharpedo|Sharpedo-Mega, M
|message|Sharpedo has Mega Evolved into Mega Sharpedo!
|move|p1a: Sharpedo|Crunch|p2a: Flinch Master Flex
|-supereffective|p2a: Flinch Master Flex
|-damage|p2a: Flinch Master Flex|0 fnt
|faint|p2a: Flinch Master Flex
|
|
|switch|p2a: Swamp Ass|Swampert, F|257\/404
|-damage|p2a: Swamp Ass|156\/404|[from] Spikes
|turn|32
|
|move|p1a: Sharpedo|Crunch|p2a: Swamp Ass
|-damage|p2a: Swamp Ass|0 fnt
|faint|p2a: Swamp Ass
|
|
|switch|p2a: Egg|Blissey, F|270\/652
|-damage|p2a: Egg|107\/652|[from] Spikes
|turn|33
|c|âIheartMagikarp|gg
|c|âHugg Wild|gg
|
|move|p2a: Egg|Protect|p2a: Egg
|-singleturn|p2a: Egg|Protect
|move|p1a: Sharpedo|Crunch|p2a: Egg
|-activate|p2a: Egg|Protect
|
|-heal|p2a: Egg|147\/652|[from] item: Leftovers
|turn|34
|
|move|p1a: Sharpedo|Crunch|p2a: Egg
|-crit|p2a: Egg
|-damage|p2a: Egg|0 fnt
|faint|p2a: Egg
|
|win|Hugg Wild
|raw|Ladder updating...
|raw|Hugg Wild's rating: 1591 &rarr; <strong>1600<\/strong><br \/>(+9 for winning)
|raw|IheartMagikarp's rating: 1374 &rarr; <strong>1365<\/strong><br \/>(-9 for losing)
|leave|IheartMagikarp
|player|p2