|join|FlederMau5
|join|IheartMagikarp
|join|Daughter Riven
|player|p1|FlederMau5|169
|player|p2|IheartMagikarp|275
|gametype|singles
|gen|6
|tier|UU
|rated
|rule|Sleep Clause Mod: Limit one foe put to sleep
|rule|Species Clause: Limit one of each PokÃ©mon
|rule|OHKO Clause: OHKO moves are banned
|rule|Moody Clause: Moody is banned
|rule|Evasion Moves Clause: Evasion moves are banned
|rule|Endless Battle Clause: Forcing endless battles is banned
|rule|HP Percentage Mod: HP is shown in percentages
|clearpoke
|poke|p1|Celebi
|poke|p1|Noivern, M
|poke|p1|Swampert, F
|poke|p1|Umbreon, M, shiny
|poke|p1|Entei, shiny
|poke|p1|Forretress, M
|poke|p2|Dragalge, F
|poke|p2|Forretress, F
|poke|p2|Swampert, M
|poke|p2|Blissey, F
|poke|p2|Jirachi
|poke|p2|Diancie
|rule|Swagger Clause: Swagger is banned
|rule|Baton Pass Clause: Limit one PokÃ©mon knowing Baton Pass
|teampreview
|c|âIheartMagikarp|gl hf
|c|âFlederMau5|gl
|join|TheLightDeceiver
|join|Master B8s
|
|start
|switch|p1a: The Kipper|Swampert, F|404\/404
|switch|p2a: Flinch Master Flex|Jirachi|341\/341
|turn|1
|
|move|p2a: Flinch Master Flex|U-turn|p1a: The Kipper
|-damage|p1a: The Kipper|347\/404
|
|switch|p2a: Swamp Ass|Swampert, M|404\/404
|move|p1a: The Kipper|Stealth Rock|p2a: Swamp Ass
|-sidestart|p2: IheartMagikarp|move: Stealth Rock
|
|-heal|p1a: The Kipper|372\/404|[from] item: Leftovers
|turn|2
|
|switch|p1a: Gyro-wall|Forretress, M|354\/354
|move|p2a: Swamp Ass|Stealth Rock|p1a: Gyro-wall
|-sidestart|p1: FlederMau5|move: Stealth Rock
|
|turn|3
|
|move|p2a: Swamp Ass|Scald|p1a: Gyro-wall
|-damage|p1a: Gyro-wall|267\/354
|-status|p1a: Gyro-wall|brn
|move|p1a: Gyro-wall|Toxic|p2a: Swamp Ass
|-status|p2a: Swamp Ass|tox
|
|-heal|p1a: Gyro-wall|289\/354 brn|[from] item: Leftovers
|-damage|p2a: Swamp Ass|379\/404 tox|[from] psn
|-damage|p1a: Gyro-wall|245\/354 brn|[from] brn
|turn|4
|
|switch|p2a: Ches-NOT|Forretress, F|354\/354
|-damage|p2a: Ches-NOT|310\/354|[from] Stealth Rock
|switch|p1a: Cheshire|Umbreon, M, shiny|394\/394
|-damage|p1a: Cheshire|345\/394|[from] Stealth Rock
|
|-heal|p1a: Cheshire|369\/394|[from] item: Leftovers
|-heal|p2a: Ches-NOT|332\/354|[from] item: Leftovers
|turn|5
|join|Meowiekins
|c|âIheartMagikarp|hi meowie
|
|move|p1a: Cheshire|Heal Bell|p1a: Cheshire
|-cureteam|p1a: Cheshire|[from] move: HealBell
|move|p2a: Ches-NOT|Rapid Spin|p1a: Cheshire
|-damage|p1a: Cheshire|354\/394
|-sideend|p2: IheartMagikarp|Stealth Rock|[from] move: Rapid Spin|[of] p2a: Ches-NOT
|
|-heal|p1a: Cheshire|378\/394|[from] item: Leftovers
|-heal|p2a: Ches-NOT|354\/354|[from] item: Leftovers
|turn|6
|leave|Master B8s
|
|move|p1a: Cheshire|Wish|p1a: Cheshire
|move|p2a: Ches-NOT|Volt Switch|p1a: Cheshire
|-damage|p1a: Cheshire|355\/394
|
|switch|p2a: Rocky|Diancie|241\/241
|
|-heal|p1a: Cheshire|379\/394|[from] item: Leftovers
|turn|7
|
|switch|p1a: Gyro-wall|Forretress, M|245\/354
|-damage|p1a: Gyro-wall|201\/354|[from] Stealth Rock
|detailschange|p2a: Rocky|Diancie-Mega
|-mega|p2a: Rocky|Diancie|Diancite
|move|p2a: Rocky|Moonblast|p1a: Gyro-wall
|-crit|p1a: Gyro-wall
|-resisted|p1a: Gyro-wall
|-damage|p1a: Gyro-wall|49\/354
|-unboost|p1a: Gyro-wall|spa|1
|
|-heal|p1a: Gyro-wall|246\/354|[from] move: Wish|[wisher] Cheshire
|-heal|p1a: Gyro-wall|268\/354|[from] item: Leftovers
|turn|8
|c| Meowiekins|hi!
|
|move|p2a: Rocky|Hidden Power|p1a: Gyro-wall
|-supereffective|p1a: Gyro-wall
|-damage|p1a: Gyro-wall|0 fnt
|faint|p1a: Gyro-wall
|
|
|switch|p1a: The Kipper|Swampert, F|372\/404
|-damage|p1a: The Kipper|347\/404|[from] Stealth Rock
|turn|9
|
|switch|p2a: Swamp Ass|Swampert, M|379\/404 tox
|move|p1a: The Kipper|Scald|p2a: Swamp Ass
|-damage|p2a: Swamp Ass|286\/404 tox
|
|-heal|p2a: Swamp Ass|311\/404 tox|[from] item: Leftovers
|-heal|p1a: The Kipper|372\/404|[from] item: Leftovers
|-damage|p2a: Swamp Ass|286\/404 tox|[from] psn
|turn|10
|
|switch|p2a: Flinch Master Flex|Jirachi|341\/341
|move|p1a: The Kipper|Stealth Rock|p2a: Flinch Master Flex
|-sidestart|p2: IheartMagikarp|move: Stealth Rock
|
|-heal|p1a: The Kipper|397\/404|[from] item: Leftovers
|turn|11
|
|move|p2a: Flinch Master Flex|U-turn|p1a: The Kipper
|-damage|p1a: The Kipper|347\/404
|
|switch|p2a: Egg|Blissey, F|652\/652
|-damage|p2a: Egg|571\/652|[from] Stealth Rock
|move|p1a: The Kipper|Earthquake|p2a: Egg
|-damage|p2a: Egg|348\/652
|
|-heal|p2a: Egg|388\/652|[from] item: Leftovers
|-heal|p1a: The Kipper|372\/404|[from] item: Leftovers
|turn|12
|
|move|p2a: Egg|Wish|p2a: Egg
|move|p1a: The Kipper|Earthquake|p2a: Egg
|-crit|p2a: Egg
|-damage|p2a: Egg|30\/652
|
|-heal|p2a: Egg|70\/652|[from] item: Leftovers
|-heal|p1a: The Kipper|397\/404|[from] item: Leftovers
|turn|13
|
|switch|p1a: 420 Blaze it|Entei, shiny|371\/371
|-damage|p1a: 420 Blaze it|279\/371|[from] Stealth Rock
|-ability|p1a: 420 Blaze it|Pressure
|move|p2a: Egg|Protect|p2a: Egg
|-fail|p2a: Egg
|
|-heal|p2a: Egg|396\/652|[from] move: Wish|[wisher] Egg
|-heal|p2a: Egg|436\/652|[from] item: Leftovers
|turn|14
|
|move|p2a: Egg|Protect|p2a: Egg
|-singleturn|p2a: Egg|Protect
|move|p1a: 420 Blaze it|Sacred Fire|p2a: Egg
|-activate|p2a: Egg|Protect
|
|-heal|p2a: Egg|476\/652|[from] item: Leftovers
|turn|15
|
|switch|p2a: Swamp Ass|Swampert, M|286\/404 tox
|-damage|p2a: Swamp Ass|261\/404 tox|[from] Stealth Rock
|move|p1a: 420 Blaze it|Sacred Fire|p2a: Swamp Ass
|-resisted|p2a: Swamp Ass
|-damage|p2a: Swamp Ass|159\/404 tox
|
|-heal|p2a: Swamp Ass|184\/404 tox|[from] item: Leftovers
|-damage|p2a: Swamp Ass|159\/404 tox|[from] psn
|turn|16
|
|switch|p1a: Cheshire|Umbreon, M, shiny|379\/394
|-damage|p1a: Cheshire|330\/394|[from] Stealth Rock
|switch|p2a: Egg|Blissey, F|476\/652
|-damage|p2a: Egg|395\/652|[from] Stealth Rock
|
|-heal|p1a: Cheshire|354\/394|[from] item: Leftovers
|-heal|p2a: Egg|435\/652|[from] item: Leftovers
|turn|17
|
|move|p1a: Cheshire|Wish|p1a: Cheshire
|move|p2a: Egg|Heal Bell|p2a: Egg
|-cureteam|p2a: Egg|[from] move: HealBell
|
|-heal|p1a: Cheshire|378\/394|[from] item: Leftovers
|-heal|p2a: Egg|475\/652|[from] item: Leftovers
|turn|18
|
|switch|p1a: The Kipper|Swampert, F|397\/404
|-damage|p1a: The Kipper|372\/404|[from] Stealth Rock
|move|p2a: Egg|Wish|p2a: Egg
|
|-heal|p1a: The Kipper|404\/404|[from] move: Wish|[wisher] Cheshire
|-heal|p2a: Egg|515\/652|[from] item: Leftovers
|turn|19
|
|switch|p2a: Swamp Ass|Swampert, M|159\/404
|-damage|p2a: Swamp Ass|134\/404|[from] Stealth Rock
|move|p1a: The Kipper|Roar|p2a: Swamp Ass
|drag|p2a: Flinch Master Flex|Jirachi|341\/341
|-damage|p2a: Flinch Master Flex|320\/341|[from] Stealth Rock
|
|-heal|p2a: Flinch Master Flex|341\/341|[from] move: Wish|[wisher] Egg
|turn|20
|c|âIheartMagikarp|nooooo
|
|move|p2a: Flinch Master Flex|Trick|p1a: The Kipper
|-activate|p2a: Flinch Master Flex|move: Trick|[of] p1a: The Kipper
|-item|p1a: The Kipper|Choice Scarf|[from] move: Trick
|-item|p2a: Flinch Master Flex|Leftovers|[from] move: Trick
|move|p1a: The Kipper|Earthquake|p2a: Flinch Master Flex
|-supereffective|p2a: Flinch Master Flex
|-damage|p2a: Flinch Master Flex|83\/341
|
|-heal|p2a: Flinch Master Flex|104\/341|[from] item: Leftovers
|turn|21
|
|move|p2a: Flinch Master Flex|U-turn|p1a: The Kipper
|-damage|p1a: The Kipper|347\/404
|c|âFlederMau5|scarfpert new meta
|
|switch|p2a: Ches-NOT|Forretress, F|354\/354
|-damage|p2a: Ches-NOT|310\/354|[from] Stealth Rock
|move|p1a: The Kipper|Earthquake|p2a: Ches-NOT
|-damage|p2a: Ches-NOT|232\/354
|
|-heal|p2a: Ches-NOT|254\/354|[from] item: Leftovers
|turn|22
|
|switch|p1a: 420 Blaze it|Entei, shiny|279\/371
|-damage|p1a: 420 Blaze it|187\/371|[from] Stealth Rock
|-ability|p1a: 420 Blaze it|Pressure
|move|p2a: Ches-NOT|Rapid Spin|p1a: 420 Blaze it
|-damage|p1a: 420 Blaze it|169\/371
|-sideend|p2: IheartMagikarp|Stealth Rock|[from] move: Rapid Spin|[of] p2a: Ches-NOT
|
|-heal|p2a: Ches-NOT|276\/354|[from] item: Leftovers
|turn|23
|
|switch|p2a: Swamp Ass|Swampert, M|134\/404
|move|p1a: 420 Blaze it|Sacred Fire|p2a: Swamp Ass
|-resisted|p2a: Swamp Ass
|-damage|p2a: Swamp Ass|20\/404
|-status|p2a: Swamp Ass|brn
|
|-heal|p2a: Swamp Ass|45\/404 brn|[from] item: Leftovers
|-damage|p2a: Swamp Ass|0 fnt|[from] brn
|faint|p2a: Swamp Ass
|c| Daughter Riven|do people fuck dinosaurs
|
|switch|p2a: Rocky|Diancie-Mega|241\/241
|turn|24
|c| TheLightDeceiver|the land before time hentai
|join|Shit User
|join|anger management
|join|Exemption
|
|switch|p1a: FlederMau5|Noivern, M|311\/311
|-damage|p1a: FlederMau5|234\/311|[from] Stealth Rock
|move|p2a: Rocky|Earth Power|p1a: FlederMau5
|-immune|p1a: FlederMau5|[msg]
|
|turn|25
|c| Shit User|EBICCCCCCCCC
|join|SmogonGayBabyNo4
|leave|anger management
|leave|SmogonGayBabyNo4
|leave|Meowiekins
|
|move|p1a: FlederMau5|Hurricane|p2a: Rocky|[miss]
|-miss|p1a: FlederMau5|p2a: Rocky
|move|p2a: Rocky|Moonblast|p1a: FlederMau5
|-supereffective|p1a: FlederMau5
|-damage|p1a: FlederMau5|0 fnt
|faint|p1a: FlederMau5
|
|leave|Shit User
|c|âIheartMagikarp|i swear i'm good at this game
|
|switch|p1a: Eco Terrorist|Celebi|341\/341
|-damage|p1a: Eco Terrorist|299\/341|[from] Stealth Rock
|turn|26
|leave|Exemption
|c|âFlederMau5|yeah so do i :P
|
|switch|p2a: Egg|Blissey, F|515\/652
|move|p1a: Eco Terrorist|Seed Bomb|p2a: Egg
|-damage|p2a: Egg|310\/652
|
|-heal|p1a: Eco Terrorist|320\/341|[from] item: Leftovers
|-heal|p2a: Egg|350\/652|[from] item: Leftovers
|turn|27
|
|move|p1a: Eco Terrorist|Swords Dance|p1a: Eco Terrorist
|-boost|p1a: Eco Terrorist|atk|2
|move|p2a: Egg|Wish|p2a: Egg
|
|-heal|p1a: Eco Terrorist|341\/341|[from] item: Leftovers
|-heal|p2a: Egg|390\/652|[from] item: Leftovers
|turn|28
|
|switch|p2a: Ches-NOT|Forretress, F|276\/354
|move|p1a: Eco Terrorist|Swords Dance|p1a: Eco Terrorist
|-boost|p1a: Eco Terrorist|atk|2
|
|-heal|p2a: Ches-NOT|354\/354|[from] move: Wish|[wisher] Egg
|turn|29
|c| TheLightDeceiver|go for another
|
|move|p1a: Eco Terrorist|Sucker Punch|p2a: Ches-NOT
|-damage|p2a: Ches-NOT|208\/354
|move|p2a: Ches-NOT|Volt Switch|p1a: Eco Terrorist
|-resisted|p1a: Eco Terrorist
|-damage|p1a: Eco Terrorist|323\/341
|
|switch|p2a: fodder.org|Dragalge, F|271\/271
|
|-heal|p1a: Eco Terrorist|341\/341|[from] item: Leftovers
|turn|30
|
|move|p1a: Eco Terrorist|Zen Headbutt|p2a: fodder.org
|-supereffective|p2a: fodder.org
|-damage|p2a: fodder.org|0 fnt
|faint|p2a: fodder.org
|
|c|âFlederMau5|it's ironic because she was fodder
|
|switch|p2a: Flinch Master Flex|Jirachi|104\/341
|turn|31
|c| TheLightDeceiver|âIheartMagikarp: i swear i'm good at this game
|c| TheLightDeceiver|âIheartMagikarp: i swear i'm good at this game
|c| TheLightDeceiver|âIheartMagikarp: i swear i'm good at this game
|c| TheLightDeceiver|âIheartMagikarp: i swear i'm good at this game
|
|move|p1a: Eco Terrorist|Sucker Punch|p2a: Flinch Master Flex
|-supereffective|p2a: Flinch Master Flex
|-damage|p2a: Flinch Master Flex|0 fnt
|faint|p2a: Flinch Master Flex
|
|
|switch|p2a: Rocky|Diancie-Mega|241\/241
|turn|32
|
|move|p2a: Rocky|Moonblast|p1a: Eco Terrorist
|-damage|p1a: Eco Terrorist|146\/341
|move|p1a: Eco Terrorist|Seed Bomb|p2a: Rocky
|-supereffective|p2a: Rocky
|-damage|p2a: Rocky|0 fnt
|faint|p2a: Rocky
|
|-heal|p1a: Eco Terrorist|167\/341|[from] item: Leftovers
|
|switch|p2a: Ches-NOT|Forretress, F|208\/354
|turn|33
|-message|IheartMagikarp forfeited.
|leave|IheartMagikarp
|
|win|FlederMau5
|raw|Ladder updating...
|player|p2
|raw|FlederMau5's rating: 1542 &rarr; <strong>1563<\/strong><br \/>(+21 for winning)
|raw|IheartMagikarp's rating: 1555 &rarr; <strong>1534<\/strong><br \/>(-21 for losing)
|leave|FlederMau5
|leave|Daughter Riven
|player|p1
|leave|TheLightDeceiver
|join|FlederMau5