|join|RustyEspur
|join|DeeTrain
|player|p1|RustyEspur|172
|player|p2|DeeTrain|2
|gametype|singles
|gen|6
|tier|ORAS OU
|rated
|rule|Sleep Clause Mod: Limit one foe put to sleep
|rule|Species Clause: Limit one of each PokÃ©mon
|rule|OHKO Clause: OHKO moves are banned
|rule|Moody Clause: Moody is banned
|rule|Evasion Moves Clause: Evasion moves are banned
|rule|Endless Battle Clause: Forcing endless battles is banned
|rule|HP Percentage Mod: HP is shown in percentages
|clearpoke
|poke|p1|Sceptile, F
|poke|p1|Azumarill, F
|poke|p1|Heatran, F
|poke|p1|Mamoswine, F
|poke|p1|Crobat, F
|poke|p1|Clefable, F
|poke|p2|Thundurus, M
|poke|p2|Greninja, F, shiny
|poke|p2|Salamence, F
|poke|p2|Skarmory, M
|poke|p2|Infernape, M
|poke|p2|Mamoswine, M
|rule|Swagger Clause: Swagger is banned
|rule|Baton Pass Clause: Limit one PokÃ©mon knowing Baton Pass
|teampreview
|
|start
|switch|p1a: Heatran|Heatran, F|385\/385
|switch|p2a: Skarmory|Skarmory, M|332\/332
|turn|1
|
|move|p1a: Heatran|Lava Plume|p2a: Skarmory
|-supereffective|p2a: Skarmory
|-damage|p2a: Skarmory|38\/332
|move|p2a: Skarmory|Stealth Rock|p1a: Heatran
|-sidestart|p1: RustyEspur|move: Stealth Rock
|
|turn|2
|
|switch|p2a: Infernape|Infernape, M|293\/293
|move|p1a: Heatran|Stealth Rock|p2a: Infernape
|-sidestart|p2: DeeTrain|move: Stealth Rock
|
|turn|3
|
|switch|p1a: Clefable|Clefable, F|393\/393
|move|p2a: Infernape|Close Combat|p1a: Clefable
|-resisted|p1a: Clefable
|-damage|p1a: Clefable|298\/393
|-unboost|p2a: Infernape|def|1
|-unboost|p2a: Infernape|spd|1
|-damage|p2a: Infernape|264\/293|[from] item: Life Orb
|
|-heal|p1a: Clefable|322\/393|[from] item: Leftovers
|turn|4
|join|Meety
|
|switch|p2a: Greninja|Greninja, F, shiny|285\/285
|-damage|p2a: Greninja|250\/285|[from] Stealth Rock
|move|p1a: Clefable|Moonblast|p2a: Greninja
|-supereffective|p2a: Greninja
|-damage|p2a: Greninja|0 fnt
|faint|p2a: Greninja
|
|-heal|p1a: Clefable|346\/393|[from] item: Leftovers
|
|switch|p2a: Salamence|Salamence, F|337\/337
|-damage|p2a: Salamence|253\/337|[from] Stealth Rock
|-ability|p2a: Salamence|Intimidate|[of] p1a: Clefable
|-unboost|p1a: Clefable|atk|1
|turn|5
|
|detailschange|p2a: Salamence|Salamence-Mega, F
|message|Salamence has Mega Evolved into Mega Salamence!
|move|p2a: Salamence|Frustration|p1a: Clefable
|-damage|p1a: Clefable|133\/393
|move|p1a: Clefable|Moonblast|p2a: Salamence
|-supereffective|p2a: Salamence
|-damage|p2a: Salamence|0 fnt
|faint|p2a: Salamence
|
|-heal|p1a: Clefable|157\/393|[from] item: Leftovers
|
|switch|p2a: Mamoswine|Mamoswine, M|361\/361
|-damage|p2a: Mamoswine|316\/361|[from] Stealth Rock
|turn|6
|
|move|p2a: Mamoswine|Earthquake|p1a: Clefable
|-damage|p1a: Clefable|0 fnt
|-damage|p2a: Mamoswine|280\/361|[from] item: Life Orb
|faint|p1a: Clefable
|
|
|switch|p1a: Azumarill|Azumarill, F|381\/381
|-damage|p1a: Azumarill|334\/381|[from] Stealth Rock
|turn|7
|join|RustyEspur is gay
|
|switch|p2a: Skarmory|Skarmory, M|38\/332
|-damage|p2a: Skarmory|0 fnt|[from] Stealth Rock
|faint|p2a: Skarmory
|move|p1a: Azumarill|Aqua Jet|p2: Skarmory|[notarget]
|-notarget
|
|
|switch|p2a: Thundurus|Thundurus, M|299\/299
|-damage|p2a: Thundurus|225\/299|[from] Stealth Rock
|turn|8
|
|switch|p1a: Fren|Mamoswine, F|361\/361
|-damage|p1a: Fren|316\/361|[from] Stealth Rock
|move|p2a: Thundurus|Knock Off|p1a: Fren
|-damage|p1a: Fren|151\/361
|-enditem|p1a: Fren|Life Orb|[from] move: Knock Off|[of] p2a: Thundurus
|-damage|p2a: Thundurus|196\/299|[from] item: Life Orb
|
|turn|9
|
|switch|p2a: Infernape|Infernape, M|264\/293
|-damage|p2a: Infernape|228\/293|[from] Stealth Rock
|move|p1a: Fren|Earthquake|p2a: Infernape
|-supereffective|p2a: Infernape
|-damage|p2a: Infernape|0 fnt
|faint|p2a: Infernape
|
|
|switch|p2a: Mamoswine|Mamoswine, M|280\/361
|-damage|p2a: Mamoswine|235\/361|[from] Stealth Rock
|turn|10
|
|move|p2a: Mamoswine|Earthquake|p1a: Fren
|-damage|p1a: Fren|0 fnt
|-damage|p2a: Mamoswine|199\/361|[from] item: Life Orb
|faint|p1a: Fren
|
|
|switch|p1a: Azumarill|Azumarill, F|334\/381
|-damage|p1a: Azumarill|287\/381|[from] Stealth Rock
|turn|11
|join|DeeTrain is gay
|
|move|p1a: Azumarill|Aqua Jet|p2a: Mamoswine
|-supereffective|p2a: Mamoswine
|-damage|p2a: Mamoswine|0 fnt
|faint|p2a: Mamoswine
|
|c|âRustyEspur|hey dee
|
|switch|p2a: Thundurus|Thundurus, M|196\/299
|-damage|p2a: Thundurus|122\/299|[from] Stealth Rock
|turn|12
|c| DeeTrain is gay|:]
|c|âDeeTrain|gg rusty
|
|move|p1a: Azumarill|Aqua Jet|p2a: Thundurus
|-damage|p2a: Thundurus|0 fnt
|faint|p2a: Thundurus
|
|win|RustyEspur
|raw|Ladder updating...
|c|âRustyEspur|gg
|raw|RustyEspur's rating: 1416 &rarr; <strong>1437<\/strong><br \/>(+21 for winning)
|raw|DeeTrain's rating: 1441 &rarr; <strong>1420<\/strong><br \/>(-21 for losing)
|leave|DeeTrain
|player|p2
|leave|Meety
|leave|DeeTrain is gay