|join|DeeTrain
|join|RustyEspur
|player|p1|DeeTrain|2
|player|p2|RustyEspur|172
|gametype|singles
|gen|6
|tier|ORAS OU
|rated
|rule|Sleep Clause Mod: Limit one foe put to sleep
|rule|Species Clause: Limit one of each PokÃ©mon
|rule|OHKO Clause: OHKO moves are banned
|rule|Moody Clause: Moody is banned
|rule|Evasion Moves Clause: Evasion moves are banned
|rule|Endless Battle Clause: Forcing endless battles is banned
|rule|HP Percentage Mod: HP is shown in percentages
|clearpoke
|poke|p1|Thundurus, M
|poke|p1|Greninja, M, shiny
|poke|p1|Salamence, M
|poke|p1|Skarmory, F
|poke|p1|Infernape, M
|poke|p1|Mamoswine, M
|poke|p2|Sceptile, F
|poke|p2|Azumarill, F
|poke|p2|Heatran, M
|poke|p2|Mamoswine, M
|poke|p2|Crobat, M
|poke|p2|Clefable, M
|rule|Swagger Clause: Swagger is banned
|rule|Baton Pass Clause: Limit one PokÃ©mon knowing Baton Pass
|teampreview
|
|start
|switch|p1a: Skarmory|Skarmory, F|332\/332
|switch|p2a: Heatran|Heatran, M|385\/385
|turn|1
|
|move|p2a: Heatran|Lava Plume|p1a: Skarmory
|-supereffective|p1a: Skarmory
|-activate|p1a: Skarmory|Sturdy
|-damage|p1a: Skarmory|1\/332
|move|p1a: Skarmory|Stealth Rock|p2a: Heatran
|-sidestart|p2: RustyEspur|move: Stealth Rock
|
|turn|2
|
|switch|p1a: Infernape|Infernape, M|293\/293
|move|p2a: Heatran|Lava Plume|p1a: Infernape
|-resisted|p1a: Infernape
|-damage|p1a: Infernape|209\/293
|
|turn|3
|
|switch|p2a: Clefable|Clefable, M|393\/393
|move|p1a: Infernape|Hidden Power|p2a: Clefable
|-damage|p2a: Clefable|320\/393
|-damage|p1a: Infernape|180\/293|[from] item: Life Orb
|
|-heal|p2a: Clefable|344\/393|[from] item: Leftovers
|turn|4
|
|switch|p1a: Skarmory|Skarmory, F|1\/332
|move|p2a: Clefable|Moonblast|p1a: Skarmory
|-resisted|p1a: Skarmory
|-damage|p1a: Skarmory|0 fnt
|faint|p1a: Skarmory
|
|-heal|p2a: Clefable|368\/393|[from] item: Leftovers
|
|switch|p1a: Salamence|Salamence, M|337\/337
|-ability|p1a: Salamence|Intimidate|[of] p2a: Clefable
|-unboost|p2a: Clefable|atk|1
|turn|5
|
|detailschange|p1a: Salamence|Salamence-Mega, M
|message|Salamence has Mega Evolved into Mega Salamence!
|move|p1a: Salamence|Frustration|p2a: Clefable
|-damage|p2a: Clefable|128\/393
|move|p2a: Clefable|Moonblast|p1a: Salamence
|-supereffective|p1a: Salamence
|-damage|p1a: Salamence|101\/337
|
|-heal|p2a: Clefable|152\/393|[from] item: Leftovers
|turn|6
|
|move|p1a: Salamence|Frustration|p2a: Clefable
|-damage|p2a: Clefable|0 fnt
|faint|p2a: Clefable
|
|
|switch|p2a: Fren|Mamoswine, M|361\/361
|-damage|p2a: Fren|316\/361|[from] Stealth Rock
|turn|7
|
|switch|p1a: Infernape|Infernape, M|180\/293
|move|p2a: Fren|Earthquake|p1a: Infernape
|-supereffective|p1a: Infernape
|-damage|p1a: Infernape|0 fnt
|-damage|p2a: Fren|280\/361|[from] item: Life Orb
|faint|p1a: Infernape
|
|
|switch|p1a: Greninja|Greninja, M, shiny|285\/285
|turn|8
|
|switch|p2a: Azumarill|Azumarill, F|381\/381
|-damage|p2a: Azumarill|334\/381|[from] Stealth Rock
|move|p1a: Greninja|Dark Pulse|p2a: Azumarill
|-start|p1a: Greninja|typechange|Dark|[from] Protean
|-resisted|p2a: Azumarill
|-damage|p2a: Azumarill|237\/381
|-damage|p1a: Greninja|257\/285|[from] item: Life Orb
|
|turn|9
|
|move|p2a: Azumarill|Aqua Jet|p1a: Greninja
|-damage|p1a: Greninja|61\/285
|move|p1a: Greninja|Gunk Shot|p2a: Azumarill
|-start|p1a: Greninja|typechange|Poison|[from] Protean
|-supereffective|p2a: Azumarill
|-damage|p2a: Azumarill|0 fnt
|-damage|p1a: Greninja|33\/285|[from] item: Life Orb
|faint|p2a: Azumarill
|
|
|switch|p2a: Fren|Mamoswine, M|280\/361
|-damage|p2a: Fren|235\/361|[from] Stealth Rock
|turn|10
|
|switch|p1a: Salamence|Salamence-Mega, M|101\/337
|move|p2a: Fren|Ice Shard|p1a: Salamence
|-supereffective|p1a: Salamence
|-damage|p1a: Salamence|0 fnt
|-damage|p2a: Fren|199\/361|[from] item: Life Orb
|faint|p1a: Salamence
|
|
|switch|p1a: Mamoswine|Mamoswine, M|361\/361
|turn|11
|
|switch|p2a: Crobat|Crobat, M|311\/311
|-damage|p2a: Crobat|234\/311|[from] Stealth Rock
|move|p1a: Mamoswine|Earthquake|p2a: Crobat
|-immune|p2a: Crobat|[msg]
|
|turn|12
|
|move|p1a: Mamoswine|Ice Shard|p2a: Crobat
|-supereffective|p2a: Crobat
|-damage|p2a: Crobat|8\/311
|-damage|p1a: Mamoswine|325\/361|[from] item: Life Orb
|move|p2a: Crobat|Brave Bird|p1a: Mamoswine
|-damage|p1a: Mamoswine|21\/361
|-damage|p2a: Crobat|0 fnt|[from] recoil|[of] p1a: Mamoswine
|faint|p2a: Crobat
|
|
|switch|p2a: Worst-mega|Sceptile, F|281\/281
|-damage|p2a: Worst-mega|246\/281|[from] Stealth Rock
|turn|13
|
|switch|p2a: Heatran|Heatran, M|385\/385
|-damage|p2a: Heatran|337\/385|[from] Stealth Rock
|move|p1a: Mamoswine|Earthquake|p2a: Heatran
|-supereffective|p2a: Heatran
|-damage|p2a: Heatran|0 fnt
|-damage|p1a: Mamoswine|0 fnt|[from] item: Life Orb
|faint|p2a: Heatran
|faint|p1a: Mamoswine
|
|
|switch|p1a: Greninja|Greninja, M, shiny|33\/285
|switch|p2a: Fren|Mamoswine, M|199\/361
|-damage|p2a: Fren|154\/361|[from] Stealth Rock
|turn|14
|
|move|p2a: Fren|Ice Shard|p1a: Greninja
|-resisted|p1a: Greninja
|-damage|p1a: Greninja|0 fnt
|-damage|p2a: Fren|118\/361|[from] item: Life Orb
|faint|p1a: Greninja
|
|c|âRustyEspur|gg
|
|switch|p1a: Thundurus|Thundurus, M|299\/299
|turn|15
|c|âDeeTrain|gg
|
|move|p2a: Fren|Ice Shard|p1a: Thundurus
|-supereffective|p1a: Thundurus
|-damage|p1a: Thundurus|3\/299
|-damage|p2a: Fren|82\/361|[from] item: Life Orb
|move|p1a: Thundurus|Knock Off|p2a: Fren
|-damage|p2a: Fren|0 fnt
|-enditem|p2a: Fren|Life Orb|[from] move: Knock Off|[of] p1a: Thundurus
|-damage|p1a: Thundurus|0 fnt|[from] item: Life Orb
|faint|p2a: Fren
|faint|p1a: Thundurus
|
|win|RustyEspur
|raw|Ladder updating...
|raw|DeeTrain's rating: 1456 &rarr; <strong>1431<\/strong><br \/>(-25 for losing)
|raw|RustyEspur's rating: 1373 &rarr; <strong>1398<\/strong><br \/>(+25 for winning)