|join|DeeTrain
|join|lyh031995
|player|p1|DeeTrain|2
|player|p2|lyh031995|170
|gametype|singles
|gen|6
|tier|ORAS OU
|rated
|rule|Sleep Clause Mod: Limit one foe put to sleep
|rule|Species Clause: Limit one of each PokÃ©mon
|rule|OHKO Clause: OHKO moves are banned
|rule|Moody Clause: Moody is banned
|rule|Evasion Moves Clause: Evasion moves are banned
|rule|Endless Battle Clause: Forcing endless battles is banned
|rule|HP Percentage Mod: HP is shown in percentages
|clearpoke
|poke|p1|Thundurus, M
|poke|p1|Greninja, M, shiny
|poke|p1|Salamence, F
|poke|p1|Skarmory, F
|poke|p1|Infernape, F
|poke|p1|Mamoswine, M
|poke|p2|Politoed, M
|poke|p2|Kingdra, M
|poke|p2|Zapdos
|poke|p2|Ferrothorn, M
|poke|p2|Heracross, F
|poke|p2|Swampert, F
|rule|Swagger Clause: Swagger is banned
|rule|Baton Pass Clause: Limit one PokÃ©mon knowing Baton Pass
|teampreview
|join|RustyEspur
|c|âlyh031995|oh, its u again
|c|âlyh031995|deetrain.
|
|start
|switch|p1a: Skarmory|Skarmory, F|332\/332
|switch|p2a: Politoed|Politoed, M|384\/384
|-weather|RainDance
|turn|1
|
|move|p1a: Skarmory|Stealth Rock|p2a: Politoed
|-sidestart|p2: lyh031995|move: Stealth Rock
|move|p2a: Politoed|Scald|p1a: Skarmory
|-damage|p1a: Skarmory|152\/332
|
|-weather|RainDance|[upkeep]
|turn|2
|
|switch|p1a: Greninja|Greninja, M, shiny|285\/285
|move|p2a: Politoed|Scald|p1a: Greninja
|-resisted|p1a: Greninja
|-damage|p1a: Greninja|194\/285
|-status|p1a: Greninja|brn
|
|-weather|RainDance|[upkeep]
|-damage|p1a: Greninja|159\/285 brn|[from] brn
|turn|3
|
|switch|p1a: Infernape|Infernape, F|293\/293
|move|p2a: Politoed|Scald|p1a: Infernape
|-supereffective|p1a: Infernape
|-damage|p1a: Infernape|0 fnt
|faint|p1a: Infernape
|
|-weather|RainDance|[upkeep]
|
|switch|p1a: Thundurus|Thundurus, M|299\/299
|turn|4
|
|switch|p2a: Swampert|Swampert, F|342\/342
|-damage|p2a: Swampert|321\/342|[from] Stealth Rock
|move|p1a: Thundurus|Knock Off|p2a: Swampert
|-damage|p2a: Swampert|218\/342
|-damage|p1a: Thundurus|270\/299|[from] item: Life Orb
|
|-weather|RainDance|[upkeep]
|turn|5
|
|detailschange|p2a: Swampert|Swampert-Mega, F
|message|Swampert has Mega Evolved into Mega Swampert!
|move|p1a: Thundurus|Superpower|p2a: Swampert
|-damage|p2a: Swampert|63\/342
|-unboost|p1a: Thundurus|atk|1
|-unboost|p1a: Thundurus|def|1
|-damage|p1a: Thundurus|241\/299|[from] item: Life Orb
|move|p2a: Swampert|Waterfall|p1a: Thundurus
|-damage|p1a: Thundurus|0 fnt
|faint|p1a: Thundurus
|
|-weather|RainDance|[upkeep]
|
|switch|p1a: Mamoswine|Mamoswine, M|361\/361
|turn|6
|
|switch|p2a: Ferrothorn|Ferrothorn, M|310\/310
|-damage|p2a: Ferrothorn|291\/310|[from] Stealth Rock
|move|p1a: Mamoswine|Ice Shard|p2a: Ferrothorn
|-damage|p2a: Ferrothorn|223\/310
|-damage|p1a: Mamoswine|325\/361|[from] item: Life Orb
|
|-weather|RainDance|[upkeep]
|turn|7
|
|switch|p1a: Salamence|Salamence, F|337\/337
|-ability|p1a: Salamence|Intimidate|[of] p2a: Ferrothorn
|-unboost|p2a: Ferrothorn|atk|1
|move|p2a: Ferrothorn|Gyro Ball|p1a: Salamence
|-damage|p1a: Salamence|193\/337
|
|-weather|RainDance|[upkeep]
|turn|8
|
|move|p1a: Salamence|Dragon Dance|p1a: Salamence
|-boost|p1a: Salamence|atk|1
|-boost|p1a: Salamence|spe|1
|move|p2a: Ferrothorn|Leech Seed|p1a: Salamence
|-start|p1a: Salamence|move: Leech Seed
|
|-weather|none
|-damage|p1a: Salamence|151\/337|[from] Leech Seed|[of] p2a: Ferrothorn
|-heal|p2a: Ferrothorn|265\/310|[silent]
|turn|9
|
|switch|p2a: Politoed|Politoed, M|384\/384
|-damage|p2a: Politoed|336\/384|[from] Stealth Rock
|-weather|RainDance
|move|p1a: Salamence|Fire Blast|p2a: Politoed|[miss]
|-miss|p1a: Salamence|p2a: Politoed
|
|-weather|RainDance|[upkeep]
|-damage|p1a: Salamence|109\/337|[from] Leech Seed|[of] p2a: Politoed
|-heal|p2a: Politoed|378\/384|[silent]
|turn|10
|
|switch|p2a: Ferrothorn|Ferrothorn, M|265\/310
|-damage|p2a: Ferrothorn|246\/310|[from] Stealth Rock
|detailschange|p1a: Salamence|Salamence-Mega, F
|message|Salamence has Mega Evolved into Mega Salamence!
|move|p1a: Salamence|Frustration|p2a: Ferrothorn
|-damage|p2a: Ferrothorn|0 fnt
|-damage|p1a: Salamence|67\/337|[from] ability: Iron Barbs|[of] p2a: Ferrothorn
|-damage|p1a: Salamence|11\/337|[from] item: Rocky Helmet|[of] p2a: Ferrothorn
|faint|p2a: Ferrothorn
|
|-weather|RainDance|[upkeep]
|
|switch|p2a: Zapdos|Zapdos|384\/384
|-damage|p2a: Zapdos|288\/384|[from] Stealth Rock
|-ability|p2a: Zapdos|Pressure
|turn|11
|
|move|p1a: Salamence|Frustration|p2a: Zapdos
|-resisted|p2a: Zapdos
|-damage|p2a: Zapdos|132\/384
|move|p2a: Zapdos|Substitute|p2a: Zapdos
|-start|p2a: Zapdos|Substitute
|-damage|p2a: Zapdos|36\/384
|
|-weather|RainDance|[upkeep]
|-heal|p2a: Zapdos|60\/384|[from] item: Leftovers
|-damage|p1a: Salamence|0 fnt|[from] Leech Seed|[of] p2a: Zapdos
|-heal|p2a: Zapdos|71\/384|[silent]
|faint|p1a: Salamence
|
|switch|p1a: Mamoswine|Mamoswine, M|325\/361
|turn|12
|
|move|p1a: Mamoswine|Icicle Spear|p2a: Zapdos
|-supereffective|p2a: Zapdos
|-end|p2a: Zapdos|Substitute
|-supereffective|p2a: Zapdos
|-damage|p2a: Zapdos|0 fnt
|-hitcount|p2a: Zapdos|2
|-damage|p1a: Mamoswine|289\/361|[from] item: Life Orb
|faint|p2a: Zapdos
|
|-weather|RainDance|[upkeep]
|
|switch|p2a: Kingdra|Kingdra, M|307\/307
|-damage|p2a: Kingdra|269\/307|[from] Stealth Rock
|turn|13
|
|switch|p1a: Skarmory|Skarmory, F|152\/332
|move|p2a: Kingdra|Surf|p1a: Skarmory
|-damage|p1a: Skarmory|0 fnt
|faint|p1a: Skarmory
|
|-weather|RainDance|[upkeep]
|
|switch|p1a: Greninja|Greninja, M, shiny|159\/285 brn
|turn|14
|
|move|p2a: Kingdra|Surf|p1a: Greninja
|-resisted|p1a: Greninja
|-damage|p1a: Greninja|0 fnt
|faint|p1a: Greninja
|
|-weather|RainDance|[upkeep]
|
|switch|p1a: Mamoswine|Mamoswine, M|289\/361
|turn|15
|c|âlyh031995|gg
|
|move|p1a: Mamoswine|Ice Shard|p2a: Kingdra
|-damage|p2a: Kingdra|166\/307
|-damage|p1a: Mamoswine|253\/361|[from] item: Life Orb
|move|p2a: Kingdra|Surf|p1a: Mamoswine
|-supereffective|p1a: Mamoswine
|-damage|p1a: Mamoswine|0 fnt
|faint|p1a: Mamoswine
|
|win|lyh031995
|raw|Ladder updating...
|raw|DeeTrain's rating: 1419 &rarr; <strong>1395<\/strong><br \/>(-24 for losing)
|raw|lyh031995's rating: 1354 &rarr; <strong>1378<\/strong><br \/>(+24 for winning)
|c|âDeeTrain|gg
|leave|DeeTrain
|player|p1
|leave|RustyEspur