|join|DeeTrain
|join|YellowBisharp
|player|p1|DeeTrain|2
|player|p2|YellowBisharp|201
|gametype|singles
|gen|6
|tier|ORAS OU
|rated
|rule|Sleep Clause Mod: Limit one foe put to sleep
|rule|Species Clause: Limit one of each PokÃ©mon
|rule|OHKO Clause: OHKO moves are banned
|rule|Moody Clause: Moody is banned
|rule|Evasion Moves Clause: Evasion moves are banned
|rule|Endless Battle Clause: Forcing endless battles is banned
|rule|HP Percentage Mod: HP is shown in percentages
|clearpoke
|poke|p1|Thundurus, M
|poke|p1|Greninja, M
|poke|p1|Salamence, F
|poke|p1|Skarmory, F
|poke|p1|Infernape, M
|poke|p1|Mamoswine, M
|poke|p2|Altaria, F
|poke|p2|Chansey, F
|poke|p2|Mew
|poke|p2|Greninja, F
|poke|p2|Skarmory, M
|poke|p2|Diggersby, F
|rule|Swagger Clause: Swagger is banned
|rule|Baton Pass Clause: Limit one PokÃ©mon knowing Baton Pass
|teampreview
|
|start
|switch|p1a: Greninja|Greninja, M|285\/285
|switch|p2a: Diggersby|Diggersby, F|311\/311
|turn|1
|
|move|p2a: Diggersby|U-turn|p1a: Greninja
|-supereffective|p1a: Greninja
|-damage|p1a: Greninja|1\/285
|
|switch|p2a: Chansey|Chansey, F|704\/704
|move|p1a: Greninja|Ice Beam|p2a: Chansey
|-start|p1a: Greninja|typechange|Ice|[from] Protean
|-damage|p2a: Chansey|579\/704
|-damage|p1a: Greninja|0 fnt|[from] item: Life Orb
|faint|p1a: Greninja
|
|
|switch|p1a: Thundurus|Thundurus, M|299\/299
|turn|2
|
|move|p1a: Thundurus|Knock Off|p2a: Chansey
|-damage|p2a: Chansey|397\/704
|-enditem|p2a: Chansey|Eviolite|[from] move: Knock Off|[of] p1a: Thundurus
|-damage|p1a: Thundurus|270\/299|[from] item: Life Orb
|move|p2a: Chansey|Soft-Boiled|p2a: Chansey
|-heal|p2a: Chansey|704\/704
|
|turn|3
|
|switch|p2a: Mew|Mew|404\/404
|move|p1a: Thundurus|Superpower|p2a: Mew
|-resisted|p2a: Mew
|-damage|p2a: Mew|317\/404
|-unboost|p1a: Thundurus|atk|1
|-unboost|p1a: Thundurus|def|1
|-damage|p1a: Thundurus|241\/299|[from] item: Life Orb
|
|-heal|p2a: Mew|342\/404|[from] item: Leftovers
|turn|4
|
|switch|p2a: Chansey|Chansey, F|704\/704
|move|p1a: Thundurus|Knock Off|p2a: Chansey
|-damage|p2a: Chansey|586\/704
|-damage|p1a: Thundurus|212\/299|[from] item: Life Orb
|
|turn|5
|
|switch|p1a: Skarmory|Skarmory, F|332\/332
|move|p2a: Chansey|Stealth Rock|p1a: Skarmory
|-sidestart|p1: DeeTrain|move: Stealth Rock
|
|turn|6
|
|move|p1a: Skarmory|Defog|p2a: Chansey
|-unboost|p2a: Chansey|evasion|1
|-sideend|p1: DeeTrain|Stealth Rock|[from] move: Defog|[of] p1a: Skarmory
|move|p2a: Chansey|Seismic Toss|p1a: Skarmory
|-damage|p1a: Skarmory|232\/332
|
|turn|7
|
|move|p1a: Skarmory|Stealth Rock|p2a: Chansey
|-sidestart|p2: YellowBisharp|move: Stealth Rock
|move|p2a: Chansey|Stealth Rock|p1a: Skarmory
|-sidestart|p1: DeeTrain|move: Stealth Rock
|
|turn|8
|
|switch|p1a: Infernape|Infernape, M|293\/293
|-damage|p1a: Infernape|257\/293|[from] Stealth Rock
|move|p2a: Chansey|Seismic Toss|p1a: Infernape
|-damage|p1a: Infernape|157\/293
|
|turn|9
|
|switch|p2a: Skarmory|Skarmory, M|334\/334
|-damage|p2a: Skarmory|293\/334|[from] Stealth Rock
|move|p1a: Infernape|Close Combat|p2a: Skarmory
|-damage|p2a: Skarmory|151\/334
|-damage|p1a: Infernape|109\/293|[from] item: Rocky Helmet|[of] p2a: Skarmory
|-unboost|p1a: Infernape|def|1
|-unboost|p1a: Infernape|spd|1
|-damage|p1a: Infernape|80\/293|[from] item: Life Orb
|
|turn|10
|
|switch|p2a: Chansey|Chansey, F|586\/704
|-damage|p2a: Chansey|498\/704|[from] Stealth Rock
|move|p1a: Infernape|Overheat|p2a: Chansey|[miss]
|-miss|p1a: Infernape|p2a: Chansey
|
|turn|11
|
|switch|p2a: Mew|Mew|342\/404
|-damage|p2a: Mew|292\/404|[from] Stealth Rock
|move|p1a: Infernape|Close Combat|p2a: Mew
|-resisted|p2a: Mew
|-damage|p2a: Mew|171\/404
|-unboost|p1a: Infernape|def|1
|-unboost|p1a: Infernape|spd|1
|-damage|p1a: Infernape|51\/293|[from] item: Life Orb
|
|-heal|p2a: Mew|196\/404|[from] item: Leftovers
|turn|12
|
|move|p1a: Infernape|Overheat|p2a: Mew
|-damage|p2a: Mew|31\/404
|-unboost|p1a: Infernape|spa|2
|-damage|p1a: Infernape|22\/293|[from] item: Life Orb
|move|p2a: Mew|Soft-Boiled|p2a: Mew
|-heal|p2a: Mew|233\/404
|
|-heal|p2a: Mew|258\/404|[from] item: Leftovers
|turn|13
|
|move|p1a: Infernape|Overheat|p2a: Mew
|-damage|p2a: Mew|179\/404
|-unboost|p1a: Infernape|spa|2
|-damage|p1a: Infernape|0 fnt|[from] item: Life Orb
|faint|p1a: Infernape
|move|p2a: Mew|Soft-Boiled|p2a: Mew
|-heal|p2a: Mew|381\/404
|
|-heal|p2a: Mew|404\/404|[from] item: Leftovers
|
|switch|p1a: Thundurus|Thundurus, M|212\/299
|-damage|p1a: Thundurus|138\/299|[from] Stealth Rock
|turn|14
|
|move|p1a: Thundurus|Knock Off|p2a: Mew
|-supereffective|p2a: Mew
|-damage|p2a: Mew|121\/404
|-enditem|p2a: Mew|Leftovers|[from] move: Knock Off|[of] p1a: Thundurus
|-damage|p1a: Thundurus|109\/299|[from] item: Life Orb
|move|p2a: Mew|Psyshock|p1a: Thundurus
|-damage|p1a: Thundurus|0 fnt
|faint|p1a: Thundurus
|
|
|switch|p1a: Salamence|Salamence, F|337\/337
|-damage|p1a: Salamence|253\/337|[from] Stealth Rock
|-ability|p1a: Salamence|Intimidate|[of] p2a: Mew
|-unboost|p2a: Mew|atk|1
|turn|15
|
|detailschange|p1a: Salamence|Salamence-Mega, F
|message|Salamence has Mega Evolved into Mega Salamence!
|move|p1a: Salamence|Dragon Dance|p1a: Salamence
|-boost|p1a: Salamence|atk|1
|-boost|p1a: Salamence|spe|1
|move|p2a: Mew|Will-O-Wisp|p1a: Salamence
|-status|p1a: Salamence|brn
|
|-damage|p1a: Salamence|211\/337 brn|[from] brn
|turn|16
|
|move|p1a: Salamence|Dragon Dance|p1a: Salamence
|-boost|p1a: Salamence|atk|1
|-boost|p1a: Salamence|spe|1
|move|p2a: Mew|Soft-Boiled|p2a: Mew
|-heal|p2a: Mew|323\/404
|
|-damage|p1a: Salamence|169\/337 brn|[from] brn
|turn|17
|
|move|p1a: Salamence|Dragon Dance|p1a: Salamence
|-boost|p1a: Salamence|atk|1
|-boost|p1a: Salamence|spe|1
|move|p2a: Mew|Psyshock|p1a: Salamence
|-damage|p1a: Salamence|91\/337 brn
|
|-damage|p1a: Salamence|49\/337 brn|[from] brn
|turn|18
|
|move|p1a: Salamence|Return|p2a: Mew
|-damage|p2a: Mew|0 fnt
|faint|p2a: Mew
|
|-damage|p1a: Salamence|7\/337 brn|[from] brn
|
|switch|p2a: Altaria|Altaria, F|292\/292
|-damage|p2a: Altaria|219\/292|[from] Stealth Rock
|turn|19
|
|detailschange|p2a: Altaria|Altaria-Mega, F
|message|Altaria has Mega Evolved into Mega Altaria!
|move|p1a: Salamence|Return|p2a: Altaria
|-damage|p2a: Altaria|0 fnt
|faint|p2a: Altaria
|
|-damage|p1a: Salamence|0 fnt|[from] brn
|faint|p1a: Salamence
|
|switch|p2a: Greninja|Greninja, F|285\/285
|-damage|p2a: Greninja|250\/285|[from] Stealth Rock
|switch|p1a: Skarmory|Skarmory, F|232\/332
|-damage|p1a: Skarmory|191\/332|[from] Stealth Rock
|turn|20
|
|move|p2a: Greninja|Hydro Pump|p1a: Skarmory
|-start|p2a: Greninja|typechange|Water|[from] Protean
|-damage|p1a: Skarmory|0 fnt
|faint|p1a: Skarmory
|
|
|switch|p1a: Mamoswine|Mamoswine, M|361\/361
|-damage|p1a: Mamoswine|316\/361|[from] Stealth Rock
|turn|21
|
|move|p2a: Greninja|Hydro Pump|p1a: Mamoswine
|-supereffective|p1a: Mamoswine
|-damage|p1a: Mamoswine|0 fnt
|faint|p1a: Mamoswine
|
|win|YellowBisharp
|raw|Ladder updating...
|raw|DeeTrain's rating: 1414 &rarr; <strong>1389<\/strong><br \/>(-25 for losing)
|raw|YellowBisharp's rating: 1318 &rarr; <strong>1344<\/strong><br \/>(+26 for winning)
|c|âDeeTrain|gg
|leave|DeeTrain
|player|p1
|c|âYellowBisharp|gg