|join|u just got yolo'd
|join|DeeTrain
|player|p1|u just got yolo'd|11
|player|p2|DeeTrain|2
|gametype|singles
|gen|6
|tier|ORAS OU
|rated
|rule|Sleep Clause Mod: Limit one foe put to sleep
|rule|Species Clause: Limit one of each PokÃ©mon
|rule|OHKO Clause: OHKO moves are banned
|rule|Moody Clause: Moody is banned
|rule|Evasion Moves Clause: Evasion moves are banned
|rule|Endless Battle Clause: Forcing endless battles is banned
|rule|HP Percentage Mod: HP is shown in percentages
|clearpoke
|poke|p1|Metagross
|poke|p1|Landorus, M
|poke|p1|Keldeo
|poke|p1|Bisharp, M
|poke|p1|Celebi
|poke|p1|Zapdos
|poke|p2|Thundurus, M
|poke|p2|Greninja, F, shiny
|poke|p2|Salamence, M
|poke|p2|Skarmory, M, shiny
|poke|p2|Infernape, M
|poke|p2|Mamoswine, F
|rule|Swagger Clause: Swagger is banned
|rule|Baton Pass Clause: Limit one PokÃ©mon knowing Baton Pass
|teampreview
|
|start
|switch|p1a: Keldeo|Keldeo|323\/323
|switch|p2a: Skarmory|Skarmory, M, shiny|331\/331
|turn|1
|join|irl cat
|
|move|p1a: Keldeo|Scald|p2a: Skarmory
|-damage|p2a: Skarmory|154\/331
|-status|p2a: Skarmory|brn
|move|p2a: Skarmory|Stealth Rock|p1a: Keldeo
|-sidestart|p1: u just got yolo'd|move: Stealth Rock
|
|-damage|p2a: Skarmory|113\/331 brn|[from] brn
|turn|2
|
|switch|p2a: Greninja|Greninja, F, shiny|285\/285
|move|p1a: Keldeo|Scald|p2a: Greninja
|-resisted|p2a: Greninja
|-damage|p2a: Greninja|199\/285
|-status|p2a: Greninja|brn
|
|-damage|p2a: Greninja|164\/285 brn|[from] brn
|turn|3
|
|switch|p1a: Bisharp|Bisharp, M|295\/295
|-damage|p1a: Bisharp|277\/295|[from] Stealth Rock
|move|p2a: Greninja|Hydro Pump|p1a: Bisharp
|-start|p2a: Greninja|typechange|Water|[from] Protean
|-damage|p1a: Bisharp|0 fnt
|-damage|p2a: Greninja|136\/285 brn|[from] item: Life Orb
|faint|p1a: Bisharp
|
|-damage|p2a: Greninja|101\/285 brn|[from] brn
|
|switch|p1a: Keldeo|Keldeo|323\/323
|-damage|p1a: Keldeo|303\/323|[from] Stealth Rock
|turn|4
|
|switch|p2a: Skarmory|Skarmory, M, shiny|113\/331 brn
|move|p1a: Keldeo|Scald|p2a: Skarmory
|-damage|p2a: Skarmory|0 fnt
|faint|p2a: Skarmory
|
|
|switch|p2a: Thundurus|Thundurus, M|299\/299
|turn|5
|
|switch|p1a: Celebi|Celebi|403\/403
|-damage|p1a: Celebi|353\/403|[from] Stealth Rock
|move|p2a: Thundurus|Knock Off|p1a: Celebi
|-supereffective|p1a: Celebi
|-damage|p1a: Celebi|67\/403
|-enditem|p1a: Celebi|Leftovers|[from] move: Knock Off|[of] p2a: Thundurus
|-damage|p2a: Thundurus|270\/299|[from] item: Life Orb
|
|turn|6
|join|Leoj the Blah
|c|âu just got yolo'd|FUK ME
|c|âu just got yolo'd|honestly
|
|move|p2a: Thundurus|Knock Off|p1a: Celebi
|-supereffective|p1a: Celebi
|-damage|p1a: Celebi|0 fnt
|-damage|p2a: Thundurus|241\/299|[from] item: Life Orb
|faint|p1a: Celebi
|
|
|switch|p1a: Zapdos|Zapdos|383\/383
|-damage|p1a: Zapdos|288\/383|[from] Stealth Rock
|-ability|p1a: Zapdos|Pressure
|turn|7
|
|move|p2a: Thundurus|Thunderbolt|p1a: Zapdos
|-damage|p1a: Zapdos|85\/383
|-damage|p2a: Thundurus|212\/299|[from] item: Life Orb
|move|p1a: Zapdos|Roost|p1a: Zapdos
|-heal|p1a: Zapdos|277\/383
|
|-heal|p1a: Zapdos|300\/383|[from] item: Leftovers
|turn|8
|
|move|p2a: Thundurus|Knock Off|p1a: Zapdos
|-damage|p1a: Zapdos|196\/383
|-enditem|p1a: Zapdos|Leftovers|[from] move: Knock Off|[of] p2a: Thundurus
|-damage|p2a: Thundurus|183\/299|[from] item: Life Orb
|move|p1a: Zapdos|Roost|p1a: Zapdos
|-heal|p1a: Zapdos|383\/383
|
|turn|9
|
|switch|p2a: Mamoswine|Mamoswine, F|361\/361
|move|p1a: Zapdos|Defog|p2a: Mamoswine
|-unboost|p2a: Mamoswine|evasion|1
|-sideend|p1: u just got yolo'd|Stealth Rock|[from] move: Defog|[of] p1a: Zapdos
|
|turn|10
|
|move|p2a: Mamoswine|Icicle Spear|p1a: Zapdos
|-supereffective|p1a: Zapdos
|-damage|p1a: Zapdos|289\/383
|-supereffective|p1a: Zapdos
|-damage|p1a: Zapdos|185\/383
|-supereffective|p1a: Zapdos
|-damage|p1a: Zapdos|89\/383
|-crit|p1a: Zapdos
|-supereffective|p1a: Zapdos
|-damage|p1a: Zapdos|0 fnt
|-hitcount|p1a: Zapdos|4
|-damage|p2a: Mamoswine|325\/361|[from] item: Life Orb
|faint|p1a: Zapdos
|
|c|âu just got yolo'd|nice 5 hits cunt
|
|switch|p1a: Keldeo|Keldeo|303\/323
|turn|11
|c|âu just got yolo'd|crap
|c|âu just got yolo'd|sorry im mad
|c|âu just got yolo'd|forgive my landuage
|c|âDeeTrain|np
|c|âDeeTrain|but it was 4 hits
|
|switch|p1a: Landorus|Landorus, M|319\/319
|switch|p2a: Greninja|Greninja, F, shiny|101\/285 brn
|
|-damage|p2a: Greninja|66\/285 brn|[from] brn
|turn|12
|c|âu just got yolo'd|;_;
|
|switch|p1a: Keldeo|Keldeo|303\/323
|move|p2a: Greninja|Ice Beam|p1a: Keldeo
|-start|p2a: Greninja|typechange|Ice|[from] Protean
|-resisted|p1a: Keldeo
|-damage|p1a: Keldeo|211\/323
|-damage|p2a: Greninja|38\/285 brn|[from] item: Life Orb
|
|-damage|p2a: Greninja|3\/285 brn|[from] brn
|turn|13
|
|move|p1a: Keldeo|Hidden Power|p2a: Greninja
|-resisted|p2a: Greninja
|-damage|p2a: Greninja|0 fnt
|faint|p2a: Greninja
|
|
|switch|p2a: Infernape|Infernape, M|293\/293
|turn|14
|
|switch|p1a: Landorus|Landorus, M|319\/319
|move|p2a: Infernape|Close Combat|p1a: Landorus
|-resisted|p1a: Landorus
|-damage|p1a: Landorus|186\/319
|-unboost|p2a: Infernape|def|1
|-unboost|p2a: Infernape|spd|1
|-damage|p2a: Infernape|264\/293|[from] item: Life Orb
|
|turn|15
|
|move|p2a: Infernape|Hidden Power|p1a: Landorus
|-supereffective|p1a: Landorus
|-damage|p1a: Landorus|0 fnt
|-damage|p2a: Infernape|235\/293|[from] item: Life Orb
|faint|p1a: Landorus
|
|
|switch|p1a: Keldeo|Keldeo|211\/323
|turn|16
|
|move|p2a: Infernape|Mach Punch|p1a: Keldeo
|-damage|p1a: Keldeo|117\/323
|-damage|p2a: Infernape|206\/293|[from] item: Life Orb
|move|p1a: Keldeo|Scald|p2a: Infernape
|-supereffective|p2a: Infernape
|-damage|p2a: Infernape|0 fnt
|faint|p2a: Infernape
|
|
|switch|p2a: Salamence|Salamence, M|335\/335
|-ability|p2a: Salamence|Intimidate|[of] p1a: Keldeo
|-unboost|p1a: Keldeo|atk|1
|turn|17
|
|switch|p1a: Metagross|Metagross|341\/341
|detailschange|p2a: Salamence|Salamence-Mega, M
|message|Salamence has Mega Evolved into Mega Salamence!
|move|p2a: Salamence|Dragon Dance|p2a: Salamence
|-boost|p2a: Salamence|atk|1
|-boost|p2a: Salamence|spe|1
|
|turn|18
|
|detailschange|p1a: Metagross|Metagross-Mega
|message|Metagross has Mega Evolved into Mega Metagross!
|move|p2a: Salamence|Earthquake|p1a: Metagross
|-supereffective|p1a: Metagross
|-damage|p1a: Metagross|81\/341
|move|p1a: Metagross|Agility|p1a: Metagross
|-boost|p1a: Metagross|spe|2
|
|turn|19
|
|move|p1a: Metagross|Ice Punch|p2a: Salamence
|-supereffective|p2a: Salamence
|-damage|p2a: Salamence|0 fnt
|faint|p2a: Salamence
|
|
|switch|p2a: Mamoswine|Mamoswine, F|325\/361
|turn|20
|
|move|p1a: Metagross|Meteor Mash|p2a: Mamoswine
|-supereffective|p2a: Mamoswine
|-damage|p2a: Mamoswine|0 fnt
|faint|p2a: Mamoswine
|
|c|âu just got yolo'd|gg
|c|âDeeTrain|gg
|
|switch|p2a: Thundurus|Thundurus, M|183\/299
|turn|21
|c| Leoj the Blah|What the comeback
|
|move|p1a: Metagross|Ice Punch|p2a: Thundurus
|-supereffective|p2a: Thundurus
|-damage|p2a: Thundurus|0 fnt
|faint|p2a: Thundurus
|
|win|u just got yolo'd
|raw|Ladder updating...
|raw|u just got yolo&apos;d's rating: 1555 &rarr; <strong>1572<\/strong><br \/>(+17 for winning)
|raw|DeeTrain's rating: 1513 &rarr; <strong>1495<\/strong><br \/>(-18 for losing)
|c|âu just got yolo'd|ye
|c|âu just got yolo'd|it wasnt
|c|âu just got yolo'd|looking good for me
|c|âu just got yolo'd|early game
|c|âu just got yolo'd|lmao