|join|Aka DH
|join|DeeTrain
|player|p1|Aka DH|68
|player|p2|DeeTrain|2
|gametype|singles
|gen|6
|tier|ORAS OU
|rated
|rule|Sleep Clause Mod: Limit one foe put to sleep
|rule|Species Clause: Limit one of each PokÃ©mon
|rule|OHKO Clause: OHKO moves are banned
|rule|Moody Clause: Moody is banned
|rule|Evasion Moves Clause: Evasion moves are banned
|rule|Endless Battle Clause: Forcing endless battles is banned
|rule|HP Percentage Mod: HP is shown in percentages
|clearpoke
|poke|p1|Bisharp, F
|poke|p1|Venusaur, M
|poke|p1|Heatran, M
|poke|p1|Keldeo
|poke|p1|Chansey, F
|poke|p1|Skarmory, F
|poke|p2|Thundurus, M
|poke|p2|Greninja, M, shiny
|poke|p2|Salamence, F
|poke|p2|Skarmory, M
|poke|p2|Infernape, F
|poke|p2|Mamoswine, M
|rule|Swagger Clause: Swagger is banned
|rule|Baton Pass Clause: Limit one PokÃ©mon knowing Baton Pass
|teampreview
|
|start
|switch|p1a: Venusaur|Venusaur, M|364\/364
|switch|p2a: Skarmory|Skarmory, M|332\/332
|turn|1
|
|switch|p1a: Heatran|Heatran, M|340\/340
|-item|p1a: Heatran|Air Balloon
|move|p2a: Skarmory|Stealth Rock|p1a: Heatran
|-sidestart|p1: Aka DH|move: Stealth Rock
|
|turn|2
|
|move|p1a: Heatran|Stealth Rock|p2a: Skarmory
|-sidestart|p2: DeeTrain|move: Stealth Rock
|move|p2a: Skarmory|Brave Bird|p1a: Heatran
|-resisted|p1a: Heatran
|-damage|p1a: Heatran|295\/340
|-enditem|p1a: Heatran|Air Balloon
|-damage|p2a: Skarmory|317\/332|[from] recoil|[of] p1a: Heatran
|
|turn|3
|
|switch|p2a: Infernape|Infernape, F|293\/293
|-damage|p2a: Infernape|257\/293|[from] Stealth Rock
|move|p1a: Heatran|Fire Blast|p2a: Infernape
|-resisted|p2a: Infernape
|-damage|p2a: Infernape|138\/293
|
|turn|4
|
|move|p2a: Infernape|Hidden Power|p1a: Heatran
|-resisted|p1a: Heatran
|-damage|p1a: Heatran|278\/340
|-damage|p2a: Infernape|109\/293|[from] item: Life Orb
|move|p1a: Heatran|Fire Blast|p2a: Infernape
|-resisted|p2a: Infernape
|-damage|p2a: Infernape|0 fnt
|faint|p2a: Infernape
|
|
|switch|p2a: Salamence|Salamence, F|337\/337
|-damage|p2a: Salamence|253\/337|[from] Stealth Rock
|-ability|p2a: Salamence|Intimidate|[of] p1a: Heatran
|-unboost|p1a: Heatran|atk|1
|turn|5
|
|switch|p1a: Skarmory|Skarmory, F|334\/334
|-damage|p1a: Skarmory|293\/334|[from] Stealth Rock
|detailschange|p2a: Salamence|Salamence-Mega, F
|message|Salamence has Mega Evolved into Mega Salamence!
|move|p2a: Salamence|Earthquake|p1a: Skarmory
|-immune|p1a: Skarmory|[msg]
|
|turn|6
|
|move|p2a: Salamence|Fire Blast|p1a: Skarmory|[miss]
|-miss|p2a: Salamence|p1a: Skarmory
|move|p1a: Skarmory|Whirlwind|p2a: Salamence
|drag|p2a: Mamoswine|Mamoswine, M|361\/361
|-damage|p2a: Mamoswine|316\/361|[from] Stealth Rock
|
|turn|7
|
|move|p2a: Mamoswine|Freeze-Dry|p1a: Skarmory
|-damage|p1a: Skarmory|214\/334
|-damage|p2a: Mamoswine|280\/361|[from] item: Life Orb
|move|p1a: Skarmory|Spikes|p2a: Mamoswine
|-sidestart|p2: DeeTrain|Spikes
|
|turn|8
|
|switch|p2a: Greninja|Greninja, M, shiny|285\/285
|-damage|p2a: Greninja|250\/285|[from] Stealth Rock
|-damage|p2a: Greninja|215\/285|[from] Spikes
|move|p1a: Skarmory|Roost|p1a: Skarmory
|-heal|p1a: Skarmory|334\/334
|
|turn|9
|
|move|p2a: Greninja|Gunk Shot|p1a: Skarmory
|-start|p2a: Greninja|typechange|Poison|[from] Protean
|-immune|p1a: Skarmory|[msg]
|move|p1a: Skarmory|Whirlwind|p2a: Greninja
|drag|p2a: Thundurus|Thundurus, M|299\/299
|-damage|p2a: Thundurus|225\/299|[from] Stealth Rock
|
|turn|10
|
|switch|p1a: Chansey|Chansey, F|684\/684
|-damage|p1a: Chansey|599\/684|[from] Stealth Rock
|move|p2a: Thundurus|Knock Off|p1a: Chansey
|-damage|p1a: Chansey|414\/684
|-enditem|p1a: Chansey|Eviolite|[from] move: Knock Off|[of] p2a: Thundurus
|-damage|p2a: Thundurus|196\/299|[from] item: Life Orb
|
|turn|11
|
|switch|p1a: Venusaur|Venusaur, M|364\/364
|-damage|p1a: Venusaur|319\/364|[from] Stealth Rock
|move|p2a: Thundurus|Superpower|p1a: Venusaur
|-resisted|p1a: Venusaur
|-damage|p1a: Venusaur|257\/364
|-unboost|p2a: Thundurus|atk|1
|-unboost|p2a: Thundurus|def|1
|-damage|p2a: Thundurus|167\/299|[from] item: Life Orb
|
|turn|12
|
|switch|p2a: Skarmory|Skarmory, M|317\/332
|-damage|p2a: Skarmory|276\/332|[from] Stealth Rock
|detailschange|p1a: Venusaur|Venusaur-Mega, M
|message|Venusaur has Mega Evolved into Mega Venusaur!
|move|p1a: Venusaur|Hidden Power|p2a: Skarmory
|-supereffective|p2a: Skarmory
|-damage|p2a: Skarmory|120\/332
|
|turn|13
|
|move|p1a: Venusaur|Hidden Power|p2a: Skarmory
|-supereffective|p2a: Skarmory
|-damage|p2a: Skarmory|0 fnt
|faint|p2a: Skarmory
|
|
|switch|p2a: Salamence|Salamence-Mega, F|253\/337
|-damage|p2a: Salamence|169\/337|[from] Stealth Rock
|turn|14
|
|move|p2a: Salamence|Return|p1a: Venusaur
|-supereffective|p1a: Venusaur
|-damage|p1a: Venusaur|0 fnt
|faint|p1a: Venusaur
|
|
|switch|p1a: Skarmory|Skarmory, F|334\/334
|-damage|p1a: Skarmory|293\/334|[from] Stealth Rock
|turn|15
|
|move|p2a: Salamence|Fire Blast|p1a: Skarmory
|-supereffective|p1a: Skarmory
|-damage|p1a: Skarmory|67\/334
|move|p1a: Skarmory|Whirlwind|p2a: Salamence
|drag|p2a: Thundurus|Thundurus, M|167\/299
|-damage|p2a: Thundurus|93\/299|[from] Stealth Rock
|
|turn|16
|
|move|p2a: Thundurus|Superpower|p1a: Skarmory
|-damage|p1a: Skarmory|0 fnt
|-damage|p2a: Thundurus|44\/299|[from] item: Rocky Helmet|[of] p1a: Skarmory
|-unboost|p2a: Thundurus|atk|1
|-unboost|p2a: Thundurus|def|1
|-damage|p2a: Thundurus|15\/299|[from] item: Life Orb
|faint|p1a: Skarmory
|
|
|switch|p1a: Chansey|Chansey, F|414\/684
|-damage|p1a: Chansey|329\/684|[from] Stealth Rock
|turn|17
|
|move|p2a: Thundurus|Superpower|p1a: Chansey
|-supereffective|p1a: Chansey
|-damage|p1a: Chansey|0 fnt
|-unboost|p2a: Thundurus|atk|1
|-unboost|p2a: Thundurus|def|1
|-damage|p2a: Thundurus|0 fnt|[from] item: Life Orb
|faint|p1a: Chansey
|faint|p2a: Thundurus
|
|
|switch|p2a: Greninja|Greninja, M, shiny|215\/285
|-damage|p2a: Greninja|180\/285|[from] Stealth Rock
|-damage|p2a: Greninja|145\/285|[from] Spikes
|switch|p1a: Bisharp|Bisharp, F|334\/334
|-damage|p1a: Bisharp|314\/334|[from] Stealth Rock
|turn|18
|
|switch|p1a: Heatran|Heatran, M|278\/340
|-damage|p1a: Heatran|236\/340|[from] Stealth Rock
|move|p2a: Greninja|Hydro Pump|p1a: Heatran
|-start|p2a: Greninja|typechange|Water|[from] Protean
|-supereffective|p1a: Heatran
|-damage|p1a: Heatran|0 fnt
|-damage|p2a: Greninja|117\/285|[from] item: Life Orb
|faint|p1a: Heatran
|
|
|switch|p1a: Bisharp|Bisharp, F|314\/334
|-damage|p1a: Bisharp|294\/334|[from] Stealth Rock
|turn|19
|
|move|p1a: Bisharp|Sucker Punch|p2a: Greninja
|-damage|p2a: Greninja|0 fnt
|faint|p2a: Greninja
|
|-heal|p1a: Bisharp|314\/334|[from] item: Leftovers
|
|switch|p2a: Mamoswine|Mamoswine, M|280\/361
|-damage|p2a: Mamoswine|235\/361|[from] Spikes
|-damage|p2a: Mamoswine|190\/361|[from] Stealth Rock
|turn|20
|
|switch|p1a: Keldeo|Keldeo|323\/323
|-damage|p1a: Keldeo|303\/323|[from] Stealth Rock
|move|p2a: Mamoswine|Earthquake|p1a: Keldeo
|-damage|p1a: Keldeo|72\/323
|-damage|p2a: Mamoswine|154\/361|[from] item: Life Orb
|
|-heal|p1a: Keldeo|92\/323|[from] item: Leftovers
|turn|21
|
|move|p1a: Keldeo|Scald|p2a: Mamoswine
|-supereffective|p2a: Mamoswine
|-damage|p2a: Mamoswine|0 fnt
|faint|p2a: Mamoswine
|
|-heal|p1a: Keldeo|112\/323|[from] item: Leftovers
|
|switch|p2a: Salamence|Salamence-Mega, F|169\/337
|-damage|p2a: Salamence|85\/337|[from] Stealth Rock
|turn|22
|
|move|p2a: Salamence|Return|p1a: Keldeo
|-supereffective|p1a: Keldeo
|-damage|p1a: Keldeo|0 fnt
|faint|p1a: Keldeo
|
|
|switch|p1a: Bisharp|Bisharp, F|314\/334
|-damage|p1a: Bisharp|294\/334|[from] Stealth Rock
|turn|23
|
|move|p1a: Bisharp|Sucker Punch|p2a: Salamence
|-damage|p2a: Salamence|0 fnt
|faint|p2a: Salamence
|
|win|Aka DH
|raw|Ladder updating...
|raw|Aka DH's rating: 1592 &rarr; <strong>1602<\/strong><br \/>(+10 for winning)
|raw|DeeTrain's rating: 1407 &rarr; <strong>1397<\/strong><br \/>(-10 for losing)
|c|âDeeTrain|gg
|c|âAka DH|gg