|join|Pheonixmaster
|join|DeeTrain
|player|p1|Pheonixmaster|168
|player|p2|DeeTrain|102
|gametype|singles
|gen|6
|tier|ORAS OU
|rated
|rule|Sleep Clause Mod: Limit one foe put to sleep
|rule|Species Clause: Limit one of each PokÃ©mon
|rule|OHKO Clause: OHKO moves are banned
|rule|Moody Clause: Moody is banned
|rule|Evasion Moves Clause: Evasion moves are banned
|rule|Endless Battle Clause: Forcing endless battles is banned
|rule|HP Percentage Mod: HP is shown in percentages
|clearpoke
|poke|p1|Sceptile, F
|poke|p1|Talonflame, F
|poke|p1|Rotom-Wash
|poke|p1|Ferrothorn, F, shiny
|poke|p1|Latias, F
|poke|p1|Keldeo
|poke|p2|Thundurus, M
|poke|p2|Greninja, F
|poke|p2|Salamence, F
|poke|p2|Skarmory, F
|poke|p2|Infernape, F
|poke|p2|Mamoswine, F
|rule|Swagger Clause: Swagger is banned
|rule|Baton Pass Clause: Limit one PokÃ©mon knowing Baton Pass
|teampreview
|
|start
|switch|p1a: Asuna|Talonflame, F|297\/297
|switch|p2a: Skarmory|Skarmory, F|332\/332
|turn|1
|
|move|p1a: Asuna|Flare Blitz|p2a: Skarmory
|-supereffective|p2a: Skarmory
|-damage|p2a: Skarmory|20\/332
|-damage|p1a: Asuna|194\/297|[from] recoil|[of] p2a: Skarmory
|move|p2a: Skarmory|Stealth Rock|p1a: Asuna
|-sidestart|p1: Pheonixmaster|move: Stealth Rock
|
|turn|2
|
|switch|p1a: Misa|Rotom-Wash|304\/304
|-damage|p1a: Misa|266\/304|[from] Stealth Rock
|move|p2a: Skarmory|Brave Bird|p1a: Misa
|-crit|p1a: Misa
|-resisted|p1a: Misa
|-damage|p1a: Misa|203\/304
|-damage|p2a: Skarmory|0 fnt|[from] recoil|[of] p1a: Misa
|faint|p2a: Skarmory
|
|-heal|p1a: Misa|222\/304|[from] item: Leftovers
|
|switch|p2a: Infernape|Infernape, F|293\/293
|turn|3
|
|switch|p1a: Erza|Latias, F|301\/301
|-damage|p1a: Erza|264\/301|[from] Stealth Rock
|move|p2a: Infernape|Close Combat|p1a: Erza
|-resisted|p1a: Erza
|-damage|p1a: Erza|138\/301
|-unboost|p2a: Infernape|def|1
|-unboost|p2a: Infernape|spd|1
|-damage|p2a: Infernape|264\/293|[from] item: Life Orb
|
|turn|4
|
|switch|p2a: Thundurus|Thundurus, M|299\/299
|move|p1a: Erza|Defog|p2a: Thundurus
|-unboost|p2a: Thundurus|evasion|1
|-boost|p2a: Thundurus|atk|2|[from] ability: Defiant
|-sideend|p1: Pheonixmaster|Stealth Rock|[from] move: Defog|[of] p1a: Erza
|
|turn|5
|
|switch|p1a: Ferrothorn|Ferrothorn, F, shiny|352\/352
|move|p2a: Thundurus|Knock Off|p1a: Ferrothorn
|-damage|p1a: Ferrothorn|158\/352
|-damage|p2a: Thundurus|262\/299|[from] ability: Iron Barbs|[of] p1a: Ferrothorn
|-enditem|p1a: Ferrothorn|Leftovers|[from] move: Knock Off|[of] p2a: Thundurus
|-damage|p2a: Thundurus|233\/299|[from] item: Life Orb
|
|turn|6
|
|switch|p1a: Erza|Latias, F|138\/301
|move|p2a: Thundurus|Superpower|p1a: Erza
|-resisted|p1a: Erza
|-damage|p1a: Erza|0 fnt
|-unboost|p2a: Thundurus|atk|1
|-unboost|p2a: Thundurus|def|1
|-damage|p2a: Thundurus|204\/299|[from] item: Life Orb
|faint|p1a: Erza
|
|
|switch|p1a: Asuna|Talonflame, F|194\/297
|turn|7
|
|switch|p2a: Salamence|Salamence, F|341\/341
|-ability|p2a: Salamence|Intimidate|[of] p1a: Asuna
|-unboost|p1a: Asuna|atk|1
|move|p1a: Asuna|Brave Bird|p2a: Salamence
|-damage|p2a: Salamence|143\/341
|-damage|p1a: Asuna|129\/297|[from] recoil|[of] p2a: Salamence
|
|turn|8
|
|detailschange|p2a: Salamence|Salamence-Mega, F
|message|Salamence has Mega Evolved into Mega Salamence!
|move|p1a: Asuna|Brave Bird|p2a: Salamence
|-damage|p2a: Salamence|2\/341
|-damage|p1a: Asuna|82\/297|[from] recoil|[of] p2a: Salamence
|move|p2a: Salamence|Return|p1a: Asuna
|-damage|p1a: Asuna|0 fnt
|faint|p1a: Asuna
|
|
|switch|p1a: C.C|Sceptile, F|281\/281
|turn|9
|
|detailschange|p1a: C.C|Sceptile-Mega, F
|message|Sceptile has Mega Evolved into Mega Sceptile!
|move|p1a: C.C|Dragon Pulse|p2a: Salamence
|-supereffective|p2a: Salamence
|-damage|p2a: Salamence|0 fnt
|faint|p2a: Salamence
|
|
|switch|p2a: Mamoswine|Mamoswine, F|361\/361
|turn|10
|
|switch|p1a: Ferrothorn|Ferrothorn, F, shiny|158\/352
|move|p2a: Mamoswine|Freeze-Dry|p1a: Ferrothorn
|-damage|p1a: Ferrothorn|103\/352
|-damage|p2a: Mamoswine|325\/361|[from] item: Life Orb
|
|turn|11
|
|switch|p1a: Juvia|Keldeo|322\/322
|move|p2a: Mamoswine|Earthquake|p1a: Juvia
|-damage|p1a: Juvia|59\/322
|-damage|p2a: Mamoswine|289\/361|[from] item: Life Orb
|
|turn|12
|
|switch|p2a: Infernape|Infernape, F|264\/293
|move|p1a: Juvia|Scald|p2a: Infernape
|-supereffective|p2a: Infernape
|-damage|p2a: Infernape|0 fnt
|faint|p2a: Infernape
|
|
|switch|p2a: Thundurus|Thundurus, M|204\/299
|turn|13
|
|switch|p1a: C.C|Sceptile-Mega, F|281\/281
|move|p2a: Thundurus|Superpower|p1a: C.C
|-damage|p1a: C.C|44\/281
|-unboost|p2a: Thundurus|atk|1
|-unboost|p2a: Thundurus|def|1
|-damage|p2a: Thundurus|175\/299|[from] item: Life Orb
|
|turn|14
|
|move|p1a: C.C|Dragon Pulse|p2a: Thundurus
|-damage|p2a: Thundurus|0 fnt
|faint|p2a: Thundurus
|
|
|switch|p2a: Mamoswine|Mamoswine, F|289\/361
|turn|15
|
|switch|p1a: Ferrothorn|Ferrothorn, F, shiny|103\/352
|move|p2a: Mamoswine|Freeze-Dry|p1a: Ferrothorn
|-damage|p1a: Ferrothorn|51\/352
|-damage|p2a: Mamoswine|253\/361|[from] item: Life Orb
|
|turn|16
|
|move|p2a: Mamoswine|Icicle Spear|p1a: Ferrothorn
|-damage|p1a: Ferrothorn|4\/352
|-damage|p1a: Ferrothorn|0 fnt
|-hitcount|p1a: Ferrothorn|2
|-damage|p2a: Mamoswine|217\/361|[from] item: Life Orb
|faint|p1a: Ferrothorn
|
|
|switch|p1a: Misa|Rotom-Wash|222\/304
|turn|17
|
|switch|p2a: Greninja|Greninja, F|285\/285
|move|p1a: Misa|Hydro Pump|p2a: Greninja
|-resisted|p2a: Greninja
|-damage|p2a: Greninja|189\/285
|
|-heal|p1a: Misa|241\/304|[from] item: Leftovers
|turn|18
|
|switch|p1a: Juvia|Keldeo|59\/322
|move|p2a: Greninja|Gunk Shot|p1a: Juvia|[miss]
|-start|p2a: Greninja|typechange|Poison|[from] Protean
|-miss|p2a: Greninja|p1a: Juvia
|
|turn|19
|
|move|p2a: Greninja|Dark Pulse|p1a: Juvia
|-start|p2a: Greninja|typechange|Dark|[from] Protean
|-resisted|p1a: Juvia
|-damage|p1a: Juvia|0 fnt
|-damage|p2a: Greninja|161\/285|[from] item: Life Orb
|faint|p1a: Juvia
|
|
|switch|p1a: C.C|Sceptile-Mega, F|44\/281
|turn|20
|
|move|p1a: C.C|Giga Drain|p2a: Greninja
|-damage|p2a: Greninja|0 fnt
|-heal|p1a: C.C|125\/281|[from] drain|[of] p2a: Greninja
|faint|p2a: Greninja
|
|
|switch|p2a: Mamoswine|Mamoswine, F|217\/361
|turn|21
|
|move|p2a: Mamoswine|Ice Shard|p1a: C.C
|-supereffective|p1a: C.C
|-damage|p1a: C.C|0 fnt
|-damage|p2a: Mamoswine|181\/361|[from] item: Life Orb
|faint|p1a: C.C
|
|
|switch|p1a: Misa|Rotom-Wash|241\/304
|turn|22
|
|move|p2a: Mamoswine|Freeze-Dry|p1a: Misa
|-supereffective|p1a: Misa
|-damage|p1a: Misa|93\/304
|-damage|p2a: Mamoswine|145\/361|[from] item: Life Orb
|move|p1a: Misa|Hydro Pump|p2a: Mamoswine
|-supereffective|p2a: Mamoswine
|-damage|p2a: Mamoswine|0 fnt
|faint|p2a: Mamoswine
|
|win|Pheonixmaster
|raw|Ladder updating...
|raw|Pheonixmaster's rating: 1372 &rarr; <strong>1389<\/strong><br \/>(+17 for winning)
|raw|DeeTrain's rating: 1315 &rarr; <strong>1298<\/strong><br \/>(-17 for losing)
|c|âDeeTrain|gg
|c|âPheonixmaster|gg
|leave|DeeTrain
|player|p2