|join|Skinny Pop
|join|DeeTrain
|player|p1|Skinny Pop|184
|player|p2|DeeTrain|2
|gametype|singles
|gen|6
|tier|ORAS OU
|rated
|rule|Sleep Clause Mod: Limit one foe put to sleep
|rule|Species Clause: Limit one of each PokÃ©mon
|rule|OHKO Clause: OHKO moves are banned
|rule|Moody Clause: Moody is banned
|rule|Evasion Moves Clause: Evasion moves are banned
|rule|Endless Battle Clause: Forcing endless battles is banned
|rule|HP Percentage Mod: HP is shown in percentages
|clearpoke
|poke|p1|Skarmory, M
|poke|p1|Chansey, F
|poke|p1|Sableye, M
|poke|p1|Quagsire, M
|poke|p1|Cresselia, F
|poke|p1|Gothitelle, M
|poke|p2|Thundurus, M
|poke|p2|Greninja, F, shiny
|poke|p2|Salamence, F
|poke|p2|Skarmory, F, shiny
|poke|p2|Infernape, F
|poke|p2|Mamoswine, F
|rule|Swagger Clause: Swagger is banned
|rule|Baton Pass Clause: Limit one PokÃ©mon knowing Baton Pass
|teampreview
|c|âDeeTrain|crap
|
|start
|switch|p1a: Sableye|Sableye, M|304\/304
|switch|p2a: Skarmory|Skarmory, F, shiny|331\/331
|turn|1
|c|âDeeTrain|your team looks annoying as hell
|
|switch|p2a: Infernape|Infernape, F|293\/293
|detailschange|p1a: Sableye|Sableye-Mega, M
|message|Sableye has Mega Evolved into Mega Sableye!
|move|p1a: Sableye|Knock Off|p2a: Infernape
|-resisted|p2a: Infernape
|-damage|p2a: Infernape|233\/293
|-enditem|p2a: Infernape|Life Orb|[from] move: Knock Off|[of] p1a: Sableye
|
|turn|2
|c|âSkinny Pop|lol
|
|switch|p2a: Greninja|Greninja, F, shiny|285\/285
|switch|p1a: Cresselia|Cresselia, F|444\/444
|
|turn|3
|
|switch|p1a: Sableye|Sableye-Mega, M|304\/304
|move|p2a: Greninja|Dark Pulse|p1a: Sableye
|-start|p2a: Greninja|typechange|Dark|[from] Protean
|-damage|p1a: Sableye|166\/304
|-damage|p2a: Greninja|257\/285|[from] item: Life Orb
|
|turn|4
|
|switch|p1a: Chansey|Chansey, F|641\/641
|move|p2a: Greninja|Gunk Shot|p1a: Chansey
|-start|p2a: Greninja|typechange|Poison|[from] Protean
|-damage|p1a: Chansey|388\/641
|-damage|p2a: Greninja|229\/285|[from] item: Life Orb
|
|turn|5
|
|switch|p2a: Salamence|Salamence, F|335\/335
|-ability|p2a: Salamence|Intimidate|[of] p1a: Chansey
|-unboost|p1a: Chansey|atk|1
|move|p1a: Chansey|Soft-Boiled|p1a: Chansey
|-heal|p1a: Chansey|641\/641
|
|turn|6
|
|switch|p1a: Cresselia|Cresselia, F|444\/444
|detailschange|p2a: Salamence|Salamence-Mega, F
|message|Salamence has Mega Evolved into Mega Salamence!
|move|p2a: Salamence|Frustration|p1a: Cresselia
|-damage|p1a: Cresselia|285\/444
|
|-heal|p1a: Cresselia|312\/444|[from] item: Leftovers
|turn|7
|
|switch|p2a: Greninja|Greninja, F, shiny|229\/285
|move|p1a: Cresselia|Ice Beam|p2a: Greninja
|-resisted|p2a: Greninja
|-damage|p2a: Greninja|193\/285
|
|-heal|p1a: Cresselia|339\/444|[from] item: Leftovers
|turn|8
|
|switch|p2a: Thundurus|Thundurus, M|299\/299
|switch|p1a: Sableye|Sableye-Mega, M|166\/304
|
|turn|9
|
|switch|p1a: Chansey|Chansey, F|641\/641
|move|p2a: Thundurus|Knock Off|p1a: Chansey
|-damage|p1a: Chansey|466\/641
|-enditem|p1a: Chansey|Eviolite|[from] move: Knock Off|[of] p2a: Thundurus
|-damage|p2a: Thundurus|270\/299|[from] item: Life Orb
|
|turn|10
|join|lyh031995
|
|move|p2a: Thundurus|Superpower|p1a: Chansey
|-crit|p1a: Chansey
|-supereffective|p1a: Chansey
|-damage|p1a: Chansey|0 fnt
|-unboost|p2a: Thundurus|atk|1
|-unboost|p2a: Thundurus|def|1
|-damage|p2a: Thundurus|241\/299|[from] item: Life Orb
|faint|p1a: Chansey
|
|
|switch|p1a: Sableye|Sableye-Mega, M|166\/304
|turn|11
|
|move|p2a: Thundurus|Thunderbolt|p1a: Sableye
|-damage|p1a: Sableye|13\/304
|-damage|p2a: Thundurus|212\/299|[from] item: Life Orb
|move|p1a: Sableye|Recover|p1a: Sableye
|-heal|p1a: Sableye|165\/304
|
|turn|12
|
|switch|p2a: Greninja|Greninja, F, shiny|193\/285
|move|p1a: Sableye|Recover|p1a: Sableye
|-heal|p1a: Sableye|304\/304
|
|turn|13
|
|move|p2a: Greninja|Gunk Shot|p1a: Sableye|[miss]
|-start|p2a: Greninja|typechange|Poison|[from] Protean
|-miss|p2a: Greninja|p1a: Sableye
|move|p1a: Sableye|Knock Off|p2a: Greninja
|-damage|p2a: Greninja|48\/285
|-enditem|p2a: Greninja|Life Orb|[from] move: Knock Off|[of] p1a: Sableye
|
|turn|14
|
|move|p2a: Greninja|Gunk Shot|p1a: Sableye
|-crit|p1a: Sableye
|-resisted|p1a: Sableye
|-damage|p1a: Sableye|243\/304
|move|p1a: Sableye|Will-O-Wisp|p2a: Greninja|[miss]
|-miss|p1a: Sableye|p2a: Greninja
|
|turn|15
|
|move|p2a: Greninja|Gunk Shot|p1a: Sableye
|-resisted|p1a: Sableye
|-damage|p1a: Sableye|204\/304
|move|p1a: Sableye|Recover|p1a: Sableye
|-heal|p1a: Sableye|304\/304
|
|turn|16
|
|move|p2a: Greninja|Gunk Shot|p1a: Sableye
|-resisted|p1a: Sableye
|-damage|p1a: Sableye|265\/304
|-status|p1a: Sableye|psn
|move|p1a: Sableye|Will-O-Wisp|p2a: Greninja
|-status|p2a: Greninja|brn
|
|-damage|p2a: Greninja|13\/285 brn|[from] brn
|-damage|p1a: Sableye|227\/304 psn|[from] psn
|turn|17
|
|move|p2a: Greninja|Dark Pulse|p1a: Sableye
|-start|p2a: Greninja|typechange|Dark|[from] Protean
|-damage|p1a: Sableye|115\/304 psn
|cant|p1a: Sableye|flinch
|
|-damage|p2a: Greninja|0 fnt|[from] brn
|-damage|p1a: Sableye|77\/304 psn|[from] psn
|faint|p2a: Greninja
|
|switch|p2a: Salamence|Salamence-Mega, F|335\/335
|turn|18
|
|switch|p1a: Skarmory|Skarmory, M|334\/334
|move|p2a: Salamence|Frustration|p1a: Skarmory
|-resisted|p1a: Skarmory
|-damage|p1a: Skarmory|263\/334
|
|turn|19
|
|switch|p1a: Cresselia|Cresselia, F|339\/444
|move|p2a: Salamence|Fire Blast|p1a: Cresselia
|-damage|p1a: Cresselia|261\/444
|
|-heal|p1a: Cresselia|288\/444|[from] item: Leftovers
|turn|20
|
|move|p2a: Salamence|Frustration|p1a: Cresselia
|-damage|p1a: Cresselia|114\/444
|move|p1a: Cresselia|Moonlight|p1a: Cresselia
|-heal|p1a: Cresselia|336\/444
|
|-heal|p1a: Cresselia|363\/444|[from] item: Leftovers
|turn|21
|
|move|p2a: Salamence|Frustration|p1a: Cresselia
|-damage|p1a: Cresselia|176\/444
|move|p1a: Cresselia|Toxic|p2a: Salamence
|-status|p2a: Salamence|tox
|
|-heal|p1a: Cresselia|203\/444|[from] item: Leftovers
|-damage|p2a: Salamence|315\/335 tox|[from] psn
|turn|22
|
|move|p2a: Salamence|Dragon Dance|p2a: Salamence
|-boost|p2a: Salamence|atk|1
|-boost|p2a: Salamence|spe|1
|move|p1a: Cresselia|Moonlight|p1a: Cresselia
|-heal|p1a: Cresselia|425\/444
|
|-heal|p1a: Cresselia|444\/444|[from] item: Leftovers
|-damage|p2a: Salamence|275\/335 tox|[from] psn
|turn|23
|
|switch|p1a: Gothitelle|Gothitelle, M|281\/281
|move|p2a: Salamence|Frustration|p1a: Gothitelle
|-damage|p1a: Gothitelle|0 fnt
|faint|p1a: Gothitelle
|
|-damage|p2a: Salamence|215\/335 tox|[from] psn
|
|switch|p1a: Quagsire|Quagsire, M|394\/394
|turn|24
|
|move|p2a: Salamence|Frustration|p1a: Quagsire
|-damage|p1a: Quagsire|183\/394
|move|p1a: Quagsire|Recover|p1a: Quagsire
|-heal|p1a: Quagsire|380\/394
|
|-heal|p1a: Quagsire|394\/394|[from] item: Leftovers
|-damage|p2a: Salamence|135\/335 tox|[from] psn
|turn|25
|
|switch|p2a: Mamoswine|Mamoswine, F|361\/361
|move|p1a: Quagsire|Recover|p1a: Quagsire
|-fail|p1a: Quagsire
|
|turn|26
|
|switch|p1a: Cresselia|Cresselia, F|444\/444
|move|p2a: Mamoswine|Freeze-Dry|p1a: Cresselia
|-damage|p1a: Cresselia|389\/444
|-damage|p2a: Mamoswine|325\/361|[from] item: Life Orb
|
|-heal|p1a: Cresselia|416\/444|[from] item: Leftovers
|turn|27
|
|switch|p2a: Skarmory|Skarmory, F, shiny|331\/331
|move|p1a: Cresselia|Toxic|p2a: Skarmory
|-fail|p2a: Skarmory
|
|-heal|p1a: Cresselia|443\/444|[from] item: Leftovers
|turn|28
|
|switch|p1a: Sableye|Sableye-Mega, M|77\/304 psn
|move|p2a: Skarmory|Brave Bird|p1a: Sableye
|-damage|p1a: Sableye|8\/304 psn
|-damage|p2a: Skarmory|308\/331|[from] recoil|[of] p1a: Sableye
|
|-damage|p1a: Sableye|0 fnt|[from] psn
|faint|p1a: Sableye
|
|switch|p1a: Quagsire|Quagsire, M|394\/394
|turn|29
|
|move|p2a: Skarmory|Stealth Rock|p1a: Quagsire
|-sidestart|p1: Skinny Pop|move: Stealth Rock
|move|p1a: Quagsire|Scald|p2a: Skarmory
|-damage|p2a: Skarmory|221\/331
|-status|p2a: Skarmory|brn
|
|-damage|p2a: Skarmory|180\/331 brn|[from] brn
|turn|30
|
|switch|p2a: Infernape|Infernape, F|233\/293
|move|p1a: Quagsire|Scald|p2a: Infernape
|-crit|p2a: Infernape
|-supereffective|p2a: Infernape
|-damage|p2a: Infernape|0 fnt
|faint|p2a: Infernape
|
|
|switch|p2a: Mamoswine|Mamoswine, F|325\/361
|turn|31
|
|switch|p1a: Cresselia|Cresselia, F|443\/444
|-damage|p1a: Cresselia|388\/444|[from] Stealth Rock
|move|p2a: Mamoswine|Icicle Spear|p1a: Cresselia
|-damage|p1a: Cresselia|349\/444
|-damage|p1a: Cresselia|305\/444
|-hitcount|p1a: Cresselia|2
|-damage|p2a: Mamoswine|289\/361|[from] item: Life Orb
|
|-heal|p1a: Cresselia|332\/444|[from] item: Leftovers
|turn|32
|
|switch|p2a: Thundurus|Thundurus, M|212\/299
|move|p1a: Cresselia|Moonlight|p1a: Cresselia
|-heal|p1a: Cresselia|444\/444
|
|turn|33
|
|move|p2a: Thundurus|Knock Off|p1a: Cresselia
|-supereffective|p1a: Cresselia
|-damage|p1a: Cresselia|272\/444
|-enditem|p1a: Cresselia|Leftovers|[from] move: Knock Off|[of] p2a: Thundurus
|-damage|p2a: Thundurus|183\/299|[from] item: Life Orb
|move|p1a: Cresselia|Ice Beam|p2a: Thundurus
|-supereffective|p2a: Thundurus
|-damage|p2a: Thundurus|57\/299
|
|turn|34
|
|move|p2a: Thundurus|Thunderbolt|p1a: Cresselia
|-damage|p1a: Cresselia|154\/444
|-damage|p2a: Thundurus|28\/299|[from] item: Life Orb
|move|p1a: Cresselia|Moonlight|p1a: Cresselia
|-heal|p1a: Cresselia|376\/444
|
|turn|35
|
|move|p2a: Thundurus|Thunderbolt|p1a: Cresselia
|-damage|p1a: Cresselia|246\/444
|-damage|p2a: Thundurus|0 fnt|[from] item: Life Orb
|faint|p2a: Thundurus
|move|p1a: Cresselia|Moonlight|p1a: Cresselia
|-heal|p1a: Cresselia|444\/444
|
|
|switch|p2a: Salamence|Salamence-Mega, F|135\/335 tox
|turn|36
|
|move|p2a: Salamence|Frustration|p1a: Cresselia
|-damage|p1a: Cresselia|260\/444
|move|p1a: Cresselia|Ice Beam|p2a: Salamence
|-supereffective|p2a: Salamence
|-damage|p2a: Salamence|0 fnt
|faint|p2a: Salamence
|
|
|switch|p2a: Mamoswine|Mamoswine, F|289\/361
|turn|37
|
|move|p2a: Mamoswine|Freeze-Dry|p1a: Cresselia
|-damage|p1a: Cresselia|200\/444
|-damage|p2a: Mamoswine|253\/361|[from] item: Life Orb
|move|p1a: Cresselia|Moonlight|p1a: Cresselia
|-heal|p1a: Cresselia|422\/444
|
|turn|38
|
|move|p2a: Mamoswine|Freeze-Dry|p1a: Cresselia
|-damage|p1a: Cresselia|364\/444
|-damage|p2a: Mamoswine|217\/361|[from] item: Life Orb
|move|p1a: Cresselia|Toxic|p2a: Mamoswine
|-status|p2a: Mamoswine|tox
|
|-damage|p2a: Mamoswine|195\/361 tox|[from] psn
|turn|39
|c|âSkinny Pop|gg
|c|âDeeTrain|gg
|c|âDeeTrain|ill save some time
|c|âDeeTrain|wp
|-message|DeeTrain forfeited.
|
|win|Skinny Pop
|raw|Ladder updating...
|leave|DeeTrain
|player|p2
|raw|Skinny Pop's rating: 1556 &rarr; <strong>1573<\/strong><br \/>(+17 for winning)
|raw|DeeTrain's rating: 1506 &rarr; <strong>1488<\/strong><br \/>(-18 for losing)