|join|DeeTrain
|join|Phalanxia
|player|p1|DeeTrain|2
|player|p2|Phalanxia|290
|gametype|singles
|gen|6
|tier|OU
|rated
|clearpoke
|poke|p1|Garchomp, F
|poke|p1|Excadrill, M
|poke|p1|Tyranitar, M
|poke|p1|Ferrothorn, F
|poke|p1|Azumarill, F
|poke|p1|Landorus, M
|poke|p2|Latias, F
|poke|p2|Manectric, F
|poke|p2|Landorus-Therian, M
|poke|p2|Scolipede, M
|poke|p2|Espeon, M
|poke|p2|Conkeldurr, F
|rule|Swagger Clause: Swagger is banned
|rule|Baton Pass Clause: Limit one PokÃ©mon knowing Baton Pass
|rule|Sleep Clause Mod: Limit one foe put to sleep
|rule|Species Clause: Limit one of each PokÃ©mon
|rule|OHKO Clause: OHKO moves are banned
|rule|Moody Clause: Moody is banned
|rule|Evasion Moves Clause: Evasion moves are banned
|rule|Endless Battle Clause: Forcing endless battles is banned
|rule|HP Percentage Mod: HP is shown in percentages
|teampreview
|
|start
|switch|p1a: Azumarill|Azumarill, F|347\/347
|switch|p2a: Landorus-Therian|Landorus-Therian, M|320\/320
|-ability|p2a: Landorus-Therian|Intimidate|[of] p1a: Azumarill
|-unboost|p1a: Azumarill|atk|1
|turn|1
|
|move|p2a: Landorus-Therian|Earthquake|p1a: Azumarill
|-damage|p1a: Azumarill|128\/347
|move|p1a: Azumarill|Knock Off|p2a: Landorus-Therian
|-damage|p2a: Landorus-Therian|219\/320
|-enditem|p2a: Landorus-Therian|Leftovers|[from] move: Knock Off|[of] p1a: Azumarill
|
|turn|2
|
|switch|p1a: Ferrothorn|Ferrothorn, F|351\/351
|move|p2a: Landorus-Therian|Earthquake|p1a: Ferrothorn
|-damage|p1a: Ferrothorn|191\/351
|
|turn|3
|
|move|p2a: Landorus-Therian|U-turn|p1a: Ferrothorn
|-damage|p1a: Ferrothorn|120\/351
|-damage|p2a: Landorus-Therian|179\/320|[from] ability: Iron Barbs|[of] p1a: Ferrothorn
|
|switch|p2a: Espeon|Espeon, M|334\/334
|move|p1a: Ferrothorn|Spikes|p2a: Espeon
|move|p2a: Espeon|Spikes|p1a: Ferrothorn|[from]Magic Bounce
|-sidestart|p1: DeeTrain|Spikes
|
|turn|4
|
|switch|p2a: Conkeldurr|Conkeldurr, F|394\/394
|switch|p1a: Tyranitar|Tyranitar, M|403\/403
|-damage|p1a: Tyranitar|353\/403|[from] Spikes
|-weather|Sandstorm
|
|-weather|Sandstorm|[upkeep]
|-damage|p2a: Conkeldurr|370\/394|[from] sandstorm
|turn|5
|
|switch|p1a: Ferrothorn|Ferrothorn, F|120\/351
|-damage|p1a: Ferrothorn|77\/351|[from] Spikes
|move|p2a: Conkeldurr|Drain Punch|p1a: Ferrothorn
|-supereffective|p1a: Ferrothorn
|-damage|p1a: Ferrothorn|0 fnt
|-heal|p2a: Conkeldurr|394\/394|[from] drain|[of] p1a: Ferrothorn
|-damage|p2a: Conkeldurr|345\/394|[from] ability: Iron Barbs|[of] p1a: Ferrothorn
|faint|p1a: Ferrothorn
|
|-weather|Sandstorm|[upkeep]
|-damage|p2a: Conkeldurr|321\/394|[from] sandstorm
|
|switch|p1a: Azumarill|Azumarill, F|128\/347
|-damage|p1a: Azumarill|85\/347|[from] Spikes
|turn|6
|
|switch|p2a: Scolipede|Scolipede, M|324\/324
|move|p1a: Azumarill|Play Rough|p2a: Scolipede
|-resisted|p2a: Scolipede
|-damage|p2a: Scolipede|252\/324
|
|-weather|Sandstorm|[upkeep]
|-damage|p2a: Scolipede|232\/324|[from] sandstorm
|-damage|p1a: Azumarill|64\/347|[from] sandstorm
|-heal|p2a: Scolipede|252\/324|[from] item: Black Sludge
|turn|7
|
|move|p2a: Scolipede|Iron Defense|p2a: Scolipede
|-boost|p2a: Scolipede|def|2
|move|p1a: Azumarill|Knock Off|p2a: Scolipede
|-damage|p2a: Scolipede|192\/324
|-enditem|p2a: Scolipede|Black Sludge|[from] move: Knock Off|[of] p1a: Azumarill
|
|-weather|Sandstorm|[upkeep]
|-damage|p2a: Scolipede|172\/324|[from] sandstorm
|-damage|p1a: Azumarill|43\/347|[from] sandstorm
|-boost|p2a: Scolipede|spe|1|[from] ability: Speed Boost
|turn|8
|
|move|p2a: Scolipede|Iron Defense|p2a: Scolipede
|-boost|p2a: Scolipede|def|2
|move|p1a: Azumarill|Play Rough|p2a: Scolipede
|-resisted|p2a: Scolipede
|-damage|p2a: Scolipede|147\/324
|
|-weather|Sandstorm|[upkeep]
|-damage|p2a: Scolipede|127\/324|[from] sandstorm
|-damage|p1a: Azumarill|22\/347|[from] sandstorm
|-boost|p2a: Scolipede|spe|1|[from] ability: Speed Boost
|turn|9
|
|move|p2a: Scolipede|Substitute|p2a: Scolipede
|-start|p2a: Scolipede|Substitute
|-damage|p2a: Scolipede|46\/324
|move|p1a: Azumarill|Play Rough|p2a: Scolipede
|-resisted|p2a: Scolipede
|-activate|p2a: Scolipede|Substitute|[damage]
|
|-weather|Sandstorm|[upkeep]
|-damage|p2a: Scolipede|26\/324|[from] sandstorm
|-damage|p1a: Azumarill|1\/347|[from] sandstorm
|-boost|p2a: Scolipede|spe|1|[from] ability: Speed Boost
|turn|10
|
|move|p2a: Scolipede|Iron Defense|p2a: Scolipede
|-boost|p2a: Scolipede|def|2
|move|p1a: Azumarill|Waterfall|p2a: Scolipede
|-activate|p2a: Scolipede|Substitute|[damage]
|
|-weather|Sandstorm|[upkeep]
|-damage|p2a: Scolipede|6\/324|[from] sandstorm
|-damage|p1a: Azumarill|0 fnt|[from] sandstorm
|-boost|p2a: Scolipede|spe|1|[from] ability: Speed Boost
|faint|p1a: Azumarill
|
|switch|p1a: Excadrill|Excadrill, M|361\/361
|-item|p1a: Excadrill|Air Balloon
|turn|11
|
|move|p2a: Scolipede|Baton Pass|p2a: Scolipede
|
|switch|p2a: Espeon|Espeon, M|334\/334
|move|p1a: Excadrill|Rapid Spin|p2a: Espeon
|-activate|p2a: Espeon|Substitute|[damage]
|-sideend|p1: DeeTrain|Spikes|[from] move: Rapid Spin|[of] p1a: Excadrill
|
|-weather|none
|turn|12
|
|move|p2a: Espeon|Calm Mind|p2a: Espeon
|-boost|p2a: Espeon|spa|1
|-boost|p2a: Espeon|spd|1
|move|p1a: Excadrill|Earthquake|p2a: Espeon
|-end|p2a: Espeon|Substitute
|
|turn|13
|
|move|p2a: Espeon|Stored Power|p1a: Excadrill
|-resisted|p1a: Excadrill
|-damage|p1a: Excadrill|0 fnt
|-enditem|p1a: Excadrill|Air Balloon
|faint|p1a: Excadrill
|
|
|switch|p1a: Tyranitar|Tyranitar, M|353\/403
|-weather|Sandstorm
|turn|14
|
|move|p2a: Espeon|Calm Mind|p2a: Espeon
|-boost|p2a: Espeon|spa|1
|-boost|p2a: Espeon|spd|1
|move|p1a: Tyranitar|Crunch|p2a: Espeon
|-supereffective|p2a: Espeon
|-damage|p2a: Espeon|274\/334
|
|-weather|Sandstorm|[upkeep]
|-damage|p2a: Espeon|254\/334|[from] sandstorm
|-heal|p2a: Espeon|274\/334|[from] item: Leftovers
|turn|15
|
|move|p2a: Espeon|Hidden Power|p1a: Tyranitar
|-supereffective|p1a: Tyranitar
|-damage|p1a: Tyranitar|21\/403
|move|p1a: Tyranitar|Stone Edge|p2a: Espeon
|-crit|p2a: Espeon
|-damage|p2a: Espeon|69\/334
|
|-weather|Sandstorm|[upkeep]
|-damage|p2a: Espeon|49\/334|[from] sandstorm
|-heal|p2a: Espeon|69\/334|[from] item: Leftovers
|turn|16
|
|move|p2a: Espeon|Hidden Power|p1a: Tyranitar
|-supereffective|p1a: Tyranitar
|-damage|p1a: Tyranitar|0 fnt
|faint|p1a: Tyranitar
|
|-weather|Sandstorm|[upkeep]
|-damage|p2a: Espeon|49\/334|[from] sandstorm
|-heal|p2a: Espeon|69\/334|[from] item: Leftovers
|
|switch|p1a: Landorus|Landorus, M|319\/319
|turn|17
|
|move|p2a: Espeon|Stored Power|p1a: Landorus
|-damage|p1a: Landorus|0 fnt
|faint|p1a: Landorus
|
|-weather|Sandstorm|[upkeep]
|-damage|p2a: Espeon|49\/334|[from] sandstorm
|-heal|p2a: Espeon|69\/334|[from] item: Leftovers
|c|âPhalanxia|gg
|-message|DeeTrain forfeited.
|
|win|Phalanxia
|raw|Ladder updating...
|leave|DeeTrain
|player|p1
|raw|DeeTrain's rating: 1473 &rarr; <strong>1454<\/strong><br \/>(-19 for losing)
|raw|Phalanxia's rating: 1492 &rarr; <strong>1511<\/strong><br \/>(+19 for winning)