|join|3 pokes
|join|DeeTrain
|player|p1|3 pokes|162
|player|p2|DeeTrain|2
|gametype|singles
|gen|6
|tier|OU
|rated
|clearpoke
|poke|p1|Talonflame, F
|poke|p1|Volcarona, F
|poke|p1|Skarmory, F
|poke|p1|Greninja, F
|poke|p1|Gyarados, F
|poke|p1|Sylveon, M
|poke|p2|Camerupt, M
|poke|p2|Ferrothorn, M
|poke|p2|Sableye, F
|poke|p2|Gothitelle, F
|poke|p2|Dragalge, M
|poke|p2|Cresselia, F
|rule|Swagger Clause: Swagger is banned
|rule|Baton Pass Clause: Limit one PokÃ©mon knowing Baton Pass
|rule|Sleep Clause Mod: Limit one foe put to sleep
|rule|Species Clause: Limit one of each PokÃ©mon
|rule|OHKO Clause: OHKO moves are banned
|rule|Moody Clause: Moody is banned
|rule|Evasion Moves Clause: Evasion moves are banned
|rule|Endless Battle Clause: Forcing endless battles is banned
|rule|HP Percentage Mod: HP is shown in percentages
|teampreview
|
|start
|switch|p1a: Sylveon|Sylveon, M|394\/394
|switch|p2a: Gothitelle|Gothitelle, F|342\/342
|turn|1
|
|move|p1a: Sylveon|Hyper Voice|p2a: Gothitelle
|-damage|p2a: Gothitelle|53\/342
|move|p2a: Gothitelle|Trick|p1a: Sylveon
|-activate|p2a: Gothitelle|move: Trick|[of] p1a: Sylveon
|-item|p1a: Sylveon|Choice Specs|[from] move: Trick
|-item|p2a: Gothitelle|Choice Specs|[from] move: Trick
|
|turn|2
|
|switch|p2a: Ferrothorn|Ferrothorn, M|351\/351
|move|p1a: Sylveon|Hyper Voice|p2a: Ferrothorn
|-resisted|p2a: Ferrothorn
|-damage|p2a: Ferrothorn|253\/351
|
|turn|3
|
|switch|p1a: Talonflame|Talonflame, F|298\/298
|move|p2a: Ferrothorn|Leech Seed|p1a: Talonflame
|-start|p1a: Talonflame|move: Leech Seed
|
|-damage|p1a: Talonflame|261\/298|[from] Leech Seed|[of] p2a: Ferrothorn
|-heal|p2a: Ferrothorn|290\/351|[silent]
|turn|4
|
|move|p2a: Ferrothorn|Protect|p2a: Ferrothorn
|-singleturn|p2a: Ferrothorn|Protect
|move|p1a: Talonflame|Flare Blitz|p2a: Ferrothorn
|-activate|p2a: Ferrothorn|Protect
|
|-damage|p1a: Talonflame|224\/298|[from] Leech Seed|[of] p2a: Ferrothorn
|-heal|p2a: Ferrothorn|327\/351|[silent]
|turn|5
|
|switch|p1a: Gyarados|Gyarados, F|332\/332
|-ability|p1a: Gyarados|Intimidate|[of] p2a: Ferrothorn
|-unboost|p2a: Ferrothorn|atk|1
|switch|p2a: Dragalge|Dragalge, M|333\/333
|
|turn|6
|
|detailschange|p1a: Gyarados|Gyarados-Mega, F
|message|Gyarados has Mega Evolved into Mega Gyarados!
|-ability|p1a: Gyarados|Mold Breaker
|move|p1a: Gyarados|Dragon Dance|p1a: Gyarados
|-boost|p1a: Gyarados|atk|1
|-boost|p1a: Gyarados|spe|1
|move|p2a: Dragalge|Sludge Wave|p1a: Gyarados
|-damage|p1a: Gyarados|120\/332
|
|turn|7
|
|switch|p2a: Ferrothorn|Ferrothorn, M|327\/351
|move|p1a: Gyarados|Earthquake|p2a: Ferrothorn
|-damage|p2a: Ferrothorn|152\/351
|
|turn|8
|
|switch|p2a: Cresselia|Cresselia, F|444\/444
|move|p1a: Gyarados|Earthquake|p2a: Cresselia
|-damage|p2a: Cresselia|260\/444
|
|-heal|p2a: Cresselia|287\/444|[from] item: Leftovers
|turn|9
|
|move|p1a: Gyarados|Crunch|p2a: Cresselia
|-supereffective|p2a: Cresselia
|-damage|p2a: Cresselia|0 fnt
|faint|p2a: Cresselia
|
|
|switch|p2a: Sableye|Sableye, F|302\/302
|turn|10
|
|move|p2a: Sableye|Will-O-Wisp|p1a: Gyarados|[miss]
|-miss|p2a: Sableye|p1a: Gyarados
|move|p1a: Gyarados|Waterfall|p2a: Sableye
|-damage|p2a: Sableye|0 fnt
|faint|p2a: Sableye
|
|-message|DeeTrain forfeited.
|
|win|3 pokes
|raw|Ladder updating...
|raw|3 pokes's rating: 1356 &rarr; <strong>1376<\/strong><br \/>(+20 for winning)
|raw|DeeTrain's rating: 1366 &rarr; <strong>1345<\/strong><br \/>(-21 for losing)