|join|Rflp
|join|DeeTrain
|player|p1|Rflp|290
|player|p2|DeeTrain|2
|gametype|singles
|gen|6
|tier|OU
|rated
|clearpoke
|poke|p1|Heatran, F
|poke|p1|Gliscor, F
|poke|p1|Rotom-Wash
|poke|p1|Mew
|poke|p1|Scizor, M
|poke|p1|Kyurem-Black
|poke|p2|Mamoswine, F
|poke|p2|Magnezone
|poke|p2|Skarmory, F
|poke|p2|Gyarados, M
|poke|p2|Clefable, F
|poke|p2|Dragonite, F
|rule|Swagger Clause: Swagger is banned
|rule|Baton Pass Clause: Limit one PokÃ©mon knowing Baton Pass
|rule|Sleep Clause Mod: Limit one foe put to sleep
|rule|Species Clause: Limit one of each PokÃ©mon
|rule|OHKO Clause: OHKO moves are banned
|rule|Moody Clause: Moody is banned
|rule|Evasion Moves Clause: Evasion moves are banned
|rule|Endless Battle Clause: Forcing endless battles is banned
|rule|HP Percentage Mod: HP is shown in percentages
|teampreview
|
|start
|switch|p1a: Rotom-Wash|Rotom-Wash|304\/304
|switch|p2a: Dragonite|Dragonite, F|329\/329
|turn|1
|
|switch|p2a: Clefable|Clefable, F|393\/393
|move|p1a: Rotom-Wash|Volt Switch|p2a: Clefable
|-damage|p2a: Clefable|309\/393
|
|switch|p1a: Heatran|Heatran, F|384\/384
|
|-heal|p2a: Clefable|333\/393|[from] item: Leftovers
|turn|2
|
|switch|p2a: Gyarados|Gyarados, M|339\/339
|-ability|p2a: Gyarados|Intimidate|[of] p1a: Heatran
|-unboost|p1a: Heatran|atk|1
|move|p1a: Heatran|Taunt|p2a: Gyarados
|-start|p2a: Gyarados|move: Taunt
|
|turn|3
|
|switch|p1a: Rotom-Wash|Rotom-Wash|304\/304
|detailschange|p2a: Gyarados|Gyarados-Mega, M
|message|Gyarados has Mega Evolved into Mega Gyarados!
|-ability|p2a: Gyarados|Mold Breaker
|move|p2a: Gyarados|Earthquake|p1a: Rotom-Wash
|-supereffective|p1a: Rotom-Wash
|-damage|p1a: Rotom-Wash|4\/304
|
|-heal|p1a: Rotom-Wash|23\/304|[from] item: Leftovers
|turn|4
|
|switch|p1a: Mew|Mew|404\/404
|move|p2a: Gyarados|Waterfall|p1a: Mew
|-damage|p1a: Mew|263\/404
|
|-heal|p1a: Mew|288\/404|[from] item: Leftovers
|turn|5
|
|switch|p2a: Clefable|Clefable, F|333\/393
|move|p1a: Mew|Knock Off|p2a: Clefable
|-resisted|p2a: Clefable
|-damage|p2a: Clefable|304\/393
|-enditem|p2a: Clefable|Leftovers|[from] move: Knock Off|[of] p1a: Mew
|
|-heal|p1a: Mew|313\/404|[from] item: Leftovers
|turn|6
|
|switch|p1a: Rotom-Wash|Rotom-Wash|23\/304
|move|p2a: Clefable|Stealth Rock|p1a: Rotom-Wash
|-sidestart|p1: Rflp|move: Stealth Rock
|
|-heal|p1a: Rotom-Wash|42\/304|[from] item: Leftovers
|turn|7
|
|move|p1a: Rotom-Wash|Pain Split|p2a: Clefable
|-sethp|p2a: Clefable|173\/393|p1a: Rotom-Wash|173\/304|[from] move: Pain Split
|move|p2a: Clefable|Calm Mind|p2a: Clefable
|-boost|p2a: Clefable|spa|1
|-boost|p2a: Clefable|spd|1
|
|-heal|p1a: Rotom-Wash|192\/304|[from] item: Leftovers
|turn|8
|
|move|p1a: Rotom-Wash|Volt Switch|p2a: Clefable
|-damage|p2a: Clefable|112\/393
|
|switch|p1a: Heatran|Heatran, F|384\/384
|-damage|p1a: Heatran|336\/384|[from] Stealth Rock
|move|p2a: Clefable|Soft-Boiled|p2a: Clefable
|-heal|p2a: Clefable|309\/393
|
|-heal|p1a: Heatran|360\/384|[from] item: Leftovers
|turn|9
|
|switch|p2a: Gyarados|Gyarados-Mega, M|339\/339
|-ability|p2a: Gyarados|Mold Breaker
|move|p1a: Heatran|Toxic|p2a: Gyarados
|-status|p2a: Gyarados|tox
|
|-heal|p1a: Heatran|384\/384|[from] item: Leftovers
|-damage|p2a: Gyarados|318\/339 tox|[from] psn
|turn|10
|
|switch|p1a: Mew|Mew|313\/404
|-damage|p1a: Mew|263\/404|[from] Stealth Rock
|move|p2a: Gyarados|Dragon Dance|p2a: Gyarados
|-boost|p2a: Gyarados|atk|1
|-boost|p2a: Gyarados|spe|1
|
|-heal|p1a: Mew|288\/404|[from] item: Leftovers
|-damage|p2a: Gyarados|276\/339 tox|[from] psn
|turn|11
|
|move|p2a: Gyarados|Waterfall|p1a: Mew
|-damage|p1a: Mew|69\/404
|move|p1a: Mew|Defog|p2a: Gyarados
|-unboost|p2a: Gyarados|evasion|1
|-sideend|p1: Rflp|Stealth Rock|[from] move: Defog|[of] p1a: Mew
|
|-heal|p1a: Mew|94\/404|[from] item: Leftovers
|-damage|p2a: Gyarados|213\/339 tox|[from] psn
|turn|12
|
|switch|p1a: Kyurem-Black|Kyurem-Black|391\/391
|-ability|p1a: Kyurem-Black|Teravolt
|move|p2a: Gyarados|Earthquake|p1a: Kyurem-Black
|-damage|p1a: Kyurem-Black|126\/391
|
|-damage|p2a: Gyarados|129\/339 tox|[from] psn
|turn|13
|
|move|p1a: Kyurem-Black|Fusion Bolt|p2a: Gyarados
|-supereffective|p2a: Gyarados
|-damage|p2a: Gyarados|0 fnt
|faint|p2a: Gyarados
|
|
|switch|p2a: Mamoswine|Mamoswine, F|361\/361
|turn|14
|
|switch|p1a: Rotom-Wash|Rotom-Wash|192\/304
|move|p2a: Mamoswine|Freeze-Dry|p1a: Rotom-Wash
|-supereffective|p1a: Rotom-Wash
|-damage|p1a: Rotom-Wash|80\/304
|-status|p1a: Rotom-Wash|frz
|-damage|p2a: Mamoswine|325\/361|[from] item: Life Orb
|
|-heal|p1a: Rotom-Wash|99\/304 frz|[from] item: Leftovers
|turn|15
|
|switch|p1a: Scizor|Scizor, M|343\/343
|move|p2a: Mamoswine|Freeze-Dry|p1a: Scizor
|-resisted|p1a: Scizor
|-damage|p1a: Scizor|299\/343
|-damage|p2a: Mamoswine|289\/361|[from] item: Life Orb
|
|turn|16
|
|switch|p2a: Magnezone|Magnezone|281\/281
|detailschange|p1a: Scizor|Scizor-Mega, M
|message|Scizor has Mega Evolved into Mega Scizor!
|move|p1a: Scizor|Swords Dance|p1a: Scizor
|-boost|p1a: Scizor|atk|2
|
|turn|17
|
|move|p2a: Magnezone|Hidden Power|p1a: Scizor
|-supereffective|p1a: Scizor
|-damage|p1a: Scizor|27\/343
|move|p1a: Scizor|Knock Off|p2a: Magnezone
|-damage|p2a: Magnezone|72\/281
|-enditem|p2a: Magnezone|Choice Scarf|[from] move: Knock Off|[of] p1a: Scizor
|
|turn|18
|
|move|p1a: Scizor|Bullet Punch|p2a: Magnezone
|-resisted|p2a: Magnezone
|-damage|p2a: Magnezone|23\/281
|move|p2a: Magnezone|Hidden Power|p1a: Scizor
|-supereffective|p1a: Scizor
|-damage|p1a: Scizor|0 fnt
|faint|p1a: Scizor
|
|
|switch|p1a: Gliscor|Gliscor, F|352\/352
|turn|19
|
|move|p1a: Gliscor|Stealth Rock|p2a: Magnezone
|-sidestart|p2: DeeTrain|move: Stealth Rock
|move|p2a: Magnezone|Flash Cannon|p1a: Gliscor
|-damage|p1a: Gliscor|171\/352
|
|-status|p1a: Gliscor|tox|[from] item: Toxic Orb
|turn|20
|
|move|p1a: Gliscor|Earthquake|p2a: Magnezone
|-supereffective|p2a: Magnezone
|-damage|p2a: Magnezone|0 fnt
|faint|p2a: Magnezone
|
|-heal|p1a: Gliscor|215\/352 tox|[from] ability: Poison Heal
|
|switch|p2a: Clefable|Clefable, F|309\/393
|turn|21
|
|move|p1a: Gliscor|Taunt|p2a: Clefable
|-start|p2a: Clefable|move: Taunt
|cant|p2a: Clefable|move: Taunt|Stealth Rock
|
|-heal|p1a: Gliscor|259\/352 tox|[from] ability: Poison Heal
|turn|22
|
|move|p1a: Gliscor|U-turn|p2a: Clefable
|-resisted|p2a: Clefable
|-damage|p2a: Clefable|285\/393
|
|switch|p1a: Heatran|Heatran, F|384\/384
|move|p2a: Clefable|Moonblast|p1a: Heatran
|-resisted|p1a: Heatran
|-damage|p1a: Heatran|359\/384
|
|-heal|p1a: Heatran|383\/384|[from] item: Leftovers
|turn|23
|
|move|p1a: Heatran|Lava Plume|p2a: Clefable
|-crit|p2a: Clefable
|-damage|p2a: Clefable|87\/393
|-status|p2a: Clefable|brn
|move|p2a: Clefable|Moonblast|p1a: Heatran
|-crit|p1a: Heatran
|-resisted|p1a: Heatran
|-damage|p1a: Heatran|343\/384
|-unboost|p1a: Heatran|spa|1
|
|-heal|p1a: Heatran|367\/384|[from] item: Leftovers
|-end|p2a: Clefable|move: Taunt
|turn|24
|
|move|p1a: Heatran|Taunt|p2a: Clefable
|-start|p2a: Clefable|move: Taunt
|cant|p2a: Clefable|move: Taunt|Soft-Boiled
|
|-heal|p1a: Heatran|384\/384|[from] item: Leftovers
|turn|25
|
|move|p1a: Heatran|Lava Plume|p2a: Clefable
|-damage|p2a: Clefable|0 fnt
|faint|p2a: Clefable
|
|
|switch|p2a: Mamoswine|Mamoswine, F|289\/361
|-damage|p2a: Mamoswine|244\/361|[from] Stealth Rock
|turn|26
|
|switch|p1a: Rotom-Wash|Rotom-Wash|99\/304 frz
|move|p2a: Mamoswine|Earthquake|p1a: Rotom-Wash
|-immune|p1a: Rotom-Wash|[msg]
|
|-heal|p1a: Rotom-Wash|118\/304 frz|[from] item: Leftovers
|turn|27
|
|move|p2a: Mamoswine|Freeze-Dry|p1a: Rotom-Wash
|-supereffective|p1a: Rotom-Wash
|-damage|p1a: Rotom-Wash|0 fnt
|-damage|p2a: Mamoswine|208\/361|[from] item: Life Orb
|faint|p1a: Rotom-Wash
|
|
|switch|p1a: Kyurem-Black|Kyurem-Black|126\/391
|-ability|p1a: Kyurem-Black|Teravolt
|turn|28
|
|switch|p2a: Skarmory|Skarmory, F|333\/333
|-damage|p2a: Skarmory|292\/333|[from] Stealth Rock
|move|p1a: Kyurem-Black|Ice Beam|p2a: Skarmory
|-damage|p2a: Skarmory|115\/333
|
|-heal|p2a: Skarmory|135\/333|[from] item: Leftovers
|turn|29
|
|move|p1a: Kyurem-Black|Ice Beam|p2a: Skarmory
|-damage|p2a: Skarmory|0 fnt
|faint|p2a: Skarmory
|
|
|switch|p2a: Dragonite|Dragonite, F|329\/329
|-damage|p2a: Dragonite|247\/329|[from] Stealth Rock
|turn|30
|
|switch|p1a: Gliscor|Gliscor, F|259\/352 tox
|move|p2a: Dragonite|Extreme Speed|p1a: Gliscor
|-damage|p1a: Gliscor|181\/352 tox
|
|-heal|p1a: Gliscor|225\/352 tox|[from] ability: Poison Heal
|turn|31
|
|move|p1a: Gliscor|Taunt|p2a: Dragonite
|-start|p2a: Dragonite|move: Taunt
|cant|p2a: Dragonite|move: Taunt|Dragon Dance
|
|-heal|p1a: Gliscor|269\/352 tox|[from] ability: Poison Heal
|turn|32
|
|move|p1a: Gliscor|U-turn|p2a: Dragonite
|-resisted|p2a: Dragonite
|-damage|p2a: Dragonite|219\/329
|
|switch|p1a: Mew|Mew|94\/404
|move|p2a: Dragonite|Outrage|p1a: Mew
|-damage|p1a: Mew|0 fnt
|faint|p1a: Mew
|
|
|switch|p1a: Kyurem-Black|Kyurem-Black|126\/391
|-ability|p1a: Kyurem-Black|Teravolt
|turn|33
|
|move|p1a: Kyurem-Black|Outrage|p2a: Dragonite
|-supereffective|p2a: Dragonite
|-damage|p2a: Dragonite|0 fnt
|faint|p2a: Dragonite
|
|
|switch|p2a: Mamoswine|Mamoswine, F|208\/361
|-damage|p2a: Mamoswine|163\/361|[from] Stealth Rock
|turn|34
|
|move|p2a: Mamoswine|Ice Shard|p1a: Kyurem-Black
|-damage|p1a: Kyurem-Black|17\/391
|-damage|p2a: Mamoswine|127\/361|[from] item: Life Orb
|move|p1a: Kyurem-Black|Outrage|p2a: Mamoswine
|-damage|p2a: Mamoswine|0 fnt
|faint|p2a: Mamoswine
|
|win|Rflp
|raw|Ladder updating...
|raw|Rflp's rating: 1716 &rarr; <strong>1741<\/strong><br \/>(+25 for winning)
|raw|DeeTrain's rating: 1809 &rarr; <strong>1784<\/strong><br \/>(-25 for losing)
|c|âDeeTrain|gg
|leave|DeeTrain