|join|DeeTrain
|join|Glory Blaze
|player|p1|DeeTrain|266
|player|p2|Glory Blaze|169
|gametype|singles
|gen|6
|tier|OU
|rated
|clearpoke
|poke|p1|Garchomp, F
|poke|p1|Azumarill, M
|poke|p1|Crawdaunt, M
|poke|p1|Manectric, F
|poke|p1|Gengar, F
|poke|p1|Landorus-Therian, M
|poke|p2|Azumarill, M
|poke|p2|Gengar, M
|poke|p2|Manectric, M
|poke|p2|Garchomp, F
|poke|p2|Crawdaunt, M
|poke|p2|Landorus-Therian, M
|rule|Swagger Clause: Swagger is banned
|rule|Baton Pass Clause: Limit one PokÃ©mon knowing Baton Pass
|rule|Sleep Clause Mod: Limit one foe put to sleep
|rule|Species Clause: Limit one of each PokÃ©mon
|rule|OHKO Clause: OHKO moves are banned
|rule|Moody Clause: Moody is banned
|rule|Evasion Moves Clause: Evasion moves are banned
|rule|Endless Battle Clause: Forcing endless battles is banned
|rule|HP Percentage Mod: HP is shown in percentages
|teampreview
|c|âDeeTrain|lol
|c|âGlory Blaze|aaaaah nice
|c|âGlory Blaze|:]
|c|âDeeTrain|no joke I played a guy in my last game with the exact same team
|
|start
|switch|p1a: Garchomp|Garchomp, F|357\/357
|switch|p2a: Landorus-Therian|Landorus-Therian, M|319\/319
|-ability|p2a: Landorus-Therian|Intimidate|[of] p1a: Garchomp
|-unboost|p1a: Garchomp|atk|1
|turn|1
|
|move|p2a: Landorus-Therian|Earthquake|p1a: Garchomp
|-crit|p1a: Garchomp
|-damage|p1a: Garchomp|36\/357
|move|p1a: Garchomp|Stealth Rock|p2a: Landorus-Therian
|-sidestart|p2: Glory Blaze|move: Stealth Rock
|
|turn|2
|
|switch|p2a: Azumarill|Azumarill, M|399\/399
|-damage|p2a: Azumarill|350\/399|[from] Stealth Rock
|move|p1a: Garchomp|Dragon Claw|p2a: Azumarill
|-immune|p2a: Azumarill|[msg]
|
|turn|3
|
|move|p2a: Azumarill|Aqua Jet|p1a: Garchomp
|-crit|p1a: Garchomp
|-damage|p1a: Garchomp|0 fnt
|-damage|p2a: Azumarill|301\/399|[from] ability: Rough Skin|[of] p1a: Garchomp
|faint|p1a: Garchomp
|
|
|switch|p1a: Gengar|Gengar, F|261\/261
|turn|4
|
|move|p1a: Gengar|Sludge Wave|p2a: Azumarill
|-supereffective|p2a: Azumarill
|-damage|p2a: Azumarill|0 fnt
|-damage|p1a: Gengar|235\/261|[from] item: Life Orb
|faint|p2a: Azumarill
|
|
|switch|p2a: Gengar|Gengar, M|262\/262
|-damage|p2a: Gengar|230\/262|[from] Stealth Rock
|turn|5
|
|move|p2a: Gengar|Shadow Ball|p1a: Gengar
|-crit|p1a: Gengar
|-supereffective|p1a: Gengar
|-damage|p1a: Gengar|0 fnt
|-damage|p2a: Gengar|204\/262|[from] item: Life Orb
|faint|p1a: Gengar
|
|
|switch|p1a: Landorus-Therian|Landorus-Therian, M|319\/319
|-ability|p1a: Landorus-Therian|Intimidate|[of] p2a: Gengar
|-unboost|p2a: Gengar|atk|1
|turn|6
|
|switch|p2a: Landorus-Therian|Landorus-Therian, M|319\/319
|-damage|p2a: Landorus-Therian|280\/319|[from] Stealth Rock
|-ability|p2a: Landorus-Therian|Intimidate|[of] p1a: Landorus-Therian
|-unboost|p1a: Landorus-Therian|atk|1
|move|p1a: Landorus-Therian|Knock Off|p2a: Landorus-Therian
|-crit|p2a: Landorus-Therian
|-damage|p2a: Landorus-Therian|64\/319
|-enditem|p2a: Landorus-Therian|Choice Scarf|[from] move: Knock Off|[of] p1a: Landorus-Therian
|
|turn|7
|c|âGlory Blaze|that's different
|c|âGlory Blaze|xD
|
|switch|p1a: Azumarill|Azumarill, M|391\/391
|move|p2a: Landorus-Therian|U-turn|p1a: Azumarill
|-resisted|p1a: Azumarill
|-damage|p1a: Azumarill|334\/391
|
|switch|p2a: Gengar|Gengar, M|204\/262
|-damage|p2a: Gengar|172\/262|[from] Stealth Rock
|
|turn|8
|
|move|p1a: Azumarill|Aqua Jet|p2a: Gengar
|-damage|p2a: Gengar|36\/262
|move|p2a: Gengar|Sludge Wave|p1a: Azumarill
|-supereffective|p1a: Azumarill
|-damage|p1a: Azumarill|0 fnt
|-damage|p2a: Gengar|10\/262|[from] item: Life Orb
|faint|p1a: Azumarill
|
|
|switch|p1a: Landorus-Therian|Landorus-Therian, M|319\/319
|-ability|p1a: Landorus-Therian|Intimidate|[of] p2a: Gengar
|-unboost|p2a: Gengar|atk|1
|turn|9
|
|move|p1a: Landorus-Therian|U-turn|p2a: Gengar
|-resisted|p2a: Gengar
|-damage|p2a: Gengar|0 fnt
|faint|p2a: Gengar
|
|switch|p1a: Manectric|Manectric, F|281\/281
|
|
|switch|p2a: Landorus-Therian|Landorus-Therian, M|64\/319
|-damage|p2a: Landorus-Therian|25\/319|[from] Stealth Rock
|-ability|p2a: Landorus-Therian|Intimidate|[of] p1a: Manectric
|-unboost|p1a: Manectric|atk|1
|turn|10
|
|detailschange|p1a: Manectric|Manectric-Mega, F
|message|Manectric has Mega Evolved into Mega Manectric!
|-ability|p1a: Manectric|Intimidate|[of] p2a: Landorus-Therian
|-unboost|p2a: Landorus-Therian|atk|1
|move|p1a: Manectric|Hidden Power|p2a: Landorus-Therian
|-supereffective|p2a: Landorus-Therian
|-damage|p2a: Landorus-Therian|0 fnt
|faint|p2a: Landorus-Therian
|
|
|switch|p2a: Manectric|Manectric, M|281\/281
|-damage|p2a: Manectric|246\/281|[from] Stealth Rock
|turn|11
|
|detailschange|p2a: Manectric|Manectric-Mega, M
|message|Manectric has Mega Evolved into Mega Manectric!
|-ability|p2a: Manectric|Intimidate|[of] p1a: Manectric
|-unboost|p1a: Manectric|atk|1
|move|p1a: Manectric|Overheat|p2a: Manectric
|-damage|p2a: Manectric|71\/281
|-unboost|p1a: Manectric|spa|2
|move|p2a: Manectric|Overheat|p1a: Manectric
|-damage|p1a: Manectric|92\/281
|-unboost|p2a: Manectric|spa|2
|
|turn|12
|
|move|p2a: Manectric|Overheat|p1a: Manectric
|-damage|p1a: Manectric|0 fnt
|-unboost|p2a: Manectric|spa|2
|faint|p1a: Manectric
|
|
|switch|p1a: Landorus-Therian|Landorus-Therian, M|319\/319
|-ability|p1a: Landorus-Therian|Intimidate|[of] p2a: Manectric
|-unboost|p2a: Manectric|atk|1
|turn|13
|
|move|p1a: Landorus-Therian|U-turn|p2a: Manectric
|-damage|p2a: Manectric|0 fnt
|faint|p2a: Manectric
|
|switch|p1a: Crawdaunt|Crawdaunt, M|267\/267
|
|
|switch|p2a: Garchomp|Garchomp, F|358\/358
|-damage|p2a: Garchomp|336\/358|[from] Stealth Rock
|turn|14
|
|move|p2a: Garchomp|Dragon Claw|p1a: Crawdaunt
|-damage|p1a: Crawdaunt|102\/267
|move|p1a: Crawdaunt|Crabhammer|p2a: Garchomp
|-damage|p2a: Garchomp|21\/358
|-damage|p1a: Crawdaunt|69\/267|[from] ability: Rough Skin|[of] p2a: Garchomp
|-damage|p1a: Crawdaunt|43\/267|[from] item: Life Orb
|
|turn|15
|
|move|p1a: Crawdaunt|Aqua Jet|p2a: Garchomp
|-crit|p2a: Garchomp
|-damage|p2a: Garchomp|0 fnt
|-damage|p1a: Crawdaunt|10\/267|[from] ability: Rough Skin|[of] p2a: Garchomp
|-damage|p1a: Crawdaunt|0 fnt|[from] item: Life Orb
|faint|p2a: Garchomp
|faint|p1a: Crawdaunt
|
|
|switch|p1a: Landorus-Therian|Landorus-Therian, M|319\/319
|switch|p2a: Crawdaunt|Crawdaunt, M|269\/269
|-damage|p2a: Crawdaunt|236\/269|[from] Stealth Rock
|-ability|p1a: Landorus-Therian|Intimidate|[of] p2a: Crawdaunt
|-unboost|p2a: Crawdaunt|atk|1
|turn|16
|
|move|p1a: Landorus-Therian|U-turn|p2a: Crawdaunt
|-supereffective|p2a: Crawdaunt
|-damage|p2a: Crawdaunt|46\/269
|move|p2a: Crawdaunt|Crabhammer|p1a: Landorus-Therian
|-supereffective|p1a: Landorus-Therian
|-damage|p1a: Landorus-Therian|0 fnt
|-damage|p2a: Crawdaunt|20\/269|[from] item: Life Orb
|faint|p1a: Landorus-Therian
|
|win|Glory Blaze
|raw|Ladder updating...
|raw|DeeTrain's rating: 1572 &rarr; <strong>1551<\/strong><br \/>(-21 for losing)
|raw|Glory Blaze's rating: 1550 &rarr; <strong>1571<\/strong><br \/>(+21 for winning)
|c|âGlory Blaze|gg
|c|âDeeTrain|gg
|leave|DeeTrain