|join|DeeTrain
|join|Richizen
|player|p1|DeeTrain|2
|player|p2|Richizen|1
|gametype|singles
|gen|6
|tier|OU
|rated
|clearpoke
|poke|p1|Camerupt, M
|poke|p1|Ferrothorn, F
|poke|p1|Sableye, F
|poke|p1|Gothitelle, F
|poke|p1|Dragalge, M
|poke|p1|Cresselia, F
|poke|p2|Gallade, M
|poke|p2|Bisharp, M
|poke|p2|Rotom-Wash
|poke|p2|Clefable, F, shiny
|poke|p2|Ferrothorn, M
|poke|p2|Latios, M
|rule|Swagger Clause: Swagger is banned
|rule|Baton Pass Clause: Limit one PokÃ©mon knowing Baton Pass
|rule|Sleep Clause Mod: Limit one foe put to sleep
|rule|Species Clause: Limit one of each PokÃ©mon
|rule|OHKO Clause: OHKO moves are banned
|rule|Moody Clause: Moody is banned
|rule|Evasion Moves Clause: Evasion moves are banned
|rule|Endless Battle Clause: Forcing endless battles is banned
|rule|HP Percentage Mod: HP is shown in percentages
|teampreview
|
|start
|switch|p1a: Sableye|Sableye, F|302\/302
|switch|p2a: Ferrothorn|Ferrothorn, M|352\/352
|turn|1
|
|switch|p2a: Clefable|Clefable, F, shiny|394\/394
|move|p1a: Sableye|Taunt|p2a: Clefable
|-start|p2a: Clefable|move: Taunt
|
|turn|2
|
|switch|p2a: Ferrothorn|Ferrothorn, M|352\/352
|switch|p1a: Camerupt|Camerupt, M|343\/343
|
|turn|3
|
|switch|p2a: Latios|Latios, M|301\/301
|detailschange|p1a: Camerupt|Camerupt-Mega, M
|message|Camerupt has Mega Evolved into Mega Camerupt!
|move|p1a: Camerupt|Stealth Rock|p2a: Latios
|-sidestart|p2: Richizen|move: Stealth Rock
|
|turn|4
|
|switch|p1a: Gothitelle|Gothitelle, F|342\/342
|move|p2a: Latios|Defog|p1a: Gothitelle
|-unboost|p1a: Gothitelle|evasion|1
|-sideend|p2: Richizen|Stealth Rock|[from] move: Defog|[of] p2a: Latios
|
|turn|5
|
|move|p2a: Latios|Draco Meteor|p1a: Gothitelle
|-damage|p1a: Gothitelle|61\/342
|-unboost|p2a: Latios|spa|2
|-damage|p2a: Latios|271\/301|[from] item: Life Orb
|move|p1a: Gothitelle|Trick|p2a: Latios
|-activate|p1a: Gothitelle|move: Trick|[of] p2a: Latios
|-item|p2a: Latios|Choice Specs|[from] move: Trick
|-item|p1a: Gothitelle|Life Orb|[from] move: Trick
|
|turn|6
|
|switch|p1a: Ferrothorn|Ferrothorn, F|351\/351
|move|p2a: Latios|Draco Meteor|p1a: Ferrothorn
|-resisted|p1a: Ferrothorn
|-damage|p1a: Ferrothorn|288\/351
|-unboost|p2a: Latios|spa|2
|
|turn|7
|
|switch|p2a: Ferrothorn|Ferrothorn, M|352\/352
|move|p1a: Ferrothorn|Spikes|p2a: Ferrothorn
|-sidestart|p2: Richizen|Spikes
|
|turn|8
|
|move|p2a: Ferrothorn|Stealth Rock|p1a: Ferrothorn
|-sidestart|p1: DeeTrain|move: Stealth Rock
|move|p1a: Ferrothorn|Spikes|p2a: Ferrothorn
|-sidestart|p2: Richizen|Spikes
|
|turn|9
|
|switch|p2a: Clefable|Clefable, F, shiny|394\/394
|move|p1a: Ferrothorn|Spikes|p2a: Clefable
|-sidestart|p2: Richizen|Spikes
|
|turn|10
|
|switch|p1a: Camerupt|Camerupt-Mega, M|343\/343
|-damage|p1a: Camerupt|301\/343|[from] Stealth Rock
|move|p2a: Clefable|Calm Mind|p2a: Clefable
|-boost|p2a: Clefable|spa|1
|-boost|p2a: Clefable|spd|1
|
|turn|11
|
|move|p2a: Clefable|Calm Mind|p2a: Clefable
|-boost|p2a: Clefable|spa|1
|-boost|p2a: Clefable|spd|1
|move|p1a: Camerupt|Stealth Rock|p2a: Clefable
|-sidestart|p2: Richizen|move: Stealth Rock
|
|turn|12
|
|switch|p1a: Dragalge|Dragalge, M|333\/333
|-damage|p1a: Dragalge|292\/333|[from] Stealth Rock
|move|p2a: Clefable|Calm Mind|p2a: Clefable
|-boost|p2a: Clefable|spa|1
|-boost|p2a: Clefable|spd|1
|
|turn|13
|
|move|p2a: Clefable|Moonblast|p1a: Dragalge
|-damage|p1a: Dragalge|0 fnt
|faint|p1a: Dragalge
|
|
|switch|p1a: Cresselia|Cresselia, F|444\/444
|-damage|p1a: Cresselia|389\/444|[from] Stealth Rock
|turn|14
|
|move|p2a: Clefable|Moonblast|p1a: Cresselia
|-damage|p1a: Cresselia|173\/444
|-unboost|p1a: Cresselia|spa|1
|move|p1a: Cresselia|Trick Room|p1a: Cresselia
|-fieldstart|move: Trick Room|[of] p1a: Cresselia
|
|-heal|p1a: Cresselia|200\/444|[from] item: Leftovers
|turn|15
|
|move|p2a: Clefable|Moonblast|p1a: Cresselia
|-damage|p1a: Cresselia|0 fnt
|faint|p1a: Cresselia
|
|
|switch|p1a: Camerupt|Camerupt-Mega, M|301\/343
|-damage|p1a: Camerupt|259\/343|[from] Stealth Rock
|turn|16
|
|move|p1a: Camerupt|Fire Blast|p2a: Clefable
|-damage|p2a: Clefable|273\/394
|move|p2a: Clefable|Moonblast|p1a: Camerupt
|-resisted|p1a: Camerupt
|-damage|p1a: Camerupt|95\/343
|
|turn|17
|
|move|p1a: Camerupt|Fire Blast|p2a: Clefable
|-damage|p2a: Clefable|143\/394
|move|p2a: Clefable|Soft-Boiled|p2a: Clefable
|-heal|p2a: Clefable|340\/394
|
|turn|18
|
|move|p1a: Camerupt|Fire Blast|p2a: Clefable
|-damage|p2a: Clefable|198\/394
|move|p2a: Clefable|Calm Mind|p2a: Clefable
|-boost|p2a: Clefable|spa|1
|-boost|p2a: Clefable|spd|1
|
|-fieldend|move: Trick Room
|turn|19
|
|move|p2a: Clefable|Moonblast|p1a: Camerupt
|-resisted|p1a: Camerupt
|-damage|p1a: Camerupt|0 fnt
|faint|p1a: Camerupt
|
|-message|DeeTrain forfeited.
|
|win|Richizen
|raw|Ladder updating...
|leave|DeeTrain
|player|p1