|join|DeeTrain
|join|Mirari
|player|p1|DeeTrain|170
|player|p2|Mirari|266
|gametype|singles
|gen|6
|tier|OU
|rated
|clearpoke
|poke|p1|Glalie, F
|poke|p1|Starmie
|poke|p1|Ferrothorn, F
|poke|p1|Landorus, M
|poke|p1|Rotom-Wash
|poke|p1|Talonflame, F
|poke|p2|Breloom, F
|poke|p2|Scolipede, M
|poke|p2|Landorus, M
|poke|p2|Altaria, F
|poke|p2|Starmie
|poke|p2|Salamence, M
|rule|Swagger Clause: Swagger is banned
|rule|Baton Pass Clause: Limit one PokÃ©mon knowing Baton Pass
|rule|Sleep Clause Mod: Limit one foe put to sleep
|rule|Species Clause: Limit one of each PokÃ©mon
|rule|OHKO Clause: OHKO moves are banned
|rule|Moody Clause: Moody is banned
|rule|Evasion Moves Clause: Evasion moves are banned
|rule|Endless Battle Clause: Forcing endless battles is banned
|rule|HP Percentage Mod: HP is shown in percentages
|teampreview
|
|start
|switch|p1a: Talonflame|Talonflame, F|359\/359
|switch|p2a: Breloom|Breloom, F|262\/262
|turn|1
|
|move|p1a: Talonflame|Taunt|p2a: Breloom
|-start|p2a: Breloom|move: Taunt
|cant|p2a: Breloom|move: Taunt|Spore
|
|turn|2
|
|switch|p1a: Ferrothorn|Ferrothorn, F|349\/349
|switch|p2a: Starmie|Starmie|324\/324
|
|turn|3
|
|switch|p2a: Scolipede|Scolipede, M|323\/323
|move|p1a: Ferrothorn|Leech Seed|p2a: Scolipede
|-start|p2a: Scolipede|move: Leech Seed
|
|-damage|p2a: Scolipede|283\/323|[from] Leech Seed|[of] p1a: Ferrothorn
|turn|4
|
|switch|p2a: Starmie|Starmie|324\/324
|move|p1a: Ferrothorn|Stealth Rock|p2a: Starmie
|-sidestart|p2: Mirari|move: Stealth Rock
|
|turn|5
|
|move|p2a: Starmie|Rapid Spin|p1a: Ferrothorn
|-resisted|p1a: Ferrothorn
|-damage|p1a: Ferrothorn|345\/349
|-damage|p2a: Starmie|284\/324|[from] ability: Iron Barbs|[of] p1a: Ferrothorn
|-sideend|p2: Mirari|Stealth Rock|[from] move: Rapid Spin|[of] p2a: Starmie
|move|p1a: Ferrothorn|Leech Seed|p2a: Starmie
|-start|p2a: Starmie|move: Leech Seed
|
|-heal|p2a: Starmie|304\/324|[from] item: Leftovers
|-damage|p2a: Starmie|264\/324|[from] Leech Seed|[of] p1a: Ferrothorn
|-heal|p1a: Ferrothorn|349\/349|[silent]
|turn|6
|
|switch|p2a: Breloom|Breloom, F|262\/262
|move|p1a: Ferrothorn|Stealth Rock|p2a: Breloom
|-sidestart|p2: Mirari|move: Stealth Rock
|
|turn|7
|
|move|p2a: Breloom|Swords Dance|p2a: Breloom
|-boost|p2a: Breloom|atk|2
|move|p1a: Ferrothorn|Gyro Ball|p2a: Breloom
|-damage|p2a: Breloom|46\/262
|
|turn|8
|
|move|p2a: Breloom|Mach Punch|p1a: Ferrothorn
|-supereffective|p1a: Ferrothorn
|-damage|p1a: Ferrothorn|43\/349
|-damage|p2a: Breloom|14\/262|[from] ability: Iron Barbs|[of] p1a: Ferrothorn
|move|p1a: Ferrothorn|Gyro Ball|p2a: Breloom
|-damage|p2a: Breloom|0 fnt
|faint|p2a: Breloom
|
|
|switch|p2a: Scolipede|Scolipede, M|283\/323
|-damage|p2a: Scolipede|203\/323|[from] Stealth Rock
|turn|9
|
|move|p2a: Scolipede|Iron Defense|p2a: Scolipede
|-boost|p2a: Scolipede|def|2
|move|p1a: Ferrothorn|Leech Seed|p2a: Scolipede
|-start|p2a: Scolipede|move: Leech Seed
|
|-heal|p2a: Scolipede|223\/323|[from] item: Leftovers
|-damage|p2a: Scolipede|183\/323|[from] Leech Seed|[of] p1a: Ferrothorn
|-heal|p1a: Ferrothorn|83\/349|[silent]
|-boost|p2a: Scolipede|spe|1|[from] ability: Speed Boost
|turn|10
|
|move|p2a: Scolipede|Iron Defense|p2a: Scolipede
|-boost|p2a: Scolipede|def|2
|move|p1a: Ferrothorn|Leech Seed|p2a: Scolipede
|-fail|p2a: Scolipede
|
|-heal|p2a: Scolipede|203\/323|[from] item: Leftovers
|-damage|p2a: Scolipede|163\/323|[from] Leech Seed|[of] p1a: Ferrothorn
|-heal|p1a: Ferrothorn|123\/349|[silent]
|-boost|p2a: Scolipede|spe|1|[from] ability: Speed Boost
|turn|11
|
|move|p2a: Scolipede|Substitute|p2a: Scolipede
|-start|p2a: Scolipede|Substitute
|-damage|p2a: Scolipede|83\/323
|move|p1a: Ferrothorn|Leech Seed|p2a: Scolipede
|
|-heal|p2a: Scolipede|103\/323|[from] item: Leftovers
|-damage|p2a: Scolipede|63\/323|[from] Leech Seed|[of] p1a: Ferrothorn
|-heal|p1a: Ferrothorn|163\/349|[silent]
|-boost|p2a: Scolipede|spe|1|[from] ability: Speed Boost
|turn|12
|
|move|p2a: Scolipede|Baton Pass|p2a: Scolipede
|
|switch|p2a: Landorus|Landorus, M|319\/319
|-damage|p2a: Landorus|280\/319|[from] Stealth Rock
|move|p1a: Ferrothorn|Gyro Ball|p2a: Landorus
|-activate|p2a: Landorus|Substitute|[damage]
|
|-damage|p2a: Landorus|241\/319|[from] Leech Seed|[of] p1a: Ferrothorn
|-heal|p1a: Ferrothorn|202\/349|[silent]
|turn|13
|
|move|p1a: Ferrothorn|Protect|p1a: Ferrothorn
|-singleturn|p1a: Ferrothorn|Protect
|move|p2a: Landorus|Calm Mind|p2a: Landorus
|-boost|p2a: Landorus|spa|1
|-boost|p2a: Landorus|spd|1
|
|-damage|p2a: Landorus|202\/319|[from] Leech Seed|[of] p1a: Ferrothorn
|-heal|p1a: Ferrothorn|241\/349|[silent]
|turn|14
|
|move|p2a: Landorus|Earth Power|p1a: Ferrothorn
|-damage|p1a: Ferrothorn|0 fnt
|faint|p1a: Ferrothorn
|
|
|switch|p1a: Talonflame|Talonflame, F|359\/359
|turn|15
|
|move|p1a: Talonflame|Brave Bird|p2a: Landorus
|-end|p2a: Landorus|Substitute
|-damage|p1a: Talonflame|352\/359|[from] recoil|[of] p2a: Landorus
|move|p2a: Landorus|Psychic|p1a: Talonflame
|-damage|p1a: Talonflame|108\/359
|
|-heal|p1a: Talonflame|130\/359|[from] item: Leftovers
|-damage|p2a: Landorus|163\/319|[from] Leech Seed|[of] p1a: Talonflame
|-heal|p1a: Talonflame|169\/359|[silent]
|turn|16
|
|move|p1a: Talonflame|Roost|p1a: Talonflame
|-heal|p1a: Talonflame|349\/359
|move|p2a: Landorus|Psychic|p1a: Talonflame
|-damage|p1a: Talonflame|142\/359
|
|-heal|p1a: Talonflame|164\/359|[from] item: Leftovers
|-damage|p2a: Landorus|124\/319|[from] Leech Seed|[of] p1a: Talonflame
|-heal|p1a: Talonflame|203\/359|[silent]
|turn|17
|
|move|p1a: Talonflame|Roost|p1a: Talonflame
|-heal|p1a: Talonflame|359\/359
|move|p2a: Landorus|Earth Power|p1a: Talonflame
|-supereffective|p1a: Talonflame
|-damage|p1a: Talonflame|0 fnt
|faint|p1a: Talonflame
|
|
|switch|p1a: Glalie|Glalie, F|301\/301
|turn|18
|
|detailschange|p1a: Glalie|Glalie-Mega, F
|message|Glalie has Mega Evolved into Mega Glalie!
|move|p1a: Glalie|Ice Shard|p2a: Landorus
|-crit|p2a: Landorus
|-supereffective|p2a: Landorus
|-damage|p2a: Landorus|0 fnt
|faint|p2a: Landorus
|
|
|switch|p2a: Starmie|Starmie|264\/324
|-damage|p2a: Starmie|224\/324|[from] Stealth Rock
|turn|19
|
|move|p2a: Starmie|Scald|p1a: Glalie
|-damage|p1a: Glalie|186\/301
|move|p1a: Glalie|Body Slam|p2a: Starmie
|-resisted|p2a: Starmie
|-damage|p2a: Starmie|108\/324
|
|-heal|p2a: Starmie|128\/324|[from] item: Leftovers
|turn|20
|
|switch|p1a: Rotom-Wash|Rotom-Wash|241\/241
|move|p2a: Starmie|Scald|p1a: Rotom-Wash
|-resisted|p1a: Rotom-Wash
|-damage|p1a: Rotom-Wash|199\/241
|-status|p1a: Rotom-Wash|brn
|
|-heal|p2a: Starmie|148\/324|[from] item: Leftovers
|-damage|p1a: Rotom-Wash|169\/241 brn|[from] brn
|turn|21
|
|move|p1a: Rotom-Wash|Volt Switch|p2a: Starmie
|-supereffective|p2a: Starmie
|-damage|p2a: Starmie|0 fnt
|faint|p2a: Starmie
|
|switch|p1a: Starmie|Starmie|323\/323
|
|
|switch|p2a: Altaria|Altaria, F|292\/292
|-damage|p2a: Altaria|219\/292|[from] Stealth Rock
|turn|22
|
|detailschange|p2a: Altaria|Altaria-Mega, F
|message|Altaria has Mega Evolved into Mega Altaria!
|move|p1a: Starmie|Scald|p2a: Altaria
|-resisted|p2a: Altaria
|-damage|p2a: Altaria|177\/292
|move|p2a: Altaria|Dragon Dance|p2a: Altaria
|-boost|p2a: Altaria|atk|1
|-boost|p2a: Altaria|spe|1
|
|turn|23
|
|move|p2a: Altaria|Substitute|p2a: Altaria
|-start|p2a: Altaria|Substitute
|-damage|p2a: Altaria|104\/292
|move|p1a: Starmie|Scald|p2a: Altaria
|-resisted|p2a: Altaria
|-activate|p2a: Altaria|Substitute|[damage]
|
|turn|24
|
|move|p2a: Altaria|Roost|p2a: Altaria
|-heal|p2a: Altaria|250\/292
|move|p1a: Starmie|Reflect Type|p2a: Altaria
|-start|p1a: Starmie|typechange|[from] move: Reflect Type|[of] p2a: Altaria
|
|turn|25
|
|move|p2a: Altaria|Dragon Dance|p2a: Altaria
|-boost|p2a: Altaria|atk|1
|-boost|p2a: Altaria|spe|1
|move|p1a: Starmie|Scald|p2a: Altaria
|-resisted|p2a: Altaria
|-end|p2a: Altaria|Substitute
|
|turn|26
|
|switch|p1a: Glalie|Glalie-Mega, F|186\/301
|move|p2a: Altaria|Substitute|p2a: Altaria
|-start|p2a: Altaria|Substitute
|-damage|p2a: Altaria|177\/292
|
|turn|27
|
|move|p1a: Glalie|Ice Shard|p2a: Altaria
|-supereffective|p2a: Altaria
|-end|p2a: Altaria|Substitute
|move|p2a: Altaria|Return|p1a: Glalie
|-damage|p1a: Glalie|0 fnt
|faint|p1a: Glalie
|
|
|switch|p1a: Rotom-Wash|Rotom-Wash|169\/241 brn
|turn|28
|
|move|p2a: Altaria|Return|p1a: Rotom-Wash
|-damage|p1a: Rotom-Wash|0 fnt
|faint|p1a: Rotom-Wash
|
|c|âDeeTrain|gg
|c|âMirari|gg
|-message|DeeTrain forfeited.
|
|win|Mirari
|raw|Ladder updating...
|leave|DeeTrain
|player|p1
|raw|DeeTrain's rating: 1302 &rarr; <strong>1278<\/strong><br \/>(-24 for losing)
|raw|Mirari's rating: 1238 &rarr; <strong>1267<\/strong><br \/>(+29 for winning)