|join|subzeromk
|join|DeeTrain
|player|p1|subzeromk|129
|player|p2|DeeTrain|2
|gametype|singles
|gen|6
|tier|OU
|rated
|clearpoke
|poke|p1|Garchomp, M
|poke|p1|Medicham, M
|poke|p1|Gothitelle, M
|poke|p1|Greninja, F
|poke|p1|Bisharp, F
|poke|p1|Thundurus, M
|poke|p2|Mamoswine, F
|poke|p2|Magnezone
|poke|p2|Skarmory, M
|poke|p2|Gyarados, M
|poke|p2|Clefable, F
|poke|p2|Dragonite, F
|rule|Swagger Clause: Swagger is banned
|rule|Baton Pass Clause: Limit one PokÃ©mon knowing Baton Pass
|rule|Sleep Clause Mod: Limit one foe put to sleep
|rule|Species Clause: Limit one of each PokÃ©mon
|rule|OHKO Clause: OHKO moves are banned
|rule|Moody Clause: Moody is banned
|rule|Evasion Moves Clause: Evasion moves are banned
|rule|Endless Battle Clause: Forcing endless battles is banned
|rule|HP Percentage Mod: HP is shown in percentages
|teampreview
|
|start
|switch|p1a: Medicham|Medicham, M|262\/262
|switch|p2a: Clefable|Clefable, F|393\/393
|turn|1
|
|detailschange|p1a: Medicham|Medicham-Mega, M
|message|Medicham has Mega Evolved into Mega Medicham!
|move|p1a: Medicham|Fake Out|p2a: Clefable
|-damage|p2a: Clefable|314\/393
|cant|p2a: Clefable|flinch
|
|-heal|p2a: Clefable|338\/393|[from] item: Leftovers
|turn|2
|
|switch|p1a: Gothitelle|Gothitelle, M|301\/301
|move|p2a: Clefable|Stealth Rock|p1a: Gothitelle
|-sidestart|p1: subzeromk|move: Stealth Rock
|
|-heal|p2a: Clefable|362\/393|[from] item: Leftovers
|turn|3
|
|move|p1a: Gothitelle|Trick|p2a: Clefable
|-activate|p1a: Gothitelle|move: Trick|[of] p2a: Clefable
|-item|p2a: Clefable|Choice Scarf|[from] move: Trick
|-item|p1a: Gothitelle|Leftovers|[from] move: Trick
|move|p2a: Clefable|Moonblast|p1a: Gothitelle
|-damage|p1a: Gothitelle|199\/301
|
|-heal|p1a: Gothitelle|217\/301|[from] item: Leftovers
|turn|4
|
|switch|p1a: Bisharp|Bisharp, F|295\/295
|-damage|p1a: Bisharp|277\/295|[from] Stealth Rock
|move|p2a: Clefable|Moonblast|p1a: Bisharp
|-damage|p1a: Bisharp|138\/295
|
|turn|5
|
|switch|p1a: Garchomp|Garchomp, M|420\/420
|-damage|p1a: Garchomp|394\/420|[from] Stealth Rock
|move|p2a: Clefable|Moonblast|p1a: Garchomp
|-supereffective|p1a: Garchomp
|-damage|p1a: Garchomp|152\/420
|
|turn|6
|
|move|p1a: Garchomp|Stealth Rock|p2a: Clefable
|-sidestart|p2: DeeTrain|move: Stealth Rock
|move|p2a: Clefable|Moonblast|p1a: Garchomp
|-supereffective|p1a: Garchomp
|-damage|p1a: Garchomp|0 fnt
|faint|p1a: Garchomp
|
|
|switch|p1a: Bisharp|Bisharp, F|138\/295
|-damage|p1a: Bisharp|120\/295|[from] Stealth Rock
|turn|7
|
|move|p2a: Clefable|Moonblast|p1a: Bisharp
|-damage|p1a: Bisharp|0 fnt
|faint|p1a: Bisharp
|
|-message|subzeromk forfeited.
|leave|subzeromk
|
|win|DeeTrain
|raw|Ladder updating...
|player|p1
|raw|subzeromk's rating: 1773 &rarr; <strong>1751<\/strong><br \/>(-22 for losing)
|raw|DeeTrain's rating: 1724 &rarr; <strong>1747<\/strong><br \/>(+23 for winning)