|join|DeeTrain
|join|Johnny_Diesel
|player|p1|DeeTrain|2
|player|p2|Johnny_Diesel|290
|gametype|singles
|gen|6
|tier|OU
|clearpoke
|poke|p1|Noivern, M
|poke|p1|Gardevoir, F
|poke|p1|Landorus-Therian, M
|poke|p1|Skarmory, F
|poke|p1|Toxicroak, F
|poke|p1|Gothitelle, M
|poke|p2|Garchomp, F
|poke|p2|Tyranitar, F
|poke|p2|Rotom-Wash
|poke|p2|Heatran, M
|poke|p2|Excadrill, M
|poke|p2|Azumarill, F
|rule|Swagger Clause: Swagger is banned
|rule|Baton Pass Clause: Limit one PokÃ©mon knowing Baton Pass
|rule|Sleep Clause Mod: Limit one foe put to sleep
|rule|Species Clause: Limit one of each PokÃ©mon
|rule|OHKO Clause: OHKO moves are banned
|rule|Moody Clause: Moody is banned
|rule|Evasion Moves Clause: Evasion moves are banned
|rule|Endless Battle Clause: Forcing endless battles is banned
|rule|HP Percentage Mod: HP is shown in percentages
|teampreview
|c|âDeeTrain|gl hf
|
|start
|switch|p1a: Noivern|Noivern, M|311\/311
|switch|p2a: Tyranitar|Tyranitar, F|403\/403
|-weather|Sandstorm
|turn|1
|
|move|p1a: Noivern|U-turn|p2a: Tyranitar
|-supereffective|p2a: Tyranitar
|-damage|p2a: Tyranitar|347\/403
|
|switch|p1a: Skarmory|Skarmory, F|333\/333
|move|p2a: Tyranitar|Stealth Rock|p1a: Skarmory
|-sidestart|p1: DeeTrain|move: Stealth Rock
|
|-weather|Sandstorm|[upkeep]
|turn|2
|
|switch|p2a: Garchomp|Garchomp, F|357\/357
|move|p1a: Skarmory|Defog|p2a: Garchomp
|-unboost|p2a: Garchomp|evasion|1
|-sideend|p1: DeeTrain|Stealth Rock|[from] move: Defog|[of] p1a: Skarmory
|
|-weather|Sandstorm|[upkeep]
|turn|3
|
|switch|p1a: Landorus-Therian|Landorus-Therian, M|319\/319
|-ability|p1a: Landorus-Therian|Intimidate|[of] p2a: Garchomp
|-unboost|p2a: Garchomp|atk|1
|detailschange|p2a: Garchomp|Garchomp-Mega, F
|message|Garchomp has Mega Evolved into Mega Garchomp!
|move|p2a: Garchomp|Fire Blast|p1a: Landorus-Therian|[miss]
|-miss|p2a: Garchomp|p1a: Landorus-Therian
|
|-weather|Sandstorm|[upkeep]
|turn|4
|
|switch|p2a: Rotom-Wash|Rotom-Wash|304\/304
|move|p1a: Landorus-Therian|U-turn|p2a: Rotom-Wash
|-damage|p2a: Rotom-Wash|240\/304
|
|switch|p1a: Gardevoir|Gardevoir, F|277\/277
|-ability|p1a: Gardevoir|Levitate|[from] ability: Trace|[of] p2a: Rotom-Wash
|
|-weather|Sandstorm|[upkeep]
|-damage|p1a: Gardevoir|260\/277|[from] sandstorm
|-damage|p2a: Rotom-Wash|221\/304|[from] sandstorm
|turn|5
|
|switch|p2a: Heatran|Heatran, M|386\/386
|detailschange|p1a: Gardevoir|Gardevoir-Mega, F
|message|Gardevoir has Mega Evolved into Mega Gardevoir!
|move|p1a: Gardevoir|Hyper Voice|p2a: Heatran
|-resisted|p2a: Heatran
|-damage|p2a: Heatran|343\/386
|
|-weather|Sandstorm|[upkeep]
|-damage|p1a: Gardevoir|243\/277|[from] sandstorm
|-heal|p2a: Heatran|367\/386|[from] item: Leftovers
|turn|6
|
|move|p1a: Gardevoir|Focus Blast|p2a: Heatran
|-supereffective|p2a: Heatran
|-damage|p2a: Heatran|115\/386
|-unboost|p2a: Heatran|spd|1
|move|p2a: Heatran|Toxic|p1a: Gardevoir|[miss]
|-miss|p2a: Heatran|p1a: Gardevoir
|
|-weather|Sandstorm|[upkeep]
|-damage|p1a: Gardevoir|226\/277|[from] sandstorm
|-heal|p2a: Heatran|139\/386|[from] item: Leftovers
|turn|7
|
|switch|p2a: Azumarill|Azumarill, F|401\/401
|move|p1a: Gardevoir|Focus Blast|p2a: Azumarill
|-resisted|p2a: Azumarill
|-damage|p2a: Azumarill|328\/401
|-unboost|p2a: Azumarill|spd|1
|
|-weather|Sandstorm|[upkeep]
|-damage|p1a: Gardevoir|209\/277|[from] sandstorm
|-damage|p2a: Azumarill|303\/401|[from] sandstorm
|turn|8
|
|switch|p1a: Skarmory|Skarmory, F|333\/333
|move|p2a: Azumarill|Waterfall|p1a: Skarmory
|-damage|p1a: Skarmory|225\/333
|
|-weather|none
|turn|9
|
|switch|p2a: Heatran|Heatran, M|139\/386
|move|p1a: Skarmory|Stealth Rock|p2a: Heatran
|-sidestart|p2: Johnny_Diesel|move: Stealth Rock
|
|-heal|p2a: Heatran|163\/386|[from] item: Leftovers
|turn|10
|
|switch|p1a: Gardevoir|Gardevoir-Mega, F|209\/277
|move|p2a: Heatran|Lava Plume|p1a: Gardevoir
|-damage|p1a: Gardevoir|121\/277
|
|-heal|p2a: Heatran|187\/386|[from] item: Leftovers
|turn|11
|
|move|p1a: Gardevoir|Focus Blast|p2a: Heatran
|-supereffective|p2a: Heatran
|-damage|p2a: Heatran|0 fnt
|faint|p2a: Heatran
|
|
|switch|p2a: Azumarill|Azumarill, F|303\/401
|-damage|p2a: Azumarill|253\/401|[from] Stealth Rock
|turn|12
|
|move|p1a: Gardevoir|Psyshock|p2a: Azumarill
|-damage|p2a: Azumarill|43\/401
|move|p2a: Azumarill|Knock Off|p1a: Gardevoir
|-damage|p1a: Gardevoir|0 fnt
|faint|p1a: Gardevoir
|
|
|switch|p1a: Gothitelle|Gothitelle, M|343\/343
|turn|13
|
|move|p2a: Azumarill|Aqua Jet|p1a: Gothitelle
|-damage|p1a: Gothitelle|256\/343
|move|p1a: Gothitelle|Thunderbolt|p2a: Azumarill
|-supereffective|p2a: Azumarill
|-damage|p2a: Azumarill|0 fnt
|faint|p2a: Azumarill
|
|
|switch|p2a: Tyranitar|Tyranitar, F|347\/403
|-damage|p2a: Tyranitar|297\/403|[from] Stealth Rock
|-weather|Sandstorm
|turn|14
|
|switch|p1a: Skarmory|Skarmory, F|225\/333
|move|p2a: Tyranitar|Stealth Rock|p1a: Skarmory
|-sidestart|p1: DeeTrain|move: Stealth Rock
|
|-weather|Sandstorm|[upkeep]
|turn|15
|
|move|p1a: Skarmory|Defog|p2a: Tyranitar
|-unboost|p2a: Tyranitar|evasion|1
|-sideend|p2: Johnny_Diesel|Stealth Rock|[from] move: Defog|[of] p2a: Tyranitar
|-sideend|p1: DeeTrain|Stealth Rock|[from] move: Defog|[of] p1a: Skarmory
|move|p2a: Tyranitar|Ice Beam|p1a: Skarmory
|-damage|p1a: Skarmory|133\/333
|
|-weather|Sandstorm|[upkeep]
|turn|16
|
|move|p1a: Skarmory|Roost|p1a: Skarmory
|-heal|p1a: Skarmory|300\/333
|move|p2a: Tyranitar|Stealth Rock|p1a: Skarmory
|-sidestart|p1: DeeTrain|move: Stealth Rock
|
|-weather|Sandstorm|[upkeep]
|turn|17
|
|switch|p2a: Garchomp|Garchomp-Mega, F|357\/357
|move|p1a: Skarmory|Defog|p2a: Garchomp
|-unboost|p2a: Garchomp|evasion|1
|-sideend|p1: DeeTrain|Stealth Rock|[from] move: Defog|[of] p1a: Skarmory
|
|-weather|Sandstorm|[upkeep]
|turn|18
|
|switch|p1a: Noivern|Noivern, M|311\/311
|move|p2a: Garchomp|Fire Blast|p1a: Noivern
|-resisted|p1a: Noivern
|-damage|p1a: Noivern|226\/311
|
|-weather|Sandstorm|[upkeep]
|-damage|p1a: Noivern|207\/311|[from] sandstorm
|turn|19
|
|switch|p2a: Tyranitar|Tyranitar, F|297\/403
|move|p1a: Noivern|Draco Meteor|p2a: Tyranitar
|-damage|p2a: Tyranitar|120\/403
|-unboost|p1a: Noivern|spa|2
|
|-weather|Sandstorm|[upkeep]
|-damage|p1a: Noivern|188\/311|[from] sandstorm
|turn|20
|
|switch|p1a: Landorus-Therian|Landorus-Therian, M|319\/319
|-ability|p1a: Landorus-Therian|Intimidate|[of] p2a: Tyranitar
|-unboost|p2a: Tyranitar|atk|1
|move|p2a: Tyranitar|Stealth Rock|p1a: Landorus-Therian
|-sidestart|p1: DeeTrain|move: Stealth Rock
|
|-weather|Sandstorm|[upkeep]
|turn|21
|
|switch|p2a: Rotom-Wash|Rotom-Wash|221\/304
|move|p1a: Landorus-Therian|U-turn|p2a: Rotom-Wash
|-damage|p2a: Rotom-Wash|156\/304
|
|switch|p1a: Toxicroak|Toxicroak, F|307\/307
|-damage|p1a: Toxicroak|288\/307|[from] Stealth Rock
|
|-weather|none
|turn|22
|
|move|p1a: Toxicroak|Gunk Shot|p2a: Rotom-Wash
|-damage|p2a: Rotom-Wash|0 fnt
|-damage|p1a: Toxicroak|258\/307|[from] item: Life Orb
|faint|p2a: Rotom-Wash
|
|
|switch|p2a: Tyranitar|Tyranitar, F|120\/403
|-weather|Sandstorm
|turn|23
|
|move|p1a: Toxicroak|Drain Punch|p2a: Tyranitar
|-supereffective|p2a: Tyranitar
|-damage|p2a: Tyranitar|0 fnt
|-heal|p1a: Toxicroak|307\/307|[from] drain|[of] p2a: Tyranitar
|-damage|p1a: Toxicroak|277\/307|[from] item: Life Orb
|faint|p2a: Tyranitar
|
|-weather|Sandstorm|[upkeep]
|-damage|p1a: Toxicroak|258\/307|[from] sandstorm
|
|switch|p2a: Excadrill|Excadrill, M|362\/362
|-item|p2a: Excadrill|Air Balloon
|turn|24
|
|switch|p1a: Skarmory|Skarmory, F|300\/333
|-damage|p1a: Skarmory|259\/333|[from] Stealth Rock
|move|p2a: Excadrill|Iron Head|p1a: Skarmory
|-resisted|p1a: Skarmory
|-damage|p1a: Skarmory|210\/333
|
|-weather|Sandstorm|[upkeep]
|turn|25
|
|move|p2a: Excadrill|Swords Dance|p2a: Excadrill
|-boost|p2a: Excadrill|atk|2
|move|p1a: Skarmory|Defog|p2a: Excadrill
|-unboost|p2a: Excadrill|evasion|1
|-sideend|p1: DeeTrain|Stealth Rock|[from] move: Defog|[of] p1a: Skarmory
|
|-weather|Sandstorm|[upkeep]
|turn|26
|
|move|p2a: Excadrill|Rock Slide|p1a: Skarmory
|-damage|p1a: Skarmory|81\/333
|cant|p1a: Skarmory|flinch
|
|-weather|Sandstorm|[upkeep]
|turn|27
|
|move|p2a: Excadrill|Rock Slide|p1a: Skarmory
|-damage|p1a: Skarmory|0 fnt
|faint|p1a: Skarmory
|
|-weather|Sandstorm|[upkeep]
|
|switch|p1a: Landorus-Therian|Landorus-Therian, M|319\/319
|-ability|p1a: Landorus-Therian|Intimidate|[of] p2a: Excadrill
|-unboost|p2a: Excadrill|atk|1
|turn|28
|
|switch|p1a: Gothitelle|Gothitelle, M|256\/343
|move|p2a: Excadrill|Iron Head|p1a: Gothitelle
|-damage|p1a: Gothitelle|0 fnt
|faint|p1a: Gothitelle
|
|-weather|Sandstorm|[upkeep]
|
|switch|p1a: Toxicroak|Toxicroak, F|258\/307
|turn|29
|
|move|p1a: Toxicroak|Sucker Punch|p2a: Excadrill
|-damage|p2a: Excadrill|205\/362
|-enditem|p2a: Excadrill|Air Balloon
|-damage|p1a: Toxicroak|228\/307|[from] item: Life Orb
|move|p2a: Excadrill|Iron Head|p1a: Toxicroak
|-damage|p1a: Toxicroak|0 fnt
|faint|p1a: Toxicroak
|
|-weather|Sandstorm|[upkeep]
|
|switch|p1a: Landorus-Therian|Landorus-Therian, M|319\/319
|-ability|p1a: Landorus-Therian|Intimidate|[of] p2a: Excadrill
|-unboost|p2a: Excadrill|atk|1
|turn|30
|
|switch|p2a: Garchomp|Garchomp-Mega, F|357\/357
|move|p1a: Landorus-Therian|Earthquake|p2a: Garchomp
|-damage|p2a: Garchomp|194\/357
|
|-weather|none
|turn|31
|
|move|p1a: Landorus-Therian|Earthquake|p2a: Garchomp
|-damage|p2a: Garchomp|22\/357
|move|p2a: Garchomp|Draco Meteor|p1a: Landorus-Therian
|-crit|p1a: Landorus-Therian
|-damage|p1a: Landorus-Therian|0 fnt
|-unboost|p2a: Garchomp|spa|2
|faint|p1a: Landorus-Therian
|
|
|switch|p1a: Noivern|Noivern, M|188\/311
|turn|32
|
|move|p1a: Noivern|Flamethrower|p2a: Garchomp
|-resisted|p2a: Garchomp
|-damage|p2a: Garchomp|0 fnt
|faint|p2a: Garchomp
|
|
|switch|p2a: Excadrill|Excadrill, M|205\/362
|turn|33
|
|move|p1a: Noivern|Flamethrower|p2a: Excadrill
|-supereffective|p2a: Excadrill
|-damage|p2a: Excadrill|0 fnt
|faint|p2a: Excadrill
|
|win|DeeTrain
|c|âDeeTrain|gg
|leave|Johnny_Diesel
|player|p2