|join|LT2A Vinc608
|join|DeeTrain
|player|p1|LT2A Vinc608|33
|player|p2|DeeTrain|2
|gametype|singles
|gen|6
|tier|OU
|rated
|clearpoke
|poke|p1|Hawlucha, M
|poke|p1|Gardevoir, F
|poke|p1|Heatran, F
|poke|p1|Landorus-Therian, M
|poke|p1|Rotom-Wash
|poke|p1|Latias, F
|poke|p2|Noivern, M
|poke|p2|Gardevoir, F
|poke|p2|Landorus-Therian, M
|poke|p2|Skarmory, M
|poke|p2|Toxicroak, M
|poke|p2|Gothitelle, M
|rule|Swagger Clause: Swagger is banned
|rule|Baton Pass Clause: Limit one PokÃ©mon knowing Baton Pass
|rule|Sleep Clause Mod: Limit one foe put to sleep
|rule|Species Clause: Limit one of each PokÃ©mon
|rule|OHKO Clause: OHKO moves are banned
|rule|Moody Clause: Moody is banned
|rule|Evasion Moves Clause: Evasion moves are banned
|rule|Endless Battle Clause: Forcing endless battles is banned
|rule|HP Percentage Mod: HP is shown in percentages
|teampreview
|
|start
|switch|p1a: Eaarth'|Landorus-Therian, M|319\/319
|switch|p2a: Landorus-Therian|Landorus-Therian, M|319\/319
|-ability|p2a: Landorus-Therian|Intimidate|[of] p1a: Eaarth'
|-unboost|p1a: Eaarth'|atk|1
|-ability|p1a: Eaarth'|Intimidate|[of] p2a: Landorus-Therian
|-unboost|p2a: Landorus-Therian|atk|1
|turn|1
|
|move|p2a: Landorus-Therian|Knock Off|p1a: Eaarth'
|-damage|p1a: Eaarth'|233\/319
|-enditem|p1a: Eaarth'|Choice Scarf|[from] move: Knock Off|[of] p2a: Landorus-Therian
|move|p1a: Eaarth'|U-turn|p2a: Landorus-Therian
|-resisted|p2a: Landorus-Therian
|-damage|p2a: Landorus-Therian|288\/319
|
|switch|p1a: Wait2Seconds|Rotom-Wash|304\/304
|
|turn|2
|
|switch|p2a: Gardevoir|Gardevoir, F|277\/277
|-ability|p2a: Gardevoir|Levitate|[from] ability: Trace|[of] p1a: Wait2Seconds
|move|p1a: Wait2Seconds|Hydro Pump|p2a: Gardevoir
|-damage|p2a: Gardevoir|156\/277
|
|turn|3
|
|detailschange|p2a: Gardevoir|Gardevoir-Mega, F
|message|Gardevoir has Mega Evolved into Mega Gardevoir!
|move|p2a: Gardevoir|Hyper Voice|p1a: Wait2Seconds
|-damage|p1a: Wait2Seconds|40\/304
|move|p1a: Wait2Seconds|Volt Switch|p2a: Gardevoir
|-damage|p2a: Gardevoir|87\/277
|
|switch|p1a: Eaarth'|Landorus-Therian, M|233\/319
|-ability|p1a: Eaarth'|Intimidate|[of] p2a: Gardevoir
|-unboost|p2a: Gardevoir|atk|1
|
|turn|4
|
|switch|p1a: Heatran|Heatran, F|385\/385
|switch|p2a: Skarmory|Skarmory, M|333\/333
|
|turn|5
|
|move|p1a: Heatran|Stealth Rock|p2a: Skarmory
|-sidestart|p2: DeeTrain|move: Stealth Rock
|move|p2a: Skarmory|Stealth Rock|p1a: Heatran
|-sidestart|p1: LT2A Vinc608|move: Stealth Rock
|
|turn|6
|
|move|p1a: Heatran|Lava Plume|p2a: Skarmory
|-supereffective|p2a: Skarmory
|-activate|p2a: Skarmory|Sturdy
|-damage|p2a: Skarmory|1\/333
|-status|p2a: Skarmory|brn
|move|p2a: Skarmory|Tailwind|p2a: Skarmory
|-sidestart|p2: DeeTrain|move: Tailwind
|
|-damage|p2a: Skarmory|0 fnt|[from] brn
|faint|p2a: Skarmory
|
|switch|p2a: Toxicroak|Toxicroak, M|307\/307
|-damage|p2a: Toxicroak|288\/307|[from] Stealth Rock
|turn|7
|
|switch|p1a: Wait2Seconds|Rotom-Wash|40\/304
|-damage|p1a: Wait2Seconds|2\/304|[from] Stealth Rock
|move|p2a: Toxicroak|Swords Dance|p2a: Toxicroak
|-boost|p2a: Toxicroak|atk|2
|
|-heal|p1a: Wait2Seconds|21\/304|[from] item: Leftovers
|turn|8
|
|move|p2a: Toxicroak|Drain Punch|p1a: Wait2Seconds
|-damage|p1a: Wait2Seconds|0 fnt
|-heal|p2a: Toxicroak|299\/307|[from] drain|[of] p1a: Wait2Seconds
|-damage|p2a: Toxicroak|269\/307|[from] item: Life Orb
|faint|p1a: Wait2Seconds
|
|join|dracollooooss
|
|switch|p1a: Hawlucha|Hawlucha, M|298\/298
|-damage|p1a: Hawlucha|261\/298|[from] Stealth Rock
|turn|9
|
|move|p2a: Toxicroak|Gunk Shot|p1a: Hawlucha
|-damage|p1a: Hawlucha|0 fnt
|-damage|p2a: Toxicroak|239\/307|[from] item: Life Orb
|faint|p1a: Hawlucha
|
|-sideend|p2: DeeTrain|move: Tailwind
|c|âLT2A Vinc608|wow
|
|switch|p1a: Mayade|Gardevoir, F|277\/277
|-damage|p1a: Mayade|243\/277|[from] Stealth Rock
|-ability|p1a: Mayade|Dry Skin|[from] ability: Trace|[of] p2a: Toxicroak
|turn|10
|c| dracollooooss|ok
|
|detailschange|p1a: Mayade|Gardevoir-Mega, F
|message|Gardevoir has Mega Evolved into Mega Gardevoir!
|move|p2a: Toxicroak|Gunk Shot|p1a: Mayade
|-supereffective|p1a: Mayade
|-damage|p1a: Mayade|0 fnt
|-damage|p2a: Toxicroak|209\/307|[from] item: Life Orb
|faint|p1a: Mayade
|
|c|âLT2A Vinc608|!data Toxicraok
No Pokemon, item, move, ability or nature named 'Toxicraok' was found. Showing the data of 'Toxicroak' instead.
|c|~|\/data-pokemon Toxicroak

|c|âLT2A Vinc608|ok
|
|switch|p1a: Eaarth'|Landorus-Therian, M|233\/319
|-damage|p1a: Eaarth'|194\/319|[from] Stealth Rock
|-ability|p1a: Eaarth'|Intimidate|[of] p2a: Toxicroak
|-unboost|p2a: Toxicroak|atk|1
|turn|11
|c| dracollooooss|gg
|c| dracollooooss|xd
|c|âLT2A Vinc608|I had think Toxicraok has 80 ^^
|
|move|p2a: Toxicroak|Sucker Punch|p1a: Eaarth'
|-damage|p1a: Eaarth'|8\/319
|-damage|p2a: Toxicroak|179\/307|[from] item: Life Orb
|move|p1a: Eaarth'|Earthquake|p2a: Toxicroak
|-crit|p2a: Toxicroak
|-supereffective|p2a: Toxicroak
|-damage|p2a: Toxicroak|0 fnt
|faint|p2a: Toxicroak
|
|c| dracollooooss|haxx
|c|âLT2A Vinc608|don't matter xd
|
|switch|p2a: Landorus-Therian|Landorus-Therian, M|288\/319
|-damage|p2a: Landorus-Therian|249\/319|[from] Stealth Rock
|-ability|p2a: Landorus-Therian|Intimidate|[of] p1a: Eaarth'
|-unboost|p1a: Eaarth'|atk|1
|turn|12
|
|move|p2a: Landorus-Therian|U-turn|p1a: Eaarth'
|-resisted|p1a: Eaarth'
|-damage|p1a: Eaarth'|0 fnt
|faint|p1a: Eaarth'
|
|switch|p2a: Gardevoir|Gardevoir-Mega, F|87\/277
|-damage|p2a: Gardevoir|53\/277|[from] Stealth Rock
|
|
|switch|p1a: Heatran|Heatran, F|385\/385
|-damage|p1a: Heatran|337\/385|[from] Stealth Rock
|turn|13
|join|goku le kikou
|
|move|p2a: Gardevoir|Focus Blast|p1a: Heatran
|-supereffective|p1a: Heatran
|-damage|p1a: Heatran|51\/385
|move|p1a: Heatran|Lava Plume|p2a: Gardevoir
|-damage|p2a: Gardevoir|0 fnt
|faint|p2a: Gardevoir
|
|-heal|p1a: Heatran|75\/385|[from] item: Leftovers
|leave|goku le kikou
|
|switch|p2a: Landorus-Therian|Landorus-Therian, M|249\/319
|-damage|p2a: Landorus-Therian|210\/319|[from] Stealth Rock
|-ability|p2a: Landorus-Therian|Intimidate|[of] p1a: Heatran
|-unboost|p1a: Heatran|atk|1
|turn|14
|
|move|p2a: Landorus-Therian|Knock Off|p1a: Heatran
|-crit|p1a: Heatran
|-damage|p1a: Heatran|0 fnt
|-enditem|p1a: Heatran|Leftovers|[from] move: Knock Off|[of] p2a: Landorus-Therian
|faint|p1a: Heatran
|
|
|switch|p1a: Maomiraeniya|Latias, F|319\/319
|-damage|p1a: Maomiraeniya|280\/319|[from] Stealth Rock
|turn|15
|
|move|p2a: Landorus-Therian|Knock Off|p1a: Maomiraeniya
|-supereffective|p1a: Maomiraeniya
|-damage|p1a: Maomiraeniya|0 fnt
|-enditem|p1a: Maomiraeniya|Life Orb|[from] move: Knock Off|[of] p2a: Landorus-Therian
|faint|p1a: Maomiraeniya
|
|win|DeeTrain
|raw|Ladder updating...
|raw|LT2A Vinc608's rating: 1434 &rarr; <strong>1415<\/strong><br \/>(-19 for losing)
|raw|DeeTrain's rating: 1444 &rarr; <strong>1463<\/strong><br \/>(+19 for winning)
|c|âDeeTrain|gg
|leave|LT2A Vinc608
|player|p1
|leave|DeeTrain
|player|p2