|join|oslo
|join|DeeTrain
|player|p1|oslo|101
|player|p2|DeeTrain|2
|gametype|singles
|gen|6
|tier|OU
|rated
|clearpoke
|poke|p1|Rotom-Wash
|poke|p1|Greninja, M
|poke|p1|Ditto, shiny
|poke|p1|Charizard, M
|poke|p1|Garchomp, F
|poke|p1|Mew, shiny
|poke|p2|Mamoswine, M
|poke|p2|Magnezone
|poke|p2|Skarmory, M
|poke|p2|Gyarados, M
|poke|p2|Clefable, F
|poke|p2|Dragonite, M
|rule|Swagger Clause: Swagger is banned
|rule|Baton Pass Clause: Limit one PokÃ©mon knowing Baton Pass
|rule|Sleep Clause Mod: Limit one foe put to sleep
|rule|Species Clause: Limit one of each PokÃ©mon
|rule|OHKO Clause: OHKO moves are banned
|rule|Moody Clause: Moody is banned
|rule|Evasion Moves Clause: Evasion moves are banned
|rule|Endless Battle Clause: Forcing endless battles is banned
|rule|HP Percentage Mod: HP is shown in percentages
|teampreview
|
|start
|switch|p1a: Charizard|Charizard, M|298\/298
|switch|p2a: Clefable|Clefable, F|393\/393
|turn|1
|
|switch|p2a: Gyarados|Gyarados, M|341\/341
|-ability|p2a: Gyarados|Intimidate|[of] p1a: Charizard
|-unboost|p1a: Charizard|atk|1
|detailschange|p1a: Charizard|Charizard-Mega-Y, M
|message|Charizard has Mega Evolved into Mega Charizard!
|-weather|SunnyDay
|move|p1a: Charizard|Fire Blast|p2a: Gyarados
|-resisted|p2a: Gyarados
|-damage|p2a: Gyarados|155\/341
|
|-weather|SunnyDay|[upkeep]
|turn|2
|
|switch|p2a: Dragonite|Dragonite, M|331\/331
|move|p1a: Charizard|Fire Blast|p2a: Dragonite
|-resisted|p2a: Dragonite
|-damage|p2a: Dragonite|246\/331
|
|-weather|SunnyDay|[upkeep]
|turn|3
|
|switch|p1a: Rotom-Wash|Rotom-Wash|304\/304
|move|p2a: Dragonite|Dragon Dance|p2a: Dragonite
|-boost|p2a: Dragonite|atk|1
|-boost|p2a: Dragonite|spe|1
|
|-weather|SunnyDay|[upkeep]
|turn|4
|
|move|p2a: Dragonite|Outrage|p1a: Rotom-Wash
|-damage|p1a: Rotom-Wash|28\/304
|move|p1a: Rotom-Wash|Will-O-Wisp|p2a: Dragonite|[miss]
|-miss|p1a: Rotom-Wash|p2a: Dragonite
|
|-weather|SunnyDay|[upkeep]
|-heal|p1a: Rotom-Wash|47\/304|[from] item: Leftovers
|turn|5
|
|move|p2a: Dragonite|Outrage|p1a: Rotom-Wash
|-damage|p1a: Rotom-Wash|0 fnt
|faint|p1a: Rotom-Wash
|
|-weather|none
|
|switch|p1a: Ditto|Ditto, shiny|299\/299
|-transform|p1a: Ditto|p2a: Dragonite
|turn|6
|
|move|p1a: Ditto|Outrage|p2a: Dragonite
|-supereffective|p2a: Dragonite
|-damage|p2a: Dragonite|0 fnt
|faint|p2a: Dragonite
|
|
|switch|p2a: Clefable|Clefable, F|393\/393
|turn|7
|
|move|p1a: Ditto|Outrage|p2a: Clefable
|-immune|p2a: Clefable|[msg]
|move|p2a: Clefable|Stealth Rock|p1a: Ditto
|-sidestart|p1: oslo|move: Stealth Rock
|
|-end|p1a: Ditto|rampage
|-start|p1a: Ditto|confusion
|turn|8
|leave|DeeTrain
|player|p2
|join|DeeTrain
|player|p2|DeeTrain|2
|
|switch|p1a: Greninja|Greninja, M|285\/285
|-damage|p1a: Greninja|250\/285|[from] Stealth Rock
|switch|p2a: Skarmory|Skarmory, M|333\/333
|
|turn|9
|
|switch|p2a: Gyarados|Gyarados, M|155\/341
|-ability|p2a: Gyarados|Intimidate|[of] p1a: Greninja
|-unboost|p1a: Greninja|atk|1
|move|p1a: Greninja|Taunt|p2a: Gyarados
|-start|p1a: Greninja|typechange|Dark|[from] Protean
|-start|p2a: Gyarados|move: Taunt
|
|turn|10
|
|detailschange|p2a: Gyarados|Gyarados-Mega, M
|message|Gyarados has Mega Evolved into Mega Gyarados!
|-ability|p2a: Gyarados|Mold Breaker
|move|p1a: Greninja|U-turn|p2a: Gyarados
|-start|p1a: Greninja|typechange|Bug|[from] Protean
|-supereffective|p2a: Gyarados
|-damage|p2a: Gyarados|29\/341
|
|switch|p1a: Ditto|Ditto, shiny|299\/299
|-damage|p1a: Ditto|262\/299|[from] Stealth Rock
|-transform|p1a: Ditto|p2a: Gyarados
|-ability|p1a: Ditto|Mold Breaker
|move|p2a: Gyarados|Waterfall|p1a: Ditto
|-resisted|p1a: Ditto
|-damage|p1a: Ditto|176\/299
|
|turn|11
|
|switch|p2a: Skarmory|Skarmory, M|333\/333
|move|p1a: Ditto|Waterfall|p2a: Skarmory
|-damage|p2a: Skarmory|236\/333
|
|-heal|p2a: Skarmory|256\/333|[from] item: Leftovers
|turn|12
|
|move|p1a: Ditto|Waterfall|p2a: Skarmory
|-damage|p2a: Skarmory|159\/333
|move|p2a: Skarmory|Whirlwind|p1a: Ditto
|drag|p1a: Mew|Mew, shiny|404\/404
|-damage|p1a: Mew|354\/404|[from] Stealth Rock
|
|-heal|p1a: Mew|379\/404|[from] item: Leftovers
|-heal|p2a: Skarmory|179\/333|[from] item: Leftovers
|turn|13
|
|switch|p2a: Mamoswine|Mamoswine, M|361\/361
|move|p1a: Mew|Knock Off|p2a: Mamoswine
|-damage|p2a: Mamoswine|282\/361
|-enditem|p2a: Mamoswine|Life Orb|[from] move: Knock Off|[of] p1a: Mew
|
|-heal|p1a: Mew|404\/404|[from] item: Leftovers
|turn|14
|
|switch|p2a: Clefable|Clefable, F|393\/393
|switch|p1a: Greninja|Greninja, M|250\/285
|-damage|p1a: Greninja|215\/285|[from] Stealth Rock
|
|turn|15
|
|move|p1a: Greninja|Taunt|p2a: Clefable
|-start|p1a: Greninja|typechange|Dark|[from] Protean
|-start|p2a: Clefable|move: Taunt
|move|p2a: Clefable|Moonblast|p1a: Greninja
|-supereffective|p1a: Greninja
|-damage|p1a: Greninja|0 fnt
|faint|p1a: Greninja
|
|
|switch|p1a: Mew|Mew, shiny|404\/404
|-damage|p1a: Mew|354\/404|[from] Stealth Rock
|turn|16
|
|move|p1a: Mew|Defog|p2a: Clefable
|-unboost|p2a: Clefable|evasion|1
|-sideend|p1: oslo|Stealth Rock|[from] move: Defog|[of] p1a: Mew
|move|p2a: Clefable|Moonblast|p1a: Mew
|-damage|p1a: Mew|248\/404
|
|-heal|p1a: Mew|273\/404|[from] item: Leftovers
|turn|17
|
|switch|p2a: Gyarados|Gyarados-Mega, M|29\/341
|-ability|p2a: Gyarados|Mold Breaker
|move|p1a: Mew|Thunder Wave|p2a: Gyarados
|-status|p2a: Gyarados|par
|
|-heal|p1a: Mew|298\/404|[from] item: Leftovers
|turn|18
|
|move|p1a: Mew|Knock Off|p2a: Gyarados
|-resisted|p2a: Gyarados
|-damage|p2a: Gyarados|9\/341 par
|move|p2a: Gyarados|Waterfall|p1a: Mew
|-damage|p1a: Mew|142\/404
|
|-heal|p1a: Mew|167\/404|[from] item: Leftovers
|turn|19
|
|move|p1a: Mew|Knock Off|p2a: Gyarados
|-resisted|p2a: Gyarados
|-damage|p2a: Gyarados|0 fnt
|faint|p2a: Gyarados
|
|-heal|p1a: Mew|192\/404|[from] item: Leftovers
|
|switch|p2a: Mamoswine|Mamoswine, M|282\/361
|turn|20
|
|move|p2a: Mamoswine|Icicle Spear|p1a: Mew
|-damage|p1a: Mew|152\/404
|-damage|p1a: Mew|113\/404
|-damage|p1a: Mew|73\/404
|-hitcount|p1a: Mew|3
|move|p1a: Mew|Soft-Boiled|p1a: Mew
|-heal|p1a: Mew|275\/404
|
|-heal|p1a: Mew|300\/404|[from] item: Leftovers
|turn|21
|
|move|p2a: Mamoswine|Earthquake|p1a: Mew
|-crit|p1a: Mew
|-damage|p1a: Mew|74\/404
|move|p1a: Mew|Soft-Boiled|p1a: Mew
|-heal|p1a: Mew|276\/404
|
|-heal|p1a: Mew|301\/404|[from] item: Leftovers
|turn|22
|
|switch|p1a: Charizard|Charizard-Mega-Y, M|298\/298
|-weather|SunnyDay
|move|p2a: Mamoswine|Earthquake|p1a: Charizard
|-immune|p1a: Charizard|[msg]
|
|-weather|SunnyDay|[upkeep]
|turn|23
|
|move|p2a: Mamoswine|Ice Shard|p1a: Charizard
|-damage|p1a: Charizard|211\/298
|move|p1a: Charizard|Fire Blast|p2a: Mamoswine|[miss]
|-miss|p1a: Charizard|p2a: Mamoswine
|
|-weather|SunnyDay|[upkeep]
|turn|24
|
|move|p2a: Mamoswine|Ice Shard|p1a: Charizard
|-damage|p1a: Charizard|126\/298
|move|p1a: Charizard|Fire Blast|p2a: Mamoswine
|-supereffective|p2a: Mamoswine
|-damage|p2a: Mamoswine|0 fnt
|faint|p2a: Mamoswine
|
|-weather|SunnyDay|[upkeep]
|
|switch|p2a: Magnezone|Magnezone|281\/281
|turn|25
|
|switch|p1a: Garchomp|Garchomp, F|357\/357
|move|p2a: Magnezone|Volt Switch|p1a: Garchomp
|-immune|p1a: Garchomp|[msg]
|
|-weather|SunnyDay|[upkeep]
|turn|26
|
|switch|p2a: Skarmory|Skarmory, M|179\/333
|move|p1a: Garchomp|Earthquake|p2a: Skarmory
|-immune|p2a: Skarmory|[msg]
|
|-weather|none
|-heal|p2a: Skarmory|199\/333|[from] item: Leftovers
|turn|27
|
|switch|p2a: Clefable|Clefable, F|393\/393
|move|p1a: Garchomp|Dragon Rush|p2a: Clefable
|-immune|p2a: Clefable|[msg]
|
|turn|28
|
|switch|p1a: Ditto|Ditto, shiny|176\/299
|-transform|p1a: Ditto|p2a: Clefable
|move|p2a: Clefable|Stealth Rock|p1a: Ditto
|-sidestart|p1: oslo|move: Stealth Rock
|
|turn|29
|
|move|p1a: Ditto|Soft-Boiled|p1a: Ditto
|-heal|p1a: Ditto|299\/299
|move|p2a: Clefable|Calm Mind|p2a: Clefable
|-boost|p2a: Clefable|spa|1
|-boost|p2a: Clefable|spd|1
|
|turn|30
|
|switch|p1a: Mew|Mew, shiny|301\/404
|-damage|p1a: Mew|251\/404|[from] Stealth Rock
|move|p2a: Clefable|Moonblast|p1a: Mew
|-damage|p1a: Mew|77\/404
|-unboost|p1a: Mew|spa|1
|
|-heal|p1a: Mew|102\/404|[from] item: Leftovers
|turn|31
|
|move|p1a: Mew|Knock Off|p2a: Clefable
|-resisted|p2a: Clefable
|-damage|p2a: Clefable|362\/393
|-enditem|p2a: Clefable|Leftovers|[from] move: Knock Off|[of] p1a: Mew
|move|p2a: Clefable|Moonblast|p1a: Mew
|-damage|p1a: Mew|0 fnt
|faint|p1a: Mew
|
|
|switch|p1a: Ditto|Ditto, shiny|299\/299
|-damage|p1a: Ditto|262\/299|[from] Stealth Rock
|-transform|p1a: Ditto|p2a: Clefable
|turn|32
|
|move|p1a: Ditto|Moonblast|p2a: Clefable
|-damage|p2a: Clefable|247\/393
|move|p2a: Clefable|Moonblast|p1a: Ditto
|-damage|p1a: Ditto|150\/299
|
|turn|33
|
|move|p1a: Ditto|Moonblast|p2a: Clefable
|-damage|p2a: Clefable|126\/393
|move|p2a: Clefable|Soft-Boiled|p2a: Clefable
|-heal|p2a: Clefable|323\/393
|
|turn|34
|
|move|p1a: Ditto|Moonblast|p2a: Clefable
|-damage|p2a: Clefable|205\/393
|move|p2a: Clefable|Moonblast|p1a: Ditto
|-damage|p1a: Ditto|33\/299
|
|turn|35
|
|move|p1a: Ditto|Moonblast|p2a: Clefable
|-damage|p2a: Clefable|94\/393
|-unboost|p2a: Clefable|spa|1
|move|p2a: Clefable|Soft-Boiled|p2a: Clefable
|-heal|p2a: Clefable|291\/393
|
|turn|36
|
|move|p1a: Ditto|Moonblast|p2a: Clefable
|-damage|p2a: Clefable|176\/393
|move|p2a: Clefable|Calm Mind|p2a: Clefable
|-boost|p2a: Clefable|spa|1
|-boost|p2a: Clefable|spd|1
|
|turn|37
|
|-activate|p1a: Ditto|move: Struggle
|move|p1a: Ditto|Struggle|p2a: Clefable
|-damage|p2a: Clefable|151\/393
|-damage|p1a: Ditto|0 fnt
|faint|p1a: Ditto
|move|p2a: Clefable|Soft-Boiled|p2a: Clefable
|-heal|p2a: Clefable|348\/393
|
|
|switch|p1a: Charizard|Charizard-Mega-Y, M|126\/298
|-damage|p1a: Charizard|0 fnt|[from] Stealth Rock
|faint|p1a: Charizard
|
|switch|p1a: Garchomp|Garchomp, F|357\/357
|-damage|p1a: Garchomp|335\/357|[from] Stealth Rock
|turn|38
|
|move|p1a: Garchomp|Earthquake|p2a: Clefable
|-damage|p2a: Clefable|192\/393
|move|p2a: Clefable|Moonblast|p1a: Garchomp
|-supereffective|p1a: Garchomp
|-damage|p1a: Garchomp|0 fnt
|faint|p1a: Garchomp
|
|win|DeeTrain
|raw|Ladder updating...
|raw|oslo's rating: 1436 &rarr; <strong>1412<\/strong><br \/>(-24 for losing)
|raw|DeeTrain's rating: 1351 &rarr; <strong>1376<\/strong><br \/>(+25 for winning)
|c|âDeeTrain|gg