|join|DeeTrain
|join|Monster 87
|player|p1|DeeTrain|2
|player|p2|Monster 87|101
|gametype|singles
|gen|6
|tier|OU
|rated
|clearpoke
|poke|p1|Garchomp, M
|poke|p1|Excadrill, M
|poke|p1|Tyranitar, F
|poke|p1|Ferrothorn, F
|poke|p1|Azumarill, F
|poke|p1|Landorus, M
|poke|p2|Volcarona, M
|poke|p2|Rotom-Wash
|poke|p2|Latias, F
|poke|p2|Dugtrio, M
|poke|p2|Scizor, F
|poke|p2|Terrakion
|rule|Swagger Clause: Swagger is banned
|rule|Baton Pass Clause: Limit one PokÃ©mon knowing Baton Pass
|rule|Sleep Clause Mod: Limit one foe put to sleep
|rule|Species Clause: Limit one of each PokÃ©mon
|rule|OHKO Clause: OHKO moves are banned
|rule|Moody Clause: Moody is banned
|rule|Evasion Moves Clause: Evasion moves are banned
|rule|Endless Battle Clause: Forcing endless battles is banned
|rule|HP Percentage Mod: HP is shown in percentages
|teampreview
|
|start
|switch|p1a: Landorus|Landorus, M|319\/319
|switch|p2a: Latias|Latias, F|301\/301
|turn|1
|
|switch|p2a: HURP|Terrakion|323\/323
|move|p1a: Landorus|U-turn|p2a: HURP
|-resisted|p2a: HURP
|-damage|p2a: HURP|282\/323
|
|switch|p1a: Azumarill|Azumarill, F|347\/347
|
|turn|2
|
|switch|p2a: Scizor|Scizor, F|311\/311
|move|p1a: Azumarill|Waterfall|p2a: Scizor
|-damage|p2a: Scizor|131\/311
|
|turn|3
|
|detailschange|p2a: Scizor|Scizor-Mega, F
|message|Scizor has Mega Evolved into Mega Scizor!
|move|p2a: Scizor|Roost|p2a: Scizor
|-heal|p2a: Scizor|287\/311
|move|p1a: Azumarill|Waterfall|p2a: Scizor
|-damage|p2a: Scizor|166\/311
|
|turn|4
|
|switch|p1a: Garchomp|Garchomp, M|357\/357
|move|p2a: Scizor|Roost|p2a: Scizor
|-heal|p2a: Scizor|311\/311
|
|turn|5
|
|switch|p2a: Latias|Latias, F|301\/301
|move|p1a: Garchomp|Fire Blast|p2a: Latias
|-resisted|p2a: Latias
|-damage|p2a: Latias|263\/301
|
|turn|6
|
|switch|p2a: Dancin' Dancin'|Volcarona, M|373\/373
|switch|p1a: Tyranitar|Tyranitar, F|403\/403
|-weather|Sandstorm
|
|-weather|Sandstorm|[upkeep]
|-damage|p2a: Dancin' Dancin'|350\/373|[from] Sandstorm
|-heal|p2a: Dancin' Dancin'|373\/373|[from] item: Leftovers
|turn|7
|
|switch|p2a: HURP|Terrakion|282\/323
|switch|p1a: Ferrothorn|Ferrothorn, F|351\/351
|
|-weather|Sandstorm|[upkeep]
|turn|8
|
|switch|p1a: Azumarill|Azumarill, F|347\/347
|move|p2a: HURP|Close Combat|p1a: Azumarill
|-resisted|p1a: Azumarill
|-damage|p1a: Azumarill|218\/347
|-unboost|p2a: HURP|def|1
|-unboost|p2a: HURP|spd|1
|
|-weather|Sandstorm|[upkeep]
|-damage|p1a: Azumarill|197\/347|[from] Sandstorm
|turn|9
|
|switch|p2a: CleanMeUpNice|Rotom-Wash|303\/303
|switch|p1a: Ferrothorn|Ferrothorn, F|351\/351
|
|-weather|Sandstorm|[upkeep]
|-damage|p2a: CleanMeUpNice|285\/303|[from] Sandstorm
|-heal|p2a: CleanMeUpNice|303\/303|[from] item: Leftovers
|turn|10
|
|move|p2a: CleanMeUpNice|Will-O-Wisp|p1a: Ferrothorn
|-status|p1a: Ferrothorn|brn
|move|p1a: Ferrothorn|Spikes|p2a: CleanMeUpNice
|-sidestart|p2: Monster 87|Spikes
|
|-weather|Sandstorm|[upkeep]
|-damage|p2a: CleanMeUpNice|285\/303|[from] Sandstorm
|-heal|p2a: CleanMeUpNice|303\/303|[from] item: Leftovers
|-damage|p1a: Ferrothorn|308\/351 brn|[from] brn
|turn|11
|
|move|p2a: CleanMeUpNice|Volt Switch|p1a: Ferrothorn
|-resisted|p1a: Ferrothorn
|-damage|p1a: Ferrothorn|278\/351 brn
|
|switch|p2a: Latias|Latias, F|263\/301
|move|p1a: Ferrothorn|Leech Seed|p2a: Latias
|-start|p2a: Latias|move: Leech Seed
|
|-weather|Sandstorm|[upkeep]
|-damage|p2a: Latias|245\/301|[from] Sandstorm
|-damage|p2a: Latias|208\/301|[from] Leech Seed|[of] p1a: Ferrothorn
|-heal|p1a: Ferrothorn|315\/351 brn|[silent]
|-damage|p1a: Ferrothorn|272\/351 brn|[from] brn
|turn|12
|
|switch|p2a: Dancin' Dancin'|Volcarona, M|373\/373
|-damage|p2a: Dancin' Dancin'|327\/373|[from] Spikes
|switch|p1a: Tyranitar|Tyranitar, F|403\/403
|
|-weather|Sandstorm|[upkeep]
|-damage|p2a: Dancin' Dancin'|304\/373|[from] Sandstorm
|-heal|p2a: Dancin' Dancin'|327\/373|[from] item: Leftovers
|turn|13
|
|switch|p2a: HURP|Terrakion|282\/323
|-damage|p2a: HURP|242\/323|[from] Spikes
|move|p1a: Tyranitar|Stealth Rock|p2a: HURP
|-sidestart|p2: Monster 87|move: Stealth Rock
|
|-weather|none
|turn|14
|
|switch|p1a: Ferrothorn|Ferrothorn, F|272\/351 brn
|move|p2a: HURP|Close Combat|p1a: Ferrothorn
|-supereffective|p1a: Ferrothorn
|-damage|p1a: Ferrothorn|0 fnt
|-damage|p2a: HURP|202\/323|[from] ability: Iron Barbs|[of] p1a: Ferrothorn
|-unboost|p2a: HURP|def|1
|-unboost|p2a: HURP|spd|1
|faint|p1a: Ferrothorn
|
|
|switch|p1a: Garchomp|Garchomp, M|357\/357
|turn|15
|
|switch|p2a: CleanMeUpNice|Rotom-Wash|303\/303
|-damage|p2a: CleanMeUpNice|266\/303|[from] Stealth Rock
|move|p1a: Garchomp|Draco Meteor|p2a: CleanMeUpNice
|-damage|p2a: CleanMeUpNice|104\/303
|-unboost|p1a: Garchomp|spa|2
|
|-heal|p2a: CleanMeUpNice|122\/303|[from] item: Leftovers
|turn|16
|
|switch|p1a: Tyranitar|Tyranitar, F|403\/403
|-weather|Sandstorm
|move|p2a: CleanMeUpNice|Pain Split|p1a: Tyranitar
|-sethp|p1a: Tyranitar|262\/403|p2a: CleanMeUpNice|262\/303|[from] move: Pain Split
|
|-weather|Sandstorm|[upkeep]
|-damage|p2a: CleanMeUpNice|244\/303|[from] Sandstorm
|-heal|p2a: CleanMeUpNice|262\/303|[from] item: Leftovers
|turn|17
|
|move|p2a: CleanMeUpNice|Will-O-Wisp|p1a: Tyranitar
|-status|p1a: Tyranitar|brn
|move|p1a: Tyranitar|Stone Edge|p2a: CleanMeUpNice
|-damage|p2a: CleanMeUpNice|205\/303
|
|-weather|Sandstorm|[upkeep]
|-damage|p2a: CleanMeUpNice|187\/303|[from] Sandstorm
|-heal|p2a: CleanMeUpNice|205\/303|[from] item: Leftovers
|-damage|p1a: Tyranitar|212\/403 brn|[from] brn
|turn|18
|
|switch|p1a: Landorus|Landorus, M|319\/319
|move|p2a: CleanMeUpNice|Hydro Pump|p1a: Landorus
|-supereffective|p1a: Landorus
|-damage|p1a: Landorus|5\/319
|
|-weather|Sandstorm|[upkeep]
|-damage|p2a: CleanMeUpNice|187\/303|[from] Sandstorm
|-heal|p2a: CleanMeUpNice|205\/303|[from] item: Leftovers
|turn|19
|
|move|p1a: Landorus|U-turn|p2a: CleanMeUpNice
|-damage|p2a: CleanMeUpNice|146\/303
|
|switch|p1a: Azumarill|Azumarill, F|197\/347
|move|p2a: CleanMeUpNice|Volt Switch|p1a: Azumarill
|-supereffective|p1a: Azumarill
|-damage|p1a: Azumarill|75\/347
|
|switch|p2a: Latias|Latias, F|208\/301
|-damage|p2a: Latias|171\/301|[from] Stealth Rock
|
|-weather|Sandstorm|[upkeep]
|-damage|p2a: Latias|153\/301|[from] Sandstorm
|-damage|p1a: Azumarill|54\/347|[from] Sandstorm
|turn|20
|
|move|p2a: Latias|Defog|p1a: Azumarill
|-unboost|p1a: Azumarill|evasion|1
|-sideend|p2: Monster 87|Spikes|[from] move: Defog|[of] p2a: Latias
|-sideend|p2: Monster 87|Stealth Rock|[from] move: Defog|[of] p2a: Latias
|move|p1a: Azumarill|Play Rough|p2a: Latias
|-supereffective|p2a: Latias
|-damage|p2a: Latias|0 fnt
|faint|p2a: Latias
|
|-weather|Sandstorm|[upkeep]
|-damage|p1a: Azumarill|33\/347|[from] Sandstorm
|
|switch|p2a: Dancin' Dancin'|Volcarona, M|327\/373
|turn|21
|
|move|p1a: Azumarill|Aqua Jet|p2a: Dancin' Dancin'
|-supereffective|p2a: Dancin' Dancin'
|-damage|p2a: Dancin' Dancin'|97\/373
|move|p2a: Dancin' Dancin'|Fiery Dance|p1a: Azumarill
|-resisted|p1a: Azumarill
|-damage|p1a: Azumarill|0 fnt
|faint|p1a: Azumarill
|
|-weather|Sandstorm|[upkeep]
|-damage|p2a: Dancin' Dancin'|74\/373|[from] Sandstorm
|-heal|p2a: Dancin' Dancin'|97\/373|[from] item: Leftovers
|
|switch|p1a: Landorus|Landorus, M|5\/319
|turn|22
|
|move|p1a: Landorus|Stone Edge|p2a: Dancin' Dancin'
|-supereffective|p2a: Dancin' Dancin'
|-damage|p2a: Dancin' Dancin'|0 fnt
|faint|p2a: Dancin' Dancin'
|
|-weather|Sandstorm|[upkeep]
|
|switch|p2a: Scizor|Scizor-Mega, F|311\/311
|turn|23
|
|switch|p1a: Garchomp|Garchomp, M|357\/357
|move|p2a: Scizor|Swords Dance|p2a: Scizor
|-boost|p2a: Scizor|atk|2
|
|-weather|none
|turn|24
|
|detailschange|p1a: Garchomp|Garchomp-Mega, M
|message|Garchomp has Mega Evolved into Mega Garchomp!
|move|p2a: Scizor|Bullet Punch|p1a: Garchomp
|-damage|p1a: Garchomp|125\/357
|move|p1a: Garchomp|Fire Blast|p2a: Scizor
|-supereffective|p2a: Scizor
|-damage|p2a: Scizor|0 fnt
|faint|p2a: Scizor
|
|
|switch|p2a: HURP|Terrakion|202\/323
|turn|25
|
|switch|p1a: Tyranitar|Tyranitar, F|212\/403 brn
|-weather|Sandstorm
|move|p2a: HURP|Close Combat|p1a: Tyranitar
|-supereffective|p1a: Tyranitar
|-damage|p1a: Tyranitar|0 fnt
|-unboost|p2a: HURP|def|1
|-unboost|p2a: HURP|spd|1
|faint|p1a: Tyranitar
|
|-weather|Sandstorm|[upkeep]
|
|switch|p1a: Landorus|Landorus, M|5\/319
|turn|26
|
|move|p2a: HURP|Close Combat|p1a: Landorus
|-resisted|p1a: Landorus
|-damage|p1a: Landorus|0 fnt
|-unboost|p2a: HURP|def|1
|-unboost|p2a: HURP|spd|1
|faint|p1a: Landorus
|
|-weather|Sandstorm|[upkeep]
|
|switch|p1a: Excadrill|Excadrill, M|361\/361
|-item|p1a: Excadrill|Air Balloon
|turn|27
|
|move|p1a: Excadrill|Iron Head|p2a: HURP
|-supereffective|p2a: HURP
|-damage|p2a: HURP|0 fnt
|faint|p2a: HURP
|
|-weather|Sandstorm|[upkeep]
|
|switch|p2a: CleanMeUpNice|Rotom-Wash|146\/303
|turn|28
|
|move|p1a: Excadrill|Swords Dance|p1a: Excadrill
|-boost|p1a: Excadrill|atk|2
|move|p2a: CleanMeUpNice|Pain Split|p1a: Excadrill
|-sethp|p1a: Excadrill|253\/361|p2a: CleanMeUpNice|253\/303|[from] move: Pain Split
|
|-weather|Sandstorm|[upkeep]
|-damage|p2a: CleanMeUpNice|235\/303|[from] Sandstorm
|-heal|p2a: CleanMeUpNice|253\/303|[from] item: Leftovers
|turn|29
|
|move|p1a: Excadrill|Swords Dance|p1a: Excadrill
|-boost|p1a: Excadrill|atk|2
|move|p2a: CleanMeUpNice|Hydro Pump|p1a: Excadrill
|-supereffective|p1a: Excadrill
|-damage|p1a: Excadrill|0 fnt
|-enditem|p1a: Excadrill|Air Balloon
|faint|p1a: Excadrill
|
|-weather|Sandstorm|[upkeep]
|-damage|p2a: CleanMeUpNice|235\/303|[from] Sandstorm
|-heal|p2a: CleanMeUpNice|253\/303|[from] item: Leftovers
|
|switch|p1a: Garchomp|Garchomp-Mega, M|125\/357
|turn|30
|
|move|p1a: Garchomp|Draco Meteor|p2a: CleanMeUpNice
|-damage|p2a: CleanMeUpNice|54\/303
|-unboost|p1a: Garchomp|spa|2
|move|p2a: CleanMeUpNice|Hydro Pump|p1a: Garchomp
|-damage|p1a: Garchomp|0 fnt
|faint|p1a: Garchomp
|
|win|Monster 87
|raw|Ladder updating...
|raw|DeeTrain's rating: 1454 &rarr; <strong>1436<\/strong><br \/>(-18 for losing)
|raw|Monster 87's rating: 1487 &rarr; <strong>1505<\/strong><br \/>(+18 for winning)
|leave|DeeTrain
|player|p1