|join|DeeTrain
|join|roystopror
|player|p1|DeeTrain|2
|player|p2|roystopror|280
|gametype|singles
|gen|6
|tier|OU
|rated
|clearpoke
|poke|p1|Ferrothorn, M
|poke|p1|Glalie, M
|poke|p1|Heatran, M
|poke|p1|Keldeo-Resolute
|poke|p1|Dragonite, F
|poke|p1|Thundurus, M
|poke|p2|Lopunny, F
|poke|p2|Azumarill, M, shiny
|poke|p2|Landorus-Therian, M, shiny
|poke|p2|Talonflame, M, shiny
|poke|p2|Conkeldurr, M, shiny
|poke|p2|Latios, M, shiny
|rule|Swagger Clause: Swagger is banned
|rule|Baton Pass Clause: Limit one PokÃ©mon knowing Baton Pass
|rule|Sleep Clause Mod: Limit one foe put to sleep
|rule|Species Clause: Limit one of each PokÃ©mon
|rule|OHKO Clause: OHKO moves are banned
|rule|Moody Clause: Moody is banned
|rule|Evasion Moves Clause: Evasion moves are banned
|rule|Endless Battle Clause: Forcing endless battles is banned
|rule|HP Percentage Mod: HP is shown in percentages
|teampreview
|
|start
|switch|p1a: Thundurus|Thundurus, M|298\/298
|switch|p2a: Landorus-Therian|Landorus-Therian, M, shiny|382\/382
|-ability|p2a: Landorus-Therian|Intimidate|[of] p1a: Thundurus
|-unboost|p1a: Thundurus|atk|1
|-boost|p1a: Thundurus|atk|2|[from] ability: Defiant
|turn|1
|
|switch|p1a: Ferrothorn|Ferrothorn, M|349\/349
|move|p2a: Landorus-Therian|Stealth Rock|p1a: Ferrothorn
|-sidestart|p1: DeeTrain|move: Stealth Rock
|
|turn|2
|
|move|p2a: Landorus-Therian|Knock Off|p1a: Ferrothorn
|-damage|p1a: Ferrothorn|250\/349
|-damage|p2a: Landorus-Therian|335\/382|[from] ability: Iron Barbs|[of] p1a: Ferrothorn
|-enditem|p1a: Ferrothorn|Shed Shell|[from] move: Knock Off|[of] p2a: Landorus-Therian
|move|p1a: Ferrothorn|Leech Seed|p2a: Landorus-Therian
|-start|p2a: Landorus-Therian|move: Leech Seed
|
|-heal|p2a: Landorus-Therian|358\/382|[from] item: Leftovers
|-damage|p2a: Landorus-Therian|311\/382|[from] Leech Seed|[of] p1a: Ferrothorn
|-heal|p1a: Ferrothorn|297\/349|[silent]
|turn|3
|
|switch|p2a: Latios|Latios, M, shiny|302\/302
|move|p1a: Ferrothorn|Gyro Ball|p2a: Latios
|-damage|p2a: Latios|91\/302
|
|turn|4
|
|move|p1a: Ferrothorn|Protect|p1a: Ferrothorn
|-singleturn|p1a: Ferrothorn|Protect
|move|p2a: Latios|Hidden Power|p1a: Ferrothorn
|-activate|p1a: Ferrothorn|Protect
|
|turn|5
|
|switch|p1a: Heatran|Heatran, M|323\/323
|-damage|p1a: Heatran|283\/323|[from] Stealth Rock
|-item|p1a: Heatran|Air Balloon
|move|p2a: Latios|Hidden Power|p1a: Heatran
|-start|p1a: Heatran|ability: Flash Fire
|
|turn|6
|
|move|p2a: Latios|Surf|p1a: Heatran
|-crit|p1a: Heatran
|-supereffective|p1a: Heatran
|-damage|p1a: Heatran|0 fnt
|-enditem|p1a: Heatran|Air Balloon
|-damage|p2a: Latios|61\/302|[from] item: Life Orb
|faint|p1a: Heatran
|
|
|switch|p1a: Glalie|Glalie, M|301\/301
|-damage|p1a: Glalie|226\/301|[from] Stealth Rock
|turn|7
|
|switch|p2a: Azumarill|Azumarill, M, shiny|404\/404
|detailschange|p1a: Glalie|Glalie-Mega, M
|message|Glalie has Mega Evolved into Mega Glalie!
|move|p1a: Glalie|Ice Shard|p2a: Azumarill
|-resisted|p2a: Azumarill
|-damage|p2a: Azumarill|362\/404
|
|turn|8
|
|move|p1a: Glalie|Explosion|p2a: Azumarill
|-resisted|p2a: Azumarill
|-damage|p2a: Azumarill|29\/404
|faint|p1a: Glalie
|-enditem|p2a: Azumarill|Sitrus Berry|[eat]
|-heal|p2a: Azumarill|130\/404|[from] item: Sitrus Berry
|move|p2a: Azumarill|Belly Drum|p2a: Azumarill
|-fail|p2a: Azumarill
|
|
|switch|p1a: Ferrothorn|Ferrothorn, M|297\/349
|-damage|p1a: Ferrothorn|276\/349|[from] Stealth Rock
|turn|9
|
|move|p2a: Azumarill|Superpower|p1a: Ferrothorn
|-supereffective|p1a: Ferrothorn
|-damage|p1a: Ferrothorn|14\/349
|-damage|p2a: Azumarill|80\/404|[from] ability: Iron Barbs|[of] p1a: Ferrothorn
|-unboost|p2a: Azumarill|atk|1
|-unboost|p2a: Azumarill|def|1
|move|p1a: Ferrothorn|Spikes|p2a: Azumarill
|-sidestart|p2: roystopror|Spikes
|
|turn|10
|
|move|p2a: Azumarill|Play Rough|p1a: Ferrothorn
|-resisted|p1a: Ferrothorn
|-damage|p1a: Ferrothorn|0 fnt
|-damage|p2a: Azumarill|30\/404|[from] ability: Iron Barbs|[of] p1a: Ferrothorn
|faint|p1a: Ferrothorn
|
|
|switch|p1a: Keldeo-Resolute|Keldeo-Resolute|323\/323
|-damage|p1a: Keldeo-Resolute|303\/323|[from] Stealth Rock
|turn|11
|
|move|p2a: Azumarill|Aqua Jet|p1a: Keldeo-Resolute
|-resisted|p1a: Keldeo-Resolute
|-damage|p1a: Keldeo-Resolute|270\/323
|move|p1a: Keldeo-Resolute|Scald|p2a: Azumarill
|-crit|p2a: Azumarill
|-resisted|p2a: Azumarill
|-damage|p2a: Azumarill|0 fnt
|faint|p2a: Azumarill
|
|
|switch|p2a: Latios|Latios, M, shiny|61\/302
|turn|12
|
|move|p1a: Keldeo-Resolute|Scald|p2a: Latios
|-resisted|p2a: Latios
|-damage|p2a: Latios|0 fnt
|faint|p2a: Latios
|
|
|switch|p2a: Conkeldurr|Conkeldurr, M, shiny|414\/414
|-damage|p2a: Conkeldurr|363\/414|[from] Spikes
|turn|13
|
|switch|p1a: Dragonite|Dragonite, F|323\/323
|-damage|p1a: Dragonite|243\/323|[from] Stealth Rock
|move|p2a: Conkeldurr|Drain Punch|p1a: Dragonite
|-resisted|p1a: Dragonite
|-damage|p1a: Dragonite|165\/323
|-heal|p2a: Conkeldurr|402\/414|[from] drain|[of] p1a: Dragonite
|
|turn|14
|
|move|p1a: Dragonite|Outrage|p2a: Conkeldurr
|-damage|p2a: Conkeldurr|33\/414
|move|p2a: Conkeldurr|Ice Punch|p1a: Dragonite
|-supereffective|p1a: Dragonite
|-damage|p1a: Dragonite|0 fnt
|faint|p1a: Dragonite
|
|
|switch|p1a: Keldeo-Resolute|Keldeo-Resolute|270\/323
|-damage|p1a: Keldeo-Resolute|250\/323|[from] Stealth Rock
|turn|15
|
|move|p2a: Conkeldurr|Mach Punch|p1a: Keldeo-Resolute
|-damage|p1a: Keldeo-Resolute|162\/323
|move|p1a: Keldeo-Resolute|Scald|p2a: Conkeldurr
|-damage|p2a: Conkeldurr|0 fnt
|faint|p2a: Conkeldurr
|
|
|switch|p2a: Talonflame|Talonflame, M, shiny|298\/298
|turn|16
|
|move|p2a: Talonflame|Brave Bird|p1a: Keldeo-Resolute
|-supereffective|p1a: Keldeo-Resolute
|-damage|p1a: Keldeo-Resolute|0 fnt
|-damage|p2a: Talonflame|245\/298|[from] recoil|[of] p1a: Keldeo-Resolute
|faint|p1a: Keldeo-Resolute
|
|
|switch|p1a: Thundurus|Thundurus, M|298\/298
|-damage|p1a: Thundurus|224\/298|[from] Stealth Rock
|turn|17
|
|move|p2a: Talonflame|Brave Bird|p1a: Thundurus
|-resisted|p1a: Thundurus
|-damage|p1a: Thundurus|64\/298
|-damage|p2a: Talonflame|192\/298|[from] recoil|[of] p1a: Thundurus
|move|p1a: Thundurus|Thunderbolt|p2a: Talonflame
|-supereffective|p2a: Talonflame
|-damage|p2a: Talonflame|0 fnt
|-damage|p1a: Thundurus|35\/298|[from] item: Life Orb
|faint|p2a: Talonflame
|
|
|switch|p2a: Lopunny|Lopunny, F|271\/271
|-damage|p2a: Lopunny|238\/271|[from] Spikes
|turn|18
|
|detailschange|p2a: Lopunny|Lopunny-Mega, F
|message|Lopunny has Mega Evolved into Mega Lopunny!
|move|p2a: Lopunny|Fake Out|p1a: Thundurus
|-damage|p1a: Thundurus|0 fnt
|faint|p1a: Thundurus
|
|win|roystopror
|raw|Ladder updating...
|raw|DeeTrain's rating: 1476 &rarr; <strong>1454<\/strong><br \/>(-22 for losing)
|raw|roystopror's rating: 1438 &rarr; <strong>1461<\/strong><br \/>(+23 for winning)