|join|DeeTrain
|join|ResteCalme
|player|p1|DeeTrain|2
|player|p2|ResteCalme|23
|gametype|singles
|gen|6
|tier|OU
|rated
|clearpoke
|poke|p1|Scizor, F
|poke|p1|Greninja, M, shiny
|poke|p1|Skarmory, F, shiny
|poke|p1|Infernape, F
|poke|p1|Mamoswine, F
|poke|p1|Thundurus, M
|poke|p2|Ditto
|poke|p2|Gothitelle, M
|poke|p2|Venusaur, F
|poke|p2|Chansey, F
|poke|p2|Skarmory, F
|poke|p2|Clefable, F
|rule|Swagger Clause: Swagger is banned
|rule|Baton Pass Clause: Limit one PokÃ©mon knowing Baton Pass
|rule|Sleep Clause Mod: Limit one foe put to sleep
|rule|Species Clause: Limit one of each PokÃ©mon
|rule|OHKO Clause: OHKO moves are banned
|rule|Moody Clause: Moody is banned
|rule|Evasion Moves Clause: Evasion moves are banned
|rule|Endless Battle Clause: Forcing endless battles is banned
|rule|HP Percentage Mod: HP is shown in percentages
|teampreview
|
|start
|switch|p1a: Skarmory|Skarmory, F, shiny|331\/331
|switch|p2a: Ditto|Ditto|299\/299
|-transform|p2a: Ditto|p1a: Skarmory
|turn|1
|
|switch|p2a: Gothitelle|Gothitelle, M|282\/282
|move|p1a: Skarmory|Stealth Rock|p2a: Gothitelle
|-sidestart|p2: ResteCalme|move: Stealth Rock
|
|turn|2
|
|switch|p1a: Scizor|Scizor, F|337\/337
|move|p2a: Gothitelle|Trick|p1a: Scizor
|-fail|p1a: Scizor
|
|turn|3
|
|switch|p2a: Skarmory|Skarmory, F|334\/334
|-damage|p2a: Skarmory|293\/334|[from] Stealth Rock
|detailschange|p1a: Scizor|Scizor-Mega, F
|message|Scizor has Mega Evolved into Mega Scizor!
|move|p1a: Scizor|Knock Off|p2a: Skarmory
|-damage|p2a: Skarmory|225\/334
|-damage|p1a: Scizor|281\/337|[from] item: Rocky Helmet|[of] p2a: Skarmory
|-enditem|p2a: Skarmory|Rocky Helmet|[from] move: Knock Off|[of] p1a: Scizor
|
|turn|4
|
|move|p1a: Scizor|Swords Dance|p1a: Scizor
|-boost|p1a: Scizor|atk|2
|move|p2a: Skarmory|Spikes|p1a: Scizor
|-sidestart|p1: DeeTrain|Spikes
|
|turn|5
|
|move|p1a: Scizor|Knock Off|p2a: Skarmory
|-damage|p2a: Skarmory|129\/334
|move|p2a: Skarmory|Roost|p2a: Skarmory
|-heal|p2a: Skarmory|296\/334
|
|turn|6
|
|move|p1a: Scizor|Swords Dance|p1a: Scizor
|-boost|p1a: Scizor|atk|2
|move|p2a: Skarmory|Roost|p2a: Skarmory
|-heal|p2a: Skarmory|334\/334
|
|turn|7
|
|move|p1a: Scizor|Knock Off|p2a: Skarmory
|-damage|p2a: Skarmory|203\/334
|move|p2a: Skarmory|Spikes|p1a: Scizor
|-sidestart|p1: DeeTrain|Spikes
|
|turn|8
|
|move|p1a: Scizor|Swords Dance|p1a: Scizor
|-boost|p1a: Scizor|atk|2
|move|p2a: Skarmory|Roost|p2a: Skarmory
|-heal|p2a: Skarmory|334\/334
|
|turn|9
|
|move|p1a: Scizor|Roost|p1a: Scizor
|-heal|p1a: Scizor|337\/337
|move|p2a: Skarmory|Whirlwind|p1a: Scizor
|drag|p1a: Thundurus|Thundurus, M|299\/299
|
|turn|10
|
|switch|p2a: Chansey|Chansey, F|704\/704
|-damage|p2a: Chansey|616\/704|[from] Stealth Rock
|move|p1a: Thundurus|Hidden Power|p2a: Chansey
|-damage|p2a: Chansey|569\/704
|-damage|p1a: Thundurus|270\/299|[from] item: Life Orb
|
|turn|11
|
|move|p1a: Thundurus|Knock Off|p2a: Chansey
|-damage|p2a: Chansey|404\/704
|-enditem|p2a: Chansey|Eviolite|[from] move: Knock Off|[of] p1a: Thundurus
|-damage|p1a: Thundurus|241\/299|[from] item: Life Orb
|move|p2a: Chansey|Stealth Rock|p1a: Thundurus
|-sidestart|p1: DeeTrain|move: Stealth Rock
|
|turn|12
|
|move|p1a: Thundurus|Superpower|p2a: Chansey
|-supereffective|p2a: Chansey
|-damage|p2a: Chansey|0 fnt
|-unboost|p1a: Thundurus|atk|1
|-unboost|p1a: Thundurus|def|1
|-damage|p1a: Thundurus|212\/299|[from] item: Life Orb
|faint|p2a: Chansey
|
|
|switch|p2a: Venusaur|Venusaur, F|364\/364
|-damage|p2a: Venusaur|319\/364|[from] Stealth Rock
|turn|13
|
|switch|p1a: Skarmory|Skarmory, F, shiny|331\/331
|-damage|p1a: Skarmory|290\/331|[from] Stealth Rock
|detailschange|p2a: Venusaur|Venusaur-Mega, F
|message|Venusaur has Mega Evolved into Mega Venusaur!
|move|p2a: Venusaur|Knock Off|p1a: Skarmory
|-damage|p1a: Skarmory|247\/331
|-enditem|p1a: Skarmory|Shed Shell|[from] move: Knock Off|[of] p2a: Venusaur
|
|turn|14
|
|switch|p2a: Gothitelle|Gothitelle, M|282\/282
|-damage|p2a: Gothitelle|247\/282|[from] Stealth Rock
|move|p1a: Skarmory|Defog|p2a: Gothitelle
|-unboost|p2a: Gothitelle|evasion|1
|-sideend|p2: ResteCalme|Stealth Rock|[from] move: Defog|[of] p2a: Gothitelle
|-sideend|p1: DeeTrain|Spikes|[from] move: Defog|[of] p1a: Skarmory
|-sideend|p1: DeeTrain|Stealth Rock|[from] move: Defog|[of] p1a: Skarmory
|
|turn|15
|
|move|p2a: Gothitelle|Trick|p1a: Skarmory
|-activate|p2a: Gothitelle|move: Trick|[of] p1a: Skarmory
|-item|p1a: Skarmory|Choice Scarf|[from] move: Trick
|move|p1a: Skarmory|Stealth Rock|p2a: Gothitelle
|-sidestart|p2: ResteCalme|move: Stealth Rock
|
|turn|16
|
|move|p1a: Skarmory|Stealth Rock|p2a: Gothitelle
|-fail|p2a: Gothitelle
|move|p2a: Gothitelle|Calm Mind|p2a: Gothitelle
|-boost|p2a: Gothitelle|spa|1
|-boost|p2a: Gothitelle|spd|1
|
|turn|17
|
|move|p1a: Skarmory|Stealth Rock|p2a: Gothitelle
|-fail|p2a: Gothitelle
|move|p2a: Gothitelle|Calm Mind|p2a: Gothitelle
|-boost|p2a: Gothitelle|spa|1
|-boost|p2a: Gothitelle|spd|1
|
|turn|18
|
|move|p1a: Skarmory|Stealth Rock|p2a: Gothitelle
|-fail|p2a: Gothitelle
|move|p2a: Gothitelle|Calm Mind|p2a: Gothitelle
|-boost|p2a: Gothitelle|spa|1
|-boost|p2a: Gothitelle|spd|1
|
|turn|19
|
|move|p1a: Skarmory|Stealth Rock|p2a: Gothitelle
|-fail|p2a: Gothitelle
|move|p2a: Gothitelle|Calm Mind|p2a: Gothitelle
|-boost|p2a: Gothitelle|spa|1
|-boost|p2a: Gothitelle|spd|1
|
|turn|20
|
|move|p1a: Skarmory|Stealth Rock|p2a: Gothitelle
|-fail|p2a: Gothitelle
|move|p2a: Gothitelle|Calm Mind|p2a: Gothitelle
|-boost|p2a: Gothitelle|spa|1
|-boost|p2a: Gothitelle|spd|1
|
|turn|21
|
|move|p1a: Skarmory|Stealth Rock|p2a: Gothitelle
|-fail|p2a: Gothitelle
|move|p2a: Gothitelle|Calm Mind|p2a: Gothitelle
|-boost|p2a: Gothitelle|spa|1
|-boost|p2a: Gothitelle|spd|1
|
|turn|22
|
|move|p1a: Skarmory|Stealth Rock|p2a: Gothitelle
|-fail|p2a: Gothitelle
|move|p2a: Gothitelle|Trick|p1a: Skarmory
|-activate|p2a: Gothitelle|move: Trick|[of] p1a: Skarmory
|-item|p2a: Gothitelle|Choice Scarf|[from] move: Trick
|
|turn|23
|
|move|p2a: Gothitelle|Psychic|p1a: Skarmory
|-resisted|p1a: Skarmory
|-damage|p1a: Skarmory|0 fnt
|faint|p1a: Skarmory
|
|
|switch|p1a: Scizor|Scizor-Mega, F|337\/337
|turn|24
|
|move|p2a: Gothitelle|Psychic|p1a: Scizor
|-resisted|p1a: Scizor
|-damage|p1a: Scizor|138\/337
|move|p1a: Scizor|Knock Off|p2a: Gothitelle
|-supereffective|p2a: Gothitelle
|-damage|p2a: Gothitelle|11\/282
|-enditem|p2a: Gothitelle|Choice Scarf|[from] move: Knock Off|[of] p1a: Scizor
|
|turn|25
|
|move|p1a: Scizor|Bullet Punch|p2a: Gothitelle
|-damage|p2a: Gothitelle|0 fnt
|faint|p2a: Gothitelle
|
|
|switch|p2a: Clefable|Clefable, F|394\/394
|turn|26
|
|switch|p1a: Greninja|Greninja, M, shiny|285\/285
|move|p2a: Clefable|Flamethrower|p1a: Greninja
|-resisted|p1a: Greninja
|-damage|p1a: Greninja|237\/285
|
|turn|27
|
|move|p1a: Greninja|Hydro Pump|p2a: Clefable|[miss]
|-start|p1a: Greninja|typechange|Water|[from] Protean
|-miss|p1a: Greninja|p2a: Clefable
|move|p2a: Clefable|Calm Mind|p2a: Clefable
|-boost|p2a: Clefable|spa|1
|-boost|p2a: Clefable|spd|1
|
|turn|28
|
|switch|p1a: Thundurus|Thundurus, M|212\/299
|move|p2a: Clefable|Calm Mind|p2a: Clefable
|-boost|p2a: Clefable|spa|1
|-boost|p2a: Clefable|spd|1
|
|turn|29
|
|move|p1a: Thundurus|Knock Off|p2a: Clefable
|-resisted|p2a: Clefable
|-damage|p2a: Clefable|336\/394
|-enditem|p2a: Clefable|Leftovers|[from] move: Knock Off|[of] p1a: Thundurus
|-damage|p1a: Thundurus|183\/299|[from] item: Life Orb
|move|p2a: Clefable|Calm Mind|p2a: Clefable
|-boost|p2a: Clefable|spa|1
|-boost|p2a: Clefable|spd|1
|
|turn|30
|
|move|p1a: Thundurus|Thunderbolt|p2a: Clefable
|-damage|p2a: Clefable|253\/394
|-damage|p1a: Thundurus|154\/299|[from] item: Life Orb
|move|p2a: Clefable|Flamethrower|p1a: Thundurus
|-damage|p1a: Thundurus|0 fnt
|faint|p1a: Thundurus
|
|
|switch|p1a: Mamoswine|Mamoswine, F|361\/361
|turn|31
|
|move|p1a: Mamoswine|Earthquake|p2a: Clefable
|-damage|p2a: Clefable|37\/394
|-damage|p1a: Mamoswine|325\/361|[from] item: Life Orb
|move|p2a: Clefable|Soft-Boiled|p2a: Clefable
|-heal|p2a: Clefable|234\/394
|
|turn|32
|
|move|p1a: Mamoswine|Earthquake|p2a: Clefable
|-damage|p2a: Clefable|27\/394
|-damage|p1a: Mamoswine|289\/361|[from] item: Life Orb
|move|p2a: Clefable|Moonblast|p1a: Mamoswine
|-damage|p1a: Mamoswine|0 fnt
|faint|p1a: Mamoswine
|
|
|switch|p1a: Scizor|Scizor-Mega, F|138\/337
|turn|33
|
|move|p1a: Scizor|Bullet Punch|p2a: Clefable
|-supereffective|p2a: Clefable
|-damage|p2a: Clefable|0 fnt
|faint|p2a: Clefable
|
|
|switch|p2a: Skarmory|Skarmory, F|334\/334
|-damage|p2a: Skarmory|293\/334|[from] Stealth Rock
|turn|34
|
|move|p1a: Scizor|Roost|p1a: Scizor
|-heal|p1a: Scizor|307\/337
|move|p2a: Skarmory|Spikes|p1a: Scizor
|-sidestart|p1: DeeTrain|Spikes
|
|turn|35
|
|switch|p1a: Greninja|Greninja, M, shiny|237\/285
|-damage|p1a: Greninja|202\/285|[from] Spikes
|switch|p2a: Venusaur|Venusaur-Mega, F|319\/364
|-damage|p2a: Venusaur|274\/364|[from] Stealth Rock
|
|turn|36
|
|move|p1a: Greninja|Dark Pulse|p2a: Venusaur
|-start|p1a: Greninja|typechange|Dark|[from] Protean
|-damage|p2a: Venusaur|148\/364
|-damage|p1a: Greninja|174\/285|[from] item: Life Orb
|move|p2a: Venusaur|Synthesis|p2a: Venusaur
|-heal|p2a: Venusaur|330\/364
|
|turn|37
|
|move|p1a: Greninja|Ice Beam|p2a: Venusaur
|-start|p1a: Greninja|typechange|Ice|[from] Protean
|-supereffective|p2a: Venusaur
|-damage|p2a: Venusaur|179\/364
|-damage|p1a: Greninja|146\/285|[from] item: Life Orb
|move|p2a: Venusaur|Leech Seed|p1a: Greninja
|-start|p1a: Greninja|move: Leech Seed
|
|-damage|p1a: Greninja|111\/285|[from] Leech Seed|[of] p2a: Venusaur
|-heal|p2a: Venusaur|214\/364|[silent]
|turn|38
|
|move|p1a: Greninja|Dark Pulse|p2a: Venusaur
|-start|p1a: Greninja|typechange|Dark|[from] Protean
|-damage|p2a: Venusaur|70\/364
|-damage|p1a: Greninja|83\/285|[from] item: Life Orb
|move|p2a: Venusaur|Synthesis|p2a: Venusaur
|-heal|p2a: Venusaur|252\/364
|
|-damage|p1a: Greninja|48\/285|[from] Leech Seed|[of] p2a: Venusaur
|-heal|p2a: Venusaur|287\/364|[silent]
|turn|39
|
|switch|p2a: Ditto|Ditto|299\/299
|-damage|p2a: Ditto|262\/299|[from] Stealth Rock
|-transform|p2a: Ditto|p1a: Greninja
|move|p1a: Greninja|Dark Pulse|p2a: Ditto
|-resisted|p2a: Ditto
|-damage|p2a: Ditto|149\/299
|-damage|p1a: Greninja|20\/285|[from] item: Life Orb
|
|-damage|p1a: Greninja|0 fnt|[from] Leech Seed|[of] p2a: Ditto
|-heal|p2a: Ditto|169\/299|[silent]
|faint|p1a: Greninja
|
|switch|p1a: Infernape|Infernape, F|293\/293
|-damage|p1a: Infernape|257\/293|[from] Spikes
|turn|40
|
|switch|p2a: Venusaur|Venusaur-Mega, F|287\/364
|-damage|p2a: Venusaur|242\/364|[from] Stealth Rock
|move|p1a: Infernape|Mach Punch|p2a: Venusaur
|-resisted|p2a: Venusaur
|-damage|p2a: Venusaur|211\/364
|-damage|p1a: Infernape|228\/293|[from] item: Life Orb
|
|turn|41
|
|move|p1a: Infernape|Overheat|p2a: Venusaur|[miss]
|-miss|p1a: Infernape|p2a: Venusaur
|move|p2a: Venusaur|Synthesis|p2a: Venusaur
|-heal|p2a: Venusaur|364\/364
|
|turn|42
|
|switch|p1a: Scizor|Scizor-Mega, F|307\/337
|-damage|p1a: Scizor|265\/337|[from] Spikes
|move|p2a: Venusaur|Leech Seed|p1a: Scizor
|-start|p1a: Scizor|move: Leech Seed
|
|-damage|p1a: Scizor|223\/337|[from] Leech Seed|[of] p2a: Venusaur
|turn|43
|
|switch|p2a: Skarmory|Skarmory, F|293\/334
|-damage|p2a: Skarmory|252\/334|[from] Stealth Rock
|move|p1a: Scizor|Swords Dance|p1a: Scizor
|-boost|p1a: Scizor|atk|2
|
|-damage|p1a: Scizor|181\/337|[from] Leech Seed|[of] p2a: Skarmory
|-heal|p2a: Skarmory|294\/334|[silent]
|turn|44
|
|move|p1a: Scizor|Roost|p1a: Scizor
|-heal|p1a: Scizor|337\/337
|move|p2a: Skarmory|Spikes|p1a: Scizor
|-sidestart|p1: DeeTrain|Spikes
|
|-damage|p1a: Scizor|295\/337|[from] Leech Seed|[of] p2a: Skarmory
|-heal|p2a: Skarmory|334\/334|[silent]
|turn|45
|
|move|p1a: Scizor|Knock Off|p2a: Skarmory
|-damage|p2a: Skarmory|243\/334
|move|p2a: Skarmory|Spikes|p1a: Scizor
|-sidestart|p1: DeeTrain|Spikes
|
|-damage|p1a: Scizor|253\/337|[from] Leech Seed|[of] p2a: Skarmory
|-heal|p2a: Skarmory|285\/334|[silent]
|turn|46
|
|move|p1a: Scizor|Roost|p1a: Scizor
|-heal|p1a: Scizor|337\/337
|move|p2a: Skarmory|Roost|p2a: Skarmory
|-heal|p2a: Skarmory|334\/334
|
|-damage|p1a: Scizor|295\/337|[from] Leech Seed|[of] p2a: Skarmory
|turn|47
|
|move|p1a: Scizor|Knock Off|p2a: Skarmory
|-damage|p2a: Skarmory|252\/334
|move|p2a: Skarmory|Brave Bird|p1a: Scizor
|-damage|p1a: Scizor|211\/337
|-damage|p2a: Skarmory|224\/334|[from] recoil|[of] p1a: Scizor
|
|-damage|p1a: Scizor|169\/337|[from] Leech Seed|[of] p2a: Skarmory
|-heal|p2a: Skarmory|266\/334|[silent]
|turn|48
|
|move|p1a: Scizor|Swords Dance|p1a: Scizor
|-boost|p1a: Scizor|atk|2
|move|p2a: Skarmory|Brave Bird|p1a: Scizor
|-damage|p1a: Scizor|96\/337
|-damage|p2a: Skarmory|242\/334|[from] recoil|[of] p1a: Scizor
|
|-damage|p1a: Scizor|54\/337|[from] Leech Seed|[of] p2a: Skarmory
|-heal|p2a: Skarmory|284\/334|[silent]
|turn|49
|
|move|p1a: Scizor|Roost|p1a: Scizor
|-heal|p1a: Scizor|223\/337
|move|p2a: Skarmory|Brave Bird|p1a: Scizor
|-damage|p1a: Scizor|144\/337
|-damage|p2a: Skarmory|258\/334|[from] recoil|[of] p1a: Scizor
|
|-damage|p1a: Scizor|102\/337|[from] Leech Seed|[of] p2a: Skarmory
|-heal|p2a: Skarmory|300\/334|[silent]
|turn|50
|
|move|p1a: Scizor|Roost|p1a: Scizor
|-heal|p1a: Scizor|271\/337
|move|p2a: Skarmory|Brave Bird|p1a: Scizor
|-damage|p1a: Scizor|189\/337
|-damage|p2a: Skarmory|273\/334|[from] recoil|[of] p1a: Scizor
|
|-damage|p1a: Scizor|147\/337|[from] Leech Seed|[of] p2a: Skarmory
|-heal|p2a: Skarmory|315\/334|[silent]
|turn|51
|
|switch|p1a: Infernape|Infernape, F|228\/293
|-damage|p1a: Infernape|155\/293|[from] Spikes
|move|p2a: Skarmory|Brave Bird|p1a: Infernape
|-supereffective|p1a: Infernape
|-damage|p1a: Infernape|0 fnt
|-damage|p2a: Skarmory|264\/334|[from] recoil|[of] p1a: Infernape
|faint|p1a: Infernape
|
|
|switch|p1a: Scizor|Scizor-Mega, F|147\/337
|-damage|p1a: Scizor|63\/337|[from] Spikes
|turn|52
|
|switch|p2a: Venusaur|Venusaur-Mega, F|364\/364
|-damage|p2a: Venusaur|319\/364|[from] Stealth Rock
|move|p1a: Scizor|Roost|p1a: Scizor
|-heal|p1a: Scizor|232\/337
|
|turn|53
|
|move|p1a: Scizor|Swords Dance|p1a: Scizor
|-boost|p1a: Scizor|atk|2
|move|p2a: Venusaur|Leech Seed|p1a: Scizor
|-start|p1a: Scizor|move: Leech Seed
|
|-damage|p1a: Scizor|190\/337|[from] Leech Seed|[of] p2a: Venusaur
|-heal|p2a: Venusaur|361\/364|[silent]
|turn|54
|
|move|p1a: Scizor|Roost|p1a: Scizor
|-heal|p1a: Scizor|337\/337
|move|p2a: Venusaur|Knock Off|p1a: Scizor
|-damage|p1a: Scizor|301\/337
|
|-damage|p1a: Scizor|259\/337|[from] Leech Seed|[of] p2a: Venusaur
|-heal|p2a: Venusaur|364\/364|[silent]
|turn|55
|
|switch|p2a: Skarmory|Skarmory, F|264\/334
|-damage|p2a: Skarmory|223\/334|[from] Stealth Rock
|move|p1a: Scizor|Swords Dance|p1a: Scizor
|-boost|p1a: Scizor|atk|2
|
|-damage|p1a: Scizor|217\/337|[from] Leech Seed|[of] p2a: Skarmory
|-heal|p2a: Skarmory|265\/334|[silent]
|turn|56
|
|move|p1a: Scizor|Swords Dance|p1a: Scizor
|-boost|p1a: Scizor|atk|2
|move|p2a: Skarmory|Roost|p2a: Skarmory
|-heal|p2a: Skarmory|334\/334
|
|-damage|p1a: Scizor|175\/337|[from] Leech Seed|[of] p2a: Skarmory
|turn|57
|
|move|p1a: Scizor|Knock Off|p2a: Skarmory
|-damage|p2a: Skarmory|155\/334
|move|p2a: Skarmory|Brave Bird|p1a: Scizor
|-damage|p1a: Scizor|102\/337
|-damage|p2a: Skarmory|131\/334|[from] recoil|[of] p1a: Scizor
|
|-damage|p1a: Scizor|60\/337|[from] Leech Seed|[of] p2a: Skarmory
|-heal|p2a: Skarmory|173\/334|[silent]
|turn|58
|
|move|p1a: Scizor|Roost|p1a: Scizor
|-heal|p1a: Scizor|229\/337
|move|p2a: Skarmory|Roost|p2a: Skarmory
|-heal|p2a: Skarmory|334\/334
|
|-damage|p1a: Scizor|187\/337|[from] Leech Seed|[of] p2a: Skarmory
|turn|59
|
|move|p1a: Scizor|Knock Off|p2a: Skarmory
|-damage|p2a: Skarmory|170\/334
|move|p2a: Skarmory|Brave Bird|p1a: Scizor
|-damage|p1a: Scizor|102\/337
|-damage|p2a: Skarmory|142\/334|[from] recoil|[of] p1a: Scizor
|
|-damage|p1a: Scizor|60\/337|[from] Leech Seed|[of] p2a: Skarmory
|-heal|p2a: Skarmory|184\/334|[silent]
|turn|60
|
|move|p1a: Scizor|Roost|p1a: Scizor
|-heal|p1a: Scizor|229\/337
|move|p2a: Skarmory|Roost|p2a: Skarmory
|-heal|p2a: Skarmory|334\/334
|
|-damage|p1a: Scizor|187\/337|[from] Leech Seed|[of] p2a: Skarmory
|turn|61
|
|move|p1a: Scizor|Roost|p1a: Scizor
|-heal|p1a: Scizor|337\/337
|move|p2a: Skarmory|Brave Bird|p1a: Scizor
|-damage|p1a: Scizor|259\/337
|-damage|p2a: Skarmory|308\/334|[from] recoil|[of] p1a: Scizor
|
|-damage|p1a: Scizor|217\/337|[from] Leech Seed|[of] p2a: Skarmory
|-heal|p2a: Skarmory|334\/334|[silent]
|turn|62
|
|switch|p2a: Venusaur|Venusaur-Mega, F|364\/364
|-damage|p2a: Venusaur|319\/364|[from] Stealth Rock
|move|p1a: Scizor|Knock Off|p2a: Venusaur
|-damage|p2a: Venusaur|123\/364
|
|-damage|p1a: Scizor|175\/337|[from] Leech Seed|[of] p2a: Venusaur
|-heal|p2a: Venusaur|165\/364|[silent]
|turn|63
|
|move|p1a: Scizor|Bullet Punch|p2a: Venusaur
|-damage|p2a: Venusaur|0 fnt
|faint|p2a: Venusaur
|
|
|switch|p2a: Ditto|Ditto|169\/299
|-damage|p2a: Ditto|132\/299|[from] Stealth Rock
|-transform|p2a: Ditto|p1a: Scizor
|turn|64
|
|move|p1a: Scizor|Bullet Punch|p2a: Ditto
|-resisted|p2a: Ditto
|-damage|p2a: Ditto|0 fnt
|faint|p2a: Ditto
|
|c|âResteCalme|fuck i don't think dat killed
|
|switch|p2a: Skarmory|Skarmory, F|334\/334
|-damage|p2a: Skarmory|293\/334|[from] Stealth Rock
|turn|65
|
|move|p1a: Scizor|Knock Off|p2a: Skarmory
|-damage|p2a: Skarmory|104\/334
|move|p2a: Skarmory|Brave Bird|p1a: Scizor
|-damage|p1a: Scizor|102\/337
|-damage|p2a: Skarmory|80\/334|[from] recoil|[of] p1a: Scizor
|
|-damage|p1a: Scizor|60\/337|[from] Leech Seed|[of] p2a: Skarmory
|-heal|p2a: Skarmory|122\/334|[silent]
|turn|66
|c|âResteCalme|gg
|
|move|p1a: Scizor|Knock Off|p2a: Skarmory
|-damage|p2a: Skarmory|0 fnt
|faint|p2a: Skarmory
|
|win|DeeTrain
|raw|Ladder updating...
|c|âDeeTrain|gg
|leave|ResteCalme
|player|p2
|raw|DeeTrain's rating: 1651 &rarr; <strong>1668<\/strong><br \/>(+17 for winning)
|raw|ResteCalme's rating: 1592 &rarr; <strong>1576<\/strong><br \/>(-16 for losing)