|join|Deetrain
|join|isleep2late
|player|p1|Deetrain|2
|player|p2|isleep2late|266
|gametype|singles
|gen|6
|tier|OU (suspect test)
|rated
|clearpoke
|poke|p1|Klefki, M
|poke|p1|Dragonite, M
|poke|p1|Bisharp, F
|poke|p1|Metagross
|poke|p1|Starmie
|poke|p1|Heatran, F
|poke|p2|Metagross
|poke|p2|Thundurus, M
|poke|p2|Ferrothorn, F
|poke|p2|Keldeo
|poke|p2|Heatran, M
|poke|p2|Landorus-Therian, M
|rule|Swagger Clause: Swagger is banned
|rule|Baton Pass Clause: Limit one PokÃ©mon knowing Baton Pass
|rule|Sleep Clause Mod: Limit one foe put to sleep
|rule|Species Clause: Limit one of each PokÃ©mon
|rule|OHKO Clause: OHKO moves are banned
|rule|Moody Clause: Moody is banned
|rule|Evasion Moves Clause: Evasion moves are banned
|rule|Endless Battle Clause: Forcing endless battles is banned
|rule|HP Percentage Mod: HP is shown in percentages
|teampreview
|
|start
|switch|p1a: Heatran|Heatran, F|323\/323
|switch|p2a: Thundurus|Thundurus, M|300\/300
|-item|p1a: Heatran|Air Balloon
|turn|1
|
|move|p2a: Thundurus|Thunder Wave|p1a: Heatran
|-status|p1a: Heatran|par
|move|p1a: Heatran|Stealth Rock|p2a: Thundurus
|-sidestart|p2: isleep2late|move: Stealth Rock
|
|turn|2
|
|switch|p1a: Klefki|Klefki, M|317\/317
|move|p2a: Thundurus|Nasty Plot|p2a: Thundurus
|-boost|p2a: Thundurus|spa|2
|
|turn|3
|
|move|p2a: Thundurus|Thunder Wave|p1a: Klefki
|-status|p1a: Klefki|par
|cant|p1a: Klefki|par
|
|turn|4
|
|move|p1a: Klefki|Toxic|p2a: Thundurus
|-status|p2a: Thundurus|tox
|move|p2a: Thundurus|Thunderbolt|p1a: Klefki
|-damage|p1a: Klefki|88\/317 par
|
|-heal|p1a: Klefki|107\/317 par|[from] item: Leftovers
|-damage|p2a: Thundurus|282\/300 tox|[from] psn
|turn|5
|c|âDeetrain|lol why not
|
|cant|p1a: Klefki|par
|move|p2a: Thundurus|Thunderbolt|p1a: Klefki
|-damage|p1a: Klefki|0 fnt
|faint|p1a: Klefki
|
|-damage|p2a: Thundurus|246\/300 tox|[from] psn
|
|switch|p1a: Heatran|Heatran, F|323\/323 par
|-item|p1a: Heatran|Air Balloon
|turn|6
|
|switch|p1a: Dragonite|Dragonite, M|323\/323
|move|p2a: Thundurus|Thunderbolt|p1a: Dragonite
|-damage|p1a: Dragonite|164\/323
|
|-damage|p2a: Thundurus|192\/300 tox|[from] psn
|turn|7
|
|move|p1a: Dragonite|Extreme Speed|p2a: Thundurus
|-damage|p2a: Thundurus|0 fnt
|faint|p2a: Thundurus
|
|c|âDeetrain|full para and additional para saved you 2 layers of spikes and broke my multi scale
|
|switch|p2a: Heatran|Heatran, M|386\/386
|-damage|p2a: Heatran|338\/386|[from] Stealth Rock
|turn|8
|c|âDeetrain|sigh
|
|switch|p1a: Starmie|Starmie|261\/261
|move|p2a: Heatran|Stealth Rock|p1a: Starmie
|-sidestart|p1: Deetrain|move: Stealth Rock
|
|-heal|p2a: Heatran|362\/386|[from] item: Leftovers
|turn|9
|
|switch|p2a: Ferrothorn|Ferrothorn, F|352\/352
|-damage|p2a: Ferrothorn|330\/352|[from] Stealth Rock
|move|p1a: Starmie|Hydro Pump|p2a: Ferrothorn
|-resisted|p2a: Ferrothorn
|-damage|p2a: Ferrothorn|201\/352
|-damage|p1a: Starmie|235\/261|[from] item: Life Orb
|
|turn|10
|
|move|p2a: Ferrothorn|Protect|p2a: Ferrothorn
|-singleturn|p2a: Ferrothorn|Protect
|move|p1a: Starmie|Rapid Spin|p2a: Ferrothorn
|-activate|p2a: Ferrothorn|Protect
|
|turn|11
|
|move|p1a: Starmie|Rapid Spin|p2a: Ferrothorn
|-resisted|p2a: Ferrothorn
|-damage|p2a: Ferrothorn|196\/352
|-damage|p1a: Starmie|203\/261|[from] ability: Iron Barbs|[of] p2a: Ferrothorn
|-damage|p1a: Starmie|160\/261|[from] item: Rocky Helmet|[of] p2a: Ferrothorn
|-sideend|p1: Deetrain|Stealth Rock|[from] move: Rapid Spin|[of] p1a: Starmie
|-damage|p1a: Starmie|134\/261|[from] item: Life Orb
|move|p2a: Ferrothorn|Power Whip|p1a: Starmie
|-supereffective|p1a: Starmie
|-damage|p1a: Starmie|0 fnt
|faint|p1a: Starmie
|
|
|switch|p1a: Heatran|Heatran, F|323\/323 par
|-item|p1a: Heatran|Air Balloon
|turn|12
|
|switch|p2a: Heatran|Heatran, M|362\/386
|-damage|p2a: Heatran|314\/386|[from] Stealth Rock
|move|p1a: Heatran|Fire Blast|p2a: Heatran
|-start|p2a: Heatran|ability: Flash Fire
|
|-heal|p2a: Heatran|338\/386|[from] item: Leftovers
|turn|13
|
|move|p2a: Heatran|Stealth Rock|p1a: Heatran
|-sidestart|p1: Deetrain|move: Stealth Rock
|move|p1a: Heatran|Earth Power|p2a: Heatran
|-supereffective|p2a: Heatran
|-damage|p2a: Heatran|0 fnt
|faint|p2a: Heatran
|
|
|switch|p2a: Keldeo|Keldeo|324\/324
|-damage|p2a: Keldeo|304\/324|[from] Stealth Rock
|turn|14
|
|switch|p1a: Dragonite|Dragonite, M|164\/323
|-damage|p1a: Dragonite|84\/323|[from] Stealth Rock
|move|p2a: Keldeo|Scald|p1a: Dragonite
|-resisted|p1a: Dragonite
|-damage|p1a: Dragonite|0 fnt
|-damage|p2a: Keldeo|272\/324|[from] item: Life Orb
|faint|p1a: Dragonite
|
|
|switch|p1a: Metagross|Metagross|301\/301
|-damage|p1a: Metagross|283\/301|[from] Stealth Rock
|turn|15
|
|detailschange|p1a: Metagross|Metagross-Mega
|-mega|p1a: Metagross|Metagross|Metagrossite
|move|p2a: Keldeo|Scald|p1a: Metagross
|-damage|p1a: Metagross|102\/301
|-damage|p2a: Keldeo|240\/324|[from] item: Life Orb
|move|p1a: Metagross|Zen Headbutt|p2a: Keldeo
|-supereffective|p2a: Keldeo
|-damage|p2a: Keldeo|0 fnt
|faint|p2a: Keldeo
|
|
|switch|p2a: Landorus-Therian|Landorus-Therian, M|319\/319
|-damage|p2a: Landorus-Therian|280\/319|[from] Stealth Rock
|-ability|p2a: Landorus-Therian|Intimidate|[of] p1a: Metagross
|-unboost|p1a: Metagross|atk|1
|turn|16
|
|switch|p1a: Heatran|Heatran, F|323\/323 par
|-damage|p1a: Heatran|283\/323 par|[from] Stealth Rock
|-item|p1a: Heatran|Air Balloon
|move|p2a: Landorus-Therian|U-turn|p1a: Heatran
|-resisted|p1a: Heatran
|-damage|p1a: Heatran|264\/323 par
|-enditem|p1a: Heatran|Air Balloon
|
|switch|p2a: Metagross|Metagross|302\/302
|-damage|p2a: Metagross|284\/302|[from] Stealth Rock
|
|turn|17
|
|detailschange|p2a: Metagross|Metagross-Mega
|-mega|p2a: Metagross|Metagross|Metagrossite
|move|p2a: Metagross|Earthquake|p1a: Heatran
|-supereffective|p1a: Heatran
|-damage|p1a: Heatran|0 fnt
|faint|p1a: Heatran
|
|
|switch|p1a: Bisharp|Bisharp, F|271\/271
|-damage|p1a: Bisharp|255\/271|[from] Stealth Rock
|turn|18
|
|move|p1a: Bisharp|Sucker Punch|p2a: Metagross
|-supereffective|p2a: Metagross
|-damage|p2a: Metagross|27\/302
|-damage|p1a: Bisharp|228\/271|[from] item: Life Orb
|move|p2a: Metagross|Earthquake|p1a: Bisharp
|-supereffective|p1a: Bisharp
|-damage|p1a: Bisharp|0 fnt
|faint|p1a: Bisharp
|
|c|âDeetrain|if i didnt get the para id have spikes
|c|âDeetrain|and id win
|c|âDeetrain|sigh
|c|âDeetrain|gg
|
|switch|p1a: Metagross|Metagross-Mega|102\/301
|-damage|p1a: Metagross|84\/301|[from] Stealth Rock
|turn|19
|-message|Deetrain forfeited.
|leave|Deetrain
|
|win|isleep2late
|raw|Ladder updating...
|player|p1
|raw|Deetrain's rating: 1040 &rarr; <strong>1024<\/strong><br \/>(-16 for losing)
|raw|isleep2late's rating: 1049 &rarr; <strong>1081<\/strong><br \/>(+32 for winning)