|join|fuck christmas
|join|Chakra
|player|p1|fuck christmas|281
|player|p2|Chakra|chakra.png
|gametype|singles
|gen|6
|tier|OU
|clearpoke
|poke|p1|Alakazam, M
|poke|p1|Skarmory, F
|poke|p1|Keldeo-Resolute
|poke|p1|Garchomp, M
|poke|p1|Heatran, F
|poke|p1|Breloom, F
|poke|p2|Mawile, M
|poke|p2|Thundurus, M
|poke|p2|Latias, F
|poke|p2|Talonflame, M
|poke|p2|Rotom-Wash
|poke|p2|Conkeldurr, M
|rule|Swagger Clause: Swagger is banned
|rule|Baton Pass Clause: Limit one PokÃ©mon knowing Baton Pass
|rule|Sleep Clause Mod: Limit one foe put to sleep
|rule|Species Clause: Limit one of each PokÃ©mon
|rule|OHKO Clause: OHKO moves are banned
|rule|Moody Clause: Moody is banned
|rule|Evasion Moves Clause: Evasion moves are banned
|rule|Endless Battle Clause: Forcing endless battles is banned
|rule|HP Percentage Mod: HP is reported as percentages
|teampreview
|
|start
|switch|p1a: Breloom|Breloom, F|262\/262
|switch|p2a: Rotom-Wash|Rotom-Wash|303\/303
|turn|1
|
|move|p1a: Breloom|Bullet Seed|p2a: Rotom-Wash
|-supereffective|p2a: Rotom-Wash
|-damage|p2a: Rotom-Wash|205\/303
|-supereffective|p2a: Rotom-Wash
|-damage|p2a: Rotom-Wash|109\/303
|-crit|p2a: Rotom-Wash
|-supereffective|p2a: Rotom-Wash
|-damage|p2a: Rotom-Wash|0 fnt
|-hitcount|p2a: Rotom-Wash|3
|faint|p2a: Rotom-Wash
|
|
|switch|p2a: Conkeldurr|Conkeldurr, M|414\/414
|turn|2
|
|switch|p1a: Skarmory|Skarmory, F|334\/334
|move|p2a: Conkeldurr|Drain Punch|p1a: Skarmory
|-damage|p1a: Skarmory|240\/334
|-damage|p2a: Conkeldurr|345\/414|[from] item: Rocky Helmet|[of] p1a: Skarmory
|
|turn|3
|
|switch|p2a: Thundurus|Thundurus, M|299\/299
|move|p1a: Skarmory|Stealth Rock|p2a: Thundurus
|-sidestart|p2: Chakra|move: Stealth Rock
|
|turn|4
|
|switch|p1a: Garchomp|Garchomp, M|358\/358
|move|p2a: Thundurus|Thunderbolt|p1a: Garchomp
|-immune|p1a: Garchomp|[msg]
|
|turn|5
|
|move|p1a: Garchomp|Stone Edge|p2a: Thundurus
|-supereffective|p2a: Thundurus
|-damage|p2a: Thundurus|0 fnt
|faint|p2a: Thundurus
|
|
|switch|p2a: Mawile|Mawile, M|304\/304
|-damage|p2a: Mawile|285\/304|[from] Stealth Rock
|-ability|p2a: Mawile|Intimidate|[of] p1a: Garchomp
|-unboost|p1a: Garchomp|atk|1
|turn|6
|
|switch|p1a: Skarmory|Skarmory, F|240\/334
|detailschange|p2a: Mawile|Mawile-Mega, M
|message|Mawile has Mega Evolved into Mega Mawile!
|move|p2a: Mawile|Swords Dance|p2a: Mawile
|-boost|p2a: Mawile|atk|2
|
|turn|7
|
|move|p2a: Mawile|Iron Head|p1a: Skarmory
|-resisted|p1a: Skarmory
|-damage|p1a: Skarmory|94\/334
|-damage|p2a: Mawile|235\/304|[from] item: Rocky Helmet|[of] p1a: Skarmory
|move|p1a: Skarmory|Whirlwind|p2a: Mawile
|drag|p2a: Conkeldurr|Conkeldurr, M|345\/414
|-damage|p2a: Conkeldurr|320\/414|[from] Stealth Rock
|
|turn|8
|
|move|p2a: Conkeldurr|Drain Punch|p1a: Skarmory
|-damage|p1a: Skarmory|10\/334
|-heal|p2a: Conkeldurr|362\/414|[from] drain|[of] p1a: Skarmory
|-damage|p2a: Conkeldurr|293\/414|[from] item: Rocky Helmet|[of] p1a: Skarmory
|move|p1a: Skarmory|Whirlwind|p2a: Conkeldurr
|drag|p2a: Talonflame|Talonflame, M|297\/297
|-damage|p2a: Talonflame|149\/297|[from] Stealth Rock
|
|turn|9
|
|move|p2a: Talonflame|U-turn|p1a: Skarmory
|-resisted|p1a: Skarmory
|-damage|p1a: Skarmory|0 fnt
|-damage|p2a: Talonflame|100\/297|[from] item: Rocky Helmet|[of] p1a: Skarmory
|faint|p1a: Skarmory
|
|switch|p2a: Latias|Latias, F|301\/301
|-damage|p2a: Latias|264\/301|[from] Stealth Rock
|
|
|switch|p1a: Garchomp|Garchomp, M|358\/358
|turn|10
|
|switch|p2a: Mawile|Mawile-Mega, M|235\/304
|-damage|p2a: Mawile|216\/304|[from] Stealth Rock
|move|p1a: Garchomp|Earthquake|p2a: Mawile
|-supereffective|p2a: Mawile
|-damage|p2a: Mawile|0 fnt
|faint|p2a: Mawile
|
|-message|Chakra forfeited.
|
|win|fuck christmas
|chat|Chakra|lol
|chat|Chakra|gg
|leave|Chakra
|player|p2
|chat|fuck christmas|gg