|join|idowhatiwant
|join|fuck christmas
|player|p1|idowhatiwant|266
|player|p2|fuck christmas|281
|gametype|singles
|gen|6
|tier|ORAS OU
|rated
|rule|Sleep Clause Mod: Limit one foe put to sleep
|rule|Species Clause: Limit one of each PokÃ©mon
|rule|OHKO Clause: OHKO moves are banned
|rule|Moody Clause: Moody is banned
|rule|Evasion Moves Clause: Evasion moves are banned
|rule|Endless Battle Clause: Forcing endless battles is banned
|rule|HP Percentage Mod: HP is shown in percentages
|clearpoke
|poke|p1|Azumarill, F
|poke|p1|Pinsir, M
|poke|p1|Gliscor, M
|poke|p1|Kyurem-Black
|poke|p1|Wobbuffet, M
|poke|p1|Thundurus, M
|poke|p2|Diancie
|poke|p2|Azumarill, F
|poke|p2|Heatran, F
|poke|p2|Zapdos
|poke|p2|Garchomp, M
|poke|p2|Breloom, M
|rule|Swagger Clause: Swagger is banned
|rule|Baton Pass Clause: Limit one PokÃ©mon knowing Baton Pass
|teampreview
|
|start
|switch|p1a: Thundurus|Thundurus, M|300\/300
|switch|p2a: Breloom|Breloom, M|262\/262
|turn|1
|
|switch|p2a: Zapdos|Zapdos|384\/384
|-ability|p2a: Zapdos|Pressure
|move|p1a: Thundurus|Hidden Power|p2a: Zapdos
|-supereffective|p2a: Zapdos
|-damage|p2a: Zapdos|173\/384
|-damage|p1a: Thundurus|270\/300|[from] item: Life Orb
|
|-heal|p2a: Zapdos|197\/384|[from] item: Leftovers
|turn|2
|
|switch|p2a: Azumarill|Azumarill, F|404\/404
|move|p1a: Thundurus|Hidden Power|p2a: Azumarill
|-resisted|p2a: Azumarill
|-damage|p2a: Azumarill|355\/404
|-damage|p1a: Thundurus|240\/300|[from] item: Life Orb
|
|turn|3
|
|switch|p2a: Garchomp|Garchomp, M|358\/358
|move|p1a: Thundurus|Thunderbolt|p2a: Garchomp
|-immune|p2a: Garchomp|[msg]
|
|turn|4
|
|move|p2a: Garchomp|Stone Edge|p1a: Thundurus
|-supereffective|p1a: Thundurus
|-damage|p1a: Thundurus|0 fnt
|faint|p1a: Thundurus
|
|
|switch|p1a: Wobbuffet|Wobbuffet, M|522\/522
|turn|5
|
|move|p2a: Garchomp|Stone Edge|p1a: Wobbuffet
|-crit|p1a: Wobbuffet
|-damage|p1a: Wobbuffet|353\/522
|move|p1a: Wobbuffet|Counter|p2a: Garchomp
|-damage|p2a: Garchomp|20\/358
|-damage|p1a: Wobbuffet|288\/522|[from] ability: Rough Skin|[of] p2a: Garchomp
|
|-heal|p1a: Wobbuffet|320\/522|[from] item: Leftovers
|turn|6
|
|move|p2a: Garchomp|Stone Edge|p1a: Wobbuffet
|-damage|p1a: Wobbuffet|208\/522
|move|p1a: Wobbuffet|Counter|p2a: Garchomp
|-damage|p2a: Garchomp|0 fnt
|-damage|p1a: Wobbuffet|143\/522|[from] ability: Rough Skin|[of] p2a: Garchomp
|faint|p2a: Garchomp
|
|-heal|p1a: Wobbuffet|175\/522|[from] item: Leftovers
|
|switch|p2a: Diancie|Diancie|241\/241
|turn|7
|
|detailschange|p2a: Diancie|Diancie-Mega
|message|Diancie has Mega Evolved into Mega Diancie!
|move|p2a: Diancie|Moonblast|p1a: Wobbuffet
|-damage|p1a: Wobbuffet|0 fnt
|faint|p1a: Wobbuffet
|
|
|switch|p1a: Gliscor|Gliscor, M|354\/354
|turn|8
|
|switch|p2a: Heatran|Heatran, F|386\/386
|-item|p2a: Heatran|Air Balloon
|move|p1a: Gliscor|Swords Dance|p1a: Gliscor
|-boost|p1a: Gliscor|atk|2
|
|turn|9
|
|move|p1a: Gliscor|Stealth Rock|p2a: Heatran
|-sidestart|p2: fuck christmas|move: Stealth Rock
|move|p2a: Heatran|Stealth Rock|p1a: Gliscor
|-sidestart|p1: idowhatiwant|move: Stealth Rock
|
|turn|10
|
|move|p1a: Gliscor|Baton Pass|p1a: Gliscor
|
|switch|p1a: Pinsir|Pinsir, M|271\/271
|-damage|p1a: Pinsir|204\/271|[from] Stealth Rock
|move|p2a: Heatran|Will-O-Wisp|p1a: Pinsir
|-status|p1a: Pinsir|brn
|
|-damage|p1a: Pinsir|171\/271 brn|[from] brn
|turn|11
|
|switch|p2a: Zapdos|Zapdos|197\/384
|-damage|p2a: Zapdos|101\/384|[from] Stealth Rock
|-ability|p2a: Zapdos|Pressure
|detailschange|p1a: Pinsir|Pinsir-Mega, M
|message|Pinsir has Mega Evolved into Mega Pinsir!
|move|p1a: Pinsir|Close Combat|p2a: Zapdos
|-resisted|p2a: Zapdos
|-damage|p2a: Zapdos|13\/384
|-unboost|p1a: Pinsir|def|1
|-unboost|p1a: Pinsir|spd|1
|
|-heal|p2a: Zapdos|37\/384|[from] item: Leftovers
|-damage|p1a: Pinsir|138\/271 brn|[from] brn
|turn|12
|
|move|p1a: Pinsir|Frustration|p2a: Zapdos
|-resisted|p2a: Zapdos
|-damage|p2a: Zapdos|0 fnt
|faint|p2a: Zapdos
|
|-damage|p1a: Pinsir|105\/271 brn|[from] brn
|
|switch|p2a: Diancie|Diancie-Mega|241\/241
|-damage|p2a: Diancie|211\/241|[from] Stealth Rock
|turn|13
|
|move|p1a: Pinsir|Quick Attack|p2a: Diancie
|-resisted|p2a: Diancie
|-damage|p2a: Diancie|157\/241
|move|p2a: Diancie|Moonblast|p1a: Pinsir
|-damage|p1a: Pinsir|0 fnt
|faint|p1a: Pinsir
|
|
|switch|p1a: Azumarill|Azumarill, F|341\/341
|-damage|p1a: Azumarill|299\/341|[from] Stealth Rock
|turn|14
|
|move|p1a: Azumarill|Aqua Jet|p2a: Diancie
|-supereffective|p2a: Diancie
|-damage|p2a: Diancie|0 fnt
|faint|p2a: Diancie
|
|
|switch|p2a: Breloom|Breloom, M|262\/262
|-damage|p2a: Breloom|246\/262|[from] Stealth Rock
|turn|15
|
|switch|p1a: Gliscor|Gliscor, M|354\/354
|-damage|p1a: Gliscor|310\/354|[from] Stealth Rock
|move|p2a: Breloom|Spore|p1a: Gliscor
|-status|p1a: Gliscor|slp
|
|-heal|p1a: Gliscor|332\/354 slp|[from] item: Leftovers
|turn|16
|
|move|p2a: Breloom|Bullet Seed|p1a: Gliscor
|-damage|p1a: Gliscor|287\/354 slp
|-damage|p1a: Gliscor|244\/354 slp
|-hitcount|p1a: Gliscor|2
|cant|p1a: Gliscor|slp
|
|-heal|p1a: Gliscor|266\/354 slp|[from] item: Leftovers
|turn|17
|
|move|p2a: Breloom|Bullet Seed|p1a: Gliscor
|-damage|p1a: Gliscor|224\/354 slp
|-damage|p1a: Gliscor|178\/354 slp
|-damage|p1a: Gliscor|138\/354 slp
|-hitcount|p1a: Gliscor|3
|cant|p1a: Gliscor|slp
|
|-heal|p1a: Gliscor|160\/354 slp|[from] item: Leftovers
|turn|18
|
|move|p2a: Breloom|Bullet Seed|p1a: Gliscor
|-crit|p1a: Gliscor
|-damage|p1a: Gliscor|91\/354 slp
|-damage|p1a: Gliscor|48\/354 slp
|-damage|p1a: Gliscor|2\/354 slp
|-hitcount|p1a: Gliscor|3
|-curestatus|p1a: Gliscor|slp
|move|p1a: Gliscor|Baton Pass|p1a: Gliscor
|
|switch|p1a: Kyurem-Black|Kyurem-Black|391\/391
|-damage|p1a: Kyurem-Black|294\/391|[from] Stealth Rock
|-ability|p1a: Kyurem-Black|Teravolt
|
|turn|19
|
|switch|p2a: Heatran|Heatran, F|386\/386
|-damage|p2a: Heatran|338\/386|[from] Stealth Rock
|-item|p2a: Heatran|Air Balloon
|move|p1a: Kyurem-Black|Iron Head|p2a: Heatran
|-resisted|p2a: Heatran
|-damage|p2a: Heatran|291\/386
|-enditem|p2a: Heatran|Air Balloon
|
|turn|20
|
|move|p1a: Kyurem-Black|Iron Head|p2a: Heatran
|-crit|p2a: Heatran
|-resisted|p2a: Heatran
|-damage|p2a: Heatran|220\/386
|cant|p2a: Heatran|flinch
|
|turn|21
|
|move|p1a: Kyurem-Black|Iron Head|p2a: Heatran
|-resisted|p2a: Heatran
|-damage|p2a: Heatran|172\/386
|cant|p2a: Heatran|flinch
|
|turn|22
|
|move|p1a: Kyurem-Black|Iron Head|p2a: Heatran
|-resisted|p2a: Heatran
|-damage|p2a: Heatran|130\/386
|cant|p2a: Heatran|flinch
|
|turn|23
|c|âfuck christmas|LOL
|
|move|p1a: Kyurem-Black|Iron Head|p2a: Heatran
|-resisted|p2a: Heatran
|-damage|p2a: Heatran|83\/386
|cant|p2a: Heatran|flinch
|
|turn|24
|c|âfuck christmas|please
|c|âidowhatiwant|lolololololol
|c|âfuck christmas|forfeit
|
|move|p1a: Kyurem-Black|Iron Head|p2a: Heatran
|-resisted|p2a: Heatran
|-damage|p2a: Heatran|39\/386
|move|p2a: Heatran|Will-O-Wisp|p1a: Kyurem-Black|[miss]
|-miss|p2a: Heatran|p1a: Kyurem-Black
|
|turn|25
|c|âidowhatiwant|im so sorry
|c|âfuck christmas|LOL
|
|move|p1a: Kyurem-Black|Iron Head|p2a: Heatran
|-resisted|p2a: Heatran
|-damage|p2a: Heatran|0 fnt
|faint|p2a: Heatran
|
|c|âfuck christmas|no fucking way
|c|âidowhatiwant|that is the luckiest thing i have ever seen
|
|switch|p2a: Azumarill|Azumarill, F|355\/404
|-damage|p2a: Azumarill|305\/404|[from] Stealth Rock
|turn|26
|
|move|p2a: Azumarill|Aqua Jet|p1a: Kyurem-Black
|-resisted|p1a: Kyurem-Black
|-damage|p1a: Kyurem-Black|219\/391
|move|p1a: Kyurem-Black|Iron Head|p2a: Azumarill
|-damage|p2a: Azumarill|84\/404
|
|turn|27
|
|move|p2a: Azumarill|Aqua Jet|p1a: Kyurem-Black
|-crit|p1a: Kyurem-Black
|-resisted|p1a: Kyurem-Black
|-damage|p1a: Kyurem-Black|116\/391
|move|p1a: Kyurem-Black|Iron Head|p2a: Azumarill
|-damage|p2a: Azumarill|0 fnt
|faint|p2a: Azumarill
|
|
|switch|p2a: Breloom|Breloom, M|246\/262
|-damage|p2a: Breloom|230\/262|[from] Stealth Rock
|turn|28
|
|move|p2a: Breloom|Mach Punch|p1a: Kyurem-Black
|-supereffective|p1a: Kyurem-Black
|-damage|p1a: Kyurem-Black|0 fnt
|faint|p1a: Kyurem-Black
|
|
|switch|p1a: Azumarill|Azumarill, F|299\/341
|-damage|p1a: Azumarill|257\/341|[from] Stealth Rock
|turn|29
|
|move|p2a: Breloom|Spore|p1a: Azumarill
|-status|p1a: Azumarill|slp
|cant|p1a: Azumarill|slp
|
|turn|30
|
|move|p2a: Breloom|Bullet Seed|p1a: Azumarill
|-supereffective|p1a: Azumarill
|-damage|p1a: Azumarill|111\/341 slp
|-enditem|p1a: Azumarill|Sitrus Berry|[eat]
|-heal|p1a: Azumarill|196\/341 slp|[from] item: Sitrus Berry
|-supereffective|p1a: Azumarill
|-damage|p1a: Azumarill|44\/341 slp
|-supereffective|p1a: Azumarill
|-damage|p1a: Azumarill|0 fnt
|-hitcount|p1a: Azumarill|3
|faint|p1a: Azumarill
|
|-message|idowhatiwant forfeited.
|
|win|fuck christmas
|raw|Ladder updating...
|leave|idowhatiwant
|player|p1
|raw|idowhatiwant's rating: 1412 &rarr; <strong>1398<\/strong><br \/>(-14 for losing)
|raw|fuck christmas's rating: 1508 &rarr; <strong>1522<\/strong><br \/>(+14 for winning)
|c|âfuck christmas|gg
|c|âfuck christmas|yum
|c|âfuck christmas|hahaha haxy af