|join|I ABR I
|join|fuck christmas
|player|p1|I ABR I|290
|player|p2|fuck christmas|281
|gametype|singles
|gen|6
|tier|ORAS OU
|rated
|rule|Sleep Clause Mod: Limit one foe put to sleep
|rule|Species Clause: Limit one of each PokÃ©mon
|rule|OHKO Clause: OHKO moves are banned
|rule|Moody Clause: Moody is banned
|rule|Evasion Moves Clause: Evasion moves are banned
|rule|Endless Battle Clause: Forcing endless battles is banned
|rule|HP Percentage Mod: HP is shown in percentages
|clearpoke
|poke|p1|Sableye, M
|poke|p1|Tentacruel, M
|poke|p1|Porygon2
|poke|p1|Sylveon, M
|poke|p1|Skarmory, M
|poke|p1|Bronzong
|poke|p2|Sharpedo, M
|poke|p2|Skarmory, M
|poke|p2|Landorus-Therian, M
|poke|p2|Thundurus, M
|poke|p2|Breloom, F
|poke|p2|Latios, M
|rule|Swagger Clause: Swagger is banned
|rule|Baton Pass Clause: Limit one PokÃ©mon knowing Baton Pass
|teampreview
|
|start
|switch|p1a: Sableye|Sableye, M|303\/303
|switch|p2a: Thundurus|Thundurus, M|299\/299
|turn|1
|
|detailschange|p1a: Sableye|Sableye-Mega, M
|message|Sableye has Mega Evolved into Mega Sableye!
|move|p1a: Sableye|Will-O-Wisp|p2a: Thundurus
|-status|p2a: Thundurus|brn
|move|p2a: Thundurus|Thunderbolt|p1a: Sableye
|-damage|p1a: Sableye|115\/303
|-damage|p2a: Thundurus|270\/299 brn|[from] item: Life Orb
|
|-damage|p2a: Thundurus|233\/299 brn|[from] brn
|turn|2
|
|switch|p2a: Breloom|Breloom, F|262\/262
|switch|p1a: Sylveon|Sylveon, M|393\/393
|
|turn|3
|
|move|p1a: Sylveon|Protect|p1a: Sylveon
|-singleturn|p1a: Sylveon|Protect
|move|p2a: Breloom|Spore|p1a: Sylveon
|-activate|p1a: Sylveon|Protect
|
|turn|4
|
|move|p2a: Breloom|Spore|p1a: Sylveon
|-status|p1a: Sylveon|slp
|cant|p1a: Sylveon|slp
|
|turn|5
|
|move|p2a: Breloom|Bullet Seed|p1a: Sylveon
|-damage|p1a: Sylveon|296\/393 slp
|-damage|p1a: Sylveon|208\/393 slp
|-damage|p1a: Sylveon|112\/393 slp
|-crit|p1a: Sylveon
|-damage|p1a: Sylveon|0 fnt
|-hitcount|p1a: Sylveon|4
|faint|p1a: Sylveon
|
|
|switch|p1a: Sableye|Sableye-Mega, M|115\/303
|turn|6
|
|switch|p2a: Thundurus|Thundurus, M|233\/299 brn
|move|p1a: Sableye|Recover|p1a: Sableye
|-heal|p1a: Sableye|267\/303
|
|-damage|p2a: Thundurus|196\/299 brn|[from] brn
|turn|7
|
|switch|p1a: Bronzong|Bronzong|337\/337
|move|p2a: Thundurus|Thunderbolt|p1a: Bronzong
|-damage|p1a: Bronzong|199\/337
|-damage|p2a: Thundurus|167\/299 brn|[from] item: Life Orb
|
|-heal|p1a: Bronzong|220\/337|[from] item: Leftovers
|-damage|p2a: Thundurus|130\/299 brn|[from] brn
|turn|8
|
|switch|p2a: Skarmory|Skarmory, M|334\/334
|move|p1a: Bronzong|Iron Head|p2a: Skarmory
|-resisted|p2a: Skarmory
|-damage|p2a: Skarmory|309\/334
|-damage|p1a: Bronzong|164\/337|[from] item: Rocky Helmet|[of] p2a: Skarmory
|
|-heal|p1a: Bronzong|185\/337|[from] item: Leftovers
|turn|9
|
|switch|p1a: Sableye|Sableye-Mega, M|267\/303
|move|p2a: Skarmory|Spikes|p1a: Sableye
|move|p1a: Sableye|Spikes|p2a: Skarmory|[from]Magic Bounce
|-sidestart|p2: fuck christmas|Spikes
|
|turn|10
|
|move|p2a: Skarmory|Defog|p1a: Sableye
|move|p1a: Sableye|Defog|p2a: Skarmory|[from]Magic Bounce
|-unboost|p2a: Skarmory|evasion|1
|-sideend|p2: fuck christmas|Spikes|[from] move: Defog|[of] p2a: Skarmory
|move|p1a: Sableye|Will-O-Wisp|p2a: Skarmory
|-status|p2a: Skarmory|brn
|
|-damage|p2a: Skarmory|268\/334 brn|[from] brn
|turn|11
|
|switch|p2a: Thundurus|Thundurus, M|130\/299 brn
|move|p1a: Sableye|Will-O-Wisp|p2a: Thundurus
|-fail|p2a: Thundurus|brn
|
|-damage|p2a: Thundurus|93\/299 brn|[from] brn
|turn|12
|
|switch|p1a: Bronzong|Bronzong|185\/337
|move|p2a: Thundurus|Thunderbolt|p1a: Bronzong
|-damage|p1a: Bronzong|47\/337
|-damage|p2a: Thundurus|64\/299 brn|[from] item: Life Orb
|
|-heal|p1a: Bronzong|68\/337|[from] item: Leftovers
|-damage|p2a: Thundurus|27\/299 brn|[from] brn
|turn|13
|
|move|p2a: Thundurus|Thunderbolt|p1a: Bronzong
|-damage|p1a: Bronzong|0 fnt
|-damage|p2a: Thundurus|0 fnt|[from] item: Life Orb
|faint|p1a: Bronzong
|faint|p2a: Thundurus
|
|
|switch|p2a: Latios|Latios, M|302\/302
|switch|p1a: Skarmory|Skarmory, M|333\/333
|turn|14
|
|switch|p1a: Porygon2|Porygon2|373\/373
|-ability|p1a: Porygon2|Levitate|[from] ability: Trace|[of] p2a: Latios
|move|p2a: Latios|Surf|p1a: Porygon2
|-damage|p1a: Porygon2|296\/373
|
|turn|15
|
|switch|p2a: Skarmory|Skarmory, M|268\/334 brn
|move|p1a: Porygon2|Recover|p1a: Porygon2
|-heal|p1a: Porygon2|373\/373
|
|-damage|p2a: Skarmory|227\/334 brn|[from] brn
|turn|16
|join|Ox the Fox
|
|switch|p2a: Landorus-Therian|Landorus-Therian, M|382\/382
|-ability|p2a: Landorus-Therian|Intimidate|[of] p1a: Porygon2
|-unboost|p1a: Porygon2|atk|1
|switch|p1a: Sableye|Sableye-Mega, M|267\/303
|
|turn|17
|
|switch|p2a: Skarmory|Skarmory, M|227\/334 brn
|move|p1a: Sableye|Will-O-Wisp|p2a: Skarmory
|-fail|p2a: Skarmory|brn
|
|-damage|p2a: Skarmory|186\/334 brn|[from] brn
|turn|18
|c|âI ABR I|ite gg
|
|switch|p2a: Breloom|Breloom, F|262\/262
|move|p1a: Sableye|Calm Mind|p1a: Sableye
|-boost|p1a: Sableye|spa|1
|-boost|p1a: Sableye|spd|1
|
|turn|19
|c|âfuck christmas|gg
|c|âfuck christmas|?_?
|
|switch|p2a: Skarmory|Skarmory, M|186\/334 brn
|move|p1a: Sableye|Will-O-Wisp|p2a: Skarmory
|-fail|p2a: Skarmory|brn
|
|-damage|p2a: Skarmory|145\/334 brn|[from] brn
|turn|20
|c|âI ABR I|ok ill take more cms?
|
|move|p2a: Skarmory|Roost|p2a: Skarmory
|-heal|p2a: Skarmory|312\/334 brn
|move|p1a: Sableye|Calm Mind|p1a: Sableye
|-boost|p1a: Sableye|spa|1
|-boost|p1a: Sableye|spd|1
|
|-damage|p2a: Skarmory|271\/334 brn|[from] brn
|turn|21
|c|âfuck christmas|oh shit
|c|âfuck christmas|I can't
|c|âfuck christmas|whirlwind
|c|âfuck christmas|rofl
|c|âI ABR I|mhm
|c|âI ABR I|u can forf now
|
|switch|p2a: Latios|Latios, M|302\/302
|move|p1a: Sableye|Calm Mind|p1a: Sableye
|-boost|p1a: Sableye|spa|1
|-boost|p1a: Sableye|spd|1
|
|turn|22
|c|âfuck christmas|:')
|c|âfuck christmas|smfd
|c| Ox the Fox|hell flinch with sharpedo
|c| Ox the Fox|just watch
|c|âI ABR I|lol
|
|move|p2a: Latios|Draco Meteor|p1a: Sableye|[miss]
|-miss|p2a: Latios|p1a: Sableye
|move|p1a: Sableye|Recover|p1a: Sableye
|-heal|p1a: Sableye|303\/303
|
|turn|23
|c|âI ABR I|yea go to sharpedo
|
|move|p2a: Latios|Draco Meteor|p1a: Sableye
|-damage|p1a: Sableye|215\/303
|-unboost|p2a: Latios|spa|2
|move|p1a: Sableye|Recover|p1a: Sableye
|-heal|p1a: Sableye|303\/303
|
|turn|24
|
|move|p2a: Latios|Draco Meteor|p1a: Sableye
|-damage|p1a: Sableye|261\/303
|-unboost|p2a: Latios|spa|2
|move|p1a: Sableye|Will-O-Wisp|p2a: Latios
|-status|p2a: Latios|brn
|
|-damage|p2a: Latios|265\/302 brn|[from] brn
|turn|25
|
|move|p2a: Latios|Draco Meteor|p1a: Sableye
|-crit|p1a: Sableye
|-damage|p1a: Sableye|0 fnt
|-unboost|p2a: Latios|spa|2
|faint|p1a: Sableye
|
|-damage|p2a: Latios|228\/302 brn|[from] brn
|c|âfuck christmas|ayyyy
|c|âI ABR I|fuck u
|c|âfuck christmas|ayyyyyyyyyyyyyyy
|c| Ox the Fox|LMAO
|c|âfuck christmas|SUCK
|c|âfuck christmas|MY
|c|âfuck christmas|DICK
|c|âfuck christmas|ROFL
|c| Ox the Fox|u saw that coming
|c| Ox the Fox|what dick
|c| Ox the Fox|rofl
|
|switch|p1a: Skarmory|Skarmory, M|333\/333
|turn|26
|
|switch|p2a: Skarmory|Skarmory, M|271\/334 brn
|move|p1a: Skarmory|Stealth Rock|p2a: Skarmory
|-sidestart|p2: fuck christmas|move: Stealth Rock
|
|-damage|p2a: Skarmory|230\/334 brn|[from] brn
|turn|27
|
|switch|p1a: Tentacruel|Tentacruel, M|361\/361
|move|p2a: Skarmory|Defog|p1a: Tentacruel
|-unboost|p1a: Tentacruel|evasion|1
|-sideend|p2: fuck christmas|Stealth Rock|[from] move: Defog|[of] p2a: Skarmory
|
|-damage|p2a: Skarmory|189\/334 brn|[from] brn
|turn|28
|
|switch|p2a: Latios|Latios, M|228\/302 brn
|move|p1a: Tentacruel|Knock Off|p2a: Latios
|-supereffective|p2a: Latios
|-damage|p2a: Latios|106\/302 brn
|-enditem|p2a: Latios|Choice Scarf|[from] move: Knock Off|[of] p1a: Tentacruel
|
|-damage|p2a: Latios|69\/302 brn|[from] brn
|turn|29
|
|switch|p1a: Skarmory|Skarmory, M|333\/333
|move|p2a: Latios|Psyshock|p1a: Skarmory
|-resisted|p1a: Skarmory
|-damage|p1a: Skarmory|293\/333
|
|-damage|p2a: Latios|32\/302 brn|[from] brn
|turn|30
|join|Alldaalts
|
|move|p2a: Latios|Surf|p1a: Skarmory
|-damage|p1a: Skarmory|161\/333
|move|p1a: Skarmory|Roost|p1a: Skarmory
|-heal|p1a: Skarmory|328\/333
|
|-damage|p2a: Latios|0 fnt|[from] brn
|faint|p2a: Latios
|
|switch|p2a: Breloom|Breloom, F|262\/262
|turn|31
|
|move|p2a: Breloom|Spore|p1a: Skarmory
|-status|p1a: Skarmory|slp
|cant|p1a: Skarmory|slp
|
|turn|32
|c|âI ABR I|oh no now u can do so much damage!
|
|switch|p2a: Sharpedo|Sharpedo, M|281\/281
|cant|p1a: Skarmory|slp
|
|turn|33
|
|detailschange|p2a: Sharpedo|Sharpedo-Mega, M
|message|Sharpedo has Mega Evolved into Mega Sharpedo!
|move|p2a: Sharpedo|Crunch|p1a: Skarmory
|-crit|p1a: Skarmory
|-damage|p1a: Skarmory|106\/333 slp
|-curestatus|p1a: Skarmory|slp
|move|p1a: Skarmory|Stealth Rock|p2a: Sharpedo
|-sidestart|p2: fuck christmas|move: Stealth Rock
|
|turn|34
|c|âI ABR I|please be luckier
|c|âI ABR I|i dare u
|
|switch|p1a: Tentacruel|Tentacruel, M|361\/361
|move|p2a: Sharpedo|Crunch|p1a: Tentacruel
|-crit|p1a: Tentacruel
|-damage|p1a: Tentacruel|0 fnt
|faint|p1a: Tentacruel
|
|c|âfuck christmas|gettin
|c|âfuck christmas|so
|c|âfuck christmas|mad
|c|âfuck christmas|:')
|
|switch|p1a: Porygon2|Porygon2|373\/373
|-ability|p1a: Porygon2|Strong Jaw|[from] ability: Trace|[of] p2a: Sharpedo
|turn|35
|c|âfuck christmas|I love this
|
|switch|p2a: Skarmory|Skarmory, M|189\/334 brn
|-damage|p2a: Skarmory|148\/334 brn|[from] Stealth Rock
|move|p1a: Porygon2|Thunderbolt|p2a: Skarmory
|-supereffective|p2a: Skarmory
|-damage|p2a: Skarmory|0 fnt
|faint|p2a: Skarmory
|
|join|Silverbacks
|
|switch|p2a: Breloom|Breloom, F|262\/262
|-damage|p2a: Breloom|246\/262|[from] Stealth Rock
|turn|36
|
|switch|p1a: Skarmory|Skarmory, M|106\/333
|move|p2a: Breloom|Spore|p1a: Skarmory
|-status|p1a: Skarmory|slp
|
|turn|37
|
|switch|p1a: Porygon2|Porygon2|373\/373
|-ability|p1a: Porygon2|Technician|[from] ability: Trace|[of] p2a: Breloom
|move|p2a: Breloom|Bullet Seed|p1a: Porygon2
|-damage|p1a: Porygon2|339\/373
|-damage|p1a: Porygon2|303\/373
|-crit|p1a: Porygon2
|-damage|p1a: Porygon2|252\/373
|-damage|p1a: Porygon2|218\/373
|-crit|p1a: Porygon2
|-damage|p1a: Porygon2|169\/373
|-hitcount|p1a: Porygon2|5
|
|turn|38
|c| Ox the Fox|lmao didn't predict dat hue hue hue
|c|âI ABR I|whats
|c|âI ABR I|fucking
|c|âI ABR I|new
|
|move|p2a: Breloom|Mach Punch|p1a: Porygon2
|-supereffective|p1a: Porygon2
|-damage|p1a: Porygon2|55\/373
|move|p1a: Porygon2|Recover|p1a: Porygon2
|-heal|p1a: Porygon2|242\/373
|
|turn|39
|
|move|p2a: Breloom|Bullet Seed|p1a: Porygon2
|-damage|p1a: Porygon2|208\/373
|-damage|p1a: Porygon2|172\/373
|-crit|p1a: Porygon2
|-damage|p1a: Porygon2|121\/373
|-damage|p1a: Porygon2|85\/373
|-hitcount|p1a: Porygon2|4
|move|p1a: Porygon2|Recover|p1a: Porygon2
|-heal|p1a: Porygon2|272\/373
|
|turn|40
|c| Ox the Fox|dw abr i know ur better than him
|join|Dread Arceus
|
|move|p2a: Breloom|Bullet Seed|p1a: Porygon2
|-damage|p1a: Porygon2|239\/373
|-damage|p1a: Porygon2|202\/373
|-hitcount|p1a: Porygon2|2
|move|p1a: Porygon2|Recover|p1a: Porygon2
|-heal|p1a: Porygon2|373\/373
|
|turn|41
|c| Dread Arceus|lol
|
|move|p2a: Breloom|Bullet Seed|p1a: Porygon2
|-damage|p1a: Porygon2|336\/373
|-damage|p1a: Porygon2|297\/373
|-hitcount|p1a: Porygon2|2
|move|p1a: Porygon2|Toxic|p2a: Breloom
|-status|p2a: Breloom|tox
|
|-damage|p2a: Breloom|230\/262 tox|[from] psn
|turn|42
|c| Dread Arceus|sup fuck christmas
|c| Ox the Fox|1. because he doesn't like christmas
|c|âI ABR I|p2 clutch?
|c|âfuck christmas|ayy :]
|c| Ox the Fox|2. u have p2
|
|move|p2a: Breloom|Mach Punch|p1a: Porygon2
|-supereffective|p1a: Porygon2
|-damage|p1a: Porygon2|189\/373
|move|p1a: Porygon2|Recover|p1a: Porygon2
|-heal|p1a: Porygon2|373\/373
|
|-damage|p2a: Breloom|198\/262 tox|[from] psn
|turn|43
|c|âI ABR I|he crit me 50 times :(
|
|move|p2a: Breloom|Bullet Seed|p1a: Porygon2
|-crit|p1a: Porygon2
|-damage|p1a: Porygon2|319\/373
|-damage|p1a: Porygon2|286\/373
|-damage|p1a: Porygon2|253\/373
|-damage|p1a: Porygon2|217\/373
|-hitcount|p1a: Porygon2|4
|move|p1a: Porygon2|Recover|p1a: Porygon2
|-heal|p1a: Porygon2|373\/373
|
|-damage|p2a: Breloom|150\/262 tox|[from] psn
|turn|44
|c|âfuck christmas|yea
|c|âfuck christmas|I got
|c|âfuck christmas|lucky
|c|âfuck christmas|af
|c|âfuck christmas|rofl
|c| Ox the Fox|p2 actually wins the game
|c|âI ABR I|all u need is p2 tho
|c|âfuck christmas|and I'm still gonna lose
|c|âI ABR I|to win games
|c|âfuck christmas|:')
|c|âfuck christmas|:'))))
|
|move|p2a: Breloom|Bullet Seed|p1a: Porygon2
|-damage|p1a: Porygon2|337\/373
|-damage|p1a: Porygon2|301\/373
|-damage|p1a: Porygon2|267\/373
|-damage|p1a: Porygon2|234\/373
|-damage|p1a: Porygon2|198\/373
|-hitcount|p1a: Porygon2|5
|move|p1a: Porygon2|Recover|p1a: Porygon2
|-heal|p1a: Porygon2|373\/373
|
|-damage|p2a: Breloom|86\/262 tox|[from] psn
|turn|45
|
|move|p2a: Breloom|Bullet Seed|p1a: Porygon2
|-crit|p1a: Porygon2
|-damage|p1a: Porygon2|318\/373
|-damage|p1a: Porygon2|285\/373
|-damage|p1a: Porygon2|252\/373
|-damage|p1a: Porygon2|218\/373
|-damage|p1a: Porygon2|181\/373
|-hitcount|p1a: Porygon2|5
|move|p1a: Porygon2|Recover|p1a: Porygon2
|-heal|p1a: Porygon2|368\/373
|
|-damage|p2a: Breloom|6\/262 tox|[from] psn
|turn|46
|join|LT8J Gizmo $_$
|c|âI ABR I|i love this mon tho
|c| Ox the Fox|LOL
|c|âI ABR I|u got a 5 hit every time oml
|c| LT8J Gizmo $_$|yoooo
|c| LT8J Gizmo $_$|fuck christmas
|
|move|p2a: Breloom|Bullet Seed|p1a: Porygon2
|-damage|p1a: Porygon2|331\/373
|-crit|p1a: Porygon2
|-damage|p1a: Porygon2|276\/373
|-hitcount|p1a: Porygon2|2
|move|p1a: Porygon2|Recover|p1a: Porygon2
|-heal|p1a: Porygon2|373\/373
|
|-damage|p2a: Breloom|0 fnt|[from] psn
|faint|p2a: Breloom
|c| Ox the Fox|all the 5 hit crits
|c|âfuck christmas|ayy giz n_n
|c|âI ABR I|k so p2 confirmed god?
|
|switch|p2a: Sharpedo|Sharpedo-Mega, M|281\/281
|-damage|p2a: Sharpedo|246\/281|[from] Stealth Rock
|turn|47
|
|move|p2a: Sharpedo|Crunch|p1a: Porygon2
|-damage|p1a: Porygon2|244\/373
|move|p1a: Porygon2|Toxic|p2a: Sharpedo
|-status|p2a: Sharpedo|tox
|
|-damage|p2a: Sharpedo|229\/281 tox|[from] psn
|turn|48
|c|âI ABR I|lmao
|c|âI ABR I|the wall
|c|âfuck christmas|L
|c|âfuck christmas|O
|c|âfuck christmas|L
|
|move|p2a: Sharpedo|Crunch|p1a: Porygon2
|-damage|p1a: Porygon2|118\/373
|move|p1a: Porygon2|Recover|p1a: Porygon2
|-heal|p1a: Porygon2|305\/373
|
|-damage|p2a: Sharpedo|195\/281 tox|[from] psn
|turn|49
|c|âfuck christmas|give me
|c|âI ABR I|this mon is insane
|c|âfuck christmas|some
|c|âfuck christmas|defense
|c|âfuck christmas|drops
|c|âI ABR I|scarf land t?
|c|âI ABR I|superpower aint doing shit
|c|âfuck christmas|nah
|
|move|p2a: Sharpedo|Crunch|p1a: Porygon2
|-damage|p1a: Porygon2|178\/373
|move|p1a: Porygon2|Recover|p1a: Porygon2
|-heal|p1a: Porygon2|365\/373
|
|-damage|p2a: Sharpedo|144\/281 tox|[from] psn
|turn|50
|c|âfuck christmas|nice
|c|âfuck christmas|n
|c|âfuck christmas|lefties
|c|âfuck christmas|actually
|c|âfuck christmas|banded
|
|move|p2a: Sharpedo|Crunch|p1a: Porygon2
|-damage|p1a: Porygon2|241\/373
|-unboost|p1a: Porygon2|def|1
|move|p1a: Porygon2|Thunderbolt|p2a: Sharpedo
|-supereffective|p2a: Sharpedo
|-damage|p2a: Sharpedo|0 fnt
|faint|p2a: Sharpedo
|
|c|âfuck christmas|ayyy
|
|switch|p2a: Landorus-Therian|Landorus-Therian, M|382\/382
|-damage|p2a: Landorus-Therian|335\/382|[from] Stealth Rock
|-ability|p2a: Landorus-Therian|Intimidate|[of] p1a: Porygon2
|-unboost|p1a: Porygon2|atk|1
|turn|51
|c|âI ABR I|hm
|c| Ox the Fox|if hes sd
|c| Ox the Fox|lum
|c|âI ABR I|lol
|
|move|p2a: Landorus-Therian|Stone Edge|p1a: Porygon2
|-damage|p1a: Porygon2|124\/373
|move|p1a: Porygon2|Ice Beam|p2a: Landorus-Therian
|-supereffective|p2a: Landorus-Therian
|-damage|p2a: Landorus-Therian|0 fnt
|faint|p2a: Landorus-Therian
|
|win|I ABR I
|raw|Ladder updating...
|raw|I ABR I's rating: 1406 &rarr; <strong>1425<\/strong><br \/>(+19 for winning)
|raw|fuck christmas's rating: 1400 &rarr; <strong>1380<\/strong><br \/>(-20 for losing)
|c|âI ABR I|lets hope not
|c|âfuck christmas|gggggg
|c|âI ABR I|GG
|leave|fuck christmas
|player|p2
|leave|Ox the Fox
|join|Ox the Fox
|leave|Dread Arceus
|leave|Silverbacks
|leave|Alldaalts
|join|Based Camel God
|leave|Based Camel God
|join|Albyness
|leave|Albyness