|join|fuck christmas
|join|NickLaTerreur
|player|p1|fuck christmas|281
|player|p2|NickLaTerreur|101
|gametype|singles
|gen|6
|tier|ORAS OU
|rated
|rule|Sleep Clause Mod: Limit one foe put to sleep
|rule|Species Clause: Limit one of each PokÃ©mon
|rule|OHKO Clause: OHKO moves are banned
|rule|Moody Clause: Moody is banned
|rule|Evasion Moves Clause: Evasion moves are banned
|rule|Endless Battle Clause: Forcing endless battles is banned
|rule|HP Percentage Mod: HP is shown in percentages
|clearpoke
|poke|p1|Diancie
|poke|p1|Azumarill, F
|poke|p1|Heatran, F
|poke|p1|Zapdos
|poke|p1|Garchomp, F
|poke|p1|Breloom, M
|poke|p2|Lopunny, M, shiny
|poke|p2|Empoleon, M
|poke|p2|Whimsicott, F, shiny
|poke|p2|Stunfisk, F, shiny
|poke|p2|Volcarona, F
|poke|p2|Gliscor, M
|rule|Swagger Clause: Swagger is banned
|rule|Baton Pass Clause: Limit one PokÃ©mon knowing Baton Pass
|teampreview
|
|start
|switch|p1a: Azumarill|Azumarill, F|404\/404
|switch|p2a: PetitPoisson|Stunfisk, F, shiny|422\/422
|turn|1
|
|switch|p2a: Fuwa Fuwa|Whimsicott, F, shiny|324\/324
|move|p1a: Azumarill|Waterfall|p2a: Fuwa Fuwa
|-resisted|p2a: Fuwa Fuwa
|-damage|p2a: Fuwa Fuwa|221\/324
|-damage|p1a: Azumarill|337\/404|[from] item: Rocky Helmet|[of] p2a: Fuwa Fuwa
|
|turn|2
|
|switch|p1a: Heatran|Heatran, F|386\/386
|-item|p1a: Heatran|Air Balloon
|move|p2a: Fuwa Fuwa|Cotton Guard|p2a: Fuwa Fuwa
|-boost|p2a: Fuwa Fuwa|def|3
|
|turn|3
|
|switch|p2a: Kira Kira|Empoleon, M|372\/372
|move|p1a: Heatran|Fire Blast|p2a: Kira Kira
|-damage|p2a: Kira Kira|276\/372
|
|turn|4
|
|switch|p1a: Zapdos|Zapdos|384\/384
|-ability|p1a: Zapdos|Pressure
|move|p2a: Kira Kira|Scald|p1a: Zapdos
|-damage|p1a: Zapdos|243\/384
|
|-heal|p1a: Zapdos|267\/384|[from] item: Leftovers
|turn|5
|
|switch|p2a: PetitPoisson|Stunfisk, F, shiny|422\/422
|move|p1a: Zapdos|Thunderbolt|p2a: PetitPoisson
|-immune|p2a: PetitPoisson|[msg]
|
|-heal|p1a: Zapdos|291\/384|[from] item: Leftovers
|turn|6
|
|switch|p1a: Garchomp|Garchomp, F|358\/358
|move|p2a: PetitPoisson|Stealth Rock|p1a: Garchomp
|-sidestart|p1: fuck christmas|move: Stealth Rock
|
|turn|7
|
|switch|p2a: Fuwa Fuwa|Whimsicott, F, shiny|221\/324
|move|p1a: Garchomp|Outrage|p2a: Fuwa Fuwa
|-immune|p2a: Fuwa Fuwa|[msg]
|
|turn|8
|
|switch|p1a: Zapdos|Zapdos|291\/384
|-damage|p1a: Zapdos|195\/384|[from] Stealth Rock
|-ability|p1a: Zapdos|Pressure
|move|p2a: Fuwa Fuwa|Leech Seed|p1a: Zapdos
|-start|p1a: Zapdos|move: Leech Seed
|
|-heal|p1a: Zapdos|219\/384|[from] item: Leftovers
|-damage|p1a: Zapdos|171\/384|[from] Leech Seed|[of] p2a: Fuwa Fuwa
|-heal|p2a: Fuwa Fuwa|269\/324|[silent]
|turn|9
|
|move|p2a: Fuwa Fuwa|Taunt|p1a: Zapdos
|-start|p1a: Zapdos|move: Taunt
|cant|p1a: Zapdos|move: Taunt|Roost
|
|-heal|p1a: Zapdos|195\/384|[from] item: Leftovers
|-damage|p1a: Zapdos|147\/384|[from] Leech Seed|[of] p2a: Fuwa Fuwa
|-heal|p2a: Fuwa Fuwa|317\/324|[silent]
|turn|10
|
|switch|p2a: Volcarona|Volcarona, F|374\/374
|switch|p1a: Heatran|Heatran, F|386\/386
|-damage|p1a: Heatran|338\/386|[from] Stealth Rock
|-item|p1a: Heatran|Air Balloon
|
|turn|11
|
|move|p2a: Volcarona|Quiver Dance|p2a: Volcarona
|-boost|p2a: Volcarona|spa|1
|-boost|p2a: Volcarona|spd|1
|-boost|p2a: Volcarona|spe|1
|move|p1a: Heatran|Fire Blast|p2a: Volcarona
|-damage|p2a: Volcarona|290\/374
|
|turn|12
|
|switch|p1a: Diancie|Diancie|241\/241
|-damage|p1a: Diancie|211\/241|[from] Stealth Rock
|move|p2a: Volcarona|Bug Buzz|p1a: Diancie
|-resisted|p1a: Diancie
|-damage|p1a: Diancie|133\/241
|
|turn|13
|
|detailschange|p1a: Diancie|Diancie-Mega
|message|Diancie has Mega Evolved into Mega Diancie!
|move|p2a: Volcarona|Fiery Dance|p1a: Diancie
|-resisted|p1a: Diancie
|-damage|p1a: Diancie|47\/241
|move|p1a: Diancie|Diamond Storm|p2a: Volcarona
|-supereffective|p2a: Volcarona
|-damage|p2a: Volcarona|0 fnt
|-boost|p1a: Diancie|def|1
|faint|p2a: Volcarona
|
|
|switch|p2a: Kira Kira|Empoleon, M|276\/372
|turn|14
|
|switch|p1a: Azumarill|Azumarill, F|337\/404
|-damage|p1a: Azumarill|287\/404|[from] Stealth Rock
|move|p2a: Kira Kira|Ice Beam|p1a: Azumarill
|-resisted|p1a: Azumarill
|-damage|p1a: Azumarill|229\/404
|
|turn|15
|
|switch|p2a: Fuwa Fuwa|Whimsicott, F, shiny|317\/324
|move|p1a: Azumarill|Play Rough|p2a: Fuwa Fuwa
|-damage|p2a: Fuwa Fuwa|92\/324
|-damage|p1a: Azumarill|162\/404|[from] item: Rocky Helmet|[of] p2a: Fuwa Fuwa
|
|turn|16
|
|move|p2a: Fuwa Fuwa|Cotton Guard|p2a: Fuwa Fuwa
|-boost|p2a: Fuwa Fuwa|def|3
|move|p1a: Azumarill|Play Rough|p2a: Fuwa Fuwa
|-damage|p2a: Fuwa Fuwa|0 fnt
|-damage|p1a: Azumarill|95\/404|[from] item: Rocky Helmet|[of] p2a: Fuwa Fuwa
|faint|p2a: Fuwa Fuwa
|
|
|switch|p2a: Pyon Pyon|Lopunny, M, shiny|272\/272
|turn|17
|
|switch|p1a: Diancie|Diancie-Mega|47\/241
|-damage|p1a: Diancie|17\/241|[from] Stealth Rock
|detailschange|p2a: Pyon Pyon|Lopunny-Mega, M, shiny
|message|Lopunny has Mega Evolved into Mega Lopunny!
|move|p2a: Pyon Pyon|Return|p1a: Diancie
|-resisted|p1a: Diancie
|-damage|p1a: Diancie|0 fnt
|faint|p1a: Diancie
|
|
|switch|p1a: Azumarill|Azumarill, F|95\/404
|-damage|p1a: Azumarill|45\/404|[from] Stealth Rock
|turn|18
|
|move|p1a: Azumarill|Aqua Jet|p2a: Pyon Pyon
|-damage|p2a: Pyon Pyon|124\/272
|move|p2a: Pyon Pyon|Return|p1a: Azumarill
|-damage|p1a: Azumarill|0 fnt
|faint|p1a: Azumarill
|
|
|switch|p1a: Garchomp|Garchomp, F|358\/358
|-damage|p1a: Garchomp|336\/358|[from] Stealth Rock
|turn|19
|
|move|p1a: Garchomp|Earthquake|p2a: Pyon Pyon
|-damage|p2a: Pyon Pyon|0 fnt
|faint|p2a: Pyon Pyon
|
|
|switch|p2a: Gliscor|Gliscor, M|354\/354
|turn|20
|
|switch|p1a: Heatran|Heatran, F|338\/386
|-damage|p1a: Heatran|290\/386|[from] Stealth Rock
|-item|p1a: Heatran|Air Balloon
|move|p2a: Gliscor|Toxic|p1a: Heatran
|-fail|p1a: Heatran
|
|-status|p2a: Gliscor|tox|[from] item: Toxic Orb
|turn|21
|
|move|p2a: Gliscor|Knock Off|p1a: Heatran
|-damage|p1a: Heatran|218\/386
|-enditem|p1a: Heatran|Air Balloon
|move|p1a: Heatran|Will-O-Wisp|p2a: Gliscor
|-fail|p2a: Gliscor
|
|turn|22
|
|switch|p1a: Zapdos|Zapdos|147\/384
|-damage|p1a: Zapdos|51\/384|[from] Stealth Rock
|-ability|p1a: Zapdos|Pressure
|move|p2a: Gliscor|Earthquake|p1a: Zapdos
|-immune|p1a: Zapdos|[msg]
|
|-heal|p1a: Zapdos|75\/384|[from] item: Leftovers
|turn|23
|
|move|p1a: Zapdos|Roost|p1a: Zapdos
|-heal|p1a: Zapdos|267\/384
|move|p2a: Gliscor|Knock Off|p1a: Zapdos
|-damage|p1a: Zapdos|183\/384
|-enditem|p1a: Zapdos|Leftovers|[from] move: Knock Off|[of] p2a: Gliscor
|
|turn|24
|
|move|p1a: Zapdos|Defog|p2a: Gliscor
|-unboost|p2a: Gliscor|evasion|1
|-sideend|p1: fuck christmas|Stealth Rock|[from] move: Defog|[of] p1a: Zapdos
|move|p2a: Gliscor|Toxic|p1a: Zapdos
|-status|p1a: Zapdos|tox
|
|-damage|p1a: Zapdos|159\/384 tox|[from] psn
|turn|25
|
|switch|p2a: PetitPoisson|Stunfisk, F, shiny|422\/422
|move|p1a: Zapdos|Hidden Power|p2a: PetitPoisson
|-supereffective|p2a: PetitPoisson
|-damage|p2a: PetitPoisson|302\/422
|
|-heal|p2a: PetitPoisson|328\/422|[from] item: Leftovers
|-damage|p1a: Zapdos|111\/384 tox|[from] psn
|turn|26
|
|move|p1a: Zapdos|Roost|p1a: Zapdos
|-heal|p1a: Zapdos|303\/384 tox
|move|p2a: PetitPoisson|Earthquake|p1a: Zapdos
|-supereffective|p1a: Zapdos
|-damage|p1a: Zapdos|123\/384 tox
|
|-heal|p2a: PetitPoisson|354\/422|[from] item: Leftovers
|-damage|p1a: Zapdos|51\/384 tox|[from] psn
|turn|27
|
|move|p1a: Zapdos|Roost|p1a: Zapdos
|-heal|p1a: Zapdos|243\/384 tox
|move|p2a: PetitPoisson|Earthquake|p1a: Zapdos
|-supereffective|p1a: Zapdos
|-damage|p1a: Zapdos|63\/384 tox
|
|-heal|p2a: PetitPoisson|380\/422|[from] item: Leftovers
|-damage|p1a: Zapdos|0 fnt|[from] psn
|faint|p1a: Zapdos
|
|switch|p1a: Garchomp|Garchomp, F|336\/358
|turn|28
|
|switch|p2a: Gliscor|Gliscor, M|354\/354 tox
|move|p1a: Garchomp|Outrage|p2a: Gliscor
|-damage|p2a: Gliscor|212\/354 tox
|
|-heal|p2a: Gliscor|256\/354 tox|[from] ability: Poison Heal
|turn|29
|
|move|p2a: Gliscor|Protect|p2a: Gliscor
|-singleturn|p2a: Gliscor|Protect
|move|p1a: Garchomp|Outrage|p2a: Gliscor
|-activate|p2a: Gliscor|Protect
|
|-heal|p2a: Gliscor|300\/354 tox|[from] ability: Poison Heal
|turn|30
|
|move|p1a: Garchomp|Outrage|p2a: Gliscor
|-damage|p2a: Gliscor|179\/354 tox
|move|p2a: Gliscor|Toxic|p1a: Garchomp
|-status|p1a: Garchomp|tox
|
|-damage|p1a: Garchomp|314\/358 tox|[from] psn
|-heal|p2a: Gliscor|223\/354 tox|[from] ability: Poison Heal
|turn|31
|
|move|p2a: Gliscor|Protect|p2a: Gliscor
|-singleturn|p2a: Gliscor|Protect
|move|p1a: Garchomp|Outrage|p2a: Gliscor
|-activate|p2a: Gliscor|Protect
|
|-damage|p1a: Garchomp|270\/358 tox|[from] psn
|-heal|p2a: Gliscor|267\/354 tox|[from] ability: Poison Heal
|turn|32
|
|move|p1a: Garchomp|Outrage|p2a: Gliscor
|-damage|p2a: Gliscor|146\/354 tox
|move|p2a: Gliscor|Earthquake|p1a: Garchomp
|-damage|p1a: Garchomp|158\/358 tox
|
|-damage|p1a: Garchomp|92\/358 tox|[from] psn
|-heal|p2a: Gliscor|190\/354 tox|[from] ability: Poison Heal
|turn|33
|
|move|p2a: Gliscor|Protect|p2a: Gliscor
|-singleturn|p2a: Gliscor|Protect
|move|p1a: Garchomp|Outrage|p2a: Gliscor
|-activate|p2a: Gliscor|Protect
|
|-damage|p1a: Garchomp|4\/358 tox|[from] psn
|-heal|p2a: Gliscor|234\/354 tox|[from] ability: Poison Heal
|turn|34
|
|move|p2a: Gliscor|Protect|p2a: Gliscor
|-fail|p2a: Gliscor
|move|p1a: Garchomp|Outrage|p2a: Gliscor
|-damage|p2a: Gliscor|92\/354 tox
|
|-damage|p1a: Garchomp|0 fnt|[from] psn
|-heal|p2a: Gliscor|136\/354 tox|[from] ability: Poison Heal
|faint|p1a: Garchomp
|
|switch|p1a: Breloom|Breloom, M|262\/262
|turn|35
|
|move|p2a: Gliscor|Protect|p2a: Gliscor
|-singleturn|p2a: Gliscor|Protect
|move|p1a: Breloom|Bullet Seed|p2a: Gliscor
|-activate|p2a: Gliscor|Protect
|
|-heal|p2a: Gliscor|180\/354 tox|[from] ability: Poison Heal
|turn|36
|
|move|p1a: Breloom|Bullet Seed|p2a: Gliscor
|-damage|p2a: Gliscor|135\/354 tox
|-damage|p2a: Gliscor|96\/354 tox
|-hitcount|p2a: Gliscor|2
|move|p2a: Gliscor|Toxic|p1a: Breloom
|-status|p1a: Breloom|tox
|
|-damage|p1a: Breloom|246\/262 tox|[from] psn
|-heal|p2a: Gliscor|140\/354 tox|[from] ability: Poison Heal
|turn|37
|
|move|p2a: Gliscor|Protect|p2a: Gliscor
|-singleturn|p2a: Gliscor|Protect
|move|p1a: Breloom|Bullet Seed|p2a: Gliscor
|-activate|p2a: Gliscor|Protect
|
|-damage|p1a: Breloom|214\/262 tox|[from] psn
|-heal|p2a: Gliscor|184\/354 tox|[from] ability: Poison Heal
|turn|38
|
|move|p1a: Breloom|Bullet Seed|p2a: Gliscor
|-damage|p2a: Gliscor|145\/354 tox
|-damage|p2a: Gliscor|106\/354 tox
|-damage|p2a: Gliscor|66\/354 tox
|-hitcount|p2a: Gliscor|3
|move|p2a: Gliscor|Knock Off|p1a: Breloom
|-resisted|p1a: Breloom
|-damage|p1a: Breloom|169\/262 tox
|-enditem|p1a: Breloom|Focus Sash|[from] move: Knock Off|[of] p2a: Gliscor
|
|-damage|p1a: Breloom|121\/262 tox|[from] psn
|-heal|p2a: Gliscor|110\/354 tox|[from] ability: Poison Heal
|turn|39
|
|move|p2a: Gliscor|Protect|p2a: Gliscor
|-singleturn|p2a: Gliscor|Protect
|move|p1a: Breloom|Bullet Seed|p2a: Gliscor
|-activate|p2a: Gliscor|Protect
|
|-damage|p1a: Breloom|57\/262 tox|[from] psn
|-heal|p2a: Gliscor|154\/354 tox|[from] ability: Poison Heal
|turn|40
|
|move|p2a: Gliscor|Protect|p2a: Gliscor
|-fail|p2a: Gliscor
|move|p1a: Breloom|Bullet Seed|p2a: Gliscor
|-crit|p2a: Gliscor
|-damage|p2a: Gliscor|90\/354 tox
|-crit|p2a: Gliscor
|-damage|p2a: Gliscor|24\/354 tox
|-hitcount|p2a: Gliscor|2
|
|-damage|p1a: Breloom|0 fnt|[from] psn
|-heal|p2a: Gliscor|68\/354 tox|[from] ability: Poison Heal
|faint|p1a: Breloom
|
|switch|p1a: Heatran|Heatran, F|218\/386
|turn|41
|
|move|p2a: Gliscor|Earthquake|p1a: Heatran
|-supereffective|p1a: Heatran
|-damage|p1a: Heatran|0 fnt
|faint|p1a: Heatran
|
|win|NickLaTerreur
|raw|Ladder updating...
|raw|fuck christmas's rating: 1359 &rarr; <strong>1333<\/strong><br \/>(-26 for losing)
|raw|NickLaTerreur's rating: 1248 &rarr; <strong>1281<\/strong><br \/>(+33 for winning)
|c|âNickLaTerreur|gg
|leave|fuck christmas
|player|p1