|join|Leftiez
|join|fuck christmas
|player|p1|Leftiez|151
|player|p2|fuck christmas|281
|gametype|singles
|gen|6
|tier|OU
|clearpoke
|poke|p1|Charizard, M
|poke|p1|Landorus, M
|poke|p1|Latios, M
|poke|p1|Tyranitar, M
|poke|p1|Clefable, F
|poke|p1|Empoleon, F
|poke|p2|Gardevoir, F
|poke|p2|Victini
|poke|p2|Rotom-Wash
|poke|p2|Landorus-Therian, M
|poke|p2|Skarmory, M
|poke|p2|Tyranitar, F
|rule|Swagger Clause: Swagger is banned
|rule|Baton Pass Clause: Limit one PokÃ©mon knowing Baton Pass
|rule|Sleep Clause Mod: Limit one foe put to sleep
|rule|Species Clause: Limit one of each PokÃ©mon
|rule|OHKO Clause: OHKO moves are banned
|rule|Moody Clause: Moody is banned
|rule|Evasion Moves Clause: Evasion moves are banned
|rule|Endless Battle Clause: Forcing endless battles is banned
|rule|HP Percentage Mod: HP is shown in percentages
|teampreview
|join|LT4A PyroCol
|join|TheTwistedSamurai
|join|Prototype builder
|join|Nog
|join|Blonde-BattyBoy
|join|JDynasty
|leave|JDynasty
|join|JDynasty
|join|Cienight
|join|AcceleratorGod
|join|Specs Jesus
|join|IAmGingy
|c| TheTwistedSamurai|This battle is gonna be good
|leave|LT4A PyroCol
|
|start
|switch|p1a: Charizard|Charizard, M|297\/297
|switch|p2a: Victini|Victini|341\/341
|turn|1
|
|detailschange|p1a: Charizard|Charizard-Mega-Y, M
|message|Charizard has Mega Evolved into Mega Charizard!
|-weather|SunnyDay
|move|p1a: Charizard|Solar Beam|p2a: Victini|[still]
|-prepare|p1a: Charizard|Solar Beam|p2a: Victini
|-anim|p1a: Charizard|Solar Beam|p2a: Victini
|-resisted|p2a: Victini
|-damage|p2a: Victini|253\/341
|move|p2a: Victini|U-turn|p1a: Charizard
|-resisted|p1a: Charizard
|-damage|p1a: Charizard|266\/297
|
|switch|p2a: Tyranitar|Tyranitar, F|341\/341
|-weather|Sandstorm
|
|-weather|Sandstorm|[upkeep]
|-damage|p1a: Charizard|248\/297|[from] sandstorm
|turn|2
|
|move|p2a: Tyranitar|Stone Edge|p1a: Charizard
|-crit|p1a: Charizard
|-supereffective|p1a: Charizard
|-damage|p1a: Charizard|0 fnt
|faint|p1a: Charizard
|
|-weather|Sandstorm|[upkeep]
|
|switch|p1a: Landorus|Landorus, M|319\/319
|turn|3
|
|move|p2a: Tyranitar|Stone Edge|p1a: Landorus
|-damage|p1a: Landorus|126\/319
|move|p1a: Landorus|Focus Blast|p2a: Tyranitar
|-supereffective|p2a: Tyranitar
|-damage|p2a: Tyranitar|0 fnt
|faint|p2a: Tyranitar
|
|-weather|Sandstorm|[upkeep]
|
|switch|p2a: Rotom-Wash|Rotom-Wash|304\/304
|turn|4
|
|switch|p1a: Clefable|Clefable, F|394\/394
|move|p2a: Rotom-Wash|Volt Switch|p1a: Clefable
|-damage|p1a: Clefable|313\/394
|
|switch|p2a: Victini|Victini|253\/341
|
|-weather|Sandstorm|[upkeep]
|-damage|p2a: Victini|232\/341|[from] sandstorm
|-heal|p1a: Clefable|337\/394|[from] item: Leftovers
|turn|5
|join|lmop ok kid
|
|switch|p1a: Tyranitar|Tyranitar, M|342\/342
|move|p2a: Victini|V-create|p1a: Tyranitar
|-resisted|p1a: Tyranitar
|-damage|p1a: Tyranitar|173\/342
|-unboost|p2a: Victini|def|1
|-unboost|p2a: Victini|spd|1
|-unboost|p2a: Victini|spe|1
|
|-weather|none
|turn|6
|c| Cienight|holyshit
|
|move|p1a: Tyranitar|Pursuit|p2a: Victini
|-crit|p2a: Victini
|-supereffective|p2a: Victini
|-damage|p2a: Victini|0 fnt
|faint|p2a: Victini
|
|
|switch|p2a: Landorus-Therian|Landorus-Therian, M|320\/320
|-ability|p2a: Landorus-Therian|Intimidate|[of] p1a: Tyranitar
|-unboost|p1a: Tyranitar|atk|1
|turn|7
|join|No BP Plz
|c| AcceleratorGod|band v create seems legit lol
|
|switch|p1a: Landorus|Landorus, M|126\/319
|move|p2a: Landorus-Therian|Stealth Rock|p1a: Landorus
|-sidestart|p1: Leftiez|move: Stealth Rock
|
|turn|8
|
|move|p1a: Landorus|Knock Off|p2a: Landorus-Therian
|-damage|p2a: Landorus-Therian|186\/320
|-enditem|p2a: Landorus-Therian|Leftovers|[from] move: Knock Off|[of] p1a: Landorus
|-damage|p1a: Landorus|95\/319|[from] item: Life Orb
|move|p2a: Landorus-Therian|Stone Edge|p1a: Landorus
|-damage|p1a: Landorus|0 fnt
|faint|p1a: Landorus
|
|
|switch|p1a: Latios|Latios, M|302\/302
|-damage|p1a: Latios|265\/302|[from] Stealth Rock
|turn|9
|
|move|p1a: Latios|Psyshock|p2a: Landorus-Therian
|-damage|p2a: Landorus-Therian|0 fnt
|faint|p2a: Landorus-Therian
|
|join|jake5alt
|
|switch|p2a: Gardevoir|Gardevoir, F|340\/340
|-ability|p2a: Gardevoir|Levitate|[from] ability: Trace|[of] p1a: Latios
|turn|10
|join|0 Sky Dragon
|
|detailschange|p2a: Gardevoir|Gardevoir-Mega, F
|message|Gardevoir has Mega Evolved into Mega Gardevoir!
|move|p1a: Latios|Psyshock|p2a: Gardevoir
|-resisted|p2a: Gardevoir
|-damage|p2a: Gardevoir|201\/340
|move|p2a: Gardevoir|Hyper Voice|p1a: Latios
|-supereffective|p1a: Latios
|-damage|p1a: Latios|0 fnt
|faint|p1a: Latios
|
|join|Specs Fake-Out
|
|switch|p1a: Tyranitar|Tyranitar, M|173\/342
|-damage|p1a: Tyranitar|131\/342|[from] Stealth Rock
|-weather|Sandstorm
|turn|11
|c|âfuck christmas|fuck
|c|âfuck christmas|didn't think specs psyshock would kill
|c| TheTwistedSamurai|Gard just wins 
|c| TheTwistedSamurai|I think 
|
|switch|p2a: Skarmory|Skarmory, M|334\/334
|move|p1a: Tyranitar|Crunch|p2a: Skarmory
|-damage|p2a: Skarmory|249\/334
|-damage|p1a: Tyranitar|74\/342|[from] item: Rocky Helmet|[of] p2a: Skarmory
|
|-weather|Sandstorm|[upkeep]
|turn|12
|c| Cienight|scarftar
|
|switch|p1a: Clefable|Clefable, F|337\/394
|move|p2a: Skarmory|Spikes|p1a: Clefable
|-sidestart|p1: Leftiez|Spikes
|
|-weather|Sandstorm|[upkeep]
|-heal|p1a: Clefable|361\/394|[from] item: Leftovers
|turn|13
|
|move|p1a: Clefable|Stealth Rock|p2a: Skarmory
|-sidestart|p2: fuck christmas|move: Stealth Rock
|move|p2a: Skarmory|Whirlwind|p1a: Clefable
|drag|p1a: Tyranitar|Tyranitar, M|74\/342
|-damage|p1a: Tyranitar|32\/342|[from] Stealth Rock
|-damage|p1a: Tyranitar|0 fnt|[from] Spikes
|faint|p1a: Tyranitar
|
|-weather|Sandstorm|[upkeep]
|
|switch|p1a: Empoleon|Empoleon, F|372\/372
|-damage|p1a: Empoleon|326\/372|[from] Spikes
|-damage|p1a: Empoleon|303\/372|[from] Stealth Rock
|turn|14
|
|move|p2a: Skarmory|Defog|p1a: Empoleon
|-unboost|p1a: Empoleon|evasion|1
|-sideend|p1: Leftiez|Spikes|[from] move: Defog|[of] p1a: Empoleon
|-sideend|p1: Leftiez|Stealth Rock|[from] move: Defog|[of] p1a: Empoleon
|-sideend|p2: fuck christmas|Stealth Rock|[from] move: Defog|[of] p2a: Skarmory
|move|p1a: Empoleon|Defog|p2a: Skarmory
|-unboost|p2a: Skarmory|evasion|1
|
|-weather|Sandstorm|[upkeep]
|-heal|p1a: Empoleon|326\/372|[from] item: Leftovers
|turn|15
|c|âfuck christmas|lool
|
|switch|p2a: Rotom-Wash|Rotom-Wash|304\/304
|move|p1a: Empoleon|Toxic|p2a: Rotom-Wash
|-status|p2a: Rotom-Wash|tox
|
|-weather|none
|-heal|p1a: Empoleon|349\/372|[from] item: Leftovers
|-damage|p2a: Rotom-Wash|285\/304 tox|[from] psn
|turn|16
|
|switch|p1a: Clefable|Clefable, F|361\/394
|move|p2a: Rotom-Wash|Will-O-Wisp|p1a: Clefable
|-status|p1a: Clefable|brn
|
|-heal|p2a: Rotom-Wash|304\/304 tox|[from] item: Leftovers
|-heal|p1a: Clefable|385\/394 brn|[from] item: Leftovers
|-damage|p2a: Rotom-Wash|266\/304 tox|[from] psn
|turn|17
|
|move|p2a: Rotom-Wash|Volt Switch|p1a: Clefable
|-damage|p1a: Clefable|301\/394 brn
|
|switch|p2a: Skarmory|Skarmory, M|249\/334
|move|p1a: Clefable|Stealth Rock|p2a: Skarmory
|-sidestart|p2: fuck christmas|move: Stealth Rock
|
|-heal|p1a: Clefable|325\/394 brn|[from] item: Leftovers
|turn|18
|c| Cienight|wat r u doing
|c|âfuck christmas|is he not cm
|c|âfuck christmas|,,
|c|+Nog|eating tacos
|c|+Nog|:]
|c|âfuck christmas|idek how much hyper voice does
|c|âfuck christmas|rofl
|c| Cienight|fk
|c| Cienight|u
|c| Cienight|nog
|c| Cienight|qq
|
|switch|p1a: Empoleon|Empoleon, F|349\/372
|move|p2a: Skarmory|Defog|p1a: Empoleon
|-unboost|p1a: Empoleon|evasion|1
|-sideend|p2: fuck christmas|Stealth Rock|[from] move: Defog|[of] p2a: Skarmory
|
|-heal|p1a: Empoleon|372\/372|[from] item: Leftovers
|turn|19
|c| Cienight|ill have riceballs with meta
|c|+Nog|you also missed haxball earlier cienight
|
|switch|p2a: Rotom-Wash|Rotom-Wash|266\/304 tox
|move|p1a: Empoleon|Scald|p2a: Rotom-Wash
|-resisted|p2a: Rotom-Wash
|-damage|p2a: Rotom-Wash|233\/304 tox
|
|-heal|p2a: Rotom-Wash|252\/304 tox|[from] item: Leftovers
|-damage|p2a: Rotom-Wash|233\/304 tox|[from] psn
|turn|20
|c| Cienight|meat
|c| Cienight|what meta
|c| Cienight|........
|
|move|p2a: Rotom-Wash|Will-O-Wisp|p1a: Empoleon
|-status|p1a: Empoleon|brn
|move|p1a: Empoleon|Scald|p2a: Rotom-Wash
|-resisted|p2a: Rotom-Wash
|-damage|p2a: Rotom-Wash|197\/304 tox
|
|-heal|p2a: Rotom-Wash|216\/304 tox|[from] item: Leftovers
|-damage|p2a: Rotom-Wash|178\/304 tox|[from] psn
|-damage|p1a: Empoleon|326\/372 brn|[from] brn
|turn|21
|c| Cienight|fml.
|
|move|p2a: Rotom-Wash|Volt Switch|p1a: Empoleon
|-supereffective|p1a: Empoleon
|-damage|p1a: Empoleon|168\/372 brn
|
|switch|p2a: Skarmory|Skarmory, M|249\/334
|move|p1a: Empoleon|Scald|p2a: Skarmory
|-damage|p2a: Skarmory|107\/334
|-status|p2a: Skarmory|brn
|
|-heal|p1a: Empoleon|191\/372 brn|[from] item: Leftovers
|-damage|p2a: Skarmory|66\/334 brn|[from] brn
|-damage|p1a: Empoleon|145\/372 brn|[from] brn
|turn|22
|
|switch|p2a: Rotom-Wash|Rotom-Wash|178\/304 tox
|switch|p1a: Clefable|Clefable, F|325\/394 brn
|
|-heal|p2a: Rotom-Wash|197\/304 tox|[from] item: Leftovers
|-heal|p1a: Clefable|349\/394 brn|[from] item: Leftovers
|-damage|p2a: Rotom-Wash|178\/304 tox|[from] psn
|turn|23
|
|move|p2a: Rotom-Wash|Volt Switch|p1a: Clefable
|-damage|p1a: Clefable|276\/394 brn
|
|switch|p2a: Gardevoir|Gardevoir-Mega, F|201\/340
|move|p1a: Clefable|Stealth Rock|p2a: Gardevoir
|-sidestart|p2: fuck christmas|move: Stealth Rock
|
|-heal|p1a: Clefable|300\/394 brn|[from] item: Leftovers
|turn|24
|leave|Specs Jesus
|
|move|p2a: Gardevoir|Hyper Voice|p1a: Clefable
|-damage|p1a: Clefable|65\/394 brn
|move|p1a: Clefable|Thunder Wave|p2a: Gardevoir
|-status|p2a: Gardevoir|par
|
|-heal|p1a: Clefable|89\/394 brn|[from] item: Leftovers
|turn|25
|join|NR-venon x
|join|LT4E ChurmpEevee
|
|move|p1a: Clefable|Soft-Boiled|p1a: Clefable
|-heal|p1a: Clefable|286\/394 brn
|move|p2a: Gardevoir|Hyper Voice|p1a: Clefable
|-damage|p1a: Clefable|40\/394 brn
|
|-heal|p1a: Clefable|64\/394 brn|[from] item: Leftovers
|turn|26
|
|move|p1a: Clefable|Soft-Boiled|p1a: Clefable
|-heal|p1a: Clefable|261\/394 brn
|move|p2a: Gardevoir|Hyper Voice|p1a: Clefable
|-damage|p1a: Clefable|12\/394 brn
|
|-heal|p1a: Clefable|36\/394 brn|[from] item: Leftovers
|turn|27
|
|move|p1a: Clefable|Soft-Boiled|p1a: Clefable
|-heal|p1a: Clefable|233\/394 brn
|move|p2a: Gardevoir|Hyper Voice|p1a: Clefable
|-damage|p1a: Clefable|0 fnt
|faint|p1a: Clefable
|
|c|âLeftiez|gg
|
|switch|p1a: Empoleon|Empoleon, F|145\/372 brn
|turn|28
|c|âfuck christmas|gg
|c|âLeftiez|choked
|leave|TheTwistedSamurai
|c|âLeftiez|:\/
|
|move|p1a: Empoleon|Scald|p2a: Gardevoir
|-damage|p2a: Gardevoir|119\/340 par
|move|p2a: Gardevoir|Hyper Voice|p1a: Empoleon
|-resisted|p1a: Empoleon
|-damage|p1a: Empoleon|25\/372 brn
|
|-heal|p1a: Empoleon|48\/372 brn|[from] item: Leftovers
|-damage|p1a: Empoleon|2\/372 brn|[from] brn
|turn|29
|c|âfuck christmas|:[
|c|âLeftiez|shoulda use pursuit
|c|+Nog|reveal rest?
|c|âfuck christmas|yea
|c|âLeftiez|then win 100%
|
|move|p1a: Empoleon|Scald|p2a: Gardevoir
|-damage|p2a: Gardevoir|5\/340 par
|move|p2a: Gardevoir|Hyper Voice|p1a: Empoleon
|-crit|p1a: Empoleon
|-resisted|p1a: Empoleon
|-damage|p1a: Empoleon|0 fnt
|faint|p1a: Empoleon
|
|win|fuck christmas
|leave|No BP Plz
|leave|NR-venon x