|join|Rick Gastly
|join|fuck christmas
|player|p1|Rick Gastly|289
|player|p2|fuck christmas|281
|gametype|singles
|gen|6
|tier|OU
|clearpoke
|poke|p1|Medicham, M
|poke|p1|Tyranitar, F
|poke|p1|Excadrill, M
|poke|p1|Mandibuzz, F
|poke|p1|Clefable, M
|poke|p1|Greninja, M, shiny
|poke|p2|Landorus-Therian, M
|poke|p2|Mamoswine, M
|poke|p2|Scizor, M
|poke|p2|Blastoise, M
|poke|p2|Sylveon, M
|poke|p2|Latios, M
|rule|Swagger Clause: Swagger is banned
|rule|Baton Pass Clause: Limit one PokÃ©mon knowing Baton Pass
|rule|Sleep Clause Mod: Limit one foe put to sleep
|rule|Species Clause: Limit one of each PokÃ©mon
|rule|OHKO Clause: OHKO moves are banned
|rule|Moody Clause: Moody is banned
|rule|Evasion Moves Clause: Evasion moves are banned
|rule|Endless Battle Clause: Forcing endless battles is banned
|rule|HP Percentage Mod: HP is shown in percentages
|teampreview
|join|Frickett
|join|GetUrAss
|leave|Frickett
|
|start
|switch|p1a: RockYaBody|Tyranitar, F|403\/403
|switch|p2a: Sylveon|Sylveon, M|394\/394
|-weather|Sandstorm
|turn|1
|
|switch|p1a: Spin2Win|Excadrill, M|361\/361
|-item|p1a: Spin2Win|Air Balloon
|move|p2a: Sylveon|Hyper Voice|p1a: Spin2Win
|-resisted|p1a: Spin2Win
|-damage|p1a: Spin2Win|255\/361
|-enditem|p1a: Spin2Win|Air Balloon
|
|-weather|Sandstorm|[upkeep]
|-damage|p2a: Sylveon|370\/394|[from] sandstorm
|-heal|p2a: Sylveon|394\/394|[from] item: Leftovers
|turn|2
|leave|GetUrAss
|
|switch|p2a: Blastoise|Blastoise, M|362\/362
|move|p1a: Spin2Win|Swords Dance|p1a: Spin2Win
|-boost|p1a: Spin2Win|atk|2
|
|-weather|Sandstorm|[upkeep]
|-damage|p2a: Blastoise|340\/362|[from] sandstorm
|turn|3
|join|Mantodea
|
|switch|p1a: PhazeMeBro|Mandibuzz, F|423\/423
|detailschange|p2a: Blastoise|Blastoise-Mega, M
|message|Blastoise has Mega Evolved into Mega Blastoise!
|move|p2a: Blastoise|Water Pulse|p1a: PhazeMeBro
|-damage|p1a: PhazeMeBro|246\/423
|
|-weather|Sandstorm|[upkeep]
|-damage|p2a: Blastoise|318\/362|[from] sandstorm
|-heal|p1a: PhazeMeBro|272\/423|[from] item: Leftovers
|turn|4
|
|switch|p2a: Sylveon|Sylveon, M|394\/394
|move|p1a: PhazeMeBro|Toxic|p2a: Sylveon
|-status|p2a: Sylveon|tox
|
|-weather|Sandstorm|[upkeep]
|-damage|p2a: Sylveon|370\/394 tox|[from] sandstorm
|-heal|p1a: PhazeMeBro|298\/423|[from] item: Leftovers
|-heal|p2a: Sylveon|394\/394 tox|[from] item: Leftovers
|-damage|p2a: Sylveon|370\/394 tox|[from] psn
|turn|5
|
|switch|p1a: Toxicated|Clefable, M|394\/394
|move|p2a: Sylveon|Hyper Voice|p1a: Toxicated
|-crit|p1a: Toxicated
|-damage|p1a: Toxicated|190\/394
|
|-weather|Sandstorm|[upkeep]
|-damage|p2a: Sylveon|346\/394 tox|[from] sandstorm
|-heal|p1a: Toxicated|214\/394|[from] item: Leftovers
|-heal|p2a: Sylveon|370\/394 tox|[from] item: Leftovers
|-damage|p2a: Sylveon|322\/394 tox|[from] psn
|turn|6
|join|TerrorDave
|c| TerrorDave|rick
|
|switch|p2a: Scizor|Scizor, M|281\/281
|move|p1a: Toxicated|Soft-Boiled|p1a: Toxicated
|-heal|p1a: Toxicated|394\/394
|
|-weather|Sandstorm|[upkeep]
|turn|7
|c|âRick Gastly|?
|c| TerrorDave|link the rmt w
|c| TerrorDave|when done
|c| TerrorDave|pls
|c|âRick Gastly|i will
|
|switch|p1a: PhazeMeBro|Mandibuzz, F|298\/423
|move|p2a: Scizor|Bug Bite|p1a: PhazeMeBro
|-damage|p1a: PhazeMeBro|115\/423
|-damage|p2a: Scizor|253\/281|[from] item: Life Orb
|
|-weather|Sandstorm|[upkeep]
|-heal|p1a: PhazeMeBro|141\/423|[from] item: Leftovers
|turn|8
|c| TerrorDave|ty
|
|move|p2a: Scizor|Bug Bite|p1a: PhazeMeBro
|-damage|p1a: PhazeMeBro|0 fnt
|-damage|p2a: Scizor|225\/281|[from] item: Life Orb
|faint|p1a: PhazeMeBro
|
|-weather|none
|
|switch|p1a: Enlightment|Medicham, M|261\/261
|turn|9
|
|switch|p2a: Latios|Latios, M|302\/302
|detailschange|p1a: Enlightment|Medicham-Mega, M
|message|Medicham has Mega Evolved into Mega Medicham!
|move|p1a: Enlightment|Fake Out|p2a: Latios
|-damage|p2a: Latios|203\/302
|
|turn|10
|c|âRick Gastly|i havent played for too long
|c|âRick Gastly|cant rpedict at all
|c|âfuck christmas|rofl
|c|âfuck christmas|same here
|
|switch|p1a: Toxicated|Clefable, M|394\/394
|move|p2a: Latios|Draco Meteor|p1a: Toxicated
|-immune|p1a: Toxicated|[msg]
|
|turn|11
|c|âRick Gastly|xD
|
|switch|p2a: Landorus-Therian|Landorus-Therian, M|319\/319
|-ability|p2a: Landorus-Therian|Intimidate|[of] p1a: Toxicated
|-unboost|p1a: Toxicated|atk|1
|move|p1a: Toxicated|Calm Mind|p1a: Toxicated
|-boost|p1a: Toxicated|spa|1
|-boost|p1a: Toxicated|spd|1
|
|turn|12
|
|move|p2a: Landorus-Therian|Earthquake|p1a: Toxicated
|-damage|p1a: Toxicated|81\/394
|-damage|p2a: Landorus-Therian|288\/319|[from] item: Life Orb
|move|p1a: Toxicated|Moonblast|p2a: Landorus-Therian
|-damage|p2a: Landorus-Therian|90\/319
|
|-heal|p1a: Toxicated|105\/394|[from] item: Leftovers
|turn|13
|
|switch|p1a: RockYaBody|Tyranitar, F|403\/403
|-weather|Sandstorm
|move|p2a: Landorus-Therian|Knock Off|p1a: RockYaBody
|-resisted|p1a: RockYaBody
|-damage|p1a: RockYaBody|338\/403
|-enditem|p1a: RockYaBody|Smooth Rock|[from] move: Knock Off|[of] p2a: Landorus-Therian
|-damage|p2a: Landorus-Therian|59\/319|[from] item: Life Orb
|
|-weather|Sandstorm|[upkeep]
|turn|14
|
|move|p2a: Landorus-Therian|Earthquake|p1a: RockYaBody
|-supereffective|p1a: RockYaBody
|-damage|p1a: RockYaBody|0 fnt
|-damage|p2a: Landorus-Therian|28\/319|[from] item: Life Orb
|faint|p1a: RockYaBody
|
|-weather|Sandstorm|[upkeep]
|
|switch|p1a: Spin2Win|Excadrill, M|255\/361
|turn|15
|
|move|p1a: Spin2Win|Iron Head|p2a: Landorus-Therian
|-damage|p2a: Landorus-Therian|0 fnt
|faint|p2a: Landorus-Therian
|
|-weather|Sandstorm|[upkeep]
|c|âRick Gastly|if only i had my baloon still xD
|
|switch|p2a: Blastoise|Blastoise-Mega, M|318\/362
|turn|16
|c|âfuck christmas|:}
|
|move|p1a: Spin2Win|Iron Head|p2a: Blastoise
|-resisted|p2a: Blastoise
|-damage|p2a: Blastoise|249\/362
|cant|p2a: Blastoise|flinch
|
|-weather|Sandstorm|[upkeep]
|-damage|p2a: Blastoise|227\/362|[from] sandstorm
|turn|17
|c|âRick Gastly|dont know what i expected
|c|âRick Gastly|tbh
|
|switch|p1a: Shadow9Fist|Greninja, M, shiny|285\/285
|move|p2a: Blastoise|Water Pulse|p1a: Shadow9Fist
|-crit|p1a: Shadow9Fist
|-resisted|p1a: Shadow9Fist
|-damage|p1a: Shadow9Fist|117\/285
|-start|p1a: Shadow9Fist|confusion
|
|-weather|Sandstorm|[upkeep]
|-damage|p1a: Shadow9Fist|100\/285|[from] sandstorm
|-damage|p2a: Blastoise|205\/362|[from] sandstorm
|turn|18
|c|âRick Gastly|WAT
|c|âRick Gastly|the hax
|c|âRick Gastly|qwq
|c|âfuck christmas|but
|
|-activate|p1a: Shadow9Fist|confusion
|move|p1a: Shadow9Fist|Hidden Power|p2a: Blastoise
|-start|p1a: Shadow9Fist|typechange|Grass|[from] Protean
|-supereffective|p2a: Blastoise
|-damage|p2a: Blastoise|0 fnt
|-damage|p1a: Shadow9Fist|72\/285|[from] item: Life Orb
|faint|p2a: Blastoise
|
|-weather|Sandstorm|[upkeep]
|-damage|p1a: Shadow9Fist|55\/285|[from] sandstorm
|c|âfuck christmas|you flinched me
|c|âRick Gastly|but that was double hax
|c|âRick Gastly|:c
|c|âRick Gastly|crit + confuse
|c|âfuck christmas|didn't affect thoo
|
|switch|p2a: Sylveon|Sylveon, M|322\/394 tox
|turn|19
|
|-activate|p1a: Shadow9Fist|confusion
|-damage|p1a: Shadow9Fist|3\/285|[from] confusion
|move|p2a: Sylveon|Wish|p2a: Sylveon
|
|-weather|Sandstorm|[upkeep]
|-damage|p1a: Shadow9Fist|0 fnt|[from] sandstorm
|-damage|p2a: Sylveon|298\/394 tox|[from] sandstorm
|-heal|p2a: Sylveon|322\/394 tox|[from] item: Leftovers
|-damage|p2a: Sylveon|298\/394 tox|[from] psn
|faint|p1a: Shadow9Fist
|c|âRick Gastly|see
|
|switch|p1a: Enlightment|Medicham-Mega, M|261\/261
|turn|20
|
|switch|p2a: Scizor|Scizor, M|225\/281
|move|p1a: Enlightment|Fake Out|p2a: Scizor
|-resisted|p2a: Scizor
|-damage|p2a: Scizor|184\/281
|
|-weather|none
|-heal|p2a: Scizor|281\/281|[from] move: Wish|[wisher] Sylveon
|turn|21
|c|âRick Gastly|mega medi better not lied to me about being enlighted
|
|move|p1a: Enlightment|High Jump Kick|p2a: Scizor
|-damage|p2a: Scizor|0 fnt
|faint|p2a: Scizor
|
|
|switch|p2a: Latios|Latios, M|203\/302
|turn|22
|
|switch|p1a: Toxicated|Clefable, M|105\/394
|move|p2a: Latios|Psyshock|p1a: Toxicated
|-damage|p1a: Toxicated|0 fnt
|faint|p1a: Toxicated
|
|
|switch|p1a: Enlightment|Medicham-Mega, M|261\/261
|turn|23
|
|move|p2a: Latios|Psyshock|p1a: Enlightment
|-crit|p1a: Enlightment
|-damage|p1a: Enlightment|23\/261
|move|p1a: Enlightment|Ice Punch|p2a: Latios
|-supereffective|p2a: Latios
|-damage|p2a: Latios|0 fnt
|faint|p2a: Latios
|
|c|âRick Gastly|dat crit
|c|âRick Gastly|xD
|
|switch|p2a: Mamoswine|Mamoswine, M|361\/361
|turn|24
|c|âRick Gastly|stahp it
|c|âfuck christmas|:]]
|c|âRick Gastly|hmm
|c|âRick Gastly|lagg again
|
|move|p1a: Enlightment|High Jump Kick|p2a: Mamoswine
|-supereffective|p2a: Mamoswine
|-enditem|p2a: Mamoswine|Focus Sash
|-damage|p2a: Mamoswine|1\/361
|move|p2a: Mamoswine|Earthquake|p1a: Enlightment
|-damage|p1a: Enlightment|0 fnt
|faint|p1a: Enlightment
|
|
|switch|p1a: Spin2Win|Excadrill, M|255\/361
|turn|25
|
|move|p2a: Mamoswine|Ice Shard|p1a: Spin2Win
|-damage|p1a: Spin2Win|144\/361
|move|p1a: Spin2Win|Iron Head|p2a: Mamoswine
|-supereffective|p2a: Mamoswine
|-damage|p2a: Mamoswine|0 fnt
|faint|p2a: Mamoswine
|
|c|âfuck christmas|welp
|c|âfuck christmas|ggg
|
|switch|p2a: Sylveon|Sylveon, M|298\/394 tox
|turn|26
|
|move|p1a: Spin2Win|Iron Head|p2a: Sylveon
|-crit|p2a: Sylveon
|-supereffective|p2a: Sylveon
|-damage|p2a: Sylveon|0 fnt
|faint|p2a: Sylveon
|
|win|Rick Gastly
|c|âRick Gastly|gg
|leave|fuck christmas
|player|p2