|join|fuck christmas
|join|roark201
|player|p1|fuck christmas|102
|player|p2|roark201|102
|gametype|singles
|gen|6
|tier|OU
|rated
|clearpoke
|poke|p1|Azelf
|poke|p1|Diancie
|poke|p1|Keldeo-Resolute
|poke|p1|Thundurus, M
|poke|p1|Excadrill, M
|poke|p1|Charizard, M
|poke|p2|Mandibuzz, F
|poke|p2|Chansey, F
|poke|p2|Gothitelle, M
|poke|p2|Rotom-Wash
|poke|p2|Dugtrio, M
|poke|p2|Skarmory, M
|rule|Swagger Clause: Swagger is banned
|rule|Baton Pass Clause: Limit one PokÃ©mon knowing Baton Pass
|rule|Sleep Clause Mod: Limit one foe put to sleep
|rule|Species Clause: Limit one of each PokÃ©mon
|rule|OHKO Clause: OHKO moves are banned
|rule|Moody Clause: Moody is banned
|rule|Evasion Moves Clause: Evasion moves are banned
|rule|Endless Battle Clause: Forcing endless battles is banned
|rule|HP Percentage Mod: HP is reported as percentages
|teampreview
|chat|roark201|cool, dianice
|chat|roark201|havent played vs one yet
|
|start
|switch|p1a: Azelf|Azelf|292\/292
|switch|p2a: whack-a-mole|Dugtrio, M|206\/206
|turn|1
|chat|fuck christmas|idk how much it'll do against your team though
|chat|roark201|can it mega yet?
|chat|fuck christmas|nah
|chat|roark201|k
|
|switch|p2a: Ma'|Mandibuzz, F|423\/423
|move|p1a: Azelf|Stealth Rock|p2a: Ma'
|-sidestart|p2: roark201|move: Stealth Rock
|
|turn|2
|chat|fuck christmas|great counter to char-x and talonflame tho haha
|chat|fuck christmas|and thundurus
|chat|fuck christmas|n_n
|
|move|p1a: Azelf|Taunt|p2a: Ma'
|-start|p2a: Ma'|move: Taunt
|move|p2a: Ma'|Foul Play|p1a: Azelf
|-supereffective|p1a: Azelf
|-enditem|p1a: Azelf|Focus Sash
|-damage|p1a: Azelf|1\/292
|
|turn|3
|chat|roark201|hmmmm
|chat|roark201|but no heal?
|chat|fuck christmas|nope
|
|switch|p1a: Charizard|Charizard, M|297\/297
|switch|p2a: Iago|Skarmory, M|332\/332
|-damage|p2a: Iago|291\/332|[from] Stealth Rock
|
|turn|4
|chat|fuck christmas|unfortunately
|
|switch|p2a: egg head|Chansey, F|704\/704
|-damage|p2a: egg head|616\/704|[from] Stealth Rock
|detailschange|p1a: Charizard|Charizard-Mega-Y, M
|message|Charizard has Mega Evolved into Mega Charizard!
|-weather|SunnyDay
|move|p1a: Charizard|Fire Blast|p2a: egg head
|-damage|p2a: egg head|379\/704
|
|-weather|SunnyDay|[upkeep]
|turn|5
|
|move|p1a: Charizard|Brick Break|p2a: egg head
|-supereffective|p2a: egg head
|-damage|p2a: egg head|205\/704
|move|p2a: egg head|Wish|p2a: egg head
|
|-weather|SunnyDay|[upkeep]
|turn|6
|chat|fuck christmas|LOL
|chat|fuck christmas|holy
|chat|roark201|yea, chansy is crazy
|chat|fuck christmas|I originally had focus punch
|chat|fuck christmas|but I was like nah brick break
|
|move|p2a: egg head|Protect|p2a: egg head
|-singleturn|p2a: egg head|Protect
|move|p1a: Charizard|Fire Blast|p2a: egg head
|-activate|p2a: egg head|Protect
|
|-weather|SunnyDay|[upkeep]
|-heal|p2a: egg head|557\/704|[from] move: Wish|[wisher] egg head
|turn|7
|chat|fuck christmas|that's p bad
|chat|fuck christmas|tbh
|
|switch|p1a: Excadrill|Excadrill, M|362\/362
|move|p2a: egg head|Toxic|p1a: Excadrill
|-fail|p1a: Excadrill
|
|-weather|SunnyDay|[upkeep]
|turn|8
|
|switch|p1a: Keldeo-Resolute|Keldeo-Resolute|323\/323
|switch|p2a: Ma'|Mandibuzz, F|423\/423
|-damage|p2a: Ma'|318\/423|[from] Stealth Rock
|
|-weather|none
|turn|9
|
|move|p1a: Keldeo-Resolute|Scald|p2a: Ma'
|-damage|p2a: Ma'|154\/423
|-status|p2a: Ma'|brn
|-damage|p1a: Keldeo-Resolute|291\/323|[from] item: Life Orb
|move|p2a: Ma'|Defog|p1a: Keldeo-Resolute
|-unboost|p1a: Keldeo-Resolute|evasion|1
|-sideend|p2: roark201|Stealth Rock|[from] move: Defog|[of] p2a: Ma'
|
|-damage|p2a: Ma'|102\/423 brn|[from] brn
|turn|10
|
|switch|p1a: Azelf|Azelf|1\/292
|move|p2a: Ma'|Foul Play|p1a: Azelf
|-supereffective|p1a: Azelf
|-damage|p1a: Azelf|0 fnt
|faint|p1a: Azelf
|
|-damage|p2a: Ma'|50\/423 brn|[from] brn
|chat|fuck christmas|fuck
|
|switch|p1a: Thundurus|Thundurus, M|299\/299
|turn|11
|
|move|p1a: Thundurus|Thunderbolt|p2a: Ma'
|-supereffective|p2a: Ma'
|-damage|p2a: Ma'|0 fnt
|-damage|p1a: Thundurus|270\/299|[from] item: Life Orb
|faint|p2a: Ma'
|
|
|switch|p2a: egg head|Chansey, F|557\/704
|turn|12
|
|move|p1a: Thundurus|Knock Off|p2a: egg head
|-damage|p2a: egg head|400\/704
|-enditem|p2a: egg head|Eviolite|[from] move: Knock Off|[of] p1a: Thundurus
|-damage|p1a: Thundurus|241\/299|[from] item: Life Orb
|move|p2a: egg head|Seismic Toss|p1a: Thundurus
|-damage|p1a: Thundurus|141\/299
|
|turn|13
|
|move|p1a: Thundurus|Superpower|p2a: egg head
|-supereffective|p2a: egg head
|-damage|p2a: egg head|0 fnt
|-unboost|p1a: Thundurus|atk|1
|-unboost|p1a: Thundurus|def|1
|-damage|p1a: Thundurus|112\/299|[from] item: Life Orb
|faint|p2a: egg head
|
|
|switch|p2a: emo goth|Gothitelle, M|301\/301
|turn|14
|
|move|p2a: emo goth|Psyshock|p1a: Thundurus
|-damage|p1a: Thundurus|0 fnt
|faint|p1a: Thundurus
|
|
|switch|p1a: Diancie|Diancie|304\/304
|turn|15
|
|switch|p2a: Rotom-Wash|Rotom-Wash|303\/303
|move|p1a: Diancie|Moonblast|p2a: Rotom-Wash
|-damage|p2a: Rotom-Wash|165\/303
|
|turn|16
|
|switch|p1a: Charizard|Charizard-Mega-Y, M|297\/297
|-weather|SunnyDay
|move|p2a: Rotom-Wash|Will-O-Wisp|p1a: Charizard
|-fail|p1a: Charizard
|
|-weather|SunnyDay|[upkeep]
|turn|17
|
|move|p1a: Charizard|Solar Beam|p2a: Rotom-Wash|[still]
|-prepare|p1a: Charizard|Solar Beam|p2a: Rotom-Wash
|-anim|p1a: Charizard|Solar Beam|p2a: Rotom-Wash
|-supereffective|p2a: Rotom-Wash
|-damage|p2a: Rotom-Wash|0 fnt
|faint|p2a: Rotom-Wash
|
|-weather|SunnyDay|[upkeep]
|
|switch|p2a: whack-a-mole|Dugtrio, M|206\/206
|turn|18
|
|switch|p1a: Keldeo-Resolute|Keldeo-Resolute|291\/323
|move|p2a: whack-a-mole|Stone Edge|p1a: Keldeo-Resolute|[miss]
|-miss|p2a: whack-a-mole|p1a: Keldeo-Resolute
|
|-weather|SunnyDay|[upkeep]
|turn|19
|
|switch|p2a: emo goth|Gothitelle, M|301\/301
|move|p1a: Keldeo-Resolute|Secret Sword|p2a: emo goth
|-resisted|p2a: emo goth
|-damage|p2a: emo goth|193\/301
|-damage|p1a: Keldeo-Resolute|259\/323|[from] item: Life Orb
|
|-weather|SunnyDay|[upkeep]
|turn|20
|
|move|p2a: emo goth|Psyshock|p1a: Keldeo-Resolute
|-supereffective|p1a: Keldeo-Resolute
|-damage|p1a: Keldeo-Resolute|41\/323
|move|p1a: Keldeo-Resolute|Icy Wind|p2a: emo goth
|-damage|p2a: emo goth|120\/301
|-unboost|p2a: emo goth|spe|1
|-damage|p1a: Keldeo-Resolute|9\/323|[from] item: Life Orb
|
|-weather|none
|turn|21
|
|switch|p2a: whack-a-mole|Dugtrio, M|206\/206
|move|p1a: Keldeo-Resolute|Scald|p2a: whack-a-mole
|-supereffective|p2a: whack-a-mole
|-enditem|p2a: whack-a-mole|Focus Sash
|-damage|p2a: whack-a-mole|1\/206
|-damage|p1a: Keldeo-Resolute|0 fnt|[from] item: Life Orb
|faint|p1a: Keldeo-Resolute
|
|
|switch|p1a: Excadrill|Excadrill, M|362\/362
|turn|22
|
|switch|p2a: Iago|Skarmory, M|291\/332
|move|p1a: Excadrill|Iron Head|p2a: Iago
|-resisted|p2a: Iago
|-damage|p2a: Iago|247\/332
|-enditem|p2a: Iago|Red Card|[of] p1a: Excadrill
|drag|p1a: Charizard|Charizard-Mega-Y, M|297\/297
|-weather|SunnyDay
|
|-weather|SunnyDay|[upkeep]
|turn|23
|chat|roark201|i screwed up with thundurus
|chat|roark201|great set on it
|chat|fuck christmas|yeah
|chat|fuck christmas|thanks n_n
|
|switch|p2a: emo goth|Gothitelle, M|120\/301
|move|p1a: Charizard|Fire Blast|p2a: emo goth
|-damage|p2a: emo goth|0 fnt
|faint|p2a: emo goth
|
|-weather|SunnyDay|[upkeep]
|
|switch|p2a: whack-a-mole|Dugtrio, M|1\/206
|turn|24
|chat|fuck christmas|wrecks chansey and ttar
|chat|fuck christmas|which cause problems for char-y
|
|switch|p1a: Diancie|Diancie|304\/304
|move|p2a: whack-a-mole|Earthquake|p1a: Diancie
|-supereffective|p1a: Diancie
|-damage|p1a: Diancie|98\/304
|
|-weather|SunnyDay|[upkeep]
|turn|25
|
|move|p2a: whack-a-mole|Earthquake|p1a: Diancie
|-supereffective|p1a: Diancie
|-damage|p1a: Diancie|0 fnt
|faint|p1a: Diancie
|
|-weather|SunnyDay|[upkeep]
|
|switch|p1a: Excadrill|Excadrill, M|362\/362
|turn|26
|
|switch|p2a: Iago|Skarmory, M|247\/332
|move|p1a: Excadrill|Iron Head|p2a: Iago
|-resisted|p2a: Iago
|-damage|p2a: Iago|198\/332
|
|-weather|none
|turn|27
|
|switch|p2a: whack-a-mole|Dugtrio, M|1\/206
|move|p1a: Excadrill|Iron Head|p2a: whack-a-mole
|-damage|p2a: whack-a-mole|0 fnt
|faint|p2a: whack-a-mole
|
|chat|fuck christmas|:]
|chat|roark201|lol gg
|
|switch|p2a: Iago|Skarmory, M|198\/332
|turn|28
|chat|fuck christmas|gg
|
|switch|p1a: Charizard|Charizard-Mega-Y, M|297\/297
|-weather|SunnyDay
|move|p2a: Iago|Brave Bird|p1a: Charizard
|-damage|p1a: Charizard|132\/297
|-damage|p2a: Iago|144\/332|[from] recoil|[of] p1a: Charizard
|
|-weather|SunnyDay|[upkeep]
|turn|29
|chat|fuck christmas|oh shit
|chat|fuck christmas|fire blast hittt
|
|move|p1a: Charizard|Fire Blast|p2a: Iago|[miss]
|-miss|p1a: Charizard|p2a: Iago
|move|p2a: Iago|Brave Bird|p1a: Charizard
|-damage|p1a: Charizard|0 fnt
|-damage|p2a: Iago|100\/332|[from] recoil|[of] p1a: Charizard
|faint|p1a: Charizard
|
|-weather|SunnyDay|[upkeep]
|chat|roark201|lol!
|chat|fuck christmas|LOL
|
|switch|p1a: Excadrill|Excadrill, M|362\/362
|turn|30
|chat|fuck christmas|this game is such a joke
|chat|roark201|u just need a crit or flinch
|
|move|p1a: Excadrill|Rock Slide|p2a: Iago
|-damage|p2a: Iago|37\/332
|cant|p2a: Iago|flinch
|
|-weather|SunnyDay|[upkeep]
|turn|31
|chat|fuck christmas|LOL
|chat|roark201|:)
|chat|roark201|saw that coming
|chat|fuck christmas|this game is sooo bad
|chat|fuck christmas|ah well
|chat|fuck christmas|gg I guess
|chat|fuck christmas|watch the miss
|chat|fuck christmas|right now
|chat|roark201|most games come down to crits, misses and high rolls
|
|move|p1a: Excadrill|Rock Slide|p2a: Iago
|-miss|p1a: Excadrill|p2a: Iago
|move|p2a: Iago|Roost|p2a: Iago
|-heal|p2a: Iago|203\/332
|
|-weather|SunnyDay|[upkeep]
|turn|32
|chat|fuck christmas|omfg
|chat|roark201|wow
|chat|fuck christmas|hahaha
|chat|fuck christmas|this is ridiculous!
|chat|fuck christmas|xD
|
|move|p1a: Excadrill|Rock Slide|p2a: Iago
|-damage|p2a: Iago|143\/332
|move|p2a: Iago|Roost|p2a: Iago
|-heal|p2a: Iago|309\/332
|
|-weather|none
|turn|33
|chat|roark201|save it and post it
|
|move|p1a: Excadrill|Rock Slide|p2a: Iago
|-damage|p2a: Iago|250\/332
|move|p2a: Iago|Brave Bird|p1a: Excadrill
|-crit|p1a: Excadrill
|-resisted|p1a: Excadrill
|-damage|p1a: Excadrill|225\/362
|-damage|p2a: Iago|205\/332|[from] recoil|[of] p1a: Excadrill
|
|turn|34
|chat|fuck christmas|you can do it :]]
|
|move|p1a: Excadrill|Rock Slide|p2a: Iago
|-damage|p2a: Iago|143\/332
|cant|p2a: Iago|flinch
|
|turn|35
|chat|fuck christmas|two more lgi
|
|move|p1a: Excadrill|Rock Slide|p2a: Iago
|-damage|p2a: Iago|81\/332
|move|p2a: Iago|Roost|p2a: Iago
|-heal|p2a: Iago|247\/332
|
|turn|36
|
|move|p1a: Excadrill|Rock Slide|p2a: Iago
|-damage|p2a: Iago|183\/332
|move|p2a: Iago|Roost|p2a: Iago
|-heal|p2a: Iago|332\/332
|
|turn|37
|
|move|p1a: Excadrill|Rock Slide|p2a: Iago
|-damage|p2a: Iago|274\/332
|move|p2a: Iago|Brave Bird|p1a: Excadrill
|-resisted|p1a: Excadrill
|-damage|p1a: Excadrill|133\/362
|-damage|p2a: Iago|244\/332|[from] recoil|[of] p1a: Excadrill
|
|turn|38
|
|move|p1a: Excadrill|Rock Slide|p2a: Iago
|-damage|p2a: Iago|189\/332
|move|p2a: Iago|Roost|p2a: Iago
|-heal|p2a: Iago|332\/332
|
|turn|39
|
|move|p1a: Excadrill|Rock Slide|p2a: Iago
|-damage|p2a: Iago|276\/332
|move|p2a: Iago|Brave Bird|p1a: Excadrill
|-resisted|p1a: Excadrill
|-damage|p1a: Excadrill|40\/362
|-damage|p2a: Iago|245\/332|[from] recoil|[of] p1a: Excadrill
|
|turn|40
|
|move|p1a: Excadrill|Rock Slide|p2a: Iago
|-damage|p2a: Iago|187\/332
|cant|p2a: Iago|flinch
|
|turn|41
|
|move|p1a: Excadrill|Rock Slide|p2a: Iago
|-damage|p2a: Iago|132\/332
|move|p2a: Iago|Roost|p2a: Iago
|-heal|p2a: Iago|298\/332
|
|turn|42
|chat|fuck christmas|gg
|
|move|p1a: Excadrill|Rock Slide|p2a: Iago
|-damage|p2a: Iago|236\/332
|cant|p2a: Iago|flinch
|
|turn|43
|
|move|p1a: Excadrill|Rock Slide|p2a: Iago
|-damage|p2a: Iago|178\/332
|cant|p2a: Iago|flinch
|
|turn|44
|chat|roark201|lol
|
|move|p1a: Excadrill|Rock Slide|p2a: Iago
|-damage|p2a: Iago|124\/332
|move|p2a: Iago|Roost|p2a: Iago
|-heal|p2a: Iago|290\/332
|
|turn|45
|
|move|p1a: Excadrill|Rock Slide|p2a: Iago
|-damage|p2a: Iago|231\/332
|cant|p2a: Iago|flinch
|
|turn|46
|
|-activate|p1a: Excadrill|move: Struggle
|move|p1a: Excadrill|Struggle|p2a: Iago
|-damage|p2a: Iago|191\/332
|-damage|p1a: Excadrill|0 fnt
|faint|p1a: Excadrill
|
|win|roark201
|raw|Ladder updating...
|raw|fuck christmas's rating: 1755 &rarr; <strong>1730<\/strong><br \/>(-25 for losing)
|raw|roark201's rating: 1678 &rarr; <strong>1702<\/strong><br \/>(+24 for winning)
|leave|fuck christmas
|player|p1