|join|eyes of elegance
|join|fuck christmas
|player|p1|eyes of elegance|265
|player|p2|fuck christmas|281
|gametype|singles
|gen|6
|tier|OU
|rated
|clearpoke
|poke|p1|Gengar, M
|poke|p1|Clefable, M
|poke|p1|Gliscor, M
|poke|p1|Alomomola, M
|poke|p1|Heatran, M
|poke|p1|Venusaur, F
|poke|p2|Scolipede, F
|poke|p2|Ampharos, F
|poke|p2|Skarmory, M
|poke|p2|Azumarill, M
|poke|p2|Kyurem-Black
|poke|p2|Gliscor, F
|rule|Swagger Clause: Swagger is banned
|rule|Baton Pass Clause: Limit one PokÃ©mon knowing Baton Pass
|rule|Sleep Clause Mod: Limit one foe put to sleep
|rule|Species Clause: Limit one of each PokÃ©mon
|rule|OHKO Clause: OHKO moves are banned
|rule|Moody Clause: Moody is banned
|rule|Evasion Moves Clause: Evasion moves are banned
|rule|Endless Battle Clause: Forcing endless battles is banned
|rule|HP Percentage Mod: HP is reported as percentages
|teampreview
|
|start
|switch|p1a: Gengar|Gengar, M|273\/273
|switch|p2a: Gliscor|Gliscor, F|354\/354
|turn|1
|
|move|p1a: Gengar|Will-O-Wisp|p2a: Gliscor|[miss]
|-miss|p1a: Gengar|p2a: Gliscor
|move|p2a: Gliscor|Taunt|p1a: Gengar
|-start|p1a: Gengar|move: Taunt
|
|-status|p2a: Gliscor|tox|[from] item: Toxic Orb
|turn|2
|chat|eyes of elegance|wp
|chat|fuck christmas|I try
|
|switch|p1a: Venusaur|Venusaur, F|364\/364
|switch|p2a: Azumarill|Azumarill, M|404\/404
|
|turn|3
|
|switch|p2a: Skarmory|Skarmory, M|334\/334
|detailschange|p1a: Venusaur|Venusaur-Mega, F
|message|Venusaur has Mega Evolved into Mega Venusaur!
|move|p1a: Venusaur|Knock Off|p2a: Skarmory
|-damage|p2a: Skarmory|293\/334
|-damage|p1a: Venusaur|304\/364|[from] item: Rocky Helmet|[of] p2a: Skarmory
|-enditem|p2a: Skarmory|Rocky Helmet|[from] move: Knock Off|[of] p1a: Venusaur
|
|turn|4
|
|switch|p1a: Heatran|Heatran, M|385\/385
|move|p2a: Skarmory|Stealth Rock|p1a: Heatran
|-sidestart|p1: eyes of elegance|move: Stealth Rock
|
|turn|5
|
|switch|p2a: Azumarill|Azumarill, M|404\/404
|move|p1a: Heatran|Stealth Rock|p2a: Azumarill
|-sidestart|p2: fuck christmas|move: Stealth Rock
|
|turn|6
|
|switch|p1a: Venusaur|Venusaur-Mega, F|304\/364
|-damage|p1a: Venusaur|259\/364|[from] Stealth Rock
|switch|p2a: Gliscor|Gliscor, F|354\/354 tox
|-damage|p2a: Gliscor|310\/354 tox|[from] Stealth Rock
|
|-heal|p2a: Gliscor|354\/354 tox|[from] ability: Poison Heal
|turn|7
|
|move|p2a: Gliscor|Taunt|p1a: Venusaur
|-start|p1a: Venusaur|move: Taunt
|move|p1a: Venusaur|Giga Drain|p2a: Gliscor
|-damage|p2a: Gliscor|263\/354 tox
|-heal|p1a: Venusaur|305\/364|[from] drain|[of] p2a: Gliscor
|
|-heal|p2a: Gliscor|307\/354 tox|[from] ability: Poison Heal
|turn|8
|
|move|p2a: Gliscor|Earthquake|p1a: Venusaur
|-damage|p1a: Venusaur|236\/364
|move|p1a: Venusaur|Knock Off|p2a: Gliscor
|-damage|p2a: Gliscor|245\/354 tox
|-enditem|p2a: Gliscor|Toxic Orb|[from] move: Knock Off|[of] p1a: Venusaur
|
|-heal|p2a: Gliscor|289\/354 tox|[from] ability: Poison Heal
|turn|9
|
|switch|p2a: Skarmory|Skarmory, M|293\/334
|-damage|p2a: Skarmory|252\/334|[from] Stealth Rock
|move|p1a: Venusaur|Knock Off|p2a: Skarmory
|-damage|p2a: Skarmory|222\/334
|
|-end|p1a: Venusaur|move: Taunt
|turn|10
|
|switch|p1a: Heatran|Heatran, M|385\/385
|-damage|p1a: Heatran|337\/385|[from] Stealth Rock
|move|p2a: Skarmory|Defog|p1a: Heatran
|-unboost|p1a: Heatran|evasion|1
|-sideend|p1: eyes of elegance|Stealth Rock|[from] move: Defog|[of] p1a: Heatran
|-sideend|p2: fuck christmas|Stealth Rock|[from] move: Defog|[of] p2a: Skarmory
|
|-heal|p1a: Heatran|361\/385|[from] item: Leftovers
|turn|11
|
|move|p1a: Heatran|Stealth Rock|p2a: Skarmory
|-sidestart|p2: fuck christmas|move: Stealth Rock
|move|p2a: Skarmory|Stealth Rock|p1a: Heatran
|-sidestart|p1: eyes of elegance|move: Stealth Rock
|
|-heal|p1a: Heatran|385\/385|[from] item: Leftovers
|turn|12
|
|switch|p2a: Gliscor|Gliscor, F|289\/354 tox
|-damage|p2a: Gliscor|245\/354 tox|[from] Stealth Rock
|move|p1a: Heatran|Lava Plume|p2a: Gliscor
|-crit|p2a: Gliscor
|-damage|p2a: Gliscor|100\/354 tox
|
|-heal|p2a: Gliscor|144\/354 tox|[from] ability: Poison Heal
|turn|13
|
|switch|p1a: Gengar|Gengar, M|273\/273
|-damage|p1a: Gengar|239\/273|[from] Stealth Rock
|move|p2a: Gliscor|Roost|p2a: Gliscor
|-heal|p2a: Gliscor|321\/354 tox
|
|-heal|p1a: Gengar|256\/273|[from] item: Black Sludge
|-heal|p2a: Gliscor|354\/354 tox|[from] ability: Poison Heal
|turn|14
|
|switch|p2a: Azumarill|Azumarill, M|404\/404
|-damage|p2a: Azumarill|354\/404|[from] Stealth Rock
|move|p1a: Gengar|Substitute|p1a: Gengar
|-start|p1a: Gengar|Substitute
|-damage|p1a: Gengar|188\/273
|
|-heal|p1a: Gengar|205\/273|[from] item: Black Sludge
|turn|15
|
|move|p1a: Gengar|Will-O-Wisp|p2a: Azumarill|[miss]
|-miss|p1a: Gengar|p2a: Azumarill
|move|p2a: Azumarill|Knock Off|p1a: Gengar
|-supereffective|p1a: Gengar
|-end|p1a: Gengar|Substitute
|
|-heal|p1a: Gengar|222\/273|[from] item: Black Sludge
|turn|16
|chat|eyes of elegance|ungh
|
|switch|p1a: Venusaur|Venusaur-Mega, F|236\/364
|-damage|p1a: Venusaur|191\/364|[from] Stealth Rock
|switch|p2a: Gliscor|Gliscor, F|354\/354 tox
|-damage|p2a: Gliscor|310\/354 tox|[from] Stealth Rock
|
|-heal|p2a: Gliscor|354\/354 tox|[from] ability: Poison Heal
|turn|17
|
|move|p2a: Gliscor|Taunt|p1a: Venusaur
|-start|p1a: Venusaur|move: Taunt
|move|p1a: Venusaur|Giga Drain|p2a: Gliscor
|-damage|p2a: Gliscor|270\/354 tox
|-heal|p1a: Venusaur|233\/364|[from] drain|[of] p2a: Gliscor
|
|-heal|p2a: Gliscor|314\/354 tox|[from] ability: Poison Heal
|turn|18
|
|switch|p1a: Alomomola|Alomomola, M|534\/534
|-damage|p1a: Alomomola|468\/534|[from] Stealth Rock
|move|p2a: Gliscor|Earthquake|p1a: Alomomola
|-damage|p1a: Alomomola|353\/534
|
|-heal|p1a: Alomomola|386\/534|[from] item: Leftovers
|-heal|p2a: Gliscor|354\/354 tox|[from] ability: Poison Heal
|turn|19
|
|switch|p1a: Gliscor|Gliscor, M|353\/353
|-damage|p1a: Gliscor|309\/353|[from] Stealth Rock
|move|p2a: Gliscor|Taunt|p1a: Gliscor
|-start|p1a: Gliscor|move: Taunt
|
|-status|p1a: Gliscor|tox|[from] item: Toxic Orb
|turn|20
|
|switch|p1a: Alomomola|Alomomola, M|534\/534
|-damage|p1a: Alomomola|468\/534|[from] Stealth Rock
|switch|p2a: Skarmory|Skarmory, M|222\/334
|-damage|p2a: Skarmory|181\/334|[from] Stealth Rock
|
|-heal|p1a: Alomomola|501\/534|[from] item: Leftovers
|turn|21
|
|move|p2a: Skarmory|Roost|p2a: Skarmory
|-heal|p2a: Skarmory|334\/334
|move|p1a: Alomomola|Wish|p1a: Alomomola
|
|-heal|p1a: Alomomola|534\/534|[from] item: Leftovers
|turn|22
|
|switch|p1a: Gengar|Gengar, M|222\/273
|-damage|p1a: Gengar|188\/273|[from] Stealth Rock
|move|p2a: Skarmory|Whirlwind|p1a: Gengar
|drag|p1a: Alomomola|Alomomola, M|534\/534
|-damage|p1a: Alomomola|468\/534|[from] Stealth Rock
|
|-heal|p1a: Alomomola|534\/534|[from] move: Wish|[wisher] Alomomola
|turn|23
|
|switch|p1a: Heatran|Heatran, M|385\/385
|-damage|p1a: Heatran|337\/385|[from] Stealth Rock
|move|p2a: Skarmory|Whirlwind|p1a: Heatran
|drag|p1a: Gliscor|Gliscor, M|309\/353 tox
|-damage|p1a: Gliscor|265\/353 tox|[from] Stealth Rock
|
|-heal|p1a: Gliscor|309\/353 tox|[from] ability: Poison Heal
|turn|24
|
|move|p1a: Gliscor|Taunt|p2a: Skarmory
|-start|p2a: Skarmory|move: Taunt
|cant|p2a: Skarmory|move: Taunt|Whirlwind
|
|-heal|p1a: Gliscor|353\/353 tox|[from] ability: Poison Heal
|turn|25
|
|switch|p2a: Gliscor|Gliscor, F|354\/354 tox
|-damage|p2a: Gliscor|310\/354 tox|[from] Stealth Rock
|move|p1a: Gliscor|Toxic|p2a: Gliscor
|-fail|p2a: Gliscor|tox
|
|-heal|p2a: Gliscor|354\/354 tox|[from] ability: Poison Heal
|turn|26
|
|switch|p1a: Gengar|Gengar, M|188\/273
|-damage|p1a: Gengar|154\/273|[from] Stealth Rock
|move|p2a: Gliscor|Taunt|p1a: Gengar
|-start|p1a: Gengar|move: Taunt
|
|-heal|p1a: Gengar|171\/273|[from] item: Black Sludge
|turn|27
|
|switch|p2a: Azumarill|Azumarill, M|354\/404
|-damage|p2a: Azumarill|304\/404|[from] Stealth Rock
|move|p1a: Gengar|Shadow Ball|p2a: Azumarill
|-damage|p2a: Azumarill|195\/404
|
|-heal|p1a: Gengar|188\/273|[from] item: Black Sludge
|turn|28
|
|switch|p1a: Alomomola|Alomomola, M|534\/534
|-damage|p1a: Alomomola|468\/534|[from] Stealth Rock
|switch|p2a: Gliscor|Gliscor, F|354\/354 tox
|-damage|p2a: Gliscor|310\/354 tox|[from] Stealth Rock
|
|-heal|p1a: Alomomola|501\/534|[from] item: Leftovers
|-heal|p2a: Gliscor|354\/354 tox|[from] ability: Poison Heal
|turn|29
|
|move|p2a: Gliscor|Taunt|p1a: Alomomola
|-start|p1a: Alomomola|move: Taunt
|cant|p1a: Alomomola|move: Taunt|Wish
|
|-heal|p1a: Alomomola|534\/534|[from] item: Leftovers
|turn|30
|
|move|p2a: Gliscor|Taunt|p1a: Alomomola
|-fail|p1a: Alomomola
|move|p1a: Alomomola|Scald|p2a: Gliscor
|-supereffective|p2a: Gliscor
|-damage|p2a: Gliscor|276\/354 tox
|
|-heal|p2a: Gliscor|320\/354 tox|[from] ability: Poison Heal
|turn|31
|
|switch|p1a: Gliscor|Gliscor, M|353\/353 tox
|-damage|p1a: Gliscor|309\/353 tox|[from] Stealth Rock
|move|p2a: Gliscor|Toxic|p1a: Gliscor
|-fail|p1a: Gliscor|tox
|
|-heal|p1a: Gliscor|353\/353 tox|[from] ability: Poison Heal
|-heal|p2a: Gliscor|354\/354 tox|[from] ability: Poison Heal
|turn|32
|
|move|p1a: Gliscor|Toxic|p2a: Gliscor
|-fail|p2a: Gliscor|tox
|move|p2a: Gliscor|Taunt|p1a: Gliscor
|-start|p1a: Gliscor|move: Taunt
|
|turn|33
|
|switch|p2a: Ampharos|Ampharos, F|322\/322
|-damage|p2a: Ampharos|282\/322|[from] Stealth Rock
|move|p1a: Gliscor|Earthquake|p2a: Ampharos
|-supereffective|p2a: Ampharos
|-damage|p2a: Ampharos|40\/322
|
|turn|34
|chat|fuck christmas|looool
|-message|fuck christmas forfeited.
|
|win|eyes of elegance
|raw|Ladder updating...
|raw|eyes of elegance's rating: 1696 &rarr; <strong>1720<\/strong><br \/>(+24 for winning)
|raw|fuck christmas's rating: 1753 &rarr; <strong>1730<\/strong><br \/>(-23 for losing)
|leave|fuck christmas
|player|p2