|join|aysvsvs
|join|fuck christmas
|player|p1|aysvsvs|219
|player|p2|fuck christmas|281
|gametype|singles
|gen|6
|tier|OU
|clearpoke
|poke|p1|Azumarill, M, shiny
|poke|p1|Charizard, M, shiny
|poke|p1|Dragonite, M
|poke|p1|Kyurem-Black, shiny
|poke|p1|Bisharp, M
|poke|p1|Latios, M
|poke|p2|Gardevoir, M
|poke|p2|Victini
|poke|p2|Rotom-Wash
|poke|p2|Landorus-Therian, M
|poke|p2|Skarmory, F
|poke|p2|Tyranitar, M
|rule|Swagger Clause: Swagger is banned
|rule|Baton Pass Clause: Limit one PokÃ©mon knowing Baton Pass
|rule|Sleep Clause Mod: Limit one foe put to sleep
|rule|Species Clause: Limit one of each PokÃ©mon
|rule|OHKO Clause: OHKO moves are banned
|rule|Moody Clause: Moody is banned
|rule|Evasion Moves Clause: Evasion moves are banned
|rule|Endless Battle Clause: Forcing endless battles is banned
|rule|HP Percentage Mod: HP is shown in percentages
|teampreview
|
|start
|switch|p1a: Azumarill|Azumarill, M, shiny|404\/404
|switch|p2a: Rotom-Wash|Rotom-Wash|304\/304
|turn|1
|
|move|p2a: Rotom-Wash|Will-O-Wisp|p1a: Azumarill
|-status|p1a: Azumarill|brn
|move|p1a: Azumarill|Play Rough|p2a: Rotom-Wash
|-damage|p2a: Rotom-Wash|211\/304
|
|-heal|p2a: Rotom-Wash|230\/304|[from] item: Leftovers
|-damage|p1a: Azumarill|354\/404 brn|[from] brn
|turn|2
|
|move|p2a: Rotom-Wash|Volt Switch|p1a: Azumarill
|-supereffective|p1a: Azumarill
|-damage|p1a: Azumarill|138\/404 brn
|
|switch|p2a: Skarmory|Skarmory, F|334\/334
|-enditem|p1a: Azumarill|Sitrus Berry|[eat]
|-heal|p1a: Azumarill|239\/404 brn|[from] item: Sitrus Berry
|move|p1a: Azumarill|Belly Drum|p1a: Azumarill
|-damage|p1a: Azumarill|37\/404 brn
|-setboost|p1a: Azumarill|atk|6|[from] move: Belly Drum
|
|-damage|p1a: Azumarill|0 fnt|[from] brn
|faint|p1a: Azumarill
|
|switch|p1a: Charizard|Charizard, M, shiny|298\/298
|turn|3
|
|switch|p2a: Tyranitar|Tyranitar, M|341\/341
|-weather|Sandstorm
|detailschange|p1a: Charizard|Charizard-Mega-X, M, shiny
|message|Charizard has Mega Evolved into Mega Charizard!
|move|p1a: Charizard|Dragon Dance|p1a: Charizard
|-boost|p1a: Charizard|atk|1
|-boost|p1a: Charizard|spe|1
|
|-weather|Sandstorm|[upkeep]
|-damage|p1a: Charizard|280\/298|[from] sandstorm
|turn|4
|
|move|p1a: Charizard|Earthquake|p2a: Tyranitar
|-supereffective|p2a: Tyranitar
|-damage|p2a: Tyranitar|0 fnt
|faint|p2a: Tyranitar
|
|-weather|Sandstorm|[upkeep]
|-damage|p1a: Charizard|262\/298|[from] sandstorm
|
|switch|p2a: Landorus-Therian|Landorus-Therian, M|320\/320
|-ability|p2a: Landorus-Therian|Intimidate|[of] p1a: Charizard
|-unboost|p1a: Charizard|atk|1
|turn|5
|
|move|p1a: Charizard|Fire Punch|p2a: Landorus-Therian
|-damage|p2a: Landorus-Therian|100\/320
|move|p2a: Landorus-Therian|Earthquake|p1a: Charizard
|-supereffective|p1a: Charizard
|-damage|p1a: Charizard|0 fnt
|faint|p1a: Charizard
|
|-weather|Sandstorm|[upkeep]
|-heal|p2a: Landorus-Therian|120\/320|[from] item: Leftovers
|
|switch|p1a: Dragonite|Dragonite, M|324\/324
|turn|6
|
|move|p2a: Landorus-Therian|Stone Edge|p1a: Dragonite|[miss]
|-miss|p2a: Landorus-Therian|p1a: Dragonite
|move|p1a: Dragonite|Dragon Dance|p1a: Dragonite
|-boost|p1a: Dragonite|atk|1
|-boost|p1a: Dragonite|spe|1
|
|-weather|Sandstorm|[upkeep]
|-damage|p1a: Dragonite|304\/324|[from] sandstorm
|-heal|p2a: Landorus-Therian|140\/320|[from] item: Leftovers
|turn|7
|c|âfuck christmas|ok
|
|switch|p2a: Skarmory|Skarmory, F|334\/334
|move|p1a: Dragonite|Extreme Speed|p2a: Skarmory
|-resisted|p2a: Skarmory
|-damage|p2a: Skarmory|289\/334
|-damage|p1a: Dragonite|250\/324|[from] item: Rocky Helmet|[of] p2a: Skarmory
|
|-weather|none
|turn|8
|
|move|p1a: Dragonite|Roost|p1a: Dragonite
|-heal|p1a: Dragonite|324\/324
|move|p2a: Skarmory|Whirlwind|p1a: Dragonite
|drag|p1a: Latios|Latios, M|302\/302
|
|turn|9
|join|lmop ok kid
|
|switch|p2a: Gardevoir|Gardevoir, M|340\/340
|-ability|p2a: Gardevoir|Levitate|[from] ability: Trace|[of] p1a: Latios
|move|p1a: Latios|Ice Beam|p2a: Gardevoir
|-crit|p2a: Gardevoir
|-damage|p2a: Gardevoir|135\/340
|
|turn|10
|
|detailschange|p2a: Gardevoir|Gardevoir-Mega, M
|message|Gardevoir has Mega Evolved into Mega Gardevoir!
|move|p1a: Latios|Ice Beam|p2a: Gardevoir
|-damage|p2a: Gardevoir|19\/340
|move|p2a: Gardevoir|Hyper Voice|p1a: Latios
|-supereffective|p1a: Latios
|-damage|p1a: Latios|0 fnt
|faint|p1a: Latios
|
|
|switch|p1a: Kyurem-Black|Kyurem-Black, shiny|430\/430
|-ability|p1a: Kyurem-Black|Teravolt
|turn|11
|
|move|p1a: Kyurem-Black|Zen Headbutt|p2a: Gardevoir
|-resisted|p2a: Gardevoir
|-damage|p2a: Gardevoir|0 fnt
|faint|p2a: Gardevoir
|
|
|switch|p2a: Victini|Victini|341\/341
|turn|12
|
|switch|p1a: Dragonite|Dragonite, M|324\/324
|move|p2a: Victini|V-create|p1a: Dragonite
|-resisted|p1a: Dragonite
|-damage|p1a: Dragonite|222\/324
|-unboost|p2a: Victini|def|1
|-unboost|p2a: Victini|spd|1
|-unboost|p2a: Victini|spe|1
|
|turn|13
|
|switch|p2a: Skarmory|Skarmory, F|289\/334
|move|p1a: Dragonite|Roost|p1a: Dragonite
|-heal|p1a: Dragonite|324\/324
|
|turn|14
|
|switch|p1a: Bisharp|Bisharp, M|334\/334
|move|p2a: Skarmory|Spikes|p1a: Bisharp
|-sidestart|p1: aysvsvs|Spikes
|
|turn|15
|join|adfADF
|
|move|p2a: Skarmory|Roost|p2a: Skarmory
|-heal|p2a: Skarmory|334\/334
|move|p1a: Bisharp|Swords Dance|p1a: Bisharp
|-boost|p1a: Bisharp|atk|2
|
|turn|16
|
|move|p1a: Bisharp|X-Scissor|p2a: Skarmory
|-resisted|p2a: Skarmory
|-damage|p2a: Skarmory|304\/334
|-damage|p1a: Bisharp|279\/334|[from] item: Rocky Helmet|[of] p2a: Skarmory
|move|p2a: Skarmory|Whirlwind|p1a: Bisharp
|drag|p1a: Dragonite|Dragonite, M|324\/324
|
|turn|17
|
|move|p1a: Dragonite|Extreme Speed|p2a: Skarmory
|-resisted|p2a: Skarmory
|-damage|p2a: Skarmory|274\/334
|-damage|p1a: Dragonite|270\/324|[from] item: Rocky Helmet|[of] p2a: Skarmory
|move|p2a: Skarmory|Spikes|p1a: Dragonite
|-sidestart|p1: aysvsvs|Spikes
|
|turn|18
|
|switch|p1a: Kyurem-Black|Kyurem-Black, shiny|430\/430
|-damage|p1a: Kyurem-Black|359\/430|[from] Spikes
|-ability|p1a: Kyurem-Black|Teravolt
|move|p2a: Skarmory|Spikes|p1a: Kyurem-Black
|-sidestart|p1: aysvsvs|Spikes
|
|turn|19
|join|AcceleratorGod
|
|switch|p2a: Landorus-Therian|Landorus-Therian, M|140\/320
|-ability|p2a: Landorus-Therian|Intimidate|[of] p1a: Kyurem-Black
|-unboost|p1a: Kyurem-Black|atk|1
|move|p1a: Kyurem-Black|Fusion Bolt|p2a: Landorus-Therian
|-immune|p2a: Landorus-Therian|[msg]
|
|-heal|p2a: Landorus-Therian|160\/320|[from] item: Leftovers
|turn|20
|
|switch|p1a: Bisharp|Bisharp, M|279\/334
|-damage|p1a: Bisharp|196\/334|[from] Spikes
|move|p2a: Landorus-Therian|Stealth Rock|p1a: Bisharp
|-sidestart|p1: aysvsvs|move: Stealth Rock
|
|-heal|p2a: Landorus-Therian|180\/320|[from] item: Leftovers
|turn|21
|
|switch|p2a: Skarmory|Skarmory, F|274\/334
|move|p1a: Bisharp|Sucker Punch|p2a: Skarmory
|-fail|p2a: Skarmory
|
|turn|22
|
|move|p1a: Bisharp|Swords Dance|p1a: Bisharp
|-boost|p1a: Bisharp|atk|2
|move|p2a: Skarmory|Whirlwind|p1a: Bisharp
|drag|p1a: Dragonite|Dragonite, M|270\/324
|-damage|p1a: Dragonite|189\/324|[from] Stealth Rock
|
|turn|23
|
|move|p1a: Dragonite|Roost|p1a: Dragonite
|-heal|p1a: Dragonite|324\/324
|move|p2a: Skarmory|Whirlwind|p1a: Dragonite
|drag|p1a: Kyurem-Black|Kyurem-Black, shiny|359\/430
|-damage|p1a: Kyurem-Black|252\/430|[from] Stealth Rock
|-damage|p1a: Kyurem-Black|145\/430|[from] Spikes
|-ability|p1a: Kyurem-Black|Teravolt
|
|turn|24
|
|switch|p2a: Rotom-Wash|Rotom-Wash|230\/304
|move|p1a: Kyurem-Black|Outrage|p2a: Rotom-Wash
|-damage|p2a: Rotom-Wash|0 fnt
|faint|p2a: Rotom-Wash
|
|
|switch|p2a: Skarmory|Skarmory, F|274\/334
|turn|25
|
|move|p1a: Kyurem-Black|Outrage|p2a: Skarmory
|-crit|p2a: Skarmory
|-resisted|p2a: Skarmory
|-damage|p2a: Skarmory|154\/334
|-damage|p1a: Kyurem-Black|74\/430|[from] item: Rocky Helmet|[of] p2a: Skarmory
|move|p2a: Skarmory|Roost|p2a: Skarmory
|-heal|p2a: Skarmory|321\/334
|
|-end|p1a: Kyurem-Black|rampage
|-start|p1a: Kyurem-Black|confusion
|turn|26
|c| AcceleratorGod|whirlwind now imo
|
|switch|p1a: Dragonite|Dragonite, M|324\/324
|-damage|p1a: Dragonite|243\/324|[from] Stealth Rock
|move|p2a: Skarmory|Roost|p2a: Skarmory
|-heal|p2a: Skarmory|334\/334
|
|turn|27
|
|move|p1a: Dragonite|Roost|p1a: Dragonite
|-heal|p1a: Dragonite|324\/324
|move|p2a: Skarmory|Whirlwind|p1a: Dragonite
|drag|p1a: Bisharp|Bisharp, M|196\/334
|-damage|p1a: Bisharp|113\/334|[from] Spikes
|-damage|p1a: Bisharp|93\/334|[from] Stealth Rock
|
|turn|28
|
|move|p1a: Bisharp|Sucker Punch|p2a: Skarmory
|-fail|p2a: Skarmory
|move|p2a: Skarmory|Whirlwind|p1a: Bisharp
|drag|p1a: Dragonite|Dragonite, M|324\/324
|-damage|p1a: Dragonite|243\/324|[from] Stealth Rock
|
|turn|29
|
|switch|p2a: Landorus-Therian|Landorus-Therian, M|180\/320
|-ability|p2a: Landorus-Therian|Intimidate|[of] p1a: Dragonite
|-unboost|p1a: Dragonite|atk|1
|move|p1a: Dragonite|Dragon Dance|p1a: Dragonite
|-boost|p1a: Dragonite|atk|1
|-boost|p1a: Dragonite|spe|1
|
|-heal|p2a: Landorus-Therian|200\/320|[from] item: Leftovers
|turn|30
|
|switch|p2a: Skarmory|Skarmory, F|334\/334
|move|p1a: Dragonite|Extreme Speed|p2a: Skarmory
|-resisted|p2a: Skarmory
|-damage|p2a: Skarmory|302\/334
|-damage|p1a: Dragonite|189\/324|[from] item: Rocky Helmet|[of] p2a: Skarmory
|
|turn|31
|
|switch|p2a: Landorus-Therian|Landorus-Therian, M|200\/320
|-ability|p2a: Landorus-Therian|Intimidate|[of] p1a: Dragonite
|-unboost|p1a: Dragonite|atk|1
|move|p1a: Dragonite|Roost|p1a: Dragonite
|-heal|p1a: Dragonite|324\/324
|
|-heal|p2a: Landorus-Therian|220\/320|[from] item: Leftovers
|turn|32
|
|move|p1a: Dragonite|Dragon Dance|p1a: Dragonite
|-boost|p1a: Dragonite|atk|1
|-boost|p1a: Dragonite|spe|1
|move|p2a: Landorus-Therian|Stone Edge|p1a: Dragonite
|-supereffective|p1a: Dragonite
|-damage|p1a: Dragonite|184\/324
|-enditem|p1a: Dragonite|Weakness Policy
|-boost|p1a: Dragonite|atk|2|[from] item: Weakness Policy
|-boost|p1a: Dragonite|spa|2|[from] item: Weakness Policy
|
|-heal|p2a: Landorus-Therian|240\/320|[from] item: Leftovers
|turn|33
|
|switch|p2a: Skarmory|Skarmory, F|302\/334
|move|p1a: Dragonite|Extreme Speed|p2a: Skarmory
|-resisted|p2a: Skarmory
|-damage|p2a: Skarmory|241\/334
|-damage|p1a: Dragonite|130\/324|[from] item: Rocky Helmet|[of] p2a: Skarmory
|
|turn|34
|
|move|p1a: Dragonite|Extreme Speed|p2a: Skarmory
|-resisted|p2a: Skarmory
|-damage|p2a: Skarmory|184\/334
|-damage|p1a: Dragonite|76\/324|[from] item: Rocky Helmet|[of] p2a: Skarmory
|move|p2a: Skarmory|Whirlwind|p1a: Dragonite
|drag|p1a: Kyurem-Black|Kyurem-Black, shiny|74\/430
|-damage|p1a: Kyurem-Black|0 fnt|[from] Stealth Rock
|faint|p1a: Kyurem-Black
|
|c| AcceleratorGod|lol
|c| AcceleratorGod|now it's dead
|
|switch|p1a: Dragonite|Dragonite, M|76\/324
|-damage|p1a: Dragonite|0 fnt|[from] Stealth Rock
|faint|p1a: Dragonite
|c|âfuck christmas|gg
|c|âaysvsvs|idiot
|leave|aysvsvs
|player|p1
|leave|adfADF
|c| AcceleratorGod|you better call someone to dq him
|c| AcceleratorGod|good game
|c| AcceleratorGod|ah wait
|join|Nog
|c| AcceleratorGod|make me roomvoice
|player|p1|Nog|168
|-message|Nog forfeited.
|
|win|fuck christmas
|leave|fuck christmas
|player|p2
|leave|Nog
|player|p1
|leave|AcceleratorGod