|join|fuck christmas
|join|ssjjynx
|player|p1|fuck christmas|281
|player|p2|ssjjynx|264
|gametype|singles
|gen|6
|tier|OU
|clearpoke
|poke|p1|Landorus, M
|poke|p1|Latias, F
|poke|p1|Thundurus, M
|poke|p1|Tyranitar, M
|poke|p1|Heatran, M
|poke|p1|Manaphy
|poke|p2|Gliscor, M
|poke|p2|Tyranitar, M
|poke|p2|Tentacruel, M
|poke|p2|Magnezone
|poke|p2|Weezing, F
|poke|p2|Gengar, M
|rule|Swagger Clause: Swagger is banned
|rule|Baton Pass Clause: Limit one PokÃ©mon knowing Baton Pass
|rule|Sleep Clause Mod: Limit one foe put to sleep
|rule|Species Clause: Limit one of each PokÃ©mon
|rule|OHKO Clause: OHKO moves are banned
|rule|Moody Clause: Moody is banned
|rule|Evasion Moves Clause: Evasion moves are banned
|rule|Endless Battle Clause: Forcing endless battles is banned
|rule|HP Percentage Mod: HP is reported as percentages
|teampreview
|chat|fuck christmas|good luck
|chat|fuck christmas|:]
|chat|ssjjynx|you too man :]
|
|start
|switch|p1a: Tyranitar|Tyranitar, M|404\/404
|switch|p2a: Tyranitar|Tyranitar, M|404\/404
|-weather|Sandstorm
|turn|1
|
|detailschange|p1a: Tyranitar|Tyranitar-Mega, M
|message|Tyranitar has Mega Evolved into Mega Tyranitar!
|move|p1a: Tyranitar|Stealth Rock|p2a: Tyranitar
|-sidestart|p2: ssjjynx|move: Stealth Rock
|move|p2a: Tyranitar|Stealth Rock|p1a: Tyranitar
|-sidestart|p1: fuck christmas|move: Stealth Rock
|
|-weather|Sandstorm|[upkeep]
|turn|2
|
|switch|p2a: Gliscor|Gliscor, M|354\/354
|-damage|p2a: Gliscor|310\/354|[from] Stealth Rock
|move|p1a: Tyranitar|Earthquake|p2a: Gliscor
|-immune|p2a: Gliscor|[msg]
|
|-weather|Sandstorm|[upkeep]
|-status|p2a: Gliscor|tox|[from] item: Toxic Orb
|turn|3
|
|move|p2a: Gliscor|Toxic|p1a: Tyranitar
|-status|p1a: Tyranitar|tox
|move|p1a: Tyranitar|Ice Punch|p2a: Gliscor
|-supereffective|p2a: Gliscor
|-damage|p2a: Gliscor|0 fnt
|faint|p2a: Gliscor
|
|-weather|Sandstorm|[upkeep]
|-damage|p1a: Tyranitar|379\/404 tox|[from] psn
|
|switch|p2a: Tentacruel|Tentacruel, M|364\/364
|-damage|p2a: Tentacruel|319\/364|[from] Stealth Rock
|turn|4
|
|move|p2a: Tentacruel|Protect|p2a: Tentacruel
|-singleturn|p2a: Tentacruel|Protect
|move|p1a: Tyranitar|Earthquake|p2a: Tentacruel
|-activate|p2a: Tentacruel|Protect
|
|-weather|Sandstorm|[upkeep]
|-damage|p2a: Tentacruel|297\/364|[from] sandstorm
|-heal|p2a: Tentacruel|319\/364|[from] item: Black Sludge
|-damage|p1a: Tyranitar|329\/404 tox|[from] psn
|turn|5
|
|move|p2a: Tentacruel|Toxic Spikes|p1a: Tyranitar
|-sidestart|p1: fuck christmas|move: Toxic Spikes
|move|p1a: Tyranitar|Pursuit|p2a: Tentacruel
|-damage|p2a: Tentacruel|181\/364
|
|-weather|none
|-heal|p2a: Tentacruel|203\/364|[from] item: Black Sludge
|-damage|p1a: Tyranitar|254\/404 tox|[from] psn
|turn|6
|
|switch|p1a: Thundurus|Thundurus, M|299\/299
|-damage|p1a: Thundurus|225\/299|[from] Stealth Rock
|move|p2a: Tentacruel|Protect|p2a: Tentacruel
|-fail|p2a: Tentacruel
|
|-heal|p2a: Tentacruel|225\/364|[from] item: Black Sludge
|turn|7
|
|move|p2a: Tentacruel|Protect|p2a: Tentacruel
|-singleturn|p2a: Tentacruel|Protect
|move|p1a: Thundurus|Rain Dance|p1a: Thundurus
|-weather|RainDance
|
|-weather|RainDance|[upkeep]
|-heal|p2a: Tentacruel|247\/364|[from] item: Black Sludge
|turn|8
|
|move|p1a: Thundurus|Superpower|p2a: Tentacruel
|-resisted|p2a: Tentacruel
|-damage|p2a: Tentacruel|144\/364
|-unboost|p1a: Thundurus|atk|1
|-unboost|p1a: Thundurus|def|1
|-damage|p1a: Thundurus|196\/299|[from] item: Life Orb
|move|p2a: Tentacruel|Toxic Spikes|p1a: Thundurus
|-sidestart|p1: fuck christmas|move: Toxic Spikes
|
|-weather|RainDance|[upkeep]
|-heal|p2a: Tentacruel|166\/364|[from] item: Black Sludge
|turn|9
|
|move|p2a: Tentacruel|Protect|p2a: Tentacruel
|-singleturn|p2a: Tentacruel|Protect
|move|p1a: Thundurus|Thunder|p2a: Tentacruel
|-activate|p2a: Tentacruel|Protect
|
|-weather|RainDance|[upkeep]
|-heal|p2a: Tentacruel|188\/364|[from] item: Black Sludge
|turn|10
|
|switch|p2a: Magnezone|Magnezone|344\/344
|-damage|p2a: Magnezone|323\/344|[from] Stealth Rock
|move|p1a: Thundurus|Thunder|p2a: Magnezone
|-resisted|p2a: Magnezone
|-damage|p2a: Magnezone|190\/344
|-damage|p1a: Thundurus|167\/299|[from] item: Life Orb
|
|-weather|RainDance|[upkeep]
|-heal|p2a: Magnezone|211\/344|[from] item: Leftovers
|turn|11
|
|move|p2a: Magnezone|Protect|p2a: Magnezone
|-singleturn|p2a: Magnezone|Protect
|move|p1a: Thundurus|Superpower|p2a: Magnezone
|-activate|p2a: Magnezone|Protect
|
|-weather|none
|-heal|p2a: Magnezone|232\/344|[from] item: Leftovers
|turn|12
|
|move|p1a: Thundurus|Superpower|p2a: Magnezone
|-supereffective|p2a: Magnezone
|-damage|p2a: Magnezone|79\/344
|-unboost|p1a: Thundurus|atk|1
|-unboost|p1a: Thundurus|def|1
|-damage|p1a: Thundurus|138\/299|[from] item: Life Orb
|move|p2a: Magnezone|Volt Switch|p1a: Thundurus
|-damage|p1a: Thundurus|0 fnt
|faint|p1a: Thundurus
|
|switch|p2a: Weezing|Weezing, F|334\/334
|-damage|p2a: Weezing|293\/334|[from] Stealth Rock
|
|
|switch|p1a: Heatran|Heatran, M|323\/323
|-damage|p1a: Heatran|283\/323|[from] Stealth Rock
|-item|p1a: Heatran|Air Balloon
|turn|13
|
|switch|p2a: Tentacruel|Tentacruel, M|188\/364
|-damage|p2a: Tentacruel|143\/364|[from] Stealth Rock
|move|p1a: Heatran|Flash Cannon|p2a: Tentacruel
|-resisted|p2a: Tentacruel
|-damage|p2a: Tentacruel|95\/364
|
|-heal|p2a: Tentacruel|117\/364|[from] item: Black Sludge
|turn|14
|
|switch|p1a: Manaphy|Manaphy|404\/404
|-damage|p1a: Manaphy|354\/404|[from] Stealth Rock
|-status|p1a: Manaphy|tox
|move|p2a: Tentacruel|Protect|p2a: Tentacruel
|-fail|p2a: Tentacruel
|
|-heal|p2a: Tentacruel|139\/364|[from] item: Black Sludge
|-heal|p1a: Manaphy|379\/404 tox|[from] item: Leftovers
|-damage|p1a: Manaphy|354\/404 tox|[from] psn
|turn|15
|
|move|p2a: Tentacruel|Knock Off|p1a: Manaphy
|-damage|p1a: Manaphy|316\/404 tox
|-enditem|p1a: Manaphy|Leftovers|[from] move: Knock Off|[of] p2a: Tentacruel
|move|p1a: Manaphy|Rain Dance|p1a: Manaphy
|-weather|RainDance
|
|-weather|RainDance|[upkeep]
|-heal|p2a: Tentacruel|161\/364|[from] item: Black Sludge
|-curestatus|p1a: Manaphy|tox
|turn|16
|
|move|p2a: Tentacruel|Protect|p2a: Tentacruel
|-singleturn|p2a: Tentacruel|Protect
|move|p1a: Manaphy|Calm Mind|p1a: Manaphy
|-boost|p1a: Manaphy|spa|1
|-boost|p1a: Manaphy|spd|1
|
|-weather|RainDance|[upkeep]
|-heal|p2a: Tentacruel|183\/364|[from] item: Black Sludge
|turn|17
|
|switch|p2a: Magnezone|Magnezone|79\/344
|-damage|p2a: Magnezone|58\/344|[from] Stealth Rock
|move|p1a: Manaphy|Scald|p2a: Magnezone
|-damage|p2a: Magnezone|0 fnt
|faint|p2a: Magnezone
|
|-weather|RainDance|[upkeep]
|
|switch|p2a: Gengar|Gengar, M|323\/323
|-damage|p2a: Gengar|283\/323|[from] Stealth Rock
|turn|18
|
|move|p2a: Gengar|Substitute|p2a: Gengar
|-start|p2a: Gengar|Substitute
|-damage|p2a: Gengar|203\/323
|move|p1a: Manaphy|Rest|p1a: Manaphy
|-status|p1a: Manaphy|slp
|-heal|p1a: Manaphy|404\/404 slp|[silent]
|-status|p1a: Manaphy|slp|[from] move: Rest
|
|-weather|RainDance|[upkeep]
|-heal|p2a: Gengar|223\/323|[from] item: Black Sludge
|-curestatus|p1a: Manaphy|slp
|turn|19
|
|move|p2a: Gengar|Toxic|p1a: Manaphy
|-status|p1a: Manaphy|tox
|move|p1a: Manaphy|Scald|p2a: Gengar
|-end|p2a: Gengar|Substitute
|
|-weather|none
|-heal|p2a: Gengar|243\/323|[from] item: Black Sludge
|-damage|p1a: Manaphy|379\/404 tox|[from] psn
|turn|20
|
|move|p2a: Gengar|Substitute|p2a: Gengar
|-start|p2a: Gengar|Substitute
|-damage|p2a: Gengar|163\/323
|move|p1a: Manaphy|Scald|p2a: Gengar
|-end|p2a: Gengar|Substitute
|
|-heal|p2a: Gengar|183\/323|[from] item: Black Sludge
|-damage|p1a: Manaphy|329\/404 tox|[from] psn
|turn|21
|
|move|p2a: Gengar|Destiny Bond|p2a: Gengar
|-singlemove|p2a: Gengar|Destiny Bond
|move|p1a: Manaphy|Rain Dance|p1a: Manaphy
|-weather|RainDance
|
|-weather|RainDance|[upkeep]
|-heal|p2a: Gengar|203\/323|[from] item: Black Sludge
|-curestatus|p1a: Manaphy|tox
|turn|22
|
|move|p2a: Gengar|Substitute|p2a: Gengar
|-start|p2a: Gengar|Substitute
|-damage|p2a: Gengar|123\/323
|move|p1a: Manaphy|Scald|p2a: Gengar
|-end|p2a: Gengar|Substitute
|
|-weather|RainDance|[upkeep]
|-heal|p2a: Gengar|143\/323|[from] item: Black Sludge
|turn|23
|
|move|p2a: Gengar|Disable|p1a: Manaphy
|-start|p1a: Manaphy|Disable|Scald
|move|p1a: Manaphy|Calm Mind|p1a: Manaphy
|-boost|p1a: Manaphy|spa|1
|-boost|p1a: Manaphy|spd|1
|
|-weather|RainDance|[upkeep]
|-heal|p2a: Gengar|163\/323|[from] item: Black Sludge
|turn|24
|
|move|p2a: Gengar|Substitute|p2a: Gengar
|-start|p2a: Gengar|Substitute
|-damage|p2a: Gengar|83\/323
|move|p1a: Manaphy|Calm Mind|p1a: Manaphy
|-boost|p1a: Manaphy|spa|1
|-boost|p1a: Manaphy|spd|1
|
|-weather|RainDance|[upkeep]
|-heal|p2a: Gengar|103\/323|[from] item: Black Sludge
|turn|25
|
|move|p2a: Gengar|Substitute|p2a: Gengar
|-fail|p2a: Gengar|move: Substitute
|move|p1a: Manaphy|Calm Mind|p1a: Manaphy
|-boost|p1a: Manaphy|spa|1
|-boost|p1a: Manaphy|spd|1
|
|-weather|none
|-heal|p2a: Gengar|123\/323|[from] item: Black Sludge
|turn|26
|
|move|p2a: Gengar|Substitute|p2a: Gengar
|-fail|p2a: Gengar|move: Substitute
|move|p1a: Manaphy|Rain Dance|p1a: Manaphy
|-weather|RainDance
|
|-weather|RainDance|[upkeep]
|-heal|p2a: Gengar|143\/323|[from] item: Black Sludge
|-end|p1a: Manaphy|Disable
|turn|27
|
|move|p2a: Gengar|Disable|p1a: Manaphy
|-start|p1a: Manaphy|Disable|Rain Dance
|move|p1a: Manaphy|Calm Mind|p1a: Manaphy
|-boost|p1a: Manaphy|spa|1
|-boost|p1a: Manaphy|spd|1
|
|-weather|RainDance|[upkeep]
|-heal|p2a: Gengar|163\/323|[from] item: Black Sludge
|turn|28
|
|move|p2a: Gengar|Substitute|p2a: Gengar
|-fail|p2a: Gengar|move: Substitute
|move|p1a: Manaphy|Scald|p2a: Gengar
|-end|p2a: Gengar|Substitute
|
|-weather|RainDance|[upkeep]
|-heal|p2a: Gengar|183\/323|[from] item: Black Sludge
|turn|29
|
|move|p2a: Gengar|Substitute|p2a: Gengar
|-start|p2a: Gengar|Substitute
|-damage|p2a: Gengar|103\/323
|move|p1a: Manaphy|Calm Mind|p1a: Manaphy
|-boost|p1a: Manaphy|spa|1
|-boost|p1a: Manaphy|spd|1
|
|-weather|RainDance|[upkeep]
|-heal|p2a: Gengar|123\/323|[from] item: Black Sludge
|turn|30
|
|move|p2a: Gengar|Toxic|p1a: Manaphy
|-status|p1a: Manaphy|tox
|move|p1a: Manaphy|Scald|p2a: Gengar
|-end|p2a: Gengar|Substitute
|
|-weather|none
|-heal|p2a: Gengar|143\/323|[from] item: Black Sludge
|-damage|p1a: Manaphy|304\/404 tox|[from] psn
|-end|p1a: Manaphy|Disable
|turn|31
|
|move|p2a: Gengar|Substitute|p2a: Gengar
|-start|p2a: Gengar|Substitute
|-damage|p2a: Gengar|63\/323
|move|p1a: Manaphy|Scald|p2a: Gengar
|-end|p2a: Gengar|Substitute
|
|-heal|p2a: Gengar|83\/323|[from] item: Black Sludge
|-damage|p1a: Manaphy|254\/404 tox|[from] psn
|turn|32
|
|move|p2a: Gengar|Substitute|p2a: Gengar
|-start|p2a: Gengar|Substitute
|-damage|p2a: Gengar|3\/323
|move|p1a: Manaphy|Rain Dance|p1a: Manaphy
|-weather|RainDance
|
|-weather|RainDance|[upkeep]
|-heal|p2a: Gengar|23\/323|[from] item: Black Sludge
|-curestatus|p1a: Manaphy|tox
|turn|33
|
|move|p2a: Gengar|Disable|p1a: Manaphy
|-start|p1a: Manaphy|Disable|Rain Dance
|move|p1a: Manaphy|Scald|p2a: Gengar
|-end|p2a: Gengar|Substitute
|
|-weather|RainDance|[upkeep]
|-heal|p2a: Gengar|43\/323|[from] item: Black Sludge
|turn|34
|
|move|p2a: Gengar|Destiny Bond|p2a: Gengar
|-singlemove|p2a: Gengar|Destiny Bond
|move|p1a: Manaphy|Rest|p1a: Manaphy
|-status|p1a: Manaphy|slp
|-heal|p1a: Manaphy|404\/404 slp|[silent]
|-status|p1a: Manaphy|slp|[from] move: Rest
|
|-weather|RainDance|[upkeep]
|-heal|p2a: Gengar|63\/323|[from] item: Black Sludge
|-curestatus|p1a: Manaphy|slp
|turn|35
|
|move|p2a: Gengar|Destiny Bond|p2a: Gengar
|-singlemove|p2a: Gengar|Destiny Bond
|move|p1a: Manaphy|Calm Mind|p1a: Manaphy
|-fail|p1a: Manaphy
|
|-weather|RainDance|[upkeep]
|-heal|p2a: Gengar|83\/323|[from] item: Black Sludge
|turn|36
|
|move|p2a: Gengar|Destiny Bond|p2a: Gengar
|-singlemove|p2a: Gengar|Destiny Bond
|move|p1a: Manaphy|Scald|p2a: Gengar
|-damage|p2a: Gengar|0 fnt
|faint|p2a: Gengar
|-activate|p2a: Gengar|Destiny Bond
|faint|p1a: Manaphy
|
|-weather|none
|
|switch|p1a: Landorus|Landorus, M|320\/320
|-damage|p1a: Landorus|280\/320|[from] Stealth Rock
|switch|p2a: Tyranitar|Tyranitar, M|404\/404
|-damage|p2a: Tyranitar|354\/404|[from] Stealth Rock
|-weather|Sandstorm
|turn|37
|
|move|p1a: Landorus|U-turn|p2a: Tyranitar
|-supereffective|p2a: Tyranitar
|-damage|p2a: Tyranitar|206\/404
|
|switch|p1a: Tyranitar|Tyranitar-Mega, M|254\/404 tox
|-damage|p1a: Tyranitar|204\/404 tox|[from] Stealth Rock
|move|p2a: Tyranitar|Ice Beam|p1a: Tyranitar
|-crit|p1a: Tyranitar
|-damage|p1a: Tyranitar|146\/404 tox
|
|-weather|Sandstorm|[upkeep]
|-heal|p2a: Tyranitar|231\/404|[from] item: Leftovers
|-damage|p1a: Tyranitar|121\/404 tox|[from] psn
|turn|38
|
|switch|p2a: Weezing|Weezing, F|293\/334
|-damage|p2a: Weezing|252\/334|[from] Stealth Rock
|move|p1a: Tyranitar|Earthquake|p2a: Weezing
|-immune|p2a: Weezing|[msg]
|
|-weather|Sandstorm|[upkeep]
|-damage|p2a: Weezing|232\/334|[from] sandstorm
|-damage|p1a: Tyranitar|71\/404 tox|[from] psn
|turn|39
|
|move|p1a: Tyranitar|Ice Punch|p2a: Weezing
|-damage|p2a: Weezing|129\/334
|move|p2a: Weezing|Hidden Power|p1a: Tyranitar
|-damage|p1a: Tyranitar|50\/404 tox
|
|-weather|Sandstorm|[upkeep]
|-damage|p2a: Weezing|109\/334|[from] sandstorm
|-damage|p1a: Tyranitar|0 fnt|[from] psn
|faint|p1a: Tyranitar
|
|switch|p1a: Heatran|Heatran, M|283\/323
|-damage|p1a: Heatran|243\/323|[from] Stealth Rock
|-item|p1a: Heatran|Air Balloon
|turn|40
|
|move|p1a: Heatran|Fire Blast|p2a: Weezing|[miss]
|-miss|p1a: Heatran|p2a: Weezing
|move|p2a: Weezing|Rest|p2a: Weezing
|-status|p2a: Weezing|slp
|-heal|p2a: Weezing|334\/334 slp|[silent]
|-status|p2a: Weezing|slp|[from] move: Rest
|-enditem|p2a: Weezing|Chesto Berry|[eat]
|-curestatus|p2a: Weezing|slp
|
|-weather|Sandstorm|[upkeep]
|-damage|p2a: Weezing|314\/334|[from] sandstorm
|turn|41
|
|move|p1a: Heatran|Fire Blast|p2a: Weezing|[miss]
|-miss|p1a: Heatran|p2a: Weezing
|move|p2a: Weezing|Destiny Bond|p2a: Weezing
|-singlemove|p2a: Weezing|Destiny Bond
|
|-weather|none
|turn|42
|chat|ssjjynx|sorry man
|
|move|p1a: Heatran|Fire Blast|p2a: Weezing
|-damage|p2a: Weezing|107\/334
|move|p2a: Weezing|Destiny Bond|p2a: Weezing
|-singlemove|p2a: Weezing|Destiny Bond
|
|turn|43
|chat|fuck christmas|:\/
|chat|fuck christmas|it happens
|
|move|p1a: Heatran|Fire Blast|p2a: Weezing
|-damage|p2a: Weezing|0 fnt
|faint|p2a: Weezing
|-activate|p2a: Weezing|Destiny Bond
|faint|p1a: Heatran
|
|
|switch|p1a: Landorus|Landorus, M|280\/320
|-damage|p1a: Landorus|240\/320|[from] Stealth Rock
|switch|p2a: Tyranitar|Tyranitar, M|231\/404
|-damage|p2a: Tyranitar|181\/404|[from] Stealth Rock
|-weather|Sandstorm
|turn|44
|
|move|p1a: Landorus|Earthquake|p2a: Tyranitar
|-supereffective|p2a: Tyranitar
|-damage|p2a: Tyranitar|0 fnt
|faint|p2a: Tyranitar
|
|-weather|Sandstorm|[upkeep]
|
|switch|p2a: Tentacruel|Tentacruel, M|183\/364
|-damage|p2a: Tentacruel|138\/364|[from] Stealth Rock
|turn|45
|
|move|p2a: Tentacruel|Protect|p2a: Tentacruel
|-singleturn|p2a: Tentacruel|Protect
|move|p1a: Landorus|Earthquake|p2a: Tentacruel
|-activate|p2a: Tentacruel|Protect
|
|-weather|Sandstorm|[upkeep]
|-damage|p2a: Tentacruel|116\/364|[from] sandstorm
|-heal|p2a: Tentacruel|138\/364|[from] item: Black Sludge
|turn|46
|
|move|p1a: Landorus|Earthquake|p2a: Tentacruel
|-supereffective|p2a: Tentacruel
|-damage|p2a: Tentacruel|0 fnt
|faint|p2a: Tentacruel
|
|win|fuck christmas
|chat|ssjjynx|gg
|chat|fuck christmas|gg
|chat|ssjjynx|do you wanna post the replay?
|chat|fuck christmas|sure
|chat|fuck christmas|but wait
|chat|fuck christmas|what happens now?