|join|letz du diz
|join|fuck christmas
|player|p1|letz du diz|102
|player|p2|fuck christmas|281
|gametype|singles
|gen|6
|tier|OU
|rated
|clearpoke
|poke|p1|Landorus-Therian, M
|poke|p1|Clefable, F
|poke|p1|Ferrothorn, M
|poke|p1|Gardevoir, F
|poke|p1|Victini
|poke|p1|Starmie
|poke|p2|Terrakion
|poke|p2|Greninja, F
|poke|p2|Gardevoir, M
|poke|p2|Scizor, M
|poke|p2|Thundurus, M
|poke|p2|Garchomp, F
|rule|Swagger Clause: Swagger is banned
|rule|Baton Pass Clause: Limit one PokÃ©mon knowing Baton Pass
|rule|Sleep Clause Mod: Limit one foe put to sleep
|rule|Species Clause: Limit one of each PokÃ©mon
|rule|OHKO Clause: OHKO moves are banned
|rule|Moody Clause: Moody is banned
|rule|Evasion Moves Clause: Evasion moves are banned
|rule|Endless Battle Clause: Forcing endless battles is banned
|rule|HP Percentage Mod: HP is shown in percentages
|teampreview
|
|start
|switch|p1a: Landorus-Therian|Landorus-Therian, M|320\/320
|switch|p2a: Terrakion|Terrakion|323\/323
|-ability|p1a: Landorus-Therian|Intimidate|[of] p2a: Terrakion
|-unboost|p2a: Terrakion|atk|1
|turn|1
|
|move|p1a: Landorus-Therian|U-turn|p2a: Terrakion
|-resisted|p2a: Terrakion
|-damage|p2a: Terrakion|274\/323
|
|switch|p1a: Starmie|Starmie|324\/324
|move|p2a: Terrakion|Stealth Rock|p1a: Starmie
|-sidestart|p1: letz du diz|move: Stealth Rock
|
|turn|2
|
|switch|p2a: Scizor|Scizor, M|329\/329
|move|p1a: Starmie|Rapid Spin|p2a: Scizor
|-resisted|p2a: Scizor
|-damage|p2a: Scizor|323\/329
|-sideend|p1: letz du diz|Stealth Rock|[from] move: Rapid Spin|[of] p1a: Starmie
|
|turn|3
|
|switch|p1a: Victini|Victini|341\/341
|move|p2a: Scizor|U-turn|p1a: Victini
|-damage|p1a: Victini|143\/341
|
|switch|p2a: Terrakion|Terrakion|274\/323
|
|-heal|p1a: Victini|164\/341|[from] item: Leftovers
|turn|4
|
|move|p2a: Terrakion|Stealth Rock|p1a: Victini
|-sidestart|p1: letz du diz|move: Stealth Rock
|move|p1a: Victini|Substitute|p1a: Victini
|-start|p1a: Victini|Substitute
|-damage|p1a: Victini|79\/341
|
|-heal|p1a: Victini|100\/341|[from] item: Leftovers
|turn|5
|
|move|p2a: Terrakion|Stone Edge|p1a: Victini
|-supereffective|p1a: Victini
|-end|p1a: Victini|Substitute
|move|p1a: Victini|V-create|p2a: Terrakion
|-resisted|p2a: Terrakion
|-damage|p2a: Terrakion|126\/323
|-unboost|p1a: Victini|def|1
|-unboost|p1a: Victini|spd|1
|-unboost|p1a: Victini|spe|1
|
|-heal|p1a: Victini|121\/341|[from] item: Leftovers
|turn|6
|
|switch|p1a: Landorus-Therian|Landorus-Therian, M|320\/320
|-damage|p1a: Landorus-Therian|280\/320|[from] Stealth Rock
|-ability|p1a: Landorus-Therian|Intimidate|[of] p2a: Terrakion
|-unboost|p2a: Terrakion|atk|1
|move|p2a: Terrakion|Stone Edge|p1a: Landorus-Therian|[miss]
|-miss|p2a: Terrakion|p1a: Landorus-Therian
|
|turn|7
|
|switch|p2a: Thundurus|Thundurus, M|300\/300
|move|p1a: Landorus-Therian|Earthquake|p2a: Thundurus
|-immune|p2a: Thundurus|[msg]
|
|turn|8
|
|switch|p1a: Ferrothorn|Ferrothorn, M|352\/352
|-damage|p1a: Ferrothorn|330\/352|[from] Stealth Rock
|move|p2a: Thundurus|Volt Switch|p1a: Ferrothorn
|-resisted|p1a: Ferrothorn
|-damage|p1a: Ferrothorn|273\/352
|
|switch|p2a: Terrakion|Terrakion|126\/323
|
|-heal|p1a: Ferrothorn|295\/352|[from] item: Leftovers
|turn|9
|
|switch|p1a: Starmie|Starmie|324\/324
|-damage|p1a: Starmie|284\/324|[from] Stealth Rock
|move|p2a: Terrakion|Close Combat|p1a: Starmie
|-resisted|p1a: Starmie
|-damage|p1a: Starmie|173\/324
|-unboost|p2a: Terrakion|def|1
|-unboost|p2a: Terrakion|spd|1
|
|-heal|p1a: Starmie|193\/324|[from] item: Leftovers
|turn|10
|
|switch|p2a: Greninja|Greninja, F|286\/286
|move|p1a: Starmie|Scald|p2a: Greninja
|-resisted|p2a: Greninja
|-damage|p2a: Greninja|223\/286
|-status|p2a: Greninja|brn
|
|-heal|p1a: Starmie|213\/324|[from] item: Leftovers
|-damage|p2a: Greninja|188\/286 brn|[from] brn
|turn|11
|
|switch|p1a: Ferrothorn|Ferrothorn, M|295\/352
|-damage|p1a: Ferrothorn|273\/352|[from] Stealth Rock
|move|p2a: Greninja|Spikes|p1a: Ferrothorn
|-start|p2a: Greninja|typechange|Ground|[from] Protean
|-sidestart|p1: letz du diz|Spikes
|
|-heal|p1a: Ferrothorn|295\/352|[from] item: Leftovers
|-damage|p2a: Greninja|153\/286 brn|[from] brn
|turn|12
|
|switch|p2a: Terrakion|Terrakion|126\/323
|move|p1a: Ferrothorn|Gyro Ball|p2a: Terrakion
|-crit|p2a: Terrakion
|-supereffective|p2a: Terrakion
|-damage|p2a: Terrakion|0 fnt
|faint|p2a: Terrakion
|
|-heal|p1a: Ferrothorn|317\/352|[from] item: Leftovers
|
|switch|p2a: Scizor|Scizor, M|323\/329
|turn|13
|
|switch|p1a: Landorus-Therian|Landorus-Therian, M|280\/320
|-damage|p1a: Landorus-Therian|240\/320|[from] Stealth Rock
|-ability|p1a: Landorus-Therian|Intimidate|[of] p2a: Scizor
|-unboost|p2a: Scizor|atk|1
|move|p2a: Scizor|Superpower|p1a: Landorus-Therian
|-resisted|p1a: Landorus-Therian
|-damage|p1a: Landorus-Therian|151\/320
|-unboost|p2a: Scizor|atk|1
|-unboost|p2a: Scizor|def|1
|
|turn|14
|
|switch|p2a: Thundurus|Thundurus, M|300\/300
|move|p1a: Landorus-Therian|U-turn|p2a: Thundurus
|-resisted|p2a: Thundurus
|-damage|p2a: Thundurus|236\/300
|
|switch|p1a: Clefable|Clefable, F|394\/394
|
|turn|15
|
|move|p2a: Thundurus|Volt Switch|p1a: Clefable
|-damage|p1a: Clefable|238\/394
|
|switch|p2a: Gardevoir|Gardevoir, M|278\/278
|-ability|p2a: Gardevoir|Magic Guard|[from] ability: Trace|[of] p1a: Clefable
|move|p1a: Clefable|Calm Mind|p1a: Clefable
|-boost|p1a: Clefable|spa|1
|-boost|p1a: Clefable|spd|1
|
|-heal|p1a: Clefable|262\/394|[from] item: Leftovers
|turn|16
|
|detailschange|p2a: Gardevoir|Gardevoir-Mega, M
|message|Gardevoir has Mega Evolved into Mega Gardevoir!
|move|p2a: Gardevoir|Hyper Voice|p1a: Clefable
|-damage|p1a: Clefable|73\/394
|move|p1a: Clefable|Soft-Boiled|p1a: Clefable
|-heal|p1a: Clefable|270\/394
|
|-heal|p1a: Clefable|294\/394|[from] item: Leftovers
|turn|17
|
|switch|p2a: Scizor|Scizor, M|323\/329
|move|p1a: Clefable|Soft-Boiled|p1a: Clefable
|-heal|p1a: Clefable|394\/394
|
|turn|18
|
|move|p2a: Scizor|Bullet Punch|p1a: Clefable
|-supereffective|p1a: Clefable
|-damage|p1a: Clefable|100\/394
|move|p1a: Clefable|Flamethrower|p2a: Scizor
|-supereffective|p2a: Scizor
|-damage|p2a: Scizor|0 fnt
|faint|p2a: Scizor
|
|-heal|p1a: Clefable|124\/394|[from] item: Leftovers
|
|switch|p2a: Gardevoir|Gardevoir-Mega, M|278\/278
|turn|19
|
|move|p2a: Gardevoir|Hyper Voice|p1a: Clefable
|-damage|p1a: Clefable|0 fnt
|faint|p1a: Clefable
|
|
|switch|p1a: Victini|Victini|121\/341
|-damage|p1a: Victini|79\/341|[from] Spikes
|-damage|p1a: Victini|0 fnt|[from] Stealth Rock
|faint|p1a: Victini
|
|switch|p1a: Ferrothorn|Ferrothorn, M|317\/352
|-damage|p1a: Ferrothorn|295\/352|[from] Stealth Rock
|-damage|p1a: Ferrothorn|251\/352|[from] Spikes
|turn|20
|
|move|p2a: Gardevoir|Focus Blast|p1a: Ferrothorn|[miss]
|-miss|p2a: Gardevoir|p1a: Ferrothorn
|move|p1a: Ferrothorn|Gyro Ball|p2a: Gardevoir
|-supereffective|p2a: Gardevoir
|-damage|p2a: Gardevoir|0 fnt
|faint|p2a: Gardevoir
|
|-heal|p1a: Ferrothorn|273\/352|[from] item: Leftovers
|
|switch|p2a: Garchomp|Garchomp, F|358\/358
|turn|21
|
|move|p2a: Garchomp|Earthquake|p1a: Ferrothorn
|-damage|p1a: Ferrothorn|150\/352
|move|p1a: Ferrothorn|Gyro Ball|p2a: Garchomp
|-damage|p2a: Garchomp|183\/358
|
|-heal|p1a: Ferrothorn|172\/352|[from] item: Leftovers
|turn|22
|
|move|p2a: Garchomp|Earthquake|p1a: Ferrothorn
|-damage|p1a: Ferrothorn|61\/352
|move|p1a: Ferrothorn|Leech Seed|p2a: Garchomp
|-start|p2a: Garchomp|move: Leech Seed
|
|-heal|p1a: Ferrothorn|83\/352|[from] item: Leftovers
|-damage|p2a: Garchomp|139\/358|[from] Leech Seed|[of] p1a: Ferrothorn
|-heal|p1a: Ferrothorn|127\/352|[silent]
|turn|23
|
|switch|p2a: Thundurus|Thundurus, M|236\/300
|move|p1a: Ferrothorn|Protect|p1a: Ferrothorn
|-fail|p1a: Ferrothorn
|
|-heal|p1a: Ferrothorn|149\/352|[from] item: Leftovers
|turn|24
|
|move|p1a: Ferrothorn|Protect|p1a: Ferrothorn
|-singleturn|p1a: Ferrothorn|Protect
|move|p2a: Thundurus|Taunt|p1a: Ferrothorn
|-activate|p1a: Ferrothorn|Protect
|
|-heal|p1a: Ferrothorn|171\/352|[from] item: Leftovers
|turn|25
|
|move|p2a: Thundurus|Hidden Power|p1a: Ferrothorn
|-damage|p1a: Ferrothorn|114\/352
|move|p1a: Ferrothorn|Gyro Ball|p2a: Thundurus
|-resisted|p2a: Thundurus
|-damage|p2a: Thundurus|118\/300
|
|-heal|p1a: Ferrothorn|136\/352|[from] item: Leftovers
|turn|26
|-message|fuck christmas forfeited.
|
|win|letz du diz
|raw|Ladder updating...
|raw|letz du diz's rating: 1491 &rarr; <strong>1515<\/strong><br \/>(+24 for winning)
|raw|fuck christmas's rating: 1552 &rarr; <strong>1529<\/strong><br \/>(-23 for losing)
|leave|fuck christmas
|player|p2