|join|fuck christmas
|join|Logic
|player|p1|fuck christmas|281
|player|p2|Logic|266
|gametype|singles
|gen|6
|tier|OU
|clearpoke
|poke|p1|Gardevoir, F
|poke|p1|Azumarill, F
|poke|p1|Scizor, M
|poke|p1|Landorus, M
|poke|p1|Mandibuzz, F
|poke|p1|Latios, M
|poke|p2|Suicune
|poke|p2|Scizor, F
|poke|p2|Landorus-Therian, M
|poke|p2|Mew
|poke|p2|Heatran, M
|poke|p2|Latios, M
|rule|Swagger Clause: Swagger is banned
|rule|Baton Pass Clause: Limit one PokÃ©mon knowing Baton Pass
|rule|Sleep Clause Mod: Limit one foe put to sleep
|rule|Species Clause: Limit one of each PokÃ©mon
|rule|OHKO Clause: OHKO moves are banned
|rule|Moody Clause: Moody is banned
|rule|Evasion Moves Clause: Evasion moves are banned
|rule|Endless Battle Clause: Forcing endless battles is banned
|rule|HP Percentage Mod: HP is shown in percentages
|teampreview
Logic made this room private.
|
|start
|switch|p1a: Gardevoir|Gardevoir, F|340\/340
|switch|p2a: Hax|Landorus-Therian, M|325\/325
|-ability|p2a: Hax|Intimidate|[of] p1a: Gardevoir
|-unboost|p1a: Gardevoir|atk|1
|-ability|p1a: Gardevoir|Intimidate|[from] ability: Trace|[of] p2a: Hax
|-ability|p1a: Gardevoir|Intimidate|[of] p2a: Hax
|-unboost|p2a: Hax|atk|1
|turn|1
|
|detailschange|p1a: Gardevoir|Gardevoir-Mega, F
|message|Gardevoir has Mega Evolved into Mega Gardevoir!
|move|p2a: Hax|U-turn|p1a: Gardevoir
|-damage|p1a: Gardevoir|247\/340
|
|switch|p2a: Armada|Heatran, M|379\/379
|move|p1a: Gardevoir|Focus Blast|p2a: Armada
|-supereffective|p2a: Armada
|-damage|p2a: Armada|91\/379
|
|-heal|p2a: Armada|114\/379|[from] item: Leftovers
|turn|2
|c|âLogic|ah cancel didnt work
|c|âfuck christmas|:[[
|
|switch|p2a: Hungrybox|Mew|404\/404
|move|p1a: Gardevoir|Focus Blast|p2a: Hungrybox|[miss]
|-miss|p1a: Gardevoir|p2a: Hungrybox
|
|turn|3
|
|move|p2a: Hungrybox|Will-O-Wisp|p1a: Gardevoir
|-status|p1a: Gardevoir|brn
|move|p1a: Gardevoir|Hyper Voice|p2a: Hungrybox
|-damage|p2a: Hungrybox|175\/404
|
|-heal|p2a: Hungrybox|200\/404|[from] item: Leftovers
|-damage|p1a: Gardevoir|205\/340 brn|[from] brn
|turn|4
|
|move|p2a: Hungrybox|Roost|p2a: Hungrybox
|-heal|p2a: Hungrybox|402\/404
|move|p1a: Gardevoir|Will-O-Wisp|p2a: Hungrybox
|-status|p2a: Hungrybox|brn
|
|-heal|p2a: Hungrybox|404\/404 brn|[from] item: Leftovers
|-damage|p2a: Hungrybox|354\/404 brn|[from] brn
|-damage|p1a: Gardevoir|163\/340 brn|[from] brn
|turn|5
|
|switch|p2a: Mango|Scizor, F|344\/344
|move|p1a: Gardevoir|Hyper Voice|p2a: Mango
|-resisted|p2a: Mango
|-damage|p2a: Mango|214\/344
|
|-damage|p1a: Gardevoir|121\/340 brn|[from] brn
|turn|6
|
|switch|p1a: Mandibuzz|Mandibuzz, F|424\/424
|detailschange|p2a: Mango|Scizor-Mega, F
|message|Scizor has Mega Evolved into Mega Scizor!
|move|p2a: Mango|U-turn|p1a: Mandibuzz
|-damage|p1a: Mandibuzz|336\/424
|-damage|p2a: Mango|157\/344|[from] item: Rocky Helmet|[of] p1a: Mandibuzz
|
|switch|p2a: Armada|Heatran, M|114\/379
|
|-heal|p2a: Armada|137\/379|[from] item: Leftovers
|turn|7
|
|switch|p1a: Landorus|Landorus, M|319\/319
|move|p2a: Armada|Stealth Rock|p1a: Landorus
|-sidestart|p1: fuck christmas|move: Stealth Rock
|
|-heal|p2a: Armada|160\/379|[from] item: Leftovers
|turn|8
|
|switch|p2a: Hax|Landorus-Therian, M|325\/325
|-ability|p2a: Hax|Intimidate|[of] p1a: Landorus
|-unboost|p1a: Landorus|atk|1
|move|p1a: Landorus|Knock Off|p2a: Hax
|-damage|p2a: Hax|235\/325
|-enditem|p2a: Hax|Choice Scarf|[from] move: Knock Off|[of] p1a: Landorus
|-damage|p1a: Landorus|288\/319|[from] item: Life Orb
|
|turn|9
|
|move|p1a: Landorus|Psychic|p2a: Hax
|-damage|p2a: Hax|32\/325
|move|p2a: Hax|Knock Off|p1a: Landorus
|-damage|p1a: Landorus|154\/319
|-enditem|p1a: Landorus|Life Orb|[from] move: Knock Off|[of] p2a: Hax
|
|turn|10
|
|move|p1a: Landorus|Knock Off|p2a: Hax
|-damage|p2a: Hax|0 fnt
|faint|p2a: Hax
|
|
|switch|p2a: Mango|Scizor-Mega, F|157\/344
|turn|11
|
|move|p2a: Mango|Bullet Punch|p1a: Landorus
|-damage|p1a: Landorus|28\/319
|move|p1a: Landorus|Earth Power|p2a: Mango
|-damage|p2a: Mango|0 fnt
|faint|p2a: Mango
|
|
|switch|p2a: Dr. Peepee|Suicune|403\/403
|-ability|p2a: Dr. Peepee|Pressure
|turn|12
|c|âfuck christmas|fuck
|
|move|p1a: Landorus|Knock Off|p2a: Dr. Peepee
|-damage|p2a: Dr. Peepee|362\/403
|-enditem|p2a: Dr. Peepee|Leftovers|[from] move: Knock Off|[of] p1a: Landorus
|move|p2a: Dr. Peepee|Calm Mind|p2a: Dr. Peepee
|-boost|p2a: Dr. Peepee|spa|1
|-boost|p2a: Dr. Peepee|spd|1
|
|turn|13
|
|switch|p1a: Latios|Latios, M|302\/302
|-damage|p1a: Latios|265\/302|[from] Stealth Rock
|move|p2a: Dr. Peepee|Calm Mind|p2a: Dr. Peepee
|-boost|p2a: Dr. Peepee|spa|1
|-boost|p2a: Dr. Peepee|spd|1
|
|turn|14
|
|move|p1a: Latios|Trick|p2a: Dr. Peepee
|-activate|p1a: Latios|move: Trick|[of] p2a: Dr. Peepee
|-item|p2a: Dr. Peepee|Choice Scarf|[from] move: Trick
|move|p2a: Dr. Peepee|Calm Mind|p2a: Dr. Peepee
|-boost|p2a: Dr. Peepee|spa|1
|-boost|p2a: Dr. Peepee|spd|1
|
|turn|15
|c|âfuck christmas|ahh nb
|c|âLogic|tittis
|c|âLogic|i was about to scald too
|
|switch|p2a: Armada|Heatran, M|160\/379
|move|p1a: Latios|Thunderbolt|p2a: Armada
|-damage|p2a: Armada|87\/379
|
|-heal|p2a: Armada|110\/379|[from] item: Leftovers
|turn|16
|
|switch|p1a: Azumarill|Azumarill, F|404\/404
|-damage|p1a: Azumarill|354\/404|[from] Stealth Rock
|move|p2a: Armada|Toxic|p1a: Azumarill
|-status|p1a: Azumarill|tox
|
|-heal|p2a: Armada|133\/379|[from] item: Leftovers
|-damage|p1a: Azumarill|329\/404 tox|[from] psn
|turn|17
|
|switch|p2a: Dr. Peepee|Suicune|362\/403
|-ability|p2a: Dr. Peepee|Pressure
|move|p1a: Azumarill|Knock Off|p2a: Dr. Peepee
|-damage|p2a: Dr. Peepee|221\/403
|-enditem|p2a: Dr. Peepee|Choice Scarf|[from] move: Knock Off|[of] p1a: Azumarill
|
|-damage|p1a: Azumarill|279\/404 tox|[from] psn
|turn|18
|c|âfuck christmas|did I really
|c|âfuck christmas|fuckin
|c|âfuck christmas|LOL
|
|switch|p1a: Latios|Latios, M|265\/302
|-damage|p1a: Latios|228\/302|[from] Stealth Rock
|move|p2a: Dr. Peepee|Scald|p1a: Latios
|-resisted|p1a: Latios
|-damage|p1a: Latios|189\/302
|-status|p1a: Latios|brn
|
|-damage|p1a: Latios|152\/302 brn|[from] brn
|turn|19
|c|âLogic|gottem
|c|âLogic|LOL
|
|switch|p1a: Scizor|Scizor, M|281\/281
|-damage|p1a: Scizor|246\/281|[from] Stealth Rock
|switch|p2a: Hungrybox|Mew|354\/404 brn
|
|-heal|p2a: Hungrybox|379\/404 brn|[from] item: Leftovers
|-damage|p2a: Hungrybox|329\/404 brn|[from] brn
|turn|20
|
|switch|p1a: Azumarill|Azumarill, F|279\/404 tox
|-damage|p1a: Azumarill|229\/404 tox|[from] Stealth Rock
|move|p2a: Hungrybox|Will-O-Wisp|p1a: Azumarill
|-fail|p1a: Azumarill
|
|-heal|p2a: Hungrybox|354\/404 brn|[from] item: Leftovers
|-damage|p2a: Hungrybox|304\/404 brn|[from] brn
|-damage|p1a: Azumarill|204\/404 tox|[from] psn
|turn|21
|
|move|p2a: Hungrybox|Roost|p2a: Hungrybox
|-heal|p2a: Hungrybox|404\/404 brn
|move|p1a: Azumarill|Play Rough|p2a: Hungrybox
|-damage|p2a: Hungrybox|110\/404 brn
|-unboost|p2a: Hungrybox|atk|1
|
|-heal|p2a: Hungrybox|135\/404 brn|[from] item: Leftovers
|-damage|p2a: Hungrybox|85\/404 brn|[from] brn
|-damage|p1a: Azumarill|154\/404 tox|[from] psn
|turn|22
|
|move|p2a: Hungrybox|Roost|p2a: Hungrybox
|-heal|p2a: Hungrybox|287\/404 brn
|move|p1a: Azumarill|Play Rough|p2a: Hungrybox
|-damage|p2a: Hungrybox|4\/404 brn
|
|-heal|p2a: Hungrybox|29\/404 brn|[from] item: Leftovers
|-damage|p2a: Hungrybox|0 fnt|[from] brn
|-damage|p1a: Azumarill|79\/404 tox|[from] psn
|faint|p2a: Hungrybox
|
|switch|p2a: Dr. Peepee|Suicune|221\/403
|-ability|p2a: Dr. Peepee|Pressure
|turn|23
|
|move|p2a: Dr. Peepee|Scald|p1a: Azumarill
|-resisted|p1a: Azumarill
|-damage|p1a: Azumarill|28\/404 tox
|move|p1a: Azumarill|Play Rough|p2a: Dr. Peepee|[miss]
|-miss|p1a: Azumarill|p2a: Dr. Peepee
|
|-damage|p1a: Azumarill|0 fnt|[from] psn
|faint|p1a: Azumarill
|c|âLogic|sry
|c|âfuck christmas|ahh
|c|âfuck christmas|:[
|c|âfuck christmas|no worries tho
|
|switch|p1a: Gardevoir|Gardevoir-Mega, F|121\/340 brn
|-damage|p1a: Gardevoir|79\/340 brn|[from] Stealth Rock
|turn|24
|
|move|p1a: Gardevoir|Focus Blast|p2a: Dr. Peepee|[miss]
|-miss|p1a: Gardevoir|p2a: Dr. Peepee
|move|p2a: Dr. Peepee|Calm Mind|p2a: Dr. Peepee
|-boost|p2a: Dr. Peepee|spa|1
|-boost|p2a: Dr. Peepee|spd|1
|
|-damage|p1a: Gardevoir|37\/340 brn|[from] brn
|turn|25
|c|âfuck christmas|welp
|
|move|p1a: Gardevoir|Hyper Voice|p2a: Dr. Peepee
|-damage|p2a: Dr. Peepee|61\/403
|move|p2a: Dr. Peepee|Rest|p2a: Dr. Peepee
|-status|p2a: Dr. Peepee|slp
|-heal|p2a: Dr. Peepee|403\/403 slp|[silent]
|-status|p2a: Dr. Peepee|slp|[from] move: Rest
|
|-damage|p1a: Gardevoir|0 fnt|[from] brn
|faint|p1a: Gardevoir
|
|switch|p1a: Scizor|Scizor, M|246\/281
|-damage|p1a: Scizor|211\/281|[from] Stealth Rock
|turn|26
|
|move|p1a: Scizor|Swords Dance|p1a: Scizor
|-boost|p1a: Scizor|atk|2
|cant|p2a: Dr. Peepee|slp
|move|p2a: Dr. Peepee|Sleep Talk|p2a: Dr. Peepee
|move|p2a: Dr. Peepee|Calm Mind|p2a: Dr. Peepee|[from]Sleep Talk
|-boost|p2a: Dr. Peepee|spa|1
|-boost|p2a: Dr. Peepee|spd|1
|
|turn|27
|
|move|p1a: Scizor|Bug Bite|p2a: Dr. Peepee
|-damage|p2a: Dr. Peepee|105\/403 slp
|-damage|p1a: Scizor|183\/281|[from] item: Life Orb
|cant|p2a: Dr. Peepee|slp
|move|p2a: Dr. Peepee|Sleep Talk|p2a: Dr. Peepee
|move|p2a: Dr. Peepee|Rest|p2a: Dr. Peepee|[from]Sleep Talk
|-fail|p2a: Dr. Peepee
|
|turn|28
|c|âLogic|riperino
|c|âfuck christmas|nb
|
|move|p1a: Scizor|Bug Bite|p2a: Dr. Peepee
|-damage|p2a: Dr. Peepee|0 fnt
|-damage|p1a: Scizor|155\/281|[from] item: Life Orb
|faint|p2a: Dr. Peepee
|
|
|switch|p2a: Armada|Heatran, M|133\/379
|turn|29
|
|move|p1a: Scizor|Superpower|p2a: Armada
|-supereffective|p2a: Armada
|-damage|p2a: Armada|0 fnt
|-unboost|p1a: Scizor|atk|1
|-unboost|p1a: Scizor|def|1
|-damage|p1a: Scizor|127\/281|[from] item: Life Orb
|faint|p2a: Armada
|
|
|switch|p2a: Leffen|Latios, M|301\/301
|turn|30
|
|move|p1a: Scizor|Bullet Punch|p2a: Leffen
|-damage|p2a: Leffen|48\/301
|-damage|p1a: Scizor|99\/281|[from] item: Life Orb
|move|p2a: Leffen|Psyshock|p1a: Scizor
|-crit|p1a: Scizor
|-resisted|p1a: Scizor
|-damage|p1a: Scizor|0 fnt
|-damage|p2a: Leffen|18\/301|[from] item: Life Orb
|faint|p1a: Scizor
|
|
|switch|p1a: Latios|Latios, M|152\/302 brn
|-damage|p1a: Latios|115\/302 brn|[from] Stealth Rock
|turn|31
|c|âLogic|miss draco lemme win both speed ties yn
|
|move|p2a: Leffen|Recover|p2a: Leffen
|-heal|p2a: Leffen|169\/301
|move|p1a: Latios|Draco Meteor|p2a: Leffen|[miss]
|-miss|p1a: Latios|p2a: Leffen
|
|-damage|p1a: Latios|78\/302 brn|[from] brn
|turn|32
|c|âLogic|LOOOOOOOOOOOOOOOOOOOOOOOL
|c|âfuck christmas|LOL
|c|âfuck christmas|is this
|c|âfuck christmas|happening
|c|âLogic|OMG
|
|move|p2a: Leffen|Draco Meteor|p1a: Latios
|-supereffective|p1a: Latios
|-damage|p1a: Latios|0 fnt
|-unboost|p2a: Leffen|spa|2
|-damage|p2a: Leffen|139\/301|[from] item: Life Orb
|faint|p1a: Latios
|
|c|âLogic|LOOOOOOOOOOOOOOOOL
|c|âfuck christmas|welp
|
|switch|p1a: Mandibuzz|Mandibuzz, F|336\/424
|-damage|p1a: Mandibuzz|230\/424|[from] Stealth Rock
|turn|33
|c|âfuck christmas|mandi pls
|c|âLogic|ily fren
|c|âfuck christmas|:')
|
|move|p2a: Leffen|Draco Meteor|p1a: Mandibuzz
|-damage|p1a: Mandibuzz|69\/424
|-unboost|p2a: Leffen|spa|2
|-damage|p2a: Leffen|109\/301|[from] item: Life Orb
|move|p1a: Mandibuzz|Roost|p1a: Mandibuzz
|-heal|p1a: Mandibuzz|281\/424
|
|turn|34
|c|âfuck christmas|yesss
|c|âLogic|ahh gg
|c|âLogic|n_n
|c|âfuck christmas|gg :]
|
|move|p2a: Leffen|Recover|p2a: Leffen
|-heal|p2a: Leffen|260\/301
|move|p1a: Mandibuzz|Foul Play|p2a: Leffen
|-supereffective|p2a: Leffen
|-damage|p2a: Leffen|44\/301
|
|turn|35
|c|âLogic|but that was funny
|c|âLogic|af
|c|âLogic|inb4 i crit
|c|âfuck christmas|it was happening
|c|âfuck christmas|oooo
|c|âfuck christmas|that would be
|c|âfuck christmas|dumb af
|c|âLogic|i would
|c|âLogic|piss my pant
|
|move|p2a: Leffen|Draco Meteor|p1a: Mandibuzz
|-damage|p1a: Mandibuzz|184\/424
|-unboost|p2a: Leffen|spa|2
|-damage|p2a: Leffen|14\/301|[from] item: Life Orb
|move|p1a: Mandibuzz|Foul Play|p2a: Leffen
|-supereffective|p2a: Leffen
|-damage|p2a: Leffen|0 fnt
|faint|p2a: Leffen
|
|win|fuck christmas
|c|âfuck christmas|damn
|c|âfuck christmas|rofl
|c|âLogic|ah gg fren
|c|âLogic|yo
|c|âfuck christmas|gg :]]
|c|âLogic|is it oka
|c|âLogic|if i 
|c|âLogic|save this replay
|c|âLogic|for that moment
|c|âfuck christmas|LOL
|c|âfuck christmas|sure
|c|âLogic|it needs to be saved in history
|c|âfuck christmas|save that ishhh
|c|âLogic|:]
|c|âfuck christmas|it was happening
|c|âfuck christmas|:')
|leave|fuck christmas
|player|p1