|join|fuck christmas
|join|doomthemad
|player|p1|fuck christmas|281
|player|p2|doomthemad|162
|gametype|singles
|gen|6
|tier|OU
|rated
|clearpoke
|poke|p1|Houndoom, M
|poke|p1|Tyranitar, M
|poke|p1|Excadrill, M
|poke|p1|Breloom, M
|poke|p1|Greninja, F
|poke|p1|Clefable, F
|poke|p2|Venusaur, M
|poke|p2|Skarmory, F
|poke|p2|Slowbro, F
|poke|p2|Sylveon, M
|poke|p2|Machamp, M
|poke|p2|Darmanitan, M
|rule|Swagger Clause: Swagger is banned
|rule|Baton Pass Clause: Limit one PokÃ©mon knowing Baton Pass
|rule|Sleep Clause Mod: Limit one foe put to sleep
|rule|Species Clause: Limit one of each PokÃ©mon
|rule|OHKO Clause: OHKO moves are banned
|rule|Moody Clause: Moody is banned
|rule|Evasion Moves Clause: Evasion moves are banned
|rule|Endless Battle Clause: Forcing endless battles is banned
|rule|HP Percentage Mod: HP is shown in percentages
|teampreview
|
|start
|switch|p1a: Houndoom|Houndoom, M|292\/292
|switch|p2a: Sylveon|Sylveon, M|394\/394
|turn|1
|
|switch|p1a: Clefable|Clefable, F|394\/394
|move|p2a: Sylveon|Hyper Voice|p1a: Clefable
|-damage|p1a: Clefable|72\/394
|
|-heal|p1a: Clefable|96\/394|[from] item: Leftovers
|turn|2
|
|switch|p1a: Excadrill|Excadrill, M|362\/362
|move|p2a: Sylveon|Hyper Voice|p1a: Excadrill
|-resisted|p1a: Excadrill
|-damage|p1a: Excadrill|134\/362
|
|turn|3
|
|switch|p1a: Houndoom|Houndoom, M|292\/292
|switch|p2a: Skarmory|Skarmory, F|334\/334
|
|turn|4
|
|switch|p2a: Slowbro|Slowbro, F|394\/394
|detailschange|p1a: Houndoom|Houndoom-Mega, M
|message|Houndoom has Mega Evolved into Mega Houndoom!
|move|p1a: Houndoom|Fire Blast|p2a: Slowbro
|-resisted|p2a: Slowbro
|-damage|p2a: Slowbro|334\/394
|
|turn|5
|
|move|p1a: Houndoom|Dark Pulse|p2a: Slowbro
|-supereffective|p2a: Slowbro
|-damage|p2a: Slowbro|166\/394
|move|p2a: Slowbro|Scald|p1a: Houndoom
|-supereffective|p1a: Houndoom
|-damage|p1a: Houndoom|100\/292
|
|turn|6
|
|switch|p2a: Machamp|Machamp, M|384\/384
|move|p1a: Houndoom|Nasty Plot|p1a: Houndoom
|-boost|p1a: Houndoom|spa|2
|
|turn|7
|
|move|p2a: Machamp|Bullet Punch|p1a: Houndoom
|-resisted|p1a: Houndoom
|-damage|p1a: Houndoom|54\/292
|move|p1a: Houndoom|Fire Blast|p2a: Machamp
|-damage|p2a: Machamp|0 fnt
|faint|p2a: Machamp
|
|
|switch|p2a: Darmanitan|Darmanitan, M|351\/351
|turn|8
|
|move|p2a: Darmanitan|U-turn|p1a: Houndoom
|-damage|p1a: Houndoom|0 fnt
|faint|p1a: Houndoom
|
|switch|p2a: Sylveon|Sylveon, M|394\/394
|
|
|switch|p1a: Greninja|Greninja, F|285\/285
|turn|9
|
|switch|p2a: Skarmory|Skarmory, F|334\/334
|move|p1a: Greninja|Gunk Shot|p2a: Skarmory
|-start|p1a: Greninja|typechange|Poison|[from] Protean
|-immune|p2a: Skarmory|[msg]
|
|turn|10
|
|move|p1a: Greninja|Hydro Pump|p2a: Skarmory|[miss]
|-start|p1a: Greninja|typechange|Water|[from] Protean
|-miss|p1a: Greninja|p2a: Skarmory
|move|p2a: Skarmory|Toxic|p1a: Greninja
|-status|p1a: Greninja|tox
|
|-damage|p1a: Greninja|268\/285 tox|[from] psn
|turn|11
|
|switch|p2a: Slowbro|Slowbro, F|297\/394
|move|p1a: Greninja|Hydro Pump|p2a: Slowbro
|-resisted|p2a: Slowbro
|-damage|p2a: Slowbro|235\/394
|-damage|p1a: Greninja|240\/285 tox|[from] item: Life Orb
|
|-damage|p1a: Greninja|206\/285 tox|[from] psn
|turn|12
|
|move|p1a: Greninja|Gunk Shot|p2a: Slowbro
|-start|p1a: Greninja|typechange|Poison|[from] Protean
|-damage|p2a: Slowbro|66\/394
|-damage|p1a: Greninja|178\/285 tox|[from] item: Life Orb
|move|p2a: Slowbro|Fire Blast|p1a: Greninja|[miss]
|-miss|p2a: Slowbro|p1a: Greninja
|
|-damage|p1a: Greninja|127\/285 tox|[from] psn
|turn|13
|
|switch|p1a: Tyranitar|Tyranitar, M|341\/341
|-weather|Sandstorm
|move|p2a: Slowbro|Ice Beam|p1a: Tyranitar
|-damage|p1a: Tyranitar|288\/341
|
|-weather|Sandstorm|[upkeep]
|-damage|p2a: Slowbro|42\/394|[from] sandstorm
|turn|14
|
|move|p1a: Tyranitar|Pursuit|p2a: Slowbro
|-supereffective|p2a: Slowbro
|-damage|p2a: Slowbro|0 fnt
|faint|p2a: Slowbro
|
|-weather|Sandstorm|[upkeep]
|
|switch|p2a: Sylveon|Sylveon, M|394\/394
|turn|15
|
|switch|p1a: Clefable|Clefable, F|96\/394
|move|p2a: Sylveon|Hyper Voice|p1a: Clefable
|-damage|p1a: Clefable|0 fnt
|faint|p1a: Clefable
|
|-weather|Sandstorm|[upkeep]
|-damage|p2a: Sylveon|370\/394|[from] sandstorm
|
|switch|p1a: Breloom|Breloom, M|323\/323
|turn|16
|
|switch|p2a: Venusaur|Venusaur, M|364\/364
|move|p1a: Breloom|Spore|p2a: Venusaur
|-fail|p2a: Venusaur
|
|-weather|Sandstorm|[upkeep]
|-damage|p2a: Venusaur|342\/364|[from] sandstorm
|-damage|p1a: Breloom|303\/323|[from] sandstorm
|-status|p1a: Breloom|tox|[from] item: Toxic Orb
|turn|17
|
|switch|p1a: Excadrill|Excadrill, M|134\/362
|move|p2a: Venusaur|Sludge Bomb|p1a: Excadrill
|-immune|p1a: Excadrill|[msg]
|
|-weather|none
|turn|18
|
|switch|p1a: Greninja|Greninja, F|127\/285 tox
|switch|p2a: Skarmory|Skarmory, F|334\/334
|
|-damage|p1a: Greninja|110\/285 tox|[from] psn
|turn|19
|
|move|p1a: Greninja|Hydro Pump|p2a: Skarmory
|-start|p1a: Greninja|typechange|Water|[from] Protean
|-damage|p2a: Skarmory|21\/334
|-damage|p1a: Greninja|82\/285 tox|[from] item: Life Orb
|move|p2a: Skarmory|Roost|p2a: Skarmory
|-heal|p2a: Skarmory|188\/334
|
|-damage|p1a: Greninja|48\/285 tox|[from] psn
|turn|20
|
|switch|p2a: Venusaur|Venusaur, M|342\/364
|move|p1a: Greninja|Extrasensory|p2a: Venusaur
|-start|p1a: Greninja|typechange|Psychic|[from] Protean
|-supereffective|p2a: Venusaur
|-damage|p2a: Venusaur|12\/364
|-damage|p1a: Greninja|20\/285 tox|[from] item: Life Orb
|
|-damage|p1a: Greninja|0 fnt|[from] psn
|faint|p1a: Greninja
|
|switch|p1a: Tyranitar|Tyranitar, M|288\/341
|-weather|Sandstorm
|turn|21
|
|detailschange|p2a: Venusaur|Venusaur-Mega, M
|message|Venusaur has Mega Evolved into Mega Venusaur!
|move|p1a: Tyranitar|Pursuit|p2a: Venusaur
|-damage|p2a: Venusaur|0 fnt
|faint|p2a: Venusaur
|
|-weather|Sandstorm|[upkeep]
|
|switch|p2a: Sylveon|Sylveon, M|370\/394
|turn|22
|
|switch|p1a: Excadrill|Excadrill, M|134\/362
|move|p2a: Sylveon|Hyper Voice|p1a: Excadrill
|-resisted|p1a: Excadrill
|-damage|p1a: Excadrill|0 fnt
|faint|p1a: Excadrill
|
|-weather|Sandstorm|[upkeep]
|-damage|p2a: Sylveon|346\/394|[from] sandstorm
|
|switch|p1a: Breloom|Breloom, M|303\/323 tox
|turn|23
|
|switch|p2a: Skarmory|Skarmory, F|188\/334
|move|p1a: Breloom|Substitute|p1a: Breloom
|-start|p1a: Breloom|Substitute
|-damage|p1a: Breloom|223\/323 tox
|
|-weather|Sandstorm|[upkeep]
|-damage|p1a: Breloom|203\/323 tox|[from] sandstorm
|-heal|p1a: Breloom|243\/323 tox|[from] ability: Poison Heal
|turn|24
|
|move|p1a: Breloom|Drain Punch|p2a: Skarmory
|-damage|p2a: Skarmory|119\/334
|-heal|p1a: Breloom|278\/323 tox|[from] drain|[of] p2a: Skarmory
|-damage|p1a: Breloom|225\/323 tox|[from] item: Rocky Helmet|[of] p2a: Skarmory
|move|p2a: Skarmory|Whirlwind|p1a: Breloom
|drag|p1a: Tyranitar|Tyranitar, M|288\/341
|
|-weather|Sandstorm|[upkeep]
|turn|25
|
|move|p1a: Tyranitar|Stone Edge|p2a: Skarmory
|-damage|p2a: Skarmory|20\/334
|move|p2a: Skarmory|Roost|p2a: Skarmory
|-heal|p2a: Skarmory|187\/334
|
|-weather|none
|turn|26
|
|switch|p1a: Breloom|Breloom, M|225\/323 tox
|move|p2a: Skarmory|Toxic|p1a: Breloom
|-fail|p1a: Breloom|tox
|
|-heal|p1a: Breloom|265\/323 tox|[from] ability: Poison Heal
|turn|27
|
|move|p2a: Skarmory|Roost|p2a: Skarmory
|-heal|p2a: Skarmory|334\/334
|move|p1a: Breloom|Substitute|p1a: Breloom
|-start|p1a: Breloom|Substitute
|-damage|p1a: Breloom|185\/323 tox
|
|-heal|p1a: Breloom|225\/323 tox|[from] ability: Poison Heal
|turn|28
|
|move|p1a: Breloom|Spore|p2a: Skarmory
|-status|p2a: Skarmory|slp
|cant|p2a: Skarmory|slp
|
|-heal|p1a: Breloom|265\/323 tox|[from] ability: Poison Heal
|turn|29
|
|switch|p2a: Darmanitan|Darmanitan, M|351\/351
|move|p1a: Breloom|Leech Seed|p2a: Darmanitan
|-start|p2a: Darmanitan|move: Leech Seed
|
|-damage|p2a: Darmanitan|308\/351|[from] Leech Seed|[of] p1a: Breloom
|-heal|p1a: Breloom|308\/323 tox|[silent]
|-heal|p1a: Breloom|323\/323 tox|[from] ability: Poison Heal
|turn|30
|
|move|p2a: Darmanitan|U-turn|p1a: Breloom
|-activate|p1a: Breloom|Substitute|[damage]
|
|switch|p2a: Sylveon|Sylveon, M|346\/394
|move|p1a: Breloom|Leech Seed|p2a: Sylveon
|-start|p2a: Sylveon|move: Leech Seed
|
|-damage|p2a: Sylveon|297\/394|[from] Leech Seed|[of] p1a: Breloom
|turn|31
|
|switch|p1a: Tyranitar|Tyranitar, M|288\/341
|-weather|Sandstorm
|move|p2a: Sylveon|Hyper Voice|p1a: Tyranitar
|-supereffective|p1a: Tyranitar
|-damage|p1a: Tyranitar|0 fnt
|faint|p1a: Tyranitar
|
|-weather|Sandstorm|[upkeep]
|-damage|p2a: Sylveon|273\/394|[from] sandstorm
|
|switch|p1a: Breloom|Breloom, M|323\/323 tox
|turn|32
|
|move|p1a: Breloom|Drain Punch|p2a: Sylveon
|-resisted|p2a: Sylveon
|-damage|p2a: Sylveon|190\/394
|move|p2a: Sylveon|Hyper Voice|p1a: Breloom
|-supereffective|p1a: Breloom
|-damage|p1a: Breloom|0 fnt
|faint|p1a: Breloom
|
|win|doomthemad
|raw|Ladder updating...
|raw|fuck christmas's rating: 1459 &rarr; <strong>1435<\/strong><br \/>(-24 for losing)
|raw|doomthemad's rating: 1396 &rarr; <strong>1419<\/strong><br \/>(+23 for winning)
|c|âfuck christmas|gg
|leave|fuck christmas
|player|p1