|join|fuck christmas
|join|Bloody Sunday
|join|JDynasty
|player|p1|fuck christmas|169
|player|p2|Bloody Sunday|68
|gametype|singles
|gen|6
|tier|OU
|clearpoke
|poke|p1|Manaphy
|poke|p1|Charizard, M
|poke|p1|Aegislash, F
|poke|p1|Thundurus, M
|poke|p1|Azumarill, F
|poke|p1|Donphan, F
|poke|p2|Chansey, F
|poke|p2|Keldeo
|poke|p2|Heatran, F
|poke|p2|Skarmory, M
|poke|p2|Bisharp, F
|poke|p2|Venusaur, M
|rule|Swagger Clause: Swagger is banned
|rule|Baton Pass Clause: Limit one PokÃ©mon knowing Baton Pass
|rule|Sleep Clause Mod: Limit one foe put to sleep
|rule|Species Clause: Limit one of each PokÃ©mon
|rule|OHKO Clause: OHKO moves are banned
|rule|Moody Clause: Moody is banned
|rule|Evasion Moves Clause: Evasion moves are banned
|rule|Endless Battle Clause: Forcing endless battles is banned
|rule|HP Percentage Mod: HP is reported as percentages
|teampreview
|join|Best frens
|join|Call me Trice
|join|Kanyay
|leave|JDynasty
|join|Juubi
|join|JDynasty
|join|Flan76
|join|DoctorEcter
|join|Ijustmadethisteam
|join|namaste n_n
|
|start
|switch|p1a: Azumarill|Azumarill, F|401\/401
|switch|p2a: Venusaur|Venusaur, M|364\/364
|turn|1
|chat|Call me Trice|manaphy and your chari rape his team
|chat|Flan76|still D.O.N.
|join|NutSlappin'Avocado
|
|switch|p1a: Aegislash|Aegislash, F|323\/323
|detailschange|p2a: Venusaur|Venusaur-Mega, M
|message|Venusaur has Mega Evolved into Mega Venusaur!
|move|p2a: Venusaur|Giga Drain|p1a: Aegislash
|-resisted|p1a: Aegislash
|-damage|p1a: Aegislash|285\/323
|
|-heal|p1a: Aegislash|305\/323|[from] item: Leftovers
|turn|2
|join|LeBronDurant
|leave|NutSlappin'Avocado
|
|move|p2a: Venusaur|Leech Seed|p1a: Aegislash
|-start|p1a: Aegislash|move: Leech Seed
|move|p1a: Aegislash|Substitute|p1a: Aegislash
|-start|p1a: Aegislash|Substitute
|-damage|p1a: Aegislash|225\/323
|
|-heal|p1a: Aegislash|245\/323|[from] item: Leftovers
|-damage|p1a: Aegislash|205\/323|[from] Leech Seed|[of] p2a: Venusaur
|turn|3
|
|switch|p2a: Bisharp|Bisharp, F|334\/334
|switch|p1a: Charizard|Charizard, M|359\/359
|
|turn|4
|chat|Flan76|GL to both these nigs
|join|Riles
|
|switch|p2a: Heatran|Heatran, F|340\/340
|-item|p2a: Heatran|Air Balloon
|detailschange|p1a: Charizard|Charizard-Mega-X, M
|message|Charizard has Mega Evolved into Mega Charizard!
|move|p1a: Charizard|Dragon Claw|p2a: Heatran
|-resisted|p2a: Heatran
|-damage|p2a: Heatran|262\/340
|-enditem|p2a: Heatran|Air Balloon
|
|turn|5
|join|Kanyay West
|join|feirenzy
|join|RedKingAlmighty
|
|move|p2a: Heatran|Toxic|p1a: Charizard
|-status|p1a: Charizard|tox
|move|p1a: Charizard|Dragon Claw|p2a: Heatran
|-resisted|p2a: Heatran
|-damage|p2a: Heatran|188\/340
|
|-damage|p1a: Charizard|337\/359 tox|[from] psn
|turn|6
|leave|Kanyay West
|chat|RedKingAlmighty|clearly gg
|chat|fuck christmas|where's the scour
|chat|fuck christmas|scout*
|chat|fuck christmas|for eq
|leave|Juubi
|
|switch|p1a: Manaphy|Manaphy|352\/352
|move|p2a: Heatran|Stealth Rock|p1a: Manaphy
|-sidestart|p1: fuck christmas|move: Stealth Rock
|
|turn|7
|chat|Call me Trice|taunt inc
|
|switch|p2a: Chansey|Chansey, F|685\/685
|move|p1a: Manaphy|Tail Glow|p1a: Manaphy
|-boost|p1a: Manaphy|spa|3
|
|turn|8
|chat|Call me Trice|or not!!
|
|switch|p1a: Donphan|Donphan, F|383\/383
|-damage|p1a: Donphan|360\/383|[from] Stealth Rock
|move|p2a: Chansey|Seismic Toss|p1a: Donphan
|-damage|p1a: Donphan|260\/383
|
|-heal|p1a: Donphan|283\/383|[from] item: Leftovers
|turn|9
|join|Franz Ferdiswag
|chat|RedKingAlmighty|doesn manaphy get psyshock?
|
|switch|p2a: Keldeo|Keldeo|323\/323
|move|p1a: Donphan|Rapid Spin|p2a: Keldeo
|-damage|p2a: Keldeo|300\/323
|-sideend|p1: fuck christmas|Stealth Rock|[from] move: Rapid Spin|[of] p1a: Donphan
|
|-heal|p2a: Keldeo|320\/323|[from] item: Leftovers
|-heal|p1a: Donphan|306\/383|[from] item: Leftovers
|turn|10
|chat|Flan76|ni
|chat|Flan76|no*
|chat|LeBronDurant|no
|
|switch|p1a: Azumarill|Azumarill, F|401\/401
|move|p2a: Keldeo|Scald|p1a: Azumarill
|-resisted|p1a: Azumarill
|-damage|p1a: Azumarill|344\/401
|
|-heal|p2a: Keldeo|323\/323|[from] item: Leftovers
|turn|11
|chat|DoctorEcter|only psychic
|chat|RedKingAlmighty|i see
|chat|LeBronDurant|super power
|
|switch|p2a: Venusaur|Venusaur-Mega, M|364\/364
|switch|p1a: Charizard|Charizard-Mega-X, M|337\/359 tox
|
|-damage|p1a: Charizard|315\/359 tox|[from] psn
|turn|12
|chat|Call me Trice|dont overpredict btw
|
|move|p1a: Charizard|Fire Punch|p2a: Venusaur
|-supereffective|p2a: Venusaur
|-damage|p2a: Venusaur|256\/364
|move|p2a: Venusaur|Leech Seed|p1a: Charizard|[miss]
|-miss|p2a: Venusaur|p1a: Charizard
|
|-damage|p1a: Charizard|271\/359 tox|[from] psn
|turn|13
|
|move|p1a: Charizard|Dragon Dance|p1a: Charizard
|-boost|p1a: Charizard|atk|1
|-boost|p1a: Charizard|spe|1
|move|p2a: Venusaur|Leech Seed|p1a: Charizard
|-start|p1a: Charizard|move: Leech Seed
|
|-damage|p1a: Charizard|227\/359 tox|[from] Leech Seed|[of] p2a: Venusaur
|-heal|p2a: Venusaur|300\/364|[silent]
|-damage|p1a: Charizard|161\/359 tox|[from] psn
|turn|14
|chat|RedKingAlmighty|predicting the miss?
|
|switch|p2a: Heatran|Heatran, F|188\/340
|move|p1a: Charizard|Roost|p1a: Charizard
|-heal|p1a: Charizard|341\/359 tox
|
|-damage|p1a: Charizard|297\/359 tox|[from] Leech Seed|[of] p2a: Heatran
|-heal|p2a: Heatran|232\/340|[silent]
|-damage|p1a: Charizard|209\/359 tox|[from] psn
|turn|15
|join|Gghhh
|
|switch|p1a: Manaphy|Manaphy|352\/352
|move|p2a: Heatran|Stealth Rock|p1a: Manaphy
|-sidestart|p1: fuck christmas|move: Stealth Rock
|
|turn|16
|
|switch|p2a: Chansey|Chansey, F|685\/685
|move|p1a: Manaphy|Scald|p2a: Chansey
|-damage|p2a: Chansey|616\/685
|-status|p2a: Chansey|brn
|
|-damage|p2a: Chansey|531\/685 brn|[from] brn
|turn|17
|join|Kanyay West
|
|switch|p1a: Aegislash|Aegislash, F|205\/323
|-damage|p1a: Aegislash|185\/323|[from] Stealth Rock
|move|p2a: Chansey|Thunder Wave|p1a: Aegislash
|-status|p1a: Aegislash|par
|
|-heal|p1a: Aegislash|205\/323 par|[from] item: Leftovers
|-damage|p2a: Chansey|446\/685 brn|[from] brn
|turn|18
|
|switch|p2a: Bisharp|Bisharp, F|334\/334
|move|p1a: Aegislash|Substitute|p1a: Aegislash
|-start|p1a: Aegislash|Substitute
|-damage|p1a: Aegislash|125\/323 par
|
|-heal|p1a: Aegislash|145\/323 par|[from] item: Leftovers
|turn|19
|
|cant|p1a: Aegislash|par
|move|p2a: Bisharp|Knock Off|p1a: Aegislash
|-supereffective|p1a: Aegislash
|-end|p1a: Aegislash|Substitute
|
|-heal|p1a: Aegislash|165\/323 par|[from] item: Leftovers
|turn|20
|leave|Kanyay West
|
|switch|p1a: Donphan|Donphan, F|306\/383
|-damage|p1a: Donphan|283\/383|[from] Stealth Rock
|move|p2a: Bisharp|Knock Off|p1a: Donphan
|-damage|p1a: Donphan|162\/383
|-enditem|p1a: Donphan|Leftovers|[from] move: Knock Off|[of] p2a: Bisharp
|
|turn|21
|
|move|p2a: Bisharp|Iron Head|p1a: Donphan
|-damage|p1a: Donphan|60\/383
|move|p1a: Donphan|Stealth Rock|p2a: Bisharp
|-sidestart|p2: Bloody Sunday|move: Stealth Rock
|
|turn|22
|
|move|p2a: Bisharp|Iron Head|p1a: Donphan
|-damage|p1a: Donphan|0 fnt
|faint|p1a: Donphan
|
|
|switch|p1a: Thundurus|Thundurus, M|299\/299
|-damage|p1a: Thundurus|225\/299|[from] Stealth Rock
|turn|23
|
|move|p2a: Bisharp|Sucker Punch|p1a: Thundurus
|-damage|p1a: Thundurus|27\/299
|move|p1a: Thundurus|Superpower|p2a: Bisharp
|-supereffective|p2a: Bisharp
|-damage|p2a: Bisharp|0 fnt
|-unboost|p1a: Thundurus|atk|1
|-unboost|p1a: Thundurus|def|1
|-damage|p1a: Thundurus|0 fnt|[from] item: Life Orb
|faint|p2a: Bisharp
|faint|p1a: Thundurus
|
|join|MaxorusZ
|join|Mega Lucasaur
|
|switch|p2a: Keldeo|Keldeo|323\/323
|-damage|p2a: Keldeo|303\/323|[from] Stealth Rock
|switch|p1a: Aegislash|Aegislash, F|165\/323 par
|-damage|p1a: Aegislash|145\/323 par|[from] Stealth Rock
|turn|24
|
|move|p2a: Keldeo|Calm Mind|p2a: Keldeo
|-boost|p2a: Keldeo|spa|1
|-boost|p2a: Keldeo|spd|1
|move|p1a: Aegislash|Toxic|p2a: Keldeo
|-status|p2a: Keldeo|tox
|
|-heal|p2a: Keldeo|323\/323 tox|[from] item: Leftovers
|-heal|p1a: Aegislash|165\/323 par|[from] item: Leftovers
|-damage|p2a: Keldeo|303\/323 tox|[from] psn
|turn|25
|join|buls
|join|Frosthjerte
|join|newbie123
|
|move|p2a: Keldeo|Scald|p1a: Aegislash
|-damage|p1a: Aegislash|17\/323 par
|-formechange|p1a: Aegislash|Aegislash-Blade
|move|p1a: Aegislash|Shadow Ball|p2a: Keldeo
|-damage|p2a: Keldeo|164\/323 tox
|
|-heal|p2a: Keldeo|184\/323 tox|[from] item: Leftovers
|-heal|p1a: Aegislash|37\/323 par|[from] item: Leftovers
|-damage|p2a: Keldeo|144\/323 tox|[from] psn
|turn|26
|chat|LeBronDurant|.
|chat|MaxorusZ|why do you feel this way about christmas
|
|switch|p2a: Chansey|Chansey, F|446\/685
|-damage|p2a: Chansey|361\/685|[from] Stealth Rock
|-formechange|p1a: Aegislash|Aegislash
|move|p1a: Aegislash|King's Shield|p1a: Aegislash
|-fail|p1a: Aegislash
|
|-heal|p1a: Aegislash|57\/323 par|[from] item: Leftovers
|turn|27
|join|Funnelby
|chat|MaxorusZ|r u jewish 
|join|TurkeyMcGee
|chat|fuck christmas|nah
|chat|Call me Trice|r u gay
|chat|fuck christmas|christmas is just bad
|join|ItsPartOfTheGame
|chat|fuck christmas|yeah
|chat|fuck christmas|I'm pretty gay
|chat|Call me Trice|pm me
|leave|Gghhh
|chat|Flan76|hahahah
|chat|Call me Trice|:^)
|chat|fuck christmas|will you send me pics?
|join|ARIstotle_15
|
|move|p2a: Chansey|Aromatherapy|p2a: Chansey
|-cureteam|p2a: Chansey|[from] move: Aromatherapy
|move|p1a: Aegislash|Toxic|p2a: Chansey
|-status|p2a: Chansey|tox
|
|-heal|p1a: Aegislash|77\/323 par|[from] item: Leftovers
|-damage|p2a: Chansey|319\/685 tox|[from] psn
|turn|28
|chat|MaxorusZ|lol
|
|switch|p1a: Azumarill|Azumarill, F|344\/401
|-damage|p1a: Azumarill|294\/401|[from] Stealth Rock
|move|p2a: Chansey|Soft-Boiled|p2a: Chansey
|-heal|p2a: Chansey|662\/685 tox
|
|-damage|p2a: Chansey|578\/685 tox|[from] psn
|turn|29
|leave|Franz Ferdiswag
|chat|fuck christmas|fuck venusaur man
|leave|newbie123
|
|switch|p2a: Skarmory|Skarmory, M|334\/334
|-damage|p2a: Skarmory|293\/334|[from] Stealth Rock
|move|p1a: Azumarill|Knock Off|p2a: Skarmory
|-damage|p2a: Skarmory|210\/334
|-damage|p1a: Azumarill|228\/401|[from] item: Rocky Helmet|[of] p2a: Skarmory
|-enditem|p2a: Skarmory|Rocky Helmet|[from] move: Knock Off|[of] p1a: Azumarill
|
|turn|30
|chat|Call me Trice|spikes inc
|
|switch|p1a: Manaphy|Manaphy|352\/352
|-damage|p1a: Manaphy|308\/352|[from] Stealth Rock
|move|p2a: Skarmory|Spikes|p1a: Manaphy
|-sidestart|p1: fuck christmas|Spikes
|
|-heal|p1a: Manaphy|330\/352|[from] item: Leftovers
|turn|31
|chat|Call me Trice|y\/n
|
|move|p1a: Manaphy|Tail Glow|p1a: Manaphy
|-boost|p1a: Manaphy|spa|3
|move|p2a: Skarmory|Whirlwind|p1a: Manaphy
|drag|p1a: Azumarill|Azumarill, F|228\/401
|-damage|p1a: Azumarill|178\/401|[from] Stealth Rock
|-damage|p1a: Azumarill|128\/401|[from] Spikes
|
|turn|32
|join|sieke
|chat|Call me Trice|>
|chat|RedKingAlmighty|maybe zard Y would have been a better choice
|chat|Call me Trice|nah
|chat|MaxorusZ|nah dude x
|chat|Call me Trice|chansey wrecks the shit outta it
|join|Juubi
|join|Law) Ender
|chat|fuck christmas|this isn't my team :[[
|chat|Call me Trice|idk how u lose to him
|
|move|p2a: Skarmory|Roost|p2a: Skarmory
|-heal|p2a: Skarmory|334\/334
|move|p1a: Azumarill|Waterfall|p2a: Skarmory
|-damage|p2a: Skarmory|232\/334
|
|turn|33
|chat|Call me Trice|when u have charx and mana
|chat|fuck christmas|I would never make a team with donphan LOL
|leave|buls
|leave|Juubi
|join|Kama Sutra
|join|idarki
|
|switch|p1a: Manaphy|Manaphy|330\/352
|-damage|p1a: Manaphy|286\/352|[from] Stealth Rock
|-damage|p1a: Manaphy|242\/352|[from] Spikes
|move|p2a: Skarmory|Spikes|p1a: Manaphy
|-sidestart|p1: fuck christmas|Spikes
|
|-heal|p1a: Manaphy|264\/352|[from] item: Leftovers
|turn|34
|chat|MaxorusZ|yeah i was wondering why donphan was on your team haha
|
|move|p1a: Manaphy|Scald|p2a: Skarmory
|-damage|p2a: Skarmory|106\/334
|-status|p2a: Skarmory|brn
|move|p2a: Skarmory|Whirlwind|p1a: Manaphy
|drag|p1a: Azumarill|Azumarill, F|128\/401
|-damage|p1a: Azumarill|62\/401|[from] Spikes
|-damage|p1a: Azumarill|12\/401|[from] Stealth Rock
|
|-damage|p2a: Skarmory|65\/334 brn|[from] brn
|turn|35
|chat|ItsPartOfTheGame|donphan isn't that bad honestly
|chat|ItsPartOfTheGame|it's not amazing
|
|move|p1a: Azumarill|Aqua Jet|p2a: Skarmory
|-damage|p2a: Skarmory|7\/334 brn
|move|p2a: Skarmory|Spikes|p1a: Azumarill
|-sidestart|p1: fuck christmas|Spikes
|
|-damage|p2a: Skarmory|0 fnt|[from] brn
|faint|p2a: Skarmory
|chat|MaxorusZ|in uu i think its ok
|chat|fuck christmas|it's p bad
|
|switch|p2a: Venusaur|Venusaur-Mega, M|300\/364
|-damage|p2a: Venusaur|255\/364|[from] Stealth Rock
|turn|36
|join|No Housing
|chat|MaxorusZ|but in ou it doesnt have a place
|chat|ItsPartOfTheGame|but it's fat, hits hard, spins, gets nice coverage
|join|Spooter
|
|move|p2a: Venusaur|Synthesis|p2a: Venusaur
|-heal|p2a: Venusaur|364\/364
|move|p1a: Azumarill|Play Rough|p2a: Venusaur
|-resisted|p2a: Venusaur
|-damage|p2a: Venusaur|307\/364
|
|turn|37
|chat|ItsPartOfTheGame|but not great in OU
|join|UberPyro
|
|move|p2a: Venusaur|Giga Drain|p1a: Azumarill
|-supereffective|p1a: Azumarill
|-damage|p1a: Azumarill|0 fnt
|-heal|p2a: Venusaur|313\/364|[from] drain|[of] p1a: Azumarill
|faint|p1a: Azumarill
|
|join|how2battle?
|
|switch|p1a: Charizard|Charizard-Mega-X, M|209\/359 tox
|-damage|p1a: Charizard|120\/359 tox|[from] Spikes
|-damage|p1a: Charizard|31\/359 tox|[from] Stealth Rock
|turn|38
|join|Uni_Screams_Bulla
|
|move|p1a: Charizard|Dragon Claw|p2a: Venusaur
|-damage|p2a: Venusaur|183\/364
|move|p2a: Venusaur|Leech Seed|p1a: Charizard
|-start|p1a: Charizard|move: Leech Seed
|
|-damage|p1a: Charizard|0 fnt|[from] Leech Seed|[of] p2a: Venusaur
|-heal|p2a: Venusaur|214\/364|[silent]
|faint|p1a: Charizard
|leave|Best frens
|
|switch|p1a: Manaphy|Manaphy|264\/352
|-damage|p1a: Manaphy|220\/352|[from] Stealth Rock
|-damage|p1a: Manaphy|132\/352|[from] Spikes
|turn|39
|leave|Call me Trice
|chat|RedKingAlmighty|gg
|
|move|p1a: Manaphy|Psychic|p2a: Venusaur
|-supereffective|p2a: Venusaur
|-damage|p2a: Venusaur|66\/364
|move|p2a: Venusaur|Giga Drain|p1a: Manaphy
|-supereffective|p1a: Manaphy
|-damage|p1a: Manaphy|0 fnt
|-heal|p2a: Venusaur|132\/364|[from] drain|[of] p1a: Manaphy
|faint|p1a: Manaphy
|
|chat|fuck christmas|gg
|chat|Bloody Sunday|gg
|leave|Uni_Screams_Bulla
|chat|Frosthjerte|Aegislash can still win this!
|chat|fuck christmas|this shit is apparently supposed to be a venu lure
|chat|fuck christmas|but nobody switches venu in
|chat|fuck christmas|it's dumb af
|
|switch|p1a: Aegislash|Aegislash, F|77\/323 par
|-damage|p1a: Aegislash|0 fnt|[from] Spikes
|faint|p1a: Aegislash
|
|win|Bloody Sunday
|chat|Frosthjerte|Oh