|join|FusionAssassin
|join|fuck christmas
|player|p1|FusionAssassin|147
|player|p2|fuck christmas|281
|gametype|singles
|gen|6
|tier|OU
|clearpoke
|poke|p1|Azumarill, F
|poke|p1|Charizard, F
|poke|p1|Ferrothorn, F
|poke|p1|Kyurem-Black
|poke|p1|Greninja, M
|poke|p1|Mamoswine, F
|poke|p2|Garchomp, M
|poke|p2|Manectric, F
|poke|p2|Azumarill, F
|poke|p2|Ferrothorn, F
|poke|p2|Manaphy
|poke|p2|Latios, M
|rule|Swagger Clause: Swagger is banned
|rule|Baton Pass Clause: Limit one PokÃ©mon knowing Baton Pass
|rule|Sleep Clause Mod: Limit one foe put to sleep
|rule|Species Clause: Limit one of each PokÃ©mon
|rule|OHKO Clause: OHKO moves are banned
|rule|Moody Clause: Moody is banned
|rule|Evasion Moves Clause: Evasion moves are banned
|rule|Endless Battle Clause: Forcing endless battles is banned
|rule|HP Percentage Mod: HP is shown in percentages
|teampreview
|join|CoreMaker
|c|âFusionAssassin|wrong team dangit
|join|tyb99
|
|start
|switch|p1a: Mamoswine|Mamoswine, F|424\/424
|switch|p2a: Manaphy|Manaphy|341\/341
|turn|1
|join|RS Meth
|join|PBBB
|c| RS Meth|HYPEEE
|join|LT1A 808
|
|move|p2a: Manaphy|Surf|p1a: Mamoswine
|-supereffective|p1a: Mamoswine
|-damage|p1a: Mamoswine|4\/424
|move|p1a: Mamoswine|Knock Off|p2a: Manaphy
|-damage|p2a: Manaphy|217\/341
|-enditem|p2a: Manaphy|Leftovers|[from] move: Knock Off|[of] p1a: Mamoswine
|
|turn|2
|
|move|p1a: Mamoswine|Ice Shard|p2a: Manaphy
|-resisted|p2a: Manaphy
|-damage|p2a: Manaphy|175\/341
|move|p2a: Manaphy|Ice Beam|p1a: Mamoswine
|-damage|p1a: Mamoswine|0 fnt
|faint|p1a: Mamoswine
|
|
|switch|p1a: Ferrothorn|Ferrothorn, F|352\/352
|turn|3
|join|DualGenies1
|
|switch|p2a: Latios|Latios, M|302\/302
|move|p1a: Ferrothorn|Power Whip|p2a: Latios
|-resisted|p2a: Latios
|-damage|p2a: Latios|221\/302
|
|turn|4
|join|Super Blooper
|join|gottacatchthemall
|join|InvokerMid
|join|Yuttt
|join|good effort1
|c| Yuttt|this aint spl
|
|move|p2a: Latios|Psyshock|p1a: Ferrothorn
|-resisted|p1a: Ferrothorn
|-damage|p1a: Ferrothorn|301\/352
|-damage|p2a: Latios|191\/302|[from] item: Life Orb
|move|p1a: Ferrothorn|Toxic|p2a: Latios
|-status|p2a: Latios|tox
|
|-damage|p2a: Latios|173\/302 tox|[from] psn
|turn|5
|join|Nuzz
|c|âfuck christmas|,,,
|
|switch|p2a: Manectric|Manectric, F|281\/281
|move|p1a: Ferrothorn|Stealth Rock|p2a: Manectric
|-sidestart|p2: fuck christmas|move: Stealth Rock
|
|turn|6
|join|LT1A icaughturgirl
|join|sfprime
|join|DOGE EBINEST
|c| RS Meth|.|.
|c| InvokerMid|ioj
|
|detailschange|p2a: Manectric|Manectric-Mega, F
|message|Manectric has Mega Evolved into Mega Manectric!
|-ability|p2a: Manectric|Intimidate|[of] p1a: Ferrothorn
|-unboost|p1a: Ferrothorn|atk|1
|move|p2a: Manectric|Flamethrower|p1a: Ferrothorn
|-supereffective|p1a: Ferrothorn
|-damage|p1a: Ferrothorn|0 fnt
|faint|p1a: Ferrothorn
|
|join|Nubface
|join|Reud
|join|Cftc
|c|âfuck christmas|,,,,,,
|
|switch|p1a: Kyurem-Black|Kyurem-Black|454\/454
|-ability|p1a: Kyurem-Black|Teravolt
|turn|7
|leave|Cftc
|c| DOGE EBINEST|sick kyurem kiddo
|c| RS Meth|flamethrower, stunning nobody
|c| sfprime|well this looks promising
|join|Cftc
|join|Parisian Goldfish
|join|etaoi
|
|switch|p2a: Latios|Latios, M|173\/302 tox
|-damage|p2a: Latios|136\/302 tox|[from] Stealth Rock
|switch|p1a: Azumarill|Azumarill, F|404\/404
|
|-damage|p2a: Latios|118\/302 tox|[from] psn
|turn|8
|join|OgreRused
|c| DOGE EBINEST|ahhhh yeah
|c| Nuzz|i am disappoint
|c| Cftc|ur using a legend
|c| RS Meth|plays or plays
|c| DOGE EBINEST|ebin plays
|
|move|p2a: Latios|Defog|p1a: Azumarill
|-unboost|p1a: Azumarill|evasion|1
|-sideend|p2: fuck christmas|Stealth Rock|[from] move: Defog|[of] p2a: Latios
|move|p1a: Azumarill|Play Rough|p2a: Latios
|-supereffective|p2a: Latios
|-damage|p2a: Latios|0 fnt
|faint|p2a: Latios
|
|c| DOGE EBINEST|legends smh..
|c| InvokerMid|bop
|leave|OgreRused
|
|switch|p2a: Ferrothorn|Ferrothorn, F|352\/352
|turn|9
|join|dedic
|c| sfprime|so how's your first week on 4chan going doge?
|
|move|p1a: Azumarill|Superpower|p2a: Ferrothorn
|-supereffective|p2a: Ferrothorn
|-damage|p2a: Ferrothorn|162\/352
|-damage|p1a: Azumarill|354\/404|[from] ability: Iron Barbs|[of] p2a: Ferrothorn
|-unboost|p1a: Azumarill|atk|1
|-unboost|p1a: Azumarill|def|1
|move|p2a: Ferrothorn|Stealth Rock|p1a: Azumarill
|-sidestart|p1: FusionAssassin|move: Stealth Rock
|
|-heal|p2a: Ferrothorn|184\/352|[from] item: Leftovers
|turn|10
|c| RS Meth|these moves are as shocking as a dead battery
|join|In For The Kill
|c| DOGE EBINEST|pls
|
|move|p1a: Azumarill|Belly Drum|p1a: Azumarill
|-damage|p1a: Azumarill|152\/404
|-setboost|p1a: Azumarill|atk|6|[from] move: Belly Drum
|-enditem|p1a: Azumarill|Sitrus Berry|[eat]
|-heal|p1a: Azumarill|253\/404|[from] item: Sitrus Berry
|move|p2a: Ferrothorn|Power Whip|p1a: Azumarill
|-supereffective|p1a: Azumarill
|-damage|p1a: Azumarill|0 fnt
|faint|p1a: Azumarill
|
|-heal|p2a: Ferrothorn|206\/352|[from] item: Leftovers
|c| Reud|the strong super power....
|c| InvokerMid|hes real
|c| InvokerMid|nvm
|c| RS Meth|REKT
|c| sfprime|rofl
|c| Reud|!!!
|c|âfuck christmas|uhh
|c| Reud|you fucking dunce
|c| RS Meth|REKT SO FUCKING HARD
|c| etaoi|>sfprime cant detect high levels of irony
|
|switch|p1a: Charizard|Charizard, F|298\/298
|-damage|p1a: Charizard|149\/298|[from] Stealth Rock
|turn|11
|join|chumped
|
|detailschange|p1a: Charizard|Charizard-Mega-Y, F
|message|Charizard has Mega Evolved into Mega Charizard!
|-weather|SunnyDay
|move|p1a: Charizard|Roost|p1a: Charizard
|-heal|p1a: Charizard|298\/298
|move|p2a: Ferrothorn|Thunder Wave|p1a: Charizard
|-status|p1a: Charizard|par
|
|-weather|SunnyDay|[upkeep]
|-heal|p2a: Ferrothorn|228\/352|[from] item: Leftovers
|turn|12
|c| RS Meth|went right up da booty
|join|gbhsjkl.
|c| PBBB|dayummmmmm
|
|switch|p2a: Manaphy|Manaphy|175\/341
|cant|p1a: Charizard|par
|
|-weather|SunnyDay|[upkeep]
|turn|13
|c| InvokerMid|solar beam
|c| InvokerMid|wow
|
|move|p2a: Manaphy|Surf|p1a: Charizard
|-supereffective|p1a: Charizard
|-damage|p1a: Charizard|176\/298 par
|move|p1a: Charizard|Solar Beam|p2a: Manaphy|[still]
|-prepare|p1a: Charizard|Solar Beam|p2a: Manaphy
|-anim|p1a: Charizard|Solar Beam|p2a: Manaphy
|-crit|p2a: Manaphy
|-supereffective|p2a: Manaphy
|-damage|p2a: Manaphy|0 fnt
|faint|p2a: Manaphy
|
|-weather|SunnyDay|[upkeep]
|c| Reud|wow...
|c| sfprime|>etaoi thinks that there is a difference between using 4chan memes sincerely and ironically
|c| Reud|you're pretty good
|
|switch|p2a: Manectric|Manectric-Mega, F|281\/281
|-ability|p2a: Manectric|Intimidate|[of] p1a: Charizard
|-unboost|p1a: Charizard|atk|1
|turn|14
|c| RS Meth|don't fuck with the sun
|c| Reud|what's a 4chan?
|
|switch|p1a: Kyurem-Black|Kyurem-Black|454\/454
|-damage|p1a: Kyurem-Black|341\/454|[from] Stealth Rock
|-ability|p1a: Kyurem-Black|Teravolt
|move|p2a: Manectric|Volt Switch|p1a: Kyurem-Black
|-resisted|p1a: Kyurem-Black
|-damage|p1a: Kyurem-Black|275\/454
|c| gbhsjkl.|togekiss or feik
|c| etaoi|>sfprime thinks anyone was using a meme
|c| RS Meth|what is love
|c| DOGE EBINEST|idk what a 4chan is
|c| DOGE EBINEST|dude?
|c| sfprime|>ebin
|
|switch|p2a: Azumarill|Azumarill, F|404\/404
|
|-weather|SunnyDay|[upkeep]
|-heal|p1a: Kyurem-Black|303\/454|[from] item: Leftovers
|turn|15
|c| DOGE EBINEST|what r u saying?
|c| In For The Kill|feik
|c| PBBB|social website
|c| etaoi|>implying meme
|join|yesman1234
|c| gbhsjkl.|:c
|c| RS Meth|how do I 4chan
|
|switch|p2a: Garchomp|Garchomp, M|358\/358
|move|p1a: Kyurem-Black|Fusion Bolt|p2a: Garchomp
|-immune|p2a: Garchomp|[msg]
|
|-weather|none
|-heal|p1a: Kyurem-Black|331\/454|[from] item: Leftovers
|turn|16
|c| DOGE EBINEST|WHATS A 4CHAN
|c| DOGE EBINEST|??
|c| DOGE EBINEST|I HEARD IT WAS A HACKER??
|
|move|p2a: Garchomp|Dragon Claw|p1a: Kyurem-Black
|-supereffective|p1a: Kyurem-Black
|-damage|p1a: Kyurem-Black|65\/454
|move|p1a: Kyurem-Black|Outrage|p2a: Garchomp
|-supereffective|p2a: Garchomp
|-damage|p2a: Garchomp|0 fnt
|-damage|p1a: Kyurem-Black|9\/454|[from] ability: Rough Skin|[of] p2a: Garchomp
|faint|p2a: Garchomp
|
|-heal|p1a: Kyurem-Black|37\/454|[from] item: Leftovers
|c| PBBB|lol
|c| gbhsjkl.|lol
|c| chumped|4chan was the guy that hacked celebrity photos
|c| Reud|Oh yeah, that was 4 chan
|
|switch|p2a: Manectric|Manectric-Mega, F|281\/281
|-ability|p2a: Manectric|Intimidate|[of] p1a: Kyurem-Black
|-unboost|p1a: Kyurem-Black|atk|1
|turn|17
|c| In For The Kill|lol
|c| CoreMaker|._.
|c| etaoi|4chan is the guy who got the celeb noods
|
|move|p2a: Manectric|Flamethrower|p1a: Kyurem-Black
|-damage|p1a: Kyurem-Black|0 fnt
|faint|p1a: Kyurem-Black
|
|join|MCBarrett
|c| etaoi|!!!!!!
|c| Reud|that released all those pics
|c| In For The Kill|best dlawLAS
|c| RS Meth|YOU HAD A CHANCE
|c| Reud|4 chan sounds like a meanie
|leave|Nubface
|
|switch|p1a: Greninja|Greninja, M|286\/286
|-damage|p1a: Greninja|251\/286|[from] Stealth Rock
|turn|18
|c| sfprime|why use outrage on non scarf kyub
|c| RS Meth|outrage, with a fairy on the field
|c| gbhsjkl.|togekiss>all
|join|Bugbot
|
|move|p2a: Manectric|Thunderbolt|p1a: Greninja
|-supereffective|p1a: Greninja
|-damage|p1a: Greninja|0 fnt
|faint|p1a: Greninja
|
|c| sfprime|also a fairy ^
|c|âfuck christmas|gg
|c| RS Meth|rkt
|c|âFusionAssassin|how
|join|raekwonthagod
|
|switch|p1a: Charizard|Charizard-Mega-Y, F|176\/298 par
|-damage|p1a: Charizard|27\/298 par|[from] Stealth Rock
|-weather|SunnyDay
|turn|19
|c| RS Meth|base 135 spd
|leave|PBBB
|
|move|p2a: Manectric|Thunderbolt|p1a: Charizard
|-supereffective|p1a: Charizard
|-damage|p1a: Charizard|0 fnt
|faint|p1a: Charizard
|
|win|fuck christmas
|c| Reud|what do you mean how
|c|âFusionAssassin|gggggggggggggggg
|c| RS Meth|iirc
|c| gbhsjkl.|izi
|leave|LT1A 808
|leave|fuck christmas
|player|p2
|leave|RS Meth
|leave|FusionAssassin
|player|p1
|leave|gbhsjkl.
|c| sfprime|lmao "how"
|leave|yesman1234
|leave|Bugbot
|leave|chumped
|leave|In For The Kill
|leave|MCBarrett
|leave|Nuzz
|leave|DOGE EBINEST
|leave|CoreMaker
|leave|Reud
|leave|dedic
|leave|sfprime
|leave|Parisian Goldfish
|leave|gottacatchthemall
|leave|Yuttt
|leave|DualGenies1
|join|Reud
|leave|Reud
|leave|tyb99
|leave|etaoi
|leave|Cftc