|join|fuck christmas
|join|verdoora jimmy
|player|p1|fuck christmas|281
|player|p2|verdoora jimmy|53
|gametype|singles
|gen|6
|tier|OU
|rated
|clearpoke
|poke|p1|Charizard, F
|poke|p1|Azelf
|poke|p1|Diancie
|poke|p1|Excadrill, F
|poke|p1|Thundurus, M
|poke|p1|Keldeo
|poke|p2|Terrakion
|poke|p2|Excadrill, M
|poke|p2|Thundurus, M
|poke|p2|Heracross, M
|poke|p2|Talonflame, M
|poke|p2|Sylveon, M
|rule|Swagger Clause: Swagger is banned
|rule|Baton Pass Clause: Limit one PokÃ©mon knowing Baton Pass
|rule|Sleep Clause Mod: Limit one foe put to sleep
|rule|Species Clause: Limit one of each PokÃ©mon
|rule|OHKO Clause: OHKO moves are banned
|rule|Moody Clause: Moody is banned
|rule|Evasion Moves Clause: Evasion moves are banned
|rule|Endless Battle Clause: Forcing endless battles is banned
|rule|HP Percentage Mod: HP is shown in percentages
|teampreview
|
|start
|switch|p1a: Azelf|Azelf|291\/291
|switch|p2a: Terrakion|Terrakion|323\/323
|turn|1
|
|move|p1a: Azelf|Taunt|p2a: Terrakion
|-start|p2a: Terrakion|move: Taunt
|move|p2a: Terrakion|Stone Edge|p1a: Azelf
|-damage|p1a: Azelf|44\/291
|
|turn|2
|
|move|p1a: Azelf|Stealth Rock|p2a: Terrakion
|-sidestart|p2: verdoora jimmy|move: Stealth Rock
|move|p2a: Terrakion|Stone Edge|p1a: Azelf
|-damage|p1a: Azelf|0 fnt
|faint|p1a: Azelf
|
|
|switch|p1a: Keldeo|Keldeo|323\/323
|turn|3
|
|switch|p2a: Sylveon|Sylveon, M|393\/393
|-damage|p2a: Sylveon|344\/393|[from] Stealth Rock
|move|p1a: Keldeo|Secret Sword|p2a: Sylveon
|-resisted|p2a: Sylveon
|-damage|p2a: Sylveon|204\/393
|-damage|p1a: Keldeo|291\/323|[from] item: Life Orb
|
|turn|4
|
|switch|p1a: Excadrill|Excadrill, F|362\/362
|-ability|p1a: Excadrill|Mold Breaker
|move|p2a: Sylveon|Hyper Voice|p1a: Excadrill
|-resisted|p1a: Excadrill
|-damage|p1a: Excadrill|164\/362
|
|turn|5
|
|switch|p2a: Excadrill|Excadrill, M|361\/361
|-damage|p2a: Excadrill|350\/361|[from] Stealth Rock
|-ability|p2a: Excadrill|Mold Breaker
|move|p1a: Excadrill|Iron Head|p2a: Excadrill
|-resisted|p2a: Excadrill
|-damage|p2a: Excadrill|247\/361
|
|turn|6
|
|move|p1a: Excadrill|Iron Head|p2a: Excadrill
|-resisted|p2a: Excadrill
|-damage|p2a: Excadrill|128\/361
|move|p2a: Excadrill|Rapid Spin|p1a: Excadrill
|-resisted|p1a: Excadrill
|-damage|p1a: Excadrill|144\/362
|-sideend|p2: verdoora jimmy|Stealth Rock|[from] move: Rapid Spin|[of] p2a: Excadrill
|
|turn|7
|
|switch|p1a: Thundurus|Thundurus, M|299\/299
|switch|p2a: Thundurus|Thundurus, M|299\/299
|
|turn|8
|
|switch|p1a: Diancie|Diancie|304\/304
|switch|p2a: Sylveon|Sylveon, M|204\/393
|
|turn|9
|
|move|p2a: Sylveon|Hyper Voice|p1a: Diancie
|-damage|p1a: Diancie|163\/304
|move|p1a: Diancie|Diamond Storm|p2a: Sylveon
|-damage|p2a: Sylveon|47\/393
|
|turn|10
|
|switch|p1a: Charizard|Charizard, F|297\/297
|move|p2a: Sylveon|Hyper Voice|p1a: Charizard
|-resisted|p1a: Charizard
|-damage|p1a: Charizard|123\/297
|
|turn|11
|
|detailschange|p1a: Charizard|Charizard-Mega-Y, F
|message|Charizard has Mega Evolved into Mega Charizard!
|-weather|SunnyDay
|move|p1a: Charizard|Roost|p1a: Charizard
|-heal|p1a: Charizard|272\/297
|move|p2a: Sylveon|Hyper Voice|p1a: Charizard
|-resisted|p1a: Charizard
|-damage|p1a: Charizard|131\/297
|
|-weather|SunnyDay|[upkeep]
|turn|12
|
|move|p1a: Charizard|Solar Beam|p2a: Sylveon|[still]
|-prepare|p1a: Charizard|Solar Beam|p2a: Sylveon
|-anim|p1a: Charizard|Solar Beam|p2a: Sylveon
|-damage|p2a: Sylveon|0 fnt
|faint|p2a: Sylveon
|
|-weather|SunnyDay|[upkeep]
|
|switch|p2a: Terrakion|Terrakion|323\/323
|turn|13
|
|switch|p1a: Keldeo|Keldeo|291\/323
|move|p2a: Terrakion|Stone Edge|p1a: Keldeo
|-resisted|p1a: Keldeo
|-damage|p1a: Keldeo|193\/323
|
|-weather|SunnyDay|[upkeep]
|turn|14
|
|move|p1a: Keldeo|Secret Sword|p2a: Terrakion
|-supereffective|p2a: Terrakion
|-enditem|p2a: Terrakion|Focus Sash
|-damage|p2a: Terrakion|1\/323
|-damage|p1a: Keldeo|161\/323|[from] item: Life Orb
|move|p2a: Terrakion|Close Combat|p1a: Keldeo
|-damage|p1a: Keldeo|0 fnt
|-unboost|p2a: Terrakion|def|1
|-unboost|p2a: Terrakion|spd|1
|faint|p1a: Keldeo
|
|-weather|SunnyDay|[upkeep]
|
|switch|p1a: Thundurus|Thundurus, M|299\/299
|turn|15
|
|switch|p2a: Heracross|Heracross, M|308\/308
|move|p1a: Thundurus|Hidden Power|p2a: Heracross
|-damage|p2a: Heracross|227\/308
|-damage|p1a: Thundurus|270\/299|[from] item: Life Orb
|
|-weather|none
|turn|16
|
|switch|p1a: Diancie|Diancie|163\/304
|detailschange|p2a: Heracross|Heracross-Mega, M
|message|Heracross has Mega Evolved into Mega Heracross!
|move|p2a: Heracross|Rock Blast|p1a: Diancie
|-damage|p1a: Diancie|129\/304
|-damage|p1a: Diancie|95\/304
|-damage|p1a: Diancie|64\/304
|-damage|p1a: Diancie|33\/304
|-damage|p1a: Diancie|0 fnt
|-hitcount|p1a: Diancie|5
|faint|p1a: Diancie
|
|
|switch|p1a: Charizard|Charizard-Mega-Y, F|131\/297
|-weather|SunnyDay
|turn|17
|
|move|p1a: Charizard|Fire Blast|p2a: Heracross
|-supereffective|p2a: Heracross
|-damage|p2a: Heracross|0 fnt
|faint|p2a: Heracross
|
|-weather|SunnyDay|[upkeep]
|
|switch|p2a: Terrakion|Terrakion|1\/323
|turn|18
|
|move|p2a: Terrakion|Stealth Rock|p1a: Charizard
|-sidestart|p1: fuck christmas|move: Stealth Rock
|move|p1a: Charizard|Solar Beam|p2a: Terrakion|[still]
|-prepare|p1a: Charizard|Solar Beam|p2a: Terrakion
|-anim|p1a: Charizard|Solar Beam|p2a: Terrakion
|-supereffective|p2a: Terrakion
|-damage|p2a: Terrakion|0 fnt
|faint|p2a: Terrakion
|
|-weather|SunnyDay|[upkeep]
|
|switch|p2a: Excadrill|Excadrill, M|128\/361
|-ability|p2a: Excadrill|Mold Breaker
|turn|19
|
|move|p2a: Excadrill|Rock Slide|p1a: Charizard
|-supereffective|p1a: Charizard
|-damage|p1a: Charizard|0 fnt
|faint|p1a: Charizard
|
|-weather|SunnyDay|[upkeep]
|
|switch|p1a: Excadrill|Excadrill, F|144\/362
|-damage|p1a: Excadrill|133\/362|[from] Stealth Rock
|-ability|p1a: Excadrill|Mold Breaker
|turn|20
|
|switch|p2a: Thundurus|Thundurus, M|299\/299
|move|p1a: Excadrill|Rock Slide|p2a: Thundurus
|-supereffective|p2a: Thundurus
|-damage|p2a: Thundurus|43\/299
|
|-weather|SunnyDay|[upkeep]
|turn|21
|
|move|p1a: Excadrill|Rock Slide|p2a: Thundurus
|-supereffective|p2a: Thundurus
|-damage|p2a: Thundurus|0 fnt
|faint|p2a: Thundurus
|
|-weather|none
|
|switch|p2a: Excadrill|Excadrill, M|128\/361
|-ability|p2a: Excadrill|Mold Breaker
|turn|22
|
|move|p1a: Excadrill|Rock Slide|p2a: Excadrill
|-resisted|p2a: Excadrill
|-damage|p2a: Excadrill|92\/361
|move|p2a: Excadrill|Iron Head|p1a: Excadrill
|-resisted|p1a: Excadrill
|-damage|p1a: Excadrill|3\/362
|
|turn|23
|
|move|p1a: Excadrill|Rock Slide|p2a: Excadrill
|-resisted|p2a: Excadrill
|-damage|p2a: Excadrill|60\/361
|cant|p2a: Excadrill|flinch
|
|turn|24
|
|move|p1a: Excadrill|Rock Slide|p2a: Excadrill
|-resisted|p2a: Excadrill
|-damage|p2a: Excadrill|26\/361
|move|p2a: Excadrill|Iron Head|p1a: Excadrill
|-resisted|p1a: Excadrill
|-damage|p1a: Excadrill|0 fnt
|faint|p1a: Excadrill
|
|
|switch|p1a: Thundurus|Thundurus, M|270\/299
|-damage|p1a: Thundurus|196\/299|[from] Stealth Rock
|turn|25
|
|move|p2a: Excadrill|Iron Head|p1a: Thundurus
|-resisted|p1a: Thundurus
|-damage|p1a: Thundurus|77\/299
|move|p1a: Thundurus|Hidden Power|p2a: Excadrill
|-damage|p2a: Excadrill|0 fnt
|-damage|p1a: Thundurus|48\/299|[from] item: Life Orb
|faint|p2a: Excadrill
|
|c|âfuck christmas|gg
|
|switch|p2a: Talonflame|Talonflame, M|297\/297
|turn|26
|c|âverdoora jimmy|gg
|
|move|p2a: Talonflame|Brave Bird|p1a: Thundurus
|-resisted|p1a: Thundurus
|-damage|p1a: Thundurus|0 fnt
|-damage|p2a: Talonflame|281\/297|[from] recoil|[of] p1a: Thundurus
|faint|p1a: Thundurus
|
|win|verdoora jimmy
|raw|Ladder updating...
|raw|fuck christmas's rating: 1773 &rarr; <strong>1749<\/strong><br \/>(-24 for losing)
|raw|verdoora jimmy's rating: 1698 &rarr; <strong>1722<\/strong><br \/>(+24 for winning)
|leave|fuck christmas
|player|p1