|join|wish killer
|join|fuck christmas
wish killer made this room hidden.
|player|p1|wish killer|68
|player|p2|fuck christmas|281
|gametype|singles
|gen|6
|tier|OU
|rated
|clearpoke
|poke|p1|Bisharp, M
|poke|p1|Venusaur, M
|poke|p1|Heatran, F
|poke|p1|Keldeo
|poke|p1|Chansey, F
|poke|p1|Skarmory, M
|poke|p2|Altaria, F
|poke|p2|Scizor, M
|poke|p2|Thundurus, M
|poke|p2|Keldeo-Resolute
|poke|p2|Excadrill, F
|poke|p2|Victini
|rule|Swagger Clause: Swagger is banned
|rule|Baton Pass Clause: Limit one PokÃ©mon knowing Baton Pass
|rule|Sleep Clause Mod: Limit one foe put to sleep
|rule|Species Clause: Limit one of each PokÃ©mon
|rule|OHKO Clause: OHKO moves are banned
|rule|Moody Clause: Moody is banned
|rule|Evasion Moves Clause: Evasion moves are banned
|rule|Endless Battle Clause: Forcing endless battles is banned
|rule|HP Percentage Mod: HP is shown in percentages
|teampreview
|
|start
|switch|p1a: Venusaur|Venusaur, M|364\/364
|switch|p2a: Keldeo-Resolute|Keldeo-Resolute|323\/323
|turn|1
|
|switch|p2a: Scizor|Scizor, M|300\/300
|detailschange|p1a: Venusaur|Venusaur-Mega, M
|-mega|p1a: Venusaur|Venusaur|Venusaurite
|move|p1a: Venusaur|Leech Seed|p2a: Scizor
|-start|p2a: Scizor|move: Leech Seed
|
|-damage|p2a: Scizor|263\/300|[from] Leech Seed|[of] p1a: Venusaur
|turn|2
|
|move|p2a: Scizor|U-turn|p1a: Venusaur
|-damage|p1a: Venusaur|240\/364
|
|switch|p2a: Victini|Victini|341\/341
|move|p1a: Venusaur|Giga Drain|p2a: Victini
|-resisted|p2a: Victini
|-damage|p2a: Victini|287\/341
|-heal|p1a: Venusaur|267\/364|[from] drain|[of] p2a: Victini
|
|turn|3
|
|move|p2a: Victini|U-turn|p1a: Venusaur
|-damage|p1a: Venusaur|223\/364
|
|switch|p2a: Scizor|Scizor, M|263\/300
|move|p1a: Venusaur|Synthesis|p1a: Venusaur
|-heal|p1a: Venusaur|364\/364
|
|turn|4
|
|move|p2a: Scizor|Bullet Punch|p1a: Venusaur
|-damage|p1a: Venusaur|259\/364
|move|p1a: Venusaur|Leech Seed|p2a: Scizor
|-start|p2a: Scizor|move: Leech Seed
|
|-damage|p2a: Scizor|226\/300|[from] Leech Seed|[of] p1a: Venusaur
|-heal|p1a: Venusaur|296\/364|[silent]
|turn|5
|
|switch|p2a: Victini|Victini|287\/341
|move|p1a: Venusaur|Leech Seed|p2a: Victini
|-start|p2a: Victini|move: Leech Seed
|
|-damage|p2a: Victini|245\/341|[from] Leech Seed|[of] p1a: Venusaur
|-heal|p1a: Venusaur|338\/364|[silent]
|turn|6
|
|switch|p2a: Scizor|Scizor, M|226\/300
|move|p1a: Venusaur|Leech Seed|p2a: Scizor
|-start|p2a: Scizor|move: Leech Seed
|
|-damage|p2a: Scizor|189\/300|[from] Leech Seed|[of] p1a: Venusaur
|-heal|p1a: Venusaur|364\/364|[silent]
|turn|7
|
|move|p2a: Scizor|U-turn|p1a: Venusaur
|-damage|p1a: Venusaur|229\/364
|
|switch|p2a: Victini|Victini|245\/341
|move|p1a: Venusaur|Leech Seed|p2a: Victini
|-start|p2a: Victini|move: Leech Seed
|
|-damage|p2a: Victini|203\/341|[from] Leech Seed|[of] p1a: Venusaur
|-heal|p1a: Venusaur|271\/364|[silent]
|turn|8
|
|switch|p2a: Thundurus|Thundurus, M|299\/299
|switch|p1a: Heatran|Heatran, F|340\/340
|-item|p1a: Heatran|Air Balloon
|
|turn|9
|
|move|p2a: Thundurus|Volt Switch|p1a: Heatran
|-crit|p1a: Heatran
|-damage|p1a: Heatran|129\/340
|-enditem|p1a: Heatran|Air Balloon
|
|switch|p2a: Keldeo-Resolute|Keldeo-Resolute|323\/323
|move|p1a: Heatran|Fire Blast|p2a: Keldeo-Resolute
|-resisted|p2a: Keldeo-Resolute
|-damage|p2a: Keldeo-Resolute|239\/323
|
|turn|10
|
|switch|p1a: Venusaur|Venusaur-Mega, M|271\/364
|move|p2a: Keldeo-Resolute|Scald|p1a: Venusaur
|-resisted|p1a: Venusaur
|-damage|p1a: Venusaur|198\/364
|-damage|p2a: Keldeo-Resolute|207\/323|[from] item: Life Orb
|
|turn|11
|
|move|p2a: Keldeo-Resolute|Scald|p1a: Venusaur
|-resisted|p1a: Venusaur
|-damage|p1a: Venusaur|116\/364
|-damage|p2a: Keldeo-Resolute|175\/323|[from] item: Life Orb
|move|p1a: Venusaur|Giga Drain|p2a: Keldeo-Resolute
|-supereffective|p2a: Keldeo-Resolute
|-damage|p2a: Keldeo-Resolute|0 fnt
|-heal|p1a: Venusaur|204\/364|[from] drain|[of] p2a: Keldeo-Resolute
|faint|p2a: Keldeo-Resolute
|
|
|switch|p2a: Victini|Victini|203\/341
|turn|12
|
|switch|p1a: Heatran|Heatran, F|129\/340
|move|p2a: Victini|V-create|p1a: Heatran
|-start|p1a: Heatran|ability: Flash Fire
|
|turn|13
|
|switch|p2a: Altaria|Altaria, F|354\/354
|move|p1a: Heatran|Stealth Rock|p2a: Altaria
|-sidestart|p2: fuck christmas|move: Stealth Rock
|
|turn|14
|
|switch|p1a: Skarmory|Skarmory, M|334\/334
|detailschange|p2a: Altaria|Altaria-Mega, F
|-mega|p2a: Altaria|Altaria|Altarianite
|move|p2a: Altaria|Substitute|p2a: Altaria
|-start|p2a: Altaria|Substitute
|-damage|p2a: Altaria|266\/354
|
|turn|15
|
|move|p2a: Altaria|Fire Blast|p1a: Skarmory
|-supereffective|p1a: Skarmory
|-damage|p1a: Skarmory|64\/334
|move|p1a: Skarmory|Whirlwind|p2a: Altaria
|drag|p2a: Scizor|Scizor, M|189\/300
|-damage|p2a: Scizor|152\/300|[from] Stealth Rock
|
|turn|16
|
|move|p2a: Scizor|Superpower|p1a: Skarmory
|-damage|p1a: Skarmory|0 fnt
|-damage|p2a: Scizor|102\/300|[from] item: Rocky Helmet|[of] p1a: Skarmory
|-unboost|p2a: Scizor|atk|1
|-unboost|p2a: Scizor|def|1
|faint|p1a: Skarmory
|
|
|switch|p1a: Keldeo|Keldeo|323\/323
|turn|17
|
|switch|p2a: Altaria|Altaria-Mega, F|266\/354
|-damage|p2a: Altaria|222\/354|[from] Stealth Rock
|move|p1a: Keldeo|Scald|p2a: Altaria
|-resisted|p2a: Altaria
|-damage|p2a: Altaria|150\/354
|
|turn|18
|
|move|p1a: Keldeo|Icy Wind|p2a: Altaria
|-crit|p2a: Altaria
|-supereffective|p2a: Altaria
|-damage|p2a: Altaria|0 fnt
|faint|p2a: Altaria
|
|
|switch|p2a: Thundurus|Thundurus, M|299\/299
|-damage|p2a: Thundurus|225\/299|[from] Stealth Rock
|turn|19
|
|switch|p1a: Venusaur|Venusaur-Mega, M|204\/364
|move|p2a: Thundurus|Thunderbolt|p1a: Venusaur
|-resisted|p1a: Venusaur
|-damage|p1a: Venusaur|119\/364
|
|turn|20
|
|move|p2a: Thundurus|Taunt|p1a: Venusaur
|-start|p1a: Venusaur|move: Taunt
|cant|p1a: Venusaur|move: Taunt|Synthesis
|
|turn|21
|
|move|p2a: Thundurus|Volt Switch|p1a: Venusaur
|-resisted|p1a: Venusaur
|-damage|p1a: Venusaur|58\/364
|
|switch|p2a: Scizor|Scizor, M|102\/300
|-damage|p2a: Scizor|65\/300|[from] Stealth Rock
|move|p1a: Venusaur|Giga Drain|p2a: Scizor
|-resisted|p2a: Scizor
|-damage|p2a: Scizor|36\/300
|-heal|p1a: Venusaur|73\/364|[from] drain|[of] p2a: Scizor
|
|turn|22
|
|move|p2a: Scizor|U-turn|p1a: Venusaur
|-damage|p1a: Venusaur|0 fnt
|faint|p1a: Venusaur
|
|switch|p2a: Victini|Victini|203\/341
|-damage|p2a: Victini|118\/341|[from] Stealth Rock
|
|
|switch|p1a: Bisharp|Bisharp, M|334\/334
|turn|23
|
|switch|p1a: Heatran|Heatran, F|129\/340
|move|p2a: Victini|V-create|p1a: Heatran
|-start|p1a: Heatran|ability: Flash Fire
|
|turn|24
|
|move|p2a: Victini|V-create|p1a: Heatran
|-immune|p1a: Heatran|[msg]
|move|p1a: Heatran|Fire Blast|p2a: Victini
|-resisted|p2a: Victini
|-damage|p2a: Victini|0 fnt
|faint|p2a: Victini
|
|
|switch|p2a: Excadrill|Excadrill, F|361\/361
|-damage|p2a: Excadrill|350\/361|[from] Stealth Rock
|-ability|p2a: Excadrill|Mold Breaker
|-item|p2a: Excadrill|Air Balloon
|turn|25
|
|move|p1a: Heatran|Fire Blast|p2a: Excadrill
|-supereffective|p2a: Excadrill
|-damage|p2a: Excadrill|0 fnt
|-enditem|p2a: Excadrill|Air Balloon
|faint|p2a: Excadrill
|
|-message|fuck christmas forfeited.
|
|win|wish killer
|raw|Ladder updating...
|leave|fuck christmas
|player|p2
|raw|wish killer's rating: 1809 &rarr; <strong>1822<\/strong><br \/>(+13 for winning)
|raw|fuck christmas's rating: 1694 &rarr; <strong>1680<\/strong><br \/>(-14 for losing)