|join|Christo m8
|join|fuck christmas
|player|p1|Christo m8|142
|player|p2|fuck christmas|281
|gametype|singles
|gen|6
|tier|OU (suspect test)
|rated
|clearpoke
|poke|p1|Keldeo-Resolute
|poke|p1|Latias, F
|poke|p1|Garchomp, M
|poke|p1|Ferrothorn, M
|poke|p1|Tyranitar, F
|poke|p1|Clefable, F
|poke|p2|Thundurus, M
|poke|p2|Scizor, M
|poke|p2|Diancie
|poke|p2|Infernape, F
|poke|p2|Keldeo-Resolute
|poke|p2|Diggersby, M
|rule|Swagger Clause: Swagger is banned
|rule|Baton Pass Clause: Limit one PokÃ©mon knowing Baton Pass
|rule|Sleep Clause Mod: Limit one foe put to sleep
|rule|Species Clause: Limit one of each PokÃ©mon
|rule|OHKO Clause: OHKO moves are banned
|rule|Moody Clause: Moody is banned
|rule|Evasion Moves Clause: Evasion moves are banned
|rule|Endless Battle Clause: Forcing endless battles is banned
|rule|HP Percentage Mod: HP is shown in percentages
|teampreview
|
|start
|switch|p1a: Garchomp|Garchomp, M|420\/420
|switch|p2a: Infernape|Infernape, F|293\/293
|turn|1
|
|move|p2a: Infernape|Taunt|p1a: Garchomp
|-start|p1a: Garchomp|move: Taunt
|cant|p1a: Garchomp|move: Taunt|Stealth Rock
|
|turn|2
|
|move|p2a: Infernape|Stealth Rock|p1a: Garchomp
|-sidestart|p1: Christo m8|move: Stealth Rock
|move|p1a: Garchomp|Earthquake|p2a: Infernape
|-crit|p2a: Infernape
|-supereffective|p2a: Infernape
|-enditem|p2a: Infernape|Focus Sash
|-damage|p2a: Infernape|1\/293
|
|turn|3
|
|move|p2a: Infernape|Close Combat|p1a: Garchomp
|-damage|p1a: Garchomp|264\/420
|-damage|p2a: Infernape|0 fnt|[from] ability: Rough Skin|[of] p1a: Garchomp
|faint|p2a: Infernape
|move|p1a: Garchomp|Dragon Tail|p2: Infernape|[notarget]
|-notarget
|
|-end|p1a: Garchomp|move: Taunt
|
|switch|p2a: Thundurus|Thundurus, M|299\/299
|turn|4
|
|switch|p1a: Tyranitar|Tyranitar, F|341\/341
|-damage|p1a: Tyranitar|299\/341|[from] Stealth Rock
|-weather|Sandstorm
|move|p2a: Thundurus|Volt Switch|p1a: Tyranitar
|-damage|p1a: Tyranitar|199\/341
|
|switch|p2a: Scizor|Scizor, M|298\/298
|
|-weather|Sandstorm|[upkeep]
|turn|5
|
|switch|p1a: Garchomp|Garchomp, M|264\/420
|-damage|p1a: Garchomp|238\/420|[from] Stealth Rock
|move|p2a: Scizor|U-turn|p1a: Garchomp
|-damage|p1a: Garchomp|61\/420
|-damage|p2a: Scizor|261\/298|[from] ability: Rough Skin|[of] p1a: Garchomp
|-damage|p2a: Scizor|212\/298|[from] item: Rocky Helmet|[of] p1a: Garchomp
|
|switch|p2a: Keldeo-Resolute|Keldeo-Resolute|323\/323
|
|-weather|Sandstorm|[upkeep]
|-damage|p2a: Keldeo-Resolute|303\/323|[from] sandstorm
|turn|6
|
|move|p2a: Keldeo-Resolute|Icy Wind|p1a: Garchomp
|-miss|p2a: Keldeo-Resolute|p1a: Garchomp
|move|p1a: Garchomp|Stealth Rock|p2a: Keldeo-Resolute
|-sidestart|p2: fuck christmas|move: Stealth Rock
|
|-weather|Sandstorm|[upkeep]
|-damage|p2a: Keldeo-Resolute|283\/323|[from] sandstorm
|turn|7
|
|move|p2a: Keldeo-Resolute|Icy Wind|p1a: Garchomp
|-supereffective|p1a: Garchomp
|-damage|p1a: Garchomp|0 fnt
|faint|p1a: Garchomp
|
|-weather|Sandstorm|[upkeep]
|-damage|p2a: Keldeo-Resolute|263\/323|[from] sandstorm
|
|switch|p1a: Keldeo-Resolute|Keldeo-Resolute|323\/323
|-damage|p1a: Keldeo-Resolute|303\/323|[from] Stealth Rock
|turn|8
|
|move|p2a: Keldeo-Resolute|Icy Wind|p1a: Keldeo-Resolute
|-resisted|p1a: Keldeo-Resolute
|-damage|p1a: Keldeo-Resolute|267\/323
|-unboost|p1a: Keldeo-Resolute|spe|1
|move|p1a: Keldeo-Resolute|Substitute|p1a: Keldeo-Resolute
|-start|p1a: Keldeo-Resolute|Substitute
|-damage|p1a: Keldeo-Resolute|187\/323
|
|-weather|none
|-heal|p1a: Keldeo-Resolute|207\/323|[from] item: Leftovers
|turn|9
|
|switch|p2a: Thundurus|Thundurus, M|299\/299
|-damage|p2a: Thundurus|225\/299|[from] Stealth Rock
|move|p1a: Keldeo-Resolute|Calm Mind|p1a: Keldeo-Resolute
|-boost|p1a: Keldeo-Resolute|spa|1
|-boost|p1a: Keldeo-Resolute|spd|1
|
|-heal|p1a: Keldeo-Resolute|227\/323|[from] item: Leftovers
|turn|10
|
|move|p2a: Thundurus|Volt Switch|p1a: Keldeo-Resolute
|-supereffective|p1a: Keldeo-Resolute
|-end|p1a: Keldeo-Resolute|Substitute
|
|switch|p2a: Keldeo-Resolute|Keldeo-Resolute|263\/323
|-damage|p2a: Keldeo-Resolute|243\/323|[from] Stealth Rock
|move|p1a: Keldeo-Resolute|Scald|p2a: Keldeo-Resolute
|-resisted|p2a: Keldeo-Resolute
|-damage|p2a: Keldeo-Resolute|125\/323
|
|-heal|p1a: Keldeo-Resolute|247\/323|[from] item: Leftovers
|turn|11
|
|move|p2a: Keldeo-Resolute|Secret Sword|p1a: Keldeo-Resolute
|-damage|p1a: Keldeo-Resolute|79\/323
|move|p1a: Keldeo-Resolute|Secret Sword|p2a: Keldeo-Resolute
|-damage|p2a: Keldeo-Resolute|0 fnt
|faint|p2a: Keldeo-Resolute
|
|-heal|p1a: Keldeo-Resolute|99\/323|[from] item: Leftovers
|
|switch|p2a: Thundurus|Thundurus, M|225\/299
|-damage|p2a: Thundurus|151\/299|[from] Stealth Rock
|turn|12
|
|move|p2a: Thundurus|Volt Switch|p1a: Keldeo-Resolute
|-supereffective|p1a: Keldeo-Resolute
|-damage|p1a: Keldeo-Resolute|0 fnt
|faint|p1a: Keldeo-Resolute
|
|switch|p2a: Diancie|Diancie|241\/241
|-damage|p2a: Diancie|211\/241|[from] Stealth Rock
|
|
|switch|p1a: Ferrothorn|Ferrothorn, M|352\/352
|-damage|p1a: Ferrothorn|330\/352|[from] Stealth Rock
|turn|13
|
|detailschange|p2a: Diancie|Diancie-Mega
|-mega|p2a: Diancie|Diancie|Diancite
|move|p2a: Diancie|Hidden Power|p1a: Ferrothorn
|-supereffective|p1a: Ferrothorn
|-damage|p1a: Ferrothorn|118\/352
|move|p1a: Ferrothorn|Gyro Ball|p2a: Diancie
|-supereffective|p2a: Diancie
|-damage|p2a: Diancie|0 fnt
|faint|p2a: Diancie
|
|
|switch|p2a: Diggersby|Diggersby, M|311\/311
|-damage|p2a: Diggersby|292\/311|[from] Stealth Rock
|turn|14
|
|move|p2a: Diggersby|Earthquake|p1a: Ferrothorn
|-damage|p1a: Ferrothorn|0 fnt
|-damage|p2a: Diggersby|261\/311|[from] item: Life Orb
|faint|p1a: Ferrothorn
|
|
|switch|p1a: Clefable|Clefable, F|393\/393
|turn|15
|
|move|p2a: Diggersby|Frustration|p1a: Clefable
|-damage|p1a: Clefable|103\/393
|-damage|p2a: Diggersby|230\/311|[from] item: Life Orb
|move|p1a: Clefable|Moonblast|p2a: Diggersby
|-damage|p2a: Diggersby|104\/311
|
|-heal|p1a: Clefable|127\/393|[from] item: Leftovers
|turn|16
|
|move|p2a: Diggersby|Frustration|p1a: Clefable
|-damage|p1a: Clefable|0 fnt
|-damage|p2a: Diggersby|73\/311|[from] item: Life Orb
|faint|p1a: Clefable
|
|
|switch|p1a: Tyranitar|Tyranitar, F|199\/341
|-damage|p1a: Tyranitar|157\/341|[from] Stealth Rock
|-weather|Sandstorm
|turn|17
|
|move|p1a: Tyranitar|Crunch|p2a: Diggersby
|-damage|p2a: Diggersby|0 fnt
|faint|p2a: Diggersby
|
|-weather|Sandstorm|[upkeep]
|
|switch|p2a: Scizor|Scizor, M|212\/298
|-damage|p2a: Scizor|175\/298|[from] Stealth Rock
|turn|18
|
|move|p2a: Scizor|Bullet Punch|p1a: Tyranitar
|-supereffective|p1a: Tyranitar
|-damage|p1a: Tyranitar|0 fnt
|faint|p1a: Tyranitar
|
|-weather|Sandstorm|[upkeep]
|
|switch|p1a: Latias|Latias, F|363\/363
|-damage|p1a: Latias|318\/363|[from] Stealth Rock
|turn|19
|
|detailschange|p1a: Latias|Latias-Mega, F
|-mega|p1a: Latias|Latias|Latiasite
|move|p2a: Scizor|Bullet Punch|p1a: Latias
|-damage|p1a: Latias|176\/363
|move|p1a: Latias|Calm Mind|p1a: Latias
|-boost|p1a: Latias|spa|1
|-boost|p1a: Latias|spd|1
|
|-weather|Sandstorm|[upkeep]
|-damage|p1a: Latias|154\/363|[from] sandstorm
|turn|20
|
|move|p2a: Scizor|Bullet Punch|p1a: Latias
|-damage|p1a: Latias|16\/363
|move|p1a: Latias|Roost|p1a: Latias
|-heal|p1a: Latias|198\/363
|
|-weather|Sandstorm|[upkeep]
|-damage|p1a: Latias|176\/363|[from] sandstorm
|turn|21
|
|switch|p2a: Thundurus|Thundurus, M|151\/299
|-damage|p2a: Thundurus|77\/299|[from] Stealth Rock
|move|p1a: Latias|Roost|p1a: Latias
|-heal|p1a: Latias|358\/363
|
|-weather|none
|turn|22
|
|move|p2a: Thundurus|Taunt|p1a: Latias
|-start|p1a: Latias|move: Taunt
|cant|p1a: Latias|move: Taunt|Substitute
|
|turn|23
|
|move|p2a: Thundurus|Hidden Power|p1a: Latias
|-supereffective|p1a: Latias
|-damage|p1a: Latias|286\/363
|move|p1a: Latias|Stored Power|p2a: Thundurus
|-damage|p2a: Thundurus|0 fnt
|faint|p2a: Thundurus
|
|
|switch|p2a: Scizor|Scizor, M|175\/298
|-damage|p2a: Scizor|138\/298|[from] Stealth Rock
|turn|24
|
|move|p1a: Latias|Stored Power|p2a: Scizor
|-resisted|p2a: Scizor
|-damage|p2a: Scizor|50\/298
|move|p2a: Scizor|U-turn|p1a: Latias
|-supereffective|p1a: Latias
|-damage|p1a: Latias|0 fnt
|faint|p1a: Latias
|
|win|fuck christmas
|raw|Ladder updating...
|raw|Christo m8's rating: 1383 &rarr; <strong>1359<\/strong><br \/>(-24 for losing)
|raw|fuck christmas's rating: 1313 &rarr; <strong>1337<\/strong><br \/>(+24 for winning)
|c|âfuck christmas|gg
|c|âChristo m8|ah gg
|leave|fuck christmas
|player|p2
|leave|Christo m8
|player|p1
|join|fuck christmas