|join|tbr
|join|fuck christmas
|player|p1|tbr|1
|player|p2|fuck christmas|281
|gametype|singles
|gen|6
|tier|OU (suspect test)
|rated
|clearpoke
|poke|p1|Latios, M
|poke|p1|Heatran, M
|poke|p1|Rotom-Wash
|poke|p1|Terrakion
|poke|p1|Landorus-Therian, M
|poke|p1|Venusaur, M
|poke|p2|Thundurus, M
|poke|p2|Scizor, F
|poke|p2|Diancie
|poke|p2|Infernape, F
|poke|p2|Keldeo-Resolute
|poke|p2|Diggersby, F
|rule|Swagger Clause: Swagger is banned
|rule|Baton Pass Clause: Limit one PokÃ©mon knowing Baton Pass
|rule|Sleep Clause Mod: Limit one foe put to sleep
|rule|Species Clause: Limit one of each PokÃ©mon
|rule|OHKO Clause: OHKO moves are banned
|rule|Moody Clause: Moody is banned
|rule|Evasion Moves Clause: Evasion moves are banned
|rule|Endless Battle Clause: Forcing endless battles is banned
|rule|HP Percentage Mod: HP is shown in percentages
|teampreview
|
|start
|switch|p1a: Venusaur|Venusaur, M|351\/351
|switch|p2a: Infernape|Infernape, F|293\/293
|turn|1
|
|detailschange|p1a: Venusaur|Venusaur-Mega, M
|-mega|p1a: Venusaur|Venusaur|Venusaurite
|move|p2a: Infernape|Taunt|p1a: Venusaur
|-start|p1a: Venusaur|move: Taunt
|move|p1a: Venusaur|Sludge Bomb|p2a: Infernape
|-damage|p2a: Infernape|71\/293
|
|turn|2
|
|move|p2a: Infernape|Stealth Rock|p1a: Venusaur
|-sidestart|p1: tbr|move: Stealth Rock
|move|p1a: Venusaur|Giga Drain|p2a: Infernape
|-resisted|p2a: Infernape
|-damage|p2a: Infernape|0 fnt
|faint|p2a: Infernape
|
|
|switch|p2a: Scizor|Scizor, F|298\/298
|turn|3
|
|move|p1a: Venusaur|Hidden Power|p2a: Scizor
|-supereffective|p2a: Scizor
|-damage|p2a: Scizor|0 fnt
|faint|p2a: Scizor
|
|-end|p1a: Venusaur|move: Taunt
|
|switch|p2a: Diggersby|Diggersby, F|311\/311
|turn|4
|
|move|p2a: Diggersby|Frustration|p1a: Venusaur
|-damage|p1a: Venusaur|131\/351
|-damage|p2a: Diggersby|280\/311|[from] item: Life Orb
|move|p1a: Venusaur|Giga Drain|p2a: Diggersby
|-supereffective|p2a: Diggersby
|-damage|p2a: Diggersby|0 fnt
|-heal|p1a: Venusaur|271\/351|[from] drain|[of] p2a: Diggersby
|faint|p2a: Diggersby
|
|
|switch|p2a: Diancie|Diancie|241\/241
|turn|5
|
|detailschange|p2a: Diancie|Diancie-Mega
|-mega|p2a: Diancie|Diancie|Diancite
|move|p1a: Venusaur|Giga Drain|p2a: Diancie
|-supereffective|p2a: Diancie
|-damage|p2a: Diancie|0 fnt
|-heal|p1a: Venusaur|351\/351|[from] drain|[of] p2a: Diancie
|faint|p2a: Diancie
|
|c|âfuck christmas|wow uhh
|c|âfuck christmas|guess I get 6-0ed by mega ven
|c|âfuck christmas|u
|c|âfuck christmas|:')
|-message|fuck christmas forfeited.
|
|win|tbr
|raw|Ladder updating...
|leave|fuck christmas
|player|p2
|raw|tbr's rating: 1334 &rarr; <strong>1358<\/strong><br \/>(+24 for winning)
|raw|fuck christmas's rating: 1406 &rarr; <strong>1382<\/strong><br \/>(-24 for losing)