|join|kzzz
|join|therainbaron2
|player|p1|kzzz|107
|player|p2|therainbaron2|161
|gametype|singles
|gen|6
|tier|UU
|rated
|rule|Sleep Clause Mod: Limit one foe put to sleep
|rule|Species Clause: Limit one of each PokÃ©mon
|rule|OHKO Clause: OHKO moves are banned
|rule|Moody Clause: Moody is banned
|rule|Evasion Moves Clause: Evasion moves are banned
|rule|Endless Battle Clause: Forcing endless battles is banned
|rule|HP Percentage Mod: HP is shown in percentages
|clearpoke
|poke|p1|Porygon-Z
|poke|p1|Espeon, M, shiny
|poke|p1|Haxorus, M
|poke|p1|Swampert, M
|poke|p1|Chandelure, M
|poke|p1|Machamp, M
|poke|p2|Lucario, F
|poke|p2|Entei, shiny
|poke|p2|Raikou
|poke|p2|Umbreon, M
|poke|p2|Swampert, M
|poke|p2|Crobat, F
|rule|Swagger Clause: Swagger is banned
|rule|Baton Pass Clause: Limit one PokÃ©mon knowing Baton Pass
|teampreview
|
|start
|switch|p1a: Espeon|Espeon, M, shiny|333\/333
|switch|p2a: Crobat|Crobat, F|373\/373
|turn|1
|
|move|p2a: Crobat|U-turn|p1a: Espeon
|-supereffective|p1a: Espeon
|-damage|p1a: Espeon|187\/333
|
|switch|p2a: Raikou|Raikou|321\/321
|-ability|p2a: Raikou|Pressure
|move|p1a: Espeon|Reflect|p1a: Espeon
|-sidestart|p1: kzzz|Reflect
|
|turn|2
|
|move|p2a: Raikou|Volt Switch|p1a: Espeon
|-damage|p1a: Espeon|9\/333
|
|switch|p2a: Crobat|Crobat, F|373\/373
|move|p1a: Espeon|Light Screen|p1a: Espeon
|-sidestart|p1: kzzz|move: Light Screen
|
|turn|3
|
|move|p2a: Crobat|Defog|p1a: Espeon
|move|p1a: Espeon|Defog|p2a: Crobat|[from]Magic Bounce
|-unboost|p2a: Crobat|evasion|1
|move|p1a: Espeon|Yawn|p2a: Crobat
|-start|p2a: Crobat|move: Yawn|[of] p1a: Espeon
|
|turn|4
|
|move|p2a: Crobat|U-turn|p1a: Espeon
|-supereffective|p1a: Espeon
|-damage|p1a: Espeon|0 fnt
|faint|p1a: Espeon
|
|switch|p2a: Swampert|Swampert, M|404\/404
|
|
|switch|p1a: Chandelure|Chandelure, M|323\/323
|-item|p1a: Chandelure|Air Balloon
|turn|5
|
|switch|p2a: Umbreon|Umbreon, M|394\/394
|move|p1a: Chandelure|Energy Ball|p2a: Umbreon
|-damage|p2a: Umbreon|321\/394
|
|-heal|p2a: Umbreon|345\/394|[from] item: Leftovers
|turn|6
|
|switch|p1a: Machamp|Machamp, M|383\/383
|move|p2a: Umbreon|Foul Play|p1a: Machamp
|-resisted|p1a: Machamp
|-damage|p1a: Machamp|325\/383
|
|-heal|p2a: Umbreon|369\/394|[from] item: Leftovers
|turn|7
|
|move|p2a: Umbreon|Protect|p2a: Umbreon
|-singleturn|p2a: Umbreon|Protect
|move|p1a: Machamp|Dynamic Punch|p2a: Umbreon
|-activate|p2a: Umbreon|Protect
|
|-heal|p2a: Umbreon|393\/394|[from] item: Leftovers
|turn|8
|
|switch|p2a: Crobat|Crobat, F|373\/373
|move|p1a: Machamp|Dynamic Punch|p2a: Crobat
|-resisted|p2a: Crobat
|-damage|p2a: Crobat|321\/373
|-start|p2a: Crobat|confusion
|
|-heal|p2a: Crobat|344\/373|[from] item: Black Sludge
|-sideend|p1: kzzz|Reflect
|turn|9
|
|-activate|p2a: Crobat|confusion
|move|p2a: Crobat|Defog|p1a: Machamp
|-unboost|p1a: Machamp|evasion|1
|-sideend|p1: kzzz|move: Light Screen
|-sideend|p1: kzzz|Light Screen|[from] move: Defog|[of] p1a: Machamp
|move|p1a: Machamp|Stone Edge|p2a: Crobat
|-supereffective|p2a: Crobat
|-damage|p2a: Crobat|70\/373
|
|-heal|p2a: Crobat|93\/373|[from] item: Black Sludge
|turn|10
|
|switch|p2a: Swampert|Swampert, M|404\/404
|move|p1a: Machamp|Bullet Punch|p2a: Swampert
|-resisted|p2a: Swampert
|-damage|p2a: Swampert|384\/404
|
|-heal|p2a: Swampert|404\/404|[from] item: Leftovers
|turn|11
|
|move|p1a: Machamp|Dynamic Punch|p2a: Swampert
|-damage|p2a: Swampert|239\/404
|-start|p2a: Swampert|confusion
|-activate|p2a: Swampert|confusion
|move|p2a: Swampert|Scald|p1a: Machamp
|-damage|p1a: Machamp|262\/383
|-status|p1a: Machamp|brn
|
|-heal|p2a: Swampert|264\/404|[from] item: Leftovers
|-damage|p1a: Machamp|215\/383 brn|[from] brn
|turn|12
|
|switch|p2a: Crobat|Crobat, F|93\/373
|move|p1a: Machamp|Knock Off|p2a: Crobat
|-damage|p2a: Crobat|22\/373
|-enditem|p2a: Crobat|Black Sludge|[from] move: Knock Off|[of] p1a: Machamp
|
|-damage|p1a: Machamp|168\/383 brn|[from] brn
|turn|13
|
|move|p1a: Machamp|Bullet Punch|p2a: Crobat
|-damage|p2a: Crobat|0 fnt
|faint|p2a: Crobat
|
|-damage|p1a: Machamp|121\/383 brn|[from] brn
|
|switch|p2a: Entei|Entei, shiny|371\/371
|-ability|p2a: Entei|Pressure
|turn|14
|
|move|p2a: Entei|Sacred Fire|p1a: Machamp
|-damage|p1a: Machamp|0 fnt
|faint|p1a: Machamp
|
|
|switch|p1a: Porygon-Z|Porygon-Z|311\/311
|turn|15
|
|move|p1a: Porygon-Z|Tri Attack|p2a: Entei
|-damage|p2a: Entei|113\/371
|move|p2a: Entei|Sacred Fire|p1a: Porygon-Z
|-damage|p1a: Porygon-Z|0 fnt
|faint|p1a: Porygon-Z
|
|
|switch|p1a: Chandelure|Chandelure, M|323\/323
|-item|p1a: Chandelure|Air Balloon
|turn|16
|
|switch|p2a: Umbreon|Umbreon, M|393\/394
|move|p1a: Chandelure|Shadow Ball|p2a: Umbreon
|-resisted|p2a: Umbreon
|-damage|p2a: Umbreon|342\/394
|
|-heal|p2a: Umbreon|366\/394|[from] item: Leftovers
|turn|17
|
|move|p1a: Chandelure|Taunt|p2a: Umbreon
|-start|p2a: Umbreon|move: Taunt
|move|p2a: Umbreon|Foul Play|p1a: Chandelure
|-supereffective|p1a: Chandelure
|-damage|p1a: Chandelure|173\/323
|-enditem|p1a: Chandelure|Air Balloon
|
|-heal|p2a: Umbreon|390\/394|[from] item: Leftovers
|turn|18
|
|move|p1a: Chandelure|Flamethrower|p2a: Umbreon
|-damage|p2a: Umbreon|284\/394
|move|p2a: Umbreon|Foul Play|p1a: Chandelure
|-supereffective|p1a: Chandelure
|-damage|p1a: Chandelure|35\/323
|
|-heal|p2a: Umbreon|308\/394|[from] item: Leftovers
|turn|19
|
|move|p1a: Chandelure|Flamethrower|p2a: Umbreon
|-damage|p2a: Umbreon|190\/394
|move|p2a: Umbreon|Foul Play|p1a: Chandelure
|-supereffective|p1a: Chandelure
|-damage|p1a: Chandelure|0 fnt
|faint|p1a: Chandelure
|
|-heal|p2a: Umbreon|214\/394|[from] item: Leftovers
|-end|p2a: Umbreon|move: Taunt
|
|switch|p1a: Swampert|Swampert, M|341\/341
|turn|20
|
|detailschange|p1a: Swampert|Swampert-Mega, M
|-mega|p1a: Swampert|Swampert|Swampertite
|move|p1a: Swampert|Rain Dance|p1a: Swampert
|-weather|RainDance
|move|p2a: Umbreon|Wish|p2a: Umbreon
|
|-weather|RainDance|[upkeep]
|-heal|p2a: Umbreon|238\/394|[from] item: Leftovers
|turn|21
|
|move|p2a: Umbreon|Protect|p2a: Umbreon
|-singleturn|p2a: Umbreon|Protect
|move|p1a: Swampert|Waterfall|p2a: Umbreon
|-activate|p2a: Umbreon|Protect
|
|-weather|RainDance|[upkeep]
|-heal|p2a: Umbreon|394\/394|[from] move: Wish|[wisher] Umbreon
|turn|22
|
|move|p1a: Swampert|Waterfall|p2a: Umbreon
|-damage|p2a: Umbreon|181\/394
|move|p2a: Umbreon|Foul Play|p1a: Swampert
|-damage|p1a: Swampert|158\/341
|
|-weather|RainDance|[upkeep]
|-heal|p2a: Umbreon|205\/394|[from] item: Leftovers
|turn|23
|
|move|p2a: Umbreon|Protect|p2a: Umbreon
|-singleturn|p2a: Umbreon|Protect
|move|p1a: Swampert|Waterfall|p2a: Umbreon
|-activate|p2a: Umbreon|Protect
|
|-weather|RainDance|[upkeep]
|-heal|p2a: Umbreon|229\/394|[from] item: Leftovers
|turn|24
|
|move|p1a: Swampert|Waterfall|p2a: Umbreon
|-damage|p2a: Umbreon|3\/394
|cant|p2a: Umbreon|flinch
|
|-weather|none
|-heal|p2a: Umbreon|27\/394|[from] item: Leftovers
|turn|25
|
|move|p2a: Umbreon|Protect|p2a: Umbreon
|-singleturn|p2a: Umbreon|Protect
|move|p1a: Swampert|Rain Dance|p1a: Swampert
|-weather|RainDance
|
|-weather|RainDance|[upkeep]
|-heal|p2a: Umbreon|51\/394|[from] item: Leftovers
|turn|26
|
|move|p1a: Swampert|Waterfall|p2a: Umbreon
|-damage|p2a: Umbreon|0 fnt
|faint|p2a: Umbreon
|
|-weather|RainDance|[upkeep]
|
|switch|p2a: Swampert|Swampert, M|264\/404
|turn|27
|
|move|p1a: Swampert|Waterfall|p2a: Swampert
|-damage|p2a: Swampert|92\/404
|cant|p2a: Swampert|flinch
|
|-weather|RainDance|[upkeep]
|-heal|p2a: Swampert|117\/404|[from] item: Leftovers
|turn|28
|
|move|p1a: Swampert|Waterfall|p2a: Swampert
|-damage|p2a: Swampert|0 fnt
|faint|p2a: Swampert
|
|-weather|RainDance|[upkeep]
|
|switch|p2a: Entei|Entei, shiny|113\/371
|-ability|p2a: Entei|Pressure
|turn|29
|
|move|p2a: Entei|Extreme Speed|p1a: Swampert
|-damage|p1a: Swampert|24\/341
|move|p1a: Swampert|Waterfall|p2a: Entei
|-supereffective|p2a: Entei
|-damage|p2a: Entei|0 fnt
|faint|p2a: Entei
|
|-weather|none
|
|switch|p2a: Lucario|Lucario, F|281\/281
|turn|30
|
|move|p2a: Lucario|Extreme Speed|p1a: Swampert
|-damage|p1a: Swampert|0 fnt
|-damage|p2a: Lucario|253\/281|[from] item: Life Orb
|faint|p1a: Swampert
|
|
|switch|p1a: Haxorus|Haxorus, M|293\/293
|-ability|p1a: Haxorus|Mold Breaker
|turn|31
|
|move|p2a: Lucario|Extreme Speed|p1a: Haxorus
|-damage|p1a: Haxorus|166\/293
|-damage|p2a: Lucario|225\/281|[from] item: Life Orb
|move|p1a: Haxorus|Earthquake|p2a: Lucario
|-supereffective|p2a: Lucario
|-damage|p2a: Lucario|0 fnt
|faint|p2a: Lucario
|
|
|switch|p2a: Raikou|Raikou|321\/321
|-ability|p2a: Raikou|Pressure
|turn|32
|
|move|p2a: Raikou|Hidden Power|p1a: Haxorus
|-supereffective|p1a: Haxorus
|-damage|p1a: Haxorus|0 fnt
|faint|p1a: Haxorus
|
|win|therainbaron2
|raw|Ladder updating...
|raw|kzzz's rating: 1364 &rarr; <strong>1339<\/strong><br \/>(-25 for losing)
|raw|therainbaron2's rating: 1278 &rarr; <strong>1309<\/strong><br \/>(+31 for winning)
|leave|kzzz
|player|p1
|join|kzzz
|leave|kzzz