|join|Jintei
|join|therainbaron2
|player|p1|Jintei|68
|player|p2|therainbaron2|161
|gametype|singles
|gen|6
|tier|UU
|rated
|rule|Sleep Clause Mod: Limit one foe put to sleep
|rule|Species Clause: Limit one of each PokÃ©mon
|rule|OHKO Clause: OHKO moves are banned
|rule|Moody Clause: Moody is banned
|rule|Evasion Moves Clause: Evasion moves are banned
|rule|Endless Battle Clause: Forcing endless battles is banned
|rule|HP Percentage Mod: HP is shown in percentages
|clearpoke
|poke|p1|Serperior, M
|poke|p1|Cloyster, M
|poke|p1|Blastoise, F
|poke|p1|Azelf
|poke|p1|Porygon-Z
|poke|p1|Nidoking, M
|poke|p2|Lucario, F
|poke|p2|Entei, shiny
|poke|p2|Raikou
|poke|p2|Umbreon, M
|poke|p2|Swampert, F
|poke|p2|Crobat, F
|rule|Swagger Clause: Swagger is banned
|rule|Baton Pass Clause: Limit one PokÃ©mon knowing Baton Pass
|teampreview
|
|start
|switch|p1a: Azelf|Azelf|292\/292
|switch|p2a: Crobat|Crobat, F|373\/373
|turn|1
|
|switch|p1a: Nidoking|Nidoking, M|303\/303
|move|p2a: Crobat|U-turn|p1a: Nidoking
|-resisted|p1a: Nidoking
|-damage|p1a: Nidoking|271\/303
|
|switch|p2a: Swampert|Swampert, F|404\/404
|
|turn|2
|
|switch|p1a: Blastoise|Blastoise, F|358\/358
|move|p2a: Swampert|Stealth Rock|p1a: Blastoise
|-sidestart|p1: Jintei|move: Stealth Rock
|
|turn|3
|
|detailschange|p1a: Blastoise|Blastoise-Mega, F
|-mega|p1a: Blastoise|Blastoise|Blastoisinite
|move|p1a: Blastoise|Rapid Spin|p2a: Swampert
|-damage|p2a: Swampert|392\/404
|-sideend|p1: Jintei|Stealth Rock|[from] move: Rapid Spin|[of] p1a: Blastoise
|move|p2a: Swampert|Earthquake|p1a: Blastoise
|-damage|p1a: Blastoise|244\/358
|
|-heal|p2a: Swampert|404\/404|[from] item: Leftovers
|turn|4
|
|move|p1a: Blastoise|Dark Pulse|p2a: Swampert
|-damage|p2a: Swampert|227\/404
|move|p2a: Swampert|Scald|p1a: Blastoise
|-resisted|p1a: Blastoise
|-damage|p1a: Blastoise|210\/358
|-status|p1a: Blastoise|brn
|
|-heal|p2a: Swampert|252\/404|[from] item: Leftovers
|-damage|p1a: Blastoise|166\/358 brn|[from] brn
|turn|5
|
|switch|p2a: Umbreon|Umbreon, M|394\/394
|move|p1a: Blastoise|Dark Pulse|p2a: Umbreon
|-resisted|p2a: Umbreon
|-damage|p2a: Umbreon|348\/394
|
|-heal|p2a: Umbreon|372\/394|[from] item: Leftovers
|-damage|p1a: Blastoise|122\/358 brn|[from] brn
|turn|6
|
|move|p2a: Umbreon|Protect|p2a: Umbreon
|-singleturn|p2a: Umbreon|Protect
|move|p1a: Blastoise|Aura Sphere|p2a: Umbreon
|-activate|p2a: Umbreon|Protect
|
|-heal|p2a: Umbreon|394\/394|[from] item: Leftovers
|-damage|p1a: Blastoise|78\/358 brn|[from] brn
|turn|7
|
|switch|p1a: Azelf|Azelf|292\/292
|switch|p2a: Crobat|Crobat, F|373\/373
|
|turn|8
|
|switch|p1a: Nidoking|Nidoking, M|271\/303
|move|p2a: Crobat|U-turn|p1a: Nidoking
|-resisted|p1a: Nidoking
|-damage|p1a: Nidoking|240\/303
|
|switch|p2a: Swampert|Swampert, F|252\/404
|
|-heal|p2a: Swampert|277\/404|[from] item: Leftovers
|turn|9
|
|move|p1a: Nidoking|Sludge Wave|p2a: Swampert
|-resisted|p2a: Swampert
|-damage|p2a: Swampert|193\/404
|move|p2a: Swampert|Scald|p1a: Nidoking
|-supereffective|p1a: Nidoking
|-damage|p1a: Nidoking|0 fnt
|faint|p1a: Nidoking
|
|-heal|p2a: Swampert|218\/404|[from] item: Leftovers
|
|switch|p1a: Azelf|Azelf|292\/292
|turn|10
|
|switch|p2a: Umbreon|Umbreon, M|394\/394
|move|p1a: Azelf|Reflect|p1a: Azelf
|-sidestart|p1: Jintei|Reflect
|
|turn|11
|
|move|p1a: Azelf|Taunt|p2a: Umbreon
|-start|p2a: Umbreon|move: Taunt
|move|p2a: Umbreon|Foul Play|p1a: Azelf
|-crit|p1a: Azelf
|-supereffective|p1a: Azelf
|-damage|p1a: Azelf|0 fnt
|faint|p1a: Azelf
|
|
|switch|p1a: Cloyster|Cloyster, M|241\/241
|turn|12
|
|move|p1a: Cloyster|Shell Smash|p1a: Cloyster
|-boost|p1a: Cloyster|atk|2
|-boost|p1a: Cloyster|spa|2
|-boost|p1a: Cloyster|spe|2
|-unboost|p1a: Cloyster|def|1
|-unboost|p1a: Cloyster|spd|1
|move|p2a: Umbreon|Foul Play|p1a: Cloyster
|-damage|p1a: Cloyster|112\/241
|
|turn|13
|
|move|p1a: Cloyster|Icicle Spear|p2a: Umbreon
|-damage|p2a: Umbreon|333\/394
|-crit|p2a: Umbreon
|-damage|p2a: Umbreon|239\/394
|-damage|p2a: Umbreon|176\/394
|-damage|p2a: Umbreon|113\/394
|-damage|p2a: Umbreon|44\/394
|-hitcount|p2a: Umbreon|5
|move|p2a: Umbreon|Foul Play|p1a: Cloyster
|-damage|p1a: Cloyster|0 fnt
|faint|p1a: Cloyster
|
|-heal|p2a: Umbreon|68\/394|[from] item: Leftovers
|-end|p2a: Umbreon|move: Taunt
|
|switch|p1a: Porygon-Z|Porygon-Z|331\/331
|turn|14
|
|move|p2a: Umbreon|Protect|p2a: Umbreon
|-singleturn|p2a: Umbreon|Protect
|move|p1a: Porygon-Z|Agility|p1a: Porygon-Z
|-boost|p1a: Porygon-Z|spe|2
|
|-heal|p2a: Umbreon|92\/394|[from] item: Leftovers
|turn|15
|
|move|p1a: Porygon-Z|Nasty Plot|p1a: Porygon-Z
|-boost|p1a: Porygon-Z|spa|2
|move|p2a: Umbreon|Foul Play|p1a: Porygon-Z
|-damage|p1a: Porygon-Z|277\/331
|
|-heal|p2a: Umbreon|116\/394|[from] item: Leftovers
|turn|16
|
|switch|p2a: Swampert|Swampert, F|218\/404
|move|p1a: Porygon-Z|Tri Attack|p2a: Swampert
|-damage|p2a: Swampert|0 fnt
|-damage|p1a: Porygon-Z|244\/331|[from] item: Life Orb
|faint|p2a: Swampert
|
|
|switch|p2a: Lucario|Lucario, F|281\/281
|turn|17
|
|move|p2a: Lucario|Extreme Speed|p1a: Porygon-Z
|-damage|p1a: Porygon-Z|173\/331
|-damage|p2a: Lucario|253\/281|[from] item: Life Orb
|move|p1a: Porygon-Z|Tri Attack|p2a: Lucario
|-resisted|p2a: Lucario
|-damage|p2a: Lucario|0 fnt
|-damage|p1a: Porygon-Z|140\/331|[from] item: Life Orb
|faint|p2a: Lucario
|
|-sideend|p1: Jintei|Reflect
|
|switch|p2a: Entei|Entei, shiny|371\/371
|-ability|p2a: Entei|Pressure
|turn|18
|
|move|p2a: Entei|Extreme Speed|p1a: Porygon-Z
|-damage|p1a: Porygon-Z|0 fnt
|faint|p1a: Porygon-Z
|
|
|switch|p1a: Blastoise|Blastoise-Mega, F|78\/358 brn
|turn|19
|
|move|p2a: Entei|Extreme Speed|p1a: Blastoise
|-crit|p1a: Blastoise
|-damage|p1a: Blastoise|0 fnt
|faint|p1a: Blastoise
|
|
|switch|p1a: Serperior|Serperior, M|297\/297
|turn|20
|
|switch|p2a: Crobat|Crobat, F|373\/373
|move|p1a: Serperior|Leaf Storm|p2a: Crobat
|-resisted|p2a: Crobat
|-damage|p2a: Crobat|328\/373
|-boost|p1a: Serperior|spa|2
|
|-heal|p2a: Crobat|351\/373|[from] item: Black Sludge
|turn|21
|
|move|p2a: Crobat|Brave Bird|p1a: Serperior
|-supereffective|p1a: Serperior
|-damage|p1a: Serperior|31\/297
|-damage|p2a: Crobat|263\/373|[from] recoil|[of] p1a: Serperior
|move|p1a: Serperior|Dragon Pulse|p2a: Crobat
|-damage|p2a: Crobat|94\/373
|
|-heal|p2a: Crobat|117\/373|[from] item: Black Sludge
|-heal|p1a: Serperior|49\/297|[from] item: Leftovers
|turn|22
|c|âJintei|GG
|
|move|p2a: Crobat|Brave Bird|p1a: Serperior
|-supereffective|p1a: Serperior
|-damage|p1a: Serperior|0 fnt
|-damage|p2a: Crobat|101\/373|[from] recoil|[of] p1a: Serperior
|faint|p1a: Serperior
|
|win|therainbaron2
|raw|Ladder updating...
|raw|Jintei's rating: 1190 &rarr; <strong>1174<\/strong><br \/>(-16 for losing)
|raw|therainbaron2's rating: 1309 &rarr; <strong>1322<\/strong><br \/>(+13 for winning)
|leave|Jintei
|player|p1