|join|therainbaron2
|join|khaled3799
|player|p1|therainbaron2|161
|player|p2|khaled3799|1
|gametype|singles
|gen|6
|tier|UU
|rated
|rule|Sleep Clause Mod: Limit one foe put to sleep
|rule|Species Clause: Limit one of each PokÃ©mon
|rule|OHKO Clause: OHKO moves are banned
|rule|Moody Clause: Moody is banned
|rule|Evasion Moves Clause: Evasion moves are banned
|rule|Endless Battle Clause: Forcing endless battles is banned
|rule|HP Percentage Mod: HP is shown in percentages
|clearpoke
|poke|p1|Lucario, M
|poke|p1|Entei, shiny
|poke|p1|Raikou
|poke|p1|Umbreon, F
|poke|p1|Swampert, F
|poke|p1|Crobat, M
|poke|p2|Donphan, M
|poke|p2|Arcanine, F
|poke|p2|Jirachi
|poke|p2|Blissey, F
|poke|p2|Alakazam, F
|poke|p2|Pidgeot, F
|rule|Swagger Clause: Swagger is banned
|rule|Baton Pass Clause: Limit one PokÃ©mon knowing Baton Pass
|teampreview
|
|start
|switch|p1a: Swampert|Swampert, F|404\/404
|switch|p2a: Arcanine|Arcanine, F|353\/353
|-ability|p2a: Arcanine|Intimidate|[of] p1a: Swampert
|-unboost|p1a: Swampert|atk|1
|turn|1
|
|switch|p2a: Alakazam|Alakazam, F|251\/251
|move|p1a: Swampert|Stealth Rock|p2a: Alakazam
|-sidestart|p2: khaled3799|move: Stealth Rock
|
|turn|2
|
|switch|p1a: Umbreon|Umbreon, F|394\/394
|move|p2a: Alakazam|Energy Ball|p1a: Umbreon
|-damage|p1a: Umbreon|308\/394
|
|-heal|p1a: Umbreon|332\/394|[from] item: Leftovers
|turn|3
|
|switch|p2a: Blissey|Blissey, F|714\/714
|-damage|p2a: Blissey|625\/714|[from] Stealth Rock
|move|p1a: Umbreon|Foul Play|p2a: Blissey
|-damage|p2a: Blissey|511\/714
|
|-heal|p1a: Umbreon|356\/394|[from] item: Leftovers
|-heal|p2a: Blissey|555\/714|[from] item: Leftovers
|turn|4
|
|switch|p1a: Lucario|Lucario, M|281\/281
|move|p2a: Blissey|Stealth Rock|p1a: Lucario
|-sidestart|p1: therainbaron2|move: Stealth Rock
|
|-heal|p2a: Blissey|599\/714|[from] item: Leftovers
|turn|5
|
|switch|p2a: Arcanine|Arcanine, F|353\/353
|-damage|p2a: Arcanine|265\/353|[from] Stealth Rock
|-ability|p2a: Arcanine|Intimidate|[of] p1a: Lucario
|-unboost|p1a: Lucario|atk|1
|move|p1a: Lucario|Swords Dance|p1a: Lucario
|-boost|p1a: Lucario|atk|2
|
|-heal|p2a: Arcanine|287\/353|[from] item: Leftovers
|turn|6
|
|move|p1a: Lucario|Close Combat|p2a: Arcanine
|-damage|p2a: Arcanine|0 fnt
|-unboost|p1a: Lucario|def|1
|-unboost|p1a: Lucario|spd|1
|-damage|p1a: Lucario|253\/281|[from] item: Life Orb
|faint|p2a: Arcanine
|
|
|switch|p2a: Donphan|Donphan, M|321\/321
|-damage|p2a: Donphan|301\/321|[from] Stealth Rock
|turn|7
|
|switch|p1a: Swampert|Swampert, F|404\/404
|-damage|p1a: Swampert|379\/404|[from] Stealth Rock
|move|p2a: Donphan|Earthquake|p1a: Swampert
|-damage|p1a: Swampert|246\/404
|
|-heal|p1a: Swampert|271\/404|[from] item: Leftovers
|-heal|p2a: Donphan|321\/321|[from] item: Leftovers
|turn|8
|
|move|p1a: Swampert|Scald|p2a: Donphan
|-supereffective|p2a: Donphan
|-damage|p2a: Donphan|55\/321
|move|p2a: Donphan|Earthquake|p1a: Swampert
|-damage|p1a: Swampert|124\/404
|
|-heal|p1a: Swampert|149\/404|[from] item: Leftovers
|-heal|p2a: Donphan|75\/321|[from] item: Leftovers
|turn|9
|
|switch|p2a: Blissey|Blissey, F|599\/714
|-damage|p2a: Blissey|510\/714|[from] Stealth Rock
|move|p1a: Swampert|Scald|p2a: Blissey
|-damage|p2a: Blissey|455\/714
|
|-heal|p2a: Blissey|499\/714|[from] item: Leftovers
|-heal|p1a: Swampert|174\/404|[from] item: Leftovers
|turn|10
|
|move|p2a: Blissey|Wish|p2a: Blissey
|move|p1a: Swampert|Earthquake|p2a: Blissey
|-crit|p2a: Blissey
|-damage|p2a: Blissey|0 fnt
|faint|p2a: Blissey
|
|-heal|p1a: Swampert|199\/404|[from] item: Leftovers
|
|switch|p2a: Alakazam|Alakazam, F|251\/251
|turn|11
|
|switch|p1a: Umbreon|Umbreon, F|356\/394
|-damage|p1a: Umbreon|307\/394|[from] Stealth Rock
|move|p2a: Alakazam|Focus Blast|p1a: Umbreon
|-crit|p1a: Umbreon
|-supereffective|p1a: Umbreon
|-damage|p1a: Umbreon|0 fnt
|faint|p1a: Umbreon
|
|
|switch|p1a: Entei|Entei, shiny|371\/371
|-damage|p1a: Entei|279\/371|[from] Stealth Rock
|-ability|p1a: Entei|Pressure
|turn|12
|
|switch|p2a: Donphan|Donphan, M|75\/321
|-damage|p2a: Donphan|55\/321|[from] Stealth Rock
|move|p1a: Entei|Extreme Speed|p2a: Donphan
|-damage|p2a: Donphan|0 fnt
|faint|p2a: Donphan
|
|
|switch|p2a: Pidgeot|Pidgeot, F|307\/307
|-damage|p2a: Pidgeot|231\/307|[from] Stealth Rock
|turn|13
|
|detailschange|p2a: Pidgeot|Pidgeot-Mega, F
|-mega|p2a: Pidgeot|Pidgeot|Pidgeotite
|move|p1a: Entei|Extreme Speed|p2a: Pidgeot
|-crit|p2a: Pidgeot
|-damage|p2a: Pidgeot|0 fnt
|faint|p2a: Pidgeot
|
|
|switch|p2a: Jirachi|Jirachi|341\/341
|-damage|p2a: Jirachi|320\/341|[from] Stealth Rock
|turn|14
|
|switch|p1a: Crobat|Crobat, M|373\/373
|-damage|p1a: Crobat|280\/373|[from] Stealth Rock
|move|p2a: Jirachi|Zen Headbutt|p1a: Crobat
|-supereffective|p1a: Crobat
|-damage|p1a: Crobat|0 fnt
|faint|p1a: Crobat
|
|
|switch|p1a: Entei|Entei, shiny|279\/371
|-damage|p1a: Entei|187\/371|[from] Stealth Rock
|-ability|p1a: Entei|Pressure
|turn|15
|
|move|p2a: Jirachi|Zen Headbutt|p1a: Entei
|-damage|p1a: Entei|45\/371
|move|p1a: Entei|Sacred Fire|p2a: Jirachi
|-supereffective|p2a: Jirachi
|-damage|p2a: Jirachi|0 fnt
|faint|p2a: Jirachi
|
|
|switch|p2a: Alakazam|Alakazam, F|251\/251
|turn|16
|
|move|p2a: Alakazam|Psyshock|p1a: Entei
|-damage|p1a: Entei|0 fnt
|faint|p1a: Entei
|
|
|switch|p1a: Raikou|Raikou|321\/321
|-damage|p1a: Raikou|281\/321|[from] Stealth Rock
|-ability|p1a: Raikou|Pressure
|turn|17
|
|move|p2a: Alakazam|Psyshock|p1a: Raikou
|-damage|p1a: Raikou|55\/321
|move|p1a: Raikou|Volt Switch|p2a: Alakazam
|-damage|p2a: Alakazam|67\/251
|
|switch|p1a: Lucario|Lucario, M|253\/281
|-damage|p1a: Lucario|245\/281|[from] Stealth Rock
|
|turn|18
|
|move|p1a: Lucario|Extreme Speed|p2a: Alakazam
|-damage|p2a: Alakazam|0 fnt
|-damage|p1a: Lucario|217\/281|[from] item: Life Orb
|faint|p2a: Alakazam
|
|win|therainbaron2
|raw|Ladder updating...
|raw|therainbaron2's rating: 1156 &rarr; <strong>1179<\/strong><br \/>(+23 for winning)
|raw|khaled3799's rating: 1133 &rarr; <strong>1109<\/strong><br \/>(-24 for losing)
|leave|khaled3799
|player|p2