|join|therainbaron2
|join|Gurov
|player|p1|therainbaron2|161
|player|p2|Gurov|108
|gametype|singles
|gen|6
|tier|UU
|rated
|rule|Sleep Clause Mod: Limit one foe put to sleep
|rule|Species Clause: Limit one of each PokÃ©mon
|rule|OHKO Clause: OHKO moves are banned
|rule|Moody Clause: Moody is banned
|rule|Evasion Moves Clause: Evasion moves are banned
|rule|Endless Battle Clause: Forcing endless battles is banned
|rule|HP Percentage Mod: HP is shown in percentages
|clearpoke
|poke|p1|Medicham, M
|poke|p1|Entei, shiny
|poke|p1|Raikou
|poke|p1|Umbreon, F
|poke|p1|Swampert, M
|poke|p1|Crobat, M
|poke|p2|Chandelure, F
|poke|p2|Machamp, F
|poke|p2|Nidoking, M
|poke|p2|Mienshao, F, shiny
|poke|p2|Rotom-Heat
|poke|p2|Sharpedo, F
|rule|Swagger Clause: Swagger is banned
|rule|Baton Pass Clause: Limit one PokÃ©mon knowing Baton Pass
|teampreview
|
|start
|switch|p1a: Swampert|Swampert, M|404\/404
|switch|p2a: Poisondrill|Nidoking, M|335\/335
|turn|1
|
|move|p2a: Poisondrill|Stealth Rock|p1a: Swampert
|-sidestart|p1: therainbaron2|move: Stealth Rock
|move|p1a: Swampert|Stealth Rock|p2a: Poisondrill
|-sidestart|p2: Gurov|move: Stealth Rock
|
|turn|2
|
|move|p1a: Swampert|Scald|p2a: Poisondrill
|-supereffective|p2a: Poisondrill
|-damage|p2a: Poisondrill|117\/335
|move|p2a: Poisondrill|Roar|p1a: Swampert
|drag|p1a: Entei|Entei, shiny|371\/371
|-damage|p1a: Entei|279\/371|[from] Stealth Rock
|-ability|p1a: Entei|Pressure
|
|-heal|p2a: Poisondrill|137\/335|[from] item: Leftovers
|turn|3
|
|move|p1a: Entei|Extreme Speed|p2a: Poisondrill
|-damage|p2a: Poisondrill|0 fnt
|faint|p2a: Poisondrill
|
|
|switch|p2a: ElTortilla|Sharpedo, F|282\/282
|-damage|p2a: ElTortilla|247\/282|[from] Stealth Rock
|turn|4
|
|move|p1a: Entei|Extreme Speed|p2a: ElTortilla
|-damage|p2a: ElTortilla|0 fnt
|faint|p2a: ElTortilla
|
|
|switch|p2a: BaudriveJr|Chandelure, F|324\/324
|-damage|p2a: BaudriveJr|243\/324|[from] Stealth Rock
|turn|5
|
|switch|p1a: Umbreon|Umbreon, F|394\/394
|-damage|p1a: Umbreon|345\/394|[from] Stealth Rock
|move|p2a: BaudriveJr|Shadow Ball|p1a: Umbreon
|-resisted|p1a: Umbreon
|-damage|p1a: Umbreon|268\/394
|-unboost|p1a: Umbreon|spd|1
|
|-heal|p1a: Umbreon|292\/394|[from] item: Leftovers
|turn|6
|
|switch|p2a: TripleAxe|Machamp, F|384\/384
|-damage|p2a: TripleAxe|360\/384|[from] Stealth Rock
|move|p1a: Umbreon|Wish|p1a: Umbreon
|
|-heal|p1a: Umbreon|316\/394|[from] item: Leftovers
|turn|7
|
|switch|p1a: Crobat|Crobat, M|373\/373
|-damage|p1a: Crobat|280\/373|[from] Stealth Rock
|move|p2a: TripleAxe|Dynamic Punch|p1a: Crobat
|-resisted|p1a: Crobat
|-damage|p1a: Crobat|228\/373
|-start|p1a: Crobat|confusion
|
|-heal|p1a: Crobat|373\/373|[from] move: Wish|[wisher] Umbreon
|turn|8
|
|switch|p2a: Bosh|Rotom-Heat|242\/242
|-damage|p2a: Bosh|182\/242|[from] Stealth Rock
|-activate|p1a: Crobat|confusion
|-damage|p1a: Crobat|340\/373|[from] confusion
|
|-heal|p1a: Crobat|363\/373|[from] item: Black Sludge
|-heal|p2a: Bosh|197\/242|[from] item: Leftovers
|turn|9
|
|-activate|p1a: Crobat|confusion
|move|p1a: Crobat|Defog|p2a: Bosh
|-unboost|p2a: Bosh|evasion|1
|-sideend|p2: Gurov|Stealth Rock|[from] move: Defog|[of] p2a: Bosh
|-sideend|p1: therainbaron2|Stealth Rock|[from] move: Defog|[of] p1a: Crobat
|move|p2a: Bosh|Will-O-Wisp|p1a: Crobat
|-status|p1a: Crobat|brn
|
|-heal|p1a: Crobat|373\/373 brn|[from] item: Black Sludge
|-heal|p2a: Bosh|212\/242|[from] item: Leftovers
|-damage|p1a: Crobat|327\/373 brn|[from] brn
|turn|10
|
|switch|p1a: Umbreon|Umbreon, F|316\/394
|move|p2a: Bosh|Shadow Ball|p1a: Umbreon
|-resisted|p1a: Umbreon
|-damage|p1a: Umbreon|293\/394
|
|-heal|p2a: Bosh|227\/242|[from] item: Leftovers
|-heal|p1a: Umbreon|317\/394|[from] item: Leftovers
|turn|11
|
|move|p2a: Bosh|Will-O-Wisp|p1a: Umbreon
|-status|p1a: Umbreon|brn
|move|p1a: Umbreon|Heal Bell|p1a: Umbreon
|-cureteam|p1a: Umbreon|[from] move: HealBell
|
|-heal|p2a: Bosh|242\/242|[from] item: Leftovers
|-heal|p1a: Umbreon|341\/394|[from] item: Leftovers
|turn|12
|
|switch|p1a: Swampert|Swampert, M|404\/404
|move|p2a: Bosh|Overheat|p1a: Swampert
|-crit|p1a: Swampert
|-resisted|p1a: Swampert
|-damage|p1a: Swampert|267\/404
|-unboost|p2a: Bosh|spa|2
|
|-heal|p1a: Swampert|292\/404|[from] item: Leftovers
|turn|13
|
|move|p2a: Bosh|Will-O-Wisp|p1a: Swampert
|-status|p1a: Swampert|brn
|move|p1a: Swampert|Earthquake|p2a: Bosh
|-immune|p2a: Bosh|[msg]
|
|-heal|p1a: Swampert|317\/404 brn|[from] item: Leftovers
|-damage|p1a: Swampert|267\/404 brn|[from] brn
|turn|14
|
|move|p2a: Bosh|Overheat|p1a: Swampert
|-resisted|p1a: Swampert
|-damage|p1a: Swampert|219\/404 brn
|-unboost|p2a: Bosh|spa|2
|move|p1a: Swampert|Scald|p2a: Bosh
|-supereffective|p2a: Bosh
|-damage|p2a: Bosh|84\/242
|
|-heal|p2a: Bosh|99\/242|[from] item: Leftovers
|-heal|p1a: Swampert|244\/404 brn|[from] item: Leftovers
|-damage|p1a: Swampert|194\/404 brn|[from] brn
|turn|15
|
|switch|p2a: TripleAxe|Machamp, F|360\/384
|move|p1a: Swampert|Scald|p2a: TripleAxe
|-damage|p2a: TripleAxe|300\/384
|
|-heal|p1a: Swampert|219\/404 brn|[from] item: Leftovers
|-damage|p1a: Swampert|169\/404 brn|[from] brn
|turn|16
|
|move|p2a: TripleAxe|Dynamic Punch|p1a: Swampert
|-crit|p1a: Swampert
|-damage|p1a: Swampert|0 fnt
|faint|p1a: Swampert
|
|
|switch|p1a: Crobat|Crobat, M|327\/373
|turn|17
|
|switch|p2a: Bosh|Rotom-Heat|99\/242
|move|p1a: Crobat|Brave Bird|p2a: Bosh
|-resisted|p2a: Bosh
|-damage|p2a: Bosh|33\/242
|-damage|p1a: Crobat|305\/373|[from] recoil|[of] p2a: Bosh
|
|-heal|p1a: Crobat|328\/373|[from] item: Black Sludge
|-heal|p2a: Bosh|48\/242|[from] item: Leftovers
|turn|18
|
|move|p1a: Crobat|Brave Bird|p2a: Bosh
|-resisted|p2a: Bosh
|-damage|p2a: Bosh|0 fnt
|-damage|p1a: Crobat|312\/373|[from] recoil|[of] p2a: Bosh
|faint|p2a: Bosh
|
|-heal|p1a: Crobat|335\/373|[from] item: Black Sludge
|
|switch|p2a: BaudriveJr|Chandelure, F|243\/324
|turn|19
|
|switch|p1a: Umbreon|Umbreon, F|341\/394
|switch|p2a: Juri|Mienshao, F, shiny|272\/272
|
|-heal|p1a: Umbreon|365\/394|[from] item: Leftovers
|turn|20
|
|move|p1a: Umbreon|Protect|p1a: Umbreon
|-singleturn|p1a: Umbreon|Protect
|move|p2a: Juri|Drain Punch|p1a: Umbreon
|-activate|p1a: Umbreon|Protect
|
|-heal|p1a: Umbreon|389\/394|[from] item: Leftovers
|turn|21
|
|switch|p1a: Crobat|Crobat, M|335\/373
|move|p2a: Juri|Drain Punch|p1a: Crobat
|-crit|p1a: Crobat
|-resisted|p1a: Crobat
|-damage|p1a: Crobat|280\/373
|
|-heal|p1a: Crobat|303\/373|[from] item: Black Sludge
|turn|22
|
|switch|p2a: BaudriveJr|Chandelure, F|243\/324
|move|p1a: Crobat|Brave Bird|p2a: BaudriveJr
|-damage|p2a: BaudriveJr|108\/324
|-damage|p1a: Crobat|258\/373|[from] recoil|[of] p2a: BaudriveJr
|
|-heal|p1a: Crobat|281\/373|[from] item: Black Sludge
|turn|23
|
|move|p1a: Crobat|Brave Bird|p2a: BaudriveJr
|-damage|p2a: BaudriveJr|0 fnt
|-damage|p1a: Crobat|245\/373|[from] recoil|[of] p2a: BaudriveJr
|faint|p2a: BaudriveJr
|
|-heal|p1a: Crobat|268\/373|[from] item: Black Sludge
|
|switch|p2a: TripleAxe|Machamp, F|300\/384
|turn|24
|
|move|p2a: TripleAxe|Bullet Punch|p1a: Crobat
|-damage|p1a: Crobat|210\/373
|move|p1a: Crobat|Brave Bird|p2a: TripleAxe
|-supereffective|p2a: TripleAxe
|-damage|p2a: TripleAxe|0 fnt
|-damage|p1a: Crobat|111\/373|[from] recoil|[of] p2a: TripleAxe
|faint|p2a: TripleAxe
|
|-heal|p1a: Crobat|134\/373|[from] item: Black Sludge
|
|switch|p2a: Juri|Mienshao, F, shiny|272\/272
|turn|25
|
|move|p2a: Juri|U-turn|p1a: Crobat
|-resisted|p1a: Crobat
|-damage|p1a: Crobat|112\/373
|move|p1a: Crobat|Brave Bird|p2a: Juri
|-supereffective|p2a: Juri
|-damage|p2a: Juri|0 fnt
|-damage|p1a: Crobat|22\/373|[from] recoil|[of] p2a: Juri
|faint|p2a: Juri
|
|win|therainbaron2
|raw|Ladder updating...
|raw|therainbaron2's rating: 1365 &rarr; <strong>1376<\/strong><br \/>(+11 for winning)
|raw|Gurov's rating: 1204 &rarr; <strong>1190<\/strong><br \/>(-14 for losing)
|c|âGurov|gg
|leave|Gurov
|player|p2