|join|Tiff Taff
|join|therainbaron2
|player|p1|Tiff Taff|167
|player|p2|therainbaron2|161
|gametype|singles
|gen|6
|tier|UU
|rated
|rule|Sleep Clause Mod: Limit one foe put to sleep
|rule|Species Clause: Limit one of each PokÃ©mon
|rule|OHKO Clause: OHKO moves are banned
|rule|Moody Clause: Moody is banned
|rule|Evasion Moves Clause: Evasion moves are banned
|rule|Endless Battle Clause: Forcing endless battles is banned
|rule|HP Percentage Mod: HP is shown in percentages
|clearpoke
|poke|p1|Entei, shiny
|poke|p1|Blastoise, M, shiny
|poke|p1|Toxicroak, F, shiny
|poke|p1|Raikou, shiny
|poke|p1|Flygon, M, shiny
|poke|p1|Suicune, shiny
|poke|p2|Lucario, M
|poke|p2|Entei, shiny
|poke|p2|Raikou
|poke|p2|Umbreon, M
|poke|p2|Swampert, M
|poke|p2|Crobat, F
|rule|Swagger Clause: Swagger is banned
|rule|Baton Pass Clause: Limit one PokÃ©mon knowing Baton Pass
|teampreview
|
|start
|switch|p1a: Entei|Entei, shiny|372\/372
|switch|p2a: Crobat|Crobat, F|373\/373
|-ability|p1a: Entei|Pressure
|turn|1
|
|move|p2a: Crobat|U-turn|p1a: Entei
|-resisted|p1a: Entei
|-damage|p1a: Entei|343\/372
|
|switch|p2a: Swampert|Swampert, M|404\/404
|move|p1a: Entei|Sacred Fire|p2a: Swampert
|-resisted|p2a: Swampert
|-damage|p2a: Swampert|321\/404
|-status|p2a: Swampert|brn
|-damage|p1a: Entei|306\/372|[from] item: Life Orb
|
|-heal|p2a: Swampert|346\/404 brn|[from] item: Leftovers
|-damage|p2a: Swampert|296\/404 brn|[from] brn
|turn|2
|
|switch|p1a: Blastoise|Blastoise, M, shiny|362\/362
|move|p2a: Swampert|Scald|p1a: Blastoise
|-resisted|p1a: Blastoise
|-damage|p1a: Blastoise|323\/362
|-status|p1a: Blastoise|brn
|
|-heal|p2a: Swampert|321\/404 brn|[from] item: Leftovers
|-damage|p1a: Blastoise|278\/362 brn|[from] brn
|-damage|p2a: Swampert|271\/404 brn|[from] brn
|turn|3
|
|switch|p2a: Umbreon|Umbreon, M|394\/394
|detailschange|p1a: Blastoise|Blastoise-Mega, M, shiny
|-mega|p1a: Blastoise|Blastoise|Blastoisinite
|move|p1a: Blastoise|Water Pulse|p2a: Umbreon
|-damage|p2a: Umbreon|288\/394
|-start|p2a: Umbreon|confusion
|
|-heal|p2a: Umbreon|312\/394|[from] item: Leftovers
|-damage|p1a: Blastoise|233\/362 brn|[from] brn
|turn|4
|
|switch|p2a: Crobat|Crobat, F|373\/373
|move|p1a: Blastoise|Aura Sphere|p2a: Crobat
|-resisted|p2a: Crobat
|-damage|p2a: Crobat|324\/373
|
|-heal|p2a: Crobat|347\/373|[from] item: Black Sludge
|-damage|p1a: Blastoise|188\/362 brn|[from] brn
|turn|5
|
|move|p2a: Crobat|U-turn|p1a: Blastoise
|-damage|p1a: Blastoise|147\/362 brn
|
|switch|p2a: Umbreon|Umbreon, M|312\/394
|move|p1a: Blastoise|Water Pulse|p2a: Umbreon
|-damage|p2a: Umbreon|207\/394
|
|-heal|p2a: Umbreon|231\/394|[from] item: Leftovers
|-damage|p1a: Blastoise|102\/362 brn|[from] brn
|turn|6
|
|move|p2a: Umbreon|Protect|p2a: Umbreon
|-singleturn|p2a: Umbreon|Protect
|move|p1a: Blastoise|Water Pulse|p2a: Umbreon
|-activate|p2a: Umbreon|Protect
|
|-heal|p2a: Umbreon|255\/394|[from] item: Leftovers
|-damage|p1a: Blastoise|57\/362 brn|[from] brn
|turn|7
|
|move|p1a: Blastoise|Water Pulse|p2a: Umbreon
|-damage|p2a: Umbreon|144\/394
|move|p2a: Umbreon|Wish|p2a: Umbreon
|
|-heal|p2a: Umbreon|168\/394|[from] item: Leftovers
|-damage|p1a: Blastoise|12\/362 brn|[from] brn
|turn|8
|
|move|p1a: Blastoise|Water Pulse|p2a: Umbreon
|-damage|p2a: Umbreon|54\/394
|move|p2a: Umbreon|Heal Bell|p2a: Umbreon
|-cureteam|p2a: Umbreon|[from] move: HealBell
|
|-heal|p2a: Umbreon|251\/394|[from] move: Wish|[wisher] Umbreon
|-heal|p2a: Umbreon|275\/394|[from] item: Leftovers
|-damage|p1a: Blastoise|0 fnt|[from] brn
|faint|p1a: Blastoise
|
|switch|p1a: Entei|Entei, shiny|306\/372
|-ability|p1a: Entei|Pressure
|turn|9
|
|move|p2a: Umbreon|Protect|p2a: Umbreon
|-singleturn|p2a: Umbreon|Protect
|move|p1a: Entei|Sacred Fire|p2a: Umbreon
|-activate|p2a: Umbreon|Protect
|
|-heal|p2a: Umbreon|299\/394|[from] item: Leftovers
|turn|10
|
|move|p1a: Entei|Stone Edge|p2a: Umbreon
|-damage|p2a: Umbreon|163\/394
|-damage|p1a: Entei|269\/372|[from] item: Life Orb
|move|p2a: Umbreon|Foul Play|p1a: Entei
|-damage|p1a: Entei|82\/372
|
|-heal|p2a: Umbreon|187\/394|[from] item: Leftovers
|turn|11
|
|move|p2a: Umbreon|Protect|p2a: Umbreon
|-singleturn|p2a: Umbreon|Protect
|move|p1a: Entei|Sacred Fire|p2a: Umbreon
|-activate|p2a: Umbreon|Protect
|
|-heal|p2a: Umbreon|211\/394|[from] item: Leftovers
|turn|12
|
|move|p1a: Entei|Sacred Fire|p2a: Umbreon
|-damage|p2a: Umbreon|11\/394
|-status|p2a: Umbreon|brn
|-damage|p1a: Entei|45\/372|[from] item: Life Orb
|move|p2a: Umbreon|Wish|p2a: Umbreon
|
|-heal|p2a: Umbreon|35\/394 brn|[from] item: Leftovers
|-damage|p2a: Umbreon|0 fnt|[from] brn
|faint|p2a: Umbreon
|
|switch|p2a: Crobat|Crobat, F|347\/373
|turn|13
|
|move|p2a: Crobat|Brave Bird|p1a: Entei
|-damage|p1a: Entei|0 fnt
|-damage|p2a: Crobat|332\/373|[from] recoil|[of] p1a: Entei
|faint|p1a: Entei
|
|-heal|p2a: Crobat|373\/373|[from] move: Wish|[wisher] Umbreon
|
|switch|p1a: Raikou|Raikou, shiny|322\/322
|-ability|p1a: Raikou|Pressure
|turn|14
|
|move|p2a: Crobat|U-turn|p1a: Raikou
|-crit|p1a: Raikou
|-damage|p1a: Raikou|232\/322
|
|switch|p2a: Swampert|Swampert, M|271\/404
|move|p1a: Raikou|Hidden Power|p2a: Swampert
|-supereffective|p2a: Swampert
|-damage|p2a: Swampert|0 fnt
|faint|p2a: Swampert
|
|
|switch|p2a: Lucario|Lucario, M|281\/281
|turn|15
|
|switch|p1a: Suicune|Suicune, shiny|404\/404
|-ability|p1a: Suicune|Pressure
|move|p2a: Lucario|Swords Dance|p2a: Lucario
|-boost|p2a: Lucario|atk|2
|
|turn|16
|
|move|p2a: Lucario|Close Combat|p1a: Suicune
|-damage|p1a: Suicune|100\/404
|-unboost|p2a: Lucario|def|1
|-unboost|p2a: Lucario|spd|1
|-damage|p2a: Lucario|253\/281|[from] item: Life Orb
|move|p1a: Suicune|Scald|p2a: Lucario
|-damage|p2a: Lucario|93\/281
|-status|p2a: Lucario|brn
|
|-heal|p1a: Suicune|125\/404|[from] item: Leftovers
|-damage|p2a: Lucario|58\/281 brn|[from] brn
|turn|17
|
|move|p2a: Lucario|Close Combat|p1a: Suicune
|-damage|p1a: Suicune|0 fnt
|-unboost|p2a: Lucario|def|1
|-unboost|p2a: Lucario|spd|1
|-damage|p2a: Lucario|30\/281 brn|[from] item: Life Orb
|faint|p1a: Suicune
|
|-damage|p2a: Lucario|0 fnt|[from] brn
|faint|p2a: Lucario
|
|switch|p1a: Flygon|Flygon, M, shiny|302\/302
|switch|p2a: Entei|Entei, shiny|371\/371
|-ability|p2a: Entei|Pressure
|turn|18
|
|move|p1a: Flygon|Outrage|p2a: Entei
|-crit|p2a: Entei
|-damage|p2a: Entei|56\/371
|move|p2a: Entei|Sacred Fire|p1a: Flygon
|-resisted|p1a: Flygon
|-damage|p1a: Flygon|140\/302
|-status|p1a: Flygon|brn
|
|-damage|p1a: Flygon|103\/302 brn|[from] brn
|turn|19
|
|switch|p2a: Crobat|Crobat, F|373\/373
|move|p1a: Flygon|Outrage|p2a: Crobat
|-damage|p2a: Crobat|268\/373
|
|-end|p1a: Flygon|rampage
|-start|p1a: Flygon|confusion
|-heal|p2a: Crobat|291\/373|[from] item: Black Sludge
|-damage|p1a: Flygon|66\/302 brn|[from] brn
|turn|20
|
|switch|p1a: Raikou|Raikou, shiny|232\/322
|-ability|p1a: Raikou|Pressure
|move|p2a: Crobat|Brave Bird|p1a: Raikou
|-resisted|p1a: Raikou
|-damage|p1a: Raikou|156\/322
|-damage|p2a: Crobat|266\/373|[from] recoil|[of] p1a: Raikou
|
|-heal|p2a: Crobat|289\/373|[from] item: Black Sludge
|turn|21
|
|move|p2a: Crobat|U-turn|p1a: Raikou
|-damage|p1a: Raikou|90\/322
|
|switch|p2a: Raikou|Raikou|321\/321
|-ability|p2a: Raikou|Pressure
|move|p1a: Raikou|Volt Switch|p2a: Raikou
|-resisted|p2a: Raikou
|-damage|p2a: Raikou|242\/321
|
|switch|p1a: Flygon|Flygon, M, shiny|66\/302 brn
|
|-damage|p1a: Flygon|29\/302 brn|[from] brn
|turn|22
|
|switch|p2a: Crobat|Crobat, F|289\/373
|move|p1a: Flygon|Earthquake|p2a: Crobat
|-immune|p2a: Crobat|[msg]
|
|-heal|p2a: Crobat|312\/373|[from] item: Black Sludge
|-damage|p1a: Flygon|0 fnt|[from] brn
|faint|p1a: Flygon
|
|switch|p1a: Raikou|Raikou, shiny|90\/322
|-ability|p1a: Raikou|Pressure
|turn|23
|
|move|p2a: Crobat|U-turn|p1a: Raikou
|-damage|p1a: Raikou|20\/322
|
|switch|p2a: Raikou|Raikou|242\/321
|-ability|p2a: Raikou|Pressure
|move|p1a: Raikou|Thunderbolt|p2a: Raikou
|-resisted|p2a: Raikou
|-damage|p2a: Raikou|130\/321
|
|turn|24
|
|move|p2a: Raikou|Volt Switch|p1a: Raikou
|-resisted|p1a: Raikou
|-damage|p1a: Raikou|0 fnt
|faint|p1a: Raikou
|
|switch|p2a: Crobat|Crobat, F|312\/373
|
|-heal|p2a: Crobat|335\/373|[from] item: Black Sludge
|
|switch|p1a: Toxicroak|Toxicroak, F, shiny|307\/307
|turn|25
|
|move|p1a: Toxicroak|Sucker Punch|p2a: Crobat
|-damage|p2a: Crobat|232\/373
|move|p2a: Crobat|Brave Bird|p1a: Toxicroak
|-crit|p1a: Toxicroak
|-supereffective|p1a: Toxicroak
|-damage|p1a: Toxicroak|0 fnt
|-damage|p2a: Crobat|131\/373|[from] recoil|[of] p1a: Toxicroak
|faint|p1a: Toxicroak
|
|win|therainbaron2
|raw|Ladder updating...
|raw|Tiff Taff's rating: 1248 &rarr; <strong>1222<\/strong><br \/>(-26 for losing)
|raw|therainbaron2's rating: 1236 &rarr; <strong>1261<\/strong><br \/>(+25 for winning)
|c|âTiff Taff|gg
|leave|Tiff Taff
|player|p1