|join|therainbaron2
|join|LikeMyBread
|player|p1|therainbaron2|161
|player|p2|LikeMyBread|165
|gametype|singles
|gen|6
|tier|UU
|rated
|rule|Sleep Clause Mod: Limit one foe put to sleep
|rule|Species Clause: Limit one of each PokÃ©mon
|rule|OHKO Clause: OHKO moves are banned
|rule|Moody Clause: Moody is banned
|rule|Evasion Moves Clause: Evasion moves are banned
|rule|Endless Battle Clause: Forcing endless battles is banned
|rule|HP Percentage Mod: HP is shown in percentages
|clearpoke
|poke|p1|Lucario, M
|poke|p1|Entei, shiny
|poke|p1|Raikou
|poke|p1|Umbreon, F
|poke|p1|Swampert, F
|poke|p1|Crobat, M
|poke|p2|Persian, F
|poke|p2|Gligar, M
|poke|p2|Suicune
|poke|p2|Crobat, M
|poke|p2|Blissey, F
|poke|p2|Blastoise, F
|rule|Swagger Clause: Swagger is banned
|rule|Baton Pass Clause: Limit one PokÃ©mon knowing Baton Pass
|teampreview
|
|start
|switch|p1a: Raikou|Raikou|321\/321
|switch|p2a: Persian|Persian, F|292\/292
|-ability|p1a: Raikou|Pressure
|turn|1
|
|move|p2a: Persian|Fake Out|p1a: Raikou
|-damage|p1a: Raikou|237\/321
|cant|p1a: Raikou|flinch
|
|turn|2
|
|move|p1a: Raikou|Volt Switch|p2a: Persian
|-damage|p2a: Persian|79\/292
|
|switch|p1a: Umbreon|Umbreon, F|394\/394
|move|p2a: Persian|U-turn|p1a: Umbreon
|-supereffective|p1a: Umbreon
|-damage|p1a: Umbreon|304\/394
|
|switch|p2a: Blastoise|Blastoise, F|320\/320
|
|-heal|p1a: Umbreon|328\/394|[from] item: Leftovers
|turn|3
|
|switch|p1a: Crobat|Crobat, M|373\/373
|detailschange|p2a: Blastoise|Blastoise-Mega, F
|-mega|p2a: Blastoise|Blastoise|Blastoisinite
|move|p2a: Blastoise|Aura Sphere|p1a: Crobat
|-resisted|p1a: Crobat
|-damage|p1a: Crobat|329\/373
|
|-heal|p1a: Crobat|352\/373|[from] item: Black Sludge
|turn|4
|
|move|p1a: Crobat|U-turn|p2a: Blastoise
|-damage|p2a: Blastoise|277\/320
|
|switch|p1a: Raikou|Raikou|237\/321
|-ability|p1a: Raikou|Pressure
|move|p2a: Blastoise|Ice Beam|p1a: Raikou
|-damage|p1a: Raikou|127\/321
|
|turn|5
|
|switch|p2a: Gligar|Gligar, M|292\/292
|move|p1a: Raikou|Hidden Power|p2a: Gligar
|-supereffective|p2a: Gligar
|-damage|p2a: Gligar|0 fnt
|faint|p2a: Gligar
|
|
|switch|p2a: Blissey|Blissey, F|672\/672
|turn|6
|
|switch|p1a: Lucario|Lucario, M|281\/281
|move|p2a: Blissey|Toxic|p1a: Lucario
|-fail|p1a: Lucario
|
|turn|7
|
|switch|p2a: Crobat|Crobat, M|311\/311
|move|p1a: Lucario|Swords Dance|p1a: Lucario
|-boost|p1a: Lucario|atk|2
|
|turn|8
|
|move|p1a: Lucario|Extreme Speed|p2a: Crobat
|-crit|p2a: Crobat
|-damage|p2a: Crobat|0 fnt
|-damage|p1a: Lucario|253\/281|[from] item: Life Orb
|faint|p2a: Crobat
|
|
|switch|p2a: Blissey|Blissey, F|672\/672
|turn|9
|
|move|p1a: Lucario|Close Combat|p2a: Blissey
|-crit|p2a: Blissey
|-supereffective|p2a: Blissey
|-damage|p2a: Blissey|0 fnt
|-unboost|p1a: Lucario|def|1
|-unboost|p1a: Lucario|spd|1
|-damage|p1a: Lucario|225\/281|[from] item: Life Orb
|faint|p2a: Blissey
|
|
|switch|p2a: Blastoise|Blastoise-Mega, F|277\/320
|turn|10
|
|move|p1a: Lucario|Close Combat|p2a: Blastoise
|-damage|p2a: Blastoise|0 fnt
|-unboost|p1a: Lucario|def|1
|-unboost|p1a: Lucario|spd|1
|-damage|p1a: Lucario|197\/281|[from] item: Life Orb
|faint|p2a: Blastoise
|
|
|switch|p2a: Suicune|Suicune|362\/362
|-ability|p2a: Suicune|Pressure
|turn|11
|
|move|p1a: Lucario|Close Combat|p2a: Suicune
|-damage|p2a: Suicune|0 fnt
|-unboost|p1a: Lucario|def|1
|-unboost|p1a: Lucario|spd|1
|-damage|p1a: Lucario|169\/281|[from] item: Life Orb
|faint|p2a: Suicune
|
|
|switch|p2a: Persian|Persian, F|79\/292
|turn|12
|
|move|p1a: Lucario|Extreme Speed|p2a: Persian
|-crit|p2a: Persian
|-damage|p2a: Persian|0 fnt
|-damage|p1a: Lucario|141\/281|[from] item: Life Orb
|faint|p2a: Persian
|
|win|therainbaron2
|raw|Ladder updating...
|raw|therainbaron2's rating: 1113 &rarr; <strong>1138<\/strong><br \/>(+25 for winning)
|raw|LikeMyBread's rating: 1106 &rarr; <strong>1082<\/strong><br \/>(-24 for losing)
|c|âLikeMyBread|gg