|join|therainbaron2
|join|Zebola
|player|p1|therainbaron2|161
|player|p2|Zebola|257
|gametype|singles
|gen|6
|tier|UU
|rated
|rule|Sleep Clause Mod: Limit one foe put to sleep
|rule|Species Clause: Limit one of each PokÃ©mon
|rule|OHKO Clause: OHKO moves are banned
|rule|Moody Clause: Moody is banned
|rule|Evasion Moves Clause: Evasion moves are banned
|rule|Endless Battle Clause: Forcing endless battles is banned
|rule|HP Percentage Mod: HP is shown in percentages
|clearpoke
|poke|p1|Medicham, M
|poke|p1|Entei, shiny
|poke|p1|Raikou
|poke|p1|Umbreon, F
|poke|p1|Swampert, F
|poke|p1|Crobat, F
|poke|p2|Raikou
|poke|p2|Suicune
|poke|p2|Entei, shiny
|poke|p2|Jirachi
|poke|p2|Azelf
|poke|p2|Shaymin
|rule|Swagger Clause: Swagger is banned
|rule|Baton Pass Clause: Limit one PokÃ©mon knowing Baton Pass
|teampreview
|
|start
|switch|p1a: Raikou|Raikou|321\/321
|switch|p2a: Azelf|Azelf|354\/354
|-ability|p1a: Raikou|Pressure
|turn|1
|
|move|p2a: Azelf|Knock Off|p1a: Raikou
|-damage|p1a: Raikou|197\/321
|-enditem|p1a: Raikou|Choice Specs|[from] move: Knock Off|[of] p2a: Azelf
|move|p1a: Raikou|Volt Switch|p2a: Azelf
|-damage|p2a: Azelf|212\/354
|
|switch|p1a: Umbreon|Umbreon, F|394\/394
|
|turn|2
|
|switch|p1a: Medicham|Medicham, M|261\/261
|move|p2a: Azelf|Taunt|p1a: Medicham
|-start|p1a: Medicham|move: Taunt
|
|turn|3
|
|detailschange|p1a: Medicham|Medicham-Mega, M
|-mega|p1a: Medicham|Medicham|Medichamite
|move|p1a: Medicham|Fake Out|p2a: Azelf
|-damage|p2a: Azelf|103\/354
|cant|p2a: Azelf|flinch
|
|turn|4
|
|switch|p2a: Jirachi|Jirachi|341\/341
|switch|p1a: Crobat|Crobat, F|373\/373
|
|turn|5
|
|move|p2a: Jirachi|U-turn|p1a: Crobat
|-resisted|p1a: Crobat
|-damage|p1a: Crobat|353\/373
|
|switch|p2a: Suicune|Suicune|404\/404
|-ability|p2a: Suicune|Pressure
|move|p1a: Crobat|U-turn|p2a: Suicune
|-damage|p2a: Suicune|371\/404
|
|switch|p1a: Raikou|Raikou|197\/321
|-ability|p1a: Raikou|Pressure
|
|-heal|p2a: Suicune|396\/404|[from] item: Leftovers
|turn|6
|
|switch|p2a: Raikou|Raikou|321\/321
|-ability|p2a: Raikou|Pressure
|move|p1a: Raikou|Thunderbolt|p2a: Raikou
|-resisted|p2a: Raikou
|-damage|p2a: Raikou|253\/321
|
|turn|7
|
|move|p1a: Raikou|Volt Switch|p2a: Raikou
|-resisted|p2a: Raikou
|-damage|p2a: Raikou|193\/321
|
|switch|p1a: Umbreon|Umbreon, F|394\/394
|move|p2a: Raikou|Extrasensory|p1a: Umbreon
|-immune|p1a: Umbreon|[msg]
|
|turn|8
|
|switch|p2a: Suicune|Suicune|396\/404
|-ability|p2a: Suicune|Pressure
|move|p1a: Umbreon|Wish|p1a: Umbreon
|
|-heal|p2a: Suicune|404\/404|[from] item: Leftovers
|turn|9
|
|switch|p1a: Raikou|Raikou|197\/321
|-ability|p1a: Raikou|Pressure
|move|p2a: Suicune|Calm Mind|p2a: Suicune
|-boost|p2a: Suicune|spa|1
|-boost|p2a: Suicune|spd|1
|
|-heal|p1a: Raikou|321\/321|[from] move: Wish|[wisher] Umbreon
|turn|10
|
|move|p1a: Raikou|Volt Switch|p2a: Suicune
|-supereffective|p2a: Suicune
|-damage|p2a: Suicune|276\/404
|
|switch|p1a: Swampert|Swampert, F|404\/404
|move|p2a: Suicune|Calm Mind|p2a: Suicune
|-boost|p2a: Suicune|spa|1
|-boost|p2a: Suicune|spd|1
|
|-heal|p2a: Suicune|301\/404|[from] item: Leftovers
|turn|11
|
|move|p2a: Suicune|Calm Mind|p2a: Suicune
|-boost|p2a: Suicune|spa|1
|-boost|p2a: Suicune|spd|1
|move|p1a: Swampert|Stealth Rock|p2a: Suicune
|-sidestart|p2: Zebola|move: Stealth Rock
|
|-heal|p2a: Suicune|326\/404|[from] item: Leftovers
|turn|12
|
|move|p2a: Suicune|Scald|p1a: Swampert
|-damage|p1a: Swampert|175\/404
|move|p1a: Swampert|Roar|p2a: Suicune
|drag|p2a: Jirachi|Jirachi|341\/341
|-damage|p2a: Jirachi|320\/341|[from] Stealth Rock
|
|-heal|p1a: Swampert|200\/404|[from] item: Leftovers
|turn|13
|
|move|p2a: Jirachi|Iron Head|p1a: Swampert
|-resisted|p1a: Swampert
|-damage|p1a: Swampert|152\/404
|cant|p1a: Swampert|flinch
|
|-heal|p1a: Swampert|177\/404|[from] item: Leftovers
|turn|14
|
|move|p2a: Jirachi|Iron Head|p1a: Swampert
|-resisted|p1a: Swampert
|-damage|p1a: Swampert|129\/404
|move|p1a: Swampert|Earthquake|p2a: Jirachi
|-supereffective|p2a: Jirachi
|-damage|p2a: Jirachi|74\/341
|
|-heal|p1a: Swampert|154\/404|[from] item: Leftovers
|turn|15
|
|move|p2a: Jirachi|Iron Head|p1a: Swampert
|-resisted|p1a: Swampert
|-damage|p1a: Swampert|108\/404
|move|p1a: Swampert|Earthquake|p2a: Jirachi
|-supereffective|p2a: Jirachi
|-damage|p2a: Jirachi|0 fnt
|faint|p2a: Jirachi
|
|-heal|p1a: Swampert|133\/404|[from] item: Leftovers
|
|switch|p2a: Shaymin|Shaymin|404\/404
|-damage|p2a: Shaymin|354\/404|[from] Stealth Rock
|turn|16
|
|switch|p1a: Umbreon|Umbreon, F|394\/394
|move|p2a: Shaymin|Leech Seed|p1a: Umbreon
|-start|p1a: Umbreon|move: Leech Seed
|
|-heal|p2a: Shaymin|379\/404|[from] item: Leftovers
|-damage|p1a: Umbreon|345\/394|[from] Leech Seed|[of] p2a: Shaymin
|-heal|p2a: Shaymin|404\/404|[silent]
|turn|17
|
|move|p2a: Shaymin|Seed Bomb|p1a: Umbreon
|-damage|p1a: Umbreon|254\/394
|move|p1a: Umbreon|Wish|p1a: Umbreon
|
|-heal|p1a: Umbreon|278\/394|[from] item: Leftovers
|-damage|p1a: Umbreon|229\/394|[from] Leech Seed|[of] p2a: Shaymin
|turn|18
|
|switch|p1a: Crobat|Crobat, F|353\/373
|move|p2a: Shaymin|Seed Bomb|p1a: Crobat
|-resisted|p1a: Crobat
|-damage|p1a: Crobat|325\/373
|
|-heal|p1a: Crobat|373\/373|[from] move: Wish|[wisher] Umbreon
|turn|19
|
|move|p1a: Crobat|Brave Bird|p2a: Shaymin
|-supereffective|p2a: Shaymin
|-damage|p2a: Shaymin|164\/404
|-damage|p1a: Crobat|294\/373|[from] recoil|[of] p2a: Shaymin
|move|p2a: Shaymin|Leech Seed|p1a: Crobat
|-start|p1a: Crobat|move: Leech Seed
|
|-heal|p1a: Crobat|317\/373|[from] item: Black Sludge
|-heal|p2a: Shaymin|189\/404|[from] item: Leftovers
|-damage|p1a: Crobat|271\/373|[from] Leech Seed|[of] p2a: Shaymin
|-heal|p2a: Shaymin|235\/404|[silent]
|turn|20
|
|switch|p2a: Raikou|Raikou|193\/321
|-damage|p2a: Raikou|153\/321|[from] Stealth Rock
|-ability|p2a: Raikou|Pressure
|move|p1a: Crobat|U-turn|p2a: Raikou
|-damage|p2a: Raikou|86\/321
|
|switch|p1a: Umbreon|Umbreon, F|229\/394
|
|-heal|p1a: Umbreon|253\/394|[from] item: Leftovers
|turn|21
|
|move|p2a: Raikou|Thunderbolt|p1a: Umbreon
|-damage|p1a: Umbreon|115\/394
|move|p1a: Umbreon|Wish|p1a: Umbreon
|
|-heal|p1a: Umbreon|139\/394|[from] item: Leftovers
|turn|22
|
|move|p1a: Umbreon|Protect|p1a: Umbreon
|-singleturn|p1a: Umbreon|Protect
|move|p2a: Raikou|Thunderbolt|p1a: Umbreon
|-activate|p1a: Umbreon|Protect
|
|-heal|p1a: Umbreon|336\/394|[from] move: Wish|[wisher] Umbreon
|-heal|p1a: Umbreon|360\/394|[from] item: Leftovers
|turn|23
|
|move|p2a: Raikou|Thunderbolt|p1a: Umbreon
|-damage|p1a: Umbreon|209\/394
|move|p1a: Umbreon|Foul Play|p2a: Raikou
|-damage|p2a: Raikou|0 fnt
|faint|p2a: Raikou
|
|-heal|p1a: Umbreon|233\/394|[from] item: Leftovers
|
|switch|p2a: Azelf|Azelf|103\/354
|-damage|p2a: Azelf|59\/354|[from] Stealth Rock
|turn|24
|
|move|p1a: Umbreon|Protect|p1a: Umbreon
|-singleturn|p1a: Umbreon|Protect
|move|p2a: Azelf|Explosion|p1a: Umbreon
|-activate|p1a: Umbreon|Protect
|faint|p2a: Azelf
|
|-heal|p1a: Umbreon|257\/394|[from] item: Leftovers
|
|switch|p2a: Entei|Entei, shiny|371\/371
|-damage|p2a: Entei|279\/371|[from] Stealth Rock
|-ability|p2a: Entei|Pressure
|turn|25
|
|move|p2a: Entei|Sacred Fire|p1a: Umbreon
|-damage|p1a: Umbreon|0 fnt
|faint|p1a: Umbreon
|
|
|switch|p1a: Swampert|Swampert, F|133\/404
|turn|26
|
|move|p2a: Entei|Sacred Fire|p1a: Swampert
|-resisted|p1a: Swampert
|-damage|p1a: Swampert|23\/404
|-status|p1a: Swampert|brn
|move|p1a: Swampert|Roar|p2a: Entei
|drag|p2a: Shaymin|Shaymin|235\/404
|-damage|p2a: Shaymin|185\/404|[from] Stealth Rock
|
|-heal|p2a: Shaymin|210\/404|[from] item: Leftovers
|-heal|p1a: Swampert|48\/404 brn|[from] item: Leftovers
|-damage|p1a: Swampert|0 fnt|[from] brn
|faint|p1a: Swampert
|
|switch|p1a: Crobat|Crobat, F|271\/373
|turn|27
|
|switch|p2a: Suicune|Suicune|326\/404
|-damage|p2a: Suicune|276\/404|[from] Stealth Rock
|-ability|p2a: Suicune|Pressure
|move|p1a: Crobat|Brave Bird|p2a: Suicune
|-damage|p2a: Suicune|185\/404
|-damage|p1a: Crobat|241\/373|[from] recoil|[of] p2a: Suicune
|
|-heal|p1a: Crobat|264\/373|[from] item: Black Sludge
|-heal|p2a: Suicune|210\/404|[from] item: Leftovers
|turn|28
|
|move|p1a: Crobat|U-turn|p2a: Suicune
|-damage|p2a: Suicune|177\/404
|
|switch|p1a: Raikou|Raikou|321\/321
|-ability|p1a: Raikou|Pressure
|move|p2a: Suicune|Scald|p1a: Raikou
|-damage|p1a: Raikou|233\/321
|
|-heal|p2a: Suicune|202\/404|[from] item: Leftovers
|turn|29
|
|switch|p2a: Shaymin|Shaymin|210\/404
|-damage|p2a: Shaymin|160\/404|[from] Stealth Rock
|move|p1a: Raikou|Thunderbolt|p2a: Shaymin
|-resisted|p2a: Shaymin
|-damage|p2a: Shaymin|104\/404
|
|-heal|p2a: Shaymin|129\/404|[from] item: Leftovers
|turn|30
|
|move|p1a: Raikou|Hidden Power|p2a: Shaymin
|-supereffective|p2a: Shaymin
|-damage|p2a: Shaymin|37\/404
|move|p2a: Shaymin|Leech Seed|p1a: Raikou
|-start|p1a: Raikou|move: Leech Seed
|
|-heal|p2a: Shaymin|62\/404|[from] item: Leftovers
|-damage|p1a: Raikou|193\/321|[from] Leech Seed|[of] p2a: Shaymin
|-heal|p2a: Shaymin|102\/404|[silent]
|turn|31
|
|switch|p1a: Crobat|Crobat, F|264\/373
|move|p2a: Shaymin|Seed Bomb|p1a: Crobat
|-resisted|p1a: Crobat
|-damage|p1a: Crobat|237\/373
|
|-heal|p1a: Crobat|260\/373|[from] item: Black Sludge
|-heal|p2a: Shaymin|127\/404|[from] item: Leftovers
|turn|32
|
|switch|p2a: Suicune|Suicune|202\/404
|-damage|p2a: Suicune|152\/404|[from] Stealth Rock
|-ability|p2a: Suicune|Pressure
|move|p1a: Crobat|Brave Bird|p2a: Suicune
|-damage|p2a: Suicune|64\/404
|-damage|p1a: Crobat|231\/373|[from] recoil|[of] p2a: Suicune
|
|-heal|p1a: Crobat|254\/373|[from] item: Black Sludge
|-heal|p2a: Suicune|89\/404|[from] item: Leftovers
|turn|33
|
|move|p1a: Crobat|Brave Bird|p2a: Suicune
|-damage|p2a: Suicune|10\/404
|-damage|p1a: Crobat|228\/373|[from] recoil|[of] p2a: Suicune
|move|p2a: Suicune|Rest|p2a: Suicune
|-status|p2a: Suicune|slp
|-heal|p2a: Suicune|404\/404 slp|[silent]
|-status|p2a: Suicune|slp|[from] move: Rest
|
|-heal|p1a: Crobat|251\/373|[from] item: Black Sludge
|turn|34
|
|switch|p1a: Medicham|Medicham-Mega, M|261\/261
|cant|p2a: Suicune|slp
|move|p2a: Suicune|Sleep Talk|p2a: Suicune
|move|p2a: Suicune|Rest|p2a: Suicune|[from]Sleep Talk
|-fail|p2a: Suicune
|
|turn|35
|
|move|p1a: Medicham|Fake Out|p2a: Suicune
|-damage|p2a: Suicune|353\/404 slp
|cant|p2a: Suicune|slp
|cant|p2a: Suicune|flinch
|
|-heal|p2a: Suicune|378\/404 slp|[from] item: Leftovers
|turn|36
|
|move|p1a: Medicham|High Jump Kick|p2a: Suicune
|-crit|p2a: Suicune
|-damage|p2a: Suicune|0 fnt
|faint|p2a: Suicune
|
|
|switch|p2a: Entei|Entei, shiny|279\/371
|-damage|p2a: Entei|187\/371|[from] Stealth Rock
|-ability|p2a: Entei|Pressure
|turn|37
|
|move|p1a: Medicham|High Jump Kick|p2a: Entei
|-damage|p2a: Entei|0 fnt
|faint|p2a: Entei
|
|-message|Zebola forfeited.
|
|win|therainbaron2
|raw|Ladder updating...
|leave|Zebola
|player|p2
|raw|therainbaron2's rating: 1467 &rarr; <strong>1481<\/strong><br \/>(+14 for winning)
|raw|Zebola's rating: 1372 &rarr; <strong>1357<\/strong><br \/>(-15 for losing)