|join|The Last Hero
|join|therainbaron2
|player|p1|The Last Hero|54
|player|p2|therainbaron2|161
|gametype|singles
|gen|6
|tier|UU
|rated
|rule|Sleep Clause Mod: Limit one foe put to sleep
|rule|Species Clause: Limit one of each PokÃ©mon
|rule|OHKO Clause: OHKO moves are banned
|rule|Moody Clause: Moody is banned
|rule|Evasion Moves Clause: Evasion moves are banned
|rule|Endless Battle Clause: Forcing endless battles is banned
|rule|HP Percentage Mod: HP is shown in percentages
|clearpoke
|poke|p1|Sharpedo, M
|poke|p1|Entei, shiny
|poke|p1|Nidoqueen, F
|poke|p1|Rotom-Mow
|poke|p1|Snorlax, M
|poke|p1|Slurpuff, M
|poke|p2|Medicham, F
|poke|p2|Entei, shiny
|poke|p2|Raikou
|poke|p2|Umbreon, F
|poke|p2|Swampert, M
|poke|p2|Crobat, F
|rule|Swagger Clause: Swagger is banned
|rule|Baton Pass Clause: Limit one PokÃ©mon knowing Baton Pass
|teampreview
|
|start
|switch|p1a: Sharky|Sharpedo, M|281\/281
|switch|p2a: Swampert|Swampert, M|404\/404
|turn|1
|
|detailschange|p1a: Sharky|Sharpedo-Mega, M
|-mega|p1a: Sharky|Sharpedo|Sharpedonite
|move|p1a: Sharky|Crunch|p2a: Swampert
|-damage|p2a: Swampert|227\/404
|move|p2a: Swampert|Stealth Rock|p1a: Sharky
|-sidestart|p1: The Last Hero|move: Stealth Rock
|
|-heal|p2a: Swampert|252\/404|[from] item: Leftovers
|turn|2
|
|move|p1a: Sharky|Waterfall|p2a: Swampert
|-damage|p2a: Swampert|137\/404
|move|p2a: Swampert|Scald|p1a: Sharky
|-resisted|p1a: Sharky
|-damage|p1a: Sharky|221\/281
|
|-heal|p2a: Swampert|162\/404|[from] item: Leftovers
|turn|3
|
|move|p1a: Sharky|Crunch|p2a: Swampert
|-damage|p2a: Swampert|0 fnt
|faint|p2a: Swampert
|
|
|switch|p2a: Raikou|Raikou|321\/321
|-ability|p2a: Raikou|Pressure
|turn|4
|
|switch|p1a: Poison Queen|Nidoqueen, F|351\/351
|-damage|p1a: Poison Queen|330\/351|[from] Stealth Rock
|move|p2a: Raikou|Extrasensory|p1a: Poison Queen
|-supereffective|p1a: Poison Queen
|-damage|p1a: Poison Queen|40\/351
|
|turn|5
|
|switch|p2a: Umbreon|Umbreon, F|394\/394
|switch|p1a: Fat|Snorlax, M|461\/461
|-damage|p1a: Fat|404\/461|[from] Stealth Rock
|
|turn|6
|
|move|p2a: Umbreon|Foul Play|p1a: Fat
|-damage|p1a: Fat|244\/461
|move|p1a: Fat|Body Slam|p2a: Umbreon
|-damage|p2a: Umbreon|247\/394
|-status|p2a: Umbreon|par
|-status|p1a: Fat|par
|
|-heal|p2a: Umbreon|271\/394 par|[from] item: Leftovers
|turn|7
|
|move|p2a: Umbreon|Heal Bell|p2a: Umbreon
|-cureteam|p2a: Umbreon|[from] move: HealBell
|move|p1a: Fat|Self-Destruct|p2a: Umbreon
|-damage|p2a: Umbreon|0 fnt
|faint|p1a: Fat
|faint|p2a: Umbreon
|
|
|switch|p2a: Raikou|Raikou|321\/321
|switch|p1a: Cortacabezas|Rotom-Mow|241\/241
|-damage|p1a: Cortacabezas|211\/241|[from] Stealth Rock
|-ability|p2a: Raikou|Pressure
|turn|8
|
|move|p1a: Cortacabezas|Volt Switch|p2a: Raikou
|-resisted|p2a: Raikou
|-damage|p2a: Raikou|265\/321
|
|switch|p1a: Poison Queen|Nidoqueen, F|40\/351
|-damage|p1a: Poison Queen|19\/351|[from] Stealth Rock
|move|p2a: Raikou|Hidden Power|p1a: Poison Queen
|-supereffective|p1a: Poison Queen
|-damage|p1a: Poison Queen|0 fnt
|faint|p1a: Poison Queen
|
|
|switch|p1a: Entei|Entei, shiny|371\/371
|-damage|p1a: Entei|279\/371|[from] Stealth Rock
|-ability|p1a: Entei|Pressure
|turn|9
|
|switch|p2a: Crobat|Crobat, F|373\/373
|move|p1a: Entei|Extreme Speed|p2a: Crobat
|-damage|p2a: Crobat|215\/373
|
|-heal|p2a: Crobat|238\/373|[from] item: Black Sludge
|turn|10
|
|move|p1a: Entei|Extreme Speed|p2a: Crobat
|-damage|p2a: Crobat|91\/373
|move|p2a: Crobat|Brave Bird|p1a: Entei
|-damage|p1a: Entei|137\/371
|-damage|p2a: Crobat|44\/373|[from] recoil|[of] p1a: Entei
|
|-heal|p2a: Crobat|67\/373|[from] item: Black Sludge
|turn|11
|
|move|p1a: Entei|Extreme Speed|p2a: Crobat
|-damage|p2a: Crobat|0 fnt
|faint|p2a: Crobat
|
|
|switch|p2a: Medicham|Medicham, F|261\/261
|turn|12
|
|detailschange|p2a: Medicham|Medicham-Mega, F
|-mega|p2a: Medicham|Medicham|Medichamite
|move|p2a: Medicham|Fake Out|p1a: Entei
|-crit|p1a: Entei
|-damage|p1a: Entei|0 fnt
|faint|p1a: Entei
|
|
|switch|p1a: Sharky|Sharpedo-Mega, M|221\/281
|-damage|p1a: Sharky|186\/281|[from] Stealth Rock
|turn|13
|
|switch|p2a: Entei|Entei, shiny|371\/371
|-ability|p2a: Entei|Pressure
|move|p1a: Sharky|Crunch|p2a: Entei
|-damage|p2a: Entei|103\/371
|
|turn|14
|
|move|p2a: Entei|Extreme Speed|p1a: Sharky
|-damage|p1a: Sharky|0 fnt
|faint|p1a: Sharky
|
|
|switch|p1a: Cortacabezas|Rotom-Mow|211\/241
|-damage|p1a: Cortacabezas|181\/241|[from] Stealth Rock
|turn|15
|
|move|p2a: Entei|Extreme Speed|p1a: Cortacabezas
|-damage|p1a: Cortacabezas|55\/241
|move|p1a: Cortacabezas|Volt Switch|p2a: Entei
|-damage|p2a: Entei|0 fnt
|faint|p2a: Entei
|
|switch|p1a: Azucar|Slurpuff, M|316\/316
|-damage|p1a: Azucar|277\/316|[from] Stealth Rock
|
|
|switch|p2a: Medicham|Medicham-Mega, F|261\/261
|turn|16
|
|move|p2a: Medicham|Fake Out|p1a: Azucar
|-damage|p1a: Azucar|194\/316
|cant|p1a: Azucar|flinch
|
|turn|17
|
|move|p2a: Medicham|Zen Headbutt|p1a: Azucar
|-damage|p1a: Azucar|0 fnt
|faint|p1a: Azucar
|
|
|switch|p1a: Cortacabezas|Rotom-Mow|55\/241
|-damage|p1a: Cortacabezas|25\/241|[from] Stealth Rock
|turn|18
|
|move|p2a: Medicham|Bullet Punch|p1a: Cortacabezas
|-resisted|p1a: Cortacabezas
|-damage|p1a: Cortacabezas|0 fnt
|faint|p1a: Cortacabezas
|
|win|therainbaron2
|raw|Ladder updating...
|raw|The Last Hero's rating: 1346 &rarr; <strong>1329<\/strong><br \/>(-17 for losing)
|raw|therainbaron2's rating: 1390 &rarr; <strong>1407<\/strong><br \/>(+17 for winning)
|leave|The Last Hero
|player|p1