|join|Mikey C
|join|Lucifer's Heritage
|player|p1|Mikey C|101
|player|p2|Lucifer's Heritage|269
|gametype|singles
|gen|6
|tier|UU
|rated
|rule|Sleep Clause Mod: Limit one foe put to sleep
|rule|Species Clause: Limit one of each PokÃ©mon
|rule|OHKO Clause: OHKO moves are banned
|rule|Moody Clause: Moody is banned
|rule|Evasion Moves Clause: Evasion moves are banned
|rule|Endless Battle Clause: Forcing endless battles is banned
|rule|HP Percentage Mod: HP is shown in percentages
|clearpoke
|poke|p1|Crobat, F, shiny
|poke|p1|Darmanitan, F
|poke|p1|Jirachi
|poke|p1|Krookodile, F
|poke|p1|Serperior, F
|poke|p1|Blastoise, F, shiny
|poke|p2|Lucario, M
|poke|p2|Chesnaught, M
|poke|p2|Blissey, F
|poke|p2|Donphan, M
|poke|p2|Jirachi
|poke|p2|Houndoom, M, shiny
|rule|Swagger Clause: Swagger is banned
|rule|Baton Pass Clause: Limit one PokÃ©mon knowing Baton Pass
|teampreview
|join|Dad's Dad
|
|start
|switch|p1a: Krookodile|Krookodile, F|394\/394
|switch|p2a: Mo's Embodyment|Jirachi|341\/341
|-ability|p1a: Krookodile|Intimidate|[of] p2a: Mo's Embodyment
|-unboost|p2a: Mo's Embodyment|atk|1
|turn|1
|
|move|p2a: Mo's Embodyment|U-turn|p1a: Krookodile
|-supereffective|p1a: Krookodile
|-damage|p1a: Krookodile|320\/394
|
|switch|p2a: Keep Rollin|Donphan, M|384\/384
|move|p1a: Krookodile|Knock Off|p2a: Keep Rollin
|-damage|p2a: Keep Rollin|299\/384
|-enditem|p2a: Keep Rollin|Leftovers|[from] move: Knock Off|[of] p1a: Krookodile
|
|-heal|p1a: Krookodile|344\/394|[from] item: Leftovers
|turn|2
|
|move|p1a: Krookodile|Toxic|p2a: Keep Rollin
|-status|p2a: Keep Rollin|tox
|move|p2a: Keep Rollin|Knock Off|p1a: Krookodile
|-resisted|p1a: Krookodile
|-damage|p1a: Krookodile|309\/394
|-enditem|p1a: Krookodile|Leftovers|[from] move: Knock Off|[of] p2a: Keep Rollin
|
|-damage|p2a: Keep Rollin|275\/384 tox|[from] psn
|turn|3
|
|move|p1a: Krookodile|Stealth Rock|p2a: Keep Rollin
|-sidestart|p2: Lucifer's Heritage|move: Stealth Rock
|move|p2a: Keep Rollin|Stealth Rock|p1a: Krookodile
|-sidestart|p1: Mikey C|move: Stealth Rock
|
|-damage|p2a: Keep Rollin|227\/384 tox|[from] psn
|turn|4
|
|move|p1a: Krookodile|Earthquake|p2a: Keep Rollin
|-damage|p2a: Keep Rollin|137\/384 tox
|move|p2a: Keep Rollin|Rapid Spin|p1a: Krookodile
|-damage|p1a: Krookodile|294\/394
|-sideend|p2: Lucifer's Heritage|Stealth Rock|[from] move: Rapid Spin|[of] p2a: Keep Rollin
|
|-damage|p2a: Keep Rollin|65\/384 tox|[from] psn
|turn|5
|
|switch|p1a: Blastoise|Blastoise, F, shiny|362\/362
|-damage|p1a: Blastoise|317\/362|[from] Stealth Rock
|move|p2a: Keep Rollin|Rapid Spin|p1a: Blastoise
|-damage|p1a: Blastoise|297\/362
|
|-damage|p2a: Keep Rollin|0 fnt|[from] psn
|faint|p2a: Keep Rollin
|
|switch|p2a: Anubis|Lucario, M|281\/281
|turn|6
|
|detailschange|p1a: Blastoise|Blastoise-Mega, F, shiny
|-mega|p1a: Blastoise|Blastoise|Blastoisinite
|move|p2a: Anubis|Swords Dance|p2a: Anubis
|-boost|p2a: Anubis|atk|2
|move|p1a: Blastoise|Aura Sphere|p2a: Anubis
|-supereffective|p2a: Anubis
|-enditem|p2a: Anubis|Focus Sash
|-damage|p2a: Anubis|1\/281
|
|turn|7
|
|move|p2a: Anubis|Close Combat|p1a: Blastoise
|-damage|p1a: Blastoise|0 fnt
|-unboost|p2a: Anubis|def|1
|-unboost|p2a: Anubis|spd|1
|faint|p1a: Blastoise
|
|
|switch|p1a: Crobat|Crobat, F, shiny|312\/312
|-damage|p1a: Crobat|234\/312|[from] Stealth Rock
|turn|8
|
|move|p2a: Anubis|Extreme Speed|p1a: Crobat
|-damage|p1a: Crobat|34\/312
|move|p1a: Crobat|Brave Bird|p2a: Anubis
|-damage|p2a: Anubis|0 fnt
|-damage|p1a: Crobat|33\/312|[from] recoil|[of] p2a: Anubis
|faint|p2a: Anubis
|
|-heal|p1a: Crobat|52\/312|[from] item: Black Sludge
|
|switch|p2a: Mo's Embodyment|Jirachi|341\/341
|turn|9
|
|move|p2a: Mo's Embodyment|Iron Head|p1a: Crobat
|-damage|p1a: Crobat|0 fnt
|faint|p1a: Crobat
|
|
|switch|p1a: Jirachi|Jirachi|342\/342
|-damage|p1a: Jirachi|321\/342|[from] Stealth Rock
|turn|10
|
|switch|p2a: Thorns & Roses|Chesnaught, M|380\/380
|move|p1a: Jirachi|Body Slam|p2a: Thorns & Roses
|-damage|p2a: Thorns & Roses|328\/380
|-damage|p1a: Jirachi|264\/342|[from] item: Rocky Helmet|[of] p2a: Thorns & Roses
|-status|p2a: Thorns & Roses|par
|
|turn|11
|
|switch|p1a: Serperior|Serperior, F|290\/290
|-damage|p1a: Serperior|254\/290|[from] Stealth Rock
|move|p2a: Thorns & Roses|Leech Seed|p1a: Serperior
|-immune|p1a: Serperior|[msg]
|
|-heal|p1a: Serperior|272\/290|[from] item: Leftovers
|turn|12
|
|switch|p2a: Evil Nurse|Blissey, F|652\/652
|move|p1a: Serperior|Leaf Storm|p2a: Evil Nurse
|-damage|p2a: Evil Nurse|564\/652
|-boost|p1a: Serperior|spa|2
|
|-heal|p1a: Serperior|290\/290|[from] item: Leftovers
|-heal|p2a: Evil Nurse|604\/652|[from] item: Leftovers
|turn|13
|
|move|p1a: Serperior|Leech Seed|p2a: Evil Nurse|[miss]
|-miss|p1a: Serperior|p2a: Evil Nurse
|move|p2a: Evil Nurse|Thunder Wave|p1a: Serperior
|-status|p1a: Serperior|par
|
|-heal|p2a: Evil Nurse|644\/652|[from] item: Leftovers
|turn|14
|
|switch|p2a: Scooby Doom|Houndoom, M, shiny|291\/291
|cant|p1a: Serperior|par
|
|turn|15
|
|detailschange|p2a: Scooby Doom|Houndoom-Mega, M, shiny
|-mega|p2a: Scooby Doom|Houndoom|Houndoominite
|move|p2a: Scooby Doom|Flamethrower|p1a: Serperior
|-supereffective|p1a: Serperior
|-damage|p1a: Serperior|0 fnt
|faint|p1a: Serperior
|
|
|switch|p1a: Krookodile|Krookodile, F|294\/394
|-damage|p1a: Krookodile|270\/394|[from] Stealth Rock
|-ability|p1a: Krookodile|Intimidate|[of] p2a: Scooby Doom
|-unboost|p2a: Scooby Doom|atk|1
|turn|16
|
|switch|p2a: Mo's Embodyment|Jirachi|341\/341
|move|p1a: Krookodile|Earthquake|p2a: Mo's Embodyment
|-crit|p2a: Mo's Embodyment
|-supereffective|p2a: Mo's Embodyment
|-damage|p2a: Mo's Embodyment|0 fnt
|faint|p2a: Mo's Embodyment
|
|
|switch|p2a: Thorns & Roses|Chesnaught, M|328\/380 par
|turn|17
|
|move|p1a: Krookodile|Knock Off|p2a: Thorns & Roses
|-resisted|p2a: Thorns & Roses
|-damage|p2a: Thorns & Roses|285\/380 par
|-damage|p1a: Krookodile|205\/394|[from] item: Rocky Helmet|[of] p2a: Thorns & Roses
|-enditem|p2a: Thorns & Roses|Rocky Helmet|[from] move: Knock Off|[of] p1a: Krookodile
|move|p2a: Thorns & Roses|Seed Bomb|p1a: Krookodile
|-supereffective|p1a: Krookodile
|-damage|p1a: Krookodile|37\/394
|
|turn|18
|
|switch|p1a: Darmanitan|Darmanitan, F|352\/352
|-damage|p1a: Darmanitan|264\/352|[from] Stealth Rock
|move|p2a: Thorns & Roses|Seed Bomb|p1a: Darmanitan
|-resisted|p1a: Darmanitan
|-damage|p1a: Darmanitan|186\/352
|
|turn|19
|
|switch|p2a: Evil Nurse|Blissey, F|644\/652
|move|p1a: Darmanitan|Rock Slide|p2a: Evil Nurse
|-damage|p2a: Evil Nurse|364\/652
|
|-heal|p2a: Evil Nurse|404\/652|[from] item: Leftovers
|turn|20
|
|switch|p1a: Krookodile|Krookodile, F|37\/394
|-damage|p1a: Krookodile|13\/394|[from] Stealth Rock
|-ability|p1a: Krookodile|Intimidate|[of] p2a: Evil Nurse
|-unboost|p2a: Evil Nurse|atk|1
|move|p2a: Evil Nurse|Seismic Toss|p1a: Krookodile
|-damage|p1a: Krookodile|0 fnt
|faint|p1a: Krookodile
|
|-heal|p2a: Evil Nurse|444\/652|[from] item: Leftovers
|
|switch|p1a: Jirachi|Jirachi|264\/342
|-damage|p1a: Jirachi|243\/342|[from] Stealth Rock
|turn|21
|
|switch|p2a: Thorns & Roses|Chesnaught, M|285\/380 par
|move|p1a: Jirachi|Iron Head|p2a: Thorns & Roses
|-damage|p2a: Thorns & Roses|209\/380 par
|
|turn|22
|
|cant|p2a: Thorns & Roses|par
|move|p1a: Jirachi|Iron Head|p2a: Thorns & Roses
|-damage|p2a: Thorns & Roses|130\/380 par
|
|turn|23
|
|move|p2a: Thorns & Roses|Spiky Shield|p2a: Thorns & Roses
|-singleturn|p2a: Thorns & Roses|move: Protect
|move|p1a: Jirachi|Iron Head|p2a: Thorns & Roses
|-activate|p2a: Thorns & Roses|move: Protect
|-damage|p1a: Jirachi|201\/342|[from] Spiky Shield|[of] p2a: Thorns & Roses
|
|turn|24
|
|move|p1a: Jirachi|Iron Head|p2a: Thorns & Roses
|-damage|p2a: Thorns & Roses|58\/380 par
|cant|p2a: Thorns & Roses|flinch
|
|turn|25
|
|switch|p2a: Scooby Doom|Houndoom-Mega, M, shiny|291\/291
|move|p1a: Jirachi|Iron Head|p2a: Scooby Doom
|-resisted|p2a: Scooby Doom
|-damage|p2a: Scooby Doom|225\/291
|
|turn|26
|
|move|p1a: Jirachi|Iron Head|p2a: Scooby Doom
|-resisted|p2a: Scooby Doom
|-damage|p2a: Scooby Doom|165\/291
|move|p2a: Scooby Doom|Dark Pulse|p1a: Jirachi
|-supereffective|p1a: Jirachi
|-damage|p1a: Jirachi|0 fnt
|faint|p1a: Jirachi
|
|
|switch|p1a: Darmanitan|Darmanitan, F|186\/352
|-damage|p1a: Darmanitan|98\/352|[from] Stealth Rock
|turn|27
|
|switch|p2a: Thorns & Roses|Chesnaught, M|58\/380 par
|move|p1a: Darmanitan|Rock Slide|p2a: Thorns & Roses
|-resisted|p2a: Thorns & Roses
|-damage|p2a: Thorns & Roses|18\/380 par
|
|turn|28
|
|move|p1a: Darmanitan|Rock Slide|p2a: Thorns & Roses
|-resisted|p2a: Thorns & Roses
|-damage|p2a: Thorns & Roses|0 fnt
|faint|p2a: Thorns & Roses
|
|
|switch|p2a: Evil Nurse|Blissey, F|444\/652
|turn|29
|
|move|p1a: Darmanitan|Rock Slide|p2a: Evil Nurse
|-damage|p2a: Evil Nurse|161\/652
|move|p2a: Evil Nurse|Thunder Wave|p1a: Darmanitan
|-status|p1a: Darmanitan|par
|
|-heal|p2a: Evil Nurse|201\/652|[from] item: Leftovers
|turn|30
|c|âLucifer's Heritage|gg
|c|âMikey C|gg
|
|move|p2a: Evil Nurse|Seismic Toss|p1a: Darmanitan
|-damage|p1a: Darmanitan|0 fnt
|faint|p1a: Darmanitan
|
|win|Lucifer's Heritage
|raw|Ladder updating...
|leave|Mikey C
|raw|Mikey C's rating: 1368 &rarr; <strong>1346<\/strong><br \/>(-22 for losing)
|raw|Lucifer&apos;s Heritage's rating: 1327 &rarr; <strong>1350<\/strong><br \/>(+23 for winning)
|player|p1