|join|Lucifer's Heritage
|join|SamK443
|player|p1|Lucifer's Heritage|269
|player|p2|SamK443|153
|gametype|singles
|gen|6
|tier|UU
|rated
|rule|Sleep Clause Mod: Limit one foe put to sleep
|rule|Species Clause: Limit one of each PokÃ©mon
|rule|OHKO Clause: OHKO moves are banned
|rule|Moody Clause: Moody is banned
|rule|Evasion Moves Clause: Evasion moves are banned
|rule|Endless Battle Clause: Forcing endless battles is banned
|rule|HP Percentage Mod: HP is shown in percentages
|clearpoke
|poke|p1|Lucario, M
|poke|p1|Chesnaught, M
|poke|p1|Blissey, F
|poke|p1|Donphan, M
|poke|p1|Jirachi
|poke|p1|Houndoom, M, shiny
|poke|p2|Scrafty, M
|poke|p2|Nidoking, M, shiny
|poke|p2|Starmie
|poke|p2|Entei, shiny
|poke|p2|Azelf, shiny
|poke|p2|Blastoise, M
|rule|Swagger Clause: Swagger is banned
|rule|Baton Pass Clause: Limit one PokÃ©mon knowing Baton Pass
|teampreview
|
|start
|switch|p1a: Keep Rollin|Donphan, M|384\/384
|switch|p2a: Azelf|Azelf, shiny|291\/291
|turn|1
|
|move|p2a: Azelf|Taunt|p1a: Keep Rollin
|-start|p1a: Keep Rollin|move: Taunt
|move|p1a: Keep Rollin|Knock Off|p2a: Azelf
|-supereffective|p2a: Azelf
|-damage|p2a: Azelf|39\/291
|-enditem|p2a: Azelf|Focus Sash|[from] move: Knock Off|[of] p1a: Keep Rollin
|
|turn|2
|
|move|p2a: Azelf|Explosion|p1a: Keep Rollin
|-damage|p1a: Keep Rollin|197\/384
|faint|p2a: Azelf
|move|p1a: Keep Rollin|Rapid Spin|p2: Azelf|[notarget]
|-notarget
|
|-heal|p1a: Keep Rollin|221\/384|[from] item: Leftovers
|
|switch|p2a: Blastoise|Blastoise, M|361\/361
|turn|3
|
|switch|p1a: Evil Nurse|Blissey, F|652\/652
|detailschange|p2a: Blastoise|Blastoise-Mega, M
|-mega|p2a: Blastoise|Blastoise|Blastoisinite
|move|p2a: Blastoise|Ice Beam|p1a: Evil Nurse
|-damage|p1a: Evil Nurse|587\/652
|
|-heal|p1a: Evil Nurse|627\/652|[from] item: Leftovers
|turn|4
|
|switch|p2a: Nidoking|Nidoking, M, shiny|303\/303
|switch|p1a: Anubis|Lucario, M|281\/281
|
|turn|5
|
|move|p1a: Anubis|Earthquake|p2a: Nidoking
|-supereffective|p2a: Nidoking
|-damage|p2a: Nidoking|29\/303
|move|p2a: Nidoking|Flamethrower|p1a: Anubis
|-supereffective|p1a: Anubis
|-enditem|p1a: Anubis|Focus Sash
|-damage|p1a: Anubis|1\/281
|
|turn|6
|
|move|p1a: Anubis|Extreme Speed|p2a: Nidoking
|-damage|p2a: Nidoking|0 fnt
|faint|p2a: Nidoking
|
|
|switch|p2a: Entei|Entei, shiny|371\/371
|-ability|p2a: Entei|Pressure
|turn|7
|
|switch|p1a: Thorns & Roses|Chesnaught, M|380\/380
|move|p2a: Entei|Extreme Speed|p1a: Thorns & Roses
|-damage|p1a: Thorns & Roses|324\/380
|-damage|p2a: Entei|310\/371|[from] item: Rocky Helmet|[of] p1a: Thorns & Roses
|
|turn|8
|
|switch|p2a: Scrafty|Scrafty, M|271\/271
|move|p1a: Thorns & Roses|Spiky Shield|p1a: Thorns & Roses
|-fail|p1a: Thorns & Roses
|
|turn|9
|
|switch|p1a: Mo's Embodyment|Jirachi|341\/341
|move|p2a: Scrafty|Dragon Dance|p2a: Scrafty
|-boost|p2a: Scrafty|atk|1
|-boost|p2a: Scrafty|spe|1
|
|turn|10
|
|move|p1a: Mo's Embodyment|Trick|p2a: Scrafty
|-activate|p1a: Mo's Embodyment|move: Trick|[of] p2a: Scrafty
|-item|p2a: Scrafty|Choice Scarf|[from] move: Trick
|-item|p1a: Mo's Embodyment|Life Orb|[from] move: Trick
|move|p2a: Scrafty|Knock Off|p1a: Mo's Embodyment
|-supereffective|p1a: Mo's Embodyment
|-damage|p1a: Mo's Embodyment|0 fnt
|-enditem|p1a: Mo's Embodyment|Life Orb|[from] move: Knock Off|[of] p2a: Scrafty
|faint|p1a: Mo's Embodyment
|-boost|p2a: Scrafty|atk|1|[from] ability: Moxie
|
|c|âSamK443|mo's embodyment! what a name!
|
|switch|p1a: Thorns & Roses|Chesnaught, M|324\/380
|turn|11
|c|âLucifer's Heritage|i mean...it is the hax mascot
|c|âSamK443|yep
|
|move|p2a: Scrafty|Knock Off|p1a: Thorns & Roses
|-resisted|p1a: Thorns & Roses
|-damage|p1a: Thorns & Roses|237\/380
|-damage|p2a: Scrafty|226\/271|[from] item: Rocky Helmet|[of] p1a: Thorns & Roses
|-enditem|p1a: Thorns & Roses|Rocky Helmet|[from] move: Knock Off|[of] p2a: Scrafty
|move|p1a: Thorns & Roses|Leech Seed|p2a: Scrafty|[miss]
|-miss|p1a: Thorns & Roses|p2a: Scrafty
|
|turn|12
|
|move|p2a: Scrafty|Knock Off|p1a: Thorns & Roses
|-resisted|p1a: Thorns & Roses
|-damage|p1a: Thorns & Roses|174\/380
|move|p1a: Thorns & Roses|Toxic|p2a: Scrafty
|-status|p2a: Scrafty|tox
|
|-damage|p2a: Scrafty|210\/271 tox|[from] psn
|turn|13
|
|move|p2a: Scrafty|Knock Off|p1a: Thorns & Roses
|-resisted|p1a: Thorns & Roses
|-damage|p1a: Thorns & Roses|110\/380
|move|p1a: Thorns & Roses|Leech Seed|p2a: Scrafty
|-start|p2a: Scrafty|move: Leech Seed
|
|-damage|p2a: Scrafty|177\/271 tox|[from] Leech Seed|[of] p1a: Thorns & Roses
|-heal|p1a: Thorns & Roses|143\/380|[silent]
|-damage|p2a: Scrafty|145\/271 tox|[from] psn
|turn|14
|
|switch|p2a: Entei|Entei, shiny|310\/371
|-ability|p2a: Entei|Pressure
|move|p1a: Thorns & Roses|Spiky Shield|p1a: Thorns & Roses
|-fail|p1a: Thorns & Roses
|
|turn|15
|
|move|p1a: Thorns & Roses|Spiky Shield|p1a: Thorns & Roses
|-singleturn|p1a: Thorns & Roses|move: Protect
|move|p2a: Entei|Sacred Fire|p1a: Thorns & Roses
|-activate|p1a: Thorns & Roses|move: Protect
|
|turn|16
|
|switch|p1a: Scooby Doom|Houndoom, M, shiny|291\/291
|move|p2a: Entei|Sacred Fire|p1a: Scooby Doom
|-start|p1a: Scooby Doom|ability: Flash Fire
|
|turn|17
|
|switch|p2a: Blastoise|Blastoise-Mega, M|361\/361
|detailschange|p1a: Scooby Doom|Houndoom-Mega, M, shiny
|-mega|p1a: Scooby Doom|Houndoom|Houndoominite
|move|p1a: Scooby Doom|Flamethrower|p2a: Blastoise
|-resisted|p2a: Blastoise
|-damage|p2a: Blastoise|247\/361
|
|turn|18
|
|switch|p1a: Evil Nurse|Blissey, F|627\/652
|move|p2a: Blastoise|Water Pulse|p1a: Evil Nurse
|-damage|p1a: Evil Nurse|522\/652
|
|-heal|p1a: Evil Nurse|562\/652|[from] item: Leftovers
|turn|19
|
|switch|p2a: Scrafty|Scrafty, M|145\/271 tox
|switch|p1a: Anubis|Lucario, M|1\/281
|
|-damage|p2a: Scrafty|129\/271 tox|[from] psn
|turn|20
|
|move|p2a: Scrafty|Drain Punch|p1a: Anubis
|-supereffective|p1a: Anubis
|-damage|p1a: Anubis|0 fnt
|-heal|p2a: Scrafty|130\/271 tox|[from] drain|[of] p1a: Anubis
|faint|p1a: Anubis
|-boost|p2a: Scrafty|atk|1|[from] ability: Moxie
|
|-damage|p2a: Scrafty|98\/271 tox|[from] psn
|
|switch|p1a: Keep Rollin|Donphan, M|221\/384
|turn|21
|
|move|p2a: Scrafty|Drain Punch|p1a: Keep Rollin
|-damage|p1a: Keep Rollin|112\/384
|-heal|p2a: Scrafty|153\/271 tox|[from] drain|[of] p1a: Keep Rollin
|move|p1a: Keep Rollin|Stealth Rock|p2a: Scrafty
|-sidestart|p2: SamK443|move: Stealth Rock
|
|-heal|p1a: Keep Rollin|136\/384|[from] item: Leftovers
|-damage|p2a: Scrafty|105\/271 tox|[from] psn
|turn|22
|
|move|p1a: Keep Rollin|Ice Shard|p2a: Scrafty
|-damage|p2a: Scrafty|73\/271 tox
|move|p2a: Scrafty|Drain Punch|p1a: Keep Rollin
|-damage|p1a: Keep Rollin|27\/384
|-heal|p2a: Scrafty|128\/271 tox|[from] drain|[of] p1a: Keep Rollin
|
|-heal|p1a: Keep Rollin|51\/384|[from] item: Leftovers
|-damage|p2a: Scrafty|64\/271 tox|[from] psn
|turn|23
|
|move|p1a: Keep Rollin|Ice Shard|p2a: Scrafty
|-damage|p2a: Scrafty|31\/271 tox
|move|p2a: Scrafty|Drain Punch|p1a: Keep Rollin
|-damage|p1a: Keep Rollin|0 fnt
|-heal|p2a: Scrafty|57\/271 tox|[from] drain|[of] p1a: Keep Rollin
|faint|p1a: Keep Rollin
|-boost|p2a: Scrafty|atk|1|[from] ability: Moxie
|
|-damage|p2a: Scrafty|0 fnt|[from] psn
|faint|p2a: Scrafty
|
|switch|p2a: Blastoise|Blastoise-Mega, M|247\/361
|switch|p1a: Thorns & Roses|Chesnaught, M|143\/380
|-damage|p2a: Blastoise|202\/361|[from] Stealth Rock
|turn|24
|
|move|p2a: Blastoise|Ice Beam|p1a: Thorns & Roses
|-supereffective|p1a: Thorns & Roses
|-damage|p1a: Thorns & Roses|0 fnt
|faint|p1a: Thorns & Roses
|
|
|switch|p1a: Evil Nurse|Blissey, F|562\/652
|turn|25
|
|move|p2a: Blastoise|Rapid Spin|p1a: Evil Nurse
|-damage|p1a: Evil Nurse|532\/652
|-sideend|p2: SamK443|Stealth Rock|[from] move: Rapid Spin|[of] p2a: Blastoise
|move|p1a: Evil Nurse|Thunder Wave|p2a: Blastoise
|-status|p2a: Blastoise|par
|
|-heal|p1a: Evil Nurse|572\/652|[from] item: Leftovers
|turn|26
|
|switch|p2a: Entei|Entei, shiny|310\/371
|-ability|p2a: Entei|Pressure
|move|p1a: Evil Nurse|Seismic Toss|p2a: Entei
|-damage|p2a: Entei|210\/371
|
|-heal|p1a: Evil Nurse|612\/652|[from] item: Leftovers
|turn|27
|
|move|p2a: Entei|Stone Edge|p1a: Evil Nurse
|-damage|p1a: Evil Nurse|359\/652
|move|p1a: Evil Nurse|Thunder Wave|p2a: Entei
|-status|p2a: Entei|par
|
|-heal|p1a: Evil Nurse|399\/652|[from] item: Leftovers
|turn|28
|
|move|p1a: Evil Nurse|Seismic Toss|p2a: Entei
|-damage|p2a: Entei|110\/371 par
|move|p2a: Entei|Stone Edge|p1a: Evil Nurse
|-damage|p1a: Evil Nurse|174\/652
|
|-heal|p1a: Evil Nurse|214\/652|[from] item: Leftovers
|turn|29
|c|âLucifer's Heritage|overprediction at its finest
|
|move|p1a: Evil Nurse|Soft-Boiled|p1a: Evil Nurse
|-heal|p1a: Evil Nurse|540\/652
|move|p2a: Entei|Stone Edge|p1a: Evil Nurse
|-damage|p1a: Evil Nurse|290\/652
|
|-heal|p1a: Evil Nurse|330\/652|[from] item: Leftovers
|turn|30
|
|move|p1a: Evil Nurse|Seismic Toss|p2a: Entei
|-damage|p2a: Entei|10\/371 par
|move|p2a: Entei|Stone Edge|p1a: Evil Nurse
|-damage|p1a: Evil Nurse|87\/652
|
|-heal|p1a: Evil Nurse|127\/652|[from] item: Leftovers
|turn|31
|
|move|p1a: Evil Nurse|Soft-Boiled|p1a: Evil Nurse
|-heal|p1a: Evil Nurse|453\/652
|move|p2a: Entei|Stone Edge|p1a: Evil Nurse
|-damage|p1a: Evil Nurse|208\/652
|
|-heal|p1a: Evil Nurse|248\/652|[from] item: Leftovers
|turn|32
|
|move|p1a: Evil Nurse|Soft-Boiled|p1a: Evil Nurse
|-heal|p1a: Evil Nurse|574\/652
|cant|p2a: Entei|par
|
|-heal|p1a: Evil Nurse|614\/652|[from] item: Leftovers
|turn|33
|
|move|p1a: Evil Nurse|Seismic Toss|p2a: Entei
|-damage|p2a: Entei|0 fnt
|faint|p2a: Entei
|
|-heal|p1a: Evil Nurse|652\/652|[from] item: Leftovers
|c|âLucifer's Heritage|entei is such a threat
|
|switch|p2a: Starmie|Starmie|323\/323
|turn|34
|
|move|p2a: Starmie|Psyshock|p1a: Evil Nurse
|-damage|p1a: Evil Nurse|471\/652
|move|p1a: Evil Nurse|Seismic Toss|p2a: Starmie
|-damage|p2a: Starmie|223\/323
|
|-heal|p1a: Evil Nurse|511\/652|[from] item: Leftovers
|turn|35
|
|move|p2a: Starmie|Psyshock|p1a: Evil Nurse
|-damage|p1a: Evil Nurse|322\/652
|move|p1a: Evil Nurse|Thunder Wave|p2a: Starmie
|-status|p2a: Starmie|par
|
|-heal|p1a: Evil Nurse|362\/652|[from] item: Leftovers
|turn|36
|
|move|p1a: Evil Nurse|Seismic Toss|p2a: Starmie
|-damage|p2a: Starmie|123\/323 par
|move|p2a: Starmie|Psyshock|p1a: Evil Nurse
|-damage|p1a: Evil Nurse|136\/652
|
|-heal|p1a: Evil Nurse|176\/652|[from] item: Leftovers
|turn|37
|
|move|p1a: Evil Nurse|Soft-Boiled|p1a: Evil Nurse
|-heal|p1a: Evil Nurse|502\/652
|move|p2a: Starmie|Psyshock|p1a: Evil Nurse
|-damage|p1a: Evil Nurse|276\/652
|
|-heal|p1a: Evil Nurse|316\/652|[from] item: Leftovers
|turn|38
|
|switch|p1a: Scooby Doom|Houndoom-Mega, M, shiny|291\/291
|move|p2a: Starmie|Psyshock|p1a: Scooby Doom
|-immune|p1a: Scooby Doom|[msg]
|
|turn|39
|c|âLucifer's Heritage|gg
|
|move|p1a: Scooby Doom|Dark Pulse|p2a: Starmie
|-supereffective|p2a: Starmie
|-damage|p2a: Starmie|0 fnt
|faint|p2a: Starmie
|
|c|âSamK443|gg
|c|âLucifer's Heritage|great game
|
|switch|p2a: Blastoise|Blastoise-Mega, M|202\/361 par
|turn|40
|c|âSamK443|yeah, gg
|
|move|p1a: Scooby Doom|Dark Pulse|p2a: Blastoise
|-damage|p2a: Blastoise|75\/361 par
|move|p2a: Blastoise|Water Pulse|p1a: Scooby Doom
|-supereffective|p1a: Scooby Doom
|-damage|p1a: Scooby Doom|0 fnt
|faint|p1a: Scooby Doom
|
|
|switch|p1a: Evil Nurse|Blissey, F|316\/652
|turn|41
|c|âLucifer's Heritage|don't kill houndoom, i have to prove to myself that he is viable
|
|move|p1a: Evil Nurse|Seismic Toss|p2a: Blastoise
|-damage|p2a: Blastoise|0 fnt
|faint|p2a: Blastoise
|
|win|Lucifer's Heritage
|raw|Ladder updating...
|raw|Lucifer&apos;s Heritage's rating: 1472 &rarr; <strong>1480<\/strong><br \/>(+8 for winning)
|raw|SamK443's rating: 1224 &rarr; <strong>1214<\/strong><br \/>(-10 for losing)
|leave|SamK443
|player|p2