|join|MoB Barley
|join|Toraa'Strat
|player|p1|MoB Barley|161
|player|p2|Toraa'Strat|137
|gametype|singles
|gen|6
|tier|OU
|rated
|clearpoke
|poke|p1|Victini
|poke|p1|Keldeo-Resolute
|poke|p1|Bisharp, M, shiny
|poke|p1|Lopunny, F, shiny
|poke|p1|Azumarill, M
|poke|p1|Latios, M
|poke|p2|Serperior, M, shiny
|poke|p2|Dugtrio, F
|poke|p2|Klefki, M
|poke|p2|Rotom-Wash
|poke|p2|Gyarados, M
|poke|p2|Heatran, F
|rule|Swagger Clause: Swagger is banned
|rule|Baton Pass Clause: Limit one PokÃ©mon knowing Baton Pass
|rule|Sleep Clause Mod: Limit one foe put to sleep
|rule|Species Clause: Limit one of each PokÃ©mon
|rule|OHKO Clause: OHKO moves are banned
|rule|Moody Clause: Moody is banned
|rule|Evasion Moves Clause: Evasion moves are banned
|rule|Endless Battle Clause: Forcing endless battles is banned
|rule|HP Percentage Mod: HP is shown in percentages
|teampreview
|c|âToraa'Strat|Gl, hf.
|join|WhyPokemonWhy
|c|âMoB Barley|gl
|c| WhyPokemonWhy|Go MoB
|
|start
|switch|p1a: Prioritize|Bisharp, M, shiny|271\/271
|switch|p2a: Rotom-Wash|Rotom-Wash|304\/304
|turn|1
|
|move|p1a: Prioritize|Knock Off|p2a: Rotom-Wash
|-damage|p2a: Rotom-Wash|183\/304
|-enditem|p2a: Rotom-Wash|Leftovers|[from] move: Knock Off|[of] p1a: Prioritize
|move|p2a: Rotom-Wash|Will-O-Wisp|p1a: Prioritize|[miss]
|-miss|p2a: Rotom-Wash|p1a: Prioritize
|
|turn|2
|c|âToraa'Strat|y
|join|ReizinhoDoShowdown
|
|switch|p1a: AC130|Latios, M|301\/301
|move|p2a: Rotom-Wash|Volt Switch|p1a: AC130
|-crit|p1a: AC130
|-resisted|p1a: AC130
|-damage|p1a: AC130|232\/301
|
|switch|p2a: Klefki|Klefki, M|317\/317
|
|turn|3
|c|âToraa'Strat|Good start
|
|move|p2a: Klefki|Spikes|p1a: AC130
|-sidestart|p1: MoB Barley|Spikes
|move|p1a: AC130|Earthquake|p2a: Klefki
|-supereffective|p2a: Klefki
|-damage|p2a: Klefki|122\/317
|-damage|p1a: AC130|202\/301|[from] item: Life Orb
|
|-heal|p2a: Klefki|141\/317|[from] item: Leftovers
|turn|4
|
|move|p2a: Klefki|Thunder Wave|p1a: AC130
|-status|p1a: AC130|par
|cant|p1a: AC130|par
|
|-heal|p2a: Klefki|160\/317|[from] item: Leftovers
|turn|5
|c| ReizinhoDoShowdown|nice
|c|âToraa'Strat|For the WoW miss.
|c|âToraa'Strat|:]
|
|move|p2a: Klefki|Play Rough|p1a: AC130
|-supereffective|p1a: AC130
|-damage|p1a: AC130|0 fnt
|faint|p1a: AC130
|
|-heal|p2a: Klefki|179\/317|[from] item: Leftovers
|
|switch|p1a: Playboy|Lopunny, F, shiny|271\/271
|-damage|p1a: Playboy|238\/271|[from] Spikes
|turn|6
|
|move|p2a: Klefki|Spikes|p1a: Playboy
|-sidestart|p1: MoB Barley|Spikes
|move|p1a: Playboy|High Jump Kick|p2a: Klefki
|-damage|p2a: Klefki|69\/317
|
|-heal|p2a: Klefki|88\/317|[from] item: Leftovers
|turn|7
|
|switch|p2a: Gyarados|Gyarados, M|353\/353
|-ability|p2a: Gyarados|Intimidate|[of] p1a: Playboy
|-unboost|p1a: Playboy|atk|1
|move|p1a: Playboy|High Jump Kick|p2a: Gyarados
|-resisted|p2a: Gyarados
|-damage|p2a: Gyarados|307\/353
|
|turn|8
|
|switch|p1a: Water Bomb|Azumarill, M|360\/360
|-damage|p1a: Water Bomb|300\/360|[from] Spikes
|move|p2a: Gyarados|Waterfall|p1a: Water Bomb
|-resisted|p1a: Water Bomb
|-damage|p1a: Water Bomb|212\/360
|
|turn|9
|
|switch|p2a: Rotom-Wash|Rotom-Wash|183\/304
|move|p1a: Water Bomb|Play Rough|p2a: Rotom-Wash
|-damage|p2a: Rotom-Wash|56\/304
|
|turn|10
|
|switch|p1a: Destructo Disc|Victini|341\/341
|-damage|p1a: Destructo Disc|285\/341|[from] Spikes
|move|p2a: Rotom-Wash|Will-O-Wisp|p1a: Destructo Disc
|-fail|p1a: Destructo Disc
|
|turn|11
|join|l123
|
|move|p1a: Destructo Disc|U-turn|p2a: Rotom-Wash
|-damage|p2a: Rotom-Wash|0 fnt
|faint|p2a: Rotom-Wash
|join|Bobbie Schmurda
|
|switch|p1a: Playboy|Lopunny, F, shiny|238\/271
|-damage|p1a: Playboy|193\/271|[from] Spikes
|
|
|switch|p2a: Gyarados|Gyarados, M|307\/353
|-ability|p2a: Gyarados|Intimidate|[of] p1a: Playboy
|-unboost|p1a: Playboy|atk|1
|turn|12
|
|switch|p1a: Water Bomb|Azumarill, M|212\/360
|-damage|p1a: Water Bomb|152\/360|[from] Spikes
|-enditem|p1a: Water Bomb|Sitrus Berry|[eat]
|-heal|p1a: Water Bomb|242\/360|[from] item: Sitrus Berry
|move|p2a: Gyarados|Waterfall|p1a: Water Bomb
|-resisted|p1a: Water Bomb
|-damage|p1a: Water Bomb|158\/360
|
|turn|13
|
|move|p2a: Gyarados|Waterfall|p1a: Water Bomb
|-resisted|p1a: Water Bomb
|-damage|p1a: Water Bomb|69\/360
|move|p1a: Water Bomb|Play Rough|p2a: Gyarados
|-damage|p2a: Gyarados|64\/353
|
|turn|14
|
|detailschange|p2a: Gyarados|Gyarados-Mega, M
|-mega|p2a: Gyarados|Gyarados|Gyaradosite
|-ability|p2a: Gyarados|Mold Breaker
|move|p1a: Water Bomb|Aqua Jet|p2a: Gyarados
|-resisted|p2a: Gyarados
|-damage|p2a: Gyarados|27\/353
|move|p2a: Gyarados|Waterfall|p1a: Water Bomb
|-resisted|p1a: Water Bomb
|-damage|p1a: Water Bomb|0 fnt
|faint|p1a: Water Bomb
|
|
|switch|p1a: Destructo Disc|Victini|285\/341
|-damage|p1a: Destructo Disc|229\/341|[from] Spikes
|turn|15
|
|move|p1a: Destructo Disc|U-turn|p2a: Gyarados
|-crit|p2a: Gyarados
|-supereffective|p2a: Gyarados
|-damage|p2a: Gyarados|0 fnt
|faint|p2a: Gyarados
|
|switch|p1a: Playboy|Lopunny, F, shiny|193\/271
|-damage|p1a: Playboy|148\/271|[from] Spikes
|
|
|switch|p2a: Heatran|Heatran, F|323\/323
|turn|16
|join|Juninho Freestep
|
|detailschange|p1a: Playboy|Lopunny-Mega, F, shiny
|-mega|p1a: Playboy|Lopunny|Lopunnite
|move|p1a: Playboy|Fake Out|p2a: Heatran
|-resisted|p2a: Heatran
|-damage|p2a: Heatran|290\/323
|cant|p2a: Heatran|flinch
|
|turn|17
|
|switch|p1a: Pwny|Keldeo-Resolute|323\/323
|-damage|p1a: Pwny|270\/323|[from] Spikes
|move|p2a: Heatran|Fire Blast|p1a: Pwny
|-resisted|p1a: Pwny
|-damage|p1a: Pwny|163\/323
|
|turn|18
|leave|ReizinhoDoShowdown
|leave|Juninho Freestep
|
|switch|p2a: Klefki|Klefki, M|88\/317
|move|p1a: Pwny|Secret Sword|p2a: Klefki
|-damage|p2a: Klefki|0 fnt
|faint|p2a: Klefki
|
|c| WhyPokemonWhy|come on MoB
|
|switch|p2a: Serperior|Serperior, M, shiny|291\/291
|turn|19
|
|switch|p1a: Prioritize|Bisharp, M, shiny|271\/271
|-damage|p1a: Prioritize|226\/271|[from] Spikes
|move|p2a: Serperior|Leaf Storm|p1a: Prioritize
|-resisted|p1a: Prioritize
|-damage|p1a: Prioritize|88\/271
|-boost|p2a: Serperior|spa|2
|-damage|p2a: Serperior|262\/291|[from] item: Life Orb
|
|turn|20
|c| l123|dang
|
|move|p1a: Prioritize|Sucker Punch|p2a: Serperior
|-damage|p2a: Serperior|105\/291
|move|p2a: Serperior|Hidden Power|p1a: Prioritize
|-supereffective|p1a: Prioritize
|-damage|p1a: Prioritize|0 fnt
|-damage|p2a: Serperior|76\/291|[from] item: Life Orb
|faint|p1a: Prioritize
|
|
|switch|p1a: Playboy|Lopunny-Mega, F, shiny|148\/271
|-damage|p1a: Playboy|103\/271|[from] Spikes
|turn|21
|
|move|p1a: Playboy|Return|p2a: Serperior
|-damage|p2a: Serperior|0 fnt
|faint|p2a: Serperior
|
|
|switch|p2a: Dugtrio|Dugtrio, F|211\/211
|turn|22
|
|move|p1a: Playboy|Return|p2a: Dugtrio
|-enditem|p2a: Dugtrio|Focus Sash
|-damage|p2a: Dugtrio|1\/211
|move|p2a: Dugtrio|Earthquake|p1a: Playboy
|-damage|p1a: Playboy|0 fnt
|faint|p1a: Playboy
|
|
|switch|p1a: Pwny|Keldeo-Resolute|163\/323
|-damage|p1a: Pwny|110\/323|[from] Spikes
|turn|23
|c|âMoB Barley|gg
|
|move|p1a: Pwny|Secret Sword|p2a: Dugtrio
|-damage|p2a: Dugtrio|0 fnt
|faint|p2a: Dugtrio
|
|c|âToraa'Strat|gg
|
|switch|p2a: Heatran|Heatran, F|290\/323
|turn|24
|
|move|p1a: Pwny|Secret Sword|p2a: Heatran
|-supereffective|p2a: Heatran
|-damage|p2a: Heatran|0 fnt
|faint|p2a: Heatran
|
|win|MoB Barley
|raw|Ladder updating...
|raw|MoB Barley's rating: 1777 &rarr; <strong>1790<\/strong><br \/>(+13 for winning)
|raw|Toraa&apos;Strat's rating: 1658 &rarr; <strong>1645<\/strong><br \/>(-13 for losing)
|leave|MoB Barley
|leave|Toraa'Strat
|player|p1
|leave|WhyPokemonWhy
|player|p2
|join|WhyPokemonWhy
|leave|WhyPokemonWhy