|join|Sweet Symphony
|join|Cusho
|player|p1|Sweet Symphony|144
|player|p2|Cusho|151
|gametype|singles
|gen|6
|tier|OU
|rated
|clearpoke
|poke|p1|Landorus-Therian, M
|poke|p1|Azumarill, F
|poke|p1|Scizor, F
|poke|p1|Venusaur, F
|poke|p1|Zapdos
|poke|p1|Chansey, F
|poke|p2|Medicham, M
|poke|p2|Landorus-Therian, M
|poke|p2|Squirtle, M
|poke|p2|Rotom-Wash
|poke|p2|Chansey, F
|poke|p2|Latias, F
|rule|Swagger Clause: Swagger is banned
|rule|Baton Pass Clause: Limit one PokÃ©mon knowing Baton Pass
|rule|Sleep Clause Mod: Limit one foe put to sleep
|rule|Species Clause: Limit one of each PokÃ©mon
|rule|OHKO Clause: OHKO moves are banned
|rule|Moody Clause: Moody is banned
|rule|Evasion Moves Clause: Evasion moves are banned
|rule|Endless Battle Clause: Forcing endless battles is banned
|rule|HP Percentage Mod: HP is shown in percentages
|teampreview
|c|âSweet Symphony|ahahahahhahahahaaha
|c|âSweet Symphony|easy :]
|c|âCusho|JA JA JA!
|c|âCusho|ya conoces ami squirtle
|c|âCusho|no se vale
|c|âSweet Symphony|:d
|
|start
|switch|p1a: Scizor|Scizor, F|281\/281
|switch|p2a: Medicham|Medicham, M|261\/261
|turn|1
|
|detailschange|p2a: Medicham|Medicham-Mega, M
|message|Medicham has Mega Evolved into Mega Medicham!
|move|p1a: Scizor|Bullet Punch|p2a: Medicham
|-damage|p2a: Medicham|45\/261
|move|p2a: Medicham|High Jump Kick|p1a: Scizor
|-damage|p1a: Scizor|0 fnt
|faint|p1a: Scizor
|
|join|CSS)bleachzxzx
|
|switch|p1a: Azumarill|Azumarill, F|386\/386
|turn|2
|
|switch|p2a: Rotom-Wash|Rotom-Wash|304\/304
|move|p1a: Azumarill|Play Rough|p2a: Rotom-Wash
|-damage|p2a: Rotom-Wash|91\/304
|
|-heal|p2a: Rotom-Wash|110\/304|[from] item: Leftovers
|turn|3
|c|âSweet Symphony|7n7
|
|switch|p1a: Venusaur|Venusaur, F|364\/364
|move|p2a: Rotom-Wash|Pain Split|p1a: Venusaur
|-sethp|p1a: Venusaur|237\/364|p2a: Rotom-Wash|237\/304|[from] move: Pain Split
|
|-heal|p2a: Rotom-Wash|256\/304|[from] item: Leftovers
|turn|4
|
|detailschange|p1a: Venusaur|Venusaur-Mega, F
|message|Venusaur has Mega Evolved into Mega Venusaur!
|move|p2a: Rotom-Wash|Volt Switch|p1a: Venusaur
|-resisted|p1a: Venusaur
|-damage|p1a: Venusaur|203\/364
|
|switch|p2a: Latias|Latias, F|301\/301
|move|p1a: Venusaur|Sludge Bomb|p2a: Latias
|-damage|p2a: Latias|189\/301
|
|turn|5
|
|switch|p2a: Medicham|Medicham-Mega, M|45\/261
|switch|p1a: Chansey|Chansey, F|704\/704
|
|turn|6
|
|switch|p1a: Azumarill|Azumarill, F|386\/386
|move|p2a: Medicham|High Jump Kick|p1a: Azumarill|[miss]
|-miss|p2a: Medicham|p1a: Azumarill
|-damage|p2a: Medicham|0 fnt|[from] highjumpkick
|faint|p2a: Medicham
|
|c|âSweet Symphony|hu3333333333333
|
|switch|p2a: Rotom-Wash|Rotom-Wash|256\/304
|turn|7
|
|switch|p1a: Venusaur|Venusaur-Mega, F|203\/364
|move|p2a: Rotom-Wash|Will-O-Wisp|p1a: Venusaur
|-status|p1a: Venusaur|brn
|
|-heal|p2a: Rotom-Wash|275\/304|[from] item: Leftovers
|-damage|p1a: Venusaur|158\/364 brn|[from] brn
|turn|8
|
|move|p2a: Rotom-Wash|Volt Switch|p1a: Venusaur
|-resisted|p1a: Venusaur
|-damage|p1a: Venusaur|122\/364 brn
|
|switch|p2a: Chansey|Chansey, F|704\/704
|move|p1a: Venusaur|Synthesis|p1a: Venusaur
|-heal|p1a: Venusaur|304\/364 brn
|
|-damage|p1a: Venusaur|259\/364 brn|[from] brn
|turn|9
|
|move|p1a: Venusaur|Leech Seed|p2a: Chansey
|-start|p2a: Chansey|move: Leech Seed
|move|p2a: Chansey|Stealth Rock|p1a: Venusaur
|-sidestart|p1: Sweet Symphony|move: Stealth Rock
|
|-damage|p2a: Chansey|616\/704|[from] Leech Seed|[of] p1a: Venusaur
|-heal|p1a: Venusaur|347\/364 brn|[silent]
|-damage|p1a: Venusaur|302\/364 brn|[from] brn
|turn|10
|
|switch|p2a: Latias|Latias, F|189\/301
|move|p1a: Venusaur|Sludge Bomb|p2a: Latias
|-damage|p2a: Latias|78\/301
|
|-damage|p1a: Venusaur|257\/364 brn|[from] brn
|turn|11
|
|switch|p1a: Chansey|Chansey, F|704\/704
|-damage|p1a: Chansey|616\/704|[from] Stealth Rock
|move|p2a: Latias|Roost|p2a: Latias
|-heal|p2a: Latias|229\/301
|
|turn|12
|
|switch|p2a: Landorus-Therian|Landorus-Therian, M|320\/320
|-ability|p2a: Landorus-Therian|Intimidate|[of] p1a: Chansey
|-unboost|p1a: Chansey|atk|1
|move|p1a: Chansey|Seismic Toss|p2a: Landorus-Therian
|-damage|p2a: Landorus-Therian|220\/320
|
|turn|13
|
|switch|p1a: Landorus-Therian|Landorus-Therian, M|382\/382
|-damage|p1a: Landorus-Therian|335\/382|[from] Stealth Rock
|-ability|p1a: Landorus-Therian|Intimidate|[of] p2a: Landorus-Therian
|-unboost|p2a: Landorus-Therian|atk|1
|move|p2a: Landorus-Therian|Knock Off|p1a: Landorus-Therian
|-damage|p1a: Landorus-Therian|243\/382
|-enditem|p1a: Landorus-Therian|Leftovers|[from] move: Knock Off|[of] p2a: Landorus-Therian
|
|turn|14
|
|switch|p2a: Rotom-Wash|Rotom-Wash|275\/304
|move|p1a: Landorus-Therian|Stealth Rock|p2a: Rotom-Wash
|-sidestart|p2: Cusho|move: Stealth Rock
|
|-heal|p2a: Rotom-Wash|294\/304|[from] item: Leftovers
|turn|15
|
|switch|p1a: Venusaur|Venusaur-Mega, F|257\/364 brn
|-damage|p1a: Venusaur|212\/364 brn|[from] Stealth Rock
|move|p2a: Rotom-Wash|Will-O-Wisp|p1a: Venusaur
|-fail|p1a: Venusaur|brn
|
|-heal|p2a: Rotom-Wash|304\/304|[from] item: Leftovers
|-damage|p1a: Venusaur|167\/364 brn|[from] brn
|turn|16
|
|move|p2a: Rotom-Wash|Volt Switch|p1a: Venusaur
|-resisted|p1a: Venusaur
|-damage|p1a: Venusaur|131\/364 brn
|
|switch|p2a: Latias|Latias, F|229\/301
|-damage|p2a: Latias|192\/301|[from] Stealth Rock
|move|p1a: Venusaur|Synthesis|p1a: Venusaur
|-heal|p1a: Venusaur|313\/364 brn
|
|-damage|p1a: Venusaur|268\/364 brn|[from] brn
|turn|17
|
|switch|p2a: Landorus-Therian|Landorus-Therian, M|220\/320
|-damage|p2a: Landorus-Therian|180\/320|[from] Stealth Rock
|-ability|p2a: Landorus-Therian|Intimidate|[of] p1a: Venusaur
|-unboost|p1a: Venusaur|atk|1
|switch|p1a: Chansey|Chansey, F|616\/704
|-damage|p1a: Chansey|528\/704|[from] Stealth Rock
|
|turn|18
|
|switch|p1a: Landorus-Therian|Landorus-Therian, M|243\/382
|-damage|p1a: Landorus-Therian|196\/382|[from] Stealth Rock
|-ability|p1a: Landorus-Therian|Intimidate|[of] p2a: Landorus-Therian
|-unboost|p2a: Landorus-Therian|atk|1
|move|p2a: Landorus-Therian|Knock Off|p1a: Landorus-Therian
|-damage|p1a: Landorus-Therian|136\/382
|
|turn|19
|
|switch|p2a: Rotom-Wash|Rotom-Wash|304\/304
|-damage|p2a: Rotom-Wash|266\/304|[from] Stealth Rock
|move|p1a: Landorus-Therian|Knock Off|p2a: Rotom-Wash
|-damage|p2a: Rotom-Wash|176\/304
|-enditem|p2a: Rotom-Wash|Leftovers|[from] move: Knock Off|[of] p1a: Landorus-Therian
|
|turn|20
|
|switch|p1a: Venusaur|Venusaur-Mega, F|268\/364 brn
|-damage|p1a: Venusaur|223\/364 brn|[from] Stealth Rock
|move|p2a: Rotom-Wash|Volt Switch|p1a: Venusaur
|-resisted|p1a: Venusaur
|-damage|p1a: Venusaur|192\/364 brn
|
|switch|p2a: Landorus-Therian|Landorus-Therian, M|180\/320
|-damage|p2a: Landorus-Therian|140\/320|[from] Stealth Rock
|-ability|p2a: Landorus-Therian|Intimidate|[of] p1a: Venusaur
|-unboost|p1a: Venusaur|atk|1
|
|-damage|p1a: Venusaur|147\/364 brn|[from] brn
|turn|21
|
|move|p2a: Landorus-Therian|Earthquake|p1a: Venusaur
|-damage|p1a: Venusaur|11\/364 brn
|move|p1a: Venusaur|Sludge Bomb|p2a: Landorus-Therian
|-resisted|p2a: Landorus-Therian
|-damage|p2a: Landorus-Therian|58\/320
|-status|p2a: Landorus-Therian|psn
|
|-damage|p2a: Landorus-Therian|18\/320 psn|[from] psn
|-damage|p1a: Venusaur|0 fnt|[from] brn
|faint|p1a: Venusaur
|
|switch|p1a: Landorus-Therian|Landorus-Therian, M|136\/382
|-damage|p1a: Landorus-Therian|89\/382|[from] Stealth Rock
|-ability|p1a: Landorus-Therian|Intimidate|[of] p2a: Landorus-Therian
|-unboost|p2a: Landorus-Therian|atk|1
|turn|22
|
|switch|p2a: Rotom-Wash|Rotom-Wash|176\/304
|-damage|p2a: Rotom-Wash|138\/304|[from] Stealth Rock
|move|p1a: Landorus-Therian|U-turn|p2a: Rotom-Wash
|-damage|p2a: Rotom-Wash|73\/304
|
|switch|p1a: Chansey|Chansey, F|528\/704
|-damage|p1a: Chansey|440\/704|[from] Stealth Rock
|
|turn|23
|c|âSweet Symphony|lag :c
|
|switch|p1a: Landorus-Therian|Landorus-Therian, M|89\/382
|-damage|p1a: Landorus-Therian|42\/382|[from] Stealth Rock
|-ability|p1a: Landorus-Therian|Intimidate|[of] p2a: Rotom-Wash
|-unboost|p2a: Rotom-Wash|atk|1
|move|p2a: Rotom-Wash|Pain Split|p1a: Landorus-Therian
|-sethp|p1a: Landorus-Therian|57\/382|p2a: Rotom-Wash|57\/304|[from] move: Pain Split
|
|turn|24
|
|switch|p2a: Chansey|Chansey, F|616\/704
|-damage|p2a: Chansey|528\/704|[from] Stealth Rock
|move|p1a: Landorus-Therian|U-turn|p2a: Chansey
|-damage|p2a: Chansey|408\/704
|
|switch|p1a: Azumarill|Azumarill, F|386\/386
|-damage|p1a: Azumarill|338\/386|[from] Stealth Rock
|
|turn|25
|
|switch|p2a: Squirtle|Squirtle, M|229\/229
|-damage|p2a: Squirtle|201\/229|[from] Stealth Rock
|move|p1a: Azumarill|Superpower|p2a: Squirtle
|-damage|p2a: Squirtle|0 fnt
|-unboost|p1a: Azumarill|atk|1
|-unboost|p1a: Azumarill|def|1
|faint|p2a: Squirtle
|
|c|âSweet Symphony|no mames pobrecito :c
|
|switch|p2a: Latias|Latias, F|192\/301
|-damage|p2a: Latias|155\/301|[from] Stealth Rock
|turn|26
|
|switch|p1a: Landorus-Therian|Landorus-Therian, M|57\/382
|-damage|p1a: Landorus-Therian|10\/382|[from] Stealth Rock
|-ability|p1a: Landorus-Therian|Intimidate|[of] p2a: Latias
|-unboost|p2a: Latias|atk|1
|move|p2a: Latias|Psyshock|p1a: Landorus-Therian
|-damage|p1a: Landorus-Therian|0 fnt
|-damage|p2a: Latias|125\/301|[from] item: Life Orb
|faint|p1a: Landorus-Therian
|
|c|âCusho|gg
|c|âSweet Symphony|calamado cushin 
|c|âSweet Symphony|a esto le falta
|c|âSweet Symphony|7n7
|c|âCusho|ya perdi lol
|
|switch|p1a: Chansey|Chansey, F|440\/704
|-damage|p1a: Chansey|352\/704|[from] Stealth Rock
|turn|27
|
|move|p2a: Latias|Defog|p1a: Chansey
|-unboost|p1a: Chansey|evasion|1
|-sideend|p1: Sweet Symphony|Stealth Rock|[from] move: Defog|[of] p1a: Chansey
|-sideend|p2: Cusho|Stealth Rock|[from] move: Defog|[of] p2a: Latias
|move|p1a: Chansey|Seismic Toss|p2a: Latias
|-damage|p2a: Latias|25\/301
|
|turn|28
|c|âSweet Symphony|khÃ©
|
|move|p2a: Latias|Roost|p2a: Latias
|-heal|p2a: Latias|176\/301
|move|p1a: Chansey|Thunder Wave|p2a: Latias
|-status|p2a: Latias|par
|
|turn|29
|
|switch|p2a: Chansey|Chansey, F|408\/704
|move|p1a: Chansey|Seismic Toss|p2a: Chansey
|-damage|p2a: Chansey|308\/704
|
|turn|30
|
|switch|p1a: Azumarill|Azumarill, F|338\/386
|move|p2a: Chansey|Thunder Wave|p1a: Azumarill
|-status|p1a: Azumarill|par
|
|turn|31
|
|move|p2a: Chansey|Soft-Boiled|p2a: Chansey
|-heal|p2a: Chansey|660\/704
|move|p1a: Azumarill|Play Rough|p2a: Chansey
|-damage|p2a: Chansey|255\/704
|
|turn|32
|
|move|p2a: Chansey|Soft-Boiled|p2a: Chansey
|-heal|p2a: Chansey|607\/704
|cant|p1a: Azumarill|par
|
|turn|33
|
|move|p2a: Chansey|Stealth Rock|p1a: Azumarill
|-sidestart|p1: Sweet Symphony|move: Stealth Rock
|move|p1a: Azumarill|Play Rough|p2a: Chansey
|-damage|p2a: Chansey|231\/704
|
|turn|34
|
|move|p2a: Chansey|Soft-Boiled|p2a: Chansey
|-heal|p2a: Chansey|583\/704
|move|p1a: Azumarill|Play Rough|p2a: Chansey
|-damage|p2a: Chansey|183\/704
|
|turn|35
|
|move|p2a: Chansey|Soft-Boiled|p2a: Chansey
|-heal|p2a: Chansey|535\/704
|cant|p1a: Azumarill|par
|
|turn|36
|c|âSweet Symphony|:[
|
|move|p2a: Chansey|Seismic Toss|p1a: Azumarill
|-damage|p1a: Azumarill|238\/386 par
|move|p1a: Azumarill|Play Rough|p2a: Chansey|[miss]
|-miss|p1a: Azumarill|p2a: Chansey
|
|turn|37
|
|switch|p1a: Chansey|Chansey, F|352\/704
|-damage|p1a: Chansey|264\/704|[from] Stealth Rock
|move|p2a: Chansey|Seismic Toss|p1a: Chansey
|-damage|p1a: Chansey|164\/704
|
|turn|38
|
|switch|p2a: Latias|Latias, F|176\/301 par
|move|p1a: Chansey|Seismic Toss|p2a: Latias
|-damage|p2a: Latias|76\/301 par
|
|turn|39
|
|move|p1a: Chansey|Soft-Boiled|p1a: Chansey
|-heal|p1a: Chansey|516\/704
|move|p2a: Latias|Psyshock|p1a: Chansey
|-damage|p1a: Chansey|316\/704
|-damage|p2a: Latias|46\/301 par|[from] item: Life Orb
|
|turn|40
|
|move|p1a: Chansey|Heal Bell|p1a: Chansey
|-cureteam|p1a: Chansey|[from] move: HealBell
|cant|p2a: Latias|par
|
|turn|41
|
|move|p1a: Chansey|Soft-Boiled|p1a: Chansey
|-heal|p1a: Chansey|668\/704
|cant|p2a: Latias|par
|
|turn|42
|
|move|p1a: Chansey|Seismic Toss|p2a: Latias
|-damage|p2a: Latias|0 fnt
|faint|p2a: Latias
|
|
|switch|p2a: Rotom-Wash|Rotom-Wash|57\/304
|turn|43
|c|âSweet Symphony|puta vida
|
|switch|p1a: Zapdos|Zapdos|384\/384
|-damage|p1a: Zapdos|288\/384|[from] Stealth Rock
|-ability|p1a: Zapdos|Pressure
|move|p2a: Rotom-Wash|Pain Split|p1a: Zapdos
|-sethp|p1a: Zapdos|172\/384|p2a: Rotom-Wash|172\/304|[from] move: Pain Split
|
|-heal|p1a: Zapdos|196\/384|[from] item: Leftovers
|turn|44
|
|move|p1a: Zapdos|Roost|p1a: Zapdos
|-heal|p1a: Zapdos|384\/384
|move|p2a: Rotom-Wash|Will-O-Wisp|p1a: Zapdos
|-status|p1a: Zapdos|brn
|
|-damage|p1a: Zapdos|336\/384 brn|[from] brn
|turn|45
|
|move|p1a: Zapdos|Defog|p2a: Rotom-Wash
|-unboost|p2a: Rotom-Wash|evasion|1
|-sideend|p1: Sweet Symphony|Stealth Rock|[from] move: Defog|[of] p1a: Zapdos
|move|p2a: Rotom-Wash|Pain Split|p1a: Zapdos
|-sethp|p1a: Zapdos|254\/384 brn|p2a: Rotom-Wash|254\/304|[from] move: Pain Split
|
|-heal|p1a: Zapdos|278\/384 brn|[from] item: Leftovers
|-damage|p1a: Zapdos|230\/384 brn|[from] brn
|turn|46
|
|move|p1a: Zapdos|Volt Switch|p2a: Rotom-Wash
|-damage|p2a: Rotom-Wash|164\/304
|
|switch|p1a: Chansey|Chansey, F|668\/704
|move|p2a: Rotom-Wash|Volt Switch|p1a: Chansey
|-damage|p1a: Chansey|616\/704
|
|switch|p2a: Chansey|Chansey, F|535\/704
|
|turn|47
|
|move|p2a: Chansey|Stealth Rock|p1a: Chansey
|-sidestart|p1: Sweet Symphony|move: Stealth Rock
|move|p1a: Chansey|Thunder Wave|p2a: Chansey
|-status|p2a: Chansey|par
|
|turn|48
|
|switch|p2a: Rotom-Wash|Rotom-Wash|164\/304
|move|p1a: Chansey|Seismic Toss|p2a: Rotom-Wash
|-damage|p2a: Rotom-Wash|64\/304
|
|turn|49
|
|switch|p1a: Zapdos|Zapdos|230\/384 brn
|-damage|p1a: Zapdos|134\/384 brn|[from] Stealth Rock
|-ability|p1a: Zapdos|Pressure
|move|p2a: Rotom-Wash|Pain Split|p1a: Zapdos
|-sethp|p1a: Zapdos|99\/384 brn|p2a: Rotom-Wash|99\/304|[from] move: Pain Split
|
|-heal|p1a: Zapdos|123\/384 brn|[from] item: Leftovers
|-damage|p1a: Zapdos|75\/384 brn|[from] brn
|turn|50
|
|switch|p2a: Chansey|Chansey, F|535\/704
|move|p1a: Zapdos|Heat Wave|p2a: Chansey
|-damage|p2a: Chansey|480\/704
|
|-heal|p1a: Zapdos|99\/384 brn|[from] item: Leftovers
|-damage|p1a: Zapdos|51\/384 brn|[from] brn
|turn|51
|
|switch|p2a: Rotom-Wash|Rotom-Wash|99\/304
|move|p1a: Zapdos|Roost|p1a: Zapdos
|-heal|p1a: Zapdos|243\/384 brn
|
|-heal|p1a: Zapdos|267\/384 brn|[from] item: Leftovers
|-damage|p1a: Zapdos|219\/384 brn|[from] brn
|turn|52
|
|switch|p2a: Chansey|Chansey, F|480\/704
|move|p1a: Zapdos|Defog|p2a: Chansey
|-unboost|p2a: Chansey|evasion|1
|-sideend|p1: Sweet Symphony|Stealth Rock|[from] move: Defog|[of] p1a: Zapdos
|
|-heal|p1a: Zapdos|243\/384 brn|[from] item: Leftovers
|-damage|p1a: Zapdos|195\/384 brn|[from] brn
|turn|53
|
|move|p1a: Zapdos|Volt Switch|p2a: Chansey
|-damage|p2a: Chansey|411\/704
|
|switch|p1a: Azumarill|Azumarill, F|238\/386
|move|p2a: Chansey|Seismic Toss|p1a: Azumarill
|-damage|p1a: Azumarill|138\/386
|
|turn|54
|
|switch|p2a: Landorus-Therian|Landorus-Therian, M|18\/320 psn
|-ability|p2a: Landorus-Therian|Intimidate|[of] p1a: Azumarill
|-unboost|p1a: Azumarill|atk|1
|move|p1a: Azumarill|Superpower|p2a: Landorus-Therian
|-resisted|p2a: Landorus-Therian
|-damage|p2a: Landorus-Therian|0 fnt
|-unboost|p1a: Azumarill|atk|1
|-unboost|p1a: Azumarill|def|1
|faint|p2a: Landorus-Therian
|
|
|switch|p2a: Chansey|Chansey, F|411\/704
|turn|55
|c|âSweet Symphony|eres un puto pro 7n7
|
|switch|p1a: Chansey|Chansey, F|616\/704
|move|p2a: Chansey|Soft-Boiled|p2a: Chansey
|-heal|p2a: Chansey|704\/704
|
|turn|56
|c|âCusho|lol
|
|move|p1a: Chansey|Thunder Wave|p2a: Chansey
|-status|p2a: Chansey|par
|move|p2a: Chansey|Stealth Rock|p1a: Chansey
|-sidestart|p1: Sweet Symphony|move: Stealth Rock
|
|turn|57
|c|âCusho|por que lo dices
|
|switch|p1a: Zapdos|Zapdos|195\/384 brn
|-damage|p1a: Zapdos|99\/384 brn|[from] Stealth Rock
|-ability|p1a: Zapdos|Pressure
|move|p2a: Chansey|Seismic Toss|p1a: Zapdos
|-damage|p1a: Zapdos|0 fnt
|faint|p1a: Zapdos
|
|
|switch|p1a: Azumarill|Azumarill, F|138\/386
|-damage|p1a: Azumarill|90\/386|[from] Stealth Rock
|turn|58
|c|âCusho|por que te gane?
|
|move|p1a: Azumarill|Superpower|p2a: Chansey
|-supereffective|p2a: Chansey
|-damage|p2a: Chansey|42\/704 par
|-unboost|p1a: Azumarill|atk|1
|-unboost|p1a: Azumarill|def|1
|move|p2a: Chansey|Seismic Toss|p1a: Azumarill
|-damage|p1a: Azumarill|0 fnt
|faint|p1a: Azumarill
|
|c|âSweet Symphony|zy
|c|âSweet Symphony|no jodas
|c|âCusho|es que yolo
|c|âCusho|:T
|
|switch|p1a: Chansey|Chansey, F|616\/704
|-damage|p1a: Chansey|528\/704|[from] Stealth Rock
|turn|59
|c|âSweet Symphony|:t
|
|move|p1a: Chansey|Seismic Toss|p2a: Chansey
|-damage|p2a: Chansey|0 fnt
|faint|p2a: Chansey
|
|c|âCusho|jajaja que nuv
|
|switch|p2a: Rotom-Wash|Rotom-Wash|99\/304
|turn|60
|
|move|p2a: Rotom-Wash|Pain Split|p1a: Chansey
|-sethp|p1a: Chansey|313\/704|p2a: Rotom-Wash|304\/304|[from] move: Pain Split
|move|p1a: Chansey|Seismic Toss|p2a: Rotom-Wash
|-damage|p2a: Rotom-Wash|204\/304
|
|turn|61
|c|âCusho|QUE NUV ERES!
|c|âSweet Symphony|*le tira toxic y gana
|
|move|p2a: Rotom-Wash|Will-O-Wisp|p1a: Chansey
|-status|p1a: Chansey|brn
|move|p1a: Chansey|Seismic Toss|p2a: Rotom-Wash
|-damage|p2a: Rotom-Wash|104\/304
|
|-damage|p1a: Chansey|225\/704 brn|[from] brn
|turn|62
|c|âCusho|âSweet Symphony: ahahahahhahahahaaha
|c|âCusho|âSweet Symphony: easy :]
|c|âSweet Symphony|XD
|c|âSweet Symphony|me haxeaste :[
|c|âCusho|haxear!
|
|move|p2a: Rotom-Wash|Hydro Pump|p1a: Chansey
|-damage|p1a: Chansey|137\/704 brn
|move|p1a: Chansey|Heal Bell|p1a: Chansey
|-cureteam|p1a: Chansey|[from] move: HealBell
|
|turn|63
|c|âCusho|donde?
|
|move|p2a: Rotom-Wash|Hydro Pump|p1a: Chansey|[miss]
|-miss|p2a: Rotom-Wash|p1a: Chansey
|move|p1a: Chansey|Soft-Boiled|p1a: Chansey
|-heal|p1a: Chansey|489\/704
|
|turn|64
|c|âSweet Symphony|oie que ricochet
|
|move|p2a: Rotom-Wash|Pain Split|p1a: Chansey
|-sethp|p1a: Chansey|296\/704|p2a: Rotom-Wash|296\/304|[from] move: Pain Split
|move|p1a: Chansey|Seismic Toss|p2a: Rotom-Wash
|-damage|p2a: Rotom-Wash|196\/304
|
|turn|65
|
|move|p2a: Rotom-Wash|Will-O-Wisp|p1a: Chansey
|-status|p1a: Chansey|brn
|move|p1a: Chansey|Seismic Toss|p2a: Rotom-Wash
|-damage|p2a: Rotom-Wash|96\/304
|
|-damage|p1a: Chansey|208\/704 brn|[from] brn
|turn|66
|
|move|p2a: Rotom-Wash|Pain Split|p1a: Chansey
|-sethp|p1a: Chansey|152\/704 brn|p2a: Rotom-Wash|152\/304|[from] move: Pain Split
|move|p1a: Chansey|Seismic Toss|p2a: Rotom-Wash
|-damage|p2a: Rotom-Wash|52\/304
|
|-damage|p1a: Chansey|64\/704 brn|[from] brn
|turn|67
|
|move|p2a: Rotom-Wash|Hydro Pump|p1a: Chansey
|-damage|p1a: Chansey|0 fnt
|faint|p1a: Chansey
|
|win|Cusho
|raw|Ladder updating...
|raw|Sweet Symphony's rating: 1698 &rarr; <strong>1679<\/strong><br \/>(-19 for losing)
|raw|Cusho's rating: 1721 &rarr; <strong>1739<\/strong><br \/>(+18 for winning)
|c|âSweet Symphony|puta
|c|âSweet Symphony|:u
|c|âCusho|gg izy!!!!!!
|c|âCusho|IZY!!!!!!!!!
|c|âSweet Symphony|al la otra uso el team shido
|c|âSweet Symphony|7n7
|c|âCusho|jajajaja
|leave|Sweet Symphony
|player|p1
|c|âCusho|use a un squirtle
|leave|CSS)bleachzxzx
|leave|Cusho
|player|p2
|join|Cusho