|join|Sweet Symphony
|join|bluri
|player|p1|Sweet Symphony|284
|player|p2|bluri|97
|gametype|singles
|gen|6
|tier|OU
|rated
|clearpoke
|poke|p1|Azumarill, F
|poke|p1|Thundurus, M
|poke|p1|Diggersby, F, shiny
|poke|p1|Azelf
|poke|p1|Heracross, M
|poke|p1|Gyarados, M
|poke|p2|Kyurem-Black
|poke|p2|Magnezone
|poke|p2|Pinsir, F
|poke|p2|Gliscor, F
|poke|p2|Slowbro, F
|poke|p2|Latias, F
|rule|Swagger Clause: Swagger is banned
|rule|Baton Pass Clause: Limit one PokÃ©mon knowing Baton Pass
|rule|Sleep Clause Mod: Limit one foe put to sleep
|rule|Species Clause: Limit one of each PokÃ©mon
|rule|OHKO Clause: OHKO moves are banned
|rule|Moody Clause: Moody is banned
|rule|Evasion Moves Clause: Evasion moves are banned
|rule|Endless Battle Clause: Forcing endless battles is banned
|rule|HP Percentage Mod: HP is shown in percentages
|teampreview
|c|âbluri|gl
|c|âSweet Symphony|=
|
|start
|switch|p1a: Azelf|Azelf|291\/291
|switch|p2a: Gliscor|Gliscor, F|354\/354
|turn|1
|
|move|p1a: Azelf|Stealth Rock|p2a: Gliscor
|-sidestart|p2: bluri|move: Stealth Rock
|move|p2a: Gliscor|Knock Off|p1a: Azelf
|-supereffective|p1a: Azelf
|-damage|p1a: Azelf|97\/291
|-enditem|p1a: Azelf|Focus Sash|[from] move: Knock Off|[of] p2a: Gliscor
|
|-status|p2a: Gliscor|tox|[from] item: Toxic Orb
|turn|2
|
|move|p1a: Azelf|Taunt|p2a: Gliscor
|-start|p2a: Gliscor|move: Taunt
|cant|p2a: Gliscor|move: Taunt|Stealth Rock
|
|turn|3
|
|switch|p2a: Slowbro|Slowbro, F|394\/394
|-damage|p2a: Slowbro|345\/394|[from] Stealth Rock
|move|p1a: Azelf|Explosion|p2a: Slowbro
|-damage|p2a: Slowbro|170\/394
|faint|p1a: Azelf
|
|-heal|p2a: Slowbro|194\/394|[from] item: Leftovers
|
|switch|p1a: Azumarill|Azumarill, F|379\/379
|turn|4
|
|move|p1a: Azumarill|Knock Off|p2a: Slowbro
|-supereffective|p2a: Slowbro
|-damage|p2a: Slowbro|14\/394
|-enditem|p2a: Slowbro|Leftovers|[from] move: Knock Off|[of] p1a: Azumarill
|move|p2a: Slowbro|Thunder Wave|p1a: Azumarill
|-status|p1a: Azumarill|par
|
|turn|5
|
|switch|p2a: Gliscor|Gliscor, F|354\/354 tox
|-damage|p2a: Gliscor|310\/354 tox|[from] Stealth Rock
|move|p1a: Azumarill|Aqua Jet|p2a: Gliscor
|-supereffective|p2a: Gliscor
|-damage|p2a: Gliscor|164\/354 tox
|
|-heal|p2a: Gliscor|208\/354 tox|[from] ability: Poison Heal
|turn|6
|
|move|p2a: Gliscor|Stealth Rock|p1a: Azumarill
|-sidestart|p1: Sweet Symphony|move: Stealth Rock
|move|p1a: Azumarill|Play Rough|p2a: Gliscor|[miss]
|-miss|p1a: Azumarill|p2a: Gliscor
|
|-heal|p2a: Gliscor|252\/354 tox|[from] ability: Poison Heal
|turn|7
|
|move|p2a: Gliscor|Earthquake|p1a: Azumarill
|-damage|p1a: Azumarill|255\/379 par
|cant|p1a: Azumarill|par
|
|-heal|p2a: Gliscor|296\/354 tox|[from] ability: Poison Heal
|turn|8
|
|move|p2a: Gliscor|Knock Off|p1a: Azumarill
|-resisted|p1a: Azumarill
|-damage|p1a: Azumarill|215\/379 par
|-enditem|p1a: Azumarill|Assault Vest|[from] move: Knock Off|[of] p2a: Gliscor
|move|p1a: Azumarill|Waterfall|p2a: Gliscor
|-supereffective|p2a: Gliscor
|-damage|p2a: Gliscor|6\/354 tox
|
|-heal|p2a: Gliscor|50\/354 tox|[from] ability: Poison Heal
|turn|9
|
|move|p2a: Gliscor|Earthquake|p1a: Azumarill
|-damage|p1a: Azumarill|94\/379 par
|move|p1a: Azumarill|Play Rough|p2a: Gliscor
|-damage|p2a: Gliscor|0 fnt
|faint|p2a: Gliscor
|
|
|switch|p2a: Slowbro|Slowbro, F|145\/394
|-damage|p2a: Slowbro|96\/394|[from] Stealth Rock
|turn|10
|
|move|p2a: Slowbro|Psyshock|p1a: Azumarill
|-damage|p1a: Azumarill|0 fnt
|faint|p1a: Azumarill
|
|
|switch|p1a: Diggersby|Diggersby, F, shiny|312\/312
|-damage|p1a: Diggersby|293\/312|[from] Stealth Rock
|turn|11
|
|move|p1a: Diggersby|Earthquake|p2a: Slowbro
|-damage|p2a: Slowbro|0 fnt
|faint|p2a: Slowbro
|
|
|switch|p2a: Latias|Latias, F|301\/301
|-damage|p2a: Latias|264\/301|[from] Stealth Rock
|turn|12
|
|move|p2a: Latias|Draco Meteor|p1a: Diggersby
|-damage|p1a: Diggersby|0 fnt
|-unboost|p2a: Latias|spa|2
|-damage|p2a: Latias|234\/301|[from] item: Life Orb
|faint|p1a: Diggersby
|
|
|switch|p1a: Gyarados|Gyarados, M|332\/332
|-damage|p1a: Gyarados|249\/332|[from] Stealth Rock
|-ability|p1a: Gyarados|Intimidate|[of] p2a: Latias
|-unboost|p2a: Latias|atk|1
|turn|13
|
|switch|p2a: Kyurem-Black|Kyurem-Black|391\/391
|-damage|p2a: Kyurem-Black|294\/391|[from] Stealth Rock
|-ability|p2a: Kyurem-Black|Teravolt
|detailschange|p1a: Gyarados|Gyarados-Mega, M
|message|Gyarados has Mega Evolved into Mega Gyarados!
|-ability|p1a: Gyarados|Mold Breaker
|move|p1a: Gyarados|Dragon Dance|p1a: Gyarados
|-boost|p1a: Gyarados|atk|1
|-boost|p1a: Gyarados|spe|1
|
|turn|14
|
|move|p1a: Gyarados|Earthquake|p2a: Kyurem-Black
|-damage|p2a: Kyurem-Black|75\/391
|move|p2a: Kyurem-Black|Fusion Bolt|p1a: Gyarados
|-supereffective|p1a: Gyarados
|-damage|p1a: Gyarados|0 fnt
|-damage|p2a: Kyurem-Black|36\/391|[from] item: Life Orb
|faint|p1a: Gyarados
|
|
|switch|p1a: Thundurus|Thundurus, M|300\/300
|-damage|p1a: Thundurus|225\/300|[from] Stealth Rock
|turn|15
|
|move|p1a: Thundurus|Thunderbolt|p2a: Kyurem-Black
|-resisted|p2a: Kyurem-Black
|-damage|p2a: Kyurem-Black|0 fnt
|faint|p2a: Kyurem-Black
|
|-heal|p1a: Thundurus|243\/300|[from] item: Leftovers
|
|switch|p2a: Magnezone|Magnezone|324\/324
|-damage|p2a: Magnezone|304\/324|[from] Stealth Rock
|turn|16
|
|move|p1a: Thundurus|Focus Blast|p2a: Magnezone
|-supereffective|p2a: Magnezone
|-damage|p2a: Magnezone|0 fnt
|faint|p2a: Magnezone
|
|-heal|p1a: Thundurus|261\/300|[from] item: Leftovers
|
|switch|p2a: Latias|Latias, F|234\/301
|-damage|p2a: Latias|197\/301|[from] Stealth Rock
|turn|17
|
|switch|p1a: Heracross|Heracross, M|322\/322
|-damage|p1a: Heracross|282\/322|[from] Stealth Rock
|move|p2a: Latias|Draco Meteor|p1a: Heracross
|-damage|p1a: Heracross|19\/322
|-unboost|p2a: Latias|spa|2
|-damage|p2a: Latias|167\/301|[from] item: Life Orb
|
|turn|18
|
|move|p1a: Heracross|Megahorn|p2a: Latias
|-supereffective|p2a: Latias
|-damage|p2a: Latias|0 fnt
|faint|p2a: Latias
|
|
|switch|p2a: Pinsir|Pinsir, F|271\/271
|-damage|p2a: Pinsir|204\/271|[from] Stealth Rock
|turn|19
|
|switch|p1a: Thundurus|Thundurus, M|261\/300
|-damage|p1a: Thundurus|186\/300|[from] Stealth Rock
|move|p2a: Pinsir|Quick Attack|p1a: Thundurus
|-damage|p1a: Thundurus|122\/300
|
|-heal|p1a: Thundurus|140\/300|[from] item: Leftovers
|turn|20
|join|Cosine180
|
|move|p1a: Thundurus|Thunderbolt|p2a: Pinsir
|-damage|p2a: Pinsir|0 fnt
|faint|p2a: Pinsir
|
|win|Sweet Symphony
|raw|Ladder updating...
|join|CleanerThanRotom-W
|raw|Sweet Symphony's rating: 1764 &rarr; <strong>1788<\/strong><br \/>(+24 for winning)
|raw|bluri's rating: 1835 &rarr; <strong>1811<\/strong><br \/>(-24 for losing)
|c|âSweet Symphony|gg