|join|Sweet Symphony
|join|tsedtdgs
|player|p1|Sweet Symphony|144
|player|p2|tsedtdgs|23
|gametype|singles
|gen|6
|tier|OU
|rated
|clearpoke
|poke|p1|Heatran, F
|poke|p1|Mamoswine, M
|poke|p1|Breloom, M
|poke|p1|Gardevoir, M
|poke|p1|Azumarill, M
|poke|p1|Zapdos
|poke|p2|Blissey, F
|poke|p2|Chansey, F
|poke|p2|Mandibuzz, F
|poke|p2|Ferrothorn, M
|poke|p2|Skarmory, F
|poke|p2|Gliscor, F
|rule|Swagger Clause: Swagger is banned
|rule|Baton Pass Clause: Limit one PokÃ©mon knowing Baton Pass
|rule|Sleep Clause Mod: Limit one foe put to sleep
|rule|Species Clause: Limit one of each PokÃ©mon
|rule|OHKO Clause: OHKO moves are banned
|rule|Moody Clause: Moody is banned
|rule|Evasion Moves Clause: Evasion moves are banned
|rule|Endless Battle Clause: Forcing endless battles is banned
|rule|HP Percentage Mod: HP is reported as percentages
|teampreview
|
|start
|switch|p1a: Heatran|Heatran, F|386\/386
|switch|p2a: Mahdy's Wee-Wee|Ferrothorn, M|352\/352
|turn|1
|
|switch|p2a: Mahdy|Chansey, F|704\/704
|move|p1a: Heatran|Lava Plume|p2a: Mahdy
|-damage|p2a: Mahdy|622\/704
|
|turn|2
|
|move|p1a: Heatran|Stealth Rock|p2a: Mahdy
|-sidestart|p2: tsedtdgs|move: Stealth Rock
|move|p2a: Mahdy|Stealth Rock|p1a: Heatran
|-sidestart|p1: Sweet Symphony|move: Stealth Rock
|
|turn|3
|
|switch|p1a: Breloom|Breloom, M|262\/262
|-damage|p1a: Breloom|246\/262|[from] Stealth Rock
|move|p2a: Mahdy|Thunder Wave|p1a: Breloom
|-status|p1a: Breloom|par
|
|turn|4
|
|switch|p2a: Mahdy's Wee-Wee|Ferrothorn, M|352\/352
|-damage|p2a: Mahdy's Wee-Wee|330\/352|[from] Stealth Rock
|cant|p1a: Breloom|par
|
|turn|5
|
|move|p1a: Breloom|Superpower|p2a: Mahdy's Wee-Wee
|-supereffective|p2a: Mahdy's Wee-Wee
|-damage|p2a: Mahdy's Wee-Wee|52\/352
|-damage|p1a: Breloom|214\/262 par|[from] ability: Iron Barbs|[of] p2a: Mahdy's Wee-Wee
|-damage|p1a: Breloom|171\/262 par|[from] item: Rocky Helmet|[of] p2a: Mahdy's Wee-Wee
|-unboost|p1a: Breloom|atk|1
|-unboost|p1a: Breloom|def|1
|move|p2a: Mahdy's Wee-Wee|Spikes|p1a: Breloom
|-sidestart|p1: Sweet Symphony|Spikes
|
|turn|6
|
|move|p1a: Breloom|Superpower|p2a: Mahdy's Wee-Wee
|-supereffective|p2a: Mahdy's Wee-Wee
|-damage|p2a: Mahdy's Wee-Wee|0 fnt
|-damage|p1a: Breloom|139\/262 par|[from] ability: Iron Barbs|[of] p2a: Mahdy's Wee-Wee
|-damage|p1a: Breloom|96\/262 par|[from] item: Rocky Helmet|[of] p2a: Mahdy's Wee-Wee
|-unboost|p1a: Breloom|atk|1
|-unboost|p1a: Breloom|def|1
|faint|p2a: Mahdy's Wee-Wee
|
|
|switch|p2a: Mahdy's Butt|Skarmory, F|334\/334
|-damage|p2a: Mahdy's Butt|293\/334|[from] Stealth Rock
|turn|7
|
|switch|p1a: Zapdos|Zapdos|384\/384
|-damage|p1a: Zapdos|288\/384|[from] Stealth Rock
|-ability|p1a: Zapdos|Pressure
|move|p2a: Mahdy's Butt|Whirlwind|p1a: Zapdos
|drag|p1a: Heatran|Heatran, F|386\/386
|-damage|p1a: Heatran|338\/386|[from] Spikes
|-damage|p1a: Heatran|290\/386|[from] Stealth Rock
|
|-heal|p1a: Heatran|314\/386|[from] item: Leftovers
|turn|8
|
|switch|p2a: Mahdybeforepooping|Blissey, F|714\/714
|-damage|p2a: Mahdybeforepooping|625\/714|[from] Stealth Rock
|move|p1a: Heatran|Lava Plume|p2a: Mahdybeforepooping
|-damage|p2a: Mahdybeforepooping|549\/714
|
|-heal|p1a: Heatran|338\/386|[from] item: Leftovers
|-heal|p2a: Mahdybeforepooping|593\/714|[from] item: Leftovers
|turn|9
|
|move|p1a: Heatran|Toxic|p2a: Mahdybeforepooping
|-status|p2a: Mahdybeforepooping|tox
|move|p2a: Mahdybeforepooping|Toxic|p1a: Heatran
|-fail|p1a: Heatran
|
|-heal|p1a: Heatran|362\/386|[from] item: Leftovers
|-heal|p2a: Mahdybeforepooping|637\/714 tox|[from] item: Leftovers
|-damage|p2a: Mahdybeforepooping|593\/714 tox|[from] psn
|turn|10
|
|switch|p2a: Mahdy|Chansey, F|622\/704
|-damage|p2a: Mahdy|534\/704|[from] Stealth Rock
|move|p1a: Heatran|Lava Plume|p2a: Mahdy
|-damage|p2a: Mahdy|458\/704
|
|-heal|p1a: Heatran|386\/386|[from] item: Leftovers
|turn|11
|
|move|p1a: Heatran|Taunt|p2a: Mahdy
|-start|p2a: Mahdy|move: Taunt
|cant|p2a: Mahdy|move: Taunt|Thunder Wave
|
|turn|12
|
|switch|p2a: Mahdybeforepooping|Blissey, F|593\/714
|-damage|p2a: Mahdybeforepooping|504\/714|[from] Stealth Rock
|move|p1a: Heatran|Lava Plume|p2a: Mahdybeforepooping
|-damage|p2a: Mahdybeforepooping|437\/714
|-status|p2a: Mahdybeforepooping|brn
|
|-heal|p2a: Mahdybeforepooping|481\/714 brn|[from] item: Leftovers
|-damage|p2a: Mahdybeforepooping|392\/714 brn|[from] brn
|turn|13
|
|switch|p2a: Amer|Gliscor, F|354\/354
|-damage|p2a: Amer|310\/354|[from] Stealth Rock
|move|p1a: Heatran|Taunt|p2a: Amer
|-start|p2a: Amer|move: Taunt
|
|-status|p2a: Amer|tox|[from] item: Toxic Orb
|turn|14
|
|switch|p1a: Zapdos|Zapdos|288\/384
|-damage|p1a: Zapdos|192\/384|[from] Stealth Rock
|-ability|p1a: Zapdos|Pressure
|move|p2a: Amer|Earthquake|p1a: Zapdos
|-immune|p1a: Zapdos|[msg]
|
|-heal|p1a: Zapdos|216\/384|[from] item: Leftovers
|-heal|p2a: Amer|354\/354 tox|[from] ability: Poison Heal
|turn|15
|
|switch|p2a: Mahdybeforepooping|Blissey, F|392\/714
|-damage|p2a: Mahdybeforepooping|303\/714|[from] Stealth Rock
|move|p1a: Zapdos|Defog|p2a: Mahdybeforepooping
|-unboost|p2a: Mahdybeforepooping|evasion|1
|-sideend|p2: tsedtdgs|Stealth Rock|[from] move: Defog|[of] p2a: Mahdybeforepooping
|-sideend|p1: Sweet Symphony|Spikes|[from] move: Defog|[of] p1a: Zapdos
|-sideend|p1: Sweet Symphony|Stealth Rock|[from] move: Defog|[of] p1a: Zapdos
|
|-heal|p1a: Zapdos|240\/384|[from] item: Leftovers
|-heal|p2a: Mahdybeforepooping|347\/714|[from] item: Leftovers
|turn|16
|
|switch|p1a: Mamoswine|Mamoswine, M|359\/359
|move|p2a: Mahdybeforepooping|Wish|p2a: Mahdybeforepooping
|
|-heal|p2a: Mahdybeforepooping|391\/714|[from] item: Leftovers
|turn|17
|
|move|p2a: Mahdybeforepooping|Protect|p2a: Mahdybeforepooping
|-singleturn|p2a: Mahdybeforepooping|Protect
|move|p1a: Mamoswine|Knock Off|p2a: Mahdybeforepooping
|-activate|p2a: Mahdybeforepooping|Protect
|
|-heal|p2a: Mahdybeforepooping|714\/714|[from] move: Wish|[wisher] Mahdybeforepooping
|turn|18
|
|switch|p2a: Mahdy's Butt|Skarmory, F|293\/334
|move|p1a: Mamoswine|Icicle Spear|p2a: Mahdy's Butt
|-damage|p2a: Mahdy's Butt|257\/334
|-damage|p2a: Mahdy's Butt|225\/334
|-hitcount|p2a: Mahdy's Butt|2
|-damage|p1a: Mamoswine|324\/359|[from] item: Life Orb
|
|turn|19
|
|switch|p1a: Heatran|Heatran, F|386\/386
|move|p2a: Mahdy's Butt|Toxic|p1a: Heatran
|-fail|p1a: Heatran
|
|turn|20
|
|switch|p2a: Mahdy's Nose|Mandibuzz, F|424\/424
|move|p1a: Heatran|Stealth Rock|p2a: Mahdy's Nose
|-sidestart|p2: tsedtdgs|move: Stealth Rock
|
|turn|21
|
|move|p1a: Heatran|Lava Plume|p2a: Mahdy's Nose
|-damage|p2a: Mahdy's Nose|294\/424
|move|p2a: Mahdy's Nose|Knock Off|p1a: Heatran
|-damage|p1a: Heatran|304\/386
|-enditem|p1a: Heatran|Leftovers|[from] move: Knock Off|[of] p2a: Mahdy's Nose
|
|-heal|p2a: Mahdy's Nose|320\/424|[from] item: Leftovers
|turn|22
|chat|tsedtdgs|gunna have to get rid of that leftovers
|
|move|p1a: Heatran|Lava Plume|p2a: Mahdy's Nose
|-damage|p2a: Mahdy's Nose|193\/424
|move|p2a: Mahdy's Nose|Foul Play|p1a: Heatran
|-damage|p1a: Heatran|234\/386
|
|-heal|p2a: Mahdy's Nose|219\/424|[from] item: Leftovers
|turn|23
|
|move|p1a: Heatran|Taunt|p2a: Mahdy's Nose
|-start|p2a: Mahdy's Nose|move: Taunt
|cant|p2a: Mahdy's Nose|move: Taunt|Roost
|
|-heal|p2a: Mahdy's Nose|245\/424|[from] item: Leftovers
|turn|24
|
|switch|p2a: Amer|Gliscor, F|354\/354 tox
|-damage|p2a: Amer|310\/354 tox|[from] Stealth Rock
|move|p1a: Heatran|Lava Plume|p2a: Amer
|-damage|p2a: Amer|157\/354 tox
|
|-heal|p2a: Amer|201\/354 tox|[from] ability: Poison Heal
|turn|25
|
|switch|p1a: Mamoswine|Mamoswine, M|324\/359
|move|p2a: Amer|Substitute|p2a: Amer
|-start|p2a: Amer|Substitute
|-damage|p2a: Amer|113\/354 tox
|
|-heal|p2a: Amer|157\/354 tox|[from] ability: Poison Heal
|turn|26
|
|move|p2a: Amer|Protect|p2a: Amer
|-singleturn|p2a: Amer|Protect
|move|p1a: Mamoswine|Icicle Spear|p2a: Amer
|-activate|p2a: Amer|Protect
|
|-heal|p2a: Amer|201\/354 tox|[from] ability: Poison Heal
|turn|27
|chat|tsedtdgs|lolz God damn so irritating
|chat|tsedtdgs|like each of ur pokemon gets around 1 of mine
|
|switch|p2a: Mahdy's Butt|Skarmory, F|225\/334
|-damage|p2a: Mahdy's Butt|184\/334|[from] Stealth Rock
|move|p1a: Mamoswine|Icicle Spear|p2a: Mahdy's Butt
|-damage|p2a: Mahdy's Butt|149\/334
|-damage|p2a: Mahdy's Butt|113\/334
|-hitcount|p2a: Mahdy's Butt|2
|-damage|p1a: Mamoswine|289\/359|[from] item: Life Orb
|
|turn|28
|chat|Sweet Symphony|:3
|
|move|p1a: Mamoswine|Icicle Spear|p2a: Mahdy's Butt
|-damage|p2a: Mahdy's Butt|78\/334
|-damage|p2a: Mahdy's Butt|39\/334
|-hitcount|p2a: Mahdy's Butt|2
|-damage|p1a: Mamoswine|254\/359|[from] item: Life Orb
|move|p2a: Mahdy's Butt|Roost|p2a: Mahdy's Butt
|-heal|p2a: Mahdy's Butt|206\/334
|
|turn|29
|
|switch|p1a: Gardevoir|Gardevoir, M|277\/277
|-ability|p1a: Gardevoir|Sturdy|[from] ability: Trace|[of] p2a: Mahdy's Butt
|move|p2a: Mahdy's Butt|Roost|p2a: Mahdy's Butt
|-heal|p2a: Mahdy's Butt|334\/334
|
|turn|30
|
|detailschange|p1a: Gardevoir|Gardevoir-Mega, M
|message|Gardevoir has Mega Evolved into Mega Gardevoir!
|move|p1a: Gardevoir|Thunderbolt|p2a: Mahdy's Butt
|-supereffective|p2a: Mahdy's Butt
|-damage|p2a: Mahdy's Butt|12\/334
|move|p2a: Mahdy's Butt|Toxic|p1a: Gardevoir
|-status|p1a: Gardevoir|tox
|
|-damage|p1a: Gardevoir|260\/277 tox|[from] psn
|turn|31
|
|move|p1a: Gardevoir|Hyper Voice|p2a: Mahdy's Butt
|-resisted|p2a: Mahdy's Butt
|-damage|p2a: Mahdy's Butt|0 fnt
|faint|p2a: Mahdy's Butt
|
|-damage|p1a: Gardevoir|226\/277 tox|[from] psn
|
|switch|p2a: Mahdy|Chansey, F|458\/704
|-damage|p2a: Mahdy|370\/704|[from] Stealth Rock
|turn|32
|
|switch|p1a: Breloom|Breloom, M|96\/262 par
|move|p2a: Mahdy|Stealth Rock|p1a: Breloom
|-sidestart|p1: Sweet Symphony|move: Stealth Rock
|
|turn|33
|
|move|p2a: Mahdy|Soft-Boiled|p2a: Mahdy
|-heal|p2a: Mahdy|704\/704
|cant|p1a: Breloom|par
|
|turn|34
|
|switch|p2a: Amer|Gliscor, F|201\/354 tox
|-damage|p2a: Amer|157\/354 tox|[from] Stealth Rock
|move|p1a: Breloom|Rock Tomb|p2a: Amer
|-damage|p2a: Amer|92\/354 tox
|-unboost|p2a: Amer|spe|1
|
|-heal|p2a: Amer|136\/354 tox|[from] ability: Poison Heal
|turn|35
|
|switch|p1a: Mamoswine|Mamoswine, M|254\/359
|-damage|p1a: Mamoswine|210\/359|[from] Stealth Rock
|move|p2a: Amer|Protect|p2a: Amer
|-fail|p2a: Amer
|
|-heal|p2a: Amer|180\/354 tox|[from] ability: Poison Heal
|turn|36
|
|move|p2a: Amer|Protect|p2a: Amer
|-singleturn|p2a: Amer|Protect
|move|p1a: Mamoswine|Icicle Spear|p2a: Amer
|-activate|p2a: Amer|Protect
|
|-heal|p2a: Amer|224\/354 tox|[from] ability: Poison Heal
|turn|37
|
|switch|p2a: Mahdy|Chansey, F|704\/704
|-damage|p2a: Mahdy|616\/704|[from] Stealth Rock
|move|p1a: Mamoswine|Icicle Spear|p2a: Mahdy
|-damage|p2a: Mahdy|542\/704
|-damage|p2a: Mahdy|459\/704
|-damage|p2a: Mahdy|381\/704
|-damage|p2a: Mahdy|303\/704
|-hitcount|p2a: Mahdy|4
|-damage|p1a: Mamoswine|175\/359|[from] item: Life Orb
|
|turn|38
|
|move|p1a: Mamoswine|Earthquake|p2a: Mahdy
|-damage|p2a: Mahdy|5\/704
|-damage|p1a: Mamoswine|140\/359|[from] item: Life Orb
|move|p2a: Mahdy|Soft-Boiled|p2a: Mahdy
|-heal|p2a: Mahdy|357\/704
|
|turn|39
|
|move|p1a: Mamoswine|Knock Off|p2a: Mahdy
|-damage|p2a: Mahdy|148\/704
|-enditem|p2a: Mahdy|Eviolite|[from] move: Knock Off|[of] p1a: Mamoswine
|-damage|p1a: Mamoswine|105\/359|[from] item: Life Orb
|move|p2a: Mahdy|Soft-Boiled|p2a: Mahdy
|-heal|p2a: Mahdy|500\/704
|
|turn|40
|
|move|p1a: Mamoswine|Earthquake|p2a: Mahdy
|-damage|p2a: Mahdy|15\/704
|-damage|p1a: Mamoswine|70\/359|[from] item: Life Orb
|move|p2a: Mahdy|Soft-Boiled|p2a: Mahdy
|-heal|p2a: Mahdy|367\/704
|
|turn|41
|
|move|p1a: Mamoswine|Earthquake|p2a: Mahdy
|-damage|p2a: Mahdy|0 fnt
|-damage|p1a: Mamoswine|35\/359|[from] item: Life Orb
|faint|p2a: Mahdy
|
|
|switch|p2a: Mahdy's Nose|Mandibuzz, F|245\/424
|-damage|p2a: Mahdy's Nose|139\/424|[from] Stealth Rock
|turn|42
|
|move|p1a: Mamoswine|Icicle Spear|p2a: Mahdy's Nose
|-supereffective|p2a: Mahdy's Nose
|-damage|p2a: Mahdy's Nose|58\/424
|-supereffective|p2a: Mahdy's Nose
|-damage|p2a: Mahdy's Nose|0 fnt
|-hitcount|p2a: Mahdy's Nose|2
|-damage|p1a: Mamoswine|0 fnt|[from] item: Life Orb
|faint|p2a: Mahdy's Nose
|faint|p1a: Mamoswine
|
|
|switch|p2a: Mahdybeforepooping|Blissey, F|714\/714
|-damage|p2a: Mahdybeforepooping|625\/714|[from] Stealth Rock
|switch|p1a: Azumarill|Azumarill, M|345\/345
|-damage|p1a: Azumarill|302\/345|[from] Stealth Rock
|turn|43
|
|move|p2a: Mahdybeforepooping|Toxic|p1a: Azumarill
|-status|p1a: Azumarill|tox
|move|p1a: Azumarill|Play Rough|p2a: Mahdybeforepooping
|-damage|p2a: Mahdybeforepooping|0 fnt
|faint|p2a: Mahdybeforepooping
|
|-damage|p1a: Azumarill|281\/345 tox|[from] psn
|
|switch|p2a: Amer|Gliscor, F|224\/354 tox
|-damage|p2a: Amer|180\/354 tox|[from] Stealth Rock
|turn|44
|
|move|p2a: Amer|Protect|p2a: Amer
|-singleturn|p2a: Amer|Protect
|move|p1a: Azumarill|Waterfall|p2a: Amer
|-activate|p2a: Amer|Protect
|
|-heal|p2a: Amer|224\/354 tox|[from] ability: Poison Heal
|-damage|p1a: Azumarill|239\/345 tox|[from] psn
|turn|45
|
|move|p2a: Amer|Substitute|p2a: Amer
|-start|p2a: Amer|Substitute
|-damage|p2a: Amer|136\/354 tox
|move|p1a: Azumarill|Waterfall|p2a: Amer
|-supereffective|p2a: Amer
|-end|p2a: Amer|Substitute
|
|-heal|p2a: Amer|180\/354 tox|[from] ability: Poison Heal
|-damage|p1a: Azumarill|176\/345 tox|[from] psn
|turn|46
|
|switch|p1a: Gardevoir|Gardevoir-Mega, M|226\/277 tox
|-damage|p1a: Gardevoir|192\/277 tox|[from] Stealth Rock
|move|p2a: Amer|Protect|p2a: Amer
|-fail|p2a: Amer
|
|-damage|p1a: Gardevoir|175\/277 tox|[from] psn
|-heal|p2a: Amer|224\/354 tox|[from] ability: Poison Heal
|turn|47
|
|move|p2a: Amer|Protect|p2a: Amer
|-singleturn|p2a: Amer|Protect
|move|p1a: Gardevoir|Hyper Voice|p2a: Amer
|-activate|p2a: Amer|Protect
|
|-damage|p1a: Gardevoir|141\/277 tox|[from] psn
|-heal|p2a: Amer|268\/354 tox|[from] ability: Poison Heal
|turn|48
|
|move|p1a: Gardevoir|Taunt|p2a: Amer
|-start|p2a: Amer|move: Taunt
|move|p2a: Amer|Earthquake|p1a: Gardevoir
|-damage|p1a: Gardevoir|0 fnt
|faint|p1a: Gardevoir
|
|-heal|p2a: Amer|312\/354 tox|[from] ability: Poison Heal
|
|switch|p1a: Azumarill|Azumarill, M|176\/345 tox
|-damage|p1a: Azumarill|133\/345 tox|[from] Stealth Rock
|turn|49
|
|move|p2a: Amer|Earthquake|p1a: Azumarill
|-damage|p1a: Azumarill|0 fnt
|faint|p1a: Azumarill
|
|-heal|p2a: Amer|354\/354 tox|[from] ability: Poison Heal
|chat|Sweet Symphony|oooh shit
|chat|Sweet Symphony|XD
|
|switch|p1a: Breloom|Breloom, M|96\/262 par
|-damage|p1a: Breloom|80\/262 par|[from] Stealth Rock
|turn|50
|
|move|p2a: Amer|Earthquake|p1a: Breloom
|-resisted|p1a: Breloom
|-damage|p1a: Breloom|17\/262 par
|move|p1a: Breloom|Bullet Seed|p2a: Amer
|-damage|p2a: Amer|311\/354 tox
|-damage|p2a: Amer|269\/354 tox
|-hitcount|p2a: Amer|2
|
|-heal|p2a: Amer|313\/354 tox|[from] ability: Poison Heal
|-end|p2a: Amer|move: Taunt
|turn|51
|
|move|p2a: Amer|Protect|p2a: Amer
|-singleturn|p2a: Amer|Protect
|move|p1a: Breloom|Bullet Seed|p2a: Amer
|-activate|p2a: Amer|Protect
|
|-heal|p2a: Amer|354\/354 tox|[from] ability: Poison Heal
|turn|52
|
|move|p2a: Amer|Earthquake|p1a: Breloom
|-resisted|p1a: Breloom
|-damage|p1a: Breloom|0 fnt
|faint|p1a: Breloom
|
|chat|tsedtdgs|lolz
|chat|tsedtdgs|that stealth rock
|
|switch|p1a: Heatran|Heatran, F|234\/386
|-damage|p1a: Heatran|186\/386|[from] Stealth Rock
|turn|53
|
|move|p2a: Amer|Earthquake|p1a: Heatran
|-supereffective|p1a: Heatran
|-damage|p1a: Heatran|0 fnt
|faint|p1a: Heatran
|
|
|switch|p1a: Zapdos|Zapdos|240\/384
|-damage|p1a: Zapdos|144\/384|[from] Stealth Rock
|-ability|p1a: Zapdos|Pressure
|turn|54
|
|move|p2a: Amer|Toxic|p1a: Zapdos
|-status|p1a: Zapdos|tox
|move|p1a: Zapdos|Roost|p1a: Zapdos
|-heal|p1a: Zapdos|336\/384 tox
|
|-heal|p1a: Zapdos|360\/384 tox|[from] item: Leftovers
|-damage|p1a: Zapdos|336\/384 tox|[from] psn
|turn|55
|
|move|p2a: Amer|Protect|p2a: Amer
|-singleturn|p2a: Amer|Protect
|move|p1a: Zapdos|Heat Wave|p2a: Amer
|-activate|p2a: Amer|Protect
|
|-heal|p1a: Zapdos|360\/384 tox|[from] item: Leftovers
|-damage|p1a: Zapdos|312\/384 tox|[from] psn
|turn|56
|chat|Sweet Symphony|gg uwu
|-message|Sweet Symphony forfeited.
|
|win|tsedtdgs
|raw|Ladder updating...
|leave|Sweet Symphony
|player|p1
|raw|Sweet Symphony's rating: 1321 &rarr; <strong>1295<\/strong><br \/>(-26 for losing)
|raw|tsedtdgs's rating: 1205 &rarr; <strong>1238<\/strong><br \/>(+33 for winning)