|join|WebBowser
|join|Sweet Symphony
|player|p1|WebBowser|92
|player|p2|Sweet Symphony|66
|gametype|singles
|gen|6
|tier|OU
|rated
|clearpoke
|poke|p1|Scolipede, M
|poke|p1|Espeon, F
|poke|p1|Latios, M
|poke|p1|Terrakion
|poke|p1|Charizard, M
|poke|p1|Wobbuffet, F
|poke|p2|Politoed, M
|poke|p2|Omastar, M
|poke|p2|Heracross, M
|poke|p2|Kingdra, F
|poke|p2|Latias, F
|poke|p2|Ferrothorn, M
|rule|Swagger Clause: Swagger is banned
|rule|Baton Pass Clause: Limit one PokÃ©mon knowing Baton Pass
|rule|Sleep Clause Mod: Limit one foe put to sleep
|rule|Species Clause: Limit one of each PokÃ©mon
|rule|OHKO Clause: OHKO moves are banned
|rule|Moody Clause: Moody is banned
|rule|Evasion Moves Clause: Evasion moves are banned
|rule|Endless Battle Clause: Forcing endless battles is banned
|rule|HP Percentage Mod: HP is shown in percentages
|teampreview
|c|âWebBowser|oh cool, rain team. Been meaning to test my team on one of these
|
|start
|switch|p1a: Latios|Latios, M|364\/364
|switch|p2a: Politoed|Politoed, M|383\/383
|-weather|RainDance
|turn|1
|
|switch|p2a: Ferrothorn|Ferrothorn, M|352\/352
|move|p1a: Latios|Light Screen|p1a: Latios
|-sidestart|p1: WebBowser|move: Light Screen
|
|-weather|RainDance|[upkeep]
|turn|2
|
|switch|p1a: Oh no it's|Wobbuffet, F|584\/584
|move|p2a: Ferrothorn|Gyro Ball|p1a: Oh no it's
|-damage|p1a: Oh no it's|466\/584
|
|-weather|RainDance|[upkeep]
|turn|3
|
|move|p1a: Oh no it's|Encore|p2a: Ferrothorn
|-start|p2a: Ferrothorn|Encore
|move|p2a: Ferrothorn|Gyro Ball|p1a: Oh no it's
|-damage|p1a: Oh no it's|357\/584
|
|-weather|RainDance|[upkeep]
|turn|4
|c|âWebBowser|gotta love being outsped by a wobbuffet
|
|move|p2a: Ferrothorn|Gyro Ball|p1a: Oh no it's
|-damage|p1a: Oh no it's|255\/584
|-enditem|p1a: Oh no it's|Sitrus Berry|[eat]
|-heal|p1a: Oh no it's|401\/584|[from] item: Sitrus Berry
|move|p1a: Oh no it's|Counter|p2a: Ferrothorn
|-damage|p2a: Ferrothorn|148\/352
|-damage|p1a: Oh no it's|328\/584|[from] ability: Iron Barbs|[of] p2a: Ferrothorn
|
|-weather|RainDance|[upkeep]
|-heal|p2a: Ferrothorn|170\/352|[from] item: Leftovers
|turn|5
|
|move|p2a: Ferrothorn|Gyro Ball|p1a: Oh no it's
|-damage|p1a: Oh no it's|210\/584
|move|p1a: Oh no it's|Counter|p2a: Ferrothorn
|-damage|p2a: Ferrothorn|0 fnt
|-damage|p1a: Oh no it's|137\/584|[from] ability: Iron Barbs|[of] p2a: Ferrothorn
|faint|p2a: Ferrothorn
|
|-weather|RainDance|[upkeep]
|
|switch|p2a: Kingdra|Kingdra, F|327\/327
|turn|6
|
|move|p2a: Kingdra|Surf|p1a: Oh no it's
|-damage|p1a: Oh no it's|0 fnt
|-damage|p2a: Kingdra|295\/327|[from] item: Life Orb
|faint|p1a: Oh no it's
|
|-weather|RainDance|[upkeep]
|
|switch|p1a: Latios|Latios, M|364\/364
|turn|7
|
|move|p2a: Kingdra|Draco Meteor|p1a: Latios
|-supereffective|p1a: Latios
|-damage|p1a: Latios|109\/364
|-unboost|p2a: Kingdra|spa|2
|-damage|p2a: Kingdra|263\/327|[from] item: Life Orb
|move|p1a: Latios|Reflect|p1a: Latios
|-sidestart|p1: WebBowser|Reflect
|
|-weather|RainDance|[upkeep]
|turn|8
|
|move|p2a: Kingdra|Draco Meteor|p1a: Latios
|-supereffective|p1a: Latios
|-damage|p1a: Latios|0 fnt
|-unboost|p2a: Kingdra|spa|2
|-damage|p2a: Kingdra|231\/327|[from] item: Life Orb
|faint|p1a: Latios
|
|-weather|none
|-sideend|p1: WebBowser|move: Light Screen
|
|switch|p1a: Scolipede|Scolipede, M|323\/323
|turn|9
|
|switch|p2a: Politoed|Politoed, M|383\/383
|-weather|RainDance
|move|p1a: Scolipede|Iron Defense|p1a: Scolipede
|-boost|p1a: Scolipede|def|2
|
|-weather|RainDance|[upkeep]
|-boost|p1a: Scolipede|spe|1|[from] ability: Speed Boost
|turn|10
|
|move|p1a: Scolipede|Protect|p1a: Scolipede
|-singleturn|p1a: Scolipede|Protect
|move|p2a: Politoed|Encore|p1a: Scolipede
|-activate|p1a: Scolipede|Protect
|
|-weather|RainDance|[upkeep]
|-boost|p1a: Scolipede|spe|1|[from] ability: Speed Boost
|turn|11
|
|move|p1a: Scolipede|Substitute|p1a: Scolipede
|-start|p1a: Scolipede|Substitute
|-damage|p1a: Scolipede|243\/323
|move|p2a: Politoed|Encore|p1a: Scolipede
|-start|p1a: Scolipede|Encore
|-enditem|p1a: Scolipede|Mental Herb
|-end|p1a: Scolipede|Encore
|
|-weather|RainDance|[upkeep]
|-boost|p1a: Scolipede|spe|1|[from] ability: Speed Boost
|turn|12
|c|âSweet Symphony|rofl
|c|âWebBowser|what's so funny?
|
|switch|p2a: Heracross|Heracross, M|311\/311
|move|p1a: Scolipede|Baton Pass|p1a: Scolipede
|
|switch|p1a: Charizard|Charizard, M|359\/359
|
|-weather|RainDance|[upkeep]
|turn|13
|c|âSweet Symphony|ur mom
|c|âSweet Symphony|is funny
|
|detailschange|p1a: Charizard|Charizard-Mega-X, M
|-mega|p1a: Charizard|Charizard|Charizardite X
|detailschange|p2a: Heracross|Heracross-Mega, M
|-mega|p2a: Heracross|Heracross|Heracronite
|move|p1a: Charizard|Swords Dance|p1a: Charizard
|-boost|p1a: Charizard|atk|2
|move|p2a: Heracross|Rock Blast|p1a: Charizard
|-supereffective|p1a: Charizard
|-activate|p1a: Charizard|Substitute|[damage]
|-supereffective|p1a: Charizard
|-activate|p1a: Charizard|Substitute|[damage]
|-supereffective|p1a: Charizard
|-activate|p1a: Charizard|Substitute|[damage]
|-supereffective|p1a: Charizard
|-activate|p1a: Charizard|Substitute|[damage]
|-supereffective|p1a: Charizard
|-end|p1a: Charizard|Substitute
|-hitcount|p1a: Charizard|5
|
|-weather|RainDance|[upkeep]
|turn|14
|
|move|p1a: Charizard|Flare Blitz|p2a: Heracross
|-supereffective|p2a: Heracross
|-damage|p2a: Heracross|0 fnt
|-damage|p1a: Charizard|256\/359|[from] recoil|[of] p2a: Heracross
|faint|p2a: Heracross
|
|-weather|RainDance|[upkeep]
|-sideend|p1: WebBowser|Reflect
|c|âWebBowser|ur heracross is also pretty funny
|
|switch|p2a: Lord Helix|Omastar, M|314\/314
|turn|15
|c|âWebBowser|praise helix
|
|move|p1a: Charizard|Dragon Claw|p2a: Lord Helix
|-damage|p2a: Lord Helix|1\/314
|move|p2a: Lord Helix|Surf|p1a: Charizard
|-damage|p1a: Charizard|0 fnt
|faint|p1a: Charizard
|
|-weather|RainDance|[upkeep]
|c|âSweet Symphony|:]]
|c|âWebBowser|PRAAAAAAAAISE HELIX!
|
|switch|p1a: Scolipede|Scolipede, M|243\/323
|turn|16
|
|move|p1a: Scolipede|Protect|p1a: Scolipede
|-singleturn|p1a: Scolipede|Protect
|move|p2a: Lord Helix|Shell Smash|p2a: Lord Helix
|-boost|p2a: Lord Helix|atk|2
|-boost|p2a: Lord Helix|spa|2
|-boost|p2a: Lord Helix|spe|2
|-unboost|p2a: Lord Helix|def|1
|-unboost|p2a: Lord Helix|spd|1
|-enditem|p2a: Lord Helix|White Herb
|-restoreboost|p2a: Lord Helix|[silent]
|
|-weather|none
|-boost|p1a: Scolipede|spe|1|[from] ability: Speed Boost
|turn|17
|c|âSweet Symphony|:]]
|c|âSweet Symphony|mi mummy
|
|move|p1a: Scolipede|Substitute|p1a: Scolipede
|-start|p1a: Scolipede|Substitute
|-damage|p1a: Scolipede|163\/323
|move|p2a: Lord Helix|Surf|p1a: Scolipede
|-end|p1a: Scolipede|Substitute
|
|-boost|p1a: Scolipede|spe|1|[from] ability: Speed Boost
|turn|18
|
|move|p1a: Scolipede|Baton Pass|p1a: Scolipede
|c|âSweet Symphony|esto va para replays epics
|c|âSweet Symphony|ok
|
|switch|p1a: Terrakion|Terrakion|323\/323
|move|p2a: Lord Helix|Surf|p1a: Terrakion
|-supereffective|p1a: Terrakion
|-damage|p1a: Terrakion|0 fnt
|faint|p1a: Terrakion
|
|c|âSweet Symphony|rofl
|c|âWebBowser|I think this is g
|c|âSweet Symphony|no bg
|
|switch|p1a: Espeon|Espeon, F|334\/334
|turn|19
|
|move|p2a: Lord Helix|Surf|p1a: Espeon
|-damage|p1a: Espeon|0 fnt
|faint|p1a: Espeon
|
|c|âWebBowser|gg
|c|âSweet Symphony|bg
|-message|WebBowser forfeited.
|leave|WebBowser
|c|âSweet Symphony|:]
|
|win|Sweet Symphony
|raw|Ladder updating...
|player|p1