|join|Bryant Test
|join|Sweet Symphony
|player|p1|Bryant Test|bryant2.gif
|player|p2|Sweet Symphony|neo1.gif
|gametype|singles
|gen|6
|tier|OU
|rated
|clearpoke
|poke|p1|Sylveon, M
|poke|p1|Venusaur, M
|poke|p1|Heatran, M
|poke|p1|Chansey, F
|poke|p1|Keldeo-Resolute
|poke|p1|Latios, M
|poke|p2|Reuniclus, F
|poke|p2|Heatran, M
|poke|p2|Rotom-Wash
|poke|p2|Chesnaught, M
|poke|p2|Heracross, M
|poke|p2|Mew
|rule|ClÃ¡usula de Swagger: se prohibe el uso de Swagger
|rule|ClÃ¡usula de Baton Pass: se prohÃ­be mÃ¡s de 1 PokÃ©mon con Baton Pass
|rule|ClÃ¡usula de Dormir: solo puedes dormir a uno de tus oponentes a la vez.
|rule|ClÃ¡usula de Especie: Hasta un PokÃ©mon de cada especie
|rule|ClÃ¡usula de Golpe Fulminante: los movimientos fulminantes (OHKO) estan prohibidos
|rule|ClÃ¡usula de Moody: la habilidad Moody estÃ¡ prohibida
|rule|ClÃ¡usula de Movimientos Evasivos: los movimientos de evasion estan prohibidos
|rule|ClÃ¡usula de Batallas Eternas: forzar batallas eternas estÃ¡ prohibido
|rule|Modo de Porcentaje de HP: el HP es reportado como porcentaje
|teampreview
|chat|Bryant Test|Suerte xd
|chat|Bryant Test|ya me jodi xD
|join|TÎ¿sTito'
|chat|Bryant Test|no cargo sweepers fisicos ;-;
|join|noe- 1
|chat|Bryant Test|._.\/
|chat|Bryant Test|no soy tan mamon xp
|
|start
|switch|p1a: Sylveon|Sylveon, M|394\/394
|switch|p2a: Heatran|Heatran, M|386\/386
|turn|1
|chat|Sweet Symphony|jajaja
|chat|Sweet Symphony|sorry 
|chat|Bryant Test|xD
|chat|Sweet Symphony|es que estoy la 6 batallas del main
|chat|Sweet Symphony|mas esto es imposible
|chat|Sweet Symphony|xd
|
|move|p2a: Heatran|Stealth Rock|p1a: Sylveon
|-sidestart|p1: Bryant Test|move: Stealth Rock
|move|p1a: Sylveon|Hidden Power|p2a: Heatran
|-supereffective|p2a: Heatran
|-damage|p2a: Heatran|70\/386
|
|-heal|p2a: Heatran|94\/386|[from] item: Leftovers
|turn|2
|chat|Bryant Test|XD te espero :v
|chat|Sweet Symphony|no ya acabe
|
|switch|p1a: Latios|Latios, M|302\/302
|-damage|p1a: Latios|265\/302|[from] Stealth Rock
|move|p2a: Heatran|Protect|p2a: Heatran
|-fail|p2a: Heatran
|
|-heal|p2a: Heatran|118\/386|[from] item: Leftovers
|turn|3
|chat|Sweet Symphony|perdi 3 seguidas por hax :T
|chat|Bryant Test|okey xd
|
|move|p2a: Heatran|Protect|p2a: Heatran
|-singleturn|p2a: Heatran|Protect
|move|p1a: Latios|Defog|p2a: Heatran
|-activate|p2a: Heatran|Protect
|
|-heal|p2a: Heatran|142\/386|[from] item: Leftovers
|turn|4
|
|switch|p1a: Heatran|Heatran, M|386\/386
|-damage|p1a: Heatran|338\/386|[from] Stealth Rock
|move|p2a: Heatran|Toxic|p1a: Heatran
|-fail|p1a: Heatran
|
|-heal|p1a: Heatran|362\/386|[from] item: Leftovers
|-heal|p2a: Heatran|166\/386|[from] item: Leftovers
|turn|5
|
|move|p2a: Heatran|Protect|p2a: Heatran
|-singleturn|p2a: Heatran|Protect
|move|p1a: Heatran|Stealth Rock|p2a: Heatran
|-sidestart|p2: Sweet Symphony|move: Stealth Rock
|
|-heal|p2a: Heatran|190\/386|[from] item: Leftovers
|-heal|p1a: Heatran|386\/386|[from] item: Leftovers
|turn|6
|
|switch|p2a: Rotom-Wash|Rotom-Wash|304\/304
|-damage|p2a: Rotom-Wash|266\/304|[from] Stealth Rock
|move|p1a: Heatran|Earth Power|p2a: Rotom-Wash
|-immune|p2a: Rotom-Wash|[msg]
|
|-heal|p2a: Rotom-Wash|285\/304|[from] item: Leftovers
|turn|7
|
|switch|p1a: Venusaur|Venusaur, M|364\/364
|-damage|p1a: Venusaur|319\/364|[from] Stealth Rock
|move|p2a: Rotom-Wash|Volt Switch|p1a: Venusaur
|-resisted|p1a: Venusaur
|-damage|p1a: Venusaur|273\/364
|
|switch|p2a: Reuniclus|Reuniclus, F|424\/424
|
|turn|8
|join|M13 Jhog
|leave|M13 Jhog
|chat|Sweet Symphony|vamos  bry 7n7
|
|detailschange|p1a: Venusaur|Venusaur-Mega, M
|message|Venusaur ha megaevolucionado a Venusaur-Mega!
|move|p1a: Venusaur|Sleep Powder|p2a: Reuniclus
|-status|p2a: Reuniclus|slp
|cant|p2a: Reuniclus|slp
|
|turn|9
|chat|Bryant Test|que? xd
|
|move|p1a: Venusaur|Leech Seed|p2a: Reuniclus
|-start|p2a: Reuniclus|move: Leech Seed
|cant|p2a: Reuniclus|slp
|
|turn|10
|chat|Sweet Symphony|oye que
|chat|Sweet Symphony|eso es feo uwu
|chat|Bryant Test|fuck no cambias xd
|
|switch|p1a: Sylveon|Sylveon, M|394\/394
|-damage|p1a: Sylveon|345\/394|[from] Stealth Rock
|-curestatus|p2a: Reuniclus|slp|[from] slp
|move|p2a: Reuniclus|Trick Room|p2a: Reuniclus
|-fieldstart|move: Trick Room|[of] p2a: Reuniclus
|
|turn|11
|
|move|p2a: Reuniclus|Calm Mind|p2a: Reuniclus
|-boost|p2a: Reuniclus|spa|1
|-boost|p2a: Reuniclus|spd|1
|move|p1a: Sylveon|Hyper Voice|p2a: Reuniclus
|-damage|p2a: Reuniclus|210\/424
|
|-heal|p2a: Reuniclus|236\/424|[from] item: Leftovers
|turn|12
|chat|Sweet Symphony|specs
|chat|Sweet Symphony|igual yo lo uso <3
|chat|Bryant Test|uwu
|
|move|p2a: Reuniclus|Calm Mind|p2a: Reuniclus
|-boost|p2a: Reuniclus|spa|1
|-boost|p2a: Reuniclus|spd|1
|move|p1a: Sylveon|Hyper Voice|p2a: Reuniclus
|-damage|p2a: Reuniclus|56\/424
|
|-heal|p2a: Reuniclus|82\/424|[from] item: Leftovers
|turn|13
|
|move|p2a: Reuniclus|Recover|p2a: Reuniclus
|-heal|p2a: Reuniclus|294\/424
|move|p1a: Sylveon|Hyper Voice|p2a: Reuniclus
|-damage|p2a: Reuniclus|117\/424
|
|-heal|p2a: Reuniclus|143\/424|[from] item: Leftovers
|turn|14
|chat|Bryant Test|critico xd
|
|move|p2a: Reuniclus|Recover|p2a: Reuniclus
|-heal|p2a: Reuniclus|355\/424
|move|p1a: Sylveon|Hyper Voice|p2a: Reuniclus
|-crit|p2a: Reuniclus
|-damage|p2a: Reuniclus|0 fnt
|faint|p2a: Reuniclus
|
|-fieldend|move: Trick Room
|chat|Sweet Symphony|>_>
|chat|Bryant Test|jajjajaja
|chat|Bryant Test|XD
|
|switch|p2a: Heatran|Heatran, M|190\/386
|-damage|p2a: Heatran|142\/386|[from] Stealth Rock
|turn|15
|chat|Bryant Test|controlo la hax ywy
|
|switch|p1a: Heatran|Heatran, M|386\/386
|-damage|p1a: Heatran|338\/386|[from] Stealth Rock
|move|p2a: Heatran|Toxic|p1a: Heatran
|-fail|p1a: Heatran
|
|-heal|p1a: Heatran|362\/386|[from] item: Leftovers
|-heal|p2a: Heatran|166\/386|[from] item: Leftovers
|turn|16
|chat|Sweet Symphony|;-;
|chat|Sweet Symphony|con ese te swipeaba
|
|move|p2a: Heatran|Protect|p2a: Heatran
|-singleturn|p2a: Heatran|Protect
|move|p1a: Heatran|Ancient Power|p2a: Heatran
|-activate|p2a: Heatran|Protect
|
|-heal|p2a: Heatran|190\/386|[from] item: Leftovers
|-heal|p1a: Heatran|386\/386|[from] item: Leftovers
|turn|17
|chat|Bryant Test|lose xd
|
|switch|p2a: Mew|Mew|404\/404
|-damage|p2a: Mew|354\/404|[from] Stealth Rock
|move|p1a: Heatran|Earth Power|p2a: Mew
|-damage|p2a: Mew|290\/404
|
|-heal|p2a: Mew|315\/404|[from] item: Leftovers
|turn|18
|
|move|p2a: Mew|Earthquake|p1a: Heatran
|-supereffective|p1a: Heatran
|-damage|p1a: Heatran|146\/386
|move|p1a: Heatran|Lava Plume|p2a: Mew
|-damage|p2a: Mew|228\/404
|
|-heal|p2a: Mew|253\/404|[from] item: Leftovers
|-heal|p1a: Heatran|170\/386|[from] item: Leftovers
|turn|19
|chat|Sweet Symphony|tomta
|chat|Sweet Symphony|:v
|chat|Bryant Test|XD
|
|switch|p1a: Venusaur|Venusaur-Mega, M|273\/364
|-damage|p1a: Venusaur|228\/364|[from] Stealth Rock
|move|p2a: Mew|Will-O-Wisp|p1a: Venusaur
|-status|p1a: Venusaur|brn
|
|-heal|p2a: Mew|278\/404|[from] item: Leftovers
|-damage|p1a: Venusaur|183\/364 brn|[from] brn
|turn|20
|
|move|p1a: Venusaur|Sludge Bomb|p2a: Mew
|-damage|p2a: Mew|187\/404
|-status|p2a: Mew|psn
|move|p2a: Mew|Trick Room|p2a: Mew
|-fieldstart|move: Trick Room|[of] p2a: Mew
|
|-heal|p2a: Mew|212\/404 psn|[from] item: Leftovers
|-damage|p1a: Venusaur|138\/364 brn|[from] brn
|-damage|p2a: Mew|162\/404 psn|[from] psn
|turn|21
|chat|Bryant Test|:3
|chat|Sweet Symphony|;C
|
|switch|p2a: Heracross|Heracross, M|364\/364
|-damage|p2a: Heracross|319\/364|[from] Stealth Rock
|move|p1a: Venusaur|Sludge Bomb|p2a: Heracross
|-damage|p2a: Heracross|187\/364
|-status|p2a: Heracross|psn
|
|-damage|p2a: Heracross|142\/364 psn|[from] psn
|-damage|p1a: Venusaur|93\/364 brn|[from] brn
|turn|22
|chat|Bryant Test|:3
|chat|Sweet Symphony|oye que
|chat|Sweet Symphony|suicida
|chat|Bryant Test|xD
|
|detailschange|p2a: Heracross|Heracross-Mega, M
|message|Heracross ha megaevolucionado a Heracross-Mega!
|move|p2a: Heracross|Pin Missile|p1a: Venusaur
|-damage|p1a: Venusaur|56\/364 brn
|-damage|p1a: Venusaur|16\/364 brn
|-damage|p1a: Venusaur|0 fnt
|-hitcount|p1a: Venusaur|3
|faint|p1a: Venusaur
|
|-damage|p2a: Heracross|97\/364 psn|[from] psn
|chat|Sweet Symphony|aun asÃ­ mata otro :3
|chat|Sweet Symphony|otros 3
|chat|Sweet Symphony|2*
|
|switch|p1a: Heatran|Heatran, M|170\/386
|-damage|p1a: Heatran|122\/386|[from] Stealth Rock
|turn|23
|leave|noe- 1
|join|noe- 1
|
|switch|p1a: Latios|Latios, M|265\/302
|-damage|p1a: Latios|228\/302|[from] Stealth Rock
|move|p2a: Heracross|Rock Blast|p1a: Latios
|-damage|p1a: Latios|172\/302
|-crit|p1a: Latios
|-damage|p1a: Latios|88\/302
|-crit|p1a: Latios
|-damage|p1a: Latios|5\/302
|-damage|p1a: Latios|0 fnt
|-hitcount|p1a: Latios|4
|faint|p1a: Latios
|
|-damage|p2a: Heracross|52\/364 psn|[from] psn
|chat|Bryant Test|jodete xD
|chat|Sweet Symphony|lel 
|chat|Sweet Symphony|igual muere
|chat|Sweet Symphony|jaja
|
|switch|p1a: Chansey|Chansey, F|704\/704
|-damage|p1a: Chansey|616\/704|[from] Stealth Rock
|turn|24
|
|move|p1a: Chansey|Protect|p1a: Chansey
|-singleturn|p1a: Chansey|Protect
|move|p2a: Heracross|Close Combat|p1a: Chansey
|-activate|p1a: Chansey|Protect
|
|-damage|p2a: Heracross|7\/364 psn|[from] psn
|-fieldend|move: Trick Room
|turn|25
|chat|Sweet Symphony|si!
|
|move|p2a: Heracross|Close Combat|p1a: Chansey
|-supereffective|p1a: Chansey
|-damage|p1a: Chansey|0 fnt
|-unboost|p2a: Heracross|def|1
|-unboost|p2a: Heracross|spd|1
|faint|p1a: Chansey
|
|-damage|p2a: Heracross|0 fnt|[from] psn
|faint|p2a: Heracross
|chat|Sweet Symphony|resistio jaja
|chat|Bryant Test|no mames XD
|chat|Bryant Test|eso que?? xD
|
|switch|p2a: Rotom-Wash|Rotom-Wash|285\/304
|-damage|p2a: Rotom-Wash|247\/304|[from] Stealth Rock
|switch|p1a: Sylveon|Sylveon, M|345\/394
|-damage|p1a: Sylveon|296\/394|[from] Stealth Rock
|turn|26
|
|move|p2a: Rotom-Wash|Hydro Pump|p1a: Sylveon
|-damage|p1a: Sylveon|194\/394
|move|p1a: Sylveon|Hyper Voice|p2a: Rotom-Wash
|-damage|p2a: Rotom-Wash|49\/304
|
|-heal|p2a: Rotom-Wash|68\/304|[from] item: Leftovers
|turn|27
|
|move|p2a: Rotom-Wash|Hydro Pump|p1a: Sylveon
|-damage|p1a: Sylveon|94\/394
|move|p1a: Sylveon|Hyper Voice|p2a: Rotom-Wash
|-damage|p2a: Rotom-Wash|0 fnt
|faint|p2a: Rotom-Wash
|
|
|switch|p2a: Heatran|Heatran, M|190\/386
|-damage|p2a: Heatran|142\/386|[from] Stealth Rock
|turn|28
|leave|noe- 1
|
|switch|p1a: Heatran|Heatran, M|122\/386
|-damage|p1a: Heatran|74\/386|[from] Stealth Rock
|move|p2a: Heatran|Lava Plume|p1a: Heatran
|-start|p1a: Heatran|ability: Flash Fire
|
|-heal|p2a: Heatran|166\/386|[from] item: Leftovers
|-heal|p1a: Heatran|98\/386|[from] item: Leftovers
|turn|29
|chat|Sweet Symphony|noe 1
|chat|Sweet Symphony|jajajaja
|join|sylveon specs
|chat|Bryant Test|xD
|
|move|p2a: Heatran|Protect|p2a: Heatran
|-singleturn|p2a: Heatran|Protect
|move|p1a: Heatran|Earth Power|p2a: Heatran
|-activate|p2a: Heatran|Protect
|
|-heal|p2a: Heatran|190\/386|[from] item: Leftovers
|-heal|p1a: Heatran|122\/386|[from] item: Leftovers
|turn|30
|
|move|p2a: Heatran|Toxic|p1a: Heatran
|-fail|p1a: Heatran
|move|p1a: Heatran|Earth Power|p2a: Heatran
|-supereffective|p2a: Heatran
|-damage|p2a: Heatran|0 fnt
|faint|p2a: Heatran
|
|-heal|p1a: Heatran|146\/386|[from] item: Leftovers
|chat|Bryant Test|??
|
|switch|p2a: Mew|Mew|162\/404 psn
|-damage|p2a: Mew|112\/404 psn|[from] Stealth Rock
|turn|31
|chat|Sweet Symphony|si pierdo a mew valio
|
|move|p2a: Mew|Earthquake|p1a: Heatran
|-supereffective|p1a: Heatran
|-damage|p1a: Heatran|0 fnt
|faint|p1a: Heatran
|
|-heal|p2a: Mew|137\/404 psn|[from] item: Leftovers
|-damage|p2a: Mew|87\/404 psn|[from] psn
|
|switch|p1a: Keldeo-Resolute|Keldeo-Resolute|324\/324
|-damage|p1a: Keldeo-Resolute|304\/324|[from] Stealth Rock
|turn|32
|chat|Bryant Test|gg
|chat|Bryant Test|xD
|chat|Sweet Symphony|a tu puto keldeo con hidde fly
|chat|Sweet Symphony|;-;
|
|move|p1a: Keldeo-Resolute|Scald|p2a: Mew
|-damage|p2a: Mew|0 fnt
|faint|p2a: Mew
|
|-heal|p1a: Keldeo-Resolute|324\/324|[from] item: Leftovers
|
|switch|p2a: Chesnaught|Chesnaught, M|380\/380
|-damage|p2a: Chesnaught|357\/380|[from] Stealth Rock
|turn|33
|
|move|p1a: Keldeo-Resolute|Hidden Power|p2a: Chesnaught
|-supereffective|p2a: Chesnaught
|-damage|p2a: Chesnaught|0 fnt
|faint|p2a: Chesnaught
|
|win|Bryant Test
Bryant Test ha ganado 3.25 PokeDolares.
|raw|Ladder actualizandose...
|raw|Puntaje de Bryant Test: 1252 &rarr; <strong>1262<\/strong><br \/>(+10 por ganar)
|raw|Puntaje de Sweet Symphony: 1000 &rarr; <strong>1000<\/strong><br \/>(+0 por perder)
|chat|Bryant Test|uwu
|chat|Sweet Symphony|;c pinshe haxer
|leave|sylveon specs