|join|Arcaninseanps92
|join|Sweet Symphony
|player|p1|Arcaninseanps92|51
|player|p2|Sweet Symphony|56
|gametype|singles
|gen|6
|tier|OU
|rated
|clearpoke
|poke|p1|Politoed, M
|poke|p1|Azumarill, F
|poke|p1|Rotom-Wash
|poke|p1|Manaphy
|poke|p1|Lanturn, F
|poke|p1|Gyarados, M
|poke|p2|Latios, M
|poke|p2|Chansey, F
|poke|p2|Landorus, M
|poke|p2|Slowbro, M
|poke|p2|Azumarill, M
|poke|p2|Tyranitar, F
|rule|ClÃ¡usula de Swagger: se prohibe el uso de Swagger
|rule|ClÃ¡usula de Baton Pass: se prohÃ­be mÃ¡s de 1 PokÃ©mon con Baton Pass
|rule|ClÃ¡usula de Dormir: solo puedes dormir a uno de tus oponentes a la vez.
|rule|ClÃ¡usula de Especie: Hasta un PokÃ©mon de cada especie
|rule|ClÃ¡usula de Golpe Fulminante: los movimientos fulminantes (OHKO) estan prohibidos
|rule|ClÃ¡usula de Moody: la habilidad Moody estÃ¡ prohibida
|rule|ClÃ¡usula de Movimientos Evasivos: los movimientos de evasion estan prohibidos
|rule|ClÃ¡usula de Batallas Eternas: forzar batallas eternas estÃ¡ prohibido
|rule|Modo de Porcentaje de HP: el HP es mostrado en porcentaje
|teampreview
|
|start
|switch|p1a: Politoed|Politoed, M|384\/384
|switch|p2a: Latios|Latios, M|302\/302
|-weather|RainDance
|turn|1
|
|move|p1a: Politoed|Protect|p1a: Politoed
|-singleturn|p1a: Politoed|Protect
|move|p2a: Latios|Psyshock|p1a: Politoed
|-activate|p1a: Politoed|Protect
|
|-weather|RainDance|[upkeep]
|turn|2
|
|switch|p1a: Azumarill|Azumarill, F|377\/377
|move|p2a: Latios|Psyshock|p1a: Azumarill
|-damage|p1a: Azumarill|136\/377
|
|-weather|RainDance|[upkeep]
|turn|3
|
|switch|p1a: Lanturn|Lanturn, F|454\/454
|move|p2a: Latios|Psyshock|p1a: Lanturn
|-damage|p1a: Lanturn|250\/454
|
|-weather|RainDance|[upkeep]
|-heal|p1a: Lanturn|278\/454|[from] item: Leftovers
|turn|4
|
|move|p2a: Latios|Psyshock|p1a: Lanturn
|-damage|p1a: Lanturn|53\/454
|move|p1a: Lanturn|Thunder Wave|p2a: Latios
|-status|p2a: Latios|par
|
|-weather|RainDance|[upkeep]
|-heal|p1a: Lanturn|81\/454|[from] item: Leftovers
|turn|5
|
|move|p1a: Lanturn|Scald|p2a: Latios
|-resisted|p2a: Latios
|-damage|p2a: Latios|252\/302 par
|cant|p2a: Latios|par
|
|-weather|RainDance|[upkeep]
|-heal|p1a: Lanturn|109\/454|[from] item: Leftovers
|turn|6
|
|move|p1a: Lanturn|Scald|p2a: Latios
|-resisted|p2a: Latios
|-damage|p2a: Latios|197\/302 par
|move|p2a: Latios|Psyshock|p1a: Lanturn
|-damage|p1a: Lanturn|0 fnt
|faint|p1a: Lanturn
|
|-weather|RainDance|[upkeep]
|
|switch|p1a: Gyarados|Gyarados, M|332\/332
|-ability|p1a: Gyarados|Intimidate|[of] p2a: Latios
|-unboost|p2a: Latios|atk|1
|turn|7
|
|switch|p2a: Azumarill|Azumarill, M|363\/363
|detailschange|p1a: Gyarados|Gyarados-Mega, M
|message|Gyarados ha megaevolucionado a Gyarados-Mega!
|-ability|p1a: Gyarados|Mold Breaker
|move|p1a: Gyarados|Substitute|p1a: Gyarados
|-start|p1a: Gyarados|Substitute
|-damage|p1a: Gyarados|249\/332
|
|-weather|RainDance|[upkeep]
|turn|8
|
|move|p1a: Gyarados|Earthquake|p2a: Azumarill
|-damage|p2a: Azumarill|189\/363
|move|p2a: Azumarill|Play Rough|p1a: Gyarados
|-supereffective|p1a: Gyarados
|-end|p1a: Gyarados|Substitute
|
|-weather|none
|turn|9
|
|switch|p1a: Rotom-Wash|Rotom-Wash|299\/299
|move|p2a: Azumarill|Play Rough|p1a: Rotom-Wash
|-damage|p1a: Rotom-Wash|25\/299
|
|turn|10
|
|switch|p2a: Landorus|Landorus, M|320\/320
|move|p1a: Rotom-Wash|Trick|p2a: Landorus
|-activate|p1a: Rotom-Wash|move: Trick|[of] p2a: Landorus
|-item|p2a: Landorus|Choice Scarf|[from] move: Trick
|-item|p1a: Rotom-Wash|Life Orb|[from] move: Trick
|
|turn|11
|
|move|p2a: Landorus|Sludge Wave|p1a: Rotom-Wash
|-damage|p1a: Rotom-Wash|0 fnt
|faint|p1a: Rotom-Wash
|
|
|switch|p1a: Politoed|Politoed, M|384\/384
|-weather|RainDance
|turn|12
|
|switch|p2a: Chansey|Chansey, F|704\/704
|move|p1a: Politoed|Scald|p2a: Chansey
|-damage|p2a: Chansey|619\/704
|
|-weather|RainDance|[upkeep]
|turn|13
|
|switch|p1a: Azumarill|Azumarill, F|136\/377
|move|p2a: Chansey|Thunder Wave|p1a: Azumarill
|-status|p1a: Azumarill|par
|
|-weather|RainDance|[upkeep]
|turn|14
|
|switch|p2a: Slowbro|Slowbro, M|394\/394
|move|p1a: Azumarill|Play Rough|p2a: Slowbro
|-damage|p2a: Slowbro|199\/394
|
|-weather|RainDance|[upkeep]
|-heal|p2a: Slowbro|223\/394|[from] item: Leftovers
|turn|15
|
|switch|p1a: Manaphy|Manaphy|341\/341
|move|p2a: Slowbro|Slack Off|p2a: Slowbro
|-heal|p2a: Slowbro|394\/394
|
|-weather|RainDance|[upkeep]
|turn|16
|
|switch|p2a: Chansey|Chansey, F|619\/704
|move|p1a: Manaphy|Tail Glow|p1a: Manaphy
|-boost|p1a: Manaphy|spa|3
|
|-weather|RainDance|[upkeep]
|turn|17
|
|move|p1a: Manaphy|Surf|p2a: Chansey
|-damage|p2a: Chansey|295\/704
|move|p2a: Chansey|Seismic Toss|p1a: Manaphy
|-damage|p1a: Manaphy|241\/341
|
|-weather|RainDance|[upkeep]
|-heal|p1a: Manaphy|262\/341|[from] item: Leftovers
|turn|18
|
|move|p1a: Manaphy|Surf|p2a: Chansey
|-damage|p2a: Chansey|0 fnt
|faint|p2a: Chansey
|
|-weather|RainDance|[upkeep]
|-heal|p1a: Manaphy|283\/341|[from] item: Leftovers
|
|switch|p2a: Landorus|Landorus, M|320\/320
|turn|19
|
|move|p2a: Landorus|Earth Power|p1a: Manaphy
|-damage|p1a: Manaphy|103\/341
|move|p1a: Manaphy|Surf|p2a: Landorus
|-supereffective|p2a: Landorus
|-damage|p2a: Landorus|0 fnt
|faint|p2a: Landorus
|
|-weather|none
|-heal|p1a: Manaphy|124\/341|[from] item: Leftovers
|
|switch|p2a: Latios|Latios, M|197\/302 par
|turn|20
|
|move|p1a: Manaphy|Ice Beam|p2a: Latios
|-supereffective|p2a: Latios
|-damage|p2a: Latios|0 fnt
|faint|p2a: Latios
|
|-heal|p1a: Manaphy|145\/341|[from] item: Leftovers
|
|switch|p2a: Tyranitar|Tyranitar, F|393\/393
|-weather|Sandstorm
|turn|21
|
|detailschange|p2a: Tyranitar|Tyranitar-Mega, F
|message|Tyranitar ha megaevolucionado a Tyranitar-Mega!
|move|p1a: Manaphy|Surf|p2a: Tyranitar
|-supereffective|p2a: Tyranitar
|-damage|p2a: Tyranitar|9\/393
|move|p2a: Tyranitar|Dragon Dance|p2a: Tyranitar
|-boost|p2a: Tyranitar|atk|1
|-boost|p2a: Tyranitar|spe|1
|
|-weather|Sandstorm|[upkeep]
|-damage|p1a: Manaphy|124\/341|[from] sandstorm
|-heal|p1a: Manaphy|145\/341|[from] item: Leftovers
|turn|22
|
|switch|p1a: Politoed|Politoed, M|384\/384
|-weather|RainDance
|move|p2a: Tyranitar|Crunch|p1a: Politoed
|-damage|p1a: Politoed|171\/384
|
|-weather|RainDance|[upkeep]
|turn|23
|
|move|p2a: Tyranitar|Crunch|p1a: Politoed
|-crit|p1a: Politoed
|-damage|p1a: Politoed|0 fnt
|faint|p1a: Politoed
|
|-weather|RainDance|[upkeep]
|
|switch|p1a: Azumarill|Azumarill, F|136\/377 par
|turn|24
|
|move|p1a: Azumarill|Aqua Jet|p2a: Tyranitar
|-supereffective|p2a: Tyranitar
|-damage|p2a: Tyranitar|0 fnt
|faint|p2a: Tyranitar
|
|-weather|RainDance|[upkeep]
|
|switch|p2a: Slowbro|Slowbro, M|394\/394
|turn|25
|
|move|p1a: Azumarill|Aqua Jet|p2a: Slowbro
|-resisted|p2a: Slowbro
|-damage|p2a: Slowbro|329\/394
|move|p2a: Slowbro|Calm Mind|p2a: Slowbro
|-boost|p2a: Slowbro|spa|1
|-boost|p2a: Slowbro|spd|1
|
|-weather|RainDance|[upkeep]
|-heal|p2a: Slowbro|353\/394|[from] item: Leftovers
|turn|26
|
|switch|p1a: Gyarados|Gyarados-Mega, M|249\/332
|-ability|p1a: Gyarados|Mold Breaker
|move|p2a: Slowbro|Scald|p1a: Gyarados
|-resisted|p1a: Gyarados
|-damage|p1a: Gyarados|169\/332
|
|-weather|RainDance|[upkeep]
|-heal|p2a: Slowbro|377\/394|[from] item: Leftovers
|turn|27
|
|move|p1a: Gyarados|Substitute|p1a: Gyarados
|-start|p1a: Gyarados|Substitute
|-damage|p1a: Gyarados|86\/332
|move|p2a: Slowbro|Calm Mind|p2a: Slowbro
|-boost|p2a: Slowbro|spa|1
|-boost|p2a: Slowbro|spd|1
|
|-weather|RainDance|[upkeep]
|-heal|p2a: Slowbro|394\/394|[from] item: Leftovers
|turn|28
|
|move|p1a: Gyarados|Dragon Dance|p1a: Gyarados
|-boost|p1a: Gyarados|atk|1
|-boost|p1a: Gyarados|spe|1
|move|p2a: Slowbro|Scald|p1a: Gyarados
|-resisted|p1a: Gyarados
|-end|p1a: Gyarados|Substitute
|
|-weather|RainDance|[upkeep]
|turn|29
|
|move|p1a: Gyarados|Earthquake|p2a: Slowbro
|-damage|p2a: Slowbro|249\/394
|move|p2a: Slowbro|Scald|p1a: Gyarados
|-resisted|p1a: Gyarados
|-damage|p1a: Gyarados|0 fnt
|faint|p1a: Gyarados
|
|-weather|none
|-heal|p2a: Slowbro|273\/394|[from] item: Leftovers
|
|switch|p1a: Manaphy|Manaphy|145\/341
|turn|30
|
|move|p1a: Manaphy|Energy Ball|p2a: Slowbro
|-supereffective|p2a: Slowbro
|-damage|p2a: Slowbro|169\/394
|move|p2a: Slowbro|Psyshock|p1a: Manaphy
|-damage|p1a: Manaphy|0 fnt
|faint|p1a: Manaphy
|
|-heal|p2a: Slowbro|193\/394|[from] item: Leftovers
|c|âSweet Symphony|izy
|leave|Arcaninseanps92
|player|p1
|join|Arcaninseanps92
|leave|Arcaninseanps92
|c|âSweet Symphony|que nub arca
|c|âSweet Symphony|todavÃ­a vuelves a entrar para ver si no escribÃ­ algo XDDD
|-message|arcaninseanps92 perdio por inactividad.
|
|win|Sweet Symphony
Sweet Symphony ha ganado 2.25 PokeDolares.
|raw|Ladder actualizandose...
|raw|Puntaje de Arcaninseanps92: 1229 &rarr; <strong>1218<\/strong><br \/>(-11 por perder)
|raw|Puntaje de Sweet Symphony: 1445 &rarr; <strong>1454<\/strong><br \/>(+9 por ganar)