|join|â¥ TheAltair19 :$ â¥
|join|Sweet Symphony
|player|p1|â¥ TheAltair19 :$ â¥|101
|player|p2|Sweet Symphony|66
|gametype|singles
|gen|6
|tier|OU
|rated
|clearpoke
|poke|p1|Keldeo|item
|poke|p1|Thundurus, M|item
|poke|p1|Tyranitar, F|item
|poke|p1|Excadrill, M|item
|poke|p1|Charizard, M|item
|poke|p1|Amoonguss, F|item
|poke|p2|Pinsir, F, shiny|item
|poke|p2|Weavile, F|item
|poke|p2|Starmie|item
|poke|p2|Conkeldurr, M|item
|poke|p2|Amoonguss, M|item
|poke|p2|Heatran, M|item
|rule|ClÃ¡usula de Swagger: se prohibe el uso de Swagger
|rule|ClÃ¡usula de Baton Pass: se prohÃ­be mÃ¡s de 1 PokÃ©mon con Baton Pass
|rule|ClÃ¡usula-Mod de Dormir: solo puedes dormir a uno de tus oponentes a la vez.
|rule|ClÃ¡usula de Especie: Hasta un PokÃ©mon de cada especie
|rule|ClÃ¡usula de Golpe Fulminante: los movimientos fulminantes (OHKO) estan prohibidos
|rule|ClÃ¡usula de Moody: la habilidad Moody estÃ¡ prohibida
|rule|ClÃ¡usula de Movimientos Evasivos: los movimientos de evasion estan prohibidos
|rule|ClÃ¡usula de Batallas Eternas: forzar batallas eternas estÃ¡ prohibido
|rule|Modo de Porcentaje de HP: el HP es mostrado en porcentaje
|teampreview
|c|âSweet Symphony|valar morghulis
|c|ââ¥ TheAltair19 :$ â¥|Â¿?
|
|start
|switch|p1a: Keldeo|Keldeo|323\/323
|switch|p2a: This is your life|Heatran, M|385\/385
|turn|1
|
|switch|p1a: Charizard|Charizard, M|297\/297
|switch|p2a: On Top|Amoonguss, M|424\/424
|
|turn|2
|
|switch|p2a: This is your life|Heatran, M|385\/385
|detailschange|p1a: Charizard|Charizard-Mega-Y, M
|-mega|p1a: Charizard|Charizard|Charizardite Y
|-weather|SunnyDay
|move|p1a: Charizard|Flamethrower|p2a: This is your life
|-start|p2a: This is your life|ability: Flash Fire
|
|-weather|SunnyDay|[upkeep]
|turn|3
|c|âSweet Symphony|x?
|c|âSweet Symphony|y :0 
|
|move|p1a: Charizard|Focus Blast|p2a: This is your life
|-supereffective|p2a: This is your life
|-enditem|p2a: This is your life|Chople Berry|[eat]
|-damage|p2a: This is your life|262\/385
|move|p2a: This is your life|Ancient Power|p1a: Charizard
|-supereffective|p1a: Charizard
|-damage|p1a: Charizard|85\/297
|
|-weather|SunnyDay|[upkeep]
|turn|4
|c|ââ¥ TheAltair19 :$ â¥|baya pomaru
|c|ââ¥ TheAltair19 :$ â¥|u.u
|
|move|p1a: Charizard|Roost|p1a: Charizard
|-heal|p1a: Charizard|234\/297
|move|p2a: This is your life|Stealth Rock|p1a: Charizard
|-sidestart|p1: â¥ TheAltair19 :$ â¥|move: Stealth Rock
|
|-weather|SunnyDay|[upkeep]
|turn|5
|c|âSweet Symphony|chople para mi
|c|âSweet Symphony|versh
|c|âSweet Symphony|falla 
|c|âSweet Symphony|falla
|c|âSweet Symphony|falla
|
|move|p1a: Charizard|Focus Blast|p2a: This is your life
|-supereffective|p2a: This is your life
|-damage|p2a: This is your life|2\/385
|move|p2a: This is your life|Ancient Power|p1a: Charizard
|-supereffective|p1a: Charizard
|-damage|p1a: Charizard|18\/297
|
|-weather|SunnyDay|[upkeep]
|turn|6
|c|âSweet Symphony|<3
|c|ââ¥ TheAltair19 :$ â¥|ai, no mames u.u
|c|âSweet Symphony|pro evs
|
|move|p1a: Charizard|Roost|p1a: Charizard
|-heal|p1a: Charizard|167\/297
|move|p2a: This is your life|Earth Power|p1a: Charizard
|-supereffective|p1a: Charizard
|-damage|p1a: Charizard|5\/297
|
|-weather|none
|turn|7
|
|move|p1a: Charizard|Focus Blast|p2a: This is your life
|-supereffective|p2a: This is your life
|-damage|p2a: This is your life|0 fnt
|faint|p2a: This is your life
|
|
|switch|p2a: Human|Weavile, F|281\/281
|turn|8
|
|move|p2a: Human|Pursuit|p1a: Charizard
|-damage|p1a: Charizard|0 fnt
|faint|p1a: Charizard
|
|
|switch|p1a: Keldeo|Keldeo|323\/323
|-damage|p1a: Keldeo|303\/323|[from] Stealth Rock
|turn|9
|
|switch|p2a: Andy u're star|Starmie|323\/323
|move|p1a: Keldeo|Hydro Pump|p2a: Andy u're star
|-resisted|p2a: Andy u're star
|-damage|p2a: Andy u're star|161\/323
|
|-heal|p2a: Andy u're star|181\/323|[from] item: Leftovers
|turn|10
|
|switch|p1a: Thundurus|Thundurus, M|299\/299
|-damage|p1a: Thundurus|225\/299|[from] Stealth Rock
|move|p2a: Andy u're star|Recover|p2a: Andy u're star
|-heal|p2a: Andy u're star|323\/323
|
|turn|11
|
|switch|p2a: On Top|Amoonguss, M|424\/424
|move|p1a: Thundurus|Hidden Power|p2a: On Top
|-supereffective|p2a: On Top
|-damage|p2a: On Top|221\/424
|-damage|p1a: Thundurus|196\/299|[from] item: Life Orb
|
|-heal|p2a: On Top|247\/424|[from] item: Black Sludge
|turn|12
|
|switch|p1a: Amoonguss|Amoonguss, F|432\/432
|-damage|p1a: Amoonguss|378\/432|[from] Stealth Rock
|move|p2a: On Top|Spore|p1a: Amoonguss
|-fail|p1a: Amoonguss
|
|-heal|p1a: Amoonguss|405\/432|[from] item: Black Sludge
|-heal|p2a: On Top|273\/424|[from] item: Black Sludge
|turn|13
|
|switch|p2a: Andy u're star|Starmie|323\/323
|move|p1a: Amoonguss|Spore|p2a: Andy u're star
|-status|p2a: Andy u're star|slp
|
|-heal|p1a: Amoonguss|432\/432|[from] item: Black Sludge
|turn|14
|
|switch|p2a: Neo Tiger|Pinsir, F, shiny|272\/272
|move|p1a: Amoonguss|Spore|p2a: Neo Tiger
|-status|p2a: Neo Tiger|slp
|
|turn|15
|c|âSweet Symphony|ay chet
|
|detailschange|p2a: Neo Tiger|Pinsir-Mega, F, shiny
|-mega|p2a: Neo Tiger|Pinsir|Pinsirite
|cant|p2a: Neo Tiger|slp
|move|p1a: Amoonguss|Hidden Power|p2a: Neo Tiger
|-supereffective|p2a: Neo Tiger
|-damage|p2a: Neo Tiger|184\/272 slp
|
|turn|16
|c|ââ¥ TheAltair19 :$ â¥|holly shit
|c|ââ¥ TheAltair19 :$ â¥|u.u
|
|switch|p1a: Thundurus|Thundurus, M|196\/299
|-damage|p1a: Thundurus|122\/299|[from] Stealth Rock
|cant|p2a: Neo Tiger|slp
|
|turn|17
|
|switch|p2a: On Top|Amoonguss, M|414\/424
|move|p1a: Thundurus|Thunderbolt|p2a: On Top
|-resisted|p2a: On Top
|-damage|p2a: On Top|291\/424
|-damage|p1a: Thundurus|93\/299|[from] item: Life Orb
|
|-heal|p2a: On Top|317\/424|[from] item: Black Sludge
|turn|18
|
|move|p1a: Thundurus|Hidden Power|p2a: On Top
|-supereffective|p2a: On Top
|-damage|p2a: On Top|93\/424
|-damage|p1a: Thundurus|64\/299|[from] item: Life Orb
|move|p2a: On Top|Sludge Bomb|p1a: Thundurus
|-damage|p1a: Thundurus|0 fnt
|faint|p1a: Thundurus
|
|-heal|p2a: On Top|119\/424|[from] item: Black Sludge
|c|âSweet Symphony|morido
|c|ââ¥ TheAltair19 :$ â¥|ains
|
|switch|p1a: Keldeo|Keldeo|303\/323
|-damage|p1a: Keldeo|283\/323|[from] Stealth Rock
|turn|19
|
|switch|p2a: Andy u're star|Starmie|323\/323
|move|p1a: Keldeo|Hydro Pump|p2a: Andy u're star
|-resisted|p2a: Andy u're star
|-damage|p2a: Andy u're star|155\/323
|
|-heal|p2a: Andy u're star|175\/323|[from] item: Leftovers
|turn|20
|
|move|p2a: Andy u're star|Recover|p2a: Andy u're star
|-heal|p2a: Andy u're star|323\/323
|move|p1a: Keldeo|Hydro Pump|p2a: Andy u're star
|-resisted|p2a: Andy u're star
|-damage|p2a: Andy u're star|145\/323
|
|-heal|p2a: Andy u're star|165\/323|[from] item: Leftovers
|turn|21
|c|âSweet Symphony|cant beat star 
|
|switch|p1a: Tyranitar|Tyranitar, F|404\/404
|-damage|p1a: Tyranitar|354\/404|[from] Stealth Rock
|-weather|Sandstorm
|move|p2a: Andy u're star|Recover|p2a: Andy u're star
|-heal|p2a: Andy u're star|323\/323
|
|-weather|Sandstorm|[upkeep]
|-damage|p2a: Andy u're star|303\/323|[from] sandstorm
|-heal|p2a: Andy u're star|323\/323|[from] item: Leftovers
|turn|22
|
|move|p2a: Andy u're star|Reflect Type|p1a: Tyranitar
|-start|p2a: Andy u're star|typechange|[from] move: Reflect Type|[of] p1a: Tyranitar
|move|p1a: Tyranitar|Pursuit|p2a: Andy u're star
|-resisted|p2a: Andy u're star
|-damage|p2a: Andy u're star|283\/323
|
|-weather|Sandstorm|[upkeep]
|-heal|p2a: Andy u're star|303\/323|[from] item: Leftovers
|turn|23
|c|âSweet Symphony|okkk
|
|move|p2a: Andy u're star|Scald|p1a: Tyranitar
|-supereffective|p1a: Tyranitar
|-damage|p1a: Tyranitar|262\/404
|move|p1a: Tyranitar|Stealth Rock|p2a: Andy u're star
|-sidestart|p2: Sweet Symphony|move: Stealth Rock
|
|-weather|Sandstorm|[upkeep]
|-heal|p2a: Andy u're star|323\/323|[from] item: Leftovers
|turn|24
|c|âSweet Symphony|gg
|
|switch|p1a: Keldeo|Keldeo|283\/323
|-damage|p1a: Keldeo|263\/323|[from] Stealth Rock
|move|p2a: Andy u're star|Scald|p1a: Keldeo
|-resisted|p1a: Keldeo
|-damage|p1a: Keldeo|230\/323
|
|-weather|Sandstorm|[upkeep]
|-damage|p1a: Keldeo|210\/323|[from] sandstorm
|turn|25
|c|âSweet Symphony|buena esa
|
|switch|p2a: On Top|Amoonguss, M|260\/424
|-damage|p2a: On Top|207\/424|[from] Stealth Rock
|move|p1a: Keldeo|Hydro Pump|p2a: On Top
|-resisted|p2a: On Top
|-damage|p2a: On Top|30\/424
|
|-weather|Sandstorm|[upkeep]
|-damage|p1a: Keldeo|190\/323|[from] sandstorm
|-damage|p2a: On Top|4\/424|[from] sandstorm
|-heal|p2a: On Top|30\/424|[from] item: Black Sludge
|turn|26
|
|switch|p2a: Andy u're star|Starmie|323\/323
|-damage|p2a: Andy u're star|283\/323|[from] Stealth Rock
|move|p1a: Keldeo|Hydro Pump|p2a: Andy u're star
|-resisted|p2a: Andy u're star
|-damage|p2a: Andy u're star|121\/323
|
|-weather|Sandstorm|[upkeep]
|-damage|p2a: Andy u're star|101\/323|[from] sandstorm
|-damage|p1a: Keldeo|170\/323|[from] sandstorm
|-heal|p2a: Andy u're star|121\/323|[from] item: Leftovers
|turn|27
|
|switch|p1a: Tyranitar|Tyranitar, F|262\/404
|-damage|p1a: Tyranitar|212\/404|[from] Stealth Rock
|move|p2a: Andy u're star|Recover|p2a: Andy u're star
|-heal|p2a: Andy u're star|283\/323
|
|-weather|Sandstorm|[upkeep]
|-damage|p2a: Andy u're star|263\/323|[from] sandstorm
|-heal|p2a: Andy u're star|283\/323|[from] item: Leftovers
|turn|28
|
|move|p2a: Andy u're star|Scald|p1a: Tyranitar
|-supereffective|p1a: Tyranitar
|-damage|p1a: Tyranitar|62\/404
|move|p1a: Tyranitar|Stone Edge|p2a: Andy u're star
|-damage|p2a: Andy u're star|103\/323
|
|-weather|none
|-heal|p2a: Andy u're star|123\/323|[from] item: Leftovers
|turn|29
|
|switch|p1a: Amoonguss|Amoonguss, F|432\/432
|-damage|p1a: Amoonguss|378\/432|[from] Stealth Rock
|move|p2a: Andy u're star|Scald|p1a: Amoonguss
|-resisted|p1a: Amoonguss
|-damage|p1a: Amoonguss|324\/432
|-status|p1a: Amoonguss|brn
|
|-heal|p2a: Andy u're star|143\/323|[from] item: Leftovers
|-heal|p1a: Amoonguss|351\/432 brn|[from] item: Black Sludge
|-damage|p1a: Amoonguss|297\/432 brn|[from] brn
|turn|30
|
|move|p2a: Andy u're star|Reflect Type|p1a: Amoonguss
|-start|p2a: Andy u're star|typechange|[from] move: Reflect Type|[of] p1a: Amoonguss
|move|p1a: Amoonguss|Giga Drain|p2a: Andy u're star
|-resisted|p2a: Andy u're star
|-damage|p2a: Andy u're star|123\/323
|-heal|p1a: Amoonguss|307\/432 brn|[from] drain|[of] p2a: Andy u're star
|
|-heal|p2a: Andy u're star|143\/323|[from] item: Leftovers
|-heal|p1a: Amoonguss|334\/432 brn|[from] item: Black Sludge
|-damage|p1a: Amoonguss|280\/432 brn|[from] brn
|turn|31
|
|move|p2a: Andy u're star|Recover|p2a: Andy u're star
|-heal|p2a: Andy u're star|305\/323
|move|p1a: Amoonguss|Hidden Power|p2a: Andy u're star
|-supereffective|p2a: Andy u're star
|-damage|p2a: Andy u're star|211\/323
|
|-heal|p2a: Andy u're star|231\/323|[from] item: Leftovers
|-heal|p1a: Amoonguss|307\/432 brn|[from] item: Black Sludge
|-damage|p1a: Amoonguss|253\/432 brn|[from] brn
|turn|32
|
|switch|p1a: Keldeo|Keldeo|170\/323
|-damage|p1a: Keldeo|150\/323|[from] Stealth Rock
|move|p2a: Andy u're star|Rapid Spin|p1a: Keldeo
|-damage|p1a: Keldeo|139\/323
|-sideend|p2: Sweet Symphony|Stealth Rock|[from] move: Rapid Spin|[of] p2a: Andy u're star
|
|-heal|p2a: Andy u're star|251\/323|[from] item: Leftovers
|turn|33
|
|move|p2a: Andy u're star|Scald|p1a: Keldeo
|-resisted|p1a: Keldeo
|-damage|p1a: Keldeo|102\/323
|move|p1a: Keldeo|Icy Wind|p2a: Andy u're star
|-supereffective|p2a: Andy u're star
|-damage|p2a: Andy u're star|47\/323
|-unboost|p2a: Andy u're star|spe|1
|
|-heal|p2a: Andy u're star|67\/323|[from] item: Leftovers
|turn|34
|c|âSweet Symphony|uy
|c|âSweet Symphony|shet
|c|âSweet Symphony|lo olvide
|
|switch|p2a: Exitlude|Conkeldurr, M|390\/390
|move|p1a: Keldeo|Icy Wind|p2a: Exitlude
|-damage|p2a: Exitlude|310\/390
|-unboost|p2a: Exitlude|spe|1
|
|turn|35
|
|switch|p1a: Amoonguss|Amoonguss, F|397\/432 brn
|-damage|p1a: Amoonguss|343\/432 brn|[from] Stealth Rock
|move|p2a: Exitlude|Ice Punch|p1a: Amoonguss
|-supereffective|p1a: Amoonguss
|-damage|p1a: Amoonguss|169\/432 brn
|
|-heal|p1a: Amoonguss|196\/432 brn|[from] item: Black Sludge
|-damage|p1a: Amoonguss|142\/432 brn|[from] brn
|turn|36
|
|move|p1a: Amoonguss|Hidden Power|p2a: Exitlude
|-damage|p2a: Exitlude|276\/390
|move|p2a: Exitlude|Drain Punch|p1a: Amoonguss
|-resisted|p1a: Amoonguss
|-damage|p1a: Amoonguss|73\/432 brn
|-heal|p2a: Exitlude|311\/390|[from] drain|[of] p1a: Amoonguss
|
|-heal|p1a: Amoonguss|100\/432 brn|[from] item: Black Sludge
|-damage|p1a: Amoonguss|46\/432 brn|[from] brn
|turn|37
|
|move|p1a: Amoonguss|Giga Drain|p2a: Exitlude
|-damage|p2a: Exitlude|248\/390
|-heal|p1a: Amoonguss|78\/432 brn|[from] drain|[of] p2a: Exitlude
|move|p2a: Exitlude|Drain Punch|p1a: Amoonguss
|-resisted|p1a: Amoonguss
|-damage|p1a: Amoonguss|12\/432 brn
|-heal|p2a: Exitlude|281\/390|[from] drain|[of] p1a: Amoonguss
|
|-heal|p1a: Amoonguss|39\/432 brn|[from] item: Black Sludge
|-damage|p1a: Amoonguss|0 fnt|[from] brn
|faint|p1a: Amoonguss
|c|âSweet Symphony|gg?
|
|switch|p1a: Tyranitar|Tyranitar, F|62\/404
|-damage|p1a: Tyranitar|12\/404|[from] Stealth Rock
|-weather|Sandstorm
|turn|38
|
|move|p2a: Exitlude|Mach Punch|p1a: Tyranitar
|-supereffective|p1a: Tyranitar
|-damage|p1a: Tyranitar|0 fnt
|faint|p1a: Tyranitar
|
|-weather|Sandstorm|[upkeep]
|-damage|p2a: Exitlude|257\/390|[from] sandstorm
|
|switch|p1a: Excadrill|Excadrill, M|361\/361
|-damage|p1a: Excadrill|350\/361|[from] Stealth Rock
|turn|39
|
|move|p1a: Excadrill|Earthquake|p2a: Exitlude
|-crit|p2a: Exitlude
|-damage|p2a: Exitlude|0 fnt
|-damage|p1a: Excadrill|314\/361|[from] item: Life Orb
|faint|p2a: Exitlude
|
|-weather|Sandstorm|[upkeep]
|c|âSweet Symphony|ayyyyy
|
|switch|p2a: Human|Weavile, F|281\/281
|turn|40
|
|move|p1a: Excadrill|Iron Head|p2a: Human
|-supereffective|p2a: Human
|-enditem|p2a: Human|Focus Sash
|-damage|p2a: Human|1\/281
|-item|p2a: Human|Life Orb|[from] ability: Pickpocket
|-damage|p1a: Excadrill|278\/361|[from] item: Life Orb
|cant|p2a: Human|flinch
|
|-weather|Sandstorm|[upkeep]
|-damage|p2a: Human|0 fnt|[from] sandstorm
|faint|p2a: Human
|c|âSweet Symphony|sad day 
|
|switch|p2a: On Top|Amoonguss, M|171\/424
|turn|41
|c|ââ¥ TheAltair19 :$ â¥|u.u
|
|switch|p2a: Andy u're star|Starmie|67\/323
|move|p1a: Excadrill|Earthquake|p2a: Andy u're star
|-damage|p2a: Andy u're star|0 fnt
|faint|p2a: Andy u're star
|
|-weather|Sandstorm|[upkeep]
|
|switch|p2a: On Top|Amoonguss, M|312\/424
|turn|42
|
|move|p1a: Excadrill|Iron Head|p2a: On Top
|-damage|p2a: On Top|174\/424
|move|p2a: On Top|Spore|p1a: Excadrill
|-status|p1a: Excadrill|slp
|
|-weather|Sandstorm|[upkeep]
|-damage|p2a: On Top|148\/424|[from] sandstorm
|-heal|p2a: On Top|174\/424|[from] item: Black Sludge
|turn|43
|c|âSweet Symphony|uff
|c|ââ¥ TheAltair19 :$ â¥|no flinch, no fun
|c|ââ¥ TheAltair19 :$ â¥|u.u
|c|âSweet Symphony|ya tuviste
|
|cant|p1a: Excadrill|slp
|move|p2a: On Top|Giga Drain|p1a: Excadrill
|-damage|p1a: Excadrill|178\/361 slp
|-heal|p2a: On Top|224\/424|[from] drain|[of] p1a: Excadrill
|
|-weather|Sandstorm|[upkeep]
|-damage|p2a: On Top|198\/424|[from] sandstorm
|-heal|p2a: On Top|224\/424|[from] item: Black Sludge
|turn|44
|c|âSweet Symphony|un crit
|c|âSweet Symphony|y un flinch
|c|âSweet Symphony|unu
|
|cant|p1a: Excadrill|slp
|move|p2a: On Top|Giga Drain|p1a: Excadrill
|-damage|p1a: Excadrill|69\/361 slp
|-heal|p2a: On Top|279\/424|[from] drain|[of] p1a: Excadrill
|
|-weather|Sandstorm|[upkeep]
|-damage|p2a: On Top|253\/424|[from] sandstorm
|-heal|p2a: On Top|279\/424|[from] item: Black Sludge
|turn|45
|c|ââ¥ TheAltair19 :$ â¥|gg
|
|-curestatus|p1a: Excadrill|slp
|move|p1a: Excadrill|Iron Head|p2a: On Top
|-damage|p2a: On Top|137\/424
|cant|p2a: On Top|flinch
|
|-weather|none
|-heal|p2a: On Top|163\/424|[from] item: Black Sludge
|turn|46
|c|âSweet Symphony|gg
|c|âSweet Symphony|ay
|c|âSweet Symphony|flinch
|c|âSweet Symphony|:c
|c|ââ¥ TheAltair19 :$ â¥|el flinch fue muy tarde :c
|c|âSweet Symphony|no se
|
|move|p1a: Excadrill|Rock Slide|p2a: On Top
|-damage|p2a: On Top|70\/424
|cant|p2a: On Top|flinch
|
|-heal|p2a: On Top|96\/424|[from] item: Black Sludge
|turn|47
|c|âSweet Symphony|si no se despierta
|c|âSweet Symphony|dioso
|c|âSweet Symphony|:c
|c|ââ¥ TheAltair19 :$ â¥|ya no sirven
|c|ââ¥ TheAltair19 :$ â¥|#PUTABIDAH
|c|âSweet Symphony|unu 
|c|âSweet Symphony|como no
|c|âSweet Symphony|sigo dormido
|c|âSweet Symphony|y estarias dormido
|c|âSweet Symphony|ahora misom 
|c|âSweet Symphony|:C
|c|ââ¥ TheAltair19 :$ â¥|ah, me olvidaba de eso
|c|ââ¥ TheAltair19 :$ â¥|LOL
|
|move|p1a: Excadrill|Iron Head|p2a: On Top
|-damage|p2a: On Top|0 fnt
|faint|p2a: On Top
|
|
|switch|p2a: Neo Tiger|Pinsir-Mega, F, shiny|184\/272 slp
|turn|48
|c|âSweet Symphony|wakeee
|c|âSweet Symphony|fukin neo
|c|âSweet Symphony|wakr
|
|cant|p2a: Neo Tiger|slp
|move|p1a: Excadrill|Rock Slide|p2a: Neo Tiger
|-supereffective|p2a: Neo Tiger
|-damage|p2a: Neo Tiger|0 fnt
|faint|p2a: Neo Tiger
|
|win|â¥ TheAltair19 :$ â¥
â¥ TheAltair19 :$ â¥ ha ganado 2.25 PokeDolares.
|raw|Ladder actualizandose...
|raw|Puntaje de â¥ TheAltair19 :$ â¥: 1301 &rarr; <strong>1310<\/strong><br \/>(+9 por ganar)
|raw|Puntaje de Sweet Symphony: 1105 &rarr; <strong>1093<\/strong><br \/>(-12 por perder)
|c|âSweet Symphony|sadx days
|c|ââ¥ TheAltair19 :$ â¥|una cosa
|c|âSweet Symphony|hax days
|c|ââ¥ TheAltair19 :$ â¥|tu quien eres ?
|c|âSweet Symphony|?
|c|âSweet Symphony|como 
|c|âSweet Symphony|pues hoy
|c|âSweet Symphony|soy un haxeado
|c|âSweet Symphony|unu
|c|ââ¥ TheAltair19 :$ â¥|tu nick, cual es ?
|join|diobel64
|leave|diobel64