|join|(TRK) teso24
|join|Sweet Symphony
|unlink||tour
|player|p1|(TRK) teso24|169
|player|p2|Sweet Symphony|114
|gametype|singles
|gen|6
|tier|OU
|clearpoke
|poke|p1|Magnezone
|poke|p1|Landorus-Therian, M
|poke|p1|Pinsir, F
|poke|p1|Rotom-Wash
|poke|p1|Terrakion
|poke|p1|Espeon, M
|poke|p2|Blastoise, F
|poke|p2|Volcarona, F
|poke|p2|Dugtrio, F
|poke|p2|Zapdos
|poke|p2|Chansey, F
|poke|p2|Garchomp, F
|rule|ClÃ¡usula de Swagger: se prohibe el uso de Swagger
|rule|ClÃ¡usula de Baton Pass: se prohÃ­be mÃ¡s de 1 PokÃ©mon con Baton Pass
|rule|ClÃ¡usula de Dormir: solo puedes dormir a uno de tus oponentes a la vez.
|rule|ClÃ¡usula de Especie: Hasta un PokÃ©mon de cada especie
|rule|ClÃ¡usula de Golpe Fulminante: los movimientos fulminantes (OHKO) estan prohibidos
|rule|ClÃ¡usula de Moody: la habilidad Moody estÃ¡ prohibida
|rule|ClÃ¡usula de Movimientos Evasivos: los movimientos de evasion estan prohibidos
|rule|ClÃ¡usula de Batallas Eternas: forzar batallas eternas estÃ¡ prohibido
|rule|Modo de Porcentaje de HP: el HP es mostrado en porcentaje
|teampreview
|c|âSweet Symphony|oooooooooooh si me sacaste counter 3
|c|â(TRK) teso24|obv
|
|start
|switch|p1a: Landorus-Therian|Landorus-Therian, M|320\/320
|switch|p2a: Garchomp|Garchomp, F|358\/358
|-ability|p1a: Landorus-Therian|Intimidate|[of] p2a: Garchomp
|-unboost|p2a: Garchomp|atk|1
|turn|1
|
|move|p1a: Landorus-Therian|Earthquake|p2a: Garchomp
|-damage|p2a: Garchomp|124\/358
|move|p2a: Garchomp|Swords Dance|p2a: Garchomp
|-boost|p2a: Garchomp|atk|2
|
|-heal|p2a: Garchomp|146\/358|[from] item: Leftovers
|turn|2
|c|âSweet Symphony|lel
|
|switch|p1a: Terrakion|Terrakion|323\/323
|switch|p2a: Zapdos|Zapdos|384\/384
|-ability|p2a: Zapdos|Pressure
|
|turn|3
|
|switch|p2a: Garchomp|Garchomp, F|146\/358
|move|p1a: Terrakion|Stealth Rock|p2a: Garchomp
|-sidestart|p2: Sweet Symphony|move: Stealth Rock
|
|-heal|p2a: Garchomp|168\/358|[from] item: Leftovers
|turn|4
|
|move|p1a: Terrakion|Close Combat|p2a: Garchomp
|-damage|p2a: Garchomp|0 fnt
|-damage|p1a: Terrakion|283\/323|[from] ability: Rough Skin|[of] p2a: Garchomp
|-unboost|p1a: Terrakion|def|1
|-unboost|p1a: Terrakion|spd|1
|faint|p2a: Garchomp
|
|
|switch|p2a: Dugtrio|Dugtrio, F|212\/212
|-damage|p2a: Dugtrio|199\/212|[from] Stealth Rock
|turn|5
|
|move|p2a: Dugtrio|Earthquake|p1a: Terrakion
|-supereffective|p1a: Terrakion
|-damage|p1a: Terrakion|0 fnt
|faint|p1a: Terrakion
|
|
|switch|p1a: Espeon|Espeon, M|334\/334
|turn|6
|
|move|p2a: Dugtrio|Earthquake|p1a: Espeon
|-damage|p1a: Espeon|153\/334
|move|p1a: Espeon|Reflect|p1a: Espeon
|-sidestart|p1: (TRK) teso24|Reflect
|
|turn|7
|
|switch|p2a: Blastoise|Blastoise, F|362\/362
|-damage|p2a: Blastoise|317\/362|[from] Stealth Rock
|move|p1a: Espeon|Morning Sun|p1a: Espeon
|-heal|p1a: Espeon|320\/334
|
|turn|8
|
|switch|p1a: Rotom-Wash|Rotom-Wash|304\/304
|detailschange|p2a: Blastoise|Blastoise-Mega, F
|message|Blastoise ha megaevolucionado a Blastoise-Mega!
|move|p2a: Blastoise|Rapid Spin|p1a: Rotom-Wash
|-damage|p1a: Rotom-Wash|297\/304
|-sideend|p2: Sweet Symphony|Stealth Rock|[from] move: Rapid Spin|[of] p2a: Blastoise
|
|-heal|p1a: Rotom-Wash|304\/304|[from] item: Leftovers
|turn|9
|
|switch|p2a: Chansey|Chansey, F|704\/704
|move|p1a: Rotom-Wash|Will-O-Wisp|p2a: Chansey|[miss]
|-miss|p1a: Rotom-Wash|p2a: Chansey
|
|turn|10
|
|move|p1a: Rotom-Wash|Volt Switch|p2a: Chansey
|-damage|p2a: Chansey|644\/704
|join|PIkachuBright
|
|switch|p1a: Pinsir|Pinsir, F|271\/271
|move|p2a: Chansey|Seismic Toss|p1a: Pinsir
|-damage|p1a: Pinsir|171\/271
|
|turn|11
|
|switch|p2a: Zapdos|Zapdos|384\/384
|-ability|p2a: Zapdos|Pressure
|detailschange|p1a: Pinsir|Pinsir-Mega, F
|message|Pinsir ha megaevolucionado a Pinsir-Mega!
|move|p1a: Pinsir|Swords Dance|p1a: Pinsir
|-boost|p1a: Pinsir|atk|2
|
|turn|12
|
|switch|p1a: Landorus-Therian|Landorus-Therian, M|320\/320
|-ability|p1a: Landorus-Therian|Intimidate|[of] p2a: Zapdos
|-unboost|p2a: Zapdos|atk|1
|move|p2a: Zapdos|Volt Switch|p1a: Landorus-Therian
|-immune|p1a: Landorus-Therian|[msg]
|
|turn|13
|
|move|p1a: Landorus-Therian|Rock Slide|p2a: Zapdos
|-supereffective|p2a: Zapdos
|-damage|p2a: Zapdos|210\/384
|move|p2a: Zapdos|Hidden Power|p1a: Landorus-Therian
|-supereffective|p1a: Landorus-Therian
|-damage|p1a: Landorus-Therian|40\/320
|
|-heal|p2a: Zapdos|234\/384|[from] item: Leftovers
|-sideend|p1: (TRK) teso24|Reflect
|turn|14
|
|switch|p1a: Rotom-Wash|Rotom-Wash|304\/304
|switch|p2a: Dugtrio|Dugtrio, F|199\/212
|
|turn|15
|c|âSweet Symphony|mm conviene mas poner rocas
|c|âSweet Symphony|o matar a magne
|c|âSweet Symphony|mmmmmmmmmmmmmmmmmmmmmmmmmmmmmmmmmmmmmmmmmmmmmmmmmmmmmmmmm
|
|switch|p1a: Espeon|Espeon, M|320\/334
|move|p2a: Dugtrio|Stealth Rock|p1a: Espeon
|move|p1a: Espeon|Stealth Rock|p2a: Dugtrio|[from]Magic Bounce
|-sidestart|p2: Sweet Symphony|move: Stealth Rock
|
|turn|16
|c|â(TRK) teso24|lel
|join|Lucario174
|c|âSweet Symphony|ay lol
|c|âSweet Symphony|jajajjajaÃ§
|c|âSweet Symphony|matenme o algo
|
|switch|p2a: Blastoise|Blastoise-Mega, F|317\/362
|-damage|p2a: Blastoise|272\/362|[from] Stealth Rock
|move|p1a: Espeon|Psychic|p2a: Blastoise
|-damage|p2a: Blastoise|163\/362
|
|turn|17
|
|move|p1a: Espeon|Light Screen|p1a: Espeon
|-sidestart|p1: (TRK) teso24|move: Light Screen
|move|p2a: Blastoise|Rapid Spin|p1a: Espeon
|-damage|p1a: Espeon|293\/334
|-sideend|p2: Sweet Symphony|Stealth Rock|[from] move: Rapid Spin|[of] p2a: Blastoise
|
|turn|18
|
|switch|p1a: Rotom-Wash|Rotom-Wash|304\/304
|move|p2a: Blastoise|Scald|p1a: Rotom-Wash
|-resisted|p1a: Rotom-Wash
|-damage|p1a: Rotom-Wash|276\/304
|-status|p1a: Rotom-Wash|brn
|
|-heal|p1a: Rotom-Wash|295\/304 brn|[from] item: Leftovers
|-damage|p1a: Rotom-Wash|257\/304 brn|[from] brn
|turn|19
|c|â(TRK) teso24|oshe khe
|c|âSweet Symphony|barn sabrozo
|
|switch|p2a: Chansey|Chansey, F|644\/704
|move|p1a: Rotom-Wash|Volt Switch|p2a: Chansey
|-damage|p2a: Chansey|587\/704
|
|switch|p1a: Pinsir|Pinsir-Mega, F|171\/271
|
|turn|20
|
|switch|p2a: Blastoise|Blastoise-Mega, F|163\/362
|move|p1a: Pinsir|Swords Dance|p1a: Pinsir
|-boost|p1a: Pinsir|atk|2
|
|turn|21
|
|move|p1a: Pinsir|Return|p2a: Blastoise
|-damage|p2a: Blastoise|0 fnt
|faint|p2a: Blastoise
|
|c|â(TRK) teso24|le gg
|
|switch|p2a: Chansey|Chansey, F|587\/704
|turn|22
|
|switch|p2a: Volcarona|Volcarona, F|356\/356
|move|p1a: Pinsir|Return|p2a: Volcarona
|-supereffective|p2a: Volcarona
|-damage|p2a: Volcarona|0 fnt
|faint|p2a: Volcarona
|
|c|âSweet Symphony|kkk
|c|â(TRK) teso24|jajajajjaja
|c|âSweet Symphony|no me matabas imcebil
|c|â(TRK) teso24|nada de burn para ti
|c|âSweet Symphony|eres un puto nub 
|
|switch|p2a: Zapdos|Zapdos|234\/384
|-ability|p2a: Zapdos|Pressure
|turn|23
|
|move|p1a: Pinsir|Return|p2a: Zapdos
|-resisted|p2a: Zapdos
|-damage|p2a: Zapdos|16\/384
|move|p2a: Zapdos|Volt Switch|p1a: Pinsir
|-crit|p1a: Pinsir
|-supereffective|p1a: Pinsir
|-damage|p1a: Pinsir|0 fnt
|faint|p1a: Pinsir
|leave|Lucario174
|c|â(TRK) teso24|NOOOOOOOOOOOOOOOOOOOOOOO
|c|âSweet Symphony|toma por puta
|c|â(TRK) teso24|EL CRIT
|c|â(TRK) teso24|DE MIERDA
|
|switch|p2a: Chansey|Chansey, F|587\/704
|
|c|â(TRK) teso24|PUTO HAXER
|
|switch|p1a: Landorus-Therian|Landorus-Therian, M|40\/320
|-ability|p1a: Landorus-Therian|Intimidate|[of] p2a: Chansey
|-unboost|p2a: Chansey|atk|1
|turn|24
|c|âSweet Symphony|por no predecir nada
|c|âSweet Symphony|nub
|
|switch|p2a: Zapdos|Zapdos|16\/384
|-ability|p2a: Zapdos|Pressure
|move|p1a: Landorus-Therian|Knock Off|p2a: Zapdos
|-damage|p2a: Zapdos|0 fnt
|-enditem|p2a: Zapdos|Leftovers|[from] move: Knock Off|[of] p1a: Landorus-Therian
|faint|p2a: Zapdos
|
|-sideend|p1: (TRK) teso24|move: Light Screen
|join|{TRK}dixxgo
|
|switch|p2a: Dugtrio|Dugtrio, F|199\/212
|turn|25
|c|â(TRK) teso24|+2 252 Atk Aerilate Mega Pinsir Return vs. 4 HP \/ 252+ Def Eviolite Chansey: 655-772 (102 - 120.2%) -- guaranteed OHKO
|
|switch|p1a: Espeon|Espeon, M|293\/334
|move|p2a: Dugtrio|Aerial Ace|p1a: Espeon
|-damage|p1a: Espeon|209\/334
|
|turn|26
|
|move|p2a: Dugtrio|Earthquake|p1a: Espeon
|-damage|p1a: Espeon|31\/334
|move|p1a: Espeon|Psychic|p2a: Dugtrio
|-damage|p2a: Dugtrio|28\/212
|
|turn|27
|
|move|p2a: Dugtrio|Earthquake|p1a: Espeon
|-damage|p1a: Espeon|0 fnt
|faint|p1a: Espeon
|
|
|switch|p1a: Landorus-Therian|Landorus-Therian, M|40\/320
|-ability|p1a: Landorus-Therian|Intimidate|[of] p2a: Dugtrio
|-unboost|p2a: Dugtrio|atk|1
|turn|28
|c|âSweet Symphony|toma por puta
|leave|{TRK}dixxgo
|
|move|p1a: Landorus-Therian|Earthquake|p2a: Dugtrio
|-crit|p2a: Dugtrio
|-damage|p2a: Dugtrio|0 fnt
|faint|p2a: Dugtrio
|
|c|â(TRK) teso24|lel
|
|switch|p2a: Chansey|Chansey, F|587\/704
|turn|29
|
|switch|p1a: Rotom-Wash|Rotom-Wash|257\/304 brn
|move|p2a: Chansey|Seismic Toss|p1a: Rotom-Wash
|-damage|p1a: Rotom-Wash|157\/304 brn
|
|-heal|p1a: Rotom-Wash|176\/304 brn|[from] item: Leftovers
|-damage|p1a: Rotom-Wash|138\/304 brn|[from] brn
|turn|30
|join|Eric1999
|c|â(TRK) teso24|este duelo lo gano igual
|
|move|p1a: Rotom-Wash|Pain Split|p2a: Chansey
|-sethp|p2a: Chansey|362\/704|p1a: Rotom-Wash|304\/304 brn|[from] move: Pain Split
|move|p2a: Chansey|Seismic Toss|p1a: Rotom-Wash
|-damage|p1a: Rotom-Wash|204\/304 brn
|
|-heal|p1a: Rotom-Wash|223\/304 brn|[from] item: Leftovers
|-damage|p1a: Rotom-Wash|185\/304 brn|[from] brn
|turn|31
|
|move|p1a: Rotom-Wash|Will-O-Wisp|p2a: Chansey
|-status|p2a: Chansey|brn
|move|p2a: Chansey|Seismic Toss|p1a: Rotom-Wash
|-damage|p1a: Rotom-Wash|85\/304 brn
|
|-heal|p1a: Rotom-Wash|104\/304 brn|[from] item: Leftovers
|-damage|p1a: Rotom-Wash|66\/304 brn|[from] brn
|-damage|p2a: Chansey|274\/704 brn|[from] brn
|turn|32
|
|move|p1a: Rotom-Wash|Pain Split|p2a: Chansey
|-sethp|p2a: Chansey|170\/704 brn|p1a: Rotom-Wash|170\/304 brn|[from] move: Pain Split
|move|p2a: Chansey|Heal Bell|p2a: Chansey
|-cureteam|p2a: Chansey|[from] move: HealBell
|
|-heal|p1a: Rotom-Wash|189\/304 brn|[from] item: Leftovers
|-damage|p1a: Rotom-Wash|151\/304 brn|[from] brn
|turn|33
|
|move|p1a: Rotom-Wash|Will-O-Wisp|p2a: Chansey
|-status|p2a: Chansey|brn
|move|p2a: Chansey|Soft-Boiled|p2a: Chansey
|-heal|p2a: Chansey|522\/704 brn
|
|-heal|p1a: Rotom-Wash|170\/304 brn|[from] item: Leftovers
|-damage|p1a: Rotom-Wash|132\/304 brn|[from] brn
|-damage|p2a: Chansey|434\/704 brn|[from] brn
|turn|34
|
|move|p1a: Rotom-Wash|Pain Split|p2a: Chansey
|-sethp|p2a: Chansey|283\/704 brn|p1a: Rotom-Wash|283\/304 brn|[from] move: Pain Split
|move|p2a: Chansey|Heal Bell|p2a: Chansey
|-cureteam|p2a: Chansey|[from] move: HealBell
|
|-heal|p1a: Rotom-Wash|302\/304 brn|[from] item: Leftovers
|-damage|p1a: Rotom-Wash|264\/304 brn|[from] brn
|turn|35
|
|switch|p1a: Landorus-Therian|Landorus-Therian, M|40\/320
|-ability|p1a: Landorus-Therian|Intimidate|[of] p2a: Chansey
|-unboost|p2a: Chansey|atk|1
|move|p2a: Chansey|Seismic Toss|p1a: Landorus-Therian
|-damage|p1a: Landorus-Therian|0 fnt
|faint|p1a: Landorus-Therian
|
|c|âSweet Symphony|rip
|
|switch|p1a: Rotom-Wash|Rotom-Wash|264\/304 brn
|turn|36
|c|â(TRK) teso24|ya dije
|c|â(TRK) teso24|igual lo gano
|c|âSweet Symphony|te callas
|c|â(TRK) teso24|se te acaban las heal y gg
|c|â(TRK) teso24|por nub y pendejo
|c|â(TRK) teso24|+2 252 Atk Aerilate Mega Pinsir Return vs. 4 HP \/ 252+ Def Eviolite Chansey: 655-772 (102 - 120.2%) -- guaranteed OHKO
|c|âSweet Symphony|tengo heall y aromaterapy
|c|âSweet Symphony|gg
|
|move|p1a: Rotom-Wash|Will-O-Wisp|p2a: Chansey
|-status|p2a: Chansey|brn
|move|p2a: Chansey|Seismic Toss|p1a: Rotom-Wash
|-damage|p1a: Rotom-Wash|164\/304 brn
|
|-heal|p1a: Rotom-Wash|183\/304 brn|[from] item: Leftovers
|-damage|p1a: Rotom-Wash|145\/304 brn|[from] brn
|-damage|p2a: Chansey|195\/704 brn|[from] brn
|turn|37
|c|â(TRK) teso24|son 16
|c|â(TRK) teso24|pl0x
|c|â(TRK) teso24|will son 20
|c|â(TRK) teso24|24
|
|move|p1a: Rotom-Wash|Hydro Pump|p2a: Chansey
|-damage|p2a: Chansey|101\/704 brn
|move|p2a: Chansey|Soft-Boiled|p2a: Chansey
|-heal|p2a: Chansey|453\/704 brn
|
|-heal|p1a: Rotom-Wash|164\/304 brn|[from] item: Leftovers
|-damage|p1a: Rotom-Wash|126\/304 brn|[from] brn
|-damage|p2a: Chansey|365\/704 brn|[from] brn
|turn|38
|
|move|p1a: Rotom-Wash|Pain Split|p2a: Chansey
|-sethp|p2a: Chansey|245\/704 brn|p1a: Rotom-Wash|245\/304 brn|[from] move: Pain Split
|move|p2a: Chansey|Heal Bell|p2a: Chansey
|-cureteam|p2a: Chansey|[from] move: HealBell
|
|-heal|p1a: Rotom-Wash|264\/304 brn|[from] item: Leftovers
|-damage|p1a: Rotom-Wash|226\/304 brn|[from] brn
|turn|39
|
|move|p1a: Rotom-Wash|Will-O-Wisp|p2a: Chansey
|-status|p2a: Chansey|brn
|move|p2a: Chansey|Seismic Toss|p1a: Rotom-Wash
|-damage|p1a: Rotom-Wash|126\/304 brn
|
|-heal|p1a: Rotom-Wash|145\/304 brn|[from] item: Leftovers
|-damage|p1a: Rotom-Wash|107\/304 brn|[from] brn
|-damage|p2a: Chansey|157\/704 brn|[from] brn
|turn|40
|
|move|p1a: Rotom-Wash|Hydro Pump|p2a: Chansey
|-damage|p2a: Chansey|72\/704 brn
|move|p2a: Chansey|Soft-Boiled|p2a: Chansey
|-heal|p2a: Chansey|424\/704 brn
|
|-heal|p1a: Rotom-Wash|126\/304 brn|[from] item: Leftovers
|-damage|p1a: Rotom-Wash|88\/304 brn|[from] brn
|-damage|p2a: Chansey|336\/704 brn|[from] brn
|turn|41
|
|move|p1a: Rotom-Wash|Pain Split|p2a: Chansey
|-sethp|p2a: Chansey|212\/704 brn|p1a: Rotom-Wash|212\/304 brn|[from] move: Pain Split
|move|p2a: Chansey|Heal Bell|p2a: Chansey
|-cureteam|p2a: Chansey|[from] move: HealBell
|
|-heal|p1a: Rotom-Wash|231\/304 brn|[from] item: Leftovers
|-damage|p1a: Rotom-Wash|193\/304 brn|[from] brn
|turn|42
|
|move|p1a: Rotom-Wash|Will-O-Wisp|p2a: Chansey
|-status|p2a: Chansey|brn
|move|p2a: Chansey|Heal Bell|p2a: Chansey
|-cureteam|p2a: Chansey|[from] move: HealBell
|
|-heal|p1a: Rotom-Wash|212\/304 brn|[from] item: Leftovers
|-damage|p1a: Rotom-Wash|174\/304 brn|[from] brn
|turn|43
|
|move|p1a: Rotom-Wash|Will-O-Wisp|p2a: Chansey
|-status|p2a: Chansey|brn
|move|p2a: Chansey|Soft-Boiled|p2a: Chansey
|-heal|p2a: Chansey|564\/704 brn
|
|-heal|p1a: Rotom-Wash|193\/304 brn|[from] item: Leftovers
|-damage|p1a: Rotom-Wash|155\/304 brn|[from] brn
|-damage|p2a: Chansey|476\/704 brn|[from] brn
|turn|44
|
|move|p1a: Rotom-Wash|Pain Split|p2a: Chansey
|-sethp|p2a: Chansey|315\/704 brn|p1a: Rotom-Wash|304\/304 brn|[from] move: Pain Split
|move|p2a: Chansey|Heal Bell|p2a: Chansey
|-cureteam|p2a: Chansey|[from] move: HealBell
|
|-damage|p1a: Rotom-Wash|266\/304 brn|[from] brn
|turn|45
|
|move|p1a: Rotom-Wash|Will-O-Wisp|p2a: Chansey
|-status|p2a: Chansey|brn
|move|p2a: Chansey|Seismic Toss|p1a: Rotom-Wash
|-damage|p1a: Rotom-Wash|166\/304 brn
|
|-heal|p1a: Rotom-Wash|185\/304 brn|[from] item: Leftovers
|-damage|p1a: Rotom-Wash|147\/304 brn|[from] brn
|-damage|p2a: Chansey|227\/704 brn|[from] brn
|turn|46
|
|move|p1a: Rotom-Wash|Hydro Pump|p2a: Chansey
|-damage|p2a: Chansey|145\/704 brn
|move|p2a: Chansey|Soft-Boiled|p2a: Chansey
|-heal|p2a: Chansey|497\/704 brn
|
|-heal|p1a: Rotom-Wash|166\/304 brn|[from] item: Leftovers
|-damage|p1a: Rotom-Wash|128\/304 brn|[from] brn
|-damage|p2a: Chansey|409\/704 brn|[from] brn
|turn|47
|
|move|p1a: Rotom-Wash|Pain Split|p2a: Chansey
|-sethp|p2a: Chansey|268\/704 brn|p1a: Rotom-Wash|268\/304 brn|[from] move: Pain Split
|move|p2a: Chansey|Heal Bell|p2a: Chansey
|-cureteam|p2a: Chansey|[from] move: HealBell
|
|-heal|p1a: Rotom-Wash|287\/304 brn|[from] item: Leftovers
|-damage|p1a: Rotom-Wash|249\/304 brn|[from] brn
|turn|48
|
|move|p1a: Rotom-Wash|Will-O-Wisp|p2a: Chansey|[miss]
|-miss|p1a: Rotom-Wash|p2a: Chansey
|move|p2a: Chansey|Wish|p2a: Chansey
|
|-heal|p1a: Rotom-Wash|268\/304 brn|[from] item: Leftovers
|-damage|p1a: Rotom-Wash|230\/304 brn|[from] brn
|turn|49
|
|move|p1a: Rotom-Wash|Will-O-Wisp|p2a: Chansey
|-status|p2a: Chansey|brn
|move|p2a: Chansey|Seismic Toss|p1a: Rotom-Wash
|-damage|p1a: Rotom-Wash|130\/304 brn
|
|-heal|p2a: Chansey|620\/704 brn|[from] move: Wish|[wisher] Chansey
|-heal|p1a: Rotom-Wash|149\/304 brn|[from] item: Leftovers
|-damage|p1a: Rotom-Wash|111\/304 brn|[from] brn
|-damage|p2a: Chansey|532\/704 brn|[from] brn
|turn|50
|
|move|p1a: Rotom-Wash|Pain Split|p2a: Chansey
|-sethp|p2a: Chansey|321\/704 brn|p1a: Rotom-Wash|304\/304 brn|[from] move: Pain Split
|move|p2a: Chansey|Seismic Toss|p1a: Rotom-Wash
|-damage|p1a: Rotom-Wash|204\/304 brn
|
|-heal|p1a: Rotom-Wash|223\/304 brn|[from] item: Leftovers
|-damage|p1a: Rotom-Wash|185\/304 brn|[from] brn
|-damage|p2a: Chansey|233\/704 brn|[from] brn
|turn|51
|join|CSS)bleachzxzx
|
|move|p1a: Rotom-Wash|Volt Switch|p2a: Chansey
|-damage|p2a: Chansey|181\/704 brn
|
|switch|p1a: Magnezone|Magnezone|282\/282
|move|p2a: Chansey|Soft-Boiled|p2a: Chansey
|-heal|p2a: Chansey|533\/704 brn
|
|-damage|p2a: Chansey|445\/704 brn|[from] brn
|turn|52
|
|move|p1a: Magnezone|Volt Switch|p2a: Chansey
|-damage|p2a: Chansey|363\/704 brn
|
|switch|p1a: Rotom-Wash|Rotom-Wash|185\/304 brn
|move|p2a: Chansey|Heal Bell|p2a: Chansey
|-cureteam|p2a: Chansey|[from] move: HealBell
|
|-heal|p1a: Rotom-Wash|204\/304 brn|[from] item: Leftovers
|-damage|p1a: Rotom-Wash|166\/304 brn|[from] brn
|turn|53
|c|âSweet Symphony|me volsuichea
|
|move|p1a: Rotom-Wash|Will-O-Wisp|p2a: Chansey
|-status|p2a: Chansey|brn
|move|p2a: Chansey|Wish|p2a: Chansey
|
|-heal|p1a: Rotom-Wash|185\/304 brn|[from] item: Leftovers
|-damage|p1a: Rotom-Wash|147\/304 brn|[from] brn
|-damage|p2a: Chansey|275\/704 brn|[from] brn
|turn|54
|
|move|p1a: Rotom-Wash|Pain Split|p2a: Chansey
|-sethp|p2a: Chansey|211\/704 brn|p1a: Rotom-Wash|211\/304 brn|[from] move: Pain Split
|move|p2a: Chansey|Seismic Toss|p1a: Rotom-Wash
|-damage|p1a: Rotom-Wash|111\/304 brn
|
|-heal|p2a: Chansey|563\/704 brn|[from] move: Wish|[wisher] Chansey
|-heal|p1a: Rotom-Wash|130\/304 brn|[from] item: Leftovers
|-damage|p1a: Rotom-Wash|92\/304 brn|[from] brn
|-damage|p2a: Chansey|475\/704 brn|[from] brn
|turn|55
|
|move|p1a: Rotom-Wash|Pain Split|p2a: Chansey
|-sethp|p2a: Chansey|283\/704 brn|p1a: Rotom-Wash|283\/304 brn|[from] move: Pain Split
|move|p2a: Chansey|Seismic Toss|p1a: Rotom-Wash
|-damage|p1a: Rotom-Wash|183\/304 brn
|
|-heal|p1a: Rotom-Wash|202\/304 brn|[from] item: Leftovers
|-damage|p1a: Rotom-Wash|164\/304 brn|[from] brn
|-damage|p2a: Chansey|195\/704 brn|[from] brn
|turn|56
|
|move|p1a: Rotom-Wash|Hydro Pump|p2a: Chansey
|-damage|p2a: Chansey|111\/704 brn
|move|p2a: Chansey|Soft-Boiled|p2a: Chansey
|-heal|p2a: Chansey|463\/704 brn
|
|-heal|p1a: Rotom-Wash|183\/304 brn|[from] item: Leftovers
|-damage|p1a: Rotom-Wash|145\/304 brn|[from] brn
|-damage|p2a: Chansey|375\/704 brn|[from] brn
|turn|57
|
|move|p1a: Rotom-Wash|Pain Split|p2a: Chansey
|-sethp|p2a: Chansey|260\/704 brn|p1a: Rotom-Wash|260\/304 brn|[from] move: Pain Split
|move|p2a: Chansey|Wish|p2a: Chansey
|
|-heal|p1a: Rotom-Wash|279\/304 brn|[from] item: Leftovers
|-damage|p1a: Rotom-Wash|241\/304 brn|[from] brn
|-damage|p2a: Chansey|172\/704 brn|[from] brn
|turn|58
|
|move|p1a: Rotom-Wash|Hydro Pump|p2a: Chansey
|-damage|p2a: Chansey|91\/704 brn
|move|p2a: Chansey|Seismic Toss|p1a: Rotom-Wash
|-damage|p1a: Rotom-Wash|141\/304 brn
|
|-heal|p2a: Chansey|443\/704 brn|[from] move: Wish|[wisher] Chansey
|-heal|p1a: Rotom-Wash|160\/304 brn|[from] item: Leftovers
|-damage|p1a: Rotom-Wash|122\/304 brn|[from] brn
|-damage|p2a: Chansey|355\/704 brn|[from] brn
|turn|59
|
|move|p1a: Rotom-Wash|Pain Split|p2a: Chansey
|-sethp|p2a: Chansey|238\/704 brn|p1a: Rotom-Wash|238\/304 brn|[from] move: Pain Split
|move|p2a: Chansey|Wish|p2a: Chansey
|
|-heal|p1a: Rotom-Wash|257\/304 brn|[from] item: Leftovers
|-damage|p1a: Rotom-Wash|219\/304 brn|[from] brn
|-damage|p2a: Chansey|150\/704 brn|[from] brn
|turn|60
|
|move|p1a: Rotom-Wash|Volt Switch|p2a: Chansey
|-damage|p2a: Chansey|99\/704 brn
|
|switch|p1a: Magnezone|Magnezone|282\/282
|move|p2a: Chansey|Seismic Toss|p1a: Magnezone
|-damage|p1a: Magnezone|182\/282
|
|-heal|p2a: Chansey|451\/704 brn|[from] move: Wish|[wisher] Chansey
|-damage|p2a: Chansey|363\/704 brn|[from] brn
|turn|61
|
|move|p1a: Magnezone|Flash Cannon|p2a: Chansey
|-damage|p2a: Chansey|270\/704 brn
|move|p2a: Chansey|Wish|p2a: Chansey
|
|-damage|p2a: Chansey|182\/704 brn|[from] brn
|turn|62
|
|move|p1a: Magnezone|Flash Cannon|p2a: Chansey
|-damage|p2a: Chansey|86\/704 brn
|move|p2a: Chansey|Seismic Toss|p1a: Magnezone
|-damage|p1a: Magnezone|82\/282
|
|-heal|p2a: Chansey|438\/704 brn|[from] move: Wish|[wisher] Chansey
|-damage|p2a: Chansey|350\/704 brn|[from] brn
|turn|63
|
|move|p1a: Magnezone|Flash Cannon|p2a: Chansey
|-damage|p2a: Chansey|262\/704 brn
|move|p2a: Chansey|Seismic Toss|p1a: Magnezone
|-damage|p1a: Magnezone|0 fnt
|faint|p1a: Magnezone
|
|-damage|p2a: Chansey|174\/704 brn|[from] brn
|
|switch|p1a: Rotom-Wash|Rotom-Wash|219\/304 brn
|turn|64
|
|move|p1a: Rotom-Wash|Hydro Pump|p2a: Chansey
|-damage|p2a: Chansey|87\/704 brn
|move|p2a: Chansey|Soft-Boiled|p2a: Chansey
|-heal|p2a: Chansey|439\/704 brn
|
|-heal|p1a: Rotom-Wash|238\/304 brn|[from] item: Leftovers
|-damage|p1a: Rotom-Wash|200\/304 brn|[from] brn
|-damage|p2a: Chansey|351\/704 brn|[from] brn
|turn|65
|leave|Eric1999
|
|move|p1a: Rotom-Wash|Volt Switch|p2a: Chansey
|-damage|p2a: Chansey|294\/704 brn
|move|p2a: Chansey|Soft-Boiled|p2a: Chansey
|-heal|p2a: Chansey|646\/704 brn
|
|-heal|p1a: Rotom-Wash|219\/304 brn|[from] item: Leftovers
|-damage|p1a: Rotom-Wash|181\/304 brn|[from] brn
|-damage|p2a: Chansey|558\/704 brn|[from] brn
|turn|66
|
|move|p1a: Rotom-Wash|Pain Split|p2a: Chansey
|-sethp|p2a: Chansey|369\/704 brn|p1a: Rotom-Wash|304\/304 brn|[from] move: Pain Split
|move|p2a: Chansey|Seismic Toss|p1a: Rotom-Wash
|-damage|p1a: Rotom-Wash|204\/304 brn
|
|-heal|p1a: Rotom-Wash|223\/304 brn|[from] item: Leftovers
|-damage|p1a: Rotom-Wash|185\/304 brn|[from] brn
|-damage|p2a: Chansey|281\/704 brn|[from] brn
|turn|67
|
|move|p1a: Rotom-Wash|Volt Switch|p2a: Chansey
|-crit|p2a: Chansey
|-damage|p2a: Chansey|193\/704 brn
|move|p2a: Chansey|Wish|p2a: Chansey
|
|-heal|p1a: Rotom-Wash|204\/304 brn|[from] item: Leftovers
|-damage|p1a: Rotom-Wash|166\/304 brn|[from] brn
|-damage|p2a: Chansey|105\/704 brn|[from] brn
|turn|68
|c|âSweet Symphony|no mames que haxero
|
|move|p1a: Rotom-Wash|Hydro Pump|p2a: Chansey
|-damage|p2a: Chansey|18\/704 brn
|move|p2a: Chansey|Seismic Toss|p1a: Rotom-Wash
|-damage|p1a: Rotom-Wash|66\/304 brn
|
|-heal|p2a: Chansey|370\/704 brn|[from] move: Wish|[wisher] Chansey
|-heal|p1a: Rotom-Wash|85\/304 brn|[from] item: Leftovers
|-damage|p1a: Rotom-Wash|47\/304 brn|[from] brn
|-damage|p2a: Chansey|282\/704 brn|[from] brn
|turn|69
|
|move|p1a: Rotom-Wash|Pain Split|p2a: Chansey
|-sethp|p2a: Chansey|164\/704 brn|p1a: Rotom-Wash|164\/304 brn|[from] move: Pain Split
|move|p2a: Chansey|Soft-Boiled|p2a: Chansey
|-heal|p2a: Chansey|516\/704 brn
|
|-heal|p1a: Rotom-Wash|183\/304 brn|[from] item: Leftovers
|-damage|p1a: Rotom-Wash|145\/304 brn|[from] brn
|-damage|p2a: Chansey|428\/704 brn|[from] brn
|turn|70
|
|move|p1a: Rotom-Wash|Pain Split|p2a: Chansey
|-sethp|p2a: Chansey|286\/704 brn|p1a: Rotom-Wash|286\/304 brn|[from] move: Pain Split
|move|p2a: Chansey|Wish|p2a: Chansey
|
|-heal|p1a: Rotom-Wash|304\/304 brn|[from] item: Leftovers
|-damage|p1a: Rotom-Wash|266\/304 brn|[from] brn
|-damage|p2a: Chansey|198\/704 brn|[from] brn
|turn|71
|
|move|p1a: Rotom-Wash|Volt Switch|p2a: Chansey
|-damage|p2a: Chansey|147\/704 brn
|move|p2a: Chansey|Seismic Toss|p1a: Rotom-Wash
|-damage|p1a: Rotom-Wash|166\/304 brn
|
|-heal|p2a: Chansey|499\/704 brn|[from] move: Wish|[wisher] Chansey
|-heal|p1a: Rotom-Wash|185\/304 brn|[from] item: Leftovers
|-damage|p1a: Rotom-Wash|147\/304 brn|[from] brn
|-damage|p2a: Chansey|411\/704 brn|[from] brn
|turn|72
|
|move|p1a: Rotom-Wash|Volt Switch|p2a: Chansey
|-damage|p2a: Chansey|357\/704 brn
|move|p2a: Chansey|Wish|p2a: Chansey
|
|-heal|p1a: Rotom-Wash|166\/304 brn|[from] item: Leftovers
|-damage|p1a: Rotom-Wash|128\/304 brn|[from] brn
|-damage|p2a: Chansey|269\/704 brn|[from] brn
|turn|73
|
|move|p1a: Rotom-Wash|Pain Split|p2a: Chansey
|-sethp|p2a: Chansey|198\/704 brn|p1a: Rotom-Wash|198\/304 brn|[from] move: Pain Split
|move|p2a: Chansey|Seismic Toss|p1a: Rotom-Wash
|-damage|p1a: Rotom-Wash|98\/304 brn
|
|-heal|p2a: Chansey|550\/704 brn|[from] move: Wish|[wisher] Chansey
|-heal|p1a: Rotom-Wash|117\/304 brn|[from] item: Leftovers
|-damage|p1a: Rotom-Wash|79\/304 brn|[from] brn
|-damage|p2a: Chansey|462\/704 brn|[from] brn
|turn|74
|
|move|p1a: Rotom-Wash|Pain Split|p2a: Chansey
|-sethp|p2a: Chansey|270\/704 brn|p1a: Rotom-Wash|270\/304 brn|[from] move: Pain Split
|move|p2a: Chansey|Seismic Toss|p1a: Rotom-Wash
|-damage|p1a: Rotom-Wash|170\/304 brn
|
|-heal|p1a: Rotom-Wash|189\/304 brn|[from] item: Leftovers
|-damage|p1a: Rotom-Wash|151\/304 brn|[from] brn
|-damage|p2a: Chansey|182\/704 brn|[from] brn
|turn|75
|
|move|p1a: Rotom-Wash|Volt Switch|p2a: Chansey
|-damage|p2a: Chansey|122\/704 brn
|move|p2a: Chansey|Soft-Boiled|p2a: Chansey
|-heal|p2a: Chansey|474\/704 brn
|
|-heal|p1a: Rotom-Wash|170\/304 brn|[from] item: Leftovers
|-damage|p1a: Rotom-Wash|132\/304 brn|[from] brn
|-damage|p2a: Chansey|386\/704 brn|[from] brn
|turn|76
|join|(CF) Gianny
|
|move|p1a: Rotom-Wash|Pain Split|p2a: Chansey
|-sethp|p2a: Chansey|259\/704 brn|p1a: Rotom-Wash|259\/304 brn|[from] move: Pain Split
|move|p2a: Chansey|Seismic Toss|p1a: Rotom-Wash
|-damage|p1a: Rotom-Wash|159\/304 brn
|
|-heal|p1a: Rotom-Wash|178\/304 brn|[from] item: Leftovers
|-damage|p1a: Rotom-Wash|140\/304 brn|[from] brn
|-damage|p2a: Chansey|171\/704 brn|[from] brn
|turn|77
|
|move|p1a: Rotom-Wash|Volt Switch|p2a: Chansey
|-damage|p2a: Chansey|111\/704 brn
|move|p2a: Chansey|Soft-Boiled|p2a: Chansey
|-heal|p2a: Chansey|463\/704 brn
|
|-heal|p1a: Rotom-Wash|159\/304 brn|[from] item: Leftovers
|-damage|p1a: Rotom-Wash|121\/304 brn|[from] brn
|-damage|p2a: Chansey|375\/704 brn|[from] brn
|turn|78
|
|move|p1a: Rotom-Wash|Pain Split|p2a: Chansey
|-sethp|p2a: Chansey|248\/704 brn|p1a: Rotom-Wash|248\/304 brn|[from] move: Pain Split
|move|p2a: Chansey|Wish|p2a: Chansey
|
|-heal|p1a: Rotom-Wash|267\/304 brn|[from] item: Leftovers
|-damage|p1a: Rotom-Wash|229\/304 brn|[from] brn
|-damage|p2a: Chansey|160\/704 brn|[from] brn
|turn|79
|leave|(CF) Gianny
|join|sbet777
|
|move|p1a: Rotom-Wash|Volt Switch|p2a: Chansey
|-damage|p2a: Chansey|105\/704 brn
|move|p2a: Chansey|Seismic Toss|p1a: Rotom-Wash
|-damage|p1a: Rotom-Wash|129\/304 brn
|
|-heal|p2a: Chansey|457\/704 brn|[from] move: Wish|[wisher] Chansey
|-heal|p1a: Rotom-Wash|148\/304 brn|[from] item: Leftovers
|-damage|p1a: Rotom-Wash|110\/304 brn|[from] brn
|-damage|p2a: Chansey|369\/704 brn|[from] brn
|turn|80
|
|move|p1a: Rotom-Wash|Pain Split|p2a: Chansey
|-sethp|p2a: Chansey|239\/704 brn|p1a: Rotom-Wash|239\/304 brn|[from] move: Pain Split
|move|p2a: Chansey|Wish|p2a: Chansey
|
|-heal|p1a: Rotom-Wash|258\/304 brn|[from] item: Leftovers
|-damage|p1a: Rotom-Wash|220\/304 brn|[from] brn
|-damage|p2a: Chansey|151\/704 brn|[from] brn
|turn|81
|
|move|p1a: Rotom-Wash|Volt Switch|p2a: Chansey
|-damage|p2a: Chansey|93\/704 brn
|move|p2a: Chansey|Seismic Toss|p1a: Rotom-Wash
|-damage|p1a: Rotom-Wash|120\/304 brn
|
|-heal|p2a: Chansey|445\/704 brn|[from] move: Wish|[wisher] Chansey
|-heal|p1a: Rotom-Wash|139\/304 brn|[from] item: Leftovers
|-damage|p1a: Rotom-Wash|101\/304 brn|[from] brn
|-damage|p2a: Chansey|357\/704 brn|[from] brn
|turn|82
|
|move|p1a: Rotom-Wash|Pain Split|p2a: Chansey
|-sethp|p2a: Chansey|229\/704 brn|p1a: Rotom-Wash|229\/304 brn|[from] move: Pain Split
|move|p2a: Chansey|Wish|p2a: Chansey
|
|-heal|p1a: Rotom-Wash|248\/304 brn|[from] item: Leftovers
|-damage|p1a: Rotom-Wash|210\/304 brn|[from] brn
|-damage|p2a: Chansey|141\/704 brn|[from] brn
|turn|83
|c|âSweet Symphony|porque no da semimc crit
|c| sbet777|...
|c|âSweet Symphony|:(
|
|move|p1a: Rotom-Wash|Volt Switch|p2a: Chansey
|-damage|p2a: Chansey|84\/704 brn
|move|p2a: Chansey|Seismic Toss|p1a: Rotom-Wash
|-damage|p1a: Rotom-Wash|110\/304 brn
|
|-heal|p2a: Chansey|436\/704 brn|[from] move: Wish|[wisher] Chansey
|-heal|p1a: Rotom-Wash|129\/304 brn|[from] item: Leftovers
|-damage|p1a: Rotom-Wash|91\/304 brn|[from] brn
|-damage|p2a: Chansey|348\/704 brn|[from] brn
|turn|84
|
|move|p1a: Rotom-Wash|Pain Split|p2a: Chansey
|-sethp|p2a: Chansey|219\/704 brn|p1a: Rotom-Wash|219\/304 brn|[from] move: Pain Split
|move|p2a: Chansey|Wish|p2a: Chansey
|
|-heal|p1a: Rotom-Wash|238\/304 brn|[from] item: Leftovers
|-damage|p1a: Rotom-Wash|200\/304 brn|[from] brn
|-damage|p2a: Chansey|131\/704 brn|[from] brn
|turn|85
|
|move|p1a: Rotom-Wash|Volt Switch|p2a: Chansey
|-damage|p2a: Chansey|77\/704 brn
|move|p2a: Chansey|Seismic Toss|p1a: Rotom-Wash
|-damage|p1a: Rotom-Wash|100\/304 brn
|
|-heal|p2a: Chansey|429\/704 brn|[from] move: Wish|[wisher] Chansey
|-heal|p1a: Rotom-Wash|119\/304 brn|[from] item: Leftovers
|-damage|p1a: Rotom-Wash|81\/304 brn|[from] brn
|-damage|p2a: Chansey|341\/704 brn|[from] brn
|turn|86
|
|move|p1a: Rotom-Wash|Pain Split|p2a: Chansey
|-sethp|p2a: Chansey|211\/704 brn|p1a: Rotom-Wash|211\/304 brn|[from] move: Pain Split
|move|p2a: Chansey|Wish|p2a: Chansey
|
|-heal|p1a: Rotom-Wash|230\/304 brn|[from] item: Leftovers
|-damage|p1a: Rotom-Wash|192\/304 brn|[from] brn
|-damage|p2a: Chansey|123\/704 brn|[from] brn
|turn|87
|
|move|p1a: Rotom-Wash|Volt Switch|p2a: Chansey
|-damage|p2a: Chansey|69\/704 brn
|move|p2a: Chansey|Seismic Toss|p1a: Rotom-Wash
|-damage|p1a: Rotom-Wash|92\/304 brn
|
|-heal|p2a: Chansey|421\/704 brn|[from] move: Wish|[wisher] Chansey
|-heal|p1a: Rotom-Wash|111\/304 brn|[from] item: Leftovers
|-damage|p1a: Rotom-Wash|73\/304 brn|[from] brn
|-damage|p2a: Chansey|333\/704 brn|[from] brn
|turn|88
|
|move|p1a: Rotom-Wash|Pain Split|p2a: Chansey
|-sethp|p2a: Chansey|203\/704 brn|p1a: Rotom-Wash|203\/304 brn|[from] move: Pain Split
|move|p2a: Chansey|Wish|p2a: Chansey
|
|-heal|p1a: Rotom-Wash|222\/304 brn|[from] item: Leftovers
|-damage|p1a: Rotom-Wash|184\/304 brn|[from] brn
|-damage|p2a: Chansey|115\/704 brn|[from] brn
|turn|89
|
|move|p1a: Rotom-Wash|Volt Switch|p2a: Chansey
|-damage|p2a: Chansey|58\/704 brn
|move|p2a: Chansey|Soft-Boiled|p2a: Chansey
|-heal|p2a: Chansey|410\/704 brn
|
|-heal|p2a: Chansey|704\/704 brn|[from] move: Wish|[wisher] Chansey
|-heal|p1a: Rotom-Wash|203\/304 brn|[from] item: Leftovers
|-damage|p1a: Rotom-Wash|165\/304 brn|[from] brn
|-damage|p2a: Chansey|616\/704 brn|[from] brn
|turn|90
|c|âSweet Symphony|super sana :D
|
|move|p1a: Rotom-Wash|Volt Switch|p2a: Chansey
|-damage|p2a: Chansey|564\/704 brn
|move|p2a: Chansey|Seismic Toss|p1a: Rotom-Wash
|-damage|p1a: Rotom-Wash|65\/304 brn
|
|-heal|p1a: Rotom-Wash|84\/304 brn|[from] item: Leftovers
|-damage|p1a: Rotom-Wash|46\/304 brn|[from] brn
|-damage|p2a: Chansey|476\/704 brn|[from] brn
|turn|91
|
|move|p1a: Rotom-Wash|Pain Split|p2a: Chansey
|-sethp|p2a: Chansey|261\/704 brn|p1a: Rotom-Wash|261\/304 brn|[from] move: Pain Split
|move|p2a: Chansey|Seismic Toss|p1a: Rotom-Wash
|-damage|p1a: Rotom-Wash|161\/304 brn
|
|-heal|p1a: Rotom-Wash|180\/304 brn|[from] item: Leftovers
|-damage|p1a: Rotom-Wash|142\/304 brn|[from] brn
|-damage|p2a: Chansey|173\/704 brn|[from] brn
|turn|92
|
|move|p1a: Rotom-Wash|Volt Switch|p2a: Chansey
|-damage|p2a: Chansey|118\/704 brn
|move|p2a: Chansey|Soft-Boiled|p2a: Chansey
|-heal|p2a: Chansey|470\/704 brn
|
|-heal|p1a: Rotom-Wash|161\/304 brn|[from] item: Leftovers
|-damage|p1a: Rotom-Wash|123\/304 brn|[from] brn
|-damage|p2a: Chansey|382\/704 brn|[from] brn
|turn|93
|
|move|p1a: Rotom-Wash|Pain Split|p2a: Chansey
|-sethp|p2a: Chansey|252\/704 brn|p1a: Rotom-Wash|252\/304 brn|[from] move: Pain Split
|move|p2a: Chansey|Wish|p2a: Chansey
|
|-heal|p1a: Rotom-Wash|271\/304 brn|[from] item: Leftovers
|-damage|p1a: Rotom-Wash|233\/304 brn|[from] brn
|-damage|p2a: Chansey|164\/704 brn|[from] brn
|turn|94
|
|move|p1a: Rotom-Wash|Volt Switch|p2a: Chansey
|-damage|p2a: Chansey|103\/704 brn
|move|p2a: Chansey|Seismic Toss|p1a: Rotom-Wash
|-damage|p1a: Rotom-Wash|133\/304 brn
|
|-heal|p2a: Chansey|455\/704 brn|[from] move: Wish|[wisher] Chansey
|-heal|p1a: Rotom-Wash|152\/304 brn|[from] item: Leftovers
|-damage|p1a: Rotom-Wash|114\/304 brn|[from] brn
|-damage|p2a: Chansey|367\/704 brn|[from] brn
|turn|95
|join|TRK HeavenVaporeon
|c|âSweet Symphony|voy a perder como por 3 
|c|âSweet Symphony|:(
|
|move|p1a: Rotom-Wash|Pain Split|p2a: Chansey
|-sethp|p2a: Chansey|240\/704 brn|p1a: Rotom-Wash|240\/304 brn|[from] move: Pain Split
|move|p2a: Chansey|Wish|p2a: Chansey
|
|-heal|p1a: Rotom-Wash|259\/304 brn|[from] item: Leftovers
|-damage|p1a: Rotom-Wash|221\/304 brn|[from] brn
|-damage|p2a: Chansey|152\/704 brn|[from] brn
|turn|96
|c|â(TRK) teso24|y lo peor es que si no hubiera sido por el crit
|c|â(TRK) teso24|ya te ganaba
|c|âSweet Symphony|si hubieras hecho closeÃ§
|c|â(TRK) teso24|pinche haxero
|c|âSweet Symphony|como se debia
|c|âSweet Symphony|pinche nub
|c| TRK HeavenVaporeon|lol
|c|â(TRK) teso24|nadie hace close
|c|â(TRK) teso24|eso es de pendejos
|c|â(TRK) teso24|ademas no tiene close
|c|âSweet Symphony|por eso
|c| TRK HeavenVaporeon|Relax xd
|c|â(TRK) teso24|+2 252 Atk Aerilate Mega Pinsir Return vs. 4 HP \/ 252+ Def Eviolite Chansey: 655-772 (102 - 120.2%) -- guaranteed OHKO
|c|âSweet Symphony|eso eres
|c|â(TRK) teso24|+2 252 Atk Aerilate Mega Pinsir Return vs. 4 HP \/ 252+ Def Eviolite Chansey: 655-772 (102 - 120.2%) -- guaranteed OHKO
|c|â(TRK) teso24|+2 252 Atk Aerilate Mega Pinsir Return vs. 4 HP \/ 252+ Def Eviolite Chansey: 655-772 (102 - 120.2%) -- guaranteed OHKO
|c|â(TRK) teso24|+2 252 Atk Aerilate Mega Pinsir Return vs. 4 HP \/ 252+ Def Eviolite Chansey: 655-772 (102 - 120.2%) -- guaranteed OHKO
|c|â(TRK) teso24|+2 252 Atk Aerilate Mega Pinsir Return vs. 4 HP \/ 252+ Def Eviolite Chansey: 655-772 (102 - 120.2%) -- guaranteed OHKO
|c| TRK HeavenVaporeon|QuÃ© pasÃ³?
|c|â(TRK) teso24|+2 252 Atk Aerilate Mega Pinsir Return vs. 4 HP \/ 252+ Def Eviolite Chansey: 655-772 (102 - 120.2%) -- guaranteed OHKO
|c|â(TRK) teso24|pl0x
|
|move|p1a: Rotom-Wash|Volt Switch|p2a: Chansey
|-damage|p2a: Chansey|91\/704 brn
|move|p2a: Chansey|Seismic Toss|p1a: Rotom-Wash
|-damage|p1a: Rotom-Wash|121\/304 brn
|
|-heal|p2a: Chansey|443\/704 brn|[from] move: Wish|[wisher] Chansey
|-heal|p1a: Rotom-Wash|140\/304 brn|[from] item: Leftovers
|-damage|p1a: Rotom-Wash|102\/304 brn|[from] brn
|-damage|p2a: Chansey|355\/704 brn|[from] brn
|turn|97
|c|âSweet Symphony|se esta ecsitando tienso
|
|move|p1a: Rotom-Wash|Pain Split|p2a: Chansey
|-sethp|p2a: Chansey|228\/704 brn|p1a: Rotom-Wash|228\/304 brn|[from] move: Pain Split
|move|p2a: Chansey|Seismic Toss|p1a: Rotom-Wash
|-damage|p1a: Rotom-Wash|128\/304 brn
|
|-heal|p1a: Rotom-Wash|147\/304 brn|[from] item: Leftovers
|-damage|p1a: Rotom-Wash|109\/304 brn|[from] brn
|-damage|p2a: Chansey|140\/704 brn|[from] brn
|turn|98
|c| TRK HeavenVaporeon|A teso me lo respetas >:c
|c|âSweet Symphony|* saca el rest
|c|âSweet Symphony|haahhahahahahahaha
|c|âSweet Symphony|respetar a tieso
|c|âSweet Symphony|XDDDDDDDDDDDDDDDDDDDDDDDD
|
|move|p1a: Rotom-Wash|Pain Split|p2a: Chansey
|-sethp|p2a: Chansey|124\/704 brn|p1a: Rotom-Wash|124\/304 brn|[from] move: Pain Split
|move|p2a: Chansey|Soft-Boiled|p2a: Chansey
|-heal|p2a: Chansey|476\/704 brn
|
|-heal|p1a: Rotom-Wash|143\/304 brn|[from] item: Leftovers
|-damage|p1a: Rotom-Wash|105\/304 brn|[from] brn
|-damage|p2a: Chansey|388\/704 brn|[from] brn
|turn|99
|
|move|p1a: Rotom-Wash|Pain Split|p2a: Chansey
|-sethp|p2a: Chansey|246\/704 brn|p1a: Rotom-Wash|246\/304 brn|[from] move: Pain Split
|move|p2a: Chansey|Soft-Boiled|p2a: Chansey
|-heal|p2a: Chansey|598\/704 brn
|
|-heal|p1a: Rotom-Wash|265\/304 brn|[from] item: Leftovers
|-damage|p1a: Rotom-Wash|227\/304 brn|[from] brn
|-damage|p2a: Chansey|510\/704 brn|[from] brn
|turn|100
|c| TRK HeavenVaporeon|wish y soft boiled?
|
|move|p1a: Rotom-Wash|Volt Switch|p2a: Chansey
|-damage|p2a: Chansey|456\/704 brn
|-activate|p2a: Chansey|move: Struggle
|move|p2a: Chansey|Struggle|p1a: Rotom-Wash
|-damage|p1a: Rotom-Wash|226\/304 brn
|-damage|p2a: Chansey|280\/704 brn
|
|-heal|p1a: Rotom-Wash|245\/304 brn|[from] item: Leftovers
|-damage|p1a: Rotom-Wash|207\/304 brn|[from] brn
|-damage|p2a: Chansey|192\/704 brn|[from] brn
|turn|101
|c| TRK HeavenVaporeon|Eso es una cosa muy nuv uwu
|c|âSweet Symphony|rip uwu
|c|â(TRK) teso24|looooooooooooooool
|c| TRK HeavenVaporeon|Muere, puta gorda
|c|â(TRK) teso24|struggle
|c| TRK HeavenVaporeon|c:<
|c|â(TRK) teso24|jajajajjajaja
|
|move|p1a: Rotom-Wash|Hydro Pump|p2a: Chansey
|-damage|p2a: Chansey|111\/704 brn
|-activate|p2a: Chansey|move: Struggle
|move|p2a: Chansey|Struggle|p1a: Rotom-Wash
|-damage|p1a: Rotom-Wash|206\/304 brn
|-damage|p2a: Chansey|0 fnt
|faint|p2a: Chansey
|
|win|(TRK) teso24
|leave|CSS)bleachzxzx
|leave|Sweet Symphony
|player|p2
|leave|TRK HeavenVaporeon
|leave|(TRK) teso24
|player|p1
|leave|PIkachuBright