|join|ManuelEnciso123
|join|NOT RIIICK
|player|p1|ManuelEnciso123|1
|player|p2|NOT RIIICK|99
|gametype|singles
|gen|6
|tier|OU
|rated
|clearpoke
|poke|p1|Klefki, M
|poke|p1|Sylveon, F
|poke|p1|Conkeldurr, F
|poke|p1|Slowbro, F
|poke|p1|Crobat, M
|poke|p1|Charizard, F
|poke|p2|Diggersby, M
|poke|p2|Latias, F
|poke|p2|Talonflame, F
|poke|p2|Greninja, M
|poke|p2|Gyarados, M
|poke|p2|Thundurus-Therian, M
|rule|Swagger Clause: Swagger is banned
|rule|Baton Pass Clause: Limit one PokÃ©mon knowing Baton Pass
|rule|Sleep Clause Mod: Limit one foe put to sleep
|rule|Species Clause: Limit one of each PokÃ©mon
|rule|OHKO Clause: OHKO moves are banned
|rule|Moody Clause: Moody is banned
|rule|Evasion Moves Clause: Evasion moves are banned
|rule|Endless Battle Clause: Forcing endless battles is banned
|rule|HP Percentage Mod: HP is shown in percentages
|teampreview
|
|start
|switch|p1a: Klefki|Klefki, M|318\/318
|switch|p2a: Greninja|Greninja, M|286\/286
|turn|1
|
|move|p1a: Klefki|Light Screen|p1a: Klefki
|-sidestart|p1: ManuelEnciso123|move: Light Screen
|move|p2a: Greninja|Surf|p1a: Klefki
|-start|p2a: Greninja|typechange|Water|[from] Protean
|-damage|p1a: Klefki|210\/318
|-damage|p2a: Greninja|258\/286|[from] item: Life Orb
|
|turn|2
|
|move|p1a: Klefki|Reflect|p1a: Klefki
|-sidestart|p1: ManuelEnciso123|Reflect
|move|p2a: Greninja|Surf|p1a: Klefki
|-damage|p1a: Klefki|104\/318
|-damage|p2a: Greninja|230\/286|[from] item: Life Orb
|
|turn|3
|
|move|p1a: Klefki|Thunder Wave|p2a: Greninja
|-status|p2a: Greninja|par
|move|p2a: Greninja|Surf|p1a: Klefki
|-damage|p1a: Klefki|0 fnt
|-damage|p2a: Greninja|202\/286 par|[from] item: Life Orb
|faint|p1a: Klefki
|
|
|switch|p1a: Charizard|Charizard, F|297\/297
|turn|4
|
|detailschange|p1a: Charizard|Charizard-Mega-Y, F
|message|Charizard has Mega Evolved into Mega Charizard!
|-weather|SunnyDay
|move|p1a: Charizard|Solar Beam|p2a: Greninja|[still]
|-prepare|p1a: Charizard|Solar Beam|p2a: Greninja
|-anim|p1a: Charizard|Solar Beam|p2a: Greninja
|-supereffective|p2a: Greninja
|-damage|p2a: Greninja|0 fnt
|faint|p2a: Greninja
|
|-weather|SunnyDay|[upkeep]
|
|switch|p2a: Talonflame|Talonflame, F|319\/319
|turn|5
|
|move|p2a: Talonflame|Brave Bird|p1a: Charizard
|-damage|p1a: Charizard|194\/297
|-damage|p2a: Talonflame|285\/319|[from] recoil|[of] p1a: Charizard
|move|p1a: Charizard|Fire Blast|p2a: Talonflame
|-resisted|p2a: Talonflame
|-damage|p2a: Talonflame|72\/319
|
|-weather|SunnyDay|[upkeep]
|-heal|p2a: Talonflame|91\/319|[from] item: Leftovers
|turn|6
|
|switch|p1a: Slowbro|Slowbro, F|394\/394
|move|p2a: Talonflame|Flare Blitz|p1a: Slowbro
|-resisted|p1a: Slowbro
|-damage|p1a: Slowbro|351\/394
|-damage|p2a: Talonflame|77\/319|[from] recoil|[of] p1a: Slowbro
|
|-weather|SunnyDay|[upkeep]
|-heal|p2a: Talonflame|96\/319|[from] item: Leftovers
|-heal|p1a: Slowbro|375\/394|[from] item: Leftovers
|turn|7
|
|move|p2a: Talonflame|Roost|p2a: Talonflame
|-heal|p2a: Talonflame|256\/319
|move|p1a: Slowbro|Calm Mind|p1a: Slowbro
|-boost|p1a: Slowbro|spa|1
|-boost|p1a: Slowbro|spd|1
|
|-weather|SunnyDay|[upkeep]
|-heal|p2a: Talonflame|275\/319|[from] item: Leftovers
|-heal|p1a: Slowbro|394\/394|[from] item: Leftovers
|turn|8
|
|move|p2a: Talonflame|Swords Dance|p2a: Talonflame
|-boost|p2a: Talonflame|atk|2
|move|p1a: Slowbro|Calm Mind|p1a: Slowbro
|-boost|p1a: Slowbro|spa|1
|-boost|p1a: Slowbro|spd|1
|
|-weather|none
|-heal|p2a: Talonflame|294\/319|[from] item: Leftovers
|-sideend|p1: ManuelEnciso123|move: Light Screen
|turn|9
|
|move|p2a: Talonflame|Brave Bird|p1a: Slowbro
|-damage|p1a: Slowbro|289\/394
|-damage|p2a: Talonflame|259\/319|[from] recoil|[of] p1a: Slowbro
|move|p1a: Slowbro|Surf|p2a: Talonflame
|-supereffective|p2a: Talonflame
|-damage|p2a: Talonflame|0 fnt
|faint|p2a: Talonflame
|
|-heal|p1a: Slowbro|313\/394|[from] item: Leftovers
|-sideend|p1: ManuelEnciso123|Reflect
|
|switch|p2a: Thundurus-Therian|Thundurus-Therian, M|300\/300
|turn|10
|
|move|p2a: Thundurus-Therian|Thunderbolt|p1a: Slowbro
|-crit|p1a: Slowbro
|-supereffective|p1a: Slowbro
|-damage|p1a: Slowbro|0 fnt
|faint|p1a: Slowbro
|
|
|switch|p1a: Sylveon|Sylveon, F|394\/394
|turn|11
|
|move|p2a: Thundurus-Therian|Sludge Wave|p1a: Sylveon
|-supereffective|p1a: Sylveon
|-damage|p1a: Sylveon|228\/394
|move|p1a: Sylveon|Hyper Voice|p2a: Thundurus-Therian
|-damage|p2a: Thundurus-Therian|102\/300
|
|-heal|p2a: Thundurus-Therian|120\/300|[from] item: Leftovers
|-heal|p1a: Sylveon|252\/394|[from] item: Leftovers
|turn|12
|
|move|p1a: Sylveon|Protect|p1a: Sylveon
|-singleturn|p1a: Sylveon|Protect
|move|p2a: Thundurus-Therian|Thunderbolt|p1a: Sylveon
|-activate|p1a: Sylveon|Protect
|
|-heal|p2a: Thundurus-Therian|138\/300|[from] item: Leftovers
|-heal|p1a: Sylveon|276\/394|[from] item: Leftovers
|turn|13
|
|move|p2a: Thundurus-Therian|Sludge Wave|p1a: Sylveon
|-supereffective|p1a: Sylveon
|-damage|p1a: Sylveon|116\/394
|move|p1a: Sylveon|Hyper Voice|p2a: Thundurus-Therian
|-damage|p2a: Thundurus-Therian|0 fnt
|faint|p2a: Thundurus-Therian
|
|-heal|p1a: Sylveon|140\/394|[from] item: Leftovers
|
|switch|p2a: tho|Diggersby, M|311\/311
|turn|14
|
|move|p2a: tho|Return|p1a: Sylveon
|-damage|p1a: Sylveon|0 fnt
|faint|p1a: Sylveon
|
|
|switch|p1a: Conkeldurr|Conkeldurr, F|414\/414
|turn|15
|
|switch|p2a: Latias|Latias, F|301\/301
|move|p1a: Conkeldurr|Bulk Up|p1a: Conkeldurr
|-boost|p1a: Conkeldurr|atk|1
|-boost|p1a: Conkeldurr|def|1
|
|turn|16
|
|switch|p1a: Charizard|Charizard-Mega-Y, F|194\/297
|-weather|SunnyDay
|move|p2a: Latias|Psychic|p1a: Charizard
|-damage|p1a: Charizard|65\/297
|
|-weather|SunnyDay|[upkeep]
|turn|17
|
|move|p2a: Latias|Psychic|p1a: Charizard
|-damage|p1a: Charizard|0 fnt
|faint|p1a: Charizard
|
|-weather|SunnyDay|[upkeep]
|
|switch|p1a: Crobat|Crobat, M|311\/311
|turn|18
|
|move|p1a: Crobat|Acrobatics|p2a: Latias
|-damage|p2a: Latias|121\/301
|move|p2a: Latias|Psychic|p1a: Crobat
|-supereffective|p1a: Crobat
|-damage|p1a: Crobat|0 fnt
|faint|p1a: Crobat
|
|-weather|SunnyDay|[upkeep]
|
|switch|p1a: Conkeldurr|Conkeldurr, F|414\/414
|turn|19
|
|move|p2a: Latias|Psychic|p1a: Conkeldurr
|-supereffective|p1a: Conkeldurr
|-damage|p1a: Conkeldurr|0 fnt
|faint|p1a: Conkeldurr
|
|win|NOT RIIICK
|raw|Ladder updating...
|raw|ManuelEnciso123's rating: 1459 &rarr; <strong>1435<\/strong><br \/>(-24 for losing)
|raw|NOT RIIICK's rating: 1392 &rarr; <strong>1416<\/strong><br \/>(+24 for winning)
|c|âNOT RIIICK|gg
|leave|ManuelEnciso123
|player|p1