|join|Touymato
|join|ManuelEnciso123
|player|p1|Touymato|212
|player|p2|ManuelEnciso123|2
|gametype|singles
|gen|6
|tier|OU
|rated
|clearpoke
|poke|p1|Greninja, M
|poke|p1|Magnezone
|poke|p1|Gardevoir, F, shiny
|poke|p1|Landorus-Therian, M
|poke|p1|Latias, F
|poke|p1|Kyurem-Black, shiny
|poke|p2|Scolipede, F
|poke|p2|Dusknoir, M
|poke|p2|Conkeldurr, M
|poke|p2|Sylveon, F
|poke|p2|Probopass, F
|poke|p2|Charizard, M
|rule|Swagger Clause: Swagger is banned
|rule|Baton Pass Clause: Limit one PokÃ©mon knowing Baton Pass
|rule|Sleep Clause Mod: Limit one foe put to sleep
|rule|Species Clause: Limit one of each PokÃ©mon
|rule|OHKO Clause: OHKO moves are banned
|rule|Moody Clause: Moody is banned
|rule|Evasion Moves Clause: Evasion moves are banned
|rule|Endless Battle Clause: Forcing endless battles is banned
|rule|HP Percentage Mod: HP is shown in percentages
|teampreview
|
|start
|switch|p1a: Greninja|Greninja, M|285\/285
|switch|p2a: Scolipede|Scolipede, F|324\/324
|turn|1
|
|move|p2a: Scolipede|Protect|p2a: Scolipede
|-singleturn|p2a: Scolipede|Protect
|move|p1a: Greninja|Extrasensory|p2a: Scolipede
|-start|p1a: Greninja|typechange|Psychic|[from] Protean
|-activate|p2a: Scolipede|Protect
|
|-boost|p2a: Scolipede|spe|1|[from] ability: Speed Boost
|turn|2
|
|move|p2a: Scolipede|Substitute|p2a: Scolipede
|-start|p2a: Scolipede|Substitute
|-damage|p2a: Scolipede|243\/324
|move|p1a: Greninja|Extrasensory|p2a: Scolipede
|-supereffective|p2a: Scolipede
|-end|p2a: Scolipede|Substitute
|-damage|p1a: Greninja|257\/285|[from] item: Life Orb
|
|-heal|p2a: Scolipede|263\/324|[from] item: Leftovers
|-boost|p2a: Scolipede|spe|1|[from] ability: Speed Boost
|turn|3
|
|move|p2a: Scolipede|Protect|p2a: Scolipede
|-singleturn|p2a: Scolipede|Protect
|move|p1a: Greninja|Ice Beam|p2a: Scolipede
|-start|p1a: Greninja|typechange|Ice|[from] Protean
|-activate|p2a: Scolipede|Protect
|
|-heal|p2a: Scolipede|283\/324|[from] item: Leftovers
|-boost|p2a: Scolipede|spe|1|[from] ability: Speed Boost
|turn|4
|
|move|p2a: Scolipede|Substitute|p2a: Scolipede
|-start|p2a: Scolipede|Substitute
|-damage|p2a: Scolipede|202\/324
|move|p1a: Greninja|Extrasensory|p2a: Scolipede
|-start|p1a: Greninja|typechange|Psychic|[from] Protean
|-supereffective|p2a: Scolipede
|-end|p2a: Scolipede|Substitute
|-damage|p1a: Greninja|229\/285|[from] item: Life Orb
|
|-heal|p2a: Scolipede|222\/324|[from] item: Leftovers
|-boost|p2a: Scolipede|spe|1|[from] ability: Speed Boost
|turn|5
|
|move|p2a: Scolipede|Protect|p2a: Scolipede
|-singleturn|p2a: Scolipede|Protect
|move|p1a: Greninja|Hydro Pump|p2a: Scolipede
|-start|p1a: Greninja|typechange|Water|[from] Protean
|-activate|p2a: Scolipede|Protect
|
|-heal|p2a: Scolipede|242\/324|[from] item: Leftovers
|-boost|p2a: Scolipede|spe|1|[from] ability: Speed Boost
|turn|6
|
|move|p2a: Scolipede|Substitute|p2a: Scolipede
|-start|p2a: Scolipede|Substitute
|-damage|p2a: Scolipede|161\/324
|move|p1a: Greninja|Extrasensory|p2a: Scolipede
|-start|p1a: Greninja|typechange|Psychic|[from] Protean
|-supereffective|p2a: Scolipede
|-end|p2a: Scolipede|Substitute
|-damage|p1a: Greninja|201\/285|[from] item: Life Orb
|
|-heal|p2a: Scolipede|181\/324|[from] item: Leftovers
|-boost|p2a: Scolipede|spe|1|[from] ability: Speed Boost
|turn|7
|
|move|p2a: Scolipede|Baton Pass|p2a: Scolipede
|
|switch|p2a: Sylveon|Sylveon, F|394\/394
|move|p1a: Greninja|Hydro Pump|p2a: Sylveon
|-start|p1a: Greninja|typechange|Water|[from] Protean
|-damage|p2a: Sylveon|226\/394
|-damage|p1a: Greninja|173\/285|[from] item: Life Orb
|
|-heal|p2a: Sylveon|250\/394|[from] item: Leftovers
|turn|8
|
|move|p2a: Sylveon|Calm Mind|p2a: Sylveon
|-boost|p2a: Sylveon|spa|1
|-boost|p2a: Sylveon|spd|1
|move|p1a: Greninja|Extrasensory|p2a: Sylveon
|-start|p1a: Greninja|typechange|Psychic|[from] Protean
|-damage|p2a: Sylveon|171\/394
|-damage|p1a: Greninja|145\/285|[from] item: Life Orb
|
|-heal|p2a: Sylveon|195\/394|[from] item: Leftovers
|turn|9
|
|move|p2a: Sylveon|Wish|p2a: Sylveon
|move|p1a: Greninja|Ice Beam|p2a: Sylveon
|-start|p1a: Greninja|typechange|Ice|[from] Protean
|-damage|p2a: Sylveon|105\/394
|-damage|p1a: Greninja|117\/285|[from] item: Life Orb
|
|-heal|p2a: Sylveon|129\/394|[from] item: Leftovers
|turn|10
|
|move|p2a: Sylveon|Calm Mind|p2a: Sylveon
|-boost|p2a: Sylveon|spa|1
|-boost|p2a: Sylveon|spd|1
|move|p1a: Greninja|Ice Beam|p2a: Sylveon
|-damage|p2a: Sylveon|58\/394
|-damage|p1a: Greninja|89\/285|[from] item: Life Orb
|
|-heal|p2a: Sylveon|255\/394|[from] move: Wish|[wisher] Sylveon
|-heal|p2a: Sylveon|279\/394|[from] item: Leftovers
|turn|11
|
|move|p2a: Sylveon|Wish|p2a: Sylveon
|move|p1a: Greninja|Extrasensory|p2a: Sylveon
|-start|p1a: Greninja|typechange|Psychic|[from] Protean
|-damage|p2a: Sylveon|213\/394
|-damage|p1a: Greninja|61\/285|[from] item: Life Orb
|
|-heal|p2a: Sylveon|237\/394|[from] item: Leftovers
|turn|12
|
|switch|p1a: Magnezone|Magnezone|281\/281
|move|p2a: Sylveon|Calm Mind|p2a: Sylveon
|-boost|p2a: Sylveon|spa|1
|-boost|p2a: Sylveon|spd|1
|
|-heal|p2a: Sylveon|394\/394|[from] move: Wish|[wisher] Sylveon
|turn|13
|
|move|p2a: Sylveon|Hyper Voice|p1a: Magnezone
|-resisted|p1a: Magnezone
|-damage|p1a: Magnezone|0 fnt
|faint|p1a: Magnezone
|
|-message|Touymato forfeited.
|
|win|ManuelEnciso123
|raw|Ladder updating...
|raw|Touymato's rating: 1433 &rarr; <strong>1414<\/strong><br \/>(-19 for losing)
|raw|ManuelEnciso123's rating: 1450 &rarr; <strong>1469<\/strong><br \/>(+19 for winning)