|join|1800Rekt
|join|ManuelEnciso123
|player|p1|1800Rekt|270
|player|p2|ManuelEnciso123|33
|gametype|singles
|gen|6
|tier|OU
|rated
|clearpoke
|poke|p1|Azumarill, F
|poke|p1|Celebi
|poke|p1|Heracross, F
|poke|p1|Landorus, M
|poke|p1|Mandibuzz, F
|poke|p1|Chansey, F, shiny
|poke|p2|Scolipede, M
|poke|p2|Quagsire, M
|poke|p2|Espeon, M
|poke|p2|Gallade, M
|poke|p2|Kingdra, M
|poke|p2|Empoleon, F
|rule|Swagger Clause: Swagger is banned
|rule|Baton Pass Clause: Limit one PokÃ©mon knowing Baton Pass
|rule|Sleep Clause Mod: Limit one foe put to sleep
|rule|Species Clause: Limit one of each PokÃ©mon
|rule|OHKO Clause: OHKO moves are banned
|rule|Moody Clause: Moody is banned
|rule|Evasion Moves Clause: Evasion moves are banned
|rule|Endless Battle Clause: Forcing endless battles is banned
|rule|HP Percentage Mod: HP is shown in percentages
|teampreview
|
|start
|switch|p1a: Heracross|Heracross, F|317\/317
|switch|p2a: Scolipede|Scolipede, M|324\/324
|turn|1
|
|detailschange|p1a: Heracross|Heracross-Mega, F
|-mega|p1a: Heracross|Heracross|Heracronite
|move|p2a: Scolipede|Protect|p2a: Scolipede
|-singleturn|p2a: Scolipede|Protect
|move|p1a: Heracross|Rock Blast|p2a: Scolipede
|-activate|p2a: Scolipede|Protect
|
|-boost|p2a: Scolipede|spe|1|[from] ability: Speed Boost
|turn|2
|
|move|p2a: Scolipede|Iron Defense|p2a: Scolipede
|-boost|p2a: Scolipede|def|2
|move|p1a: Heracross|Rock Blast|p2a: Scolipede
|-supereffective|p2a: Scolipede
|-damage|p2a: Scolipede|296\/324
|-supereffective|p2a: Scolipede
|-damage|p2a: Scolipede|266\/324
|-crit|p2a: Scolipede
|-supereffective|p2a: Scolipede
|-damage|p2a: Scolipede|172\/324
|-supereffective|p2a: Scolipede
|-damage|p2a: Scolipede|142\/324
|-supereffective|p2a: Scolipede
|-damage|p2a: Scolipede|112\/324
|-hitcount|p2a: Scolipede|5
|
|-boost|p2a: Scolipede|spe|1|[from] ability: Speed Boost
|turn|3
|
|move|p2a: Scolipede|Protect|p2a: Scolipede
|-singleturn|p2a: Scolipede|Protect
|move|p1a: Heracross|Pin Missile|p2a: Scolipede
|-activate|p2a: Scolipede|Protect
|
|-boost|p2a: Scolipede|spe|1|[from] ability: Speed Boost
|turn|4
|
|move|p2a: Scolipede|Baton Pass|p2a: Scolipede
|
|switch|p2a: Gallade|Gallade, M|340\/340
|move|p1a: Heracross|Pin Missile|p2a: Gallade
|-damage|p2a: Gallade|300\/340
|-damage|p2a: Gallade|258\/340
|-damage|p2a: Gallade|218\/340
|-crit|p2a: Gallade
|-damage|p2a: Gallade|103\/340
|-damage|p2a: Gallade|57\/340
|-hitcount|p2a: Gallade|5
|
|turn|5
|
|switch|p1a: Mandibuzz|Mandibuzz, F|423\/423
|detailschange|p2a: Gallade|Gallade-Mega, M
|-mega|p2a: Gallade|Gallade|Galladite
|move|p2a: Gallade|Drain Punch|p1a: Mandibuzz
|-damage|p1a: Mandibuzz|279\/423
|-heal|p2a: Gallade|129\/340|[from] drain|[of] p1a: Mandibuzz
|
|-heal|p1a: Mandibuzz|305\/423|[from] item: Leftovers
|turn|6
|
|move|p2a: Gallade|Swords Dance|p2a: Gallade
|-boost|p2a: Gallade|atk|2
|move|p1a: Mandibuzz|Foul Play|p2a: Gallade
|-damage|p2a: Gallade|0 fnt
|faint|p2a: Gallade
|
|-heal|p1a: Mandibuzz|331\/423|[from] item: Leftovers
|
|switch|p2a: Scolipede|Scolipede, M|112\/324
|turn|7
|
|switch|p1a: Azumarill|Azumarill, F|384\/384
|move|p2a: Scolipede|Iron Defense|p2a: Scolipede
|-boost|p2a: Scolipede|def|2
|
|-boost|p2a: Scolipede|spe|1|[from] ability: Speed Boost
|turn|8
|
|move|p2a: Scolipede|Baton Pass|p2a: Scolipede
|
|switch|p2a: Tito|Quagsire, M|394\/394
|move|p1a: Azumarill|Belly Drum|p1a: Azumarill
|-damage|p1a: Azumarill|192\/384
|-setboost|p1a: Azumarill|atk|6|[from] move: Belly Drum
|-enditem|p1a: Azumarill|Sitrus Berry|[eat]
|-heal|p1a: Azumarill|288\/384|[from] item: Sitrus Berry
|
|turn|9
|
|switch|p1a: Celebi|Celebi|404\/404
|move|p2a: Tito|Toxic|p1a: Celebi
|-status|p1a: Celebi|tox
|
|-damage|p1a: Celebi|379\/404 tox|[from] psn
|turn|10
|
|switch|p2a: Empoleon|Empoleon, F|372\/372
|move|p1a: Celebi|Substitute|p1a: Celebi
|-start|p1a: Celebi|Substitute
|-damage|p1a: Celebi|278\/404 tox
|
|-heal|p1a: Celebi|303\/404 tox|[from] item: Leftovers
|-damage|p1a: Celebi|253\/404 tox|[from] psn
|turn|11
|
|move|p1a: Celebi|Baton Pass|p1a: Celebi
|
|switch|p1a: Heracross|Heracross-Mega, F|317\/317
|move|p2a: Empoleon|Swords Dance|p2a: Empoleon
|-boost|p2a: Empoleon|atk|2
|
|turn|12
|
|switch|p2a: Tito|Quagsire, M|394\/394
|move|p1a: Heracross|Close Combat|p2a: Tito
|-damage|p2a: Tito|186\/394
|-unboost|p1a: Heracross|def|1
|-unboost|p1a: Heracross|spd|1
|-enditem|p2a: Tito|Sitrus Berry|[eat]
|-heal|p2a: Tito|284\/394|[from] item: Sitrus Berry
|
|turn|13
|
|move|p1a: Heracross|Bullet Seed|p2a: Tito
|-supereffective|p2a: Tito
|-damage|p2a: Tito|156\/394
|-supereffective|p2a: Tito
|-damage|p2a: Tito|32\/394
|-supereffective|p2a: Tito
|-damage|p2a: Tito|0 fnt
|-hitcount|p2a: Tito|3
|faint|p2a: Tito
|
|-message|ManuelEnciso123 forfeited.
|leave|ManuelEnciso123
|
|win|1800Rekt
|raw|Ladder updating...
|player|p2
|raw|1800Rekt's rating: 1582 &rarr; <strong>1600<\/strong><br \/>(+18 for winning)
|raw|ManuelEnciso123's rating: 1544 &rarr; <strong>1526<\/strong><br \/>(-18 for losing)