|join|ManuelEnciso123
|join|ElectricLatiLand
|player|p1|ManuelEnciso123|33
|player|p2|ElectricLatiLand|11
|gametype|singles
|gen|6
|tier|OU
|rated
|clearpoke
|poke|p1|Scolipede, M
|poke|p1|Quagsire, M
|poke|p1|Espeon, M
|poke|p1|Gallade, M
|poke|p1|Kingdra, F
|poke|p1|Empoleon, F
|poke|p2|Thundurus, M
|poke|p2|Garchomp, M
|poke|p2|Gardevoir, M
|poke|p2|Landorus-Therian, M
|poke|p2|Keldeo-Resolute
|poke|p2|Metagross
|rule|Swagger Clause: Swagger is banned
|rule|Baton Pass Clause: Limit one PokÃ©mon knowing Baton Pass
|rule|Sleep Clause Mod: Limit one foe put to sleep
|rule|Species Clause: Limit one of each PokÃ©mon
|rule|OHKO Clause: OHKO moves are banned
|rule|Moody Clause: Moody is banned
|rule|Evasion Moves Clause: Evasion moves are banned
|rule|Endless Battle Clause: Forcing endless battles is banned
|rule|HP Percentage Mod: HP is shown in percentages
|teampreview
|
|start
|switch|p1a: Scolipede|Scolipede, M|324\/324
|switch|p2a: Garchomp|Garchomp, M|357\/357
|turn|1
|
|move|p2a: Garchomp|Stealth Rock|p1a: Scolipede
|-sidestart|p1: ManuelEnciso123|move: Stealth Rock
|move|p1a: Scolipede|Iron Defense|p1a: Scolipede
|-boost|p1a: Scolipede|def|2
|
|-boost|p1a: Scolipede|spe|1|[from] ability: Speed Boost
|turn|2
|
|move|p1a: Scolipede|Substitute|p1a: Scolipede
|-start|p1a: Scolipede|Substitute
|-damage|p1a: Scolipede|243\/324
|move|p2a: Garchomp|Fire Blast|p1a: Scolipede
|-supereffective|p1a: Scolipede
|-end|p1a: Scolipede|Substitute
|
|-boost|p1a: Scolipede|spe|1|[from] ability: Speed Boost
|turn|3
|
|move|p1a: Scolipede|Protect|p1a: Scolipede
|-singleturn|p1a: Scolipede|Protect
|move|p2a: Garchomp|Fire Blast|p1a: Scolipede
|-activate|p1a: Scolipede|Protect
|
|-boost|p1a: Scolipede|spe|1|[from] ability: Speed Boost
|turn|4
|
|move|p1a: Scolipede|Substitute|p1a: Scolipede
|-start|p1a: Scolipede|Substitute
|-damage|p1a: Scolipede|162\/324
|move|p2a: Garchomp|Fire Blast|p1a: Scolipede
|-supereffective|p1a: Scolipede
|-end|p1a: Scolipede|Substitute
|
|-boost|p1a: Scolipede|spe|1|[from] ability: Speed Boost
|turn|5
|
|move|p1a: Scolipede|Substitute|p1a: Scolipede
|-start|p1a: Scolipede|Substitute
|-damage|p1a: Scolipede|81\/324
|move|p2a: Garchomp|Fire Blast|p1a: Scolipede
|-supereffective|p1a: Scolipede
|-end|p1a: Scolipede|Substitute
|
|-boost|p1a: Scolipede|spe|1|[from] ability: Speed Boost
|turn|6
|
|move|p1a: Scolipede|Protect|p1a: Scolipede
|-singleturn|p1a: Scolipede|Protect
|move|p2a: Garchomp|Fire Blast|p1a: Scolipede
|-activate|p1a: Scolipede|Protect
|
|-boost|p1a: Scolipede|spe|1|[from] ability: Speed Boost
|turn|7
|
|move|p1a: Scolipede|Baton Pass|p1a: Scolipede
|
|switch|p1a: Espeon|Espeon, M|334\/334
|-damage|p1a: Espeon|293\/334|[from] Stealth Rock
|move|p2a: Garchomp|Earthquake|p1a: Espeon
|-damage|p1a: Espeon|154\/334
|
|turn|8
|
|move|p1a: Espeon|Morning Sun|p1a: Espeon
|-heal|p1a: Espeon|321\/334
|move|p2a: Garchomp|Earthquake|p1a: Espeon
|-damage|p1a: Espeon|189\/334
|
|turn|9
|
|move|p1a: Espeon|Calm Mind|p1a: Espeon
|-boost|p1a: Espeon|spa|1
|-boost|p1a: Espeon|spd|1
|move|p2a: Garchomp|Earthquake|p1a: Espeon
|-damage|p1a: Espeon|65\/334
|
|turn|10
|
|move|p1a: Espeon|Morning Sun|p1a: Espeon
|-heal|p1a: Espeon|232\/334
|move|p2a: Garchomp|Earthquake|p1a: Espeon
|-damage|p1a: Espeon|96\/334
|
|turn|11
|
|move|p1a: Espeon|Stored Power|p2a: Garchomp
|-enditem|p2a: Garchomp|Focus Sash
|-damage|p2a: Garchomp|1\/357
|move|p2a: Garchomp|Earthquake|p1a: Espeon
|-crit|p1a: Espeon
|-damage|p1a: Espeon|0 fnt
|faint|p1a: Espeon
|
|
|switch|p1a: Kingdra|Kingdra, F|353\/353
|-damage|p1a: Kingdra|309\/353|[from] Stealth Rock
|turn|12
|
|move|p2a: Garchomp|Dragon Claw|p1a: Kingdra
|-supereffective|p1a: Kingdra
|-damage|p1a: Kingdra|7\/353
|move|p1a: Kingdra|Surf|p2a: Garchomp
|-damage|p2a: Garchomp|0 fnt
|faint|p2a: Garchomp
|
|
|switch|p2a: Landorus-Therian|Landorus-Therian, M|335\/335
|-ability|p2a: Landorus-Therian|Intimidate|[of] p1a: Kingdra
|-unboost|p1a: Kingdra|atk|1
|turn|13
|
|move|p2a: Landorus-Therian|U-turn|p1a: Kingdra
|-damage|p1a: Kingdra|0 fnt
|faint|p1a: Kingdra
|
|switch|p2a: Metagross|Metagross|301\/301
|
|
|switch|p1a: Tito|Quagsire, M|394\/394
|-damage|p1a: Tito|370\/394|[from] Stealth Rock
|turn|14
|
|detailschange|p2a: Metagross|Metagross-Mega
|-mega|p2a: Metagross|Metagross|Metagrossite
|move|p2a: Metagross|Grass Knot|p1a: Tito
|-supereffective|p1a: Tito
|-damage|p1a: Tito|0 fnt
|faint|p1a: Tito
|
|
|switch|p1a: Gallade|Gallade, M|340\/340
|-damage|p1a: Gallade|319\/340|[from] Stealth Rock
|turn|15
|
|detailschange|p1a: Gallade|Gallade-Mega, M
|-mega|p1a: Gallade|Gallade|Galladite
|move|p2a: Metagross|Meteor Mash|p1a: Gallade
|-damage|p1a: Gallade|99\/340
|-boost|p2a: Metagross|atk|1
|move|p1a: Gallade|Swords Dance|p1a: Gallade
|-boost|p1a: Gallade|atk|2
|
|turn|16
|
|move|p2a: Metagross|Meteor Mash|p1a: Gallade
|-damage|p1a: Gallade|0 fnt
|faint|p1a: Gallade
|
|-message|ManuelEnciso123 forfeited.
|leave|ManuelEnciso123
|
|win|ElectricLatiLand
|raw|Ladder updating...
|player|p1
|raw|ManuelEnciso123's rating: 1487 &rarr; <strong>1466<\/strong><br \/>(-21 for losing)
|raw|ElectricLatiLand's rating: 1463 &rarr; <strong>1484<\/strong><br \/>(+21 for winning)