|join|Mndez
|join|ManuelEnciso123
|player|p1|Mndez|163
|player|p2|ManuelEnciso123|33
|gametype|singles
|gen|6
|tier|OU
|rated
|clearpoke
|poke|p1|Manectric, M
|poke|p1|Chansey, F, shiny
|poke|p1|Skarmory, F
|poke|p1|Excadrill, M
|poke|p1|Gengar, M
|poke|p1|Gyarados, F
|poke|p2|Scolipede, M
|poke|p2|Quagsire, M
|poke|p2|Espeon, M
|poke|p2|Gallade, M
|poke|p2|Kingdra, M
|poke|p2|Bronzong
|rule|Swagger Clause: Swagger is banned
|rule|Baton Pass Clause: Limit one PokÃ©mon knowing Baton Pass
|rule|Sleep Clause Mod: Limit one foe put to sleep
|rule|Species Clause: Limit one of each PokÃ©mon
|rule|OHKO Clause: OHKO moves are banned
|rule|Moody Clause: Moody is banned
|rule|Evasion Moves Clause: Evasion moves are banned
|rule|Endless Battle Clause: Forcing endless battles is banned
|rule|HP Percentage Mod: HP is shown in percentages
|teampreview
|join|I Need A TwiiXx
|c|âMndez|lol
|c|âMndez|gengar=gg
|c| I Need A TwiiXx|?
|c|âMndez|baton pass
|
|start
|switch|p1a: Gengar|Gengar, M|261\/261
|switch|p2a: Scolipede|Scolipede, M|324\/324
|turn|1
|
|move|p1a: Gengar|Taunt|p2a: Scolipede
|-start|p2a: Scolipede|move: Taunt
|-enditem|p2a: Scolipede|Mental Herb
|-end|p2a: Scolipede|move: Taunt
|move|p2a: Scolipede|Iron Defense|p2a: Scolipede
|-boost|p2a: Scolipede|def|2
|
|-boost|p2a: Scolipede|spe|1|[from] ability: Speed Boost
|turn|2
|c|âMndez|q?
|c|âMndez|what
|c|âMndez|why
|c|âMndez|when
|c|âMndez|who
|c| I Need A TwiiXx|mental herb
|c|âMndez|how???
|c|âMndez|HOW?
|c|âMndez|ah
|c|âMndez|crei q era gg
|
|move|p2a: Scolipede|Protect|p2a: Scolipede
|-singleturn|p2a: Scolipede|Protect
|move|p1a: Gengar|Taunt|p2a: Scolipede
|-activate|p2a: Scolipede|Protect
|
|-boost|p2a: Scolipede|spe|1|[from] ability: Speed Boost
|turn|3
|
|move|p2a: Scolipede|Baton Pass|p2a: Scolipede
|c|âMndez|predict
|
|switch|p2a: Espeon|Espeon, M|334\/334
|move|p1a: Gengar|Shadow Ball|p2a: Espeon
|-supereffective|p2a: Espeon
|-damage|p2a: Espeon|35\/334
|-damage|p1a: Gengar|235\/261|[from] item: Life Orb
|
|turn|4
|
|move|p2a: Espeon|Stored Power|p1a: Gengar
|-supereffective|p1a: Gengar
|-damage|p1a: Gengar|0 fnt
|faint|p1a: Gengar
|
|c|âMndez|lag
|c|âMndez|puto lag
|
|switch|p1a: Degguin|Chansey, F, shiny|704\/704
|turn|5
|c| I Need A TwiiXx|morning sun
|
|move|p2a: Espeon|Morning Sun|p2a: Espeon
|-heal|p2a: Espeon|202\/334
|move|p1a: Degguin|Seismic Toss|p2a: Espeon
|-damage|p2a: Espeon|102\/334
|
|turn|6
|c|âMndez|ya
|c|âMndez|voy a perder por el puto lag
|
|move|p2a: Espeon|Morning Sun|p2a: Espeon
|-heal|p2a: Espeon|269\/334
|move|p1a: Degguin|Seismic Toss|p2a: Espeon
|-damage|p2a: Espeon|169\/334
|
|turn|7
|c| I Need A TwiiXx|manuel manco mierda
|
|move|p2a: Espeon|Calm Mind|p2a: Espeon
|-boost|p2a: Espeon|spa|1
|-boost|p2a: Espeon|spd|1
|move|p1a: Degguin|Seismic Toss|p2a: Espeon
|-damage|p2a: Espeon|69\/334
|
|turn|8
|c| I Need A TwiiXx|solo ganais con batton pass
|
|switch|p1a: Chuk N.|Excadrill, M|361\/361
|-ability|p1a: Chuk N.|Mold Breaker
|move|p2a: Espeon|Morning Sun|p2a: Espeon
|-heal|p2a: Espeon|236\/334
|
|turn|9
|c|âMndez|yo tengo un baton pass mejor y mas elaborado
|
|move|p2a: Espeon|Stored Power|p1a: Chuk N.
|-resisted|p1a: Chuk N.
|-damage|p1a: Chuk N.|151\/361
|move|p1a: Chuk N.|Iron Head|p2a: Espeon
|-damage|p2a: Espeon|102\/334
|-damage|p1a: Chuk N.|115\/361|[from] item: Life Orb
|
|turn|10
|
|move|p2a: Espeon|Stored Power|p1a: Chuk N.
|-resisted|p1a: Chuk N.
|-damage|p1a: Chuk N.|0 fnt
|faint|p1a: Chuk N.
|
|c|âMndez|joder
|
|switch|p1a: Nessy|Gyarados, F|394\/394
|-ability|p1a: Nessy|Intimidate|[of] p2a: Espeon
|-unboost|p2a: Espeon|atk|1
|turn|11
|
|move|p2a: Espeon|Morning Sun|p2a: Espeon
|-heal|p2a: Espeon|269\/334
|move|p1a: Nessy|Dragon Tail|p2a: Espeon
|-damage|p2a: Espeon|228\/334
|drag|p2a: Kingdra|Kingdra, M|353\/353
|
|turn|12
|c|âMndez|tenia q haber hecho esto antes
|
|move|p2a: Kingdra|Focus Energy|p2a: Kingdra
|-start|p2a: Kingdra|move: Focus Energy
|move|p1a: Nessy|Thunder Wave|p2a: Kingdra
|-status|p2a: Kingdra|par
|
|turn|13
|
|move|p1a: Nessy|Substitute|p1a: Nessy
|-start|p1a: Nessy|Substitute
|-damage|p1a: Nessy|296\/394
|move|p2a: Kingdra|Draco Meteor|p1a: Nessy
|-crit|p1a: Nessy
|-end|p1a: Nessy|Substitute
|-unboost|p2a: Kingdra|spa|2
|
|-heal|p1a: Nessy|320\/394|[from] item: Leftovers
|turn|14
|
|move|p1a: Nessy|Substitute|p1a: Nessy
|-start|p1a: Nessy|Substitute
|-damage|p1a: Nessy|222\/394
|move|p2a: Kingdra|Draco Meteor|p1a: Nessy
|-crit|p1a: Nessy
|-end|p1a: Nessy|Substitute
|-unboost|p2a: Kingdra|spa|2
|
|-heal|p1a: Nessy|246\/394|[from] item: Leftovers
|turn|15
|
|move|p1a: Nessy|Substitute|p1a: Nessy
|-start|p1a: Nessy|Substitute
|-damage|p1a: Nessy|148\/394
|move|p2a: Kingdra|Surf|p1a: Nessy
|-crit|p1a: Nessy
|-resisted|p1a: Nessy
|-end|p1a: Nessy|Substitute
|
|-heal|p1a: Nessy|172\/394|[from] item: Leftovers
|turn|16
|c|âMndez|q es el ratio de critico?
|
|move|p1a: Nessy|Substitute|p1a: Nessy
|-start|p1a: Nessy|Substitute
|-damage|p1a: Nessy|74\/394
|cant|p2a: Kingdra|par
|
|-heal|p1a: Nessy|98\/394|[from] item: Leftovers
|turn|17
|
|move|p2a: Kingdra|Surf|p1a: Nessy
|-crit|p1a: Nessy
|-resisted|p1a: Nessy
|-end|p1a: Nessy|Substitute
|move|p1a: Nessy|Dragon Tail|p2a: Kingdra
|-supereffective|p2a: Kingdra
|-damage|p2a: Kingdra|239\/353 par
|drag|p2a: Gallade|Gallade, M|340\/340
|
|-heal|p1a: Nessy|122\/394|[from] item: Leftovers
|turn|18
|
|switch|p1a: Skarr|Skarmory, F|333\/333
|detailschange|p2a: Gallade|Gallade-Mega, M
|-mega|p2a: Gallade|Gallade|Galladite
|move|p2a: Gallade|Knock Off|p1a: Skarr
|-damage|p1a: Skarr|246\/333
|-damage|p2a: Gallade|284\/340|[from] item: Rocky Helmet|[of] p1a: Skarr
|-enditem|p1a: Skarr|Rocky Helmet|[from] move: Knock Off|[of] p2a: Gallade
|
|turn|19
|
|move|p2a: Gallade|Swords Dance|p2a: Gallade
|-boost|p2a: Gallade|atk|2
|move|p1a: Skarr|Whirlwind|p2a: Gallade
|drag|p2a: Bronzong|Bronzong|337\/337
|
|turn|20
|
|switch|p2a: Espeon|Espeon, M|228\/334
|move|p1a: Skarr|Stealth Rock|p2a: Espeon
|move|p2a: Espeon|Stealth Rock|p1a: Skarr|[from]Magic Bounce
|-sidestart|p1: Mndez|move: Stealth Rock
|
|turn|21
|
|switch|p2a: Kingdra|Kingdra, M|239\/353 par
|switch|p1a: Flappy doge|Manectric, M|281\/281
|-damage|p1a: Flappy doge|246\/281|[from] Stealth Rock
|
|turn|22
|
|detailschange|p1a: Flappy doge|Manectric-Mega, M
|-mega|p1a: Flappy doge|Manectric|Manectite
|-ability|p1a: Flappy doge|Intimidate|[of] p2a: Kingdra
|-unboost|p2a: Kingdra|atk|1
|move|p1a: Flappy doge|Thunderbolt|p2a: Kingdra
|-damage|p2a: Kingdra|71\/353 par
|move|p2a: Kingdra|Draco Meteor|p1a: Flappy doge
|-damage|p1a: Flappy doge|17\/281
|-unboost|p2a: Kingdra|spa|2
|
|turn|23
|
|move|p1a: Flappy doge|Thunderbolt|p2a: Kingdra
|-damage|p2a: Kingdra|0 fnt
|faint|p2a: Kingdra
|
|
|switch|p2a: Gallade|Gallade-Mega, M|284\/340
|turn|24
|
|move|p2a: Gallade|Shadow Sneak|p1a: Flappy doge
|-damage|p1a: Flappy doge|0 fnt
|faint|p1a: Flappy doge
|
|
|switch|p1a: Skarr|Skarmory, F|246\/333
|-damage|p1a: Skarr|205\/333|[from] Stealth Rock
|turn|25
|c|âMndez|si no hubiese lag ganaba
|
|move|p2a: Gallade|Swords Dance|p2a: Gallade
|-boost|p2a: Gallade|atk|2
|move|p1a: Skarr|Roost|p1a: Skarr
|-heal|p1a: Skarr|333\/333
|
|turn|26
|
|move|p2a: Gallade|Drain Punch|p1a: Skarr
|-damage|p1a: Skarr|143\/333
|-heal|p2a: Gallade|340\/340|[from] drain|[of] p1a: Skarr
|move|p1a: Skarr|Whirlwind|p2a: Gallade
|drag|p2a: Bronzong|Bronzong|337\/337
|
|turn|27
|
|move|p1a: Skarr|Roost|p1a: Skarr
|-heal|p1a: Skarr|310\/333
|move|p2a: Bronzong|Calm Mind|p2a: Bronzong
|-boost|p2a: Bronzong|spa|1
|-boost|p2a: Bronzong|spd|1
|
|turn|28
|
|switch|p2a: Espeon|Espeon, M|228\/334
|move|p1a: Skarr|Whirlwind|p2a: Espeon
|move|p2a: Espeon|Whirlwind|p1a: Skarr|[from]Magic Bounce
|drag|p1a: Nessy|Gyarados, F|122\/394
|-damage|p1a: Nessy|24\/394|[from] Stealth Rock
|-ability|p1a: Nessy|Intimidate|[of] p2a: Espeon
|-unboost|p2a: Espeon|atk|1
|
|-heal|p1a: Nessy|48\/394|[from] item: Leftovers
|turn|29
|
|switch|p2a: Bronzong|Bronzong|337\/337
|move|p1a: Nessy|Dragon Tail|p2a: Bronzong
|-resisted|p2a: Bronzong
|-damage|p2a: Bronzong|312\/337
|drag|p2a: Gallade|Gallade-Mega, M|340\/340
|
|-heal|p1a: Nessy|72\/394|[from] item: Leftovers
|turn|30
|
|move|p2a: Gallade|Knock Off|p1a: Nessy
|-damage|p1a: Nessy|0 fnt
|-enditem|p1a: Nessy|Leftovers|[from] move: Knock Off|[of] p2a: Gallade
|faint|p1a: Nessy
|
|
|switch|p1a: Skarr|Skarmory, F|310\/333
|-damage|p1a: Skarr|269\/333|[from] Stealth Rock
|turn|31
|
|move|p2a: Gallade|Swords Dance|p2a: Gallade
|-boost|p2a: Gallade|atk|2
|move|p1a: Skarr|Stealth Rock|p2a: Gallade
|-sidestart|p2: ManuelEnciso123|move: Stealth Rock
|
|turn|32
|
|move|p2a: Gallade|Drain Punch|p1a: Skarr
|-damage|p1a: Skarr|68\/333
|move|p1a: Skarr|Whirlwind|p2a: Gallade
|drag|p2a: Tito|Quagsire, M|394\/394
|-damage|p2a: Tito|370\/394|[from] Stealth Rock
|
|turn|33
|
|move|p1a: Skarr|Roost|p1a: Skarr
|-heal|p1a: Skarr|235\/333
|move|p2a: Tito|Scald|p1a: Skarr
|-damage|p1a: Skarr|154\/333
|
|turn|34
|
|move|p1a: Skarr|Roost|p1a: Skarr
|-heal|p1a: Skarr|321\/333
|move|p2a: Tito|Scald|p1a: Skarr
|-damage|p1a: Skarr|243\/333
|
|turn|35
|
|move|p1a: Skarr|Spikes|p2a: Tito
|-sidestart|p2: ManuelEnciso123|Spikes
|move|p2a: Tito|Scald|p1a: Skarr
|-damage|p1a: Skarr|158\/333
|
|turn|36
|
|switch|p2a: Espeon|Espeon, M|228\/334
|-damage|p2a: Espeon|187\/334|[from] Stealth Rock
|-damage|p2a: Espeon|146\/334|[from] Spikes
|move|p1a: Skarr|Roost|p1a: Skarr
|-heal|p1a: Skarr|325\/333
|
|turn|37
|
|move|p2a: Espeon|Calm Mind|p2a: Espeon
|-boost|p2a: Espeon|spa|1
|-boost|p2a: Espeon|spd|1
|move|p1a: Skarr|Whirlwind|p2a: Espeon
|move|p2a: Espeon|Whirlwind|p1a: Skarr|[from]Magic Bounce
|drag|p1a: Degguin|Chansey, F, shiny|704\/704
|-damage|p1a: Degguin|616\/704|[from] Stealth Rock
|
|turn|38
|
|move|p2a: Espeon|Morning Sun|p2a: Espeon
|-heal|p2a: Espeon|313\/334
|move|p1a: Degguin|Seismic Toss|p2a: Espeon
|-damage|p2a: Espeon|213\/334
|
|turn|39
|
|switch|p2a: Scolipede|Scolipede, M|324\/324
|-damage|p2a: Scolipede|284\/324|[from] Spikes
|-damage|p2a: Scolipede|203\/324|[from] Stealth Rock
|move|p1a: Degguin|Seismic Toss|p2a: Scolipede
|-damage|p2a: Scolipede|103\/324
|
|turn|40
|
|move|p2a: Scolipede|Iron Defense|p2a: Scolipede
|-boost|p2a: Scolipede|def|2
|move|p1a: Degguin|Seismic Toss|p2a: Scolipede
|-damage|p2a: Scolipede|3\/324
|
|-boost|p2a: Scolipede|spe|1|[from] ability: Speed Boost
|turn|41
|
|move|p2a: Scolipede|Protect|p2a: Scolipede
|-singleturn|p2a: Scolipede|Protect
|move|p1a: Degguin|Seismic Toss|p2a: Scolipede
|-activate|p2a: Scolipede|Protect
|
|-boost|p2a: Scolipede|spe|1|[from] ability: Speed Boost
|turn|42
|
|move|p2a: Scolipede|Baton Pass|p2a: Scolipede
|
|switch|p2a: Espeon|Espeon, M|213\/334
|-damage|p2a: Espeon|172\/334|[from] Spikes
|-damage|p2a: Espeon|131\/334|[from] Stealth Rock
|move|p1a: Degguin|Seismic Toss|p2a: Espeon
|-damage|p2a: Espeon|31\/334
|
|turn|43
|
|move|p2a: Espeon|Morning Sun|p2a: Espeon
|-heal|p2a: Espeon|198\/334
|move|p1a: Degguin|Seismic Toss|p2a: Espeon
|-damage|p2a: Espeon|98\/334
|
|turn|44
|
|move|p2a: Espeon|Calm Mind|p2a: Espeon
|-boost|p2a: Espeon|spa|1
|-boost|p2a: Espeon|spd|1
|move|p1a: Degguin|Seismic Toss|p2a: Espeon
|-damage|p2a: Espeon|0 fnt
|faint|p2a: Espeon
|
|
|switch|p2a: Gallade|Gallade-Mega, M|340\/340
|-damage|p2a: Gallade|319\/340|[from] Stealth Rock
|-damage|p2a: Gallade|277\/340|[from] Spikes
|turn|45
|
|switch|p1a: Skarr|Skarmory, F|325\/333
|-damage|p1a: Skarr|284\/333|[from] Stealth Rock
|move|p2a: Gallade|Swords Dance|p2a: Gallade
|-boost|p2a: Gallade|atk|2
|
|turn|46
|
|move|p2a: Gallade|Drain Punch|p1a: Skarr
|-damage|p1a: Skarr|74\/333
|-heal|p2a: Gallade|340\/340|[from] drain|[of] p1a: Skarr
|move|p1a: Skarr|Whirlwind|p2a: Gallade
|drag|p2a: Tito|Quagsire, M|370\/394
|-damage|p2a: Tito|321\/394|[from] Spikes
|-damage|p2a: Tito|297\/394|[from] Stealth Rock
|
|turn|47
|
|move|p1a: Skarr|Roost|p1a: Skarr
|-heal|p1a: Skarr|241\/333
|move|p2a: Tito|Scald|p1a: Skarr
|-damage|p1a: Skarr|156\/333
|
|turn|48
|
|move|p1a: Skarr|Roost|p1a: Skarr
|-heal|p1a: Skarr|323\/333
|move|p2a: Tito|Scald|p1a: Skarr
|-damage|p1a: Skarr|238\/333
|
|turn|49
|
|move|p1a: Skarr|Spikes|p2a: Tito
|-sidestart|p2: ManuelEnciso123|Spikes
|move|p2a: Tito|Scald|p1a: Skarr
|-damage|p1a: Skarr|153\/333
|
|turn|50
|
|move|p1a: Skarr|Roost|p1a: Skarr
|-heal|p1a: Skarr|320\/333
|move|p2a: Tito|Scald|p1a: Skarr
|-damage|p1a: Skarr|233\/333
|-status|p1a: Skarr|brn
|
|-damage|p1a: Skarr|192\/333 brn|[from] brn
|turn|51
|
|move|p1a: Skarr|Spikes|p2a: Tito
|-sidestart|p2: ManuelEnciso123|Spikes
|move|p2a: Tito|Scald|p1a: Skarr
|-damage|p1a: Skarr|113\/333 brn
|
|-damage|p1a: Skarr|72\/333 brn|[from] brn
|turn|52
|
|move|p1a: Skarr|Roost|p1a: Skarr
|-heal|p1a: Skarr|239\/333 brn
|move|p2a: Tito|Scald|p1a: Skarr
|-damage|p1a: Skarr|157\/333 brn
|
|-damage|p1a: Skarr|116\/333 brn|[from] brn
|turn|53
|
|move|p1a: Skarr|Roost|p1a: Skarr
|-heal|p1a: Skarr|283\/333 brn
|move|p2a: Tito|Scald|p1a: Skarr
|-damage|p1a: Skarr|202\/333 brn
|
|-damage|p1a: Skarr|161\/333 brn|[from] brn
|turn|54
|
|move|p1a: Skarr|Roost|p1a: Skarr
|-heal|p1a: Skarr|328\/333 brn
|move|p2a: Tito|Scald|p1a: Skarr
|-damage|p1a: Skarr|240\/333 brn
|
|-damage|p1a: Skarr|199\/333 brn|[from] brn
|turn|55
|
|switch|p1a: Degguin|Chansey, F, shiny|616\/704
|-damage|p1a: Degguin|528\/704|[from] Stealth Rock
|move|p2a: Tito|Scald|p1a: Degguin
|-damage|p1a: Degguin|489\/704
|-status|p1a: Degguin|brn
|
|-damage|p1a: Degguin|401\/704 brn|[from] brn
|turn|56
|
|switch|p2a: Scolipede|Scolipede, M|3\/324
|-damage|p2a: Scolipede|0 fnt|[from] Stealth Rock
|faint|p2a: Scolipede
|move|p1a: Degguin|Wish|p1a: Degguin
|
|-damage|p1a: Degguin|313\/704 brn|[from] brn
|
|switch|p2a: Gallade|Gallade-Mega, M|340\/340
|-damage|p2a: Gallade|255\/340|[from] Spikes
|-damage|p2a: Gallade|234\/340|[from] Stealth Rock
|turn|57
|
|switch|p1a: Skarr|Skarmory, F|199\/333 brn
|-damage|p1a: Skarr|158\/333 brn|[from] Stealth Rock
|move|p2a: Gallade|Swords Dance|p2a: Gallade
|-boost|p2a: Gallade|atk|2
|
|-heal|p1a: Skarr|333\/333 brn|[from] move: Wish|[wisher] Degguin
|-damage|p1a: Skarr|292\/333 brn|[from] brn
|turn|58
|
|move|p2a: Gallade|Drain Punch|p1a: Skarr
|-damage|p1a: Skarr|85\/333 brn
|-heal|p2a: Gallade|338\/340|[from] drain|[of] p1a: Skarr
|move|p1a: Skarr|Whirlwind|p2a: Gallade
|drag|p2a: Tito|Quagsire, M|297\/394
|-damage|p2a: Tito|273\/394|[from] Stealth Rock
|-damage|p2a: Tito|175\/394|[from] Spikes
|-enditem|p2a: Tito|Sitrus Berry|[eat]
|-heal|p2a: Tito|273\/394|[from] item: Sitrus Berry
|
|-damage|p1a: Skarr|44\/333 brn|[from] brn
|turn|59
|
|move|p1a: Skarr|Roost|p1a: Skarr
|-heal|p1a: Skarr|211\/333 brn
|move|p2a: Tito|Scald|p1a: Skarr
|-damage|p1a: Skarr|127\/333 brn
|
|-damage|p1a: Skarr|86\/333 brn|[from] brn
|turn|60
|
|move|p1a: Skarr|Roost|p1a: Skarr
|-heal|p1a: Skarr|253\/333 brn
|move|p2a: Tito|Scald|p1a: Skarr
|-damage|p1a: Skarr|166\/333 brn
|
|-damage|p1a: Skarr|125\/333 brn|[from] brn
|turn|61
|
|move|p1a: Skarr|Roost|p1a: Skarr
|-heal|p1a: Skarr|292\/333 brn
|move|p2a: Tito|Scald|p1a: Skarr
|-damage|p1a: Skarr|210\/333 brn
|
|-damage|p1a: Skarr|169\/333 brn|[from] brn
|turn|62
|
|move|p1a: Skarr|Roost|p1a: Skarr
|-heal|p1a: Skarr|333\/333 brn
|move|p2a: Tito|Scald|p1a: Skarr
|-damage|p1a: Skarr|249\/333 brn
|
|-damage|p1a: Skarr|208\/333 brn|[from] brn
|turn|63
|
|move|p2a: Tito|Scald|p1a: Skarr
|-damage|p1a: Skarr|127\/333 brn
|move|p1a: Skarr|Whirlwind|p2a: Tito
|drag|p2a: Bronzong|Bronzong|312\/337
|-damage|p2a: Bronzong|291\/337|[from] Stealth Rock
|
|-heal|p2a: Bronzong|312\/337|[from] item: Leftovers
|-damage|p1a: Skarr|86\/333 brn|[from] brn
|turn|64
|
|move|p1a: Skarr|Roost|p1a: Skarr
|-heal|p1a: Skarr|253\/333 brn
|move|p2a: Bronzong|Calm Mind|p2a: Bronzong
|-boost|p2a: Bronzong|spa|1
|-boost|p2a: Bronzong|spd|1
|
|-heal|p2a: Bronzong|333\/337|[from] item: Leftovers
|-damage|p1a: Skarr|212\/333 brn|[from] brn
|turn|65
|
|move|p2a: Bronzong|Flash Cannon|p1a: Skarr
|-resisted|p1a: Skarr
|-damage|p1a: Skarr|91\/333 brn
|-unboost|p1a: Skarr|spd|1
|move|p1a: Skarr|Whirlwind|p2a: Bronzong
|drag|p2a: Gallade|Gallade-Mega, M|338\/340
|-damage|p2a: Gallade|317\/340|[from] Stealth Rock
|-damage|p2a: Gallade|232\/340|[from] Spikes
|
|-damage|p1a: Skarr|50\/333 brn|[from] brn
|turn|66
|
|move|p2a: Gallade|Drain Punch|p1a: Skarr
|-damage|p1a: Skarr|0 fnt
|-heal|p2a: Gallade|257\/340|[from] drain|[of] p1a: Skarr
|faint|p1a: Skarr
|
|
|switch|p1a: Degguin|Chansey, F, shiny|313\/704
|-damage|p1a: Degguin|225\/704|[from] Stealth Rock
|turn|67
|
|move|p1a: Degguin|Protect|p1a: Degguin
|-singleturn|p1a: Degguin|Protect
|move|p2a: Gallade|Drain Punch|p1a: Degguin
|-activate|p1a: Degguin|Protect
|
|turn|68
|
|move|p2a: Gallade|Drain Punch|p1a: Degguin
|-supereffective|p1a: Degguin
|-damage|p1a: Degguin|0 fnt
|-heal|p2a: Gallade|340\/340|[from] drain|[of] p1a: Degguin
|faint|p1a: Degguin
|
|win|ManuelEnciso123
|raw|Ladder updating...
|raw|Mndez's rating: 1548 &rarr; <strong>1527<\/strong><br \/>(-21 for losing)
|raw|ManuelEnciso123's rating: 1521 &rarr; <strong>1543<\/strong><br \/>(+22 for winning)
|leave|Mndez
|leave|I Need A TwiiXx
|player|p1