|join|Arcanine is Regal
|join|ManuelEnciso123
|player|p1|Arcanine is Regal|126
|player|p2|ManuelEnciso123|33
|gametype|singles
|gen|6
|tier|OU
|rated
|clearpoke
|poke|p1|Bisharp, M
|poke|p1|Gengar, F
|poke|p1|Manectric, F
|poke|p1|Landorus-Therian, M
|poke|p1|Mamoswine, M
|poke|p1|Azumarill, F
|poke|p2|Scolipede, M
|poke|p2|Quagsire, M
|poke|p2|Espeon, F
|poke|p2|Gallade, M
|poke|p2|Kingdra, F
|poke|p2|Aerodactyl, M
|rule|Swagger Clause: Swagger is banned
|rule|Baton Pass Clause: Limit one PokÃ©mon knowing Baton Pass
|rule|Sleep Clause Mod: Limit one foe put to sleep
|rule|Species Clause: Limit one of each PokÃ©mon
|rule|OHKO Clause: OHKO moves are banned
|rule|Moody Clause: Moody is banned
|rule|Evasion Moves Clause: Evasion moves are banned
|rule|Endless Battle Clause: Forcing endless battles is banned
|rule|HP Percentage Mod: HP is shown in percentages
|teampreview
|c|âArcanine is Regal|l
|join|Forgotten Ghosts
|join|Big Andrew
|c|âArcanine is Regal|see what you did ghosts
|c|âArcanine is Regal|you put me on tilt after the low roll
|c| Forgotten Ghosts|yea lol
|
|start
|switch|p1a: Manectric|Manectric, F|281\/281
|switch|p2a: Scolipede|Scolipede, M|324\/324
|turn|1
|leave|Big Andrew
|
|detailschange|p1a: Manectric|Manectric-Mega, F
|-mega|p1a: Manectric|Manectric|Manectite
|-ability|p1a: Manectric|Intimidate|[of] p2a: Scolipede
|-unboost|p2a: Scolipede|atk|1
|move|p2a: Scolipede|Protect|p2a: Scolipede
|-singleturn|p2a: Scolipede|Protect
|move|p1a: Manectric|Flamethrower|p2a: Scolipede
|-activate|p2a: Scolipede|Protect
|
|-boost|p2a: Scolipede|spe|1|[from] ability: Speed Boost
|turn|2
|
|switch|p2a: Kingdra|Kingdra, F|353\/353
|move|p1a: Manectric|Flamethrower|p2a: Kingdra
|-resisted|p2a: Kingdra
|-damage|p2a: Kingdra|326\/353
|
|turn|3
|
|move|p1a: Manectric|Thunderbolt|p2a: Kingdra
|-damage|p2a: Kingdra|154\/353
|move|p2a: Kingdra|Focus Energy|p2a: Kingdra
|-start|p2a: Kingdra|move: Focus Energy
|
|turn|4
|
|move|p1a: Manectric|Thunderbolt|p2a: Kingdra
|-damage|p2a: Kingdra|0 fnt
|faint|p2a: Kingdra
|
|
|switch|p2a: Tito|Quagsire, M|394\/394
|turn|5
|
|switch|p1a: Gengar|Gengar, F|262\/262
|move|p2a: Tito|Toxic|p1a: Gengar
|-fail|p1a: Gengar
|
|turn|6
|
|switch|p2a: Aerodactyl|Aerodactyl, M|364\/364
|move|p1a: Gengar|Shadow Ball|p2a: Aerodactyl
|-damage|p2a: Aerodactyl|152\/364
|-damage|p1a: Gengar|236\/262|[from] item: Life Orb
|
|turn|7
|
|switch|p1a: Landorus-Therian|Landorus-Therian, M|320\/320
|-ability|p1a: Landorus-Therian|Intimidate|[of] p2a: Aerodactyl
|-unboost|p2a: Aerodactyl|atk|1
|move|p2a: Aerodactyl|Fire Fang|p1a: Landorus-Therian
|-damage|p1a: Landorus-Therian|273\/320
|
|turn|8
|
|move|p1a: Landorus-Therian|U-turn|p2a: Aerodactyl
|-crit|p2a: Aerodactyl
|-resisted|p2a: Aerodactyl
|-damage|p2a: Aerodactyl|63\/364
|
|switch|p1a: Manectric|Manectric-Mega, F|281\/281
|-enditem|p2a: Aerodactyl|Liechi Berry|[eat]
|-boost|p2a: Aerodactyl|atk|1|[from] item: Liechi Berry
|-ability|p1a: Manectric|Intimidate|[of] p2a: Aerodactyl
|-unboost|p2a: Aerodactyl|atk|1
|move|p2a: Aerodactyl|Hone Claws|p2a: Aerodactyl
|-boost|p2a: Aerodactyl|atk|1
|-boost|p2a: Aerodactyl|accuracy|1
|
|turn|9
|
|switch|p2a: Tito|Quagsire, M|394\/394
|move|p1a: Manectric|Thunderbolt|p2a: Tito
|-immune|p2a: Tito|[msg]
|
|turn|10
|
|switch|p1a: Bisharp|Bisharp, M|278\/278
|move|p2a: Tito|Scald|p1a: Bisharp
|-damage|p1a: Bisharp|194\/278
|-status|p1a: Bisharp|brn
|
|-damage|p1a: Bisharp|160\/278 brn|[from] brn
|turn|11
|
|switch|p2a: Aerodactyl|Aerodactyl, M|63\/364
|move|p1a: Bisharp|Knock Off|p2a: Aerodactyl
|-damage|p2a: Aerodactyl|0 fnt
|-damage|p1a: Bisharp|133\/278 brn|[from] item: Life Orb
|faint|p2a: Aerodactyl
|
|-damage|p1a: Bisharp|99\/278 brn|[from] brn
|
|switch|p2a: Scolipede|Scolipede, M|324\/324
|turn|12
|
|switch|p1a: Azumarill|Azumarill, F|342\/342
|move|p2a: Scolipede|Iron Defense|p2a: Scolipede
|-boost|p2a: Scolipede|def|2
|
|-boost|p2a: Scolipede|spe|1|[from] ability: Speed Boost
|turn|13
|
|move|p2a: Scolipede|Iron Defense|p2a: Scolipede
|-boost|p2a: Scolipede|def|2
|move|p1a: Azumarill|Belly Drum|p1a: Azumarill
|-damage|p1a: Azumarill|171\/342
|-setboost|p1a: Azumarill|atk|6|[from] move: Belly Drum
|-enditem|p1a: Azumarill|Sitrus Berry|[eat]
|-heal|p1a: Azumarill|256\/342|[from] item: Sitrus Berry
|
|-boost|p2a: Scolipede|spe|1|[from] ability: Speed Boost
|turn|14
|
|move|p1a: Azumarill|Aqua Jet|p2a: Scolipede
|-damage|p2a: Scolipede|234\/324
|move|p2a: Scolipede|Baton Pass|p2a: Scolipede
|
|switch|p2a: Tito|Quagsire, M|394\/394
|
|turn|15
|
|switch|p1a: Bisharp|Bisharp, M|99\/278 brn
|move|p2a: Tito|Scald|p1a: Bisharp
|-damage|p1a: Bisharp|20\/278 brn
|
|-damage|p1a: Bisharp|0 fnt|[from] brn
|faint|p1a: Bisharp
|
|switch|p1a: Gengar|Gengar, F|236\/262
|turn|16
|
|move|p1a: Gengar|Shadow Ball|p2a: Tito
|-damage|p2a: Tito|152\/394
|-unboost|p2a: Tito|spd|1
|-damage|p1a: Gengar|210\/262|[from] item: Life Orb
|-enditem|p2a: Tito|Sitrus Berry|[eat]
|-heal|p2a: Tito|250\/394|[from] item: Sitrus Berry
|move|p2a: Tito|Scald|p1a: Gengar
|-damage|p1a: Gengar|131\/262
|
|turn|17
|
|move|p1a: Gengar|Shadow Ball|p2a: Tito
|-damage|p2a: Tito|0 fnt
|-damage|p1a: Gengar|105\/262|[from] item: Life Orb
|faint|p2a: Tito
|
|
|switch|p2a: Gallade|Gallade, M|340\/340
|turn|18
|
|detailschange|p2a: Gallade|Gallade-Mega, M
|-mega|p2a: Gallade|Gallade|Galladite
|move|p2a: Gallade|Shadow Sneak|p1a: Gengar
|-supereffective|p1a: Gengar
|-damage|p1a: Gengar|0 fnt
|faint|p1a: Gengar
|
|
|switch|p1a: Manectric|Manectric-Mega, F|281\/281
|-ability|p1a: Manectric|Intimidate|[of] p2a: Gallade
|-unboost|p2a: Gallade|atk|1
|turn|19
|
|move|p1a: Manectric|Thunderbolt|p2a: Gallade
|-damage|p2a: Gallade|190\/340
|move|p2a: Gallade|Swords Dance|p2a: Gallade
|-boost|p2a: Gallade|atk|2
|
|turn|20
|
|move|p1a: Manectric|Volt Switch|p2a: Gallade
|-damage|p2a: Gallade|78\/340
|
|switch|p1a: Landorus-Therian|Landorus-Therian, M|273\/320
|-ability|p1a: Landorus-Therian|Intimidate|[of] p2a: Gallade
|-unboost|p2a: Gallade|atk|1
|move|p2a: Gallade|Drain Punch|p1a: Landorus-Therian
|-resisted|p1a: Landorus-Therian
|-damage|p1a: Landorus-Therian|171\/320
|-heal|p2a: Gallade|129\/340|[from] drain|[of] p1a: Landorus-Therian
|
|turn|21
|
|move|p1a: Landorus-Therian|U-turn|p2a: Gallade
|-damage|p2a: Gallade|35\/340
|
|switch|p1a: Manectric|Manectric-Mega, F|281\/281
|-ability|p1a: Manectric|Intimidate|[of] p2a: Gallade
|-unboost|p2a: Gallade|atk|1
|move|p2a: Gallade|Knock Off|p1a: Manectric
|-damage|p1a: Manectric|200\/281
|
|turn|22
|
|move|p2a: Gallade|Shadow Sneak|p1a: Manectric
|-damage|p1a: Manectric|146\/281
|move|p1a: Manectric|Volt Switch|p2a: Gallade
|-damage|p2a: Gallade|0 fnt
|faint|p2a: Gallade
|
|switch|p1a: Azumarill|Azumarill, F|256\/342
|
|
|switch|p2a: Scolipede|Scolipede, M|234\/324
|turn|23
|
|move|p2a: Scolipede|Iron Defense|p2a: Scolipede
|-boost|p2a: Scolipede|def|2
|move|p1a: Azumarill|Belly Drum|p1a: Azumarill
|-damage|p1a: Azumarill|85\/342
|-setboost|p1a: Azumarill|atk|6|[from] move: Belly Drum
|
|-boost|p2a: Scolipede|spe|1|[from] ability: Speed Boost
|turn|24
|
|move|p1a: Azumarill|Aqua Jet|p2a: Scolipede
|-damage|p2a: Scolipede|93\/324
|move|p2a: Scolipede|Iron Defense|p2a: Scolipede
|-boost|p2a: Scolipede|def|2
|
|-boost|p2a: Scolipede|spe|1|[from] ability: Speed Boost
|turn|25
|
|move|p2a: Scolipede|Baton Pass|p2a: Scolipede
|
|switch|p2a: Espeon|Espeon, F|334\/334
|move|p1a: Azumarill|Knock Off|p2a: Espeon
|-supereffective|p2a: Espeon
|-damage|p2a: Espeon|0 fnt
|-enditem|p2a: Espeon|Lum Berry|[from] move: Knock Off|[of] p1a: Azumarill
|faint|p2a: Espeon
|
|-message|ManuelEnciso123 forfeited.
|leave|ManuelEnciso123
|
|win|Arcanine is Regal
|raw|Ladder updating...
|raw|Arcanine is Regal's rating: 1726 &rarr; <strong>1734<\/strong><br \/>(+8 for winning)
|raw|ManuelEnciso123's rating: 1499 &rarr; <strong>1491<\/strong><br \/>(-8 for losing)
|player|p2