|join|quiladinftw
|join|ManuelEnciso123
|player|p1|quiladinftw|101
|player|p2|ManuelEnciso123|33
|gametype|singles
|gen|6
|tier|OU
|rated
|clearpoke
|poke|p1|Empoleon, M
|poke|p1|Gardevoir, M
|poke|p1|Raikou, shiny
|poke|p1|Landorus-Therian, M
|poke|p1|Breloom, F
|poke|p1|Diggersby, M
|poke|p2|Scolipede, M
|poke|p2|Quagsire, M
|poke|p2|Espeon, M
|poke|p2|Kingdra, M
|poke|p2|Bronzong
|poke|p2|Scrafty, F
|rule|Swagger Clause: Swagger is banned
|rule|Baton Pass Clause: Limit one PokÃ©mon knowing Baton Pass
|rule|Sleep Clause Mod: Limit one foe put to sleep
|rule|Species Clause: Limit one of each PokÃ©mon
|rule|OHKO Clause: OHKO moves are banned
|rule|Moody Clause: Moody is banned
|rule|Evasion Moves Clause: Evasion moves are banned
|rule|Endless Battle Clause: Forcing endless battles is banned
|rule|HP Percentage Mod: HP is shown in percentages
|teampreview
|
|start
|switch|p1a: Empoleon Bonaparte|Empoleon, M|371\/371
|switch|p2a: Scolipede|Scolipede, M|324\/324
|turn|1
|
|move|p2a: Scolipede|Protect|p2a: Scolipede
|-singleturn|p2a: Scolipede|Protect
|move|p1a: Empoleon Bonaparte|Scald|p2a: Scolipede
|-activate|p2a: Scolipede|Protect
|
|-boost|p2a: Scolipede|spe|1|[from] ability: Speed Boost
|turn|2
|
|move|p2a: Scolipede|Iron Defense|p2a: Scolipede
|-boost|p2a: Scolipede|def|2
|move|p1a: Empoleon Bonaparte|Scald|p2a: Scolipede
|-damage|p2a: Scolipede|186\/324
|
|-boost|p2a: Scolipede|spe|1|[from] ability: Speed Boost
|turn|3
|
|move|p2a: Scolipede|Baton Pass|p2a: Scolipede
|
|switch|p2a: Espeon|Espeon, M|334\/334
|move|p1a: Empoleon Bonaparte|Roar|p2a: Espeon
|move|p2a: Espeon|Roar|p1a: Empoleon Bonaparte|[from]Magic Bounce
|drag|p1a: Choke a bitch|Diggersby, M|311\/311
|
|turn|4
|
|move|p2a: Espeon|Stored Power|p1a: Choke a bitch
|-damage|p1a: Choke a bitch|122\/311
|move|p1a: Choke a bitch|U-turn|p2a: Espeon
|-supereffective|p2a: Espeon
|-damage|p2a: Espeon|184\/334
|
|switch|p1a: Princess kenny|Gardevoir, M|277\/277
|-ability|p1a: Princess kenny|Magic Bounce|[from] ability: Trace|[of] p2a: Espeon
|
|turn|5
|
|detailschange|p1a: Princess kenny|Gardevoir-Mega, M
|-mega|p1a: Princess kenny|Gardevoir|Gardevoirite
|move|p2a: Espeon|Calm Mind|p2a: Espeon
|-boost|p2a: Espeon|spa|1
|-boost|p2a: Espeon|spd|1
|move|p1a: Princess kenny|Hyper Voice|p2a: Espeon
|-damage|p2a: Espeon|43\/334
|
|turn|6
|
|move|p2a: Espeon|Morning Sun|p2a: Espeon
|-heal|p2a: Espeon|210\/334
|move|p1a: Princess kenny|Hyper Voice|p2a: Espeon
|-damage|p2a: Espeon|81\/334
|
|turn|7
|
|move|p2a: Espeon|Morning Sun|p2a: Espeon
|-heal|p2a: Espeon|248\/334
|move|p1a: Princess kenny|Calm Mind|p1a: Princess kenny
|-boost|p1a: Princess kenny|spa|1
|-boost|p1a: Princess kenny|spd|1
|
|turn|8
|
|move|p2a: Espeon|Calm Mind|p2a: Espeon
|-boost|p2a: Espeon|spa|1
|-boost|p2a: Espeon|spd|1
|move|p1a: Princess kenny|Hyper Voice|p2a: Espeon
|-damage|p2a: Espeon|89\/334
|
|turn|9
|
|move|p2a: Espeon|Morning Sun|p2a: Espeon
|-heal|p2a: Espeon|256\/334
|move|p1a: Princess kenny|Hyper Voice|p2a: Espeon
|-damage|p2a: Espeon|111\/334
|
|turn|10
|c|âquiladinftw|go for it
|c|âquiladinftw|crit to soon
|
|move|p2a: Espeon|Morning Sun|p2a: Espeon
|-heal|p2a: Espeon|278\/334
|move|p1a: Princess kenny|Hyper Voice|p2a: Espeon
|-damage|p2a: Espeon|133\/334
|
|turn|11
|
|move|p2a: Espeon|Morning Sun|p2a: Espeon
|-heal|p2a: Espeon|300\/334
|move|p1a: Princess kenny|Calm Mind|p1a: Princess kenny
|-boost|p1a: Princess kenny|spa|1
|-boost|p1a: Princess kenny|spd|1
|
|turn|12
|
|move|p2a: Espeon|Calm Mind|p2a: Espeon
|-boost|p2a: Espeon|spa|1
|-boost|p2a: Espeon|spd|1
|move|p1a: Princess kenny|Hyper Voice|p2a: Espeon
|-damage|p2a: Espeon|150\/334
|
|turn|13
|
|move|p2a: Espeon|Calm Mind|p2a: Espeon
|-boost|p2a: Espeon|spa|1
|-boost|p2a: Espeon|spd|1
|move|p1a: Princess kenny|Hyper Voice|p2a: Espeon
|-damage|p2a: Espeon|24\/334
|
|turn|14
|
|move|p2a: Espeon|Morning Sun|p2a: Espeon
|-heal|p2a: Espeon|191\/334
|move|p1a: Princess kenny|Hyper Voice|p2a: Espeon
|-damage|p2a: Espeon|49\/334
|
|turn|15
|
|move|p2a: Espeon|Stored Power|p1a: Princess kenny
|-resisted|p1a: Princess kenny
|-damage|p1a: Princess kenny|38\/277
|move|p1a: Princess kenny|Hyper Voice|p2a: Espeon
|-damage|p2a: Espeon|0 fnt
|faint|p2a: Espeon
|
|
|switch|p2a: Bronzong|Bronzong|337\/337
|turn|16
|
|move|p1a: Princess kenny|Focus Blast|p2a: Bronzong
|-damage|p2a: Bronzong|0 fnt
|faint|p2a: Bronzong
|
|-message|ManuelEnciso123 forfeited.
|leave|ManuelEnciso123
|
|win|quiladinftw
|raw|Ladder updating...
|player|p2