|join|ManuelEnciso123
|join|Gilberto Ranger
|player|p1|ManuelEnciso123|101
|player|p2|Gilberto Ranger|293
|gametype|singles
|gen|6
|tier|OU (suspect test)
|rated
|clearpoke
|poke|p1|Scolipede, M
|poke|p1|Espeon, F
|poke|p1|Quagsire, F
|poke|p1|Abomasnow, M
|poke|p1|Altaria, F
|poke|p1|Machamp, F
|poke|p2|Metagross, shiny
|poke|p2|Latios, M
|poke|p2|Landorus-Therian, M
|poke|p2|Umbreon, M
|poke|p2|Keldeo-Resolute
|poke|p2|Talonflame, M
|rule|Swagger Clause: Swagger is banned
|rule|Baton Pass Clause: Limit one PokÃ©mon knowing Baton Pass
|rule|Sleep Clause Mod: Limit one foe put to sleep
|rule|Species Clause: Limit one of each PokÃ©mon
|rule|OHKO Clause: OHKO moves are banned
|rule|Moody Clause: Moody is banned
|rule|Evasion Moves Clause: Evasion moves are banned
|rule|Endless Battle Clause: Forcing endless battles is banned
|rule|HP Percentage Mod: HP is shown in percentages
|teampreview
|
|start
|switch|p1a: Scolipede|Scolipede, M|324\/324
|switch|p2a: Talonflame|Talonflame, M|359\/359
|turn|1
|
|switch|p1a: Quagsire|Quagsire, F|394\/394
|move|p2a: Talonflame|Bulk Up|p2a: Talonflame
|-boost|p2a: Talonflame|atk|1
|-boost|p2a: Talonflame|def|1
|
|turn|2
|
|switch|p2a: Umbreon|Umbreon, M|394\/394
|move|p1a: Quagsire|Toxic|p2a: Umbreon
|-status|p2a: Umbreon|tox
|-status|p1a: Quagsire|tox
|
|-damage|p2a: Umbreon|370\/394 tox|[from] psn
|-damage|p1a: Quagsire|370\/394 tox|[from] psn
|turn|3
|
|switch|p1a: Scolipede|Scolipede, M|324\/324
|move|p2a: Umbreon|Heal Bell|p2a: Umbreon
|-cureteam|p2a: Umbreon|[from] move: HealBell
|
|-heal|p2a: Umbreon|394\/394|[from] item: Leftovers
|turn|4
|
|switch|p2a: Talonflame|Talonflame, M|359\/359
|move|p1a: Scolipede|Iron Defense|p1a: Scolipede
|-boost|p1a: Scolipede|def|2
|
|-boost|p1a: Scolipede|spe|1|[from] ability: Speed Boost
|turn|5
|
|move|p1a: Scolipede|Iron Defense|p1a: Scolipede
|-boost|p1a: Scolipede|def|2
|move|p2a: Talonflame|Bulk Up|p2a: Talonflame
|-boost|p2a: Talonflame|atk|1
|-boost|p2a: Talonflame|def|1
|
|-boost|p1a: Scolipede|spe|1|[from] ability: Speed Boost
|turn|6
|
|move|p1a: Scolipede|Iron Defense|p1a: Scolipede
|-boost|p1a: Scolipede|def|2
|move|p2a: Talonflame|Bulk Up|p2a: Talonflame
|-boost|p2a: Talonflame|atk|1
|-boost|p2a: Talonflame|def|1
|
|-boost|p1a: Scolipede|spe|1|[from] ability: Speed Boost
|turn|7
|
|move|p2a: Talonflame|Brave Bird|p1a: Scolipede
|-supereffective|p1a: Scolipede
|-damage|p1a: Scolipede|228\/324
|-damage|p2a: Talonflame|327\/359|[from] recoil|[of] p1a: Scolipede
|move|p1a: Scolipede|Baton Pass|p1a: Scolipede
|
|switch|p1a: Altaria|Altaria, F|354\/354
|
|-heal|p2a: Talonflame|349\/359|[from] item: Leftovers
|turn|8
|
|detailschange|p1a: Altaria|Altaria-Mega, F
|-mega|p1a: Altaria|Altaria|Altarianite
|move|p1a: Altaria|Dragon Dance|p1a: Altaria
|-boost|p1a: Altaria|atk|1
|-boost|p1a: Altaria|spe|1
|move|p2a: Talonflame|Bulk Up|p2a: Talonflame
|-boost|p2a: Talonflame|atk|1
|-boost|p2a: Talonflame|def|1
|
|-heal|p2a: Talonflame|359\/359|[from] item: Leftovers
|turn|9
|
|move|p1a: Altaria|Dragon Dance|p1a: Altaria
|-boost|p1a: Altaria|atk|1
|-boost|p1a: Altaria|spe|1
|move|p2a: Talonflame|Will-O-Wisp|p1a: Altaria|[miss]
|-miss|p2a: Talonflame|p1a: Altaria
|
|turn|10
|
|move|p1a: Altaria|Dragon Dance|p1a: Altaria
|-boost|p1a: Altaria|atk|1
|-boost|p1a: Altaria|spe|1
|move|p2a: Talonflame|Will-O-Wisp|p1a: Altaria
|-status|p1a: Altaria|brn
|
|-damage|p1a: Altaria|310\/354 brn|[from] brn
|turn|11
|
|move|p1a: Altaria|Dragon Dance|p1a: Altaria
|-boost|p1a: Altaria|atk|1
|move|p2a: Talonflame|Bulk Up|p2a: Talonflame
|-boost|p2a: Talonflame|atk|1
|-boost|p2a: Talonflame|def|1
|
|-damage|p1a: Altaria|266\/354 brn|[from] brn
|turn|12
|
|move|p1a: Altaria|Dragon Dance|p1a: Altaria
|-boost|p1a: Altaria|atk|1
|move|p2a: Talonflame|Bulk Up|p2a: Talonflame
|-boost|p2a: Talonflame|atk|1
|-boost|p2a: Talonflame|def|1
|
|-damage|p1a: Altaria|222\/354 brn|[from] brn
|turn|13
|
|move|p1a: Altaria|Dragon Dance|p1a: Altaria
|-boost|p1a: Altaria|atk|1
|move|p2a: Talonflame|Bulk Up|p2a: Talonflame
|-boost|p2a: Talonflame|atk|1
|-boost|p2a: Talonflame|def|1
|
|-damage|p1a: Altaria|178\/354 brn|[from] brn
|turn|14
|
|move|p2a: Talonflame|Brave Bird|p1a: Altaria
|-damage|p1a: Altaria|76\/354 brn
|-damage|p2a: Talonflame|325\/359|[from] recoil|[of] p1a: Altaria
|move|p1a: Altaria|Roost|p1a: Altaria
|-heal|p1a: Altaria|253\/354 brn
|
|-heal|p2a: Talonflame|347\/359|[from] item: Leftovers
|-damage|p1a: Altaria|209\/354 brn|[from] brn
|turn|15
|
|move|p2a: Talonflame|Brave Bird|p1a: Altaria
|-damage|p1a: Altaria|91\/354 brn
|-damage|p2a: Talonflame|308\/359|[from] recoil|[of] p1a: Altaria
|move|p1a: Altaria|Roost|p1a: Altaria
|-heal|p1a: Altaria|268\/354 brn
|
|-heal|p2a: Talonflame|330\/359|[from] item: Leftovers
|-damage|p1a: Altaria|224\/354 brn|[from] brn
|turn|16
|
|move|p2a: Talonflame|Brave Bird|p1a: Altaria
|-damage|p1a: Altaria|113\/354 brn
|-damage|p2a: Talonflame|293\/359|[from] recoil|[of] p1a: Altaria
|move|p1a: Altaria|Roost|p1a: Altaria
|-heal|p1a: Altaria|290\/354 brn
|
|-heal|p2a: Talonflame|315\/359|[from] item: Leftovers
|-damage|p1a: Altaria|246\/354 brn|[from] brn
|turn|17
|
|move|p2a: Talonflame|Brave Bird|p1a: Altaria
|-damage|p1a: Altaria|137\/354 brn
|-damage|p2a: Talonflame|279\/359|[from] recoil|[of] p1a: Altaria
|move|p1a: Altaria|Frustration|p2a: Talonflame
|-resisted|p2a: Talonflame
|-damage|p2a: Talonflame|220\/359
|
|-heal|p2a: Talonflame|242\/359|[from] item: Leftovers
|-damage|p1a: Altaria|93\/354 brn|[from] brn
|turn|18
|
|move|p2a: Talonflame|Brave Bird|p1a: Altaria
|-damage|p1a: Altaria|0 fnt
|-damage|p2a: Talonflame|211\/359|[from] recoil|[of] p1a: Altaria
|faint|p1a: Altaria
|
|-heal|p2a: Talonflame|233\/359|[from] item: Leftovers
|-message|ManuelEnciso123 forfeited.
|leave|ManuelEnciso123
|
|win|Gilberto Ranger
|raw|Ladder updating...
|player|p1
|raw|ManuelEnciso123's rating: 1288 &rarr; <strong>1271<\/strong><br \/>(-17 for losing)
|raw|Gilberto Ranger's rating: 1401 &rarr; <strong>1415<\/strong><br \/>(+14 for winning)