|join|ManuelEnciso123
|join|bonfaina
|player|p1|ManuelEnciso123|170
|player|p2|bonfaina|102
|gametype|singles
|gen|6
|tier|OU (suspect test)
|rated
|clearpoke
|poke|p1|Gallade, M
|poke|p1|Scolipede, M
|poke|p1|Espeon, M
|poke|p1|Clefable, F
|poke|p1|Quagsire, F
|poke|p1|Bastiodon, M
|poke|p2|Metagross, shiny
|poke|p2|Latios, M
|poke|p2|Thundurus, M, shiny
|poke|p2|Landorus-Therian, M
|poke|p2|Heatran, F, shiny
|poke|p2|Azumarill, M, shiny
|rule|Swagger Clause: Swagger is banned
|rule|Baton Pass Clause: Limit one PokÃ©mon knowing Baton Pass
|rule|Sleep Clause Mod: Limit one foe put to sleep
|rule|Species Clause: Limit one of each PokÃ©mon
|rule|OHKO Clause: OHKO moves are banned
|rule|Moody Clause: Moody is banned
|rule|Evasion Moves Clause: Evasion moves are banned
|rule|Endless Battle Clause: Forcing endless battles is banned
|rule|HP Percentage Mod: HP is shown in percentages
|teampreview
|
|start
|switch|p1a: Scolipede|Scolipede, M|324\/324
|switch|p2a: Tigraso|Landorus-Therian, M|319\/319
|-ability|p2a: Tigraso|Intimidate|[of] p1a: Scolipede
|-unboost|p1a: Scolipede|atk|1
|turn|1
|
|switch|p2a: Asisterill|Azumarill, M, shiny|404\/404
|move|p1a: Scolipede|Protect|p1a: Scolipede
|-fail|p1a: Scolipede
|
|-boost|p1a: Scolipede|spe|1|[from] ability: Speed Boost
|turn|2
|
|move|p1a: Scolipede|Iron Defense|p1a: Scolipede
|-boost|p1a: Scolipede|def|2
|move|p2a: Asisterill|Perish Song|p2a: Asisterill
|-fieldactivate|move: Perish Song
|
|-start|p1a: Scolipede|perish3
|-start|p2a: Asisterill|perish3
|-boost|p1a: Scolipede|spe|1|[from] ability: Speed Boost
|turn|3
|
|switch|p1a: Bastiodon|Bastiodon, M|324\/324
|move|p2a: Asisterill|Scald|p1a: Bastiodon
|-supereffective|p1a: Bastiodon
|-damage|p1a: Bastiodon|256\/324
|-status|p1a: Bastiodon|brn
|
|-start|p2a: Asisterill|perish2
|-heal|p1a: Bastiodon|276\/324 brn|[from] item: Leftovers
|-damage|p1a: Bastiodon|236\/324 brn|[from] brn
|turn|4
|
|switch|p2a: Tigraso|Landorus-Therian, M|319\/319
|-ability|p2a: Tigraso|Intimidate|[of] p1a: Bastiodon
|-unboost|p1a: Bastiodon|atk|1
|switch|p1a: Scolipede|Scolipede, M|324\/324
|
|turn|5
|
|move|p2a: Tigraso|Stone Edge|p1a: Scolipede|[miss]
|-miss|p2a: Tigraso|p1a: Scolipede
|move|p1a: Scolipede|Iron Defense|p1a: Scolipede
|-boost|p1a: Scolipede|def|2
|
|-boost|p1a: Scolipede|spe|1|[from] ability: Speed Boost
|turn|6
|
|switch|p2a: Asisterill|Azumarill, M, shiny|404\/404
|move|p1a: Scolipede|Baton Pass|p1a: Scolipede
|
|switch|p1a: Bastiodon|Bastiodon, M|236\/324 brn
|
|-heal|p1a: Bastiodon|256\/324 brn|[from] item: Leftovers
|-damage|p1a: Bastiodon|216\/324 brn|[from] brn
|turn|7
|
|move|p2a: Asisterill|Protect|p2a: Asisterill
|-singleturn|p2a: Asisterill|Protect
|move|p1a: Bastiodon|Curse|p1a: Bastiodon
|-boost|p1a: Bastiodon|atk|1
|-boost|p1a: Bastiodon|def|1
|-unboost|p1a: Bastiodon|spe|1
|
|-heal|p1a: Bastiodon|236\/324 brn|[from] item: Leftovers
|-damage|p1a: Bastiodon|196\/324 brn|[from] brn
|turn|8
|
|move|p2a: Asisterill|Whirlpool|p1a: Bastiodon
|-supereffective|p1a: Bastiodon
|-damage|p1a: Bastiodon|164\/324 brn
|-activate|p1a: Bastiodon|move: Whirlpool|[of] p2a: Asisterill
|move|p1a: Bastiodon|Iron Head|p2a: Asisterill
|-damage|p2a: Asisterill|370\/404
|
|-heal|p2a: Asisterill|395\/404|[from] item: Leftovers
|-heal|p1a: Bastiodon|184\/324 brn|[from] item: Leftovers
|-damage|p1a: Bastiodon|144\/324 brn|[from] brn
|-damage|p1a: Bastiodon|104\/324 brn|[from] move: Whirlpool|[partiallytrapped]
|turn|9
|
|move|p2a: Asisterill|Protect|p2a: Asisterill
|-singleturn|p2a: Asisterill|Protect
|move|p1a: Bastiodon|Earthquake|p2a: Asisterill
|-activate|p2a: Asisterill|Protect
|
|-heal|p2a: Asisterill|404\/404|[from] item: Leftovers
|-heal|p1a: Bastiodon|124\/324 brn|[from] item: Leftovers
|-damage|p1a: Bastiodon|84\/324 brn|[from] brn
|-damage|p1a: Bastiodon|44\/324 brn|[from] move: Whirlpool|[partiallytrapped]
|turn|10
|
|move|p2a: Asisterill|Scald|p1a: Bastiodon
|-supereffective|p1a: Bastiodon
|-damage|p1a: Bastiodon|0 fnt
|faint|p1a: Bastiodon
|
|-message|ManuelEnciso123 forfeited.
|leave|ManuelEnciso123
|
|win|bonfaina
|raw|Ladder updating...
|player|p1
|raw|ManuelEnciso123's rating: 1374 &rarr; <strong>1349<\/strong><br \/>(-25 for losing)
|raw|bonfaina's rating: 1269 &rarr; <strong>1301<\/strong><br \/>(+32 for winning)