|join|only loses 2 trash
|join|Konyaata
|player|p1|only loses 2 trash|102
|player|p2|Konyaata|167
|gametype|singles
|gen|6
|tier|OU (suspect test)
|rated
|clearpoke
|poke|p1|Jirachi
|poke|p1|Gliscor, M
|poke|p1|Latios, M
|poke|p1|Gyarados, F
|poke|p1|Tyranitar, F
|poke|p1|Heatran, M
|poke|p2|Politoed, M, shiny
|poke|p2|Swampert, M, shiny
|poke|p2|Raikou
|poke|p2|Mantine, M
|poke|p2|Ferrothorn, M
|poke|p2|Tornadus-Therian, M
|rule|Swagger Clause: Swagger is banned
|rule|Baton Pass Clause: Limit one PokÃ©mon knowing Baton Pass
|rule|Sleep Clause Mod: Limit one foe put to sleep
|rule|Species Clause: Limit one of each PokÃ©mon
|rule|OHKO Clause: OHKO moves are banned
|rule|Moody Clause: Moody is banned
|rule|Evasion Moves Clause: Evasion moves are banned
|rule|Endless Battle Clause: Forcing endless battles is banned
|rule|HP Percentage Mod: HP is shown in percentages
|teampreview
|
|start
|switch|p1a: Tyranitar|Tyranitar, F|403\/403
|switch|p2a: Make It Rain|Politoed, M, shiny|383\/383
|-weather|RainDance
|-weather|Sandstorm
|turn|1
|
|move|p2a: Make It Rain|Toxic|p1a: Tyranitar
|-status|p1a: Tyranitar|tox
|move|p1a: Tyranitar|Stealth Rock|p2a: Make It Rain
|-sidestart|p2: Konyaata|move: Stealth Rock
|
|-weather|Sandstorm|[upkeep]
|-damage|p2a: Make It Rain|360\/383|[from] sandstorm
|-damage|p1a: Tyranitar|378\/403 tox|[from] psn
|turn|2
|
|switch|p1a: Gyarados|Gyarados, F|331\/331
|-ability|p1a: Gyarados|Intimidate|[of] p2a: Make It Rain
|-unboost|p2a: Make It Rain|atk|1
|move|p2a: Make It Rain|Encore|p1a: Gyarados
|-fail|p1a: Gyarados
|
|-weather|Sandstorm|[upkeep]
|-damage|p1a: Gyarados|311\/331|[from] sandstorm
|-damage|p2a: Make It Rain|337\/383|[from] sandstorm
|turn|3
|
|move|p1a: Gyarados|Taunt|p2a: Make It Rain
|-start|p2a: Make It Rain|move: Taunt
|cant|p2a: Make It Rain|move: Taunt|Encore
|
|-weather|Sandstorm|[upkeep]
|-damage|p1a: Gyarados|291\/331|[from] sandstorm
|-damage|p2a: Make It Rain|314\/383|[from] sandstorm
|turn|4
|
|switch|p2a: Raikou|Raikou|321\/321
|-damage|p2a: Raikou|281\/321|[from] Stealth Rock
|-ability|p2a: Raikou|Pressure
|move|p1a: Gyarados|Dragon Dance|p1a: Gyarados
|-boost|p1a: Gyarados|atk|1
|-boost|p1a: Gyarados|spe|1
|
|-weather|Sandstorm|[upkeep]
|-damage|p1a: Gyarados|271\/331|[from] sandstorm
|-damage|p2a: Raikou|261\/321|[from] sandstorm
|turn|5
|
|detailschange|p1a: Gyarados|Gyarados-Mega, F
|-mega|p1a: Gyarados|Gyarados|Gyaradosite
|-ability|p1a: Gyarados|Mold Breaker
|move|p1a: Gyarados|Waterfall|p2a: Raikou
|-damage|p2a: Raikou|0 fnt
|faint|p2a: Raikou
|
|-weather|none
|
|switch|p2a: Ferrothorn|Ferrothorn, M|351\/351
|-damage|p2a: Ferrothorn|330\/351|[from] Stealth Rock
|turn|6
|
|move|p1a: Gyarados|Taunt|p2a: Ferrothorn
|-start|p2a: Ferrothorn|move: Taunt
|cant|p2a: Ferrothorn|move: Taunt|Stealth Rock
|
|turn|7
|
|move|p1a: Gyarados|Dragon Dance|p1a: Gyarados
|-boost|p1a: Gyarados|atk|1
|-boost|p1a: Gyarados|spe|1
|move|p2a: Ferrothorn|Power Whip|p1a: Gyarados|[miss]
|-miss|p2a: Ferrothorn|p1a: Gyarados
|
|turn|8
|
|move|p1a: Gyarados|Crunch|p2a: Ferrothorn
|-damage|p2a: Ferrothorn|128\/351
|-damage|p1a: Gyarados|230\/331|[from] ability: Iron Barbs|[of] p2a: Ferrothorn
|-damage|p1a: Gyarados|175\/331|[from] item: Rocky Helmet|[of] p2a: Ferrothorn
|-unboost|p2a: Ferrothorn|def|1
|move|p2a: Ferrothorn|Power Whip|p1a: Gyarados
|-supereffective|p1a: Gyarados
|-damage|p1a: Gyarados|0 fnt
|faint|p1a: Gyarados
|
|-end|p2a: Ferrothorn|move: Taunt
|
|switch|p1a: Heatran|Heatran, M|385\/385
|turn|9
|
|switch|p2a: Make It Rain|Politoed, M, shiny|314\/383
|-damage|p2a: Make It Rain|267\/383|[from] Stealth Rock
|-weather|RainDance
|move|p1a: Heatran|Magma Storm|p2a: Make It Rain
|-resisted|p2a: Make It Rain
|-damage|p2a: Make It Rain|232\/383
|-activate|p2a: Make It Rain|move: Magma Storm|[of] p1a: Heatran
|
|-weather|RainDance|[upkeep]
|-damage|p2a: Make It Rain|185\/383|[from] move: Magma Storm|[partiallytrapped]
|turn|10
|
|move|p1a: Heatran|Toxic|p2a: Make It Rain
|-status|p2a: Make It Rain|tox
|move|p2a: Make It Rain|Scald|p1a: Heatran
|-crit|p1a: Heatran
|-supereffective|p1a: Heatran
|-damage|p1a: Heatran|0 fnt
|faint|p1a: Heatran
|
|-weather|RainDance|[upkeep]
|-damage|p2a: Make It Rain|162\/383 tox|[from] psn
|-end|p2a: Make It Rain|Magma Storm|[partiallytrapped]
|
|switch|p1a: Gliscor|Gliscor, M|352\/352
|turn|11
|
|switch|p2a: Mantine|Mantine, M|285\/285
|-damage|p2a: Mantine|214\/285|[from] Stealth Rock
|move|p1a: Gliscor|Substitute|p1a: Gliscor
|-start|p1a: Gliscor|Substitute
|-damage|p1a: Gliscor|264\/352
|
|-weather|RainDance|[upkeep]
|-heal|p2a: Mantine|231\/285|[from] item: Leftovers
|-status|p1a: Gliscor|tox|[from] item: Toxic Orb
|turn|12
|
|move|p2a: Mantine|Defog|p1a: Gliscor
|-sideend|p2: Konyaata|Stealth Rock|[from] move: Defog|[of] p2a: Mantine
|move|p1a: Gliscor|Toxic|p2a: Mantine
|-status|p2a: Mantine|tox
|
|-weather|RainDance|[upkeep]
|-heal|p2a: Mantine|248\/285 tox|[from] item: Leftovers
|-damage|p2a: Mantine|231\/285 tox|[from] psn
|-heal|p1a: Gliscor|308\/352 tox|[from] ability: Poison Heal
|turn|13
|
|move|p1a: Gliscor|Protect|p1a: Gliscor
|-singleturn|p1a: Gliscor|Protect
|move|p2a: Mantine|Hydro Pump|p1a: Gliscor
|-activate|p1a: Gliscor|Protect
|
|-weather|RainDance|[upkeep]
|-heal|p2a: Mantine|248\/285 tox|[from] item: Leftovers
|-damage|p2a: Mantine|214\/285 tox|[from] psn
|-heal|p1a: Gliscor|352\/352 tox|[from] ability: Poison Heal
|turn|14
|
|move|p2a: Mantine|Hydro Pump|p1a: Gliscor
|-supereffective|p1a: Gliscor
|-end|p1a: Gliscor|Substitute
|move|p1a: Gliscor|Substitute|p1a: Gliscor
|-start|p1a: Gliscor|Substitute
|-damage|p1a: Gliscor|264\/352 tox
|
|-weather|RainDance|[upkeep]
|-heal|p2a: Mantine|231\/285 tox|[from] item: Leftovers
|-damage|p2a: Mantine|180\/285 tox|[from] psn
|-heal|p1a: Gliscor|308\/352 tox|[from] ability: Poison Heal
|turn|15
|
|switch|p2a: Bic Boi v.2|Swampert, M, shiny|367\/367
|move|p1a: Gliscor|Protect|p1a: Gliscor
|-fail|p1a: Gliscor
|
|-weather|RainDance|[upkeep]
|-heal|p1a: Gliscor|352\/352 tox|[from] ability: Poison Heal
|turn|16
|
|detailschange|p2a: Bic Boi v.2|Swampert-Mega, M, shiny
|-mega|p2a: Bic Boi v.2|Swampert|Swampertite
|move|p1a: Gliscor|Toxic|p2a: Bic Boi v.2
|-status|p2a: Bic Boi v.2|tox
|move|p2a: Bic Boi v.2|Waterfall|p1a: Gliscor
|-supereffective|p1a: Gliscor
|-end|p1a: Gliscor|Substitute
|
|-weather|none
|-damage|p2a: Bic Boi v.2|345\/367 tox|[from] psn
|turn|17
|
|switch|p2a: Make It Rain|Politoed, M, shiny|162\/383 tox
|-weather|RainDance
|move|p1a: Gliscor|Protect|p1a: Gliscor
|-fail|p1a: Gliscor
|
|-weather|RainDance|[upkeep]
|-damage|p2a: Make It Rain|139\/383 tox|[from] psn
|turn|18
|
|move|p1a: Gliscor|Protect|p1a: Gliscor
|-singleturn|p1a: Gliscor|Protect
|move|p2a: Make It Rain|Encore|p1a: Gliscor
|-activate|p1a: Gliscor|Protect
|
|-weather|RainDance|[upkeep]
|-damage|p2a: Make It Rain|93\/383 tox|[from] psn
|turn|19
|
|switch|p2a: Tornadus-Therian|Tornadus-Therian, M|299\/299
|move|p1a: Gliscor|Earthquake|p2a: Tornadus-Therian
|-immune|p2a: Tornadus-Therian|[msg]
|
|-weather|RainDance|[upkeep]
|turn|20
|
|move|p1a: Gliscor|Protect|p1a: Gliscor
|-singleturn|p1a: Gliscor|Protect
|move|p2a: Tornadus-Therian|Taunt|p1a: Gliscor
|-activate|p1a: Gliscor|Protect
|
|-weather|RainDance|[upkeep]
|turn|21
|
|switch|p1a: Jirachi|Jirachi|342\/342
|move|p2a: Tornadus-Therian|Hurricane|p1a: Jirachi
|-resisted|p1a: Jirachi
|-damage|p1a: Jirachi|230\/342
|-damage|p2a: Tornadus-Therian|270\/299|[from] item: Life Orb
|
|-weather|RainDance|[upkeep]
|turn|22
|
|move|p1a: Jirachi|Iron Head|p2a: Tornadus-Therian
|-damage|p2a: Tornadus-Therian|102\/299
|move|p2a: Tornadus-Therian|U-turn|p1a: Jirachi
|-damage|p1a: Jirachi|157\/342
|-damage|p2a: Tornadus-Therian|73\/299|[from] item: Life Orb
|
|switch|p2a: Ferrothorn|Ferrothorn, M|128\/351
|
|-weather|RainDance|[upkeep]
|turn|23
|
|switch|p1a: Latios|Latios, M|301\/301
|move|p2a: Ferrothorn|Leech Seed|p1a: Latios|[miss]
|-miss|p2a: Ferrothorn|p1a: Latios
|
|-weather|RainDance|[upkeep]
|turn|24
|
|move|p1a: Latios|Hidden Power|p2a: Ferrothorn
|-supereffective|p2a: Ferrothorn
|-damage|p2a: Ferrothorn|0 fnt
|-damage|p1a: Latios|271\/301|[from] item: Life Orb
|faint|p2a: Ferrothorn
|
|-weather|none
|
|switch|p2a: Tornadus-Therian|Tornadus-Therian, M|172\/299
|turn|25
|
|move|p2a: Tornadus-Therian|U-turn|p1a: Latios
|-supereffective|p1a: Latios
|-damage|p1a: Latios|84\/301
|-damage|p2a: Tornadus-Therian|143\/299|[from] item: Life Orb
|
|switch|p2a: Mantine|Mantine, M|180\/285 tox
|move|p1a: Latios|Roost|p1a: Latios
|-heal|p1a: Latios|235\/301
|
|-heal|p2a: Mantine|197\/285 tox|[from] item: Leftovers
|-damage|p2a: Mantine|180\/285 tox|[from] psn
|turn|26
|
|switch|p1a: Gliscor|Gliscor, M|352\/352 tox
|move|p2a: Mantine|Rain Dance|p2a: Mantine
|-weather|RainDance
|
|-weather|RainDance|[upkeep]
|-heal|p2a: Mantine|197\/285 tox|[from] item: Leftovers
|-damage|p2a: Mantine|163\/285 tox|[from] psn
|turn|27
|
|move|p2a: Mantine|Hydro Pump|p1a: Gliscor
|-supereffective|p1a: Gliscor
|-damage|p1a: Gliscor|0 fnt
|faint|p1a: Gliscor
|
|-weather|RainDance|[upkeep]
|-heal|p2a: Mantine|180\/285 tox|[from] item: Leftovers
|-damage|p2a: Mantine|129\/285 tox|[from] psn
|
|switch|p1a: Tyranitar|Tyranitar, F|378\/403 tox
|-weather|Sandstorm
|turn|28
|
|switch|p2a: Bic Boi v.2|Swampert-Mega, M, shiny|345\/367 tox
|switch|p1a: Latios|Latios, M|235\/301
|
|-weather|Sandstorm|[upkeep]
|-damage|p1a: Latios|217\/301|[from] sandstorm
|-damage|p2a: Bic Boi v.2|323\/367 tox|[from] psn
|turn|29
|
|switch|p2a: Make It Rain|Politoed, M, shiny|93\/383 tox
|-weather|RainDance
|move|p1a: Latios|Draco Meteor|p2a: Make It Rain
|-damage|p2a: Make It Rain|0 fnt
|-unboost|p1a: Latios|spa|2
|-damage|p1a: Latios|187\/301|[from] item: Life Orb
|faint|p2a: Make It Rain
|
|-weather|RainDance|[upkeep]
|
|switch|p2a: Bic Boi v.2|Swampert-Mega, M, shiny|323\/367 tox
|turn|30
|
|switch|p1a: Tyranitar|Tyranitar, F|378\/403 tox
|-weather|Sandstorm
|move|p2a: Bic Boi v.2|Ice Punch|p1a: Tyranitar
|-damage|p1a: Tyranitar|279\/403 tox
|
|-weather|Sandstorm|[upkeep]
|-damage|p2a: Bic Boi v.2|301\/367 tox|[from] psn
|-damage|p1a: Tyranitar|254\/403 tox|[from] psn
|turn|31
|
|move|p2a: Bic Boi v.2|Earthquake|p1a: Tyranitar
|-supereffective|p1a: Tyranitar
|-damage|p1a: Tyranitar|0 fnt
|faint|p1a: Tyranitar
|
|-weather|Sandstorm|[upkeep]
|-damage|p2a: Bic Boi v.2|257\/367 tox|[from] psn
|
|switch|p1a: Latios|Latios, M|187\/301
|turn|32
|
|switch|p2a: Mantine|Mantine, M|129\/285 tox
|move|p1a: Latios|Draco Meteor|p2a: Mantine
|-damage|p2a: Mantine|0 fnt
|-unboost|p1a: Latios|spa|2
|-damage|p1a: Latios|157\/301|[from] item: Life Orb
|faint|p2a: Mantine
|
|-weather|Sandstorm|[upkeep]
|-damage|p1a: Latios|139\/301|[from] sandstorm
|
|switch|p2a: Tornadus-Therian|Tornadus-Therian, M|242\/299
|turn|33
|
|move|p2a: Tornadus-Therian|U-turn|p1a: Latios
|-supereffective|p1a: Latios
|-damage|p1a: Latios|0 fnt
|-damage|p2a: Tornadus-Therian|213\/299|[from] item: Life Orb
|faint|p1a: Latios
|
|switch|p2a: Bic Boi v.2|Swampert-Mega, M, shiny|257\/367 tox
|
|-weather|Sandstorm|[upkeep]
|-damage|p2a: Bic Boi v.2|235\/367 tox|[from] psn
|
|switch|p1a: Jirachi|Jirachi|157\/342
|turn|34
|
|move|p1a: Jirachi|Iron Head|p2a: Bic Boi v.2
|-resisted|p2a: Bic Boi v.2
|-damage|p2a: Bic Boi v.2|175\/367 tox
|cant|p2a: Bic Boi v.2|flinch
|
|-weather|none
|-damage|p2a: Bic Boi v.2|131\/367 tox|[from] psn
|turn|35
|
|move|p1a: Jirachi|Iron Head|p2a: Bic Boi v.2
|-resisted|p2a: Bic Boi v.2
|-damage|p2a: Bic Boi v.2|79\/367 tox
|cant|p2a: Bic Boi v.2|flinch
|
|-damage|p2a: Bic Boi v.2|13\/367 tox|[from] psn
|turn|36
|
|move|p1a: Jirachi|Iron Head|p2a: Bic Boi v.2
|-resisted|p2a: Bic Boi v.2
|-damage|p2a: Bic Boi v.2|0 fnt
|faint|p2a: Bic Boi v.2
|
|
|switch|p2a: Tornadus-Therian|Tornadus-Therian, M|299\/299
|turn|37
|
|move|p1a: Jirachi|Iron Head|p2a: Tornadus-Therian
|-damage|p2a: Tornadus-Therian|140\/299
|move|p2a: Tornadus-Therian|Hurricane|p1a: Jirachi|[miss]
|-miss|p2a: Tornadus-Therian|p1a: Jirachi
|
|turn|38
|c|âKonyaata|lol game does not like me today
|c|âonly loses 2 trash|sry
|c|âonly loses 2 trash|no knock off?
|c|âKonyaata|naa maybe ill add it i have taunt instead
|c|âonly loses 2 trash|ehh taunts good too
|
|move|p1a: Jirachi|Iron Head|p2a: Tornadus-Therian
|-damage|p2a: Tornadus-Therian|0 fnt
|faint|p2a: Tornadus-Therian
|
|win|only loses 2 trash
|raw|Ladder updating...
|raw|only loses 2 trash's rating: 1367 &rarr; <strong>1385<\/strong><br \/>(+18 for winning)
|raw|Konyaata's rating: 1329 &rarr; <strong>1311<\/strong><br \/>(-18 for losing)
|c|âonly loses 2 trash|gg