|join|peere
|join|BreederGangBoss
|player|p1|peere|97
|player|p2|BreederGangBoss|186
|gametype|singles
|gen|6
|tier|OU
|rated
|clearpoke
|poke|p1|Chansey, F
|poke|p1|Thundurus, M
|poke|p1|Celebi
|poke|p1|Excadrill, F
|poke|p1|Charizard, M
|poke|p1|Rotom-Wash
|poke|p2|Hippowdon, F
|poke|p2|Gliscor, M
|poke|p2|Chansey, F
|poke|p2|Greninja, F, shiny
|poke|p2|Thundurus, M, shiny
|poke|p2|Aegislash, F, shiny
|rule|Swagger Clause: Swagger is banned
|rule|Baton Pass Clause: Limit one PokÃ©mon knowing Baton Pass
|rule|Sleep Clause Mod: Limit one foe put to sleep
|rule|Species Clause: Limit one of each PokÃ©mon
|rule|OHKO Clause: OHKO moves are banned
|rule|Moody Clause: Moody is banned
|rule|Evasion Moves Clause: Evasion moves are banned
|rule|Endless Battle Clause: Forcing endless battles is banned
|rule|HP Percentage Mod: HP is reported as percentages
|teampreview
|
|start
|switch|p1a: Rotom-Wash|Rotom-Wash|303\/303
|switch|p2a: Kunoichi IIX|Greninja, F, shiny|285\/285
|turn|1
|
|switch|p2a: Vlad~Tepes|Gliscor, M|353\/353
|move|p1a: Rotom-Wash|Will-O-Wisp|p2a: Vlad~Tepes
|-status|p2a: Vlad~Tepes|brn
|
|-damage|p2a: Vlad~Tepes|309\/353 brn|[from] brn
|turn|2
|chat|BreederGangBoss|you laggin bruh?
|chat|peere|no
|
|switch|p2a: Terra|Chansey, F|641\/641
|switch|p1a: Excadrill|Excadrill, F|361\/361
|-ability|p1a: Excadrill|Mold Breaker
|-item|p1a: Excadrill|Air Balloon
|
|turn|3
|
|move|p1a: Excadrill|Stealth Rock|p2a: Terra
|-sidestart|p2: BreederGangBoss|move: Stealth Rock
|move|p2a: Terra|Heal Bell|p2a: Terra
|-cureteam|p2a: Terra|[from] move: HealBell
|
|turn|4
|
|switch|p1a: Charizard|Charizard, M|359\/359
|move|p2a: Terra|Thunder Wave|p1a: Charizard
|-status|p1a: Charizard|par
|
|turn|5
|
|detailschange|p1a: Charizard|Charizard-Mega-X, M
|message|Charizard has Mega Evolved into Mega Charizard!
|move|p2a: Terra|Seismic Toss|p1a: Charizard
|-damage|p1a: Charizard|259\/359 par
|move|p1a: Charizard|Will-O-Wisp|p2a: Terra
|-status|p2a: Terra|brn
|
|-damage|p2a: Terra|561\/641 brn|[from] brn
|turn|6
|
|move|p2a: Terra|Seismic Toss|p1a: Charizard
|-damage|p1a: Charizard|159\/359 par
|cant|p1a: Charizard|par
|
|-damage|p2a: Terra|481\/641 brn|[from] brn
|turn|7
|
|switch|p2a: Vlad~Tepes|Gliscor, M|309\/353
|-damage|p2a: Vlad~Tepes|265\/353|[from] Stealth Rock
|switch|p1a: Chansey|Chansey, F|701\/701
|
|-status|p2a: Vlad~Tepes|tox|[from] item: Toxic Orb
|turn|8
|
|move|p2a: Vlad~Tepes|Taunt|p1a: Chansey
|-start|p1a: Chansey|move: Taunt
|cant|p1a: Chansey|move: Taunt|Wish
|
|-heal|p2a: Vlad~Tepes|309\/353 tox|[from] ability: Poison Heal
|turn|9
|
|switch|p1a: Excadrill|Excadrill, F|361\/361
|-ability|p1a: Excadrill|Mold Breaker
|-item|p1a: Excadrill|Air Balloon
|move|p2a: Vlad~Tepes|Knock Off|p1a: Excadrill
|-damage|p1a: Excadrill|258\/361
|-enditem|p1a: Excadrill|Air Balloon
|
|-heal|p2a: Vlad~Tepes|353\/353 tox|[from] ability: Poison Heal
|turn|10
|
|switch|p1a: Thundurus|Thundurus, M|299\/299
|move|p2a: Vlad~Tepes|Knock Off|p1a: Thundurus
|-damage|p1a: Thundurus|203\/299
|-enditem|p1a: Thundurus|Leftovers|[from] move: Knock Off|[of] p2a: Vlad~Tepes
|
|turn|11
|
|switch|p2a: Big~Mama|Hippowdon, F|420\/420
|-damage|p2a: Big~Mama|394\/420|[from] Stealth Rock
|-weather|Sandstorm
|move|p1a: Thundurus|Knock Off|p2a: Big~Mama
|-damage|p2a: Big~Mama|302\/420
|-enditem|p2a: Big~Mama|Leftovers|[from] move: Knock Off|[of] p1a: Thundurus
|
|-weather|Sandstorm|[upkeep]
|-damage|p1a: Thundurus|185\/299|[from] sandstorm
|turn|12
|
|switch|p1a: Rotom-Wash|Rotom-Wash|303\/303
|move|p2a: Big~Mama|Stealth Rock|p1a: Rotom-Wash
|-sidestart|p1: peere|move: Stealth Rock
|
|-weather|Sandstorm|[upkeep]
|-damage|p1a: Rotom-Wash|285\/303|[from] sandstorm
|-heal|p1a: Rotom-Wash|303\/303|[from] item: Leftovers
|turn|13
|
|switch|p2a: Terra|Chansey, F|481\/641
|-damage|p2a: Terra|401\/641|[from] Stealth Rock
|move|p1a: Rotom-Wash|Volt Switch|p2a: Terra
|-damage|p2a: Terra|355\/641
|
|switch|p1a: Excadrill|Excadrill, F|258\/361
|-damage|p1a: Excadrill|247\/361|[from] Stealth Rock
|-ability|p1a: Excadrill|Mold Breaker
|
|-weather|Sandstorm|[upkeep]
|-damage|p2a: Terra|315\/641|[from] sandstorm
|turn|14
|
|move|p1a: Excadrill|Iron Head|p2a: Terra
|-damage|p2a: Terra|93\/641
|cant|p2a: Terra|flinch
|
|-weather|Sandstorm|[upkeep]
|-damage|p2a: Terra|53\/641|[from] sandstorm
|turn|15
|
|move|p1a: Excadrill|Iron Head|p2a: Terra
|-damage|p2a: Terra|0 fnt
|faint|p2a: Terra
|
|-weather|none
|
|switch|p2a: Kunoichi IIX|Greninja, F, shiny|285\/285
|-damage|p2a: Kunoichi IIX|250\/285|[from] Stealth Rock
|turn|16
|
|switch|p1a: Chansey|Chansey, F|701\/701
|-damage|p1a: Chansey|614\/701|[from] Stealth Rock
|move|p2a: Kunoichi IIX|U-turn|p1a: Chansey
|-start|p2a: Kunoichi IIX|typechange|Bug|[from] Protean
|-damage|p1a: Chansey|493\/701
|
|switch|p2a: Legendary|Thundurus, M, shiny|299\/299
|-damage|p2a: Legendary|225\/299|[from] Stealth Rock
|
|turn|17
|
|switch|p1a: Charizard|Charizard-Mega-X, M|159\/359 par
|-damage|p1a: Charizard|70\/359 par|[from] Stealth Rock
|move|p2a: Legendary|Thunderbolt|p1a: Charizard
|-crit|p1a: Charizard
|-resisted|p1a: Charizard
|-damage|p1a: Charizard|0 fnt
|faint|p1a: Charizard
|
|
|switch|p1a: Chansey|Chansey, F|493\/701
|-damage|p1a: Chansey|406\/701|[from] Stealth Rock
|turn|18
|
|move|p2a: Legendary|Superpower|p1a: Chansey
|-supereffective|p1a: Chansey
|-damage|p1a: Chansey|46\/701
|-unboost|p2a: Legendary|atk|1
|-unboost|p2a: Legendary|def|1
|move|p1a: Chansey|Soft-Boiled|p1a: Chansey
|-heal|p1a: Chansey|397\/701
|
|turn|19
|
|switch|p2a: Vlad~Tepes|Gliscor, M|353\/353 tox
|-damage|p2a: Vlad~Tepes|309\/353 tox|[from] Stealth Rock
|move|p1a: Chansey|Soft-Boiled|p1a: Chansey
|-heal|p1a: Chansey|701\/701
|
|-heal|p2a: Vlad~Tepes|353\/353 tox|[from] ability: Poison Heal
|turn|20
|
|switch|p1a: Rotom-Wash|Rotom-Wash|303\/303
|-damage|p1a: Rotom-Wash|266\/303|[from] Stealth Rock
|move|p2a: Vlad~Tepes|Knock Off|p1a: Rotom-Wash
|-damage|p1a: Rotom-Wash|216\/303
|-enditem|p1a: Rotom-Wash|Leftovers|[from] move: Knock Off|[of] p2a: Vlad~Tepes
|
|turn|21
|
|switch|p2a: Big~Mama|Hippowdon, F|302\/420
|-damage|p2a: Big~Mama|276\/420|[from] Stealth Rock
|-weather|Sandstorm
|move|p1a: Rotom-Wash|Hydro Pump|p2a: Big~Mama
|-supereffective|p2a: Big~Mama
|-damage|p2a: Big~Mama|28\/420
|
|-weather|Sandstorm|[upkeep]
|-damage|p1a: Rotom-Wash|198\/303|[from] sandstorm
|turn|22
|
|move|p1a: Rotom-Wash|Hydro Pump|p2a: Big~Mama
|-supereffective|p2a: Big~Mama
|-damage|p2a: Big~Mama|0 fnt
|faint|p2a: Big~Mama
|
|-weather|Sandstorm|[upkeep]
|-damage|p1a: Rotom-Wash|180\/303|[from] sandstorm
|
|switch|p2a: Muramasa|Aegislash, F, shiny|265\/265
|-damage|p2a: Muramasa|249\/265|[from] Stealth Rock
|turn|23
|
|switch|p1a: Chansey|Chansey, F|701\/701
|-damage|p1a: Chansey|614\/701|[from] Stealth Rock
|-formechange|p2a: Muramasa|Aegislash-Blade
|move|p2a: Muramasa|Shadow Ball|p1a: Chansey
|-immune|p1a: Chansey|[msg]
|
|-weather|Sandstorm|[upkeep]
|-damage|p1a: Chansey|571\/701|[from] sandstorm
|turn|24
|
|move|p2a: Muramasa|Sacred Sword|p1a: Chansey
|-supereffective|p1a: Chansey
|-damage|p1a: Chansey|160\/701
|-damage|p2a: Muramasa|223\/265|[from] item: Life Orb
|move|p1a: Chansey|Wish|p1a: Chansey
|
|-weather|Sandstorm|[upkeep]
|-damage|p1a: Chansey|117\/701|[from] sandstorm
|turn|25
|
|switch|p1a: Thundurus|Thundurus, M|185\/299
|-damage|p1a: Thundurus|111\/299|[from] Stealth Rock
|move|p2a: Muramasa|Shadow Ball|p1a: Thundurus
|-damage|p1a: Thundurus|0 fnt
|-damage|p2a: Muramasa|197\/265|[from] item: Life Orb
|faint|p1a: Thundurus
|
|-weather|none
|
|switch|p1a: Excadrill|Excadrill, F|247\/361
|-damage|p1a: Excadrill|236\/361|[from] Stealth Rock
|-ability|p1a: Excadrill|Mold Breaker
|turn|26
|
|move|p2a: Muramasa|Shadow Sneak|p1a: Excadrill
|-damage|p1a: Excadrill|106\/361
|-damage|p2a: Muramasa|171\/265|[from] item: Life Orb
|move|p1a: Excadrill|Rapid Spin|p2a: Muramasa
|-immune|p2a: Muramasa|[msg]
|
|turn|27
|
|move|p2a: Muramasa|Shadow Sneak|p1a: Excadrill
|-crit|p1a: Excadrill
|-damage|p1a: Excadrill|0 fnt
|-damage|p2a: Muramasa|145\/265|[from] item: Life Orb
|faint|p1a: Excadrill
|
|
|switch|p1a: Rotom-Wash|Rotom-Wash|180\/303
|-damage|p1a: Rotom-Wash|143\/303|[from] Stealth Rock
|turn|28
|
|move|p2a: Muramasa|Shadow Ball|p1a: Rotom-Wash
|-damage|p1a: Rotom-Wash|0 fnt
|-damage|p2a: Muramasa|119\/265|[from] item: Life Orb
|faint|p1a: Rotom-Wash
|
|
|switch|p1a: Celebi|Celebi|341\/341
|-damage|p1a: Celebi|299\/341|[from] Stealth Rock
|turn|29
|
|switch|p2a: Vlad~Tepes|Gliscor, M|353\/353 tox
|-damage|p2a: Vlad~Tepes|309\/353 tox|[from] Stealth Rock
|move|p1a: Celebi|Leaf Storm|p2a: Vlad~Tepes
|-damage|p2a: Vlad~Tepes|119\/353 tox
|-unboost|p1a: Celebi|spa|2
|
|-heal|p2a: Vlad~Tepes|163\/353 tox|[from] ability: Poison Heal
|turn|30
|
|move|p1a: Celebi|Leaf Storm|p2a: Vlad~Tepes
|-damage|p2a: Vlad~Tepes|78\/353 tox
|-unboost|p1a: Celebi|spa|2
|move|p2a: Vlad~Tepes|Roost|p2a: Vlad~Tepes
|-heal|p2a: Vlad~Tepes|255\/353 tox
|
|-heal|p2a: Vlad~Tepes|299\/353 tox|[from] ability: Poison Heal
|turn|31
|-message|peere forfeited.
|
|win|BreederGangBoss
|raw|Ladder updating...
|raw|peere's rating: 1697 &rarr; <strong>1680<\/strong><br \/>(-17 for losing)
|raw|BreederGangBoss's rating: 1752 &rarr; <strong>1769<\/strong><br \/>(+17 for winning)
|leave|peere
|player|p1