|join|peere
|join|wfwsfwdfw
|player|p1|peere|97
|player|p2|wfwsfwdfw|169
|gametype|singles
|gen|6
|tier|OU
|rated
|clearpoke
|poke|p1|Talonflame, F
|poke|p1|Ferrothorn, F
|poke|p1|Clefable, M
|poke|p1|Aerodactyl, M
|poke|p1|Rotom-Wash
|poke|p1|Latias, F
|poke|p2|Scizor, F
|poke|p2|Dragonite, M
|poke|p2|Thundurus-Therian, M
|poke|p2|Seismitoad, M
|poke|p2|Clefable, F
|poke|p2|Gothitelle, M
|rule|Swagger Clause: Swagger is banned
|rule|Baton Pass Clause: Limit one PokÃ©mon knowing Baton Pass
|rule|Sleep Clause Mod: Limit one foe put to sleep
|rule|Species Clause: Limit one of each PokÃ©mon
|rule|OHKO Clause: OHKO moves are banned
|rule|Moody Clause: Moody is banned
|rule|Evasion Moves Clause: Evasion moves are banned
|rule|Endless Battle Clause: Forcing endless battles is banned
|rule|HP Percentage Mod: HP is shown in percentages
|teampreview
|
|start
|switch|p1a: Ferrothorn|Ferrothorn, F|352\/352
|switch|p2a: Thundurus-Therian|Thundurus-Therian, M|300\/300
|turn|1
|
|move|p2a: Thundurus-Therian|Volt Switch|p1a: Ferrothorn
|-resisted|p1a: Ferrothorn
|-damage|p1a: Ferrothorn|296\/352
|
|switch|p2a: Gothitelle|Gothitelle, M|282\/282
|move|p1a: Ferrothorn|Knock Off|p2a: Gothitelle
|-supereffective|p2a: Gothitelle
|-damage|p2a: Gothitelle|126\/282
|-enditem|p2a: Gothitelle|Choice Specs|[from] move: Knock Off|[of] p1a: Ferrothorn
|
|turn|2
|
|move|p2a: Gothitelle|Hidden Power|p1a: Ferrothorn
|-supereffective|p1a: Ferrothorn
|-damage|p1a: Ferrothorn|56\/352
|move|p1a: Ferrothorn|Thunder Wave|p2a: Gothitelle
|-status|p2a: Gothitelle|par
|
|turn|3
|
|move|p1a: Ferrothorn|Power Whip|p2a: Gothitelle
|-damage|p2a: Gothitelle|0 fnt
|faint|p2a: Gothitelle
|
|
|switch|p2a: Thundurus-Therian|Thundurus-Therian, M|300\/300
|turn|4
|
|move|p2a: Thundurus-Therian|Thunderbolt|p1a: Ferrothorn
|-resisted|p1a: Ferrothorn
|-damage|p1a: Ferrothorn|0 fnt
|faint|p1a: Ferrothorn
|
|
|switch|p1a: Clefable|Clefable, M|394\/394
|turn|5
|
|switch|p2a: Clefable|Clefable, F|394\/394
|move|p1a: Clefable|Stealth Rock|p2a: Clefable
|-sidestart|p2: wfwsfwdfw|move: Stealth Rock
|
|turn|6
|
|switch|p1a: Talonflame|Talonflame, F|359\/359
|move|p2a: Clefable|Calm Mind|p2a: Clefable
|-boost|p2a: Clefable|spa|1
|-boost|p2a: Clefable|spd|1
|
|turn|7
|
|switch|p2a: Seismitoad|Seismitoad, M|414\/414
|-damage|p2a: Seismitoad|389\/414|[from] Stealth Rock
|move|p1a: Talonflame|Taunt|p2a: Seismitoad
|-start|p2a: Seismitoad|move: Taunt
|
|-heal|p2a: Seismitoad|414\/414|[from] item: Leftovers
|turn|8
|
|move|p1a: Talonflame|Will-O-Wisp|p2a: Seismitoad
|-status|p2a: Seismitoad|brn
|move|p2a: Seismitoad|Scald|p1a: Talonflame
|-supereffective|p1a: Talonflame
|-damage|p1a: Talonflame|183\/359
|
|-heal|p1a: Talonflame|205\/359|[from] item: Leftovers
|-damage|p2a: Seismitoad|363\/414 brn|[from] brn
|turn|9
|
|switch|p2a: Thundurus-Therian|Thundurus-Therian, M|300\/300
|-damage|p2a: Thundurus-Therian|225\/300|[from] Stealth Rock
|move|p1a: Talonflame|Roost|p1a: Talonflame
|-heal|p1a: Talonflame|359\/359
|
|turn|10
|
|switch|p1a: Latias|Latias, F|364\/364
|move|p2a: Thundurus-Therian|Volt Switch|p1a: Latias
|-crit|p1a: Latias
|-resisted|p1a: Latias
|-damage|p1a: Latias|282\/364
|
|switch|p2a: Clefable|Clefable, F|394\/394
|
|-heal|p1a: Latias|304\/364|[from] item: Leftovers
|turn|11
|
|switch|p1a: Talonflame|Talonflame, F|359\/359
|move|p2a: Clefable|Moonblast|p1a: Talonflame
|-resisted|p1a: Talonflame
|-damage|p1a: Talonflame|295\/359
|-unboost|p1a: Talonflame|spa|1
|
|-heal|p1a: Talonflame|317\/359|[from] item: Leftovers
|turn|12
|
|switch|p2a: Seismitoad|Seismitoad, M|363\/414 brn
|-damage|p2a: Seismitoad|338\/414 brn|[from] Stealth Rock
|move|p1a: Talonflame|Will-O-Wisp|p2a: Seismitoad|[miss]
|-miss|p1a: Talonflame|p2a: Seismitoad
|
|-heal|p1a: Talonflame|339\/359|[from] item: Leftovers
|-heal|p2a: Seismitoad|363\/414 brn|[from] item: Leftovers
|-damage|p2a: Seismitoad|312\/414 brn|[from] brn
|turn|13
|
|move|p1a: Talonflame|Taunt|p2a: Seismitoad
|-start|p2a: Seismitoad|move: Taunt
|cant|p2a: Seismitoad|move: Taunt|Stealth Rock
|
|-heal|p1a: Talonflame|359\/359|[from] item: Leftovers
|-heal|p2a: Seismitoad|337\/414 brn|[from] item: Leftovers
|-damage|p2a: Seismitoad|286\/414 brn|[from] brn
|turn|14
|
|move|p1a: Talonflame|Brave Bird|p2a: Seismitoad
|-damage|p2a: Seismitoad|181\/414 brn
|-damage|p1a: Talonflame|324\/359|[from] recoil|[of] p2a: Seismitoad
|move|p2a: Seismitoad|Scald|p1a: Talonflame
|-supereffective|p1a: Talonflame
|-damage|p1a: Talonflame|156\/359
|
|-heal|p1a: Talonflame|178\/359|[from] item: Leftovers
|-heal|p2a: Seismitoad|206\/414 brn|[from] item: Leftovers
|-damage|p2a: Seismitoad|155\/414 brn|[from] brn
|turn|15
|
|switch|p2a: Thundurus-Therian|Thundurus-Therian, M|225\/300
|-damage|p2a: Thundurus-Therian|150\/300|[from] Stealth Rock
|move|p1a: Talonflame|Roost|p1a: Talonflame
|-heal|p1a: Talonflame|358\/359
|
|-heal|p1a: Talonflame|359\/359|[from] item: Leftovers
|turn|16
|
|switch|p1a: Clefable|Clefable, M|394\/394
|move|p2a: Thundurus-Therian|Volt Switch|p1a: Clefable
|-damage|p1a: Clefable|261\/394
|
|switch|p2a: Seismitoad|Seismitoad, M|155\/414 brn
|-damage|p2a: Seismitoad|130\/414 brn|[from] Stealth Rock
|
|-heal|p2a: Seismitoad|155\/414 brn|[from] item: Leftovers
|-heal|p1a: Clefable|285\/394|[from] item: Leftovers
|-damage|p2a: Seismitoad|104\/414 brn|[from] brn
|turn|17
|
|move|p2a: Seismitoad|Stealth Rock|p1a: Clefable
|-sidestart|p1: peere|move: Stealth Rock
|move|p1a: Clefable|Moonblast|p2a: Seismitoad
|-damage|p2a: Seismitoad|0 fnt
|faint|p2a: Seismitoad
|
|-heal|p1a: Clefable|309\/394|[from] item: Leftovers
|
|switch|p2a: Scizor|Scizor, F|344\/344
|-damage|p2a: Scizor|301\/344|[from] Stealth Rock
|turn|18
|
|switch|p2a: Dragonite|Dragonite, M|345\/345
|-damage|p2a: Dragonite|259\/345|[from] Stealth Rock
|switch|p1a: Rotom-Wash|Rotom-Wash|303\/303
|-damage|p1a: Rotom-Wash|266\/303|[from] Stealth Rock
|
|-heal|p1a: Rotom-Wash|284\/303|[from] item: Leftovers
|turn|19
|
|switch|p2a: Clefable|Clefable, F|394\/394
|move|p1a: Rotom-Wash|Will-O-Wisp|p2a: Clefable
|-status|p2a: Clefable|brn
|
|-heal|p1a: Rotom-Wash|302\/303|[from] item: Leftovers
|turn|20
|
|switch|p2a: Thundurus-Therian|Thundurus-Therian, M|150\/300
|-damage|p2a: Thundurus-Therian|75\/300|[from] Stealth Rock
|move|p1a: Rotom-Wash|Volt Switch|p2a: Thundurus-Therian
|-heal|p2a: Thundurus-Therian|150\/300|[from] ability: Volt Absorb|[of] p1a: Rotom-Wash
|
|-heal|p1a: Rotom-Wash|303\/303|[from] item: Leftovers
|turn|21
|
|move|p2a: Thundurus-Therian|Volt Switch|p1a: Rotom-Wash
|-damage|p1a: Rotom-Wash|164\/303
|
|switch|p2a: Clefable|Clefable, F|394\/394 brn
|move|p1a: Rotom-Wash|Hydro Pump|p2a: Clefable
|-damage|p2a: Clefable|256\/394 brn
|
|-heal|p1a: Rotom-Wash|182\/303|[from] item: Leftovers
|turn|22
|
|move|p1a: Rotom-Wash|Volt Switch|p2a: Clefable
|-damage|p2a: Clefable|160\/394 brn
|
|switch|p1a: Talonflame|Talonflame, F|359\/359
|-damage|p1a: Talonflame|180\/359|[from] Stealth Rock
|move|p2a: Clefable|Moonblast|p1a: Talonflame
|-crit|p1a: Talonflame
|-resisted|p1a: Talonflame
|-damage|p1a: Talonflame|77\/359
|-unboost|p1a: Talonflame|spa|1
|
|-heal|p1a: Talonflame|99\/359|[from] item: Leftovers
|turn|23
|
|switch|p2a: Thundurus-Therian|Thundurus-Therian, M|150\/300
|-damage|p2a: Thundurus-Therian|75\/300|[from] Stealth Rock
|move|p1a: Talonflame|Roost|p1a: Talonflame
|-heal|p1a: Talonflame|279\/359
|
|-heal|p1a: Talonflame|301\/359|[from] item: Leftovers
|turn|24
|
|move|p1a: Talonflame|Roost|p1a: Talonflame
|-heal|p1a: Talonflame|359\/359
|move|p2a: Thundurus-Therian|Thunderbolt|p1a: Talonflame
|-damage|p1a: Talonflame|182\/359
|
|-heal|p1a: Talonflame|204\/359|[from] item: Leftovers
|turn|25
|
|switch|p1a: Latias|Latias, F|304\/364
|-damage|p1a: Latias|259\/364|[from] Stealth Rock
|move|p2a: Thundurus-Therian|Thunderbolt|p1a: Latias
|-resisted|p1a: Latias
|-damage|p1a: Latias|192\/364
|
|-heal|p1a: Latias|214\/364|[from] item: Leftovers
|turn|26
|
|switch|p2a: Clefable|Clefable, F|160\/394 brn
|move|p1a: Latias|Defog|p2a: Clefable
|-unboost|p2a: Clefable|evasion|1
|-sideend|p2: wfwsfwdfw|Stealth Rock|[from] move: Defog|[of] p2a: Clefable
|-sideend|p1: peere|Stealth Rock|[from] move: Defog|[of] p1a: Latias
|
|-heal|p1a: Latias|236\/364|[from] item: Leftovers
|turn|27
|
|switch|p1a: Talonflame|Talonflame, F|204\/359
|switch|p2a: Dragonite|Dragonite, M|259\/345
|
|-heal|p1a: Talonflame|226\/359|[from] item: Leftovers
|turn|28
|
|switch|p1a: Clefable|Clefable, M|309\/394
|move|p2a: Dragonite|Extreme Speed|p1a: Clefable
|-damage|p1a: Clefable|151\/394
|
|-heal|p1a: Clefable|175\/394|[from] item: Leftovers
|turn|29
|
|switch|p2a: Scizor|Scizor, F|301\/344
|move|p1a: Clefable|Stealth Rock|p2a: Scizor
|-sidestart|p2: wfwsfwdfw|move: Stealth Rock
|
|-heal|p1a: Clefable|199\/394|[from] item: Leftovers
|turn|30
|
|switch|p2a: Dragonite|Dragonite, M|259\/345
|-damage|p2a: Dragonite|173\/345|[from] Stealth Rock
|switch|p1a: Talonflame|Talonflame, F|226\/359
|
|-heal|p1a: Talonflame|248\/359|[from] item: Leftovers
|turn|31
|
|switch|p1a: Aerodactyl|Aerodactyl, M|307\/307
|move|p2a: Dragonite|Extreme Speed|p1a: Aerodactyl
|-resisted|p1a: Aerodactyl
|-damage|p1a: Aerodactyl|190\/307
|
|turn|32
|
|switch|p2a: Scizor|Scizor, F|301\/344
|-damage|p2a: Scizor|258\/344|[from] Stealth Rock
|detailschange|p1a: Aerodactyl|Aerodactyl-Mega, M
|message|Aerodactyl has Mega Evolved into Mega Aerodactyl!
|move|p1a: Aerodactyl|Stone Edge|p2a: Scizor
|-damage|p2a: Scizor|105\/344
|
|turn|33
|join|FlashOfLightning
|
|move|p1a: Aerodactyl|Stone Edge|p2a: Scizor|[miss]
|-miss|p1a: Aerodactyl|p2a: Scizor
|move|p2a: Scizor|Defog|p1a: Aerodactyl
|-unboost|p1a: Aerodactyl|evasion|1
|-sideend|p2: wfwsfwdfw|Stealth Rock|[from] move: Defog|[of] p2a: Scizor
|
|turn|34
|
|switch|p1a: Talonflame|Talonflame, F|248\/359
|detailschange|p2a: Scizor|Scizor-Mega, F
|message|Scizor has Mega Evolved into Mega Scizor!
|move|p2a: Scizor|Roost|p2a: Scizor
|-heal|p2a: Scizor|277\/344
|
|-heal|p1a: Talonflame|270\/359|[from] item: Leftovers
|turn|35
|
|switch|p2a: Clefable|Clefable, F|160\/394 brn
|move|p1a: Talonflame|Brave Bird|p2a: Clefable
|-damage|p2a: Clefable|39\/394 brn
|-damage|p1a: Talonflame|230\/359|[from] recoil|[of] p2a: Clefable
|
|-heal|p1a: Talonflame|252\/359|[from] item: Leftovers
|turn|36
|
|move|p1a: Talonflame|Brave Bird|p2a: Clefable
|-damage|p2a: Clefable|0 fnt
|-damage|p1a: Talonflame|239\/359|[from] recoil|[of] p2a: Clefable
|faint|p2a: Clefable
|
|-heal|p1a: Talonflame|261\/359|[from] item: Leftovers
|leave|FlashOfLightning
|
|switch|p2a: Thundurus-Therian|Thundurus-Therian, M|75\/300
|turn|37
|
|move|p1a: Talonflame|Roost|p1a: Talonflame
|-heal|p1a: Talonflame|359\/359
|move|p2a: Thundurus-Therian|Thunderbolt|p1a: Talonflame
|-damage|p1a: Talonflame|187\/359
|
|-heal|p1a: Talonflame|209\/359|[from] item: Leftovers
|turn|38
|
|switch|p2a: Dragonite|Dragonite, M|173\/345
|switch|p1a: Latias|Latias, F|236\/364
|
|-heal|p1a: Latias|258\/364|[from] item: Leftovers
|turn|39
|
|move|p1a: Latias|Dragon Pulse|p2a: Dragonite
|-supereffective|p2a: Dragonite
|-damage|p2a: Dragonite|0 fnt
|faint|p2a: Dragonite
|
|-heal|p1a: Latias|280\/364|[from] item: Leftovers
|-message|wfwsfwdfw forfeited.
|
|win|peere
|raw|Ladder updating...
|leave|wfwsfwdfw
|player|p2
|raw|peere's rating: 1565 &rarr; <strong>1586<\/strong><br \/>(+21 for winning)
|raw|wfwsfwdfw's rating: 1576 &rarr; <strong>1556<\/strong><br \/>(-20 for losing)