|join|peere
|join|Haruno
|player|p1|peere|97
|player|p2|Haruno|289
|gametype|singles
|gen|6
|tier|OU
|clearpoke
|poke|p1|Mamoswine, F
|poke|p1|Celebi
|poke|p1|Mawile, M
|poke|p1|Moltres
|poke|p1|Golem, F
|poke|p1|Pangoro, F
|poke|p2|Mawile, F
|poke|p2|Mamoswine, M
|poke|p2|Pangoro, M
|poke|p2|Moltres
|poke|p2|Noivern, M
|poke|p2|Bronzong
|rule|Swagger Clause: Swagger is banned
|rule|Baton Pass Clause: Limit one PokÃ©mon knowing Baton Pass
|rule|Sleep Clause Mod: Limit one foe put to sleep
|rule|Species Clause: Limit one of each PokÃ©mon
|rule|OHKO Clause: OHKO moves are banned
|rule|Moody Clause: Moody is banned
|rule|Evasion Moves Clause: Evasion moves are banned
|rule|Endless Battle Clause: Forcing endless battles is banned
|rule|HP Percentage Mod: HP is reported as percentages
|teampreview
|chat|peere|gl hf
|
|start
|switch|p1a: Golem|Golem, F|364\/364
|switch|p2a: Mamoswine|Mamoswine, M|361\/361
|turn|1
|
|switch|p1a: Moltres|Moltres|341\/341
|-ability|p1a: Moltres|Pressure
|move|p2a: Mamoswine|Earthquake|p1a: Moltres
|-immune|p1a: Moltres|[msg]
|
|turn|2
|
|move|p1a: Moltres|Will-O-Wisp|p2a: Mamoswine
|-status|p2a: Mamoswine|brn
|move|p2a: Mamoswine|Stealth Rock|p1a: Moltres
|-sidestart|p1: peere|move: Stealth Rock
|
|-damage|p2a: Mamoswine|316\/361 brn|[from] brn
|turn|3
|
|switch|p2a: Moltres|Moltres|384\/384
|-ability|p2a: Moltres|Pressure
|move|p1a: Moltres|Fire Blast|p2a: Moltres
|-resisted|p2a: Moltres
|-damage|p2a: Moltres|245\/384
|-damage|p1a: Moltres|307\/341|[from] item: Life Orb
|
|turn|4
|
|move|p1a: Moltres|Hurricane|p2a: Moltres|[miss]
|-miss|p1a: Moltres|p2a: Moltres
|move|p2a: Moltres|Hurricane|p1a: Moltres
|-damage|p1a: Moltres|87\/341
|
|turn|5
|
|move|p1a: Moltres|Roost|p1a: Moltres
|-heal|p1a: Moltres|258\/341
|move|p2a: Moltres|Fire Blast|p1a: Moltres
|-resisted|p1a: Moltres
|-damage|p1a: Moltres|130\/341
|
|turn|6
|
|move|p1a: Moltres|Hurricane|p2a: Moltres
|-damage|p2a: Moltres|0 fnt
|-damage|p1a: Moltres|96\/341|[from] item: Life Orb
|faint|p2a: Moltres
|
|
|switch|p2a: Noivern|Noivern, M|311\/311
|turn|7
|
|move|p2a: Noivern|Dark Pulse|p1a: Moltres
|-damage|p1a: Moltres|14\/341
|cant|p1a: Moltres|flinch
|
|turn|8
|
|move|p2a: Noivern|Dark Pulse|p1a: Moltres
|-damage|p1a: Moltres|0 fnt
|faint|p1a: Moltres
|
|
|switch|p1a: Mamoswine|Mamoswine, F|381\/381
|-damage|p1a: Mamoswine|334\/381|[from] Stealth Rock
|turn|9
|
|switch|p2a: Mamoswine|Mamoswine, M|316\/361 brn
|move|p1a: Mamoswine|Knock Off|p2a: Mamoswine
|-damage|p2a: Mamoswine|151\/361 brn
|-enditem|p2a: Mamoswine|Focus Sash|[from] move: Knock Off|[of] p1a: Mamoswine
|
|-damage|p2a: Mamoswine|106\/361 brn|[from] brn
|turn|10
|
|switch|p1a: Celebi|Celebi|341\/341
|-damage|p1a: Celebi|299\/341|[from] Stealth Rock
|move|p2a: Mamoswine|Earthquake|p1a: Celebi
|-resisted|p1a: Celebi
|-damage|p1a: Celebi|251\/341
|
|-damage|p2a: Mamoswine|61\/361 brn|[from] brn
|turn|11
|
|move|p1a: Celebi|Stealth Rock|p2a: Mamoswine
|-sidestart|p2: Haruno|move: Stealth Rock
|move|p2a: Mamoswine|Icicle Crash|p1a: Celebi
|-supereffective|p1a: Celebi
|-damage|p1a: Celebi|93\/341
|
|-damage|p2a: Mamoswine|16\/361 brn|[from] brn
|turn|12
|
|move|p2a: Mamoswine|Ice Shard|p1a: Celebi
|-supereffective|p1a: Celebi
|-damage|p1a: Celebi|15\/341
|move|p1a: Celebi|Earth Power|p2a: Mamoswine
|-damage|p2a: Mamoswine|0 fnt
|-damage|p1a: Celebi|0 fnt|[from] item: Life Orb
|faint|p2a: Mamoswine
|faint|p1a: Celebi
|
|
|switch|p1a: Golem|Golem, F|364\/364
|-damage|p1a: Golem|342\/364|[from] Stealth Rock
|switch|p2a: Bronzong|Bronzong|338\/338
|-damage|p2a: Bronzong|317\/338|[from] Stealth Rock
|turn|13
|
|move|p1a: Golem|Fire Punch|p2a: Bronzong
|-crit|p2a: Bronzong
|-supereffective|p2a: Bronzong
|-damage|p2a: Bronzong|83\/338
|move|p2a: Bronzong|Reflect|p2a: Bronzong
|-sidestart|p2: Haruno|Reflect
|
|-heal|p1a: Golem|364\/364|[from] item: Leftovers
|turn|14
|
|move|p1a: Golem|Fire Punch|p2a: Bronzong
|-supereffective|p2a: Bronzong
|-damage|p2a: Bronzong|6\/338
|move|p2a: Bronzong|Gyro Ball|p1a: Golem
|-supereffective|p1a: Golem
|-damage|p1a: Golem|238\/364
|
|-heal|p1a: Golem|260\/364|[from] item: Leftovers
|turn|15
|
|move|p1a: Golem|Earthquake|p2a: Bronzong
|-immune|p2a: Bronzong|[msg]
|move|p2a: Bronzong|Explosion|p1a: Golem
|-resisted|p1a: Golem
|-damage|p1a: Golem|162\/364
|faint|p2a: Bronzong
|
|-heal|p1a: Golem|184\/364|[from] item: Leftovers
|
|switch|p2a: Pangoro|Pangoro, M|394\/394
|-damage|p2a: Pangoro|370\/394|[from] Stealth Rock
|turn|16
|
|move|p2a: Pangoro|Earthquake|p1a: Golem
|-supereffective|p1a: Golem
|-damage|p1a: Golem|0 fnt
|faint|p1a: Golem
|
|-heal|p2a: Pangoro|394\/394|[from] item: Leftovers
|
|switch|p1a: Mawile|Mawile, M|287\/287
|-damage|p1a: Mawile|270\/287|[from] Stealth Rock
|-ability|p1a: Mawile|Intimidate|[of] p2a: Pangoro
|-unboost|p2a: Pangoro|atk|1
|turn|17
|
|detailschange|p1a: Mawile|Mawile-Mega, M
|message|Mawile has Mega Evolved into Mega Mawile!
|move|p1a: Mawile|Substitute|p1a: Mawile
|-start|p1a: Mawile|Substitute
|-damage|p1a: Mawile|199\/287
|move|p2a: Pangoro|Earthquake|p1a: Mawile
|-crit|p1a: Mawile
|-supereffective|p1a: Mawile
|-end|p1a: Mawile|Substitute
|
|turn|18
|
|move|p1a: Mawile|Play Rough|p2a: Pangoro
|-supereffective|p2a: Pangoro
|-damage|p2a: Pangoro|0 fnt
|faint|p2a: Pangoro
|
|
|switch|p2a: Mawile|Mawile, F|303\/303
|-damage|p2a: Mawile|285\/303|[from] Stealth Rock
|-ability|p2a: Mawile|Intimidate|[of] p1a: Mawile
|-unboost|p1a: Mawile|atk|1
|turn|19
|
|switch|p1a: Pangoro|Pangoro, F|347\/347
|-damage|p1a: Pangoro|326\/347|[from] Stealth Rock
|detailschange|p2a: Mawile|Mawile-Mega, F
|message|Mawile has Mega Evolved into Mega Mawile!
|move|p2a: Mawile|Swords Dance|p2a: Mawile
|-boost|p2a: Mawile|atk|2
|
|turn|20
|
|move|p1a: Pangoro|Parting Shot|p2a: Mawile
|-unboost|p2a: Mawile|atk|1
|-unboost|p2a: Mawile|spa|1
|
|switch|p1a: Mawile|Mawile-Mega, M|199\/287
|-damage|p1a: Mawile|182\/287|[from] Stealth Rock
|move|p2a: Mawile|Iron Head|p1a: Mawile
|-damage|p1a: Mawile|0 fnt
|faint|p1a: Mawile
|
|-sideend|p2: Haruno|Reflect
|
|switch|p1a: Mamoswine|Mamoswine, F|334\/381
|-damage|p1a: Mamoswine|287\/381|[from] Stealth Rock
|turn|21
|
|move|p2a: Mawile|Sucker Punch|p1a: Mamoswine
|-damage|p1a: Mamoswine|0 fnt
|faint|p1a: Mamoswine
|
|
|switch|p1a: Pangoro|Pangoro, F|326\/347
|-damage|p1a: Pangoro|305\/347|[from] Stealth Rock
|turn|22
|
|move|p1a: Pangoro|Sky Uppercut|p2a: Mawile
|-damage|p2a: Mawile|146\/303
|move|p2a: Mawile|Iron Head|p1a: Pangoro
|-crit|p1a: Pangoro
|-damage|p1a: Pangoro|0 fnt
|faint|p1a: Pangoro
|
|win|Haruno
|chat|Haruno|gg
|chat|peere|gg