|join|Aruesh
|join|peere
|player|p1|Aruesh|92
|player|p2|peere|97
|gametype|singles
|gen|6
|tier|OU
|clearpoke
|poke|p1|Venusaur, M
|poke|p1|Quagsire, M
|poke|p1|Chansey, F
|poke|p1|Mew
|poke|p1|Skarmory, F
|poke|p1|Heatran, F
|poke|p2|Talonflame, F
|poke|p2|Ferrothorn, F
|poke|p2|Clefable, M
|poke|p2|Aerodactyl, M
|poke|p2|Rotom-Wash
|poke|p2|Latias, F
|rule|Swagger Clause: Swagger is banned
|rule|Baton Pass Clause: Limit one PokÃ©mon knowing Baton Pass
|rule|Sleep Clause Mod: Limit one foe put to sleep
|rule|Species Clause: Limit one of each PokÃ©mon
|rule|OHKO Clause: OHKO moves are banned
|rule|Moody Clause: Moody is banned
|rule|Evasion Moves Clause: Evasion moves are banned
|rule|Endless Battle Clause: Forcing endless battles is banned
|rule|HP Percentage Mod: HP is shown in percentages
|teampreview
|c|âpeere|buena suerte
|c|âAruesh|igualmente ^^
|
|start
|switch|p1a: Heatran|Heatran, F|344\/344
|switch|p2a: Aerodactyl|Aerodactyl, M|307\/307
|turn|1
|
|switch|p1a: Quagsire|Quagsire, M|394\/394
|detailschange|p2a: Aerodactyl|Aerodactyl-Mega, M
|message|Aerodactyl has Mega Evolved into Mega Aerodactyl!
|move|p2a: Aerodactyl|Earthquake|p1a: Quagsire
|-damage|p1a: Quagsire|293\/394
|
|-heal|p1a: Quagsire|317\/394|[from] item: Leftovers
|turn|2
|
|switch|p2a: Rotom-Wash|Rotom-Wash|303\/303
|move|p1a: Quagsire|Scald|p2a: Rotom-Wash
|-resisted|p2a: Rotom-Wash
|-damage|p2a: Rotom-Wash|273\/303
|
|-heal|p2a: Rotom-Wash|291\/303|[from] item: Leftovers
|-heal|p1a: Quagsire|341\/394|[from] item: Leftovers
|turn|3
|
|move|p2a: Rotom-Wash|Will-O-Wisp|p1a: Quagsire
|-status|p1a: Quagsire|brn
|move|p1a: Quagsire|Toxic|p2a: Rotom-Wash
|-status|p2a: Rotom-Wash|tox
|
|-heal|p2a: Rotom-Wash|303\/303 tox|[from] item: Leftovers
|-heal|p1a: Quagsire|365\/394 brn|[from] item: Leftovers
|-damage|p2a: Rotom-Wash|285\/303 tox|[from] psn
|-damage|p1a: Quagsire|316\/394 brn|[from] brn
|turn|4
|
|switch|p1a: Chansey|Chansey, F|641\/641
|move|p2a: Rotom-Wash|Volt Switch|p1a: Chansey
|-damage|p1a: Chansey|596\/641
|
|switch|p2a: Ferrothorn|Ferrothorn, F|352\/352
|
|turn|5
|
|switch|p1a: Heatran|Heatran, F|344\/344
|move|p2a: Ferrothorn|Thunder Wave|p1a: Heatran
|-status|p1a: Heatran|par
|
|turn|6
|
|move|p2a: Ferrothorn|Knock Off|p1a: Heatran
|-damage|p1a: Heatran|281\/344 par
|-enditem|p1a: Heatran|Leftovers|[from] move: Knock Off|[of] p2a: Ferrothorn
|move|p1a: Heatran|Stealth Rock|p2a: Ferrothorn
|-sidestart|p2: peere|move: Stealth Rock
|
|turn|7
|
|switch|p2a: Latias|Latias, F|364\/364
|-damage|p2a: Latias|319\/364|[from] Stealth Rock
|move|p1a: Heatran|Toxic|p2a: Latias
|-status|p2a: Latias|tox
|
|-heal|p2a: Latias|341\/364 tox|[from] item: Leftovers
|-damage|p2a: Latias|319\/364 tox|[from] psn
|turn|8
|
|switch|p1a: Chansey|Chansey, F|596\/641
|move|p2a: Latias|Defog|p1a: Chansey
|-unboost|p1a: Chansey|evasion|1
|-sideend|p2: peere|Stealth Rock|[from] move: Defog|[of] p2a: Latias
|
|-heal|p2a: Latias|341\/364 tox|[from] item: Leftovers
|-damage|p2a: Latias|297\/364 tox|[from] psn
|turn|9
|
|switch|p2a: Clefable|Clefable, M|394\/394
|move|p1a: Chansey|Heal Bell|p1a: Chansey
|-cureteam|p1a: Chansey|[from] move: HealBell
|
|turn|10
|
|switch|p2a: Talonflame|Talonflame, F|359\/359
|switch|p1a: Venusaur|Venusaur, M|363\/363
|
|turn|11
|
|switch|p2a: Aerodactyl|Aerodactyl-Mega, M|307\/307
|switch|p1a: Heatran|Heatran, F|281\/344
|
|turn|12
|
|switch|p1a: Skarmory|Skarmory, F|334\/334
|move|p2a: Aerodactyl|Earthquake|p1a: Skarmory
|-immune|p1a: Skarmory|[msg]
|
|turn|13
|
|switch|p2a: Rotom-Wash|Rotom-Wash|285\/303 tox
|move|p1a: Skarmory|Spikes|p2a: Rotom-Wash
|-sidestart|p2: peere|Spikes
|
|-heal|p2a: Rotom-Wash|303\/303 tox|[from] item: Leftovers
|-damage|p2a: Rotom-Wash|285\/303 tox|[from] psn
|turn|14
|
|switch|p2a: Talonflame|Talonflame, F|359\/359
|switch|p1a: Chansey|Chansey, F|596\/641
|
|turn|15
|
|move|p2a: Talonflame|Taunt|p1a: Chansey
|-start|p1a: Chansey|move: Taunt
|cant|p1a: Chansey|move: Taunt|Toxic
|
|turn|16
|
|switch|p1a: Heatran|Heatran, F|281\/344
|move|p2a: Talonflame|Will-O-Wisp|p1a: Heatran
|-start|p1a: Heatran|ability: Flash Fire
|
|turn|17
|
|move|p2a: Talonflame|Taunt|p1a: Heatran
|-start|p1a: Heatran|move: Taunt
|move|p1a: Heatran|Lava Plume|p2a: Talonflame
|-resisted|p2a: Talonflame
|-damage|p2a: Talonflame|270\/359
|
|-heal|p2a: Talonflame|292\/359|[from] item: Leftovers
|turn|18
|
|move|p2a: Talonflame|Brave Bird|p1a: Heatran
|-resisted|p1a: Heatran
|-damage|p1a: Heatran|223\/344
|-damage|p2a: Talonflame|273\/359|[from] recoil|[of] p1a: Heatran
|move|p1a: Heatran|Lava Plume|p2a: Talonflame
|-resisted|p2a: Talonflame
|-damage|p2a: Talonflame|186\/359
|
|-heal|p2a: Talonflame|208\/359|[from] item: Leftovers
|turn|19
|
|move|p2a: Talonflame|Roost|p2a: Talonflame
|-heal|p2a: Talonflame|359\/359
|move|p1a: Heatran|Lava Plume|p2a: Talonflame
|-resisted|p2a: Talonflame
|-damage|p2a: Talonflame|268\/359
|
|-heal|p2a: Talonflame|290\/359|[from] item: Leftovers
|-end|p1a: Heatran|move: Taunt
|turn|20
|
|move|p2a: Talonflame|Taunt|p1a: Heatran
|-start|p1a: Heatran|move: Taunt
|cant|p1a: Heatran|move: Taunt|Stealth Rock
|
|-heal|p2a: Talonflame|312\/359|[from] item: Leftovers
|turn|21
|
|move|p2a: Talonflame|Brave Bird|p1a: Heatran
|-resisted|p1a: Heatran
|-damage|p1a: Heatran|166\/344
|-damage|p2a: Talonflame|293\/359|[from] recoil|[of] p1a: Heatran
|move|p1a: Heatran|Lava Plume|p2a: Talonflame
|-resisted|p2a: Talonflame
|-damage|p2a: Talonflame|194\/359
|
|-heal|p2a: Talonflame|216\/359|[from] item: Leftovers
|turn|22
|
|switch|p1a: Mew|Mew|404\/404
|move|p2a: Talonflame|Brave Bird|p1a: Mew
|-damage|p1a: Mew|295\/404
|-damage|p2a: Talonflame|180\/359|[from] recoil|[of] p1a: Mew
|
|-heal|p2a: Talonflame|202\/359|[from] item: Leftovers
|-heal|p1a: Mew|320\/404|[from] item: Leftovers
|turn|23
|
|switch|p2a: Ferrothorn|Ferrothorn, F|352\/352
|-damage|p2a: Ferrothorn|308\/352|[from] Spikes
|move|p1a: Mew|Knock Off|p2a: Ferrothorn
|-damage|p2a: Ferrothorn|262\/352
|-damage|p1a: Mew|270\/404|[from] ability: Iron Barbs|[of] p2a: Ferrothorn
|-damage|p1a: Mew|203\/404|[from] item: Rocky Helmet|[of] p2a: Ferrothorn
|-enditem|p2a: Ferrothorn|Rocky Helmet|[from] move: Knock Off|[of] p1a: Mew
|
|-heal|p1a: Mew|228\/404|[from] item: Leftovers
|turn|24
|
|move|p1a: Mew|Will-O-Wisp|p2a: Ferrothorn
|-status|p2a: Ferrothorn|brn
|move|p2a: Ferrothorn|Knock Off|p1a: Mew
|-supereffective|p1a: Mew
|-damage|p1a: Mew|162\/404
|-enditem|p1a: Mew|Leftovers|[from] move: Knock Off|[of] p2a: Ferrothorn
|
|-damage|p2a: Ferrothorn|218\/352 brn|[from] brn
|turn|25
|
|move|p1a: Mew|Soft-Boiled|p1a: Mew
|-heal|p1a: Mew|364\/404
|move|p2a: Ferrothorn|Leech Seed|p1a: Mew
|-start|p1a: Mew|move: Leech Seed
|
|-damage|p1a: Mew|314\/404|[from] Leech Seed|[of] p2a: Ferrothorn
|-heal|p2a: Ferrothorn|268\/352 brn|[silent]
|-damage|p2a: Ferrothorn|224\/352 brn|[from] brn
|turn|26
|
|switch|p1a: Heatran|Heatran, F|166\/344
|switch|p2a: Clefable|Clefable, M|394\/394
|-damage|p2a: Clefable|345\/394|[from] Spikes
|
|-heal|p2a: Clefable|369\/394|[from] item: Leftovers
|turn|27
|
|move|p1a: Heatran|Stealth Rock|p2a: Clefable
|-sidestart|p2: peere|move: Stealth Rock
|move|p2a: Clefable|Thunder Wave|p1a: Heatran
|-status|p1a: Heatran|par
|
|-heal|p2a: Clefable|393\/394|[from] item: Leftovers
|turn|28
|
|switch|p2a: Latias|Latias, F|297\/364 tox
|-damage|p2a: Latias|252\/364 tox|[from] Stealth Rock
|cant|p1a: Heatran|par
|
|-heal|p2a: Latias|274\/364 tox|[from] item: Leftovers
|-damage|p2a: Latias|252\/364 tox|[from] psn
|turn|29
|
|move|p2a: Latias|Dragon Pulse|p1a: Heatran
|-resisted|p1a: Heatran
|-damage|p1a: Heatran|118\/344 par
|cant|p1a: Heatran|par
|
|-heal|p2a: Latias|274\/364 tox|[from] item: Leftovers
|-damage|p2a: Latias|230\/364 tox|[from] psn
|turn|30
|
|switch|p1a: Mew|Mew|314\/404
|move|p2a: Latias|Defog|p1a: Mew
|-unboost|p1a: Mew|evasion|1
|-sideend|p2: peere|Spikes|[from] move: Defog|[of] p2a: Latias
|-sideend|p2: peere|Stealth Rock|[from] move: Defog|[of] p2a: Latias
|
|-heal|p2a: Latias|252\/364 tox|[from] item: Leftovers
|-damage|p2a: Latias|186\/364 tox|[from] psn
|turn|31
|
|switch|p2a: Rotom-Wash|Rotom-Wash|285\/303 tox
|switch|p1a: Heatran|Heatran, F|118\/344 par
|
|-heal|p2a: Rotom-Wash|303\/303 tox|[from] item: Leftovers
|-damage|p2a: Rotom-Wash|285\/303 tox|[from] psn
|turn|32
|
|move|p1a: Heatran|Protect|p1a: Heatran
|-singleturn|p1a: Heatran|Protect
|move|p2a: Rotom-Wash|Volt Switch|p1a: Heatran
|-activate|p1a: Heatran|Protect
|
|-heal|p2a: Rotom-Wash|303\/303 tox|[from] item: Leftovers
|-damage|p2a: Rotom-Wash|267\/303 tox|[from] psn
|turn|33
|
|switch|p1a: Venusaur|Venusaur, M|363\/363
|move|p2a: Rotom-Wash|Volt Switch|p1a: Venusaur
|-resisted|p1a: Venusaur
|-damage|p1a: Venusaur|318\/363
|
|switch|p2a: Latias|Latias, F|186\/364 tox
|
|-heal|p2a: Latias|208\/364 tox|[from] item: Leftovers
|-damage|p2a: Latias|186\/364 tox|[from] psn
|turn|34
|
|detailschange|p1a: Venusaur|Venusaur-Mega, M
|message|Venusaur has Mega Evolved into Mega Venusaur!
|move|p2a: Latias|Roost|p2a: Latias
|-heal|p2a: Latias|364\/364 tox
|move|p1a: Venusaur|Sludge Bomb|p2a: Latias
|-damage|p2a: Latias|271\/364 tox
|
|-heal|p2a: Latias|293\/364 tox|[from] item: Leftovers
|-damage|p2a: Latias|249\/364 tox|[from] psn
|turn|35
|
|move|p2a: Latias|Dragon Pulse|p1a: Venusaur
|-damage|p1a: Venusaur|216\/363
|move|p1a: Venusaur|Leech Seed|p2a: Latias
|-start|p2a: Latias|move: Leech Seed
|
|-heal|p2a: Latias|271\/364 tox|[from] item: Leftovers
|-damage|p2a: Latias|226\/364 tox|[from] Leech Seed|[of] p1a: Venusaur
|-heal|p1a: Venusaur|261\/363|[silent]
|-damage|p2a: Latias|160\/364 tox|[from] psn
|turn|36
|
|switch|p2a: Ferrothorn|Ferrothorn, F|224\/352 brn
|move|p1a: Venusaur|Leech Seed|p2a: Ferrothorn
|-immune|p2a: Ferrothorn|[msg]
|
|-damage|p2a: Ferrothorn|180\/352 brn|[from] brn
|turn|37
|
|move|p1a: Venusaur|Giga Drain|p2a: Ferrothorn
|-resisted|p2a: Ferrothorn
|-damage|p2a: Ferrothorn|158\/352 brn
|-heal|p1a: Venusaur|272\/363|[from] drain|[of] p2a: Ferrothorn
|move|p2a: Ferrothorn|Thunder Wave|p1a: Venusaur
|-status|p1a: Venusaur|par
|
|-damage|p2a: Ferrothorn|114\/352 brn|[from] brn
|turn|38
|
|switch|p2a: Latias|Latias, F|160\/364 tox
|move|p1a: Venusaur|Sludge Bomb|p2a: Latias
|-damage|p2a: Latias|66\/364 tox
|
|-heal|p2a: Latias|88\/364 tox|[from] item: Leftovers
|-damage|p2a: Latias|66\/364 tox|[from] psn
|turn|39
|
|move|p2a: Latias|Roost|p2a: Latias
|-heal|p2a: Latias|248\/364 tox
|move|p1a: Venusaur|Leech Seed|p2a: Latias
|-start|p2a: Latias|move: Leech Seed
|
|-heal|p2a: Latias|270\/364 tox|[from] item: Leftovers
|-damage|p2a: Latias|225\/364 tox|[from] Leech Seed|[of] p1a: Venusaur
|-heal|p1a: Venusaur|317\/363 par|[silent]
|-damage|p2a: Latias|181\/364 tox|[from] psn
|turn|40
|
|move|p2a: Latias|Roost|p2a: Latias
|-heal|p2a: Latias|363\/364 tox
|move|p1a: Venusaur|Sludge Bomb|p2a: Latias
|-damage|p2a: Latias|269\/364 tox
|
|-heal|p2a: Latias|291\/364 tox|[from] item: Leftovers
|-damage|p2a: Latias|246\/364 tox|[from] Leech Seed|[of] p1a: Venusaur
|-heal|p1a: Venusaur|362\/363 par|[silent]
|-damage|p2a: Latias|180\/364 tox|[from] psn
|turn|41
|
|switch|p2a: Ferrothorn|Ferrothorn, F|114\/352 brn
|cant|p1a: Venusaur|par
|
|-damage|p2a: Ferrothorn|70\/352 brn|[from] brn
|turn|42
|
|switch|p2a: Latias|Latias, F|180\/364 tox
|move|p1a: Venusaur|Sludge Bomb|p2a: Latias
|-damage|p2a: Latias|72\/364 tox
|
|-heal|p2a: Latias|94\/364 tox|[from] item: Leftovers
|-damage|p2a: Latias|72\/364 tox|[from] psn
|turn|43
|
|move|p2a: Latias|Roost|p2a: Latias
|-heal|p2a: Latias|254\/364 tox
|move|p1a: Venusaur|Leech Seed|p2a: Latias
|-start|p2a: Latias|move: Leech Seed
|
|-heal|p2a: Latias|276\/364 tox|[from] item: Leftovers
|-damage|p2a: Latias|231\/364 tox|[from] Leech Seed|[of] p1a: Venusaur
|-heal|p1a: Venusaur|363\/363 par|[silent]
|-damage|p2a: Latias|187\/364 tox|[from] psn
|turn|44
|
|switch|p2a: Ferrothorn|Ferrothorn, F|70\/352 brn
|move|p1a: Venusaur|Sludge Bomb|p2a: Ferrothorn
|-immune|p2a: Ferrothorn|[msg]
|
|-damage|p2a: Ferrothorn|26\/352 brn|[from] brn
|turn|45
|
|move|p2a: Ferrothorn|Leech Seed|p1a: Venusaur
|-immune|p1a: Venusaur|[msg]
|cant|p1a: Venusaur|par
|
|-damage|p2a: Ferrothorn|0 fnt|[from] brn
|faint|p2a: Ferrothorn
|
|switch|p2a: Aerodactyl|Aerodactyl-Mega, M|307\/307
|turn|46
|
|switch|p2a: Talonflame|Talonflame, F|202\/359
|switch|p1a: Skarmory|Skarmory, F|334\/334
|
|-heal|p2a: Talonflame|224\/359|[from] item: Leftovers
|turn|47
|
|move|p2a: Talonflame|Taunt|p1a: Skarmory
|-start|p1a: Skarmory|move: Taunt
|move|p1a: Skarmory|Drill Peck|p2a: Talonflame
|-damage|p2a: Talonflame|118\/359
|
|-heal|p2a: Talonflame|140\/359|[from] item: Leftovers
|turn|48
|
|switch|p1a: Quagsire|Quagsire, M|316\/394
|move|p2a: Talonflame|Roost|p2a: Talonflame
|-heal|p2a: Talonflame|320\/359
|
|-heal|p2a: Talonflame|342\/359|[from] item: Leftovers
|-heal|p1a: Quagsire|340\/394|[from] item: Leftovers
|turn|49
|
|move|p2a: Talonflame|Taunt|p1a: Quagsire
|-start|p1a: Quagsire|move: Taunt
|move|p1a: Quagsire|Scald|p2a: Talonflame
|-supereffective|p2a: Talonflame
|-damage|p2a: Talonflame|208\/359
|
|-heal|p2a: Talonflame|230\/359|[from] item: Leftovers
|-heal|p1a: Quagsire|364\/394|[from] item: Leftovers
|turn|50
|
|move|p2a: Talonflame|Will-O-Wisp|p1a: Quagsire|[miss]
|-miss|p2a: Talonflame|p1a: Quagsire
|move|p1a: Quagsire|Scald|p2a: Talonflame
|-supereffective|p2a: Talonflame
|-damage|p2a: Talonflame|110\/359
|
|-heal|p2a: Talonflame|132\/359|[from] item: Leftovers
|-heal|p1a: Quagsire|388\/394|[from] item: Leftovers
|turn|51
|
|move|p2a: Talonflame|Roost|p2a: Talonflame
|-heal|p2a: Talonflame|312\/359
|move|p1a: Quagsire|Earthquake|p2a: Talonflame
|-supereffective|p2a: Talonflame
|-damage|p2a: Talonflame|54\/359
|
|-heal|p2a: Talonflame|76\/359|[from] item: Leftovers
|-heal|p1a: Quagsire|394\/394|[from] item: Leftovers
|-end|p1a: Quagsire|move: Taunt
|turn|52
|
|switch|p2a: Latias|Latias, F|187\/364 tox
|move|p1a: Quagsire|Scald|p2a: Latias
|-resisted|p2a: Latias
|-damage|p2a: Latias|161\/364 tox
|
|-heal|p2a: Latias|183\/364 tox|[from] item: Leftovers
|-damage|p2a: Latias|161\/364 tox|[from] psn
|turn|53
|
|switch|p1a: Heatran|Heatran, F|118\/344 par
|move|p2a: Latias|Roost|p2a: Latias
|-heal|p2a: Latias|343\/364 tox
|
|-heal|p2a: Latias|364\/364 tox|[from] item: Leftovers
|-damage|p2a: Latias|320\/364 tox|[from] psn
|turn|54
|
|switch|p1a: Chansey|Chansey, F|596\/641
|move|p2a: Latias|Dragon Pulse|p1a: Chansey
|-damage|p1a: Chansey|538\/641
|
|-heal|p2a: Latias|342\/364 tox|[from] item: Leftovers
|-damage|p2a: Latias|276\/364 tox|[from] psn
|turn|55
|
|switch|p2a: Clefable|Clefable, M|393\/394
|move|p1a: Chansey|Heal Bell|p1a: Chansey
|-cureteam|p1a: Chansey|[from] move: HealBell
|
|-heal|p2a: Clefable|394\/394|[from] item: Leftovers
|turn|56
|
|move|p2a: Clefable|Thunder Wave|p1a: Chansey
|-status|p1a: Chansey|par
|move|p1a: Chansey|Toxic|p2a: Clefable
|-status|p2a: Clefable|tox
|
|-damage|p2a: Clefable|370\/394 tox|[from] psn
|turn|57
|
|switch|p1a: Mew|Mew|314\/404
|move|p2a: Clefable|Thunder Wave|p1a: Mew
|-status|p1a: Mew|par
|
|-heal|p2a: Clefable|394\/394 tox|[from] item: Leftovers
|-damage|p2a: Clefable|346\/394 tox|[from] psn
|turn|58
|
|move|p2a: Clefable|Stealth Rock|p1a: Mew
|-sidestart|p1: Aruesh|move: Stealth Rock
|cant|p1a: Mew|par
|
|-heal|p2a: Clefable|370\/394 tox|[from] item: Leftovers
|-damage|p2a: Clefable|298\/394 tox|[from] psn
|turn|59
|
|move|p2a: Clefable|Moonblast|p1a: Mew
|-damage|p1a: Mew|214\/404 par
|cant|p1a: Mew|par
|
|-heal|p2a: Clefable|322\/394 tox|[from] item: Leftovers
|-damage|p2a: Clefable|226\/394 tox|[from] psn
|turn|60
|
|switch|p2a: Talonflame|Talonflame, F|76\/359
|move|p1a: Mew|Soft-Boiled|p1a: Mew
|-heal|p1a: Mew|404\/404 par
|
|-heal|p2a: Talonflame|98\/359|[from] item: Leftovers
|turn|61
|
|move|p2a: Talonflame|Roost|p2a: Talonflame
|-heal|p2a: Talonflame|278\/359
|move|p1a: Mew|Knock Off|p2a: Talonflame
|-damage|p2a: Talonflame|184\/359
|-enditem|p2a: Talonflame|Leftovers|[from] move: Knock Off|[of] p1a: Mew
|
|turn|62
|
|move|p2a: Talonflame|Roost|p2a: Talonflame
|-heal|p2a: Talonflame|359\/359
|move|p1a: Mew|Defog|p2a: Talonflame
|-unboost|p2a: Talonflame|evasion|1
|-sideend|p1: Aruesh|Stealth Rock|[from] move: Defog|[of] p1a: Mew
|
|turn|63
|
|switch|p1a: Skarmory|Skarmory, F|334\/334
|move|p2a: Talonflame|Will-O-Wisp|p1a: Skarmory
|-status|p1a: Skarmory|brn
|
|-damage|p1a: Skarmory|293\/334 brn|[from] brn
|turn|64
|
|switch|p1a: Chansey|Chansey, F|538\/641
|move|p2a: Talonflame|Taunt|p1a: Chansey
|-start|p1a: Chansey|move: Taunt
|
|turn|65
|
|switch|p2a: Aerodactyl|Aerodactyl-Mega, M|307\/307
|switch|p1a: Quagsire|Quagsire, M|394\/394
|
|turn|66
|
|switch|p2a: Clefable|Clefable, M|226\/394 tox
|move|p1a: Quagsire|Scald|p2a: Clefable
|-damage|p2a: Clefable|165\/394 tox
|
|-heal|p2a: Clefable|189\/394 tox|[from] item: Leftovers
|-damage|p2a: Clefable|165\/394 tox|[from] psn
|turn|67
|
|move|p2a: Clefable|Moonlight|p2a: Clefable
|-heal|p2a: Clefable|362\/394 tox
|move|p1a: Quagsire|Earthquake|p2a: Clefable
|-damage|p2a: Clefable|269\/394 tox
|
|-heal|p2a: Clefable|293\/394 tox|[from] item: Leftovers
|-damage|p2a: Clefable|245\/394 tox|[from] psn
|turn|68
|
|switch|p2a: Rotom-Wash|Rotom-Wash|267\/303 tox
|switch|p1a: Chansey|Chansey, F|538\/641
|
|-heal|p2a: Rotom-Wash|285\/303 tox|[from] item: Leftovers
|-damage|p2a: Rotom-Wash|267\/303 tox|[from] psn
|turn|69
|join|casavacia
|join|RestePaisible
|c| casavacia|sois espaÃ±oles?
|c| casavacia|:D
|
|move|p2a: Rotom-Wash|Will-O-Wisp|p1a: Chansey|[miss]
|-miss|p2a: Rotom-Wash|p1a: Chansey
|move|p1a: Chansey|Heal Bell|p1a: Chansey
|-cureteam|p1a: Chansey|[from] move: HealBell
|
|-heal|p2a: Rotom-Wash|285\/303 tox|[from] item: Leftovers
|-damage|p2a: Rotom-Wash|249\/303 tox|[from] psn
|turn|70
|
|move|p2a: Rotom-Wash|Volt Switch|p1a: Chansey
|-damage|p1a: Chansey|492\/641
|
|switch|p2a: Clefable|Clefable, M|245\/394 tox
|move|p1a: Chansey|Seismic Toss|p2a: Clefable
|-damage|p2a: Clefable|145\/394 tox
|
|-heal|p2a: Clefable|169\/394 tox|[from] item: Leftovers
|-damage|p2a: Clefable|145\/394 tox|[from] psn
|turn|71
|leave|RestePaisible
|
|switch|p2a: Aerodactyl|Aerodactyl-Mega, M|307\/307
|move|p1a: Chansey|Seismic Toss|p2a: Aerodactyl
|-damage|p2a: Aerodactyl|207\/307
|
|turn|72
|
|switch|p2a: Clefable|Clefable, M|145\/394 tox
|switch|p1a: Skarmory|Skarmory, F|293\/334
|
|-heal|p1a: Skarmory|313\/334|[from] item: Leftovers
|-heal|p2a: Clefable|169\/394 tox|[from] item: Leftovers
|-damage|p2a: Clefable|145\/394 tox|[from] psn
|turn|73
|
|move|p1a: Skarmory|Drill Peck|p2a: Clefable
|-crit|p2a: Clefable
|-damage|p2a: Clefable|36\/394 tox
|move|p2a: Clefable|Moonlight|p2a: Clefable
|-heal|p2a: Clefable|233\/394 tox
|
|-heal|p1a: Skarmory|333\/334|[from] item: Leftovers
|-heal|p2a: Clefable|257\/394 tox|[from] item: Leftovers
|-damage|p2a: Clefable|209\/394 tox|[from] psn
|turn|74
|
|switch|p2a: Rotom-Wash|Rotom-Wash|249\/303 tox
|move|p1a: Skarmory|Spikes|p2a: Rotom-Wash
|-sidestart|p2: peere|Spikes
|
|-heal|p2a: Rotom-Wash|267\/303 tox|[from] item: Leftovers
|-heal|p1a: Skarmory|334\/334|[from] item: Leftovers
|-damage|p2a: Rotom-Wash|249\/303 tox|[from] psn
|turn|75
|
|switch|p1a: Chansey|Chansey, F|492\/641
|move|p2a: Rotom-Wash|Will-O-Wisp|p1a: Chansey
|-status|p1a: Chansey|brn
|
|-heal|p2a: Rotom-Wash|267\/303 tox|[from] item: Leftovers
|-damage|p2a: Rotom-Wash|231\/303 tox|[from] psn
|-damage|p1a: Chansey|412\/641 brn|[from] brn
|turn|76
|join|Davidelire
|
|move|p2a: Rotom-Wash|Volt Switch|p1a: Chansey
|-damage|p1a: Chansey|370\/641 brn
|
|switch|p2a: Talonflame|Talonflame, F|359\/359
|move|p1a: Chansey|Soft-Boiled|p1a: Chansey
|-heal|p1a: Chansey|641\/641 brn
|
|-damage|p1a: Chansey|561\/641 brn|[from] brn
|turn|77
|
|switch|p1a: Quagsire|Quagsire, M|394\/394
|move|p2a: Talonflame|Taunt|p1a: Quagsire
|-start|p1a: Quagsire|move: Taunt
|
|turn|78
|
|move|p2a: Talonflame|Will-O-Wisp|p1a: Quagsire
|-status|p1a: Quagsire|brn
|move|p1a: Quagsire|Scald|p2a: Talonflame
|-supereffective|p2a: Talonflame
|-damage|p2a: Talonflame|221\/359
|
|-damage|p1a: Quagsire|345\/394 brn|[from] brn
|turn|79
|
|move|p2a: Talonflame|Roost|p2a: Talonflame
|-heal|p2a: Talonflame|359\/359
|move|p1a: Quagsire|Scald|p2a: Talonflame
|-supereffective|p2a: Talonflame
|-damage|p2a: Talonflame|219\/359
|
|-heal|p1a: Quagsire|369\/394 brn|[from] item: Leftovers
|-damage|p1a: Quagsire|320\/394 brn|[from] brn
|turn|80
|
|switch|p2a: Latias|Latias, F|276\/364 tox
|move|p1a: Quagsire|Scald|p2a: Latias
|-resisted|p2a: Latias
|-damage|p2a: Latias|250\/364 tox
|
|-heal|p2a: Latias|272\/364 tox|[from] item: Leftovers
|-heal|p1a: Quagsire|344\/394 brn|[from] item: Leftovers
|-damage|p2a: Latias|250\/364 tox|[from] psn
|-damage|p1a: Quagsire|295\/394 brn|[from] brn
|-end|p1a: Quagsire|move: Taunt
|turn|81
|
|switch|p1a: Venusaur|Venusaur-Mega, M|363\/363
|move|p2a: Latias|Roost|p2a: Latias
|-heal|p2a: Latias|364\/364 tox
|
|-damage|p2a: Latias|320\/364 tox|[from] psn
|turn|82
|
|move|p2a: Latias|Dragon Pulse|p1a: Venusaur
|-damage|p1a: Venusaur|269\/363
|move|p1a: Venusaur|Leech Seed|p2a: Latias
|-start|p2a: Latias|move: Leech Seed
|
|-heal|p2a: Latias|342\/364 tox|[from] item: Leftovers
|-damage|p2a: Latias|297\/364 tox|[from] Leech Seed|[of] p1a: Venusaur
|-heal|p1a: Venusaur|314\/363|[silent]
|-damage|p2a: Latias|231\/364 tox|[from] psn
|turn|83
|
|switch|p2a: Aerodactyl|Aerodactyl-Mega, M|207\/307
|move|p1a: Venusaur|Leech Seed|p2a: Aerodactyl
|-start|p2a: Aerodactyl|move: Leech Seed
|
|-damage|p2a: Aerodactyl|169\/307|[from] Leech Seed|[of] p1a: Venusaur
|-heal|p1a: Venusaur|352\/363|[silent]
|turn|84
|join|idekhowtopokemon
|
|switch|p2a: Latias|Latias, F|231\/364 tox
|move|p1a: Venusaur|Giga Drain|p2a: Latias
|-resisted|p2a: Latias
|-damage|p2a: Latias|192\/364 tox
|-heal|p1a: Venusaur|363\/363|[from] drain|[of] p2a: Latias
|
|-heal|p2a: Latias|214\/364 tox|[from] item: Leftovers
|-damage|p2a: Latias|192\/364 tox|[from] psn
|turn|85
|
|move|p2a: Latias|Roost|p2a: Latias
|-heal|p2a: Latias|364\/364 tox
|move|p1a: Venusaur|Leech Seed|p2a: Latias
|-start|p2a: Latias|move: Leech Seed
|
|-damage|p2a: Latias|319\/364 tox|[from] Leech Seed|[of] p1a: Venusaur
|-damage|p2a: Latias|275\/364 tox|[from] psn
|turn|86
|
|switch|p2a: Aerodactyl|Aerodactyl-Mega, M|169\/307
|move|p1a: Venusaur|Sludge Bomb|p2a: Aerodactyl
|-resisted|p2a: Aerodactyl
|-damage|p2a: Aerodactyl|101\/307
|-status|p2a: Aerodactyl|psn
|
|-damage|p2a: Aerodactyl|63\/307 psn|[from] psn
|turn|87
|
|switch|p2a: Talonflame|Talonflame, F|219\/359
|move|p1a: Venusaur|Leech Seed|p2a: Talonflame
|-start|p2a: Talonflame|move: Leech Seed
|
|-damage|p2a: Talonflame|175\/359|[from] Leech Seed|[of] p1a: Venusaur
|turn|88
|leave|Davidelire
|join|Frikki
|join|Specs weedle 6780
|
|switch|p2a: Rotom-Wash|Rotom-Wash|231\/303 tox
|move|p1a: Venusaur|Sludge Bomb|p2a: Rotom-Wash
|-damage|p2a: Rotom-Wash|113\/303 tox
|
|-heal|p2a: Rotom-Wash|131\/303 tox|[from] item: Leftovers
|-damage|p2a: Rotom-Wash|113\/303 tox|[from] psn
|turn|89
|
|move|p2a: Rotom-Wash|Will-O-Wisp|p1a: Venusaur
|-status|p1a: Venusaur|brn
|move|p1a: Venusaur|Sludge Bomb|p2a: Rotom-Wash
|-damage|p2a: Rotom-Wash|0 fnt
|faint|p2a: Rotom-Wash
|
|-damage|p1a: Venusaur|318\/363 brn|[from] brn
|
|switch|p2a: Talonflame|Talonflame, F|175\/359
|turn|90
|join|iambeetoe
|
|move|p2a: Talonflame|Roost|p2a: Talonflame
|-heal|p2a: Talonflame|355\/359
|move|p1a: Venusaur|Sludge Bomb|p2a: Talonflame
|-damage|p2a: Talonflame|241\/359
|-status|p2a: Talonflame|psn
|
|-damage|p2a: Talonflame|197\/359 psn|[from] psn
|-damage|p1a: Venusaur|273\/363 brn|[from] brn
|turn|91
|
|move|p2a: Talonflame|Brave Bird|p1a: Venusaur
|-supereffective|p1a: Venusaur
|-damage|p1a: Venusaur|127\/363 brn
|-damage|p2a: Talonflame|149\/359 psn|[from] recoil|[of] p1a: Venusaur
|move|p1a: Venusaur|Leech Seed|p2a: Talonflame
|-start|p2a: Talonflame|move: Leech Seed
|
|-damage|p2a: Talonflame|105\/359 psn|[from] Leech Seed|[of] p1a: Venusaur
|-heal|p1a: Venusaur|171\/363 brn|[silent]
|-damage|p2a: Talonflame|61\/359 psn|[from] psn
|-damage|p1a: Venusaur|126\/363 brn|[from] brn
|turn|92
|
|switch|p2a: Aerodactyl|Aerodactyl-Mega, M|63\/307 psn
|switch|p1a: Heatran|Heatran, F|118\/344
|
|-damage|p2a: Aerodactyl|25\/307 psn|[from] psn
|turn|93
|join|Ranger Linkseye
|
|move|p1a: Heatran|Protect|p1a: Heatran
|-singleturn|p1a: Heatran|Protect
|move|p2a: Aerodactyl|Earthquake|p1a: Heatran
|-activate|p1a: Heatran|Protect
|
|-damage|p2a: Aerodactyl|0 fnt|[from] psn
|faint|p2a: Aerodactyl
|
|switch|p2a: Talonflame|Talonflame, F|61\/359 psn
|turn|94
|leave|iambeetoe
|
|move|p2a: Talonflame|Roost|p2a: Talonflame
|-heal|p2a: Talonflame|241\/359 psn
|move|p1a: Heatran|Stealth Rock|p2a: Talonflame
|-sidestart|p2: peere|move: Stealth Rock
|
|-damage|p2a: Talonflame|197\/359 psn|[from] psn
|turn|95
|
|switch|p1a: Mew|Mew|404\/404
|move|p2a: Talonflame|Roost|p2a: Talonflame
|-heal|p2a: Talonflame|359\/359 psn
|
|-damage|p2a: Talonflame|315\/359 psn|[from] psn
|turn|96
|
|move|p2a: Talonflame|Will-O-Wisp|p1a: Mew
|-status|p1a: Mew|brn
|move|p1a: Mew|Knock Off|p2a: Talonflame
|-damage|p2a: Talonflame|283\/359 psn
|
|-damage|p2a: Talonflame|239\/359 psn|[from] psn
|-damage|p1a: Mew|354\/404 brn|[from] brn
|turn|97
|
|move|p2a: Talonflame|Brave Bird|p1a: Mew
|-damage|p1a: Mew|249\/404 brn
|-damage|p2a: Talonflame|204\/359 psn|[from] recoil|[of] p1a: Mew
|move|p1a: Mew|Knock Off|p2a: Talonflame
|-damage|p2a: Talonflame|171\/359 psn
|
|-damage|p2a: Talonflame|127\/359 psn|[from] psn
|-damage|p1a: Mew|199\/404 brn|[from] brn
|turn|98
|
|switch|p1a: Quagsire|Quagsire, M|295\/394 brn
|move|p2a: Talonflame|Taunt|p1a: Quagsire
|-start|p1a: Quagsire|move: Taunt
|
|-heal|p1a: Quagsire|319\/394 brn|[from] item: Leftovers
|-damage|p2a: Talonflame|83\/359 psn|[from] psn
|-damage|p1a: Quagsire|270\/394 brn|[from] brn
|turn|99
|
|move|p2a: Talonflame|Roost|p2a: Talonflame
|-heal|p2a: Talonflame|263\/359 psn
|move|p1a: Quagsire|Scald|p2a: Talonflame
|-supereffective|p2a: Talonflame
|-damage|p2a: Talonflame|131\/359 psn
|
|-heal|p1a: Quagsire|294\/394 brn|[from] item: Leftovers
|-damage|p2a: Talonflame|87\/359 psn|[from] psn
|-damage|p1a: Quagsire|245\/394 brn|[from] brn
|turn|100
|
|switch|p1a: Chansey|Chansey, F|561\/641
|move|p2a: Talonflame|Roost|p2a: Talonflame
|-heal|p2a: Talonflame|267\/359 psn
|
|-damage|p2a: Talonflame|223\/359 psn|[from] psn
|turn|101
|
|move|p2a: Talonflame|Will-O-Wisp|p1a: Chansey|[miss]
|-miss|p2a: Talonflame|p1a: Chansey
|move|p1a: Chansey|Seismic Toss|p2a: Talonflame
|-damage|p2a: Talonflame|123\/359 psn
|
|-damage|p2a: Talonflame|79\/359 psn|[from] psn
|turn|102
|
|move|p2a: Talonflame|Roost|p2a: Talonflame
|-heal|p2a: Talonflame|259\/359 psn
|move|p1a: Chansey|Heal Bell|p1a: Chansey
|-cureteam|p1a: Chansey|[from] move: HealBell
|
|-damage|p2a: Talonflame|215\/359 psn|[from] psn
|turn|103
|
|move|p2a: Talonflame|Will-O-Wisp|p1a: Chansey
|-status|p1a: Chansey|brn
|move|p1a: Chansey|Seismic Toss|p2a: Talonflame
|-damage|p2a: Talonflame|115\/359 psn
|
|-damage|p2a: Talonflame|71\/359 psn|[from] psn
|-damage|p1a: Chansey|481\/641 brn|[from] brn
|turn|104
|
|switch|p1a: Quagsire|Quagsire, M|245\/394
|move|p2a: Talonflame|Roost|p2a: Talonflame
|-heal|p2a: Talonflame|251\/359 psn
|
|-heal|p1a: Quagsire|269\/394|[from] item: Leftovers
|-damage|p2a: Talonflame|207\/359 psn|[from] psn
|turn|105
|
|move|p2a: Talonflame|Brave Bird|p1a: Quagsire
|-damage|p1a: Quagsire|167\/394
|-damage|p2a: Talonflame|173\/359 psn|[from] recoil|[of] p1a: Quagsire
|move|p1a: Quagsire|Scald|p2a: Talonflame
|-supereffective|p2a: Talonflame
|-damage|p2a: Talonflame|41\/359 psn
|
|-heal|p1a: Quagsire|191\/394|[from] item: Leftovers
|-damage|p2a: Talonflame|0 fnt|[from] psn
|faint|p2a: Talonflame
|
|switch|p2a: Clefable|Clefable, M|209\/394 tox
|-damage|p2a: Clefable|160\/394 tox|[from] Stealth Rock
|-damage|p2a: Clefable|111\/394 tox|[from] Spikes
|turn|106
|join|Mowglisroad
|leave|Ranger Linkseye
|leave|Mowglisroad
|
|switch|p1a: Chansey|Chansey, F|481\/641
|move|p2a: Clefable|Moonlight|p2a: Clefable
|-heal|p2a: Clefable|308\/394 tox
|
|-heal|p2a: Clefable|332\/394 tox|[from] item: Leftovers
|-damage|p2a: Clefable|308\/394 tox|[from] psn
|turn|107
|c|âpeere|bueno gg
|c|âAruesh|gg
|leave|Specs weedle 6780
|-message|peere forfeited.
|
|win|Aruesh