|join|peere
|join|ArkaMustang
|player|p1|peere|97
|player|p2|ArkaMustang|40
|gametype|singles
|gen|6
|tier|OU
|rated
|clearpoke
|poke|p1|Chansey, F
|poke|p1|Thundurus, M
|poke|p1|Celebi
|poke|p1|Excadrill, F
|poke|p1|Charizard, M
|poke|p1|Rotom-Wash
|poke|p2|Gothitelle, F
|poke|p2|Gliscor, M
|poke|p2|Chansey, F
|poke|p2|Ditto
|poke|p2|Scizor, M
|poke|p2|Rotom-Wash
|rule|Sleep Clause Mod: Limit one foe put to sleep
|rule|Species Clause: Limit one of each Pokemon
|rule|OHKO Clause: OHKO moves are banned
|rule|Moody Clause: Moody is banned
|rule|Evasion Moves Clause: Evasion moves are banned
|rule|Endless Battle Clause: Forcing endless battles is banned.
|rule|HP Percentage Mod: HP is reported as percentages
|teampreview
|
|start
|switch|p1a: Celebi|Celebi|341\/341
|switch|p2a: Rotom-Wash|Rotom-Wash|304\/304
|turn|1
|
|move|p1a: Celebi|U-turn|p2a: Rotom-Wash
|-damage|p2a: Rotom-Wash|256\/304
|
|switch|p1a: Excadrill|Excadrill, F|361\/361
|-ability|p1a: Excadrill|Mold Breaker
|-item|p1a: Excadrill|Air Balloon
|move|p2a: Rotom-Wash|Volt Switch|p1a: Excadrill
|-immune|p1a: Excadrill|[msg]
|
|-heal|p2a: Rotom-Wash|275\/304|[from] item: Leftovers
|turn|2
|
|switch|p2a: Gliscor|Gliscor, M|354\/354
|move|p1a: Excadrill|Stealth Rock|p2a: Gliscor
|-sidestart|p2: ArkaMustang|move: Stealth Rock
|
|-status|p2a: Gliscor|tox|[from] item: Toxic Orb
|turn|3
|
|move|p1a: Excadrill|Iron Head|p2a: Gliscor
|-damage|p2a: Gliscor|251\/354 tox
|move|p2a: Gliscor|Substitute|p2a: Gliscor
|-start|p2a: Gliscor|Substitute
|-damage|p2a: Gliscor|163\/354 tox
|
|-heal|p2a: Gliscor|207\/354 tox|[from] ability: Poison Heal
|turn|4
|
|move|p2a: Gliscor|Protect|p2a: Gliscor
|-singleturn|p2a: Gliscor|Protect
|move|p1a: Excadrill|Iron Head|p2a: Gliscor
|-activate|p2a: Gliscor|Protect
|
|-heal|p2a: Gliscor|251\/354 tox|[from] ability: Poison Heal
|turn|5
|
|switch|p2a: Scizor|Scizor, M|343\/343
|-damage|p2a: Scizor|301\/343|[from] Stealth Rock
|move|p1a: Excadrill|Iron Head|p2a: Scizor
|-resisted|p2a: Scizor
|-damage|p2a: Scizor|225\/343
|
|turn|6
|
|switch|p1a: Charizard|Charizard, M|359\/359
|detailschange|p2a: Scizor|Scizor-Mega, M
|message|Scizor has Mega Evolved into Mega Scizor!
|move|p2a: Scizor|Knock Off|p1a: Charizard
|-crit|p1a: Charizard
|-damage|p1a: Charizard|248\/359
|
|turn|7
|
|switch|p2a: Rotom-Wash|Rotom-Wash|275\/304
|-damage|p2a: Rotom-Wash|237\/304|[from] Stealth Rock
|detailschange|p1a: Charizard|Charizard-Mega-X, M
|message|Charizard has Mega Evolved into Mega Charizard!
|move|p1a: Charizard|Roost|p1a: Charizard
|-heal|p1a: Charizard|359\/359
|
|-heal|p2a: Rotom-Wash|256\/304|[from] item: Leftovers
|turn|8
|
|move|p1a: Charizard|Will-O-Wisp|p2a: Rotom-Wash
|-status|p2a: Rotom-Wash|brn
|move|p2a: Rotom-Wash|Hydro Pump|p1a: Charizard
|-damage|p1a: Charizard|208\/359
|
|-heal|p2a: Rotom-Wash|275\/304 brn|[from] item: Leftovers
|-damage|p2a: Rotom-Wash|237\/304 brn|[from] brn
|turn|9
|
|move|p1a: Charizard|Roost|p1a: Charizard
|-heal|p1a: Charizard|359\/359
|move|p2a: Rotom-Wash|Hydro Pump|p1a: Charizard
|-damage|p1a: Charizard|191\/359
|
|-heal|p2a: Rotom-Wash|256\/304 brn|[from] item: Leftovers
|-damage|p2a: Rotom-Wash|218\/304 brn|[from] brn
|turn|10
|
|move|p1a: Charizard|Roost|p1a: Charizard
|-heal|p1a: Charizard|359\/359
|move|p2a: Rotom-Wash|Volt Switch|p1a: Charizard
|-resisted|p1a: Charizard
|-damage|p1a: Charizard|309\/359
|
|switch|p2a: Ditto|Ditto|300\/300
|-damage|p2a: Ditto|263\/300|[from] Stealth Rock
|-transform|p2a: Ditto|p1a: Charizard
|
|turn|11
|
|switch|p1a: Chansey|Chansey, F|701\/701
|move|p2a: Ditto|Dragon Claw|p1a: Chansey
|-damage|p1a: Chansey|470\/701
|
|turn|12
|
|switch|p2a: Chansey|Chansey, F|704\/704
|-damage|p2a: Chansey|616\/704|[from] Stealth Rock
|switch|p1a: Celebi|Celebi|341\/341
|
|turn|13
|
|move|p1a: Celebi|Trick|p2a: Chansey
|-activate|p1a: Celebi|move: Trick|[of] p2a: Chansey
|-item|p2a: Chansey|Choice Scarf|[from] move: Trick
|-item|p1a: Celebi|Eviolite|[from] move: Trick
|move|p2a: Chansey|Stealth Rock|p1a: Celebi
|-sidestart|p1: peere|move: Stealth Rock
|
|turn|14
|
|switch|p2a: Scizor|Scizor-Mega, M|225\/343
|-damage|p2a: Scizor|183\/343|[from] Stealth Rock
|move|p1a: Celebi|U-turn|p2a: Scizor
|-resisted|p2a: Scizor
|-damage|p2a: Scizor|168\/343
|
|switch|p1a: Thundurus|Thundurus, M|299\/299
|-damage|p1a: Thundurus|225\/299|[from] Stealth Rock
|
|-heal|p1a: Thundurus|243\/299|[from] item: Leftovers
|turn|15
|
|move|p1a: Thundurus|Bulk Up|p1a: Thundurus
|-boost|p1a: Thundurus|atk|1
|-boost|p1a: Thundurus|def|1
|move|p2a: Scizor|Knock Off|p1a: Thundurus
|-damage|p1a: Thundurus|138\/299
|-enditem|p1a: Thundurus|Leftovers|[from] move: Knock Off|[of] p2a: Scizor
|
|turn|16
|
|move|p1a: Thundurus|Wild Charge|p2a: Scizor
|-damage|p2a: Scizor|9\/343
|-damage|p1a: Thundurus|98\/299|[from] recoil|[of] p2a: Scizor
|move|p2a: Scizor|Roost|p2a: Scizor
|-heal|p2a: Scizor|181\/343
|
|turn|17
|
|switch|p1a: Rotom-Wash|Rotom-Wash|303\/303
|-damage|p1a: Rotom-Wash|266\/303|[from] Stealth Rock
|move|p2a: Scizor|Roost|p2a: Scizor
|-heal|p2a: Scizor|343\/343
|
|-heal|p1a: Rotom-Wash|284\/303|[from] item: Leftovers
|turn|18
|
|switch|p2a: Chansey|Chansey, F|616\/704
|-damage|p2a: Chansey|528\/704|[from] Stealth Rock
|move|p1a: Rotom-Wash|Will-O-Wisp|p2a: Chansey|[miss]
|-miss|p1a: Rotom-Wash|p2a: Chansey
|
|-heal|p1a: Rotom-Wash|302\/303|[from] item: Leftovers
|turn|19
|
|move|p1a: Rotom-Wash|Hydro Pump|p2a: Chansey
|-damage|p2a: Chansey|393\/704
|move|p2a: Chansey|Seismic Toss|p1a: Rotom-Wash
|-damage|p1a: Rotom-Wash|202\/303
|
|-heal|p1a: Rotom-Wash|220\/303|[from] item: Leftovers
|turn|20
|
|move|p1a: Rotom-Wash|Pain Split|p2a: Chansey
|-sethp|p2a: Chansey|306\/704|p1a: Rotom-Wash|303\/303|[from] move: Pain Split
|move|p2a: Chansey|Seismic Toss|p1a: Rotom-Wash
|-damage|p1a: Rotom-Wash|203\/303
|
|-heal|p1a: Rotom-Wash|221\/303|[from] item: Leftovers
|turn|21
|
|move|p1a: Rotom-Wash|Volt Switch|p2a: Chansey
|-damage|p2a: Chansey|221\/704
|
|switch|p1a: Chansey|Chansey, F|470\/701
|-damage|p1a: Chansey|383\/701|[from] Stealth Rock
|move|p2a: Chansey|Seismic Toss|p1a: Chansey
|-damage|p1a: Chansey|283\/701
|
|turn|22
|
|switch|p2a: Gothitelle|Gothitelle, F|282\/282
|-damage|p2a: Gothitelle|247\/282|[from] Stealth Rock
|switch|p1a: Charizard|Charizard-Mega-X, M|309\/359
|-damage|p1a: Charizard|220\/359|[from] Stealth Rock
|
|turn|23
|
|move|p2a: Gothitelle|Psychic|p1a: Charizard
|-damage|p1a: Charizard|48\/359
|move|p1a: Charizard|Roost|p1a: Charizard
|-heal|p1a: Charizard|228\/359
|
|turn|24
|
|move|p2a: Gothitelle|Psychic|p1a: Charizard
|-damage|p1a: Charizard|56\/359
|move|p1a: Charizard|Dragon Claw|p2a: Gothitelle
|-damage|p2a: Gothitelle|90\/282
|
|turn|25
|
|move|p2a: Gothitelle|Psychic|p1a: Charizard
|-damage|p1a: Charizard|0 fnt
|faint|p1a: Charizard
|
|
|switch|p1a: Chansey|Chansey, F|283\/701
|-damage|p1a: Chansey|196\/701|[from] Stealth Rock
|turn|26
|
|switch|p2a: Rotom-Wash|Rotom-Wash|218\/304 brn
|-damage|p2a: Rotom-Wash|180\/304 brn|[from] Stealth Rock
|move|p1a: Chansey|Soft-Boiled|p1a: Chansey
|-heal|p1a: Chansey|547\/701
|
|-heal|p2a: Rotom-Wash|199\/304 brn|[from] item: Leftovers
|-damage|p2a: Rotom-Wash|161\/304 brn|[from] brn
|turn|27
|
|move|p2a: Rotom-Wash|Pain Split|p1a: Chansey
|-sethp|p1a: Chansey|354\/701|p2a: Rotom-Wash|304\/304 brn|[from] move: Pain Split
|move|p1a: Chansey|Thunder Wave|p2a: Rotom-Wash
|-fail|p2a: Rotom-Wash
|
|-damage|p2a: Rotom-Wash|266\/304 brn|[from] brn
|turn|28
|
|move|p2a: Rotom-Wash|Volt Switch|p1a: Chansey
|-damage|p1a: Chansey|302\/701
|
|switch|p2a: Gothitelle|Gothitelle, F|90\/282
|-damage|p2a: Gothitelle|55\/282|[from] Stealth Rock
|move|p1a: Chansey|Thunder Wave|p2a: Gothitelle
|-status|p2a: Gothitelle|par
|
|turn|29
|
|move|p1a: Chansey|Seismic Toss|p2a: Gothitelle
|-damage|p2a: Gothitelle|0 fnt
|faint|p2a: Gothitelle
|
|
|switch|p2a: Scizor|Scizor-Mega, M|343\/343
|-damage|p2a: Scizor|301\/343|[from] Stealth Rock
|turn|30
|
|switch|p1a: Thundurus|Thundurus, M|98\/299
|-damage|p1a: Thundurus|24\/299|[from] Stealth Rock
|move|p2a: Scizor|Knock Off|p1a: Thundurus
|-crit|p1a: Thundurus
|-damage|p1a: Thundurus|0 fnt
|faint|p1a: Thundurus
|
|
|switch|p1a: Rotom-Wash|Rotom-Wash|221\/303
|-damage|p1a: Rotom-Wash|184\/303|[from] Stealth Rock
|turn|31
|
|switch|p2a: Rotom-Wash|Rotom-Wash|266\/304 brn
|-damage|p2a: Rotom-Wash|228\/304 brn|[from] Stealth Rock
|move|p1a: Rotom-Wash|Pain Split|p2a: Rotom-Wash
|-sethp|p2a: Rotom-Wash|206\/304 brn|p1a: Rotom-Wash|206\/303|[from] move: Pain Split
|
|-heal|p1a: Rotom-Wash|224\/303|[from] item: Leftovers
|-heal|p2a: Rotom-Wash|225\/304 brn|[from] item: Leftovers
|-damage|p2a: Rotom-Wash|187\/304 brn|[from] brn
|turn|32
|
|move|p2a: Rotom-Wash|Will-O-Wisp|p1a: Rotom-Wash
|-status|p1a: Rotom-Wash|brn
|move|p1a: Rotom-Wash|Volt Switch|p2a: Rotom-Wash
|-damage|p2a: Rotom-Wash|124\/304 brn
|
|switch|p1a: Chansey|Chansey, F|302\/701
|-damage|p1a: Chansey|215\/701|[from] Stealth Rock
|
|-heal|p2a: Rotom-Wash|143\/304 brn|[from] item: Leftovers
|-damage|p2a: Rotom-Wash|105\/304 brn|[from] brn
|turn|33
|
|move|p2a: Rotom-Wash|Pain Split|p1a: Chansey
|-sethp|p1a: Chansey|160\/701|p2a: Rotom-Wash|160\/304 brn|[from] move: Pain Split
|move|p1a: Chansey|Soft-Boiled|p1a: Chansey
|-heal|p1a: Chansey|511\/701
|
|-heal|p2a: Rotom-Wash|179\/304 brn|[from] item: Leftovers
|-damage|p2a: Rotom-Wash|141\/304 brn|[from] brn
|turn|34
|
|move|p2a: Rotom-Wash|Pain Split|p1a: Chansey
|-sethp|p1a: Chansey|326\/701|p2a: Rotom-Wash|304\/304 brn|[from] move: Pain Split
|move|p1a: Chansey|Wish|p1a: Chansey
|
|-damage|p2a: Rotom-Wash|266\/304 brn|[from] brn
|turn|35
|
|move|p2a: Rotom-Wash|Volt Switch|p1a: Chansey
|-damage|p1a: Chansey|275\/701
|
|switch|p2a: Scizor|Scizor-Mega, M|301\/343
|-damage|p2a: Scizor|259\/343|[from] Stealth Rock
|move|p1a: Chansey|Seismic Toss|p2a: Scizor
|-damage|p2a: Scizor|159\/343
|
|-heal|p1a: Chansey|625\/701|[from] move: Wish|[wisher] Chansey
|turn|36
|
|move|p2a: Scizor|Roost|p2a: Scizor
|-heal|p2a: Scizor|331\/343
|move|p1a: Chansey|Wish|p1a: Chansey
|
|turn|37
|
|switch|p1a: Rotom-Wash|Rotom-Wash|224\/303 brn
|-damage|p1a: Rotom-Wash|187\/303 brn|[from] Stealth Rock
|move|p2a: Scizor|Knock Off|p1a: Rotom-Wash
|-damage|p1a: Rotom-Wash|107\/303 brn
|-enditem|p1a: Rotom-Wash|Leftovers|[from] move: Knock Off|[of] p2a: Scizor
|
|-heal|p1a: Rotom-Wash|303\/303 brn|[from] move: Wish|[wisher] Chansey
|-damage|p1a: Rotom-Wash|266\/303 brn|[from] brn
|turn|38
|
|switch|p2a: Chansey|Chansey, F|221\/704
|-damage|p2a: Chansey|133\/704|[from] Stealth Rock
|move|p1a: Rotom-Wash|Volt Switch|p2a: Chansey
|-damage|p2a: Chansey|51\/704
|
|switch|p1a: Excadrill|Excadrill, F|361\/361
|-damage|p1a: Excadrill|350\/361|[from] Stealth Rock
|-ability|p1a: Excadrill|Mold Breaker
|-item|p1a: Excadrill|Air Balloon
|
|turn|39
|
|move|p1a: Excadrill|Rapid Spin|p2a: Chansey
|-damage|p2a: Chansey|0 fnt
|-sideend|p1: peere|Stealth Rock|[from] move: Rapid Spin|[of] p1a: Excadrill
|faint|p2a: Chansey
|
|
|switch|p2a: Scizor|Scizor-Mega, M|331\/343
|-damage|p2a: Scizor|289\/343|[from] Stealth Rock
|turn|40
|
|switch|p1a: Rotom-Wash|Rotom-Wash|266\/303 brn
|move|p2a: Scizor|Knock Off|p1a: Rotom-Wash
|-damage|p1a: Rotom-Wash|212\/303 brn
|
|-damage|p1a: Rotom-Wash|175\/303 brn|[from] brn
|turn|41
|
|switch|p2a: Rotom-Wash|Rotom-Wash|266\/304 brn
|-damage|p2a: Rotom-Wash|228\/304 brn|[from] Stealth Rock
|move|p1a: Rotom-Wash|Pain Split|p2a: Rotom-Wash
|-sethp|p2a: Rotom-Wash|201\/304 brn|p1a: Rotom-Wash|201\/303 brn|[from] move: Pain Split
|
|-heal|p2a: Rotom-Wash|220\/304 brn|[from] item: Leftovers
|-damage|p2a: Rotom-Wash|182\/304 brn|[from] brn
|-damage|p1a: Rotom-Wash|164\/303 brn|[from] brn
|turn|42
|
|switch|p1a: Celebi|Celebi|341\/341
|move|p2a: Rotom-Wash|Will-O-Wisp|p1a: Celebi
|-status|p1a: Celebi|brn
|
|-heal|p2a: Rotom-Wash|201\/304 brn|[from] item: Leftovers
|-damage|p1a: Celebi|299\/341 brn|[from] brn
|-damage|p2a: Rotom-Wash|163\/304 brn|[from] brn
|turn|43
|
|switch|p2a: Scizor|Scizor-Mega, M|289\/343
|-damage|p2a: Scizor|247\/343|[from] Stealth Rock
|move|p1a: Celebi|U-turn|p2a: Scizor
|-resisted|p2a: Scizor
|-damage|p2a: Scizor|238\/343
|
|switch|p1a: Rotom-Wash|Rotom-Wash|164\/303 brn
|
|-damage|p1a: Rotom-Wash|127\/303 brn|[from] brn
|turn|44
|
|switch|p2a: Rotom-Wash|Rotom-Wash|163\/304 brn
|-damage|p2a: Rotom-Wash|125\/304 brn|[from] Stealth Rock
|move|p1a: Rotom-Wash|Will-O-Wisp|p2a: Rotom-Wash
|-fail|p2a: Rotom-Wash|brn
|
|-heal|p2a: Rotom-Wash|144\/304 brn|[from] item: Leftovers
|-damage|p1a: Rotom-Wash|90\/303 brn|[from] brn
|-damage|p2a: Rotom-Wash|106\/304 brn|[from] brn
|turn|45
|
|switch|p1a: Chansey|Chansey, F|625\/701
|move|p2a: Rotom-Wash|Volt Switch|p1a: Chansey
|-damage|p1a: Chansey|574\/701
|
|switch|p2a: Scizor|Scizor-Mega, M|238\/343
|-damage|p2a: Scizor|196\/343|[from] Stealth Rock
|
|turn|46
|
|move|p2a: Scizor|Knock Off|p1a: Chansey
|-damage|p1a: Chansey|399\/701
|-enditem|p1a: Chansey|Eviolite|[from] move: Knock Off|[of] p2a: Scizor
|move|p1a: Chansey|Thunder Wave|p2a: Scizor
|-status|p2a: Scizor|par
|
|turn|47
|
|move|p1a: Chansey|Soft-Boiled|p1a: Chansey
|-heal|p1a: Chansey|701\/701
|move|p2a: Scizor|Roost|p2a: Scizor
|-heal|p2a: Scizor|343\/343 par
|
|turn|48
|
|move|p1a: Chansey|Wish|p1a: Chansey
|move|p2a: Scizor|Swords Dance|p2a: Scizor
|-boost|p2a: Scizor|atk|2
|
|turn|49
|
|move|p1a: Chansey|Seismic Toss|p2a: Scizor
|-damage|p2a: Scizor|243\/343 par
|move|p2a: Scizor|Knock Off|p1a: Chansey
|-damage|p1a: Chansey|341\/701
|
|-heal|p1a: Chansey|691\/701|[from] move: Wish|[wisher] Chansey
|turn|50
|
|move|p1a: Chansey|Seismic Toss|p2a: Scizor
|-damage|p2a: Scizor|143\/343 par
|move|p2a: Scizor|Roost|p2a: Scizor
|-heal|p2a: Scizor|315\/343 par
|
|turn|51
|
|move|p1a: Chansey|Seismic Toss|p2a: Scizor
|-damage|p2a: Scizor|215\/343 par
|move|p2a: Scizor|Swords Dance|p2a: Scizor
|-boost|p2a: Scizor|atk|2
|
|turn|52
|
|switch|p1a: Rotom-Wash|Rotom-Wash|90\/303 brn
|move|p2a: Scizor|Roost|p2a: Scizor
|-heal|p2a: Scizor|343\/343 par
|
|-damage|p1a: Rotom-Wash|53\/303 brn|[from] brn
|turn|53
|
|move|p1a: Rotom-Wash|Pain Split|p2a: Scizor
|-sethp|p2a: Scizor|198\/343 par|p1a: Rotom-Wash|198\/303 brn|[from] move: Pain Split
|cant|p2a: Scizor|par
|
|-damage|p1a: Rotom-Wash|161\/303 brn|[from] brn
|turn|54
|
|move|p1a: Rotom-Wash|Hydro Pump|p2a: Scizor
|-damage|p2a: Scizor|86\/343 par
|move|p2a: Scizor|Roost|p2a: Scizor
|-heal|p2a: Scizor|258\/343 par
|
|-damage|p1a: Rotom-Wash|124\/303 brn|[from] brn
|turn|55
|
|move|p1a: Rotom-Wash|Pain Split|p2a: Scizor
|-sethp|p2a: Scizor|191\/343 par|p1a: Rotom-Wash|191\/303 brn|[from] move: Pain Split
|cant|p2a: Scizor|par
|
|-damage|p1a: Rotom-Wash|154\/303 brn|[from] brn
|turn|56
|
|move|p1a: Rotom-Wash|Hydro Pump|p2a: Scizor
|-damage|p2a: Scizor|71\/343 par
|move|p2a: Scizor|Roost|p2a: Scizor
|-heal|p2a: Scizor|243\/343 par
|
|-damage|p1a: Rotom-Wash|117\/303 brn|[from] brn
|turn|57
|
|move|p1a: Rotom-Wash|Pain Split|p2a: Scizor
|-sethp|p2a: Scizor|180\/343 par|p1a: Rotom-Wash|180\/303 brn|[from] move: Pain Split
|move|p2a: Scizor|Roost|p2a: Scizor
|-heal|p2a: Scizor|343\/343 par
|
|-damage|p1a: Rotom-Wash|143\/303 brn|[from] brn
|turn|58
|
|move|p1a: Rotom-Wash|Pain Split|p2a: Scizor
|-sethp|p2a: Scizor|243\/343 par|p1a: Rotom-Wash|243\/303 brn|[from] move: Pain Split
|cant|p2a: Scizor|par
|
|-damage|p1a: Rotom-Wash|206\/303 brn|[from] brn
|turn|59
|
|move|p1a: Rotom-Wash|Hydro Pump|p2a: Scizor
|-damage|p2a: Scizor|125\/343 par
|move|p2a: Scizor|Roost|p2a: Scizor
|-heal|p2a: Scizor|297\/343 par
|
|-damage|p1a: Rotom-Wash|169\/303 brn|[from] brn
|turn|60
|
|move|p1a: Rotom-Wash|Pain Split|p2a: Scizor
|-sethp|p2a: Scizor|233\/343 par|p1a: Rotom-Wash|233\/303 brn|[from] move: Pain Split
|move|p2a: Scizor|Knock Off|p1a: Rotom-Wash
|-damage|p1a: Rotom-Wash|76\/303 brn
|
|-damage|p1a: Rotom-Wash|39\/303 brn|[from] brn
|turn|61
|
|move|p2a: Scizor|Bullet Punch|p1a: Rotom-Wash
|-resisted|p1a: Rotom-Wash
|-damage|p1a: Rotom-Wash|0 fnt
|faint|p1a: Rotom-Wash
|
|
|switch|p1a: Excadrill|Excadrill, F|350\/361
|-ability|p1a: Excadrill|Mold Breaker
|-item|p1a: Excadrill|Air Balloon
|turn|62
|
|move|p2a: Scizor|Bullet Punch|p1a: Excadrill
|-resisted|p1a: Excadrill
|-damage|p1a: Excadrill|89\/361
|-enditem|p1a: Excadrill|Air Balloon
|move|p1a: Excadrill|Earthquake|p2a: Scizor
|-damage|p2a: Scizor|103\/343 par
|
|turn|63
|
|move|p2a: Scizor|Bullet Punch|p1a: Excadrill
|-resisted|p1a: Excadrill
|-damage|p1a: Excadrill|0 fnt
|faint|p1a: Excadrill
|
|
|switch|p1a: Chansey|Chansey, F|691\/701
|turn|64
|
|move|p1a: Chansey|Seismic Toss|p2a: Scizor
|-damage|p2a: Scizor|3\/343 par
|move|p2a: Scizor|Roost|p2a: Scizor
|-heal|p2a: Scizor|175\/343 par
|
|turn|65
|
|move|p1a: Chansey|Seismic Toss|p2a: Scizor
|-damage|p2a: Scizor|75\/343 par
|move|p2a: Scizor|Roost|p2a: Scizor
|-heal|p2a: Scizor|247\/343 par
|
|turn|66
|
|move|p1a: Chansey|Seismic Toss|p2a: Scizor
|-damage|p2a: Scizor|147\/343 par
|move|p2a: Scizor|Roost|p2a: Scizor
|-heal|p2a: Scizor|319\/343 par
|
|turn|67
|
|move|p1a: Chansey|Seismic Toss|p2a: Scizor
|-damage|p2a: Scizor|219\/343 par
|cant|p2a: Scizor|par
|
|turn|68
|
|move|p1a: Chansey|Seismic Toss|p2a: Scizor
|-damage|p2a: Scizor|119\/343 par
|move|p2a: Scizor|Roost|p2a: Scizor
|-heal|p2a: Scizor|291\/343 par
|
|turn|69
|
|move|p1a: Chansey|Seismic Toss|p2a: Scizor
|-damage|p2a: Scizor|191\/343 par
|move|p2a: Scizor|Swords Dance|p2a: Scizor
|-boost|p2a: Scizor|atk|2
|
|turn|70
|
|move|p1a: Chansey|Seismic Toss|p2a: Scizor
|-damage|p2a: Scizor|91\/343 par
|move|p2a: Scizor|Roost|p2a: Scizor
|-heal|p2a: Scizor|263\/343 par
|
|turn|71
|
|move|p2a: Scizor|Bullet Punch|p1a: Chansey
|-damage|p1a: Chansey|0 fnt
|faint|p1a: Chansey
|
|
|switch|p1a: Celebi|Celebi|299\/341
|turn|72
|
|move|p2a: Scizor|Bullet Punch|p1a: Celebi
|-damage|p1a: Celebi|0 fnt
|faint|p1a: Celebi
|
|win|ArkaMustang
|raw|Ladder updating...
|raw|peere's rating: 1748 &rarr; <strong>1721<\/strong><br \/>(-27 for losing)
|raw|ArkaMustang's rating: 1626 &rarr; <strong>1653<\/strong><br \/>(+27 for winning)
|leave|peere
|player|p1