|join|haterss gonna hate
|join|peere
|player|p1|haterss gonna hate|289
|player|p2|peere|97
|gametype|singles
|gen|6
|tier|OU
|rated
|clearpoke
|poke|p1|Chansey, F
|poke|p1|Keldeo
|poke|p1|Heatran, M
|poke|p1|Skarmory, F
|poke|p1|Bisharp, M
|poke|p1|Venusaur, F
|poke|p2|Chansey, F
|poke|p2|Thundurus, M
|poke|p2|Celebi
|poke|p2|Excadrill, F
|poke|p2|Charizard, M
|poke|p2|Rotom-Wash
|rule|Swagger Clause: Swagger is banned
|rule|Baton Pass Clause: Limit one PokÃ©mon knowing Baton Pass
|rule|Sleep Clause Mod: Limit one foe put to sleep
|rule|Species Clause: Limit one of each PokÃ©mon
|rule|OHKO Clause: OHKO moves are banned
|rule|Moody Clause: Moody is banned
|rule|Evasion Moves Clause: Evasion moves are banned
|rule|Endless Battle Clause: Forcing endless battles is banned
|rule|HP Percentage Mod: HP is reported as percentages
|teampreview
|
|start
|switch|p1a: Heatran|Heatran, M|340\/340
|switch|p2a: Rotom-Wash|Rotom-Wash|303\/303
|-item|p1a: Heatran|Air Balloon
|turn|1
|
|move|p1a: Heatran|Stealth Rock|p2a: Rotom-Wash
|-sidestart|p2: peere|move: Stealth Rock
|move|p2a: Rotom-Wash|Volt Switch|p1a: Heatran
|-damage|p1a: Heatran|252\/340
|-enditem|p1a: Heatran|Air Balloon
|
|switch|p2a: Chansey|Chansey, F|698\/698
|-damage|p2a: Chansey|611\/698|[from] Stealth Rock
|
|turn|2
|
|switch|p1a: Bisharp|Bisharp, M|334\/334
|move|p2a: Chansey|Wish|p2a: Chansey
|
|turn|3
|
|switch|p2a: Charizard|Charizard, M|359\/359
|-damage|p2a: Charizard|180\/359|[from] Stealth Rock
|move|p1a: Bisharp|Swords Dance|p1a: Bisharp
|-boost|p1a: Bisharp|atk|2
|
|-heal|p2a: Charizard|359\/359|[from] move: Wish|[wisher] Chansey
|turn|4
|
|switch|p1a: Chansey|Chansey, F|685\/685
|detailschange|p2a: Charizard|Charizard-Mega-X, M
|message|Charizard has Mega Evolved into Mega Charizard!
|move|p2a: Charizard|Will-O-Wisp|p1a: Chansey
|-status|p1a: Chansey|brn
|
|-damage|p1a: Chansey|600\/685 brn|[from] brn
|turn|5
|
|switch|p2a: Excadrill|Excadrill, F|361\/361
|-damage|p2a: Excadrill|350\/361|[from] Stealth Rock
|-ability|p2a: Excadrill|Mold Breaker
|-item|p2a: Excadrill|Air Balloon
|switch|p1a: Keldeo|Keldeo|323\/323
|
|turn|6
|
|switch|p1a: Heatran|Heatran, M|252\/340
|switch|p2a: Celebi|Celebi|341\/341
|-damage|p2a: Celebi|299\/341|[from] Stealth Rock
|
|turn|7
|
|switch|p2a: Chansey|Chansey, F|611\/698
|-damage|p2a: Chansey|524\/698|[from] Stealth Rock
|move|p1a: Heatran|Toxic|p2a: Chansey
|-status|p2a: Chansey|tox
|
|-damage|p2a: Chansey|481\/698 tox|[from] psn
|turn|8
|
|switch|p2a: Excadrill|Excadrill, F|350\/361
|-damage|p2a: Excadrill|339\/361|[from] Stealth Rock
|-ability|p2a: Excadrill|Mold Breaker
|-item|p2a: Excadrill|Air Balloon
|move|p1a: Heatran|Taunt|p2a: Excadrill
|-start|p2a: Excadrill|move: Taunt
|
|turn|9
|
|switch|p2a: Charizard|Charizard-Mega-X, M|359\/359
|-damage|p2a: Charizard|270\/359|[from] Stealth Rock
|move|p1a: Heatran|Fire Blast|p2a: Charizard
|-resisted|p2a: Charizard
|-damage|p2a: Charizard|225\/359
|
|turn|10
|
|move|p1a: Heatran|Toxic|p2a: Charizard
|-status|p2a: Charizard|tox
|move|p2a: Charizard|Earthquake|p1a: Heatran
|-supereffective|p1a: Heatran
|-damage|p1a: Heatran|0 fnt
|faint|p1a: Heatran
|
|-damage|p2a: Charizard|203\/359 tox|[from] psn
|
|switch|p1a: Keldeo|Keldeo|323\/323
|turn|11
|
|switch|p2a: Celebi|Celebi|299\/341
|-damage|p2a: Celebi|257\/341|[from] Stealth Rock
|move|p1a: Keldeo|Calm Mind|p1a: Keldeo
|-boost|p1a: Keldeo|spa|1
|-boost|p1a: Keldeo|spd|1
|
|turn|12
|
|move|p2a: Celebi|Leaf Storm|p1a: Keldeo
|-supereffective|p1a: Keldeo
|-damage|p1a: Keldeo|63\/323
|-unboost|p2a: Celebi|spa|2
|move|p1a: Keldeo|Hidden Power|p2a: Celebi
|-supereffective|p2a: Celebi
|-damage|p2a: Celebi|33\/341
|
|-heal|p1a: Keldeo|83\/323|[from] item: Leftovers
|turn|13
|
|switch|p2a: Excadrill|Excadrill, F|339\/361
|-damage|p2a: Excadrill|328\/361|[from] Stealth Rock
|-ability|p2a: Excadrill|Mold Breaker
|-item|p2a: Excadrill|Air Balloon
|switch|p1a: Skarmory|Skarmory, F|334\/334
|
|turn|14
|
|move|p2a: Excadrill|Stealth Rock|p1a: Skarmory
|-sidestart|p1: haterss gonna hate|move: Stealth Rock
|move|p1a: Skarmory|Spikes|p2a: Excadrill
|-sidestart|p2: peere|Spikes
|
|turn|15
|
|move|p2a: Excadrill|Rapid Spin|p1a: Skarmory
|-resisted|p1a: Skarmory
|-damage|p1a: Skarmory|326\/334
|-damage|p2a: Excadrill|268\/361|[from] item: Rocky Helmet|[of] p1a: Skarmory
|-sideend|p2: peere|Spikes|[from] move: Rapid Spin|[of] p2a: Excadrill
|-sideend|p2: peere|Stealth Rock|[from] move: Rapid Spin|[of] p2a: Excadrill
|move|p1a: Skarmory|Brave Bird|p2a: Excadrill
|-resisted|p2a: Excadrill
|-damage|p2a: Excadrill|173\/361
|-enditem|p2a: Excadrill|Air Balloon
|-damage|p1a: Skarmory|295\/334|[from] recoil|[of] p2a: Excadrill
|
|turn|16
|
|switch|p2a: Thundurus|Thundurus, M|299\/299
|move|p1a: Skarmory|Spikes|p2a: Thundurus
|-sidestart|p2: peere|Spikes
|
|turn|17
|
|switch|p1a: Chansey|Chansey, F|600\/685
|-damage|p1a: Chansey|515\/685|[from] Stealth Rock
|move|p2a: Thundurus|Bulk Up|p2a: Thundurus
|-boost|p2a: Thundurus|atk|1
|-boost|p2a: Thundurus|def|1
|
|turn|18
|
|switch|p1a: Venusaur|Venusaur, F|364\/364
|-damage|p1a: Venusaur|319\/364|[from] Stealth Rock
|move|p2a: Thundurus|Knock Off|p1a: Venusaur
|-damage|p1a: Venusaur|229\/364
|
|turn|19
|
|detailschange|p1a: Venusaur|Venusaur-Mega, F
|message|Venusaur has Mega Evolved into Mega Venusaur!
|move|p2a: Thundurus|Fly|p1a: Venusaur|[still]
|-prepare|p2a: Thundurus|Fly|p1a: Venusaur
|move|p1a: Venusaur|Leech Seed|p2a: Thundurus|[miss]
|-miss|p1a: Venusaur|p2a: Thundurus
|
|turn|20
|
|switch|p1a: Skarmory|Skarmory, F|295\/334
|-damage|p1a: Skarmory|254\/334|[from] Stealth Rock
|move|p2a: Thundurus|Fly|p1a: Skarmory
|-resisted|p1a: Skarmory
|-damage|p1a: Skarmory|179\/334
|-damage|p2a: Thundurus|250\/299|[from] item: Rocky Helmet|[of] p1a: Skarmory
|
|-heal|p2a: Thundurus|268\/299|[from] item: Leftovers
|turn|21
|
|switch|p1a: Venusaur|Venusaur-Mega, F|229\/364
|-damage|p1a: Venusaur|184\/364|[from] Stealth Rock
|move|p2a: Thundurus|Fly|p1a: Venusaur|[still]
|-prepare|p2a: Thundurus|Fly|p1a: Venusaur
|
|-heal|p2a: Thundurus|286\/299|[from] item: Leftovers
|turn|22
|
|switch|p1a: Skarmory|Skarmory, F|179\/334
|-damage|p1a: Skarmory|138\/334|[from] Stealth Rock
|move|p2a: Thundurus|Fly|p1a: Skarmory
|-resisted|p1a: Skarmory
|-damage|p1a: Skarmory|72\/334
|-damage|p2a: Thundurus|237\/299|[from] item: Rocky Helmet|[of] p1a: Skarmory
|
|-heal|p2a: Thundurus|255\/299|[from] item: Leftovers
|turn|23
|
|move|p2a: Thundurus|Knock Off|p1a: Skarmory
|-damage|p1a: Skarmory|0 fnt
|-damage|p2a: Thundurus|206\/299|[from] item: Rocky Helmet|[of] p1a: Skarmory
|-enditem|p1a: Skarmory|Rocky Helmet|[from] move: Knock Off|[of] p2a: Thundurus
|faint|p1a: Skarmory
|
|-heal|p2a: Thundurus|224\/299|[from] item: Leftovers
|
|switch|p1a: Venusaur|Venusaur-Mega, F|184\/364
|-damage|p1a: Venusaur|139\/364|[from] Stealth Rock
|turn|24
|
|switch|p1a: Bisharp|Bisharp, M|334\/334
|-damage|p1a: Bisharp|314\/334|[from] Stealth Rock
|move|p2a: Thundurus|Fly|p1a: Bisharp|[still]
|-prepare|p2a: Thundurus|Fly|p1a: Bisharp
|
|-heal|p2a: Thundurus|242\/299|[from] item: Leftovers
|-heal|p1a: Bisharp|334\/334|[from] item: Leftovers
|turn|25
|
|move|p2a: Thundurus|Fly|p1a: Bisharp
|-resisted|p1a: Bisharp
|-damage|p1a: Bisharp|218\/334
|move|p1a: Bisharp|Knock Off|p2a: Thundurus
|-damage|p2a: Thundurus|85\/299
|-enditem|p2a: Thundurus|Leftovers|[from] move: Knock Off|[of] p1a: Bisharp
|
|-heal|p1a: Bisharp|238\/334|[from] item: Leftovers
|turn|26
|
|switch|p2a: Rotom-Wash|Rotom-Wash|303\/303
|move|p1a: Bisharp|Sucker Punch|p2a: Rotom-Wash
|-fail|p2a: Rotom-Wash
|
|-heal|p1a: Bisharp|258\/334|[from] item: Leftovers
|turn|27
|
|switch|p1a: Chansey|Chansey, F|515\/685
|-damage|p1a: Chansey|430\/685|[from] Stealth Rock
|move|p2a: Rotom-Wash|Will-O-Wisp|p1a: Chansey
|-status|p1a: Chansey|brn
|
|-damage|p1a: Chansey|345\/685 brn|[from] brn
|turn|28
|
|move|p2a: Rotom-Wash|Volt Switch|p1a: Chansey
|-damage|p1a: Chansey|296\/685 brn
|
|switch|p2a: Excadrill|Excadrill, F|173\/361
|-damage|p2a: Excadrill|128\/361|[from] Spikes
|-ability|p2a: Excadrill|Mold Breaker
|move|p1a: Chansey|Thunder Wave|p2a: Excadrill
|-immune|p2a: Excadrill|[msg]
|
|-damage|p1a: Chansey|211\/685 brn|[from] brn
|turn|29
|
|move|p2a: Excadrill|Earthquake|p1a: Chansey
|-crit|p1a: Chansey
|-damage|p1a: Chansey|0 fnt
|faint|p1a: Chansey
|
|
|switch|p1a: Keldeo|Keldeo|83\/323
|-damage|p1a: Keldeo|63\/323|[from] Stealth Rock
|turn|30
|
|move|p1a: Keldeo|Secret Sword|p2a: Excadrill
|-supereffective|p2a: Excadrill
|-damage|p2a: Excadrill|0 fnt
|faint|p2a: Excadrill
|
|-heal|p1a: Keldeo|83\/323|[from] item: Leftovers
|
|switch|p2a: Rotom-Wash|Rotom-Wash|303\/303
|turn|31
|
|switch|p1a: Venusaur|Venusaur-Mega, F|139\/364
|-damage|p1a: Venusaur|94\/364|[from] Stealth Rock
|move|p2a: Rotom-Wash|Volt Switch|p1a: Venusaur
|-resisted|p1a: Venusaur
|-damage|p1a: Venusaur|59\/364
|
|switch|p2a: Thundurus|Thundurus, M|85\/299
|
|turn|32
|
|move|p2a: Thundurus|Knock Off|p1a: Venusaur
|-damage|p1a: Venusaur|14\/364
|move|p1a: Venusaur|Synthesis|p1a: Venusaur
|-heal|p1a: Venusaur|196\/364
|
|turn|33
|
|move|p2a: Thundurus|Fly|p1a: Venusaur|[still]
|-prepare|p2a: Thundurus|Fly|p1a: Venusaur
|move|p1a: Venusaur|Leech Seed|p2a: Thundurus|[miss]
|-miss|p1a: Venusaur|p2a: Thundurus
|
|turn|34
|
|switch|p1a: Bisharp|Bisharp, M|258\/334
|-damage|p1a: Bisharp|238\/334|[from] Stealth Rock
|move|p2a: Thundurus|Fly|p1a: Bisharp
|-resisted|p1a: Bisharp
|-damage|p1a: Bisharp|167\/334
|
|-heal|p1a: Bisharp|187\/334|[from] item: Leftovers
|turn|35
|
|switch|p2a: Celebi|Celebi|33\/341
|-damage|p2a: Celebi|0 fnt|[from] Spikes
|faint|p2a: Celebi
|move|p1a: Bisharp|Swords Dance|p1a: Bisharp
|-boost|p1a: Bisharp|atk|2
|
|-heal|p1a: Bisharp|207\/334|[from] item: Leftovers
|
|switch|p2a: Rotom-Wash|Rotom-Wash|303\/303
|turn|36
|
|move|p2a: Rotom-Wash|Hydro Pump|p1a: Bisharp
|-damage|p1a: Bisharp|36\/334
|move|p1a: Bisharp|Knock Off|p2a: Rotom-Wash
|-damage|p2a: Rotom-Wash|60\/303
|-enditem|p2a: Rotom-Wash|Leftovers|[from] move: Knock Off|[of] p1a: Bisharp
|
|-heal|p1a: Bisharp|56\/334|[from] item: Leftovers
|turn|37
|
|switch|p1a: Venusaur|Venusaur-Mega, F|196\/364
|-damage|p1a: Venusaur|151\/364|[from] Stealth Rock
|move|p2a: Rotom-Wash|Will-O-Wisp|p1a: Venusaur
|-status|p1a: Venusaur|brn
|
|-damage|p1a: Venusaur|106\/364 brn|[from] brn
|turn|38
|
|switch|p2a: Charizard|Charizard-Mega-X, M|203\/359 tox
|-damage|p2a: Charizard|159\/359 tox|[from] Spikes
|move|p1a: Venusaur|Synthesis|p1a: Venusaur
|-heal|p1a: Venusaur|288\/364 brn
|
|-damage|p2a: Charizard|137\/359 tox|[from] psn
|-damage|p1a: Venusaur|243\/364 brn|[from] brn
|turn|39
|
|move|p2a: Charizard|Dragon Claw|p1a: Venusaur
|-damage|p1a: Venusaur|146\/364 brn
|move|p1a: Venusaur|Leech Seed|p2a: Charizard
|-start|p2a: Charizard|move: Leech Seed
|
|-damage|p2a: Charizard|93\/359 tox|[from] Leech Seed|[of] p1a: Venusaur
|-heal|p1a: Venusaur|190\/364 brn|[silent]
|-damage|p2a: Charizard|49\/359 tox|[from] psn
|-damage|p1a: Venusaur|145\/364 brn|[from] brn
|turn|40
|
|switch|p2a: Chansey|Chansey, F|481\/698
|-damage|p2a: Chansey|394\/698|[from] Spikes
|move|p1a: Venusaur|Synthesis|p1a: Venusaur
|-heal|p1a: Venusaur|327\/364 brn
|
|-damage|p1a: Venusaur|282\/364 brn|[from] brn
|turn|41
|
|switch|p2a: Charizard|Charizard-Mega-X, M|49\/359 tox
|-damage|p2a: Charizard|5\/359 tox|[from] Spikes
|move|p1a: Venusaur|Leech Seed|p2a: Charizard
|-start|p2a: Charizard|move: Leech Seed
|
|-damage|p2a: Charizard|0 fnt|[from] Leech Seed|[of] p1a: Venusaur
|-heal|p1a: Venusaur|287\/364 brn|[silent]
|-damage|p1a: Venusaur|242\/364 brn|[from] brn
|faint|p2a: Charizard
|
|switch|p2a: Rotom-Wash|Rotom-Wash|60\/303
|turn|42
|
|move|p2a: Rotom-Wash|Pain Split|p1a: Venusaur
|-sethp|p1a: Venusaur|151\/364 brn|p2a: Rotom-Wash|151\/303|[from] move: Pain Split
|move|p1a: Venusaur|Giga Drain|p2a: Rotom-Wash
|-supereffective|p2a: Rotom-Wash
|-damage|p2a: Rotom-Wash|0 fnt
|-heal|p1a: Venusaur|227\/364 brn|[from] drain|[of] p2a: Rotom-Wash
|faint|p2a: Rotom-Wash
|
|-damage|p1a: Venusaur|182\/364 brn|[from] brn
|
|switch|p2a: Thundurus|Thundurus, M|85\/299
|turn|43
|
|move|p2a: Thundurus|Bulk Up|p2a: Thundurus
|-boost|p2a: Thundurus|atk|1
|-boost|p2a: Thundurus|def|1
|move|p1a: Venusaur|Synthesis|p1a: Venusaur
|-heal|p1a: Venusaur|364\/364 brn
|
|-damage|p1a: Venusaur|319\/364 brn|[from] brn
|turn|44
|
|move|p2a: Thundurus|Fly|p1a: Venusaur|[still]
|-prepare|p2a: Thundurus|Fly|p1a: Venusaur
|move|p1a: Venusaur|Giga Drain|p2a: Thundurus|[miss]
|-miss|p1a: Venusaur|p2a: Thundurus
|
|-damage|p1a: Venusaur|274\/364 brn|[from] brn
|turn|45
|
|move|p2a: Thundurus|Fly|p1a: Venusaur
|-supereffective|p1a: Venusaur
|-damage|p1a: Venusaur|14\/364 brn
|move|p1a: Venusaur|Giga Drain|p2a: Thundurus
|-resisted|p2a: Thundurus
|-damage|p2a: Thundurus|22\/299
|-heal|p1a: Venusaur|46\/364 brn|[from] drain|[of] p2a: Thundurus
|
|-damage|p1a: Venusaur|1\/364 brn|[from] brn
|turn|46
|
|move|p2a: Thundurus|Fly|p1a: Venusaur|[still]
|-prepare|p2a: Thundurus|Fly|p1a: Venusaur
|move|p1a: Venusaur|Giga Drain|p2a: Thundurus|[miss]
|-miss|p1a: Venusaur|p2a: Thundurus
|
|-damage|p1a: Venusaur|0 fnt|[from] brn
|faint|p1a: Venusaur
|
|switch|p1a: Keldeo|Keldeo|83\/323
|-damage|p1a: Keldeo|63\/323|[from] Stealth Rock
|turn|47
|
|move|p2a: Thundurus|Fly|p1a: Keldeo
|-supereffective|p1a: Keldeo
|-damage|p1a: Keldeo|0 fnt
|faint|p1a: Keldeo
|
|
|switch|p1a: Bisharp|Bisharp, M|56\/334
|-damage|p1a: Bisharp|36\/334|[from] Stealth Rock
|turn|48
|
|move|p2a: Thundurus|Wild Charge|p1a: Bisharp
|-damage|p1a: Bisharp|0 fnt
|-damage|p2a: Thundurus|13\/299|[from] recoil|[of] p1a: Bisharp
|faint|p1a: Bisharp
|
|win|peere
|raw|Ladder updating...
|raw|haterss gonna hate's rating: 1883 &rarr; <strong>1855<\/strong><br \/>(-28 for losing)
|raw|peere's rating: 1739 &rarr; <strong>1767<\/strong><br \/>(+28 for winning)
|chat|peere|gg wp
|leave|haterss gonna hate
|player|p1