|join|Prodigy Roxan
|join|peere
|player|p1|Prodigy Roxan|287
|player|p2|peere|97
|gametype|singles
|gen|6
|tier|OU
|rated
|clearpoke
|poke|p1|Ferrothorn, F
|poke|p1|Heatran, F
|poke|p1|Gothitelle, M
|poke|p1|Landorus-Therian, M
|poke|p1|Scizor, M
|poke|p1|Chansey, F
|poke|p2|Chansey, F
|poke|p2|Thundurus, M
|poke|p2|Celebi
|poke|p2|Excadrill, F
|poke|p2|Charizard, M
|poke|p2|Rotom-Wash
|rule|Swagger Clause: Swagger is banned
|rule|Baton Pass Clause: Limit one PokÃ©mon knowing Baton Pass
|rule|Sleep Clause Mod: Limit one foe put to sleep
|rule|Species Clause: Limit one of each PokÃ©mon
|rule|OHKO Clause: OHKO moves are banned
|rule|Moody Clause: Moody is banned
|rule|Evasion Moves Clause: Evasion moves are banned
|rule|Endless Battle Clause: Forcing endless battles is banned
|rule|HP Percentage Mod: HP is reported as percentages
|teampreview
|
|start
|switch|p1a: Landorus-Therian|Landorus-Therian, M|345\/345
|switch|p2a: Charizard|Charizard, M|359\/359
|-ability|p1a: Landorus-Therian|Intimidate|[of] p2a: Charizard
|-unboost|p2a: Charizard|atk|1
|turn|1
|
|switch|p1a: Chansey|Chansey, F|704\/704
|detailschange|p2a: Charizard|Charizard-Mega-X, M
|message|Charizard has Mega Evolved into Mega Charizard!
|move|p2a: Charizard|Will-O-Wisp|p1a: Chansey|[miss]
|-miss|p2a: Charizard|p1a: Chansey
|
|turn|2
|
|switch|p2a: Excadrill|Excadrill, F|361\/361
|-ability|p2a: Excadrill|Mold Breaker
|-item|p2a: Excadrill|Air Balloon
|move|p1a: Chansey|Stealth Rock|p2a: Excadrill
|-sidestart|p2: peere|move: Stealth Rock
|
|turn|3
|
|switch|p1a: Landorus-Therian|Landorus-Therian, M|345\/345
|-ability|p1a: Landorus-Therian|Intimidate|[of] p2a: Excadrill
|-unboost|p2a: Excadrill|atk|1
|move|p2a: Excadrill|Rapid Spin|p1a: Landorus-Therian
|-damage|p1a: Landorus-Therian|327\/345
|-sideend|p2: peere|Stealth Rock|[from] move: Rapid Spin|[of] p2a: Excadrill
|
|-heal|p1a: Landorus-Therian|345\/345|[from] item: Leftovers
|turn|4
|
|switch|p2a: Rotom-Wash|Rotom-Wash|303\/303
|move|p1a: Landorus-Therian|U-turn|p2a: Rotom-Wash
|-damage|p2a: Rotom-Wash|238\/303
|
|switch|p1a: Chansey|Chansey, F|704\/704
|
|-heal|p2a: Rotom-Wash|256\/303|[from] item: Leftovers
|turn|5
|
|move|p2a: Rotom-Wash|Volt Switch|p1a: Chansey
|-damage|p1a: Chansey|652\/704
|
|switch|p2a: Excadrill|Excadrill, F|361\/361
|-ability|p2a: Excadrill|Mold Breaker
|-item|p2a: Excadrill|Air Balloon
|move|p1a: Chansey|Stealth Rock|p2a: Excadrill
|-sidestart|p2: peere|move: Stealth Rock
|
|turn|6
|
|move|p2a: Excadrill|Rapid Spin|p1a: Chansey
|-damage|p1a: Chansey|618\/704
|-sideend|p2: peere|Stealth Rock|[from] move: Rapid Spin|[of] p2a: Excadrill
|move|p1a: Chansey|Seismic Toss|p2a: Excadrill
|-damage|p2a: Excadrill|261\/361
|-enditem|p2a: Excadrill|Air Balloon
|
|turn|7
|
|move|p2a: Excadrill|Stealth Rock|p1a: Chansey
|-sidestart|p1: Prodigy Roxan|move: Stealth Rock
|move|p1a: Chansey|Seismic Toss|p2a: Excadrill
|-damage|p2a: Excadrill|161\/361
|
|turn|8
|
|switch|p2a: Chansey|Chansey, F|701\/701
|move|p1a: Chansey|Seismic Toss|p2a: Chansey
|-damage|p2a: Chansey|601\/701
|
|turn|9
|
|switch|p1a: Gothitelle|Gothitelle, M|344\/344
|-damage|p1a: Gothitelle|301\/344|[from] Stealth Rock
|move|p2a: Chansey|Wish|p2a: Chansey
|
|turn|10
|
|move|p1a: Gothitelle|Trick|p2a: Chansey
|-activate|p1a: Gothitelle|move: Trick|[of] p2a: Chansey
|-item|p2a: Chansey|Choice Scarf|[from] move: Trick
|-item|p1a: Gothitelle|Eviolite|[from] move: Trick
|move|p2a: Chansey|Seismic Toss|p1a: Gothitelle
|-damage|p1a: Gothitelle|201\/344
|
|-heal|p2a: Chansey|701\/701|[from] move: Wish|[wisher] Chansey
|turn|11
|
|move|p2a: Chansey|Seismic Toss|p1a: Gothitelle
|-damage|p1a: Gothitelle|101\/344
|move|p1a: Gothitelle|Rest|p1a: Gothitelle
|-status|p1a: Gothitelle|slp
|-heal|p1a: Gothitelle|344\/344 slp|[silent]
|-status|p1a: Gothitelle|slp|[from] move: Rest
|
|turn|12
|
|move|p2a: Chansey|Seismic Toss|p1a: Gothitelle
|-damage|p1a: Gothitelle|244\/344 slp
|cant|p1a: Gothitelle|slp
|
|turn|13
|
|move|p2a: Chansey|Seismic Toss|p1a: Gothitelle
|-damage|p1a: Gothitelle|144\/344 slp
|cant|p1a: Gothitelle|slp
|
|turn|14
|
|move|p2a: Chansey|Seismic Toss|p1a: Gothitelle
|-damage|p1a: Gothitelle|44\/344 slp
|-curestatus|p1a: Gothitelle|slp
|move|p1a: Gothitelle|Rest|p1a: Gothitelle
|-status|p1a: Gothitelle|slp
|-heal|p1a: Gothitelle|344\/344 slp|[silent]
|-status|p1a: Gothitelle|slp|[from] move: Rest
|
|turn|15
|
|move|p2a: Chansey|Seismic Toss|p1a: Gothitelle
|-damage|p1a: Gothitelle|244\/344 slp
|cant|p1a: Gothitelle|slp
|
|turn|16
|
|move|p2a: Chansey|Seismic Toss|p1a: Gothitelle
|-damage|p1a: Gothitelle|144\/344 slp
|cant|p1a: Gothitelle|slp
|
|turn|17
|
|move|p2a: Chansey|Seismic Toss|p1a: Gothitelle
|-damage|p1a: Gothitelle|44\/344 slp
|-curestatus|p1a: Gothitelle|slp
|move|p1a: Gothitelle|Rest|p1a: Gothitelle
|-status|p1a: Gothitelle|slp
|-heal|p1a: Gothitelle|344\/344 slp|[silent]
|-status|p1a: Gothitelle|slp|[from] move: Rest
|
|turn|18
|
|move|p2a: Chansey|Seismic Toss|p1a: Gothitelle
|-damage|p1a: Gothitelle|244\/344 slp
|cant|p1a: Gothitelle|slp
|
|turn|19
|
|move|p2a: Chansey|Seismic Toss|p1a: Gothitelle
|-damage|p1a: Gothitelle|144\/344 slp
|cant|p1a: Gothitelle|slp
|
|turn|20
|
|move|p2a: Chansey|Seismic Toss|p1a: Gothitelle
|-damage|p1a: Gothitelle|44\/344 slp
|-curestatus|p1a: Gothitelle|slp
|move|p1a: Gothitelle|Rest|p1a: Gothitelle
|-status|p1a: Gothitelle|slp
|-heal|p1a: Gothitelle|344\/344 slp|[silent]
|-status|p1a: Gothitelle|slp|[from] move: Rest
|
|turn|21
|
|move|p2a: Chansey|Seismic Toss|p1a: Gothitelle
|-damage|p1a: Gothitelle|244\/344 slp
|cant|p1a: Gothitelle|slp
|
|turn|22
|
|move|p2a: Chansey|Seismic Toss|p1a: Gothitelle
|-damage|p1a: Gothitelle|144\/344 slp
|cant|p1a: Gothitelle|slp
|
|turn|23
|
|move|p2a: Chansey|Seismic Toss|p1a: Gothitelle
|-damage|p1a: Gothitelle|44\/344 slp
|-curestatus|p1a: Gothitelle|slp
|move|p1a: Gothitelle|Rest|p1a: Gothitelle
|-status|p1a: Gothitelle|slp
|-heal|p1a: Gothitelle|344\/344 slp|[silent]
|-status|p1a: Gothitelle|slp|[from] move: Rest
|
|turn|24
|
|move|p2a: Chansey|Seismic Toss|p1a: Gothitelle
|-damage|p1a: Gothitelle|244\/344 slp
|cant|p1a: Gothitelle|slp
|
|turn|25
|
|move|p2a: Chansey|Seismic Toss|p1a: Gothitelle
|-damage|p1a: Gothitelle|144\/344 slp
|cant|p1a: Gothitelle|slp
|
|turn|26
|
|move|p2a: Chansey|Seismic Toss|p1a: Gothitelle
|-damage|p1a: Gothitelle|44\/344 slp
|-curestatus|p1a: Gothitelle|slp
|move|p1a: Gothitelle|Rest|p1a: Gothitelle
|-status|p1a: Gothitelle|slp
|-heal|p1a: Gothitelle|344\/344 slp|[silent]
|-status|p1a: Gothitelle|slp|[from] move: Rest
|
|turn|27
|
|move|p2a: Chansey|Seismic Toss|p1a: Gothitelle
|-damage|p1a: Gothitelle|244\/344 slp
|cant|p1a: Gothitelle|slp
|
|turn|28
|
|move|p2a: Chansey|Seismic Toss|p1a: Gothitelle
|-damage|p1a: Gothitelle|144\/344 slp
|cant|p1a: Gothitelle|slp
|
|turn|29
|
|move|p2a: Chansey|Seismic Toss|p1a: Gothitelle
|-damage|p1a: Gothitelle|44\/344 slp
|-curestatus|p1a: Gothitelle|slp
|move|p1a: Gothitelle|Rest|p1a: Gothitelle
|-status|p1a: Gothitelle|slp
|-heal|p1a: Gothitelle|344\/344 slp|[silent]
|-status|p1a: Gothitelle|slp|[from] move: Rest
|
|turn|30
|
|move|p2a: Chansey|Seismic Toss|p1a: Gothitelle
|-damage|p1a: Gothitelle|244\/344 slp
|cant|p1a: Gothitelle|slp
|
|turn|31
|
|move|p2a: Chansey|Seismic Toss|p1a: Gothitelle
|-damage|p1a: Gothitelle|144\/344 slp
|cant|p1a: Gothitelle|slp
|
|turn|32
|
|move|p2a: Chansey|Seismic Toss|p1a: Gothitelle
|-damage|p1a: Gothitelle|44\/344 slp
|-curestatus|p1a: Gothitelle|slp
|move|p1a: Gothitelle|Rest|p1a: Gothitelle
|-status|p1a: Gothitelle|slp
|-heal|p1a: Gothitelle|344\/344 slp|[silent]
|-status|p1a: Gothitelle|slp|[from] move: Rest
|
|turn|33
|
|move|p2a: Chansey|Seismic Toss|p1a: Gothitelle
|-damage|p1a: Gothitelle|244\/344 slp
|cant|p1a: Gothitelle|slp
|
|turn|34
|
|move|p2a: Chansey|Seismic Toss|p1a: Gothitelle
|-damage|p1a: Gothitelle|144\/344 slp
|cant|p1a: Gothitelle|slp
|
|turn|35
|
|move|p2a: Chansey|Seismic Toss|p1a: Gothitelle
|-damage|p1a: Gothitelle|44\/344 slp
|-curestatus|p1a: Gothitelle|slp
|move|p1a: Gothitelle|Rest|p1a: Gothitelle
|-status|p1a: Gothitelle|slp
|-heal|p1a: Gothitelle|344\/344 slp|[silent]
|-status|p1a: Gothitelle|slp|[from] move: Rest
|
|turn|36
|
|move|p2a: Chansey|Seismic Toss|p1a: Gothitelle
|-damage|p1a: Gothitelle|244\/344 slp
|cant|p1a: Gothitelle|slp
|
|turn|37
|
|move|p2a: Chansey|Seismic Toss|p1a: Gothitelle
|-damage|p1a: Gothitelle|144\/344 slp
|cant|p1a: Gothitelle|slp
|
|turn|38
|
|move|p2a: Chansey|Seismic Toss|p1a: Gothitelle
|-damage|p1a: Gothitelle|44\/344 slp
|-curestatus|p1a: Gothitelle|slp
|move|p1a: Gothitelle|Rest|p1a: Gothitelle
|-status|p1a: Gothitelle|slp
|-heal|p1a: Gothitelle|344\/344 slp|[silent]
|-status|p1a: Gothitelle|slp|[from] move: Rest
|
|turn|39
|
|move|p2a: Chansey|Seismic Toss|p1a: Gothitelle
|-damage|p1a: Gothitelle|244\/344 slp
|cant|p1a: Gothitelle|slp
|
|turn|40
|
|move|p2a: Chansey|Seismic Toss|p1a: Gothitelle
|-damage|p1a: Gothitelle|144\/344 slp
|cant|p1a: Gothitelle|slp
|
|turn|41
|
|move|p2a: Chansey|Seismic Toss|p1a: Gothitelle
|-damage|p1a: Gothitelle|44\/344 slp
|-curestatus|p1a: Gothitelle|slp
|move|p1a: Gothitelle|Rest|p1a: Gothitelle
|-status|p1a: Gothitelle|slp
|-heal|p1a: Gothitelle|344\/344 slp|[silent]
|-status|p1a: Gothitelle|slp|[from] move: Rest
|
|turn|42
|
|-activate|p2a: Chansey|move: Struggle
|move|p2a: Chansey|Struggle|p1a: Gothitelle
|-damage|p1a: Gothitelle|338\/344 slp
|-damage|p2a: Chansey|526\/701
|cant|p1a: Gothitelle|slp
|
|turn|43
|
|-activate|p2a: Chansey|move: Struggle
|move|p2a: Chansey|Struggle|p1a: Gothitelle
|-damage|p1a: Gothitelle|332\/344 slp
|-damage|p2a: Chansey|351\/701
|cant|p1a: Gothitelle|slp
|
|turn|44
|
|-activate|p2a: Chansey|move: Struggle
|move|p2a: Chansey|Struggle|p1a: Gothitelle
|-crit|p1a: Gothitelle
|-damage|p1a: Gothitelle|323\/344 slp
|-damage|p2a: Chansey|176\/701
|-curestatus|p1a: Gothitelle|slp
|move|p1a: Gothitelle|Calm Mind|p1a: Gothitelle
|-boost|p1a: Gothitelle|spa|1
|-boost|p1a: Gothitelle|spd|1
|
|turn|45
|
|-activate|p2a: Chansey|move: Struggle
|move|p2a: Chansey|Struggle|p1a: Gothitelle
|-damage|p1a: Gothitelle|317\/344
|-damage|p2a: Chansey|1\/701
|move|p1a: Gothitelle|Trick|p2a: Chansey
|-activate|p1a: Gothitelle|move: Trick|[of] p2a: Chansey
|-item|p2a: Chansey|Eviolite|[from] move: Trick
|-item|p1a: Gothitelle|Choice Scarf|[from] move: Trick
|
|turn|46
|
|move|p1a: Gothitelle|Psychic|p2a: Chansey
|-damage|p2a: Chansey|0 fnt
|faint|p2a: Chansey
|
|
|switch|p2a: Celebi|Celebi|341\/341
|turn|47
|
|switch|p1a: Chansey|Chansey, F|618\/704
|-damage|p1a: Chansey|530\/704|[from] Stealth Rock
|move|p2a: Celebi|U-turn|p1a: Chansey
|-damage|p1a: Chansey|462\/704
|
|switch|p2a: Excadrill|Excadrill, F|161\/361
|-ability|p2a: Excadrill|Mold Breaker
|
|turn|48
|
|move|p2a: Excadrill|Iron Head|p1a: Chansey
|-damage|p1a: Chansey|251\/704
|cant|p1a: Chansey|flinch
|
|turn|49
|
|switch|p1a: Landorus-Therian|Landorus-Therian, M|345\/345
|-damage|p1a: Landorus-Therian|302\/345|[from] Stealth Rock
|-ability|p1a: Landorus-Therian|Intimidate|[of] p2a: Excadrill
|-unboost|p2a: Excadrill|atk|1
|move|p2a: Excadrill|Earthquake|p1a: Landorus-Therian
|-immune|p1a: Landorus-Therian|[msg]
|
|-heal|p1a: Landorus-Therian|323\/345|[from] item: Leftovers
|turn|50
|
|switch|p2a: Rotom-Wash|Rotom-Wash|256\/303
|move|p1a: Landorus-Therian|U-turn|p2a: Rotom-Wash
|-damage|p2a: Rotom-Wash|183\/303
|
|switch|p1a: Chansey|Chansey, F|251\/704
|-damage|p1a: Chansey|163\/704|[from] Stealth Rock
|
|-heal|p2a: Rotom-Wash|201\/303|[from] item: Leftovers
|turn|51
|
|move|p2a: Rotom-Wash|Volt Switch|p1a: Chansey
|-damage|p1a: Chansey|103\/704
|
|switch|p2a: Excadrill|Excadrill, F|161\/361
|-ability|p2a: Excadrill|Mold Breaker
|move|p1a: Chansey|Soft-Boiled|p1a: Chansey
|-heal|p1a: Chansey|455\/704
|
|turn|52
|
|switch|p1a: Ferrothorn|Ferrothorn, F|352\/352
|-damage|p1a: Ferrothorn|330\/352|[from] Stealth Rock
|move|p2a: Excadrill|Iron Head|p1a: Ferrothorn
|-resisted|p1a: Ferrothorn
|-damage|p1a: Ferrothorn|285\/352
|-damage|p2a: Excadrill|116\/361|[from] ability: Iron Barbs|[of] p1a: Ferrothorn
|
|-heal|p1a: Ferrothorn|307\/352|[from] item: Leftovers
|turn|53
|
|switch|p2a: Celebi|Celebi|341\/341
|move|p1a: Ferrothorn|Protect|p1a: Ferrothorn
|-fail|p1a: Ferrothorn
|
|-heal|p1a: Ferrothorn|329\/352|[from] item: Leftovers
|turn|54
|
|switch|p2a: Charizard|Charizard-Mega-X, M|359\/359
|move|p1a: Ferrothorn|Protect|p1a: Ferrothorn
|-fail|p1a: Ferrothorn
|
|-heal|p1a: Ferrothorn|351\/352|[from] item: Leftovers
|turn|55
|
|switch|p1a: Landorus-Therian|Landorus-Therian, M|323\/345
|-damage|p1a: Landorus-Therian|280\/345|[from] Stealth Rock
|-ability|p1a: Landorus-Therian|Intimidate|[of] p2a: Charizard
|-unboost|p2a: Charizard|atk|1
|move|p2a: Charizard|Dragon Claw|p1a: Landorus-Therian
|-damage|p1a: Landorus-Therian|174\/345
|
|-heal|p1a: Landorus-Therian|195\/345|[from] item: Leftovers
|turn|56
|
|move|p2a: Charizard|Will-O-Wisp|p1a: Landorus-Therian|[miss]
|-miss|p2a: Charizard|p1a: Landorus-Therian
|move|p1a: Landorus-Therian|Stone Edge|p2a: Charizard
|-crit|p2a: Charizard
|-supereffective|p2a: Charizard
|-damage|p2a: Charizard|59\/359
|
|-heal|p1a: Landorus-Therian|216\/345|[from] item: Leftovers
|turn|57
|leave|peere
|player|p2
|-message|peere lost due to inactivity.
|
|win|Prodigy Roxan
|raw|Ladder updating...
|raw|Prodigy Roxan's rating: 1646 &rarr; <strong>1667<\/strong><br \/>(+21 for winning)
|raw|peere's rating: 1660 &rarr; <strong>1639<\/strong><br \/>(-21 for losing)