|join|peere
|join|Aquajetbreloom
|player|p1|peere|97
|player|p2|Aquajetbreloom|102
|gametype|singles
|gen|6
|tier|OU
|rated
|clearpoke
|poke|p1|Bisharp, F
|poke|p1|Landorus, M
|poke|p1|Heracross, M
|poke|p1|Victini
|poke|p1|Rotom-Wash
|poke|p1|Latias, F
|poke|p2|Mawile, F
|poke|p2|Deoxys-Defense
|poke|p2|Bisharp, F
|poke|p2|Landorus-Therian, M
|poke|p2|Breloom, M
|poke|p2|Latias, F
|rule|Baton Pass Clause: Limit 3 pokemon knowing Baton Pass
|rule|Sleep Clause Mod: Limit one foe put to sleep
|rule|Species Clause: Limit one of each Pokemon
|rule|OHKO Clause: OHKO moves are banned
|rule|Moody Clause: Moody is banned
|rule|Swagger Clause: Swagger is banned
|rule|Evasion Moves Clause: Evasion moves are banned
|rule|Endless Battle Clause: Forcing endless battles is banned
|rule|HP Percentage Mod: HP is reported as percentages
|teampreview
|chat|Aquajetbreloom|gl hf
|chat|peere|u2
|
|start
|switch|p1a: Heracross|Heracross, M|333\/333
|switch|p2a: Deoxys-Defense|Deoxys-Defense|295\/295
|-ability|p2a: Deoxys-Defense|Pressure
|turn|1
|
|detailschange|p1a: Heracross|Heracross-Mega, M
|message|Heracross has Mega Evolved into Mega Heracross!
|move|p2a: Deoxys-Defense|Stealth Rock|p1a: Heracross
|-sidestart|p1: peere|move: Stealth Rock
|move|p1a: Heracross|Pin Missile|p2a: Deoxys-Defense
|-supereffective|p2a: Deoxys-Defense
|-damage|p2a: Deoxys-Defense|209\/295
|-supereffective|p2a: Deoxys-Defense
|-damage|p2a: Deoxys-Defense|123\/295
|-supereffective|p2a: Deoxys-Defense
|-damage|p2a: Deoxys-Defense|39\/295
|-supereffective|p2a: Deoxys-Defense
|-damage|p2a: Deoxys-Defense|0 fnt
|-hitcount|p2a: Deoxys-Defense|4
|faint|p2a: Deoxys-Defense
|
|
|switch|p2a: Mawile|Mawile, F|273\/273
|-ability|p2a: Mawile|Intimidate|[of] p1a: Heracross
|-unboost|p1a: Heracross|atk|1
|turn|2
|
|detailschange|p2a: Mawile|Mawile-Mega, F
|message|Mawile has Mega Evolved into Mega Mawile!
|move|p1a: Heracross|Earthquake|p2a: Mawile
|-supereffective|p2a: Mawile
|-damage|p2a: Mawile|87\/273
|move|p2a: Mawile|Play Rough|p1a: Heracross
|-supereffective|p1a: Heracross
|-damage|p1a: Heracross|0 fnt
|faint|p1a: Heracross
|
|
|switch|p1a: Rotom-Wash|Rotom-Wash|303\/303
|-damage|p1a: Rotom-Wash|266\/303|[from] Stealth Rock
|turn|3
|
|switch|p2a: Latias|Latias, F|301\/301
|move|p1a: Rotom-Wash|Hydro Pump|p2a: Latias|[miss]
|-miss|p1a: Rotom-Wash|p2a: Latias
|
|-heal|p1a: Rotom-Wash|284\/303|[from] item: Leftovers
|turn|4
|
|move|p2a: Latias|Substitute|p2a: Latias
|-start|p2a: Latias|Substitute
|-damage|p2a: Latias|226\/301
|move|p1a: Rotom-Wash|Pain Split|p2a: Latias
|
|-heal|p1a: Rotom-Wash|302\/303|[from] item: Leftovers
|turn|5
|
|move|p2a: Latias|Psyshock|p1a: Rotom-Wash
|-damage|p1a: Rotom-Wash|195\/303
|-damage|p2a: Latias|196\/301|[from] item: Life Orb
|move|p1a: Rotom-Wash|Volt Switch|p2a: Latias
|-resisted|p2a: Latias
|-activate|p2a: Latias|Substitute|[damage]
|
|switch|p1a: Bisharp|Bisharp, F|272\/272
|-damage|p1a: Bisharp|255\/272|[from] Stealth Rock
|
|turn|6
|
|move|p2a: Latias|Hidden Power|p1a: Bisharp
|-supereffective|p1a: Bisharp
|-damage|p1a: Bisharp|44\/272
|-damage|p2a: Latias|166\/301|[from] item: Life Orb
|move|p1a: Bisharp|Knock Off|p2a: Latias
|-supereffective|p2a: Latias
|-end|p2a: Latias|Substitute
|-damage|p1a: Bisharp|17\/272|[from] item: Life Orb
|
|turn|7
|
|move|p2a: Latias|Substitute|p2a: Latias
|-start|p2a: Latias|Substitute
|-damage|p2a: Latias|91\/301
|move|p1a: Bisharp|Low Kick|p2a: Latias
|-resisted|p2a: Latias
|-activate|p2a: Latias|Substitute|[damage]
|-damage|p1a: Bisharp|0 fnt|[from] item: Life Orb
|faint|p1a: Bisharp
|
|
|switch|p1a: Rotom-Wash|Rotom-Wash|195\/303
|-damage|p1a: Rotom-Wash|158\/303|[from] Stealth Rock
|turn|8
|
|move|p2a: Latias|Draco Meteor|p1a: Rotom-Wash
|-damage|p1a: Rotom-Wash|0 fnt
|-unboost|p2a: Latias|spa|2
|-damage|p2a: Latias|61\/301|[from] item: Life Orb
|faint|p1a: Rotom-Wash
|
|
|switch|p1a: Landorus|Landorus, M|320\/320
|-damage|p1a: Landorus|280\/320|[from] Stealth Rock
|turn|9
|
|move|p2a: Latias|Draco Meteor|p1a: Landorus
|-damage|p1a: Landorus|115\/320
|-unboost|p2a: Latias|spa|2
|-damage|p2a: Latias|31\/301|[from] item: Life Orb
|move|p1a: Landorus|Stealth Rock|p2a: Latias
|-sidestart|p2: Aquajetbreloom|move: Stealth Rock
|
|turn|10
|
|move|p2a: Latias|Draco Meteor|p1a: Landorus
|-damage|p1a: Landorus|1\/320
|-unboost|p2a: Latias|spa|2
|-damage|p2a: Latias|1\/301|[from] item: Life Orb
|move|p1a: Landorus|Sludge Wave|p2a: Latias
|-end|p2a: Latias|Substitute
|
|turn|11
|
|move|p2a: Latias|Hidden Power|p1a: Landorus
|-damage|p1a: Landorus|0 fnt
|-damage|p2a: Latias|0 fnt|[from] item: Life Orb
|faint|p1a: Landorus
|faint|p2a: Latias
|
|
|switch|p1a: Latias|Latias, F|313\/313
|-damage|p1a: Latias|274\/313|[from] Stealth Rock
|switch|p2a: Landorus-Therian|Landorus-Therian, M|319\/319
|-damage|p2a: Landorus-Therian|280\/319|[from] Stealth Rock
|-ability|p2a: Landorus-Therian|Intimidate|[of] p1a: Latias
|-unboost|p1a: Latias|atk|1
|turn|12
|
|move|p1a: Latias|Draco Meteor|p2a: Landorus-Therian
|-damage|p2a: Landorus-Therian|51\/319
|-unboost|p1a: Latias|spa|2
|move|p2a: Landorus-Therian|Explosion|p1a: Latias
|-damage|p1a: Latias|0 fnt
|faint|p2a: Landorus-Therian
|faint|p1a: Latias
|
|
|switch|p1a: Victini|Victini|342\/342
|-damage|p1a: Victini|257\/342|[from] Stealth Rock
|switch|p2a: Bisharp|Bisharp, F|271\/271
|-damage|p2a: Bisharp|255\/271|[from] Stealth Rock
|turn|13
|
|move|p2a: Bisharp|Sucker Punch|p1a: Victini
|-supereffective|p1a: Victini
|-damage|p1a: Victini|0 fnt
|-damage|p2a: Bisharp|228\/271|[from] item: Life Orb
|faint|p1a: Victini
|
|win|Aquajetbreloom
|raw|Ladder updating...
|raw|peere's rating: 1878 &rarr; <strong>1856<\/strong><br \/>(-22 for losing)
|raw|Aquajetbreloom's rating: 1847 &rarr; <strong>1869<\/strong><br \/>(+22 for winning)
|chat|Aquajetbreloom|gg
|chat|peere|gg
|leave|peere
|player|p1