|join|peere
|join|Sukemon
|player|p1|peere|97
|player|p2|Sukemon|239
|gametype|singles
|gen|6
|tier|OU
|rated
|clearpoke
|poke|p1|Bisharp, M
|poke|p1|Landorus, M
|poke|p1|Heracross, F
|poke|p1|Victini
|poke|p1|Rotom-Wash
|poke|p1|Latias, F
|poke|p2|Kyurem-Black
|poke|p2|Mew
|poke|p2|Heatran, F
|poke|p2|Scizor, F, shiny
|poke|p2|Rotom-Wash
|poke|p2|Gliscor, M, shiny
|rule|Swagger Clause: Swagger is banned
|rule|Baton Pass Clause: Limit one PokÃ©mon knowing Baton Pass
|rule|Sleep Clause Mod: Limit one foe put to sleep
|rule|Species Clause: Limit one of each PokÃ©mon
|rule|OHKO Clause: OHKO moves are banned
|rule|Moody Clause: Moody is banned
|rule|Evasion Moves Clause: Evasion moves are banned
|rule|Endless Battle Clause: Forcing endless battles is banned
|rule|HP Percentage Mod: HP is shown in percentages
|teampreview
|
|start
|switch|p1a: Heracross|Heracross, F|333\/333
|switch|p2a: Ifrit|Heatran, F|386\/386
|turn|1
|
|switch|p2a: Fenrir|Gliscor, M, shiny|352\/352
|detailschange|p1a: Heracross|Heracross-Mega, F
|message|Heracross has Mega Evolved into Mega Heracross!
|move|p1a: Heracross|Close Combat|p2a: Fenrir
|-resisted|p2a: Fenrir
|-damage|p2a: Fenrir|234\/352
|-unboost|p1a: Heracross|def|1
|-unboost|p1a: Heracross|spd|1
|
|-status|p2a: Fenrir|tox|[from] item: Toxic Orb
|turn|2
|
|switch|p1a: Rotom-Wash|Rotom-Wash|303\/303
|move|p2a: Fenrir|Stealth Rock|p1a: Rotom-Wash
|-sidestart|p1: peere|move: Stealth Rock
|
|-heal|p2a: Fenrir|278\/352 tox|[from] ability: Poison Heal
|turn|3
|
|move|p2a: Fenrir|U-turn|p1a: Rotom-Wash
|-damage|p1a: Rotom-Wash|264\/303
|
|switch|p2a: Shiva|Rotom-Wash|304\/304
|move|p1a: Rotom-Wash|Hydro Pump|p2a: Shiva
|-resisted|p2a: Shiva
|-damage|p2a: Shiva|255\/304
|
|-heal|p2a: Shiva|274\/304|[from] item: Leftovers
|-heal|p1a: Rotom-Wash|282\/303|[from] item: Leftovers
|turn|4
|
|move|p2a: Shiva|Volt Switch|p1a: Rotom-Wash
|-damage|p1a: Rotom-Wash|198\/303
|
|switch|p2a: Fenrir|Gliscor, M, shiny|278\/352 tox
|move|p1a: Rotom-Wash|Volt Switch|p2a: Fenrir
|-immune|p2a: Fenrir|[msg]
|
|-heal|p1a: Rotom-Wash|216\/303|[from] item: Leftovers
|-heal|p2a: Fenrir|322\/352 tox|[from] ability: Poison Heal
|turn|5
|
|move|p2a: Fenrir|U-turn|p1a: Rotom-Wash
|-damage|p1a: Rotom-Wash|181\/303
|
|switch|p2a: Shiva|Rotom-Wash|274\/304
|move|p1a: Rotom-Wash|Hydro Pump|p2a: Shiva
|-resisted|p2a: Shiva
|-damage|p2a: Shiva|224\/304
|
|-heal|p2a: Shiva|243\/304|[from] item: Leftovers
|-heal|p1a: Rotom-Wash|199\/303|[from] item: Leftovers
|turn|6
|
|move|p2a: Shiva|Volt Switch|p1a: Rotom-Wash
|-damage|p1a: Rotom-Wash|124\/303
|
|switch|p2a: Bahamut|Kyurem-Black|391\/391
|-ability|p2a: Bahamut|Teravolt
|move|p1a: Rotom-Wash|Volt Switch|p2a: Bahamut
|-resisted|p2a: Bahamut
|-damage|p2a: Bahamut|337\/391
|
|switch|p1a: Heracross|Heracross-Mega, F|333\/333
|-damage|p1a: Heracross|292\/333|[from] Stealth Rock
|
|turn|7
|
|switch|p2a: Fenrir|Gliscor, M, shiny|322\/352 tox
|move|p1a: Heracross|Rock Blast|p2a: Fenrir
|-damage|p2a: Fenrir|289\/352 tox
|-damage|p2a: Fenrir|254\/352 tox
|-damage|p2a: Fenrir|222\/352 tox
|-damage|p2a: Fenrir|190\/352 tox
|-crit|p2a: Fenrir
|-damage|p2a: Fenrir|143\/352 tox
|-hitcount|p2a: Fenrir|5
|
|-heal|p2a: Fenrir|187\/352 tox|[from] ability: Poison Heal
|turn|8
|
|move|p2a: Fenrir|U-turn|p1a: Heracross
|-resisted|p1a: Heracross
|-damage|p1a: Heracross|269\/333
|
|switch|p2a: Ifrit|Heatran, F|386\/386
|move|p1a: Heracross|Swords Dance|p1a: Heracross
|-boost|p1a: Heracross|atk|2
|
|turn|9
|
|move|p2a: Ifrit|Lava Plume|p1a: Heracross
|-supereffective|p1a: Heracross
|-damage|p1a: Heracross|39\/333
|-status|p1a: Heracross|brn
|move|p1a: Heracross|Close Combat|p2a: Ifrit
|-supereffective|p2a: Ifrit
|-damage|p2a: Ifrit|0 fnt
|-unboost|p1a: Heracross|def|1
|-unboost|p1a: Heracross|spd|1
|faint|p2a: Ifrit
|
|-damage|p1a: Heracross|0 fnt|[from] brn
|faint|p1a: Heracross
|
|switch|p1a: Victini|Victini|342\/342
|-damage|p1a: Victini|257\/342|[from] Stealth Rock
|switch|p2a: Fenrir|Gliscor, M, shiny|187\/352 tox
|turn|10
|
|switch|p2a: Shiva|Rotom-Wash|243\/304
|move|p1a: Victini|V-create|p2a: Shiva
|-resisted|p2a: Shiva
|-damage|p2a: Shiva|121\/304
|-unboost|p1a: Victini|def|1
|-unboost|p1a: Victini|spd|1
|-unboost|p1a: Victini|spe|1
|
|-heal|p2a: Shiva|140\/304|[from] item: Leftovers
|turn|11
|
|switch|p1a: Latias|Latias, F|303\/303
|-damage|p1a: Latias|266\/303|[from] Stealth Rock
|move|p2a: Shiva|Pain Split|p1a: Latias
|-sethp|p1a: Latias|203\/303|p2a: Shiva|203\/304|[from] move: Pain Split
|
|-heal|p2a: Shiva|222\/304|[from] item: Leftovers
|turn|12
|
|switch|p2a: Carbuncle|Mew|404\/404
|move|p1a: Latias|Draco Meteor|p2a: Carbuncle
|-damage|p2a: Carbuncle|251\/404
|-unboost|p1a: Latias|spa|2
|
|-heal|p2a: Carbuncle|276\/404|[from] item: Leftovers
|turn|13
|
|switch|p1a: Bisharp|Bisharp, M|272\/272
|-damage|p1a: Bisharp|255\/272|[from] Stealth Rock
|move|p2a: Carbuncle|Knock Off|p1a: Bisharp
|-resisted|p1a: Bisharp
|-damage|p1a: Bisharp|214\/272
|-enditem|p1a: Bisharp|Life Orb|[from] move: Knock Off|[of] p2a: Carbuncle
|
|-heal|p2a: Carbuncle|301\/404|[from] item: Leftovers
|turn|14
|
|switch|p1a: Victini|Victini|257\/342
|-damage|p1a: Victini|172\/342|[from] Stealth Rock
|move|p2a: Carbuncle|Will-O-Wisp|p1a: Victini
|-fail|p1a: Victini
|
|-heal|p2a: Carbuncle|326\/404|[from] item: Leftovers
|turn|15
|
|move|p1a: Victini|V-create|p2a: Carbuncle
|-crit|p2a: Carbuncle
|-damage|p2a: Carbuncle|0 fnt
|-unboost|p1a: Victini|def|1
|-unboost|p1a: Victini|spd|1
|-unboost|p1a: Victini|spe|1
|faint|p2a: Carbuncle
|
|
|switch|p2a: Fenrir|Gliscor, M, shiny|187\/352 tox
|turn|16
|
|switch|p1a: Rotom-Wash|Rotom-Wash|124\/303
|-damage|p1a: Rotom-Wash|87\/303|[from] Stealth Rock
|move|p2a: Fenrir|U-turn|p1a: Rotom-Wash
|-damage|p1a: Rotom-Wash|47\/303
|
|switch|p2a: Shiva|Rotom-Wash|222\/304
|
|-heal|p2a: Shiva|241\/304|[from] item: Leftovers
|-heal|p1a: Rotom-Wash|65\/303|[from] item: Leftovers
|turn|17
|
|switch|p1a: Landorus|Landorus, M|319\/319
|-damage|p1a: Landorus|280\/319|[from] Stealth Rock
|move|p2a: Shiva|Volt Switch|p1a: Landorus
|-immune|p1a: Landorus|[msg]
|
|-heal|p2a: Shiva|260\/304|[from] item: Leftovers
|turn|18
|
|switch|p1a: Latias|Latias, F|203\/303
|-damage|p1a: Latias|166\/303|[from] Stealth Rock
|move|p2a: Shiva|Hydro Pump|p1a: Latias
|-resisted|p1a: Latias
|-damage|p1a: Latias|109\/303
|
|-heal|p2a: Shiva|279\/304|[from] item: Leftovers
|turn|19
|
|move|p1a: Latias|Draco Meteor|p2a: Shiva|[miss]
|-miss|p1a: Latias|p2a: Shiva
|move|p2a: Shiva|Volt Switch|p1a: Latias
|-resisted|p1a: Latias
|-damage|p1a: Latias|72\/303
|
|switch|p2a: Odin|Scizor, F, shiny|343\/343
|
|turn|20
|
|switch|p1a: Landorus|Landorus, M|280\/319
|-damage|p1a: Landorus|241\/319|[from] Stealth Rock
|detailschange|p2a: Odin|Scizor-Mega, F, shiny
|message|Scizor has Mega Evolved into Mega Scizor!
|move|p2a: Odin|Bullet Punch|p1a: Landorus
|-damage|p1a: Landorus|120\/319
|
|turn|21
|
|switch|p2a: Shiva|Rotom-Wash|279\/304
|move|p1a: Landorus|Earth Power|p2a: Shiva
|-immune|p2a: Shiva|[msg]
|
|-heal|p2a: Shiva|298\/304|[from] item: Leftovers
|turn|22
|
|move|p1a: Landorus|Sludge Wave|p2a: Shiva
|-damage|p2a: Shiva|181\/304
|move|p2a: Shiva|Hydro Pump|p1a: Landorus
|-supereffective|p1a: Landorus
|-damage|p1a: Landorus|0 fnt
|faint|p1a: Landorus
|
|-heal|p2a: Shiva|200\/304|[from] item: Leftovers
|
|switch|p1a: Latias|Latias, F|72\/303
|-damage|p1a: Latias|35\/303|[from] Stealth Rock
|turn|23
|
|switch|p2a: Odin|Scizor-Mega, F, shiny|343\/343
|move|p1a: Latias|Healing Wish|p1a: Latias
|faint|p1a: Latias
|
|
|switch|p1a: Rotom-Wash|Rotom-Wash|65\/303
|-heal|p1a: Rotom-Wash|303\/303|[from] move: Healing Wish
|-damage|p1a: Rotom-Wash|266\/303|[from] Stealth Rock
|turn|24
|
|switch|p2a: Shiva|Rotom-Wash|200\/304
|move|p1a: Rotom-Wash|Volt Switch|p2a: Shiva
|-damage|p2a: Shiva|139\/304
|
|switch|p1a: Bisharp|Bisharp, M|214\/272
|-damage|p1a: Bisharp|197\/272|[from] Stealth Rock
|
|-heal|p2a: Shiva|158\/304|[from] item: Leftovers
|turn|25
|
|switch|p2a: Fenrir|Gliscor, M, shiny|187\/352 tox
|move|p1a: Bisharp|Knock Off|p2a: Fenrir
|-damage|p2a: Fenrir|54\/352 tox
|-enditem|p2a: Fenrir|Toxic Orb|[from] move: Knock Off|[of] p1a: Bisharp
|
|-heal|p2a: Fenrir|98\/352 tox|[from] ability: Poison Heal
|turn|26
|
|move|p2a: Fenrir|Taunt|p1a: Bisharp
|-start|p1a: Bisharp|move: Taunt
|move|p1a: Bisharp|Iron Head|p2a: Fenrir
|-damage|p2a: Fenrir|0 fnt
|faint|p2a: Fenrir
|
|
|switch|p2a: Odin|Scizor-Mega, F, shiny|343\/343
|turn|27
|
|switch|p1a: Rotom-Wash|Rotom-Wash|266\/303
|-damage|p1a: Rotom-Wash|229\/303|[from] Stealth Rock
|move|p2a: Odin|Swords Dance|p2a: Odin
|-boost|p2a: Odin|atk|2
|
|-heal|p1a: Rotom-Wash|247\/303|[from] item: Leftovers
|turn|28
|
|switch|p2a: Shiva|Rotom-Wash|158\/304
|move|p1a: Rotom-Wash|Will-O-Wisp|p2a: Shiva
|-status|p2a: Shiva|brn
|
|-heal|p2a: Shiva|177\/304 brn|[from] item: Leftovers
|-heal|p1a: Rotom-Wash|265\/303|[from] item: Leftovers
|-damage|p2a: Shiva|139\/304 brn|[from] brn
|turn|29
|
|move|p2a: Shiva|Pain Split|p1a: Rotom-Wash
|-sethp|p1a: Rotom-Wash|202\/303|p2a: Shiva|202\/304 brn|[from] move: Pain Split
|move|p1a: Rotom-Wash|Volt Switch|p2a: Shiva
|-damage|p2a: Shiva|139\/304 brn
|
|switch|p1a: Victini|Victini|172\/342
|-damage|p1a: Victini|87\/342|[from] Stealth Rock
|
|-heal|p2a: Shiva|158\/304 brn|[from] item: Leftovers
|-damage|p2a: Shiva|120\/304 brn|[from] brn
|turn|30
|
|move|p1a: Victini|V-create|p2a: Shiva
|-resisted|p2a: Shiva
|-damage|p2a: Shiva|0 fnt
|-unboost|p1a: Victini|def|1
|-unboost|p1a: Victini|spd|1
|-unboost|p1a: Victini|spe|1
|faint|p2a: Shiva
|
|
|switch|p2a: Bahamut|Kyurem-Black|337\/391
|-ability|p2a: Bahamut|Teravolt
|turn|31
|
|move|p2a: Bahamut|Fusion Bolt|p1a: Victini
|-damage|p1a: Victini|0 fnt
|faint|p1a: Victini
|
|
|switch|p1a: Rotom-Wash|Rotom-Wash|202\/303
|-damage|p1a: Rotom-Wash|165\/303|[from] Stealth Rock
|turn|32
|
|move|p2a: Bahamut|Fusion Bolt|p1a: Rotom-Wash
|-damage|p1a: Rotom-Wash|61\/303
|move|p1a: Rotom-Wash|Pain Split|p2a: Bahamut
|-sethp|p2a: Bahamut|199\/391|p1a: Rotom-Wash|199\/303|[from] move: Pain Split
|
|-heal|p1a: Rotom-Wash|217\/303|[from] item: Leftovers
|turn|33
|
|move|p2a: Bahamut|Fusion Bolt|p1a: Rotom-Wash
|-damage|p1a: Rotom-Wash|111\/303
|move|p1a: Rotom-Wash|Will-O-Wisp|p2a: Bahamut
|-status|p2a: Bahamut|brn
|
|-heal|p1a: Rotom-Wash|129\/303|[from] item: Leftovers
|-damage|p2a: Bahamut|151\/391 brn|[from] brn
|turn|34
|
|switch|p1a: Bisharp|Bisharp, M|197\/272
|-damage|p1a: Bisharp|180\/272|[from] Stealth Rock
|move|p2a: Bahamut|Fusion Bolt|p1a: Bisharp
|-damage|p1a: Bisharp|108\/272
|
|-damage|p2a: Bahamut|103\/391 brn|[from] brn
|turn|35
|
|switch|p2a: Odin|Scizor-Mega, F, shiny|343\/343
|move|p1a: Bisharp|Low Kick|p2a: Odin
|-damage|p2a: Odin|260\/343
|
|turn|36
|
|switch|p1a: Rotom-Wash|Rotom-Wash|129\/303
|-damage|p1a: Rotom-Wash|92\/303|[from] Stealth Rock
|move|p2a: Odin|Knock Off|p1a: Rotom-Wash
|-damage|p1a: Rotom-Wash|4\/303
|-enditem|p1a: Rotom-Wash|Leftovers|[from] move: Knock Off|[of] p2a: Odin
|
|turn|37
|
|move|p2a: Odin|Bullet Punch|p1a: Rotom-Wash
|-resisted|p1a: Rotom-Wash
|-damage|p1a: Rotom-Wash|0 fnt
|faint|p1a: Rotom-Wash
|
|
|switch|p1a: Bisharp|Bisharp, M|108\/272
|-damage|p1a: Bisharp|91\/272|[from] Stealth Rock
|turn|38
|
|move|p1a: Bisharp|Iron Head|p2a: Odin
|-resisted|p2a: Odin
|-damage|p2a: Odin|213\/343
|move|p2a: Odin|Swords Dance|p2a: Odin
|-boost|p2a: Odin|atk|2
|
|turn|39
|
|move|p1a: Bisharp|Sucker Punch|p2a: Odin
|-crit|p2a: Odin
|-damage|p2a: Odin|78\/343
|move|p2a: Odin|Bullet Punch|p1a: Bisharp
|-crit|p1a: Bisharp
|-resisted|p1a: Bisharp
|-damage|p1a: Bisharp|0 fnt
|faint|p1a: Bisharp
|
|win|Sukemon
|raw|Ladder updating...
|raw|peere's rating: 1746 &rarr; <strong>1731<\/strong><br \/>(-15 for losing)
|raw|Sukemon's rating: 1839 &rarr; <strong>1853<\/strong><br \/>(+14 for winning)