|join|peere
|join|Dat Tricking
|player|p1|peere|97
|player|p2|Dat Tricking|290
|gametype|singles
|gen|6
|tier|OU
|rated
|clearpoke
|poke|p1|Bisharp, F
|poke|p1|Heatran, F
|poke|p1|Heracross, M
|poke|p1|Jirachi
|poke|p1|Rotom-Wash
|poke|p1|Latias, F
|poke|p2|Keldeo
|poke|p2|Thundurus, M
|poke|p2|Gyarados, M
|poke|p2|Deoxys-Speed
|poke|p2|Garchomp, M
|poke|p2|Breloom, F
|rule|Sleep Clause Mod: Limit one foe put to sleep
|rule|Species Clause: Limit one of each Pokemon
|rule|OHKO Clause: OHKO moves are banned
|rule|Moody Clause: Moody is banned
|rule|Evasion Moves Clause: Evasion moves are banned
|rule|Endless Battle Clause: Forcing endless battles is banned.
|rule|HP Percentage Mod: HP is reported as percentages
|teampreview
|
|start
|switch|p1a: Latias|Latias, F|313\/313
|switch|p2a: Deoxys-Speed|Deoxys-Speed|241\/241
|-ability|p2a: Deoxys-Speed|Pressure
|turn|1
|
|move|p1a: Latias|Draco Meteor|p2a: Deoxys-Speed
|-damage|p2a: Deoxys-Speed|0 fnt
|-unboost|p1a: Latias|spa|2
|faint|p2a: Deoxys-Speed
|
|
|switch|p2a: Thundurus|Thundurus, M|299\/299
|turn|2
|
|switch|p1a: Heracross|Heracross, M|333\/333
|move|p2a: Thundurus|Substitute|p2a: Thundurus
|-start|p2a: Thundurus|Substitute
|-damage|p2a: Thundurus|225\/299
|
|-heal|p2a: Thundurus|243\/299|[from] item: Leftovers
|turn|3
|
|detailschange|p1a: Heracross|Heracross-Mega, M
|message|Heracross has Mega Evolved into Mega Heracross!
|move|p2a: Thundurus|Hidden Power|p1a: Heracross
|-supereffective|p1a: Heracross
|-damage|p1a: Heracross|0 fnt
|faint|p1a: Heracross
|
|-heal|p2a: Thundurus|261\/299|[from] item: Leftovers
|
|switch|p1a: Rotom-Wash|Rotom-Wash|303\/303
|turn|4
|
|move|p2a: Thundurus|Nasty Plot|p2a: Thundurus
|-boost|p2a: Thundurus|spa|2
|move|p1a: Rotom-Wash|Volt Switch|p2a: Thundurus
|-end|p2a: Thundurus|Substitute
|
|switch|p1a: Latias|Latias, F|313\/313
|
|-heal|p2a: Thundurus|279\/299|[from] item: Leftovers
|turn|5
|
|move|p2a: Thundurus|Substitute|p2a: Thundurus
|-start|p2a: Thundurus|Substitute
|-damage|p2a: Thundurus|205\/299
|move|p1a: Latias|Psyshock|p2a: Thundurus
|-end|p2a: Thundurus|Substitute
|
|-heal|p2a: Thundurus|223\/299|[from] item: Leftovers
|turn|6
|
|move|p1a: Latias|Psyshock|p2a: Thundurus
|-damage|p2a: Thundurus|43\/299
|move|p2a: Thundurus|Hidden Power|p1a: Latias
|-damage|p1a: Latias|136\/313
|
|-heal|p2a: Thundurus|61\/299|[from] item: Leftovers
|turn|7
|
|move|p1a: Latias|Psyshock|p2a: Thundurus
|-damage|p2a: Thundurus|0 fnt
|faint|p2a: Thundurus
|
|
|switch|p2a: Gyarados|Gyarados, M|332\/332
|-ability|p2a: Gyarados|Intimidate|[of] p1a: Latias
|-unboost|p1a: Latias|atk|1
|turn|8
|
|switch|p1a: Rotom-Wash|Rotom-Wash|303\/303
|detailschange|p2a: Gyarados|Gyarados-Mega, M
|message|Gyarados has Mega Evolved into Mega Gyarados!
|-ability|p2a: Gyarados|Mold Breaker
|move|p2a: Gyarados|Dragon Dance|p2a: Gyarados
|-boost|p2a: Gyarados|atk|1
|-boost|p2a: Gyarados|spe|1
|
|turn|9
|
|move|p2a: Gyarados|Earthquake|p1a: Rotom-Wash
|-supereffective|p1a: Rotom-Wash
|-damage|p1a: Rotom-Wash|0 fnt
|faint|p1a: Rotom-Wash
|
|
|switch|p1a: Latias|Latias, F|136\/313
|turn|10
|
|move|p1a: Latias|Draco Meteor|p2a: Gyarados
|-damage|p2a: Gyarados|161\/332
|-unboost|p1a: Latias|spa|2
|move|p2a: Gyarados|Earthquake|p1a: Latias
|-damage|p1a: Latias|0 fnt
|faint|p1a: Latias
|
|
|switch|p1a: Jirachi|Jirachi|341\/341
|turn|11
|
|move|p1a: Jirachi|U-turn|p2a: Gyarados
|-supereffective|p2a: Gyarados
|-damage|p2a: Gyarados|39\/332
|
|switch|p1a: Heatran|Heatran, F|367\/367
|-item|p1a: Heatran|Air Balloon
|move|p2a: Gyarados|Earthquake|p1a: Heatran
|-immune|p1a: Heatran|[msg]
|
|turn|12
|
|switch|p1a: Jirachi|Jirachi|341\/341
|move|p2a: Gyarados|Waterfall|p1a: Jirachi
|-damage|p1a: Jirachi|91\/341
|
|turn|13
|
|move|p1a: Jirachi|U-turn|p2a: Gyarados
|-supereffective|p2a: Gyarados
|-damage|p2a: Gyarados|0 fnt
|faint|p2a: Gyarados
|
|switch|p1a: Bisharp|Bisharp, F|272\/272
|
|
|switch|p2a: Breloom|Breloom, F|262\/262
|turn|14
|
|move|p1a: Bisharp|Sucker Punch|p2a: Breloom
|-fail|p2a: Breloom
|move|p2a: Breloom|Spore|p1a: Bisharp
|-status|p1a: Bisharp|slp
|
|-status|p2a: Breloom|tox|[from] item: Toxic Orb
|turn|15
|
|cant|p1a: Bisharp|slp
|move|p2a: Breloom|Substitute|p2a: Breloom
|-start|p2a: Breloom|Substitute
|-damage|p2a: Breloom|197\/262 tox
|
|-heal|p2a: Breloom|229\/262 tox|[from] ability: Poison Heal
|turn|16
|
|cant|p1a: Bisharp|slp
|move|p2a: Breloom|Leech Seed|p1a: Bisharp
|-start|p1a: Bisharp|move: Leech Seed
|
|-damage|p1a: Bisharp|238\/272 slp|[from] Leech Seed|[of] p2a: Breloom
|-heal|p2a: Breloom|262\/262 tox|[silent]
|turn|17
|
|move|p2a: Breloom|Spore|p1a: Bisharp
|-fail|p1a: Bisharp|slp
|-curestatus|p1a: Bisharp|slp
|move|p1a: Bisharp|Iron Head|p2a: Breloom
|-end|p2a: Breloom|Substitute
|-damage|p1a: Bisharp|211\/272|[from] item: Life Orb
|
|-damage|p1a: Bisharp|177\/272|[from] Leech Seed|[of] p2a: Breloom
|turn|18
|
|move|p1a: Bisharp|Iron Head|p2a: Breloom
|-damage|p2a: Breloom|46\/262 tox
|-damage|p1a: Bisharp|150\/272|[from] item: Life Orb
|cant|p2a: Breloom|flinch
|
|-damage|p1a: Bisharp|116\/272|[from] Leech Seed|[of] p2a: Breloom
|-heal|p2a: Breloom|80\/262 tox|[silent]
|-heal|p2a: Breloom|112\/262 tox|[from] ability: Poison Heal
|turn|19
|
|move|p1a: Bisharp|Iron Head|p2a: Breloom
|-damage|p2a: Breloom|0 fnt
|-damage|p1a: Bisharp|89\/272|[from] item: Life Orb
|faint|p2a: Breloom
|
|
|switch|p2a: Keldeo|Keldeo|324\/324
|turn|20
|
|move|p2a: Keldeo|Substitute|p2a: Keldeo
|-start|p2a: Keldeo|Substitute
|-damage|p2a: Keldeo|243\/324
|move|p1a: Bisharp|Knock Off|p2a: Keldeo
|-resisted|p2a: Keldeo
|-end|p2a: Keldeo|Substitute
|-damage|p1a: Bisharp|62\/272|[from] item: Life Orb
|
|-heal|p2a: Keldeo|263\/324|[from] item: Leftovers
|-damage|p1a: Bisharp|28\/272|[from] Leech Seed|[of] p2a: Keldeo
|-heal|p2a: Keldeo|297\/324|[silent]
|turn|21
|
|move|p2a: Keldeo|Secret Sword|p1a: Bisharp
|-supereffective|p1a: Bisharp
|-damage|p1a: Bisharp|0 fnt
|faint|p1a: Bisharp
|
|-heal|p2a: Keldeo|317\/324|[from] item: Leftovers
|
|switch|p1a: Jirachi|Jirachi|91\/341
|turn|22
|
|switch|p2a: Garchomp|Garchomp, M|358\/358
|move|p1a: Jirachi|Iron Head|p2a: Garchomp
|-damage|p2a: Garchomp|223\/358
|-damage|p1a: Jirachi|49\/341|[from] ability: Rough Skin|[of] p2a: Garchomp
|
|-heal|p2a: Garchomp|245\/358|[from] item: Leftovers
|turn|23
|
|switch|p1a: Heatran|Heatran, F|367\/367
|-item|p1a: Heatran|Air Balloon
|move|p2a: Garchomp|Dragon Claw|p1a: Heatran
|-resisted|p1a: Heatran
|-damage|p1a: Heatran|298\/367
|-enditem|p1a: Heatran|Air Balloon
|
|-heal|p2a: Garchomp|267\/358|[from] item: Leftovers
|turn|24
|
|move|p2a: Garchomp|Earthquake|p1a: Heatran
|-supereffective|p1a: Heatran
|-damage|p1a: Heatran|0 fnt
|faint|p1a: Heatran
|
|-heal|p2a: Garchomp|289\/358|[from] item: Leftovers
|
|switch|p1a: Jirachi|Jirachi|49\/341
|turn|25
|
|move|p1a: Jirachi|Ice Punch|p2a: Garchomp
|-supereffective|p2a: Garchomp
|-damage|p2a: Garchomp|0 fnt
|-damage|p1a: Jirachi|7\/341|[from] ability: Rough Skin|[of] p2a: Garchomp
|faint|p2a: Garchomp
|
|
|switch|p2a: Keldeo|Keldeo|317\/324
|turn|26
|
|move|p1a: Jirachi|Ice Punch|p2a: Keldeo
|-resisted|p2a: Keldeo
|-damage|p2a: Keldeo|275\/324
|move|p2a: Keldeo|Scald|p1a: Jirachi
|-damage|p1a: Jirachi|0 fnt
|faint|p1a: Jirachi
|
|win|Dat Tricking
|raw|Ladder updating...
|raw|peere's rating: 1812 &rarr; <strong>1785<\/strong><br \/>(-27 for losing)
|raw|Dat Tricking's rating: 1683 &rarr; <strong>1710<\/strong><br \/>(+27 for winning)
|leave|peere
|player|p1