|join|jackass senpai
|join|peere
|player|p1|jackass senpai|99
|player|p2|peere|97
|gametype|singles
|gen|6
|tier|OU
|rated
|clearpoke
|poke|p1|Landorus-Therian, M
|poke|p1|Deoxys-Defense
|poke|p1|Mandibuzz, F
|poke|p1|Conkeldurr, M
|poke|p1|Victini
|poke|p1|Raikou
|poke|p2|Chansey, F
|poke|p2|Thundurus, M
|poke|p2|Celebi
|poke|p2|Excadrill, F
|poke|p2|Charizard, M
|poke|p2|Rotom-Wash
|rule|Sleep Clause Mod: Limit one foe put to sleep
|rule|Species Clause: Limit one of each Pokemon
|rule|OHKO Clause: OHKO moves are banned
|rule|Moody Clause: Moody is banned
|rule|Evasion Moves Clause: Evasion moves are banned
|rule|Endless Battle Clause: Forcing endless battles is banned.
|rule|HP Percentage Mod: HP is reported as percentages
|teampreview
|
|start
|switch|p1a: Landorus-Therian|Landorus-Therian, M|320\/320
|switch|p2a: Excadrill|Excadrill, F|361\/361
|-ability|p1a: Landorus-Therian|Intimidate|[of] p2a: Excadrill
|-unboost|p2a: Excadrill|atk|1
|-ability|p2a: Excadrill|Mold Breaker
|-item|p2a: Excadrill|Air Balloon
|turn|1
|
|switch|p2a: Charizard|Charizard, M|359\/359
|move|p1a: Landorus-Therian|U-turn|p2a: Charizard
|-resisted|p2a: Charizard
|-damage|p2a: Charizard|338\/359
|
|switch|p1a: Raikou|Raikou|322\/322
|-ability|p1a: Raikou|Pressure
|
|turn|2
|
|detailschange|p2a: Charizard|Charizard-Mega-X, M
|message|Charizard has Mega Evolved into Mega Charizard!
|move|p1a: Raikou|Volt Switch|p2a: Charizard
|-crit|p2a: Charizard
|-resisted|p2a: Charizard
|-damage|p2a: Charizard|209\/359
|-damage|p1a: Raikou|290\/322|[from] item: Life Orb
|
|switch|p1a: Mandibuzz|Mandibuzz, F|424\/424
|move|p2a: Charizard|Will-O-Wisp|p1a: Mandibuzz
|-status|p1a: Mandibuzz|brn
|
|-damage|p1a: Mandibuzz|371\/424 brn|[from] brn
|turn|3
|
|move|p2a: Charizard|Roost|p2a: Charizard
|-heal|p2a: Charizard|359\/359
|move|p1a: Mandibuzz|Toxic|p2a: Charizard
|-status|p2a: Charizard|tox
|
|-damage|p2a: Charizard|337\/359 tox|[from] psn
|-damage|p1a: Mandibuzz|318\/424 brn|[from] brn
|turn|4
|
|switch|p2a: Thundurus|Thundurus, M|299\/299
|move|p1a: Mandibuzz|Foul Play|p2a: Thundurus
|-crit|p2a: Thundurus
|-damage|p2a: Thundurus|151\/299
|
|-heal|p2a: Thundurus|169\/299|[from] item: Leftovers
|-damage|p1a: Mandibuzz|265\/424 brn|[from] brn
|turn|5
|
|switch|p2a: Excadrill|Excadrill, F|361\/361
|-ability|p2a: Excadrill|Mold Breaker
|-item|p2a: Excadrill|Air Balloon
|switch|p1a: Landorus-Therian|Landorus-Therian, M|320\/320
|-ability|p1a: Landorus-Therian|Intimidate|[of] p2a: Excadrill
|-unboost|p2a: Excadrill|atk|1
|
|turn|6
|
|move|p1a: Landorus-Therian|Stone Edge|p2a: Excadrill
|-resisted|p2a: Excadrill
|-damage|p2a: Excadrill|310\/361
|-enditem|p2a: Excadrill|Air Balloon
|move|p2a: Excadrill|Stealth Rock|p1a: Landorus-Therian
|-sidestart|p1: jackass senpai|move: Stealth Rock
|
|turn|7
|
|switch|p1a: Conkeldurr|Conkeldurr, M|414\/414
|-damage|p1a: Conkeldurr|389\/414|[from] Stealth Rock
|switch|p2a: Thundurus|Thundurus, M|169\/299
|
|-heal|p2a: Thundurus|187\/299|[from] item: Leftovers
|turn|8
|
|move|p2a: Thundurus|Bulk Up|p2a: Thundurus
|-boost|p2a: Thundurus|atk|1
|-boost|p2a: Thundurus|def|1
|move|p1a: Conkeldurr|Ice Punch|p2a: Thundurus
|-supereffective|p2a: Thundurus
|-damage|p2a: Thundurus|0 fnt
|faint|p2a: Thundurus
|
|
|switch|p2a: Rotom-Wash|Rotom-Wash|303\/303
|turn|9
|
|move|p2a: Rotom-Wash|Hydro Pump|p1a: Conkeldurr
|-damage|p1a: Conkeldurr|265\/414
|move|p1a: Conkeldurr|Drain Punch|p2a: Rotom-Wash
|-damage|p2a: Rotom-Wash|186\/303
|-heal|p1a: Conkeldurr|324\/414|[from] drain|[of] p2a: Rotom-Wash
|
|-heal|p2a: Rotom-Wash|204\/303|[from] item: Leftovers
|turn|10
|
|move|p2a: Rotom-Wash|Pain Split|p1a: Conkeldurr
|-sethp|p1a: Conkeldurr|264\/414|p2a: Rotom-Wash|264\/303|[from] move: Pain Split
|move|p1a: Conkeldurr|Knock Off|p2a: Rotom-Wash
|-damage|p2a: Rotom-Wash|179\/303
|-enditem|p2a: Rotom-Wash|Leftovers|[from] move: Knock Off|[of] p1a: Conkeldurr
|
|turn|11
|
|move|p2a: Rotom-Wash|Volt Switch|p1a: Conkeldurr
|-damage|p1a: Conkeldurr|185\/414
|
|switch|p2a: Celebi|Celebi|341\/341
|move|p1a: Conkeldurr|Drain Punch|p2a: Celebi
|-resisted|p2a: Celebi
|-damage|p2a: Celebi|260\/341
|-heal|p1a: Conkeldurr|226\/414|[from] drain|[of] p2a: Celebi
|
|turn|12
|
|switch|p1a: Landorus-Therian|Landorus-Therian, M|320\/320
|-damage|p1a: Landorus-Therian|280\/320|[from] Stealth Rock
|-ability|p1a: Landorus-Therian|Intimidate|[of] p2a: Celebi
|-unboost|p2a: Celebi|atk|1
|move|p2a: Celebi|Psychic|p1a: Landorus-Therian
|-damage|p1a: Landorus-Therian|129\/320
|
|turn|13
|
|move|p2a: Celebi|Psychic|p1a: Landorus-Therian
|-damage|p1a: Landorus-Therian|0 fnt
|faint|p1a: Landorus-Therian
|
|
|switch|p1a: Mandibuzz|Mandibuzz, F|265\/424 brn
|-damage|p1a: Mandibuzz|159\/424 brn|[from] Stealth Rock
|turn|14
|
|switch|p2a: Excadrill|Excadrill, F|310\/361
|-ability|p2a: Excadrill|Mold Breaker
|move|p1a: Mandibuzz|Roost|p1a: Mandibuzz
|-heal|p1a: Mandibuzz|371\/424 brn
|
|-damage|p1a: Mandibuzz|318\/424 brn|[from] brn
|turn|15
|
|move|p2a: Excadrill|Iron Head|p1a: Mandibuzz
|-crit|p1a: Mandibuzz
|-damage|p1a: Mandibuzz|144\/424 brn
|-damage|p2a: Excadrill|250\/361|[from] item: Rocky Helmet|[of] p1a: Mandibuzz
|move|p1a: Mandibuzz|Foul Play|p2a: Excadrill
|-damage|p2a: Excadrill|108\/361
|
|-damage|p1a: Mandibuzz|91\/424 brn|[from] brn
|turn|16
|
|move|p2a: Excadrill|Iron Head|p1a: Mandibuzz
|-damage|p1a: Mandibuzz|0 fnt
|-damage|p2a: Excadrill|48\/361|[from] item: Rocky Helmet|[of] p1a: Mandibuzz
|faint|p1a: Mandibuzz
|
|
|switch|p1a: Raikou|Raikou|290\/322
|-damage|p1a: Raikou|250\/322|[from] Stealth Rock
|-ability|p1a: Raikou|Pressure
|turn|17
|
|move|p1a: Raikou|Hidden Power|p2a: Excadrill
|-damage|p2a: Excadrill|0 fnt
|-damage|p1a: Raikou|218\/322|[from] item: Life Orb
|faint|p2a: Excadrill
|
|
|switch|p2a: Chansey|Chansey, F|701\/701
|turn|18
|
|switch|p2a: Celebi|Celebi|260\/341
|move|p1a: Raikou|Volt Switch|p2a: Celebi
|-resisted|p2a: Celebi
|-damage|p2a: Celebi|192\/341
|-damage|p1a: Raikou|186\/322|[from] item: Life Orb
|
|switch|p1a: Deoxys-Defense|Deoxys-Defense|304\/304
|-damage|p1a: Deoxys-Defense|266\/304|[from] Stealth Rock
|-ability|p1a: Deoxys-Defense|Pressure
|
|-heal|p1a: Deoxys-Defense|285\/304|[from] item: Leftovers
|turn|19
|
|move|p2a: Celebi|U-turn|p1a: Deoxys-Defense
|-supereffective|p1a: Deoxys-Defense
|-damage|p1a: Deoxys-Defense|221\/304
|
|switch|p2a: Charizard|Charizard-Mega-X, M|337\/359 tox
|move|p1a: Deoxys-Defense|Thunder Wave|p2a: Charizard
|-fail|p2a: Charizard
|
|-heal|p1a: Deoxys-Defense|240\/304|[from] item: Leftovers
|-damage|p2a: Charizard|315\/359 tox|[from] psn
|turn|20
|
|move|p2a: Charizard|Dragon Claw|p1a: Deoxys-Defense
|-damage|p1a: Deoxys-Defense|140\/304
|move|p1a: Deoxys-Defense|Night Shade|p2a: Charizard
|-damage|p2a: Charizard|215\/359 tox
|
|-heal|p1a: Deoxys-Defense|159\/304|[from] item: Leftovers
|-damage|p2a: Charizard|171\/359 tox|[from] psn
|turn|21
|
|switch|p2a: Chansey|Chansey, F|701\/701
|move|p1a: Deoxys-Defense|Recover|p1a: Deoxys-Defense
|-heal|p1a: Deoxys-Defense|304\/304
|
|turn|22
|
|move|p1a: Deoxys-Defense|Thunder Wave|p2a: Chansey
|-status|p2a: Chansey|par
|cant|p2a: Chansey|par
|
|turn|23
|
|switch|p1a: Victini|Victini|341\/341
|-damage|p1a: Victini|256\/341|[from] Stealth Rock
|cant|p2a: Chansey|par
|
|turn|24
|
|move|p1a: Victini|U-turn|p2a: Chansey
|-damage|p2a: Chansey|538\/701 par
|
|switch|p1a: Conkeldurr|Conkeldurr, M|226\/414
|-damage|p1a: Conkeldurr|201\/414|[from] Stealth Rock
|move|p2a: Chansey|Wish|p2a: Chansey
|
|turn|25
|
|switch|p2a: Celebi|Celebi|192\/341
|move|p1a: Conkeldurr|Knock Off|p2a: Celebi
|-supereffective|p2a: Celebi
|-damage|p2a: Celebi|0 fnt
|faint|p2a: Celebi
|
|
|switch|p2a: Rotom-Wash|Rotom-Wash|179\/303
|turn|26
|
|move|p2a: Rotom-Wash|Hydro Pump|p1a: Conkeldurr
|-damage|p1a: Conkeldurr|65\/414
|move|p1a: Conkeldurr|Drain Punch|p2a: Rotom-Wash
|-damage|p2a: Rotom-Wash|68\/303
|-heal|p1a: Conkeldurr|121\/414|[from] drain|[of] p2a: Rotom-Wash
|
|turn|27
|
|switch|p1a: Deoxys-Defense|Deoxys-Defense|304\/304
|-damage|p1a: Deoxys-Defense|266\/304|[from] Stealth Rock
|-ability|p1a: Deoxys-Defense|Pressure
|move|p2a: Rotom-Wash|Hydro Pump|p1a: Deoxys-Defense
|-damage|p1a: Deoxys-Defense|194\/304
|
|-heal|p1a: Deoxys-Defense|213\/304|[from] item: Leftovers
|turn|28
|
|switch|p2a: Chansey|Chansey, F|538\/701
|move|p1a: Deoxys-Defense|Stealth Rock|p2a: Chansey
|-sidestart|p2: peere|move: Stealth Rock
|
|-heal|p1a: Deoxys-Defense|232\/304|[from] item: Leftovers
|turn|29
|
|move|p1a: Deoxys-Defense|Thunder Wave|p2a: Chansey
|-status|p2a: Chansey|par
|move|p2a: Chansey|Wish|p2a: Chansey
|
|-heal|p1a: Deoxys-Defense|251\/304|[from] item: Leftovers
|turn|30
|-message|peere forfeited.
|
|win|jackass senpai
|raw|Ladder updating...
|raw|jackass senpai's rating: 1707 &rarr; <strong>1725<\/strong><br \/>(+18 for winning)
|raw|peere's rating: 1674 &rarr; <strong>1655<\/strong><br \/>(-19 for losing)
|leave|peere
|player|p2