|join|peere
|join|Its a Genjutsu
|player|p1|peere|97
|player|p2|Its a Genjutsu|155
|gametype|singles
|gen|6
|tier|OU
|rated
|clearpoke
|poke|p1|Bisharp, F
|poke|p1|Landorus, M
|poke|p1|Heracross, F
|poke|p1|Victini
|poke|p1|Rotom-Wash
|poke|p1|Latias, F
|poke|p2|Smeargle, M
|poke|p2|Scolipede, M
|poke|p2|Vaporeon, F
|poke|p2|Espeon, M
|poke|p2|Sylveon, F
|poke|p2|Zapdos
|rule|Sleep Clause Mod: Limit one foe put to sleep
|rule|Species Clause: Limit one of each Pokemon
|rule|OHKO Clause: OHKO moves are banned
|rule|Moody Clause: Moody is banned
|rule|Evasion Moves Clause: Evasion moves are banned
|rule|Endless Battle Clause: Forcing endless battles is banned.
|rule|HP Percentage Mod: HP is reported as percentages
|teampreview
|
|start
|switch|p1a: Latias|Latias, F|313\/313
|switch|p2a: Vaporeon|Vaporeon, F|449\/449
|turn|1
|
|move|p1a: Latias|Draco Meteor|p2a: Vaporeon
|-damage|p2a: Vaporeon|232\/449
|-unboost|p1a: Latias|spa|2
|move|p2a: Vaporeon|Acid Armor|p2a: Vaporeon
|-boost|p2a: Vaporeon|def|2
|
|-heal|p2a: Vaporeon|260\/449|[from] item: Leftovers
|turn|2
|
|switch|p1a: Landorus|Landorus, M|320\/320
|move|p2a: Vaporeon|Baton Pass|p2a: Vaporeon
|
|switch|p2a: Smeagol|Smeargle, M|273\/273
|
|turn|3
|
|switch|p1a: Victini|Victini|342\/342
|move|p2a: Smeagol|Spore|p1a: Victini
|-status|p1a: Victini|slp
|
|turn|4
|
|switch|p1a: Heracross|Heracross, F|333\/333
|move|p2a: Smeagol|Quiver Dance|p2a: Smeagol
|-boost|p2a: Smeagol|spa|1
|-boost|p2a: Smeagol|spd|1
|-boost|p2a: Smeagol|spe|1
|
|turn|5
|
|detailschange|p1a: Heracross|Heracross-Mega, F
|message|Heracross has Mega Evolved into Mega Heracross!
|move|p2a: Smeagol|Baton Pass|p2a: Smeagol
|
|switch|p2a: Espeon|Espeon, M|334\/334
|move|p1a: Heracross|Rock Blast|p2a: Espeon
|-damage|p2a: Espeon|304\/334
|-damage|p2a: Espeon|274\/334
|-damage|p2a: Espeon|244\/334
|-damage|p2a: Espeon|214\/334
|-damage|p2a: Espeon|184\/334
|-hitcount|p2a: Espeon|5
|
|-heal|p2a: Espeon|204\/334|[from] item: Leftovers
|turn|6
|
|move|p2a: Espeon|Stored Power|p1a: Heracross
|-supereffective|p1a: Heracross
|-damage|p1a: Heracross|0 fnt
|faint|p1a: Heracross
|
|-heal|p2a: Espeon|224\/334|[from] item: Leftovers
|
|switch|p1a: Bisharp|Bisharp, F|272\/272
|turn|7
|
|move|p2a: Espeon|Baton Pass|p2a: Espeon
|
|switch|p2a: Vaporeon|Vaporeon, F|260\/449
|move|p1a: Bisharp|Knock Off|p2a: Vaporeon
|-damage|p2a: Vaporeon|142\/449
|-enditem|p2a: Vaporeon|Leftovers|[from] move: Knock Off|[of] p1a: Bisharp
|-damage|p1a: Bisharp|245\/272|[from] item: Life Orb
|
|turn|8
|
|move|p2a: Vaporeon|Baton Pass|p2a: Vaporeon
|
|switch|p2a: Scolipede|Scolipede, M|321\/321
|move|p1a: Bisharp|Iron Head|p2a: Scolipede
|-damage|p2a: Scolipede|235\/321
|-damage|p1a: Bisharp|218\/272|[from] item: Life Orb
|
|turn|9
|-message|peere forfeited.
|
|win|Its a Genjutsu
|raw|Ladder updating...
|leave|peere
|player|p1
|raw|peere's rating: 1711 &rarr; <strong>1691<\/strong><br \/>(-20 for losing)
|raw|Its a Genjutsu's rating: 1704 &rarr; <strong>1724<\/strong><br \/>(+20 for winning)