|join|FULL METAL JERK
|join|peere
|player|p1|FULL METAL JERK|225
|player|p2|peere|97
|gametype|singles
|gen|6
|tier|OU
|clearpoke
|poke|p1|Lopunny, M
|poke|p1|Landorus-Therian, M
|poke|p1|Celebi
|poke|p1|Heatran, M
|poke|p1|Greninja, F
|poke|p1|Keldeo
|poke|p2|Sableye, M
|poke|p2|Jirachi
|poke|p2|Latios, M
|poke|p2|Heatran, F
|poke|p2|Landorus-Therian, M
|poke|p2|Rotom-Wash
|rule|Swagger Clause: Swagger is banned
|rule|Baton Pass Clause: Limit one PokÃ©mon knowing Baton Pass
|rule|Sleep Clause Mod: Limit one foe put to sleep
|rule|Species Clause: Limit one of each PokÃ©mon
|rule|OHKO Clause: OHKO moves are banned
|rule|Moody Clause: Moody is banned
|rule|Evasion Moves Clause: Evasion moves are banned
|rule|Endless Battle Clause: Forcing endless battles is banned
|rule|HP Percentage Mod: HP is shown in percentages
|teampreview
|c|âFULL METAL JERK|hf
|join|kloshitt
|c|âpeere|gl
|join|TRICKING
|
|start
|switch|p1a: Landorus-Therian|Landorus-Therian, M|325\/325
|switch|p2a: Landorus-Therian|Landorus-Therian, M|327\/327
|-ability|p1a: Landorus-Therian|Intimidate|[of] p2a: Landorus-Therian
|-unboost|p2a: Landorus-Therian|atk|1
|-ability|p2a: Landorus-Therian|Intimidate|[of] p1a: Landorus-Therian
|-unboost|p1a: Landorus-Therian|atk|1
|turn|1
|
|move|p1a: Landorus-Therian|Hidden Power|p2a: Landorus-Therian
|-supereffective|p2a: Landorus-Therian
|-damage|p2a: Landorus-Therian|99\/327
|move|p2a: Landorus-Therian|U-turn|p1a: Landorus-Therian
|-resisted|p1a: Landorus-Therian
|-damage|p1a: Landorus-Therian|287\/325
|
|switch|p2a: Sableye|Sableye, M|304\/304
|
|turn|2
|
|switch|p1a: Heatran|Heatran, M|386\/386
|detailschange|p2a: Sableye|Sableye-Mega, M
|message|Sableye has Mega Evolved into Mega Sableye!
|move|p2a: Sableye|Will-O-Wisp|p1a: Heatran
|-start|p1a: Heatran|ability: Flash Fire
|
|turn|3
|
|switch|p1a: Keldeo|Keldeo|323\/323
|move|p2a: Sableye|Recover|p2a: Sableye
|-fail|p2a: Sableye
|
|turn|4
|
|switch|p2a: Latios|Latios, M|302\/302
|move|p1a: Keldeo|Scald|p2a: Latios
|-resisted|p2a: Latios
|-damage|p2a: Latios|200\/302
|
|turn|5
|
|switch|p1a: Heatran|Heatran, M|386\/386
|move|p2a: Latios|Roost|p2a: Latios
|-heal|p2a: Latios|302\/302
|
|turn|6
|
|switch|p2a: Sableye|Sableye-Mega, M|304\/304
|move|p1a: Heatran|Lava Plume|p2a: Sableye
|-damage|p2a: Sableye|190\/304
|
|turn|7
|
|move|p1a: Heatran|Lava Plume|p2a: Sableye
|-damage|p2a: Sableye|82\/304
|-status|p2a: Sableye|brn
|move|p2a: Sableye|Recover|p2a: Sableye
|-heal|p2a: Sableye|234\/304 brn
|
|-damage|p2a: Sableye|196\/304 brn|[from] brn
|turn|8
|
|switch|p1a: Keldeo|Keldeo|323\/323
|move|p2a: Sableye|Recover|p2a: Sableye
|-heal|p2a: Sableye|304\/304 brn
|
|-damage|p2a: Sableye|266\/304 brn|[from] brn
|turn|9
|
|switch|p2a: Rotom-Wash|Rotom-Wash|304\/304
|move|p1a: Keldeo|Hydro Pump|p2a: Rotom-Wash
|-resisted|p2a: Rotom-Wash
|-damage|p2a: Rotom-Wash|169\/304
|
|-heal|p2a: Rotom-Wash|188\/304|[from] item: Leftovers
|turn|10
|join|Yarti
|
|switch|p1a: Celebi|Celebi|401\/401
|move|p2a: Rotom-Wash|Volt Switch|p1a: Celebi
|-resisted|p1a: Celebi
|-damage|p1a: Celebi|357\/401
|
|switch|p2a: Landorus-Therian|Landorus-Therian, M|99\/327
|-ability|p2a: Landorus-Therian|Intimidate|[of] p1a: Celebi
|-unboost|p1a: Celebi|atk|1
|
|-heal|p1a: Celebi|382\/401|[from] item: Leftovers
|turn|11
|
|switch|p1a: Landorus-Therian|Landorus-Therian, M|287\/325
|-ability|p1a: Landorus-Therian|Intimidate|[of] p2a: Landorus-Therian
|-unboost|p2a: Landorus-Therian|atk|1
|move|p2a: Landorus-Therian|U-turn|p1a: Landorus-Therian
|-resisted|p1a: Landorus-Therian
|-damage|p1a: Landorus-Therian|251\/325
|
|switch|p2a: Rotom-Wash|Rotom-Wash|188\/304
|
|-heal|p2a: Rotom-Wash|207\/304|[from] item: Leftovers
|turn|12
|
|move|p1a: Landorus-Therian|U-turn|p2a: Rotom-Wash
|-damage|p2a: Rotom-Wash|142\/304
|
|switch|p1a: Heatran|Heatran, M|386\/386
|move|p2a: Rotom-Wash|Pain Split|p1a: Heatran
|-sethp|p1a: Heatran|264\/386|p2a: Rotom-Wash|264\/304|[from] move: Pain Split
|
|-heal|p2a: Rotom-Wash|283\/304|[from] item: Leftovers
|-heal|p1a: Heatran|288\/386|[from] item: Leftovers
|turn|13
|
|move|p1a: Heatran|Protect|p1a: Heatran
|-singleturn|p1a: Heatran|Protect
|move|p2a: Rotom-Wash|Volt Switch|p1a: Heatran
|-activate|p1a: Heatran|Protect
|
|-heal|p2a: Rotom-Wash|302\/304|[from] item: Leftovers
|-heal|p1a: Heatran|312\/386|[from] item: Leftovers
|turn|14
|c| Yarti|Inflikted the real :c
|
|move|p2a: Rotom-Wash|Volt Switch|p1a: Heatran
|-damage|p1a: Heatran|254\/386
|
|switch|p2a: Heatran|Heatran, F|386\/386
|move|p1a: Heatran|Toxic|p2a: Heatran
|-fail|p2a: Heatran
|
|-heal|p1a: Heatran|278\/386|[from] item: Leftovers
|turn|15
|
|switch|p2a: Sableye|Sableye-Mega, M|266\/304 brn
|switch|p1a: Keldeo|Keldeo|323\/323
|
|-damage|p2a: Sableye|228\/304 brn|[from] brn
|turn|16
|
|switch|p2a: Latios|Latios, M|302\/302
|move|p1a: Keldeo|Icy Wind|p2a: Latios
|-supereffective|p2a: Latios
|-damage|p2a: Latios|126\/302
|-unboost|p2a: Latios|spe|1
|
|turn|17
|
|switch|p1a: Celebi|Celebi|382\/401
|switch|p2a: Rotom-Wash|Rotom-Wash|302\/304
|
|-heal|p1a: Celebi|401\/401|[from] item: Leftovers
|-heal|p2a: Rotom-Wash|304\/304|[from] item: Leftovers
|turn|18
|
|move|p1a: Celebi|Baton Pass|p1a: Celebi
|
|switch|p1a: Heatran|Heatran, M|278\/386
|move|p2a: Rotom-Wash|Volt Switch|p1a: Heatran
|-damage|p1a: Heatran|220\/386
|
|switch|p2a: Heatran|Heatran, F|386\/386
|
|-heal|p1a: Heatran|244\/386|[from] item: Leftovers
|turn|19
|
|move|p1a: Heatran|Stealth Rock|p2a: Heatran
|-sidestart|p2: peere|move: Stealth Rock
|move|p2a: Heatran|Stealth Rock|p1a: Heatran
|-sidestart|p1: FULL METAL JERK|move: Stealth Rock
|
|-heal|p1a: Heatran|268\/386|[from] item: Leftovers
|turn|20
|
|switch|p1a: Keldeo|Keldeo|323\/323
|-damage|p1a: Keldeo|303\/323|[from] Stealth Rock
|switch|p2a: Sableye|Sableye-Mega, M|228\/304 brn
|-damage|p2a: Sableye|190\/304 brn|[from] Stealth Rock
|
|-damage|p2a: Sableye|152\/304 brn|[from] brn
|turn|21
|
|move|p1a: Keldeo|Scald|p2a: Sableye
|-damage|p2a: Sableye|0 fnt
|faint|p2a: Sableye
|
|
|switch|p2a: Rotom-Wash|Rotom-Wash|304\/304
|-damage|p2a: Rotom-Wash|266\/304|[from] Stealth Rock
|turn|22
|
|switch|p1a: Celebi|Celebi|401\/401
|-damage|p1a: Celebi|351\/401|[from] Stealth Rock
|move|p2a: Rotom-Wash|Volt Switch|p1a: Celebi
|-resisted|p1a: Celebi
|-damage|p1a: Celebi|314\/401
|
|switch|p2a: Landorus-Therian|Landorus-Therian, M|99\/327
|-damage|p2a: Landorus-Therian|59\/327|[from] Stealth Rock
|-ability|p2a: Landorus-Therian|Intimidate|[of] p1a: Celebi
|-unboost|p1a: Celebi|atk|1
|
|-heal|p1a: Celebi|339\/401|[from] item: Leftovers
|turn|23
|
|switch|p1a: Landorus-Therian|Landorus-Therian, M|251\/325
|-damage|p1a: Landorus-Therian|211\/325|[from] Stealth Rock
|-ability|p1a: Landorus-Therian|Intimidate|[of] p2a: Landorus-Therian
|-unboost|p2a: Landorus-Therian|atk|1
|move|p2a: Landorus-Therian|U-turn|p1a: Landorus-Therian
|-resisted|p1a: Landorus-Therian
|-damage|p1a: Landorus-Therian|175\/325
|
|switch|p2a: Rotom-Wash|Rotom-Wash|266\/304
|-damage|p2a: Rotom-Wash|228\/304|[from] Stealth Rock
|
|-heal|p2a: Rotom-Wash|247\/304|[from] item: Leftovers
|turn|24
|
|move|p1a: Landorus-Therian|U-turn|p2a: Rotom-Wash
|-damage|p2a: Rotom-Wash|184\/304
|
|switch|p1a: Celebi|Celebi|339\/401
|-damage|p1a: Celebi|289\/401|[from] Stealth Rock
|move|p2a: Rotom-Wash|Volt Switch|p1a: Celebi
|-resisted|p1a: Celebi
|-damage|p1a: Celebi|249\/401
|
|switch|p2a: Latios|Latios, M|126\/302
|-damage|p2a: Latios|89\/302|[from] Stealth Rock
|
|-heal|p1a: Celebi|274\/401|[from] item: Leftovers
|turn|25
|
|move|p2a: Latios|Draco Meteor|p1a: Celebi
|-damage|p1a: Celebi|1\/401
|-unboost|p2a: Latios|spa|2
|-damage|p2a: Latios|59\/302|[from] item: Life Orb
|move|p1a: Celebi|Baton Pass|p1a: Celebi
|
|switch|p1a: Greninja|Greninja, F|285\/285
|-damage|p1a: Greninja|250\/285|[from] Stealth Rock
|
|turn|26
|
|move|p1a: Greninja|Dark Pulse|p2a: Latios
|-start|p1a: Greninja|typechange|Dark|[from] Protean
|-supereffective|p2a: Latios
|-damage|p2a: Latios|0 fnt
|-damage|p1a: Greninja|222\/285|[from] item: Life Orb
|faint|p2a: Latios
|
|
|switch|p2a: Landorus-Therian|Landorus-Therian, M|59\/327
|-damage|p2a: Landorus-Therian|19\/327|[from] Stealth Rock
|-ability|p2a: Landorus-Therian|Intimidate|[of] p1a: Greninja
|-unboost|p1a: Greninja|atk|1
|turn|27
|
|switch|p1a: Celebi|Celebi|1\/401
|-damage|p1a: Celebi|0 fnt|[from] Stealth Rock
|faint|p1a: Celebi
|move|p2a: Landorus-Therian|Stone Edge|p1: Celebi|[notarget]
|-notarget
|
|
|switch|p1a: Lopunny|Lopunny, M|271\/271
|-damage|p1a: Lopunny|238\/271|[from] Stealth Rock
|turn|28
|
|detailschange|p1a: Lopunny|Lopunny-Mega, M
|message|Lopunny has Mega Evolved into Mega Lopunny!
|move|p1a: Lopunny|Fake Out|p2a: Landorus-Therian
|-damage|p2a: Landorus-Therian|0 fnt
|faint|p2a: Landorus-Therian
|
|
|switch|p2a: Jirachi|Jirachi|404\/404
|-damage|p2a: Jirachi|379\/404|[from] Stealth Rock
|turn|29
|
|switch|p1a: Heatran|Heatran, M|268\/386
|-damage|p1a: Heatran|220\/386|[from] Stealth Rock
|move|p2a: Jirachi|Toxic|p1a: Heatran
|-fail|p1a: Heatran
|
|-heal|p2a: Jirachi|404\/404|[from] item: Leftovers
|-heal|p1a: Heatran|244\/386|[from] item: Leftovers
|turn|30
|-message|peere forfeited.
|
|win|FULL METAL JERK
|c|âFULL METAL JERK|gg
|c|âpeere|gg
|leave|TRICKING
|c|âFULL METAL JERK|on to the next one