|inactive|Battle timer is ON: inactive players will automatically lose when time's up.
|join|peere
|join|Level 51
|player|p1|peere|97
|player|p2|Level 51|#level51
|gametype|singles
|gen|5
|tier|[Gen 5] UU
|rule|Sleep Clause Mod: Limit one foe put to sleep
|rule|Species Clause: Limit one of each Pokemon
|rule|OHKO Clause: OHKO moves are banned
|rule|Moody Clause: Moody is banned
|rule|Evasion Moves Clause: Evasion moves are banned
|rule|Endless Battle Clause: Forcing endless battles is banned.
|rule|HP Percentage Mod: HP is reported as percentages
|rule|Evasion Abilities Clause: Evasion abilities are banned
|clearpoke
|poke|p1|Clefable, F
|poke|p1|Mew
|poke|p1|Porygon2
|poke|p1|Cofagrigus, F
|poke|p1|Togekiss, F
|poke|p1|Cresselia, F
|poke|p2|Ludicolo, M
|poke|p2|Kabutops, F
|poke|p2|Kingdra, M
|poke|p2|Empoleon, M
|poke|p2|Azelf
|poke|p2|Tornadus, M
|teampreview
|join|Brazilian Army
|chat|Level 51|my team \/is\/ legal right
|chat|Level 51|i didnt check the rules properly haha
|chat|peere|just victini\/chandelure\/hail banned
|join|Ditto
|chat|Level 51|oh ok
|
|start
|switch|p1a: Mew|Mew|404\/404
|switch|p2a: Azelf|Azelf|354\/354
|turn|1
|
|move|p1a: Mew|Trick|p2a: Azelf
|-activate|p1a: Mew|move: Trick|[of] p2a: Azelf
|-item|p2a: Azelf|Choice Scarf|[from] move: Trick
|-item|p1a: Mew|Damp Rock|[from] move: Trick
|move|p2a: Azelf|Taunt|p1a: Mew
|-start|p1a: Mew|move: Taunt
|
|turn|2
|
|switch|p2a: Empoleon|Empoleon, M|372\/372
|switch|p1a: Clefable|Clefable, F|394\/394
|
|-status|p1a: Clefable|tox|[from] item: Toxic Orb
|turn|3
|
|move|p2a: Empoleon|Swords Dance|p2a: Empoleon
|-boost|p2a: Empoleon|atk|2
|move|p1a: Clefable|Thunder Wave|p2a: Empoleon
|-status|p2a: Empoleon|par
|
|turn|4
|
|move|p1a: Clefable|Encore|p2a: Empoleon
|-start|p2a: Empoleon|Encore
|move|p2a: Empoleon|Swords Dance|p2a: Empoleon
|-boost|p2a: Empoleon|atk|2
|
|turn|5
|
|move|p1a: Clefable|Thunder Wave|p2a: Empoleon
|-fail|p2a: Empoleon|par
|move|p2a: Empoleon|Swords Dance|p2a: Empoleon
|-boost|p2a: Empoleon|atk|2
|
|turn|6
|
|move|p1a: Clefable|Thunder Wave|p2a: Empoleon
|-fail|p2a: Empoleon|par
|move|p2a: Empoleon|Swords Dance|p2a: Empoleon
|-fail|p2a: Empoleon
|
|-end|p2a: Empoleon|Encore
|turn|7
|
|cant|p2a: Empoleon|par
|move|p1a: Clefable|Encore|p2a: Empoleon
|-start|p2a: Empoleon|Encore
|
|turn|8
|chat|Level 51|wow bs
|
|move|p1a: Clefable|Seismic Toss|p2a: Empoleon
|-damage|p2a: Empoleon|272\/372 par
|move|p2a: Empoleon|Swords Dance|p2a: Empoleon
|-fail|p2a: Empoleon
|
|turn|9
|
|move|p1a: Clefable|Seismic Toss|p2a: Empoleon
|-damage|p2a: Empoleon|172\/372 par
|move|p2a: Empoleon|Swords Dance|p2a: Empoleon
|-fail|p2a: Empoleon
|
|turn|10
|
|move|p1a: Clefable|Seismic Toss|p2a: Empoleon
|-damage|p2a: Empoleon|72\/372 par
|cant|p2a: Empoleon|par
|
|-end|p2a: Empoleon|Encore
|turn|11
|
|move|p2a: Empoleon|Aqua Jet|p1a: Clefable
|-crit|p1a: Clefable
|-damage|p1a: Clefable|0 fnt
|faint|p1a: Clefable
|
|chat|Level 51|err
|
|switch|p1a: Cresselia|Cresselia, F|439\/439
|turn|12
|
|cant|p2a: Empoleon|par
|move|p1a: Cresselia|Psychic|p2a: Empoleon
|-resisted|p2a: Empoleon
|-damage|p2a: Empoleon|21\/372 par
|
|turn|13
|
|cant|p2a: Empoleon|par
|move|p1a: Cresselia|Psychic|p2a: Empoleon
|-resisted|p2a: Empoleon
|-damage|p2a: Empoleon|0 fnt
|faint|p2a: Empoleon
|
|chat|Level 51|this is kind of lame
|
|switch|p2a: Azelf|Azelf|354\/354
|turn|14
|
|switch|p1a: Porygon2|Porygon2|374\/374
|-boost|p1a: Porygon2|spa|1|[from] ability: Download
|move|p2a: Azelf|Stealth Rock|p1a: Porygon2
|-sidestart|p1: peere|move: Stealth Rock
|
|turn|15
|
|switch|p2a: Tornadus|Tornadus, M|300\/300
|move|p1a: Porygon2|Thunderbolt|p2a: Tornadus
|-supereffective|p2a: Tornadus
|-damage|p2a: Tornadus|0 fnt
|faint|p2a: Tornadus
|
|
|switch|p2a: Azelf|Azelf|354\/354
|turn|16
|
|move|p2a: Azelf|Rain Dance|p2a: Azelf
|-weather|RainDance
|move|p1a: Porygon2|Thunder Wave|p2a: Azelf
|-status|p2a: Azelf|par
|
|-weather|RainDance|[upkeep]
|turn|17
|
|switch|p2a: Ludicolo|Ludicolo, M|302\/302
|move|p1a: Porygon2|Thunder Wave|p2a: Ludicolo
|-status|p2a: Ludicolo|par
|
|-weather|RainDance|[upkeep]
|turn|18
|
|move|p1a: Porygon2|Thunderbolt|p2a: Ludicolo
|-damage|p2a: Ludicolo|131\/302 par
|move|p2a: Ludicolo|Hydro Pump|p1a: Porygon2
|-damage|p1a: Porygon2|82\/374
|
|-weather|RainDance|[upkeep]
|turn|19
|
|move|p1a: Porygon2|Thunderbolt|p2a: Ludicolo
|-damage|p2a: Ludicolo|0 fnt
|faint|p2a: Ludicolo
|
|-weather|RainDance|[upkeep]
|
|switch|p2a: Kingdra|Kingdra, M|291\/291
|turn|20
|
|move|p2a: Kingdra|Surf|p1a: Porygon2
|-damage|p1a: Porygon2|0 fnt
|faint|p1a: Porygon2
|
|-weather|none
|
|switch|p1a: Togekiss|Togekiss, F|371\/371
|-damage|p1a: Togekiss|279\/371|[from] Stealth Rock
|turn|21
|
|move|p2a: Kingdra|Surf|p1a: Togekiss
|-damage|p1a: Togekiss|117\/371
|move|p1a: Togekiss|Body Slam|p2a: Kingdra
|-damage|p2a: Kingdra|233\/291
|
|-heal|p1a: Togekiss|140\/371|[from] item: Leftovers
|turn|22
|
|move|p2a: Kingdra|Surf|p1a: Togekiss
|-damage|p1a: Togekiss|0 fnt
|faint|p1a: Togekiss
|
|
|switch|p1a: Mew|Mew|404\/404
|-damage|p1a: Mew|354\/404|[from] Stealth Rock
|turn|23
|
|switch|p2a: Azelf|Azelf|354\/354 par
|move|p1a: Mew|Thunder Wave|p2a: Azelf
|-fail|p2a: Azelf|par
|
|turn|24
|
|switch|p1a: Cresselia|Cresselia, F|439\/439
|-damage|p1a: Cresselia|385\/439|[from] Stealth Rock
|cant|p2a: Azelf|par
|
|-heal|p1a: Cresselia|412\/439|[from] item: Leftovers
|turn|25
|
|move|p1a: Cresselia|Thunder Wave|p2a: Azelf
|-fail|p2a: Azelf|par
|move|p2a: Azelf|Rain Dance|p2a: Azelf
|-weather|RainDance
|
|-weather|RainDance|[upkeep]
|-heal|p1a: Cresselia|439\/439|[from] item: Leftovers
|turn|26
|
|move|p1a: Cresselia|Thunder Wave|p2a: Azelf
|-fail|p2a: Azelf|par
|move|p2a: Azelf|Rain Dance|p2a: Azelf
|-fail|p2a: Azelf
|
|-weather|RainDance|[upkeep]
|turn|27
|
|move|p1a: Cresselia|Thunder Wave|p2a: Azelf
|-fail|p2a: Azelf|par
|move|p2a: Azelf|Rain Dance|p2a: Azelf
|-fail|p2a: Azelf
|
|-weather|RainDance|[upkeep]
|turn|28
|
|move|p1a: Cresselia|Thunder Wave|p2a: Azelf
|-fail|p2a: Azelf|par
|move|p2a: Azelf|Rain Dance|p2a: Azelf
|-fail|p2a: Azelf
|
|-weather|RainDance|[upkeep]
|turn|29
|
|move|p1a: Cresselia|Thunder Wave|p2a: Azelf
|-fail|p2a: Azelf|par
|cant|p2a: Azelf|par
|
|-weather|none
|turn|30
|
|move|p1a: Cresselia|Thunder Wave|p2a: Azelf
|-fail|p2a: Azelf|par
|move|p2a: Azelf|Rain Dance|p2a: Azelf
|-weather|RainDance
|
|-weather|RainDance|[upkeep]
|turn|31
|
|move|p1a: Cresselia|Thunder Wave|p2a: Azelf
|-fail|p2a: Azelf|par
|move|p2a: Azelf|Rain Dance|p2a: Azelf
|-fail|p2a: Azelf
|
|-weather|RainDance|[upkeep]
|turn|32
|
|switch|p2a: Kabutops|Kabutops, F|262\/262
|move|p1a: Cresselia|Thunder Wave|p2a: Kabutops
|-status|p2a: Kabutops|par
|
|-weather|RainDance|[upkeep]
|turn|33
|
|move|p1a: Cresselia|Psychic|p2a: Kabutops
|-damage|p2a: Kabutops|108\/262 par
|move|p2a: Kabutops|Waterfall|p1a: Cresselia
|-damage|p1a: Cresselia|193\/439
|
|-weather|RainDance|[upkeep]
|-heal|p1a: Cresselia|220\/439|[from] item: Leftovers
|turn|34
|
|move|p1a: Cresselia|Psychic|p2a: Kabutops
|-damage|p2a: Kabutops|0 fnt
|faint|p2a: Kabutops
|
|-weather|none
|-heal|p1a: Cresselia|247\/439|[from] item: Leftovers
|
|switch|p2a: Azelf|Azelf|354\/354 par
|turn|35
|
|move|p1a: Cresselia|Moonlight|p1a: Cresselia
|-heal|p1a: Cresselia|439\/439
|move|p2a: Azelf|Explosion|p1a: Cresselia
|-crit|p1a: Cresselia
|-damage|p1a: Cresselia|98\/439
|faint|p2a: Azelf
|
|-heal|p1a: Cresselia|125\/439|[from] item: Leftovers
|
|switch|p2a: Kingdra|Kingdra, M|233\/291
|turn|36
|
|move|p2a: Kingdra|Surf|p1a: Cresselia
|-damage|p1a: Cresselia|0 fnt
|faint|p1a: Cresselia
|
|
|switch|p1a: Mew|Mew|354\/404
|-damage|p1a: Mew|304\/404|[from] Stealth Rock
|turn|37
|
|move|p2a: Kingdra|Surf|p1a: Mew
|-damage|p1a: Mew|130\/404
|move|p1a: Mew|Thunder Wave|p2a: Kingdra
|-status|p2a: Kingdra|par
|
|turn|38
|
|move|p1a: Mew|Roost|p1a: Mew
|-heal|p1a: Mew|332\/404
|move|p2a: Kingdra|Surf|p1a: Mew
|-damage|p1a: Mew|136\/404
|
|turn|39
|chat|Level 51|is your entire team really parahax
|chat|peere|yeah fun team imo
|
|move|p1a: Mew|Roost|p1a: Mew
|-heal|p1a: Mew|338\/404
|move|p2a: Kingdra|Surf|p1a: Mew
|-damage|p1a: Mew|142\/404
|
|turn|40
|chat|Level 51|yeah
|chat|Level 51|real fun
|
|move|p1a: Mew|Roost|p1a: Mew
|-heal|p1a: Mew|344\/404
|cant|p2a: Kingdra|par
|
|turn|41
|chat|Level 51|._.
|
|move|p1a: Mew|Transform|p2a: Kingdra
|-transform|p1a: Mew|p2a: Kingdra
|move|p2a: Kingdra|Surf|p1a: Mew
|-resisted|p1a: Mew
|-damage|p1a: Mew|289\/404
|
|turn|42
|leave|Level 51
|player|p2
|leave|Ditto
|leave|Brazilian Army
|-message|Player 2 lost due to inactivity.
|
|win|peere