|join|FULL METAL JERK
|join|peere
|player|p1|FULL METAL JERK|225
|player|p2|peere|97
|gametype|singles
|gen|6
|tier|OU
|clearpoke
|poke|p1|Klefki, F
|poke|p1|Bisharp, F
|poke|p1|Landorus-Therian, M
|poke|p1|Heracross, F
|poke|p1|Latias, F
|poke|p1|Magneton
|poke|p2|Regice
|poke|p2|Latias, F
|poke|p2|Gallade, M
|poke|p2|Heatran, M
|poke|p2|Staraptor, F
|poke|p2|Rotom-Wash
|rule|Swagger Clause: Swagger is banned
|rule|Baton Pass Clause: Limit one PokÃ©mon knowing Baton Pass
|rule|Sleep Clause Mod: Limit one foe put to sleep
|rule|Species Clause: Limit one of each PokÃ©mon
|rule|OHKO Clause: OHKO moves are banned
|rule|Moody Clause: Moody is banned
|rule|Evasion Moves Clause: Evasion moves are banned
|rule|Endless Battle Clause: Forcing endless battles is banned
|rule|HP Percentage Mod: HP is shown in percentages
|teampreview
|join|Yarti
|c|âFULL METAL JERK|oh
|c|âFULL METAL JERK|nice regice o.o
|c|âFULL METAL JERK|gl hf
|c|âpeere|u2
|join|TRICKING
|
|start
|switch|p1a: Landorus-Therian|Landorus-Therian, M|319\/319
|switch|p2a: Rotom-Wash|Rotom-Wash|304\/304
|-ability|p1a: Landorus-Therian|Intimidate|[of] p2a: Rotom-Wash
|-unboost|p2a: Rotom-Wash|atk|1
|turn|1
|
|move|p1a: Landorus-Therian|U-turn|p2a: Rotom-Wash
|-damage|p2a: Rotom-Wash|236\/304
|
|switch|p1a: Latias|Latias, F|309\/309
|move|p2a: Rotom-Wash|Hydro Pump|p1a: Latias
|-resisted|p1a: Latias
|-damage|p1a: Latias|256\/309
|
|-heal|p2a: Rotom-Wash|255\/304|[from] item: Leftovers
|turn|2
|
|switch|p1a: Heracross|Heracross, F|301\/301
|switch|p2a: Heatran|Heatran, M|324\/324
|
|turn|3
|
|detailschange|p1a: Heracross|Heracross-Mega, F
|message|Heracross has Mega Evolved into Mega Heracross!
|move|p1a: Heracross|Close Combat|p2a: Heatran
|-supereffective|p2a: Heatran
|-damage|p2a: Heatran|0 fnt
|-unboost|p1a: Heracross|def|1
|-unboost|p1a: Heracross|spd|1
|faint|p2a: Heatran
|
|leave|TRICKING
|
|switch|p2a: Gallade|Gallade, M|278\/278
|turn|4
|
|switch|p1a: Landorus-Therian|Landorus-Therian, M|319\/319
|-ability|p1a: Landorus-Therian|Intimidate|[of] p2a: Gallade
|-unboost|p2a: Gallade|atk|1
|detailschange|p2a: Gallade|Gallade-Mega, M
|message|Gallade has Mega Evolved into Mega Gallade!
|move|p2a: Gallade|Will-O-Wisp|p1a: Landorus-Therian
|-status|p1a: Landorus-Therian|brn
|
|-damage|p1a: Landorus-Therian|280\/319 brn|[from] brn
|turn|5
|
|switch|p2a: Staraptor|Staraptor, F|319\/319
|-ability|p2a: Staraptor|Intimidate|[of] p1a: Landorus-Therian
|-unboost|p1a: Landorus-Therian|atk|1
|move|p1a: Landorus-Therian|Stealth Rock|p2a: Staraptor
|-sidestart|p2: peere|move: Stealth Rock
|
|-damage|p1a: Landorus-Therian|241\/319 brn|[from] brn
|turn|6
|
|switch|p1a: Klefki|Klefki, F|318\/318
|move|p2a: Staraptor|Brave Bird|p1a: Klefki
|-resisted|p1a: Klefki
|-damage|p1a: Klefki|153\/318
|-damage|p2a: Staraptor|265\/319|[from] recoil|[of] p1a: Klefki
|
|-heal|p1a: Klefki|172\/318|[from] item: Leftovers
|turn|7
|
|switch|p2a: Rotom-Wash|Rotom-Wash|255\/304
|-damage|p2a: Rotom-Wash|217\/304|[from] Stealth Rock
|move|p1a: Klefki|Play Rough|p2a: Rotom-Wash
|-damage|p2a: Rotom-Wash|153\/304
|
|-heal|p2a: Rotom-Wash|172\/304|[from] item: Leftovers
|-heal|p1a: Klefki|191\/318|[from] item: Leftovers
|turn|8
|
|move|p1a: Klefki|Spikes|p2a: Rotom-Wash
|-sidestart|p2: peere|Spikes
|move|p2a: Rotom-Wash|Hydro Pump|p1a: Klefki|[miss]
|-miss|p2a: Rotom-Wash|p1a: Klefki
|
|-heal|p2a: Rotom-Wash|191\/304|[from] item: Leftovers
|-heal|p1a: Klefki|210\/318|[from] item: Leftovers
|turn|9
|
|switch|p1a: Latias|Latias, F|256\/309
|move|p2a: Rotom-Wash|Hydro Pump|p1a: Latias
|-resisted|p1a: Latias
|-damage|p1a: Latias|205\/309
|
|-heal|p2a: Rotom-Wash|210\/304|[from] item: Leftovers
|turn|10
|
|move|p1a: Latias|Draco Meteor|p2a: Rotom-Wash
|-damage|p2a: Rotom-Wash|0 fnt
|-unboost|p1a: Latias|spa|2
|-damage|p1a: Latias|175\/309|[from] item: Life Orb
|faint|p2a: Rotom-Wash
|
|
|switch|p2a: Gallade|Gallade-Mega, M|278\/278
|-damage|p2a: Gallade|261\/278|[from] Stealth Rock
|-damage|p2a: Gallade|227\/278|[from] Spikes
|turn|11
|
|switch|p1a: Landorus-Therian|Landorus-Therian, M|241\/319 brn
|-ability|p1a: Landorus-Therian|Intimidate|[of] p2a: Gallade
|-unboost|p2a: Gallade|atk|1
|move|p2a: Gallade|Knock Off|p1a: Landorus-Therian
|-damage|p1a: Landorus-Therian|148\/319 brn
|-enditem|p1a: Landorus-Therian|Earth Plate|[from] move: Knock Off|[of] p2a: Gallade
|
|-damage|p1a: Landorus-Therian|109\/319 brn|[from] brn
|turn|12
|
|move|p2a: Gallade|Knock Off|p1a: Landorus-Therian
|-damage|p1a: Landorus-Therian|42\/319 brn
|move|p1a: Landorus-Therian|U-turn|p2a: Gallade
|-damage|p2a: Gallade|173\/278
|
|switch|p1a: Klefki|Klefki, F|210\/318
|
|-heal|p1a: Klefki|229\/318|[from] item: Leftovers
|turn|13
|
|move|p1a: Klefki|Thunder Wave|p2a: Gallade
|-status|p2a: Gallade|par
|move|p2a: Gallade|Close Combat|p1a: Klefki
|-damage|p1a: Klefki|33\/318
|-unboost|p2a: Gallade|def|1
|-unboost|p2a: Gallade|spd|1
|
|-heal|p1a: Klefki|52\/318|[from] item: Leftovers
|turn|14
|
|switch|p2a: Staraptor|Staraptor, F|265\/319
|-damage|p2a: Staraptor|186\/319|[from] Stealth Rock
|-ability|p2a: Staraptor|Intimidate|[of] p1a: Klefki
|-unboost|p1a: Klefki|atk|1
|move|p1a: Klefki|Play Rough|p2a: Staraptor
|-damage|p2a: Staraptor|107\/319
|
|-heal|p1a: Klefki|71\/318|[from] item: Leftovers
|turn|15
|
|switch|p1a: Landorus-Therian|Landorus-Therian, M|42\/319 brn
|-ability|p1a: Landorus-Therian|Intimidate|[of] p2a: Staraptor
|-unboost|p2a: Staraptor|atk|1
|move|p2a: Staraptor|Close Combat|p1a: Landorus-Therian
|-resisted|p1a: Landorus-Therian
|-damage|p1a: Landorus-Therian|0 fnt
|-unboost|p2a: Staraptor|def|1
|-unboost|p2a: Staraptor|spd|1
|faint|p1a: Landorus-Therian
|
|
|switch|p1a: Bisharp|Bisharp, F|269\/269
|turn|16
|
|move|p1a: Bisharp|Sucker Punch|p2a: Staraptor
|-damage|p2a: Staraptor|0 fnt
|-damage|p1a: Bisharp|243\/269|[from] item: Life Orb
|faint|p2a: Staraptor
|
|-message|peere forfeited.
|
|win|FULL METAL JERK
|c|âpeere|ggs
|c|âFULL METAL JERK|ggs
|leave|Yarti
|join|Yarti
|leave|peere
|player|p2
|leave|Yarti
|join|kloshitt
|join|Yarti
|leave|Yarti
|leave|kloshitt
|join|during summer
|leave|during summer