|join|misato2
|join|likewhy2
|player|p1|misato2|233
|player|p2|likewhy2|52
|gametype|singles
|gen|6
|tier|UU
|rated
|rule|Sleep Clause Mod: Limit one foe put to sleep
|rule|Species Clause: Limit one of each PokÃ©mon
|rule|OHKO Clause: OHKO moves are banned
|rule|Moody Clause: Moody is banned
|rule|Evasion Moves Clause: Evasion moves are banned
|rule|Endless Battle Clause: Forcing endless battles is banned
|rule|HP Percentage Mod: HP is shown in percentages
|clearpoke
|poke|p1|Alakazam, M
|poke|p1|Crobat, M
|poke|p1|Krookodile, M
|poke|p1|Uxie
|poke|p1|Florges, F
|poke|p1|Vaporeon, F, shiny
|poke|p2|Blastoise, M
|poke|p2|Raikou
|poke|p2|Chesnaught, F
|poke|p2|Lucario, F
|poke|p2|Nidoqueen, F
|poke|p2|Yanmega, M
|rule|Swagger Clause: Swagger is banned
|rule|Baton Pass Clause: Limit one PokÃ©mon knowing Baton Pass
|teampreview
|
|start
|switch|p1a: Hinata|Vaporeon, F, shiny|464\/464
|switch|p2a: Yanmega|Yanmega, M|313\/313
|turn|1
|
|switch|p2a: Raikou|Raikou|321\/321
|-ability|p2a: Raikou|Pressure
|move|p1a: Hinata|Ice Beam|p2a: Raikou
|-damage|p2a: Raikou|268\/321
|
|turn|2
|
|switch|p1a: Deity|Uxie|354\/354
|move|p2a: Raikou|Hidden Power|p1a: Deity
|-damage|p1a: Deity|301\/354
|
|-heal|p1a: Deity|323\/354|[from] item: Leftovers
|turn|3
|
|move|p2a: Raikou|Volt Switch|p1a: Deity
|-damage|p1a: Deity|236\/354
|
|switch|p2a: Blastoise|Blastoise, M|361\/361
|move|p1a: Deity|Stealth Rock|p2a: Blastoise
|-sidestart|p2: likewhy2|move: Stealth Rock
|
|-heal|p1a: Deity|258\/354|[from] item: Leftovers
|turn|4
|
|switch|p1a: despair|Florges, F|360\/360
|detailschange|p2a: Blastoise|Blastoise-Mega, M
|-mega|p2a: Blastoise|Blastoise|Blastoisinite
|move|p2a: Blastoise|Rapid Spin|p1a: despair
|-damage|p1a: despair|339\/360
|-sideend|p2: likewhy2|Stealth Rock|[from] move: Rapid Spin|[of] p2a: Blastoise
|
|turn|5
|
|switch|p2a: Nidoqueen|Nidoqueen, F|351\/351
|move|p1a: despair|Energy Ball|p2a: Nidoqueen
|-damage|p2a: Nidoqueen|226\/351
|
|turn|6
|
|move|p2a: Nidoqueen|Stealth Rock|p1a: despair
|-sidestart|p1: misato2|move: Stealth Rock
|move|p1a: despair|Psychic|p2a: Nidoqueen
|-supereffective|p2a: Nidoqueen
|-damage|p2a: Nidoqueen|0 fnt
|faint|p2a: Nidoqueen
|
|
|switch|p2a: Lucario|Lucario, F|281\/281
|turn|7
|
|move|p2a: Lucario|Iron Tail|p1a: despair
|-supereffective|p1a: despair
|-damage|p1a: despair|0 fnt
|-damage|p2a: Lucario|253\/281|[from] item: Life Orb
|faint|p1a: despair
|
|
|switch|p1a: steal yo gurl|Krookodile, M|332\/332
|-damage|p1a: steal yo gurl|312\/332|[from] Stealth Rock
|turn|8
|
|move|p1a: steal yo gurl|Pursuit|p2a: Lucario|[from]Pursuit
|-resisted|p2a: Lucario
|-damage|p2a: Lucario|164\/281
|-boost|p2a: Lucario|atk|1|[from] ability: Justified
|switch|p2a: Chesnaught|Chesnaught, F|377\/377
|
|turn|9
|
|switch|p1a: Archie|Crobat, M|312\/312
|-damage|p1a: Archie|234\/312|[from] Stealth Rock
|move|p2a: Chesnaught|Leech Seed|p1a: Archie
|-start|p1a: Archie|move: Leech Seed
|
|-damage|p1a: Archie|195\/312|[from] Leech Seed|[of] p2a: Chesnaught
|turn|10
|
|switch|p2a: Raikou|Raikou|268\/321
|-ability|p2a: Raikou|Pressure
|move|p1a: Archie|Defog|p2a: Raikou
|-unboost|p2a: Raikou|evasion|1
|-sideend|p1: misato2|Stealth Rock|[from] move: Defog|[of] p1a: Archie
|
|-damage|p1a: Archie|156\/312|[from] Leech Seed|[of] p2a: Raikou
|-heal|p2a: Raikou|307\/321|[silent]
|turn|11
|
|move|p1a: Archie|Cross Poison|p2a: Raikou
|-crit|p2a: Raikou
|-damage|p2a: Raikou|81\/321
|-status|p2a: Raikou|psn
|-damage|p1a: Archie|125\/312|[from] item: Life Orb
|move|p2a: Raikou|Volt Switch|p1a: Archie
|-supereffective|p1a: Archie
|-damage|p1a: Archie|0 fnt
|faint|p1a: Archie
|
|switch|p2a: Yanmega|Yanmega, M|313\/313
|
|
|switch|p1a: Deity|Uxie|258\/354
|turn|12
|
|move|p2a: Yanmega|Bug Buzz|p1a: Deity
|-supereffective|p1a: Deity
|-damage|p1a: Deity|0 fnt
|-damage|p2a: Yanmega|282\/313|[from] item: Life Orb
|faint|p1a: Deity
|
|-boost|p2a: Yanmega|spe|1|[from] ability: Speed Boost
|
|switch|p1a: Majik|Alakazam, M|251\/251
|turn|13
|
|move|p2a: Yanmega|Bug Buzz|p1a: Majik
|-supereffective|p1a: Majik
|-enditem|p1a: Majik|Focus Sash
|-damage|p1a: Majik|1\/251
|-unboost|p1a: Majik|spd|1
|-damage|p2a: Yanmega|251\/313|[from] item: Life Orb
|move|p1a: Majik|Psychic|p2a: Yanmega
|-damage|p2a: Yanmega|8\/313
|
|-boost|p2a: Yanmega|spe|1|[from] ability: Speed Boost
|turn|14
|
|switch|p1a: Hinata|Vaporeon, F, shiny|464\/464
|move|p2a: Yanmega|Giga Drain|p1a: Hinata
|-supereffective|p1a: Hinata
|-damage|p1a: Hinata|259\/464
|-heal|p2a: Yanmega|111\/313|[from] drain|[of] p1a: Hinata
|-damage|p2a: Yanmega|80\/313|[from] item: Life Orb
|
|-heal|p1a: Hinata|288\/464|[from] item: Leftovers
|-boost|p2a: Yanmega|spe|1|[from] ability: Speed Boost
|turn|15
|
|move|p2a: Yanmega|Bug Buzz|p1a: Hinata
|-damage|p1a: Hinata|85\/464
|-damage|p2a: Yanmega|49\/313|[from] item: Life Orb
|move|p1a: Hinata|Ice Beam|p2a: Yanmega
|-supereffective|p2a: Yanmega
|-damage|p2a: Yanmega|0 fnt
|faint|p2a: Yanmega
|
|-heal|p1a: Hinata|114\/464|[from] item: Leftovers
|
|switch|p2a: Lucario|Lucario, F|164\/281
|turn|16
|
|move|p2a: Lucario|Close Combat|p1a: Hinata
|-damage|p1a: Hinata|0 fnt
|-unboost|p2a: Lucario|def|1
|-unboost|p2a: Lucario|spd|1
|-damage|p2a: Lucario|136\/281|[from] item: Life Orb
|faint|p1a: Hinata
|
|
|switch|p1a: steal yo gurl|Krookodile, M|312\/332
|turn|17
|
|move|p1a: steal yo gurl|Earthquake|p2a: Lucario
|-supereffective|p2a: Lucario
|-damage|p2a: Lucario|0 fnt
|faint|p2a: Lucario
|-boost|p1a: steal yo gurl|atk|1|[from] ability: Moxie
|
|
|switch|p2a: Chesnaught|Chesnaught, F|377\/377
|turn|18
|
|switch|p1a: Majik|Alakazam, M|1\/251
|move|p2a: Chesnaught|Drain Punch|p1a: Majik
|-resisted|p1a: Majik
|-damage|p1a: Majik|0 fnt
|faint|p1a: Majik
|
|
|switch|p1a: steal yo gurl|Krookodile, M|312\/332
|turn|19
|c|âmisato2|gg
|
|move|p1a: steal yo gurl|Superpower|p2a: Chesnaught
|-damage|p2a: Chesnaught|279\/377
|-unboost|p1a: steal yo gurl|atk|1
|-unboost|p1a: steal yo gurl|def|1
|move|p2a: Chesnaught|Drain Punch|p1a: steal yo gurl
|-supereffective|p1a: steal yo gurl
|-damage|p1a: steal yo gurl|0 fnt
|-heal|p2a: Chesnaught|377\/377|[from] drain|[of] p1a: steal yo gurl
|faint|p1a: steal yo gurl
|
|win|likewhy2
|raw|Ladder updating...
|raw|misato2's rating: 1332 &rarr; <strong>1304<\/strong><br \/>(-28 for losing)
|raw|likewhy2's rating: 1179 &rarr; <strong>1214<\/strong><br \/>(+35 for winning)
|c|âlikewhy2|gg