|join|Gordy Lifestyle
|join|Kev321321
|player|p1|Gordy Lifestyle|16
|player|p2|Kev321321|92
|gametype|singles
|gen|6
|tier|UU
|rated
|rule|Sleep Clause Mod: Limit one foe put to sleep
|rule|Species Clause: Limit one of each PokÃ©mon
|rule|OHKO Clause: OHKO moves are banned
|rule|Moody Clause: Moody is banned
|rule|Evasion Moves Clause: Evasion moves are banned
|rule|Endless Battle Clause: Forcing endless battles is banned
|rule|HP Percentage Mod: HP is shown in percentages
|clearpoke
|poke|p1|Shedinja
|poke|p1|Absol, F
|poke|p1|Xatu, F
|poke|p1|Cobalion
|poke|p1|Archeops, M
|poke|p1|Tentacruel, F
|poke|p2|Kabutops, M
|poke|p2|Alakazam, F
|poke|p2|Milotic, F
|poke|p2|Metagross
|poke|p2|Blastoise, F
|poke|p2|Ludicolo, M
|rule|Swagger Clause: Swagger is banned
|rule|Baton Pass Clause: Limit one PokÃ©mon knowing Baton Pass
|teampreview
|
|start
|switch|p1a: Fairy\/Dark plz|Absol, F|271\/271
|switch|p2a: Omastarr|Blastoise, F|300\/300
|turn|1
|
|switch|p1a: Ten Tickles|Tentacruel, F|364\/364
|detailschange|p2a: Omastarr|Blastoise-Mega, F
|message|Blastoise has Mega Evolved into Mega Blastoise!
|move|p2a: Omastarr|Aura Sphere|p1a: Ten Tickles
|-crit|p1a: Ten Tickles
|-resisted|p1a: Ten Tickles
|-damage|p1a: Ten Tickles|295\/364
|
|-heal|p1a: Ten Tickles|317\/364|[from] item: Black Sludge
|turn|2
|
|switch|p2a: Kinglerr|Metagross|364\/364
|move|p1a: Ten Tickles|Toxic Spikes|p2a: Kinglerr
|-sidestart|p2: Kev321321|move: Toxic Spikes
|
|-heal|p1a: Ten Tickles|339\/364|[from] item: Black Sludge
|turn|3
|
|switch|p1a: DOOT DOOT|Xatu, F|334\/334
|move|p2a: Kinglerr|Stealth Rock|p1a: DOOT DOOT
|move|p1a: DOOT DOOT|Stealth Rock|p2a: Kinglerr|[from]Magic Bounce
|-sidestart|p2: Kev321321|move: Stealth Rock
|
|turn|4
|
|switch|p2a: Omastarr|Blastoise-Mega, F|300\/300
|-status|p2a: Omastarr|psn
|-damage|p2a: Omastarr|263\/300 psn|[from] Stealth Rock
|move|p1a: DOOT DOOT|Night Shade|p2a: Omastarr
|-damage|p2a: Omastarr|163\/300 psn
|
|-damage|p2a: Omastarr|126\/300 psn|[from] psn
|turn|5
|
|move|p1a: DOOT DOOT|Grass Knot|p2a: Omastarr
|-supereffective|p2a: Omastarr
|-damage|p2a: Omastarr|24\/300 psn
|move|p2a: Omastarr|Rapid Spin|p1a: DOOT DOOT
|-damage|p1a: DOOT DOOT|321\/334
|-damage|p2a: Omastarr|0 fnt|[from] item: Rocky Helmet|[of] p1a: DOOT DOOT
|faint|p2a: Omastarr
|
|
|switch|p2a: Gyaradoss|Milotic, F|332\/332
|-status|p2a: Gyaradoss|psn
|-damage|p2a: Gyaradoss|291\/332 psn|[from] Stealth Rock
|turn|6
|
|move|p1a: DOOT DOOT|Night Shade|p2a: Gyaradoss
|-damage|p2a: Gyaradoss|191\/332 psn
|move|p2a: Gyaradoss|Rain Dance|p2a: Gyaradoss
|-weather|RainDance
|
|-weather|RainDance|[upkeep]
|-damage|p2a: Gyaradoss|150\/332 psn|[from] psn
|turn|7
|
|move|p1a: DOOT DOOT|Grass Knot|p2a: Gyaradoss
|-supereffective|p2a: Gyaradoss
|-damage|p2a: Gyaradoss|60\/332 psn
|move|p2a: Gyaradoss|Ice Beam|p1a: DOOT DOOT
|-supereffective|p1a: DOOT DOOT
|-damage|p1a: DOOT DOOT|93\/334
|
|-weather|RainDance|[upkeep]
|-damage|p2a: Gyaradoss|19\/332 psn|[from] psn
|turn|8
|
|move|p1a: DOOT DOOT|Night Shade|p2a: Gyaradoss
|-damage|p2a: Gyaradoss|0 fnt
|faint|p2a: Gyaradoss
|
|-weather|RainDance|[upkeep]
|
|switch|p2a: Golduckk|Ludicolo, M|301\/301
|-damage|p2a: Golduckk|264\/301|[from] Stealth Rock
|-status|p2a: Golduckk|psn
|turn|9
|
|switch|p1a: Ten Tickles|Tentacruel, F|339\/364
|move|p2a: Golduckk|Scald|p1a: Ten Tickles
|-resisted|p1a: Ten Tickles
|-damage|p1a: Ten Tickles|242\/364
|-damage|p2a: Golduckk|234\/301 psn|[from] item: Life Orb
|
|-weather|RainDance|[upkeep]
|-heal|p1a: Ten Tickles|264\/364|[from] item: Black Sludge
|-damage|p2a: Golduckk|197\/301 psn|[from] psn
|turn|10
|
|move|p2a: Golduckk|Energy Ball|p1a: Ten Tickles
|-damage|p1a: Ten Tickles|124\/364
|-damage|p2a: Golduckk|167\/301 psn|[from] item: Life Orb
|move|p1a: Ten Tickles|Acid Spray|p2a: Golduckk
|-supereffective|p2a: Golduckk
|-damage|p2a: Golduckk|93\/301 psn
|-unboost|p2a: Golduckk|spd|2
|
|-weather|RainDance|[upkeep]
|-heal|p1a: Ten Tickles|146\/364|[from] item: Black Sludge
|-damage|p2a: Golduckk|56\/301 psn|[from] psn
|turn|11
|-message|Kev321321 forfeited.
|
|win|Gordy Lifestyle
|raw|Ladder updating...
|leave|Kev321321
|player|p2
|raw|Gordy Lifestyle's rating: 1460 &rarr; <strong>1471<\/strong><br \/>(+11 for winning)
|raw|Kev321321's rating: 1290 &rarr; <strong>1277<\/strong><br \/>(-13 for losing)