|join|Gordy Lifestyle
|join|Crustlegary
|player|p1|Gordy Lifestyle|154
|player|p2|Crustlegary|101
|gametype|singles
|gen|6
|tier|UU
|rated
|rule|Sleep Clause Mod: Limit one foe put to sleep
|rule|Species Clause: Limit one of each Pokemon
|rule|OHKO Clause: OHKO moves are banned
|rule|Moody Clause: Moody is banned
|rule|Evasion Moves Clause: Evasion moves are banned
|rule|Endless Battle Clause: Forcing endless battles is banned
|rule|HP Percentage Mod: HP is reported as percentages
|clearpoke
|poke|p1|Froslass, F
|poke|p1|Hydreigon, M
|poke|p1|Crobat, F
|poke|p1|Lucario, F
|poke|p1|Swampert, F
|poke|p1|Sableye, F
|poke|p2|Hydreigon, M
|poke|p2|Darmanitan, M
|poke|p2|Lucario, M
|poke|p2|Florges, F
|poke|p2|Slowbro, M
|poke|p2|Nidoking, M
|rule|Baton Pass Clause: Limit 3 pokemon knowing Baton Pass
|teampreview
|
|start
|switch|p1a: Frostitute|Froslass, F|281\/281
|switch|p2a: Darmanitan|Darmanitan, M|351\/351
|turn|1
|
|move|p2a: Darmanitan|Flare Blitz|p1a: Frostitute
|-supereffective|p1a: Frostitute
|-enditem|p1a: Frostitute|Focus Sash
|-damage|p1a: Frostitute|1\/281
|-damage|p2a: Darmanitan|259\/351|[from] recoil|[of] p1a: Frostitute
|move|p1a: Frostitute|Spikes|p2a: Darmanitan
|-sidestart|p2: Crustlegary|Spikes
|
|turn|2
|
|switch|p1a: Swampert|Swampert, F|404\/404
|move|p2a: Darmanitan|Flare Blitz|p1a: Swampert
|-resisted|p1a: Swampert
|-damage|p1a: Swampert|281\/404
|-damage|p2a: Darmanitan|218\/351|[from] recoil|[of] p1a: Swampert
|
|-heal|p1a: Swampert|306\/404|[from] item: Leftovers
|turn|3
|
|switch|p2a: Hydreigon|Hydreigon, M|388\/388
|move|p1a: Swampert|Stealth Rock|p2a: Hydreigon
|-sidestart|p2: Crustlegary|move: Stealth Rock
|
|-heal|p1a: Swampert|331\/404|[from] item: Leftovers
|turn|4
|
|switch|p1a: Dilly Dally Ghost|Sableye, F|302\/302
|move|p2a: Hydreigon|Outrage|p1a: Dilly Dally Ghost
|-damage|p1a: Dilly Dally Ghost|0 fnt
|faint|p1a: Dilly Dally Ghost
|
|
|switch|p1a: Yahtzee|Lucario, F|281\/281
|turn|5
|
|move|p1a: Yahtzee|Swords Dance|p1a: Yahtzee
|-boost|p1a: Yahtzee|atk|2
|move|p2a: Hydreigon|Outrage|p1a: Yahtzee
|-resisted|p1a: Yahtzee
|-damage|p1a: Yahtzee|95\/281
|
|turn|6
|
|move|p1a: Yahtzee|Close Combat|p2a: Hydreigon
|-supereffective|p2a: Hydreigon
|-damage|p2a: Hydreigon|0 fnt
|-unboost|p1a: Yahtzee|def|1
|-unboost|p1a: Yahtzee|spd|1
|-damage|p1a: Yahtzee|67\/281|[from] item: Life Orb
|faint|p2a: Hydreigon
|
|
|switch|p2a: Slowbro|Slowbro, M|352\/352
|-damage|p2a: Slowbro|308\/352|[from] Spikes
|-damage|p2a: Slowbro|264\/352|[from] Stealth Rock
|turn|7
|
|move|p1a: Yahtzee|Crunch|p2a: Slowbro
|-supereffective|p2a: Slowbro
|-damage|p2a: Slowbro|0 fnt
|-damage|p1a: Yahtzee|39\/281|[from] item: Life Orb
|faint|p2a: Slowbro
|
|
|switch|p2a: Lucario|Lucario, M|281\/281
|-damage|p2a: Lucario|273\/281|[from] Stealth Rock
|-damage|p2a: Lucario|238\/281|[from] Spikes
|turn|8
|
|move|p1a: Yahtzee|Extreme Speed|p2a: Lucario
|-resisted|p2a: Lucario
|-damage|p2a: Lucario|85\/281
|-damage|p1a: Yahtzee|11\/281|[from] item: Life Orb
|move|p2a: Lucario|Extreme Speed|p1a: Yahtzee
|-resisted|p1a: Yahtzee
|-damage|p1a: Yahtzee|0 fnt
|-damage|p2a: Lucario|57\/281|[from] item: Life Orb
|faint|p1a: Yahtzee
|
|
|switch|p1a: Crobat|Crobat, F|325\/325
|turn|9
|
|move|p1a: Crobat|Brave Bird|p2a: Lucario
|-damage|p2a: Lucario|0 fnt
|-damage|p1a: Crobat|306\/325|[from] recoil|[of] p2a: Lucario
|faint|p2a: Lucario
|
|-heal|p1a: Crobat|325\/325|[from] item: Black Sludge
|
|switch|p2a: Nidoking|Nidoking, M|304\/304
|-damage|p2a: Nidoking|266\/304|[from] Spikes
|-damage|p2a: Nidoking|247\/304|[from] Stealth Rock
|turn|10
|
|move|p1a: Crobat|U-turn|p2a: Nidoking
|-resisted|p2a: Nidoking
|-damage|p2a: Nidoking|210\/304
|
|switch|p1a: Frostitute|Froslass, F|1\/281
|move|p2a: Nidoking|Ice Beam|p1a: Frostitute
|-resisted|p1a: Frostitute
|-damage|p1a: Frostitute|0 fnt
|-start|p2a: Nidoking|Disable|Ice Beam
|faint|p1a: Frostitute
|
|
|switch|p1a: Crobat|Crobat, F|325\/325
|turn|11
|
|move|p1a: Crobat|Brave Bird|p2a: Nidoking
|-damage|p2a: Nidoking|0 fnt
|-damage|p1a: Crobat|256\/325|[from] recoil|[of] p2a: Nidoking
|faint|p2a: Nidoking
|
|-heal|p1a: Crobat|276\/325|[from] item: Black Sludge
|
|switch|p2a: Darmanitan|Darmanitan, M|218\/351
|-damage|p2a: Darmanitan|131\/351|[from] Stealth Rock
|-damage|p2a: Darmanitan|88\/351|[from] Spikes
|turn|12
|
|switch|p1a: Swampert|Swampert, F|331\/404
|move|p2a: Darmanitan|Flare Blitz|p1a: Swampert
|-resisted|p1a: Swampert
|-damage|p1a: Swampert|217\/404
|-damage|p2a: Darmanitan|50\/351|[from] recoil|[of] p1a: Swampert
|
|-heal|p1a: Swampert|242\/404|[from] item: Leftovers
|turn|13
|
|move|p2a: Darmanitan|Flare Blitz|p1a: Swampert
|-resisted|p1a: Swampert
|-damage|p1a: Swampert|121\/404
|-damage|p2a: Darmanitan|10\/351|[from] recoil|[of] p1a: Swampert
|move|p1a: Swampert|Earthquake|p2a: Darmanitan
|-supereffective|p2a: Darmanitan
|-damage|p2a: Darmanitan|0 fnt
|faint|p2a: Darmanitan
|
|-heal|p1a: Swampert|146\/404|[from] item: Leftovers
|
|switch|p2a: Florges|Florges, F|360\/360
|-damage|p2a: Florges|315\/360|[from] Spikes
|-damage|p2a: Florges|270\/360|[from] Stealth Rock
|turn|14
|
|switch|p1a: Crobat|Crobat, F|276\/325
|move|p2a: Florges|Moonblast|p1a: Crobat
|-resisted|p1a: Crobat
|-damage|p1a: Crobat|207\/325
|
|-heal|p1a: Crobat|227\/325|[from] item: Black Sludge
|-heal|p2a: Florges|292\/360|[from] item: Leftovers
|turn|15
|chat|Gordy Lifestyle|gg
|
|move|p1a: Crobat|Taunt|p2a: Florges
|-start|p2a: Florges|move: Taunt
|move|p2a: Florges|Moonblast|p1a: Crobat
|-resisted|p1a: Crobat
|-damage|p1a: Crobat|152\/325
|
|-heal|p1a: Crobat|172\/325|[from] item: Black Sludge
|-heal|p2a: Florges|314\/360|[from] item: Leftovers
|turn|16
|
|move|p1a: Crobat|Roost|p1a: Crobat
|-heal|p1a: Crobat|325\/325
|move|p2a: Florges|Moonblast|p1a: Crobat
|-resisted|p1a: Crobat
|-damage|p1a: Crobat|256\/325
|-unboost|p1a: Crobat|spa|1
|
|-heal|p1a: Crobat|276\/325|[from] item: Black Sludge
|-heal|p2a: Florges|336\/360|[from] item: Leftovers
|turn|17
|
|move|p1a: Crobat|Brave Bird|p2a: Florges
|-damage|p2a: Florges|126\/360
|-damage|p1a: Crobat|207\/325|[from] recoil|[of] p2a: Florges
|move|p2a: Florges|Moonblast|p1a: Crobat
|-resisted|p1a: Crobat
|-damage|p1a: Crobat|133\/325
|
|-heal|p1a: Crobat|153\/325|[from] item: Black Sludge
|-heal|p2a: Florges|148\/360|[from] item: Leftovers
|-end|p2a: Florges|move: Taunt
|turn|18
|
|move|p1a: Crobat|Brave Bird|p2a: Florges
|-damage|p2a: Florges|0 fnt
|-damage|p1a: Crobat|104\/325|[from] recoil|[of] p2a: Florges
|faint|p2a: Florges
|
|win|Gordy Lifestyle
|raw|Ladder updating...
|raw|Gordy Lifestyle's rating: 1522 &rarr; <strong>1548<\/strong><br \/>(+26 for winning)
|raw|Crustlegary's rating: 1628 &rarr; <strong>1602<\/strong><br \/>(-26 for losing)