|join|elitesniper
|join|Gordy Lifestyle
|player|p1|elitesniper|220
|player|p2|Gordy Lifestyle|16
|gametype|singles
|gen|6
|tier|UU
|rated
|rule|Sleep Clause Mod: Limit one foe put to sleep
|rule|Species Clause: Limit one of each PokÃ©mon
|rule|OHKO Clause: OHKO moves are banned
|rule|Moody Clause: Moody is banned
|rule|Evasion Moves Clause: Evasion moves are banned
|rule|Endless Battle Clause: Forcing endless battles is banned
|rule|HP Percentage Mod: HP is shown in percentages
|clearpoke
|poke|p1|Jirachi, shiny
|poke|p1|Swampert, M
|poke|p1|Hydreigon, M
|poke|p1|Mienshao, M
|poke|p1|Machamp, F
|poke|p1|Blastoise, M
|poke|p2|Doublade, M, shiny
|poke|p2|Granbull, M
|poke|p2|Blissey, F
|poke|p2|Houndoom, M
|poke|p2|Tentacruel, M
|poke|p2|Rotom-Mow
|rule|Swagger Clause: Swagger is banned
|rule|Baton Pass Clause: Limit one PokÃ©mon knowing Baton Pass
|teampreview
|
|start
|switch|p1a: Beats by Dre|Hydreigon, M|326\/326
|switch|p2a: Kraken|Tentacruel, M|361\/361
|turn|1
|
|move|p1a: Beats by Dre|Draco Meteor|p2a: Kraken
|-damage|p2a: Kraken|95\/361
|-unboost|p1a: Beats by Dre|spa|2
|-damage|p1a: Beats by Dre|294\/326|[from] item: Life Orb
|move|p2a: Kraken|Toxic Spikes|p1a: Beats by Dre
|-sidestart|p1: elitesniper|move: Toxic Spikes
|
|-heal|p2a: Kraken|117\/361|[from] item: Leftovers
|turn|2
|
|move|p2a: Kraken|Protect|p2a: Kraken
|-singleturn|p2a: Kraken|Protect
|move|p1a: Beats by Dre|Draco Meteor|p2a: Kraken
|-activate|p2a: Kraken|Protect
|
|-heal|p2a: Kraken|139\/361|[from] item: Leftovers
|turn|3
|
|switch|p2a: Boodro|Granbull, M|377\/377
|-ability|p2a: Boodro|Intimidate|[of] p1a: Beats by Dre
|-unboost|p1a: Beats by Dre|atk|1
|move|p1a: Beats by Dre|Draco Meteor|p2a: Boodro
|-immune|p2a: Boodro|[msg]
|
|turn|4
|
|switch|p1a: The team|Swampert, M|401\/401
|-status|p1a: The team|psn
|switch|p2a: Landing Strip?|Rotom-Mow|241\/241
|
|-damage|p1a: The team|351\/401 psn|[from] psn
|turn|5
|
|switch|p1a: Beats by Dre|Hydreigon, M|294\/326
|move|p2a: Landing Strip?|Leaf Storm|p1a: Beats by Dre
|-resisted|p1a: Beats by Dre
|-damage|p1a: Beats by Dre|181\/326
|-unboost|p2a: Landing Strip?|spa|2
|
|turn|6
|
|switch|p2a: Boodro|Granbull, M|377\/377
|-ability|p2a: Boodro|Intimidate|[of] p1a: Beats by Dre
|-unboost|p1a: Beats by Dre|atk|1
|switch|p1a: The team|Swampert, M|351\/401 psn
|
|-heal|p1a: The team|376\/401 psn|[from] item: Leftovers
|-damage|p1a: The team|326\/401 psn|[from] psn
|turn|7
|
|switch|p2a: Landing Strip?|Rotom-Mow|241\/241
|move|p1a: The team|Stealth Rock|p2a: Landing Strip?
|-sidestart|p2: Gordy Lifestyle|move: Stealth Rock
|
|-heal|p1a: The team|351\/401 psn|[from] item: Leftovers
|-damage|p1a: The team|301\/401 psn|[from] psn
|turn|8
|
|move|p2a: Landing Strip?|Volt Switch|p1a: The team
|-immune|p1a: The team|[msg]
|move|p1a: The team|Toxic|p2a: Landing Strip?
|-status|p2a: Landing Strip?|tox
|
|-heal|p1a: The team|326\/401 psn|[from] item: Leftovers
|-damage|p2a: Landing Strip?|226\/241 tox|[from] psn
|-damage|p1a: The team|276\/401 psn|[from] psn
|turn|9
|
|switch|p2a: Teen Mom|Blissey, F|651\/651
|-damage|p2a: Teen Mom|570\/651|[from] Stealth Rock
|switch|p1a: Beats by Dre|Hydreigon, M|181\/326
|
|-heal|p2a: Teen Mom|610\/651|[from] item: Leftovers
|turn|10
|
|move|p1a: Beats by Dre|Taunt|p2a: Teen Mom
|-start|p2a: Teen Mom|move: Taunt
|cant|p2a: Teen Mom|move: Taunt|Stealth Rock
|
|-heal|p2a: Teen Mom|650\/651|[from] item: Leftovers
|turn|11
|
|switch|p1a: Blastoise|Blastoise, M|313\/313
|-status|p1a: Blastoise|psn
|move|p2a: Teen Mom|Seismic Toss|p1a: Blastoise
|-damage|p1a: Blastoise|213\/313 psn
|
|-heal|p2a: Teen Mom|651\/651|[from] item: Leftovers
|-damage|p1a: Blastoise|174\/313 psn|[from] psn
|turn|12
|
|detailschange|p1a: Blastoise|Blastoise-Mega, M
|message|Blastoise has Mega Evolved into Mega Blastoise!
|move|p1a: Blastoise|Rapid Spin|p2a: Teen Mom
|-damage|p2a: Teen Mom|627\/651
|-sideend|p1: elitesniper|Toxic Spikes|[from] move: Rapid Spin|[of] p1a: Blastoise
|move|p2a: Teen Mom|Seismic Toss|p1a: Blastoise
|-damage|p1a: Blastoise|74\/313 psn
|
|-heal|p2a: Teen Mom|651\/651|[from] item: Leftovers
|-damage|p1a: Blastoise|35\/313 psn|[from] psn
|-end|p2a: Teen Mom|move: Taunt
|turn|13
|
|switch|p1a: Beats by Dre|Hydreigon, M|181\/326
|move|p2a: Teen Mom|Stealth Rock|p1a: Beats by Dre
|-sidestart|p1: elitesniper|move: Stealth Rock
|
|turn|14
|
|move|p1a: Beats by Dre|Roost|p1a: Beats by Dre
|-heal|p1a: Beats by Dre|326\/326
|move|p2a: Teen Mom|Toxic|p1a: Beats by Dre
|-status|p1a: Beats by Dre|tox
|
|-damage|p1a: Beats by Dre|306\/326 tox|[from] psn
|turn|15
|
|switch|p1a: super champ|Machamp, F|344\/344
|-damage|p1a: super champ|323\/344|[from] Stealth Rock
|move|p2a: Teen Mom|Seismic Toss|p1a: super champ
|-damage|p1a: super champ|223\/344
|
|turn|16
|
|switch|p2a: Boodro|Granbull, M|377\/377
|-damage|p2a: Boodro|330\/377|[from] Stealth Rock
|-ability|p2a: Boodro|Intimidate|[of] p1a: super champ
|-unboost|p1a: super champ|atk|1
|move|p1a: super champ|Knock Off|p2a: Boodro
|-resisted|p2a: Boodro
|-damage|p2a: Boodro|290\/377
|-enditem|p2a: Boodro|Leftovers|[from] move: Knock Off|[of] p1a: super champ
|
|turn|17
|
|switch|p1a: Blastoise|Blastoise-Mega, M|35\/313 psn
|-damage|p1a: Blastoise|0 fnt|[from] Stealth Rock
|faint|p1a: Blastoise
|move|p2a: Boodro|Earthquake|p1: Blastoise|[notarget]
|-notarget
|
|
|switch|p1a: super champ|Machamp, F|223\/344
|-damage|p1a: super champ|202\/344|[from] Stealth Rock
|turn|18
|
|move|p1a: super champ|Heavy Slam|p2a: Boodro
|-supereffective|p2a: Boodro
|-damage|p2a: Boodro|154\/377
|move|p2a: Boodro|Play Rough|p1a: super champ
|-supereffective|p1a: super champ
|-damage|p1a: super champ|0 fnt
|faint|p1a: super champ
|
|
|switch|p1a: The team|Swampert, M|276\/401 psn
|-damage|p1a: The team|251\/401 psn|[from] Stealth Rock
|turn|19
|
|switch|p2a: Landing Strip?|Rotom-Mow|226\/241 tox
|-damage|p2a: Landing Strip?|196\/241 tox|[from] Stealth Rock
|move|p1a: The team|Scald|p2a: Landing Strip?
|-resisted|p2a: Landing Strip?
|-damage|p2a: Landing Strip?|156\/241 tox
|
|-heal|p1a: The team|276\/401 psn|[from] item: Leftovers
|-damage|p2a: Landing Strip?|141\/241 tox|[from] psn
|-damage|p1a: The team|226\/401 psn|[from] psn
|turn|20
|
|switch|p1a: Beats by Dre|Hydreigon, M|306\/326 tox
|-damage|p1a: Beats by Dre|266\/326 tox|[from] Stealth Rock
|move|p2a: Landing Strip?|Volt Switch|p1a: Beats by Dre
|-resisted|p1a: Beats by Dre
|-damage|p1a: Beats by Dre|203\/326 tox
|
|switch|p2a: Teen Mom|Blissey, F|651\/651
|-damage|p2a: Teen Mom|570\/651|[from] Stealth Rock
|
|-heal|p2a: Teen Mom|610\/651|[from] item: Leftovers
|-damage|p1a: Beats by Dre|183\/326 tox|[from] psn
|turn|21
|
|move|p1a: Beats by Dre|Taunt|p2a: Teen Mom
|-start|p2a: Teen Mom|move: Taunt
|move|p2a: Teen Mom|Seismic Toss|p1a: Beats by Dre
|-damage|p1a: Beats by Dre|83\/326 tox
|
|-heal|p2a: Teen Mom|650\/651|[from] item: Leftovers
|-damage|p1a: Beats by Dre|43\/326 tox|[from] psn
|turn|22
|
|switch|p1a: Shao-Ming|Mienshao, M|271\/271
|-damage|p1a: Shao-Ming|255\/271|[from] Stealth Rock
|move|p2a: Teen Mom|Seismic Toss|p1a: Shao-Ming
|-damage|p1a: Shao-Ming|155\/271
|
|-heal|p2a: Teen Mom|651\/651|[from] item: Leftovers
|turn|23
|
|move|p1a: Shao-Ming|Knock Off|p2a: Teen Mom
|-damage|p2a: Teen Mom|434\/651
|-enditem|p2a: Teen Mom|Leftovers|[from] move: Knock Off|[of] p1a: Shao-Ming
|move|p2a: Teen Mom|Seismic Toss|p1a: Shao-Ming
|-damage|p1a: Shao-Ming|55\/271
|
|-end|p2a: Teen Mom|move: Taunt
|turn|24
|
|switch|p1a: Beats by Dre|Hydreigon, M|43\/326 tox
|-damage|p1a: Beats by Dre|3\/326 tox|[from] Stealth Rock
|move|p2a: Teen Mom|Seismic Toss|p1a: Beats by Dre
|-damage|p1a: Beats by Dre|0 fnt
|faint|p1a: Beats by Dre
|
|
|switch|p1a: yeee|Jirachi, shiny|342\/342
|-damage|p1a: yeee|321\/342|[from] Stealth Rock
|turn|25
|
|switch|p2a: Venetia Shield|Doublade, M, shiny|309\/309
|-damage|p2a: Venetia Shield|290\/309|[from] Stealth Rock
|move|p1a: yeee|Calm Mind|p1a: yeee
|-boost|p1a: yeee|spa|1
|-boost|p1a: yeee|spd|1
|
|-heal|p1a: yeee|342\/342|[from] item: Leftovers
|turn|26
|
|switch|p1a: The team|Swampert, M|226\/401 psn
|-damage|p1a: The team|201\/401 psn|[from] Stealth Rock
|move|p2a: Venetia Shield|Shadow Claw|p1a: The team
|-damage|p1a: The team|101\/401 psn
|
|-heal|p1a: The team|126\/401 psn|[from] item: Leftovers
|-damage|p1a: The team|76\/401 psn|[from] psn
|turn|27
|
|switch|p2a: Landing Strip?|Rotom-Mow|141\/241 tox
|-damage|p2a: Landing Strip?|111\/241 tox|[from] Stealth Rock
|move|p1a: The team|Earthquake|p2a: Landing Strip?
|-immune|p2a: Landing Strip?|[msg]
|
|-heal|p1a: The team|101\/401 psn|[from] item: Leftovers
|-damage|p2a: Landing Strip?|96\/241 tox|[from] psn
|-damage|p1a: The team|51\/401 psn|[from] psn
|turn|28
|
|switch|p2a: Teen Mom|Blissey, F|434\/651
|-damage|p2a: Teen Mom|353\/651|[from] Stealth Rock
|move|p1a: The team|Earthquake|p2a: Teen Mom
|-damage|p2a: Teen Mom|112\/651
|
|-heal|p1a: The team|76\/401 psn|[from] item: Leftovers
|-damage|p1a: The team|26\/401 psn|[from] psn
|turn|29
|
|move|p2a: Teen Mom|Soft-Boiled|p2a: Teen Mom
|-heal|p2a: Teen Mom|438\/651
|move|p1a: The team|Earthquake|p2a: Teen Mom
|-damage|p2a: Teen Mom|204\/651
|
|-heal|p1a: The team|51\/401 psn|[from] item: Leftovers
|-damage|p1a: The team|1\/401 psn|[from] psn
|turn|30
|
|move|p2a: Teen Mom|Soft-Boiled|p2a: Teen Mom
|-heal|p2a: Teen Mom|530\/651
|move|p1a: The team|Earthquake|p2a: Teen Mom
|-damage|p2a: Teen Mom|296\/651
|
|-heal|p1a: The team|26\/401 psn|[from] item: Leftovers
|-damage|p1a: The team|0 fnt|[from] psn
|faint|p1a: The team
|
|switch|p1a: Shao-Ming|Mienshao, M|55\/271
|-damage|p1a: Shao-Ming|39\/271|[from] Stealth Rock
|turn|31
|
|move|p1a: Shao-Ming|High Jump Kick|p2a: Teen Mom
|-supereffective|p2a: Teen Mom
|-damage|p2a: Teen Mom|0 fnt
|faint|p2a: Teen Mom
|
|
|switch|p2a: Venetia Shield|Doublade, M, shiny|290\/309
|-damage|p2a: Venetia Shield|271\/309|[from] Stealth Rock
|turn|32
|
|switch|p1a: yeee|Jirachi, shiny|342\/342
|-damage|p1a: yeee|321\/342|[from] Stealth Rock
|move|p2a: Venetia Shield|Swords Dance|p2a: Venetia Shield
|-boost|p2a: Venetia Shield|atk|2
|
|-heal|p1a: yeee|342\/342|[from] item: Leftovers
|turn|33
|
|move|p1a: yeee|Psyshock|p2a: Venetia Shield
|-resisted|p2a: Venetia Shield
|-damage|p2a: Venetia Shield|244\/309
|move|p2a: Venetia Shield|Shadow Claw|p1a: yeee
|-supereffective|p1a: yeee
|-damage|p1a: yeee|0 fnt
|faint|p1a: yeee
|
|-message|elitesniper forfeited.
|
|win|Gordy Lifestyle
|raw|Ladder updating...
|raw|elitesniper's rating: 1613 &rarr; <strong>1592<\/strong><br \/>(-21 for losing)
|raw|Gordy Lifestyle's rating: 1596 &rarr; <strong>1617<\/strong><br \/>(+21 for winning)
|leave|elitesniper
|player|p1