|join|Gordy Lifestyle
|join|Mark Suckerberg
|player|p1|Gordy Lifestyle|172
|player|p2|Mark Suckerberg|253
|gametype|singles
|gen|6
|tier|UU
|rated
|rule|Sleep Clause Mod: Limit one foe put to sleep
|rule|Species Clause: Limit one of each Pokemon
|rule|OHKO Clause: OHKO moves are banned
|rule|Moody Clause: Moody is banned
|rule|Evasion Moves Clause: Evasion moves are banned
|rule|Endless Battle Clause: Forcing endless battles is banned.
|rule|HP Percentage Mod: HP is reported as percentages
|clearpoke
|poke|p1|Alakazam, F
|poke|p1|Arcanine, F
|poke|p1|Florges, F
|poke|p1|Doublade, F
|poke|p1|Hitmonlee, M
|poke|p1|Jirachi
|poke|p2|Alakazam, F
|poke|p2|Entei, shiny
|poke|p2|Suicune
|poke|p2|Raikou, shiny
|poke|p2|Chesnaught, F
|poke|p2|Empoleon, F
|teampreview
|join|zetomaster97
|
|start
|switch|p1a: Lionheart|Arcanine, F|383\/383
|switch|p2a: Raikou|Raikou, shiny|322\/322
|-ability|p2a: Raikou|Pressure
|-ability|p1a: Lionheart|Intimidate|[of] p2a: Raikou
|-unboost|p2a: Raikou|atk|1
|turn|1
|
|move|p2a: Raikou|Volt Switch|p1a: Lionheart
|-damage|p1a: Lionheart|224\/383
|
|switch|p2a: Suicune|Suicune|404\/404
|-ability|p2a: Suicune|Pressure
|move|p1a: Lionheart|Flare Blitz|p2a: Suicune
|-resisted|p2a: Suicune
|-damage|p2a: Suicune|350\/404
|-damage|p1a: Lionheart|206\/383|[from] recoil|[of] p2a: Suicune
|
|-heal|p2a: Suicune|375\/404|[from] item: Leftovers
|turn|2
|
|switch|p1a: Mad Dog|Hitmonlee, M|304\/304
|move|p2a: Suicune|Scald|p1a: Mad Dog
|-damage|p1a: Mad Dog|249\/304
|-status|p1a: Mad Dog|brn
|
|-heal|p2a: Suicune|400\/404|[from] item: Leftovers
|-damage|p1a: Mad Dog|211\/304 brn|[from] brn
|turn|3
|
|switch|p2a: Empoleon|Empoleon, F|372\/372
|move|p1a: Mad Dog|Knock Off|p2a: Empoleon
|-damage|p2a: Empoleon|304\/372
|-enditem|p2a: Empoleon|Leftovers|[from] move: Knock Off|[of] p1a: Mad Dog
|
|-damage|p1a: Mad Dog|173\/304 brn|[from] brn
|turn|4
|
|move|p1a: Mad Dog|High Jump Kick|p2a: Empoleon
|-supereffective|p2a: Empoleon
|-damage|p2a: Empoleon|26\/372
|move|p2a: Empoleon|Stealth Rock|p1a: Mad Dog
|-sidestart|p1: Gordy Lifestyle|move: Stealth Rock
|
|-damage|p1a: Mad Dog|135\/304 brn|[from] brn
|turn|5
|
|move|p1a: Mad Dog|Rapid Spin|p2a: Empoleon
|-resisted|p2a: Empoleon
|-damage|p2a: Empoleon|20\/372
|-sideend|p1: Gordy Lifestyle|Stealth Rock|[from] move: Rapid Spin|[of] p1a: Mad Dog
|move|p2a: Empoleon|Scald|p1a: Mad Dog
|-damage|p1a: Mad Dog|42\/304 brn
|
|-damage|p1a: Mad Dog|4\/304 brn|[from] brn
|turn|6
|
|move|p1a: Mad Dog|Mach Punch|p2a: Empoleon
|-supereffective|p2a: Empoleon
|-damage|p2a: Empoleon|0 fnt
|faint|p2a: Empoleon
|
|-damage|p1a: Mad Dog|0 fnt|[from] brn
|faint|p1a: Mad Dog
|
|switch|p2a: Raikou|Raikou, shiny|322\/322
|switch|p1a: Stardust|Jirachi|341\/341
|-ability|p2a: Raikou|Pressure
|turn|7
|
|move|p2a: Raikou|Volt Switch|p1a: Stardust
|-damage|p1a: Stardust|223\/341
|
|switch|p2a: Chesnaught|Chesnaught, F|380\/380
|move|p1a: Stardust|Stealth Rock|p2a: Chesnaught
|-sidestart|p2: Mark Suckerberg|move: Stealth Rock
|
|turn|8
|
|move|p1a: Stardust|Psychic|p2a: Chesnaught
|-supereffective|p2a: Chesnaught
|-damage|p2a: Chesnaught|0 fnt
|faint|p2a: Chesnaught
|
|
|switch|p2a: Entei|Entei, shiny|372\/372
|-damage|p2a: Entei|279\/372|[from] Stealth Rock
|-ability|p2a: Entei|Pressure
|turn|9
|
|switch|p1a: Lionheart|Arcanine, F|206\/383
|-ability|p1a: Lionheart|Intimidate|[of] p2a: Entei
|-unboost|p2a: Entei|atk|1
|move|p2a: Entei|Sacred Fire|p1a: Lionheart
|-resisted|p1a: Lionheart
|-damage|p1a: Lionheart|135\/383
|
|turn|10
|
|switch|p2a: Suicune|Suicune|400\/404
|-damage|p2a: Suicune|350\/404|[from] Stealth Rock
|-ability|p2a: Suicune|Pressure
|switch|p1a: Stardust|Jirachi|223\/341
|
|-heal|p2a: Suicune|375\/404|[from] item: Leftovers
|turn|11
|
|move|p1a: Stardust|Energy Ball|p2a: Suicune
|-supereffective|p2a: Suicune
|-damage|p2a: Suicune|176\/404
|move|p2a: Suicune|Scald|p1a: Stardust
|-damage|p1a: Stardust|138\/341
|-status|p1a: Stardust|brn
|
|-heal|p2a: Suicune|201\/404|[from] item: Leftovers
|-damage|p1a: Stardust|96\/341 brn|[from] brn
|turn|12
|
|move|p1a: Stardust|Energy Ball|p2a: Suicune
|-supereffective|p2a: Suicune
|-damage|p2a: Suicune|16\/404
|move|p2a: Suicune|Rest|p2a: Suicune
|-status|p2a: Suicune|slp
|-heal|p2a: Suicune|404\/404 slp|[silent]
|-status|p2a: Suicune|slp|[from] move: Rest
|
|-damage|p1a: Stardust|54\/341 brn|[from] brn
|turn|13
|
|switch|p1a: Freya|Florges, F|360\/360
|cant|p2a: Suicune|slp
|
|turn|14
|
|cant|p2a: Suicune|slp
|move|p2a: Suicune|Sleep Talk|p2a: Suicune
|move|p2a: Suicune|Scald|p1a: Freya|[from]Sleep Talk
|-damage|p1a: Freya|305\/360
|move|p1a: Freya|Wish|p1a: Freya
|
|-heal|p1a: Freya|327\/360|[from] item: Leftovers
|turn|15
|
|-curestatus|p2a: Suicune|slp
|move|p2a: Suicune|Calm Mind|p2a: Suicune
|-boost|p2a: Suicune|spa|1
|-boost|p2a: Suicune|spd|1
|move|p1a: Freya|Moonblast|p2a: Suicune
|-damage|p2a: Suicune|326\/404
|-unboost|p2a: Suicune|spa|1
|
|-heal|p1a: Freya|360\/360|[from] move: Wish|[wisher] Freya
|-heal|p2a: Suicune|351\/404|[from] item: Leftovers
|turn|16
|
|switch|p1a: Hagen-Dazs|Alakazam, F|251\/251
|move|p2a: Suicune|Calm Mind|p2a: Suicune
|-boost|p2a: Suicune|spa|1
|-boost|p2a: Suicune|spd|1
|
|-heal|p2a: Suicune|376\/404|[from] item: Leftovers
|turn|17
|
|detailschange|p1a: Hagen-Dazs|Alakazam-Mega, F
|message|Alakazam has Mega Evolved into Mega Alakazam!
|-ability|p1a: Hagen-Dazs|Pressure|[from] ability: Trace|[of] p2a: Suicune
|-ability|p1a: Hagen-Dazs|Pressure
|move|p1a: Hagen-Dazs|Psyshock|p2a: Suicune
|-damage|p2a: Suicune|255\/404
|move|p2a: Suicune|Scald|p1a: Hagen-Dazs
|-damage|p1a: Hagen-Dazs|124\/251
|
|-heal|p2a: Suicune|280\/404|[from] item: Leftovers
|turn|18
|
|move|p1a: Hagen-Dazs|Psyshock|p2a: Suicune
|-damage|p2a: Suicune|150\/404
|move|p2a: Suicune|Scald|p1a: Hagen-Dazs
|-damage|p1a: Hagen-Dazs|0 fnt
|faint|p1a: Hagen-Dazs
|
|-heal|p2a: Suicune|175\/404|[from] item: Leftovers
|
|switch|p1a: Stardust|Jirachi|54\/341 brn
|turn|19
|
|switch|p2a: Entei|Entei, shiny|279\/372
|-damage|p2a: Entei|186\/372|[from] Stealth Rock
|-ability|p2a: Entei|Pressure
|move|p1a: Stardust|Energy Ball|p2a: Entei
|-resisted|p2a: Entei
|-damage|p2a: Entei|127\/372
|
|-damage|p1a: Stardust|12\/341 brn|[from] brn
|turn|20
|
|switch|p1a: Lionheart|Arcanine, F|135\/383
|-ability|p1a: Lionheart|Intimidate|[of] p2a: Entei
|-unboost|p2a: Entei|atk|1
|move|p2a: Entei|Extreme Speed|p1a: Lionheart
|-damage|p1a: Lionheart|56\/383
|-damage|p2a: Entei|65\/372|[from] item: Rocky Helmet|[of] p1a: Lionheart
|
|turn|21
|
|move|p2a: Entei|Extreme Speed|p1a: Lionheart
|-damage|p1a: Lionheart|0 fnt
|-damage|p2a: Entei|3\/372|[from] item: Rocky Helmet|[of] p1a: Lionheart
|faint|p1a: Lionheart
|
|
|switch|p1a: Venetia Shield|Doublade, F|322\/322
|turn|22
|
|switch|p2a: Suicune|Suicune|175\/404
|-damage|p2a: Suicune|125\/404|[from] Stealth Rock
|-ability|p2a: Suicune|Pressure
|move|p1a: Venetia Shield|Swords Dance|p1a: Venetia Shield
|-boost|p1a: Venetia Shield|atk|2
|
|-heal|p2a: Suicune|150\/404|[from] item: Leftovers
|turn|23
|
|move|p2a: Suicune|Scald|p1a: Venetia Shield
|-damage|p1a: Venetia Shield|219\/322
|move|p1a: Venetia Shield|Sacred Sword|p2a: Suicune
|-damage|p2a: Suicune|19\/404
|
|-heal|p2a: Suicune|44\/404|[from] item: Leftovers
|turn|24
|
|move|p1a: Venetia Shield|Shadow Sneak|p2a: Suicune
|-damage|p2a: Suicune|0 fnt
|faint|p2a: Suicune
|
|
|switch|p2a: Raikou|Raikou, shiny|322\/322
|-damage|p2a: Raikou|282\/322|[from] Stealth Rock
|-ability|p2a: Raikou|Pressure
|turn|25
|
|move|p1a: Venetia Shield|Shadow Sneak|p2a: Raikou
|-damage|p2a: Raikou|108\/322
|move|p2a: Raikou|Thunderbolt|p1a: Venetia Shield
|-damage|p1a: Venetia Shield|41\/322
|
|turn|26
|
|move|p1a: Venetia Shield|Shadow Sneak|p2a: Raikou
|-damage|p2a: Raikou|0 fnt
|faint|p2a: Raikou
|
|
|switch|p2a: Entei|Entei, shiny|3\/372
|-damage|p2a: Entei|0 fnt|[from] Stealth Rock
|faint|p2a: Entei
|
|switch|p2a: Alakazam|Alakazam, F|252\/252
|turn|27
|
|detailschange|p2a: Alakazam|Alakazam-Mega, F
|message|Alakazam has Mega Evolved into Mega Alakazam!
|-ability|p2a: Alakazam|No Guard|[from] ability: Trace|[of] p1a: Venetia Shield
|move|p1a: Venetia Shield|Shadow Sneak|p2a: Alakazam
|-supereffective|p2a: Alakazam
|-damage|p2a: Alakazam|0 fnt
|faint|p2a: Alakazam
|
|win|Gordy Lifestyle
|raw|Ladder updating...
|raw|Gordy Lifestyle's rating: 1526 &rarr; <strong>1539<\/strong><br \/>(+13 for winning)
|raw|Mark Suckerberg's rating: 1397 &rarr; <strong>1385<\/strong><br \/>(-12 for losing)
|chat|Mark Suckerberg|gg
|chat|Gordy Lifestyle|gg
|leave|Mark Suckerberg
|player|p2