|join|Gordy Lifestyle
|join|Bellignorant
|player|p1|Gordy Lifestyle|172
|player|p2|Bellignorant|121
|gametype|singles
|gen|6
|tier|UU
|rated
|rule|Sleep Clause Mod: Limit one foe put to sleep
|rule|Species Clause: Limit one of each Pokemon
|rule|OHKO Clause: OHKO moves are banned
|rule|Moody Clause: Moody is banned
|rule|Evasion Moves Clause: Evasion moves are banned
|rule|Endless Battle Clause: Forcing endless battles is banned.
|rule|HP Percentage Mod: HP is reported as percentages
|clearpoke
|poke|p1|Victini
|poke|p1|Ampharos, M
|poke|p1|Forretress, F
|poke|p1|Swampert, F
|poke|p1|Umbreon, F, shiny
|poke|p1|Crobat, F
|poke|p2|Jirachi
|poke|p2|Galvantula, F
|poke|p2|Kingdra, M
|poke|p2|Shaymin
|poke|p2|Mienshao, M
|poke|p2|Donphan, F
|teampreview
|
|start
|switch|p1a: Bull Doozer|Swampert, F|403\/403
|switch|p2a: Galvantula|Galvantula, F|281\/281
|turn|1
|
|move|p2a: Galvantula|Sticky Web|p1a: Bull Doozer
|-sidestart|p1: Gordy Lifestyle|move: Sticky Web
|move|p1a: Bull Doozer|Earthquake|p2a: Galvantula
|-damage|p2a: Galvantula|91\/281
|
|turn|2
|
|switch|p2a: Shaymin|Shaymin|341\/341
|switch|p1a: BloodSugar|Crobat, F|311\/311
|
|turn|3
|
|switch|p2a: Galvantula|Galvantula, F|91\/281
|move|p1a: BloodSugar|U-turn|p2a: Galvantula
|-damage|p2a: Galvantula|0 fnt
|faint|p2a: Galvantula
|
|switch|p1a: Old Tobey|Victini|341\/341
|-activate|p1a: Old Tobey|move: Sticky Web
|-unboost|p1a: Old Tobey|spe|1
|
|
|switch|p2a: Mienshao|Mienshao, M|271\/271
|turn|4
|
|switch|p1a: Tranzelda|Forretress, F|353\/353
|-activate|p1a: Tranzelda|move: Sticky Web
|-unboost|p1a: Tranzelda|spe|1
|move|p2a: Mienshao|Stone Edge|p1a: Tranzelda|[miss]
|-miss|p2a: Mienshao|p1a: Tranzelda
|
|turn|5
|
|move|p2a: Mienshao|High Jump Kick|p1a: Tranzelda
|-damage|p1a: Tranzelda|172\/353
|-damage|p2a: Mienshao|244\/271|[from] item: Life Orb
|move|p1a: Tranzelda|Rapid Spin|p2a: Mienshao
|-damage|p2a: Mienshao|220\/271
|-sideend|p1: Gordy Lifestyle|Sticky Web|[from] move: Rapid Spin|[of] p1a: Tranzelda
|
|-heal|p1a: Tranzelda|194\/353|[from] item: Leftovers
|turn|6
|
|move|p2a: Mienshao|U-turn|p1a: Tranzelda
|-resisted|p1a: Tranzelda
|-damage|p1a: Tranzelda|164\/353
|-damage|p2a: Mienshao|193\/271|[from] item: Life Orb
|
|switch|p2a: Kingdra|Kingdra, M|291\/291
|move|p1a: Tranzelda|Volt Switch|p2a: Kingdra
|-damage|p2a: Kingdra|254\/291
|
|switch|p1a: Jiggy Stardust|Ampharos, M|383\/383
|
|turn|7
|
|switch|p2a: Jirachi|Jirachi|404\/404
|-formechange|p1a: Jiggy Stardust|Ampharos-Mega
|message|Ampharos has Mega Evolved into Mega Ampharos!
|-ability|p1a: Jiggy Stardust|Mold Breaker
|move|p1a: Jiggy Stardust|Dragon Pulse|p2a: Jirachi
|-resisted|p2a: Jirachi
|-damage|p2a: Jirachi|311\/404
|
|-heal|p2a: Jirachi|336\/404|[from] item: Leftovers
|turn|8
|
|switch|p1a: Bull Doozer|Swampert, F|403\/403
|move|p2a: Jirachi|Wish|p2a: Jirachi
|
|-heal|p2a: Jirachi|361\/404|[from] item: Leftovers
|turn|9
|
|switch|p2a: Kingdra|Kingdra, M|254\/291
|move|p1a: Bull Doozer|Roar|p2a: Kingdra
|drag|p2a: Jirachi|Jirachi|361\/404
|
|-heal|p2a: Jirachi|404\/404|[from] move: Wish|[wisher] Jirachi
|turn|10
|
|move|p2a: Jirachi|Wish|p2a: Jirachi
|move|p1a: Bull Doozer|Stealth Rock|p2a: Jirachi
|-sidestart|p2: Bellignorant|move: Stealth Rock
|
|turn|11
|
|move|p2a: Jirachi|Zen Headbutt|p1a: Bull Doozer
|-damage|p1a: Bull Doozer|331\/403
|cant|p1a: Bull Doozer|flinch
|
|-heal|p1a: Bull Doozer|356\/403|[from] item: Leftovers
|turn|12
|
|switch|p2a: Shaymin|Shaymin|341\/341
|-damage|p2a: Shaymin|299\/341|[from] Stealth Rock
|move|p1a: Bull Doozer|Earthquake|p2a: Shaymin
|-crit|p2a: Shaymin
|-resisted|p2a: Shaymin
|-damage|p2a: Shaymin|197\/341
|
|-heal|p1a: Bull Doozer|381\/403|[from] item: Leftovers
|turn|13
|
|switch|p2a: Donphan|Donphan, F|383\/383
|-damage|p2a: Donphan|360\/383|[from] Stealth Rock
|switch|p1a: BloodSugar|Crobat, F|311\/311
|
|-heal|p2a: Donphan|383\/383|[from] item: Leftovers
|turn|14
|
|move|p1a: BloodSugar|Hypnosis|p2a: Donphan|[miss]
|-miss|p1a: BloodSugar|p2a: Donphan
|move|p2a: Donphan|Knock Off|p1a: BloodSugar
|-damage|p1a: BloodSugar|204\/311
|-enditem|p1a: BloodSugar|Black Sludge|[from] move: Knock Off|[of] p2a: Donphan
|
|turn|15
|
|move|p1a: BloodSugar|Hypnosis|p2a: Donphan
|-status|p2a: Donphan|slp
|cant|p2a: Donphan|slp
|
|turn|16
|
|move|p1a: BloodSugar|U-turn|p2a: Donphan
|-damage|p2a: Donphan|341\/383 slp
|
|switch|p1a: Bull Doozer|Swampert, F|381\/403
|cant|p2a: Donphan|slp
|
|-heal|p1a: Bull Doozer|403\/403|[from] item: Leftovers
|-heal|p2a: Donphan|364\/383 slp|[from] item: Leftovers
|turn|17
|
|switch|p2a: Kingdra|Kingdra, M|254\/291
|-damage|p2a: Kingdra|218\/291|[from] Stealth Rock
|move|p1a: Bull Doozer|Scald|p2a: Kingdra
|-resisted|p2a: Kingdra
|-damage|p2a: Kingdra|196\/291
|
|turn|18
|
|move|p2a: Kingdra|Draco Meteor|p1a: Bull Doozer
|-damage|p1a: Bull Doozer|178\/403
|-unboost|p2a: Kingdra|spa|2
|move|p1a: Bull Doozer|Roar|p2a: Kingdra
|drag|p2a: Donphan|Donphan, F|364\/383 slp
|-damage|p2a: Donphan|341\/383 slp|[from] Stealth Rock
|
|-heal|p1a: Bull Doozer|203\/403|[from] item: Leftovers
|-heal|p2a: Donphan|364\/383 slp|[from] item: Leftovers
|turn|19
|
|move|p1a: Bull Doozer|Scald|p2a: Donphan
|-supereffective|p2a: Donphan
|-damage|p2a: Donphan|134\/383 slp
|-curestatus|p2a: Donphan|slp
|move|p2a: Donphan|Stealth Rock|p1a: Bull Doozer
|-sidestart|p1: Gordy Lifestyle|move: Stealth Rock
|
|-heal|p1a: Bull Doozer|228\/403|[from] item: Leftovers
|-heal|p2a: Donphan|157\/383|[from] item: Leftovers
|turn|20
|
|move|p1a: Bull Doozer|Scald|p2a: Donphan
|-supereffective|p2a: Donphan
|-damage|p2a: Donphan|0 fnt
|faint|p2a: Donphan
|
|-heal|p1a: Bull Doozer|253\/403|[from] item: Leftovers
|
|switch|p2a: Shaymin|Shaymin|197\/341
|-damage|p2a: Shaymin|155\/341|[from] Stealth Rock
|turn|21
|
|switch|p1a: Luna|Umbreon, F, shiny|394\/394
|-damage|p1a: Luna|345\/394|[from] Stealth Rock
|move|p2a: Shaymin|Air Slash|p1a: Luna
|-damage|p1a: Luna|292\/394
|-damage|p2a: Shaymin|121\/341|[from] item: Life Orb
|
|-heal|p1a: Luna|316\/394|[from] item: Leftovers
|turn|22
|
|move|p2a: Shaymin|Rest|p2a: Shaymin
|-status|p2a: Shaymin|slp
|-heal|p2a: Shaymin|341\/341 slp|[silent]
|-status|p2a: Shaymin|slp|[from] move: Rest
|move|p1a: Luna|Wish|p1a: Luna
|
|-heal|p1a: Luna|340\/394|[from] item: Leftovers
|turn|23
|
|switch|p2a: Jirachi|Jirachi|404\/404
|-damage|p2a: Jirachi|379\/404|[from] Stealth Rock
|switch|p1a: Tranzelda|Forretress, F|164\/353
|-damage|p1a: Tranzelda|120\/353|[from] Stealth Rock
|
|-heal|p1a: Tranzelda|317\/353|[from] move: Wish|[wisher] Luna
|-heal|p2a: Jirachi|404\/404|[from] item: Leftovers
|-heal|p1a: Tranzelda|339\/353|[from] item: Leftovers
|turn|24
|
|move|p2a: Jirachi|Wish|p2a: Jirachi
|move|p1a: Tranzelda|Rapid Spin|p2a: Jirachi
|-resisted|p2a: Jirachi
|-damage|p2a: Jirachi|398\/404
|-sideend|p1: Gordy Lifestyle|Stealth Rock|[from] move: Rapid Spin|[of] p1a: Tranzelda
|
|-heal|p2a: Jirachi|404\/404|[from] item: Leftovers
|-heal|p1a: Tranzelda|353\/353|[from] item: Leftovers
|turn|25
|
|switch|p2a: Kingdra|Kingdra, M|196\/291
|-damage|p2a: Kingdra|160\/291|[from] Stealth Rock
|move|p1a: Tranzelda|Toxic Spikes|p2a: Kingdra
|-sidestart|p2: Bellignorant|move: Toxic Spikes
|
|-heal|p2a: Kingdra|291\/291|[from] move: Wish|[wisher] Jirachi
|turn|26
|
|move|p2a: Kingdra|Focus Energy|p2a: Kingdra
|-start|p2a: Kingdra|move: Focus Energy
|move|p1a: Tranzelda|Volt Switch|p2a: Kingdra
|-damage|p2a: Kingdra|252\/291
|
|switch|p1a: BloodSugar|Crobat, F|204\/311
|
|turn|27
|
|move|p1a: BloodSugar|Hypnosis|p2a: Kingdra
|-status|p2a: Kingdra|slp
|cant|p2a: Kingdra|slp
|
|turn|28
|
|move|p1a: BloodSugar|Brave Bird|p2a: Kingdra
|-damage|p2a: Kingdra|92\/291 slp
|-damage|p1a: BloodSugar|151\/311|[from] recoil|[of] p2a: Kingdra
|-curestatus|p2a: Kingdra|slp
|move|p2a: Kingdra|Surf|p1a: BloodSugar
|-crit|p1a: BloodSugar
|-damage|p1a: BloodSugar|0 fnt
|faint|p1a: BloodSugar
|
|
|switch|p1a: Old Tobey|Victini|341\/341
|turn|29
|
|move|p1a: Old Tobey|Zen Headbutt|p2a: Kingdra
|-damage|p2a: Kingdra|0 fnt
|faint|p2a: Kingdra
|
|
|switch|p2a: Shaymin|Shaymin|341\/341
|-damage|p2a: Shaymin|299\/341|[from] Stealth Rock
|-status|p2a: Shaymin|psn
|turn|30
|
|switch|p1a: Luna|Umbreon, F, shiny|340\/394
|move|p2a: Shaymin|Earth Power|p1a: Luna
|-crit|p1a: Luna
|-damage|p1a: Luna|241\/394
|-damage|p2a: Shaymin|265\/341 psn|[from] item: Life Orb
|
|-heal|p1a: Luna|265\/394|[from] item: Leftovers
|-damage|p2a: Shaymin|223\/341 psn|[from] psn
|turn|31
|
|switch|p2a: Mienshao|Mienshao, M|271\/271
|-damage|p2a: Mienshao|255\/271|[from] Stealth Rock
|-status|p2a: Mienshao|psn
|move|p1a: Luna|Foul Play|p2a: Mienshao
|-crit|p2a: Mienshao
|-resisted|p2a: Mienshao
|-damage|p2a: Mienshao|66\/271 psn
|
|-heal|p1a: Luna|289\/394|[from] item: Leftovers
|-damage|p2a: Mienshao|33\/271 psn|[from] psn
|turn|32
|
|move|p1a: Luna|Protect|p1a: Luna
|-singleturn|p1a: Luna|Protect
|move|p2a: Mienshao|U-turn|p1a: Luna
|-activate|p1a: Luna|Protect
|
|-heal|p1a: Luna|313\/394|[from] item: Leftovers
|-damage|p2a: Mienshao|0 fnt|[from] psn
|faint|p2a: Mienshao
|
|switch|p2a: Shaymin|Shaymin|223\/341
|-damage|p2a: Shaymin|181\/341|[from] Stealth Rock
|-status|p2a: Shaymin|psn
|turn|33
|
|move|p2a: Shaymin|Seed Flare|p1a: Luna
|-damage|p1a: Luna|183\/394
|-unboost|p1a: Luna|spd|2
|-damage|p2a: Shaymin|147\/341 psn|[from] item: Life Orb
|move|p1a: Luna|Foul Play|p2a: Shaymin
|-damage|p2a: Shaymin|41\/341 psn
|
|-heal|p1a: Luna|207\/394|[from] item: Leftovers
|-damage|p2a: Shaymin|0 fnt|[from] psn
|faint|p2a: Shaymin
|
|switch|p2a: Jirachi|Jirachi|404\/404
|-damage|p2a: Jirachi|379\/404|[from] Stealth Rock
|turn|34
|
|move|p2a: Jirachi|Thunder Wave|p1a: Luna
|-status|p1a: Luna|par
|-status|p2a: Jirachi|par
|move|p1a: Luna|Wish|p1a: Luna
|
|-heal|p2a: Jirachi|404\/404 par|[from] item: Leftovers
|-heal|p1a: Luna|231\/394 par|[from] item: Leftovers
|turn|35
|
|move|p2a: Jirachi|Thunder Wave|p1a: Luna
|-fail|p1a: Luna|par
|move|p1a: Luna|Heal Bell|p1a: Luna
|-cureteam|p1a: Luna|[from] move: HealBell
|
|-heal|p1a: Luna|394\/394|[from] move: Wish|[wisher] Luna
|turn|36
|-message|Bellignorant forfeited.
|
|win|Gordy Lifestyle
|raw|Ladder updating...
|raw|Gordy Lifestyle's rating: 1506 &rarr; <strong>1521<\/strong><br \/>(+15 for winning)
|raw|Bellignorant's rating: 1418 &rarr; <strong>1403<\/strong><br \/>(-15 for losing)
|leave|Bellignorant
|player|p2