|join|MF Goom
|join|Gordy Lifestyle
|player|p1|MF Goom|283
|player|p2|Gordy Lifestyle|154
|gametype|singles
|gen|6
|tier|UU
|rated
|rule|Sleep Clause Mod: Limit one foe put to sleep
|rule|Species Clause: Limit one of each Pokemon
|rule|OHKO Clause: OHKO moves are banned
|rule|Moody Clause: Moody is banned
|rule|Evasion Moves Clause: Evasion moves are banned
|rule|Endless Battle Clause: Forcing endless battles is banned.
|rule|HP Percentage Mod: HP is reported as percentages
|clearpoke
|poke|p1|Nidoking, M, shiny
|poke|p1|Cloyster, M
|poke|p1|Hydreigon, F
|poke|p1|Forretress, M
|poke|p1|Toxicroak, M, shiny
|poke|p1|Darmanitan, F
|poke|p2|Virizion
|poke|p2|Gardevoir, M, shiny
|poke|p2|Aerodactyl, M, shiny
|poke|p2|Florges, F
|poke|p2|Mew
|poke|p2|Quagsire, M
|teampreview
|
|start
|switch|p1a: Figaro|Forretress, M|354\/354
|switch|p2a: Blimpee|Quagsire, M|394\/394
|turn|1
|
|switch|p2a: Mewone|Mew|404\/404
|move|p1a: Figaro|Stealth Rock|p2a: Mewone
|-sidestart|p2: Gordy Lifestyle|move: Stealth Rock
|
|turn|2
|
|move|p2a: Mewone|Knock Off|p1a: Figaro
|-damage|p1a: Figaro|313\/354
|-enditem|p1a: Figaro|Leftovers|[from] move: Knock Off|[of] p2a: Mewone
|move|p1a: Figaro|Volt Switch|p2a: Mewone
|-damage|p2a: Mewone|380\/404
|
|switch|p1a: Sanzadora|Hydreigon, F|325\/325
|
|-heal|p2a: Mewone|404\/404|[from] item: Leftovers
|turn|3
|
|move|p1a: Sanzadora|Dark Pulse|p2a: Mewone
|-supereffective|p2a: Mewone
|-damage|p2a: Mewone|90\/404
|move|p2a: Mewone|Knock Off|p1a: Sanzadora
|-resisted|p1a: Sanzadora
|-damage|p1a: Sanzadora|285\/325
|-enditem|p1a: Sanzadora|Choice Specs|[from] move: Knock Off|[of] p2a: Mewone
|
|-heal|p2a: Mewone|115\/404|[from] item: Leftovers
|turn|4
|
|switch|p2a: Freya|Florges, F|360\/360
|-damage|p2a: Freya|315\/360|[from] Stealth Rock
|move|p1a: Sanzadora|Dark Pulse|p2a: Freya
|-resisted|p2a: Freya
|-damage|p2a: Freya|267\/360
|
|-heal|p2a: Freya|289\/360|[from] item: Leftovers
|turn|5
|
|switch|p1a: Myoboku|Toxicroak, M, shiny|308\/308
|switch|p2a: Blimpee|Quagsire, M|394\/394
|-damage|p2a: Blimpee|370\/394|[from] Stealth Rock
|
|-heal|p2a: Blimpee|394\/394|[from] item: Leftovers
|turn|6
|
|switch|p1a: Sanzadora|Hydreigon, F|285\/325
|move|p2a: Blimpee|Earthquake|p1a: Sanzadora
|-immune|p1a: Sanzadora|[msg]
|
|turn|7
|
|switch|p2a: Freya|Florges, F|289\/360
|-damage|p2a: Freya|244\/360|[from] Stealth Rock
|move|p1a: Sanzadora|Dark Pulse|p2a: Freya
|-crit|p2a: Freya
|-resisted|p2a: Freya
|-damage|p2a: Freya|178\/360
|
|-heal|p2a: Freya|200\/360|[from] item: Leftovers
|turn|8
|
|move|p1a: Sanzadora|Flash Cannon|p2a: Freya
|-crit|p2a: Freya
|-supereffective|p2a: Freya
|-damage|p2a: Freya|22\/360
|move|p2a: Freya|Wish|p2a: Freya
|
|-heal|p2a: Freya|44\/360|[from] item: Leftovers
|turn|9
|
|move|p2a: Freya|Protect|p2a: Freya
|-singleturn|p2a: Freya|Protect
|move|p1a: Sanzadora|Flash Cannon|p2a: Freya
|-activate|p2a: Freya|Protect
|
|-heal|p2a: Freya|224\/360|[from] move: Wish|[wisher] Freya
|-heal|p2a: Freya|246\/360|[from] item: Leftovers
|turn|10
|
|move|p1a: Sanzadora|Flash Cannon|p2a: Freya
|-crit|p2a: Freya
|-supereffective|p2a: Freya
|-damage|p2a: Freya|56\/360
|move|p2a: Freya|Wish|p2a: Freya
|
|-heal|p2a: Freya|78\/360|[from] item: Leftovers
|turn|11
|
|move|p2a: Freya|Protect|p2a: Freya
|-singleturn|p2a: Freya|Protect
|move|p1a: Sanzadora|Flash Cannon|p2a: Freya
|-activate|p2a: Freya|Protect
|
|-heal|p2a: Freya|258\/360|[from] move: Wish|[wisher] Freya
|-heal|p2a: Freya|280\/360|[from] item: Leftovers
|turn|12
|
|move|p1a: Sanzadora|Flash Cannon|p2a: Freya
|-supereffective|p2a: Freya
|-damage|p2a: Freya|150\/360
|move|p2a: Freya|Moonblast|p1a: Sanzadora
|-supereffective|p1a: Sanzadora
|-damage|p1a: Sanzadora|0 fnt
|faint|p1a: Sanzadora
|
|-heal|p2a: Freya|172\/360|[from] item: Leftovers
|
|switch|p1a: Rampage|Nidoking, M, shiny|304\/304
|turn|13
|
|move|p2a: Freya|Protect|p2a: Freya
|-singleturn|p2a: Freya|Protect
|move|p1a: Rampage|Sludge Wave|p2a: Freya
|-activate|p2a: Freya|Protect
|
|-heal|p2a: Freya|194\/360|[from] item: Leftovers
|turn|14
|
|switch|p2a: Petrie|Aerodactyl, M, shiny|361\/361
|-damage|p2a: Petrie|271\/361|[from] Stealth Rock
|-ability|p2a: Petrie|Unnerve|p1: MF Goom
|move|p1a: Rampage|Sludge Wave|p2a: Petrie
|-resisted|p2a: Petrie
|-damage|p2a: Petrie|133\/361
|
|turn|15
|
|switch|p1a: Figaro|Forretress, M|313\/354
|detailschange|p2a: Petrie|Aerodactyl-Mega, M, shiny
|message|Aerodactyl has Mega Evolved into Mega Aerodactyl!
|move|p2a: Petrie|Roost|p2a: Petrie
|-heal|p2a: Petrie|314\/361
|
|turn|16
|
|move|p2a: Petrie|Stone Edge|p1a: Figaro|[miss]
|-miss|p2a: Petrie|p1a: Figaro
|move|p1a: Figaro|Gyro Ball|p2a: Petrie
|-supereffective|p2a: Petrie
|-damage|p2a: Petrie|120\/361
|
|turn|17
|
|move|p2a: Petrie|Roost|p2a: Petrie
|-heal|p2a: Petrie|301\/361
|move|p1a: Figaro|Gyro Ball|p2a: Petrie
|-supereffective|p2a: Petrie
|-damage|p2a: Petrie|121\/361
|
|turn|18
|
|move|p2a: Petrie|Roost|p2a: Petrie
|-heal|p2a: Petrie|302\/361
|move|p1a: Figaro|Gyro Ball|p2a: Petrie
|-supereffective|p2a: Petrie
|-damage|p2a: Petrie|92\/361
|
|turn|19
|
|move|p2a: Petrie|Roost|p2a: Petrie
|-heal|p2a: Petrie|273\/361
|move|p1a: Figaro|Gyro Ball|p2a: Petrie
|-supereffective|p2a: Petrie
|-damage|p2a: Petrie|93\/361
|
|turn|20
|
|switch|p2a: Blimpee|Quagsire, M|394\/394
|-damage|p2a: Blimpee|370\/394|[from] Stealth Rock
|move|p1a: Figaro|Volt Switch|p2a: Blimpee
|-immune|p2a: Blimpee|[msg]
|
|-heal|p2a: Blimpee|394\/394|[from] item: Leftovers
|turn|21
|
|switch|p1a: Myoboku|Toxicroak, M, shiny|308\/308
|move|p2a: Blimpee|Earthquake|p1a: Myoboku
|-supereffective|p1a: Myoboku
|-damage|p1a: Myoboku|12\/308
|
|turn|22
|
|move|p1a: Myoboku|Drain Punch|p2a: Blimpee
|-damage|p2a: Blimpee|256\/394
|-heal|p1a: Myoboku|81\/308|[from] drain|[of] p2a: Blimpee
|-damage|p1a: Myoboku|51\/308|[from] item: Life Orb
|move|p2a: Blimpee|Earthquake|p1a: Myoboku
|-supereffective|p1a: Myoboku
|-damage|p1a: Myoboku|0 fnt
|faint|p1a: Myoboku
|
|-heal|p2a: Blimpee|280\/394|[from] item: Leftovers
|
|switch|p1a: Based|Cloyster, M|242\/242
|turn|23
|
|move|p1a: Based|Icicle Spear|p2a: Blimpee
|-crit|p2a: Blimpee
|-damage|p2a: Blimpee|231\/394
|-crit|p2a: Blimpee
|-damage|p2a: Blimpee|180\/394
|-damage|p2a: Blimpee|150\/394
|-damage|p2a: Blimpee|120\/394
|-damage|p2a: Blimpee|87\/394
|-hitcount|p2a: Blimpee|5
|move|p2a: Blimpee|Recover|p2a: Blimpee
|-heal|p2a: Blimpee|284\/394
|
|-heal|p2a: Blimpee|308\/394|[from] item: Leftovers
|turn|24
|
|move|p1a: Based|Icicle Spear|p2a: Blimpee
|-damage|p2a: Blimpee|278\/394
|-damage|p2a: Blimpee|244\/394
|-damage|p2a: Blimpee|213\/394
|-damage|p2a: Blimpee|183\/394
|-damage|p2a: Blimpee|149\/394
|-hitcount|p2a: Blimpee|5
|move|p2a: Blimpee|Curse|p2a: Blimpee
|-boost|p2a: Blimpee|atk|1
|-boost|p2a: Blimpee|def|1
|-unboost|p2a: Blimpee|spe|1
|
|-heal|p2a: Blimpee|173\/394|[from] item: Leftovers
|turn|25
|
|switch|p1a: Rampage|Nidoking, M, shiny|304\/304
|move|p2a: Blimpee|Recover|p2a: Blimpee
|-heal|p2a: Blimpee|370\/394
|
|-heal|p2a: Blimpee|394\/394|[from] item: Leftovers
|turn|26
|
|move|p1a: Rampage|Earth Power|p2a: Blimpee
|-damage|p2a: Blimpee|98\/394
|move|p2a: Blimpee|Earthquake|p1a: Rampage
|-supereffective|p1a: Rampage
|-damage|p1a: Rampage|0 fnt
|faint|p1a: Rampage
|
|-heal|p2a: Blimpee|122\/394|[from] item: Leftovers
|
|switch|p1a: Hihidaruma|Darmanitan, F|351\/351
|turn|27
|
|move|p1a: Hihidaruma|Flare Blitz|p2a: Blimpee
|-resisted|p2a: Blimpee
|-damage|p2a: Blimpee|43\/394
|-damage|p1a: Hihidaruma|325\/351|[from] recoil|[of] p2a: Blimpee
|move|p2a: Blimpee|Recover|p2a: Blimpee
|-heal|p2a: Blimpee|240\/394
|
|-heal|p2a: Blimpee|264\/394|[from] item: Leftovers
|turn|28
|-message|MF Goom forfeited.
|leave|MF Goom
|
|move|p1a: Hihidaruma|Flare Blitz|p2a: Blimpee
|-resisted|p2a: Blimpee
|-damage|p2a: Blimpee|174\/394
|-damage|p1a: Hihidaruma|295\/351|[from] recoil|[of] p2a: Blimpee
|move|p2a: Blimpee|Recover|p2a: Blimpee
|-heal|p2a: Blimpee|371\/394
|
|-heal|p2a: Blimpee|394\/394|[from] item: Leftovers
|turn|29
|
|win|Gordy Lifestyle
|raw|Ladder updating...
|player|p1
|raw|MF Goom's rating: 1493 &rarr; <strong>1471<\/strong><br \/>(-22 for losing)
|raw|Gordy Lifestyle's rating: 1471 &rarr; <strong>1492<\/strong><br \/>(+21 for winning)