|join|Gordy Lifestyle
|join|ExodiK
|player|p1|Gordy Lifestyle|16
|player|p2|ExodiK|92
|gametype|singles
|gen|6
|tier|UU
|rated
|rule|Sleep Clause Mod: Limit one foe put to sleep
|rule|Species Clause: Limit one of each PokÃ©mon
|rule|OHKO Clause: OHKO moves are banned
|rule|Moody Clause: Moody is banned
|rule|Evasion Moves Clause: Evasion moves are banned
|rule|Endless Battle Clause: Forcing endless battles is banned
|rule|HP Percentage Mod: HP is shown in percentages
|clearpoke
|poke|p1|Vaporeon, F
|poke|p1|Forretress, M, shiny
|poke|p1|Dugtrio, M
|poke|p1|Togekiss, F, shiny
|poke|p1|Hydreigon, M
|poke|p1|Raikou, shiny
|poke|p2|Tangrowth, M
|poke|p2|Milotic, M
|poke|p2|Chandelure, F
|poke|p2|Donphan, F
|poke|p2|Honchkrow, M
|poke|p2|Toxicroak, M
|rule|Swagger Clause: Swagger is banned
|rule|Baton Pass Clause: Limit one PokÃ©mon knowing Baton Pass
|teampreview
|
|start
|switch|p1a: Hydreigon|Hydreigon, M|325\/325
|switch|p2a: Chandelure|Chandelure, F|231\/231
|turn|1
|
|switch|p2a: Milotic|Milotic, M|394\/394
|move|p1a: Hydreigon|Draco Meteor|p2a: Milotic
|-damage|p2a: Milotic|250\/394
|-unboost|p1a: Hydreigon|spa|2
|
|-heal|p2a: Milotic|274\/394|[from] item: Leftovers
|turn|2
|
|switch|p1a: Thundercat|Raikou, shiny|321\/321
|-ability|p1a: Thundercat|Pressure
|switch|p2a: Tangrowth|Tangrowth, M|404\/404
|
|turn|3
|
|move|p1a: Thundercat|Volt Switch|p2a: Tangrowth
|-resisted|p2a: Tangrowth
|-damage|p2a: Tangrowth|298\/404
|
|switch|p1a: Scrambled|Togekiss, F, shiny|351\/351
|move|p2a: Tangrowth|Knock Off|p1a: Scrambled
|-resisted|p1a: Scrambled
|-damage|p1a: Scrambled|296\/351
|-enditem|p1a: Scrambled|Leftovers|[from] move: Knock Off|[of] p2a: Tangrowth
|-damage|p2a: Tangrowth|258\/404|[from] item: Life Orb
|
|turn|4
|
|switch|p2a: Chandelure|Chandelure, F|231\/231
|move|p1a: Scrambled|Air Slash|p2a: Chandelure
|-damage|p2a: Chandelure|116\/231
|
|-heal|p2a: Chandelure|130\/231|[from] item: Leftovers
|turn|5
|
|switch|p2a: Milotic|Milotic, M|274\/394
|switch|p1a: Hydreigon|Hydreigon, M|325\/325
|
|-heal|p2a: Milotic|298\/394|[from] item: Leftovers
|turn|6
|
|move|p1a: Hydreigon|U-turn|p2a: Milotic
|-damage|p2a: Milotic|241\/394
|
|switch|p1a: Thundercat|Raikou, shiny|321\/321
|-ability|p1a: Thundercat|Pressure
|move|p2a: Milotic|Ice Beam|p1a: Thundercat
|-damage|p1a: Thundercat|244\/321
|
|-heal|p2a: Milotic|265\/394|[from] item: Leftovers
|turn|7
|
|move|p1a: Thundercat|Volt Switch|p2a: Milotic
|-supereffective|p2a: Milotic
|-damage|p2a: Milotic|83\/394
|
|switch|p1a: Ariel|Vaporeon, F|451\/451
|move|p2a: Milotic|Mirror Coat|p1a: Ariel
|-damage|p1a: Ariel|87\/451
|
|-heal|p2a: Milotic|107\/394|[from] item: Leftovers
|-heal|p1a: Ariel|115\/451|[from] item: Leftovers
|turn|8
|
|switch|p2a: Chandelure|Chandelure, F|130\/231
|move|p1a: Ariel|Wish|p1a: Ariel
|
|-heal|p2a: Chandelure|144\/231|[from] item: Leftovers
|-heal|p1a: Ariel|143\/451|[from] item: Leftovers
|turn|9
|
|move|p2a: Chandelure|Substitute|p2a: Chandelure
|-start|p2a: Chandelure|Substitute
|-damage|p2a: Chandelure|87\/231
|move|p1a: Ariel|Scald|p2a: Chandelure
|-supereffective|p2a: Chandelure
|-end|p2a: Chandelure|Substitute
|
|-heal|p1a: Ariel|368\/451|[from] move: Wish|[wisher] Ariel
|-heal|p2a: Chandelure|101\/231|[from] item: Leftovers
|-heal|p1a: Ariel|396\/451|[from] item: Leftovers
|turn|10
|
|switch|p2a: Toxicroak|Toxicroak, M|370\/370
|switch|p1a: 3 Little Dicklets|Dugtrio, M|211\/211
|
|turn|11
|
|move|p2a: Toxicroak|Sucker Punch|p1a: 3 Little Dicklets
|-damage|p1a: 3 Little Dicklets|62\/211
|move|p1a: 3 Little Dicklets|Earthquake|p2a: Toxicroak
|-supereffective|p2a: Toxicroak
|-damage|p2a: Toxicroak|0 fnt
|faint|p2a: Toxicroak
|
|
|switch|p2a: Honchkrow|Honchkrow, M|341\/341
|turn|12
|
|switch|p1a: Scrambled|Togekiss, F, shiny|296\/351
|move|p2a: Honchkrow|Sucker Punch|p1a: Scrambled
|-fail|p1a: Scrambled
|
|turn|13
|
|switch|p2a: Milotic|Milotic, M|107\/394
|switch|p1a: Thundercat|Raikou, shiny|244\/321
|-ability|p1a: Thundercat|Pressure
|
|-heal|p2a: Milotic|131\/394|[from] item: Leftovers
|turn|14
|
|switch|p2a: Donphan|Donphan, F|384\/384
|move|p1a: Thundercat|Hidden Power|p2a: Donphan
|-supereffective|p2a: Donphan
|-damage|p2a: Donphan|156\/384
|
|-heal|p2a: Donphan|180\/384|[from] item: Leftovers
|turn|15
|
|switch|p2a: Milotic|Milotic, M|131\/394
|move|p1a: Thundercat|Hidden Power|p2a: Milotic
|-supereffective|p2a: Milotic
|-damage|p2a: Milotic|23\/394
|
|-heal|p2a: Milotic|47\/394|[from] item: Leftovers
|turn|16
|
|switch|p2a: Chandelure|Chandelure, F|101\/231
|move|p1a: Thundercat|Hidden Power|p2a: Chandelure
|-resisted|p2a: Chandelure
|-damage|p2a: Chandelure|67\/231
|
|-heal|p2a: Chandelure|81\/231|[from] item: Leftovers
|turn|17
|
|move|p1a: Thundercat|Thunderbolt|p2a: Chandelure
|-damage|p2a: Chandelure|0 fnt
|faint|p2a: Chandelure
|
|
|switch|p2a: Tangrowth|Tangrowth, M|392\/404
|turn|18
|
|move|p1a: Thundercat|Volt Switch|p2a: Tangrowth
|-resisted|p2a: Tangrowth
|-damage|p2a: Tangrowth|287\/404
|
|switch|p1a: Scrambled|Togekiss, F, shiny|296\/351
|move|p2a: Tangrowth|Earthquake|p1a: Scrambled
|-immune|p1a: Scrambled|[msg]
|
|turn|19
|
|switch|p2a: Milotic|Milotic, M|47\/394
|move|p1a: Scrambled|Air Slash|p2a: Milotic
|-damage|p2a: Milotic|0 fnt
|faint|p2a: Milotic
|
|
|switch|p2a: Honchkrow|Honchkrow, M|341\/341
|turn|20
|
|move|p2a: Honchkrow|Brave Bird|p1a: Scrambled
|-damage|p1a: Scrambled|146\/351
|-damage|p2a: Honchkrow|291\/341|[from] recoil|[of] p1a: Scrambled
|move|p1a: Scrambled|Air Slash|p2a: Honchkrow
|-damage|p2a: Honchkrow|131\/341
|
|turn|21
|
|switch|p1a: Walnut|Forretress, M, shiny|353\/353
|move|p2a: Honchkrow|Brave Bird|p1a: Walnut
|-damage|p1a: Walnut|230\/353
|-damage|p2a: Honchkrow|90\/341|[from] recoil|[of] p1a: Walnut
|
|-heal|p1a: Walnut|252\/353|[from] item: Leftovers
|turn|22
|
|switch|p2a: Donphan|Donphan, F|180\/384
|move|p1a: Walnut|Stealth Rock|p2a: Donphan
|-sidestart|p2: ExodiK|move: Stealth Rock
|
|-heal|p2a: Donphan|204\/384|[from] item: Leftovers
|-heal|p1a: Walnut|274\/353|[from] item: Leftovers
|turn|23
|
|switch|p1a: Ariel|Vaporeon, F|396\/451
|move|p2a: Donphan|Stealth Rock|p1a: Ariel
|-sidestart|p1: Gordy Lifestyle|move: Stealth Rock
|
|-heal|p1a: Ariel|424\/451|[from] item: Leftovers
|-heal|p2a: Donphan|228\/384|[from] item: Leftovers
|turn|24
|
|move|p1a: Ariel|Scald|p2a: Donphan
|-supereffective|p2a: Donphan
|-damage|p2a: Donphan|0 fnt
|faint|p2a: Donphan
|
|-heal|p1a: Ariel|451\/451|[from] item: Leftovers
|
|switch|p2a: Tangrowth|Tangrowth, M|404\/404
|-damage|p2a: Tangrowth|354\/404|[from] Stealth Rock
|turn|25
|
|move|p1a: Ariel|Wish|p1a: Ariel
|move|p2a: Tangrowth|Power Whip|p1a: Ariel
|-supereffective|p1a: Ariel
|-damage|p1a: Ariel|0 fnt
|-damage|p2a: Tangrowth|314\/404|[from] item: Life Orb
|faint|p1a: Ariel
|
|
|switch|p1a: Scrambled|Togekiss, F, shiny|146\/351
|-damage|p1a: Scrambled|59\/351|[from] Stealth Rock
|turn|26
|
|move|p1a: Scrambled|Roost|p1a: Scrambled
|-heal|p1a: Scrambled|235\/351
|move|p2a: Tangrowth|Power Whip|p1a: Scrambled
|-damage|p1a: Scrambled|56\/351
|-damage|p2a: Tangrowth|274\/404|[from] item: Life Orb
|
|-heal|p1a: Scrambled|281\/351|[from] move: Wish|[wisher] Ariel
|turn|27
|
|move|p1a: Scrambled|Air Slash|p2a: Tangrowth
|-supereffective|p2a: Tangrowth
|-damage|p2a: Tangrowth|0 fnt
|faint|p2a: Tangrowth
|
|
|switch|p2a: Honchkrow|Honchkrow, M|90\/341
|-damage|p2a: Honchkrow|5\/341|[from] Stealth Rock
|turn|28
|
|move|p2a: Honchkrow|Brave Bird|p1a: Scrambled
|-damage|p1a: Scrambled|134\/351
|-damage|p2a: Honchkrow|0 fnt|[from] recoil|[of] p1a: Scrambled
|faint|p2a: Honchkrow
|
|win|Gordy Lifestyle
|raw|Ladder updating...
|raw|Gordy Lifestyle's rating: 1424 &rarr; <strong>1442<\/strong><br \/>(+18 for winning)
|raw|ExodiK's rating: 1398 &rarr; <strong>1379<\/strong><br \/>(-19 for losing)
|leave|ExodiK
|player|p2