|join|Aquabob
|join|Gordy Lifestyle
|player|p1|Aquabob|52
|player|p2|Gordy Lifestyle|172
|gametype|singles
|gen|6
|tier|UU
|rated
|rule|Sleep Clause Mod: Limit one foe put to sleep
|rule|Species Clause: Limit one of each Pokemon
|rule|OHKO Clause: OHKO moves are banned
|rule|Moody Clause: Moody is banned
|rule|Evasion Moves Clause: Evasion moves are banned
|rule|Endless Battle Clause: Forcing endless battles is banned
|rule|HP Percentage Mod: HP is reported as percentages
|clearpoke
|poke|p1|Entei, shiny
|poke|p1|Shaymin
|poke|p1|Blastoise, F
|poke|p1|Gligar, M
|poke|p1|Mienshao, F
|poke|p1|Jirachi
|poke|p2|Gothorita, M
|poke|p2|Blissey, F
|poke|p2|Gligar, F
|poke|p2|Alomomola, F
|poke|p2|Mew
|poke|p2|Kyurem, shiny
|rule|Swagger Clause: Swagger is banned
|rule|Baton Pass Clause: Limit 3 pokemon knowing Baton Pass
|teampreview
|
|start
|switch|p1a: Mienshao|Mienshao, F|271\/271
|switch|p2a: Clit|Alomomola, F|534\/534
|turn|1
|
|move|p1a: Mienshao|U-turn|p2a: Clit
|-damage|p2a: Clit|472\/534
|
|switch|p1a: Shaymin|Shaymin|341\/341
|move|p2a: Clit|Toxic|p1a: Shaymin|[miss]
|-miss|p2a: Clit|p1a: Shaymin
|
|-heal|p2a: Clit|505\/534|[from] item: Leftovers
|turn|2
|
|switch|p2a: Blissey|Blissey, F|652\/652
|move|p1a: Shaymin|Seed Flare|p2a: Blissey|[miss]
|-miss|p1a: Shaymin|p2a: Blissey
|
|turn|3
|
|switch|p1a: Gligar|Gligar, M|334\/334
|move|p2a: Blissey|Toxic|p1a: Gligar
|-fail|p1a: Gligar
|
|turn|4
|
|switch|p2a: Mew|Mew|404\/404
|move|p1a: Gligar|Stealth Rock|p2a: Mew
|-sidestart|p2: Gordy Lifestyle|move: Stealth Rock
|
|turn|5
|
|switch|p1a: Blastoise|Blastoise, F|362\/362
|move|p2a: Mew|Will-O-Wisp|p1a: Blastoise
|-status|p1a: Blastoise|brn
|
|-damage|p1a: Blastoise|317\/362 brn|[from] brn
|turn|6
|
|detailschange|p1a: Blastoise|Blastoise-Mega, F
|message|Blastoise has Mega Evolved into Mega Blastoise!
|move|p2a: Mew|Defog|p1a: Blastoise
|-unboost|p1a: Blastoise|evasion|1
|-sideend|p2: Gordy Lifestyle|Stealth Rock|[from] move: Defog|[of] p2a: Mew
|move|p1a: Blastoise|Dark Pulse|p2a: Mew
|-supereffective|p2a: Mew
|-damage|p2a: Mew|186\/404
|
|-heal|p2a: Mew|211\/404|[from] item: Leftovers
|-damage|p1a: Blastoise|272\/362 brn|[from] brn
|turn|7
|
|move|p2a: Mew|Roost|p2a: Mew
|-heal|p2a: Mew|404\/404
|move|p1a: Blastoise|Dark Pulse|p2a: Mew
|-supereffective|p2a: Mew
|-damage|p2a: Mew|180\/404
|
|-heal|p2a: Mew|205\/404|[from] item: Leftovers
|-damage|p1a: Blastoise|227\/362 brn|[from] brn
|turn|8
|
|switch|p2a: Blissey|Blissey, F|652\/652
|switch|p1a: Mienshao|Mienshao, F|271\/271
|
|turn|9
|
|switch|p2a: Clit|Alomomola, F|534\/534
|move|p1a: Mienshao|Knock Off|p2a: Clit
|-damage|p2a: Clit|441\/534
|-enditem|p2a: Clit|Leftovers|[from] move: Knock Off|[of] p1a: Mienshao
|
|turn|10
|
|switch|p1a: Shaymin|Shaymin|341\/341
|move|p2a: Clit|Toxic|p1a: Shaymin
|-status|p1a: Shaymin|tox
|
|-damage|p1a: Shaymin|320\/341 tox|[from] psn
|turn|11
|
|switch|p1a: Jirachi|Jirachi|404\/404
|move|p2a: Clit|Protect|p2a: Clit
|-fail|p2a: Clit
|
|turn|12
|
|move|p1a: Jirachi|Body Slam|p2a: Clit
|-damage|p2a: Clit|385\/534
|move|p2a: Clit|Scald|p1a: Jirachi
|-damage|p1a: Jirachi|368\/404
|
|-heal|p1a: Jirachi|393\/404|[from] item: Leftovers
|turn|13
|
|switch|p1a: Shaymin|Shaymin|320\/341
|move|p2a: Clit|Scald|p1a: Shaymin
|-resisted|p1a: Shaymin
|-damage|p1a: Shaymin|296\/341
|-status|p1a: Shaymin|brn
|
|-damage|p1a: Shaymin|254\/341 brn|[from] brn
|turn|14
|
|move|p2a: Clit|Protect|p2a: Clit
|-singleturn|p2a: Clit|Protect
|move|p1a: Shaymin|Earth Power|p2a: Clit
|-activate|p2a: Clit|Protect
|
|-damage|p1a: Shaymin|212\/341 brn|[from] brn
|turn|15
|
|switch|p2a: Blissey|Blissey, F|652\/652
|move|p1a: Shaymin|Seed Flare|p2a: Blissey
|-damage|p2a: Blissey|499\/652
|-damage|p1a: Shaymin|178\/341 brn|[from] item: Life Orb
|
|-heal|p2a: Blissey|539\/652|[from] item: Leftovers
|-damage|p1a: Shaymin|136\/341 brn|[from] brn
|turn|16
|
|switch|p2a: Gothorita|Gothorita, M|324\/324
|move|p1a: Shaymin|Rest|p1a: Shaymin
|-status|p1a: Shaymin|slp
|-heal|p1a: Shaymin|341\/341 slp|[silent]
|-status|p1a: Shaymin|slp|[from] move: Rest
|
|turn|17
|
|cant|p1a: Shaymin|slp
|move|p2a: Gothorita|Calm Mind|p2a: Gothorita
|-boost|p2a: Gothorita|spa|1
|-boost|p2a: Gothorita|spd|1
|
|turn|18
|
|cant|p1a: Shaymin|slp
|move|p2a: Gothorita|Calm Mind|p2a: Gothorita
|-boost|p2a: Gothorita|spa|1
|-boost|p2a: Gothorita|spd|1
|
|turn|19
|
|-curestatus|p1a: Shaymin|slp
|move|p1a: Shaymin|Seed Flare|p2a: Gothorita
|-damage|p2a: Gothorita|241\/324
|-damage|p1a: Shaymin|307\/341|[from] item: Life Orb
|move|p2a: Gothorita|Calm Mind|p2a: Gothorita
|-boost|p2a: Gothorita|spa|1
|-boost|p2a: Gothorita|spd|1
|
|turn|20
|
|move|p1a: Shaymin|Seed Flare|p2a: Gothorita|[miss]
|-miss|p1a: Shaymin|p2a: Gothorita
|move|p2a: Gothorita|Calm Mind|p2a: Gothorita
|-boost|p2a: Gothorita|spa|1
|-boost|p2a: Gothorita|spd|1
|
|turn|21
|
|move|p1a: Shaymin|Seed Flare|p2a: Gothorita
|-damage|p2a: Gothorita|179\/324
|-unboost|p2a: Gothorita|spd|2
|-damage|p1a: Shaymin|273\/341|[from] item: Life Orb
|move|p2a: Gothorita|Psyshock|p1a: Shaymin
|-damage|p1a: Shaymin|62\/341
|
|turn|22
|
|move|p1a: Shaymin|Seed Flare|p2a: Gothorita
|-damage|p2a: Gothorita|93\/324
|-damage|p1a: Shaymin|28\/341|[from] item: Life Orb
|move|p2a: Gothorita|Psyshock|p1a: Shaymin
|-damage|p1a: Shaymin|0 fnt
|faint|p1a: Shaymin
|
|
|switch|p1a: Mienshao|Mienshao, F|271\/271
|turn|23
|
|switch|p2a: Clit|Alomomola, F|534\/534
|move|p1a: Mienshao|Knock Off|p2a: Clit
|-damage|p2a: Clit|469\/534
|
|turn|24
|
|switch|p1a: Jirachi|Jirachi|393\/404
|move|p2a: Clit|Scald|p1a: Jirachi
|-damage|p1a: Jirachi|359\/404
|-status|p1a: Jirachi|brn
|
|-heal|p1a: Jirachi|384\/404 brn|[from] item: Leftovers
|-damage|p1a: Jirachi|334\/404 brn|[from] brn
|turn|25
|
|move|p2a: Clit|Protect|p2a: Clit
|-singleturn|p2a: Clit|Protect
|move|p1a: Jirachi|Body Slam|p2a: Clit
|-activate|p2a: Clit|Protect
|
|-heal|p1a: Jirachi|359\/404 brn|[from] item: Leftovers
|-damage|p1a: Jirachi|309\/404 brn|[from] brn
|turn|26
|
|move|p1a: Jirachi|Body Slam|p2a: Clit
|-damage|p2a: Clit|441\/534
|-status|p2a: Clit|par
|cant|p2a: Clit|par
|
|-heal|p1a: Jirachi|334\/404 brn|[from] item: Leftovers
|-damage|p1a: Jirachi|284\/404 brn|[from] brn
|turn|27
|
|move|p1a: Jirachi|Wish|p1a: Jirachi
|move|p2a: Clit|Wish|p2a: Clit
|
|-heal|p1a: Jirachi|309\/404 brn|[from] item: Leftovers
|-damage|p1a: Jirachi|259\/404 brn|[from] brn
|turn|28
|
|switch|p1a: Blastoise|Blastoise-Mega, F|227\/362 brn
|switch|p2a: Gothorita|Gothorita, M|93\/324
|
|-heal|p1a: Blastoise|362\/362 brn|[from] move: Wish|[wisher] Jirachi
|-heal|p2a: Gothorita|324\/324|[from] move: Wish|[wisher] Clit
|-damage|p1a: Blastoise|317\/362 brn|[from] brn
|turn|29
|
|switch|p2a: Blissey|Blissey, F|539\/652
|move|p1a: Blastoise|Dark Pulse|p2a: Blissey
|-damage|p2a: Blissey|436\/652
|
|-heal|p2a: Blissey|476\/652|[from] item: Leftovers
|-damage|p1a: Blastoise|272\/362 brn|[from] brn
|turn|30
|
|switch|p1a: Gligar|Gligar, M|334\/334
|move|p2a: Blissey|Heal Bell|p2a: Blissey
|-cureteam|p2a: Blissey|[from] move: HealBell
|
|-heal|p2a: Blissey|516\/652|[from] item: Leftovers
|turn|31
|
|switch|p2a: Mew|Mew|205\/404
|move|p1a: Gligar|U-turn|p2a: Mew
|-supereffective|p2a: Mew
|-damage|p2a: Mew|111\/404
|
|switch|p1a: Mienshao|Mienshao, F|271\/271
|
|-heal|p2a: Mew|136\/404|[from] item: Leftovers
|turn|32
|
|switch|p2a: Clit|Alomomola, F|534\/534
|move|p1a: Mienshao|U-turn|p2a: Clit
|-damage|p2a: Clit|469\/534
|-message|Aquabob forfeited.
|
|win|Gordy Lifestyle
|raw|Ladder updating...
|leave|Aquabob
|player|p1
|raw|Aquabob's rating: 1666 &rarr; <strong>1637<\/strong><br \/>(-29 for losing)
|raw|Gordy Lifestyle's rating: 1503 &rarr; <strong>1532<\/strong><br \/>(+29 for winning)
|chat|Gordy Lifestyle|alo op!