|join|LTI Limitless
|join|Gordy Lifestyle
|player|p1|LTI Limitless|285
|player|p2|Gordy Lifestyle|154
|gametype|singles
|gen|6
|tier|UU
|rated
|rule|Sleep Clause Mod: Limit one foe put to sleep
|rule|Species Clause: Limit one of each Pokemon
|rule|OHKO Clause: OHKO moves are banned
|rule|Moody Clause: Moody is banned
|rule|Evasion Moves Clause: Evasion moves are banned
|rule|Endless Battle Clause: Forcing endless battles is banned.
|rule|HP Percentage Mod: HP is reported as percentages
|clearpoke
|poke|p1|Mienshao, M
|poke|p1|Slowbro, M
|poke|p1|Florges, F
|poke|p1|Hitmonlee, M
|poke|p1|Mew
|poke|p1|Chesnaught, F
|poke|p2|Virizion
|poke|p2|Gardevoir, M, shiny
|poke|p2|Aerodactyl, M, shiny
|poke|p2|Florges, F
|poke|p2|Mew
|poke|p2|Quagsire, M
|teampreview
|
|start
|switch|p1a: KHALEESI|Hitmonlee, M|242\/242
|switch|p2a: Petrie|Aerodactyl, M, shiny|361\/361
|-ability|p2a: Petrie|Unnerve|p1: LTI Limitless
|turn|1
|
|switch|p1a: WALL|Slowbro, M|394\/394
|detailschange|p2a: Petrie|Aerodactyl-Mega, M, shiny
|message|Aerodactyl has Mega Evolved into Mega Aerodactyl!
|move|p2a: Petrie|Stealth Rock|p1a: WALL
|-sidestart|p1: LTI Limitless|move: Stealth Rock
|
|turn|2
|
|switch|p2a: Trance Kuja|Gardevoir, M, shiny|340\/340
|-ability|p2a: Trance Kuja|Regenerator|[from] ability: Trace|[of] p1a: WALL
|move|p1a: WALL|Scald|p2a: Trance Kuja
|-damage|p2a: Trance Kuja|285\/340
|
|turn|3
|
|switch|p1a: WALL3|Mew|404\/404
|-damage|p1a: WALL3|354\/404|[from] Stealth Rock
|move|p2a: Trance Kuja|Shadow Ball|p1a: WALL3
|-supereffective|p1a: WALL3
|-damage|p1a: WALL3|214\/404
|
|-heal|p1a: WALL3|239\/404|[from] item: Leftovers
|turn|4
|
|switch|p2a: Mewone|Mew|404\/404
|move|p1a: WALL3|Stealth Rock|p2a: Mewone
|-sidestart|p2: Gordy Lifestyle|move: Stealth Rock
|
|-heal|p1a: WALL3|264\/404|[from] item: Leftovers
|turn|5
|
|move|p1a: WALL3|Soft-Boiled|p1a: WALL3
|-heal|p1a: WALL3|404\/404
|move|p2a: Mewone|Knock Off|p1a: WALL3
|-supereffective|p1a: WALL3
|-damage|p1a: WALL3|252\/404
|-enditem|p1a: WALL3|Leftovers|[from] move: Knock Off|[of] p2a: Mewone
|
|turn|6
|
|move|p1a: WALL3|Knock Off|p2a: Mewone
|-supereffective|p2a: Mewone
|-damage|p2a: Mewone|258\/404
|-enditem|p2a: Mewone|Leftovers|[from] move: Knock Off|[of] p1a: WALL3
|move|p2a: Mewone|Thunder Wave|p1a: WALL3
|-status|p1a: WALL3|par
|-status|p2a: Mewone|par
|
|turn|7
|
|move|p2a: Mewone|Defog|p1a: WALL3
|-unboost|p1a: WALL3|evasion|1
|-sideend|p1: LTI Limitless|Stealth Rock|[from] move: Defog|[of] p1a: WALL3
|-sideend|p2: Gordy Lifestyle|Stealth Rock|[from] move: Defog|[of] p2a: Mewone
|move|p1a: WALL3|Soft-Boiled|p1a: WALL3
|-heal|p1a: WALL3|404\/404 par
|
|turn|8
|
|switch|p1a: KHALEESI|Hitmonlee, M|242\/242
|move|p2a: Mewone|Knock Off|p1a: KHALEESI
|-resisted|p1a: KHALEESI
|-damage|p1a: KHALEESI|184\/242
|-enditem|p1a: KHALEESI|Choice Band|[from] move: Knock Off|[of] p2a: Mewone
|
|turn|9
|
|switch|p2a: Blimpee|Quagsire, M|394\/394
|move|p1a: KHALEESI|Knock Off|p2a: Blimpee
|-damage|p2a: Blimpee|300\/394
|-enditem|p2a: Blimpee|Leftovers|[from] move: Knock Off|[of] p1a: KHALEESI
|
|turn|10
|
|switch|p2a: Petrie|Aerodactyl-Mega, M, shiny|361\/361
|move|p1a: KHALEESI|High Jump Kick|p2a: Petrie
|-damage|p2a: Petrie|150\/361
|
|turn|11
|
|switch|p1a: WALL|Slowbro, M|394\/394
|move|p2a: Petrie|Roost|p2a: Petrie
|-heal|p2a: Petrie|331\/361
|
|turn|12
|
|switch|p2a: Trance Kuja|Gardevoir, M, shiny|340\/340
|-ability|p2a: Trance Kuja|Regenerator|[from] ability: Trace|[of] p1a: WALL
|move|p1a: WALL|Scald|p2a: Trance Kuja
|-damage|p2a: Trance Kuja|285\/340
|-status|p2a: Trance Kuja|brn
|
|-damage|p2a: Trance Kuja|243\/340 brn|[from] brn
|turn|13
|
|switch|p1a: WALL3|Mew|404\/404 par
|move|p2a: Trance Kuja|Moonblast|p1a: WALL3
|-damage|p1a: WALL3|268\/404 par
|
|-damage|p2a: Trance Kuja|201\/340 brn|[from] brn
|turn|14
|
|move|p2a: Trance Kuja|Shadow Ball|p1a: WALL3
|-supereffective|p1a: WALL3
|-damage|p1a: WALL3|126\/404 par
|move|p1a: WALL3|Stealth Rock|p2a: Trance Kuja
|-sidestart|p2: Gordy Lifestyle|move: Stealth Rock
|
|-damage|p2a: Trance Kuja|159\/340 brn|[from] brn
|turn|15
|
|switch|p1a: WALL2|Florges, F|360\/360
|move|p2a: Trance Kuja|Shadow Ball|p1a: WALL2
|-damage|p1a: WALL2|298\/360
|
|-heal|p1a: WALL2|320\/360|[from] item: Leftovers
|-damage|p2a: Trance Kuja|117\/340 brn|[from] brn
|turn|16
|
|switch|p2a: Freya|Florges, F|360\/360
|-damage|p2a: Freya|315\/360|[from] Stealth Rock
|move|p1a: WALL2|Wish|p1a: WALL2
|
|-heal|p1a: WALL2|342\/360|[from] item: Leftovers
|-heal|p2a: Freya|337\/360|[from] item: Leftovers
|turn|17
|
|switch|p1a: WALL3|Mew|126\/404 par
|move|p2a: Freya|Moonblast|p1a: WALL3
|-damage|p1a: WALL3|18\/404 par
|-unboost|p1a: WALL3|spa|1
|
|-heal|p1a: WALL3|198\/404 par|[from] move: Wish|[wisher] WALL2
|-heal|p2a: Freya|359\/360|[from] item: Leftovers
|turn|18
|
|move|p2a: Freya|Aromatherapy|p2a: Freya
|-cureteam|p2a: Freya|[from] move: Aromatherapy
|move|p1a: WALL3|Soft-Boiled|p1a: WALL3
|-heal|p1a: WALL3|400\/404 par
|
|-heal|p2a: Freya|360\/360|[from] item: Leftovers
|turn|19
|
|move|p2a: Freya|Wish|p2a: Freya
|move|p1a: WALL3|Thunder Wave|p2a: Freya
|-status|p2a: Freya|par
|
|turn|20
|
|switch|p2a: Mewone|Mew|258\/404
|-damage|p2a: Mewone|208\/404|[from] Stealth Rock
|move|p1a: WALL3|Knock Off|p2a: Mewone
|-supereffective|p2a: Mewone
|-damage|p2a: Mewone|98\/404
|
|-heal|p2a: Mewone|278\/404|[from] move: Wish|[wisher] Freya
|turn|21
|
|move|p2a: Mewone|Defog|p1a: WALL3
|-unboost|p1a: WALL3|evasion|1
|-sideend|p2: Gordy Lifestyle|Stealth Rock|[from] move: Defog|[of] p2a: Mewone
|cant|p1a: WALL3|par
|
|turn|22
|
|move|p2a: Mewone|Knock Off|p1a: WALL3
|-supereffective|p1a: WALL3
|-damage|p1a: WALL3|306\/404 par
|move|p1a: WALL3|Thunder Wave|p2a: Mewone
|-status|p2a: Mewone|par
|
|turn|23
|
|switch|p1a: KHALEESI|Hitmonlee, M|184\/242
|cant|p2a: Mewone|par
|
|turn|24
|
|move|p1a: KHALEESI|High Jump Kick|p2a: Mewone
|-resisted|p2a: Mewone
|-damage|p2a: Mewone|141\/404 par
|move|p2a: Mewone|Thunder Wave|p1a: KHALEESI
|-status|p1a: KHALEESI|par
|
|turn|25
|
|switch|p2a: Blimpee|Quagsire, M|300\/394
|cant|p1a: KHALEESI|par
|
|turn|26
|
|move|p2a: Blimpee|Earthquake|p1a: KHALEESI
|-damage|p1a: KHALEESI|27\/242 par
|move|p1a: KHALEESI|High Jump Kick|p2a: Blimpee|[miss]
|-miss|p1a: KHALEESI|p2a: Blimpee
|-damage|p1a: KHALEESI|0 fnt|[from] highjumpkick
|faint|p1a: KHALEESI
|
|
|switch|p1a: FLCL|Mienshao, M|272\/272
|turn|27
|
|move|p1a: FLCL|High Jump Kick|p2a: Blimpee
|-damage|p2a: Blimpee|48\/394
|move|p2a: Blimpee|Recover|p2a: Blimpee
|-heal|p2a: Blimpee|245\/394
|
|turn|28
|
|switch|p2a: Freya|Florges, F|360\/360 par
|move|p1a: FLCL|High Jump Kick|p2a: Freya
|-resisted|p2a: Freya
|-damage|p2a: Freya|186\/360 par
|
|-heal|p2a: Freya|208\/360 par|[from] item: Leftovers
|turn|29
|
|switch|p1a: WALL|Slowbro, M|394\/394
|move|p2a: Freya|Moonblast|p1a: WALL
|-damage|p1a: WALL|217\/394
|-unboost|p1a: WALL|spa|1
|
|-heal|p1a: WALL|241\/394|[from] item: Leftovers
|-heal|p2a: Freya|230\/360 par|[from] item: Leftovers
|turn|30
|
|move|p1a: WALL|Calm Mind|p1a: WALL
|-boost|p1a: WALL|spa|1
|-boost|p1a: WALL|spd|1
|move|p2a: Freya|Aromatherapy|p2a: Freya
|-cureteam|p2a: Freya|[from] move: Aromatherapy
|
|-heal|p2a: Freya|252\/360|[from] item: Leftovers
|-heal|p1a: WALL|265\/394|[from] item: Leftovers
|turn|31
|
|switch|p2a: Trance Kuja|Gardevoir, M, shiny|230\/340
|-ability|p2a: Trance Kuja|Regenerator|[from] ability: Trace|[of] p1a: WALL
|move|p1a: WALL|Calm Mind|p1a: WALL
|-boost|p1a: WALL|spa|1
|-boost|p1a: WALL|spd|1
|
|-heal|p1a: WALL|289\/394|[from] item: Leftovers
|turn|32
|
|move|p2a: Trance Kuja|Energy Ball|p1a: WALL
|-supereffective|p1a: WALL
|-damage|p1a: WALL|151\/394
|move|p1a: WALL|Slack Off|p1a: WALL
|-heal|p1a: WALL|348\/394
|
|-heal|p1a: WALL|372\/394|[from] item: Leftovers
|turn|33
|
|move|p2a: Trance Kuja|Energy Ball|p1a: WALL
|-crit|p1a: WALL
|-supereffective|p1a: WALL
|-damage|p1a: WALL|0 fnt
|faint|p1a: WALL
|
|
|switch|p1a: WALL2|Florges, F|342\/360
|turn|34
|
|move|p2a: Trance Kuja|Psyshock|p1a: WALL2
|-damage|p1a: WALL2|191\/360
|move|p1a: WALL2|Moonblast|p2a: Trance Kuja
|-damage|p2a: Trance Kuja|158\/340
|
|-heal|p1a: WALL2|213\/360|[from] item: Leftovers
|turn|35
|
|move|p2a: Trance Kuja|Moonblast|p1a: WALL2
|-damage|p1a: WALL2|93\/360
|move|p1a: WALL2|Aromatherapy|p1a: WALL2
|-cureteam|p1a: WALL2|[from] move: Aromatherapy
|
|-heal|p1a: WALL2|115\/360|[from] item: Leftovers
|turn|36
|
|move|p1a: WALL2|Protect|p1a: WALL2
|-singleturn|p1a: WALL2|Protect
|move|p2a: Trance Kuja|Psyshock|p1a: WALL2
|-activate|p1a: WALL2|Protect
|
|-heal|p1a: WALL2|137\/360|[from] item: Leftovers
|turn|37
|
|switch|p1a: WALL3|Mew|306\/404
|move|p2a: Trance Kuja|Psyshock|p1a: WALL3
|-resisted|p1a: WALL3
|-damage|p1a: WALL3|232\/404
|
|turn|38
|
|switch|p2a: Virizion|Virizion|386\/386
|move|p1a: WALL3|Stealth Rock|p2a: Virizion
|-sidestart|p2: Gordy Lifestyle|move: Stealth Rock
|
|turn|39
|
|move|p2a: Virizion|Substitute|p2a: Virizion
|-start|p2a: Virizion|Substitute
|-damage|p2a: Virizion|290\/386
|move|p1a: WALL3|Thunder Wave|p2a: Virizion
|
|-heal|p2a: Virizion|314\/386|[from] item: Leftovers
|turn|40
|
|switch|p1a: WALL2|Florges, F|137\/360
|move|p2a: Virizion|Swords Dance|p2a: Virizion
|-boost|p2a: Virizion|atk|2
|
|-heal|p2a: Virizion|338\/386|[from] item: Leftovers
|-heal|p1a: WALL2|159\/360|[from] item: Leftovers
|turn|41
|
|move|p2a: Virizion|Leaf Blade|p1a: WALL2
|-crit|p1a: WALL2
|-damage|p1a: WALL2|0 fnt
|faint|p1a: WALL2
|
|-heal|p2a: Virizion|362\/386|[from] item: Leftovers
|chat|LTI Limitless|well congrats on the hax
|chat|LTI Limitless|well deserved
|-message|LTI Limitless forfeited.
|
|win|Gordy Lifestyle
|raw|Ladder updating...
|leave|LTI Limitless
|player|p1
|raw|LTI Limitless's rating: 1722 &rarr; <strong>1690<\/strong><br \/>(-32 for losing)
|raw|Gordy Lifestyle's rating: 1479 &rarr; <strong>1511<\/strong><br \/>(+32 for winning)