|join|Gordy Lifestyle
|join|Nickoop@
|player|p1|Gordy Lifestyle|16
|player|p2|Nickoop@|110
|gametype|singles
|gen|6
|tier|UU
|rated
|rule|Sleep Clause Mod: Limit one foe put to sleep
|rule|Species Clause: Limit one of each PokÃ©mon
|rule|OHKO Clause: OHKO moves are banned
|rule|Moody Clause: Moody is banned
|rule|Evasion Moves Clause: Evasion moves are banned
|rule|Endless Battle Clause: Forcing endless battles is banned
|rule|HP Percentage Mod: HP is shown in percentages
|clearpoke
|poke|p1|Doublade, F, shiny
|poke|p1|Granbull, M
|poke|p1|Blissey, F
|poke|p1|Houndoom, M
|poke|p1|Tentacruel, M
|poke|p1|Rotom-Mow
|poke|p2|Jirachi, shiny
|poke|p2|Hydreigon, M
|poke|p2|Aromatisse, F
|poke|p2|Celebi
|poke|p2|Aerodactyl, M
|poke|p2|Blastoise, M
|rule|Swagger Clause: Swagger is banned
|rule|Baton Pass Clause: Limit one PokÃ©mon knowing Baton Pass
|teampreview
|
|start
|switch|p1a: Kraken|Tentacruel, M|361\/361
|switch|p2a: Hydreigon|Hydreigon, M|325\/325
|turn|1
|
|move|p2a: Hydreigon|Earthquake|p1a: Kraken
|-supereffective|p1a: Kraken
|-damage|p1a: Kraken|140\/361
|-damage|p2a: Hydreigon|293\/325|[from] item: Life Orb
|move|p1a: Kraken|Toxic Spikes|p2a: Hydreigon
|-sidestart|p2: Nickoop@|move: Toxic Spikes
|
|-heal|p1a: Kraken|162\/361|[from] item: Leftovers
|turn|2
|
|move|p1a: Kraken|Protect|p1a: Kraken
|-singleturn|p1a: Kraken|Protect
|move|p2a: Hydreigon|Earthquake|p1a: Kraken
|-activate|p1a: Kraken|Protect
|
|-heal|p1a: Kraken|184\/361|[from] item: Leftovers
|turn|3
|
|switch|p1a: Boodro|Granbull, M|377\/377
|-ability|p1a: Boodro|Intimidate|[of] p2a: Hydreigon
|-unboost|p2a: Hydreigon|atk|1
|move|p2a: Hydreigon|Earthquake|p1a: Boodro
|-damage|p1a: Boodro|319\/377
|-damage|p2a: Hydreigon|261\/325|[from] item: Life Orb
|
|-heal|p1a: Boodro|342\/377|[from] item: Leftovers
|turn|4
|
|switch|p2a: Celebi|Celebi|341\/341
|-status|p2a: Celebi|psn
|move|p1a: Boodro|Thunder Wave|p2a: Celebi
|-fail|p2a: Celebi
|
|-heal|p1a: Boodro|365\/377|[from] item: Leftovers
|-damage|p2a: Celebi|299\/341 psn|[from] psn
|turn|5
|
|switch|p1a: Teen Mom|Blissey, F|651\/651
|move|p2a: Celebi|Nasty Plot|p2a: Celebi
|-boost|p2a: Celebi|spa|2
|
|-heal|p2a: Celebi|320\/341 psn|[from] item: Leftovers
|-damage|p2a: Celebi|278\/341 psn|[from] psn
|turn|6
|
|move|p2a: Celebi|Nasty Plot|p2a: Celebi
|-boost|p2a: Celebi|spa|2
|move|p1a: Teen Mom|Stealth Rock|p2a: Celebi
|-sidestart|p2: Nickoop@|move: Stealth Rock
|
|-heal|p2a: Celebi|299\/341 psn|[from] item: Leftovers
|-damage|p2a: Celebi|257\/341 psn|[from] psn
|turn|7
|
|move|p2a: Celebi|Giga Drain|p1a: Teen Mom
|-damage|p1a: Teen Mom|426\/651
|-heal|p2a: Celebi|341\/341 psn|[from] drain|[of] p1a: Teen Mom
|move|p1a: Teen Mom|Seismic Toss|p2a: Celebi
|-damage|p2a: Celebi|241\/341 psn
|
|-heal|p2a: Celebi|262\/341 psn|[from] item: Leftovers
|-heal|p1a: Teen Mom|466\/651|[from] item: Leftovers
|-damage|p2a: Celebi|220\/341 psn|[from] psn
|turn|8
|
|switch|p1a: Landing Strip?|Rotom-Mow|241\/241
|move|p2a: Celebi|Giga Drain|p1a: Landing Strip?
|-resisted|p1a: Landing Strip?
|-damage|p1a: Landing Strip?|94\/241
|-heal|p2a: Celebi|294\/341 psn|[from] drain|[of] p1a: Landing Strip?
|
|-heal|p2a: Celebi|315\/341 psn|[from] item: Leftovers
|-damage|p2a: Celebi|273\/341 psn|[from] psn
|turn|9
|
|move|p1a: Landing Strip?|Trick|p2a: Celebi
|-activate|p1a: Landing Strip?|move: Trick|[of] p2a: Celebi
|-item|p2a: Celebi|Choice Scarf|[from] move: Trick
|-item|p1a: Landing Strip?|Leftovers|[from] move: Trick
|move|p2a: Celebi|Giga Drain|p1a: Landing Strip?
|-resisted|p1a: Landing Strip?
|-damage|p1a: Landing Strip?|0 fnt
|-heal|p2a: Celebi|320\/341 psn|[from] drain|[of] p1a: Landing Strip?
|faint|p1a: Landing Strip?
|
|-damage|p2a: Celebi|278\/341 psn|[from] psn
|
|switch|p1a: Cerberus|Houndoom, M|291\/291
|turn|10
|
|detailschange|p1a: Cerberus|Houndoom-Mega, M
|message|Houndoom has Mega Evolved into Mega Houndoom!
|move|p2a: Celebi|Giga Drain|p1a: Cerberus
|-resisted|p1a: Cerberus
|-damage|p1a: Cerberus|112\/291
|-heal|p2a: Celebi|341\/341 psn|[from] drain|[of] p1a: Cerberus
|move|p1a: Cerberus|Fire Blast|p2a: Celebi|[miss]
|-miss|p1a: Cerberus|p2a: Celebi
|
|-damage|p2a: Celebi|299\/341 psn|[from] psn
|turn|11
|
|move|p2a: Celebi|Giga Drain|p1a: Cerberus
|-resisted|p1a: Cerberus
|-damage|p1a: Cerberus|0 fnt
|-heal|p2a: Celebi|341\/341 psn|[from] drain|[of] p1a: Cerberus
|faint|p1a: Cerberus
|
|-damage|p2a: Celebi|299\/341 psn|[from] psn
|c|âGordy Lifestyle|gotta love hax
|
|switch|p1a: Venetia Shield|Doublade, F, shiny|309\/309
|turn|12
|
|move|p2a: Celebi|Giga Drain|p1a: Venetia Shield
|-resisted|p1a: Venetia Shield
|-damage|p1a: Venetia Shield|99\/309
|-heal|p2a: Celebi|341\/341 psn|[from] drain|[of] p1a: Venetia Shield
|move|p1a: Venetia Shield|Shadow Claw|p2a: Celebi
|-supereffective|p2a: Celebi
|-damage|p2a: Celebi|83\/341 psn
|
|-damage|p2a: Celebi|41\/341 psn|[from] psn
|turn|13
|
|move|p1a: Venetia Shield|Shadow Sneak|p2a: Celebi
|-supereffective|p2a: Celebi
|-damage|p2a: Celebi|0 fnt
|faint|p2a: Celebi
|
|
|switch|p2a: Hydreigon|Hydreigon, M|261\/325
|-damage|p2a: Hydreigon|221\/325|[from] Stealth Rock
|turn|14
|
|switch|p1a: Boodro|Granbull, M|365\/377
|-ability|p1a: Boodro|Intimidate|[of] p2a: Hydreigon
|-unboost|p2a: Hydreigon|atk|1
|move|p2a: Hydreigon|Fire Blast|p1a: Boodro
|-damage|p1a: Boodro|134\/377
|-damage|p2a: Hydreigon|189\/325|[from] item: Life Orb
|
|-heal|p1a: Boodro|157\/377|[from] item: Leftovers
|turn|15
|
|switch|p2a: Aromatisse|Aromatisse, F|406\/406
|-status|p2a: Aromatisse|psn
|-damage|p2a: Aromatisse|356\/406 psn|[from] Stealth Rock
|switch|p1a: Teen Mom|Blissey, F|466\/651
|
|-heal|p1a: Teen Mom|506\/651|[from] item: Leftovers
|-heal|p2a: Aromatisse|381\/406 psn|[from] item: Leftovers
|-damage|p2a: Aromatisse|331\/406 psn|[from] psn
|turn|16
|
|move|p1a: Teen Mom|Seismic Toss|p2a: Aromatisse
|-damage|p2a: Aromatisse|231\/406 psn
|move|p2a: Aromatisse|Wish|p2a: Aromatisse
|
|-heal|p1a: Teen Mom|546\/651|[from] item: Leftovers
|-heal|p2a: Aromatisse|256\/406 psn|[from] item: Leftovers
|-damage|p2a: Aromatisse|206\/406 psn|[from] psn
|turn|17
|
|switch|p2a: Hydreigon|Hydreigon, M|189\/325
|-damage|p2a: Hydreigon|149\/325|[from] Stealth Rock
|move|p1a: Teen Mom|Toxic|p2a: Hydreigon
|-status|p2a: Hydreigon|tox
|
|-heal|p2a: Hydreigon|325\/325 tox|[from] move: Wish|[wisher] Aromatisse
|-heal|p1a: Teen Mom|586\/651|[from] item: Leftovers
|-damage|p2a: Hydreigon|305\/325 tox|[from] psn
|turn|18
|
|switch|p2a: Jirachi|Jirachi, shiny|401\/401
|-damage|p2a: Jirachi|376\/401|[from] Stealth Rock
|move|p1a: Teen Mom|Soft-Boiled|p1a: Teen Mom
|-heal|p1a: Teen Mom|651\/651
|
|turn|19
|
|switch|p1a: Kraken|Tentacruel, M|184\/361
|move|p2a: Jirachi|Psyshock|p1a: Kraken
|-supereffective|p1a: Kraken
|-damage|p1a: Kraken|0 fnt
|faint|p1a: Kraken
|
|
|switch|p1a: Venetia Shield|Doublade, F, shiny|99\/309
|turn|20
|
|move|p2a: Jirachi|Thunderbolt|p1a: Venetia Shield
|-damage|p1a: Venetia Shield|0 fnt
|faint|p1a: Venetia Shield
|
|c|âGordy Lifestyle|great hax win scrub. fire blast miss is only reason you win.
|-message|Gordy Lifestyle forfeited.
|
|win|Nickoop@
|raw|Ladder updating...
|raw|Gordy Lifestyle's rating: 1599 &rarr; <strong>1571<\/strong><br \/>(-28 for losing)
|raw|Nickoop@'s rating: 1450 &rarr; <strong>1478<\/strong><br \/>(+28 for winning)
|c|âNickoop@|lol
|leave|Gordy Lifestyle
|player|p1