|join|Gordy Lifestyle
|join|metal sonic
|player|p1|Gordy Lifestyle|172
|player|p2|metal sonic|292
|gametype|singles
|gen|6
|tier|UU
|rated
|rule|Sleep Clause Mod: Limit one foe put to sleep
|rule|Species Clause: Limit one of each Pokemon
|rule|OHKO Clause: OHKO moves are banned
|rule|Moody Clause: Moody is banned
|rule|Evasion Moves Clause: Evasion moves are banned
|rule|Endless Battle Clause: Forcing endless battles is banned.
|rule|HP Percentage Mod: HP is reported as percentages
|clearpoke
|poke|p1|Victini
|poke|p1|Ampharos, M
|poke|p1|Forretress, M
|poke|p1|Swampert, M
|poke|p1|Umbreon, F, shiny
|poke|p1|Crobat, F
|poke|p2|Ampharos, F
|poke|p2|Cloyster, M
|poke|p2|Heracross, M
|poke|p2|Mismagius, M
|poke|p2|Rhyperior, F
|poke|p2|Hitmonlee, M
|teampreview
|
|start
|switch|p1a: Bull Doozer|Swampert, M|403\/403
|switch|p2a: Sonic|Heracross, M|302\/302
|turn|1
|
|move|p2a: Sonic|Megahorn|p1a: Bull Doozer
|-damage|p1a: Bull Doozer|238\/403
|move|p1a: Bull Doozer|Scald|p2a: Sonic
|-damage|p2a: Sonic|214\/302
|
|-heal|p1a: Bull Doozer|263\/403|[from] item: Leftovers
|turn|2
|
|switch|p1a: BloodSugar|Crobat, F|311\/311
|move|p2a: Sonic|Megahorn|p1a: BloodSugar
|-resisted|p1a: BloodSugar
|-damage|p1a: BloodSugar|243\/311
|
|-heal|p1a: BloodSugar|262\/311|[from] item: Black Sludge
|turn|3
|
|switch|p2a: Cream|Ampharos, F|363\/363
|move|p1a: BloodSugar|U-turn|p2a: Cream
|-crit|p2a: Cream
|-damage|p2a: Cream|258\/363
|
|switch|p1a: Bull Doozer|Swampert, M|263\/403
|
|-heal|p1a: Bull Doozer|288\/403|[from] item: Leftovers
|turn|4
|
|-formechange|p2a: Cream|Ampharos-Mega
|message|Ampharos has Mega Evolved into Mega Ampharos!
|-ability|p2a: Cream|Mold Breaker
|move|p2a: Cream|Dragon Pulse|p1a: Bull Doozer
|-crit|p1a: Bull Doozer
|-damage|p1a: Bull Doozer|0 fnt
|faint|p1a: Bull Doozer
|
|
|switch|p1a: Old Tobey|Victini|341\/341
|turn|5
|
|move|p1a: Old Tobey|Zen Headbutt|p2a: Cream
|-damage|p2a: Cream|75\/363
|move|p2a: Cream|Power Gem|p1a: Old Tobey
|-supereffective|p1a: Old Tobey
|-damage|p1a: Old Tobey|83\/341
|
|turn|6
|chat|Gordy Lifestyle|who the hell runs speed on ampharos
|
|switch|p2a: Vector|Rhyperior, F|416\/416
|move|p1a: Old Tobey|Zen Headbutt|p2a: Vector
|-damage|p2a: Vector|283\/416
|
|-heal|p2a: Vector|309\/416|[from] item: Leftovers
|turn|7
|
|switch|p1a: Tranzelda|Forretress, M|353\/353
|move|p2a: Vector|Stealth Rock|p1a: Tranzelda
|-sidestart|p1: Gordy Lifestyle|move: Stealth Rock
|
|-heal|p2a: Vector|335\/416|[from] item: Leftovers
|turn|8
|
|move|p2a: Vector|Rock Blast|p1a: Tranzelda
|-damage|p1a: Tranzelda|326\/353
|-damage|p1a: Tranzelda|301\/353
|-hitcount|p1a: Tranzelda|2
|move|p1a: Tranzelda|Rapid Spin|p2a: Vector
|-resisted|p2a: Vector
|-damage|p2a: Vector|329\/416
|-sideend|p1: Gordy Lifestyle|Stealth Rock|[from] move: Rapid Spin|[of] p1a: Tranzelda
|
|-heal|p2a: Vector|355\/416|[from] item: Leftovers
|-heal|p1a: Tranzelda|323\/353|[from] item: Leftovers
|turn|9
|
|switch|p2a: Cream|Ampharos, F|75\/363
|-formechange|p2a: Cream|Ampharos-Mega
|-ability|p2a: Cream|Mold Breaker
|move|p1a: Tranzelda|Toxic Spikes|p2a: Cream
|-sidestart|p2: metal sonic|move: Toxic Spikes
|
|-heal|p1a: Tranzelda|345\/353|[from] item: Leftovers
|turn|10
|
|move|p2a: Cream|Volt Switch|p1a: Tranzelda
|-damage|p1a: Tranzelda|93\/353
|
|switch|p2a: Sonic|Heracross, M|214\/302
|-status|p2a: Sonic|psn
|move|p1a: Tranzelda|Volt Switch|p2a: Sonic
|-damage|p2a: Sonic|178\/302 psn
|
|switch|p1a: Old Tobey|Victini|83\/341
|
|-damage|p2a: Sonic|141\/302 psn|[from] psn
|turn|11
|
|switch|p2a: Vector|Rhyperior, F|355\/416
|-status|p2a: Vector|psn
|move|p1a: Old Tobey|V-create|p2a: Vector
|-resisted|p2a: Vector
|-damage|p2a: Vector|207\/416 psn
|-unboost|p1a: Old Tobey|def|1
|-unboost|p1a: Old Tobey|spd|1
|-unboost|p1a: Old Tobey|spe|1
|
|-heal|p2a: Vector|233\/416 psn|[from] item: Leftovers
|-damage|p2a: Vector|181\/416 psn|[from] psn
|turn|12
|
|switch|p1a: Tranzelda|Forretress, M|93\/353
|move|p2a: Vector|Stealth Rock|p1a: Tranzelda
|-sidestart|p1: Gordy Lifestyle|move: Stealth Rock
|
|-heal|p2a: Vector|207\/416 psn|[from] item: Leftovers
|-heal|p1a: Tranzelda|115\/353|[from] item: Leftovers
|-damage|p2a: Vector|155\/416 psn|[from] psn
|turn|13
|
|move|p2a: Vector|Earthquake|p1a: Tranzelda
|-damage|p1a: Tranzelda|15\/353
|move|p1a: Tranzelda|Rapid Spin|p2a: Vector
|-resisted|p2a: Vector
|-damage|p2a: Vector|150\/416 psn
|-sideend|p1: Gordy Lifestyle|Stealth Rock|[from] move: Rapid Spin|[of] p1a: Tranzelda
|
|-heal|p2a: Vector|176\/416 psn|[from] item: Leftovers
|-heal|p1a: Tranzelda|37\/353|[from] item: Leftovers
|-damage|p2a: Vector|124\/416 psn|[from] psn
|turn|14
|
|move|p2a: Vector|Earthquake|p1a: Tranzelda
|-damage|p1a: Tranzelda|0 fnt
|faint|p1a: Tranzelda
|
|-heal|p2a: Vector|150\/416 psn|[from] item: Leftovers
|-damage|p2a: Vector|98\/416 psn|[from] psn
|
|switch|p1a: Old Tobey|Victini|83\/341
|turn|15
|
|move|p1a: Old Tobey|V-create|p2a: Vector
|-resisted|p2a: Vector
|-damage|p2a: Vector|0 fnt
|-unboost|p1a: Old Tobey|def|1
|-unboost|p1a: Old Tobey|spd|1
|-unboost|p1a: Old Tobey|spe|1
|faint|p2a: Vector
|
|
|switch|p2a: Sonic|Heracross, M|141\/302 psn
|turn|16
|
|switch|p1a: BloodSugar|Crobat, F|262\/311
|move|p2a: Sonic|Close Combat|p1a: BloodSugar
|-resisted|p1a: BloodSugar
|-damage|p1a: BloodSugar|158\/311
|-unboost|p2a: Sonic|def|1
|-unboost|p2a: Sonic|spd|1
|
|-heal|p1a: BloodSugar|177\/311|[from] item: Black Sludge
|-damage|p2a: Sonic|104\/302 psn|[from] psn
|turn|17
|
|switch|p2a: Cream|Ampharos, F|75\/363
|-formechange|p2a: Cream|Ampharos-Mega
|-status|p2a: Cream|psn
|-ability|p2a: Cream|Mold Breaker
|move|p1a: BloodSugar|Brave Bird|p2a: Cream
|-crit|p2a: Cream
|-resisted|p2a: Cream
|-damage|p2a: Cream|0 fnt
|-damage|p1a: BloodSugar|152\/311|[from] recoil|[of] p2a: Cream
|faint|p2a: Cream
|
|-heal|p1a: BloodSugar|171\/311|[from] item: Black Sludge
|
|switch|p2a: Metal Sonic|Cloyster, M|241\/241
|-status|p2a: Metal Sonic|psn
|turn|18
|
|move|p1a: BloodSugar|Brave Bird|p2a: Metal Sonic
|-damage|p2a: Metal Sonic|133\/241 psn
|-damage|p1a: BloodSugar|135\/311|[from] recoil|[of] p2a: Metal Sonic
|move|p2a: Metal Sonic|Shell Smash|p2a: Metal Sonic
|-boost|p2a: Metal Sonic|atk|2
|-boost|p2a: Metal Sonic|spa|2
|-boost|p2a: Metal Sonic|spe|2
|-unboost|p2a: Metal Sonic|def|1
|-unboost|p2a: Metal Sonic|spd|1
|
|-heal|p1a: BloodSugar|154\/311|[from] item: Black Sludge
|-damage|p2a: Metal Sonic|103\/241 psn|[from] psn
|turn|19
|
|switch|p1a: Jiggy Stardust|Ampharos, M|383\/383
|move|p2a: Metal Sonic|Icicle Spear|p1a: Jiggy Stardust
|-damage|p1a: Jiggy Stardust|287\/383
|-damage|p1a: Jiggy Stardust|200\/383
|-damage|p1a: Jiggy Stardust|113\/383
|-damage|p1a: Jiggy Stardust|28\/383
|-damage|p1a: Jiggy Stardust|0 fnt
|-hitcount|p1a: Jiggy Stardust|5
|faint|p1a: Jiggy Stardust
|
|-damage|p2a: Metal Sonic|73\/241 psn|[from] psn
|
|switch|p1a: Luna|Umbreon, F, shiny|394\/394
|turn|20
|
|move|p2a: Metal Sonic|Icicle Spear|p1a: Luna
|-damage|p1a: Luna|319\/394
|-damage|p1a: Luna|250\/394
|-damage|p1a: Luna|174\/394
|-damage|p1a: Luna|98\/394
|-damage|p1a: Luna|31\/394
|-hitcount|p1a: Luna|5
|cant|p1a: Luna|flinch
|
|-heal|p1a: Luna|55\/394|[from] item: Leftovers
|-damage|p2a: Metal Sonic|43\/241 psn|[from] psn
|turn|21
|chat|Gordy Lifestyle|faggot
|
|move|p1a: Luna|Protect|p1a: Luna
|-singleturn|p1a: Luna|Protect
|move|p2a: Metal Sonic|Icicle Spear|p1a: Luna
|-activate|p1a: Luna|Protect
|
|-heal|p1a: Luna|79\/394|[from] item: Leftovers
|-damage|p2a: Metal Sonic|13\/241 psn|[from] psn
|turn|22
|
|move|p1a: Luna|Protect|p1a: Luna
|-fail|p1a: Luna
|move|p2a: Metal Sonic|Icicle Spear|p1a: Luna
|-damage|p1a: Luna|6\/394
|-damage|p1a: Luna|0 fnt
|-hitcount|p1a: Luna|2
|faint|p1a: Luna
|
|-damage|p2a: Metal Sonic|0 fnt|[from] psn
|faint|p2a: Metal Sonic
|
|switch|p2a: Sonic|Heracross, M|104\/302 psn
|switch|p1a: BloodSugar|Crobat, F|154\/311
|turn|23
|
|move|p2a: Sonic|Megahorn|p1a: BloodSugar
|-crit|p1a: BloodSugar
|-resisted|p1a: BloodSugar
|-damage|p1a: BloodSugar|13\/311
|move|p1a: BloodSugar|Roost|p1a: BloodSugar
|-heal|p1a: BloodSugar|169\/311
|
|-heal|p1a: BloodSugar|188\/311|[from] item: Black Sludge
|-damage|p2a: Sonic|67\/302 psn|[from] psn
|turn|24
|
|move|p2a: Sonic|Megahorn|p1a: BloodSugar
|-resisted|p1a: BloodSugar
|-damage|p1a: BloodSugar|80\/311
|move|p1a: BloodSugar|Roost|p1a: BloodSugar
|-heal|p1a: BloodSugar|236\/311
|
|-heal|p1a: BloodSugar|255\/311|[from] item: Black Sludge
|-damage|p2a: Sonic|30\/302 psn|[from] psn
|turn|25
|
|move|p2a: Sonic|Megahorn|p1a: BloodSugar
|-resisted|p1a: BloodSugar
|-damage|p1a: BloodSugar|161\/311
|move|p1a: BloodSugar|Roost|p1a: BloodSugar
|-heal|p1a: BloodSugar|311\/311
|
|-damage|p2a: Sonic|0 fnt|[from] psn
|faint|p2a: Sonic
|
|switch|p2a: Nega-Wisp|Mismagius, M|261\/261
|turn|26
|
|move|p1a: BloodSugar|Hypnosis|p2a: Nega-Wisp
|-status|p2a: Nega-Wisp|slp
|cant|p2a: Nega-Wisp|slp
|
|turn|27
|
|move|p1a: BloodSugar|Brave Bird|p2a: Nega-Wisp
|-crit|p2a: Nega-Wisp
|-damage|p2a: Nega-Wisp|0 fnt
|-damage|p1a: BloodSugar|225\/311|[from] recoil|[of] p2a: Nega-Wisp
|faint|p2a: Nega-Wisp
|
|-heal|p1a: BloodSugar|244\/311|[from] item: Black Sludge
|
|switch|p2a: Knuckles|Hitmonlee, M|242\/242
|-status|p2a: Knuckles|psn
|turn|28
|
|move|p1a: BloodSugar|Brave Bird|p2a: Knuckles
|-crit|p2a: Knuckles
|-supereffective|p2a: Knuckles
|-damage|p2a: Knuckles|0 fnt
|-damage|p1a: BloodSugar|164\/311|[from] recoil|[of] p2a: Knuckles
|faint|p2a: Knuckles
|
|win|Gordy Lifestyle
|raw|Ladder updating...
|raw|Gordy Lifestyle's rating: 1506 &rarr; <strong>1521<\/strong><br \/>(+15 for winning)
|raw|metal sonic's rating: 1428 &rarr; <strong>1413<\/strong><br \/>(-15 for losing)
|leave|metal sonic
|player|p2
|chat|Gordy Lifestyle|gg scrub