|join|Gordy Lifestyle
|join|SunnyR
|player|p1|Gordy Lifestyle|172
|player|p2|SunnyR|161
|gametype|singles
|gen|6
|tier|UU
|rated
|rule|Sleep Clause Mod: Limit one foe put to sleep
|rule|Species Clause: Limit one of each Pokemon
|rule|OHKO Clause: OHKO moves are banned
|rule|Moody Clause: Moody is banned
|rule|Evasion Moves Clause: Evasion moves are banned
|rule|Endless Battle Clause: Forcing endless battles is banned
|rule|HP Percentage Mod: HP is reported as percentages
|clearpoke
|poke|p1|Aerodactyl, M, shiny
|poke|p1|Snorlax, F
|poke|p1|Metagross
|poke|p1|Slowbro, F
|poke|p1|Florges, F
|poke|p1|Starmie
|poke|p2|Goodra, M
|poke|p2|Reuniclus, M
|poke|p2|Hydreigon, M
|poke|p2|Jirachi
|poke|p2|Toxicroak, F
|poke|p2|Hippowdon, F
|rule|Swagger Clause: Swagger is banned
|rule|Baton Pass Clause: Limit 3 pokemon knowing Baton Pass
|teampreview
|
|start
|switch|p1a: Blue Steel|Metagross|364\/364
|switch|p2a: Hippowdon|Hippowdon, F|420\/420
|-weather|Sandstorm
|turn|1
|
|move|p1a: Blue Steel|Earthquake|p2a: Hippowdon
|-damage|p2a: Hippowdon|338\/420
|move|p2a: Hippowdon|Stealth Rock|p1a: Blue Steel
|-sidestart|p1: Gordy Lifestyle|move: Stealth Rock
|
|-weather|Sandstorm|[upkeep]
|turn|2
|
|move|p1a: Blue Steel|Earthquake|p2a: Hippowdon
|-damage|p2a: Hippowdon|259\/420
|move|p2a: Hippowdon|Roar|p1a: Blue Steel
|drag|p1a: Short Bus|Slowbro, F|394\/394
|-damage|p1a: Short Bus|345\/394|[from] Stealth Rock
|
|-weather|Sandstorm|[upkeep]
|-damage|p1a: Short Bus|321\/394|[from] sandstorm
|turn|3
|
|switch|p2a: Reuniclus|Reuniclus, M|409\/409
|move|p1a: Short Bus|Scald|p2a: Reuniclus
|-damage|p2a: Reuniclus|309\/409
|-status|p2a: Reuniclus|brn
|
|-weather|Sandstorm|[upkeep]
|-damage|p1a: Short Bus|297\/394|[from] sandstorm
|turn|4
|
|switch|p1a: Blue Steel|Metagross|364\/364
|-damage|p1a: Blue Steel|342\/364|[from] Stealth Rock
|move|p2a: Reuniclus|Psyshock|p1a: Blue Steel
|-resisted|p1a: Blue Steel
|-damage|p1a: Blue Steel|306\/364
|
|-weather|Sandstorm|[upkeep]
|turn|5
|
|switch|p2a: Hippowdon|Hippowdon, F|259\/420
|move|p1a: Blue Steel|Earthquake|p2a: Hippowdon
|-damage|p2a: Hippowdon|176\/420
|
|-weather|Sandstorm|[upkeep]
|turn|6
|
|move|p1a: Blue Steel|Grass Knot|p2a: Hippowdon
|-crit|p2a: Hippowdon
|-supereffective|p2a: Hippowdon
|-damage|p2a: Hippowdon|0 fnt
|faint|p2a: Hippowdon
|
|-weather|Sandstorm|[upkeep]
|
|switch|p2a: Reuniclus|Reuniclus, M|309\/409 brn
|turn|7
|
|move|p1a: Blue Steel|Earthquake|p2a: Reuniclus
|-damage|p2a: Reuniclus|164\/409 brn
|move|p2a: Reuniclus|Trick Room|p2a: Reuniclus
|-fieldstart|move: Trick Room|[of] p2a: Reuniclus
|
|-weather|Sandstorm|[upkeep]
|turn|8
|
|move|p2a: Reuniclus|Shadow Ball|p1a: Blue Steel
|-supereffective|p1a: Blue Steel
|-damage|p1a: Blue Steel|12\/364
|-enditem|p1a: Blue Steel|Weakness Policy
|-boost|p1a: Blue Steel|atk|2|[from] item: Weakness Policy
|-boost|p1a: Blue Steel|spa|2|[from] item: Weakness Policy
|move|p1a: Blue Steel|Earthquake|p2a: Reuniclus
|-damage|p2a: Reuniclus|0 fnt
|faint|p2a: Reuniclus
|
|-weather|none
|
|switch|p2a: Toxicroak|Toxicroak, F|308\/308
|turn|9
|
|move|p2a: Toxicroak|Sucker Punch|p1a: Blue Steel
|-fail|p1a: Blue Steel
|move|p1a: Blue Steel|Stealth Rock|p2a: Toxicroak
|-sidestart|p2: SunnyR|move: Stealth Rock
|
|turn|10
|
|move|p2a: Toxicroak|Sucker Punch|p1a: Blue Steel
|-fail|p1a: Blue Steel
|move|p1a: Blue Steel|Stealth Rock|p2a: Toxicroak
|-fail|p2a: Toxicroak
|
|turn|11
|
|move|p1a: Blue Steel|Bullet Punch|p2a: Toxicroak
|-damage|p2a: Toxicroak|107\/308
|move|p2a: Toxicroak|Sucker Punch|p1a: Blue Steel
|-fail|p1a: Blue Steel
|
|-fieldend|move: Trick Room
|turn|12
|
|move|p2a: Toxicroak|Sucker Punch|p1a: Blue Steel
|-fail|p1a: Blue Steel
|move|p1a: Blue Steel|Stealth Rock|p2a: Toxicroak
|-fail|p2a: Toxicroak
|
|turn|13
|
|move|p2a: Toxicroak|Sucker Punch|p1a: Blue Steel
|-fail|p1a: Blue Steel
|move|p1a: Blue Steel|Stealth Rock|p2a: Toxicroak
|-fail|p2a: Toxicroak
|
|turn|14
|
|move|p1a: Blue Steel|Bullet Punch|p2a: Toxicroak
|-damage|p2a: Toxicroak|0 fnt
|faint|p2a: Toxicroak
|
|-message|SunnyR forfeited.
|
|win|Gordy Lifestyle
|raw|Ladder updating...
|leave|SunnyR
|player|p2
|raw|Gordy Lifestyle's rating: 1458 &rarr; <strong>1475<\/strong><br \/>(+17 for winning)
|raw|SunnyR's rating: 1409 &rarr; <strong>1392<\/strong><br \/>(-17 for losing)