|join|trevor ellis
|join|Gordy Lifestyle
|player|p1|trevor ellis|62
|player|p2|Gordy Lifestyle|172
|gametype|singles
|gen|6
|tier|UU
|rated
|rule|Sleep Clause Mod: Limit one foe put to sleep
|rule|Species Clause: Limit one of each Pokemon
|rule|OHKO Clause: OHKO moves are banned
|rule|Moody Clause: Moody is banned
|rule|Evasion Moves Clause: Evasion moves are banned
|rule|Endless Battle Clause: Forcing endless battles is banned.
|rule|HP Percentage Mod: HP is reported as percentages
|clearpoke
|poke|p1|Porygon-Z
|poke|p1|Aerodactyl, M
|poke|p1|Toxicroak, F
|poke|p1|Azelf
|poke|p1|Victini
|poke|p1|Hydreigon, F
|poke|p2|Alakazam, M
|poke|p2|Arcanine, M
|poke|p2|Florges, F
|poke|p2|Doublade, F
|poke|p2|Hitmonlee, M
|poke|p2|Jirachi
|teampreview
|
|start
|switch|p1a: Azelf|Azelf|291\/291
|switch|p2a: Lionheart|Arcanine, M|383\/383
|-ability|p2a: Lionheart|Intimidate|[of] p1a: Azelf
|-unboost|p1a: Azelf|atk|1
|turn|1
|
|move|p1a: Azelf|Stealth Rock|p2a: Lionheart
|-sidestart|p2: Gordy Lifestyle|move: Stealth Rock
|move|p2a: Lionheart|Flare Blitz|p1a: Azelf
|-damage|p1a: Azelf|71\/291
|-damage|p2a: Lionheart|310\/383|[from] recoil|[of] p1a: Azelf
|
|turn|2
|
|switch|p1a: Hydreigon|Hydreigon, F|325\/325
|move|p2a: Lionheart|Extreme Speed|p1a: Hydreigon
|-damage|p1a: Hydreigon|248\/325
|
|turn|3
|
|move|p1a: Hydreigon|U-turn|p2a: Lionheart
|-resisted|p2a: Lionheart
|-damage|p2a: Lionheart|285\/383
|-damage|p1a: Hydreigon|194\/325|[from] item: Rocky Helmet|[of] p2a: Lionheart
|
|switch|p1a: Victini|Victini|404\/404
|move|p2a: Lionheart|Will-O-Wisp|p1a: Victini
|-fail|p1a: Victini
|
|turn|4
|
|move|p2a: Lionheart|Morning Sun|p2a: Lionheart
|-heal|p2a: Lionheart|383\/383
|move|p1a: Victini|Grass Knot|p2a: Lionheart
|-resisted|p2a: Lionheart
|-damage|p2a: Lionheart|335\/383
|-damage|p1a: Victini|337\/404|[from] item: Rocky Helmet|[of] p2a: Lionheart
|
|turn|5
|
|switch|p1a: Aerodactyl|Aerodactyl, M|302\/302
|move|p2a: Lionheart|Flare Blitz|p1a: Aerodactyl
|-resisted|p1a: Aerodactyl
|-damage|p1a: Aerodactyl|193\/302
|-damage|p2a: Lionheart|299\/383|[from] recoil|[of] p1a: Aerodactyl
|
|turn|6
|
|detailschange|p1a: Aerodactyl|Aerodactyl-Mega, M
|message|Aerodactyl has Mega Evolved into Mega Aerodactyl!
|move|p1a: Aerodactyl|Stone Edge|p2a: Lionheart
|-supereffective|p2a: Lionheart
|-damage|p2a: Lionheart|0 fnt
|faint|p2a: Lionheart
|
|
|switch|p2a: Stardust|Jirachi|341\/341
|-damage|p2a: Stardust|320\/341|[from] Stealth Rock
|turn|7
|
|switch|p1a: Victini|Victini|337\/404
|move|p2a: Stardust|Stealth Rock|p1a: Victini
|-sidestart|p1: trevor ellis|move: Stealth Rock
|
|turn|8
|
|switch|p2a: Freya|Florges, F|360\/360
|-damage|p2a: Freya|315\/360|[from] Stealth Rock
|move|p1a: Victini|V-create|p2a: Freya
|-damage|p2a: Freya|27\/360
|-unboost|p1a: Victini|def|1
|-unboost|p1a: Victini|spd|1
|-unboost|p1a: Victini|spe|1
|
|-heal|p2a: Freya|49\/360|[from] item: Leftovers
|turn|9
|
|move|p2a: Freya|Protect|p2a: Freya
|-singleturn|p2a: Freya|Protect
|move|p1a: Victini|Trick Room|p1a: Victini
|-fieldstart|move: Trick Room|[of] p1a: Victini
|
|-heal|p2a: Freya|71\/360|[from] item: Leftovers
|turn|10
|
|move|p1a: Victini|V-create|p2a: Freya
|-damage|p2a: Freya|0 fnt
|-unboost|p1a: Victini|def|1
|-unboost|p1a: Victini|spd|1
|-unboost|p1a: Victini|spe|1
|faint|p2a: Freya
|
|
|switch|p2a: Venetia Shield|Doublade, F|322\/322
|-damage|p2a: Venetia Shield|302\/322|[from] Stealth Rock
|turn|11
|
|switch|p1a: Hydreigon|Hydreigon, F|194\/325
|-damage|p1a: Hydreigon|154\/325|[from] Stealth Rock
|move|p2a: Venetia Shield|Shadow Sneak|p1a: Hydreigon
|-resisted|p1a: Hydreigon
|-damage|p1a: Hydreigon|109\/325
|
|turn|12
|
|switch|p2a: Mad Dog|Hitmonlee, M|304\/304
|-damage|p2a: Mad Dog|285\/304|[from] Stealth Rock
|move|p1a: Hydreigon|Dark Pulse|p2a: Mad Dog
|-resisted|p2a: Mad Dog
|-damage|p2a: Mad Dog|245\/304
|
|turn|13
|
|move|p2a: Mad Dog|Rapid Spin|p1a: Hydreigon
|-damage|p1a: Hydreigon|76\/325
|-sideend|p2: Gordy Lifestyle|Stealth Rock|[from] move: Rapid Spin|[of] p2a: Mad Dog
|move|p1a: Hydreigon|Dark Pulse|p2a: Mad Dog
|-resisted|p2a: Mad Dog
|-damage|p2a: Mad Dog|201\/304
|
|-fieldend|move: Trick Room
|turn|14
|
|switch|p1a: Toxicroak|Toxicroak, F|339\/339
|-damage|p1a: Toxicroak|318\/339|[from] Stealth Rock
|move|p2a: Mad Dog|Mach Punch|p1a: Toxicroak
|-resisted|p1a: Toxicroak
|-damage|p1a: Toxicroak|266\/339
|
|-heal|p1a: Toxicroak|287\/339|[from] item: Black Sludge
|turn|15
|
|switch|p1a: Azelf|Azelf|71\/291
|-damage|p1a: Azelf|35\/291|[from] Stealth Rock
|move|p2a: Mad Dog|High Jump Kick|p1a: Azelf
|-resisted|p1a: Azelf
|-damage|p1a: Azelf|0 fnt
|faint|p1a: Azelf
|
|
|switch|p1a: Victini|Victini|337\/404
|-damage|p1a: Victini|236\/404|[from] Stealth Rock
|turn|16
|
|move|p2a: Mad Dog|Knock Off|p1a: Victini
|-supereffective|p1a: Victini
|-damage|p1a: Victini|0 fnt
|faint|p1a: Victini
|
|leave|trevor ellis
|player|p1
|-message|trevorellis lost due to inactivity.
|
|win|Gordy Lifestyle
|raw|Ladder updating...
|raw|trevor ellis's rating: 1539 &rarr; <strong>1519<\/strong><br \/>(-20 for losing)
|raw|Gordy Lifestyle's rating: 1538 &rarr; <strong>1558<\/strong><br \/>(+20 for winning)