|join|Gordy Lifestyle
|join|AM145
|player|p1|Gordy Lifestyle|154
|player|p2|AM145|8
|gametype|singles
|gen|6
|tier|UU
|rated
|rule|Sleep Clause Mod: Limit one foe put to sleep
|rule|Species Clause: Limit one of each Pokemon
|rule|OHKO Clause: OHKO moves are banned
|rule|Moody Clause: Moody is banned
|rule|Evasion Moves Clause: Evasion moves are banned
|rule|Endless Battle Clause: Forcing endless battles is banned
|rule|HP Percentage Mod: HP is reported as percentages
|clearpoke
|poke|p1|Froslass, F
|poke|p1|Hydreigon, F
|poke|p1|Crobat, F
|poke|p1|Lucario, F
|poke|p1|Swampert, M
|poke|p1|Sableye, F
|poke|p2|Ampharos, M
|poke|p2|Roserade, F, shiny
|poke|p2|Krookodile, M, shiny
|poke|p2|Suicune, shiny
|poke|p2|Florges, F, shiny
|poke|p2|Mew, shiny
|rule|Baton Pass Clause: Limit 3 pokemon knowing Baton Pass
|teampreview
|
|start
|switch|p1a: Frostitute|Froslass, F|281\/281
|switch|p2a: Krookodile|Krookodile, M, shiny|394\/394
|-ability|p2a: Krookodile|Intimidate|[of] p1a: Frostitute
|-unboost|p1a: Frostitute|atk|1
|turn|1
|
|switch|p2a: Suicune|Suicune, shiny|404\/404
|-ability|p2a: Suicune|Pressure
|move|p1a: Frostitute|Taunt|p2a: Suicune
|-start|p2a: Suicune|move: Taunt
|
|turn|2
|
|move|p1a: Frostitute|Spikes|p2a: Suicune
|-sidestart|p2: AM145|Spikes
|move|p2a: Suicune|Scald|p1a: Frostitute
|-damage|p1a: Frostitute|164\/281
|-status|p1a: Frostitute|brn
|
|-damage|p1a: Frostitute|129\/281 brn|[from] brn
|turn|3
|
|switch|p1a: Hydreigon|Hydreigon, F|325\/325
|move|p2a: Suicune|Scald|p1a: Hydreigon
|-resisted|p1a: Hydreigon
|-damage|p1a: Hydreigon|281\/325
|-status|p1a: Hydreigon|brn
|
|-damage|p1a: Hydreigon|241\/325 brn|[from] brn
|turn|4
|
|switch|p2a: Florges|Florges, F, shiny|360\/360
|-damage|p2a: Florges|315\/360|[from] Spikes
|move|p1a: Hydreigon|Dark Pulse|p2a: Florges
|-resisted|p2a: Florges
|-damage|p2a: Florges|264\/360
|-damage|p1a: Hydreigon|209\/325 brn|[from] item: Life Orb
|
|-heal|p2a: Florges|286\/360|[from] item: Leftovers
|-damage|p1a: Hydreigon|169\/325 brn|[from] brn
|turn|5
|
|switch|p1a: Crobat|Crobat, F|325\/325
|switch|p2a: Krookodile|Krookodile, M, shiny|394\/394
|-damage|p2a: Krookodile|345\/394|[from] Spikes
|-ability|p2a: Krookodile|Intimidate|[of] p1a: Crobat
|-unboost|p1a: Crobat|atk|1
|
|-heal|p2a: Krookodile|369\/394|[from] item: Leftovers
|turn|6
|
|move|p1a: Crobat|Taunt|p2a: Krookodile
|-start|p2a: Krookodile|move: Taunt
|cant|p2a: Krookodile|move: Taunt|Stealth Rock
|
|-heal|p2a: Krookodile|393\/394|[from] item: Leftovers
|turn|7
|
|move|p1a: Crobat|U-turn|p2a: Krookodile
|-supereffective|p2a: Krookodile
|-damage|p2a: Krookodile|317\/394
|
|switch|p1a: Yahtzee|Lucario, F|281\/281
|move|p2a: Krookodile|Knock Off|p1a: Yahtzee
|-resisted|p1a: Yahtzee
|-damage|p1a: Yahtzee|201\/281
|-boost|p1a: Yahtzee|atk|1|[from] ability: Justified
|-enditem|p1a: Yahtzee|Life Orb|[from] move: Knock Off|[of] p2a: Krookodile
|
|-heal|p2a: Krookodile|341\/394|[from] item: Leftovers
|turn|8
|
|switch|p2a: Suicune|Suicune, shiny|404\/404
|-damage|p2a: Suicune|354\/404|[from] Spikes
|-ability|p2a: Suicune|Pressure
|move|p1a: Yahtzee|Close Combat|p2a: Suicune
|-damage|p2a: Suicune|149\/404
|-unboost|p1a: Yahtzee|def|1
|-unboost|p1a: Yahtzee|spd|1
|
|-heal|p2a: Suicune|174\/404|[from] item: Leftovers
|turn|9
|
|switch|p2a: Mew|Mew, shiny|404\/404
|-damage|p2a: Mew|354\/404|[from] Spikes
|move|p1a: Yahtzee|Close Combat|p2a: Mew
|-resisted|p2a: Mew
|-damage|p2a: Mew|189\/404
|-unboost|p1a: Yahtzee|def|1
|-unboost|p1a: Yahtzee|spd|1
|
|-heal|p2a: Mew|214\/404|[from] item: Leftovers
|turn|10
|
|move|p1a: Yahtzee|Crunch|p2a: Mew
|-supereffective|p2a: Mew
|-damage|p2a: Mew|0 fnt
|faint|p2a: Mew
|
|
|switch|p2a: Florges|Florges, F, shiny|286\/360
|-damage|p2a: Florges|241\/360|[from] Spikes
|turn|11
|
|move|p2a: Florges|Protect|p2a: Florges
|-singleturn|p2a: Florges|Protect
|move|p1a: Yahtzee|Extreme Speed|p2a: Florges
|-activate|p2a: Florges|Protect
|
|-heal|p2a: Florges|263\/360|[from] item: Leftovers
|turn|12
|
|switch|p1a: Crobat|Crobat, F|325\/325
|move|p2a: Florges|Moonblast|p1a: Crobat
|-resisted|p1a: Crobat
|-damage|p1a: Crobat|256\/325
|
|-heal|p1a: Crobat|276\/325|[from] item: Black Sludge
|-heal|p2a: Florges|285\/360|[from] item: Leftovers
|turn|13
|
|move|p2a: Florges|Protect|p2a: Florges
|-singleturn|p2a: Florges|Protect
|move|p1a: Crobat|Brave Bird|p2a: Florges
|-activate|p2a: Florges|Protect
|
|-heal|p1a: Crobat|296\/325|[from] item: Black Sludge
|-heal|p2a: Florges|307\/360|[from] item: Leftovers
|turn|14
|
|switch|p2a: Ampharos|Ampharos, M|384\/384
|-damage|p2a: Ampharos|336\/384|[from] Spikes
|move|p1a: Crobat|U-turn|p2a: Ampharos
|-damage|p2a: Ampharos|277\/384
|-status|p1a: Crobat|par
|
|switch|p1a: Frostitute|Froslass, F|129\/281 brn
|
|-damage|p1a: Frostitute|94\/281 brn|[from] brn
|turn|15
|
|detailschange|p2a: Ampharos|Ampharos-Mega, M
|message|Ampharos has Mega Evolved into Mega Ampharos!
|-ability|p2a: Ampharos|Mold Breaker
|move|p1a: Frostitute|Spikes|p2a: Ampharos
|-sidestart|p2: AM145|Spikes
|move|p2a: Ampharos|Rest|p2a: Ampharos
|-status|p2a: Ampharos|slp
|-heal|p2a: Ampharos|384\/384 slp|[silent]
|-status|p2a: Ampharos|slp|[from] move: Rest
|
|-damage|p1a: Frostitute|59\/281 brn|[from] brn
|turn|16
|
|move|p1a: Frostitute|Spikes|p2a: Ampharos
|-sidestart|p2: AM145|Spikes
|cant|p2a: Ampharos|slp
|move|p2a: Ampharos|Sleep Talk|p2a: Ampharos
|move|p2a: Ampharos|Volt Switch|p1a: Frostitute|[from]Sleep Talk
|-damage|p1a: Frostitute|0 fnt
|faint|p1a: Frostitute
|
|switch|p2a: Florges|Florges, F, shiny|307\/360
|-damage|p2a: Florges|217\/360|[from] Spikes
|
|-heal|p2a: Florges|239\/360|[from] item: Leftovers
|
|switch|p1a: Swampert|Swampert, M|404\/404
|turn|17
|
|move|p2a: Florges|Wish|p2a: Florges
|move|p1a: Swampert|Stealth Rock|p2a: Florges
|-sidestart|p2: AM145|move: Stealth Rock
|
|-heal|p2a: Florges|261\/360|[from] item: Leftovers
|turn|18
|
|move|p2a: Florges|Moonblast|p1a: Swampert
|-damage|p1a: Swampert|281\/404
|move|p1a: Swampert|Earthquake|p2a: Florges
|-damage|p2a: Florges|120\/360
|
|-heal|p2a: Florges|300\/360|[from] move: Wish|[wisher] Florges
|-heal|p2a: Florges|322\/360|[from] item: Leftovers
|-heal|p1a: Swampert|306\/404|[from] item: Leftovers
|turn|19
|
|move|p2a: Florges|Wish|p2a: Florges
|move|p1a: Swampert|Earthquake|p2a: Florges
|-damage|p2a: Florges|184\/360
|
|-heal|p2a: Florges|206\/360|[from] item: Leftovers
|-heal|p1a: Swampert|331\/404|[from] item: Leftovers
|turn|20
|
|move|p2a: Florges|Moonblast|p1a: Swampert
|-damage|p1a: Swampert|187\/404
|move|p1a: Swampert|Roar|p2a: Florges
|drag|p2a: Suicune|Suicune, shiny|174\/404
|-damage|p2a: Suicune|73\/404|[from] Spikes
|-damage|p2a: Suicune|23\/404|[from] Stealth Rock
|-ability|p2a: Suicune|Pressure
|
|-heal|p2a: Suicune|203\/404|[from] move: Wish|[wisher] Florges
|-heal|p2a: Suicune|228\/404|[from] item: Leftovers
|-heal|p1a: Swampert|212\/404|[from] item: Leftovers
|turn|21
|
|move|p2a: Suicune|Rest|p2a: Suicune
|-status|p2a: Suicune|slp
|-heal|p2a: Suicune|404\/404 slp|[silent]
|-status|p2a: Suicune|slp|[from] move: Rest
|move|p1a: Swampert|Roar|p2a: Suicune
|drag|p2a: Ampharos|Ampharos-Mega, M|384\/384 slp
|-damage|p2a: Ampharos|288\/384 slp|[from] Spikes
|-damage|p2a: Ampharos|240\/384 slp|[from] Stealth Rock
|-ability|p2a: Ampharos|Mold Breaker
|
|-heal|p1a: Swampert|237\/404|[from] item: Leftovers
|turn|22
|
|switch|p2a: Roserade|Roserade, F, shiny|324\/324
|-damage|p2a: Roserade|243\/324|[from] Spikes
|-damage|p2a: Roserade|203\/324|[from] Stealth Rock
|move|p1a: Swampert|Earthquake|p2a: Roserade
|-damage|p2a: Roserade|13\/324
|
|-heal|p2a: Roserade|33\/324|[from] item: Black Sludge
|-heal|p1a: Swampert|262\/404|[from] item: Leftovers
|turn|23
|
|switch|p1a: Crobat|Crobat, F|296\/325 par
|move|p2a: Roserade|Giga Drain|p1a: Crobat
|-resisted|p1a: Crobat
|-damage|p1a: Crobat|266\/325 par
|-heal|p2a: Roserade|48\/324|[from] drain|[of] p1a: Crobat
|
|-heal|p2a: Roserade|68\/324|[from] item: Black Sludge
|-heal|p1a: Crobat|286\/325 par|[from] item: Black Sludge
|turn|24
|
|move|p2a: Roserade|Spikes|p1a: Crobat
|-sidestart|p1: Gordy Lifestyle|Spikes
|move|p1a: Crobat|U-turn|p2a: Roserade
|-damage|p2a: Roserade|0 fnt
|faint|p2a: Roserade
|
|switch|p1a: Swampert|Swampert, M|262\/404
|-damage|p1a: Swampert|212\/404|[from] Spikes
|
|-heal|p1a: Swampert|237\/404|[from] item: Leftovers
|
|switch|p2a: Suicune|Suicune, shiny|404\/404 slp
|-damage|p2a: Suicune|354\/404 slp|[from] Stealth Rock
|-damage|p2a: Suicune|253\/404 slp|[from] Spikes
|-ability|p2a: Suicune|Pressure
|turn|25
|
|cant|p2a: Suicune|slp
|move|p2a: Suicune|Sleep Talk|p2a: Suicune
|move|p2a: Suicune|Rest|p2a: Suicune|[from]Sleep Talk
|-fail|p2a: Suicune
|move|p1a: Swampert|Earthquake|p2a: Suicune
|-damage|p2a: Suicune|163\/404 slp
|
|-heal|p2a: Suicune|188\/404 slp|[from] item: Leftovers
|-heal|p1a: Swampert|262\/404|[from] item: Leftovers
|turn|26
|
|cant|p2a: Suicune|slp
|move|p2a: Suicune|Sleep Talk|p2a: Suicune
|move|p2a: Suicune|Scald|p1a: Swampert|[from]Sleep Talk
|-damage|p1a: Swampert|165\/404
|move|p1a: Swampert|Roar|p2a: Suicune
|drag|p2a: Florges|Florges, F, shiny|206\/360
|-damage|p2a: Florges|161\/360|[from] Stealth Rock
|-damage|p2a: Florges|71\/360|[from] Spikes
|
|-heal|p2a: Florges|93\/360|[from] item: Leftovers
|-heal|p1a: Swampert|190\/404|[from] item: Leftovers
|turn|27
|
|move|p2a: Florges|Protect|p2a: Florges
|-singleturn|p2a: Florges|Protect
|move|p1a: Swampert|Earthquake|p2a: Florges
|-activate|p2a: Florges|Protect
|
|-heal|p2a: Florges|115\/360|[from] item: Leftovers
|-heal|p1a: Swampert|215\/404|[from] item: Leftovers
|turn|28
|
|move|p2a: Florges|Moonblast|p1a: Swampert
|-damage|p1a: Swampert|76\/404
|move|p1a: Swampert|Earthquake|p2a: Florges
|-damage|p2a: Florges|0 fnt
|faint|p2a: Florges
|
|-heal|p1a: Swampert|101\/404|[from] item: Leftovers
|
|switch|p2a: Suicune|Suicune, shiny|188\/404 slp
|-damage|p2a: Suicune|87\/404 slp|[from] Spikes
|-damage|p2a: Suicune|37\/404 slp|[from] Stealth Rock
|-ability|p2a: Suicune|Pressure
|turn|29
|
|-curestatus|p2a: Suicune|slp
|move|p2a: Suicune|Rest|p2a: Suicune
|-status|p2a: Suicune|slp
|-heal|p2a: Suicune|404\/404 slp|[silent]
|-status|p2a: Suicune|slp|[from] move: Rest
|move|p1a: Swampert|Earthquake|p2a: Suicune
|-crit|p2a: Suicune
|-damage|p2a: Suicune|287\/404 slp
|
|-heal|p2a: Suicune|312\/404 slp|[from] item: Leftovers
|-heal|p1a: Swampert|126\/404|[from] item: Leftovers
|turn|30
|
|cant|p2a: Suicune|slp
|move|p2a: Suicune|Sleep Talk|p2a: Suicune
|move|p2a: Suicune|Calm Mind|p2a: Suicune|[from]Sleep Talk
|-boost|p2a: Suicune|spa|1
|-boost|p2a: Suicune|spd|1
|move|p1a: Swampert|Earthquake|p2a: Suicune
|-damage|p2a: Suicune|224\/404 slp
|
|-heal|p2a: Suicune|249\/404 slp|[from] item: Leftovers
|-heal|p1a: Swampert|151\/404|[from] item: Leftovers
|turn|31
|
|cant|p2a: Suicune|slp
|move|p2a: Suicune|Sleep Talk|p2a: Suicune
|move|p2a: Suicune|Rest|p2a: Suicune|[from]Sleep Talk
|-fail|p2a: Suicune
|move|p1a: Swampert|Roar|p2a: Suicune
|drag|p2a: Krookodile|Krookodile, M, shiny|341\/394
|-damage|p2a: Krookodile|243\/394|[from] Spikes
|-damage|p2a: Krookodile|219\/394|[from] Stealth Rock
|-ability|p2a: Krookodile|Intimidate|[of] p1a: Swampert
|-unboost|p1a: Swampert|atk|1
|
|-heal|p2a: Krookodile|243\/394|[from] item: Leftovers
|-heal|p1a: Swampert|176\/404|[from] item: Leftovers
|turn|32
|
|move|p2a: Krookodile|Taunt|p1a: Swampert
|-start|p1a: Swampert|move: Taunt
|move|p1a: Swampert|Scald|p2a: Krookodile
|-supereffective|p2a: Krookodile
|-damage|p2a: Krookodile|61\/394
|-status|p2a: Krookodile|brn
|
|-heal|p2a: Krookodile|85\/394 brn|[from] item: Leftovers
|-heal|p1a: Swampert|201\/404|[from] item: Leftovers
|-damage|p2a: Krookodile|36\/394 brn|[from] brn
|turn|33
|
|switch|p1a: Hydreigon|Hydreigon, F|169\/325 brn
|move|p2a: Krookodile|Stealth Rock|p1a: Hydreigon
|-sidestart|p1: Gordy Lifestyle|move: Stealth Rock
|
|-heal|p2a: Krookodile|60\/394 brn|[from] item: Leftovers
|-damage|p1a: Hydreigon|129\/325 brn|[from] brn
|-damage|p2a: Krookodile|11\/394 brn|[from] brn
|turn|34
|
|move|p1a: Hydreigon|Dark Pulse|p2a: Krookodile
|-resisted|p2a: Krookodile
|-damage|p2a: Krookodile|0 fnt
|-damage|p1a: Hydreigon|97\/325 brn|[from] item: Life Orb
|faint|p2a: Krookodile
|
|-damage|p1a: Hydreigon|57\/325 brn|[from] brn
|
|switch|p2a: Suicune|Suicune, shiny|249\/404 slp
|-damage|p2a: Suicune|148\/404 slp|[from] Spikes
|-damage|p2a: Suicune|98\/404 slp|[from] Stealth Rock
|-ability|p2a: Suicune|Pressure
|turn|35
|
|move|p1a: Hydreigon|Dark Pulse|p2a: Suicune
|-damage|p2a: Suicune|0 fnt
|-damage|p1a: Hydreigon|25\/325 brn|[from] item: Life Orb
|faint|p2a: Suicune
|
|-damage|p1a: Hydreigon|0 fnt|[from] brn
|faint|p1a: Hydreigon
|-message|AM145 forfeited.
|
|win|Gordy Lifestyle
|raw|Ladder updating...
|raw|Ladder (probably) updated, but score could not be retrieved (timeout).
|raw|Ladder (probably) updated, but score could not be retrieved (Error: socket hang up).
|leave|AM145
|player|p2