|join|Gordy Lifestyle
|join|Drawler
|player|p1|Gordy Lifestyle|154
|player|p2|Drawler|170
|gametype|singles
|gen|6
|tier|UU
|rated
|rule|Sleep Clause Mod: Limit one foe put to sleep
|rule|Species Clause: Limit one of each Pokemon
|rule|OHKO Clause: OHKO moves are banned
|rule|Moody Clause: Moody is banned
|rule|Evasion Moves Clause: Evasion moves are banned
|rule|Endless Battle Clause: Forcing endless battles is banned.
|rule|HP Percentage Mod: HP is reported as percentages
|clearpoke
|poke|p1|Virizion
|poke|p1|Gardevoir, M, shiny
|poke|p1|Aerodactyl, M, shiny
|poke|p1|Florges, F
|poke|p1|Mew
|poke|p1|Quagsire, M
|poke|p2|Mienshao, F
|poke|p2|Rotom-Heat
|poke|p2|Crawdaunt, F
|poke|p2|Shaymin
|poke|p2|Flygon, M
|poke|p2|Nidoqueen, F
|teampreview
|
|start
|switch|p1a: Petrie|Aerodactyl, M, shiny|361\/361
|switch|p2a: Rotom-Heat|Rotom-Heat|241\/241
|-ability|p1a: Petrie|Unnerve|p2: Drawler
|turn|1
|
|switch|p2a: Nidoqueen|Nidoqueen, F|384\/384
|detailschange|p1a: Petrie|Aerodactyl-Mega, M, shiny
|message|Aerodactyl has Mega Evolved into Mega Aerodactyl!
|move|p1a: Petrie|Stealth Rock|p2a: Nidoqueen
|-sidestart|p2: Drawler|move: Stealth Rock
|
|turn|2
|
|switch|p1a: Mewone|Mew|404\/404
|move|p2a: Nidoqueen|Ice Beam|p1a: Mewone
|-damage|p1a: Mewone|347\/404
|
|-heal|p1a: Mewone|372\/404|[from] item: Leftovers
|turn|3
|
|move|p1a: Mewone|Knock Off|p2a: Nidoqueen
|-damage|p2a: Nidoqueen|322\/384
|-enditem|p2a: Nidoqueen|Black Sludge|[from] move: Knock Off|[of] p1a: Mewone
|move|p2a: Nidoqueen|Stealth Rock|p1a: Mewone
|-sidestart|p1: Gordy Lifestyle|move: Stealth Rock
|
|-heal|p1a: Mewone|397\/404|[from] item: Leftovers
|turn|4
|
|switch|p2a: Shaymin|Shaymin|341\/341
|-damage|p2a: Shaymin|299\/341|[from] Stealth Rock
|move|p1a: Mewone|Defog|p2a: Shaymin
|-unboost|p2a: Shaymin|evasion|1
|-sideend|p2: Drawler|Stealth Rock|[from] move: Defog|[of] p2a: Shaymin
|-sideend|p1: Gordy Lifestyle|Stealth Rock|[from] move: Defog|[of] p1a: Mewone
|
|-heal|p1a: Mewone|404\/404|[from] item: Leftovers
|turn|5
|
|move|p2a: Shaymin|Air Slash|p1a: Mewone
|-damage|p1a: Mewone|333\/404
|-damage|p2a: Shaymin|265\/341|[from] item: Life Orb
|move|p1a: Mewone|Knock Off|p2a: Shaymin
|-damage|p2a: Shaymin|189\/341
|-enditem|p2a: Shaymin|Life Orb|[from] move: Knock Off|[of] p1a: Mewone
|
|-heal|p1a: Mewone|358\/404|[from] item: Leftovers
|turn|6
|
|move|p2a: Shaymin|Leech Seed|p1a: Mewone
|-start|p1a: Mewone|move: Leech Seed
|move|p1a: Mewone|Thunder Wave|p2a: Shaymin
|-status|p2a: Shaymin|par
|
|-heal|p1a: Mewone|383\/404|[from] item: Leftovers
|-damage|p1a: Mewone|333\/404|[from] Leech Seed|[of] p2a: Shaymin
|-heal|p2a: Shaymin|239\/341 par|[silent]
|turn|7
|
|switch|p1a: Freya|Florges, F|360\/360
|switch|p2a: Rotom-Heat|Rotom-Heat|241\/241
|
|turn|8
|
|move|p1a: Freya|Protect|p1a: Freya
|-singleturn|p1a: Freya|Protect
|move|p2a: Rotom-Heat|Volt Switch|p1a: Freya
|-activate|p1a: Freya|Protect
|
|turn|9
|
|move|p2a: Rotom-Heat|Will-O-Wisp|p1a: Freya
|-status|p1a: Freya|brn
|move|p1a: Freya|Moonblast|p2a: Rotom-Heat
|-resisted|p2a: Rotom-Heat
|-damage|p2a: Rotom-Heat|166\/241
|
|-heal|p2a: Rotom-Heat|181\/241|[from] item: Leftovers
|-damage|p1a: Freya|315\/360 brn|[from] brn
|turn|10
|
|move|p2a: Rotom-Heat|Volt Switch|p1a: Freya
|-damage|p1a: Freya|240\/360 brn
|
|switch|p2a: Nidoqueen|Nidoqueen, F|322\/384
|move|p1a: Freya|Moonblast|p2a: Nidoqueen
|-resisted|p2a: Nidoqueen
|-damage|p2a: Nidoqueen|228\/384
|
|-heal|p1a: Freya|262\/360 brn|[from] item: Leftovers
|-damage|p1a: Freya|217\/360 brn|[from] brn
|turn|11
|
|switch|p1a: Mewone|Mew|333\/404
|move|p2a: Nidoqueen|Stealth Rock|p1a: Mewone
|-sidestart|p1: Gordy Lifestyle|move: Stealth Rock
|
|-heal|p1a: Mewone|358\/404|[from] item: Leftovers
|turn|12
|
|switch|p2a: Crawdaunt|Crawdaunt, F|288\/288
|move|p1a: Mewone|Knock Off|p2a: Crawdaunt
|-resisted|p2a: Crawdaunt
|-damage|p2a: Crawdaunt|263\/288
|
|-heal|p1a: Mewone|383\/404|[from] item: Leftovers
|turn|13
|
|switch|p1a: Virizion|Virizion|386\/386
|-damage|p1a: Virizion|362\/386|[from] Stealth Rock
|move|p2a: Crawdaunt|Knock Off|p1a: Virizion
|-resisted|p1a: Virizion
|-damage|p1a: Virizion|239\/386
|-boost|p1a: Virizion|atk|1|[from] ability: Justified
|-enditem|p1a: Virizion|Leftovers|[from] move: Knock Off|[of] p2a: Crawdaunt
|
|turn|14
|
|switch|p2a: Shaymin|Shaymin|239\/341
|move|p1a: Virizion|Close Combat|p2a: Shaymin
|-damage|p2a: Shaymin|0 fnt
|-unboost|p1a: Virizion|def|1
|-unboost|p1a: Virizion|spd|1
|faint|p2a: Shaymin
|
|
|switch|p2a: Mienshao|Mienshao, F|271\/271
|turn|15
|
|switch|p1a: Blimpee|Quagsire, M|394\/394
|-damage|p1a: Blimpee|370\/394|[from] Stealth Rock
|move|p2a: Mienshao|Acrobatics|p1a: Blimpee
|-crit|p1a: Blimpee
|-damage|p1a: Blimpee|291\/394
|
|-heal|p1a: Blimpee|315\/394|[from] item: Leftovers
|turn|16
|
|switch|p2a: Crawdaunt|Crawdaunt, F|263\/288
|move|p1a: Blimpee|Waterfall|p2a: Crawdaunt
|-resisted|p2a: Crawdaunt
|-damage|p2a: Crawdaunt|221\/288
|
|-heal|p1a: Blimpee|339\/394|[from] item: Leftovers
|turn|17
|
|move|p2a: Crawdaunt|Knock Off|p1a: Blimpee
|-damage|p1a: Blimpee|181\/394
|-enditem|p1a: Blimpee|Leftovers|[from] move: Knock Off|[of] p2a: Crawdaunt
|move|p1a: Blimpee|Earthquake|p2a: Crawdaunt
|-crit|p2a: Crawdaunt
|-damage|p2a: Crawdaunt|62\/288
|
|turn|18
|
|switch|p2a: Mienshao|Mienshao, F|271\/271
|move|p1a: Blimpee|Recover|p1a: Blimpee
|-heal|p1a: Blimpee|378\/394
|
|turn|19
|
|move|p2a: Mienshao|High Jump Kick|p1a: Blimpee
|-damage|p1a: Blimpee|209\/394
|move|p1a: Blimpee|Earthquake|p2a: Mienshao
|-damage|p2a: Mienshao|115\/271
|
|turn|20
|
|switch|p2a: Crawdaunt|Crawdaunt, F|62\/288
|move|p1a: Blimpee|Recover|p1a: Blimpee
|-heal|p1a: Blimpee|394\/394
|
|turn|21
|
|move|p2a: Crawdaunt|Crabhammer|p1a: Blimpee
|-damage|p1a: Blimpee|242\/394
|move|p1a: Blimpee|Recover|p1a: Blimpee
|-heal|p1a: Blimpee|394\/394
|
|turn|22
|chat|Drawler|herp derp
|-message|Drawler forfeited.
|
|win|Gordy Lifestyle
|raw|Ladder updating...
|leave|Drawler
|player|p2
|raw|Gordy Lifestyle's rating: 1511 &rarr; <strong>1527<\/strong><br \/>(+16 for winning)
|raw|Drawler's rating: 1433 &rarr; <strong>1418<\/strong><br \/>(-15 for losing)