|join|Heavy Doobies
|join|Gordy Lifestyle
|player|p1|Heavy Doobies|188
|player|p2|Gordy Lifestyle|172
|gametype|singles
|gen|6
|tier|UU
|rated
|rule|Sleep Clause Mod: Limit one foe put to sleep
|rule|Species Clause: Limit one of each Pokemon
|rule|OHKO Clause: OHKO moves are banned
|rule|Moody Clause: Moody is banned
|rule|Evasion Moves Clause: Evasion moves are banned
|rule|Endless Battle Clause: Forcing endless battles is banned.
|rule|HP Percentage Mod: HP is reported as percentages
|clearpoke
|poke|p1|Mew
|poke|p1|Toxicroak, M
|poke|p1|Slowbro, M
|poke|p1|Houndoom, M
|poke|p1|Nidoqueen, F
|poke|p1|Mienshao, F
|poke|p2|Banette, F
|poke|p2|Arcanine, M
|poke|p2|Cloyster, F
|poke|p2|Umbreon, F, shiny
|poke|p2|Magnezone, shiny
|poke|p2|Hitmonchan, M, shiny
|teampreview
|join|Ronin 3000
|
|start
|switch|p1a: Shao|Mienshao, F|271\/271
|switch|p2a: Zippermouth|Banette, F|332\/332
|-item|p1a: Shao|Choice Scarf|[from] ability: Frisk|[of] p2a: Zippermouth|[identify]
|turn|1
|
|switch|p1a: Davos|Houndoom, M|291\/291
|-formechange|p2a: Zippermouth|Banette-Mega
|message|Banette has Mega Evolved into Mega Banette!
|move|p2a: Zippermouth|Will-O-Wisp|p1a: Davos
|-start|p1a: Davos|ability: Flash Fire
|
|turn|2
|
|switch|p2a: Blue|Hitmonchan, M, shiny|304\/304
|-formechange|p1a: Davos|Houndoom-Mega
|message|Houndoom has Mega Evolved into Mega Houndoom!
|move|p1a: Davos|Fire Blast|p2a: Blue
|-damage|p2a: Blue|127\/304
|
|turn|3
|
|move|p2a: Blue|Mach Punch|p1a: Davos
|-supereffective|p1a: Davos
|-damage|p1a: Davos|111\/291
|move|p1a: Davos|Fire Blast|p2a: Blue
|-damage|p2a: Blue|0 fnt
|faint|p2a: Blue
|
|
|switch|p2a: Luna|Umbreon, F, shiny|394\/394
|turn|4
|
|move|p1a: Davos|Nasty Plot|p1a: Davos
|-boost|p1a: Davos|spa|2
|move|p2a: Luna|Foul Play|p1a: Davos
|-resisted|p1a: Davos
|-damage|p1a: Davos|61\/291
|
|turn|5
|
|move|p1a: Davos|Fire Blast|p2a: Luna
|-damage|p2a: Luna|49\/394
|move|p2a: Luna|Foul Play|p1a: Davos
|-resisted|p1a: Davos
|-damage|p1a: Davos|13\/291
|
|-heal|p2a: Luna|73\/394|[from] item: Leftovers
|turn|6
|
|move|p1a: Davos|Dark Pulse|p2a: Luna
|-resisted|p2a: Luna
|-damage|p2a: Luna|0 fnt
|faint|p2a: Luna
|
|
|switch|p2a: Muff Diver|Cloyster, F|241\/241
|turn|7
|
|switch|p1a: Daddy|Mew|404\/404
|move|p2a: Muff Diver|Ice Shard|p1a: Daddy
|-damage|p1a: Daddy|349\/404
|
|-heal|p1a: Daddy|374\/404|[from] item: Leftovers
|turn|8
|
|switch|p2a: Lionheart|Arcanine, M|384\/384
|-ability|p2a: Lionheart|Intimidate|[of] p1a: Daddy
|-unboost|p1a: Daddy|atk|1
|move|p1a: Daddy|Will-O-Wisp|p2a: Lionheart
|-fail|p2a: Lionheart
|
|-heal|p1a: Daddy|399\/404|[from] item: Leftovers
|turn|9
|
|move|p1a: Daddy|Knock Off|p2a: Lionheart
|-damage|p2a: Lionheart|340\/384
|-damage|p1a: Daddy|332\/404|[from] item: Rocky Helmet|[of] p2a: Lionheart
|-enditem|p2a: Lionheart|Rocky Helmet|[from] move: Knock Off|[of] p1a: Daddy
|move|p2a: Lionheart|Will-O-Wisp|p1a: Daddy
|-status|p1a: Daddy|brn
|
|-heal|p1a: Daddy|357\/404 brn|[from] item: Leftovers
|-damage|p1a: Daddy|307\/404 brn|[from] brn
|turn|10
|
|switch|p2a: Chick Magnet|Magnezone, shiny|344\/344
|move|p1a: Daddy|Soft-Boiled|p1a: Daddy
|-heal|p1a: Daddy|404\/404 brn
|
|-damage|p1a: Daddy|354\/404 brn|[from] brn
|turn|11
|
|move|p1a: Daddy|Will-O-Wisp|p2a: Chick Magnet
|-status|p2a: Chick Magnet|brn
|move|p2a: Chick Magnet|Flash Cannon|p1a: Daddy
|-damage|p1a: Daddy|135\/404 brn
|
|-heal|p1a: Daddy|160\/404 brn|[from] item: Leftovers
|-damage|p1a: Daddy|110\/404 brn|[from] brn
|-damage|p2a: Chick Magnet|301\/344 brn|[from] brn
|turn|12
|
|move|p1a: Daddy|Knock Off|p2a: Chick Magnet
|-damage|p2a: Chick Magnet|275\/344 brn
|-enditem|p2a: Chick Magnet|Choice Specs|[from] move: Knock Off|[of] p1a: Daddy
|move|p2a: Chick Magnet|Flash Cannon|p1a: Daddy
|-damage|p1a: Daddy|0 fnt
|faint|p1a: Daddy
|
|-damage|p2a: Chick Magnet|232\/344 brn|[from] brn
|
|switch|p1a: Davos|Houndoom, M|13\/291
|-formechange|p1a: Davos|Houndoom-Mega
|turn|13
|
|switch|p2a: Lionheart|Arcanine, M|340\/384
|-ability|p2a: Lionheart|Intimidate|[of] p1a: Davos
|-unboost|p1a: Davos|atk|1
|move|p1a: Davos|Fire Blast|p2a: Lionheart
|-resisted|p2a: Lionheart
|-damage|p2a: Lionheart|210\/384
|
|turn|14
|
|switch|p1a: Hard Tits|Nidoqueen, F|353\/353
|move|p2a: Lionheart|Extreme Speed|p1a: Hard Tits
|-damage|p1a: Hard Tits|275\/353
|
|turn|15
|
|switch|p2a: Muff Diver|Cloyster, F|241\/241
|move|p1a: Hard Tits|Earth Power|p2a: Muff Diver
|-enditem|p2a: Muff Diver|Focus Sash
|-damage|p2a: Muff Diver|1\/241
|
|turn|16
|
|switch|p1a: Derp|Slowbro, M|394\/394
|move|p2a: Muff Diver|Icicle Spear|p1a: Derp
|-crit|p1a: Derp
|-resisted|p1a: Derp
|-damage|p1a: Derp|375\/394
|-resisted|p1a: Derp
|-damage|p1a: Derp|363\/394
|-resisted|p1a: Derp
|-damage|p1a: Derp|350\/394
|-resisted|p1a: Derp
|-damage|p1a: Derp|337\/394
|-resisted|p1a: Derp
|-damage|p1a: Derp|325\/394
|-hitcount|p1a: Derp|5
|
|-heal|p1a: Derp|349\/394|[from] item: Leftovers
|turn|17
|
|switch|p2a: Chick Magnet|Magnezone, shiny|232\/344 brn
|move|p1a: Derp|Scald|p2a: Chick Magnet
|-damage|p2a: Chick Magnet|135\/344 brn
|
|-heal|p1a: Derp|373\/394|[from] item: Leftovers
|-damage|p2a: Chick Magnet|92\/344 brn|[from] brn
|turn|18
|
|switch|p1a: Hard Tits|Nidoqueen, F|275\/353
|move|p2a: Chick Magnet|Hidden Power|p1a: Hard Tits
|-damage|p1a: Hard Tits|160\/353
|
|-damage|p2a: Chick Magnet|49\/344 brn|[from] brn
|turn|19
|
|move|p1a: Hard Tits|Earth Power|p2a: Chick Magnet
|-supereffective|p2a: Chick Magnet
|-damage|p2a: Chick Magnet|0 fnt
|faint|p2a: Chick Magnet
|
|
|switch|p2a: Muff Diver|Cloyster, F|1\/241
|turn|20
|
|switch|p1a: Derp|Slowbro, M|394\/394
|move|p2a: Muff Diver|Icicle Spear|p1a: Derp
|-crit|p1a: Derp
|-resisted|p1a: Derp
|-damage|p1a: Derp|376\/394
|-resisted|p1a: Derp
|-damage|p1a: Derp|364\/394
|-resisted|p1a: Derp
|-damage|p1a: Derp|351\/394
|-resisted|p1a: Derp
|-damage|p1a: Derp|339\/394
|-resisted|p1a: Derp
|-damage|p1a: Derp|327\/394
|-hitcount|p1a: Derp|5
|
|-heal|p1a: Derp|351\/394|[from] item: Leftovers
|turn|21
|
|move|p2a: Muff Diver|Rock Blast|p1a: Derp
|-damage|p1a: Derp|335\/394
|-damage|p1a: Derp|319\/394
|-damage|p1a: Derp|302\/394
|-damage|p1a: Derp|284\/394
|-damage|p1a: Derp|267\/394
|-hitcount|p1a: Derp|5
|move|p1a: Derp|Scald|p2a: Muff Diver
|-resisted|p2a: Muff Diver
|-damage|p2a: Muff Diver|0 fnt
|faint|p2a: Muff Diver
|
|-heal|p1a: Derp|291\/394|[from] item: Leftovers
|
|switch|p2a: Zippermouth|Banette, F|332\/332
|-formechange|p2a: Zippermouth|Banette-Mega
|turn|22
|
|move|p2a: Zippermouth|Shadow Claw|p1a: Derp
|-supereffective|p1a: Derp
|-damage|p1a: Derp|87\/394
|move|p1a: Derp|Scald|p2a: Zippermouth
|-damage|p2a: Zippermouth|215\/332
|
|-heal|p1a: Derp|111\/394|[from] item: Leftovers
|turn|23
|
|move|p2a: Zippermouth|Shadow Claw|p1a: Derp
|-supereffective|p1a: Derp
|-damage|p1a: Derp|0 fnt
|faint|p1a: Derp
|
|
|switch|p1a: Hard Tits|Nidoqueen, F|160\/353
|turn|24
|
|move|p1a: Hard Tits|Sludge Wave|p2a: Zippermouth
|-resisted|p2a: Zippermouth
|-damage|p2a: Zippermouth|86\/332
|move|p2a: Zippermouth|Shadow Claw|p1a: Hard Tits
|-damage|p1a: Hard Tits|0 fnt
|faint|p1a: Hard Tits
|
|
|switch|p1a: Davos|Houndoom, M|13\/291
|-formechange|p1a: Davos|Houndoom-Mega
|turn|25
|
|move|p2a: Zippermouth|Shadow Sneak|p1a: Davos
|-resisted|p1a: Davos
|-damage|p1a: Davos|0 fnt
|faint|p1a: Davos
|
|
|switch|p1a: Shao|Mienshao, F|271\/271
|turn|26
|
|switch|p2a: Lionheart|Arcanine, M|210\/384
|-ability|p2a: Lionheart|Intimidate|[of] p1a: Shao
|-unboost|p1a: Shao|atk|1
|move|p1a: Shao|Knock Off|p2a: Lionheart
|-damage|p2a: Lionheart|166\/384
|
|turn|27
|
|switch|p1a: T-Bone|Toxicroak, M|331\/331
|move|p2a: Lionheart|Will-O-Wisp|p1a: T-Bone
|-status|p1a: T-Bone|brn
|
|-damage|p1a: T-Bone|290\/331 brn|[from] brn
|turn|28
|
|move|p1a: T-Bone|Swords Dance|p1a: T-Bone
|-boost|p1a: T-Bone|atk|2
|move|p2a: Lionheart|Flamethrower|p1a: T-Bone
|-damage|p1a: T-Bone|109\/331 brn
|
|-damage|p1a: T-Bone|68\/331 brn|[from] brn
|turn|29
|
|move|p2a: Lionheart|Extreme Speed|p1a: T-Bone
|-damage|p1a: T-Bone|0 fnt
|faint|p1a: T-Bone
|
|
|switch|p1a: Shao|Mienshao, F|271\/271
|turn|30
|chat|Heavy Doobies|damn gg
|chat|Gordy Lifestyle|banette op
|
|move|p1a: Shao|Aerial Ace|p2a: Lionheart
|-damage|p2a: Lionheart|110\/384
|move|p2a: Lionheart|Morning Sun|p2a: Lionheart
|-heal|p2a: Lionheart|302\/384
|
|turn|31
|leave|Ronin 3000
|
|move|p1a: Shao|Aerial Ace|p2a: Lionheart
|-crit|p2a: Lionheart
|-damage|p2a: Lionheart|208\/384
|move|p2a: Lionheart|Will-O-Wisp|p1a: Shao
|-status|p1a: Shao|brn
|
|-damage|p1a: Shao|238\/271 brn|[from] brn
|turn|32
|
|move|p1a: Shao|Aerial Ace|p2a: Lionheart
|-damage|p2a: Lionheart|179\/384
|move|p2a: Lionheart|Morning Sun|p2a: Lionheart
|-heal|p2a: Lionheart|371\/384
|
|-damage|p1a: Shao|205\/271 brn|[from] brn
|turn|33
|
|move|p1a: Shao|Aerial Ace|p2a: Lionheart
|-damage|p2a: Lionheart|341\/384
|move|p2a: Lionheart|Flamethrower|p1a: Shao
|-crit|p1a: Shao
|-damage|p1a: Shao|0 fnt
|faint|p1a: Shao
|
|win|Gordy Lifestyle
|raw|Ladder updating...
|raw|Heavy Doobies's rating: 1562 &rarr; <strong>1539<\/strong><br \/>(-23 for losing)
|raw|Gordy Lifestyle's rating: 1508 &rarr; <strong>1531<\/strong><br \/>(+23 for winning)
|leave|Heavy Doobies
|player|p1