|join|Gordy Lifestyle
|join|Mallowrecker
|player|p1|Gordy Lifestyle|172
|player|p2|Mallowrecker|4
|gametype|singles
|gen|6
|tier|UU
|rated
|rule|Sleep Clause Mod: Limit one foe put to sleep
|rule|Species Clause: Limit one of each Pokemon
|rule|OHKO Clause: OHKO moves are banned
|rule|Moody Clause: Moody is banned
|rule|Evasion Moves Clause: Evasion moves are banned
|rule|Endless Battle Clause: Forcing endless battles is banned.
|rule|HP Percentage Mod: HP is reported as percentages
|clearpoke
|poke|p1|Hippowdon, M
|poke|p1|Kingdra, M
|poke|p1|Blastoise, M
|poke|p1|Stoutland, M
|poke|p1|Amoonguss, F, shiny
|poke|p1|Victini
|poke|p2|Malamar, F
|poke|p2|Cloyster, M
|poke|p2|Whimsicott, M
|poke|p2|Chandelure, F
|poke|p2|Donphan, M
|poke|p2|Snorlax, F
|teampreview
|
|start
|switch|p1a: Hungry Hungry|Hippowdon, M|420\/420
|switch|p2a: Cloyster|Cloyster, M|242\/242
|-weather|Sandstorm
|turn|1
|
|move|p2a: Cloyster|Icicle Spear|p1a: Hungry Hungry
|-supereffective|p1a: Hungry Hungry
|-damage|p1a: Hungry Hungry|352\/420
|-supereffective|p1a: Hungry Hungry
|-damage|p1a: Hungry Hungry|286\/420
|-supereffective|p1a: Hungry Hungry
|-damage|p1a: Hungry Hungry|214\/420
|-supereffective|p1a: Hungry Hungry
|-damage|p1a: Hungry Hungry|148\/420
|-supereffective|p1a: Hungry Hungry
|-damage|p1a: Hungry Hungry|82\/420
|-hitcount|p1a: Hungry Hungry|5
|move|p1a: Hungry Hungry|Whirlwind|p2a: Cloyster
|drag|p2a: Malamar|Malamar, F|376\/376
|
|-weather|Sandstorm|[upkeep]
|-damage|p2a: Malamar|353\/376|[from] sandstorm
|turn|2
|
|move|p2a: Malamar|Superpower|p1a: Hungry Hungry
|-damage|p1a: Hungry Hungry|1\/420
|-boost|p2a: Malamar|atk|1
|-boost|p2a: Malamar|def|1
|move|p1a: Hungry Hungry|Slack Off|p1a: Hungry Hungry
|-heal|p1a: Hungry Hungry|211\/420
|
|-weather|Sandstorm|[upkeep]
|-damage|p2a: Malamar|330\/376|[from] sandstorm
|turn|3
|
|move|p2a: Malamar|Superpower|p1a: Hungry Hungry
|-damage|p1a: Hungry Hungry|95\/420
|-boost|p2a: Malamar|atk|1
|-boost|p2a: Malamar|def|1
|move|p1a: Hungry Hungry|Whirlwind|p2a: Malamar
|drag|p2a: Chandelure|Chandelure, F|261\/261
|
|-weather|Sandstorm|[upkeep]
|-damage|p2a: Chandelure|245\/261|[from] sandstorm
|turn|4
|
|move|p2a: Chandelure|Shadow Ball|p1a: Hungry Hungry
|-damage|p1a: Hungry Hungry|0 fnt
|-damage|p2a: Chandelure|219\/261|[from] item: Life Orb
|faint|p1a: Hungry Hungry
|
|-weather|Sandstorm|[upkeep]
|-damage|p2a: Chandelure|203\/261|[from] sandstorm
|
|switch|p1a: Old Tobey|Stoutland, M|311\/311
|turn|5
|
|move|p1a: Old Tobey|Pursuit|p2a: Chandelure|[from]Pursuit
|-supereffective|p2a: Chandelure
|-damage|p2a: Chandelure|0 fnt
|faint|p2a: Chandelure
|
|-weather|Sandstorm|[upkeep]
|
|switch|p2a: Malamar|Malamar, F|330\/376
|turn|6
|
|switch|p1a: Trippin Ballz|Amoonguss, F, shiny|432\/432
|move|p2a: Malamar|Superpower|p1a: Trippin Ballz
|-resisted|p1a: Trippin Ballz
|-damage|p1a: Trippin Ballz|367\/432
|-boost|p2a: Malamar|atk|1
|-boost|p2a: Malamar|def|1
|
|-weather|Sandstorm|[upkeep]
|-damage|p2a: Malamar|307\/376|[from] sandstorm
|-damage|p1a: Trippin Ballz|340\/432|[from] sandstorm
|-heal|p1a: Trippin Ballz|367\/432|[from] item: Black Sludge
|turn|7
|
|move|p2a: Malamar|Psycho Cut|p1a: Trippin Ballz
|-crit|p1a: Trippin Ballz
|-supereffective|p1a: Trippin Ballz
|-damage|p1a: Trippin Ballz|0 fnt
|faint|p1a: Trippin Ballz
|
|-weather|Sandstorm|[upkeep]
|-damage|p2a: Malamar|284\/376|[from] sandstorm
|
|switch|p1a: Old Tobey|Stoutland, M|311\/311
|turn|8
|
|move|p1a: Old Tobey|Return|p2a: Malamar
|-damage|p2a: Malamar|74\/376
|move|p2a: Malamar|Superpower|p1a: Old Tobey
|-supereffective|p1a: Old Tobey
|-damage|p1a: Old Tobey|15\/311
|-boost|p2a: Malamar|atk|1
|-boost|p2a: Malamar|def|1
|
|-weather|none
|turn|9
|
|switch|p2a: Donphan|Donphan, M|384\/384
|move|p1a: Old Tobey|Return|p2a: Donphan
|-damage|p2a: Donphan|204\/384
|
|-heal|p2a: Donphan|228\/384|[from] item: Leftovers
|turn|10
|
|switch|p1a: Skeet Skeet|Kingdra, M|291\/291
|move|p2a: Donphan|Ice Shard|p1a: Skeet Skeet
|-damage|p1a: Skeet Skeet|250\/291
|
|-heal|p2a: Donphan|252\/384|[from] item: Leftovers
|turn|11
|
|switch|p2a: Whimsicott|Whimsicott, M|324\/324
|move|p1a: Skeet Skeet|Focus Energy|p1a: Skeet Skeet
|-start|p1a: Skeet Skeet|move: Focus Energy
|
|turn|12
|
|move|p2a: Whimsicott|Encore|p1a: Skeet Skeet
|-start|p1a: Skeet Skeet|Encore
|move|p1a: Skeet Skeet|Focus Energy|p1a: Skeet Skeet
|-fail|p1a: Skeet Skeet
|
|turn|13
|
|switch|p1a: Victini|Victini|341\/341
|move|p2a: Whimsicott|Stun Spore|p1a: Victini
|-status|p1a: Victini|par
|
|turn|14
|
|switch|p2a: Donphan|Donphan, M|252\/384
|move|p1a: Victini|Blue Flare|p2a: Donphan
|-damage|p2a: Donphan|0 fnt
|faint|p2a: Donphan
|
|
|switch|p2a: Snorlax|Snorlax, F|524\/524
|turn|15
|
|switch|p1a: Bazooka Joe|Blastoise, M|361\/361
|move|p2a: Snorlax|Curse|p2a: Snorlax
|-boost|p2a: Snorlax|atk|1
|-boost|p2a: Snorlax|def|1
|-unboost|p2a: Snorlax|spe|1
|
|turn|16
|
|-formechange|p1a: Bazooka Joe|Blastoise-Mega
|message|Blastoise has Mega Evolved into Mega Blastoise!
|move|p1a: Bazooka Joe|Aura Sphere|p2a: Snorlax
|-supereffective|p2a: Snorlax
|-damage|p2a: Snorlax|318\/524
|move|p2a: Snorlax|Amnesia|p2a: Snorlax
|-boost|p2a: Snorlax|spd|2
|
|-heal|p2a: Snorlax|350\/524|[from] item: Leftovers
|turn|17
|
|move|p1a: Bazooka Joe|Aura Sphere|p2a: Snorlax
|-supereffective|p2a: Snorlax
|-damage|p2a: Snorlax|234\/524
|move|p2a: Snorlax|Body Slam|p1a: Bazooka Joe
|-damage|p1a: Bazooka Joe|214\/361
|
|-heal|p2a: Snorlax|266\/524|[from] item: Leftovers
|turn|18
|
|move|p1a: Bazooka Joe|Scald|p2a: Snorlax
|-damage|p2a: Snorlax|214\/524
|move|p2a: Snorlax|Body Slam|p1a: Bazooka Joe
|-damage|p1a: Bazooka Joe|75\/361
|
|-heal|p2a: Snorlax|246\/524|[from] item: Leftovers
|turn|19
|
|move|p1a: Bazooka Joe|Scald|p2a: Snorlax
|-damage|p2a: Snorlax|186\/524
|move|p2a: Snorlax|Body Slam|p1a: Bazooka Joe
|-damage|p1a: Bazooka Joe|0 fnt
|faint|p1a: Bazooka Joe
|
|-heal|p2a: Snorlax|218\/524|[from] item: Leftovers
|
|switch|p1a: Old Tobey|Stoutland, M|15\/311
|turn|20
|
|move|p1a: Old Tobey|Superpower|p2a: Snorlax
|-supereffective|p2a: Snorlax
|-damage|p2a: Snorlax|0 fnt
|-unboost|p1a: Old Tobey|atk|1
|-unboost|p1a: Old Tobey|def|1
|faint|p2a: Snorlax
|
|
|switch|p2a: Whimsicott|Whimsicott, M|324\/324
|turn|21
|
|switch|p1a: Victini|Victini|341\/341 par
|move|p2a: Whimsicott|Leech Seed|p1a: Victini
|-start|p1a: Victini|move: Leech Seed
|
|-damage|p1a: Victini|299\/341 par|[from] Leech Seed|[of] p2a: Whimsicott
|turn|22
|
|switch|p2a: Malamar|Malamar, F|74\/376
|cant|p1a: Victini|par
|
|-damage|p1a: Victini|257\/341 par|[from] Leech Seed|[of] p2a: Malamar
|-heal|p2a: Malamar|116\/376|[silent]
|turn|23
|
|switch|p1a: Old Tobey|Stoutland, M|15\/311
|move|p2a: Malamar|Night Slash|p1a: Old Tobey
|-damage|p1a: Old Tobey|0 fnt
|faint|p1a: Old Tobey
|
|
|switch|p1a: Skeet Skeet|Kingdra, M|250\/291
|turn|24
|
|switch|p2a: Whimsicott|Whimsicott, M|324\/324
|move|p1a: Skeet Skeet|Flash Cannon|p2a: Whimsicott
|-supereffective|p2a: Whimsicott
|-damage|p2a: Whimsicott|112\/324
|
|-heal|p2a: Whimsicott|132\/324|[from] item: Leftovers
|turn|25
|
|switch|p2a: Malamar|Malamar, F|116\/376
|move|p1a: Skeet Skeet|Flash Cannon|p2a: Malamar
|-damage|p2a: Malamar|68\/376
|
|turn|26
|
|move|p1a: Skeet Skeet|Surf|p2a: Malamar
|-damage|p2a: Malamar|0 fnt
|faint|p2a: Malamar
|
|
|switch|p2a: Cloyster|Cloyster, M|242\/242
|turn|27
|
|move|p1a: Skeet Skeet|Draco Meteor|p2a: Cloyster
|-enditem|p2a: Cloyster|Focus Sash
|-damage|p2a: Cloyster|1\/242
|-unboost|p1a: Skeet Skeet|spa|2
|move|p2a: Cloyster|Shell Smash|p2a: Cloyster
|-boost|p2a: Cloyster|atk|2
|-boost|p2a: Cloyster|spa|2
|-boost|p2a: Cloyster|spe|2
|-unboost|p2a: Cloyster|def|1
|-unboost|p2a: Cloyster|spd|1
|
|turn|28
|
|move|p2a: Cloyster|Icicle Spear|p1a: Skeet Skeet
|-damage|p1a: Skeet Skeet|174\/291
|-damage|p1a: Skeet Skeet|92\/291
|-damage|p1a: Skeet Skeet|10\/291
|-damage|p1a: Skeet Skeet|0 fnt
|-hitcount|p1a: Skeet Skeet|4
|faint|p1a: Skeet Skeet
|
|
|switch|p1a: Victini|Victini|257\/341 par
|turn|29
|chat|Mallowrecker|unless this rockblast misses, I've won...
|
|move|p2a: Cloyster|Rock Blast|p1a: Victini|[miss]
|-miss|p2a: Cloyster|p1a: Victini
|move|p1a: Victini|Psychic|p2a: Cloyster
|-damage|p2a: Cloyster|0 fnt
|faint|p2a: Cloyster
|
|chat|Mallowrecker|well shit
|
|switch|p2a: Whimsicott|Whimsicott, M|132\/324
|turn|30
|
|move|p2a: Whimsicott|Leech Seed|p1a: Victini
|-start|p1a: Victini|move: Leech Seed
|move|p1a: Victini|Blue Flare|p2a: Whimsicott
|-supereffective|p2a: Whimsicott
|-damage|p2a: Whimsicott|0 fnt
|faint|p2a: Whimsicott
|
|win|Gordy Lifestyle
|raw|Ladder updating...
|raw|Gordy Lifestyle's rating: 1489 &rarr; <strong>1502<\/strong><br \/>(+13 for winning)
|raw|Mallowrecker's rating: 1352 &rarr; <strong>1340<\/strong><br \/>(-12 for losing)