|join|mrsword
|join|Gordy Lifestyle
|player|p1|mrsword|260
|player|p2|Gordy Lifestyle|154
|gametype|singles
|gen|6
|tier|UU
|rated
|rule|Sleep Clause Mod: Limit one foe put to sleep
|rule|Species Clause: Limit one of each Pokemon
|rule|OHKO Clause: OHKO moves are banned
|rule|Moody Clause: Moody is banned
|rule|Evasion Moves Clause: Evasion moves are banned
|rule|Endless Battle Clause: Forcing endless battles is banned.
|rule|HP Percentage Mod: HP is reported as percentages
|clearpoke
|poke|p1|Noivern, M
|poke|p1|Amoonguss, F
|poke|p1|Blastoise, M
|poke|p1|Victini
|poke|p1|Umbreon, M
|poke|p1|Metagross
|poke|p2|Crawdaunt, M
|poke|p2|Roserade, M
|poke|p2|Crobat, M
|poke|p2|Florges, F
|poke|p2|Mew
|poke|p2|Slowbro, M
|teampreview
|
|start
|switch|p1a: Metagross|Metagross|364\/364
|switch|p2a: Crobat|Crobat, M|311\/311
|turn|1
|
|move|p2a: Crobat|Taunt|p1a: Metagross
|-start|p1a: Metagross|move: Taunt
|move|p1a: Metagross|Thunder Punch|p2a: Crobat
|-supereffective|p2a: Crobat
|-damage|p2a: Crobat|0 fnt
|faint|p2a: Crobat
|
|
|switch|p2a: Roserade|Roserade, M|261\/261
|turn|2
|
|switch|p1a: Victini|Victini|341\/341
|move|p2a: Roserade|Sludge Bomb|p1a: Victini
|-damage|p1a: Victini|141\/341
|-status|p1a: Victini|psn
|-damage|p2a: Roserade|235\/261|[from] item: Life Orb
|
|-damage|p1a: Victini|99\/341 psn|[from] psn
|turn|3
|
|switch|p2a: Slowbro|Slowbro, M|394\/394
|move|p1a: Victini|Bolt Strike|p2a: Slowbro
|-supereffective|p2a: Slowbro
|-damage|p2a: Slowbro|104\/394
|
|-heal|p2a: Slowbro|128\/394|[from] item: Leftovers
|-damage|p1a: Victini|57\/341 psn|[from] psn
|turn|4
|
|switch|p1a: Blastoise|Blastoise, M|362\/362
|switch|p2a: Roserade|Roserade, M|235\/261
|
|turn|5
|
|switch|p1a: Umbreon|Umbreon, M|394\/394
|move|p2a: Roserade|Giga Drain|p1a: Umbreon
|-damage|p1a: Umbreon|285\/394
|-heal|p2a: Roserade|261\/261|[from] drain|[of] p1a: Umbreon
|-damage|p2a: Roserade|235\/261|[from] item: Life Orb
|
|-heal|p1a: Umbreon|309\/394|[from] item: Leftovers
|turn|6
|
|move|p2a: Roserade|Sleep Powder|p1a: Umbreon
|-status|p1a: Umbreon|slp
|cant|p1a: Umbreon|slp
|
|-heal|p1a: Umbreon|333\/394 slp|[from] item: Leftovers
|turn|7
|
|move|p2a: Roserade|Sludge Bomb|p1a: Umbreon
|-damage|p1a: Umbreon|211\/394 slp
|-damage|p2a: Roserade|209\/261|[from] item: Life Orb
|cant|p1a: Umbreon|slp
|
|-heal|p1a: Umbreon|235\/394 slp|[from] item: Leftovers
|turn|8
|
|move|p2a: Roserade|Sludge Bomb|p1a: Umbreon
|-damage|p1a: Umbreon|102\/394 slp
|-damage|p2a: Roserade|183\/261|[from] item: Life Orb
|cant|p1a: Umbreon|slp
|
|-heal|p1a: Umbreon|126\/394 slp|[from] item: Leftovers
|turn|9
|
|switch|p1a: Metagross|Metagross|364\/364
|move|p2a: Roserade|Sludge Bomb|p1a: Metagross
|-immune|p1a: Metagross|[msg]
|
|turn|10
|
|move|p2a: Roserade|Hidden Power|p1a: Metagross
|-supereffective|p1a: Metagross
|-damage|p1a: Metagross|164\/364
|-damage|p2a: Roserade|157\/261|[from] item: Life Orb
|move|p1a: Metagross|Zen Headbutt|p2a: Roserade
|-supereffective|p2a: Roserade
|-damage|p2a: Roserade|0 fnt
|faint|p2a: Roserade
|
|
|switch|p2a: Crawdaunt|Crawdaunt, M|267\/267
|turn|11
|
|switch|p1a: Blastoise|Blastoise, M|362\/362
|move|p2a: Crawdaunt|Swords Dance|p2a: Crawdaunt
|-boost|p2a: Crawdaunt|atk|2
|
|turn|12
|
|detailschange|p1a: Blastoise|Blastoise-Mega, M
|message|Blastoise has Mega Evolved into Mega Blastoise!
|move|p2a: Crawdaunt|Knock Off|p1a: Blastoise
|-damage|p1a: Blastoise|0 fnt
|-damage|p2a: Crawdaunt|241\/267|[from] item: Life Orb
|faint|p1a: Blastoise
|
|
|switch|p1a: Noivern|Noivern, M|312\/312
|-item|p2a: Crawdaunt|Life Orb|[from] ability: Frisk|[of] p1a: Noivern|[identify]
|turn|13
|
|switch|p2a: Florges|Florges, F|360\/360
|move|p1a: Noivern|Draco Meteor|p2a: Florges
|-immune|p2a: Florges|[msg]
|
|turn|14
|
|switch|p1a: Amoonguss|Amoonguss, F|432\/432
|switch|p2a: Crawdaunt|Crawdaunt, M|241\/267
|
|turn|15
|
|switch|p2a: Mew|Mew|404\/404
|move|p1a: Amoonguss|Spore|p2a: Mew
|-status|p2a: Mew|slp
|
|turn|16
|
|cant|p2a: Mew|slp
|move|p1a: Amoonguss|Sludge Bomb|p2a: Mew
|-damage|p2a: Mew|343\/404 slp
|
|-heal|p2a: Mew|368\/404 slp|[from] item: Leftovers
|turn|17
|
|switch|p1a: Umbreon|Umbreon, M|126\/394 slp
|-curestatus|p2a: Mew|slp
|move|p2a: Mew|Knock Off|p1a: Umbreon
|-resisted|p1a: Umbreon
|-damage|p1a: Umbreon|94\/394 slp
|-enditem|p1a: Umbreon|Leftovers|[from] move: Knock Off|[of] p2a: Mew
|
|-heal|p2a: Mew|393\/404|[from] item: Leftovers
|turn|18
|
|switch|p2a: Crawdaunt|Crawdaunt, M|241\/267
|-curestatus|p1a: Umbreon|slp
|move|p1a: Umbreon|Wish|p1a: Umbreon
|
|turn|19
|
|move|p2a: Crawdaunt|Crabhammer|p1a: Umbreon
|-damage|p1a: Umbreon|0 fnt
|-damage|p2a: Crawdaunt|215\/267|[from] item: Life Orb
|faint|p1a: Umbreon
|
|
|switch|p1a: Metagross|Metagross|164\/364
|turn|20
|
|move|p1a: Metagross|Bullet Punch|p2a: Crawdaunt
|-resisted|p2a: Crawdaunt
|-damage|p2a: Crawdaunt|149\/267
|move|p2a: Crawdaunt|Knock Off|p1a: Metagross
|-supereffective|p1a: Metagross
|-damage|p1a: Metagross|0 fnt
|-damage|p2a: Crawdaunt|123\/267|[from] item: Life Orb
|faint|p1a: Metagross
|
|
|switch|p1a: Victini|Victini|57\/341 psn
|turn|21
|
|move|p2a: Crawdaunt|Aqua Jet|p1a: Victini
|-supereffective|p1a: Victini
|-damage|p1a: Victini|0 fnt
|-damage|p2a: Crawdaunt|97\/267|[from] item: Life Orb
|faint|p1a: Victini
|
|
|switch|p1a: Amoonguss|Amoonguss, F|432\/432
|turn|22
|
|switch|p2a: Mew|Mew|393\/404
|move|p1a: Amoonguss|Giga Drain|p2a: Mew
|-damage|p2a: Mew|347\/404
|
|-heal|p2a: Mew|372\/404|[from] item: Leftovers
|turn|23
|
|move|p2a: Mew|Thunder Wave|p1a: Amoonguss
|-status|p1a: Amoonguss|par
|move|p1a: Amoonguss|Toxic|p2a: Mew
|-status|p2a: Mew|tox
|
|-heal|p2a: Mew|397\/404 tox|[from] item: Leftovers
|-damage|p2a: Mew|372\/404 tox|[from] psn
|turn|24
|
|move|p2a: Mew|Knock Off|p1a: Amoonguss
|-crit|p1a: Amoonguss
|-damage|p1a: Amoonguss|345\/432 par
|-enditem|p1a: Amoonguss|Leftovers|[from] move: Knock Off|[of] p2a: Mew
|move|p1a: Amoonguss|Sludge Bomb|p2a: Mew
|-damage|p2a: Mew|314\/404 tox
|
|-heal|p2a: Mew|339\/404 tox|[from] item: Leftovers
|-damage|p2a: Mew|289\/404 tox|[from] psn
|turn|25
|
|move|p2a: Mew|Knock Off|p1a: Amoonguss
|-damage|p1a: Amoonguss|300\/432 par
|move|p1a: Amoonguss|Giga Drain|p2a: Mew
|-damage|p2a: Mew|235\/404 tox
|-heal|p1a: Amoonguss|327\/432 par|[from] drain|[of] p2a: Mew
|
|-heal|p2a: Mew|260\/404 tox|[from] item: Leftovers
|-damage|p2a: Mew|185\/404 tox|[from] psn
|turn|26
|
|move|p2a: Mew|Soft-Boiled|p2a: Mew
|-heal|p2a: Mew|387\/404 tox
|cant|p1a: Amoonguss|par
|
|-heal|p2a: Mew|404\/404 tox|[from] item: Leftovers
|-damage|p2a: Mew|304\/404 tox|[from] psn
|turn|27
|
|switch|p2a: Slowbro|Slowbro, M|259\/394
|move|p1a: Amoonguss|Giga Drain|p2a: Slowbro
|-supereffective|p2a: Slowbro
|-damage|p2a: Slowbro|107\/394
|-heal|p1a: Amoonguss|403\/432 par|[from] drain|[of] p2a: Slowbro
|
|-heal|p2a: Slowbro|131\/394|[from] item: Leftovers
|turn|28
|
|move|p2a: Slowbro|Psyshock|p1a: Amoonguss
|-supereffective|p1a: Amoonguss
|-damage|p1a: Amoonguss|241\/432 par
|cant|p1a: Amoonguss|par
|
|-heal|p2a: Slowbro|155\/394|[from] item: Leftovers
|turn|29
|
|move|p2a: Slowbro|Calm Mind|p2a: Slowbro
|-boost|p2a: Slowbro|spa|1
|-boost|p2a: Slowbro|spd|1
|move|p1a: Amoonguss|Giga Drain|p2a: Slowbro
|-supereffective|p2a: Slowbro
|-damage|p2a: Slowbro|35\/394
|-heal|p1a: Amoonguss|301\/432 par|[from] drain|[of] p2a: Slowbro
|
|-heal|p2a: Slowbro|59\/394|[from] item: Leftovers
|turn|30
|
|move|p2a: Slowbro|Slack Off|p2a: Slowbro
|-heal|p2a: Slowbro|256\/394
|move|p1a: Amoonguss|Giga Drain|p2a: Slowbro
|-supereffective|p2a: Slowbro
|-damage|p2a: Slowbro|146\/394
|-heal|p1a: Amoonguss|356\/432 par|[from] drain|[of] p2a: Slowbro
|
|-heal|p2a: Slowbro|170\/394|[from] item: Leftovers
|turn|31
|
|move|p2a: Slowbro|Slack Off|p2a: Slowbro
|-heal|p2a: Slowbro|367\/394
|cant|p1a: Amoonguss|par
|
|-heal|p2a: Slowbro|391\/394|[from] item: Leftovers
|turn|32
|
|move|p2a: Slowbro|Calm Mind|p2a: Slowbro
|-boost|p2a: Slowbro|spa|1
|-boost|p2a: Slowbro|spd|1
|move|p1a: Amoonguss|Spore|p2a: Slowbro
|-status|p2a: Slowbro|slp
|
|-heal|p2a: Slowbro|394\/394 slp|[from] item: Leftovers
|turn|33
|
|cant|p2a: Slowbro|slp
|move|p1a: Amoonguss|Giga Drain|p2a: Slowbro
|-supereffective|p2a: Slowbro
|-damage|p2a: Slowbro|314\/394 slp
|-heal|p1a: Amoonguss|396\/432 par|[from] drain|[of] p2a: Slowbro
|
|-heal|p2a: Slowbro|338\/394 slp|[from] item: Leftovers
|turn|34
|
|cant|p2a: Slowbro|slp
|cant|p1a: Amoonguss|par
|
|-heal|p2a: Slowbro|362\/394 slp|[from] item: Leftovers
|turn|35
|
|cant|p2a: Slowbro|slp
|cant|p1a: Amoonguss|par
|
|-heal|p2a: Slowbro|386\/394 slp|[from] item: Leftovers
|turn|36
|
|-curestatus|p2a: Slowbro|slp
|move|p2a: Slowbro|Psyshock|p1a: Amoonguss
|-crit|p1a: Amoonguss
|-supereffective|p1a: Amoonguss
|-damage|p1a: Amoonguss|0 fnt
|faint|p1a: Amoonguss
|
|-heal|p2a: Slowbro|394\/394|[from] item: Leftovers
|chat|Gordy Lifestyle|balalalalala
|chat|mrsword|gg
|chat|Gordy Lifestyle|gg
|chat|mrsword|what does balalalalala mean?
|chat|Gordy Lifestyle|gg
|chat|mrsword|?
|chat|Gordy Lifestyle|it means gg
|chat|mrsword|oh
|
|switch|p1a: Noivern|Noivern, M|312\/312
|-item|p2a: Slowbro|Leftovers|[from] ability: Frisk|[of] p1a: Noivern|[identify]
|turn|37
|chat|mrsword|I thought you were being a dick
|chat|mrsword|but it means gg
|chat|Gordy Lifestyle|totally
|chat|Gordy Lifestyle|so.... do you want to pick a move, forfeit, or time out?
|chat|mrsword|nah, I'm trying to figure out this balalalalala thing
|chat|mrsword|best thing I found is Crocodile Rock-Elton John lyrics
|chat|mrsword|but you said it means gg so it must be wrong
|chat|mrsword|hmm
|
|move|p1a: Noivern|Dark Pulse|p2a: Slowbro
|-supereffective|p2a: Slowbro
|-damage|p2a: Slowbro|240\/394
|move|p2a: Slowbro|Psyshock|p1a: Noivern
|-damage|p1a: Noivern|80\/312
|
|-heal|p2a: Slowbro|264\/394|[from] item: Leftovers
|turn|38
|chat|Gordy Lifestyle|don't try so hard. just go with it
|chat|mrsword|lol
|chat|mrsword|alright gordy
|chat|mrsword|balalalala
|chat|mrsword|^^
|-message|mrsword forfeited.
|
|win|Gordy Lifestyle
|raw|Ladder updating...
|leave|mrsword
|player|p1
|chat|Gordy Lifestyle|you got it juice j!
|raw|mrsword's rating: 1428 &rarr; <strong>1409<\/strong><br \/>(-19 for losing)
|raw|Gordy Lifestyle's rating: 1431 &rarr; <strong>1451<\/strong><br \/>(+20 for winning)