|join|st123
|join|Gordy Lifestyle
|player|p1|st123|153
|player|p2|Gordy Lifestyle|154
|gametype|singles
|gen|6
|tier|UU
|rated
|rule|Sleep Clause Mod: Limit one foe put to sleep
|rule|Species Clause: Limit one of each Pokemon
|rule|OHKO Clause: OHKO moves are banned
|rule|Moody Clause: Moody is banned
|rule|Evasion Moves Clause: Evasion moves are banned
|rule|Endless Battle Clause: Forcing endless battles is banned.
|rule|HP Percentage Mod: HP is reported as percentages
|clearpoke
|poke|p1|Salamence, M
|poke|p1|Forretress, M
|poke|p1|Absol, M
|poke|p1|Swampert, M
|poke|p1|Florges, F
|poke|p1|Heracross, M
|poke|p2|Slowbro, M
|poke|p2|Florges, F
|poke|p2|Roserade, M
|poke|p2|Escavalier, M
|poke|p2|Aerodactyl, M, shiny
|poke|p2|Hippowdon, F
|teampreview
|chat|Gordy Lifestyle|woah salamence is back?
|
|start
|switch|p1a: Swampert|Swampert, M|404\/404
|switch|p2a: Petrie|Aerodactyl, M, shiny|361\/361
|turn|1
|chat|st123|yea getting retested
|
|detailschange|p2a: Petrie|Aerodactyl-Mega, M, shiny
|message|Aerodactyl has Mega Evolved into Mega Aerodactyl!
|move|p2a: Petrie|Aerial Ace|p1a: Swampert
|-damage|p1a: Swampert|314\/404
|move|p1a: Swampert|Scald|p2a: Petrie
|-supereffective|p2a: Petrie
|-damage|p2a: Petrie|181\/361
|
|-heal|p1a: Swampert|339\/404|[from] item: Leftovers
|turn|2
|
|switch|p2a: Highgarden|Roserade, M|261\/261
|move|p1a: Swampert|Stealth Rock|p2a: Highgarden
|-sidestart|p2: Gordy Lifestyle|move: Stealth Rock
|
|-heal|p1a: Swampert|364\/404|[from] item: Leftovers
|turn|3
|
|switch|p1a: Forretress|Forretress, M|354\/354
|move|p2a: Highgarden|Hidden Power|p1a: Forretress
|-supereffective|p1a: Forretress
|-damage|p1a: Forretress|0 fnt
|-damage|p2a: Highgarden|235\/261|[from] item: Life Orb
|faint|p1a: Forretress
|
|
|switch|p1a: Salamence|Salamence, M|331\/331
|-ability|p1a: Salamence|Intimidate|[of] p2a: Highgarden
|-unboost|p2a: Highgarden|atk|1
|turn|4
|
|switch|p2a: Short Bus|Slowbro, M|393\/393
|-damage|p2a: Short Bus|344\/393|[from] Stealth Rock
|move|p1a: Salamence|Dragon Claw|p2a: Short Bus
|-damage|p2a: Short Bus|222\/393
|-damage|p1a: Salamence|298\/331|[from] item: Life Orb
|
|-heal|p2a: Short Bus|246\/393|[from] item: Leftovers
|turn|5
|
|move|p1a: Salamence|Draco Meteor|p2a: Short Bus
|-damage|p2a: Short Bus|0 fnt
|-unboost|p1a: Salamence|spa|2
|-damage|p1a: Salamence|265\/331|[from] item: Life Orb
|faint|p2a: Short Bus
|
|chat|Gordy Lifestyle|ah mixmence
|chat|st123|lol its terrifying
|
|switch|p2a: Freya|Florges, F|360\/360
|-damage|p2a: Freya|315\/360|[from] Stealth Rock
|turn|6
|chat|Gordy Lifestyle|yeah most people don't use it though. you usually see scarf
|
|switch|p2a: Highgarden|Roserade, M|235\/261
|-damage|p2a: Highgarden|203\/261|[from] Stealth Rock
|move|p1a: Salamence|Iron Tail|p2a: Highgarden
|-damage|p2a: Highgarden|0 fnt
|-damage|p1a: Salamence|232\/331|[from] item: Life Orb
|faint|p2a: Highgarden
|
|chat|st123|yea true
|chat|Gordy Lifestyle|fuck didn't even know it got that lol
|
|switch|p2a: KnightsOftheRound|Escavalier, M|343\/343
|-damage|p2a: KnightsOftheRound|301\/343|[from] Stealth Rock
|turn|7
|
|switch|p1a: Swampert|Swampert, M|364\/404
|move|p2a: KnightsOftheRound|Megahorn|p1a: Swampert|[miss]
|-miss|p2a: KnightsOftheRound|p1a: Swampert
|
|-heal|p1a: Swampert|389\/404|[from] item: Leftovers
|-heal|p2a: KnightsOftheRound|322\/343|[from] item: Leftovers
|turn|8
|
|move|p1a: Swampert|Earthquake|p2a: KnightsOftheRound
|-damage|p2a: KnightsOftheRound|220\/343
|move|p2a: KnightsOftheRound|Megahorn|p1a: Swampert
|-damage|p1a: Swampert|245\/404
|
|-heal|p1a: Swampert|270\/404|[from] item: Leftovers
|-heal|p2a: KnightsOftheRound|241\/343|[from] item: Leftovers
|turn|9
|
|move|p1a: Swampert|Scald|p2a: KnightsOftheRound
|-crit|p2a: KnightsOftheRound
|-damage|p2a: KnightsOftheRound|144\/343
|move|p2a: KnightsOftheRound|Megahorn|p1a: Swampert
|-damage|p1a: Swampert|117\/404
|
|-heal|p1a: Swampert|142\/404|[from] item: Leftovers
|-heal|p2a: KnightsOftheRound|165\/343|[from] item: Leftovers
|turn|10
|
|move|p1a: Swampert|Earthquake|p2a: KnightsOftheRound
|-damage|p2a: KnightsOftheRound|60\/343
|move|p2a: KnightsOftheRound|Rest|p2a: KnightsOftheRound
|-status|p2a: KnightsOftheRound|slp
|-heal|p2a: KnightsOftheRound|343\/343 slp|[silent]
|-status|p2a: KnightsOftheRound|slp|[from] move: Rest
|
|-heal|p1a: Swampert|167\/404|[from] item: Leftovers
|turn|11
|
|cant|p2a: KnightsOftheRound|slp
|move|p2a: KnightsOftheRound|Sleep Talk|p2a: KnightsOftheRound
|move|p2a: KnightsOftheRound|Rest|p2a: KnightsOftheRound|[from]Sleep Talk
|-fail|p2a: KnightsOftheRound
|move|p1a: Swampert|Roar|p2a: KnightsOftheRound
|drag|p2a: Freya|Florges, F|315\/360
|-damage|p2a: Freya|270\/360|[from] Stealth Rock
|
|-heal|p2a: Freya|292\/360|[from] item: Leftovers
|-heal|p1a: Swampert|192\/404|[from] item: Leftovers
|turn|12
|chat|Gordy Lifestyle|what kind of spread are you running for mixmence?
|chat|Gordy Lifestyle|just curious
|chat|st123|192 att\/ 64 spa max speed
|
|move|p2a: Freya|Moonblast|p1a: Swampert
|-damage|p1a: Swampert|68\/404
|move|p1a: Swampert|Earthquake|p2a: Freya
|-damage|p2a: Freya|168\/360
|
|-heal|p2a: Freya|190\/360|[from] item: Leftovers
|-heal|p1a: Swampert|93\/404|[from] item: Leftovers
|turn|13
|chat|Gordy Lifestyle|what nature?
|
|move|p2a: Freya|Moonblast|p1a: Swampert
|-damage|p1a: Swampert|0 fnt
|faint|p1a: Swampert
|
|-heal|p2a: Freya|212\/360|[from] item: Leftovers
|chat|st123|hasty
|
|switch|p1a: Salamence|Salamence, M|232\/331
|-ability|p1a: Salamence|Intimidate|[of] p2a: Freya
|-unboost|p2a: Freya|atk|1
|turn|14
|chat|Gordy Lifestyle|interesting
|
|move|p2a: Freya|Protect|p2a: Freya
|-singleturn|p2a: Freya|Protect
|move|p1a: Salamence|Iron Tail|p2a: Freya
|-activate|p2a: Freya|Protect
|
|-heal|p2a: Freya|234\/360|[from] item: Leftovers
|turn|15
|
|switch|p2a: KnightsOftheRound|Escavalier, M|343\/343 slp
|-damage|p2a: KnightsOftheRound|301\/343 slp|[from] Stealth Rock
|move|p1a: Salamence|Iron Tail|p2a: KnightsOftheRound
|-resisted|p2a: KnightsOftheRound
|-damage|p2a: KnightsOftheRound|233\/343 slp
|-unboost|p2a: KnightsOftheRound|def|1
|-damage|p1a: Salamence|199\/331|[from] item: Life Orb
|
|-heal|p2a: KnightsOftheRound|254\/343 slp|[from] item: Leftovers
|turn|16
|
|move|p1a: Salamence|Earthquake|p2a: KnightsOftheRound
|-damage|p2a: KnightsOftheRound|60\/343 slp
|-damage|p1a: Salamence|166\/331|[from] item: Life Orb
|cant|p2a: KnightsOftheRound|slp
|move|p2a: KnightsOftheRound|Sleep Talk|p2a: KnightsOftheRound
|move|p2a: KnightsOftheRound|Iron Head|p1a: Salamence|[from]Sleep Talk
|-damage|p1a: Salamence|12\/331
|
|-heal|p2a: KnightsOftheRound|81\/343 slp|[from] item: Leftovers
|turn|17
|
|move|p1a: Salamence|Earthquake|p2a: KnightsOftheRound
|-damage|p2a: KnightsOftheRound|0 fnt
|-damage|p1a: Salamence|0 fnt|[from] item: Life Orb
|faint|p2a: KnightsOftheRound
|faint|p1a: Salamence
|
|
|switch|p1a: Heracross|Heracross, M|302\/302
|switch|p2a: Freya|Florges, F|234\/360
|-damage|p2a: Freya|189\/360|[from] Stealth Rock
|turn|18
|
|move|p2a: Freya|Protect|p2a: Freya
|-singleturn|p2a: Freya|Protect
|move|p1a: Heracross|Stone Edge|p2a: Freya
|-activate|p2a: Freya|Protect
|
|-heal|p2a: Freya|211\/360|[from] item: Leftovers
|turn|19
|
|move|p1a: Heracross|Stone Edge|p2a: Freya|[miss]
|-miss|p1a: Heracross|p2a: Freya
|move|p2a: Freya|Wish|p2a: Freya
|
|-heal|p2a: Freya|233\/360|[from] item: Leftovers
|turn|20
|chat|Gordy Lifestyle|yikes sorry
|
|switch|p1a: Florges|Florges, F|360\/360
|move|p2a: Freya|Moonblast|p1a: Florges
|-damage|p1a: Florges|281\/360
|
|-heal|p2a: Freya|360\/360|[from] move: Wish|[wisher] Freya
|-heal|p1a: Florges|303\/360|[from] item: Leftovers
|turn|21
|chat|st123|its ok lol
|chat|st123|it wasnt gonna ko
|
|switch|p2a: Petrie|Aerodactyl-Mega, M, shiny|181\/361
|-damage|p2a: Petrie|91\/361|[from] Stealth Rock
|move|p1a: Florges|Wish|p1a: Florges
|
|-heal|p1a: Florges|325\/360|[from] item: Leftovers
|turn|22
|
|move|p2a: Petrie|Defog|p1a: Florges
|-unboost|p1a: Florges|evasion|1
|-sideend|p2: Gordy Lifestyle|Stealth Rock|[from] move: Defog|[of] p2a: Petrie
|move|p1a: Florges|Moonblast|p2a: Petrie
|-damage|p2a: Petrie|0 fnt
|faint|p2a: Petrie
|
|-heal|p1a: Florges|360\/360|[from] move: Wish|[wisher] Florges
|
|switch|p2a: Hungry Hungry|Hippowdon, F|417\/417
|-weather|Sandstorm
|turn|23
|
|move|p1a: Florges|Moonblast|p2a: Hungry Hungry
|-damage|p2a: Hungry Hungry|303\/417
|-unboost|p2a: Hungry Hungry|spa|1
|move|p2a: Hungry Hungry|Stealth Rock|p1a: Florges
|-sidestart|p1: st123|move: Stealth Rock
|
|-weather|Sandstorm|[upkeep]
|-damage|p1a: Florges|338\/360|[from] sandstorm
|-heal|p1a: Florges|360\/360|[from] item: Leftovers
|-heal|p2a: Hungry Hungry|329\/417|[from] item: Leftovers
|turn|24
|chat|st123|gg ill get stalled out lol
|chat|Gordy Lifestyle|lol gg
|-message|st123 forfeited.
|
|win|Gordy Lifestyle
|raw|Ladder updating...
|raw|st123's rating: 1657 &rarr; <strong>1630<\/strong><br \/>(-27 for losing)
|raw|Gordy Lifestyle's rating: 1522 &rarr; <strong>1549<\/strong><br \/>(+27 for winning)
|leave|st123
|player|p1