|join|Gordy Lifestyle
|join|ugly hoe
|player|p1|Gordy Lifestyle|154
|player|p2|ugly hoe|2
|gametype|singles
|gen|6
|tier|UU
|rated
|rule|Sleep Clause Mod: Limit one foe put to sleep
|rule|Species Clause: Limit one of each Pokemon
|rule|OHKO Clause: OHKO moves are banned
|rule|Moody Clause: Moody is banned
|rule|Evasion Moves Clause: Evasion moves are banned
|rule|Endless Battle Clause: Forcing endless battles is banned.
|rule|HP Percentage Mod: HP is reported as percentages
|clearpoke
|poke|p1|Virizion
|poke|p1|Gardevoir, M, shiny
|poke|p1|Aerodactyl, M, shiny
|poke|p1|Florges, F
|poke|p1|Mew
|poke|p1|Quagsire, M
|poke|p2|Ampharos, F
|poke|p2|Eelektross, F
|poke|p2|Crawdaunt, F
|poke|p2|Jirachi, shiny
|poke|p2|Gligar, M
|poke|p2|Darmanitan, M, shiny
|teampreview
|join|Goosbah
|
|start
|switch|p1a: Petrie|Aerodactyl, M, shiny|361\/361
|switch|p2a: Darmanitan|Darmanitan, M, shiny|351\/351
|-ability|p1a: Petrie|Unnerve|p2: ugly hoe
|turn|1
|chat|Goosbah|gligar for ubbers
|
|detailschange|p1a: Petrie|Aerodactyl-Mega, M, shiny
|message|Aerodactyl has Mega Evolved into Mega Aerodactyl!
|move|p2a: Darmanitan|U-turn|p1a: Petrie
|-resisted|p1a: Petrie
|-damage|p1a: Petrie|326\/361
|
|switch|p2a: Carlos Mencia|Gligar, M|333\/333
|move|p1a: Petrie|Stealth Rock|p2a: Carlos Mencia
|-sidestart|p2: ugly hoe|move: Stealth Rock
|
|turn|2
|
|switch|p1a: Mewone|Mew|404\/404
|move|p2a: Carlos Mencia|Defog|p1a: Mewone
|-unboost|p1a: Mewone|evasion|1
|-sideend|p2: ugly hoe|Stealth Rock|[from] move: Defog|[of] p2a: Carlos Mencia
|
|turn|3
|
|move|p1a: Mewone|Knock Off|p2a: Carlos Mencia
|-damage|p2a: Carlos Mencia|299\/333
|-enditem|p2a: Carlos Mencia|Eviolite|[from] move: Knock Off|[of] p1a: Mewone
|move|p2a: Carlos Mencia|U-turn|p1a: Mewone
|-supereffective|p1a: Mewone
|-damage|p1a: Mewone|330\/404
|
|switch|p2a: guacamole me...|Ampharos, F|384\/384
|
|-heal|p1a: Mewone|355\/404|[from] item: Leftovers
|turn|4
|
|switch|p1a: Freya|Florges, F|360\/360
|switch|p2a: jumanji|Jirachi, shiny|342\/342
|
|turn|5
|
|switch|p1a: Blimpee|Quagsire, M|394\/394
|move|p2a: jumanji|Substitute|p2a: jumanji
|-start|p2a: jumanji|Substitute
|-damage|p2a: jumanji|257\/342
|
|-heal|p2a: jumanji|278\/342|[from] item: Leftovers
|turn|6
|
|move|p2a: jumanji|Energy Ball|p1a: Blimpee
|-supereffective|p1a: Blimpee
|-damage|p1a: Blimpee|0 fnt
|faint|p1a: Blimpee
|
|-heal|p2a: jumanji|299\/342|[from] item: Leftovers
|
|switch|p1a: Trance Kuja|Gardevoir, M, shiny|340\/340
|-ability|p1a: Trance Kuja|Serene Grace|[from] ability: Trace|[of] p2a: jumanji
|turn|7
|
|move|p2a: jumanji|Calm Mind|p2a: jumanji
|-boost|p2a: jumanji|spa|1
|-boost|p2a: jumanji|spd|1
|move|p1a: Trance Kuja|Shadow Ball|p2a: jumanji
|-supereffective|p2a: jumanji
|-end|p2a: jumanji|Substitute
|
|-heal|p2a: jumanji|320\/342|[from] item: Leftovers
|turn|8
|
|switch|p2a: yolanda|Eelektross, F|374\/374
|move|p1a: Trance Kuja|Shadow Ball|p2a: yolanda
|-damage|p2a: yolanda|285\/374
|-unboost|p2a: yolanda|spd|1
|
|turn|9
|
|move|p1a: Trance Kuja|Moonblast|p2a: yolanda
|-damage|p2a: yolanda|59\/374
|move|p2a: yolanda|Volt Switch|p1a: Trance Kuja
|-damage|p1a: Trance Kuja|267\/340
|
|switch|p2a: Darmanitan|Darmanitan, M, shiny|351\/351
|
|turn|10
|
|switch|p1a: Petrie|Aerodactyl-Mega, M, shiny|326\/361
|move|p2a: Darmanitan|Flare Blitz|p1a: Petrie
|-resisted|p1a: Petrie
|-damage|p1a: Petrie|200\/361
|-damage|p2a: Darmanitan|309\/351|[from] recoil|[of] p1a: Petrie
|
|turn|11
|chat|ugly hoe|my friend that fossil is bulky
|
|switch|p2a: yolanda|Eelektross, F|59\/374
|move|p1a: Petrie|Roost|p1a: Petrie
|-heal|p1a: Petrie|361\/361
|
|turn|12
|chat|Gordy Lifestyle|it's the goatee
|
|move|p1a: Petrie|Aerial Ace|p2a: yolanda
|-resisted|p2a: yolanda
|-damage|p2a: yolanda|0 fnt
|faint|p2a: yolanda
|
|
|switch|p2a: guacamole me...|Ampharos, F|384\/384
|turn|13
|chat|ugly hoe|oh yes i forgot i had a gilgar
|
|switch|p1a: Freya|Florges, F|360\/360
|-ability|p2a: guacamole me...|Mold Breaker
|detailschange|p2a: guacamole me...|Ampharos-Mega, F
|message|Ampharos has Mega Evolved into Mega Ampharos!
|move|p2a: guacamole me...|Charge Beam|p1a: Freya
|-damage|p1a: Freya|302\/360
|-boost|p2a: guacamole me...|spa|1
|
|-heal|p1a: Freya|324\/360|[from] item: Leftovers
|turn|14
|
|switch|p2a: jumanji|Jirachi, shiny|320\/342
|move|p1a: Freya|Moonblast|p2a: jumanji
|-resisted|p2a: jumanji
|-damage|p2a: jumanji|243\/342
|
|-heal|p2a: jumanji|264\/342|[from] item: Leftovers
|-heal|p1a: Freya|346\/360|[from] item: Leftovers
|turn|15
|
|switch|p1a: Trance Kuja|Gardevoir, M, shiny|267\/340
|-ability|p1a: Trance Kuja|Serene Grace|[from] ability: Trace|[of] p2a: jumanji
|move|p2a: jumanji|Substitute|p2a: jumanji
|-start|p2a: jumanji|Substitute
|-damage|p2a: jumanji|179\/342
|
|-heal|p2a: jumanji|200\/342|[from] item: Leftovers
|turn|16
|
|move|p2a: jumanji|Energy Ball|p1a: Trance Kuja
|-damage|p1a: Trance Kuja|218\/340
|move|p1a: Trance Kuja|Shadow Ball|p2a: jumanji
|-supereffective|p2a: jumanji
|-end|p2a: jumanji|Substitute
|
|-heal|p2a: jumanji|221\/342|[from] item: Leftovers
|turn|17
|
|switch|p2a: guacamole me...|Ampharos-Mega, F|384\/384
|-ability|p2a: guacamole me...|Mold Breaker
|move|p1a: Trance Kuja|Moonblast|p2a: guacamole me...
|-supereffective|p2a: guacamole me...
|-damage|p2a: guacamole me...|36\/384
|-unboost|p2a: guacamole me...|spa|1
|
|turn|18
|leave|Goosbah
|
|move|p1a: Trance Kuja|Moonblast|p2a: guacamole me...
|-crit|p2a: guacamole me...
|-supereffective|p2a: guacamole me...
|-damage|p2a: guacamole me...|0 fnt
|faint|p2a: guacamole me...
|
|
|switch|p2a: Darmanitan|Darmanitan, M, shiny|309\/351
|turn|19
|
|switch|p1a: Petrie|Aerodactyl-Mega, M, shiny|361\/361
|move|p2a: Darmanitan|U-turn|p1a: Petrie
|-resisted|p1a: Petrie
|-damage|p1a: Petrie|328\/361
|
|switch|p2a: SIR DONOVAN|Crawdaunt, F|268\/268
|
|turn|20
|
|switch|p1a: Virizion|Virizion|386\/386
|move|p2a: SIR DONOVAN|Crabhammer|p1a: Virizion
|-resisted|p1a: Virizion
|-damage|p1a: Virizion|156\/386
|
|-heal|p1a: Virizion|180\/386|[from] item: Leftovers
|turn|21
|
|switch|p2a: Darmanitan|Darmanitan, M, shiny|309\/351
|move|p1a: Virizion|Close Combat|p2a: Darmanitan
|-damage|p2a: Darmanitan|0 fnt
|-unboost|p1a: Virizion|def|1
|-unboost|p1a: Virizion|spd|1
|faint|p2a: Darmanitan
|
|-heal|p1a: Virizion|204\/386|[from] item: Leftovers
|
|switch|p2a: Carlos Mencia|Gligar, M|299\/333
|turn|22
|
|switch|p1a: Mewone|Mew|355\/404
|move|p2a: Carlos Mencia|U-turn|p1a: Mewone
|-supereffective|p1a: Mewone
|-damage|p1a: Mewone|277\/404
|
|switch|p2a: SIR DONOVAN|Crawdaunt, F|268\/268
|
|-heal|p1a: Mewone|302\/404|[from] item: Leftovers
|turn|23
|
|move|p1a: Mewone|Thunder Wave|p2a: SIR DONOVAN
|-status|p2a: SIR DONOVAN|par
|move|p2a: SIR DONOVAN|Knock Off|p1a: Mewone
|-crit|p1a: Mewone
|-supereffective|p1a: Mewone
|-damage|p1a: Mewone|0 fnt
|faint|p1a: Mewone
|
|
|switch|p1a: Virizion|Virizion|204\/386
|turn|24
|
|switch|p2a: Carlos Mencia|Gligar, M|299\/333
|move|p1a: Virizion|Leaf Blade|p2a: Carlos Mencia
|-damage|p2a: Carlos Mencia|209\/333
|
|-heal|p1a: Virizion|228\/386|[from] item: Leftovers
|turn|25
|
|move|p1a: Virizion|Swords Dance|p1a: Virizion
|-boost|p1a: Virizion|atk|2
|move|p2a: Carlos Mencia|U-turn|p1a: Virizion
|-damage|p1a: Virizion|172\/386
|
|switch|p2a: jumanji|Jirachi, shiny|221\/342
|
|-heal|p2a: jumanji|242\/342|[from] item: Leftovers
|-heal|p1a: Virizion|196\/386|[from] item: Leftovers
|turn|26
|
|switch|p1a: Trance Kuja|Gardevoir, M, shiny|218\/340
|-ability|p1a: Trance Kuja|Serene Grace|[from] ability: Trace|[of] p2a: jumanji
|move|p2a: jumanji|Psyshock|p1a: Trance Kuja
|-resisted|p1a: Trance Kuja
|-damage|p1a: Trance Kuja|131\/340
|
|-heal|p2a: jumanji|263\/342|[from] item: Leftovers
|turn|27
|
|switch|p2a: SIR DONOVAN|Crawdaunt, F|268\/268 par
|move|p1a: Trance Kuja|Shadow Ball|p2a: SIR DONOVAN
|-resisted|p2a: SIR DONOVAN
|-damage|p2a: SIR DONOVAN|183\/268 par
|
|turn|28
|
|switch|p1a: Virizion|Virizion|196\/386
|move|p2a: SIR DONOVAN|Aqua Jet|p1a: Virizion
|-resisted|p1a: Virizion
|-damage|p1a: Virizion|99\/386
|
|-heal|p1a: Virizion|123\/386|[from] item: Leftovers
|turn|29
|
|switch|p2a: Carlos Mencia|Gligar, M|209\/333
|move|p1a: Virizion|Leaf Blade|p2a: Carlos Mencia
|-damage|p2a: Carlos Mencia|119\/333
|
|-heal|p1a: Virizion|147\/386|[from] item: Leftovers
|turn|30
|
|move|p1a: Virizion|Substitute|p1a: Virizion
|-start|p1a: Virizion|Substitute
|-damage|p1a: Virizion|51\/386
|move|p2a: Carlos Mencia|Roost|p2a: Carlos Mencia
|-heal|p2a: Carlos Mencia|286\/333
|
|-heal|p1a: Virizion|75\/386|[from] item: Leftovers
|turn|31
|
|move|p1a: Virizion|Swords Dance|p1a: Virizion
|-boost|p1a: Virizion|atk|2
|move|p2a: Carlos Mencia|Earthquake|p1a: Virizion
|-resisted|p1a: Virizion
|-activate|p1a: Virizion|Substitute|[damage]
|
|-heal|p1a: Virizion|99\/386|[from] item: Leftovers
|turn|32
|
|move|p1a: Virizion|Swords Dance|p1a: Virizion
|-boost|p1a: Virizion|atk|2
|move|p2a: Carlos Mencia|Earthquake|p1a: Virizion
|-resisted|p1a: Virizion
|-end|p1a: Virizion|Substitute
|
|-heal|p1a: Virizion|123\/386|[from] item: Leftovers
|turn|33
|
|move|p1a: Virizion|Substitute|p1a: Virizion
|-start|p1a: Virizion|Substitute
|-damage|p1a: Virizion|27\/386
|move|p2a: Carlos Mencia|Earthquake|p1a: Virizion
|-resisted|p1a: Virizion
|-activate|p1a: Virizion|Substitute|[damage]
|
|-heal|p1a: Virizion|51\/386|[from] item: Leftovers
|turn|34
|
|move|p1a: Virizion|Leaf Blade|p2a: Carlos Mencia
|-damage|p2a: Carlos Mencia|0 fnt
|faint|p2a: Carlos Mencia
|
|-heal|p1a: Virizion|75\/386|[from] item: Leftovers
|
|switch|p2a: SIR DONOVAN|Crawdaunt, F|183\/268 par
|turn|35
|
|move|p2a: SIR DONOVAN|Aqua Jet|p1a: Virizion
|-resisted|p1a: Virizion
|-end|p1a: Virizion|Substitute
|move|p1a: Virizion|Leaf Blade|p2a: SIR DONOVAN
|-supereffective|p2a: SIR DONOVAN
|-damage|p2a: SIR DONOVAN|0 fnt
|faint|p2a: SIR DONOVAN
|
|-heal|p1a: Virizion|99\/386|[from] item: Leftovers
|
|switch|p2a: jumanji|Jirachi, shiny|263\/342
|turn|36
|
|move|p2a: jumanji|Psyshock|p1a: Virizion
|-supereffective|p1a: Virizion
|-damage|p1a: Virizion|0 fnt
|faint|p1a: Virizion
|
|-heal|p2a: jumanji|284\/342|[from] item: Leftovers
|
|switch|p1a: Trance Kuja|Gardevoir, M, shiny|131\/340
|-ability|p1a: Trance Kuja|Serene Grace|[from] ability: Trace|[of] p2a: jumanji
|turn|37
|
|move|p2a: jumanji|Calm Mind|p2a: jumanji
|-boost|p2a: jumanji|spa|1
|-boost|p2a: jumanji|spd|1
|move|p1a: Trance Kuja|Shadow Ball|p2a: jumanji
|-supereffective|p2a: jumanji
|-damage|p2a: jumanji|142\/342
|
|-heal|p2a: jumanji|163\/342|[from] item: Leftovers
|turn|38
|
|move|p2a: jumanji|Psyshock|p1a: Trance Kuja
|-resisted|p1a: Trance Kuja
|-damage|p1a: Trance Kuja|14\/340
|move|p1a: Trance Kuja|Shadow Ball|p2a: jumanji
|-supereffective|p2a: jumanji
|-damage|p2a: jumanji|21\/342
|-unboost|p2a: jumanji|spd|1
|
|-heal|p2a: jumanji|42\/342|[from] item: Leftovers
|turn|39
|
|move|p2a: jumanji|Psyshock|p1a: Trance Kuja
|-resisted|p1a: Trance Kuja
|-damage|p1a: Trance Kuja|0 fnt
|faint|p1a: Trance Kuja
|
|-heal|p2a: jumanji|63\/342|[from] item: Leftovers
|
|switch|p1a: Petrie|Aerodactyl-Mega, M, shiny|328\/361
|turn|40
|
|move|p1a: Petrie|Aerial Ace|p2a: jumanji
|-resisted|p2a: jumanji
|-damage|p2a: jumanji|0 fnt
|faint|p2a: jumanji
|
|win|Gordy Lifestyle
|raw|Ladder updating...
|raw|Gordy Lifestyle's rating: 1492 &rarr; <strong>1502<\/strong><br \/>(+10 for winning)
|raw|ugly hoe's rating: 1297 &rarr; <strong>1285<\/strong><br \/>(-12 for losing)
|chat|ugly hoe|gg friend
|chat|Gordy Lifestyle|gg
|leave|ugly hoe
|player|p2