|join|Gordy Lifestyle
|join|Legendstufff
|player|p1|Gordy Lifestyle|154
|player|p2|Legendstufff|154
|gametype|singles
|gen|6
|tier|UU
|rated
|rule|Sleep Clause Mod: Limit one foe put to sleep
|rule|Species Clause: Limit one of each Pokemon
|rule|OHKO Clause: OHKO moves are banned
|rule|Moody Clause: Moody is banned
|rule|Evasion Moves Clause: Evasion moves are banned
|rule|Endless Battle Clause: Forcing endless battles is banned.
|rule|HP Percentage Mod: HP is reported as percentages
|clearpoke
|poke|p1|Crawdaunt, M
|poke|p1|Roserade, F
|poke|p1|Crobat, F
|poke|p1|Florges, F
|poke|p1|Mew
|poke|p1|Slowbro, F
|poke|p2|Froslass, F
|poke|p2|Hydreigon, M
|poke|p2|Entei, shiny
|poke|p2|Blastoise, F
|poke|p2|Metagross
|poke|p2|Porygon-Z
|teampreview
|chat|Legendstufff|gl hf
|chat|Gordy Lifestyle|u2
|
|start
|switch|p1a: Crobat|Crobat, F|311\/311
|switch|p2a: Froslass|Froslass, F|281\/281
|turn|1
|
|move|p1a: Crobat|Brave Bird|p2a: Froslass
|-damage|p2a: Froslass|76\/281
|-damage|p1a: Crobat|243\/311|[from] recoil|[of] p2a: Froslass
|move|p2a: Froslass|Ice Beam|p1a: Crobat
|-supereffective|p1a: Crobat
|-damage|p1a: Crobat|0 fnt
|faint|p1a: Crobat
|
|
|switch|p1a: Crawdaunt|Crawdaunt, M|267\/267
|turn|2
|
|move|p1a: Crawdaunt|Aqua Jet|p2a: Froslass
|-damage|p2a: Froslass|0 fnt
|-damage|p1a: Crawdaunt|241\/267|[from] item: Life Orb
|faint|p2a: Froslass
|
|
|switch|p2a: Blastoise|Blastoise, F|362\/362
|turn|3
|
|switch|p1a: Florges|Florges, F|360\/360
|switch|p2a: Metagross|Metagross|364\/364
|
|turn|4
|
|switch|p1a: Slowbro|Slowbro, F|394\/394
|move|p2a: Metagross|Earthquake|p1a: Slowbro
|-damage|p1a: Slowbro|305\/394
|
|-heal|p1a: Slowbro|329\/394|[from] item: Leftovers
|turn|5
|
|move|p2a: Metagross|Stealth Rock|p1a: Slowbro
|-sidestart|p1: Gordy Lifestyle|move: Stealth Rock
|move|p1a: Slowbro|Scald|p2a: Metagross
|-damage|p2a: Metagross|280\/364
|
|-heal|p2a: Metagross|302\/364|[from] item: Leftovers
|-heal|p1a: Slowbro|353\/394|[from] item: Leftovers
|turn|6
|
|switch|p2a: Blastoise|Blastoise, F|362\/362
|move|p1a: Slowbro|Scald|p2a: Blastoise
|-resisted|p2a: Blastoise
|-damage|p2a: Blastoise|316\/362
|
|-heal|p1a: Slowbro|377\/394|[from] item: Leftovers
|turn|7
|
|switch|p1a: Florges|Florges, F|360\/360
|-damage|p1a: Florges|315\/360|[from] Stealth Rock
|detailschange|p2a: Blastoise|Blastoise-Mega, F
|message|Blastoise has Mega Evolved into Mega Blastoise!
|move|p2a: Blastoise|Dark Pulse|p1a: Florges
|-resisted|p1a: Florges
|-damage|p1a: Florges|263\/360
|
|-heal|p1a: Florges|285\/360|[from] item: Leftovers
|turn|8
|
|switch|p2a: Entei|Entei, shiny|371\/371
|-ability|p2a: Entei|Pressure
|move|p1a: Florges|Wish|p1a: Florges
|
|-heal|p1a: Florges|307\/360|[from] item: Leftovers
|turn|9
|
|switch|p1a: Slowbro|Slowbro, F|394\/394
|-damage|p1a: Slowbro|345\/394|[from] Stealth Rock
|move|p2a: Entei|Extreme Speed|p1a: Slowbro
|-damage|p1a: Slowbro|245\/394
|
|-heal|p1a: Slowbro|394\/394|[from] move: Wish|[wisher] Florges
|turn|10
|
|switch|p2a: Hydreigon|Hydreigon, M|325\/325
|move|p1a: Slowbro|Scald|p2a: Hydreigon
|-resisted|p2a: Hydreigon
|-damage|p2a: Hydreigon|276\/325
|
|turn|11
|
|move|p2a: Hydreigon|U-turn|p1a: Slowbro
|-supereffective|p1a: Slowbro
|-damage|p1a: Slowbro|324\/394
|
|switch|p2a: Porygon-Z|Porygon-Z|344\/344
|move|p1a: Slowbro|Slack Off|p1a: Slowbro
|-heal|p1a: Slowbro|394\/394
|
|turn|12
|
|move|p2a: Porygon-Z|Agility|p2a: Porygon-Z
|-boost|p2a: Porygon-Z|spe|2
|move|p1a: Slowbro|Scald|p2a: Porygon-Z
|-damage|p2a: Porygon-Z|215\/344
|
|turn|13
|
|move|p2a: Porygon-Z|Nasty Plot|p2a: Porygon-Z
|-boost|p2a: Porygon-Z|spa|2
|move|p1a: Slowbro|Scald|p2a: Porygon-Z
|-damage|p2a: Porygon-Z|98\/344
|
|turn|14
|
|switch|p1a: Roserade|Roserade, F|261\/261
|-damage|p1a: Roserade|229\/261|[from] Stealth Rock
|move|p2a: Porygon-Z|Dark Pulse|p1a: Roserade
|-damage|p1a: Roserade|34\/261
|
|turn|15
|
|move|p2a: Porygon-Z|Tri Attack|p1a: Roserade
|-damage|p1a: Roserade|0 fnt
|faint|p1a: Roserade
|
|
|switch|p1a: Crawdaunt|Crawdaunt, M|241\/267
|-damage|p1a: Crawdaunt|208\/267|[from] Stealth Rock
|turn|16
|
|move|p1a: Crawdaunt|Aqua Jet|p2a: Porygon-Z
|-damage|p2a: Porygon-Z|0 fnt
|-damage|p1a: Crawdaunt|182\/267|[from] item: Life Orb
|faint|p2a: Porygon-Z
|
|
|switch|p2a: Hydreigon|Hydreigon, M|276\/325
|turn|17
|
|switch|p1a: Florges|Florges, F|307\/360
|-damage|p1a: Florges|262\/360|[from] Stealth Rock
|move|p2a: Hydreigon|U-turn|p1a: Florges
|-resisted|p1a: Florges
|-damage|p1a: Florges|229\/360
|
|switch|p2a: Entei|Entei, shiny|371\/371
|-ability|p2a: Entei|Pressure
|
|-heal|p1a: Florges|251\/360|[from] item: Leftovers
|turn|18
|
|move|p1a: Florges|Protect|p1a: Florges
|-singleturn|p1a: Florges|Protect
|move|p2a: Entei|Sacred Fire|p1a: Florges
|-activate|p1a: Florges|Protect
|
|-heal|p1a: Florges|273\/360|[from] item: Leftovers
|turn|19
|
|switch|p2a: Blastoise|Blastoise-Mega, F|316\/362
|switch|p1a: Slowbro|Slowbro, F|394\/394
|-damage|p1a: Slowbro|345\/394|[from] Stealth Rock
|
|-heal|p1a: Slowbro|369\/394|[from] item: Leftovers
|turn|20
|
|move|p2a: Blastoise|Scald|p1a: Slowbro
|-resisted|p1a: Slowbro
|-damage|p1a: Slowbro|271\/394
|move|p1a: Slowbro|Scald|p2a: Blastoise
|-resisted|p2a: Blastoise
|-damage|p2a: Blastoise|274\/362
|
|-heal|p1a: Slowbro|295\/394|[from] item: Leftovers
|turn|21
|
|switch|p1a: Florges|Florges, F|273\/360
|-damage|p1a: Florges|228\/360|[from] Stealth Rock
|move|p2a: Blastoise|Dark Pulse|p1a: Florges
|-resisted|p1a: Florges
|-damage|p1a: Florges|170\/360
|
|-heal|p1a: Florges|192\/360|[from] item: Leftovers
|turn|22
|
|move|p2a: Blastoise|Scald|p1a: Florges
|-damage|p1a: Florges|90\/360
|-status|p1a: Florges|brn
|move|p1a: Florges|Wish|p1a: Florges
|
|-heal|p1a: Florges|112\/360 brn|[from] item: Leftovers
|-damage|p1a: Florges|67\/360 brn|[from] brn
|turn|23
|
|move|p1a: Florges|Protect|p1a: Florges
|-singleturn|p1a: Florges|Protect
|move|p2a: Blastoise|Scald|p1a: Florges
|-activate|p1a: Florges|Protect
|
|-heal|p1a: Florges|247\/360 brn|[from] move: Wish|[wisher] Florges
|-heal|p1a: Florges|269\/360 brn|[from] item: Leftovers
|-damage|p1a: Florges|224\/360 brn|[from] brn
|turn|24
|
|move|p2a: Blastoise|Scald|p1a: Florges
|-damage|p1a: Florges|113\/360 brn
|move|p1a: Florges|Wish|p1a: Florges
|
|-heal|p1a: Florges|135\/360 brn|[from] item: Leftovers
|-damage|p1a: Florges|90\/360 brn|[from] brn
|turn|25
|
|switch|p2a: Metagross|Metagross|302\/364
|move|p1a: Florges|Protect|p1a: Florges
|-fail|p1a: Florges
|
|-heal|p1a: Florges|270\/360 brn|[from] move: Wish|[wisher] Florges
|-heal|p1a: Florges|292\/360 brn|[from] item: Leftovers
|-heal|p2a: Metagross|324\/364|[from] item: Leftovers
|-damage|p1a: Florges|247\/360 brn|[from] brn
|turn|26
|
|switch|p1a: Slowbro|Slowbro, F|394\/394
|-damage|p1a: Slowbro|345\/394|[from] Stealth Rock
|switch|p2a: Blastoise|Blastoise-Mega, F|274\/362
|
|-heal|p1a: Slowbro|369\/394|[from] item: Leftovers
|turn|27
|
|move|p2a: Blastoise|Dark Pulse|p1a: Slowbro
|-supereffective|p1a: Slowbro
|-damage|p1a: Slowbro|0 fnt
|faint|p1a: Slowbro
|
|
|switch|p1a: Mew|Mew|404\/404
|-damage|p1a: Mew|354\/404|[from] Stealth Rock
|turn|28
|
|move|p1a: Mew|Thunder Wave|p2a: Blastoise
|-status|p2a: Blastoise|par
|move|p2a: Blastoise|Dark Pulse|p1a: Mew
|-supereffective|p1a: Mew
|-damage|p1a: Mew|136\/404
|
|-heal|p1a: Mew|161\/404|[from] item: Leftovers
|turn|29
|
|move|p1a: Mew|Soft-Boiled|p1a: Mew
|-heal|p1a: Mew|363\/404
|cant|p2a: Blastoise|par
|
|-heal|p1a: Mew|388\/404|[from] item: Leftovers
|turn|30
|
|move|p1a: Mew|Defog|p2a: Blastoise
|-unboost|p2a: Blastoise|evasion|1
|-sideend|p1: Gordy Lifestyle|Stealth Rock|[from] move: Defog|[of] p1a: Mew
|move|p2a: Blastoise|Dark Pulse|p1a: Mew
|-supereffective|p1a: Mew
|-damage|p1a: Mew|144\/404
|
|-heal|p1a: Mew|169\/404|[from] item: Leftovers
|turn|31
|
|switch|p1a: Florges|Florges, F|247\/360 brn
|cant|p2a: Blastoise|par
|
|-heal|p1a: Florges|269\/360 brn|[from] item: Leftovers
|-damage|p1a: Florges|224\/360 brn|[from] brn
|turn|32
|
|move|p1a: Florges|Aromatherapy|p1a: Florges
|-cureteam|p1a: Florges|[from] move: Aromatherapy
|move|p2a: Blastoise|Scald|p1a: Florges
|-damage|p1a: Florges|116\/360
|
|-heal|p1a: Florges|138\/360|[from] item: Leftovers
|turn|33
|
|move|p1a: Florges|Wish|p1a: Florges
|move|p2a: Blastoise|Scald|p1a: Florges
|-damage|p1a: Florges|20\/360
|
|-heal|p1a: Florges|42\/360|[from] item: Leftovers
|turn|34
|
|move|p1a: Florges|Protect|p1a: Florges
|-singleturn|p1a: Florges|Protect
|move|p2a: Blastoise|Dark Pulse|p1a: Florges
|-activate|p1a: Florges|Protect
|
|-heal|p1a: Florges|222\/360|[from] move: Wish|[wisher] Florges
|-heal|p1a: Florges|244\/360|[from] item: Leftovers
|turn|35
|
|move|p1a: Florges|Moonblast|p2a: Blastoise
|-damage|p2a: Blastoise|147\/362 par
|move|p2a: Blastoise|Scald|p1a: Florges
|-damage|p1a: Florges|141\/360
|
|-heal|p1a: Florges|163\/360|[from] item: Leftovers
|turn|36
|
|switch|p2a: Metagross|Metagross|324\/364
|move|p1a: Florges|Wish|p1a: Florges
|
|-heal|p1a: Florges|185\/360|[from] item: Leftovers
|-heal|p2a: Metagross|346\/364|[from] item: Leftovers
|turn|37
|
|move|p1a: Florges|Protect|p1a: Florges
|-singleturn|p1a: Florges|Protect
|move|p2a: Metagross|Meteor Mash|p1a: Florges
|-activate|p1a: Florges|Protect
|
|-heal|p1a: Florges|360\/360|[from] move: Wish|[wisher] Florges
|-heal|p2a: Metagross|364\/364|[from] item: Leftovers
|turn|38
|
|switch|p1a: Mew|Mew|169\/404
|move|p2a: Metagross|Meteor Mash|p1a: Mew
|-damage|p1a: Mew|6\/404
|
|-heal|p1a: Mew|31\/404|[from] item: Leftovers
|turn|39
|
|switch|p1a: Crawdaunt|Crawdaunt, M|182\/267
|move|p2a: Metagross|Bullet Punch|p1a: Crawdaunt
|-resisted|p1a: Crawdaunt
|-damage|p1a: Crawdaunt|137\/267
|
|turn|40
|
|switch|p2a: Blastoise|Blastoise-Mega, F|147\/362 par
|move|p1a: Crawdaunt|Knock Off|p2a: Blastoise
|-damage|p2a: Blastoise|0 fnt
|-damage|p1a: Crawdaunt|111\/267|[from] item: Life Orb
|faint|p2a: Blastoise
|
|
|switch|p2a: Entei|Entei, shiny|371\/371
|-ability|p2a: Entei|Pressure
|turn|41
|
|switch|p1a: Mew|Mew|31\/404
|move|p2a: Entei|Extreme Speed|p1a: Mew
|-damage|p1a: Mew|0 fnt
|faint|p1a: Mew
|
|
|switch|p1a: Florges|Florges, F|360\/360
|turn|42
|
|switch|p2a: Metagross|Metagross|364\/364
|switch|p1a: Crawdaunt|Crawdaunt, M|111\/267
|
|turn|43
|
|switch|p2a: Entei|Entei, shiny|371\/371
|-ability|p2a: Entei|Pressure
|move|p1a: Crawdaunt|Knock Off|p2a: Entei
|-damage|p2a: Entei|12\/371
|-enditem|p2a: Entei|Choice Band|[from] move: Knock Off|[of] p1a: Crawdaunt
|-damage|p1a: Crawdaunt|85\/267|[from] item: Life Orb
|
|turn|44
|
|switch|p1a: Florges|Florges, F|360\/360
|move|p2a: Entei|Sacred Fire|p1a: Florges
|-damage|p1a: Florges|135\/360
|-status|p1a: Florges|brn
|
|-heal|p1a: Florges|157\/360 brn|[from] item: Leftovers
|-damage|p1a: Florges|112\/360 brn|[from] brn
|turn|45
|
|move|p2a: Entei|Sacred Fire|p1a: Florges|[miss]
|-miss|p2a: Entei|p1a: Florges
|move|p1a: Florges|Moonblast|p2a: Entei
|-resisted|p2a: Entei
|-damage|p2a: Entei|0 fnt
|faint|p2a: Entei
|
|-heal|p1a: Florges|134\/360 brn|[from] item: Leftovers
|-damage|p1a: Florges|89\/360 brn|[from] brn
|
|switch|p2a: Metagross|Metagross|364\/364
|turn|46
|
|move|p1a: Florges|Wish|p1a: Florges
|move|p2a: Metagross|Meteor Mash|p1a: Florges
|-supereffective|p1a: Florges
|-damage|p1a: Florges|0 fnt
|-boost|p2a: Metagross|atk|1
|faint|p1a: Florges
|
|
|switch|p1a: Crawdaunt|Crawdaunt, M|85\/267
|turn|47
|
|move|p2a: Metagross|Bullet Punch|p1a: Crawdaunt
|-resisted|p1a: Crawdaunt
|-damage|p1a: Crawdaunt|28\/267
|move|p1a: Crawdaunt|Knock Off|p2a: Metagross
|-supereffective|p2a: Metagross
|-damage|p2a: Metagross|0 fnt
|-damage|p1a: Crawdaunt|2\/267|[from] item: Life Orb
|faint|p2a: Metagross
|
|-heal|p1a: Crawdaunt|182\/267|[from] move: Wish|[wisher] Florges
|
|switch|p2a: Hydreigon|Hydreigon, M|276\/325
|turn|48
|
|move|p2a: Hydreigon|Draco Meteor|p1a: Crawdaunt
|-damage|p1a: Crawdaunt|0 fnt
|-unboost|p2a: Hydreigon|spa|2
|faint|p1a: Crawdaunt
|
|win|Legendstufff
|raw|Ladder updating...
|raw|Gordy Lifestyle's rating: 1464 &rarr; <strong>1441<\/strong><br \/>(-23 for losing)
|raw|Legendstufff's rating: 1407 &rarr; <strong>1430<\/strong><br \/>(+23 for winning)
|chat|Legendstufff|gg
|leave|Gordy Lifestyle
|player|p1