|join|Bicheto
|join|Gordy Lifestyle
|player|p1|Bicheto|253
|player|p2|Gordy Lifestyle|172
|gametype|singles
|gen|6
|tier|UU
|rated
|rule|Sleep Clause Mod: Limit one foe put to sleep
|rule|Species Clause: Limit one of each Pokemon
|rule|OHKO Clause: OHKO moves are banned
|rule|Moody Clause: Moody is banned
|rule|Evasion Moves Clause: Evasion moves are banned
|rule|Endless Battle Clause: Forcing endless battles is banned.
|rule|HP Percentage Mod: HP is reported as percentages
|clearpoke
|poke|p1|Roserade, M
|poke|p1|Empoleon, M
|poke|p1|Arcanine, F
|poke|p1|Machamp, F
|poke|p1|Aggron, F
|poke|p1|Rotom-Heat
|poke|p2|Hippowdon, M
|poke|p2|Kingdra, M
|poke|p2|Blastoise, F
|poke|p2|Stoutland, M
|poke|p2|Amoonguss, F, shiny
|poke|p2|Victini
|teampreview
|
|start
|switch|p1a: Arcanine|Arcanine, F|384\/384
|switch|p2a: Skeet Skeet|Kingdra, M|291\/291
|-ability|p1a: Arcanine|Intimidate|[of] p2a: Skeet Skeet
|-unboost|p2a: Skeet Skeet|atk|1
|turn|1
|
|switch|p1a: Machamp|Machamp, F|382\/382
|move|p2a: Skeet Skeet|Focus Energy|p2a: Skeet Skeet
|-start|p2a: Skeet Skeet|move: Focus Energy
|
|turn|2
|
|move|p2a: Skeet Skeet|Draco Meteor|p1a: Machamp
|-crit|p1a: Machamp
|-damage|p1a: Machamp|57\/382
|-unboost|p2a: Skeet Skeet|spa|2
|move|p1a: Machamp|Knock Off|p2a: Skeet Skeet
|-damage|p2a: Skeet Skeet|166\/291
|-enditem|p2a: Skeet Skeet|Scope Lens|[from] move: Knock Off|[of] p1a: Machamp
|
|turn|3
|
|switch|p1a: Empoleon|Empoleon, M|372\/372
|move|p2a: Skeet Skeet|Surf|p1a: Empoleon
|-resisted|p1a: Empoleon
|-damage|p1a: Empoleon|344\/372
|
|-heal|p1a: Empoleon|367\/372|[from] item: Leftovers
|turn|4
|
|switch|p2a: Hungry Hungry|Hippowdon, M|420\/420
|-weather|Sandstorm
|move|p1a: Empoleon|Stealth Rock|p2a: Hungry Hungry
|-sidestart|p2: Gordy Lifestyle|move: Stealth Rock
|
|-weather|Sandstorm|[upkeep]
|-heal|p1a: Empoleon|372\/372|[from] item: Leftovers
|turn|5
|
|switch|p1a: Rotom-Heat|Rotom-Heat|304\/304
|move|p2a: Hungry Hungry|Stealth Rock|p1a: Rotom-Heat
|-sidestart|p1: Bicheto|move: Stealth Rock
|
|-weather|Sandstorm|[upkeep]
|-damage|p1a: Rotom-Heat|285\/304|[from] sandstorm
|turn|6
|
|move|p1a: Rotom-Heat|Trick|p2a: Hungry Hungry
|-activate|p1a: Rotom-Heat|move: Trick|[of] p2a: Hungry Hungry
|-item|p2a: Hungry Hungry|Choice Scarf|[from] move: Trick
|-item|p1a: Rotom-Heat|Smooth Rock|[from] move: Trick
|move|p2a: Hungry Hungry|Whirlwind|p1a: Rotom-Heat
|drag|p1a: Roserade|Roserade, M|324\/324
|-damage|p1a: Roserade|284\/324|[from] Stealth Rock
|
|-weather|Sandstorm|[upkeep]
|-damage|p1a: Roserade|264\/324|[from] sandstorm
|-heal|p1a: Roserade|284\/324|[from] item: Black Sludge
|turn|7
|
|switch|p1a: Empoleon|Empoleon, M|372\/372
|-damage|p1a: Empoleon|349\/372|[from] Stealth Rock
|switch|p2a: Trippin Ballz|Amoonguss, F, shiny|432\/432
|-damage|p2a: Trippin Ballz|378\/432|[from] Stealth Rock
|
|-weather|Sandstorm|[upkeep]
|-damage|p2a: Trippin Ballz|351\/432|[from] sandstorm
|-heal|p1a: Empoleon|372\/372|[from] item: Leftovers
|-heal|p2a: Trippin Ballz|378\/432|[from] item: Leftovers
|turn|8
|
|move|p1a: Empoleon|Defog|p2a: Trippin Ballz
|-unboost|p2a: Trippin Ballz|evasion|1
|-sideend|p2: Gordy Lifestyle|Stealth Rock|[from] move: Defog|[of] p2a: Trippin Ballz
|-sideend|p1: Bicheto|Stealth Rock|[from] move: Defog|[of] p1a: Empoleon
|move|p2a: Trippin Ballz|Spore|p1a: Empoleon
|-status|p1a: Empoleon|slp
|
|-weather|Sandstorm|[upkeep]
|-damage|p2a: Trippin Ballz|351\/432|[from] sandstorm
|-heal|p2a: Trippin Ballz|378\/432|[from] item: Leftovers
|turn|9
|
|switch|p1a: Rotom-Heat|Rotom-Heat|285\/304
|switch|p2a: Victini|Victini|341\/341
|
|-weather|Sandstorm|[upkeep]
|-damage|p2a: Victini|320\/341|[from] sandstorm
|-damage|p1a: Rotom-Heat|266\/304|[from] sandstorm
|turn|10
|
|move|p2a: Victini|Psychic|p1a: Rotom-Heat
|-damage|p1a: Rotom-Heat|178\/304
|move|p1a: Rotom-Heat|Volt Switch|p2a: Victini
|-damage|p2a: Victini|229\/341
|
|switch|p1a: Empoleon|Empoleon, M|372\/372 slp
|
|-weather|Sandstorm|[upkeep]
|-damage|p2a: Victini|208\/341|[from] sandstorm
|turn|11
|
|switch|p1a: Rotom-Heat|Rotom-Heat|178\/304
|move|p2a: Victini|V-create|p1a: Rotom-Heat
|-resisted|p1a: Rotom-Heat
|-damage|p1a: Rotom-Heat|93\/304
|-unboost|p2a: Victini|def|1
|-unboost|p2a: Victini|spd|1
|-unboost|p2a: Victini|spe|1
|
|-weather|none
|turn|12
|
|switch|p2a: Hungry Hungry|Hippowdon, M|420\/420
|-weather|Sandstorm
|move|p1a: Rotom-Heat|Pain Split|p2a: Hungry Hungry
|-sethp|p2a: Hungry Hungry|256\/420|p1a: Rotom-Heat|256\/304|[from] move: Pain Split
|
|-weather|Sandstorm|[upkeep]
|-damage|p1a: Rotom-Heat|237\/304|[from] sandstorm
|turn|13
|
|switch|p1a: Empoleon|Empoleon, M|372\/372 slp
|move|p2a: Hungry Hungry|Stealth Rock|p1a: Empoleon
|-sidestart|p1: Bicheto|move: Stealth Rock
|
|-weather|Sandstorm|[upkeep]
|turn|14
|
|switch|p2a: Victini|Victini|208\/341
|cant|p1a: Empoleon|slp
|
|-weather|Sandstorm|[upkeep]
|-damage|p2a: Victini|187\/341|[from] sandstorm
|turn|15
|
|move|p2a: Victini|Blue Flare|p1a: Empoleon|[miss]
|-miss|p2a: Victini|p1a: Empoleon
|cant|p1a: Empoleon|slp
|
|-weather|Sandstorm|[upkeep]
|-damage|p2a: Victini|166\/341|[from] sandstorm
|turn|16
|
|move|p2a: Victini|V-create|p1a: Empoleon
|-damage|p1a: Empoleon|173\/372 slp
|-unboost|p2a: Victini|def|1
|-unboost|p2a: Victini|spd|1
|-unboost|p2a: Victini|spe|1
|-curestatus|p1a: Empoleon|slp
|move|p1a: Empoleon|Defog|p2a: Victini
|-unboost|p2a: Victini|evasion|1
|-sideend|p1: Bicheto|Stealth Rock|[from] move: Defog|[of] p1a: Empoleon
|
|-weather|none
|-heal|p1a: Empoleon|196\/372|[from] item: Leftovers
|turn|17
|
|switch|p1a: Arcanine|Arcanine, F|384\/384
|-ability|p1a: Arcanine|Intimidate|[of] p2a: Victini
|-unboost|p2a: Victini|atk|1
|move|p2a: Victini|V-create|p1a: Arcanine
|-resisted|p1a: Arcanine
|-damage|p1a: Arcanine|330\/384
|-unboost|p2a: Victini|def|1
|-unboost|p2a: Victini|spd|1
|-unboost|p2a: Victini|spe|1
|
|-heal|p1a: Arcanine|354\/384|[from] item: Leftovers
|turn|18
|
|switch|p2a: Bazooka Joe|Blastoise, F|361\/361
|move|p1a: Arcanine|Flare Blitz|p2a: Bazooka Joe
|-resisted|p2a: Bazooka Joe
|-damage|p2a: Bazooka Joe|285\/361
|-damage|p1a: Arcanine|329\/384|[from] recoil|[of] p2a: Bazooka Joe
|
|-heal|p1a: Arcanine|353\/384|[from] item: Leftovers
|turn|19
|
|switch|p1a: Machamp|Machamp, F|57\/382
|-formechange|p2a: Bazooka Joe|Blastoise-Mega
|message|Blastoise has Mega Evolved into Mega Blastoise!
|move|p2a: Bazooka Joe|Dark Pulse|p1a: Machamp
|-resisted|p1a: Machamp
|-damage|p1a: Machamp|0 fnt
|faint|p1a: Machamp
|
|
|switch|p1a: Roserade|Roserade, M|284\/324
|turn|20
|
|switch|p2a: Trippin Ballz|Amoonguss, F, shiny|432\/432
|move|p1a: Roserade|Leaf Storm|p2a: Trippin Ballz
|-resisted|p2a: Trippin Ballz
|-damage|p2a: Trippin Ballz|386\/432
|-unboost|p1a: Roserade|spa|2
|
|-heal|p1a: Roserade|304\/324|[from] item: Black Sludge
|-heal|p2a: Trippin Ballz|413\/432|[from] item: Leftovers
|turn|21
|
|move|p1a: Roserade|Toxic Spikes|p2a: Trippin Ballz
|-sidestart|p2: Gordy Lifestyle|move: Toxic Spikes
|move|p2a: Trippin Ballz|Spore|p1a: Roserade
|-fail|p1a: Roserade
|
|-heal|p1a: Roserade|324\/324|[from] item: Black Sludge
|-heal|p2a: Trippin Ballz|432\/432|[from] item: Leftovers
|turn|22
|
|move|p1a: Roserade|Toxic Spikes|p2a: Trippin Ballz
|-sidestart|p2: Gordy Lifestyle|move: Toxic Spikes
|move|p2a: Trippin Ballz|Hidden Power|p1a: Roserade
|-supereffective|p1a: Roserade
|-damage|p1a: Roserade|246\/324
|
|-heal|p1a: Roserade|266\/324|[from] item: Black Sludge
|turn|23
|
|switch|p1a: Rotom-Heat|Rotom-Heat|237\/304
|move|p2a: Trippin Ballz|Spore|p1a: Rotom-Heat
|-status|p1a: Rotom-Heat|slp
|
|turn|24
|
|switch|p1a: Roserade|Roserade, M|266\/324
|switch|p2a: Hungry Hungry|Hippowdon, M|256\/420
|-status|p2a: Hungry Hungry|tox
|-weather|Sandstorm
|
|-weather|Sandstorm|[upkeep]
|-damage|p1a: Roserade|246\/324|[from] sandstorm
|-heal|p1a: Roserade|266\/324|[from] item: Black Sludge
|-damage|p2a: Hungry Hungry|230\/420 tox|[from] psn
|turn|25
|
|move|p1a: Roserade|Leaf Storm|p2a: Hungry Hungry
|-crit|p2a: Hungry Hungry
|-supereffective|p2a: Hungry Hungry
|-damage|p2a: Hungry Hungry|0 fnt
|-unboost|p1a: Roserade|spa|2
|faint|p2a: Hungry Hungry
|
|-weather|Sandstorm|[upkeep]
|-damage|p1a: Roserade|246\/324|[from] sandstorm
|-heal|p1a: Roserade|266\/324|[from] item: Black Sludge
|
|switch|p2a: Trippin Ballz|Amoonguss, F, shiny|432\/432
|-sideend|p2: Gordy Lifestyle|move: Toxic Spikes|[of] p2a: Trippin Ballz
|turn|26
|
|switch|p1a: Rotom-Heat|Rotom-Heat|237\/304 slp
|switch|p2a: Old Tobey|Stoutland, M|311\/311
|
|-weather|Sandstorm|[upkeep]
|-damage|p1a: Rotom-Heat|218\/304 slp|[from] sandstorm
|turn|27
|
|switch|p1a: Arcanine|Arcanine, F|353\/384
|-ability|p1a: Arcanine|Intimidate|[of] p2a: Old Tobey
|-unboost|p2a: Old Tobey|atk|1
|move|p2a: Old Tobey|Superpower|p1a: Arcanine
|-damage|p1a: Arcanine|246\/384
|-unboost|p2a: Old Tobey|atk|1
|-unboost|p2a: Old Tobey|def|1
|
|-weather|Sandstorm|[upkeep]
|-damage|p1a: Arcanine|222\/384|[from] sandstorm
|-heal|p1a: Arcanine|246\/384|[from] item: Leftovers
|turn|28
|
|switch|p2a: Bazooka Joe|Blastoise, F|285\/361
|-formechange|p2a: Bazooka Joe|Blastoise-Mega
|move|p1a: Arcanine|Will-O-Wisp|p2a: Bazooka Joe
|-status|p2a: Bazooka Joe|brn
|
|-weather|none
|-heal|p1a: Arcanine|270\/384|[from] item: Leftovers
|-damage|p2a: Bazooka Joe|240\/361 brn|[from] brn
|turn|29
|
|switch|p1a: Roserade|Roserade, M|266\/324
|move|p2a: Bazooka Joe|Scald|p1a: Roserade
|-resisted|p1a: Roserade
|-damage|p1a: Roserade|187\/324
|-status|p1a: Roserade|brn
|
|-heal|p1a: Roserade|207\/324 brn|[from] item: Black Sludge
|-damage|p1a: Roserade|167\/324 brn|[from] brn
|-damage|p2a: Bazooka Joe|195\/361 brn|[from] brn
|turn|30
|
|switch|p2a: Victini|Victini|166\/341
|move|p1a: Roserade|Aromatherapy|p1a: Roserade
|-cureteam|p1a: Roserade|[from] move: Aromatherapy
|
|-heal|p1a: Roserade|187\/324|[from] item: Black Sludge
|turn|31
|
|switch|p1a: Arcanine|Arcanine, F|270\/384
|-ability|p1a: Arcanine|Intimidate|[of] p2a: Victini
|-unboost|p2a: Victini|atk|1
|move|p2a: Victini|Psychic|p1a: Arcanine
|-damage|p1a: Arcanine|122\/384
|
|-heal|p1a: Arcanine|146\/384|[from] item: Leftovers
|turn|32
|
|move|p2a: Victini|Psychic|p1a: Arcanine
|-damage|p1a: Arcanine|0 fnt
|faint|p1a: Arcanine
|
|
|switch|p1a: Rotom-Heat|Rotom-Heat|218\/304
|turn|33
|
|switch|p2a: Trippin Ballz|Amoonguss, F, shiny|432\/432
|move|p1a: Rotom-Heat|Trick|p2a: Trippin Ballz
|-activate|p1a: Rotom-Heat|move: Trick|[of] p2a: Trippin Ballz
|-item|p2a: Trippin Ballz|Smooth Rock|[from] move: Trick
|-item|p1a: Rotom-Heat|Leftovers|[from] move: Trick
|
|-heal|p1a: Rotom-Heat|237\/304|[from] item: Leftovers
|turn|34
|
|move|p1a: Rotom-Heat|Volt Switch|p2a: Trippin Ballz
|-resisted|p2a: Trippin Ballz
|-damage|p2a: Trippin Ballz|396\/432
|
|switch|p1a: Roserade|Roserade, M|187\/324
|move|p2a: Trippin Ballz|Sludge Bomb|p1a: Roserade
|-damage|p1a: Roserade|105\/324
|
|-heal|p1a: Roserade|125\/324|[from] item: Black Sludge
|turn|35
|
|move|p1a: Roserade|Toxic Spikes|p2a: Trippin Ballz
|-sidestart|p2: Gordy Lifestyle|move: Toxic Spikes
|move|p2a: Trippin Ballz|Sludge Bomb|p1a: Roserade
|-damage|p1a: Roserade|31\/324
|
|-heal|p1a: Roserade|51\/324|[from] item: Black Sludge
|turn|36
|
|move|p1a: Roserade|Toxic Spikes|p2a: Trippin Ballz
|-sidestart|p2: Gordy Lifestyle|move: Toxic Spikes
|move|p2a: Trippin Ballz|Sludge Bomb|p1a: Roserade
|-damage|p1a: Roserade|0 fnt
|faint|p1a: Roserade
|
|
|switch|p1a: Empoleon|Empoleon, M|196\/372
|turn|37
|
|switch|p2a: Bazooka Joe|Blastoise, F|195\/361 brn
|-formechange|p2a: Bazooka Joe|Blastoise-Mega
|move|p1a: Empoleon|Stealth Rock|p2a: Bazooka Joe
|-sidestart|p2: Gordy Lifestyle|move: Stealth Rock
|
|-heal|p1a: Empoleon|219\/372|[from] item: Leftovers
|-damage|p2a: Bazooka Joe|150\/361 brn|[from] brn
|turn|38
|
|move|p2a: Bazooka Joe|Rapid Spin|p1a: Empoleon
|-resisted|p1a: Empoleon
|-damage|p1a: Empoleon|215\/372
|-sideend|p2: Gordy Lifestyle|Toxic Spikes|[from] move: Rapid Spin|[of] p2a: Bazooka Joe
|-sideend|p2: Gordy Lifestyle|Stealth Rock|[from] move: Rapid Spin|[of] p2a: Bazooka Joe
|move|p1a: Empoleon|Scald|p2a: Bazooka Joe
|-resisted|p2a: Bazooka Joe
|-damage|p2a: Bazooka Joe|101\/361 brn
|
|-heal|p1a: Empoleon|238\/372|[from] item: Leftovers
|-damage|p2a: Bazooka Joe|56\/361 brn|[from] brn
|turn|39
|
|move|p2a: Bazooka Joe|Aura Sphere|p1a: Empoleon
|-crit|p1a: Empoleon
|-supereffective|p1a: Empoleon
|-damage|p1a: Empoleon|0 fnt
|faint|p1a: Empoleon
|
|-damage|p2a: Bazooka Joe|11\/361 brn|[from] brn
|
|switch|p1a: Rotom-Heat|Rotom-Heat|237\/304
|turn|40
|
|move|p1a: Rotom-Heat|Volt Switch|p2a: Bazooka Joe
|-supereffective|p2a: Bazooka Joe
|-damage|p2a: Bazooka Joe|0 fnt
|faint|p2a: Bazooka Joe
|
|switch|p1a: Aggron|Aggron, F|344\/344
|
|
|switch|p2a: Victini|Victini|166\/341
|turn|41
|
|-formechange|p1a: Aggron|Aggron-Mega
|message|Aggron has Mega Evolved into Mega Aggron!
|move|p2a: Victini|Blue Flare|p1a: Aggron
|-supereffective|p1a: Aggron
|-damage|p1a: Aggron|37\/344
|move|p1a: Aggron|Thunder Wave|p2a: Victini
|-status|p2a: Victini|par
|
|turn|42
|
|move|p1a: Aggron|Rest|p1a: Aggron
|-status|p1a: Aggron|slp
|-heal|p1a: Aggron|344\/344 slp|[silent]
|-status|p1a: Aggron|slp|[from] move: Rest
|cant|p2a: Victini|par
|
|turn|43
|
|switch|p1a: Rotom-Heat|Rotom-Heat|237\/304
|move|p2a: Victini|Psychic|p1a: Rotom-Heat
|-damage|p1a: Rotom-Heat|152\/304
|
|-heal|p1a: Rotom-Heat|171\/304|[from] item: Leftovers
|turn|44
|
|move|p1a: Rotom-Heat|Volt Switch|p2a: Victini
|-damage|p2a: Victini|84\/341 par
|
|switch|p1a: Aggron|Aggron, F|344\/344 slp
|-formechange|p1a: Aggron|Aggron-Mega
|move|p2a: Victini|Blue Flare|p1a: Aggron
|-supereffective|p1a: Aggron
|-damage|p1a: Aggron|0 fnt
|faint|p1a: Aggron
|
|
|switch|p1a: Rotom-Heat|Rotom-Heat|171\/304
|turn|45
|
|move|p1a: Rotom-Heat|Volt Switch|p2a: Victini|[miss]
|-miss|p1a: Rotom-Heat|p2a: Victini
|move|p2a: Victini|Psychic|p1a: Rotom-Heat
|-damage|p1a: Rotom-Heat|89\/304
|
|-heal|p1a: Rotom-Heat|108\/304|[from] item: Leftovers
|turn|46
|
|move|p1a: Rotom-Heat|Volt Switch|p2a: Victini
|-damage|p2a: Victini|0 fnt
|faint|p2a: Victini
|
|-heal|p1a: Rotom-Heat|127\/304|[from] item: Leftovers
|
|switch|p2a: Skeet Skeet|Kingdra, M|166\/291
|turn|47
|
|move|p2a: Skeet Skeet|Surf|p1a: Rotom-Heat
|-supereffective|p1a: Rotom-Heat
|-damage|p1a: Rotom-Heat|0 fnt
|faint|p1a: Rotom-Heat
|
|win|Gordy Lifestyle
|raw|Ladder updating...
|raw|Bicheto's rating: 1446 &rarr; <strong>1428<\/strong><br \/>(-18 for losing)
|raw|Gordy Lifestyle's rating: 1471 &rarr; <strong>1489<\/strong><br \/>(+18 for winning)
|chat|Bicheto|gg
|leave|Bicheto
|player|p1