|join|Gordy Lifestyle
|join|ERTHWNDNFRE
|player|p1|Gordy Lifestyle|172
|player|p2|ERTHWNDNFRE|127
|gametype|singles
|gen|6
|tier|UU
|rated
|rule|Sleep Clause Mod: Limit one foe put to sleep
|rule|Species Clause: Limit one of each Pokemon
|rule|OHKO Clause: OHKO moves are banned
|rule|Moody Clause: Moody is banned
|rule|Evasion Moves Clause: Evasion moves are banned
|rule|Endless Battle Clause: Forcing endless battles is banned
|rule|HP Percentage Mod: HP is reported as percentages
|clearpoke
|poke|p1|Alakazam, M
|poke|p1|Slowbro, M
|poke|p1|Mew
|poke|p1|Blissey, F
|poke|p1|Krookodile, M
|poke|p1|Fletchinder, M
|poke|p2|Infernape, F
|poke|p2|Celebi
|poke|p2|Froslass, F
|poke|p2|Staraptor, F
|poke|p2|Raikou, shiny
|poke|p2|Dugtrio, M
|rule|Swagger Clause: Swagger is banned
|rule|Baton Pass Clause: Limit 3 pokemon knowing Baton Pass
|teampreview
|
|start
|switch|p1a: Haagen-Dazs|Alakazam, M|251\/251
|switch|p2a: Froslass|Froslass, F|344\/344
|turn|1
|
|move|p1a: Haagen-Dazs|Shadow Ball|p2a: Froslass
|-supereffective|p2a: Froslass
|-damage|p2a: Froslass|80\/344
|move|p2a: Froslass|Destiny Bond|p2a: Froslass
|-singlemove|p2a: Froslass|Destiny Bond
|
|turn|2
|
|switch|p1a: Mew|Mew|403\/403
|move|p2a: Froslass|Thunder Wave|p1a: Mew
|-status|p1a: Mew|par
|-status|p2a: Froslass|par
|
|turn|3
|
|cant|p2a: Froslass|par
|move|p1a: Mew|Knock Off|p2a: Froslass
|-supereffective|p2a: Froslass
|-damage|p2a: Froslass|0 fnt
|-enditem|p2a: Froslass|Focus Sash|[from] move: Knock Off|[of] p1a: Mew
|faint|p2a: Froslass
|
|
|switch|p2a: Staraptor|Staraptor, F|312\/312
|turn|4
|
|switch|p1a: Short Bus|Slowbro, M|394\/394
|move|p2a: Staraptor|U-turn|p1a: Short Bus
|-supereffective|p1a: Short Bus
|-damage|p1a: Short Bus|246\/394
|-damage|p2a: Staraptor|260\/312|[from] item: Rocky Helmet|[of] p1a: Short Bus
|
|switch|p2a: Celebi|Celebi|404\/404
|
|turn|5
|
|switch|p2a: Raikou|Raikou, shiny|322\/322
|-ability|p2a: Raikou|Pressure
|switch|p1a: Mew|Mew|403\/403 par
|
|turn|6
|
|move|p2a: Raikou|Thunderbolt|p1a: Mew
|-damage|p1a: Mew|265\/403 par
|-damage|p2a: Raikou|290\/322|[from] item: Life Orb
|move|p1a: Mew|Knock Off|p2a: Raikou
|-damage|p2a: Raikou|195\/322
|-enditem|p2a: Raikou|Life Orb|[from] move: Knock Off|[of] p1a: Mew
|
|-heal|p1a: Mew|290\/403 par|[from] item: Leftovers
|turn|7
|
|move|p2a: Raikou|Thunderbolt|p1a: Mew
|-damage|p1a: Mew|176\/403 par
|move|p1a: Mew|Will-O-Wisp|p2a: Raikou
|-status|p2a: Raikou|brn
|
|-heal|p1a: Mew|201\/403 par|[from] item: Leftovers
|-damage|p2a: Raikou|155\/322 brn|[from] brn
|turn|8
|
|move|p2a: Raikou|Thunderbolt|p1a: Mew
|-crit|p1a: Mew
|-damage|p1a: Mew|17\/403 par
|cant|p1a: Mew|par
|
|-heal|p1a: Mew|42\/403 par|[from] item: Leftovers
|-damage|p2a: Raikou|115\/322 brn|[from] brn
|turn|9
|
|move|p2a: Raikou|Hidden Power|p1a: Mew
|-damage|p1a: Mew|0 fnt
|faint|p1a: Mew
|
|-damage|p2a: Raikou|75\/322 brn|[from] brn
|
|switch|p1a: Krookodile|Krookodile, M|331\/331
|turn|10
|
|move|p1a: Krookodile|Knock Off|p2a: Raikou
|-damage|p2a: Raikou|0 fnt
|faint|p2a: Raikou
|-boost|p1a: Krookodile|atk|1|[from] ability: Moxie
|
|
|switch|p2a: Infernape|Infernape, F|293\/293
|turn|11
|
|switch|p1a: Short Bus|Slowbro, M|377\/394
|move|p2a: Infernape|Close Combat|p1a: Short Bus
|-crit|p1a: Short Bus
|-resisted|p1a: Short Bus
|-damage|p1a: Short Bus|276\/394
|-damage|p2a: Infernape|245\/293|[from] item: Rocky Helmet|[of] p1a: Short Bus
|-unboost|p2a: Infernape|def|1
|-unboost|p2a: Infernape|spd|1
|
|turn|12
|
|switch|p2a: Celebi|Celebi|404\/404
|switch|p1a: Krookodile|Krookodile, M|331\/331
|
|turn|13
|
|move|p1a: Krookodile|Knock Off|p2a: Celebi
|-supereffective|p2a: Celebi
|-damage|p2a: Celebi|66\/404
|-enditem|p2a: Celebi|Weakness Policy
|-boost|p2a: Celebi|atk|2|[from] item: Weakness Policy
|-boost|p2a: Celebi|spa|2|[from] item: Weakness Policy
|move|p2a: Celebi|Baton Pass|p2a: Celebi
|
|switch|p2a: Infernape|Infernape, F|245\/293
|
|turn|14
|
|switch|p1a: Short Bus|Slowbro, M|394\/394
|move|p2a: Infernape|Flare Blitz|p1a: Short Bus
|-resisted|p1a: Short Bus
|-damage|p1a: Short Bus|262\/394
|-damage|p2a: Infernape|197\/293|[from] item: Rocky Helmet|[of] p1a: Short Bus
|-damage|p2a: Infernape|153\/293|[from] recoil|[of] p1a: Short Bus
|
|turn|15
|
|switch|p2a: Dugtrio|Dugtrio, M|212\/212
|move|p1a: Short Bus|Scald|p2a: Dugtrio
|-supereffective|p2a: Dugtrio
|-damage|p2a: Dugtrio|0 fnt
|faint|p2a: Dugtrio
|
|
|switch|p2a: Celebi|Celebi|66\/404
|turn|16
|
|switch|p1a: Blissey|Blissey, F|652\/652
|move|p2a: Celebi|Recover|p2a: Celebi
|-heal|p2a: Celebi|268\/404
|
|turn|17
|
|move|p2a: Celebi|Recover|p2a: Celebi
|-heal|p2a: Celebi|404\/404
|move|p1a: Blissey|Stealth Rock|p2a: Celebi
|-sidestart|p2: ERTHWNDNFRE|move: Stealth Rock
|
|turn|18
|
|move|p2a: Celebi|Swords Dance|p2a: Celebi
|-boost|p2a: Celebi|atk|2
|move|p1a: Blissey|Seismic Toss|p2a: Celebi
|-damage|p2a: Celebi|304\/404
|
|turn|19
|
|move|p2a: Celebi|Seed Bomb|p1a: Blissey
|-damage|p1a: Blissey|315\/652
|move|p1a: Blissey|Seismic Toss|p2a: Celebi
|-damage|p2a: Celebi|204\/404
|
|-heal|p1a: Blissey|355\/652|[from] item: Leftovers
|turn|20
|
|move|p2a: Celebi|Baton Pass|p2a: Celebi
|
|switch|p2a: Staraptor|Staraptor, F|260\/312
|-damage|p2a: Staraptor|182\/312|[from] Stealth Rock
|move|p1a: Blissey|Seismic Toss|p2a: Staraptor
|-damage|p2a: Staraptor|82\/312
|
|-heal|p1a: Blissey|395\/652|[from] item: Leftovers
|turn|21
|
|move|p2a: Staraptor|Close Combat|p1a: Blissey
|-supereffective|p1a: Blissey
|-damage|p1a: Blissey|0 fnt
|-unboost|p2a: Staraptor|def|1
|-unboost|p2a: Staraptor|spd|1
|faint|p1a: Blissey
|
|
|switch|p1a: Fletchinder|Fletchinder, M|327\/327
|turn|22
|
|move|p1a: Fletchinder|Acrobatics|p2a: Staraptor
|-damage|p2a: Staraptor|0 fnt
|faint|p2a: Staraptor
|
|-message|ERTHWNDNFRE forfeited.
|
|win|Gordy Lifestyle
|raw|Ladder updating...
|leave|ERTHWNDNFRE
|player|p2
|raw|Gordy Lifestyle's rating: 1510 &rarr; <strong>1527<\/strong><br \/>(+17 for winning)
|raw|ERTHWNDNFRE's rating: 1461 &rarr; <strong>1444<\/strong><br \/>(-17 for losing)