|join|Seattle Seadras
|join|Gordy Lifestyle
|player|p1|Seattle Seadras|176
|player|p2|Gordy Lifestyle|172
|gametype|singles
|gen|6
|tier|UU
|rated
|rule|Sleep Clause Mod: Limit one foe put to sleep
|rule|Species Clause: Limit one of each Pokemon
|rule|OHKO Clause: OHKO moves are banned
|rule|Moody Clause: Moody is banned
|rule|Evasion Moves Clause: Evasion moves are banned
|rule|Endless Battle Clause: Forcing endless battles is banned
|rule|HP Percentage Mod: HP is reported as percentages
|clearpoke
|poke|p1|Shuckle, M
|poke|p1|Kingdra, M
|poke|p1|Jirachi
|poke|p1|Tornadus, M
|poke|p1|Swampert, M
|poke|p1|Ampharos, M
|poke|p2|Aerodactyl, M, shiny
|poke|p2|Snorlax, F
|poke|p2|Metagross
|poke|p2|Slowbro, F
|poke|p2|Florges, F
|poke|p2|Starmie
|rule|Swagger Clause: Swagger is banned
|rule|Baton Pass Clause: Limit 3 pokemon knowing Baton Pass
|teampreview
|
|start
|switch|p1a: Ampharos|Ampharos, M|383\/383
|switch|p2a: Petrie|Aerodactyl, M, shiny|331\/331
|-ability|p2a: Petrie|Pressure
|turn|1
|
|switch|p2a: Swolelax|Snorlax, F|497\/497
|detailschange|p1a: Ampharos|Ampharos-Mega, M
|message|Ampharos has Mega Evolved into Mega Ampharos!
|-ability|p1a: Ampharos|Mold Breaker
|move|p1a: Ampharos|Volt Switch|p2a: Swolelax
|-damage|p2a: Swolelax|400\/497
|
|switch|p1a: Swampert|Swampert, M|392\/392
|
|-heal|p2a: Swolelax|431\/497|[from] item: Leftovers
|turn|2
|
|move|p1a: Swampert|Superpower|p2a: Swolelax
|-supereffective|p2a: Swolelax
|-damage|p2a: Swolelax|0 fnt
|-unboost|p1a: Swampert|atk|1
|-unboost|p1a: Swampert|def|1
|faint|p2a: Swolelax
|
|
|switch|p2a: Blue Steel|Metagross|364\/364
|turn|3
|chat|Gordy Lifestyle|hello
|chat|Gordy Lifestyle|?
|chat|Seattle Seadras|hi
|
|switch|p1a: Ampharos|Ampharos-Mega, M|383\/383
|-ability|p1a: Ampharos|Mold Breaker
|move|p2a: Blue Steel|Stealth Rock|p1a: Ampharos
|-sidestart|p1: Seattle Seadras|move: Stealth Rock
|
|turn|4
|
|move|p2a: Blue Steel|Earthquake|p1a: Ampharos
|-supereffective|p1a: Ampharos
|-damage|p1a: Ampharos|219\/383
|move|p1a: Ampharos|Volt Switch|p2a: Blue Steel
|-damage|p2a: Blue Steel|198\/364
|
|switch|p1a: Tornadus|Tornadus, M|299\/299
|-damage|p1a: Tornadus|225\/299|[from] Stealth Rock
|
|turn|5
|
|move|p2a: Blue Steel|Bullet Punch|p1a: Tornadus
|-damage|p1a: Tornadus|131\/299
|move|p1a: Tornadus|Knock Off|p2a: Blue Steel
|-supereffective|p2a: Blue Steel
|-damage|p2a: Blue Steel|18\/364
|-enditem|p2a: Blue Steel|Weakness Policy
|-boost|p2a: Blue Steel|atk|2|[from] item: Weakness Policy
|-boost|p2a: Blue Steel|spa|2|[from] item: Weakness Policy
|
|turn|6
|chat|Seattle Seadras|wow
|chat|Seattle Seadras|mistakes were made
|
|switch|p1a: Swampert|Swampert, M|392\/392
|-damage|p1a: Swampert|368\/392|[from] Stealth Rock
|move|p2a: Blue Steel|Bullet Punch|p1a: Swampert
|-resisted|p1a: Swampert
|-damage|p1a: Swampert|292\/392
|
|turn|7
|
|move|p2a: Blue Steel|Grass Knot|p1a: Swampert
|-supereffective|p1a: Swampert
|-damage|p1a: Swampert|0 fnt
|faint|p1a: Swampert
|
|chat|Seattle Seadras|woooooooooow
|
|switch|p1a: Kingdra|Kingdra, M|291\/291
|-damage|p1a: Kingdra|255\/291|[from] Stealth Rock
|turn|8
|
|move|p1a: Kingdra|Surf|p2a: Blue Steel
|-crit|p2a: Blue Steel
|-damage|p2a: Blue Steel|0 fnt
|faint|p2a: Blue Steel
|
|chat|Seattle Seadras|strong set
|
|switch|p2a: Freya|Florges, F|360\/360
|turn|9
|
|switch|p1a: Jirachi|Jirachi|404\/404
|-damage|p1a: Jirachi|379\/404|[from] Stealth Rock
|switch|p2a: Starmie|Starmie|261\/261
|
|-heal|p1a: Jirachi|404\/404|[from] item: Leftovers
|turn|10
|
|move|p2a: Starmie|Hydro Pump|p1a: Jirachi
|-damage|p1a: Jirachi|163\/404
|move|p1a: Jirachi|Calm Mind|p1a: Jirachi
|-boost|p1a: Jirachi|spa|1
|-boost|p1a: Jirachi|spd|1
|
|-heal|p1a: Jirachi|188\/404|[from] item: Leftovers
|turn|11
|
|move|p2a: Starmie|Hydro Pump|p1a: Jirachi
|-damage|p1a: Jirachi|37\/404
|move|p1a: Jirachi|Flash Cannon|p2a: Starmie
|-resisted|p2a: Starmie
|-damage|p2a: Starmie|182\/261
|
|-heal|p1a: Jirachi|62\/404|[from] item: Leftovers
|turn|12
|
|move|p2a: Starmie|Hydro Pump|p1a: Jirachi
|-damage|p1a: Jirachi|0 fnt
|faint|p1a: Jirachi
|
|
|switch|p1a: Kingdra|Kingdra, M|255\/291
|-damage|p1a: Kingdra|219\/291|[from] Stealth Rock
|turn|13
|
|switch|p2a: Freya|Florges, F|360\/360
|move|p1a: Kingdra|Focus Energy|p1a: Kingdra
|-start|p1a: Kingdra|move: Focus Energy
|
|turn|14
|
|move|p1a: Kingdra|Surf|p2a: Freya
|-crit|p2a: Freya
|-damage|p2a: Freya|162\/360
|move|p2a: Freya|Moonblast|p1a: Kingdra
|-supereffective|p1a: Kingdra
|-damage|p1a: Kingdra|0 fnt
|faint|p1a: Kingdra
|
|-heal|p2a: Freya|184\/360|[from] item: Leftovers
|
|switch|p1a: Tornadus|Tornadus, M|131\/299
|-damage|p1a: Tornadus|57\/299|[from] Stealth Rock
|turn|15
|
|move|p2a: Freya|Protect|p2a: Freya
|-singleturn|p2a: Freya|Protect
|move|p1a: Tornadus|Acrobatics|p2a: Freya
|-activate|p2a: Freya|Protect
|
|-heal|p2a: Freya|206\/360|[from] item: Leftovers
|turn|16
|
|switch|p2a: Short Bus|Slowbro, F|394\/394
|move|p1a: Tornadus|Acrobatics|p2a: Short Bus
|-damage|p2a: Short Bus|267\/394
|-damage|p1a: Tornadus|8\/299|[from] item: Rocky Helmet|[of] p2a: Short Bus
|
|turn|17
|
|switch|p2a: Petrie|Aerodactyl, M, shiny|331\/331
|-ability|p2a: Petrie|Pressure
|move|p1a: Tornadus|Knock Off|p2a: Petrie
|-damage|p2a: Petrie|234\/331
|
|turn|18
|
|detailschange|p2a: Petrie|Aerodactyl-Mega, M, shiny
|message|Aerodactyl has Mega Evolved into Mega Aerodactyl!
|move|p2a: Petrie|Aqua Tail|p1a: Tornadus
|-damage|p1a: Tornadus|0 fnt
|faint|p1a: Tornadus
|
|
|switch|p1a: Ampharos|Ampharos-Mega, M|219\/383
|-damage|p1a: Ampharos|172\/383|[from] Stealth Rock
|-ability|p1a: Ampharos|Mold Breaker
|turn|19
|
|move|p2a: Petrie|Stone Edge|p1a: Ampharos|[miss]
|-miss|p2a: Petrie|p1a: Ampharos
|move|p1a: Ampharos|Rest|p1a: Ampharos
|-status|p1a: Ampharos|slp
|-heal|p1a: Ampharos|383\/383 slp|[silent]
|-status|p1a: Ampharos|slp|[from] move: Rest
|
|turn|20
|
|move|p2a: Petrie|Stone Edge|p1a: Ampharos
|-damage|p1a: Ampharos|257\/383 slp
|cant|p1a: Ampharos|slp
|move|p1a: Ampharos|Sleep Talk|p1a: Ampharos
|move|p1a: Ampharos|Volt Switch|p2a: Petrie|[from]Sleep Talk
|-supereffective|p2a: Petrie
|-damage|p2a: Petrie|0 fnt
|faint|p2a: Petrie
|
|switch|p1a: Shuckle|Shuckle, M|243\/243
|-damage|p1a: Shuckle|183\/243|[from] Stealth Rock
|
|
|switch|p2a: Starmie|Starmie|182\/261
|turn|21
|
|move|p2a: Starmie|Hydro Pump|p1a: Shuckle
|-supereffective|p1a: Shuckle
|-damage|p1a: Shuckle|0 fnt
|faint|p1a: Shuckle
|
|
|switch|p1a: Ampharos|Ampharos-Mega, M|257\/383 slp
|-damage|p1a: Ampharos|210\/383 slp|[from] Stealth Rock
|-ability|p1a: Ampharos|Mold Breaker
|turn|22
|
|switch|p2a: Freya|Florges, F|206\/360
|cant|p1a: Ampharos|slp
|move|p1a: Ampharos|Sleep Talk|p1a: Ampharos
|move|p1a: Ampharos|Rest|p1a: Ampharos|[from]Sleep Talk
|-fail|p1a: Ampharos
|
|-heal|p2a: Freya|228\/360|[from] item: Leftovers
|turn|23
|
|move|p2a: Freya|Moonblast|p1a: Ampharos
|-crit|p1a: Ampharos
|-supereffective|p1a: Ampharos
|-damage|p1a: Ampharos|0 fnt
|faint|p1a: Ampharos
|
|win|Gordy Lifestyle
|raw|Ladder updating...
|raw|Seattle Seadras's rating: 1461 &rarr; <strong>1439<\/strong><br \/>(-22 for losing)
|raw|Gordy Lifestyle's rating: 1436 &rarr; <strong>1458<\/strong><br \/>(+22 for winning)
|leave|Seattle Seadras
|player|p1