|join|gmg
|join|Gordy Lifestyle
|player|p1|gmg|101
|player|p2|Gordy Lifestyle|154
|gametype|singles
|gen|6
|tier|UU
|rated
|rule|Sleep Clause Mod: Limit one foe put to sleep
|rule|Species Clause: Limit one of each Pokemon
|rule|OHKO Clause: OHKO moves are banned
|rule|Moody Clause: Moody is banned
|rule|Evasion Moves Clause: Evasion moves are banned
|rule|Endless Battle Clause: Forcing endless battles is banned.
|rule|HP Percentage Mod: HP is reported as percentages
|clearpoke
|poke|p1|Forretress, M
|poke|p1|Aerodactyl, M
|poke|p1|Hippowdon, M
|poke|p1|Hydreigon, M
|poke|p1|Jellicent, M
|poke|p1|Amoonguss, M
|poke|p2|Slowbro, M
|poke|p2|Florges, F
|poke|p2|Roserade, M
|poke|p2|Escavalier, M
|poke|p2|Aerodactyl, M, shiny
|poke|p2|Hippowdon, M
|teampreview
|
|start
|switch|p1a: Pussy-Breaker Jr|Hydreigon, M|325\/325
|switch|p2a: Highgarden|Roserade, M|261\/261
|turn|1
|
|move|p1a: Pussy-Breaker Jr|Fire Blast|p2a: Highgarden
|-supereffective|p2a: Highgarden
|-damage|p2a: Highgarden|9\/261
|move|p2a: Highgarden|Sleep Powder|p1a: Pussy-Breaker Jr
|-status|p1a: Pussy-Breaker Jr|slp
|
|turn|2
|
|switch|p1a: Aerodactyl|Aerodactyl, M|302\/302
|-ability|p1a: Aerodactyl|Pressure
|move|p2a: Highgarden|Giga Drain|p1a: Aerodactyl
|-damage|p1a: Aerodactyl|103\/302
|-heal|p2a: Highgarden|109\/261|[from] drain|[of] p1a: Aerodactyl
|-damage|p2a: Highgarden|83\/261|[from] item: Life Orb
|
|turn|3
|
|switch|p2a: Petrie|Aerodactyl, M, shiny|361\/361
|detailschange|p1a: Aerodactyl|Aerodactyl-Mega, M
|message|Aerodactyl has Mega Evolved into Mega Aerodactyl!
|move|p1a: Aerodactyl|Aerial Ace|p2a: Petrie
|-resisted|p2a: Petrie
|-damage|p2a: Petrie|289\/361
|
|turn|4
|
|switch|p1a: Forretress|Forretress, M|354\/354
|detailschange|p2a: Petrie|Aerodactyl-Mega, M, shiny
|message|Aerodactyl has Mega Evolved into Mega Aerodactyl!
|move|p2a: Petrie|Aqua Tail|p1a: Forretress
|-damage|p1a: Forretress|278\/354
|
|-heal|p1a: Forretress|300\/354|[from] item: Leftovers
|turn|5
|
|move|p2a: Petrie|Aerial Ace|p1a: Forretress
|-damage|p1a: Forretress|236\/354
|move|p1a: Forretress|Gyro Ball|p2a: Petrie
|-crit|p2a: Petrie
|-supereffective|p2a: Petrie
|-damage|p2a: Petrie|1\/361
|
|-heal|p1a: Forretress|258\/354|[from] item: Leftovers
|turn|6
|
|move|p2a: Petrie|Roost|p2a: Petrie
|-heal|p2a: Petrie|182\/361
|move|p1a: Forretress|Gyro Ball|p2a: Petrie
|-supereffective|p2a: Petrie
|-damage|p2a: Petrie|6\/361
|
|-heal|p1a: Forretress|280\/354|[from] item: Leftovers
|turn|7
|
|move|p2a: Petrie|Roost|p2a: Petrie
|-heal|p2a: Petrie|187\/361
|move|p1a: Forretress|Gyro Ball|p2a: Petrie
|-supereffective|p2a: Petrie
|-damage|p2a: Petrie|11\/361
|
|-heal|p1a: Forretress|302\/354|[from] item: Leftovers
|turn|8
|
|move|p2a: Petrie|Roost|p2a: Petrie
|-heal|p2a: Petrie|192\/361
|move|p1a: Forretress|Stealth Rock|p2a: Petrie
|-sidestart|p2: Gordy Lifestyle|move: Stealth Rock
|
|-heal|p1a: Forretress|324\/354|[from] item: Leftovers
|turn|9
|
|move|p2a: Petrie|Roost|p2a: Petrie
|-heal|p2a: Petrie|361\/361
|move|p1a: Forretress|Gyro Ball|p2a: Petrie
|-supereffective|p2a: Petrie
|-damage|p2a: Petrie|175\/361
|
|-heal|p1a: Forretress|346\/354|[from] item: Leftovers
|turn|10
|
|move|p2a: Petrie|Roost|p2a: Petrie
|-heal|p2a: Petrie|356\/361
|move|p1a: Forretress|Gyro Ball|p2a: Petrie
|-supereffective|p2a: Petrie
|-damage|p2a: Petrie|176\/361
|
|-heal|p1a: Forretress|354\/354|[from] item: Leftovers
|turn|11
|
|move|p2a: Petrie|Roost|p2a: Petrie
|-heal|p2a: Petrie|357\/361
|move|p1a: Forretress|Spikes|p2a: Petrie
|-sidestart|p2: Gordy Lifestyle|Spikes
|
|turn|12
|
|move|p2a: Petrie|Defog|p1a: Forretress
|-unboost|p1a: Forretress|evasion|1
|-sideend|p2: Gordy Lifestyle|Spikes|[from] move: Defog|[of] p2a: Petrie
|-sideend|p2: Gordy Lifestyle|Stealth Rock|[from] move: Defog|[of] p2a: Petrie
|move|p1a: Forretress|Spikes|p2a: Petrie
|-sidestart|p2: Gordy Lifestyle|Spikes
|
|turn|13
|
|move|p2a: Petrie|Aerial Ace|p1a: Forretress
|-damage|p1a: Forretress|281\/354
|move|p1a: Forretress|Stealth Rock|p2a: Petrie
|-sidestart|p2: Gordy Lifestyle|move: Stealth Rock
|
|-heal|p1a: Forretress|303\/354|[from] item: Leftovers
|turn|14
|
|move|p2a: Petrie|Aerial Ace|p1a: Forretress
|-damage|p1a: Forretress|237\/354
|move|p1a: Forretress|Gyro Ball|p2a: Petrie
|-supereffective|p2a: Petrie
|-damage|p2a: Petrie|163\/361
|
|-heal|p1a: Forretress|259\/354|[from] item: Leftovers
|turn|15
|
|move|p2a: Petrie|Roost|p2a: Petrie
|-heal|p2a: Petrie|344\/361
|move|p1a: Forretress|Gyro Ball|p2a: Petrie
|-supereffective|p2a: Petrie
|-damage|p2a: Petrie|140\/361
|
|-heal|p1a: Forretress|281\/354|[from] item: Leftovers
|turn|16
|
|move|p2a: Petrie|Roost|p2a: Petrie
|-heal|p2a: Petrie|321\/361
|move|p1a: Forretress|Gyro Ball|p2a: Petrie
|-supereffective|p2a: Petrie
|-damage|p2a: Petrie|129\/361
|
|-heal|p1a: Forretress|303\/354|[from] item: Leftovers
|turn|17
|
|move|p2a: Petrie|Defog|p1a: Forretress
|-unboost|p1a: Forretress|evasion|1
|-sideend|p2: Gordy Lifestyle|Spikes|[from] move: Defog|[of] p2a: Petrie
|-sideend|p2: Gordy Lifestyle|Stealth Rock|[from] move: Defog|[of] p2a: Petrie
|move|p1a: Forretress|Spikes|p2a: Petrie
|-sidestart|p2: Gordy Lifestyle|Spikes
|
|-heal|p1a: Forretress|325\/354|[from] item: Leftovers
|turn|18
|
|move|p2a: Petrie|Roost|p2a: Petrie
|-heal|p2a: Petrie|310\/361
|move|p1a: Forretress|Stealth Rock|p2a: Petrie
|-sidestart|p2: Gordy Lifestyle|move: Stealth Rock
|
|-heal|p1a: Forretress|347\/354|[from] item: Leftovers
|turn|19
|
|move|p2a: Petrie|Aerial Ace|p1a: Forretress
|-damage|p1a: Forretress|277\/354
|move|p1a: Forretress|Spikes|p2a: Petrie
|-sidestart|p2: Gordy Lifestyle|Spikes
|
|-heal|p1a: Forretress|299\/354|[from] item: Leftovers
|turn|20
|
|move|p2a: Petrie|Aerial Ace|p1a: Forretress
|-damage|p1a: Forretress|227\/354
|move|p1a: Forretress|Spikes|p2a: Petrie
|-sidestart|p2: Gordy Lifestyle|Spikes
|
|-heal|p1a: Forretress|249\/354|[from] item: Leftovers
|turn|21
|
|move|p2a: Petrie|Aerial Ace|p1a: Forretress
|-damage|p1a: Forretress|179\/354
|move|p1a: Forretress|Stealth Rock|p2a: Petrie
|-fail|p2a: Petrie
|
|-heal|p1a: Forretress|201\/354|[from] item: Leftovers
|turn|22
|
|switch|p1a: Condon|Jellicent, M|376\/376
|move|p2a: Petrie|Aerial Ace|p1a: Condon
|-damage|p1a: Condon|258\/376
|
|-heal|p1a: Condon|281\/376|[from] item: Leftovers
|turn|23
|
|move|p2a: Petrie|Defog|p1a: Condon
|-unboost|p1a: Condon|evasion|1
|-sideend|p2: Gordy Lifestyle|Spikes|[from] move: Defog|[of] p2a: Petrie
|-sideend|p2: Gordy Lifestyle|Stealth Rock|[from] move: Defog|[of] p2a: Petrie
|move|p1a: Condon|Taunt|p2a: Petrie
|-start|p2a: Petrie|move: Taunt
|
|-heal|p1a: Condon|304\/376|[from] item: Leftovers
|turn|24
|
|switch|p2a: Highgarden|Roserade, M|83\/261
|move|p1a: Condon|Scald|p2a: Highgarden
|-resisted|p2a: Highgarden
|-damage|p2a: Highgarden|45\/261
|-status|p2a: Highgarden|brn
|
|-heal|p1a: Condon|327\/376|[from] item: Leftovers
|-damage|p2a: Highgarden|13\/261 brn|[from] brn
|turn|25
|
|switch|p1a: Forretress|Forretress, M|201\/354
|move|p2a: Highgarden|Giga Drain|p1a: Forretress
|-resisted|p1a: Forretress
|-damage|p1a: Forretress|143\/354
|-heal|p2a: Highgarden|42\/261 brn|[from] drain|[of] p1a: Forretress
|-damage|p2a: Highgarden|16\/261 brn|[from] item: Life Orb
|
|-heal|p1a: Forretress|165\/354|[from] item: Leftovers
|-damage|p2a: Highgarden|0 fnt|[from] brn
|faint|p2a: Highgarden
|
|switch|p2a: Short Bus|Slowbro, M|393\/393
|turn|26
|
|switch|p1a: Plus size model|Amoonguss, M|409\/409
|move|p2a: Short Bus|Calm Mind|p2a: Short Bus
|-boost|p2a: Short Bus|spa|1
|-boost|p2a: Short Bus|spd|1
|
|turn|27
|
|move|p2a: Short Bus|Psyshock|p1a: Plus size model
|-supereffective|p1a: Plus size model
|-damage|p1a: Plus size model|55\/409
|move|p1a: Plus size model|Spore|p2a: Short Bus
|-status|p2a: Short Bus|slp
|
|-heal|p1a: Plus size model|80\/409|[from] item: Black Sludge
|turn|28
|
|cant|p2a: Short Bus|slp
|move|p1a: Plus size model|Giga Drain|p2a: Short Bus
|-supereffective|p2a: Short Bus
|-damage|p2a: Short Bus|271\/393 slp
|-heal|p1a: Plus size model|141\/409|[from] drain|[of] p2a: Short Bus
|
|-heal|p2a: Short Bus|295\/393 slp|[from] item: Leftovers
|-heal|p1a: Plus size model|166\/409|[from] item: Black Sludge
|turn|29
|
|cant|p2a: Short Bus|slp
|move|p1a: Plus size model|Giga Drain|p2a: Short Bus
|-supereffective|p2a: Short Bus
|-damage|p2a: Short Bus|173\/393 slp
|-heal|p1a: Plus size model|227\/409|[from] drain|[of] p2a: Short Bus
|
|-heal|p2a: Short Bus|197\/393 slp|[from] item: Leftovers
|-heal|p1a: Plus size model|252\/409|[from] item: Black Sludge
|turn|30
|
|switch|p1a: Condon|Jellicent, M|327\/376
|cant|p2a: Short Bus|slp
|
|-heal|p1a: Condon|350\/376|[from] item: Leftovers
|-heal|p2a: Short Bus|221\/393 slp|[from] item: Leftovers
|turn|31
|
|move|p1a: Condon|Scald|p2a: Short Bus
|-resisted|p2a: Short Bus
|-damage|p2a: Short Bus|190\/393 slp
|-curestatus|p2a: Short Bus|slp
|move|p2a: Short Bus|Psyshock|p1a: Condon
|-damage|p1a: Condon|196\/376
|
|-heal|p1a: Condon|219\/376|[from] item: Leftovers
|-heal|p2a: Short Bus|214\/393|[from] item: Leftovers
|turn|32
|
|move|p1a: Condon|Taunt|p2a: Short Bus
|-start|p2a: Short Bus|move: Taunt
|move|p2a: Short Bus|Psyshock|p1a: Condon
|-damage|p1a: Condon|59\/376
|
|-heal|p1a: Condon|82\/376|[from] item: Leftovers
|-heal|p2a: Short Bus|238\/393|[from] item: Leftovers
|turn|33
|
|move|p1a: Condon|Toxic|p2a: Short Bus
|-status|p2a: Short Bus|tox
|move|p2a: Short Bus|Psyshock|p1a: Condon
|-damage|p1a: Condon|0 fnt
|faint|p1a: Condon
|
|-heal|p2a: Short Bus|262\/393 tox|[from] item: Leftovers
|-damage|p2a: Short Bus|238\/393 tox|[from] psn
|
|switch|p1a: Aerodactyl|Aerodactyl-Mega, M|103\/302
|turn|34
|
|move|p1a: Aerodactyl|Crunch|p2a: Short Bus
|-supereffective|p2a: Short Bus
|-damage|p2a: Short Bus|54\/393 tox
|move|p2a: Short Bus|Scald|p1a: Aerodactyl
|-supereffective|p1a: Aerodactyl
|-damage|p1a: Aerodactyl|0 fnt
|faint|p1a: Aerodactyl
|
|-heal|p2a: Short Bus|78\/393 tox|[from] item: Leftovers
|-damage|p2a: Short Bus|30\/393 tox|[from] psn
|-end|p2a: Short Bus|move: Taunt
|
|switch|p1a: Plus size model|Amoonguss, M|388\/409
|turn|35
|
|switch|p2a: Freya|Florges, F|360\/360
|move|p1a: Plus size model|Protect|p1a: Plus size model
|-fail|p1a: Plus size model
|
|-heal|p1a: Plus size model|409\/409|[from] item: Black Sludge
|turn|36
|
|move|p2a: Freya|Aromatherapy|p2a: Freya
|-cureteam|p2a: Freya|[from] move: Aromatherapy
|move|p1a: Plus size model|Spore|p2a: Freya
|-status|p2a: Freya|slp
|
|turn|37
|
|switch|p1a: Forretress|Forretress, M|165\/354
|cant|p2a: Freya|slp
|
|-heal|p1a: Forretress|187\/354|[from] item: Leftovers
|turn|38
|
|switch|p2a: Short Bus|Slowbro, M|161\/393
|move|p1a: Forretress|Stealth Rock|p2a: Short Bus
|-sidestart|p2: Gordy Lifestyle|move: Stealth Rock
|
|-heal|p2a: Short Bus|185\/393|[from] item: Leftovers
|-heal|p1a: Forretress|209\/354|[from] item: Leftovers
|turn|39
|
|switch|p1a: Pussy-Breaker Jr|Hydreigon, M|325\/325 slp
|move|p2a: Short Bus|Slack Off|p2a: Short Bus
|-heal|p2a: Short Bus|382\/393
|
|-heal|p2a: Short Bus|393\/393|[from] item: Leftovers
|turn|40
|
|cant|p1a: Pussy-Breaker Jr|slp
|move|p2a: Short Bus|Calm Mind|p2a: Short Bus
|-boost|p2a: Short Bus|spa|1
|-boost|p2a: Short Bus|spd|1
|
|turn|41
|
|-curestatus|p1a: Pussy-Breaker Jr|slp
|move|p1a: Pussy-Breaker Jr|Draco Meteor|p2a: Short Bus
|-damage|p2a: Short Bus|213\/393
|-unboost|p1a: Pussy-Breaker Jr|spa|2
|move|p2a: Short Bus|Calm Mind|p2a: Short Bus
|-boost|p2a: Short Bus|spa|1
|-boost|p2a: Short Bus|spd|1
|
|-heal|p2a: Short Bus|237\/393|[from] item: Leftovers
|turn|42
|
|switch|p1a: Plus size model|Amoonguss, M|409\/409
|move|p2a: Short Bus|Calm Mind|p2a: Short Bus
|-boost|p2a: Short Bus|spa|1
|-boost|p2a: Short Bus|spd|1
|
|-heal|p2a: Short Bus|261\/393|[from] item: Leftovers
|turn|43
|
|move|p2a: Short Bus|Calm Mind|p2a: Short Bus
|-boost|p2a: Short Bus|spa|1
|-boost|p2a: Short Bus|spd|1
|move|p1a: Plus size model|Spore|p2a: Short Bus
|-message|Sleep Clause Mod activated.
|-fail|p2a: Short Bus
|
|-heal|p2a: Short Bus|285\/393|[from] item: Leftovers
|turn|44
|
|move|p2a: Short Bus|Calm Mind|p2a: Short Bus
|-boost|p2a: Short Bus|spa|1
|-boost|p2a: Short Bus|spd|1
|move|p1a: Plus size model|Toxic|p2a: Short Bus
|-status|p2a: Short Bus|tox
|
|-heal|p2a: Short Bus|309\/393 tox|[from] item: Leftovers
|-damage|p2a: Short Bus|285\/393 tox|[from] psn
|turn|45
|
|move|p2a: Short Bus|Calm Mind|p2a: Short Bus
|-boost|p2a: Short Bus|spa|1
|-boost|p2a: Short Bus|spd|1
|move|p1a: Plus size model|Giga Drain|p2a: Short Bus
|-supereffective|p2a: Short Bus
|-damage|p2a: Short Bus|237\/393 tox
|
|-heal|p2a: Short Bus|261\/393 tox|[from] item: Leftovers
|-damage|p2a: Short Bus|213\/393 tox|[from] psn
|turn|46
|
|move|p1a: Plus size model|Protect|p1a: Plus size model
|-singleturn|p1a: Plus size model|Protect
|move|p2a: Short Bus|Psyshock|p1a: Plus size model
|-activate|p1a: Plus size model|Protect
|
|-heal|p2a: Short Bus|237\/393 tox|[from] item: Leftovers
|-damage|p2a: Short Bus|165\/393 tox|[from] psn
|turn|47
|
|switch|p1a: Forretress|Forretress, M|209\/354
|move|p2a: Short Bus|Slack Off|p2a: Short Bus
|-heal|p2a: Short Bus|362\/393 tox
|
|-heal|p2a: Short Bus|386\/393 tox|[from] item: Leftovers
|-heal|p1a: Forretress|231\/354|[from] item: Leftovers
|-damage|p2a: Short Bus|290\/393 tox|[from] psn
|turn|48
|
|move|p2a: Short Bus|Scald|p1a: Forretress
|-damage|p1a: Forretress|0 fnt
|faint|p1a: Forretress
|
|-heal|p2a: Short Bus|314\/393 tox|[from] item: Leftovers
|-damage|p2a: Short Bus|194\/393 tox|[from] psn
|
|switch|p1a: Plus size model|Amoonguss, M|409\/409
|turn|49
|
|move|p1a: Plus size model|Protect|p1a: Plus size model
|-singleturn|p1a: Plus size model|Protect
|move|p2a: Short Bus|Slack Off|p2a: Short Bus
|-heal|p2a: Short Bus|391\/393 tox
|
|-heal|p2a: Short Bus|393\/393 tox|[from] item: Leftovers
|-damage|p2a: Short Bus|249\/393 tox|[from] psn
|turn|50
|
|switch|p1a: Tu Papito|Hippowdon, M|420\/420
|move|p2a: Short Bus|Psyshock|p1a: Tu Papito
|-damage|p1a: Tu Papito|168\/420
|
|-heal|p1a: Tu Papito|194\/420|[from] item: Leftovers
|-heal|p2a: Short Bus|273\/393 tox|[from] item: Leftovers
|-damage|p2a: Short Bus|105\/393 tox|[from] psn
|turn|51
|
|move|p1a: Tu Papito|Slack Off|p1a: Tu Papito
|-heal|p1a: Tu Papito|404\/420
|move|p2a: Short Bus|Slack Off|p2a: Short Bus
|-heal|p2a: Short Bus|302\/393 tox
|
|-heal|p1a: Tu Papito|420\/420|[from] item: Leftovers
|-heal|p2a: Short Bus|326\/393 tox|[from] item: Leftovers
|-damage|p2a: Short Bus|134\/393 tox|[from] psn
|turn|52
|
|switch|p1a: Plus size model|Amoonguss, M|409\/409
|switch|p2a: Petrie|Aerodactyl-Mega, M, shiny|310\/361
|-damage|p2a: Petrie|220\/361|[from] Stealth Rock
|
|turn|53
|
|move|p2a: Petrie|Defog|p1a: Plus size model
|-unboost|p1a: Plus size model|evasion|1
|-sideend|p2: Gordy Lifestyle|Stealth Rock|[from] move: Defog|[of] p2a: Petrie
|move|p1a: Plus size model|Toxic|p2a: Petrie
|-status|p2a: Petrie|tox
|
|-damage|p2a: Petrie|198\/361 tox|[from] psn
|turn|54
|
|switch|p1a: Tu Papito|Hippowdon, M|420\/420
|move|p2a: Petrie|Roost|p2a: Petrie
|-heal|p2a: Petrie|361\/361 tox
|
|-damage|p2a: Petrie|317\/361 tox|[from] psn
|turn|55
|
|switch|p2a: Freya|Florges, F|360\/360 slp
|move|p1a: Tu Papito|Earthquake|p2a: Freya
|-damage|p2a: Freya|233\/360 slp
|
|-heal|p2a: Freya|255\/360 slp|[from] item: Leftovers
|turn|56
|
|cant|p2a: Freya|slp
|move|p1a: Tu Papito|Earthquake|p2a: Freya
|-damage|p2a: Freya|146\/360 slp
|
|-heal|p2a: Freya|168\/360 slp|[from] item: Leftovers
|turn|57
|
|cant|p2a: Freya|slp
|move|p1a: Tu Papito|Earthquake|p2a: Freya
|-damage|p2a: Freya|47\/360 slp
|
|-heal|p2a: Freya|69\/360 slp|[from] item: Leftovers
|turn|58
|
|-curestatus|p2a: Freya|slp
|move|p2a: Freya|Protect|p2a: Freya
|-singleturn|p2a: Freya|Protect
|move|p1a: Tu Papito|Earthquake|p2a: Freya
|-activate|p2a: Freya|Protect
|
|-heal|p2a: Freya|91\/360|[from] item: Leftovers
|turn|59
|
|switch|p2a: Short Bus|Slowbro, M|265\/393 tox
|move|p1a: Tu Papito|Earthquake|p2a: Short Bus
|-damage|p2a: Short Bus|183\/393 tox
|
|-heal|p2a: Short Bus|207\/393 tox|[from] item: Leftovers
|-damage|p2a: Short Bus|183\/393 tox|[from] psn
|turn|60
|
|switch|p1a: Pussy-Breaker Jr|Hydreigon, M|325\/325
|move|p2a: Short Bus|Scald|p1a: Pussy-Breaker Jr
|-resisted|p1a: Pussy-Breaker Jr
|-damage|p1a: Pussy-Breaker Jr|271\/325
|
|-heal|p2a: Short Bus|207\/393 tox|[from] item: Leftovers
|-damage|p2a: Short Bus|159\/393 tox|[from] psn
|turn|61
|
|switch|p2a: Hungry Hungry|Hippowdon, M|417\/417
|-weather|Sandstorm
|move|p1a: Pussy-Breaker Jr|Earthquake|p2a: Hungry Hungry
|-damage|p2a: Hungry Hungry|357\/417
|
|-weather|Sandstorm|[upkeep]
|-damage|p1a: Pussy-Breaker Jr|251\/325|[from] sandstorm
|-heal|p2a: Hungry Hungry|383\/417|[from] item: Leftovers
|turn|62
|
|switch|p1a: Plus size model|Amoonguss, M|409\/409
|move|p2a: Hungry Hungry|Stealth Rock|p1a: Plus size model
|-sidestart|p1: gmg|move: Stealth Rock
|
|-weather|Sandstorm|[upkeep]
|-damage|p1a: Plus size model|384\/409|[from] sandstorm
|-heal|p2a: Hungry Hungry|409\/417|[from] item: Leftovers
|-heal|p1a: Plus size model|409\/409|[from] item: Black Sludge
|turn|63
|
|move|p2a: Hungry Hungry|Earthquake|p1a: Plus size model
|-damage|p1a: Plus size model|253\/409
|move|p1a: Plus size model|Spore|p2a: Hungry Hungry
|-status|p2a: Hungry Hungry|slp
|
|-weather|Sandstorm|[upkeep]
|-damage|p1a: Plus size model|228\/409|[from] sandstorm
|-heal|p2a: Hungry Hungry|417\/417 slp|[from] item: Leftovers
|-heal|p1a: Plus size model|253\/409|[from] item: Black Sludge
|turn|64
|
|switch|p2a: Petrie|Aerodactyl-Mega, M, shiny|317\/361 tox
|move|p1a: Plus size model|Giga Drain|p2a: Petrie
|-damage|p2a: Petrie|265\/361 tox
|-heal|p1a: Plus size model|279\/409|[from] drain|[of] p2a: Petrie
|
|-weather|Sandstorm|[upkeep]
|-damage|p1a: Plus size model|254\/409|[from] sandstorm
|-heal|p1a: Plus size model|279\/409|[from] item: Black Sludge
|-damage|p2a: Petrie|243\/361 tox|[from] psn
|turn|65
|
|move|p1a: Plus size model|Protect|p1a: Plus size model
|-singleturn|p1a: Plus size model|Protect
|move|p2a: Petrie|Aerial Ace|p1a: Plus size model
|-activate|p1a: Plus size model|Protect
|
|-weather|none
|-heal|p1a: Plus size model|304\/409|[from] item: Black Sludge
|-damage|p2a: Petrie|199\/361 tox|[from] psn
|turn|66
|
|switch|p1a: Tu Papito|Hippowdon, M|420\/420
|-damage|p1a: Tu Papito|394\/420|[from] Stealth Rock
|move|p2a: Petrie|Aqua Tail|p1a: Tu Papito
|-supereffective|p1a: Tu Papito
|-damage|p1a: Tu Papito|234\/420
|
|-heal|p1a: Tu Papito|260\/420|[from] item: Leftovers
|-damage|p2a: Petrie|133\/361 tox|[from] psn
|turn|67
|
|switch|p2a: Short Bus|Slowbro, M|290\/393 tox
|move|p1a: Tu Papito|Slack Off|p1a: Tu Papito
|-heal|p1a: Tu Papito|420\/420
|
|-heal|p2a: Short Bus|314\/393 tox|[from] item: Leftovers
|-damage|p2a: Short Bus|290\/393 tox|[from] psn
|turn|68
|
|move|p1a: Tu Papito|Earthquake|p2a: Short Bus
|-damage|p2a: Short Bus|194\/393 tox
|move|p2a: Short Bus|Scald|p1a: Tu Papito
|-supereffective|p1a: Tu Papito
|-damage|p1a: Tu Papito|192\/420
|
|-heal|p1a: Tu Papito|218\/420|[from] item: Leftovers
|-heal|p2a: Short Bus|218\/393 tox|[from] item: Leftovers
|-damage|p2a: Short Bus|170\/393 tox|[from] psn
|turn|69
|
|move|p1a: Tu Papito|Slack Off|p1a: Tu Papito
|-heal|p1a: Tu Papito|420\/420
|move|p2a: Short Bus|Scald|p1a: Tu Papito
|-supereffective|p1a: Tu Papito
|-damage|p1a: Tu Papito|150\/420
|
|-heal|p1a: Tu Papito|176\/420|[from] item: Leftovers
|-heal|p2a: Short Bus|194\/393 tox|[from] item: Leftovers
|-damage|p2a: Short Bus|122\/393 tox|[from] psn
|turn|70
|
|switch|p2a: Hungry Hungry|Hippowdon, M|417\/417 slp
|-weather|Sandstorm
|move|p1a: Tu Papito|Slack Off|p1a: Tu Papito
|-heal|p1a: Tu Papito|386\/420
|
|-weather|Sandstorm|[upkeep]
|-heal|p1a: Tu Papito|412\/420|[from] item: Leftovers
|turn|71
|
|switch|p1a: Plus size model|Amoonguss, M|409\/409
|-damage|p1a: Plus size model|358\/409|[from] Stealth Rock
|cant|p2a: Hungry Hungry|slp
|
|-weather|Sandstorm|[upkeep]
|-damage|p1a: Plus size model|333\/409|[from] sandstorm
|-heal|p1a: Plus size model|358\/409|[from] item: Black Sludge
|turn|72
|
|-curestatus|p2a: Hungry Hungry|slp
|move|p2a: Hungry Hungry|Earthquake|p1a: Plus size model
|-crit|p1a: Plus size model
|-damage|p1a: Plus size model|132\/409
|move|p1a: Plus size model|Giga Drain|p2a: Hungry Hungry
|-crit|p2a: Hungry Hungry
|-supereffective|p2a: Hungry Hungry
|-damage|p2a: Hungry Hungry|219\/417
|-heal|p1a: Plus size model|231\/409|[from] drain|[of] p2a: Hungry Hungry
|
|-weather|Sandstorm|[upkeep]
|-damage|p1a: Plus size model|206\/409|[from] sandstorm
|-heal|p2a: Hungry Hungry|245\/417|[from] item: Leftovers
|-heal|p1a: Plus size model|231\/409|[from] item: Black Sludge
|turn|73
|
|move|p2a: Hungry Hungry|Earthquake|p1a: Plus size model
|-damage|p1a: Plus size model|86\/409
|move|p1a: Plus size model|Giga Drain|p2a: Hungry Hungry
|-supereffective|p2a: Hungry Hungry
|-damage|p2a: Hungry Hungry|95\/417
|-heal|p1a: Plus size model|161\/409|[from] drain|[of] p2a: Hungry Hungry
|
|-weather|Sandstorm|[upkeep]
|-damage|p1a: Plus size model|136\/409|[from] sandstorm
|-heal|p2a: Hungry Hungry|121\/417|[from] item: Leftovers
|-heal|p1a: Plus size model|161\/409|[from] item: Black Sludge
|turn|74
|
|switch|p2a: KnightsOftheRound|Escavalier, M|343\/343
|move|p1a: Plus size model|Giga Drain|p2a: KnightsOftheRound
|-resisted|p2a: KnightsOftheRound
|-damage|p2a: KnightsOftheRound|330\/343
|-heal|p1a: Plus size model|168\/409|[from] drain|[of] p2a: KnightsOftheRound
|
|-weather|none
|-heal|p1a: Plus size model|193\/409|[from] item: Black Sludge
|-heal|p2a: KnightsOftheRound|343\/343|[from] item: Leftovers
|turn|75
|
|switch|p1a: Tu Papito|Hippowdon, M|412\/420
|-damage|p1a: Tu Papito|386\/420|[from] Stealth Rock
|move|p2a: KnightsOftheRound|Megahorn|p1a: Tu Papito
|-damage|p1a: Tu Papito|266\/420
|
|-heal|p1a: Tu Papito|292\/420|[from] item: Leftovers
|turn|76
|
|move|p1a: Tu Papito|Earthquake|p2a: KnightsOftheRound
|-damage|p2a: KnightsOftheRound|235\/343
|move|p2a: KnightsOftheRound|Iron Head|p1a: Tu Papito
|-damage|p1a: Tu Papito|213\/420
|
|-heal|p1a: Tu Papito|239\/420|[from] item: Leftovers
|-heal|p2a: KnightsOftheRound|256\/343|[from] item: Leftovers
|turn|77
|
|move|p1a: Tu Papito|Slack Off|p1a: Tu Papito
|-heal|p1a: Tu Papito|420\/420
|move|p2a: KnightsOftheRound|Megahorn|p1a: Tu Papito
|-damage|p1a: Tu Papito|294\/420
|
|-heal|p1a: Tu Papito|320\/420|[from] item: Leftovers
|-heal|p2a: KnightsOftheRound|277\/343|[from] item: Leftovers
|turn|78
|
|move|p1a: Tu Papito|Earthquake|p2a: KnightsOftheRound
|-damage|p2a: KnightsOftheRound|162\/343
|move|p2a: KnightsOftheRound|Megahorn|p1a: Tu Papito
|-damage|p1a: Tu Papito|199\/420
|
|-heal|p1a: Tu Papito|225\/420|[from] item: Leftovers
|-heal|p2a: KnightsOftheRound|183\/343|[from] item: Leftovers
|turn|79
|
|move|p1a: Tu Papito|Earthquake|p2a: KnightsOftheRound
|-damage|p2a: KnightsOftheRound|75\/343
|move|p2a: KnightsOftheRound|Rest|p2a: KnightsOftheRound
|-status|p2a: KnightsOftheRound|slp
|-heal|p2a: KnightsOftheRound|343\/343 slp|[silent]
|-status|p2a: KnightsOftheRound|slp|[from] move: Rest
|
|-heal|p1a: Tu Papito|251\/420|[from] item: Leftovers
|turn|80
|
|switch|p1a: Pussy-Breaker Jr|Hydreigon, M|251\/325
|-damage|p1a: Pussy-Breaker Jr|211\/325|[from] Stealth Rock
|cant|p2a: KnightsOftheRound|slp
|move|p2a: KnightsOftheRound|Sleep Talk|p2a: KnightsOftheRound
|move|p2a: KnightsOftheRound|Rest|p2a: KnightsOftheRound|[from]Sleep Talk
|-fail|p2a: KnightsOftheRound
|
|turn|81
|
|switch|p2a: Petrie|Aerodactyl-Mega, M, shiny|133\/361 tox
|move|p1a: Pussy-Breaker Jr|Fire Blast|p2a: Petrie|[miss]
|-miss|p1a: Pussy-Breaker Jr|p2a: Petrie
|
|-damage|p2a: Petrie|111\/361 tox|[from] psn
|turn|82
|
|switch|p1a: Tu Papito|Hippowdon, M|251\/420
|-damage|p1a: Tu Papito|225\/420|[from] Stealth Rock
|move|p2a: Petrie|Roost|p2a: Petrie
|-heal|p2a: Petrie|292\/361 tox
|
|-heal|p1a: Tu Papito|251\/420|[from] item: Leftovers
|-damage|p2a: Petrie|248\/361 tox|[from] psn
|turn|83
|
|switch|p2a: KnightsOftheRound|Escavalier, M|343\/343 slp
|move|p1a: Tu Papito|Slack Off|p1a: Tu Papito
|-heal|p1a: Tu Papito|420\/420
|
|turn|84
|
|move|p1a: Tu Papito|Earthquake|p2a: KnightsOftheRound
|-damage|p2a: KnightsOftheRound|240\/343 slp
|cant|p2a: KnightsOftheRound|slp
|move|p2a: KnightsOftheRound|Sleep Talk|p2a: KnightsOftheRound
|move|p2a: KnightsOftheRound|Iron Head|p1a: Tu Papito|[from]Sleep Talk
|-damage|p1a: Tu Papito|338\/420
|
|-heal|p1a: Tu Papito|364\/420|[from] item: Leftovers
|-heal|p2a: KnightsOftheRound|261\/343 slp|[from] item: Leftovers
|turn|85
|
|move|p1a: Tu Papito|Earthquake|p2a: KnightsOftheRound
|-damage|p2a: KnightsOftheRound|150\/343 slp
|-curestatus|p2a: KnightsOftheRound|slp
|move|p2a: KnightsOftheRound|Megahorn|p1a: Tu Papito|[miss]
|-miss|p2a: KnightsOftheRound|p1a: Tu Papito
|
|-heal|p1a: Tu Papito|390\/420|[from] item: Leftovers
|-heal|p2a: KnightsOftheRound|171\/343|[from] item: Leftovers
|turn|86
|
|move|p1a: Tu Papito|Earthquake|p2a: KnightsOftheRound
|-damage|p2a: KnightsOftheRound|62\/343
|move|p2a: KnightsOftheRound|Rest|p2a: KnightsOftheRound
|-status|p2a: KnightsOftheRound|slp
|-heal|p2a: KnightsOftheRound|343\/343 slp|[silent]
|-status|p2a: KnightsOftheRound|slp|[from] move: Rest
|
|-heal|p1a: Tu Papito|416\/420|[from] item: Leftovers
|turn|87
|
|cant|p2a: KnightsOftheRound|slp
|move|p2a: KnightsOftheRound|Sleep Talk|p2a: KnightsOftheRound
|move|p2a: KnightsOftheRound|Megahorn|p1a: Tu Papito|[from]Sleep Talk|[miss]
|-miss|p2a: KnightsOftheRound|p1a: Tu Papito
|move|p1a: Tu Papito|Roar|p2a: KnightsOftheRound
|drag|p2a: Short Bus|Slowbro, M|253\/393 tox
|
|-heal|p1a: Tu Papito|420\/420|[from] item: Leftovers
|-heal|p2a: Short Bus|277\/393 tox|[from] item: Leftovers
|-damage|p2a: Short Bus|253\/393 tox|[from] psn
|turn|88
|
|move|p1a: Tu Papito|Earthquake|p2a: Short Bus
|-damage|p2a: Short Bus|163\/393 tox
|move|p2a: Short Bus|Scald|p1a: Tu Papito
|-supereffective|p1a: Tu Papito
|-damage|p1a: Tu Papito|150\/420
|
|-heal|p1a: Tu Papito|176\/420|[from] item: Leftovers
|-heal|p2a: Short Bus|187\/393 tox|[from] item: Leftovers
|-damage|p2a: Short Bus|139\/393 tox|[from] psn
|turn|89
|
|switch|p2a: Petrie|Aerodactyl-Mega, M, shiny|248\/361 tox
|move|p1a: Tu Papito|Slack Off|p1a: Tu Papito
|-heal|p1a: Tu Papito|386\/420
|
|-heal|p1a: Tu Papito|412\/420|[from] item: Leftovers
|-damage|p2a: Petrie|226\/361 tox|[from] psn
|turn|90
|
|switch|p2a: KnightsOftheRound|Escavalier, M|343\/343 slp
|move|p1a: Tu Papito|Slack Off|p1a: Tu Papito
|-heal|p1a: Tu Papito|420\/420
|
|turn|91
|
|cant|p2a: KnightsOftheRound|slp
|move|p2a: KnightsOftheRound|Sleep Talk|p2a: KnightsOftheRound
|move|p2a: KnightsOftheRound|Rest|p2a: KnightsOftheRound|[from]Sleep Talk
|-fail|p2a: KnightsOftheRound
|move|p1a: Tu Papito|Roar|p2a: KnightsOftheRound
|drag|p2a: Freya|Florges, F|91\/360
|
|-heal|p2a: Freya|113\/360|[from] item: Leftovers
|turn|92
|
|move|p2a: Freya|Protect|p2a: Freya
|-singleturn|p2a: Freya|Protect
|move|p1a: Tu Papito|Earthquake|p2a: Freya
|-activate|p2a: Freya|Protect
|
|-heal|p2a: Freya|135\/360|[from] item: Leftovers
|turn|93
|
|move|p2a: Freya|Wish|p2a: Freya
|move|p1a: Tu Papito|Earthquake|p2a: Freya
|-damage|p2a: Freya|12\/360
|
|-heal|p2a: Freya|34\/360|[from] item: Leftovers
|turn|94
|
|move|p2a: Freya|Protect|p2a: Freya
|-singleturn|p2a: Freya|Protect
|move|p1a: Tu Papito|Toxic|p2a: Freya
|-activate|p2a: Freya|Protect
|
|-heal|p2a: Freya|214\/360|[from] move: Wish|[wisher] Freya
|-heal|p2a: Freya|236\/360|[from] item: Leftovers
|turn|95
|
|move|p2a: Freya|Wish|p2a: Freya
|move|p1a: Tu Papito|Toxic|p2a: Freya
|-status|p2a: Freya|tox
|
|-heal|p2a: Freya|258\/360 tox|[from] item: Leftovers
|-damage|p2a: Freya|236\/360 tox|[from] psn
|turn|96
|
|move|p2a: Freya|Aromatherapy|p2a: Freya
|-cureteam|p2a: Freya|[from] move: Aromatherapy
|move|p1a: Tu Papito|Toxic|p2a: Freya
|-status|p2a: Freya|tox
|
|-heal|p2a: Freya|360\/360 tox|[from] move: Wish|[wisher] Freya
|-damage|p2a: Freya|338\/360 tox|[from] psn
|turn|97
|
|move|p2a: Freya|Moonblast|p1a: Tu Papito
|-damage|p1a: Tu Papito|252\/420
|-unboost|p1a: Tu Papito|spa|1
|move|p1a: Tu Papito|Toxic|p2a: Freya
|-fail|p2a: Freya|tox
|
|-heal|p2a: Freya|360\/360 tox|[from] item: Leftovers
|-heal|p1a: Tu Papito|278\/420|[from] item: Leftovers
|-damage|p2a: Freya|316\/360 tox|[from] psn
|turn|98
|
|move|p2a: Freya|Moonblast|p1a: Tu Papito
|-damage|p1a: Tu Papito|125\/420
|move|p1a: Tu Papito|Slack Off|p1a: Tu Papito
|-heal|p1a: Tu Papito|335\/420
|
|-heal|p2a: Freya|338\/360 tox|[from] item: Leftovers
|-heal|p1a: Tu Papito|361\/420|[from] item: Leftovers
|-damage|p2a: Freya|272\/360 tox|[from] psn
|turn|99
|
|move|p2a: Freya|Aromatherapy|p2a: Freya
|-cureteam|p2a: Freya|[from] move: Aromatherapy
|move|p1a: Tu Papito|Toxic|p2a: Freya
|-status|p2a: Freya|tox
|
|-heal|p2a: Freya|294\/360 tox|[from] item: Leftovers
|-heal|p1a: Tu Papito|387\/420|[from] item: Leftovers
|-damage|p2a: Freya|272\/360 tox|[from] psn
|turn|100
|
|switch|p2a: KnightsOftheRound|Escavalier, M|343\/343
|move|p1a: Tu Papito|Toxic|p2a: KnightsOftheRound
|-fail|p2a: KnightsOftheRound
|
|-heal|p1a: Tu Papito|413\/420|[from] item: Leftovers
|turn|101
|
|move|p2a: KnightsOftheRound|Megahorn|p1a: Tu Papito
|-damage|p1a: Tu Papito|296\/420
|move|p1a: Tu Papito|Roar|p2a: KnightsOftheRound
|drag|p2a: Short Bus|Slowbro, M|270\/393
|
|-heal|p1a: Tu Papito|322\/420|[from] item: Leftovers
|-heal|p2a: Short Bus|294\/393|[from] item: Leftovers
|turn|102
|
|move|p1a: Tu Papito|Toxic|p2a: Short Bus
|-status|p2a: Short Bus|tox
|move|p2a: Short Bus|Scald|p1a: Tu Papito
|-supereffective|p1a: Tu Papito
|-damage|p1a: Tu Papito|94\/420
|
|-heal|p1a: Tu Papito|120\/420|[from] item: Leftovers
|-heal|p2a: Short Bus|318\/393 tox|[from] item: Leftovers
|-damage|p2a: Short Bus|294\/393 tox|[from] psn
|turn|103
|
|move|p1a: Tu Papito|Slack Off|p1a: Tu Papito
|-heal|p1a: Tu Papito|330\/420
|move|p2a: Short Bus|Scald|p1a: Tu Papito
|-supereffective|p1a: Tu Papito
|-damage|p1a: Tu Papito|82\/420
|-status|p1a: Tu Papito|brn
|
|-heal|p1a: Tu Papito|108\/420 brn|[from] item: Leftovers
|-heal|p2a: Short Bus|318\/393 tox|[from] item: Leftovers
|-damage|p1a: Tu Papito|56\/420 brn|[from] brn
|-damage|p2a: Short Bus|270\/393 tox|[from] psn
|turn|104
|
|move|p1a: Tu Papito|Slack Off|p1a: Tu Papito
|-heal|p1a: Tu Papito|266\/420 brn
|move|p2a: Short Bus|Scald|p1a: Tu Papito
|-supereffective|p1a: Tu Papito
|-damage|p1a: Tu Papito|0 fnt
|faint|p1a: Tu Papito
|
|-heal|p2a: Short Bus|294\/393 tox|[from] item: Leftovers
|-damage|p2a: Short Bus|222\/393 tox|[from] psn
|
|switch|p1a: Pussy-Breaker Jr|Hydreigon, M|211\/325
|-damage|p1a: Pussy-Breaker Jr|171\/325|[from] Stealth Rock
|turn|105
|
|switch|p2a: Hungry Hungry|Hippowdon, M|121\/417
|-weather|Sandstorm
|move|p1a: Pussy-Breaker Jr|Draco Meteor|p2a: Hungry Hungry
|-damage|p2a: Hungry Hungry|0 fnt
|-unboost|p1a: Pussy-Breaker Jr|spa|2
|faint|p2a: Hungry Hungry
|
|-weather|Sandstorm|[upkeep]
|-damage|p1a: Pussy-Breaker Jr|151\/325|[from] sandstorm
|
|switch|p2a: KnightsOftheRound|Escavalier, M|343\/343
|turn|106
|
|switch|p1a: Plus size model|Amoonguss, M|329\/409
|-damage|p1a: Plus size model|278\/409|[from] Stealth Rock
|move|p2a: KnightsOftheRound|Megahorn|p1a: Plus size model
|-damage|p1a: Plus size model|55\/409
|
|-weather|Sandstorm|[upkeep]
|-damage|p1a: Plus size model|30\/409|[from] sandstorm
|-heal|p1a: Plus size model|55\/409|[from] item: Black Sludge
|turn|107
|
|move|p1a: Plus size model|Spore|p2a: KnightsOftheRound
|-fail|p2a: KnightsOftheRound
|move|p2a: KnightsOftheRound|Iron Head|p1a: Plus size model
|-damage|p1a: Plus size model|0 fnt
|faint|p1a: Plus size model
|
|-weather|Sandstorm|[upkeep]
|
|switch|p1a: Pussy-Breaker Jr|Hydreigon, M|151\/325
|-damage|p1a: Pussy-Breaker Jr|111\/325|[from] Stealth Rock
|turn|108
|
|switch|p2a: Freya|Florges, F|272\/360 tox
|move|p1a: Pussy-Breaker Jr|Fire Blast|p2a: Freya
|-damage|p2a: Freya|177\/360 tox
|
|-weather|Sandstorm|[upkeep]
|-damage|p1a: Pussy-Breaker Jr|91\/325|[from] sandstorm
|-damage|p2a: Freya|155\/360 tox|[from] sandstorm
|-heal|p2a: Freya|177\/360 tox|[from] item: Leftovers
|-damage|p2a: Freya|155\/360 tox|[from] psn
|turn|109
|
|move|p1a: Pussy-Breaker Jr|Fire Blast|p2a: Freya|[miss]
|-miss|p1a: Pussy-Breaker Jr|p2a: Freya
|move|p2a: Freya|Moonblast|p1a: Pussy-Breaker Jr
|-supereffective|p1a: Pussy-Breaker Jr
|-damage|p1a: Pussy-Breaker Jr|0 fnt
|faint|p1a: Pussy-Breaker Jr
|
|win|Gordy Lifestyle
|raw|Ladder updating...
|raw|gmg's rating: 1394 &rarr; <strong>1380<\/strong><br \/>(-14 for losing)
|raw|Gordy Lifestyle's rating: 1508 &rarr; <strong>1522<\/strong><br \/>(+14 for winning)