|join|Gordy Lifestyle
|join|Donphantastic
|player|p1|Gordy Lifestyle|16
|player|p2|Donphantastic|290
|gametype|singles
|gen|6
|tier|UU
|rated
|rule|Sleep Clause Mod: Limit one foe put to sleep
|rule|Species Clause: Limit one of each PokÃ©mon
|rule|OHKO Clause: OHKO moves are banned
|rule|Moody Clause: Moody is banned
|rule|Evasion Moves Clause: Evasion moves are banned
|rule|Endless Battle Clause: Forcing endless battles is banned
|rule|HP Percentage Mod: HP is shown in percentages
|clearpoke
|poke|p1|Shedinja
|poke|p1|Absol, F
|poke|p1|Xatu, M
|poke|p1|Cobalion
|poke|p1|Archeops, M
|poke|p1|Tentacruel, M
|poke|p2|Nidoqueen, F
|poke|p2|Lucario, F
|poke|p2|Raikou
|poke|p2|Togekiss, F
|poke|p2|Dugtrio, F
|poke|p2|Hydreigon, M
|rule|Swagger Clause: Swagger is banned
|rule|Baton Pass Clause: Limit one PokÃ©mon knowing Baton Pass
|teampreview
|
|start
|switch|p1a: Redneck|Archeops, M|291\/291
|switch|p2a: Nidoqueen|Nidoqueen, F|347\/347
|turn|1
|c|âDonphantastic|!Data archeops
|c|~|\/data-pokemon Archeops

|
|move|p1a: Redneck|U-turn|p2a: Nidoqueen
|-crit|p2a: Nidoqueen
|-resisted|p2a: Nidoqueen
|-damage|p2a: Nidoqueen|274\/347
|
|switch|p1a: Ten Tickles|Tentacruel, M|364\/364
|move|p2a: Nidoqueen|Thunderbolt|p1a: Ten Tickles
|-supereffective|p1a: Ten Tickles
|-damage|p1a: Ten Tickles|143\/364
|
|-heal|p1a: Ten Tickles|165\/364|[from] item: Black Sludge
|turn|2
|
|move|p1a: Ten Tickles|Scald|p2a: Nidoqueen
|-supereffective|p2a: Nidoqueen
|-damage|p2a: Nidoqueen|86\/347
|move|p2a: Nidoqueen|Earth Power|p1a: Ten Tickles
|-supereffective|p1a: Ten Tickles
|-damage|p1a: Ten Tickles|0 fnt
|faint|p1a: Ten Tickles
|
|
|switch|p1a: Fairy\/Dark plz|Absol, F|271\/271
|turn|3
|
|switch|p2a: Togekiss|Togekiss, F|373\/373
|detailschange|p1a: Fairy\/Dark plz|Absol-Mega, F
|message|Absol has Mega Evolved into Mega Absol!
|move|p1a: Fairy\/Dark plz|Knock Off|p2a: Togekiss
|-resisted|p2a: Togekiss
|-damage|p2a: Togekiss|269\/373
|-enditem|p2a: Togekiss|Leftovers|[from] move: Knock Off|[of] p1a: Fairy\/Dark plz
|
|turn|4
|
|switch|p1a: Redneck|Archeops, M|291\/291
|move|p2a: Togekiss|Air Slash|p1a: Redneck
|-resisted|p1a: Redneck
|-damage|p1a: Redneck|219\/291
|
|turn|5
|
|switch|p2a: Nidoqueen|Nidoqueen, F|86\/347
|move|p1a: Redneck|Stone Edge|p2a: Nidoqueen|[miss]
|-miss|p1a: Redneck|p2a: Nidoqueen
|
|turn|6
|
|switch|p1a: Win Condition|Shedinja|1\/1
|move|p2a: Nidoqueen|Stealth Rock|p1a: Win Condition
|-sidestart|p1: Gordy Lifestyle|move: Stealth Rock
|
|turn|7
|c|âGordy Lifestyle|sigh
|
|switch|p2a: Togekiss|Togekiss, F|269\/373
|move|p1a: Win Condition|X-Scissor|p2a: Togekiss
|-resisted|p2a: Togekiss
|-damage|p2a: Togekiss|235\/373
|
|turn|8
|
|switch|p1a: Redneck|Archeops, M|219\/291
|-damage|p1a: Redneck|147\/291|[from] Stealth Rock
|move|p2a: Togekiss|Air Slash|p1a: Redneck
|-resisted|p1a: Redneck
|-damage|p1a: Redneck|72\/291
|
|turn|9
|
|move|p1a: Redneck|Defog|p2a: Togekiss
|-unboost|p2a: Togekiss|evasion|1
|-sideend|p1: Gordy Lifestyle|Stealth Rock|[from] move: Defog|[of] p1a: Redneck
|move|p2a: Togekiss|Roost|p2a: Togekiss
|-heal|p2a: Togekiss|373\/373
|
|turn|10
|
|switch|p1a: Combat Clothes|Cobalion|386\/386
|move|p2a: Togekiss|Air Slash|p1a: Combat Clothes
|-damage|p1a: Combat Clothes|259\/386
|
|turn|11
|
|switch|p1a: DOOT DOOT|Xatu, M|334\/334
|switch|p2a: Nidoqueen|Nidoqueen, F|86\/347
|
|turn|12
|
|move|p1a: DOOT DOOT|Night Shade|p2a: Nidoqueen
|-damage|p2a: Nidoqueen|0 fnt
|faint|p2a: Nidoqueen
|
|
|switch|p2a: Hydreigon|Hydreigon, M|325\/325
|turn|13
|
|move|p2a: Hydreigon|Superpower|p1a: DOOT DOOT
|-resisted|p1a: DOOT DOOT
|-damage|p1a: DOOT DOOT|304\/334
|-damage|p2a: Hydreigon|271\/325|[from] item: Rocky Helmet|[of] p1a: DOOT DOOT
|-unboost|p2a: Hydreigon|atk|1
|-unboost|p2a: Hydreigon|def|1
|-damage|p2a: Hydreigon|239\/325|[from] item: Life Orb
|move|p1a: DOOT DOOT|U-turn|p2a: Hydreigon
|-supereffective|p2a: Hydreigon
|-damage|p2a: Hydreigon|119\/325
|
|switch|p1a: Combat Clothes|Cobalion|259\/386
|
|turn|14
|
|switch|p2a: Togekiss|Togekiss, F|373\/373
|move|p1a: Combat Clothes|Iron Head|p2a: Togekiss
|-crit|p2a: Togekiss
|-supereffective|p2a: Togekiss
|-damage|p2a: Togekiss|85\/373
|
|turn|15
|
|move|p1a: Combat Clothes|Iron Head|p2a: Togekiss
|-supereffective|p2a: Togekiss
|-damage|p2a: Togekiss|0 fnt
|faint|p2a: Togekiss
|
|
|switch|p2a: Dugtrio|Dugtrio, F|211\/211
|turn|16
|
|move|p2a: Dugtrio|Earthquake|p1a: Combat Clothes
|-supereffective|p1a: Combat Clothes
|-damage|p1a: Combat Clothes|0 fnt
|faint|p1a: Combat Clothes
|
|
|switch|p1a: Redneck|Archeops, M|72\/291
|turn|17
|
|switch|p2a: Raikou|Raikou|322\/322
|-ability|p2a: Raikou|Pressure
|move|p1a: Redneck|U-turn|p2a: Raikou
|-damage|p2a: Raikou|261\/322
|
|switch|p1a: Win Condition|Shedinja|1\/1
|
|turn|18
|
|switch|p2a: Hydreigon|Hydreigon, M|119\/325
|move|p1a: Win Condition|Swords Dance|p1a: Win Condition
|-boost|p1a: Win Condition|atk|2
|
|turn|19
|join|Alldaalts
|
|switch|p1a: Redneck|Archeops, M|72\/291
|move|p2a: Hydreigon|Roost|p2a: Hydreigon
|-heal|p2a: Hydreigon|282\/325
|
|turn|20
|
|move|p1a: Redneck|U-turn|p2a: Hydreigon
|-supereffective|p2a: Hydreigon
|-damage|p2a: Hydreigon|164\/325
|
|switch|p1a: Fairy\/Dark plz|Absol-Mega, F|271\/271
|move|p2a: Hydreigon|Roost|p2a: Hydreigon
|-heal|p2a: Hydreigon|325\/325
|
|turn|21
|
|switch|p2a: Lucario|Lucario, F|281\/281
|move|p1a: Fairy\/Dark plz|Baton Pass|p1a: Fairy\/Dark plz
|
|switch|p1a: DOOT DOOT|Xatu, M|304\/334
|
|turn|22
|
|move|p2a: Lucario|Swords Dance|p2a: Lucario
|-boost|p2a: Lucario|atk|2
|move|p1a: DOOT DOOT|U-turn|p2a: Lucario
|-resisted|p2a: Lucario
|-damage|p2a: Lucario|271\/281
|
|switch|p1a: Win Condition|Shedinja|1\/1
|
|turn|23
|
|switch|p2a: Hydreigon|Hydreigon, M|325\/325
|move|p1a: Win Condition|X-Scissor|p2a: Hydreigon
|-supereffective|p2a: Hydreigon
|-damage|p2a: Hydreigon|47\/325
|
|turn|24
|
|move|p2a: Hydreigon|Dark Pulse|p1a: Win Condition
|-supereffective|p1a: Win Condition
|-enditem|p1a: Win Condition|Focus Sash
|-damage|p1a: Win Condition|1\/1
|-damage|p2a: Hydreigon|15\/325|[from] item: Life Orb
|move|p1a: Win Condition|X-Scissor|p2a: Hydreigon
|-supereffective|p2a: Hydreigon
|-damage|p2a: Hydreigon|0 fnt
|faint|p2a: Hydreigon
|
|
|switch|p2a: Dugtrio|Dugtrio, F|211\/211
|turn|25
|
|switch|p1a: DOOT DOOT|Xatu, M|304\/334
|move|p2a: Dugtrio|Stone Edge|p1a: DOOT DOOT
|-supereffective|p1a: DOOT DOOT
|-damage|p1a: DOOT DOOT|70\/334
|
|turn|26
|
|move|p2a: Dugtrio|Stone Edge|p1a: DOOT DOOT|[miss]
|-miss|p2a: Dugtrio|p1a: DOOT DOOT
|move|p1a: DOOT DOOT|Roost|p1a: DOOT DOOT
|-heal|p1a: DOOT DOOT|237\/334
|
|turn|27
|
|switch|p1a: Redneck|Archeops, M|72\/291
|move|p2a: Dugtrio|Stone Edge|p1a: Redneck|[miss]
|-miss|p2a: Dugtrio|p1a: Redneck
|
|turn|28
|
|move|p1a: Redneck|U-turn|p2a: Dugtrio
|-damage|p2a: Dugtrio|128\/211
|
|switch|p1a: Fairy\/Dark plz|Absol-Mega, F|271\/271
|move|p2a: Dugtrio|Stone Edge|p1a: Fairy\/Dark plz|[miss]
|-miss|p2a: Dugtrio|p1a: Fairy\/Dark plz
|
|turn|29
|c|âDonphantastic|oml
|
|switch|p2a: Lucario|Lucario, F|271\/281
|move|p1a: Fairy\/Dark plz|Swords Dance|p1a: Fairy\/Dark plz
|-boost|p1a: Fairy\/Dark plz|atk|2
|
|turn|30
|
|move|p1a: Fairy\/Dark plz|Baton Pass|p1a: Fairy\/Dark plz
|
|switch|p1a: Win Condition|Shedinja|1\/1
|move|p2a: Lucario|Close Combat|p1a: Win Condition
|-immune|p1a: Win Condition|[msg]
|
|turn|31
|
|switch|p2a: Raikou|Raikou|261\/322
|-ability|p2a: Raikou|Pressure
|move|p1a: Win Condition|X-Scissor|p2a: Raikou
|-damage|p2a: Raikou|0 fnt
|faint|p2a: Raikou
|
|
|switch|p2a: Dugtrio|Dugtrio, F|128\/211
|turn|32
|
|switch|p1a: Redneck|Archeops, M|72\/291
|move|p2a: Dugtrio|Sucker Punch|p1a: Redneck
|-fail|p1a: Redneck
|
|turn|33
|
|switch|p1a: DOOT DOOT|Xatu, M|237\/334
|switch|p2a: Lucario|Lucario, F|271\/281
|
|turn|34
|
|switch|p2a: Dugtrio|Dugtrio, F|128\/211
|move|p1a: DOOT DOOT|U-turn|p2a: Dugtrio
|-damage|p2a: Dugtrio|75\/211
|
|switch|p1a: Redneck|Archeops, M|72\/291
|
|turn|35
|
|move|p1a: Redneck|U-turn|p2a: Dugtrio
|-damage|p2a: Dugtrio|2\/211
|
|switch|p1a: Fairy\/Dark plz|Absol-Mega, F|271\/271
|move|p2a: Dugtrio|Stone Edge|p1a: Fairy\/Dark plz
|-damage|p1a: Fairy\/Dark plz|66\/271
|
|turn|36
|
|move|p1a: Fairy\/Dark plz|Sucker Punch|p2a: Dugtrio
|-damage|p2a: Dugtrio|0 fnt
|faint|p2a: Dugtrio
|
|-message|Donphantastic forfeited.
|
|win|Gordy Lifestyle
|raw|Ladder updating...
|leave|Donphantastic
|player|p2
|raw|Gordy Lifestyle's rating: 1548 &rarr; <strong>1573<\/strong><br \/>(+25 for winning)
|raw|Donphantastic's rating: 1645 &rarr; <strong>1619<\/strong><br \/>(-26 for losing)
|leave|Alldaalts