|join|Gordy Lifestyle
|join|Nightmare Vampire
|player|p1|Gordy Lifestyle|172
|player|p2|Nightmare Vampire|7
|gametype|singles
|gen|6
|tier|UU
|rated
|rule|Sleep Clause Mod: Limit one foe put to sleep
|rule|Species Clause: Limit one of each Pokemon
|rule|OHKO Clause: OHKO moves are banned
|rule|Moody Clause: Moody is banned
|rule|Evasion Moves Clause: Evasion moves are banned
|rule|Endless Battle Clause: Forcing endless battles is banned
|rule|HP Percentage Mod: HP is reported as percentages
|clearpoke
|poke|p1|Alakazam, M
|poke|p1|Slowbro, F
|poke|p1|Mew
|poke|p1|Blissey, F
|poke|p1|Krookodile, M
|poke|p1|Fletchinder, F
|poke|p2|Hydreigon, F, shiny
|poke|p2|Victini
|poke|p2|Mienshao, F
|poke|p2|Forretress, F, shiny
|poke|p2|Heracross, M
|poke|p2|Tornadus-Therian, M
|rule|Swagger Clause: Swagger is banned
|rule|Baton Pass Clause: Limit 3 pokemon knowing Baton Pass
|teampreview
|
|start
|switch|p1a: Mew|Mew|403\/403
|switch|p2a: Cancer|Tornadus-Therian, M|299\/299
|turn|1
|
|move|p2a: Cancer|U-turn|p1a: Mew
|-supereffective|p1a: Mew
|-damage|p1a: Mew|244\/403
|-damage|p2a: Cancer|270\/299|[from] item: Life Orb
|
|switch|p2a: Golden Turret|Forretress, F, shiny|353\/353
|move|p1a: Mew|Will-O-Wisp|p2a: Golden Turret
|-status|p2a: Golden Turret|brn
|
|-heal|p1a: Mew|269\/403|[from] item: Leftovers
|-damage|p2a: Golden Turret|309\/353 brn|[from] brn
|turn|2
|
|move|p1a: Mew|Knock Off|p2a: Golden Turret
|-damage|p2a: Golden Turret|267\/353 brn
|-enditem|p2a: Golden Turret|Leftovers|[from] move: Knock Off|[of] p1a: Mew
|move|p2a: Golden Turret|Volt Switch|p1a: Mew
|-damage|p1a: Mew|244\/403
|
|switch|p2a: Teeny Tiny|Victini|341\/341
|
|-heal|p1a: Mew|269\/403|[from] item: Leftovers
|turn|3
|
|switch|p1a: Short Bus|Slowbro, F|394\/394
|move|p2a: Teeny Tiny|U-turn|p1a: Short Bus
|-supereffective|p1a: Short Bus
|-damage|p1a: Short Bus|258\/394
|-damage|p2a: Teeny Tiny|285\/341|[from] item: Rocky Helmet|[of] p1a: Short Bus
|
|switch|p2a: Medusa|Hydreigon, F, shiny|325\/325
|
|turn|4
|chat|Gordy Lifestyle|oh fuck tornadus is back?
|
|switch|p1a: Blissey|Blissey, F|652\/652
|move|p2a: Medusa|U-turn|p1a: Blissey
|-damage|p1a: Blissey|564\/652
|chat|Nightmare Vampire|Mhm
|
|switch|p2a: Massacre|Heracross, M|329\/329
|
|-heal|p1a: Blissey|604\/652|[from] item: Leftovers
|turn|5
|
|move|p2a: Massacre|Close Combat|p1a: Blissey
|-supereffective|p1a: Blissey
|-damage|p1a: Blissey|0 fnt
|-unboost|p2a: Massacre|def|1
|-unboost|p2a: Massacre|spd|1
|faint|p1a: Blissey
|
|
|switch|p1a: Fletchinder|Fletchinder, F|327\/327
|turn|6
|
|switch|p2a: Golden Turret|Forretress, F, shiny|267\/353 brn
|move|p1a: Fletchinder|Swords Dance|p1a: Fletchinder
|-boost|p1a: Fletchinder|atk|2
|
|-damage|p2a: Golden Turret|223\/353 brn|[from] brn
|turn|7
|
|move|p1a: Fletchinder|Acrobatics|p2a: Golden Turret
|-damage|p2a: Golden Turret|61\/353 brn
|move|p2a: Golden Turret|Stealth Rock|p1a: Fletchinder
|-sidestart|p1: Gordy Lifestyle|move: Stealth Rock
|
|-damage|p2a: Golden Turret|17\/353 brn|[from] brn
|turn|8
|
|move|p1a: Fletchinder|Swords Dance|p1a: Fletchinder
|-boost|p1a: Fletchinder|atk|2
|move|p2a: Golden Turret|Volt Switch|p1a: Fletchinder
|-supereffective|p1a: Fletchinder
|-damage|p1a: Fletchinder|211\/327
|
|switch|p2a: Teeny Tiny|Victini|285\/341
|
|turn|9
|
|move|p1a: Fletchinder|Acrobatics|p2a: Teeny Tiny
|-damage|p2a: Teeny Tiny|0 fnt
|faint|p2a: Teeny Tiny
|
|
|switch|p2a: Medusa|Hydreigon, F, shiny|325\/325
|turn|10
|chat|Gordy Lifestyle|uh oh... gg?
|
|move|p1a: Fletchinder|Acrobatics|p2a: Medusa
|-damage|p2a: Medusa|0 fnt
|faint|p2a: Medusa
|
|chat|Nightmare Vampire|Gg
|-message|Nightmare Vampire forfeited.
|
|win|Gordy Lifestyle
|raw|Ladder updating...
|raw|Gordy Lifestyle's rating: 1529 &rarr; <strong>1545<\/strong><br \/>(+16 for winning)
|raw|Nightmare Vampire's rating: 1457 &rarr; <strong>1441<\/strong><br \/>(-16 for losing)