|join|Gordy Lifestyle
|join|ClassicHera
|player|p1|Gordy Lifestyle|172
|player|p2|ClassicHera|102
|gametype|singles
|gen|6
|tier|UU
|rated
|rule|Sleep Clause Mod: Limit one foe put to sleep
|rule|Species Clause: Limit one of each Pokemon
|rule|OHKO Clause: OHKO moves are banned
|rule|Moody Clause: Moody is banned
|rule|Evasion Moves Clause: Evasion moves are banned
|rule|Endless Battle Clause: Forcing endless battles is banned
|rule|HP Percentage Mod: HP is reported as percentages
|clearpoke
|poke|p1|Aerodactyl, M, shiny
|poke|p1|Snorlax, F
|poke|p1|Metagross
|poke|p1|Slowbro, M
|poke|p1|Florges, F
|poke|p1|Starmie
|poke|p2|Bronzong
|poke|p2|Hippowdon, F
|poke|p2|Goodra, F
|poke|p2|Mienshao, M
|poke|p2|Lucario, M
|poke|p2|Victini
|rule|Swagger Clause: Swagger is banned
|rule|Baton Pass Clause: Limit 3 pokemon knowing Baton Pass
|teampreview
|
|start
|switch|p1a: Starmie|Starmie|261\/261
|switch|p2a: Mienshao|Mienshao, M|271\/271
|turn|1
|
|switch|p1a: Freya|Florges, F|360\/360
|move|p2a: Mienshao|U-turn|p1a: Freya
|-resisted|p1a: Freya
|-damage|p1a: Freya|321\/360
|
|switch|p2a: Victini|Victini|341\/341
|
|-heal|p1a: Freya|343\/360|[from] item: Leftovers
|turn|2
|
|move|p1a: Freya|Protect|p1a: Freya
|-singleturn|p1a: Freya|Protect
|move|p2a: Victini|V-create|p1a: Freya
|-activate|p1a: Freya|Protect
|
|-heal|p1a: Freya|360\/360|[from] item: Leftovers
|turn|3
|
|switch|p1a: Short Bus|Slowbro, M|394\/394
|move|p2a: Victini|Bolt Strike|p1a: Short Bus
|-supereffective|p1a: Short Bus
|-damage|p1a: Short Bus|134\/394
|-damage|p2a: Victini|285\/341|[from] item: Rocky Helmet|[of] p1a: Short Bus
|-damage|p2a: Victini|251\/341|[from] item: Life Orb
|
|turn|4
|
|switch|p1a: Swolelax|Snorlax, F|497\/497
|move|p2a: Victini|Bolt Strike|p1a: Swolelax
|-damage|p1a: Swolelax|288\/497
|-damage|p2a: Victini|217\/341|[from] item: Life Orb
|
|-heal|p1a: Swolelax|319\/497|[from] item: Leftovers
|turn|5
|
|switch|p2a: Hippowdon|Hippowdon, F|420\/420
|-weather|Sandstorm
|move|p1a: Swolelax|Rest|p1a: Swolelax
|-status|p1a: Swolelax|slp
|-heal|p1a: Swolelax|497\/497 slp|[silent]
|-status|p1a: Swolelax|slp|[from] move: Rest
|
|-weather|Sandstorm|[upkeep]
|-damage|p1a: Swolelax|466\/497 slp|[from] sandstorm
|-heal|p1a: Swolelax|497\/497 slp|[from] item: Leftovers
|turn|6
|
|move|p2a: Hippowdon|Stealth Rock|p1a: Swolelax
|-sidestart|p1: Gordy Lifestyle|move: Stealth Rock
|cant|p1a: Swolelax|slp
|move|p1a: Swolelax|Sleep Talk|p1a: Swolelax
|move|p1a: Swolelax|Curse|p1a: Swolelax|[from]Sleep Talk
|-boost|p1a: Swolelax|atk|1
|-boost|p1a: Swolelax|def|1
|-unboost|p1a: Swolelax|spe|1
|
|-weather|Sandstorm|[upkeep]
|-damage|p1a: Swolelax|466\/497 slp|[from] sandstorm
|-heal|p1a: Swolelax|497\/497 slp|[from] item: Leftovers
|turn|7
|
|cant|p1a: Swolelax|slp
|move|p1a: Swolelax|Sleep Talk|p1a: Swolelax
|move|p1a: Swolelax|Curse|p1a: Swolelax|[from]Sleep Talk
|-boost|p1a: Swolelax|atk|1
|-boost|p1a: Swolelax|def|1
|-unboost|p1a: Swolelax|spe|1
|move|p2a: Hippowdon|Roar|p1a: Swolelax
|drag|p1a: Blue Steel|Metagross|364\/364
|-damage|p1a: Blue Steel|342\/364|[from] Stealth Rock
|
|-weather|Sandstorm|[upkeep]
|turn|8
|
|move|p1a: Blue Steel|Meteor Mash|p2a: Hippowdon|[miss]
|-miss|p1a: Blue Steel|p2a: Hippowdon
|move|p2a: Hippowdon|Roar|p1a: Blue Steel
|drag|p1a: Swolelax|Snorlax, F|497\/497 slp
|-damage|p1a: Swolelax|435\/497 slp|[from] Stealth Rock
|
|-weather|Sandstorm|[upkeep]
|-damage|p1a: Swolelax|404\/497 slp|[from] sandstorm
|-heal|p1a: Swolelax|435\/497 slp|[from] item: Leftovers
|turn|9
|
|-curestatus|p1a: Swolelax|slp
|move|p1a: Swolelax|Frustration|p2a: Hippowdon
|-damage|p2a: Hippowdon|332\/420
|move|p2a: Hippowdon|Roar|p1a: Swolelax
|drag|p1a: Blue Steel|Metagross|342\/364
|-damage|p1a: Blue Steel|320\/364|[from] Stealth Rock
|
|-weather|none
|-heal|p2a: Hippowdon|358\/420|[from] item: Leftovers
|turn|10
|
|move|p1a: Blue Steel|Meteor Mash|p2a: Hippowdon
|-damage|p2a: Hippowdon|241\/420
|move|p2a: Hippowdon|Earthquake|p1a: Blue Steel
|-supereffective|p1a: Blue Steel
|-damage|p1a: Blue Steel|98\/364
|-enditem|p1a: Blue Steel|Weakness Policy
|-boost|p1a: Blue Steel|atk|2|[from] item: Weakness Policy
|-boost|p1a: Blue Steel|spa|2|[from] item: Weakness Policy
|
|-heal|p2a: Hippowdon|267\/420|[from] item: Leftovers
|turn|11
|
|move|p1a: Blue Steel|Grass Knot|p2a: Hippowdon
|-supereffective|p2a: Hippowdon
|-damage|p2a: Hippowdon|0 fnt
|faint|p2a: Hippowdon
|
|
|switch|p2a: Lucario|Lucario, M|281\/281
|turn|12
|
|move|p2a: Lucario|Aura Sphere|p1a: Blue Steel
|-damage|p1a: Blue Steel|0 fnt
|-damage|p2a: Lucario|253\/281|[from] item: Life Orb
|faint|p1a: Blue Steel
|
|
|switch|p1a: Starmie|Starmie|261\/261
|-damage|p1a: Starmie|229\/261|[from] Stealth Rock
|turn|13
|
|move|p1a: Starmie|Rapid Spin|p2a: Lucario
|-resisted|p2a: Lucario
|-damage|p2a: Lucario|245\/281
|-sideend|p1: Gordy Lifestyle|Stealth Rock|[from] move: Rapid Spin|[of] p1a: Starmie
|move|p2a: Lucario|Nasty Plot|p2a: Lucario
|-boost|p2a: Lucario|spa|2
|
|turn|14
|
|switch|p1a: Freya|Florges, F|360\/360
|move|p2a: Lucario|Flash Cannon|p1a: Freya
|-supereffective|p1a: Freya
|-damage|p1a: Freya|0 fnt
|-damage|p2a: Lucario|217\/281|[from] item: Life Orb
|faint|p1a: Freya
|
|
|switch|p1a: Starmie|Starmie|229\/261
|turn|15
|
|move|p1a: Starmie|Hydro Pump|p2a: Lucario
|-damage|p2a: Lucario|0 fnt
|faint|p2a: Lucario
|
|
|switch|p2a: Mienshao|Mienshao, M|271\/271
|turn|16
|
|switch|p1a: Short Bus|Slowbro, M|265\/394
|move|p2a: Mienshao|U-turn|p1a: Short Bus
|-supereffective|p1a: Short Bus
|-damage|p1a: Short Bus|155\/394
|-damage|p2a: Mienshao|226\/271|[from] item: Rocky Helmet|[of] p1a: Short Bus
|
|switch|p2a: Goodra|Goodra, F|383\/383
|
|turn|17
|
|switch|p1a: Swolelax|Snorlax, F|435\/497
|move|p2a: Goodra|Thunderbolt|p1a: Swolelax
|-damage|p1a: Swolelax|377\/497
|-status|p1a: Swolelax|par
|
|-heal|p1a: Swolelax|408\/497 par|[from] item: Leftovers
|turn|18
|
|move|p1a: Swolelax|Frustration|p2a: Goodra
|-damage|p2a: Goodra|197\/383
|move|p2a: Goodra|Dragon Tail|p1a: Swolelax
|-damage|p1a: Swolelax|326\/497 par
|drag|p1a: Petrie|Aerodactyl, M, shiny|331\/331
|-ability|p1a: Petrie|Pressure
|
|-heal|p2a: Goodra|220\/383|[from] item: Leftovers
|turn|19
|
|switch|p1a: Swolelax|Snorlax, F|326\/497 par
|switch|p2a: Bronzong|Bronzong|338\/338
|
|-heal|p1a: Swolelax|357\/497 par|[from] item: Leftovers
|turn|20
|
|switch|p2a: Mienshao|Mienshao, M|226\/271
|cant|p1a: Swolelax|par
|
|-heal|p1a: Swolelax|388\/497 par|[from] item: Leftovers
|turn|21
|
|switch|p1a: Short Bus|Slowbro, M|286\/394
|move|p2a: Mienshao|High Jump Kick|p1a: Short Bus
|-resisted|p1a: Short Bus
|-damage|p1a: Short Bus|192\/394
|-damage|p2a: Mienshao|181\/271|[from] item: Rocky Helmet|[of] p1a: Short Bus
|
|turn|22
|
|move|p2a: Mienshao|High Jump Kick|p1a: Short Bus|[miss]
|-miss|p2a: Mienshao|p1a: Short Bus
|-damage|p2a: Mienshao|46\/271|[from] highjumpkick
|move|p1a: Short Bus|Slack Off|p1a: Short Bus
|-heal|p1a: Short Bus|389\/394
|
|turn|23
|chat|ClassicHera|team matchup win
|-message|ClassicHera forfeited.
|
|win|Gordy Lifestyle
|raw|Ladder updating...
|leave|ClassicHera
|player|p2
|raw|Gordy Lifestyle's rating: 1527 &rarr; <strong>1545<\/strong><br \/>(+18 for winning)
|raw|ClassicHera's rating: 1504 &rarr; <strong>1485<\/strong><br \/>(-19 for losing)