|join|Bouff
|join|Gordy Lifestyle
|player|p1|Bouff|272
|player|p2|Gordy Lifestyle|16
|gametype|singles
|gen|6
|tier|UU
|rated
|rule|Sleep Clause Mod: Limit one foe put to sleep
|rule|Species Clause: Limit one of each PokÃ©mon
|rule|OHKO Clause: OHKO moves are banned
|rule|Moody Clause: Moody is banned
|rule|Evasion Moves Clause: Evasion moves are banned
|rule|Endless Battle Clause: Forcing endless battles is banned
|rule|HP Percentage Mod: HP is shown in percentages
|clearpoke
|poke|p1|Froslass, F
|poke|p1|Sableye, F
|poke|p1|Swampert, M
|poke|p1|Lucario, M
|poke|p1|Jirachi
|poke|p1|Togekiss, M
|poke|p2|Doublade, F, shiny
|poke|p2|Togekiss, F, shiny
|poke|p2|Blissey, F
|poke|p2|Houndoom, M
|poke|p2|Tentacruel, M
|poke|p2|Rotom-Mow
|rule|Swagger Clause: Swagger is banned
|rule|Baton Pass Clause: Limit one PokÃ©mon knowing Baton Pass
|teampreview
|
|start
|switch|p1a: Froslass|Froslass, F|344\/344
|switch|p2a: Landing Strip?|Rotom-Mow|241\/241
|turn|1
|
|move|p2a: Landing Strip?|Volt Switch|p1a: Froslass
|-damage|p1a: Froslass|188\/344
|
|switch|p2a: Venetia Shield|Doublade, F, shiny|309\/309
|move|p1a: Froslass|Spikes|p2a: Venetia Shield
|-sidestart|p2: Gordy Lifestyle|Spikes
|
|turn|2
|
|move|p1a: Froslass|Taunt|p2a: Venetia Shield
|-start|p2a: Venetia Shield|move: Taunt
|move|p2a: Venetia Shield|Shadow Claw|p1a: Froslass
|-supereffective|p1a: Froslass
|-damage|p1a: Froslass|0 fnt
|-start|p2a: Venetia Shield|Disable|Shadow Claw
|faint|p1a: Froslass
|
|
|switch|p1a: Swampert|Swampert, M|404\/404
|turn|3
|
|switch|p2a: Landing Strip?|Rotom-Mow|241\/241
|move|p1a: Swampert|Stealth Rock|p2a: Landing Strip?
|-sidestart|p2: Gordy Lifestyle|move: Stealth Rock
|
|turn|4
|
|switch|p1a: Jirachi|Jirachi|341\/341
|move|p2a: Landing Strip?|Volt Switch|p1a: Jirachi
|-damage|p1a: Jirachi|229\/341
|
|switch|p2a: Kraken|Tentacruel, M|361\/361
|-damage|p2a: Kraken|316\/361|[from] Stealth Rock
|-damage|p2a: Kraken|271\/361|[from] Spikes
|
|-heal|p2a: Kraken|293\/361|[from] item: Leftovers
|turn|5
|
|move|p1a: Jirachi|U-turn|p2a: Kraken
|-crit|p2a: Kraken
|-resisted|p2a: Kraken
|-damage|p2a: Kraken|244\/361
|
|switch|p1a: Sableye|Sableye, F|304\/304
|move|p2a: Kraken|Toxic Spikes|p1a: Sableye
|-sidestart|p1: Bouff|move: Toxic Spikes
|
|-heal|p2a: Kraken|266\/361|[from] item: Leftovers
|turn|6
|
|move|p1a: Sableye|Will-O-Wisp|p2a: Kraken
|-status|p2a: Kraken|brn
|move|p2a: Kraken|Toxic Spikes|p1a: Sableye
|-sidestart|p1: Bouff|move: Toxic Spikes
|
|-heal|p2a: Kraken|288\/361 brn|[from] item: Leftovers
|-damage|p2a: Kraken|243\/361 brn|[from] brn
|turn|7
|
|switch|p2a: Cerberus|Houndoom, M|291\/291
|-damage|p2a: Cerberus|255\/291|[from] Spikes
|-damage|p2a: Cerberus|183\/291|[from] Stealth Rock
|move|p1a: Sableye|Knock Off|p2a: Cerberus
|-resisted|p2a: Cerberus
|-damage|p2a: Cerberus|128\/291
|
|turn|8
|
|detailschange|p2a: Cerberus|Houndoom-Mega, M
|message|Houndoom has Mega Evolved into Mega Houndoom!
|move|p1a: Sableye|Taunt|p2a: Cerberus
|-start|p2a: Cerberus|move: Taunt
|move|p2a: Cerberus|Fire Blast|p1a: Sableye
|-damage|p1a: Sableye|93\/304
|
|-heal|p1a: Sableye|112\/304|[from] item: Leftovers
|turn|9
|
|move|p1a: Sableye|Recover|p1a: Sableye
|-heal|p1a: Sableye|264\/304
|move|p2a: Cerberus|Dark Pulse|p1a: Sableye
|-crit|p1a: Sableye
|-damage|p1a: Sableye|53\/304
|
|-heal|p1a: Sableye|72\/304|[from] item: Leftovers
|turn|10
|
|switch|p1a: Togekiss|Togekiss, M|311\/311
|move|p2a: Cerberus|Fire Blast|p1a: Togekiss
|-damage|p1a: Togekiss|116\/311
|
|-heal|p1a: Togekiss|135\/311|[from] item: Leftovers
|-end|p2a: Cerberus|move: Taunt
|turn|11
|
|move|p2a: Cerberus|Fire Blast|p1a: Togekiss
|-damage|p1a: Togekiss|0 fnt
|faint|p1a: Togekiss
|
|
|switch|p1a: Lucario|Lucario, M|281\/281
|turn|12
|
|move|p1a: Lucario|Extreme Speed|p2a: Cerberus
|-damage|p2a: Cerberus|0 fnt
|-damage|p1a: Lucario|253\/281|[from] item: Life Orb
|faint|p2a: Cerberus
|
|
|switch|p2a: Kraken|Tentacruel, M|243\/361 brn
|-damage|p2a: Kraken|198\/361 brn|[from] Spikes
|-damage|p2a: Kraken|153\/361 brn|[from] Stealth Rock
|turn|13
|
|switch|p1a: Sableye|Sableye, F|72\/304
|-status|p1a: Sableye|tox
|move|p2a: Kraken|Scald|p1a: Sableye
|-damage|p1a: Sableye|5\/304 tox
|
|-heal|p2a: Kraken|175\/361 brn|[from] item: Leftovers
|-heal|p1a: Sableye|24\/304 tox|[from] item: Leftovers
|-damage|p2a: Kraken|130\/361 brn|[from] brn
|-damage|p1a: Sableye|5\/304 tox|[from] psn
|turn|14
|
|switch|p2a: Scrambled|Togekiss, F, shiny|351\/351
|-damage|p2a: Scrambled|264\/351|[from] Stealth Rock
|move|p1a: Sableye|Recover|p1a: Sableye
|-heal|p1a: Sableye|157\/304 tox
|
|-heal|p2a: Scrambled|285\/351|[from] item: Leftovers
|-heal|p1a: Sableye|176\/304 tox|[from] item: Leftovers
|-damage|p1a: Sableye|138\/304 tox|[from] psn
|turn|15
|
|switch|p1a: Jirachi|Jirachi|229\/341
|move|p2a: Scrambled|Heal Bell|p2a: Scrambled
|-cureteam|p2a: Scrambled|[from] move: HealBell
|
|-heal|p2a: Scrambled|306\/351|[from] item: Leftovers
|turn|16
|
|move|p1a: Jirachi|U-turn|p2a: Scrambled
|-resisted|p2a: Scrambled
|-damage|p2a: Scrambled|293\/351
|
|switch|p1a: Swampert|Swampert, M|404\/404
|-status|p1a: Swampert|tox
|move|p2a: Scrambled|Air Slash|p1a: Swampert
|-crit|p1a: Swampert
|-damage|p1a: Swampert|226\/404 tox
|
|-heal|p2a: Scrambled|314\/351|[from] item: Leftovers
|-heal|p1a: Swampert|251\/404 tox|[from] item: Leftovers
|-damage|p1a: Swampert|226\/404 tox|[from] psn
|turn|17
|
|switch|p1a: Jirachi|Jirachi|229\/341
|move|p2a: Scrambled|Air Slash|p1a: Jirachi
|-resisted|p1a: Jirachi
|-damage|p1a: Jirachi|180\/341
|
|-heal|p2a: Scrambled|335\/351|[from] item: Leftovers
|turn|18
|
|switch|p2a: Venetia Shield|Doublade, F, shiny|309\/309
|-damage|p2a: Venetia Shield|290\/309|[from] Stealth Rock
|-damage|p2a: Venetia Shield|252\/309|[from] Spikes
|move|p1a: Jirachi|Iron Head|p2a: Venetia Shield
|-resisted|p2a: Venetia Shield
|-damage|p2a: Venetia Shield|222\/309
|
|turn|19
|
|switch|p1a: Sableye|Sableye, F|138\/304 tox
|move|p2a: Venetia Shield|Shadow Claw|p1a: Sableye
|-damage|p1a: Sableye|0 fnt
|faint|p1a: Sableye
|
|
|switch|p1a: Swampert|Swampert, M|226\/404 tox
|turn|20
|
|switch|p2a: Teen Mom|Blissey, F|651\/651
|-damage|p2a: Teen Mom|570\/651|[from] Stealth Rock
|-damage|p2a: Teen Mom|489\/651|[from] Spikes
|move|p1a: Swampert|Scald|p2a: Teen Mom
|-damage|p2a: Teen Mom|431\/651
|
|-heal|p2a: Teen Mom|471\/651|[from] item: Leftovers
|-heal|p1a: Swampert|251\/404 tox|[from] item: Leftovers
|-damage|p1a: Swampert|226\/404 tox|[from] psn
|turn|21
|
|move|p2a: Teen Mom|Stealth Rock|p1a: Swampert
|-sidestart|p1: Bouff|move: Stealth Rock
|move|p1a: Swampert|Roar|p2a: Teen Mom
|drag|p2a: Kraken|Tentacruel, M|130\/361
|-damage|p2a: Kraken|85\/361|[from] Spikes
|-damage|p2a: Kraken|40\/361|[from] Stealth Rock
|
|-heal|p2a: Kraken|62\/361|[from] item: Leftovers
|-heal|p1a: Swampert|251\/404 tox|[from] item: Leftovers
|-damage|p1a: Swampert|201\/404 tox|[from] psn
|turn|22
|
|move|p2a: Kraken|Rapid Spin|p1a: Swampert
|-damage|p1a: Swampert|193\/404 tox
|-sideend|p2: Gordy Lifestyle|Spikes|[from] move: Rapid Spin|[of] p2a: Kraken
|-sideend|p2: Gordy Lifestyle|Stealth Rock|[from] move: Rapid Spin|[of] p2a: Kraken
|move|p1a: Swampert|Earthquake|p2a: Kraken
|-supereffective|p2a: Kraken
|-damage|p2a: Kraken|0 fnt
|faint|p2a: Kraken
|
|-heal|p1a: Swampert|218\/404 tox|[from] item: Leftovers
|-damage|p1a: Swampert|143\/404 tox|[from] psn
|
|switch|p2a: Landing Strip?|Rotom-Mow|241\/241
|turn|23
|join|eyyyyyyyy
|
|move|p2a: Landing Strip?|Leaf Storm|p1a: Swampert
|-supereffective|p1a: Swampert
|-damage|p1a: Swampert|0 fnt
|-unboost|p2a: Landing Strip?|spa|2
|faint|p1a: Swampert
|
|c| eyyyyyyyy|b-bouff
|c|âBouff|i lose
|c|âBouff|ugh
|c|âBouff|this team is aids
|c| eyyyyyyyy|stop losing b-bouff
|-message|Bouff forfeited.
|
|win|Gordy Lifestyle
|raw|Ladder updating...
|leave|Bouff
|player|p1
|raw|Bouff's rating: 1596 &rarr; <strong>1570<\/strong><br \/>(-26 for losing)
|raw|Gordy Lifestyle's rating: 1484 &rarr; <strong>1510<\/strong><br \/>(+26 for winning)