|join|Gordy Lifestyle
|join|Kink Research
|player|p1|Gordy Lifestyle|16
|player|p2|Kink Research|29
|gametype|singles
|gen|6
|tier|UU
|rated
|rule|Sleep Clause Mod: Limit one foe put to sleep
|rule|Species Clause: Limit one of each PokÃ©mon
|rule|OHKO Clause: OHKO moves are banned
|rule|Moody Clause: Moody is banned
|rule|Evasion Moves Clause: Evasion moves are banned
|rule|Endless Battle Clause: Forcing endless battles is banned
|rule|HP Percentage Mod: HP is shown in percentages
|clearpoke
|poke|p1|Doublade, F, shiny
|poke|p1|Granbull, M
|poke|p1|Blissey, F
|poke|p1|Houndoom, M
|poke|p1|Tentacruel, M
|poke|p1|Rotom-Mow
|poke|p2|Delphox, F
|poke|p2|Swampert, M
|poke|p2|Diancie
|poke|p2|Ampharos, F
|poke|p2|Crobat, F
|poke|p2|Umbreon, M
|rule|Swagger Clause: Swagger is banned
|rule|Baton Pass Clause: Limit one PokÃ©mon knowing Baton Pass
|teampreview
|
|start
|switch|p1a: Landing Strip?|Rotom-Mow|241\/241
|switch|p2a: Ampharos|Ampharos, F|384\/384
|turn|1
|
|detailschange|p2a: Ampharos|Ampharos-Mega, F
|message|Ampharos has Mega Evolved into Mega Ampharos!
|-ability|p2a: Ampharos|Mold Breaker
|move|p1a: Landing Strip?|Volt Switch|p2a: Ampharos
|-resisted|p2a: Ampharos
|-damage|p2a: Ampharos|359\/384
|
|switch|p1a: Teen Mom|Blissey, F|651\/651
|move|p2a: Ampharos|Volt Switch|p1a: Teen Mom
|-damage|p1a: Teen Mom|551\/651
|
|switch|p2a: Swampert|Swampert, M|404\/404
|
|-heal|p1a: Teen Mom|591\/651|[from] item: Leftovers
|turn|2
|
|move|p1a: Teen Mom|Stealth Rock|p2a: Swampert
|-sidestart|p2: Kink Research|move: Stealth Rock
|move|p2a: Swampert|Stealth Rock|p1a: Teen Mom
|-sidestart|p1: Gordy Lifestyle|move: Stealth Rock
|
|-heal|p1a: Teen Mom|631\/651|[from] item: Leftovers
|turn|3
|
|move|p1a: Teen Mom|Toxic|p2a: Swampert
|-status|p2a: Swampert|tox
|move|p2a: Swampert|Earthquake|p1a: Teen Mom
|-damage|p1a: Teen Mom|327\/651
|
|-heal|p1a: Teen Mom|367\/651|[from] item: Leftovers
|-damage|p2a: Swampert|379\/404 tox|[from] psn
|turn|4
|join|zTerribadTastic
|
|move|p1a: Teen Mom|Soft-Boiled|p1a: Teen Mom
|-heal|p1a: Teen Mom|651\/651
|move|p2a: Swampert|Earthquake|p1a: Teen Mom
|-damage|p1a: Teen Mom|339\/651
|
|-heal|p1a: Teen Mom|379\/651|[from] item: Leftovers
|-heal|p2a: Swampert|404\/404 tox|[from] item: Leftovers
|-damage|p2a: Swampert|354\/404 tox|[from] psn
|turn|5
|c| zTerribadTastic|Its cool
|
|switch|p2a: Diancie|Diancie|304\/304
|-damage|p2a: Diancie|266\/304|[from] Stealth Rock
|move|p1a: Teen Mom|Seismic Toss|p2a: Diancie
|-damage|p2a: Diancie|166\/304
|
|-heal|p1a: Teen Mom|419\/651|[from] item: Leftovers
|-heal|p2a: Diancie|185\/304|[from] item: Leftovers
|turn|6
|c| zTerribadTastic|he lacks the P2 lagann
|
|move|p1a: Teen Mom|Toxic|p2a: Diancie
|-status|p2a: Diancie|tox
|move|p2a: Diancie|Calm Mind|p2a: Diancie
|-boost|p2a: Diancie|spa|1
|-boost|p2a: Diancie|spd|1
|
|-heal|p1a: Teen Mom|459\/651|[from] item: Leftovers
|-heal|p2a: Diancie|204\/304 tox|[from] item: Leftovers
|-damage|p2a: Diancie|185\/304 tox|[from] psn
|turn|7
|
|move|p1a: Teen Mom|Seismic Toss|p2a: Diancie
|-damage|p2a: Diancie|85\/304 tox
|move|p2a: Diancie|Rest|p2a: Diancie
|-status|p2a: Diancie|slp
|-heal|p2a: Diancie|304\/304 slp|[silent]
|-status|p2a: Diancie|slp|[from] move: Rest
|
|-heal|p1a: Teen Mom|499\/651|[from] item: Leftovers
|turn|8
|join|sniperaim
|
|switch|p1a: Venetia Shield|Doublade, F, shiny|309\/309
|-damage|p1a: Venetia Shield|290\/309|[from] Stealth Rock
|cant|p2a: Diancie|slp
|move|p2a: Diancie|Sleep Talk|p2a: Diancie
|move|p2a: Diancie|Moonblast|p1a: Venetia Shield|[from]Sleep Talk
|-resisted|p1a: Venetia Shield
|-damage|p1a: Venetia Shield|191\/309
|-unboost|p1a: Venetia Shield|spa|1
|
|turn|9
|
|switch|p2a: Swampert|Swampert, M|354\/404 tox
|-damage|p2a: Swampert|329\/404 tox|[from] Stealth Rock
|move|p1a: Venetia Shield|Iron Head|p2a: Swampert
|-resisted|p2a: Swampert
|-damage|p2a: Swampert|248\/404 tox
|
|-heal|p2a: Swampert|273\/404 tox|[from] item: Leftovers
|-damage|p2a: Swampert|248\/404 tox|[from] psn
|turn|10
|
|switch|p1a: Landing Strip?|Rotom-Mow|241\/241
|-damage|p1a: Landing Strip?|211\/241|[from] Stealth Rock
|move|p2a: Swampert|Earthquake|p1a: Landing Strip?
|-immune|p1a: Landing Strip?|[msg]
|
|-heal|p2a: Swampert|273\/404 tox|[from] item: Leftovers
|-damage|p2a: Swampert|223\/404 tox|[from] psn
|turn|11
|
|switch|p2a: Umbreon|Umbreon, M|394\/394
|-damage|p2a: Umbreon|345\/394|[from] Stealth Rock
|move|p1a: Landing Strip?|Trick|p2a: Umbreon
|-activate|p1a: Landing Strip?|move: Trick|[of] p2a: Umbreon
|-item|p2a: Umbreon|Choice Scarf|[from] move: Trick
|-item|p1a: Landing Strip?|Leftovers|[from] move: Trick
|
|-heal|p1a: Landing Strip?|226\/241|[from] item: Leftovers
|turn|12
|
|move|p1a: Landing Strip?|Volt Switch|p2a: Umbreon
|-crit|p2a: Umbreon
|-damage|p2a: Umbreon|243\/394
|
|switch|p1a: Kraken|Tentacruel, M|361\/361
|-damage|p1a: Kraken|316\/361|[from] Stealth Rock
|move|p2a: Umbreon|Wish|p2a: Umbreon
|
|-heal|p1a: Kraken|338\/361|[from] item: Leftovers
|turn|13
|
|switch|p2a: Crobat|Crobat, F|369\/369
|-damage|p2a: Crobat|277\/369|[from] Stealth Rock
|move|p1a: Kraken|Rapid Spin|p2a: Crobat
|-damage|p2a: Crobat|265\/369
|-sideend|p1: Gordy Lifestyle|Stealth Rock|[from] move: Rapid Spin|[of] p1a: Kraken
|
|-heal|p2a: Crobat|369\/369|[from] move: Wish|[wisher] Umbreon
|-heal|p1a: Kraken|360\/361|[from] item: Leftovers
|turn|14
|
|move|p2a: Crobat|Defog|p1a: Kraken
|-unboost|p1a: Kraken|evasion|1
|-sideend|p2: Kink Research|Stealth Rock|[from] move: Defog|[of] p2a: Crobat
|move|p1a: Kraken|Scald|p2a: Crobat
|-damage|p2a: Crobat|266\/369
|
|-heal|p2a: Crobat|289\/369|[from] item: Black Sludge
|-heal|p1a: Kraken|361\/361|[from] item: Leftovers
|turn|15
|
|move|p2a: Crobat|Brave Bird|p1a: Kraken
|-damage|p1a: Kraken|223\/361
|-damage|p2a: Crobat|243\/369|[from] recoil|[of] p1a: Kraken
|move|p1a: Kraken|Toxic Spikes|p2a: Crobat
|-sidestart|p2: Kink Research|move: Toxic Spikes
|
|-heal|p2a: Crobat|266\/369|[from] item: Black Sludge
|-heal|p1a: Kraken|245\/361|[from] item: Leftovers
|turn|16
|
|switch|p1a: Landing Strip?|Rotom-Mow|226\/241
|move|p2a: Crobat|Brave Bird|p1a: Landing Strip?
|-damage|p1a: Landing Strip?|82\/241
|-damage|p2a: Crobat|218\/369|[from] recoil|[of] p1a: Landing Strip?
|
|-heal|p2a: Crobat|241\/369|[from] item: Black Sludge
|-heal|p1a: Landing Strip?|97\/241|[from] item: Leftovers
|turn|17
|
|move|p2a: Crobat|Brave Bird|p1a: Landing Strip?
|-damage|p1a: Landing Strip?|0 fnt
|-damage|p2a: Crobat|209\/369|[from] recoil|[of] p1a: Landing Strip?
|faint|p1a: Landing Strip?
|
|-heal|p2a: Crobat|232\/369|[from] item: Black Sludge
|
|switch|p1a: Venetia Shield|Doublade, F, shiny|191\/309
|turn|18
|
|move|p2a: Crobat|Defog|p1a: Venetia Shield
|-unboost|p1a: Venetia Shield|evasion|1
|-sideend|p2: Kink Research|Toxic Spikes|[from] move: Defog|[of] p2a: Crobat
|move|p1a: Venetia Shield|Shadow Claw|p2a: Crobat
|-damage|p2a: Crobat|75\/369
|
|-heal|p2a: Crobat|98\/369|[from] item: Black Sludge
|turn|19
|
|move|p2a: Crobat|Roost|p2a: Crobat
|-heal|p2a: Crobat|283\/369
|move|p1a: Venetia Shield|Swords Dance|p1a: Venetia Shield
|-boost|p1a: Venetia Shield|atk|2
|
|-heal|p2a: Crobat|306\/369|[from] item: Black Sludge
|turn|20
|
|move|p2a: Crobat|U-turn|p1a: Venetia Shield
|-resisted|p1a: Venetia Shield
|-damage|p1a: Venetia Shield|184\/309
|
|switch|p2a: Ampharos|Ampharos-Mega, F|359\/384
|-ability|p2a: Ampharos|Mold Breaker
|move|p1a: Venetia Shield|Shadow Claw|p2a: Ampharos
|-damage|p2a: Ampharos|134\/384
|
|turn|21
|
|move|p1a: Venetia Shield|Shadow Sneak|p2a: Ampharos
|-damage|p2a: Ampharos|7\/384
|move|p2a: Ampharos|Volt Switch|p1a: Venetia Shield
|-damage|p1a: Venetia Shield|21\/309
|
|switch|p2a: Crobat|Crobat, F|306\/369
|
|-heal|p2a: Crobat|329\/369|[from] item: Black Sludge
|turn|22
|
|switch|p1a: Boodro|Granbull, M|377\/377
|-ability|p1a: Boodro|Intimidate|[of] p2a: Crobat
|-unboost|p2a: Crobat|atk|1
|move|p2a: Crobat|Brave Bird|p1a: Boodro
|-damage|p1a: Boodro|290\/377
|-damage|p2a: Crobat|300\/369|[from] recoil|[of] p1a: Boodro
|
|-heal|p2a: Crobat|323\/369|[from] item: Black Sludge
|-heal|p1a: Boodro|313\/377|[from] item: Leftovers
|turn|23
|
|move|p2a: Crobat|U-turn|p1a: Boodro
|-resisted|p1a: Boodro
|-damage|p1a: Boodro|298\/377
|join|wat Â¯\_(ã)_\/Â¯for
|
|switch|p2a: Diancie|Diancie|304\/304 slp
|move|p1a: Boodro|Play Rough|p2a: Diancie
|-damage|p2a: Diancie|237\/304 slp
|
|-heal|p2a: Diancie|256\/304 slp|[from] item: Leftovers
|-heal|p1a: Boodro|321\/377|[from] item: Leftovers
|turn|24
|
|cant|p2a: Diancie|slp
|move|p2a: Diancie|Sleep Talk|p2a: Diancie
|move|p2a: Diancie|Moonblast|p1a: Boodro|[from]Sleep Talk
|-damage|p1a: Boodro|162\/377
|-unboost|p1a: Boodro|spa|1
|move|p1a: Boodro|Earthquake|p2a: Diancie
|-supereffective|p2a: Diancie
|-damage|p2a: Diancie|158\/304 slp
|
|-heal|p2a: Diancie|177\/304 slp|[from] item: Leftovers
|-heal|p1a: Boodro|185\/377|[from] item: Leftovers
|turn|25
|
|switch|p1a: Cerberus|Houndoom, M|291\/291
|-curestatus|p2a: Diancie|slp
|move|p2a: Diancie|Rest|p2a: Diancie
|-status|p2a: Diancie|slp
|-heal|p2a: Diancie|304\/304 slp|[silent]
|-status|p2a: Diancie|slp|[from] move: Rest
|
|turn|26
|
|switch|p2a: Crobat|Crobat, F|323\/369
|detailschange|p1a: Cerberus|Houndoom-Mega, M
|message|Houndoom has Mega Evolved into Mega Houndoom!
|move|p1a: Cerberus|Dark Pulse|p2a: Crobat
|-damage|p2a: Crobat|142\/369
|
|-heal|p2a: Crobat|165\/369|[from] item: Black Sludge
|turn|27
|
|move|p2a: Crobat|Roost|p2a: Crobat
|-heal|p2a: Crobat|350\/369
|move|p1a: Cerberus|Fire Blast|p2a: Crobat|[miss]
|-miss|p1a: Cerberus|p2a: Crobat
|
|-heal|p2a: Crobat|369\/369|[from] item: Black Sludge
|turn|28
|
|move|p2a: Crobat|Brave Bird|p1a: Cerberus
|-damage|p1a: Cerberus|131\/291
|-damage|p2a: Crobat|316\/369|[from] recoil|[of] p1a: Cerberus
|move|p1a: Cerberus|Fire Blast|p2a: Crobat|[miss]
|-miss|p1a: Cerberus|p2a: Crobat
|
|-heal|p2a: Crobat|339\/369|[from] item: Black Sludge
|turn|29
|
|switch|p1a: Venetia Shield|Doublade, F, shiny|21\/309
|move|p2a: Crobat|Brave Bird|p1a: Venetia Shield
|-resisted|p1a: Venetia Shield
|-damage|p1a: Venetia Shield|0 fnt
|-damage|p2a: Crobat|332\/369|[from] recoil|[of] p1a: Venetia Shield
|faint|p1a: Venetia Shield
|
|-heal|p2a: Crobat|355\/369|[from] item: Black Sludge
|c|âGordy Lifestyle|sigh
|
|switch|p1a: Boodro|Granbull, M|185\/377
|-ability|p1a: Boodro|Intimidate|[of] p2a: Crobat
|-unboost|p2a: Crobat|atk|1
|turn|30
|
|move|p2a: Crobat|U-turn|p1a: Boodro
|-resisted|p1a: Boodro
|-damage|p1a: Boodro|168\/377
|
|switch|p2a: Delphox|Delphox, F|291\/291
|move|p1a: Boodro|Earthquake|p2a: Delphox
|-supereffective|p2a: Delphox
|-damage|p2a: Delphox|59\/291
|
|-heal|p1a: Boodro|191\/377|[from] item: Leftovers
|turn|31
|c| zTerribadTastic|weak
|c| zTerribadTastic|as
|c| zTerribadTastic|fuck
|
|switch|p1a: Teen Mom|Blissey, F|499\/651
|move|p2a: Delphox|Flamethrower|p1a: Teen Mom
|-damage|p1a: Teen Mom|292\/651
|-status|p1a: Teen Mom|brn
|
|-heal|p1a: Teen Mom|332\/651 brn|[from] item: Leftovers
|-damage|p1a: Teen Mom|251\/651 brn|[from] brn
|turn|32
|
|move|p2a: Delphox|Flamethrower|p1a: Teen Mom
|-damage|p1a: Teen Mom|31\/651 brn
|move|p1a: Teen Mom|Soft-Boiled|p1a: Teen Mom
|-heal|p1a: Teen Mom|357\/651 brn
|
|-heal|p1a: Teen Mom|397\/651 brn|[from] item: Leftovers
|-damage|p1a: Teen Mom|316\/651 brn|[from] brn
|turn|33
|
|move|p2a: Delphox|Flamethrower|p1a: Teen Mom
|-damage|p1a: Teen Mom|99\/651 brn
|move|p1a: Teen Mom|Seismic Toss|p2a: Delphox
|-damage|p2a: Delphox|0 fnt
|faint|p2a: Delphox
|
|-heal|p1a: Teen Mom|139\/651 brn|[from] item: Leftovers
|-damage|p1a: Teen Mom|58\/651 brn|[from] brn
|
|switch|p2a: Crobat|Crobat, F|355\/369
|turn|34
|
|switch|p1a: Boodro|Granbull, M|191\/377
|-ability|p1a: Boodro|Intimidate|[of] p2a: Crobat
|-unboost|p2a: Crobat|atk|1
|move|p2a: Crobat|Brave Bird|p1a: Boodro
|-damage|p1a: Boodro|112\/377
|-damage|p2a: Crobat|329\/369|[from] recoil|[of] p1a: Boodro
|
|-heal|p2a: Crobat|352\/369|[from] item: Black Sludge
|-heal|p1a: Boodro|135\/377|[from] item: Leftovers
|turn|35
|
|move|p2a: Crobat|Brave Bird|p1a: Boodro
|-damage|p1a: Boodro|56\/377
|-damage|p2a: Crobat|326\/369|[from] recoil|[of] p1a: Boodro
|move|p1a: Boodro|Earthquake|p2a: Crobat
|-immune|p2a: Crobat|[msg]
|
|-heal|p2a: Crobat|349\/369|[from] item: Black Sludge
|-heal|p1a: Boodro|79\/377|[from] item: Leftovers
|turn|36
|
|move|p2a: Crobat|Brave Bird|p1a: Boodro
|-damage|p1a: Boodro|0 fnt
|-damage|p2a: Crobat|323\/369|[from] recoil|[of] p1a: Boodro
|faint|p1a: Boodro
|
|-heal|p2a: Crobat|346\/369|[from] item: Black Sludge
|
|switch|p1a: Kraken|Tentacruel, M|245\/361
|turn|37
|
|switch|p2a: Ampharos|Ampharos-Mega, F|7\/384
|-ability|p2a: Ampharos|Mold Breaker
|move|p1a: Kraken|Scald|p2a: Ampharos
|-resisted|p2a: Ampharos
|-damage|p2a: Ampharos|0 fnt
|faint|p2a: Ampharos
|
|-heal|p1a: Kraken|267\/361|[from] item: Leftovers
|
|switch|p2a: Crobat|Crobat, F|346\/369
|turn|38
|
|move|p2a: Crobat|Brave Bird|p1a: Kraken
|-damage|p1a: Kraken|122\/361
|-damage|p2a: Crobat|298\/369|[from] recoil|[of] p1a: Kraken
|move|p1a: Kraken|Scald|p2a: Crobat
|-damage|p2a: Crobat|202\/369
|
|-heal|p2a: Crobat|225\/369|[from] item: Black Sludge
|-heal|p1a: Kraken|144\/361|[from] item: Leftovers
|turn|39
|
|move|p2a: Crobat|Brave Bird|p1a: Kraken
|-damage|p1a: Kraken|3\/361
|-damage|p2a: Crobat|178\/369|[from] recoil|[of] p1a: Kraken
|move|p1a: Kraken|Scald|p2a: Crobat
|-damage|p2a: Crobat|78\/369
|-status|p2a: Crobat|brn
|
|-heal|p2a: Crobat|101\/369 brn|[from] item: Black Sludge
|-heal|p1a: Kraken|25\/361|[from] item: Leftovers
|-damage|p2a: Crobat|55\/369 brn|[from] brn
|turn|40
|
|move|p2a: Crobat|Brave Bird|p1a: Kraken
|-damage|p1a: Kraken|0 fnt
|-damage|p2a: Crobat|47\/369 brn|[from] recoil|[of] p1a: Kraken
|faint|p1a: Kraken
|
|-heal|p2a: Crobat|70\/369 brn|[from] item: Black Sludge
|-damage|p2a: Crobat|24\/369 brn|[from] brn
|
|switch|p1a: Cerberus|Houndoom-Mega, M|131\/291
|turn|41
|
|move|p2a: Crobat|U-turn|p1a: Cerberus
|-damage|p1a: Cerberus|95\/291
|
|switch|p2a: Umbreon|Umbreon, M|243\/394
|move|p1a: Cerberus|Nasty Plot|p1a: Cerberus
|-boost|p1a: Cerberus|spa|2
|
|turn|42
|
|move|p1a: Cerberus|Fire Blast|p2a: Umbreon
|-damage|p2a: Umbreon|0 fnt
|faint|p2a: Umbreon
|
|
|switch|p2a: Diancie|Diancie|304\/304 slp
|turn|43
|
|move|p1a: Cerberus|Fire Blast|p2a: Diancie
|-resisted|p2a: Diancie
|-damage|p2a: Diancie|155\/304 slp
|cant|p2a: Diancie|slp
|move|p2a: Diancie|Sleep Talk|p2a: Diancie
|move|p2a: Diancie|Calm Mind|p2a: Diancie|[from]Sleep Talk
|-boost|p2a: Diancie|spa|1
|-boost|p2a: Diancie|spd|1
|
|-heal|p2a: Diancie|174\/304 slp|[from] item: Leftovers
|turn|44
|
|move|p1a: Cerberus|Fire Blast|p2a: Diancie
|-crit|p2a: Diancie
|-resisted|p2a: Diancie
|-damage|p2a: Diancie|0 fnt
|faint|p2a: Diancie
|
|
|switch|p2a: Crobat|Crobat, F|24\/369 brn
|turn|45
|c|âGordy Lifestyle|justice for the 2 misses
|
|move|p1a: Cerberus|Sucker Punch|p2a: Crobat
|-damage|p2a: Crobat|0 fnt
|faint|p2a: Crobat
|
|
|switch|p2a: Swampert|Swampert, M|223\/404 tox
|turn|46
|
|move|p1a: Cerberus|Dark Pulse|p2a: Swampert
|-damage|p2a: Swampert|0 fnt
|faint|p2a: Swampert
|
|win|Gordy Lifestyle
|raw|Ladder updating...
|raw|Gordy Lifestyle's rating: 1530 &rarr; <strong>1538<\/strong><br \/>(+8 for winning)
|raw|Kink Research's rating: 1296 &rarr; <strong>1286<\/strong><br \/>(-10 for losing)