|join|Gordy Lifestyle
|join|ahyueah
|player|p1|Gordy Lifestyle|16
|player|p2|ahyueah|1
|gametype|singles
|gen|6
|tier|UU
|rated
|rule|Sleep Clause Mod: Limit one foe put to sleep
|rule|Species Clause: Limit one of each PokÃ©mon
|rule|OHKO Clause: OHKO moves are banned
|rule|Moody Clause: Moody is banned
|rule|Evasion Moves Clause: Evasion moves are banned
|rule|Endless Battle Clause: Forcing endless battles is banned
|rule|HP Percentage Mod: HP is shown in percentages
|clearpoke
|poke|p1|Doublade, M, shiny
|poke|p1|Granbull, M
|poke|p1|Blissey, F
|poke|p1|Houndoom, M
|poke|p1|Tentacruel, M
|poke|p1|Rotom-Mow
|poke|p2|Absol, F
|poke|p2|Suicune
|poke|p2|Amoonguss, F
|poke|p2|Infernape, F
|poke|p2|Jirachi
|poke|p2|Gligar, F
|rule|Swagger Clause: Swagger is banned
|rule|Baton Pass Clause: Limit one PokÃ©mon knowing Baton Pass
|teampreview
|
|start
|switch|p1a: Kraken|Tentacruel, M|361\/361
|switch|p2a: Infernape|Infernape, F|293\/293
|turn|1
|
|switch|p2a: Suicune|Suicune|404\/404
|-ability|p2a: Suicune|Pressure
|move|p1a: Kraken|Scald|p2a: Suicune
|-resisted|p2a: Suicune
|-damage|p2a: Suicune|370\/404
|
|-heal|p2a: Suicune|395\/404|[from] item: Leftovers
|turn|2
|
|switch|p1a: Landing Strip?|Rotom-Mow|241\/241
|switch|p2a: Amoonguss|Amoonguss, F|432\/432
|
|turn|3
|
|move|p1a: Landing Strip?|Volt Switch|p2a: Amoonguss
|-crit|p2a: Amoonguss
|-resisted|p2a: Amoonguss
|-damage|p2a: Amoonguss|363\/432
|
|switch|p1a: Teen Mom|Blissey, F|651\/651
|move|p2a: Amoonguss|Spore|p1a: Teen Mom
|-status|p1a: Teen Mom|slp
|
|-heal|p2a: Amoonguss|390\/432|[from] item: Black Sludge
|turn|4
|
|switch|p1a: Kraken|Tentacruel, M|361\/361
|switch|p2a: Jirachi|Jirachi|404\/404
|
|turn|5
|
|switch|p2a: Suicune|Suicune|395\/404
|-ability|p2a: Suicune|Pressure
|move|p1a: Kraken|Toxic Spikes|p2a: Suicune
|-sidestart|p2: ahyueah|move: Toxic Spikes
|
|-heal|p2a: Suicune|404\/404|[from] item: Leftovers
|turn|6
|
|switch|p1a: Teen Mom|Blissey, F|651\/651
|switch|p2a: Amoonguss|Amoonguss, F|432\/432
|-sideend|p2: ahyueah|move: Toxic Spikes|[of] p2a: Amoonguss
|
|turn|7
|
|switch|p2a: Gligar|Gligar, F|334\/334
|move|p1a: Teen Mom|Stealth Rock|p2a: Gligar
|-sidestart|p2: ahyueah|move: Stealth Rock
|
|turn|8
|
|move|p2a: Gligar|Defog|p1a: Teen Mom
|-unboost|p1a: Teen Mom|evasion|1
|-sideend|p2: ahyueah|Stealth Rock|[from] move: Defog|[of] p2a: Gligar
|move|p1a: Teen Mom|Toxic|p2a: Gligar
|-status|p2a: Gligar|tox
|
|-damage|p2a: Gligar|314\/334 tox|[from] psn
|turn|9
|
|switch|p2a: Jirachi|Jirachi|404\/404
|move|p1a: Teen Mom|Stealth Rock|p2a: Jirachi
|-sidestart|p2: ahyueah|move: Stealth Rock
|
|turn|10
|
|switch|p1a: Kraken|Tentacruel, M|361\/361
|move|p2a: Jirachi|Substitute|p2a: Jirachi
|-start|p2a: Jirachi|Substitute
|-damage|p2a: Jirachi|303\/404
|
|-heal|p2a: Jirachi|328\/404|[from] item: Leftovers
|turn|11
|
|move|p2a: Jirachi|Fire Punch|p1a: Kraken
|-resisted|p1a: Kraken
|-damage|p1a: Kraken|334\/361
|move|p1a: Kraken|Scald|p2a: Jirachi
|-activate|p2a: Jirachi|Substitute|[damage]
|
|-heal|p2a: Jirachi|353\/404|[from] item: Leftovers
|-heal|p1a: Kraken|356\/361|[from] item: Leftovers
|turn|12
|
|move|p2a: Jirachi|Fire Punch|p1a: Kraken
|-crit|p1a: Kraken
|-resisted|p1a: Kraken
|-damage|p1a: Kraken|312\/361
|-status|p1a: Kraken|brn
|move|p1a: Kraken|Scald|p2a: Jirachi
|-end|p2a: Jirachi|Substitute
|
|-heal|p2a: Jirachi|378\/404|[from] item: Leftovers
|-heal|p1a: Kraken|334\/361 brn|[from] item: Leftovers
|-damage|p1a: Kraken|289\/361 brn|[from] brn
|turn|13
|
|switch|p1a: Cerberus|Houndoom, M|291\/291
|move|p2a: Jirachi|Substitute|p2a: Jirachi
|-start|p2a: Jirachi|Substitute
|-damage|p2a: Jirachi|277\/404
|
|-heal|p2a: Jirachi|302\/404|[from] item: Leftovers
|turn|14
|
|detailschange|p1a: Cerberus|Houndoom-Mega, M
|message|Houndoom has Mega Evolved into Mega Houndoom!
|move|p2a: Jirachi|Toxic|p1a: Cerberus
|-status|p1a: Cerberus|tox
|move|p1a: Cerberus|Dark Pulse|p2a: Jirachi
|-supereffective|p2a: Jirachi
|-end|p2a: Jirachi|Substitute
|
|-heal|p2a: Jirachi|327\/404|[from] item: Leftovers
|-damage|p1a: Cerberus|273\/291 tox|[from] psn
|turn|15
|
|switch|p2a: Infernape|Infernape, F|293\/293
|-damage|p2a: Infernape|257\/293|[from] Stealth Rock
|move|p1a: Cerberus|Nasty Plot|p1a: Cerberus
|-boost|p1a: Cerberus|spa|2
|
|-damage|p1a: Cerberus|237\/291 tox|[from] psn
|turn|16
|
|move|p1a: Cerberus|Fire Blast|p2a: Infernape
|-resisted|p2a: Infernape
|-damage|p2a: Infernape|0 fnt
|faint|p2a: Infernape
|
|-damage|p1a: Cerberus|183\/291 tox|[from] psn
|
|switch|p2a: Suicune|Suicune|404\/404
|-damage|p2a: Suicune|354\/404|[from] Stealth Rock
|-ability|p2a: Suicune|Pressure
|turn|17
|
|switch|p1a: Landing Strip?|Rotom-Mow|241\/241
|move|p2a: Suicune|Scald|p1a: Landing Strip?
|-resisted|p1a: Landing Strip?
|-damage|p1a: Landing Strip?|196\/241
|-status|p1a: Landing Strip?|brn
|
|-heal|p2a: Suicune|379\/404|[from] item: Leftovers
|-damage|p1a: Landing Strip?|166\/241 brn|[from] brn
|turn|18
|
|switch|p2a: Gligar|Gligar, F|314\/334 tox
|-damage|p2a: Gligar|273\/334 tox|[from] Stealth Rock
|move|p1a: Landing Strip?|Trick|p2a: Gligar
|-activate|p1a: Landing Strip?|move: Trick|[of] p2a: Gligar
|-item|p2a: Gligar|Choice Scarf|[from] move: Trick
|-item|p1a: Landing Strip?|Eviolite|[from] move: Trick
|
|-damage|p2a: Gligar|253\/334 tox|[from] psn
|-damage|p1a: Landing Strip?|136\/241 brn|[from] brn
|turn|19
|
|switch|p1a: Boodro|Granbull, M|377\/377
|-ability|p1a: Boodro|Intimidate|[of] p2a: Gligar
|-fail|p2a: Gligar|unboost|Attack|[from] ability: Hyper Cutter|[of] p2a: Gligar
|move|p2a: Gligar|Stealth Rock|p1a: Boodro
|-sidestart|p1: Gordy Lifestyle|move: Stealth Rock
|
|-damage|p2a: Gligar|213\/334 tox|[from] psn
|turn|20
|
|switch|p2a: Jirachi|Jirachi|327\/404
|-damage|p2a: Jirachi|302\/404|[from] Stealth Rock
|move|p1a: Boodro|Heal Bell|p1a: Boodro
|-cureteam|p1a: Boodro|[from] move: HealBell
|
|-heal|p2a: Jirachi|327\/404|[from] item: Leftovers
|turn|21
|
|move|p2a: Jirachi|Fire Punch|p1a: Boodro
|-damage|p1a: Boodro|321\/377
|move|p1a: Boodro|Earthquake|p2a: Jirachi
|-supereffective|p2a: Jirachi
|-damage|p2a: Jirachi|143\/404
|
|-heal|p2a: Jirachi|168\/404|[from] item: Leftovers
|-heal|p1a: Boodro|344\/377|[from] item: Leftovers
|turn|22
|
|switch|p2a: Suicune|Suicune|379\/404
|-damage|p2a: Suicune|329\/404|[from] Stealth Rock
|-ability|p2a: Suicune|Pressure
|switch|p1a: Venetia Shield|Doublade, M, shiny|309\/309
|-damage|p1a: Venetia Shield|290\/309|[from] Stealth Rock
|
|-heal|p2a: Suicune|354\/404|[from] item: Leftovers
|turn|23
|
|switch|p1a: Kraken|Tentacruel, M|289\/361
|-damage|p1a: Kraken|244\/361|[from] Stealth Rock
|move|p2a: Suicune|Calm Mind|p2a: Suicune
|-boost|p2a: Suicune|spa|1
|-boost|p2a: Suicune|spd|1
|
|-heal|p1a: Kraken|266\/361|[from] item: Leftovers
|-heal|p2a: Suicune|379\/404|[from] item: Leftovers
|turn|24
|
|move|p1a: Kraken|Rapid Spin|p2a: Suicune
|-damage|p2a: Suicune|372\/404
|-sideend|p1: Gordy Lifestyle|Stealth Rock|[from] move: Rapid Spin|[of] p1a: Kraken
|move|p2a: Suicune|Scald|p1a: Kraken
|-resisted|p1a: Kraken
|-damage|p1a: Kraken|210\/361
|-status|p1a: Kraken|brn
|
|-heal|p1a: Kraken|232\/361 brn|[from] item: Leftovers
|-heal|p2a: Suicune|397\/404|[from] item: Leftovers
|-damage|p1a: Kraken|187\/361 brn|[from] brn
|turn|25
|
|switch|p1a: Teen Mom|Blissey, F|651\/651
|move|p2a: Suicune|Calm Mind|p2a: Suicune
|-boost|p2a: Suicune|spa|1
|-boost|p2a: Suicune|spd|1
|
|-heal|p2a: Suicune|404\/404|[from] item: Leftovers
|turn|26
|
|move|p2a: Suicune|Calm Mind|p2a: Suicune
|-boost|p2a: Suicune|spa|1
|-boost|p2a: Suicune|spd|1
|move|p1a: Teen Mom|Toxic|p2a: Suicune
|-status|p2a: Suicune|tox
|
|-damage|p2a: Suicune|379\/404 tox|[from] psn
|turn|27
|
|move|p2a: Suicune|Calm Mind|p2a: Suicune
|-boost|p2a: Suicune|spa|1
|-boost|p2a: Suicune|spd|1
|move|p1a: Teen Mom|Seismic Toss|p2a: Suicune
|-damage|p2a: Suicune|279\/404 tox
|
|-heal|p2a: Suicune|304\/404 tox|[from] item: Leftovers
|-damage|p2a: Suicune|254\/404 tox|[from] psn
|turn|28
|
|switch|p1a: Venetia Shield|Doublade, M, shiny|290\/309
|move|p2a: Suicune|Rest|p2a: Suicune
|-status|p2a: Suicune|slp
|-heal|p2a: Suicune|404\/404 slp|[silent]
|-status|p2a: Suicune|slp|[from] move: Rest
|
|turn|29
|
|cant|p2a: Suicune|slp
|move|p2a: Suicune|Sleep Talk|p2a: Suicune
|move|p2a: Suicune|Rest|p2a: Suicune|[from]Sleep Talk
|-fail|p2a: Suicune
|move|p1a: Venetia Shield|Swords Dance|p1a: Venetia Shield
|-boost|p1a: Venetia Shield|atk|2
|
|turn|30
|
|cant|p2a: Suicune|slp
|move|p2a: Suicune|Sleep Talk|p2a: Suicune
|move|p2a: Suicune|Calm Mind|p2a: Suicune|[from]Sleep Talk
|-boost|p2a: Suicune|spa|1
|-boost|p2a: Suicune|spd|1
|move|p1a: Venetia Shield|Shadow Claw|p2a: Suicune
|-crit|p2a: Suicune
|-damage|p2a: Suicune|163\/404 slp
|
|-heal|p2a: Suicune|188\/404 slp|[from] item: Leftovers
|turn|31
|
|move|p1a: Venetia Shield|Shadow Sneak|p2a: Suicune
|-damage|p2a: Suicune|91\/404 slp
|-curestatus|p2a: Suicune|slp
|move|p2a: Suicune|Scald|p1a: Venetia Shield
|-damage|p1a: Venetia Shield|0 fnt
|faint|p1a: Venetia Shield
|
|-heal|p2a: Suicune|116\/404|[from] item: Leftovers
|
|switch|p1a: Landing Strip?|Rotom-Mow|136\/241
|turn|32
|
|move|p1a: Landing Strip?|Leaf Storm|p2a: Suicune
|-crit|p2a: Suicune
|-supereffective|p2a: Suicune
|-damage|p2a: Suicune|0 fnt
|-unboost|p1a: Landing Strip?|spa|2
|faint|p2a: Suicune
|
|c|âahyueah|bop
|
|switch|p2a: Amoonguss|Amoonguss, F|432\/432
|-damage|p2a: Amoonguss|378\/432|[from] Stealth Rock
|turn|33
|
|switch|p1a: Teen Mom|Blissey, F|651\/651
|switch|p2a: Absol|Absol, F|271\/271
|-damage|p2a: Absol|238\/271|[from] Stealth Rock
|
|turn|34
|
|switch|p1a: Boodro|Granbull, M|344\/377
|-ability|p1a: Boodro|Intimidate|[of] p2a: Absol
|-unboost|p2a: Absol|atk|1
|detailschange|p2a: Absol|Absol-Mega, F
|message|Absol has Mega Evolved into Mega Absol!
|move|p2a: Absol|Knock Off|p1a: Boodro
|-resisted|p1a: Boodro
|-damage|p1a: Boodro|290\/377
|-enditem|p1a: Boodro|Leftovers|[from] move: Knock Off|[of] p2a: Absol
|
|turn|35
|
|switch|p2a: Jirachi|Jirachi|168\/404
|-damage|p2a: Jirachi|143\/404|[from] Stealth Rock
|switch|p1a: Cerberus|Houndoom-Mega, M|183\/291
|
|-heal|p2a: Jirachi|168\/404|[from] item: Leftovers
|turn|36
|
|move|p1a: Cerberus|Dark Pulse|p2a: Jirachi
|-supereffective|p2a: Jirachi
|-damage|p2a: Jirachi|0 fnt
|faint|p2a: Jirachi
|
|c|âahyueah|"gg" :\/
|
|switch|p2a: Absol|Absol-Mega, F|238\/271
|-damage|p2a: Absol|205\/271|[from] Stealth Rock
|turn|37
|c|âGordy Lifestyle|lol leaf storm still woulda killed
|c|âahyueah|no
|
|switch|p1a: Boodro|Granbull, M|290\/377
|-ability|p1a: Boodro|Intimidate|[of] p2a: Absol
|-unboost|p2a: Absol|atk|1
|move|p2a: Absol|Superpower|p1a: Boodro
|-resisted|p1a: Boodro
|-damage|p1a: Boodro|242\/377
|-unboost|p2a: Absol|atk|1
|-unboost|p2a: Absol|def|1
|
|turn|38
|c|âahyueah|it was a roll
|c|âahyueah|252 SpA Rotom-C Leaf Storm vs. +5 252 HP \/ 0 SpD Suicune: 96-114 (23.7 - 28.2%) -- possible 5HKO after Leftovers recovery
|
|move|p2a: Absol|Superpower|p1a: Boodro
|-resisted|p1a: Boodro
|-damage|p1a: Boodro|206\/377
|-unboost|p2a: Absol|atk|1
|-unboost|p2a: Absol|def|1
|move|p1a: Boodro|Play Rough|p2a: Absol
|-supereffective|p2a: Absol
|-damage|p2a: Absol|0 fnt
|faint|p2a: Absol
|
|
|switch|p2a: Amoonguss|Amoonguss, F|432\/432
|-damage|p2a: Amoonguss|378\/432|[from] Stealth Rock
|turn|39
|c|âahyueah|literally a rol
|c|âahyueah|l
|c|âahyueah|taken by a crit!
|
|switch|p1a: Teen Mom|Blissey, F|651\/651
|move|p2a: Amoonguss|Spore|p1a: Teen Mom
|-status|p1a: Teen Mom|slp
|
|-heal|p2a: Amoonguss|405\/432|[from] item: Black Sludge
|turn|40
|
|cant|p1a: Teen Mom|slp
|move|p2a: Amoonguss|Spore|p1a: Teen Mom
|-fail|p1a: Teen Mom|slp
|
|-heal|p2a: Amoonguss|432\/432|[from] item: Black Sludge
|turn|41
|
|cant|p1a: Teen Mom|slp
|move|p2a: Amoonguss|Spore|p1a: Teen Mom
|-fail|p1a: Teen Mom|slp
|
|turn|42
|
|-curestatus|p1a: Teen Mom|slp
|move|p1a: Teen Mom|Seismic Toss|p2a: Amoonguss
|-damage|p2a: Amoonguss|332\/432
|move|p2a: Amoonguss|Foul Play|p1a: Teen Mom
|-damage|p1a: Teen Mom|637\/651
|
|-heal|p1a: Teen Mom|651\/651|[from] item: Leftovers
|-heal|p2a: Amoonguss|359\/432|[from] item: Black Sludge
|turn|43
|c|âahyueah|thats why I hate ladderin rng doesnt like me
|c|âahyueah|geeg
|c|âGordy Lifestyle|gg
|c|âahyueah|have a nice day
|c|âahyueah|even tho it wasnt a gg lol
|-message|ahyueah forfeited.
|
|win|Gordy Lifestyle
|raw|Ladder updating...
|leave|ahyueah
|player|p2
|raw|Gordy Lifestyle's rating: 1633 &rarr; <strong>1646<\/strong><br \/>(+13 for winning)
|raw|ahyueah's rating: 1499 &rarr; <strong>1486<\/strong><br \/>(-13 for losing)