|join|Taylor Swift Me
|join|Gordy Lifestyle
|player|p1|Taylor Swift Me|37
|player|p2|Gordy Lifestyle|173
|gametype|singles
|gen|6
|tier|UU
|rated
|rule|Sleep Clause Mod: Limit one foe put to sleep
|rule|Species Clause: Limit one of each PokÃ©mon
|rule|OHKO Clause: OHKO moves are banned
|rule|Moody Clause: Moody is banned
|rule|Evasion Moves Clause: Evasion moves are banned
|rule|Endless Battle Clause: Forcing endless battles is banned
|rule|HP Percentage Mod: HP is shown in percentages
|clearpoke
|poke|p1|Ludicolo, M
|poke|p1|Swampert, M
|poke|p1|Goodra, M
|poke|p1|Seismitoad, M
|poke|p1|Tornadus, M
|poke|p1|Toxicroak, M
|poke|p2|Infernape, F
|poke|p2|Aerodactyl, M
|poke|p2|Chesnaught, M
|poke|p2|Vaporeon, F
|poke|p2|Forretress, M, shiny
|poke|p2|Hydreigon, F
|rule|Swagger Clause: Swagger is banned
|rule|Baton Pass Clause: Limit one PokÃ©mon knowing Baton Pass
|teampreview
|
|start
|switch|p1a: Tornadus|Tornadus, M|309\/309
|switch|p2a: Walnut|Forretress, M, shiny|354\/354
|turn|1
|
|move|p1a: Tornadus|Taunt|p2a: Walnut
|-start|p2a: Walnut|move: Taunt
|cant|p2a: Walnut|move: Taunt|Stealth Rock
|
|turn|2
|
|move|p1a: Tornadus|Rain Dance|p1a: Tornadus
|-weather|RainDance
|move|p2a: Walnut|Volt Switch|p1a: Tornadus
|-supereffective|p1a: Tornadus
|-damage|p1a: Tornadus|223\/309
|
|switch|p2a: Petrie|Aerodactyl, M|321\/321
|
|-weather|RainDance|[upkeep]
|turn|3
|
|detailschange|p2a: Petrie|Aerodactyl-Mega, M
|-mega|p2a: Petrie|Aerodactyl|Aerodactylite
|move|p2a: Petrie|Pursuit|p1a: Tornadus|[from]Pursuit
|-damage|p1a: Tornadus|20\/309
|switch|p1a: Seismitoad|Seismitoad, M|414\/414
|
|-weather|RainDance|[upkeep]
|turn|4
|
|switch|p2a: Chesnaughtyinbed|Chesnaught, M|380\/380
|move|p1a: Seismitoad|Stealth Rock|p2a: Chesnaughtyinbed
|-sidestart|p2: Gordy Lifestyle|move: Stealth Rock
|
|-weather|RainDance|[upkeep]
|turn|5
|
|switch|p1a: Toxicroak|Toxicroak, M|370\/370
|move|p2a: Chesnaughtyinbed|Spikes|p1a: Toxicroak
|-sidestart|p1: Taylor Swift Me|Spikes
|
|-weather|RainDance|[upkeep]
|turn|6
|
|switch|p2a: Walnut|Forretress, M, shiny|354\/354
|-damage|p2a: Walnut|310\/354|[from] Stealth Rock
|move|p1a: Toxicroak|Substitute|p1a: Toxicroak
|-start|p1a: Toxicroak|Substitute
|-damage|p1a: Toxicroak|278\/370
|
|-weather|RainDance|[upkeep]
|-heal|p1a: Toxicroak|324\/370|[from] ability: Dry Skin
|-heal|p1a: Toxicroak|347\/370|[from] item: Leftovers
|-heal|p2a: Walnut|332\/354|[from] item: Leftovers
|turn|7
|
|move|p1a: Toxicroak|Swords Dance|p1a: Toxicroak
|-boost|p1a: Toxicroak|atk|2
|move|p2a: Walnut|Rapid Spin|p1a: Toxicroak
|-activate|p1a: Toxicroak|Substitute|[damage]
|-sideend|p2: Gordy Lifestyle|Stealth Rock|[from] move: Rapid Spin|[of] p2a: Walnut
|
|-weather|RainDance|[upkeep]
|-heal|p1a: Toxicroak|370\/370|[from] ability: Dry Skin
|-heal|p2a: Walnut|354\/354|[from] item: Leftovers
|turn|8
|
|move|p1a: Toxicroak|Swords Dance|p1a: Toxicroak
|-boost|p1a: Toxicroak|atk|2
|move|p2a: Walnut|Volt Switch|p1a: Toxicroak
|-activate|p1a: Toxicroak|Substitute|[damage]
|
|switch|p2a: Infernape|Infernape, F|293\/293
|
|-weather|RainDance|[upkeep]
|turn|9
|
|move|p2a: Infernape|Flare Blitz|p1a: Toxicroak
|-end|p1a: Toxicroak|Substitute
|-damage|p2a: Infernape|284\/293|[from] recoil|[of] p1a: Toxicroak
|-damage|p2a: Infernape|255\/293|[from] item: Life Orb
|move|p1a: Toxicroak|Drain Punch|p2a: Infernape
|-damage|p2a: Infernape|0 fnt
|faint|p2a: Infernape
|
|-weather|none
|
|switch|p2a: Petrie|Aerodactyl-Mega, M|321\/321
|turn|10
|
|switch|p1a: Seismitoad|Seismitoad, M|414\/414
|-damage|p1a: Seismitoad|363\/414|[from] Spikes
|move|p2a: Petrie|Taunt|p1a: Seismitoad
|-start|p1a: Seismitoad|move: Taunt
|
|turn|11
|
|switch|p2a: Chesnaughtyinbed|Chesnaught, M|380\/380
|switch|p1a: Swampert|Swampert, M|366\/366
|-damage|p1a: Swampert|321\/366|[from] Spikes
|
|turn|12
|
|detailschange|p1a: Swampert|Swampert-Mega, M
|-mega|p1a: Swampert|Swampert|Swampertite
|move|p1a: Swampert|Rain Dance|p1a: Swampert
|-weather|RainDance
|move|p2a: Chesnaughtyinbed|Leech Seed|p1a: Swampert
|-start|p1a: Swampert|move: Leech Seed
|
|-weather|RainDance|[upkeep]
|-damage|p1a: Swampert|276\/366|[from] Leech Seed|[of] p2a: Chesnaughtyinbed
|turn|13
|
|switch|p1a: Ludicolo|Ludicolo, M|309\/309
|-damage|p1a: Ludicolo|271\/309|[from] Spikes
|move|p2a: Chesnaughtyinbed|Spikes|p1a: Ludicolo
|-sidestart|p1: Taylor Swift Me|Spikes
|
|-weather|RainDance|[upkeep]
|turn|14
|
|move|p2a: Chesnaughtyinbed|Spiky Shield|p2a: Chesnaughtyinbed
|-singleturn|p2a: Chesnaughtyinbed|move: Protect
|move|p1a: Ludicolo|Ice Beam|p2a: Chesnaughtyinbed
|-activate|p2a: Chesnaughtyinbed|move: Protect
|
|-weather|RainDance|[upkeep]
|turn|15
|
|move|p1a: Ludicolo|Scald|p2a: Chesnaughtyinbed
|-resisted|p2a: Chesnaughtyinbed
|-damage|p2a: Chesnaughtyinbed|283\/380
|-status|p2a: Chesnaughtyinbed|brn
|-damage|p1a: Ludicolo|241\/309|[from] item: Life Orb
|move|p2a: Chesnaughtyinbed|Drain Punch|p1a: Ludicolo
|-damage|p1a: Ludicolo|177\/309
|-heal|p2a: Chesnaughtyinbed|315\/380 brn|[from] drain|[of] p1a: Ludicolo
|
|-weather|RainDance|[upkeep]
|-heal|p2a: Chesnaughtyinbed|338\/380 brn|[from] item: Leftovers
|-damage|p2a: Chesnaughtyinbed|291\/380 brn|[from] brn
|turn|16
|
|switch|p2a: Ariel|Vaporeon, F|451\/451
|move|p1a: Ludicolo|Ice Beam|p2a: Ariel
|-resisted|p2a: Ariel
|-damage|p2a: Ariel|406\/451
|-damage|p1a: Ludicolo|147\/309|[from] item: Life Orb
|
|-weather|none
|-heal|p2a: Ariel|434\/451|[from] item: Leftovers
|turn|17
|
|switch|p2a: Hydreigon|Hydreigon, F|325\/325
|move|p1a: Ludicolo|Giga Drain|p2a: Hydreigon
|-crit|p2a: Hydreigon
|-resisted|p2a: Hydreigon
|-damage|p2a: Hydreigon|212\/325
|-heal|p1a: Ludicolo|204\/309|[from] drain|[of] p2a: Hydreigon
|-damage|p1a: Ludicolo|174\/309|[from] item: Life Orb
|
|turn|18
|
|switch|p1a: Goodra|Goodra, M|384\/384
|-damage|p1a: Goodra|320\/384|[from] Spikes
|move|p2a: Hydreigon|U-turn|p1a: Goodra
|-damage|p1a: Goodra|262\/384
|
|switch|p2a: Walnut|Forretress, M, shiny|354\/354
|
|-heal|p1a: Goodra|286\/384|[from] item: Leftovers
|turn|19
|
|switch|p1a: Tornadus|Tornadus, M|20\/309
|move|p2a: Walnut|Stealth Rock|p1a: Tornadus
|-sidestart|p1: Taylor Swift Me|move: Stealth Rock
|
|turn|20
|
|move|p1a: Tornadus|Rain Dance|p1a: Tornadus
|-weather|RainDance
|move|p2a: Walnut|Volt Switch|p1a: Tornadus
|-supereffective|p1a: Tornadus
|-damage|p1a: Tornadus|0 fnt
|faint|p1a: Tornadus
|
|switch|p2a: Ariel|Vaporeon, F|434\/451
|
|-weather|RainDance|[upkeep]
|-heal|p2a: Ariel|451\/451|[from] item: Leftovers
|
|switch|p1a: Toxicroak|Toxicroak, M|370\/370
|-damage|p1a: Toxicroak|309\/370|[from] Spikes
|-damage|p1a: Toxicroak|286\/370|[from] Stealth Rock
|turn|21
|
|switch|p2a: Hydreigon|Hydreigon, F|212\/325
|move|p1a: Toxicroak|Substitute|p1a: Toxicroak
|-start|p1a: Toxicroak|Substitute
|-damage|p1a: Toxicroak|194\/370
|
|-weather|RainDance|[upkeep]
|-heal|p1a: Toxicroak|240\/370|[from] ability: Dry Skin
|-heal|p1a: Toxicroak|263\/370|[from] item: Leftovers
|turn|22
|
|move|p2a: Hydreigon|Draco Meteor|p1a: Toxicroak
|-end|p1a: Toxicroak|Substitute
|-unboost|p2a: Hydreigon|spa|2
|move|p1a: Toxicroak|Drain Punch|p2a: Hydreigon
|-supereffective|p2a: Hydreigon
|-damage|p2a: Hydreigon|0 fnt
|-heal|p1a: Toxicroak|369\/370|[from] drain|[of] p2a: Hydreigon
|faint|p2a: Hydreigon
|
|-weather|RainDance|[upkeep]
|-heal|p1a: Toxicroak|370\/370|[from] ability: Dry Skin
|
|switch|p2a: Petrie|Aerodactyl-Mega, M|321\/321
|turn|23
|
|switch|p1a: Goodra|Goodra, M|286\/384
|-damage|p1a: Goodra|222\/384|[from] Spikes
|-damage|p1a: Goodra|174\/384|[from] Stealth Rock
|move|p2a: Petrie|Aerial Ace|p1a: Goodra
|-damage|p1a: Goodra|0 fnt
|faint|p1a: Goodra
|
|-weather|RainDance|[upkeep]
|
|switch|p1a: Ludicolo|Ludicolo, M|174\/309
|-damage|p1a: Ludicolo|136\/309|[from] Stealth Rock
|-damage|p1a: Ludicolo|85\/309|[from] Spikes
|turn|24
|
|switch|p2a: Chesnaughtyinbed|Chesnaught, M|291\/380 brn
|move|p1a: Ludicolo|Giga Drain|p2a: Chesnaughtyinbed
|-resisted|p2a: Chesnaughtyinbed
|-damage|p2a: Chesnaughtyinbed|231\/380 brn
|-heal|p1a: Ludicolo|115\/309|[from] drain|[of] p2a: Chesnaughtyinbed
|-damage|p1a: Ludicolo|85\/309|[from] item: Life Orb
|
|-weather|RainDance|[upkeep]
|-heal|p2a: Chesnaughtyinbed|254\/380 brn|[from] item: Leftovers
|-damage|p2a: Chesnaughtyinbed|207\/380 brn|[from] brn
|turn|25
|
|move|p1a: Ludicolo|Ice Beam|p2a: Chesnaughtyinbed
|-supereffective|p2a: Chesnaughtyinbed
|-damage|p2a: Chesnaughtyinbed|12\/380 brn
|-damage|p1a: Ludicolo|55\/309|[from] item: Life Orb
|move|p2a: Chesnaughtyinbed|Drain Punch|p1a: Ludicolo
|-damage|p1a: Ludicolo|0 fnt
|-heal|p2a: Chesnaughtyinbed|40\/380 brn|[from] drain|[of] p1a: Ludicolo
|faint|p1a: Ludicolo
|
|-weather|RainDance|[upkeep]
|-heal|p2a: Chesnaughtyinbed|63\/380 brn|[from] item: Leftovers
|-damage|p2a: Chesnaughtyinbed|16\/380 brn|[from] brn
|
|switch|p1a: Toxicroak|Toxicroak, M|370\/370
|-damage|p1a: Toxicroak|309\/370|[from] Spikes
|-damage|p1a: Toxicroak|286\/370|[from] Stealth Rock
|turn|26
|
|switch|p2a: Petrie|Aerodactyl-Mega, M|321\/321
|move|p1a: Toxicroak|Substitute|p1a: Toxicroak
|-start|p1a: Toxicroak|Substitute
|-damage|p1a: Toxicroak|194\/370
|
|-weather|RainDance|[upkeep]
|-heal|p1a: Toxicroak|240\/370|[from] ability: Dry Skin
|-heal|p1a: Toxicroak|263\/370|[from] item: Leftovers
|turn|27
|
|move|p2a: Petrie|Aerial Ace|p1a: Toxicroak
|-crit|p1a: Toxicroak
|-supereffective|p1a: Toxicroak
|-end|p1a: Toxicroak|Substitute
|move|p1a: Toxicroak|Drain Punch|p2a: Petrie
|-damage|p2a: Petrie|182\/321
|-heal|p1a: Toxicroak|333\/370|[from] drain|[of] p2a: Petrie
|
|-weather|none
|-heal|p1a: Toxicroak|356\/370|[from] item: Leftovers
|turn|28
|
|switch|p1a: Seismitoad|Seismitoad, M|363\/414
|-damage|p1a: Seismitoad|294\/414|[from] Spikes
|-damage|p1a: Seismitoad|269\/414|[from] Stealth Rock
|move|p2a: Petrie|Aerial Ace|p1a: Seismitoad
|-damage|p1a: Seismitoad|128\/414
|
|turn|29
|
|move|p2a: Petrie|Aerial Ace|p1a: Seismitoad
|-damage|p1a: Seismitoad|0 fnt
|faint|p1a: Seismitoad
|
|
|switch|p1a: Swampert|Swampert-Mega, M|276\/366
|-damage|p1a: Swampert|254\/366|[from] Stealth Rock
|-damage|p1a: Swampert|193\/366|[from] Spikes
|turn|30
|
|switch|p2a: Ariel|Vaporeon, F|451\/451
|move|p1a: Swampert|Waterfall|p2a: Ariel
|-immune|p2a: Ariel|[msg]
|
|turn|31
|
|move|p1a: Swampert|Rain Dance|p1a: Swampert
|-weather|RainDance
|move|p2a: Ariel|Baton Pass|p2a: Ariel
|
|switch|p2a: Walnut|Forretress, M, shiny|354\/354
|
|-weather|RainDance|[upkeep]
|turn|32
|
|move|p1a: Swampert|Earthquake|p2a: Walnut
|-damage|p2a: Walnut|225\/354
|move|p2a: Walnut|Toxic|p1a: Swampert|[miss]
|-miss|p2a: Walnut|p1a: Swampert
|
|-weather|RainDance|[upkeep]
|-heal|p2a: Walnut|247\/354|[from] item: Leftovers
|turn|33
|
|move|p1a: Swampert|Waterfall|p2a: Walnut
|-crit|p2a: Walnut
|-damage|p2a: Walnut|30\/354
|move|p2a: Walnut|Volt Switch|p1a: Swampert
|-immune|p1a: Swampert|[msg]
|
|-weather|RainDance|[upkeep]
|-heal|p2a: Walnut|52\/354|[from] item: Leftovers
|turn|34
|
|move|p1a: Swampert|Earthquake|p2a: Walnut
|-damage|p2a: Walnut|0 fnt
|faint|p2a: Walnut
|
|-weather|RainDance|[upkeep]
|
|switch|p2a: Ariel|Vaporeon, F|451\/451
|turn|35
|
|switch|p1a: Toxicroak|Toxicroak, M|356\/370
|-damage|p1a: Toxicroak|333\/370|[from] Stealth Rock
|-damage|p1a: Toxicroak|272\/370|[from] Spikes
|move|p2a: Ariel|Wish|p2a: Ariel
|
|-weather|none
|-heal|p1a: Toxicroak|295\/370|[from] item: Leftovers
|turn|36
|
|switch|p2a: Petrie|Aerodactyl-Mega, M|182\/321
|move|p1a: Toxicroak|Drain Punch|p2a: Petrie
|-damage|p2a: Petrie|46\/321
|-heal|p1a: Toxicroak|363\/370|[from] drain|[of] p2a: Petrie
|
|-heal|p2a: Petrie|271\/321|[from] move: Wish|[wisher] Ariel
|-heal|p1a: Toxicroak|370\/370|[from] item: Leftovers
|turn|37
|
|move|p2a: Petrie|Aerial Ace|p1a: Toxicroak
|-supereffective|p1a: Toxicroak
|-damage|p1a: Toxicroak|0 fnt
|faint|p1a: Toxicroak
|
|
|switch|p1a: Swampert|Swampert-Mega, M|193\/366
|-damage|p1a: Swampert|171\/366|[from] Stealth Rock
|-damage|p1a: Swampert|110\/366|[from] Spikes
|turn|38
|c|âGordy Lifestyle|mega aero too good
|c|âGordy Lifestyle|its ogre
|
|move|p2a: Petrie|Aerial Ace|p1a: Swampert
|-damage|p1a: Swampert|0 fnt
|faint|p1a: Swampert
|
|win|Gordy Lifestyle
|raw|Ladder updating...
|raw|Taylor Swift Me's rating: 1465 &rarr; <strong>1449<\/strong><br \/>(-16 for losing)
|raw|Gordy Lifestyle's rating: 1528 &rarr; <strong>1544<\/strong><br \/>(+16 for winning)
|leave|Taylor Swift Me