|join|Pheonixmaster
|join|Gordy Lifestyle
|player|p1|Pheonixmaster|168
|player|p2|Gordy Lifestyle|173
|gametype|singles
|gen|6
|tier|UU
|rated
|rule|Sleep Clause Mod: Limit one foe put to sleep
|rule|Species Clause: Limit one of each PokÃ©mon
|rule|OHKO Clause: OHKO moves are banned
|rule|Moody Clause: Moody is banned
|rule|Evasion Moves Clause: Evasion moves are banned
|rule|Endless Battle Clause: Forcing endless battles is banned
|rule|HP Percentage Mod: HP is shown in percentages
|clearpoke
|poke|p1|Swampert, M
|poke|p1|Tornadus, M
|poke|p1|Kingdra, M
|poke|p1|Jirachi
|poke|p1|Chesnaught, M
|poke|p1|Toxicroak, M
|poke|p2|Infernape, M
|poke|p2|Aerodactyl, M
|poke|p2|Chesnaught, M
|poke|p2|Vaporeon, F
|poke|p2|Forretress, M, shiny
|poke|p2|Hydreigon, F
|rule|Swagger Clause: Swagger is banned
|rule|Baton Pass Clause: Limit one PokÃ©mon knowing Baton Pass
|teampreview
|
|start
|switch|p1a: Swampert|Swampert, M|349\/349
|switch|p2a: Walnut|Forretress, M, shiny|354\/354
|turn|1
|
|detailschange|p1a: Swampert|Swampert-Mega, M
|-mega|p1a: Swampert|Swampert|Swampertite
|move|p1a: Swampert|Stealth Rock|p2a: Walnut
|-sidestart|p2: Gordy Lifestyle|move: Stealth Rock
|move|p2a: Walnut|Toxic|p1a: Swampert
|-status|p1a: Swampert|tox
|
|-damage|p1a: Swampert|328\/349 tox|[from] psn
|turn|2
|
|switch|p1a: Tornadus|Tornadus, M|299\/299
|move|p2a: Walnut|Stealth Rock|p1a: Tornadus
|-sidestart|p1: Pheonixmaster|move: Stealth Rock
|
|turn|3
|
|move|p1a: Tornadus|Rain Dance|p1a: Tornadus
|-weather|RainDance
|move|p2a: Walnut|Rapid Spin|p1a: Tornadus
|-damage|p1a: Tornadus|275\/299
|-sideend|p2: Gordy Lifestyle|Stealth Rock|[from] move: Rapid Spin|[of] p2a: Walnut
|
|-weather|RainDance|[upkeep]
|turn|4
|
|move|p1a: Tornadus|Hurricane|p2a: Walnut
|-damage|p2a: Walnut|62\/354
|-start|p2a: Walnut|confusion
|-activate|p2a: Walnut|confusion
|-damage|p2a: Walnut|45\/354|[from] confusion
|
|-weather|RainDance|[upkeep]
|-heal|p2a: Walnut|67\/354|[from] item: Leftovers
|turn|5
|
|move|p1a: Tornadus|Hurricane|p2a: Walnut
|-crit|p2a: Walnut
|-damage|p2a: Walnut|0 fnt
|faint|p2a: Walnut
|
|-weather|RainDance|[upkeep]
|
|switch|p2a: Petrie|Aerodactyl, M|321\/321
|turn|6
|
|detailschange|p2a: Petrie|Aerodactyl-Mega, M
|-mega|p2a: Petrie|Aerodactyl|Aerodactylite
|move|p2a: Petrie|Pursuit|p1a: Tornadus|[from]Pursuit
|-damage|p1a: Tornadus|48\/299
|switch|p1a: Jirachi|Jirachi|399\/399
|-damage|p1a: Jirachi|375\/399|[from] Stealth Rock
|
|-weather|RainDance|[upkeep]
|turn|7
|
|move|p2a: Petrie|Pursuit|p1a: Jirachi
|-supereffective|p1a: Jirachi
|-damage|p1a: Jirachi|279\/399
|move|p1a: Jirachi|Thunder Wave|p2a: Petrie
|-status|p2a: Petrie|par
|
|-weather|RainDance|[upkeep]
|turn|8
|
|switch|p2a: Chesnaughtyinbed|Chesnaught, M|380\/380
|move|p1a: Jirachi|Iron Head|p2a: Chesnaughtyinbed
|-damage|p2a: Chesnaughtyinbed|305\/380
|
|-weather|RainDance|[upkeep]
|-heal|p2a: Chesnaughtyinbed|328\/380|[from] item: Leftovers
|turn|9
|
|move|p1a: Jirachi|Thunder Wave|p2a: Chesnaughtyinbed
|-status|p2a: Chesnaughtyinbed|par
|cant|p2a: Chesnaughtyinbed|par
|
|-weather|RainDance|[upkeep]
|-heal|p2a: Chesnaughtyinbed|351\/380 par|[from] item: Leftovers
|turn|10
|
|move|p1a: Jirachi|Iron Head|p2a: Chesnaughtyinbed
|-damage|p2a: Chesnaughtyinbed|273\/380 par
|cant|p2a: Chesnaughtyinbed|par
|
|-weather|none
|-heal|p2a: Chesnaughtyinbed|296\/380 par|[from] item: Leftovers
|turn|11
|c|âGordy Lifestyle|are you really so bad at this game that you need to rely on twave rachi?
|c|âGordy Lifestyle|god youre terrible
|c|âPheonixmaster|LOL
|c|âPheonixmaster|Keep going on
|
|move|p2a: Chesnaughtyinbed|Spiky Shield|p2a: Chesnaughtyinbed
|-singleturn|p2a: Chesnaughtyinbed|move: Protect
|move|p1a: Jirachi|Rain Dance|p1a: Jirachi
|-weather|RainDance
|
|-weather|RainDance|[upkeep]
|-heal|p2a: Chesnaughtyinbed|319\/380 par|[from] item: Leftovers
|turn|12
|
|move|p1a: Jirachi|Iron Head|p2a: Chesnaughtyinbed
|-damage|p2a: Chesnaughtyinbed|232\/380 par
|move|p2a: Chesnaughtyinbed|Spikes|p1a: Jirachi
|-sidestart|p1: Pheonixmaster|Spikes
|
|-weather|RainDance|[upkeep]
|-heal|p2a: Chesnaughtyinbed|255\/380 par|[from] item: Leftovers
|turn|13
|
|switch|p1a: Toxicroak|Toxicroak, M|307\/307
|-damage|p1a: Toxicroak|269\/307|[from] Spikes
|-damage|p1a: Toxicroak|250\/307|[from] Stealth Rock
|move|p2a: Chesnaughtyinbed|Spiky Shield|p2a: Chesnaughtyinbed
|-fail|p2a: Chesnaughtyinbed
|
|-weather|RainDance|[upkeep]
|-heal|p1a: Toxicroak|288\/307|[from] ability: Dry Skin
|-heal|p2a: Chesnaughtyinbed|278\/380 par|[from] item: Leftovers
|turn|14
|
|switch|p2a: Petrie|Aerodactyl-Mega, M|321\/321 par
|move|p1a: Toxicroak|Swords Dance|p1a: Toxicroak
|-boost|p1a: Toxicroak|atk|2
|
|-weather|RainDance|[upkeep]
|-heal|p1a: Toxicroak|307\/307|[from] ability: Dry Skin
|turn|15
|
|move|p1a: Toxicroak|Drain Punch|p2a: Petrie
|-damage|p2a: Petrie|0 fnt
|-damage|p1a: Toxicroak|277\/307|[from] item: Life Orb
|faint|p2a: Petrie
|
|-weather|RainDance|[upkeep]
|-heal|p1a: Toxicroak|307\/307|[from] ability: Dry Skin
|
|switch|p2a: Hydreigon|Hydreigon, F|325\/325
|turn|16
|
|switch|p1a: Tornadus|Tornadus, M|48\/299
|-damage|p1a: Tornadus|0 fnt|[from] Stealth Rock
|faint|p1a: Tornadus
|move|p2a: Hydreigon|Draco Meteor|p1: Tornadus|[notarget]
|-notarget
|
|-weather|RainDance|[upkeep]
|
|switch|p1a: Jirachi|Jirachi|279\/399
|-damage|p1a: Jirachi|255\/399|[from] Stealth Rock
|-damage|p1a: Jirachi|206\/399|[from] Spikes
|turn|17
|
|switch|p2a: Chesnaughtyinbed|Chesnaught, M|278\/380 par
|move|p1a: Jirachi|U-turn|p2a: Chesnaughtyinbed
|-damage|p2a: Chesnaughtyinbed|233\/380 par
|
|switch|p1a: Toxicroak|Toxicroak, M|307\/307
|-damage|p1a: Toxicroak|269\/307|[from] Spikes
|-damage|p1a: Toxicroak|250\/307|[from] Stealth Rock
|
|-weather|RainDance|[upkeep]
|-heal|p1a: Toxicroak|288\/307|[from] ability: Dry Skin
|-heal|p2a: Chesnaughtyinbed|256\/380 par|[from] item: Leftovers
|turn|18
|
|move|p1a: Toxicroak|Gunk Shot|p2a: Chesnaughtyinbed
|-supereffective|p2a: Chesnaughtyinbed
|-damage|p2a: Chesnaughtyinbed|0 fnt
|-damage|p1a: Toxicroak|258\/307|[from] item: Life Orb
|faint|p2a: Chesnaughtyinbed
|
|-weather|none
|
|switch|p2a: Infernape|Infernape, M|293\/293
|turn|19
|
|switch|p1a: Swampert|Swampert-Mega, M|328\/349 tox
|-damage|p1a: Swampert|307\/349 tox|[from] Stealth Rock
|-damage|p1a: Swampert|264\/349 tox|[from] Spikes
|move|p2a: Infernape|Swords Dance|p2a: Infernape
|-boost|p2a: Infernape|atk|2
|
|-damage|p1a: Swampert|243\/349 tox|[from] psn
|turn|20
|
|move|p2a: Infernape|Close Combat|p1a: Swampert
|-damage|p1a: Swampert|0 fnt
|-unboost|p2a: Infernape|def|1
|-unboost|p2a: Infernape|spd|1
|-damage|p2a: Infernape|264\/293|[from] item: Life Orb
|faint|p1a: Swampert
|
|
|switch|p1a: Chesnaught|Chesnaught, M|380\/380
|-damage|p1a: Chesnaught|333\/380|[from] Spikes
|-damage|p1a: Chesnaught|310\/380|[from] Stealth Rock
|turn|21
|
|move|p1a: Chesnaught|Spiky Shield|p1a: Chesnaught
|-singleturn|p1a: Chesnaught|move: Protect
|move|p2a: Infernape|Flare Blitz|p1a: Chesnaught
|-activate|p1a: Chesnaught|move: Protect
|-damage|p2a: Infernape|228\/293|[from] Spiky Shield|[of] p1a: Chesnaught
|
|-heal|p1a: Chesnaught|333\/380|[from] item: Leftovers
|turn|22
|
|switch|p1a: Jirachi|Jirachi|206\/399
|-damage|p1a: Jirachi|182\/399|[from] Stealth Rock
|-damage|p1a: Jirachi|133\/399|[from] Spikes
|move|p2a: Infernape|Close Combat|p1a: Jirachi
|-crit|p1a: Jirachi
|-damage|p1a: Jirachi|0 fnt
|-unboost|p2a: Infernape|def|1
|-unboost|p2a: Infernape|spd|1
|-damage|p2a: Infernape|199\/293|[from] item: Life Orb
|faint|p1a: Jirachi
|
|
|switch|p1a: Toxicroak|Toxicroak, M|258\/307
|-damage|p1a: Toxicroak|239\/307|[from] Stealth Rock
|-damage|p1a: Toxicroak|201\/307|[from] Spikes
|turn|23
|
|move|p1a: Toxicroak|Sucker Punch|p2a: Infernape
|-resisted|p2a: Infernape
|-damage|p2a: Infernape|34\/293
|-damage|p1a: Toxicroak|171\/307|[from] item: Life Orb
|move|p2a: Infernape|Flare Blitz|p1a: Toxicroak
|-damage|p1a: Toxicroak|0 fnt
|-damage|p2a: Infernape|0 fnt|[from] recoil|[of] p1a: Toxicroak
|faint|p1a: Toxicroak
|faint|p2a: Infernape
|
|
|switch|p2a: Ariel|Vaporeon, F|451\/451
|switch|p1a: Chesnaught|Chesnaught, M|333\/380
|-damage|p1a: Chesnaught|286\/380|[from] Spikes
|-damage|p1a: Chesnaught|263\/380|[from] Stealth Rock
|turn|24
|
|move|p2a: Ariel|Scald|p1a: Chesnaught
|-resisted|p1a: Chesnaught
|-damage|p1a: Chesnaught|215\/380
|move|p1a: Chesnaught|Wood Hammer|p2a: Ariel
|-supereffective|p2a: Ariel
|-damage|p2a: Ariel|137\/451
|-damage|p1a: Chesnaught|111\/380|[from] recoil|[of] p2a: Ariel
|
|-heal|p2a: Ariel|165\/451|[from] item: Leftovers
|-heal|p1a: Chesnaught|134\/380|[from] item: Leftovers
|turn|25
|
|switch|p2a: Hydreigon|Hydreigon, F|325\/325
|move|p1a: Chesnaught|Leech Seed|p2a: Hydreigon
|-start|p2a: Hydreigon|move: Leech Seed
|
|-heal|p1a: Chesnaught|157\/380|[from] item: Leftovers
|-damage|p2a: Hydreigon|285\/325|[from] Leech Seed|[of] p1a: Chesnaught
|-heal|p1a: Chesnaught|197\/380|[silent]
|turn|26
|
|move|p1a: Chesnaught|Spiky Shield|p1a: Chesnaught
|-singleturn|p1a: Chesnaught|move: Protect
|move|p2a: Hydreigon|Draco Meteor|p1a: Chesnaught
|-activate|p1a: Chesnaught|move: Protect
|
|-heal|p1a: Chesnaught|220\/380|[from] item: Leftovers
|-damage|p2a: Hydreigon|245\/325|[from] Leech Seed|[of] p1a: Chesnaught
|-heal|p1a: Chesnaught|260\/380|[silent]
|turn|27
|
|switch|p1a: Kingdra|Kingdra, M|291\/291
|-damage|p1a: Kingdra|255\/291|[from] Spikes
|-damage|p1a: Kingdra|219\/291|[from] Stealth Rock
|move|p2a: Hydreigon|Draco Meteor|p1a: Kingdra
|-supereffective|p1a: Kingdra
|-damage|p1a: Kingdra|0 fnt
|-unboost|p2a: Hydreigon|spa|2
|faint|p1a: Kingdra
|
|
|switch|p1a: Chesnaught|Chesnaught, M|260\/380
|-damage|p1a: Chesnaught|213\/380|[from] Spikes
|-damage|p1a: Chesnaught|190\/380|[from] Stealth Rock
|turn|28
|
|switch|p2a: Ariel|Vaporeon, F|165\/451
|move|p1a: Chesnaught|Wood Hammer|p2a: Ariel
|-supereffective|p2a: Ariel
|-damage|p2a: Ariel|0 fnt
|-damage|p1a: Chesnaught|136\/380|[from] recoil|[of] p2a: Ariel
|faint|p2a: Ariel
|
|-heal|p1a: Chesnaught|159\/380|[from] item: Leftovers
|
|switch|p2a: Hydreigon|Hydreigon, F|245\/325
|turn|29
|
|move|p1a: Chesnaught|Spiky Shield|p1a: Chesnaught
|-singleturn|p1a: Chesnaught|move: Protect
|move|p2a: Hydreigon|Draco Meteor|p1a: Chesnaught
|-activate|p1a: Chesnaught|move: Protect
|
|-heal|p1a: Chesnaught|182\/380|[from] item: Leftovers
|turn|30
|
|move|p2a: Hydreigon|Draco Meteor|p1a: Chesnaught
|-damage|p1a: Chesnaught|0 fnt
|-unboost|p2a: Hydreigon|spa|2
|faint|p1a: Chesnaught
|
|win|Gordy Lifestyle
|raw|Ladder updating...
|raw|Pheonixmaster's rating: 1460 &rarr; <strong>1435<\/strong><br \/>(-25 for losing)
|raw|Gordy Lifestyle's rating: 1375 &rarr; <strong>1399<\/strong><br \/>(+24 for winning)
|leave|Pheonixmaster
|player|p1
|c|âGordy Lifestyle|fucking scrub