|join|Deltre
|join|Gordy Lifestyle
|player|p1|Deltre|163
|player|p2|Gordy Lifestyle|173
|gametype|singles
|gen|6
|tier|UU
|rated
|rule|Sleep Clause Mod: Limit one foe put to sleep
|rule|Species Clause: Limit one of each PokÃ©mon
|rule|OHKO Clause: OHKO moves are banned
|rule|Moody Clause: Moody is banned
|rule|Evasion Moves Clause: Evasion moves are banned
|rule|Endless Battle Clause: Forcing endless battles is banned
|rule|HP Percentage Mod: HP is shown in percentages
|clearpoke
|poke|p1|Lucario, F
|poke|p1|Swampert, F
|poke|p1|Roserade, M
|poke|p1|Crobat, M
|poke|p1|Umbreon, M
|poke|p1|Diancie
|poke|p2|Infernape, F
|poke|p2|Aerodactyl, M
|poke|p2|Chesnaught, F
|poke|p2|Vaporeon, F
|poke|p2|Forretress, M, shiny
|poke|p2|Hydreigon, F
|rule|Swagger Clause: Swagger is banned
|rule|Baton Pass Clause: Limit one PokÃ©mon knowing Baton Pass
|teampreview
|
|start
|switch|p1a: Swampert|Swampert, F|404\/404
|switch|p2a: Walnut|Forretress, M, shiny|354\/354
|turn|1
|
|move|p1a: Swampert|Scald|p2a: Walnut
|-damage|p2a: Walnut|222\/354
|move|p2a: Walnut|Toxic|p1a: Swampert
|-status|p1a: Swampert|tox
|
|-heal|p2a: Walnut|244\/354|[from] item: Leftovers
|-damage|p1a: Swampert|379\/404 tox|[from] psn
|turn|2
|
|switch|p1a: Lucario|Lucario, F|281\/281
|move|p2a: Walnut|Stealth Rock|p1a: Lucario
|-sidestart|p1: Deltre|move: Stealth Rock
|
|-heal|p2a: Walnut|266\/354|[from] item: Leftovers
|turn|3
|
|move|p1a: Lucario|Swords Dance|p1a: Lucario
|-boost|p1a: Lucario|atk|2
|move|p2a: Walnut|Volt Switch|p1a: Lucario
|-damage|p1a: Lucario|234\/281
|
|switch|p2a: Hydreigon|Hydreigon, F|325\/325
|
|turn|4
|
|switch|p1a: Diancie|Diancie|290\/290
|-damage|p1a: Diancie|254\/290|[from] Stealth Rock
|move|p2a: Hydreigon|Fire Blast|p1a: Diancie|[miss]
|-miss|p2a: Hydreigon|p1a: Diancie
|
|turn|5
|
|switch|p2a: Ariel|Vaporeon, F|451\/451
|detailschange|p1a: Diancie|Diancie-Mega
|-mega|p1a: Diancie|Diancie|Diancite
|move|p1a: Diancie|Moonblast|p2a: Ariel
|-damage|p2a: Ariel|270\/451
|
|-heal|p2a: Ariel|298\/451|[from] item: Leftovers
|turn|6
|
|switch|p1a: Roserade|Roserade, M|324\/324
|-damage|p1a: Roserade|284\/324|[from] Stealth Rock
|move|p2a: Ariel|Baton Pass|p2a: Ariel
|
|switch|p2a: Petrie|Aerodactyl, M|321\/321
|
|-heal|p1a: Roserade|304\/324|[from] item: Black Sludge
|turn|7
|
|detailschange|p2a: Petrie|Aerodactyl-Mega, M
|-mega|p2a: Petrie|Aerodactyl|Aerodactylite
|move|p2a: Petrie|Pursuit|p1a: Roserade|[from]Pursuit
|-damage|p1a: Roserade|92\/324
|switch|p1a: Swampert|Swampert, F|379\/404 tox
|-damage|p1a: Swampert|354\/404 tox|[from] Stealth Rock
|
|-heal|p1a: Swampert|379\/404 tox|[from] item: Leftovers
|-damage|p1a: Swampert|354\/404 tox|[from] psn
|turn|8
|
|move|p2a: Petrie|Taunt|p1a: Swampert
|-start|p1a: Swampert|move: Taunt
|cant|p1a: Swampert|move: Taunt|Stealth Rock
|
|-heal|p1a: Swampert|379\/404 tox|[from] item: Leftovers
|-damage|p1a: Swampert|329\/404 tox|[from] psn
|turn|9
|
|switch|p2a: Ariel|Vaporeon, F|298\/451
|switch|p1a: Umbreon|Umbreon, M|394\/394
|-damage|p1a: Umbreon|345\/394|[from] Stealth Rock
|
|-heal|p2a: Ariel|326\/451|[from] item: Leftovers
|-heal|p1a: Umbreon|369\/394|[from] item: Leftovers
|turn|10
|
|move|p1a: Umbreon|Heal Bell|p1a: Umbreon
|-cureteam|p1a: Umbreon|[from] move: HealBell
|move|p2a: Ariel|Baton Pass|p2a: Ariel
|
|switch|p2a: Infernape|Infernape, F|293\/293
|
|-heal|p1a: Umbreon|393\/394|[from] item: Leftovers
|turn|11
|
|switch|p1a: Roserade|Roserade, M|92\/324
|-damage|p1a: Roserade|52\/324|[from] Stealth Rock
|move|p2a: Infernape|Swords Dance|p2a: Infernape
|-boost|p2a: Infernape|atk|2
|
|-heal|p1a: Roserade|72\/324|[from] item: Black Sludge
|turn|12
|
|move|p2a: Infernape|Close Combat|p1a: Roserade
|-crit|p1a: Roserade
|-resisted|p1a: Roserade
|-damage|p1a: Roserade|0 fnt
|-unboost|p2a: Infernape|def|1
|-unboost|p2a: Infernape|spd|1
|-damage|p2a: Infernape|264\/293|[from] item: Life Orb
|faint|p1a: Roserade
|
|
|switch|p1a: Swampert|Swampert, F|329\/404
|-damage|p1a: Swampert|304\/404|[from] Stealth Rock
|turn|13
|
|move|p2a: Infernape|Close Combat|p1a: Swampert
|-damage|p1a: Swampert|0 fnt
|-unboost|p2a: Infernape|def|1
|-unboost|p2a: Infernape|spd|1
|-damage|p2a: Infernape|235\/293|[from] item: Life Orb
|faint|p1a: Swampert
|
|-message|Deltre forfeited.
|
|win|Gordy Lifestyle
|raw|Ladder updating...
|leave|Deltre
|player|p1
|raw|Deltre's rating: 1420 &rarr; <strong>1394<\/strong><br \/>(-26 for losing)
|raw|Gordy Lifestyle's rating: 1321 &rarr; <strong>1347<\/strong><br \/>(+26 for winning)