|join|kritsterknight
|join|Gordy Lifestyle
|player|p1|kritsterknight|3
|player|p2|Gordy Lifestyle|173
|gametype|singles
|gen|6
|tier|UU
|rated
|rule|Sleep Clause Mod: Limit one foe put to sleep
|rule|Species Clause: Limit one of each PokÃ©mon
|rule|OHKO Clause: OHKO moves are banned
|rule|Moody Clause: Moody is banned
|rule|Evasion Moves Clause: Evasion moves are banned
|rule|Endless Battle Clause: Forcing endless battles is banned
|rule|HP Percentage Mod: HP is shown in percentages
|clearpoke
|poke|p1|Espeon, M
|poke|p1|Entei, shiny
|poke|p1|Donphan, M
|poke|p1|Cradily, M
|poke|p1|Haxorus, M
|poke|p1|Drapion, F
|poke|p2|Infernape, M
|poke|p2|Aerodactyl, M
|poke|p2|Chesnaught, F
|poke|p2|Vaporeon, F
|poke|p2|Forretress, M, shiny
|poke|p2|Hydreigon, F
|rule|Swagger Clause: Swagger is banned
|rule|Baton Pass Clause: Limit one PokÃ©mon knowing Baton Pass
|teampreview
|
|start
|switch|p1a: Donphan|Donphan, M|384\/384
|switch|p2a: Petrie|Aerodactyl, M|321\/321
|turn|1
|
|detailschange|p2a: Petrie|Aerodactyl-Mega, M
|-mega|p2a: Petrie|Aerodactyl|Aerodactylite
|move|p2a: Petrie|Taunt|p1a: Donphan
|-start|p1a: Donphan|move: Taunt
|cant|p1a: Donphan|move: Taunt|Stealth Rock
|
|turn|2
|
|switch|p2a: Walnut|Forretress, M, shiny|354\/354
|move|p1a: Donphan|Ice Shard|p2a: Walnut
|-resisted|p2a: Walnut
|-damage|p2a: Walnut|344\/354
|
|-heal|p2a: Walnut|354\/354|[from] item: Leftovers
|turn|3
|
|switch|p1a: Espeon|Espeon, M|271\/271
|move|p2a: Walnut|Volt Switch|p1a: Espeon
|-damage|p1a: Espeon|235\/271
|
|switch|p2a: Petrie|Aerodactyl-Mega, M|321\/321
|
|turn|4
|
|move|p2a: Petrie|Pursuit|p1a: Espeon|[from]Pursuit
|-supereffective|p1a: Espeon
|-damage|p1a: Espeon|0 fnt
|faint|p1a: Espeon
|
|
|switch|p1a: Cradily|Cradily, M|376\/376
|turn|5
|
|move|p2a: Petrie|Taunt|p1a: Cradily
|-start|p1a: Cradily|move: Taunt
|move|p1a: Cradily|Ancient Power|p2a: Petrie
|-supereffective|p2a: Petrie
|-damage|p2a: Petrie|147\/321
|
|turn|6
|
|switch|p2a: Walnut|Forretress, M, shiny|354\/354
|move|p1a: Cradily|Ancient Power|p2a: Walnut
|-damage|p2a: Walnut|233\/354
|
|-heal|p2a: Walnut|255\/354|[from] item: Leftovers
|turn|7
|
|move|p1a: Cradily|Ancient Power|p2a: Walnut
|-damage|p2a: Walnut|129\/354
|move|p2a: Walnut|Toxic|p1a: Cradily
|-status|p1a: Cradily|tox
|
|-heal|p2a: Walnut|151\/354|[from] item: Leftovers
|-damage|p1a: Cradily|353\/376 tox|[from] psn
|-end|p1a: Cradily|move: Taunt
|turn|8
|
|move|p1a: Cradily|Ancient Power|p2a: Walnut
|-damage|p2a: Walnut|19\/354
|move|p2a: Walnut|Stealth Rock|p1a: Cradily
|-sidestart|p1: kritsterknight|move: Stealth Rock
|
|-heal|p2a: Walnut|41\/354|[from] item: Leftovers
|-damage|p1a: Cradily|307\/376 tox|[from] psn
|turn|9
|
|switch|p2a: Ariel|Vaporeon, F|451\/451
|move|p1a: Cradily|Ancient Power|p2a: Ariel
|-damage|p2a: Ariel|375\/451
|
|-heal|p2a: Ariel|403\/451|[from] item: Leftovers
|-damage|p1a: Cradily|238\/376 tox|[from] psn
|turn|10
|
|move|p2a: Ariel|Wish|p2a: Ariel
|move|p1a: Cradily|Giga Drain|p2a: Ariel
|-supereffective|p2a: Ariel
|-damage|p2a: Ariel|215\/451
|-heal|p1a: Cradily|332\/376 tox|[from] drain|[of] p2a: Ariel
|
|-heal|p2a: Ariel|243\/451|[from] item: Leftovers
|-damage|p1a: Cradily|240\/376 tox|[from] psn
|turn|11
|
|switch|p1a: Donphan|Donphan, M|384\/384
|-damage|p1a: Donphan|360\/384|[from] Stealth Rock
|move|p2a: Ariel|Protect|p2a: Ariel
|-fail|p2a: Ariel
|
|-heal|p2a: Ariel|451\/451|[from] move: Wish|[wisher] Ariel
|-heal|p1a: Donphan|384\/384|[from] item: Leftovers
|turn|12
|
|move|p2a: Ariel|Scald|p1a: Donphan
|-supereffective|p1a: Donphan
|-damage|p1a: Donphan|48\/384
|-status|p1a: Donphan|brn
|move|p1a: Donphan|Rapid Spin|p2a: Ariel
|-damage|p2a: Ariel|440\/451
|-sideend|p1: kritsterknight|Stealth Rock|[from] move: Rapid Spin|[of] p1a: Donphan
|
|-heal|p2a: Ariel|451\/451|[from] item: Leftovers
|-heal|p1a: Donphan|72\/384 brn|[from] item: Leftovers
|-damage|p1a: Donphan|24\/384 brn|[from] brn
|turn|13
|
|switch|p1a: Cradily|Cradily, M|240\/376 tox
|move|p2a: Ariel|Scald|p1a: Cradily
|-boost|p1a: Cradily|spa|1|[from] ability: Storm Drain
|
|-damage|p1a: Cradily|217\/376 tox|[from] psn
|turn|14
|
|move|p2a: Ariel|Protect|p2a: Ariel
|-singleturn|p2a: Ariel|Protect
|move|p1a: Cradily|Giga Drain|p2a: Ariel
|-activate|p2a: Ariel|Protect
|
|-damage|p1a: Cradily|171\/376 tox|[from] psn
|turn|15
|
|switch|p2a: Chesnaughtyinbed|Chesnaught, F|380\/380
|move|p1a: Cradily|Giga Drain|p2a: Chesnaughtyinbed
|-crit|p2a: Chesnaughtyinbed
|-resisted|p2a: Chesnaughtyinbed
|-damage|p2a: Chesnaughtyinbed|278\/380
|-heal|p1a: Cradily|222\/376 tox|[from] drain|[of] p2a: Chesnaughtyinbed
|
|-heal|p2a: Chesnaughtyinbed|301\/380|[from] item: Leftovers
|-damage|p1a: Cradily|153\/376 tox|[from] psn
|turn|16
|
|move|p2a: Chesnaughtyinbed|Spikes|p1a: Cradily
|-sidestart|p1: kritsterknight|Spikes
|move|p1a: Cradily|Sludge Bomb|p2a: Chesnaughtyinbed
|-immune|p2a: Chesnaughtyinbed|[msg]|[from] Bulletproof
|
|-heal|p2a: Chesnaughtyinbed|324\/380|[from] item: Leftovers
|-damage|p1a: Cradily|61\/376 tox|[from] psn
|turn|17
|
|switch|p1a: Entei|Entei, shiny|372\/372
|-damage|p1a: Entei|326\/372|[from] Spikes
|-ability|p1a: Entei|Pressure
|move|p2a: Chesnaughtyinbed|Spikes|p1a: Entei
|-sidestart|p1: kritsterknight|Spikes
|
|-heal|p2a: Chesnaughtyinbed|347\/380|[from] item: Leftovers
|turn|18
|
|move|p2a: Chesnaughtyinbed|Spiky Shield|p2a: Chesnaughtyinbed
|-singleturn|p2a: Chesnaughtyinbed|move: Protect
|move|p1a: Entei|Sacred Fire|p2a: Chesnaughtyinbed
|-activate|p2a: Chesnaughtyinbed|move: Protect
|
|-heal|p2a: Chesnaughtyinbed|370\/380|[from] item: Leftovers
|turn|19
|
|switch|p1a: Cradily|Cradily, M|61\/376 tox
|-damage|p1a: Cradily|0 fnt|[from] Spikes
|faint|p1a: Cradily
|switch|p2a: Walnut|Forretress, M, shiny|41\/354
|
|-heal|p2a: Walnut|63\/354|[from] item: Leftovers
|
|switch|p1a: Haxorus|Haxorus, M|294\/294
|-damage|p1a: Haxorus|245\/294|[from] Spikes
|-ability|p1a: Haxorus|Mold Breaker
|turn|20
|
|move|p1a: Haxorus|Dragon Dance|p1a: Haxorus
|-boost|p1a: Haxorus|atk|1
|-boost|p1a: Haxorus|spe|1
|move|p2a: Walnut|Toxic|p1a: Haxorus
|-status|p1a: Haxorus|tox
|-enditem|p1a: Haxorus|Lum Berry|[eat]
|-curestatus|p1a: Haxorus|tox
|
|-heal|p2a: Walnut|85\/354|[from] item: Leftovers
|turn|21
|
|move|p1a: Haxorus|Earthquake|p2a: Walnut
|-damage|p2a: Walnut|0 fnt
|faint|p2a: Walnut
|
|
|switch|p2a: Hydreigon|Hydreigon, F|325\/325
|turn|22
|
|move|p2a: Hydreigon|Draco Meteor|p1a: Haxorus
|-supereffective|p1a: Haxorus
|-damage|p1a: Haxorus|0 fnt
|-unboost|p2a: Hydreigon|spa|2
|faint|p1a: Haxorus
|
|
|switch|p1a: Drapion|Drapion, F|282\/282
|-damage|p1a: Drapion|235\/282|[from] Spikes
|turn|23
|
|switch|p2a: Petrie|Aerodactyl-Mega, M|147\/321
|move|p1a: Drapion|Knock Off|p2a: Petrie
|-damage|p2a: Petrie|38\/321
|
|-heal|p1a: Drapion|252\/282|[from] item: Black Sludge
|turn|24
|
|switch|p1a: Donphan|Donphan, M|24\/384 brn
|-damage|p1a: Donphan|0 fnt|[from] Spikes
|faint|p1a: Donphan
|move|p2a: Petrie|Roost|p2a: Petrie
|-heal|p2a: Petrie|199\/321
|
|
|switch|p1a: Drapion|Drapion, F|252\/282
|-damage|p1a: Drapion|205\/282|[from] Spikes
|turn|25
|
|move|p2a: Petrie|Aerial Ace|p1a: Drapion
|-damage|p1a: Drapion|76\/282
|move|p1a: Drapion|Swords Dance|p1a: Drapion
|-boost|p1a: Drapion|atk|2
|
|-heal|p1a: Drapion|93\/282|[from] item: Black Sludge
|turn|26
|
|move|p2a: Petrie|Aerial Ace|p1a: Drapion
|-damage|p1a: Drapion|0 fnt
|faint|p1a: Drapion
|
|
|switch|p1a: Entei|Entei, shiny|326\/372
|-damage|p1a: Entei|264\/372|[from] Spikes
|-ability|p1a: Entei|Pressure
|turn|27
|
|move|p2a: Petrie|Aerial Ace|p1a: Entei
|-damage|p1a: Entei|78\/372
|move|p1a: Entei|Stone Edge|p2a: Petrie
|-supereffective|p2a: Petrie
|-damage|p2a: Petrie|0 fnt
|faint|p2a: Petrie
|
|
|switch|p2a: Hydreigon|Hydreigon, F|325\/325
|turn|28
|
|move|p2a: Hydreigon|Dark Pulse|p1a: Entei
|-damage|p1a: Entei|0 fnt
|faint|p1a: Entei
|
|win|Gordy Lifestyle
|raw|Ladder updating...
|raw|kritsterknight's rating: 1375 &rarr; <strong>1352<\/strong><br \/>(-23 for losing)
|raw|Gordy Lifestyle's rating: 1314 &rarr; <strong>1337<\/strong><br \/>(+23 for winning)