|join|Gordy Lifestyle
|join|TrickyTreecko
|player|p1|Gordy Lifestyle|173
|player|p2|TrickyTreecko|282
|gametype|singles
|gen|6
|tier|UU
|rated
|rule|Sleep Clause Mod: Limit one foe put to sleep
|rule|Species Clause: Limit one of each PokÃ©mon
|rule|OHKO Clause: OHKO moves are banned
|rule|Moody Clause: Moody is banned
|rule|Evasion Moves Clause: Evasion moves are banned
|rule|Endless Battle Clause: Forcing endless battles is banned
|rule|HP Percentage Mod: HP is shown in percentages
|clearpoke
|poke|p1|Infernape, F
|poke|p1|Aerodactyl, M
|poke|p1|Chesnaught, F
|poke|p1|Vaporeon, F
|poke|p1|Forretress, M, shiny
|poke|p1|Hydreigon, M
|poke|p2|Beedrill, M
|poke|p2|Raikou
|poke|p2|Donphan, F
|poke|p2|Roserade, F
|poke|p2|Vaporeon, M
|poke|p2|Alakazam, M
|rule|Swagger Clause: Swagger is banned
|rule|Baton Pass Clause: Limit one PokÃ©mon knowing Baton Pass
|teampreview
|
|start
|switch|p1a: Chesnaughtyinbed|Chesnaught, F|380\/380
|switch|p2a: Raikou|Raikou|321\/321
|-ability|p2a: Raikou|Pressure
|turn|1
|
|move|p2a: Raikou|Volt Switch|p1a: Chesnaughtyinbed
|-resisted|p1a: Chesnaughtyinbed
|-damage|p1a: Chesnaughtyinbed|308\/380
|
|switch|p2a: Roserade|Roserade, F|324\/324
|move|p1a: Chesnaughtyinbed|Spikes|p2a: Roserade
|-sidestart|p2: TrickyTreecko|Spikes
|
|-heal|p1a: Chesnaughtyinbed|331\/380|[from] item: Leftovers
|turn|2
|
|move|p2a: Roserade|Spikes|p1a: Chesnaughtyinbed
|-sidestart|p1: Gordy Lifestyle|Spikes
|move|p1a: Chesnaughtyinbed|Spikes|p2a: Roserade
|-sidestart|p2: TrickyTreecko|Spikes
|
|-heal|p1a: Chesnaughtyinbed|354\/380|[from] item: Leftovers
|turn|3
|
|move|p2a: Roserade|Spikes|p1a: Chesnaughtyinbed
|-sidestart|p1: Gordy Lifestyle|Spikes
|move|p1a: Chesnaughtyinbed|Spikes|p2a: Roserade
|-sidestart|p2: TrickyTreecko|Spikes
|
|-heal|p1a: Chesnaughtyinbed|377\/380|[from] item: Leftovers
|turn|4
|
|switch|p2a: Donphan|Donphan, F|384\/384
|-damage|p2a: Donphan|288\/384|[from] Spikes
|switch|p1a: Petrie|Aerodactyl, M|321\/321
|
|turn|5
|
|switch|p1a: Walnut|Forretress, M, shiny|354\/354
|-damage|p1a: Walnut|295\/354|[from] Spikes
|move|p2a: Donphan|Rapid Spin|p1a: Walnut
|-resisted|p1a: Walnut
|-damage|p1a: Walnut|290\/354
|-sideend|p2: TrickyTreecko|Spikes|[from] move: Rapid Spin|[of] p2a: Donphan
|
|-heal|p1a: Walnut|312\/354|[from] item: Leftovers
|turn|6
|
|move|p2a: Donphan|Knock Off|p1a: Walnut
|-damage|p1a: Walnut|262\/354
|-enditem|p1a: Walnut|Leftovers|[from] move: Knock Off|[of] p2a: Donphan
|move|p1a: Walnut|Rapid Spin|p2a: Donphan
|-damage|p2a: Donphan|278\/384
|-damage|p1a: Walnut|203\/354|[from] item: Rocky Helmet|[of] p2a: Donphan
|-sideend|p1: Gordy Lifestyle|Spikes|[from] move: Rapid Spin|[of] p1a: Walnut
|
|turn|7
|
|move|p2a: Donphan|Stealth Rock|p1a: Walnut
|-sidestart|p1: Gordy Lifestyle|move: Stealth Rock
|move|p1a: Walnut|Toxic|p2a: Donphan
|-status|p2a: Donphan|tox
|
|-damage|p2a: Donphan|254\/384 tox|[from] psn
|turn|8
|
|switch|p2a: Raikou|Raikou|321\/321
|-ability|p2a: Raikou|Pressure
|move|p1a: Walnut|Rapid Spin|p2a: Raikou
|-damage|p2a: Raikou|303\/321
|-sideend|p1: Gordy Lifestyle|Stealth Rock|[from] move: Rapid Spin|[of] p1a: Walnut
|
|turn|9
|
|switch|p1a: Hydreigon|Hydreigon, M|325\/325
|move|p2a: Raikou|Volt Switch|p1a: Hydreigon
|-resisted|p1a: Hydreigon
|-damage|p1a: Hydreigon|240\/325
|
|switch|p2a: Roserade|Roserade, F|324\/324
|
|turn|10
|
|move|p1a: Hydreigon|U-turn|p2a: Roserade
|-crit|p2a: Roserade
|-damage|p2a: Roserade|221\/324
|
|switch|p1a: Petrie|Aerodactyl, M|321\/321
|move|p2a: Roserade|Sleep Powder|p1a: Petrie
|-status|p1a: Petrie|slp
|
|-heal|p2a: Roserade|241\/324|[from] item: Black Sludge
|turn|11
|
|switch|p1a: Chesnaughtyinbed|Chesnaught, F|377\/380
|switch|p2a: Raikou|Raikou|303\/321
|-ability|p2a: Raikou|Pressure
|
|-heal|p1a: Chesnaughtyinbed|380\/380|[from] item: Leftovers
|turn|12
|
|move|p2a: Raikou|Extrasensory|p1a: Chesnaughtyinbed
|-supereffective|p1a: Chesnaughtyinbed
|-damage|p1a: Chesnaughtyinbed|138\/380
|move|p1a: Chesnaughtyinbed|Spikes|p2a: Raikou
|-sidestart|p2: TrickyTreecko|Spikes
|
|-heal|p1a: Chesnaughtyinbed|161\/380|[from] item: Leftovers
|turn|13
|
|switch|p2a: Vaporeon|Vaporeon, M|464\/464
|-damage|p2a: Vaporeon|406\/464|[from] Spikes
|move|p1a: Chesnaughtyinbed|Spiky Shield|p1a: Chesnaughtyinbed
|-fail|p1a: Chesnaughtyinbed
|
|-heal|p2a: Vaporeon|435\/464|[from] item: Leftovers
|-heal|p1a: Chesnaughtyinbed|184\/380|[from] item: Leftovers
|turn|14
|
|move|p2a: Vaporeon|Heal Bell|p2a: Vaporeon
|-cureteam|p2a: Vaporeon|[from] move: HealBell
|move|p1a: Chesnaughtyinbed|Spikes|p2a: Vaporeon
|-sidestart|p2: TrickyTreecko|Spikes
|
|-heal|p2a: Vaporeon|464\/464|[from] item: Leftovers
|-heal|p1a: Chesnaughtyinbed|207\/380|[from] item: Leftovers
|turn|15
|
|switch|p2a: Alakazam|Alakazam, M|251\/251
|move|p1a: Chesnaughtyinbed|Leech Seed|p2a: Alakazam
|-start|p2a: Alakazam|move: Leech Seed
|
|-heal|p1a: Chesnaughtyinbed|230\/380|[from] item: Leftovers
|turn|16
|
|move|p1a: Chesnaughtyinbed|Spiky Shield|p1a: Chesnaughtyinbed
|-singleturn|p1a: Chesnaughtyinbed|move: Protect
|move|p2a: Alakazam|Focus Blast|p1a: Chesnaughtyinbed
|-activate|p1a: Chesnaughtyinbed|move: Protect
|
|-heal|p1a: Chesnaughtyinbed|253\/380|[from] item: Leftovers
|turn|17
|
|switch|p1a: Ariel|Vaporeon, F|451\/451
|move|p2a: Alakazam|Psychic|p1a: Ariel
|-damage|p1a: Ariel|306\/451
|
|-heal|p1a: Ariel|334\/451|[from] item: Leftovers
|turn|18
|
|move|p2a: Alakazam|Energy Ball|p1a: Ariel
|-supereffective|p1a: Ariel
|-damage|p1a: Ariel|146\/451
|move|p1a: Ariel|Baton Pass|p1a: Ariel
|
|switch|p1a: Hydreigon|Hydreigon, M|240\/325
|
|turn|19
|
|switch|p2a: Donphan|Donphan, F|254\/384
|-damage|p2a: Donphan|190\/384|[from] Spikes
|move|p1a: Hydreigon|Dark Pulse|p2a: Donphan
|-damage|p2a: Donphan|0 fnt
|faint|p2a: Donphan
|
|
|switch|p2a: Raikou|Raikou|303\/321
|-damage|p2a: Raikou|250\/321|[from] Spikes
|-ability|p2a: Raikou|Pressure
|turn|20
|
|move|p1a: Hydreigon|Dark Pulse|p2a: Raikou
|-crit|p2a: Raikou
|-damage|p2a: Raikou|39\/321
|move|p2a: Raikou|Hidden Power|p1a: Hydreigon
|-crit|p1a: Hydreigon
|-supereffective|p1a: Hydreigon
|-damage|p1a: Hydreigon|0 fnt
|faint|p1a: Hydreigon
|
|
|switch|p1a: Infernape|Infernape, F|293\/293
|turn|21
|
|switch|p1a: Ariel|Vaporeon, F|146\/451
|move|p2a: Raikou|Hidden Power|p1a: Ariel
|-resisted|p1a: Ariel
|-damage|p1a: Ariel|103\/451
|
|-heal|p1a: Ariel|131\/451|[from] item: Leftovers
|turn|22
|
|switch|p2a: Beedrill|Beedrill, M|271\/271
|-damage|p2a: Beedrill|226\/271|[from] Spikes
|move|p1a: Ariel|Wish|p1a: Ariel
|
|-heal|p1a: Ariel|159\/451|[from] item: Leftovers
|turn|23
|
|switch|p1a: Walnut|Forretress, M, shiny|203\/354
|detailschange|p2a: Beedrill|Beedrill-Mega, M
|-mega|p2a: Beedrill|Beedrill|Beedrillite
|move|p2a: Beedrill|Poison Jab|p1a: Walnut
|-immune|p1a: Walnut|[msg]
|
|-heal|p1a: Walnut|354\/354|[from] move: Wish|[wisher] Ariel
|turn|24
|
|move|p2a: Beedrill|U-turn|p1a: Walnut
|-resisted|p1a: Walnut
|-damage|p1a: Walnut|301\/354
|
|switch|p2a: Raikou|Raikou|39\/321
|-damage|p2a: Raikou|0 fnt|[from] Spikes
|faint|p2a: Raikou
|move|p1a: Walnut|Stealth Rock|p2: Raikou
|-sidestart|p2: TrickyTreecko|move: Stealth Rock
|
|
|switch|p2a: Alakazam|Alakazam, M|251\/251
|turn|25
|
|switch|p1a: Petrie|Aerodactyl, M|321\/321 slp
|move|p2a: Alakazam|Focus Blast|p1a: Petrie
|-damage|p1a: Petrie|135\/321 slp
|
|turn|26
|
|detailschange|p1a: Petrie|Aerodactyl-Mega, M
|-mega|p1a: Petrie|Aerodactyl|Aerodactylite
|move|p2a: Alakazam|Psychic|p1a: Petrie
|-damage|p1a: Petrie|0 fnt
|faint|p1a: Petrie
|
|
|switch|p1a: Ariel|Vaporeon, F|159\/451
|turn|27
|
|move|p1a: Ariel|Protect|p1a: Ariel
|-singleturn|p1a: Ariel|Protect
|move|p2a: Alakazam|Energy Ball|p1a: Ariel
|-activate|p1a: Ariel|Protect
|
|-heal|p1a: Ariel|187\/451|[from] item: Leftovers
|turn|28
|
|switch|p1a: Chesnaughtyinbed|Chesnaught, F|253\/380
|move|p2a: Alakazam|Psychic|p1a: Chesnaughtyinbed
|-supereffective|p1a: Chesnaughtyinbed
|-damage|p1a: Chesnaughtyinbed|0 fnt
|faint|p1a: Chesnaughtyinbed
|
|
|switch|p1a: Ariel|Vaporeon, F|187\/451
|turn|29
|
|move|p1a: Ariel|Protect|p1a: Ariel
|-singleturn|p1a: Ariel|Protect
|move|p2a: Alakazam|Psychic|p1a: Ariel
|-activate|p1a: Ariel|Protect
|
|-heal|p1a: Ariel|215\/451|[from] item: Leftovers
|turn|30
|
|move|p2a: Alakazam|Psychic|p1a: Ariel
|-damage|p1a: Ariel|65\/451
|move|p1a: Ariel|Wish|p1a: Ariel
|
|-heal|p1a: Ariel|93\/451|[from] item: Leftovers
|turn|31
|
|switch|p2a: Roserade|Roserade, F|241\/324
|-damage|p2a: Roserade|201\/324|[from] Stealth Rock
|-damage|p2a: Roserade|147\/324|[from] Spikes
|move|p1a: Ariel|Protect|p1a: Ariel
|-fail|p1a: Ariel
|
|-heal|p1a: Ariel|318\/451|[from] move: Wish|[wisher] Ariel
|-heal|p2a: Roserade|167\/324|[from] item: Black Sludge
|-heal|p1a: Ariel|346\/451|[from] item: Leftovers
|turn|32
|
|switch|p1a: Walnut|Forretress, M, shiny|301\/354
|move|p2a: Roserade|Giga Drain|p1a: Walnut
|-resisted|p1a: Walnut
|-damage|p1a: Walnut|263\/354
|-heal|p2a: Roserade|186\/324|[from] drain|[of] p1a: Walnut
|
|-heal|p2a: Roserade|206\/324|[from] item: Black Sludge
|turn|33
|
|switch|p2a: Vaporeon|Vaporeon, M|464\/464
|-damage|p2a: Vaporeon|406\/464|[from] Stealth Rock
|-damage|p2a: Vaporeon|329\/464|[from] Spikes
|move|p1a: Walnut|Volt Switch|p2a: Vaporeon
|-supereffective|p2a: Vaporeon
|-damage|p2a: Vaporeon|259\/464
|
|switch|p1a: Infernape|Infernape, F|293\/293
|
|-heal|p2a: Vaporeon|288\/464|[from] item: Leftovers
|turn|34
|
|move|p1a: Infernape|Close Combat|p2a: Vaporeon
|-damage|p2a: Vaporeon|58\/464
|-unboost|p1a: Infernape|def|1
|-unboost|p1a: Infernape|spd|1
|-damage|p1a: Infernape|264\/293|[from] item: Life Orb
|move|p2a: Vaporeon|Scald|p1a: Infernape
|-supereffective|p1a: Infernape
|-damage|p1a: Infernape|0 fnt
|faint|p1a: Infernape
|
|-heal|p2a: Vaporeon|87\/464|[from] item: Leftovers
|c|âGordy Lifestyle|fucking scrub. enjoy that min damage
|-message|Gordy Lifestyle forfeited.
|c|âTrickyTreecko|what?
|
|win|TrickyTreecko
|raw|Ladder updating...
|leave|Gordy Lifestyle
|raw|Gordy Lifestyle's rating: 1510 &rarr; <strong>1484<\/strong><br \/>(-26 for losing)
|raw|TrickyTreecko's rating: 1399 &rarr; <strong>1425<\/strong><br \/>(+26 for winning)
|player|p1