|join|Yuni Sensei
|join|SocratesMLG
|player|p1|Yuni Sensei|158
|player|p2|SocratesMLG|291
|gametype|singles
|gen|6
|tier|UU
|rated
|rule|Sleep Clause Mod: Limit one foe put to sleep
|rule|Species Clause: Limit one of each PokÃ©mon
|rule|OHKO Clause: OHKO moves are banned
|rule|Moody Clause: Moody is banned
|rule|Evasion Moves Clause: Evasion moves are banned
|rule|Endless Battle Clause: Forcing endless battles is banned
|rule|HP Percentage Mod: HP is shown in percentages
|clearpoke
|poke|p1|Milotic, F, shiny
|poke|p1|Pidgeot, F
|poke|p1|Alakazam, M, shiny
|poke|p1|Donphan, M, shiny
|poke|p1|Machamp, F, shiny
|poke|p1|Shaymin, shiny
|poke|p2|Alakazam, F
|poke|p2|Absol, M
|poke|p2|Jirachi
|poke|p2|Chesnaught, F
|poke|p2|Rotom-Heat
|poke|p2|Tentacruel, M
|rule|Swagger Clause: Swagger is banned
|rule|Baton Pass Clause: Limit one PokÃ©mon knowing Baton Pass
|teampreview
|c|âSocratesMLG|gl hf
|
|start
|switch|p1a: Alakazam|Alakazam, M, shiny|252\/252
|switch|p2a: Rotom-Heat|Rotom-Heat|303\/303
|turn|1
|
|switch|p1a: Donphan|Donphan, M, shiny|384\/384
|move|p2a: Rotom-Heat|Volt Switch|p1a: Donphan
|-immune|p1a: Donphan|[msg]
|
|turn|2
|
|move|p2a: Rotom-Heat|Will-O-Wisp|p1a: Donphan|[miss]
|-miss|p2a: Rotom-Heat|p1a: Donphan
|move|p1a: Donphan|Stealth Rock|p2a: Rotom-Heat
|-sidestart|p2: SocratesMLG|move: Stealth Rock
|
|turn|3
|
|switch|p1a: Milotic|Milotic, F, shiny|390\/390
|move|p2a: Rotom-Heat|Will-O-Wisp|p1a: Milotic
|-status|p1a: Milotic|brn
|
|-damage|p1a: Milotic|342\/390 brn|[from] brn
|turn|4
|
|move|p2a: Rotom-Heat|Volt Switch|p1a: Milotic
|-supereffective|p1a: Milotic
|-damage|p1a: Milotic|226\/390 brn
|
|switch|p2a: Tentacruel|Tentacruel, M|356\/356
|-damage|p2a: Tentacruel|312\/356|[from] Stealth Rock
|move|p1a: Milotic|Mirror Coat|p2a: Tentacruel
|-damage|p2a: Tentacruel|80\/356
|
|-heal|p2a: Tentacruel|102\/356|[from] item: Black Sludge
|-heal|p1a: Milotic|250\/390 brn|[from] item: Leftovers
|-damage|p1a: Milotic|202\/390 brn|[from] brn
|turn|5
|
|move|p2a: Tentacruel|Rapid Spin|p1a: Milotic
|-damage|p1a: Milotic|193\/390 brn
|-sideend|p2: SocratesMLG|Stealth Rock|[from] move: Rapid Spin|[of] p2a: Tentacruel
|move|p1a: Milotic|Scald|p2a: Tentacruel
|-resisted|p2a: Tentacruel
|-damage|p2a: Tentacruel|74\/356
|-status|p2a: Tentacruel|brn
|
|-heal|p2a: Tentacruel|96\/356 brn|[from] item: Black Sludge
|-heal|p1a: Milotic|217\/390 brn|[from] item: Leftovers
|-damage|p2a: Tentacruel|52\/356 brn|[from] brn
|-damage|p1a: Milotic|169\/390 brn|[from] brn
|turn|6
|
|move|p2a: Tentacruel|Knock Off|p1a: Milotic
|-damage|p1a: Milotic|149\/390 brn
|-enditem|p1a: Milotic|Leftovers|[from] move: Knock Off|[of] p2a: Tentacruel
|move|p1a: Milotic|Recover|p1a: Milotic
|-heal|p1a: Milotic|344\/390 brn
|
|-heal|p2a: Tentacruel|74\/356 brn|[from] item: Black Sludge
|-damage|p2a: Tentacruel|30\/356 brn|[from] brn
|-damage|p1a: Milotic|296\/390 brn|[from] brn
|turn|7
|
|move|p2a: Tentacruel|Scald|p1a: Milotic
|-resisted|p1a: Milotic
|-damage|p1a: Milotic|269\/390 brn
|move|p1a: Milotic|Recover|p1a: Milotic
|-heal|p1a: Milotic|390\/390 brn
|
|-heal|p2a: Tentacruel|52\/356 brn|[from] item: Black Sludge
|-damage|p2a: Tentacruel|8\/356 brn|[from] brn
|-damage|p1a: Milotic|342\/390 brn|[from] brn
|turn|8
|
|move|p2a: Tentacruel|Scald|p1a: Milotic
|-resisted|p1a: Milotic
|-damage|p1a: Milotic|315\/390 brn
|move|p1a: Milotic|Scald|p2a: Tentacruel
|-resisted|p2a: Tentacruel
|-damage|p2a: Tentacruel|0 fnt
|faint|p2a: Tentacruel
|
|-damage|p1a: Milotic|267\/390 brn|[from] brn
|
|switch|p2a: Chesnaught|Chesnaught, F|379\/379
|turn|9
|
|switch|p1a: Donphan|Donphan, M, shiny|384\/384
|move|p2a: Chesnaught|Wood Hammer|p1a: Donphan
|-supereffective|p1a: Donphan
|-damage|p1a: Donphan|178\/384
|-damage|p2a: Chesnaught|311\/379|[from] recoil|[of] p1a: Donphan
|
|-heal|p1a: Donphan|202\/384|[from] item: Leftovers
|turn|10
|
|move|p2a: Chesnaught|Wood Hammer|p1a: Donphan
|-supereffective|p1a: Donphan
|-damage|p1a: Donphan|8\/384
|-damage|p2a: Chesnaught|247\/379|[from] recoil|[of] p1a: Donphan
|move|p1a: Donphan|Stealth Rock|p2a: Chesnaught
|-sidestart|p2: SocratesMLG|move: Stealth Rock
|
|-heal|p1a: Donphan|32\/384|[from] item: Leftovers
|turn|11
|c|âSocratesMLG|fcourse I get a low role
|
|move|p2a: Chesnaught|Wood Hammer|p1a: Donphan
|-supereffective|p1a: Donphan
|-damage|p1a: Donphan|0 fnt
|-damage|p2a: Chesnaught|236\/379|[from] recoil|[of] p1a: Donphan
|faint|p1a: Donphan
|
|
|switch|p1a: Pidgeot|Pidgeot, F|307\/307
|turn|12
|
|switch|p2a: Jirachi|Jirachi|341\/341
|-damage|p2a: Jirachi|320\/341|[from] Stealth Rock
|detailschange|p1a: Pidgeot|Pidgeot-Mega, F
|-mega|p1a: Pidgeot|Pidgeot|Pidgeotite
|move|p1a: Pidgeot|Hurricane|p2a: Jirachi
|-resisted|p2a: Jirachi
|-damage|p2a: Jirachi|225\/341
|-start|p2a: Jirachi|confusion
|
|turn|13
|
|switch|p2a: Rotom-Heat|Rotom-Heat|303\/303
|-damage|p2a: Rotom-Heat|228\/303|[from] Stealth Rock
|move|p1a: Pidgeot|Ominous Wind|p2a: Rotom-Heat
|-crit|p2a: Rotom-Heat
|-damage|p2a: Rotom-Heat|151\/303
|
|-heal|p2a: Rotom-Heat|169\/303|[from] item: Leftovers
|turn|14
|
|move|p1a: Pidgeot|Hurricane|p2a: Rotom-Heat
|-resisted|p2a: Rotom-Heat
|-damage|p2a: Rotom-Heat|103\/303
|-start|p2a: Rotom-Heat|confusion
|-activate|p2a: Rotom-Heat|confusion
|move|p2a: Rotom-Heat|Volt Switch|p1a: Pidgeot
|-supereffective|p1a: Pidgeot
|-damage|p1a: Pidgeot|115\/307
|
|switch|p2a: Jirachi|Jirachi|225\/341
|-damage|p2a: Jirachi|204\/341|[from] Stealth Rock
|
|turn|15
|
|move|p1a: Pidgeot|Protect|p1a: Pidgeot
|-singleturn|p1a: Pidgeot|Protect
|move|p2a: Jirachi|Iron Head|p1a: Pidgeot
|-activate|p1a: Pidgeot|Protect
|
|turn|16
|c|âSocratesMLG|I was about to get really upset xD
|c|âSocratesMLG|30% chance
|c|âSocratesMLG|but confuses twice in a row
|
|move|p2a: Jirachi|Iron Head|p1a: Pidgeot
|-damage|p1a: Pidgeot|0 fnt
|faint|p1a: Pidgeot
|
|
|switch|p1a: Machamp|Machamp, F, shiny|380\/380
|turn|17
|
|switch|p2a: Rotom-Heat|Rotom-Heat|103\/303
|-damage|p2a: Rotom-Heat|28\/303|[from] Stealth Rock
|move|p1a: Machamp|Knock Off|p2a: Rotom-Heat
|-damage|p2a: Rotom-Heat|0 fnt
|-enditem|p2a: Rotom-Heat|Leftovers|[from] move: Knock Off|[of] p1a: Machamp
|faint|p2a: Rotom-Heat
|
|c|âYuni Sensei|lol
|
|switch|p2a: Chesnaught|Chesnaught, F|236\/379
|-damage|p2a: Chesnaught|213\/379|[from] Stealth Rock
|turn|18
|c|âYuni Sensei|showdown haxing
|
|switch|p1a: Shaymin|Shaymin, shiny|404\/404
|move|p2a: Chesnaught|Wood Hammer|p1a: Shaymin
|-resisted|p1a: Shaymin
|-damage|p1a: Shaymin|335\/404
|-damage|p2a: Chesnaught|190\/379|[from] recoil|[of] p1a: Shaymin
|
|turn|19
|c|âSocratesMLG|pretty reliable strat
|
|move|p1a: Shaymin|Air Slash|p2a: Chesnaught
|-supereffective|p2a: Chesnaught
|-damage|p2a: Chesnaught|0 fnt
|-damage|p1a: Shaymin|295\/404|[from] item: Life Orb
|faint|p2a: Chesnaught
|
|
|switch|p2a: Jirachi|Jirachi|204\/341
|-damage|p2a: Jirachi|183\/341|[from] Stealth Rock
|turn|20
|
|move|p2a: Jirachi|Iron Head|p1a: Shaymin
|-damage|p1a: Shaymin|186\/404
|move|p1a: Shaymin|Earth Power|p2a: Jirachi
|-supereffective|p2a: Jirachi
|-damage|p2a: Jirachi|0 fnt
|-damage|p1a: Shaymin|146\/404|[from] item: Life Orb
|faint|p2a: Jirachi
|
|c|âSocratesMLG|or not xD
|
|switch|p2a: Absol|Absol, M|271\/271
|-damage|p2a: Absol|238\/271|[from] Stealth Rock
|turn|21
|c|âYuni Sensei|i was scare a flinch will fucked me up
|c|âSocratesMLG|I was banking on it
|
|detailschange|p2a: Absol|Absol-Mega, M
|-mega|p2a: Absol|Absol|Absolite
|move|p2a: Absol|Sucker Punch|p1a: Shaymin
|-damage|p1a: Shaymin|1\/404
|move|p1a: Shaymin|Seed Flare|p2a: Absol
|-damage|p2a: Absol|0 fnt
|-damage|p1a: Shaymin|0 fnt|[from] item: Life Orb
|faint|p2a: Absol
|faint|p1a: Shaymin
|
|c|âSocratesMLG|omg
|c|âYuni Sensei|the bulk
|c|âSocratesMLG|gg
|c|âYuni Sensei|too fatty
|c|âYuni Sensei|gg
|
|switch|p2a: Alakazam|Alakazam, F|251\/251
|switch|p1a: Alakazam|Alakazam, M, shiny|252\/252
|turn|22
|
|move|p1a: Alakazam|Shadow Ball|p2a: Alakazam
|-supereffective|p2a: Alakazam
|-enditem|p2a: Alakazam|Focus Sash
|-damage|p2a: Alakazam|1\/251
|move|p2a: Alakazam|Shadow Ball|p1a: Alakazam
|-crit|p1a: Alakazam
|-supereffective|p1a: Alakazam
|-damage|p1a: Alakazam|0 fnt
|faint|p1a: Alakazam
|
|c|âSocratesMLG|Life orb?
|
|switch|p1a: Machamp|Machamp, F, shiny|380\/380
|turn|23
|c|âSocratesMLG|Scarf?
|c|âSocratesMLG|dafuq?
|c|âYuni Sensei|yeah
|c|âYuni Sensei|life orb
|c|âYuni Sensei|i won the speed type
|
|move|p1a: Machamp|Bullet Punch|p2a: Alakazam
|-damage|p2a: Alakazam|0 fnt
|faint|p2a: Alakazam
|
|win|Yuni Sensei
|raw|Ladder updating...
|raw|Yuni Sensei's rating: 1260 &rarr; <strong>1289<\/strong><br \/>(+29 for winning)
|raw|SocratesMLG's rating: 1311 &rarr; <strong>1288<\/strong><br \/>(-23 for losing)
|c|âSocratesMLG|Tie
|c|âSocratesMLG|if you didnt then you could've been in trouble
|leave|SocratesMLG
|player|p2
|c|âYuni Sensei|yeah
|c|âYuni Sensei|mmb