|join|SocratesMLG
|join|TangelaSoup
|player|p1|SocratesMLG|291
|player|p2|TangelaSoup|191
|gametype|singles
|gen|6
|tier|UU
|rated
|rule|Sleep Clause Mod: Limit one foe put to sleep
|rule|Species Clause: Limit one of each PokÃ©mon
|rule|OHKO Clause: OHKO moves are banned
|rule|Moody Clause: Moody is banned
|rule|Evasion Moves Clause: Evasion moves are banned
|rule|Endless Battle Clause: Forcing endless battles is banned
|rule|HP Percentage Mod: HP is shown in percentages
|clearpoke
|poke|p1|Krookodile, M
|poke|p1|Jirachi
|poke|p1|Nidoqueen, F
|poke|p1|Machamp, M
|poke|p1|Blastoise, M
|poke|p1|Haxorus, M
|poke|p2|Beedrill, M, shiny
|poke|p2|Infernape, F, shiny
|poke|p2|Alakazam, F, shiny
|poke|p2|Flygon, F, shiny
|poke|p2|Suicune, shiny
|poke|p2|Celebi
|rule|Swagger Clause: Swagger is banned
|rule|Baton Pass Clause: Limit one PokÃ©mon knowing Baton Pass
|teampreview
|c|âTangelaSoup|your team is so dam sexy
|c|âSocratesMLG|thanks :D
|c|âSocratesMLG|just made it
|
|start
|switch|p1a: Nidoqueen|Nidoqueen, F|345\/345
|switch|p2a: Infernape|Infernape, F, shiny|293\/293
|turn|1
|c|âTangelaSoup|i love you
|
|move|p2a: Infernape|U-turn|p1a: Nidoqueen
|-resisted|p1a: Nidoqueen
|-damage|p1a: Nidoqueen|300\/345
|c|âTangelaSoup|do you love me
|
|switch|p2a: Flygon|Flygon, F, shiny|301\/301
|move|p1a: Nidoqueen|Earth Power|p2a: Flygon
|-immune|p2a: Flygon|[msg]
|
|turn|2
|
|switch|p1a: Krookodile|Krookodile, M|331\/331
|-ability|p1a: Krookodile|Intimidate|[of] p2a: Flygon
|-unboost|p2a: Flygon|atk|1
|move|p2a: Flygon|Earthquake|p1a: Krookodile
|-crit|p1a: Krookodile
|-damage|p1a: Krookodile|42\/331
|
|turn|3
|c|âSocratesMLG|ugh
|c|âTangelaSoup|da crit :)
|
|move|p2a: Flygon|Earthquake|p1a: Krookodile
|-damage|p1a: Krookodile|0 fnt
|faint|p1a: Krookodile
|
|c|âTangelaSoup|thats what happens when you dont love me
|
|switch|p1a: Blastoise|Blastoise, M|358\/358
|turn|4
|
|switch|p2a: Suicune|Suicune, shiny|404\/404
|-ability|p2a: Suicune|Pressure
|detailschange|p1a: Blastoise|Blastoise-Mega, M
|-mega|p1a: Blastoise|Blastoise|Blastoisinite
|move|p1a: Blastoise|Dark Pulse|p2a: Suicune
|-damage|p2a: Suicune|266\/404
|
|-heal|p2a: Suicune|291\/404|[from] item: Leftovers
|turn|5
|
|switch|p1a: Machamp|Machamp, M|383\/383
|move|p2a: Suicune|Calm Mind|p2a: Suicune
|-boost|p2a: Suicune|spa|1
|-boost|p2a: Suicune|spd|1
|
|-heal|p2a: Suicune|316\/404|[from] item: Leftovers
|turn|6
|
|move|p2a: Suicune|Scald|p1a: Machamp
|-damage|p1a: Machamp|289\/383
|-status|p1a: Machamp|brn
|move|p1a: Machamp|Close Combat|p2a: Suicune
|-damage|p2a: Suicune|66\/404
|-unboost|p1a: Machamp|def|1
|-unboost|p1a: Machamp|spd|1
|
|-heal|p2a: Suicune|91\/404|[from] item: Leftovers
|-damage|p1a: Machamp|242\/383 brn|[from] brn
|turn|7
|
|move|p2a: Suicune|Rest|p2a: Suicune
|-status|p2a: Suicune|slp
|-heal|p2a: Suicune|404\/404 slp|[silent]
|-status|p2a: Suicune|slp|[from] move: Rest
|move|p1a: Machamp|Close Combat|p2a: Suicune
|-crit|p2a: Suicune
|-damage|p2a: Suicune|41\/404 slp
|-unboost|p1a: Machamp|def|1
|-unboost|p1a: Machamp|spd|1
|
|-heal|p2a: Suicune|66\/404 slp|[from] item: Leftovers
|-damage|p1a: Machamp|195\/383 brn|[from] brn
|turn|8
|
|cant|p2a: Suicune|slp
|move|p2a: Suicune|Sleep Talk|p2a: Suicune
|move|p2a: Suicune|Rest|p2a: Suicune|[from]Sleep Talk
|-fail|p2a: Suicune
|move|p1a: Machamp|Knock Off|p2a: Suicune
|-damage|p2a: Suicune|0 fnt
|-enditem|p2a: Suicune|Leftovers|[from] move: Knock Off|[of] p1a: Machamp
|faint|p2a: Suicune
|
|-damage|p1a: Machamp|148\/383 brn|[from] brn
|
|switch|p2a: Beedrill|Beedrill, M, shiny|271\/271
|turn|9
|
|detailschange|p2a: Beedrill|Beedrill-Mega, M, shiny
|-mega|p2a: Beedrill|Beedrill|Beedrillite
|move|p1a: Machamp|Bullet Punch|p2a: Beedrill
|-damage|p2a: Beedrill|124\/271
|move|p2a: Beedrill|U-turn|p1a: Machamp
|-resisted|p1a: Machamp
|-damage|p1a: Machamp|0 fnt
|faint|p1a: Machamp
|
|switch|p2a: Flygon|Flygon, F, shiny|301\/301
|
|
|switch|p1a: Blastoise|Blastoise-Mega, M|358\/358
|turn|10
|
|move|p2a: Flygon|Earthquake|p1a: Blastoise
|-damage|p1a: Blastoise|223\/358
|move|p1a: Blastoise|Ice Beam|p2a: Flygon
|-supereffective|p2a: Flygon
|-damage|p2a: Flygon|0 fnt
|faint|p2a: Flygon
|
|c|âSocratesMLG|That was the biggest threat to my team
|c|âTangelaSoup|didnt know you had ice beam
|
|switch|p2a: Alakazam|Alakazam, F, shiny|251\/251
|turn|11
|
|move|p2a: Alakazam|Shadow Ball|p1a: Blastoise
|-damage|p1a: Blastoise|109\/358
|move|p1a: Blastoise|Dark Pulse|p2a: Alakazam
|-supereffective|p2a: Alakazam
|-damage|p2a: Alakazam|0 fnt
|faint|p2a: Alakazam
|
|
|switch|p2a: Beedrill|Beedrill-Mega, M, shiny|124\/271
|turn|12
|c|âSocratesMLG|life orb?
|
|switch|p1a: Jirachi|Jirachi|341\/341
|move|p2a: Beedrill|Poison Jab|p1a: Jirachi
|-immune|p1a: Jirachi|[msg]
|
|turn|13
|
|move|p1a: Jirachi|Iron Head|p2a: Beedrill
|-damage|p2a: Beedrill|0 fnt
|faint|p2a: Beedrill
|
|
|switch|p2a: Celebi|Celebi|404\/404
|turn|14
|
|switch|p1a: Blastoise|Blastoise-Mega, M|109\/358
|move|p2a: Celebi|Earth Power|p1a: Blastoise
|-damage|p1a: Blastoise|45\/358
|
|turn|15
|
|move|p2a: Celebi|Earth Power|p1a: Blastoise
|-damage|p1a: Blastoise|0 fnt
|faint|p1a: Blastoise
|
|
|switch|p1a: Jirachi|Jirachi|341\/341
|turn|16
|
|move|p1a: Jirachi|U-turn|p2a: Celebi
|-supereffective|p2a: Celebi
|-damage|p2a: Celebi|148\/404
|
|switch|p1a: Nidoqueen|Nidoqueen, F|300\/345
|move|p2a: Celebi|Earth Power|p1a: Nidoqueen
|-supereffective|p1a: Nidoqueen
|-damage|p1a: Nidoqueen|148\/345
|
|-heal|p2a: Celebi|173\/404|[from] item: Leftovers
|turn|17
|
|move|p2a: Celebi|Earth Power|p1a: Nidoqueen
|-supereffective|p1a: Nidoqueen
|-damage|p1a: Nidoqueen|0 fnt
|faint|p1a: Nidoqueen
|
|-heal|p2a: Celebi|198\/404|[from] item: Leftovers
|
|switch|p1a: Haxorus|Haxorus, M|293\/293
|-ability|p1a: Haxorus|Mold Breaker
|turn|18
|c|âSocratesMLG|Hyper offense vs. hyper offense is the most fun you can get
|
|move|p1a: Haxorus|Dragon Dance|p1a: Haxorus
|-boost|p1a: Haxorus|atk|1
|-boost|p1a: Haxorus|spe|1
|move|p2a: Celebi|Psychic|p1a: Haxorus
|-damage|p1a: Haxorus|151\/293
|
|-heal|p2a: Celebi|223\/404|[from] item: Leftovers
|turn|19
|
|move|p1a: Haxorus|Outrage|p2a: Celebi
|-damage|p2a: Celebi|0 fnt
|faint|p2a: Celebi
|
|
|switch|p2a: Infernape|Infernape, F, shiny|293\/293
|turn|20
|
|move|p2a: Infernape|Close Combat|p1a: Haxorus
|-damage|p1a: Haxorus|0 fnt
|-unboost|p2a: Infernape|def|1
|-unboost|p2a: Infernape|spd|1
|faint|p1a: Haxorus
|
|c|âSocratesMLG|omg
|c|âSocratesMLG|2 scarfers
|c|âSocratesMLG|nooo
|
|switch|p1a: Jirachi|Jirachi|341\/341
|turn|21
|
|move|p1a: Jirachi|Iron Head|p2a: Infernape
|-resisted|p2a: Infernape
|-damage|p2a: Infernape|167\/293
|cant|p2a: Infernape|flinch
|
|turn|22
|c|âSocratesMLG|WHAT?
|c|âSocratesMLG|are u adamant scarf?
|
|move|p1a: Jirachi|Iron Head|p2a: Infernape
|-resisted|p2a: Infernape
|-damage|p2a: Infernape|58\/293
|cant|p2a: Infernape|flinch
|
|turn|23
|-message|TangelaSoup forfeited.
|c|âSocratesMLG|gg
|leave|TangelaSoup
|
|win|SocratesMLG
|raw|Ladder updating...
|player|p2
|raw|SocratesMLG's rating: 1233 &rarr; <strong>1251<\/strong><br \/>(+18 for winning)
|raw|TangelaSoup's rating: 1136 &rarr; <strong>1118<\/strong><br \/>(-18 for losing)