|join|SocratesMLG
|join|smoker7
|player|p1|SocratesMLG|291
|player|p2|smoker7|265
|gametype|singles
|gen|6
|tier|UU
|rated
|rule|Sleep Clause Mod: Limit one foe put to sleep
|rule|Species Clause: Limit one of each PokÃ©mon
|rule|OHKO Clause: OHKO moves are banned
|rule|Moody Clause: Moody is banned
|rule|Evasion Moves Clause: Evasion moves are banned
|rule|Endless Battle Clause: Forcing endless battles is banned
|rule|HP Percentage Mod: HP is shown in percentages
|clearpoke
|poke|p1|Chesnaught, M
|poke|p1|Jirachi
|poke|p1|Blastoise, M
|poke|p1|Zygarde
|poke|p1|Mienshao, F
|poke|p1|Arcanine, F
|poke|p2|Ambipom, M
|poke|p2|Darmanitan, M
|poke|p2|Vaporeon, F
|poke|p2|Sableye, F
|poke|p2|Nidoking, M
|poke|p2|Galvantula, M
|rule|Swagger Clause: Swagger is banned
|rule|Baton Pass Clause: Limit one PokÃ©mon knowing Baton Pass
|teampreview
|
|start
|switch|p1a: Jirachi|Jirachi|404\/404
|switch|p2a: Nidoking|Nidoking, M|304\/304
|turn|1
|
|switch|p2a: Vaporeon|Vaporeon, F|464\/464
|switch|p1a: Blastoise|Blastoise, M|358\/358
|
|turn|2
|
|detailschange|p1a: Blastoise|Blastoise-Mega, M
|message|Blastoise has Mega Evolved into Mega Blastoise!
|move|p1a: Blastoise|Dark Pulse|p2a: Vaporeon
|-damage|p2a: Vaporeon|282\/464
|move|p2a: Vaporeon|Toxic|p1a: Blastoise
|-status|p1a: Blastoise|tox
|
|-heal|p2a: Vaporeon|311\/464|[from] item: Leftovers
|-damage|p1a: Blastoise|336\/358 tox|[from] psn
|turn|3
|
|move|p1a: Blastoise|Dark Pulse|p2a: Vaporeon
|-damage|p2a: Vaporeon|148\/464
|move|p2a: Vaporeon|Wish|p2a: Vaporeon
|
|-heal|p2a: Vaporeon|177\/464|[from] item: Leftovers
|-damage|p1a: Blastoise|292\/358 tox|[from] psn
|turn|4
|
|switch|p1a: Chesnaught|Chesnaught, M|380\/380
|move|p2a: Vaporeon|Protect|p2a: Vaporeon
|-fail|p2a: Vaporeon
|
|-heal|p2a: Vaporeon|409\/464|[from] move: Wish|[wisher] Vaporeon
|-heal|p2a: Vaporeon|438\/464|[from] item: Leftovers
|turn|5
|
|switch|p2a: Sableye|Sableye, F|304\/304
|move|p1a: Chesnaught|Wood Hammer|p2a: Sableye
|-damage|p2a: Sableye|124\/304
|-damage|p1a: Chesnaught|321\/380|[from] recoil|[of] p2a: Sableye
|
|-heal|p2a: Sableye|143\/304|[from] item: Leftovers
|turn|6
|
|switch|p1a: Arcanine|Arcanine, F|321\/321
|-ability|p1a: Arcanine|Intimidate|[of] p2a: Sableye
|-unboost|p2a: Sableye|atk|1
|move|p2a: Sableye|Will-O-Wisp|p1a: Arcanine
|-fail|p1a: Arcanine
|
|-heal|p2a: Sableye|162\/304|[from] item: Leftovers
|turn|7
|
|move|p2a: Sableye|Toxic|p1a: Arcanine
|-status|p1a: Arcanine|tox
|move|p1a: Arcanine|Will-O-Wisp|p2a: Sableye
|-status|p2a: Sableye|brn
|
|-heal|p2a: Sableye|181\/304 brn|[from] item: Leftovers
|-damage|p1a: Arcanine|301\/321 tox|[from] psn
|-damage|p2a: Sableye|143\/304 brn|[from] brn
|turn|8
|
|move|p2a: Sableye|Recover|p2a: Sableye
|-heal|p2a: Sableye|295\/304 brn
|move|p1a: Arcanine|Flare Blitz|p2a: Sableye
|-damage|p2a: Sableye|0 fnt
|-damage|p1a: Arcanine|204\/321 tox|[from] recoil|[of] p2a: Sableye
|-damage|p1a: Arcanine|172\/321 tox|[from] item: Life Orb
|faint|p2a: Sableye
|
|-damage|p1a: Arcanine|132\/321 tox|[from] psn
|
|switch|p2a: Ambipom|Ambipom, M|291\/291
|turn|9
|
|switch|p1a: Chesnaught|Chesnaught, M|321\/380
|move|p2a: Ambipom|Fake Out|p1a: Chesnaught
|-damage|p1a: Chesnaught|261\/380
|-damage|p2a: Ambipom|243\/291|[from] item: Rocky Helmet|[of] p1a: Chesnaught
|
|turn|10
|
|switch|p2a: Nidoking|Nidoking, M|304\/304
|move|p1a: Chesnaught|Spikes|p2a: Nidoking
|-sidestart|p2: smoker7|Spikes
|
|turn|11
|
|move|p2a: Nidoking|Ice Beam|p1a: Chesnaught
|-supereffective|p1a: Chesnaught
|-damage|p1a: Chesnaught|0 fnt
|faint|p1a: Chesnaught
|
|
|switch|p1a: Blastoise|Blastoise-Mega, M|292\/358 tox
|turn|12
|
|switch|p2a: Vaporeon|Vaporeon, F|438\/464
|-damage|p2a: Vaporeon|380\/464|[from] Spikes
|move|p1a: Blastoise|Dark Pulse|p2a: Vaporeon
|-damage|p2a: Vaporeon|208\/464
|
|-heal|p2a: Vaporeon|237\/464|[from] item: Leftovers
|-damage|p1a: Blastoise|270\/358 tox|[from] psn
|turn|13
|
|switch|p1a: Jirachi|Jirachi|404\/404
|move|p2a: Vaporeon|Toxic|p1a: Jirachi
|-fail|p1a: Jirachi
|
|-heal|p2a: Vaporeon|266\/464|[from] item: Leftovers
|turn|14
|
|move|p2a: Vaporeon|Protect|p2a: Vaporeon
|-singleturn|p2a: Vaporeon|Protect
|move|p1a: Jirachi|Stealth Rock|p2a: Vaporeon
|-sidestart|p2: smoker7|move: Stealth Rock
|
|-heal|p2a: Vaporeon|295\/464|[from] item: Leftovers
|turn|15
|
|move|p1a: Jirachi|Wish|p1a: Jirachi
|move|p2a: Vaporeon|Wish|p2a: Vaporeon
|
|-heal|p2a: Vaporeon|324\/464|[from] item: Leftovers
|turn|16
|
|switch|p1a: Blastoise|Blastoise-Mega, M|270\/358 tox
|move|p2a: Vaporeon|Scald|p1a: Blastoise
|-resisted|p1a: Blastoise
|-damage|p1a: Blastoise|225\/358 tox
|
|-heal|p1a: Blastoise|358\/358 tox|[from] move: Wish|[wisher] Jirachi
|-heal|p2a: Vaporeon|464\/464|[from] move: Wish|[wisher] Vaporeon
|-damage|p1a: Blastoise|336\/358 tox|[from] psn
|turn|17
|
|move|p1a: Blastoise|Dark Pulse|p2a: Vaporeon
|-damage|p2a: Vaporeon|290\/464
|cant|p2a: Vaporeon|flinch
|
|-heal|p2a: Vaporeon|319\/464|[from] item: Leftovers
|-damage|p1a: Blastoise|292\/358 tox|[from] psn
|turn|18
|
|switch|p1a: Zygarde|Zygarde|358\/358
|-ability|p1a: Zygarde|Aura Break
|move|p2a: Vaporeon|Wish|p2a: Vaporeon
|
|-heal|p2a: Vaporeon|348\/464|[from] item: Leftovers
|turn|19
|
|move|p1a: Zygarde|Dragon Dance|p1a: Zygarde
|-boost|p1a: Zygarde|atk|1
|-boost|p1a: Zygarde|spe|1
|move|p2a: Vaporeon|Scald|p1a: Zygarde
|-damage|p1a: Zygarde|247\/358
|
|-heal|p2a: Vaporeon|464\/464|[from] move: Wish|[wisher] Vaporeon
|turn|20
|
|move|p1a: Zygarde|Dragon Dance|p1a: Zygarde
|-boost|p1a: Zygarde|atk|1
|-boost|p1a: Zygarde|spe|1
|move|p2a: Vaporeon|Scald|p1a: Zygarde
|-crit|p1a: Zygarde
|-damage|p1a: Zygarde|87\/358
|
|turn|21
|
|move|p1a: Zygarde|Outrage|p2a: Vaporeon
|-damage|p2a: Vaporeon|86\/464
|move|p2a: Vaporeon|Scald|p1a: Zygarde
|-damage|p1a: Zygarde|0 fnt
|faint|p1a: Zygarde
|
|-heal|p2a: Vaporeon|115\/464|[from] item: Leftovers
|
|switch|p1a: Blastoise|Blastoise-Mega, M|292\/358 tox
|turn|22
|c|âSocratesMLG|what did I ever do to you xD
|
|move|p2a: Vaporeon|Protect|p2a: Vaporeon
|-singleturn|p2a: Vaporeon|Protect
|move|p1a: Blastoise|Dark Pulse|p2a: Vaporeon
|-activate|p2a: Vaporeon|Protect
|
|-heal|p2a: Vaporeon|144\/464|[from] item: Leftovers
|-damage|p1a: Blastoise|270\/358 tox|[from] psn
|turn|23
|c|âSocratesMLG|fking crit
|
|move|p1a: Blastoise|Dark Pulse|p2a: Vaporeon
|-damage|p2a: Vaporeon|0 fnt
|faint|p2a: Vaporeon
|
|-damage|p1a: Blastoise|226\/358 tox|[from] psn
|
|switch|p2a: Galvantula|Galvantula, M|281\/281
|-damage|p2a: Galvantula|246\/281|[from] Spikes
|-damage|p2a: Galvantula|176\/281|[from] Stealth Rock
|turn|24
|
|switch|p1a: Jirachi|Jirachi|404\/404
|move|p2a: Galvantula|Thunder|p1a: Jirachi
|-damage|p1a: Jirachi|290\/404
|-status|p1a: Jirachi|par
|
|-heal|p1a: Jirachi|315\/404 par|[from] item: Leftovers
|turn|25
|
|move|p2a: Galvantula|Sticky Web|p1a: Jirachi
|-sidestart|p1: SocratesMLG|move: Sticky Web
|move|p1a: Jirachi|Iron Head|p2a: Galvantula
|-resisted|p2a: Galvantula
|-damage|p2a: Galvantula|99\/281
|
|-heal|p1a: Jirachi|340\/404 par|[from] item: Leftovers
|turn|26
|
|move|p2a: Galvantula|Thunder|p1a: Jirachi
|-damage|p1a: Jirachi|222\/404 par
|cant|p1a: Jirachi|par
|
|-heal|p1a: Jirachi|247\/404 par|[from] item: Leftovers
|turn|27
|
|move|p2a: Galvantula|Thunder|p1a: Jirachi
|-damage|p1a: Jirachi|133\/404 par
|move|p1a: Jirachi|Wish|p1a: Jirachi
|
|-heal|p1a: Jirachi|158\/404 par|[from] item: Leftovers
|turn|28
|
|switch|p2a: Nidoking|Nidoking, M|304\/304
|-damage|p2a: Nidoking|285\/304|[from] Stealth Rock
|-damage|p2a: Nidoking|247\/304|[from] Spikes
|move|p1a: Jirachi|Iron Head|p2a: Nidoking
|-damage|p2a: Nidoking|139\/304
|
|-heal|p1a: Jirachi|360\/404 par|[from] move: Wish|[wisher] Jirachi
|-heal|p1a: Jirachi|385\/404 par|[from] item: Leftovers
|turn|29
|
|switch|p1a: Arcanine|Arcanine, F|132\/321 tox
|-activate|p1a: Arcanine|move: Sticky Web
|-unboost|p1a: Arcanine|spe|1
|-ability|p1a: Arcanine|Intimidate|[of] p2a: Nidoking
|-unboost|p2a: Nidoking|atk|1
|move|p2a: Nidoking|Earth Power|p1a: Arcanine
|-supereffective|p1a: Arcanine
|-damage|p1a: Arcanine|0 fnt
|faint|p1a: Arcanine
|
|
|switch|p1a: Blastoise|Blastoise-Mega, M|226\/358 tox
|-activate|p1a: Blastoise|move: Sticky Web
|-unboost|p1a: Blastoise|spe|1
|turn|30
|
|move|p2a: Nidoking|Sludge Wave|p1a: Blastoise
|-damage|p1a: Blastoise|2\/358 tox
|move|p1a: Blastoise|Rapid Spin|p2a: Nidoking
|-damage|p2a: Nidoking|121\/304
|-sideend|p1: SocratesMLG|Sticky Web|[from] move: Rapid Spin|[of] p1a: Blastoise
|
|-damage|p1a: Blastoise|0 fnt|[from] psn
|faint|p1a: Blastoise
|
|switch|p1a: Jirachi|Jirachi|385\/404 par
|turn|31
|
|move|p2a: Nidoking|Earth Power|p1a: Jirachi
|-supereffective|p1a: Jirachi
|-damage|p1a: Jirachi|26\/404 par
|move|p1a: Jirachi|Iron Head|p2a: Nidoking
|-damage|p2a: Nidoking|12\/304
|
|-heal|p1a: Jirachi|51\/404 par|[from] item: Leftovers
|turn|32
|
|move|p2a: Nidoking|Earth Power|p1a: Jirachi
|-supereffective|p1a: Jirachi
|-damage|p1a: Jirachi|0 fnt
|faint|p1a: Jirachi
|
|
|switch|p1a: Mienshao|Mienshao, F|271\/271
|turn|33
|
|move|p1a: Mienshao|High Jump Kick|p2a: Nidoking
|-resisted|p2a: Nidoking
|-damage|p2a: Nidoking|0 fnt
|faint|p2a: Nidoking
|
|
|switch|p2a: Darmanitan|Darmanitan, M|351\/351
|-damage|p2a: Darmanitan|308\/351|[from] Spikes
|-damage|p2a: Darmanitan|221\/351|[from] Stealth Rock
|turn|34
|
|move|p1a: Mienshao|High Jump Kick|p2a: Darmanitan
|-damage|p2a: Darmanitan|0 fnt
|faint|p2a: Darmanitan
|
|
|switch|p2a: Ambipom|Ambipom, M|243\/291
|-damage|p2a: Ambipom|207\/291|[from] Stealth Rock
|-damage|p2a: Ambipom|171\/291|[from] Spikes
|turn|35
|
|move|p2a: Ambipom|Fake Out|p1a: Mienshao
|-damage|p1a: Mienshao|145\/271
|cant|p1a: Mienshao|flinch
|
|turn|36
|
|switch|p2a: Galvantula|Galvantula, M|99\/281
|-damage|p2a: Galvantula|29\/281|[from] Stealth Rock
|-damage|p2a: Galvantula|0 fnt|[from] Spikes
|faint|p2a: Galvantula
|move|p1a: Mienshao|High Jump Kick|p2: Galvantula|[notarget]
|-notarget
|
|
|switch|p2a: Ambipom|Ambipom, M|171\/291
|-damage|p2a: Ambipom|135\/291|[from] Stealth Rock
|-damage|p2a: Ambipom|99\/291|[from] Spikes
|turn|37
|
|move|p2a: Ambipom|Fake Out|p1a: Mienshao
|-damage|p1a: Mienshao|15\/271
|cant|p1a: Mienshao|flinch
|
|turn|38
|
|move|p1a: Mienshao|High Jump Kick|p2a: Ambipom
|-supereffective|p2a: Ambipom
|-damage|p2a: Ambipom|0 fnt
|faint|p2a: Ambipom
|
|win|SocratesMLG
|raw|Ladder updating...
|c|âSocratesMLG|gg
|c|âsmoker7|gg
|leave|smoker7
|player|p2
|raw|Ladder (probably) updated, but score could not be retrieved (timeout).
|raw|Ladder (probably) updated, but score could not be retrieved (Error: socket hang up).