|join|The Grim Haxorus
|join|SocratesMLG
|player|p1|The Grim Haxorus|168
|player|p2|SocratesMLG|291
|gametype|singles
|gen|6
|tier|UU
|rule|Sleep Clause Mod: Limit one foe put to sleep
|rule|Species Clause: Limit one of each PokÃ©mon
|rule|OHKO Clause: OHKO moves are banned
|rule|Moody Clause: Moody is banned
|rule|Evasion Moves Clause: Evasion moves are banned
|rule|Endless Battle Clause: Forcing endless battles is banned
|rule|HP Percentage Mod: HP is shown in percentages
|clearpoke
|poke|p1|Porygon-Z, shiny
|poke|p1|Diancie
|poke|p1|Crobat, F
|poke|p1|Blastoise, M, shiny
|poke|p1|Jirachi
|poke|p1|Porygon2, shiny
|poke|p2|Nidoqueen, F
|poke|p2|Krookodile, F
|poke|p2|Alakazam, F
|poke|p2|Jirachi
|poke|p2|Hydreigon, F
|poke|p2|Ampharos, F
|rule|Swagger Clause: Swagger is banned
|rule|Baton Pass Clause: Limit one PokÃ©mon knowing Baton Pass
|teampreview
|c|âSocratesMLG|gl hf 
|
|start
|switch|p1a: Diancie|Diancie|304\/304
|switch|p2a: Nidoqueen|Nidoqueen, F|345\/345
|turn|1
|c|âThe Grim Haxorus|u2
|
|move|p2a: Nidoqueen|Earth Power|p1a: Diancie
|-supereffective|p1a: Diancie
|-damage|p1a: Diancie|31\/304
|move|p1a: Diancie|Diamond Storm|p2a: Nidoqueen
|-resisted|p2a: Nidoqueen
|-damage|p2a: Nidoqueen|274\/345
|
|-heal|p1a: Diancie|50\/304|[from] item: Leftovers
|turn|2
|
|move|p2a: Nidoqueen|Stealth Rock|p1a: Diancie
|-sidestart|p1: The Grim Haxorus|move: Stealth Rock
|move|p1a: Diancie|Psychic|p2a: Nidoqueen
|-supereffective|p2a: Nidoqueen
|-damage|p2a: Nidoqueen|38\/345
|
|-heal|p1a: Diancie|69\/304|[from] item: Leftovers
|turn|3
|
|move|p2a: Nidoqueen|Earth Power|p1a: Diancie
|-supereffective|p1a: Diancie
|-damage|p1a: Diancie|0 fnt
|faint|p1a: Diancie
|
|
|switch|p1a: Stabloise|Blastoise, M, shiny|362\/362
|-damage|p1a: Stabloise|317\/362|[from] Stealth Rock
|turn|4
|
|detailschange|p1a: Stabloise|Blastoise-Mega, M, shiny
|message|Blastoise has Mega Evolved into Mega Blastoise!
|move|p2a: Nidoqueen|Sludge Wave|p1a: Stabloise
|-damage|p1a: Stabloise|113\/362
|move|p1a: Stabloise|Rapid Spin|p2a: Nidoqueen
|-damage|p2a: Nidoqueen|22\/345
|-sideend|p1: The Grim Haxorus|Stealth Rock|[from] move: Rapid Spin|[of] p1a: Stabloise
|
|turn|5
|
|move|p2a: Nidoqueen|Earth Power|p1a: Stabloise
|-damage|p1a: Stabloise|0 fnt
|faint|p1a: Stabloise
|
|c|âSocratesMLG|was that worth it? 
|
|switch|p1a: iDuck 4|Porygon2, shiny|374\/374
|-ability|p1a: iDuck 4|Sheer Force|[from] ability: Trace|[of] p2a: Nidoqueen
|turn|6
|
|move|p2a: Nidoqueen|Stealth Rock|p1a: iDuck 4
|-sidestart|p1: The Grim Haxorus|move: Stealth Rock
|move|p1a: iDuck 4|Ice Beam|p2a: Nidoqueen
|-supereffective|p2a: Nidoqueen
|-damage|p2a: Nidoqueen|0 fnt
|faint|p2a: Nidoqueen
|
|c|âThe Grim Haxorus|finally!!!!
|
|switch|p2a: Krookodile|Krookodile, F|331\/331
|-ability|p2a: Krookodile|Intimidate|[of] p1a: iDuck 4
|-unboost|p1a: iDuck 4|atk|1
|turn|7
|
|move|p2a: Krookodile|Knock Off|p1a: iDuck 4
|-damage|p1a: iDuck 4|193\/374
|-enditem|p1a: iDuck 4|Eviolite|[from] move: Knock Off|[of] p2a: Krookodile
|move|p1a: iDuck 4|Ice Beam|p2a: Krookodile
|-supereffective|p2a: Krookodile
|-damage|p2a: Krookodile|73\/331
|
|turn|8
|
|switch|p2a: Jirachi|Jirachi|341\/341
|move|p1a: iDuck 4|Ice Beam|p2a: Jirachi
|-resisted|p2a: Jirachi
|-damage|p2a: Jirachi|292\/341
|
|turn|9
|
|move|p2a: Jirachi|Iron Head|p1a: iDuck 4
|-damage|p1a: iDuck 4|57\/374
|cant|p1a: iDuck 4|flinch
|
|turn|10
|
|move|p2a: Jirachi|Iron Head|p1a: iDuck 4
|-damage|p1a: iDuck 4|0 fnt
|faint|p1a: iDuck 4
|
|
|switch|p1a: Jirachi|Jirachi|404\/404
|-damage|p1a: Jirachi|379\/404|[from] Stealth Rock
|turn|11
|
|move|p2a: Jirachi|Iron Head|p1a: Jirachi
|-resisted|p1a: Jirachi
|-damage|p1a: Jirachi|311\/404
|cant|p1a: Jirachi|flinch
|
|-heal|p1a: Jirachi|336\/404|[from] item: Leftovers
|turn|12
|
|move|p2a: Jirachi|Iron Head|p1a: Jirachi
|-resisted|p1a: Jirachi
|-damage|p1a: Jirachi|272\/404
|cant|p1a: Jirachi|flinch
|
|-heal|p1a: Jirachi|297\/404|[from] item: Leftovers
|turn|13
|
|switch|p2a: Ampharos|Ampharos, F|373\/373
|move|p1a: Jirachi|Wish|p1a: Jirachi
|
|-heal|p1a: Jirachi|322\/404|[from] item: Leftovers
|turn|14
|
|detailschange|p2a: Ampharos|Ampharos-Mega, F
|message|Ampharos has Mega Evolved into Mega Ampharos!
|-ability|p2a: Ampharos|Mold Breaker
|move|p1a: Jirachi|Iron Head|p2a: Ampharos
|-resisted|p2a: Ampharos
|-damage|p2a: Ampharos|326\/373
|move|p2a: Ampharos|Thunderbolt|p1a: Jirachi
|-damage|p1a: Jirachi|157\/404
|
|-heal|p1a: Jirachi|359\/404|[from] move: Wish|[wisher] Jirachi
|-heal|p1a: Jirachi|384\/404|[from] item: Leftovers
|turn|15
|
|move|p1a: Jirachi|Cosmic Power|p1a: Jirachi
|-boost|p1a: Jirachi|def|1
|-boost|p1a: Jirachi|spd|1
|move|p2a: Ampharos|Volt Switch|p1a: Jirachi
|-damage|p1a: Jirachi|305\/404
|
|switch|p2a: Krookodile|Krookodile, F|73\/331
|-ability|p2a: Krookodile|Intimidate|[of] p1a: Jirachi
|-unboost|p1a: Jirachi|atk|1
|
|-heal|p1a: Jirachi|330\/404|[from] item: Leftovers
|turn|16
|
|move|p2a: Krookodile|Knock Off|p1a: Jirachi
|-supereffective|p1a: Jirachi
|-damage|p1a: Jirachi|0 fnt
|-enditem|p1a: Jirachi|Leftovers|[from] move: Knock Off|[of] p2a: Krookodile
|faint|p1a: Jirachi
|
|
|switch|p1a: iDuck 6|Porygon-Z, shiny|374\/374
|-damage|p1a: iDuck 6|328\/374|[from] Stealth Rock
|turn|17
|
|move|p2a: Krookodile|Knock Off|p1a: iDuck 6
|-damage|p1a: iDuck 6|15\/374
|-enditem|p1a: iDuck 6|Silk Scarf|[from] move: Knock Off|[of] p2a: Krookodile
|move|p1a: iDuck 6|Tri Attack|p2a: Krookodile
|-crit|p2a: Krookodile
|-damage|p2a: Krookodile|0 fnt
|faint|p2a: Krookodile
|
|
|switch|p2a: Alakazam|Alakazam, F|251\/251
|turn|18
|
|move|p2a: Alakazam|Psyshock|p1a: iDuck 6
|-damage|p1a: iDuck 6|0 fnt
|faint|p1a: iDuck 6
|
|
|switch|p1a: Crobatman|Crobat, F|311\/311
|-damage|p1a: Crobatman|234\/311|[from] Stealth Rock
|turn|19
|
|move|p1a: Crobatman|Dark Pulse|p2a: Alakazam
|-supereffective|p2a: Alakazam
|-damage|p2a: Alakazam|151\/251
|move|p2a: Alakazam|Psyshock|p1a: Crobatman
|-supereffective|p1a: Crobatman
|-damage|p1a: Crobatman|0 fnt
|faint|p1a: Crobatman
|
|win|SocratesMLG
|c|âSocratesMLG|gg
|leave|The Grim Haxorus
|player|p1