|join|SocratesMLG
|join|thelabratzz
|player|p1|SocratesMLG|291
|player|p2|thelabratzz|274
|gametype|singles
|gen|6
|tier|UU
|rule|Sleep Clause Mod: Limit one foe put to sleep
|rule|Species Clause: Limit one of each PokÃ©mon
|rule|OHKO Clause: OHKO moves are banned
|rule|Moody Clause: Moody is banned
|rule|Evasion Moves Clause: Evasion moves are banned
|rule|Endless Battle Clause: Forcing endless battles is banned
|rule|HP Percentage Mod: HP is shown in percentages
|clearpoke
|poke|p1|Ampharos, M
|poke|p1|Krookodile, M
|poke|p1|Snorlax, F
|poke|p1|Crobat, M
|poke|p1|Chesnaught, M
|poke|p1|Jirachi
|poke|p2|Celebi
|poke|p2|Flygon, F
|poke|p2|Chandelure, M
|poke|p2|Krookodile, M
|poke|p2|Cloyster, F
|poke|p2|Snorlax, M
|rule|Swagger Clause: Swagger is banned
|rule|Baton Pass Clause: Limit one PokÃ©mon knowing Baton Pass
|teampreview
|c|âSocratesMLG|gl hf 
|c|âSocratesMLG|scary team right there :O 
|c|âthelabratzz|u2 :D
|
|start
|switch|p1a: Jirachi|Jirachi|341\/341
|switch|p2a: Wendy|Chandelure, M|261\/261
|turn|1
|c|âSocratesMLG|:D
|
|move|p1a: Jirachi|U-turn|p2a: Wendy
|-resisted|p2a: Wendy
|-damage|p2a: Wendy|241\/261
|
|switch|p1a: Snorlax|Snorlax, F|524\/524
|move|p2a: Wendy|Fire Blast|p1a: Snorlax
|-damage|p1a: Snorlax|418\/524
|
|-heal|p1a: Snorlax|450\/524|[from] item: Leftovers
|turn|2
|
|switch|p2a: Cloyster|Cloyster, F|242\/242
|move|p1a: Snorlax|Body Slam|p2a: Cloyster
|-damage|p2a: Cloyster|182\/242
|-status|p2a: Cloyster|par
|
|-heal|p1a: Snorlax|482\/524|[from] item: Leftovers
|turn|3
|c|âthelabratzz|T.T
|
|move|p1a: Snorlax|Body Slam|p2a: Cloyster
|-damage|p2a: Cloyster|121\/242 par
|move|p2a: Cloyster|Shell Smash|p2a: Cloyster
|-boost|p2a: Cloyster|atk|2
|-boost|p2a: Cloyster|spa|2
|-boost|p2a: Cloyster|spe|2
|-unboost|p2a: Cloyster|def|1
|-unboost|p2a: Cloyster|spd|1
|
|-heal|p1a: Snorlax|514\/524|[from] item: Leftovers
|turn|4
|
|move|p2a: Cloyster|Icicle Spear|p1a: Snorlax
|-damage|p1a: Snorlax|457\/524
|-damage|p1a: Snorlax|402\/524
|-damage|p1a: Snorlax|345\/524
|-crit|p1a: Snorlax
|-damage|p1a: Snorlax|255\/524
|-damage|p1a: Snorlax|201\/524
|-hitcount|p1a: Snorlax|5
|move|p1a: Snorlax|Body Slam|p2a: Cloyster
|-damage|p2a: Cloyster|31\/242 par
|
|-heal|p1a: Snorlax|233\/524|[from] item: Leftovers
|turn|5
|
|switch|p1a: Jirachi|Jirachi|341\/341
|move|p2a: Cloyster|Icicle Spear|p1a: Jirachi
|-resisted|p1a: Jirachi
|-damage|p1a: Jirachi|303\/341
|-resisted|p1a: Jirachi
|-damage|p1a: Jirachi|267\/341
|-resisted|p1a: Jirachi
|-damage|p1a: Jirachi|228\/341
|-resisted|p1a: Jirachi
|-damage|p1a: Jirachi|192\/341
|-resisted|p1a: Jirachi
|-damage|p1a: Jirachi|153\/341
|-hitcount|p1a: Jirachi|5
|
|turn|6
|c|âSocratesMLG|the sad part is that u outspeed xD
|
|move|p1a: Jirachi|U-turn|p2a: Cloyster
|-damage|p2a: Cloyster|0 fnt
|faint|p2a: Cloyster
|c|âthelabratzz|lolz
|
|switch|p1a: Ampharos|Ampharos, M|373\/373
|
|
|switch|p2a: Sally|Krookodile, M|394\/394
|turn|7
|
|switch|p1a: Chesnaught|Chesnaught, M|380\/380
|move|p2a: Sally|Knock Off|p1a: Chesnaught
|-resisted|p1a: Chesnaught
|-damage|p1a: Chesnaught|293\/380
|-damage|p2a: Sally|329\/394|[from] item: Rocky Helmet|[of] p1a: Chesnaught
|-enditem|p1a: Chesnaught|Rocky Helmet|[from] move: Knock Off|[of] p2a: Sally
|
|turn|8
|
|switch|p2a: Snorlax|Snorlax, M|524\/524
|move|p1a: Chesnaught|Spikes|p2a: Snorlax
|-sidestart|p2: thelabratzz|Spikes
|
|turn|9
|
|move|p1a: Chesnaught|Leech Seed|p2a: Snorlax
|-start|p2a: Snorlax|move: Leech Seed
|move|p2a: Snorlax|Curse|p2a: Snorlax
|-boost|p2a: Snorlax|atk|1
|-boost|p2a: Snorlax|def|1
|-unboost|p2a: Snorlax|spe|1
|
|-damage|p2a: Snorlax|459\/524|[from] Leech Seed|[of] p1a: Chesnaught
|-heal|p1a: Chesnaught|358\/380|[silent]
|turn|10
|
|move|p1a: Chesnaught|Wood Hammer|p2a: Snorlax
|-damage|p2a: Snorlax|312\/524
|-damage|p1a: Chesnaught|309\/380|[from] recoil|[of] p2a: Snorlax
|move|p2a: Snorlax|Curse|p2a: Snorlax
|-boost|p2a: Snorlax|atk|1
|-boost|p2a: Snorlax|def|1
|-unboost|p2a: Snorlax|spe|1
|
|-damage|p2a: Snorlax|247\/524|[from] Leech Seed|[of] p1a: Chesnaught
|-heal|p1a: Chesnaught|374\/380|[silent]
|turn|11
|
|move|p1a: Chesnaught|Wood Hammer|p2a: Snorlax
|-damage|p2a: Snorlax|142\/524
|-damage|p1a: Chesnaught|339\/380|[from] recoil|[of] p2a: Snorlax
|move|p2a: Snorlax|Rest|p2a: Snorlax
|-status|p2a: Snorlax|slp
|-heal|p2a: Snorlax|524\/524 slp|[silent]
|-status|p2a: Snorlax|slp|[from] move: Rest
|-enditem|p2a: Snorlax|Chesto Berry|[eat]
|-curestatus|p2a: Snorlax|slp
|
|-damage|p2a: Snorlax|459\/524|[from] Leech Seed|[of] p1a: Chesnaught
|-heal|p1a: Chesnaught|380\/380|[silent]
|turn|12
|
|move|p1a: Chesnaught|Wood Hammer|p2a: Snorlax
|-damage|p2a: Snorlax|344\/524
|-damage|p1a: Chesnaught|342\/380|[from] recoil|[of] p2a: Snorlax
|move|p2a: Snorlax|Curse|p2a: Snorlax
|-boost|p2a: Snorlax|atk|1
|-boost|p2a: Snorlax|def|1
|-unboost|p2a: Snorlax|spe|1
|
|-damage|p2a: Snorlax|279\/524|[from] Leech Seed|[of] p1a: Chesnaught
|-heal|p1a: Chesnaught|380\/380|[silent]
|turn|13
|
|move|p1a: Chesnaught|Wood Hammer|p2a: Snorlax
|-damage|p2a: Snorlax|195\/524
|-damage|p1a: Chesnaught|352\/380|[from] recoil|[of] p2a: Snorlax
|move|p2a: Snorlax|Body Slam|p1a: Chesnaught
|-damage|p1a: Chesnaught|118\/380
|-status|p1a: Chesnaught|par
|
|-damage|p2a: Snorlax|130\/524|[from] Leech Seed|[of] p1a: Chesnaught
|-heal|p1a: Chesnaught|183\/380 par|[silent]
|turn|14
|
|move|p1a: Chesnaught|Spiky Shield|p1a: Chesnaught
|-singleturn|p1a: Chesnaught|move: Protect
|move|p2a: Snorlax|Body Slam|p1a: Chesnaught
|-activate|p1a: Chesnaught|move: Protect
|-damage|p2a: Snorlax|65\/524|[from] Spiky Shield|[of] p1a: Chesnaught
|
|-damage|p2a: Snorlax|0 fnt|[from] Leech Seed|[of] p1a: Chesnaught
|-heal|p1a: Chesnaught|248\/380 par|[silent]
|faint|p2a: Snorlax
|
|switch|p2a: Wendy|Chandelure, M|241\/261
|-damage|p2a: Wendy|209\/261|[from] Spikes
|turn|15
|
|switch|p1a: Snorlax|Snorlax, F|233\/524
|move|p2a: Wendy|Fire Blast|p1a: Snorlax
|-damage|p1a: Snorlax|121\/524
|
|-heal|p1a: Snorlax|153\/524|[from] item: Leftovers
|turn|16
|
|switch|p2a: Sally|Krookodile, M|329\/394
|-damage|p2a: Sally|280\/394|[from] Spikes
|move|p1a: Snorlax|Body Slam|p2a: Sally
|-damage|p2a: Sally|154\/394
|-status|p2a: Sally|par
|
|-heal|p1a: Snorlax|185\/524|[from] item: Leftovers
|turn|17
|c|âSocratesMLG|omg
|c|âSocratesMLG|every single body slam this game
|c|âSocratesMLG|got a para
|c|âthelabratzz|ikr
|
|switch|p1a: Chesnaught|Chesnaught, M|248\/380 par
|move|p2a: Sally|Thrash|p1a: Chesnaught
|-damage|p1a: Chesnaught|100\/380 par
|
|turn|18
|
|move|p1a: Chesnaught|Spiky Shield|p1a: Chesnaught
|-singleturn|p1a: Chesnaught|move: Protect
|move|p2a: Sally|Thrash|p1a: Chesnaught
|-activate|p1a: Chesnaught|move: Protect
|-damage|p2a: Sally|105\/394 par|[from] Spiky Shield|[of] p1a: Chesnaught
|
|-end|p2a: Sally|rampage
|-start|p2a: Sally|confusion
|turn|19
|
|switch|p1a: Snorlax|Snorlax, F|185\/524
|-activate|p2a: Sally|confusion
|move|p2a: Sally|Thrash|p1a: Snorlax
|-damage|p1a: Snorlax|0 fnt
|faint|p1a: Snorlax
|-boost|p2a: Sally|atk|1|[from] ability: Moxie
|
|
|switch|p1a: Jirachi|Jirachi|153\/341
|turn|20
|
|move|p1a: Jirachi|U-turn|p2a: Sally
|-supereffective|p2a: Sally
|-damage|p2a: Sally|0 fnt
|faint|p2a: Sally
|c|âthelabratzz|deficit 3
|
|switch|p1a: Ampharos|Ampharos, M|373\/373
|
|c|âthelabratzz|2*
|
|switch|p2a: Wendy|Chandelure, M|209\/261
|-damage|p2a: Wendy|177\/261|[from] Spikes
|turn|21
|
|detailschange|p1a: Ampharos|Ampharos-Mega, M
|message|Ampharos has Mega Evolved into Mega Ampharos!
|-ability|p1a: Ampharos|Mold Breaker
|move|p2a: Wendy|Fire Blast|p1a: Ampharos
|-resisted|p1a: Ampharos
|-damage|p1a: Ampharos|217\/373
|move|p1a: Ampharos|Volt Switch|p2a: Wendy
|-damage|p2a: Wendy|0 fnt
|faint|p2a: Wendy
|
|switch|p1a: Crobat|Crobat, M|368\/368
|
|c|âthelabratzz|T.T
|
|switch|p2a: Cheez|Flygon, F|301\/301
|turn|22
|
|switch|p1a: Chesnaught|Chesnaught, M|100\/380 par
|move|p2a: Cheez|Outrage|p1a: Chesnaught
|-damage|p1a: Chesnaught|0 fnt
|faint|p1a: Chesnaught
|
|
|switch|p1a: Krookodile|Krookodile, M|331\/331
|-ability|p1a: Krookodile|Intimidate|[of] p2a: Cheez
|-unboost|p2a: Cheez|atk|1
|turn|23
|
|move|p2a: Cheez|Outrage|p1a: Krookodile
|-damage|p1a: Krookodile|105\/331
|move|p1a: Krookodile|Knock Off|p2a: Cheez
|-crit|p2a: Cheez
|-damage|p2a: Cheez|0 fnt
|-enditem|p2a: Cheez|Choice Band|[from] move: Knock Off|[of] p1a: Krookodile
|faint|p2a: Cheez
|
|c|âSocratesMLG|damn 
|c|âSocratesMLG|I feel bad
|c|âthelabratzz|crit
|
|switch|p2a: Celebi|Celebi|396\/396
|-damage|p2a: Celebi|347\/396|[from] Spikes
|turn|24
|
|move|p1a: Krookodile|Knock Off|p2a: Celebi
|-supereffective|p2a: Celebi
|-damage|p2a: Celebi|0 fnt
|-enditem|p2a: Celebi|Leftovers|[from] move: Knock Off|[of] p1a: Krookodile
|faint|p2a: Celebi
|
|win|SocratesMLG
|c|âthelabratzz|gg
|c|âthelabratzz|:D
|c|âSocratesMLG|gg though 
|c|âthelabratzz|yea
|leave|thelabratzz
|player|p2