|join|Julie3
|join|SocratesMLG
|player|p1|Julie3|170
|player|p2|SocratesMLG|291
|gametype|singles
|gen|6
|tier|UU
|rated
|rule|Sleep Clause Mod: Limit one foe put to sleep
|rule|Species Clause: Limit one of each PokÃ©mon
|rule|OHKO Clause: OHKO moves are banned
|rule|Moody Clause: Moody is banned
|rule|Evasion Moves Clause: Evasion moves are banned
|rule|Endless Battle Clause: Forcing endless battles is banned
|rule|HP Percentage Mod: HP is shown in percentages
|clearpoke
|poke|p1|Milotic, M
|poke|p1|Celebi
|poke|p1|Arcanine, F
|poke|p1|Pidgeot, M
|poke|p1|Cobalion
|poke|p1|Espeon, M
|poke|p2|Krookodile, F
|poke|p2|Jirachi
|poke|p2|Nidoqueen, F
|poke|p2|Machamp, M
|poke|p2|Blastoise, M
|poke|p2|Yanmega, M
|rule|Swagger Clause: Swagger is banned
|rule|Baton Pass Clause: Limit one PokÃ©mon knowing Baton Pass
|teampreview
|c|âSocratesMLG|gl hf
|c|âJulie3|gl hf
|
|start
|switch|p1a: Pidgeot|Pidgeot, M|307\/307
|switch|p2a: Nidoqueen|Nidoqueen, F|345\/345
|turn|1
|
|detailschange|p1a: Pidgeot|Pidgeot-Mega, M
|-mega|p1a: Pidgeot|Pidgeot|Pidgeotite
|move|p1a: Pidgeot|Hurricane|p2a: Nidoqueen
|-damage|p2a: Nidoqueen|113\/345
|-start|p2a: Nidoqueen|confusion
|-activate|p2a: Nidoqueen|confusion
|move|p2a: Nidoqueen|Ice Beam|p1a: Pidgeot
|-supereffective|p1a: Pidgeot
|-damage|p1a: Pidgeot|0 fnt
|faint|p1a: Pidgeot
|
|
|switch|p1a: Espeon|Espeon, M|271\/271
|turn|2
|
|switch|p2a: Jirachi|Jirachi|341\/341
|move|p1a: Espeon|Psychic|p2a: Jirachi
|-resisted|p2a: Jirachi
|-damage|p2a: Jirachi|303\/341
|
|turn|3
|
|switch|p1a: Arcanine|Arcanine, F|384\/384
|-ability|p1a: Arcanine|Intimidate|[of] p2a: Jirachi
|-unboost|p2a: Jirachi|atk|1
|move|p2a: Jirachi|U-turn|p1a: Arcanine
|-resisted|p1a: Arcanine
|-damage|p1a: Arcanine|362\/384
|
|switch|p2a: Krookodile|Krookodile, F|331\/331
|-ability|p2a: Krookodile|Intimidate|[of] p1a: Arcanine
|-unboost|p1a: Arcanine|atk|1
|
|-heal|p1a: Arcanine|384\/384|[from] item: Leftovers
|turn|4
|
|move|p2a: Krookodile|Earthquake|p1a: Arcanine
|-supereffective|p1a: Arcanine
|-damage|p1a: Arcanine|0 fnt
|faint|p1a: Arcanine
|
|
|switch|p1a: Milotic|Milotic, M|393\/393
|turn|5
|
|switch|p2a: Machamp|Machamp, M|383\/383
|move|p1a: Milotic|Scald|p2a: Machamp
|-damage|p2a: Machamp|307\/383
|-status|p2a: Machamp|brn
|
|-damage|p2a: Machamp|260\/383 brn|[from] brn
|turn|6
|
|switch|p1a: Cobalion|Cobalion|323\/323
|move|p2a: Machamp|Knock Off|p1a: Cobalion
|-resisted|p1a: Cobalion
|-damage|p1a: Cobalion|249\/323
|-boost|p1a: Cobalion|atk|1|[from] ability: Justified
|-enditem|p1a: Cobalion|Leftovers|[from] move: Knock Off|[of] p2a: Machamp
|
|-damage|p2a: Machamp|213\/383 brn|[from] brn
|turn|7
|join|Paradoxitic
|
|move|p1a: Cobalion|Close Combat|p2a: Machamp
|-damage|p2a: Machamp|0 fnt
|-unboost|p1a: Cobalion|def|1
|-unboost|p1a: Cobalion|spd|1
|faint|p2a: Machamp
|
|
|switch|p2a: Blastoise|Blastoise, M|357\/357
|turn|8
|
|detailschange|p2a: Blastoise|Blastoise-Mega, M
|-mega|p2a: Blastoise|Blastoise|Blastoisinite
|move|p1a: Cobalion|Close Combat|p2a: Blastoise
|-damage|p2a: Blastoise|159\/357
|-unboost|p1a: Cobalion|def|1
|-unboost|p1a: Cobalion|spd|1
|move|p2a: Blastoise|Hydro Pump|p1a: Cobalion
|-crit|p1a: Cobalion
|-damage|p1a: Cobalion|0 fnt
|faint|p1a: Cobalion
|
|c| Paradoxitic|I finally have a counter for your UU team Julie
|
|switch|p1a: Celebi|Celebi|341\/341
|turn|9
|c|âJulie3|this uu team?
|
|switch|p2a: Jirachi|Jirachi|303\/341
|move|p1a: Celebi|Seed Bomb|p2a: Jirachi
|-resisted|p2a: Jirachi
|-damage|p2a: Jirachi|221\/341
|
|turn|10
|
|switch|p1a: Milotic|Milotic, M|393\/393
|move|p2a: Jirachi|U-turn|p1a: Milotic
|-damage|p1a: Milotic|321\/393
|
|switch|p2a: Nidoqueen|Nidoqueen, F|113\/345
|
|-heal|p1a: Milotic|345\/393|[from] item: Leftovers
|turn|11
|c| Paradoxitic|Yeah dude that cobalion just fucked my team up a while back xD
|
|move|p2a: Nidoqueen|Sludge Wave|p1a: Milotic
|-damage|p1a: Milotic|196\/393
|move|p1a: Milotic|Scald|p2a: Nidoqueen
|-supereffective|p2a: Nidoqueen
|-damage|p2a: Nidoqueen|0 fnt
|faint|p2a: Nidoqueen
|
|-heal|p1a: Milotic|220\/393|[from] item: Leftovers
|c| Paradoxitic|paired up with that Arcanine smh
|c|âJulie3|ah cool ^^ sorry i don't remember what your team was
|c| Paradoxitic|All I did was give Mega Sceptile earthquake
|
|switch|p2a: Krookodile|Krookodile, F|331\/331
|-ability|p2a: Krookodile|Intimidate|[of] p1a: Milotic
|-unboost|p1a: Milotic|atk|1
|turn|12
|
|switch|p1a: Celebi|Celebi|341\/341
|move|p2a: Krookodile|Earthquake|p1a: Celebi
|-resisted|p1a: Celebi
|-damage|p1a: Celebi|227\/341
|
|turn|13
|
|switch|p2a: Jirachi|Jirachi|221\/341
|move|p1a: Celebi|U-turn|p2a: Jirachi
|-damage|p2a: Jirachi|113\/341
|
|switch|p1a: Milotic|Milotic, M|220\/393
|
|-heal|p1a: Milotic|244\/393|[from] item: Leftovers
|turn|14
|c|âJulie3|would you like to battle after?
|
|move|p2a: Jirachi|Trick|p1a: Milotic
|-activate|p2a: Jirachi|move: Trick|[of] p1a: Milotic
|-item|p1a: Milotic|Choice Scarf|[from] move: Trick
|-item|p2a: Jirachi|Leftovers|[from] move: Trick
|move|p1a: Milotic|Recover|p1a: Milotic
|-heal|p1a: Milotic|393\/393
|
|-heal|p2a: Jirachi|134\/341|[from] item: Leftovers
|turn|15
|c| Paradoxitic|sure
|
|switch|p1a: Celebi|Celebi|227\/341
|move|p2a: Jirachi|U-turn|p1a: Celebi
|-supereffective|p1a: Celebi
|-damage|p1a: Celebi|0 fnt
|faint|p1a: Celebi
|c|âJulie3|okay
|
|switch|p2a: Blastoise|Blastoise-Mega, M|159\/357
|
|
|switch|p1a: Milotic|Milotic, M|393\/393
|turn|16
|
|move|p1a: Milotic|Scald|p2a: Blastoise
|-resisted|p2a: Blastoise
|-damage|p2a: Blastoise|118\/357
|-status|p2a: Blastoise|brn
|move|p2a: Blastoise|Dark Pulse|p1a: Milotic
|-damage|p1a: Milotic|292\/393
|
|-damage|p2a: Blastoise|74\/357 brn|[from] brn
|turn|17
|
|move|p1a: Milotic|Scald|p2a: Blastoise
|-resisted|p2a: Blastoise
|-damage|p2a: Blastoise|29\/357 brn
|move|p2a: Blastoise|Dark Pulse|p1a: Milotic
|-damage|p1a: Milotic|179\/393
|
|-damage|p2a: Blastoise|0 fnt|[from] brn
|faint|p2a: Blastoise
|
|switch|p2a: Krookodile|Krookodile, F|331\/331
|-ability|p2a: Krookodile|Intimidate|[of] p1a: Milotic
|-unboost|p1a: Milotic|atk|1
|turn|18
|
|move|p1a: Milotic|Scald|p2a: Krookodile
|-supereffective|p2a: Krookodile
|-damage|p2a: Krookodile|79\/331
|move|p2a: Krookodile|Earthquake|p1a: Milotic
|-damage|p1a: Milotic|0 fnt
|faint|p1a: Milotic
|
|
|switch|p1a: Espeon|Espeon, M|271\/271
|turn|19
|
|move|p1a: Espeon|Dazzling Gleam|p2a: Krookodile
|-crit|p2a: Krookodile
|-supereffective|p2a: Krookodile
|-damage|p2a: Krookodile|0 fnt
|faint|p2a: Krookodile
|
|
|switch|p2a: Yanmega|Yanmega, M|313\/313
|turn|20
|
|move|p2a: Yanmega|Protect|p2a: Yanmega
|-singleturn|p2a: Yanmega|Protect
|move|p1a: Espeon|Dazzling Gleam|p2a: Yanmega
|-activate|p2a: Yanmega|Protect
|
|-boost|p2a: Yanmega|spe|1|[from] ability: Speed Boost
|turn|21
|
|move|p1a: Espeon|Dazzling Gleam|p2a: Yanmega
|-crit|p2a: Yanmega
|-damage|p2a: Yanmega|82\/313
|move|p2a: Yanmega|Bug Buzz|p1a: Espeon
|-supereffective|p1a: Espeon
|-damage|p1a: Espeon|0 fnt
|-damage|p2a: Yanmega|51\/313|[from] item: Life Orb
|faint|p1a: Espeon
|
|win|SocratesMLG
|raw|Ladder updating...
|raw|Julie3's rating: 1384 &rarr; <strong>1368<\/strong><br \/>(-16 for losing)
|raw|SocratesMLG's rating: 1460 &rarr; <strong>1475<\/strong><br \/>(+15 for winning)
|c|âSocratesMLG|gg
|c|âJulie3|gg
|c|âSocratesMLG|scarf Espeon :O
|c|âSocratesMLG|hardly ever see that