|join|Willtheaurawarrior
|join|SocratesMLG
|c|âSocratesMLG|gl hf
|player|p1|Willtheaurawarrior|262
|player|p2|SocratesMLG|291
|gametype|singles
|gen|6
|tier|UU
|rule|Sleep Clause Mod: Limit one foe put to sleep
|rule|Species Clause: Limit one of each PokÃ©mon
|rule|OHKO Clause: OHKO moves are banned
|rule|Moody Clause: Moody is banned
|rule|Evasion Moves Clause: Evasion moves are banned
|rule|Endless Battle Clause: Forcing endless battles is banned
|rule|HP Percentage Mod: HP is shown in percentages
|clearpoke
|poke|p1|Ditto, shiny
|poke|p1|Darmanitan, M
|poke|p1|Empoleon, F
|poke|p1|Aggron, M
|poke|p1|Cloyster, F, shiny
|poke|p1|Jirachi, shiny
|poke|p2|Celebi
|poke|p2|Arcanine, F
|poke|p2|Starmie
|poke|p2|Beedrill, F
|poke|p2|Mienshao, M
|poke|p2|Swampert, M
|rule|Swagger Clause: Swagger is banned
|rule|Baton Pass Clause: Limit one PokÃ©mon knowing Baton Pass
|teampreview
|c|âWilltheaurawarrior|same2you
|
|start
|switch|p1a: Empoleon|Empoleon, F|372\/372
|switch|p2a: Swampert|Swampert, M|401\/401
|turn|1
|
|move|p1a: Empoleon|Stealth Rock|p2a: Swampert
|-sidestart|p2: SocratesMLG|move: Stealth Rock
|move|p2a: Swampert|Earthquake|p1a: Empoleon
|-crit|p1a: Empoleon
|-supereffective|p1a: Empoleon
|-damage|p1a: Empoleon|66\/372
|
|-heal|p1a: Empoleon|89\/372|[from] item: Leftovers
|turn|2
|
|move|p1a: Empoleon|Scald|p2a: Swampert
|-crit|p2a: Swampert
|-damage|p2a: Swampert|158\/401
|move|p2a: Swampert|Earthquake|p1a: Empoleon
|-supereffective|p1a: Empoleon
|-damage|p1a: Empoleon|0 fnt
|faint|p1a: Empoleon
|
|-heal|p2a: Swampert|183\/401|[from] item: Leftovers
|
|switch|p1a: Ditto|Ditto, shiny|300\/300
|-transform|p1a: Ditto|p2a: Swampert
|turn|3
|
|move|p1a: Ditto|Earthquake|p2a: Swampert
|-damage|p2a: Swampert|84\/401
|move|p2a: Swampert|Stealth Rock|p1a: Ditto
|-sidestart|p1: Willtheaurawarrior|move: Stealth Rock
|
|-heal|p2a: Swampert|109\/401|[from] item: Leftovers
|turn|4
|
|switch|p2a: Celebi|Celebi|404\/404
|-damage|p2a: Celebi|354\/404|[from] Stealth Rock
|move|p1a: Ditto|Earthquake|p2a: Celebi
|-resisted|p2a: Celebi
|-damage|p2a: Celebi|290\/404
|
|-heal|p2a: Celebi|315\/404|[from] item: Leftovers
|turn|5
|
|switch|p1a: Darmanitan|Darmanitan, M|351\/351
|-damage|p1a: Darmanitan|264\/351|[from] Stealth Rock
|move|p2a: Celebi|Thunder Wave|p1a: Darmanitan
|-status|p1a: Darmanitan|par
|
|-heal|p2a: Celebi|340\/404|[from] item: Leftovers
|turn|6
|
|move|p2a: Celebi|Psychic|p1a: Darmanitan
|-damage|p1a: Darmanitan|84\/351 par
|move|p1a: Darmanitan|U-turn|p2a: Celebi
|-supereffective|p2a: Celebi
|-damage|p2a: Celebi|0 fnt
|faint|p2a: Celebi
|
|switch|p1a: Aggron|Aggron, M|344\/344
|-damage|p1a: Aggron|323\/344|[from] Stealth Rock
|
|
|switch|p2a: Starmie|Starmie|261\/261
|-damage|p2a: Starmie|229\/261|[from] Stealth Rock
|turn|7
|
|detailschange|p1a: Aggron|Aggron-Mega, M
|-mega|p1a: Aggron|Aggron|Aggronite
|move|p2a: Starmie|Rapid Spin|p1a: Aggron
|-resisted|p1a: Aggron
|-damage|p1a: Aggron|319\/344
|-sideend|p2: SocratesMLG|Stealth Rock|[from] move: Rapid Spin|[of] p2a: Starmie
|-damage|p2a: Starmie|203\/261|[from] item: Life Orb
|move|p1a: Aggron|Autotomize|p1a: Aggron
|-boost|p1a: Aggron|spe|2
|-start|p1a: Aggron|Autotomize
|
|turn|8
|
|move|p2a: Starmie|Hydro Pump|p1a: Aggron
|-damage|p1a: Aggron|62\/344
|-damage|p2a: Starmie|177\/261|[from] item: Life Orb
|move|p1a: Aggron|Autotomize|p1a: Aggron
|-boost|p1a: Aggron|spe|2
|-start|p1a: Aggron|Autotomize
|
|turn|9
|
|move|p1a: Aggron|Earthquake|p2a: Starmie
|-damage|p2a: Starmie|8\/261
|move|p2a: Starmie|Hydro Pump|p1a: Aggron
|-damage|p1a: Aggron|0 fnt
|-damage|p2a: Starmie|0 fnt|[from] item: Life Orb
|faint|p1a: Aggron
|faint|p2a: Starmie
|
|
|switch|p2a: Arcanine|Arcanine, F|383\/383
|switch|p1a: Darmanitan|Darmanitan, M|84\/351 par
|-ability|p2a: Arcanine|Intimidate|[of] p1a: Darmanitan
|-unboost|p1a: Darmanitan|atk|1
|-damage|p1a: Darmanitan|0 fnt|[from] Stealth Rock
|faint|p1a: Darmanitan
|
|switch|p1a: Cloyster|Cloyster, F, shiny|242\/242
|-damage|p1a: Cloyster|182\/242|[from] Stealth Rock
|turn|10
|
|move|p1a: Cloyster|Shell Smash|p1a: Cloyster
|-boost|p1a: Cloyster|atk|2
|-boost|p1a: Cloyster|spa|2
|-boost|p1a: Cloyster|spe|2
|-unboost|p1a: Cloyster|def|1
|-unboost|p1a: Cloyster|spd|1
|-enditem|p1a: Cloyster|White Herb
|-restoreboost|p1a: Cloyster|[silent]
|move|p2a: Arcanine|Will-O-Wisp|p1a: Cloyster|[miss]
|-miss|p2a: Arcanine|p1a: Cloyster
|
|turn|11
|c|âSocratesMLG|fcourse
|
|move|p1a: Cloyster|Rock Blast|p2a: Arcanine|[miss]
|-miss|p1a: Cloyster|p2a: Arcanine
|move|p2a: Arcanine|Flare Blitz|p1a: Cloyster
|-damage|p1a: Cloyster|95\/242
|-status|p1a: Cloyster|brn
|-damage|p2a: Arcanine|354\/383|[from] recoil|[of] p1a: Cloyster
|
|-heal|p2a: Arcanine|377\/383|[from] item: Leftovers
|-damage|p1a: Cloyster|65\/242 brn|[from] brn
|turn|12
|c|âSocratesMLG|revenge xD
|c|âWilltheaurawarrior|oh, the irony...
|
|switch|p2a: Swampert|Swampert, M|109\/401
|move|p1a: Cloyster|Rock Blast|p2a: Swampert
|-resisted|p2a: Swampert
|-damage|p2a: Swampert|99\/401
|-resisted|p2a: Swampert
|-damage|p2a: Swampert|89\/401
|-resisted|p2a: Swampert
|-damage|p2a: Swampert|79\/401
|-resisted|p2a: Swampert
|-damage|p2a: Swampert|70\/401
|-resisted|p2a: Swampert
|-damage|p2a: Swampert|61\/401
|-hitcount|p2a: Swampert|5
|
|-heal|p2a: Swampert|86\/401|[from] item: Leftovers
|-damage|p1a: Cloyster|35\/242 brn|[from] brn
|turn|13
|
|switch|p2a: Arcanine|Arcanine, F|377\/383
|-ability|p2a: Arcanine|Intimidate|[of] p1a: Cloyster
|-unboost|p1a: Cloyster|atk|1
|move|p1a: Cloyster|Icicle Spear|p2a: Arcanine
|-resisted|p2a: Arcanine
|-damage|p2a: Arcanine|366\/383
|-resisted|p2a: Arcanine
|-damage|p2a: Arcanine|354\/383
|-resisted|p2a: Arcanine
|-damage|p2a: Arcanine|343\/383
|-resisted|p2a: Arcanine
|-damage|p2a: Arcanine|332\/383
|-crit|p2a: Arcanine
|-resisted|p2a: Arcanine
|-damage|p2a: Arcanine|316\/383
|-hitcount|p2a: Arcanine|5
|
|-heal|p2a: Arcanine|339\/383|[from] item: Leftovers
|-damage|p1a: Cloyster|5\/242 brn|[from] brn
|turn|14
|c|âSocratesMLG|I will let you know
|c|âSocratesMLG|I did cancel that xD
|
|move|p2a: Arcanine|Extreme Speed|p1a: Cloyster
|-damage|p1a: Cloyster|0 fnt
|faint|p1a: Cloyster
|
|-heal|p2a: Arcanine|362\/383|[from] item: Leftovers
|
|switch|p1a: Ditto|Ditto, shiny|300\/300
|-damage|p1a: Ditto|263\/300|[from] Stealth Rock
|-transform|p1a: Ditto|p2a: Arcanine
|-ability|p1a: Ditto|Intimidate|[of] p2a: Arcanine
|-unboost|p2a: Arcanine|atk|1
|turn|15
|
|switch|p2a: Swampert|Swampert, M|86\/401
|move|p1a: Ditto|Flare Blitz|p2a: Swampert
|-resisted|p2a: Swampert
|-damage|p2a: Swampert|30\/401
|-damage|p1a: Ditto|245\/300|[from] recoil|[of] p2a: Swampert
|
|-heal|p2a: Swampert|55\/401|[from] item: Leftovers
|turn|16
|
|move|p1a: Ditto|Flare Blitz|p2a: Swampert
|-resisted|p2a: Swampert
|-damage|p2a: Swampert|0 fnt
|-damage|p1a: Ditto|227\/300|[from] recoil|[of] p2a: Swampert
|faint|p2a: Swampert
|
|
|switch|p2a: Arcanine|Arcanine, F|362\/383
|-ability|p2a: Arcanine|Intimidate|[of] p1a: Ditto
|-unboost|p1a: Ditto|atk|1
|turn|17
|
|move|p1a: Ditto|Flare Blitz|p2a: Arcanine
|-resisted|p2a: Arcanine
|-damage|p2a: Arcanine|315\/383
|-damage|p1a: Ditto|211\/300|[from] recoil|[of] p2a: Arcanine
|move|p2a: Arcanine|Flare Blitz|p1a: Ditto
|-resisted|p1a: Ditto
|-damage|p1a: Ditto|152\/300
|-damage|p2a: Arcanine|296\/383|[from] recoil|[of] p1a: Ditto
|
|-heal|p2a: Arcanine|319\/383|[from] item: Leftovers
|turn|18
|
|switch|p1a: Jirachi|Jirachi, shiny|403\/403
|-damage|p1a: Jirachi|378\/403|[from] Stealth Rock
|move|p2a: Arcanine|Flare Blitz|p1a: Jirachi
|-supereffective|p1a: Jirachi
|-damage|p1a: Jirachi|166\/403
|-damage|p2a: Arcanine|249\/383|[from] recoil|[of] p1a: Jirachi
|
|-heal|p1a: Jirachi|191\/403|[from] item: Leftovers
|-heal|p2a: Arcanine|272\/383|[from] item: Leftovers
|turn|19
|
|move|p1a: Jirachi|Wish|p1a: Jirachi
|move|p2a: Arcanine|Will-O-Wisp|p1a: Jirachi
|-status|p1a: Jirachi|brn
|
|-heal|p1a: Jirachi|216\/403 brn|[from] item: Leftovers
|-heal|p2a: Arcanine|295\/383|[from] item: Leftovers
|-damage|p1a: Jirachi|166\/403 brn|[from] brn
|turn|20
|
|switch|p1a: Ditto|Ditto, shiny|152\/300
|-damage|p1a: Ditto|115\/300|[from] Stealth Rock
|-transform|p1a: Ditto|p2a: Arcanine
|-ability|p1a: Ditto|Intimidate|[of] p2a: Arcanine
|-unboost|p2a: Arcanine|atk|1
|move|p2a: Arcanine|Flare Blitz|p1a: Ditto
|-resisted|p1a: Ditto
|-damage|p1a: Ditto|73\/300
|-damage|p2a: Arcanine|281\/383|[from] recoil|[of] p1a: Ditto
|
|-heal|p1a: Ditto|274\/300|[from] move: Wish|[wisher] Jirachi
|-heal|p2a: Arcanine|304\/383|[from] item: Leftovers
|turn|21
|c|âSocratesMLG|Not like it matters
|
|move|p1a: Ditto|Flare Blitz|p2a: Arcanine
|-resisted|p2a: Arcanine
|-damage|p2a: Arcanine|240\/383
|-damage|p1a: Ditto|253\/300|[from] recoil|[of] p2a: Arcanine
|move|p2a: Arcanine|Flare Blitz|p1a: Ditto
|-resisted|p1a: Ditto
|-damage|p1a: Ditto|214\/300
|-damage|p2a: Arcanine|227\/383|[from] recoil|[of] p1a: Ditto
|
|-heal|p2a: Arcanine|250\/383|[from] item: Leftovers
|turn|22
|c|âSocratesMLG|I have morning sun and ur scarfed
|c|âSocratesMLG|and Rachi is on a timer
|
|move|p1a: Ditto|Flare Blitz|p2a: Arcanine
|-resisted|p2a: Arcanine
|-damage|p2a: Arcanine|182\/383
|-damage|p1a: Ditto|192\/300|[from] recoil|[of] p2a: Arcanine
|move|p2a: Arcanine|Flare Blitz|p1a: Ditto
|-resisted|p1a: Ditto
|-damage|p1a: Ditto|151\/300
|-damage|p2a: Arcanine|168\/383|[from] recoil|[of] p1a: Ditto
|
|-heal|p2a: Arcanine|191\/383|[from] item: Leftovers
|turn|23
|
|move|p1a: Ditto|Flare Blitz|p2a: Arcanine
|-resisted|p2a: Arcanine
|-damage|p2a: Arcanine|123\/383
|-damage|p1a: Ditto|129\/300|[from] recoil|[of] p2a: Arcanine
|move|p2a: Arcanine|Morning Sun|p2a: Arcanine
|-heal|p2a: Arcanine|314\/383
|
|-heal|p2a: Arcanine|337\/383|[from] item: Leftovers
|turn|24
|
|move|p1a: Ditto|Flare Blitz|p2a: Arcanine
|-resisted|p2a: Arcanine
|-damage|p2a: Arcanine|273\/383
|-damage|p1a: Ditto|108\/300|[from] recoil|[of] p2a: Arcanine
|move|p2a: Arcanine|Flare Blitz|p1a: Ditto
|-resisted|p1a: Ditto
|-damage|p1a: Ditto|66\/300
|-damage|p2a: Arcanine|259\/383|[from] recoil|[of] p1a: Ditto
|
|-heal|p2a: Arcanine|282\/383|[from] item: Leftovers
|turn|25
|
|move|p1a: Ditto|Flare Blitz|p2a: Arcanine
|-resisted|p2a: Arcanine
|-damage|p2a: Arcanine|218\/383
|-damage|p1a: Ditto|45\/300|[from] recoil|[of] p2a: Arcanine
|move|p2a: Arcanine|Flare Blitz|p1a: Ditto
|-crit|p1a: Ditto
|-resisted|p1a: Ditto
|-damage|p1a: Ditto|0 fnt
|-damage|p2a: Arcanine|203\/383|[from] recoil|[of] p1a: Ditto
|faint|p1a: Ditto
|
|-heal|p2a: Arcanine|226\/383|[from] item: Leftovers
|c|âSocratesMLG|thank you
|
|switch|p1a: Jirachi|Jirachi, shiny|166\/403 brn
|-damage|p1a: Jirachi|141\/403 brn|[from] Stealth Rock
|turn|26
|
|move|p1a: Jirachi|Wish|p1a: Jirachi
|move|p2a: Arcanine|Flare Blitz|p1a: Jirachi
|-supereffective|p1a: Jirachi
|-damage|p1a: Jirachi|0 fnt
|-damage|p2a: Arcanine|179\/383|[from] recoil|[of] p1a: Jirachi
|faint|p1a: Jirachi
|
|win|SocratesMLG
|c|âWilltheaurawarrior|gg
|c|âSocratesMLG|gg