|join|SocratesMLG
|join|personafan
|player|p1|SocratesMLG|291
|player|p2|personafan|44
|gametype|singles
|gen|6
|tier|UU
|rated
|rule|Sleep Clause Mod: Limit one foe put to sleep
|rule|Species Clause: Limit one of each PokÃ©mon
|rule|OHKO Clause: OHKO moves are banned
|rule|Moody Clause: Moody is banned
|rule|Evasion Moves Clause: Evasion moves are banned
|rule|Endless Battle Clause: Forcing endless battles is banned
|rule|HP Percentage Mod: HP is shown in percentages
|clearpoke
|poke|p1|Alakazam, M
|poke|p1|Absol, M
|poke|p1|Jirachi
|poke|p1|Chesnaught, M
|poke|p1|Rotom-Heat
|poke|p1|Forretress, F
|poke|p2|Beedrill, F
|poke|p2|Empoleon, F
|poke|p2|Trevenant, F
|poke|p2|Rotom-Heat
|poke|p2|Mienshao, M
|poke|p2|Goodra, M
|rule|Swagger Clause: Swagger is banned
|rule|Baton Pass Clause: Limit one PokÃ©mon knowing Baton Pass
|teampreview
|c|âSocratesMLG|gl hf
|c|âpersonafan|u2
|
|start
|switch|p1a: Chesnaught|Chesnaught, M|379\/379
|switch|p2a: Rotom-Heat|Rotom-Heat|303\/303
|turn|1
|
|switch|p1a: Rotom-Heat|Rotom-Heat|303\/303
|move|p2a: Rotom-Heat|Overheat|p1a: Rotom-Heat
|-resisted|p1a: Rotom-Heat
|-damage|p1a: Rotom-Heat|193\/303
|-unboost|p2a: Rotom-Heat|spa|2
|
|-heal|p1a: Rotom-Heat|211\/303|[from] item: Leftovers
|turn|2
|
|switch|p2a: Goodra|Goodra, M|383\/383
|move|p1a: Rotom-Heat|Will-O-Wisp|p2a: Goodra
|-status|p2a: Goodra|brn
|
|-heal|p1a: Rotom-Heat|229\/303|[from] item: Leftovers
|-damage|p2a: Goodra|336\/383 brn|[from] brn
|turn|3
|
|move|p1a: Rotom-Heat|Overheat|p2a: Goodra
|-resisted|p2a: Goodra
|-damage|p2a: Goodra|300\/383 brn
|-unboost|p1a: Rotom-Heat|spa|2
|move|p2a: Goodra|Draco Meteor|p1a: Rotom-Heat
|-damage|p1a: Rotom-Heat|84\/303
|-unboost|p2a: Goodra|spa|2
|
|-heal|p1a: Rotom-Heat|102\/303|[from] item: Leftovers
|-damage|p2a: Goodra|253\/383 brn|[from] brn
|turn|4
|
|switch|p2a: Rotom-Heat|Rotom-Heat|303\/303
|move|p1a: Rotom-Heat|Pain Split|p2a: Rotom-Heat
|-sethp|p2a: Rotom-Heat|202\/303|p1a: Rotom-Heat|202\/303|[from] move: Pain Split
|
|-heal|p1a: Rotom-Heat|220\/303|[from] item: Leftovers
|turn|5
|
|move|p2a: Rotom-Heat|Volt Switch|p1a: Rotom-Heat
|-resisted|p1a: Rotom-Heat
|-damage|p1a: Rotom-Heat|164\/303
|
|switch|p2a: Mienshao|Mienshao, M|271\/271
|move|p1a: Rotom-Heat|Volt Switch|p2a: Mienshao
|-damage|p2a: Mienshao|199\/271
|
|switch|p1a: Chesnaught|Chesnaught, M|379\/379
|
|turn|6
|
|move|p2a: Mienshao|U-turn|p1a: Chesnaught
|-damage|p1a: Chesnaught|326\/379
|-damage|p2a: Mienshao|154\/271|[from] item: Rocky Helmet|[of] p1a: Chesnaught
|
|switch|p2a: Trevenant|Trevenant, F|374\/374
|move|p1a: Chesnaught|Spikes|p2a: Trevenant
|-sidestart|p2: personafan|Spikes
|
|turn|7
|
|switch|p1a: Rotom-Heat|Rotom-Heat|164\/303
|move|p2a: Trevenant|Substitute|p2a: Trevenant
|-start|p2a: Trevenant|Substitute
|-damage|p2a: Trevenant|281\/374
|
|-heal|p1a: Rotom-Heat|182\/303|[from] item: Leftovers
|turn|8
|
|move|p1a: Rotom-Heat|Overheat|p2a: Trevenant|[miss]
|-miss|p1a: Rotom-Heat|p2a: Trevenant
|move|p2a: Trevenant|Toxic|p1a: Rotom-Heat|[miss]
|-miss|p2a: Trevenant|p1a: Rotom-Heat
|
|-heal|p1a: Rotom-Heat|200\/303|[from] item: Leftovers
|turn|9
|c|âSocratesMLG|lol
|
|move|p1a: Rotom-Heat|Overheat|p2a: Trevenant
|-supereffective|p2a: Trevenant
|-end|p2a: Trevenant|Substitute
|-unboost|p1a: Rotom-Heat|spa|2
|move|p2a: Trevenant|Toxic|p1a: Rotom-Heat
|-status|p1a: Rotom-Heat|tox
|
|-heal|p1a: Rotom-Heat|218\/303 tox|[from] item: Leftovers
|-damage|p1a: Rotom-Heat|200\/303 tox|[from] psn
|turn|10
|
|move|p1a: Rotom-Heat|Will-O-Wisp|p2a: Trevenant
|-status|p2a: Trevenant|brn
|move|p2a: Trevenant|Leech Seed|p1a: Rotom-Heat
|-start|p1a: Rotom-Heat|move: Leech Seed
|
|-heal|p1a: Rotom-Heat|218\/303 tox|[from] item: Leftovers
|-damage|p1a: Rotom-Heat|181\/303 tox|[from] Leech Seed|[of] p2a: Trevenant
|-heal|p2a: Trevenant|318\/374 brn|[silent]
|-damage|p1a: Rotom-Heat|145\/303 tox|[from] psn
|-damage|p2a: Trevenant|272\/374 brn|[from] brn
|turn|11
|
|move|p1a: Rotom-Heat|Volt Switch|p2a: Trevenant
|-resisted|p2a: Trevenant
|-damage|p2a: Trevenant|252\/374 brn
|
|switch|p1a: Forretress|Forretress, F|354\/354
|move|p2a: Trevenant|Substitute|p2a: Trevenant
|-start|p2a: Trevenant|Substitute
|-damage|p2a: Trevenant|159\/374 brn
|-enditem|p2a: Trevenant|Sitrus Berry|[eat]
|-heal|p2a: Trevenant|252\/374 brn|[from] item: Sitrus Berry
|
|-damage|p2a: Trevenant|206\/374 brn|[from] brn
|-item|p2a: Trevenant|Sitrus Berry|[from] ability: Harvest
|turn|12
|
|move|p2a: Trevenant|Leech Seed|p1a: Forretress
|-start|p1a: Forretress|move: Leech Seed
|move|p1a: Forretress|Stealth Rock|p2a: Trevenant
|-sidestart|p2: personafan|move: Stealth Rock
|
|-damage|p1a: Forretress|310\/354|[from] Leech Seed|[of] p2a: Trevenant
|-heal|p2a: Trevenant|250\/374 brn|[silent]
|-damage|p2a: Trevenant|204\/374 brn|[from] brn
|turn|13
|
|move|p2a: Trevenant|Horn Leech|p1a: Forretress
|-resisted|p1a: Forretress
|-damage|p1a: Forretress|302\/354
|-heal|p2a: Trevenant|208\/374 brn|[from] drain|[of] p1a: Forretress
|move|p1a: Forretress|Volt Switch|p2a: Trevenant
|-resisted|p2a: Trevenant
|-activate|p2a: Trevenant|Substitute|[damage]
|
|switch|p1a: Absol|Absol, M|271\/271
|
|-damage|p2a: Trevenant|162\/374 brn|[from] brn
|-enditem|p2a: Trevenant|Sitrus Berry|[eat]
|-heal|p2a: Trevenant|255\/374 brn|[from] item: Sitrus Berry
|turn|14
|
|detailschange|p1a: Absol|Absol-Mega, M
|-mega|p1a: Absol|Absol|Absolite
|move|p1a: Absol|Knock Off|p2a: Trevenant
|-supereffective|p2a: Trevenant
|-end|p2a: Trevenant|Substitute
|move|p2a: Trevenant|Horn Leech|p1a: Absol
|-damage|p1a: Absol|195\/271
|-heal|p2a: Trevenant|293\/374 brn|[from] drain|[of] p1a: Absol
|
|-damage|p2a: Trevenant|247\/374 brn|[from] brn
|-item|p2a: Trevenant|Sitrus Berry|[from] ability: Harvest
|turn|15
|
|switch|p2a: Goodra|Goodra, M|253\/383 brn
|-damage|p2a: Goodra|206\/383 brn|[from] Stealth Rock
|-damage|p2a: Goodra|159\/383 brn|[from] Spikes
|move|p1a: Absol|Knock Off|p2a: Goodra
|-damage|p2a: Goodra|0 fnt
|-enditem|p2a: Goodra|Assault Vest|[from] move: Knock Off|[of] p1a: Absol
|faint|p2a: Goodra
|
|
|switch|p2a: Mienshao|Mienshao, M|244\/271
|-damage|p2a: Mienshao|211\/271|[from] Spikes
|-damage|p2a: Mienshao|195\/271|[from] Stealth Rock
|turn|16
|
|switch|p1a: Rotom-Heat|Rotom-Heat|145\/303 tox
|move|p2a: Mienshao|U-turn|p1a: Rotom-Heat
|-crit|p1a: Rotom-Heat
|-resisted|p1a: Rotom-Heat
|-damage|p1a: Rotom-Heat|85\/303 tox
|
|switch|p2a: Empoleon|Empoleon, F|372\/372
|-damage|p2a: Empoleon|326\/372|[from] Spikes
|-damage|p2a: Empoleon|303\/372|[from] Stealth Rock
|
|-heal|p1a: Rotom-Heat|103\/303 tox|[from] item: Leftovers
|-heal|p2a: Empoleon|326\/372|[from] item: Leftovers
|-damage|p1a: Rotom-Heat|85\/303 tox|[from] psn
|turn|17
|
|move|p1a: Rotom-Heat|Will-O-Wisp|p2a: Empoleon
|-status|p2a: Empoleon|brn
|move|p2a: Empoleon|Defog|p1a: Rotom-Heat
|-unboost|p1a: Rotom-Heat|evasion|1
|-sideend|p2: personafan|Spikes|[from] move: Defog|[of] p2a: Empoleon
|-sideend|p2: personafan|Stealth Rock|[from] move: Defog|[of] p2a: Empoleon
|
|-heal|p1a: Rotom-Heat|103\/303 tox|[from] item: Leftovers
|-heal|p2a: Empoleon|349\/372 brn|[from] item: Leftovers
|-damage|p1a: Rotom-Heat|67\/303 tox|[from] psn
|-damage|p2a: Empoleon|303\/372 brn|[from] brn
|turn|18
|
|move|p1a: Rotom-Heat|Volt Switch|p2a: Empoleon
|-supereffective|p2a: Empoleon
|-damage|p2a: Empoleon|139\/372 brn
|
|switch|p1a: Forretress|Forretress, F|302\/354
|move|p2a: Empoleon|Stealth Rock|p1a: Forretress
|-sidestart|p1: SocratesMLG|move: Stealth Rock
|
|-heal|p2a: Empoleon|162\/372 brn|[from] item: Leftovers
|-heal|p1a: Forretress|324\/354|[from] item: Leftovers
|-damage|p2a: Empoleon|116\/372 brn|[from] brn
|turn|19
|
|switch|p2a: Rotom-Heat|Rotom-Heat|202\/303
|move|p1a: Forretress|Stealth Rock|p2a: Rotom-Heat
|-sidestart|p2: personafan|move: Stealth Rock
|
|-heal|p1a: Forretress|346\/354|[from] item: Leftovers
|turn|20
|
|switch|p1a: Rotom-Heat|Rotom-Heat|67\/303 tox
|-damage|p1a: Rotom-Heat|0 fnt|[from] Stealth Rock
|faint|p1a: Rotom-Heat
|move|p2a: Rotom-Heat|Overheat|p1: Rotom-Heat|[notarget]
|-notarget
|
|
|switch|p1a: Alakazam|Alakazam, M|251\/251
|turn|21
|
|switch|p2a: Empoleon|Empoleon, F|116\/372 brn
|-damage|p2a: Empoleon|93\/372 brn|[from] Stealth Rock
|move|p1a: Alakazam|Psyshock|p2a: Empoleon
|-resisted|p2a: Empoleon
|-damage|p2a: Empoleon|33\/372 brn
|
|-heal|p2a: Empoleon|56\/372 brn|[from] item: Leftovers
|-damage|p2a: Empoleon|10\/372 brn|[from] brn
|turn|22
|
|move|p1a: Alakazam|Psyshock|p2a: Empoleon
|-resisted|p2a: Empoleon
|-damage|p2a: Empoleon|0 fnt
|faint|p2a: Empoleon
|
|
|switch|p2a: Mienshao|Mienshao, M|271\/271
|-damage|p2a: Mienshao|255\/271|[from] Stealth Rock
|turn|23
|
|move|p2a: Mienshao|U-turn|p1a: Alakazam
|-supereffective|p1a: Alakazam
|-enditem|p1a: Alakazam|Focus Sash
|-damage|p1a: Alakazam|1\/251
|
|switch|p2a: Trevenant|Trevenant, F|247\/374 brn
|-damage|p2a: Trevenant|201\/374 brn|[from] Stealth Rock
|move|p1a: Alakazam|Psyshock|p2a: Trevenant
|-damage|p2a: Trevenant|32\/374 brn
|-enditem|p2a: Trevenant|Sitrus Berry|[eat]
|-heal|p2a: Trevenant|125\/374 brn|[from] item: Sitrus Berry
|
|-damage|p2a: Trevenant|79\/374 brn|[from] brn
|turn|24
|
|move|p1a: Alakazam|Calm Mind|p1a: Alakazam
|-boost|p1a: Alakazam|spa|1
|-boost|p1a: Alakazam|spd|1
|move|p2a: Trevenant|Horn Leech|p1a: Alakazam
|-crit|p1a: Alakazam
|-damage|p1a: Alakazam|0 fnt
|-heal|p2a: Trevenant|80\/374 brn|[from] drain|[of] p1a: Alakazam
|faint|p1a: Alakazam
|
|-damage|p2a: Trevenant|34\/374 brn|[from] brn
|
|switch|p1a: Absol|Absol-Mega, M|195\/271
|-damage|p1a: Absol|162\/271|[from] Stealth Rock
|turn|25
|
|move|p1a: Absol|Swords Dance|p1a: Absol
|-boost|p1a: Absol|atk|2
|move|p2a: Trevenant|Horn Leech|p1a: Absol
|-damage|p1a: Absol|93\/271
|-heal|p2a: Trevenant|69\/374 brn|[from] drain|[of] p1a: Absol
|
|-damage|p2a: Trevenant|23\/374 brn|[from] brn
|turn|26
|
|move|p1a: Absol|Swords Dance|p1a: Absol
|-boost|p1a: Absol|atk|2
|move|p2a: Trevenant|Horn Leech|p1a: Absol
|-damage|p1a: Absol|14\/271
|-heal|p2a: Trevenant|63\/374 brn|[from] drain|[of] p1a: Absol
|
|-damage|p2a: Trevenant|17\/374 brn|[from] brn
|turn|27
|
|move|p1a: Absol|Knock Off|p2a: Trevenant
|-supereffective|p2a: Trevenant
|-damage|p2a: Trevenant|0 fnt
|faint|p2a: Trevenant
|
|c|âpersonafan|gg
|
|switch|p2a: Mienshao|Mienshao, M|271\/271
|-damage|p2a: Mienshao|255\/271|[from] Stealth Rock
|turn|28
|c|âSocratesMLG|?
|c|âpersonafan|i lost
|
|move|p1a: Absol|Sucker Punch|p2a: Mienshao
|-resisted|p2a: Mienshao
|-damage|p2a: Mienshao|0 fnt
|faint|p2a: Mienshao
|
|c|âSocratesMLG|I did let Alakazam die on purpose :)
|
|switch|p2a: Beedrill|Beedrill, F|271\/271
|-damage|p2a: Beedrill|204\/271|[from] Stealth Rock
|turn|29
|
|detailschange|p2a: Beedrill|Beedrill-Mega, F
|-mega|p2a: Beedrill|Beedrill|Beedrillite
|move|p1a: Absol|Sucker Punch|p2a: Beedrill
|-damage|p2a: Beedrill|0 fnt
|faint|p2a: Beedrill
|
|c|âSocratesMLG|What's Rotom's item?
|c|âpersonafan|spec
|
|switch|p2a: Rotom-Heat|Rotom-Heat|202\/303
|-damage|p2a: Rotom-Heat|127\/303|[from] Stealth Rock
|turn|30
|c|âSocratesMLG|gg
|
|move|p1a: Absol|Sucker Punch|p2a: Rotom-Heat
|-damage|p2a: Rotom-Heat|0 fnt
|faint|p2a: Rotom-Heat
|
|win|SocratesMLG
|raw|Ladder updating...
|raw|SocratesMLG's rating: 1439 &rarr; <strong>1451<\/strong><br \/>(+12 for winning)
|raw|personafan's rating: 1291 &rarr; <strong>1276<\/strong><br \/>(-15 for losing)