|join|o0afc0o
|join|SocratesMLG
|player|p1|o0afc0o|290
|player|p2|SocratesMLG|291
|gametype|singles
|gen|6
|tier|UU
|rule|Sleep Clause Mod: Limit one foe put to sleep
|rule|Species Clause: Limit one of each PokÃ©mon
|rule|OHKO Clause: OHKO moves are banned
|rule|Moody Clause: Moody is banned
|rule|Evasion Moves Clause: Evasion moves are banned
|rule|Endless Battle Clause: Forcing endless battles is banned
|rule|HP Percentage Mod: HP is shown in percentages
|clearpoke
|poke|p1|Rattata, L25, F
|poke|p1|Doduo, L25, M
|poke|p1|Taillow, L25, F
|poke|p1|Starly, L25, F
|poke|p1|Archen, L25, M
|poke|p1|Treecko, L25, M
|poke|p2|Celebi
|poke|p2|Arcanine, F
|poke|p2|Starmie
|poke|p2|Beedrill, F
|poke|p2|Mienshao, F
|poke|p2|Swampert, M
|rule|Swagger Clause: Swagger is banned
|rule|Baton Pass Clause: Limit one PokÃ©mon knowing Baton Pass
|teampreview
|
|start
|switch|p1a: Rattata|Rattata, L25, F|63\/63
|switch|p2a: Swampert|Swampert, M|401\/401
|turn|1
|
|move|p2a: Swampert|Stealth Rock|p1a: Rattata
|-sidestart|p1: o0afc0o|move: Stealth Rock
|move|p1a: Rattata|Endeavor|p2a: Swampert
|-damage|p2a: Swampert|63\/401
|
|-heal|p2a: Swampert|88\/401|[from] item: Leftovers
|turn|2
|c|âSocratesMLG|gl hf
|
|move|p2a: Swampert|Scald|p1a: Rattata
|-enditem|p1a: Rattata|Focus Sash
|-damage|p1a: Rattata|1\/63
|-status|p1a: Rattata|brn
|move|p1a: Rattata|Endeavor|p2a: Swampert
|-damage|p2a: Swampert|1\/401
|
|-heal|p2a: Swampert|26\/401|[from] item: Leftovers
|-damage|p1a: Rattata|0 fnt|[from] brn
|faint|p1a: Rattata
|
|switch|p1a: Treecko|Treecko, L25, M|68\/68
|-damage|p1a: Treecko|60\/68|[from] Stealth Rock
|turn|3
|
|move|p2a: Swampert|Ice Beam|p1a: Treecko
|-supereffective|p1a: Treecko
|-damage|p1a: Treecko|0 fnt
|faint|p1a: Treecko
|
|-heal|p2a: Swampert|51\/401|[from] item: Leftovers
|
|switch|p1a: Taillow|Taillow, L25, F|68\/68
|-damage|p1a: Taillow|51\/68|[from] Stealth Rock
|turn|4
|
|move|p1a: Taillow|Quick Attack|p2a: Swampert
|-damage|p2a: Swampert|48\/401
|move|p2a: Swampert|Ice Beam|p1a: Taillow
|-supereffective|p1a: Taillow
|-damage|p1a: Taillow|0 fnt
|faint|p1a: Taillow
|
|-heal|p2a: Swampert|73\/401|[from] item: Leftovers
|
|switch|p1a: Starly|Starly, L25, F|68\/68
|-damage|p1a: Starly|51\/68|[from] Stealth Rock
|turn|5
|
|move|p1a: Starly|Quick Attack|p2a: Swampert
|-damage|p2a: Swampert|70\/401
|move|p2a: Swampert|Scald|p1a: Starly
|-crit|p1a: Starly
|-damage|p1a: Starly|0 fnt
|faint|p1a: Starly
|
|-heal|p2a: Swampert|95\/401|[from] item: Leftovers
|c|âSocratesMLG|Why are you doing this?
|
|switch|p1a: Doduo|Doduo, L25, M|65\/65
|-damage|p1a: Doduo|49\/65|[from] Stealth Rock
|turn|6
|
|move|p1a: Doduo|Quick Attack|p2a: Swampert
|-damage|p2a: Swampert|92\/401
|move|p2a: Swampert|Scald|p1a: Doduo
|-damage|p1a: Doduo|0 fnt
|faint|p1a: Doduo
|
|-heal|p2a: Swampert|117\/401|[from] item: Leftovers
|
|switch|p1a: Archen|Archen, L25, M|75\/75
|-damage|p1a: Archen|57\/75|[from] Stealth Rock
|turn|7
|
|move|p2a: Swampert|Scald|p1a: Archen
|-supereffective|p1a: Archen
|-damage|p1a: Archen|0 fnt
|faint|p1a: Archen
|
|win|SocratesMLG
|leave|o0afc0o
|player|p1