|join|SocratesMLG
|join|SunnyORAS
|player|p1|SocratesMLG|291
|player|p2|SunnyORAS|290
|gametype|singles
|gen|6
|tier|UU
|rated
|rule|Sleep Clause Mod: Limit one foe put to sleep
|rule|Species Clause: Limit one of each PokÃ©mon
|rule|OHKO Clause: OHKO moves are banned
|rule|Moody Clause: Moody is banned
|rule|Evasion Moves Clause: Evasion moves are banned
|rule|Endless Battle Clause: Forcing endless battles is banned
|rule|HP Percentage Mod: HP is shown in percentages
|clearpoke
|poke|p1|Krookodile, F
|poke|p1|Jirachi
|poke|p1|Nidoqueen, F
|poke|p1|Machamp, M
|poke|p1|Blastoise, M
|poke|p1|Yanmega, M
|poke|p2|Noivern, M
|poke|p2|Dugtrio, F
|poke|p2|Machamp, F
|poke|p2|Jirachi
|poke|p2|Vaporeon, F
|poke|p2|Infernape, F
|rule|Swagger Clause: Swagger is banned
|rule|Baton Pass Clause: Limit one PokÃ©mon knowing Baton Pass
|teampreview
|join|gargleflop
|
|start
|switch|p1a: Jirachi|Jirachi|341\/341
|switch|p2a: Infernape|Infernape, F|293\/293
|turn|1
|
|move|p1a: Jirachi|U-turn|p2a: Infernape
|-resisted|p2a: Infernape
|-damage|p2a: Infernape|270\/293
|
|switch|p1a: Blastoise|Blastoise, M|357\/357
|move|p2a: Infernape|Stealth Rock|p1a: Blastoise
|-sidestart|p1: SocratesMLG|move: Stealth Rock
|
|turn|2
|
|detailschange|p1a: Blastoise|Blastoise-Mega, M
|-mega|p1a: Blastoise|Blastoise|Blastoisinite
|move|p2a: Infernape|Grass Knot|p1a: Blastoise
|-supereffective|p1a: Blastoise
|-damage|p1a: Blastoise|175\/357
|move|p1a: Blastoise|Rapid Spin|p2a: Infernape
|-damage|p2a: Infernape|250\/293
|-sideend|p1: SocratesMLG|Stealth Rock|[from] move: Rapid Spin|[of] p1a: Blastoise
|
|turn|3
|
|switch|p1a: Machamp|Machamp, M|383\/383
|move|p2a: Infernape|Grass Knot|p1a: Machamp
|-damage|p1a: Machamp|303\/383
|
|turn|4
|
|move|p2a: Infernape|Stealth Rock|p1a: Machamp
|-sidestart|p1: SocratesMLG|move: Stealth Rock
|move|p1a: Machamp|Close Combat|p2a: Infernape
|-damage|p2a: Infernape|0 fnt
|-unboost|p1a: Machamp|def|1
|-unboost|p1a: Machamp|spd|1
|faint|p2a: Infernape
|
|
|switch|p2a: Machamp|Machamp, F|321\/321
|turn|5
|
|switch|p1a: Nidoqueen|Nidoqueen, F|345\/345
|-damage|p1a: Nidoqueen|324\/345|[from] Stealth Rock
|move|p2a: Machamp|Dynamic Punch|p1a: Nidoqueen
|-resisted|p1a: Nidoqueen
|-damage|p1a: Nidoqueen|166\/345
|-start|p1a: Nidoqueen|confusion
|
|turn|6
|
|-activate|p1a: Nidoqueen|confusion
|move|p1a: Nidoqueen|Stealth Rock|p2a: Machamp
|-sidestart|p2: SunnyORAS|move: Stealth Rock
|move|p2a: Machamp|Dynamic Punch|p1a: Nidoqueen
|-resisted|p1a: Nidoqueen
|-damage|p1a: Nidoqueen|13\/345
|
|turn|7
|
|-activate|p1a: Nidoqueen|confusion
|move|p1a: Nidoqueen|Sludge Wave|p2a: Machamp
|-damage|p2a: Machamp|87\/321
|move|p2a: Machamp|Dynamic Punch|p1a: Nidoqueen
|-resisted|p1a: Nidoqueen
|-damage|p1a: Nidoqueen|0 fnt
|faint|p1a: Nidoqueen
|
|c| gargleflop|well that was silly
|c|âSunnyORAS|:x
|
|switch|p1a: Blastoise|Blastoise-Mega, M|175\/357
|-damage|p1a: Blastoise|131\/357|[from] Stealth Rock
|turn|8
|c|âSunnyORAS|ded stoise
|c|âSunnyORAS|cuz I run fast champ :]
|
|move|p2a: Machamp|Dynamic Punch|p1a: Blastoise
|-damage|p1a: Blastoise|0 fnt
|faint|p1a: Blastoise
|
|c| gargleflop|i told him that would happen
|
|switch|p1a: Jirachi|Jirachi|341\/341
|-damage|p1a: Jirachi|320\/341|[from] Stealth Rock
|turn|9
|c|âSunnyORAS|sack time
|
|move|p1a: Jirachi|Iron Head|p2a: Machamp
|-damage|p2a: Machamp|0 fnt
|faint|p2a: Machamp
|
|
|switch|p2a: Vaporeon|Vaporeon, F|464\/464
|-damage|p2a: Vaporeon|406\/464|[from] Stealth Rock
|turn|10
|
|switch|p1a: Machamp|Machamp, M|303\/383
|-damage|p1a: Machamp|280\/383|[from] Stealth Rock
|move|p2a: Vaporeon|Baton Pass|p2a: Vaporeon
|c|âSunnyORAS|buh bye machamp
|
|switch|p2a: Dugtrio|Dugtrio, F|211\/211
|-damage|p2a: Dugtrio|198\/211|[from] Stealth Rock
|
|turn|11
|c|âSocratesMLG|u sure?
|
|move|p2a: Dugtrio|Earthquake|p1a: Machamp
|-damage|p1a: Machamp|28\/383
|move|p1a: Machamp|Close Combat|p2a: Dugtrio
|-damage|p2a: Dugtrio|0 fnt
|-unboost|p1a: Machamp|def|1
|-unboost|p1a: Machamp|spd|1
|faint|p2a: Dugtrio
|
|c| gargleflop|what a pleb
|c|âSunnyORAS|x_x
|c|âSunnyORAS|defense evs confirmed
|
|switch|p2a: Jirachi|Jirachi|341\/341
|-damage|p2a: Jirachi|320\/341|[from] Stealth Rock
|turn|12
|c|âSunnyORAS|or HP?
|c|âSocratesMLG|Max HP
|c|âSocratesMLG|well
|c|âSocratesMLG|248 HP
|c|âSunnyORAS|ahhh thought so
|c|âSunnyORAS|becuase regular AVest Machamp
|
|move|p2a: Jirachi|U-turn|p1a: Machamp
|-resisted|p1a: Machamp
|-damage|p1a: Machamp|0 fnt
|faint|p1a: Machamp
|c|âSunnyORAS|dies at that range
|
|switch|p2a: Vaporeon|Vaporeon, F|406\/464
|-damage|p2a: Vaporeon|348\/464|[from] Stealth Rock
|
|-heal|p2a: Vaporeon|377\/464|[from] item: Leftovers
|
|switch|p1a: Jirachi|Jirachi|320\/341
|-damage|p1a: Jirachi|299\/341|[from] Stealth Rock
|turn|13
|c|âSocratesMLG|you did get the highest roll
|c|âSunnyORAS|no I mean
|c|âSunnyORAS|the regular EV spread dies
|c|âSunnyORAS|eh it doesn't matter now I guess
|
|move|p1a: Jirachi|Trick|p2a: Vaporeon
|-activate|p1a: Jirachi|move: Trick|[of] p2a: Vaporeon
|-item|p2a: Vaporeon|Choice Scarf|[from] move: Trick
|-item|p1a: Jirachi|Leftovers|[from] move: Trick
|move|p2a: Vaporeon|Scald|p1a: Jirachi
|-damage|p1a: Jirachi|197\/341
|-status|p1a: Jirachi|brn
|
|-heal|p1a: Jirachi|218\/341 brn|[from] item: Leftovers
|-damage|p1a: Jirachi|176\/341 brn|[from] brn
|turn|14
|
|move|p1a: Jirachi|Iron Head|p2a: Vaporeon
|-resisted|p2a: Vaporeon
|-damage|p2a: Vaporeon|342\/464
|cant|p2a: Vaporeon|flinch
|
|-heal|p1a: Jirachi|197\/341 brn|[from] item: Leftovers
|-damage|p1a: Jirachi|155\/341 brn|[from] brn
|turn|15
|
|move|p1a: Jirachi|Iron Head|p2a: Vaporeon
|-resisted|p2a: Vaporeon
|-damage|p2a: Vaporeon|306\/464
|cant|p2a: Vaporeon|flinch
|
|-heal|p1a: Jirachi|176\/341 brn|[from] item: Leftovers
|-damage|p1a: Jirachi|134\/341 brn|[from] brn
|turn|16
|
|move|p1a: Jirachi|Iron Head|p2a: Vaporeon
|-resisted|p2a: Vaporeon
|-damage|p2a: Vaporeon|273\/464
|cant|p2a: Vaporeon|flinch
|
|-heal|p1a: Jirachi|155\/341 brn|[from] item: Leftovers
|-damage|p1a: Jirachi|113\/341 brn|[from] brn
|turn|17
|c|âSunnyORAS|oh lordy
|
|move|p1a: Jirachi|Iron Head|p2a: Vaporeon
|-resisted|p2a: Vaporeon
|-damage|p2a: Vaporeon|240\/464
|cant|p2a: Vaporeon|flinch
|
|-heal|p1a: Jirachi|134\/341 brn|[from] item: Leftovers
|-damage|p1a: Jirachi|92\/341 brn|[from] brn
|turn|18
|
|move|p1a: Jirachi|Iron Head|p2a: Vaporeon
|-resisted|p2a: Vaporeon
|-damage|p2a: Vaporeon|204\/464
|move|p2a: Vaporeon|Scald|p1a: Jirachi
|-damage|p1a: Jirachi|0 fnt
|faint|p1a: Jirachi
|
|c|âSunnyORAS|nice n in range now....
|
|switch|p1a: Krookodile|Krookodile, F|332\/332
|-damage|p1a: Krookodile|312\/332|[from] Stealth Rock
|-ability|p1a: Krookodile|Intimidate|[of] p2a: Vaporeon
|-unboost|p2a: Vaporeon|atk|1
|turn|19
|
|move|p1a: Krookodile|Knock Off|p2a: Vaporeon
|-damage|p2a: Vaporeon|0 fnt
|-enditem|p2a: Vaporeon|Choice Scarf|[from] move: Knock Off|[of] p1a: Krookodile
|faint|p2a: Vaporeon
|
|
|switch|p2a: Jirachi|Jirachi|320\/341
|-damage|p2a: Jirachi|299\/341|[from] Stealth Rock
|turn|20
|
|move|p2a: Jirachi|U-turn|p1a: Krookodile
|-supereffective|p1a: Krookodile
|-damage|p1a: Krookodile|152\/332
|
|switch|p2a: Noivern|Noivern, M|311\/311
|-damage|p2a: Noivern|234\/311|[from] Stealth Rock
|move|p1a: Krookodile|Knock Off|p2a: Noivern
|-crit|p2a: Noivern
|-damage|p2a: Noivern|0 fnt
|-enditem|p2a: Noivern|Life Orb|[from] move: Knock Off|[of] p1a: Krookodile
|faint|p2a: Noivern
|
|c|âSunnyORAS|ok here we go
|c|âSunnyORAS|high roll and I win
|
|switch|p2a: Jirachi|Jirachi|299\/341
|-damage|p2a: Jirachi|278\/341|[from] Stealth Rock
|turn|21
|
|move|p2a: Jirachi|Iron Head|p1a: Krookodile
|-damage|p1a: Krookodile|11\/332
|cant|p1a: Krookodile|flinch
|
|turn|22
|c|âSunnyORAS|phew
|
|move|p2a: Jirachi|Iron Head|p1a: Krookodile
|-damage|p1a: Krookodile|0 fnt
|faint|p1a: Krookodile
|
|c|âSunnyORAS|ok now for yanmega
|c|âSunnyORAS|LO+SR
|c|âSunnyORAS|puts it in range
|
|switch|p1a: Yanmega|Yanmega, M|313\/313
|-damage|p1a: Yanmega|157\/313|[from] Stealth Rock
|turn|23
|c|âSunnyORAS|you win if I get the lowest possible roll
|
|move|p1a: Yanmega|Protect|p1a: Yanmega
|-singleturn|p1a: Yanmega|Protect
|move|p2a: Jirachi|Iron Head|p1a: Yanmega
|-activate|p1a: Yanmega|Protect
|
|-boost|p1a: Yanmega|spe|1|[from] ability: Speed Boost
|turn|24
|
|move|p2a: Jirachi|Iron Head|p1a: Yanmega
|-damage|p1a: Yanmega|25\/313
|cant|p1a: Yanmega|flinch
|
|-boost|p1a: Yanmega|spe|1|[from] ability: Speed Boost
|turn|25
|c|âSunnyORAS|nb nb
|c|âSocratesMLG|gg
|c|âSunnyORAS|now you need a crit
|c|âSunnyORAS|gg
|
|move|p1a: Yanmega|Bug Buzz|p2a: Jirachi
|-damage|p2a: Jirachi|64\/341
|-damage|p1a: Yanmega|0 fnt|[from] item: Life Orb
|faint|p1a: Yanmega
|
|win|SunnyORAS
|raw|Ladder updating...
|c|âSunnyORAS|nice game
|raw|SocratesMLG's rating: 1663 &rarr; <strong>1636<\/strong><br \/>(-27 for losing)
|raw|SunnyORAS's rating: 1524 &rarr; <strong>1551<\/strong><br \/>(+27 for winning)