|join|xFalchion
|join|Meruu
|player|p1|xFalchion|153
|player|p2|Meruu|174
|gametype|singles
|gen|6
|tier|UU
|rated
|rule|Sleep Clause Mod: Limit one foe put to sleep
|rule|Species Clause: Limit one of each PokÃ©mon
|rule|OHKO Clause: OHKO moves are banned
|rule|Moody Clause: Moody is banned
|rule|Evasion Moves Clause: Evasion moves are banned
|rule|Endless Battle Clause: Forcing endless battles is banned
|rule|HP Percentage Mod: HP is shown in percentages
|clearpoke
|poke|p1|Lopunny, F
|poke|p1|Hydreigon, F
|poke|p1|Jirachi, shiny
|poke|p1|Tentacruel, M
|poke|p1|Gligar, M
|poke|p1|Umbreon, M
|poke|p2|Lucario, M
|poke|p2|Zygarde
|poke|p2|Mienshao, F
|poke|p2|Azelf
|poke|p2|Celebi
|poke|p2|Raikou
|rule|Swagger Clause: Swagger is banned
|rule|Baton Pass Clause: Limit one PokÃ©mon knowing Baton Pass
|teampreview
|c|âMeruu|xmarth's
|c|âMeruu|team
|c|âMeruu|lol
|c|âxFalchion|o
|c|âxFalchion|yea an old one huh
|c|âMeruu|not that old
|c|âMeruu|o.o
|c|âxFalchion|pre bans i think
|
|start
|switch|p1a: Gligar|Gligar, M|334\/334
|switch|p2a: Azelf|Azelf|291\/291
|turn|1
|c|âxFalchion|feels like a while
|
|move|p2a: Azelf|Stealth Rock|p1a: Gligar
|-sidestart|p1: xFalchion|move: Stealth Rock
|move|p1a: Gligar|U-turn|p2a: Azelf
|-supereffective|p2a: Azelf
|-damage|p2a: Azelf|185\/291
|
|switch|p1a: Hydreigon|Hydreigon, F|325\/325
|-damage|p1a: Hydreigon|285\/325|[from] Stealth Rock
|
|turn|2
|
|move|p1a: Hydreigon|Dark Pulse|p2a: Azelf
|-supereffective|p2a: Azelf
|-damage|p2a: Azelf|0 fnt
|faint|p2a: Azelf
|
|
|switch|p2a: Mienshao|Mienshao, F|271\/271
|turn|3
|
|switch|p1a: Tentacruel|Tentacruel, M|364\/364
|-damage|p1a: Tentacruel|319\/364|[from] Stealth Rock
|move|p2a: Mienshao|U-turn|p1a: Tentacruel
|-resisted|p1a: Tentacruel
|-damage|p1a: Tentacruel|279\/364
|
|switch|p2a: Raikou|Raikou|321\/321
|-ability|p2a: Raikou|Pressure
|
|-heal|p1a: Tentacruel|301\/364|[from] item: Black Sludge
|turn|4
|join|4trackboy
|
|switch|p1a: Hydreigon|Hydreigon, F|285\/325
|-damage|p1a: Hydreigon|245\/325|[from] Stealth Rock
|move|p2a: Raikou|Thunderbolt|p1a: Hydreigon
|-resisted|p1a: Hydreigon
|-damage|p1a: Hydreigon|136\/325
|-damage|p2a: Raikou|289\/321|[from] item: Life Orb
|
|turn|5
|c| 4trackboy|meru is that a new good team or is it not as good as the other one oo
|
|switch|p2a: Celebi|Celebi|343\/343
|move|p1a: Hydreigon|U-turn|p2a: Celebi
|-supereffective|p2a: Celebi
|-damage|p2a: Celebi|127\/343
|-enditem|p2a: Celebi|Weakness Policy
|-boost|p2a: Celebi|atk|2|[from] item: Weakness Policy
|-boost|p2a: Celebi|spa|2|[from] item: Weakness Policy
|
|switch|p1a: Lopunny|Lopunny, F|271\/271
|-damage|p1a: Lopunny|238\/271|[from] Stealth Rock
|
|turn|6
|c|âMeruu|its o_k
|
|detailschange|p1a: Lopunny|Lopunny-Mega, F
|message|Lopunny has Mega Evolved into Mega Lopunny!
|move|p2a: Celebi|Sucker Punch|p1a: Lopunny
|-resisted|p1a: Lopunny
|-damage|p1a: Lopunny|153\/271
|move|p1a: Lopunny|Frustration|p2a: Celebi
|-damage|p2a: Celebi|0 fnt
|faint|p2a: Celebi
|
|c| 4trackboy|idk meta but is it worth trying sub petaya emp out
|c| 4trackboy|or n
|c|âMeruu|fking
|c|âxFalchion|always worth trying
|c|âMeruu|lop just shits on offense
|c|âMeruu|lol
|
|switch|p2a: Zygarde|Zygarde|357\/357
|-ability|p2a: Zygarde|Aura Break
|turn|7
|c|âxFalchion|yea when are we voting?
|c| 4trackboy|idk its annoying to build hazard stack isnt good at all
|
|move|p1a: Lopunny|Substitute|p1a: Lopunny
|-start|p1a: Lopunny|Substitute
|-damage|p1a: Lopunny|86\/271
|move|p2a: Zygarde|Earthquake|p1a: Lopunny
|-end|p1a: Lopunny|Substitute
|-damage|p2a: Zygarde|322\/357|[from] item: Life Orb
|
|turn|8
|c| 4trackboy|or atleast defog everywhere hng
|
|switch|p1a: Umbreon|Umbreon, M|394\/394
|-damage|p1a: Umbreon|345\/394|[from] Stealth Rock
|move|p2a: Zygarde|Extreme Speed|p1a: Umbreon
|-damage|p1a: Umbreon|244\/394
|-damage|p2a: Zygarde|287\/357|[from] item: Life Orb
|
|-heal|p1a: Umbreon|268\/394|[from] item: Leftovers
|turn|9
|
|move|p2a: Zygarde|Earthquake|p1a: Umbreon
|-damage|p1a: Umbreon|99\/394
|-damage|p2a: Zygarde|252\/357|[from] item: Life Orb
|move|p1a: Umbreon|Foul Play|p2a: Zygarde
|-damage|p2a: Zygarde|123\/357
|
|-heal|p1a: Umbreon|123\/394|[from] item: Leftovers
|turn|10
|
|move|p2a: Zygarde|Earthquake|p1a: Umbreon
|-damage|p1a: Umbreon|0 fnt
|-damage|p2a: Zygarde|88\/357|[from] item: Life Orb
|faint|p1a: Umbreon
|
|
|switch|p1a: Jirachi|Jirachi, shiny|341\/341
|-damage|p1a: Jirachi|320\/341|[from] Stealth Rock
|turn|11
|
|switch|p2a: Lucario|Lucario, M|281\/281
|move|p1a: Jirachi|Moonblast|p2a: Lucario
|-damage|p2a: Lucario|164\/281
|-unboost|p2a: Lucario|spa|1
|
|-heal|p1a: Jirachi|341\/341|[from] item: Leftovers
|turn|12
|
|switch|p2a: Raikou|Raikou|289\/321
|-ability|p2a: Raikou|Pressure
|move|p1a: Jirachi|Substitute|p1a: Jirachi
|-start|p1a: Jirachi|Substitute
|-damage|p1a: Jirachi|256\/341
|
|-heal|p1a: Jirachi|277\/341|[from] item: Leftovers
|turn|13
|
|move|p2a: Raikou|Thunderbolt|p1a: Jirachi
|-end|p1a: Jirachi|Substitute
|-damage|p2a: Raikou|257\/321|[from] item: Life Orb
|move|p1a: Jirachi|Moonblast|p2a: Raikou
|-damage|p2a: Raikou|163\/321
|
|-heal|p1a: Jirachi|298\/341|[from] item: Leftovers
|turn|14
|
|switch|p1a: Gligar|Gligar, M|334\/334
|-damage|p1a: Gligar|293\/334|[from] Stealth Rock
|move|p2a: Raikou|Thunderbolt|p1a: Gligar
|-immune|p1a: Gligar|[msg]
|
|turn|15
|
|move|p2a: Raikou|Hidden Power|p1a: Gligar
|-supereffective|p1a: Gligar
|-damage|p1a: Gligar|0 fnt
|-damage|p2a: Raikou|131\/321|[from] item: Life Orb
|faint|p1a: Gligar
|
|c|âMeruu|o.o
|
|switch|p1a: Lopunny|Lopunny-Mega, F|86\/271
|-damage|p1a: Lopunny|70\/271|[from] Stealth Rock
|turn|16
|
|switch|p2a: Zygarde|Zygarde|88\/357
|-ability|p2a: Zygarde|Aura Break
|move|p1a: Lopunny|Frustration|p2a: Zygarde
|-damage|p2a: Zygarde|0 fnt
|faint|p2a: Zygarde
|
|
|switch|p2a: Mienshao|Mienshao, F|271\/271
|turn|17
|
|move|p2a: Mienshao|High Jump Kick|p1a: Lopunny
|-crit|p1a: Lopunny
|-supereffective|p1a: Lopunny
|-damage|p1a: Lopunny|0 fnt
|faint|p1a: Lopunny
|
|
|switch|p1a: Tentacruel|Tentacruel, M|301\/364
|-damage|p1a: Tentacruel|256\/364|[from] Stealth Rock
|turn|18
|
|move|p2a: Mienshao|High Jump Kick|p1a: Tentacruel
|-resisted|p1a: Tentacruel
|-damage|p1a: Tentacruel|116\/364
|move|p1a: Tentacruel|Scald|p2a: Mienshao
|-damage|p2a: Mienshao|147\/271
|
|-heal|p1a: Tentacruel|138\/364|[from] item: Black Sludge
|turn|19
|
|move|p2a: Mienshao|High Jump Kick|p1a: Tentacruel
|-resisted|p1a: Tentacruel
|-damage|p1a: Tentacruel|0 fnt
|faint|p1a: Tentacruel
|
|
|switch|p1a: Jirachi|Jirachi, shiny|298\/341
|-damage|p1a: Jirachi|277\/341|[from] Stealth Rock
|turn|20
|c|âMeruu|hehe
|
|move|p2a: Mienshao|High Jump Kick|p1a: Jirachi
|-damage|p1a: Jirachi|27\/341
|move|p1a: Jirachi|Psyshock|p2a: Mienshao
|-supereffective|p2a: Mienshao
|-damage|p2a: Mienshao|0 fnt
|faint|p2a: Mienshao
|
|-heal|p1a: Jirachi|48\/341|[from] item: Leftovers
|
|switch|p2a: Raikou|Raikou|131\/321
|-ability|p2a: Raikou|Pressure
|turn|21
|
|move|p2a: Raikou|Thunderbolt|p1a: Jirachi
|-damage|p1a: Jirachi|0 fnt
|-damage|p2a: Raikou|99\/321|[from] item: Life Orb
|faint|p1a: Jirachi
|
|
|switch|p1a: Hydreigon|Hydreigon, F|136\/325
|-damage|p1a: Hydreigon|96\/325|[from] Stealth Rock
|turn|22
|
|move|p1a: Hydreigon|Fire Blast|p2a: Raikou
|-damage|p2a: Raikou|0 fnt
|faint|p2a: Raikou
|
|
|switch|p2a: Lucario|Lucario, M|164\/281
|turn|23
|
|move|p2a: Lucario|Extreme Speed|p1a: Hydreigon
|-crit|p1a: Hydreigon
|-damage|p1a: Hydreigon|0 fnt
|-damage|p2a: Lucario|136\/281|[from] item: Life Orb
|faint|p1a: Hydreigon
|
|win|Meruu
|raw|Ladder updating...
|raw|xFalchion's rating: 1549 &rarr; <strong>1529<\/strong><br \/>(-20 for losing)
|raw|Meruu's rating: 1549 &rarr; <strong>1569<\/strong><br \/>(+20 for winning)
|c|âxFalchion|gg
|c|âMeruu|how much does that do without crit
|c|âMeruu|lol
|c|âxFalchion|well +2 does at least 76%
|c|âxFalchion|so enough
|c|âMeruu|o ya
|c|âMeruu|252 Atk Life Orb Lucario Extreme Speed vs. 0 HP \/ 0 Def Hydreigon: 110-131 (33.8 - 40.3%) -- guaranteed 3HKO
|c|âxFalchion|ez lol
|leave|xFalchion
|player|p1