|join|xFalchion
|join|gopackgo
|player|p1|xFalchion|153
|player|p2|gopackgo|289
|gametype|singles
|gen|6
|tier|UU
|rated
|rule|Sleep Clause Mod: Limit one foe put to sleep
|rule|Species Clause: Limit one of each PokÃ©mon
|rule|OHKO Clause: OHKO moves are banned
|rule|Moody Clause: Moody is banned
|rule|Evasion Moves Clause: Evasion moves are banned
|rule|Endless Battle Clause: Forcing endless battles is banned
|rule|HP Percentage Mod: HP is shown in percentages
|clearpoke
|poke|p1|Absol, M
|poke|p1|Crobat, F
|poke|p1|Jirachi
|poke|p1|Swampert, M
|poke|p1|Florges, F
|poke|p1|Mienshao, F
|poke|p2|Suicune, shiny
|poke|p2|Drifblim, M
|poke|p2|Cresselia, F
|poke|p2|Jirachi
|poke|p2|Kyurem
|poke|p2|Machamp, F
|rule|Swagger Clause: Swagger is banned
|rule|Baton Pass Clause: Limit one PokÃ©mon knowing Baton Pass
|teampreview
|
|start
|switch|p1a: Swampert|Swampert, M|404\/404
|switch|p2a: Cresselia|Cresselia, F|444\/444
|turn|1
|
|move|p2a: Cresselia|Magic Coat|p2a: Cresselia
|-singleturn|p2a: Cresselia|move: Magic Coat
|move|p1a: Swampert|Stealth Rock|p2a: Cresselia
|move|p2a: Cresselia|Stealth Rock|p1a: Swampert|[from]Magic Coat
|-sidestart|p1: xFalchion|move: Stealth Rock
|
|turn|2
|
|switch|p2a: Machamp|Machamp, F|382\/382
|move|p1a: Swampert|Stealth Rock|p2a: Machamp
|-sidestart|p2: gopackgo|move: Stealth Rock
|
|turn|3
|
|move|p1a: Swampert|Earthquake|p2a: Machamp
|-damage|p2a: Machamp|240\/382
|move|p2a: Machamp|Dynamic Punch|p1a: Swampert
|-crit|p1a: Swampert
|-damage|p1a: Swampert|193\/404
|-start|p1a: Swampert|confusion
|
|-heal|p1a: Swampert|218\/404|[from] item: Leftovers
|turn|4
|
|-activate|p1a: Swampert|confusion
|-damage|p1a: Swampert|191\/404|[from] confusion
|move|p2a: Machamp|Stone Edge|p1a: Swampert
|-crit|p1a: Swampert
|-resisted|p1a: Swampert
|-damage|p1a: Swampert|119\/404
|
|-heal|p1a: Swampert|144\/404|[from] item: Leftovers
|turn|5
|
|-activate|p1a: Swampert|confusion
|move|p1a: Swampert|Earthquake|p2a: Machamp
|-damage|p2a: Machamp|74\/382
|move|p2a: Machamp|Dynamic Punch|p1a: Swampert
|-damage|p1a: Swampert|0 fnt
|faint|p1a: Swampert
|
|
|switch|p1a: Jirachi|Jirachi|404\/404
|-damage|p1a: Jirachi|379\/404|[from] Stealth Rock
|turn|6
|
|move|p1a: Jirachi|Iron Head|p2a: Machamp
|-damage|p2a: Machamp|0 fnt
|faint|p2a: Machamp
|
|-heal|p1a: Jirachi|404\/404|[from] item: Leftovers
|
|switch|p2a: Cresselia|Cresselia, F|444\/444
|-damage|p2a: Cresselia|389\/444|[from] Stealth Rock
|turn|7
|
|move|p1a: Jirachi|Substitute|p1a: Jirachi
|-start|p1a: Jirachi|Substitute
|-damage|p1a: Jirachi|303\/404
|move|p2a: Cresselia|Thunder Wave|p1a: Jirachi
|
|-heal|p1a: Jirachi|328\/404|[from] item: Leftovers
|turn|8
|
|move|p1a: Jirachi|Toxic|p2a: Cresselia
|-status|p2a: Cresselia|tox
|move|p2a: Cresselia|Reflect|p2a: Cresselia
|-sidestart|p2: gopackgo|Reflect
|
|-heal|p1a: Jirachi|353\/404|[from] item: Leftovers
|-damage|p2a: Cresselia|362\/444 tox|[from] psn
|turn|9
|
|switch|p2a: Jirachi|Jirachi|385\/385
|-damage|p2a: Jirachi|361\/385|[from] Stealth Rock
|move|p1a: Jirachi|Fire Punch|p2a: Jirachi
|-supereffective|p2a: Jirachi
|-damage|p2a: Jirachi|302\/385
|
|-heal|p1a: Jirachi|378\/404|[from] item: Leftovers
|turn|10
|
|move|p1a: Jirachi|Fire Punch|p2a: Jirachi
|-supereffective|p2a: Jirachi
|-damage|p2a: Jirachi|239\/385
|move|p2a: Jirachi|Ancient Power|p1a: Jirachi
|-resisted|p1a: Jirachi
|-activate|p1a: Jirachi|Substitute|[damage]
|
|-heal|p1a: Jirachi|403\/404|[from] item: Leftovers
|turn|11
|
|move|p1a: Jirachi|Fire Punch|p2a: Jirachi
|-supereffective|p2a: Jirachi
|-damage|p2a: Jirachi|180\/385
|move|p2a: Jirachi|Ancient Power|p1a: Jirachi
|-resisted|p1a: Jirachi
|-activate|p1a: Jirachi|Substitute|[damage]
|
|-heal|p1a: Jirachi|404\/404|[from] item: Leftovers
|turn|12
|
|move|p1a: Jirachi|Fire Punch|p2a: Jirachi
|-supereffective|p2a: Jirachi
|-damage|p2a: Jirachi|116\/385
|move|p2a: Jirachi|Ancient Power|p1a: Jirachi
|-resisted|p1a: Jirachi
|-activate|p1a: Jirachi|Substitute|[damage]
|
|turn|13
|
|move|p1a: Jirachi|Fire Punch|p2a: Jirachi
|-supereffective|p2a: Jirachi
|-damage|p2a: Jirachi|53\/385
|move|p2a: Jirachi|Rest|p2a: Jirachi
|-status|p2a: Jirachi|slp
|-heal|p2a: Jirachi|385\/385 slp|[silent]
|-status|p2a: Jirachi|slp|[from] move: Rest
|-enditem|p2a: Jirachi|Chesto Berry|[eat]
|-curestatus|p2a: Jirachi|slp
|
|turn|14
|
|move|p1a: Jirachi|Fire Punch|p2a: Jirachi
|-supereffective|p2a: Jirachi
|-damage|p2a: Jirachi|322\/385
|move|p2a: Jirachi|Ancient Power|p1a: Jirachi
|-resisted|p1a: Jirachi
|-activate|p1a: Jirachi|Substitute|[damage]
|
|turn|15
|
|move|p1a: Jirachi|Fire Punch|p2a: Jirachi
|-supereffective|p2a: Jirachi
|-damage|p2a: Jirachi|263\/385
|move|p2a: Jirachi|Ancient Power|p1a: Jirachi
|-resisted|p1a: Jirachi
|-end|p1a: Jirachi|Substitute
|
|-sideend|p2: gopackgo|Reflect
|turn|16
|
|move|p1a: Jirachi|Fire Punch|p2a: Jirachi
|-supereffective|p2a: Jirachi
|-damage|p2a: Jirachi|137\/385
|-status|p2a: Jirachi|brn
|move|p2a: Jirachi|Ancient Power|p1a: Jirachi
|-resisted|p1a: Jirachi
|-damage|p1a: Jirachi|382\/404
|
|-heal|p1a: Jirachi|404\/404|[from] item: Leftovers
|-damage|p2a: Jirachi|89\/385 brn|[from] brn
|turn|17
|
|move|p1a: Jirachi|Substitute|p1a: Jirachi
|-start|p1a: Jirachi|Substitute
|-damage|p1a: Jirachi|303\/404
|move|p2a: Jirachi|Thunder Wave|p1a: Jirachi
|
|-heal|p1a: Jirachi|328\/404|[from] item: Leftovers
|-damage|p2a: Jirachi|41\/385 brn|[from] brn
|turn|18
|
|move|p1a: Jirachi|Fire Punch|p2a: Jirachi
|-supereffective|p2a: Jirachi
|-damage|p2a: Jirachi|0 fnt
|faint|p2a: Jirachi
|
|-heal|p1a: Jirachi|353\/404|[from] item: Leftovers
|
|switch|p2a: Cresselia|Cresselia, F|362\/444 tox
|-damage|p2a: Cresselia|307\/444 tox|[from] Stealth Rock
|turn|19
|
|move|p1a: Jirachi|Iron Head|p2a: Cresselia
|-damage|p2a: Cresselia|235\/444 tox
|move|p2a: Cresselia|Reflect|p2a: Cresselia
|-sidestart|p2: gopackgo|Reflect
|
|-heal|p1a: Jirachi|378\/404|[from] item: Leftovers
|-damage|p2a: Cresselia|208\/444 tox|[from] psn
|turn|20
|
|switch|p2a: Drifblim|Drifblim, M|504\/504
|-damage|p2a: Drifblim|378\/504|[from] Stealth Rock
|move|p1a: Jirachi|Iron Head|p2a: Drifblim
|-crit|p2a: Drifblim
|-damage|p2a: Drifblim|132\/504
|
|-heal|p1a: Jirachi|403\/404|[from] item: Leftovers
|turn|21
|
|move|p1a: Jirachi|Iron Head|p2a: Drifblim
|-damage|p2a: Drifblim|47\/504
|cant|p2a: Drifblim|flinch
|
|-heal|p1a: Jirachi|404\/404|[from] item: Leftovers
|turn|22
|
|move|p1a: Jirachi|Iron Head|p2a: Drifblim
|-damage|p2a: Drifblim|0 fnt
|-damage|p1a: Jirachi|303\/404|[from] ability: Aftermath|[of] p2a: Drifblim
|faint|p2a: Drifblim
|
|-heal|p1a: Jirachi|328\/404|[from] item: Leftovers
|
|switch|p2a: Suicune|Suicune, shiny|404\/404
|-damage|p2a: Suicune|354\/404|[from] Stealth Rock
|-ability|p2a: Suicune|Pressure
|turn|23
|
|move|p1a: Jirachi|Toxic|p2a: Suicune
|-status|p2a: Suicune|tox
|move|p2a: Suicune|Calm Mind|p2a: Suicune
|-boost|p2a: Suicune|spa|1
|-boost|p2a: Suicune|spd|1
|
|-heal|p1a: Jirachi|353\/404|[from] item: Leftovers
|-heal|p2a: Suicune|379\/404 tox|[from] item: Leftovers
|-damage|p2a: Suicune|354\/404 tox|[from] psn
|turn|24
|
|move|p1a: Jirachi|Iron Head|p2a: Suicune
|-resisted|p2a: Suicune
|-damage|p2a: Suicune|335\/404 tox
|move|p2a: Suicune|Calm Mind|p2a: Suicune
|-boost|p2a: Suicune|spa|1
|-boost|p2a: Suicune|spd|1
|
|-heal|p1a: Jirachi|378\/404|[from] item: Leftovers
|-heal|p2a: Suicune|360\/404 tox|[from] item: Leftovers
|-damage|p2a: Suicune|310\/404 tox|[from] psn
|turn|25
|
|move|p1a: Jirachi|Iron Head|p2a: Suicune
|-resisted|p2a: Suicune
|-damage|p2a: Suicune|292\/404 tox
|cant|p2a: Suicune|flinch
|
|-heal|p1a: Jirachi|403\/404|[from] item: Leftovers
|-heal|p2a: Suicune|317\/404 tox|[from] item: Leftovers
|-damage|p2a: Suicune|242\/404 tox|[from] psn
|turn|26
|
|move|p1a: Jirachi|Iron Head|p2a: Suicune
|-resisted|p2a: Suicune
|-damage|p2a: Suicune|225\/404 tox
|cant|p2a: Suicune|flinch
|
|-heal|p1a: Jirachi|404\/404|[from] item: Leftovers
|-heal|p2a: Suicune|250\/404 tox|[from] item: Leftovers
|-damage|p2a: Suicune|150\/404 tox|[from] psn
|-sideend|p2: gopackgo|Reflect
|turn|27
|
|move|p1a: Jirachi|Iron Head|p2a: Suicune
|-resisted|p2a: Suicune
|-damage|p2a: Suicune|115\/404 tox
|cant|p2a: Suicune|flinch
|
|-heal|p2a: Suicune|140\/404 tox|[from] item: Leftovers
|-damage|p2a: Suicune|15\/404 tox|[from] psn
|turn|28
|-message|gopackgo forfeited.
|
|win|xFalchion
|raw|Ladder updating...
|leave|gopackgo
|player|p2
|raw|xFalchion's rating: 1509 &rarr; <strong>1522<\/strong><br \/>(+13 for winning)
|raw|gopackgo's rating: 1396 &rarr; <strong>1382<\/strong><br \/>(-14 for losing)