|join|Sally Mence
|join|Tarp96
|player|p1|Sally Mence|26
|player|p2|Tarp96|161
|gametype|singles
|gen|6
|tier|OU
|rated
|clearpoke
|poke|p1|Garchomp, F
|poke|p1|Rotom-Wash
|poke|p1|Scizor, F
|poke|p1|Altaria, M
|poke|p1|Talonflame, M
|poke|p1|Greninja, M
|poke|p2|Metagross
|poke|p2|Garchomp, F
|poke|p2|Rotom-Wash
|poke|p2|Ferrothorn, M
|poke|p2|Weavile, F
|poke|p2|Latias, F
|rule|Swagger Clause: Swagger is banned
|rule|Baton Pass Clause: Limit one PokÃ©mon knowing Baton Pass
|rule|Sleep Clause Mod: Limit one foe put to sleep
|rule|Species Clause: Limit one of each PokÃ©mon
|rule|OHKO Clause: OHKO moves are banned
|rule|Moody Clause: Moody is banned
|rule|Evasion Moves Clause: Evasion moves are banned
|rule|Endless Battle Clause: Forcing endless battles is banned
|rule|HP Percentage Mod: HP is shown in percentages
|teampreview
|
|start
|switch|p1a: iWash|Rotom-Wash|304\/304
|switch|p2a: Ferrothorn|Ferrothorn, M|352\/352
|turn|1
|
|move|p1a: iWash|Will-O-Wisp|p2a: Ferrothorn
|-status|p2a: Ferrothorn|brn
|move|p2a: Ferrothorn|Stealth Rock|p1a: iWash
|-sidestart|p1: Sally Mence|move: Stealth Rock
|
|-damage|p2a: Ferrothorn|308\/352 brn|[from] brn
|turn|2
|
|move|p1a: iWash|Volt Switch|p2a: Ferrothorn
|-resisted|p2a: Ferrothorn
|-damage|p2a: Ferrothorn|279\/352 brn
|
|switch|p1a: Switchblade|Scizor, F|343\/343
|-damage|p1a: Switchblade|301\/343|[from] Stealth Rock
|move|p2a: Ferrothorn|Leech Seed|p1a: Switchblade
|-start|p1a: Switchblade|move: Leech Seed
|
|-heal|p1a: Switchblade|322\/343|[from] item: Leftovers
|-heal|p2a: Ferrothorn|301\/352 brn|[from] item: Leftovers
|-damage|p1a: Switchblade|280\/343|[from] Leech Seed|[of] p2a: Ferrothorn
|-heal|p2a: Ferrothorn|343\/352 brn|[silent]
|-damage|p2a: Ferrothorn|299\/352 brn|[from] brn
|turn|3
|
|switch|p2a: Garchomp|Garchomp, F|357\/357
|move|p1a: Switchblade|U-turn|p2a: Garchomp
|-damage|p2a: Garchomp|231\/357
|-damage|p1a: Switchblade|238\/343|[from] ability: Rough Skin|[of] p2a: Garchomp
|
|switch|p1a: Kermit|Greninja, M|285\/285
|-damage|p1a: Kermit|250\/285|[from] Stealth Rock
|
|turn|4
|
|move|p2a: Garchomp|Earthquake|p1a: Kermit
|-damage|p1a: Kermit|0 fnt
|faint|p1a: Kermit
|
|
|switch|p1a: iWash|Rotom-Wash|304\/304
|-damage|p1a: iWash|266\/304|[from] Stealth Rock
|turn|5
|
|switch|p2a: Ferrothorn|Ferrothorn, M|299\/352 brn
|move|p1a: iWash|Volt Switch|p2a: Ferrothorn
|-resisted|p2a: Ferrothorn
|-damage|p2a: Ferrothorn|267\/352 brn
|
|switch|p1a: Switchblade|Scizor, F|238\/343
|-damage|p1a: Switchblade|196\/343|[from] Stealth Rock
|
|-heal|p1a: Switchblade|217\/343|[from] item: Leftovers
|-heal|p2a: Ferrothorn|289\/352 brn|[from] item: Leftovers
|-damage|p2a: Ferrothorn|245\/352 brn|[from] brn
|turn|6
|
|switch|p2a: Rotom-Wash|Rotom-Wash|303\/303
|move|p1a: Switchblade|Defog|p2a: Rotom-Wash
|-unboost|p2a: Rotom-Wash|evasion|1
|-sideend|p1: Sally Mence|Stealth Rock|[from] move: Defog|[of] p1a: Switchblade
|
|-heal|p1a: Switchblade|238\/343|[from] item: Leftovers
|turn|7
|
|switch|p1a: So Poofy|Altaria, M|307\/307
|move|p2a: Rotom-Wash|Hydro Pump|p1a: So Poofy
|-resisted|p1a: So Poofy
|-damage|p1a: So Poofy|244\/307
|
|turn|8
|
|move|p1a: So Poofy|Return|p2a: Rotom-Wash
|-damage|p2a: Rotom-Wash|246\/303
|move|p2a: Rotom-Wash|Volt Switch|p1a: So Poofy
|-crit|p1a: So Poofy
|-damage|p1a: So Poofy|118\/307
|
|switch|p2a: Metagross|Metagross|301\/301
|
|turn|9
|
|switch|p1a: iWash|Rotom-Wash|266\/304
|detailschange|p2a: Metagross|Metagross-Mega
|message|Metagross has Mega Evolved into Mega Metagross!
|move|p2a: Metagross|Zen Headbutt|p1a: iWash
|-damage|p1a: iWash|127\/304
|
|-heal|p1a: iWash|146\/304|[from] item: Leftovers
|turn|10
|
|move|p2a: Metagross|Zen Headbutt|p1a: iWash
|-damage|p1a: iWash|10\/304
|cant|p1a: iWash|flinch
|
|-heal|p1a: iWash|29\/304|[from] item: Leftovers
|turn|11
|-message|Sally Mence forfeited.
|
|win|Tarp96
|raw|Ladder updating...
|leave|Sally Mence
|player|p1
|raw|Sally Mence's rating: 1604 &rarr; <strong>1573<\/strong><br \/>(-31 for losing)
|raw|Tarp96's rating: 1376 &rarr; <strong>1408<\/strong><br \/>(+32 for winning)
|leave|Tarp96
|player|p2
|join|Tarp96