|join|Sally Mence
|join|testing67
|player|p1|Sally Mence|26
|player|p2|testing67|99
|gametype|singles
|gen|6
|tier|OU
|rated
|clearpoke
|poke|p1|Garchomp, M
|poke|p1|Rotom-Wash
|poke|p1|Scizor, F
|poke|p1|Gyarados, F
|poke|p1|Talonflame, F
|poke|p1|Keldeo
|poke|p2|Aerodactyl, F
|poke|p2|Greninja, M
|poke|p2|Latias, F
|poke|p2|Ferrothorn, F
|poke|p2|Azumarill, M
|poke|p2|Heatran, F
|rule|Swagger Clause: Swagger is banned
|rule|Baton Pass Clause: Limit one PokÃ©mon knowing Baton Pass
|rule|Sleep Clause Mod: Limit one foe put to sleep
|rule|Species Clause: Limit one of each PokÃ©mon
|rule|OHKO Clause: OHKO moves are banned
|rule|Moody Clause: Moody is banned
|rule|Evasion Moves Clause: Evasion moves are banned
|rule|Endless Battle Clause: Forcing endless battles is banned
|rule|HP Percentage Mod: HP is shown in percentages
|teampreview
|
|start
|switch|p1a: iWash|Rotom-Wash|304\/304
|switch|p2a: Ferrothorn|Ferrothorn, F|352\/352
|turn|1
|
|move|p1a: iWash|Will-O-Wisp|p2a: Ferrothorn
|-status|p2a: Ferrothorn|brn
|move|p2a: Ferrothorn|Stealth Rock|p1a: iWash
|-sidestart|p1: Sally Mence|move: Stealth Rock
|
|-damage|p2a: Ferrothorn|308\/352 brn|[from] brn
|turn|2
|
|move|p1a: iWash|Volt Switch|p2a: Ferrothorn
|-resisted|p2a: Ferrothorn
|-damage|p2a: Ferrothorn|278\/352 brn
|
|switch|p1a: Switchblade|Scizor, F|343\/343
|-damage|p1a: Switchblade|301\/343|[from] Stealth Rock
|move|p2a: Ferrothorn|Leech Seed|p1a: Switchblade
|-start|p1a: Switchblade|move: Leech Seed
|
|-heal|p1a: Switchblade|322\/343|[from] item: Leftovers
|-heal|p2a: Ferrothorn|300\/352 brn|[from] item: Leftovers
|-damage|p1a: Switchblade|280\/343|[from] Leech Seed|[of] p2a: Ferrothorn
|-heal|p2a: Ferrothorn|342\/352 brn|[silent]
|-damage|p2a: Ferrothorn|298\/352 brn|[from] brn
|turn|3
|
|move|p1a: Switchblade|Defog|p2a: Ferrothorn
|-unboost|p2a: Ferrothorn|evasion|1
|-sideend|p1: Sally Mence|Stealth Rock|[from] move: Defog|[of] p1a: Switchblade
|move|p2a: Ferrothorn|Spikes|p1a: Switchblade
|-sidestart|p1: Sally Mence|Spikes
|
|-heal|p1a: Switchblade|301\/343|[from] item: Leftovers
|-heal|p2a: Ferrothorn|320\/352 brn|[from] item: Leftovers
|-damage|p1a: Switchblade|259\/343|[from] Leech Seed|[of] p2a: Ferrothorn
|-heal|p2a: Ferrothorn|352\/352 brn|[silent]
|-damage|p2a: Ferrothorn|308\/352 brn|[from] brn
|turn|4
|
|move|p1a: Switchblade|U-turn|p2a: Ferrothorn
|-damage|p2a: Ferrothorn|218\/352 brn
|-damage|p1a: Switchblade|217\/343|[from] ability: Iron Barbs|[of] p2a: Ferrothorn
|
|switch|p1a: Sharknado|Garchomp, M|358\/358
|-damage|p1a: Sharknado|314\/358|[from] Spikes
|move|p2a: Ferrothorn|Stealth Rock|p1a: Sharknado
|-sidestart|p1: Sally Mence|move: Stealth Rock
|
|-heal|p2a: Ferrothorn|240\/352 brn|[from] item: Leftovers
|-damage|p2a: Ferrothorn|196\/352 brn|[from] brn
|turn|5
|
|switch|p2a: Azumarill|Azumarill, M|403\/403
|move|p1a: Sharknado|Swords Dance|p1a: Sharknado
|-boost|p1a: Sharknado|atk|2
|
|turn|6
|
|move|p1a: Sharknado|Earthquake|p2a: Azumarill
|-damage|p2a: Azumarill|0 fnt
|faint|p2a: Azumarill
|
|
|switch|p2a: Aerodactyl|Aerodactyl, F|311\/311
|turn|7
|
|switch|p1a: iWash|Rotom-Wash|304\/304
|-damage|p1a: iWash|266\/304|[from] Stealth Rock
|detailschange|p2a: Aerodactyl|Aerodactyl-Mega, F
|message|Aerodactyl has Mega Evolved into Mega Aerodactyl!
|move|p2a: Aerodactyl|Ice Fang|p1a: iWash
|-resisted|p1a: iWash
|-damage|p1a: iWash|228\/304
|-status|p1a: iWash|frz
|
|-heal|p1a: iWash|247\/304 frz|[from] item: Leftovers
|turn|8
|
|move|p2a: Aerodactyl|Stone Edge|p1a: iWash
|-damage|p1a: iWash|111\/304 frz
|cant|p1a: iWash|frz
|
|-heal|p1a: iWash|130\/304 frz|[from] item: Leftovers
|turn|9
|
|move|p2a: Aerodactyl|Stone Edge|p1a: iWash|[miss]
|-miss|p2a: Aerodactyl|p1a: iWash
|-curestatus|p1a: iWash|frz
|move|p1a: iWash|Volt Switch|p2a: Aerodactyl
|-supereffective|p2a: Aerodactyl
|-damage|p2a: Aerodactyl|137\/311
|
|switch|p1a: Switchblade|Scizor, F|217\/343
|-damage|p1a: Switchblade|175\/343|[from] Spikes
|-damage|p1a: Switchblade|133\/343|[from] Stealth Rock
|
|-heal|p1a: Switchblade|154\/343|[from] item: Leftovers
|turn|10
|
|switch|p2a: Heatran|Heatran, F|386\/386
|move|p1a: Switchblade|Bullet Punch|p2a: Heatran
|-resisted|p2a: Heatran
|-damage|p2a: Heatran|357\/386
|
|-heal|p2a: Heatran|381\/386|[from] item: Leftovers
|-heal|p1a: Switchblade|175\/343|[from] item: Leftovers
|turn|11
|
|switch|p1a: Twilight Sparkle|Keldeo|324\/324
|-damage|p1a: Twilight Sparkle|284\/324|[from] Spikes
|-damage|p1a: Twilight Sparkle|264\/324|[from] Stealth Rock
|move|p2a: Heatran|Substitute|p2a: Heatran
|-start|p2a: Heatran|Substitute
|-damage|p2a: Heatran|285\/386
|
|-heal|p1a: Twilight Sparkle|284\/324|[from] item: Leftovers
|-heal|p2a: Heatran|309\/386|[from] item: Leftovers
|turn|12
|
|move|p1a: Twilight Sparkle|Substitute|p1a: Twilight Sparkle
|-start|p1a: Twilight Sparkle|Substitute
|-damage|p1a: Twilight Sparkle|203\/324
|move|p2a: Heatran|Lava Plume|p1a: Twilight Sparkle
|-resisted|p1a: Twilight Sparkle
|-activate|p1a: Twilight Sparkle|Substitute|[damage]
|
|-heal|p1a: Twilight Sparkle|223\/324|[from] item: Leftovers
|-heal|p2a: Heatran|333\/386|[from] item: Leftovers
|turn|13
|
|move|p1a: Twilight Sparkle|Scald|p2a: Heatran
|-supereffective|p2a: Heatran
|-end|p2a: Heatran|Substitute
|move|p2a: Heatran|Lava Plume|p1a: Twilight Sparkle
|-resisted|p1a: Twilight Sparkle
|-end|p1a: Twilight Sparkle|Substitute
|
|-heal|p1a: Twilight Sparkle|243\/324|[from] item: Leftovers
|-heal|p2a: Heatran|357\/386|[from] item: Leftovers
|turn|14
|
|switch|p2a: Ferrothorn|Ferrothorn, F|196\/352 brn
|move|p1a: Twilight Sparkle|Substitute|p1a: Twilight Sparkle
|-start|p1a: Twilight Sparkle|Substitute
|-damage|p1a: Twilight Sparkle|162\/324
|
|-heal|p1a: Twilight Sparkle|182\/324|[from] item: Leftovers
|-heal|p2a: Ferrothorn|218\/352 brn|[from] item: Leftovers
|-damage|p2a: Ferrothorn|174\/352 brn|[from] brn
|turn|15
|
|move|p1a: Twilight Sparkle|Secret Sword|p2a: Ferrothorn
|-supereffective|p2a: Ferrothorn
|-damage|p2a: Ferrothorn|0 fnt
|faint|p2a: Ferrothorn
|
|-heal|p1a: Twilight Sparkle|202\/324|[from] item: Leftovers
|
|switch|p2a: Latias|Latias, F|301\/301
|turn|16
|
|move|p2a: Latias|Psyshock|p1a: Twilight Sparkle
|-supereffective|p1a: Twilight Sparkle
|-end|p1a: Twilight Sparkle|Substitute
|-damage|p2a: Latias|271\/301|[from] item: Life Orb
|move|p1a: Twilight Sparkle|Icy Wind|p2a: Latias
|-supereffective|p2a: Latias
|-damage|p2a: Latias|169\/301
|-unboost|p2a: Latias|spe|1
|
|-heal|p1a: Twilight Sparkle|222\/324|[from] item: Leftovers
|turn|17
|
|move|p1a: Twilight Sparkle|Substitute|p1a: Twilight Sparkle
|-start|p1a: Twilight Sparkle|Substitute
|-damage|p1a: Twilight Sparkle|141\/324
|move|p2a: Latias|Psyshock|p1a: Twilight Sparkle
|-supereffective|p1a: Twilight Sparkle
|-end|p1a: Twilight Sparkle|Substitute
|-damage|p2a: Latias|139\/301|[from] item: Life Orb
|
|-heal|p1a: Twilight Sparkle|161\/324|[from] item: Leftovers
|turn|18
|
|move|p1a: Twilight Sparkle|Substitute|p1a: Twilight Sparkle
|-start|p1a: Twilight Sparkle|Substitute
|-damage|p1a: Twilight Sparkle|80\/324
|move|p2a: Latias|Psyshock|p1a: Twilight Sparkle
|-supereffective|p1a: Twilight Sparkle
|-end|p1a: Twilight Sparkle|Substitute
|-damage|p2a: Latias|109\/301|[from] item: Life Orb
|
|-heal|p1a: Twilight Sparkle|100\/324|[from] item: Leftovers
|turn|19
|
|move|p1a: Twilight Sparkle|Substitute|p1a: Twilight Sparkle
|-start|p1a: Twilight Sparkle|Substitute
|-damage|p1a: Twilight Sparkle|19\/324
|move|p2a: Latias|Psyshock|p1a: Twilight Sparkle
|-supereffective|p1a: Twilight Sparkle
|-end|p1a: Twilight Sparkle|Substitute
|-damage|p2a: Latias|79\/301|[from] item: Life Orb
|
|-heal|p1a: Twilight Sparkle|39\/324|[from] item: Leftovers
|turn|20
|
|move|p1a: Twilight Sparkle|Icy Wind|p2a: Latias
|-supereffective|p2a: Latias
|-damage|p2a: Latias|0 fnt
|faint|p2a: Latias
|
|-heal|p1a: Twilight Sparkle|59\/324|[from] item: Leftovers
|
|switch|p2a: Greninja|Greninja, M|285\/285
|turn|21
|
|switch|p1a: iWash|Rotom-Wash|130\/304
|-damage|p1a: iWash|92\/304|[from] Stealth Rock
|move|p2a: Greninja|Dark Pulse|p1a: iWash
|-start|p2a: Greninja|typechange|Dark|[from] Protean
|-damage|p1a: iWash|0 fnt
|-damage|p2a: Greninja|257\/285|[from] item: Life Orb
|faint|p1a: iWash
|
|
|switch|p1a: KINGOFKARP|Gyarados, F|331\/331
|-damage|p1a: KINGOFKARP|249\/331|[from] Stealth Rock
|-ability|p1a: KINGOFKARP|Intimidate|[of] p2a: Greninja
|-unboost|p2a: Greninja|atk|1
|turn|22
|
|detailschange|p1a: KINGOFKARP|Gyarados-Mega, F
|message|Gyarados has Mega Evolved into Mega Gyarados!
|-ability|p1a: KINGOFKARP|Mold Breaker
|move|p2a: Greninja|Low Kick|p1a: KINGOFKARP
|-start|p2a: Greninja|typechange|Fighting|[from] Protean
|-supereffective|p1a: KINGOFKARP
|-damage|p1a: KINGOFKARP|36\/331
|-damage|p2a: Greninja|229\/285|[from] item: Life Orb
|move|p1a: KINGOFKARP|Waterfall|p2a: Greninja
|-damage|p2a: Greninja|3\/285
|
|turn|23
|
|move|p2a: Greninja|Low Kick|p1a: KINGOFKARP
|-supereffective|p1a: KINGOFKARP
|-damage|p1a: KINGOFKARP|0 fnt
|-damage|p2a: Greninja|0 fnt|[from] item: Life Orb
|faint|p1a: KINGOFKARP
|faint|p2a: Greninja
|
|
|switch|p2a: Aerodactyl|Aerodactyl-Mega, F|137\/311
|switch|p1a: Sharknado|Garchomp, M|314\/358
|-damage|p1a: Sharknado|270\/358|[from] Spikes
|-damage|p1a: Sharknado|248\/358|[from] Stealth Rock
|turn|24
|
|switch|p1a: Switchblade|Scizor, F|175\/343
|-damage|p1a: Switchblade|133\/343|[from] Stealth Rock
|-damage|p1a: Switchblade|91\/343|[from] Spikes
|move|p2a: Aerodactyl|Ice Fang|p1a: Switchblade
|-resisted|p1a: Switchblade
|-damage|p1a: Switchblade|37\/343
|
|-heal|p1a: Switchblade|58\/343|[from] item: Leftovers
|turn|25
|
|switch|p2a: Heatran|Heatran, F|357\/386
|move|p1a: Switchblade|Defog|p2a: Heatran
|-unboost|p2a: Heatran|evasion|1
|-sideend|p1: Sally Mence|Spikes|[from] move: Defog|[of] p1a: Switchblade
|-sideend|p1: Sally Mence|Stealth Rock|[from] move: Defog|[of] p1a: Switchblade
|
|-heal|p2a: Heatran|381\/386|[from] item: Leftovers
|-heal|p1a: Switchblade|79\/343|[from] item: Leftovers
|turn|26
|
|switch|p1a: Sharknado|Garchomp, M|248\/358
|move|p2a: Heatran|Substitute|p2a: Heatran
|-start|p2a: Heatran|Substitute
|-damage|p2a: Heatran|285\/386
|
|-heal|p2a: Heatran|309\/386|[from] item: Leftovers
|turn|27
|
|move|p1a: Sharknado|Earthquake|p2a: Heatran
|-supereffective|p2a: Heatran
|-end|p2a: Heatran|Substitute
|move|p2a: Heatran|Toxic|p1a: Sharknado
|-status|p1a: Sharknado|tox
|-enditem|p1a: Sharknado|Lum Berry|[eat]
|-curestatus|p1a: Sharknado|tox
|
|-heal|p2a: Heatran|333\/386|[from] item: Leftovers
|turn|28
|
|switch|p2a: Aerodactyl|Aerodactyl-Mega, F|137\/311
|move|p1a: Sharknado|Dragon Claw|p2a: Aerodactyl
|-damage|p2a: Aerodactyl|0 fnt
|faint|p2a: Aerodactyl
|
|c|âSally Mence|gg
|c|âtesting67|gg
|
|switch|p2a: Heatran|Heatran, F|333\/386
|turn|29
|
|move|p1a: Sharknado|Earthquake|p2a: Heatran
|-supereffective|p2a: Heatran
|-damage|p2a: Heatran|0 fnt
|faint|p2a: Heatran
|
|win|Sally Mence
|raw|Ladder updating...
|raw|Sally Mence's rating: 1673 &rarr; <strong>1688<\/strong><br \/>(+15 for winning)
|raw|testing67's rating: 1577 &rarr; <strong>1563<\/strong><br \/>(-14 for losing)
|leave|testing67
|player|p2