|join|sonyfan
|join|Sally Mence
|player|p1|sonyfan|2
|player|p2|Sally Mence|26
|gametype|singles
|gen|6
|tier|OU
|rated
|clearpoke
|poke|p1|Pinsir, M, shiny
|poke|p1|Tyranitar, M
|poke|p1|Clefable, F
|poke|p1|Rotom-Wash, shiny
|poke|p1|Garchomp, F, shiny
|poke|p1|Excadrill, M
|poke|p2|Garchomp, M
|poke|p2|Rotom-Wash
|poke|p2|Scizor, F
|poke|p2|Gyarados, F
|poke|p2|Talonflame, M
|poke|p2|Keldeo
|rule|Swagger Clause: Swagger is banned
|rule|Baton Pass Clause: Limit one PokÃ©mon knowing Baton Pass
|rule|Sleep Clause Mod: Limit one foe put to sleep
|rule|Species Clause: Limit one of each PokÃ©mon
|rule|OHKO Clause: OHKO moves are banned
|rule|Moody Clause: Moody is banned
|rule|Evasion Moves Clause: Evasion moves are banned
|rule|Endless Battle Clause: Forcing endless battles is banned
|rule|HP Percentage Mod: HP is shown in percentages
|teampreview
|
|start
|switch|p1a: Sweeperella|Pinsir, M, shiny|271\/271
|switch|p2a: iWash|Rotom-Wash|304\/304
|turn|1
|join|step6srl
|
|switch|p1a: Dragon Trash|Garchomp, F, shiny|357\/357
|move|p2a: iWash|Will-O-Wisp|p1a: Dragon Trash
|-status|p1a: Dragon Trash|brn
|
|-damage|p1a: Dragon Trash|313\/357 brn|[from] brn
|turn|2
|
|move|p1a: Dragon Trash|Stealth Rock|p2a: iWash
|-sidestart|p2: Sally Mence|move: Stealth Rock
|move|p2a: iWash|Hydro Pump|p1a: Dragon Trash
|-damage|p1a: Dragon Trash|154\/357 brn
|
|-damage|p1a: Dragon Trash|110\/357 brn|[from] brn
|turn|3
|
|move|p1a: Dragon Trash|Outrage|p2a: iWash
|-damage|p2a: iWash|222\/304
|move|p2a: iWash|Volt Switch|p1a: Dragon Trash
|-immune|p1a: Dragon Trash|[msg]
|
|-heal|p2a: iWash|241\/304|[from] item: Leftovers
|-damage|p1a: Dragon Trash|66\/357 brn|[from] brn
|turn|4
|
|switch|p2a: Switchblade|Scizor, F|343\/343
|-damage|p2a: Switchblade|301\/343|[from] Stealth Rock
|move|p1a: Dragon Trash|Outrage|p2a: Switchblade
|-resisted|p2a: Switchblade
|-damage|p2a: Switchblade|245\/343
|
|-end|p1a: Dragon Trash|rampage
|-start|p1a: Dragon Trash|confusion
|-heal|p2a: Switchblade|266\/343|[from] item: Leftovers
|-damage|p1a: Dragon Trash|22\/357 brn|[from] brn
|turn|5
|
|-activate|p1a: Dragon Trash|confusion
|move|p1a: Dragon Trash|Fire Blast|p2a: Switchblade
|-supereffective|p2a: Switchblade
|-damage|p2a: Switchblade|0 fnt
|faint|p2a: Switchblade
|
|-damage|p1a: Dragon Trash|0 fnt|[from] brn
|faint|p1a: Dragon Trash
|-message|Sally Mence forfeited.
|
|win|sonyfan
|raw|Ladder updating...
|leave|Sally Mence
|player|p2
|raw|sonyfan's rating: 1617 &rarr; <strong>1640<\/strong><br \/>(+23 for winning)
|raw|Sally Mence's rating: 1668 &rarr; <strong>1645<\/strong><br \/>(-23 for losing)
|c|âsonyfan|lol