|join|lil manaphy
|join|Sally Mence
|player|p1|lil manaphy|9
|player|p2|Sally Mence|26
|gametype|singles
|gen|6
|tier|OU
|rated
|clearpoke
|poke|p1|Gardevoir, F
|poke|p1|Keldeo
|poke|p1|Amoonguss, M
|poke|p1|Chansey, F
|poke|p1|Mandibuzz, F
|poke|p1|Landorus-Therian, M
|poke|p2|Garchomp, F
|poke|p2|Rotom-Wash
|poke|p2|Scizor, F, shiny
|poke|p2|Gyarados, M, shiny
|poke|p2|Talonflame, F
|poke|p2|Breloom, M, shiny
|rule|Swagger Clause: Swagger is banned
|rule|Baton Pass Clause: Limit one PokÃ©mon knowing Baton Pass
|rule|Sleep Clause Mod: Limit one foe put to sleep
|rule|Species Clause: Limit one of each PokÃ©mon
|rule|OHKO Clause: OHKO moves are banned
|rule|Moody Clause: Moody is banned
|rule|Evasion Moves Clause: Evasion moves are banned
|rule|Endless Battle Clause: Forcing endless battles is banned
|rule|HP Percentage Mod: HP is shown in percentages
|teampreview
|
|start
|switch|p1a: Landorus-Therian|Landorus-Therian, M|382\/382
|switch|p2a: iWash|Rotom-Wash|304\/304
|-ability|p1a: Landorus-Therian|Intimidate|[of] p2a: iWash
|-unboost|p2a: iWash|atk|1
|turn|1
|
|switch|p1a: Amoonguss|Amoonguss, M|432\/432
|move|p2a: iWash|Will-O-Wisp|p1a: Amoonguss
|-status|p1a: Amoonguss|brn
|
|-damage|p1a: Amoonguss|378\/432 brn|[from] brn
|turn|2
|
|move|p2a: iWash|Volt Switch|p1a: Amoonguss
|-resisted|p1a: Amoonguss
|-damage|p1a: Amoonguss|326\/432 brn
|
|switch|p2a: Sharknado|Garchomp, F|358\/358
|move|p1a: Amoonguss|Spore|p2a: Sharknado
|-status|p2a: Sharknado|slp
|-enditem|p2a: Sharknado|Lum Berry|[eat]
|-curestatus|p2a: Sharknado|slp
|
|-heal|p1a: Amoonguss|353\/432 brn|[from] item: Black Sludge
|-damage|p1a: Amoonguss|299\/432 brn|[from] brn
|turn|3
|
|switch|p1a: Landorus-Therian|Landorus-Therian, M|382\/382
|-ability|p1a: Landorus-Therian|Intimidate|[of] p2a: Sharknado
|-unboost|p2a: Sharknado|atk|1
|move|p2a: Sharknado|Stealth Rock|p1a: Landorus-Therian
|-sidestart|p1: lil manaphy|move: Stealth Rock
|
|turn|4
|
|move|p2a: Sharknado|Swords Dance|p2a: Sharknado
|-boost|p2a: Sharknado|atk|2
|move|p1a: Landorus-Therian|Stealth Rock|p2a: Sharknado
|-sidestart|p2: Sally Mence|move: Stealth Rock
|
|turn|5
|
|move|p2a: Sharknado|Dragon Claw|p1a: Landorus-Therian
|-damage|p1a: Landorus-Therian|225\/382
|move|p1a: Landorus-Therian|Earthquake|p2a: Sharknado
|-damage|p2a: Sharknado|187\/358
|
|-heal|p1a: Landorus-Therian|248\/382|[from] item: Leftovers
|turn|6
|
|move|p2a: Sharknado|Dragon Claw|p1a: Landorus-Therian
|-damage|p1a: Landorus-Therian|73\/382
|move|p1a: Landorus-Therian|U-turn|p2a: Sharknado
|-damage|p2a: Sharknado|111\/358
|-damage|p1a: Landorus-Therian|26\/382|[from] ability: Rough Skin|[of] p2a: Sharknado
|
|switch|p1a: Keldeo|Keldeo|323\/323
|-damage|p1a: Keldeo|303\/323|[from] Stealth Rock
|
|-heal|p1a: Keldeo|323\/323|[from] item: Leftovers
|turn|7
|
|move|p1a: Keldeo|Scald|p2a: Sharknado
|-damage|p2a: Sharknado|0 fnt
|faint|p2a: Sharknado
|
|
|switch|p2a: iWash|Rotom-Wash|304\/304
|-damage|p2a: iWash|266\/304|[from] Stealth Rock
|turn|8
|
|switch|p1a: Amoonguss|Amoonguss, M|432\/432 brn
|-damage|p1a: Amoonguss|378\/432 brn|[from] Stealth Rock
|move|p2a: iWash|Volt Switch|p1a: Amoonguss
|-resisted|p1a: Amoonguss
|-damage|p1a: Amoonguss|326\/432 brn
|
|switch|p2a: Switchblade|Scizor, F, shiny|343\/343
|-damage|p2a: Switchblade|301\/343|[from] Stealth Rock
|
|-heal|p2a: Switchblade|322\/343|[from] item: Leftovers
|-heal|p1a: Amoonguss|353\/432 brn|[from] item: Black Sludge
|-damage|p1a: Amoonguss|299\/432 brn|[from] brn
|turn|9
|
|move|p2a: Switchblade|Defog|p1a: Amoonguss
|-unboost|p1a: Amoonguss|evasion|1
|-sideend|p1: lil manaphy|Stealth Rock|[from] move: Defog|[of] p1a: Amoonguss
|-sideend|p2: Sally Mence|Stealth Rock|[from] move: Defog|[of] p2a: Switchblade
|move|p1a: Amoonguss|Spore|p2a: Switchblade
|-status|p2a: Switchblade|slp
|
|-heal|p2a: Switchblade|343\/343 slp|[from] item: Leftovers
|-heal|p1a: Amoonguss|326\/432 brn|[from] item: Black Sludge
|-damage|p1a: Amoonguss|272\/432 brn|[from] brn
|turn|10
|
|switch|p2a: iWash|Rotom-Wash|266\/304
|switch|p1a: Landorus-Therian|Landorus-Therian, M|26\/382
|-ability|p1a: Landorus-Therian|Intimidate|[of] p2a: iWash
|-unboost|p2a: iWash|atk|1
|
|-heal|p2a: iWash|285\/304|[from] item: Leftovers
|-heal|p1a: Landorus-Therian|49\/382|[from] item: Leftovers
|turn|11
|
|move|p2a: iWash|Hydro Pump|p1a: Landorus-Therian
|-supereffective|p1a: Landorus-Therian
|-damage|p1a: Landorus-Therian|0 fnt
|faint|p1a: Landorus-Therian
|
|-heal|p2a: iWash|304\/304|[from] item: Leftovers
|
|switch|p1a: Gardevoir|Gardevoir, F|277\/277
|-ability|p1a: Gardevoir|Levitate|[from] ability: Trace|[of] p2a: iWash
|turn|12
|
|detailschange|p1a: Gardevoir|Gardevoir-Mega, F
|-mega|p1a: Gardevoir|Gardevoir|Gardevoirite
|move|p1a: Gardevoir|Hyper Voice|p2a: iWash
|-damage|p2a: iWash|78\/304
|move|p2a: iWash|Volt Switch|p1a: Gardevoir
|-damage|p1a: Gardevoir|214\/277
|
|switch|p2a: Pontiac|Talonflame, F|297\/297
|
|turn|13
|
|switch|p2a: iWash|Rotom-Wash|78\/304
|switch|p1a: Mandibuzz|Mandibuzz, F|423\/423
|
|-heal|p2a: iWash|97\/304|[from] item: Leftovers
|turn|14
|
|switch|p1a: Gardevoir|Gardevoir-Mega, F|214\/277
|move|p2a: iWash|Will-O-Wisp|p1a: Gardevoir
|-status|p1a: Gardevoir|brn
|
|-heal|p2a: iWash|116\/304|[from] item: Leftovers
|-damage|p1a: Gardevoir|180\/277 brn|[from] brn
|turn|15
|
|switch|p2a: Switchblade|Scizor, F, shiny|343\/343 slp
|move|p1a: Gardevoir|Hyper Voice|p2a: Switchblade
|-resisted|p2a: Switchblade
|-damage|p2a: Switchblade|184\/343 slp
|
|-heal|p2a: Switchblade|205\/343 slp|[from] item: Leftovers
|-damage|p1a: Gardevoir|146\/277 brn|[from] brn
|turn|16
|
|switch|p2a: Pontiac|Talonflame, F|297\/297
|move|p1a: Gardevoir|Focus Blast|p2a: Pontiac
|-resisted|p2a: Pontiac
|-damage|p2a: Pontiac|180\/297
|
|-damage|p1a: Gardevoir|112\/277 brn|[from] brn
|turn|17
|
|switch|p1a: Mandibuzz|Mandibuzz, F|423\/423
|move|p2a: Pontiac|Brave Bird|p1a: Mandibuzz
|-damage|p1a: Mandibuzz|299\/423
|-damage|p2a: Pontiac|131\/297|[from] item: Rocky Helmet|[of] p1a: Mandibuzz
|-damage|p2a: Pontiac|90\/297|[from] recoil|[of] p1a: Mandibuzz
|
|turn|18
|
|switch|p2a: iWash|Rotom-Wash|116\/304
|move|p1a: Mandibuzz|Taunt|p2a: iWash
|-start|p2a: iWash|move: Taunt
|
|-heal|p2a: iWash|135\/304|[from] item: Leftovers
|turn|19
|
|switch|p1a: Amoonguss|Amoonguss, M|416\/432 brn
|move|p2a: iWash|Hydro Pump|p1a: Amoonguss|[miss]
|-miss|p2a: iWash|p1a: Amoonguss
|
|-heal|p2a: iWash|154\/304|[from] item: Leftovers
|-heal|p1a: Amoonguss|432\/432 brn|[from] item: Black Sludge
|-damage|p1a: Amoonguss|378\/432 brn|[from] brn
|turn|20
|
|move|p2a: iWash|Volt Switch|p1a: Amoonguss
|-resisted|p1a: Amoonguss
|-damage|p1a: Amoonguss|330\/432 brn
|
|switch|p2a: Switchblade|Scizor, F, shiny|205\/343 slp
|move|p1a: Amoonguss|Giga Drain|p2a: Switchblade
|-resisted|p2a: Switchblade
|-damage|p2a: Switchblade|184\/343 slp
|-heal|p1a: Amoonguss|341\/432 brn|[from] drain|[of] p2a: Switchblade
|
|-heal|p2a: Switchblade|205\/343 slp|[from] item: Leftovers
|-heal|p1a: Amoonguss|368\/432 brn|[from] item: Black Sludge
|-damage|p1a: Amoonguss|314\/432 brn|[from] brn
|turn|21
|
|cant|p2a: Switchblade|slp
|move|p1a: Amoonguss|Hidden Power|p2a: Switchblade
|-supereffective|p2a: Switchblade
|-damage|p2a: Switchblade|9\/343 slp
|
|-heal|p2a: Switchblade|30\/343 slp|[from] item: Leftovers
|-heal|p1a: Amoonguss|341\/432 brn|[from] item: Black Sludge
|-damage|p1a: Amoonguss|287\/432 brn|[from] brn
|turn|22
|
|switch|p2a: iWash|Rotom-Wash|154\/304
|move|p1a: Amoonguss|Hidden Power|p2a: iWash
|-resisted|p2a: iWash
|-damage|p2a: iWash|136\/304
|
|-heal|p2a: iWash|155\/304|[from] item: Leftovers
|-heal|p1a: Amoonguss|314\/432 brn|[from] item: Black Sludge
|-damage|p1a: Amoonguss|260\/432 brn|[from] brn
|turn|23
|
|switch|p1a: Chansey|Chansey, F|703\/703
|move|p2a: iWash|Volt Switch|p1a: Chansey
|-damage|p1a: Chansey|649\/703
|
|switch|p2a: Shiitake|Breloom, M, shiny|262\/262
|
|turn|24
|
|switch|p1a: Amoonguss|Amoonguss, M|404\/432 brn
|move|p2a: Shiitake|Rock Tomb|p1a: Amoonguss
|-damage|p1a: Amoonguss|313\/432 brn
|-unboost|p1a: Amoonguss|spe|1
|
|-heal|p1a: Amoonguss|340\/432 brn|[from] item: Black Sludge
|-damage|p1a: Amoonguss|286\/432 brn|[from] brn
|turn|25
|
|switch|p2a: Pontiac|Talonflame, F|90\/297
|move|p1a: Amoonguss|Clear Smog|p2a: Pontiac
|-damage|p2a: Pontiac|17\/297
|-clearboost|p2a: Pontiac
|
|-heal|p1a: Amoonguss|313\/432 brn|[from] item: Black Sludge
|-damage|p1a: Amoonguss|259\/432 brn|[from] brn
|turn|26
|
|switch|p1a: Mandibuzz|Mandibuzz, F|299\/423
|move|p2a: Pontiac|Roost|p2a: Pontiac
|-heal|p2a: Pontiac|166\/297
|
|turn|27
|
|switch|p2a: iWash|Rotom-Wash|155\/304
|move|p1a: Mandibuzz|Roost|p1a: Mandibuzz
|-heal|p1a: Mandibuzz|423\/423
|
|-heal|p2a: iWash|174\/304|[from] item: Leftovers
|turn|28
|
|switch|p1a: Amoonguss|Amoonguss, M|403\/432 brn
|move|p2a: iWash|Volt Switch|p1a: Amoonguss
|-resisted|p1a: Amoonguss
|-damage|p1a: Amoonguss|349\/432 brn
|
|switch|p2a: Pontiac|Talonflame, F|166\/297
|
|-heal|p1a: Amoonguss|376\/432 brn|[from] item: Black Sludge
|-damage|p1a: Amoonguss|322\/432 brn|[from] brn
|turn|29
|
|switch|p2a: iWash|Rotom-Wash|174\/304
|switch|p1a: Mandibuzz|Mandibuzz, F|423\/423
|
|-heal|p2a: iWash|193\/304|[from] item: Leftovers
|turn|30
|
|switch|p1a: Amoonguss|Amoonguss, M|432\/432 brn
|move|p2a: iWash|Volt Switch|p1a: Amoonguss
|-crit|p1a: Amoonguss
|-resisted|p1a: Amoonguss
|-damage|p1a: Amoonguss|359\/432 brn
|
|switch|p2a: Pontiac|Talonflame, F|166\/297
|
|-heal|p1a: Amoonguss|386\/432 brn|[from] item: Black Sludge
|-damage|p1a: Amoonguss|332\/432 brn|[from] brn
|turn|31
|
|switch|p1a: Mandibuzz|Mandibuzz, F|423\/423
|move|p2a: Pontiac|Swords Dance|p2a: Pontiac
|-boost|p2a: Pontiac|atk|2
|
|turn|32
|
|move|p2a: Pontiac|Swords Dance|p2a: Pontiac
|-boost|p2a: Pontiac|atk|2
|move|p1a: Mandibuzz|Foul Play|p2a: Pontiac
|-damage|p2a: Pontiac|0 fnt
|faint|p2a: Pontiac
|
|
|switch|p2a: KINGOFKARP|Gyarados, M, shiny|331\/331
|-ability|p2a: KINGOFKARP|Intimidate|[of] p1a: Mandibuzz
|-unboost|p1a: Mandibuzz|atk|1
|turn|33
|
|detailschange|p2a: KINGOFKARP|Gyarados-Mega, M, shiny
|-mega|p2a: KINGOFKARP|Gyarados|Gyaradosite
|-ability|p2a: KINGOFKARP|Mold Breaker
|move|p2a: KINGOFKARP|Dragon Dance|p2a: KINGOFKARP
|-boost|p2a: KINGOFKARP|atk|1
|-boost|p2a: KINGOFKARP|spe|1
|move|p1a: Mandibuzz|Foul Play|p2a: KINGOFKARP
|-resisted|p2a: KINGOFKARP
|-damage|p2a: KINGOFKARP|202\/331
|
|turn|34
|
|move|p2a: KINGOFKARP|Waterfall|p1a: Mandibuzz
|-damage|p1a: Mandibuzz|243\/423
|-damage|p2a: KINGOFKARP|147\/331|[from] item: Rocky Helmet|[of] p1a: Mandibuzz
|move|p1a: Mandibuzz|Foul Play|p2a: KINGOFKARP
|-resisted|p2a: KINGOFKARP
|-damage|p2a: KINGOFKARP|10\/331
|
|turn|35
|
|move|p2a: KINGOFKARP|Dragon Dance|p2a: KINGOFKARP
|-boost|p2a: KINGOFKARP|atk|1
|-boost|p2a: KINGOFKARP|spe|1
|move|p1a: Mandibuzz|Roost|p1a: Mandibuzz
|-heal|p1a: Mandibuzz|423\/423
|
|turn|36
|
|move|p2a: KINGOFKARP|Waterfall|p1a: Mandibuzz
|-damage|p1a: Mandibuzz|183\/423
|-damage|p2a: KINGOFKARP|0 fnt|[from] item: Rocky Helmet|[of] p1a: Mandibuzz
|faint|p2a: KINGOFKARP
|move|p1a: Mandibuzz|Roost|p1a: Mandibuzz
|-heal|p1a: Mandibuzz|395\/423
|
|-message|Sally Mence forfeited.
|
|win|lil manaphy
|raw|Ladder updating...
|leave|Sally Mence
|player|p2
|raw|lil manaphy's rating: 1659 &rarr; <strong>1679<\/strong><br \/>(+20 for winning)
|raw|Sally Mence's rating: 1663 &rarr; <strong>1642<\/strong><br \/>(-21 for losing)