|join|Bulbasawr
|join|Lucila
|player|p1|Bulbasawr|279
|player|p2|Lucila|272
|gametype|singles
|gen|6
|tier|ORAS OU
|rated
|rule|Sleep Clause Mod: Limit one foe put to sleep
|rule|Species Clause: Limit one of each PokÃ©mon
|rule|OHKO Clause: OHKO moves are banned
|rule|Moody Clause: Moody is banned
|rule|Evasion Moves Clause: Evasion moves are banned
|rule|Endless Battle Clause: Forcing endless battles is banned
|rule|HP Percentage Mod: HP is shown in percentages
|clearpoke
|poke|p1|Politoed, M
|poke|p1|Kabutops, M
|poke|p1|Greninja, M
|poke|p1|Crawdaunt, F
|poke|p1|Kingdra, F
|poke|p1|Sceptile, M
|poke|p2|Altaria, F
|poke|p2|Gliscor, F
|poke|p2|Greninja, M
|poke|p2|Dragonite, F
|poke|p2|Jirachi
|poke|p2|Rotom-Wash
|rule|Swagger Clause: Swagger is banned
|rule|Baton Pass Clause: Limit one PokÃ©mon knowing Baton Pass
|teampreview
|
|start
|switch|p1a: Greninja|Greninja, M|286\/286
|switch|p2a: Miau|Greninja, M|286\/286
|turn|1
|
|move|p1a: Greninja|Gunk Shot|p2a: Miau|[miss]
|-start|p1a: Greninja|typechange|Poison|[from] Protean
|-miss|p1a: Greninja|p2a: Miau
|move|p2a: Miau|U-turn|p1a: Greninja
|-start|p2a: Miau|typechange|Bug|[from] Protean
|-resisted|p1a: Greninja
|-damage|p1a: Greninja|234\/286
|
|switch|p2a: Remi|Gliscor, F|354\/354
|
|-status|p2a: Remi|tox|[from] item: Toxic Orb
|turn|2
|
|switch|p2a: Mimi|Rotom-Wash|304\/304
|move|p1a: Greninja|Ice Beam|p2a: Mimi
|-start|p1a: Greninja|typechange|Ice|[from] Protean
|-resisted|p2a: Mimi
|-damage|p2a: Mimi|225\/304
|-damage|p1a: Greninja|206\/286|[from] item: Life Orb
|
|-heal|p2a: Mimi|244\/304|[from] item: Leftovers
|turn|3
|
|move|p1a: Greninja|Extrasensory|p2a: Mimi
|-start|p1a: Greninja|typechange|Psychic|[from] Protean
|-damage|p2a: Mimi|92\/304
|-damage|p1a: Greninja|178\/286|[from] item: Life Orb
|move|p2a: Mimi|Hidden Power|p1a: Greninja
|-damage|p1a: Greninja|111\/286
|
|-heal|p2a: Mimi|111\/304|[from] item: Leftovers
|turn|4
|
|switch|p2a: Luli|Jirachi|404\/404
|move|p1a: Greninja|Gunk Shot|p2a: Luli
|-start|p1a: Greninja|typechange|Poison|[from] Protean
|-immune|p2a: Luli|[msg]
|
|turn|5
|
|switch|p1a: Politoed|Politoed, M|384\/384
|-weather|RainDance
|move|p2a: Luli|Substitute|p2a: Luli
|-start|p2a: Luli|Substitute
|-damage|p2a: Luli|303\/404
|
|-weather|RainDance|[upkeep]
|-heal|p2a: Luli|328\/404|[from] item: Leftovers
|turn|6
|
|move|p2a: Luli|Body Slam|p1a: Politoed
|-damage|p1a: Politoed|299\/384
|-status|p1a: Politoed|par
|move|p1a: Politoed|Encore|p2a: Luli
|-start|p2a: Luli|Encore
|
|-weather|RainDance|[upkeep]
|-heal|p2a: Luli|353\/404|[from] item: Leftovers
|turn|7
|
|move|p2a: Luli|Body Slam|p1a: Politoed
|-damage|p1a: Politoed|214\/384 par
|move|p1a: Politoed|Scald|p2a: Luli
|-end|p2a: Luli|Substitute
|
|-weather|RainDance|[upkeep]
|-heal|p2a: Luli|378\/404|[from] item: Leftovers
|turn|8
|
|switch|p2a: Mimi|Rotom-Wash|111\/304
|move|p1a: Politoed|Scald|p2a: Mimi
|-resisted|p2a: Mimi
|-damage|p2a: Mimi|51\/304
|-status|p2a: Mimi|brn
|
|-weather|RainDance|[upkeep]
|-heal|p2a: Mimi|70\/304 brn|[from] item: Leftovers
|-damage|p2a: Mimi|32\/304 brn|[from] brn
|turn|9
|
|switch|p1a: Sceptile|Sceptile, M|281\/281
|move|p2a: Mimi|Volt Switch|p1a: Sceptile
|-resisted|p1a: Sceptile
|-damage|p1a: Sceptile|229\/281
|
|switch|p2a: Miau|Greninja, M|286\/286
|
|-weather|RainDance|[upkeep]
|turn|10
|
|switch|p1a: Kabutops|Kabutops, M|262\/262
|move|p2a: Miau|Ice Beam|p1a: Kabutops
|-start|p2a: Miau|typechange|Ice|[from] Protean
|-resisted|p1a: Kabutops
|-damage|p1a: Kabutops|166\/262
|
|-weather|RainDance|[upkeep]
|turn|11
|
|move|p1a: Kabutops|Waterfall|p2a: Miau
|-damage|p2a: Miau|0 fnt
|-damage|p1a: Kabutops|140\/262|[from] item: Life Orb
|faint|p2a: Miau
|
|-weather|RainDance|[upkeep]
|
|switch|p2a: Mimi|Rotom-Wash|32\/304 brn
|turn|12
|
|move|p1a: Kabutops|Waterfall|p2a: Mimi
|-resisted|p2a: Mimi
|-damage|p2a: Mimi|0 fnt
|-damage|p1a: Kabutops|114\/262|[from] item: Life Orb
|faint|p2a: Mimi
|
|-weather|none
|
|switch|p2a: Nubecita|Altaria, F|291\/291
|-ability|p2a: Nubecita|Cloud Nine
|turn|13
|
|switch|p1a: Greninja|Greninja, M|111\/286
|detailschange|p2a: Nubecita|Altaria-Mega, F
|message|Altaria has Mega Evolved into Mega Altaria!
|move|p2a: Nubecita|Dragon Dance|p2a: Nubecita
|-boost|p2a: Nubecita|atk|1
|-boost|p2a: Nubecita|spe|1
|
|turn|14
|
|move|p2a: Nubecita|Return|p1a: Greninja
|-supereffective|p1a: Greninja
|-damage|p1a: Greninja|0 fnt
|faint|p1a: Greninja
|
|
|switch|p1a: Politoed|Politoed, M|214\/384 par
|-weather|RainDance
|turn|15
|
|move|p2a: Nubecita|Return|p1a: Politoed
|-damage|p1a: Politoed|0 fnt
|faint|p1a: Politoed
|
|-weather|RainDance|[upkeep]
|
|switch|p1a: Kingdra|Kingdra, F|323\/323
|turn|16
|
|move|p2a: Nubecita|Return|p1a: Kingdra
|-supereffective|p1a: Kingdra
|-damage|p1a: Kingdra|0 fnt
|faint|p1a: Kingdra
|
|-weather|RainDance|[upkeep]
|
|switch|p1a: Crawdaunt|Crawdaunt, F|267\/267
|turn|17
|
|move|p2a: Nubecita|Return|p1a: Crawdaunt
|-supereffective|p1a: Crawdaunt
|-enditem|p1a: Crawdaunt|Focus Sash
|-damage|p1a: Crawdaunt|1\/267
|move|p1a: Crawdaunt|Crabhammer|p2a: Nubecita
|-resisted|p2a: Nubecita
|-damage|p2a: Nubecita|134\/291
|
|-weather|RainDance|[upkeep]
|turn|18
|
|move|p1a: Crawdaunt|Aqua Jet|p2a: Nubecita
|-resisted|p2a: Nubecita
|-damage|p2a: Nubecita|66\/291
|move|p2a: Nubecita|Return|p1a: Crawdaunt
|-supereffective|p1a: Crawdaunt
|-damage|p1a: Crawdaunt|0 fnt
|faint|p1a: Crawdaunt
|
|-weather|RainDance|[upkeep]
|
|switch|p1a: Kabutops|Kabutops, M|114\/262
|turn|19
|
|move|p1a: Kabutops|Stone Edge|p2a: Nubecita
|-damage|p2a: Nubecita|0 fnt
|-damage|p1a: Kabutops|88\/262|[from] item: Life Orb
|faint|p2a: Nubecita
|
|-weather|RainDance|[upkeep]
|
|switch|p2a: PrendeJudios|Dragonite, F|386\/386
|turn|20
|
|move|p1a: Kabutops|Stone Edge|p2a: PrendeJudios
|-supereffective|p2a: PrendeJudios
|-damage|p2a: PrendeJudios|175\/386
|-damage|p1a: Kabutops|62\/262|[from] item: Life Orb
|move|p2a: PrendeJudios|Earthquake|p1a: Kabutops
|-supereffective|p1a: Kabutops
|-damage|p1a: Kabutops|0 fnt
|faint|p1a: Kabutops
|
|-weather|RainDance|[upkeep]
|-heal|p2a: PrendeJudios|199\/386|[from] item: Leftovers
|
|switch|p1a: Sceptile|Sceptile, M|229\/281
|turn|21
|
|detailschange|p1a: Sceptile|Sceptile-Mega, M
|message|Sceptile has Mega Evolved into Mega Sceptile!
|move|p1a: Sceptile|Dragon Pulse|p2a: PrendeJudios
|-supereffective|p2a: PrendeJudios
|-damage|p2a: PrendeJudios|0 fnt
|faint|p2a: PrendeJudios
|
|-weather|RainDance|[upkeep]
|
|switch|p2a: Luli|Jirachi|378\/404
|turn|22
|
|move|p1a: Sceptile|Focus Blast|p2a: Luli
|-damage|p2a: Luli|217\/404
|move|p2a: Luli|Body Slam|p1a: Sceptile
|-damage|p1a: Sceptile|114\/281
|
|-weather|none
|-heal|p2a: Luli|242\/404|[from] item: Leftovers
|turn|23
|
|move|p1a: Sceptile|Focus Blast|p2a: Luli
|-damage|p2a: Luli|99\/404
|move|p2a: Luli|Iron Head|p1a: Sceptile
|-damage|p1a: Sceptile|0 fnt
|faint|p1a: Sceptile
|
|win|Lucila
|raw|Ladder updating...
|raw|Bulbasawr's rating: 1178 &rarr; <strong>1147<\/strong><br \/>(-31 for losing)
|raw|Lucila's rating: 1087 &rarr; <strong>1121<\/strong><br \/>(+34 for winning)
|leave|Bulbasawr
|player|p1