|join|Bulbasawr
|join|Arcanine1204
|player|p1|Bulbasawr|162
|player|p2|Arcanine1204|52
|gametype|singles
|gen|6
|tier|ORAS OU
|rated
|rule|Sleep Clause Mod: Limit one foe put to sleep
|rule|Species Clause: Limit one of each PokÃ©mon
|rule|OHKO Clause: OHKO moves are banned
|rule|Moody Clause: Moody is banned
|rule|Evasion Moves Clause: Evasion moves are banned
|rule|Endless Battle Clause: Forcing endless battles is banned
|rule|HP Percentage Mod: HP is shown in percentages
|clearpoke
|poke|p1|Politoed, F
|poke|p1|Swampert, M
|poke|p1|Kabutops, F
|poke|p1|Kingdra, F
|poke|p1|Magnezone
|poke|p1|Greninja, F
|poke|p2|Altaria, M
|poke|p2|Greninja, F
|poke|p2|Sableye, M
|poke|p2|Ferrothorn, M
|poke|p2|Mamoswine, F
|poke|p2|Raikou
|rule|Swagger Clause: Swagger is banned
|rule|Baton Pass Clause: Limit one PokÃ©mon knowing Baton Pass
|teampreview
|
|start
|switch|p1a: Magnezone|Magnezone|281\/281
|switch|p2a: Altaria|Altaria, M|292\/292
|turn|1
|
|detailschange|p2a: Altaria|Altaria-Mega, M
|message|Altaria has Mega Evolved into Mega Altaria!
|move|p2a: Altaria|Earthquake|p1a: Magnezone
|-supereffective|p1a: Magnezone
|-damage|p1a: Magnezone|0 fnt
|faint|p1a: Magnezone
|
|
|switch|p1a: Kingdra|Kingdra, F|291\/291
|turn|2
|
|move|p2a: Altaria|Return|p1a: Kingdra
|-supereffective|p1a: Kingdra
|-damage|p1a: Kingdra|0 fnt
|faint|p1a: Kingdra
|
|c|âBulbasawr|wtf
|join|FudgeNuggets2178
|
|switch|p1a: Politoed|Politoed, F|384\/384
|-weather|RainDance
|turn|3
|
|move|p2a: Altaria|Dragon Dance|p2a: Altaria
|-boost|p2a: Altaria|atk|1
|-boost|p2a: Altaria|spe|1
|move|p1a: Politoed|Encore|p2a: Altaria
|-start|p2a: Altaria|Encore
|
|-weather|RainDance|[upkeep]
|turn|4
|
|switch|p1a: Kabutops|Kabutops, F|262\/262
|move|p2a: Altaria|Dragon Dance|p2a: Altaria
|-boost|p2a: Altaria|atk|1
|-boost|p2a: Altaria|spe|1
|
|-weather|RainDance|[upkeep]
|turn|5
|
|move|p1a: Kabutops|Swords Dance|p1a: Kabutops
|-boost|p1a: Kabutops|atk|2
|move|p2a: Altaria|Dragon Dance|p2a: Altaria
|-boost|p2a: Altaria|atk|1
|-boost|p2a: Altaria|spe|1
|
|-weather|RainDance|[upkeep]
|turn|6
|
|move|p2a: Altaria|Dragon Dance|p2a: Altaria
|-boost|p2a: Altaria|atk|1
|-boost|p2a: Altaria|spe|1
|move|p1a: Kabutops|Swords Dance|p1a: Kabutops
|-boost|p1a: Kabutops|atk|2
|
|-weather|RainDance|[upkeep]
|-end|p2a: Altaria|Encore
|turn|7
|c|âBulbasawr|omg.
|leave|FudgeNuggets2178
|
|move|p2a: Altaria|Return|p1a: Kabutops
|-damage|p1a: Kabutops|0 fnt
|faint|p1a: Kabutops
|
|-weather|RainDance|[upkeep]
|-message|Bulbasawr forfeited.
|
|win|Arcanine1204
|raw|Ladder updating...
|leave|Bulbasawr
|player|p1
|raw|Ladder (probably) updated, but score could not be retrieved (timeout).
|raw|Ladder (probably) updated, but score could not be retrieved (Error: socket hang up).