|join|noobslayerlol
|join|Bulbasawr
|player|p1|noobslayerlol|1
|player|p2|Bulbasawr|162
|gametype|singles
|gen|6
|tier|OU
|rated
|clearpoke
|poke|p1|Mawile, F
|poke|p1|Bisharp, F
|poke|p1|Aegislash, M
|poke|p1|Landorus-Therian, M
|poke|p1|Keldeo
|poke|p1|Thundurus, M
|poke|p2|Pinsir, M
|poke|p2|Mamoswine, M
|poke|p2|Dragonite, M
|poke|p2|Talonflame, F
|poke|p2|Excadrill, M
|poke|p2|Greninja, M
|rule|Baton Pass Clause: Limit 3 pokemon knowing Baton Pass
|rule|Sleep Clause Mod: Limit one foe put to sleep
|rule|Species Clause: Limit one of each Pokemon
|rule|OHKO Clause: OHKO moves are banned
|rule|Moody Clause: Moody is banned
|rule|Evasion Moves Clause: Evasion moves are banned
|rule|Endless Battle Clause: Forcing endless battles is banned
|rule|HP Percentage Mod: HP is reported as percentages
|teampreview
|
|start
|switch|p1a: Keldeo|Keldeo|323\/323
|switch|p2a: Greninja|Greninja, M|286\/286
|turn|1
|
|switch|p1a: Bisharp|Bisharp, F|277\/277
|-start|p2a: Greninja|typechange|Psychic|[from] Protean
|move|p2a: Greninja|Extrasensory|p1a: Bisharp
|-immune|p1a: Bisharp|[msg]
|
|turn|2
|
|switch|p2a: Excadrill|Excadrill, M|361\/361
|-ability|p2a: Excadrill|Mold Breaker
|-item|p2a: Excadrill|Air Balloon
|move|p1a: Bisharp|Knock Off|p2a: Excadrill
|-damage|p2a: Excadrill|0 fnt
|-enditem|p2a: Excadrill|Air Balloon
|-damage|p1a: Bisharp|250\/277|[from] item: Life Orb
|faint|p2a: Excadrill
|
|
|switch|p2a: Greninja|Greninja, M|286\/286
|turn|3
|
|switch|p1a: Aegislash|Aegislash, M|312\/312
|-start|p2a: Greninja|typechange|Fire|[from] Protean
|move|p2a: Greninja|Hidden Power|p1a: Aegislash
|-supereffective|p1a: Aegislash
|-damage|p1a: Aegislash|148\/312
|-damage|p2a: Greninja|258\/286|[from] item: Life Orb
|
|-heal|p1a: Aegislash|167\/312|[from] item: Leftovers
|turn|4
|
|move|p1a: Aegislash|King's Shield|p1a: Aegislash
|-singleturn|p1a: Aegislash|Protect
|move|p2a: Greninja|Hidden Power|p1a: Aegislash
|-activate|p1a: Aegislash|Protect
|
|-heal|p1a: Aegislash|186\/312|[from] item: Leftovers
|turn|5
|
|move|p2a: Greninja|Hidden Power|p1a: Aegislash
|-supereffective|p1a: Aegislash
|-damage|p1a: Aegislash|30\/312
|-damage|p2a: Greninja|230\/286|[from] item: Life Orb
|-formechange|p1a: Aegislash|Aegislash-Blade
|move|p1a: Aegislash|Shadow Ball|p2a: Greninja
|-damage|p2a: Greninja|7\/286
|-unboost|p2a: Greninja|spd|1
|
|-heal|p1a: Aegislash|49\/312|[from] item: Leftovers
|turn|6
|
|-formechange|p1a: Aegislash|Aegislash
|move|p1a: Aegislash|King's Shield|p1a: Aegislash
|-singleturn|p1a: Aegislash|Protect
|move|p2a: Greninja|Hidden Power|p1a: Aegislash
|-activate|p1a: Aegislash|Protect
|
|-heal|p1a: Aegislash|68\/312|[from] item: Leftovers
|turn|7
|
|switch|p1a: Keldeo|Keldeo|323\/323
|move|p2a: Greninja|Hidden Power|p1a: Keldeo
|-resisted|p1a: Keldeo
|-damage|p1a: Keldeo|254\/323
|-damage|p2a: Greninja|0 fnt|[from] item: Life Orb
|faint|p2a: Greninja
|
|
|switch|p2a: Pinsir|Pinsir, M|334\/334
|turn|8
|
|detailschange|p2a: Pinsir|Pinsir-Mega, M
|message|Pinsir has Mega Evolved into Mega Pinsir!
|move|p1a: Keldeo|Scald|p2a: Pinsir
|-damage|p2a: Pinsir|138\/334
|-damage|p1a: Keldeo|222\/323|[from] item: Life Orb
|move|p2a: Pinsir|Swords Dance|p2a: Pinsir
|-boost|p2a: Pinsir|atk|2
|
|turn|9
|
|move|p2a: Pinsir|Quick Attack|p1a: Keldeo
|-supereffective|p1a: Keldeo
|-damage|p1a: Keldeo|0 fnt
|faint|p1a: Keldeo
|
|
|switch|p1a: Aegislash|Aegislash, M|68\/312
|turn|10
|
|move|p2a: Pinsir|Earthquake|p1a: Aegislash
|-supereffective|p1a: Aegislash
|-damage|p1a: Aegislash|0 fnt
|faint|p1a: Aegislash
|
|
|switch|p1a: Thundurus|Thundurus, M|300\/300
|turn|11
|
|switch|p2a: Mamoswine|Mamoswine, M|361\/361
|move|p1a: Thundurus|Thunderbolt|p2a: Mamoswine
|-immune|p2a: Mamoswine|[msg]
|
|turn|12
|
|move|p1a: Thundurus|Focus Blast|p2a: Mamoswine|[miss]
|-miss|p1a: Thundurus|p2a: Mamoswine
|move|p2a: Mamoswine|Earthquake|p1a: Thundurus
|-immune|p1a: Thundurus|[msg]
|
|turn|13
|
|move|p1a: Thundurus|Focus Blast|p2a: Mamoswine
|-crit|p2a: Mamoswine
|-supereffective|p2a: Mamoswine
|-enditem|p2a: Mamoswine|Focus Sash
|-damage|p2a: Mamoswine|1\/361
|-damage|p1a: Thundurus|270\/300|[from] item: Life Orb
|move|p2a: Mamoswine|Icicle Crash|p1a: Thundurus
|-supereffective|p1a: Thundurus
|-damage|p1a: Thundurus|0 fnt
|faint|p1a: Thundurus
|
|
|switch|p1a: Bisharp|Bisharp, F|250\/277
|turn|14
|
|move|p2a: Mamoswine|Ice Shard|p1a: Bisharp
|-resisted|p1a: Bisharp
|-damage|p1a: Bisharp|211\/277
|move|p1a: Bisharp|Knock Off|p2a: Mamoswine
|-damage|p2a: Mamoswine|0 fnt
|-damage|p1a: Bisharp|184\/277|[from] item: Life Orb
|faint|p2a: Mamoswine
|
|
|switch|p2a: Dragonite|Dragonite, M|323\/323
|turn|15
|
|move|p2a: Dragonite|Earthquake|p1a: Bisharp
|-supereffective|p1a: Bisharp
|-damage|p1a: Bisharp|0 fnt
|faint|p1a: Bisharp
|
|
|switch|p1a: Landorus-Therian|Landorus-Therian, M|382\/382
|-ability|p1a: Landorus-Therian|Intimidate|[of] p2a: Dragonite
|-unboost|p2a: Dragonite|atk|1
|turn|16
|
|move|p2a: Dragonite|Dragon Claw|p1a: Landorus-Therian
|-damage|p1a: Landorus-Therian|270\/382
|move|p1a: Landorus-Therian|Stealth Rock|p2a: Dragonite
|-sidestart|p2: Bulbasawr|move: Stealth Rock
|
|-heal|p1a: Landorus-Therian|293\/382|[from] item: Leftovers
|turn|17
|
|move|p2a: Dragonite|Dragon Dance|p2a: Dragonite
|-boost|p2a: Dragonite|atk|1
|-boost|p2a: Dragonite|spe|1
|move|p1a: Landorus-Therian|Knock Off|p2a: Dragonite
|-damage|p2a: Dragonite|250\/323
|-enditem|p2a: Dragonite|Lum Berry|[from] move: Knock Off|[of] p1a: Landorus-Therian
|
|-heal|p1a: Landorus-Therian|316\/382|[from] item: Leftovers
|turn|18
|
|move|p2a: Dragonite|Dragon Claw|p1a: Landorus-Therian
|-damage|p1a: Landorus-Therian|139\/382
|move|p1a: Landorus-Therian|Knock Off|p2a: Dragonite
|-damage|p2a: Dragonite|149\/323
|
|-heal|p1a: Landorus-Therian|162\/382|[from] item: Leftovers
|turn|19
|
|move|p2a: Dragonite|Dragon Claw|p1a: Landorus-Therian
|-damage|p1a: Landorus-Therian|0 fnt
|faint|p1a: Landorus-Therian
|
|
|switch|p1a: Mawile|Mawile, F|304\/304
|-ability|p1a: Mawile|Intimidate|[of] p2a: Dragonite
|-unboost|p2a: Dragonite|atk|1
|turn|20
|
|detailschange|p1a: Mawile|Mawile-Mega, F
|message|Mawile has Mega Evolved into Mega Mawile!
|move|p1a: Mawile|Sucker Punch|p2a: Dragonite
|-damage|p2a: Dragonite|0 fnt
|faint|p2a: Dragonite
|
|
|switch|p2a: Pinsir|Pinsir-Mega, M|138\/334
|-damage|p2a: Pinsir|0 fnt|[from] Stealth Rock
|faint|p2a: Pinsir
|
|switch|p2a: Talonflame|Talonflame, F|298\/298
|-damage|p2a: Talonflame|149\/298|[from] Stealth Rock
|turn|21
|
|move|p1a: Mawile|Sucker Punch|p2a: Talonflame
|-damage|p2a: Talonflame|0 fnt
|faint|p2a: Talonflame
|
|win|noobslayerlol
|raw|Ladder updating...
|raw|noobslayerlol's rating: 1618 &rarr; <strong>1641<\/strong><br \/>(+23 for winning)
|raw|Bulbasawr's rating: 1660 &rarr; <strong>1638<\/strong><br \/>(-22 for losing)