|join|DisastrousFutility
|join|Bulbasawr
|player|p1|DisastrousFutility|149
|player|p2|Bulbasawr|155
|gametype|singles
|gen|6
|tier|OU
|rated
|clearpoke
|poke|p1|Amoonguss, F
|poke|p1|Chansey, F
|poke|p1|Latios, M
|poke|p1|Heatran, M
|poke|p1|Keldeo
|poke|p1|Skarmory, F
|poke|p2|Politoed, F
|poke|p2|Sceptile, M
|poke|p2|Kabutops, F
|poke|p2|Kingdra, M
|poke|p2|Mamoswine, F
|poke|p2|Greninja, M
|rule|Swagger Clause: Swagger is banned
|rule|Baton Pass Clause: Limit one PokÃ©mon knowing Baton Pass
|rule|Sleep Clause Mod: Limit one foe put to sleep
|rule|Species Clause: Limit one of each PokÃ©mon
|rule|OHKO Clause: OHKO moves are banned
|rule|Moody Clause: Moody is banned
|rule|Evasion Moves Clause: Evasion moves are banned
|rule|Endless Battle Clause: Forcing endless battles is banned
|rule|HP Percentage Mod: HP is shown in percentages
|teampreview
|
|start
|switch|p1a: MLP|Keldeo|323\/323
|switch|p2a: Sceptile|Sceptile, M|281\/281
|turn|1
|
|switch|p1a: Grasloch|Amoonguss, F|432\/432
|detailschange|p2a: Sceptile|Sceptile-Mega, M
|message|Sceptile has Mega Evolved into Mega Sceptile!
|move|p2a: Sceptile|Substitute|p2a: Sceptile
|-start|p2a: Sceptile|Substitute
|-damage|p2a: Sceptile|211\/281
|
|turn|2
|
|move|p2a: Sceptile|Dragon Pulse|p1a: Grasloch
|-damage|p1a: Grasloch|272\/432
|move|p1a: Grasloch|Clear Smog|p2a: Sceptile
|-supereffective|p2a: Sceptile
|-end|p2a: Sceptile|Substitute
|
|-heal|p1a: Grasloch|299\/432|[from] item: Black Sludge
|turn|3
|
|move|p2a: Sceptile|Dragon Pulse|p1a: Grasloch
|-damage|p1a: Grasloch|140\/432
|move|p1a: Grasloch|Giga Drain|p2a: Sceptile
|-resisted|p2a: Sceptile
|-damage|p2a: Sceptile|189\/281
|-heal|p1a: Grasloch|151\/432|[from] drain|[of] p2a: Sceptile
|
|-heal|p1a: Grasloch|178\/432|[from] item: Black Sludge
|turn|4
|
|move|p2a: Sceptile|Dragon Pulse|p1a: Grasloch
|-damage|p1a: Grasloch|13\/432
|move|p1a: Grasloch|Clear Smog|p2a: Sceptile
|-crit|p2a: Sceptile
|-supereffective|p2a: Sceptile
|-damage|p2a: Sceptile|21\/281
|-clearboost|p2a: Sceptile
|
|-heal|p1a: Grasloch|40\/432|[from] item: Black Sludge
|turn|5
|
|switch|p1a: Bundeskanzlerin|Chansey, F|642\/642
|move|p2a: Sceptile|Giga Drain|p1a: Bundeskanzlerin
|-crit|p1a: Bundeskanzlerin
|-damage|p1a: Bundeskanzlerin|531\/642
|-heal|p2a: Sceptile|77\/281|[from] drain|[of] p1a: Bundeskanzlerin
|
|turn|6
|
|move|p2a: Sceptile|Substitute|p2a: Sceptile
|-start|p2a: Sceptile|Substitute
|-damage|p2a: Sceptile|7\/281
|move|p1a: Bundeskanzlerin|Seismic Toss|p2a: Sceptile
|-end|p2a: Sceptile|Substitute
|
|turn|7
|
|switch|p2a: Politoed|Politoed, F|384\/384
|-weather|RainDance
|move|p1a: Bundeskanzlerin|Seismic Toss|p2a: Politoed
|-damage|p2a: Politoed|284\/384
|
|-weather|RainDance|[upkeep]
|turn|8
|
|move|p2a: Politoed|Hypnosis|p1a: Bundeskanzlerin
|-status|p1a: Bundeskanzlerin|slp
|cant|p1a: Bundeskanzlerin|slp
|
|-weather|RainDance|[upkeep]
|turn|9
|
|switch|p2a: Sceptile|Sceptile-Mega, M|7\/281
|switch|p1a: MLP|Keldeo|323\/323
|
|-weather|RainDance|[upkeep]
|turn|10
|
|switch|p1a: Bundeskanzlerin|Chansey, F|531\/642
|move|p2a: Sceptile|Giga Drain|p1a: Bundeskanzlerin
|-damage|p1a: Bundeskanzlerin|458\/642
|-heal|p2a: Sceptile|44\/281|[from] drain|[of] p1a: Bundeskanzlerin
|
|-weather|RainDance|[upkeep]
|turn|11
|
|switch|p2a: Politoed|Politoed, F|284\/384
|move|p1a: Bundeskanzlerin|Seismic Toss|p2a: Politoed
|-damage|p2a: Politoed|184\/384
|
|-weather|RainDance|[upkeep]
|turn|12
|
|move|p2a: Politoed|Hypnosis|p1a: Bundeskanzlerin
|-status|p1a: Bundeskanzlerin|slp
|cant|p1a: Bundeskanzlerin|slp
|
|-weather|RainDance|[upkeep]
|turn|13
|
|switch|p2a: Mamoswine|Mamoswine, F|361\/361
|switch|p1a: MLP|Keldeo|323\/323
|
|-weather|RainDance|[upkeep]
|turn|14
|
|move|p1a: MLP|Scald|p2a: Mamoswine
|-supereffective|p2a: Mamoswine
|-enditem|p2a: Mamoswine|Focus Sash
|-damage|p2a: Mamoswine|1\/361
|move|p2a: Mamoswine|Endeavor|p1a: MLP
|-damage|p1a: MLP|1\/323
|
|-weather|none
|-heal|p1a: MLP|21\/323|[from] item: Leftovers
|turn|15
|
|switch|p1a: Vanguard|Skarmory, F|334\/334
|move|p2a: Mamoswine|Ice Shard|p1a: Vanguard
|-damage|p1a: Vanguard|294\/334
|
|turn|16
|
|switch|p1a: MLP|Keldeo|21\/323
|move|p2a: Mamoswine|Endeavor|p1a: MLP
|-damage|p1a: MLP|1\/323
|
|-heal|p1a: MLP|21\/323|[from] item: Leftovers
|turn|17
|
|move|p2a: Mamoswine|Ice Shard|p1a: MLP
|-crit|p1a: MLP
|-resisted|p1a: MLP
|-damage|p1a: MLP|0 fnt
|faint|p1a: MLP
|
|
|switch|p1a: Zenith|Latios, M|301\/301
|turn|18
|
|detailschange|p1a: Zenith|Latios-Mega, M
|message|Latios has Mega Evolved into Mega Latios!
|move|p2a: Mamoswine|Ice Shard|p1a: Zenith
|-supereffective|p1a: Zenith
|-damage|p1a: Zenith|151\/301
|move|p1a: Zenith|Earthquake|p2a: Mamoswine
|-damage|p2a: Mamoswine|0 fnt
|faint|p2a: Mamoswine
|
|
|switch|p2a: Sceptile|Sceptile-Mega, M|44\/281
|turn|19
|
|-singleturn|p2a: Sceptile|move: Focus Punch
|switch|p1a: Bundeskanzlerin|Chansey, F|458\/642
|move|p2a: Sceptile|Focus Punch|p1a: Bundeskanzlerin
|-supereffective|p1a: Bundeskanzlerin
|-damage|p1a: Bundeskanzlerin|92\/642
|
|turn|20
|
|move|p2a: Sceptile|Dragon Pulse|p1a: Bundeskanzlerin
|-damage|p1a: Bundeskanzlerin|14\/642
|move|p1a: Bundeskanzlerin|Soft-Boiled|p1a: Bundeskanzlerin
|-heal|p1a: Bundeskanzlerin|335\/642
|
|turn|21
|
|move|p2a: Sceptile|Giga Drain|p1a: Bundeskanzlerin
|-damage|p1a: Bundeskanzlerin|256\/642
|-heal|p2a: Sceptile|84\/281|[from] drain|[of] p1a: Bundeskanzlerin
|move|p1a: Bundeskanzlerin|Seismic Toss|p2a: Sceptile
|-damage|p2a: Sceptile|0 fnt
|faint|p2a: Sceptile
|
|
|switch|p2a: Kabutops|Kabutops, F|262\/262
|turn|22
|
|switch|p1a: Vanguard|Skarmory, F|294\/334
|move|p2a: Kabutops|Swords Dance|p2a: Kabutops
|-boost|p2a: Kabutops|atk|2
|
|turn|23
|
|move|p2a: Kabutops|Stone Edge|p1a: Vanguard
|-damage|p1a: Vanguard|31\/334
|-damage|p2a: Kabutops|236\/262|[from] item: Life Orb
|move|p1a: Vanguard|Whirlwind|p2a: Kabutops
|drag|p2a: Kingdra|Kingdra, M|291\/291
|
|turn|24
|
|move|p2a: Kingdra|Surf|p1a: Vanguard
|-damage|p1a: Vanguard|0 fnt
|-damage|p2a: Kingdra|262\/291|[from] item: Life Orb
|faint|p1a: Vanguard
|
|
|switch|p1a: Bundeskanzlerin|Chansey, F|256\/642
|turn|25
|
|switch|p2a: Kabutops|Kabutops, F|236\/262
|move|p1a: Bundeskanzlerin|Soft-Boiled|p1a: Bundeskanzlerin
|-heal|p1a: Bundeskanzlerin|577\/642
|
|turn|26
|
|move|p2a: Kabutops|Stone Edge|p1a: Bundeskanzlerin
|-crit|p1a: Bundeskanzlerin
|-damage|p1a: Bundeskanzlerin|86\/642
|-damage|p2a: Kabutops|210\/262|[from] item: Life Orb
|move|p1a: Bundeskanzlerin|Thunder Wave|p2a: Kabutops
|-status|p2a: Kabutops|par
|
|turn|27
|c|âDisastrousFutility|ugh
|
|move|p1a: Bundeskanzlerin|Soft-Boiled|p1a: Bundeskanzlerin
|-heal|p1a: Bundeskanzlerin|407\/642
|move|p2a: Kabutops|Stone Edge|p1a: Bundeskanzlerin
|-damage|p1a: Bundeskanzlerin|109\/642
|-damage|p2a: Kabutops|184\/262 par|[from] item: Life Orb
|
|turn|28
|
|switch|p1a: Grasloch|Amoonguss, F|184\/432
|move|p2a: Kabutops|Swords Dance|p2a: Kabutops
|-boost|p2a: Kabutops|atk|2
|
|-heal|p1a: Grasloch|211\/432|[from] item: Black Sludge
|turn|29
|
|switch|p2a: Politoed|Politoed, F|184\/384
|-weather|RainDance
|move|p1a: Grasloch|Giga Drain|p2a: Politoed
|-supereffective|p2a: Politoed
|-damage|p2a: Politoed|22\/384
|-heal|p1a: Grasloch|292\/432|[from] drain|[of] p2a: Politoed
|
|-weather|RainDance|[upkeep]
|-heal|p1a: Grasloch|319\/432|[from] item: Black Sludge
|turn|30
|
|switch|p1a: Bundeskanzlerin|Chansey, F|109\/642
|move|p2a: Politoed|Hypnosis|p1a: Bundeskanzlerin|[miss]
|-miss|p2a: Politoed|p1a: Bundeskanzlerin
|
|-weather|RainDance|[upkeep]
|turn|31
|
|move|p2a: Politoed|Hypnosis|p1a: Bundeskanzlerin|[miss]
|-miss|p2a: Politoed|p1a: Bundeskanzlerin
|move|p1a: Bundeskanzlerin|Soft-Boiled|p1a: Bundeskanzlerin
|-heal|p1a: Bundeskanzlerin|430\/642
|
|-weather|RainDance|[upkeep]
|turn|32
|
|switch|p1a: Krakatoa|Heatran, M|385\/385
|-item|p1a: Krakatoa|Air Balloon
|move|p2a: Politoed|Hypnosis|p1a: Krakatoa
|-status|p1a: Krakatoa|slp
|
|-weather|RainDance|[upkeep]
|turn|33
|
|switch|p1a: Grasloch|Amoonguss, F|432\/432
|switch|p2a: Kabutops|Kabutops, F|184\/262 par
|
|-weather|RainDance|[upkeep]
|turn|34
|-message|Bulbasawr forfeited.
|
|win|DisastrousFutility
|raw|Ladder updating...
|leave|Bulbasawr
|player|p2
|raw|DisastrousFutility's rating: 1465 &rarr; <strong>1483<\/strong><br \/>(+18 for winning)
|raw|Bulbasawr's rating: 1422 &rarr; <strong>1404<\/strong><br \/>(-18 for losing)