|join|Bulbasawr
|join|Angelus7
|player|p1|Bulbasawr|2
|player|p2|Angelus7|260
|gametype|singles
|gen|6
|tier|OU
|rated
|clearpoke
|poke|p1|Dragonite, F
|poke|p1|Pinsir, F
|poke|p1|Landorus-Therian, M
|poke|p1|Keldeo-Resolute
|poke|p1|Excadrill, F
|poke|p1|Talonflame, M
|poke|p2|Greninja, M
|poke|p2|Azumarill, M
|poke|p2|Conkeldurr, F
|poke|p2|Chansey, F
|poke|p2|Excadrill, M
|poke|p2|Charizard, F
|rule|Swagger Clause: Swagger is banned
|rule|Baton Pass Clause: Limit one PokÃ©mon knowing Baton Pass
|rule|Sleep Clause Mod: Limit one foe put to sleep
|rule|Species Clause: Limit one of each PokÃ©mon
|rule|OHKO Clause: OHKO moves are banned
|rule|Moody Clause: Moody is banned
|rule|Evasion Moves Clause: Evasion moves are banned
|rule|Endless Battle Clause: Forcing endless battles is banned
|rule|HP Percentage Mod: HP is shown in percentages
|teampreview
|
|start
|switch|p1a: Landorus-Therian|Landorus-Therian, M|320\/320
|switch|p2a: Chansey|Chansey, F|704\/704
|-ability|p1a: Landorus-Therian|Intimidate|[of] p2a: Chansey
|-unboost|p2a: Chansey|atk|1
|turn|1
|
|move|p1a: Landorus-Therian|U-turn|p2a: Chansey
|-damage|p2a: Chansey|570\/704
|
|switch|p1a: Excadrill|Excadrill, F|362\/362
|-ability|p1a: Excadrill|Mold Breaker
|-item|p1a: Excadrill|Air Balloon
|move|p2a: Chansey|Seismic Toss|p1a: Excadrill
|-damage|p1a: Excadrill|262\/362
|-enditem|p1a: Excadrill|Air Balloon
|
|turn|2
|
|switch|p2a: Charizard|Charizard, F|298\/298
|move|p1a: Excadrill|Iron Head|p2a: Charizard
|-resisted|p2a: Charizard
|-damage|p2a: Charizard|202\/298
|
|turn|3
|
|detailschange|p2a: Charizard|Charizard-Mega-Y, F
|message|Charizard has Mega Evolved into Mega Charizard!
|-weather|SunnyDay
|move|p2a: Charizard|Flamethrower|p1a: Excadrill
|-supereffective|p1a: Excadrill
|-damage|p1a: Excadrill|0 fnt
|faint|p1a: Excadrill
|
|-weather|SunnyDay|[upkeep]
|join|Minfaro
|
|switch|p1a: Talonflame|Talonflame, M|298\/298
|turn|4
|
|move|p1a: Talonflame|Brave Bird|p2a: Charizard
|-damage|p2a: Charizard|0 fnt
|-damage|p1a: Talonflame|231\/298|[from] recoil|[of] p2a: Charizard
|faint|p2a: Charizard
|
|-weather|SunnyDay|[upkeep]
|
|switch|p2a: Chansey|Chansey, F|570\/704
|turn|5
|c| Minfaro|thunder wave
|
|move|p1a: Talonflame|Swords Dance|p1a: Talonflame
|-boost|p1a: Talonflame|atk|2
|move|p2a: Chansey|Thunder Wave|p1a: Talonflame
|-status|p1a: Talonflame|par
|
|-weather|SunnyDay|[upkeep]
|turn|6
|
|move|p2a: Chansey|Seismic Toss|p1a: Talonflame
|-damage|p1a: Talonflame|131\/298 par
|cant|p1a: Talonflame|par
|
|-weather|SunnyDay|[upkeep]
|turn|7
|c| Minfaro|kill he!
|c| Minfaro|brave bird
|
|move|p1a: Talonflame|Roost|p1a: Talonflame
|-heal|p1a: Talonflame|280\/298 par
|move|p2a: Chansey|Seismic Toss|p1a: Talonflame
|-damage|p1a: Talonflame|180\/298 par
|
|-weather|none
|turn|8
|c| Minfaro|brave bird
|
|move|p1a: Talonflame|Brave Bird|p2a: Chansey
|-damage|p2a: Chansey|18\/704
|-damage|p1a: Talonflame|0 fnt|[from] recoil|[of] p2a: Chansey
|faint|p1a: Talonflame
|move|p2a: Chansey|Seismic Toss|p1: Talonflame|[notarget]
|-notarget
|
|
|switch|p1a: Landorus-Therian|Landorus-Therian, M|320\/320
|-ability|p1a: Landorus-Therian|Intimidate|[of] p2a: Chansey
|-unboost|p2a: Chansey|atk|1
|turn|9
|c| Minfaro|lol
|
|move|p1a: Landorus-Therian|U-turn|p2a: Chansey
|-damage|p2a: Chansey|0 fnt
|faint|p2a: Chansey
|c| Minfaro|come on
|
|switch|p1a: Keldeo-Resolute|Keldeo-Resolute|322\/322
|
|c| Minfaro|excadrill scarf
|
|switch|p2a: Conkeldurr|Conkeldurr, F|414\/414
|turn|10
|c| Minfaro|this assault vest
|
|switch|p1a: Landorus-Therian|Landorus-Therian, M|320\/320
|-ability|p1a: Landorus-Therian|Intimidate|[of] p2a: Conkeldurr
|-unboost|p2a: Conkeldurr|atk|1
|move|p2a: Conkeldurr|Drain Punch|p1a: Landorus-Therian
|-resisted|p1a: Landorus-Therian
|-damage|p1a: Landorus-Therian|250\/320
|
|turn|11
|
|move|p1a: Landorus-Therian|U-turn|p2a: Conkeldurr
|-resisted|p2a: Conkeldurr
|-damage|p2a: Conkeldurr|363\/414
|
|switch|p1a: Pinsir|Pinsir, F|334\/334
|move|p2a: Conkeldurr|Ice Punch|p1a: Pinsir
|-damage|p1a: Pinsir|249\/334
|
|turn|12
|c| Minfaro|^_^
|
|switch|p2a: Excadrill|Excadrill, M|362\/362
|-ability|p2a: Excadrill|Mold Breaker
|detailschange|p1a: Pinsir|Pinsir-Mega, F
|message|Pinsir has Mega Evolved into Mega Pinsir!
|move|p1a: Pinsir|Frustration|p2a: Excadrill
|-resisted|p2a: Excadrill
|-damage|p2a: Excadrill|135\/362
|
|turn|13
|
|switch|p1a: Landorus-Therian|Landorus-Therian, M|250\/320
|-ability|p1a: Landorus-Therian|Intimidate|[of] p2a: Excadrill
|-unboost|p2a: Excadrill|atk|1
|move|p2a: Excadrill|Rock Slide|p1a: Landorus-Therian
|-damage|p1a: Landorus-Therian|178\/320
|
|turn|14
|
|move|p1a: Landorus-Therian|U-turn|p2a: Excadrill
|-resisted|p2a: Excadrill
|-damage|p2a: Excadrill|59\/362
|
|switch|p1a: Keldeo-Resolute|Keldeo-Resolute|322\/322
|move|p2a: Excadrill|Rock Slide|p1a: Keldeo-Resolute
|-resisted|p1a: Keldeo-Resolute
|-damage|p1a: Keldeo-Resolute|286\/322
|
|turn|15
|
|switch|p1a: Landorus-Therian|Landorus-Therian, M|178\/320
|-ability|p1a: Landorus-Therian|Intimidate|[of] p2a: Excadrill
|-unboost|p2a: Excadrill|atk|1
|move|p2a: Excadrill|Rock Slide|p1a: Landorus-Therian
|-miss|p2a: Excadrill|p1a: Landorus-Therian
|
|turn|16
|
|move|p1a: Landorus-Therian|U-turn|p2a: Excadrill
|-resisted|p2a: Excadrill
|-damage|p2a: Excadrill|0 fnt
|faint|p2a: Excadrill
|
|switch|p1a: Keldeo-Resolute|Keldeo-Resolute|286\/322
|
|c| Minfaro|his azumarill is belly drum+sitrus berry
|
|switch|p2a: Azumarill|Azumarill, M|404\/404
|turn|17
|
|switch|p1a: Landorus-Therian|Landorus-Therian, M|178\/320
|-ability|p1a: Landorus-Therian|Intimidate|[of] p2a: Azumarill
|-unboost|p2a: Azumarill|atk|1
|move|p2a: Azumarill|Belly Drum|p2a: Azumarill
|-damage|p2a: Azumarill|202\/404
|-setboost|p2a: Azumarill|atk|6|[from] move: Belly Drum
|-enditem|p2a: Azumarill|Sitrus Berry|[eat]
|-heal|p2a: Azumarill|303\/404|[from] item: Sitrus Berry
|
|turn|18
|
|move|p2a: Azumarill|Aqua Jet|p1a: Landorus-Therian
|-supereffective|p1a: Landorus-Therian
|-damage|p1a: Landorus-Therian|0 fnt
|faint|p1a: Landorus-Therian
|
|
|switch|p1a: Keldeo-Resolute|Keldeo-Resolute|286\/322
|turn|19
|
|move|p1a: Keldeo-Resolute|Hydro Pump|p2a: Azumarill
|-resisted|p2a: Azumarill
|-damage|p2a: Azumarill|139\/404
|move|p2a: Azumarill|Play Rough|p1a: Keldeo-Resolute
|-supereffective|p1a: Keldeo-Resolute
|-damage|p1a: Keldeo-Resolute|0 fnt
|faint|p1a: Keldeo-Resolute
|
|
|switch|p1a: Pinsir|Pinsir-Mega, F|249\/334
|turn|20
|
|move|p1a: Pinsir|Quick Attack|p2a: Azumarill
|-damage|p2a: Azumarill|0 fnt
|faint|p2a: Azumarill
|
|c| Minfaro|:)
|
|switch|p2a: Greninja|Greninja, M|286\/286
|turn|21
|
|move|p1a: Pinsir|Quick Attack|p2a: Greninja
|-damage|p2a: Greninja|117\/286
|move|p2a: Greninja|Ice Beam|p1a: Pinsir
|-start|p2a: Greninja|typechange|Ice|[from] Protean
|-supereffective|p1a: Pinsir
|-damage|p1a: Pinsir|0 fnt
|-damage|p2a: Greninja|89\/286|[from] item: Life Orb
|faint|p1a: Pinsir
|
|
|switch|p1a: Dragonite|Dragonite, F|324\/324
|turn|22
|c| Minfaro|good job
|c| Minfaro|ep
|c| Minfaro|extreme speed
|
|switch|p2a: Conkeldurr|Conkeldurr, F|363\/414
|move|p1a: Dragonite|Extreme Speed|p2a: Conkeldurr
|-damage|p2a: Conkeldurr|250\/414
|
|turn|23
|c| Minfaro|dragon dance
|
|move|p2a: Conkeldurr|Mach Punch|p1a: Dragonite
|-resisted|p1a: Dragonite
|-damage|p1a: Dragonite|299\/324
|move|p1a: Dragonite|Dragon Dance|p1a: Dragonite
|-boost|p1a: Dragonite|atk|1
|-boost|p1a: Dragonite|spe|1
|
|turn|24
|
|move|p1a: Dragonite|Dragon Claw|p2a: Conkeldurr
|-damage|p2a: Conkeldurr|0 fnt
|faint|p2a: Conkeldurr
|
|c|âBulbasawr|lmfao no ice punch?
|
|switch|p2a: Greninja|Greninja, M|89\/286
|turn|25
|
|move|p1a: Dragonite|Extreme Speed|p2a: Greninja
|-crit|p2a: Greninja
|-damage|p2a: Greninja|0 fnt
|faint|p2a: Greninja
|
|win|Bulbasawr
|raw|Ladder updating...
|raw|Bulbasawr's rating: 1597 &rarr; <strong>1620<\/strong><br \/>(+23 for winning)
|raw|Angelus7's rating: 1653 &rarr; <strong>1630<\/strong><br \/>(-23 for losing)
|leave|Bulbasawr
|player|p1
|c| Minfaro|yes but u have multiscale
|leave|Minfaro