|join|r00ster
|join|Bulbasawr
|player|p1|r00ster|2
|player|p2|Bulbasawr|162
|gametype|singles
|gen|6
|tier|OU
|rated
|clearpoke
|poke|p1|Absol, F
|poke|p1|Terrakion
|poke|p1|Ferrothorn, M
|poke|p1|Rotom-Wash
|poke|p1|Togekiss, F
|poke|p1|Garchomp, M
|poke|p2|Tyranitar, F
|poke|p2|Excadrill, M
|poke|p2|Pinsir, F
|poke|p2|Keldeo-Resolute
|poke|p2|Talonflame, F
|poke|p2|Latios, M
|rule|Swagger Clause: Swagger is banned
|rule|Baton Pass Clause: Limit one PokÃ©mon knowing Baton Pass
|rule|Sleep Clause Mod: Limit one foe put to sleep
|rule|Species Clause: Limit one of each PokÃ©mon
|rule|OHKO Clause: OHKO moves are banned
|rule|Moody Clause: Moody is banned
|rule|Evasion Moves Clause: Evasion moves are banned
|rule|Endless Battle Clause: Forcing endless battles is banned
|rule|HP Percentage Mod: HP is shown in percentages
|teampreview
|
|start
|switch|p1a: Rotom-Wash|Rotom-Wash|304\/304
|switch|p2a: Latios|Latios, M|302\/302
|turn|1
|
|switch|p1a: Ferrothorn|Ferrothorn, M|352\/352
|move|p2a: Latios|Draco Meteor|p1a: Ferrothorn
|-resisted|p1a: Ferrothorn
|-damage|p1a: Ferrothorn|211\/352
|-unboost|p2a: Latios|spa|2
|
|-heal|p1a: Ferrothorn|233\/352|[from] item: Leftovers
|turn|2
|
|switch|p2a: Tyranitar|Tyranitar, F|404\/404
|-weather|Sandstorm
|move|p1a: Ferrothorn|Stealth Rock|p2a: Tyranitar
|-sidestart|p2: Bulbasawr|move: Stealth Rock
|
|-weather|Sandstorm|[upkeep]
|-heal|p1a: Ferrothorn|255\/352|[from] item: Leftovers
|turn|3
|
|move|p1a: Ferrothorn|Protect|p1a: Ferrothorn
|-singleturn|p1a: Ferrothorn|Protect
|move|p2a: Tyranitar|Stealth Rock|p1a: Ferrothorn
|-sidestart|p1: r00ster|move: Stealth Rock
|
|-weather|Sandstorm|[upkeep]
|-heal|p1a: Ferrothorn|277\/352|[from] item: Leftovers
|turn|4
|
|switch|p1a: Rotom-Wash|Rotom-Wash|304\/304
|-damage|p1a: Rotom-Wash|266\/304|[from] Stealth Rock
|move|p2a: Tyranitar|Stealth Rock|p1a: Rotom-Wash
|-fail|p1a: Rotom-Wash
|
|-weather|Sandstorm|[upkeep]
|-damage|p1a: Rotom-Wash|247\/304|[from] sandstorm
|-heal|p1a: Rotom-Wash|266\/304|[from] item: Leftovers
|turn|5
|
|move|p1a: Rotom-Wash|Will-O-Wisp|p2a: Tyranitar
|-status|p2a: Tyranitar|brn
|move|p2a: Tyranitar|Crunch|p1a: Rotom-Wash
|-damage|p1a: Rotom-Wash|223\/304
|
|-weather|Sandstorm|[upkeep]
|-damage|p1a: Rotom-Wash|204\/304|[from] sandstorm
|-heal|p1a: Rotom-Wash|223\/304|[from] item: Leftovers
|-damage|p2a: Tyranitar|354\/404 brn|[from] brn
|turn|6
|
|switch|p2a: Latios|Latios, M|302\/302
|-damage|p2a: Latios|265\/302|[from] Stealth Rock
|move|p1a: Rotom-Wash|Volt Switch|p2a: Latios
|-crit|p2a: Latios
|-resisted|p2a: Latios
|-damage|p2a: Latios|205\/302
|
|switch|p1a: Absol|Absol, F|271\/271
|-damage|p1a: Absol|238\/271|[from] Stealth Rock
|
|-weather|Sandstorm|[upkeep]
|-damage|p2a: Latios|187\/302|[from] sandstorm
|-damage|p1a: Absol|222\/271|[from] sandstorm
|turn|7
|
|detailschange|p1a: Absol|Absol-Mega, F
|message|Absol has Mega Evolved into Mega Absol!
|move|p1a: Absol|Sucker Punch|p2a: Latios
|-supereffective|p2a: Latios
|-damage|p2a: Latios|0 fnt
|faint|p2a: Latios
|
|-weather|Sandstorm|[upkeep]
|-damage|p1a: Absol|206\/271|[from] sandstorm
|
|switch|p2a: Excadrill|Excadrill, M|362\/362
|-damage|p2a: Excadrill|351\/362|[from] Stealth Rock
|-item|p2a: Excadrill|Air Balloon
|turn|8
|
|move|p2a: Excadrill|Rapid Spin|p1a: Absol
|-damage|p1a: Absol|169\/271
|-sideend|p2: Bulbasawr|Stealth Rock|[from] move: Rapid Spin|[of] p2a: Excadrill
|move|p1a: Absol|Superpower|p2a: Excadrill
|-supereffective|p2a: Excadrill
|-damage|p2a: Excadrill|0 fnt
|-enditem|p2a: Excadrill|Air Balloon
|-unboost|p1a: Absol|atk|1
|-unboost|p1a: Absol|def|1
|faint|p2a: Excadrill
|
|-weather|Sandstorm|[upkeep]
|-damage|p1a: Absol|153\/271|[from] sandstorm
|c|âr00ster|how did you go first?
|
|switch|p2a: Pinsir|Pinsir, F|334\/334
|turn|9
|c|âr00ster|wtf just happened?
|
|detailschange|p2a: Pinsir|Pinsir-Mega, F
|message|Pinsir has Mega Evolved into Mega Pinsir!
|move|p1a: Absol|Fire Blast|p2a: Pinsir
|-supereffective|p2a: Pinsir
|-damage|p2a: Pinsir|128\/334
|move|p2a: Pinsir|Swords Dance|p2a: Pinsir
|-boost|p2a: Pinsir|atk|2
|
|-weather|none
|turn|10
|
|move|p1a: Absol|Sucker Punch|p2a: Pinsir
|-damage|p2a: Pinsir|31\/334
|move|p2a: Pinsir|Quick Attack|p1a: Absol
|-crit|p1a: Absol
|-damage|p1a: Absol|0 fnt
|faint|p1a: Absol
|
|
|switch|p1a: Garchomp|Garchomp, M|357\/357
|-damage|p1a: Garchomp|335\/357|[from] Stealth Rock
|turn|11
|
|move|p2a: Pinsir|Quick Attack|p1a: Garchomp
|-damage|p1a: Garchomp|82\/357
|-damage|p2a: Pinsir|0 fnt|[from] ability: Rough Skin|[of] p1a: Garchomp
|faint|p2a: Pinsir
|move|p1a: Garchomp|Dragon Claw|p2: Pinsir|[notarget]
|-notarget
|
|c|âr00ster|is this a bug?
|
|switch|p2a: Tyranitar|Tyranitar, F|354\/404 brn
|-weather|Sandstorm
|turn|12
|
|switch|p1a: Terrakion|Terrakion|323\/323
|-damage|p1a: Terrakion|303\/323|[from] Stealth Rock
|move|p2a: Tyranitar|Crunch|p1a: Terrakion
|-resisted|p1a: Terrakion
|-damage|p1a: Terrakion|270\/323
|-boost|p1a: Terrakion|atk|1|[from] ability: Justified
|
|-weather|Sandstorm|[upkeep]
|-damage|p2a: Tyranitar|304\/404 brn|[from] brn
|turn|13
|
|move|p1a: Terrakion|Close Combat|p2a: Tyranitar
|-supereffective|p2a: Tyranitar
|-damage|p2a: Tyranitar|0 fnt
|-unboost|p1a: Terrakion|def|1
|-unboost|p1a: Terrakion|spd|1
|-damage|p1a: Terrakion|238\/323|[from] item: Life Orb
|faint|p2a: Tyranitar
|
|-weather|Sandstorm|[upkeep]
|
|switch|p2a: Keldeo-Resolute|Keldeo-Resolute|322\/322
|turn|14
|
|switch|p1a: Ferrothorn|Ferrothorn, M|277\/352
|-damage|p1a: Ferrothorn|255\/352|[from] Stealth Rock
|move|p2a: Keldeo-Resolute|Scald|p1a: Ferrothorn
|-resisted|p1a: Ferrothorn
|-damage|p1a: Ferrothorn|159\/352
|
|-weather|Sandstorm|[upkeep]
|-damage|p2a: Keldeo-Resolute|302\/322|[from] sandstorm
|-heal|p1a: Ferrothorn|181\/352|[from] item: Leftovers
|turn|15
|
|switch|p2a: Talonflame|Talonflame, F|298\/298
|move|p1a: Ferrothorn|Leech Seed|p2a: Talonflame
|-start|p2a: Talonflame|move: Leech Seed
|
|-weather|Sandstorm|[upkeep]
|-damage|p2a: Talonflame|280\/298|[from] sandstorm
|-heal|p1a: Ferrothorn|203\/352|[from] item: Leftovers
|-damage|p2a: Talonflame|243\/298|[from] Leech Seed|[of] p1a: Ferrothorn
|-heal|p1a: Ferrothorn|240\/352|[silent]
|turn|16
|
|switch|p1a: Rotom-Wash|Rotom-Wash|223\/304
|-damage|p1a: Rotom-Wash|185\/304|[from] Stealth Rock
|move|p2a: Talonflame|Swords Dance|p2a: Talonflame
|-boost|p2a: Talonflame|atk|2
|
|-weather|Sandstorm|[upkeep]
|-damage|p2a: Talonflame|225\/298|[from] sandstorm
|-damage|p1a: Rotom-Wash|166\/304|[from] sandstorm
|-heal|p1a: Rotom-Wash|185\/304|[from] item: Leftovers
|-damage|p2a: Talonflame|188\/298|[from] Leech Seed|[of] p1a: Rotom-Wash
|-heal|p1a: Rotom-Wash|222\/304|[silent]
|turn|17
|
|move|p2a: Talonflame|Roost|p2a: Talonflame
|-heal|p2a: Talonflame|298\/298
|move|p1a: Rotom-Wash|Volt Switch|p2a: Talonflame
|-damage|p2a: Talonflame|189\/298
|
|switch|p1a: Garchomp|Garchomp, M|82\/357
|-damage|p1a: Garchomp|60\/357|[from] Stealth Rock
|
|-weather|Sandstorm|[upkeep]
|-damage|p2a: Talonflame|171\/298|[from] sandstorm
|-damage|p2a: Talonflame|134\/298|[from] Leech Seed|[of] p1a: Garchomp
|-heal|p1a: Garchomp|97\/357|[silent]
|turn|18
|leave|Bulbasawr
|
|move|p2a: Talonflame|Brave Bird|p1a: Garchomp
|-damage|p1a: Garchomp|0 fnt
|-damage|p2a: Talonflame|97\/298|[from] ability: Rough Skin|[of] p1a: Garchomp
|-damage|p2a: Talonflame|65\/298|[from] recoil|[of] p1a: Garchomp
|faint|p1a: Garchomp
|
|-weather|Sandstorm|[upkeep]
|-damage|p2a: Talonflame|47\/298|[from] sandstorm
|player|p2
|-message|bulbasawr lost due to inactivity.
|
|win|r00ster
|raw|Ladder updating...
|raw|r00ster's rating: 1525 &rarr; <strong>1541<\/strong><br \/>(+16 for winning)
|raw|Bulbasawr's rating: 1454 &rarr; <strong>1438<\/strong><br \/>(-16 for losing)