|join|Dann1234
|join|Bulbasawr
|player|p1|Dann1234|290
|player|p2|Bulbasawr|162
|gametype|singles
|gen|6
|tier|OU
|rated
|clearpoke
|poke|p1|Crawdaunt, M
|poke|p1|Salamence, M
|poke|p1|Diggersby, M
|poke|p1|Venusaur, F
|poke|p1|Umbreon, F
|poke|p1|Clefable, F
|poke|p2|Garchomp, M
|poke|p2|Pinsir, F
|poke|p2|Landorus-Therian, M
|poke|p2|Keldeo-Resolute
|poke|p2|Excadrill, M
|poke|p2|Talonflame, F
|rule|Swagger Clause: Swagger is banned
|rule|Baton Pass Clause: Limit one PokÃ©mon knowing Baton Pass
|rule|Sleep Clause Mod: Limit one foe put to sleep
|rule|Species Clause: Limit one of each PokÃ©mon
|rule|OHKO Clause: OHKO moves are banned
|rule|Moody Clause: Moody is banned
|rule|Evasion Moves Clause: Evasion moves are banned
|rule|Endless Battle Clause: Forcing endless battles is banned
|rule|HP Percentage Mod: HP is shown in percentages
|teampreview
|
|start
|switch|p1a: Clefable|Clefable, F|394\/394
|switch|p2a: Landorus-Therian|Landorus-Therian, M|320\/320
|-ability|p2a: Landorus-Therian|Intimidate|[of] p1a: Clefable
|-unboost|p1a: Clefable|atk|1
|turn|1
|
|move|p2a: Landorus-Therian|Earthquake|p1a: Clefable
|-damage|p1a: Clefable|157\/394
|move|p1a: Clefable|Calm Mind|p1a: Clefable
|-boost|p1a: Clefable|spa|1
|-boost|p1a: Clefable|spd|1
|
|turn|2
|
|switch|p2a: Excadrill|Excadrill, M|362\/362
|-ability|p2a: Excadrill|Mold Breaker
|-item|p2a: Excadrill|Air Balloon
|move|p1a: Clefable|Moonblast|p2a: Excadrill
|-resisted|p2a: Excadrill
|-damage|p2a: Excadrill|222\/362
|-enditem|p2a: Excadrill|Air Balloon
|
|turn|3
|
|move|p2a: Excadrill|Iron Head|p1a: Clefable
|-supereffective|p1a: Clefable
|-damage|p1a: Clefable|0 fnt
|faint|p1a: Clefable
|
|
|switch|p1a: Crawdaunt|Crawdaunt, M|268\/268
|turn|4
|
|move|p2a: Excadrill|Earthquake|p1a: Crawdaunt
|-damage|p1a: Crawdaunt|46\/268
|move|p1a: Crawdaunt|Knock Off|p2a: Excadrill
|-damage|p2a: Excadrill|0 fnt
|-damage|p1a: Crawdaunt|20\/268|[from] item: Life Orb
|faint|p2a: Excadrill
|
|
|switch|p2a: Talonflame|Talonflame, F|298\/298
|turn|5
|
|move|p2a: Talonflame|Brave Bird|p1a: Crawdaunt
|-damage|p1a: Crawdaunt|0 fnt
|-damage|p2a: Talonflame|291\/298|[from] recoil|[of] p1a: Crawdaunt
|faint|p1a: Crawdaunt
|
|
|switch|p1a: Venusaur|Venusaur, F|359\/359
|turn|6
|
|detailschange|p1a: Venusaur|Venusaur-Mega, F
|message|Venusaur has Mega Evolved into Mega Venusaur!
|move|p2a: Talonflame|Brave Bird|p1a: Venusaur
|-supereffective|p1a: Venusaur
|-damage|p1a: Venusaur|27\/359
|-damage|p2a: Talonflame|181\/298|[from] recoil|[of] p1a: Venusaur
|move|p1a: Venusaur|Sludge Bomb|p2a: Talonflame
|-damage|p2a: Talonflame|0 fnt
|faint|p2a: Talonflame
|
|
|switch|p2a: Pinsir|Pinsir, F|334\/334
|turn|7
|
|switch|p1a: Umbreon|Umbreon, F|394\/394
|detailschange|p2a: Pinsir|Pinsir-Mega, F
|message|Pinsir has Mega Evolved into Mega Pinsir!
|move|p2a: Pinsir|Quick Attack|p1a: Umbreon
|-damage|p1a: Umbreon|283\/394
|
|-heal|p1a: Umbreon|307\/394|[from] item: Leftovers
|turn|8
|
|move|p2a: Pinsir|Frustration|p1a: Umbreon
|-damage|p1a: Umbreon|24\/394
|move|p1a: Umbreon|Foul Play|p2a: Pinsir
|-damage|p2a: Pinsir|160\/334
|
|-heal|p1a: Umbreon|48\/394|[from] item: Leftovers
|turn|9
|
|move|p2a: Pinsir|Frustration|p1a: Umbreon
|-damage|p1a: Umbreon|0 fnt
|faint|p1a: Umbreon
|
|
|switch|p1a: Diggersby|Diggersby, M|312\/312
|turn|10
|
|move|p1a: Diggersby|Return|p2a: Pinsir
|-damage|p2a: Pinsir|0 fnt
|faint|p2a: Pinsir
|
|
|switch|p2a: Landorus-Therian|Landorus-Therian, M|320\/320
|-ability|p2a: Landorus-Therian|Intimidate|[of] p1a: Diggersby
|-unboost|p1a: Diggersby|atk|1
|turn|11
|
|move|p2a: Landorus-Therian|Knock Off|p1a: Diggersby
|-damage|p1a: Diggersby|139\/312
|-enditem|p1a: Diggersby|Choice Scarf|[from] move: Knock Off|[of] p2a: Landorus-Therian
|move|p1a: Diggersby|Return|p2a: Landorus-Therian
|-damage|p2a: Landorus-Therian|157\/320
|
|turn|12
|
|move|p2a: Landorus-Therian|Knock Off|p1a: Diggersby
|-damage|p1a: Diggersby|34\/312
|move|p1a: Diggersby|Return|p2a: Landorus-Therian
|-damage|p2a: Landorus-Therian|0 fnt
|faint|p2a: Landorus-Therian
|
|
|switch|p2a: Keldeo-Resolute|Keldeo-Resolute|322\/322
|turn|13
|
|move|p2a: Keldeo-Resolute|Hydro Pump|p1a: Diggersby
|-supereffective|p1a: Diggersby
|-damage|p1a: Diggersby|0 fnt
|faint|p1a: Diggersby
|
|
|switch|p1a: Venusaur|Venusaur-Mega, F|27\/359
|turn|14
|
|move|p2a: Keldeo-Resolute|Hydro Pump|p1a: Venusaur
|-resisted|p1a: Venusaur
|-damage|p1a: Venusaur|0 fnt
|faint|p1a: Venusaur
|
|
|switch|p1a: Salamence|Salamence, M|331\/331
|turn|15
|
|move|p1a: Salamence|Outrage|p2a: Keldeo-Resolute
|-damage|p2a: Keldeo-Resolute|66\/322
|move|p2a: Keldeo-Resolute|Hydro Pump|p1a: Salamence
|-resisted|p1a: Salamence
|-damage|p1a: Salamence|159\/331
|
|turn|16
|
|move|p1a: Salamence|Outrage|p2a: Keldeo-Resolute
|-damage|p2a: Keldeo-Resolute|0 fnt
|faint|p2a: Keldeo-Resolute
|-boost|p1a: Salamence|atk|1|[from] ability: Moxie
|
|-end|p1a: Salamence|rampage
|-start|p1a: Salamence|confusion
|
|switch|p2a: Garchomp|Garchomp, M|358\/358
|turn|17
|
|-activate|p1a: Salamence|confusion
|move|p1a: Salamence|Outrage|p2a: Garchomp
|-supereffective|p2a: Garchomp
|-damage|p2a: Garchomp|0 fnt
|-damage|p1a: Salamence|118\/331|[from] ability: Rough Skin|[of] p2a: Garchomp
|faint|p2a: Garchomp
|-boost|p1a: Salamence|atk|1|[from] ability: Moxie
|
|win|Dann1234
|raw|Ladder updating...
|leave|Bulbasawr
|player|p2
|raw|Dann1234's rating: 1586 &rarr; <strong>1605<\/strong><br \/>(+19 for winning)
|raw|Bulbasawr's rating: 1573 &rarr; <strong>1553<\/strong><br \/>(-20 for losing)