|join|Bulbasawr
|join|a$ap 4bra
|player|p1|Bulbasawr|1
|player|p2|a$ap 4bra|168
|gametype|singles
|gen|6
|tier|OU
|rated
|clearpoke
|poke|p1|Landorus-Therian, M
|poke|p1|Talonflame, F
|poke|p1|Aegislash, F
|poke|p1|Pinsir, M
|poke|p1|Excadrill, M
|poke|p1|Porygon-Z, shiny
|poke|p2|Smeargle, M
|poke|p2|Mamoswine, M
|poke|p2|Venusaur, M
|poke|p2|Rotom-Heat
|poke|p2|Conkeldurr, F
|poke|p2|Sylveon, F
|rule|Sleep Clause Mod: Limit one foe put to sleep
|rule|Species Clause: Limit one of each Pokemon
|rule|OHKO Clause: OHKO moves are banned
|rule|Moody Clause: Moody is banned
|rule|Evasion Moves Clause: Evasion moves are banned
|rule|Endless Battle Clause: Forcing endless battles is banned.
|rule|HP Percentage Mod: HP is reported as percentages
|teampreview
|
|start
|switch|p1a: Excadrill|Excadrill, M|362\/362
|switch|p2a: Smeargle|Smeargle, M|271\/271
|-ability|p1a: Excadrill|Mold Breaker
|-item|p1a: Excadrill|Air Balloon
|turn|1
|
|move|p1a: Excadrill|Rock Slide|p2a: Smeargle
|-damage|p2a: Smeargle|117\/271
|move|p2a: Smeargle|Dark Void|p1a: Excadrill
|-status|p1a: Excadrill|slp
|
|turn|2
|
|switch|p1a: Talonflame|Talonflame, F|298\/298
|move|p2a: Smeargle|Stealth Rock|p1a: Talonflame
|-sidestart|p1: Bulbasawr|move: Stealth Rock
|
|turn|3
|
|switch|p2a: Rotom-Heat|Rotom-Heat|304\/304
|move|p1a: Talonflame|Brave Bird|p2a: Rotom-Heat
|-resisted|p2a: Rotom-Heat
|-damage|p2a: Rotom-Heat|207\/304
|-damage|p1a: Talonflame|266\/298|[from] recoil|[of] p2a: Rotom-Heat
|-damage|p1a: Talonflame|237\/298|[from] item: Life Orb
|
|turn|4
|
|move|p1a: Talonflame|Roost|p1a: Talonflame
|-heal|p1a: Talonflame|298\/298
|move|p2a: Rotom-Heat|Hidden Power|p1a: Talonflame
|-resisted|p1a: Talonflame
|-damage|p1a: Talonflame|230\/298
|
|turn|5
|
|switch|p2a: Mamoswine|Mamoswine, M|361\/361
|move|p1a: Talonflame|Brave Bird|p2a: Mamoswine
|-damage|p2a: Mamoswine|102\/361
|-damage|p1a: Talonflame|145\/298|[from] recoil|[of] p2a: Mamoswine
|-damage|p1a: Talonflame|116\/298|[from] item: Life Orb
|
|turn|6
|
|move|p1a: Talonflame|Brave Bird|p2a: Mamoswine
|-damage|p2a: Mamoswine|0 fnt
|-damage|p1a: Talonflame|82\/298|[from] recoil|[of] p2a: Mamoswine
|-damage|p1a: Talonflame|53\/298|[from] item: Life Orb
|faint|p2a: Mamoswine
|
|
|switch|p2a: Rotom-Heat|Rotom-Heat|207\/304
|turn|7
|
|move|p1a: Talonflame|Brave Bird|p2a: Rotom-Heat
|-resisted|p2a: Rotom-Heat
|-damage|p2a: Rotom-Heat|110\/304
|-damage|p1a: Talonflame|21\/298|[from] recoil|[of] p2a: Rotom-Heat
|-damage|p1a: Talonflame|0 fnt|[from] item: Life Orb
|faint|p1a: Talonflame
|move|p2a: Rotom-Heat|Hidden Power|p1: Talonflame|[notarget]
|-notarget
|
|
|switch|p1a: Landorus-Therian|Landorus-Therian, M|320\/320
|-damage|p1a: Landorus-Therian|280\/320|[from] Stealth Rock
|-ability|p1a: Landorus-Therian|Intimidate|[of] p2a: Rotom-Heat
|-unboost|p2a: Rotom-Heat|atk|1
|turn|8
|
|move|p1a: Landorus-Therian|U-turn|p2a: Rotom-Heat
|-resisted|p2a: Rotom-Heat
|-damage|p2a: Rotom-Heat|60\/304
|
|switch|p1a: Excadrill|Excadrill, M|362\/362 slp
|-damage|p1a: Excadrill|351\/362 slp|[from] Stealth Rock
|-ability|p1a: Excadrill|Mold Breaker
|-item|p1a: Excadrill|Air Balloon
|move|p2a: Rotom-Heat|Hidden Power|p1a: Excadrill
|-damage|p1a: Excadrill|211\/362 slp
|-enditem|p1a: Excadrill|Air Balloon
|
|turn|9
|
|cant|p1a: Excadrill|slp
|move|p2a: Rotom-Heat|Hidden Power|p1a: Excadrill
|-damage|p1a: Excadrill|65\/362 slp
|
|turn|10
|
|cant|p1a: Excadrill|slp
|move|p2a: Rotom-Heat|Hidden Power|p1a: Excadrill
|-damage|p1a: Excadrill|0 fnt
|faint|p1a: Excadrill
|
|
|switch|p1a: Porygon-Z|Porygon-Z, shiny|311\/311
|-damage|p1a: Porygon-Z|273\/311|[from] Stealth Rock
|turn|11
|
|move|p1a: Porygon-Z|Tri Attack|p2a: Rotom-Heat
|-damage|p2a: Rotom-Heat|0 fnt
|-damage|p1a: Porygon-Z|242\/311|[from] item: Life Orb
|faint|p2a: Rotom-Heat
|
|
|switch|p2a: Conkeldurr|Conkeldurr, F|414\/414
|turn|12
|
|move|p1a: Porygon-Z|Tri Attack|p2a: Conkeldurr
|-damage|p2a: Conkeldurr|232\/414
|-damage|p1a: Porygon-Z|211\/311|[from] item: Life Orb
|move|p2a: Conkeldurr|Knock Off|p1a: Porygon-Z
|-damage|p1a: Porygon-Z|66\/311
|-enditem|p1a: Porygon-Z|Life Orb|[from] move: Knock Off|[of] p2a: Conkeldurr
|
|turn|13
|
|switch|p1a: Aegislash|Aegislash, F|324\/324
|-damage|p1a: Aegislash|304\/324|[from] Stealth Rock
|-item|p1a: Aegislash|Air Balloon
|move|p2a: Conkeldurr|Mach Punch|p1a: Aegislash
|-immune|p1a: Aegislash|[msg]
|
|turn|14
|
|switch|p2a: Smeargle|Smeargle, M|117\/271
|move|p1a: Aegislash|King's Shield|p1a: Aegislash
|-fail|p1a: Aegislash
|
|turn|15
|
|move|p2a: Smeargle|Dark Void|p1a: Aegislash
|-status|p1a: Aegislash|slp
|-formechange|p1a: Aegislash|Aegislash-Blade
|cant|p1a: Aegislash|slp
|
|turn|16
|
|move|p2a: Smeargle|Sticky Web|p1a: Aegislash
|-sidestart|p1: Bulbasawr|move: Sticky Web
|-curestatus|p1a: Aegislash|slp
|move|p1a: Aegislash|Swords Dance|p1a: Aegislash
|-boost|p1a: Aegislash|atk|2
|
|turn|17
|
|move|p2a: Smeargle|Dark Void|p1a: Aegislash
|-status|p1a: Aegislash|slp
|cant|p1a: Aegislash|slp
|
|turn|18
|
|switch|p2a: Conkeldurr|Conkeldurr, F|232\/414
|-curestatus|p1a: Aegislash|slp
|move|p1a: Aegislash|Sacred Sword|p2a: Conkeldurr
|-crit|p2a: Conkeldurr
|-damage|p2a: Conkeldurr|0 fnt
|faint|p2a: Conkeldurr
|
|
|switch|p2a: Venusaur|Venusaur, M|364\/364
|turn|19
|
|detailschange|p2a: Venusaur|Venusaur-Mega, M
|message|Venusaur has Mega Evolved into Mega Venusaur!
|-formechange|p1a: Aegislash|Aegislash
|move|p1a: Aegislash|King's Shield|p1a: Aegislash
|-singleturn|p1a: Aegislash|Protect
|move|p2a: Venusaur|Leech Seed|p1a: Aegislash
|-start|p1a: Aegislash|move: Leech Seed
|
|-damage|p1a: Aegislash|264\/324|[from] Leech Seed|[of] p2a: Venusaur
|turn|20
|
|move|p2a: Venusaur|Giga Drain|p1a: Aegislash
|-resisted|p1a: Aegislash
|-damage|p1a: Aegislash|226\/324
|-enditem|p1a: Aegislash|Air Balloon
|move|p1a: Aegislash|Swords Dance|p1a: Aegislash
|-boost|p1a: Aegislash|atk|2
|
|-damage|p1a: Aegislash|186\/324|[from] Leech Seed|[of] p2a: Venusaur
|turn|21
|
|move|p2a: Venusaur|Giga Drain|p1a: Aegislash
|-resisted|p1a: Aegislash
|-damage|p1a: Aegislash|149\/324
|-formechange|p1a: Aegislash|Aegislash-Blade
|move|p1a: Aegislash|Sacred Sword|p2a: Venusaur
|-resisted|p2a: Venusaur
|-damage|p2a: Venusaur|235\/364
|
|-damage|p1a: Aegislash|109\/324|[from] Leech Seed|[of] p2a: Venusaur
|-heal|p2a: Venusaur|275\/364|[silent]
|turn|22
|
|move|p1a: Aegislash|Shadow Sneak|p2a: Venusaur
|-damage|p2a: Venusaur|112\/364
|move|p2a: Venusaur|Giga Drain|p1a: Aegislash
|-resisted|p1a: Aegislash
|-damage|p1a: Aegislash|16\/324
|-heal|p2a: Venusaur|159\/364|[from] drain|[of] p1a: Aegislash
|
|-damage|p1a: Aegislash|0 fnt|[from] Leech Seed|[of] p2a: Venusaur
|-heal|p2a: Venusaur|175\/364|[silent]
|faint|p1a: Aegislash
|
|switch|p1a: Pinsir|Pinsir, M|334\/334
|-activate|p1a: Pinsir|move: Sticky Web
|-unboost|p1a: Pinsir|spe|1
|-damage|p1a: Pinsir|251\/334|[from] Stealth Rock
|turn|23
|
|detailschange|p1a: Pinsir|Pinsir-Mega, M
|message|Pinsir has Mega Evolved into Mega Pinsir!
|move|p2a: Venusaur|Sludge Bomb|p1a: Pinsir
|-crit|p1a: Pinsir
|-damage|p1a: Pinsir|61\/334
|-status|p1a: Pinsir|psn
|move|p1a: Pinsir|Frustration|p2a: Venusaur
|-supereffective|p2a: Venusaur
|-damage|p2a: Venusaur|0 fnt
|faint|p2a: Venusaur
|
|-damage|p1a: Pinsir|20\/334 psn|[from] psn
|
|switch|p2a: Smeargle|Smeargle, M|117\/271
|turn|24
|
|move|p1a: Pinsir|Quick Attack|p2a: Smeargle
|-damage|p2a: Smeargle|0 fnt
|faint|p2a: Smeargle
|
|-damage|p1a: Pinsir|0 fnt|[from] psn
|faint|p1a: Pinsir
|
|switch|p1a: Landorus-Therian|Landorus-Therian, M|280\/320
|-damage|p1a: Landorus-Therian|240\/320|[from] Stealth Rock
|switch|p2a: Sylveon|Sylveon, F|394\/394
|-ability|p1a: Landorus-Therian|Intimidate|[of] p2a: Sylveon
|-unboost|p2a: Sylveon|atk|1
|turn|25
|
|move|p1a: Landorus-Therian|Earthquake|p2a: Sylveon
|-damage|p2a: Sylveon|211\/394
|move|p2a: Sylveon|Moonblast|p1a: Landorus-Therian
|-damage|p1a: Landorus-Therian|104\/320
|
|-heal|p2a: Sylveon|235\/394|[from] item: Leftovers
|turn|26
|
|move|p2a: Sylveon|Protect|p2a: Sylveon
|-singleturn|p2a: Sylveon|Protect
|move|p1a: Landorus-Therian|Earthquake|p2a: Sylveon
|-activate|p2a: Sylveon|Protect
|
|-heal|p2a: Sylveon|259\/394|[from] item: Leftovers
|turn|27
|
|move|p1a: Landorus-Therian|Earthquake|p2a: Sylveon
|-damage|p2a: Sylveon|70\/394
|move|p2a: Sylveon|Wish|p2a: Sylveon
|
|-heal|p2a: Sylveon|94\/394|[from] item: Leftovers
|turn|28
|
|move|p2a: Sylveon|Protect|p2a: Sylveon
|-singleturn|p2a: Sylveon|Protect
|move|p1a: Landorus-Therian|Earthquake|p2a: Sylveon
|-activate|p2a: Sylveon|Protect
|
|-heal|p2a: Sylveon|291\/394|[from] move: Wish|[wisher] Sylveon
|-heal|p2a: Sylveon|315\/394|[from] item: Leftovers
|turn|29
|
|move|p1a: Landorus-Therian|Earthquake|p2a: Sylveon
|-damage|p2a: Sylveon|131\/394
|move|p2a: Sylveon|Moonblast|p1a: Landorus-Therian
|-damage|p1a: Landorus-Therian|0 fnt
|faint|p1a: Landorus-Therian
|
|-heal|p2a: Sylveon|155\/394|[from] item: Leftovers
|
|switch|p1a: Porygon-Z|Porygon-Z, shiny|66\/311
|-damage|p1a: Porygon-Z|28\/311|[from] Stealth Rock
|-activate|p1a: Porygon-Z|move: Sticky Web
|-unboost|p1a: Porygon-Z|spe|1
|turn|30
|
|move|p1a: Porygon-Z|Tri Attack|p2a: Sylveon
|-damage|p2a: Sylveon|9\/394
|move|p2a: Sylveon|Moonblast|p1a: Porygon-Z
|-damage|p1a: Porygon-Z|0 fnt
|faint|p1a: Porygon-Z
|
|win|a$ap 4bra
|raw|Ladder updating...
|raw|Bulbasawr's rating: 1242 &rarr; <strong>1216<\/strong><br \/>(-26 for losing)
|raw|a$ap 4bra's rating: 1234 &rarr; <strong>1259<\/strong><br \/>(+25 for winning)
|chat|a$ap 4bra|gg