|join|lukewarmaok
|join|Bulbasawr
|player|p1|lukewarmaok|184
|player|p2|Bulbasawr|266
|gametype|singles
|gen|6
|tier|OU
|rated
|clearpoke
|poke|p1|Scolipede, F
|poke|p1|Kingdra, M
|poke|p1|Cloyster, F
|poke|p1|Nidoking, M
|poke|p1|Sigilyph, M
|poke|p1|Klefki, M
|poke|p2|Scolipede, F
|poke|p2|Pinsir, F
|poke|p2|Excadrill, M
|poke|p2|Talonflame, F
|poke|p2|Greninja, F
|poke|p2|Keldeo-Resolute
|rule|Swagger Clause: Swagger is banned
|rule|Baton Pass Clause: Limit one PokÃ©mon knowing Baton Pass
|rule|Sleep Clause Mod: Limit one foe put to sleep
|rule|Species Clause: Limit one of each PokÃ©mon
|rule|OHKO Clause: OHKO moves are banned
|rule|Moody Clause: Moody is banned
|rule|Evasion Moves Clause: Evasion moves are banned
|rule|Endless Battle Clause: Forcing endless battles is banned
|rule|HP Percentage Mod: HP is shown in percentages
|teampreview
|c|âlukewarmaok|glhf!
|c|âlukewarmaok|hey we've fought before haha
|c|âlukewarmaok|i remember you
|
|start
|switch|p1a: Testudo|Klefki, M|318\/318
|switch|p2a: Scolipede|Scolipede, F|262\/262
|turn|1
|
|move|p1a: Testudo|Reflect|p1a: Testudo
|-sidestart|p1: lukewarmaok|Reflect
|move|p2a: Scolipede|Swords Dance|p2a: Scolipede
|-boost|p2a: Scolipede|atk|2
|
|-boost|p2a: Scolipede|spe|1|[from] ability: Speed Boost
|turn|2
|
|move|p1a: Testudo|Thunder Wave|p2a: Scolipede
|-status|p2a: Scolipede|par
|move|p2a: Scolipede|Swords Dance|p2a: Scolipede
|-boost|p2a: Scolipede|atk|2
|
|-boost|p2a: Scolipede|spe|1|[from] ability: Speed Boost
|turn|3
|
|switch|p1a: Yamato|Cloyster, F|242\/242
|move|p2a: Scolipede|Earthquake|p1a: Yamato
|-damage|p1a: Yamato|158\/242
|
|-boost|p2a: Scolipede|spe|1|[from] ability: Speed Boost
|turn|4
|
|move|p1a: Yamato|Rock Blast|p2a: Scolipede|[miss]
|-miss|p1a: Yamato|p2a: Scolipede
|move|p2a: Scolipede|Baton Pass|p2a: Scolipede
|
|switch|p2a: Greninja|Greninja, F|286\/286
|
|turn|5
|c|âlukewarmaok|i h8 u
|
|switch|p1a: Testudo|Klefki, M|318\/318
|move|p2a: Greninja|Low Kick|p1a: Testudo
|-start|p2a: Greninja|typechange|Fighting|[from] Protean
|-damage|p1a: Testudo|273\/318
|-damage|p2a: Greninja|258\/286|[from] item: Life Orb
|
|turn|6
|
|switch|p2a: Excadrill|Excadrill, M|361\/361
|-ability|p2a: Excadrill|Mold Breaker
|-item|p2a: Excadrill|Air Balloon
|move|p1a: Testudo|Thunder Wave|p2a: Excadrill
|-immune|p2a: Excadrill|[msg]
|
|turn|7
|
|switch|p1a: Kamikaze|Sigilyph, M|348\/348
|move|p2a: Excadrill|Earthquake|p1a: Kamikaze
|-immune|p1a: Kamikaze|[msg]
|
|-status|p1a: Kamikaze|brn|[from] item: Flame Orb
|turn|8
|
|switch|p2a: Scolipede|Scolipede, F|262\/262 par
|move|p1a: Kamikaze|Cosmic Power|p1a: Kamikaze
|-boost|p1a: Kamikaze|def|1
|-boost|p1a: Kamikaze|spd|1
|
|-sideend|p1: lukewarmaok|Reflect
|turn|9
|
|move|p1a: Kamikaze|Cosmic Power|p1a: Kamikaze
|-boost|p1a: Kamikaze|def|1
|-boost|p1a: Kamikaze|spd|1
|move|p2a: Scolipede|Swords Dance|p2a: Scolipede
|-boost|p2a: Scolipede|atk|2
|
|-boost|p2a: Scolipede|spe|1|[from] ability: Speed Boost
|turn|10
|
|move|p1a: Kamikaze|Cosmic Power|p1a: Kamikaze
|-boost|p1a: Kamikaze|def|1
|-boost|p1a: Kamikaze|spd|1
|cant|p2a: Scolipede|par
|
|-boost|p2a: Scolipede|spe|1|[from] ability: Speed Boost
|turn|11
|
|move|p1a: Kamikaze|Stored Power|p2a: Scolipede
|-supereffective|p2a: Scolipede
|-enditem|p2a: Scolipede|Focus Sash
|-damage|p2a: Scolipede|1\/262 par
|move|p2a: Scolipede|Swords Dance|p2a: Scolipede
|-boost|p2a: Scolipede|atk|2
|
|-boost|p2a: Scolipede|spe|1|[from] ability: Speed Boost
|turn|12
|
|move|p1a: Kamikaze|Stored Power|p2a: Scolipede
|-supereffective|p2a: Scolipede
|-damage|p2a: Scolipede|0 fnt
|faint|p2a: Scolipede
|
|-message|Bulbasawr forfeited.
|
|win|lukewarmaok
|raw|Ladder updating...
|leave|Bulbasawr
|player|p2
|raw|lukewarmaok's rating: 1528 &rarr; <strong>1546<\/strong><br \/>(+18 for winning)
|raw|Bulbasawr's rating: 1493 &rarr; <strong>1475<\/strong><br \/>(-18 for losing)
|c|âlukewarmaok|gg