|join|Bulbasawr
|join|Eggxecutor
|player|p1|Bulbasawr|1
|player|p2|Eggxecutor|15
|gametype|singles
|gen|6
|tier|OU
|rated
|clearpoke
|poke|p1|Keldeo-Resolute
|poke|p1|Pinsir, F
|poke|p1|Excadrill, M
|poke|p1|Landorus-Therian, M
|poke|p1|Dragonite, F
|poke|p1|Talonflame, F
|poke|p2|Scizor, F
|poke|p2|Rotom-Wash
|poke|p2|Pinsir, M
|poke|p2|Talonflame, F
|poke|p2|Greninja, M
|poke|p2|Excadrill, F
|rule|Swagger Clause: Swagger is banned
|rule|Baton Pass Clause: Limit one PokÃ©mon knowing Baton Pass
|rule|Sleep Clause Mod: Limit one foe put to sleep
|rule|Species Clause: Limit one of each PokÃ©mon
|rule|OHKO Clause: OHKO moves are banned
|rule|Moody Clause: Moody is banned
|rule|Evasion Moves Clause: Evasion moves are banned
|rule|Endless Battle Clause: Forcing endless battles is banned
|rule|HP Percentage Mod: HP is shown in percentages
|teampreview
|
|start
|switch|p1a: Landorus-Therian|Landorus-Therian, M|320\/320
|switch|p2a: Rotom-Wash|Rotom-Wash|241\/241
|-ability|p1a: Landorus-Therian|Intimidate|[of] p2a: Rotom-Wash
|-unboost|p2a: Rotom-Wash|atk|1
|turn|1
|
|move|p2a: Rotom-Wash|Hydro Pump|p1a: Landorus-Therian
|-supereffective|p1a: Landorus-Therian
|-damage|p1a: Landorus-Therian|0 fnt
|faint|p1a: Landorus-Therian
|
|
|switch|p1a: Dragonite|Dragonite, F|324\/324
|turn|2
|
|switch|p2a: Scizor|Scizor, F|343\/343
|move|p1a: Dragonite|Dragon Dance|p1a: Dragonite
|-boost|p1a: Dragonite|atk|1
|-boost|p1a: Dragonite|spe|1
|
|turn|3
|
|move|p2a: Scizor|Bullet Punch|p1a: Dragonite
|-damage|p1a: Dragonite|238\/324
|move|p1a: Dragonite|Earthquake|p2a: Scizor
|-damage|p2a: Scizor|160\/343
|
|turn|4
|
|move|p2a: Scizor|Bullet Punch|p1a: Dragonite
|-damage|p1a: Dragonite|55\/324
|move|p1a: Dragonite|Earthquake|p2a: Scizor
|-damage|p2a: Scizor|0 fnt
|faint|p2a: Scizor
|
|
|switch|p2a: Rotom-Wash|Rotom-Wash|241\/241
|turn|5
|
|move|p1a: Dragonite|Extreme Speed|p2a: Rotom-Wash
|-damage|p2a: Rotom-Wash|94\/241
|move|p2a: Rotom-Wash|Volt Switch|p1a: Dragonite
|-damage|p1a: Dragonite|0 fnt
|faint|p1a: Dragonite
|
|switch|p2a: Greninja|Greninja, M|285\/285
|
|
|switch|p1a: Talonflame|Talonflame, F|298\/298
|turn|6
|
|switch|p2a: Excadrill|Excadrill, F|362\/362
|-ability|p2a: Excadrill|Mold Breaker
|move|p1a: Talonflame|Brave Bird|p2a: Excadrill
|-resisted|p2a: Excadrill
|-damage|p2a: Excadrill|227\/362
|-damage|p1a: Talonflame|253\/298|[from] recoil|[of] p2a: Excadrill
|
|-heal|p2a: Excadrill|249\/362|[from] item: Leftovers
|turn|7
|
|switch|p2a: Talonflame|Talonflame, F|360\/360
|move|p1a: Talonflame|Flare Blitz|p2a: Talonflame
|-resisted|p2a: Talonflame
|-damage|p2a: Talonflame|264\/360
|-damage|p1a: Talonflame|221\/298|[from] recoil|[of] p2a: Talonflame
|
|-heal|p2a: Talonflame|286\/360|[from] item: Leftovers
|turn|8
|
|move|p1a: Talonflame|Brave Bird|p2a: Talonflame
|-damage|p2a: Talonflame|34\/360
|-damage|p1a: Talonflame|138\/298|[from] recoil|[of] p2a: Talonflame
|move|p2a: Talonflame|Bulk Up|p2a: Talonflame
|-boost|p2a: Talonflame|atk|1
|-boost|p2a: Talonflame|def|1
|
|-heal|p2a: Talonflame|56\/360|[from] item: Leftovers
|turn|9
|
|move|p1a: Talonflame|Brave Bird|p2a: Talonflame
|-damage|p2a: Talonflame|0 fnt
|-damage|p1a: Talonflame|120\/298|[from] recoil|[of] p2a: Talonflame
|faint|p2a: Talonflame
|
|
|switch|p2a: Rotom-Wash|Rotom-Wash|94\/241
|turn|10
|
|switch|p1a: Keldeo-Resolute|Keldeo-Resolute|323\/323
|move|p2a: Rotom-Wash|Hydro Pump|p1a: Keldeo-Resolute
|-resisted|p1a: Keldeo-Resolute
|-damage|p1a: Keldeo-Resolute|230\/323
|
|turn|11
|
|switch|p2a: Excadrill|Excadrill, F|249\/362
|-ability|p2a: Excadrill|Mold Breaker
|move|p1a: Keldeo-Resolute|Hydro Pump|p2a: Excadrill
|-supereffective|p2a: Excadrill
|-damage|p2a: Excadrill|0 fnt
|-damage|p1a: Keldeo-Resolute|198\/323|[from] item: Life Orb
|faint|p2a: Excadrill
|
|
|switch|p2a: Greninja|Greninja, M|285\/285
|turn|12
|
|move|p2a: Greninja|Extrasensory|p1a: Keldeo-Resolute
|-start|p2a: Greninja|typechange|Psychic|[from] Protean
|-crit|p1a: Keldeo-Resolute
|-supereffective|p1a: Keldeo-Resolute
|-damage|p1a: Keldeo-Resolute|0 fnt
|-damage|p2a: Greninja|257\/285|[from] item: Life Orb
|faint|p1a: Keldeo-Resolute
|
|
|switch|p1a: Talonflame|Talonflame, F|120\/298
|turn|13
|
|move|p1a: Talonflame|Brave Bird|p2a: Greninja
|-damage|p2a: Greninja|2\/285
|-damage|p1a: Talonflame|36\/298|[from] recoil|[of] p2a: Greninja
|move|p2a: Greninja|Ice Beam|p1a: Talonflame
|-start|p2a: Greninja|typechange|Ice|[from] Protean
|-crit|p1a: Talonflame
|-damage|p1a: Talonflame|0 fnt
|-damage|p2a: Greninja|0 fnt|[from] item: Life Orb
|faint|p1a: Talonflame
|faint|p2a: Greninja
|
|
|switch|p2a: Pinsir|Pinsir, M|271\/271
|switch|p1a: Pinsir|Pinsir, F|334\/334
|-ability|p2a: Pinsir|Mold Breaker
|turn|14
|
|detailschange|p2a: Pinsir|Pinsir-Mega, M
|message|Pinsir has Mega Evolved into Mega Pinsir!
|detailschange|p1a: Pinsir|Pinsir-Mega, F
|message|Pinsir has Mega Evolved into Mega Pinsir!
|move|p2a: Pinsir|Quick Attack|p1a: Pinsir
|-supereffective|p1a: Pinsir
|-damage|p1a: Pinsir|118\/334
|move|p1a: Pinsir|Frustration|p2a: Pinsir
|-supereffective|p2a: Pinsir
|-damage|p2a: Pinsir|0 fnt
|faint|p2a: Pinsir
|
|
|switch|p2a: Rotom-Wash|Rotom-Wash|94\/241
|turn|15
|
|move|p1a: Pinsir|Quick Attack|p2a: Rotom-Wash
|-resisted|p2a: Rotom-Wash
|-damage|p2a: Rotom-Wash|37\/241
|move|p2a: Rotom-Wash|Hydro Pump|p1a: Pinsir
|-crit|p1a: Pinsir
|-damage|p1a: Pinsir|0 fnt
|faint|p1a: Pinsir
|
|
|switch|p1a: Excadrill|Excadrill, M|361\/361
|-ability|p1a: Excadrill|Mold Breaker
|-item|p1a: Excadrill|Air Balloon
|turn|16
|
|move|p2a: Rotom-Wash|Hydro Pump|p1a: Excadrill|[miss]
|-miss|p2a: Rotom-Wash|p1a: Excadrill
|move|p1a: Excadrill|Earthquake|p2a: Rotom-Wash
|-supereffective|p2a: Rotom-Wash
|-damage|p2a: Rotom-Wash|0 fnt
|faint|p2a: Rotom-Wash
|
|win|Bulbasawr
|raw|Ladder updating...
|raw|Bulbasawr's rating: 1681 &rarr; <strong>1702<\/strong><br \/>(+21 for winning)
|raw|Eggxecutor's rating: 1688 &rarr; <strong>1668<\/strong><br \/>(-20 for losing)
|c|âEggxecutor|wow