|join|bulbasawr
|join|Questro
|player|p1|bulbasawr|2
|player|p2|Questro|8
|gametype|singles
|gen|6
|tier|OU
|rated
|clearpoke
|poke|p1|Pinsir, F
|poke|p1|Dragonite, F
|poke|p1|Greninja, M
|poke|p1|Crawdaunt, M
|poke|p1|Excadrill, M
|poke|p1|Talonflame, M
|poke|p2|Azumarill, F
|poke|p2|Medicham, M
|poke|p2|Empoleon, F, shiny
|poke|p2|Zapdos
|poke|p2|Gothitelle, F
|poke|p2|Talonflame, M
|rule|Swagger Clause: Swagger is banned
|rule|Baton Pass Clause: Limit one PokÃ©mon knowing Baton Pass
|rule|Sleep Clause Mod: Limit one foe put to sleep
|rule|Species Clause: Limit one of each PokÃ©mon
|rule|OHKO Clause: OHKO moves are banned
|rule|Moody Clause: Moody is banned
|rule|Evasion Moves Clause: Evasion moves are banned
|rule|Endless Battle Clause: Forcing endless battles is banned
|rule|HP Percentage Mod: HP is shown in percentages
|teampreview
|
|start
|switch|p1a: Dragonite|Dragonite, F|324\/324
|switch|p2a: Medicham|Medicham, M|261\/261
|turn|1
|
|switch|p1a: Excadrill|Excadrill, M|361\/361
|-ability|p1a: Excadrill|Mold Breaker
|-item|p1a: Excadrill|Air Balloon
|detailschange|p2a: Medicham|Medicham-Mega, M
|message|Medicham has Mega Evolved into Mega Medicham!
|move|p2a: Medicham|Fake Out|p1a: Excadrill
|-resisted|p1a: Excadrill
|-damage|p1a: Excadrill|290\/361
|-enditem|p1a: Excadrill|Air Balloon
|
|turn|2
|
|move|p1a: Excadrill|Earthquake|p2a: Medicham
|-damage|p2a: Medicham|45\/261
|move|p2a: Medicham|Drain Punch|p1a: Excadrill
|-supereffective|p1a: Excadrill
|-damage|p1a: Excadrill|0 fnt
|-heal|p2a: Medicham|190\/261|[from] drain|[of] p1a: Excadrill
|faint|p1a: Excadrill
|
|c|âQuestro|dat jolly exca
|
|switch|p1a: Talonflame|Talonflame, M|298\/298
|turn|3
|
|switch|p2a: Zapdos|Zapdos|384\/384
|-ability|p2a: Zapdos|Pressure
|move|p1a: Talonflame|Swords Dance|p1a: Talonflame
|-boost|p1a: Talonflame|atk|2
|
|turn|4
|
|switch|p2a: Gothitelle|Gothitelle, F|299\/299
|move|p1a: Talonflame|Flare Blitz|p2a: Gothitelle
|-damage|p2a: Gothitelle|0 fnt
|-damage|p1a: Talonflame|199\/298|[from] recoil|[of] p2a: Gothitelle
|faint|p2a: Gothitelle
|
|
|switch|p2a: Talonflame|Talonflame, M|297\/297
|turn|5
|
|move|p1a: Talonflame|Brave Bird|p2a: Talonflame
|-damage|p2a: Talonflame|0 fnt
|-damage|p1a: Talonflame|101\/298|[from] recoil|[of] p2a: Talonflame
|faint|p2a: Talonflame
|
|c|âQuestro|aww da speed tie
|c|âQuestro|i was jolly too
|c|âQuestro|:<
|
|switch|p2a: Medicham|Medicham-Mega, M|190\/261
|turn|6
|c|âbulbasawr|lol
|
|switch|p1a: Pinsir|Pinsir, F|334\/334
|move|p2a: Medicham|Fake Out|p1a: Pinsir
|-damage|p1a: Pinsir|242\/334
|
|turn|7
|
|switch|p2a: Zapdos|Zapdos|384\/384
|-ability|p2a: Zapdos|Pressure
|detailschange|p1a: Pinsir|Pinsir-Mega, F
|message|Pinsir has Mega Evolved into Mega Pinsir!
|move|p1a: Pinsir|Frustration|p2a: Zapdos
|-resisted|p2a: Zapdos
|-damage|p2a: Zapdos|251\/384
|
|-heal|p2a: Zapdos|275\/384|[from] item: Leftovers
|turn|8
|
|switch|p1a: Talonflame|Talonflame, M|101\/298
|move|p2a: Zapdos|Thunderbolt|p1a: Talonflame
|-supereffective|p1a: Talonflame
|-damage|p1a: Talonflame|0 fnt
|faint|p1a: Talonflame
|
|-heal|p2a: Zapdos|299\/384|[from] item: Leftovers
|
|switch|p1a: Greninja|Greninja, M|286\/286
|turn|9
|
|switch|p2a: Empoleon|Empoleon, F, shiny|372\/372
|move|p1a: Greninja|Ice Beam|p2a: Empoleon
|-start|p1a: Greninja|typechange|Ice|[from] Protean
|-resisted|p2a: Empoleon
|-damage|p2a: Empoleon|340\/372
|-damage|p1a: Greninja|258\/286|[from] item: Life Orb
|
|-heal|p2a: Empoleon|363\/372|[from] item: Leftovers
|turn|10
|
|move|p1a: Greninja|Grass Knot|p2a: Empoleon
|-start|p1a: Greninja|typechange|Grass|[from] Protean
|-damage|p2a: Empoleon|230\/372
|-damage|p1a: Greninja|230\/286|[from] item: Life Orb
|move|p2a: Empoleon|Stealth Rock|p1a: Greninja
|-sidestart|p1: bulbasawr|move: Stealth Rock
|
|-heal|p2a: Empoleon|253\/372|[from] item: Leftovers
|turn|11
|
|move|p1a: Greninja|Grass Knot|p2a: Empoleon
|-damage|p2a: Empoleon|140\/372
|-damage|p1a: Greninja|202\/286|[from] item: Life Orb
|move|p2a: Empoleon|Roar|p1a: Greninja
|drag|p1a: Pinsir|Pinsir-Mega, F|242\/334
|-damage|p1a: Pinsir|75\/334|[from] Stealth Rock
|
|-heal|p2a: Empoleon|163\/372|[from] item: Leftovers
|turn|12
|
|switch|p2a: Zapdos|Zapdos|299\/384
|-ability|p2a: Zapdos|Pressure
|move|p1a: Pinsir|Swords Dance|p1a: Pinsir
|-boost|p1a: Pinsir|atk|2
|
|-heal|p2a: Zapdos|323\/384|[from] item: Leftovers
|turn|13
|
|move|p1a: Pinsir|Frustration|p2a: Zapdos
|-resisted|p2a: Zapdos
|-damage|p2a: Zapdos|77\/384
|move|p2a: Zapdos|Thunderbolt|p1a: Pinsir
|-supereffective|p1a: Pinsir
|-damage|p1a: Pinsir|0 fnt
|faint|p1a: Pinsir
|
|-heal|p2a: Zapdos|101\/384|[from] item: Leftovers
|
|switch|p1a: Dragonite|Dragonite, F|324\/324
|-damage|p1a: Dragonite|243\/324|[from] Stealth Rock
|turn|14
|
|move|p1a: Dragonite|Dragon Dance|p1a: Dragonite
|-boost|p1a: Dragonite|atk|1
|-boost|p1a: Dragonite|spe|1
|move|p2a: Zapdos|Thunderbolt|p1a: Dragonite
|-damage|p1a: Dragonite|117\/324
|-status|p1a: Dragonite|par
|-enditem|p1a: Dragonite|Lum Berry|[eat]
|-curestatus|p1a: Dragonite|par
|
|-heal|p2a: Zapdos|125\/384|[from] item: Leftovers
|turn|15
|
|move|p1a: Dragonite|Extreme Speed|p2a: Zapdos
|-damage|p2a: Zapdos|0 fnt
|faint|p2a: Zapdos
|
|
|switch|p2a: Medicham|Medicham-Mega, M|190\/261
|turn|16
|
|move|p2a: Medicham|Fake Out|p1a: Dragonite
|-damage|p1a: Dragonite|22\/324
|cant|p1a: Dragonite|flinch
|
|turn|17
|
|switch|p2a: Empoleon|Empoleon, F, shiny|163\/372
|move|p1a: Dragonite|Extreme Speed|p2a: Empoleon
|-resisted|p2a: Empoleon
|-damage|p2a: Empoleon|77\/372
|
|-heal|p2a: Empoleon|100\/372|[from] item: Leftovers
|turn|18
|
|move|p1a: Dragonite|Earthquake|p2a: Empoleon
|-supereffective|p2a: Empoleon
|-damage|p2a: Empoleon|0 fnt
|faint|p2a: Empoleon
|
|
|switch|p2a: Azumarill|Azumarill, F|396\/396
|turn|19
|
|move|p1a: Dragonite|Extreme Speed|p2a: Azumarill
|-damage|p2a: Azumarill|187\/396
|move|p2a: Azumarill|Play Rough|p1a: Dragonite
|-supereffective|p1a: Dragonite
|-damage|p1a: Dragonite|0 fnt
|faint|p1a: Dragonite
|
|
|switch|p1a: Greninja|Greninja, M|202\/286
|-damage|p1a: Greninja|167\/286|[from] Stealth Rock
|turn|20
|
|move|p1a: Greninja|Grass Knot|p2a: Azumarill
|-start|p1a: Greninja|typechange|Grass|[from] Protean
|-supereffective|p2a: Azumarill
|-damage|p2a: Azumarill|0 fnt
|-damage|p1a: Greninja|139\/286|[from] item: Life Orb
|faint|p2a: Azumarill
|
|
|switch|p2a: Medicham|Medicham-Mega, M|190\/261
|turn|21
|
|move|p2a: Medicham|Fake Out|p1a: Greninja
|-damage|p1a: Greninja|8\/286
|cant|p1a: Greninja|flinch
|
|turn|22
|
|move|p2a: Medicham|Bullet Punch|p1a: Greninja
|-damage|p1a: Greninja|0 fnt
|faint|p1a: Greninja
|
|
|switch|p1a: Crawdaunt|Crawdaunt, M|267\/267
|-damage|p1a: Crawdaunt|234\/267|[from] Stealth Rock
|turn|23
|
|move|p1a: Crawdaunt|Aqua Jet|p2a: Medicham
|-damage|p2a: Medicham|84\/261
|move|p2a: Medicham|Drain Punch|p1a: Crawdaunt
|-supereffective|p1a: Crawdaunt
|-damage|p1a: Crawdaunt|0 fnt
|-heal|p2a: Medicham|201\/261|[from] drain|[of] p1a: Crawdaunt
|faint|p1a: Crawdaunt
|
|win|Questro
|raw|Ladder updating...
|raw|bulbasawr's rating: 1779 &rarr; <strong>1754<\/strong><br \/>(-25 for losing)
|raw|Questro's rating: 1703 &rarr; <strong>1728<\/strong><br \/>(+25 for winning)
|leave|bulbasawr
|player|p1
|c|âQuestro|gg