|join|Bulbasawr
|join|Modified
|player|p1|Bulbasawr|2
|player|p2|Modified|143
|gametype|singles
|gen|6
|tier|OU
|rated
|clearpoke
|poke|p1|Dragonite, F
|poke|p1|Pinsir, M
|poke|p1|Landorus-Therian, M
|poke|p1|Keldeo-Resolute
|poke|p1|Excadrill, F
|poke|p1|Talonflame, M
|poke|p2|Gliscor, F
|poke|p2|Scizor, F
|poke|p2|Rotom-Wash
|poke|p2|Gothitelle, F
|poke|p2|Ditto
|poke|p2|Chansey, F
|rule|Swagger Clause: Swagger is banned
|rule|Baton Pass Clause: Limit one PokÃ©mon knowing Baton Pass
|rule|Sleep Clause Mod: Limit one foe put to sleep
|rule|Species Clause: Limit one of each PokÃ©mon
|rule|OHKO Clause: OHKO moves are banned
|rule|Moody Clause: Moody is banned
|rule|Evasion Moves Clause: Evasion moves are banned
|rule|Endless Battle Clause: Forcing endless battles is banned
|rule|HP Percentage Mod: HP is shown in percentages
|teampreview
|
|start
|switch|p1a: Dragonite|Dragonite, F|324\/324
|switch|p2a: Ditto|Ditto|300\/300
|-transform|p2a: Ditto|p1a: Dragonite
|turn|1
|
|move|p2a: Ditto|Dragon Claw|p1a: Dragonite
|-supereffective|p1a: Dragonite
|-damage|p1a: Dragonite|143\/324
|move|p1a: Dragonite|Dragon Claw|p2a: Ditto
|-supereffective|p2a: Ditto
|-damage|p2a: Ditto|141\/300
|
|turn|2
|
|move|p1a: Dragonite|Extreme Speed|p2a: Ditto
|-damage|p2a: Ditto|33\/300
|move|p2a: Ditto|Dragon Claw|p1a: Dragonite
|-supereffective|p1a: Dragonite
|-damage|p1a: Dragonite|0 fnt
|faint|p1a: Dragonite
|
|
|switch|p1a: Talonflame|Talonflame, M|298\/298
|turn|3
|
|switch|p2a: Rotom-Wash|Rotom-Wash|304\/304
|move|p1a: Talonflame|Brave Bird|p2a: Rotom-Wash
|-resisted|p2a: Rotom-Wash
|-damage|p2a: Rotom-Wash|236\/304
|-damage|p1a: Talonflame|276\/298|[from] recoil|[of] p2a: Rotom-Wash
|
|-heal|p2a: Rotom-Wash|255\/304|[from] item: Leftovers
|turn|4
|
|switch|p1a: Keldeo-Resolute|Keldeo-Resolute|322\/322
|move|p2a: Rotom-Wash|Will-O-Wisp|p1a: Keldeo-Resolute
|-status|p1a: Keldeo-Resolute|brn
|
|-heal|p2a: Rotom-Wash|274\/304|[from] item: Leftovers
|-damage|p1a: Keldeo-Resolute|282\/322 brn|[from] brn
|turn|5
|
|switch|p1a: Landorus-Therian|Landorus-Therian, M|320\/320
|-ability|p1a: Landorus-Therian|Intimidate|[of] p2a: Rotom-Wash
|-unboost|p2a: Rotom-Wash|atk|1
|move|p2a: Rotom-Wash|Volt Switch|p1a: Landorus-Therian
|-immune|p1a: Landorus-Therian|[msg]
|
|-heal|p2a: Rotom-Wash|293\/304|[from] item: Leftovers
|turn|6
|
|move|p1a: Landorus-Therian|U-turn|p2a: Rotom-Wash
|-damage|p2a: Rotom-Wash|225\/304
|
|switch|p1a: Keldeo-Resolute|Keldeo-Resolute|282\/322 brn
|move|p2a: Rotom-Wash|Volt Switch|p1a: Keldeo-Resolute
|-supereffective|p1a: Keldeo-Resolute
|-damage|p1a: Keldeo-Resolute|108\/322 brn
|
|switch|p2a: Gothitelle|Gothitelle, F|301\/301
|
|-damage|p1a: Keldeo-Resolute|68\/322 brn|[from] brn
|turn|7
|
|move|p2a: Gothitelle|Psychic|p1a: Keldeo-Resolute
|-crit|p1a: Keldeo-Resolute
|-supereffective|p1a: Keldeo-Resolute
|-damage|p1a: Keldeo-Resolute|0 fnt
|faint|p1a: Keldeo-Resolute
|
|
|switch|p1a: Pinsir|Pinsir, M|334\/334
|turn|8
|
|detailschange|p1a: Pinsir|Pinsir-Mega, M
|message|Pinsir has Mega Evolved into Mega Pinsir!
|move|p2a: Gothitelle|Psychic|p1a: Pinsir
|-damage|p1a: Pinsir|201\/334
|move|p1a: Pinsir|Frustration|p2a: Gothitelle
|-damage|p2a: Gothitelle|0 fnt
|faint|p2a: Gothitelle
|
|
|switch|p2a: Rotom-Wash|Rotom-Wash|225\/304
|turn|9
|
|move|p1a: Pinsir|Swords Dance|p1a: Pinsir
|-boost|p1a: Pinsir|atk|2
|move|p2a: Rotom-Wash|Will-O-Wisp|p1a: Pinsir
|-status|p1a: Pinsir|brn
|
|-heal|p2a: Rotom-Wash|244\/304|[from] item: Leftovers
|-damage|p1a: Pinsir|160\/334 brn|[from] brn
|turn|10
|
|move|p1a: Pinsir|Close Combat|p2a: Rotom-Wash
|-damage|p2a: Rotom-Wash|109\/304
|-unboost|p1a: Pinsir|def|1
|-unboost|p1a: Pinsir|spd|1
|move|p2a: Rotom-Wash|Volt Switch|p1a: Pinsir
|-supereffective|p1a: Pinsir
|-damage|p1a: Pinsir|0 fnt
|faint|p1a: Pinsir
|
|switch|p2a: Ditto|Ditto|33\/300
|
|
|switch|p1a: Talonflame|Talonflame, M|276\/298
|turn|11
|
|switch|p2a: Chansey|Chansey, F|641\/641
|move|p1a: Talonflame|Swords Dance|p1a: Talonflame
|-boost|p1a: Talonflame|atk|2
|
|turn|12
|
|move|p1a: Talonflame|Swords Dance|p1a: Talonflame
|-boost|p1a: Talonflame|atk|2
|move|p2a: Chansey|Thunder Wave|p1a: Talonflame
|-status|p1a: Talonflame|par
|
|turn|13
|
|move|p1a: Talonflame|Brave Bird|p2a: Chansey
|-damage|p2a: Chansey|0 fnt
|-damage|p1a: Talonflame|64\/298 par|[from] recoil|[of] p2a: Chansey
|faint|p2a: Chansey
|
|
|switch|p2a: Ditto|Ditto|33\/300
|-transform|p2a: Ditto|p1a: Talonflame
|turn|14
|-message|Bulbasawr forfeited.
|
|win|Modified
|raw|Ladder updating...
|leave|Bulbasawr
|player|p1
|raw|Bulbasawr's rating: 1620 &rarr; <strong>1596<\/strong><br \/>(-24 for losing)
|raw|Modified's rating: 1524 &rarr; <strong>1549<\/strong><br \/>(+25 for winning)