|join|Bulbasawr
|join|ominoct
|player|p1|Bulbasawr|169
|player|p2|ominoct|251
|gametype|singles
|gen|6
|tier|OU
|rated
|clearpoke
|poke|p1|Suicune
|poke|p1|Talonflame, M
|poke|p1|Excadrill, M
|poke|p1|Pinsir, F
|poke|p1|Greninja, M
|poke|p1|Landorus-Therian, M
|poke|p2|Skarmory, M
|poke|p2|Gliscor, M
|poke|p2|Azumarill, F, shiny
|poke|p2|Chansey, F
|poke|p2|Sableye, M
|poke|p2|Venusaur, F
|rule|Sleep Clause Mod: Limit one foe put to sleep
|rule|Species Clause: Limit one of each Pokemon
|rule|OHKO Clause: OHKO moves are banned
|rule|Moody Clause: Moody is banned
|rule|Evasion Moves Clause: Evasion moves are banned
|rule|Endless Battle Clause: Forcing endless battles is banned.
|rule|HP Percentage Mod: HP is reported as percentages
|teampreview
|
|start
|switch|p1a: Talonflame|Talonflame, M|298\/298
|switch|p2a: Now This Is|Skarmory, M|334\/334
|turn|1
|
|move|p1a: Talonflame|Flare Blitz|p2a: Now This Is
|-supereffective|p2a: Now This Is
|-damage|p2a: Now This Is|26\/334
|-damage|p1a: Talonflame|196\/298|[from] recoil|[of] p2a: Now This Is
|-enditem|p2a: Now This Is|Red Card|[of] p1a: Talonflame
|drag|p1a: Greninja|Greninja, M|285\/285
|move|p2a: Now This Is|Stealth Rock|p1a: Greninja
|-sidestart|p1: Bulbasawr|move: Stealth Rock
|
|turn|2
|
|switch|p2a: My Life|Chansey, F|704\/704
|-start|p1a: Greninja|typechange|Ice|[from] Protean
|move|p1a: Greninja|Ice Beam|p2a: My Life
|-damage|p2a: My Life|586\/704
|-damage|p1a: Greninja|257\/285|[from] item: Life Orb
|
|turn|3
|
|switch|p1a: Excadrill|Excadrill, M|362\/362
|-damage|p1a: Excadrill|351\/362|[from] Stealth Rock
|-ability|p1a: Excadrill|Mold Breaker
|-item|p1a: Excadrill|Air Balloon
|switch|p2a: Got Flipped|Sableye, M|304\/304
|
|turn|4
|
|move|p2a: Got Flipped|Will-O-Wisp|p1a: Excadrill
|-status|p1a: Excadrill|brn
|move|p1a: Excadrill|Stealth Rock|p2a: Got Flipped
|-sidestart|p2: ominoct|move: Stealth Rock
|
|-damage|p1a: Excadrill|306\/362 brn|[from] brn
|turn|5
|
|switch|p1a: Greninja|Greninja, M|257\/285
|-damage|p1a: Greninja|222\/285|[from] Stealth Rock
|move|p2a: Got Flipped|Foul Play|p1a: Greninja
|-resisted|p1a: Greninja
|-damage|p1a: Greninja|145\/285
|
|turn|6
|
|switch|p1a: Landorus-Therian|Landorus-Therian, M|320\/320
|-damage|p1a: Landorus-Therian|280\/320|[from] Stealth Rock
|-ability|p1a: Landorus-Therian|Intimidate|[of] p2a: Got Flipped
|-unboost|p2a: Got Flipped|atk|1
|move|p2a: Got Flipped|Foul Play|p1a: Landorus-Therian
|-damage|p1a: Landorus-Therian|61\/320
|
|turn|7
|
|move|p2a: Got Flipped|Will-O-Wisp|p1a: Landorus-Therian
|-status|p1a: Landorus-Therian|brn
|move|p1a: Landorus-Therian|Earthquake|p2a: Got Flipped
|-crit|p2a: Got Flipped
|-damage|p2a: Got Flipped|123\/304
|
|-heal|p2a: Got Flipped|142\/304|[from] item: Leftovers
|-damage|p1a: Landorus-Therian|21\/320 brn|[from] brn
|turn|8
|
|move|p2a: Got Flipped|Recover|p2a: Got Flipped
|-heal|p2a: Got Flipped|294\/304
|move|p1a: Landorus-Therian|Earthquake|p2a: Got Flipped
|-damage|p2a: Got Flipped|180\/304
|
|-heal|p2a: Got Flipped|199\/304|[from] item: Leftovers
|-damage|p1a: Landorus-Therian|0 fnt|[from] brn
|faint|p1a: Landorus-Therian
|
|switch|p1a: Greninja|Greninja, M|145\/285
|-damage|p1a: Greninja|110\/285|[from] Stealth Rock
|turn|9
|
|switch|p2a: My Life|Chansey, F|586\/704
|-damage|p2a: My Life|498\/704|[from] Stealth Rock
|-start|p1a: Greninja|typechange|Water|[from] Protean
|move|p1a: Greninja|Hydro Pump|p2a: My Life
|-damage|p2a: My Life|356\/704
|-damage|p1a: Greninja|82\/285|[from] item: Life Orb
|
|turn|10
|
|switch|p1a: Suicune|Suicune|404\/404
|-damage|p1a: Suicune|354\/404|[from] Stealth Rock
|-ability|p1a: Suicune|Pressure
|move|p2a: My Life|Soft-Boiled|p2a: My Life
|-heal|p2a: My Life|704\/704
|
|-heal|p1a: Suicune|379\/404|[from] item: Leftovers
|turn|11
|
|move|p1a: Suicune|Calm Mind|p1a: Suicune
|-boost|p1a: Suicune|spa|1
|-boost|p1a: Suicune|spd|1
|move|p2a: My Life|Toxic|p1a: Suicune
|-status|p1a: Suicune|tox
|
|-heal|p1a: Suicune|404\/404 tox|[from] item: Leftovers
|-damage|p1a: Suicune|379\/404 tox|[from] psn
|turn|12
|
|move|p1a: Suicune|Calm Mind|p1a: Suicune
|-boost|p1a: Suicune|spa|1
|-boost|p1a: Suicune|spd|1
|move|p2a: My Life|Seismic Toss|p1a: Suicune
|-damage|p1a: Suicune|279\/404 tox
|
|-heal|p1a: Suicune|304\/404 tox|[from] item: Leftovers
|-damage|p1a: Suicune|254\/404 tox|[from] psn
|turn|13
|
|move|p1a: Suicune|Calm Mind|p1a: Suicune
|-boost|p1a: Suicune|spa|1
|-boost|p1a: Suicune|spd|1
|move|p2a: My Life|Seismic Toss|p1a: Suicune
|-damage|p1a: Suicune|154\/404 tox
|
|-heal|p1a: Suicune|179\/404 tox|[from] item: Leftovers
|-damage|p1a: Suicune|104\/404 tox|[from] psn
|turn|14
|
|move|p1a: Suicune|Rest|p1a: Suicune
|-status|p1a: Suicune|slp
|-heal|p1a: Suicune|404\/404 slp|[silent]
|-status|p1a: Suicune|slp|[from] move: Rest
|move|p2a: My Life|Seismic Toss|p1a: Suicune
|-damage|p1a: Suicune|304\/404 slp
|
|-heal|p1a: Suicune|329\/404 slp|[from] item: Leftovers
|turn|15
|
|switch|p2a: Now This Is|Skarmory, M|26\/334
|-damage|p2a: Now This Is|0 fnt|[from] Stealth Rock
|faint|p2a: Now This Is
|cant|p1a: Suicune|slp
|move|p1a: Suicune|Sleep Talk|p1a: Suicune
|move|p1a: Suicune|Rest|p1a: Suicune|[from]Sleep Talk
|-fail|p1a: Suicune
|
|-heal|p1a: Suicune|354\/404 slp|[from] item: Leftovers
|
|switch|p2a: Turned Upside Down|Venusaur, F|364\/364
|-damage|p2a: Turned Upside Down|319\/364|[from] Stealth Rock
|turn|16
|
|detailschange|p2a: Turned Upside Down|Venusaur-Mega, F
|message|Venusaur has Mega Evolved into Mega Venusaur!
|cant|p1a: Suicune|slp
|move|p1a: Suicune|Sleep Talk|p1a: Suicune
|move|p1a: Suicune|Rest|p1a: Suicune|[from]Sleep Talk
|-fail|p1a: Suicune
|move|p2a: Turned Upside Down|Giga Drain|p1a: Suicune
|-supereffective|p1a: Suicune
|-damage|p1a: Suicune|262\/404 slp
|-heal|p2a: Turned Upside Down|364\/364|[from] drain|[of] p1a: Suicune
|
|-heal|p1a: Suicune|287\/404 slp|[from] item: Leftovers
|turn|17
|
|-curestatus|p1a: Suicune|slp
|move|p1a: Suicune|Calm Mind|p1a: Suicune
|-boost|p1a: Suicune|spa|1
|-boost|p1a: Suicune|spd|1
|move|p2a: Turned Upside Down|Leech Seed|p1a: Suicune
|-start|p1a: Suicune|move: Leech Seed
|
|-heal|p1a: Suicune|312\/404|[from] item: Leftovers
|-damage|p1a: Suicune|262\/404|[from] Leech Seed|[of] p2a: Turned Upside Down
|turn|18
|
|move|p1a: Suicune|Calm Mind|p1a: Suicune
|-boost|p1a: Suicune|spa|1
|-boost|p1a: Suicune|spd|1
|move|p2a: Turned Upside Down|Synthesis|p2a: Turned Upside Down
|
|-heal|p1a: Suicune|287\/404|[from] item: Leftovers
|-damage|p1a: Suicune|237\/404|[from] Leech Seed|[of] p2a: Turned Upside Down
|turn|19
|
|switch|p2a: The Story|Gliscor, M|354\/354
|-damage|p2a: The Story|310\/354|[from] Stealth Rock
|move|p1a: Suicune|Calm Mind|p1a: Suicune
|-boost|p1a: Suicune|spa|1
|-boost|p1a: Suicune|spd|1
|
|-heal|p1a: Suicune|262\/404|[from] item: Leftovers
|-damage|p1a: Suicune|212\/404|[from] Leech Seed|[of] p2a: The Story
|-heal|p2a: The Story|354\/354|[silent]
|-status|p2a: The Story|tox|[from] item: Toxic Orb
|turn|20
|
|move|p2a: The Story|Substitute|p2a: The Story
|-start|p2a: The Story|Substitute
|-damage|p2a: The Story|266\/354 tox
|move|p1a: Suicune|Scald|p2a: The Story
|-supereffective|p2a: The Story
|-end|p2a: The Story|Substitute
|
|-heal|p1a: Suicune|237\/404|[from] item: Leftovers
|-damage|p1a: Suicune|187\/404|[from] Leech Seed|[of] p2a: The Story
|-heal|p2a: The Story|316\/354 tox|[silent]
|-heal|p2a: The Story|354\/354 tox|[from] ability: Poison Heal
|turn|21
|
|move|p2a: The Story|Substitute|p2a: The Story
|-start|p2a: The Story|Substitute
|-damage|p2a: The Story|266\/354 tox
|move|p1a: Suicune|Scald|p2a: The Story
|-supereffective|p2a: The Story
|-end|p2a: The Story|Substitute
|
|-heal|p1a: Suicune|212\/404|[from] item: Leftovers
|-damage|p1a: Suicune|162\/404|[from] Leech Seed|[of] p2a: The Story
|-heal|p2a: The Story|316\/354 tox|[silent]
|-heal|p2a: The Story|354\/354 tox|[from] ability: Poison Heal
|turn|22
|
|move|p2a: The Story|Substitute|p2a: The Story
|-start|p2a: The Story|Substitute
|-damage|p2a: The Story|266\/354 tox
|move|p1a: Suicune|Scald|p2a: The Story
|-supereffective|p2a: The Story
|-end|p2a: The Story|Substitute
|
|-heal|p1a: Suicune|187\/404|[from] item: Leftovers
|-damage|p1a: Suicune|137\/404|[from] Leech Seed|[of] p2a: The Story
|-heal|p2a: The Story|316\/354 tox|[silent]
|-heal|p2a: The Story|354\/354 tox|[from] ability: Poison Heal
|turn|23
|
|move|p2a: The Story|Substitute|p2a: The Story
|-start|p2a: The Story|Substitute
|-damage|p2a: The Story|266\/354 tox
|move|p1a: Suicune|Rest|p1a: Suicune
|-status|p1a: Suicune|slp
|-heal|p1a: Suicune|404\/404 slp|[silent]
|-status|p1a: Suicune|slp|[from] move: Rest
|
|-damage|p1a: Suicune|354\/404 slp|[from] Leech Seed|[of] p2a: The Story
|-heal|p2a: The Story|316\/354 tox|[silent]
|-heal|p2a: The Story|354\/354 tox|[from] ability: Poison Heal
|turn|24
|
|move|p2a: The Story|Earthquake|p1a: Suicune
|-damage|p1a: Suicune|278\/404 slp
|cant|p1a: Suicune|slp
|move|p1a: Suicune|Sleep Talk|p1a: Suicune
|move|p1a: Suicune|Rest|p1a: Suicune|[from]Sleep Talk
|-fail|p1a: Suicune
|
|-heal|p1a: Suicune|303\/404 slp|[from] item: Leftovers
|-damage|p1a: Suicune|253\/404 slp|[from] Leech Seed|[of] p2a: The Story
|turn|25
|
|move|p2a: The Story|Earthquake|p1a: Suicune
|-damage|p1a: Suicune|172\/404 slp
|cant|p1a: Suicune|slp
|move|p1a: Suicune|Sleep Talk|p1a: Suicune
|move|p1a: Suicune|Scald|p2a: The Story|[from]Sleep Talk
|-supereffective|p2a: The Story
|-end|p2a: The Story|Substitute
|
|-heal|p1a: Suicune|197\/404 slp|[from] item: Leftovers
|-damage|p1a: Suicune|147\/404 slp|[from] Leech Seed|[of] p2a: The Story
|turn|26
|
|move|p2a: The Story|Substitute|p2a: The Story
|-start|p2a: The Story|Substitute
|-damage|p2a: The Story|266\/354 tox
|-curestatus|p1a: Suicune|slp
|move|p1a: Suicune|Scald|p2a: The Story
|-supereffective|p2a: The Story
|-end|p2a: The Story|Substitute
|
|-heal|p1a: Suicune|172\/404|[from] item: Leftovers
|-damage|p1a: Suicune|122\/404|[from] Leech Seed|[of] p2a: The Story
|-heal|p2a: The Story|316\/354 tox|[silent]
|-heal|p2a: The Story|354\/354 tox|[from] ability: Poison Heal
|turn|27
|
|move|p2a: The Story|Substitute|p2a: The Story
|-start|p2a: The Story|Substitute
|-damage|p2a: The Story|266\/354 tox
|move|p1a: Suicune|Scald|p2a: The Story
|-supereffective|p2a: The Story
|-end|p2a: The Story|Substitute
|
|-heal|p1a: Suicune|147\/404|[from] item: Leftovers
|-damage|p1a: Suicune|97\/404|[from] Leech Seed|[of] p2a: The Story
|-heal|p2a: The Story|316\/354 tox|[silent]
|-heal|p2a: The Story|354\/354 tox|[from] ability: Poison Heal
|turn|28
|
|move|p2a: The Story|Substitute|p2a: The Story
|-start|p2a: The Story|Substitute
|-damage|p2a: The Story|266\/354 tox
|move|p1a: Suicune|Rest|p1a: Suicune
|-status|p1a: Suicune|slp
|-heal|p1a: Suicune|404\/404 slp|[silent]
|-status|p1a: Suicune|slp|[from] move: Rest
|
|-damage|p1a: Suicune|354\/404 slp|[from] Leech Seed|[of] p2a: The Story
|-heal|p2a: The Story|316\/354 tox|[silent]
|-heal|p2a: The Story|354\/354 tox|[from] ability: Poison Heal
|turn|29
|
|switch|p1a: Excadrill|Excadrill, M|306\/362 brn
|-damage|p1a: Excadrill|295\/362 brn|[from] Stealth Rock
|-ability|p1a: Excadrill|Mold Breaker
|-item|p1a: Excadrill|Air Balloon
|move|p2a: The Story|Earthquake|p1a: Excadrill
|-immune|p1a: Excadrill|[msg]
|
|-damage|p1a: Excadrill|250\/362 brn|[from] brn
|turn|30
|
|switch|p2a: Turned Upside Down|Venusaur-Mega, F|364\/364
|-damage|p2a: Turned Upside Down|319\/364|[from] Stealth Rock
|move|p1a: Excadrill|Rapid Spin|p2a: Turned Upside Down
|-damage|p2a: Turned Upside Down|308\/364
|-sideend|p1: Bulbasawr|Stealth Rock|[from] move: Rapid Spin|[of] p1a: Excadrill
|
|-damage|p1a: Excadrill|205\/362 brn|[from] brn
|turn|31
|
|switch|p1a: Talonflame|Talonflame, M|196\/298
|move|p2a: Turned Upside Down|Sludge Bomb|p1a: Talonflame
|-damage|p1a: Talonflame|0 fnt
|faint|p1a: Talonflame
|
|
|switch|p1a: Pinsir|Pinsir, F|334\/334
|turn|32
|
|switch|p2a: The Story|Gliscor, M|354\/354 tox
|-damage|p2a: The Story|310\/354 tox|[from] Stealth Rock
|detailschange|p1a: Pinsir|Pinsir-Mega, F
|message|Pinsir has Mega Evolved into Mega Pinsir!
|move|p1a: Pinsir|Frustration|p2a: The Story
|-damage|p2a: The Story|76\/354 tox
|
|-heal|p2a: The Story|120\/354 tox|[from] ability: Poison Heal
|turn|33
|
|move|p2a: The Story|Protect|p2a: The Story
|-singleturn|p2a: The Story|Protect
|move|p1a: Pinsir|Frustration|p2a: The Story
|-activate|p2a: The Story|Protect
|
|-heal|p2a: The Story|164\/354 tox|[from] ability: Poison Heal
|turn|34
|
|move|p2a: The Story|Toxic|p1a: Pinsir
|-status|p1a: Pinsir|tox
|move|p1a: Pinsir|Frustration|p2a: The Story
|-damage|p2a: The Story|0 fnt
|faint|p2a: The Story
|
|-damage|p1a: Pinsir|314\/334 tox|[from] psn
|
|switch|p2a: All About How|Azumarill, F, shiny|404\/404
|-damage|p2a: All About How|354\/404|[from] Stealth Rock
|turn|35
|
|switch|p1a: Excadrill|Excadrill, M|205\/362 brn
|-ability|p1a: Excadrill|Mold Breaker
|-item|p1a: Excadrill|Air Balloon
|move|p2a: All About How|Aqua Jet|p1a: Excadrill
|-supereffective|p1a: Excadrill
|-damage|p1a: Excadrill|0 fnt
|-enditem|p1a: Excadrill|Air Balloon
|faint|p1a: Excadrill
|
|chat|ominoct|??
|
|switch|p1a: Greninja|Greninja, M|82\/285
|turn|36
|
|switch|p1a: Pinsir|Pinsir-Mega, F|314\/334 tox
|switch|p2a: My Life|Chansey, F|704\/704
|-damage|p2a: My Life|616\/704|[from] Stealth Rock
|
|-damage|p1a: Pinsir|294\/334 tox|[from] psn
|turn|37
|
|move|p1a: Pinsir|Swords Dance|p1a: Pinsir
|-boost|p1a: Pinsir|atk|2
|move|p2a: My Life|Soft-Boiled|p2a: My Life
|-heal|p2a: My Life|704\/704
|
|-damage|p1a: Pinsir|254\/334 tox|[from] psn
|turn|38
|
|move|p1a: Pinsir|Swords Dance|p1a: Pinsir
|-boost|p1a: Pinsir|atk|2
|move|p2a: My Life|Seismic Toss|p1a: Pinsir
|-damage|p1a: Pinsir|154\/334 tox
|
|-damage|p1a: Pinsir|94\/334 tox|[from] psn
|turn|39
|
|switch|p2a: Got Flipped|Sableye, M|199\/304
|-damage|p2a: Got Flipped|161\/304|[from] Stealth Rock
|move|p1a: Pinsir|Frustration|p2a: Got Flipped
|-damage|p2a: Got Flipped|0 fnt
|faint|p2a: Got Flipped
|
|-damage|p1a: Pinsir|14\/334 tox|[from] psn
|
|switch|p2a: All About How|Azumarill, F, shiny|354\/404
|-damage|p2a: All About How|304\/404|[from] Stealth Rock
|turn|40
|
|move|p1a: Pinsir|Quick Attack|p2a: All About How
|-damage|p2a: All About How|0 fnt
|faint|p2a: All About How
|
|-damage|p1a: Pinsir|0 fnt|[from] psn
|faint|p1a: Pinsir
|
|switch|p1a: Greninja|Greninja, M|82\/285
|switch|p2a: My Life|Chansey, F|704\/704
|-damage|p2a: My Life|616\/704|[from] Stealth Rock
|turn|41
|chat|ominoct|gg
|
|switch|p1a: Suicune|Suicune|354\/404 slp
|-ability|p1a: Suicune|Pressure
|move|p2a: My Life|Toxic|p1a: Suicune
|-fail|p1a: Suicune
|
|-heal|p1a: Suicune|379\/404 slp|[from] item: Leftovers
|turn|42
|
|switch|p2a: Turned Upside Down|Venusaur-Mega, F|308\/364
|-damage|p2a: Turned Upside Down|263\/364|[from] Stealth Rock
|cant|p1a: Suicune|slp
|move|p1a: Suicune|Sleep Talk|p1a: Suicune
|move|p1a: Suicune|Scald|p2a: Turned Upside Down|[from]Sleep Talk
|-resisted|p2a: Turned Upside Down
|-damage|p2a: Turned Upside Down|227\/364
|-status|p2a: Turned Upside Down|brn
|
|-heal|p1a: Suicune|404\/404 slp|[from] item: Leftovers
|-damage|p2a: Turned Upside Down|182\/364 brn|[from] brn
|turn|43
|
|cant|p1a: Suicune|slp
|move|p1a: Suicune|Sleep Talk|p1a: Suicune
|move|p1a: Suicune|Calm Mind|p1a: Suicune|[from]Sleep Talk
|-boost|p1a: Suicune|spa|1
|-boost|p1a: Suicune|spd|1
|move|p2a: Turned Upside Down|Leech Seed|p1a: Suicune
|-start|p1a: Suicune|move: Leech Seed
|
|-damage|p1a: Suicune|354\/404 slp|[from] Leech Seed|[of] p2a: Turned Upside Down
|-heal|p2a: Turned Upside Down|232\/364 brn|[silent]
|-damage|p2a: Turned Upside Down|187\/364 brn|[from] brn
|turn|44
|
|-curestatus|p1a: Suicune|slp
|move|p1a: Suicune|Calm Mind|p1a: Suicune
|-boost|p1a: Suicune|spa|1
|-boost|p1a: Suicune|spd|1
|move|p2a: Turned Upside Down|Giga Drain|p1a: Suicune
|-supereffective|p1a: Suicune
|-damage|p1a: Suicune|234\/404
|-heal|p2a: Turned Upside Down|247\/364 brn|[from] drain|[of] p1a: Suicune
|
|-heal|p1a: Suicune|259\/404|[from] item: Leftovers
|-damage|p1a: Suicune|209\/404|[from] Leech Seed|[of] p2a: Turned Upside Down
|-heal|p2a: Turned Upside Down|297\/364 brn|[silent]
|-damage|p2a: Turned Upside Down|252\/364 brn|[from] brn
|turn|45
|
|move|p1a: Suicune|Calm Mind|p1a: Suicune
|-boost|p1a: Suicune|spa|1
|-boost|p1a: Suicune|spd|1
|move|p2a: Turned Upside Down|Giga Drain|p1a: Suicune
|-supereffective|p1a: Suicune
|-damage|p1a: Suicune|117\/404
|-heal|p2a: Turned Upside Down|298\/364 brn|[from] drain|[of] p1a: Suicune
|
|-heal|p1a: Suicune|142\/404|[from] item: Leftovers
|-damage|p1a: Suicune|92\/404|[from] Leech Seed|[of] p2a: Turned Upside Down
|-heal|p2a: Turned Upside Down|348\/364 brn|[silent]
|-damage|p2a: Turned Upside Down|303\/364 brn|[from] brn
|turn|46
|
|move|p1a: Suicune|Rest|p1a: Suicune
|-status|p1a: Suicune|slp
|-heal|p1a: Suicune|404\/404 slp|[silent]
|-status|p1a: Suicune|slp|[from] move: Rest
|move|p2a: Turned Upside Down|Giga Drain|p1a: Suicune
|-supereffective|p1a: Suicune
|-damage|p1a: Suicune|308\/404 slp
|-heal|p2a: Turned Upside Down|351\/364 brn|[from] drain|[of] p1a: Suicune
|
|-heal|p1a: Suicune|333\/404 slp|[from] item: Leftovers
|-damage|p1a: Suicune|283\/404 slp|[from] Leech Seed|[of] p2a: Turned Upside Down
|-heal|p2a: Turned Upside Down|364\/364 brn|[silent]
|-damage|p2a: Turned Upside Down|319\/364 brn|[from] brn
|turn|47
|
|switch|p2a: My Life|Chansey, F|616\/704
|-damage|p2a: My Life|528\/704|[from] Stealth Rock
|cant|p1a: Suicune|slp
|move|p1a: Suicune|Sleep Talk|p1a: Suicune
|move|p1a: Suicune|Calm Mind|p1a: Suicune|[from]Sleep Talk
|-boost|p1a: Suicune|spa|1
|-boost|p1a: Suicune|spd|1
|
|-heal|p1a: Suicune|308\/404 slp|[from] item: Leftovers
|-damage|p1a: Suicune|258\/404 slp|[from] Leech Seed|[of] p2a: My Life
|-heal|p2a: My Life|578\/704|[silent]
|turn|48
|
|cant|p1a: Suicune|slp
|move|p1a: Suicune|Sleep Talk|p1a: Suicune
|move|p1a: Suicune|Scald|p2a: My Life|[from]Sleep Talk
|-damage|p2a: My Life|413\/704
|move|p2a: My Life|Seismic Toss|p1a: Suicune
|-damage|p1a: Suicune|158\/404 slp
|
|-heal|p1a: Suicune|183\/404 slp|[from] item: Leftovers
|-damage|p1a: Suicune|133\/404 slp|[from] Leech Seed|[of] p2a: My Life
|-heal|p2a: My Life|463\/704|[silent]
|turn|49
|
|-curestatus|p1a: Suicune|slp
|move|p1a: Suicune|Calm Mind|p1a: Suicune
|-boost|p1a: Suicune|spa|1
|-boost|p1a: Suicune|spd|1
|move|p2a: My Life|Seismic Toss|p1a: Suicune
|-damage|p1a: Suicune|33\/404
|
|-heal|p1a: Suicune|58\/404|[from] item: Leftovers
|-damage|p1a: Suicune|8\/404|[from] Leech Seed|[of] p2a: My Life
|-heal|p2a: My Life|513\/704|[silent]
|turn|50
|chat|ominoct|:|
|
|move|p1a: Suicune|Rest|p1a: Suicune
|-status|p1a: Suicune|slp
|-heal|p1a: Suicune|404\/404 slp|[silent]
|-status|p1a: Suicune|slp|[from] move: Rest
|move|p2a: My Life|Seismic Toss|p1a: Suicune
|-damage|p1a: Suicune|304\/404 slp
|
|-heal|p1a: Suicune|329\/404 slp|[from] item: Leftovers
|-damage|p1a: Suicune|279\/404 slp|[from] Leech Seed|[of] p2a: My Life
|-heal|p2a: My Life|563\/704|[silent]
|turn|51
|
|cant|p1a: Suicune|slp
|move|p1a: Suicune|Sleep Talk|p1a: Suicune
|move|p1a: Suicune|Calm Mind|p1a: Suicune|[from]Sleep Talk
|-boost|p1a: Suicune|spa|1
|-boost|p1a: Suicune|spd|1
|move|p2a: My Life|Seismic Toss|p1a: Suicune
|-damage|p1a: Suicune|179\/404 slp
|
|-heal|p1a: Suicune|204\/404 slp|[from] item: Leftovers
|-damage|p1a: Suicune|154\/404 slp|[from] Leech Seed|[of] p2a: My Life
|-heal|p2a: My Life|613\/704|[silent]
|turn|52
|
|cant|p1a: Suicune|slp
|move|p2a: My Life|Seismic Toss|p1a: Suicune
|-damage|p1a: Suicune|54\/404 slp
|
|-heal|p1a: Suicune|79\/404 slp|[from] item: Leftovers
|-damage|p1a: Suicune|29\/404 slp|[from] Leech Seed|[of] p2a: My Life
|-heal|p2a: My Life|663\/704|[silent]
|turn|53
|
|-curestatus|p1a: Suicune|slp
|move|p1a: Suicune|Rest|p1a: Suicune
|-status|p1a: Suicune|slp
|-heal|p1a: Suicune|404\/404 slp|[silent]
|-status|p1a: Suicune|slp|[from] move: Rest
|move|p2a: My Life|Seismic Toss|p1a: Suicune
|-damage|p1a: Suicune|304\/404 slp
|
|-heal|p1a: Suicune|329\/404 slp|[from] item: Leftovers
|-damage|p1a: Suicune|279\/404 slp|[from] Leech Seed|[of] p2a: My Life
|-heal|p2a: My Life|704\/704|[silent]
|turn|54
|
|cant|p1a: Suicune|slp
|move|p1a: Suicune|Sleep Talk|p1a: Suicune
|move|p1a: Suicune|Rest|p1a: Suicune|[from]Sleep Talk
|-fail|p1a: Suicune
|move|p2a: My Life|Aromatherapy|p2a: My Life
|-cureteam|p2a: My Life|[from] move: Aromatherapy
|
|-heal|p1a: Suicune|304\/404 slp|[from] item: Leftovers
|-damage|p1a: Suicune|254\/404 slp|[from] Leech Seed|[of] p2a: My Life
|turn|55
|
|cant|p1a: Suicune|slp
|move|p1a: Suicune|Sleep Talk|p1a: Suicune
|move|p1a: Suicune|Scald|p2a: My Life|[from]Sleep Talk
|-damage|p2a: My Life|496\/704
|-status|p2a: My Life|brn
|move|p2a: My Life|Seismic Toss|p1a: Suicune
|-damage|p1a: Suicune|154\/404 slp
|
|-heal|p1a: Suicune|179\/404 slp|[from] item: Leftovers
|-damage|p1a: Suicune|129\/404 slp|[from] Leech Seed|[of] p2a: My Life
|-heal|p2a: My Life|546\/704 brn|[silent]
|-damage|p2a: My Life|458\/704 brn|[from] brn
|turn|56
|
|-curestatus|p1a: Suicune|slp
|move|p1a: Suicune|Rest|p1a: Suicune
|-status|p1a: Suicune|slp
|-heal|p1a: Suicune|404\/404 slp|[silent]
|-status|p1a: Suicune|slp|[from] move: Rest
|move|p2a: My Life|Seismic Toss|p1a: Suicune
|-damage|p1a: Suicune|304\/404 slp
|
|-heal|p1a: Suicune|329\/404 slp|[from] item: Leftovers
|-damage|p1a: Suicune|279\/404 slp|[from] Leech Seed|[of] p2a: My Life
|-heal|p2a: My Life|508\/704 brn|[silent]
|-damage|p2a: My Life|420\/704 brn|[from] brn
|turn|57
|
|cant|p1a: Suicune|slp
|move|p1a: Suicune|Sleep Talk|p1a: Suicune
|move|p1a: Suicune|Scald|p2a: My Life|[from]Sleep Talk
|-damage|p2a: My Life|215\/704 brn
|move|p2a: My Life|Aromatherapy|p2a: My Life
|-cureteam|p2a: My Life|[from] move: Aromatherapy
|
|-heal|p1a: Suicune|304\/404 slp|[from] item: Leftovers
|-damage|p1a: Suicune|254\/404 slp|[from] Leech Seed|[of] p2a: My Life
|-heal|p2a: My Life|265\/704|[silent]
|turn|58
|
|cant|p1a: Suicune|slp
|move|p1a: Suicune|Sleep Talk|p1a: Suicune
|move|p1a: Suicune|Scald|p2a: My Life|[from]Sleep Talk
|-damage|p2a: My Life|37\/704
|move|p2a: My Life|Soft-Boiled|p2a: My Life
|-heal|p2a: My Life|389\/704
|
|-heal|p1a: Suicune|279\/404 slp|[from] item: Leftovers
|-damage|p1a: Suicune|229\/404 slp|[from] Leech Seed|[of] p2a: My Life
|-heal|p2a: My Life|439\/704|[silent]
|turn|59
|
|-curestatus|p1a: Suicune|slp
|move|p1a: Suicune|Scald|p2a: My Life
|-damage|p2a: My Life|234\/704
|-status|p2a: My Life|brn
|move|p2a: My Life|Soft-Boiled|p2a: My Life
|-heal|p2a: My Life|586\/704 brn
|
|-heal|p1a: Suicune|254\/404|[from] item: Leftovers
|-damage|p1a: Suicune|204\/404|[from] Leech Seed|[of] p2a: My Life
|-heal|p2a: My Life|636\/704 brn|[silent]
|-damage|p2a: My Life|548\/704 brn|[from] brn
|turn|60
|
|move|p1a: Suicune|Scald|p2a: My Life
|-damage|p2a: My Life|328\/704 brn
|move|p2a: My Life|Seismic Toss|p1a: Suicune
|-damage|p1a: Suicune|104\/404
|
|-heal|p1a: Suicune|129\/404|[from] item: Leftovers
|-damage|p1a: Suicune|79\/404|[from] Leech Seed|[of] p2a: My Life
|-heal|p2a: My Life|378\/704 brn|[silent]
|-damage|p2a: My Life|290\/704 brn|[from] brn
|turn|61
|
|move|p1a: Suicune|Rest|p1a: Suicune
|-status|p1a: Suicune|slp
|-heal|p1a: Suicune|404\/404 slp|[silent]
|-status|p1a: Suicune|slp|[from] move: Rest
|move|p2a: My Life|Seismic Toss|p1a: Suicune
|-damage|p1a: Suicune|304\/404 slp
|
|-heal|p1a: Suicune|329\/404 slp|[from] item: Leftovers
|-damage|p1a: Suicune|279\/404 slp|[from] Leech Seed|[of] p2a: My Life
|-heal|p2a: My Life|340\/704 brn|[silent]
|-damage|p2a: My Life|252\/704 brn|[from] brn
|turn|62
|
|cant|p1a: Suicune|slp
|move|p1a: Suicune|Sleep Talk|p1a: Suicune
|move|p1a: Suicune|Calm Mind|p1a: Suicune|[from]Sleep Talk
|-fail|p1a: Suicune
|move|p2a: My Life|Soft-Boiled|p2a: My Life
|-heal|p2a: My Life|604\/704 brn
|
|-heal|p1a: Suicune|304\/404 slp|[from] item: Leftovers
|-damage|p1a: Suicune|254\/404 slp|[from] Leech Seed|[of] p2a: My Life
|-heal|p2a: My Life|654\/704 brn|[silent]
|-damage|p2a: My Life|566\/704 brn|[from] brn
|turn|63
|
|cant|p1a: Suicune|slp
|move|p2a: My Life|Seismic Toss|p1a: Suicune
|-damage|p1a: Suicune|154\/404 slp
|
|-heal|p1a: Suicune|179\/404 slp|[from] item: Leftovers
|-damage|p1a: Suicune|129\/404 slp|[from] Leech Seed|[of] p2a: My Life
|-heal|p2a: My Life|616\/704 brn|[silent]
|-damage|p2a: My Life|528\/704 brn|[from] brn
|turn|64
|
|-curestatus|p1a: Suicune|slp
|move|p1a: Suicune|Rest|p1a: Suicune
|-status|p1a: Suicune|slp
|-heal|p1a: Suicune|404\/404 slp|[silent]
|-status|p1a: Suicune|slp|[from] move: Rest
|move|p2a: My Life|Seismic Toss|p1a: Suicune
|-damage|p1a: Suicune|304\/404 slp
|
|-heal|p1a: Suicune|329\/404 slp|[from] item: Leftovers
|-damage|p1a: Suicune|279\/404 slp|[from] Leech Seed|[of] p2a: My Life
|-heal|p2a: My Life|578\/704 brn|[silent]
|-damage|p2a: My Life|490\/704 brn|[from] brn
|turn|65
|
|cant|p1a: Suicune|slp
|move|p1a: Suicune|Sleep Talk|p1a: Suicune
|move|p1a: Suicune|Calm Mind|p1a: Suicune|[from]Sleep Talk
|-fail|p1a: Suicune
|move|p2a: My Life|Seismic Toss|p1a: Suicune
|-damage|p1a: Suicune|179\/404 slp
|
|-heal|p1a: Suicune|204\/404 slp|[from] item: Leftovers
|-damage|p1a: Suicune|154\/404 slp|[from] Leech Seed|[of] p2a: My Life
|-heal|p2a: My Life|540\/704 brn|[silent]
|-damage|p2a: My Life|452\/704 brn|[from] brn
|turn|66
|
|cant|p1a: Suicune|slp
|move|p2a: My Life|Soft-Boiled|p2a: My Life
|-heal|p2a: My Life|704\/704 brn
|
|-heal|p1a: Suicune|179\/404 slp|[from] item: Leftovers
|-damage|p1a: Suicune|129\/404 slp|[from] Leech Seed|[of] p2a: My Life
|-damage|p2a: My Life|616\/704 brn|[from] brn
|turn|67
|
|switch|p2a: Turned Upside Down|Venusaur-Mega, F|319\/364
|-damage|p2a: Turned Upside Down|274\/364|[from] Stealth Rock
|-curestatus|p1a: Suicune|slp
|move|p1a: Suicune|Rest|p1a: Suicune
|-status|p1a: Suicune|slp
|-heal|p1a: Suicune|404\/404 slp|[silent]
|-status|p1a: Suicune|slp|[from] move: Rest
|
|-damage|p1a: Suicune|354\/404 slp|[from] Leech Seed|[of] p2a: Turned Upside Down
|-heal|p2a: Turned Upside Down|324\/364|[silent]
|turn|68
|
|cant|p1a: Suicune|slp
|move|p1a: Suicune|Sleep Talk|p1a: Suicune
|move|p1a: Suicune|Rest|p1a: Suicune|[from]Sleep Talk
|-fail|p1a: Suicune
|move|p2a: Turned Upside Down|Giga Drain|p1a: Suicune
|-supereffective|p1a: Suicune
|-damage|p1a: Suicune|292\/404 slp
|-heal|p2a: Turned Upside Down|355\/364|[from] drain|[of] p1a: Suicune
|
|-heal|p1a: Suicune|317\/404 slp|[from] item: Leftovers
|-damage|p1a: Suicune|267\/404 slp|[from] Leech Seed|[of] p2a: Turned Upside Down
|-heal|p2a: Turned Upside Down|364\/364|[silent]
|turn|69
|
|cant|p1a: Suicune|slp
|move|p2a: Turned Upside Down|Sludge Bomb|p1a: Suicune
|-damage|p1a: Suicune|228\/404 slp
|
|-heal|p1a: Suicune|253\/404 slp|[from] item: Leftovers
|-damage|p1a: Suicune|203\/404 slp|[from] Leech Seed|[of] p2a: Turned Upside Down
|turn|70
|
|-curestatus|p1a: Suicune|slp
|move|p1a: Suicune|Scald|p2a: Turned Upside Down
|-resisted|p2a: Turned Upside Down
|-damage|p2a: Turned Upside Down|208\/364
|move|p2a: Turned Upside Down|Sludge Bomb|p1a: Suicune
|-damage|p1a: Suicune|163\/404
|
|-heal|p1a: Suicune|188\/404|[from] item: Leftovers
|-damage|p1a: Suicune|138\/404|[from] Leech Seed|[of] p2a: Turned Upside Down
|-heal|p2a: Turned Upside Down|258\/364|[silent]
|turn|71
|
|move|p1a: Suicune|Scald|p2a: Turned Upside Down
|-resisted|p2a: Turned Upside Down
|-damage|p2a: Turned Upside Down|108\/364
|move|p2a: Turned Upside Down|Giga Drain|p1a: Suicune
|-supereffective|p1a: Suicune
|-damage|p1a: Suicune|78\/404
|-heal|p2a: Turned Upside Down|138\/364|[from] drain|[of] p1a: Suicune
|
|-heal|p1a: Suicune|103\/404|[from] item: Leftovers
|-damage|p1a: Suicune|53\/404|[from] Leech Seed|[of] p2a: Turned Upside Down
|-heal|p2a: Turned Upside Down|188\/364|[silent]
|turn|72
|
|move|p1a: Suicune|Rest|p1a: Suicune
|-status|p1a: Suicune|slp
|-heal|p1a: Suicune|404\/404 slp|[silent]
|-status|p1a: Suicune|slp|[from] move: Rest
|move|p2a: Turned Upside Down|Giga Drain|p1a: Suicune
|-supereffective|p1a: Suicune
|-damage|p1a: Suicune|342\/404 slp
|-heal|p2a: Turned Upside Down|219\/364|[from] drain|[of] p1a: Suicune
|
|-heal|p1a: Suicune|367\/404 slp|[from] item: Leftovers
|-damage|p1a: Suicune|317\/404 slp|[from] Leech Seed|[of] p2a: Turned Upside Down
|-heal|p2a: Turned Upside Down|269\/364|[silent]
|turn|73
|-message|Bulbasawr forfeited.
|
|win|ominoct
|raw|Ladder updating...
|leave|Bulbasawr
|player|p1
|raw|Bulbasawr's rating: 1483 &rarr; <strong>1463<\/strong><br \/>(-20 for losing)
|raw|ominoct's rating: 1473 &rarr; <strong>1493<\/strong><br \/>(+20 for winning)