|join|Bulbasawr
|join|Nothehan
|player|p1|Bulbasawr|162
|player|p2|Nothehan|39
|gametype|singles
|gen|6
|tier|OU
|rated
|clearpoke
|poke|p1|Politoed, F
|poke|p1|Keldeo-Resolute
|poke|p1|Azumarill, F, shiny
|poke|p1|Kingdra, F
|poke|p1|Kabutops, F
|poke|p1|Pinsir, M
|poke|p2|Tyranitar, M
|poke|p2|Clefable, M
|poke|p2|Gengar, M
|poke|p2|Skarmory, F
|poke|p2|Milotic, F
|poke|p2|Aerodactyl, M
|rule|Swagger Clause: Swagger is banned
|rule|Baton Pass Clause: Limit one PokÃ©mon knowing Baton Pass
|rule|Sleep Clause Mod: Limit one foe put to sleep
|rule|Species Clause: Limit one of each PokÃ©mon
|rule|OHKO Clause: OHKO moves are banned
|rule|Moody Clause: Moody is banned
|rule|Evasion Moves Clause: Evasion moves are banned
|rule|Endless Battle Clause: Forcing endless battles is banned
|rule|HP Percentage Mod: HP is shown in percentages
|teampreview
|
|start
|switch|p1a: Azumarill|Azumarill, F, shiny|404\/404
|switch|p2a: Gengar|Gengar, M|262\/262
|turn|1
|
|move|p2a: Gengar|Sludge Bomb|p1a: Azumarill
|-supereffective|p1a: Azumarill
|-damage|p1a: Azumarill|0 fnt
|faint|p1a: Azumarill
|
|c|âBulbasawr|omg!
|
|switch|p1a: Politoed|Politoed, F|384\/384
|-weather|RainDance
|turn|2
|
|move|p2a: Gengar|Sludge Bomb|p1a: Politoed
|-damage|p1a: Politoed|144\/384
|move|p1a: Politoed|Scald|p2a: Gengar
|-damage|p2a: Gengar|108\/262
|
|-weather|RainDance|[upkeep]
|turn|3
|
|move|p2a: Gengar|Sludge Bomb|p1a: Politoed
|-damage|p1a: Politoed|0 fnt
|faint|p1a: Politoed
|
|-weather|RainDance|[upkeep]
|
|switch|p1a: Kabutops|Kabutops, F|262\/262
|turn|4
|
|switch|p2a: Tyranitar|Tyranitar, M|404\/404
|-weather|Sandstorm
|move|p1a: Kabutops|Swords Dance|p1a: Kabutops
|-boost|p1a: Kabutops|atk|2
|
|-weather|Sandstorm|[upkeep]
|turn|5
|
|switch|p2a: Skarmory|Skarmory, F|334\/334
|move|p1a: Kabutops|Waterfall|p2a: Skarmory
|-damage|p2a: Skarmory|112\/334
|-damage|p1a: Kabutops|219\/262|[from] item: Rocky Helmet|[of] p2a: Skarmory
|-damage|p1a: Kabutops|193\/262|[from] item: Life Orb
|
|-weather|Sandstorm|[upkeep]
|turn|6
|
|move|p1a: Kabutops|Waterfall|p2a: Skarmory
|-damage|p2a: Skarmory|0 fnt
|-damage|p1a: Kabutops|150\/262|[from] item: Rocky Helmet|[of] p2a: Skarmory
|-damage|p1a: Kabutops|124\/262|[from] item: Life Orb
|faint|p2a: Skarmory
|
|-weather|Sandstorm|[upkeep]
|
|switch|p2a: Clefable|Clefable, M|394\/394
|turn|7
|
|move|p1a: Kabutops|Stone Edge|p2a: Clefable
|-damage|p2a: Clefable|0 fnt
|-damage|p1a: Kabutops|98\/262|[from] item: Life Orb
|faint|p2a: Clefable
|
|-weather|Sandstorm|[upkeep]
|
|switch|p2a: Milotic|Milotic, F|394\/394
|turn|8
|
|move|p1a: Kabutops|Stone Edge|p2a: Milotic
|-damage|p2a: Milotic|0 fnt
|-damage|p1a: Kabutops|72\/262|[from] item: Life Orb
|faint|p2a: Milotic
|
|-weather|none
|c|âBulbasawr|Kabutops sweep.
|
|switch|p2a: Aerodactyl|Aerodactyl, M|302\/302
|-ability|p2a: Aerodactyl|Pressure
|turn|9
|
|detailschange|p2a: Aerodactyl|Aerodactyl-Mega, M
|message|Aerodactyl has Mega Evolved into Mega Aerodactyl!
|move|p1a: Kabutops|Aqua Jet|p2a: Aerodactyl
|-supereffective|p2a: Aerodactyl
|-damage|p2a: Aerodactyl|0 fnt
|-damage|p1a: Kabutops|46\/262|[from] item: Life Orb
|faint|p2a: Aerodactyl
|
|c|âBulbasawr|omg!
|c|âBulbasawr|lol
|
|switch|p2a: Tyranitar|Tyranitar, M|404\/404
|-weather|Sandstorm
|turn|10
|
|move|p1a: Kabutops|Waterfall|p2a: Tyranitar
|-supereffective|p2a: Tyranitar
|-damage|p2a: Tyranitar|0 fnt
|-damage|p1a: Kabutops|20\/262|[from] item: Life Orb
|faint|p2a: Tyranitar
|
|-weather|Sandstorm|[upkeep]
|
|switch|p2a: Gengar|Gengar, M|108\/262
|turn|11
|
|move|p1a: Kabutops|Aqua Jet|p2a: Gengar
|-damage|p2a: Gengar|0 fnt
|-damage|p1a: Kabutops|0 fnt|[from] item: Life Orb
|faint|p2a: Gengar
|faint|p1a: Kabutops
|
|win|Bulbasawr
|raw|Ladder updating...
|raw|Bulbasawr's rating: 1560 &rarr; <strong>1580<\/strong><br \/>(+20 for winning)
|raw|Nothehan's rating: 1557 &rarr; <strong>1537<\/strong><br \/>(-20 for losing)
|leave|Nothehan
|player|p2