|join|u got topor'ed
|join|Bulbasawr
|player|p1|u got topor'ed|167
|player|p2|Bulbasawr|162
|gametype|singles
|gen|6
|tier|OU
|rated
|clearpoke
|poke|p1|Cottonee, F
|poke|p1|Azelf
|poke|p1|Gothitelle, F
|poke|p1|Whimsicott, F
|poke|p1|Smeargle, F
|poke|p1|Espeon, F
|poke|p2|Politoed, F
|poke|p2|Keldeo-Resolute
|poke|p2|Azumarill, M, shiny
|poke|p2|Kingdra, M
|poke|p2|Kabutops, F
|poke|p2|Pinsir, M
|rule|Swagger Clause: Swagger is banned
|rule|Baton Pass Clause: Limit one PokÃ©mon knowing Baton Pass
|rule|Sleep Clause Mod: Limit one foe put to sleep
|rule|Species Clause: Limit one of each PokÃ©mon
|rule|OHKO Clause: OHKO moves are banned
|rule|Moody Clause: Moody is banned
|rule|Evasion Moves Clause: Evasion moves are banned
|rule|Endless Battle Clause: Forcing endless battles is banned
|rule|HP Percentage Mod: HP is shown in percentages
|teampreview
|
|start
|switch|p1a: Cottonee|Cottonee, F|284\/284
|switch|p2a: Pinsir|Pinsir, M|334\/334
|turn|1
|
|detailschange|p2a: Pinsir|Pinsir-Mega, M
|message|Pinsir has Mega Evolved into Mega Pinsir!
|move|p1a: Cottonee|Memento|p2a: Pinsir
|-unboost|p2a: Pinsir|atk|2
|-unboost|p2a: Pinsir|spa|2
|faint|p1a: Cottonee
|move|p2a: Pinsir|Swords Dance|p2a: Pinsir
|-boost|p2a: Pinsir|atk|2
|
|
|switch|p1a: Azelf|Azelf|354\/354
|turn|2
|
|move|p1a: Azelf|Taunt|p2a: Pinsir
|-start|p2a: Pinsir|move: Taunt
|cant|p2a: Pinsir|move: Taunt|Swords Dance
|
|turn|3
|
|move|p1a: Azelf|Reflect|p1a: Azelf
|-sidestart|p1: u got topor'ed|Reflect
|move|p2a: Pinsir|Frustration|p1a: Azelf
|-damage|p1a: Azelf|148\/354
|
|turn|4
|
|switch|p2a: Politoed|Politoed, F|384\/384
|-weather|RainDance
|move|p1a: Azelf|Light Screen|p1a: Azelf
|-sidestart|p1: u got topor'ed|move: Light Screen
|
|-weather|RainDance|[upkeep]
|turn|5
|
|move|p1a: Azelf|Explosion|p2a: Politoed
|-damage|p2a: Politoed|162\/384
|faint|p1a: Azelf
|move|p2a: Politoed|Encore|p1: Azelf|[notarget]
|-notarget
|
|-weather|RainDance|[upkeep]
|
|switch|p1a: Whimsicott|Whimsicott, F|324\/324
|turn|6
|
|move|p1a: Whimsicott|Taunt|p2a: Politoed
|-start|p2a: Politoed|move: Taunt
|cant|p2a: Politoed|move: Taunt|Hypnosis
|
|-weather|RainDance|[upkeep]
|turn|7
|
|switch|p2a: Pinsir|Pinsir-Mega, M|334\/334
|move|p1a: Whimsicott|Tailwind|p1a: Whimsicott
|-sidestart|p1: u got topor'ed|move: Tailwind
|
|-weather|RainDance|[upkeep]
|turn|8
|
|move|p1a: Whimsicott|Memento|p2a: Pinsir
|-unboost|p2a: Pinsir|atk|2
|-unboost|p2a: Pinsir|spa|2
|faint|p1a: Whimsicott
|move|p2a: Pinsir|Frustration|p1: Whimsicott|[notarget]
|-notarget
|
|-weather|RainDance|[upkeep]
|
|switch|p1a: Smeargle|Smeargle, F|314\/314
|turn|9
|
|move|p1a: Smeargle|Cotton Guard|p1a: Smeargle
|-boost|p1a: Smeargle|def|3
|move|p2a: Pinsir|Frustration|p1a: Smeargle
|-damage|p1a: Smeargle|269\/314
|
|-weather|RainDance|[upkeep]
|turn|10
|
|move|p1a: Smeargle|Geomancy|p1a: Smeargle|[still]
|-prepare|p1a: Smeargle|Geomancy|p1a: Smeargle
|-enditem|p1a: Smeargle|Power Herb
|-anim|p1a: Smeargle|Geomancy|p1a: Smeargle
|-boost|p1a: Smeargle|spa|2
|-boost|p1a: Smeargle|spd|2
|-boost|p1a: Smeargle|spe|2
|move|p2a: Pinsir|Swords Dance|p2a: Pinsir
|-boost|p2a: Pinsir|atk|2
|
|-weather|RainDance|[upkeep]
|-sideend|p1: u got topor'ed|Reflect
|-sideend|p1: u got topor'ed|move: Tailwind
|turn|11
|
|move|p1a: Smeargle|Spore|p2a: Pinsir
|-status|p2a: Pinsir|slp
|cant|p2a: Pinsir|slp
|
|-weather|none
|-sideend|p1: u got topor'ed|move: Light Screen
|turn|12
|c|âBulbasawr|omg
|
|move|p1a: Smeargle|Cotton Guard|p1a: Smeargle
|-boost|p1a: Smeargle|def|3
|-curestatus|p2a: Pinsir|slp
|move|p2a: Pinsir|Frustration|p1a: Smeargle
|-damage|p1a: Smeargle|158\/314
|
|turn|13
|
|move|p1a: Smeargle|Spore|p2a: Pinsir
|-status|p2a: Pinsir|slp
|cant|p2a: Pinsir|slp
|
|turn|14
|
|move|p1a: Smeargle|Baton Pass|p1a: Smeargle
|
|switch|p1a: Espeon|Espeon, F|334\/334
|-curestatus|p2a: Pinsir|slp
|move|p2a: Pinsir|Frustration|p1a: Espeon
|-damage|p1a: Espeon|258\/334
|
|-heal|p1a: Espeon|278\/334|[from] item: Leftovers
|turn|15
|
|move|p2a: Pinsir|Quick Attack|p1a: Espeon
|-damage|p1a: Espeon|248\/334
|move|p1a: Espeon|Stored Power|p2a: Pinsir
|-damage|p2a: Pinsir|0 fnt
|faint|p2a: Pinsir
|
|-heal|p1a: Espeon|268\/334|[from] item: Leftovers
|
|switch|p2a: Politoed|Politoed, F|162\/384
|-weather|RainDance
|turn|16
|
|move|p1a: Espeon|Stored Power|p2a: Politoed
|-damage|p2a: Politoed|0 fnt
|faint|p2a: Politoed
|
|-weather|RainDance|[upkeep]
|-heal|p1a: Espeon|288\/334|[from] item: Leftovers
|
|switch|p2a: Kingdra|Kingdra, M|291\/291
|turn|17
|
|move|p2a: Kingdra|Hydro Pump|p1a: Espeon|[miss]
|-miss|p2a: Kingdra|p1a: Espeon
|move|p1a: Espeon|Stored Power|p2a: Kingdra
|-damage|p2a: Kingdra|0 fnt
|faint|p2a: Kingdra
|
|-weather|RainDance|[upkeep]
|-heal|p1a: Espeon|308\/334|[from] item: Leftovers
|
|switch|p2a: Kabutops|Kabutops, F|262\/262
|turn|18
|
|move|p2a: Kabutops|Waterfall|p1a: Espeon
|-damage|p1a: Espeon|234\/334
|-damage|p2a: Kabutops|236\/262|[from] item: Life Orb
|move|p1a: Espeon|Stored Power|p2a: Kabutops
|-damage|p2a: Kabutops|0 fnt
|faint|p2a: Kabutops
|
|-weather|RainDance|[upkeep]
|-heal|p1a: Espeon|254\/334|[from] item: Leftovers
|-message|Bulbasawr forfeited.
|
|win|u got topor'ed
|raw|Ladder updating...
|raw|u got topor&apos;ed's rating: 1971 &rarr; <strong>1979<\/strong><br \/>(+8 for winning)
|raw|Bulbasawr's rating: 1716 &rarr; <strong>1708<\/strong><br \/>(-8 for losing)
|leave|Bulbasawr
|player|p2