|join|cadeskjl2
|join|Bulbasawr
|player|p1|cadeskjl2|269
|player|p2|Bulbasawr|281
|gametype|singles
|gen|6
|tier|OU
|rated
|clearpoke
|poke|p1|Breloom, F
|poke|p1|Keldeo
|poke|p1|Bisharp, F
|poke|p1|Latios, M
|poke|p1|Talonflame, F
|poke|p1|Gardevoir, F
|poke|p2|Pinsir, F
|poke|p2|Mamoswine, F
|poke|p2|Dragonite, M
|poke|p2|Talonflame, M
|poke|p2|Excadrill, F
|poke|p2|Thundurus, M
|rule|Baton Pass Clause: Limit 3 pokemon knowing Baton Pass
|rule|Sleep Clause Mod: Limit one foe put to sleep
|rule|Species Clause: Limit one of each Pokemon
|rule|OHKO Clause: OHKO moves are banned
|rule|Moody Clause: Moody is banned
|rule|Evasion Moves Clause: Evasion moves are banned
|rule|Endless Battle Clause: Forcing endless battles is banned
|rule|HP Percentage Mod: HP is reported as percentages
|teampreview
|
|start
|switch|p1a: Bisharp|Bisharp, F|272\/272
|switch|p2a: Dragonite|Dragonite, M|323\/323
|turn|1
|
|move|p1a: Bisharp|Knock Off|p2a: Dragonite
|-damage|p2a: Dragonite|215\/323
|-enditem|p2a: Dragonite|Lum Berry|[from] move: Knock Off|[of] p1a: Bisharp
|-damage|p1a: Bisharp|245\/272|[from] item: Life Orb
|move|p2a: Dragonite|Dragon Dance|p2a: Dragonite
|-boost|p2a: Dragonite|atk|1
|-boost|p2a: Dragonite|spe|1
|
|turn|2
|
|move|p2a: Dragonite|Dragon Dance|p2a: Dragonite
|-boost|p2a: Dragonite|atk|1
|-boost|p2a: Dragonite|spe|1
|move|p1a: Bisharp|Stealth Rock|p2a: Dragonite
|-sidestart|p2: Bulbasawr|move: Stealth Rock
|
|turn|3
|
|move|p2a: Dragonite|Extreme Speed|p1a: Bisharp
|-resisted|p1a: Bisharp
|-damage|p1a: Bisharp|137\/272
|move|p1a: Bisharp|Sucker Punch|p2a: Dragonite
|-fail|p2a: Dragonite
|
|turn|4
|
|move|p1a: Bisharp|Sucker Punch|p2a: Dragonite
|-damage|p2a: Dragonite|42\/323
|-damage|p1a: Bisharp|110\/272|[from] item: Life Orb
|move|p2a: Dragonite|Earthquake|p1a: Bisharp
|-supereffective|p1a: Bisharp
|-damage|p1a: Bisharp|0 fnt
|faint|p1a: Bisharp
|
|
|switch|p1a: Breloom|Breloom, F|262\/262
|turn|5
|
|move|p2a: Dragonite|Extreme Speed|p1a: Breloom
|-damage|p1a: Breloom|23\/262
|move|p1a: Breloom|Rock Tomb|p2a: Dragonite
|-supereffective|p2a: Dragonite
|-damage|p2a: Dragonite|0 fnt
|faint|p2a: Dragonite
|
|
|switch|p2a: Thundurus|Thundurus, M|299\/299
|-damage|p2a: Thundurus|225\/299|[from] Stealth Rock
|turn|6
|
|switch|p1a: Gardevoir|Gardevoir, F|340\/340
|move|p2a: Thundurus|Thunderbolt|p1a: Gardevoir
|-damage|p1a: Gardevoir|145\/340
|-damage|p2a: Thundurus|196\/299|[from] item: Life Orb
|
|turn|7
|
|detailschange|p1a: Gardevoir|Gardevoir-Mega, F
|message|Gardevoir has Mega Evolved into Mega Gardevoir!
|move|p2a: Thundurus|Thunderbolt|p1a: Gardevoir
|-damage|p1a: Gardevoir|0 fnt
|-damage|p2a: Thundurus|167\/299|[from] item: Life Orb
|faint|p1a: Gardevoir
|
|
|switch|p1a: Latios|Latios, M|302\/302
|turn|8
|
|move|p2a: Thundurus|Thunder Wave|p1a: Latios
|-status|p1a: Latios|par
|move|p1a: Latios|Psyshock|p2a: Thundurus
|-damage|p2a: Thundurus|0 fnt
|faint|p2a: Thundurus
|
|
|switch|p2a: Excadrill|Excadrill, F|361\/361
|-damage|p2a: Excadrill|350\/361|[from] Stealth Rock
|-ability|p2a: Excadrill|Mold Breaker
|-item|p2a: Excadrill|Air Balloon
|turn|9
|
|switch|p1a: Keldeo|Keldeo|323\/323
|move|p2a: Excadrill|Rapid Spin|p1a: Keldeo
|-damage|p1a: Keldeo|297\/323
|-sideend|p2: Bulbasawr|Stealth Rock|[from] move: Rapid Spin|[of] p2a: Excadrill
|
|turn|10
|
|move|p1a: Keldeo|Surf|p2a: Excadrill
|-supereffective|p2a: Excadrill
|-damage|p2a: Excadrill|0 fnt
|-enditem|p2a: Excadrill|Air Balloon
|faint|p2a: Excadrill
|
|
|switch|p2a: Talonflame|Talonflame, M|298\/298
|turn|11
|
|switch|p1a: Breloom|Breloom, F|23\/262
|move|p2a: Talonflame|Brave Bird|p1a: Breloom
|-supereffective|p1a: Breloom
|-damage|p1a: Breloom|0 fnt
|-damage|p2a: Talonflame|290\/298|[from] recoil|[of] p1a: Breloom
|faint|p1a: Breloom
|
|
|switch|p1a: Latios|Latios, M|302\/302 par
|turn|12
|
|move|p2a: Talonflame|Brave Bird|p1a: Latios
|-damage|p1a: Latios|11\/302 par
|-damage|p2a: Talonflame|194\/298|[from] recoil|[of] p1a: Latios
|cant|p1a: Latios|par
|
|turn|13
|chat|cadeskjl2|well thats gg
|
|move|p2a: Talonflame|Brave Bird|p1a: Latios
|-damage|p1a: Latios|0 fnt
|-damage|p2a: Talonflame|190\/298|[from] recoil|[of] p1a: Latios
|faint|p1a: Latios
|
|
|switch|p1a: Talonflame|Talonflame, F|325\/325
|turn|14
|
|move|p1a: Talonflame|Brave Bird|p2a: Talonflame
|-damage|p2a: Talonflame|0 fnt
|-damage|p1a: Talonflame|262\/325|[from] recoil|[of] p2a: Talonflame
|-damage|p1a: Talonflame|230\/325|[from] item: Life Orb
|faint|p2a: Talonflame
|
|
|switch|p2a: Mamoswine|Mamoswine, F|361\/361
|turn|15
|
|move|p1a: Talonflame|U-turn|p2a: Mamoswine
|-damage|p2a: Mamoswine|262\/361
|-damage|p1a: Talonflame|198\/325|[from] item: Life Orb
|
|switch|p1a: Keldeo|Keldeo|297\/323
|move|p2a: Mamoswine|Icicle Crash|p1a: Keldeo
|-resisted|p1a: Keldeo
|-damage|p1a: Keldeo|207\/323
|
|turn|16
|
|switch|p2a: Pinsir|Pinsir, F|334\/334
|move|p1a: Keldeo|Surf|p2a: Pinsir
|-damage|p2a: Pinsir|88\/334
|
|turn|17
|
|detailschange|p2a: Pinsir|Pinsir-Mega, F
|message|Pinsir has Mega Evolved into Mega Pinsir!
|move|p2a: Pinsir|Quick Attack|p1a: Keldeo
|-supereffective|p1a: Keldeo
|-damage|p1a: Keldeo|0 fnt
|faint|p1a: Keldeo
|
|
|switch|p1a: Talonflame|Talonflame, F|198\/325
|turn|18
|
|move|p1a: Talonflame|Brave Bird|p2a: Pinsir
|-supereffective|p2a: Pinsir
|-damage|p2a: Pinsir|0 fnt
|-damage|p1a: Talonflame|169\/325|[from] recoil|[of] p2a: Pinsir
|-damage|p1a: Talonflame|137\/325|[from] item: Life Orb
|faint|p2a: Pinsir
|
|
|switch|p2a: Mamoswine|Mamoswine, F|262\/361
|turn|19
|
|move|p2a: Mamoswine|Ice Shard|p1a: Talonflame
|-damage|p1a: Talonflame|41\/325
|move|p1a: Talonflame|Flare Blitz|p2a: Mamoswine
|-supereffective|p2a: Mamoswine
|-damage|p2a: Mamoswine|0 fnt
|-damage|p1a: Talonflame|0 fnt|[from] recoil|[of] p2a: Mamoswine
|faint|p2a: Mamoswine
|faint|p1a: Talonflame
|
|win|cadeskjl2
|raw|Ladder updating...
|raw|cadeskjl2's rating: 1672 &rarr; <strong>1683<\/strong><br \/>(+11 for winning)
|raw|Bulbasawr's rating: 1515 &rarr; <strong>1503<\/strong><br \/>(-12 for losing)