|join|Reverb
|join|Bulbasawr
|player|p1|Reverb|#reverb
|player|p2|Bulbasawr|155
|gametype|singles
|gen|6
|tier|OU
|rated
|clearpoke
|poke|p1|Landorus-Therian, M
|poke|p1|Latias, F
|poke|p1|Heatran, F
|poke|p1|Conkeldurr, F
|poke|p1|Azumarill, F
|poke|p1|Heracross, F
|poke|p2|Charizard, F
|poke|p2|Serperior, M
|poke|p2|Venusaur, M
|poke|p2|Ninetales, M
|poke|p2|Landorus-Therian, M
|poke|p2|Latias, F
|rule|Swagger Clause: Swagger is banned
|rule|Baton Pass Clause: Limit one PokÃ©mon knowing Baton Pass
|rule|Sleep Clause Mod: Limit one foe put to sleep
|rule|Species Clause: Limit one of each PokÃ©mon
|rule|OHKO Clause: OHKO moves are banned
|rule|Moody Clause: Moody is banned
|rule|Evasion Moves Clause: Evasion moves are banned
|rule|Endless Battle Clause: Forcing endless battles is banned
|rule|HP Percentage Mod: HP is shown in percentages
|teampreview
|join|StarkGod
|join|leremyju
|join|I Iike Squirtles
|c| leremyju|oml
|c| leremyju|reverb what do you have for this team?
|join|Austin
|
|start
|switch|p1a: Latias|Latias, F|364\/364
|switch|p2a: Charizard|Charizard, F|297\/297
|turn|1
|
|detailschange|p2a: Charizard|Charizard-Mega-Y, F
|-mega|p2a: Charizard|Charizard|Charizardite Y
|-weather|SunnyDay
|move|p2a: Charizard|Air Slash|p1a: Latias
|-damage|p1a: Latias|229\/364
|move|p1a: Latias|Thunder Wave|p2a: Charizard
|-status|p2a: Charizard|par
|
|-weather|SunnyDay|[upkeep]
|-heal|p1a: Latias|251\/364|[from] item: Leftovers
|turn|2
|
|move|p1a: Latias|Recover|p1a: Latias
|-heal|p1a: Latias|364\/364
|move|p2a: Charizard|Air Slash|p1a: Latias
|-damage|p1a: Latias|243\/364
|
|-weather|SunnyDay|[upkeep]
|-heal|p1a: Latias|265\/364|[from] item: Leftovers
|turn|3
|join|Yuttt.mackerel
|leave|Yuttt.mackerel
|
|move|p1a: Latias|Psyshock|p2a: Charizard
|-damage|p2a: Charizard|167\/297 par
|move|p2a: Charizard|Air Slash|p1a: Latias
|-crit|p1a: Latias
|-damage|p1a: Latias|82\/364
|
|-weather|SunnyDay|[upkeep]
|-heal|p1a: Latias|104\/364|[from] item: Leftovers
|turn|4
|join|gizmo
|c| gizmo|air slash.
|
|switch|p2a: Landorus-Therian|Landorus-Therian, M|319\/319
|-ability|p2a: Landorus-Therian|Intimidate|[of] p1a: Latias
|-unboost|p1a: Latias|atk|1
|move|p1a: Latias|Recover|p1a: Latias
|-heal|p1a: Latias|286\/364
|
|-weather|SunnyDay|[upkeep]
|-heal|p1a: Latias|308\/364|[from] item: Leftovers
|turn|5
|join|daftmau5
|
|move|p2a: Landorus-Therian|U-turn|p1a: Latias
|-crit|p1a: Latias
|-supereffective|p1a: Latias
|-damage|p1a: Latias|82\/364
|c| gizmo|you eventually drop too low to get a good test.. might as well ask someone to play you
|
|switch|p2a: Charizard|Charizard-Mega-Y, F|167\/297 par
|move|p1a: Latias|Psyshock|p2a: Charizard
|-damage|p2a: Charizard|49\/297 par
|
|-weather|none
|-heal|p1a: Latias|104\/364|[from] item: Leftovers
|turn|6
|c|âReverb|stfu
|
|switch|p2a: Landorus-Therian|Landorus-Therian, M|319\/319
|-ability|p2a: Landorus-Therian|Intimidate|[of] p1a: Latias
|-unboost|p1a: Latias|atk|1
|move|p1a: Latias|Recover|p1a: Latias
|-heal|p1a: Latias|286\/364
|
|-heal|p1a: Latias|308\/364|[from] item: Leftovers
|turn|7
|c| StarkGod|lol
|join|I Ship TDKDraeden
|join|lil chinese girl
|
|move|p2a: Landorus-Therian|Knock Off|p1a: Latias
|-supereffective|p1a: Latias
|-damage|p1a: Latias|100\/364
|-enditem|p1a: Latias|Leftovers|[from] move: Knock Off|[of] p2a: Landorus-Therian
|move|p1a: Latias|Recover|p1a: Latias
|-heal|p1a: Latias|282\/364
|
|turn|8
|c| lil chinese girl|gizmo
|
|switch|p2a: Charizard|Charizard-Mega-Y, F|49\/297 par
|-weather|SunnyDay
|move|p1a: Latias|Recover|p1a: Latias
|-heal|p1a: Latias|364\/364
|
|-weather|SunnyDay|[upkeep]
|turn|9
|c| lil chinese girl|theres 200 jews in jamaica apparently
|c| lil chinese girl|any relation?
|
|move|p1a: Latias|Psyshock|p2a: Charizard
|-damage|p2a: Charizard|0 fnt
|faint|p2a: Charizard
|
|-weather|SunnyDay|[upkeep]
|
|switch|p2a: Ninetales|Ninetales, M|350\/350
|turn|10
|c| I Ship TDKDraeden|gizmo is jewish ?
|c| lil chinese girl|only half
|
|move|p1a: Latias|Thunder Wave|p2a: Ninetales
|-status|p2a: Ninetales|par
|move|p2a: Ninetales|Hypnosis|p1a: Latias
|-status|p1a: Latias|slp
|
|-weather|SunnyDay|[upkeep]
|turn|11
|c| leremyju|plays
|
|switch|p2a: Venusaur|Venusaur, M|301\/301
|cant|p1a: Latias|slp
|
|-weather|SunnyDay|[upkeep]
|turn|12
|
|move|p2a: Venusaur|Sludge Bomb|p1a: Latias
|-damage|p1a: Latias|199\/364 slp
|-damage|p2a: Venusaur|271\/301|[from] item: Life Orb
|-curestatus|p1a: Latias|slp
|move|p1a: Latias|Thunder Wave|p2a: Venusaur
|-status|p2a: Venusaur|par
|
|-weather|none
|turn|13
|-message|Bulbasawr forfeited.
|leave|Bulbasawr
|
|win|Reverb
|raw|Ladder updating...
|player|p2
|raw|Reverb's rating: 1694 &rarr; <strong>1713<\/strong><br \/>(+19 for winning)
|raw|Bulbasawr's rating: 1665 &rarr; <strong>1647<\/strong><br \/>(-18 for losing)