|join|Reverb
|join|Bulbasawr
|player|p1|Reverb|#reverb
|player|p2|Bulbasawr|155
|gametype|singles
|gen|6
|tier|OU
|rated
|clearpoke
|poke|p1|Landorus, M
|poke|p1|Latias, F
|poke|p1|Heatran, F
|poke|p1|Conkeldurr, F
|poke|p1|Azumarill, M
|poke|p1|Metagross
|poke|p2|Landorus-Therian, M
|poke|p2|Keldeo-Resolute
|poke|p2|Pinsir, M
|poke|p2|Excadrill, F
|poke|p2|Azelf, shiny
|poke|p2|Talonflame, M
|rule|Swagger Clause: Swagger is banned
|rule|Baton Pass Clause: Limit one PokÃ©mon knowing Baton Pass
|rule|Sleep Clause Mod: Limit one foe put to sleep
|rule|Species Clause: Limit one of each PokÃ©mon
|rule|OHKO Clause: OHKO moves are banned
|rule|Moody Clause: Moody is banned
|rule|Evasion Moves Clause: Evasion moves are banned
|rule|Endless Battle Clause: Forcing endless battles is banned
|rule|HP Percentage Mod: HP is shown in percentages
|teampreview
|join|ryzed
|join|FORTUNE
|join|Squirrelll
|
|start
|switch|p1a: Conkeldurr|Conkeldurr, F|364\/364
|switch|p2a: Azelf|Azelf, shiny|291\/291
|turn|1
|
|move|p2a: Azelf|Stealth Rock|p1a: Conkeldurr
|-sidestart|p1: Reverb|move: Stealth Rock
|move|p1a: Conkeldurr|Knock Off|p2a: Azelf
|-supereffective|p2a: Azelf
|-enditem|p2a: Azelf|Focus Sash
|-damage|p2a: Azelf|1\/291
|
|turn|2
|
|move|p1a: Conkeldurr|Mach Punch|p2a: Azelf
|-resisted|p2a: Azelf
|-damage|p2a: Azelf|0 fnt
|faint|p2a: Azelf
|
|join|Druides
|
|switch|p2a: Pinsir|Pinsir, M|278\/278
|turn|3
|
|switch|p1a: Latias|Latias, F|364\/364
|-damage|p1a: Latias|319\/364|[from] Stealth Rock
|move|p2a: Pinsir|Swords Dance|p2a: Pinsir
|-boost|p2a: Pinsir|atk|2
|
|-heal|p1a: Latias|341\/364|[from] item: Leftovers
|turn|4
|
|detailschange|p2a: Pinsir|Pinsir-Mega, M
|-mega|p2a: Pinsir|Pinsir|Pinsirite
|move|p2a: Pinsir|Quick Attack|p1a: Latias
|-damage|p1a: Latias|148\/364
|move|p1a: Latias|Thunder Wave|p2a: Pinsir
|-status|p2a: Pinsir|par
|
|-heal|p1a: Latias|170\/364|[from] item: Leftovers
|turn|5
|leave|FORTUNE
|
|cant|p2a: Pinsir|par
|move|p1a: Latias|Defog|p2a: Pinsir
|-unboost|p2a: Pinsir|evasion|1
|-sideend|p1: Reverb|Stealth Rock|[from] move: Defog|[of] p1a: Latias
|
|-heal|p1a: Latias|192\/364|[from] item: Leftovers
|turn|6
|join|gyarad0site
|c| Druides|do you hate your pinsir
|join|leremyju
|
|switch|p1a: Heatran|Heatran, F|385\/385
|move|p2a: Pinsir|Earthquake|p1a: Heatran
|-supereffective|p1a: Heatran
|-damage|p1a: Heatran|0 fnt
|faint|p1a: Heatran
|
|c| ryzed|wp
|
|switch|p1a: Azumarill|Azumarill, M|372\/372
|turn|7
|
|move|p1a: Azumarill|Waterfall|p2a: Pinsir
|-damage|p2a: Pinsir|64\/278 par
|cant|p2a: Pinsir|par
|
|turn|8
|
|move|p2a: Pinsir|Quick Attack|p1a: Azumarill
|-damage|p1a: Azumarill|107\/372
|move|p1a: Azumarill|Waterfall|p2a: Pinsir
|-crit|p2a: Pinsir
|-damage|p2a: Pinsir|0 fnt
|faint|p2a: Pinsir
|
|
|switch|p2a: Talonflame|Talonflame, M|297\/297
|turn|9
|
|move|p2a: Talonflame|Brave Bird|p1a: Azumarill
|-damage|p1a: Azumarill|0 fnt
|-damage|p2a: Talonflame|262\/297|[from] recoil|[of] p1a: Azumarill
|faint|p1a: Azumarill
|
|
|switch|p1a: Metagross|Metagross|301\/301
|turn|10
|
|switch|p2a: Excadrill|Excadrill, F|361\/361
|-ability|p2a: Excadrill|Mold Breaker
|-item|p2a: Excadrill|Air Balloon
|detailschange|p1a: Metagross|Metagross-Mega
|-mega|p1a: Metagross|Metagross|Metagrossite
|move|p1a: Metagross|Zen Headbutt|p2a: Excadrill
|-resisted|p2a: Excadrill
|-damage|p2a: Excadrill|219\/361
|-enditem|p2a: Excadrill|Air Balloon
|
|turn|11
|
|switch|p1a: Landorus|Landorus, M|319\/319
|switch|p2a: Landorus-Therian|Landorus-Therian, M|319\/319
|-ability|p2a: Landorus-Therian|Intimidate|[of] p1a: Landorus
|-unboost|p1a: Landorus|atk|1
|
|turn|12
|
|move|p2a: Landorus-Therian|Knock Off|p1a: Landorus
|-damage|p1a: Landorus|163\/319
|-enditem|p1a: Landorus|Life Orb|[from] move: Knock Off|[of] p2a: Landorus-Therian
|move|p1a: Landorus|Psychic|p2a: Landorus-Therian
|-damage|p2a: Landorus-Therian|178\/319
|
|turn|13
|
|move|p2a: Landorus-Therian|Knock Off|p1a: Landorus
|-damage|p1a: Landorus|58\/319
|move|p1a: Landorus|Psychic|p2a: Landorus-Therian
|-damage|p2a: Landorus-Therian|27\/319
|
|turn|14
|leave|leremyju
|
|move|p2a: Landorus-Therian|Knock Off|p1a: Landorus
|-damage|p1a: Landorus|0 fnt
|faint|p1a: Landorus
|
|
|switch|p1a: Conkeldurr|Conkeldurr, F|364\/364
|turn|15
|
|move|p1a: Conkeldurr|Mach Punch|p2a: Landorus-Therian
|-resisted|p2a: Landorus-Therian
|-damage|p2a: Landorus-Therian|0 fnt
|faint|p2a: Landorus-Therian
|
|
|switch|p2a: Talonflame|Talonflame, M|262\/297
|turn|16
|
|switch|p1a: Latias|Latias, F|192\/364
|move|p2a: Talonflame|Swords Dance|p2a: Talonflame
|-boost|p2a: Talonflame|atk|2
|
|-heal|p1a: Latias|214\/364|[from] item: Leftovers
|turn|17
|
|move|p2a: Talonflame|Brave Bird|p1a: Latias
|-damage|p1a: Latias|0 fnt
|-damage|p2a: Talonflame|191\/297|[from] recoil|[of] p1a: Latias
|faint|p1a: Latias
|
|
|switch|p1a: Metagross|Metagross-Mega|301\/301
|turn|18
|join|Ox the Box
|
|move|p2a: Talonflame|Flare Blitz|p1a: Metagross
|-supereffective|p1a: Metagross
|-damage|p1a: Metagross|0 fnt
|-damage|p2a: Talonflame|92\/297|[from] recoil|[of] p1a: Metagross
|faint|p1a: Metagross
|
|-message|Reverb forfeited.
|leave|Reverb
|leave|ryzed
|
|win|Bulbasawr
|raw|Ladder updating...
|player|p1
|raw|Reverb's rating: 1695 &rarr; <strong>1668<\/strong><br \/>(-27 for losing)
|raw|Bulbasawr's rating: 1564 &rarr; <strong>1591<\/strong><br \/>(+27 for winning)
|leave|Squirrelll
|leave|Ox the Box
|leave|Druides
|leave|Bulbasawr
|player|p2