|join|Bulbasawr
|join|BarS123
|player|p1|Bulbasawr|162
|player|p2|BarS123|290
|gametype|singles
|gen|6
|tier|OU (suspect test)
|rated
|clearpoke
|poke|p1|Talonflame, F
|poke|p1|Garchomp, F
|poke|p1|Weavile, F
|poke|p1|Pinsir, F
|poke|p1|Keldeo-Resolute
|poke|p1|Latios, M
|poke|p2|Talonflame, M
|poke|p2|Azelf
|poke|p2|Whimsicott, M
|poke|p2|Gothitelle, F
|poke|p2|Smeargle, F
|poke|p2|Espeon, F
|rule|Swagger Clause: Swagger is banned
|rule|Baton Pass Clause: Limit one PokÃ©mon knowing Baton Pass
|rule|Sleep Clause Mod: Limit one foe put to sleep
|rule|Species Clause: Limit one of each PokÃ©mon
|rule|OHKO Clause: OHKO moves are banned
|rule|Moody Clause: Moody is banned
|rule|Evasion Moves Clause: Evasion moves are banned
|rule|Endless Battle Clause: Forcing endless battles is banned
|rule|HP Percentage Mod: HP is reported as percentages
|teampreview
|
|start
|switch|p1a: Weavile|Weavile, F|282\/282
|switch|p2a: Talonflame|Talonflame, M|360\/360
|-ability|p1a: Weavile|Pressure
|turn|1
|
|move|p2a: Talonflame|Tailwind|p2a: Talonflame
|-sidestart|p2: BarS123|move: Tailwind
|move|p1a: Weavile|Knock Off|p2a: Talonflame
|-damage|p2a: Talonflame|101\/360
|-enditem|p2a: Talonflame|Focus Sash|[from] move: Knock Off|[of] p1a: Weavile
|-damage|p1a: Weavile|254\/282|[from] item: Life Orb
|
|turn|2
|
|move|p1a: Weavile|Ice Shard|p2a: Talonflame
|-damage|p2a: Talonflame|0 fnt
|-damage|p1a: Weavile|226\/282|[from] item: Life Orb
|faint|p2a: Talonflame
|
|
|switch|p2a: Azelf|Azelf|354\/354
|turn|3
|
|switch|p1a: Latios|Latios, M|302\/302
|move|p2a: Azelf|Reflect|p2a: Azelf
|-sidestart|p2: BarS123|Reflect
|
|turn|4
|
|move|p2a: Azelf|Taunt|p1a: Latios
|-start|p1a: Latios|move: Taunt
|move|p1a: Latios|Draco Meteor|p2a: Azelf
|-damage|p2a: Azelf|0 fnt
|-unboost|p1a: Latios|spa|2
|-damage|p1a: Latios|272\/302|[from] item: Life Orb
|faint|p2a: Azelf
|
|-sideend|p2: BarS123|move: Tailwind
|
|switch|p2a: Whimsicott|Whimsicott, M|324\/324
|turn|5
|
|switch|p1a: Weavile|Weavile, F|226\/282
|-ability|p1a: Weavile|Pressure
|move|p2a: Whimsicott|Tailwind|p2a: Whimsicott
|-sidestart|p2: BarS123|move: Tailwind
|
|turn|6
|
|move|p2a: Whimsicott|Taunt|p1a: Weavile
|-start|p1a: Weavile|move: Taunt
|move|p1a: Weavile|Knock Off|p2a: Whimsicott
|-resisted|p2a: Whimsicott
|-damage|p2a: Whimsicott|260\/324
|-enditem|p2a: Whimsicott|Focus Sash|[from] move: Knock Off|[of] p1a: Weavile
|-damage|p1a: Weavile|198\/282|[from] item: Life Orb
|
|turn|7
|
|move|p2a: Whimsicott|Memento|p1a: Weavile
|-unboost|p1a: Weavile|atk|2
|-unboost|p1a: Weavile|spa|2
|faint|p2a: Whimsicott
|move|p1a: Weavile|Ice Shard|p2: Whimsicott|[notarget]
|-notarget
|
|
|switch|p2a: Smeargle|Smeargle, F|314\/314
|turn|8
|
|move|p2a: Smeargle|Geomancy|p2a: Smeargle|[still]
|-prepare|p2a: Smeargle|Geomancy|p2a: Smeargle
|-enditem|p2a: Smeargle|Power Herb
|-anim|p2a: Smeargle|Geomancy|p2a: Smeargle
|-boost|p2a: Smeargle|spa|2
|-boost|p2a: Smeargle|spd|2
|-boost|p2a: Smeargle|spe|2
|move|p1a: Weavile|Knock Off|p2a: Smeargle
|-damage|p2a: Smeargle|240\/314
|-damage|p1a: Weavile|170\/282|[from] item: Life Orb
|
|-end|p1a: Weavile|move: Taunt
|-sideend|p2: BarS123|move: Tailwind
|turn|9
|
|move|p2a: Smeargle|Cotton Guard|p2a: Smeargle
|-boost|p2a: Smeargle|def|3
|move|p1a: Weavile|Low Kick|p2a: Smeargle
|-supereffective|p2a: Smeargle
|-damage|p2a: Smeargle|196\/314
|-damage|p1a: Weavile|142\/282|[from] item: Life Orb
|
|turn|10
|
|switch|p1a: Pinsir|Pinsir, F|334\/334
|move|p2a: Smeargle|Cotton Guard|p2a: Smeargle
|-boost|p2a: Smeargle|def|3
|
|-sideend|p2: BarS123|Reflect
|turn|11
|
|detailschange|p1a: Pinsir|Pinsir-Mega, F
|message|Pinsir has Mega Evolved into Mega Pinsir!
|move|p2a: Smeargle|Baton Pass|p2a: Smeargle
|
|switch|p2a: Espeon|Espeon, F|334\/334
|move|p1a: Pinsir|Swords Dance|p1a: Pinsir
|-boost|p1a: Pinsir|atk|2
|
|turn|12
|
|move|p1a: Pinsir|Quick Attack|p2a: Espeon
|-damage|p2a: Espeon|261\/334
|move|p2a: Espeon|Stored Power|p1a: Pinsir
|-damage|p1a: Pinsir|0 fnt
|faint|p1a: Pinsir
|
|-heal|p2a: Espeon|281\/334|[from] item: Leftovers
|
|switch|p1a: Garchomp|Garchomp, F|357\/357
|turn|13
|
|move|p2a: Espeon|Substitute|p2a: Espeon
|-start|p2a: Espeon|Substitute
|-damage|p2a: Espeon|198\/334
|move|p1a: Garchomp|Outrage|p2a: Espeon
|-activate|p2a: Espeon|Substitute|[damage]
|
|-heal|p2a: Espeon|218\/334|[from] item: Leftovers
|turn|14
|-message|Bulbasawr forfeited.
|
|win|BarS123
|raw|Ladder updating...
|leave|Bulbasawr
|player|p1
|raw|Bulbasawr's rating: 1164 &rarr; <strong>1139<\/strong><br \/>(-25 for losing)
|raw|BarS123's rating: 1160 &rarr; <strong>1185<\/strong><br \/>(+25 for winning)