|join|ZephyrBurst
|join|bibooo
|player|p1|ZephyrBurst|102
|player|p2|bibooo|8
|gametype|singles
|gen|6
|tier|ORAS OU
|rated
|rule|Sleep Clause Mod: Limit one foe put to sleep
|rule|Species Clause: Limit one of each PokÃ©mon
|rule|OHKO Clause: OHKO moves are banned
|rule|Moody Clause: Moody is banned
|rule|Evasion Moves Clause: Evasion moves are banned
|rule|Endless Battle Clause: Forcing endless battles is banned
|rule|HP Percentage Mod: HP is shown in percentages
|clearpoke
|poke|p1|Beedrill, F
|poke|p1|Greninja, M
|poke|p1|Rhyperior, F
|poke|p1|Vaporeon, F
|poke|p1|Thundurus-Therian, M
|poke|p1|Mew
|poke|p2|Lopunny, M
|poke|p2|Rotom-Wash
|poke|p2|Weavile, M
|poke|p2|Landorus-Therian, M
|poke|p2|Mew
|poke|p2|Empoleon, F
|rule|Swagger Clause: Swagger is banned
|rule|Baton Pass Clause: Limit one PokÃ©mon knowing Baton Pass
|teampreview
|
|start
|switch|p1a: Beedrill|Beedrill, F|271\/271
|switch|p2a: Landorus-Therian|Landorus-Therian, M|330\/330
|-ability|p2a: Landorus-Therian|Intimidate|[of] p1a: Beedrill
|-unboost|p1a: Beedrill|atk|1
|turn|1
|
|detailschange|p1a: Beedrill|Beedrill-Mega, F
|message|Beedrill has Mega Evolved into Mega Beedrill!
|move|p1a: Beedrill|Protect|p1a: Beedrill
|-singleturn|p1a: Beedrill|Protect
|move|p2a: Landorus-Therian|U-turn|p1a: Beedrill
|-activate|p1a: Beedrill|Protect
|
|turn|2
|
|move|p2a: Landorus-Therian|U-turn|p1a: Beedrill
|-crit|p1a: Beedrill
|-resisted|p1a: Beedrill
|-damage|p1a: Beedrill|124\/271
|
|switch|p2a: Empoleon|Empoleon, F|372\/372
|move|p1a: Beedrill|U-turn|p2a: Empoleon
|-resisted|p2a: Empoleon
|-damage|p2a: Empoleon|300\/372
|
|switch|p1a: Thundurus-Therian|Thundurus-Therian, M|299\/299
|
|-heal|p2a: Empoleon|323\/372|[from] item: Leftovers
|turn|3
|
|move|p1a: Thundurus-Therian|Thunderbolt|p2a: Empoleon
|-crit|p2a: Empoleon
|-supereffective|p2a: Empoleon
|-damage|p2a: Empoleon|0 fnt
|faint|p2a: Empoleon
|
|
|switch|p2a: Landorus-Therian|Landorus-Therian, M|330\/330
|-ability|p2a: Landorus-Therian|Intimidate|[of] p1a: Thundurus-Therian
|-unboost|p1a: Thundurus-Therian|atk|1
|turn|4
|
|switch|p1a: Rhyperior|Rhyperior, F|424\/424
|move|p2a: Landorus-Therian|U-turn|p1a: Rhyperior
|-damage|p1a: Rhyperior|367\/424
|
|switch|p2a: Rotom-Wash|Rotom-Wash|304\/304
|
|-heal|p1a: Rhyperior|393\/424|[from] item: Leftovers
|turn|5
|
|move|p2a: Rotom-Wash|Will-O-Wisp|p1a: Rhyperior
|-status|p1a: Rhyperior|brn
|move|p1a: Rhyperior|Stealth Rock|p2a: Rotom-Wash
|-sidestart|p2: bibooo|move: Stealth Rock
|
|-heal|p1a: Rhyperior|419\/424 brn|[from] item: Leftovers
|-damage|p1a: Rhyperior|366\/424 brn|[from] brn
|turn|6
|
|switch|p1a: Vaporeon|Vaporeon, F|464\/464
|move|p2a: Rotom-Wash|Hydro Pump|p1a: Vaporeon
|-immune|p1a: Vaporeon|[msg]
|
|turn|7
|
|switch|p1a: Thundurus-Therian|Thundurus-Therian, M|299\/299
|move|p2a: Rotom-Wash|Volt Switch|p1a: Thundurus-Therian
|-immune|p1a: Thundurus-Therian|[msg]
|
|turn|8
|
|move|p1a: Thundurus-Therian|Volt Switch|p2a: Rotom-Wash
|-damage|p2a: Rotom-Wash|184\/304
|
|switch|p1a: Vaporeon|Vaporeon, F|464\/464
|move|p2a: Rotom-Wash|Will-O-Wisp|p1a: Vaporeon
|-status|p1a: Vaporeon|brn
|
|-heal|p2a: Rotom-Wash|203\/304|[from] item: Leftovers
|-damage|p1a: Vaporeon|406\/464 brn|[from] brn
|turn|9
|
|switch|p1a: Thundurus-Therian|Thundurus-Therian, M|299\/299
|move|p2a: Rotom-Wash|Volt Switch|p1a: Thundurus-Therian
|-immune|p1a: Thundurus-Therian|[msg]
|
|-heal|p2a: Rotom-Wash|222\/304|[from] item: Leftovers
|turn|10
|
|move|p1a: Thundurus-Therian|Thunderbolt|p2a: Rotom-Wash
|-damage|p2a: Rotom-Wash|59\/304
|move|p2a: Rotom-Wash|Pain Split|p1a: Thundurus-Therian
|-sethp|p1a: Thundurus-Therian|179\/299|p2a: Rotom-Wash|179\/304|[from] move: Pain Split
|
|-heal|p2a: Rotom-Wash|198\/304|[from] item: Leftovers
|turn|11
|
|switch|p2a: Landorus-Therian|Landorus-Therian, M|330\/330
|-damage|p2a: Landorus-Therian|289\/330|[from] Stealth Rock
|-ability|p2a: Landorus-Therian|Intimidate|[of] p1a: Thundurus-Therian
|-unboost|p1a: Thundurus-Therian|atk|1
|move|p1a: Thundurus-Therian|Thunderbolt|p2a: Landorus-Therian
|-immune|p2a: Landorus-Therian|[msg]
|
|turn|12
|
|switch|p1a: Rhyperior|Rhyperior, F|366\/424 brn
|move|p2a: Landorus-Therian|U-turn|p1a: Rhyperior
|-damage|p1a: Rhyperior|304\/424 brn
|
|switch|p2a: Rotom-Wash|Rotom-Wash|198\/304
|-damage|p2a: Rotom-Wash|160\/304|[from] Stealth Rock
|
|-heal|p2a: Rotom-Wash|179\/304|[from] item: Leftovers
|-heal|p1a: Rhyperior|330\/424 brn|[from] item: Leftovers
|-damage|p1a: Rhyperior|277\/424 brn|[from] brn
|turn|13
|
|switch|p1a: Mew|Mew|404\/404
|move|p2a: Rotom-Wash|Volt Switch|p1a: Mew
|-damage|p1a: Mew|343\/404
|
|switch|p2a: Weavile|Weavile, M|281\/281
|-damage|p2a: Weavile|211\/281|[from] Stealth Rock
|-ability|p2a: Weavile|Pressure
|
|-heal|p1a: Mew|368\/404|[from] item: Leftovers
|turn|14
|
|move|p2a: Weavile|Knock Off|p1a: Mew
|-supereffective|p1a: Mew
|-damage|p1a: Mew|0 fnt
|-enditem|p1a: Mew|Leftovers|[from] move: Knock Off|[of] p2a: Weavile
|-damage|p2a: Weavile|183\/281|[from] item: Life Orb
|faint|p1a: Mew
|
|
|switch|p1a: Beedrill|Beedrill-Mega, F|124\/271
|turn|15
|
|move|p2a: Weavile|Ice Shard|p1a: Beedrill
|-damage|p1a: Beedrill|0 fnt
|-damage|p2a: Weavile|155\/281|[from] item: Life Orb
|faint|p1a: Beedrill
|
|-message|ZephyrBurst forfeited.
|
|win|bibooo
|raw|Ladder updating...
|leave|ZephyrBurst
|player|p1
|raw|ZephyrBurst's rating: 1231 &rarr; <strong>1201<\/strong><br \/>(-30 for losing)
|raw|bibooo's rating: 1168 &rarr; <strong>1197<\/strong><br \/>(+29 for winning)