|join|sav
|join|ZephyrBurst
|player|p1|sav|1
|player|p2|ZephyrBurst|102
|gametype|singles
|gen|6
|tier|ORAS OU
|rated
|rule|Sleep Clause Mod: Limit one foe put to sleep
|rule|Species Clause: Limit one of each PokÃ©mon
|rule|OHKO Clause: OHKO moves are banned
|rule|Moody Clause: Moody is banned
|rule|Evasion Moves Clause: Evasion moves are banned
|rule|Endless Battle Clause: Forcing endless battles is banned
|rule|HP Percentage Mod: HP is shown in percentages
|clearpoke
|poke|p1|Greninja, M, shiny
|poke|p1|Beedrill, F
|poke|p1|Ferrothorn, F
|poke|p1|Excadrill, M
|poke|p1|Rotom-Wash
|poke|p1|Slowbro, F
|poke|p2|Beedrill, M
|poke|p2|Mamoswine, F
|poke|p2|Magnezone
|poke|p2|Zapdos
|poke|p2|Mew
|poke|p2|Talonflame, F
|rule|Swagger Clause: Swagger is banned
|rule|Baton Pass Clause: Limit one PokÃ©mon knowing Baton Pass
|teampreview
|
|start
|switch|p1a: Ferrothorn|Ferrothorn, F|289\/289
|switch|p2a: Beedrill|Beedrill, M|271\/271
|turn|1
|
|detailschange|p2a: Beedrill|Beedrill-Mega, M
|message|Beedrill has Mega Evolved into Mega Beedrill!
|move|p2a: Beedrill|U-turn|p1a: Ferrothorn
|-damage|p1a: Ferrothorn|135\/289
|-damage|p2a: Beedrill|238\/271|[from] ability: Iron Barbs|[of] p1a: Ferrothorn
|
|switch|p2a: Magnezone|Magnezone|281\/281
|move|p1a: Ferrothorn|Stealth Rock|p2a: Magnezone
|-sidestart|p2: ZephyrBurst|move: Stealth Rock
|
|turn|2
|
|switch|p1a: Excadrill|Excadrill, M|362\/362
|move|p2a: Magnezone|Hidden Power|p1a: Excadrill
|-supereffective|p1a: Excadrill
|-damage|p1a: Excadrill|14\/362
|
|turn|3
|
|switch|p2a: Zapdos|Zapdos|384\/384
|-damage|p2a: Zapdos|288\/384|[from] Stealth Rock
|-ability|p2a: Zapdos|Pressure
|move|p1a: Excadrill|Earthquake|p2a: Zapdos
|-immune|p2a: Zapdos|[msg]
|
|-heal|p2a: Zapdos|312\/384|[from] item: Leftovers
|turn|4
|
|switch|p1a: Greninja|Greninja, M, shiny|285\/285
|move|p2a: Zapdos|Defog|p1a: Greninja
|-unboost|p1a: Greninja|evasion|1
|-sideend|p2: ZephyrBurst|Stealth Rock|[from] move: Defog|[of] p2a: Zapdos
|
|-heal|p2a: Zapdos|336\/384|[from] item: Leftovers
|turn|5
|
|move|p1a: Greninja|Surf|p2a: Zapdos
|-start|p1a: Greninja|typechange|Water|[from] Protean
|-damage|p2a: Zapdos|174\/384
|move|p2a: Zapdos|Volt Switch|p1a: Greninja
|-supereffective|p1a: Greninja
|-damage|p1a: Greninja|3\/285
|
|switch|p2a: Beedrill|Beedrill-Mega, M|238\/271
|
|turn|6
|
|move|p2a: Beedrill|Protect|p2a: Beedrill
|-singleturn|p2a: Beedrill|Protect
|move|p1a: Greninja|Gunk Shot|p2a: Beedrill
|-start|p1a: Greninja|typechange|Poison|[from] Protean
|-activate|p2a: Beedrill|Protect
|
|turn|7
|
|move|p2a: Beedrill|Poison Jab|p1a: Greninja
|-resisted|p1a: Greninja
|-damage|p1a: Greninja|0 fnt
|faint|p1a: Greninja
|
|
|switch|p1a: Beedrill|Beedrill, F|272\/272
|turn|8
|
|detailschange|p1a: Beedrill|Beedrill-Mega, F
|message|Beedrill has Mega Evolved into Mega Beedrill!
|move|p2a: Beedrill|U-turn|p1a: Beedrill
|-resisted|p1a: Beedrill
|-damage|p1a: Beedrill|89\/272
|
|switch|p2a: Talonflame|Talonflame, F|297\/297
|move|p1a: Beedrill|Poison Jab|p2a: Talonflame
|-damage|p2a: Talonflame|27\/297
|-status|p2a: Talonflame|psn
|
|-damage|p2a: Talonflame|0 fnt|[from] psn
|faint|p2a: Talonflame
|
|switch|p2a: Beedrill|Beedrill-Mega, M|238\/271
|turn|9
|
|move|p1a: Beedrill|U-turn|p2a: Beedrill
|-crit|p2a: Beedrill
|-resisted|p2a: Beedrill
|-damage|p2a: Beedrill|0 fnt
|faint|p2a: Beedrill
|
|switch|p1a: Rotom-Wash|Rotom-Wash|304\/304
|
|
|switch|p2a: Magnezone|Magnezone|281\/281
|turn|10
|
|move|p2a: Magnezone|Thunderbolt|p1a: Rotom-Wash
|-damage|p1a: Rotom-Wash|130\/304
|move|p1a: Rotom-Wash|Volt Switch|p2a: Magnezone
|-resisted|p2a: Magnezone
|-damage|p2a: Magnezone|233\/281
|
|switch|p1a: Beedrill|Beedrill-Mega, F|89\/272
|
|turn|11
|
|switch|p2a: Zapdos|Zapdos|174\/384
|-ability|p2a: Zapdos|Pressure
|move|p1a: Beedrill|U-turn|p2a: Zapdos
|-crit|p2a: Zapdos
|-resisted|p2a: Zapdos
|-damage|p2a: Zapdos|56\/384
|
|switch|p1a: Excadrill|Excadrill, M|14\/362
|
|-heal|p2a: Zapdos|80\/384|[from] item: Leftovers
|turn|12
|
|move|p1a: Excadrill|Iron Head|p2a: Zapdos
|-resisted|p2a: Zapdos
|-damage|p2a: Zapdos|10\/384
|move|p2a: Zapdos|Hidden Power|p1a: Excadrill
|-damage|p1a: Excadrill|0 fnt
|faint|p1a: Excadrill
|
|-heal|p2a: Zapdos|34\/384|[from] item: Leftovers
|
|switch|p1a: Beedrill|Beedrill-Mega, F|89\/272
|turn|13
|
|move|p1a: Beedrill|Poison Jab|p2a: Zapdos
|-damage|p2a: Zapdos|0 fnt
|faint|p2a: Zapdos
|
|
|switch|p2a: Mamoswine|Mamoswine, F|361\/361
|turn|14
|
|switch|p1a: Slowbro|Slowbro, F|394\/394
|move|p2a: Mamoswine|Stealth Rock|p1a: Slowbro
|-sidestart|p1: sav|move: Stealth Rock
|
|turn|15
|
|switch|p2a: Mew|Mew|404\/404
|move|p1a: Slowbro|Scald|p2a: Mew
|-damage|p2a: Mew|308\/404
|-status|p2a: Mew|brn
|-status|p1a: Slowbro|brn
|
|-heal|p2a: Mew|333\/404 brn|[from] item: Leftovers
|-damage|p2a: Mew|283\/404 brn|[from] brn
|-damage|p1a: Slowbro|345\/394 brn|[from] brn
|turn|16
|
|switch|p1a: Ferrothorn|Ferrothorn, F|135\/289
|-damage|p1a: Ferrothorn|117\/289|[from] Stealth Rock
|move|p2a: Mew|Taunt|p1a: Ferrothorn
|-start|p1a: Ferrothorn|move: Taunt
|
|-heal|p2a: Mew|308\/404 brn|[from] item: Leftovers
|-damage|p2a: Mew|258\/404 brn|[from] brn
|turn|17
|
|switch|p1a: Slowbro|Slowbro, F|394\/394 brn
|-damage|p1a: Slowbro|345\/394 brn|[from] Stealth Rock
|move|p2a: Mew|Will-O-Wisp|p1a: Slowbro
|-fail|p1a: Slowbro|brn
|
|-heal|p2a: Mew|283\/404 brn|[from] item: Leftovers
|-heal|p1a: Slowbro|369\/394 brn|[from] item: Leftovers
|-damage|p2a: Mew|233\/404 brn|[from] brn
|-damage|p1a: Slowbro|320\/394 brn|[from] brn
|turn|18
|
|move|p2a: Mew|Soft-Boiled|p2a: Mew
|-heal|p2a: Mew|404\/404 brn
|move|p1a: Slowbro|Scald|p2a: Mew
|-damage|p2a: Mew|314\/404 brn
|
|-heal|p2a: Mew|339\/404 brn|[from] item: Leftovers
|-heal|p1a: Slowbro|344\/394 brn|[from] item: Leftovers
|-damage|p2a: Mew|289\/404 brn|[from] brn
|-damage|p1a: Slowbro|295\/394 brn|[from] brn
|turn|19
|
|switch|p1a: Rotom-Wash|Rotom-Wash|130\/304
|-damage|p1a: Rotom-Wash|92\/304|[from] Stealth Rock
|move|p2a: Mew|Knock Off|p1a: Rotom-Wash
|-damage|p1a: Rotom-Wash|52\/304
|-enditem|p1a: Rotom-Wash|Leftovers|[from] move: Knock Off|[of] p2a: Mew
|
|-heal|p2a: Mew|314\/404 brn|[from] item: Leftovers
|-damage|p2a: Mew|264\/404 brn|[from] brn
|turn|20
|
|move|p2a: Mew|Taunt|p1a: Rotom-Wash
|-start|p1a: Rotom-Wash|move: Taunt
|cant|p1a: Rotom-Wash|move: Taunt|Pain Split
|
|-heal|p2a: Mew|289\/404 brn|[from] item: Leftovers
|-damage|p2a: Mew|239\/404 brn|[from] brn
|turn|21
|
|switch|p2a: Mamoswine|Mamoswine, F|361\/361
|move|p1a: Rotom-Wash|Volt Switch|p2a: Mamoswine
|-immune|p2a: Mamoswine|[msg]
|
|turn|22
|
|switch|p1a: Ferrothorn|Ferrothorn, F|117\/289
|-damage|p1a: Ferrothorn|99\/289|[from] Stealth Rock
|move|p2a: Mamoswine|Icicle Spear|p1a: Ferrothorn
|-damage|p1a: Ferrothorn|63\/289
|-damage|p1a: Ferrothorn|26\/289
|-hitcount|p1a: Ferrothorn|2
|
|turn|23
|
|move|p2a: Mamoswine|Earthquake|p1a: Ferrothorn
|-damage|p1a: Ferrothorn|0 fnt
|faint|p1a: Ferrothorn
|
|
|switch|p1a: Slowbro|Slowbro, F|394\/394 brn
|-damage|p1a: Slowbro|345\/394 brn|[from] Stealth Rock
|turn|24
|
|switch|p2a: Magnezone|Magnezone|233\/281
|move|p1a: Slowbro|Scald|p2a: Magnezone
|-crit|p2a: Magnezone
|-damage|p2a: Magnezone|74\/281
|
|-heal|p1a: Slowbro|369\/394 brn|[from] item: Leftovers
|-damage|p1a: Slowbro|320\/394 brn|[from] brn
|turn|25
|
|switch|p1a: Rotom-Wash|Rotom-Wash|52\/304
|-damage|p1a: Rotom-Wash|14\/304|[from] Stealth Rock
|move|p2a: Magnezone|Volt Switch|p1a: Rotom-Wash
|-damage|p1a: Rotom-Wash|0 fnt
|faint|p1a: Rotom-Wash
|
|switch|p2a: Mew|Mew|239\/404 brn
|
|-heal|p2a: Mew|264\/404 brn|[from] item: Leftovers
|-damage|p2a: Mew|214\/404 brn|[from] brn
|
|switch|p1a: Beedrill|Beedrill-Mega, F|89\/272
|-damage|p1a: Beedrill|21\/272|[from] Stealth Rock
|turn|26
|
|switch|p2a: Mamoswine|Mamoswine, F|361\/361
|move|p1a: Beedrill|X-Scissor|p2a: Mamoswine
|-damage|p2a: Mamoswine|95\/361
|
|turn|27
|-message|sav forfeited.
|
|win|ZephyrBurst
|raw|Ladder updating...
|leave|sav
|player|p1
|raw|sav's rating: 1458 &rarr; <strong>1438<\/strong><br \/>(-20 for losing)
|raw|ZephyrBurst's rating: 1464 &rarr; <strong>1484<\/strong><br \/>(+20 for winning)