|join|Space Wrench
|join|ZephyrBurst
|player|p1|Space Wrench|272
|player|p2|ZephyrBurst|102
|gametype|singles
|gen|6
|tier|ORAS OU
|rated
|rule|Sleep Clause Mod: Limit one foe put to sleep
|rule|Species Clause: Limit one of each PokÃ©mon
|rule|OHKO Clause: OHKO moves are banned
|rule|Moody Clause: Moody is banned
|rule|Evasion Moves Clause: Evasion moves are banned
|rule|Endless Battle Clause: Forcing endless battles is banned
|rule|HP Percentage Mod: HP is shown in percentages
|clearpoke
|poke|p1|Cottonee, M
|poke|p1|Azelf
|poke|p1|Whimsicott, F
|poke|p1|Smeargle, M, shiny
|poke|p1|Espeon, M
|poke|p1|Blastoise, F
|poke|p2|Beedrill, M
|poke|p2|Mamoswine, F
|poke|p2|Magnezone
|poke|p2|Zapdos
|poke|p2|Mew
|poke|p2|Talonflame, M
|rule|Swagger Clause: Swagger is banned
|rule|Baton Pass Clause: Limit one PokÃ©mon knowing Baton Pass
|teampreview
|
|start
|switch|p1a: CHICHICHI LELELE|Cottonee, M|284\/284
|switch|p2a: Beedrill|Beedrill, M|271\/271
|turn|1
|
|detailschange|p2a: Beedrill|Beedrill-Mega, M
|message|Beedrill has Mega Evolved into Mega Beedrill!
|move|p2a: Beedrill|Protect|p2a: Beedrill
|-singleturn|p2a: Beedrill|Protect
|move|p1a: CHICHICHI LELELE|Tailwind|p1a: CHICHICHI LELELE
|-sidestart|p1: Space Wrench|move: Tailwind
|
|turn|2
|
|move|p1a: CHICHICHI LELELE|Memento|p2a: Beedrill
|-unboost|p2a: Beedrill|atk|2
|-unboost|p2a: Beedrill|spa|2
|faint|p1a: CHICHICHI LELELE
|move|p2a: Beedrill|Poison Jab|p1: CHICHICHI LELELE|[notarget]
|-notarget
|
|
|switch|p1a: THE BP SAVIOR|Smeargle, M, shiny|251\/251
|turn|3
|
|move|p1a: THE BP SAVIOR|Cotton Guard|p1a: THE BP SAVIOR
|-boost|p1a: THE BP SAVIOR|def|3
|move|p2a: Beedrill|U-turn|p1a: THE BP SAVIOR
|-damage|p1a: THE BP SAVIOR|195\/251
|
|switch|p2a: Mew|Mew|404\/404
|
|turn|4
|
|switch|p2a: Magnezone|Magnezone|281\/281
|move|p1a: THE BP SAVIOR|Taunt|p2a: Magnezone
|-start|p2a: Magnezone|move: Taunt
|
|-sideend|p1: Space Wrench|move: Tailwind
|turn|5
|
|move|p1a: THE BP SAVIOR|Geomancy|p1a: THE BP SAVIOR|[still]
|-prepare|p1a: THE BP SAVIOR|Geomancy|p1a: THE BP SAVIOR
|-enditem|p1a: THE BP SAVIOR|Power Herb
|-anim|p1a: THE BP SAVIOR|Geomancy|p1a: THE BP SAVIOR
|-boost|p1a: THE BP SAVIOR|spa|2
|-boost|p1a: THE BP SAVIOR|spd|2
|-boost|p1a: THE BP SAVIOR|spe|2
|move|p2a: Magnezone|Flash Cannon|p1a: THE BP SAVIOR
|-damage|p1a: THE BP SAVIOR|0 fnt
|faint|p1a: THE BP SAVIOR
|
|-message|Space Wrench forfeited.
|
|win|ZephyrBurst
|raw|Ladder updating...
|raw|Space Wrench's rating: 1276 &rarr; <strong>1253<\/strong><br \/>(-23 for losing)
|raw|ZephyrBurst's rating: 1310 &rarr; <strong>1328<\/strong><br \/>(+18 for winning)
|leave|Space Wrench
|player|p1