|join|ZephyrBurst
|join|Daxx27
|player|p1|ZephyrBurst|102
|player|p2|Daxx27|1
|gametype|singles
|gen|6
|tier|OU
|rated
|clearpoke
|poke|p1|Absol, M
|poke|p1|Azumarill, M
|poke|p1|Landorus-Therian, M
|poke|p1|Heatran, F
|poke|p1|Kyurem-Black
|poke|p1|Zapdos
|poke|p2|Zapdos
|poke|p2|Gallade, M
|poke|p2|Heatran, M
|poke|p2|Vaporeon, M
|poke|p2|Latios, M
|poke|p2|Bisharp, M
|rule|Swagger Clause: Swagger is banned
|rule|Baton Pass Clause: Limit one PokÃ©mon knowing Baton Pass
|rule|Sleep Clause Mod: Limit one foe put to sleep
|rule|Species Clause: Limit one of each PokÃ©mon
|rule|OHKO Clause: OHKO moves are banned
|rule|Moody Clause: Moody is banned
|rule|Evasion Moves Clause: Evasion moves are banned
|rule|Endless Battle Clause: Forcing endless battles is banned
|rule|HP Percentage Mod: HP is shown in percentages
|teampreview
|
|start
|switch|p1a: Azumarill|Azumarill, M|399\/399
|switch|p2a: Vaporeon|Vaporeon, M|464\/464
|turn|1
|
|switch|p2a: Zapdos|Zapdos|384\/384
|-ability|p2a: Zapdos|Pressure
|move|p1a: Azumarill|Play Rough|p2a: Zapdos
|-damage|p2a: Zapdos|231\/384
|
|-heal|p2a: Zapdos|255\/384|[from] item: Leftovers
|turn|2
|
|switch|p1a: Heatran|Heatran, F|385\/385
|move|p2a: Zapdos|Roost|p2a: Zapdos
|-heal|p2a: Zapdos|384\/384
|
|turn|3
|
|switch|p2a: Gallade|Gallade, M|277\/277
|switch|p1a: Landorus-Therian|Landorus-Therian, M|382\/382
|-ability|p1a: Landorus-Therian|Intimidate|[of] p2a: Gallade
|-unboost|p2a: Gallade|atk|1
|
|turn|4
|
|detailschange|p2a: Gallade|Gallade-Mega, M
|message|Gallade has Mega Evolved into Mega Gallade!
|move|p2a: Gallade|Swords Dance|p2a: Gallade
|-boost|p2a: Gallade|atk|2
|move|p1a: Landorus-Therian|U-turn|p2a: Gallade
|-damage|p2a: Gallade|195\/277
|
|switch|p1a: Azumarill|Azumarill, M|399\/399
|
|turn|5
|
|switch|p2a: Vaporeon|Vaporeon, M|464\/464
|move|p1a: Azumarill|Play Rough|p2a: Vaporeon
|-damage|p2a: Vaporeon|304\/464
|
|-heal|p2a: Vaporeon|333\/464|[from] item: Leftovers
|turn|6
|
|switch|p1a: Kyurem-Black|Kyurem-Black|391\/391
|-ability|p1a: Kyurem-Black|Teravolt
|move|p2a: Vaporeon|Scald|p1a: Kyurem-Black
|-resisted|p1a: Kyurem-Black
|-damage|p1a: Kyurem-Black|333\/391
|
|-heal|p2a: Vaporeon|362\/464|[from] item: Leftovers
|turn|7
|
|move|p2a: Vaporeon|Protect|p2a: Vaporeon
|-singleturn|p2a: Vaporeon|Protect
|move|p1a: Kyurem-Black|Ice Beam|p2a: Vaporeon
|-activate|p2a: Vaporeon|Protect
|
|-heal|p2a: Vaporeon|391\/464|[from] item: Leftovers
|turn|8
|
|move|p1a: Kyurem-Black|Fusion Bolt|p2a: Vaporeon
|-supereffective|p2a: Vaporeon
|-damage|p2a: Vaporeon|76\/464
|-damage|p1a: Kyurem-Black|294\/391|[from] item: Life Orb
|move|p2a: Vaporeon|Scald|p1a: Kyurem-Black
|-resisted|p1a: Kyurem-Black
|-damage|p1a: Kyurem-Black|241\/391
|
|-heal|p2a: Vaporeon|105\/464|[from] item: Leftovers
|turn|9
|
|move|p2a: Vaporeon|Protect|p2a: Vaporeon
|-singleturn|p2a: Vaporeon|Protect
|move|p1a: Kyurem-Black|Roost|p1a: Kyurem-Black
|-heal|p1a: Kyurem-Black|391\/391
|
|-heal|p2a: Vaporeon|134\/464|[from] item: Leftovers
|turn|10
|
|switch|p2a: Heatran|Heatran, M|386\/386
|move|p1a: Kyurem-Black|Fusion Bolt|p2a: Heatran
|-damage|p2a: Heatran|222\/386
|-damage|p1a: Kyurem-Black|352\/391|[from] item: Life Orb
|
|-heal|p2a: Heatran|246\/386|[from] item: Leftovers
|turn|11
|
|switch|p2a: Latios|Latios, M|302\/302
|move|p1a: Kyurem-Black|Earth Power|p2a: Latios
|-damage|p2a: Latios|181\/302
|-damage|p1a: Kyurem-Black|313\/391|[from] item: Life Orb
|
|turn|12
|
|switch|p1a: Azumarill|Azumarill, M|399\/399
|move|p2a: Latios|Trick|p1a: Azumarill
|-activate|p2a: Latios|move: Trick|[of] p1a: Azumarill
|-item|p1a: Azumarill|Choice Scarf|[from] move: Trick
|-item|p2a: Latios|Assault Vest|[from] move: Trick
|
|turn|13
|
|switch|p2a: Zapdos|Zapdos|384\/384
|-ability|p2a: Zapdos|Pressure
|move|p1a: Azumarill|Play Rough|p2a: Zapdos|[miss]
|-miss|p1a: Azumarill|p2a: Zapdos
|
|turn|14
|
|switch|p2a: Bisharp|Bisharp, M|271\/271
|switch|p1a: Kyurem-Black|Kyurem-Black|313\/391
|-ability|p1a: Kyurem-Black|Teravolt
|
|turn|15
|
|move|p2a: Bisharp|Sucker Punch|p1a: Kyurem-Black
|-damage|p1a: Kyurem-Black|138\/391
|move|p1a: Kyurem-Black|Earth Power|p2a: Bisharp
|-crit|p2a: Bisharp
|-supereffective|p2a: Bisharp
|-damage|p2a: Bisharp|0 fnt
|-damage|p1a: Kyurem-Black|99\/391|[from] item: Life Orb
|faint|p2a: Bisharp
|
|
|switch|p2a: Latios|Latios, M|181\/302
|turn|16
|
|switch|p1a: Heatran|Heatran, F|385\/385
|move|p2a: Latios|Psyshock|p1a: Heatran
|-resisted|p1a: Heatran
|-damage|p1a: Heatran|321\/385
|
|-heal|p1a: Heatran|345\/385|[from] item: Leftovers
|turn|17
|
|switch|p2a: Gallade|Gallade-Mega, M|195\/277
|switch|p1a: Sol|Absol, M|271\/271
|
|turn|18
|
|switch|p1a: Landorus-Therian|Landorus-Therian, M|382\/382
|-ability|p1a: Landorus-Therian|Intimidate|[of] p2a: Gallade
|-unboost|p2a: Gallade|atk|1
|move|p2a: Gallade|Swords Dance|p2a: Gallade
|-boost|p2a: Gallade|atk|2
|
|turn|19
|
|move|p2a: Gallade|Ice Punch|p1a: Landorus-Therian
|-supereffective|p1a: Landorus-Therian
|-damage|p1a: Landorus-Therian|0 fnt
|faint|p1a: Landorus-Therian
|
|
|switch|p1a: Azumarill|Azumarill, M|399\/399
|turn|20
|
|switch|p2a: Zapdos|Zapdos|384\/384
|-ability|p2a: Zapdos|Pressure
|switch|p1a: Sol|Absol, M|271\/271
|
|turn|21
|
|detailschange|p1a: Sol|Absol-Mega, M
|message|Absol has Mega Evolved into Mega Absol!
|move|p1a: Sol|Knock Off|p2a: Zapdos
|-damage|p2a: Zapdos|230\/384
|-enditem|p2a: Zapdos|Leftovers|[from] move: Knock Off|[of] p1a: Sol
|move|p2a: Zapdos|Thunderbolt|p1a: Sol
|-damage|p1a: Sol|31\/271
|
|turn|22
|
|switch|p1a: Kyurem-Black|Kyurem-Black|99\/391
|-ability|p1a: Kyurem-Black|Teravolt
|move|p2a: Zapdos|Roost|p2a: Zapdos
|-heal|p2a: Zapdos|384\/384
|
|turn|23
|
|switch|p2a: Gallade|Gallade-Mega, M|195\/277
|move|p1a: Kyurem-Black|Roost|p1a: Kyurem-Black
|-heal|p1a: Kyurem-Black|295\/391
|
|turn|24
|
|switch|p1a: Azumarill|Azumarill, M|399\/399
|move|p2a: Gallade|Drain Punch|p1a: Azumarill
|-resisted|p1a: Azumarill
|-damage|p1a: Azumarill|309\/399
|-heal|p2a: Gallade|240\/277|[from] drain|[of] p1a: Azumarill
|
|turn|25
|
|switch|p2a: Zapdos|Zapdos|384\/384
|-ability|p2a: Zapdos|Pressure
|move|p1a: Azumarill|Play Rough|p2a: Zapdos
|-damage|p2a: Zapdos|231\/384
|
|turn|26
|
|switch|p2a: Gallade|Gallade-Mega, M|240\/277
|switch|p1a: Heatran|Heatran, F|345\/385
|
|-heal|p1a: Heatran|369\/385|[from] item: Leftovers
|turn|27
|
|move|p2a: Gallade|Drain Punch|p1a: Heatran
|-supereffective|p1a: Heatran
|-damage|p1a: Heatran|91\/385
|-heal|p2a: Gallade|277\/277|[from] drain|[of] p1a: Heatran
|move|p1a: Heatran|Toxic|p2a: Gallade
|-status|p2a: Gallade|tox
|
|-heal|p1a: Heatran|115\/385|[from] item: Leftovers
|-damage|p2a: Gallade|260\/277 tox|[from] psn
|turn|28
|
|move|p1a: Heatran|Protect|p1a: Heatran
|-singleturn|p1a: Heatran|Protect
|move|p2a: Gallade|Drain Punch|p1a: Heatran
|-activate|p1a: Heatran|Protect
|
|-heal|p1a: Heatran|139\/385|[from] item: Leftovers
|-damage|p2a: Gallade|226\/277 tox|[from] psn
|turn|29
|
|switch|p1a: Zapdos|Zapdos|384\/384
|-ability|p1a: Zapdos|Pressure
|move|p2a: Gallade|Earthquake|p1a: Zapdos
|-immune|p1a: Zapdos|[msg]
|
|-damage|p2a: Gallade|175\/277 tox|[from] psn
|turn|30
|
|switch|p2a: Heatran|Heatran, M|246\/386
|move|p1a: Zapdos|Thunderbolt|p2a: Heatran
|-damage|p2a: Heatran|144\/386
|
|-heal|p2a: Heatran|168\/386|[from] item: Leftovers
|turn|31
|
|switch|p1a: Sol|Absol-Mega, M|31\/271
|move|p2a: Heatran|Stealth Rock|p1a: Sol
|move|p1a: Sol|Stealth Rock|p2a: Heatran|[from]Magic Bounce
|-sidestart|p2: Daxx27|move: Stealth Rock
|
|-heal|p2a: Heatran|192\/386|[from] item: Leftovers
|turn|32
|
|move|p1a: Sol|Superpower|p2a: Heatran
|-supereffective|p2a: Heatran
|-damage|p2a: Heatran|0 fnt
|-unboost|p1a: Sol|atk|1
|-unboost|p1a: Sol|def|1
|faint|p2a: Heatran
|
|
|switch|p2a: Gallade|Gallade-Mega, M|175\/277 tox
|-damage|p2a: Gallade|158\/277 tox|[from] Stealth Rock
|turn|33
|
|switch|p1a: Azumarill|Azumarill, M|309\/399
|move|p2a: Gallade|Swords Dance|p2a: Gallade
|-boost|p2a: Gallade|atk|2
|
|-damage|p2a: Gallade|141\/277 tox|[from] psn
|turn|34
|
|move|p2a: Gallade|Earthquake|p1a: Azumarill
|-damage|p1a: Azumarill|0 fnt
|faint|p1a: Azumarill
|
|-damage|p2a: Gallade|107\/277 tox|[from] psn
|
|switch|p1a: Sol|Absol-Mega, M|31\/271
|turn|35
|
|move|p1a: Sol|Knock Off|p2a: Gallade
|-damage|p2a: Gallade|0 fnt
|faint|p2a: Gallade
|
|
|switch|p2a: Zapdos|Zapdos|231\/384
|-damage|p2a: Zapdos|135\/384|[from] Stealth Rock
|-ability|p2a: Zapdos|Pressure
|turn|36
|
|switch|p1a: Heatran|Heatran, F|139\/385
|move|p2a: Zapdos|Thunderbolt|p1a: Heatran
|-damage|p1a: Heatran|37\/385
|
|-heal|p1a: Heatran|61\/385|[from] item: Leftovers
|turn|37
|
|move|p2a: Zapdos|Thunderbolt|p1a: Heatran
|-damage|p1a: Heatran|0 fnt
|faint|p1a: Heatran
|
|
|switch|p1a: Kyurem-Black|Kyurem-Black|295\/391
|-ability|p1a: Kyurem-Black|Teravolt
|turn|38
|
|move|p1a: Kyurem-Black|Ice Beam|p2a: Zapdos
|-supereffective|p2a: Zapdos
|-damage|p2a: Zapdos|0 fnt
|-damage|p1a: Kyurem-Black|256\/391|[from] item: Life Orb
|faint|p2a: Zapdos
|
|
|switch|p2a: Latios|Latios, M|181\/302
|-damage|p2a: Latios|144\/302|[from] Stealth Rock
|turn|39
|
|move|p2a: Latios|Draco Meteor|p1a: Kyurem-Black
|-supereffective|p1a: Kyurem-Black
|-damage|p1a: Kyurem-Black|0 fnt
|-unboost|p2a: Latios|spa|2
|faint|p1a: Kyurem-Black
|
|
|switch|p1a: Sol|Absol-Mega, M|31\/271
|turn|40
|c|âDaxx27|gg
|-message|Daxx27 forfeited.
|
|win|ZephyrBurst
|raw|Ladder updating...
|leave|Daxx27
|player|p2
|raw|ZephyrBurst's rating: 1400 &rarr; <strong>1419<\/strong><br \/>(+19 for winning)
|raw|Daxx27's rating: 1379 &rarr; <strong>1360<\/strong><br \/>(-19 for losing)