|join|WhoStoleMyTV
|join|ZephyrBurst
|player|p1|WhoStoleMyTV|1
|player|p2|ZephyrBurst|102
|gametype|singles
|gen|6
|tier|OU
|rated
|clearpoke
|poke|p1|Klefki, M
|poke|p1|Bisharp, F
|poke|p1|Manectric, M
|poke|p1|Azumarill, F
|poke|p1|Latios, M
|poke|p1|Landorus-Therian, M
|poke|p2|Bisharp, M
|poke|p2|Garchomp, M
|poke|p2|Starmie
|poke|p2|Greninja, M
|poke|p2|Sylveon, M
|poke|p2|Manectric, M
|rule|Swagger Clause: Swagger is banned
|rule|Baton Pass Clause: Limit one PokÃ©mon knowing Baton Pass
|rule|Sleep Clause Mod: Limit one foe put to sleep
|rule|Species Clause: Limit one of each PokÃ©mon
|rule|OHKO Clause: OHKO moves are banned
|rule|Moody Clause: Moody is banned
|rule|Evasion Moves Clause: Evasion moves are banned
|rule|Endless Battle Clause: Forcing endless battles is banned
|rule|HP Percentage Mod: HP is shown in percentages
|teampreview
|
|start
|switch|p1a: Nemanja Matic|Landorus-Therian, M|320\/320
|switch|p2a: Garchomp|Garchomp, M|420\/420
|-ability|p1a: Nemanja Matic|Intimidate|[of] p2a: Garchomp
|-unboost|p2a: Garchomp|atk|1
|turn|1
|
|move|p1a: Nemanja Matic|Earthquake|p2a: Garchomp
|-damage|p2a: Garchomp|269\/420
|move|p2a: Garchomp|Toxic|p1a: Nemanja Matic
|-status|p1a: Nemanja Matic|tox
|
|-damage|p1a: Nemanja Matic|300\/320 tox|[from] psn
|turn|2
|
|switch|p1a: Diego Costa|Azumarill, F|404\/404
|move|p2a: Garchomp|Stealth Rock|p1a: Diego Costa
|-sidestart|p1: WhoStoleMyTV|move: Stealth Rock
|
|turn|3
|
|move|p2a: Garchomp|Earthquake|p1a: Diego Costa
|-damage|p1a: Diego Costa|286\/404
|move|p1a: Diego Costa|Belly Drum|p1a: Diego Costa
|-damage|p1a: Diego Costa|84\/404
|-setboost|p1a: Diego Costa|atk|6|[from] move: Belly Drum
|-enditem|p1a: Diego Costa|Sitrus Berry|[eat]
|-heal|p1a: Diego Costa|185\/404|[from] item: Sitrus Berry
|
|turn|4
|
|move|p1a: Diego Costa|Aqua Jet|p2a: Garchomp
|-damage|p2a: Garchomp|0 fnt
|-damage|p1a: Diego Costa|135\/404|[from] ability: Rough Skin|[of] p2a: Garchomp
|-damage|p1a: Diego Costa|68\/404|[from] item: Rocky Helmet|[of] p2a: Garchomp
|faint|p2a: Garchomp
|
|
|switch|p2a: Bisharp|Bisharp, M|271\/271
|turn|5
|
|move|p2a: Bisharp|Sucker Punch|p1a: Diego Costa
|-resisted|p1a: Diego Costa
|-damage|p1a: Diego Costa|0 fnt
|-damage|p2a: Bisharp|244\/271|[from] item: Life Orb
|faint|p1a: Diego Costa
|
|
|switch|p1a: Willian|Klefki, M|318\/318
|-damage|p1a: Willian|299\/318|[from] Stealth Rock
|turn|6
|
|move|p1a: Willian|Spikes|p2a: Bisharp
|-sidestart|p2: ZephyrBurst|Spikes
|move|p2a: Bisharp|Swords Dance|p2a: Bisharp
|-boost|p2a: Bisharp|atk|2
|
|turn|7
|
|move|p1a: Willian|Thunder Wave|p2a: Bisharp
|-status|p2a: Bisharp|par
|cant|p2a: Bisharp|par
|
|turn|8
|
|move|p1a: Willian|Reflect|p1a: Willian
|-sidestart|p1: WhoStoleMyTV|Reflect
|move|p2a: Bisharp|Swords Dance|p2a: Bisharp
|-boost|p2a: Bisharp|atk|2
|
|turn|9
|
|switch|p1a: Nemanja Matic|Landorus-Therian, M|300\/320 tox
|-damage|p1a: Nemanja Matic|260\/320 tox|[from] Stealth Rock
|-ability|p1a: Nemanja Matic|Intimidate|[of] p2a: Bisharp
|-unboost|p2a: Bisharp|atk|1
|-boost|p2a: Bisharp|atk|2|[from] ability: Defiant
|move|p2a: Bisharp|Swords Dance|p2a: Bisharp
|-boost|p2a: Bisharp|atk|2
|
|-damage|p1a: Nemanja Matic|240\/320 tox|[from] psn
|turn|10
|
|move|p2a: Bisharp|Sucker Punch|p1a: Nemanja Matic
|-damage|p1a: Nemanja Matic|0 fnt
|-damage|p2a: Bisharp|217\/271 par|[from] item: Life Orb
|faint|p1a: Nemanja Matic
|
|
|switch|p1a: Eden Hazard|Manectric, M|281\/281
|-damage|p1a: Eden Hazard|246\/281|[from] Stealth Rock
|turn|11
|
|detailschange|p1a: Eden Hazard|Manectric-Mega, M
|message|Manectric has Mega Evolved into Mega Manectric!
|-ability|p1a: Eden Hazard|Intimidate|[of] p2a: Bisharp
|-unboost|p2a: Bisharp|atk|1
|-boost|p2a: Bisharp|atk|2|[from] ability: Defiant
|move|p2a: Bisharp|Sucker Punch|p1a: Eden Hazard
|-damage|p1a: Eden Hazard|0 fnt
|-damage|p2a: Bisharp|190\/271 par|[from] item: Life Orb
|faint|p1a: Eden Hazard
|
|c|âWhoStoleMyTV|dammit 
|
|switch|p1a: Cesc Fabregas|Latios, M|302\/302
|-damage|p1a: Cesc Fabregas|265\/302|[from] Stealth Rock
|turn|12
|c|âWhoStoleMyTV|para hax plz come in clutch
|c|âWhoStoleMyTV|lol
|
|cant|p2a: Bisharp|par
|move|p1a: Cesc Fabregas|Hidden Power|p2a: Bisharp
|-supereffective|p2a: Bisharp
|-damage|p2a: Bisharp|0 fnt
|-damage|p1a: Cesc Fabregas|235\/302|[from] item: Life Orb
|faint|p2a: Bisharp
|
|c|âWhoStoleMyTV|yay
|
|switch|p2a: Sylveon|Sylveon, M|394\/394
|-damage|p2a: Sylveon|345\/394|[from] Spikes
|turn|13
|
|switch|p1a: Willian|Klefki, M|299\/318
|-damage|p1a: Willian|280\/318|[from] Stealth Rock
|move|p2a: Sylveon|Hyper Voice|p1a: Willian
|-resisted|p1a: Willian
|-damage|p1a: Willian|196\/318
|
|-heal|p2a: Sylveon|369\/394|[from] item: Leftovers
|turn|14
|
|move|p1a: Willian|Light Screen|p1a: Willian
|-sidestart|p1: WhoStoleMyTV|move: Light Screen
|move|p2a: Sylveon|Wish|p2a: Sylveon
|
|-heal|p2a: Sylveon|393\/394|[from] item: Leftovers
|turn|15
|
|switch|p1a: Cesc Fabregas|Latios, M|235\/302
|-damage|p1a: Cesc Fabregas|198\/302|[from] Stealth Rock
|switch|p2a: Manectric|Manectric, M|281\/281
|-damage|p2a: Manectric|246\/281|[from] Spikes
|
|-heal|p2a: Manectric|281\/281|[from] move: Wish|[wisher] Sylveon
|-sideend|p1: WhoStoleMyTV|Reflect
|turn|16
|
|switch|p2a: Sylveon|Sylveon, M|393\/394
|-damage|p2a: Sylveon|344\/394|[from] Spikes
|move|p1a: Cesc Fabregas|Draco Meteor|p2a: Sylveon
|-immune|p2a: Sylveon|[msg]
|
|-heal|p2a: Sylveon|368\/394|[from] item: Leftovers
|turn|17
|
|switch|p1a: Oscar|Bisharp, F|272\/272
|-damage|p1a: Oscar|255\/272|[from] Stealth Rock
|move|p2a: Sylveon|Hyper Voice|p1a: Oscar
|-damage|p1a: Oscar|151\/272
|
|-heal|p2a: Sylveon|392\/394|[from] item: Leftovers
|turn|18
|
|switch|p2a: Starmie|Starmie|323\/323
|-damage|p2a: Starmie|283\/323|[from] Spikes
|move|p1a: Oscar|Swords Dance|p1a: Oscar
|-boost|p1a: Oscar|atk|2
|
|-heal|p2a: Starmie|303\/323|[from] item: Leftovers
|turn|19
|
|move|p2a: Starmie|Reflect Type|p1a: Oscar
|-start|p2a: Starmie|typechange|[from] move: Reflect Type|[of] p1a: Oscar
|move|p1a: Oscar|Swords Dance|p1a: Oscar
|-boost|p1a: Oscar|atk|2
|
|-heal|p2a: Starmie|323\/323|[from] item: Leftovers
|turn|20
|c|âWhoStoleMyTV|nice o.O
|
|move|p1a: Oscar|Sucker Punch|p2a: Starmie
|-resisted|p2a: Starmie
|-damage|p2a: Starmie|7\/323
|-damage|p1a: Oscar|124\/272|[from] item: Life Orb
|move|p2a: Starmie|Scald|p1a: Oscar
|-damage|p1a: Oscar|79\/272
|-status|p1a: Oscar|brn
|
|-heal|p2a: Starmie|27\/323|[from] item: Leftovers
|-damage|p1a: Oscar|45\/272 brn|[from] brn
|turn|21
|c|âWhoStoleMyTV|fk
|
|move|p1a: Oscar|Sucker Punch|p2a: Starmie
|-fail|p2a: Starmie
|move|p2a: Starmie|Recover|p2a: Starmie
|-heal|p2a: Starmie|189\/323
|
|-heal|p2a: Starmie|209\/323|[from] item: Leftovers
|-damage|p1a: Oscar|11\/272 brn|[from] brn
|-sideend|p1: WhoStoleMyTV|move: Light Screen
|turn|22
|
|move|p2a: Starmie|Scald|p1a: Oscar
|-damage|p1a: Oscar|0 fnt
|faint|p1a: Oscar
|
|-heal|p2a: Starmie|229\/323|[from] item: Leftovers
|-message|WhoStoleMyTV forfeited.
|
|win|ZephyrBurst
|raw|Ladder updating...
|leave|WhoStoleMyTV
|player|p1
|raw|WhoStoleMyTV's rating: 1607 &rarr; <strong>1586<\/strong><br \/>(-21 for losing)
|raw|ZephyrBurst's rating: 1597 &rarr; <strong>1617<\/strong><br \/>(+20 for winning)