|join|ZephyrBurst
|join|Orihuel
|player|p1|ZephyrBurst|102
|player|p2|Orihuel|206
|gametype|singles
|gen|6
|tier|OU
|rated
|clearpoke
|poke|p1|Gallade, M
|poke|p1|Victini
|poke|p1|Mandibuzz, F
|poke|p1|Ferrothorn, F
|poke|p1|Thundurus, M
|poke|p1|Rotom-Wash
|poke|p2|Rotom-Wash
|poke|p2|Scizor, M
|poke|p2|Talonflame, M
|poke|p2|Goodra, M
|poke|p2|Banette, M
|poke|p2|Ferrothorn, M
|rule|Swagger Clause: Swagger is banned
|rule|Baton Pass Clause: Limit one PokÃ©mon knowing Baton Pass
|rule|Sleep Clause Mod: Limit one foe put to sleep
|rule|Species Clause: Limit one of each PokÃ©mon
|rule|OHKO Clause: OHKO moves are banned
|rule|Moody Clause: Moody is banned
|rule|Evasion Moves Clause: Evasion moves are banned
|rule|Endless Battle Clause: Forcing endless battles is banned
|rule|HP Percentage Mod: HP is shown in percentages
|teampreview
|
|start
|switch|p1a: Victini|Victini|365\/365
|switch|p2a: Goodra|Goodra, M|381\/381
|turn|1
|
|move|p1a: Victini|Substitute|p1a: Victini
|-start|p1a: Victini|Substitute
|-damage|p1a: Victini|274\/365
|move|p2a: Goodra|Muddy Water|p1a: Victini
|-supereffective|p1a: Victini
|-end|p1a: Victini|Substitute
|
|-heal|p1a: Victini|296\/365|[from] item: Leftovers
|turn|2
|
|switch|p1a: Rotom-Wash|Rotom-Wash|303\/303
|move|p2a: Goodra|Muddy Water|p1a: Rotom-Wash
|-resisted|p1a: Rotom-Wash
|-damage|p1a: Rotom-Wash|251\/303
|-unboost|p1a: Rotom-Wash|accuracy|1
|
|-heal|p1a: Rotom-Wash|269\/303|[from] item: Leftovers
|turn|3
|
|move|p1a: Rotom-Wash|Volt Switch|p2a: Goodra
|-resisted|p2a: Goodra
|-damage|p2a: Goodra|363\/381
|
|switch|p1a: Ferrothorn|Ferrothorn, F|352\/352
|move|p2a: Goodra|Sludge Bomb|p1a: Ferrothorn
|-immune|p1a: Ferrothorn|[msg]
|
|turn|4
|
|switch|p1a: Rotom-Wash|Rotom-Wash|269\/303
|move|p2a: Goodra|Fire Blast|p1a: Rotom-Wash
|-resisted|p1a: Rotom-Wash
|-damage|p1a: Rotom-Wash|206\/303
|
|-heal|p1a: Rotom-Wash|224\/303|[from] item: Leftovers
|turn|5
|
|move|p1a: Rotom-Wash|Will-O-Wisp|p2a: Goodra
|-status|p2a: Goodra|brn
|move|p2a: Goodra|Fire Blast|p1a: Rotom-Wash
|-resisted|p1a: Rotom-Wash
|-damage|p1a: Rotom-Wash|159\/303
|
|-heal|p1a: Rotom-Wash|177\/303|[from] item: Leftovers
|-damage|p2a: Goodra|316\/381 brn|[from] brn
|turn|6
|
|move|p1a: Rotom-Wash|Pain Split|p2a: Goodra
|-sethp|p2a: Goodra|246\/381 brn|p1a: Rotom-Wash|246\/303|[from] move: Pain Split
|move|p2a: Goodra|Sludge Bomb|p1a: Rotom-Wash
|-damage|p1a: Rotom-Wash|143\/303
|-status|p1a: Rotom-Wash|psn
|
|-heal|p1a: Rotom-Wash|161\/303 psn|[from] item: Leftovers
|-damage|p1a: Rotom-Wash|124\/303 psn|[from] psn
|-damage|p2a: Goodra|199\/381 brn|[from] brn
|turn|7
|
|move|p1a: Rotom-Wash|Pain Split|p2a: Goodra
|-sethp|p2a: Goodra|161\/381 brn|p1a: Rotom-Wash|161\/303 psn|[from] move: Pain Split
|move|p2a: Goodra|Sludge Bomb|p1a: Rotom-Wash
|-damage|p1a: Rotom-Wash|68\/303 psn
|
|-heal|p1a: Rotom-Wash|86\/303 psn|[from] item: Leftovers
|-damage|p1a: Rotom-Wash|49\/303 psn|[from] psn
|-damage|p2a: Goodra|114\/381 brn|[from] brn
|turn|8
|
|move|p1a: Rotom-Wash|Volt Switch|p2a: Goodra
|-resisted|p2a: Goodra
|-damage|p2a: Goodra|93\/381 brn
|
|switch|p1a: Ferrothorn|Ferrothorn, F|352\/352
|move|p2a: Goodra|Fire Blast|p1a: Ferrothorn
|-supereffective|p1a: Ferrothorn
|-damage|p1a: Ferrothorn|0 fnt
|faint|p1a: Ferrothorn
|
|-damage|p2a: Goodra|46\/381 brn|[from] brn
|
|switch|p1a: Victini|Victini|296\/365
|turn|9
|
|move|p1a: Victini|Substitute|p1a: Victini
|-start|p1a: Victini|Substitute
|-damage|p1a: Victini|205\/365
|move|p2a: Goodra|Muddy Water|p1a: Victini
|-miss|p2a: Goodra|p1a: Victini
|
|-heal|p1a: Victini|227\/365|[from] item: Leftovers
|-damage|p2a: Goodra|0 fnt|[from] brn
|faint|p2a: Goodra
|
|switch|p2a: Banette|Banette, M|332\/332
|turn|10
|
|detailschange|p2a: Banette|Banette-Mega, M
|message|Banette has Mega Evolved into Mega Banette!
|move|p2a: Banette|Shadow Sneak|p1a: Victini
|-supereffective|p1a: Victini
|-end|p1a: Victini|Substitute
|move|p1a: Victini|V-create|p2a: Banette
|-damage|p2a: Banette|0 fnt
|-unboost|p1a: Victini|def|1
|-unboost|p1a: Victini|spd|1
|-unboost|p1a: Victini|spe|1
|faint|p2a: Banette
|
|-heal|p1a: Victini|249\/365|[from] item: Leftovers
|
|switch|p2a: Rotom-Wash|Rotom-Wash|241\/241
|turn|11
|
|switch|p1a: Rotom-Wash|Rotom-Wash|49\/303 psn
|move|p2a: Rotom-Wash|Thunderbolt|p1a: Rotom-Wash
|-damage|p1a: Rotom-Wash|0 fnt
|faint|p1a: Rotom-Wash
|
|
|switch|p1a: Gallade|Gallade, M|277\/277
|turn|12
|
|detailschange|p1a: Gallade|Gallade-Mega, M
|message|Gallade has Mega Evolved into Mega Gallade!
|move|p2a: Rotom-Wash|Thunderbolt|p1a: Gallade
|-damage|p1a: Gallade|151\/277
|move|p1a: Gallade|Close Combat|p2a: Rotom-Wash
|-damage|p2a: Rotom-Wash|0 fnt
|-unboost|p1a: Gallade|def|1
|-unboost|p1a: Gallade|spd|1
|faint|p2a: Rotom-Wash
|
|
|switch|p2a: Talonflame|Talonflame, M|298\/298
|turn|13
|
|switch|p1a: Mandibuzz|Mandibuzz, F|423\/423
|move|p2a: Talonflame|Swords Dance|p2a: Talonflame
|-boost|p2a: Talonflame|atk|2
|
|turn|14
|
|switch|p2a: Ferrothorn|Ferrothorn, M|352\/352
|move|p1a: Mandibuzz|Foul Play|p2a: Ferrothorn
|-damage|p2a: Ferrothorn|283\/352
|-damage|p1a: Mandibuzz|371\/423|[from] ability: Iron Barbs|[of] p2a: Ferrothorn
|
|-heal|p2a: Ferrothorn|305\/352|[from] item: Leftovers
|turn|15
|
|switch|p1a: Victini|Victini|249\/365
|move|p2a: Ferrothorn|Leech Seed|p1a: Victini
|-start|p1a: Victini|move: Leech Seed
|
|-heal|p1a: Victini|271\/365|[from] item: Leftovers
|-heal|p2a: Ferrothorn|327\/352|[from] item: Leftovers
|-damage|p1a: Victini|226\/365|[from] Leech Seed|[of] p2a: Ferrothorn
|-heal|p2a: Ferrothorn|352\/352|[silent]
|turn|16
|
|move|p2a: Ferrothorn|Protect|p2a: Ferrothorn
|-singleturn|p2a: Ferrothorn|Protect
|move|p1a: Victini|Substitute|p1a: Victini
|-start|p1a: Victini|Substitute
|-damage|p1a: Victini|135\/365
|
|-heal|p1a: Victini|157\/365|[from] item: Leftovers
|-damage|p1a: Victini|112\/365|[from] Leech Seed|[of] p2a: Ferrothorn
|turn|17
|
|switch|p2a: Talonflame|Talonflame, M|298\/298
|move|p1a: Victini|V-create|p2a: Talonflame
|-resisted|p2a: Talonflame
|-damage|p2a: Talonflame|112\/298
|-unboost|p1a: Victini|def|1
|-unboost|p1a: Victini|spd|1
|-unboost|p1a: Victini|spe|1
|
|-heal|p1a: Victini|134\/365|[from] item: Leftovers
|-damage|p1a: Victini|89\/365|[from] Leech Seed|[of] p2a: Talonflame
|-heal|p2a: Talonflame|157\/298|[silent]
|turn|18
|
|move|p2a: Talonflame|Roost|p2a: Talonflame
|-heal|p2a: Talonflame|298\/298
|move|p1a: Victini|V-create|p2a: Talonflame
|-resisted|p2a: Talonflame
|-damage|p2a: Talonflame|99\/298
|-unboost|p1a: Victini|def|1
|-unboost|p1a: Victini|spd|1
|-unboost|p1a: Victini|spe|1
|
|-heal|p1a: Victini|111\/365|[from] item: Leftovers
|-damage|p1a: Victini|66\/365|[from] Leech Seed|[of] p2a: Talonflame
|-heal|p2a: Talonflame|144\/298|[silent]
|turn|19
|
|move|p2a: Talonflame|Roost|p2a: Talonflame
|-heal|p2a: Talonflame|293\/298
|move|p1a: Victini|Power-Up Punch|p2a: Talonflame
|-damage|p2a: Talonflame|234\/298
|-boost|p1a: Victini|atk|1
|
|-heal|p1a: Victini|88\/365|[from] item: Leftovers
|-damage|p1a: Victini|43\/365|[from] Leech Seed|[of] p2a: Talonflame
|-heal|p2a: Talonflame|279\/298|[silent]
|turn|20
|
|move|p2a: Talonflame|Roost|p2a: Talonflame
|-heal|p2a: Talonflame|298\/298
|move|p1a: Victini|V-create|p2a: Talonflame
|-resisted|p2a: Talonflame
|-damage|p2a: Talonflame|0 fnt
|-unboost|p1a: Victini|def|1
|-unboost|p1a: Victini|spd|1
|-unboost|p1a: Victini|spe|1
|faint|p2a: Talonflame
|
|-heal|p1a: Victini|65\/365|[from] item: Leftovers
|
|switch|p2a: Ferrothorn|Ferrothorn, M|352\/352
|turn|21
|
|move|p2a: Ferrothorn|Protect|p2a: Ferrothorn
|-singleturn|p2a: Ferrothorn|Protect
|move|p1a: Victini|V-create|p2a: Ferrothorn
|-activate|p2a: Ferrothorn|Protect
|
|-heal|p1a: Victini|87\/365|[from] item: Leftovers
|-damage|p1a: Victini|42\/365|[from] Leech Seed|[of] p2a: Ferrothorn
|turn|22
|
|move|p1a: Victini|V-create|p2a: Ferrothorn
|-supereffective|p2a: Ferrothorn
|-damage|p2a: Ferrothorn|0 fnt
|-damage|p1a: Victini|0 fnt|[from] ability: Iron Barbs|[of] p2a: Ferrothorn
|faint|p1a: Victini
|faint|p2a: Ferrothorn
|
|
|switch|p1a: Thundurus|Thundurus, M|299\/299
|switch|p2a: Scizor|Scizor, M|343\/343
|turn|23
|
|move|p2a: Scizor|Bullet Punch|p1a: Thundurus
|-resisted|p1a: Thundurus
|-damage|p1a: Thundurus|191\/299
|move|p1a: Thundurus|Thunderbolt|p2a: Scizor
|-damage|p2a: Scizor|105\/343
|-damage|p1a: Thundurus|162\/299|[from] item: Life Orb
|
|turn|24
|
|move|p2a: Scizor|Bullet Punch|p1a: Thundurus
|-crit|p1a: Thundurus
|-resisted|p1a: Thundurus
|-damage|p1a: Thundurus|12\/299
|move|p1a: Thundurus|Thunderbolt|p2a: Scizor
|-damage|p2a: Scizor|0 fnt
|-damage|p1a: Thundurus|0 fnt|[from] item: Life Orb
|faint|p2a: Scizor
|faint|p1a: Thundurus
|
|win|ZephyrBurst
|raw|Ladder updating...
|c|âZephyrBurst|gg
|raw|ZephyrBurst's rating: 1237 &rarr; <strong>1259<\/strong><br \/>(+22 for winning)
|raw|Orihuel's rating: 1190 &rarr; <strong>1168<\/strong><br \/>(-22 for losing)
|leave|Orihuel
|player|p2