|join|testishaan
|join|ZephyrBurst
|player|p1|testishaan|1
|player|p2|ZephyrBurst|102
|gametype|singles
|gen|6
|tier|OU
|rated
|clearpoke
|poke|p1|Skarmory, F
|poke|p1|Chansey, F
|poke|p1|Venusaur, F
|poke|p1|Heatran, F
|poke|p1|Azumarill, M
|poke|p1|Garchomp, M
|poke|p2|Kyurem-Black, shiny
|poke|p2|Aerodactyl, M
|poke|p2|Keldeo
|poke|p2|Heatran, F
|poke|p2|Clefable, M
|poke|p2|Latios, M
|rule|Swagger Clause: Swagger is banned
|rule|Baton Pass Clause: Limit one PokÃ©mon knowing Baton Pass
|rule|Sleep Clause Mod: Limit one foe put to sleep
|rule|Species Clause: Limit one of each PokÃ©mon
|rule|OHKO Clause: OHKO moves are banned
|rule|Moody Clause: Moody is banned
|rule|Evasion Moves Clause: Evasion moves are banned
|rule|Endless Battle Clause: Forcing endless battles is banned
|rule|HP Percentage Mod: HP is shown in percentages
|teampreview
|
|start
|switch|p1a: Skarmory|Skarmory, F|334\/334
|switch|p2a: Keldeo|Keldeo|323\/323
|turn|1
|
|switch|p2a: Kyurem-Black|Kyurem-Black, shiny|391\/391
|-ability|p2a: Kyurem-Black|Teravolt
|move|p1a: Skarmory|Stealth Rock|p2a: Kyurem-Black
|-sidestart|p2: ZephyrBurst|move: Stealth Rock
|
|turn|2
|
|move|p2a: Kyurem-Black|Fusion Bolt|p1a: Skarmory
|-supereffective|p1a: Skarmory
|-damage|p1a: Skarmory|76\/334
|move|p1a: Skarmory|Whirlwind|p2a: Kyurem-Black
|drag|p2a: Latios|Latios, M|301\/301
|-damage|p2a: Latios|264\/301|[from] Stealth Rock
|
|-heal|p1a: Skarmory|96\/334|[from] item: Leftovers
|turn|3
|
|move|p2a: Latios|Thunderbolt|p1a: Skarmory
|-supereffective|p1a: Skarmory
|-damage|p1a: Skarmory|0 fnt
|-damage|p2a: Latios|234\/301|[from] item: Life Orb
|faint|p1a: Skarmory
|
|
|switch|p1a: Garchomp|Garchomp, M|358\/358
|turn|4
|
|switch|p2a: Heatran|Heatran, F|383\/383
|-damage|p2a: Heatran|336\/383|[from] Stealth Rock
|move|p1a: Garchomp|Outrage|p2a: Heatran
|-resisted|p2a: Heatran
|-damage|p2a: Heatran|228\/383
|
|-heal|p2a: Heatran|251\/383|[from] item: Leftovers
|turn|5
|
|move|p1a: Garchomp|Outrage|p2a: Heatran
|-resisted|p2a: Heatran
|-damage|p2a: Heatran|154\/383
|move|p2a: Heatran|Stealth Rock|p1a: Garchomp
|-sidestart|p1: testishaan|move: Stealth Rock
|
|-heal|p2a: Heatran|177\/383|[from] item: Leftovers
|turn|6
|
|move|p1a: Garchomp|Outrage|p2a: Heatran
|-resisted|p2a: Heatran
|-damage|p2a: Heatran|84\/383
|move|p2a: Heatran|Lava Plume|p1a: Garchomp
|-resisted|p1a: Garchomp
|-damage|p1a: Garchomp|295\/358
|
|-end|p1a: Garchomp|rampage
|-start|p1a: Garchomp|confusion
|-heal|p2a: Heatran|107\/383|[from] item: Leftovers
|turn|7
|
|switch|p1a: Venusaur|Venusaur, F|364\/364
|-damage|p1a: Venusaur|319\/364|[from] Stealth Rock
|move|p2a: Heatran|Lava Plume|p1a: Venusaur
|-supereffective|p1a: Venusaur
|-damage|p1a: Venusaur|131\/364
|
|-heal|p2a: Heatran|130\/383|[from] item: Leftovers
|turn|8
|
|detailschange|p1a: Venusaur|Venusaur-Mega, F
|message|Venusaur has Mega Evolved into Mega Venusaur!
|move|p2a: Heatran|Lava Plume|p1a: Venusaur
|-supereffective|p1a: Venusaur
|-damage|p1a: Venusaur|45\/364
|-status|p1a: Venusaur|brn
|move|p1a: Venusaur|Synthesis|p1a: Venusaur
|-heal|p1a: Venusaur|227\/364 brn
|
|-heal|p2a: Heatran|153\/383|[from] item: Leftovers
|-damage|p1a: Venusaur|182\/364 brn|[from] brn
|turn|9
|
|switch|p2a: Latios|Latios, M|234\/301
|-damage|p2a: Latios|197\/301|[from] Stealth Rock
|move|p1a: Venusaur|Leech Seed|p2a: Latios
|-start|p2a: Latios|move: Leech Seed
|
|-damage|p2a: Latios|160\/301|[from] Leech Seed|[of] p1a: Venusaur
|-heal|p1a: Venusaur|219\/364 brn|[silent]
|-damage|p1a: Venusaur|174\/364 brn|[from] brn
|turn|10
|
|switch|p2a: Kyurem-Black|Kyurem-Black, shiny|391\/391
|-damage|p2a: Kyurem-Black|294\/391|[from] Stealth Rock
|-ability|p2a: Kyurem-Black|Teravolt
|switch|p1a: Chansey|Chansey, F|704\/704
|-damage|p1a: Chansey|616\/704|[from] Stealth Rock
|
|turn|11
|
|move|p2a: Kyurem-Black|Outrage|p1a: Chansey
|-damage|p1a: Chansey|19\/704
|move|p1a: Chansey|Thunder Wave|p2a: Kyurem-Black
|-status|p2a: Kyurem-Black|par
|
|turn|12
|
|switch|p1a: Azumarill|Azumarill, M|404\/404
|-damage|p1a: Azumarill|354\/404|[from] Stealth Rock
|move|p2a: Kyurem-Black|Outrage|p1a: Azumarill
|-immune|p1a: Azumarill|[msg]
|
|-end|p2a: Kyurem-Black|rampage
|-start|p2a: Kyurem-Black|confusion
|turn|13
|
|switch|p2a: Heatran|Heatran, F|153\/383
|-damage|p2a: Heatran|106\/383|[from] Stealth Rock
|move|p1a: Azumarill|Play Rough|p2a: Heatran
|-resisted|p2a: Heatran
|-damage|p2a: Heatran|39\/383
|
|-heal|p2a: Heatran|62\/383|[from] item: Leftovers
|turn|14
|
|switch|p1a: Venusaur|Venusaur-Mega, F|174\/364 brn
|-damage|p1a: Venusaur|129\/364 brn|[from] Stealth Rock
|move|p2a: Heatran|Toxic|p1a: Venusaur|[miss]
|-miss|p2a: Heatran|p1a: Venusaur
|
|-heal|p2a: Heatran|85\/383|[from] item: Leftovers
|-damage|p1a: Venusaur|84\/364 brn|[from] brn
|turn|15
|
|switch|p2a: Latios|Latios, M|160\/301
|-damage|p2a: Latios|123\/301|[from] Stealth Rock
|move|p1a: Venusaur|Synthesis|p1a: Venusaur
|-heal|p1a: Venusaur|266\/364 brn
|
|-damage|p1a: Venusaur|221\/364 brn|[from] brn
|turn|16
|
|switch|p1a: Chansey|Chansey, F|19\/704
|-damage|p1a: Chansey|0 fnt|[from] Stealth Rock
|faint|p1a: Chansey
|move|p2a: Latios|Psyshock|p1: Chansey|[notarget]
|-notarget
|
|
|switch|p1a: Garchomp|Garchomp, M|295\/358
|-damage|p1a: Garchomp|273\/358|[from] Stealth Rock
|turn|17
|
|switch|p2a: Heatran|Heatran, F|85\/383
|-damage|p2a: Heatran|38\/383|[from] Stealth Rock
|move|p1a: Garchomp|Iron Head|p2a: Heatran
|-resisted|p2a: Heatran
|-damage|p2a: Heatran|16\/383
|
|-heal|p2a: Heatran|39\/383|[from] item: Leftovers
|turn|18
|
|switch|p1a: Azumarill|Azumarill, M|354\/404
|-damage|p1a: Azumarill|304\/404|[from] Stealth Rock
|switch|p2a: Latios|Latios, M|123\/301
|-damage|p2a: Latios|86\/301|[from] Stealth Rock
|
|turn|19
|
|switch|p1a: Garchomp|Garchomp, M|273\/358
|-damage|p1a: Garchomp|251\/358|[from] Stealth Rock
|move|p2a: Latios|Psyshock|p1a: Garchomp
|-damage|p1a: Garchomp|44\/358
|-damage|p2a: Latios|56\/301|[from] item: Life Orb
|
|turn|20
|
|switch|p2a: Heatran|Heatran, F|39\/383
|-damage|p2a: Heatran|0 fnt|[from] Stealth Rock
|faint|p2a: Heatran
|move|p1a: Garchomp|Iron Head|p2: Heatran|[notarget]
|-notarget
|
|
|switch|p2a: Keldeo|Keldeo|323\/323
|-damage|p2a: Keldeo|303\/323|[from] Stealth Rock
|turn|21
|
|switch|p1a: Heatran|Heatran, F|386\/386
|-damage|p1a: Heatran|338\/386|[from] Stealth Rock
|-item|p1a: Heatran|Air Balloon
|switch|p2a: Kyurem-Black|Kyurem-Black, shiny|294\/391 par
|-damage|p2a: Kyurem-Black|197\/391 par|[from] Stealth Rock
|-ability|p2a: Kyurem-Black|Teravolt
|
|turn|22
|
|move|p1a: Heatran|Protect|p1a: Heatran
|-singleturn|p1a: Heatran|Protect
|cant|p2a: Kyurem-Black|par
|
|turn|23
|
|move|p1a: Heatran|Flash Cannon|p2a: Kyurem-Black
|-supereffective|p2a: Kyurem-Black
|-damage|p2a: Kyurem-Black|0 fnt
|faint|p2a: Kyurem-Black
|
|
|switch|p2a: Keldeo|Keldeo|303\/323
|-damage|p2a: Keldeo|283\/323|[from] Stealth Rock
|turn|24
|
|move|p1a: Heatran|Protect|p1a: Heatran
|-singleturn|p1a: Heatran|Protect
|move|p2a: Keldeo|Hydro Pump|p1a: Heatran
|-activate|p1a: Heatran|Protect
|
|turn|25
|
|switch|p1a: Venusaur|Venusaur-Mega, F|221\/364 brn
|-damage|p1a: Venusaur|176\/364 brn|[from] Stealth Rock
|move|p2a: Keldeo|Hydro Pump|p1a: Venusaur
|-resisted|p1a: Venusaur
|-damage|p1a: Venusaur|74\/364 brn
|
|-damage|p1a: Venusaur|29\/364 brn|[from] brn
|turn|26
|
|move|p2a: Keldeo|Hydro Pump|p1a: Venusaur
|-resisted|p1a: Venusaur
|-damage|p1a: Venusaur|0 fnt
|faint|p1a: Venusaur
|
|
|switch|p1a: Garchomp|Garchomp, M|44\/358
|-damage|p1a: Garchomp|22\/358|[from] Stealth Rock
|turn|27
|
|move|p1a: Garchomp|Outrage|p2a: Keldeo
|-damage|p2a: Keldeo|63\/323
|move|p2a: Keldeo|Hydro Pump|p1a: Garchomp|[miss]
|-miss|p2a: Keldeo|p1a: Garchomp
|
|turn|28
|
|switch|p2a: Clefable|Clefable, M|394\/394
|-damage|p2a: Clefable|345\/394|[from] Stealth Rock
|move|p1a: Garchomp|Outrage|p2a: Clefable
|-immune|p2a: Clefable|[msg]
|
|-end|p1a: Garchomp|rampage
|-start|p1a: Garchomp|confusion
|-heal|p2a: Clefable|369\/394|[from] item: Leftovers
|turn|29
|
|switch|p1a: Heatran|Heatran, F|338\/386
|-damage|p1a: Heatran|290\/386|[from] Stealth Rock
|-item|p1a: Heatran|Air Balloon
|move|p2a: Clefable|Moonblast|p1a: Heatran
|-resisted|p1a: Heatran
|-damage|p1a: Heatran|273\/386
|-enditem|p1a: Heatran|Air Balloon
|
|-heal|p2a: Clefable|393\/394|[from] item: Leftovers
|turn|30
|
|switch|p2a: Latios|Latios, M|56\/301
|-damage|p2a: Latios|19\/301|[from] Stealth Rock
|move|p1a: Heatran|Toxic|p2a: Latios
|-status|p2a: Latios|tox
|
|-damage|p2a: Latios|1\/301 tox|[from] psn
|turn|31
|
|switch|p2a: Keldeo|Keldeo|63\/323
|-damage|p2a: Keldeo|43\/323|[from] Stealth Rock
|move|p1a: Heatran|Protect|p1a: Heatran
|-fail|p1a: Heatran
|
|turn|32
|
|move|p1a: Heatran|Protect|p1a: Heatran
|-singleturn|p1a: Heatran|Protect
|move|p2a: Keldeo|Scald|p1a: Heatran
|-activate|p1a: Heatran|Protect
|
|turn|33
|
|switch|p1a: Azumarill|Azumarill, M|304\/404
|-damage|p1a: Azumarill|254\/404|[from] Stealth Rock
|move|p2a: Keldeo|Scald|p1a: Azumarill
|-resisted|p1a: Azumarill
|-damage|p1a: Azumarill|134\/404
|-status|p1a: Azumarill|brn
|
|-damage|p1a: Azumarill|84\/404 brn|[from] brn
|turn|34
|
|switch|p2a: Latios|Latios, M|1\/301 tox
|-damage|p2a: Latios|0 fnt|[from] Stealth Rock
|faint|p2a: Latios
|move|p1a: Azumarill|Aqua Jet|p2: Latios|[notarget]
|-notarget
|
|-damage|p1a: Azumarill|34\/404 brn|[from] brn
|
|switch|p2a: Clefable|Clefable, M|393\/394
|-damage|p2a: Clefable|344\/394|[from] Stealth Rock
|turn|35
|
|switch|p1a: Heatran|Heatran, F|273\/386
|-damage|p1a: Heatran|225\/386|[from] Stealth Rock
|move|p2a: Clefable|Moonblast|p1a: Heatran
|-resisted|p1a: Heatran
|-damage|p1a: Heatran|208\/386
|-unboost|p1a: Heatran|spa|1
|
|-heal|p2a: Clefable|368\/394|[from] item: Leftovers
|turn|36
|
|switch|p2a: Keldeo|Keldeo|43\/323
|-damage|p2a: Keldeo|23\/323|[from] Stealth Rock
|move|p1a: Heatran|Toxic|p2a: Keldeo
|-status|p2a: Keldeo|tox
|
|-damage|p2a: Keldeo|3\/323 tox|[from] psn
|turn|37
|
|move|p1a: Heatran|Protect|p1a: Heatran
|-singleturn|p1a: Heatran|Protect
|move|p2a: Keldeo|Scald|p1a: Heatran
|-activate|p1a: Heatran|Protect
|
|-damage|p2a: Keldeo|0 fnt|[from] psn
|faint|p2a: Keldeo
|
|switch|p2a: Aerodactyl|Aerodactyl, M|301\/301
|-damage|p2a: Aerodactyl|226\/301|[from] Stealth Rock
|-ability|p2a: Aerodactyl|Pressure
|turn|38
|
|switch|p1a: Azumarill|Azumarill, M|34\/404 brn
|-damage|p1a: Azumarill|0 fnt|[from] Stealth Rock
|faint|p1a: Azumarill
|detailschange|p2a: Aerodactyl|Aerodactyl-Mega, M
|message|Aerodactyl has Mega Evolved into Mega Aerodactyl!
|move|p2a: Aerodactyl|Earthquake|p1: Azumarill|[notarget]
|-notarget
|
|
|switch|p1a: Garchomp|Garchomp, M|22\/358
|-damage|p1a: Garchomp|0 fnt|[from] Stealth Rock
|faint|p1a: Garchomp
|-message|testishaan forfeited.
|
|win|ZephyrBurst
|raw|Ladder updating...
|leave|testishaan
|player|p1
|raw|testishaan's rating: 1548 &rarr; <strong>1531<\/strong><br \/>(-17 for losing)
|raw|ZephyrBurst's rating: 1598 &rarr; <strong>1615<\/strong><br \/>(+17 for winning)