|join|LiiQuid Snake
|join|ZephyrBurst
|player|p1|LiiQuid Snake|80
|player|p2|ZephyrBurst|102
|gametype|singles
|gen|6
|tier|OU
|rated
|clearpoke
|poke|p1|Thundurus-Therian, M
|poke|p1|Azumarill, M
|poke|p1|Scizor, M
|poke|p1|Latias, F
|poke|p1|Heatran, M
|poke|p1|Landorus-Therian, M
|poke|p2|Bisharp, M
|poke|p2|Garchomp, M
|poke|p2|Starmie
|poke|p2|Greninja, F
|poke|p2|Sylveon, M
|poke|p2|Manectric, M
|rule|Swagger Clause: Swagger is banned
|rule|Baton Pass Clause: Limit one PokÃ©mon knowing Baton Pass
|rule|Sleep Clause Mod: Limit one foe put to sleep
|rule|Species Clause: Limit one of each PokÃ©mon
|rule|OHKO Clause: OHKO moves are banned
|rule|Moody Clause: Moody is banned
|rule|Evasion Moves Clause: Evasion moves are banned
|rule|Endless Battle Clause: Forcing endless battles is banned
|rule|HP Percentage Mod: HP is shown in percentages
|teampreview
|
|start
|switch|p1a: Landorus-Therian|Landorus-Therian, M|320\/320
|switch|p2a: Garchomp|Garchomp, M|420\/420
|-ability|p1a: Landorus-Therian|Intimidate|[of] p2a: Garchomp
|-unboost|p2a: Garchomp|atk|1
|turn|1
|
|move|p1a: Landorus-Therian|Knock Off|p2a: Garchomp
|-damage|p2a: Garchomp|331\/420
|-damage|p1a: Landorus-Therian|280\/320|[from] ability: Rough Skin|[of] p2a: Garchomp
|-damage|p1a: Landorus-Therian|227\/320|[from] item: Rocky Helmet|[of] p2a: Garchomp
|-enditem|p2a: Garchomp|Rocky Helmet|[from] move: Knock Off|[of] p1a: Landorus-Therian
|move|p2a: Garchomp|Stealth Rock|p1a: Landorus-Therian
|-sidestart|p1: LiiQuid Snake|move: Stealth Rock
|
|turn|2
|
|switch|p1a: Latias|Latias, F|319\/319
|-damage|p1a: Latias|280\/319|[from] Stealth Rock
|move|p2a: Garchomp|Dragon Tail|p1a: Latias
|-supereffective|p1a: Latias
|-damage|p1a: Latias|152\/319
|drag|p1a: Azumarill|Azumarill, M|404\/404
|-damage|p1a: Azumarill|354\/404|[from] Stealth Rock
|
|turn|3
|
|switch|p2a: Starmie|Starmie|323\/323
|move|p1a: Azumarill|Play Rough|p2a: Starmie
|-damage|p2a: Starmie|0 fnt
|faint|p2a: Starmie
|
|
|switch|p2a: Manectric|Manectric, M|281\/281
|turn|4
|
|switch|p1a: Heatran|Heatran, M|323\/323
|-damage|p1a: Heatran|283\/323|[from] Stealth Rock
|detailschange|p2a: Manectric|Manectric-Mega, M
|message|Manectric has Mega Evolved into Mega Manectric!
|-ability|p2a: Manectric|Intimidate|[of] p1a: Heatran
|-unboost|p1a: Heatran|atk|1
|move|p2a: Manectric|Hidden Power|p1a: Heatran
|-resisted|p1a: Heatran
|-damage|p1a: Heatran|267\/323
|
|turn|5
|
|move|p1a: Heatran|Earth Power|p2a: Manectric
|-supereffective|p2a: Manectric
|-damage|p2a: Manectric|21\/281
|move|p2a: Manectric|Volt Switch|p1a: Heatran
|-damage|p1a: Heatran|140\/323
|
|switch|p2a: Garchomp|Garchomp, M|331\/420
|
|turn|6
|
|move|p1a: Heatran|Earth Power|p2a: Garchomp
|-damage|p2a: Garchomp|213\/420
|move|p2a: Garchomp|Dragon Tail|p1a: Heatran
|-resisted|p1a: Heatran
|-damage|p1a: Heatran|101\/323
|drag|p1a: Azumarill|Azumarill, M|354\/404
|-damage|p1a: Azumarill|304\/404|[from] Stealth Rock
|
|turn|7
|-message|ZephyrBurst forfeited.
|
|win|LiiQuid Snake
|raw|Ladder updating...
|leave|ZephyrBurst
|player|p2