|join|ZephyrBurst
|join|LooneyManess
|player|p1|ZephyrBurst|102
|player|p2|LooneyManess|3
|gametype|singles
|gen|6
|tier|OU
|rated
|clearpoke
|poke|p1|Bisharp, M
|poke|p1|Garchomp, F
|poke|p1|Starmie
|poke|p1|Greninja, M
|poke|p1|Sylveon, F
|poke|p1|Manectric, F
|poke|p2|Charizard, M
|poke|p2|Smeargle, F
|poke|p2|Sigilyph, F
|poke|p2|Bisharp, F
|poke|p2|Gengar, M
|poke|p2|Keldeo-Resolute
|rule|Swagger Clause: Swagger is banned
|rule|Baton Pass Clause: Limit one PokÃ©mon knowing Baton Pass
|rule|Sleep Clause Mod: Limit one foe put to sleep
|rule|Species Clause: Limit one of each PokÃ©mon
|rule|OHKO Clause: OHKO moves are banned
|rule|Moody Clause: Moody is banned
|rule|Evasion Moves Clause: Evasion moves are banned
|rule|Endless Battle Clause: Forcing endless battles is banned
|rule|HP Percentage Mod: HP is shown in percentages
|teampreview
|
|start
|switch|p1a: Garchomp|Garchomp, F|420\/420
|switch|p2a: Smeargle|Smeargle, F|314\/314
|turn|1
|
|move|p2a: Smeargle|Shell Smash|p2a: Smeargle
|-boost|p2a: Smeargle|atk|2
|-boost|p2a: Smeargle|spa|2
|-boost|p2a: Smeargle|spe|2
|-unboost|p2a: Smeargle|def|1
|-unboost|p2a: Smeargle|spd|1
|move|p1a: Garchomp|Dragon Tail|p2a: Smeargle
|-damage|p2a: Smeargle|31\/314
|drag|p2a: Bisharp|Bisharp, F|272\/272
|
|turn|2
|c|âLooneyManess|wowowow
|c|âLooneyManess|never seen that
|c|âLooneyManess|like ever
|
|move|p1a: Garchomp|Earthquake|p2a: Bisharp
|-supereffective|p2a: Bisharp
|-damage|p2a: Bisharp|0 fnt
|faint|p2a: Bisharp
|
|
|switch|p2a: Sigilyph|Sigilyph, F|348\/348
|turn|3
|
|move|p2a: Sigilyph|Cosmic Power|p2a: Sigilyph
|-boost|p2a: Sigilyph|def|1
|-boost|p2a: Sigilyph|spd|1
|move|p1a: Garchomp|Dragon Tail|p2a: Sigilyph
|-damage|p2a: Sigilyph|279\/348
|drag|p2a: Gengar|Gengar, M|262\/262
|
|turn|4
|
|switch|p1a: Bisharp|Bisharp, M|271\/271
|move|p2a: Gengar|Dazzling Gleam|p1a: Bisharp
|-damage|p1a: Bisharp|121\/271
|
|turn|5
|
|switch|p2a: Smeargle|Smeargle, F|31\/314
|move|p1a: Bisharp|Sucker Punch|p2a: Smeargle
|-fail|p2a: Smeargle
|
|turn|6
|
|move|p2a: Smeargle|Spore|p1a: Bisharp
|-status|p1a: Bisharp|slp
|cant|p1a: Bisharp|slp
|
|turn|7
|
|switch|p1a: Manectric|Manectric, F|281\/281
|move|p2a: Smeargle|Shell Smash|p2a: Smeargle
|-boost|p2a: Smeargle|atk|2
|-boost|p2a: Smeargle|spa|2
|-boost|p2a: Smeargle|spe|2
|-unboost|p2a: Smeargle|def|1
|-unboost|p2a: Smeargle|spd|1
|
|turn|8
|
|detailschange|p1a: Manectric|Manectric-Mega, F
|message|Manectric has Mega Evolved into Mega Manectric!
|-ability|p1a: Manectric|Intimidate|[of] p2a: Smeargle
|-unboost|p2a: Smeargle|atk|1
|move|p2a: Smeargle|Baton Pass|p2a: Smeargle
|
|switch|p2a: Keldeo-Resolute|Keldeo-Resolute|324\/324
|move|p1a: Manectric|Thunderbolt|p2a: Keldeo-Resolute
|-supereffective|p2a: Keldeo-Resolute
|-damage|p2a: Keldeo-Resolute|0 fnt
|faint|p2a: Keldeo-Resolute
|
|c|âLooneyManess|fucking
|-message|LooneyManess forfeited.
|
|win|ZephyrBurst
|raw|Ladder updating...
|leave|LooneyManess
|player|p2
|raw|ZephyrBurst's rating: 1596 &rarr; <strong>1608<\/strong><br \/>(+12 for winning)
|raw|LooneyManess's rating: 1445 &rarr; <strong>1434<\/strong><br \/>(-11 for losing)