|join|ZephyrBurst
|join|Nego ban
|player|p1|ZephyrBurst|102
|player|p2|Nego ban|143
|gametype|singles
|gen|6
|tier|OU
|rated
|clearpoke
|poke|p1|Bisharp, M
|poke|p1|Garchomp, F
|poke|p1|Starmie
|poke|p1|Greninja, F
|poke|p1|Sylveon, M
|poke|p1|Manectric, M
|poke|p2|Pinsir, F
|poke|p2|Kyurem-Black, shiny
|poke|p2|Clefable, M, shiny
|poke|p2|Tyranitar, M
|poke|p2|Excadrill, M
|poke|p2|Keldeo
|rule|Swagger Clause: Swagger is banned
|rule|Baton Pass Clause: Limit one PokÃ©mon knowing Baton Pass
|rule|Sleep Clause Mod: Limit one foe put to sleep
|rule|Species Clause: Limit one of each PokÃ©mon
|rule|OHKO Clause: OHKO moves are banned
|rule|Moody Clause: Moody is banned
|rule|Evasion Moves Clause: Evasion moves are banned
|rule|Endless Battle Clause: Forcing endless battles is banned
|rule|HP Percentage Mod: HP is shown in percentages
|teampreview
|
|start
|switch|p1a: Greninja|Greninja, F|286\/286
|switch|p2a: Tyranitar|Tyranitar, M|404\/404
|-weather|Sandstorm
|turn|1
|
|switch|p2a: Clefable|Clefable, M, shiny|394\/394
|move|p1a: Greninja|Hydro Pump|p2a: Clefable
|-start|p1a: Greninja|typechange|Water|[from] Protean
|-damage|p2a: Clefable|152\/394
|-damage|p1a: Greninja|258\/286|[from] item: Life Orb
|
|-weather|Sandstorm|[upkeep]
|-damage|p1a: Greninja|241\/286|[from] sandstorm
|-heal|p2a: Clefable|176\/394|[from] item: Leftovers
|turn|2
|
|move|p1a: Greninja|Ice Beam|p2a: Clefable
|-start|p1a: Greninja|typechange|Ice|[from] Protean
|-damage|p2a: Clefable|0 fnt
|-damage|p1a: Greninja|213\/286|[from] item: Life Orb
|faint|p2a: Clefable
|
|-weather|Sandstorm|[upkeep]
|-damage|p1a: Greninja|196\/286|[from] sandstorm
|
|switch|p2a: Excadrill|Excadrill, M|362\/362
|turn|3
|
|switch|p1a: Garchomp|Garchomp, F|420\/420
|move|p2a: Excadrill|Earthquake|p1a: Garchomp
|-damage|p1a: Garchomp|237\/420
|-damage|p2a: Excadrill|326\/362|[from] item: Life Orb
|
|-weather|Sandstorm|[upkeep]
|turn|4
|
|switch|p2a: Keldeo|Keldeo|323\/323
|move|p1a: Garchomp|Earthquake|p2a: Keldeo
|-damage|p2a: Keldeo|163\/323
|
|-weather|Sandstorm|[upkeep]
|-damage|p2a: Keldeo|143\/323|[from] sandstorm
|turn|5
|
|switch|p1a: Sylveon|Sylveon, M|394\/394
|move|p2a: Keldeo|Hydro Pump|p1a: Sylveon|[miss]
|-miss|p2a: Keldeo|p1a: Sylveon
|
|-weather|Sandstorm|[upkeep]
|-damage|p2a: Keldeo|123\/323|[from] sandstorm
|-damage|p1a: Sylveon|370\/394|[from] sandstorm
|-heal|p1a: Sylveon|394\/394|[from] item: Leftovers
|turn|6
|
|switch|p2a: Excadrill|Excadrill, M|326\/362
|move|p1a: Sylveon|Wish|p1a: Sylveon
|
|-weather|Sandstorm|[upkeep]
|-damage|p1a: Sylveon|370\/394|[from] sandstorm
|-heal|p1a: Sylveon|394\/394|[from] item: Leftovers
|turn|7
|
|switch|p1a: Garchomp|Garchomp, F|237\/420
|move|p2a: Excadrill|Iron Head|p1a: Garchomp
|-damage|p1a: Garchomp|68\/420
|-damage|p2a: Excadrill|281\/362|[from] ability: Rough Skin|[of] p1a: Garchomp
|-damage|p2a: Excadrill|221\/362|[from] item: Rocky Helmet|[of] p1a: Garchomp
|-damage|p2a: Excadrill|185\/362|[from] item: Life Orb
|
|-weather|Sandstorm|[upkeep]
|-heal|p1a: Garchomp|265\/420|[from] move: Wish|[wisher] Sylveon
|turn|8
|
|move|p2a: Excadrill|Earthquake|p1a: Garchomp
|-damage|p1a: Garchomp|84\/420
|-damage|p2a: Excadrill|149\/362|[from] item: Life Orb
|move|p1a: Garchomp|Earthquake|p2a: Excadrill
|-supereffective|p2a: Excadrill
|-damage|p2a: Excadrill|0 fnt
|faint|p2a: Excadrill
|
|-weather|none
|
|switch|p2a: Keldeo|Keldeo|123\/323
|turn|9
|
|switch|p1a: Sylveon|Sylveon, M|394\/394
|move|p2a: Keldeo|Hydro Pump|p1a: Sylveon
|-damage|p1a: Sylveon|186\/394
|
|-heal|p1a: Sylveon|210\/394|[from] item: Leftovers
|turn|10
|
|switch|p2a: Pinsir|Pinsir, F|271\/271
|move|p1a: Sylveon|Protect|p1a: Sylveon
|-fail|p1a: Sylveon
|
|-heal|p1a: Sylveon|234\/394|[from] item: Leftovers
|turn|11
|
|switch|p1a: Garchomp|Garchomp, F|84\/420
|detailschange|p2a: Pinsir|Pinsir-Mega, F
|message|Pinsir has Mega Evolved into Mega Pinsir!
|move|p2a: Pinsir|Swords Dance|p2a: Pinsir
|-boost|p2a: Pinsir|atk|2
|
|turn|12
|
|move|p2a: Pinsir|Earthquake|p1a: Garchomp
|-damage|p1a: Garchomp|0 fnt
|faint|p1a: Garchomp
|
|
|switch|p1a: Starmie|Starmie|323\/323
|turn|13
|
|move|p1a: Starmie|Scald|p2a: Pinsir
|-damage|p2a: Pinsir|168\/271
|move|p2a: Pinsir|Frustration|p1a: Starmie
|-damage|p1a: Starmie|0 fnt
|faint|p1a: Starmie
|
|
|switch|p1a: Manectric|Manectric, M|281\/281
|turn|14
|
|detailschange|p1a: Manectric|Manectric-Mega, M
|message|Manectric has Mega Evolved into Mega Manectric!
|-ability|p1a: Manectric|Intimidate|[of] p2a: Pinsir
|-unboost|p2a: Pinsir|atk|1
|move|p2a: Pinsir|Earthquake|p1a: Manectric
|-crit|p1a: Manectric
|-supereffective|p1a: Manectric
|-damage|p1a: Manectric|0 fnt
|faint|p1a: Manectric
|
|
|switch|p1a: Bisharp|Bisharp, M|271\/271
|turn|15
|
|move|p2a: Pinsir|Quick Attack|p1a: Bisharp
|-resisted|p1a: Bisharp
|-damage|p1a: Bisharp|187\/271
|move|p1a: Bisharp|Sucker Punch|p2a: Pinsir
|-fail|p2a: Pinsir
|
|turn|16
|
|move|p1a: Bisharp|Sucker Punch|p2a: Pinsir
|-damage|p2a: Pinsir|8\/271
|-damage|p1a: Bisharp|160\/271|[from] item: Life Orb
|move|p2a: Pinsir|Earthquake|p1a: Bisharp
|-supereffective|p1a: Bisharp
|-damage|p1a: Bisharp|0 fnt
|faint|p1a: Bisharp
|
|c|âZephyrBurst|gg
|-message|ZephyrBurst forfeited.
|
|win|Nego ban
|raw|Ladder updating...
|leave|ZephyrBurst
|player|p1
|c|âNego ban|gg
|raw|Ladder (probably) updated, but score could not be retrieved (timeout).
|raw|Ladder (probably) updated, but score could not be retrieved (Error: socket hang up).