|join|ZephyrBurst
|join|radianthero156
|player|p1|ZephyrBurst|102
|player|p2|radianthero156|289
|gametype|singles
|gen|6
|tier|OU
|rated
|clearpoke
|poke|p1|Bisharp, M
|poke|p1|Garchomp, M
|poke|p1|Starmie
|poke|p1|Greninja, M
|poke|p1|Togekiss, M
|poke|p1|Manectric, M
|poke|p2|Lopunny, F, shiny
|poke|p2|Dragonite, F
|poke|p2|Clefable, M
|poke|p2|Terrakion
|poke|p2|Rotom-Wash
|poke|p2|Excadrill, F
|rule|Swagger Clause: Swagger is banned
|rule|Baton Pass Clause: Limit one PokÃ©mon knowing Baton Pass
|rule|Sleep Clause Mod: Limit one foe put to sleep
|rule|Species Clause: Limit one of each PokÃ©mon
|rule|OHKO Clause: OHKO moves are banned
|rule|Moody Clause: Moody is banned
|rule|Evasion Moves Clause: Evasion moves are banned
|rule|Endless Battle Clause: Forcing endless battles is banned
|rule|HP Percentage Mod: HP is shown in percentages
|teampreview
|
|start
|switch|p1a: Garchomp|Garchomp, M|420\/420
|switch|p2a: Terrakion|Terrakion|323\/323
|turn|1
|
|move|p2a: Terrakion|Stealth Rock|p1a: Garchomp
|-sidestart|p1: ZephyrBurst|move: Stealth Rock
|move|p1a: Garchomp|Stealth Rock|p2a: Terrakion
|-sidestart|p2: radianthero156|move: Stealth Rock
|
|turn|2
|
|move|p2a: Terrakion|Stone Edge|p1a: Garchomp
|-resisted|p1a: Garchomp
|-damage|p1a: Garchomp|350\/420
|move|p1a: Garchomp|Earthquake|p2a: Terrakion
|-supereffective|p2a: Terrakion
|-enditem|p2a: Terrakion|Focus Sash
|-damage|p2a: Terrakion|1\/323
|
|turn|3
|
|move|p2a: Terrakion|Close Combat|p1a: Garchomp
|-damage|p1a: Garchomp|196\/420
|-damage|p2a: Terrakion|0 fnt|[from] ability: Rough Skin|[of] p1a: Garchomp
|faint|p2a: Terrakion
|move|p1a: Garchomp|Dragon Tail|p2: Terrakion|[notarget]
|-notarget
|
|
|switch|p2a: Lopunny|Lopunny, F, shiny|277\/277
|-damage|p2a: Lopunny|243\/277|[from] Stealth Rock
|turn|4
|
|detailschange|p2a: Lopunny|Lopunny-Mega, F, shiny
|message|Lopunny has Mega Evolved into Mega Lopunny!
|move|p2a: Lopunny|Ice Punch|p1a: Garchomp
|-crit|p1a: Garchomp
|-supereffective|p1a: Garchomp
|-damage|p1a: Garchomp|0 fnt
|-damage|p2a: Lopunny|209\/277|[from] ability: Rough Skin|[of] p1a: Garchomp
|-damage|p2a: Lopunny|163\/277|[from] item: Rocky Helmet|[of] p1a: Garchomp
|faint|p1a: Garchomp
|
|
|switch|p1a: Togekiss|Togekiss, M|374\/374
|-damage|p1a: Togekiss|281\/374|[from] Stealth Rock
|turn|5
|
|switch|p2a: Rotom-Wash|Rotom-Wash|301\/301
|-damage|p2a: Rotom-Wash|264\/301|[from] Stealth Rock
|move|p1a: Togekiss|Dazzling Gleam|p2a: Rotom-Wash
|-damage|p2a: Rotom-Wash|165\/301
|
|-heal|p2a: Rotom-Wash|183\/301|[from] item: Leftovers
|-heal|p1a: Togekiss|304\/374|[from] item: Leftovers
|turn|6
|
|switch|p1a: Manectric|Manectric, M|281\/281
|-damage|p1a: Manectric|246\/281|[from] Stealth Rock
|move|p2a: Rotom-Wash|Pain Split|p1a: Manectric
|-sethp|p1a: Manectric|214\/281|p2a: Rotom-Wash|214\/301|[from] move: Pain Split
|
|-heal|p2a: Rotom-Wash|232\/301|[from] item: Leftovers
|turn|7
|
|switch|p2a: Excadrill|Excadrill, F|361\/361
|-damage|p2a: Excadrill|350\/361|[from] Stealth Rock
|-ability|p2a: Excadrill|Mold Breaker
|detailschange|p1a: Manectric|Manectric-Mega, M
|message|Manectric has Mega Evolved into Mega Manectric!
|-ability|p1a: Manectric|Intimidate|[of] p2a: Excadrill
|-unboost|p2a: Excadrill|atk|1
|move|p1a: Manectric|Volt Switch|p2a: Excadrill
|-immune|p2a: Excadrill|[msg]
|
|turn|8
|
|switch|p1a: Starmie|Starmie|323\/323
|-damage|p1a: Starmie|283\/323|[from] Stealth Rock
|move|p2a: Excadrill|Earthquake|p1a: Starmie
|-damage|p1a: Starmie|138\/323
|
|-heal|p1a: Starmie|158\/323|[from] item: Leftovers
|turn|9
|
|switch|p2a: Rotom-Wash|Rotom-Wash|232\/301
|-damage|p2a: Rotom-Wash|195\/301|[from] Stealth Rock
|move|p1a: Starmie|Recover|p1a: Starmie
|-heal|p1a: Starmie|320\/323
|
|-heal|p1a: Starmie|323\/323|[from] item: Leftovers
|-heal|p2a: Rotom-Wash|213\/301|[from] item: Leftovers
|turn|10
|
|move|p1a: Starmie|Rapid Spin|p2a: Rotom-Wash
|-damage|p2a: Rotom-Wash|204\/301
|-sideend|p1: ZephyrBurst|Stealth Rock|[from] move: Rapid Spin|[of] p1a: Starmie
|move|p2a: Rotom-Wash|Volt Switch|p1a: Starmie
|-supereffective|p1a: Starmie
|-damage|p1a: Starmie|141\/323
|
|switch|p2a: Lopunny|Lopunny-Mega, F, shiny|163\/277
|-damage|p2a: Lopunny|146\/277|[from] Stealth Rock
|
|-heal|p1a: Starmie|161\/323|[from] item: Leftovers
|turn|11
|
|switch|p1a: Manectric|Manectric-Mega, M|214\/281
|-ability|p1a: Manectric|Intimidate|[of] p2a: Lopunny
|-unboost|p2a: Lopunny|atk|1
|move|p2a: Lopunny|Return|p1a: Manectric
|-damage|p1a: Manectric|66\/281
|
|turn|12
|
|switch|p2a: Excadrill|Excadrill, F|350\/361
|-damage|p2a: Excadrill|339\/361|[from] Stealth Rock
|-ability|p2a: Excadrill|Mold Breaker
|move|p1a: Manectric|Overheat|p2a: Excadrill
|-supereffective|p2a: Excadrill
|-damage|p2a: Excadrill|0 fnt
|-unboost|p1a: Manectric|spa|2
|faint|p2a: Excadrill
|
|
|switch|p2a: Clefable|Clefable, M|391\/391
|turn|13
|
|move|p1a: Manectric|Volt Switch|p2a: Clefable
|-damage|p2a: Clefable|316\/391
|
|switch|p1a: Togekiss|Togekiss, M|304\/374
|move|p2a: Clefable|Moonblast|p1a: Togekiss
|-damage|p1a: Togekiss|237\/374
|
|-heal|p1a: Togekiss|260\/374|[from] item: Leftovers
|-heal|p2a: Clefable|340\/391|[from] item: Leftovers
|turn|14
|
|switch|p2a: Rotom-Wash|Rotom-Wash|204\/301
|-damage|p2a: Rotom-Wash|167\/301|[from] Stealth Rock
|move|p1a: Togekiss|Wish|p1a: Togekiss
|
|-heal|p2a: Rotom-Wash|185\/301|[from] item: Leftovers
|-heal|p1a: Togekiss|283\/374|[from] item: Leftovers
|turn|15
|
|move|p2a: Rotom-Wash|Hydro Pump|p1a: Togekiss
|-damage|p1a: Togekiss|198\/374
|move|p1a: Togekiss|Dazzling Gleam|p2a: Rotom-Wash
|-damage|p2a: Rotom-Wash|89\/301
|
|-heal|p1a: Togekiss|374\/374|[from] move: Wish|[wisher] Togekiss
|-heal|p2a: Rotom-Wash|107\/301|[from] item: Leftovers
|turn|16
|
|switch|p1a: Manectric|Manectric-Mega, M|66\/281
|-ability|p1a: Manectric|Intimidate|[of] p2a: Rotom-Wash
|-unboost|p2a: Rotom-Wash|atk|1
|move|p2a: Rotom-Wash|Hydro Pump|p1a: Manectric
|-damage|p1a: Manectric|0 fnt
|faint|p1a: Manectric
|
|-heal|p2a: Rotom-Wash|125\/301|[from] item: Leftovers
|
|switch|p1a: Bisharp|Bisharp, M|271\/271
|turn|17
|
|switch|p2a: Clefable|Clefable, M|340\/391
|move|p1a: Bisharp|Knock Off|p2a: Clefable
|-resisted|p2a: Clefable
|-damage|p2a: Clefable|235\/391
|-enditem|p2a: Clefable|Leftovers|[from] move: Knock Off|[of] p1a: Bisharp
|-damage|p1a: Bisharp|244\/271|[from] item: Life Orb
|
|turn|18
|
|move|p1a: Bisharp|Iron Head|p2a: Clefable
|-supereffective|p2a: Clefable
|-damage|p2a: Clefable|0 fnt
|-damage|p1a: Bisharp|217\/271|[from] item: Life Orb
|faint|p2a: Clefable
|
|
|switch|p2a: Lopunny|Lopunny-Mega, F, shiny|146\/277
|-damage|p2a: Lopunny|129\/277|[from] Stealth Rock
|turn|19
|
|switch|p1a: Starmie|Starmie|161\/323
|move|p2a: Lopunny|Power-Up Punch|p1a: Starmie
|-resisted|p1a: Starmie
|-damage|p1a: Starmie|122\/323
|-boost|p2a: Lopunny|atk|1
|
|-heal|p1a: Starmie|142\/323|[from] item: Leftovers
|turn|20
|
|move|p2a: Lopunny|Return|p1a: Starmie
|-damage|p1a: Starmie|0 fnt
|faint|p1a: Starmie
|
|
|switch|p1a: Togekiss|Togekiss, M|374\/374
|turn|21
|
|move|p2a: Lopunny|Ice Punch|p1a: Togekiss
|-supereffective|p1a: Togekiss
|-damage|p1a: Togekiss|98\/374
|move|p1a: Togekiss|Dazzling Gleam|p2a: Lopunny
|-supereffective|p2a: Lopunny
|-damage|p2a: Lopunny|0 fnt
|faint|p2a: Lopunny
|
|-heal|p1a: Togekiss|121\/374|[from] item: Leftovers
|
|switch|p2a: Rotom-Wash|Rotom-Wash|125\/301
|-damage|p2a: Rotom-Wash|88\/301|[from] Stealth Rock
|turn|22
|
|move|p2a: Rotom-Wash|Volt Switch|p1a: Togekiss
|-supereffective|p1a: Togekiss
|-damage|p1a: Togekiss|5\/374
|
|switch|p2a: Dragonite|Dragonite, F|323\/323
|-damage|p2a: Dragonite|243\/323|[from] Stealth Rock
|move|p1a: Togekiss|Dazzling Gleam|p2a: Dragonite
|-supereffective|p2a: Dragonite
|-damage|p2a: Dragonite|19\/323
|
|-heal|p1a: Togekiss|28\/374|[from] item: Leftovers
|turn|23
|
|move|p2a: Dragonite|Extreme Speed|p1a: Togekiss
|-damage|p1a: Togekiss|0 fnt
|faint|p1a: Togekiss
|
|
|switch|p1a: Bisharp|Bisharp, M|217\/271
|turn|24
|
|move|p2a: Dragonite|Extreme Speed|p1a: Bisharp
|-resisted|p1a: Bisharp
|-damage|p1a: Bisharp|143\/271
|move|p1a: Bisharp|Knock Off|p2a: Dragonite
|-damage|p2a: Dragonite|0 fnt
|-enditem|p2a: Dragonite|Choice Band|[from] move: Knock Off|[of] p1a: Bisharp
|-damage|p1a: Bisharp|116\/271|[from] item: Life Orb
|faint|p2a: Dragonite
|
|
|switch|p2a: Rotom-Wash|Rotom-Wash|88\/301
|-damage|p2a: Rotom-Wash|51\/301|[from] Stealth Rock
|turn|25
|
|move|p1a: Bisharp|Knock Off|p2a: Rotom-Wash
|-damage|p2a: Rotom-Wash|0 fnt
|-enditem|p2a: Rotom-Wash|Leftovers|[from] move: Knock Off|[of] p1a: Bisharp
|-damage|p1a: Bisharp|89\/271|[from] item: Life Orb
|faint|p2a: Rotom-Wash
|
|win|ZephyrBurst
|raw|Ladder updating...
|c|âZephyrBurst|gg
|leave|radianthero156
|player|p2
|raw|ZephyrBurst's rating: 1370 &rarr; <strong>1390<\/strong><br \/>(+20 for winning)
|raw|radianthero156's rating: 1369 &rarr; <strong>1349<\/strong><br \/>(-20 for losing)