|join|ZephyrBurst
|join|LoreDpds97
|player|p1|ZephyrBurst|102
|player|p2|LoreDpds97|101
|gametype|singles
|gen|6
|tier|OU
|rated
|clearpoke
|poke|p1|Chesnaught, M
|poke|p1|Bisharp, M
|poke|p1|Garchomp, M
|poke|p1|Sableye, M
|poke|p1|Jirachi
|poke|p1|Tentacruel, M
|poke|p2|Lopunny, F
|poke|p2|Talonflame, M
|poke|p2|Rotom-Wash
|poke|p2|Ferrothorn, M
|poke|p2|Landorus-Therian, M
|poke|p2|Latias, F
|rule|Swagger Clause: Swagger is banned
|rule|Baton Pass Clause: Limit one PokÃ©mon knowing Baton Pass
|rule|Sleep Clause Mod: Limit one foe put to sleep
|rule|Species Clause: Limit one of each PokÃ©mon
|rule|OHKO Clause: OHKO moves are banned
|rule|Moody Clause: Moody is banned
|rule|Evasion Moves Clause: Evasion moves are banned
|rule|Endless Battle Clause: Forcing endless battles is banned
|rule|HP Percentage Mod: HP is shown in percentages
|teampreview
|
|start
|switch|p1a: Garchomp|Garchomp, M|420\/420
|switch|p2a: Lopunny|Lopunny, F|271\/271
|turn|1
|
|detailschange|p2a: Lopunny|Lopunny-Mega, F
|-mega|p2a: Lopunny|Lopunny|Lopunnite
|move|p2a: Lopunny|Fake Out|p1a: Garchomp
|-damage|p1a: Garchomp|365\/420
|-damage|p2a: Lopunny|238\/271|[from] ability: Rough Skin|[of] p1a: Garchomp
|-damage|p2a: Lopunny|193\/271|[from] item: Rocky Helmet|[of] p1a: Garchomp
|cant|p1a: Garchomp|flinch
|
|turn|2
|
|move|p2a: Lopunny|Ice Punch|p1a: Garchomp
|-supereffective|p1a: Garchomp
|-damage|p1a: Garchomp|77\/420
|-damage|p2a: Lopunny|160\/271|[from] ability: Rough Skin|[of] p1a: Garchomp
|-damage|p2a: Lopunny|115\/271|[from] item: Rocky Helmet|[of] p1a: Garchomp
|move|p1a: Garchomp|Earthquake|p2a: Lopunny
|-damage|p2a: Lopunny|0 fnt
|faint|p2a: Lopunny
|
|
|switch|p2a: Landorus-Therian|Landorus-Therian, M|319\/319
|-ability|p2a: Landorus-Therian|Intimidate|[of] p1a: Garchomp
|-unboost|p1a: Garchomp|atk|1
|turn|3
|
|switch|p1a: Sableye|Sableye, M|304\/304
|move|p2a: Landorus-Therian|Earthquake|p1a: Sableye
|-damage|p1a: Sableye|151\/304
|
|turn|4
|
|detailschange|p1a: Sableye|Sableye-Mega, M
|-mega|p1a: Sableye|Sableye|Sablenite
|move|p1a: Sableye|Recover|p1a: Sableye
|-heal|p1a: Sableye|303\/304
|move|p2a: Landorus-Therian|Earthquake|p1a: Sableye
|-damage|p1a: Sableye|182\/304
|
|turn|5
|
|switch|p2a: Ferrothorn|Ferrothorn, M|352\/352
|move|p1a: Sableye|Will-O-Wisp|p2a: Ferrothorn
|-status|p2a: Ferrothorn|brn
|
|-damage|p2a: Ferrothorn|308\/352 brn|[from] brn
|turn|6
|
|move|p1a: Sableye|Recover|p1a: Sableye
|-heal|p1a: Sableye|304\/304
|move|p2a: Ferrothorn|Stealth Rock|p1a: Sableye
|move|p1a: Sableye|Stealth Rock|p2a: Ferrothorn|[from]Magic Bounce
|-sidestart|p2: LoreDpds97|move: Stealth Rock
|
|-damage|p2a: Ferrothorn|264\/352 brn|[from] brn
|turn|7
|
|switch|p2a: Latias|Latias, F|301\/301
|-damage|p2a: Latias|264\/301|[from] Stealth Rock
|move|p1a: Sableye|Calm Mind|p1a: Sableye
|-boost|p1a: Sableye|spa|1
|-boost|p1a: Sableye|spd|1
|
|turn|8
|
|switch|p1a: Bisharp|Bisharp, M|271\/271
|move|p2a: Latias|Defog|p1a: Bisharp
|-unboost|p1a: Bisharp|evasion|1
|-boost|p1a: Bisharp|atk|2|[from] ability: Defiant
|-sideend|p2: LoreDpds97|Stealth Rock|[from] move: Defog|[of] p2a: Latias
|
|turn|9
|-message|LoreDpds97 forfeited.
|leave|LoreDpds97
|
|win|ZephyrBurst
|raw|Ladder updating...
|player|p2
|raw|ZephyrBurst's rating: 1468 &rarr; <strong>1490<\/strong><br \/>(+22 for winning)
|raw|LoreDpds97's rating: 1502 &rarr; <strong>1480<\/strong><br \/>(-22 for losing)