|join|ZephyrBurst
|join|genkou
|player|p1|ZephyrBurst|102
|player|p2|genkou|52
|gametype|singles
|gen|6
|tier|OU
|rated
|clearpoke
|poke|p1|Chesnaught, M
|poke|p1|Bisharp, M
|poke|p1|Garchomp, M
|poke|p1|Sableye, F
|poke|p1|Jirachi
|poke|p1|Tentacruel, M
|poke|p2|Scizor, M
|poke|p2|Rotom-Wash, shiny
|poke|p2|Garchomp, M, shiny
|poke|p2|Greninja, F
|poke|p2|Sylveon, F
|poke|p2|Mandibuzz, F
|rule|Swagger Clause: Swagger is banned
|rule|Baton Pass Clause: Limit one PokÃ©mon knowing Baton Pass
|rule|Sleep Clause Mod: Limit one foe put to sleep
|rule|Species Clause: Limit one of each PokÃ©mon
|rule|OHKO Clause: OHKO moves are banned
|rule|Moody Clause: Moody is banned
|rule|Evasion Moves Clause: Evasion moves are banned
|rule|Endless Battle Clause: Forcing endless battles is banned
|rule|HP Percentage Mod: HP is shown in percentages
|teampreview
|
|start
|switch|p1a: Sableye|Sableye, F|304\/304
|switch|p2a: mylady|Sylveon, F|394\/394
|turn|1
|
|switch|p1a: Jirachi|Jirachi|404\/404
|move|p2a: mylady|Hyper Voice|p1a: Jirachi
|-resisted|p1a: Jirachi
|-damage|p1a: Jirachi|353\/404
|
|-heal|p1a: Jirachi|378\/404|[from] item: Leftovers
|turn|2
|
|switch|p2a: Bro|Scizor, M|344\/344
|move|p1a: Jirachi|U-turn|p2a: Bro
|-resisted|p2a: Bro
|-damage|p2a: Bro|319\/344
|
|switch|p1a: Garchomp|Garchomp, M|420\/420
|
|turn|3
|
|detailschange|p2a: Bro|Scizor-Mega, M
|-mega|p2a: Bro|Scizor|Scizorite
|move|p1a: Garchomp|Stealth Rock|p2a: Bro
|-sidestart|p2: genkou|move: Stealth Rock
|move|p2a: Bro|U-turn|p1a: Garchomp
|-damage|p1a: Garchomp|314\/420
|-damage|p2a: Bro|276\/344|[from] ability: Rough Skin|[of] p1a: Garchomp
|-damage|p2a: Bro|219\/344|[from] item: Rocky Helmet|[of] p1a: Garchomp
|
|switch|p2a: rasponi|Greninja, F|286\/286
|-damage|p2a: rasponi|251\/286|[from] Stealth Rock
|
|turn|4
|
|switch|p1a: Tentacruel|Tentacruel, M|361\/361
|move|p2a: rasponi|Ice Beam|p1a: Tentacruel
|-start|p2a: rasponi|typechange|Ice|[from] Protean
|-resisted|p1a: Tentacruel
|-damage|p1a: Tentacruel|314\/361
|-status|p1a: Tentacruel|frz
|
|-heal|p1a: Tentacruel|336\/361 frz|[from] item: Black Sludge
|turn|5
|
|switch|p2a: fushfushfush|Mandibuzz, F|424\/424
|-damage|p2a: fushfushfush|318\/424|[from] Stealth Rock
|-curestatus|p1a: Tentacruel|frz
|move|p1a: Tentacruel|Scald|p2a: fushfushfush
|-damage|p2a: fushfushfush|231\/424
|
|-heal|p1a: Tentacruel|358\/361|[from] item: Black Sludge
|turn|6
|
|switch|p1a: Bisharp|Bisharp, M|271\/271
|move|p2a: fushfushfush|Defog|p1a: Bisharp
|-unboost|p1a: Bisharp|evasion|1
|-boost|p1a: Bisharp|atk|2|[from] ability: Defiant
|-sideend|p2: genkou|Stealth Rock|[from] move: Defog|[of] p2a: fushfushfush
|
|turn|7
|
|move|p1a: Bisharp|Iron Head|p2a: fushfushfush
|-damage|p2a: fushfushfush|45\/424
|-damage|p1a: Bisharp|226\/271|[from] item: Rocky Helmet|[of] p2a: fushfushfush
|move|p2a: fushfushfush|Knock Off|p1a: Bisharp
|-resisted|p1a: Bisharp
|-damage|p1a: Bisharp|186\/271
|-enditem|p1a: Bisharp|Black Glasses|[from] move: Knock Off|[of] p2a: fushfushfush
|
|turn|8
|
|move|p1a: Bisharp|Knock Off|p2a: fushfushfush
|-resisted|p2a: fushfushfush
|-damage|p2a: fushfushfush|0 fnt
|-damage|p1a: Bisharp|141\/271|[from] item: Rocky Helmet|[of] p2a: fushfushfush
|-enditem|p2a: fushfushfush|Rocky Helmet|[from] move: Knock Off|[of] p1a: Bisharp
|faint|p2a: fushfushfush
|
|
|switch|p2a: spacco tutto|Garchomp, M, shiny|358\/358
|turn|9
|
|switch|p1a: Chesnaught|Chesnaught, M|380\/380
|move|p2a: spacco tutto|Brick Break|p1a: Chesnaught
|-crit|p1a: Chesnaught
|-damage|p1a: Chesnaught|298\/380
|
|-heal|p1a: Chesnaught|321\/380|[from] item: Leftovers
|turn|10
|
|move|p2a: spacco tutto|Brick Break|p1a: Chesnaught
|-damage|p1a: Chesnaught|264\/380
|move|p1a: Chesnaught|Spikes|p2a: spacco tutto
|-sidestart|p2: genkou|Spikes
|
|-heal|p1a: Chesnaught|287\/380|[from] item: Leftovers
|turn|11
|
|switch|p2a: rasponi|Greninja, F|251\/286
|-damage|p2a: rasponi|216\/286|[from] Spikes
|move|p1a: Chesnaught|Spiky Shield|p1a: Chesnaught
|-fail|p1a: Chesnaught
|
|-heal|p1a: Chesnaught|310\/380|[from] item: Leftovers
|turn|12
|
|move|p1a: Chesnaught|Spiky Shield|p1a: Chesnaught
|-singleturn|p1a: Chesnaught|move: Protect
|move|p2a: rasponi|Extrasensory|p1a: Chesnaught
|-start|p2a: rasponi|typechange|Psychic|[from] Protean
|-activate|p1a: Chesnaught|move: Protect
|
|-heal|p1a: Chesnaught|333\/380|[from] item: Leftovers
|turn|13
|
|switch|p2a: spacco tutto|Garchomp, M, shiny|358\/358
|-damage|p2a: spacco tutto|314\/358|[from] Spikes
|switch|p1a: Jirachi|Jirachi|378\/404
|
|-heal|p1a: Jirachi|403\/404|[from] item: Leftovers
|turn|14
|
|switch|p1a: Chesnaught|Chesnaught, M|333\/380
|move|p2a: spacco tutto|Earthquake|p1a: Chesnaught
|-crit|p1a: Chesnaught
|-resisted|p1a: Chesnaught
|-damage|p1a: Chesnaught|248\/380
|
|-heal|p1a: Chesnaught|271\/380|[from] item: Leftovers
|turn|15
|
|switch|p2a: Bro|Scizor-Mega, M|219\/344
|-damage|p2a: Bro|176\/344|[from] Spikes
|move|p1a: Chesnaught|Seed Bomb|p2a: Bro
|-resisted|p2a: Bro
|-damage|p2a: Bro|161\/344
|
|-heal|p1a: Chesnaught|294\/380|[from] item: Leftovers
|turn|16
|
|switch|p1a: Garchomp|Garchomp, M|314\/420
|move|p2a: Bro|Roost|p2a: Bro
|-heal|p2a: Bro|333\/344
|
|turn|17
|
|move|p1a: Garchomp|Stealth Rock|p2a: Bro
|-sidestart|p2: genkou|move: Stealth Rock
|move|p2a: Bro|Swords Dance|p2a: Bro
|-boost|p2a: Bro|atk|2
|
|turn|18
|
|move|p2a: Bro|Swords Dance|p2a: Bro
|-boost|p2a: Bro|atk|2
|move|p1a: Garchomp|Dragon Tail|p2a: Bro
|-resisted|p2a: Bro
|-damage|p2a: Bro|306\/344
|drag|p2a: spacco tutto|Garchomp, M, shiny|314\/358
|-damage|p2a: spacco tutto|292\/358|[from] Stealth Rock
|-damage|p2a: spacco tutto|248\/358|[from] Spikes
|
|turn|19
|
|switch|p1a: Chesnaught|Chesnaught, M|294\/380
|move|p2a: spacco tutto|Outrage|p1a: Chesnaught
|-damage|p1a: Chesnaught|164\/380
|
|-heal|p1a: Chesnaught|187\/380|[from] item: Leftovers
|turn|20
|
|move|p1a: Chesnaught|Spiky Shield|p1a: Chesnaught
|-singleturn|p1a: Chesnaught|move: Protect
|move|p2a: spacco tutto|Outrage|p1a: Chesnaught
|-activate|p1a: Chesnaught|move: Protect
|-damage|p2a: spacco tutto|204\/358|[from] Spiky Shield|[of] p1a: Chesnaught
|
|-end|p2a: spacco tutto|rampage
|-start|p2a: spacco tutto|confusion
|-heal|p1a: Chesnaught|210\/380|[from] item: Leftovers
|turn|21
|
|-activate|p2a: spacco tutto|confusion
|move|p2a: spacco tutto|Outrage|p1a: Chesnaught
|-crit|p1a: Chesnaught
|-damage|p1a: Chesnaught|15\/380
|move|p1a: Chesnaught|Spikes|p2a: spacco tutto
|-sidestart|p2: genkou|Spikes
|
|-heal|p1a: Chesnaught|38\/380|[from] item: Leftovers
|turn|22
|
|switch|p1a: Jirachi|Jirachi|403\/404
|-activate|p2a: spacco tutto|confusion
|-damage|p2a: spacco tutto|156\/358|[from] confusion
|
|-end|p2a: spacco tutto|rampage
|-heal|p1a: Jirachi|404\/404|[from] item: Leftovers
|turn|23
|
|switch|p2a: wash my socks|Rotom-Wash, shiny|304\/304
|-damage|p2a: wash my socks|266\/304|[from] Stealth Rock
|move|p1a: Jirachi|Wish|p1a: Jirachi
|
|-heal|p2a: wash my socks|285\/304|[from] item: Leftovers
|turn|24
|
|move|p1a: Jirachi|U-turn|p2a: wash my socks
|-damage|p2a: wash my socks|230\/304
|
|switch|p1a: Garchomp|Garchomp, M|314\/420
|move|p2a: wash my socks|Hydro Pump|p1a: Garchomp
|-damage|p1a: Garchomp|149\/420
|
|-heal|p1a: Garchomp|351\/420|[from] move: Wish|[wisher] Jirachi
|-heal|p2a: wash my socks|249\/304|[from] item: Leftovers
|turn|25
|
|move|p1a: Garchomp|Toxic|p2a: wash my socks
|-status|p2a: wash my socks|tox
|move|p2a: wash my socks|Will-O-Wisp|p1a: Garchomp
|-status|p1a: Garchomp|brn
|
|-heal|p2a: wash my socks|268\/304 tox|[from] item: Leftovers
|-damage|p1a: Garchomp|299\/420 brn|[from] brn
|-damage|p2a: wash my socks|249\/304 tox|[from] psn
|turn|26
|
|move|p2a: wash my socks|Hydro Pump|p1a: Garchomp
|-damage|p1a: Garchomp|137\/420 brn
|move|p1a: Garchomp|Dragon Tail|p2a: wash my socks
|-damage|p2a: wash my socks|203\/304 tox
|drag|p2a: rasponi|Greninja, F|216\/286
|-damage|p2a: rasponi|169\/286|[from] Spikes
|-damage|p2a: rasponi|134\/286|[from] Stealth Rock
|
|-damage|p1a: Garchomp|85\/420 brn|[from] brn
|turn|27
|
|switch|p1a: Jirachi|Jirachi|404\/404
|move|p2a: rasponi|Hidden Power|p1a: Jirachi
|-start|p2a: rasponi|typechange|Fire|[from] Protean
|-supereffective|p1a: Jirachi
|-damage|p1a: Jirachi|260\/404
|
|-heal|p1a: Jirachi|285\/404|[from] item: Leftovers
|turn|28
|
|switch|p1a: Tentacruel|Tentacruel, M|358\/361
|move|p2a: rasponi|Hidden Power|p1a: Tentacruel
|-crit|p1a: Tentacruel
|-resisted|p1a: Tentacruel
|-damage|p1a: Tentacruel|316\/361
|
|-heal|p1a: Tentacruel|338\/361|[from] item: Black Sludge
|turn|29
|
|switch|p2a: Bro|Scizor-Mega, M|306\/344
|-damage|p2a: Bro|263\/344|[from] Stealth Rock
|-damage|p2a: Bro|206\/344|[from] Spikes
|move|p1a: Tentacruel|Toxic Spikes|p2a: Bro
|-sidestart|p2: genkou|move: Toxic Spikes
|
|-heal|p1a: Tentacruel|360\/361|[from] item: Black Sludge
|turn|30
|
|move|p1a: Tentacruel|Scald|p2a: Bro
|-damage|p2a: Bro|127\/344
|move|p2a: Bro|Swords Dance|p2a: Bro
|-boost|p2a: Bro|atk|2
|
|-heal|p1a: Tentacruel|361\/361|[from] item: Black Sludge
|turn|31
|
|switch|p1a: Sableye|Sableye, F|304\/304
|move|p2a: Bro|Roost|p2a: Bro
|-heal|p2a: Bro|299\/344
|
|turn|32
|
|detailschange|p1a: Sableye|Sableye-Mega, F
|-mega|p1a: Sableye|Sableye|Sablenite
|move|p2a: Bro|Bullet Punch|p1a: Sableye
|-damage|p1a: Sableye|163\/304
|move|p1a: Sableye|Will-O-Wisp|p2a: Bro
|-status|p2a: Bro|brn
|
|-damage|p2a: Bro|256\/344 brn|[from] brn
|turn|33
|
|move|p2a: Bro|Swords Dance|p2a: Bro
|-boost|p2a: Bro|atk|2
|move|p1a: Sableye|Recover|p1a: Sableye
|-heal|p1a: Sableye|304\/304
|
|-damage|p2a: Bro|213\/344 brn|[from] brn
|turn|34
|
|switch|p1a: Garchomp|Garchomp, M|85\/420 brn
|move|p2a: Bro|U-turn|p1a: Garchomp
|-damage|p1a: Garchomp|0 fnt
|-damage|p2a: Bro|170\/344 brn|[from] ability: Rough Skin|[of] p1a: Garchomp
|-damage|p2a: Bro|113\/344 brn|[from] item: Rocky Helmet|[of] p1a: Garchomp
|faint|p1a: Garchomp
|
|switch|p2a: rasponi|Greninja, F|134\/286
|-damage|p2a: rasponi|87\/286|[from] Spikes
|-damage|p2a: rasponi|52\/286|[from] Stealth Rock
|-status|p2a: rasponi|psn
|
|-damage|p2a: rasponi|17\/286 psn|[from] psn
|
|switch|p1a: Chesnaught|Chesnaught, M|38\/380
|turn|35
|
|move|p1a: Chesnaught|Spiky Shield|p1a: Chesnaught
|-singleturn|p1a: Chesnaught|move: Protect
|move|p2a: rasponi|Ice Beam|p1a: Chesnaught
|-start|p2a: rasponi|typechange|Ice|[from] Protean
|-activate|p1a: Chesnaught|move: Protect
|
|-heal|p1a: Chesnaught|61\/380|[from] item: Leftovers
|-damage|p2a: rasponi|0 fnt|[from] psn
|faint|p2a: rasponi
|
|switch|p2a: mylady|Sylveon, F|394\/394
|-damage|p2a: mylady|345\/394|[from] Stealth Rock
|-damage|p2a: mylady|280\/394|[from] Spikes
|-status|p2a: mylady|psn
|turn|36
|
|move|p1a: Chesnaught|Spikes|p2a: mylady
|-sidestart|p2: genkou|Spikes
|move|p2a: mylady|Wish|p2a: mylady
|
|-heal|p1a: Chesnaught|84\/380|[from] item: Leftovers
|-heal|p2a: mylady|304\/394 psn|[from] item: Leftovers
|-damage|p2a: mylady|255\/394 psn|[from] psn
|turn|37
|
|move|p1a: Chesnaught|Seed Bomb|p2a: mylady
|-damage|p2a: mylady|117\/394 psn
|move|p2a: mylady|Heal Bell|p2a: mylady
|-cureteam|p2a: mylady|[from] move: HealBell
|
|-heal|p2a: mylady|314\/394|[from] move: Wish|[wisher] mylady
|-heal|p1a: Chesnaught|107\/380|[from] item: Leftovers
|-heal|p2a: mylady|338\/394|[from] item: Leftovers
|turn|38
|
|switch|p1a: Jirachi|Jirachi|285\/404
|move|p2a: mylady|Hyper Voice|p1a: Jirachi
|-resisted|p1a: Jirachi
|-damage|p1a: Jirachi|228\/404
|
|-heal|p1a: Jirachi|253\/404|[from] item: Leftovers
|-heal|p2a: mylady|362\/394|[from] item: Leftovers
|turn|39
|
|move|p1a: Jirachi|Wish|p1a: Jirachi
|move|p2a: mylady|Wish|p2a: mylady
|
|-heal|p1a: Jirachi|278\/404|[from] item: Leftovers
|-heal|p2a: mylady|386\/394|[from] item: Leftovers
|turn|40
|
|move|p1a: Jirachi|Iron Head|p2a: mylady
|-supereffective|p2a: mylady
|-damage|p2a: mylady|108\/394
|move|p2a: mylady|Hyper Voice|p1a: Jirachi
|-resisted|p1a: Jirachi
|-damage|p1a: Jirachi|226\/404
|
|-heal|p2a: mylady|305\/394|[from] move: Wish|[wisher] mylady
|-heal|p1a: Jirachi|404\/404|[from] move: Wish|[wisher] Jirachi
|-heal|p2a: mylady|329\/394|[from] item: Leftovers
|turn|41
|
|move|p1a: Jirachi|Iron Head|p2a: mylady
|-supereffective|p2a: mylady
|-damage|p2a: mylady|83\/394
|move|p2a: mylady|Wish|p2a: mylady
|
|-heal|p2a: mylady|107\/394|[from] item: Leftovers
|turn|42
|
|move|p2a: mylady|Protect|p2a: mylady
|-singleturn|p2a: mylady|Protect
|move|p1a: Jirachi|Iron Head|p2a: mylady
|-activate|p2a: mylady|Protect
|
|-heal|p2a: mylady|304\/394|[from] move: Wish|[wisher] mylady
|-heal|p2a: mylady|328\/394|[from] item: Leftovers
|turn|43
|
|switch|p2a: wash my socks|Rotom-Wash, shiny|203\/304
|-damage|p2a: wash my socks|165\/304|[from] Stealth Rock
|move|p1a: Jirachi|Iron Head|p2a: wash my socks
|-resisted|p2a: wash my socks
|-damage|p2a: wash my socks|141\/304
|
|-heal|p2a: wash my socks|160\/304|[from] item: Leftovers
|turn|44
|
|move|p1a: Jirachi|U-turn|p2a: wash my socks
|-damage|p2a: wash my socks|109\/304
|
|switch|p1a: Sableye|Sableye-Mega, F|304\/304
|move|p2a: wash my socks|Pain Split|p1a: Sableye
|-sethp|p1a: Sableye|206\/304|p2a: wash my socks|206\/304|[from] move: Pain Split
|
|-heal|p2a: wash my socks|225\/304|[from] item: Leftovers
|turn|45
|
|move|p2a: wash my socks|Volt Switch|p1a: Sableye
|-damage|p1a: Sableye|128\/304
|
|switch|p2a: Bro|Scizor-Mega, M|113\/344
|-damage|p2a: Bro|70\/344|[from] Stealth Rock
|-damage|p2a: Bro|0 fnt|[from] Spikes
|faint|p2a: Bro
|move|p1a: Sableye|Shadow Ball|p2: Bro|[notarget]
|-notarget
|
|
|switch|p2a: spacco tutto|Garchomp, M, shiny|156\/358
|-status|p2a: spacco tutto|psn
|-damage|p2a: spacco tutto|67\/358 psn|[from] Spikes
|-damage|p2a: spacco tutto|45\/358 psn|[from] Stealth Rock
|turn|46
|
|move|p2a: spacco tutto|Earthquake|p1a: Sableye
|-damage|p1a: Sableye|26\/304
|move|p1a: Sableye|Recover|p1a: Sableye
|-heal|p1a: Sableye|178\/304
|
|-damage|p2a: spacco tutto|1\/358 psn|[from] psn
|turn|47
|
|move|p2a: spacco tutto|Earthquake|p1a: Sableye
|-damage|p1a: Sableye|76\/304
|move|p1a: Sableye|Recover|p1a: Sableye
|-heal|p1a: Sableye|228\/304
|
|-damage|p2a: spacco tutto|0 fnt|[from] psn
|faint|p2a: spacco tutto
|
|switch|p2a: mylady|Sylveon, F|328\/394
|-damage|p2a: mylady|279\/394|[from] Stealth Rock
|-status|p2a: mylady|psn
|-damage|p2a: mylady|181\/394 psn|[from] Spikes
|turn|48
|
|switch|p1a: Tentacruel|Tentacruel, M|361\/361
|move|p2a: mylady|Wish|p2a: mylady
|
|-heal|p2a: mylady|205\/394 psn|[from] item: Leftovers
|-damage|p2a: mylady|156\/394 psn|[from] psn
|turn|49
|
|move|p2a: mylady|Protect|p2a: mylady
|-singleturn|p2a: mylady|Protect
|move|p1a: Tentacruel|Toxic Spikes|p2a: mylady
|-sidestart|p2: genkou|move: Toxic Spikes
|
|-heal|p2a: mylady|353\/394 psn|[from] move: Wish|[wisher] mylady
|-heal|p2a: mylady|377\/394 psn|[from] item: Leftovers
|-damage|p2a: mylady|328\/394 psn|[from] psn
|turn|50
|
|move|p1a: Tentacruel|Acid Spray|p2a: mylady
|-supereffective|p2a: mylady
|-damage|p2a: mylady|280\/394 psn
|-unboost|p2a: mylady|spd|2
|move|p2a: mylady|Heal Bell|p2a: mylady
|-cureteam|p2a: mylady|[from] move: HealBell
|
|-heal|p2a: mylady|304\/394|[from] item: Leftovers
|turn|51
|
|move|p1a: Tentacruel|Acid Spray|p2a: mylady
|-supereffective|p2a: mylady
|-damage|p2a: mylady|206\/394
|-unboost|p2a: mylady|spd|2
|move|p2a: mylady|Hyper Voice|p1a: Tentacruel
|-resisted|p1a: Tentacruel
|-damage|p1a: Tentacruel|313\/361
|
|-heal|p1a: Tentacruel|335\/361|[from] item: Black Sludge
|-heal|p2a: mylady|230\/394|[from] item: Leftovers
|turn|52
|
|move|p2a: mylady|Protect|p2a: mylady
|-singleturn|p2a: mylady|Protect
|move|p1a: Tentacruel|Acid Spray|p2a: mylady
|-activate|p2a: mylady|Protect
|
|-heal|p1a: Tentacruel|357\/361|[from] item: Black Sludge
|-heal|p2a: mylady|254\/394|[from] item: Leftovers
|turn|53
|
|switch|p2a: wash my socks|Rotom-Wash, shiny|225\/304
|-damage|p2a: wash my socks|187\/304|[from] Stealth Rock
|move|p1a: Tentacruel|Acid Spray|p2a: wash my socks
|-damage|p2a: wash my socks|157\/304
|-unboost|p2a: wash my socks|spd|2
|
|-heal|p1a: Tentacruel|361\/361|[from] item: Black Sludge
|-heal|p2a: wash my socks|176\/304|[from] item: Leftovers
|turn|54
|
|move|p1a: Tentacruel|Acid Spray|p2a: wash my socks
|-damage|p2a: wash my socks|118\/304
|-unboost|p2a: wash my socks|spd|2
|move|p2a: wash my socks|Will-O-Wisp|p1a: Tentacruel
|-status|p1a: Tentacruel|brn
|
|-heal|p2a: wash my socks|137\/304|[from] item: Leftovers
|-damage|p1a: Tentacruel|316\/361 brn|[from] brn
|turn|55
|
|move|p1a: Tentacruel|Acid Spray|p2a: wash my socks
|-damage|p2a: wash my socks|58\/304
|-unboost|p2a: wash my socks|spd|2
|move|p2a: wash my socks|Pain Split|p1a: Tentacruel
|-sethp|p1a: Tentacruel|187\/361 brn|p2a: wash my socks|187\/304|[from] move: Pain Split
|
|-heal|p1a: Tentacruel|209\/361 brn|[from] item: Black Sludge
|-heal|p2a: wash my socks|206\/304|[from] item: Leftovers
|-damage|p1a: Tentacruel|164\/361 brn|[from] brn
|turn|56
|
|move|p1a: Tentacruel|Acid Spray|p2a: wash my socks
|-damage|p2a: wash my socks|97\/304
|move|p2a: wash my socks|Volt Switch|p1a: Tentacruel
|-supereffective|p1a: Tentacruel
|-damage|p1a: Tentacruel|60\/361 brn
|
|switch|p2a: mylady|Sylveon, F|254\/394
|-status|p2a: mylady|tox
|-damage|p2a: mylady|205\/394 tox|[from] Stealth Rock
|-damage|p2a: mylady|107\/394 tox|[from] Spikes
|
|-heal|p1a: Tentacruel|82\/361 brn|[from] item: Black Sludge
|-heal|p2a: mylady|131\/394 tox|[from] item: Leftovers
|-damage|p1a: Tentacruel|37\/361 brn|[from] brn
|-damage|p2a: mylady|107\/394 tox|[from] psn
|turn|57
|
|switch|p1a: Jirachi|Jirachi|404\/404
|move|p2a: mylady|Heal Bell|p2a: mylady
|-cureteam|p2a: mylady|[from] move: HealBell
|
|-heal|p2a: mylady|131\/394|[from] item: Leftovers
|turn|58
|
|move|p1a: Jirachi|Iron Head|p2a: mylady
|-supereffective|p2a: mylady
|-damage|p2a: mylady|0 fnt
|faint|p2a: mylady
|
|
|switch|p2a: wash my socks|Rotom-Wash, shiny|97\/304
|-damage|p2a: wash my socks|59\/304|[from] Stealth Rock
|turn|59
|
|move|p1a: Jirachi|U-turn|p2a: wash my socks
|-damage|p2a: wash my socks|4\/304
|
|switch|p1a: Tentacruel|Tentacruel, M|37\/361 brn
|move|p2a: wash my socks|Pain Split|p1a: Tentacruel
|-sethp|p1a: Tentacruel|20\/361 brn|p2a: wash my socks|20\/304|[from] move: Pain Split
|
|-heal|p1a: Tentacruel|42\/361 brn|[from] item: Black Sludge
|-heal|p2a: wash my socks|39\/304|[from] item: Leftovers
|-damage|p1a: Tentacruel|0 fnt|[from] brn
|faint|p1a: Tentacruel
|
|switch|p1a: Bisharp|Bisharp, M|141\/271
|turn|60
|
|move|p1a: Bisharp|Knock Off|p2a: wash my socks
|-damage|p2a: wash my socks|0 fnt
|-enditem|p2a: wash my socks|Leftovers|[from] move: Knock Off|[of] p1a: Bisharp
|faint|p2a: wash my socks
|
|win|ZephyrBurst
|raw|Ladder updating...
|raw|ZephyrBurst's rating: 1537 &rarr; <strong>1550<\/strong><br \/>(+13 for winning)
|raw|genkou's rating: 1422 &rarr; <strong>1408<\/strong><br \/>(-14 for losing)
|c|âZephyrBurst|gg
|leave|genkou
|player|p2