|join|lolegendaries
|join|ZephyrBurst
|player|p1|lolegendaries|294
|player|p2|ZephyrBurst|102
|gametype|singles
|gen|6
|tier|OU
|rated
|clearpoke
|poke|p1|Magnezone
|poke|p1|Landorus-Therian, M
|poke|p1|Heatran, M, shiny
|poke|p1|Latios, M
|poke|p1|Keldeo
|poke|p1|Medicham, F
|poke|p2|Charizard, M
|poke|p2|Toxicroak, M
|poke|p2|Latias, F
|poke|p2|Celebi
|poke|p2|Landorus-Therian, M
|poke|p2|Raikou
|rule|Swagger Clause: Swagger is banned
|rule|Baton Pass Clause: Limit one PokÃ©mon knowing Baton Pass
|rule|Sleep Clause Mod: Limit one foe put to sleep
|rule|Species Clause: Limit one of each PokÃ©mon
|rule|OHKO Clause: OHKO moves are banned
|rule|Moody Clause: Moody is banned
|rule|Evasion Moves Clause: Evasion moves are banned
|rule|Endless Battle Clause: Forcing endless battles is banned
|rule|HP Percentage Mod: HP is shown in percentages
|teampreview
|
|start
|switch|p1a: Landorus-Therian|Landorus-Therian, M|321\/321
|switch|p2a: Landorus-Therian|Landorus-Therian, M|381\/381
|-ability|p1a: Landorus-Therian|Intimidate|[of] p2a: Landorus-Therian
|-unboost|p2a: Landorus-Therian|atk|1
|-ability|p2a: Landorus-Therian|Intimidate|[of] p1a: Landorus-Therian
|-unboost|p1a: Landorus-Therian|atk|1
|turn|1
|
|move|p1a: Landorus-Therian|U-turn|p2a: Landorus-Therian
|-resisted|p2a: Landorus-Therian
|-damage|p2a: Landorus-Therian|357\/381
|
|switch|p1a: Keldeo|Keldeo|323\/323
|move|p2a: Landorus-Therian|Stealth Rock|p1a: Keldeo
|-sidestart|p1: lolegendaries|move: Stealth Rock
|
|-heal|p2a: Landorus-Therian|380\/381|[from] item: Leftovers
|turn|2
|
|switch|p1a: Latios|Latios, M|302\/302
|-damage|p1a: Latios|265\/302|[from] Stealth Rock
|switch|p2a: Celebi|Celebi|404\/404
|
|turn|3
|
|move|p1a: Latios|Draco Meteor|p2a: Celebi
|-damage|p2a: Celebi|102\/404
|-unboost|p1a: Latios|spa|2
|-damage|p1a: Latios|235\/302|[from] item: Life Orb
|move|p2a: Celebi|Recover|p2a: Celebi
|-heal|p2a: Celebi|304\/404
|
|-heal|p2a: Celebi|329\/404|[from] item: Leftovers
|turn|4
|
|switch|p1a: Landorus-Therian|Landorus-Therian, M|321\/321
|-damage|p1a: Landorus-Therian|281\/321|[from] Stealth Rock
|-ability|p1a: Landorus-Therian|Intimidate|[of] p2a: Celebi
|-unboost|p2a: Celebi|atk|1
|move|p2a: Celebi|Substitute|p2a: Celebi
|-start|p2a: Celebi|Substitute
|-damage|p2a: Celebi|228\/404
|
|-heal|p2a: Celebi|253\/404|[from] item: Leftovers
|turn|5
|
|move|p1a: Landorus-Therian|U-turn|p2a: Celebi
|-supereffective|p2a: Celebi
|-end|p2a: Celebi|Substitute
|
|switch|p1a: Keldeo|Keldeo|323\/323
|-damage|p1a: Keldeo|303\/323|[from] Stealth Rock
|move|p2a: Celebi|Recover|p2a: Celebi
|-heal|p2a: Celebi|404\/404
|
|turn|6
|
|move|p1a: Keldeo|Hidden Power|p2a: Celebi
|-supereffective|p2a: Celebi
|-damage|p2a: Celebi|100\/404
|move|p2a: Celebi|Giga Drain|p1a: Keldeo
|-supereffective|p1a: Keldeo
|-damage|p1a: Keldeo|123\/323
|-heal|p2a: Celebi|190\/404|[from] drain|[of] p1a: Keldeo
|
|-heal|p2a: Celebi|215\/404|[from] item: Leftovers
|turn|7
|
|switch|p1a: Landorus-Therian|Landorus-Therian, M|281\/321
|-damage|p1a: Landorus-Therian|241\/321|[from] Stealth Rock
|-ability|p1a: Landorus-Therian|Intimidate|[of] p2a: Celebi
|-unboost|p2a: Celebi|atk|1
|switch|p2a: Raikou|Raikou|321\/321
|-ability|p2a: Raikou|Pressure
|
|turn|8
|
|switch|p2a: Landorus-Therian|Landorus-Therian, M|380\/381
|-ability|p2a: Landorus-Therian|Intimidate|[of] p1a: Landorus-Therian
|-unboost|p1a: Landorus-Therian|atk|1
|move|p1a: Landorus-Therian|Earthquake|p2a: Landorus-Therian
|-immune|p2a: Landorus-Therian|[msg]
|
|-heal|p2a: Landorus-Therian|381\/381|[from] item: Leftovers
|turn|9
|
|switch|p1a: Medicham|Medicham, F|261\/261
|-damage|p1a: Medicham|245\/261|[from] Stealth Rock
|move|p2a: Landorus-Therian|U-turn|p1a: Medicham
|-damage|p1a: Medicham|153\/261
|
|switch|p2a: Raikou|Raikou|321\/321
|-ability|p2a: Raikou|Pressure
|
|turn|10
|
|detailschange|p1a: Medicham|Medicham-Mega, F
|-mega|p1a: Medicham|Medicham|Medichamite
|move|p1a: Medicham|Fake Out|p2a: Raikou
|-damage|p2a: Raikou|218\/321
|cant|p2a: Raikou|flinch
|
|turn|11
|
|switch|p1a: Heatran|Heatran, M, shiny|386\/386
|-damage|p1a: Heatran|338\/386|[from] Stealth Rock
|move|p2a: Raikou|Shadow Ball|p1a: Heatran
|-damage|p1a: Heatran|281\/386
|
|-heal|p1a: Heatran|305\/386|[from] item: Leftovers
|turn|12
|
|move|p2a: Raikou|Volt Switch|p1a: Heatran
|-crit|p1a: Heatran
|-damage|p1a: Heatran|184\/386
|
|switch|p2a: Landorus-Therian|Landorus-Therian, M|381\/381
|-ability|p2a: Landorus-Therian|Intimidate|[of] p1a: Heatran
|-unboost|p1a: Heatran|atk|1
|move|p1a: Heatran|Stealth Rock|p2a: Landorus-Therian
|-sidestart|p2: ZephyrBurst|move: Stealth Rock
|
|-heal|p1a: Heatran|208\/386|[from] item: Leftovers
|turn|13
|
|switch|p1a: Landorus-Therian|Landorus-Therian, M|241\/321
|-damage|p1a: Landorus-Therian|201\/321|[from] Stealth Rock
|-ability|p1a: Landorus-Therian|Intimidate|[of] p2a: Landorus-Therian
|-unboost|p2a: Landorus-Therian|atk|1
|move|p2a: Landorus-Therian|Earthquake|p1a: Landorus-Therian
|-immune|p1a: Landorus-Therian|[msg]
|
|turn|14
|
|move|p1a: Landorus-Therian|U-turn|p2a: Landorus-Therian
|-resisted|p2a: Landorus-Therian
|-damage|p2a: Landorus-Therian|343\/381
|
|switch|p1a: Medicham|Medicham-Mega, F|153\/261
|-damage|p1a: Medicham|137\/261|[from] Stealth Rock
|move|p2a: Landorus-Therian|U-turn|p1a: Medicham
|-damage|p1a: Medicham|76\/261
|
|switch|p2a: Toxicroak|Toxicroak, M|307\/307
|-damage|p2a: Toxicroak|288\/307|[from] Stealth Rock
|
|turn|15
|
|switch|p1a: Keldeo|Keldeo|123\/323
|-damage|p1a: Keldeo|103\/323|[from] Stealth Rock
|move|p2a: Toxicroak|Sucker Punch|p1a: Keldeo
|-fail|p1a: Keldeo
|
|turn|16
|
|switch|p2a: Latias|Latias, F|341\/341
|-damage|p2a: Latias|299\/341|[from] Stealth Rock
|move|p1a: Keldeo|Secret Sword|p2a: Latias
|-resisted|p2a: Latias
|-damage|p2a: Latias|203\/341
|
|-heal|p2a: Latias|224\/341|[from] item: Leftovers
|turn|17
|
|switch|p1a: Heatran|Heatran, M, shiny|208\/386
|-damage|p1a: Heatran|160\/386|[from] Stealth Rock
|move|p2a: Latias|Thunderbolt|p1a: Heatran
|-damage|p1a: Heatran|101\/386
|
|-heal|p2a: Latias|245\/341|[from] item: Leftovers
|-heal|p1a: Heatran|125\/386|[from] item: Leftovers
|turn|18
|
|move|p2a: Latias|Defog|p1a: Heatran
|-unboost|p1a: Heatran|evasion|1
|-sideend|p1: lolegendaries|Stealth Rock|[from] move: Defog|[of] p1a: Heatran
|-sideend|p2: ZephyrBurst|Stealth Rock|[from] move: Defog|[of] p2a: Latias
|move|p1a: Heatran|Toxic|p2a: Latias
|-status|p2a: Latias|tox
|
|-heal|p2a: Latias|266\/341 tox|[from] item: Leftovers
|-heal|p1a: Heatran|149\/386|[from] item: Leftovers
|-damage|p2a: Latias|245\/341 tox|[from] psn
|turn|19
|
|switch|p2a: Landorus-Therian|Landorus-Therian, M|343\/381
|-ability|p2a: Landorus-Therian|Intimidate|[of] p1a: Heatran
|-unboost|p1a: Heatran|atk|1
|move|p1a: Heatran|Stealth Rock|p2a: Landorus-Therian
|-sidestart|p2: ZephyrBurst|move: Stealth Rock
|
|-heal|p2a: Landorus-Therian|366\/381|[from] item: Leftovers
|-heal|p1a: Heatran|173\/386|[from] item: Leftovers
|turn|20
|
|move|p2a: Landorus-Therian|Earthquake|p1a: Heatran
|-supereffective|p1a: Heatran
|-damage|p1a: Heatran|0 fnt
|faint|p1a: Heatran
|
|-heal|p2a: Landorus-Therian|381\/381|[from] item: Leftovers
|
|switch|p1a: Medicham|Medicham-Mega, F|76\/261
|turn|21
|
|switch|p2a: Celebi|Celebi|215\/404
|-damage|p2a: Celebi|165\/404|[from] Stealth Rock
|move|p1a: Medicham|Ice Punch|p2a: Celebi
|-supereffective|p2a: Celebi
|-damage|p2a: Celebi|0 fnt
|faint|p2a: Celebi
|
|
|switch|p2a: Raikou|Raikou|218\/321
|-damage|p2a: Raikou|178\/321|[from] Stealth Rock
|-ability|p2a: Raikou|Pressure
|turn|22
|
|switch|p1a: Keldeo|Keldeo|103\/323
|move|p2a: Raikou|Hidden Power|p1a: Keldeo
|-resisted|p1a: Keldeo
|-damage|p1a: Keldeo|68\/323
|
|turn|23
|
|switch|p2a: Toxicroak|Toxicroak, M|288\/307
|-damage|p2a: Toxicroak|269\/307|[from] Stealth Rock
|move|p1a: Keldeo|Secret Sword|p2a: Toxicroak
|-resisted|p2a: Toxicroak
|-damage|p2a: Toxicroak|152\/307
|
|turn|24
|
|switch|p1a: Landorus-Therian|Landorus-Therian, M|201\/321
|-ability|p1a: Landorus-Therian|Intimidate|[of] p2a: Toxicroak
|-unboost|p2a: Toxicroak|atk|1
|move|p2a: Toxicroak|Drain Punch|p1a: Landorus-Therian
|-resisted|p1a: Landorus-Therian
|-damage|p1a: Landorus-Therian|150\/321
|-heal|p2a: Toxicroak|178\/307|[from] drain|[of] p1a: Landorus-Therian
|-damage|p2a: Toxicroak|148\/307|[from] item: Life Orb
|
|turn|25
|
|switch|p2a: Landorus-Therian|Landorus-Therian, M|381\/381
|-damage|p2a: Landorus-Therian|334\/381|[from] Stealth Rock
|-ability|p2a: Landorus-Therian|Intimidate|[of] p1a: Landorus-Therian
|-unboost|p1a: Landorus-Therian|atk|1
|move|p1a: Landorus-Therian|Earthquake|p2a: Landorus-Therian
|-immune|p2a: Landorus-Therian|[msg]
|
|-heal|p2a: Landorus-Therian|357\/381|[from] item: Leftovers
|turn|26
|
|switch|p1a: Magnezone|Magnezone|324\/324
|move|p2a: Landorus-Therian|U-turn|p1a: Magnezone
|-resisted|p1a: Magnezone
|-damage|p1a: Magnezone|290\/324
|
|switch|p2a: Raikou|Raikou|178\/321
|-damage|p2a: Raikou|138\/321|[from] Stealth Rock
|-ability|p2a: Raikou|Pressure
|
|turn|27
|
|move|p2a: Raikou|Shadow Ball|p1a: Magnezone
|-damage|p1a: Magnezone|189\/324
|-unboost|p1a: Magnezone|spd|1
|move|p1a: Magnezone|Thunderbolt|p2a: Raikou
|-resisted|p2a: Raikou
|-damage|p2a: Raikou|58\/321
|
|turn|28
|
|switch|p2a: Landorus-Therian|Landorus-Therian, M|357\/381
|-damage|p2a: Landorus-Therian|310\/381|[from] Stealth Rock
|-ability|p2a: Landorus-Therian|Intimidate|[of] p1a: Magnezone
|-unboost|p1a: Magnezone|atk|1
|move|p1a: Magnezone|Thunderbolt|p2a: Landorus-Therian
|-immune|p2a: Landorus-Therian|[msg]
|
|-heal|p2a: Landorus-Therian|333\/381|[from] item: Leftovers
|turn|29
|
|switch|p1a: Landorus-Therian|Landorus-Therian, M|150\/321
|-ability|p1a: Landorus-Therian|Intimidate|[of] p2a: Landorus-Therian
|-unboost|p2a: Landorus-Therian|atk|1
|move|p2a: Landorus-Therian|Stealth Rock|p1a: Landorus-Therian
|-sidestart|p1: lolegendaries|move: Stealth Rock
|
|-heal|p2a: Landorus-Therian|356\/381|[from] item: Leftovers
|turn|30
|
|move|p1a: Landorus-Therian|U-turn|p2a: Landorus-Therian
|-resisted|p2a: Landorus-Therian
|-damage|p2a: Landorus-Therian|318\/381
|
|switch|p1a: Magnezone|Magnezone|189\/324
|-damage|p1a: Magnezone|169\/324|[from] Stealth Rock
|move|p2a: Landorus-Therian|U-turn|p1a: Magnezone
|-resisted|p1a: Magnezone
|-damage|p1a: Magnezone|147\/324
|
|switch|p2a: Charizard|Charizard, M|297\/297
|-damage|p2a: Charizard|149\/297|[from] Stealth Rock
|
|turn|31
|
|detailschange|p2a: Charizard|Charizard-Mega-X, M
|-mega|p2a: Charizard|Charizard|Charizardite X
|move|p2a: Charizard|Roost|p2a: Charizard
|-heal|p2a: Charizard|297\/297
|move|p1a: Magnezone|Thunderbolt|p2a: Charizard
|-resisted|p2a: Charizard
|-damage|p2a: Charizard|138\/297
|
|turn|32
|
|move|p2a: Charizard|Flare Blitz|p1a: Magnezone
|-supereffective|p1a: Magnezone
|-damage|p1a: Magnezone|0 fnt
|-damage|p2a: Charizard|89\/297|[from] recoil|[of] p1a: Magnezone
|faint|p1a: Magnezone
|
|
|switch|p1a: Landorus-Therian|Landorus-Therian, M|150\/321
|-damage|p1a: Landorus-Therian|110\/321|[from] Stealth Rock
|-ability|p1a: Landorus-Therian|Intimidate|[of] p2a: Charizard
|-unboost|p2a: Charizard|atk|1
|turn|33
|
|move|p1a: Landorus-Therian|Stone Edge|p2a: Charizard
|-supereffective|p2a: Charizard
|-damage|p2a: Charizard|0 fnt
|faint|p2a: Charizard
|
|
|switch|p2a: Landorus-Therian|Landorus-Therian, M|318\/381
|-damage|p2a: Landorus-Therian|271\/381|[from] Stealth Rock
|-ability|p2a: Landorus-Therian|Intimidate|[of] p1a: Landorus-Therian
|-unboost|p1a: Landorus-Therian|atk|1
|turn|34
|
|move|p1a: Landorus-Therian|Stone Edge|p2a: Landorus-Therian
|-damage|p2a: Landorus-Therian|202\/381
|move|p2a: Landorus-Therian|Stone Edge|p1a: Landorus-Therian
|-damage|p1a: Landorus-Therian|0 fnt
|faint|p1a: Landorus-Therian
|
|-heal|p2a: Landorus-Therian|225\/381|[from] item: Leftovers
|
|switch|p1a: Medicham|Medicham-Mega, F|76\/261
|-damage|p1a: Medicham|60\/261|[from] Stealth Rock
|turn|35
|
|move|p1a: Medicham|Ice Punch|p2a: Landorus-Therian
|-supereffective|p2a: Landorus-Therian
|-damage|p2a: Landorus-Therian|0 fnt
|faint|p2a: Landorus-Therian
|
|
|switch|p2a: Latias|Latias, F|245\/341 tox
|-damage|p2a: Latias|203\/341 tox|[from] Stealth Rock
|turn|36
|
|switch|p1a: Latios|Latios, M|235\/302
|-damage|p1a: Latios|198\/302|[from] Stealth Rock
|move|p2a: Latias|Healing Wish|p2a: Latias
|faint|p2a: Latias
|
|
|switch|p2a: Raikou|Raikou|58\/321
|-heal|p2a: Raikou|321\/321|[from] move: Healing Wish
|-damage|p2a: Raikou|281\/321|[from] Stealth Rock
|-ability|p2a: Raikou|Pressure
|turn|37
|
|switch|p2a: Toxicroak|Toxicroak, M|148\/307
|-damage|p2a: Toxicroak|129\/307|[from] Stealth Rock
|move|p1a: Latios|Draco Meteor|p2a: Toxicroak
|-damage|p2a: Toxicroak|0 fnt
|-unboost|p1a: Latios|spa|2
|-damage|p1a: Latios|168\/302|[from] item: Life Orb
|faint|p2a: Toxicroak
|
|
|switch|p2a: Raikou|Raikou|281\/321
|-damage|p2a: Raikou|241\/321|[from] Stealth Rock
|-ability|p2a: Raikou|Pressure
|turn|38
|
|switch|p1a: Medicham|Medicham-Mega, F|60\/261
|-damage|p1a: Medicham|44\/261|[from] Stealth Rock
|move|p2a: Raikou|Shadow Ball|p1a: Medicham
|-supereffective|p1a: Medicham
|-damage|p1a: Medicham|0 fnt
|faint|p1a: Medicham
|
|
|switch|p1a: Keldeo|Keldeo|68\/323
|-damage|p1a: Keldeo|48\/323|[from] Stealth Rock
|turn|39
|
|move|p1a: Keldeo|Secret Sword|p2a: Raikou
|-damage|p2a: Raikou|37\/321
|move|p2a: Raikou|Shadow Ball|p1a: Keldeo
|-damage|p1a: Keldeo|0 fnt
|faint|p1a: Keldeo
|
|
|switch|p1a: Latios|Latios, M|168\/302
|-damage|p1a: Latios|131\/302|[from] Stealth Rock
|turn|40
|
|move|p2a: Raikou|Shadow Ball|p1a: Latios
|-crit|p1a: Latios
|-supereffective|p1a: Latios
|-damage|p1a: Latios|0 fnt
|faint|p1a: Latios
|
|win|ZephyrBurst
|raw|Ladder updating...
|c|âZephyrBurst|gg
|raw|lolegendaries's rating: 1476 &rarr; <strong>1458<\/strong><br \/>(-18 for losing)
|raw|ZephyrBurst's rating: 1501 &rarr; <strong>1519<\/strong><br \/>(+18 for winning)
|leave|lolegendaries
|player|p1