|join|Risky Chance
|join|ZephyrBurst
|player|p1|Risky Chance|117
|player|p2|ZephyrBurst|102
|gametype|singles
|gen|6
|tier|OU
|rated
|clearpoke
|poke|p1|Alomomola, M
|poke|p1|Gyarados, F
|poke|p1|Rotom-Mow
|poke|p1|Metagross
|poke|p1|Skarmory, F
|poke|p1|Clefable, M
|poke|p2|Chesnaught, M
|poke|p2|Bisharp, F
|poke|p2|Garchomp, M
|poke|p2|Sableye, M
|poke|p2|Jirachi
|poke|p2|Tentacruel, M
|rule|Swagger Clause: Swagger is banned
|rule|Baton Pass Clause: Limit one PokÃ©mon knowing Baton Pass
|rule|Sleep Clause Mod: Limit one foe put to sleep
|rule|Species Clause: Limit one of each PokÃ©mon
|rule|OHKO Clause: OHKO moves are banned
|rule|Moody Clause: Moody is banned
|rule|Evasion Moves Clause: Evasion moves are banned
|rule|Endless Battle Clause: Forcing endless battles is banned
|rule|HP Percentage Mod: HP is shown in percentages
|teampreview
|c|âRisky Chance|gl
|c|âZephyrBurst|^
|
|start
|switch|p1a: Skarmory|Skarmory, F|333\/333
|switch|p2a: Sableye|Sableye, M|304\/304
|turn|1
|
|switch|p1a: Rotom-Mow|Rotom-Mow|304\/304
|detailschange|p2a: Sableye|Sableye-Mega, M
|-mega|p2a: Sableye|Sableye|Sablenite
|move|p2a: Sableye|Will-O-Wisp|p1a: Rotom-Mow
|-status|p1a: Rotom-Mow|brn
|
|-damage|p1a: Rotom-Mow|266\/304 brn|[from] brn
|turn|2
|
|move|p1a: Rotom-Mow|Leaf Storm|p2a: Sableye|[miss]
|-miss|p1a: Rotom-Mow|p2a: Sableye
|move|p2a: Sableye|Recover|p2a: Sableye
|-fail|p2a: Sableye
|
|-heal|p1a: Rotom-Mow|285\/304 brn|[from] item: Leftovers
|-damage|p1a: Rotom-Mow|247\/304 brn|[from] brn
|turn|3
|
|move|p1a: Rotom-Mow|Volt Switch|p2a: Sableye
|-damage|p2a: Sableye|232\/304
|
|switch|p1a: Gyarados|Gyarados, F|331\/331
|-ability|p1a: Gyarados|Intimidate|[of] p2a: Sableye
|-unboost|p2a: Sableye|atk|1
|move|p2a: Sableye|Calm Mind|p2a: Sableye
|-boost|p2a: Sableye|spa|1
|-boost|p2a: Sableye|spd|1
|
|turn|4
|
|switch|p2a: Chesnaught|Chesnaught, M|380\/380
|detailschange|p1a: Gyarados|Gyarados-Mega, F
|-mega|p1a: Gyarados|Gyarados|Gyaradosite
|-ability|p1a: Gyarados|Mold Breaker
|move|p1a: Gyarados|Substitute|p1a: Gyarados
|-start|p1a: Gyarados|Substitute
|-damage|p1a: Gyarados|249\/331
|
|turn|5
|
|switch|p1a: Skarmory|Skarmory, F|333\/333
|move|p2a: Chesnaught|Drain Punch|p1a: Skarmory
|-damage|p1a: Skarmory|281\/333
|
|-heal|p1a: Skarmory|301\/333|[from] item: Leftovers
|turn|6
|
|switch|p1a: Clefable|Clefable, M|394\/394
|switch|p2a: Sableye|Sableye-Mega, M|232\/304
|
|turn|7
|
|switch|p1a: Gyarados|Gyarados-Mega, F|249\/331
|-ability|p1a: Gyarados|Mold Breaker
|switch|p2a: Tentacruel|Tentacruel, M|361\/361
|
|turn|8
|
|switch|p2a: Chesnaught|Chesnaught, M|380\/380
|move|p1a: Gyarados|Earthquake|p2a: Chesnaught
|-resisted|p2a: Chesnaught
|-damage|p2a: Chesnaught|342\/380
|
|-heal|p2a: Chesnaught|365\/380|[from] item: Leftovers
|turn|9
|
|switch|p1a: Skarmory|Skarmory, F|301\/333
|move|p2a: Chesnaught|Spikes|p1a: Skarmory
|-sidestart|p1: Risky Chance|Spikes
|
|-heal|p1a: Skarmory|321\/333|[from] item: Leftovers
|-heal|p2a: Chesnaught|380\/380|[from] item: Leftovers
|turn|10
|
|switch|p2a: Sableye|Sableye-Mega, M|232\/304
|move|p1a: Skarmory|Spikes|p2a: Sableye
|move|p2a: Sableye|Spikes|p1a: Skarmory|[from]Magic Bounce
|-sidestart|p1: Risky Chance|Spikes
|
|-heal|p1a: Skarmory|333\/333|[from] item: Leftovers
|turn|11
|
|move|p1a: Skarmory|Defog|p2a: Sableye
|move|p2a: Sableye|Defog|p1a: Skarmory|[from]Magic Bounce
|-unboost|p1a: Skarmory|evasion|1
|-sideend|p1: Risky Chance|Spikes|[from] move: Defog|[of] p1a: Skarmory
|move|p2a: Sableye|Recover|p2a: Sableye
|-heal|p2a: Sableye|304\/304
|
|turn|12
|
|switch|p1a: Clefable|Clefable, M|394\/394
|move|p2a: Sableye|Will-O-Wisp|p1a: Clefable
|-status|p1a: Clefable|brn
|
|turn|13
|
|switch|p1a: Skarmory|Skarmory, F|333\/333
|switch|p2a: Tentacruel|Tentacruel, M|361\/361
|
|turn|14
|
|switch|p2a: Sableye|Sableye-Mega, M|304\/304
|move|p1a: Skarmory|Taunt|p2a: Sableye
|move|p2a: Sableye|Taunt|p1a: Skarmory|[from]Magic Bounce
|-start|p1a: Skarmory|move: Taunt
|
|turn|15
|
|switch|p1a: Clefable|Clefable, M|394\/394 brn
|switch|p2a: Garchomp|Garchomp, M|420\/420
|
|turn|16
|
|switch|p2a: Jirachi|Jirachi|404\/404
|move|p1a: Clefable|Moonblast|p2a: Jirachi
|-resisted|p2a: Jirachi
|-damage|p2a: Jirachi|362\/404
|-unboost|p2a: Jirachi|spa|1
|
|-heal|p2a: Jirachi|387\/404|[from] item: Leftovers
|turn|17
|
|switch|p1a: Rotom-Mow|Rotom-Mow|247\/304 brn
|move|p2a: Jirachi|Iron Head|p1a: Rotom-Mow
|-resisted|p1a: Rotom-Mow
|-damage|p1a: Rotom-Mow|202\/304 brn
|
|-heal|p1a: Rotom-Mow|221\/304 brn|[from] item: Leftovers
|-heal|p2a: Jirachi|404\/404|[from] item: Leftovers
|-damage|p1a: Rotom-Mow|183\/304 brn|[from] brn
|turn|18
|
|move|p1a: Rotom-Mow|Will-O-Wisp|p2a: Jirachi
|-status|p2a: Jirachi|brn
|move|p2a: Jirachi|U-turn|p1a: Rotom-Mow
|-supereffective|p1a: Rotom-Mow
|-damage|p1a: Rotom-Mow|133\/304 brn
|
|switch|p2a: Sableye|Sableye-Mega, M|304\/304
|
|-heal|p1a: Rotom-Mow|152\/304 brn|[from] item: Leftovers
|-damage|p1a: Rotom-Mow|114\/304 brn|[from] brn
|turn|19
|
|move|p1a: Rotom-Mow|Pain Split|p2a: Sableye
|-sethp|p2a: Sableye|209\/304|p1a: Rotom-Mow|209\/304 brn|[from] move: Pain Split
|move|p2a: Sableye|Shadow Ball|p1a: Rotom-Mow
|-damage|p1a: Rotom-Mow|145\/304 brn
|
|-heal|p1a: Rotom-Mow|164\/304 brn|[from] item: Leftovers
|-damage|p1a: Rotom-Mow|126\/304 brn|[from] brn
|turn|20
|
|move|p1a: Rotom-Mow|Leaf Storm|p2a: Sableye
|-damage|p2a: Sableye|79\/304
|-unboost|p1a: Rotom-Mow|spa|2
|move|p2a: Sableye|Recover|p2a: Sableye
|-heal|p2a: Sableye|231\/304
|
|-heal|p1a: Rotom-Mow|145\/304 brn|[from] item: Leftovers
|-damage|p1a: Rotom-Mow|107\/304 brn|[from] brn
|turn|21
|
|move|p1a: Rotom-Mow|Volt Switch|p2a: Sableye
|-damage|p2a: Sableye|191\/304
|
|switch|p1a: Clefable|Clefable, M|394\/394 brn
|move|p2a: Sableye|Calm Mind|p2a: Sableye
|-boost|p2a: Sableye|spa|1
|-boost|p2a: Sableye|spd|1
|
|turn|22
|
|switch|p2a: Jirachi|Jirachi|404\/404 brn
|move|p1a: Clefable|Moonblast|p2a: Jirachi
|-resisted|p2a: Jirachi
|-damage|p2a: Jirachi|365\/404 brn
|
|-heal|p2a: Jirachi|390\/404 brn|[from] item: Leftovers
|-damage|p2a: Jirachi|340\/404 brn|[from] brn
|turn|23
|
|switch|p1a: Skarmory|Skarmory, F|333\/333
|move|p2a: Jirachi|U-turn|p1a: Skarmory
|-resisted|p1a: Skarmory
|-damage|p1a: Skarmory|330\/333
|
|switch|p2a: Sableye|Sableye-Mega, M|191\/304
|
|-heal|p1a: Skarmory|333\/333|[from] item: Leftovers
|turn|24
|
|switch|p1a: Clefable|Clefable, M|394\/394 brn
|move|p2a: Sableye|Will-O-Wisp|p1a: Clefable
|-fail|p1a: Clefable|brn
|
|turn|25
|
|switch|p2a: Tentacruel|Tentacruel, M|361\/361
|move|p1a: Clefable|Flamethrower|p2a: Tentacruel
|-resisted|p2a: Tentacruel
|-damage|p2a: Tentacruel|340\/361
|
|-heal|p2a: Tentacruel|361\/361|[from] item: Black Sludge
|turn|26
|
|move|p2a: Tentacruel|Acid Spray|p1a: Clefable
|-supereffective|p1a: Clefable
|-damage|p1a: Clefable|328\/394 brn
|-unboost|p1a: Clefable|spd|2
|move|p1a: Clefable|Flamethrower|p2a: Tentacruel
|-resisted|p2a: Tentacruel
|-damage|p2a: Tentacruel|340\/361
|-status|p2a: Tentacruel|brn
|
|-heal|p2a: Tentacruel|361\/361 brn|[from] item: Black Sludge
|-heal|p1a: Clefable|352\/394 brn|[from] item: Leftovers
|-damage|p2a: Tentacruel|316\/361 brn|[from] brn
|turn|27
|c|âRisky Chance|I can't believe I got that so quickly
|
|switch|p1a: Skarmory|Skarmory, F|333\/333
|move|p2a: Tentacruel|Acid Spray|p1a: Skarmory
|-immune|p1a: Skarmory|[msg]
|
|-heal|p2a: Tentacruel|338\/361 brn|[from] item: Black Sludge
|-damage|p2a: Tentacruel|293\/361 brn|[from] brn
|turn|28
|
|switch|p1a: Clefable|Clefable, M|352\/394 brn
|move|p2a: Tentacruel|Toxic Spikes|p1a: Clefable
|-sidestart|p1: Risky Chance|move: Toxic Spikes
|
|-heal|p2a: Tentacruel|315\/361 brn|[from] item: Black Sludge
|-heal|p1a: Clefable|376\/394 brn|[from] item: Leftovers
|-damage|p2a: Tentacruel|270\/361 brn|[from] brn
|turn|29
|
|switch|p1a: Skarmory|Skarmory, F|333\/333
|move|p2a: Tentacruel|Toxic Spikes|p1a: Skarmory
|-sidestart|p1: Risky Chance|move: Toxic Spikes
|
|-heal|p2a: Tentacruel|292\/361 brn|[from] item: Black Sludge
|-damage|p2a: Tentacruel|247\/361 brn|[from] brn
|turn|30
|
|switch|p2a: Bisharp|Bisharp, F|271\/271
|switch|p1a: Rotom-Mow|Rotom-Mow|107\/304 brn
|
|-heal|p1a: Rotom-Mow|126\/304 brn|[from] item: Leftovers
|-damage|p1a: Rotom-Mow|88\/304 brn|[from] brn
|turn|31
|
|move|p1a: Rotom-Mow|Will-O-Wisp|p2a: Bisharp
|-status|p2a: Bisharp|brn
|move|p2a: Bisharp|Knock Off|p1a: Rotom-Mow
|-damage|p1a: Rotom-Mow|0 fnt
|-enditem|p1a: Rotom-Mow|Leftovers|[from] move: Knock Off|[of] p2a: Bisharp
|faint|p1a: Rotom-Mow
|
|-damage|p2a: Bisharp|238\/271 brn|[from] brn
|
|switch|p1a: Skarmory|Skarmory, F|333\/333
|turn|32
|
|move|p2a: Bisharp|Swords Dance|p2a: Bisharp
|-boost|p2a: Bisharp|atk|2
|move|p1a: Skarmory|Taunt|p2a: Bisharp
|-start|p2a: Bisharp|move: Taunt
|
|-damage|p2a: Bisharp|205\/271 brn|[from] brn
|turn|33
|
|switch|p1a: Gyarados|Gyarados-Mega, F|249\/331
|-status|p1a: Gyarados|tox
|-ability|p1a: Gyarados|Mold Breaker
|move|p2a: Bisharp|Knock Off|p1a: Gyarados
|-resisted|p1a: Gyarados
|-damage|p1a: Gyarados|190\/331 tox
|
|-damage|p1a: Gyarados|170\/331 tox|[from] psn
|-damage|p2a: Bisharp|172\/271 brn|[from] brn
|turn|34
|
|switch|p2a: Chesnaught|Chesnaught, M|380\/380
|move|p1a: Gyarados|Earthquake|p2a: Chesnaught
|-resisted|p2a: Chesnaught
|-damage|p2a: Chesnaught|337\/380
|
|-heal|p2a: Chesnaught|360\/380|[from] item: Leftovers
|-damage|p1a: Gyarados|130\/331 tox|[from] psn
|turn|35
|
|switch|p1a: Clefable|Clefable, M|376\/394 brn
|move|p2a: Chesnaught|Spikes|p1a: Clefable
|-sidestart|p1: Risky Chance|Spikes
|
|-heal|p2a: Chesnaught|380\/380|[from] item: Leftovers
|-heal|p1a: Clefable|394\/394 brn|[from] item: Leftovers
|turn|36
|
|switch|p2a: Tentacruel|Tentacruel, M|247\/361 brn
|switch|p1a: Skarmory|Skarmory, F|333\/333
|
|-heal|p2a: Tentacruel|269\/361 brn|[from] item: Black Sludge
|-damage|p2a: Tentacruel|224\/361 brn|[from] brn
|turn|37
|
|move|p2a: Tentacruel|Scald|p1a: Skarmory
|-damage|p1a: Skarmory|225\/333
|move|p1a: Skarmory|Defog|p2a: Tentacruel
|-unboost|p2a: Tentacruel|evasion|1
|-sideend|p1: Risky Chance|Spikes|[from] move: Defog|[of] p1a: Skarmory
|-sideend|p1: Risky Chance|Toxic Spikes|[from] move: Defog|[of] p1a: Skarmory
|
|-heal|p2a: Tentacruel|246\/361 brn|[from] item: Black Sludge
|-heal|p1a: Skarmory|245\/333|[from] item: Leftovers
|-damage|p2a: Tentacruel|201\/361 brn|[from] brn
|turn|38
|
|switch|p2a: Jirachi|Jirachi|340\/404 brn
|switch|p1a: Clefable|Clefable, M|394\/394 brn
|
|-heal|p2a: Jirachi|365\/404 brn|[from] item: Leftovers
|-damage|p2a: Jirachi|315\/404 brn|[from] brn
|turn|39
|
|switch|p1a: Alomomola|Alomomola, M|513\/513
|move|p2a: Jirachi|Wish|p2a: Jirachi
|
|-heal|p2a: Jirachi|340\/404 brn|[from] item: Leftovers
|-damage|p2a: Jirachi|290\/404 brn|[from] brn
|turn|40
|
|move|p2a: Jirachi|U-turn|p1a: Alomomola
|-damage|p1a: Alomomola|483\/513
|
|switch|p2a: Garchomp|Garchomp, M|420\/420
|move|p1a: Alomomola|Knock Off|p2a: Garchomp
|-damage|p2a: Garchomp|377\/420
|-damage|p1a: Alomomola|419\/513|[from] ability: Rough Skin|[of] p2a: Garchomp
|-damage|p1a: Alomomola|334\/513|[from] item: Rocky Helmet|[of] p2a: Garchomp
|-enditem|p2a: Garchomp|Rocky Helmet|[from] move: Knock Off|[of] p1a: Alomomola
|
|-heal|p2a: Garchomp|420\/420|[from] move: Wish|[wisher] Jirachi
|-heal|p1a: Alomomola|366\/513|[from] item: Leftovers
|turn|41
|
|move|p2a: Garchomp|Toxic|p1a: Alomomola
|-status|p1a: Alomomola|tox
|move|p1a: Alomomola|Toxic|p2a: Garchomp
|-status|p2a: Garchomp|tox
|
|-heal|p1a: Alomomola|398\/513 tox|[from] item: Leftovers
|-damage|p2a: Garchomp|394\/420 tox|[from] psn
|-damage|p1a: Alomomola|366\/513 tox|[from] psn
|turn|42
|
|switch|p1a: Clefable|Clefable, M|394\/394 brn
|move|p2a: Garchomp|Stealth Rock|p1a: Clefable
|-sidestart|p1: Risky Chance|move: Stealth Rock
|
|-damage|p2a: Garchomp|342\/420 tox|[from] psn
|turn|43
|c|âZephyrBurst|man if tentacruel wasnt burned
|c|âZephyrBurst|this game would be so much easier
|
|switch|p2a: Jirachi|Jirachi|290\/404 brn
|move|p1a: Clefable|Moonblast|p2a: Jirachi
|-crit|p2a: Jirachi
|-resisted|p2a: Jirachi
|-damage|p2a: Jirachi|231\/404 brn
|
|-heal|p2a: Jirachi|256\/404 brn|[from] item: Leftovers
|-damage|p2a: Jirachi|206\/404 brn|[from] brn
|turn|44
|
|move|p2a: Jirachi|Wish|p2a: Jirachi
|move|p1a: Clefable|Flamethrower|p2a: Jirachi
|-supereffective|p2a: Jirachi
|-damage|p2a: Jirachi|100\/404 brn
|
|-heal|p2a: Jirachi|125\/404 brn|[from] item: Leftovers
|-damage|p2a: Jirachi|75\/404 brn|[from] brn
|turn|45
|
|switch|p2a: Tentacruel|Tentacruel, M|201\/361 brn
|move|p1a: Clefable|Flamethrower|p2a: Tentacruel
|-resisted|p2a: Tentacruel
|-damage|p2a: Tentacruel|181\/361 brn
|
|-heal|p2a: Tentacruel|361\/361 brn|[from] move: Wish|[wisher] Jirachi
|-damage|p2a: Tentacruel|316\/361 brn|[from] brn
|turn|46
|
|switch|p1a: Metagross|Metagross|309\/309
|-damage|p1a: Metagross|290\/309|[from] Stealth Rock
|move|p2a: Tentacruel|Scald|p1a: Metagross
|-damage|p1a: Metagross|205\/309
|-status|p1a: Metagross|brn
|-enditem|p1a: Metagross|Lum Berry|[eat]
|-curestatus|p1a: Metagross|brn
|
|-heal|p2a: Tentacruel|338\/361 brn|[from] item: Black Sludge
|-damage|p2a: Tentacruel|293\/361 brn|[from] brn
|turn|47
|
|switch|p2a: Sableye|Sableye-Mega, M|191\/304
|move|p1a: Metagross|Agility|p1a: Metagross
|-boost|p1a: Metagross|spe|2
|
|turn|48
|
|move|p1a: Metagross|Iron Head|p2a: Sableye
|-damage|p2a: Sableye|91\/304
|move|p2a: Sableye|Recover|p2a: Sableye
|-heal|p2a: Sableye|243\/304
|
|turn|49
|
|switch|p1a: Clefable|Clefable, M|394\/394 brn
|move|p2a: Sableye|Will-O-Wisp|p1a: Clefable|[miss]
|-miss|p2a: Sableye|p1a: Clefable
|
|turn|50
|
|switch|p1a: Skarmory|Skarmory, F|245\/333
|-damage|p1a: Skarmory|204\/333|[from] Stealth Rock
|switch|p2a: Tentacruel|Tentacruel, M|293\/361 brn
|
|-heal|p2a: Tentacruel|315\/361 brn|[from] item: Black Sludge
|-heal|p1a: Skarmory|224\/333|[from] item: Leftovers
|-damage|p2a: Tentacruel|270\/361 brn|[from] brn
|turn|51
|
|move|p2a: Tentacruel|Scald|p1a: Skarmory
|-damage|p1a: Skarmory|125\/333
|move|p1a: Skarmory|Spikes|p2a: Tentacruel
|-sidestart|p2: ZephyrBurst|Spikes
|
|-heal|p2a: Tentacruel|292\/361 brn|[from] item: Black Sludge
|-heal|p1a: Skarmory|145\/333|[from] item: Leftovers
|-damage|p2a: Tentacruel|247\/361 brn|[from] brn
|turn|52
|
|switch|p1a: Alomomola|Alomomola, M|513\/513 tox
|-damage|p1a: Alomomola|449\/513 tox|[from] Stealth Rock
|move|p2a: Tentacruel|Scald|p1a: Alomomola
|-resisted|p1a: Alomomola
|-damage|p1a: Alomomola|406\/513 tox
|
|-heal|p2a: Tentacruel|269\/361 brn|[from] item: Black Sludge
|-heal|p1a: Alomomola|438\/513 tox|[from] item: Leftovers
|-damage|p2a: Tentacruel|224\/361 brn|[from] brn
|-damage|p1a: Alomomola|406\/513 tox|[from] psn
|turn|53
|
|switch|p1a: Clefable|Clefable, M|394\/394 brn
|move|p2a: Tentacruel|Rapid Spin|p1a: Clefable
|-damage|p1a: Clefable|385\/394 brn
|-sideend|p2: ZephyrBurst|Spikes|[from] move: Rapid Spin|[of] p2a: Tentacruel
|
|-heal|p2a: Tentacruel|246\/361 brn|[from] item: Black Sludge
|-heal|p1a: Clefable|394\/394 brn|[from] item: Leftovers
|-damage|p2a: Tentacruel|201\/361 brn|[from] brn
|turn|54
|c|âRisky Chance|That took guts
|c|âRisky Chance|I'm impressed actually
|
|switch|p1a: Alomomola|Alomomola, M|513\/513 tox
|-damage|p1a: Alomomola|449\/513 tox|[from] Stealth Rock
|move|p2a: Tentacruel|Acid Spray|p1a: Alomomola
|-damage|p1a: Alomomola|406\/513 tox
|-unboost|p1a: Alomomola|spd|2
|
|-heal|p2a: Tentacruel|223\/361 brn|[from] item: Black Sludge
|-heal|p1a: Alomomola|438\/513 tox|[from] item: Leftovers
|-damage|p2a: Tentacruel|178\/361 brn|[from] brn
|-damage|p1a: Alomomola|406\/513 tox|[from] psn
|turn|55
|
|switch|p2a: Garchomp|Garchomp, M|342\/420 tox
|switch|p1a: Clefable|Clefable, M|394\/394 brn
|
|-damage|p2a: Garchomp|316\/420 tox|[from] psn
|turn|56
|
|move|p2a: Garchomp|Earthquake|p1a: Clefable
|-damage|p1a: Clefable|190\/394 brn
|move|p1a: Clefable|Moonblast|p2a: Garchomp
|-supereffective|p2a: Garchomp
|-damage|p2a: Garchomp|76\/420 tox
|
|-heal|p1a: Clefable|214\/394 brn|[from] item: Leftovers
|-damage|p2a: Garchomp|24\/420 tox|[from] psn
|turn|57
|-message|ZephyrBurst forfeited.
|leave|ZephyrBurst
|
|win|Risky Chance
|raw|Ladder updating...
|player|p2
|raw|Risky Chance's rating: 1522 &rarr; <strong>1543<\/strong><br \/>(+21 for winning)
|raw|ZephyrBurst's rating: 1544 &rarr; <strong>1522<\/strong><br \/>(-22 for losing)