|join|ZephyrBurst
|join|Megascizor94
|player|p1|ZephyrBurst|102
|player|p2|Megascizor94|1
|gametype|singles
|gen|6
|tier|OU
|rated
|clearpoke
|poke|p1|Chesnaught, M
|poke|p1|Bisharp, M
|poke|p1|Garchomp, F
|poke|p1|Sableye, M
|poke|p1|Jirachi
|poke|p1|Tentacruel, M
|poke|p2|Metagross
|poke|p2|Keldeo
|poke|p2|Rotom-Wash
|poke|p2|Landorus-Therian, M
|poke|p2|Heatran, F
|poke|p2|Latios, M
|rule|Swagger Clause: Swagger is banned
|rule|Baton Pass Clause: Limit one PokÃ©mon knowing Baton Pass
|rule|Sleep Clause Mod: Limit one foe put to sleep
|rule|Species Clause: Limit one of each PokÃ©mon
|rule|OHKO Clause: OHKO moves are banned
|rule|Moody Clause: Moody is banned
|rule|Evasion Moves Clause: Evasion moves are banned
|rule|Endless Battle Clause: Forcing endless battles is banned
|rule|HP Percentage Mod: HP is shown in percentages
|teampreview
|c|âMegascizor94|gl hf
|
|start
|switch|p1a: Sableye|Sableye, M|304\/304
|switch|p2a: Heatran|Heatran, F|386\/386
|turn|1
|
|detailschange|p1a: Sableye|Sableye-Mega, M
|-mega|p1a: Sableye|Sableye|Sablenite
|move|p1a: Sableye|Calm Mind|p1a: Sableye
|-boost|p1a: Sableye|spa|1
|-boost|p1a: Sableye|spd|1
|move|p2a: Heatran|Lava Plume|p1a: Sableye
|-damage|p1a: Sableye|237\/304
|
|turn|2
|
|switch|p1a: Garchomp|Garchomp, F|420\/420
|move|p2a: Heatran|Lava Plume|p1a: Garchomp
|-resisted|p1a: Garchomp
|-damage|p1a: Garchomp|347\/420
|
|turn|3
|
|switch|p2a: Latios|Latios, M|299\/299
|move|p1a: Garchomp|Earthquake|p2a: Latios
|-immune|p2a: Latios|[msg]
|
|turn|4
|
|switch|p1a: Jirachi|Jirachi|404\/404
|move|p2a: Latios|Draco Meteor|p1a: Jirachi
|-resisted|p1a: Jirachi
|-damage|p1a: Jirachi|319\/404
|-unboost|p2a: Latios|spa|2
|
|-heal|p1a: Jirachi|344\/404|[from] item: Leftovers
|turn|5
|
|switch|p2a: Landorus-Therian|Landorus-Therian, M|330\/330
|-ability|p2a: Landorus-Therian|Intimidate|[of] p1a: Jirachi
|-unboost|p1a: Jirachi|atk|1
|move|p1a: Jirachi|U-turn|p2a: Landorus-Therian
|-resisted|p2a: Landorus-Therian
|-damage|p2a: Landorus-Therian|310\/330
|
|switch|p1a: Garchomp|Garchomp, F|347\/420
|
|turn|6
|
|move|p2a: Landorus-Therian|U-turn|p1a: Garchomp
|-damage|p1a: Garchomp|271\/420
|-damage|p2a: Landorus-Therian|269\/330|[from] ability: Rough Skin|[of] p1a: Garchomp
|-damage|p2a: Landorus-Therian|214\/330|[from] item: Rocky Helmet|[of] p1a: Garchomp
|
|switch|p2a: Rotom-Wash|Rotom-Wash|303\/303
|move|p1a: Garchomp|Stealth Rock|p2a: Rotom-Wash
|-sidestart|p2: Megascizor94|move: Stealth Rock
|
|turn|7
|
|move|p1a: Garchomp|Toxic|p2a: Rotom-Wash
|-status|p2a: Rotom-Wash|tox
|move|p2a: Rotom-Wash|Hydro Pump|p1a: Garchomp
|-damage|p1a: Garchomp|103\/420
|
|-damage|p2a: Rotom-Wash|285\/303 tox|[from] psn
|turn|8
|
|switch|p1a: Jirachi|Jirachi|344\/404
|move|p2a: Rotom-Wash|Hydro Pump|p1a: Jirachi
|-damage|p1a: Jirachi|251\/404
|
|-heal|p1a: Jirachi|276\/404|[from] item: Leftovers
|-heal|p2a: Rotom-Wash|303\/303 tox|[from] item: Leftovers
|-damage|p2a: Rotom-Wash|267\/303 tox|[from] psn
|turn|9
|
|move|p1a: Jirachi|U-turn|p2a: Rotom-Wash
|-damage|p2a: Rotom-Wash|226\/303 tox
|
|switch|p1a: Sableye|Sableye-Mega, M|237\/304
|move|p2a: Rotom-Wash|Volt Switch|p1a: Sableye
|-damage|p1a: Sableye|158\/304
|
|switch|p2a: Keldeo|Keldeo|324\/324
|-damage|p2a: Keldeo|304\/324|[from] Stealth Rock
|
|-heal|p2a: Keldeo|324\/324|[from] item: Leftovers
|turn|10
|
|switch|p1a: Chesnaught|Chesnaught, M|380\/380
|move|p2a: Keldeo|Substitute|p2a: Keldeo
|-start|p2a: Keldeo|Substitute
|-damage|p2a: Keldeo|243\/324
|
|-heal|p2a: Keldeo|263\/324|[from] item: Leftovers
|turn|11
|
|move|p2a: Keldeo|Scald|p1a: Chesnaught
|-resisted|p1a: Chesnaught
|-damage|p1a: Chesnaught|294\/380
|move|p1a: Chesnaught|Drain Punch|p2a: Keldeo
|-crit|p2a: Keldeo
|-end|p2a: Keldeo|Substitute
|-heal|p1a: Chesnaught|335\/380|[from] drain|[of] p2a: Keldeo
|
|-heal|p2a: Keldeo|283\/324|[from] item: Leftovers
|-heal|p1a: Chesnaught|358\/380|[from] item: Leftovers
|turn|12
|
|move|p2a: Keldeo|Substitute|p2a: Keldeo
|-start|p2a: Keldeo|Substitute
|-damage|p2a: Keldeo|202\/324
|move|p1a: Chesnaught|Seed Bomb|p2a: Keldeo
|-supereffective|p2a: Keldeo
|-end|p2a: Keldeo|Substitute
|
|-heal|p2a: Keldeo|222\/324|[from] item: Leftovers
|-heal|p1a: Chesnaught|380\/380|[from] item: Leftovers
|turn|13
|
|switch|p2a: Landorus-Therian|Landorus-Therian, M|214\/330
|-damage|p2a: Landorus-Therian|173\/330|[from] Stealth Rock
|-ability|p2a: Landorus-Therian|Intimidate|[of] p1a: Chesnaught
|-unboost|p1a: Chesnaught|atk|1
|move|p1a: Chesnaught|Seed Bomb|p2a: Landorus-Therian
|-damage|p2a: Landorus-Therian|103\/330
|
|turn|14
|
|switch|p2a: Latios|Latios, M|299\/299
|-damage|p2a: Latios|262\/299|[from] Stealth Rock
|move|p1a: Chesnaught|Spiky Shield|p1a: Chesnaught
|-fail|p1a: Chesnaught
|
|turn|15
|
|switch|p1a: Bisharp|Bisharp, M|271\/271
|move|p2a: Latios|Psyshock|p1a: Bisharp
|-immune|p1a: Bisharp|[msg]
|
|turn|16
|
|switch|p2a: Keldeo|Keldeo|222\/324
|-damage|p2a: Keldeo|202\/324|[from] Stealth Rock
|move|p1a: Bisharp|Knock Off|p2a: Keldeo
|-resisted|p2a: Keldeo
|-damage|p2a: Keldeo|84\/324
|-boost|p2a: Keldeo|atk|1|[from] ability: Justified
|-enditem|p2a: Keldeo|Leftovers|[from] move: Knock Off|[of] p1a: Bisharp
|
|turn|17
|
|move|p1a: Bisharp|Sucker Punch|p2a: Keldeo
|-fail|p2a: Keldeo
|move|p2a: Keldeo|Substitute|p2a: Keldeo
|-start|p2a: Keldeo|Substitute
|-damage|p2a: Keldeo|3\/324
|
|turn|18
|
|switch|p1a: Chesnaught|Chesnaught, M|380\/380
|move|p2a: Keldeo|Secret Sword|p1a: Chesnaught
|-damage|p1a: Chesnaught|287\/380
|
|-heal|p1a: Chesnaught|310\/380|[from] item: Leftovers
|turn|19
|
|move|p2a: Keldeo|Scald|p1a: Chesnaught
|-resisted|p1a: Chesnaught
|-damage|p1a: Chesnaught|218\/380
|move|p1a: Chesnaught|Seed Bomb|p2a: Keldeo
|-supereffective|p2a: Keldeo
|-end|p2a: Keldeo|Substitute
|
|-heal|p1a: Chesnaught|241\/380|[from] item: Leftovers
|turn|20
|
|move|p2a: Keldeo|Scald|p1a: Chesnaught
|-resisted|p1a: Chesnaught
|-damage|p1a: Chesnaught|153\/380
|move|p1a: Chesnaught|Drain Punch|p2a: Keldeo
|-damage|p2a: Keldeo|0 fnt
|-heal|p1a: Chesnaught|155\/380|[from] drain|[of] p2a: Keldeo
|faint|p2a: Keldeo
|
|-heal|p1a: Chesnaught|178\/380|[from] item: Leftovers
|
|switch|p2a: Rotom-Wash|Rotom-Wash|226\/303 tox
|-damage|p2a: Rotom-Wash|189\/303 tox|[from] Stealth Rock
|turn|21
|
|switch|p1a: Sableye|Sableye-Mega, M|158\/304
|move|p2a: Rotom-Wash|Volt Switch|p1a: Sableye
|-damage|p1a: Sableye|80\/304
|
|switch|p2a: Landorus-Therian|Landorus-Therian, M|103\/330
|-damage|p2a: Landorus-Therian|62\/330|[from] Stealth Rock
|-ability|p2a: Landorus-Therian|Intimidate|[of] p1a: Sableye
|-unboost|p1a: Sableye|atk|1
|
|turn|22
|
|switch|p1a: Chesnaught|Chesnaught, M|178\/380
|move|p2a: Landorus-Therian|Earthquake|p1a: Chesnaught
|-resisted|p1a: Chesnaught
|-damage|p1a: Chesnaught|113\/380
|
|-heal|p1a: Chesnaught|136\/380|[from] item: Leftovers
|turn|23
|
|switch|p2a: Latios|Latios, M|262\/299
|-damage|p2a: Latios|225\/299|[from] Stealth Rock
|move|p1a: Chesnaught|Spikes|p2a: Latios
|-sidestart|p2: Megascizor94|Spikes
|
|-heal|p1a: Chesnaught|159\/380|[from] item: Leftovers
|turn|24
|
|switch|p1a: Jirachi|Jirachi|276\/404
|move|p2a: Latios|Draco Meteor|p1a: Jirachi|[miss]
|-miss|p2a: Latios|p1a: Jirachi
|
|-heal|p1a: Jirachi|301\/404|[from] item: Leftovers
|turn|25
|
|switch|p2a: Rotom-Wash|Rotom-Wash|189\/303 tox
|-damage|p2a: Rotom-Wash|152\/303 tox|[from] Stealth Rock
|move|p1a: Jirachi|Wish|p1a: Jirachi
|
|-heal|p1a: Jirachi|326\/404|[from] item: Leftovers
|-heal|p2a: Rotom-Wash|170\/303 tox|[from] item: Leftovers
|-damage|p2a: Rotom-Wash|152\/303 tox|[from] psn
|turn|26
|
|move|p1a: Jirachi|U-turn|p2a: Rotom-Wash
|-damage|p2a: Rotom-Wash|115\/303 tox
|
|switch|p1a: Bisharp|Bisharp, M|271\/271
|move|p2a: Rotom-Wash|Pain Split|p1a: Bisharp
|-sethp|p1a: Bisharp|193\/271|p2a: Rotom-Wash|193\/303 tox|[from] move: Pain Split
|
|-heal|p1a: Bisharp|271\/271|[from] move: Wish|[wisher] Jirachi
|-heal|p2a: Rotom-Wash|211\/303 tox|[from] item: Leftovers
|-damage|p2a: Rotom-Wash|175\/303 tox|[from] psn
|turn|27
|
|switch|p1a: Sableye|Sableye-Mega, M|80\/304
|move|p2a: Rotom-Wash|Will-O-Wisp|p1a: Sableye
|move|p1a: Sableye|Will-O-Wisp|p2a: Rotom-Wash|[from]Magic Bounce
|-fail|p2a: Rotom-Wash
|
|-heal|p2a: Rotom-Wash|193\/303 tox|[from] item: Leftovers
|-damage|p2a: Rotom-Wash|139\/303 tox|[from] psn
|turn|28
|
|switch|p1a: Chesnaught|Chesnaught, M|159\/380
|move|p2a: Rotom-Wash|Hydro Pump|p1a: Chesnaught
|-resisted|p1a: Chesnaught
|-damage|p1a: Chesnaught|70\/380
|
|-heal|p2a: Rotom-Wash|157\/303 tox|[from] item: Leftovers
|-heal|p1a: Chesnaught|93\/380|[from] item: Leftovers
|-damage|p2a: Rotom-Wash|85\/303 tox|[from] psn
|turn|29
|
|move|p1a: Chesnaught|Spiky Shield|p1a: Chesnaught
|-singleturn|p1a: Chesnaught|move: Protect
|move|p2a: Rotom-Wash|Hydro Pump|p1a: Chesnaught
|-activate|p1a: Chesnaught|move: Protect
|
|-heal|p2a: Rotom-Wash|103\/303 tox|[from] item: Leftovers
|-heal|p1a: Chesnaught|116\/380|[from] item: Leftovers
|-damage|p2a: Rotom-Wash|13\/303 tox|[from] psn
|turn|30
|
|move|p2a: Rotom-Wash|Hydro Pump|p1a: Chesnaught
|-resisted|p1a: Chesnaught
|-damage|p1a: Chesnaught|27\/380
|move|p1a: Chesnaught|Spikes|p2a: Rotom-Wash
|-sidestart|p2: Megascizor94|Spikes
|
|-heal|p2a: Rotom-Wash|31\/303 tox|[from] item: Leftovers
|-heal|p1a: Chesnaught|50\/380|[from] item: Leftovers
|-damage|p2a: Rotom-Wash|0 fnt|[from] psn
|faint|p2a: Rotom-Wash
|
|switch|p2a: Latios|Latios, M|225\/299
|-damage|p2a: Latios|188\/299|[from] Stealth Rock
|turn|31
|
|switch|p1a: Bisharp|Bisharp, M|271\/271
|move|p2a: Latios|Draco Meteor|p1a: Bisharp
|-resisted|p1a: Bisharp
|-damage|p1a: Bisharp|127\/271
|-unboost|p2a: Latios|spa|2
|
|turn|32
|
|move|p2a: Latios|Draco Meteor|p1a: Bisharp
|-resisted|p1a: Bisharp
|-damage|p1a: Bisharp|50\/271
|-unboost|p2a: Latios|spa|2
|move|p1a: Bisharp|Swords Dance|p1a: Bisharp
|-boost|p1a: Bisharp|atk|2
|
|turn|33
|
|move|p1a: Bisharp|Sucker Punch|p2a: Latios
|-crit|p2a: Latios
|-supereffective|p2a: Latios
|-damage|p2a: Latios|0 fnt
|faint|p2a: Latios
|
|
|switch|p2a: Heatran|Heatran, F|386\/386
|-damage|p2a: Heatran|322\/386|[from] Spikes
|-damage|p2a: Heatran|274\/386|[from] Stealth Rock
|turn|34
|
|move|p1a: Bisharp|Knock Off|p2a: Heatran
|-damage|p2a: Heatran|0 fnt
|-enditem|p2a: Heatran|Leftovers|[from] move: Knock Off|[of] p1a: Bisharp
|faint|p2a: Heatran
|
|c|âMegascizor94|gg
|
|switch|p2a: Landorus-Therian|Landorus-Therian, M|62\/330
|-damage|p2a: Landorus-Therian|21\/330|[from] Stealth Rock
|-ability|p2a: Landorus-Therian|Intimidate|[of] p1a: Bisharp
|-unboost|p1a: Bisharp|atk|1
|-boost|p1a: Bisharp|atk|2|[from] ability: Defiant
|turn|35
|c|âZephyrBurst|gg
|
|move|p1a: Bisharp|Sucker Punch|p2a: Landorus-Therian
|-damage|p2a: Landorus-Therian|0 fnt
|faint|p2a: Landorus-Therian
|
|
|switch|p2a: Metagross|Metagross|302\/302
|-damage|p2a: Metagross|252\/302|[from] Spikes
|-damage|p2a: Metagross|234\/302|[from] Stealth Rock
|turn|36
|
|detailschange|p2a: Metagross|Metagross-Mega
|-mega|p2a: Metagross|Metagross|Metagrossite
|move|p1a: Bisharp|Sucker Punch|p2a: Metagross
|-supereffective|p2a: Metagross
|-damage|p2a: Metagross|0 fnt
|faint|p2a: Metagross
|
|win|ZephyrBurst
|raw|Ladder updating...
|raw|ZephyrBurst's rating: 1546 &rarr; <strong>1572<\/strong><br \/>(+26 for winning)
|raw|Megascizor94's rating: 1654 &rarr; <strong>1628<\/strong><br \/>(-26 for losing)