|join|ZephyrBurst
|join|Photo Destination
|player|p1|ZephyrBurst|102
|player|p2|Photo Destination|62
|gametype|singles
|gen|6
|tier|OU
|rated
|clearpoke
|poke|p1|Chesnaught, F
|poke|p1|Bisharp, M
|poke|p1|Garchomp, F
|poke|p1|Sableye, M
|poke|p1|Jirachi
|poke|p1|Tentacruel, F
|poke|p2|Sylveon, F
|poke|p2|Scizor, M
|poke|p2|Keldeo-Resolute
|poke|p2|Latias, F
|poke|p2|Garchomp, F
|poke|p2|Talonflame, M
|rule|Swagger Clause: Swagger is banned
|rule|Baton Pass Clause: Limit one PokÃ©mon knowing Baton Pass
|rule|Sleep Clause Mod: Limit one foe put to sleep
|rule|Species Clause: Limit one of each PokÃ©mon
|rule|OHKO Clause: OHKO moves are banned
|rule|Moody Clause: Moody is banned
|rule|Evasion Moves Clause: Evasion moves are banned
|rule|Endless Battle Clause: Forcing endless battles is banned
|rule|HP Percentage Mod: HP is shown in percentages
|teampreview
|
|start
|switch|p1a: Garchomp|Garchomp, F|420\/420
|switch|p2a: Scizor|Scizor, M|343\/343
|turn|1
|
|switch|p2a: Keldeo-Resolute|Keldeo-Resolute|323\/323
|move|p1a: Garchomp|Stealth Rock|p2a: Keldeo-Resolute
|-sidestart|p2: Photo Destination|move: Stealth Rock
|
|turn|2
|
|switch|p2a: Latias|Latias, F|301\/301
|-damage|p2a: Latias|264\/301|[from] Stealth Rock
|move|p1a: Garchomp|Dragon Tail|p2a: Latias
|-supereffective|p2a: Latias
|-damage|p2a: Latias|60\/301
|drag|p2a: Keldeo-Resolute|Keldeo-Resolute|323\/323
|-damage|p2a: Keldeo-Resolute|303\/323|[from] Stealth Rock
|
|turn|3
|
|switch|p1a: Tentacruel|Tentacruel, F|361\/361
|move|p2a: Keldeo-Resolute|Icy Wind|p1a: Tentacruel
|-resisted|p1a: Tentacruel
|-damage|p1a: Tentacruel|331\/361
|-unboost|p1a: Tentacruel|spe|1
|-damage|p2a: Keldeo-Resolute|271\/323|[from] item: Life Orb
|
|-heal|p1a: Tentacruel|353\/361|[from] item: Black Sludge
|turn|4
|
|switch|p2a: Scizor|Scizor, M|343\/343
|-damage|p2a: Scizor|301\/343|[from] Stealth Rock
|move|p1a: Tentacruel|Scald|p2a: Scizor
|-damage|p2a: Scizor|201\/343
|
|-heal|p1a: Tentacruel|361\/361|[from] item: Black Sludge
|turn|5
|
|switch|p1a: Garchomp|Garchomp, F|420\/420
|detailschange|p2a: Scizor|Scizor-Mega, M
|-mega|p2a: Scizor|Scizor|Scizorite
|move|p2a: Scizor|Knock Off|p1a: Garchomp
|-damage|p1a: Garchomp|311\/420
|-damage|p2a: Scizor|159\/343|[from] ability: Rough Skin|[of] p1a: Garchomp
|-damage|p2a: Scizor|102\/343|[from] item: Rocky Helmet|[of] p1a: Garchomp
|-enditem|p1a: Garchomp|Rocky Helmet|[from] move: Knock Off|[of] p2a: Scizor
|
|turn|6
|
|move|p1a: Garchomp|Earthquake|p2a: Scizor
|-damage|p2a: Scizor|0 fnt
|faint|p2a: Scizor
|
|
|switch|p2a: Latias|Latias, F|60\/301
|-damage|p2a: Latias|23\/301|[from] Stealth Rock
|turn|7
|
|switch|p1a: Bisharp|Bisharp, M|271\/271
|move|p2a: Latias|Defog|p1a: Bisharp
|-unboost|p1a: Bisharp|evasion|1
|-boost|p1a: Bisharp|atk|2|[from] ability: Defiant
|-sideend|p2: Photo Destination|Stealth Rock|[from] move: Defog|[of] p2a: Latias
|
|turn|8
|
|move|p2a: Latias|Healing Wish|p2a: Latias
|faint|p2a: Latias
|move|p1a: Bisharp|Knock Off|p2: Latias|[notarget]
|-notarget
|
|
|switch|p2a: Keldeo-Resolute|Keldeo-Resolute|271\/323
|-heal|p2a: Keldeo-Resolute|323\/323|[from] move: Healing Wish
|turn|9
|
|switch|p1a: Tentacruel|Tentacruel, F|361\/361
|move|p2a: Keldeo-Resolute|Secret Sword|p1a: Tentacruel
|-resisted|p1a: Tentacruel
|-damage|p1a: Tentacruel|223\/361
|-damage|p2a: Keldeo-Resolute|291\/323|[from] item: Life Orb
|
|-heal|p1a: Tentacruel|245\/361|[from] item: Black Sludge
|turn|10
|
|switch|p2a: Garchomp|Garchomp, F|417\/417
|move|p1a: Tentacruel|Toxic Spikes|p2a: Garchomp
|-sidestart|p2: Photo Destination|move: Toxic Spikes
|
|-heal|p1a: Tentacruel|267\/361|[from] item: Black Sludge
|turn|11
|
|switch|p1a: Chesnaught|Chesnaught, F|380\/380
|move|p2a: Garchomp|Stealth Rock|p1a: Chesnaught
|-sidestart|p1: ZephyrBurst|move: Stealth Rock
|
|turn|12
|
|move|p1a: Chesnaught|Spiky Shield|p1a: Chesnaught
|-singleturn|p1a: Chesnaught|move: Protect
|move|p2a: Garchomp|Toxic|p1a: Chesnaught
|-activate|p1a: Chesnaught|move: Protect
|
|turn|13
|
|switch|p1a: Garchomp|Garchomp, F|311\/420
|-damage|p1a: Garchomp|285\/420|[from] Stealth Rock
|move|p2a: Garchomp|Dragon Tail|p1a: Garchomp
|-supereffective|p1a: Garchomp
|-damage|p1a: Garchomp|157\/420
|-damage|p2a: Garchomp|365\/417|[from] ability: Rough Skin|[of] p1a: Garchomp
|drag|p1a: Bisharp|Bisharp, M|271\/271
|-damage|p1a: Bisharp|255\/271|[from] Stealth Rock
|
|turn|14
|
|move|p2a: Garchomp|Earthquake|p1a: Bisharp
|-supereffective|p1a: Bisharp
|-damage|p1a: Bisharp|0 fnt
|faint|p1a: Bisharp
|
|
|switch|p1a: Sableye|Sableye, M|304\/304
|-damage|p1a: Sableye|266\/304|[from] Stealth Rock
|turn|15
|
|switch|p2a: Sylveon|Sylveon, F|372\/372
|-status|p2a: Sylveon|psn
|detailschange|p1a: Sableye|Sableye-Mega, M
|-mega|p1a: Sableye|Sableye|Sablenite
|move|p1a: Sableye|Will-O-Wisp|p2a: Sylveon
|-fail|p2a: Sylveon
|
|-damage|p2a: Sylveon|326\/372 psn|[from] psn
|turn|16
|
|switch|p1a: Jirachi|Jirachi|404\/404
|-damage|p1a: Jirachi|379\/404|[from] Stealth Rock
|move|p2a: Sylveon|Hyper Voice|p1a: Jirachi
|-resisted|p1a: Jirachi
|-damage|p1a: Jirachi|262\/404
|
|-heal|p1a: Jirachi|287\/404|[from] item: Leftovers
|-damage|p2a: Sylveon|280\/372 psn|[from] psn
|turn|17
|
|switch|p2a: Keldeo-Resolute|Keldeo-Resolute|291\/323
|-status|p2a: Keldeo-Resolute|psn
|move|p1a: Jirachi|U-turn|p2a: Keldeo-Resolute
|-resisted|p2a: Keldeo-Resolute
|-damage|p2a: Keldeo-Resolute|262\/323 psn
|
|switch|p1a: Tentacruel|Tentacruel, F|267\/361
|-damage|p1a: Tentacruel|222\/361|[from] Stealth Rock
|
|-heal|p1a: Tentacruel|244\/361|[from] item: Black Sludge
|-damage|p2a: Keldeo-Resolute|222\/323 psn|[from] psn
|turn|18
|
|move|p2a: Keldeo-Resolute|Secret Sword|p1a: Tentacruel
|-resisted|p1a: Tentacruel
|-damage|p1a: Tentacruel|117\/361
|-damage|p2a: Keldeo-Resolute|190\/323 psn|[from] item: Life Orb
|move|p1a: Tentacruel|Toxic Spikes|p2a: Keldeo-Resolute
|-sidestart|p2: Photo Destination|move: Toxic Spikes
|
|-heal|p1a: Tentacruel|139\/361|[from] item: Black Sludge
|-damage|p2a: Keldeo-Resolute|150\/323 psn|[from] psn
|turn|19
|
|move|p2a: Keldeo-Resolute|Secret Sword|p1a: Tentacruel
|-resisted|p1a: Tentacruel
|-damage|p1a: Tentacruel|0 fnt
|-damage|p2a: Keldeo-Resolute|118\/323 psn|[from] item: Life Orb
|faint|p1a: Tentacruel
|
|-damage|p2a: Keldeo-Resolute|78\/323 psn|[from] psn
|
|switch|p1a: Chesnaught|Chesnaught, F|380\/380
|-damage|p1a: Chesnaught|357\/380|[from] Stealth Rock
|turn|20
|
|switch|p2a: Talonflame|Talonflame, M|297\/297
|move|p1a: Chesnaught|Seed Bomb|p2a: Talonflame
|-resisted|p2a: Talonflame
|-damage|p2a: Talonflame|266\/297
|
|-heal|p1a: Chesnaught|380\/380|[from] item: Leftovers
|turn|21
|
|switch|p2a: Sylveon|Sylveon, F|280\/372 psn
|move|p1a: Chesnaught|Spikes|p2a: Sylveon
|-sidestart|p2: Photo Destination|Spikes
|
|-damage|p2a: Sylveon|234\/372 psn|[from] psn
|turn|22
|
|switch|p1a: Jirachi|Jirachi|287\/404
|-damage|p1a: Jirachi|262\/404|[from] Stealth Rock
|move|p2a: Sylveon|Hyper Voice|p1a: Jirachi
|-resisted|p1a: Jirachi
|-damage|p1a: Jirachi|158\/404
|
|-heal|p1a: Jirachi|183\/404|[from] item: Leftovers
|-damage|p2a: Sylveon|188\/372 psn|[from] psn
|turn|23
|
|switch|p2a: Garchomp|Garchomp, F|365\/417
|-damage|p2a: Garchomp|313\/417|[from] Spikes
|-status|p2a: Garchomp|tox
|move|p1a: Jirachi|Wish|p1a: Jirachi
|
|-heal|p1a: Jirachi|208\/404|[from] item: Leftovers
|-damage|p2a: Garchomp|287\/417 tox|[from] psn
|turn|24
|
|switch|p1a: Sableye|Sableye-Mega, M|266\/304
|-damage|p1a: Sableye|228\/304|[from] Stealth Rock
|move|p2a: Garchomp|Dragon Tail|p1a: Sableye
|-damage|p1a: Sableye|176\/304
|drag|p1a: Jirachi|Jirachi|208\/404
|-damage|p1a: Jirachi|183\/404|[from] Stealth Rock
|
|-heal|p1a: Jirachi|385\/404|[from] move: Wish|[wisher] Jirachi
|-heal|p1a: Jirachi|404\/404|[from] item: Leftovers
|-damage|p2a: Garchomp|235\/417 tox|[from] psn
|turn|25
|
|switch|p1a: Chesnaught|Chesnaught, F|380\/380
|-damage|p1a: Chesnaught|357\/380|[from] Stealth Rock
|move|p2a: Garchomp|Earthquake|p1a: Chesnaught
|-resisted|p1a: Chesnaught
|-damage|p1a: Chesnaught|312\/380
|
|-heal|p1a: Chesnaught|335\/380|[from] item: Leftovers
|-damage|p2a: Garchomp|157\/417 tox|[from] psn
|turn|26
|
|switch|p2a: Talonflame|Talonflame, M|266\/297
|move|p1a: Chesnaught|Drain Punch|p2a: Talonflame
|-resisted|p2a: Talonflame
|-damage|p2a: Talonflame|200\/297
|-heal|p1a: Chesnaught|368\/380|[from] drain|[of] p2a: Talonflame
|
|-heal|p1a: Chesnaught|380\/380|[from] item: Leftovers
|turn|27
|
|move|p2a: Talonflame|Flare Blitz|p1a: Chesnaught
|-supereffective|p1a: Chesnaught
|-damage|p1a: Chesnaught|72\/380
|-status|p1a: Chesnaught|brn
|-damage|p2a: Talonflame|98\/297|[from] recoil|[of] p1a: Chesnaught
|move|p1a: Chesnaught|Drain Punch|p2a: Talonflame
|-resisted|p2a: Talonflame
|-damage|p2a: Talonflame|68\/297
|-heal|p1a: Chesnaught|87\/380 brn|[from] drain|[of] p2a: Talonflame
|
|-heal|p1a: Chesnaught|110\/380 brn|[from] item: Leftovers
|-damage|p1a: Chesnaught|63\/380 brn|[from] brn
|turn|28
|
|switch|p2a: Garchomp|Garchomp, F|157\/417 tox
|-damage|p2a: Garchomp|105\/417 tox|[from] Spikes
|move|p1a: Chesnaught|Drain Punch|p2a: Garchomp
|-damage|p2a: Garchomp|69\/417 tox
|-heal|p1a: Chesnaught|81\/380 brn|[from] drain|[of] p2a: Garchomp
|-damage|p1a: Chesnaught|34\/380 brn|[from] ability: Rough Skin|[of] p2a: Garchomp
|-damage|p1a: Chesnaught|0 fnt|[from] item: Rocky Helmet|[of] p2a: Garchomp
|faint|p1a: Chesnaught
|
|-damage|p2a: Garchomp|43\/417 tox|[from] psn
|
|switch|p1a: Sableye|Sableye-Mega, M|176\/304
|-damage|p1a: Sableye|138\/304|[from] Stealth Rock
|turn|29
|
|move|p2a: Garchomp|Earthquake|p1a: Sableye
|-damage|p1a: Sableye|41\/304
|move|p1a: Sableye|Recover|p1a: Sableye
|-heal|p1a: Sableye|193\/304
|
|-damage|p2a: Garchomp|0 fnt|[from] psn
|faint|p2a: Garchomp
|
|switch|p2a: Sylveon|Sylveon, F|188\/372 psn
|-damage|p2a: Sylveon|142\/372 psn|[from] Spikes
|turn|30
|
|switch|p1a: Jirachi|Jirachi|404\/404
|-damage|p1a: Jirachi|379\/404|[from] Stealth Rock
|move|p2a: Sylveon|Shadow Ball|p1a: Jirachi
|-supereffective|p1a: Jirachi
|-damage|p1a: Jirachi|185\/404
|
|-heal|p1a: Jirachi|210\/404|[from] item: Leftovers
|-damage|p2a: Sylveon|96\/372 psn|[from] psn
|turn|31
|
|move|p1a: Jirachi|Iron Head|p2a: Sylveon
|-supereffective|p2a: Sylveon
|-damage|p2a: Sylveon|0 fnt
|faint|p2a: Sylveon
|
|-heal|p1a: Jirachi|235\/404|[from] item: Leftovers
|c|âPhoto Destination|gg
|c|âPhoto Destination|nice dtail
|c|âZephyrBurst|gg
|
|switch|p2a: Talonflame|Talonflame, M|68\/297
|turn|32
|
|move|p2a: Talonflame|Flare Blitz|p1a: Jirachi
|-supereffective|p1a: Jirachi
|-damage|p1a: Jirachi|0 fnt
|-damage|p2a: Talonflame|0 fnt|[from] recoil|[of] p1a: Jirachi
|faint|p1a: Jirachi
|faint|p2a: Talonflame
|
|
|switch|p2a: Keldeo-Resolute|Keldeo-Resolute|78\/323 psn
|switch|p1a: Sableye|Sableye-Mega, M|193\/304
|-damage|p2a: Keldeo-Resolute|38\/323 psn|[from] Spikes
|-damage|p1a: Sableye|155\/304|[from] Stealth Rock
|turn|33
|
|move|p2a: Keldeo-Resolute|Hydro Pump|p1a: Sableye|[miss]
|-miss|p2a: Keldeo-Resolute|p1a: Sableye
|move|p1a: Sableye|Shadow Ball|p2a: Keldeo-Resolute
|-damage|p2a: Keldeo-Resolute|0 fnt
|faint|p2a: Keldeo-Resolute
|
|win|ZephyrBurst
|raw|Ladder updating...
|raw|ZephyrBurst's rating: 1482 &rarr; <strong>1505<\/strong><br \/>(+23 for winning)
|raw|Photo Destination's rating: 1551 &rarr; <strong>1527<\/strong><br \/>(-24 for losing)
|leave|Photo Destination