|join|ZephyrBurst
|join|Erick&Ana
|player|p1|ZephyrBurst|102
|player|p2|Erick&Ana|249
|gametype|singles
|gen|6
|tier|OU (suspect test)
|rated
|clearpoke
|poke|p1|Hippowdon, F
|poke|p1|Rotom-Wash
|poke|p1|Talonflame, F
|poke|p1|Excadrill, M
|poke|p1|Jirachi
|poke|p1|Garchomp, F
|poke|p2|Donphan, F
|poke|p2|Gliscor, F
|poke|p2|Scolipede, M
|poke|p2|Meowstic, M
|poke|p2|Machamp, F
|poke|p2|Manectric, F
|rule|Swagger Clause: Swagger is banned
|rule|Baton Pass Clause: Limit one PokÃ©mon knowing Baton Pass
|rule|Sleep Clause Mod: Limit one foe put to sleep
|rule|Species Clause: Limit one of each PokÃ©mon
|rule|OHKO Clause: OHKO moves are banned
|rule|Moody Clause: Moody is banned
|rule|Evasion Moves Clause: Evasion moves are banned
|rule|Endless Battle Clause: Forcing endless battles is banned
|rule|HP Percentage Mod: HP is shown in percentages
|teampreview
|
|start
|switch|p1a: Talonflame|Talonflame, F|359\/359
|switch|p2a: Obama care|Donphan, F|384\/384
|turn|1
|
|move|p1a: Talonflame|Will-O-Wisp|p2a: Obama care
|-status|p2a: Obama care|brn
|move|p2a: Obama care|Knock Off|p1a: Talonflame
|-damage|p1a: Talonflame|278\/359
|-enditem|p1a: Talonflame|Leftovers|[from] move: Knock Off|[of] p2a: Obama care
|
|-damage|p2a: Obama care|336\/384 brn|[from] brn
|turn|2
|
|move|p1a: Talonflame|Taunt|p2a: Obama care
|-start|p2a: Obama care|move: Taunt
|move|p2a: Obama care|Knock Off|p1a: Talonflame
|-damage|p1a: Talonflame|227\/359
|
|-damage|p2a: Obama care|288\/384 brn|[from] brn
|turn|3
|
|switch|p2a: Mr. Pickles|Meowstic, M|352\/352
|move|p1a: Talonflame|Roost|p1a: Talonflame
|-heal|p1a: Talonflame|359\/359
|
|turn|4
|
|move|p2a: Mr. Pickles|Thunder Wave|p1a: Talonflame
|-status|p1a: Talonflame|par
|move|p1a: Talonflame|Taunt|p2a: Mr. Pickles
|-start|p2a: Mr. Pickles|move: Taunt
|
|turn|5
|
|switch|p2a: Seth Rollins|Manectric, F|281\/281
|move|p1a: Talonflame|Will-O-Wisp|p2a: Seth Rollins
|-status|p2a: Seth Rollins|brn
|
|-damage|p2a: Seth Rollins|246\/281 brn|[from] brn
|turn|6
|
|switch|p1a: Hippowdon|Hippowdon, F|420\/420
|-weather|Sandstorm
|detailschange|p2a: Seth Rollins|Manectric-Mega, F
|-mega|p2a: Seth Rollins|Manectric|Manectite
|-ability|p2a: Seth Rollins|Intimidate|[of] p1a: Hippowdon
|-unboost|p1a: Hippowdon|atk|1
|move|p2a: Seth Rollins|Hidden Power|p1a: Hippowdon
|-supereffective|p1a: Hippowdon
|-damage|p1a: Hippowdon|238\/420
|
|-weather|Sandstorm|[upkeep]
|-damage|p2a: Seth Rollins|229\/281 brn|[from] sandstorm
|-heal|p1a: Hippowdon|264\/420|[from] item: Leftovers
|-damage|p2a: Seth Rollins|194\/281 brn|[from] brn
|turn|7
|
|switch|p2a: Dick pinch|Gliscor, F|337\/337
|move|p1a: Hippowdon|Slack Off|p1a: Hippowdon
|-heal|p1a: Hippowdon|420\/420
|
|-weather|Sandstorm|[upkeep]
|-status|p2a: Dick pinch|tox|[from] item: Toxic Orb
|turn|8
|
|switch|p1a: Talonflame|Talonflame, F|359\/359 par
|move|p2a: Dick pinch|Swords Dance|p2a: Dick pinch
|-boost|p2a: Dick pinch|atk|2
|
|-weather|Sandstorm|[upkeep]
|-damage|p1a: Talonflame|337\/359 par|[from] sandstorm
|turn|9
|
|move|p2a: Dick pinch|Facade|p1a: Talonflame
|-damage|p1a: Talonflame|0 fnt
|faint|p1a: Talonflame
|
|-weather|Sandstorm|[upkeep]
|
|switch|p1a: Rotom-Wash|Rotom-Wash|303\/303
|turn|10
|
|move|p2a: Dick pinch|Facade|p1a: Rotom-Wash
|-damage|p1a: Rotom-Wash|105\/303
|move|p1a: Rotom-Wash|Hydro Pump|p2a: Dick pinch
|-supereffective|p2a: Dick pinch
|-damage|p2a: Dick pinch|17\/337 tox
|
|-weather|none
|-heal|p1a: Rotom-Wash|123\/303|[from] item: Leftovers
|-heal|p2a: Dick pinch|59\/337 tox|[from] ability: Poison Heal
|turn|11
|
|switch|p1a: Garchomp|Garchomp, F|357\/357
|move|p2a: Dick pinch|Facade|p1a: Garchomp
|-damage|p1a: Garchomp|70\/357
|-damage|p2a: Dick pinch|17\/337 tox|[from] ability: Rough Skin|[of] p1a: Garchomp
|
|-heal|p2a: Dick pinch|59\/337 tox|[from] ability: Poison Heal
|turn|12
|
|move|p1a: Garchomp|Fire Blast|p2a: Dick pinch|[miss]
|-miss|p1a: Garchomp|p2a: Dick pinch
|move|p2a: Dick pinch|Earthquake|p1a: Garchomp
|-damage|p1a: Garchomp|0 fnt
|faint|p1a: Garchomp
|
|-heal|p2a: Dick pinch|101\/337 tox|[from] ability: Poison Heal
|c|âErick&Ana|:D
|
|switch|p1a: Excadrill|Excadrill, M|361\/361
|turn|13
|
|move|p1a: Excadrill|Iron Head|p2a: Dick pinch
|-damage|p2a: Dick pinch|0 fnt
|-damage|p1a: Excadrill|325\/361|[from] item: Life Orb
|faint|p2a: Dick pinch
|
|
|switch|p2a: Mr. Pickles|Meowstic, M|352\/352
|turn|14
|
|move|p2a: Mr. Pickles|Reflect|p2a: Mr. Pickles
|-sidestart|p2: Erick&Ana|Reflect
|move|p1a: Excadrill|Iron Head|p2a: Mr. Pickles
|-damage|p2a: Mr. Pickles|248\/352
|-damage|p1a: Excadrill|289\/361|[from] item: Life Orb
|
|turn|15
|
|switch|p1a: Hippowdon|Hippowdon, F|420\/420
|-weather|Sandstorm
|move|p2a: Mr. Pickles|Light Screen|p2a: Mr. Pickles
|-sidestart|p2: Erick&Ana|move: Light Screen
|
|-weather|Sandstorm|[upkeep]
|-damage|p2a: Mr. Pickles|226\/352|[from] sandstorm
|turn|16
|
|move|p2a: Mr. Pickles|Psychic|p1a: Hippowdon
|-damage|p1a: Hippowdon|305\/420
|move|p1a: Hippowdon|Stealth Rock|p2a: Mr. Pickles
|-sidestart|p2: Erick&Ana|move: Stealth Rock
|
|-weather|Sandstorm|[upkeep]
|-damage|p2a: Mr. Pickles|204\/352|[from] sandstorm
|-heal|p1a: Hippowdon|331\/420|[from] item: Leftovers
|turn|17
|
|switch|p2a: Not Zoroak|Machamp, F|383\/383
|-damage|p2a: Not Zoroak|360\/383|[from] Stealth Rock
|move|p1a: Hippowdon|Slack Off|p1a: Hippowdon
|-heal|p1a: Hippowdon|420\/420
|
|-weather|Sandstorm|[upkeep]
|-damage|p2a: Not Zoroak|337\/383|[from] sandstorm
|turn|18
|
|move|p2a: Not Zoroak|Dynamic Punch|p1a: Hippowdon
|-damage|p1a: Hippowdon|252\/420
|-start|p1a: Hippowdon|confusion
|-damage|p2a: Not Zoroak|299\/383|[from] item: Life Orb
|-activate|p1a: Hippowdon|confusion
|move|p1a: Hippowdon|Toxic|p2a: Not Zoroak
|-status|p2a: Not Zoroak|tox
|
|-weather|Sandstorm|[upkeep]
|-damage|p2a: Not Zoroak|276\/383 tox|[from] sandstorm
|-heal|p1a: Hippowdon|278\/420|[from] item: Leftovers
|-damage|p2a: Not Zoroak|253\/383 tox|[from] psn
|turn|19
|
|switch|p1a: Rotom-Wash|Rotom-Wash|123\/303
|move|p2a: Not Zoroak|Bulk Up|p2a: Not Zoroak
|-boost|p2a: Not Zoroak|atk|1
|-boost|p2a: Not Zoroak|def|1
|
|-weather|none
|-heal|p1a: Rotom-Wash|141\/303|[from] item: Leftovers
|-damage|p2a: Not Zoroak|207\/383 tox|[from] psn
|turn|20
|
|move|p2a: Not Zoroak|Bullet Punch|p1a: Rotom-Wash
|-resisted|p1a: Rotom-Wash
|-damage|p1a: Rotom-Wash|124\/303
|-damage|p2a: Not Zoroak|169\/383 tox|[from] item: Life Orb
|move|p1a: Rotom-Wash|Hydro Pump|p2a: Not Zoroak
|-damage|p2a: Not Zoroak|86\/383 tox
|
|-heal|p1a: Rotom-Wash|142\/303|[from] item: Leftovers
|-damage|p2a: Not Zoroak|17\/383 tox|[from] psn
|turn|21
|
|move|p1a: Rotom-Wash|Volt Switch|p2a: Not Zoroak
|-damage|p2a: Not Zoroak|0 fnt
|faint|p2a: Not Zoroak
|
|switch|p1a: Hippowdon|Hippowdon, F|278\/420
|-weather|Sandstorm
|
|-weather|Sandstorm|[upkeep]
|-heal|p1a: Hippowdon|304\/420|[from] item: Leftovers
|-sideend|p2: Erick&Ana|Reflect
|
|switch|p2a: Mr. Pickles|Meowstic, M|204\/352
|-damage|p2a: Mr. Pickles|160\/352|[from] Stealth Rock
|turn|22
|
|move|p2a: Mr. Pickles|Reflect|p2a: Mr. Pickles
|-sidestart|p2: Erick&Ana|Reflect
|move|p1a: Hippowdon|Toxic|p2a: Mr. Pickles
|-status|p2a: Mr. Pickles|tox
|
|-weather|Sandstorm|[upkeep]
|-damage|p2a: Mr. Pickles|138\/352 tox|[from] sandstorm
|-heal|p1a: Hippowdon|330\/420|[from] item: Leftovers
|-damage|p2a: Mr. Pickles|116\/352 tox|[from] psn
|-sideend|p2: Erick&Ana|move: Light Screen
|turn|23
|
|move|p2a: Mr. Pickles|Light Screen|p2a: Mr. Pickles
|-sidestart|p2: Erick&Ana|move: Light Screen
|move|p1a: Hippowdon|Earthquake|p2a: Mr. Pickles
|-damage|p2a: Mr. Pickles|51\/352 tox
|
|-weather|Sandstorm|[upkeep]
|-damage|p2a: Mr. Pickles|29\/352 tox|[from] sandstorm
|-heal|p1a: Hippowdon|356\/420|[from] item: Leftovers
|-damage|p2a: Mr. Pickles|0 fnt|[from] psn
|faint|p2a: Mr. Pickles
|
|switch|p2a: Ebola|Scolipede, M|324\/324
|-damage|p2a: Ebola|243\/324|[from] Stealth Rock
|turn|24
|
|switch|p1a: Excadrill|Excadrill, M|289\/361
|move|p2a: Ebola|Swords Dance|p2a: Ebola
|-boost|p2a: Ebola|atk|2
|
|-weather|Sandstorm|[upkeep]
|-damage|p2a: Ebola|223\/324|[from] sandstorm
|-heal|p2a: Ebola|243\/324|[from] item: Leftovers
|-boost|p2a: Ebola|spe|1|[from] ability: Speed Boost
|turn|25
|
|move|p2a: Ebola|Protect|p2a: Ebola
|-singleturn|p2a: Ebola|Protect
|move|p1a: Excadrill|Rock Slide|p2a: Ebola
|-activate|p2a: Ebola|Protect
|
|-weather|none
|-heal|p2a: Ebola|263\/324|[from] item: Leftovers
|-boost|p2a: Ebola|spe|1|[from] ability: Speed Boost
|turn|26
|
|switch|p1a: Hippowdon|Hippowdon, F|356\/420
|-weather|Sandstorm
|move|p2a: Ebola|Aqua Tail|p1a: Hippowdon
|-supereffective|p1a: Hippowdon
|-damage|p1a: Hippowdon|184\/420
|
|-weather|Sandstorm|[upkeep]
|-damage|p2a: Ebola|243\/324|[from] sandstorm
|-heal|p2a: Ebola|263\/324|[from] item: Leftovers
|-heal|p1a: Hippowdon|210\/420|[from] item: Leftovers
|-boost|p2a: Ebola|spe|1|[from] ability: Speed Boost
|turn|27
|
|move|p2a: Ebola|Swords Dance|p2a: Ebola
|-boost|p2a: Ebola|atk|2
|move|p1a: Hippowdon|Earthquake|p2a: Ebola
|-damage|p2a: Ebola|187\/324
|
|-weather|Sandstorm|[upkeep]
|-damage|p2a: Ebola|167\/324|[from] sandstorm
|-heal|p2a: Ebola|187\/324|[from] item: Leftovers
|-heal|p1a: Hippowdon|236\/420|[from] item: Leftovers
|-boost|p2a: Ebola|spe|1|[from] ability: Speed Boost
|turn|28
|
|move|p2a: Ebola|Aqua Tail|p1a: Hippowdon
|-supereffective|p1a: Hippowdon
|-damage|p1a: Hippowdon|0 fnt
|faint|p1a: Hippowdon
|
|-weather|Sandstorm|[upkeep]
|-damage|p2a: Ebola|167\/324|[from] sandstorm
|-heal|p2a: Ebola|187\/324|[from] item: Leftovers
|-boost|p2a: Ebola|spe|1|[from] ability: Speed Boost
|
|switch|p1a: Jirachi|Jirachi|404\/404
|turn|29
|
|move|p2a: Ebola|Aqua Tail|p1a: Jirachi
|-damage|p1a: Jirachi|201\/404
|move|p1a: Jirachi|Body Slam|p2a: Ebola
|-damage|p2a: Ebola|153\/324
|-status|p2a: Ebola|par
|
|-weather|Sandstorm|[upkeep]
|-damage|p2a: Ebola|133\/324 par|[from] sandstorm
|-heal|p2a: Ebola|153\/324 par|[from] item: Leftovers
|-heal|p1a: Jirachi|226\/404|[from] item: Leftovers
|-sideend|p2: Erick&Ana|Reflect
|-boost|p2a: Ebola|spe|1|[from] ability: Speed Boost
|turn|30
|
|cant|p2a: Ebola|par
|move|p1a: Jirachi|Iron Head|p2a: Ebola
|-damage|p2a: Ebola|54\/324 par
|
|-weather|none
|-heal|p2a: Ebola|74\/324 par|[from] item: Leftovers
|-heal|p1a: Jirachi|251\/404|[from] item: Leftovers
|-sideend|p2: Erick&Ana|move: Light Screen
|turn|31
|
|move|p2a: Ebola|Baton Pass|p2a: Ebola
|
|switch|p2a: Obama care|Donphan, F|288\/384 brn
|-damage|p2a: Obama care|264\/384 brn|[from] Stealth Rock
|move|p1a: Jirachi|Iron Head|p2a: Obama care
|-damage|p2a: Obama care|186\/384 brn
|
|-heal|p1a: Jirachi|276\/404|[from] item: Leftovers
|-damage|p2a: Obama care|138\/384 brn|[from] brn
|turn|32
|
|switch|p1a: Rotom-Wash|Rotom-Wash|142\/303
|move|p2a: Obama care|Earthquake|p1a: Rotom-Wash
|-immune|p1a: Rotom-Wash|[msg]
|
|-heal|p1a: Rotom-Wash|160\/303|[from] item: Leftovers
|-damage|p2a: Obama care|90\/384 brn|[from] brn
|turn|33
|
|switch|p1a: Jirachi|Jirachi|276\/404
|move|p2a: Obama care|Rapid Spin|p1a: Jirachi
|-resisted|p1a: Jirachi
|-damage|p1a: Jirachi|259\/404
|-sideend|p2: Erick&Ana|Stealth Rock|[from] move: Rapid Spin|[of] p2a: Obama care
|
|-heal|p1a: Jirachi|284\/404|[from] item: Leftovers
|-damage|p2a: Obama care|42\/384 brn|[from] brn
|turn|34
|
|switch|p1a: Rotom-Wash|Rotom-Wash|160\/303
|move|p2a: Obama care|Earthquake|p1a: Rotom-Wash
|-immune|p1a: Rotom-Wash|[msg]
|
|-heal|p1a: Rotom-Wash|178\/303|[from] item: Leftovers
|-damage|p2a: Obama care|0 fnt|[from] brn
|faint|p2a: Obama care
|
|switch|p2a: Ebola|Scolipede, M|74\/324 par
|turn|35
|
|move|p1a: Rotom-Wash|Volt Switch|p2a: Ebola
|-damage|p2a: Ebola|0 fnt
|faint|p2a: Ebola
|
|switch|p1a: Jirachi|Jirachi|284\/404
|
|-heal|p1a: Jirachi|309\/404|[from] item: Leftovers
|
|switch|p2a: Seth Rollins|Manectric-Mega, F|194\/281 brn
|-ability|p2a: Seth Rollins|Intimidate|[of] p1a: Jirachi
|-unboost|p1a: Jirachi|atk|1
|turn|36
|
|move|p2a: Seth Rollins|Flamethrower|p1a: Jirachi
|-supereffective|p1a: Jirachi
|-damage|p1a: Jirachi|147\/404
|-status|p1a: Jirachi|brn
|move|p1a: Jirachi|Wish|p1a: Jirachi
|
|-heal|p1a: Jirachi|172\/404 brn|[from] item: Leftovers
|-damage|p2a: Seth Rollins|159\/281 brn|[from] brn
|-damage|p1a: Jirachi|122\/404 brn|[from] brn
|turn|37
|
|switch|p1a: Rotom-Wash|Rotom-Wash|178\/303
|move|p2a: Seth Rollins|Flamethrower|p1a: Rotom-Wash
|-resisted|p1a: Rotom-Wash
|-damage|p1a: Rotom-Wash|124\/303
|
|-heal|p1a: Rotom-Wash|303\/303|[from] move: Wish|[wisher] Jirachi
|-damage|p2a: Seth Rollins|124\/281 brn|[from] brn
|turn|38
|
|move|p2a: Seth Rollins|Thunderbolt|p1a: Rotom-Wash
|-damage|p1a: Rotom-Wash|150\/303
|move|p1a: Rotom-Wash|Hydro Pump|p2a: Seth Rollins
|-damage|p2a: Seth Rollins|0 fnt
|faint|p2a: Seth Rollins
|
|win|ZephyrBurst
|raw|Ladder updating...
|raw|ZephyrBurst's rating: 1354 &rarr; <strong>1369<\/strong><br \/>(+15 for winning)
|raw|Erick&amp;Ana's rating: 1275 &rarr; <strong>1256<\/strong><br \/>(-19 for losing)
|c|âZephyrBurst|gg
|leave|Erick&Ana