|join|Moxicity
|join|ZephyrBurst
|player|p1|Moxicity|279
|player|p2|ZephyrBurst|102
|gametype|singles
|gen|6
|tier|OU (suspect test)
|rated
|clearpoke
|poke|p1|Rotom-Wash
|poke|p1|Scizor, M
|poke|p1|Lopunny, M
|poke|p1|Landorus-Therian, M
|poke|p1|Gothitelle, M
|poke|p1|Latios, M
|poke|p2|Heracross, F
|poke|p2|Clefable, F
|poke|p2|Jirachi
|poke|p2|Starmie
|poke|p2|Landorus, M
|poke|p2|Bisharp, M
|rule|Swagger Clause: Swagger is banned
|rule|Baton Pass Clause: Limit one PokÃ©mon knowing Baton Pass
|rule|Sleep Clause Mod: Limit one foe put to sleep
|rule|Species Clause: Limit one of each PokÃ©mon
|rule|OHKO Clause: OHKO moves are banned
|rule|Moody Clause: Moody is banned
|rule|Evasion Moves Clause: Evasion moves are banned
|rule|Endless Battle Clause: Forcing endless battles is banned
|rule|HP Percentage Mod: HP is shown in percentages
|teampreview
|
|start
|switch|p1a: Lopunny|Lopunny, M|272\/272
|switch|p2a: Landorus|Landorus, M|319\/319
|turn|1
|
|switch|p2a: Heracross|Heracross, F|301\/301
|detailschange|p1a: Lopunny|Lopunny-Mega, M
|-mega|p1a: Lopunny|Lopunny|Lopunnite
|move|p1a: Lopunny|Fake Out|p2a: Heracross
|-damage|p2a: Heracross|214\/301
|
|turn|2
|
|switch|p2a: Landorus|Landorus, M|319\/319
|move|p1a: Lopunny|Baton Pass|p1a: Lopunny
|
|switch|p1a: Latios|Latios, M|301\/301
|
|turn|3
|
|switch|p2a: Jirachi|Jirachi|404\/404
|move|p1a: Latios|Psyshock|p2a: Jirachi
|-resisted|p2a: Jirachi
|-damage|p2a: Jirachi|357\/404
|-damage|p1a: Latios|271\/301|[from] item: Life Orb
|
|-heal|p2a: Jirachi|382\/404|[from] item: Leftovers
|turn|4
|
|switch|p1a: Rotom-Wash|Rotom-Wash|304\/304
|move|p2a: Jirachi|Body Slam|p1a: Rotom-Wash
|-damage|p1a: Rotom-Wash|262\/304
|
|-heal|p2a: Jirachi|404\/404|[from] item: Leftovers
|-heal|p1a: Rotom-Wash|281\/304|[from] item: Leftovers
|turn|5
|
|move|p2a: Jirachi|Wish|p2a: Jirachi
|move|p1a: Rotom-Wash|Volt Switch|p2a: Jirachi
|-crit|p2a: Jirachi
|-damage|p2a: Jirachi|310\/404
|
|switch|p1a: Scizor|Scizor, M|343\/343
|
|-heal|p2a: Jirachi|335\/404|[from] item: Leftovers
|turn|6
|
|move|p2a: Jirachi|U-turn|p1a: Scizor
|-resisted|p1a: Scizor
|-damage|p1a: Scizor|315\/343
|
|switch|p2a: Heracross|Heracross, F|214\/301
|move|p1a: Scizor|U-turn|p2a: Heracross
|-resisted|p2a: Heracross
|-damage|p2a: Heracross|81\/301
|
|switch|p1a: Landorus-Therian|Landorus-Therian, M|382\/382
|-ability|p1a: Landorus-Therian|Intimidate|[of] p2a: Heracross
|-unboost|p2a: Heracross|atk|1
|
|-heal|p2a: Heracross|283\/301|[from] move: Wish|[wisher] Jirachi
|turn|7
|
|switch|p2a: Landorus|Landorus, M|319\/319
|move|p1a: Landorus-Therian|U-turn|p2a: Landorus
|-resisted|p2a: Landorus
|-damage|p2a: Landorus|275\/319
|
|switch|p1a: Lopunny|Lopunny-Mega, M|272\/272
|
|turn|8
|
|switch|p2a: Jirachi|Jirachi|335\/404
|move|p1a: Lopunny|Fake Out|p2a: Jirachi
|-resisted|p2a: Jirachi
|-damage|p2a: Jirachi|298\/404
|
|-heal|p2a: Jirachi|323\/404|[from] item: Leftovers
|turn|9
|
|move|p1a: Lopunny|Baton Pass|p1a: Lopunny
|
|switch|p1a: Rotom-Wash|Rotom-Wash|281\/304
|move|p2a: Jirachi|U-turn|p1a: Rotom-Wash
|-damage|p1a: Rotom-Wash|243\/304
|
|switch|p2a: Heracross|Heracross, F|283\/301
|
|-heal|p1a: Rotom-Wash|262\/304|[from] item: Leftovers
|turn|10
|
|detailschange|p2a: Heracross|Heracross-Mega, F
|-mega|p2a: Heracross|Heracross|Heracronite
|move|p2a: Heracross|Substitute|p2a: Heracross
|-start|p2a: Heracross|Substitute
|-damage|p2a: Heracross|208\/301
|move|p1a: Rotom-Wash|Will-O-Wisp|p2a: Heracross
|
|-heal|p1a: Rotom-Wash|281\/304|[from] item: Leftovers
|turn|11
|
|move|p2a: Heracross|Pin Missile|p1a: Rotom-Wash
|-damage|p1a: Rotom-Wash|232\/304
|-damage|p1a: Rotom-Wash|184\/304
|-damage|p1a: Rotom-Wash|141\/304
|-damage|p1a: Rotom-Wash|99\/304
|-damage|p1a: Rotom-Wash|51\/304
|-hitcount|p1a: Rotom-Wash|5
|move|p1a: Rotom-Wash|Volt Switch|p2a: Heracross
|-end|p2a: Heracross|Substitute
|
|switch|p1a: Lopunny|Lopunny-Mega, M|272\/272
|
|turn|12
|
|move|p1a: Lopunny|Fake Out|p2a: Heracross
|-damage|p2a: Heracross|148\/301
|cant|p2a: Heracross|flinch
|
|turn|13
|
|switch|p2a: Jirachi|Jirachi|323\/404
|move|p1a: Lopunny|Return|p2a: Jirachi
|-resisted|p2a: Jirachi
|-damage|p2a: Jirachi|235\/404
|
|-heal|p2a: Jirachi|260\/404|[from] item: Leftovers
|turn|14
|
|move|p1a: Lopunny|High Jump Kick|p2a: Jirachi
|-damage|p2a: Jirachi|20\/404
|move|p2a: Jirachi|U-turn|p1a: Lopunny
|-crit|p1a: Lopunny
|-resisted|p1a: Lopunny
|-damage|p1a: Lopunny|227\/272
|
|switch|p2a: Landorus|Landorus, M|275\/319
|
|turn|15
|
|switch|p1a: Latios|Latios, M|271\/301
|move|p2a: Landorus|Stealth Rock|p1a: Latios
|-sidestart|p1: Moxicity|move: Stealth Rock
|
|turn|16
|
|switch|p1a: Lopunny|Lopunny-Mega, M|227\/272
|-damage|p1a: Lopunny|210\/272|[from] Stealth Rock
|switch|p2a: Bisharp|Bisharp, M|271\/271
|
|turn|17
|
|switch|p2a: Jirachi|Jirachi|20\/404
|move|p1a: Lopunny|Fake Out|p2a: Jirachi
|-resisted|p2a: Jirachi
|-damage|p2a: Jirachi|0 fnt
|faint|p2a: Jirachi
|
|
|switch|p2a: Clefable|Clefable, F|394\/394
|turn|18
|
|move|p1a: Lopunny|Baton Pass|p1a: Lopunny
|
|switch|p1a: Gothitelle|Gothitelle, M|281\/281
|-damage|p1a: Gothitelle|246\/281|[from] Stealth Rock
|move|p2a: Clefable|Moonblast|p1a: Gothitelle
|-damage|p1a: Gothitelle|155\/281
|
|turn|19
|
|move|p2a: Clefable|Protect|p2a: Clefable
|-singleturn|p2a: Clefable|Protect
|move|p1a: Gothitelle|Trick|p2a: Clefable
|-activate|p2a: Clefable|Protect
|
|turn|20
|
|move|p1a: Gothitelle|Trick|p2a: Clefable
|-activate|p1a: Gothitelle|move: Trick|[of] p2a: Clefable
|-item|p2a: Clefable|Choice Scarf|[from] move: Trick
|-item|p1a: Gothitelle|Leftovers|[from] move: Trick
|move|p2a: Clefable|Moonblast|p1a: Gothitelle
|-damage|p1a: Gothitelle|58\/281
|
|-heal|p1a: Gothitelle|75\/281|[from] item: Leftovers
|turn|21
|
|switch|p1a: Scizor|Scizor, M|315\/343
|-damage|p1a: Scizor|273\/343|[from] Stealth Rock
|move|p2a: Clefable|Moonblast|p1a: Scizor
|-resisted|p1a: Scizor
|-damage|p1a: Scizor|210\/343
|
|turn|22
|
|move|p2a: Clefable|Moonblast|p1a: Scizor
|-resisted|p1a: Scizor
|-damage|p1a: Scizor|146\/343
|-unboost|p1a: Scizor|spa|1
|move|p1a: Scizor|U-turn|p2a: Clefable
|-resisted|p2a: Clefable
|-damage|p2a: Clefable|299\/394
|
|switch|p1a: Lopunny|Lopunny-Mega, M|210\/272
|-damage|p1a: Lopunny|193\/272|[from] Stealth Rock
|
|turn|23
|
|move|p1a: Lopunny|Fake Out|p2a: Clefable
|-damage|p2a: Clefable|236\/394
|cant|p2a: Clefable|flinch
|
|turn|24
|
|move|p1a: Lopunny|Baton Pass|p1a: Lopunny
|
|switch|p1a: Scizor|Scizor, M|146\/343
|-damage|p1a: Scizor|104\/343|[from] Stealth Rock
|move|p2a: Clefable|Moonblast|p1a: Scizor
|-resisted|p1a: Scizor
|-damage|p1a: Scizor|40\/343
|-unboost|p1a: Scizor|spa|1
|
|turn|25
|
|switch|p2a: Bisharp|Bisharp, M|271\/271
|move|p1a: Scizor|Bullet Punch|p2a: Bisharp
|-resisted|p2a: Bisharp
|-damage|p2a: Bisharp|189\/271
|
|turn|26
|
|move|p2a: Bisharp|Sucker Punch|p1a: Scizor
|-damage|p1a: Scizor|0 fnt
|faint|p1a: Scizor
|
|
|switch|p1a: Lopunny|Lopunny-Mega, M|193\/272
|-damage|p1a: Lopunny|176\/272|[from] Stealth Rock
|turn|27
|
|switch|p2a: Heracross|Heracross-Mega, F|148\/301
|move|p1a: Lopunny|High Jump Kick|p2a: Heracross|[miss]
|-miss|p1a: Lopunny|p2a: Heracross
|-damage|p1a: Lopunny|40\/272|[from] highjumpkick
|
|turn|28
|
|move|p1a: Lopunny|Return|p2a: Heracross
|-damage|p2a: Heracross|0 fnt
|faint|p2a: Heracross
|
|
|switch|p2a: Bisharp|Bisharp, M|189\/271
|turn|29
|
|switch|p1a: Landorus-Therian|Landorus-Therian, M|382\/382
|-damage|p1a: Landorus-Therian|335\/382|[from] Stealth Rock
|-ability|p1a: Landorus-Therian|Intimidate|[of] p2a: Bisharp
|-unboost|p2a: Bisharp|atk|1
|-boost|p2a: Bisharp|atk|2|[from] ability: Defiant
|move|p2a: Bisharp|Sucker Punch|p1a: Landorus-Therian
|-fail|p1a: Landorus-Therian
|
|-heal|p1a: Landorus-Therian|358\/382|[from] item: Leftovers
|turn|30
|
|move|p2a: Bisharp|Knock Off|p1a: Landorus-Therian
|-damage|p1a: Landorus-Therian|144\/382
|-enditem|p1a: Landorus-Therian|Leftovers|[from] move: Knock Off|[of] p2a: Bisharp
|move|p1a: Landorus-Therian|Earthquake|p2a: Bisharp
|-supereffective|p2a: Bisharp
|-damage|p2a: Bisharp|0 fnt
|faint|p2a: Bisharp
|
|
|switch|p2a: Starmie|Starmie|261\/261
|turn|31
|
|move|p2a: Starmie|Ice Beam|p1a: Landorus-Therian
|-supereffective|p1a: Landorus-Therian
|-damage|p1a: Landorus-Therian|0 fnt
|-damage|p2a: Starmie|235\/261|[from] item: Life Orb
|faint|p1a: Landorus-Therian
|
|
|switch|p1a: Lopunny|Lopunny-Mega, M|40\/272
|-damage|p1a: Lopunny|23\/272|[from] Stealth Rock
|turn|32
|
|switch|p2a: Clefable|Clefable, F|236\/394
|move|p1a: Lopunny|Fake Out|p2a: Clefable
|-damage|p2a: Clefable|170\/394
|
|turn|33
|
|move|p1a: Lopunny|Baton Pass|p1a: Lopunny
|
|switch|p1a: Rotom-Wash|Rotom-Wash|51\/304
|-damage|p1a: Rotom-Wash|13\/304|[from] Stealth Rock
|move|p2a: Clefable|Moonblast|p1a: Rotom-Wash
|-damage|p1a: Rotom-Wash|0 fnt
|faint|p1a: Rotom-Wash
|
|
|switch|p1a: Latios|Latios, M|271\/301
|-damage|p1a: Latios|234\/301|[from] Stealth Rock
|turn|34
|
|move|p1a: Latios|Psyshock|p2a: Clefable
|-damage|p2a: Clefable|17\/394
|-damage|p1a: Latios|204\/301|[from] item: Life Orb
|move|p2a: Clefable|Moonblast|p1a: Latios
|-supereffective|p1a: Latios
|-damage|p1a: Latios|10\/301
|-unboost|p1a: Latios|spa|1
|
|turn|35
|
|move|p1a: Latios|Defog|p2a: Clefable
|-unboost|p2a: Clefable|evasion|1
|-sideend|p1: Moxicity|Stealth Rock|[from] move: Defog|[of] p1a: Latios
|move|p2a: Clefable|Moonblast|p1a: Latios
|-supereffective|p1a: Latios
|-damage|p1a: Latios|0 fnt
|faint|p1a: Latios
|
|
|switch|p1a: Lopunny|Lopunny-Mega, M|23\/272
|turn|36
|
|move|p1a: Lopunny|Fake Out|p2a: Clefable
|-damage|p2a: Clefable|0 fnt
|faint|p2a: Clefable
|
|
|switch|p2a: Starmie|Starmie|235\/261
|turn|37
|
|move|p1a: Lopunny|Baton Pass|p1a: Lopunny
|
|switch|p1a: Gothitelle|Gothitelle, M|75\/281
|move|p2a: Starmie|Ice Beam|p1a: Gothitelle
|-damage|p1a: Gothitelle|0 fnt
|-damage|p2a: Starmie|209\/261|[from] item: Life Orb
|faint|p1a: Gothitelle
|
|
|switch|p1a: Lopunny|Lopunny-Mega, M|23\/272
|turn|38
|
|move|p1a: Lopunny|Fake Out|p2a: Starmie
|-damage|p2a: Starmie|119\/261
|cant|p2a: Starmie|flinch
|
|turn|39
|
|move|p1a: Lopunny|Return|p2a: Starmie
|-damage|p2a: Starmie|0 fnt
|faint|p2a: Starmie
|
|
|switch|p2a: Landorus|Landorus, M|275\/319
|turn|40
|
|move|p1a: Lopunny|Return|p2a: Landorus
|-damage|p2a: Landorus|74\/319
|move|p2a: Landorus|Psychic|p1a: Lopunny
|-supereffective|p1a: Lopunny
|-damage|p1a: Lopunny|0 fnt
|faint|p1a: Lopunny
|
|win|ZephyrBurst
|raw|Ladder updating...
|c|âZephyrBurst|gg
|leave|Moxicity
|raw|Moxicity's rating: 1294 &rarr; <strong>1274<\/strong><br \/>(-20 for losing)
|raw|ZephyrBurst's rating: 1371 &rarr; <strong>1386<\/strong><br \/>(+15 for winning)
|player|p1