|join|alienatedink
|join|ZephyrBurst
|player|p1|alienatedink|11
|player|p2|ZephyrBurst|102
|gametype|singles
|gen|6
|tier|OU (suspect test)
|rated
|clearpoke
|poke|p1|Altaria, M
|poke|p1|Excadrill, F
|poke|p1|Talonflame, F
|poke|p1|Gardevoir, F
|poke|p1|Magnezone
|poke|p1|Azelf
|poke|p2|Dragalge, F
|poke|p2|Latios, M
|poke|p2|Heatran, F
|poke|p2|Magnezone
|poke|p2|Keldeo
|poke|p2|Diancie
|rule|Swagger Clause: Swagger is banned
|rule|Baton Pass Clause: Limit one PokÃ©mon knowing Baton Pass
|rule|Sleep Clause Mod: Limit one foe put to sleep
|rule|Species Clause: Limit one of each PokÃ©mon
|rule|OHKO Clause: OHKO moves are banned
|rule|Moody Clause: Moody is banned
|rule|Evasion Moves Clause: Evasion moves are banned
|rule|Endless Battle Clause: Forcing endless battles is banned
|rule|HP Percentage Mod: HP is shown in percentages
|teampreview
|
|start
|switch|p1a: Azelf|Azelf|291\/291
|switch|p2a: Diancie|Diancie|257\/257
|turn|1
|
|detailschange|p2a: Diancie|Diancie-Mega
|-mega|p2a: Diancie|Diancie|Diancite
|move|p1a: Azelf|Explosion|p2a: Diancie
|-resisted|p2a: Diancie
|-damage|p2a: Diancie|118\/257
|faint|p1a: Azelf
|move|p2a: Diancie|Rock Polish|p2a: Diancie
|-boost|p2a: Diancie|spe|2
|
|join|TheMadTbaggeR
|
|switch|p1a: Talonflame|Talonflame, F|297\/297
|turn|2
|
|move|p1a: Talonflame|Brave Bird|p2a: Diancie
|-resisted|p2a: Diancie
|-damage|p2a: Diancie|10\/257
|-damage|p1a: Talonflame|261\/297|[from] recoil|[of] p2a: Diancie
|move|p2a: Diancie|Diamond Storm|p1a: Talonflame
|-miss|p2a: Diancie|p1a: Talonflame
|
|turn|3
|
|switch|p2a: Heatran|Heatran, F|323\/323
|-item|p2a: Heatran|Air Balloon
|move|p1a: Talonflame|Brave Bird|p2a: Heatran
|-resisted|p2a: Heatran
|-damage|p2a: Heatran|217\/323
|-enditem|p2a: Heatran|Air Balloon
|-damage|p1a: Talonflame|226\/297|[from] recoil|[of] p2a: Heatran
|
|turn|4
|c|âZephyrBurst|...
|
|switch|p1a: Excadrill|Excadrill, F|361\/361
|-ability|p1a: Excadrill|Mold Breaker
|move|p2a: Heatran|Fire Blast|p1a: Excadrill
|-supereffective|p1a: Excadrill
|-damage|p1a: Excadrill|0 fnt
|faint|p1a: Excadrill
|
|
|switch|p1a: Altaria|Altaria, M|291\/291
|turn|5
|
|detailschange|p1a: Altaria|Altaria-Mega, M
|-mega|p1a: Altaria|Altaria|Altarianite
|move|p2a: Heatran|Flash Cannon|p1a: Altaria
|-supereffective|p1a: Altaria
|-damage|p1a: Altaria|7\/291
|move|p1a: Altaria|Substitute|p1a: Altaria
|-fail|p1a: Altaria|move: Substitute|[weak]
|
|turn|6
|c|âalienatedink|max speed damnit
|
|switch|p1a: Magnezone|Magnezone|281\/281
|move|p2a: Heatran|Flash Cannon|p1a: Magnezone
|-resisted|p1a: Magnezone
|-damage|p1a: Magnezone|242\/281
|
|turn|7
|
|switch|p1a: Gardevoir|Gardevoir, F|277\/277
|-ability|p1a: Gardevoir|Flash Fire|[from] ability: Trace|[of] p2a: Heatran
|move|p2a: Heatran|Fire Blast|p1a: Gardevoir
|-start|p1a: Gardevoir|ability: Flash Fire
|
|turn|8
|
|switch|p2a: Dragalge|Dragalge, F|282\/282
|move|p1a: Gardevoir|Focus Blast|p2a: Dragalge|[miss]
|-miss|p1a: Gardevoir|p2a: Dragalge
|
|turn|9
|
|switch|p1a: Magnezone|Magnezone|242\/281
|move|p2a: Dragalge|Focus Blast|p1a: Magnezone|[miss]
|-miss|p2a: Dragalge|p1a: Magnezone
|
|turn|10
|
|switch|p2a: Diancie|Diancie-Mega|10\/257
|move|p1a: Magnezone|Volt Switch|p2a: Diancie
|-damage|p2a: Diancie|0 fnt
|faint|p2a: Diancie
|
|switch|p1a: Gardevoir|Gardevoir, F|277\/277
|
|
|switch|p2a: Magnezone|Magnezone|281\/281
|-ability|p1a: Gardevoir|Magnet Pull|[from] ability: Trace|[of] p2a: Magnezone
|turn|11
|
|move|p1a: Gardevoir|Focus Blast|p2a: Magnezone
|-supereffective|p2a: Magnezone
|-damage|p2a: Magnezone|0 fnt
|faint|p2a: Magnezone
|
|
|switch|p2a: Dragalge|Dragalge, F|282\/282
|turn|12
|
|switch|p1a: Altaria|Altaria-Mega, M|7\/291
|move|p2a: Dragalge|Focus Blast|p1a: Altaria
|-resisted|p1a: Altaria
|-damage|p1a: Altaria|0 fnt
|-damage|p2a: Dragalge|254\/282|[from] item: Life Orb
|faint|p1a: Altaria
|
|
|switch|p1a: Talonflame|Talonflame, F|226\/297
|turn|13
|
|switch|p2a: Heatran|Heatran, F|217\/323
|move|p1a: Talonflame|U-turn|p2a: Heatran
|-resisted|p2a: Heatran
|-damage|p2a: Heatran|195\/323
|
|switch|p1a: Gardevoir|Gardevoir, F|277\/277
|-ability|p1a: Gardevoir|Flash Fire|[from] ability: Trace|[of] p2a: Heatran
|
|turn|14
|
|move|p1a: Gardevoir|Psyshock|p2a: Heatran
|-crit|p2a: Heatran
|-resisted|p2a: Heatran
|-damage|p2a: Heatran|96\/323
|move|p2a: Heatran|Flash Cannon|p1a: Gardevoir
|-supereffective|p1a: Gardevoir
|-damage|p1a: Gardevoir|13\/277
|
|turn|15
|
|move|p1a: Gardevoir|Psyshock|p2a: Heatran
|-resisted|p2a: Heatran
|-damage|p2a: Heatran|27\/323
|move|p2a: Heatran|Stealth Rock|p1a: Gardevoir
|-sidestart|p1: alienatedink|move: Stealth Rock
|
|turn|16
|
|switch|p2a: Latios|Latios, M|301\/301
|move|p1a: Gardevoir|Psyshock|p2a: Latios
|-resisted|p2a: Latios
|-damage|p2a: Latios|220\/301
|
|turn|17
|
|move|p2a: Latios|Thunderbolt|p1a: Gardevoir
|-damage|p1a: Gardevoir|0 fnt
|faint|p1a: Gardevoir
|
|
|switch|p1a: Magnezone|Magnezone|242\/281
|-damage|p1a: Magnezone|225\/281|[from] Stealth Rock
|turn|18
|c| TheMadTbaggeR|C'mon ink
|
|switch|p2a: Heatran|Heatran, F|27\/323
|move|p1a: Magnezone|Thunderbolt|p2a: Heatran
|-damage|p2a: Heatran|0 fnt
|faint|p2a: Heatran
|
|c| TheMadTbaggeR|Sweep 'em
|
|switch|p2a: Dragalge|Dragalge, F|254\/282
|turn|19
|
|move|p1a: Magnezone|Thunderbolt|p2a: Dragalge
|-resisted|p2a: Dragalge
|-damage|p2a: Dragalge|170\/282
|move|p2a: Dragalge|Focus Blast|p1a: Magnezone
|-supereffective|p1a: Magnezone
|-damage|p1a: Magnezone|0 fnt
|-damage|p2a: Dragalge|142\/282|[from] item: Life Orb
|faint|p1a: Magnezone
|
|
|switch|p1a: Talonflame|Talonflame, F|226\/297
|-damage|p1a: Talonflame|78\/297|[from] Stealth Rock
|turn|20
|
|move|p1a: Talonflame|Brave Bird|p2a: Dragalge
|-damage|p2a: Dragalge|0 fnt
|-damage|p1a: Talonflame|31\/297|[from] recoil|[of] p2a: Dragalge
|faint|p2a: Dragalge
|
|
|switch|p2a: Keldeo|Keldeo|323\/323
|turn|21
|
|move|p1a: Talonflame|Brave Bird|p2a: Keldeo
|-supereffective|p2a: Keldeo
|-damage|p2a: Keldeo|0 fnt
|-damage|p1a: Talonflame|0 fnt|[from] recoil|[of] p2a: Keldeo
|faint|p2a: Keldeo
|faint|p1a: Talonflame
|
|win|ZephyrBurst
|raw|Ladder updating...
|c|âZephyrBurst|gg
|raw|alienatedink's rating: 1290 &rarr; <strong>1264<\/strong><br \/>(-26 for losing)
|raw|ZephyrBurst's rating: 1280 &rarr; <strong>1305<\/strong><br \/>(+25 for winning)