|join|ZephyrBurst
|join|Naivyii
|player|p1|ZephyrBurst|102
|player|p2|Naivyii|265
|gametype|singles
|gen|6
|tier|OU (suspect test)
|rated
|clearpoke
|poke|p1|Absol, M
|poke|p1|Azumarill, M
|poke|p1|Landorus-Therian, M
|poke|p1|Heatran, F
|poke|p1|Kyurem-Black
|poke|p1|Zapdos
|poke|p2|Beedrill, M
|poke|p2|Rotom-Wash
|poke|p2|Latios, M
|poke|p2|Chansey, F
|poke|p2|Conkeldurr, M
|poke|p2|Landorus-Therian, M
|rule|Swagger Clause: Swagger is banned
|rule|Baton Pass Clause: Limit one PokÃ©mon knowing Baton Pass
|rule|Sleep Clause Mod: Limit one foe put to sleep
|rule|Species Clause: Limit one of each PokÃ©mon
|rule|OHKO Clause: OHKO moves are banned
|rule|Moody Clause: Moody is banned
|rule|Evasion Moves Clause: Evasion moves are banned
|rule|Endless Battle Clause: Forcing endless battles is banned
|rule|HP Percentage Mod: HP is shown in percentages
|teampreview
|
|start
|switch|p1a: Landorus-Therian|Landorus-Therian, M|382\/382
|switch|p2a: Landorus-Therian|Landorus-Therian, M|382\/382
|-ability|p1a: Landorus-Therian|Intimidate|[of] p2a: Landorus-Therian
|-unboost|p2a: Landorus-Therian|atk|1
|-ability|p2a: Landorus-Therian|Intimidate|[of] p1a: Landorus-Therian
|-unboost|p1a: Landorus-Therian|atk|1
|turn|1
|
|move|p1a: Landorus-Therian|Stealth Rock|p2a: Landorus-Therian
|-sidestart|p2: Naivyii|move: Stealth Rock
|move|p2a: Landorus-Therian|Knock Off|p1a: Landorus-Therian
|-damage|p1a: Landorus-Therian|309\/382
|-enditem|p1a: Landorus-Therian|Leftovers|[from] move: Knock Off|[of] p2a: Landorus-Therian
|
|turn|2
|
|move|p1a: Landorus-Therian|U-turn|p2a: Landorus-Therian
|-resisted|p2a: Landorus-Therian
|-damage|p2a: Landorus-Therian|356\/382
|
|switch|p1a: Azumarill|Azumarill, M|399\/399
|move|p2a: Landorus-Therian|U-turn|p1a: Azumarill
|-crit|p1a: Azumarill
|-resisted|p1a: Azumarill
|-damage|p1a: Azumarill|314\/399
|
|switch|p2a: Rotom-Wash|Rotom-Wash|241\/241
|-damage|p2a: Rotom-Wash|211\/241|[from] Stealth Rock
|
|turn|3
|
|switch|p1a: Kyurem-Black|Kyurem-Black|391\/391
|-ability|p1a: Kyurem-Black|Teravolt
|move|p2a: Rotom-Wash|Hydro Pump|p1a: Kyurem-Black|[miss]
|-miss|p2a: Rotom-Wash|p1a: Kyurem-Black
|
|turn|4
|
|switch|p2a: Chansey|Chansey, F|703\/703
|-damage|p2a: Chansey|616\/703|[from] Stealth Rock
|move|p1a: Kyurem-Black|Earth Power|p2a: Chansey
|-damage|p2a: Chansey|532\/703
|-damage|p1a: Kyurem-Black|352\/391|[from] item: Life Orb
|
|turn|5
|
|switch|p1a: Heatran|Heatran, F|385\/385
|move|p2a: Chansey|Wish|p2a: Chansey
|
|turn|6
|
|switch|p2a: Landorus-Therian|Landorus-Therian, M|356\/382
|-damage|p2a: Landorus-Therian|309\/382|[from] Stealth Rock
|-ability|p2a: Landorus-Therian|Intimidate|[of] p1a: Heatran
|-unboost|p1a: Heatran|atk|1
|move|p1a: Heatran|Magma Storm|p2a: Landorus-Therian
|-damage|p2a: Landorus-Therian|128\/382
|-activate|p2a: Landorus-Therian|move: Magma Storm|[of] p1a: Heatran
|
|-heal|p2a: Landorus-Therian|382\/382|[from] move: Wish|[wisher] Chansey
|-damage|p2a: Landorus-Therian|335\/382|[from] move: Magma Storm|[partiallytrapped]
|turn|7
|
|move|p1a: Heatran|Protect|p1a: Heatran
|-singleturn|p1a: Heatran|Protect
|move|p2a: Landorus-Therian|Stone Edge|p1a: Heatran
|-activate|p1a: Heatran|Protect
|
|-heal|p2a: Landorus-Therian|358\/382|[from] item: Leftovers
|-damage|p2a: Landorus-Therian|311\/382|[from] move: Magma Storm|[partiallytrapped]
|turn|8
|
|switch|p1a: Kyurem-Black|Kyurem-Black|352\/391
|-ability|p1a: Kyurem-Black|Teravolt
|move|p2a: Landorus-Therian|Earthquake|p1a: Kyurem-Black
|-damage|p1a: Kyurem-Black|148\/391
|
|-heal|p2a: Landorus-Therian|334\/382|[from] item: Leftovers
|-end|p2a: Landorus-Therian|Magma Storm|[partiallytrapped]
|turn|9
|
|switch|p1a: Heatran|Heatran, F|385\/385
|switch|p2a: Chansey|Chansey, F|532\/703
|-damage|p2a: Chansey|445\/703|[from] Stealth Rock
|
|turn|10
|
|switch|p2a: Latios|Latios, M|301\/301
|-damage|p2a: Latios|264\/301|[from] Stealth Rock
|move|p1a: Heatran|Taunt|p2a: Latios
|-start|p2a: Latios|move: Taunt
|
|turn|11
|
|move|p1a: Heatran|Protect|p1a: Heatran
|-singleturn|p1a: Heatran|Protect
|move|p2a: Latios|Surf|p1a: Heatran
|-activate|p1a: Heatran|Protect
|
|turn|12
|
|move|p2a: Latios|Psyshock|p1a: Heatran
|-resisted|p1a: Heatran
|-damage|p1a: Heatran|295\/385
|-damage|p2a: Latios|234\/301|[from] item: Life Orb
|move|p1a: Heatran|Magma Storm|p2a: Latios
|-resisted|p2a: Latios
|-damage|p2a: Latios|172\/301
|-activate|p2a: Latios|move: Magma Storm|[of] p1a: Heatran
|
|-heal|p1a: Heatran|319\/385|[from] item: Leftovers
|-damage|p2a: Latios|135\/301|[from] move: Magma Storm|[partiallytrapped]
|turn|13
|
|move|p1a: Heatran|Protect|p1a: Heatran
|-singleturn|p1a: Heatran|Protect
|move|p2a: Latios|Surf|p1a: Heatran
|-activate|p1a: Heatran|Protect
|
|-heal|p1a: Heatran|343\/385|[from] item: Leftovers
|-damage|p2a: Latios|98\/301|[from] move: Magma Storm|[partiallytrapped]
|-end|p2a: Latios|move: Taunt
|turn|14
|
|move|p2a: Latios|Defog|p1a: Heatran
|-unboost|p1a: Heatran|evasion|1
|-sideend|p2: Naivyii|Stealth Rock|[from] move: Defog|[of] p2a: Latios
|move|p1a: Heatran|Toxic|p2a: Latios
|-status|p2a: Latios|tox
|
|-heal|p1a: Heatran|367\/385|[from] item: Leftovers
|-damage|p2a: Latios|80\/301 tox|[from] psn
|-damage|p2a: Latios|43\/301 tox|[from] move: Magma Storm|[partiallytrapped]
|turn|15
|
|move|p1a: Heatran|Protect|p1a: Heatran
|-singleturn|p1a: Heatran|Protect
|move|p2a: Latios|Surf|p1a: Heatran
|-activate|p1a: Heatran|Protect
|
|-heal|p1a: Heatran|385\/385|[from] item: Leftovers
|-damage|p2a: Latios|7\/301 tox|[from] psn
|-damage|p2a: Latios|0 fnt|[from] move: Magma Storm|[partiallytrapped]
|faint|p2a: Latios
|
|switch|p2a: Beedrill|Beedrill, M|271\/271
|turn|16
|
|switch|p1a: Landorus-Therian|Landorus-Therian, M|309\/382
|-ability|p1a: Landorus-Therian|Intimidate|[of] p2a: Beedrill
|-unboost|p2a: Beedrill|atk|1
|detailschange|p2a: Beedrill|Beedrill-Mega, M
|-mega|p2a: Beedrill|Beedrill|Beedrillite
|move|p2a: Beedrill|U-turn|p1a: Landorus-Therian
|-resisted|p1a: Landorus-Therian
|-damage|p1a: Landorus-Therian|260\/382
|
|switch|p2a: Rotom-Wash|Rotom-Wash|211\/241
|
|turn|17
|
|switch|p1a: Zapdos|Zapdos|384\/384
|-ability|p1a: Zapdos|Pressure
|move|p2a: Rotom-Wash|Hydro Pump|p1a: Zapdos
|-damage|p1a: Zapdos|203\/384
|
|-heal|p1a: Zapdos|227\/384|[from] item: Leftovers
|turn|18
|
|switch|p2a: Beedrill|Beedrill-Mega, M|271\/271
|move|p1a: Zapdos|Roost|p1a: Zapdos
|-heal|p1a: Zapdos|384\/384
|
|turn|19
|
|move|p2a: Beedrill|Poison Jab|p1a: Zapdos
|-damage|p1a: Zapdos|190\/384
|-status|p1a: Zapdos|psn
|move|p1a: Zapdos|Heat Wave|p2a: Beedrill
|-miss|p1a: Zapdos|p2a: Beedrill
|
|-heal|p1a: Zapdos|214\/384 psn|[from] item: Leftovers
|-damage|p1a: Zapdos|166\/384 psn|[from] psn
|turn|20
|
|switch|p1a: Landorus-Therian|Landorus-Therian, M|260\/382
|-ability|p1a: Landorus-Therian|Intimidate|[of] p2a: Beedrill
|-unboost|p2a: Beedrill|atk|1
|move|p2a: Beedrill|Knock Off|p1a: Landorus-Therian
|-damage|p1a: Landorus-Therian|215\/382
|
|turn|21
|
|move|p2a: Beedrill|Poison Jab|p1a: Landorus-Therian
|-resisted|p1a: Landorus-Therian
|-damage|p1a: Landorus-Therian|158\/382
|move|p1a: Landorus-Therian|Stealth Rock|p2a: Beedrill
|-sidestart|p2: Naivyii|move: Stealth Rock
|
|turn|22
|
|move|p2a: Beedrill|U-turn|p1a: Landorus-Therian
|-resisted|p1a: Landorus-Therian
|-damage|p1a: Landorus-Therian|109\/382
|
|switch|p2a: Rotom-Wash|Rotom-Wash|211\/241
|-damage|p2a: Rotom-Wash|181\/241|[from] Stealth Rock
|move|p1a: Landorus-Therian|Earthquake|p2a: Rotom-Wash
|-immune|p2a: Rotom-Wash|[msg]
|
|turn|23
|
|move|p2a: Rotom-Wash|Hydro Pump|p1a: Landorus-Therian
|-supereffective|p1a: Landorus-Therian
|-damage|p1a: Landorus-Therian|0 fnt
|faint|p1a: Landorus-Therian
|
|
|switch|p1a: Azumarill|Azumarill, M|314\/399
|turn|24
|
|move|p2a: Rotom-Wash|Hydro Pump|p1a: Azumarill
|-resisted|p1a: Azumarill
|-damage|p1a: Azumarill|242\/399
|move|p1a: Azumarill|Play Rough|p2a: Rotom-Wash
|-damage|p2a: Rotom-Wash|13\/241
|
|turn|25
|
|move|p1a: Azumarill|Aqua Jet|p2a: Rotom-Wash
|-resisted|p2a: Rotom-Wash
|-damage|p2a: Rotom-Wash|0 fnt
|faint|p2a: Rotom-Wash
|
|
|switch|p2a: Beedrill|Beedrill-Mega, M|271\/271
|-damage|p2a: Beedrill|204\/271|[from] Stealth Rock
|turn|26
|
|switch|p1a: Kyurem-Black|Kyurem-Black|148\/391
|-ability|p1a: Kyurem-Black|Teravolt
|move|p2a: Beedrill|Drill Run|p1a: Kyurem-Black|[miss]
|-miss|p2a: Beedrill|p1a: Kyurem-Black
|
|turn|27
|
|move|p2a: Beedrill|Poison Jab|p1a: Kyurem-Black
|-damage|p1a: Kyurem-Black|0 fnt
|faint|p1a: Kyurem-Black
|
|
|switch|p1a: Sol|Absol, M|271\/271
|turn|28
|
|switch|p2a: Landorus-Therian|Landorus-Therian, M|334\/382
|-damage|p2a: Landorus-Therian|287\/382|[from] Stealth Rock
|-ability|p2a: Landorus-Therian|Intimidate|[of] p1a: Sol
|-unboost|p1a: Sol|atk|1
|detailschange|p1a: Sol|Absol-Mega, M
|-mega|p1a: Sol|Absol|Absolite
|move|p1a: Sol|Knock Off|p2a: Landorus-Therian
|-damage|p2a: Landorus-Therian|157\/382
|-enditem|p2a: Landorus-Therian|Leftovers|[from] move: Knock Off|[of] p1a: Sol
|
|turn|29
|
|switch|p1a: Heatran|Heatran, F|385\/385
|move|p2a: Landorus-Therian|U-turn|p1a: Heatran
|-resisted|p1a: Heatran
|-damage|p1a: Heatran|363\/385
|
|switch|p2a: Beedrill|Beedrill-Mega, M|204\/271
|-damage|p2a: Beedrill|137\/271|[from] Stealth Rock
|
|-heal|p1a: Heatran|385\/385|[from] item: Leftovers
|turn|30
|
|move|p1a: Heatran|Protect|p1a: Heatran
|-singleturn|p1a: Heatran|Protect
|move|p2a: Beedrill|Drill Run|p1a: Heatran
|-activate|p1a: Heatran|Protect
|
|turn|31
|
|move|p2a: Beedrill|Drill Run|p1a: Heatran
|-supereffective|p1a: Heatran
|-damage|p1a: Heatran|0 fnt
|faint|p1a: Heatran
|
|
|switch|p1a: Azumarill|Azumarill, M|242\/399
|turn|32
|
|switch|p2a: Landorus-Therian|Landorus-Therian, M|157\/382
|-damage|p2a: Landorus-Therian|110\/382|[from] Stealth Rock
|-ability|p2a: Landorus-Therian|Intimidate|[of] p1a: Azumarill
|-unboost|p1a: Azumarill|atk|1
|move|p1a: Azumarill|Aqua Jet|p2a: Landorus-Therian
|-crit|p2a: Landorus-Therian
|-supereffective|p2a: Landorus-Therian
|-damage|p2a: Landorus-Therian|0 fnt
|faint|p2a: Landorus-Therian
|
|
|switch|p2a: Conkeldurr|Conkeldurr, M|414\/414
|-damage|p2a: Conkeldurr|389\/414|[from] Stealth Rock
|turn|33
|
|switch|p1a: Zapdos|Zapdos|166\/384 psn
|-ability|p1a: Zapdos|Pressure
|move|p2a: Conkeldurr|Bulk Up|p2a: Conkeldurr
|-boost|p2a: Conkeldurr|atk|1
|-boost|p2a: Conkeldurr|def|1
|
|-heal|p1a: Zapdos|190\/384 psn|[from] item: Leftovers
|-heal|p2a: Conkeldurr|414\/414|[from] item: Leftovers
|-damage|p1a: Zapdos|142\/384 psn|[from] psn
|turn|34
|
|move|p1a: Zapdos|Thunderbolt|p2a: Conkeldurr
|-damage|p2a: Conkeldurr|281\/414
|move|p2a: Conkeldurr|Bulk Up|p2a: Conkeldurr
|-boost|p2a: Conkeldurr|atk|1
|-boost|p2a: Conkeldurr|def|1
|
|-heal|p1a: Zapdos|166\/384 psn|[from] item: Leftovers
|-heal|p2a: Conkeldurr|306\/414|[from] item: Leftovers
|-damage|p1a: Zapdos|118\/384 psn|[from] psn
|turn|35
|
|move|p1a: Zapdos|Thunderbolt|p2a: Conkeldurr
|-damage|p2a: Conkeldurr|165\/414
|move|p2a: Conkeldurr|Drain Punch|p1a: Zapdos
|-resisted|p1a: Zapdos
|-damage|p1a: Zapdos|1\/384 psn
|-heal|p2a: Conkeldurr|224\/414|[from] drain|[of] p1a: Zapdos
|
|-heal|p1a: Zapdos|25\/384 psn|[from] item: Leftovers
|-heal|p2a: Conkeldurr|249\/414|[from] item: Leftovers
|-damage|p1a: Zapdos|0 fnt|[from] psn
|faint|p1a: Zapdos
|
|switch|p1a: Azumarill|Azumarill, M|242\/399
|turn|36
|
|move|p1a: Azumarill|Play Rough|p2a: Conkeldurr
|-supereffective|p2a: Conkeldurr
|-damage|p2a: Conkeldurr|61\/414
|move|p2a: Conkeldurr|Drain Punch|p1a: Azumarill
|-resisted|p1a: Azumarill
|-damage|p1a: Azumarill|92\/399
|-heal|p2a: Conkeldurr|136\/414|[from] drain|[of] p1a: Azumarill
|
|-heal|p2a: Conkeldurr|161\/414|[from] item: Leftovers
|turn|37
|
|move|p2a: Conkeldurr|Mach Punch|p1a: Azumarill
|-resisted|p1a: Azumarill
|-damage|p1a: Azumarill|5\/399
|move|p1a: Azumarill|Play Rough|p2a: Conkeldurr
|-crit|p2a: Conkeldurr
|-supereffective|p2a: Conkeldurr
|-damage|p2a: Conkeldurr|0 fnt
|faint|p2a: Conkeldurr
|
|
|switch|p2a: Beedrill|Beedrill-Mega, M|137\/271
|-damage|p2a: Beedrill|70\/271|[from] Stealth Rock
|turn|38
|
|move|p1a: Azumarill|Aqua Jet|p2a: Beedrill
|-damage|p2a: Beedrill|0 fnt
|faint|p2a: Beedrill
|
|
|switch|p2a: Chansey|Chansey, F|445\/703
|-damage|p2a: Chansey|358\/703|[from] Stealth Rock
|turn|39
|
|move|p1a: Azumarill|Knock Off|p2a: Chansey
|-damage|p2a: Chansey|198\/703
|-enditem|p2a: Chansey|Eviolite|[from] move: Knock Off|[of] p1a: Azumarill
|move|p2a: Chansey|Wish|p2a: Chansey
|
|turn|40
|
|move|p1a: Azumarill|Waterfall|p2a: Chansey
|-damage|p2a: Chansey|0 fnt
|faint|p2a: Chansey
|
|win|ZephyrBurst
|raw|Ladder updating...
|raw|ZephyrBurst's rating: 1320 &rarr; <strong>1340<\/strong><br \/>(+20 for winning)
|raw|Naivyii's rating: 1319 &rarr; <strong>1299<\/strong><br \/>(-20 for losing)
|c|âZephyrBurst|gg