|join|Merch5
|join|ZephyrBurst
|player|p1|Merch5|39
|player|p2|ZephyrBurst|102
|gametype|singles
|gen|6
|tier|OU (suspect test)
|rated
|clearpoke
|poke|p1|Pinsir, M
|poke|p1|Talonflame, F
|poke|p1|Excadrill, F
|poke|p1|Garchomp, M
|poke|p1|Thundurus, M
|poke|p1|Keldeo
|poke|p2|Heracross, M
|poke|p2|Clefable, M
|poke|p2|Jirachi
|poke|p2|Starmie
|poke|p2|Landorus, M
|poke|p2|Bisharp, F
|rule|Swagger Clause: Swagger is banned
|rule|Baton Pass Clause: Limit one PokÃ©mon knowing Baton Pass
|rule|Sleep Clause Mod: Limit one foe put to sleep
|rule|Species Clause: Limit one of each PokÃ©mon
|rule|OHKO Clause: OHKO moves are banned
|rule|Moody Clause: Moody is banned
|rule|Evasion Moves Clause: Evasion moves are banned
|rule|Endless Battle Clause: Forcing endless battles is banned
|rule|HP Percentage Mod: HP is shown in percentages
|teampreview
|
|start
|switch|p1a: Garchomp|Garchomp, M|357\/357
|switch|p2a: Clefable|Clefable, M|394\/394
|turn|1
|
|move|p1a: Garchomp|Stealth Rock|p2a: Clefable
|-sidestart|p2: ZephyrBurst|move: Stealth Rock
|move|p2a: Clefable|Moonblast|p1a: Garchomp
|-crit|p1a: Garchomp
|-supereffective|p1a: Garchomp
|-enditem|p1a: Garchomp|Focus Sash
|-damage|p1a: Garchomp|1\/357
|-unboost|p1a: Garchomp|spa|1
|
|turn|2
|
|move|p1a: Garchomp|Earthquake|p2a: Clefable
|-damage|p2a: Clefable|228\/394
|move|p2a: Clefable|Wish|p2a: Clefable
|
|-heal|p2a: Clefable|252\/394|[from] item: Leftovers
|turn|3
|
|move|p1a: Garchomp|Earthquake|p2a: Clefable
|-damage|p2a: Clefable|89\/394
|move|p2a: Clefable|Moonblast|p1a: Garchomp
|-supereffective|p1a: Garchomp
|-damage|p1a: Garchomp|0 fnt
|faint|p1a: Garchomp
|
|-heal|p2a: Clefable|286\/394|[from] move: Wish|[wisher] Clefable
|-heal|p2a: Clefable|310\/394|[from] item: Leftovers
|
|switch|p1a: Pinsir|Pinsir, M|272\/272
|turn|4
|
|detailschange|p1a: Pinsir|Pinsir-Mega, M
|-mega|p1a: Pinsir|Pinsir|Pinsirite
|move|p1a: Pinsir|Return|p2a: Clefable
|-damage|p2a: Clefable|64\/394
|move|p2a: Clefable|Moonblast|p1a: Pinsir
|-damage|p1a: Pinsir|164\/272
|
|-heal|p2a: Clefable|88\/394|[from] item: Leftovers
|turn|5
|
|move|p2a: Clefable|Protect|p2a: Clefable
|-singleturn|p2a: Clefable|Protect
|move|p1a: Pinsir|Return|p2a: Clefable
|-activate|p2a: Clefable|Protect
|
|-heal|p2a: Clefable|112\/394|[from] item: Leftovers
|turn|6
|
|move|p1a: Pinsir|Return|p2a: Clefable
|-damage|p2a: Clefable|0 fnt
|faint|p2a: Clefable
|
|
|switch|p2a: Starmie|Starmie|261\/261
|-damage|p2a: Starmie|229\/261|[from] Stealth Rock
|turn|7
|
|move|p2a: Starmie|Ice Beam|p1a: Pinsir
|-supereffective|p1a: Pinsir
|-damage|p1a: Pinsir|0 fnt
|-damage|p2a: Starmie|203\/261|[from] item: Life Orb
|faint|p1a: Pinsir
|
|
|switch|p1a: Talonflame|Talonflame, F|297\/297
|turn|8
|
|switch|p2a: Jirachi|Jirachi|404\/404
|-damage|p2a: Jirachi|379\/404|[from] Stealth Rock
|move|p1a: Talonflame|U-turn|p2a: Jirachi
|-damage|p2a: Jirachi|291\/404
|
|switch|p1a: Excadrill|Excadrill, F|362\/362
|-ability|p1a: Excadrill|Mold Breaker
|
|-heal|p2a: Jirachi|316\/404|[from] item: Leftovers
|turn|9
|
|switch|p2a: Landorus|Landorus, M|319\/319
|-damage|p2a: Landorus|280\/319|[from] Stealth Rock
|move|p1a: Excadrill|Earthquake|p2a: Landorus
|-immune|p2a: Landorus|[msg]
|
|turn|10
|
|switch|p1a: Keldeo|Keldeo|324\/324
|move|p2a: Landorus|Stealth Rock|p1a: Keldeo
|-sidestart|p1: Merch5|move: Stealth Rock
|
|turn|11
|
|switch|p2a: Starmie|Starmie|203\/261
|-damage|p2a: Starmie|171\/261|[from] Stealth Rock
|move|p1a: Keldeo|Scald|p2a: Starmie
|-resisted|p2a: Starmie
|-damage|p2a: Starmie|84\/261
|
|turn|12
|
|move|p2a: Starmie|Psyshock|p1a: Keldeo
|-supereffective|p1a: Keldeo
|-damage|p1a: Keldeo|2\/324
|-damage|p2a: Starmie|58\/261|[from] item: Life Orb
|move|p1a: Keldeo|Scald|p2a: Starmie
|-resisted|p2a: Starmie
|-damage|p2a: Starmie|0 fnt
|faint|p2a: Starmie
|
|-heal|p1a: Keldeo|22\/324|[from] item: Leftovers
|
|switch|p2a: Bisharp|Bisharp, F|271\/271
|-damage|p2a: Bisharp|255\/271|[from] Stealth Rock
|turn|13
|
|move|p2a: Bisharp|Sucker Punch|p1a: Keldeo
|-fail|p1a: Keldeo
|move|p1a: Keldeo|Calm Mind|p1a: Keldeo
|-boost|p1a: Keldeo|spa|1
|-boost|p1a: Keldeo|spd|1
|
|-heal|p1a: Keldeo|42\/324|[from] item: Leftovers
|turn|14
|
|move|p2a: Bisharp|Sucker Punch|p1a: Keldeo
|-resisted|p1a: Keldeo
|-damage|p1a: Keldeo|0 fnt
|faint|p1a: Keldeo
|
|
|switch|p1a: Excadrill|Excadrill, F|362\/362
|-damage|p1a: Excadrill|351\/362|[from] Stealth Rock
|-ability|p1a: Excadrill|Mold Breaker
|turn|15
|
|switch|p2a: Landorus|Landorus, M|280\/319
|-damage|p2a: Landorus|241\/319|[from] Stealth Rock
|move|p1a: Excadrill|Rapid Spin|p2a: Landorus
|-damage|p2a: Landorus|216\/319
|-sideend|p1: Merch5|Stealth Rock|[from] move: Rapid Spin|[of] p1a: Excadrill
|
|turn|16
|
|switch|p1a: Thundurus|Thundurus, M|299\/299
|move|p2a: Landorus|Psychic|p1a: Thundurus
|-damage|p1a: Thundurus|66\/299
|
|turn|17
|
|switch|p2a: Jirachi|Jirachi|316\/404
|-damage|p2a: Jirachi|291\/404|[from] Stealth Rock
|move|p1a: Thundurus|Thunderbolt|p2a: Jirachi
|-damage|p2a: Jirachi|139\/404
|-damage|p1a: Thundurus|37\/299|[from] item: Life Orb
|
|-heal|p2a: Jirachi|164\/404|[from] item: Leftovers
|turn|18
|
|move|p1a: Thundurus|Thunder Wave|p2a: Jirachi
|-status|p2a: Jirachi|par
|move|p2a: Jirachi|Body Slam|p1a: Thundurus
|-damage|p1a: Thundurus|0 fnt
|faint|p1a: Thundurus
|
|-heal|p2a: Jirachi|189\/404 par|[from] item: Leftovers
|
|switch|p1a: Talonflame|Talonflame, F|297\/297
|turn|19
|
|move|p1a: Talonflame|Flare Blitz|p2a: Jirachi
|-supereffective|p2a: Jirachi
|-damage|p2a: Jirachi|0 fnt
|-damage|p1a: Talonflame|235\/297|[from] recoil|[of] p2a: Jirachi
|faint|p2a: Jirachi
|
|
|switch|p2a: Bisharp|Bisharp, F|255\/271
|-damage|p2a: Bisharp|239\/271|[from] Stealth Rock
|turn|20
|
|switch|p1a: Excadrill|Excadrill, F|351\/362
|-ability|p1a: Excadrill|Mold Breaker
|move|p2a: Bisharp|Sucker Punch|p1a: Excadrill
|-fail|p1a: Excadrill
|
|turn|21
|
|switch|p2a: Landorus|Landorus, M|216\/319
|-damage|p2a: Landorus|177\/319|[from] Stealth Rock
|move|p1a: Excadrill|Iron Head|p2a: Landorus
|-crit|p2a: Landorus
|-damage|p2a: Landorus|0 fnt
|faint|p2a: Landorus
|
|
|switch|p2a: Heracross|Heracross, M|301\/301
|-damage|p2a: Heracross|264\/301|[from] Stealth Rock
|turn|22
|
|switch|p1a: Talonflame|Talonflame, F|235\/297
|detailschange|p2a: Heracross|Heracross-Mega, M
|-mega|p2a: Heracross|Heracross|Heracronite
|move|p2a: Heracross|Substitute|p2a: Heracross
|-start|p2a: Heracross|Substitute
|-damage|p2a: Heracross|189\/301
|
|turn|23
|
|move|p1a: Talonflame|Brave Bird|p2a: Heracross
|-supereffective|p2a: Heracross
|-end|p2a: Heracross|Substitute
|-damage|p1a: Talonflame|210\/297|[from] recoil|[of] p2a: Heracross
|move|p2a: Heracross|Rock Blast|p1a: Talonflame
|-supereffective|p1a: Talonflame
|-damage|p1a: Talonflame|0 fnt
|-hitcount|p1a: Talonflame|1
|faint|p1a: Talonflame
|
|
|switch|p1a: Excadrill|Excadrill, F|351\/362
|-ability|p1a: Excadrill|Mold Breaker
|turn|24
|
|move|p1a: Excadrill|Iron Head|p2a: Heracross
|-damage|p2a: Heracross|50\/301
|move|p2a: Heracross|Close Combat|p1a: Excadrill
|-supereffective|p1a: Excadrill
|-damage|p1a: Excadrill|0 fnt
|-unboost|p2a: Heracross|def|1
|-unboost|p2a: Heracross|spd|1
|faint|p1a: Excadrill
|
|win|ZephyrBurst
|raw|Ladder updating...
|c|âZephyrBurst|gg
|raw|Merch5's rating: 1474 &rarr; <strong>1449<\/strong><br \/>(-25 for losing)
|raw|ZephyrBurst's rating: 1386 &rarr; <strong>1411<\/strong><br \/>(+25 for winning)
|leave|Merch5
|player|p1