|join|ZephyrBurst
|join|Gang Member
|player|p1|ZephyrBurst|102
|player|p2|Gang Member|126
|gametype|singles
|gen|6
|tier|OU (suspect test)
|rated
|clearpoke
|poke|p1|Heracross, F
|poke|p1|Clefable, F
|poke|p1|Jirachi
|poke|p1|Starmie
|poke|p1|Landorus, M
|poke|p1|Bisharp, F
|poke|p2|Gliscor, F, shiny
|poke|p2|Chansey, F, shiny
|poke|p2|Venusaur, M
|poke|p2|Klefki, F, shiny
|poke|p2|Shuckle, M, shiny
|poke|p2|Chandelure, M, shiny
|rule|Swagger Clause: Swagger is banned
|rule|Baton Pass Clause: Limit one PokÃ©mon knowing Baton Pass
|rule|Sleep Clause Mod: Limit one foe put to sleep
|rule|Species Clause: Limit one of each PokÃ©mon
|rule|OHKO Clause: OHKO moves are banned
|rule|Moody Clause: Moody is banned
|rule|Evasion Moves Clause: Evasion moves are banned
|rule|Endless Battle Clause: Forcing endless battles is banned
|rule|HP Percentage Mod: HP is shown in percentages
|teampreview
|
|start
|switch|p1a: Landorus|Landorus, M|319\/319
|switch|p2a: Shuckle|Shuckle, M, shiny|244\/244
|turn|1
|
|move|p1a: Landorus|Earth Power|p2a: Shuckle
|-damage|p2a: Shuckle|147\/244
|move|p2a: Shuckle|Toxic|p1a: Landorus
|-status|p1a: Landorus|tox
|
|-heal|p2a: Shuckle|162\/244|[from] item: Leftovers
|-damage|p1a: Landorus|300\/319 tox|[from] psn
|turn|2
|
|switch|p1a: Heracross|Heracross, F|301\/301
|switch|p2a: Gliscor|Gliscor, F, shiny|353\/353
|
|-status|p2a: Gliscor|tox|[from] item: Toxic Orb
|turn|3
|
|detailschange|p1a: Heracross|Heracross-Mega, F
|-mega|p1a: Heracross|Heracross|Heracronite
|move|p1a: Heracross|Substitute|p1a: Heracross
|-start|p1a: Heracross|Substitute
|-damage|p1a: Heracross|226\/301
|move|p2a: Gliscor|Toxic|p1a: Heracross
|
|turn|4
|
|switch|p2a: Klefki|Klefki, F, shiny|317\/317
|move|p1a: Heracross|Rock Blast|p2a: Klefki|[miss]
|-miss|p1a: Heracross|p2a: Klefki
|
|turn|5
|
|move|p2a: Klefki|Reflect|p2a: Klefki
|-sidestart|p2: Gang Member|Reflect
|move|p1a: Heracross|Close Combat|p2a: Klefki
|-damage|p2a: Klefki|215\/317
|-unboost|p1a: Heracross|def|1
|-unboost|p1a: Heracross|spd|1
|
|turn|6
|
|switch|p2a: Venusaur|Venusaur, M|363\/363
|move|p1a: Heracross|Close Combat|p2a: Venusaur
|-resisted|p2a: Venusaur
|-damage|p2a: Venusaur|306\/363
|-unboost|p1a: Heracross|def|1
|-unboost|p1a: Heracross|spd|1
|
|turn|7
|
|detailschange|p2a: Venusaur|Venusaur-Mega, M
|-mega|p2a: Venusaur|Venusaur|Venusaurite
|move|p1a: Heracross|Pin Missile|p2a: Venusaur
|-damage|p2a: Venusaur|288\/363
|-damage|p2a: Venusaur|271\/363
|-damage|p2a: Venusaur|252\/363
|-damage|p2a: Venusaur|234\/363
|-damage|p2a: Venusaur|214\/363
|-hitcount|p2a: Venusaur|5
|move|p2a: Venusaur|Roar|p1a: Heracross
|drag|p1a: Starmie|Starmie|261\/261
|
|turn|8
|
|switch|p1a: Jirachi|Jirachi|404\/404
|switch|p2a: Chansey|Chansey, F, shiny|703\/703
|
|turn|9
|
|move|p1a: Jirachi|U-turn|p2a: Chansey
|-damage|p2a: Chansey|664\/703
|
|switch|p1a: Heracross|Heracross-Mega, F|226\/301
|move|p2a: Chansey|Thunder Wave|p1a: Heracross
|-status|p1a: Heracross|par
|
|turn|10
|
|switch|p2a: Chandelure|Chandelure, M, shiny|323\/323
|move|p1a: Heracross|Pin Missile|p2a: Chandelure
|-resisted|p2a: Chandelure
|-damage|p2a: Chandelure|315\/323
|-resisted|p2a: Chandelure
|-damage|p2a: Chandelure|307\/323
|-resisted|p2a: Chandelure
|-damage|p2a: Chandelure|300\/323
|-resisted|p2a: Chandelure
|-damage|p2a: Chandelure|292\/323
|-resisted|p2a: Chandelure
|-damage|p2a: Chandelure|285\/323
|-hitcount|p2a: Chandelure|5
|
|turn|11
|
|switch|p1a: Clefable|Clefable, F|394\/394
|move|p2a: Chandelure|Overheat|p1a: Clefable
|-damage|p1a: Clefable|16\/394
|-unboost|p2a: Chandelure|spa|2
|
|-heal|p1a: Clefable|40\/394|[from] item: Leftovers
|turn|12
|
|move|p1a: Clefable|Protect|p1a: Clefable
|-singleturn|p1a: Clefable|Protect
|move|p2a: Chandelure|Overheat|p1a: Clefable
|-activate|p1a: Clefable|Protect
|
|-heal|p1a: Clefable|64\/394|[from] item: Leftovers
|-sideend|p2: Gang Member|Reflect
|turn|13
|
|switch|p1a: Starmie|Starmie|261\/261
|move|p2a: Chandelure|Overheat|p1a: Starmie
|-resisted|p1a: Starmie
|-damage|p1a: Starmie|142\/261
|-unboost|p2a: Chandelure|spa|2
|
|turn|14
|
|switch|p2a: Chansey|Chansey, F, shiny|664\/703
|move|p1a: Starmie|Psyshock|p2a: Chansey
|-damage|p2a: Chansey|391\/703
|-damage|p1a: Starmie|116\/261|[from] item: Life Orb
|
|turn|15
|
|switch|p1a: Jirachi|Jirachi|404\/404
|move|p2a: Chansey|Thunder Wave|p1a: Jirachi
|-status|p1a: Jirachi|par
|
|turn|16
|
|move|p2a: Chansey|Wish|p2a: Chansey
|cant|p1a: Jirachi|par
|
|turn|17
|
|switch|p2a: Shuckle|Shuckle, M, shiny|162\/244
|move|p1a: Jirachi|Wish|p1a: Jirachi
|
|-heal|p2a: Shuckle|244\/244|[from] move: Wish|[wisher] Chansey
|turn|18
|
|switch|p1a: Clefable|Clefable, F|64\/394
|move|p2a: Shuckle|Knock Off|p1a: Clefable
|-resisted|p1a: Clefable
|-damage|p1a: Clefable|54\/394
|-enditem|p1a: Clefable|Leftovers|[from] move: Knock Off|[of] p2a: Shuckle
|
|-heal|p1a: Clefable|256\/394|[from] move: Wish|[wisher] Jirachi
|turn|19
|
|move|p1a: Clefable|Wish|p1a: Clefable
|move|p2a: Shuckle|Sticky Web|p1a: Clefable
|-sidestart|p1: ZephyrBurst|move: Sticky Web
|
|turn|20
|
|switch|p2a: Chandelure|Chandelure, M, shiny|285\/323
|move|p1a: Clefable|Heal Bell|p1a: Clefable
|-cureteam|p1a: Clefable|[from] move: HealBell
|
|-heal|p1a: Clefable|394\/394|[from] move: Wish|[wisher] Clefable
|turn|21
|
|move|p1a: Clefable|Protect|p1a: Clefable
|-singleturn|p1a: Clefable|Protect
|move|p2a: Chandelure|Trick|p1a: Clefable
|-activate|p1a: Clefable|Protect
|
|turn|22
|
|switch|p1a: Heracross|Heracross-Mega, F|226\/301
|-activate|p1a: Heracross|move: Sticky Web
|-unboost|p1a: Heracross|spe|1
|move|p2a: Chandelure|Trick|p1a: Heracross
|-fail|p1a: Heracross
|
|turn|23
|
|switch|p2a: Klefki|Klefki, F, shiny|215\/317
|move|p1a: Heracross|Rock Blast|p2a: Klefki
|-resisted|p2a: Klefki
|-damage|p2a: Klefki|201\/317
|-resisted|p2a: Klefki
|-damage|p2a: Klefki|187\/317
|-resisted|p2a: Klefki
|-damage|p2a: Klefki|172\/317
|-resisted|p2a: Klefki
|-damage|p2a: Klefki|156\/317
|-resisted|p2a: Klefki
|-damage|p2a: Klefki|142\/317
|-hitcount|p2a: Klefki|5
|
|turn|24
|
|move|p2a: Klefki|Reflect|p2a: Klefki
|-sidestart|p2: Gang Member|Reflect
|move|p1a: Heracross|Substitute|p1a: Heracross
|-start|p1a: Heracross|Substitute
|-damage|p1a: Heracross|151\/301
|
|turn|25
|
|move|p2a: Klefki|Spikes|p1a: Heracross
|-sidestart|p1: ZephyrBurst|Spikes
|move|p1a: Heracross|Pin Missile|p2a: Klefki|[miss]
|-miss|p1a: Heracross|p2a: Klefki
|
|turn|26
|
|move|p2a: Klefki|Spikes|p1a: Heracross
|-sidestart|p1: ZephyrBurst|Spikes
|move|p1a: Heracross|Close Combat|p2a: Klefki
|-damage|p2a: Klefki|31\/317
|-unboost|p1a: Heracross|def|1
|-unboost|p1a: Heracross|spd|1
|
|turn|27
|
|switch|p2a: Chandelure|Chandelure, M, shiny|285\/323
|move|p1a: Heracross|Pin Missile|p2a: Chandelure
|-crit|p2a: Chandelure
|-resisted|p2a: Chandelure
|-damage|p2a: Chandelure|263\/323
|-resisted|p2a: Chandelure
|-damage|p2a: Chandelure|255\/323
|-resisted|p2a: Chandelure
|-damage|p2a: Chandelure|247\/323
|-resisted|p2a: Chandelure
|-damage|p2a: Chandelure|240\/323
|-resisted|p2a: Chandelure
|-damage|p2a: Chandelure|232\/323
|-hitcount|p2a: Chandelure|5
|
|turn|28
|
|switch|p1a: Landorus|Landorus, M|300\/319
|move|p2a: Chandelure|Overheat|p1a: Landorus
|-damage|p1a: Landorus|0 fnt
|-unboost|p2a: Chandelure|spa|2
|faint|p1a: Landorus
|
|
|switch|p1a: Clefable|Clefable, F|394\/394
|-damage|p1a: Clefable|329\/394|[from] Spikes
|-activate|p1a: Clefable|move: Sticky Web
|-unboost|p1a: Clefable|spe|1
|turn|29
|
|switch|p2a: Venusaur|Venusaur-Mega, M|214\/363
|move|p1a: Clefable|Wish|p1a: Clefable
|
|turn|30
|
|switch|p1a: Heracross|Heracross-Mega, F|151\/301
|-damage|p1a: Heracross|101\/301|[from] Spikes
|-activate|p1a: Heracross|move: Sticky Web
|-unboost|p1a: Heracross|spe|1
|move|p2a: Venusaur|Roar|p1a: Heracross
|drag|p1a: Bisharp|Bisharp, F|271\/271
|-damage|p1a: Bisharp|226\/271|[from] Spikes
|-activate|p1a: Bisharp|move: Sticky Web
|-unboost|p1a: Bisharp|spe|1
|-boost|p1a: Bisharp|atk|2|[from] ability: Defiant
|
|-heal|p1a: Bisharp|271\/271|[from] move: Wish|[wisher] Clefable
|turn|31
|
|move|p2a: Venusaur|Leech Seed|p1a: Bisharp
|-start|p1a: Bisharp|move: Leech Seed
|move|p1a: Bisharp|Iron Head|p2a: Venusaur
|-damage|p2a: Venusaur|130\/363
|
|-damage|p1a: Bisharp|238\/271|[from] Leech Seed|[of] p2a: Venusaur
|-heal|p2a: Venusaur|163\/363|[silent]
|-sideend|p2: Gang Member|Reflect
|turn|32
|
|switch|p2a: Gliscor|Gliscor, F, shiny|353\/353 tox
|move|p1a: Bisharp|Iron Head|p2a: Gliscor
|-damage|p2a: Gliscor|170\/353 tox
|
|-damage|p1a: Bisharp|205\/271|[from] Leech Seed|[of] p2a: Gliscor
|-heal|p2a: Gliscor|203\/353 tox|[silent]
|-heal|p2a: Gliscor|247\/353 tox|[from] ability: Poison Heal
|turn|33
|
|switch|p1a: Clefable|Clefable, F|329\/394
|-damage|p1a: Clefable|264\/394|[from] Spikes
|-activate|p1a: Clefable|move: Sticky Web
|-unboost|p1a: Clefable|spe|1
|move|p2a: Gliscor|Protect|p2a: Gliscor
|-fail|p2a: Gliscor
|
|-heal|p2a: Gliscor|291\/353 tox|[from] ability: Poison Heal
|turn|34
|
|switch|p2a: Chandelure|Chandelure, M, shiny|232\/323
|move|p1a: Clefable|Wish|p1a: Clefable
|
|turn|35
|
|move|p1a: Clefable|Protect|p1a: Clefable
|-singleturn|p1a: Clefable|Protect
|move|p2a: Chandelure|Overheat|p1a: Clefable
|-activate|p1a: Clefable|Protect
|
|-heal|p1a: Clefable|394\/394|[from] move: Wish|[wisher] Clefable
|turn|36
|
|move|p2a: Chandelure|Overheat|p1a: Clefable
|-damage|p1a: Clefable|24\/394
|-unboost|p2a: Chandelure|spa|2
|move|p1a: Clefable|Wish|p1a: Clefable
|
|turn|37
|
|switch|p2a: Chansey|Chansey, F, shiny|391\/703
|move|p1a: Clefable|Protect|p1a: Clefable
|-fail|p1a: Clefable
|
|-heal|p1a: Clefable|221\/394|[from] move: Wish|[wisher] Clefable
|turn|38
|
|move|p2a: Chansey|Wish|p2a: Chansey
|move|p1a: Clefable|Wish|p1a: Clefable
|
|turn|39
|
|switch|p1a: Starmie|Starmie|116\/261
|-activate|p1a: Starmie|move: Sticky Web
|-unboost|p1a: Starmie|spe|1
|-damage|p1a: Starmie|73\/261|[from] Spikes
|move|p2a: Chansey|Thunder Wave|p1a: Starmie
|-status|p1a: Starmie|par
|
|-heal|p2a: Chansey|703\/703|[from] move: Wish|[wisher] Chansey
|-heal|p1a: Starmie|261\/261 par|[from] move: Wish|[wisher] Clefable
|turn|40
|
|switch|p2a: Chandelure|Chandelure, M, shiny|232\/323
|move|p1a: Starmie|Hydro Pump|p2a: Chandelure
|-supereffective|p2a: Chandelure
|-damage|p2a: Chandelure|0 fnt
|-damage|p1a: Starmie|235\/261 par|[from] item: Life Orb
|faint|p2a: Chandelure
|
|
|switch|p2a: Gliscor|Gliscor, F, shiny|291\/353 tox
|turn|41
|
|switch|p1a: Jirachi|Jirachi|404\/404
|-damage|p1a: Jirachi|337\/404|[from] Spikes
|-activate|p1a: Jirachi|move: Sticky Web
|-unboost|p1a: Jirachi|spe|1
|move|p2a: Gliscor|Knock Off|p1a: Jirachi
|-supereffective|p1a: Jirachi
|-damage|p1a: Jirachi|189\/404
|-enditem|p1a: Jirachi|Leftovers|[from] move: Knock Off|[of] p2a: Gliscor
|
|-heal|p2a: Gliscor|335\/353 tox|[from] ability: Poison Heal
|turn|42
|
|switch|p2a: Chansey|Chansey, F, shiny|703\/703
|move|p1a: Jirachi|Wish|p1a: Jirachi
|
|turn|43
|
|move|p1a: Jirachi|Body Slam|p2a: Chansey
|-damage|p2a: Chansey|607\/703
|-status|p2a: Chansey|par
|move|p2a: Chansey|Seismic Toss|p1a: Jirachi
|-damage|p1a: Jirachi|89\/404
|
|-heal|p1a: Jirachi|291\/404|[from] move: Wish|[wisher] Jirachi
|turn|44
|
|switch|p2a: Venusaur|Venusaur-Mega, M|163\/363
|move|p1a: Jirachi|Wish|p1a: Jirachi
|
|turn|45
|
|move|p2a: Venusaur|Leech Seed|p1a: Jirachi
|-start|p1a: Jirachi|move: Leech Seed
|move|p1a: Jirachi|Body Slam|p2a: Venusaur
|-damage|p2a: Venusaur|123\/363
|-status|p2a: Venusaur|par
|
|-heal|p1a: Jirachi|404\/404|[from] move: Wish|[wisher] Jirachi
|-damage|p1a: Jirachi|354\/404|[from] Leech Seed|[of] p2a: Venusaur
|-heal|p2a: Venusaur|173\/363 par|[silent]
|turn|46
|
|switch|p2a: Chansey|Chansey, F, shiny|607\/703
|move|p1a: Jirachi|Wish|p1a: Jirachi
|
|-damage|p1a: Jirachi|304\/404|[from] Leech Seed|[of] p2a: Chansey
|-heal|p2a: Chansey|657\/703|[silent]
|turn|47
|
|move|p1a: Jirachi|U-turn|p2a: Chansey
|-damage|p2a: Chansey|578\/703
|
|switch|p1a: Starmie|Starmie|235\/261 par
|-damage|p1a: Starmie|192\/261 par|[from] Spikes
|-activate|p1a: Starmie|move: Sticky Web
|-unboost|p1a: Starmie|spe|1
|move|p2a: Chansey|Seismic Toss|p1a: Starmie
|-damage|p1a: Starmie|92\/261 par
|
|-heal|p1a: Starmie|261\/261 par|[from] move: Wish|[wisher] Jirachi
|turn|48
|
|move|p2a: Chansey|Heal Bell|p2a: Chansey
|-cureteam|p2a: Chansey|[from] move: HealBell
|move|p1a: Starmie|Rapid Spin|p2a: Chansey
|-damage|p2a: Chansey|551\/703
|-sideend|p1: ZephyrBurst|Spikes|[from] move: Rapid Spin|[of] p1a: Starmie
|-sideend|p1: ZephyrBurst|Sticky Web|[from] move: Rapid Spin|[of] p1a: Starmie
|-damage|p1a: Starmie|235\/261 par|[from] item: Life Orb
|
|turn|49
|
|switch|p1a: Jirachi|Jirachi|304\/404
|move|p2a: Chansey|Wish|p2a: Chansey
|
|turn|50
|
|move|p1a: Jirachi|Iron Head|p2a: Chansey
|-damage|p2a: Chansey|431\/703
|cant|p2a: Chansey|flinch
|
|-heal|p2a: Chansey|703\/703|[from] move: Wish|[wisher] Chansey
|turn|51
|
|move|p1a: Jirachi|Wish|p1a: Jirachi
|move|p2a: Chansey|Thunder Wave|p1a: Jirachi
|-status|p1a: Jirachi|par
|
|turn|52
|
|move|p2a: Chansey|Wish|p2a: Chansey
|move|p1a: Jirachi|U-turn|p2a: Chansey
|-damage|p2a: Chansey|624\/703
|
|switch|p1a: Heracross|Heracross-Mega, F|101\/301
|
|-heal|p1a: Heracross|301\/301|[from] move: Wish|[wisher] Jirachi
|turn|53
|
|switch|p2a: Venusaur|Venusaur-Mega, M|173\/363
|move|p1a: Heracross|Substitute|p1a: Heracross
|-start|p1a: Heracross|Substitute
|-damage|p1a: Heracross|226\/301
|
|-heal|p2a: Venusaur|363\/363|[from] move: Wish|[wisher] Chansey
|turn|54
|
|move|p1a: Heracross|Pin Missile|p2a: Venusaur
|-crit|p2a: Venusaur
|-damage|p2a: Venusaur|311\/363
|-damage|p2a: Venusaur|275\/363
|-damage|p2a: Venusaur|238\/363
|-damage|p2a: Venusaur|199\/363
|-damage|p2a: Venusaur|162\/363
|-hitcount|p2a: Venusaur|5
|move|p2a: Venusaur|Roar|p1a: Heracross
|drag|p1a: Bisharp|Bisharp, F|205\/271
|
|turn|55
|
|move|p1a: Bisharp|Swords Dance|p1a: Bisharp
|-boost|p1a: Bisharp|atk|2
|move|p2a: Venusaur|Leech Seed|p1a: Bisharp
|-start|p1a: Bisharp|move: Leech Seed
|
|-damage|p1a: Bisharp|172\/271|[from] Leech Seed|[of] p2a: Venusaur
|-heal|p2a: Venusaur|195\/363|[silent]
|turn|56
|
|switch|p2a: Klefki|Klefki, F, shiny|31\/317
|move|p1a: Bisharp|Iron Head|p2a: Klefki
|-crit|p2a: Klefki
|-damage|p2a: Klefki|0 fnt
|faint|p2a: Klefki
|
|
|switch|p2a: Shuckle|Shuckle, M, shiny|244\/244
|turn|57
|
|move|p1a: Bisharp|Iron Head|p2a: Shuckle
|-supereffective|p2a: Shuckle
|-activate|p2a: Shuckle|Sturdy
|-damage|p2a: Shuckle|1\/244
|cant|p2a: Shuckle|flinch
|
|-heal|p2a: Shuckle|16\/244|[from] item: Leftovers
|-damage|p1a: Bisharp|139\/271|[from] Leech Seed|[of] p2a: Shuckle
|-heal|p2a: Shuckle|49\/244|[silent]
|turn|58
|
|switch|p2a: Gliscor|Gliscor, F, shiny|335\/353
|move|p1a: Bisharp|Knock Off|p2a: Gliscor
|-damage|p2a: Gliscor|92\/353
|-enditem|p2a: Gliscor|Toxic Orb|[from] move: Knock Off|[of] p1a: Bisharp
|
|-damage|p1a: Bisharp|106\/271|[from] Leech Seed|[of] p2a: Gliscor
|-heal|p2a: Gliscor|125\/353|[silent]
|turn|59
|
|move|p2a: Gliscor|Protect|p2a: Gliscor
|-singleturn|p2a: Gliscor|Protect
|move|p1a: Bisharp|Iron Head|p2a: Gliscor
|-activate|p2a: Gliscor|Protect
|
|-damage|p1a: Bisharp|73\/271|[from] Leech Seed|[of] p2a: Gliscor
|-heal|p2a: Gliscor|158\/353|[silent]
|turn|60
|
|move|p1a: Bisharp|Iron Head|p2a: Gliscor
|-damage|p2a: Gliscor|0 fnt
|faint|p2a: Gliscor
|
|
|switch|p2a: Venusaur|Venusaur-Mega, M|195\/363
|turn|61
|
|move|p1a: Bisharp|Iron Head|p2a: Venusaur
|-damage|p2a: Venusaur|27\/363
|move|p2a: Venusaur|Synthesis|p2a: Venusaur
|-heal|p2a: Venusaur|208\/363
|
|-damage|p1a: Bisharp|40\/271|[from] Leech Seed|[of] p2a: Venusaur
|-heal|p2a: Venusaur|241\/363|[silent]
|turn|62
|
|switch|p1a: Jirachi|Jirachi|304\/404 par
|move|p2a: Venusaur|Synthesis|p2a: Venusaur
|-heal|p2a: Venusaur|363\/363
|
|turn|63
|
|move|p2a: Venusaur|Leech Seed|p1a: Jirachi
|-start|p1a: Jirachi|move: Leech Seed
|move|p1a: Jirachi|Wish|p1a: Jirachi
|
|-damage|p1a: Jirachi|254\/404 par|[from] Leech Seed|[of] p2a: Venusaur
|turn|64
|
|switch|p2a: Shuckle|Shuckle, M, shiny|49\/244
|cant|p1a: Jirachi|par
|
|-heal|p1a: Jirachi|404\/404 par|[from] move: Wish|[wisher] Jirachi
|-heal|p2a: Shuckle|64\/244|[from] item: Leftovers
|-damage|p1a: Jirachi|354\/404 par|[from] Leech Seed|[of] p2a: Shuckle
|-heal|p2a: Shuckle|114\/244|[silent]
|turn|65
|
|switch|p1a: Bisharp|Bisharp, F|40\/271
|move|p2a: Shuckle|Stealth Rock|p1a: Bisharp
|-sidestart|p1: ZephyrBurst|move: Stealth Rock
|
|-heal|p2a: Shuckle|129\/244|[from] item: Leftovers
|turn|66
|
|move|p1a: Bisharp|Iron Head|p2a: Shuckle
|-supereffective|p2a: Shuckle
|-damage|p2a: Shuckle|1\/244
|move|p2a: Shuckle|Knock Off|p1a: Bisharp
|-resisted|p1a: Bisharp
|-damage|p1a: Bisharp|30\/271
|-enditem|p1a: Bisharp|Black Glasses|[from] move: Knock Off|[of] p2a: Shuckle
|
|-heal|p2a: Shuckle|16\/244|[from] item: Leftovers
|turn|67
|
|move|p1a: Bisharp|Iron Head|p2a: Shuckle
|-supereffective|p2a: Shuckle
|-damage|p2a: Shuckle|0 fnt
|faint|p2a: Shuckle
|
|
|switch|p2a: Chansey|Chansey, F, shiny|624\/703
|turn|68
|
|move|p1a: Bisharp|Knock Off|p2a: Chansey
|-damage|p2a: Chansey|398\/703
|-enditem|p2a: Chansey|Eviolite|[from] move: Knock Off|[of] p1a: Bisharp
|move|p2a: Chansey|Thunder Wave|p1a: Bisharp
|-status|p1a: Bisharp|par
|
|turn|69
|
|switch|p1a: Clefable|Clefable, F|221\/394
|-damage|p1a: Clefable|172\/394|[from] Stealth Rock
|move|p2a: Chansey|Wish|p2a: Chansey
|
|turn|70
|
|move|p1a: Clefable|Wish|p1a: Clefable
|move|p2a: Chansey|Thunder Wave|p1a: Clefable
|-status|p1a: Clefable|par
|
|-heal|p2a: Chansey|703\/703|[from] move: Wish|[wisher] Chansey
|turn|71
|
|move|p2a: Chansey|Seismic Toss|p1a: Clefable
|-damage|p1a: Clefable|72\/394 par
|cant|p1a: Clefable|par
|
|-heal|p1a: Clefable|269\/394 par|[from] move: Wish|[wisher] Clefable
|turn|72
|
|switch|p2a: Venusaur|Venusaur-Mega, M|363\/363
|move|p1a: Clefable|Wish|p1a: Clefable
|
|turn|73
|
|move|p2a: Venusaur|Sludge Bomb|p1a: Clefable
|-supereffective|p1a: Clefable
|-damage|p1a: Clefable|47\/394 par
|move|p1a: Clefable|Heal Bell|p1a: Clefable
|-cureteam|p1a: Clefable|[from] move: HealBell
|
|-heal|p1a: Clefable|244\/394|[from] move: Wish|[wisher] Clefable
|turn|74
|
|switch|p1a: Jirachi|Jirachi|354\/404
|-damage|p1a: Jirachi|329\/404|[from] Stealth Rock
|move|p2a: Venusaur|Sludge Bomb|p1a: Jirachi
|-immune|p1a: Jirachi|[msg]
|
|turn|75
|
|move|p1a: Jirachi|Wish|p1a: Jirachi
|move|p2a: Venusaur|Roar|p1a: Jirachi
|drag|p1a: Bisharp|Bisharp, F|30\/271
|-damage|p1a: Bisharp|14\/271|[from] Stealth Rock
|
|turn|76
|
|move|p1a: Bisharp|Iron Head|p2a: Venusaur
|-damage|p2a: Venusaur|278\/363
|move|p2a: Venusaur|Roar|p1a: Bisharp
|drag|p1a: Heracross|Heracross-Mega, F|226\/301
|-damage|p1a: Heracross|189\/301|[from] Stealth Rock
|
|-heal|p1a: Heracross|301\/301|[from] move: Wish|[wisher] Jirachi
|turn|77
|
|move|p1a: Heracross|Pin Missile|p2a: Venusaur
|-damage|p2a: Venusaur|244\/363
|-damage|p2a: Venusaur|207\/363
|-damage|p2a: Venusaur|171\/363
|-damage|p2a: Venusaur|134\/363
|-damage|p2a: Venusaur|95\/363
|-hitcount|p2a: Venusaur|5
|move|p2a: Venusaur|Sludge Bomb|p1a: Heracross
|-damage|p1a: Heracross|184\/301
|
|turn|78
|
|switch|p2a: Chansey|Chansey, F, shiny|703\/703
|move|p1a: Heracross|Pin Missile|p2a: Chansey
|-damage|p2a: Chansey|597\/703
|-damage|p2a: Chansey|491\/703
|-damage|p2a: Chansey|371\/703
|-damage|p2a: Chansey|245\/703
|-damage|p2a: Chansey|134\/703
|-hitcount|p2a: Chansey|5
|
|turn|79
|c|âZephyrBurst|gg
|
|switch|p2a: Venusaur|Venusaur-Mega, M|95\/363
|move|p1a: Heracross|Close Combat|p2a: Venusaur
|-resisted|p2a: Venusaur
|-damage|p2a: Venusaur|10\/363
|-unboost|p1a: Heracross|def|1
|-unboost|p1a: Heracross|spd|1
|
|turn|80
|
|switch|p2a: Chansey|Chansey, F, shiny|134\/703
|move|p1a: Heracross|Close Combat|p2a: Chansey
|-supereffective|p2a: Chansey
|-damage|p2a: Chansey|0 fnt
|-unboost|p1a: Heracross|def|1
|-unboost|p1a: Heracross|spd|1
|faint|p2a: Chansey
|
|-message|Gang Member forfeited.
|leave|Gang Member
|
|win|ZephyrBurst
|raw|Ladder updating...
|player|p2
|raw|ZephyrBurst's rating: 1310 &rarr; <strong>1324<\/strong><br \/>(+14 for winning)
|raw|Gang Member's rating: 1209 &rarr; <strong>1191<\/strong><br \/>(-18 for losing)