|join|ZephyrBurst
|join|ghere
|player|p1|ZephyrBurst|102
|player|p2|ghere|253
|gametype|singles
|gen|6
|tier|OU (suspect test)
|rated
|clearpoke
|poke|p1|Charizard, M
|poke|p1|Toxicroak, F
|poke|p1|Latias, F
|poke|p1|Celebi
|poke|p1|Landorus-Therian, M
|poke|p1|Excadrill, M
|poke|p2|Abomasnow, M
|poke|p2|Kyurem
|poke|p2|Weavile, M
|poke|p2|Slowbro, M
|poke|p2|Talonflame, F
|poke|p2|Heatran, F
|rule|Swagger Clause: Swagger is banned
|rule|Baton Pass Clause: Limit one PokÃ©mon knowing Baton Pass
|rule|Sleep Clause Mod: Limit one foe put to sleep
|rule|Species Clause: Limit one of each PokÃ©mon
|rule|OHKO Clause: OHKO moves are banned
|rule|Moody Clause: Moody is banned
|rule|Evasion Moves Clause: Evasion moves are banned
|rule|Endless Battle Clause: Forcing endless battles is banned
|rule|HP Percentage Mod: HP is shown in percentages
|teampreview
|
|start
|switch|p1a: Toxicroak|Toxicroak, F|307\/307
|switch|p2a: Abomasnow|Abomasnow, M|383\/383
|-weather|Hail
|turn|1
|
|move|p1a: Toxicroak|Gunk Shot|p2a: Abomasnow
|-supereffective|p2a: Abomasnow
|-enditem|p2a: Abomasnow|Focus Sash
|-damage|p2a: Abomasnow|1\/383
|-status|p2a: Abomasnow|psn
|-damage|p1a: Toxicroak|277\/307|[from] item: Life Orb
|move|p2a: Abomasnow|Blizzard|p1a: Toxicroak
|-damage|p1a: Toxicroak|129\/307
|
|-weather|Hail|[upkeep]
|-damage|p1a: Toxicroak|110\/307|[from] hail
|-damage|p2a: Abomasnow|0 fnt|[from] psn
|faint|p2a: Abomasnow
|
|switch|p2a: Talonflame|Talonflame, F|322\/322
|turn|2
|
|switch|p1a: Landorus-Therian|Landorus-Therian, M|381\/381
|-ability|p1a: Landorus-Therian|Intimidate|[of] p2a: Talonflame
|-unboost|p2a: Talonflame|atk|1
|move|p2a: Talonflame|Will-O-Wisp|p1a: Landorus-Therian
|-status|p1a: Landorus-Therian|brn
|
|-weather|Hail|[upkeep]
|-damage|p2a: Talonflame|302\/322|[from] hail
|-damage|p1a: Landorus-Therian|358\/381 brn|[from] hail
|-heal|p1a: Landorus-Therian|381\/381 brn|[from] item: Leftovers
|-damage|p1a: Landorus-Therian|334\/381 brn|[from] brn
|turn|3
|
|switch|p2a: Kyurem|Kyurem|391\/391
|-ability|p2a: Kyurem|Pressure
|move|p1a: Landorus-Therian|Stealth Rock|p2a: Kyurem
|-sidestart|p2: ghere|move: Stealth Rock
|
|-weather|Hail|[upkeep]
|-damage|p1a: Landorus-Therian|311\/381 brn|[from] hail
|-heal|p1a: Landorus-Therian|334\/381 brn|[from] item: Leftovers
|-damage|p1a: Landorus-Therian|287\/381 brn|[from] brn
|turn|4
|
|move|p2a: Kyurem|Blizzard|p1a: Landorus-Therian
|-supereffective|p1a: Landorus-Therian
|-damage|p1a: Landorus-Therian|0 fnt
|faint|p1a: Landorus-Therian
|
|-weather|Hail|[upkeep]
|
|switch|p1a: Celebi|Celebi|404\/404
|turn|5
|
|move|p2a: Kyurem|Blizzard|p1a: Celebi
|-crit|p1a: Celebi
|-supereffective|p1a: Celebi
|-damage|p1a: Celebi|0 fnt
|faint|p1a: Celebi
|
|-weather|none
|
|switch|p1a: Excadrill|Excadrill, M|361\/361
|-ability|p1a: Excadrill|Mold Breaker
|-item|p1a: Excadrill|Air Balloon
|turn|6
|
|move|p2a: Kyurem|Blizzard|p1a: Excadrill
|-crit|p1a: Excadrill
|-damage|p1a: Excadrill|0 fnt
|-enditem|p1a: Excadrill|Air Balloon
|faint|p1a: Excadrill
|
|
|switch|p1a: Charizard|Charizard, M|297\/297
|turn|7
|
|detailschange|p1a: Charizard|Charizard-Mega-X, M
|-mega|p1a: Charizard|Charizard|Charizardite X
|move|p2a: Kyurem|Blizzard|p1a: Charizard
|-miss|p2a: Kyurem|p1a: Charizard
|move|p1a: Charizard|Dragon Claw|p2a: Kyurem
|-supereffective|p2a: Kyurem
|-damage|p2a: Kyurem|0 fnt
|faint|p2a: Kyurem
|
|
|switch|p2a: Talonflame|Talonflame, F|302\/322
|-damage|p2a: Talonflame|141\/322|[from] Stealth Rock
|turn|8
|
|move|p2a: Talonflame|Brave Bird|p1a: Charizard
|-damage|p1a: Charizard|113\/297
|-damage|p2a: Talonflame|80\/322|[from] recoil|[of] p1a: Charizard
|move|p1a: Charizard|Dragon Claw|p2a: Talonflame
|-damage|p2a: Talonflame|0 fnt
|faint|p2a: Talonflame
|
|
|switch|p2a: Slowbro|Slowbro, M|394\/394
|-damage|p2a: Slowbro|345\/394|[from] Stealth Rock
|turn|9
|
|move|p1a: Charizard|Dragon Claw|p2a: Slowbro
|-damage|p2a: Slowbro|183\/394
|move|p2a: Slowbro|Scald|p1a: Charizard
|-damage|p1a: Charizard|13\/297
|
|turn|10
|
|switch|p1a: Latias|Latias, F|341\/341
|move|p2a: Slowbro|Slack Off|p2a: Slowbro
|-heal|p2a: Slowbro|380\/394
|
|turn|11
|
|move|p1a: Latias|Thunderbolt|p2a: Slowbro
|-supereffective|p2a: Slowbro
|-damage|p2a: Slowbro|238\/394
|move|p2a: Slowbro|Calm Mind|p2a: Slowbro
|-boost|p2a: Slowbro|spa|1
|-boost|p2a: Slowbro|spd|1
|
|turn|12
|
|detailschange|p2a: Slowbro|Slowbro-Mega, M
|-mega|p2a: Slowbro|Slowbro|Slowbronite
|move|p1a: Latias|Healing Wish|p1a: Latias
|faint|p1a: Latias
|move|p2a: Slowbro|Slack Off|p2a: Slowbro
|-heal|p2a: Slowbro|394\/394
|
|
|switch|p1a: Toxicroak|Toxicroak, F|110\/307
|-heal|p1a: Toxicroak|307\/307|[from] move: Healing Wish
|turn|13
|
|move|p1a: Toxicroak|Swords Dance|p1a: Toxicroak
|-boost|p1a: Toxicroak|atk|2
|move|p2a: Slowbro|Psyshock|p1a: Toxicroak
|-supereffective|p1a: Toxicroak
|-damage|p1a: Toxicroak|0 fnt
|faint|p1a: Toxicroak
|
|-message|ZephyrBurst forfeited.
|leave|ZephyrBurst
|
|win|ghere
|raw|Ladder updating...
|player|p1