|join|Makz1
|join|ferwara
|player|p1|Makz1|135
|player|p2|ferwara|1
|gametype|singles
|gen|6
|tier|OU
|rated
|clearpoke
|poke|p1|Chesnaught, F
|poke|p1|Porygon2
|poke|p1|Tentacruel, M
|poke|p1|Dragonite, M
|poke|p1|Manectric, M
|poke|p1|Diggersby, F
|poke|p2|Chansey, F
|poke|p2|Ferrothorn, M
|poke|p2|Gengar, M, shiny
|poke|p2|Jolteon, F
|poke|p2|Politoed, F
|poke|p2|Landorus-Therian, M
|rule|Baton Pass Clause: Limit 3 pokemon knowing Baton Pass
|rule|Sleep Clause Mod: Limit one foe put to sleep
|rule|Species Clause: Limit one of each Pokemon
|rule|OHKO Clause: OHKO moves are banned
|rule|Moody Clause: Moody is banned
|rule|Evasion Moves Clause: Evasion moves are banned
|rule|Endless Battle Clause: Forcing endless battles is banned
|rule|HP Percentage Mod: HP is reported as percentages
|teampreview
|
|start
|switch|p1a: Diggersby|Diggersby, F|312\/312
|switch|p2a: Landorus-Therian|Landorus-Therian, M|320\/320
|-ability|p2a: Landorus-Therian|Intimidate|[of] p1a: Diggersby
|-unboost|p1a: Diggersby|atk|1
|turn|1
|
|move|p2a: Landorus-Therian|U-turn|p1a: Diggersby
|-crit|p1a: Diggersby
|-damage|p1a: Diggersby|139\/312
|
|switch|p2a: Ferrothorn|Ferrothorn, M|352\/352
|move|p1a: Diggersby|U-turn|p2a: Ferrothorn
|-damage|p2a: Ferrothorn|313\/352
|-damage|p1a: Diggersby|100\/312|[from] ability: Iron Barbs|[of] p2a: Ferrothorn
|-damage|p1a: Diggersby|48\/312|[from] item: Rocky Helmet|[of] p2a: Ferrothorn
|
|switch|p1a: Manectric|Manectric, M|282\/282
|
|turn|2
|
|switch|p2a: Chansey|Chansey, F|642\/642
|detailschange|p1a: Manectric|Manectric-Mega, M
|message|Manectric has Mega Evolved into Mega Manectric!
|-ability|p1a: Manectric|Intimidate|[of] p2a: Chansey
|-unboost|p2a: Chansey|atk|1
|move|p1a: Manectric|Volt Switch|p2a: Chansey
|-damage|p2a: Chansey|572\/642
|
|switch|p1a: Tentacruel|Tentacruel, M|364\/364
|
|turn|3
|
|switch|p2a: Ferrothorn|Ferrothorn, M|313\/352
|move|p1a: Tentacruel|Knock Off|p2a: Ferrothorn
|-damage|p2a: Ferrothorn|284\/352
|-damage|p1a: Tentacruel|319\/364|[from] ability: Iron Barbs|[of] p2a: Ferrothorn
|-damage|p1a: Tentacruel|259\/364|[from] item: Rocky Helmet|[of] p2a: Ferrothorn
|-enditem|p2a: Ferrothorn|Rocky Helmet|[from] move: Knock Off|[of] p1a: Tentacruel
|
|-heal|p1a: Tentacruel|281\/364|[from] item: Black Sludge
|turn|4
|
|move|p1a: Tentacruel|Scald|p2a: Ferrothorn
|-resisted|p2a: Ferrothorn
|-damage|p2a: Ferrothorn|252\/352
|-status|p2a: Ferrothorn|brn
|move|p2a: Ferrothorn|Stealth Rock|p1a: Tentacruel
|-sidestart|p1: Makz1|move: Stealth Rock
|
|-heal|p1a: Tentacruel|303\/364|[from] item: Black Sludge
|-damage|p2a: Ferrothorn|208\/352 brn|[from] brn
|turn|5
|
|move|p1a: Tentacruel|Rapid Spin|p2a: Ferrothorn
|-resisted|p2a: Ferrothorn
|-damage|p2a: Ferrothorn|205\/352 brn
|-damage|p1a: Tentacruel|258\/364|[from] ability: Iron Barbs|[of] p2a: Ferrothorn
|-sideend|p1: Makz1|Stealth Rock|[from] move: Rapid Spin|[of] p1a: Tentacruel
|move|p2a: Ferrothorn|Leech Seed|p1a: Tentacruel|[miss]
|-miss|p2a: Ferrothorn|p1a: Tentacruel
|
|-heal|p1a: Tentacruel|280\/364|[from] item: Black Sludge
|-damage|p2a: Ferrothorn|161\/352 brn|[from] brn
|turn|6
|
|switch|p1a: Chesnaught|Chesnaught, F|380\/380
|move|p2a: Ferrothorn|Stealth Rock|p1a: Chesnaught
|-sidestart|p1: Makz1|move: Stealth Rock
|
|-damage|p2a: Ferrothorn|117\/352 brn|[from] brn
|turn|7
|
|switch|p2a: Gengar|Gengar, M, shiny|262\/262
|move|p1a: Chesnaught|Seed Bomb|p2a: Gengar
|-crit|p2a: Gengar
|-resisted|p2a: Gengar
|-damage|p2a: Gengar|145\/262
|
|turn|8
|
|move|p2a: Gengar|Substitute|p2a: Gengar
|-start|p2a: Gengar|Substitute
|-damage|p2a: Gengar|80\/262
|move|p1a: Chesnaught|Leech Seed|p2a: Gengar
|
|turn|9
|
|move|p2a: Gengar|Pain Split|p1a: Chesnaught
|-sethp|p1a: Chesnaught|230\/380|p2a: Gengar|230\/262|[from] move: Pain Split
|move|p1a: Chesnaught|Seed Bomb|p2a: Gengar
|-resisted|p2a: Gengar
|-end|p2a: Gengar|Substitute
|
|-heal|p1a: Chesnaught|253\/380|[from] item: Leftovers
|turn|10
|
|move|p2a: Gengar|Shadow Ball|p1a: Chesnaught
|-immune|p1a: Chesnaught|[msg]|[from] Bulletproof
|move|p1a: Chesnaught|Seed Bomb|p2a: Gengar
|-resisted|p2a: Gengar
|-damage|p2a: Gengar|152\/262
|
|-heal|p1a: Chesnaught|276\/380|[from] item: Leftovers
|turn|11
|
|move|p2a: Gengar|Substitute|p2a: Gengar
|-start|p2a: Gengar|Substitute
|-damage|p2a: Gengar|87\/262
|move|p1a: Chesnaught|Seed Bomb|p2a: Gengar
|-resisted|p2a: Gengar
|-end|p2a: Gengar|Substitute
|
|-heal|p1a: Chesnaught|299\/380|[from] item: Leftovers
|turn|12
|
|move|p2a: Gengar|Pain Split|p1a: Chesnaught
|-sethp|p1a: Chesnaught|193\/380|p2a: Gengar|193\/262|[from] move: Pain Split
|move|p1a: Chesnaught|Seed Bomb|p2a: Gengar
|-resisted|p2a: Gengar
|-damage|p2a: Gengar|118\/262
|
|-heal|p1a: Chesnaught|216\/380|[from] item: Leftovers
|turn|13
|
|move|p2a: Gengar|Substitute|p2a: Gengar
|-start|p2a: Gengar|Substitute
|-damage|p2a: Gengar|53\/262
|move|p1a: Chesnaught|Seed Bomb|p2a: Gengar
|-resisted|p2a: Gengar
|-end|p2a: Gengar|Substitute
|
|-heal|p1a: Chesnaught|239\/380|[from] item: Leftovers
|turn|14
|
|move|p2a: Gengar|Pain Split|p1a: Chesnaught
|-sethp|p1a: Chesnaught|146\/380|p2a: Gengar|146\/262|[from] move: Pain Split
|move|p1a: Chesnaught|Leech Seed|p2a: Gengar
|-start|p2a: Gengar|move: Leech Seed
|
|-heal|p1a: Chesnaught|169\/380|[from] item: Leftovers
|-damage|p2a: Gengar|114\/262|[from] Leech Seed|[of] p1a: Chesnaught
|-heal|p1a: Chesnaught|201\/380|[silent]
|turn|15
|
|switch|p2a: Landorus-Therian|Landorus-Therian, M|320\/320
|-ability|p2a: Landorus-Therian|Intimidate|[of] p1a: Chesnaught
|-unboost|p1a: Chesnaught|atk|1
|move|p1a: Chesnaught|Seed Bomb|p2a: Landorus-Therian
|-damage|p2a: Landorus-Therian|244\/320
|
|-heal|p1a: Chesnaught|224\/380|[from] item: Leftovers
|turn|16
|
|move|p1a: Chesnaught|Spiky Shield|p1a: Chesnaught
|-singleturn|p1a: Chesnaught|move: Protect
|move|p2a: Landorus-Therian|U-turn|p1a: Chesnaught
|-activate|p1a: Chesnaught|move: Protect
|-damage|p2a: Landorus-Therian|204\/320|[from] Spiky Shield|[of] p1a: Chesnaught
|
|-heal|p1a: Chesnaught|247\/380|[from] item: Leftovers
|turn|17
|
|move|p2a: Landorus-Therian|U-turn|p1a: Chesnaught
|-damage|p1a: Chesnaught|189\/380
|
|switch|p2a: Chansey|Chansey, F|572\/642
|move|p1a: Chesnaught|Brick Break|p2a: Chansey
|-supereffective|p2a: Chansey
|-damage|p2a: Chansey|410\/642
|
|-heal|p1a: Chesnaught|212\/380|[from] item: Leftovers
|turn|18
|
|move|p1a: Chesnaught|Leech Seed|p2a: Chansey
|-start|p2a: Chansey|move: Leech Seed
|move|p2a: Chansey|Toxic|p1a: Chesnaught
|-status|p1a: Chesnaught|tox
|
|-heal|p1a: Chesnaught|235\/380 tox|[from] item: Leftovers
|-damage|p2a: Chansey|330\/642|[from] Leech Seed|[of] p1a: Chesnaught
|-heal|p1a: Chesnaught|315\/380 tox|[silent]
|-damage|p1a: Chesnaught|292\/380 tox|[from] psn
|turn|19
|
|switch|p2a: Landorus-Therian|Landorus-Therian, M|204\/320
|-ability|p2a: Landorus-Therian|Intimidate|[of] p1a: Chesnaught
|-unboost|p1a: Chesnaught|atk|1
|move|p1a: Chesnaught|Seed Bomb|p2a: Landorus-Therian
|-damage|p2a: Landorus-Therian|147\/320
|
|-heal|p1a: Chesnaught|315\/380 tox|[from] item: Leftovers
|-damage|p1a: Chesnaught|269\/380 tox|[from] psn
|turn|20
|
|switch|p2a: Gengar|Gengar, M, shiny|114\/262
|move|p1a: Chesnaught|Seed Bomb|p2a: Gengar
|-resisted|p2a: Gengar
|-damage|p2a: Gengar|78\/262
|
|-heal|p1a: Chesnaught|292\/380 tox|[from] item: Leftovers
|-damage|p1a: Chesnaught|223\/380 tox|[from] psn
|turn|21
|
|switch|p1a: Diggersby|Diggersby, F|48\/312
|-damage|p1a: Diggersby|29\/312|[from] Stealth Rock
|move|p2a: Gengar|Substitute|p2a: Gengar
|-start|p2a: Gengar|Substitute
|-damage|p2a: Gengar|13\/262
|
|turn|22
|
|move|p1a: Diggersby|Wild Charge|p2a: Gengar
|-end|p2a: Gengar|Substitute
|-damage|p1a: Diggersby|13\/312|[from] recoil|[of] p2a: Gengar
|move|p2a: Gengar|Pain Split|p1a: Diggersby
|-sethp|p1a: Diggersby|13\/312|p2a: Gengar|13\/262|[from] move: Pain Split
|
|turn|23
|
|switch|p2a: Ferrothorn|Ferrothorn, M|117\/352 brn
|move|p1a: Diggersby|Wild Charge|p2a: Ferrothorn
|-resisted|p2a: Ferrothorn
|-damage|p2a: Ferrothorn|75\/352 brn
|-damage|p1a: Diggersby|0 fnt|[from] ability: Iron Barbs|[of] p2a: Ferrothorn
|faint|p1a: Diggersby
|
|-damage|p2a: Ferrothorn|31\/352 brn|[from] brn
|
|switch|p1a: Porygon2|Porygon2|374\/374
|-damage|p1a: Porygon2|328\/374|[from] Stealth Rock
|-ability|p1a: Porygon2|Iron Barbs|[from] ability: Trace|[of] p2a: Ferrothorn
|turn|24
|
|switch|p2a: Chansey|Chansey, F|330\/642
|move|p1a: Porygon2|Tri Attack|p2a: Chansey
|-damage|p2a: Chansey|275\/642
|-status|p2a: Chansey|brn
|
|-damage|p2a: Chansey|195\/642 brn|[from] brn
|turn|25
|
|switch|p1a: Tentacruel|Tentacruel, M|280\/364
|-damage|p1a: Tentacruel|235\/364|[from] Stealth Rock
|move|p2a: Chansey|Heal Bell|p2a: Chansey
|-cureteam|p2a: Chansey|[from] move: HealBell
|
|-heal|p1a: Tentacruel|257\/364|[from] item: Black Sludge
|turn|26
|
|move|p1a: Tentacruel|Knock Off|p2a: Chansey
|-damage|p2a: Chansey|125\/642
|-enditem|p2a: Chansey|Eviolite|[from] move: Knock Off|[of] p1a: Tentacruel
|move|p2a: Chansey|Wish|p2a: Chansey
|
|-heal|p1a: Tentacruel|279\/364|[from] item: Black Sludge
|turn|27
|
|move|p1a: Tentacruel|Scald|p2a: Chansey
|-damage|p2a: Chansey|62\/642
|move|p2a: Chansey|Seismic Toss|p1a: Tentacruel
|-damage|p1a: Tentacruel|179\/364
|
|-heal|p2a: Chansey|383\/642|[from] move: Wish|[wisher] Chansey
|-heal|p1a: Tentacruel|201\/364|[from] item: Black Sludge
|turn|28
|
|move|p1a: Tentacruel|Rapid Spin|p2a: Chansey
|-damage|p2a: Chansey|360\/642
|-sideend|p1: Makz1|Stealth Rock|[from] move: Rapid Spin|[of] p1a: Tentacruel
|move|p2a: Chansey|Wish|p2a: Chansey
|
|-heal|p1a: Tentacruel|223\/364|[from] item: Black Sludge
|turn|29
|
|move|p1a: Tentacruel|Scald|p2a: Chansey
|-damage|p2a: Chansey|296\/642
|move|p2a: Chansey|Seismic Toss|p1a: Tentacruel
|-damage|p1a: Tentacruel|123\/364
|
|-heal|p2a: Chansey|617\/642|[from] move: Wish|[wisher] Chansey
|-heal|p1a: Tentacruel|145\/364|[from] item: Black Sludge
|turn|30
|
|switch|p1a: Chesnaught|Chesnaught, F|223\/380 tox
|move|p2a: Chansey|Wish|p2a: Chansey
|
|-heal|p1a: Chesnaught|246\/380 tox|[from] item: Leftovers
|-damage|p1a: Chesnaught|223\/380 tox|[from] psn
|turn|31
|
|switch|p2a: Ferrothorn|Ferrothorn, M|31\/352
|move|p1a: Chesnaught|Seed Bomb|p2a: Ferrothorn
|-resisted|p2a: Ferrothorn
|-damage|p2a: Ferrothorn|16\/352
|
|-heal|p2a: Ferrothorn|337\/352|[from] move: Wish|[wisher] Chansey
|-heal|p1a: Chesnaught|246\/380 tox|[from] item: Leftovers
|-damage|p1a: Chesnaught|200\/380 tox|[from] psn
|turn|32
|
|switch|p1a: Manectric|Manectric-Mega, M|282\/282
|-ability|p1a: Manectric|Intimidate|[of] p2a: Ferrothorn
|-unboost|p2a: Ferrothorn|atk|1
|move|p2a: Ferrothorn|Stealth Rock|p1a: Manectric
|-sidestart|p1: Makz1|move: Stealth Rock
|
|turn|33
|
|move|p1a: Manectric|Overheat|p2a: Ferrothorn
|-supereffective|p2a: Ferrothorn
|-damage|p2a: Ferrothorn|0 fnt
|-unboost|p1a: Manectric|spa|2
|faint|p2a: Ferrothorn
|
|
|switch|p2a: Landorus-Therian|Landorus-Therian, M|147\/320
|-ability|p2a: Landorus-Therian|Intimidate|[of] p1a: Manectric
|-unboost|p1a: Manectric|atk|1
|turn|34
|
|switch|p1a: Chesnaught|Chesnaught, F|200\/380 tox
|-damage|p1a: Chesnaught|177\/380 tox|[from] Stealth Rock
|move|p2a: Landorus-Therian|U-turn|p1a: Chesnaught
|-damage|p1a: Chesnaught|123\/380 tox
|
|switch|p2a: Gengar|Gengar, M, shiny|13\/262
|
|-heal|p1a: Chesnaught|146\/380 tox|[from] item: Leftovers
|-damage|p1a: Chesnaught|123\/380 tox|[from] psn
|turn|35
|
|switch|p2a: Jolteon|Jolteon, F|272\/272
|move|p1a: Chesnaught|Leech Seed|p2a: Jolteon
|-start|p2a: Jolteon|move: Leech Seed
|
|-heal|p1a: Chesnaught|146\/380 tox|[from] item: Leftovers
|-damage|p2a: Jolteon|238\/272|[from] Leech Seed|[of] p1a: Chesnaught
|-heal|p1a: Chesnaught|180\/380 tox|[silent]
|-damage|p1a: Chesnaught|134\/380 tox|[from] psn
|turn|36
|
|move|p1a: Chesnaught|Spiky Shield|p1a: Chesnaught
|-singleturn|p1a: Chesnaught|move: Protect
|move|p2a: Jolteon|Hidden Power|p1a: Chesnaught
|-activate|p1a: Chesnaught|move: Protect
|
|-heal|p1a: Chesnaught|157\/380 tox|[from] item: Leftovers
|-damage|p2a: Jolteon|204\/272|[from] Leech Seed|[of] p1a: Chesnaught
|-heal|p1a: Chesnaught|191\/380 tox|[silent]
|-damage|p1a: Chesnaught|122\/380 tox|[from] psn
|turn|37
|
|switch|p2a: Landorus-Therian|Landorus-Therian, M|147\/320
|-ability|p2a: Landorus-Therian|Intimidate|[of] p1a: Chesnaught
|-unboost|p1a: Chesnaught|atk|1
|switch|p1a: Porygon2|Porygon2|328\/374
|-damage|p1a: Porygon2|282\/374|[from] Stealth Rock
|-ability|p1a: Porygon2|Intimidate|[from] ability: Trace|[of] p2a: Landorus-Therian
|-ability|p1a: Porygon2|Intimidate|[of] p2a: Landorus-Therian
|-unboost|p2a: Landorus-Therian|atk|1
|
|turn|38
|
|switch|p1a: Chesnaught|Chesnaught, F|122\/380 tox
|-damage|p1a: Chesnaught|99\/380 tox|[from] Stealth Rock
|move|p2a: Landorus-Therian|U-turn|p1a: Chesnaught
|-damage|p1a: Chesnaught|63\/380 tox
|
|switch|p2a: Politoed|Politoed, F|384\/384
|-weather|RainDance
|
|-weather|RainDance|[upkeep]
|-heal|p1a: Chesnaught|86\/380 tox|[from] item: Leftovers
|-damage|p1a: Chesnaught|63\/380 tox|[from] psn
|turn|39
|
|move|p2a: Politoed|Ice Beam|p1a: Chesnaught
|-supereffective|p1a: Chesnaught
|-damage|p1a: Chesnaught|0 fnt
|faint|p1a: Chesnaught
|
|-weather|RainDance|[upkeep]
|
|switch|p1a: Tentacruel|Tentacruel, M|145\/364
|-damage|p1a: Tentacruel|100\/364|[from] Stealth Rock
|turn|40
|
|switch|p2a: Chansey|Chansey, F|617\/642
|move|p1a: Tentacruel|Knock Off|p2a: Chansey
|-damage|p2a: Chansey|553\/642
|
|-weather|RainDance|[upkeep]
|-heal|p1a: Tentacruel|122\/364|[from] ability: Rain Dish
|-heal|p1a: Tentacruel|144\/364|[from] item: Black Sludge
|turn|41
|
|move|p1a: Tentacruel|Rapid Spin|p2a: Chansey
|-damage|p2a: Chansey|532\/642
|-sideend|p1: Makz1|Stealth Rock|[from] move: Rapid Spin|[of] p1a: Tentacruel
|move|p2a: Chansey|Seismic Toss|p1a: Tentacruel
|-damage|p1a: Tentacruel|44\/364
|
|-weather|RainDance|[upkeep]
|-heal|p1a: Tentacruel|66\/364|[from] ability: Rain Dish
|-heal|p1a: Tentacruel|88\/364|[from] item: Black Sludge
|turn|42
|
|move|p1a: Tentacruel|Protect|p1a: Tentacruel
|-singleturn|p1a: Tentacruel|Protect
|move|p2a: Chansey|Seismic Toss|p1a: Tentacruel
|-activate|p1a: Tentacruel|Protect
|
|-weather|none
|-heal|p1a: Tentacruel|110\/364|[from] item: Black Sludge
|turn|43
|
|switch|p1a: Porygon2|Porygon2|282\/374
|-ability|p1a: Porygon2|Natural Cure|[from] ability: Trace|[of] p2a: Chansey
|move|p2a: Chansey|Seismic Toss|p1a: Porygon2
|-damage|p1a: Porygon2|182\/374
|
|turn|44
|
|move|p1a: Porygon2|Recover|p1a: Porygon2
|-heal|p1a: Porygon2|369\/374
|move|p2a: Chansey|Toxic|p1a: Porygon2
|-status|p1a: Porygon2|tox
|
|-damage|p1a: Porygon2|346\/374 tox|[from] psn
|turn|45
|
|switch|p1a: Tentacruel|Tentacruel, M|110\/364
|move|p2a: Chansey|Wish|p2a: Chansey
|
|-heal|p1a: Tentacruel|132\/364|[from] item: Black Sludge
|turn|46
|
|move|p1a: Tentacruel|Scald|p2a: Chansey
|-damage|p2a: Chansey|469\/642
|move|p2a: Chansey|Seismic Toss|p1a: Tentacruel
|-damage|p1a: Tentacruel|32\/364
|
|-heal|p2a: Chansey|642\/642|[from] move: Wish|[wisher] Chansey
|-heal|p1a: Tentacruel|54\/364|[from] item: Black Sludge
|turn|47
|
|move|p1a: Tentacruel|Scald|p2a: Chansey
|-damage|p2a: Chansey|582\/642
|move|p2a: Chansey|Wish|p2a: Chansey
|
|-heal|p1a: Tentacruel|76\/364|[from] item: Black Sludge
|turn|48
|
|move|p1a: Tentacruel|Scald|p2a: Chansey
|-damage|p2a: Chansey|524\/642
|move|p2a: Chansey|Seismic Toss|p1a: Tentacruel
|-damage|p1a: Tentacruel|0 fnt
|faint|p1a: Tentacruel
|
|-heal|p2a: Chansey|642\/642|[from] move: Wish|[wisher] Chansey
|
|switch|p1a: Dragonite|Dragonite, M|324\/324
|turn|49
|
|move|p1a: Dragonite|Dragon Dance|p1a: Dragonite
|-boost|p1a: Dragonite|atk|1
|-boost|p1a: Dragonite|spe|1
|move|p2a: Chansey|Toxic|p1a: Dragonite
|-status|p1a: Dragonite|tox
|-enditem|p1a: Dragonite|Lum Berry|[eat]
|-curestatus|p1a: Dragonite|tox
|
|turn|50
|
|move|p1a: Dragonite|Dragon Dance|p1a: Dragonite
|-boost|p1a: Dragonite|atk|1
|-boost|p1a: Dragonite|spe|1
|move|p2a: Chansey|Toxic|p1a: Dragonite
|-status|p1a: Dragonite|tox
|
|-damage|p1a: Dragonite|304\/324 tox|[from] psn
|turn|51
|
|move|p1a: Dragonite|Dragon Claw|p2a: Chansey
|-damage|p2a: Chansey|47\/642
|move|p2a: Chansey|Seismic Toss|p1a: Dragonite
|-damage|p1a: Dragonite|204\/324 tox
|
|-damage|p1a: Dragonite|164\/324 tox|[from] psn
|turn|52
|
|move|p1a: Dragonite|Dragon Claw|p2a: Chansey
|-damage|p2a: Chansey|0 fnt
|faint|p2a: Chansey
|
|-damage|p1a: Dragonite|104\/324 tox|[from] psn
|
|switch|p2a: Landorus-Therian|Landorus-Therian, M|147\/320
|-ability|p2a: Landorus-Therian|Intimidate|[of] p1a: Dragonite
|-unboost|p1a: Dragonite|atk|1
|turn|53
|
|switch|p2a: Politoed|Politoed, F|384\/384
|-weather|RainDance
|move|p1a: Dragonite|Dragon Claw|p2a: Politoed
|-crit|p2a: Politoed
|-damage|p2a: Politoed|0 fnt
|faint|p2a: Politoed
|
|-weather|RainDance|[upkeep]
|-damage|p1a: Dragonite|24\/324 tox|[from] psn
|
|switch|p2a: Landorus-Therian|Landorus-Therian, M|147\/320
|-ability|p2a: Landorus-Therian|Intimidate|[of] p1a: Dragonite
|-unboost|p1a: Dragonite|atk|1
|turn|54
|
|switch|p2a: Jolteon|Jolteon, F|204\/272
|move|p1a: Dragonite|Dragon Claw|p2a: Jolteon
|-damage|p2a: Jolteon|0 fnt
|faint|p2a: Jolteon
|
|-weather|RainDance|[upkeep]
|-damage|p1a: Dragonite|0 fnt|[from] psn
|faint|p1a: Dragonite
|
|switch|p1a: Manectric|Manectric-Mega, M|282\/282
|switch|p2a: Gengar|Gengar, M, shiny|13\/262
|-ability|p1a: Manectric|Intimidate|[of] p2a: Gengar
|-unboost|p2a: Gengar|atk|1
|turn|55
|
|move|p1a: Manectric|Hidden Power|p2a: Gengar
|-damage|p2a: Gengar|0 fnt
|faint|p2a: Gengar
|
|-weather|RainDance|[upkeep]
|
|switch|p2a: Landorus-Therian|Landorus-Therian, M|147\/320
|-ability|p2a: Landorus-Therian|Intimidate|[of] p1a: Manectric
|-unboost|p1a: Manectric|atk|1
|turn|56
|
|switch|p1a: Porygon2|Porygon2|346\/374
|-ability|p1a: Porygon2|Intimidate|[from] ability: Trace|[of] p2a: Landorus-Therian
|-ability|p1a: Porygon2|Intimidate|[of] p2a: Landorus-Therian
|-unboost|p2a: Landorus-Therian|atk|1
|move|p2a: Landorus-Therian|Earthquake|p1a: Porygon2
|-damage|p1a: Porygon2|261\/374
|
|-weather|RainDance|[upkeep]
|turn|57
|chat|Makz1|gg
|
|move|p2a: Landorus-Therian|Earthquake|p1a: Porygon2
|-damage|p1a: Porygon2|165\/374
|move|p1a: Porygon2|Tri Attack|p2a: Landorus-Therian
|-damage|p2a: Landorus-Therian|36\/320
|
|-weather|none
|turn|58
|
|move|p2a: Landorus-Therian|Earthquake|p1a: Porygon2
|-damage|p1a: Porygon2|68\/374
|move|p1a: Porygon2|Recover|p1a: Porygon2
|-heal|p1a: Porygon2|255\/374
|
|turn|59
|
|move|p2a: Landorus-Therian|Earthquake|p1a: Porygon2
|-damage|p1a: Porygon2|161\/374
|move|p1a: Porygon2|Tri Attack|p2a: Landorus-Therian
|-damage|p2a: Landorus-Therian|0 fnt
|faint|p2a: Landorus-Therian
|
|win|Makz1
|raw|Ladder updating...
|raw|Makz1's rating: 1390 &rarr; <strong>1414<\/strong><br \/>(+24 for winning)
|raw|ferwara's rating: 1448 &rarr; <strong>1424<\/strong><br \/>(-24 for losing)
|leave|ferwara
|player|p2