|join|samustoise
|join|ferwara
|player|p1|samustoise|101
|player|p2|ferwara|266
|gametype|singles
|gen|6
|tier|OU
|rated
|clearpoke
|poke|p1|Greninja, M
|poke|p1|Hippowdon, M
|poke|p1|Charizard, M
|poke|p1|Goodra, M
|poke|p1|Gengar, M
|poke|p1|Azumarill, M
|poke|p2|Chansey, F
|poke|p2|Ferrothorn, M
|poke|p2|Gengar, M, shiny
|poke|p2|Charizard, M
|poke|p2|Politoed, F
|poke|p2|Landorus-Therian, M
|rule|Baton Pass Clause: Limit 3 pokemon knowing Baton Pass
|rule|Sleep Clause Mod: Limit one foe put to sleep
|rule|Species Clause: Limit one of each Pokemon
|rule|OHKO Clause: OHKO moves are banned
|rule|Moody Clause: Moody is banned
|rule|Evasion Moves Clause: Evasion moves are banned
|rule|Endless Battle Clause: Forcing endless battles is banned
|rule|HP Percentage Mod: HP is reported as percentages
|teampreview
|
|start
|switch|p1a: Greninja|Greninja, M|285\/285
|switch|p2a: Landorus-Therian|Landorus-Therian, M|320\/320
|-ability|p2a: Landorus-Therian|Intimidate|[of] p1a: Greninja
|-unboost|p1a: Greninja|atk|1
|turn|1
|
|move|p2a: Landorus-Therian|U-turn|p1a: Greninja
|-crit|p1a: Greninja
|-supereffective|p1a: Greninja
|-damage|p1a: Greninja|0 fnt
|faint|p1a: Greninja
|
|switch|p2a: Ferrothorn|Ferrothorn, M|352\/352
|
|
|switch|p1a: Goodra|Goodra, M|384\/384
|turn|2
|
|switch|p2a: Chansey|Chansey, F|642\/642
|move|p1a: Goodra|Flamethrower|p2a: Chansey
|-damage|p2a: Chansey|584\/642
|
|turn|3
|
|move|p1a: Goodra|Sludge Bomb|p2a: Chansey
|-damage|p2a: Chansey|520\/642
|-status|p2a: Chansey|psn
|move|p2a: Chansey|Toxic|p1a: Goodra
|-status|p1a: Goodra|tox
|
|-damage|p1a: Goodra|360\/384 tox|[from] psn
|-damage|p2a: Chansey|440\/642 psn|[from] psn
|turn|4
|
|switch|p1a: Azumarill|Azumarill, M|404\/404
|move|p2a: Chansey|Wish|p2a: Chansey
|
|-damage|p2a: Chansey|360\/642 psn|[from] psn
|turn|5
|
|switch|p2a: Landorus-Therian|Landorus-Therian, M|320\/320
|-ability|p2a: Landorus-Therian|Intimidate|[of] p1a: Azumarill
|-unboost|p1a: Azumarill|atk|1
|move|p1a: Azumarill|Aqua Jet|p2a: Landorus-Therian
|-supereffective|p2a: Landorus-Therian
|-damage|p2a: Landorus-Therian|188\/320
|
|-heal|p2a: Landorus-Therian|320\/320|[from] move: Wish|[wisher] Chansey
|turn|6
|
|move|p2a: Landorus-Therian|U-turn|p1a: Azumarill
|-resisted|p1a: Azumarill
|-damage|p1a: Azumarill|348\/404
|
|switch|p2a: Ferrothorn|Ferrothorn, M|352\/352
|move|p1a: Azumarill|Ice Punch|p2a: Ferrothorn
|-damage|p2a: Ferrothorn|302\/352
|-damage|p1a: Azumarill|298\/404|[from] ability: Iron Barbs|[of] p2a: Ferrothorn
|-damage|p1a: Azumarill|231\/404|[from] item: Rocky Helmet|[of] p2a: Ferrothorn
|
|turn|7
|
|switch|p1a: Goodra|Goodra, M|360\/384 tox
|move|p2a: Ferrothorn|Leech Seed|p1a: Goodra
|-boost|p1a: Goodra|atk|1|[from] ability: Sap Sipper
|
|-damage|p1a: Goodra|336\/384 tox|[from] psn
|turn|8
|
|switch|p2a: Chansey|Chansey, F|360\/642
|move|p1a: Goodra|Flamethrower|p2a: Chansey
|-damage|p2a: Chansey|306\/642
|
|-damage|p1a: Goodra|288\/384 tox|[from] psn
|turn|9
|
|move|p1a: Goodra|Dragon Pulse|p2a: Chansey
|-damage|p2a: Chansey|224\/642
|move|p2a: Chansey|Wish|p2a: Chansey
|
|-damage|p1a: Goodra|216\/384 tox|[from] psn
|turn|10
|
|move|p1a: Goodra|Sludge Bomb|p2a: Chansey
|-damage|p2a: Chansey|163\/642
|-status|p2a: Chansey|psn
|move|p2a: Chansey|Seismic Toss|p1a: Goodra
|-damage|p1a: Goodra|116\/384 tox
|
|-heal|p2a: Chansey|484\/642 psn|[from] move: Wish|[wisher] Chansey
|-damage|p1a: Goodra|20\/384 tox|[from] psn
|-damage|p2a: Chansey|404\/642 psn|[from] psn
|turn|11
|
|move|p1a: Goodra|Flamethrower|p2a: Chansey
|-damage|p2a: Chansey|341\/642 psn
|move|p2a: Chansey|Wish|p2a: Chansey
|
|-damage|p1a: Goodra|0 fnt|[from] psn
|-damage|p2a: Chansey|261\/642 psn|[from] psn
|faint|p1a: Goodra
|
|switch|p1a: Azumarill|Azumarill, M|231\/404
|turn|12
|
|switch|p2a: Landorus-Therian|Landorus-Therian, M|320\/320
|-ability|p2a: Landorus-Therian|Intimidate|[of] p1a: Azumarill
|-unboost|p1a: Azumarill|atk|1
|move|p1a: Azumarill|Brick Break|p2a: Landorus-Therian
|-crit|p2a: Landorus-Therian
|-resisted|p2a: Landorus-Therian
|-damage|p2a: Landorus-Therian|228\/320
|
|-heal|p2a: Landorus-Therian|320\/320|[from] move: Wish|[wisher] Chansey
|turn|13
|
|move|p2a: Landorus-Therian|U-turn|p1a: Azumarill
|-resisted|p1a: Azumarill
|-damage|p1a: Azumarill|178\/404
|
|switch|p2a: Ferrothorn|Ferrothorn, M|302\/352
|move|p1a: Azumarill|Ice Punch|p2a: Ferrothorn
|-damage|p2a: Ferrothorn|257\/352
|-damage|p1a: Azumarill|128\/404|[from] ability: Iron Barbs|[of] p2a: Ferrothorn
|-damage|p1a: Azumarill|61\/404|[from] item: Rocky Helmet|[of] p2a: Ferrothorn
|
|turn|14
|
|move|p1a: Azumarill|Play Rough|p2a: Ferrothorn
|-resisted|p2a: Ferrothorn
|-damage|p2a: Ferrothorn|215\/352
|-damage|p1a: Azumarill|11\/404|[from] ability: Iron Barbs|[of] p2a: Ferrothorn
|-damage|p1a: Azumarill|0 fnt|[from] item: Rocky Helmet|[of] p2a: Ferrothorn
|faint|p1a: Azumarill
|move|p2a: Ferrothorn|Stealth Rock|p1: Azumarill
|-sidestart|p1: samustoise|move: Stealth Rock
|
|
|switch|p1a: Charizard|Charizard, M|298\/298
|-damage|p1a: Charizard|149\/298|[from] Stealth Rock
|turn|15
|
|detailschange|p1a: Charizard|Charizard-Mega-X, M
|message|Charizard has Mega Evolved into Mega Charizard!
|move|p2a: Ferrothorn|Protect|p2a: Ferrothorn
|-singleturn|p2a: Ferrothorn|Protect
|move|p1a: Charizard|Roost|p1a: Charizard
|-heal|p1a: Charizard|298\/298
|
|turn|16
|
|switch|p2a: Politoed|Politoed, F|384\/384
|-weather|RainDance
|move|p1a: Charizard|Dragon Dance|p1a: Charizard
|-boost|p1a: Charizard|atk|1
|-boost|p1a: Charizard|spe|1
|
|-weather|RainDance|[upkeep]
|turn|17
|
|move|p1a: Charizard|Dragon Claw|p2a: Politoed
|-damage|p2a: Politoed|11\/384
|move|p2a: Politoed|Surf|p1a: Charizard
|-damage|p1a: Charizard|0 fnt
|faint|p1a: Charizard
|
|-weather|RainDance|[upkeep]
|
|switch|p1a: Gengar|Gengar, M|262\/262
|-damage|p1a: Gengar|230\/262|[from] Stealth Rock
|turn|18
|
|switch|p2a: Chansey|Chansey, F|261\/642
|move|p1a: Gengar|Energy Ball|p2a: Chansey
|-damage|p2a: Chansey|207\/642
|
|-weather|RainDance|[upkeep]
|-heal|p1a: Gengar|246\/262|[from] item: Black Sludge
|turn|19
|
|move|p1a: Gengar|Psychic|p2a: Chansey
|-damage|p2a: Chansey|156\/642
|move|p2a: Chansey|Wish|p2a: Chansey
|
|-weather|RainDance|[upkeep]
|-heal|p1a: Gengar|262\/262|[from] item: Black Sludge
|turn|20
|
|move|p1a: Gengar|Energy Ball|p2a: Chansey
|-damage|p2a: Chansey|105\/642
|move|p2a: Chansey|Toxic|p1a: Gengar
|-fail|p1a: Gengar
|
|-weather|none
|-heal|p2a: Chansey|426\/642|[from] move: Wish|[wisher] Chansey
|turn|21
|
|move|p1a: Gengar|Sludge Bomb|p2a: Chansey
|-damage|p2a: Chansey|348\/642
|move|p2a: Chansey|Wish|p2a: Chansey
|
|turn|22
|
|switch|p1a: Hippowdon|Hippowdon, M|420\/420
|-damage|p1a: Hippowdon|394\/420|[from] Stealth Rock
|switch|p2a: Ferrothorn|Ferrothorn, M|215\/352
|
|-heal|p2a: Ferrothorn|352\/352|[from] move: Wish|[wisher] Chansey
|turn|23
|
|move|p1a: Hippowdon|Earthquake|p2a: Ferrothorn
|-damage|p2a: Ferrothorn|240\/352
|move|p2a: Ferrothorn|Leech Seed|p1a: Hippowdon
|-start|p1a: Hippowdon|move: Leech Seed
|
|-damage|p1a: Hippowdon|342\/420|[from] Leech Seed|[of] p2a: Ferrothorn
|-heal|p2a: Ferrothorn|292\/352|[silent]
|turn|24
|
|switch|p2a: Charizard|Charizard, M|298\/298
|move|p1a: Hippowdon|Earthquake|p2a: Charizard
|-immune|p2a: Charizard|[msg]
|
|-damage|p1a: Hippowdon|290\/420|[from] Leech Seed|[of] p2a: Charizard
|turn|25
|
|detailschange|p2a: Charizard|Charizard-Mega-X, M
|message|Charizard has Mega Evolved into Mega Charizard!
|move|p2a: Charizard|Dragon Dance|p2a: Charizard
|-boost|p2a: Charizard|atk|1
|-boost|p2a: Charizard|spe|1
|move|p1a: Hippowdon|Stone Edge|p2a: Charizard
|-supereffective|p2a: Charizard
|-damage|p2a: Charizard|82\/298
|
|-damage|p1a: Hippowdon|238\/420|[from] Leech Seed|[of] p2a: Charizard
|-heal|p2a: Charizard|134\/298|[silent]
|turn|26
|
|move|p2a: Charizard|Outrage|p1a: Hippowdon
|-damage|p1a: Hippowdon|0 fnt
|faint|p1a: Hippowdon
|
|
|switch|p1a: Gengar|Gengar, M|262\/262
|-damage|p1a: Gengar|230\/262|[from] Stealth Rock
|turn|27
|
|move|p2a: Charizard|Outrage|p1a: Gengar
|-damage|p1a: Gengar|0 fnt
|faint|p1a: Gengar
|
|win|ferwara
|raw|Ladder updating...
|raw|samustoise's rating: 1337 &rarr; <strong>1320<\/strong><br \/>(-17 for losing)
|raw|ferwara's rating: 1386 &rarr; <strong>1404<\/strong><br \/>(+18 for winning)
|leave|ferwara
|player|p2
|player|p1|Guest 273814|101