|join|juanjo12x
|join|ferwara
|player|p1|juanjo12x|1
|player|p2|ferwara|265
|gametype|singles
|gen|6
|tier|OU
|rated
|clearpoke
|poke|p1|Talonflame, M
|poke|p1|Garchomp, M
|poke|p1|Porygon2
|poke|p1|Amoonguss, M
|poke|p1|Rotom-Wash
|poke|p1|Scizor, M
|poke|p2|Chansey, F
|poke|p2|Ferrothorn, M
|poke|p2|Gengar, M, shiny
|poke|p2|Charizard, M
|poke|p2|Politoed, F
|poke|p2|Landorus-Therian, M
|rule|Sleep Clause Mod: Limit one foe put to sleep
|rule|Species Clause: Limit one of each Pokemon
|rule|OHKO Clause: OHKO moves are banned
|rule|Moody Clause: Moody is banned
|rule|Evasion Moves Clause: Evasion moves are banned
|rule|Endless Battle Clause: Forcing endless battles is banned.
|rule|HP Percentage Mod: HP is reported as percentages
|teampreview
|
|start
|switch|p1a: Washy|Rotom-Wash|304\/304
|switch|p2a: Landorus-Therian|Landorus-Therian, M|320\/320
|-ability|p2a: Landorus-Therian|Intimidate|[of] p1a: Washy
|-unboost|p1a: Washy|atk|1
|turn|1
|
|move|p2a: Landorus-Therian|U-turn|p1a: Washy
|-damage|p1a: Washy|223\/304
|
|switch|p2a: Ferrothorn|Ferrothorn, M|352\/352
|move|p1a: Washy|Hydro Pump|p2a: Ferrothorn
|-resisted|p2a: Ferrothorn
|-damage|p2a: Ferrothorn|262\/352
|
|turn|2
|
|switch|p1a: Garchy|Garchomp, M|357\/357
|move|p2a: Ferrothorn|Stealth Rock|p1a: Garchy
|-sidestart|p1: juanjo12x|move: Stealth Rock
|
|turn|3
|
|move|p2a: Ferrothorn|Protect|p2a: Ferrothorn
|-singleturn|p2a: Ferrothorn|Protect
|move|p1a: Garchy|Stealth Rock|p2a: Ferrothorn
|-sidestart|p2: ferwara|move: Stealth Rock
|
|turn|4
|
|switch|p1a: Hongus|Amoonguss, M|432\/432
|-damage|p1a: Hongus|378\/432|[from] Stealth Rock
|move|p2a: Ferrothorn|Leech Seed|p1a: Hongus
|-immune|p1a: Hongus|[msg]
|
|-heal|p1a: Hongus|405\/432|[from] item: Black Sludge
|turn|5
|
|move|p1a: Hongus|Spore|p2a: Ferrothorn
|-fail|p2a: Ferrothorn
|move|p2a: Ferrothorn|Gyro Ball|p1a: Hongus
|-damage|p1a: Hongus|344\/432
|
|-heal|p1a: Hongus|371\/432|[from] item: Black Sludge
|turn|6
|
|move|p1a: Hongus|Hidden Power|p2a: Ferrothorn
|-supereffective|p2a: Ferrothorn
|-damage|p2a: Ferrothorn|126\/352
|move|p2a: Ferrothorn|Leech Seed|p1a: Hongus
|-immune|p1a: Hongus|[msg]
|
|-heal|p1a: Hongus|398\/432|[from] item: Black Sludge
|turn|7
|
|switch|p2a: Gengar|Gengar, M, shiny|262\/262
|-damage|p2a: Gengar|230\/262|[from] Stealth Rock
|move|p1a: Hongus|Spore|p2a: Gengar
|-status|p2a: Gengar|slp
|
|-heal|p1a: Hongus|425\/432|[from] item: Black Sludge
|turn|8
|
|switch|p2a: Chansey|Chansey, F|642\/642
|-damage|p2a: Chansey|562\/642|[from] Stealth Rock
|switch|p1a: TijerasLocas|Scizor, M|344\/344
|-damage|p1a: TijerasLocas|301\/344|[from] Stealth Rock
|
|turn|9
|
|move|p1a: TijerasLocas|Superpower|p2a: Chansey
|-supereffective|p2a: Chansey
|-damage|p2a: Chansey|0 fnt
|-unboost|p1a: TijerasLocas|atk|1
|-unboost|p1a: TijerasLocas|def|1
|faint|p2a: Chansey
|
|
|switch|p2a: Charizard|Charizard, M|298\/298
|-damage|p2a: Charizard|149\/298|[from] Stealth Rock
|turn|10
|
|switch|p1a: Garchy|Garchomp, M|357\/357
|-damage|p1a: Garchy|335\/357|[from] Stealth Rock
|move|p2a: Charizard|Outrage|p1a: Garchy
|-supereffective|p1a: Garchy
|-damage|p1a: Garchy|71\/357
|-damage|p2a: Charizard|112\/298|[from] ability: Rough Skin|[of] p1a: Garchy
|-damage|p2a: Charizard|63\/298|[from] item: Rocky Helmet|[of] p1a: Garchy
|
|turn|11
|chat|ferwara|he didn't mega ev....
|
|move|p1a: Garchy|Stone Edge|p2a: Charizard
|-supereffective|p2a: Charizard
|-damage|p2a: Charizard|0 fnt
|faint|p2a: Charizard
|
|-message|ferwara forfeited.
|
|win|juanjo12x
|raw|Ladder updating...
|leave|ferwara
|player|p2
|raw|juanjo12x's rating: 1406 &rarr; <strong>1427<\/strong><br \/>(+21 for winning)
|raw|ferwara's rating: 1424 &rarr; <strong>1403<\/strong><br \/>(-21 for losing)