|join|UrielTest
|join|ferwara
|player|p1|UrielTest|161
|player|p2|ferwara|169
|gametype|singles
|gen|6
|tier|OU
|rated
|clearpoke
|poke|p1|Heatran, M
|poke|p1|Rotom-Wash
|poke|p1|Latios, M
|poke|p1|Conkeldurr, M
|poke|p1|Scizor, M
|poke|p1|Landorus-Therian, M
|poke|p2|Ferrothorn, F
|poke|p2|Landorus-Therian, M
|poke|p2|Chansey, F
|poke|p2|Gengar, M, shiny
|poke|p2|Politoed, F
|poke|p2|Jolteon, F
|rule|Swagger Clause: Swagger is banned
|rule|Baton Pass Clause: Limit one PokÃ©mon knowing Baton Pass
|rule|Sleep Clause Mod: Limit one foe put to sleep
|rule|Species Clause: Limit one of each PokÃ©mon
|rule|OHKO Clause: OHKO moves are banned
|rule|Moody Clause: Moody is banned
|rule|Evasion Moves Clause: Evasion moves are banned
|rule|Endless Battle Clause: Forcing endless battles is banned
|rule|HP Percentage Mod: HP is shown in percentages
|teampreview
|
|start
|switch|p1a: Rotom-Wash|Rotom-Wash|303\/303
|switch|p2a: Landorus-Therian|Landorus-Therian, M|320\/320
|-ability|p2a: Landorus-Therian|Intimidate|[of] p1a: Rotom-Wash
|-unboost|p1a: Rotom-Wash|atk|1
|turn|1
|
|switch|p1a: Landorus-Therian|Landorus-Therian, M|353\/353
|-ability|p1a: Landorus-Therian|Intimidate|[of] p2a: Landorus-Therian
|-unboost|p2a: Landorus-Therian|atk|1
|move|p2a: Landorus-Therian|Knock Off|p1a: Landorus-Therian
|-damage|p1a: Landorus-Therian|254\/353
|-enditem|p1a: Landorus-Therian|Choice Scarf|[from] move: Knock Off|[of] p2a: Landorus-Therian
|
|turn|2
|
|switch|p2a: Ferrothorn|Ferrothorn, F|352\/352
|move|p1a: Landorus-Therian|Knock Off|p2a: Ferrothorn
|-damage|p2a: Ferrothorn|273\/352
|-damage|p1a: Landorus-Therian|210\/353|[from] ability: Iron Barbs|[of] p2a: Ferrothorn
|-damage|p1a: Landorus-Therian|152\/353|[from] item: Rocky Helmet|[of] p2a: Ferrothorn
|-enditem|p2a: Ferrothorn|Rocky Helmet|[from] move: Knock Off|[of] p1a: Landorus-Therian
|
|turn|3
|
|switch|p1a: Conkeldurr|Conkeldurr, M|351\/351
|move|p2a: Ferrothorn|Leech Seed|p1a: Conkeldurr
|-start|p1a: Conkeldurr|move: Leech Seed
|
|-damage|p1a: Conkeldurr|308\/351|[from] Leech Seed|[of] p2a: Ferrothorn
|-heal|p2a: Ferrothorn|316\/352|[silent]
|turn|4
|
|move|p2a: Ferrothorn|Protect|p2a: Ferrothorn
|-singleturn|p2a: Ferrothorn|Protect
|move|p1a: Conkeldurr|Knock Off|p2a: Ferrothorn
|-activate|p2a: Ferrothorn|Protect
|
|-damage|p1a: Conkeldurr|265\/351|[from] Leech Seed|[of] p2a: Ferrothorn
|-heal|p2a: Ferrothorn|352\/352|[silent]
|turn|5
|
|move|p1a: Conkeldurr|Drain Punch|p2a: Ferrothorn
|-supereffective|p2a: Ferrothorn
|-damage|p2a: Ferrothorn|160\/352
|-heal|p1a: Conkeldurr|351\/351|[from] drain|[of] p2a: Ferrothorn
|-damage|p1a: Conkeldurr|308\/351|[from] ability: Iron Barbs|[of] p2a: Ferrothorn
|move|p2a: Ferrothorn|Stealth Rock|p1a: Conkeldurr
|-sidestart|p1: UrielTest|move: Stealth Rock
|
|-damage|p1a: Conkeldurr|265\/351|[from] Leech Seed|[of] p2a: Ferrothorn
|-heal|p2a: Ferrothorn|203\/352|[silent]
|turn|6
|
|move|p2a: Ferrothorn|Protect|p2a: Ferrothorn
|-singleturn|p2a: Ferrothorn|Protect
|move|p1a: Conkeldurr|Drain Punch|p2a: Ferrothorn
|-activate|p2a: Ferrothorn|Protect
|
|-damage|p1a: Conkeldurr|222\/351|[from] Leech Seed|[of] p2a: Ferrothorn
|-heal|p2a: Ferrothorn|246\/352|[silent]
|turn|7
|
|move|p1a: Conkeldurr|Knock Off|p2a: Ferrothorn
|-damage|p2a: Ferrothorn|190\/352
|-damage|p1a: Conkeldurr|179\/351|[from] ability: Iron Barbs|[of] p2a: Ferrothorn
|move|p2a: Ferrothorn|Gyro Ball|p1a: Conkeldurr
|-damage|p1a: Conkeldurr|89\/351
|
|-damage|p1a: Conkeldurr|46\/351|[from] Leech Seed|[of] p2a: Ferrothorn
|-heal|p2a: Ferrothorn|233\/352|[silent]
|turn|8
|
|move|p2a: Ferrothorn|Protect|p2a: Ferrothorn
|-singleturn|p2a: Ferrothorn|Protect
|move|p1a: Conkeldurr|Drain Punch|p2a: Ferrothorn
|-activate|p2a: Ferrothorn|Protect
|
|-damage|p1a: Conkeldurr|3\/351|[from] Leech Seed|[of] p2a: Ferrothorn
|-heal|p2a: Ferrothorn|276\/352|[silent]
|turn|9
|
|switch|p1a: Latios|Latios, M|302\/302
|-damage|p1a: Latios|265\/302|[from] Stealth Rock
|move|p2a: Ferrothorn|Protect|p2a: Ferrothorn
|-fail|p2a: Ferrothorn
|
|turn|10
|
|move|p1a: Latios|Hidden Power|p2a: Ferrothorn
|-supereffective|p2a: Ferrothorn
|-damage|p2a: Ferrothorn|0 fnt
|-damage|p1a: Latios|235\/302|[from] item: Life Orb
|faint|p2a: Ferrothorn
|
|
|switch|p2a: Landorus-Therian|Landorus-Therian, M|320\/320
|-ability|p2a: Landorus-Therian|Intimidate|[of] p1a: Latios
|-unboost|p1a: Latios|atk|1
|turn|11
|
|switch|p1a: Landorus-Therian|Landorus-Therian, M|152\/353
|-damage|p1a: Landorus-Therian|108\/353|[from] Stealth Rock
|-ability|p1a: Landorus-Therian|Intimidate|[of] p2a: Landorus-Therian
|-unboost|p2a: Landorus-Therian|atk|1
|move|p2a: Landorus-Therian|U-turn|p1a: Landorus-Therian
|-resisted|p1a: Landorus-Therian
|-damage|p1a: Landorus-Therian|77\/353
|
|switch|p2a: Jolteon|Jolteon, F|272\/272
|
|turn|12
|
|switch|p1a: Heatran|Heatran, M|385\/385
|-damage|p1a: Heatran|337\/385|[from] Stealth Rock
|move|p2a: Jolteon|Signal Beam|p1a: Heatran
|-resisted|p1a: Heatran
|-damage|p1a: Heatran|320\/385
|
|-heal|p1a: Heatran|344\/385|[from] item: Leftovers
|turn|13
|
|switch|p2a: Politoed|Politoed, F|384\/384
|-weather|RainDance
|move|p1a: Heatran|Stealth Rock|p2a: Politoed
|-sidestart|p2: ferwara|move: Stealth Rock
|
|-weather|RainDance|[upkeep]
|-heal|p1a: Heatran|368\/385|[from] item: Leftovers
|turn|14
|
|switch|p1a: Rotom-Wash|Rotom-Wash|303\/303
|-damage|p1a: Rotom-Wash|266\/303|[from] Stealth Rock
|move|p2a: Politoed|Scald|p1a: Rotom-Wash
|-resisted|p1a: Rotom-Wash
|-damage|p1a: Rotom-Wash|171\/303
|
|-weather|RainDance|[upkeep]
|-heal|p1a: Rotom-Wash|189\/303|[from] item: Leftovers
|turn|15
|
|move|p1a: Rotom-Wash|Pain Split|p2a: Politoed
|-sethp|p2a: Politoed|286\/384|p1a: Rotom-Wash|286\/303|[from] move: Pain Split
|move|p2a: Politoed|Scald|p1a: Rotom-Wash
|-resisted|p1a: Rotom-Wash
|-damage|p1a: Rotom-Wash|195\/303
|
|-weather|RainDance|[upkeep]
|-heal|p1a: Rotom-Wash|213\/303|[from] item: Leftovers
|turn|16
|
|move|p1a: Rotom-Wash|Volt Switch|p2a: Politoed
|-supereffective|p2a: Politoed
|-damage|p2a: Politoed|116\/384
|
|switch|p1a: Latios|Latios, M|235\/302
|-damage|p1a: Latios|198\/302|[from] Stealth Rock
|move|p2a: Politoed|Scald|p1a: Latios
|-resisted|p1a: Latios
|-damage|p1a: Latios|77\/302
|-status|p1a: Latios|brn
|
|-weather|RainDance|[upkeep]
|-damage|p1a: Latios|40\/302 brn|[from] brn
|turn|17
|
|switch|p1a: Scizor|Scizor, M|343\/343
|-damage|p1a: Scizor|301\/343|[from] Stealth Rock
|switch|p2a: Chansey|Chansey, F|642\/642
|-damage|p2a: Chansey|562\/642|[from] Stealth Rock
|
|-weather|none
|turn|18
|
|switch|p2a: Landorus-Therian|Landorus-Therian, M|320\/320
|-damage|p2a: Landorus-Therian|280\/320|[from] Stealth Rock
|-ability|p2a: Landorus-Therian|Intimidate|[of] p1a: Scizor
|-unboost|p1a: Scizor|atk|1
|detailschange|p1a: Scizor|Scizor-Mega, M
|message|Scizor has Mega Evolved into Mega Scizor!
|move|p1a: Scizor|Defog|p2a: Landorus-Therian
|-unboost|p2a: Landorus-Therian|evasion|1
|-sideend|p2: ferwara|Stealth Rock|[from] move: Defog|[of] p2a: Landorus-Therian
|-sideend|p1: UrielTest|Stealth Rock|[from] move: Defog|[of] p1a: Scizor
|
|turn|19
|
|move|p2a: Landorus-Therian|U-turn|p1a: Scizor
|-resisted|p1a: Scizor
|-damage|p1a: Scizor|277\/343
|
|switch|p2a: Chansey|Chansey, F|562\/642
|move|p1a: Scizor|Roost|p1a: Scizor
|-heal|p1a: Scizor|343\/343
|
|turn|20
|
|move|p1a: Scizor|Knock Off|p2a: Chansey
|-damage|p2a: Chansey|462\/642
|-enditem|p2a: Chansey|Eviolite|[from] move: Knock Off|[of] p1a: Scizor
|move|p2a: Chansey|Wish|p2a: Chansey
|
|turn|21
|
|switch|p1a: Latios|Latios, M|40\/302 brn
|switch|p2a: Landorus-Therian|Landorus-Therian, M|280\/320
|-ability|p2a: Landorus-Therian|Intimidate|[of] p1a: Latios
|-unboost|p1a: Latios|atk|1
|
|-heal|p2a: Landorus-Therian|320\/320|[from] move: Wish|[wisher] Chansey
|-damage|p1a: Latios|3\/302 brn|[from] brn
|turn|22
|
|move|p2a: Landorus-Therian|U-turn|p1a: Latios
|-supereffective|p1a: Latios
|-damage|p1a: Latios|0 fnt
|faint|p1a: Latios
|
|switch|p2a: Gengar|Gengar, M, shiny|262\/262
|
|
|switch|p1a: Heatran|Heatran, M|368\/385
|turn|23
|
|switch|p2a: Chansey|Chansey, F|462\/642
|move|p1a: Heatran|Stealth Rock|p2a: Chansey
|-sidestart|p2: ferwara|move: Stealth Rock
|
|-heal|p1a: Heatran|385\/385|[from] item: Leftovers
|turn|24
|
|move|p1a: Heatran|Toxic|p2a: Chansey
|-status|p2a: Chansey|tox
|move|p2a: Chansey|Wish|p2a: Chansey
|
|-damage|p2a: Chansey|422\/642 tox|[from] psn
|turn|25
|
|switch|p2a: Landorus-Therian|Landorus-Therian, M|320\/320
|-damage|p2a: Landorus-Therian|280\/320|[from] Stealth Rock
|-ability|p2a: Landorus-Therian|Intimidate|[of] p1a: Heatran
|-unboost|p1a: Heatran|atk|1
|move|p1a: Heatran|Toxic|p2a: Landorus-Therian
|-status|p2a: Landorus-Therian|tox
|
|-heal|p2a: Landorus-Therian|320\/320 tox|[from] move: Wish|[wisher] Chansey
|-damage|p2a: Landorus-Therian|300\/320 tox|[from] psn
|turn|26
|
|switch|p1a: Landorus-Therian|Landorus-Therian, M|77\/353
|-ability|p1a: Landorus-Therian|Intimidate|[of] p2a: Landorus-Therian
|-unboost|p2a: Landorus-Therian|atk|1
|move|p2a: Landorus-Therian|U-turn|p1a: Landorus-Therian
|-resisted|p1a: Landorus-Therian
|-damage|p1a: Landorus-Therian|46\/353
|
|switch|p2a: Chansey|Chansey, F|422\/642
|-damage|p2a: Chansey|342\/642|[from] Stealth Rock
|
|turn|27
|
|move|p1a: Landorus-Therian|Earthquake|p2a: Chansey
|-crit|p2a: Chansey
|-damage|p2a: Chansey|0 fnt
|faint|p2a: Chansey
|
|
|switch|p2a: Landorus-Therian|Landorus-Therian, M|300\/320 tox
|-damage|p2a: Landorus-Therian|260\/320 tox|[from] Stealth Rock
|-ability|p2a: Landorus-Therian|Intimidate|[of] p1a: Landorus-Therian
|-unboost|p1a: Landorus-Therian|atk|1
|turn|28
|
|switch|p1a: Scizor|Scizor-Mega, M|343\/343
|move|p2a: Landorus-Therian|Knock Off|p1a: Scizor
|-damage|p1a: Scizor|297\/343
|
|-damage|p2a: Landorus-Therian|240\/320 tox|[from] psn
|turn|29
|
|switch|p2a: Gengar|Gengar, M, shiny|262\/262
|-damage|p2a: Gengar|230\/262|[from] Stealth Rock
|move|p1a: Scizor|Knock Off|p2a: Gengar
|-crit|p2a: Gengar
|-supereffective|p2a: Gengar
|-damage|p2a: Gengar|0 fnt
|-enditem|p2a: Gengar|Life Orb|[from] move: Knock Off|[of] p1a: Scizor
|faint|p2a: Gengar
|
|-message|ferwara forfeited.
|
|win|UrielTest
|raw|Ladder updating...
|leave|ferwara
|player|p2
|raw|UrielTest's rating: 1356 &rarr; <strong>1377<\/strong><br \/>(+21 for winning)
|raw|ferwara's rating: 1361 &rarr; <strong>1341<\/strong><br \/>(-20 for losing)