|join|JediBreaker987
|join|ferwara
|player|p1|JediBreaker987|260
|player|p2|ferwara|169
|gametype|singles
|gen|6
|tier|OU
|rated
|clearpoke
|poke|p1|Crobat, F
|poke|p1|Cinccino, M
|poke|p1|Garchomp, M
|poke|p1|Typhlosion, F
|poke|p1|Escavalier, F
|poke|p1|Togekiss, F
|poke|p2|Whimsicott, M
|poke|p2|Scizor, F
|poke|p2|Gengar, M, shiny
|poke|p2|Smeargle, F
|poke|p2|Espeon, M
|poke|p2|Ditto
|rule|Swagger Clause: Swagger is banned
|rule|Baton Pass Clause: Limit one PokÃ©mon knowing Baton Pass
|rule|Sleep Clause Mod: Limit one foe put to sleep
|rule|Species Clause: Limit one of each PokÃ©mon
|rule|OHKO Clause: OHKO moves are banned
|rule|Moody Clause: Moody is banned
|rule|Evasion Moves Clause: Evasion moves are banned
|rule|Endless Battle Clause: Forcing endless battles is banned
|rule|HP Percentage Mod: HP is shown in percentages
|teampreview
|
|start
|switch|p1a: Cinccino|Cinccino, M|292\/292
|switch|p2a: Whimsicott|Whimsicott, M|324\/324
|turn|1
|
|move|p2a: Whimsicott|Memento|p1a: Cinccino
|-unboost|p1a: Cinccino|atk|2
|-unboost|p1a: Cinccino|spa|2
|faint|p2a: Whimsicott
|move|p1a: Cinccino|Tail Slap|p2: Whimsicott|[notarget]
|-notarget
|
|
|switch|p2a: Smeargle|Smeargle, F|314\/314
|turn|2
|
|switch|p1a: Garchomp|Garchomp, M|420\/420
|move|p2a: Smeargle|Dark Void|p1a: Garchomp
|-status|p1a: Garchomp|slp
|
|turn|3
|
|switch|p1a: Cinccino|Cinccino, M|292\/292
|move|p2a: Smeargle|Geomancy|p2a: Smeargle|[still]
|-prepare|p2a: Smeargle|Geomancy|p2a: Smeargle
|-enditem|p2a: Smeargle|Power Herb
|-anim|p2a: Smeargle|Geomancy|p2a: Smeargle
|-boost|p2a: Smeargle|spa|2
|-boost|p2a: Smeargle|spd|2
|-boost|p2a: Smeargle|spe|2
|
|turn|4
|
|move|p2a: Smeargle|Cotton Guard|p2a: Smeargle
|-boost|p2a: Smeargle|def|3
|move|p1a: Cinccino|Tail Slap|p2a: Smeargle
|-damage|p2a: Smeargle|287\/314
|-damage|p2a: Smeargle|260\/314
|-damage|p2a: Smeargle|233\/314
|-damage|p2a: Smeargle|205\/314
|-damage|p2a: Smeargle|178\/314
|-hitcount|p2a: Smeargle|5
|
|turn|5
|
|move|p2a: Smeargle|Cotton Guard|p2a: Smeargle
|-boost|p2a: Smeargle|def|3
|move|p1a: Cinccino|Tail Slap|p2a: Smeargle|[miss]
|-miss|p1a: Cinccino|p2a: Smeargle
|
|turn|6
|
|switch|p1a: Togekiss|Togekiss, F|312\/312
|move|p2a: Smeargle|Baton Pass|p2a: Smeargle
|
|switch|p2a: Espeon|Espeon, M|334\/334
|
|turn|7
|
|move|p2a: Espeon|Stored Power|p1a: Togekiss
|-damage|p1a: Togekiss|0 fnt
|faint|p1a: Togekiss
|
|
|switch|p1a: Escavalier|Escavalier, F|344\/344
|turn|8
|
|move|p2a: Espeon|Stored Power|p1a: Escavalier
|-resisted|p1a: Escavalier
|-damage|p1a: Escavalier|0 fnt
|faint|p1a: Escavalier
|
|c|âJediBreaker987|wow
|c|âJediBreaker987|this is just
|c|âJediBreaker987|really really sad
|
|switch|p1a: Cinccino|Cinccino, M|292\/292
|turn|9
|
|move|p2a: Espeon|Stored Power|p1a: Cinccino
|-damage|p1a: Cinccino|0 fnt
|faint|p1a: Cinccino
|
|
|switch|p1a: Typhlosion|Typhlosion, F|298\/298
|turn|10
|
|move|p2a: Espeon|Stored Power|p1a: Typhlosion
|-damage|p1a: Typhlosion|0 fnt
|faint|p1a: Typhlosion
|
|
|switch|p1a: Garchomp|Garchomp, M|420\/420 slp
|turn|11
|
|move|p2a: Espeon|Stored Power|p1a: Garchomp
|-damage|p1a: Garchomp|0 fnt
|faint|p1a: Garchomp
|
|
|switch|p1a: Crobat|Crobat, F|312\/312
|turn|12
|
|move|p2a: Espeon|Stored Power|p1a: Crobat
|-supereffective|p1a: Crobat
|-damage|p1a: Crobat|0 fnt
|faint|p1a: Crobat
|
|win|ferwara
|raw|Ladder updating...
|raw|Ladder (probably) updated, but score could not be retrieved (timeout).
|raw|Ladder (probably) updated, but score could not be retrieved (Error: socket hang up).
|leave|ferwara
|player|p2