|join|ferwara
|join|everythings fodder
|player|p1|ferwara|2
|player|p2|everythings fodder|287
|gametype|singles
|gen|6
|tier|OU
|rated
|clearpoke
|poke|p1|Ferrothorn, F
|poke|p1|Landorus-Therian, M
|poke|p1|Chansey, F
|poke|p1|Gengar, M, shiny
|poke|p1|Politoed, F
|poke|p1|Jolteon, M
|poke|p2|Skarmory, F
|poke|p2|Chansey, F
|poke|p2|Quagsire, F
|poke|p2|Venusaur, M
|poke|p2|Mandibuzz, F
|poke|p2|Gothitelle, M
|rule|Swagger Clause: Swagger is banned
|rule|Baton Pass Clause: Limit 3 pokemon knowing Baton Pass
|rule|Sleep Clause Mod: Limit one foe put to sleep
|rule|Species Clause: Limit one of each Pokemon
|rule|OHKO Clause: OHKO moves are banned
|rule|Moody Clause: Moody is banned
|rule|Evasion Moves Clause: Evasion moves are banned
|rule|Endless Battle Clause: Forcing endless battles is banned
|rule|HP Percentage Mod: HP is reported as percentages
|teampreview
|
|start
|switch|p1a: Landorus-Therian|Landorus-Therian, M|320\/320
|switch|p2a: Skarmory|Skarmory, F|334\/334
|-ability|p1a: Landorus-Therian|Intimidate|[of] p2a: Skarmory
|-unboost|p2a: Skarmory|atk|1
|turn|1
|
|move|p1a: Landorus-Therian|U-turn|p2a: Skarmory
|-resisted|p2a: Skarmory
|-damage|p2a: Skarmory|321\/334
|-damage|p1a: Landorus-Therian|267\/320|[from] item: Rocky Helmet|[of] p2a: Skarmory
|
|switch|p1a: Politoed|Politoed, F|384\/384
|-weather|RainDance
|move|p2a: Skarmory|Stealth Rock|p1a: Politoed
|-sidestart|p1: ferwara|move: Stealth Rock
|
|-weather|RainDance|[upkeep]
|turn|2
|
|switch|p2a: Venusaur|Venusaur, M|364\/364
|move|p1a: Politoed|Scald|p2a: Venusaur
|-resisted|p2a: Venusaur
|-damage|p2a: Venusaur|271\/364
|-status|p2a: Venusaur|brn
|
|-weather|RainDance|[upkeep]
|-damage|p2a: Venusaur|226\/364 brn|[from] brn
|turn|3
|
|switch|p2a: Gothitelle|Gothitelle, M|301\/301
|switch|p1a: Ferrothorn|Ferrothorn, F|352\/352
|-damage|p1a: Ferrothorn|330\/352|[from] Stealth Rock
|
|-weather|RainDance|[upkeep]
|turn|4
|
|move|p2a: Gothitelle|Trick|p1a: Ferrothorn
|-activate|p2a: Gothitelle|move: Trick|[of] p1a: Ferrothorn
|-item|p1a: Ferrothorn|Choice Scarf|[from] move: Trick
|-item|p2a: Gothitelle|Rocky Helmet|[from] move: Trick
|move|p1a: Ferrothorn|Gyro Ball|p2a: Gothitelle
|-crit|p2a: Gothitelle
|-damage|p2a: Gothitelle|135\/301
|-damage|p1a: Ferrothorn|272\/352|[from] item: Rocky Helmet|[of] p2a: Gothitelle
|
|-weather|RainDance|[upkeep]
|turn|5
|
|move|p2a: Gothitelle|Hidden Power|p1a: Ferrothorn
|-supereffective|p1a: Ferrothorn
|-damage|p1a: Ferrothorn|176\/352
|move|p1a: Ferrothorn|Gyro Ball|p2a: Gothitelle
|-damage|p2a: Gothitelle|24\/301
|-damage|p1a: Ferrothorn|118\/352|[from] item: Rocky Helmet|[of] p2a: Gothitelle
|
|-weather|none
|turn|6
|
|move|p2a: Gothitelle|Rest|p2a: Gothitelle
|-status|p2a: Gothitelle|slp
|-heal|p2a: Gothitelle|301\/301 slp|[silent]
|-status|p2a: Gothitelle|slp|[from] move: Rest
|move|p1a: Ferrothorn|Gyro Ball|p2a: Gothitelle
|-damage|p2a: Gothitelle|178\/301 slp
|-damage|p1a: Ferrothorn|60\/352|[from] item: Rocky Helmet|[of] p2a: Gothitelle
|
|turn|7
|
|cant|p2a: Gothitelle|slp
|move|p1a: Ferrothorn|Gyro Ball|p2a: Gothitelle
|-damage|p2a: Gothitelle|64\/301 slp
|-damage|p1a: Ferrothorn|2\/352|[from] item: Rocky Helmet|[of] p2a: Gothitelle
|
|turn|8
|
|switch|p2a: Chansey|Chansey, F|704\/704
|move|p1a: Ferrothorn|Gyro Ball|p2a: Chansey
|-damage|p2a: Chansey|619\/704
|
|turn|9
|
|move|p2a: Chansey|Heal Bell|p2a: Chansey
|-cureteam|p2a: Chansey|[from] move: HealBell
|move|p1a: Ferrothorn|Gyro Ball|p2a: Chansey
|-damage|p2a: Chansey|537\/704
|
|turn|10
|
|switch|p2a: Venusaur|Venusaur, M|226\/364
|move|p1a: Ferrothorn|Gyro Ball|p2a: Venusaur
|-damage|p2a: Venusaur|123\/364
|
|turn|11
|
|detailschange|p2a: Venusaur|Venusaur-Mega, M
|message|Venusaur has Mega Evolved into Mega Venusaur!
|move|p2a: Venusaur|Synthesis|p2a: Venusaur
|-heal|p2a: Venusaur|305\/364
|move|p1a: Ferrothorn|Gyro Ball|p2a: Venusaur
|-damage|p2a: Venusaur|227\/364
|
|turn|12
|
|move|p2a: Venusaur|Synthesis|p2a: Venusaur
|-heal|p2a: Venusaur|364\/364
|-activate|p1a: Ferrothorn|move: Struggle
|move|p1a: Ferrothorn|Struggle|p2a: Venusaur
|-damage|p2a: Venusaur|332\/364
|-damage|p1a: Ferrothorn|0 fnt
|faint|p1a: Ferrothorn
|
|
|switch|p1a: Gengar|Gengar, M, shiny|262\/262
|-damage|p1a: Gengar|230\/262|[from] Stealth Rock
|turn|13
|
|switch|p2a: Mandibuzz|Mandibuzz, F|424\/424
|move|p1a: Gengar|Substitute|p1a: Gengar
|-start|p1a: Gengar|Substitute
|-damage|p1a: Gengar|165\/262
|
|turn|14
|
|move|p1a: Gengar|Shadow Ball|p2a: Mandibuzz
|-resisted|p2a: Mandibuzz
|-damage|p2a: Mandibuzz|355\/424
|-damage|p1a: Gengar|139\/262|[from] item: Life Orb
|move|p2a: Mandibuzz|Knock Off|p1a: Gengar
|-supereffective|p1a: Gengar
|-end|p1a: Gengar|Substitute
|
|-heal|p2a: Mandibuzz|381\/424|[from] item: Leftovers
|turn|15
|-message|ferwara forfeited.
|
|win|everythings fodder
|raw|Ladder updating...
|leave|ferwara
|player|p1
|raw|ferwara's rating: 1669 &rarr; <strong>1645<\/strong><br \/>(-24 for losing)
|raw|everythings fodder's rating: 1598 &rarr; <strong>1622<\/strong><br \/>(+24 for winning)