|join|feng
|join|Tuatara30
|player|p1|feng|23
|player|p2|Tuatara30|2
|gametype|singles
|gen|6
|tier|UU
|rated
|rule|Sleep Clause Mod: Limit one foe put to sleep
|rule|Species Clause: Limit one of each PokÃ©mon
|rule|OHKO Clause: OHKO moves are banned
|rule|Moody Clause: Moody is banned
|rule|Evasion Moves Clause: Evasion moves are banned
|rule|Endless Battle Clause: Forcing endless battles is banned
|rule|HP Percentage Mod: HP is shown in percentages
|clearpoke
|poke|p1|Zygarde
|poke|p1|Jellicent, M
|poke|p1|Blissey, F
|poke|p1|Aromatisse, F
|poke|p1|Dragalge, F
|poke|p1|Forretress, F
|poke|p2|Beedrill, M
|poke|p2|Empoleon, F
|poke|p2|Zygarde
|poke|p2|Rotom-Heat
|poke|p2|Hydreigon, M
|poke|p2|Machamp, M
|rule|Swagger Clause: Swagger is banned
|rule|Baton Pass Clause: Limit one PokÃ©mon knowing Baton Pass
|teampreview
|
|start
|switch|p1a: Omnicron|Forretress, F|354\/354
|switch|p2a: Rotom-Heat|Rotom-Heat|303\/303
|turn|1
|
|switch|p1a: Delta|Dragalge, F|334\/334
|move|p2a: Rotom-Heat|Will-O-Wisp|p1a: Delta
|-status|p1a: Delta|brn
|
|-damage|p1a: Delta|293\/334 brn|[from] brn
|turn|2
|
|move|p2a: Rotom-Heat|Volt Switch|p1a: Delta
|-resisted|p1a: Delta
|-damage|p1a: Delta|265\/334 brn
|
|switch|p2a: Empoleon|Empoleon, F|371\/371
|move|p1a: Delta|Toxic Spikes|p2a: Empoleon
|-sidestart|p2: Tuatara30|move: Toxic Spikes
|
|-heal|p1a: Delta|285\/334 brn|[from] item: Black Sludge
|-damage|p1a: Delta|244\/334 brn|[from] brn
|turn|3
|
|switch|p1a: Tau|Jellicent, M|394\/394
|move|p2a: Empoleon|Stealth Rock|p1a: Tau
|-sidestart|p1: feng|move: Stealth Rock
|
|turn|4
|
|switch|p2a: Hydreigon|Hydreigon, M|325\/325
|move|p1a: Tau|Will-O-Wisp|p2a: Hydreigon
|-status|p2a: Hydreigon|brn
|
|-damage|p2a: Hydreigon|285\/325 brn|[from] brn
|turn|5
|
|switch|p1a: Rho|Blissey, F|714\/714
|-damage|p1a: Rho|625\/714|[from] Stealth Rock
|move|p2a: Hydreigon|U-turn|p1a: Rho
|-damage|p1a: Rho|574\/714
|
|switch|p2a: Beedrill|Beedrill, M|271\/271
|-sideend|p2: Tuatara30|move: Toxic Spikes|[of] p2a: Beedrill
|
|-heal|p1a: Rho|618\/714|[from] item: Leftovers
|turn|6
|
|detailschange|p2a: Beedrill|Beedrill-Mega, M
|-mega|p2a: Beedrill|Beedrill|Beedrillite
|move|p1a: Rho|Protect|p1a: Rho
|-singleturn|p1a: Rho|Protect
|move|p2a: Beedrill|U-turn|p1a: Rho
|-activate|p1a: Rho|Protect
|
|-heal|p1a: Rho|662\/714|[from] item: Leftovers
|turn|7
|
|move|p2a: Beedrill|U-turn|p1a: Rho
|-damage|p1a: Rho|320\/714
|
|switch|p2a: Machamp|Machamp, M|364\/364
|move|p1a: Rho|Counter|p2a: Machamp
|-damage|p2a: Machamp|0 fnt
|faint|p2a: Machamp
|
|-heal|p1a: Rho|364\/714|[from] item: Leftovers
|
|switch|p2a: Beedrill|Beedrill-Mega, M|271\/271
|turn|8
|
|move|p1a: Rho|Protect|p1a: Rho
|-singleturn|p1a: Rho|Protect
|move|p2a: Beedrill|U-turn|p1a: Rho
|-activate|p1a: Rho|Protect
|
|-heal|p1a: Rho|408\/714|[from] item: Leftovers
|turn|9
|
|switch|p1a: Omnicron|Forretress, F|354\/354
|-damage|p1a: Omnicron|310\/354|[from] Stealth Rock
|move|p2a: Beedrill|Poison Jab|p1a: Omnicron
|-immune|p1a: Omnicron|[msg]
|
|-heal|p1a: Omnicron|332\/354|[from] item: Leftovers
|turn|10
|
|move|p2a: Beedrill|U-turn|p1a: Omnicron
|-crit|p1a: Omnicron
|-resisted|p1a: Omnicron
|-damage|p1a: Omnicron|253\/354
|
|switch|p2a: Zygarde|Zygarde|419\/419
|-ability|p2a: Zygarde|Aura Break
|move|p1a: Omnicron|Rapid Spin|p2a: Zygarde
|-damage|p2a: Zygarde|409\/419
|-sideend|p1: feng|Stealth Rock|[from] move: Rapid Spin|[of] p1a: Omnicron
|
|-heal|p2a: Zygarde|419\/419|[from] item: Leftovers
|-heal|p1a: Omnicron|275\/354|[from] item: Leftovers
|turn|11
|
|switch|p1a: Alpha|Aromatisse, F|406\/406
|move|p2a: Zygarde|Substitute|p2a: Zygarde
|-start|p2a: Zygarde|Substitute
|-damage|p2a: Zygarde|315\/419
|
|-heal|p2a: Zygarde|341\/419|[from] item: Leftovers
|turn|12
|
|move|p2a: Zygarde|Earthquake|p1a: Alpha
|-damage|p1a: Alpha|282\/406
|move|p1a: Alpha|Moonblast|p2a: Zygarde
|-supereffective|p2a: Zygarde
|-end|p2a: Zygarde|Substitute
|
|-heal|p2a: Zygarde|367\/419|[from] item: Leftovers
|-heal|p1a: Alpha|307\/406|[from] item: Leftovers
|turn|13
|
|switch|p2a: Beedrill|Beedrill-Mega, M|271\/271
|move|p1a: Alpha|Wish|p1a: Alpha
|
|-heal|p1a: Alpha|332\/406|[from] item: Leftovers
|turn|14
|
|switch|p1a: Omnicron|Forretress, F|275\/354
|move|p2a: Beedrill|Poison Jab|p1a: Omnicron
|-immune|p1a: Omnicron|[msg]
|
|-heal|p1a: Omnicron|354\/354|[from] move: Wish|[wisher] Alpha
|turn|15
|
|move|p2a: Beedrill|U-turn|p1a: Omnicron
|-resisted|p1a: Omnicron
|-damage|p1a: Omnicron|305\/354
|
|switch|p2a: Empoleon|Empoleon, F|371\/371
|move|p1a: Omnicron|Toxic|p2a: Empoleon
|-fail|p2a: Empoleon
|
|-heal|p1a: Omnicron|327\/354|[from] item: Leftovers
|turn|16
|
|move|p2a: Empoleon|Stealth Rock|p1a: Omnicron
|-sidestart|p1: feng|move: Stealth Rock
|move|p1a: Omnicron|Stealth Rock|p2a: Empoleon
|-sidestart|p2: Tuatara30|move: Stealth Rock
|
|-heal|p1a: Omnicron|349\/354|[from] item: Leftovers
|turn|17
|
|switch|p2a: Zygarde|Zygarde|367\/419
|-damage|p2a: Zygarde|341\/419|[from] Stealth Rock
|-ability|p2a: Zygarde|Aura Break
|move|p1a: Omnicron|Toxic|p2a: Zygarde
|-status|p2a: Zygarde|tox
|
|-heal|p2a: Zygarde|367\/419 tox|[from] item: Leftovers
|-heal|p1a: Omnicron|354\/354|[from] item: Leftovers
|-damage|p2a: Zygarde|341\/419 tox|[from] psn
|turn|18
|
|move|p2a: Zygarde|Coil|p2a: Zygarde
|-boost|p2a: Zygarde|atk|1
|-boost|p2a: Zygarde|def|1
|-boost|p2a: Zygarde|accuracy|1
|move|p1a: Omnicron|Rapid Spin|p2a: Zygarde
|-damage|p2a: Zygarde|334\/419 tox
|-sideend|p1: feng|Stealth Rock|[from] move: Rapid Spin|[of] p1a: Omnicron
|
|-heal|p2a: Zygarde|360\/419 tox|[from] item: Leftovers
|-damage|p2a: Zygarde|308\/419 tox|[from] psn
|turn|19
|
|switch|p2a: Empoleon|Empoleon, F|371\/371
|-damage|p2a: Empoleon|348\/371|[from] Stealth Rock
|switch|p1a: Zeta|Zygarde|405\/405
|-ability|p1a: Zeta|Aura Break
|
|-heal|p2a: Empoleon|371\/371|[from] item: Leftovers
|turn|20
|
|switch|p2a: Hydreigon|Hydreigon, M|285\/325 brn
|-damage|p2a: Hydreigon|245\/325 brn|[from] Stealth Rock
|move|p1a: Zeta|Earthquake|p2a: Hydreigon
|-immune|p2a: Hydreigon|[msg]
|
|-damage|p2a: Hydreigon|205\/325 brn|[from] brn
|turn|21
|
|switch|p1a: Rho|Blissey, F|408\/714
|move|p2a: Hydreigon|U-turn|p1a: Rho
|-damage|p1a: Rho|360\/714
|
|switch|p2a: Beedrill|Beedrill-Mega, M|271\/271
|-damage|p2a: Beedrill|204\/271|[from] Stealth Rock
|
|-heal|p1a: Rho|404\/714|[from] item: Leftovers
|turn|22
|
|move|p1a: Rho|Protect|p1a: Rho
|-singleturn|p1a: Rho|Protect
|move|p2a: Beedrill|Poison Jab|p1a: Rho
|-activate|p1a: Rho|Protect
|
|-heal|p1a: Rho|448\/714|[from] item: Leftovers
|turn|23
|
|switch|p1a: Omnicron|Forretress, F|354\/354
|move|p2a: Beedrill|U-turn|p1a: Omnicron
|-resisted|p1a: Omnicron
|-damage|p1a: Omnicron|301\/354
|
|switch|p2a: Empoleon|Empoleon, F|371\/371
|-damage|p2a: Empoleon|348\/371|[from] Stealth Rock
|
|-heal|p2a: Empoleon|371\/371|[from] item: Leftovers
|-heal|p1a: Omnicron|323\/354|[from] item: Leftovers
|turn|24
|
|move|p2a: Empoleon|Defog|p1a: Omnicron
|-unboost|p1a: Omnicron|evasion|1
|-sideend|p2: Tuatara30|Stealth Rock|[from] move: Defog|[of] p2a: Empoleon
|move|p1a: Omnicron|Volt Switch|p2a: Empoleon
|-supereffective|p2a: Empoleon
|-damage|p2a: Empoleon|323\/371
|
|switch|p1a: Tau|Jellicent, M|394\/394
|
|-heal|p2a: Empoleon|346\/371|[from] item: Leftovers
|turn|25
|
|switch|p2a: Hydreigon|Hydreigon, M|205\/325 brn
|move|p1a: Tau|Taunt|p2a: Hydreigon
|-start|p2a: Hydreigon|move: Taunt
|
|-damage|p2a: Hydreigon|165\/325 brn|[from] brn
|turn|26
|
|switch|p1a: Rho|Blissey, F|448\/714
|move|p2a: Hydreigon|U-turn|p1a: Rho
|-damage|p1a: Rho|396\/714
|
|switch|p2a: Beedrill|Beedrill-Mega, M|204\/271
|
|-heal|p1a: Rho|440\/714|[from] item: Leftovers
|turn|27
|
|move|p1a: Rho|Protect|p1a: Rho
|-singleturn|p1a: Rho|Protect
|move|p2a: Beedrill|U-turn|p1a: Rho
|-activate|p1a: Rho|Protect
|
|-heal|p1a: Rho|484\/714|[from] item: Leftovers
|turn|28
|
|switch|p1a: Omnicron|Forretress, F|323\/354
|move|p2a: Beedrill|U-turn|p1a: Omnicron
|-resisted|p1a: Omnicron
|-damage|p1a: Omnicron|265\/354
|
|switch|p2a: Rotom-Heat|Rotom-Heat|303\/303
|
|-heal|p1a: Omnicron|287\/354|[from] item: Leftovers
|turn|29
|
|switch|p1a: Rho|Blissey, F|484\/714
|move|p2a: Rotom-Heat|Volt Switch|p1a: Rho
|-damage|p1a: Rho|417\/714
|
|switch|p2a: Beedrill|Beedrill-Mega, M|204\/271
|
|-heal|p1a: Rho|461\/714|[from] item: Leftovers
|turn|30
|
|move|p1a: Rho|Protect|p1a: Rho
|-singleturn|p1a: Rho|Protect
|move|p2a: Beedrill|U-turn|p1a: Rho
|-activate|p1a: Rho|Protect
|
|-heal|p1a: Rho|505\/714|[from] item: Leftovers
|turn|31
|
|switch|p1a: Omnicron|Forretress, F|287\/354
|move|p2a: Beedrill|U-turn|p1a: Omnicron
|-resisted|p1a: Omnicron
|-damage|p1a: Omnicron|232\/354
|
|switch|p2a: Rotom-Heat|Rotom-Heat|303\/303
|
|-heal|p1a: Omnicron|254\/354|[from] item: Leftovers
|turn|32
|
|switch|p1a: Zeta|Zygarde|405\/405
|-ability|p1a: Zeta|Aura Break
|move|p2a: Rotom-Heat|Will-O-Wisp|p1a: Zeta
|-status|p1a: Zeta|brn
|
|-damage|p1a: Zeta|355\/405 brn|[from] brn
|turn|33
|
|switch|p1a: Rho|Blissey, F|505\/714
|move|p2a: Rotom-Heat|Hidden Power|p1a: Rho
|-damage|p1a: Rho|464\/714
|
|-heal|p1a: Rho|508\/714|[from] item: Leftovers
|turn|34
|
|move|p2a: Rotom-Heat|Volt Switch|p1a: Rho
|-damage|p1a: Rho|438\/714
|
|switch|p2a: Beedrill|Beedrill-Mega, M|204\/271
|move|p1a: Rho|Wish|p1a: Rho
|
|-heal|p1a: Rho|482\/714|[from] item: Leftovers
|turn|35
|
|move|p1a: Rho|Protect|p1a: Rho
|-singleturn|p1a: Rho|Protect
|move|p2a: Beedrill|U-turn|p1a: Rho
|-activate|p1a: Rho|Protect
|
|-heal|p1a: Rho|714\/714|[from] move: Wish|[wisher] Rho
|turn|36
|
|move|p2a: Beedrill|U-turn|p1a: Rho
|-damage|p1a: Rho|394\/714
|
|switch|p2a: Zygarde|Zygarde|308\/419 tox
|-ability|p2a: Zygarde|Aura Break
|move|p1a: Rho|Counter|p2a: Zygarde
|-damage|p2a: Zygarde|0 fnt
|faint|p2a: Zygarde
|
|-heal|p1a: Rho|438\/714|[from] item: Leftovers
|
|switch|p2a: Beedrill|Beedrill-Mega, M|204\/271
|turn|37
|
|move|p1a: Rho|Protect|p1a: Rho
|-singleturn|p1a: Rho|Protect
|move|p2a: Beedrill|U-turn|p1a: Rho
|-activate|p1a: Rho|Protect
|
|-heal|p1a: Rho|482\/714|[from] item: Leftovers
|turn|38
|
|switch|p1a: Omnicron|Forretress, F|254\/354
|move|p2a: Beedrill|Poison Jab|p1a: Omnicron
|-immune|p1a: Omnicron|[msg]
|
|-heal|p1a: Omnicron|276\/354|[from] item: Leftovers
|turn|39
|
|move|p2a: Beedrill|U-turn|p1a: Omnicron
|-resisted|p1a: Omnicron
|-damage|p1a: Omnicron|218\/354
|
|switch|p2a: Empoleon|Empoleon, F|346\/371
|move|p1a: Omnicron|Volt Switch|p2a: Empoleon
|-supereffective|p2a: Empoleon
|-damage|p2a: Empoleon|296\/371
|
|switch|p1a: Alpha|Aromatisse, F|332\/406
|
|-heal|p2a: Empoleon|319\/371|[from] item: Leftovers
|-heal|p1a: Alpha|357\/406|[from] item: Leftovers
|turn|40
|
|move|p2a: Empoleon|Stealth Rock|p1a: Alpha
|-sidestart|p1: feng|move: Stealth Rock
|move|p1a: Alpha|Aromatherapy|p1a: Alpha
|-cureteam|p1a: Alpha|[from] move: Aromatherapy
|
|-heal|p2a: Empoleon|342\/371|[from] item: Leftovers
|-heal|p1a: Alpha|382\/406|[from] item: Leftovers
|turn|41
|
|move|p2a: Empoleon|Scald|p1a: Alpha
|-damage|p1a: Alpha|274\/406
|move|p1a: Alpha|Wish|p1a: Alpha
|
|-heal|p2a: Empoleon|365\/371|[from] item: Leftovers
|-heal|p1a: Alpha|299\/406|[from] item: Leftovers
|turn|42
|
|switch|p1a: Tau|Jellicent, M|394\/394
|-damage|p1a: Tau|345\/394|[from] Stealth Rock
|move|p2a: Empoleon|Roar|p1a: Tau
|drag|p1a: Rho|Blissey, F|482\/714
|-damage|p1a: Rho|393\/714|[from] Stealth Rock
|
|-heal|p1a: Rho|596\/714|[from] move: Wish|[wisher] Alpha
|-heal|p2a: Empoleon|371\/371|[from] item: Leftovers
|-heal|p1a: Rho|640\/714|[from] item: Leftovers
|turn|43
|c|âTuatara30|that luck though lol
|c|âfeng|right
|c|âTuatara30|Don't tell me you were predicting roar?
|c|âfeng|i was
|
|switch|p2a: Rotom-Heat|Rotom-Heat|303\/303
|move|p1a: Rho|Wish|p1a: Rho
|
|-heal|p1a: Rho|684\/714|[from] item: Leftovers
|turn|44
|
|move|p2a: Rotom-Heat|Will-O-Wisp|p1a: Rho|[miss]
|-miss|p2a: Rotom-Heat|p1a: Rho
|move|p1a: Rho|Seismic Toss|p2a: Rotom-Heat
|-damage|p2a: Rotom-Heat|203\/303
|
|-heal|p1a: Rho|714\/714|[from] move: Wish|[wisher] Rho
|-heal|p2a: Rotom-Heat|221\/303|[from] item: Leftovers
|turn|45
|
|move|p2a: Rotom-Heat|Will-O-Wisp|p1a: Rho
|-status|p1a: Rho|brn
|move|p1a: Rho|Seismic Toss|p2a: Rotom-Heat
|-damage|p2a: Rotom-Heat|121\/303
|
|-heal|p2a: Rotom-Heat|139\/303|[from] item: Leftovers
|-damage|p1a: Rho|625\/714 brn|[from] brn
|turn|46
|
|switch|p2a: Beedrill|Beedrill-Mega, M|204\/271
|move|p1a: Rho|Wish|p1a: Rho
|
|-heal|p1a: Rho|669\/714 brn|[from] item: Leftovers
|-damage|p1a: Rho|580\/714 brn|[from] brn
|turn|47
|
|switch|p1a: Omnicron|Forretress, F|218\/354
|-damage|p1a: Omnicron|174\/354|[from] Stealth Rock
|move|p2a: Beedrill|U-turn|p1a: Omnicron
|-resisted|p1a: Omnicron
|-damage|p1a: Omnicron|125\/354
|
|switch|p2a: Rotom-Heat|Rotom-Heat|139\/303
|
|-heal|p1a: Omnicron|354\/354|[from] move: Wish|[wisher] Rho
|-heal|p2a: Rotom-Heat|157\/303|[from] item: Leftovers
|turn|48
|
|switch|p1a: Delta|Dragalge, F|244\/334
|-damage|p1a: Delta|203\/334|[from] Stealth Rock
|move|p2a: Rotom-Heat|Overheat|p1a: Delta
|-resisted|p1a: Delta
|-damage|p1a: Delta|153\/334
|-unboost|p2a: Rotom-Heat|spa|2
|
|-heal|p2a: Rotom-Heat|175\/303|[from] item: Leftovers
|-heal|p1a: Delta|173\/334|[from] item: Black Sludge
|turn|49
|
|switch|p1a: Zeta|Zygarde|355\/405
|-damage|p1a: Zeta|330\/405|[from] Stealth Rock
|-ability|p1a: Zeta|Aura Break
|move|p2a: Rotom-Heat|Will-O-Wisp|p1a: Zeta
|-status|p1a: Zeta|brn
|
|-heal|p1a: Zeta|355\/405 brn|[from] item: Leftovers
|-heal|p2a: Rotom-Heat|193\/303|[from] item: Leftovers
|-damage|p1a: Zeta|305\/405 brn|[from] brn
|turn|50
|c|âTuatara30|if only I made these sorts of predictions when I'm actually in a better position
|
|switch|p2a: Beedrill|Beedrill-Mega, M|204\/271
|move|p1a: Zeta|Dragon Tail|p2a: Beedrill
|-damage|p2a: Beedrill|126\/271
|drag|p2a: Rotom-Heat|Rotom-Heat|193\/303
|
|-heal|p1a: Zeta|330\/405 brn|[from] item: Leftovers
|-heal|p2a: Rotom-Heat|211\/303|[from] item: Leftovers
|-damage|p1a: Zeta|280\/405 brn|[from] brn
|turn|51
|
|switch|p1a: Rho|Blissey, F|580\/714
|-damage|p1a: Rho|491\/714|[from] Stealth Rock
|move|p2a: Rotom-Heat|Volt Switch|p1a: Rho
|-damage|p1a: Rho|425\/714
|
|switch|p2a: Beedrill|Beedrill-Mega, M|126\/271
|
|-heal|p1a: Rho|469\/714|[from] item: Leftovers
|turn|52
|
|move|p1a: Rho|Protect|p1a: Rho
|-singleturn|p1a: Rho|Protect
|move|p2a: Beedrill|U-turn|p1a: Rho
|-activate|p1a: Rho|Protect
|
|-heal|p1a: Rho|513\/714|[from] item: Leftovers
|turn|53
|
|switch|p1a: Tau|Jellicent, M|345\/394
|-damage|p1a: Tau|296\/394|[from] Stealth Rock
|move|p2a: Beedrill|U-turn|p1a: Tau
|-resisted|p1a: Tau
|-damage|p1a: Tau|205\/394
|
|switch|p2a: Rotom-Heat|Rotom-Heat|211\/303
|
|-heal|p2a: Rotom-Heat|229\/303|[from] item: Leftovers
|-heal|p1a: Tau|229\/394|[from] item: Leftovers
|turn|54
|
|move|p2a: Rotom-Heat|Volt Switch|p1a: Tau
|-supereffective|p1a: Tau
|-damage|p1a: Tau|71\/394
|
|switch|p2a: Empoleon|Empoleon, F|371\/371
|move|p1a: Tau|Scald|p2a: Empoleon
|-resisted|p2a: Empoleon
|-damage|p2a: Empoleon|344\/371
|
|-heal|p1a: Tau|95\/394|[from] item: Leftovers
|-heal|p2a: Empoleon|367\/371|[from] item: Leftovers
|turn|55
|
|switch|p2a: Rotom-Heat|Rotom-Heat|229\/303
|move|p1a: Tau|Recover|p1a: Tau
|-heal|p1a: Tau|292\/394
|
|-heal|p2a: Rotom-Heat|247\/303|[from] item: Leftovers
|-heal|p1a: Tau|316\/394|[from] item: Leftovers
|turn|56
|
|move|p2a: Rotom-Heat|Volt Switch|p1a: Tau
|-supereffective|p1a: Tau
|-damage|p1a: Tau|136\/394
|
|switch|p2a: Hydreigon|Hydreigon, M|165\/325 brn
|move|p1a: Tau|Scald|p2a: Hydreigon
|-resisted|p2a: Hydreigon
|-damage|p2a: Hydreigon|117\/325 brn
|
|-heal|p1a: Tau|160\/394|[from] item: Leftovers
|-damage|p2a: Hydreigon|77\/325 brn|[from] brn
|turn|57
|
|move|p2a: Hydreigon|U-turn|p1a: Tau
|-resisted|p1a: Tau
|-damage|p1a: Tau|147\/394
|
|switch|p2a: Empoleon|Empoleon, F|367\/371
|move|p1a: Tau|Recover|p1a: Tau
|-heal|p1a: Tau|344\/394
|
|-heal|p1a: Tau|368\/394|[from] item: Leftovers
|-heal|p2a: Empoleon|371\/371|[from] item: Leftovers
|turn|58
|
|move|p1a: Tau|Will-O-Wisp|p2a: Empoleon
|-status|p2a: Empoleon|brn
|move|p2a: Empoleon|Roar|p1a: Tau
|drag|p1a: Alpha|Aromatisse, F|299\/406
|-damage|p1a: Alpha|249\/406|[from] Stealth Rock
|
|-heal|p1a: Alpha|274\/406|[from] item: Leftovers
|-damage|p2a: Empoleon|325\/371 brn|[from] brn
|turn|59
|
|switch|p2a: Beedrill|Beedrill-Mega, M|126\/271
|move|p1a: Alpha|Wish|p1a: Alpha
|
|-heal|p1a: Alpha|299\/406|[from] item: Leftovers
|turn|60
|
|switch|p1a: Delta|Dragalge, F|173\/334
|-damage|p1a: Delta|132\/334|[from] Stealth Rock
|move|p2a: Beedrill|Poison Jab|p1a: Delta
|-resisted|p1a: Delta
|-damage|p1a: Delta|15\/334
|
|-heal|p1a: Delta|218\/334|[from] move: Wish|[wisher] Alpha
|-heal|p1a: Delta|238\/334|[from] item: Black Sludge
|turn|61
|
|move|p2a: Beedrill|Drill Run|p1a: Delta
|-crit|p1a: Delta
|-supereffective|p1a: Delta
|-damage|p1a: Delta|0 fnt
|faint|p1a: Delta
|
|
|switch|p1a: Omnicron|Forretress, F|354\/354
|-damage|p1a: Omnicron|310\/354|[from] Stealth Rock
|turn|62
|
|move|p2a: Beedrill|U-turn|p1a: Omnicron
|-resisted|p1a: Omnicron
|-damage|p1a: Omnicron|254\/354
|
|switch|p2a: Rotom-Heat|Rotom-Heat|247\/303
|move|p1a: Omnicron|Stealth Rock|p2a: Rotom-Heat
|-sidestart|p2: Tuatara30|move: Stealth Rock
|
|-heal|p2a: Rotom-Heat|265\/303|[from] item: Leftovers
|-heal|p1a: Omnicron|276\/354|[from] item: Leftovers
|turn|63
|
|switch|p1a: Rho|Blissey, F|513\/714
|-damage|p1a: Rho|424\/714|[from] Stealth Rock
|move|p2a: Rotom-Heat|Volt Switch|p1a: Rho
|-damage|p1a: Rho|361\/714
|
|switch|p2a: Empoleon|Empoleon, F|325\/371 brn
|-damage|p2a: Empoleon|302\/371 brn|[from] Stealth Rock
|
|-heal|p2a: Empoleon|325\/371 brn|[from] item: Leftovers
|-heal|p1a: Rho|405\/714|[from] item: Leftovers
|-damage|p2a: Empoleon|279\/371 brn|[from] brn
|turn|64
|
|move|p1a: Rho|Protect|p1a: Rho
|-singleturn|p1a: Rho|Protect
|move|p2a: Empoleon|Defog|p1a: Rho
|-activate|p1a: Rho|Protect
|
|-heal|p2a: Empoleon|302\/371 brn|[from] item: Leftovers
|-heal|p1a: Rho|449\/714|[from] item: Leftovers
|-damage|p2a: Empoleon|256\/371 brn|[from] brn
|turn|65
|
|move|p2a: Empoleon|Defog|p1a: Rho
|-unboost|p1a: Rho|evasion|1
|-sideend|p1: feng|Stealth Rock|[from] move: Defog|[of] p1a: Rho
|-sideend|p2: Tuatara30|Stealth Rock|[from] move: Defog|[of] p2a: Empoleon
|move|p1a: Rho|Seismic Toss|p2a: Empoleon
|-damage|p2a: Empoleon|156\/371 brn
|
|-heal|p2a: Empoleon|179\/371 brn|[from] item: Leftovers
|-heal|p1a: Rho|493\/714|[from] item: Leftovers
|-damage|p2a: Empoleon|133\/371 brn|[from] brn
|turn|66
|
|move|p2a: Empoleon|Scald|p1a: Rho
|-damage|p1a: Rho|420\/714
|-status|p1a: Rho|brn
|move|p1a: Rho|Seismic Toss|p2a: Empoleon
|-damage|p2a: Empoleon|33\/371 brn
|
|-heal|p2a: Empoleon|56\/371 brn|[from] item: Leftovers
|-heal|p1a: Rho|464\/714 brn|[from] item: Leftovers
|-damage|p2a: Empoleon|10\/371 brn|[from] brn
|-damage|p1a: Rho|375\/714 brn|[from] brn
|turn|67
|
|move|p2a: Empoleon|Stealth Rock|p1a: Rho
|-sidestart|p1: feng|move: Stealth Rock
|move|p1a: Rho|Wish|p1a: Rho
|
|-heal|p2a: Empoleon|33\/371 brn|[from] item: Leftovers
|-heal|p1a: Rho|419\/714 brn|[from] item: Leftovers
|-damage|p2a: Empoleon|0 fnt|[from] brn
|-damage|p1a: Rho|330\/714 brn|[from] brn
|faint|p2a: Empoleon
|
|switch|p2a: Beedrill|Beedrill-Mega, M|126\/271
|turn|68
|
|move|p1a: Rho|Protect|p1a: Rho
|-singleturn|p1a: Rho|Protect
|move|p2a: Beedrill|U-turn|p1a: Rho
|-activate|p1a: Rho|Protect
|
|-heal|p1a: Rho|687\/714 brn|[from] move: Wish|[wisher] Rho
|-heal|p1a: Rho|714\/714 brn|[from] item: Leftovers
|-damage|p1a: Rho|625\/714 brn|[from] brn
|turn|69
|
|switch|p1a: Tau|Jellicent, M|368\/394
|-damage|p1a: Tau|319\/394|[from] Stealth Rock
|move|p2a: Beedrill|Poison Jab|p1a: Tau
|-resisted|p1a: Tau
|-damage|p1a: Tau|221\/394
|-status|p1a: Tau|psn
|
|-heal|p1a: Tau|245\/394 psn|[from] item: Leftovers
|-damage|p1a: Tau|196\/394 psn|[from] psn
|turn|70
|
|move|p2a: Beedrill|U-turn|p1a: Tau
|-crit|p1a: Tau
|-resisted|p1a: Tau
|-damage|p1a: Tau|81\/394 psn
|
|switch|p2a: Hydreigon|Hydreigon, M|77\/325 brn
|move|p1a: Tau|Recover|p1a: Tau
|-heal|p1a: Tau|278\/394 psn
|
|-heal|p1a: Tau|302\/394 psn|[from] item: Leftovers
|-damage|p2a: Hydreigon|37\/325 brn|[from] brn
|-damage|p1a: Tau|253\/394 psn|[from] psn
|turn|71
|
|switch|p1a: Rho|Blissey, F|625\/714
|-damage|p1a: Rho|536\/714|[from] Stealth Rock
|move|p2a: Hydreigon|U-turn|p1a: Rho
|-damage|p1a: Rho|481\/714
|
|switch|p2a: Beedrill|Beedrill-Mega, M|126\/271
|
|-heal|p1a: Rho|525\/714|[from] item: Leftovers
|turn|72
|
|move|p2a: Beedrill|Poison Jab|p1a: Rho
|-damage|p1a: Rho|135\/714
|move|p1a: Rho|Wish|p1a: Rho
|
|-heal|p1a: Rho|179\/714|[from] item: Leftovers
|turn|73
|
|move|p1a: Rho|Protect|p1a: Rho
|-singleturn|p1a: Rho|Protect
|move|p2a: Beedrill|U-turn|p1a: Rho
|-activate|p1a: Rho|Protect
|
|-heal|p1a: Rho|536\/714|[from] move: Wish|[wisher] Rho
|-heal|p1a: Rho|580\/714|[from] item: Leftovers
|turn|74
|
|move|p2a: Beedrill|U-turn|p1a: Rho
|-damage|p1a: Rho|228\/714
|
|switch|p2a: Hydreigon|Hydreigon, M|37\/325 brn
|move|p1a: Rho|Wish|p1a: Rho
|
|-heal|p1a: Rho|272\/714|[from] item: Leftovers
|-damage|p2a: Hydreigon|0 fnt|[from] brn
|faint|p2a: Hydreigon
|c|âTuatara30|gg, was an uphill battle after machamp went down
|-message|Tuatara30 forfeited.
|
|win|feng
|raw|Ladder updating...
|leave|Tuatara30
|player|p2
|raw|feng's rating: 1775 &rarr; <strong>1787<\/strong><br \/>(+12 for winning)
|raw|Tuatara30's rating: 1619 &rarr; <strong>1607<\/strong><br \/>(-12 for losing)