|join|Tuatara30
|join|feng the bob
|player|p1|Tuatara30|2
|player|p2|feng the bob|23
|gametype|singles
|gen|6
|tier|UU
|rated
|rule|Sleep Clause Mod: Limit one foe put to sleep
|rule|Species Clause: Limit one of each PokÃ©mon
|rule|OHKO Clause: OHKO moves are banned
|rule|Moody Clause: Moody is banned
|rule|Evasion Moves Clause: Evasion moves are banned
|rule|Endless Battle Clause: Forcing endless battles is banned
|rule|HP Percentage Mod: HP is shown in percentages
|clearpoke
|poke|p1|Beedrill, F
|poke|p1|Empoleon, F
|poke|p1|Zygarde
|poke|p1|Rotom-Heat
|poke|p1|Hydreigon, F
|poke|p1|Machamp, F
|poke|p2|Swampert, M
|poke|p2|Crobat, M
|poke|p2|Jirachi
|poke|p2|Suicune
|poke|p2|Zygarde
|poke|p2|Machamp, M
|rule|Swagger Clause: Swagger is banned
|rule|Baton Pass Clause: Limit one PokÃ©mon knowing Baton Pass
|teampreview
|c|âTuatara30|alt account?
|c|âfeng the bob|idk
|
|start
|switch|p1a: Rotom-Heat|Rotom-Heat|303\/303
|switch|p2a: Machamp|Machamp, M|321\/321
|turn|1
|c|âTuatara30|puts me at a bit of a disadvantage then
|
|move|p2a: Machamp|Close Combat|p1a: Rotom-Heat
|-damage|p1a: Rotom-Heat|54\/303
|-unboost|p2a: Machamp|def|1
|-unboost|p2a: Machamp|spd|1
|move|p1a: Rotom-Heat|Volt Switch|p2a: Machamp
|-damage|p2a: Machamp|159\/321
|
|switch|p1a: Beedrill|Beedrill, F|271\/271
|
|turn|2
|
|switch|p2a: Crobat|Crobat, M|325\/325
|detailschange|p1a: Beedrill|Beedrill-Mega, F
|-mega|p1a: Beedrill|Beedrill|Beedrillite
|move|p1a: Beedrill|U-turn|p2a: Crobat
|-resisted|p2a: Crobat
|-damage|p2a: Crobat|273\/325
|
|switch|p1a: Hydreigon|Hydreigon, F|325\/325
|
|-heal|p2a: Crobat|293\/325|[from] item: Black Sludge
|turn|3
|
|switch|p2a: Suicune|Suicune|404\/404
|-ability|p2a: Suicune|Pressure
|move|p1a: Hydreigon|Draco Meteor|p2a: Suicune
|-damage|p2a: Suicune|211\/404
|-unboost|p1a: Hydreigon|spa|2
|
|-heal|p2a: Suicune|236\/404|[from] item: Leftovers
|turn|4
|
|switch|p1a: Empoleon|Empoleon, F|371\/371
|switch|p2a: Machamp|Machamp, M|159\/321
|
|turn|5
|
|switch|p1a: Rotom-Heat|Rotom-Heat|54\/303
|move|p2a: Machamp|Close Combat|p1a: Rotom-Heat
|-damage|p1a: Rotom-Heat|0 fnt
|-unboost|p2a: Machamp|def|1
|-unboost|p2a: Machamp|spd|1
|faint|p1a: Rotom-Heat
|
|
|switch|p1a: Zygarde|Zygarde|419\/419
|-ability|p1a: Zygarde|Aura Break
|turn|6
|
|switch|p2a: Crobat|Crobat, M|293\/325
|move|p1a: Zygarde|Substitute|p1a: Zygarde
|-start|p1a: Zygarde|Substitute
|-damage|p1a: Zygarde|315\/419
|
|-heal|p2a: Crobat|313\/325|[from] item: Black Sludge
|-heal|p1a: Zygarde|341\/419|[from] item: Leftovers
|turn|7
|
|move|p2a: Crobat|Toxic|p1a: Zygarde
|-status|p1a: Zygarde|tox
|move|p1a: Zygarde|Coil|p1a: Zygarde
|-boost|p1a: Zygarde|atk|1
|-boost|p1a: Zygarde|def|1
|-boost|p1a: Zygarde|accuracy|1
|
|-heal|p2a: Crobat|325\/325|[from] item: Black Sludge
|-heal|p1a: Zygarde|367\/419 tox|[from] item: Leftovers
|-damage|p1a: Zygarde|341\/419 tox|[from] psn
|turn|8
|
|switch|p2a: Swampert|Swampert, M|404\/404
|move|p1a: Zygarde|Extreme Speed|p2a: Swampert
|-damage|p2a: Swampert|323\/404
|
|-heal|p1a: Zygarde|367\/419 tox|[from] item: Leftovers
|-heal|p2a: Swampert|348\/404|[from] item: Leftovers
|-damage|p1a: Zygarde|315\/419 tox|[from] psn
|turn|9
|
|move|p1a: Zygarde|Earthquake|p2a: Swampert
|-damage|p2a: Swampert|186\/404
|move|p2a: Swampert|Stealth Rock|p1a: Zygarde
|-sidestart|p1: Tuatara30|move: Stealth Rock
|
|-heal|p1a: Zygarde|341\/419 tox|[from] item: Leftovers
|-heal|p2a: Swampert|211\/404|[from] item: Leftovers
|-damage|p1a: Zygarde|263\/419 tox|[from] psn
|turn|10
|
|switch|p2a: Crobat|Crobat, M|325\/325
|move|p1a: Zygarde|Earthquake|p2a: Crobat
|-immune|p2a: Crobat|[msg]
|
|-heal|p1a: Zygarde|289\/419 tox|[from] item: Leftovers
|-damage|p1a: Zygarde|185\/419 tox|[from] psn
|turn|11
|
|switch|p1a: Empoleon|Empoleon, F|371\/371
|-damage|p1a: Empoleon|348\/371|[from] Stealth Rock
|move|p2a: Crobat|Roost|p2a: Crobat
|-fail|p2a: Crobat
|
|-heal|p1a: Empoleon|371\/371|[from] item: Leftovers
|turn|12
|
|switch|p2a: Machamp|Machamp, M|159\/321
|move|p1a: Empoleon|Defog|p2a: Machamp
|-unboost|p2a: Machamp|evasion|1
|-sideend|p1: Tuatara30|Stealth Rock|[from] move: Defog|[of] p1a: Empoleon
|
|turn|13
|
|switch|p1a: Zygarde|Zygarde|185\/419 tox
|-ability|p1a: Zygarde|Aura Break
|move|p2a: Machamp|Close Combat|p1a: Zygarde
|-damage|p1a: Zygarde|0 fnt
|-unboost|p2a: Machamp|def|1
|-unboost|p2a: Machamp|spd|1
|faint|p1a: Zygarde
|
|
|switch|p1a: Beedrill|Beedrill-Mega, F|271\/271
|turn|14
|join|waiv
|
|switch|p2a: Crobat|Crobat, M|325\/325
|move|p1a: Beedrill|Poison Jab|p2a: Crobat
|-resisted|p2a: Crobat
|-damage|p2a: Crobat|205\/325
|
|-heal|p2a: Crobat|225\/325|[from] item: Black Sludge
|turn|15
|c| waiv|feng the bob
|c| waiv|bob the feng
|c|âfeng the bob|hi fgt
|
|switch|p1a: Empoleon|Empoleon, F|371\/371
|move|p2a: Crobat|Roost|p2a: Crobat
|-heal|p2a: Crobat|325\/325
|
|turn|16
|c| waiv|bob is wobbefet confirmed
|
|switch|p2a: Swampert|Swampert, M|211\/404
|move|p1a: Empoleon|Scald|p2a: Swampert
|-damage|p2a: Swampert|103\/404
|
|-heal|p2a: Swampert|128\/404|[from] item: Leftovers
|turn|17
|
|move|p1a: Empoleon|Scald|p2a: Swampert
|-damage|p2a: Swampert|13\/404
|-status|p2a: Swampert|brn
|move|p2a: Swampert|Earthquake|p1a: Empoleon
|-supereffective|p1a: Empoleon
|-damage|p1a: Empoleon|239\/371
|
|-heal|p1a: Empoleon|262\/371|[from] item: Leftovers
|-heal|p2a: Swampert|38\/404 brn|[from] item: Leftovers
|-damage|p2a: Swampert|0 fnt|[from] brn
|faint|p2a: Swampert
|c|âfeng the bob|why????
|
|switch|p2a: Machamp|Machamp, M|159\/321
|turn|18
|c| waiv|idk
|c| waiv|how was ur new years
|
|switch|p1a: Beedrill|Beedrill-Mega, F|271\/271
|move|p2a: Machamp|Close Combat|p1a: Beedrill
|-resisted|p1a: Beedrill
|-damage|p1a: Beedrill|90\/271
|-unboost|p2a: Machamp|def|1
|-unboost|p2a: Machamp|spd|1
|
|turn|19
|
|switch|p2a: Crobat|Crobat, M|325\/325
|move|p1a: Beedrill|U-turn|p2a: Crobat
|-resisted|p2a: Crobat
|-damage|p2a: Crobat|265\/325
|c|âfeng the bob|lol had work
|c|âfeng the bob|was a shit day
|
|switch|p1a: Hydreigon|Hydreigon, F|325\/325
|
|-heal|p2a: Crobat|285\/325|[from] item: Black Sludge
|turn|20
|join|Mike Hunts
|
|move|p1a: Hydreigon|U-turn|p2a: Crobat
|-resisted|p2a: Crobat
|-damage|p2a: Crobat|269\/325
|
|switch|p1a: Empoleon|Empoleon, F|262\/371
|move|p2a: Crobat|Toxic|p1a: Empoleon
|-fail|p1a: Empoleon
|
|-heal|p2a: Crobat|289\/325|[from] item: Black Sludge
|-heal|p1a: Empoleon|285\/371|[from] item: Leftovers
|turn|21
|
|switch|p2a: Machamp|Machamp, M|159\/321
|move|p1a: Empoleon|Scald|p2a: Machamp
|-crit|p2a: Machamp
|-damage|p2a: Machamp|0 fnt
|faint|p2a: Machamp
|
|-heal|p1a: Empoleon|308\/371|[from] item: Leftovers
|c|âfeng the bob|oh lol
|
|switch|p2a: Suicune|Suicune|236\/404
|-ability|p2a: Suicune|Pressure
|turn|22
|
|move|p2a: Suicune|Scald|p1a: Empoleon
|-resisted|p1a: Empoleon
|-damage|p1a: Empoleon|278\/371
|-status|p1a: Empoleon|brn
|move|p1a: Empoleon|Stealth Rock|p2a: Suicune
|-sidestart|p2: feng the bob|move: Stealth Rock
|
|-heal|p2a: Suicune|261\/404|[from] item: Leftovers
|-heal|p1a: Empoleon|301\/371 brn|[from] item: Leftovers
|-damage|p1a: Empoleon|255\/371 brn|[from] brn
|turn|23
|
|switch|p1a: Machamp|Machamp, F|364\/364
|move|p2a: Suicune|Scald|p1a: Machamp
|-damage|p1a: Machamp|297\/364
|
|-heal|p2a: Suicune|286\/404|[from] item: Leftovers
|turn|24
|
|move|p2a: Suicune|Scald|p1a: Machamp
|-damage|p1a: Machamp|234\/364
|-status|p1a: Machamp|brn
|move|p1a: Machamp|Knock Off|p2a: Suicune
|-damage|p2a: Suicune|153\/404
|-enditem|p2a: Suicune|Leftovers|[from] move: Knock Off|[of] p1a: Machamp
|
|-damage|p1a: Machamp|189\/364 brn|[from] brn
|turn|25
|
|move|p2a: Suicune|Rest|p2a: Suicune
|-status|p2a: Suicune|slp
|-heal|p2a: Suicune|404\/404 slp|[silent]
|-status|p2a: Suicune|slp|[from] move: Rest
|move|p1a: Machamp|Close Combat|p2a: Suicune
|-damage|p2a: Suicune|193\/404 slp
|-unboost|p1a: Machamp|def|1
|-unboost|p1a: Machamp|spd|1
|
|-damage|p1a: Machamp|144\/364 brn|[from] brn
|turn|26
|join|xtraDOLLARshine
|
|switch|p2a: Crobat|Crobat, M|289\/325
|-damage|p2a: Crobat|208\/325|[from] Stealth Rock
|move|p1a: Machamp|Close Combat|p2a: Crobat
|-resisted|p2a: Crobat
|-damage|p2a: Crobat|100\/325
|-unboost|p1a: Machamp|def|1
|-unboost|p1a: Machamp|spd|1
|
|-heal|p2a: Crobat|120\/325|[from] item: Black Sludge
|-damage|p1a: Machamp|99\/364 brn|[from] brn
|turn|27
|join|YMAS
|
|switch|p1a: Hydreigon|Hydreigon, F|325\/325
|move|p2a: Crobat|Brave Bird|p1a: Hydreigon
|-damage|p1a: Hydreigon|159\/325
|-damage|p2a: Crobat|65\/325|[from] recoil|[of] p1a: Hydreigon
|
|-heal|p2a: Crobat|85\/325|[from] item: Black Sludge
|turn|28
|
|move|p1a: Hydreigon|Dark Pulse|p2a: Crobat
|-damage|p2a: Crobat|0 fnt
|faint|p2a: Crobat
|
|
|switch|p2a: Zygarde|Zygarde|357\/357
|-damage|p2a: Zygarde|335\/357|[from] Stealth Rock
|-ability|p2a: Zygarde|Aura Break
|turn|29
|
|switch|p1a: Beedrill|Beedrill-Mega, F|90\/271
|move|p2a: Zygarde|Dragon Dance|p2a: Zygarde
|-boost|p2a: Zygarde|atk|1
|-boost|p2a: Zygarde|spe|1
|
|turn|30
|
|move|p2a: Zygarde|Dragon Dance|p2a: Zygarde
|-boost|p2a: Zygarde|atk|1
|-boost|p2a: Zygarde|spe|1
|move|p1a: Beedrill|U-turn|p2a: Zygarde
|-damage|p2a: Zygarde|189\/357
|
|switch|p1a: Hydreigon|Hydreigon, F|159\/325
|
|turn|31
|
|move|p2a: Zygarde|Extreme Speed|p1a: Hydreigon
|-damage|p1a: Hydreigon|0 fnt
|faint|p1a: Hydreigon
|
|
|switch|p1a: Machamp|Machamp, F|99\/364 brn
|turn|32
|
|move|p2a: Zygarde|Extreme Speed|p1a: Machamp
|-damage|p1a: Machamp|0 fnt
|faint|p1a: Machamp
|
|c|âfeng the bob|g
|c|âTuatara30|gg
|c|âTuatara30|Congrats, you're the best I've seen so far
|leave|waiv
|c|âfeng the bob|oh ty
|join|waiv
|c| waiv|lol
|c| waiv|i worked both days
|-message|Tuatara30 forfeited.
|
|win|feng the bob
|raw|Ladder updating...
|c| waiv|yday and today
|leave|Tuatara30
|player|p1
|raw|Tuatara30's rating: 1607 &rarr; <strong>1587<\/strong><br \/>(-20 for losing)
|raw|feng the bob's rating: 1603 &rarr; <strong>1623<\/strong><br \/>(+20 for winning)
|c| waiv|:x
|c|âfeng the bob|rip lives
|leave|Mike Hunts
|c|âfeng the bob|tbh
|c| waiv|ye but $$$
|c| waiv|so much $$$
|c|âfeng the bob|lol ikr
|c| waiv|:p
|c|âfeng the bob|we cheap asians
|c|âfeng the bob|do anything for money
|c| waiv|i really wanna play VGC
|c|âfeng the bob|no
|c|âfeng the bob|dont do it
|c| waiv|:x why
|c|âfeng the bob|its gay
|c| waiv|it looks fun lol
|join|Mike Hunts
|c| waiv|keke
|c| waiv|have u played
|c|âfeng the bob|nope
|c| Mike Hunts|bob get out an get in
|c|âfeng the bob|wifi players are cancer
|c| waiv|LOL
|c| waiv|but you can play on showdown?
|leave|feng the bob
|player|p2
|leave|Mike Hunts
|join|feng the bob