|join|Tuatara30
|join|Zartres10
|player|p1|Tuatara30|102
|player|p2|Zartres10|52
|gametype|singles
|gen|6
|tier|UU
|rated
|rule|Sleep Clause Mod: Limit one foe put to sleep
|rule|Species Clause: Limit one of each PokÃ©mon
|rule|OHKO Clause: OHKO moves are banned
|rule|Moody Clause: Moody is banned
|rule|Evasion Moves Clause: Evasion moves are banned
|rule|Endless Battle Clause: Forcing endless battles is banned
|rule|HP Percentage Mod: HP is shown in percentages
|clearpoke
|poke|p1|Beedrill, M
|poke|p1|Empoleon, M
|poke|p1|Zygarde
|poke|p1|Rotom-Heat
|poke|p1|Hydreigon, M
|poke|p1|Machamp, M
|poke|p2|Blissey, F
|poke|p2|Zygarde
|poke|p2|Jirachi
|poke|p2|Roserade, F
|poke|p2|Blastoise, F
|poke|p2|Machamp, F
|rule|Swagger Clause: Swagger is banned
|rule|Baton Pass Clause: Limit one PokÃ©mon knowing Baton Pass
|teampreview
|
|start
|switch|p1a: Rotom-Heat|Rotom-Heat|303\/303
|switch|p2a: Blastoise|Blastoise, F|361\/361
|turn|1
|
|detailschange|p2a: Blastoise|Blastoise-Mega, F
|-mega|p2a: Blastoise|Blastoise|Blastoisinite
|move|p1a: Rotom-Heat|Volt Switch|p2a: Blastoise
|-supereffective|p2a: Blastoise
|-damage|p2a: Blastoise|205\/361
|
|switch|p1a: Hydreigon|Hydreigon, M|325\/325
|move|p2a: Blastoise|Aura Sphere|p1a: Hydreigon
|-supereffective|p1a: Hydreigon
|-damage|p1a: Hydreigon|0 fnt
|faint|p1a: Hydreigon
|
|
|switch|p1a: Beedrill|Beedrill, M|271\/271
|turn|2
|
|detailschange|p1a: Beedrill|Beedrill-Mega, M
|-mega|p1a: Beedrill|Beedrill|Beedrillite
|move|p1a: Beedrill|Poison Jab|p2a: Blastoise
|-damage|p2a: Blastoise|23\/361
|-status|p2a: Blastoise|psn
|move|p2a: Blastoise|Water Pulse|p1a: Beedrill
|-damage|p1a: Beedrill|46\/271
|
|-damage|p2a: Blastoise|0 fnt|[from] psn
|faint|p2a: Blastoise
|
|switch|p2a: Zygarde|Zygarde|357\/357
|-ability|p2a: Zygarde|Aura Break
|turn|3
|
|switch|p1a: Machamp|Machamp, M|364\/364
|move|p2a: Zygarde|Dragon Dance|p2a: Zygarde
|-boost|p2a: Zygarde|atk|1
|-boost|p2a: Zygarde|spe|1
|
|turn|4
|
|move|p2a: Zygarde|Outrage|p1a: Machamp
|-damage|p1a: Machamp|16\/364
|move|p1a: Machamp|Ice Punch|p2a: Zygarde
|-supereffective|p2a: Zygarde
|-damage|p2a: Zygarde|21\/357
|
|turn|5
|
|move|p1a: Machamp|Bullet Punch|p2a: Zygarde
|-damage|p2a: Zygarde|0 fnt
|faint|p2a: Zygarde
|
|
|switch|p2a: Machamp|Machamp, F|383\/383
|turn|6
|
|switch|p1a: Zygarde|Zygarde|419\/419
|-ability|p1a: Zygarde|Aura Break
|move|p2a: Machamp|Bullet Punch|p1a: Zygarde
|-damage|p1a: Zygarde|384\/419
|
|-heal|p1a: Zygarde|410\/419|[from] item: Leftovers
|turn|7
|
|move|p1a: Zygarde|Substitute|p1a: Zygarde
|-start|p1a: Zygarde|Substitute
|-damage|p1a: Zygarde|306\/419
|move|p2a: Machamp|Dynamic Punch|p1a: Zygarde
|-end|p1a: Zygarde|Substitute
|
|-heal|p1a: Zygarde|332\/419|[from] item: Leftovers
|turn|8
|
|switch|p1a: Rotom-Heat|Rotom-Heat|303\/303
|move|p2a: Machamp|Dynamic Punch|p1a: Rotom-Heat
|-damage|p1a: Rotom-Heat|177\/303
|-start|p1a: Rotom-Heat|confusion
|
|-heal|p1a: Rotom-Heat|195\/303|[from] item: Leftovers
|turn|9
|
|-activate|p1a: Rotom-Heat|confusion
|move|p1a: Rotom-Heat|Pain Split|p2a: Machamp
|-sethp|p2a: Machamp|289\/383|p1a: Rotom-Heat|289\/303|[from] move: Pain Split
|move|p2a: Machamp|Stone Edge|p1a: Rotom-Heat
|-supereffective|p1a: Rotom-Heat
|-damage|p1a: Rotom-Heat|113\/303
|
|-heal|p1a: Rotom-Heat|131\/303|[from] item: Leftovers
|turn|10
|
|switch|p1a: Zygarde|Zygarde|332\/419
|-ability|p1a: Zygarde|Aura Break
|move|p2a: Machamp|Stone Edge|p1a: Zygarde
|-resisted|p1a: Zygarde
|-damage|p1a: Zygarde|286\/419
|
|-heal|p1a: Zygarde|312\/419|[from] item: Leftovers
|turn|11
|
|move|p1a: Zygarde|Earthquake|p2a: Machamp
|-damage|p2a: Machamp|121\/383
|move|p2a: Machamp|Dynamic Punch|p1a: Zygarde
|-damage|p1a: Zygarde|174\/419
|-start|p1a: Zygarde|confusion
|
|-heal|p1a: Zygarde|200\/419|[from] item: Leftovers
|turn|12
|
|-activate|p1a: Zygarde|confusion
|-damage|p1a: Zygarde|174\/419|[from] confusion
|move|p2a: Machamp|Knock Off|p1a: Zygarde
|-damage|p1a: Zygarde|81\/419
|-enditem|p1a: Zygarde|Leftovers|[from] move: Knock Off|[of] p2a: Machamp
|
|turn|13
|
|-activate|p1a: Zygarde|confusion
|-damage|p1a: Zygarde|52\/419|[from] confusion
|move|p2a: Machamp|Dynamic Punch|p1a: Zygarde
|-damage|p1a: Zygarde|0 fnt
|faint|p1a: Zygarde
|
|
|switch|p1a: Rotom-Heat|Rotom-Heat|131\/303
|turn|14
|
|switch|p2a: Blissey|Blissey, F|714\/714
|move|p1a: Rotom-Heat|Overheat|p2a: Blissey
|-damage|p2a: Blissey|585\/714
|-unboost|p1a: Rotom-Heat|spa|2
|
|-heal|p1a: Rotom-Heat|149\/303|[from] item: Leftovers
|-heal|p2a: Blissey|629\/714|[from] item: Leftovers
|turn|15
|
|switch|p2a: Machamp|Machamp, F|121\/383
|move|p1a: Rotom-Heat|Volt Switch|p2a: Machamp
|-damage|p2a: Machamp|87\/383
|
|switch|p1a: Beedrill|Beedrill-Mega, M|46\/271
|
|turn|16
|
|move|p2a: Machamp|Bullet Punch|p1a: Beedrill
|-damage|p1a: Beedrill|0 fnt
|faint|p1a: Beedrill
|
|
|switch|p1a: Rotom-Heat|Rotom-Heat|149\/303
|turn|17
|
|move|p1a: Rotom-Heat|Will-O-Wisp|p2a: Machamp
|-status|p2a: Machamp|brn
|move|p2a: Machamp|Dynamic Punch|p1a: Rotom-Heat
|-crit|p1a: Rotom-Heat
|-damage|p1a: Rotom-Heat|37\/303
|-start|p1a: Rotom-Heat|confusion
|
|-heal|p1a: Rotom-Heat|55\/303|[from] item: Leftovers
|-damage|p2a: Machamp|40\/383 brn|[from] brn
|turn|18
|
|-activate|p1a: Rotom-Heat|confusion
|-damage|p1a: Rotom-Heat|41\/303|[from] confusion
|move|p2a: Machamp|Dynamic Punch|p1a: Rotom-Heat
|-damage|p1a: Rotom-Heat|0 fnt
|faint|p1a: Rotom-Heat
|
|-damage|p2a: Machamp|0 fnt|[from] brn
|faint|p2a: Machamp
|
|switch|p2a: Roserade|Roserade, F|261\/261
|switch|p1a: Empoleon|Empoleon, M|371\/371
|turn|19
|
|move|p2a: Roserade|Sleep Powder|p1a: Empoleon
|-status|p1a: Empoleon|slp
|cant|p1a: Empoleon|slp
|
|turn|20
|
|move|p2a: Roserade|Giga Drain|p1a: Empoleon
|-damage|p1a: Empoleon|261\/371 slp
|-damage|p2a: Roserade|235\/261|[from] item: Life Orb
|cant|p1a: Empoleon|slp
|
|-heal|p1a: Empoleon|284\/371 slp|[from] item: Leftovers
|turn|21
|
|move|p2a: Roserade|Giga Drain|p1a: Empoleon
|-damage|p1a: Empoleon|174\/371 slp
|-heal|p2a: Roserade|261\/261|[from] drain|[of] p1a: Empoleon
|-damage|p2a: Roserade|235\/261|[from] item: Life Orb
|-curestatus|p1a: Empoleon|slp
|move|p1a: Empoleon|Ice Beam|p2a: Roserade
|-supereffective|p2a: Roserade
|-damage|p2a: Roserade|81\/261
|
|-heal|p1a: Empoleon|197\/371|[from] item: Leftovers
|turn|22
|
|move|p2a: Roserade|Sleep Powder|p1a: Empoleon|[miss]
|-miss|p2a: Roserade|p1a: Empoleon
|move|p1a: Empoleon|Ice Beam|p2a: Roserade
|-supereffective|p2a: Roserade
|-damage|p2a: Roserade|0 fnt
|faint|p2a: Roserade
|
|-heal|p1a: Empoleon|220\/371|[from] item: Leftovers
|
|switch|p2a: Blissey|Blissey, F|629\/714
|turn|23
|
|move|p1a: Empoleon|Scald|p2a: Blissey
|-damage|p2a: Blissey|542\/714
|move|p2a: Blissey|Thunder Wave|p1a: Empoleon
|-status|p1a: Empoleon|par
|
|-heal|p2a: Blissey|586\/714|[from] item: Leftovers
|-heal|p1a: Empoleon|243\/371 par|[from] item: Leftovers
|turn|24
|
|move|p2a: Blissey|Seismic Toss|p1a: Empoleon
|-damage|p1a: Empoleon|143\/371 par
|move|p1a: Empoleon|Scald|p2a: Blissey
|-damage|p2a: Blissey|510\/714
|
|-heal|p2a: Blissey|554\/714|[from] item: Leftovers
|-heal|p1a: Empoleon|166\/371 par|[from] item: Leftovers
|turn|25
|
|move|p2a: Blissey|Seismic Toss|p1a: Empoleon
|-damage|p1a: Empoleon|66\/371 par
|cant|p1a: Empoleon|par
|
|-heal|p2a: Blissey|598\/714|[from] item: Leftovers
|-heal|p1a: Empoleon|89\/371 par|[from] item: Leftovers
|turn|26
|
|move|p2a: Blissey|Seismic Toss|p1a: Empoleon
|-damage|p1a: Empoleon|0 fnt
|faint|p1a: Empoleon
|
|-heal|p2a: Blissey|642\/714|[from] item: Leftovers
|
|switch|p1a: Machamp|Machamp, M|16\/364
|turn|27
|
|move|p1a: Machamp|Close Combat|p2a: Blissey
|-supereffective|p2a: Blissey
|-damage|p2a: Blissey|0 fnt
|-unboost|p1a: Machamp|def|1
|-unboost|p1a: Machamp|spd|1
|faint|p2a: Blissey
|
|
|switch|p2a: Jirachi|Jirachi|341\/341
|turn|28
|
|move|p2a: Jirachi|Iron Head|p1a: Machamp
|-damage|p1a: Machamp|0 fnt
|faint|p1a: Machamp
|
|win|Zartres10
|raw|Ladder updating...
|raw|Tuatara30's rating: 1457 &rarr; <strong>1431<\/strong><br \/>(-26 for losing)
|raw|Zartres10's rating: 1346 &rarr; <strong>1372<\/strong><br \/>(+26 for winning)
|c|âZartres10|gg