|join|Tuatara30
|join|KingBowser
|player|p1|Tuatara30|265
|player|p2|KingBowser|40
|gametype|singles
|gen|6
|tier|UU
|rated
|rule|Sleep Clause Mod: Limit one foe put to sleep
|rule|Species Clause: Limit one of each PokÃ©mon
|rule|OHKO Clause: OHKO moves are banned
|rule|Moody Clause: Moody is banned
|rule|Evasion Moves Clause: Evasion moves are banned
|rule|Endless Battle Clause: Forcing endless battles is banned
|rule|HP Percentage Mod: HP is shown in percentages
|clearpoke
|poke|p1|Beedrill, F
|poke|p1|Empoleon, F
|poke|p1|Zygarde
|poke|p1|Rotom-Heat
|poke|p1|Hydreigon, M
|poke|p1|Machamp, F
|poke|p2|Tentacruel, F, shiny
|poke|p2|Jirachi, shiny
|poke|p2|Darmanitan, F, shiny
|poke|p2|Snorlax, M, shiny
|poke|p2|Vaporeon, F
|poke|p2|Zygarde
|rule|Swagger Clause: Swagger is banned
|rule|Baton Pass Clause: Limit one PokÃ©mon knowing Baton Pass
|teampreview
|
|start
|switch|p1a: Rotom-Heat|Rotom-Heat|303\/303
|switch|p2a: Vaporeon|Vaporeon, F|464\/464
|turn|1
|
|move|p2a: Vaporeon|Protect|p2a: Vaporeon
|-singleturn|p2a: Vaporeon|Protect
|move|p1a: Rotom-Heat|Volt Switch|p2a: Vaporeon
|-activate|p2a: Vaporeon|Protect
|
|turn|2
|
|move|p1a: Rotom-Heat|Volt Switch|p2a: Vaporeon
|-supereffective|p2a: Vaporeon
|-damage|p2a: Vaporeon|278\/464
|
|switch|p1a: Empoleon|Empoleon, F|371\/371
|move|p2a: Vaporeon|Scald|p1a: Empoleon
|-resisted|p1a: Empoleon
|-damage|p1a: Empoleon|334\/371
|
|-heal|p2a: Vaporeon|307\/464|[from] item: Leftovers
|-heal|p1a: Empoleon|357\/371|[from] item: Leftovers
|turn|3
|
|move|p2a: Vaporeon|Wish|p2a: Vaporeon
|move|p1a: Empoleon|Stealth Rock|p2a: Vaporeon
|-sidestart|p2: KingBowser|move: Stealth Rock
|
|-heal|p2a: Vaporeon|336\/464|[from] item: Leftovers
|-heal|p1a: Empoleon|371\/371|[from] item: Leftovers
|turn|4
|
|move|p2a: Vaporeon|Scald|p1a: Empoleon
|-resisted|p1a: Empoleon
|-damage|p1a: Empoleon|332\/371
|-status|p1a: Empoleon|brn
|move|p1a: Empoleon|Scald|p2a: Vaporeon
|-heal|p2a: Vaporeon|452\/464|[from] ability: Water Absorb|[of] p1a: Empoleon
|
|-heal|p2a: Vaporeon|464\/464|[from] move: Wish|[wisher] Vaporeon
|-heal|p1a: Empoleon|355\/371 brn|[from] item: Leftovers
|-damage|p1a: Empoleon|309\/371 brn|[from] brn
|turn|5
|
|switch|p1a: Machamp|Machamp, F|364\/364
|move|p2a: Vaporeon|Wish|p2a: Vaporeon
|
|turn|6
|
|move|p1a: Machamp|Knock Off|p2a: Vaporeon
|-damage|p2a: Vaporeon|348\/464
|-enditem|p2a: Vaporeon|Leftovers|[from] move: Knock Off|[of] p1a: Machamp
|move|p2a: Vaporeon|Scald|p1a: Machamp
|-damage|p1a: Machamp|285\/364
|
|-heal|p2a: Vaporeon|464\/464|[from] move: Wish|[wisher] Vaporeon
|turn|7
|
|move|p1a: Machamp|Close Combat|p2a: Vaporeon
|-damage|p2a: Vaporeon|235\/464
|-unboost|p1a: Machamp|def|1
|-unboost|p1a: Machamp|spd|1
|move|p2a: Vaporeon|Scald|p1a: Machamp
|-damage|p1a: Machamp|173\/364
|
|turn|8
|
|move|p1a: Machamp|Close Combat|p2a: Vaporeon
|-damage|p2a: Vaporeon|13\/464
|-unboost|p1a: Machamp|def|1
|-unboost|p1a: Machamp|spd|1
|move|p2a: Vaporeon|Wish|p2a: Vaporeon
|
|turn|9
|
|switch|p1a: Hydreigon|Hydreigon, M|325\/325
|move|p2a: Vaporeon|Protect|p2a: Vaporeon
|-fail|p2a: Vaporeon
|
|-heal|p2a: Vaporeon|245\/464|[from] move: Wish|[wisher] Vaporeon
|turn|10
|
|move|p1a: Hydreigon|Draco Meteor|p2a: Vaporeon
|-crit|p2a: Vaporeon
|-damage|p2a: Vaporeon|0 fnt
|-unboost|p1a: Hydreigon|spa|2
|faint|p2a: Vaporeon
|
|
|switch|p2a: Darmanitan|Darmanitan, F, shiny|351\/351
|-damage|p2a: Darmanitan|264\/351|[from] Stealth Rock
|turn|11
|
|switch|p1a: Rotom-Heat|Rotom-Heat|303\/303
|move|p2a: Darmanitan|Rock Slide|p1a: Rotom-Heat
|-crit|p1a: Rotom-Heat
|-supereffective|p1a: Rotom-Heat
|-damage|p1a: Rotom-Heat|0 fnt
|faint|p1a: Rotom-Heat
|
|
|switch|p1a: Hydreigon|Hydreigon, M|325\/325
|turn|12
|
|switch|p2a: Tentacruel|Tentacruel, F, shiny|361\/361
|-damage|p2a: Tentacruel|316\/361|[from] Stealth Rock
|move|p1a: Hydreigon|Earth Power|p2a: Tentacruel
|-supereffective|p2a: Tentacruel
|-damage|p2a: Tentacruel|122\/361
|
|-heal|p2a: Tentacruel|144\/361|[from] item: Black Sludge
|turn|13
|
|switch|p2a: Snorlax|Snorlax, M, shiny|524\/524
|-damage|p2a: Snorlax|459\/524|[from] Stealth Rock
|move|p1a: Hydreigon|Earth Power|p2a: Snorlax
|-damage|p2a: Snorlax|384\/524
|
|-heal|p2a: Snorlax|416\/524|[from] item: Leftovers
|turn|14
|
|switch|p1a: Empoleon|Empoleon, F|309\/371 brn
|move|p2a: Snorlax|Body Slam|p1a: Empoleon
|-resisted|p1a: Empoleon
|-damage|p1a: Empoleon|249\/371 brn
|
|-heal|p1a: Empoleon|272\/371 brn|[from] item: Leftovers
|-heal|p2a: Snorlax|448\/524|[from] item: Leftovers
|-damage|p1a: Empoleon|226\/371 brn|[from] brn
|turn|15
|
|move|p1a: Empoleon|Scald|p2a: Snorlax
|-damage|p2a: Snorlax|382\/524
|move|p2a: Snorlax|Curse|p2a: Snorlax
|-boost|p2a: Snorlax|atk|1
|-boost|p2a: Snorlax|def|1
|-unboost|p2a: Snorlax|spe|1
|
|-heal|p1a: Empoleon|249\/371 brn|[from] item: Leftovers
|-heal|p2a: Snorlax|414\/524|[from] item: Leftovers
|-damage|p1a: Empoleon|203\/371 brn|[from] brn
|turn|16
|
|move|p1a: Empoleon|Scald|p2a: Snorlax
|-crit|p2a: Snorlax
|-damage|p2a: Snorlax|312\/524
|move|p2a: Snorlax|Curse|p2a: Snorlax
|-boost|p2a: Snorlax|atk|1
|-boost|p2a: Snorlax|def|1
|-unboost|p2a: Snorlax|spe|1
|
|-heal|p1a: Empoleon|226\/371 brn|[from] item: Leftovers
|-heal|p2a: Snorlax|344\/524|[from] item: Leftovers
|-damage|p1a: Empoleon|180\/371 brn|[from] brn
|turn|17
|
|move|p1a: Empoleon|Scald|p2a: Snorlax
|-damage|p2a: Snorlax|278\/524
|move|p2a: Snorlax|Earthquake|p1a: Empoleon
|-supereffective|p1a: Empoleon
|-damage|p1a: Empoleon|0 fnt
|faint|p1a: Empoleon
|
|-heal|p2a: Snorlax|310\/524|[from] item: Leftovers
|
|switch|p1a: Machamp|Machamp, F|173\/364
|turn|18
|
|move|p1a: Machamp|Close Combat|p2a: Snorlax
|-supereffective|p2a: Snorlax
|-damage|p2a: Snorlax|0 fnt
|-unboost|p1a: Machamp|def|1
|-unboost|p1a: Machamp|spd|1
|faint|p2a: Snorlax
|
|
|switch|p2a: Zygarde|Zygarde|407\/407
|-damage|p2a: Zygarde|382\/407|[from] Stealth Rock
|-ability|p2a: Zygarde|Aura Break
|turn|19
|
|move|p2a: Zygarde|Substitute|p2a: Zygarde
|-start|p2a: Zygarde|Substitute
|-damage|p2a: Zygarde|281\/407
|move|p1a: Machamp|Ice Punch|p2a: Zygarde
|-supereffective|p2a: Zygarde
|-end|p2a: Zygarde|Substitute
|
|-heal|p2a: Zygarde|306\/407|[from] item: Leftovers
|turn|20
|
|switch|p1a: Hydreigon|Hydreigon, M|325\/325
|move|p2a: Zygarde|Earthquake|p1a: Hydreigon
|-immune|p1a: Hydreigon|[msg]
|
|-heal|p2a: Zygarde|331\/407|[from] item: Leftovers
|turn|21
|
|move|p1a: Hydreigon|Draco Meteor|p2a: Zygarde
|-supereffective|p2a: Zygarde
|-damage|p2a: Zygarde|0 fnt
|-unboost|p1a: Hydreigon|spa|2
|faint|p2a: Zygarde
|
|
|switch|p2a: Darmanitan|Darmanitan, F, shiny|264\/351
|-damage|p2a: Darmanitan|177\/351|[from] Stealth Rock
|turn|22
|
|move|p1a: Hydreigon|Draco Meteor|p2a: Darmanitan
|-damage|p2a: Darmanitan|0 fnt
|-unboost|p1a: Hydreigon|spa|2
|faint|p2a: Darmanitan
|
|
|switch|p2a: Jirachi|Jirachi, shiny|341\/341
|-damage|p2a: Jirachi|320\/341|[from] Stealth Rock
|turn|23
|
|switch|p1a: Zygarde|Zygarde|419\/419
|-ability|p1a: Zygarde|Aura Break
|move|p2a: Jirachi|U-turn|p1a: Zygarde
|-damage|p1a: Zygarde|372\/419
|
|switch|p2a: Tentacruel|Tentacruel, F, shiny|144\/361
|-damage|p2a: Tentacruel|99\/361|[from] Stealth Rock
|
|-heal|p2a: Tentacruel|121\/361|[from] item: Black Sludge
|-heal|p1a: Zygarde|398\/419|[from] item: Leftovers
|turn|24
|
|move|p2a: Tentacruel|Scald|p1a: Zygarde
|-damage|p1a: Zygarde|316\/419
|-status|p1a: Zygarde|brn
|move|p1a: Zygarde|Earthquake|p2a: Tentacruel
|-crit|p2a: Tentacruel
|-supereffective|p2a: Tentacruel
|-damage|p2a: Tentacruel|0 fnt
|faint|p2a: Tentacruel
|
|-heal|p1a: Zygarde|342\/419 brn|[from] item: Leftovers
|-damage|p1a: Zygarde|290\/419 brn|[from] brn
|
|switch|p2a: Jirachi|Jirachi, shiny|320\/341
|-damage|p2a: Jirachi|299\/341|[from] Stealth Rock
|turn|25
|
|move|p2a: Jirachi|Iron Head|p1a: Zygarde
|-damage|p1a: Zygarde|200\/419 brn
|cant|p1a: Zygarde|flinch
|
|-heal|p1a: Zygarde|226\/419 brn|[from] item: Leftovers
|-damage|p1a: Zygarde|174\/419 brn|[from] brn
|turn|26
|
|move|p2a: Jirachi|Iron Head|p1a: Zygarde
|-damage|p1a: Zygarde|89\/419 brn
|cant|p1a: Zygarde|flinch
|
|-heal|p1a: Zygarde|115\/419 brn|[from] item: Leftovers
|-damage|p1a: Zygarde|63\/419 brn|[from] brn
|turn|27
|
|move|p1a: Zygarde|Extreme Speed|p2a: Jirachi
|-resisted|p2a: Jirachi
|-damage|p2a: Jirachi|279\/341
|move|p2a: Jirachi|Iron Head|p1a: Zygarde
|-damage|p1a: Zygarde|0 fnt
|faint|p1a: Zygarde
|
|
|switch|p1a: Hydreigon|Hydreigon, M|325\/325
|turn|28
|
|move|p2a: Jirachi|Iron Head|p1a: Hydreigon
|-damage|p1a: Hydreigon|187\/325
|cant|p1a: Hydreigon|flinch
|
|turn|29
|
|move|p2a: Jirachi|Iron Head|p1a: Hydreigon
|-damage|p1a: Hydreigon|58\/325
|cant|p1a: Hydreigon|flinch
|
|turn|30
|
|move|p2a: Jirachi|Iron Head|p1a: Hydreigon
|-damage|p1a: Hydreigon|0 fnt
|faint|p1a: Hydreigon
|
|
|switch|p1a: Beedrill|Beedrill, F|271\/271
|turn|31
|
|detailschange|p1a: Beedrill|Beedrill-Mega, F
|-mega|p1a: Beedrill|Beedrill|Beedrillite
|move|p1a: Beedrill|Protect|p1a: Beedrill
|-singleturn|p1a: Beedrill|Protect
|move|p2a: Jirachi|Iron Head|p1a: Beedrill
|-activate|p1a: Beedrill|Protect
|
|turn|32
|
|move|p2a: Jirachi|Iron Head|p1a: Beedrill
|-damage|p1a: Beedrill|15\/271
|cant|p1a: Beedrill|flinch
|
|turn|33
|
|move|p2a: Jirachi|Iron Head|p1a: Beedrill
|-damage|p1a: Beedrill|0 fnt
|faint|p1a: Beedrill
|
|
|switch|p1a: Machamp|Machamp, F|173\/364
|turn|34
|
|move|p2a: Jirachi|Iron Head|p1a: Machamp
|-damage|p1a: Machamp|34\/364
|cant|p1a: Machamp|flinch
|
|turn|35
|
|move|p2a: Jirachi|Iron Head|p1a: Machamp
|-damage|p1a: Machamp|0 fnt
|faint|p1a: Machamp
|
|win|KingBowser
|raw|Ladder updating...
|raw|Tuatara30's rating: 1492 &rarr; <strong>1469<\/strong><br \/>(-23 for losing)
|raw|KingBowser's rating: 1448 &rarr; <strong>1470<\/strong><br \/>(+22 for winning)
|c|âTuatara30|nice bullshit
|c|âKingBowser|ouch