|join|Tuatara30
|join|Seriously Cereal
|player|p1|Tuatara30|265
|player|p2|Seriously Cereal|85
|gametype|singles
|gen|6
|tier|UU
|rated
|rule|Sleep Clause Mod: Limit one foe put to sleep
|rule|Species Clause: Limit one of each PokÃ©mon
|rule|OHKO Clause: OHKO moves are banned
|rule|Moody Clause: Moody is banned
|rule|Evasion Moves Clause: Evasion moves are banned
|rule|Endless Battle Clause: Forcing endless battles is banned
|rule|HP Percentage Mod: HP is shown in percentages
|clearpoke
|poke|p1|Beedrill, F
|poke|p1|Empoleon, F
|poke|p1|Zygarde
|poke|p1|Rotom-Heat
|poke|p1|Hydreigon, M
|poke|p1|Machamp, M
|poke|p2|Nidoking, M
|poke|p2|Infernape, M
|poke|p2|Celebi
|poke|p2|Mienshao, M, shiny
|poke|p2|Vaporeon, F
|poke|p2|Forretress, M, shiny
|rule|Swagger Clause: Swagger is banned
|rule|Baton Pass Clause: Limit one PokÃ©mon knowing Baton Pass
|teampreview
|
|start
|switch|p1a: Machamp|Machamp, M|364\/364
|switch|p2a: Forretress|Forretress, M, shiny|354\/354
|turn|1
|
|move|p1a: Machamp|Knock Off|p2a: Forretress
|-damage|p2a: Forretress|279\/354
|-enditem|p2a: Forretress|Leftovers|[from] move: Knock Off|[of] p1a: Machamp
|move|p2a: Forretress|Toxic|p1a: Machamp
|-status|p1a: Machamp|tox
|
|-damage|p1a: Machamp|342\/364 tox|[from] psn
|turn|2
|
|switch|p1a: Empoleon|Empoleon, F|371\/371
|move|p2a: Forretress|Stealth Rock|p1a: Empoleon
|-sidestart|p1: Tuatara30|move: Stealth Rock
|
|turn|3
|
|switch|p2a: Mienshao|Mienshao, M, shiny|271\/271
|move|p1a: Empoleon|Defog|p2a: Mienshao
|-unboost|p2a: Mienshao|evasion|1
|-sideend|p1: Tuatara30|Stealth Rock|[from] move: Defog|[of] p1a: Empoleon
|
|turn|4
|
|switch|p1a: Zygarde|Zygarde|419\/419
|-ability|p1a: Zygarde|Aura Break
|move|p2a: Mienshao|High Jump Kick|p1a: Zygarde
|-damage|p1a: Zygarde|221\/419
|
|-heal|p1a: Zygarde|247\/419|[from] item: Leftovers
|turn|5
|
|move|p2a: Mienshao|High Jump Kick|p1a: Zygarde
|-damage|p1a: Zygarde|49\/419
|move|p1a: Zygarde|Earthquake|p2a: Mienshao
|-damage|p2a: Mienshao|64\/271
|
|-heal|p1a: Zygarde|75\/419|[from] item: Leftovers
|turn|6
|
|move|p1a: Zygarde|Extreme Speed|p2a: Mienshao
|-damage|p2a: Mienshao|0 fnt
|faint|p2a: Mienshao
|
|-heal|p1a: Zygarde|101\/419|[from] item: Leftovers
|
|switch|p2a: Infernape|Infernape, M|293\/293
|turn|7
|
|move|p1a: Zygarde|Extreme Speed|p2a: Infernape
|-damage|p2a: Infernape|188\/293
|move|p2a: Infernape|Close Combat|p1a: Zygarde
|-damage|p1a: Zygarde|0 fnt
|-unboost|p2a: Infernape|def|1
|-unboost|p2a: Infernape|spd|1
|-damage|p2a: Infernape|159\/293|[from] item: Life Orb
|faint|p1a: Zygarde
|
|c|âSeriously Cereal|a mon and a half
|c|âSeriously Cereal|worth it!
|
|switch|p1a: Beedrill|Beedrill, F|271\/271
|turn|8
|
|detailschange|p1a: Beedrill|Beedrill-Mega, F
|-mega|p1a: Beedrill|Beedrill|Beedrillite
|move|p1a: Beedrill|Protect|p1a: Beedrill
|-singleturn|p1a: Beedrill|Protect
|move|p2a: Infernape|Fire Punch|p1a: Beedrill
|-activate|p1a: Beedrill|Protect
|
|turn|9
|
|switch|p2a: Forretress|Forretress, M, shiny|279\/354
|move|p1a: Beedrill|Drill Run|p2a: Forretress
|-damage|p2a: Forretress|217\/354
|
|turn|10
|
|move|p1a: Beedrill|U-turn|p2a: Forretress
|-resisted|p2a: Forretress
|-damage|p2a: Forretress|160\/354
|
|switch|p1a: Empoleon|Empoleon, F|371\/371
|move|p2a: Forretress|Stealth Rock|p1a: Empoleon
|-sidestart|p1: Tuatara30|move: Stealth Rock
|
|turn|11
|
|switch|p2a: Vaporeon|Vaporeon, F|448\/448
|move|p1a: Empoleon|Defog|p2a: Vaporeon
|-unboost|p2a: Vaporeon|evasion|1
|-sideend|p1: Tuatara30|Stealth Rock|[from] move: Defog|[of] p1a: Empoleon
|
|turn|12
|
|switch|p1a: Machamp|Machamp, M|342\/364 tox
|move|p2a: Vaporeon|Wish|p2a: Vaporeon
|
|-damage|p1a: Machamp|320\/364 tox|[from] psn
|turn|13
|
|move|p2a: Vaporeon|Protect|p2a: Vaporeon
|-singleturn|p2a: Vaporeon|Protect
|move|p1a: Machamp|Close Combat|p2a: Vaporeon
|-activate|p2a: Vaporeon|Protect
|
|-damage|p1a: Machamp|276\/364 tox|[from] psn
|turn|14
|
|switch|p2a: Celebi|Celebi|404\/404
|move|p1a: Machamp|Knock Off|p2a: Celebi
|-supereffective|p2a: Celebi
|-damage|p2a: Celebi|72\/404
|-enditem|p2a: Celebi|Leftovers|[from] move: Knock Off|[of] p1a: Machamp
|
|-damage|p1a: Machamp|210\/364 tox|[from] psn
|turn|15
|
|switch|p1a: Rotom-Heat|Rotom-Heat|303\/303
|move|p2a: Celebi|Recover|p2a: Celebi
|-heal|p2a: Celebi|274\/404
|
|turn|16
|
|move|p2a: Celebi|Leech Seed|p1a: Rotom-Heat
|-start|p1a: Rotom-Heat|move: Leech Seed
|move|p1a: Rotom-Heat|Volt Switch|p2a: Celebi
|-resisted|p2a: Celebi
|-damage|p2a: Celebi|242\/404
|
|switch|p1a: Hydreigon|Hydreigon, M|325\/325
|
|turn|17
|
|move|p1a: Hydreigon|U-turn|p2a: Celebi
|-supereffective|p2a: Celebi
|-damage|p2a: Celebi|42\/404
|
|switch|p1a: Beedrill|Beedrill-Mega, F|271\/271
|move|p2a: Celebi|Thunder Wave|p1a: Beedrill
|-status|p1a: Beedrill|par
|
|turn|18
|
|switch|p2a: Forretress|Forretress, M, shiny|160\/354
|move|p1a: Beedrill|U-turn|p2a: Forretress
|-resisted|p2a: Forretress
|-damage|p2a: Forretress|105\/354
|
|switch|p1a: Empoleon|Empoleon, F|371\/371
|
|turn|19
|
|move|p1a: Empoleon|Scald|p2a: Forretress
|-damage|p2a: Forretress|0 fnt
|faint|p2a: Forretress
|
|
|switch|p2a: Infernape|Infernape, M|159\/293
|turn|20
|
|switch|p1a: Beedrill|Beedrill-Mega, F|271\/271 par
|move|p2a: Infernape|Swords Dance|p2a: Infernape
|-boost|p2a: Infernape|atk|2
|
|turn|21
|
|move|p2a: Infernape|Fire Punch|p1a: Beedrill
|-supereffective|p1a: Beedrill
|-damage|p1a: Beedrill|0 fnt
|-damage|p2a: Infernape|130\/293|[from] item: Life Orb
|faint|p1a: Beedrill
|
|
|switch|p1a: Hydreigon|Hydreigon, M|325\/325
|turn|22
|
|move|p2a: Infernape|Mach Punch|p1a: Hydreigon
|-supereffective|p1a: Hydreigon
|-damage|p1a: Hydreigon|0 fnt
|-damage|p2a: Infernape|101\/293|[from] item: Life Orb
|faint|p1a: Hydreigon
|
|
|switch|p1a: Rotom-Heat|Rotom-Heat|303\/303
|turn|23
|c|âSeriously Cereal|get wrekt
|
|move|p2a: Infernape|Close Combat|p1a: Rotom-Heat
|-damage|p1a: Rotom-Heat|0 fnt
|-unboost|p2a: Infernape|def|1
|-unboost|p2a: Infernape|spd|1
|-damage|p2a: Infernape|72\/293|[from] item: Life Orb
|faint|p1a: Rotom-Heat
|
|
|switch|p1a: Machamp|Machamp, M|210\/364 tox
|turn|24
|
|move|p2a: Infernape|Mach Punch|p1a: Machamp
|-damage|p1a: Machamp|0 fnt
|-damage|p2a: Infernape|43\/293|[from] item: Life Orb
|faint|p1a: Machamp
|
|-message|Tuatara30 forfeited.
|
|win|Seriously Cereal
|raw|Ladder updating...
|leave|Tuatara30
|player|p1
|raw|Tuatara30's rating: 1469 &rarr; <strong>1443<\/strong><br \/>(-26 for losing)
|raw|Seriously Cereal's rating: 1359 &rarr; <strong>1385<\/strong><br \/>(+26 for winning)