|join|dadsdad
|join|viperaim
|player|p1|dadsdad|108
|player|p2|viperaim|220
|gametype|singles
|gen|6
|tier|UU
|rule|Sleep Clause Mod: Limit one foe put to sleep
|rule|Species Clause: Limit one of each PokÃ©mon
|rule|OHKO Clause: OHKO moves are banned
|rule|Moody Clause: Moody is banned
|rule|Evasion Moves Clause: Evasion moves are banned
|rule|Endless Battle Clause: Forcing endless battles is banned
|rule|HP Percentage Mod: HP is shown in percentages
|clearpoke
|poke|p1|Absol, M
|poke|p1|Gligar, M
|poke|p1|Jirachi
|poke|p1|Tentacruel, M
|poke|p1|Aromatisse, F
|poke|p1|Hydreigon, M
|poke|p2|Hippowdon, M
|poke|p2|Starmie
|poke|p2|Jirachi
|poke|p2|Lopunny, M
|poke|p2|Porygon2
|poke|p2|Togekiss, F
|rule|Swagger Clause: Swagger is banned
|rule|Baton Pass Clause: Limit one PokÃ©mon knowing Baton Pass
|teampreview
|c|âviperaim|lmao c team
|c|âviperaim|KEK
|c|âdadsdad|wtf
|c|âdadsdad|i didnt even ct
|c|âviperaim|ur shit
|
|start
|switch|p1a: Versace|Jirachi|341\/341
|switch|p2a: Hippowdon|Hippowdon, M|420\/420
|turn|1
|c|âdadsdad|ur shit
|
|move|p1a: Versace|Trick|p2a: Hippowdon
|-activate|p1a: Versace|move: Trick|[of] p2a: Hippowdon
|-item|p2a: Hippowdon|Choice Scarf|[from] move: Trick
|-item|p1a: Versace|Leftovers|[from] move: Trick
|move|p2a: Hippowdon|Stealth Rock|p1a: Versace
|-sidestart|p1: dadsdad|move: Stealth Rock
|
|turn|2
|c|âdadsdad|nice rocks
|
|switch|p2a: Togekiss|Togekiss, F|311\/311
|move|p1a: Versace|U-turn|p2a: Togekiss
|-resisted|p2a: Togekiss
|-damage|p2a: Togekiss|295\/311
|c|âviperaim|ty
|
|switch|p1a: Tentacle Rape|Tentacruel, M|361\/361
|-damage|p1a: Tentacle Rape|316\/361|[from] Stealth Rock
|
|-heal|p2a: Togekiss|311\/311|[from] item: Leftovers
|-heal|p1a: Tentacle Rape|338\/361|[from] item: Black Sludge
|turn|3
|
|move|p2a: Togekiss|Air Slash|p1a: Tentacle Rape
|-damage|p1a: Tentacle Rape|232\/361
|move|p1a: Tentacle Rape|Rapid Spin|p2a: Togekiss
|-damage|p2a: Togekiss|299\/311
|-sideend|p1: dadsdad|Stealth Rock|[from] move: Rapid Spin|[of] p1a: Tentacle Rape
|
|-heal|p2a: Togekiss|311\/311|[from] item: Leftovers
|-heal|p1a: Tentacle Rape|254\/361|[from] item: Black Sludge
|turn|4
|c|âdadsdad|lmao
|c|âdadsdad|tryna hax me
|c|âviperaim|dude
|c|âdadsdad|faggot
|
|switch|p1a: Versace|Jirachi|341\/341
|move|p2a: Togekiss|Nasty Plot|p2a: Togekiss
|-boost|p2a: Togekiss|spa|2
|
|turn|5
|c|âviperaim|ur gettn fucking lucky
|c|âdadsdad|wtf
|
|switch|p2a: Starmie|Starmie|324\/324
|move|p1a: Versace|Iron Head|p2a: Starmie
|-resisted|p2a: Starmie
|-damage|p2a: Starmie|262\/324
|
|turn|6
|c|âdadsdad|u just tried to hax me
|
|move|p2a: Starmie|Scald|p1a: Versace
|-damage|p1a: Versace|256\/341
|move|p1a: Versace|U-turn|p2a: Starmie
|-supereffective|p2a: Starmie
|-damage|p2a: Starmie|112\/324
|c|âviperaim|lmao
|
|switch|p1a: Oathbreaker|Absol, M|271\/271
|
|turn|7
|c|âviperaim|ur fucking terrible
|
|detailschange|p1a: Oathbreaker|Absol-Mega, M
|message|Absol has Mega Evolved into Mega Absol!
|move|p2a: Starmie|Scald|p1a: Oathbreaker
|-damage|p1a: Oathbreaker|127\/271
|-status|p1a: Oathbreaker|brn
|move|p1a: Oathbreaker|Knock Off|p2a: Starmie
|-supereffective|p2a: Starmie
|-enditem|p2a: Starmie|Colbur Berry|[eat]
|-damage|p2a: Starmie|7\/324
|
|-damage|p1a: Oathbreaker|94\/271 brn|[from] brn
|turn|8
|c|âdadsdad|ofc
|c|âviperaim|kek!
|
|move|p2a: Starmie|Recover|p2a: Starmie
|-heal|p2a: Starmie|169\/324
|move|p1a: Oathbreaker|Knock Off|p2a: Starmie
|-supereffective|p2a: Starmie
|-damage|p2a: Starmie|17\/324
|
|-damage|p1a: Oathbreaker|61\/271 brn|[from] brn
|turn|9
|
|switch|p1a: Potato Fairy|Aromatisse, F|404\/404
|move|p2a: Starmie|Recover|p2a: Starmie
|-heal|p2a: Starmie|179\/324
|
|turn|10
|
|switch|p2a: Togekiss|Togekiss, F|311\/311
|move|p1a: Potato Fairy|Wish|p1a: Potato Fairy
|
|turn|11
|
|switch|p1a: Versace|Jirachi|256\/341
|move|p2a: Togekiss|Flamethrower|p1a: Versace
|-supereffective|p1a: Versace
|-damage|p1a: Versace|44\/341
|
|-heal|p1a: Versace|246\/341|[from] move: Wish|[wisher] Potato Fairy
|-heal|p1a: Versace|267\/341|[from] item: Leftovers
|turn|12
|c|âdadsdad|lol
|c|âdadsdad|nice prediction
|
|switch|p2a: Jirachi|Jirachi|342\/342
|move|p1a: Versace|U-turn|p2a: Jirachi
|-damage|p2a: Jirachi|278\/342
|c|âviperaim|kek
|
|switch|p1a: Tentacle Rape|Tentacruel, M|254\/361
|
|-heal|p1a: Tentacle Rape|276\/361|[from] item: Black Sludge
|turn|13
|
|switch|p1a: Bruce Wayne|Gligar, M|333\/333
|move|p2a: Jirachi|U-turn|p1a: Bruce Wayne
|-resisted|p1a: Bruce Wayne
|-damage|p1a: Bruce Wayne|315\/333
|c|âdadsdad|wtf
|
|switch|p2a: Togekiss|Togekiss, F|311\/311
|
|turn|14
|c|âdadsdad|ur so bad
|c|âviperaim|go into rachi
|c|âviperaim|pussy
|c|âdadsdad|ok
|
|move|p2a: Togekiss|Nasty Plot|p2a: Togekiss
|-boost|p2a: Togekiss|spa|2
|move|p1a: Bruce Wayne|U-turn|p2a: Togekiss
|-resisted|p2a: Togekiss
|-damage|p2a: Togekiss|300\/311
|c|âviperaim|fk
|
|switch|p1a: Versace|Jirachi|267\/341
|
|-heal|p1a: Versace|288\/341|[from] item: Leftovers
|-heal|p2a: Togekiss|311\/311|[from] item: Leftovers
|turn|15
|c|âdadsdad|lol
|
|switch|p2a: Hippowdon|Hippowdon, M|420\/420
|move|p1a: Versace|Iron Head|p2a: Hippowdon
|-damage|p2a: Hippowdon|338\/420
|
|-heal|p1a: Versace|309\/341|[from] item: Leftovers
|turn|16
|
|switch|p2a: Jirachi|Jirachi|278\/342
|move|p1a: Versace|U-turn|p2a: Jirachi
|-damage|p2a: Jirachi|202\/342
|c|âdadsdad|lol
|
|switch|p1a: Tentacle Rape|Tentacruel, M|276\/361
|
|-heal|p1a: Tentacle Rape|298\/361|[from] item: Black Sludge
|turn|17
|
|switch|p1a: Bruce Wayne|Gligar, M|315\/333
|move|p2a: Jirachi|Zen Headbutt|p1a: Bruce Wayne
|-damage|p1a: Bruce Wayne|246\/333
|
|turn|18
|
|switch|p2a: Lopunny|Lopunny, M|272\/272
|move|p1a: Bruce Wayne|Stealth Rock|p2a: Lopunny
|-sidestart|p2: viperaim|move: Stealth Rock
|
|turn|19
|
|switch|p1a: Tentacle Rape|Tentacruel, M|298\/361
|detailschange|p2a: Lopunny|Lopunny-Mega, M
|message|Lopunny has Mega Evolved into Mega Lopunny!
|move|p2a: Lopunny|Substitute|p2a: Lopunny
|-start|p2a: Lopunny|Substitute
|-damage|p2a: Lopunny|204\/272
|
|-heal|p1a: Tentacle Rape|320\/361|[from] item: Black Sludge
|turn|20
|c|âviperaim|IN
|
|move|p2a: Lopunny|Return|p1a: Tentacle Rape
|-damage|p1a: Tentacle Rape|136\/361
|move|p1a: Tentacle Rape|Scald|p2a: Lopunny
|-end|p2a: Lopunny|Substitute
|
|-heal|p1a: Tentacle Rape|158\/361|[from] item: Black Sludge
|turn|21
|c|âdadsdad|fgt
|
|switch|p1a: Potato Fairy|Aromatisse, F|404\/404
|move|p2a: Lopunny|Return|p1a: Potato Fairy
|-damage|p1a: Potato Fairy|229\/404
|
|-heal|p1a: Potato Fairy|254\/404|[from] item: Leftovers
|turn|22
|c|âdadsdad|oml the dommoge
|c|âviperaim|lmao
|c|âviperaim|this is the counter?
|c|âdadsdad|yes
|c|âdadsdad|:[
|
|move|p2a: Lopunny|Substitute|p2a: Lopunny
|-start|p2a: Lopunny|Substitute
|-damage|p2a: Lopunny|136\/272
|move|p1a: Potato Fairy|Moonblast|p2a: Lopunny
|-supereffective|p2a: Lopunny
|-end|p2a: Lopunny|Substitute
|
|-heal|p1a: Potato Fairy|279\/404|[from] item: Leftovers
|turn|23
|c|âdadsdad|lol
|
|switch|p2a: Togekiss|Togekiss, F|311\/311
|-damage|p2a: Togekiss|234\/311|[from] Stealth Rock
|move|p1a: Potato Fairy|Moonblast|p2a: Togekiss
|-damage|p2a: Togekiss|143\/311
|
|-heal|p2a: Togekiss|162\/311|[from] item: Leftovers
|-heal|p1a: Potato Fairy|304\/404|[from] item: Leftovers
|turn|24
|c|âdadsdad|where is my sp.atk drop
|
|switch|p1a: Versace|Jirachi|309\/341
|move|p2a: Togekiss|Roost|p2a: Togekiss
|-heal|p2a: Togekiss|311\/311
|
|-heal|p1a: Versace|330\/341|[from] item: Leftovers
|turn|25
|c|âviperaim|lmao
|c|âdadsdad|almost back to full kek
|
|switch|p2a: Hippowdon|Hippowdon, M|338\/420
|-damage|p2a: Hippowdon|312\/420|[from] Stealth Rock
|move|p1a: Versace|U-turn|p2a: Hippowdon
|-damage|p2a: Hippowdon|268\/420
|
|switch|p1a: Potato Fairy|Aromatisse, F|304\/404
|
|-heal|p1a: Potato Fairy|329\/404|[from] item: Leftovers
|turn|26
|c|âviperaim|lucky ass play
|c|âdadsdad|wtf how
|c|âdadsdad|im good
|
|switch|p2a: Starmie|Starmie|179\/324
|-damage|p2a: Starmie|139\/324|[from] Stealth Rock
|move|p1a: Potato Fairy|Wish|p1a: Potato Fairy
|
|-heal|p1a: Potato Fairy|354\/404|[from] item: Leftovers
|turn|27
|
|switch|p1a: Aegon Targaryen|Hydreigon, M|325\/325
|move|p2a: Starmie|Rapid Spin|p1a: Aegon Targaryen
|-damage|p1a: Aegon Targaryen|313\/325
|-sideend|p2: viperaim|Stealth Rock|[from] move: Rapid Spin|[of] p2a: Starmie
|
|-heal|p1a: Aegon Targaryen|325\/325|[from] move: Wish|[wisher] Potato Fairy
|turn|28
|
|switch|p2a: Togekiss|Togekiss, F|311\/311
|move|p1a: Aegon Targaryen|Dark Pulse|p2a: Togekiss
|-resisted|p2a: Togekiss
|-damage|p2a: Togekiss|240\/311
|-damage|p1a: Aegon Targaryen|293\/325|[from] item: Life Orb
|
|-heal|p2a: Togekiss|259\/311|[from] item: Leftovers
|turn|29
|c|âdadsdad|lol i think im going to need glasses
|c|âdadsdad|my vision is getting blurry
|c|âviperaim|kek
|
|switch|p1a: Tentacle Rape|Tentacruel, M|158\/361
|move|p2a: Togekiss|Flamethrower|p1a: Tentacle Rape
|-resisted|p1a: Tentacle Rape
|-damage|p1a: Tentacle Rape|115\/361
|
|-heal|p2a: Togekiss|278\/311|[from] item: Leftovers
|-heal|p1a: Tentacle Rape|137\/361|[from] item: Black Sludge
|turn|30
|
|switch|p1a: Versace|Jirachi|330\/341
|move|p2a: Togekiss|Air Slash|p1a: Versace
|-resisted|p1a: Versace
|-damage|p1a: Versace|267\/341
|
|-heal|p1a: Versace|288\/341|[from] item: Leftovers
|-heal|p2a: Togekiss|297\/311|[from] item: Leftovers
|turn|31
|c|âdadsdad|lol
|c|âviperaim|ohh
|c|âviperaim|ok
|c|âdadsdad|didnt even flamethrower twice
|
|switch|p2a: Hippowdon|Hippowdon, M|268\/420
|move|p1a: Versace|Iron Head|p2a: Hippowdon
|-damage|p2a: Hippowdon|190\/420
|
|-heal|p1a: Versace|309\/341|[from] item: Leftovers
|turn|32
|
|move|p1a: Versace|U-turn|p2a: Hippowdon
|-damage|p2a: Hippowdon|144\/420
|
|switch|p1a: Bruce Wayne|Gligar, M|246\/333
|move|p2a: Hippowdon|Stealth Rock|p1a: Bruce Wayne
|-sidestart|p1: dadsdad|move: Stealth Rock
|
|turn|33
|
|switch|p2a: Togekiss|Togekiss, F|297\/311
|move|p1a: Bruce Wayne|Stealth Rock|p2a: Togekiss
|-sidestart|p2: viperaim|move: Stealth Rock
|
|-heal|p2a: Togekiss|311\/311|[from] item: Leftovers
|turn|34
|
|move|p2a: Togekiss|Flamethrower|p1a: Bruce Wayne
|-damage|p1a: Bruce Wayne|171\/333
|move|p1a: Bruce Wayne|U-turn|p2a: Togekiss
|-crit|p2a: Togekiss
|-resisted|p2a: Togekiss
|-damage|p2a: Togekiss|295\/311
|
|switch|p1a: Versace|Jirachi|309\/341
|-damage|p1a: Versace|288\/341|[from] Stealth Rock
|
|-heal|p1a: Versace|309\/341|[from] item: Leftovers
|-heal|p2a: Togekiss|311\/311|[from] item: Leftovers
|turn|35
|
|move|p1a: Versace|Iron Head|p2a: Togekiss
|-supereffective|p2a: Togekiss
|-damage|p2a: Togekiss|71\/311
|move|p2a: Togekiss|Air Slash|p1a: Versace
|-resisted|p1a: Versace
|-damage|p1a: Versace|251\/341
|
|-heal|p1a: Versace|272\/341|[from] item: Leftovers
|-heal|p2a: Togekiss|90\/311|[from] item: Leftovers
|turn|36
|c|âdadsdad|mfw
|c|âdadsdad|no flinch
|
|switch|p2a: Porygon2|Porygon2|374\/374
|-damage|p2a: Porygon2|328\/374|[from] Stealth Rock
|-ability|p2a: Porygon2|Serene Grace|[from] ability: Trace|[of] p1a: Versace
|move|p1a: Versace|Iron Head|p2a: Porygon2
|-damage|p2a: Porygon2|247\/374
|
|-heal|p1a: Versace|293\/341|[from] item: Leftovers
|turn|37
|
|move|p1a: Versace|Trick|p2a: Porygon2
|-activate|p1a: Versace|move: Trick|[of] p2a: Porygon2
|-item|p2a: Porygon2|Leftovers|[from] move: Trick
|-item|p1a: Versace|Eviolite|[from] move: Trick
|move|p2a: Porygon2|Recover|p2a: Porygon2
|-heal|p2a: Porygon2|374\/374
|
|turn|38
|
|move|p1a: Versace|Iron Head|p2a: Porygon2
|-damage|p2a: Porygon2|241\/374
|cant|p2a: Porygon2|flinch
|
|-heal|p2a: Porygon2|264\/374|[from] item: Leftovers
|turn|39
|c|âdadsdad|catch this death
|
|switch|p2a: Starmie|Starmie|139\/324
|-damage|p2a: Starmie|99\/324|[from] Stealth Rock
|move|p1a: Versace|Iron Head|p2a: Starmie
|-resisted|p2a: Starmie
|-damage|p2a: Starmie|36\/324
|
|turn|40
|
|move|p2a: Starmie|Recover|p2a: Starmie
|-heal|p2a: Starmie|198\/324
|move|p1a: Versace|U-turn|p2a: Starmie
|-supereffective|p2a: Starmie
|-damage|p2a: Starmie|60\/324
|
|switch|p1a: Aegon Targaryen|Hydreigon, M|293\/325
|-damage|p1a: Aegon Targaryen|253\/325|[from] Stealth Rock
|
|turn|41
|
|move|p2a: Starmie|Rapid Spin|p1a: Aegon Targaryen
|-damage|p1a: Aegon Targaryen|240\/325
|-sideend|p2: viperaim|Stealth Rock|[from] move: Rapid Spin|[of] p2a: Starmie
|move|p1a: Aegon Targaryen|Dark Pulse|p2a: Starmie
|-supereffective|p2a: Starmie
|-damage|p2a: Starmie|0 fnt
|-damage|p1a: Aegon Targaryen|208\/325|[from] item: Life Orb
|faint|p2a: Starmie
|
|
|switch|p2a: Togekiss|Togekiss, F|90\/311
|turn|42
|
|switch|p1a: Versace|Jirachi|293\/341
|-damage|p1a: Versace|272\/341|[from] Stealth Rock
|move|p2a: Togekiss|Roost|p2a: Togekiss
|-heal|p2a: Togekiss|246\/311
|
|-heal|p2a: Togekiss|265\/311|[from] item: Leftovers
|turn|43
|
|switch|p2a: Jirachi|Jirachi|202\/342
|move|p1a: Versace|Iron Head|p2a: Jirachi
|-resisted|p2a: Jirachi
|-damage|p2a: Jirachi|148\/342
|
|turn|44
|
|move|p2a: Jirachi|U-turn|p1a: Versace
|-damage|p1a: Versace|203\/341
|
|switch|p2a: Togekiss|Togekiss, F|265\/311
|move|p1a: Versace|Trick|p2a: Togekiss
|-activate|p1a: Versace|move: Trick|[of] p2a: Togekiss
|-item|p2a: Togekiss|Eviolite|[from] move: Trick
|-item|p1a: Versace|Leftovers|[from] move: Trick
|
|-heal|p1a: Versace|224\/341|[from] item: Leftovers
|turn|45
|c|âdadsdad|lol
|
|switch|p2a: Jirachi|Jirachi|148\/342
|move|p1a: Versace|Iron Head|p2a: Jirachi
|-resisted|p2a: Jirachi
|-damage|p2a: Jirachi|85\/342
|
|-heal|p1a: Versace|245\/341|[from] item: Leftovers
|turn|46
|
|move|p2a: Jirachi|U-turn|p1a: Versace
|-damage|p1a: Versace|181\/341
|c|âdadsdad|kek!
|
|switch|p2a: Hippowdon|Hippowdon, M|144\/420
|move|p1a: Versace|Iron Head|p2a: Hippowdon
|-damage|p2a: Hippowdon|68\/420
|
|-heal|p1a: Versace|202\/341|[from] item: Leftovers
|turn|47
|
|move|p1a: Versace|Iron Head|p2a: Hippowdon
|-damage|p2a: Hippowdon|0 fnt
|faint|p2a: Hippowdon
|
|-heal|p1a: Versace|223\/341|[from] item: Leftovers
|
|switch|p2a: Lopunny|Lopunny-Mega, M|136\/272
|turn|48
|
|switch|p1a: Oathbreaker|Absol-Mega, M|61\/271 brn
|-damage|p1a: Oathbreaker|28\/271 brn|[from] Stealth Rock
|move|p2a: Lopunny|High Jump Kick|p1a: Oathbreaker
|-supereffective|p1a: Oathbreaker
|-damage|p1a: Oathbreaker|0 fnt
|faint|p1a: Oathbreaker
|
|
|switch|p1a: Potato Fairy|Aromatisse, F|354\/404
|-damage|p1a: Potato Fairy|304\/404|[from] Stealth Rock
|turn|49
|
|switch|p2a: Togekiss|Togekiss, F|265\/311
|move|p1a: Potato Fairy|Moonblast|p2a: Togekiss
|-damage|p2a: Togekiss|162\/311
|-unboost|p2a: Togekiss|spa|1
|
|-heal|p1a: Potato Fairy|329\/404|[from] item: Leftovers
|turn|50
|
|move|p2a: Togekiss|Flamethrower|p1a: Potato Fairy
|-damage|p1a: Potato Fairy|261\/404
|-status|p1a: Potato Fairy|brn
|move|p1a: Potato Fairy|Wish|p1a: Potato Fairy
|
|-heal|p1a: Potato Fairy|286\/404 brn|[from] item: Leftovers
|-damage|p1a: Potato Fairy|236\/404 brn|[from] brn
|turn|51
|c|âdadsdad|not hax
|c|âdadsdad|that is hax
|c|âdadsdad|faggot
|c|âviperaim|kek
|c|âviperaim|nice
|
|switch|p1a: Tentacle Rape|Tentacruel, M|137\/361
|-damage|p1a: Tentacle Rape|92\/361|[from] Stealth Rock
|move|p2a: Togekiss|Roost|p2a: Togekiss
|-heal|p2a: Togekiss|311\/311
|
|-heal|p1a: Tentacle Rape|294\/361|[from] move: Wish|[wisher] Potato Fairy
|-heal|p1a: Tentacle Rape|316\/361|[from] item: Black Sludge
|turn|52
|
|move|p2a: Togekiss|Nasty Plot|p2a: Togekiss
|-boost|p2a: Togekiss|spa|2
|move|p1a: Tentacle Rape|Rapid Spin|p2a: Togekiss
|-damage|p2a: Togekiss|300\/311
|-sideend|p1: dadsdad|Stealth Rock|[from] move: Rapid Spin|[of] p1a: Tentacle Rape
|
|-heal|p1a: Tentacle Rape|338\/361|[from] item: Black Sludge
|turn|53
|
|move|p2a: Togekiss|Flamethrower|p1a: Tentacle Rape
|-resisted|p1a: Tentacle Rape
|-damage|p1a: Tentacle Rape|275\/361
|move|p1a: Tentacle Rape|Toxic Spikes|p2a: Togekiss
|-sidestart|p2: viperaim|move: Toxic Spikes
|
|-heal|p1a: Tentacle Rape|297\/361|[from] item: Black Sludge
|turn|54
|c|âdadsdad|lol
|c|âdadsdad|ur so bad
|c|âviperaim|ur shit
|c|âdadsdad|im good
|
|move|p2a: Togekiss|Air Slash|p1a: Tentacle Rape
|-damage|p1a: Tentacle Rape|126\/361
|cant|p1a: Tentacle Rape|flinch
|
|-heal|p1a: Tentacle Rape|148\/361|[from] item: Black Sludge
|turn|55
|c|âdadsdad|hax
|c|âdadsdad|smh
|
|move|p2a: Togekiss|Air Slash|p1a: Tentacle Rape
|-damage|p1a: Tentacle Rape|0 fnt
|faint|p1a: Tentacle Rape
|
|
|switch|p1a: Versace|Jirachi|223\/341
|turn|56
|c|âviperaim|u risked itidc
|
|move|p1a: Versace|Iron Head|p2a: Togekiss
|-supereffective|p2a: Togekiss
|-damage|p2a: Togekiss|72\/311
|move|p2a: Togekiss|Flamethrower|p1a: Versace
|-supereffective|p1a: Versace
|-damage|p1a: Versace|0 fnt
|faint|p1a: Versace
|
|c|âdadsdad|lol
|join|klos
|c|âdadsdad|HAX
|c|âviperaim|gg faggot
|c|âdadsdad|OMFG UR SO LUCKY
|
|switch|p1a: Aegon Targaryen|Hydreigon, M|208\/325
|turn|57
|c|âviperaim|kek
|
|switch|p2a: Porygon2|Porygon2|264\/374
|-status|p2a: Porygon2|psn
|-ability|p2a: Porygon2|Levitate|[from] ability: Trace|[of] p1a: Aegon Targaryen
|move|p1a: Aegon Targaryen|Dark Pulse|p2a: Porygon2
|-damage|p2a: Porygon2|128\/374 psn
|-damage|p1a: Aegon Targaryen|176\/325|[from] item: Life Orb
|
|-heal|p2a: Porygon2|151\/374 psn|[from] item: Leftovers
|-damage|p2a: Porygon2|105\/374 psn|[from] psn
|turn|58
|
|move|p1a: Aegon Targaryen|Dark Pulse|p2a: Porygon2
|-damage|p2a: Porygon2|0 fnt
|-damage|p1a: Aegon Targaryen|144\/325|[from] item: Life Orb
|faint|p2a: Porygon2
|
|join|xShiba
|
|switch|p2a: Jirachi|Jirachi|85\/342
|turn|59
|
|move|p2a: Jirachi|Healing Wish|p2a: Jirachi
|faint|p2a: Jirachi
|move|p1a: Aegon Targaryen|Dark Pulse|p2: Jirachi|[notarget]
|-notarget
|
|
|switch|p2a: Togekiss|Togekiss, F|72\/311
|-heal|p2a: Togekiss|311\/311|[from] move: Healing Wish
|turn|60
|c|âdadsdad|fkn cancer
|c| xShiba|dadsdad
|c|âviperaim|lmao
|c| xShiba|win
|c| xShiba|imo
|c|âdadsdad|i cant
|c|âdadsdad|hes so lucky
|
|move|p1a: Aegon Targaryen|Dark Pulse|p2a: Togekiss
|-resisted|p2a: Togekiss
|-damage|p2a: Togekiss|229\/311
|-damage|p1a: Aegon Targaryen|112\/325|[from] item: Life Orb
|move|p2a: Togekiss|Nasty Plot|p2a: Togekiss
|-boost|p2a: Togekiss|spa|2
|
|turn|61
|c| xShiba|kek
|c|âviperaim|i shitted on him
|c|âdadsdad|LMAO
|c|âdadsdad|NO YOU DIDNT
|
|move|p1a: Aegon Targaryen|Dark Pulse|p2a: Togekiss
|-resisted|p2a: Togekiss
|-damage|p2a: Togekiss|152\/311
|-damage|p1a: Aegon Targaryen|80\/325|[from] item: Life Orb
|cant|p2a: Togekiss|flinch
|
|turn|62
|c|âdadsdad|YOU JUST GOT LUCKY
|c|âviperaim|lmao yes i did
|c|âdadsdad|1 MORE FLINCH
|c|âdadsdad|COME ON
|c|âdadsdad|1 MORE FLINCH
|c|âdadsdad|1 MORE FLINCH
|c|âdadsdad|1 MORE FLINCH
|
|move|p1a: Aegon Targaryen|Dark Pulse|p2a: Togekiss
|-resisted|p2a: Togekiss
|-damage|p2a: Togekiss|81\/311
|-damage|p1a: Aegon Targaryen|48\/325|[from] item: Life Orb
|move|p2a: Togekiss|Roost|p2a: Togekiss
|-heal|p2a: Togekiss|237\/311
|
|turn|63
|c|âviperaim|lol
|c| xShiba|rip
|c|âdadsdad|hax
|c|âviperaim|lmao
|c|âdadsdad|,,,,
|c|âviperaim|:3
|
|move|p1a: Aegon Targaryen|Dark Pulse|p2a: Togekiss
|-resisted|p2a: Togekiss
|-damage|p2a: Togekiss|167\/311
|-damage|p1a: Aegon Targaryen|16\/325|[from] item: Life Orb
|move|p2a: Togekiss|Roost|p2a: Togekiss
|-heal|p2a: Togekiss|311\/311
|
|turn|64
|c|âdadsdad|ew
|c|âdadsdad|colon 3
|
|move|p1a: Aegon Targaryen|Dark Pulse|p2a: Togekiss
|-resisted|p2a: Togekiss
|-damage|p2a: Togekiss|233\/311
|-damage|p1a: Aegon Targaryen|0 fnt|[from] item: Life Orb
|faint|p1a: Aegon Targaryen
|move|p2a: Togekiss|Flamethrower|p1: Aegon Targaryen|[notarget]
|-notarget
|
|
|switch|p1a: Bruce Wayne|Gligar, M|171\/333
|turn|65
|
|move|p2a: Togekiss|Air Slash|p1a: Bruce Wayne
|-damage|p1a: Bruce Wayne|0 fnt
|faint|p1a: Bruce Wayne
|
|c|âdadsdad|ur so fkn lucky sean oml
|
|switch|p1a: Potato Fairy|Aromatisse, F|236\/404 brn
|turn|66
|c|âviperaim|lmao
|c| xShiba|maybe
|c|âviperaim|u were relying on hax
|c|âviperaim|kek
|c| xShiba|hes just good
|c|âdadsdad|wtf
|c|âviperaim|i made a gr8 play
|c|âdadsdad|u did too
|c|âviperaim|and u got shiited on
|c|âdadsdad|lmao
|c|âviperaim|tbh
|c|âdadsdad|you made absolutely 0 plays
|c|âviperaim|you played amazing this game
|c|âdadsdad|this entire game
|c|âviperaim|wtf
|c|âviperaim|LOL
|c|âviperaim|ive made several plays
|c|âviperaim|dumass
|c|âviperaim|why do u think
|c|âviperaim|we at 66 turns
|c|âviperaim|kek
|c|âdadsdad|because ur lucky
|c| xShiba|dadsdad pull the timer stall
|
|move|p2a: Togekiss|Air Slash|p1a: Potato Fairy
|-damage|p1a: Potato Fairy|0 fnt
|faint|p1a: Potato Fairy
|
|win|viperaim
|c|âdadsdad|fk
|c|âviperaim|gg kek
|c|âdadsdad|faggot
|c|âviperaim|nice try
|c|âdadsdad|bg
|c|âviperaim|:)
|c|âdadsdad|u better not upload that
|c|âviperaim|im uploading this
|c|âviperaim|best game i had all day
|c|âdadsdad|lol
|c|âviperaim|so sorry
|c|âviperaim|lol
|c|âdadsdad|lucky faggot
|c|âviperaim|LMAO
|c|âviperaim|im not a faggot
|c|âviperaim|:\/
|c|âdadsdad|tho if ur gonna upload it
|c|âdadsdad|dont include the chat
|c|âdadsdad|lol
|c|âviperaim|im not
|c|âdadsdad|good
|c|âviperaim|its cancer
|c|âdadsdad|lmao
|c|âviperaim|and u called me a nigger
|c|âviperaim|so
|c|âdadsdad|LMAO
|leave|klos
|c|âdadsdad|!!!!!!!!!!
|c|âviperaim|kek
|c|âviperaim|e
|c|âviperaim|k
|c|âdadsdad|HI UTUBE
|c|âviperaim|no
|c|âviperaim|stop
|c|âdadsdad|kek
|c|âdadsdad|:]
|c|âviperaim|ima
|c|âviperaim|shit post u
|c|âviperaim|in intro
|c|âdadsdad|lmao
|c|âdadsdad|hi guys
|c|âdadsdad|gay sean here
|c|âviperaim|..
|c|âviperaim|>gay sean
|c|âdadsdad|showing u guys a battle with the amazing player known as dadsdad
|c|âviperaim|LMAO
|c|âviperaim|YOU'RE SHIT
|c|âdadsdad|he wouldve rekt me but i got lucky
|c|âviperaim|why would i say that
|c|âdadsdad|not gonna lie
|c|âviperaim|how tf am i lucky
|c|âviperaim|u relied on a fkn flinch
|c|âdadsdad|ended up being a narrow 2-0 victory because of said luck
|c|âviperaim|kek
|c|âviperaim|LMAO
|c|âviperaim|YOU relied
|c|âviperaim|on a flinch
|c|âviperaim|n stayed n
|c|âviperaim|ur shit
|c|âdadsdad|its 60% chance
|c|âdadsdad|bitch nigga
|c|âviperaim|lmao
|c|âviperaim|so fucking what
|c|âdadsdad|not getting it is hax
|c|âviperaim|i missed out on flinched
|c|âviperaim|this game
|c|âdadsdad|lmao
|c|âviperaim|i aint crying
|c|âviperaim|kek
|c|âdadsdad|tentacruel flinched
|c|âdadsdad|bitch nigga
|c|âviperaim|>implying it mattered
|c|âviperaim|u were tryna burn me
|c|âviperaim|ur shit
|c|âdadsdad|wtf
|c|âviperaim|honestly
|c|âdadsdad|i was going for acid spray
|c|âdadsdad|,,,
|c|âviperaim|Lmao
|c|âviperaim|then it hardly mattered
|c|âviperaim|LOL
|c|âdadsdad|fuk u
|c|âviperaim|KEK
|c|âviperaim|!!!!!!!!!!!!
|c|âdadsdad|u fucking burned me with flamethrower
|c|âviperaim|LMAO
|c|âviperaim|20 percent chance
|c|âviperaim|so
|c|âviperaim|oh well
|c|âdadsdad|way less than 60
|c|âdadsdad|bitch
|c|âviperaim|kek
|c|âviperaim|why are u salty
|c|âdadsdad|because you're lucky and bad
|c|âviperaim|you put up a fight
|c|âviperaim|but
|c|âviperaim|im too strong
|c|âdadsdad|lmao
|c|âdadsdad|ur so ignant
|c|âviperaim|>ignant
|c|âviperaim|kek
|c|âviperaim|nice vocab
|c|âdadsdad|>implying that isnt how u niggers say it
|c|âviperaim|LMAO
|c|âviperaim|O
|c|âviperaim|m
|c|âviperaim|g
|c|âviperaim|be nice
|c|âviperaim|or
|c|âviperaim|ill ban u from chat
|c|âdadsdad|lmao
|c|âviperaim|:)
|c|âdadsdad|fuck outta here with that bullshit
|c|âviperaim|kek
|c|âviperaim|i will
|c|âdadsdad|yh rite
|c|âdadsdad|do it
|c|âviperaim|n
|c|âviperaim|im not
|c|âdadsdad|lmao
|c|âviperaim|i dont waste time on plebs
|c|âviperaim|lmao
|c|âdadsdad|little bitch
|c|âviperaim|stfu
|c|âviperaim|u fucking peasant
|c|âdadsdad|if u done being ignant gonna go watch some strong people play
|c|âviperaim|go train ur jirachi
|c|âviperaim|kek
|c|âdadsdad|fk u
|c|âviperaim|lmao
|c|âviperaim|!
|c|âviperaim|i watch my own replays cus im strong
|c|âviperaim|kek
|c|âdadsdad|lmao
|c|âdadsdad|ur bad
|c|âdadsdad|tbh
|c|âviperaim|im not bad
|c|âviperaim|lol
|c|âdadsdad|https:\/\/www.youtube.com\/watch?v=g5qU7p7yOY8
|c|âdadsdad|my mixtape
|c|âdadsdad|watch it
|c|âviperaim|i disliked the vid
|c|âdadsdad|lmao
|c|âdadsdad|ariana grande is fine tbh
|c|âviperaim|ariana
|c|âviperaim|grande
|c|âviperaim|is my wife
|c|âdadsdad|but that so flat :[
|c|âviperaim|i want her babies
|c|âviperaim|idgaf
|c|âviperaim|like
|c|âdadsdad|LMAO
|c|âviperaim|its worth it