|join|dadsdad
|join|meowiekins
|player|p1|dadsdad|108
|player|p2|meowiekins|160
|gametype|singles
|gen|6
|tier|UU
|rule|Sleep Clause Mod: Limit one foe put to sleep
|rule|Species Clause: Limit one of each PokÃ©mon
|rule|OHKO Clause: OHKO moves are banned
|rule|Moody Clause: Moody is banned
|rule|Evasion Moves Clause: Evasion moves are banned
|rule|Endless Battle Clause: Forcing endless battles is banned
|rule|HP Percentage Mod: HP is shown in percentages
|clearpoke
|poke|p1|Ampharos, F
|poke|p1|Gligar, M
|poke|p1|Doublade, M
|poke|p1|Hydreigon, M
|poke|p1|Swampert, M
|poke|p1|Umbreon, F
|poke|p2|Shedinja
|poke|p2|Aggron, M
|poke|p2|Tentacruel, F
|poke|p2|Aromatisse, F
|poke|p2|Xatu, M
|poke|p2|Snorlax, M
|rule|Swagger Clause: Swagger is banned
|rule|Baton Pass Clause: Limit one PokÃ©mon knowing Baton Pass
|teampreview
|c|âdadsdad|fk
|c|âdadsdad|sheddy
|
|start
|switch|p1a: Janos Slynt|Swampert, M|403\/403
|switch|p2a: Aggron|Aggron, M|344\/344
|turn|1
|
|switch|p2a: Xatu|Xatu, M|333\/333
|move|p1a: Janos Slynt|Scald|p2a: Xatu
|-damage|p2a: Xatu|230\/333
|
|turn|2
|c|âdadsdad|nice burn fgt
|
|move|p2a: Xatu|Toxic|p1a: Janos Slynt
|-status|p1a: Janos Slynt|tox
|move|p1a: Janos Slynt|Scald|p2a: Xatu
|-damage|p2a: Xatu|124\/333
|
|-damage|p1a: Janos Slynt|378\/403 tox|[from] psn
|turn|3
|
|switch|p1a: Daenerys Targaryen|Ampharos, F|369\/369
|move|p2a: Xatu|Giga Drain|p1a: Daenerys Targaryen
|-damage|p1a: Daenerys Targaryen|309\/369
|-heal|p2a: Xatu|154\/333|[from] drain|[of] p1a: Daenerys Targaryen
|
|turn|4
|
|switch|p2a: Snorlax|Snorlax, M|497\/497
|detailschange|p1a: Daenerys Targaryen|Ampharos-Mega, F
|message|Ampharos has Mega Evolved into Mega Ampharos!
|-ability|p1a: Daenerys Targaryen|Mold Breaker
|move|p1a: Daenerys Targaryen|Thunderbolt|p2a: Snorlax
|-damage|p2a: Snorlax|355\/497
|
|-heal|p2a: Snorlax|386\/497|[from] item: Leftovers
|turn|5
|
|move|p1a: Daenerys Targaryen|Volt Switch|p2a: Snorlax
|-damage|p2a: Snorlax|259\/497
|
|switch|p1a: Night's Watch|Doublade, M|312\/312
|move|p2a: Snorlax|Body Slam|p1a: Night's Watch
|-immune|p1a: Night's Watch|[msg]
|
|-heal|p2a: Snorlax|290\/497|[from] item: Leftovers
|turn|6
|
|switch|p1a: Daenerys Targaryen|Ampharos-Mega, F|309\/369
|-ability|p1a: Daenerys Targaryen|Mold Breaker
|switch|p2a: Tentacruel|Tentacruel, F|364\/364
|
|turn|7
|
|move|p2a: Tentacruel|Toxic Spikes|p1a: Daenerys Targaryen
|-sidestart|p1: dadsdad|move: Toxic Spikes
|move|p1a: Daenerys Targaryen|Thunderbolt|p2a: Tentacruel
|-supereffective|p2a: Tentacruel
|-damage|p2a: Tentacruel|8\/364
|
|-heal|p2a: Tentacruel|30\/364|[from] item: Black Sludge
|turn|8
|c|âdadsdad|lol im so fkn good
|
|switch|p2a: Snorlax|Snorlax, M|290\/497
|move|p1a: Daenerys Targaryen|Volt Switch|p2a: Snorlax
|-damage|p2a: Snorlax|173\/497
|
|switch|p1a: Night's Watch|Doublade, M|312\/312
|
|-heal|p2a: Snorlax|204\/497|[from] item: Leftovers
|turn|9
|
|move|p1a: Night's Watch|Sacred Sword|p2a: Snorlax
|-supereffective|p2a: Snorlax
|-damage|p2a: Snorlax|0 fnt
|faint|p2a: Snorlax
|
|c|âdadsdad|rip mega amphy check
|c|âmeowiekins|who even runs that
|
|switch|p2a: Aggron|Aggron, M|344\/344
|turn|10
|c|âdadsdad|wtf who doesnt run that
|c|âmeowiekins|most people
|c|âdadsdad|what would you run over that
|c|âmeowiekins|claw
|c|âdadsdad|thats so ass lol
|c|âmeowiekins|no
|c|âdadsdad|how do u even beat hydreigon
|
|switch|p1a: Lord Varys|Gligar, M|333\/333
|detailschange|p2a: Aggron|Aggron-Mega, M
|message|Aggron has Mega Evolved into Mega Aggron!
|move|p2a: Aggron|Earthquake|p1a: Lord Varys
|-immune|p1a: Lord Varys|[msg]
|
|turn|11
|c|âmeowiekins|i guess tht was back in the day
|c|âmeowiekins|when i used doublade
|c|âmeowiekins|and slowbro was here
|
|switch|p2a: Tentacruel|Tentacruel, F|30\/364
|move|p1a: Lord Varys|Defog|p2a: Tentacruel
|-unboost|p2a: Tentacruel|evasion|1
|-sideend|p1: dadsdad|Toxic Spikes|[from] move: Defog|[of] p1a: Lord Varys
|
|-heal|p2a: Tentacruel|52\/364|[from] item: Black Sludge
|turn|12
|c|âdadsdad|yh i used to run claw when slowbro was a thing
|
|move|p2a: Tentacruel|Scald|p1a: Lord Varys
|-crit|p1a: Lord Varys
|-supereffective|p1a: Lord Varys
|-damage|p1a: Lord Varys|165\/333
|move|p1a: Lord Varys|Earthquake|p2a: Tentacruel
|-supereffective|p2a: Tentacruel
|-damage|p2a: Tentacruel|0 fnt
|faint|p2a: Tentacruel
|
|c|âmeowiekins|wow wheres my burn
|c|âmeowiekins|fkn hax
|
|switch|p2a: Xatu|Xatu, M|154\/333
|turn|13
|c|âdadsdad|>>>
|
|move|p2a: Xatu|Night Shade|p1a: Lord Varys
|-damage|p1a: Lord Varys|65\/333
|move|p1a: Lord Varys|Roost|p1a: Lord Varys
|-heal|p1a: Lord Varys|232\/333
|
|turn|14
|
|move|p2a: Xatu|Toxic|p1a: Lord Varys
|-status|p1a: Lord Varys|tox
|move|p1a: Lord Varys|Roost|p1a: Lord Varys
|-heal|p1a: Lord Varys|333\/333 tox
|
|-damage|p1a: Lord Varys|313\/333 tox|[from] psn
|turn|15
|
|move|p2a: Xatu|Roost|p2a: Xatu
|-heal|p2a: Xatu|321\/333
|move|p1a: Lord Varys|U-turn|p2a: Xatu
|-supereffective|p2a: Xatu
|-damage|p2a: Xatu|239\/333
|-damage|p1a: Lord Varys|258\/333 tox|[from] item: Rocky Helmet|[of] p2a: Xatu
|
|switch|p1a: Daenerys Targaryen|Ampharos-Mega, F|309\/369
|-ability|p1a: Daenerys Targaryen|Mold Breaker
|
|turn|16
|c|âdadsdad|nice counters
|
|move|p2a: Xatu|Roost|p2a: Xatu
|-heal|p2a: Xatu|333\/333
|move|p1a: Daenerys Targaryen|Thunderbolt|p2a: Xatu
|-damage|p2a: Xatu|62\/333
|
|turn|17
|
|move|p2a: Xatu|Toxic|p1a: Daenerys Targaryen|[miss]
|-miss|p2a: Xatu|p1a: Daenerys Targaryen
|move|p1a: Daenerys Targaryen|Thunderbolt|p2a: Xatu
|-supereffective|p2a: Xatu
|-damage|p2a: Xatu|0 fnt
|faint|p2a: Xatu
|
|
|switch|p2a: Aggron|Aggron-Mega, M|344\/344
|turn|18
|
|move|p1a: Daenerys Targaryen|Volt Switch|p2a: Aggron
|-damage|p2a: Aggron|214\/344
|
|switch|p1a: Janos Slynt|Swampert, M|378\/403 tox
|move|p2a: Aggron|Earthquake|p1a: Janos Slynt
|-damage|p1a: Janos Slynt|294\/403 tox
|
|-heal|p1a: Janos Slynt|319\/403 tox|[from] item: Leftovers
|-damage|p1a: Janos Slynt|294\/403 tox|[from] psn
|turn|19
|
|switch|p2a: _(ã)_\/Â¯|Shedinja|1\/1
|move|p1a: Janos Slynt|Stealth Rock|p2a: _(ã)_\/Â¯
|-sidestart|p2: meowiekins|move: Stealth Rock
|
|-heal|p1a: Janos Slynt|319\/403 tox|[from] item: Leftovers
|-damage|p1a: Janos Slynt|269\/403 tox|[from] psn
|turn|20
|
|move|p2a: _(ã)_\/Â¯|Swords Dance|p2a: _(ã)_\/Â¯
|-boost|p2a: _(ã)_\/Â¯|atk|2
|move|p1a: Janos Slynt|Roar|p2a: _(ã)_\/Â¯
|drag|p2a: Aggron|Aggron-Mega, M|214\/344
|-damage|p2a: Aggron|193\/344|[from] Stealth Rock
|
|-heal|p1a: Janos Slynt|294\/403 tox|[from] item: Leftovers
|-damage|p1a: Janos Slynt|219\/403 tox|[from] psn
|turn|21
|c|âmeowiekins|:[
|
|move|p1a: Janos Slynt|Scald|p2a: Aggron
|-damage|p2a: Aggron|127\/344
|move|p2a: Aggron|Stealth Rock|p1a: Janos Slynt
|-sidestart|p1: dadsdad|move: Stealth Rock
|
|-heal|p1a: Janos Slynt|244\/403 tox|[from] item: Leftovers
|-damage|p1a: Janos Slynt|144\/403 tox|[from] psn
|turn|22
|c|âdadsdad|im so fkn good m8
|
|move|p1a: Janos Slynt|Scald|p2a: Aggron
|-damage|p2a: Aggron|63\/344
|-status|p2a: Aggron|brn
|move|p2a: Aggron|Earthquake|p1a: Janos Slynt
|-damage|p1a: Janos Slynt|102\/403 tox
|
|-heal|p1a: Janos Slynt|127\/403 tox|[from] item: Leftovers
|-damage|p1a: Janos Slynt|2\/403 tox|[from] psn
|-damage|p2a: Aggron|20\/344 brn|[from] brn
|turn|23
|c|âdadsdad|ayy
|join|tst_100
|
|switch|p1a: Night's Watch|Doublade, M|312\/312
|-damage|p1a: Night's Watch|293\/312|[from] Stealth Rock
|move|p2a: Aggron|Heavy Slam|p1a: Night's Watch
|-resisted|p1a: Night's Watch
|-damage|p1a: Night's Watch|270\/312
|
|-damage|p2a: Aggron|0 fnt|[from] brn
|faint|p2a: Aggron
|
|switch|p2a: Aromatisse|Aromatisse, F|406\/406
|-damage|p2a: Aromatisse|356\/406|[from] Stealth Rock
|turn|24
|leave|tst_100
|c|âdadsdad|got to preserve this 6-0
|
|move|p1a: Night's Watch|Swords Dance|p1a: Night's Watch
|-boost|p1a: Night's Watch|atk|2
|move|p2a: Aromatisse|Moonblast|p1a: Night's Watch
|-resisted|p1a: Night's Watch
|-damage|p1a: Night's Watch|202\/312
|-unboost|p1a: Night's Watch|spa|1
|
|-heal|p2a: Aromatisse|381\/406|[from] item: Leftovers
|turn|25
|c|âmeowiekins|ur a fgt
|c|âmeowiekins|lmoa
|c|âdadsdad|kek!
|
|move|p1a: Night's Watch|Iron Head|p2a: Aromatisse
|-supereffective|p2a: Aromatisse
|-damage|p2a: Aromatisse|0 fnt
|faint|p2a: Aromatisse
|
|c|âmeowiekins|gg
|c|âdadsdad|gg
|-message|meowiekins forfeited.
|
|win|dadsdad