|join|wts this
|join|Gaet-Kun06
|player|p1|wts this|20
|player|p2|Gaet-Kun06|163
|gametype|singles
|gen|6
|tier|OU
|rated
|clearpoke
|poke|p1|Gyarados, M
|poke|p1|Keldeo-Resolute
|poke|p1|Tyranitar, M
|poke|p1|Excadrill, M
|poke|p1|Celebi
|poke|p1|Latias, F
|poke|p2|Lopunny, F
|poke|p2|Talonflame, F
|poke|p2|Tyranitar, F
|poke|p2|Excadrill, M
|poke|p2|Bisharp, M
|poke|p2|Rotom-Wash
|rule|Swagger Clause: Swagger is banned
|rule|Baton Pass Clause: Limit one PokÃ©mon knowing Baton Pass
|rule|Sleep Clause Mod: Limit one foe put to sleep
|rule|Species Clause: Limit one of each PokÃ©mon
|rule|OHKO Clause: OHKO moves are banned
|rule|Moody Clause: Moody is banned
|rule|Evasion Moves Clause: Evasion moves are banned
|rule|Endless Battle Clause: Forcing endless battles is banned
|rule|HP Percentage Mod: HP is shown in percentages
|teampreview
|join|imprezzive
|
|start
|switch|p1a: Tyranitar|Tyranitar, M|399\/399
|switch|p2a: Lopunny|Lopunny, F|271\/271
|-weather|Sandstorm
|turn|1
|
|switch|p1a: Latias|Latias, F|319\/319
|detailschange|p2a: Lopunny|Lopunny-Mega, F
|-mega|p2a: Lopunny|Lopunny|Lopunnite
|move|p2a: Lopunny|Fake Out|p1a: Latias
|-damage|p1a: Latias|235\/319
|
|-weather|Sandstorm|[upkeep]
|-damage|p1a: Latias|216\/319|[from] sandstorm
|-damage|p2a: Lopunny|255\/271|[from] sandstorm
|turn|2
|
|switch|p1a: Gyarados|Gyarados, M|353\/353
|-ability|p1a: Gyarados|Intimidate|[of] p2a: Lopunny
|-unboost|p2a: Lopunny|atk|1
|move|p2a: Lopunny|Return|p1a: Gyarados
|-damage|p1a: Gyarados|214\/353
|
|-weather|Sandstorm|[upkeep]
|-damage|p2a: Lopunny|239\/271|[from] sandstorm
|-damage|p1a: Gyarados|192\/353|[from] sandstorm
|turn|3
|
|switch|p2a: Rotom-Wash|Rotom-Wash|304\/304
|switch|p1a: Latias|Latias, F|216\/319
|
|-weather|Sandstorm|[upkeep]
|-damage|p1a: Latias|197\/319|[from] sandstorm
|-damage|p2a: Rotom-Wash|285\/304|[from] sandstorm
|turn|4
|
|switch|p2a: Tyranitar|Tyranitar, F|401\/401
|move|p1a: Latias|Draco Meteor|p2a: Tyranitar|[miss]
|-miss|p1a: Latias|p2a: Tyranitar
|
|-weather|Sandstorm|[upkeep]
|-damage|p1a: Latias|178\/319|[from] sandstorm
|turn|5
|
|move|p1a: Latias|Draco Meteor|p2a: Tyranitar
|-damage|p2a: Tyranitar|277\/401
|-unboost|p1a: Latias|spa|2
|move|p2a: Tyranitar|Fire Blast|p1a: Latias|[miss]
|-miss|p2a: Tyranitar|p1a: Latias
|
|-weather|Sandstorm|[upkeep]
|-damage|p1a: Latias|159\/319|[from] sandstorm
|turn|6
|
|switch|p1a: Keldeo-Resolute|Keldeo-Resolute|323\/323
|move|p2a: Tyranitar|Stealth Rock|p1a: Keldeo-Resolute
|-sidestart|p1: wts this|move: Stealth Rock
|
|-weather|Sandstorm|[upkeep]
|-damage|p1a: Keldeo-Resolute|303\/323|[from] sandstorm
|-heal|p1a: Keldeo-Resolute|323\/323|[from] item: Leftovers
|turn|7
|
|switch|p2a: Rotom-Wash|Rotom-Wash|285\/304
|move|p1a: Keldeo-Resolute|Substitute|p1a: Keldeo-Resolute
|-start|p1a: Keldeo-Resolute|Substitute
|-damage|p1a: Keldeo-Resolute|243\/323
|
|-weather|Sandstorm|[upkeep]
|-damage|p1a: Keldeo-Resolute|223\/323|[from] sandstorm
|-damage|p2a: Rotom-Wash|266\/304|[from] sandstorm
|-heal|p1a: Keldeo-Resolute|243\/323|[from] item: Leftovers
|turn|8
|
|move|p1a: Keldeo-Resolute|Secret Sword|p2a: Rotom-Wash
|-damage|p2a: Rotom-Wash|152\/304
|-enditem|p2a: Rotom-Wash|Sitrus Berry|[eat]
|-heal|p2a: Rotom-Wash|228\/304|[from] item: Sitrus Berry
|move|p2a: Rotom-Wash|Volt Switch|p1a: Keldeo-Resolute
|-supereffective|p1a: Keldeo-Resolute
|-end|p1a: Keldeo-Resolute|Substitute
|
|switch|p2a: Lopunny|Lopunny-Mega, F|239\/271
|
|-weather|none
|-heal|p1a: Keldeo-Resolute|263\/323|[from] item: Leftovers
|turn|9
|
|switch|p1a: Latias|Latias, F|159\/319
|-damage|p1a: Latias|120\/319|[from] Stealth Rock
|move|p2a: Lopunny|Fake Out|p1a: Latias
|-damage|p1a: Latias|45\/319
|
|turn|10
|
|move|p1a: Latias|Psyshock|p2a: Lopunny
|-supereffective|p2a: Lopunny
|-damage|p2a: Lopunny|0 fnt
|faint|p2a: Lopunny
|
|
|switch|p2a: Bisharp|Bisharp, M|271\/271
|turn|11
|
|switch|p1a: Keldeo-Resolute|Keldeo-Resolute|263\/323
|-damage|p1a: Keldeo-Resolute|243\/323|[from] Stealth Rock
|move|p2a: Bisharp|Knock Off|p1a: Keldeo-Resolute
|-resisted|p1a: Keldeo-Resolute
|-damage|p1a: Keldeo-Resolute|107\/323
|-boost|p1a: Keldeo-Resolute|atk|1|[from] ability: Justified
|-enditem|p1a: Keldeo-Resolute|Leftovers|[from] move: Knock Off|[of] p2a: Bisharp
|-damage|p2a: Bisharp|244\/271|[from] item: Life Orb
|
|turn|12
|
|switch|p2a: Rotom-Wash|Rotom-Wash|228\/304
|move|p1a: Keldeo-Resolute|Secret Sword|p2a: Rotom-Wash
|-damage|p2a: Rotom-Wash|116\/304
|
|turn|13
|leave|imprezzive
|
|switch|p1a: Celebi|Celebi|403\/403
|-damage|p1a: Celebi|353\/403|[from] Stealth Rock
|move|p2a: Rotom-Wash|Volt Switch|p1a: Celebi
|-resisted|p1a: Celebi
|-damage|p1a: Celebi|312\/403
|
|switch|p2a: Bisharp|Bisharp, M|244\/271
|
|-heal|p1a: Celebi|337\/403|[from] item: Leftovers
|turn|14
|
|move|p1a: Celebi|Earth Power|p2a: Bisharp
|-supereffective|p2a: Bisharp
|-damage|p2a: Bisharp|42\/271
|move|p2a: Bisharp|Knock Off|p1a: Celebi
|-supereffective|p1a: Celebi
|-damage|p1a: Celebi|0 fnt
|-enditem|p1a: Celebi|Leftovers|[from] move: Knock Off|[of] p2a: Bisharp
|-damage|p2a: Bisharp|15\/271|[from] item: Life Orb
|faint|p1a: Celebi
|
|
|switch|p1a: Latias|Latias, F|45\/319
|-damage|p1a: Latias|6\/319|[from] Stealth Rock
|turn|15
|
|move|p1a: Latias|Healing Wish|p1a: Latias
|faint|p1a: Latias
|move|p2a: Bisharp|Swords Dance|p2a: Bisharp
|-boost|p2a: Bisharp|atk|2
|
|
|switch|p1a: Keldeo-Resolute|Keldeo-Resolute|107\/323
|-heal|p1a: Keldeo-Resolute|323\/323|[from] move: Healing Wish
|-damage|p1a: Keldeo-Resolute|303\/323|[from] Stealth Rock
|turn|16
|
|move|p1a: Keldeo-Resolute|Substitute|p1a: Keldeo-Resolute
|-start|p1a: Keldeo-Resolute|Substitute
|-damage|p1a: Keldeo-Resolute|223\/323
|move|p2a: Bisharp|Iron Head|p1a: Keldeo-Resolute
|-resisted|p1a: Keldeo-Resolute
|-end|p1a: Keldeo-Resolute|Substitute
|-damage|p2a: Bisharp|0 fnt|[from] item: Life Orb
|faint|p2a: Bisharp
|
|
|switch|p2a: Talonflame|Talonflame, F|345\/345
|turn|17
|
|switch|p1a: Tyranitar|Tyranitar, M|399\/399
|-damage|p1a: Tyranitar|350\/399|[from] Stealth Rock
|-weather|Sandstorm
|move|p2a: Talonflame|Will-O-Wisp|p1a: Tyranitar
|-status|p1a: Tyranitar|brn
|
|-weather|Sandstorm|[upkeep]
|-damage|p2a: Talonflame|324\/345|[from] sandstorm
|-heal|p2a: Talonflame|345\/345|[from] item: Leftovers
|-damage|p1a: Tyranitar|301\/399 brn|[from] brn
|turn|18
|
|move|p2a: Talonflame|Taunt|p1a: Tyranitar
|-start|p1a: Tyranitar|move: Taunt
|cant|p1a: Tyranitar|move: Taunt|Stealth Rock
|
|-weather|Sandstorm|[upkeep]
|-damage|p2a: Talonflame|324\/345|[from] sandstorm
|-heal|p2a: Talonflame|345\/345|[from] item: Leftovers
|-damage|p1a: Tyranitar|252\/399 brn|[from] brn
|turn|19
|
|switch|p2a: Excadrill|Excadrill, M|374\/374
|switch|p1a: Excadrill|Excadrill, M|361\/361
|-damage|p1a: Excadrill|350\/361|[from] Stealth Rock
|
|-weather|Sandstorm|[upkeep]
|turn|20
|
|move|p1a: Excadrill|Iron Head|p2a: Excadrill
|-resisted|p2a: Excadrill
|-damage|p2a: Excadrill|206\/374
|-damage|p1a: Excadrill|314\/361|[from] item: Life Orb
|move|p2a: Excadrill|Earthquake|p1a: Excadrill
|-supereffective|p1a: Excadrill
|-damage|p1a: Excadrill|0 fnt
|-damage|p2a: Excadrill|169\/374|[from] item: Life Orb
|faint|p1a: Excadrill
|
|-weather|Sandstorm|[upkeep]
|
|switch|p1a: Gyarados|Gyarados, M|192\/353
|-damage|p1a: Gyarados|104\/353|[from] Stealth Rock
|-ability|p1a: Gyarados|Intimidate|[of] p2a: Excadrill
|-unboost|p2a: Excadrill|atk|1
|turn|21
|
|detailschange|p1a: Gyarados|Gyarados-Mega, M
|-mega|p1a: Gyarados|Gyarados|Gyaradosite
|-ability|p1a: Gyarados|Mold Breaker
|move|p2a: Excadrill|Rock Slide|p1a: Gyarados
|-miss|p2a: Excadrill|p1a: Gyarados
|move|p1a: Gyarados|Waterfall|p2a: Excadrill
|-supereffective|p2a: Excadrill
|-damage|p2a: Excadrill|0 fnt
|faint|p2a: Excadrill
|
|-weather|Sandstorm|[upkeep]
|-damage|p1a: Gyarados|82\/353|[from] sandstorm
|
|switch|p2a: Talonflame|Talonflame, F|345\/345
|turn|22
|
|switch|p1a: Tyranitar|Tyranitar, M|252\/399 brn
|-damage|p1a: Tyranitar|203\/399 brn|[from] Stealth Rock
|move|p2a: Talonflame|Brave Bird|p1a: Tyranitar
|-resisted|p1a: Tyranitar
|-damage|p1a: Tyranitar|119\/399 brn
|-damage|p2a: Talonflame|317\/345|[from] recoil|[of] p1a: Tyranitar
|
|-weather|Sandstorm|[upkeep]
|-damage|p2a: Talonflame|296\/345|[from] sandstorm
|-heal|p2a: Talonflame|317\/345|[from] item: Leftovers
|-damage|p1a: Tyranitar|70\/399 brn|[from] brn
|turn|23
|
|switch|p2a: Rotom-Wash|Rotom-Wash|116\/304
|move|p1a: Tyranitar|Stone Edge|p2a: Rotom-Wash
|-damage|p2a: Rotom-Wash|58\/304
|
|-weather|Sandstorm|[upkeep]
|-damage|p2a: Rotom-Wash|39\/304|[from] sandstorm
|-damage|p1a: Tyranitar|21\/399 brn|[from] brn
|turn|24
|
|move|p2a: Rotom-Wash|Volt Switch|p1a: Tyranitar
|-damage|p1a: Tyranitar|0 fnt
|faint|p1a: Tyranitar
|
|switch|p2a: Talonflame|Talonflame, F|317\/345
|
|-weather|none
|-heal|p2a: Talonflame|338\/345|[from] item: Leftovers
|-message|wts this forfeited.
|leave|wts this
|
|win|Gaet-Kun06
|raw|Ladder updating...
|player|p1
|raw|wts this's rating: 1570 &rarr; <strong>1549<\/strong><br \/>(-21 for losing)
|raw|Gaet-Kun06's rating: 1556 &rarr; <strong>1577<\/strong><br \/>(+21 for winning)