|join|PeterEqualsAmerica
|join|wts this
|player|p1|PeterEqualsAmerica|2
|player|p2|wts this|20
|gametype|singles
|gen|6
|tier|OU
|rated
|clearpoke
|poke|p1|Keldeo
|poke|p1|Skarmory, F
|poke|p1|Chansey, F
|poke|p1|Quagsire, M
|poke|p1|Cresselia, F
|poke|p1|Sableye, M
|poke|p2|Gallade, M
|poke|p2|Bisharp, M
|poke|p2|Sylveon, F
|poke|p2|Heatran, M
|poke|p2|Rotom-Wash
|poke|p2|Landorus, M
|rule|Swagger Clause: Swagger is banned
|rule|Baton Pass Clause: Limit one PokÃ©mon knowing Baton Pass
|rule|Sleep Clause Mod: Limit one foe put to sleep
|rule|Species Clause: Limit one of each PokÃ©mon
|rule|OHKO Clause: OHKO moves are banned
|rule|Moody Clause: Moody is banned
|rule|Evasion Moves Clause: Evasion moves are banned
|rule|Endless Battle Clause: Forcing endless battles is banned
|rule|HP Percentage Mod: HP is shown in percentages
|teampreview
|
|start
|switch|p1a: Sableye|Sableye, M|301\/301
|switch|p2a: Sylveon|Sylveon, F|391\/391
|turn|1
|
|move|p2a: Sylveon|Hidden Power|p1a: Sableye
|-damage|p1a: Sableye|197\/301
|move|p1a: Sableye|Knock Off|p2a: Sylveon
|-resisted|p2a: Sylveon
|-damage|p2a: Sylveon|323\/391
|-enditem|p2a: Sylveon|Choice Specs|[from] move: Knock Off|[of] p1a: Sableye
|
|turn|2
|
|switch|p1a: Chansey|Chansey, F|642\/642
|move|p2a: Sylveon|Hidden Power|p1a: Chansey
|-damage|p1a: Chansey|604\/642
|
|turn|3
|
|move|p2a: Sylveon|Baton Pass|p2a: Sylveon
|
|switch|p2a: Heatran|Heatran, M|385\/385
|move|p1a: Chansey|Stealth Rock|p2a: Heatran
|-sidestart|p2: wts this|move: Stealth Rock
|
|turn|4
|
|move|p2a: Heatran|Stealth Rock|p1a: Chansey
|-sidestart|p1: PeterEqualsAmerica|move: Stealth Rock
|move|p1a: Chansey|Seismic Toss|p2a: Heatran
|-damage|p2a: Heatran|285\/385
|
|-heal|p2a: Heatran|309\/385|[from] item: Leftovers
|turn|5
|
|move|p2a: Heatran|Toxic|p1a: Chansey
|-status|p1a: Chansey|tox
|move|p1a: Chansey|Seismic Toss|p2a: Heatran
|-damage|p2a: Heatran|209\/385
|
|-heal|p2a: Heatran|233\/385|[from] item: Leftovers
|-damage|p1a: Chansey|564\/642 tox|[from] psn
|turn|6
|
|move|p2a: Heatran|Taunt|p1a: Chansey
|-start|p1a: Chansey|move: Taunt
|cant|p1a: Chansey|move: Taunt|Heal Bell
|
|-heal|p2a: Heatran|257\/385|[from] item: Leftovers
|-damage|p1a: Chansey|484\/642 tox|[from] psn
|turn|7
|
|switch|p1a: Keldeo|Keldeo|322\/322
|-damage|p1a: Keldeo|302\/322|[from] Stealth Rock
|move|p2a: Heatran|Lava Plume|p1a: Keldeo
|-resisted|p1a: Keldeo
|-damage|p1a: Keldeo|241\/322
|
|-heal|p2a: Heatran|281\/385|[from] item: Leftovers
|turn|8
|
|switch|p2a: Sylveon|Sylveon, F|323\/391
|-damage|p2a: Sylveon|275\/391|[from] Stealth Rock
|move|p1a: Keldeo|Scald|p2a: Sylveon
|-damage|p2a: Sylveon|145\/391
|
|turn|9
|
|switch|p1a: Chansey|Chansey, F|484\/642
|-damage|p1a: Chansey|404\/642|[from] Stealth Rock
|move|p2a: Sylveon|Baton Pass|p2a: Sylveon
|
|switch|p2a: Gallade|Gallade, M|277\/277
|-damage|p2a: Gallade|260\/277|[from] Stealth Rock
|
|turn|10
|
|switch|p1a: Cresselia|Cresselia, F|441\/441
|-damage|p1a: Cresselia|386\/441|[from] Stealth Rock
|detailschange|p2a: Gallade|Gallade-Mega, M
|-mega|p2a: Gallade|Gallade|Galladite
|move|p2a: Gallade|Knock Off|p1a: Cresselia
|-supereffective|p1a: Cresselia
|-damage|p1a: Cresselia|206\/441
|-enditem|p1a: Cresselia|Leftovers|[from] move: Knock Off|[of] p2a: Gallade
|
|turn|11
|
|switch|p2a: Rotom-Wash|Rotom-Wash|303\/303
|-damage|p2a: Rotom-Wash|266\/303|[from] Stealth Rock
|move|p1a: Cresselia|Toxic|p2a: Rotom-Wash
|-status|p2a: Rotom-Wash|tox
|
|-heal|p2a: Rotom-Wash|284\/303 tox|[from] item: Leftovers
|-damage|p2a: Rotom-Wash|266\/303 tox|[from] psn
|turn|12
|
|switch|p1a: Sableye|Sableye, M|197\/301
|-damage|p1a: Sableye|160\/301|[from] Stealth Rock
|move|p2a: Rotom-Wash|Volt Switch|p1a: Sableye
|-damage|p1a: Sableye|69\/301
|
|switch|p2a: Sylveon|Sylveon, F|145\/391
|-damage|p2a: Sylveon|97\/391|[from] Stealth Rock
|
|turn|13
|
|switch|p1a: Skarmory|Skarmory, F|333\/333
|-damage|p1a: Skarmory|292\/333|[from] Stealth Rock
|move|p2a: Sylveon|Hyper Voice|p1a: Skarmory
|-resisted|p1a: Skarmory
|-damage|p1a: Skarmory|168\/333
|
|-heal|p1a: Skarmory|188\/333|[from] item: Leftovers
|turn|14
|
|move|p1a: Skarmory|Roost|p1a: Skarmory
|-heal|p1a: Skarmory|333\/333
|move|p2a: Sylveon|Baton Pass|p2a: Sylveon
|
|switch|p2a: Heatran|Heatran, M|281\/385
|-damage|p2a: Heatran|233\/385|[from] Stealth Rock
|
|-heal|p2a: Heatran|257\/385|[from] item: Leftovers
|turn|15
|
|switch|p1a: Quagsire|Quagsire, M|394\/394
|-damage|p1a: Quagsire|370\/394|[from] Stealth Rock
|move|p2a: Heatran|Toxic|p1a: Quagsire
|-status|p1a: Quagsire|tox
|
|-heal|p2a: Heatran|281\/385|[from] item: Leftovers
|-heal|p1a: Quagsire|394\/394 tox|[from] item: Leftovers
|-damage|p1a: Quagsire|370\/394 tox|[from] psn
|turn|16
|
|switch|p2a: Sylveon|Sylveon, F|97\/391
|-damage|p2a: Sylveon|49\/391|[from] Stealth Rock
|move|p1a: Quagsire|Scald|p2a: Sylveon
|-damage|p2a: Sylveon|0 fnt
|faint|p2a: Sylveon
|
|-heal|p1a: Quagsire|394\/394 tox|[from] item: Leftovers
|-damage|p1a: Quagsire|346\/394 tox|[from] psn
|
|switch|p2a: Landorus|Landorus, M|319\/319
|-damage|p2a: Landorus|280\/319|[from] Stealth Rock
|turn|17
|
|switch|p1a: Chansey|Chansey, F|404\/642
|-damage|p1a: Chansey|324\/642|[from] Stealth Rock
|move|p2a: Landorus|Earth Power|p1a: Chansey
|-damage|p1a: Chansey|234\/642
|
|turn|18
|
|switch|p2a: Bisharp|Bisharp, M|269\/269
|-damage|p2a: Bisharp|253\/269|[from] Stealth Rock
|move|p1a: Chansey|Soft-Boiled|p1a: Chansey
|-heal|p1a: Chansey|555\/642
|
|turn|19
|
|switch|p1a: Quagsire|Quagsire, M|346\/394 tox
|-damage|p1a: Quagsire|322\/394 tox|[from] Stealth Rock
|move|p2a: Bisharp|Knock Off|p1a: Quagsire
|-damage|p1a: Quagsire|130\/394 tox
|-enditem|p1a: Quagsire|Leftovers|[from] move: Knock Off|[of] p2a: Bisharp
|-damage|p2a: Bisharp|227\/269|[from] item: Life Orb
|
|-damage|p1a: Quagsire|106\/394 tox|[from] psn
|turn|20
|
|move|p2a: Bisharp|Knock Off|p1a: Quagsire
|-damage|p1a: Quagsire|0 fnt
|-damage|p2a: Bisharp|201\/269|[from] item: Life Orb
|faint|p1a: Quagsire
|
|
|switch|p1a: Skarmory|Skarmory, F|333\/333
|-damage|p1a: Skarmory|292\/333|[from] Stealth Rock
|turn|21
|
|move|p2a: Bisharp|Swords Dance|p2a: Bisharp
|-boost|p2a: Bisharp|atk|2
|move|p1a: Skarmory|Spikes|p2a: Bisharp
|-sidestart|p2: wts this|Spikes
|
|-heal|p1a: Skarmory|312\/333|[from] item: Leftovers
|turn|22
|
|move|p2a: Bisharp|Knock Off|p1a: Skarmory
|-damage|p1a: Skarmory|26\/333
|-enditem|p1a: Skarmory|Leftovers|[from] move: Knock Off|[of] p2a: Bisharp
|-damage|p2a: Bisharp|175\/269|[from] item: Life Orb
|move|p1a: Skarmory|Counter|p2a: Bisharp
|-damage|p2a: Bisharp|0 fnt
|faint|p2a: Bisharp
|
|
|switch|p2a: Rotom-Wash|Rotom-Wash|266\/303 tox
|-damage|p2a: Rotom-Wash|229\/303 tox|[from] Stealth Rock
|turn|23
|
|move|p2a: Rotom-Wash|Volt Switch|p1a: Skarmory
|-supereffective|p1a: Skarmory
|-damage|p1a: Skarmory|0 fnt
|faint|p1a: Skarmory
|
|switch|p2a: Landorus|Landorus, M|280\/319
|-damage|p2a: Landorus|241\/319|[from] Stealth Rock
|
|
|switch|p1a: Keldeo|Keldeo|241\/322
|-damage|p1a: Keldeo|221\/322|[from] Stealth Rock
|turn|24
|
|move|p2a: Landorus|Psychic|p1a: Keldeo
|-supereffective|p1a: Keldeo
|-damage|p1a: Keldeo|0 fnt
|faint|p1a: Keldeo
|
|
|switch|p1a: Cresselia|Cresselia, F|206\/441
|-damage|p1a: Cresselia|151\/441|[from] Stealth Rock
|turn|25
|
|switch|p2a: Heatran|Heatran, M|281\/385
|-damage|p2a: Heatran|233\/385|[from] Spikes
|-damage|p2a: Heatran|185\/385|[from] Stealth Rock
|move|p1a: Cresselia|Moonlight|p1a: Cresselia
|-heal|p1a: Cresselia|371\/441
|
|-heal|p2a: Heatran|209\/385|[from] item: Leftovers
|turn|26
|
|switch|p1a: Chansey|Chansey, F|555\/642
|-damage|p1a: Chansey|475\/642|[from] Stealth Rock
|move|p2a: Heatran|Toxic|p1a: Chansey
|-status|p1a: Chansey|tox
|
|-heal|p2a: Heatran|233\/385|[from] item: Leftovers
|-damage|p1a: Chansey|435\/642 tox|[from] psn
|turn|27
|
|move|p2a: Heatran|Taunt|p1a: Chansey
|-start|p1a: Chansey|move: Taunt
|move|p1a: Chansey|Seismic Toss|p2a: Heatran
|-damage|p2a: Heatran|133\/385
|
|-heal|p2a: Heatran|157\/385|[from] item: Leftovers
|-damage|p1a: Chansey|355\/642 tox|[from] psn
|turn|28
|
|switch|p2a: Gallade|Gallade-Mega, M|260\/277
|-damage|p2a: Gallade|243\/277|[from] Stealth Rock
|-damage|p2a: Gallade|209\/277|[from] Spikes
|move|p1a: Chansey|Seismic Toss|p2a: Gallade
|-damage|p2a: Gallade|109\/277
|
|-damage|p1a: Chansey|235\/642 tox|[from] psn
|turn|29
|
|switch|p1a: Cresselia|Cresselia, F|371\/441
|-damage|p1a: Cresselia|316\/441|[from] Stealth Rock
|move|p2a: Gallade|Swords Dance|p2a: Gallade
|-boost|p2a: Gallade|atk|2
|
|turn|30
|
|move|p2a: Gallade|Knock Off|p1a: Cresselia
|-supereffective|p1a: Cresselia
|-damage|p1a: Cresselia|80\/441
|move|p1a: Cresselia|Toxic|p2a: Gallade
|-status|p2a: Gallade|tox
|
|-damage|p2a: Gallade|92\/277 tox|[from] psn
|turn|31
|
|move|p2a: Gallade|Knock Off|p1a: Cresselia
|-supereffective|p1a: Cresselia
|-damage|p1a: Cresselia|0 fnt
|faint|p1a: Cresselia
|
|-damage|p2a: Gallade|58\/277 tox|[from] psn
|
|switch|p1a: Sableye|Sableye, M|69\/301
|-damage|p1a: Sableye|32\/301|[from] Stealth Rock
|turn|32
|
|move|p1a: Sableye|Recover|p1a: Sableye
|-heal|p1a: Sableye|183\/301
|move|p2a: Gallade|Knock Off|p1a: Sableye
|-damage|p1a: Sableye|0 fnt
|faint|p1a: Sableye
|
|-damage|p2a: Gallade|7\/277 tox|[from] psn
|
|switch|p1a: Chansey|Chansey, F|235\/642
|-damage|p1a: Chansey|155\/642|[from] Stealth Rock
|turn|33
|-message|PeterEqualsAmerica forfeited.
|leave|PeterEqualsAmerica
|
|win|wts this
|raw|Ladder updating...
|player|p1
|raw|PeterEqualsAmerica's rating: 1578 &rarr; <strong>1555<\/strong><br \/>(-23 for losing)
|raw|wts this's rating: 1519 &rarr; <strong>1543<\/strong><br \/>(+24 for winning)