|join|wts this
|join|Future.Cop
|player|p1|wts this|20
|player|p2|Future.Cop|1
|gametype|singles
|gen|6
|tier|OU
|rated
|clearpoke
|poke|p1|Lopunny, F, shiny
|poke|p1|Talonflame, M
|poke|p1|Bronzong
|poke|p1|Quagsire, F
|poke|p1|Manaphy
|poke|p1|Latios, M
|poke|p2|Tyranitar, M
|poke|p2|Excadrill, F
|poke|p2|Kyurem-Black
|poke|p2|Mew
|poke|p2|Venusaur, M
|poke|p2|Heatran, M
|rule|Swagger Clause: Swagger is banned
|rule|Baton Pass Clause: Limit one PokÃ©mon knowing Baton Pass
|rule|Sleep Clause Mod: Limit one foe put to sleep
|rule|Species Clause: Limit one of each PokÃ©mon
|rule|OHKO Clause: OHKO moves are banned
|rule|Moody Clause: Moody is banned
|rule|Evasion Moves Clause: Evasion moves are banned
|rule|Endless Battle Clause: Forcing endless battles is banned
|rule|HP Percentage Mod: HP is shown in percentages
|teampreview
|
|start
|switch|p1a: Lopunny|Lopunny, F, shiny|271\/271
|switch|p2a: Venusaur|Venusaur, M|362\/362
|turn|1
|
|detailschange|p1a: Lopunny|Lopunny-Mega, F, shiny
|-mega|p1a: Lopunny|Lopunny|Lopunnite
|detailschange|p2a: Venusaur|Venusaur-Mega, M
|-mega|p2a: Venusaur|Venusaur|Venusaurite
|move|p1a: Lopunny|Fake Out|p2a: Venusaur
|-crit|p2a: Venusaur
|-damage|p2a: Venusaur|293\/362
|cant|p2a: Venusaur|flinch
|
|turn|2
|
|switch|p1a: Bronzong|Bronzong|338\/338
|move|p2a: Venusaur|Leech Seed|p1a: Bronzong
|-start|p1a: Bronzong|move: Leech Seed
|
|-damage|p1a: Bronzong|296\/338|[from] Leech Seed|[of] p2a: Venusaur
|-heal|p2a: Venusaur|335\/362|[silent]
|turn|3
|
|switch|p2a: Tyranitar|Tyranitar, M|401\/401
|-weather|Sandstorm
|move|p1a: Bronzong|Stealth Rock|p2a: Tyranitar
|-sidestart|p2: Future.Cop|move: Stealth Rock
|
|-weather|Sandstorm|[upkeep]
|-heal|p1a: Bronzong|317\/338|[from] item: Leftovers
|-damage|p1a: Bronzong|275\/338|[from] Leech Seed|[of] p2a: Tyranitar
|turn|4
|
|move|p2a: Tyranitar|Stealth Rock|p1a: Bronzong
|-sidestart|p1: wts this|move: Stealth Rock
|move|p1a: Bronzong|Toxic|p2a: Tyranitar
|-status|p2a: Tyranitar|tox
|
|-weather|Sandstorm|[upkeep]
|-heal|p1a: Bronzong|296\/338|[from] item: Leftovers
|-damage|p1a: Bronzong|254\/338|[from] Leech Seed|[of] p2a: Tyranitar
|-damage|p2a: Tyranitar|376\/401 tox|[from] psn
|turn|5
|
|switch|p1a: Quagsire|Quagsire, F|394\/394
|-damage|p1a: Quagsire|370\/394|[from] Stealth Rock
|move|p2a: Tyranitar|Crunch|p1a: Quagsire
|-damage|p1a: Quagsire|268\/394
|
|-weather|Sandstorm|[upkeep]
|-heal|p1a: Quagsire|292\/394|[from] item: Leftovers
|-damage|p2a: Tyranitar|326\/401 tox|[from] psn
|turn|6
|
|switch|p2a: Venusaur|Venusaur-Mega, M|335\/362
|-damage|p2a: Venusaur|290\/362|[from] Stealth Rock
|move|p1a: Quagsire|Recover|p1a: Quagsire
|-heal|p1a: Quagsire|394\/394
|
|-weather|Sandstorm|[upkeep]
|-damage|p2a: Venusaur|268\/362|[from] sandstorm
|turn|7
|
|switch|p1a: Latios|Latios, M|301\/301
|-damage|p1a: Latios|264\/301|[from] Stealth Rock
|move|p2a: Venusaur|Leech Seed|p1a: Latios
|-start|p1a: Latios|move: Leech Seed
|
|-weather|Sandstorm|[upkeep]
|-damage|p1a: Latios|246\/301|[from] sandstorm
|-damage|p2a: Venusaur|246\/362|[from] sandstorm
|-damage|p1a: Latios|209\/301|[from] Leech Seed|[of] p2a: Venusaur
|-heal|p2a: Venusaur|283\/362|[silent]
|turn|8
|
|switch|p1a: Lopunny|Lopunny-Mega, F, shiny|271\/271
|-damage|p1a: Lopunny|255\/271|[from] Stealth Rock
|switch|p2a: Tyranitar|Tyranitar, M|326\/401 tox
|-damage|p2a: Tyranitar|276\/401 tox|[from] Stealth Rock
|
|-weather|Sandstorm|[upkeep]
|-damage|p1a: Lopunny|239\/271|[from] sandstorm
|-damage|p2a: Tyranitar|251\/401 tox|[from] psn
|turn|9
|
|switch|p2a: Venusaur|Venusaur-Mega, M|283\/362
|-damage|p2a: Venusaur|238\/362|[from] Stealth Rock
|move|p1a: Lopunny|High Jump Kick|p2a: Venusaur
|-resisted|p2a: Venusaur
|-damage|p2a: Venusaur|161\/362
|
|-weather|Sandstorm|[upkeep]
|-damage|p1a: Lopunny|223\/271|[from] sandstorm
|-damage|p2a: Venusaur|139\/362|[from] sandstorm
|turn|10
|
|move|p1a: Lopunny|Return|p2a: Venusaur
|-damage|p2a: Venusaur|21\/362
|move|p2a: Venusaur|Giga Drain|p1a: Lopunny
|-damage|p1a: Lopunny|123\/271
|-heal|p2a: Venusaur|71\/362|[from] drain|[of] p1a: Lopunny
|
|-weather|none
|turn|11
|
|switch|p2a: Tyranitar|Tyranitar, M|251\/401 tox
|-damage|p2a: Tyranitar|201\/401 tox|[from] Stealth Rock
|-weather|Sandstorm
|move|p1a: Lopunny|High Jump Kick|p2a: Tyranitar
|-supereffective|p2a: Tyranitar
|-damage|p2a: Tyranitar|0 fnt
|faint|p2a: Tyranitar
|
|-weather|Sandstorm|[upkeep]
|-damage|p1a: Lopunny|107\/271|[from] sandstorm
|
|switch|p2a: Excadrill|Excadrill, F|362\/362
|-damage|p2a: Excadrill|351\/362|[from] Stealth Rock
|turn|12
|
|switch|p1a: Bronzong|Bronzong|254\/338
|-damage|p1a: Bronzong|233\/338|[from] Stealth Rock
|move|p2a: Excadrill|Iron Head|p1a: Bronzong
|-resisted|p1a: Bronzong
|-damage|p1a: Bronzong|141\/338
|-damage|p2a: Excadrill|315\/362|[from] item: Life Orb
|
|-weather|Sandstorm|[upkeep]
|-heal|p1a: Bronzong|162\/338|[from] item: Leftovers
|turn|13
|
|move|p2a: Excadrill|Iron Head|p1a: Bronzong
|-resisted|p1a: Bronzong
|-damage|p1a: Bronzong|62\/338
|-damage|p2a: Excadrill|279\/362|[from] item: Life Orb
|move|p1a: Bronzong|Earthquake|p2a: Excadrill
|-supereffective|p2a: Excadrill
|-damage|p2a: Excadrill|51\/362
|
|-weather|Sandstorm|[upkeep]
|-heal|p1a: Bronzong|83\/338|[from] item: Leftovers
|turn|14
|
|switch|p1a: Quagsire|Quagsire, F|394\/394
|-damage|p1a: Quagsire|370\/394|[from] Stealth Rock
|move|p2a: Excadrill|Iron Head|p1a: Quagsire
|-resisted|p1a: Quagsire
|-damage|p1a: Quagsire|288\/394
|-damage|p2a: Excadrill|15\/362|[from] item: Life Orb
|
|-weather|Sandstorm|[upkeep]
|-heal|p1a: Quagsire|312\/394|[from] item: Leftovers
|turn|15
|
|move|p2a: Excadrill|Earthquake|p1a: Quagsire
|-damage|p1a: Quagsire|88\/394
|-damage|p2a: Excadrill|0 fnt|[from] item: Life Orb
|faint|p2a: Excadrill
|move|p1a: Quagsire|Recover|p1a: Quagsire
|-heal|p1a: Quagsire|285\/394
|
|-weather|Sandstorm|[upkeep]
|-heal|p1a: Quagsire|309\/394|[from] item: Leftovers
|
|switch|p2a: Venusaur|Venusaur-Mega, M|71\/362
|-damage|p2a: Venusaur|26\/362|[from] Stealth Rock
|turn|16
|
|switch|p1a: Latios|Latios, M|209\/301
|-damage|p1a: Latios|172\/301|[from] Stealth Rock
|move|p2a: Venusaur|Sludge Bomb|p1a: Latios
|-damage|p1a: Latios|61\/301
|-status|p1a: Latios|psn
|
|-weather|Sandstorm|[upkeep]
|-damage|p1a: Latios|43\/301 psn|[from] sandstorm
|-damage|p2a: Venusaur|4\/362|[from] sandstorm
|-damage|p1a: Latios|6\/301 psn|[from] psn
|turn|17
|
|move|p1a: Latios|Defog|p2a: Venusaur
|-unboost|p2a: Venusaur|evasion|1
|-sideend|p2: Future.Cop|Stealth Rock|[from] move: Defog|[of] p2a: Venusaur
|-sideend|p1: wts this|Stealth Rock|[from] move: Defog|[of] p1a: Latios
|move|p2a: Venusaur|Synthesis|p2a: Venusaur
|-heal|p2a: Venusaur|94\/362
|
|-weather|Sandstorm|[upkeep]
|-damage|p1a: Latios|0 fnt|[from] sandstorm
|-damage|p2a: Venusaur|72\/362|[from] sandstorm
|faint|p1a: Latios
|
|switch|p1a: Lopunny|Lopunny-Mega, F, shiny|107\/271
|turn|18
|
|move|p1a: Lopunny|Return|p2a: Venusaur
|-damage|p2a: Venusaur|0 fnt
|faint|p2a: Venusaur
|
|-weather|none
|
|switch|p2a: Mew|Mew|401\/401
|turn|19
|
|switch|p1a: Talonflame|Talonflame, M|359\/359
|move|p2a: Mew|Will-O-Wisp|p1a: Talonflame
|-fail|p1a: Talonflame
|
|turn|20
|
|switch|p2a: Heatran|Heatran, M|385\/385
|move|p1a: Talonflame|Taunt|p2a: Heatran
|-start|p2a: Heatran|move: Taunt
|
|turn|21
|
|switch|p1a: Bronzong|Bronzong|83\/338
|move|p2a: Heatran|Lava Plume|p1a: Bronzong
|-supereffective|p1a: Bronzong
|-damage|p1a: Bronzong|0 fnt
|faint|p1a: Bronzong
|
|
|switch|p1a: Manaphy|Manaphy|401\/401
|turn|22
|
|switch|p2a: Kyurem-Black|Kyurem-Black|391\/391
|-ability|p2a: Kyurem-Black|Teravolt
|move|p1a: Manaphy|Tail Glow|p1a: Manaphy
|-boost|p1a: Manaphy|spa|3
|
|turn|23
|
|switch|p1a: Quagsire|Quagsire, F|309\/394
|move|p2a: Kyurem-Black|Fusion Bolt|p1a: Quagsire
|-immune|p1a: Quagsire|[msg]
|
|-heal|p1a: Quagsire|333\/394|[from] item: Leftovers
|turn|24
|
|move|p2a: Kyurem-Black|Ice Beam|p1a: Quagsire
|-damage|p1a: Quagsire|116\/394
|move|p1a: Quagsire|Toxic|p2a: Kyurem-Black
|-status|p2a: Kyurem-Black|tox
|
|-heal|p1a: Quagsire|140\/394|[from] item: Leftovers
|-damage|p2a: Kyurem-Black|367\/391 tox|[from] psn
|turn|25
|
|move|p2a: Kyurem-Black|Ice Beam|p1a: Quagsire
|-damage|p1a: Quagsire|0 fnt
|faint|p1a: Quagsire
|
|-damage|p2a: Kyurem-Black|319\/391 tox|[from] psn
|
|switch|p1a: Lopunny|Lopunny-Mega, F, shiny|107\/271
|turn|26
|
|switch|p2a: Mew|Mew|401\/401
|move|p1a: Lopunny|Return|p2a: Mew
|-damage|p2a: Mew|224\/401
|
|-heal|p2a: Mew|249\/401|[from] item: Leftovers
|turn|27
|
|switch|p1a: Talonflame|Talonflame, M|359\/359
|move|p2a: Mew|Soft-Boiled|p2a: Mew
|-heal|p2a: Mew|401\/401
|
|turn|28
|
|move|p1a: Talonflame|Bulk Up|p1a: Talonflame
|-boost|p1a: Talonflame|atk|1
|-boost|p1a: Talonflame|def|1
|move|p2a: Mew|Knock Off|p1a: Talonflame
|-damage|p1a: Talonflame|292\/359
|-enditem|p1a: Talonflame|Leftovers|[from] move: Knock Off|[of] p2a: Mew
|
|turn|29
|
|switch|p2a: Heatran|Heatran, M|385\/385
|move|p1a: Talonflame|Taunt|p2a: Heatran
|-start|p2a: Heatran|move: Taunt
|
|turn|30
|
|move|p1a: Talonflame|Roost|p1a: Talonflame
|-heal|p1a: Talonflame|359\/359
|move|p2a: Heatran|Ancient Power|p1a: Talonflame
|-crit|p1a: Talonflame
|-supereffective|p1a: Talonflame
|-damage|p1a: Talonflame|167\/359
|-boost|p2a: Heatran|atk|1
|-boost|p2a: Heatran|def|1
|-boost|p2a: Heatran|spa|1
|-boost|p2a: Heatran|spd|1
|-boost|p2a: Heatran|spe|1
|
|turn|31
|
|switch|p1a: Manaphy|Manaphy|401\/401
|move|p2a: Heatran|Ancient Power|p1a: Manaphy
|-damage|p1a: Manaphy|322\/401
|
|-heal|p1a: Manaphy|347\/401|[from] item: Leftovers
|turn|32
|
|switch|p2a: Kyurem-Black|Kyurem-Black|319\/391 tox
|-ability|p2a: Kyurem-Black|Teravolt
|switch|p1a: Lopunny|Lopunny-Mega, F, shiny|107\/271
|
|-damage|p2a: Kyurem-Black|295\/391 tox|[from] psn
|turn|33
|
|switch|p2a: Mew|Mew|401\/401
|move|p1a: Lopunny|Return|p2a: Mew
|-damage|p2a: Mew|212\/401
|
|-heal|p2a: Mew|237\/401|[from] item: Leftovers
|turn|34
|
|switch|p1a: Talonflame|Talonflame, M|167\/359
|move|p2a: Mew|Will-O-Wisp|p1a: Talonflame
|-fail|p1a: Talonflame
|
|-heal|p2a: Mew|262\/401|[from] item: Leftovers
|turn|35
|
|switch|p2a: Heatran|Heatran, M|385\/385
|move|p1a: Talonflame|Roost|p1a: Talonflame
|-heal|p1a: Talonflame|347\/359
|
|turn|36
|
|switch|p1a: Manaphy|Manaphy|347\/401
|switch|p2a: Mew|Mew|262\/401
|
|-heal|p2a: Mew|287\/401|[from] item: Leftovers
|-heal|p1a: Manaphy|372\/401|[from] item: Leftovers
|turn|37
|
|move|p2a: Mew|Taunt|p1a: Manaphy
|-start|p1a: Manaphy|move: Taunt
|move|p1a: Manaphy|Scald|p2a: Mew
|-damage|p2a: Mew|206\/401
|
|-heal|p2a: Mew|231\/401|[from] item: Leftovers
|-heal|p1a: Manaphy|397\/401|[from] item: Leftovers
|turn|38
|
|switch|p1a: Talonflame|Talonflame, M|347\/359
|move|p2a: Mew|Soft-Boiled|p2a: Mew
|-heal|p2a: Mew|401\/401
|
|turn|39
|
|move|p1a: Talonflame|Brave Bird|p2a: Mew
|-damage|p2a: Mew|283\/401
|-damage|p1a: Talonflame|308\/359|[from] recoil|[of] p2a: Mew
|move|p2a: Mew|Knock Off|p1a: Talonflame
|-damage|p1a: Talonflame|240\/359
|
|-heal|p2a: Mew|308\/401|[from] item: Leftovers
|turn|40
|
|move|p1a: Talonflame|Roost|p1a: Talonflame
|-heal|p1a: Talonflame|359\/359
|move|p2a: Mew|Soft-Boiled|p2a: Mew
|-heal|p2a: Mew|401\/401
|
|turn|41
|
|switch|p2a: Heatran|Heatran, M|385\/385
|move|p1a: Talonflame|Brave Bird|p2a: Heatran
|-resisted|p2a: Heatran
|-damage|p2a: Heatran|327\/385
|-damage|p1a: Talonflame|340\/359|[from] recoil|[of] p2a: Heatran
|
|-heal|p2a: Heatran|351\/385|[from] item: Leftovers
|turn|42
|
|switch|p1a: Manaphy|Manaphy|397\/401
|switch|p2a: Mew|Mew|401\/401
|
|-heal|p1a: Manaphy|401\/401|[from] item: Leftovers
|turn|43
|
|move|p2a: Mew|Taunt|p1a: Manaphy
|-start|p1a: Manaphy|move: Taunt
|move|p1a: Manaphy|Scald|p2a: Mew
|-damage|p2a: Mew|328\/401
|
|-heal|p2a: Mew|353\/401|[from] item: Leftovers
|turn|44
|
|move|p2a: Mew|Taunt|p1a: Manaphy
|-fail|p1a: Manaphy
|move|p1a: Manaphy|Scald|p2a: Mew
|-damage|p2a: Mew|283\/401
|-status|p2a: Mew|brn
|-status|p1a: Manaphy|brn
|
|-heal|p2a: Mew|308\/401 brn|[from] item: Leftovers
|-damage|p2a: Mew|258\/401 brn|[from] brn
|-damage|p1a: Manaphy|351\/401 brn|[from] brn
|turn|45
|
|switch|p1a: Talonflame|Talonflame, M|340\/359
|move|p2a: Mew|Knock Off|p1a: Talonflame
|-damage|p1a: Talonflame|307\/359
|
|-heal|p2a: Mew|283\/401 brn|[from] item: Leftovers
|-damage|p2a: Mew|233\/401 brn|[from] brn
|turn|46
|
|move|p1a: Talonflame|Taunt|p2a: Mew
|-start|p2a: Mew|move: Taunt
|cant|p2a: Mew|move: Taunt|Soft-Boiled
|
|-heal|p2a: Mew|258\/401 brn|[from] item: Leftovers
|-damage|p2a: Mew|208\/401 brn|[from] brn
|turn|47
|
|switch|p1a: Lopunny|Lopunny-Mega, F, shiny|107\/271
|switch|p2a: Heatran|Heatran, M|351\/385
|
|-heal|p2a: Heatran|375\/385|[from] item: Leftovers
|turn|48
|
|move|p2a: Heatran|Protect|p2a: Heatran
|-singleturn|p2a: Heatran|Protect
|move|p1a: Lopunny|Fake Out|p2a: Heatran
|-activate|p2a: Heatran|Protect
|
|-heal|p2a: Heatran|385\/385|[from] item: Leftovers
|turn|49
|
|move|p2a: Heatran|Protect|p2a: Heatran
|-fail|p2a: Heatran
|move|p1a: Lopunny|High Jump Kick|p2a: Heatran
|-supereffective|p2a: Heatran
|-damage|p2a: Heatran|0 fnt
|faint|p2a: Heatran
|
|leave|Future.Cop
|player|p2
|-message|futurecop lost due to inactivity.
|
|win|wts this
|raw|Ladder updating...
|raw|wts this's rating: 1468 &rarr; <strong>1488<\/strong><br \/>(+20 for winning)
|raw|Future.Cop's rating: 1455 &rarr; <strong>1436<\/strong><br \/>(-19 for losing)