|join|wts this
|join|ClimbingLadder
|player|p1|wts this|20
|player|p2|ClimbingLadder|266
|gametype|singles
|gen|6
|tier|OU (suspect test)
|rated
|clearpoke
|poke|p1|Slowbro, M
|poke|p1|Gothitelle, F
|poke|p1|Hippowdon, M
|poke|p1|Keldeo
|poke|p1|Bisharp, F
|poke|p1|Clefable, M
|poke|p2|Garchomp, M
|poke|p2|Bisharp, F
|poke|p2|Breloom, M
|poke|p2|Charizard, M
|poke|p2|Azumarill, F
|poke|p2|Latias, F
|rule|Swagger Clause: Swagger is banned
|rule|Baton Pass Clause: Limit one PokÃ©mon knowing Baton Pass
|rule|Sleep Clause Mod: Limit one foe put to sleep
|rule|Species Clause: Limit one of each PokÃ©mon
|rule|OHKO Clause: OHKO moves are banned
|rule|Moody Clause: Moody is banned
|rule|Evasion Moves Clause: Evasion moves are banned
|rule|Endless Battle Clause: Forcing endless battles is banned
|rule|HP Percentage Mod: HP is shown in percentages
|teampreview
|
|start
|switch|p1a: Clefable|Clefable, M|393\/393
|switch|p2a: Garchomp|Garchomp, M|357\/357
|turn|1
|
|move|p2a: Garchomp|Stealth Rock|p1a: Clefable
|-sidestart|p1: wts this|move: Stealth Rock
|move|p1a: Clefable|Moonblast|p2a: Garchomp
|-supereffective|p2a: Garchomp
|-damage|p2a: Garchomp|133\/357
|
|turn|2
|
|move|p2a: Garchomp|Earthquake|p1a: Clefable
|-damage|p1a: Clefable|249\/393
|move|p1a: Clefable|Moonblast|p2a: Garchomp
|-supereffective|p2a: Garchomp
|-damage|p2a: Garchomp|0 fnt
|faint|p2a: Garchomp
|
|-heal|p1a: Clefable|273\/393|[from] item: Leftovers
|
|switch|p2a: Azumarill|Azumarill, F|342\/342
|turn|3
|
|move|p2a: Azumarill|Belly Drum|p2a: Azumarill
|-damage|p2a: Azumarill|171\/342
|-setboost|p2a: Azumarill|atk|6|[from] move: Belly Drum
|-enditem|p2a: Azumarill|Sitrus Berry|[eat]
|-heal|p2a: Azumarill|256\/342|[from] item: Sitrus Berry
|move|p1a: Clefable|Moonlight|p1a: Clefable
|-heal|p1a: Clefable|393\/393
|
|turn|4
|
|move|p2a: Azumarill|Waterfall|p1a: Clefable
|-damage|p1a: Clefable|255\/393
|move|p1a: Clefable|Moonblast|p2a: Azumarill
|-damage|p2a: Azumarill|127\/342
|-unboost|p2a: Azumarill|spa|1
|
|-heal|p1a: Clefable|279\/393|[from] item: Leftovers
|turn|5
|
|move|p2a: Azumarill|Play Rough|p1a: Clefable
|-damage|p1a: Clefable|131\/393
|move|p1a: Clefable|Thunder Wave|p2a: Azumarill
|-status|p2a: Azumarill|par
|
|-heal|p1a: Clefable|155\/393|[from] item: Leftovers
|turn|6
|
|cant|p2a: Azumarill|par
|move|p1a: Clefable|Moonlight|p1a: Clefable
|-heal|p1a: Clefable|351\/393
|
|-heal|p1a: Clefable|375\/393|[from] item: Leftovers
|turn|7
|
|move|p1a: Clefable|Moonblast|p2a: Azumarill
|-damage|p2a: Azumarill|0 fnt
|faint|p2a: Azumarill
|
|-heal|p1a: Clefable|393\/393|[from] item: Leftovers
|
|switch|p2a: Charizard|Charizard, M|359\/359
|turn|8
|
|detailschange|p2a: Charizard|Charizard-Mega-X, M
|-mega|p2a: Charizard|Charizard|Charizardite X
|move|p2a: Charizard|Flare Blitz|p1a: Clefable
|-damage|p1a: Clefable|158\/393
|-damage|p2a: Charizard|281\/359|[from] recoil|[of] p1a: Clefable
|move|p1a: Clefable|Thunder Wave|p2a: Charizard
|-status|p2a: Charizard|par
|
|-heal|p1a: Clefable|182\/393|[from] item: Leftovers
|turn|9
|
|move|p1a: Clefable|Moonlight|p1a: Clefable
|-heal|p1a: Clefable|378\/393
|move|p2a: Charizard|Flare Blitz|p1a: Clefable
|-damage|p1a: Clefable|140\/393
|-damage|p2a: Charizard|202\/359 par|[from] recoil|[of] p1a: Clefable
|
|-heal|p1a: Clefable|164\/393|[from] item: Leftovers
|turn|10
|
|move|p1a: Clefable|Moonlight|p1a: Clefable
|-heal|p1a: Clefable|360\/393
|cant|p2a: Charizard|par
|
|-heal|p1a: Clefable|384\/393|[from] item: Leftovers
|turn|11
|
|move|p1a: Clefable|Moonblast|p2a: Charizard
|-damage|p2a: Charizard|87\/359 par
|cant|p2a: Charizard|par
|
|-heal|p1a: Clefable|393\/393|[from] item: Leftovers
|turn|12
|c|âClimbingLadder|ur fucking gay
|c|âClimbingLadder|clown
|-message|ClimbingLadder forfeited.
|
|win|wts this
|raw|Ladder updating...
|leave|ClimbingLadder
|player|p2
|raw|wts this's rating: 1251 &rarr; <strong>1271<\/strong><br \/>(+20 for winning)
|raw|ClimbingLadder's rating: 1187 &rarr; <strong>1167<\/strong><br \/>(-20 for losing)