|join|Q111
|join|Arcanine is Regal
|player|p1|Q111|169
|player|p2|Arcanine is Regal|126
|gametype|singles
|gen|6
|tier|OU
|rated
|clearpoke
|poke|p1|Swampert, M
|poke|p1|Politoed, M
|poke|p1|Ferrothorn, F
|poke|p1|Keldeo
|poke|p1|Latias, F
|poke|p1|Tornadus-Therian, M
|poke|p2|Bisharp, F
|poke|p2|Gengar, F
|poke|p2|Manectric, F
|poke|p2|Landorus-Therian, M
|poke|p2|Mamoswine, M
|poke|p2|Azumarill, F
|rule|Swagger Clause: Swagger is banned
|rule|Baton Pass Clause: Limit one PokÃ©mon knowing Baton Pass
|rule|Sleep Clause Mod: Limit one foe put to sleep
|rule|Species Clause: Limit one of each PokÃ©mon
|rule|OHKO Clause: OHKO moves are banned
|rule|Moody Clause: Moody is banned
|rule|Evasion Moves Clause: Evasion moves are banned
|rule|Endless Battle Clause: Forcing endless battles is banned
|rule|HP Percentage Mod: HP is shown in percentages
|teampreview
|join|raiderrocker18
|
|start
|switch|p1a: Politoed|Politoed, M|384\/384
|switch|p2a: Mamoswine|Mamoswine, M|361\/361
|-weather|RainDance
|turn|1
|
|move|p2a: Mamoswine|Stealth Rock|p1a: Politoed
|-sidestart|p1: Q111|move: Stealth Rock
|move|p1a: Politoed|Scald|p2a: Mamoswine
|-supereffective|p2a: Mamoswine
|-enditem|p2a: Mamoswine|Focus Sash
|-damage|p2a: Mamoswine|1\/361
|-status|p2a: Mamoswine|brn
|
|-weather|RainDance|[upkeep]
|-damage|p2a: Mamoswine|0 fnt|[from] brn
|faint|p2a: Mamoswine
|c|âArcanine is Regal|OH MY FUCK
|c|âArcanine is Regal|second time that bullshit has happened against a rain team
|join|Lord Qwilfish
|c| raiderrocker18|endeavor?
|c|âArcanine is Regal|I have fkn endeavor
|c| raiderrocker18|^
|
|switch|p2a: Manectric|Manectric, F|281\/281
|turn|2
|
|switch|p1a: Swampert|Swampert, M|366\/366
|-damage|p1a: Swampert|344\/366|[from] Stealth Rock
|detailschange|p2a: Manectric|Manectric-Mega, F
|message|Manectric has Mega Evolved into Mega Manectric!
|-ability|p2a: Manectric|Intimidate|[of] p1a: Swampert
|-unboost|p1a: Swampert|atk|1
|move|p2a: Manectric|Volt Switch|p1a: Swampert
|-immune|p1a: Swampert|[msg]
|
|-weather|RainDance|[upkeep]
|turn|3
|join|Lukinglu
|join|sweqfeq
|c| raiderrocker18|if u revealed HP grass i woulda pooped myself
|
|switch|p2a: Landorus-Therian|Landorus-Therian, M|320\/320
|-ability|p2a: Landorus-Therian|Intimidate|[of] p1a: Swampert
|-unboost|p1a: Swampert|atk|1
|detailschange|p1a: Swampert|Swampert-Mega, M
|message|Swampert has Mega Evolved into Mega Swampert!
|move|p1a: Swampert|Waterfall|p2a: Landorus-Therian
|-supereffective|p2a: Landorus-Therian
|-damage|p2a: Landorus-Therian|44\/320
|
|-weather|RainDance|[upkeep]
|turn|4
|
|move|p2a: Landorus-Therian|Earthquake|p1a: Swampert
|-damage|p1a: Swampert|154\/366
|move|p1a: Swampert|Waterfall|p2a: Landorus-Therian
|-supereffective|p2a: Landorus-Therian
|-damage|p2a: Landorus-Therian|0 fnt
|faint|p2a: Landorus-Therian
|
|-weather|RainDance|[upkeep]
|
|switch|p2a: Azumarill|Azumarill, F|342\/342
|turn|5
|
|switch|p1a: Ferrothorn|Ferrothorn, F|352\/352
|-damage|p1a: Ferrothorn|330\/352|[from] Stealth Rock
|move|p2a: Azumarill|Belly Drum|p2a: Azumarill
|-damage|p2a: Azumarill|171\/342
|-setboost|p2a: Azumarill|atk|6|[from] move: Belly Drum
|-enditem|p2a: Azumarill|Sitrus Berry|[eat]
|-heal|p2a: Azumarill|256\/342|[from] item: Sitrus Berry
|
|-weather|RainDance|[upkeep]
|-heal|p1a: Ferrothorn|352\/352|[from] item: Leftovers
|turn|6
|join|wish killer
|c| sweqfeq|when the booty game 2 strong
|c|âArcanine is Regal|46% chance to OHKO
|c|âArcanine is Regal|activate
|
|move|p2a: Azumarill|Knock Off|p1a: Ferrothorn
|-damage|p1a: Ferrothorn|64\/352
|-damage|p2a: Azumarill|214\/342|[from] ability: Iron Barbs|[of] p1a: Ferrothorn
|-enditem|p1a: Ferrothorn|Leftovers|[from] move: Knock Off|[of] p2a: Azumarill
|move|p1a: Ferrothorn|Power Whip|p2a: Azumarill
|-supereffective|p2a: Azumarill
|-damage|p2a: Azumarill|0 fnt
|faint|p2a: Azumarill
|
|-weather|RainDance|[upkeep]
|c|âArcanine is Regal|dfdksjfaskdlfj
|c| raiderrocker18|not even close
|leave|Lukinglu
|c| sweqfeq|why the fuck
|c| raiderrocker18|no sap sipper?
|join|Lukinglu
|c| raiderrocker18|??
|c|âArcanine is Regal|he must have more def evs
|c| sweqfeq|would u risk ur win cnon
|c|âArcanine is Regal|thats game
|c| sweqfeq|lmao
|c|âArcanine is Regal|cuz I am pissed he burned my shit
|c|âArcanine is Regal|now idgaf
|c| raiderrocker18|> not using band talon
|
|switch|p2a: Gengar|Gengar, F|262\/262
|turn|7
|leave|Lukinglu
|
|move|p2a: Gengar|Shadow Ball|p1a: Ferrothorn
|-damage|p1a: Ferrothorn|0 fnt
|-damage|p2a: Gengar|236\/262|[from] item: Life Orb
|faint|p1a: Ferrothorn
|
|-weather|RainDance|[upkeep]
|join|Lukinglu
|
|switch|p1a: Swampert|Swampert-Mega, M|154\/366
|-damage|p1a: Swampert|132\/366|[from] Stealth Rock
|turn|8
|
|switch|p2a: Bisharp|Bisharp, F|271\/271
|move|p1a: Swampert|Waterfall|p2a: Bisharp
|-damage|p2a: Bisharp|9\/271
|
|-weather|none
|turn|9
|
|switch|p1a: Politoed|Politoed, M|384\/384
|-damage|p1a: Politoed|336\/384|[from] Stealth Rock
|-weather|RainDance
|move|p2a: Bisharp|Knock Off|p1a: Politoed
|-damage|p1a: Politoed|38\/384
|-enditem|p1a: Politoed|Damp Rock|[from] move: Knock Off|[of] p2a: Bisharp
|-damage|p2a: Bisharp|0 fnt|[from] item: Life Orb
|faint|p2a: Bisharp
|
|-weather|RainDance|[upkeep]
|
|switch|p2a: Manectric|Manectric-Mega, F|281\/281
|-ability|p2a: Manectric|Intimidate|[of] p1a: Politoed
|-unboost|p1a: Politoed|atk|1
|turn|10
|
|move|p2a: Manectric|Volt Switch|p1a: Politoed
|-supereffective|p1a: Politoed
|-damage|p1a: Politoed|0 fnt
|faint|p1a: Politoed
|
|switch|p2a: Gengar|Gengar, F|236\/262
|
|-weather|RainDance|[upkeep]
|
|switch|p1a: Swampert|Swampert-Mega, M|132\/366
|-damage|p1a: Swampert|110\/366|[from] Stealth Rock
|turn|11
|join|BornSinner16
|c| raiderrocker18|band shadoe sneak
|
|move|p1a: Swampert|Waterfall|p2a: Gengar
|-damage|p2a: Gengar|0 fnt
|faint|p2a: Gengar
|
|-weather|RainDance|[upkeep]
|
|switch|p2a: Manectric|Manectric-Mega, F|281\/281
|-ability|p2a: Manectric|Intimidate|[of] p1a: Swampert
|-unboost|p1a: Swampert|atk|1
|turn|12
|
|move|p1a: Swampert|Earthquake|p2a: Manectric
|-crit|p2a: Manectric
|-supereffective|p2a: Manectric
|-damage|p2a: Manectric|0 fnt
|faint|p2a: Manectric
|
|win|Q111
|raw|Ladder updating...
|raw|Q111's rating: 1609 &rarr; <strong>1630<\/strong><br \/>(+21 for winning)
|raw|Arcanine is Regal's rating: 1629 &rarr; <strong>1607<\/strong><br \/>(-22 for losing)
|c| raiderrocker18|gg
|c|âArcanine is Regal|I woulda easy won if no burn
|c|âArcanine is Regal|bg
|c| raiderrocker18|wow
|c| raiderrocker18|mad
|leave|Lukinglu
|c|âArcanine is Regal|ima go die now
|c| raiderrocker18|outplayed
|c|âArcanine is Regal|too much salt in my veins
|leave|Arcanine is Regal
|player|p2
|leave|raiderrocker18
|leave|BornSinner16
|leave|Lord Qwilfish
|leave|Q111
|player|p1