|join|Q111
|join|N4f33z
|player|p1|Q111|170
|player|p2|N4f33z|52
|gametype|singles
|gen|6
|tier|OU
|rated
|clearpoke
|poke|p1|Swampert, F
|poke|p1|Politoed, F
|poke|p1|Azelf
|poke|p1|Manaphy
|poke|p1|Latias, F
|poke|p1|Tornadus-Therian, M
|poke|p2|Cloyster, M
|poke|p2|Wobbuffet, M
|poke|p2|Rotom-Wash
|poke|p2|Espeon, M
|poke|p2|Pinsir, F
|poke|p2|Zygarde
|rule|Swagger Clause: Swagger is banned
|rule|Baton Pass Clause: Limit one PokÃ©mon knowing Baton Pass
|rule|Sleep Clause Mod: Limit one foe put to sleep
|rule|Species Clause: Limit one of each PokÃ©mon
|rule|OHKO Clause: OHKO moves are banned
|rule|Moody Clause: Moody is banned
|rule|Evasion Moves Clause: Evasion moves are banned
|rule|Endless Battle Clause: Forcing endless battles is banned
|rule|HP Percentage Mod: HP is shown in percentages
|teampreview
|
|start
|switch|p1a: Azelf|Azelf|292\/292
|switch|p2a: Rotom-Wash|Rotom-Wash|276\/276
|turn|1
|
|move|p2a: Rotom-Wash|Trick|p1a: Azelf
|-activate|p2a: Rotom-Wash|move: Trick|[of] p1a: Azelf
|-item|p1a: Azelf|Choice Scarf|[from] move: Trick
|-item|p2a: Rotom-Wash|Focus Sash|[from] move: Trick
|move|p1a: Azelf|Rain Dance|p1a: Azelf
|-weather|RainDance
|
|-weather|RainDance|[upkeep]
|turn|2
|
|switch|p1a: Latias|Latias, F|302\/302
|move|p2a: Rotom-Wash|Hydro Pump|p1a: Latias
|-resisted|p1a: Latias
|-damage|p1a: Latias|209\/302
|
|-weather|RainDance|[upkeep]
|turn|3
|
|switch|p2a: Wobbuffet|Wobbuffet, M|584\/584
|move|p1a: Latias|Draco Meteor|p2a: Wobbuffet|[miss]
|-miss|p1a: Latias|p2a: Wobbuffet
|
|-weather|RainDance|[upkeep]
|turn|4
|
|move|p1a: Latias|Draco Meteor|p2a: Wobbuffet
|-crit|p2a: Wobbuffet
|-damage|p2a: Wobbuffet|230\/584
|-unboost|p1a: Latias|spa|2
|move|p2a: Wobbuffet|Mirror Coat|p1a: Latias
|-damage|p1a: Latias|0 fnt
|faint|p1a: Latias
|
|-weather|RainDance|[upkeep]
|-heal|p2a: Wobbuffet|266\/584|[from] item: Leftovers
|
|switch|p1a: Swampert|Swampert, F|354\/354
|turn|5
|
|detailschange|p1a: Swampert|Swampert-Mega, F
|-mega|p1a: Swampert|Swampert|Swampertite
|move|p1a: Swampert|Waterfall|p2a: Wobbuffet
|-damage|p2a: Wobbuffet|0 fnt
|faint|p2a: Wobbuffet
|
|-weather|none
|
|switch|p2a: Rotom-Wash|Rotom-Wash|276\/276
|turn|6
|join|Rhaidon
|
|move|p1a: Swampert|Protect|p1a: Swampert
|-singleturn|p1a: Swampert|Protect
|move|p2a: Rotom-Wash|Hydro Pump|p1a: Swampert
|-activate|p1a: Swampert|Protect
|
|turn|7
|
|switch|p1a: Manaphy|Manaphy|341\/341
|move|p2a: Rotom-Wash|Hydro Pump|p1a: Manaphy
|-resisted|p1a: Manaphy
|-damage|p1a: Manaphy|258\/341
|
|-heal|p1a: Manaphy|279\/341|[from] item: Leftovers
|turn|8
|
|move|p1a: Manaphy|Energy Ball|p2a: Rotom-Wash
|-supereffective|p2a: Rotom-Wash
|-damage|p2a: Rotom-Wash|82\/276
|move|p2a: Rotom-Wash|Volt Switch|p1a: Manaphy
|-supereffective|p1a: Manaphy
|-damage|p1a: Manaphy|75\/341
|
|switch|p2a: Pinsir|Pinsir, F|272\/272
|
|-heal|p1a: Manaphy|96\/341|[from] item: Leftovers
|turn|9
|
|detailschange|p2a: Pinsir|Pinsir-Mega, F
|-mega|p2a: Pinsir|Pinsir|Pinsirite
|move|p1a: Manaphy|Scald|p2a: Pinsir
|-damage|p2a: Pinsir|133\/272
|-status|p2a: Pinsir|brn
|move|p2a: Pinsir|Return|p1a: Manaphy
|-damage|p1a: Manaphy|0 fnt
|faint|p1a: Manaphy
|
|-damage|p2a: Pinsir|99\/272 brn|[from] brn
|
|switch|p1a: Tornadus-Therian|Tornadus-Therian, M|361\/361
|turn|10
|
|switch|p2a: Rotom-Wash|Rotom-Wash|82\/276
|move|p1a: Tornadus-Therian|U-turn|p2a: Rotom-Wash
|-damage|p2a: Rotom-Wash|31\/276
|
|switch|p1a: Azelf|Azelf|292\/292
|
|turn|11
|
|move|p1a: Azelf|Stealth Rock|p2a: Rotom-Wash
|-sidestart|p2: N4f33z|move: Stealth Rock
|move|p2a: Rotom-Wash|Volt Switch|p1a: Azelf
|-damage|p1a: Azelf|142\/292
|
|switch|p2a: Zygarde|Zygarde|358\/358
|-damage|p2a: Zygarde|336\/358|[from] Stealth Rock
|-ability|p2a: Zygarde|Aura Break
|
|turn|12
|
|switch|p1a: Politoed|Politoed, F|384\/384
|-weather|RainDance
|move|p2a: Zygarde|Dragon Dance|p2a: Zygarde
|-boost|p2a: Zygarde|atk|1
|-boost|p2a: Zygarde|spe|1
|
|-weather|RainDance|[upkeep]
|turn|13
|
|move|p2a: Zygarde|Earthquake|p1a: Politoed
|-damage|p1a: Politoed|89\/384
|move|p1a: Politoed|Haze|p1a: Politoed
|-clearallboost
|
|-weather|RainDance|[upkeep]
|turn|14
|
|switch|p1a: Azelf|Azelf|142\/292
|move|p2a: Zygarde|Dragon Dance|p2a: Zygarde
|-boost|p2a: Zygarde|atk|1
|-boost|p2a: Zygarde|spe|1
|
|-weather|RainDance|[upkeep]
|turn|15
|
|move|p1a: Azelf|Explosion|p2a: Zygarde
|-damage|p2a: Zygarde|93\/358
|faint|p1a: Azelf
|move|p2a: Zygarde|Outrage|p1: Azelf|[notarget]
|-notarget
|
|-weather|RainDance|[upkeep]
|
|switch|p1a: Swampert|Swampert-Mega, F|354\/354
|turn|16
|
|move|p2a: Zygarde|Extreme Speed|p1a: Swampert
|-damage|p1a: Swampert|227\/354
|move|p1a: Swampert|Waterfall|p2a: Zygarde
|-damage|p2a: Zygarde|0 fnt
|faint|p2a: Zygarde
|
|-weather|RainDance|[upkeep]
|
|switch|p2a: Espeon|Espeon, M|271\/271
|-damage|p2a: Espeon|238\/271|[from] Stealth Rock
|turn|17
|
|move|p1a: Swampert|Waterfall|p2a: Espeon
|-damage|p2a: Espeon|0 fnt
|faint|p2a: Espeon
|
|-weather|RainDance|[upkeep]
|
|switch|p2a: Pinsir|Pinsir-Mega, F|99\/272 brn
|-damage|p2a: Pinsir|0 fnt|[from] Stealth Rock
|faint|p2a: Pinsir
|
|switch|p2a: Rotom-Wash|Rotom-Wash|31\/276
|-damage|p2a: Rotom-Wash|0 fnt|[from] Stealth Rock
|faint|p2a: Rotom-Wash
|
|switch|p2a: Cloyster|Cloyster, M|242\/242
|-damage|p2a: Cloyster|182\/242|[from] Stealth Rock
|turn|18
|
|move|p1a: Swampert|Earthquake|p2a: Cloyster
|-damage|p2a: Cloyster|43\/242
|move|p2a: Cloyster|Shell Smash|p2a: Cloyster
|-boost|p2a: Cloyster|atk|2
|-boost|p2a: Cloyster|spa|2
|-boost|p2a: Cloyster|spe|2
|-unboost|p2a: Cloyster|def|1
|-unboost|p2a: Cloyster|spd|1
|
|-weather|RainDance|[upkeep]
|turn|19
|
|move|p2a: Cloyster|Icicle Spear|p1a: Swampert
|-damage|p1a: Swampert|151\/354
|-damage|p1a: Swampert|70\/354
|-damage|p1a: Swampert|0 fnt
|-hitcount|p1a: Swampert|3
|faint|p1a: Swampert
|
|-weather|none
|
|switch|p1a: Politoed|Politoed, F|89\/384
|-weather|RainDance
|turn|20
|
|move|p2a: Cloyster|Icicle Spear|p1a: Politoed
|-resisted|p1a: Politoed
|-damage|p1a: Politoed|36\/384
|-resisted|p1a: Politoed
|-damage|p1a: Politoed|0 fnt
|-hitcount|p1a: Politoed|2
|faint|p1a: Politoed
|
|-weather|RainDance|[upkeep]
|c|âN4f33z|gg
|-message|Q111 lost due to inactivity.
|
|win|N4f33z
|raw|Ladder updating...
|raw|Q111's rating: 1599 &rarr; <strong>1576<\/strong><br \/>(-23 for losing)
|raw|N4f33z's rating: 1551 &rarr; <strong>1574<\/strong><br \/>(+23 for winning)
|raw|<div class="broadcast-blue"><b>RU is having a suspect test. <a href='http:\/\/www.smogon.com\/forums\/threads\/3527140\/'>Read more at Smogon.<\/a><\/b><\/div>
|leave|N4f33z
|player|p2