|join|Q111
|join|Reverb
|player|p1|Q111|265
|player|p2|Reverb|#reverb
|gametype|singles
|gen|6
|tier|OU
|rated
|clearpoke
|poke|p1|Swampert, F
|poke|p1|Politoed, M
|poke|p1|Azelf
|poke|p1|Manaphy
|poke|p1|Latias, F
|poke|p1|Tornadus-Therian, M
|poke|p2|Metagross
|poke|p2|Heatran, M
|poke|p2|Landorus-Therian, M
|poke|p2|Rotom-Wash
|poke|p2|Keldeo-Resolute
|poke|p2|Gengar, F
|rule|Swagger Clause: Swagger is banned
|rule|Baton Pass Clause: Limit one PokÃ©mon knowing Baton Pass
|rule|Sleep Clause Mod: Limit one foe put to sleep
|rule|Species Clause: Limit one of each PokÃ©mon
|rule|OHKO Clause: OHKO moves are banned
|rule|Moody Clause: Moody is banned
|rule|Evasion Moves Clause: Evasion moves are banned
|rule|Endless Battle Clause: Forcing endless battles is banned
|rule|HP Percentage Mod: HP is shown in percentages
|teampreview
|
|start
|switch|p1a: Azelf|Azelf|292\/292
|switch|p2a: Rotom-Wash|Rotom-Wash|303\/303
|turn|1
|
|move|p1a: Azelf|Stealth Rock|p2a: Rotom-Wash
|-sidestart|p2: Reverb|move: Stealth Rock
|move|p2a: Rotom-Wash|Volt Switch|p1a: Azelf
|-damage|p1a: Azelf|183\/292
|
|switch|p2a: Landorus-Therian|Landorus-Therian, M|327\/327
|-damage|p2a: Landorus-Therian|287\/327|[from] Stealth Rock
|-ability|p2a: Landorus-Therian|Intimidate|[of] p1a: Azelf
|-unboost|p1a: Azelf|atk|1
|
|turn|2
|
|move|p2a: Landorus-Therian|U-turn|p1a: Azelf
|-supereffective|p1a: Azelf
|-damage|p1a: Azelf|0 fnt
|faint|p1a: Azelf
|
|switch|p2a: Rotom-Wash|Rotom-Wash|303\/303
|-damage|p2a: Rotom-Wash|266\/303|[from] Stealth Rock
|
|-heal|p2a: Rotom-Wash|284\/303|[from] item: Leftovers
|
|switch|p1a: Latias|Latias, F|302\/302
|turn|3
|
|switch|p2a: Heatran|Heatran, M|385\/385
|-damage|p2a: Heatran|337\/385|[from] Stealth Rock
|move|p1a: Latias|Trick|p2a: Heatran
|-activate|p1a: Latias|move: Trick|[of] p2a: Heatran
|-item|p2a: Heatran|Choice Scarf|[from] move: Trick
|-item|p1a: Latias|Leftovers|[from] move: Trick
|
|turn|4
|join|yrs
|
|switch|p1a: Politoed|Politoed, M|384\/384
|-weather|RainDance
|move|p2a: Heatran|Stealth Rock|p1a: Politoed
|-sidestart|p1: Q111|move: Stealth Rock
|
|-weather|RainDance|[upkeep]
|turn|5
|c| yrs|gl revern
|
|switch|p2a: Keldeo-Resolute|Keldeo-Resolute|323\/323
|-damage|p2a: Keldeo-Resolute|303\/323|[from] Stealth Rock
|move|p1a: Politoed|Scald|p2a: Keldeo-Resolute
|-resisted|p2a: Keldeo-Resolute
|-damage|p2a: Keldeo-Resolute|238\/323
|-status|p2a: Keldeo-Resolute|brn
|
|-weather|RainDance|[upkeep]
|-damage|p2a: Keldeo-Resolute|198\/323 brn|[from] brn
|turn|6
|c|âReverb|ty
|c| yrs|reverb
|
|move|p2a: Keldeo-Resolute|Hydro Pump|p1a: Politoed|[miss]
|-miss|p2a: Keldeo-Resolute|p1a: Politoed
|move|p1a: Politoed|Encore|p2a: Keldeo-Resolute
|-start|p2a: Keldeo-Resolute|Encore
|
|-weather|RainDance|[upkeep]
|-damage|p2a: Keldeo-Resolute|158\/323 brn|[from] brn
|turn|7
|join|iplaytennislol
|
|move|p2a: Keldeo-Resolute|Hydro Pump|p1a: Politoed
|-resisted|p1a: Politoed
|-damage|p1a: Politoed|222\/384
|move|p1a: Politoed|Scald|p2a: Keldeo-Resolute
|-resisted|p2a: Keldeo-Resolute
|-damage|p2a: Keldeo-Resolute|94\/323 brn
|
|-weather|RainDance|[upkeep]
|-damage|p2a: Keldeo-Resolute|54\/323 brn|[from] brn
|turn|8
|
|move|p2a: Keldeo-Resolute|Hydro Pump|p1a: Politoed
|-resisted|p1a: Politoed
|-damage|p1a: Politoed|75\/384
|move|p1a: Politoed|Scald|p2a: Keldeo-Resolute
|-resisted|p2a: Keldeo-Resolute
|-damage|p2a: Keldeo-Resolute|0 fnt
|faint|p2a: Keldeo-Resolute
|
|-weather|RainDance|[upkeep]
|join|fingerscrossed
|
|switch|p2a: Metagross|Metagross|301\/301
|-damage|p2a: Metagross|283\/301|[from] Stealth Rock
|turn|9
|
|detailschange|p2a: Metagross|Metagross-Mega
|-mega|p2a: Metagross|Metagross|Metagrossite
|move|p2a: Metagross|Zen Headbutt|p1a: Politoed
|-damage|p1a: Politoed|0 fnt
|faint|p1a: Politoed
|
|-weather|RainDance|[upkeep]
|
|switch|p1a: Swampert|Swampert, F|354\/354
|-damage|p1a: Swampert|332\/354|[from] Stealth Rock
|turn|10
|join|Captain Bravo
|
|switch|p2a: Rotom-Wash|Rotom-Wash|284\/303
|-damage|p2a: Rotom-Wash|247\/303|[from] Stealth Rock
|detailschange|p1a: Swampert|Swampert-Mega, F
|-mega|p1a: Swampert|Swampert|Swampertite
|move|p1a: Swampert|Waterfall|p2a: Rotom-Wash
|-resisted|p2a: Rotom-Wash
|-damage|p2a: Rotom-Wash|152\/303
|
|-weather|RainDance|[upkeep]
|-heal|p2a: Rotom-Wash|170\/303|[from] item: Leftovers
|turn|11
|join|Alkov
|
|move|p1a: Swampert|Waterfall|p2a: Rotom-Wash
|-resisted|p2a: Rotom-Wash
|-damage|p2a: Rotom-Wash|74\/303
|move|p2a: Rotom-Wash|Will-O-Wisp|p1a: Swampert
|-status|p1a: Swampert|brn
|
|-weather|none
|-heal|p2a: Rotom-Wash|92\/303|[from] item: Leftovers
|-damage|p1a: Swampert|288\/354 brn|[from] brn
|turn|12
|leave|Captain Bravo
|
|move|p1a: Swampert|Waterfall|p2a: Rotom-Wash
|-resisted|p2a: Rotom-Wash
|-damage|p2a: Rotom-Wash|58\/303
|cant|p2a: Rotom-Wash|flinch
|
|-heal|p2a: Rotom-Wash|76\/303|[from] item: Leftovers
|-damage|p1a: Swampert|244\/354 brn|[from] brn
|turn|13
|
|move|p1a: Swampert|Waterfall|p2a: Rotom-Wash
|-resisted|p2a: Rotom-Wash
|-damage|p2a: Rotom-Wash|45\/303
|move|p2a: Rotom-Wash|Pain Split|p1a: Swampert
|-sethp|p1a: Swampert|144\/354 brn|p2a: Rotom-Wash|144\/303|[from] move: Pain Split
|
|-heal|p2a: Rotom-Wash|162\/303|[from] item: Leftovers
|-damage|p1a: Swampert|100\/354 brn|[from] brn
|turn|14
|
|switch|p1a: Latias|Latias, F|302\/302
|-damage|p1a: Latias|265\/302|[from] Stealth Rock
|move|p2a: Rotom-Wash|Hydro Pump|p1a: Latias
|-resisted|p1a: Latias
|-damage|p1a: Latias|210\/302
|
|-heal|p1a: Latias|228\/302|[from] item: Leftovers
|-heal|p2a: Rotom-Wash|180\/303|[from] item: Leftovers
|turn|15
|
|move|p1a: Latias|Draco Meteor|p2a: Rotom-Wash
|-crit|p2a: Rotom-Wash
|-damage|p2a: Rotom-Wash|0 fnt
|-unboost|p1a: Latias|spa|2
|faint|p2a: Rotom-Wash
|
|-heal|p1a: Latias|246\/302|[from] item: Leftovers
|
|switch|p2a: Metagross|Metagross-Mega|283\/301
|-damage|p2a: Metagross|265\/301|[from] Stealth Rock
|turn|16
|join|Kissed By Death
|join|Touhoumon Lord
|
|move|p2a: Metagross|Meteor Mash|p1a: Latias|[miss]
|-miss|p2a: Metagross|p1a: Latias
|move|p1a: Latias|Healing Wish|p1a: Latias
|faint|p1a: Latias
|
|
|switch|p1a: Swampert|Swampert-Mega, F|100\/354 brn
|-heal|p1a: Swampert|354\/354|[from] move: Healing Wish
|-damage|p1a: Swampert|332\/354|[from] Stealth Rock
|turn|17
|join|jhkhjhkh
|
|switch|p2a: Landorus-Therian|Landorus-Therian, M|287\/327
|-damage|p2a: Landorus-Therian|247\/327|[from] Stealth Rock
|-ability|p2a: Landorus-Therian|Intimidate|[of] p1a: Swampert
|-unboost|p1a: Swampert|atk|1
|move|p1a: Swampert|Earthquake|p2a: Landorus-Therian
|-immune|p2a: Landorus-Therian|[msg]
|
|turn|18
|c| yrs|wow
|c| yrs|that blows
|
|move|p1a: Swampert|Protect|p1a: Swampert
|-singleturn|p1a: Swampert|Protect
|move|p2a: Landorus-Therian|Explosion|p1a: Swampert
|-activate|p1a: Swampert|Protect
|faint|p2a: Landorus-Therian
|
|c| iplaytennislol|o
|
|switch|p2a: Gengar|Gengar, F|261\/261
|-damage|p2a: Gengar|229\/261|[from] Stealth Rock
|turn|19
|c|+fingerscrossed|hm
|c| iplaytennislol|get
|c| iplaytennislol|destroyed
|c|âReverb|shut up
|c| iplaytennislol|:]
|
|switch|p1a: Manaphy|Manaphy|341\/341
|-damage|p1a: Manaphy|299\/341|[from] Stealth Rock
|move|p2a: Gengar|Shadow Ball|p1a: Manaphy
|-damage|p1a: Manaphy|108\/341
|-damage|p2a: Gengar|203\/261|[from] item: Life Orb
|
|-heal|p1a: Manaphy|129\/341|[from] item: Leftovers
|turn|20
|c|+fingerscrossed|ban tennis next imo.
|c| iplaytennislol|LOL
|
|move|p2a: Gengar|Sludge Wave|p1a: Manaphy
|-damage|p1a: Manaphy|0 fnt
|-damage|p2a: Gengar|177\/261|[from] item: Life Orb
|faint|p1a: Manaphy
|
|
|switch|p1a: Tornadus-Therian|Tornadus-Therian, M|361\/361
|-damage|p1a: Tornadus-Therian|271\/361|[from] Stealth Rock
|turn|21
|c| iplaytennislol|fingerscrossed? More like fingersuptheass XD
|
|switch|p2a: Heatran|Heatran, M|337\/385
|-damage|p2a: Heatran|289\/385|[from] Stealth Rock
|move|p1a: Tornadus-Therian|Rain Dance|p1a: Tornadus-Therian
|-weather|RainDance
|
|-weather|RainDance|[upkeep]
|turn|22
|c| yrs|?
|join|yung sensei
|c| yrs|whops fingersuptheass?
|
|move|p1a: Tornadus-Therian|Hurricane|p2a: Heatran
|-resisted|p2a: Heatran
|-damage|p2a: Heatran|240\/385
|move|p2a: Heatran|Lava Plume|p1a: Tornadus-Therian
|-damage|p1a: Tornadus-Therian|205\/361
|-status|p1a: Tornadus-Therian|brn
|
|-weather|RainDance|[upkeep]
|-damage|p1a: Tornadus-Therian|160\/361 brn|[from] brn
|turn|23
|c| yrs|lol
|c| yrs|new slogan
|c| yrs|fingersuptheass
|
|move|p1a: Tornadus-Therian|Hurricane|p2a: Heatran
|-resisted|p2a: Heatran
|-damage|p2a: Heatran|192\/385
|move|p2a: Heatran|Lava Plume|p1a: Tornadus-Therian
|-damage|p1a: Tornadus-Therian|91\/361 brn
|
|-weather|RainDance|[upkeep]
|-damage|p1a: Tornadus-Therian|46\/361 brn|[from] brn
|turn|24
|
|move|p1a: Tornadus-Therian|Hurricane|p2a: Heatran
|-resisted|p2a: Heatran
|-damage|p2a: Heatran|141\/385
|move|p2a: Heatran|Lava Plume|p1a: Tornadus-Therian
|-damage|p1a: Tornadus-Therian|0 fnt
|faint|p1a: Tornadus-Therian
|
|-weather|RainDance|[upkeep]
|
|switch|p1a: Swampert|Swampert-Mega, F|332\/354
|-damage|p1a: Swampert|310\/354|[from] Stealth Rock
|turn|25
|join|SilverReaper21
|leave|SilverReaper21
|
|move|p1a: Swampert|Waterfall|p2a: Heatran
|-supereffective|p2a: Heatran
|-damage|p2a: Heatran|0 fnt
|faint|p2a: Heatran
|
|-weather|RainDance|[upkeep]
|join|Murkrow Jupiter
|leave|Touhoumon Lord
|
|switch|p2a: Gengar|Gengar, F|177\/261
|-damage|p2a: Gengar|145\/261|[from] Stealth Rock
|turn|26
|join|innovamaniaâ¥
|c| yrs|welp
|c| yrs|its game
|c|âReverb|why do i always get haxed
|-message|Reverb forfeited.
|c| yrs|bad luck
|
|win|Q111
|raw|Ladder updating...
|raw|Q111's rating: 1611 &rarr; <strong>1639<\/strong><br \/>(+28 for winning)
|raw|Reverb's rating: 1772 &rarr; <strong>1743<\/strong><br \/>(-29 for losing)
|leave|iplaytennislol
|leave|yung sensei
|leave|fingerscrossed
|leave|innovamaniaâ¥
|leave|Reverb
|player|p2
|leave|Kissed By Death
|leave|Murkrow Jupiter
|leave|yrs