|join|Q111
|join|frogs arnt turtles
|player|p1|Q111|2
|player|p2|frogs arnt turtles|75
|gametype|singles
|gen|6
|tier|OU (suspect test)
|rated
|clearpoke
|poke|p1|Swampert, M
|poke|p1|Politoed, M
|poke|p1|Ferrothorn, M
|poke|p1|Keldeo
|poke|p1|Latias, F
|poke|p1|Tornadus-Therian, M
|poke|p2|Dugtrio, F
|poke|p2|Volcarona, F
|poke|p2|Latias, F
|poke|p2|Beedrill, M
|poke|p2|Rotom-Wash
|poke|p2|Bisharp, M
|rule|Swagger Clause: Swagger is banned
|rule|Baton Pass Clause: Limit one PokÃ©mon knowing Baton Pass
|rule|Sleep Clause Mod: Limit one foe put to sleep
|rule|Species Clause: Limit one of each PokÃ©mon
|rule|OHKO Clause: OHKO moves are banned
|rule|Moody Clause: Moody is banned
|rule|Evasion Moves Clause: Evasion moves are banned
|rule|Endless Battle Clause: Forcing endless battles is banned
|rule|HP Percentage Mod: HP is shown in percentages
|teampreview
|
|start
|switch|p1a: Politoed|Politoed, M|384\/384
|switch|p2a: Rotom-Wash|Rotom-Wash|294\/294
|-weather|RainDance
|turn|1
|
|switch|p1a: Ferrothorn|Ferrothorn, M|352\/352
|move|p2a: Rotom-Wash|Will-O-Wisp|p1a: Ferrothorn
|-status|p1a: Ferrothorn|brn
|
|-weather|RainDance|[upkeep]
|-damage|p1a: Ferrothorn|308\/352 brn|[from] brn
|turn|2
|
|move|p2a: Rotom-Wash|Volt Switch|p1a: Ferrothorn
|-resisted|p1a: Ferrothorn
|-damage|p1a: Ferrothorn|267\/352 brn
|
|switch|p2a: Volcarona|Volcarona, F|311\/311
|move|p1a: Ferrothorn|Stealth Rock|p2a: Volcarona
|-sidestart|p2: frogs arnt turtles|move: Stealth Rock
|
|-weather|RainDance|[upkeep]
|-heal|p1a: Ferrothorn|289\/352 brn|[from] item: Leftovers
|-damage|p1a: Ferrothorn|245\/352 brn|[from] brn
|turn|3
|
|switch|p1a: Keldeo|Keldeo|323\/323
|move|p2a: Volcarona|Fire Blast|p1a: Keldeo
|-resisted|p1a: Keldeo
|-damage|p1a: Keldeo|257\/323
|
|-weather|RainDance|[upkeep]
|turn|4
|
|switch|p2a: Latias|Latias, F|302\/302
|-damage|p2a: Latias|265\/302|[from] Stealth Rock
|move|p1a: Keldeo|Surf|p2a: Latias
|-resisted|p2a: Latias
|-damage|p2a: Latias|121\/302
|
|-weather|RainDance|[upkeep]
|turn|5
|
|switch|p1a: Ferrothorn|Ferrothorn, M|245\/352 brn
|move|p2a: Latias|Defog|p1a: Ferrothorn
|-unboost|p1a: Ferrothorn|evasion|1
|-sideend|p2: frogs arnt turtles|Stealth Rock|[from] move: Defog|[of] p2a: Latias
|
|-weather|RainDance|[upkeep]
|-heal|p1a: Ferrothorn|267\/352 brn|[from] item: Leftovers
|-damage|p1a: Ferrothorn|223\/352 brn|[from] brn
|turn|6
|
|switch|p2a: Bisharp|Bisharp, M|271\/271
|move|p1a: Ferrothorn|Leech Seed|p2a: Bisharp
|-start|p2a: Bisharp|move: Leech Seed
|
|-weather|RainDance|[upkeep]
|-heal|p1a: Ferrothorn|245\/352 brn|[from] item: Leftovers
|-damage|p2a: Bisharp|238\/271|[from] Leech Seed|[of] p1a: Ferrothorn
|-heal|p1a: Ferrothorn|278\/352 brn|[silent]
|-damage|p1a: Ferrothorn|234\/352 brn|[from] brn
|turn|7
|
|move|p2a: Bisharp|Knock Off|p1a: Ferrothorn
|-crit|p1a: Ferrothorn
|-damage|p1a: Ferrothorn|80\/352 brn
|-damage|p2a: Bisharp|205\/271|[from] ability: Iron Barbs|[of] p1a: Ferrothorn
|-enditem|p1a: Ferrothorn|Leftovers|[from] move: Knock Off|[of] p2a: Bisharp
|move|p1a: Ferrothorn|Stealth Rock|p2a: Bisharp
|-sidestart|p2: frogs arnt turtles|move: Stealth Rock
|
|-weather|RainDance|[upkeep]
|-damage|p2a: Bisharp|172\/271|[from] Leech Seed|[of] p1a: Ferrothorn
|-heal|p1a: Ferrothorn|113\/352 brn|[silent]
|-damage|p1a: Ferrothorn|69\/352 brn|[from] brn
|turn|8
|
|move|p2a: Bisharp|Knock Off|p1a: Ferrothorn
|-damage|p1a: Ferrothorn|0 fnt
|-damage|p2a: Bisharp|139\/271|[from] ability: Iron Barbs|[of] p1a: Ferrothorn
|faint|p1a: Ferrothorn
|
|-weather|none
|
|switch|p1a: Politoed|Politoed, M|384\/384
|-weather|RainDance
|turn|9
|
|move|p2a: Bisharp|Knock Off|p1a: Politoed
|-damage|p1a: Politoed|179\/384
|-enditem|p1a: Politoed|Damp Rock|[from] move: Knock Off|[of] p2a: Bisharp
|move|p1a: Politoed|Scald|p2a: Bisharp
|-damage|p2a: Bisharp|24\/271
|
|-weather|RainDance|[upkeep]
|-damage|p2a: Bisharp|0 fnt|[from] Leech Seed|[of] p1a: Politoed
|-heal|p1a: Politoed|203\/384|[silent]
|faint|p2a: Bisharp
|
|switch|p2a: Latias|Latias, F|121\/302
|-damage|p2a: Latias|84\/302|[from] Stealth Rock
|turn|10
|
|move|p2a: Latias|Defog|p1a: Politoed
|-unboost|p1a: Politoed|evasion|1
|-sideend|p2: frogs arnt turtles|Stealth Rock|[from] move: Defog|[of] p2a: Latias
|move|p1a: Politoed|Scald|p2a: Latias
|-resisted|p2a: Latias
|-damage|p2a: Latias|29\/302
|
|-weather|RainDance|[upkeep]
|turn|11
|
|switch|p2a: Rotom-Wash|Rotom-Wash|294\/294
|move|p1a: Politoed|Scald|p2a: Rotom-Wash
|-resisted|p2a: Rotom-Wash
|-damage|p2a: Rotom-Wash|231\/294
|
|-weather|RainDance|[upkeep]
|-heal|p2a: Rotom-Wash|249\/294|[from] item: Leftovers
|turn|12
|
|switch|p1a: Latias|Latias, F|311\/311
|move|p2a: Rotom-Wash|Volt Switch|p1a: Latias
|-resisted|p1a: Latias
|-damage|p1a: Latias|285\/311
|
|switch|p2a: Beedrill|Beedrill, M|271\/271
|
|-weather|RainDance|[upkeep]
|turn|13
|
|switch|p1a: Tornadus-Therian|Tornadus-Therian, M|361\/361
|detailschange|p2a: Beedrill|Beedrill-Mega, M
|-mega|p2a: Beedrill|Beedrill|Beedrillite
|move|p2a: Beedrill|U-turn|p1a: Tornadus-Therian
|-resisted|p1a: Tornadus-Therian
|-damage|p1a: Tornadus-Therian|243\/361
|
|switch|p2a: Dugtrio|Dugtrio, F|211\/211
|
|-weather|RainDance|[upkeep]
|turn|14
|
|move|p1a: Tornadus-Therian|U-turn|p2a: Dugtrio
|-damage|p2a: Dugtrio|119\/211
|
|switch|p1a: Swampert|Swampert, M|366\/366
|move|p2a: Dugtrio|Stealth Rock|p1a: Swampert
|-sidestart|p1: Q111|move: Stealth Rock
|
|-weather|RainDance|[upkeep]
|turn|15
|
|detailschange|p1a: Swampert|Swampert-Mega, M
|-mega|p1a: Swampert|Swampert|Swampertite
|move|p2a: Dugtrio|Toxic|p1a: Swampert
|-status|p1a: Swampert|tox
|move|p1a: Swampert|Waterfall|p2a: Dugtrio
|-crit|p2a: Dugtrio
|-supereffective|p2a: Dugtrio
|-damage|p2a: Dugtrio|0 fnt
|faint|p2a: Dugtrio
|
|-weather|RainDance|[upkeep]
|-damage|p1a: Swampert|344\/366 tox|[from] psn
|
|switch|p2a: Beedrill|Beedrill-Mega, M|271\/271
|turn|16
|
|move|p2a: Beedrill|Protect|p2a: Beedrill
|-singleturn|p2a: Beedrill|Protect
|move|p1a: Swampert|Waterfall|p2a: Beedrill
|-activate|p2a: Beedrill|Protect
|
|-weather|none
|-damage|p1a: Swampert|300\/366 tox|[from] psn
|turn|17
|
|switch|p1a: Politoed|Politoed, M|203\/384
|-damage|p1a: Politoed|155\/384|[from] Stealth Rock
|-weather|RainDance
|move|p2a: Beedrill|U-turn|p1a: Politoed
|-damage|p1a: Politoed|0 fnt
|faint|p1a: Politoed
|
|switch|p2a: Latias|Latias, F|29\/302
|
|-weather|RainDance|[upkeep]
|
|switch|p1a: Tornadus-Therian|Tornadus-Therian, M|361\/361
|-damage|p1a: Tornadus-Therian|271\/361|[from] Stealth Rock
|turn|18
|
|switch|p2a: Beedrill|Beedrill-Mega, M|271\/271
|move|p1a: Tornadus-Therian|U-turn|p2a: Beedrill
|-resisted|p2a: Beedrill
|-damage|p2a: Beedrill|214\/271
|
|switch|p1a: Swampert|Swampert-Mega, M|300\/366 tox
|-damage|p1a: Swampert|278\/366 tox|[from] Stealth Rock
|
|-weather|RainDance|[upkeep]
|-damage|p1a: Swampert|256\/366 tox|[from] psn
|turn|19
|
|move|p2a: Beedrill|Protect|p2a: Beedrill
|-singleturn|p2a: Beedrill|Protect
|move|p1a: Swampert|Waterfall|p2a: Beedrill
|-activate|p2a: Beedrill|Protect
|
|-weather|RainDance|[upkeep]
|-damage|p1a: Swampert|212\/366 tox|[from] psn
|turn|20
|
|switch|p2a: Rotom-Wash|Rotom-Wash|249\/294
|move|p1a: Swampert|Waterfall|p2a: Rotom-Wash
|-resisted|p2a: Rotom-Wash
|-damage|p2a: Rotom-Wash|159\/294
|
|-weather|RainDance|[upkeep]
|-heal|p2a: Rotom-Wash|177\/294|[from] item: Leftovers
|-damage|p1a: Swampert|146\/366 tox|[from] psn
|turn|21
|
|switch|p1a: Latias|Latias, F|285\/311
|-damage|p1a: Latias|247\/311|[from] Stealth Rock
|move|p2a: Rotom-Wash|Volt Switch|p1a: Latias
|-resisted|p1a: Latias
|-damage|p1a: Latias|216\/311
|
|switch|p2a: Beedrill|Beedrill-Mega, M|214\/271
|
|-weather|none
|turn|22
|
|switch|p1a: Keldeo|Keldeo|257\/323
|-damage|p1a: Keldeo|237\/323|[from] Stealth Rock
|move|p2a: Beedrill|Knock Off|p1a: Keldeo
|-crit|p1a: Keldeo
|-resisted|p1a: Keldeo
|-damage|p1a: Keldeo|139\/323
|-boost|p1a: Keldeo|atk|1|[from] ability: Justified
|-enditem|p1a: Keldeo|Choice Specs|[from] move: Knock Off|[of] p2a: Beedrill
|
|turn|23
|
|move|p2a: Beedrill|Poison Jab|p1a: Keldeo
|-damage|p1a: Keldeo|0 fnt
|faint|p1a: Keldeo
|
|
|switch|p1a: Tornadus-Therian|Tornadus-Therian, M|361\/361
|-damage|p1a: Tornadus-Therian|271\/361|[from] Stealth Rock
|turn|24
|
|move|p2a: Beedrill|U-turn|p1a: Tornadus-Therian
|-resisted|p1a: Tornadus-Therian
|-damage|p1a: Tornadus-Therian|155\/361
|
|switch|p2a: Latias|Latias, F|29\/302
|move|p1a: Tornadus-Therian|Rain Dance|p1a: Tornadus-Therian
|-weather|RainDance
|
|-weather|RainDance|[upkeep]
|turn|25
|
|move|p1a: Tornadus-Therian|U-turn|p2a: Latias
|-supereffective|p2a: Latias
|-damage|p2a: Latias|0 fnt
|faint|p2a: Latias
|
|switch|p1a: Latias|Latias, F|216\/311
|-damage|p1a: Latias|178\/311|[from] Stealth Rock
|
|-weather|RainDance|[upkeep]
|
|switch|p2a: Beedrill|Beedrill-Mega, M|214\/271
|turn|26
|
|move|p2a: Beedrill|Knock Off|p1a: Latias
|-supereffective|p1a: Latias
|-damage|p1a: Latias|0 fnt
|-enditem|p1a: Latias|Choice Scarf|[from] move: Knock Off|[of] p2a: Beedrill
|faint|p1a: Latias
|
|-weather|RainDance|[upkeep]
|
|switch|p1a: Swampert|Swampert-Mega, M|146\/366 tox
|-damage|p1a: Swampert|124\/366 tox|[from] Stealth Rock
|turn|27
|
|move|p2a: Beedrill|Protect|p2a: Beedrill
|-singleturn|p2a: Beedrill|Protect
|move|p1a: Swampert|Waterfall|p2a: Beedrill
|-activate|p2a: Beedrill|Protect
|
|-weather|RainDance|[upkeep]
|-damage|p1a: Swampert|102\/366 tox|[from] psn
|turn|28
|
|switch|p2a: Volcarona|Volcarona, F|311\/311
|move|p1a: Swampert|Waterfall|p2a: Volcarona
|-supereffective|p2a: Volcarona
|-damage|p2a: Volcarona|0 fnt
|faint|p2a: Volcarona
|
|-weather|RainDance|[upkeep]
|-damage|p1a: Swampert|58\/366 tox|[from] psn
|-message|Q111 forfeited.
|leave|Q111
|
|win|frogs arnt turtles
|raw|Ladder updating...
|player|p1
|raw|Q111's rating: 1321 &rarr; <strong>1301<\/strong><br \/>(-20 for losing)
|raw|frogs arnt turtles's rating: 1329 &rarr; <strong>1348<\/strong><br \/>(+19 for winning)