|join|Jaggi
|join|KidKazam
|player|p1|Jaggi|1
|player|p2|KidKazam|56
|gametype|singles
|gen|6
|tier|ORAS OU
|rated
|rule|Sleep Clause Mod: Limit one foe put to sleep
|rule|Species Clause: Limit one of each PokÃ©mon
|rule|OHKO Clause: OHKO moves are banned
|rule|Moody Clause: Moody is banned
|rule|Evasion Moves Clause: Evasion moves are banned
|rule|Endless Battle Clause: Forcing endless battles is banned
|rule|HP Percentage Mod: HP is shown in percentages
|clearpoke
|poke|p1|Empoleon, M
|poke|p1|Weavile, F
|poke|p1|Slowbro, F, shiny
|poke|p1|Aggron, F, shiny
|poke|p1|Chesnaught, F, shiny
|poke|p1|Swampert, F
|poke|p2|Cottonee, F
|poke|p2|Azelf
|poke|p2|Whimsicott, M
|poke|p2|Smeargle, F
|poke|p2|Espeon, F
|poke|p2|Porygon-Z
|rule|Swagger Clause: Swagger is banned
|rule|Baton Pass Clause: Limit one PokÃ©mon knowing Baton Pass
|teampreview
|
|start
|switch|p1a: Weavile|Weavile, F|282\/282
|switch|p2a: Cottonee|Cottonee, F|284\/284
|turn|1
|
|move|p2a: Cottonee|Tailwind|p2a: Cottonee
|-sidestart|p2: KidKazam|move: Tailwind
|move|p1a: Weavile|Swords Dance|p1a: Weavile
|-boost|p1a: Weavile|atk|2
|
|turn|2
|
|move|p2a: Cottonee|Stun Spore|p1a: Weavile|[miss]
|-miss|p2a: Cottonee|p1a: Weavile
|move|p1a: Weavile|Swords Dance|p1a: Weavile
|-boost|p1a: Weavile|atk|2
|
|turn|3
|
|move|p2a: Cottonee|Stun Spore|p1a: Weavile
|-status|p1a: Weavile|par
|move|p1a: Weavile|Ice Shard|p2a: Cottonee
|-supereffective|p2a: Cottonee
|-enditem|p2a: Cottonee|Focus Sash
|-damage|p2a: Cottonee|1\/284
|
|turn|4
|
|move|p2a: Cottonee|Memento|p1a: Weavile
|-unboost|p1a: Weavile|atk|2
|-unboost|p1a: Weavile|spa|2
|faint|p2a: Cottonee
|move|p1a: Weavile|Ice Shard|p2: Cottonee|[notarget]
|-notarget
|
|-sideend|p2: KidKazam|move: Tailwind
|
|switch|p2a: Azelf|Azelf|292\/292
|turn|5
|
|move|p2a: Azelf|Reflect|p2a: Azelf
|-sidestart|p2: KidKazam|Reflect
|move|p1a: Weavile|Knock Off|p2a: Azelf
|-supereffective|p2a: Azelf
|-damage|p2a: Azelf|0 fnt
|-enditem|p2a: Azelf|Light Clay|[from] move: Knock Off|[of] p1a: Weavile
|faint|p2a: Azelf
|
|
|switch|p2a: Whimsicott|Whimsicott, M|324\/324
|turn|6
|
|move|p2a: Whimsicott|Tailwind|p2a: Whimsicott
|-sidestart|p2: KidKazam|move: Tailwind
|move|p1a: Weavile|Swords Dance|p1a: Weavile
|-boost|p1a: Weavile|atk|2
|
|turn|7
|
|move|p2a: Whimsicott|Memento|p1a: Weavile
|-unboost|p1a: Weavile|atk|2
|-unboost|p1a: Weavile|spa|2
|faint|p2a: Whimsicott
|move|p1a: Weavile|Swords Dance|p1a: Weavile
|-boost|p1a: Weavile|atk|2
|
|
|switch|p2a: Smeargle|Smeargle, F|314\/314
|turn|8
|
|move|p2a: Smeargle|Iron Defense|p2a: Smeargle
|-boost|p2a: Smeargle|def|2
|cant|p1a: Weavile|par
|
|turn|9
|
|move|p2a: Smeargle|Iron Defense|p2a: Smeargle
|-boost|p2a: Smeargle|def|2
|move|p1a: Weavile|Knock Off|p2a: Smeargle
|-damage|p2a: Smeargle|149\/314
|-enditem|p2a: Smeargle|Power Herb|[from] move: Knock Off|[of] p1a: Weavile
|
|-sideend|p2: KidKazam|move: Tailwind
|turn|10
|
|move|p2a: Smeargle|Baton Pass|p2a: Smeargle
|
|switch|p2a: Porygon-Z|Porygon-Z|312\/312
|move|p1a: Weavile|Low Kick|p2a: Porygon-Z
|-supereffective|p2a: Porygon-Z
|-damage|p2a: Porygon-Z|215\/312
|
|-heal|p2a: Porygon-Z|234\/312|[from] item: Leftovers
|turn|11
|
|move|p2a: Porygon-Z|Substitute|p2a: Porygon-Z
|-start|p2a: Porygon-Z|Substitute
|-damage|p2a: Porygon-Z|156\/312
|move|p1a: Weavile|Knock Off|p2a: Porygon-Z
|-end|p2a: Porygon-Z|Substitute
|
|-heal|p2a: Porygon-Z|175\/312|[from] item: Leftovers
|turn|12
|
|move|p2a: Porygon-Z|Substitute|p2a: Porygon-Z
|-start|p2a: Porygon-Z|Substitute
|-damage|p2a: Porygon-Z|97\/312
|move|p1a: Weavile|Knock Off|p2a: Porygon-Z
|-end|p2a: Porygon-Z|Substitute
|
|-heal|p2a: Porygon-Z|116\/312|[from] item: Leftovers
|-sideend|p2: KidKazam|Reflect
|turn|13
|
|move|p2a: Porygon-Z|Tri Attack|p1a: Weavile
|-damage|p1a: Weavile|54\/282 par
|move|p1a: Weavile|Knock Off|p2a: Porygon-Z
|-damage|p2a: Porygon-Z|0 fnt
|-enditem|p2a: Porygon-Z|Leftovers|[from] move: Knock Off|[of] p1a: Weavile
|faint|p2a: Porygon-Z
|
|-message|KidKazam forfeited.
|leave|KidKazam
|
|win|Jaggi
|raw|Ladder updating...
|player|p2
|raw|Jaggi's rating: 1497 &rarr; <strong>1509<\/strong><br \/>(+12 for winning)
|raw|KidKazam's rating: 1346 &rarr; <strong>1334<\/strong><br \/>(-12 for losing)