|join|TheFlamingSpade
|join|KidKazam
|player|p1|TheFlamingSpade|1
|player|p2|KidKazam|56
|gametype|singles
|gen|6
|tier|ORAS OU
|rated
|rule|Sleep Clause Mod: Limit one foe put to sleep
|rule|Species Clause: Limit one of each PokÃ©mon
|rule|OHKO Clause: OHKO moves are banned
|rule|Moody Clause: Moody is banned
|rule|Evasion Moves Clause: Evasion moves are banned
|rule|Endless Battle Clause: Forcing endless battles is banned
|rule|HP Percentage Mod: HP is shown in percentages
|clearpoke
|poke|p1|Gyarados, M
|poke|p1|Talonflame, M
|poke|p1|Rotom-Wash
|poke|p1|Noivern, M
|poke|p1|Excadrill, M
|poke|p1|Sylveon, F
|poke|p2|Salamence, F, shiny
|poke|p2|Mamoswine, F
|poke|p2|Latias, F
|poke|p2|Ferrothorn, M
|poke|p2|Chandelure, F
|poke|p2|Breloom, M
|rule|Swagger Clause: Swagger is banned
|rule|Baton Pass Clause: Limit one PokÃ©mon knowing Baton Pass
|teampreview
|
|start
|switch|p1a: Noivern|Noivern, M|311\/311
|switch|p2a: Breloom|Breloom, M|262\/262
|turn|1
|c|âKidKazam|gl fren
|c|âTheFlamingSpade|u2
|
|move|p1a: Noivern|Hurricane|p2a: Breloom
|-supereffective|p2a: Breloom
|-enditem|p2a: Breloom|Focus Sash
|-damage|p2a: Breloom|1\/262
|move|p2a: Breloom|Rock Tomb|p1a: Noivern
|-supereffective|p1a: Noivern
|-damage|p1a: Noivern|35\/311
|-unboost|p1a: Noivern|spe|1
|
|turn|2
|
|switch|p1a: Talonflame|Talonflame, M|317\/317
|move|p2a: Breloom|Mach Punch|p1a: Talonflame
|-resisted|p1a: Talonflame
|-damage|p1a: Talonflame|240\/317
|
|turn|3
|
|move|p1a: Talonflame|Brave Bird|p2a: Breloom
|-supereffective|p2a: Breloom
|-damage|p2a: Breloom|0 fnt
|-damage|p1a: Talonflame|239\/317|[from] recoil|[of] p2a: Breloom
|faint|p2a: Breloom
|
|
|switch|p2a: Salamence|Salamence, F, shiny|332\/332
|-ability|p2a: Salamence|Intimidate|[of] p1a: Talonflame
|-unboost|p1a: Talonflame|atk|1
|turn|4
|
|switch|p1a: Rotom-Wash|Rotom-Wash|304\/304
|detailschange|p2a: Salamence|Salamence-Mega, F, shiny
|message|Salamence has Mega Evolved into Mega Salamence!
|move|p2a: Salamence|Return|p1a: Rotom-Wash
|-resisted|p1a: Rotom-Wash
|-damage|p1a: Rotom-Wash|180\/304
|
|-heal|p1a: Rotom-Wash|199\/304|[from] item: Leftovers
|turn|5
|
|move|p2a: Salamence|Substitute|p2a: Salamence
|-start|p2a: Salamence|Substitute
|-damage|p2a: Salamence|249\/332
|move|p1a: Rotom-Wash|Volt Switch|p2a: Salamence
|-end|p2a: Salamence|Substitute
|
|switch|p1a: Noivern|Noivern, M|35\/311
|
|turn|6
|
|switch|p2a: Chandelure|Chandelure, F|301\/301
|move|p1a: Noivern|Flamethrower|p2a: Chandelure
|-start|p2a: Chandelure|ability: Flash Fire
|
|turn|7
|
|switch|p1a: Rotom-Wash|Rotom-Wash|199\/304
|move|p2a: Chandelure|Substitute|p2a: Chandelure
|-start|p2a: Chandelure|Substitute
|-damage|p2a: Chandelure|226\/301
|
|-heal|p2a: Chandelure|244\/301|[from] item: Leftovers
|-heal|p1a: Rotom-Wash|218\/304|[from] item: Leftovers
|turn|8
|
|move|p2a: Chandelure|Shadow Ball|p1a: Rotom-Wash
|-damage|p1a: Rotom-Wash|116\/304
|move|p1a: Rotom-Wash|Volt Switch|p2a: Chandelure
|-end|p2a: Chandelure|Substitute
|
|switch|p1a: Excadrill|Excadrill, M|361\/361
|-ability|p1a: Excadrill|Mold Breaker
|-item|p1a: Excadrill|Air Balloon
|
|-heal|p2a: Chandelure|262\/301|[from] item: Leftovers
|turn|9
|
|switch|p2a: Salamence|Salamence-Mega, F, shiny|249\/332
|move|p1a: Excadrill|Earthquake|p2a: Salamence
|-immune|p2a: Salamence|[msg]
|
|turn|10
|
|switch|p1a: Rotom-Wash|Rotom-Wash|116\/304
|move|p2a: Salamence|Return|p1a: Rotom-Wash
|-resisted|p1a: Rotom-Wash
|-damage|p1a: Rotom-Wash|0 fnt
|faint|p1a: Rotom-Wash
|
|
|switch|p1a: Noivern|Noivern, M|35\/311
|turn|11
|
|switch|p2a: Mamoswine|Mamoswine, F|362\/362
|move|p1a: Noivern|Draco Meteor|p2a: Mamoswine|[miss]
|-miss|p1a: Noivern|p2a: Mamoswine
|
|turn|12
|
|switch|p1a: Gyarados|Gyarados, M|332\/332
|-ability|p1a: Gyarados|Intimidate|[of] p2a: Mamoswine
|-unboost|p2a: Mamoswine|atk|1
|switch|p2a: Ferrothorn|Ferrothorn, M|352\/352
|
|turn|13
|
|switch|p1a: Talonflame|Talonflame, M|239\/317
|move|p2a: Ferrothorn|Leech Seed|p1a: Talonflame
|-start|p1a: Talonflame|move: Leech Seed
|
|-damage|p1a: Talonflame|200\/317|[from] Leech Seed|[of] p2a: Ferrothorn
|turn|14
|
|switch|p2a: Mamoswine|Mamoswine, F|362\/362
|move|p1a: Talonflame|Swords Dance|p1a: Talonflame
|-boost|p1a: Talonflame|atk|2
|
|-damage|p1a: Talonflame|161\/317|[from] Leech Seed|[of] p2a: Mamoswine
|turn|15
|
|move|p1a: Talonflame|Brave Bird|p2a: Mamoswine
|-damage|p2a: Mamoswine|0 fnt
|-damage|p1a: Talonflame|42\/317|[from] recoil|[of] p2a: Mamoswine
|faint|p2a: Mamoswine
|
|
|switch|p2a: Latias|Latias, F|314\/314
|turn|16
|
|move|p1a: Talonflame|Brave Bird|p2a: Latias
|-damage|p2a: Latias|0 fnt
|-damage|p1a: Talonflame|0 fnt|[from] recoil|[of] p2a: Latias
|faint|p2a: Latias
|faint|p1a: Talonflame
|
|
|switch|p1a: Excadrill|Excadrill, M|361\/361
|switch|p2a: Chandelure|Chandelure, F|262\/301
|-ability|p1a: Excadrill|Mold Breaker
|-item|p1a: Excadrill|Air Balloon
|turn|17
|
|switch|p2a: Ferrothorn|Ferrothorn, M|352\/352
|move|p1a: Excadrill|Stealth Rock|p2a: Ferrothorn
|-sidestart|p2: KidKazam|move: Stealth Rock
|
|turn|18
|
|move|p1a: Excadrill|Earthquake|p2a: Ferrothorn
|-damage|p2a: Ferrothorn|232\/352
|move|p2a: Ferrothorn|Stealth Rock|p1a: Excadrill
|-sidestart|p1: TheFlamingSpade|move: Stealth Rock
|
|turn|19
|
|move|p1a: Excadrill|Earthquake|p2a: Ferrothorn
|-damage|p2a: Ferrothorn|118\/352
|move|p2a: Ferrothorn|Leech Seed|p1a: Excadrill
|-start|p1a: Excadrill|move: Leech Seed
|
|-damage|p1a: Excadrill|316\/361|[from] Leech Seed|[of] p2a: Ferrothorn
|-heal|p2a: Ferrothorn|163\/352|[silent]
|turn|20
|
|move|p2a: Ferrothorn|Protect|p2a: Ferrothorn
|-singleturn|p2a: Ferrothorn|Protect
|move|p1a: Excadrill|Rapid Spin|p2a: Ferrothorn
|-activate|p2a: Ferrothorn|Protect
|
|-damage|p1a: Excadrill|271\/361|[from] Leech Seed|[of] p2a: Ferrothorn
|-heal|p2a: Ferrothorn|208\/352|[silent]
|turn|21
|
|switch|p2a: Salamence|Salamence-Mega, F, shiny|249\/332
|-damage|p2a: Salamence|166\/332|[from] Stealth Rock
|move|p1a: Excadrill|Rapid Spin|p2a: Salamence
|-damage|p2a: Salamence|146\/332
|-end|p1a: Excadrill|Leech Seed|[from] move: Rapid Spin|[of] p1a: Excadrill
|-sideend|p1: TheFlamingSpade|Stealth Rock|[from] move: Rapid Spin|[of] p1a: Excadrill
|
|turn|22
|
|move|p2a: Salamence|Return|p1a: Excadrill
|-resisted|p1a: Excadrill
|-damage|p1a: Excadrill|72\/361
|-enditem|p1a: Excadrill|Air Balloon
|move|p1a: Excadrill|Rock Slide|p2a: Salamence
|-supereffective|p2a: Salamence
|-damage|p2a: Salamence|4\/332
|
|turn|23
|
|move|p2a: Salamence|Roost|p2a: Salamence
|-heal|p2a: Salamence|170\/332
|move|p1a: Excadrill|Earthquake|p2a: Salamence
|-damage|p2a: Salamence|17\/332
|
|turn|24
|
|move|p2a: Salamence|Return|p1a: Excadrill
|-resisted|p1a: Excadrill
|-damage|p1a: Excadrill|0 fnt
|faint|p1a: Excadrill
|
|
|switch|p1a: Noivern|Noivern, M|35\/311
|turn|25
|
|move|p1a: Noivern|Draco Meteor|p2a: Salamence
|-supereffective|p2a: Salamence
|-damage|p2a: Salamence|0 fnt
|-unboost|p1a: Noivern|spa|2
|faint|p2a: Salamence
|
|
|switch|p2a: Ferrothorn|Ferrothorn, M|208\/352
|-damage|p2a: Ferrothorn|186\/352|[from] Stealth Rock
|turn|26
|
|switch|p1a: Gyarados|Gyarados, M|332\/332
|-ability|p1a: Gyarados|Intimidate|[of] p2a: Ferrothorn
|-unboost|p2a: Ferrothorn|atk|1
|move|p2a: Ferrothorn|Stealth Rock|p1a: Gyarados
|-sidestart|p1: TheFlamingSpade|move: Stealth Rock
|
|turn|27
|
|detailschange|p1a: Gyarados|Gyarados-Mega, M
|message|Gyarados has Mega Evolved into Mega Gyarados!
|-ability|p1a: Gyarados|Mold Breaker
|move|p1a: Gyarados|Crunch|p2a: Ferrothorn
|-damage|p2a: Ferrothorn|83\/352
|-damage|p1a: Gyarados|291\/332|[from] ability: Iron Barbs|[of] p2a: Ferrothorn
|move|p2a: Ferrothorn|Leech Seed|p1a: Gyarados
|-start|p1a: Gyarados|move: Leech Seed
|
|-damage|p1a: Gyarados|250\/332|[from] Leech Seed|[of] p2a: Ferrothorn
|-heal|p2a: Ferrothorn|124\/352|[silent]
|turn|28
|
|move|p1a: Gyarados|Dragon Dance|p1a: Gyarados
|-boost|p1a: Gyarados|atk|1
|-boost|p1a: Gyarados|spe|1
|move|p2a: Ferrothorn|Gyro Ball|p1a: Gyarados
|-resisted|p1a: Gyarados
|-damage|p1a: Gyarados|202\/332
|
|-damage|p1a: Gyarados|161\/332|[from] Leech Seed|[of] p2a: Ferrothorn
|-heal|p2a: Ferrothorn|165\/352|[silent]
|turn|29
|
|move|p1a: Gyarados|Earthquake|p2a: Ferrothorn
|-damage|p2a: Ferrothorn|42\/352
|move|p2a: Ferrothorn|Gyro Ball|p1a: Gyarados
|-resisted|p1a: Gyarados
|-damage|p1a: Gyarados|110\/332
|
|-damage|p1a: Gyarados|69\/332|[from] Leech Seed|[of] p2a: Ferrothorn
|-heal|p2a: Ferrothorn|83\/352|[silent]
|turn|30
|
|move|p2a: Ferrothorn|Protect|p2a: Ferrothorn
|-singleturn|p2a: Ferrothorn|Protect
|move|p1a: Gyarados|Earthquake|p2a: Ferrothorn
|-activate|p2a: Ferrothorn|Protect
|
|-damage|p1a: Gyarados|28\/332|[from] Leech Seed|[of] p2a: Ferrothorn
|-heal|p2a: Ferrothorn|124\/352|[silent]
|turn|31
|
|switch|p2a: Chandelure|Chandelure, F|262\/301
|-damage|p2a: Chandelure|187\/301|[from] Stealth Rock
|move|p1a: Gyarados|Earthquake|p2a: Chandelure
|-crit|p2a: Chandelure
|-supereffective|p2a: Chandelure
|-damage|p2a: Chandelure|0 fnt
|faint|p2a: Chandelure
|
|
|switch|p2a: Ferrothorn|Ferrothorn, M|124\/352
|-damage|p2a: Ferrothorn|102\/352|[from] Stealth Rock
|turn|32
|
|move|p2a: Ferrothorn|Protect|p2a: Ferrothorn
|-singleturn|p2a: Ferrothorn|Protect
|move|p1a: Gyarados|Earthquake|p2a: Ferrothorn
|-activate|p2a: Ferrothorn|Protect
|
|-damage|p1a: Gyarados|0 fnt|[from] Leech Seed|[of] p2a: Ferrothorn
|-heal|p2a: Ferrothorn|130\/352|[silent]
|faint|p1a: Gyarados
|
|switch|p1a: Sylveon|Sylveon, F|394\/394
|-damage|p1a: Sylveon|345\/394|[from] Stealth Rock
|turn|33
|
|move|p1a: Sylveon|Shadow Ball|p2a: Ferrothorn
|-damage|p2a: Ferrothorn|44\/352
|move|p2a: Ferrothorn|Leech Seed|p1a: Sylveon
|-start|p1a: Sylveon|move: Leech Seed
|
|-heal|p1a: Sylveon|369\/394|[from] item: Leftovers
|-damage|p1a: Sylveon|320\/394|[from] Leech Seed|[of] p2a: Ferrothorn
|-heal|p2a: Ferrothorn|93\/352|[silent]
|turn|34
|
|switch|p1a: Noivern|Noivern, M|35\/311
|-damage|p1a: Noivern|0 fnt|[from] Stealth Rock
|faint|p1a: Noivern
|move|p2a: Ferrothorn|Protect|p2a: Ferrothorn
|-fail|p2a: Ferrothorn
|
|
|switch|p1a: Sylveon|Sylveon, F|320\/394
|-damage|p1a: Sylveon|271\/394|[from] Stealth Rock
|turn|35
|
|move|p1a: Sylveon|Shadow Ball|p2a: Ferrothorn
|-damage|p2a: Ferrothorn|13\/352
|move|p2a: Ferrothorn|Leech Seed|p1a: Sylveon|[miss]
|-miss|p2a: Ferrothorn|p1a: Sylveon
|
|-heal|p1a: Sylveon|295\/394|[from] item: Leftovers
|turn|36
|c|âKidKazam|wow
|c|âKidKazam|gg it was fun
|
|move|p1a: Sylveon|Hyper Voice|p2a: Ferrothorn
|-resisted|p2a: Ferrothorn
|-damage|p2a: Ferrothorn|0 fnt
|faint|p2a: Ferrothorn
|
|win|TheFlamingSpade
|raw|Ladder updating...
|c|âTheFlamingSpade|gg
|leave|TheFlamingSpade
|player|p1
|raw|Ladder (probably) updated, but score could not be retrieved (timeout).
|raw|Ladder (probably) updated, but score could not be retrieved (Error: socket hang up).