|join|KidKazam
|join|Dizzy Puppet 23
|player|p1|KidKazam|56
|player|p2|Dizzy Puppet 23|79
|gametype|singles
|gen|6
|tier|OU
|rated
|clearpoke
|poke|p1|Garchomp, M
|poke|p1|Manectric, F
|poke|p1|Gengar, M
|poke|p1|Crawdaunt, F
|poke|p1|Landorus-Therian, M
|poke|p1|Azumarill, F
|poke|p2|Shuckle, M, shiny
|poke|p2|Klefki, M
|poke|p2|Smeargle, M, shiny
|poke|p2|Whimsicott, F, shiny
|poke|p2|Azelf, shiny
|poke|p2|Porygon-Z, shiny
|rule|Swagger Clause: Swagger is banned
|rule|Baton Pass Clause: Limit one PokÃ©mon knowing Baton Pass
|rule|Sleep Clause Mod: Limit one foe put to sleep
|rule|Species Clause: Limit one of each PokÃ©mon
|rule|OHKO Clause: OHKO moves are banned
|rule|Moody Clause: Moody is banned
|rule|Evasion Moves Clause: Evasion moves are banned
|rule|Endless Battle Clause: Forcing endless battles is banned
|rule|HP Percentage Mod: HP is shown in percentages
|teampreview
|c|âKidKazam|zfuziahowdjpoehgfuvzawdgUIAO
|
|start
|switch|p1a: Crawdaunt|Crawdaunt, F|268\/268
|switch|p2a: Shuckle|Shuckle, M, shiny|244\/244
|turn|1
|
|move|p1a: Crawdaunt|Swords Dance|p1a: Crawdaunt
|-boost|p1a: Crawdaunt|atk|2
|move|p2a: Shuckle|Encore|p1a: Crawdaunt
|-start|p1a: Crawdaunt|Encore
|
|turn|2
|
|switch|p2a: Klefki|Klefki, M|318\/318
|move|p1a: Crawdaunt|Swords Dance|p1a: Crawdaunt
|-boost|p1a: Crawdaunt|atk|2
|
|turn|3
|
|move|p2a: Klefki|Switcheroo|p1a: Crawdaunt
|-activate|p2a: Klefki|move: Trick|[of] p1a: Crawdaunt
|-item|p1a: Crawdaunt|Choice Scarf|[from] Trick
|-item|p2a: Klefki|Life Orb|[from] Trick
|move|p1a: Crawdaunt|Swords Dance|p1a: Crawdaunt
|-boost|p1a: Crawdaunt|atk|2
|
|turn|4
|
|switch|p1a: Landorus-Therian|Landorus-Therian, M|320\/320
|-ability|p1a: Landorus-Therian|Intimidate|[of] p2a: Klefki
|-unboost|p2a: Klefki|atk|1
|move|p2a: Klefki|Spikes|p1a: Landorus-Therian
|-sidestart|p1: KidKazam|Spikes
|
|turn|5
|
|move|p2a: Klefki|Spikes|p1a: Landorus-Therian
|-sidestart|p1: KidKazam|Spikes
|move|p1a: Landorus-Therian|Earthquake|p2a: Klefki
|-supereffective|p2a: Klefki
|-damage|p2a: Klefki|34\/318
|
|turn|6
|
|move|p2a: Klefki|Spikes|p1a: Landorus-Therian
|-sidestart|p1: KidKazam|Spikes
|move|p1a: Landorus-Therian|Earthquake|p2a: Klefki
|-supereffective|p2a: Klefki
|-damage|p2a: Klefki|0 fnt
|faint|p2a: Klefki
|
|
|switch|p2a: CoTTon CAnDÂ¥|Whimsicott, F, shiny|324\/324
|turn|7
|
|switch|p1a: Garchomp|Garchomp, M|358\/358
|-damage|p1a: Garchomp|269\/358|[from] Spikes
|move|p2a: CoTTon CAnDÂ¥|Memento|p1a: Garchomp
|-unboost|p1a: Garchomp|atk|2
|-unboost|p1a: Garchomp|spa|2
|faint|p2a: CoTTon CAnDÂ¥
|
|
|switch|p2a: Â¥our LAÂ§T PorTraiT|Smeargle, M, shiny|273\/273
|turn|8
|
|switch|p1a: Crawdaunt|Crawdaunt, F|268\/268
|-damage|p1a: Crawdaunt|201\/268|[from] Spikes
|move|p2a: Â¥our LAÂ§T PorTraiT|Geomancy|p2a: Â¥our LAÂ§T PorTraiT|[still]
|-prepare|p2a: Â¥our LAÂ§T PorTraiT|Geomancy|p2a: Â¥our LAÂ§T PorTraiT
|-enditem|p2a: Â¥our LAÂ§T PorTraiT|Power Herb
|-anim|p2a: Â¥our LAÂ§T PorTraiT|Geomancy|p2a: Â¥our LAÂ§T PorTraiT
|-boost|p2a: Â¥our LAÂ§T PorTraiT|spa|2
|-boost|p2a: Â¥our LAÂ§T PorTraiT|spd|2
|-boost|p2a: Â¥our LAÂ§T PorTraiT|spe|2
|
|turn|9
|
|move|p2a: Â¥our LAÂ§T PorTraiT|Cotton Guard|p2a: Â¥our LAÂ§T PorTraiT
|-boost|p2a: Â¥our LAÂ§T PorTraiT|def|3
|move|p1a: Crawdaunt|Knock Off|p2a: Â¥our LAÂ§T PorTraiT
|-damage|p2a: Â¥our LAÂ§T PorTraiT|197\/273
|
|turn|10
|
|move|p2a: Â¥our LAÂ§T PorTraiT|Cotton Guard|p2a: Â¥our LAÂ§T PorTraiT
|-boost|p2a: Â¥our LAÂ§T PorTraiT|def|3
|move|p1a: Crawdaunt|Knock Off|p2a: Â¥our LAÂ§T PorTraiT
|-damage|p2a: Â¥our LAÂ§T PorTraiT|145\/273
|
|turn|11
|
|move|p2a: Â¥our LAÂ§T PorTraiT|Baton Pass|p2a: Â¥our LAÂ§T PorTraiT
|
|switch|p2a: Want\/Nâ¬â¬D To Kill|Porygon-Z, shiny|374\/374
|move|p1a: Crawdaunt|Knock Off|p2a: Want\/Nâ¬â¬D To Kill
|-damage|p2a: Want\/Nâ¬â¬D To Kill|294\/374
|-enditem|p2a: Want\/Nâ¬â¬D To Kill|Leftovers|[from] move: Knock Off|[of] p1a: Crawdaunt
|
|turn|12
|
|move|p2a: Want\/Nâ¬â¬D To Kill|Tri Attack|p1a: Crawdaunt
|-damage|p1a: Crawdaunt|0 fnt
|faint|p1a: Crawdaunt
|
|
|switch|p1a: Landorus-Therian|Landorus-Therian, M|320\/320
|-ability|p1a: Landorus-Therian|Intimidate|[of] p2a: Want\/Nâ¬â¬D To Kill
|-unboost|p2a: Want\/Nâ¬â¬D To Kill|atk|1
|turn|13
|
|move|p1a: Landorus-Therian|Superpower|p2a: Want\/Nâ¬â¬D To Kill
|-supereffective|p2a: Want\/Nâ¬â¬D To Kill
|-damage|p2a: Want\/Nâ¬â¬D To Kill|186\/374
|-unboost|p1a: Landorus-Therian|atk|1
|-unboost|p1a: Landorus-Therian|def|1
|move|p2a: Want\/Nâ¬â¬D To Kill|Tri Attack|p1a: Landorus-Therian
|-damage|p1a: Landorus-Therian|0 fnt
|faint|p1a: Landorus-Therian
|
|
|switch|p1a: Azumarill|Azumarill, F|399\/399
|-damage|p1a: Azumarill|300\/399|[from] Spikes
|turn|14
|
|move|p2a: Want\/Nâ¬â¬D To Kill|Tri Attack|p1a: Azumarill
|-damage|p1a: Azumarill|0 fnt
|faint|p1a: Azumarill
|
|-message|KidKazam forfeited.
|
|win|Dizzy Puppet 23
|raw|Ladder updating...
|leave|KidKazam
|player|p1
|raw|KidKazam's rating: 1647 &rarr; <strong>1629<\/strong><br \/>(-18 for losing)
|raw|Dizzy Puppet 23's rating: 1683 &rarr; <strong>1701<\/strong><br \/>(+18 for winning)
|leave|Dizzy Puppet 23
|player|p2
|join|Dizzy Puppet 23