|join|BelmontGabriel
|join|KidKazam
|player|p1|BelmontGabriel|143
|player|p2|KidKazam|56
|gametype|singles
|gen|6
|tier|OU
|rated
|clearpoke
|poke|p1|Gliscor, F
|poke|p1|Gothitelle, F
|poke|p1|Medicham, M
|poke|p1|Manaphy
|poke|p1|Diggersby, F
|poke|p1|Galvantula, M
|poke|p2|Landorus-Therian, M
|poke|p2|Ferrothorn, F
|poke|p2|Keldeo
|poke|p2|Latios, M
|poke|p2|Clefable, M
|poke|p2|Aerodactyl, F
|rule|Swagger Clause: Swagger is banned
|rule|Baton Pass Clause: Limit one PokÃ©mon knowing Baton Pass
|rule|Sleep Clause Mod: Limit one foe put to sleep
|rule|Species Clause: Limit one of each PokÃ©mon
|rule|OHKO Clause: OHKO moves are banned
|rule|Moody Clause: Moody is banned
|rule|Evasion Moves Clause: Evasion moves are banned
|rule|Endless Battle Clause: Forcing endless battles is banned
|rule|HP Percentage Mod: HP is shown in percentages
|teampreview
|
|start
|switch|p1a: Medicham|Medicham, M|261\/261
|switch|p2a: Landorus-Therian|Landorus-Therian, M|320\/320
|-ability|p2a: Landorus-Therian|Intimidate|[of] p1a: Medicham
|-unboost|p1a: Medicham|atk|1
|turn|1
|
|detailschange|p1a: Medicham|Medicham-Mega, M
|message|Medicham has Mega Evolved into Mega Medicham!
|move|p1a: Medicham|Fake Out|p2a: Landorus-Therian
|-damage|p2a: Landorus-Therian|258\/320
|cant|p2a: Landorus-Therian|flinch
|
|turn|2
|
|switch|p1a: Gliscor|Gliscor, F|354\/354
|move|p2a: Landorus-Therian|U-turn|p1a: Gliscor
|-resisted|p1a: Gliscor
|-damage|p1a: Gliscor|327\/354
|
|switch|p2a: Keldeo|Keldeo|323\/323
|
|-status|p1a: Gliscor|tox|[from] item: Toxic Orb
|turn|3
|
|move|p1a: Gliscor|Protect|p1a: Gliscor
|-singleturn|p1a: Gliscor|Protect
|move|p2a: Keldeo|Scald|p1a: Gliscor
|-activate|p1a: Gliscor|Protect
|
|-heal|p1a: Gliscor|354\/354 tox|[from] ability: Poison Heal
|turn|4
|
|switch|p1a: Manaphy|Manaphy|341\/341
|move|p2a: Keldeo|Scald|p1a: Manaphy
|-resisted|p1a: Manaphy
|-damage|p1a: Manaphy|234\/341
|
|-heal|p1a: Manaphy|255\/341|[from] item: Leftovers
|turn|5
|
|switch|p2a: Ferrothorn|Ferrothorn, F|352\/352
|move|p1a: Manaphy|Tail Glow|p1a: Manaphy
|-boost|p1a: Manaphy|spa|3
|
|-heal|p1a: Manaphy|276\/341|[from] item: Leftovers
|turn|6
|
|move|p1a: Manaphy|Ice Beam|p2a: Ferrothorn
|-damage|p2a: Ferrothorn|136\/352
|move|p2a: Ferrothorn|Leech Seed|p1a: Manaphy
|-start|p1a: Manaphy|move: Leech Seed
|
|-heal|p1a: Manaphy|297\/341|[from] item: Leftovers
|-heal|p2a: Ferrothorn|158\/352|[from] item: Leftovers
|-damage|p1a: Manaphy|255\/341|[from] Leech Seed|[of] p2a: Ferrothorn
|-heal|p2a: Ferrothorn|200\/352|[silent]
|turn|7
|
|switch|p1a: Gothitelle|Gothitelle, F|344\/344
|move|p2a: Ferrothorn|Protect|p2a: Ferrothorn
|-fail|p2a: Ferrothorn
|
|-heal|p2a: Ferrothorn|222\/352|[from] item: Leftovers
|turn|8
|
|move|p1a: Gothitelle|Hidden Power|p2a: Ferrothorn
|-supereffective|p2a: Ferrothorn
|-damage|p2a: Ferrothorn|0 fnt
|faint|p2a: Ferrothorn
|
|
|switch|p2a: Keldeo|Keldeo|323\/323
|turn|9
|
|switch|p1a: Manaphy|Manaphy|255\/341
|move|p2a: Keldeo|Scald|p1a: Manaphy
|-resisted|p1a: Manaphy
|-damage|p1a: Manaphy|156\/341
|-status|p1a: Manaphy|brn
|
|-heal|p1a: Manaphy|177\/341 brn|[from] item: Leftovers
|-damage|p1a: Manaphy|135\/341 brn|[from] brn
|turn|10
|
|switch|p2a: Clefable|Clefable, M|394\/394
|move|p1a: Manaphy|Surf|p2a: Clefable
|-damage|p2a: Clefable|270\/394
|
|-heal|p1a: Manaphy|156\/341 brn|[from] item: Leftovers
|-heal|p2a: Clefable|294\/394|[from] item: Leftovers
|-damage|p1a: Manaphy|114\/341 brn|[from] brn
|turn|11
|
|move|p1a: Manaphy|Tail Glow|p1a: Manaphy
|-boost|p1a: Manaphy|spa|3
|move|p2a: Clefable|Moonblast|p1a: Manaphy
|-damage|p1a: Manaphy|5\/341 brn
|
|-heal|p1a: Manaphy|26\/341 brn|[from] item: Leftovers
|-heal|p2a: Clefable|318\/394|[from] item: Leftovers
|-damage|p1a: Manaphy|0 fnt|[from] brn
|faint|p1a: Manaphy
|
|switch|p1a: Galvantula|Galvantula, M|281\/281
|turn|12
|
|move|p1a: Galvantula|Sticky Web|p2a: Clefable
|-sidestart|p2: KidKazam|move: Sticky Web
|move|p2a: Clefable|Moonblast|p1a: Galvantula
|-damage|p1a: Galvantula|127\/281
|-unboost|p1a: Galvantula|spa|1
|
|-heal|p2a: Clefable|342\/394|[from] item: Leftovers
|turn|13
|
|move|p1a: Galvantula|Volt Switch|p2a: Clefable
|-damage|p2a: Clefable|279\/394
|
|switch|p1a: Diggersby|Diggersby, F|311\/311
|move|p2a: Clefable|Moonblast|p1a: Diggersby
|-crit|p1a: Diggersby
|-damage|p1a: Diggersby|107\/311
|-unboost|p1a: Diggersby|spa|1
|
|-heal|p2a: Clefable|303\/394|[from] item: Leftovers
|turn|14
|
|switch|p2a: Landorus-Therian|Landorus-Therian, M|258\/320
|-ability|p2a: Landorus-Therian|Intimidate|[of] p1a: Diggersby
|-unboost|p1a: Diggersby|atk|1
|move|p1a: Diggersby|Return|p2a: Landorus-Therian
|-damage|p2a: Landorus-Therian|77\/320
|
|turn|15
|
|switch|p1a: Gliscor|Gliscor, F|354\/354 tox
|move|p2a: Landorus-Therian|U-turn|p1a: Gliscor
|-resisted|p1a: Gliscor
|-damage|p1a: Gliscor|323\/354 tox
|
|switch|p2a: Keldeo|Keldeo|323\/323
|-activate|p2a: Keldeo|move: Sticky Web
|-unboost|p2a: Keldeo|spe|1
|
|-heal|p1a: Gliscor|354\/354 tox|[from] ability: Poison Heal
|turn|16
|
|move|p1a: Gliscor|Protect|p1a: Gliscor
|-singleturn|p1a: Gliscor|Protect
|move|p2a: Keldeo|Scald|p1a: Gliscor
|-activate|p1a: Gliscor|Protect
|
|turn|17
|
|switch|p1a: Galvantula|Galvantula, M|127\/281
|move|p2a: Keldeo|Scald|p1a: Galvantula
|-damage|p1a: Galvantula|0 fnt
|faint|p1a: Galvantula
|
|
|switch|p1a: Medicham|Medicham-Mega, M|261\/261
|turn|18
|
|switch|p2a: Landorus-Therian|Landorus-Therian, M|77\/320
|-ability|p2a: Landorus-Therian|Intimidate|[of] p1a: Medicham
|-unboost|p1a: Medicham|atk|1
|move|p1a: Medicham|Zen Headbutt|p2a: Landorus-Therian
|-damage|p2a: Landorus-Therian|0 fnt
|faint|p2a: Landorus-Therian
|
|
|switch|p2a: Aerodactyl|Aerodactyl, F|301\/301
|-ability|p2a: Aerodactyl|Pressure
|turn|19
|
|switch|p1a: Gliscor|Gliscor, F|354\/354 tox
|detailschange|p2a: Aerodactyl|Aerodactyl-Mega, F
|message|Aerodactyl has Mega Evolved into Mega Aerodactyl!
|move|p2a: Aerodactyl|Aerial Ace|p1a: Gliscor
|-damage|p1a: Gliscor|255\/354 tox
|
|-heal|p1a: Gliscor|299\/354 tox|[from] ability: Poison Heal
|turn|20
|
|move|p2a: Aerodactyl|Ice Fang|p1a: Gliscor
|-supereffective|p1a: Gliscor
|-damage|p1a: Gliscor|31\/354 tox
|cant|p1a: Gliscor|flinch
|
|-heal|p1a: Gliscor|75\/354 tox|[from] ability: Poison Heal
|turn|21
|
|move|p1a: Gliscor|Protect|p1a: Gliscor
|-singleturn|p1a: Gliscor|Protect
|move|p2a: Aerodactyl|Aerial Ace|p1a: Gliscor
|-activate|p1a: Gliscor|Protect
|
|-heal|p1a: Gliscor|119\/354 tox|[from] ability: Poison Heal
|turn|22
|
|move|p2a: Aerodactyl|Ice Fang|p1a: Gliscor
|-supereffective|p1a: Gliscor
|-damage|p1a: Gliscor|0 fnt
|faint|p1a: Gliscor
|
|
|switch|p1a: Gothitelle|Gothitelle, F|344\/344
|turn|23
|
|move|p2a: Aerodactyl|Stone Edge|p1a: Gothitelle
|-damage|p1a: Gothitelle|136\/344
|move|p1a: Gothitelle|Thunderbolt|p2a: Aerodactyl
|-supereffective|p2a: Aerodactyl
|-damage|p2a: Aerodactyl|1\/301
|-status|p2a: Aerodactyl|par
|
|turn|24
|c|âKidKazam|wow
|
|move|p1a: Gothitelle|Thunderbolt|p2a: Aerodactyl
|-supereffective|p2a: Aerodactyl
|-damage|p2a: Aerodactyl|0 fnt
|faint|p2a: Aerodactyl
|
|
|switch|p2a: Latios|Latios, M|301\/301
|turn|25
|
|move|p2a: Latios|Psyshock|p1a: Gothitelle
|-resisted|p1a: Gothitelle
|-damage|p1a: Gothitelle|42\/344
|-damage|p2a: Latios|271\/301|[from] item: Life Orb
|move|p1a: Gothitelle|Thunderbolt|p2a: Latios
|-resisted|p2a: Latios
|-damage|p2a: Latios|209\/301
|
|turn|26
|
|move|p2a: Latios|Psyshock|p1a: Gothitelle
|-resisted|p1a: Gothitelle
|-damage|p1a: Gothitelle|0 fnt
|-damage|p2a: Latios|179\/301|[from] item: Life Orb
|faint|p1a: Gothitelle
|
|
|switch|p1a: Diggersby|Diggersby, F|107\/311
|turn|27
|
|switch|p2a: Clefable|Clefable, M|303\/394
|-activate|p2a: Clefable|move: Sticky Web
|-unboost|p2a: Clefable|spe|1
|move|p1a: Diggersby|Return|p2a: Clefable
|-damage|p2a: Clefable|41\/394
|
|-heal|p2a: Clefable|65\/394|[from] item: Leftovers
|turn|28
|
|move|p1a: Diggersby|Return|p2a: Clefable
|-damage|p2a: Clefable|0 fnt
|faint|p2a: Clefable
|
|
|switch|p2a: Keldeo|Keldeo|323\/323
|-activate|p2a: Keldeo|move: Sticky Web
|-unboost|p2a: Keldeo|spe|1
|turn|29
|
|switch|p1a: Medicham|Medicham-Mega, M|261\/261
|move|p2a: Keldeo|Scald|p1a: Medicham
|-damage|p1a: Medicham|26\/261
|
|turn|30
|
|switch|p2a: Latios|Latios, M|179\/301
|move|p1a: Medicham|Zen Headbutt|p2a: Latios
|-resisted|p2a: Latios
|-damage|p2a: Latios|32\/301
|
|turn|31
|
|move|p2a: Latios|Psyshock|p1a: Medicham
|-damage|p1a: Medicham|0 fnt
|-damage|p2a: Latios|2\/301|[from] item: Life Orb
|faint|p1a: Medicham
|
|
|switch|p1a: Diggersby|Diggersby, F|107\/311
|turn|32
|
|move|p1a: Diggersby|Wild Charge|p2a: Latios
|-resisted|p2a: Latios
|-damage|p2a: Latios|0 fnt
|-damage|p1a: Diggersby|106\/311|[from] recoil|[of] p2a: Latios
|faint|p2a: Latios
|
|
|switch|p2a: Keldeo|Keldeo|323\/323
|-activate|p2a: Keldeo|move: Sticky Web
|-unboost|p2a: Keldeo|spe|1
|turn|33
|
|move|p1a: Diggersby|Wild Charge|p2a: Keldeo
|-supereffective|p2a: Keldeo
|-damage|p2a: Keldeo|0 fnt
|-damage|p1a: Diggersby|25\/311|[from] recoil|[of] p2a: Keldeo
|faint|p2a: Keldeo
|
|win|BelmontGabriel
|raw|Ladder updating...
|raw|BelmontGabriel's rating: 1672 &rarr; <strong>1693<\/strong><br \/>(+21 for winning)
|raw|KidKazam's rating: 1676 &rarr; <strong>1656<\/strong><br \/>(-20 for losing)
|c|âKidKazam|gg
|c|âBelmontGabriel|gg
|leave|KidKazam
|player|p2