|join|pokemonisfun
|join|Dundies
|player|p1|pokemonisfun|184
|player|p2|Dundies|234
|gametype|singles
|gen|6
|tier|UU
|rated
|rule|Sleep Clause Mod: Limit one foe put to sleep
|rule|Species Clause: Limit one of each PokÃ©mon
|rule|OHKO Clause: OHKO moves are banned
|rule|Moody Clause: Moody is banned
|rule|Evasion Moves Clause: Evasion moves are banned
|rule|Endless Battle Clause: Forcing endless battles is banned
|rule|HP Percentage Mod: HP is shown in percentages
|clearpoke
|poke|p1|Blissey, F
|poke|p1|Swampert, F
|poke|p1|Granbull, M
|poke|p1|Alomomola, F
|poke|p1|Crobat, M
|poke|p1|Celebi
|poke|p2|Fletchinder, F
|poke|p2|Hippowdon, M
|poke|p2|Blastoise, M
|poke|p2|Raikou
|poke|p2|Jirachi
|poke|p2|Shaymin
|rule|Swagger Clause: Swagger is banned
|rule|Baton Pass Clause: Limit one PokÃ©mon knowing Baton Pass
|teampreview
|c|âDundies|glhf
|join|ru is suspect
|c|âpokemonisfun|thanks
|c|âDundies|shit i lost
|
|start
|switch|p1a: onion fairy god|Celebi|401\/401
|switch|p2a: Grasshole|Shaymin|341\/341
|turn|1
|c|âDundies|havent you been #1 like 1000 times?
|
|move|p2a: Grasshole|Substitute|p2a: Grasshole
|-start|p2a: Grasshole|Substitute
|-damage|p2a: Grasshole|256\/341
|move|p1a: onion fairy god|Stealth Rock|p2a: Grasshole
|-sidestart|p2: Dundies|move: Stealth Rock
|
|-heal|p2a: Grasshole|277\/341|[from] item: Leftovers
|turn|2
|c|âpokemonisfun|ratings are a social construct
|
|switch|p1a: batsy watzy|Crobat, M|373\/373
|move|p2a: Grasshole|Leech Seed|p1a: batsy watzy
|-start|p1a: batsy watzy|move: Leech Seed
|
|-heal|p2a: Grasshole|298\/341|[from] item: Leftovers
|-damage|p1a: batsy watzy|327\/373|[from] Leech Seed|[of] p2a: Grasshole
|-heal|p2a: Grasshole|341\/341|[silent]
|turn|3
|c| ru is suspect|ur  both bad and dumb
|c| ru is suspect|'
|c|âpokemonisfun|please dont make me ban you
|c| ru is suspect|o
|
|switch|p1a: onion fairy god|Celebi|401\/401
|switch|p2a: Bazookastiose|Blastoise, M|361\/361
|-damage|p2a: Bazookastiose|316\/361|[from] Stealth Rock
|
|turn|4
|c|âpokemonisfun|leaf storm specs here
|
|detailschange|p2a: Bazookastiose|Blastoise-Mega, M
|-mega|p2a: Bazookastiose|Blastoise|Blastoisinite
|move|p1a: onion fairy god|Giga Drain|p2a: Bazookastiose
|-supereffective|p2a: Bazookastiose
|-damage|p2a: Bazookastiose|158\/361
|move|p2a: Bazookastiose|Rapid Spin|p1a: onion fairy god
|-damage|p1a: onion fairy god|389\/401
|-sideend|p2: Dundies|Stealth Rock|[from] move: Rapid Spin|[of] p2a: Bazookastiose
|
|-heal|p1a: onion fairy god|401\/401|[from] item: Leftovers
|turn|5
|
|move|p1a: onion fairy god|Giga Drain|p2a: Bazookastiose
|-supereffective|p2a: Bazookastiose
|-damage|p2a: Bazookastiose|12\/361
|move|p2a: Bazookastiose|Dark Pulse|p1a: onion fairy god
|-supereffective|p1a: onion fairy god
|-damage|p1a: onion fairy god|91\/401
|
|-heal|p1a: onion fairy god|116\/401|[from] item: Leftovers
|turn|6
|
|move|p1a: onion fairy god|Giga Drain|p2a: Bazookastiose
|-crit|p2a: Bazookastiose
|-supereffective|p2a: Bazookastiose
|-damage|p2a: Bazookastiose|0 fnt
|-heal|p1a: onion fairy god|122\/401|[from] drain|[of] p2a: Bazookastiose
|faint|p2a: Bazookastiose
|
|-heal|p1a: onion fairy god|147\/401|[from] item: Leftovers
|
|switch|p2a: The Word|Fletchinder, F|291\/291
|turn|7
|join|ANGER MANAGEMENT
|
|switch|p1a: swimmy swim|Alomomola, F|471\/471
|move|p2a: The Word|Will-O-Wisp|p1a: swimmy swim
|-status|p1a: swimmy swim|brn
|
|-damage|p1a: swimmy swim|413\/471 brn|[from] brn
|turn|8
|join|Shit User
|c|âDundies|hey guys imma lose you can go home now
|c| ru is suspect|^
|
|switch|p2a: Grasshole|Shaymin|341\/341
|move|p1a: swimmy swim|Toxic|p2a: Grasshole
|-status|p2a: Grasshole|tox
|
|-heal|p1a: swimmy swim|442\/471 brn|[from] item: Leftovers
|-damage|p2a: Grasshole|320\/341 tox|[from] psn
|-damage|p1a: swimmy swim|384\/471 brn|[from] brn
|turn|9
|c| ANGER MANAGEMENT|I believe in you Dundies
|c|âDundies|dont
|c| ru is suspect|^
|c|âpokemonisfun|anger management why are you awake
|
|switch|p2a: Versachi|Jirachi|341\/341
|switch|p1a: Mega Chansey|Blissey, F|651\/651
|
|turn|10
|c|âpokemonisfun|its 1:20 am
|c| ANGER MANAGEMENT|can't sleep
|
|switch|p1a: bubblsy bubbles|Swampert, F|404\/404
|move|p2a: Versachi|Iron Head|p1a: bubblsy bubbles
|-resisted|p1a: bubblsy bubbles
|-damage|p1a: bubblsy bubbles|333\/404
|
|turn|11
|c|âDundies|nah youll win
|c| ANGER MANAGEMENT|and wow nice and accurate
|c|âpokemonisfun|drink some warm milk
|c| ANGER MANAGEMENT|do you keep a gmt clock
|c| ANGER MANAGEMENT|to hand
|c|âDundies|lol
|c|âpokemonisfun|i know because my friend lives in britain somewhere
|c|âpokemonisfun|so i always add 5 hours
|c|âDundies|so since im shit at this tier
|c|âDundies|is it ok if i do jirachi things rn?
|c| Shit User|i just got back from a coach journey
|c| Shit User|which was in the same spot
|c| Shit User|for 2 hours
|
|detailschange|p1a: bubblsy bubbles|Swampert-Mega, F
|-mega|p1a: bubblsy bubbles|Swampert|Swampertite
|move|p2a: Versachi|Iron Head|p1a: bubblsy bubbles
|-resisted|p1a: bubblsy bubbles
|-damage|p1a: bubblsy bubbles|282\/404
|cant|p1a: bubblsy bubbles|flinch
|
|turn|12
|c|âpokemonisfun|i dont care
|c| Shit User|fuck idiots who cant drive
|c| Shit User|thats so mean
|c| Shit User|dont you feel sorry for me
|c|âpokemonisfun|i cant drive
|c|âpokemonisfun|legally
|c| Shit User|i cant drive either
|c| Shit User|sorry
|
|move|p2a: Versachi|Iron Head|p1a: bubblsy bubbles
|-resisted|p1a: bubblsy bubbles
|-damage|p1a: bubblsy bubbles|225\/404
|cant|p1a: bubblsy bubbles|flinch
|
|turn|13
|c| Shit User|i meant
|c| ru is suspect|lol
|c| Shit User|idiots who cant drive but are legally allowed too
|
|move|p2a: Versachi|Iron Head|p1a: bubblsy bubbles
|-resisted|p1a: bubblsy bubbles
|-damage|p1a: bubblsy bubbles|169\/404
|cant|p1a: bubblsy bubbles|flinch
|
|turn|14
|
|move|p2a: Versachi|Iron Head|p1a: bubblsy bubbles
|-resisted|p1a: bubblsy bubbles
|-damage|p1a: bubblsy bubbles|113\/404
|move|p1a: bubblsy bubbles|Earthquake|p2a: Versachi
|-supereffective|p2a: Versachi
|-damage|p2a: Versachi|5\/341
|
|turn|15
|c| ru is suspect|dundies is so good
|c| ru is suspect|he can flinch
|c|âDundies|no u
|
|switch|p2a: Grasshole|Shaymin|320\/341
|move|p1a: bubblsy bubbles|Rest|p1a: bubblsy bubbles
|-status|p1a: bubblsy bubbles|slp
|-heal|p1a: bubblsy bubbles|404\/404 slp|[silent]
|-status|p1a: bubblsy bubbles|slp|[from] move: Rest
|
|-heal|p2a: Grasshole|341\/341|[from] item: Leftovers
|turn|16
|c|âpokemonisfun|okay then.
|
|switch|p2a: Versachi|Jirachi|5\/341
|switch|p1a: Mega Chansey|Blissey, F|651\/651
|
|turn|17
|
|switch|p1a: bubblsy bubbles|Swampert-Mega, F|404\/404 slp
|move|p2a: Versachi|Iron Head|p1a: bubblsy bubbles
|-resisted|p1a: bubblsy bubbles
|-damage|p1a: bubblsy bubbles|347\/404 slp
|
|turn|18
|c|âDundies|yeah i cancelled that its cool tho lol
|
|move|p2a: Versachi|Iron Head|p1a: bubblsy bubbles
|-resisted|p1a: bubblsy bubbles
|-damage|p1a: bubblsy bubbles|293\/404 slp
|cant|p1a: bubblsy bubbles|slp
|cant|p1a: bubblsy bubbles|flinch
|
|turn|19
|
|move|p2a: Versachi|Iron Head|p1a: bubblsy bubbles
|-resisted|p1a: bubblsy bubbles
|-damage|p1a: bubblsy bubbles|239\/404 slp
|cant|p1a: bubblsy bubbles|slp
|move|p1a: bubblsy bubbles|Sleep Talk|p1a: bubblsy bubbles
|move|p1a: bubblsy bubbles|Scald|p2a: Versachi|[from]Sleep Talk
|-damage|p2a: Versachi|0 fnt
|faint|p2a: Versachi
|
|
|switch|p2a: Grasshole|Shaymin|341\/341
|turn|20
|c|âDundies|goodbye top 10
|
|switch|p1a: Mega Chansey|Blissey, F|651\/651
|move|p2a: Grasshole|Seed Flare|p1a: Mega Chansey
|-crit|p1a: Mega Chansey
|-damage|p1a: Mega Chansey|498\/651
|-unboost|p1a: Mega Chansey|spd|2
|
|-heal|p1a: Mega Chansey|538\/651|[from] item: Leftovers
|turn|21
|join|DatLatias
|c| DatLatias|hi
|
|switch|p1a: batsy watzy|Crobat, M|327\/373
|move|p2a: Grasshole|Substitute|p2a: Grasshole
|-start|p2a: Grasshole|Substitute
|-damage|p2a: Grasshole|256\/341
|
|-heal|p1a: batsy watzy|350\/373|[from] item: Black Sludge
|-heal|p2a: Grasshole|277\/341|[from] item: Leftovers
|turn|22
|c| ru is suspect|hey budy
|join|burnsOFF
|c| DatLatias|senps
|c| DatLatias|say hi
|c| DatLatias|dont be awkward
|c|âpokemonisfun|hey senpai
|
|switch|p2a: Hungry|Hippowdon, M|419\/419
|move|p1a: batsy watzy|Brave Bird|p2a: Hungry
|-damage|p2a: Hungry|340\/419
|-damage|p1a: batsy watzy|324\/373|[from] recoil|[of] p2a: Hungry
|
|-heal|p1a: batsy watzy|347\/373|[from] item: Black Sludge
|-heal|p2a: Hungry|366\/419|[from] item: Leftovers
|turn|23
|c| DatLatias|n_n
|c|âpokemonisfun|didnt see u sorry
|c| DatLatias|no worries
|c| DatLatias|n_n
|
|switch|p1a: onion fairy god|Celebi|147\/401
|move|p2a: Hungry|Stealth Rock|p1a: onion fairy god
|-sidestart|p1: pokemonisfun|move: Stealth Rock
|
|-heal|p1a: onion fairy god|172\/401|[from] item: Leftovers
|-heal|p2a: Hungry|392\/419|[from] item: Leftovers
|turn|24
|c|âpokemonisfun|how r u
|leave|burnsOFF
|c|âDundies|n u
|
|switch|p2a: The Word|Fletchinder, F|291\/291
|move|p1a: onion fairy god|Stealth Rock|p2a: The Word
|-sidestart|p2: Dundies|move: Stealth Rock
|
|-heal|p1a: onion fairy god|197\/401|[from] item: Leftovers
|turn|25
|c| DatLatias|im gud
|c|âDundies|im bad
|c|âDundies|at mons
|c| DatLatias|no ur gud
|c|âDundies|n
|
|switch|p1a: woofy woof woof|Granbull, M|384\/384
|-damage|p1a: woofy woof woof|336\/384|[from] Stealth Rock
|-ability|p1a: woofy woof woof|Intimidate|[of] p2a: The Word
|-unboost|p2a: The Word|atk|1
|move|p2a: The Word|Swords Dance|p2a: The Word
|-boost|p2a: The Word|atk|2
|
|-heal|p1a: woofy woof woof|360\/384|[from] item: Leftovers
|turn|26
|c| DatLatias|my senpai is just a grandmaster at pokemon
|c| DatLatias|so
|c| DatLatias|youre doing well
|c|âDundies|o
|c| ru is suspect|nah
|
|move|p2a: The Word|Swords Dance|p2a: The Word
|-boost|p2a: The Word|atk|2
|move|p1a: woofy woof woof|Roar|p2a: The Word
|drag|p2a: Grasshole|Shaymin|277\/341
|-damage|p2a: Grasshole|235\/341|[from] Stealth Rock
|
|-heal|p2a: Grasshole|256\/341|[from] item: Leftovers
|-heal|p1a: woofy woof woof|384\/384|[from] item: Leftovers
|turn|27
|
|switch|p2a: doge|Raikou|321\/321
|-damage|p2a: doge|281\/321|[from] Stealth Rock
|-ability|p2a: doge|Pressure
|switch|p1a: Mega Chansey|Blissey, F|538\/651
|-damage|p1a: Mega Chansey|457\/651|[from] Stealth Rock
|
|-heal|p1a: Mega Chansey|497\/651|[from] item: Leftovers
|turn|28
|
|move|p2a: doge|Volt Switch|p1a: Mega Chansey
|-damage|p1a: Mega Chansey|388\/651
|
|switch|p2a: The Word|Fletchinder, F|291\/291
|-damage|p2a: The Word|146\/291|[from] Stealth Rock
|move|p1a: Mega Chansey|Heal Bell|p1a: Mega Chansey
|-cureteam|p1a: Mega Chansey|[from] move: HealBell
|
|-heal|p1a: Mega Chansey|428\/651|[from] item: Leftovers
|turn|29
|
|switch|p1a: swimmy swim|Alomomola, F|471\/471
|-damage|p1a: swimmy swim|413\/471|[from] Stealth Rock
|move|p2a: The Word|Roost|p2a: The Word
|-heal|p2a: The Word|291\/291
|
|-heal|p1a: swimmy swim|442\/471|[from] item: Leftovers
|turn|30
|
|switch|p2a: Grasshole|Shaymin|256\/341
|-damage|p2a: Grasshole|214\/341|[from] Stealth Rock
|move|p1a: swimmy swim|Toxic|p2a: Grasshole
|-status|p2a: Grasshole|tox
|
|-heal|p2a: Grasshole|235\/341 tox|[from] item: Leftovers
|-heal|p1a: swimmy swim|471\/471|[from] item: Leftovers
|-damage|p2a: Grasshole|214\/341 tox|[from] psn
|turn|31
|
|move|p1a: swimmy swim|Protect|p1a: swimmy swim
|-singleturn|p1a: swimmy swim|Protect
|move|p2a: Grasshole|Leech Seed|p1a: swimmy swim
|-activate|p1a: swimmy swim|Protect
|
|-heal|p2a: Grasshole|235\/341 tox|[from] item: Leftovers
|-damage|p2a: Grasshole|193\/341 tox|[from] psn
|turn|32
|
|switch|p1a: Mega Chansey|Blissey, F|428\/651
|-damage|p1a: Mega Chansey|347\/651|[from] Stealth Rock
|move|p2a: Grasshole|Leech Seed|p1a: Mega Chansey
|-start|p1a: Mega Chansey|move: Leech Seed
|
|-heal|p2a: Grasshole|214\/341 tox|[from] item: Leftovers
|-heal|p1a: Mega Chansey|387\/651|[from] item: Leftovers
|-damage|p1a: Mega Chansey|306\/651|[from] Leech Seed|[of] p2a: Grasshole
|-heal|p2a: Grasshole|295\/341 tox|[silent]
|-damage|p2a: Grasshole|232\/341 tox|[from] psn
|turn|33
|
|switch|p2a: The Word|Fletchinder, F|291\/291
|-damage|p2a: The Word|146\/291|[from] Stealth Rock
|move|p1a: Mega Chansey|Soft-Boiled|p1a: Mega Chansey
|-heal|p1a: Mega Chansey|632\/651
|
|-heal|p1a: Mega Chansey|651\/651|[from] item: Leftovers
|-damage|p1a: Mega Chansey|570\/651|[from] Leech Seed|[of] p2a: The Word
|-heal|p2a: The Word|227\/291|[silent]
|turn|34
|
|switch|p1a: swimmy swim|Alomomola, F|471\/471
|-damage|p1a: swimmy swim|413\/471|[from] Stealth Rock
|move|p2a: The Word|Will-O-Wisp|p1a: swimmy swim
|-status|p1a: swimmy swim|brn
|
|-heal|p1a: swimmy swim|442\/471 brn|[from] item: Leftovers
|-damage|p1a: swimmy swim|384\/471 brn|[from] brn
|turn|35
|join|hairy toenail
|
|switch|p2a: Grasshole|Shaymin|232\/341
|-damage|p2a: Grasshole|190\/341|[from] Stealth Rock
|move|p1a: swimmy swim|Toxic|p2a: Grasshole
|-status|p2a: Grasshole|tox
|
|-heal|p2a: Grasshole|211\/341 tox|[from] item: Leftovers
|-heal|p1a: swimmy swim|413\/471 brn|[from] item: Leftovers
|-damage|p2a: Grasshole|190\/341 tox|[from] psn
|-damage|p1a: swimmy swim|355\/471 brn|[from] brn
|turn|36
|c|âDundies|when good players come to watch me lose <
|
|move|p1a: swimmy swim|Protect|p1a: swimmy swim
|-singleturn|p1a: swimmy swim|Protect
|move|p2a: Grasshole|Seed Flare|p1a: swimmy swim
|-activate|p1a: swimmy swim|Protect
|
|-heal|p2a: Grasshole|211\/341 tox|[from] item: Leftovers
|-heal|p1a: swimmy swim|384\/471 brn|[from] item: Leftovers
|-damage|p2a: Grasshole|169\/341 tox|[from] psn
|-damage|p1a: swimmy swim|326\/471 brn|[from] brn
|turn|37
|
|switch|p2a: The Word|Fletchinder, F|227\/291
|-damage|p2a: The Word|82\/291|[from] Stealth Rock
|switch|p1a: Mega Chansey|Blissey, F|570\/651
|-damage|p1a: Mega Chansey|489\/651|[from] Stealth Rock
|
|-heal|p1a: Mega Chansey|529\/651|[from] item: Leftovers
|turn|38
|
|switch|p1a: swimmy swim|Alomomola, F|471\/471 brn
|-damage|p1a: swimmy swim|413\/471 brn|[from] Stealth Rock
|move|p2a: The Word|Roost|p2a: The Word
|-heal|p2a: The Word|228\/291
|
|-heal|p1a: swimmy swim|442\/471 brn|[from] item: Leftovers
|-damage|p1a: swimmy swim|384\/471 brn|[from] brn
|turn|39
|
|switch|p2a: Grasshole|Shaymin|169\/341
|-damage|p2a: Grasshole|127\/341|[from] Stealth Rock
|move|p1a: swimmy swim|Toxic|p2a: Grasshole|[miss]
|-miss|p1a: swimmy swim|p2a: Grasshole
|
|-heal|p2a: Grasshole|148\/341|[from] item: Leftovers
|-heal|p1a: swimmy swim|413\/471 brn|[from] item: Leftovers
|-damage|p1a: swimmy swim|355\/471 brn|[from] brn
|turn|40
|
|switch|p1a: batsy watzy|Crobat, M|347\/373
|-damage|p1a: batsy watzy|254\/373|[from] Stealth Rock
|move|p2a: Grasshole|Leech Seed|p1a: batsy watzy
|-start|p1a: batsy watzy|move: Leech Seed
|
|-heal|p1a: batsy watzy|277\/373|[from] item: Black Sludge
|-heal|p2a: Grasshole|169\/341|[from] item: Leftovers
|-damage|p1a: batsy watzy|231\/373|[from] Leech Seed|[of] p2a: Grasshole
|-heal|p2a: Grasshole|215\/341|[silent]
|turn|41
|join|TONE114
|
|move|p1a: batsy watzy|Brave Bird|p2a: Grasshole
|-supereffective|p2a: Grasshole
|-damage|p2a: Grasshole|0 fnt
|-damage|p1a: batsy watzy|160\/373|[from] recoil|[of] p2a: Grasshole
|faint|p2a: Grasshole
|
|-heal|p1a: batsy watzy|183\/373|[from] item: Black Sludge
|
|switch|p2a: The Word|Fletchinder, F|228\/291
|-damage|p2a: The Word|83\/291|[from] Stealth Rock
|turn|42
|
|move|p2a: The Word|Acrobatics|p1a: batsy watzy
|-damage|p1a: batsy watzy|8\/373
|move|p1a: batsy watzy|Brave Bird|p2a: The Word
|-damage|p2a: The Word|0 fnt
|-damage|p1a: batsy watzy|0 fnt|[from] recoil|[of] p2a: The Word
|faint|p2a: The Word
|faint|p1a: batsy watzy
|
|c|âDundies|maybe
|c|âDundies|just maybe
|c|âDundies|you can find it in your heart
|c|âDundies|to hit that x
|c|âDundies|<3
|c|âpokemonisfun|why do u want rating points
|c| ru is suspect|because hes garb
|c|âDundies|too feel good insied
|c|âDundies|inside*
|c|âDundies|in my heart
|c|âpokemonisfun|the problem with me giving you points is that i would lose them
|c|âDundies|thats true
|
|switch|p2a: doge|Raikou|281\/321
|switch|p1a: bubblsy bubbles|Swampert-Mega, F|239\/404
|-damage|p2a: doge|241\/321|[from] Stealth Rock
|-ability|p2a: doge|Pressure
|-damage|p1a: bubblsy bubbles|214\/404|[from] Stealth Rock
|turn|43
|c|âpokemonisfun|and whatever good you feel i would feel a correpsonding bad
|c|âDundies|but while youre actually good enough to get them back
|join|easter ergs
|
|switch|p2a: Hungry|Hippowdon, M|392\/419
|-damage|p2a: Hungry|366\/419|[from] Stealth Rock
|move|p1a: bubblsy bubbles|Earthquake|p2a: Hungry
|-damage|p2a: Hungry|251\/419
|
|-heal|p2a: Hungry|277\/419|[from] item: Leftovers
|turn|44
|
|move|p1a: bubblsy bubbles|Scald|p2a: Hungry
|-supereffective|p2a: Hungry
|-damage|p2a: Hungry|47\/419
|move|p2a: Hungry|Earthquake|p1a: bubblsy bubbles
|-damage|p1a: bubblsy bubbles|103\/404
|
|-heal|p2a: Hungry|73\/419|[from] item: Leftovers
|turn|45
|
|move|p1a: bubblsy bubbles|Earthquake|p2a: Hungry
|-damage|p2a: Hungry|0 fnt
|faint|p2a: Hungry
|
|leave|pokemonisfun
|c|âDundies|o
|player|p1
|join|pokemonisfun
|c|âDundies|got my hopes up lel
|player|p1|pokemonisfun|184
|join|Ben Ohver
|leave|TONE114
|
|switch|p2a: doge|Raikou|241\/321
|-damage|p2a: doge|201\/321|[from] Stealth Rock
|-ability|p2a: doge|Pressure
|turn|46
|join|Tipsy Russian
|
|move|p2a: doge|Hidden Power|p1a: bubblsy bubbles
|-damage|p1a: bubblsy bubbles|41\/404
|move|p1a: bubblsy bubbles|Earthquake|p2a: doge
|-supereffective|p2a: doge
|-damage|p2a: doge|0 fnt
|faint|p2a: doge
|
|win|pokemonisfun
|raw|Ladder updating...
|raw|pokemonisfun's rating: 1713 &rarr; <strong>1730<\/strong><br \/>(+17 for winning)
|raw|Dundies's rating: 1657 &rarr; <strong>1640<\/strong><br \/>(-17 for losing)
|c|âDundies|gg
|leave|Tipsy Russian
|c|âpokemonisfun|gg
|leave|Dundies