|join|Dundies
|join|doctor sparkks
|c|âDundies|glhf
|c|âdoctor sparkks|u2
|join|gasquakee
|player|p1|Dundies|234
|player|p2|doctor sparkks|266
|gametype|singles
|gen|6
|tier|UU
|rated
|rule|Sleep Clause Mod: Limit one foe put to sleep
|rule|Species Clause: Limit one of each PokÃ©mon
|rule|OHKO Clause: OHKO moves are banned
|rule|Moody Clause: Moody is banned
|rule|Evasion Moves Clause: Evasion moves are banned
|rule|Endless Battle Clause: Forcing endless battles is banned
|rule|HP Percentage Mod: HP is shown in percentages
|clearpoke
|poke|p1|Fletchinder, F
|poke|p1|Hippowdon, F
|poke|p1|Blastoise, F
|poke|p1|Raikou
|poke|p1|Jirachi
|poke|p1|Shaymin
|poke|p2|Lucario, M
|poke|p2|Florges, F
|poke|p2|Forretress, F
|poke|p2|Yanmega, F
|poke|p2|Suicune
|poke|p2|Darmanitan, F
|rule|Swagger Clause: Swagger is banned
|rule|Baton Pass Clause: Limit one PokÃ©mon knowing Baton Pass
|teampreview
|c| gasquakee|Bg
|c| gasquakee|nf
|
|start
|switch|p1a: doge|Raikou|321\/321
|switch|p2a: Forretress|Forretress, F|354\/354
|-ability|p1a: doge|Pressure
|turn|1
|
|switch|p2a: Florges|Florges, F|360\/360
|move|p1a: doge|Volt Switch|p2a: Florges
|-damage|p2a: Florges|269\/360
|
|switch|p1a: The Word|Fletchinder, F|291\/291
|
|-heal|p2a: Florges|291\/360|[from] item: Leftovers
|turn|2
|
|switch|p1a: Grasshole|Shaymin|341\/341
|switch|p2a: Forretress|Forretress, F|354\/354
|
|turn|3
|
|move|p1a: Grasshole|Leech Seed|p2a: Forretress|[miss]
|-miss|p1a: Grasshole|p2a: Forretress
|move|p2a: Forretress|Stealth Rock|p1a: Grasshole
|-sidestart|p1: Dundies|move: Stealth Rock
|
|turn|4
|c|âDundies|k
|
|move|p1a: Grasshole|Leech Seed|p2a: Forretress
|-start|p2a: Forretress|move: Leech Seed
|move|p2a: Forretress|Volt Switch|p1a: Grasshole
|-resisted|p1a: Grasshole
|-damage|p1a: Grasshole|324\/341
|
|switch|p2a: Darmanitan|Darmanitan, F|351\/351
|
|-heal|p1a: Grasshole|341\/341|[from] item: Leftovers
|turn|5
|c| indigo nu flareon|playing nu
|
|move|p1a: Grasshole|Leech Seed|p2a: Darmanitan
|-start|p2a: Darmanitan|move: Leech Seed
|move|p2a: Darmanitan|Flare Blitz|p1a: Grasshole
|-supereffective|p1a: Grasshole
|-damage|p1a: Grasshole|0 fnt
|-damage|p2a: Darmanitan|238\/351|[from] recoil|[of] p1a: Grasshole
|faint|p1a: Grasshole
|
|
|switch|p1a: Bazookastiose|Blastoise, F|361\/361
|-damage|p1a: Bazookastiose|316\/361|[from] Stealth Rock
|turn|6
|
|switch|p2a: Florges|Florges, F|291\/360
|detailschange|p1a: Bazookastiose|Blastoise-Mega, F
|-mega|p1a: Bazookastiose|Blastoise|Blastoisinite
|move|p1a: Bazookastiose|Rapid Spin|p2a: Florges
|-damage|p2a: Florges|270\/360
|-sideend|p1: Dundies|Stealth Rock|[from] move: Rapid Spin|[of] p1a: Bazookastiose
|
|-heal|p2a: Florges|292\/360|[from] item: Leftovers
|turn|7
|
|switch|p1a: Versachi|Jirachi|341\/341
|move|p2a: Florges|Wish|p2a: Florges
|
|-heal|p2a: Florges|314\/360|[from] item: Leftovers
|turn|8
|
|switch|p2a: Darmanitan|Darmanitan, F|238\/351
|move|p1a: Versachi|U-turn|p2a: Darmanitan
|-resisted|p2a: Darmanitan
|-damage|p2a: Darmanitan|178\/351
|
|switch|p1a: Hungry|Hippowdon, F|419\/419
|
|-heal|p2a: Darmanitan|351\/351|[from] move: Wish|[wisher] Florges
|turn|9
|
|switch|p2a: Forretress|Forretress, F|354\/354
|move|p1a: Hungry|Stealth Rock|p2a: Forretress
|-sidestart|p2: doctor sparkks|move: Stealth Rock
|
|turn|10
|
|switch|p1a: doge|Raikou|321\/321
|-ability|p1a: doge|Pressure
|move|p2a: Forretress|Rapid Spin|p1a: doge
|-damage|p1a: doge|300\/321
|-sideend|p2: doctor sparkks|Stealth Rock|[from] move: Rapid Spin|[of] p2a: Forretress
|
|turn|11
|
|switch|p2a: Florges|Florges, F|314\/360
|move|p1a: doge|Volt Switch|p2a: Florges
|-damage|p2a: Florges|230\/360
|
|switch|p1a: Hungry|Hippowdon, F|419\/419
|
|-heal|p2a: Florges|252\/360|[from] item: Leftovers
|turn|12
|
|switch|p2a: Yanmega|Yanmega, F|313\/313
|move|p1a: Hungry|Stealth Rock|p2a: Yanmega
|-sidestart|p2: doctor sparkks|move: Stealth Rock
|
|turn|13
|
|switch|p1a: The Word|Fletchinder, F|291\/291
|move|p2a: Yanmega|Giga Drain|p1a: The Word
|-resisted|p1a: The Word
|-damage|p1a: The Word|242\/291
|-damage|p2a: Yanmega|282\/313|[from] item: Life Orb
|
|-boost|p2a: Yanmega|spe|1|[from] ability: Speed Boost
|turn|14
|
|switch|p2a: Forretress|Forretress, F|354\/354
|-damage|p2a: Forretress|310\/354|[from] Stealth Rock
|move|p1a: The Word|Will-O-Wisp|p2a: Forretress
|-status|p2a: Forretress|brn
|
|-heal|p2a: Forretress|332\/354 brn|[from] item: Leftovers
|-damage|p2a: Forretress|288\/354 brn|[from] brn
|turn|15
|
|move|p1a: The Word|Swords Dance|p1a: The Word
|-boost|p1a: The Word|atk|2
|move|p2a: Forretress|Rapid Spin|p1a: The Word
|-damage|p1a: The Word|230\/291
|-sideend|p2: doctor sparkks|Stealth Rock|[from] move: Rapid Spin|[of] p2a: Forretress
|
|-heal|p2a: Forretress|310\/354 brn|[from] item: Leftovers
|-damage|p2a: Forretress|266\/354 brn|[from] brn
|turn|16
|
|move|p1a: The Word|Acrobatics|p2a: Forretress
|-damage|p2a: Forretress|97\/354 brn
|move|p2a: Forretress|Volt Switch|p1a: The Word
|-supereffective|p1a: The Word
|-damage|p1a: The Word|102\/291
|
|switch|p2a: Lucario|Lucario, M|281\/281
|
|turn|17
|
|switch|p1a: Hungry|Hippowdon, F|419\/419
|move|p2a: Lucario|Extreme Speed|p1a: Hungry
|-damage|p1a: Hungry|342\/419
|-damage|p2a: Lucario|253\/281|[from] item: Life Orb
|
|-heal|p1a: Hungry|368\/419|[from] item: Leftovers
|turn|18
|
|move|p2a: Lucario|Close Combat|p1a: Hungry
|-crit|p1a: Hungry
|-damage|p1a: Hungry|133\/419
|-unboost|p2a: Lucario|def|1
|-unboost|p2a: Lucario|spd|1
|-damage|p2a: Lucario|225\/281|[from] item: Life Orb
|move|p1a: Hungry|Stealth Rock|p2a: Lucario
|-sidestart|p2: doctor sparkks|move: Stealth Rock
|
|-heal|p1a: Hungry|159\/419|[from] item: Leftovers
|turn|19
|c|âDundies|k
|c|âDundies|so you stay in
|c|âDundies|and crit
|
|move|p2a: Lucario|Close Combat|p1a: Hungry
|-damage|p1a: Hungry|0 fnt
|-unboost|p2a: Lucario|def|1
|-unboost|p2a: Lucario|spd|1
|-damage|p2a: Lucario|197\/281|[from] item: Life Orb
|faint|p1a: Hungry
|
|c|âDundies|and now its a 2hko
|c|âdoctor sparkks|yes
|c|âDundies|why the fuck do good things happen to people making bad plays
|
|switch|p1a: doge|Raikou|300\/321
|-ability|p1a: doge|Pressure
|turn|20
|c|âdoctor sparkks|you were obviously gonna rocks
|c|âdoctor sparkks|quit whining, bitch
|c|âDundies|still wouldnt 2hko bud
|c|âDundies|it was a shit play
|c|âdoctor sparkks|was not
|c|âDundies|yes
|c|âdoctor sparkks|nope
|c|âDundies|y
|
|switch|p2a: Florges|Florges, F|252\/360
|-damage|p2a: Florges|207\/360|[from] Stealth Rock
|move|p1a: doge|Volt Switch|p2a: Florges
|-damage|p2a: Florges|111\/360
|c|âdoctor sparkks|i switch to cune i still get rocks and you go to raikou
|
|switch|p1a: The Word|Fletchinder, F|102\/291
|
|-heal|p2a: Florges|133\/360|[from] item: Leftovers
|turn|21
|c|âdoctor sparkks|didnt want to get myself in that shit situation
|c|âDundies|k
|
|move|p1a: The Word|Roost|p1a: The Word
|-heal|p1a: The Word|248\/291
|move|p2a: Florges|Wish|p2a: Florges
|
|-heal|p2a: Florges|155\/360|[from] item: Leftovers
|turn|22
|
|switch|p1a: doge|Raikou|300\/321
|-ability|p1a: doge|Pressure
|switch|p2a: Forretress|Forretress, F|97\/354 brn
|-damage|p2a: Forretress|53\/354 brn|[from] Stealth Rock
|
|-heal|p2a: Forretress|233\/354 brn|[from] move: Wish|[wisher] Florges
|-heal|p2a: Forretress|255\/354 brn|[from] item: Leftovers
|-damage|p2a: Forretress|211\/354 brn|[from] brn
|turn|23
|leave|indigo nu flareon
|
|switch|p2a: Florges|Florges, F|155\/360
|-damage|p2a: Florges|110\/360|[from] Stealth Rock
|move|p1a: doge|Volt Switch|p2a: Florges
|-damage|p2a: Florges|17\/360
|
|switch|p1a: The Word|Fletchinder, F|248\/291
|
|-heal|p2a: Florges|39\/360|[from] item: Leftovers
|turn|24
|
|switch|p2a: Suicune|Suicune|404\/404
|-damage|p2a: Suicune|354\/404|[from] Stealth Rock
|-ability|p2a: Suicune|Pressure
|move|p1a: The Word|Acrobatics|p2a: Suicune
|-damage|p2a: Suicune|261\/404
|
|-heal|p2a: Suicune|286\/404|[from] item: Leftovers
|turn|25
|
|switch|p1a: doge|Raikou|300\/321
|-ability|p1a: doge|Pressure
|move|p2a: Suicune|Scald|p1a: doge
|-crit|p1a: doge
|-damage|p1a: doge|159\/321
|
|-heal|p2a: Suicune|311\/404|[from] item: Leftovers
|turn|26
|c|âDundies|ah nb
|
|switch|p2a: Florges|Florges, F|39\/360
|-damage|p2a: Florges|0 fnt|[from] Stealth Rock
|faint|p2a: Florges
|move|p1a: doge|Volt Switch|p2: Florges|[notarget]
|-notarget
|
|
|switch|p2a: Darmanitan|Darmanitan, F|351\/351
|-damage|p2a: Darmanitan|264\/351|[from] Stealth Rock
|turn|27
|
|move|p1a: doge|Volt Switch|p2a: Darmanitan
|-damage|p2a: Darmanitan|5\/351
|c|âdoctor sparkks|youre the idiot as i can see
|
|switch|p1a: Bazookastiose|Blastoise-Mega, F|316\/361
|move|p2a: Darmanitan|Flare Blitz|p1a: Bazookastiose
|-resisted|p1a: Bazookastiose
|-damage|p1a: Bazookastiose|151\/361
|-damage|p2a: Darmanitan|0 fnt|[from] recoil|[of] p1a: Bazookastiose
|faint|p2a: Darmanitan
|
|c|âDundies|LOL
|c|âdoctor sparkks|risking me not being scarf
|c|âDundies|my shaymin outsped you bud
|join|Megazard Z
|c|âdoctor sparkks|true
|c|âDundies|but its ok im the idiot
|c|âdoctor sparkks|and you run a max speed shaymin with leech seed
|c|âdoctor sparkks|you still are, yes
|c|âDundies|its sub seed you dingus
|c|âdoctor sparkks|and a whiny bitch
|c|âDundies|lol
|c|âdoctor sparkks|"lol"
|c|âdoctor sparkks|great comeback, bitch
|c|âDundies|hey zard Iâm a whiny bitch
|c| Megazard Z|lol
|c|âDundies|you know that?
|c| Megazard Z|>you're the idiot
|c|âdoctor sparkks|nice comeback again
|c| Megazard Z|>you're whyny
|c| Megazard Z|*whiny
|
|switch|p2a: Lucario|Lucario, M|197\/281
|-damage|p2a: Lucario|189\/281|[from] Stealth Rock
|turn|28
|c|âdoctor sparkks|little fan girls in the building, awesome
|c| Megazard Z|idk what's going on, but it seems intelligent
|c|âDundies|why do i need to make a comeback for such a retarded fucking comment oml
|c|âdoctor sparkks|well your bitch has been whining this entire game
|c|âdoctor sparkks|thats whats up
|c|âDundies|this guy <
|
|move|p2a: Lucario|Close Combat|p1a: Bazookastiose
|-damage|p1a: Bazookastiose|0 fnt
|-unboost|p2a: Lucario|def|1
|-unboost|p2a: Lucario|spd|1
|-damage|p2a: Lucario|161\/281|[from] item: Life Orb
|faint|p1a: Bazookastiose
|
|c|âdoctor sparkks|cause youre using max speed seed shaymin
|c|âdoctor sparkks|fucking idiot
|c| Megazard Z|dundies, how dare you bitch about crits
|c|âDundies|gosh
|c|âDundies|im such a fucking idiot huh
|c|âdoctor sparkks|yues.
|c|âdoctor sparkks|yes*
|
|switch|p1a: The Word|Fletchinder, F|248\/291
|turn|29
|c|âDundies|yues
|c|âdoctor sparkks|ohh great comeback
|c|âdoctor sparkks|correct me on the fact i hit a u while writing yes
|c|âdoctor sparkks|you pathetic piece of shit
|c|âDundies|was that a comeback?
|c| Megazard Z|dundies, everything you say is shit
|
|move|p2a: Lucario|Extreme Speed|p1a: The Word
|-damage|p1a: The Word|79\/291
|-damage|p2a: Lucario|133\/281|[from] item: Life Orb
|move|p1a: The Word|Acrobatics|p2a: Lucario
|-damage|p2a: Lucario|0 fnt
|faint|p2a: Lucario
|
|c| Megazard Z|because his comebacks are so smart
|c|âDundies|man i might as well just be shit
|c|âDundies|ya know
|c|âdoctor sparkks|they actually are
|c|âdoctor sparkks|pussy fan girl
|
|switch|p2a: Suicune|Suicune|311\/404
|-damage|p2a: Suicune|261\/404|[from] Stealth Rock
|-ability|p2a: Suicune|Pressure
|turn|30
|c|âDundies|doctor sparkks here is the real intelligent one tbh
|c| Megazard Z|calling your comebacks shit is a good comeback
|c| Megazard Z|what do you know
|c|âdoctor sparkks|it is
|c| Megazard Z|moron
|c|âDundies|true
|c|âdoctor sparkks|when they are shit
|
|switch|p1a: doge|Raikou|159\/321
|-ability|p1a: doge|Pressure
|move|p2a: Suicune|Scald|p1a: doge
|-damage|p1a: doge|66\/321
|
|-heal|p2a: Suicune|286\/404|[from] item: Leftovers
|turn|31
|c|âDundies|no u
|c|âdoctor sparkks|pathetic
|c| Megazard Z|obviously everything you say must be shit
|c| Megazard Z|it stands to reason
|c| Megazard Z|that's logic
|c|âDundies|i mean im the stupid one here but i won
|
|switch|p2a: Forretress|Forretress, F|211\/354 brn
|-damage|p2a: Forretress|167\/354 brn|[from] Stealth Rock
|move|p1a: doge|Thunderbolt|p2a: Forretress
|-damage|p2a: Forretress|0 fnt
|faint|p2a: Forretress
|
|c|âDundies|that makes sense
|c|âdoctor sparkks|all he said was shit since the beggining
|c|âdoctor sparkks|writes glhf
|c|âDundies|so true
|c|âdoctor sparkks|then bitched to his opponent the whole match
|c|âdoctor sparkks|bitches*
|c| Megazard Z|gosh things like max speed shaymin with leech seed. you must be a fucktard amirite
|c|âDundies|what are you doing rn?
|
|switch|p2a: Yanmega|Yanmega, F|282\/313
|-damage|p2a: Yanmega|126\/313|[from] Stealth Rock
|turn|32
|c|âDundies|not bitching are you?
|c| Megazard Z|ofc he isnt
|c| Megazard Z|he's smart
|c|âDundies|^
|c| Megazard Z|you're dumb
|
|switch|p1a: Versachi|Jirachi|341\/341
|move|p2a: Yanmega|Air Slash|p1a: Versachi
|-resisted|p1a: Versachi
|-damage|p1a: Versachi|253\/341
|-damage|p2a: Yanmega|95\/313|[from] item: Life Orb
|
|-boost|p2a: Yanmega|spe|1|[from] ability: Speed Boost
|turn|33
|c|âdoctor sparkks|wtf is wrong with you pussies
|c|âDundies|im stupid as shit thats whats wrong
|c|âdoctor sparkks|fucking angry at life or something?
|c|âdoctor sparkks|this is a game you fucking pathetic loser
|c| Megazard Z|gosh, you must be angry
|c|âDundies|you ok bud?
|
|move|p2a: Yanmega|Protect|p2a: Yanmega
|-singleturn|p2a: Yanmega|Protect
|move|p1a: Versachi|Healing Wish|p1a: Versachi
|faint|p1a: Versachi
|
|-boost|p2a: Yanmega|spe|1|[from] ability: Speed Boost
|c| Megazard Z|that's why he's insulting you
|
|switch|p1a: doge|Raikou|66\/321
|-heal|p1a: doge|321\/321|[from] move: Healing Wish
|-ability|p1a: doge|Pressure
|turn|34
|c|âDundies|im honestly worried for my friend doctor sparkks
|c| Megazard Z|he's insulting you because you're an angry whiny bitch and it's just a game
|c| Megazard Z|dont you get it
|c|âdoctor sparkks|im the angry bitch?
|c|âDundies|damn youre right
|c|âdoctor sparkks|1- great comeback AGAIN using my words over and over
|c|âdoctor sparkks|2- all that fagwad has done since the beggining is whine and bitch
|c|âDundies|i should just forfeit since mr.sparkks here is much more intelligent and deserves the game
|c|âdoctor sparkks|fucking fag ass losers
|c|âDundies|inb4 forfeit
|join|Ben Ohver
|c| Megazard Z|gosh, your comebacks are so bad
|c| Megazard Z|why dont you just insult him
|c|âDundies|fucking fag ass losers<
|c|âdoctor sparkks|yep
|
|move|p2a: Yanmega|Air Slash|p1a: doge
|-resisted|p1a: doge
|-damage|p1a: doge|226\/321
|-damage|p2a: Yanmega|64\/313|[from] item: Life Orb
|move|p1a: doge|Thunderbolt|p2a: Yanmega
|-supereffective|p2a: Yanmega
|-damage|p2a: Yanmega|0 fnt
|faint|p2a: Yanmega
|
|c|âDundies|ow my feelings
|c| Megazard Z|you should be insulting him
|c| Ben Ohver|dundies is this AV or specs?
|
|switch|p2a: Suicune|Suicune|286\/404
|-damage|p2a: Suicune|236\/404|[from] Stealth Rock
|-ability|p2a: Suicune|Pressure
|turn|35
|c| Megazard Z|that makes for a good person
|c|âDundies|specs
|c| Ben Ohver|ah
|c|âDundies|bg
|c|âdoctor sparkks|very
|
|move|p1a: doge|Thunderbolt|p2a: Suicune
|-supereffective|p2a: Suicune
|-damage|p2a: Suicune|0 fnt
|faint|p2a: Suicune
|
|win|Dundies
|raw|Ladder updating...
|c|âDundies|since you lost and all
|raw|Dundies's rating: 1668 &rarr; <strong>1682<\/strong><br \/>(+14 for winning)
|raw|doctor sparkks's rating: 1553 &rarr; <strong>1539<\/strong><br \/>(-14 for losing)
|c| Megazard Z|also
|c|âdoctor sparkks|fucking loser
|c| Megazard Z|fagwad
|c|âDundies|and youre bad
|c|âdoctor sparkks|nope
|c| Megazard Z|gr8 insult
|c|âdoctor sparkks|good tho
|c|âDundies|fagwad
|leave|Dundies
|leave|Ben Ohver
|c| Megazard Z|lol