|join|Dundies
|join|xbarbelx90
|c|âDundies|glhf
|player|p1|Dundies|234
|player|p2|xbarbelx90|165
|gametype|singles
|gen|6
|tier|UU
|rated
|rule|Sleep Clause Mod: Limit one foe put to sleep
|rule|Species Clause: Limit one of each PokÃ©mon
|rule|OHKO Clause: OHKO moves are banned
|rule|Moody Clause: Moody is banned
|rule|Evasion Moves Clause: Evasion moves are banned
|rule|Endless Battle Clause: Forcing endless battles is banned
|rule|HP Percentage Mod: HP is shown in percentages
|clearpoke
|poke|p1|Fletchinder, F
|poke|p1|Hippowdon, F
|poke|p1|Blastoise, F
|poke|p1|Raikou
|poke|p1|Jirachi
|poke|p1|Shaymin
|poke|p2|Medicham, M
|poke|p2|Honchkrow, F
|poke|p2|Florges, F, shiny
|poke|p2|Galvantula, F
|poke|p2|Chandelure, M
|poke|p2|Donphan, M
|rule|Swagger Clause: Swagger is banned
|rule|Baton Pass Clause: Limit one PokÃ©mon knowing Baton Pass
|teampreview
|c|âxbarbelx90|gl hf
|
|start
|switch|p1a: Versachi|Jirachi|341\/341
|switch|p2a: Candelina|Chandelure, M|261\/261
|turn|1
|
|move|p1a: Versachi|U-turn|p2a: Candelina
|-resisted|p2a: Candelina
|-damage|p2a: Candelina|243\/261
|
|switch|p1a: Bazookastiose|Blastoise, F|361\/361
|move|p2a: Candelina|Shadow Ball|p1a: Bazookastiose
|-damage|p1a: Bazookastiose|150\/361
|-damage|p2a: Candelina|217\/261|[from] item: Life Orb
|
|turn|2
|c|âDundies|holy
|
|switch|p2a: Tinkerbell|Florges, F, shiny|360\/360
|detailschange|p1a: Bazookastiose|Blastoise-Mega, F
|-mega|p1a: Bazookastiose|Blastoise|Blastoisinite
|move|p1a: Bazookastiose|Hydro Pump|p2a: Tinkerbell|[miss]
|-miss|p1a: Bazookastiose|p2a: Tinkerbell
|
|turn|3
|
|switch|p1a: Versachi|Jirachi|341\/341
|move|p2a: Tinkerbell|Moonblast|p1a: Versachi
|-resisted|p1a: Versachi
|-damage|p1a: Versachi|282\/341
|
|turn|4
|
|switch|p2a: Kafka|Donphan, M|384\/384
|move|p1a: Versachi|U-turn|p2a: Kafka
|-damage|p2a: Kafka|322\/384
|
|switch|p1a: Bazookastiose|Blastoise-Mega, F|150\/361
|
|-heal|p2a: Kafka|346\/384|[from] item: Leftovers
|turn|5
|
|switch|p2a: Tinkerbell|Florges, F, shiny|360\/360
|move|p1a: Bazookastiose|Hydro Pump|p2a: Tinkerbell
|-damage|p2a: Tinkerbell|249\/360
|
|-heal|p2a: Tinkerbell|271\/360|[from] item: Leftovers
|turn|6
|
|switch|p1a: Versachi|Jirachi|282\/341
|move|p2a: Tinkerbell|Wish|p2a: Tinkerbell
|
|-heal|p2a: Tinkerbell|293\/360|[from] item: Leftovers
|turn|7
|
|switch|p2a: Kafka|Donphan, M|346\/384
|move|p1a: Versachi|U-turn|p2a: Kafka
|-damage|p2a: Kafka|289\/384
|
|switch|p1a: Grasshole|Shaymin|341\/341
|
|-heal|p2a: Kafka|384\/384|[from] move: Wish|[wisher] Tinkerbell
|turn|8
|
|move|p2a: Kafka|Ice Shard|p1a: Grasshole
|-supereffective|p1a: Grasshole
|-damage|p1a: Grasshole|249\/341
|move|p1a: Grasshole|Seed Flare|p2a: Kafka
|-supereffective|p2a: Kafka
|-activate|p2a: Kafka|Sturdy
|-damage|p2a: Kafka|1\/384
|
|-heal|p1a: Grasshole|270\/341|[from] item: Leftovers
|-heal|p2a: Kafka|25\/384|[from] item: Leftovers
|turn|9
|
|move|p2a: Kafka|Ice Shard|p1a: Grasshole
|-supereffective|p1a: Grasshole
|-damage|p1a: Grasshole|168\/341
|move|p1a: Grasshole|Air Slash|p2a: Kafka
|-damage|p2a: Kafka|0 fnt
|faint|p2a: Kafka
|
|-heal|p1a: Grasshole|189\/341|[from] item: Leftovers
|
|switch|p2a: Sigma|Medicham, M|265\/265
|turn|10
|
|detailschange|p2a: Sigma|Medicham-Mega, M
|-mega|p2a: Sigma|Medicham|Medichamite
|move|p1a: Grasshole|Air Slash|p2a: Sigma
|-supereffective|p2a: Sigma
|-damage|p2a: Sigma|85\/265
|move|p2a: Sigma|Ice Punch|p1a: Grasshole
|-supereffective|p1a: Grasshole
|-damage|p1a: Grasshole|0 fnt
|faint|p1a: Grasshole
|
|
|switch|p1a: The Word|Fletchinder, F|291\/291
|turn|11
|
|switch|p2a: Tinkerbell|Florges, F, shiny|293\/360
|move|p1a: The Word|Acrobatics|p2a: Tinkerbell
|-crit|p2a: Tinkerbell
|-damage|p2a: Tinkerbell|0 fnt
|faint|p2a: Tinkerbell
|
|
|switch|p2a: Aspixia|Galvantula, F|281\/281
|turn|12
|
|switch|p1a: doge|Raikou|321\/321
|-ability|p1a: doge|Pressure
|move|p2a: Aspixia|Volt Switch|p1a: doge
|-resisted|p1a: doge
|-damage|p1a: doge|274\/321
|
|switch|p2a: Sigma|Medicham-Mega, M|85\/265
|
|turn|13
|
|switch|p1a: Hungry|Hippowdon, F|419\/419
|move|p2a: Sigma|Fake Out|p1a: Hungry
|-damage|p1a: Hungry|370\/419
|
|-heal|p1a: Hungry|396\/419|[from] item: Leftovers
|turn|14
|
|move|p2a: Sigma|Drain Punch|p1a: Hungry
|-damage|p1a: Hungry|254\/419
|-heal|p2a: Sigma|156\/265|[from] drain|[of] p1a: Hungry
|move|p1a: Hungry|Stealth Rock|p2a: Sigma
|-sidestart|p2: xbarbelx90|move: Stealth Rock
|
|-heal|p1a: Hungry|280\/419|[from] item: Leftovers
|turn|15
|
|move|p2a: Sigma|Drain Punch|p1a: Hungry
|-damage|p1a: Hungry|147\/419
|-heal|p2a: Sigma|223\/265|[from] drain|[of] p1a: Hungry
|move|p1a: Hungry|Earthquake|p2a: Sigma
|-damage|p2a: Sigma|78\/265
|
|-heal|p1a: Hungry|173\/419|[from] item: Leftovers
|turn|16
|
|move|p2a: Sigma|Ice Punch|p1a: Hungry
|-supereffective|p1a: Hungry
|-damage|p1a: Hungry|0 fnt
|faint|p1a: Hungry
|
|
|switch|p1a: The Word|Fletchinder, F|291\/291
|turn|17
|
|move|p1a: The Word|Acrobatics|p2a: Sigma
|-supereffective|p2a: Sigma
|-damage|p2a: Sigma|0 fnt
|faint|p2a: Sigma
|
|
|switch|p2a: Aspixia|Galvantula, F|281\/281
|-damage|p2a: Aspixia|211\/281|[from] Stealth Rock
|turn|18
|
|move|p1a: The Word|Acrobatics|p2a: Aspixia
|-damage|p2a: Aspixia|0 fnt
|faint|p2a: Aspixia
|
|
|switch|p2a: Velka|Honchkrow, F|341\/341
|-damage|p2a: Velka|256\/341|[from] Stealth Rock
|turn|19
|
|move|p1a: The Word|Acrobatics|p2a: Velka
|-damage|p2a: Velka|0 fnt
|faint|p2a: Velka
|
|
|switch|p2a: Candelina|Chandelure, M|217\/261
|-damage|p2a: Candelina|152\/261|[from] Stealth Rock
|turn|20
|
|move|p1a: The Word|Acrobatics|p2a: Candelina
|-damage|p2a: Candelina|1\/261
|move|p2a: Candelina|Dark Pulse|p1a: The Word
|-damage|p1a: The Word|27\/291
|-damage|p2a: Candelina|0 fnt|[from] item: Life Orb
|faint|p2a: Candelina
|
|win|Dundies
|raw|Ladder updating...
|raw|Dundies's rating: 1541 &rarr; <strong>1551<\/strong><br \/>(+10 for winning)
|raw|xbarbelx90's rating: 1358 &rarr; <strong>1348<\/strong><br \/>(-10 for losing)