|join|Dundies
|join|Zachirius
|c|âDundies|glhf
|player|p1|Dundies|234
|player|p2|Zachirius|1
|gametype|singles
|gen|6
|tier|UU
|rated
|rule|Sleep Clause Mod: Limit one foe put to sleep
|rule|Species Clause: Limit one of each PokÃ©mon
|rule|OHKO Clause: OHKO moves are banned
|rule|Moody Clause: Moody is banned
|rule|Evasion Moves Clause: Evasion moves are banned
|rule|Endless Battle Clause: Forcing endless battles is banned
|rule|HP Percentage Mod: HP is shown in percentages
|clearpoke
|poke|p1|Fletchinder, M
|poke|p1|Hippowdon, F
|poke|p1|Blastoise, F
|poke|p1|Raikou
|poke|p1|Jirachi
|poke|p1|Shaymin
|poke|p2|Arcanine, M
|poke|p2|Aggron, M
|poke|p2|Crobat, M
|poke|p2|Mienshao, M
|poke|p2|Hydreigon, M
|poke|p2|Florges, F
|rule|Swagger Clause: Swagger is banned
|rule|Baton Pass Clause: Limit one PokÃ©mon knowing Baton Pass
|teampreview
|c|âZachirius|gl hf
|join|Megazard Z
|
|start
|switch|p1a: doge|Raikou|321\/321
|switch|p2a: Hydreigon|Hydreigon, M|325\/325
|-ability|p1a: doge|Pressure
|turn|1
|
|move|p1a: doge|Volt Switch|p2a: Hydreigon
|-resisted|p2a: Hydreigon
|-damage|p2a: Hydreigon|237\/325
|
|switch|p1a: Versachi|Jirachi|341\/341
|move|p2a: Hydreigon|Draco Meteor|p1a: Versachi
|-resisted|p1a: Versachi
|-damage|p1a: Versachi|176\/341
|-unboost|p2a: Hydreigon|spa|2
|
|turn|2
|
|switch|p2a: Aggron|Aggron, M|344\/344
|move|p1a: Versachi|U-turn|p2a: Aggron
|-resisted|p2a: Aggron
|-damage|p2a: Aggron|323\/344
|
|switch|p1a: doge|Raikou|321\/321
|-ability|p1a: doge|Pressure
|
|turn|3
|
|detailschange|p2a: Aggron|Aggron-Mega, M
|-mega|p2a: Aggron|Aggron|Aggronite
|move|p1a: doge|Volt Switch|p2a: Aggron
|-damage|p2a: Aggron|121\/344
|
|switch|p1a: Bazookastiose|Blastoise, F|361\/361
|move|p2a: Aggron|Stealth Rock|p1a: Bazookastiose
|-sidestart|p1: Dundies|move: Stealth Rock
|
|turn|4
|
|switch|p2a: Florges|Florges, F|360\/360
|detailschange|p1a: Bazookastiose|Blastoise-Mega, F
|-mega|p1a: Bazookastiose|Blastoise|Blastoisinite
|move|p1a: Bazookastiose|Rapid Spin|p2a: Florges
|-crit|p2a: Florges
|-damage|p2a: Florges|337\/360
|-sideend|p1: Dundies|Stealth Rock|[from] move: Rapid Spin|[of] p1a: Bazookastiose
|
|-heal|p2a: Florges|359\/360|[from] item: Leftovers
|turn|5
|join|ru is suspect
|leave|ru is suspect
|
|switch|p1a: The Word|Fletchinder, M|291\/291
|move|p2a: Florges|Wish|p2a: Florges
|
|-heal|p2a: Florges|360\/360|[from] item: Leftovers
|turn|6
|
|switch|p2a: Aggron|Aggron-Mega, M|121\/344
|move|p1a: The Word|Will-O-Wisp|p2a: Aggron
|-status|p2a: Aggron|brn
|
|-heal|p2a: Aggron|301\/344 brn|[from] move: Wish|[wisher] Florges
|-damage|p2a: Aggron|258\/344 brn|[from] brn
|turn|7
|
|switch|p1a: Bazookastiose|Blastoise-Mega, F|361\/361
|move|p2a: Aggron|Thunder Wave|p1a: Bazookastiose
|-status|p1a: Bazookastiose|par
|
|-damage|p2a: Aggron|215\/344 brn|[from] brn
|turn|8
|
|move|p2a: Aggron|Stealth Rock|p1a: Bazookastiose
|-sidestart|p1: Dundies|move: Stealth Rock
|move|p1a: Bazookastiose|Hydro Pump|p2a: Aggron|[miss]
|-miss|p1a: Bazookastiose|p2a: Aggron
|
|-damage|p2a: Aggron|172\/344 brn|[from] brn
|turn|9
|join|ru is suspect
|c|âDundies|!dt mega aggron
|c|~|\/data-pokemon Aggron-Mega
|raw|<font size="1"><font color=#585858>Dex#:<\/font> 306&nbsp;|&ThickSpace;<font color=#585858>Height:<\/font> 2.2 m&nbsp;|&ThickSpace;<font color=#585858>Weight:<\/font> 395 kg <em>(120 BP)<\/em>&nbsp;|&ThickSpace;<font color=#585858>Dex Colour:<\/font> Gray&nbsp;|&ThickSpace;<font color=#585858>Egg Group(s):<\/font> Monster&nbsp;|&ThickSpace;<font color=#585858><font color=#585858>Does Not Evolve<\/font><\/font><\/font>
|
|switch|p2a: Florges|Florges, F|360\/360
|move|p1a: Bazookastiose|Rapid Spin|p2a: Florges
|-damage|p2a: Florges|347\/360
|-sideend|p1: Dundies|Stealth Rock|[from] move: Rapid Spin|[of] p1a: Bazookastiose
|
|-heal|p2a: Florges|360\/360|[from] item: Leftovers
|turn|10
|
|switch|p1a: Grasshole|Shaymin|341\/341
|move|p2a: Florges|Aromatherapy|p2a: Florges
|-cureteam|p2a: Florges|[from] move: Aromatherapy
|
|turn|11
|
|move|p1a: Grasshole|Leech Seed|p2a: Florges
|-start|p2a: Florges|move: Leech Seed
|move|p2a: Florges|Moonblast|p1a: Grasshole
|-crit|p1a: Grasshole
|-damage|p1a: Grasshole|161\/341
|
|-heal|p1a: Grasshole|182\/341|[from] item: Leftovers
|-damage|p2a: Florges|315\/360|[from] Leech Seed|[of] p1a: Grasshole
|-heal|p1a: Grasshole|227\/341|[silent]
|turn|12
|
|move|p1a: Grasshole|Substitute|p1a: Grasshole
|-start|p1a: Grasshole|Substitute
|-damage|p1a: Grasshole|142\/341
|move|p2a: Florges|Wish|p2a: Florges
|
|-heal|p1a: Grasshole|163\/341|[from] item: Leftovers
|-heal|p2a: Florges|337\/360|[from] item: Leftovers
|-damage|p2a: Florges|292\/360|[from] Leech Seed|[of] p1a: Grasshole
|-heal|p1a: Grasshole|208\/341|[silent]
|turn|13
|
|switch|p2a: Crobat|Crobat, M|373\/373
|move|p1a: Grasshole|Leech Seed|p2a: Crobat
|-start|p2a: Crobat|move: Leech Seed
|
|-heal|p1a: Grasshole|229\/341|[from] item: Leftovers
|-damage|p2a: Crobat|327\/373|[from] Leech Seed|[of] p1a: Grasshole
|-heal|p1a: Grasshole|275\/341|[silent]
|turn|14
|
|switch|p1a: Hungry|Hippowdon, F|419\/419
|move|p2a: Crobat|Toxic|p1a: Hungry
|-status|p1a: Hungry|tox
|
|-heal|p2a: Crobat|350\/373|[from] item: Black Sludge
|-damage|p2a: Crobat|304\/373|[from] Leech Seed|[of] p1a: Hungry
|-damage|p1a: Hungry|393\/419 tox|[from] psn
|turn|15
|
|move|p2a: Crobat|Brave Bird|p1a: Hungry
|-crit|p1a: Hungry
|-damage|p1a: Hungry|275\/419 tox
|-damage|p2a: Crobat|265\/373|[from] recoil|[of] p1a: Hungry
|move|p1a: Hungry|Stealth Rock|p2a: Crobat
|-sidestart|p2: Zachirius|move: Stealth Rock
|
|-heal|p2a: Crobat|288\/373|[from] item: Black Sludge
|-heal|p1a: Hungry|301\/419 tox|[from] item: Leftovers
|-damage|p2a: Crobat|242\/373|[from] Leech Seed|[of] p1a: Hungry
|-heal|p1a: Hungry|347\/419 tox|[silent]
|-damage|p1a: Hungry|295\/419 tox|[from] psn
|turn|16
|
|move|p2a: Crobat|Defog|p1a: Hungry
|-unboost|p1a: Hungry|evasion|1
|-sideend|p2: Zachirius|Stealth Rock|[from] move: Defog|[of] p2a: Crobat
|move|p1a: Hungry|Stealth Rock|p2a: Crobat
|-sidestart|p2: Zachirius|move: Stealth Rock
|
|-heal|p2a: Crobat|265\/373|[from] item: Black Sludge
|-heal|p1a: Hungry|321\/419 tox|[from] item: Leftovers
|-damage|p2a: Crobat|219\/373|[from] Leech Seed|[of] p1a: Hungry
|-heal|p1a: Hungry|367\/419 tox|[silent]
|-damage|p1a: Hungry|289\/419 tox|[from] psn
|turn|17
|
|move|p2a: Crobat|Roost|p2a: Crobat
|-heal|p2a: Crobat|373\/373
|move|p1a: Hungry|Earthquake|p2a: Crobat
|-supereffective|p2a: Crobat
|-damage|p2a: Crobat|41\/373
|
|-heal|p2a: Crobat|64\/373|[from] item: Black Sludge
|-heal|p1a: Hungry|315\/419 tox|[from] item: Leftovers
|-damage|p2a: Crobat|18\/373|[from] Leech Seed|[of] p1a: Hungry
|-heal|p1a: Hungry|361\/419 tox|[silent]
|-damage|p1a: Hungry|257\/419 tox|[from] psn
|turn|18
|join|Ben Ohver
|
|move|p2a: Crobat|Defog|p1a: Hungry
|-unboost|p1a: Hungry|evasion|1
|-sideend|p2: Zachirius|Stealth Rock|[from] move: Defog|[of] p2a: Crobat
|move|p1a: Hungry|Earthquake|p2a: Crobat
|-immune|p2a: Crobat|[msg]
|
|-heal|p2a: Crobat|41\/373|[from] item: Black Sludge
|-heal|p1a: Hungry|283\/419 tox|[from] item: Leftovers
|-damage|p2a: Crobat|0 fnt|[from] Leech Seed|[of] p1a: Hungry
|-heal|p1a: Hungry|324\/419 tox|[silent]
|-damage|p1a: Hungry|194\/419 tox|[from] psn
|faint|p2a: Crobat
|c| Ben Ohver|rip rocks
|join|WindDemon
|c|âDundies|rip bat
|c| WindDemon|hao 2
|c| WindDemon|ben ohver
|
|switch|p2a: Hydreigon|Hydreigon, M|237\/325
|turn|19
|
|move|p2a: Hydreigon|Draco Meteor|p1a: Hungry
|-damage|p1a: Hungry|0 fnt
|-unboost|p2a: Hydreigon|spa|2
|faint|p1a: Hungry
|
|
|switch|p1a: doge|Raikou|321\/321
|-ability|p1a: doge|Pressure
|turn|20
|c| ru is suspect|BOBEAR
|
|switch|p2a: Florges|Florges, F|292\/360
|move|p1a: doge|Volt Switch|p2a: Florges
|-damage|p2a: Florges|174\/360
|
|switch|p1a: The Word|Fletchinder, M|291\/291
|
|-heal|p2a: Florges|196\/360|[from] item: Leftovers
|turn|21
|
|move|p1a: The Word|Swords Dance|p1a: The Word
|-boost|p1a: The Word|atk|2
|move|p2a: Florges|Wish|p2a: Florges
|
|-heal|p2a: Florges|218\/360|[from] item: Leftovers
|turn|22
|
|move|p1a: The Word|Will-O-Wisp|p2a: Florges
|-status|p2a: Florges|brn
|move|p2a: Florges|Moonblast|p1a: The Word
|-resisted|p1a: The Word
|-damage|p1a: The Word|185\/291
|
|-heal|p2a: Florges|360\/360 brn|[from] move: Wish|[wisher] Florges
|-damage|p2a: Florges|315\/360 brn|[from] brn
|turn|23
|
|move|p1a: The Word|Swords Dance|p1a: The Word
|-boost|p1a: The Word|atk|2
|move|p2a: Florges|Moonblast|p1a: The Word
|-resisted|p1a: The Word
|-damage|p1a: The Word|84\/291
|-unboost|p1a: The Word|spa|1
|
|-heal|p2a: Florges|337\/360 brn|[from] item: Leftovers
|-damage|p2a: Florges|292\/360 brn|[from] brn
|turn|24
|join|Magnemite
|c| ru is suspect|^
|
|move|p1a: The Word|Roost|p1a: The Word
|-heal|p1a: The Word|230\/291
|move|p2a: Florges|Moonblast|p1a: The Word
|-resisted|p1a: The Word
|-damage|p1a: The Word|126\/291
|-unboost|p1a: The Word|spa|1
|
|-heal|p2a: Florges|314\/360 brn|[from] item: Leftovers
|-damage|p2a: Florges|269\/360 brn|[from] brn
|turn|25
|c| Megazard Z|did you just arrow a join
|c|âDundies|no u
|c|+Magnemite|lol
|
|switch|p2a: Hydreigon|Hydreigon, M|237\/325
|move|p1a: The Word|Roost|p1a: The Word
|-heal|p1a: The Word|272\/291
|
|turn|26
|
|move|p1a: The Word|Acrobatics|p2a: Hydreigon
|-damage|p2a: Hydreigon|0 fnt
|faint|p2a: Hydreigon
|
|
|switch|p2a: Aggron|Aggron-Mega, M|172\/344
|turn|27
|
|move|p1a: The Word|Will-O-Wisp|p2a: Aggron
|-status|p2a: Aggron|brn
|move|p2a: Aggron|Dragon Tail|p1a: The Word
|-damage|p1a: The Word|200\/291
|drag|p1a: Bazookastiose|Blastoise-Mega, F|361\/361 par
|
|-damage|p2a: Aggron|129\/344 brn|[from] brn
|turn|28
|
|switch|p1a: doge|Raikou|321\/321
|-ability|p1a: doge|Pressure
|move|p2a: Aggron|Stealth Rock|p1a: doge
|-sidestart|p1: Dundies|move: Stealth Rock
|
|-damage|p2a: Aggron|86\/344 brn|[from] brn
|turn|29
|c| ru is suspect|prostitutes
|c|âZachirius|?
|
|switch|p2a: Mienshao|Mienshao, M|271\/271
|move|p1a: doge|Thunderbolt|p2a: Mienshao
|-damage|p2a: Mienshao|0 fnt
|faint|p2a: Mienshao
|
|c|âDundies|??
|c| Megazard Z|>implying kekekekek
|c|+Magnemite|insightful commentary by gasquake
|join|DeviousPredator
|c|âDundies|^
|c|âDundies|^
|
|switch|p2a: Arcanine|Arcanine, M|321\/321
|turn|30
|c|âDundies|^
|c|âDundies|^
|c| ru is suspect|dundies in call
|c|+Magnemite|^
|c|+Magnemite|^
|c|+Magnemite|^
|c| ru is suspect|**shrill voice**
|c|+Magnemite|^
|c|âDundies|^
|c| ru is suspect|"COUNTER"
|c| ru is suspect|"COUNTER"
|c|âDundies|6
|c| ru is suspect|"COUNTER"
|c|+Magnemite|^
|c| ru is suspect|"COUNTER"
|c|+Magnemite|^
|c| ru is suspect|"COUNTER"
|c|+Magnemite|^
|
|move|p1a: doge|Thunderbolt|p2a: Arcanine
|-damage|p2a: Arcanine|69\/321
|move|p2a: Arcanine|Flare Blitz|p1a: doge
|-damage|p1a: doge|0 fnt
|-damage|p2a: Arcanine|0 fnt|[from] recoil|[of] p1a: doge
|faint|p1a: doge
|faint|p2a: Arcanine
|
|c|+Magnemite|^
|c|+Magnemite|^
|c|+Magnemite|^
|c| Megazard Z|MY ANUS IS BLEEDING
|c| Megazard Z|[]
|c| Megazard Z|[]
|c| Megazard Z|[]
|c| Megazard Z|[]
|c| Megazard Z|[]
|c| Megazard Z|][]
|c| Megazard Z|][][][][][][]
|c| Megazard Z|[]
|c| Megazard Z|[]
|-message|Zachirius forfeited.
|leave|Zachirius
|c| Megazard Z|[]
|c| Megazard Z|[]
|c| Megazard Z|[]
|c| ru is suspect|LOL
|c| Megazard Z|[]
|c|âDundies|rg;aierg
|c| Megazard Z|[]
|c| Megazard Z|[]
|c| Megazard Z|[]
|c|âDundies|NIPPLE
|
|win|Dundies
|raw|Ladder updating...
|player|p2