|join|Trintirotulene
|join|haxfuckery
|player|p1|Trintirotulene|1
|player|p2|haxfuckery|209
|gametype|singles
|gen|6
|tier|UU
|rated
|rule|Sleep Clause Mod: Limit one foe put to sleep
|rule|Species Clause: Limit one of each PokÃ©mon
|rule|OHKO Clause: OHKO moves are banned
|rule|Moody Clause: Moody is banned
|rule|Evasion Moves Clause: Evasion moves are banned
|rule|Endless Battle Clause: Forcing endless battles is banned
|rule|HP Percentage Mod: HP is shown in percentages
|clearpoke
|poke|p1|Abomasnow, M
|poke|p1|Starmie
|poke|p1|Gligar, F
|poke|p1|Jirachi
|poke|p1|Granbull, M
|poke|p1|Blissey, F, shiny
|poke|p2|Zygarde
|poke|p2|Swampert, M
|poke|p2|Suicune, shiny
|poke|p2|Crobat, M
|poke|p2|Alakazam, M
|poke|p2|Jirachi
|rule|Swagger Clause: Swagger is banned
|rule|Baton Pass Clause: Limit one PokÃ©mon knowing Baton Pass
|teampreview
|
|start
|switch|p1a: Abomasnow|Abomasnow, M|373\/373
|switch|p2a: Bert|Swampert, M|404\/404
|-weather|Hail
|turn|1
|
|switch|p2a: Brobat|Crobat, M|373\/373
|detailschange|p1a: Abomasnow|Abomasnow-Mega, M
|message|Abomasnow has Mega Evolved into Mega Abomasnow!
|move|p1a: Abomasnow|Wood Hammer|p2a: Brobat
|-resisted|p2a: Brobat
|-damage|p2a: Brobat|308\/373
|-damage|p1a: Abomasnow|352\/373|[from] recoil|[of] p2a: Brobat
|
|-weather|Hail|[upkeep]
|-damage|p2a: Brobat|285\/373|[from] hail
|turn|2
|
|move|p1a: Abomasnow|Ice Shard|p2a: Brobat
|-crit|p2a: Brobat
|-supereffective|p2a: Brobat
|-damage|p2a: Brobat|1\/373
|move|p2a: Brobat|U-turn|p1a: Abomasnow
|-supereffective|p1a: Abomasnow
|-damage|p1a: Abomasnow|220\/373
|
|switch|p2a: Cunt|Jirachi|341\/341
|
|-weather|Hail|[upkeep]
|-damage|p2a: Cunt|320\/341|[from] hail
|turn|3
|
|switch|p1a: Gligar|Gligar, F|334\/334
|move|p2a: Cunt|U-turn|p1a: Gligar
|-resisted|p1a: Gligar
|-damage|p1a: Gligar|319\/334
|
|switch|p2a: Bert|Swampert, M|404\/404
|
|-weather|Hail|[upkeep]
|-damage|p1a: Gligar|299\/334|[from] hail
|-damage|p2a: Bert|379\/404|[from] hail
|-heal|p2a: Bert|404\/404|[from] item: Leftovers
|turn|4
|
|move|p1a: Gligar|Stealth Rock|p2a: Bert
|-sidestart|p2: haxfuckery|move: Stealth Rock
|move|p2a: Bert|Stealth Rock|p1a: Gligar
|-sidestart|p1: Trintirotulene|move: Stealth Rock
|
|-weather|Hail|[upkeep]
|-damage|p1a: Gligar|279\/334|[from] hail
|-damage|p2a: Bert|379\/404|[from] hail
|-heal|p2a: Bert|404\/404|[from] item: Leftovers
|turn|5
|
|move|p1a: Gligar|U-turn|p2a: Bert
|-damage|p2a: Bert|369\/404
|
|switch|p1a: Starmie|Starmie|324\/324
|-damage|p1a: Starmie|284\/324|[from] Stealth Rock
|move|p2a: Bert|Scald|p1a: Starmie
|-resisted|p1a: Starmie
|-damage|p1a: Starmie|234\/324
|
|-weather|none
|-heal|p1a: Starmie|254\/324|[from] item: Leftovers
|-heal|p2a: Bert|394\/404|[from] item: Leftovers
|turn|6
|
|move|p1a: Starmie|Rapid Spin|p2a: Bert
|-crit|p2a: Bert
|-damage|p2a: Bert|383\/404
|-sideend|p1: Trintirotulene|Stealth Rock|[from] move: Rapid Spin|[of] p1a: Starmie
|move|p2a: Bert|Scald|p1a: Starmie
|-resisted|p1a: Starmie
|-damage|p1a: Starmie|206\/324
|
|-heal|p1a: Starmie|226\/324|[from] item: Leftovers
|-heal|p2a: Bert|404\/404|[from] item: Leftovers
|turn|7
|
|move|p1a: Starmie|Scald|p2a: Bert
|-damage|p2a: Bert|302\/404
|move|p2a: Bert|Stealth Rock|p1a: Starmie
|-sidestart|p1: Trintirotulene|move: Stealth Rock
|
|-heal|p1a: Starmie|246\/324|[from] item: Leftovers
|-heal|p2a: Bert|327\/404|[from] item: Leftovers
|turn|8
|
|move|p1a: Starmie|Rapid Spin|p2a: Bert
|-damage|p2a: Bert|319\/404
|-sideend|p1: Trintirotulene|Stealth Rock|[from] move: Rapid Spin|[of] p1a: Starmie
|move|p2a: Bert|Earthquake|p1a: Starmie
|-damage|p1a: Starmie|95\/324
|
|-heal|p1a: Starmie|115\/324|[from] item: Leftovers
|-heal|p2a: Bert|344\/404|[from] item: Leftovers
|turn|9
|
|move|p1a: Starmie|Recover|p1a: Starmie
|-heal|p1a: Starmie|277\/324
|move|p2a: Bert|Stealth Rock|p1a: Starmie
|-sidestart|p1: Trintirotulene|move: Stealth Rock
|
|-heal|p1a: Starmie|297\/324|[from] item: Leftovers
|-heal|p2a: Bert|369\/404|[from] item: Leftovers
|turn|10
|join|sick brn
|
|move|p1a: Starmie|Rapid Spin|p2a: Bert
|-damage|p2a: Bert|361\/404
|-sideend|p1: Trintirotulene|Stealth Rock|[from] move: Rapid Spin|[of] p1a: Starmie
|move|p2a: Bert|Earthquake|p1a: Starmie
|-damage|p1a: Starmie|150\/324
|
|-heal|p1a: Starmie|170\/324|[from] item: Leftovers
|-heal|p2a: Bert|386\/404|[from] item: Leftovers
|turn|11
|join|BKC
|
|move|p1a: Starmie|Recover|p1a: Starmie
|-heal|p1a: Starmie|324\/324
|move|p2a: Bert|Stealth Rock|p1a: Starmie
|-sidestart|p1: Trintirotulene|move: Stealth Rock
|
|-heal|p2a: Bert|404\/404|[from] item: Leftovers
|turn|12
|
|move|p1a: Starmie|Rapid Spin|p2a: Bert
|-damage|p2a: Bert|396\/404
|-sideend|p1: Trintirotulene|Stealth Rock|[from] move: Rapid Spin|[of] p1a: Starmie
|move|p2a: Bert|Stealth Rock|p1a: Starmie
|-sidestart|p1: Trintirotulene|move: Stealth Rock
|
|-heal|p2a: Bert|404\/404|[from] item: Leftovers
|turn|13
|join|kyogre282
|
|move|p1a: Starmie|Rapid Spin|p2a: Bert
|-damage|p2a: Bert|396\/404
|-sideend|p1: Trintirotulene|Stealth Rock|[from] move: Rapid Spin|[of] p1a: Starmie
|move|p2a: Bert|Earthquake|p1a: Starmie
|-damage|p1a: Starmie|170\/324
|
|-heal|p1a: Starmie|190\/324|[from] item: Leftovers
|-heal|p2a: Bert|404\/404|[from] item: Leftovers
|turn|14
|
|move|p1a: Starmie|Scald|p2a: Bert
|-damage|p2a: Bert|295\/404
|move|p2a: Bert|Stealth Rock|p1a: Starmie
|-sidestart|p1: Trintirotulene|move: Stealth Rock
|
|-heal|p1a: Starmie|210\/324|[from] item: Leftovers
|-heal|p2a: Bert|320\/404|[from] item: Leftovers
|turn|15
|
|move|p1a: Starmie|Rapid Spin|p2a: Bert
|-damage|p2a: Bert|313\/404
|-sideend|p1: Trintirotulene|Stealth Rock|[from] move: Rapid Spin|[of] p1a: Starmie
|move|p2a: Bert|Scald|p1a: Starmie
|-resisted|p1a: Starmie
|-damage|p1a: Starmie|162\/324
|-status|p1a: Starmie|brn
|
|-heal|p1a: Starmie|182\/324 brn|[from] item: Leftovers
|-heal|p2a: Bert|338\/404|[from] item: Leftovers
|-damage|p1a: Starmie|142\/324 brn|[from] brn
|turn|16
|c|âTrintirotulene|poopyhead
|
|switch|p1a: Abomasnow|Abomasnow-Mega, M|220\/373
|-weather|Hail
|move|p2a: Bert|Stealth Rock|p1a: Abomasnow
|-sidestart|p1: Trintirotulene|move: Stealth Rock
|
|-weather|Hail|[upkeep]
|-damage|p2a: Bert|313\/404|[from] hail
|-heal|p2a: Bert|338\/404|[from] item: Leftovers
|turn|17
|
|switch|p2a: Brobat|Crobat, M|1\/373
|-damage|p2a: Brobat|0 fnt|[from] Stealth Rock
|faint|p2a: Brobat
|move|p1a: Abomasnow|Wood Hammer|p2: Brobat|[notarget]
|-notarget
|
|-weather|Hail|[upkeep]
|
|switch|p2a: Cunt|Jirachi|320\/341
|-damage|p2a: Cunt|299\/341|[from] Stealth Rock
|turn|18
|
|switch|p1a: Jirachi|Jirachi|404\/404
|-damage|p1a: Jirachi|379\/404|[from] Stealth Rock
|move|p2a: Cunt|Iron Head|p1a: Jirachi
|-resisted|p1a: Jirachi
|-damage|p1a: Jirachi|325\/404
|
|-weather|Hail|[upkeep]
|-damage|p2a: Cunt|278\/341|[from] hail
|-damage|p1a: Jirachi|300\/404|[from] hail
|-heal|p1a: Jirachi|325\/404|[from] item: Leftovers
|turn|19
|c|âTrintirotulene|bom
|
|switch|p2a: Ziggy Stardust|Zygarde|420\/420
|-damage|p2a: Ziggy Stardust|394\/420|[from] Stealth Rock
|-ability|p2a: Ziggy Stardust|Aura Break
|move|p1a: Jirachi|Substitute|p1a: Jirachi
|-start|p1a: Jirachi|Substitute
|-damage|p1a: Jirachi|224\/404
|
|-weather|Hail|[upkeep]
|-damage|p1a: Jirachi|199\/404|[from] hail
|-damage|p2a: Ziggy Stardust|368\/420|[from] hail
|-heal|p1a: Jirachi|224\/404|[from] item: Leftovers
|-heal|p2a: Ziggy Stardust|394\/420|[from] item: Leftovers
|turn|20
|
|move|p1a: Jirachi|Toxic|p2a: Ziggy Stardust
|-status|p2a: Ziggy Stardust|tox
|move|p2a: Ziggy Stardust|Coil|p2a: Ziggy Stardust
|-boost|p2a: Ziggy Stardust|atk|1
|-boost|p2a: Ziggy Stardust|def|1
|-boost|p2a: Ziggy Stardust|accuracy|1
|
|-weather|none
|-heal|p1a: Jirachi|249\/404|[from] item: Leftovers
|-heal|p2a: Ziggy Stardust|420\/420 tox|[from] item: Leftovers
|-damage|p2a: Ziggy Stardust|394\/420 tox|[from] psn
|turn|21
|
|move|p1a: Jirachi|Iron Head|p2a: Ziggy Stardust
|-damage|p2a: Ziggy Stardust|336\/420 tox
|move|p2a: Ziggy Stardust|Coil|p2a: Ziggy Stardust
|-boost|p2a: Ziggy Stardust|atk|1
|-boost|p2a: Ziggy Stardust|def|1
|-boost|p2a: Ziggy Stardust|accuracy|1
|
|-heal|p1a: Jirachi|274\/404|[from] item: Leftovers
|-heal|p2a: Ziggy Stardust|362\/420 tox|[from] item: Leftovers
|-damage|p2a: Ziggy Stardust|310\/420 tox|[from] psn
|turn|22
|join|panamaxis
|
|move|p1a: Jirachi|Iron Head|p2a: Ziggy Stardust
|-damage|p2a: Ziggy Stardust|268\/420 tox
|move|p2a: Ziggy Stardust|Rest|p2a: Ziggy Stardust
|-status|p2a: Ziggy Stardust|slp
|-heal|p2a: Ziggy Stardust|420\/420 slp|[silent]
|-status|p2a: Ziggy Stardust|slp|[from] move: Rest
|
|-heal|p1a: Jirachi|299\/404|[from] item: Leftovers
|turn|23
|
|switch|p1a: Granbull|Granbull, M|383\/383
|-damage|p1a: Granbull|336\/383|[from] Stealth Rock
|-ability|p1a: Granbull|Intimidate|[of] p2a: Ziggy Stardust
|-unboost|p2a: Ziggy Stardust|atk|1
|cant|p2a: Ziggy Stardust|slp
|move|p2a: Ziggy Stardust|Sleep Talk|p2a: Ziggy Stardust
|move|p2a: Ziggy Stardust|Rest|p2a: Ziggy Stardust|[from]Sleep Talk
|-fail|p2a: Ziggy Stardust
|
|-heal|p1a: Granbull|359\/383|[from] item: Leftovers
|turn|24
|
|cant|p2a: Ziggy Stardust|slp
|move|p1a: Granbull|Roar|p2a: Ziggy Stardust
|drag|p2a: Enucius|Suicune, shiny|404\/404
|-damage|p2a: Enucius|354\/404|[from] Stealth Rock
|-ability|p2a: Enucius|Pressure
|
|-heal|p2a: Enucius|379\/404|[from] item: Leftovers
|-heal|p1a: Granbull|382\/383|[from] item: Leftovers
|turn|25
|
|switch|p1a: Blissey|Blissey, F, shiny|713\/713
|-damage|p1a: Blissey|624\/713|[from] Stealth Rock
|move|p2a: Enucius|Scald|p1a: Blissey
|-damage|p1a: Blissey|554\/713
|
|-heal|p2a: Enucius|404\/404|[from] item: Leftovers
|-heal|p1a: Blissey|598\/713|[from] item: Leftovers
|turn|26
|
|move|p2a: Enucius|Calm Mind|p2a: Enucius
|-boost|p2a: Enucius|spa|1
|-boost|p2a: Enucius|spd|1
|move|p1a: Blissey|Toxic|p2a: Enucius|[miss]
|-miss|p1a: Blissey|p2a: Enucius
|
|-heal|p1a: Blissey|642\/713|[from] item: Leftovers
|turn|27
|
|move|p2a: Enucius|Calm Mind|p2a: Enucius
|-boost|p2a: Enucius|spa|1
|-boost|p2a: Enucius|spd|1
|move|p1a: Blissey|Toxic|p2a: Enucius
|-status|p2a: Enucius|tox
|
|-heal|p1a: Blissey|686\/713|[from] item: Leftovers
|-damage|p2a: Enucius|379\/404 tox|[from] psn
|turn|28
|
|switch|p1a: Starmie|Starmie|142\/324
|-damage|p1a: Starmie|102\/324|[from] Stealth Rock
|move|p2a: Enucius|Scald|p1a: Starmie
|-resisted|p1a: Starmie
|-damage|p1a: Starmie|0 fnt
|faint|p1a: Starmie
|
|-heal|p2a: Enucius|404\/404 tox|[from] item: Leftovers
|-damage|p2a: Enucius|354\/404 tox|[from] psn
|
|switch|p1a: Blissey|Blissey, F, shiny|686\/713
|-damage|p1a: Blissey|597\/713|[from] Stealth Rock
|turn|29
|
|move|p2a: Enucius|Calm Mind|p2a: Enucius
|-boost|p2a: Enucius|spa|1
|-boost|p2a: Enucius|spd|1
|move|p1a: Blissey|Wish|p1a: Blissey
|
|-heal|p2a: Enucius|379\/404 tox|[from] item: Leftovers
|-heal|p1a: Blissey|641\/713|[from] item: Leftovers
|-damage|p2a: Enucius|304\/404 tox|[from] psn
|turn|30
|
|switch|p1a: Abomasnow|Abomasnow-Mega, M|220\/373
|-damage|p1a: Abomasnow|127\/373|[from] Stealth Rock
|-weather|Hail
|move|p2a: Enucius|Scald|p1a: Abomasnow
|-resisted|p1a: Abomasnow
|-damage|p1a: Abomasnow|16\/373
|
|-weather|Hail|[upkeep]
|-damage|p2a: Enucius|279\/404 tox|[from] hail
|-heal|p1a: Abomasnow|372\/373|[from] move: Wish|[wisher] Blissey
|-heal|p2a: Enucius|304\/404 tox|[from] item: Leftovers
|-damage|p2a: Enucius|204\/404 tox|[from] psn
|turn|31
|
|switch|p2a: Cunt|Jirachi|278\/341
|-damage|p2a: Cunt|257\/341|[from] Stealth Rock
|move|p1a: Abomasnow|Wood Hammer|p2a: Cunt
|-resisted|p2a: Cunt
|-damage|p2a: Cunt|143\/341
|-damage|p1a: Abomasnow|334\/373|[from] recoil|[of] p2a: Cunt
|
|-weather|Hail|[upkeep]
|-damage|p2a: Cunt|122\/341|[from] hail
|turn|32
|
|switch|p1a: Jirachi|Jirachi|299\/404
|-damage|p1a: Jirachi|274\/404|[from] Stealth Rock
|move|p2a: Cunt|U-turn|p1a: Jirachi
|-damage|p1a: Jirachi|205\/404
|
|switch|p2a: Bert|Swampert, M|338\/404
|-damage|p2a: Bert|313\/404|[from] Stealth Rock
|
|-weather|Hail|[upkeep]
|-damage|p1a: Jirachi|180\/404|[from] hail
|-damage|p2a: Bert|288\/404|[from] hail
|-heal|p1a: Jirachi|205\/404|[from] item: Leftovers
|-heal|p2a: Bert|313\/404|[from] item: Leftovers
|turn|33
|
|switch|p1a: Granbull|Granbull, M|382\/383
|-damage|p1a: Granbull|335\/383|[from] Stealth Rock
|-ability|p1a: Granbull|Intimidate|[of] p2a: Bert
|-unboost|p2a: Bert|atk|1
|move|p2a: Bert|Roar|p1a: Granbull
|drag|p1a: Blissey|Blissey, F, shiny|641\/713
|-damage|p1a: Blissey|552\/713|[from] Stealth Rock
|
|-weather|Hail|[upkeep]
|-damage|p1a: Blissey|508\/713|[from] hail
|-damage|p2a: Bert|288\/404|[from] hail
|-heal|p1a: Blissey|552\/713|[from] item: Leftovers
|-heal|p2a: Bert|313\/404|[from] item: Leftovers
|turn|34
|
|switch|p2a: Enucius|Suicune, shiny|204\/404 tox
|-damage|p2a: Enucius|154\/404 tox|[from] Stealth Rock
|-ability|p2a: Enucius|Pressure
|move|p1a: Blissey|Wish|p1a: Blissey
|
|-weather|none
|-heal|p2a: Enucius|179\/404 tox|[from] item: Leftovers
|-heal|p1a: Blissey|596\/713|[from] item: Leftovers
|-damage|p2a: Enucius|154\/404 tox|[from] psn
|turn|35
|
|switch|p1a: Abomasnow|Abomasnow-Mega, M|334\/373
|-damage|p1a: Abomasnow|241\/373|[from] Stealth Rock
|-weather|Hail
|move|p2a: Enucius|Rest|p2a: Enucius
|-status|p2a: Enucius|slp
|-heal|p2a: Enucius|404\/404 slp|[silent]
|-status|p2a: Enucius|slp|[from] move: Rest
|
|-weather|Hail|[upkeep]
|-damage|p2a: Enucius|379\/404 slp|[from] hail
|-heal|p1a: Abomasnow|373\/373|[from] move: Wish|[wisher] Blissey
|-heal|p2a: Enucius|404\/404 slp|[from] item: Leftovers
|turn|36
|
|switch|p2a: Ziggy Stardust|Zygarde|420\/420 slp
|-damage|p2a: Ziggy Stardust|394\/420 slp|[from] Stealth Rock
|-ability|p2a: Ziggy Stardust|Aura Break
|move|p1a: Abomasnow|Wood Hammer|p2a: Ziggy Stardust
|-damage|p2a: Ziggy Stardust|192\/420 slp
|-damage|p1a: Abomasnow|306\/373|[from] recoil|[of] p2a: Ziggy Stardust
|
|-weather|Hail|[upkeep]
|-damage|p2a: Ziggy Stardust|166\/420 slp|[from] hail
|-heal|p2a: Ziggy Stardust|192\/420 slp|[from] item: Leftovers
|turn|37
|
|move|p1a: Abomasnow|Ice Shard|p2a: Ziggy Stardust
|-supereffective|p2a: Ziggy Stardust
|-damage|p2a: Ziggy Stardust|0 fnt
|faint|p2a: Ziggy Stardust
|
|-weather|Hail|[upkeep]
|
|switch|p2a: Cunt|Jirachi|122\/341
|-damage|p2a: Cunt|101\/341|[from] Stealth Rock
|turn|38
|
|switch|p1a: Gligar|Gligar, F|279\/334
|-damage|p1a: Gligar|238\/334|[from] Stealth Rock
|move|p2a: Cunt|Iron Head|p1a: Gligar
|-damage|p1a: Gligar|178\/334
|
|-weather|Hail|[upkeep]
|-damage|p2a: Cunt|80\/341|[from] hail
|-damage|p1a: Gligar|158\/334|[from] hail
|turn|39
|
|move|p2a: Cunt|Iron Head|p1a: Gligar
|-damage|p1a: Gligar|107\/334
|cant|p1a: Gligar|flinch
|
|-weather|none
|turn|40
|
|move|p2a: Cunt|Iron Head|p1a: Gligar
|-damage|p1a: Gligar|53\/334
|cant|p1a: Gligar|flinch
|
|turn|41
|
|move|p2a: Cunt|Iron Head|p1a: Gligar
|-damage|p1a: Gligar|1\/334
|cant|p1a: Gligar|flinch
|
|turn|42
|
|move|p2a: Cunt|Iron Head|p1a: Gligar
|-damage|p1a: Gligar|0 fnt
|faint|p1a: Gligar
|
|
|switch|p1a: Jirachi|Jirachi|205\/404
|-damage|p1a: Jirachi|180\/404|[from] Stealth Rock
|turn|43
|
|switch|p2a: Bert|Swampert, M|313\/404
|-damage|p2a: Bert|288\/404|[from] Stealth Rock
|move|p1a: Jirachi|Iron Head|p2a: Bert
|-resisted|p2a: Bert
|-damage|p2a: Bert|255\/404
|
|-heal|p1a: Jirachi|205\/404|[from] item: Leftovers
|-heal|p2a: Bert|280\/404|[from] item: Leftovers
|turn|44
|
|switch|p1a: Granbull|Granbull, M|335\/383
|-damage|p1a: Granbull|288\/383|[from] Stealth Rock
|-ability|p1a: Granbull|Intimidate|[of] p2a: Bert
|-unboost|p2a: Bert|atk|1
|move|p2a: Bert|Earthquake|p1a: Granbull
|-damage|p1a: Granbull|209\/383
|
|-heal|p2a: Bert|305\/404|[from] item: Leftovers
|-heal|p1a: Granbull|232\/383|[from] item: Leftovers
|turn|45
|
|switch|p1a: Blissey|Blissey, F, shiny|596\/713
|-damage|p1a: Blissey|507\/713|[from] Stealth Rock
|move|p2a: Bert|Scald|p1a: Blissey
|-damage|p1a: Blissey|449\/713
|
|-heal|p1a: Blissey|493\/713|[from] item: Leftovers
|-heal|p2a: Bert|330\/404|[from] item: Leftovers
|turn|46
|
|move|p1a: Blissey|Wish|p1a: Blissey
|move|p2a: Bert|Earthquake|p1a: Blissey
|-crit|p1a: Blissey
|-damage|p1a: Blissey|169\/713
|
|-heal|p1a: Blissey|213\/713|[from] item: Leftovers
|-heal|p2a: Bert|355\/404|[from] item: Leftovers
|turn|47
|
|move|p1a: Blissey|Protect|p1a: Blissey
|-singleturn|p1a: Blissey|Protect
|move|p2a: Bert|Roar|p1a: Blissey
|drag|p1a: Granbull|Granbull, M|232\/383
|-damage|p1a: Granbull|185\/383|[from] Stealth Rock
|-ability|p1a: Granbull|Intimidate|[of] p2a: Bert
|-unboost|p2a: Bert|atk|1
|
|-heal|p1a: Granbull|383\/383|[from] move: Wish|[wisher] Blissey
|-heal|p2a: Bert|380\/404|[from] item: Leftovers
|turn|48
|
|switch|p2a: Spoonman|Alakazam, M|251\/251
|move|p1a: Granbull|Play Rough|p2a: Spoonman|[miss]
|-miss|p1a: Granbull|p2a: Spoonman
|
|turn|49
|
|detailschange|p2a: Spoonman|Alakazam-Mega, M
|message|Alakazam has Mega Evolved into Mega Alakazam!
|-ability|p2a: Spoonman|Intimidate|[from] ability: Trace|[of] p1a: Granbull
|-ability|p2a: Spoonman|Intimidate|[of] p1a: Granbull
|-unboost|p1a: Granbull|atk|1
|move|p2a: Spoonman|Psyshock|p1a: Granbull
|-damage|p1a: Granbull|229\/383
|move|p1a: Granbull|Play Rough|p2a: Spoonman
|-damage|p2a: Spoonman|140\/251
|
|-heal|p1a: Granbull|252\/383|[from] item: Leftovers
|turn|50
|
|move|p2a: Spoonman|Psyshock|p1a: Granbull
|-damage|p1a: Granbull|102\/383
|move|p1a: Granbull|Play Rough|p2a: Spoonman|[miss]
|-miss|p1a: Granbull|p2a: Spoonman
|
|-heal|p1a: Granbull|125\/383|[from] item: Leftovers
|turn|51
|
|move|p1a: Granbull|Protect|p1a: Granbull
|-singleturn|p1a: Granbull|Protect
|move|p2a: Spoonman|Psyshock|p1a: Granbull
|-activate|p1a: Granbull|Protect
|
|-heal|p1a: Granbull|148\/383|[from] item: Leftovers
|turn|52
|
|move|p2a: Spoonman|Psyshock|p1a: Granbull
|-damage|p1a: Granbull|0 fnt
|faint|p1a: Granbull
|
|
|switch|p1a: Abomasnow|Abomasnow-Mega, M|306\/373
|-damage|p1a: Abomasnow|213\/373|[from] Stealth Rock
|-weather|Hail
|turn|53
|
|move|p1a: Abomasnow|Ice Shard|p2a: Spoonman
|-damage|p2a: Spoonman|32\/251
|move|p2a: Spoonman|Psyshock|p1a: Abomasnow
|-damage|p1a: Abomasnow|33\/373
|
|-weather|Hail|[upkeep]
|-damage|p2a: Spoonman|17\/251|[from] hail
|turn|54
|
|move|p1a: Abomasnow|Ice Shard|p2a: Spoonman
|-damage|p2a: Spoonman|0 fnt
|faint|p2a: Spoonman
|
|-weather|Hail|[upkeep]
|
|switch|p2a: Bert|Swampert, M|380\/404
|-damage|p2a: Bert|355\/404|[from] Stealth Rock
|turn|55
|
|move|p1a: Abomasnow|Wood Hammer|p2a: Bert
|-supereffective|p2a: Bert
|-damage|p2a: Bert|0 fnt
|-damage|p1a: Abomasnow|0 fnt|[from] recoil|[of] p2a: Bert
|faint|p2a: Bert
|faint|p1a: Abomasnow
|
|-weather|Hail|[upkeep]
|c| panamaxis|lol
|c| BKC|hammered
|
|switch|p1a: Jirachi|Jirachi|205\/404
|switch|p2a: Enucius|Suicune, shiny|404\/404 slp
|-damage|p1a: Jirachi|180\/404|[from] Stealth Rock
|-damage|p2a: Enucius|354\/404 slp|[from] Stealth Rock
|-ability|p2a: Enucius|Pressure
|turn|56
|
|move|p1a: Jirachi|Substitute|p1a: Jirachi
|-start|p1a: Jirachi|Substitute
|-damage|p1a: Jirachi|79\/404
|cant|p2a: Enucius|slp
|move|p2a: Enucius|Sleep Talk|p2a: Enucius
|move|p2a: Enucius|Scald|p1a: Jirachi|[from]Sleep Talk
|-activate|p1a: Jirachi|Substitute|[damage]
|
|-weather|Hail|[upkeep]
|-damage|p1a: Jirachi|54\/404|[from] hail
|-damage|p2a: Enucius|329\/404 slp|[from] hail
|-heal|p1a: Jirachi|79\/404|[from] item: Leftovers
|-heal|p2a: Enucius|354\/404 slp|[from] item: Leftovers
|turn|57
|
|move|p1a: Jirachi|Iron Head|p2a: Enucius
|-resisted|p2a: Enucius
|-damage|p2a: Enucius|321\/404 slp
|cant|p2a: Enucius|slp
|cant|p2a: Enucius|flinch
|
|-weather|none
|-heal|p1a: Jirachi|104\/404|[from] item: Leftovers
|-heal|p2a: Enucius|346\/404 slp|[from] item: Leftovers
|turn|58
|
|move|p1a: Jirachi|Iron Head|p2a: Enucius
|-crit|p2a: Enucius
|-resisted|p2a: Enucius
|-damage|p2a: Enucius|301\/404 slp
|-curestatus|p2a: Enucius|slp
|move|p2a: Enucius|Calm Mind|p2a: Enucius
|-boost|p2a: Enucius|spa|1
|-boost|p2a: Enucius|spd|1
|
|-heal|p1a: Jirachi|129\/404|[from] item: Leftovers
|-heal|p2a: Enucius|326\/404|[from] item: Leftovers
|turn|59
|
|move|p1a: Jirachi|Toxic|p2a: Enucius
|-status|p2a: Enucius|tox
|move|p2a: Enucius|Scald|p1a: Jirachi
|-end|p1a: Jirachi|Substitute
|
|-heal|p1a: Jirachi|154\/404|[from] item: Leftovers
|-heal|p2a: Enucius|351\/404 tox|[from] item: Leftovers
|-damage|p2a: Enucius|326\/404 tox|[from] psn
|turn|60
|
|move|p1a: Jirachi|Iron Head|p2a: Enucius
|-resisted|p2a: Enucius
|-damage|p2a: Enucius|294\/404 tox
|cant|p2a: Enucius|flinch
|
|-heal|p1a: Jirachi|179\/404|[from] item: Leftovers
|-heal|p2a: Enucius|319\/404 tox|[from] item: Leftovers
|-damage|p2a: Enucius|269\/404 tox|[from] psn
|turn|61
|
|move|p1a: Jirachi|Iron Head|p2a: Enucius
|-resisted|p2a: Enucius
|-damage|p2a: Enucius|239\/404 tox
|cant|p2a: Enucius|flinch
|
|-heal|p1a: Jirachi|204\/404|[from] item: Leftovers
|-heal|p2a: Enucius|264\/404 tox|[from] item: Leftovers
|-damage|p2a: Enucius|189\/404 tox|[from] psn
|turn|62
|
|move|p1a: Jirachi|Iron Head|p2a: Enucius
|-resisted|p2a: Enucius
|-damage|p2a: Enucius|156\/404 tox
|cant|p2a: Enucius|flinch
|
|-heal|p1a: Jirachi|229\/404|[from] item: Leftovers
|-heal|p2a: Enucius|181\/404 tox|[from] item: Leftovers
|-damage|p2a: Enucius|81\/404 tox|[from] psn
|turn|63
|
|move|p1a: Jirachi|Iron Head|p2a: Enucius
|-resisted|p2a: Enucius
|-damage|p2a: Enucius|49\/404 tox
|move|p2a: Enucius|Rest|p2a: Enucius
|-status|p2a: Enucius|slp
|-heal|p2a: Enucius|404\/404 slp|[silent]
|-status|p2a: Enucius|slp|[from] move: Rest
|
|-heal|p1a: Jirachi|254\/404|[from] item: Leftovers
|turn|64
|c| panamaxis|gg
|-message|Trintirotulene forfeited.
|
|win|haxfuckery
|raw|Ladder updating...
|leave|Trintirotulene
|player|p1
|raw|Trintirotulene's rating: 1457 &rarr; <strong>1430<\/strong><br \/>(-27 for losing)
|raw|haxfuckery's rating: 1338 &rarr; <strong>1365<\/strong><br \/>(+27 for winning)
|leave|panamaxis
|leave|haxfuckery
|player|p2
|leave|sick brn
|leave|kyogre282