|join|scoutisout
|join|trintirotulene
|player|p1|scoutisout|170
|player|p2|trintirotulene|169
|gametype|singles
|gen|6
|tier|UU
|rated
|rule|Sleep Clause Mod: Limit one foe put to sleep
|rule|Species Clause: Limit one of each PokÃ©mon
|rule|OHKO Clause: OHKO moves are banned
|rule|Moody Clause: Moody is banned
|rule|Evasion Moves Clause: Evasion moves are banned
|rule|Endless Battle Clause: Forcing endless battles is banned
|rule|HP Percentage Mod: HP is shown in percentages
|clearpoke
|poke|p1|Aerodactyl, M
|poke|p1|Jirachi
|poke|p1|Swampert, F
|poke|p1|Infernape, M
|poke|p1|Mienshao, F
|poke|p1|Serperior, M
|poke|p2|Tentacruel, F
|poke|p2|Krookodile, F
|poke|p2|Pidgeot, F
|poke|p2|Gligar, M
|poke|p2|Snorlax, F
|poke|p2|Cobalion
|rule|Swagger Clause: Swagger is banned
|rule|Baton Pass Clause: Limit one PokÃ©mon knowing Baton Pass
|teampreview
|
|start
|switch|p1a: Swampert|Swampert, F|401\/401
|switch|p2a: Pidgeot|Pidgeot, F|307\/307
|turn|1
|
|switch|p1a: Aerodactyl|Aerodactyl, M|301\/301
|-ability|p1a: Aerodactyl|Pressure
|detailschange|p2a: Pidgeot|Pidgeot-Mega, F
|-mega|p2a: Pidgeot|Pidgeot|Pidgeotite
|move|p2a: Pidgeot|Hurricane|p1a: Aerodactyl
|-resisted|p1a: Aerodactyl
|-damage|p1a: Aerodactyl|178\/301
|-start|p1a: Aerodactyl|confusion
|
|turn|2
|c|âscoutisout|k
|
|switch|p2a: Cobalion|Cobalion|323\/323
|detailschange|p1a: Aerodactyl|Aerodactyl-Mega, M
|-mega|p1a: Aerodactyl|Aerodactyl|Aerodactylite
|-activate|p1a: Aerodactyl|confusion
|move|p1a: Aerodactyl|Stone Edge|p2a: Cobalion
|-resisted|p2a: Cobalion
|-damage|p2a: Cobalion|288\/323
|
|turn|3
|
|switch|p1a: Mienshao|Mienshao, F|271\/271
|move|p2a: Cobalion|Close Combat|p1a: Mienshao
|-damage|p1a: Mienshao|30\/271
|-unboost|p2a: Cobalion|def|1
|-unboost|p2a: Cobalion|spd|1
|
|turn|4
|
|move|p2a: Cobalion|Close Combat|p1a: Mienshao
|-damage|p1a: Mienshao|0 fnt
|-unboost|p2a: Cobalion|def|1
|-unboost|p2a: Cobalion|spd|1
|faint|p1a: Mienshao
|
|c|âtrintirotulene|i dont wanna hear a fucking peep lmao
|c|âscoutisout|wtf
|c|âtrintirotulene|u hit stone thru it
|c|âtrintirotulene|and i just lost to like
|c|âtrintirotulene|4 consecutive paras on pidg
|c|âtrintirotulene|as he switched around mispredicting
|c|âtrintirotulene|so thnx
|
|switch|p1a: Infernape|Infernape, M|293\/293
|turn|5
|
|switch|p2a: Tentacruel|Tentacruel, F|363\/363
|move|p1a: Infernape|Mach Punch|p2a: Tentacruel
|-resisted|p2a: Tentacruel
|-damage|p2a: Tentacruel|321\/363
|-damage|p1a: Infernape|264\/293|[from] item: Life Orb
|
|-heal|p2a: Tentacruel|343\/363|[from] item: Black Sludge
|turn|6
|c|âtrintirotulene|terrible
|c|âscoutisout|excuse me?
|c|âtrintirotulene|i typed it
|c|âscoutisout|oh no, i just wanted to know if you actually said that
|c|âtrintirotulene|look at it again
|c|âtrintirotulene|if u are comfused
|c|âscoutisout|you are a cocksucker
|c|âtrintirotulene|mmmm
|
|switch|p1a: Swampert|Swampert, F|401\/401
|move|p2a: Tentacruel|Toxic Spikes|p1a: Swampert
|-sidestart|p1: scoutisout|move: Toxic Spikes
|
|-heal|p2a: Tentacruel|363\/363|[from] item: Black Sludge
|turn|7
|
|switch|p2a: Pidgeot|Pidgeot-Mega, F|307\/307
|move|p1a: Swampert|Earthquake|p2a: Pidgeot
|-immune|p2a: Pidgeot|[msg]
|
|turn|8
|
|move|p2a: Pidgeot|Hurricane|p1a: Swampert
|-damage|p1a: Swampert|194\/401
|move|p1a: Swampert|Stealth Rock|p2a: Pidgeot
|-sidestart|p2: trintirotulene|move: Stealth Rock
|
|-heal|p1a: Swampert|219\/401|[from] item: Leftovers
|turn|9
|
|move|p2a: Pidgeot|Hurricane|p1a: Swampert
|-damage|p1a: Swampert|8\/401
|-start|p1a: Swampert|confusion
|-activate|p1a: Swampert|confusion
|-damage|p1a: Swampert|0 fnt|[from] confusion
|faint|p1a: Swampert
|
|
|switch|p1a: Aerodactyl|Aerodactyl-Mega, M|178\/301
|turn|10
|
|switch|p2a: Gligar|Gligar, M|334\/334
|-damage|p2a: Gligar|293\/334|[from] Stealth Rock
|move|p1a: Aerodactyl|Fire Fang|p2a: Gligar
|-damage|p2a: Gligar|247\/334
|
|turn|11
|
|move|p1a: Aerodactyl|Aqua Tail|p2a: Gligar
|-supereffective|p2a: Gligar
|-damage|p2a: Gligar|115\/334
|move|p2a: Gligar|U-turn|p1a: Aerodactyl
|-resisted|p1a: Aerodactyl
|-damage|p1a: Aerodactyl|153\/301
|
|switch|p2a: Cobalion|Cobalion|288\/323
|-damage|p2a: Cobalion|278\/323|[from] Stealth Rock
|
|turn|12
|
|switch|p1a: Jirachi|Jirachi|395\/395
|move|p2a: Cobalion|Close Combat|p1a: Jirachi
|-damage|p1a: Jirachi|242\/395
|-unboost|p2a: Cobalion|def|1
|-unboost|p2a: Cobalion|spd|1
|
|-heal|p1a: Jirachi|266\/395|[from] item: Leftovers
|turn|13
|
|switch|p2a: Krookodile|Krookodile, F|331\/331
|-damage|p2a: Krookodile|311\/331|[from] Stealth Rock
|-ability|p2a: Krookodile|Intimidate|[of] p1a: Jirachi
|-unboost|p1a: Jirachi|atk|1
|move|p1a: Jirachi|Body Slam|p2a: Krookodile
|-damage|p2a: Krookodile|234\/331
|-status|p2a: Krookodile|par
|
|-heal|p1a: Jirachi|290\/395|[from] item: Leftovers
|turn|14
|
|move|p1a: Jirachi|Iron Head|p2a: Krookodile
|-damage|p2a: Krookodile|129\/331 par
|cant|p2a: Krookodile|par
|
|-heal|p1a: Jirachi|314\/395|[from] item: Leftovers
|turn|15
|
|switch|p2a: Tentacruel|Tentacruel, F|363\/363
|-damage|p2a: Tentacruel|318\/363|[from] Stealth Rock
|move|p1a: Jirachi|Iron Head|p2a: Tentacruel
|-resisted|p2a: Tentacruel
|-damage|p2a: Tentacruel|278\/363
|
|-heal|p1a: Jirachi|338\/395|[from] item: Leftovers
|-heal|p2a: Tentacruel|300\/363|[from] item: Black Sludge
|turn|16
|
|move|p1a: Jirachi|Zen Headbutt|p2a: Tentacruel
|-supereffective|p2a: Tentacruel
|-damage|p2a: Tentacruel|138\/363
|move|p2a: Tentacruel|Rapid Spin|p1a: Jirachi
|-resisted|p1a: Jirachi
|-damage|p1a: Jirachi|332\/395
|-sideend|p2: trintirotulene|Stealth Rock|[from] move: Rapid Spin|[of] p2a: Tentacruel
|
|-heal|p1a: Jirachi|356\/395|[from] item: Leftovers
|-heal|p2a: Tentacruel|160\/363|[from] item: Black Sludge
|turn|17
|
|switch|p2a: Krookodile|Krookodile, F|129\/331 par
|-ability|p2a: Krookodile|Intimidate|[of] p1a: Jirachi
|-unboost|p1a: Jirachi|atk|1
|move|p1a: Jirachi|Body Slam|p2a: Krookodile
|-damage|p2a: Krookodile|72\/331 par
|
|-heal|p1a: Jirachi|380\/395|[from] item: Leftovers
|turn|18
|
|move|p1a: Jirachi|Iron Head|p2a: Krookodile
|-damage|p2a: Krookodile|0 fnt
|faint|p2a: Krookodile
|
|-heal|p1a: Jirachi|395\/395|[from] item: Leftovers
|
|switch|p2a: Gligar|Gligar, M|115\/334
|turn|19
|
|switch|p1a: Serperior|Serperior, M|291\/291
|-status|p1a: Serperior|psn
|move|p2a: Gligar|Roost|p2a: Gligar
|-heal|p2a: Gligar|282\/334
|
|-damage|p1a: Serperior|255\/291 psn|[from] psn
|turn|20
|
|switch|p2a: Snorlax|Snorlax, F|462\/462
|move|p1a: Serperior|Leaf Storm|p2a: Snorlax
|-damage|p2a: Snorlax|366\/462
|-boost|p1a: Serperior|spa|2
|
|-damage|p1a: Serperior|219\/291 psn|[from] psn
|turn|21
|
|move|p1a: Serperior|Leaf Storm|p2a: Snorlax
|-damage|p2a: Snorlax|192\/462
|-boost|p1a: Serperior|spa|2
|move|p2a: Snorlax|Return|p1a: Serperior
|-damage|p1a: Serperior|47\/291 psn
|
|-damage|p1a: Serperior|11\/291 psn|[from] psn
|turn|22
|
|move|p1a: Serperior|Leaf Storm|p2a: Snorlax|[miss]
|-miss|p1a: Serperior|p2a: Snorlax
|move|p2a: Snorlax|Self-Destruct|p1a: Serperior
|-damage|p1a: Serperior|0 fnt
|faint|p2a: Snorlax
|faint|p1a: Serperior
|
|
|switch|p2a: Cobalion|Cobalion|278\/323
|switch|p1a: Jirachi|Jirachi|395\/395
|turn|23
|
|move|p2a: Cobalion|Volt Switch|p1a: Jirachi
|-damage|p1a: Jirachi|353\/395
|
|switch|p2a: Gligar|Gligar, M|282\/334
|move|p1a: Jirachi|Body Slam|p2a: Gligar
|-damage|p2a: Gligar|242\/334
|-status|p2a: Gligar|par
|
|-heal|p1a: Jirachi|377\/395|[from] item: Leftovers
|turn|24
|
|move|p1a: Jirachi|Iron Head|p2a: Gligar
|-damage|p2a: Gligar|176\/334 par
|cant|p2a: Gligar|flinch
|
|-heal|p1a: Jirachi|395\/395|[from] item: Leftovers
|turn|25
|
|move|p1a: Jirachi|Iron Head|p2a: Gligar
|-damage|p2a: Gligar|118\/334 par
|move|p2a: Gligar|Roost|p2a: Gligar
|-heal|p2a: Gligar|285\/334 par
|
|turn|26
|
|move|p1a: Jirachi|Iron Head|p2a: Gligar
|-damage|p2a: Gligar|228\/334 par
|move|p2a: Gligar|Roost|p2a: Gligar
|-heal|p2a: Gligar|334\/334 par
|
|turn|27
|c|âscoutisout|k
|c|âscoutisout|that happened
|
|move|p1a: Jirachi|Iron Head|p2a: Gligar
|-crit|p2a: Gligar
|-damage|p2a: Gligar|237\/334 par
|move|p2a: Gligar|Stealth Rock|p1a: Jirachi
|-sidestart|p1: scoutisout|move: Stealth Rock
|
|turn|28
|
|move|p1a: Jirachi|Iron Head|p2a: Gligar
|-damage|p2a: Gligar|176\/334 par
|cant|p2a: Gligar|flinch
|
|turn|29
|
|move|p1a: Jirachi|Iron Head|p2a: Gligar
|-damage|p2a: Gligar|112\/334 par
|cant|p2a: Gligar|flinch
|
|turn|30
|
|move|p1a: Jirachi|Iron Head|p2a: Gligar
|-damage|p2a: Gligar|48\/334 par
|cant|p2a: Gligar|flinch
|
|turn|31
|c|âtrintirotulene|amazing
|
|move|p1a: Jirachi|Zen Headbutt|p2a: Gligar
|-damage|p2a: Gligar|0 fnt
|faint|p2a: Gligar
|
|c|âtrintirotulene|lmao
|
|switch|p2a: Pidgeot|Pidgeot-Mega, F|307\/307
|turn|32
|c|âtrintirotulene|nice move
|
|move|p2a: Pidgeot|Hurricane|p1a: Jirachi
|-resisted|p1a: Jirachi
|-damage|p1a: Jirachi|295\/395
|move|p1a: Jirachi|Body Slam|p2a: Pidgeot
|-damage|p2a: Pidgeot|190\/307
|-status|p2a: Pidgeot|par
|
|-heal|p1a: Jirachi|319\/395|[from] item: Leftovers
|turn|33
|
|move|p1a: Jirachi|Iron Head|p2a: Pidgeot
|-damage|p2a: Pidgeot|31\/307 par
|cant|p2a: Pidgeot|flinch
|
|-heal|p1a: Jirachi|343\/395|[from] item: Leftovers
|turn|34
|
|move|p1a: Jirachi|Body Slam|p2a: Pidgeot
|-damage|p2a: Pidgeot|0 fnt
|faint|p2a: Pidgeot
|
|-heal|p1a: Jirachi|367\/395|[from] item: Leftovers
|
|switch|p2a: Cobalion|Cobalion|278\/323
|turn|35
|
|move|p2a: Cobalion|Close Combat|p1a: Jirachi
|-damage|p1a: Jirachi|189\/395
|-unboost|p2a: Cobalion|def|1
|-unboost|p2a: Cobalion|spd|1
|move|p1a: Jirachi|Body Slam|p2a: Cobalion
|-resisted|p2a: Cobalion
|-damage|p2a: Cobalion|218\/323
|-status|p2a: Cobalion|par
|
|-heal|p1a: Jirachi|213\/395|[from] item: Leftovers
|turn|36
|c|âtrintirotulene|nice
|c|âtrintirotulene|great playing
|c|âscoutisout|lol
|c|âscoutisout|so salty
|c|âtrintirotulene|lol
|c|âtrintirotulene|so bad
|c|âscoutisout|but you are the one losing....?
|
|move|p1a: Jirachi|Iron Head|p2a: Cobalion
|-resisted|p2a: Cobalion
|-damage|p2a: Cobalion|142\/323 par
|cant|p2a: Cobalion|flinch
|
|-heal|p1a: Jirachi|237\/395|[from] item: Leftovers
|turn|37
|c|âtrintirotulene|dude lmao
|c|âtrintirotulene|u haxed ur way
|c|âtrintirotulene|thru literally all my team
|c|âtrintirotulene|with jirachi
|c|âscoutisout|hax is part of the game
|c|âtrintirotulene|o really
|c|âscoutisout|and you got lucky tbh
|c|âtrintirotulene|o for sure
|c|âtrintirotulene|well
|c|âscoutisout|got thru 3 turns of paraflinch
|c|âtrintirotulene|ill share the replay
|c|âtrintirotulene|and maybe u can study up
|c|âscoutisout|if it really matters to you that much then i guess
|c|âtrintirotulene|yea
|c|âtrintirotulene|but its for u
|
|move|p1a: Jirachi|Iron Head|p2a: Cobalion
|-resisted|p2a: Cobalion
|-damage|p2a: Cobalion|61\/323 par
|cant|p2a: Cobalion|flinch
|
|-heal|p1a: Jirachi|261\/395|[from] item: Leftovers
|turn|38
|c|âtrintirotulene|so u can learn
|c|âscoutisout|kk
|c|âtrintirotulene|i mean u played absolutely awful
|c|âscoutisout|rite
|c|âtrintirotulene|and to win from that position
|c|âtrintirotulene|thru sheer luck
|c|âtrintirotulene|is certainly impressive
|c|âscoutisout|means you suck
|c|âscoutisout|is wht your saying
|c|âtrintirotulene|no you won from luck
|c|âscoutisout|the fact that you let me
|c|âscoutisout|means you suck ass
|c|âtrintirotulene|i really dont wanna do this
|c|âtrintirotulene|but ima check ur ranking
|c|âtrintirotulene|just to see how bad this is gonna be lol
|c|âtrintirotulene|omfg
|c|âtrintirotulene|well this will cost me lol
|
|move|p1a: Jirachi|Iron Head|p2a: Cobalion
|-resisted|p2a: Cobalion
|-damage|p2a: Cobalion|0 fnt
|faint|p2a: Cobalion
|
|-heal|p1a: Jirachi|285\/395|[from] item: Leftovers
|
|switch|p2a: Tentacruel|Tentacruel, F|160\/363
|turn|39
|c|âtrintirotulene|holy shit
|c|âtrintirotulene|u play like every tier
|c|âtrintirotulene|how do u still suck
|
|move|p1a: Jirachi|Zen Headbutt|p2a: Tentacruel
|-supereffective|p2a: Tentacruel
|-damage|p2a: Tentacruel|0 fnt
|faint|p2a: Tentacruel
|
|win|scoutisout
|raw|Ladder updating...
|raw|scoutisout's rating: 1462 &rarr; <strong>1488<\/strong><br \/>(+26 for winning)
|raw|trintirotulene's rating: 1578 &rarr; <strong>1552<\/strong><br \/>(-26 for losing)