|join|Trintirotulene
|join|CelsiusRW4
|player|p1|Trintirotulene|266
|player|p2|CelsiusRW4|294
|gametype|singles
|gen|6
|tier|UU
|rated
|rule|Sleep Clause Mod: Limit one foe put to sleep
|rule|Species Clause: Limit one of each PokÃ©mon
|rule|OHKO Clause: OHKO moves are banned
|rule|Moody Clause: Moody is banned
|rule|Evasion Moves Clause: Evasion moves are banned
|rule|Endless Battle Clause: Forcing endless battles is banned
|rule|HP Percentage Mod: HP is shown in percentages
|clearpoke
|poke|p1|Snorlax, M
|poke|p1|Hydreigon, F
|poke|p1|Gligar, F
|poke|p1|Whimsicott, M
|poke|p1|Blastoise, M
|poke|p1|Jirachi, shiny
|poke|p2|Crobat, F
|poke|p2|Chesnaught, F
|poke|p2|Swampert, M
|poke|p2|Umbreon, M
|poke|p2|Rhyperior, M
|poke|p2|Kyurem
|rule|Swagger Clause: Swagger is banned
|rule|Baton Pass Clause: Limit one PokÃ©mon knowing Baton Pass
|teampreview
|
|start
|switch|p1a: Blastoise|Blastoise, M|357\/357
|switch|p2a: Crobat|Crobat, F|355\/355
|turn|1
|
|switch|p2a: Umbreon|Umbreon, M|393\/393
|detailschange|p1a: Blastoise|Blastoise-Mega, M
|-mega|p1a: Blastoise|Blastoise|Blastoisinite
|move|p1a: Blastoise|Ice Beam|p2a: Umbreon
|-damage|p2a: Umbreon|317\/393
|
|-heal|p2a: Umbreon|341\/393|[from] item: Leftovers
|turn|2
|
|switch|p1a: Gligar|Gligar, F|334\/334
|move|p2a: Umbreon|Foul Play|p1a: Gligar
|-damage|p1a: Gligar|295\/334
|
|-heal|p2a: Umbreon|365\/393|[from] item: Leftovers
|turn|3
|
|switch|p2a: Swampert|Swampert, M|404\/404
|move|p1a: Gligar|Stealth Rock|p2a: Swampert
|-sidestart|p2: CelsiusRW4|move: Stealth Rock
|
|turn|4
|
|detailschange|p2a: Swampert|Swampert-Mega, M
|-mega|p2a: Swampert|Swampert|Swampertite
|move|p1a: Gligar|U-turn|p2a: Swampert
|-damage|p2a: Swampert|363\/404
|
|switch|p1a: Hydreigon|Hydreigon, F|325\/325
|move|p2a: Swampert|Stealth Rock|p1a: Hydreigon
|-sidestart|p1: Trintirotulene|move: Stealth Rock
|
|turn|5
|
|move|p1a: Hydreigon|Draco Meteor|p2a: Swampert
|-damage|p2a: Swampert|213\/404
|-unboost|p1a: Hydreigon|spa|2
|move|p2a: Swampert|Scald|p1a: Hydreigon
|-resisted|p1a: Hydreigon
|-damage|p1a: Hydreigon|274\/325
|
|turn|6
|
|switch|p1a: Whimsicott|Whimsicott, M|261\/261
|-damage|p1a: Whimsicott|229\/261|[from] Stealth Rock
|move|p2a: Swampert|Scald|p1a: Whimsicott
|-resisted|p1a: Whimsicott
|-damage|p1a: Whimsicott|173\/261
|
|turn|7
|
|switch|p2a: Crobat|Crobat, F|355\/355
|-damage|p2a: Crobat|267\/355|[from] Stealth Rock
|move|p1a: Whimsicott|U-turn|p2a: Crobat
|-resisted|p2a: Crobat
|-damage|p2a: Crobat|257\/355
|
|switch|p1a: Blastoise|Blastoise-Mega, M|357\/357
|-damage|p1a: Blastoise|313\/357|[from] Stealth Rock
|
|-heal|p2a: Crobat|279\/355|[from] item: Black Sludge
|turn|8
|
|move|p2a: Crobat|Defog|p1a: Blastoise
|-unboost|p1a: Blastoise|evasion|1
|-sideend|p1: Trintirotulene|Stealth Rock|[from] move: Defog|[of] p1a: Blastoise
|-sideend|p2: CelsiusRW4|Stealth Rock|[from] move: Defog|[of] p2a: Crobat
|move|p1a: Blastoise|Ice Beam|p2a: Crobat
|-supereffective|p2a: Crobat
|-damage|p2a: Crobat|0 fnt
|faint|p2a: Crobat
|
|
|switch|p2a: Kyurem|Kyurem|391\/391
|-ability|p2a: Kyurem|Pressure
|turn|9
|
|switch|p1a: Snorlax|Snorlax, M|461\/461
|move|p2a: Kyurem|Draco Meteor|p1a: Snorlax
|-damage|p1a: Snorlax|312\/461
|-unboost|p2a: Kyurem|spa|2
|-damage|p2a: Kyurem|352\/391|[from] item: Life Orb
|
|turn|10
|
|switch|p2a: Chesnaught|Chesnaught, F|380\/380
|move|p1a: Snorlax|Body Slam|p2a: Chesnaught
|-damage|p2a: Chesnaught|271\/380
|
|-heal|p2a: Chesnaught|294\/380|[from] item: Leftovers
|turn|11
|
|switch|p1a: Gligar|Gligar, F|295\/334
|move|p2a: Chesnaught|Spikes|p1a: Gligar
|-sidestart|p1: Trintirotulene|Spikes
|
|-heal|p2a: Chesnaught|317\/380|[from] item: Leftovers
|turn|12
|
|move|p1a: Gligar|Stealth Rock|p2a: Chesnaught
|-sidestart|p2: CelsiusRW4|move: Stealth Rock
|move|p2a: Chesnaught|Spikes|p1a: Gligar
|-sidestart|p1: Trintirotulene|Spikes
|
|-heal|p2a: Chesnaught|340\/380|[from] item: Leftovers
|turn|13
|
|move|p1a: Gligar|U-turn|p2a: Chesnaught
|-damage|p2a: Chesnaught|311\/380
|
|switch|p1a: Jirachi|Jirachi, shiny|404\/404
|-damage|p1a: Jirachi|337\/404|[from] Spikes
|move|p2a: Chesnaught|Spikes|p1a: Jirachi
|-sidestart|p1: Trintirotulene|Spikes
|
|-heal|p1a: Jirachi|362\/404|[from] item: Leftovers
|-heal|p2a: Chesnaught|334\/380|[from] item: Leftovers
|turn|14
|
|move|p1a: Jirachi|Substitute|p1a: Jirachi
|-start|p1a: Jirachi|Substitute
|-damage|p1a: Jirachi|261\/404
|move|p2a: Chesnaught|Leech Seed|p1a: Jirachi
|
|-heal|p1a: Jirachi|286\/404|[from] item: Leftovers
|-heal|p2a: Chesnaught|357\/380|[from] item: Leftovers
|turn|15
|
|switch|p2a: Swampert|Swampert-Mega, M|213\/404
|-damage|p2a: Swampert|188\/404|[from] Stealth Rock
|move|p1a: Jirachi|Calm Mind|p1a: Jirachi
|-boost|p1a: Jirachi|spa|1
|-boost|p1a: Jirachi|spd|1
|
|-heal|p1a: Jirachi|311\/404|[from] item: Leftovers
|turn|16
|
|move|p1a: Jirachi|Psyshock|p2a: Swampert
|-damage|p2a: Swampert|50\/404
|move|p2a: Swampert|Earthquake|p1a: Jirachi
|-supereffective|p1a: Jirachi
|-end|p1a: Jirachi|Substitute
|
|-heal|p1a: Jirachi|336\/404|[from] item: Leftovers
|turn|17
|
|switch|p2a: Umbreon|Umbreon, M|365\/393
|-damage|p2a: Umbreon|316\/393|[from] Stealth Rock
|move|p1a: Jirachi|Moonblast|p2a: Umbreon
|-supereffective|p2a: Umbreon
|-damage|p2a: Umbreon|192\/393
|-unboost|p2a: Umbreon|spa|1
|
|-heal|p1a: Jirachi|361\/404|[from] item: Leftovers
|-heal|p2a: Umbreon|216\/393|[from] item: Leftovers
|turn|18
|
|move|p1a: Jirachi|Substitute|p1a: Jirachi
|-start|p1a: Jirachi|Substitute
|-damage|p1a: Jirachi|260\/404
|move|p2a: Umbreon|Foul Play|p1a: Jirachi
|-supereffective|p1a: Jirachi
|-end|p1a: Jirachi|Substitute
|
|-heal|p1a: Jirachi|285\/404|[from] item: Leftovers
|-heal|p2a: Umbreon|240\/393|[from] item: Leftovers
|turn|19
|
|switch|p1a: Blastoise|Blastoise-Mega, M|313\/357
|-damage|p1a: Blastoise|224\/357|[from] Spikes
|move|p2a: Umbreon|Foul Play|p1a: Blastoise
|-damage|p1a: Blastoise|134\/357
|
|-heal|p2a: Umbreon|264\/393|[from] item: Leftovers
|turn|20
|
|move|p1a: Blastoise|Rapid Spin|p2a: Umbreon
|-damage|p2a: Umbreon|249\/393
|-sideend|p1: Trintirotulene|Spikes|[from] move: Rapid Spin|[of] p1a: Blastoise
|move|p2a: Umbreon|Foul Play|p1a: Blastoise
|-damage|p1a: Blastoise|47\/357
|
|-heal|p2a: Umbreon|273\/393|[from] item: Leftovers
|turn|21
|
|switch|p1a: Whimsicott|Whimsicott, M|173\/261
|move|p2a: Umbreon|Wish|p2a: Umbreon
|
|-heal|p2a: Umbreon|297\/393|[from] item: Leftovers
|turn|22
|
|move|p1a: Whimsicott|Moonblast|p2a: Umbreon
|-crit|p2a: Umbreon
|-supereffective|p2a: Umbreon
|-damage|p2a: Umbreon|0 fnt
|faint|p2a: Umbreon
|
|c|âCelsiusRW4|......
|-message|CelsiusRW4 forfeited.
|leave|CelsiusRW4
|
|win|Trintirotulene
|raw|Ladder updating...
|player|p2
|raw|Trintirotulene's rating: 1522 &rarr; <strong>1537<\/strong><br \/>(+15 for winning)
|raw|CelsiusRW4's rating: 1436 &rarr; <strong>1421<\/strong><br \/>(-15 for losing)