|join|Catsarenice
|join|Trintirotulene
|player|p1|Catsarenice|161
|player|p2|Trintirotulene|2
|gametype|singles
|gen|6
|tier|UU
|rated
|rule|Sleep Clause Mod: Limit one foe put to sleep
|rule|Species Clause: Limit one of each PokÃ©mon
|rule|OHKO Clause: OHKO moves are banned
|rule|Moody Clause: Moody is banned
|rule|Evasion Moves Clause: Evasion moves are banned
|rule|Endless Battle Clause: Forcing endless battles is banned
|rule|HP Percentage Mod: HP is shown in percentages
|clearpoke
|poke|p1|Cresselia, F, shiny
|poke|p1|Umbreon, M, shiny
|poke|p1|Registeel
|poke|p1|Pidgeot, F
|poke|p1|Infernape, M
|poke|p1|Lucario, M
|poke|p2|Swampert, M
|poke|p2|Weezing, M
|poke|p2|Florges, F
|poke|p2|Ampharos, M
|poke|p2|Cobalion
|poke|p2|Starmie
|rule|Swagger Clause: Swagger is banned
|rule|Baton Pass Clause: Limit one PokÃ©mon knowing Baton Pass
|teampreview
|
|start
|switch|p1a: Registy|Registeel|364\/364
|switch|p2a: Weezing|Weezing, M|333\/333
|turn|1
|
|move|p2a: Weezing|Toxic Spikes|p1a: Registy
|-sidestart|p1: Catsarenice|move: Toxic Spikes
|move|p1a: Registy|Stealth Rock|p2a: Weezing
|-sidestart|p2: Trintirotulene|move: Stealth Rock
|
|turn|2
|
|switch|p2a: Starmie|Starmie|323\/323
|-damage|p2a: Starmie|283\/323|[from] Stealth Rock
|switch|p1a: Pidgeot|Pidgeot, F|361\/361
|
|-heal|p2a: Starmie|303\/323|[from] item: Leftovers
|turn|3
|
|detailschange|p1a: Pidgeot|Pidgeot-Mega, F
|-mega|p1a: Pidgeot|Pidgeot|Pidgeotite
|move|p2a: Starmie|Rapid Spin|p1a: Pidgeot
|-damage|p1a: Pidgeot|346\/361
|-sideend|p2: Trintirotulene|Stealth Rock|[from] move: Rapid Spin|[of] p2a: Starmie
|move|p1a: Pidgeot|Hurricane|p2a: Starmie
|-damage|p2a: Starmie|111\/323
|-start|p2a: Starmie|confusion
|
|-heal|p2a: Starmie|131\/323|[from] item: Leftovers
|turn|4
|
|switch|p2a: Ampharos|Ampharos, M|383\/383
|move|p1a: Pidgeot|Hurricane|p2a: Ampharos
|-resisted|p2a: Ampharos
|-damage|p2a: Ampharos|290\/383
|-start|p2a: Ampharos|confusion
|
|turn|5
|
|switch|p1a: Registy|Registeel|364\/364
|detailschange|p2a: Ampharos|Ampharos-Mega, M
|-mega|p2a: Ampharos|Ampharos|Ampharosite
|-ability|p2a: Ampharos|Mold Breaker
|-activate|p2a: Ampharos|confusion
|-damage|p2a: Ampharos|268\/383|[from] confusion
|
|turn|6
|
|switch|p2a: Starmie|Starmie|131\/323
|move|p1a: Registy|Stealth Rock|p2a: Starmie
|-sidestart|p2: Trintirotulene|move: Stealth Rock
|
|-heal|p2a: Starmie|151\/323|[from] item: Leftovers
|turn|7
|
|move|p2a: Starmie|Rapid Spin|p1a: Registy
|-resisted|p1a: Registy
|-damage|p1a: Registy|360\/364
|-sideend|p2: Trintirotulene|Stealth Rock|[from] move: Rapid Spin|[of] p2a: Starmie
|move|p1a: Registy|Seismic Toss|p2a: Starmie
|-damage|p2a: Starmie|51\/323
|
|-heal|p2a: Starmie|71\/323|[from] item: Leftovers
|-heal|p1a: Registy|364\/364|[from] item: Leftovers
|turn|8
|
|switch|p1a: Pidgeot|Pidgeot-Mega, F|346\/361
|move|p2a: Starmie|Recover|p2a: Starmie
|-heal|p2a: Starmie|233\/323
|
|-heal|p2a: Starmie|253\/323|[from] item: Leftovers
|turn|9
|
|switch|p2a: Ampharos|Ampharos-Mega, M|268\/383
|-ability|p2a: Ampharos|Mold Breaker
|move|p1a: Pidgeot|Hurricane|p2a: Ampharos
|-resisted|p2a: Ampharos
|-damage|p2a: Ampharos|184\/383
|
|turn|10
|
|switch|p1a: Registy|Registeel|364\/364
|move|p2a: Ampharos|Rest|p2a: Ampharos
|-status|p2a: Ampharos|slp
|-heal|p2a: Ampharos|383\/383 slp|[silent]
|-status|p2a: Ampharos|slp|[from] move: Rest
|
|turn|11
|
|switch|p2a: Starmie|Starmie|253\/323
|move|p1a: Registy|Stealth Rock|p2a: Starmie
|-sidestart|p2: Trintirotulene|move: Stealth Rock
|
|-heal|p2a: Starmie|273\/323|[from] item: Leftovers
|turn|12
|
|move|p2a: Starmie|Rapid Spin|p1a: Registy
|-resisted|p1a: Registy
|-damage|p1a: Registy|361\/364
|-sideend|p2: Trintirotulene|Stealth Rock|[from] move: Rapid Spin|[of] p2a: Starmie
|move|p1a: Registy|Toxic|p2a: Starmie
|-status|p2a: Starmie|tox
|
|-heal|p2a: Starmie|293\/323 tox|[from] item: Leftovers
|-heal|p1a: Registy|364\/364|[from] item: Leftovers
|-damage|p2a: Starmie|273\/323 tox|[from] psn
|turn|13
|
|switch|p2a: Swampert|Swampert, M|403\/403
|move|p1a: Registy|Seismic Toss|p2a: Swampert
|-damage|p2a: Swampert|303\/403
|
|-heal|p2a: Swampert|328\/403|[from] item: Leftovers
|turn|14
|
|switch|p1a: Pidgeot|Pidgeot-Mega, F|346\/361
|move|p2a: Swampert|Stealth Rock|p1a: Pidgeot
|-sidestart|p1: Catsarenice|move: Stealth Rock
|
|-heal|p2a: Swampert|353\/403|[from] item: Leftovers
|turn|15
|
|switch|p2a: Ampharos|Ampharos-Mega, M|383\/383 slp
|-ability|p2a: Ampharos|Mold Breaker
|move|p1a: Pidgeot|Defog|p2a: Ampharos
|-unboost|p2a: Ampharos|evasion|1
|-sideend|p1: Catsarenice|Toxic Spikes|[from] move: Defog|[of] p1a: Pidgeot
|-sideend|p1: Catsarenice|Stealth Rock|[from] move: Defog|[of] p1a: Pidgeot
|
|turn|16
|
|switch|p1a: Umby|Umbreon, M, shiny|394\/394
|switch|p2a: Starmie|Starmie|273\/323
|
|-heal|p2a: Starmie|293\/323|[from] item: Leftovers
|turn|17
|
|switch|p2a: Weezing|Weezing, M|333\/333
|move|p1a: Umby|Foul Play|p2a: Weezing
|-damage|p2a: Weezing|275\/333
|
|-heal|p2a: Weezing|295\/333|[from] item: Black Sludge
|turn|18
|
|move|p1a: Umby|Foul Play|p2a: Weezing
|-damage|p2a: Weezing|234\/333
|move|p2a: Weezing|Toxic Spikes|p1a: Umby
|-sidestart|p1: Catsarenice|move: Toxic Spikes
|
|-heal|p2a: Weezing|254\/333|[from] item: Black Sludge
|turn|19
|
|switch|p1a: Lucy|Lucario, M|281\/281
|switch|p2a: Cobalion|Cobalion|323\/323
|
|turn|20
|
|switch|p1a: Cressy|Cresselia, F, shiny|444\/444
|move|p2a: Cobalion|Volt Switch|p1a: Cressy
|-damage|p1a: Cressy|410\/444
|
|switch|p2a: Swampert|Swampert, M|353\/403
|
|-heal|p1a: Cressy|437\/444|[from] item: Leftovers
|-heal|p2a: Swampert|378\/403|[from] item: Leftovers
|turn|21
|c|âCatsarenice|oh, fun game xD
|
|switch|p1a: Pidgeot|Pidgeot-Mega, F|346\/361
|move|p2a: Swampert|Stealth Rock|p1a: Pidgeot
|-sidestart|p1: Catsarenice|move: Stealth Rock
|
|-heal|p2a: Swampert|403\/403|[from] item: Leftovers
|turn|22
|c|âTrintirotulene|this will take forever
|c|âTrintirotulene|is your cress cm?
|c|âCatsarenice|sub-cm, yes
|c|âTrintirotulene|lol
|c|âTrintirotulene|might have a chance then
|
|switch|p2a: Ampharos|Ampharos-Mega, M|383\/383 slp
|-ability|p2a: Ampharos|Mold Breaker
|move|p1a: Pidgeot|Defog|p2a: Ampharos
|-unboost|p2a: Ampharos|evasion|1
|-sideend|p1: Catsarenice|Toxic Spikes|[from] move: Defog|[of] p1a: Pidgeot
|-sideend|p1: Catsarenice|Stealth Rock|[from] move: Defog|[of] p1a: Pidgeot
|
|turn|23
|c|âCatsarenice|I guess our teams is quite similar
|c|âCatsarenice|Only, you run a little more fat team than I do
|c|âTrintirotulene|yea
|c|âTrintirotulene|ur team is rly immune
|c|âTrintirotulene|to toxic spikes
|c|âTrintirotulene|which is annoying for me
|
|switch|p1a: Umby|Umbreon, M, shiny|394\/394
|cant|p2a: Ampharos|slp
|move|p2a: Ampharos|Sleep Talk|p2a: Ampharos
|move|p2a: Ampharos|Rest|p2a: Ampharos|[from]Sleep Talk
|-fail|p2a: Ampharos
|
|turn|24
|c|âCatsarenice|Yeah, I constructed it that way
|c|âCatsarenice|My core (Umby-Cress-Regi) needs to take alot of hits often
|
|move|p1a: Umby|Foul Play|p2a: Ampharos
|-damage|p2a: Ampharos|299\/383 slp
|cant|p2a: Ampharos|slp
|move|p2a: Ampharos|Sleep Talk|p2a: Ampharos
|move|p2a: Ampharos|Rest|p2a: Ampharos|[from]Sleep Talk
|-fail|p2a: Ampharos
|
|turn|25
|c|âCatsarenice|It lags a little for me
|c|âCatsarenice|I think
|c|âCatsarenice|Cause I make my orders fast, and it stands that I only got 60 secs left
|
|move|p1a: Umby|Foul Play|p2a: Ampharos
|-damage|p2a: Ampharos|220\/383 slp
|-curestatus|p2a: Ampharos|slp
|move|p2a: Ampharos|Dragon Pulse|p1a: Umby
|-damage|p1a: Umby|282\/394
|
|-heal|p1a: Umby|306\/394|[from] item: Leftovers
|turn|26
|c|âCatsarenice|You really dont know how well your team walls my threats, Nape and Lucy, off
|c|âCatsarenice|Its painful
|
|switch|p1a: Registy|Registeel|364\/364
|move|p2a: Ampharos|Rest|p2a: Ampharos
|-status|p2a: Ampharos|slp
|-heal|p2a: Ampharos|383\/383 slp|[silent]
|-status|p2a: Ampharos|slp|[from] move: Rest
|
|turn|27
|c|âCatsarenice|I usually set a strategy so that someone of those can sweep
|c|âCatsarenice|But it wont work this game xD
|
|switch|p2a: Starmie|Starmie|293\/323
|move|p1a: Registy|Stealth Rock|p2a: Starmie
|-sidestart|p2: Trintirotulene|move: Stealth Rock
|
|-heal|p2a: Starmie|313\/323|[from] item: Leftovers
|turn|28
|c|âTrintirotulene|ashsuaha
|c|âCatsarenice|God, turn 28 and both our teams are pretty much full health
|c|âTrintirotulene|this isnt good
|
|move|p2a: Starmie|Rapid Spin|p1a: Registy
|-resisted|p1a: Registy
|-damage|p1a: Registy|360\/364
|-sideend|p2: Trintirotulene|Stealth Rock|[from] move: Rapid Spin|[of] p2a: Starmie
|move|p1a: Registy|Seismic Toss|p2a: Starmie
|-damage|p2a: Starmie|213\/323
|
|-heal|p2a: Starmie|233\/323|[from] item: Leftovers
|-heal|p1a: Registy|364\/364|[from] item: Leftovers
|turn|29
|c|âTrintirotulene|i will need to remake a team
|c|âTrintirotulene|with more offense
|c|âTrintirotulene|take foreverrrrrr
|c|âTrintirotulene|zzzzzzzzzzz
|
|move|p2a: Starmie|Scald|p1a: Registy
|-damage|p1a: Registy|306\/364
|-status|p1a: Registy|brn
|move|p1a: Registy|Seismic Toss|p2a: Starmie
|-damage|p2a: Starmie|133\/323
|
|-heal|p2a: Starmie|153\/323|[from] item: Leftovers
|-heal|p1a: Registy|328\/364 brn|[from] item: Leftovers
|-damage|p1a: Registy|283\/364 brn|[from] brn
|turn|30
|c|âCatsarenice|You might win by lag xD
|c|âTrintirotulene|vamos
|
|switch|p1a: Umby|Umbreon, M, shiny|306\/394
|move|p2a: Starmie|Recover|p2a: Starmie
|-heal|p2a: Starmie|315\/323
|
|-heal|p2a: Starmie|323\/323|[from] item: Leftovers
|-heal|p1a: Umby|330\/394|[from] item: Leftovers
|turn|31
|c|âTrintirotulene|lag plz
|c|âCatsarenice|Since I make my decisions and they are done 20 secs later
|c|âTrintirotulene|i need all the help i can get
|
|switch|p2a: Swampert|Swampert, M|403\/403
|move|p1a: Umby|Foul Play|p2a: Swampert
|-damage|p2a: Swampert|304\/403
|
|-heal|p1a: Umby|354\/394|[from] item: Leftovers
|-heal|p2a: Swampert|329\/403|[from] item: Leftovers
|turn|32
|c|âCatsarenice|But yeah, you dont really have an offensive threat
|
|move|p1a: Umby|Foul Play|p2a: Swampert
|-damage|p2a: Swampert|236\/403
|move|p2a: Swampert|Stealth Rock|p1a: Umby
|-sidestart|p1: Catsarenice|move: Stealth Rock
|
|-heal|p1a: Umby|378\/394|[from] item: Leftovers
|-heal|p2a: Swampert|261\/403|[from] item: Leftovers
|turn|33
|
|switch|p2a: Cobalion|Cobalion|323\/323
|move|p1a: Umby|Foul Play|p2a: Cobalion
|-resisted|p2a: Cobalion
|-damage|p2a: Cobalion|274\/323
|-boost|p2a: Cobalion|atk|1|[from] ability: Justified
|
|-heal|p1a: Umby|394\/394|[from] item: Leftovers
|turn|34
|
|switch|p1a: Cressy|Cresselia, F, shiny|437\/444
|-damage|p1a: Cressy|382\/444|[from] Stealth Rock
|move|p2a: Cobalion|Iron Head|p1a: Cressy
|-damage|p1a: Cressy|277\/444
|
|-heal|p1a: Cressy|304\/444|[from] item: Leftovers
|turn|35
|c|âCatsarenice|If I lose to lag,
|
|move|p2a: Cobalion|Iron Head|p1a: Cressy
|-damage|p1a: Cressy|205\/444
|move|p1a: Cressy|Calm Mind|p1a: Cressy
|-boost|p1a: Cressy|spa|1
|-boost|p1a: Cressy|spd|1
|
|-heal|p1a: Cressy|232\/444|[from] item: Leftovers
|turn|36
|c|âCatsarenice|I will kill someone
|c|âTrintirotulene|vamoooooos
|c|âTrintirotulene|lag
|c|âTrintirotulene|lag
|c|âTrintirotulene|lag
|
|switch|p2a: Swampert|Swampert, M|261\/403
|move|p1a: Cressy|Moonlight|p1a: Cressy
|-heal|p1a: Cressy|444\/444
|
|-heal|p2a: Swampert|286\/403|[from] item: Leftovers
|turn|37
|c|âTrintirotulene|lol
|c|âTrintirotulene|fuck
|
|move|p1a: Cressy|Psyshock|p2a: Swampert
|-damage|p2a: Swampert|202\/403
|move|p2a: Swampert|Roar|p1a: Cressy
|drag|p1a: Registy|Registeel|283\/364 brn
|-damage|p1a: Registy|261\/364 brn|[from] Stealth Rock
|
|-heal|p2a: Swampert|227\/403|[from] item: Leftovers
|-heal|p1a: Registy|283\/364 brn|[from] item: Leftovers
|-damage|p1a: Registy|238\/364 brn|[from] brn
|turn|38
|c|âTrintirotulene|ok
|c|âTrintirotulene|i can win
|
|switch|p2a: Starmie|Starmie|323\/323
|switch|p1a: Pidgeot|Pidgeot-Mega, F|346\/361
|-damage|p1a: Pidgeot|256\/361|[from] Stealth Rock
|
|turn|39
|
|switch|p2a: Ampharos|Ampharos-Mega, M|383\/383 slp
|-ability|p2a: Ampharos|Mold Breaker
|move|p1a: Pidgeot|Hurricane|p2a: Ampharos
|-resisted|p2a: Ampharos
|-damage|p2a: Ampharos|301\/383 slp
|
|turn|40
|
|switch|p1a: Umby|Umbreon, M, shiny|394\/394
|-damage|p1a: Umby|345\/394|[from] Stealth Rock
|cant|p2a: Ampharos|slp
|move|p2a: Ampharos|Sleep Talk|p2a: Ampharos
|move|p2a: Ampharos|Volt Switch|p1a: Umby|[from]Sleep Talk
|-damage|p1a: Umby|255\/394
|c|âCatsarenice|You do realize that I will just play this out until I can CM-sweep with cress?
|
|switch|p2a: Swampert|Swampert, M|227\/403
|
|-heal|p1a: Umby|279\/394|[from] item: Leftovers
|-heal|p2a: Swampert|252\/403|[from] item: Leftovers
|turn|41
|c|âTrintirotulene|you wont
|c|âTrintirotulene|;]
|c|âCatsarenice|I got alot of time
|c|âTrintirotulene|apparently not
|c|âTrintirotulene|lag
|c|âTrintirotulene|lag
|c|âTrintirotulene|lag
|c|âTrintirotulene|la
|c|âTrintirotulene|gnkklds
|c|âCatsarenice|xD
|
|switch|p2a: Florges|Florges, F|360\/360
|move|p1a: Umby|Heal Bell|p1a: Umby
|-cureteam|p1a: Umby|[from] move: HealBell
|
|-heal|p1a: Umby|303\/394|[from] item: Leftovers
|turn|42
|
|switch|p2a: Starmie|Starmie|323\/323
|move|p1a: Umby|Wish|p1a: Umby
|
|-heal|p1a: Umby|327\/394|[from] item: Leftovers
|turn|43
|
|switch|p2a: Florges|Florges, F|360\/360
|switch|p1a: Registy|Registeel|238\/364
|-damage|p1a: Registy|216\/364|[from] Stealth Rock
|
|-heal|p1a: Registy|364\/364|[from] move: Wish|[wisher] Umby
|turn|44
|
|switch|p2a: Starmie|Starmie|323\/323
|move|p1a: Registy|Toxic|p2a: Starmie
|-status|p2a: Starmie|tox
|
|-damage|p2a: Starmie|303\/323 tox|[from] psn
|turn|45
|
|move|p2a: Starmie|Scald|p1a: Registy
|-damage|p1a: Registy|310\/364
|move|p1a: Registy|Stealth Rock|p2a: Starmie
|-sidestart|p2: Trintirotulene|move: Stealth Rock
|
|-heal|p2a: Starmie|323\/323 tox|[from] item: Leftovers
|-heal|p1a: Registy|332\/364|[from] item: Leftovers
|-damage|p2a: Starmie|283\/323 tox|[from] psn
|turn|46
|
|switch|p2a: Weezing|Weezing, M|254\/333
|-damage|p2a: Weezing|213\/333|[from] Stealth Rock
|move|p1a: Registy|Iron Head|p2a: Weezing
|-crit|p2a: Weezing
|-damage|p2a: Weezing|140\/333
|
|-heal|p2a: Weezing|160\/333|[from] item: Black Sludge
|-heal|p1a: Registy|354\/364|[from] item: Leftovers
|turn|47
|
|switch|p1a: Pidgeot|Pidgeot-Mega, F|256\/361
|-damage|p1a: Pidgeot|166\/361|[from] Stealth Rock
|move|p2a: Weezing|Pain Split|p1a: Pidgeot
|-sethp|p1a: Pidgeot|163\/361|p2a: Weezing|163\/333|[from] move: Pain Split
|
|-heal|p2a: Weezing|183\/333|[from] item: Black Sludge
|turn|48
|c|âTrintirotulene|dam it
|c|âTrintirotulene|tried to cancel
|c|âCatsarenice|Do you know what I should have on my team now?
|
|switch|p2a: Ampharos|Ampharos-Mega, M|301\/383 slp
|-damage|p2a: Ampharos|254\/383 slp|[from] Stealth Rock
|-ability|p2a: Ampharos|Mold Breaker
|move|p1a: Pidgeot|Roost|p1a: Pidgeot
|-heal|p1a: Pidgeot|344\/361
|
|turn|49
|c|âCatsarenice|A banded fucking Machamp
|c|âCatsarenice|Just wrecking it
|c|âTrintirotulene|weezing
|c|âTrintirotulene|counters
|
|switch|p1a: Registy|Registeel|354\/364
|-damage|p1a: Registy|332\/364|[from] Stealth Rock
|cant|p2a: Ampharos|slp
|move|p2a: Ampharos|Sleep Talk|p2a: Ampharos
|move|p2a: Ampharos|Dragon Pulse|p1a: Registy|[from]Sleep Talk
|-resisted|p1a: Registy
|-damage|p1a: Registy|281\/364
|
|-heal|p1a: Registy|303\/364|[from] item: Leftovers
|turn|50
|c|âCatsarenice|Not after a couple of teams
|c|âCatsarenice|Wearing shit off ya know
|c|âTrintirotulene|teams?
|c|âCatsarenice|times Ã
|c|âCatsarenice|*
|c|âCatsarenice|Just hit and hit and hit
|
|-curestatus|p2a: Ampharos|slp
|move|p2a: Ampharos|Volt Switch|p1a: Registy
|-damage|p1a: Registy|207\/364
|c|âTrintirotulene|i dont think so
|c|âCatsarenice|Specs-Porygon then
|c|âCatsarenice|Yes
|
|switch|p2a: Starmie|Starmie|283\/323
|-damage|p2a: Starmie|243\/323|[from] Stealth Rock
|move|p1a: Registy|Seismic Toss|p2a: Starmie
|-damage|p2a: Starmie|143\/323
|
|-heal|p2a: Starmie|163\/323|[from] item: Leftovers
|-heal|p1a: Registy|229\/364|[from] item: Leftovers
|turn|51
|c|âCatsarenice|That would be nice
|
|move|p2a: Starmie|Rapid Spin|p1a: Registy
|-resisted|p1a: Registy
|-damage|p1a: Registy|226\/364
|-sideend|p2: Trintirotulene|Stealth Rock|[from] move: Rapid Spin|[of] p2a: Starmie
|move|p1a: Registy|Toxic|p2a: Starmie
|-status|p2a: Starmie|tox
|
|-heal|p2a: Starmie|183\/323 tox|[from] item: Leftovers
|-heal|p1a: Registy|248\/364|[from] item: Leftovers
|-damage|p2a: Starmie|163\/323 tox|[from] psn
|turn|52
|
|switch|p2a: Swampert|Swampert, M|252\/403
|move|p1a: Registy|Stealth Rock|p2a: Swampert
|-sidestart|p2: Trintirotulene|move: Stealth Rock
|
|-heal|p2a: Swampert|277\/403|[from] item: Leftovers
|-heal|p1a: Registy|270\/364|[from] item: Leftovers
|turn|53
|c|âTrintirotulene|lag la
|c|âTrintirotulene|gla
|c|âTrintirotulene|fdsdsndskl
|c|âTrintirotulene|dlds
|c|âTrintirotulene|kfddfklslj
|c|âTrintirotulene|sdf
|c|âTrintirotulene|dd
|c|âTrintirotulene|s
|c|âTrintirotulene|f
|c|âTrintirotulene|sf
|c|âTrintirotulene|d
|c|âTrintirotulene|ss
|c|âTrintirotulene|fs
|
|switch|p2a: Weezing|Weezing, M|183\/333
|-damage|p2a: Weezing|142\/333|[from] Stealth Rock
|switch|p1a: Umby|Umbreon, M, shiny|327\/394
|-damage|p1a: Umby|278\/394|[from] Stealth Rock
|
|-heal|p1a: Umby|302\/394|[from] item: Leftovers
|-heal|p2a: Weezing|162\/333|[from] item: Black Sludge
|turn|54
|
|move|p1a: Umby|Wish|p1a: Umby
|move|p2a: Weezing|Toxic Spikes|p1a: Umby
|-sidestart|p1: Catsarenice|move: Toxic Spikes
|
|-heal|p1a: Umby|326\/394|[from] item: Leftovers
|-heal|p2a: Weezing|182\/333|[from] item: Black Sludge
|turn|55
|
|switch|p1a: Pidgeot|Pidgeot-Mega, F|344\/361
|-damage|p1a: Pidgeot|254\/361|[from] Stealth Rock
|switch|p2a: Ampharos|Ampharos-Mega, M|254\/383
|-damage|p2a: Ampharos|207\/383|[from] Stealth Rock
|-ability|p2a: Ampharos|Mold Breaker
|
|-heal|p1a: Pidgeot|361\/361|[from] move: Wish|[wisher] Umby
|turn|56
|
|switch|p1a: Cressy|Cresselia, F, shiny|444\/444
|-damage|p1a: Cressy|389\/444|[from] Stealth Rock
|move|p2a: Ampharos|Volt Switch|p1a: Cressy
|-damage|p1a: Cressy|280\/444
|
|switch|p2a: Starmie|Starmie|163\/323
|-damage|p2a: Starmie|123\/323|[from] Stealth Rock
|
|-heal|p2a: Starmie|143\/323|[from] item: Leftovers
|-heal|p1a: Cressy|307\/444|[from] item: Leftovers
|turn|57
|
|switch|p1a: Pidgeot|Pidgeot-Mega, F|361\/361
|-damage|p1a: Pidgeot|271\/361|[from] Stealth Rock
|move|p2a: Starmie|Scald|p1a: Pidgeot
|-damage|p1a: Pidgeot|163\/361
|
|-heal|p2a: Starmie|163\/323|[from] item: Leftovers
|turn|58
|c|âCatsarenice|Imagine a button where you could decide a game as a draw
|c|âTrintirotulene|that would be amazing
|
|switch|p2a: Ampharos|Ampharos-Mega, M|207\/383
|-damage|p2a: Ampharos|160\/383|[from] Stealth Rock
|-ability|p2a: Ampharos|Mold Breaker
|move|p1a: Pidgeot|Roost|p1a: Pidgeot
|-heal|p1a: Pidgeot|344\/361
|
|turn|59
|
|switch|p1a: Umby|Umbreon, M, shiny|326\/394
|-damage|p1a: Umby|277\/394|[from] Stealth Rock
|-status|p1a: Umby|psn
|move|p2a: Ampharos|Dragon Pulse|p1a: Umby
|-damage|p1a: Umby|172\/394 psn
|
|-heal|p1a: Umby|196\/394 psn|[from] item: Leftovers
|-damage|p1a: Umby|147\/394 psn|[from] psn
|turn|60
|
|move|p1a: Umby|Heal Bell|p1a: Umby
|-cureteam|p1a: Umby|[from] move: HealBell
|move|p2a: Ampharos|Volt Switch|p1a: Umby
|-crit|p1a: Umby
|-damage|p1a: Umby|9\/394
|c|âCatsarenice|Dat crit tho
|
|switch|p2a: Cobalion|Cobalion|274\/323
|-damage|p2a: Cobalion|264\/323|[from] Stealth Rock
|
|-heal|p1a: Umby|33\/394|[from] item: Leftovers
|turn|61
|c|âTrintirotulene|should have used dpulse
|c|âTrintirotulene|lol
|c|âCatsarenice|I should have used Wish xD
|
|move|p2a: Cobalion|Close Combat|p1a: Umby
|-supereffective|p1a: Umby
|-damage|p1a: Umby|0 fnt
|-unboost|p2a: Cobalion|def|1
|-unboost|p2a: Cobalion|spd|1
|faint|p1a: Umby
|
|
|switch|p1a: Pidgeot|Pidgeot-Mega, F|344\/361
|-damage|p1a: Pidgeot|254\/361|[from] Stealth Rock
|turn|62
|
|switch|p2a: Florges|Florges, F|360\/360
|-damage|p2a: Florges|315\/360|[from] Stealth Rock
|move|p1a: Pidgeot|Hurricane|p2a: Florges
|-damage|p2a: Florges|212\/360
|
|-heal|p2a: Florges|234\/360|[from] item: Leftovers
|turn|63
|
|move|p1a: Pidgeot|Defog|p2a: Florges
|-unboost|p2a: Florges|evasion|1
|-sideend|p2: Trintirotulene|Stealth Rock|[from] move: Defog|[of] p2a: Florges
|-sideend|p1: Catsarenice|Toxic Spikes|[from] move: Defog|[of] p1a: Pidgeot
|-sideend|p1: Catsarenice|Stealth Rock|[from] move: Defog|[of] p1a: Pidgeot
|move|p2a: Florges|Wish|p2a: Florges
|
|-heal|p2a: Florges|256\/360|[from] item: Leftovers
|turn|64
|
|switch|p2a: Ampharos|Ampharos-Mega, M|160\/383
|-ability|p2a: Ampharos|Mold Breaker
|move|p1a: Pidgeot|Hurricane|p2a: Ampharos
|-resisted|p2a: Ampharos
|-damage|p2a: Ampharos|78\/383
|
|-heal|p2a: Ampharos|258\/383|[from] move: Wish|[wisher] Florges
|turn|65
|
|switch|p1a: Registy|Registeel|270\/364
|move|p2a: Ampharos|Volt Switch|p1a: Registy
|-damage|p1a: Registy|173\/364
|
|switch|p2a: Starmie|Starmie|163\/323
|
|-heal|p2a: Starmie|183\/323|[from] item: Leftovers
|-heal|p1a: Registy|195\/364|[from] item: Leftovers
|turn|66
|
|move|p2a: Starmie|Scald|p1a: Registy
|-damage|p1a: Registy|138\/364
|move|p1a: Registy|Stealth Rock|p2a: Starmie
|-sidestart|p2: Trintirotulene|move: Stealth Rock
|
|-heal|p2a: Starmie|203\/323|[from] item: Leftovers
|-heal|p1a: Registy|160\/364|[from] item: Leftovers
|turn|67
|
|move|p2a: Starmie|Scald|p1a: Registy
|-damage|p1a: Registy|103\/364
|-status|p1a: Registy|brn
|move|p1a: Registy|Toxic|p2a: Starmie
|-status|p2a: Starmie|tox
|
|-heal|p2a: Starmie|223\/323 tox|[from] item: Leftovers
|-heal|p1a: Registy|125\/364 brn|[from] item: Leftovers
|-damage|p2a: Starmie|203\/323 tox|[from] psn
|-damage|p1a: Registy|80\/364 brn|[from] brn
|turn|68
|
|move|p2a: Starmie|Rapid Spin|p1a: Registy
|-resisted|p1a: Registy
|-damage|p1a: Registy|76\/364 brn
|-sideend|p2: Trintirotulene|Stealth Rock|[from] move: Rapid Spin|[of] p2a: Starmie
|move|p1a: Registy|Seismic Toss|p2a: Starmie
|-damage|p2a: Starmie|103\/323 tox
|
|-heal|p2a: Starmie|123\/323 tox|[from] item: Leftovers
|-heal|p1a: Registy|98\/364 brn|[from] item: Leftovers
|-damage|p2a: Starmie|83\/323 tox|[from] psn
|-damage|p1a: Registy|53\/364 brn|[from] brn
|turn|69
|-message|Catsarenice lost due to inactivity.
|c|âCatsarenice|no
|c|âCatsarenice|No lag
|c|âTrintirotulene|gg
|
|move|p2a: Starmie|Recover|p2a: Starmie
|-heal|p2a: Starmie|245\/323 tox
|move|p1a: Registy|Stealth Rock|p2a: Starmie
|-sidestart|p2: Trintirotulene|move: Stealth Rock
|
|-heal|p2a: Starmie|265\/323 tox|[from] item: Leftovers
|-heal|p1a: Registy|75\/364 brn|[from] item: Leftovers
|-damage|p2a: Starmie|205\/323 tox|[from] psn
|-damage|p1a: Registy|30\/364 brn|[from] brn
|turn|70
|
|win|Trintirotulene
|raw|Ladder updating...
|c|âCatsarenice|What is happening
|raw|Catsarenice's rating: 1538 &rarr; <strong>1515<\/strong><br \/>(-23 for losing)
|raw|Trintirotulene's rating: 1490 &rarr; <strong>1513<\/strong><br \/>(+23 for winning)
|c|âTrintirotulene|YES
|c|âCatsarenice|WTF
|c|âCatsarenice|LAG
|c|âTrintirotulene|THANK U GOD
|c|âTrintirotulene|i had a chance
|c|âTrintirotulene|if i could burn
|c|âTrintirotulene|ur cress
|c|âTrintirotulene|:D