|join|LMOA xD
|join|Trintirotulene
|player|p1|LMOA xD|160
|player|p2|Trintirotulene|101
|gametype|singles
|gen|6
|tier|UU
|rated
|rule|Sleep Clause Mod: Limit one foe put to sleep
|rule|Species Clause: Limit one of each PokÃ©mon
|rule|OHKO Clause: OHKO moves are banned
|rule|Moody Clause: Moody is banned
|rule|Evasion Moves Clause: Evasion moves are banned
|rule|Endless Battle Clause: Forcing endless battles is banned
|rule|HP Percentage Mod: HP is shown in percentages
|clearpoke
|poke|p1|Froslass, F
|poke|p1|Diancie
|poke|p1|Lucario, F
|poke|p1|Spiritomb, M
|poke|p1|Swampert, F
|poke|p1|Jirachi
|poke|p2|Abomasnow, F
|poke|p2|Tentacruel, M
|poke|p2|Gligar, F
|poke|p2|Bronzong
|poke|p2|Aromatisse, M
|poke|p2|Hydreigon, F
|rule|Swagger Clause: Swagger is banned
|rule|Baton Pass Clause: Limit one PokÃ©mon knowing Baton Pass
|teampreview
|
|start
|switch|p1a: Froslass|Froslass, F|343\/343
|switch|p2a: Hydreigon|Hydreigon, F|325\/325
|turn|1
|
|move|p2a: Hydreigon|Dark Pulse|p1a: Froslass
|-supereffective|p1a: Froslass
|-enditem|p1a: Froslass|Focus Sash
|-damage|p1a: Froslass|1\/343
|move|p1a: Froslass|Spikes|p2a: Hydreigon
|-sidestart|p2: Trintirotulene|Spikes
|
|turn|2
|
|switch|p2a: Gligar|Gligar, F|333\/333
|switch|p1a: Diancie|Diancie|241\/241
|
|turn|3
|
|switch|p1a: Froslass|Froslass, F|1\/343
|move|p2a: Gligar|Earthquake|p1a: Froslass
|-damage|p1a: Froslass|0 fnt
|faint|p1a: Froslass
|
|
|switch|p1a: Swampert|Swampert, F|404\/404
|turn|4
|
|move|p2a: Gligar|Taunt|p1a: Swampert
|-start|p1a: Swampert|move: Taunt
|move|p1a: Swampert|Scald|p2a: Gligar
|-supereffective|p2a: Gligar
|-damage|p2a: Gligar|177\/333
|
|turn|5
|
|switch|p2a: Tentacruel|Tentacruel, M|361\/361
|-damage|p2a: Tentacruel|316\/361|[from] Spikes
|move|p1a: Swampert|Scald|p2a: Tentacruel
|-resisted|p2a: Tentacruel
|-damage|p2a: Tentacruel|280\/361
|
|-heal|p2a: Tentacruel|302\/361|[from] item: Black Sludge
|turn|6
|
|move|p2a: Tentacruel|Toxic Spikes|p1a: Swampert
|-sidestart|p1: LMOA xD|move: Toxic Spikes
|move|p1a: Swampert|Earthquake|p2a: Tentacruel
|-supereffective|p2a: Tentacruel
|-damage|p2a: Tentacruel|62\/361
|
|-heal|p2a: Tentacruel|84\/361|[from] item: Black Sludge
|-end|p1a: Swampert|move: Taunt
|turn|7
|
|switch|p1a: Spiritomb|Spiritomb, M|296\/296
|-status|p1a: Spiritomb|psn
|move|p2a: Tentacruel|Rapid Spin|p1a: Spiritomb
|-immune|p1a: Spiritomb|[msg]
|
|-heal|p2a: Tentacruel|106\/361|[from] item: Black Sludge
|-damage|p1a: Spiritomb|259\/296 psn|[from] psn
|turn|8
|
|move|p1a: Spiritomb|Pursuit|p2a: Tentacruel|[from]Pursuit
|-damage|p2a: Tentacruel|0 fnt
|faint|p2a: Tentacruel
|
|-damage|p1a: Spiritomb|222\/296 psn|[from] psn
|
|switch|p2a: Gligar|Gligar, F|177\/333
|turn|9
|
|move|p2a: Gligar|Roost|p2a: Gligar
|-heal|p2a: Gligar|333\/333
|move|p1a: Spiritomb|Will-O-Wisp|p2a: Gligar
|-status|p2a: Gligar|brn
|
|-damage|p2a: Gligar|292\/333 brn|[from] brn
|-damage|p1a: Spiritomb|185\/296 psn|[from] psn
|turn|10
|
|switch|p2a: Aromatisse|Aromatisse, M|406\/406
|-damage|p2a: Aromatisse|356\/406|[from] Spikes
|move|p1a: Spiritomb|Pain Split|p2a: Aromatisse
|-sethp|p2a: Aromatisse|270\/406|p1a: Spiritomb|270\/296 psn|[from] move: Pain Split
|
|-heal|p2a: Aromatisse|295\/406|[from] item: Leftovers
|-damage|p1a: Spiritomb|233\/296 psn|[from] psn
|turn|11
|
|switch|p1a: Jirachi|Jirachi|341\/341
|move|p2a: Aromatisse|Aromatherapy|p2a: Aromatisse
|-cureteam|p2a: Aromatisse|[from] move: Aromatherapy
|
|-heal|p2a: Aromatisse|320\/406|[from] item: Leftovers
|turn|12
|
|switch|p2a: Bronzong|Bronzong|338\/338
|move|p1a: Jirachi|Iron Head|p2a: Bronzong
|-resisted|p2a: Bronzong
|-damage|p2a: Bronzong|293\/338
|
|-heal|p2a: Bronzong|314\/338|[from] item: Leftovers
|turn|13
|
|switch|p1a: Spiritomb|Spiritomb, M|233\/296 psn
|move|p2a: Bronzong|Stealth Rock|p1a: Spiritomb
|-sidestart|p1: LMOA xD|move: Stealth Rock
|
|-heal|p2a: Bronzong|335\/338|[from] item: Leftovers
|-damage|p1a: Spiritomb|196\/296 psn|[from] psn
|turn|14
|
|switch|p2a: Aromatisse|Aromatisse, M|320\/406
|-damage|p2a: Aromatisse|270\/406|[from] Spikes
|move|p1a: Spiritomb|Will-O-Wisp|p2a: Aromatisse|[miss]
|-miss|p1a: Spiritomb|p2a: Aromatisse
|
|-heal|p2a: Aromatisse|295\/406|[from] item: Leftovers
|-damage|p1a: Spiritomb|159\/296 psn|[from] psn
|turn|15
|
|switch|p1a: Jirachi|Jirachi|341\/341
|-damage|p1a: Jirachi|320\/341|[from] Stealth Rock
|move|p2a: Aromatisse|Moonblast|p1a: Jirachi
|-resisted|p1a: Jirachi
|-damage|p1a: Jirachi|263\/341
|
|-heal|p2a: Aromatisse|320\/406|[from] item: Leftovers
|turn|16
|
|move|p2a: Aromatisse|Protect|p2a: Aromatisse
|-singleturn|p2a: Aromatisse|Protect
|move|p1a: Jirachi|U-turn|p2a: Aromatisse
|-activate|p2a: Aromatisse|Protect
|
|-heal|p2a: Aromatisse|345\/406|[from] item: Leftovers
|turn|17
|
|move|p1a: Jirachi|U-turn|p2a: Aromatisse
|-resisted|p2a: Aromatisse
|-damage|p2a: Aromatisse|315\/406
|
|switch|p1a: Diancie|Diancie|241\/241
|-status|p1a: Diancie|psn
|-damage|p1a: Diancie|211\/241 psn|[from] Stealth Rock
|move|p2a: Aromatisse|Moonblast|p1a: Diancie
|-damage|p1a: Diancie|123\/241 psn
|
|-heal|p2a: Aromatisse|340\/406|[from] item: Leftovers
|-damage|p1a: Diancie|93\/241 psn|[from] psn
|turn|18
|
|detailschange|p1a: Diancie|Diancie-Mega
|-mega|p1a: Diancie|Diancie|Diancite
|move|p1a: Diancie|Moonblast|p2a: Aromatisse
|-damage|p2a: Aromatisse|108\/406
|move|p2a: Aromatisse|Wish|p2a: Aromatisse
|
|-heal|p2a: Aromatisse|133\/406|[from] item: Leftovers
|-damage|p1a: Diancie|63\/241 psn|[from] psn
|turn|19
|
|switch|p1a: Lucario|Lucario, F|281\/281
|-damage|p1a: Lucario|273\/281|[from] Stealth Rock
|move|p2a: Aromatisse|Protect|p2a: Aromatisse
|-fail|p2a: Aromatisse
|
|-heal|p2a: Aromatisse|336\/406|[from] move: Wish|[wisher] Aromatisse
|-heal|p2a: Aromatisse|361\/406|[from] item: Leftovers
|turn|20
|
|move|p1a: Lucario|Swords Dance|p1a: Lucario
|-boost|p1a: Lucario|atk|2
|move|p2a: Aromatisse|Moonblast|p1a: Lucario
|-damage|p1a: Lucario|125\/281
|
|-heal|p2a: Aromatisse|386\/406|[from] item: Leftovers
|turn|21
|
|switch|p2a: Abomasnow|Abomasnow, F|383\/383
|-damage|p2a: Abomasnow|336\/383|[from] Spikes
|-weather|Hail
|move|p1a: Lucario|Bullet Punch|p2a: Abomasnow
|-supereffective|p2a: Abomasnow
|-damage|p2a: Abomasnow|0 fnt
|-damage|p1a: Lucario|97\/281|[from] item: Life Orb
|faint|p2a: Abomasnow
|
|-weather|Hail|[upkeep]
|-damage|p1a: Lucario|80\/281|[from] hail
|
|switch|p2a: Gligar|Gligar, F|292\/333
|turn|22
|c|âTrintirotulene|dam that woulda done nothing
|
|move|p1a: Lucario|Close Combat|p2a: Gligar
|-resisted|p2a: Gligar
|-damage|p2a: Gligar|159\/333
|-unboost|p1a: Lucario|def|1
|-unboost|p1a: Lucario|spd|1
|-damage|p1a: Lucario|52\/281|[from] item: Life Orb
|move|p2a: Gligar|Earthquake|p1a: Lucario
|-supereffective|p1a: Lucario
|-damage|p1a: Lucario|0 fnt
|faint|p1a: Lucario
|
|-weather|Hail|[upkeep]
|-damage|p2a: Gligar|139\/333|[from] hail
|
|switch|p1a: Jirachi|Jirachi|263\/341
|-damage|p1a: Jirachi|242\/341|[from] Stealth Rock
|turn|23
|
|switch|p2a: Bronzong|Bronzong|335\/338
|move|p1a: Jirachi|Iron Head|p2a: Bronzong
|-resisted|p2a: Bronzong
|-damage|p2a: Bronzong|284\/338
|
|-weather|Hail|[upkeep]
|-damage|p1a: Jirachi|221\/341|[from] hail
|-damage|p2a: Bronzong|263\/338|[from] hail
|-heal|p2a: Bronzong|284\/338|[from] item: Leftovers
|turn|24
|
|switch|p1a: Diancie|Diancie-Mega|63\/241 psn
|-damage|p1a: Diancie|33\/241 psn|[from] Stealth Rock
|move|p2a: Bronzong|Earthquake|p1a: Diancie
|-supereffective|p1a: Diancie
|-damage|p1a: Diancie|0 fnt
|faint|p1a: Diancie
|
|-weather|Hail|[upkeep]
|-damage|p2a: Bronzong|263\/338|[from] hail
|-heal|p2a: Bronzong|284\/338|[from] item: Leftovers
|
|switch|p1a: Spiritomb|Spiritomb, M|159\/296 psn
|-damage|p1a: Spiritomb|122\/296 psn|[from] Stealth Rock
|turn|25
|
|move|p1a: Spiritomb|Pursuit|p2a: Bronzong|[from]Pursuit
|-supereffective|p2a: Bronzong
|-damage|p2a: Bronzong|50\/338
|switch|p2a: Aromatisse|Aromatisse, M|386\/406
|-damage|p2a: Aromatisse|336\/406|[from] Spikes
|
|-weather|none
|-heal|p2a: Aromatisse|361\/406|[from] item: Leftovers
|-damage|p1a: Spiritomb|85\/296 psn|[from] psn
|turn|26
|
|switch|p1a: Swampert|Swampert, F|404\/404
|-status|p1a: Swampert|psn
|-damage|p1a: Swampert|379\/404 psn|[from] Stealth Rock
|move|p2a: Aromatisse|Moonblast|p1a: Swampert
|-damage|p1a: Swampert|249\/404 psn
|
|-heal|p1a: Swampert|274\/404 psn|[from] item: Leftovers
|-heal|p2a: Aromatisse|386\/406|[from] item: Leftovers
|-damage|p1a: Swampert|224\/404 psn|[from] psn
|turn|27
|
|move|p1a: Swampert|Stealth Rock|p2a: Aromatisse
|-sidestart|p2: Trintirotulene|move: Stealth Rock
|move|p2a: Aromatisse|Wish|p2a: Aromatisse
|
|-heal|p1a: Swampert|249\/404 psn|[from] item: Leftovers
|-heal|p2a: Aromatisse|406\/406|[from] item: Leftovers
|-damage|p1a: Swampert|199\/404 psn|[from] psn
|turn|28
|
|move|p1a: Swampert|Scald|p2a: Aromatisse
|-damage|p2a: Aromatisse|318\/406
|move|p2a: Aromatisse|Moonblast|p1a: Swampert
|-damage|p1a: Swampert|70\/404 psn
|
|-heal|p2a: Aromatisse|406\/406|[from] move: Wish|[wisher] Aromatisse
|-heal|p1a: Swampert|95\/404 psn|[from] item: Leftovers
|-damage|p1a: Swampert|45\/404 psn|[from] psn
|turn|29
|
|move|p2a: Aromatisse|Protect|p2a: Aromatisse
|-singleturn|p2a: Aromatisse|Protect
|move|p1a: Swampert|Scald|p2a: Aromatisse
|-activate|p2a: Aromatisse|Protect
|
|-heal|p1a: Swampert|70\/404 psn|[from] item: Leftovers
|-damage|p1a: Swampert|20\/404 psn|[from] psn
|turn|30
|
|move|p1a: Swampert|Scald|p2a: Aromatisse
|-damage|p2a: Aromatisse|274\/406
|move|p2a: Aromatisse|Wish|p2a: Aromatisse
|
|-heal|p1a: Swampert|45\/404 psn|[from] item: Leftovers
|-heal|p2a: Aromatisse|299\/406|[from] item: Leftovers
|-damage|p1a: Swampert|0 fnt|[from] psn
|faint|p1a: Swampert
|
|switch|p1a: Jirachi|Jirachi|221\/341
|-damage|p1a: Jirachi|200\/341|[from] Stealth Rock
|turn|31
|
|switch|p2a: Gligar|Gligar, F|139\/333
|-damage|p2a: Gligar|98\/333|[from] Stealth Rock
|move|p1a: Jirachi|Iron Head|p2a: Gligar
|-damage|p2a: Gligar|46\/333
|
|-heal|p2a: Gligar|249\/333|[from] move: Wish|[wisher] Aromatisse
|turn|32
|
|move|p1a: Jirachi|Iron Head|p2a: Gligar
|-damage|p2a: Gligar|197\/333
|move|p2a: Gligar|Roost|p2a: Gligar
|-heal|p2a: Gligar|333\/333
|
|turn|33
|
|move|p1a: Jirachi|Iron Head|p2a: Gligar
|-damage|p2a: Gligar|273\/333
|move|p2a: Gligar|Earthquake|p1a: Jirachi
|-supereffective|p1a: Jirachi
|-damage|p1a: Jirachi|18\/341
|
|turn|34
|
|move|p1a: Jirachi|Iron Head|p2a: Gligar
|-damage|p2a: Gligar|222\/333
|cant|p2a: Gligar|flinch
|
|turn|35
|
|move|p1a: Jirachi|Iron Head|p2a: Gligar
|-damage|p2a: Gligar|162\/333
|cant|p2a: Gligar|flinch
|
|turn|36
|
|move|p1a: Jirachi|Iron Head|p2a: Gligar
|-damage|p2a: Gligar|105\/333
|move|p2a: Gligar|Earthquake|p1a: Jirachi
|-supereffective|p1a: Jirachi
|-damage|p1a: Jirachi|0 fnt
|faint|p1a: Jirachi
|
|c|âTrintirotulene|gg
|c|âLMOA xD|gg
|
|switch|p1a: Spiritomb|Spiritomb, M|85\/296 psn
|-damage|p1a: Spiritomb|48\/296 psn|[from] Stealth Rock
|turn|37
|-message|LMOA xD forfeited.
|
|win|Trintirotulene
|raw|Ladder updating...
|leave|LMOA xD
|raw|LMOA xD's rating: 1409 &rarr; <strong>1392<\/strong><br \/>(-17 for losing)
|raw|Trintirotulene's rating: 1470 &rarr; <strong>1486<\/strong><br \/>(+16 for winning)
|player|p1