|join|Trintirotulene
|join|Colston
|player|p1|Trintirotulene|101
|player|p2|Colston|129
|gametype|singles
|gen|6
|tier|UU
|rated
|rule|Sleep Clause Mod: Limit one foe put to sleep
|rule|Species Clause: Limit one of each PokÃ©mon
|rule|OHKO Clause: OHKO moves are banned
|rule|Moody Clause: Moody is banned
|rule|Evasion Moves Clause: Evasion moves are banned
|rule|Endless Battle Clause: Forcing endless battles is banned
|rule|HP Percentage Mod: HP is shown in percentages
|clearpoke
|poke|p1|Abomasnow, M
|poke|p1|Tentacruel, F
|poke|p1|Gligar, M
|poke|p1|Bronzong
|poke|p1|Aromatisse, M
|poke|p1|Hydreigon, F
|poke|p2|Arcanine, M
|poke|p2|Milotic, F
|poke|p2|Shaymin
|poke|p2|Hippowdon, F
|poke|p2|Jirachi
|poke|p2|Hydreigon, M
|rule|Swagger Clause: Swagger is banned
|rule|Baton Pass Clause: Limit one PokÃ©mon knowing Baton Pass
|teampreview
|
|start
|switch|p1a: Gligar|Gligar, M|333\/333
|switch|p2a: Jirachi|Jirachi|341\/341
|turn|1
|
|switch|p1a: Bronzong|Bronzong|338\/338
|move|p2a: Jirachi|U-turn|p1a: Bronzong
|-damage|p1a: Bronzong|285\/338
|
|switch|p2a: Hydreigon|Hydreigon, M|325\/325
|
|-heal|p1a: Bronzong|306\/338|[from] item: Leftovers
|turn|2
|
|switch|p1a: Aromatisse|Aromatisse, M|406\/406
|move|p2a: Hydreigon|U-turn|p1a: Aromatisse
|-resisted|p1a: Aromatisse
|-damage|p1a: Aromatisse|375\/406
|-damage|p2a: Hydreigon|293\/325|[from] item: Life Orb
|
|switch|p2a: Jirachi|Jirachi|341\/341
|
|-heal|p1a: Aromatisse|400\/406|[from] item: Leftovers
|turn|3
|
|move|p1a: Aromatisse|Protect|p1a: Aromatisse
|-singleturn|p1a: Aromatisse|Protect
|move|p2a: Jirachi|Iron Head|p1a: Aromatisse
|-activate|p1a: Aromatisse|Protect
|
|-heal|p1a: Aromatisse|406\/406|[from] item: Leftovers
|turn|4
|
|switch|p2a: Hippowdon|Hippowdon, F|420\/420
|switch|p1a: Tentacruel|Tentacruel, F|361\/361
|
|turn|5
|
|move|p1a: Tentacruel|Toxic Spikes|p2a: Hippowdon
|-sidestart|p2: Colston|move: Toxic Spikes
|move|p2a: Hippowdon|Earthquake|p1a: Tentacruel
|-supereffective|p1a: Tentacruel
|-damage|p1a: Tentacruel|103\/361
|
|-heal|p1a: Tentacruel|125\/361|[from] item: Black Sludge
|turn|6
|
|move|p1a: Tentacruel|Toxic Spikes|p2a: Hippowdon
|-sidestart|p2: Colston|move: Toxic Spikes
|move|p2a: Hippowdon|Earthquake|p1a: Tentacruel
|-supereffective|p1a: Tentacruel
|-damage|p1a: Tentacruel|0 fnt
|faint|p1a: Tentacruel
|
|
|switch|p1a: Gligar|Gligar, M|333\/333
|turn|7
|c|âTrintirotulene|hurry up
|
|move|p1a: Gligar|Taunt|p2a: Hippowdon
|-start|p2a: Hippowdon|move: Taunt
|cant|p2a: Hippowdon|move: Taunt|Toxic
|
|turn|8
|c|âColston|shut up
|
|switch|p1a: Bronzong|Bronzong|306\/338
|switch|p2a: Hydreigon|Hydreigon, M|293\/325
|
|-heal|p1a: Bronzong|327\/338|[from] item: Leftovers
|turn|9
|c|âTrintirotulene|u suck
|
|switch|p1a: Aromatisse|Aromatisse, M|406\/406
|move|p2a: Hydreigon|Dark Pulse|p1a: Aromatisse
|-resisted|p1a: Aromatisse
|-damage|p1a: Aromatisse|302\/406
|-damage|p2a: Hydreigon|261\/325|[from] item: Life Orb
|
|-heal|p1a: Aromatisse|327\/406|[from] item: Leftovers
|turn|10
|c|âTrintirotulene|js
|c|âColston|ok
|c|âColston|hurry up
|c|âColston|fag
|
|move|p2a: Hydreigon|U-turn|p1a: Aromatisse
|-resisted|p1a: Aromatisse
|-damage|p1a: Aromatisse|296\/406
|-damage|p2a: Hydreigon|229\/325|[from] item: Life Orb
|c|âTrintirotulene|i moved
|
|switch|p2a: Arcanine|Arcanine, M|384\/384
|-status|p2a: Arcanine|tox
|-ability|p2a: Arcanine|Intimidate|[of] p1a: Aromatisse
|-unboost|p1a: Aromatisse|atk|1
|move|p1a: Aromatisse|Moonblast|p2a: Arcanine
|-resisted|p2a: Arcanine
|-damage|p2a: Arcanine|313\/384 tox
|-unboost|p2a: Arcanine|spa|1
|
|-heal|p2a: Arcanine|337\/384 tox|[from] item: Leftovers
|-heal|p1a: Aromatisse|321\/406|[from] item: Leftovers
|-damage|p2a: Arcanine|313\/384 tox|[from] psn
|turn|11
|
|move|p1a: Aromatisse|Protect|p1a: Aromatisse
|-singleturn|p1a: Aromatisse|Protect
|move|p2a: Arcanine|Will-O-Wisp|p1a: Aromatisse
|-activate|p1a: Aromatisse|Protect
|
|-heal|p2a: Arcanine|337\/384 tox|[from] item: Leftovers
|-heal|p1a: Aromatisse|346\/406|[from] item: Leftovers
|-damage|p2a: Arcanine|289\/384 tox|[from] psn
|turn|12
|
|move|p2a: Arcanine|Flare Blitz|p1a: Aromatisse
|-damage|p1a: Aromatisse|210\/406
|-damage|p2a: Arcanine|244\/384 tox|[from] recoil|[of] p1a: Aromatisse
|move|p1a: Aromatisse|Wish|p1a: Aromatisse
|
|-heal|p2a: Arcanine|268\/384 tox|[from] item: Leftovers
|-heal|p1a: Aromatisse|235\/406|[from] item: Leftovers
|-damage|p2a: Arcanine|196\/384 tox|[from] psn
|turn|13
|
|switch|p2a: Shaymin|Shaymin|341\/341
|-status|p2a: Shaymin|tox
|move|p1a: Aromatisse|Aromatherapy|p1a: Aromatisse
|-cureteam|p1a: Aromatisse|[from] move: Aromatherapy
|
|-heal|p1a: Aromatisse|406\/406|[from] move: Wish|[wisher] Aromatisse
|-damage|p2a: Shaymin|320\/341 tox|[from] psn
|turn|14
|
|move|p1a: Aromatisse|Protect|p1a: Aromatisse
|-singleturn|p1a: Aromatisse|Protect
|move|p2a: Shaymin|Seed Flare|p1a: Aromatisse
|-activate|p1a: Aromatisse|Protect
|
|-damage|p2a: Shaymin|278\/341 tox|[from] psn
|turn|15
|c|âColston|this toxic spikes protect bullshit is a key sign that the user is a pussy
|c|âTrintirotulene|i checked ur ranking
|c|âTrintirotulene|u suck
|c|âTrintirotulene|lol
|
|switch|p1a: Bronzong|Bronzong|327\/338
|move|p2a: Shaymin|Aromatherapy|p2a: Shaymin
|-cureteam|p2a: Shaymin|[from] move: Aromatherapy
|
|-heal|p1a: Bronzong|338\/338|[from] item: Leftovers
|turn|16
|c|âColston|sorry i dont play UU all day
|c|âColston|sorry man
|c|âTrintirotulene|i only played 2 games today
|c|âTrintirotulene|and only have around 70 total
|c|âTrintirotulene|uve been playing
|c|âTrintirotulene|every tier
|c|âTrintirotulene|known to man
|c|âTrintirotulene|working ur ass off
|
|move|p2a: Shaymin|Seed Flare|p1a: Bronzong
|-resisted|p1a: Bronzong
|-damage|p1a: Bronzong|260\/338
|-unboost|p1a: Bronzong|spd|2
|-damage|p2a: Shaymin|244\/341|[from] item: Life Orb
|move|p1a: Bronzong|Stealth Rock|p2a: Shaymin
|-sidestart|p2: Colston|move: Stealth Rock
|
|-heal|p1a: Bronzong|281\/338|[from] item: Leftovers
|turn|17
|
|switch|p1a: Hydreigon|Hydreigon, F|325\/325
|move|p2a: Shaymin|Seed Flare|p1a: Hydreigon
|-resisted|p1a: Hydreigon
|-damage|p1a: Hydreigon|204\/325
|-damage|p2a: Shaymin|210\/341|[from] item: Life Orb
|
|turn|18
|
|switch|p2a: Hippowdon|Hippowdon, F|420\/420
|-status|p2a: Hippowdon|tox
|-damage|p2a: Hippowdon|394\/420 tox|[from] Stealth Rock
|move|p1a: Hydreigon|Fire Blast|p2a: Hippowdon
|-damage|p2a: Hippowdon|279\/420 tox
|
|-heal|p2a: Hippowdon|305\/420 tox|[from] item: Leftovers
|-damage|p2a: Hippowdon|279\/420 tox|[from] psn
|turn|19
|c|âColston|maybe next time i will use a pussy strategy then i will be good
|c|âTrintirotulene|LOL
|
|switch|p1a: Abomasnow|Abomasnow, M|383\/383
|-weather|Hail
|move|p2a: Hippowdon|Stealth Rock|p1a: Abomasnow
|-sidestart|p1: Trintirotulene|move: Stealth Rock
|
|-weather|Hail|[upkeep]
|-damage|p2a: Hippowdon|253\/420 tox|[from] hail
|-heal|p2a: Hippowdon|279\/420 tox|[from] item: Leftovers
|-damage|p2a: Hippowdon|227\/420 tox|[from] psn
|turn|20
|c|âColston|LOL
|c|âColston|LOL
|c|âColston|LOL
|c|âColston|LOL
|c|âColston|LOL
|c|âColston|LOL
|c|âColston|LOL
|c|âTrintirotulene|all it takes
|c|âColston|LOL
|c|âColston|LOL
|c|âColston|LOL
|c|âColston|LOL
|c|âColston|LOL
|c|âColston|LOL
|c|âColston|LOL
|c|âColston|LOL
|c|âTrintirotulene|is pussy strat to beat u
|c|âColston|LOL
|c|âColston|LOL
|c|âColston|LOL
|c|âTrintirotulene|i would never lose
|c|âTrintirotulene|to a pussy strat
|c|âTrintirotulene|js
|c|âColston|so youre admitting that youre a pussy?
|c|âTrintirotulene|u are getting railed
|c|âTrintirotulene|by this pussy
|c|âColston|its 6-5
|c|âColston|dumbshit
|c|âTrintirotulene|im not gonna lose lol
|c|âTrintirotulene|u have
|c|âTrintirotulene|no chance
|
|switch|p2a: Jirachi|Jirachi|341\/341
|-damage|p2a: Jirachi|320\/341|[from] Stealth Rock
|detailschange|p1a: Abomasnow|Abomasnow-Mega, M
|-mega|p1a: Abomasnow|Abomasnow|Abomasite
|move|p1a: Abomasnow|Wood Hammer|p2a: Jirachi
|-resisted|p2a: Jirachi
|-damage|p2a: Jirachi|197\/341
|-damage|p1a: Abomasnow|342\/383|[from] recoil|[of] p2a: Jirachi
|
|-weather|Hail|[upkeep]
|-damage|p2a: Jirachi|176\/341|[from] hail
|turn|21
|c|âTrintirotulene|sry
|c|âColston|saying another guy is getting railed by you is so fucking gay lmao
|c|âTrintirotulene|xD
|c|âColston|fucking fag
|c|âColston|lol
|
|switch|p1a: Gligar|Gligar, M|333\/333
|-damage|p1a: Gligar|292\/333|[from] Stealth Rock
|move|p2a: Jirachi|U-turn|p1a: Gligar
|-resisted|p1a: Gligar
|-damage|p1a: Gligar|276\/333
|c|âTrintirotulene|i love railing u
|c|âTrintirotulene|its like fucking a girl
|c|âColston|youre a fucking fag lmao
|c|âColston|go suck a dick you fucking fag
|c|âTrintirotulene|love ur tight lil asshole
|c|âTrintirotulene|mmmm
|c|âColston|im not into that gay shit sorry
|
|switch|p2a: Hydreigon|Hydreigon, M|229\/325
|-damage|p2a: Hydreigon|189\/325|[from] Stealth Rock
|
|-weather|Hail|[upkeep]
|-damage|p2a: Hydreigon|169\/325|[from] hail
|-damage|p1a: Gligar|256\/333|[from] hail
|turn|22
|c|âTrintirotulene|sure looks like it
|c|âTrintirotulene|lol
|c|âTrintirotulene|cuz i am fucking you
|c|âColston|youre obv like 10 years old just discovered that ur gay as fuck
|c|âTrintirotulene|watch dis shit
|
|switch|p1a: Aromatisse|Aromatisse, M|406\/406
|-damage|p1a: Aromatisse|356\/406|[from] Stealth Rock
|move|p2a: Hydreigon|Fire Blast|p1a: Aromatisse
|-damage|p1a: Aromatisse|178\/406
|-damage|p2a: Hydreigon|137\/325|[from] item: Life Orb
|
|-weather|Hail|[upkeep]
|-damage|p2a: Hydreigon|117\/325|[from] hail
|-damage|p1a: Aromatisse|153\/406|[from] hail
|-heal|p1a: Aromatisse|178\/406|[from] item: Leftovers
|turn|23
|c|âTrintirotulene|wrecked as fuck
|
|move|p1a: Aromatisse|Protect|p1a: Aromatisse
|-singleturn|p1a: Aromatisse|Protect
|move|p2a: Hydreigon|Fire Blast|p1a: Aromatisse
|-activate|p1a: Aromatisse|Protect
|
|-weather|none
|-heal|p1a: Aromatisse|203\/406|[from] item: Leftovers
|turn|24
|c|âColston|your mom get wrecked as fuck
|c|âTrintirotulene|LOL
|c|âTrintirotulene|fucking wrecked
|
|move|p2a: Hydreigon|Dark Pulse|p1a: Aromatisse
|-resisted|p1a: Aromatisse
|-damage|p1a: Aromatisse|109\/406
|-damage|p2a: Hydreigon|85\/325|[from] item: Life Orb
|move|p1a: Aromatisse|Wish|p1a: Aromatisse
|
|-heal|p1a: Aromatisse|134\/406|[from] item: Leftovers
|turn|25
|c|âTrintirotulene|nice and predicted
|c|âTrintirotulene|just how i like it lol
|c|âColston|how is using protect predicting anything lmao
|c|âTrintirotulene|owned
|c|âColston|fucking retard lol
|c|âTrintirotulene|i should have beaten u 6 to 0
|
|switch|p2a: Shaymin|Shaymin|210\/341
|-status|p2a: Shaymin|tox
|-damage|p2a: Shaymin|168\/341 tox|[from] Stealth Rock
|move|p1a: Aromatisse|Protect|p1a: Aromatisse
|-fail|p1a: Aromatisse
|
|-heal|p1a: Aromatisse|337\/406|[from] move: Wish|[wisher] Aromatisse
|-heal|p1a: Aromatisse|362\/406|[from] item: Leftovers
|-damage|p2a: Shaymin|147\/341 tox|[from] psn
|turn|26
|c|âTrintirotulene|that would have taught ur poopyhead butt a lesson
|c|âColston|SICK PREDICTION DUDE LOL
|c|âTrintirotulene|im just gonna do it agin
|c|âTrintirotulene|bro
|c|âTrintirotulene|wrekced
|
|move|p1a: Aromatisse|Protect|p1a: Aromatisse
|-singleturn|p1a: Aromatisse|Protect
|move|p2a: Shaymin|Rest|p2a: Shaymin
|-status|p2a: Shaymin|slp
|-heal|p2a: Shaymin|341\/341 slp|[silent]
|-status|p2a: Shaymin|slp|[from] move: Rest
|
|-heal|p1a: Aromatisse|387\/406|[from] item: Leftovers
|turn|27
|c|âTrintirotulene|af
|c|âTrintirotulene|sick move man
|c|âTrintirotulene|u got this
|
|switch|p2a: Jirachi|Jirachi|176\/341
|-damage|p2a: Jirachi|155\/341|[from] Stealth Rock
|move|p1a: Aromatisse|Moonblast|p2a: Jirachi
|-resisted|p2a: Jirachi
|-damage|p2a: Jirachi|104\/341
|
|-heal|p1a: Aromatisse|406\/406|[from] item: Leftovers
|turn|28
|c|âTrintirotulene|id never lose to a fucking gay poopyhead
|c|âColston|toxicroak rapes your team
|c|âColston|just letting you know
|c|âTrintirotulene|thats ok
|c|âTrintirotulene|i check it
|c|âTrintirotulene|with everything
|c|âTrintirotulene|hydreigon ohkos
|c|âColston|after gligar is gone +2 toxicroak sweeps your dumbass
|c|âTrintirotulene|bronzong takes a hit
|c|âTrintirotulene|gligar counters
|c|âTrintirotulene|EASY
|c|âColston|bronzong does not take sucker punch
|c|âColston|i said when gligar is gone
|c|âTrintirotulene|i dont see ur toxicroak
|c|âColston|stupid fuck
|c|âTrintirotulene|why would gligar be gone
|c|âTrintirotulene|i put it on my team
|
|move|p1a: Aromatisse|Protect|p1a: Aromatisse
|-singleturn|p1a: Aromatisse|Protect
|move|p2a: Jirachi|U-turn|p1a: Aromatisse
|-activate|p1a: Aromatisse|Protect
|
|turn|29
|c|âColston|because pokemon can die
|c|âColston|LOL
|c|âTrintirotulene|orly
|c|âTrintirotulene|watch dis shit
|c|âColston|i dont have time to sit here while you click protect
|c|âColston|c ya pussy
|c|âTrintirotulene|gg
|c|âColston|go talk to a fuckin girl that isnt your redneck cousin
|c|âTrintirotulene|gg i guess lol
|c|âColston|fuckin fag lol
|leave|Colston
|c|âTrintirotulene|easy win for me
|player|p2
|-message|colston lost due to inactivity.
|
|win|Trintirotulene
|raw|Ladder updating...
|raw|Trintirotulene's rating: 1442 &rarr; <strong>1459<\/strong><br \/>(+17 for winning)
|raw|Colston's rating: 1387 &rarr; <strong>1370<\/strong><br \/>(-17 for losing)