|join|Trintirotulene
|join|Aggron
|c|âAggron|hf
|player|p1|Trintirotulene|266
|player|p2|Aggron|17
|gametype|singles
|gen|6
|tier|UU
|rated
|rule|Sleep Clause Mod: Limit one foe put to sleep
|rule|Species Clause: Limit one of each PokÃ©mon
|rule|OHKO Clause: OHKO moves are banned
|rule|Moody Clause: Moody is banned
|rule|Evasion Moves Clause: Evasion moves are banned
|rule|Endless Battle Clause: Forcing endless battles is banned
|rule|HP Percentage Mod: HP is shown in percentages
|clearpoke
|poke|p1|Snorlax, F
|poke|p1|Hydreigon, F
|poke|p1|Gligar, F
|poke|p1|Whimsicott, F
|poke|p1|Blastoise, M
|poke|p1|Jirachi, shiny
|poke|p2|Aggron, M
|poke|p2|Vaporeon, M
|poke|p2|Scrafty, M
|poke|p2|Chesnaught, M
|poke|p2|Darmanitan, M
|poke|p2|Nidoking, M
|rule|Swagger Clause: Swagger is banned
|rule|Baton Pass Clause: Limit one PokÃ©mon knowing Baton Pass
|teampreview
|c|âTrintirotulene|lag
|c|âAggron|yeah ik
|c|âAggron|too many people on atm
|
|start
|switch|p1a: Hydreigon|Hydreigon, F|325\/325
|switch|p2a: Nidoking|Nidoking, M|303\/303
|turn|1
|
|switch|p2a: Scrafty|Scrafty, M|334\/334
|move|p1a: Hydreigon|U-turn|p2a: Scrafty
|-damage|p2a: Scrafty|290\/334
|join|cinccino for ubers
|c| cinccino for ubers|sup
|c|âAggron|hey
|c| cinccino for ubers|:]
|c|âAggron|gligar on the team
|c|âAggron|glad people are using it
|
|switch|p1a: Whimsicott|Whimsicott, F|261\/261
|
|-heal|p2a: Scrafty|310\/334|[from] item: Leftovers
|turn|2
|c|âAggron|he needs to leave RU already
|
|switch|p2a: Nidoking|Nidoking, M|303\/303
|move|p1a: Whimsicott|U-turn|p2a: Nidoking
|-resisted|p2a: Nidoking
|-damage|p2a: Nidoking|279\/303
|c| cinccino for ubers|yeah
|c| cinccino for ubers|does he get enough usage tho?
|c|âAggron|not sure
|c|âAggron|I hear he might be suspected soon though
|
|switch|p1a: Blastoise|Blastoise, M|357\/357
|
|turn|3
|c| cinccino for ubers|is that a good thing?
|c|âAggron|yes
|c|âAggron|gligar is annoying
|c| cinccino for ubers|yeah
|
|switch|p2a: Vaporeon|Vaporeon, M|464\/464
|detailschange|p1a: Blastoise|Blastoise-Mega, M
|-mega|p1a: Blastoise|Blastoise|Blastoisinite
|move|p1a: Blastoise|Dark Pulse|p2a: Vaporeon
|-damage|p2a: Vaporeon|299\/464
|
|-heal|p2a: Vaporeon|328\/464|[from] item: Leftovers
|turn|4
|c| cinccino for ubers|pretty much
|c|âAggron|and by far the best defogger in RU
|c| cinccino for ubers|yeah and stealth rocker
|c| cinccino for ubers|u-turn
|
|switch|p1a: Whimsicott|Whimsicott, F|261\/261
|move|p2a: Vaporeon|Scald|p1a: Whimsicott
|-resisted|p1a: Whimsicott
|-damage|p1a: Whimsicott|195\/261
|
|-heal|p2a: Vaporeon|357\/464|[from] item: Leftovers
|turn|5
|c| cinccino for ubers|plus toxic immune
|c|âAggron|damn
|c|âAggron|that was solid damage
|c|âAggron|that must be off cott
|c| cinccino for ubers|true^
|c| cinccino for ubers|offensive set
|c| cinccino for ubers|wit u-turn
|
|move|p2a: Vaporeon|Protect|p2a: Vaporeon
|-singleturn|p2a: Vaporeon|Protect
|move|p1a: Whimsicott|Giga Drain|p2a: Vaporeon
|-activate|p2a: Vaporeon|Protect
|
|-heal|p2a: Vaporeon|386\/464|[from] item: Leftovers
|turn|6
|c|âAggron|which I personally don't agree with
|c| cinccino for ubers|stun spre
|c|âAggron|yup
|c|âAggron|hes specs
|c| cinccino for ubers|lol
|c| cinccino for ubers|brb
|
|switch|p2a: Scrafty|Scrafty, M|310\/334
|move|p1a: Whimsicott|Giga Drain|p2a: Scrafty
|-damage|p2a: Scrafty|216\/334
|-heal|p1a: Whimsicott|242\/261|[from] drain|[of] p2a: Scrafty
|
|-heal|p2a: Scrafty|236\/334|[from] item: Leftovers
|turn|7
|c| cinccino for ubers|in like 2 secs
|c|âAggron|uturn moonblast drain switcheroo
|
|switch|p1a: Gligar|Gligar, F|334\/334
|move|p2a: Scrafty|Knock Off|p1a: Gligar
|-damage|p1a: Gligar|285\/334
|-enditem|p1a: Gligar|Eviolite|[from] move: Knock Off|[of] p2a: Scrafty
|
|-heal|p2a: Scrafty|256\/334|[from] item: Leftovers
|turn|8
|
|switch|p2a: Nidoking|Nidoking, M|279\/303
|move|p1a: Gligar|Stealth Rock|p2a: Nidoking
|-sidestart|p2: Aggron|move: Stealth Rock
|
|turn|9
|
|switch|p1a: Snorlax|Snorlax, F|461\/461
|move|p2a: Nidoking|Stealth Rock|p1a: Snorlax
|-sidestart|p1: Trintirotulene|move: Stealth Rock
|
|turn|10
|
|switch|p2a: Scrafty|Scrafty, M|256\/334
|-damage|p2a: Scrafty|236\/334|[from] Stealth Rock
|move|p1a: Snorlax|Body Slam|p2a: Scrafty
|-crit|p2a: Scrafty
|-damage|p2a: Scrafty|41\/334
|-status|p2a: Scrafty|par
|
|-heal|p2a: Scrafty|61\/334 par|[from] item: Leftovers
|turn|11
|c|âTrintirotulene|oops
|c|âAggron|god damn
|c|âAggron|that did way too much
|
|switch|p2a: Chesnaught|Chesnaught, M|368\/368
|-damage|p2a: Chesnaught|345\/368|[from] Stealth Rock
|move|p1a: Snorlax|Earthquake|p2a: Chesnaught
|-resisted|p2a: Chesnaught
|-damage|p2a: Chesnaught|307\/368
|
|-heal|p2a: Chesnaught|330\/368|[from] item: Leftovers
|turn|12
|
|switch|p1a: Whimsicott|Whimsicott, F|242\/261
|-damage|p1a: Whimsicott|210\/261|[from] Stealth Rock
|move|p2a: Chesnaught|Taunt|p1a: Whimsicott
|-start|p1a: Whimsicott|move: Taunt
|
|-heal|p2a: Chesnaught|353\/368|[from] item: Leftovers
|turn|13
|
|switch|p2a: Nidoking|Nidoking, M|279\/303
|-damage|p2a: Nidoking|261\/303|[from] Stealth Rock
|move|p1a: Whimsicott|Moonblast|p2a: Nidoking
|-resisted|p2a: Nidoking
|-damage|p2a: Nidoking|144\/303
|-unboost|p2a: Nidoking|spa|1
|
|turn|14
|
|switch|p1a: Snorlax|Snorlax, F|461\/461
|-damage|p1a: Snorlax|404\/461|[from] Stealth Rock
|move|p2a: Nidoking|Sludge Wave|p1a: Snorlax
|-damage|p1a: Snorlax|333\/461
|
|turn|15
|c|âTrintirotulene|that didnt
|
|switch|p2a: Chesnaught|Chesnaught, M|353\/368
|-damage|p2a: Chesnaught|330\/368|[from] Stealth Rock
|move|p1a: Snorlax|Body Slam|p2a: Chesnaught
|-damage|p2a: Chesnaught|237\/368
|
|-heal|p2a: Chesnaught|260\/368|[from] item: Leftovers
|turn|16
|
|switch|p1a: Whimsicott|Whimsicott, F|210\/261
|-damage|p1a: Whimsicott|178\/261|[from] Stealth Rock
|move|p2a: Chesnaught|Spikes|p1a: Whimsicott
|-sidestart|p1: Trintirotulene|Spikes
|
|-heal|p2a: Chesnaught|283\/368|[from] item: Leftovers
|turn|17
|
|move|p1a: Whimsicott|Moonblast|p2a: Chesnaught
|-supereffective|p2a: Chesnaught
|-damage|p2a: Chesnaught|0 fnt
|faint|p2a: Chesnaught
|
|
|switch|p2a: Aggron|Aggron, M|344\/344
|-damage|p2a: Aggron|323\/344|[from] Stealth Rock
|turn|18
|
|switch|p1a: Gligar|Gligar, F|285\/334
|-damage|p1a: Gligar|244\/334|[from] Stealth Rock
|move|p2a: Aggron|Head Smash|p1a: Gligar|[miss]
|-miss|p2a: Aggron|p1a: Gligar
|
|turn|19
|c|âAggron|oh shit
|
|switch|p2a: Vaporeon|Vaporeon, M|386\/464
|-damage|p2a: Vaporeon|328\/464|[from] Stealth Rock
|move|p1a: Gligar|Earthquake|p2a: Vaporeon
|-damage|p2a: Vaporeon|232\/464
|
|-heal|p2a: Vaporeon|261\/464|[from] item: Leftovers
|turn|20
|c|âAggron|life flash before eyes type shit
|c|âTrintirotulene|i think it lives
|c|âTrintirotulene|and roosts tho
|
|move|p1a: Gligar|U-turn|p2a: Vaporeon
|-damage|p2a: Vaporeon|222\/464
|c|âAggron|I doubt it
|c|âAggron|i dropped your eviolite
|c|âTrintirotulene|ah
|
|switch|p1a: Blastoise|Blastoise-Mega, M|357\/357
|-damage|p1a: Blastoise|313\/357|[from] Stealth Rock
|-damage|p1a: Blastoise|269\/357|[from] Spikes
|move|p2a: Vaporeon|Wish|p2a: Vaporeon
|
|-heal|p2a: Vaporeon|251\/464|[from] item: Leftovers
|turn|21
|
|move|p1a: Blastoise|Scald|p2a: Vaporeon
|-heal|p2a: Vaporeon|367\/464|[from] ability: Water Absorb|[of] p1a: Blastoise
|move|p2a: Vaporeon|Baton Pass|p2a: Vaporeon
|c|âTrintirotulene|o god lo
|c|âAggron|#styled on
|
|switch|p2a: Scrafty|Scrafty, M|61\/334 par
|-damage|p2a: Scrafty|41\/334 par|[from] Stealth Rock
|
|-heal|p2a: Scrafty|273\/334 par|[from] move: Wish|[wisher] Vaporeon
|-activate|p2a: Scrafty|ability: Shed Skin
|-curestatus|p2a: Scrafty|par
|-heal|p2a: Scrafty|293\/334|[from] item: Leftovers
|turn|22
|c|âAggron|beautiful
|
|switch|p2a: Vaporeon|Vaporeon, M|367\/464
|-damage|p2a: Vaporeon|309\/464|[from] Stealth Rock
|move|p1a: Blastoise|Rapid Spin|p2a: Vaporeon
|-damage|p2a: Vaporeon|295\/464
|-sideend|p1: Trintirotulene|Spikes|[from] move: Rapid Spin|[of] p1a: Blastoise
|-sideend|p1: Trintirotulene|Stealth Rock|[from] move: Rapid Spin|[of] p1a: Blastoise
|
|-heal|p2a: Vaporeon|324\/464|[from] item: Leftovers
|turn|23
|
|move|p1a: Blastoise|Dark Pulse|p2a: Vaporeon
|-damage|p2a: Vaporeon|144\/464
|move|p2a: Vaporeon|Wish|p2a: Vaporeon
|
|-heal|p2a: Vaporeon|173\/464|[from] item: Leftovers
|turn|24
|c|âTrintirotulene|lol
|c|âTrintirotulene|rollz
|
|switch|p1a: Whimsicott|Whimsicott, F|178\/261
|move|p2a: Vaporeon|Protect|p2a: Vaporeon
|-fail|p2a: Vaporeon
|
|-heal|p2a: Vaporeon|405\/464|[from] move: Wish|[wisher] Vaporeon
|-heal|p2a: Vaporeon|434\/464|[from] item: Leftovers
|turn|25
|
|move|p2a: Vaporeon|Protect|p2a: Vaporeon
|-singleturn|p2a: Vaporeon|Protect
|move|p1a: Whimsicott|Giga Drain|p2a: Vaporeon
|-activate|p2a: Vaporeon|Protect
|
|-heal|p2a: Vaporeon|463\/464|[from] item: Leftovers
|turn|26
|
|switch|p2a: Scrafty|Scrafty, M|293\/334
|-damage|p2a: Scrafty|273\/334|[from] Stealth Rock
|move|p1a: Whimsicott|Giga Drain|p2a: Scrafty
|-damage|p2a: Scrafty|180\/334
|-heal|p1a: Whimsicott|225\/261|[from] drain|[of] p2a: Scrafty
|
|-heal|p2a: Scrafty|200\/334|[from] item: Leftovers
|turn|27
|
|switch|p1a: Gligar|Gligar, F|244\/334
|move|p2a: Scrafty|Bulk Up|p2a: Scrafty
|-boost|p2a: Scrafty|atk|1
|-boost|p2a: Scrafty|def|1
|
|-heal|p2a: Scrafty|220\/334|[from] item: Leftovers
|turn|28
|
|move|p1a: Gligar|U-turn|p2a: Scrafty
|-damage|p2a: Scrafty|196\/334
|c|âAggron|damn
|
|switch|p1a: Whimsicott|Whimsicott, F|225\/261
|move|p2a: Scrafty|Bulk Up|p2a: Scrafty
|-boost|p2a: Scrafty|atk|1
|-boost|p2a: Scrafty|def|1
|
|-heal|p2a: Scrafty|216\/334|[from] item: Leftovers
|turn|29
|
|switch|p2a: Aggron|Aggron, M|323\/344
|-damage|p2a: Aggron|302\/344|[from] Stealth Rock
|move|p1a: Whimsicott|Moonblast|p2a: Aggron
|-resisted|p2a: Aggron
|-damage|p2a: Aggron|162\/344
|-unboost|p2a: Aggron|spa|1
|
|turn|30
|
|switch|p1a: Gligar|Gligar, F|244\/334
|move|p2a: Aggron|Earthquake|p1a: Gligar
|-immune|p1a: Gligar|[msg]
|
|turn|31
|c|âTrintirotulene|yea i was just sacing this
|
|switch|p2a: Vaporeon|Vaporeon, M|463\/464
|-damage|p2a: Vaporeon|405\/464|[from] Stealth Rock
|move|p1a: Gligar|U-turn|p2a: Vaporeon
|-damage|p2a: Vaporeon|363\/464
|
|switch|p1a: Whimsicott|Whimsicott, F|225\/261
|
|-heal|p2a: Vaporeon|392\/464|[from] item: Leftovers
|turn|32
|
|move|p2a: Vaporeon|Protect|p2a: Vaporeon
|-singleturn|p2a: Vaporeon|Protect
|move|p1a: Whimsicott|Giga Drain|p2a: Vaporeon
|-activate|p2a: Vaporeon|Protect
|
|-heal|p2a: Vaporeon|421\/464|[from] item: Leftovers
|turn|33
|
|switch|p2a: Scrafty|Scrafty, M|216\/334
|-damage|p2a: Scrafty|196\/334|[from] Stealth Rock
|move|p1a: Whimsicott|Giga Drain|p2a: Scrafty
|-damage|p2a: Scrafty|96\/334
|-heal|p1a: Whimsicott|261\/261|[from] drain|[of] p2a: Scrafty
|
|-heal|p2a: Scrafty|116\/334|[from] item: Leftovers
|turn|34
|
|move|p1a: Whimsicott|Giga Drain|p2a: Scrafty
|-damage|p2a: Scrafty|19\/334
|move|p2a: Scrafty|Rest|p2a: Scrafty
|-status|p2a: Scrafty|slp
|-heal|p2a: Scrafty|334\/334 slp|[silent]
|-status|p2a: Scrafty|slp|[from] move: Rest
|
|-activate|p2a: Scrafty|ability: Shed Skin
|-curestatus|p2a: Scrafty|slp
|turn|35
|
|switch|p1a: Gligar|Gligar, F|244\/334
|move|p2a: Scrafty|Knock Off|p1a: Gligar
|-damage|p1a: Gligar|192\/334
|
|turn|36
|
|move|p1a: Gligar|U-turn|p2a: Scrafty
|-damage|p2a: Scrafty|292\/334
|
|switch|p1a: Whimsicott|Whimsicott, F|261\/261
|move|p2a: Scrafty|Knock Off|p1a: Whimsicott
|-resisted|p1a: Whimsicott
|-damage|p1a: Whimsicott|201\/261
|-enditem|p1a: Whimsicott|Choice Specs|[from] move: Knock Off|[of] p2a: Scrafty
|
|-heal|p2a: Scrafty|312\/334|[from] item: Leftovers
|turn|37
|c|âTrintirotulene|freedom
|
|switch|p2a: Vaporeon|Vaporeon, M|421\/464
|-damage|p2a: Vaporeon|363\/464|[from] Stealth Rock
|move|p1a: Whimsicott|Moonblast|p2a: Vaporeon
|-damage|p2a: Vaporeon|227\/464
|
|-heal|p2a: Vaporeon|256\/464|[from] item: Leftovers
|turn|38
|c|âAggron|hmm
|c|âAggron|that did more then expected
|
|switch|p2a: Darmanitan|Darmanitan, M|351\/351
|-damage|p2a: Darmanitan|264\/351|[from] Stealth Rock
|move|p1a: Whimsicott|Giga Drain|p2a: Darmanitan
|-resisted|p2a: Darmanitan
|-damage|p2a: Darmanitan|185\/351
|-heal|p1a: Whimsicott|241\/261|[from] drain|[of] p2a: Darmanitan
|
|turn|39
|
|switch|p1a: Gligar|Gligar, F|192\/334
|move|p2a: Darmanitan|Flare Blitz|p1a: Gligar
|-damage|p1a: Gligar|0 fnt
|-damage|p2a: Darmanitan|122\/351|[from] recoil|[of] p1a: Gligar
|faint|p1a: Gligar
|
|
|switch|p1a: Blastoise|Blastoise-Mega, M|269\/357
|turn|40
|c|âTrintirotulene|lookin like a whims sweep
|c|âAggron|naw
|c|âAggron|i wall you now
|c|âAggron|just gotta heal up right quick
|
|switch|p2a: Nidoking|Nidoking, M|144\/303
|-damage|p2a: Nidoking|126\/303|[from] Stealth Rock
|move|p1a: Blastoise|Dark Pulse|p2a: Nidoking
|-damage|p2a: Nidoking|0 fnt
|faint|p2a: Nidoking
|
|
|switch|p2a: Vaporeon|Vaporeon, M|256\/464
|-damage|p2a: Vaporeon|198\/464|[from] Stealth Rock
|turn|41
|
|switch|p1a: Whimsicott|Whimsicott, F|241\/261
|move|p2a: Vaporeon|Protect|p2a: Vaporeon
|-fail|p2a: Vaporeon
|
|-heal|p2a: Vaporeon|227\/464|[from] item: Leftovers
|turn|42
|c|âTrintirotulene|i got another threat tho
|c|âTrintirotulene|that i have concealed
|
|switch|p2a: Scrafty|Scrafty, M|312\/334
|-damage|p2a: Scrafty|292\/334|[from] Stealth Rock
|move|p1a: Whimsicott|Giga Drain|p2a: Scrafty
|-damage|p2a: Scrafty|226\/334
|-heal|p1a: Whimsicott|261\/261|[from] drain|[of] p2a: Scrafty
|
|-heal|p2a: Scrafty|246\/334|[from] item: Leftovers
|turn|43
|
|switch|p2a: Aggron|Aggron, M|162\/344
|-damage|p2a: Aggron|141\/344|[from] Stealth Rock
|move|p1a: Whimsicott|Moonblast|p2a: Aggron
|-resisted|p2a: Aggron
|-damage|p2a: Aggron|57\/344
|
|turn|44
|
|detailschange|p2a: Aggron|Aggron-Mega, M
|-mega|p2a: Aggron|Aggron|Aggronite
|move|p1a: Whimsicott|Moonblast|p2a: Aggron
|-resisted|p2a: Aggron
|-damage|p2a: Aggron|0 fnt
|faint|p2a: Aggron
|
|c|âAggron|shit
|c|âTrintirotulene|beast mode
|
|switch|p2a: Darmanitan|Darmanitan, M|122\/351
|-damage|p2a: Darmanitan|35\/351|[from] Stealth Rock
|turn|45
|c|âAggron|really needed that wish
|c|âAggron|that did surprisingly well
|
|switch|p1a: Blastoise|Blastoise-Mega, M|269\/357
|move|p2a: Darmanitan|Flare Blitz|p1a: Blastoise
|-resisted|p1a: Blastoise
|-damage|p1a: Blastoise|149\/357
|-damage|p2a: Darmanitan|0 fnt|[from] recoil|[of] p1a: Blastoise
|faint|p2a: Darmanitan
|
|c|âAggron|should've megad earlier in hindsight
|c|âAggron|but i guess now i know too
|c|âTrintirotulene|i am just gonna
|c|âTrintirotulene|release da threat
|
|switch|p2a: Vaporeon|Vaporeon, M|227\/464
|-damage|p2a: Vaporeon|169\/464|[from] Stealth Rock
|turn|46
|
|move|p2a: Vaporeon|Protect|p2a: Vaporeon
|-singleturn|p2a: Vaporeon|Protect
|move|p1a: Blastoise|Dark Pulse|p2a: Vaporeon
|-activate|p2a: Vaporeon|Protect
|
|-heal|p2a: Vaporeon|198\/464|[from] item: Leftovers
|turn|47
|
|move|p1a: Blastoise|Dark Pulse|p2a: Vaporeon
|-damage|p2a: Vaporeon|24\/464
|cant|p2a: Vaporeon|flinch
|
|-heal|p2a: Vaporeon|53\/464|[from] item: Leftovers
|turn|48
|c|âAggron|gg
|-message|Aggron forfeited.
|c|âTrintirotulene|im spinning
|-message|Aggron forfeited.
|leave|Aggron
|c|âTrintirotulene|dam it
|
|win|Trintirotulene
|raw|Ladder updating...
|player|p2