|join|S4TW2
|join|Boikachu
|player|p1|S4TW2|131
|player|p2|Boikachu|23
|gametype|singles
|gen|6
|tier|OU
|rated
|clearpoke
|poke|p1|Ferrothorn, M
|poke|p1|Slowbro, M
|poke|p1|Garchomp, F
|poke|p1|Thundurus, M
|poke|p1|Clefable, M
|poke|p1|Tyranitar, M
|poke|p2|Forretress, F, shiny
|poke|p2|Sableye, M, shiny
|poke|p2|Arcanine, M, shiny
|poke|p2|Blissey, F
|poke|p2|Mew
|poke|p2|Clefable, F
|rule|Swagger Clause: Swagger is banned
|rule|Baton Pass Clause: Limit one PokÃ©mon knowing Baton Pass
|rule|Sleep Clause Mod: Limit one foe put to sleep
|rule|Species Clause: Limit one of each PokÃ©mon
|rule|OHKO Clause: OHKO moves are banned
|rule|Moody Clause: Moody is banned
|rule|Evasion Moves Clause: Evasion moves are banned
|rule|Endless Battle Clause: Forcing endless battles is banned
|rule|HP Percentage Mod: HP is shown in percentages
|teampreview
Boikachu made this room hidden.
|
|start
|switch|p1a: Garchomp|Garchomp, F|404\/404
|switch|p2a: Stabilized|Sableye, M, shiny|303\/303
|turn|1
|
|switch|p1a: Clefable|Clefable, M|394\/394
|detailschange|p2a: Stabilized|Sableye-Mega, M, shiny
|-mega|p2a: Stabilized|Sableye|Sablenite
|move|p2a: Stabilized|Knock Off|p1a: Clefable
|-resisted|p1a: Clefable
|-damage|p1a: Clefable|346\/394
|-enditem|p1a: Clefable|Leftovers|[from] move: Knock Off|[of] p2a: Stabilized
|
|turn|2
|
|switch|p2a: Alkaline|Arcanine, M, shiny|383\/383
|-ability|p2a: Alkaline|Intimidate|[of] p1a: Clefable
|-unboost|p1a: Clefable|atk|1
|move|p1a: Clefable|Flamethrower|p2a: Alkaline
|-resisted|p2a: Alkaline
|-damage|p2a: Alkaline|340\/383
|
|turn|3
|
|move|p2a: Alkaline|Will-O-Wisp|p1a: Clefable|[miss]
|-miss|p2a: Alkaline|p1a: Clefable
|move|p1a: Clefable|Soft-Boiled|p1a: Clefable
|-heal|p1a: Clefable|394\/394
|
|turn|4
|
|move|p2a: Alkaline|Bulldoze|p1a: Clefable
|-damage|p1a: Clefable|341\/394
|-unboost|p1a: Clefable|spe|1
|move|p1a: Clefable|Calm Mind|p1a: Clefable
|-boost|p1a: Clefable|spa|1
|-boost|p1a: Clefable|spd|1
|
|turn|5
|
|move|p2a: Alkaline|Iron Head|p1a: Clefable
|-crit|p1a: Clefable
|-supereffective|p1a: Clefable
|-damage|p1a: Clefable|96\/394
|move|p1a: Clefable|Calm Mind|p1a: Clefable
|-boost|p1a: Clefable|spa|1
|-boost|p1a: Clefable|spd|1
|
|turn|6
|
|switch|p1a: Slowbro|Slowbro, M|394\/394
|move|p2a: Alkaline|Will-O-Wisp|p1a: Slowbro|[miss]
|-miss|p2a: Alkaline|p1a: Slowbro
|
|turn|7
|
|switch|p2a: Britney|Blissey, F|651\/651
|switch|p1a: Clefable|Clefable, M|96\/394
|
|turn|8
|
|move|p1a: Clefable|Soft-Boiled|p1a: Clefable
|-heal|p1a: Clefable|293\/394
|move|p2a: Britney|Stealth Rock|p1a: Clefable
|-sidestart|p1: S4TW2|move: Stealth Rock
|
|turn|9
|
|switch|p1a: Ferrothorn|Ferrothorn, M|352\/352
|-damage|p1a: Ferrothorn|330\/352|[from] Stealth Rock
|move|p2a: Britney|Light Screen|p2a: Britney
|-sidestart|p2: Boikachu|move: Light Screen
|
|-heal|p1a: Ferrothorn|352\/352|[from] item: Leftovers
|turn|10
|
|switch|p2a: Stabilized|Sableye-Mega, M, shiny|303\/303
|move|p1a: Ferrothorn|Stealth Rock|p2a: Stabilized
|move|p2a: Stabilized|Stealth Rock|p1a: Ferrothorn|[from]Magic Bounce
|-fail|p1a: Ferrothorn
|
|turn|11
|
|switch|p1a: Clefable|Clefable, M|293\/394
|move|p2a: Stabilized|Knock Off|p1a: Clefable
|-resisted|p1a: Clefable
|-damage|p1a: Clefable|259\/394
|
|turn|12
|
|move|p1a: Clefable|Soft-Boiled|p1a: Clefable
|-heal|p1a: Clefable|394\/394
|move|p2a: Stabilized|Confuse Ray|p1a: Clefable
|-start|p1a: Clefable|confusion
|
|turn|13
|
|switch|p2a: Mute|Mew|375\/375
|-activate|p1a: Clefable|confusion
|move|p1a: Clefable|Moonblast|p2a: Mute
|-damage|p2a: Mute|338\/375
|
|-sideend|p2: Boikachu|move: Light Screen
|turn|14
|
|move|p2a: Mute|Scald|p1a: Clefable
|-damage|p1a: Clefable|307\/394
|-status|p1a: Clefable|brn
|-damage|p2a: Mute|301\/375|[from] item: Life Orb
|-activate|p1a: Clefable|confusion
|move|p1a: Clefable|Moonblast|p2a: Mute
|-damage|p2a: Mute|226\/375
|-unboost|p2a: Mute|spa|1
|
|turn|15
|
|move|p2a: Mute|Roost|p2a: Mute
|-heal|p2a: Mute|375\/375
|-activate|p1a: Clefable|confusion
|-damage|p1a: Clefable|297\/394 brn|[from] confusion
|
|turn|16
|
|switch|p2a: Alkaline|Arcanine, M, shiny|340\/383
|-ability|p2a: Alkaline|Intimidate|[of] p1a: Clefable
|-unboost|p1a: Clefable|atk|1
|-activate|p1a: Clefable|confusion
|-damage|p1a: Clefable|290\/394 brn|[from] confusion
|
|turn|17
|
|switch|p1a: Garchomp|Garchomp, F|404\/404
|-damage|p1a: Garchomp|379\/404|[from] Stealth Rock
|move|p2a: Alkaline|Will-O-Wisp|p1a: Garchomp
|-status|p1a: Garchomp|brn
|
|-heal|p1a: Garchomp|404\/404 brn|[from] item: Leftovers
|-damage|p1a: Garchomp|354\/404 brn|[from] brn
|turn|18
|
|switch|p1a: Slowbro|Slowbro, M|394\/394
|-damage|p1a: Slowbro|345\/394|[from] Stealth Rock
|switch|p2a: Stabilized|Sableye-Mega, M, shiny|303\/303
|
|turn|19
|
|switch|p1a: Clefable|Clefable, M|290\/394 brn
|switch|p2a: Mute|Mew|375\/375
|
|turn|20
|
|switch|p2a: Alkaline|Arcanine, M, shiny|340\/383
|-ability|p2a: Alkaline|Intimidate|[of] p1a: Clefable
|-unboost|p1a: Clefable|atk|1
|move|p1a: Clefable|Soft-Boiled|p1a: Clefable
|-heal|p1a: Clefable|394\/394 brn
|
|turn|21
|
|switch|p1a: Tyranitar|Tyranitar, M|341\/341
|-damage|p1a: Tyranitar|299\/341|[from] Stealth Rock
|-weather|Sandstorm
|move|p2a: Alkaline|Bulldoze|p1a: Tyranitar
|-supereffective|p1a: Tyranitar
|-damage|p1a: Tyranitar|174\/341
|-unboost|p1a: Tyranitar|spe|1
|
|-weather|Sandstorm|[upkeep]
|-damage|p2a: Alkaline|317\/383|[from] sandstorm
|turn|22
|
|move|p1a: Tyranitar|Stone Edge|p2a: Alkaline
|-supereffective|p2a: Alkaline
|-damage|p2a: Alkaline|27\/383
|move|p2a: Alkaline|Iron Head|p1a: Tyranitar
|-supereffective|p1a: Tyranitar
|-damage|p1a: Tyranitar|25\/341
|
|-weather|Sandstorm|[upkeep]
|-damage|p2a: Alkaline|4\/383|[from] sandstorm
|turn|23
|
|switch|p2a: Forests|Forretress, F, shiny|353\/353
|move|p1a: Tyranitar|Stone Edge|p2a: Forests|[miss]
|-miss|p1a: Tyranitar|p2a: Forests
|
|-weather|Sandstorm|[upkeep]
|turn|24
|
|switch|p1a: Clefable|Clefable, M|394\/394 brn
|move|p2a: Forests|Volt Switch|p1a: Clefable
|-damage|p1a: Clefable|362\/394 brn
|
|switch|p2a: Crusader|Clefable, F|391\/391
|
|-weather|Sandstorm|[upkeep]
|-damage|p2a: Crusader|367\/391|[from] sandstorm
|turn|25
|
|switch|p1a: Ferrothorn|Ferrothorn, M|352\/352
|-damage|p1a: Ferrothorn|330\/352|[from] Stealth Rock
|move|p2a: Crusader|Moonblast|p1a: Ferrothorn
|-resisted|p1a: Ferrothorn
|-damage|p1a: Ferrothorn|284\/352
|
|-weather|none
|-heal|p1a: Ferrothorn|306\/352|[from] item: Leftovers
|turn|26
|
|switch|p2a: Stabilized|Sableye-Mega, M, shiny|303\/303
|switch|p1a: Clefable|Clefable, M|362\/394 brn
|
|turn|27
|
|switch|p2a: Forests|Forretress, F, shiny|353\/353
|move|p1a: Clefable|Moonblast|p2a: Forests
|-resisted|p2a: Forests
|-damage|p2a: Forests|268\/353
|
|-heal|p2a: Forests|290\/353|[from] item: Leftovers
|turn|28
|
|switch|p2a: Britney|Blissey, F|651\/651
|move|p1a: Clefable|Flamethrower|p2a: Britney
|-crit|p2a: Britney
|-damage|p2a: Britney|578\/651
|
|turn|29
|
|move|p1a: Clefable|Calm Mind|p1a: Clefable
|-boost|p1a: Clefable|spa|1
|-boost|p1a: Clefable|spd|1
|move|p2a: Britney|Light Screen|p2a: Britney
|-sidestart|p2: Boikachu|move: Light Screen
|
|turn|30
|
|switch|p2a: Alkaline|Arcanine, M, shiny|4\/383
|-ability|p2a: Alkaline|Intimidate|[of] p1a: Clefable
|-unboost|p1a: Clefable|atk|1
|move|p1a: Clefable|Calm Mind|p1a: Clefable
|-boost|p1a: Clefable|spa|1
|-boost|p1a: Clefable|spd|1
|
|turn|31
|
|move|p2a: Alkaline|Morning Sun|p2a: Alkaline
|-heal|p2a: Alkaline|195\/383
|move|p1a: Clefable|Moonblast|p2a: Alkaline
|-resisted|p2a: Alkaline
|-damage|p2a: Alkaline|135\/383
|
|turn|32
|
|switch|p1a: Tyranitar|Tyranitar, M|25\/341
|-damage|p1a: Tyranitar|0 fnt|[from] Stealth Rock
|faint|p1a: Tyranitar
|move|p2a: Alkaline|Morning Sun|p2a: Alkaline
|-heal|p2a: Alkaline|326\/383
|
|
|switch|p1a: Thundurus|Thundurus, M|305\/305
|-damage|p1a: Thundurus|229\/305|[from] Stealth Rock
|turn|33
|
|move|p1a: Thundurus|Thunder Wave|p2a: Alkaline
|-status|p2a: Alkaline|par
|move|p2a: Alkaline|Will-O-Wisp|p1a: Thundurus
|-status|p1a: Thundurus|brn
|
|-heal|p1a: Thundurus|248\/305 brn|[from] item: Leftovers
|-damage|p1a: Thundurus|210\/305 brn|[from] brn
|-sideend|p2: Boikachu|move: Light Screen
|turn|34
|
|switch|p2a: Mute|Mew|375\/375
|move|p1a: Thundurus|Nasty Plot|p1a: Thundurus
|-boost|p1a: Thundurus|spa|2
|
|-heal|p1a: Thundurus|229\/305 brn|[from] item: Leftovers
|-damage|p1a: Thundurus|191\/305 brn|[from] brn
|turn|35
|
|switch|p2a: Crusader|Clefable, F|367\/391
|move|p1a: Thundurus|Thunderbolt|p2a: Crusader
|-damage|p2a: Crusader|220\/391
|
|-heal|p1a: Thundurus|210\/305 brn|[from] item: Leftovers
|-damage|p1a: Thundurus|172\/305 brn|[from] brn
|turn|36
|
|move|p1a: Thundurus|Thunderbolt|p2a: Crusader
|-damage|p2a: Crusader|76\/391
|move|p2a: Crusader|Moonlight|p2a: Crusader
|-heal|p2a: Crusader|271\/391
|
|-heal|p1a: Thundurus|191\/305 brn|[from] item: Leftovers
|-damage|p1a: Thundurus|153\/305 brn|[from] brn
|turn|37
|
|move|p1a: Thundurus|Thunder Wave|p2a: Crusader
|-status|p2a: Crusader|par
|cant|p2a: Crusader|par
|
|-heal|p1a: Thundurus|172\/305 brn|[from] item: Leftovers
|-damage|p1a: Thundurus|134\/305 brn|[from] brn
|turn|38
|
|move|p1a: Thundurus|Thunderbolt|p2a: Crusader
|-damage|p2a: Crusader|108\/391 par
|cant|p2a: Crusader|par
|
|-heal|p1a: Thundurus|153\/305 brn|[from] item: Leftovers
|-damage|p1a: Thundurus|115\/305 brn|[from] brn
|turn|39
|
|move|p1a: Thundurus|Thunderbolt|p2a: Crusader
|-damage|p2a: Crusader|0 fnt
|faint|p2a: Crusader
|
|-heal|p1a: Thundurus|134\/305 brn|[from] item: Leftovers
|-damage|p1a: Thundurus|96\/305 brn|[from] brn
|
|switch|p2a: Britney|Blissey, F|578\/651
|turn|40
|
|move|p1a: Thundurus|Thunderbolt|p2a: Britney
|-damage|p2a: Britney|334\/651
|move|p2a: Britney|Psychic|p1a: Thundurus
|-damage|p1a: Thundurus|4\/305 brn
|
|-heal|p1a: Thundurus|23\/305 brn|[from] item: Leftovers
|-damage|p1a: Thundurus|0 fnt|[from] brn
|faint|p1a: Thundurus
|
|switch|p1a: Clefable|Clefable, M|362\/394 brn
|turn|41
|
|switch|p2a: Mute|Mew|375\/375
|move|p1a: Clefable|Calm Mind|p1a: Clefable
|-boost|p1a: Clefable|spa|1
|-boost|p1a: Clefable|spd|1
|
|turn|42
|
|move|p2a: Mute|Calm Mind|p2a: Mute
|-boost|p2a: Mute|spa|1
|-boost|p2a: Mute|spd|1
|move|p1a: Clefable|Moonblast|p2a: Mute
|-damage|p2a: Mute|305\/375
|-unboost|p2a: Mute|spa|1
|
|turn|43
|
|move|p2a: Mute|Calm Mind|p2a: Mute
|-boost|p2a: Mute|spa|1
|-boost|p2a: Mute|spd|1
|move|p1a: Clefable|Calm Mind|p1a: Clefable
|-boost|p1a: Clefable|spa|1
|-boost|p1a: Clefable|spd|1
|
|turn|44
|
|move|p2a: Mute|Calm Mind|p2a: Mute
|-boost|p2a: Mute|spa|1
|-boost|p2a: Mute|spd|1
|move|p1a: Clefable|Calm Mind|p1a: Clefable
|-boost|p1a: Clefable|spa|1
|-boost|p1a: Clefable|spd|1
|
|turn|45
|
|move|p2a: Mute|Calm Mind|p2a: Mute
|-boost|p2a: Mute|spa|1
|-boost|p2a: Mute|spd|1
|move|p1a: Clefable|Calm Mind|p1a: Clefable
|-boost|p1a: Clefable|spa|1
|-boost|p1a: Clefable|spd|1
|
|turn|46
|
|move|p2a: Mute|Calm Mind|p2a: Mute
|-boost|p2a: Mute|spa|1
|-boost|p2a: Mute|spd|1
|move|p1a: Clefable|Calm Mind|p1a: Clefable
|-boost|p1a: Clefable|spa|1
|-boost|p1a: Clefable|spd|1
|
|turn|47
|
|move|p2a: Mute|Calm Mind|p2a: Mute
|-boost|p2a: Mute|spa|1
|-boost|p2a: Mute|spd|1
|move|p1a: Clefable|Calm Mind|p1a: Clefable
|-boost|p1a: Clefable|spa|1
|-boost|p1a: Clefable|spd|1
|
|turn|48
|
|move|p2a: Mute|Calm Mind|p2a: Mute
|-boost|p2a: Mute|spa|1
|move|p1a: Clefable|Moonblast|p2a: Mute
|-damage|p2a: Mute|233\/375
|-unboost|p2a: Mute|spa|1
|
|turn|49
|
|move|p2a: Mute|Calm Mind|p2a: Mute
|-boost|p2a: Mute|spa|1
|move|p1a: Clefable|Moonblast|p2a: Mute
|-damage|p2a: Mute|161\/375
|
|turn|50
|
|move|p2a: Mute|Roost|p2a: Mute
|-heal|p2a: Mute|349\/375
|move|p1a: Clefable|Moonblast|p2a: Mute
|-damage|p2a: Mute|277\/375
|
|turn|51
|
|move|p2a: Mute|Scald|p1a: Clefable
|-damage|p1a: Clefable|280\/394 brn
|-damage|p2a: Mute|240\/375|[from] item: Life Orb
|move|p1a: Clefable|Moonblast|p2a: Mute
|-damage|p2a: Mute|161\/375
|
|turn|52
|
|move|p2a: Mute|Roost|p2a: Mute
|-heal|p2a: Mute|349\/375
|move|p1a: Clefable|Soft-Boiled|p1a: Clefable
|-heal|p1a: Clefable|394\/394 brn
|
|turn|53
|
|move|p2a: Mute|Scald|p1a: Clefable
|-damage|p1a: Clefable|310\/394 brn
|-damage|p2a: Mute|312\/375|[from] item: Life Orb
|move|p1a: Clefable|Moonblast|p2a: Mute
|-damage|p2a: Mute|240\/375
|
|turn|54
|
|move|p2a: Mute|Scald|p1a: Clefable
|-crit|p1a: Clefable
|-damage|p1a: Clefable|0 fnt
|-damage|p2a: Mute|203\/375|[from] item: Life Orb
|faint|p1a: Clefable
|
|-message|S4TW2 forfeited.
|
|win|Boikachu
|raw|Ladder updating...
|leave|S4TW2
|player|p1
|raw|S4TW2's rating: 1621 &rarr; <strong>1595<\/strong><br \/>(-26 for losing)
|raw|Boikachu's rating: 1521 &rarr; <strong>1547<\/strong><br \/>(+26 for winning)
|raw|<div class="broadcast-red"><b>The server is restarting soon.<\/b><br \/>Please finish your battles quickly. No new battles can be started until the server resets in a few minutes.<\/div>