|join|The Phantom Tele
|join|S4TW2
|player|p1|The Phantom Tele|166
|player|p2|S4TW2|131
|gametype|singles
|gen|6
|tier|OU
|rated
|clearpoke
|poke|p1|Slowbro, F
|poke|p1|Tornadus-Therian, M
|poke|p1|Altaria, F
|poke|p1|Heatran, F
|poke|p1|Keldeo
|poke|p1|Latios, M
|poke|p2|Ferrothorn, M
|poke|p2|Slowbro, M
|poke|p2|Garchomp, F
|poke|p2|Thundurus, M
|poke|p2|Clefable, M
|poke|p2|Tyranitar, M
|rule|Swagger Clause: Swagger is banned
|rule|Baton Pass Clause: Limit one PokÃ©mon knowing Baton Pass
|rule|Sleep Clause Mod: Limit one foe put to sleep
|rule|Species Clause: Limit one of each PokÃ©mon
|rule|OHKO Clause: OHKO moves are banned
|rule|Moody Clause: Moody is banned
|rule|Evasion Moves Clause: Evasion moves are banned
|rule|Endless Battle Clause: Forcing endless battles is banned
|rule|HP Percentage Mod: HP is shown in percentages
|teampreview
|c|âS4TW2|rank
|
|start
|switch|p1a: Altaria|Altaria, F|354\/354
|switch|p2a: Garchomp|Garchomp, F|404\/404
|turn|1
|
|switch|p2a: Clefable|Clefable, M|394\/394
|detailschange|p1a: Altaria|Altaria-Mega, F
|-mega|p1a: Altaria|Altaria|Altarianite
|move|p1a: Altaria|Hyper Voice|p2a: Clefable
|-damage|p2a: Clefable|246\/394
|
|-heal|p2a: Clefable|270\/394|[from] item: Leftovers
|turn|2
|
|switch|p1a: Heatran|Heatran, F|386\/386
|switch|p2a: Garchomp|Garchomp, F|404\/404
|
|turn|3
|
|switch|p1a: Slowbro|Slowbro, F|394\/394
|move|p2a: Garchomp|Earthquake|p1a: Slowbro
|-damage|p1a: Slowbro|268\/394
|
|-heal|p1a: Slowbro|292\/394|[from] item: Leftovers
|turn|4
|
|switch|p2a: Ferrothorn|Ferrothorn, M|352\/352
|move|p1a: Slowbro|Scald|p2a: Ferrothorn
|-resisted|p2a: Ferrothorn
|-damage|p2a: Ferrothorn|316\/352
|
|-heal|p1a: Slowbro|316\/394|[from] item: Leftovers
|-heal|p2a: Ferrothorn|338\/352|[from] item: Leftovers
|turn|5
|
|switch|p1a: Heatran|Heatran, F|386\/386
|move|p2a: Ferrothorn|Stealth Rock|p1a: Heatran
|-sidestart|p1: The Phantom Tele|move: Stealth Rock
|
|-heal|p2a: Ferrothorn|352\/352|[from] item: Leftovers
|turn|6
|
|switch|p2a: Garchomp|Garchomp, F|404\/404
|move|p1a: Heatran|Stealth Rock|p2a: Garchomp
|-sidestart|p2: S4TW2|move: Stealth Rock
|
|turn|7
|
|switch|p1a: Tornadus-Therian|Tornadus-Therian, M|332\/332
|-damage|p1a: Tornadus-Therian|249\/332|[from] Stealth Rock
|move|p2a: Garchomp|Substitute|p2a: Garchomp
|-start|p2a: Garchomp|Substitute
|-damage|p2a: Garchomp|303\/404
|
|-heal|p2a: Garchomp|328\/404|[from] item: Leftovers
|turn|8
|
|move|p1a: Tornadus-Therian|U-turn|p2a: Garchomp
|-activate|p2a: Garchomp|Substitute|[damage]
|
|switch|p1a: Slowbro|Slowbro, F|394\/394
|-damage|p1a: Slowbro|345\/394|[from] Stealth Rock
|move|p2a: Garchomp|Dragon Claw|p1a: Slowbro
|-damage|p1a: Slowbro|243\/394
|
|-heal|p2a: Garchomp|353\/404|[from] item: Leftovers
|-heal|p1a: Slowbro|267\/394|[from] item: Leftovers
|turn|9
|
|move|p2a: Garchomp|Earthquake|p1a: Slowbro
|-damage|p1a: Slowbro|149\/394
|move|p1a: Slowbro|Scald|p2a: Garchomp
|-end|p2a: Garchomp|Substitute
|
|-heal|p2a: Garchomp|378\/404|[from] item: Leftovers
|-heal|p1a: Slowbro|173\/394|[from] item: Leftovers
|turn|10
|
|move|p2a: Garchomp|Swords Dance|p2a: Garchomp
|-boost|p2a: Garchomp|atk|2
|move|p1a: Slowbro|Slack Off|p1a: Slowbro
|-heal|p1a: Slowbro|370\/394
|
|-heal|p2a: Garchomp|403\/404|[from] item: Leftovers
|-heal|p1a: Slowbro|394\/394|[from] item: Leftovers
|turn|11
|
|move|p2a: Garchomp|Dragon Claw|p1a: Slowbro
|-damage|p1a: Slowbro|201\/394
|move|p1a: Slowbro|Scald|p2a: Garchomp
|-damage|p2a: Garchomp|301\/404
|
|-heal|p2a: Garchomp|326\/404|[from] item: Leftovers
|-heal|p1a: Slowbro|225\/394|[from] item: Leftovers
|turn|12
|
|switch|p1a: Latios|Latios, M|301\/301
|-damage|p1a: Latios|264\/301|[from] Stealth Rock
|move|p2a: Garchomp|Earthquake|p1a: Latios
|-immune|p1a: Latios|[msg]
|
|-heal|p2a: Garchomp|351\/404|[from] item: Leftovers
|turn|13
|
|switch|p2a: Tyranitar|Tyranitar, M|341\/341
|-damage|p2a: Tyranitar|299\/341|[from] Stealth Rock
|-weather|Sandstorm
|move|p1a: Latios|Draco Meteor|p2a: Tyranitar
|-damage|p2a: Tyranitar|112\/341
|-unboost|p1a: Latios|spa|2
|-damage|p1a: Latios|234\/301|[from] item: Life Orb
|
|-weather|Sandstorm|[upkeep]
|-damage|p1a: Latios|216\/301|[from] sandstorm
|turn|14
|
|move|p2a: Tyranitar|Pursuit|p1a: Latios
|-supereffective|p1a: Latios
|-damage|p1a: Latios|52\/301
|move|p1a: Latios|Draco Meteor|p2a: Tyranitar
|-damage|p2a: Tyranitar|5\/341
|-unboost|p1a: Latios|spa|2
|-damage|p1a: Latios|22\/301|[from] item: Life Orb
|
|-weather|Sandstorm|[upkeep]
|-damage|p1a: Latios|4\/301|[from] sandstorm
|turn|15
|
|move|p2a: Tyranitar|Pursuit|p1a: Latios
|-supereffective|p1a: Latios
|-damage|p1a: Latios|0 fnt
|faint|p1a: Latios
|
|-weather|Sandstorm|[upkeep]
|
|switch|p1a: Keldeo|Keldeo|323\/323
|-damage|p1a: Keldeo|303\/323|[from] Stealth Rock
|turn|16
|
|switch|p2a: Slowbro|Slowbro, M|394\/394
|-damage|p2a: Slowbro|345\/394|[from] Stealth Rock
|move|p1a: Keldeo|Calm Mind|p1a: Keldeo
|-boost|p1a: Keldeo|spa|1
|-boost|p1a: Keldeo|spd|1
|
|-weather|Sandstorm|[upkeep]
|-damage|p1a: Keldeo|283\/323|[from] sandstorm
|-damage|p2a: Slowbro|321\/394|[from] sandstorm
|-heal|p1a: Keldeo|303\/323|[from] item: Leftovers
|turn|17
|
|move|p1a: Keldeo|Substitute|p1a: Keldeo
|-start|p1a: Keldeo|Substitute
|-damage|p1a: Keldeo|223\/323
|move|p2a: Slowbro|Scald|p1a: Keldeo
|-resisted|p1a: Keldeo
|-activate|p1a: Keldeo|Substitute|[damage]
|
|-weather|none
|-heal|p1a: Keldeo|243\/323|[from] item: Leftovers
|turn|18
|
|move|p1a: Keldeo|Scald|p2a: Slowbro
|-resisted|p2a: Slowbro
|-damage|p2a: Slowbro|228\/394
|move|p2a: Slowbro|Psyshock|p1a: Keldeo
|-supereffective|p1a: Keldeo
|-end|p1a: Keldeo|Substitute
|
|-heal|p1a: Keldeo|263\/323|[from] item: Leftovers
|turn|19
|
|move|p1a: Keldeo|Scald|p2a: Slowbro
|-resisted|p2a: Slowbro
|-damage|p2a: Slowbro|128\/394
|move|p2a: Slowbro|Slack Off|p2a: Slowbro
|-heal|p2a: Slowbro|325\/394
|
|-heal|p1a: Keldeo|283\/323|[from] item: Leftovers
|turn|20
|
|switch|p1a: Slowbro|Slowbro, F|356\/394
|-damage|p1a: Slowbro|307\/394|[from] Stealth Rock
|move|p2a: Slowbro|Psyshock|p1a: Slowbro
|-resisted|p1a: Slowbro
|-damage|p1a: Slowbro|277\/394
|
|-heal|p1a: Slowbro|301\/394|[from] item: Leftovers
|turn|21
|
|switch|p2a: Ferrothorn|Ferrothorn, M|352\/352
|-damage|p2a: Ferrothorn|330\/352|[from] Stealth Rock
|move|p1a: Slowbro|Scald|p2a: Ferrothorn
|-resisted|p2a: Ferrothorn
|-damage|p2a: Ferrothorn|293\/352
|-status|p2a: Ferrothorn|brn
|
|-heal|p1a: Slowbro|325\/394|[from] item: Leftovers
|-heal|p2a: Ferrothorn|315\/352 brn|[from] item: Leftovers
|-damage|p2a: Ferrothorn|271\/352 brn|[from] brn
|turn|22
|
|switch|p1a: Heatran|Heatran, F|386\/386
|-damage|p1a: Heatran|338\/386|[from] Stealth Rock
|move|p2a: Ferrothorn|Leech Seed|p1a: Heatran
|-start|p1a: Heatran|move: Leech Seed
|
|-heal|p1a: Heatran|362\/386|[from] item: Leftovers
|-heal|p2a: Ferrothorn|293\/352 brn|[from] item: Leftovers
|-damage|p1a: Heatran|314\/386|[from] Leech Seed|[of] p2a: Ferrothorn
|-heal|p2a: Ferrothorn|341\/352 brn|[silent]
|-damage|p2a: Ferrothorn|297\/352 brn|[from] brn
|turn|23
|raw|<div class="broadcast-blue"><b>As of now, the following aliases have been added for the VGC \/ Battle Spot Doubles format: vgc, vgc2015, bsdubs. This means you can create a tournament of them with \/tour create vgc<\/b><\/div>
|
|switch|p1a: Slowbro|Slowbro, F|394\/394
|-damage|p1a: Slowbro|345\/394|[from] Stealth Rock
|move|p2a: Ferrothorn|Protect|p2a: Ferrothorn
|-fail|p2a: Ferrothorn
|
|-heal|p1a: Slowbro|369\/394|[from] item: Leftovers
|-heal|p2a: Ferrothorn|319\/352 brn|[from] item: Leftovers
|-damage|p2a: Ferrothorn|275\/352 brn|[from] brn
|turn|24
|
|move|p1a: Slowbro|Scald|p2a: Ferrothorn
|-resisted|p2a: Ferrothorn
|-damage|p2a: Ferrothorn|239\/352 brn
|move|p2a: Ferrothorn|Leech Seed|p1a: Slowbro
|-start|p1a: Slowbro|move: Leech Seed
|
|-heal|p1a: Slowbro|393\/394|[from] item: Leftovers
|-heal|p2a: Ferrothorn|261\/352 brn|[from] item: Leftovers
|-damage|p1a: Slowbro|344\/394|[from] Leech Seed|[of] p2a: Ferrothorn
|-heal|p2a: Ferrothorn|310\/352 brn|[silent]
|-damage|p2a: Ferrothorn|266\/352 brn|[from] brn
|turn|25
|
|move|p1a: Slowbro|Scald|p2a: Ferrothorn
|-crit|p2a: Ferrothorn
|-resisted|p2a: Ferrothorn
|-damage|p2a: Ferrothorn|215\/352 brn
|move|p2a: Ferrothorn|Leech Seed|p1a: Slowbro
|-fail|p1a: Slowbro
|
|-heal|p1a: Slowbro|368\/394|[from] item: Leftovers
|-heal|p2a: Ferrothorn|237\/352 brn|[from] item: Leftovers
|-damage|p1a: Slowbro|319\/394|[from] Leech Seed|[of] p2a: Ferrothorn
|-heal|p2a: Ferrothorn|286\/352 brn|[silent]
|-damage|p2a: Ferrothorn|242\/352 brn|[from] brn
|turn|26
|
|switch|p1a: Tornadus-Therian|Tornadus-Therian, M|332\/332
|-damage|p1a: Tornadus-Therian|249\/332|[from] Stealth Rock
|move|p2a: Ferrothorn|Protect|p2a: Ferrothorn
|-fail|p2a: Ferrothorn
|
|-heal|p2a: Ferrothorn|264\/352 brn|[from] item: Leftovers
|-damage|p2a: Ferrothorn|220\/352 brn|[from] brn
|turn|27
|
|switch|p2a: Tyranitar|Tyranitar, M|5\/341
|-damage|p2a: Tyranitar|0 fnt|[from] Stealth Rock
|faint|p2a: Tyranitar
|move|p1a: Tornadus-Therian|Knock Off|p2: Tyranitar|[notarget]
|-notarget
|
|
|switch|p2a: Thundurus|Thundurus, M|305\/305
|-damage|p2a: Thundurus|229\/305|[from] Stealth Rock
|turn|28
|
|move|p2a: Thundurus|Thunder Wave|p1a: Tornadus-Therian
|-status|p1a: Tornadus-Therian|par
|move|p1a: Tornadus-Therian|Knock Off|p2a: Thundurus
|-damage|p2a: Thundurus|138\/305
|-enditem|p2a: Thundurus|Leftovers|[from] move: Knock Off|[of] p1a: Tornadus-Therian
|
|turn|29
|
|move|p2a: Thundurus|Thunderbolt|p1a: Tornadus-Therian
|-crit|p1a: Tornadus-Therian
|-supereffective|p1a: Tornadus-Therian
|-damage|p1a: Tornadus-Therian|0 fnt
|faint|p1a: Tornadus-Therian
|
|
|switch|p1a: Altaria|Altaria-Mega, F|354\/354
|-damage|p1a: Altaria|310\/354|[from] Stealth Rock
|turn|30
|c|âS4TW2|has telegend returned?
|c|âS4TW2|]:
|
|switch|p2a: Ferrothorn|Ferrothorn, M|220\/352 brn
|-damage|p2a: Ferrothorn|198\/352 brn|[from] Stealth Rock
|move|p1a: Altaria|Hyper Voice|p2a: Ferrothorn
|-resisted|p2a: Ferrothorn
|-damage|p2a: Ferrothorn|133\/352 brn
|
|-heal|p2a: Ferrothorn|155\/352 brn|[from] item: Leftovers
|-damage|p2a: Ferrothorn|111\/352 brn|[from] brn
|turn|31
|
|move|p1a: Altaria|Heal Bell|p1a: Altaria
|-cureteam|p1a: Altaria|[from] move: HealBell
|move|p2a: Ferrothorn|Leech Seed|p1a: Altaria
|-start|p1a: Altaria|move: Leech Seed
|
|-heal|p2a: Ferrothorn|133\/352 brn|[from] item: Leftovers
|-damage|p1a: Altaria|266\/354|[from] Leech Seed|[of] p2a: Ferrothorn
|-heal|p2a: Ferrothorn|177\/352 brn|[silent]
|-damage|p2a: Ferrothorn|133\/352 brn|[from] brn
|turn|32
|c|âS4TW2|was anything statused on your team
|
|switch|p1a: Heatran|Heatran, F|314\/386
|-damage|p1a: Heatran|266\/386|[from] Stealth Rock
|move|p2a: Ferrothorn|Leech Seed|p1a: Heatran
|-start|p1a: Heatran|move: Leech Seed
|
|-heal|p1a: Heatran|290\/386|[from] item: Leftovers
|-heal|p2a: Ferrothorn|155\/352 brn|[from] item: Leftovers
|-damage|p1a: Heatran|242\/386|[from] Leech Seed|[of] p2a: Ferrothorn
|-heal|p2a: Ferrothorn|203\/352 brn|[silent]
|-damage|p2a: Ferrothorn|159\/352 brn|[from] brn
|turn|33
|
|switch|p1a: Slowbro|Slowbro, F|394\/394
|-damage|p1a: Slowbro|345\/394|[from] Stealth Rock
|move|p2a: Ferrothorn|Protect|p2a: Ferrothorn
|-fail|p2a: Ferrothorn
|
|-heal|p1a: Slowbro|369\/394|[from] item: Leftovers
|-heal|p2a: Ferrothorn|181\/352 brn|[from] item: Leftovers
|-damage|p2a: Ferrothorn|137\/352 brn|[from] brn
|turn|34
|
|move|p1a: Slowbro|Scald|p2a: Ferrothorn
|-resisted|p2a: Ferrothorn
|-damage|p2a: Ferrothorn|101\/352 brn
|move|p2a: Ferrothorn|Leech Seed|p1a: Slowbro
|-start|p1a: Slowbro|move: Leech Seed
|
|-heal|p1a: Slowbro|393\/394|[from] item: Leftovers
|-heal|p2a: Ferrothorn|123\/352 brn|[from] item: Leftovers
|-damage|p1a: Slowbro|344\/394|[from] Leech Seed|[of] p2a: Ferrothorn
|-heal|p2a: Ferrothorn|172\/352 brn|[silent]
|-damage|p2a: Ferrothorn|128\/352 brn|[from] brn
|turn|35
|
|switch|p1a: Altaria|Altaria-Mega, F|266\/354
|-damage|p1a: Altaria|222\/354|[from] Stealth Rock
|move|p2a: Ferrothorn|Protect|p2a: Ferrothorn
|-fail|p2a: Ferrothorn
|
|-heal|p2a: Ferrothorn|150\/352 brn|[from] item: Leftovers
|-damage|p2a: Ferrothorn|106\/352 brn|[from] brn
|turn|36
|
|move|p1a: Altaria|Roost|p1a: Altaria
|-heal|p1a: Altaria|354\/354
|move|p2a: Ferrothorn|Leech Seed|p1a: Altaria
|-start|p1a: Altaria|move: Leech Seed
|
|-heal|p2a: Ferrothorn|128\/352 brn|[from] item: Leftovers
|-damage|p1a: Altaria|310\/354|[from] Leech Seed|[of] p2a: Ferrothorn
|-heal|p2a: Ferrothorn|172\/352 brn|[silent]
|-damage|p2a: Ferrothorn|128\/352 brn|[from] brn
|turn|37
|
|switch|p1a: Slowbro|Slowbro, F|394\/394
|-damage|p1a: Slowbro|345\/394|[from] Stealth Rock
|move|p2a: Ferrothorn|Leech Seed|p1a: Slowbro
|-start|p1a: Slowbro|move: Leech Seed
|
|-heal|p1a: Slowbro|369\/394|[from] item: Leftovers
|-heal|p2a: Ferrothorn|150\/352 brn|[from] item: Leftovers
|-damage|p1a: Slowbro|320\/394|[from] Leech Seed|[of] p2a: Ferrothorn
|-heal|p2a: Ferrothorn|199\/352 brn|[silent]
|-damage|p2a: Ferrothorn|155\/352 brn|[from] brn
|turn|38
|
|move|p2a: Ferrothorn|Protect|p2a: Ferrothorn
|-singleturn|p2a: Ferrothorn|Protect
|move|p1a: Slowbro|Scald|p2a: Ferrothorn
|-activate|p2a: Ferrothorn|Protect
|
|-heal|p1a: Slowbro|344\/394|[from] item: Leftovers
|-heal|p2a: Ferrothorn|177\/352 brn|[from] item: Leftovers
|-damage|p1a: Slowbro|295\/394|[from] Leech Seed|[of] p2a: Ferrothorn
|-heal|p2a: Ferrothorn|226\/352 brn|[silent]
|-damage|p2a: Ferrothorn|182\/352 brn|[from] brn
|turn|39
|
|switch|p2a: Clefable|Clefable, M|270\/394
|move|p1a: Slowbro|Scald|p2a: Clefable
|-damage|p2a: Clefable|177\/394
|
|-heal|p2a: Clefable|201\/394|[from] item: Leftovers
|-heal|p1a: Slowbro|319\/394|[from] item: Leftovers
|-damage|p1a: Slowbro|270\/394|[from] Leech Seed|[of] p2a: Clefable
|-heal|p2a: Clefable|250\/394|[silent]
|turn|40
|
|move|p2a: Clefable|Soft-Boiled|p2a: Clefable
|-heal|p2a: Clefable|394\/394
|move|p1a: Slowbro|Thunder Wave|p2a: Clefable
|-status|p2a: Clefable|par
|
|-heal|p1a: Slowbro|294\/394|[from] item: Leftovers
|-damage|p1a: Slowbro|245\/394|[from] Leech Seed|[of] p2a: Clefable
|turn|41
|
|switch|p1a: Heatran|Heatran, F|242\/386
|-damage|p1a: Heatran|194\/386|[from] Stealth Rock
|switch|p2a: Garchomp|Garchomp, F|351\/404
|-damage|p2a: Garchomp|326\/404|[from] Stealth Rock
|
|-heal|p2a: Garchomp|351\/404|[from] item: Leftovers
|-heal|p1a: Heatran|218\/386|[from] item: Leftovers
|turn|42
|
|switch|p1a: Slowbro|Slowbro, F|376\/394
|-damage|p1a: Slowbro|327\/394|[from] Stealth Rock
|move|p2a: Garchomp|Swords Dance|p2a: Garchomp
|-boost|p2a: Garchomp|atk|2
|
|-heal|p2a: Garchomp|376\/404|[from] item: Leftovers
|-heal|p1a: Slowbro|351\/394|[from] item: Leftovers
|turn|43
|
|move|p2a: Garchomp|Earthquake|p1a: Slowbro
|-damage|p1a: Slowbro|131\/394
|move|p1a: Slowbro|Scald|p2a: Garchomp
|-damage|p2a: Garchomp|259\/404
|
|-heal|p2a: Garchomp|284\/404|[from] item: Leftovers
|-heal|p1a: Slowbro|155\/394|[from] item: Leftovers
|turn|44
|
|switch|p1a: Keldeo|Keldeo|283\/323
|-damage|p1a: Keldeo|263\/323|[from] Stealth Rock
|move|p2a: Garchomp|Earthquake|p1a: Keldeo
|-crit|p1a: Keldeo
|-damage|p1a: Keldeo|0 fnt
|faint|p1a: Keldeo
|
|-heal|p2a: Garchomp|309\/404|[from] item: Leftovers
|
|switch|p1a: Altaria|Altaria-Mega, F|310\/354
|-damage|p1a: Altaria|266\/354|[from] Stealth Rock
|turn|45
|
|move|p2a: Garchomp|Earthquake|p1a: Altaria
|-damage|p1a: Altaria|0 fnt
|faint|p1a: Altaria
|
|-heal|p2a: Garchomp|334\/404|[from] item: Leftovers
|-message|The Phantom Tele forfeited.
|
|win|S4TW2
|raw|Ladder updating...
|raw|The Phantom Tele's rating: 1664 &rarr; <strong>1641<\/strong><br \/>(-23 for losing)
|raw|S4TW2's rating: 1610 &rarr; <strong>1633<\/strong><br \/>(+23 for winning)