|join|khalB
|join|Baktash
|player|p1|khalB|264
|player|p2|Baktash|293
|gametype|singles
|gen|6
|tier|ORAS OU
|rated
|rule|Sleep Clause Mod: Limit one foe put to sleep
|rule|Species Clause: Limit one of each PokÃ©mon
|rule|OHKO Clause: OHKO moves are banned
|rule|Moody Clause: Moody is banned
|rule|Evasion Moves Clause: Evasion moves are banned
|rule|Endless Battle Clause: Forcing endless battles is banned
|rule|HP Percentage Mod: HP is shown in percentages
|clearpoke
|poke|p1|Tyranitar, F
|poke|p1|Magnezone
|poke|p1|Landorus-Therian, M
|poke|p1|Sceptile, M
|poke|p1|Starmie
|poke|p1|Tornadus-Therian, M
|poke|p2|Lopunny, M
|poke|p2|Victini
|poke|p2|Latias, F
|poke|p2|Rotom-Wash
|poke|p2|Blissey, F
|poke|p2|Mamoswine, F
|rule|Swagger Clause: Swagger is banned
|rule|Baton Pass Clause: Limit one PokÃ©mon knowing Baton Pass
|teampreview
|
|start
|switch|p1a: Magnezone|Magnezone|344\/344
|switch|p2a: Lopunny|Lopunny, M|272\/272
|turn|1
|
|switch|p1a: Landorus-Therian|Landorus-Therian, M|382\/382
|-ability|p1a: Landorus-Therian|Intimidate|[of] p2a: Lopunny
|-unboost|p2a: Lopunny|atk|1
|detailschange|p2a: Lopunny|Lopunny-Mega, M
|message|Lopunny has Mega Evolved into Mega Lopunny!
|move|p2a: Lopunny|Fake Out|p1a: Landorus-Therian
|-damage|p1a: Landorus-Therian|340\/382
|
|-heal|p1a: Landorus-Therian|363\/382|[from] item: Leftovers
|turn|2
|
|switch|p2a: Rotom-Wash|Rotom-Wash|303\/303
|switch|p1a: Magnezone|Magnezone|344\/344
|
|turn|3
|
|move|p2a: Rotom-Wash|Volt Switch|p1a: Magnezone
|-resisted|p1a: Magnezone
|-damage|p1a: Magnezone|299\/344
|
|switch|p2a: Latias|Latias, F|319\/319
|move|p1a: Magnezone|Volt Switch|p2a: Latias
|-resisted|p2a: Latias
|-damage|p2a: Latias|210\/319
|
|switch|p1a: Tornadus-Therian|Tornadus-Therian, M|324\/324
|
|turn|4
|
|switch|p2a: Rotom-Wash|Rotom-Wash|303\/303
|move|p1a: Tornadus-Therian|Knock Off|p2a: Rotom-Wash
|-damage|p2a: Rotom-Wash|251\/303
|-enditem|p2a: Rotom-Wash|Leftovers|[from] move: Knock Off|[of] p1a: Tornadus-Therian
|
|turn|5
|
|move|p1a: Tornadus-Therian|U-turn|p2a: Rotom-Wash
|-damage|p2a: Rotom-Wash|215\/303
|
|switch|p1a: Sceptile|Sceptile, M|282\/282
|move|p2a: Rotom-Wash|Will-O-Wisp|p1a: Sceptile
|-status|p1a: Sceptile|brn
|
|-damage|p1a: Sceptile|247\/282 brn|[from] brn
|turn|6
|
|switch|p1a: Tyranitar|Tyranitar, F|385\/385
|-weather|Sandstorm
|switch|p2a: Blissey|Blissey, F|714\/714
|
|-weather|Sandstorm|[upkeep]
|-damage|p2a: Blissey|670\/714|[from] sandstorm
|-heal|p2a: Blissey|714\/714|[from] item: Leftovers
|turn|7
|
|switch|p2a: Rotom-Wash|Rotom-Wash|215\/303
|move|p1a: Tyranitar|Crunch|p2a: Rotom-Wash
|-damage|p2a: Rotom-Wash|103\/303
|
|-weather|Sandstorm|[upkeep]
|-damage|p2a: Rotom-Wash|85\/303|[from] sandstorm
|turn|8
|
|switch|p1a: Sceptile|Sceptile, M|247\/282 brn
|move|p2a: Rotom-Wash|Pain Split|p1a: Sceptile
|-sethp|p1a: Sceptile|166\/282 brn|p2a: Rotom-Wash|166\/303|[from] move: Pain Split
|
|-weather|Sandstorm|[upkeep]
|-damage|p1a: Sceptile|149\/282 brn|[from] sandstorm
|-damage|p2a: Rotom-Wash|148\/303|[from] sandstorm
|-damage|p1a: Sceptile|114\/282 brn|[from] brn
|turn|9
|
|switch|p2a: Blissey|Blissey, F|714\/714
|detailschange|p1a: Sceptile|Sceptile-Mega, M
|message|Sceptile has Mega Evolved into Mega Sceptile!
|move|p1a: Sceptile|Giga Drain|p2a: Blissey
|-damage|p2a: Blissey|606\/714
|-heal|p1a: Sceptile|168\/282 brn|[from] drain|[of] p2a: Blissey
|
|-weather|Sandstorm|[upkeep]
|-damage|p1a: Sceptile|151\/282 brn|[from] sandstorm
|-damage|p2a: Blissey|562\/714|[from] sandstorm
|-heal|p2a: Blissey|606\/714|[from] item: Leftovers
|-damage|p1a: Sceptile|116\/282 brn|[from] brn
|turn|10
|
|switch|p1a: Landorus-Therian|Landorus-Therian, M|363\/382
|-ability|p1a: Landorus-Therian|Intimidate|[of] p2a: Blissey
|-unboost|p2a: Blissey|atk|1
|move|p2a: Blissey|Seismic Toss|p1a: Landorus-Therian
|-damage|p1a: Landorus-Therian|263\/382
|
|-weather|none
|-heal|p1a: Landorus-Therian|286\/382|[from] item: Leftovers
|-heal|p2a: Blissey|650\/714|[from] item: Leftovers
|turn|11
|
|switch|p2a: Rotom-Wash|Rotom-Wash|148\/303
|move|p1a: Landorus-Therian|Stealth Rock|p2a: Rotom-Wash
|-sidestart|p2: Baktash|move: Stealth Rock
|
|-heal|p1a: Landorus-Therian|309\/382|[from] item: Leftovers
|turn|12
|
|switch|p1a: Sceptile|Sceptile-Mega, M|116\/282 brn
|move|p2a: Rotom-Wash|Pain Split|p1a: Sceptile
|-sethp|p1a: Sceptile|132\/282 brn|p2a: Rotom-Wash|132\/303|[from] move: Pain Split
|
|-damage|p1a: Sceptile|97\/282 brn|[from] brn
|turn|13
|
|switch|p2a: Blissey|Blissey, F|650\/714
|-damage|p2a: Blissey|561\/714|[from] Stealth Rock
|move|p1a: Sceptile|Giga Drain|p2a: Blissey
|-damage|p2a: Blissey|458\/714
|-heal|p1a: Sceptile|149\/282 brn|[from] drain|[of] p2a: Blissey
|
|-heal|p2a: Blissey|502\/714|[from] item: Leftovers
|-damage|p1a: Sceptile|114\/282 brn|[from] brn
|turn|14
|
|switch|p1a: Tornadus-Therian|Tornadus-Therian, M|324\/324
|move|p2a: Blissey|Seismic Toss|p1a: Tornadus-Therian
|-damage|p1a: Tornadus-Therian|224\/324
|
|-heal|p2a: Blissey|546\/714|[from] item: Leftovers
|turn|15
|
|switch|p2a: Lopunny|Lopunny-Mega, M|272\/272
|-damage|p2a: Lopunny|255\/272|[from] Stealth Rock
|move|p1a: Tornadus-Therian|Knock Off|p2a: Lopunny
|-resisted|p2a: Lopunny
|-damage|p2a: Lopunny|230\/272
|
|turn|16
|
|move|p2a: Lopunny|Fake Out|p1a: Tornadus-Therian
|-damage|p1a: Tornadus-Therian|119\/324
|cant|p1a: Tornadus-Therian|flinch
|
|turn|17
|
|switch|p1a: Landorus-Therian|Landorus-Therian, M|309\/382
|-ability|p1a: Landorus-Therian|Intimidate|[of] p2a: Lopunny
|-unboost|p2a: Lopunny|atk|1
|move|p2a: Lopunny|Return|p1a: Landorus-Therian
|-damage|p1a: Landorus-Therian|207\/382
|
|-heal|p1a: Landorus-Therian|230\/382|[from] item: Leftovers
|turn|18
|
|switch|p2a: Rotom-Wash|Rotom-Wash|132\/303
|-damage|p2a: Rotom-Wash|95\/303|[from] Stealth Rock
|move|p1a: Landorus-Therian|U-turn|p2a: Rotom-Wash
|-damage|p2a: Rotom-Wash|41\/303
|
|switch|p1a: Tornadus-Therian|Tornadus-Therian, M|227\/324
|
|turn|19
|
|move|p1a: Tornadus-Therian|Superpower|p2a: Rotom-Wash
|-damage|p2a: Rotom-Wash|0 fnt
|-unboost|p1a: Tornadus-Therian|atk|1
|-unboost|p1a: Tornadus-Therian|def|1
|faint|p2a: Rotom-Wash
|
|
|switch|p2a: Mamoswine|Mamoswine, F|361\/361
|-damage|p2a: Mamoswine|316\/361|[from] Stealth Rock
|turn|20
|
|switch|p1a: Starmie|Starmie|303\/303
|move|p2a: Mamoswine|Ice Shard|p1a: Starmie
|-resisted|p1a: Starmie
|-damage|p1a: Starmie|247\/303
|-damage|p2a: Mamoswine|280\/361|[from] item: Life Orb
|
|-heal|p1a: Starmie|265\/303|[from] item: Leftovers
|turn|21
|
|switch|p1a: Tornadus-Therian|Tornadus-Therian, M|324\/324
|switch|p2a: Blissey|Blissey, F|546\/714
|-damage|p2a: Blissey|457\/714|[from] Stealth Rock
|
|-heal|p2a: Blissey|501\/714|[from] item: Leftovers
|turn|22
|
|move|p1a: Tornadus-Therian|Superpower|p2a: Blissey
|-supereffective|p2a: Blissey
|-damage|p2a: Blissey|157\/714
|-unboost|p1a: Tornadus-Therian|atk|1
|-unboost|p1a: Tornadus-Therian|def|1
|move|p2a: Blissey|Seismic Toss|p1a: Tornadus-Therian
|-damage|p1a: Tornadus-Therian|224\/324
|
|-heal|p2a: Blissey|201\/714|[from] item: Leftovers
|turn|23
|
|switch|p2a: Latias|Latias, F|210\/319
|-damage|p2a: Latias|171\/319|[from] Stealth Rock
|move|p1a: Tornadus-Therian|Superpower|p2a: Latias
|-crit|p2a: Latias
|-resisted|p2a: Latias
|-damage|p2a: Latias|99\/319
|-unboost|p1a: Tornadus-Therian|atk|1
|-unboost|p1a: Tornadus-Therian|def|1
|
|turn|24
|
|move|p1a: Tornadus-Therian|U-turn|p2a: Latias
|-supereffective|p2a: Latias
|-damage|p2a: Latias|39\/319
|
|switch|p1a: Tyranitar|Tyranitar, F|385\/385
|-weather|Sandstorm
|move|p2a: Latias|Defog|p1a: Tyranitar
|-unboost|p1a: Tyranitar|evasion|1
|-sideend|p2: Baktash|Stealth Rock|[from] move: Defog|[of] p2a: Latias
|
|-weather|Sandstorm|[upkeep]
|-damage|p2a: Latias|20\/319|[from] sandstorm
|turn|25
|
|move|p2a: Latias|Draco Meteor|p1a: Tyranitar
|-damage|p1a: Tyranitar|286\/385
|-unboost|p2a: Latias|spa|2
|-damage|p2a: Latias|0 fnt|[from] item: Life Orb
|faint|p2a: Latias
|move|p1a: Tyranitar|Pursuit|p2: Latias|[notarget]
|-notarget
|
|-weather|Sandstorm|[upkeep]
|
|switch|p2a: Lopunny|Lopunny-Mega, M|230\/272
|turn|26
|
|switch|p1a: Landorus-Therian|Landorus-Therian, M|230\/382
|-ability|p1a: Landorus-Therian|Intimidate|[of] p2a: Lopunny
|-unboost|p2a: Lopunny|atk|1
|move|p2a: Lopunny|High Jump Kick|p1a: Landorus-Therian
|-crit|p1a: Landorus-Therian
|-resisted|p1a: Landorus-Therian
|-damage|p1a: Landorus-Therian|86\/382
|
|-weather|Sandstorm|[upkeep]
|-damage|p2a: Lopunny|213\/272|[from] sandstorm
|-heal|p1a: Landorus-Therian|109\/382|[from] item: Leftovers
|turn|27
|
|switch|p1a: Tornadus-Therian|Tornadus-Therian, M|324\/324
|move|p2a: Lopunny|Ice Punch|p1a: Tornadus-Therian
|-supereffective|p1a: Tornadus-Therian
|-damage|p1a: Tornadus-Therian|152\/324
|
|-weather|Sandstorm|[upkeep]
|-damage|p2a: Lopunny|196\/272|[from] sandstorm
|-damage|p1a: Tornadus-Therian|132\/324|[from] sandstorm
|turn|28
|
|switch|p1a: Landorus-Therian|Landorus-Therian, M|109\/382
|-ability|p1a: Landorus-Therian|Intimidate|[of] p2a: Lopunny
|-unboost|p2a: Lopunny|atk|1
|move|p2a: Lopunny|Ice Punch|p1a: Landorus-Therian
|-supereffective|p1a: Landorus-Therian
|-damage|p1a: Landorus-Therian|0 fnt
|faint|p1a: Landorus-Therian
|
|-weather|none
|
|switch|p1a: Sceptile|Sceptile-Mega, M|114\/282 brn
|turn|29
|
|switch|p2a: Blissey|Blissey, F|201\/714
|move|p1a: Sceptile|Giga Drain|p2a: Blissey
|-damage|p2a: Blissey|96\/714
|-heal|p1a: Sceptile|167\/282 brn|[from] drain|[of] p2a: Blissey
|
|-heal|p2a: Blissey|140\/714|[from] item: Leftovers
|-damage|p1a: Sceptile|132\/282 brn|[from] brn
|turn|30
|
|move|p1a: Sceptile|Dragon Pulse|p2a: Blissey
|-damage|p2a: Blissey|23\/714
|move|p2a: Blissey|Soft-Boiled|p2a: Blissey
|-heal|p2a: Blissey|380\/714
|
|-heal|p2a: Blissey|424\/714|[from] item: Leftovers
|-damage|p1a: Sceptile|97\/282 brn|[from] brn
|turn|31
|
|switch|p1a: Tornadus-Therian|Tornadus-Therian, M|240\/324
|move|p2a: Blissey|Soft-Boiled|p2a: Blissey
|-heal|p2a: Blissey|714\/714
|
|turn|32
|
|switch|p2a: Victini|Victini|341\/341
|move|p1a: Tornadus-Therian|Knock Off|p2a: Victini
|-supereffective|p2a: Victini
|-damage|p2a: Victini|173\/341
|-enditem|p2a: Victini|Expert Belt|[from] move: Knock Off|[of] p1a: Tornadus-Therian
|
|turn|33
|
|switch|p1a: Tyranitar|Tyranitar, F|286\/385
|-weather|Sandstorm
|move|p2a: Victini|Glaciate|p1a: Tyranitar
|-damage|p1a: Tyranitar|265\/385
|-unboost|p1a: Tyranitar|spe|1
|
|-weather|Sandstorm|[upkeep]
|-damage|p2a: Victini|152\/341|[from] sandstorm
|turn|34
|
|move|p2a: Victini|Grass Knot|p1a: Tyranitar
|-supereffective|p1a: Tyranitar
|-damage|p1a: Tyranitar|183\/385
|move|p1a: Tyranitar|Pursuit|p2a: Victini
|-supereffective|p2a: Victini
|-damage|p2a: Victini|2\/341
|
|-weather|Sandstorm|[upkeep]
|-damage|p2a: Victini|0 fnt|[from] sandstorm
|faint|p2a: Victini
|
|switch|p2a: Mamoswine|Mamoswine, F|280\/361
|turn|35
|
|move|p2a: Mamoswine|Earthquake|p1a: Tyranitar
|-supereffective|p1a: Tyranitar
|-damage|p1a: Tyranitar|0 fnt
|-damage|p2a: Mamoswine|244\/361|[from] item: Life Orb
|faint|p1a: Tyranitar
|
|-weather|Sandstorm|[upkeep]
|
|switch|p1a: Tornadus-Therian|Tornadus-Therian, M|324\/324
|turn|36
|
|move|p2a: Mamoswine|Ice Shard|p1a: Tornadus-Therian
|-supereffective|p1a: Tornadus-Therian
|-damage|p1a: Tornadus-Therian|64\/324
|-damage|p2a: Mamoswine|208\/361|[from] item: Life Orb
|move|p1a: Tornadus-Therian|Air Slash|p2a: Mamoswine
|-damage|p2a: Mamoswine|49\/361
|
|-weather|Sandstorm|[upkeep]
|-damage|p1a: Tornadus-Therian|44\/324|[from] sandstorm
|turn|37
|
|switch|p1a: Magnezone|Magnezone|299\/344
|move|p2a: Mamoswine|Ice Shard|p1a: Magnezone
|-resisted|p1a: Magnezone
|-damage|p1a: Magnezone|257\/344
|-damage|p2a: Mamoswine|13\/361|[from] item: Life Orb
|
|-weather|none
|turn|38
|
|move|p2a: Mamoswine|Stealth Rock|p1a: Magnezone
|-sidestart|p1: khalB|move: Stealth Rock
|move|p1a: Magnezone|Volt Switch|p2a: Mamoswine
|-immune|p2a: Mamoswine|[msg]
|
|turn|39
|
|move|p2a: Mamoswine|Ice Shard|p1a: Magnezone
|-resisted|p1a: Magnezone
|-damage|p1a: Magnezone|212\/344
|-damage|p2a: Mamoswine|0 fnt|[from] item: Life Orb
|faint|p2a: Mamoswine
|move|p1a: Magnezone|Volt Switch|p2: Mamoswine|[notarget]
|-notarget
|
|
|switch|p2a: Lopunny|Lopunny-Mega, M|196\/272
|turn|40
|
|move|p2a: Lopunny|High Jump Kick|p1a: Magnezone
|-supereffective|p1a: Magnezone
|-damage|p1a: Magnezone|0 fnt
|faint|p1a: Magnezone
|
|
|switch|p1a: Tornadus-Therian|Tornadus-Therian, M|152\/324
|-damage|p1a: Tornadus-Therian|71\/324|[from] Stealth Rock
|turn|41
|
|switch|p1a: Starmie|Starmie|265\/303
|-damage|p1a: Starmie|228\/303|[from] Stealth Rock
|move|p2a: Lopunny|Ice Punch|p1a: Starmie
|-resisted|p1a: Starmie
|-damage|p1a: Starmie|177\/303
|
|-heal|p1a: Starmie|195\/303|[from] item: Leftovers
|turn|42
|
|move|p2a: Lopunny|Return|p1a: Starmie
|-damage|p1a: Starmie|0 fnt
|faint|p1a: Starmie
|
|
|switch|p1a: Sceptile|Sceptile-Mega, M|97\/282 brn
|-damage|p1a: Sceptile|62\/282 brn|[from] Stealth Rock
|turn|43
|
|switch|p2a: Blissey|Blissey, F|714\/714
|move|p1a: Sceptile|Giga Drain|p2a: Blissey
|-damage|p2a: Blissey|606\/714
|-heal|p1a: Sceptile|116\/282 brn|[from] drain|[of] p2a: Blissey
|
|-heal|p2a: Blissey|650\/714|[from] item: Leftovers
|-damage|p1a: Sceptile|81\/282 brn|[from] brn
|turn|44
|
|move|p1a: Sceptile|Giga Drain|p2a: Blissey
|-damage|p2a: Blissey|536\/714
|-heal|p1a: Sceptile|138\/282 brn|[from] drain|[of] p2a: Blissey
|move|p2a: Blissey|Seismic Toss|p1a: Sceptile
|-damage|p1a: Sceptile|38\/282 brn
|
|-heal|p2a: Blissey|580\/714|[from] item: Leftovers
|-damage|p1a: Sceptile|3\/282 brn|[from] brn
|turn|45
|c|âBaktash|gg
|
|move|p1a: Sceptile|Giga Drain|p2a: Blissey
|-damage|p2a: Blissey|474\/714
|-heal|p1a: Sceptile|56\/282 brn|[from] drain|[of] p2a: Blissey
|move|p2a: Blissey|Seismic Toss|p1a: Sceptile
|-damage|p1a: Sceptile|0 fnt
|faint|p1a: Sceptile
|
|-heal|p2a: Blissey|518\/714|[from] item: Leftovers
|
|switch|p1a: Tornadus-Therian|Tornadus-Therian, M|179\/324
|-damage|p1a: Tornadus-Therian|98\/324|[from] Stealth Rock
|turn|46
|c|âkhalB|gg
|
|move|p1a: Tornadus-Therian|Air Slash|p2a: Blissey
|-damage|p2a: Blissey|428\/714
|cant|p2a: Blissey|flinch
|
|-heal|p2a: Blissey|472\/714|[from] item: Leftovers
|turn|47
|
|move|p1a: Tornadus-Therian|Knock Off|p2a: Blissey
|-damage|p2a: Blissey|329\/714
|-enditem|p2a: Blissey|Leftovers|[from] move: Knock Off|[of] p1a: Tornadus-Therian
|move|p2a: Blissey|Seismic Toss|p1a: Tornadus-Therian
|-damage|p1a: Tornadus-Therian|0 fnt
|faint|p1a: Tornadus-Therian
|
|win|Baktash
|raw|Ladder updating...
|raw|khalB's rating: 1307 &rarr; <strong>1282<\/strong><br \/>(-25 for losing)
|raw|Baktash's rating: 1214 &rarr; <strong>1246<\/strong><br \/>(+32 for winning)
|leave|khalB
|player|p1