|join|Monster 87
|join|khalB
|player|p1|Monster 87|101
|player|p2|khalB|264
|gametype|singles
|gen|6
|tier|ORAS OU
|rated
|rule|Sleep Clause Mod: Limit one foe put to sleep
|rule|Species Clause: Limit one of each PokÃ©mon
|rule|OHKO Clause: OHKO moves are banned
|rule|Moody Clause: Moody is banned
|rule|Evasion Moves Clause: Evasion moves are banned
|rule|Endless Battle Clause: Forcing endless battles is banned
|rule|HP Percentage Mod: HP is shown in percentages
|clearpoke
|poke|p1|Beedrill, F
|poke|p1|Magnezone
|poke|p1|Landorus-Therian, M
|poke|p1|Latias, F
|poke|p1|Azumarill, M
|poke|p1|Talonflame, F
|poke|p2|Metagross
|poke|p2|Latias, F
|poke|p2|Terrakion
|poke|p2|Ferrothorn, M
|poke|p2|Tyranitar, M
|poke|p2|Mandibuzz, F
|rule|Swagger Clause: Swagger is banned
|rule|Baton Pass Clause: Limit one PokÃ©mon knowing Baton Pass
|teampreview
|
|start
|switch|p1a: UsedToBeeGarbage|Beedrill, F|271\/271
|switch|p2a: Ferrothorn|Ferrothorn, M|310\/310
|turn|1
|
|detailschange|p1a: UsedToBeeGarbage|Beedrill-Mega, F
|message|Beedrill has Mega Evolved into Mega Beedrill!
|move|p1a: UsedToBeeGarbage|U-turn|p2a: Ferrothorn
|-damage|p2a: Ferrothorn|174\/310
|-damage|p1a: UsedToBeeGarbage|238\/271|[from] ability: Iron Barbs|[of] p2a: Ferrothorn
|
|switch|p1a: GetUpOutMyTrapHous|Magnezone|282\/282
|move|p2a: Ferrothorn|Stealth Rock|p1a: GetUpOutMyTrapHous
|-sidestart|p1: Monster 87|move: Stealth Rock
|
|-heal|p2a: Ferrothorn|193\/310|[from] item: Leftovers
|turn|2
|join|fwenfjwen
|
|move|p2a: Ferrothorn|Protect|p2a: Ferrothorn
|-singleturn|p2a: Ferrothorn|Protect
|move|p1a: GetUpOutMyTrapHous|Hidden Power|p2a: Ferrothorn
|-activate|p2a: Ferrothorn|Protect
|
|-heal|p2a: Ferrothorn|212\/310|[from] item: Leftovers
|turn|3
|leave|fwenfjwen
|
|move|p1a: GetUpOutMyTrapHous|Hidden Power|p2a: Ferrothorn
|-supereffective|p2a: Ferrothorn
|-damage|p2a: Ferrothorn|0 fnt
|faint|p2a: Ferrothorn
|
|
|switch|p2a: Tyranitar|Tyranitar, M|404\/404
|-weather|Sandstorm
|turn|4
|
|move|p2a: Tyranitar|Pursuit|p1a: GetUpOutMyTrapHous|[from]Pursuit
|-damage|p1a: GetUpOutMyTrapHous|158\/282
|switch|p1a: Osama|Landorus-Therian, M|382\/382
|-damage|p1a: Osama|335\/382|[from] Stealth Rock
|-ability|p1a: Osama|Intimidate|[of] p2a: Tyranitar
|-unboost|p2a: Tyranitar|atk|1
|
|-weather|Sandstorm|[upkeep]
|turn|5
|
|switch|p2a: Mandibuzz|Mandibuzz, F|424\/424
|move|p1a: Osama|U-turn|p2a: Mandibuzz
|-damage|p2a: Mandibuzz|371\/424
|
|switch|p1a: DatWaifu :|Latias, F|346\/346
|-damage|p1a: DatWaifu :|303\/346|[from] Stealth Rock
|
|-weather|Sandstorm|[upkeep]
|-damage|p1a: DatWaifu :|282\/346|[from] sandstorm
|-heal|p1a: DatWaifu :|303\/346|[from] item: Leftovers
|-heal|p2a: Mandibuzz|397\/424|[from] item: Leftovers
|turn|6
|
|move|p1a: DatWaifu :|Defog|p2a: Mandibuzz
|-unboost|p2a: Mandibuzz|evasion|1
|-sideend|p1: Monster 87|Stealth Rock|[from] move: Defog|[of] p1a: DatWaifu :
|move|p2a: Mandibuzz|Knock Off|p1a: DatWaifu :
|-supereffective|p1a: DatWaifu :
|-damage|p1a: DatWaifu :|139\/346
|-enditem|p1a: DatWaifu :|Leftovers|[from] move: Knock Off|[of] p2a: Mandibuzz
|
|-weather|Sandstorm|[upkeep]
|-damage|p1a: DatWaifu :|118\/346|[from] sandstorm
|-heal|p2a: Mandibuzz|423\/424|[from] item: Leftovers
|turn|7
|
|switch|p1a: Osama|Landorus-Therian, M|335\/382
|-ability|p1a: Osama|Intimidate|[of] p2a: Mandibuzz
|-unboost|p2a: Mandibuzz|atk|1
|move|p2a: Mandibuzz|Toxic|p1a: Osama
|-status|p1a: Osama|tox
|
|-weather|Sandstorm|[upkeep]
|-heal|p2a: Mandibuzz|424\/424|[from] item: Leftovers
|-damage|p1a: Osama|312\/382 tox|[from] psn
|turn|8
|
|move|p1a: Osama|Stealth Rock|p2a: Mandibuzz
|-sidestart|p2: khalB|move: Stealth Rock
|move|p2a: Mandibuzz|Knock Off|p1a: Osama
|-damage|p1a: Osama|270\/382 tox
|-damage|p2a: Mandibuzz|354\/424|[from] item: Rocky Helmet|[of] p1a: Osama
|-enditem|p1a: Osama|Rocky Helmet|[from] move: Knock Off|[of] p2a: Mandibuzz
|
|-weather|none
|-heal|p2a: Mandibuzz|380\/424|[from] item: Leftovers
|-damage|p1a: Osama|224\/382 tox|[from] psn
|turn|9
|
|move|p1a: Osama|U-turn|p2a: Mandibuzz
|-damage|p2a: Mandibuzz|331\/424
|
|switch|p1a: Talonflame|Talonflame, F|359\/359
|move|p2a: Mandibuzz|Knock Off|p1a: Talonflame
|-damage|p1a: Talonflame|286\/359
|-enditem|p1a: Talonflame|Leftovers|[from] move: Knock Off|[of] p2a: Mandibuzz
|
|-heal|p2a: Mandibuzz|357\/424|[from] item: Leftovers
|turn|10
|
|move|p1a: Talonflame|Will-O-Wisp|p2a: Mandibuzz
|-status|p2a: Mandibuzz|brn
|move|p2a: Mandibuzz|Toxic|p1a: Talonflame
|-status|p1a: Talonflame|tox
|
|-heal|p2a: Mandibuzz|383\/424 brn|[from] item: Leftovers
|-damage|p1a: Talonflame|264\/359 tox|[from] psn
|-damage|p2a: Mandibuzz|330\/424 brn|[from] brn
|turn|11
|
|switch|p1a: UsedToBeeGarbage|Beedrill-Mega, F|238\/271
|move|p2a: Mandibuzz|Foul Play|p1a: UsedToBeeGarbage
|-damage|p1a: UsedToBeeGarbage|49\/271
|
|-heal|p2a: Mandibuzz|356\/424 brn|[from] item: Leftovers
|-damage|p2a: Mandibuzz|303\/424 brn|[from] brn
|turn|12
|
|move|p1a: UsedToBeeGarbage|U-turn|p2a: Mandibuzz
|-damage|p2a: Mandibuzz|163\/424 brn
|
|switch|p1a: DatWaifu :|Latias, F|118\/346
|move|p2a: Mandibuzz|Foul Play|p1a: DatWaifu :
|-supereffective|p1a: DatWaifu :
|-damage|p1a: DatWaifu :|40\/346
|
|-heal|p2a: Mandibuzz|189\/424 brn|[from] item: Leftovers
|-damage|p2a: Mandibuzz|136\/424 brn|[from] brn
|turn|13
|
|switch|p2a: Tyranitar|Tyranitar, M|404\/404
|-damage|p2a: Tyranitar|354\/404|[from] Stealth Rock
|-weather|Sandstorm
|move|p1a: DatWaifu :|Draco Meteor|p2a: Tyranitar
|-damage|p2a: Tyranitar|288\/404
|-unboost|p1a: DatWaifu :|spa|2
|
|-weather|Sandstorm|[upkeep]
|-damage|p1a: DatWaifu :|19\/346|[from] sandstorm
|turn|14
|
|move|p1a: DatWaifu :|Roost|p1a: DatWaifu :
|-heal|p1a: DatWaifu :|192\/346
|move|p2a: Tyranitar|Crunch|p1a: DatWaifu :
|-supereffective|p1a: DatWaifu :
|-damage|p1a: DatWaifu :|0 fnt
|faint|p1a: DatWaifu :
|
|-weather|Sandstorm|[upkeep]
|
|switch|p1a: UsedToBeeGarbage|Beedrill-Mega, F|49\/271
|turn|15
|
|switch|p2a: Mandibuzz|Mandibuzz, F|136\/424 brn
|-damage|p2a: Mandibuzz|30\/424 brn|[from] Stealth Rock
|move|p1a: UsedToBeeGarbage|U-turn|p2a: Mandibuzz
|-damage|p2a: Mandibuzz|0 fnt
|faint|p2a: Mandibuzz
|
|switch|p1a: GetUpOutMyTrapHous|Magnezone|158\/282
|
|-weather|Sandstorm|[upkeep]
|
|switch|p2a: Latias|Latias, F|301\/301
|-damage|p2a: Latias|264\/301|[from] Stealth Rock
|turn|16
|
|move|p1a: GetUpOutMyTrapHous|Flash Cannon|p2a: Latias
|-damage|p2a: Latias|128\/301
|move|p2a: Latias|Defog|p1a: GetUpOutMyTrapHous
|-unboost|p1a: GetUpOutMyTrapHous|evasion|1
|-sideend|p2: khalB|Stealth Rock|[from] move: Defog|[of] p2a: Latias
|
|-weather|Sandstorm|[upkeep]
|-damage|p2a: Latias|110\/301|[from] sandstorm
|turn|17
|
|switch|p1a: Talonflame|Talonflame, F|264\/359 tox
|switch|p2a: Metagross|Metagross|302\/302
|
|-weather|none
|-damage|p1a: Talonflame|242\/359 tox|[from] psn
|turn|18
|
|switch|p2a: Tyranitar|Tyranitar, M|288\/404
|-weather|Sandstorm
|move|p1a: Talonflame|Will-O-Wisp|p2a: Tyranitar
|-status|p2a: Tyranitar|brn
|
|-weather|Sandstorm|[upkeep]
|-damage|p1a: Talonflame|220\/359 tox|[from] sandstorm
|-damage|p1a: Talonflame|176\/359 tox|[from] psn
|-damage|p2a: Tyranitar|238\/404 brn|[from] brn
|turn|19
|
|switch|p1a: Osama|Landorus-Therian, M|224\/382 tox
|-ability|p1a: Osama|Intimidate|[of] p2a: Tyranitar
|-unboost|p2a: Tyranitar|atk|1
|switch|p2a: Latias|Latias, F|110\/301
|
|-weather|Sandstorm|[upkeep]
|-damage|p2a: Latias|92\/301|[from] sandstorm
|-damage|p1a: Osama|201\/382 tox|[from] psn
|turn|20
|
|switch|p1a: Talonflame|Talonflame, F|176\/359 tox
|move|p2a: Latias|Draco Meteor|p1a: Talonflame
|-damage|p1a: Talonflame|0 fnt
|-unboost|p2a: Latias|spa|2
|-damage|p2a: Latias|62\/301|[from] item: Life Orb
|faint|p1a: Talonflame
|
|-weather|Sandstorm|[upkeep]
|-damage|p2a: Latias|44\/301|[from] sandstorm
|
|switch|p1a: UsedToBeeGarbage|Beedrill-Mega, F|49\/271
|turn|21
|
|move|p1a: UsedToBeeGarbage|U-turn|p2a: Latias
|-supereffective|p2a: Latias
|-damage|p2a: Latias|0 fnt
|faint|p2a: Latias
|
|switch|p1a: GetUpOutMyTrapHous|Magnezone|158\/282
|
|-weather|Sandstorm|[upkeep]
|
|switch|p2a: Metagross|Metagross|302\/302
|turn|22
|
|detailschange|p2a: Metagross|Metagross-Mega
|message|Metagross has Mega Evolved into Mega Metagross!
|move|p1a: GetUpOutMyTrapHous|Volt Switch|p2a: Metagross
|-damage|p2a: Metagross|173\/302
|
|switch|p1a: Osama|Landorus-Therian, M|201\/382 tox
|-ability|p1a: Osama|Intimidate|[of] p2a: Metagross
|-unboost|p2a: Metagross|atk|1
|move|p2a: Metagross|Brick Break|p1a: Osama
|-crit|p1a: Osama
|-resisted|p1a: Osama
|-damage|p1a: Osama|112\/382 tox
|
|-weather|none
|-damage|p1a: Osama|89\/382 tox|[from] psn
|turn|23
|
|switch|p1a: GetUpOutMyTrapHous|Magnezone|158\/282
|move|p2a: Metagross|Zen Headbutt|p1a: GetUpOutMyTrapHous
|-resisted|p1a: GetUpOutMyTrapHous
|-damage|p1a: GetUpOutMyTrapHous|94\/282
|
|turn|24
|
|move|p1a: GetUpOutMyTrapHous|Volt Switch|p2a: Metagross
|-damage|p2a: Metagross|53\/302
|
|switch|p1a: Osama|Landorus-Therian, M|89\/382 tox
|-ability|p1a: Osama|Intimidate|[of] p2a: Metagross
|-unboost|p2a: Metagross|atk|1
|move|p2a: Metagross|Brick Break|p1a: Osama
|-resisted|p1a: Osama
|-damage|p1a: Osama|59\/382 tox
|
|-damage|p1a: Osama|36\/382 tox|[from] psn
|turn|25
|
|move|p2a: Metagross|Brick Break|p1a: Osama
|-resisted|p1a: Osama
|-damage|p1a: Osama|10\/382 tox
|move|p1a: Osama|Stealth Rock|p2a: Metagross
|-sidestart|p2: khalB|move: Stealth Rock
|
|-damage|p1a: Osama|0 fnt|[from] psn
|faint|p1a: Osama
|
|switch|p1a: GetUpOutMyTrapHous|Magnezone|94\/282
|turn|26
|
|move|p1a: GetUpOutMyTrapHous|Volt Switch|p2a: Metagross
|-damage|p2a: Metagross|0 fnt
|faint|p2a: Metagross
|
|switch|p1a: UsedToBeeGarbage|Beedrill-Mega, F|49\/271
|
|
|switch|p2a: Terrakion|Terrakion|324\/324
|-damage|p2a: Terrakion|304\/324|[from] Stealth Rock
|turn|27
|
|move|p2a: Terrakion|Stone Edge|p1a: UsedToBeeGarbage
|-supereffective|p1a: UsedToBeeGarbage
|-damage|p1a: UsedToBeeGarbage|0 fnt
|faint|p1a: UsedToBeeGarbage
|
|
|switch|p1a: GetUpOutMyTrapHous|Magnezone|94\/282
|turn|28
|
|move|p2a: Terrakion|Stone Edge|p1a: GetUpOutMyTrapHous
|-crit|p1a: GetUpOutMyTrapHous
|-resisted|p1a: GetUpOutMyTrapHous
|-damage|p1a: GetUpOutMyTrapHous|0 fnt
|faint|p1a: GetUpOutMyTrapHous
|
|
|switch|p1a: Azumarill|Azumarill, M|351\/351
|turn|29
|
|move|p2a: Terrakion|Stone Edge|p1a: Azumarill
|-crit|p1a: Azumarill
|-damage|p1a: Azumarill|11\/351
|move|p1a: Azumarill|Waterfall|p2a: Terrakion
|-supereffective|p2a: Terrakion
|-damage|p2a: Terrakion|0 fnt
|faint|p2a: Terrakion
|
|c|âkhalB|gezz sry bro
|
|switch|p2a: Tyranitar|Tyranitar, M|238\/404 brn
|-damage|p2a: Tyranitar|188\/404 brn|[from] Stealth Rock
|-weather|Sandstorm
|turn|30
|
|move|p1a: Azumarill|Aqua Jet|p2a: Tyranitar
|-supereffective|p2a: Tyranitar
|-damage|p2a: Tyranitar|38\/404 brn
|move|p2a: Tyranitar|Pursuit|p1a: Azumarill
|-resisted|p1a: Azumarill
|-damage|p1a: Azumarill|0 fnt
|faint|p1a: Azumarill
|
|win|khalB
|raw|Ladder updating...
|raw|Monster 87's rating: 1109 &rarr; <strong>1084<\/strong><br \/>(-25 for losing)
|raw|khalB's rating: 1111 &rarr; <strong>1136<\/strong><br \/>(+25 for winning)
|c|âkhalB|gg