|join|Pheonixmaster
|join|khalB
|player|p1|Pheonixmaster|168
|player|p2|khalB|264
|gametype|singles
|gen|6
|tier|ORAS OU
|rated
|rule|Sleep Clause Mod: Limit one foe put to sleep
|rule|Species Clause: Limit one of each PokÃ©mon
|rule|OHKO Clause: OHKO moves are banned
|rule|Moody Clause: Moody is banned
|rule|Evasion Moves Clause: Evasion moves are banned
|rule|Endless Battle Clause: Forcing endless battles is banned
|rule|HP Percentage Mod: HP is shown in percentages
|clearpoke
|poke|p1|Sceptile, F
|poke|p1|Azumarill, F
|poke|p1|Heatran, M
|poke|p1|Latias, F
|poke|p1|Rotom-Wash
|poke|p1|Terrakion
|poke|p2|Latios, M
|poke|p2|Dugtrio, F
|poke|p2|Bisharp, F
|poke|p2|Ferrothorn, M
|poke|p2|Gardevoir, F
|poke|p2|Tyranitar, M
|rule|Swagger Clause: Swagger is banned
|rule|Baton Pass Clause: Limit one PokÃ©mon knowing Baton Pass
|teampreview
|
|start
|switch|p1a: Juvia|Azumarill, F|381\/381
|switch|p2a: Dugtrio|Dugtrio, F|212\/212
|turn|1
|
|switch|p2a: Ferrothorn|Ferrothorn, M|352\/352
|move|p1a: Juvia|Superpower|p2a: Ferrothorn
|-supereffective|p2a: Ferrothorn
|-damage|p2a: Ferrothorn|0 fnt
|-damage|p1a: Juvia|334\/381|[from] ability: Iron Barbs|[of] p2a: Ferrothorn
|-unboost|p1a: Juvia|atk|1
|-unboost|p1a: Juvia|def|1
|faint|p2a: Ferrothorn
|
|
|switch|p2a: Gardevoir|Gardevoir, F|312\/312
|-ability|p2a: Gardevoir|Huge Power|[from] ability: Trace|[of] p1a: Juvia
|turn|2
|
|switch|p1a: Misa|Rotom-Wash|304\/304
|move|p2a: Gardevoir|Moonblast|p1a: Misa
|-damage|p1a: Misa|76\/304
|
|-heal|p1a: Misa|95\/304|[from] item: Leftovers
|turn|3
|
|move|p2a: Gardevoir|Moonblast|p1a: Misa
|-crit|p1a: Misa
|-damage|p1a: Misa|0 fnt
|faint|p1a: Misa
|
|
|switch|p1a: Heatran|Heatran, M|383\/383
|turn|4
|
|move|p2a: Gardevoir|Moonblast|p1a: Heatran
|-resisted|p1a: Heatran
|-damage|p1a: Heatran|343\/383
|move|p1a: Heatran|Lava Plume|p2a: Gardevoir
|-damage|p2a: Gardevoir|204\/312
|-status|p2a: Gardevoir|brn
|
|-heal|p1a: Heatran|366\/383|[from] item: Leftovers
|-damage|p2a: Gardevoir|165\/312 brn|[from] brn
|turn|5
|
|switch|p2a: Dugtrio|Dugtrio, F|212\/212
|move|p1a: Heatran|Stealth Rock|p2a: Dugtrio
|-sidestart|p2: khalB|move: Stealth Rock
|
|-heal|p1a: Heatran|383\/383|[from] item: Leftovers
|turn|6
|
|move|p2a: Dugtrio|Earthquake|p1a: Heatran
|-supereffective|p1a: Heatran
|-damage|p1a: Heatran|0 fnt
|faint|p1a: Heatran
|
|
|switch|p1a: C.C|Sceptile, F|281\/281
|turn|7
|
|switch|p2a: Tyranitar|Tyranitar, M|379\/379
|-damage|p2a: Tyranitar|332\/379|[from] Stealth Rock
|-weather|Sandstorm
|detailschange|p1a: C.C|Sceptile-Mega, F
|message|Sceptile has Mega Evolved into Mega Sceptile!
|move|p1a: C.C|Energy Ball|p2a: Tyranitar
|-supereffective|p2a: Tyranitar
|-damage|p2a: Tyranitar|90\/379
|
|-weather|Sandstorm|[upkeep]
|-damage|p1a: C.C|264\/281|[from] sandstorm
|turn|8
|
|move|p1a: C.C|Energy Ball|p2a: Tyranitar
|-supereffective|p2a: Tyranitar
|-damage|p2a: Tyranitar|0 fnt
|faint|p2a: Tyranitar
|
|-weather|Sandstorm|[upkeep]
|-damage|p1a: C.C|247\/281|[from] sandstorm
|
|switch|p2a: Bisharp|Bisharp, F|272\/272
|-damage|p2a: Bisharp|255\/272|[from] Stealth Rock
|turn|9
|
|move|p1a: C.C|Hidden Power|p2a: Bisharp
|-supereffective|p2a: Bisharp
|-damage|p2a: Bisharp|37\/272
|move|p2a: Bisharp|Iron Head|p1a: C.C
|-damage|p1a: C.C|0 fnt
|-damage|p2a: Bisharp|10\/272|[from] item: Life Orb
|faint|p1a: C.C
|
|-weather|Sandstorm|[upkeep]
|
|switch|p1a: Terrakion|Terrakion|323\/323
|turn|10
|
|move|p1a: Terrakion|X-Scissor|p2a: Bisharp
|-damage|p2a: Bisharp|0 fnt
|faint|p2a: Bisharp
|
|-weather|Sandstorm|[upkeep]
|
|switch|p2a: Dugtrio|Dugtrio, F|212\/212
|-damage|p2a: Dugtrio|199\/212|[from] Stealth Rock
|turn|11
|
|move|p1a: Terrakion|X-Scissor|p2a: Dugtrio
|-damage|p2a: Dugtrio|25\/212
|move|p2a: Dugtrio|Earthquake|p1a: Terrakion
|-supereffective|p1a: Terrakion
|-damage|p1a: Terrakion|0 fnt
|faint|p1a: Terrakion
|
|-weather|none
|
|switch|p1a: Erza|Latias, F|319\/319
|turn|12
|
|switch|p2a: Gardevoir|Gardevoir, F|165\/312 brn
|-damage|p2a: Gardevoir|126\/312 brn|[from] Stealth Rock
|-ability|p2a: Gardevoir|Levitate|[from] ability: Trace|[of] p1a: Erza
|move|p1a: Erza|Psyshock|p2a: Gardevoir
|-resisted|p2a: Gardevoir
|-damage|p2a: Gardevoir|17\/312 brn
|-damage|p1a: Erza|288\/319|[from] item: Life Orb
|
|-damage|p2a: Gardevoir|0 fnt|[from] brn
|faint|p2a: Gardevoir
|
|switch|p2a: Dugtrio|Dugtrio, F|25\/212
|-damage|p2a: Dugtrio|12\/212|[from] Stealth Rock
|turn|13
|
|move|p2a: Dugtrio|Sucker Punch|p1a: Erza
|-fail|p1a: Erza
|move|p1a: Erza|Healing Wish|p1a: Erza
|faint|p1a: Erza
|
|
|switch|p1a: Juvia|Azumarill, F|334\/381
|-heal|p1a: Juvia|381\/381|[from] move: Healing Wish
|turn|14
|
|move|p2a: Dugtrio|Sucker Punch|p1a: Juvia
|-crit|p1a: Juvia
|-resisted|p1a: Juvia
|-damage|p1a: Juvia|293\/381
|move|p1a: Juvia|Play Rough|p2a: Dugtrio
|-damage|p2a: Dugtrio|0 fnt
|faint|p2a: Dugtrio
|
|
|switch|p2a: Latios|Latios, M|301\/301
|-damage|p2a: Latios|264\/301|[from] Stealth Rock
|turn|15
|
|detailschange|p2a: Latios|Latios-Mega, M
|message|Latios has Mega Evolved into Mega Latios!
|move|p2a: Latios|Zen Headbutt|p1a: Juvia|[miss]
|-miss|p2a: Latios|p1a: Juvia
|move|p1a: Juvia|Play Rough|p2a: Latios
|-supereffective|p2a: Latios
|-damage|p2a: Latios|0 fnt
|faint|p2a: Latios
|
|win|Pheonixmaster
|raw|Ladder updating...
|raw|Pheonixmaster's rating: 1399 &rarr; <strong>1413<\/strong><br \/>(+14 for winning)
|raw|khalB's rating: 1296 &rarr; <strong>1278<\/strong><br \/>(-18 for losing)
|c|âkhalB|gg
|c|âPheonixmaster|gg
|leave|khalB