|join|khalB
|join|QueenOfLuvdiscs
|player|p1|khalB|169
|player|p2|QueenOfLuvdiscs|249
|gametype|singles
|gen|6
|tier|OU
|rated
|clearpoke
|poke|p1|Sceptile, M
|poke|p1|Scizor, F
|poke|p1|Greninja, F
|poke|p1|Empoleon, F
|poke|p1|Weavile, M
|poke|p1|Landorus-Therian, M
|poke|p2|Greninja, M
|poke|p2|Gardevoir, F
|poke|p2|Heracross, M
|poke|p2|Thundurus, M
|poke|p2|Garchomp, M
|poke|p2|Bisharp, M
|rule|Swagger Clause: Swagger is banned
|rule|Baton Pass Clause: Limit one PokÃ©mon knowing Baton Pass
|rule|Sleep Clause Mod: Limit one foe put to sleep
|rule|Species Clause: Limit one of each PokÃ©mon
|rule|OHKO Clause: OHKO moves are banned
|rule|Moody Clause: Moody is banned
|rule|Evasion Moves Clause: Evasion moves are banned
|rule|Endless Battle Clause: Forcing endless battles is banned
|rule|HP Percentage Mod: HP is shown in percentages
|teampreview
|join|TheAsianWifier
|join|Kiyo
|join|afkfingers
|
|start
|switch|p1a: Landorus-Therian|Landorus-Therian, M|320\/320
|switch|p2a: Garchomp|Garchomp, M|357\/357
|-ability|p1a: Landorus-Therian|Intimidate|[of] p2a: Garchomp
|-unboost|p2a: Garchomp|atk|1
|turn|1
|join|Garn
|
|move|p1a: Landorus-Therian|U-turn|p2a: Garchomp
|-damage|p2a: Garchomp|262\/357
|-damage|p1a: Landorus-Therian|280\/320|[from] ability: Rough Skin|[of] p2a: Garchomp
|
|switch|p1a: Sceptile|Sceptile, M|285\/285
|move|p2a: Garchomp|Stealth Rock|p1a: Sceptile
|-sidestart|p1: khalB|move: Stealth Rock
|
|turn|2
|
|switch|p2a: Gardevoir|Gardevoir, F|281\/281
|-ability|p2a: Gardevoir|Overgrow|[from] ability: Trace|[of] p1a: Sceptile
|detailschange|p1a: Sceptile|Sceptile-Mega, M
|message|Sceptile has Mega Evolved into Mega Sceptile!
|move|p1a: Sceptile|Leaf Storm|p2a: Gardevoir
|-damage|p2a: Gardevoir|29\/281
|-unboost|p1a: Sceptile|spa|2
|
|turn|3
|join|TheCanadianWifier
|c| afkfingers|is that the godly scarf heracross himself ?
|
|switch|p2a: Heracross|Heracross, M|301\/301
|move|p1a: Sceptile|Leaf Storm|p2a: Heracross
|-resisted|p2a: Heracross
|-damage|p2a: Heracross|228\/301
|-unboost|p1a: Sceptile|spa|2
|
|turn|4
|
|switch|p1a: Landorus-Therian|Landorus-Therian, M|280\/320
|-damage|p1a: Landorus-Therian|240\/320|[from] Stealth Rock
|-ability|p1a: Landorus-Therian|Intimidate|[of] p2a: Heracross
|-unboost|p2a: Heracross|atk|1
|move|p2a: Heracross|Megahorn|p1a: Landorus-Therian
|-resisted|p1a: Landorus-Therian
|-damage|p1a: Landorus-Therian|120\/320
|
|turn|5
|
|move|p1a: Landorus-Therian|Explosion|p2a: Heracross
|-damage|p2a: Heracross|0 fnt
|faint|p1a: Landorus-Therian
|faint|p2a: Heracross
|
|c| Garn|ouch
|
|switch|p2a: Greninja|Greninja, M|285\/285
|switch|p1a: Empoleon|Empoleon, F|372\/372
|-damage|p1a: Empoleon|349\/372|[from] Stealth Rock
|turn|6
|leave|Kiyo
|
|switch|p2a: Garchomp|Garchomp, M|262\/357
|move|p1a: Empoleon|Defog|p2a: Garchomp
|-unboost|p2a: Garchomp|evasion|1
|-sideend|p1: khalB|Stealth Rock|[from] move: Defog|[of] p1a: Empoleon
|
|-heal|p1a: Empoleon|372\/372|[from] item: Leftovers
|turn|7
|
|move|p2a: Garchomp|Outrage|p1a: Empoleon
|-resisted|p1a: Empoleon
|-damage|p1a: Empoleon|248\/372
|move|p1a: Empoleon|Stealth Rock|p2a: Garchomp
|-sidestart|p2: QueenOfLuvdiscs|move: Stealth Rock
|
|-heal|p1a: Empoleon|271\/372|[from] item: Leftovers
|turn|8
|
|move|p2a: Garchomp|Outrage|p1a: Empoleon
|-resisted|p1a: Empoleon
|-damage|p1a: Empoleon|158\/372
|move|p1a: Empoleon|Scald|p2a: Garchomp
|-damage|p2a: Garchomp|118\/357
|
|-heal|p1a: Empoleon|181\/372|[from] item: Leftovers
|turn|9
|c| Garn|is this guy stupid or somethin?
|
|move|p2a: Garchomp|Outrage|p1a: Empoleon
|-resisted|p1a: Empoleon
|-damage|p1a: Empoleon|58\/372
|move|p1a: Empoleon|Roar|p2a: Garchomp
|drag|p2a: Greninja|Greninja, M|285\/285
|-damage|p2a: Greninja|250\/285|[from] Stealth Rock
|
|-heal|p1a: Empoleon|81\/372|[from] item: Leftovers
|turn|10
|c| TheCanadianWifier|this is Queens
|c| TheCanadianWifier|first ou battle
|c| Garn|there was no reason for him to not use earthquake there
|c| TheCanadianWifier|wish him luck :D
|c| Garn|oh
|c| Garn|his first battle
|c|âQueenOfLuvdiscs|-
|c|âQueenOfLuvdiscs|why the fuck
|c| Garn|hes just new then, please disregard my remarks
|join|Kiyo
|c|âQueenOfLuvdiscs|would he sack his gren check
|c|âQueenOfLuvdiscs|i predicted megatile
|c|âQueenOfLuvdiscs|coming in
|
|move|p2a: Greninja|Dark Pulse|p1a: Empoleon
|-start|p2a: Greninja|typechange|Dark|[from] Protean
|-damage|p1a: Empoleon|0 fnt
|-damage|p2a: Greninja|222\/285|[from] item: Life Orb
|faint|p1a: Empoleon
|
|c| Garn|it still wouldve hurt
|
|switch|p1a: Weavile|Weavile, M|282\/282
|-ability|p1a: Weavile|Pressure
|turn|11
|c| afkfingers|lol
|join|The Goomy
|
|move|p1a: Weavile|Low Kick|p2a: Greninja
|-supereffective|p2a: Greninja
|-damage|p2a: Greninja|0 fnt
|-damage|p1a: Weavile|254\/282|[from] item: Life Orb
|faint|p2a: Greninja
|
|c| TheCanadianWifier|rofl FINGERS IS HERE
|c| afkfingers|?
|c| TheCanadianWifier|im ded
|
|switch|p2a: Thundurus|Thundurus, M|299\/299
|-damage|p2a: Thundurus|225\/299|[from] Stealth Rock
|turn|12
|c| TheCanadianWifier|this is perf
|c| afkfingers|queen these plays
|c|âQueenOfLuvdiscs|i'm so done
|
|move|p1a: Weavile|Ice Shard|p2a: Thundurus
|-supereffective|p2a: Thundurus
|-damage|p2a: Thundurus|0 fnt
|-damage|p1a: Weavile|226\/282|[from] item: Life Orb
|faint|p2a: Thundurus
|
|c| afkfingers|TWAVE
|c| afkfingers|nvm
|
|switch|p2a: Bisharp|Bisharp, M|271\/271
|-damage|p2a: Bisharp|255\/271|[from] Stealth Rock
|turn|13
|join|Gizmo
|c| afkfingers|queen are you in call
|
|switch|p1a: Sceptile|Sceptile-Mega, M|285\/285
|switch|p2a: Garchomp|Garchomp, M|118\/357
|-damage|p2a: Garchomp|96\/357|[from] Stealth Rock
|
|turn|14
|c|âQueenOfLuvdiscs|yeah
|
|move|p1a: Sceptile|Dragon Pulse|p2a: Garchomp
|-supereffective|p2a: Garchomp
|-damage|p2a: Garchomp|0 fnt
|faint|p2a: Garchomp
|
|
|switch|p2a: Bisharp|Bisharp, M|255\/271
|-damage|p2a: Bisharp|239\/271|[from] Stealth Rock
|turn|15
|
|move|p1a: Sceptile|Hidden Power|p2a: Bisharp
|-supereffective|p2a: Bisharp
|-damage|p2a: Bisharp|0 fnt
|faint|p2a: Bisharp
|
|c| TheCanadianWifier|these complex plays
|c| TheCanadianWifier|are too much
|c| TheCanadianWifier|for queens first game
|c| TheCanadianWifier|please show mercy
|c| afkfingers|lol i feel bad
|c| afkfingers|i wanna halp
|c| TheCanadianWifier|LOL
|
|switch|p2a: Gardevoir|Gardevoir, F|29\/281
|-damage|p2a: Gardevoir|0 fnt|[from] Stealth Rock
|faint|p2a: Gardevoir
|
|win|khalB
|raw|Ladder updating...
|c|âkhalB|gg
|raw|khalB's rating: 1340 &rarr; <strong>1360<\/strong><br \/>(+20 for winning)
|raw|QueenOfLuvdiscs's rating: 1335 &rarr; <strong>1316<\/strong><br \/>(-19 for losing)
|c| Garn|complex plays are how you learn
|c| Kiyo|garn who are u