|join|khalB
|join|BanBanettePlz
|player|p1|khalB|266
|player|p2|BanBanettePlz|1
|gametype|singles
|gen|6
|tier|OU
|rated
|clearpoke
|poke|p1|Landorus-Therian, M
|poke|p1|Excadrill, M
|poke|p1|Rotom-Wash
|poke|p1|Gardevoir, M
|poke|p1|Skarmory, F
|poke|p1|Charizard, M
|poke|p2|Chatot, F
|poke|p2|Aerodactyl, F
|poke|p2|Lopunny, M
|poke|p2|Mew
|poke|p2|Keldeo-Resolute
|poke|p2|Bisharp, F
|rule|Swagger Clause: Swagger is banned
|rule|Baton Pass Clause: Limit one PokÃ©mon knowing Baton Pass
|rule|Sleep Clause Mod: Limit one foe put to sleep
|rule|Species Clause: Limit one of each PokÃ©mon
|rule|OHKO Clause: OHKO moves are banned
|rule|Moody Clause: Moody is banned
|rule|Evasion Moves Clause: Evasion moves are banned
|rule|Endless Battle Clause: Forcing endless battles is banned
|rule|HP Percentage Mod: HP is shown in percentages
|teampreview
|
|start
|switch|p1a: Landorus-Therian|Landorus-Therian, M|319\/319
|switch|p2a: Aerodactyl|Aerodactyl, F|301\/301
|-ability|p1a: Landorus-Therian|Intimidate|[of] p2a: Aerodactyl
|-unboost|p2a: Aerodactyl|atk|1
|-ability|p2a: Aerodactyl|Pressure
|turn|1
|
|move|p1a: Landorus-Therian|Stone Edge|p2a: Aerodactyl
|-supereffective|p2a: Aerodactyl
|-enditem|p2a: Aerodactyl|Focus Sash
|-damage|p2a: Aerodactyl|1\/301
|move|p2a: Aerodactyl|Stealth Rock|p1a: Landorus-Therian
|-sidestart|p1: khalB|move: Stealth Rock
|
|turn|2
|
|switch|p2a: Keldeo-Resolute|Keldeo-Resolute|323\/323
|move|p1a: Landorus-Therian|Stone Edge|p2a: Keldeo-Resolute
|-resisted|p2a: Keldeo-Resolute
|-damage|p2a: Keldeo-Resolute|254\/323
|
|turn|3
|
|switch|p1a: Gardevoir|Gardevoir, M|340\/340
|-damage|p1a: Gardevoir|298\/340|[from] Stealth Rock
|-ability|p1a: Gardevoir|Justified|[from] ability: Trace|[of] p2a: Keldeo-Resolute
|move|p2a: Keldeo-Resolute|Secret Sword|p1a: Gardevoir
|-resisted|p1a: Gardevoir
|-damage|p1a: Gardevoir|228\/340
|
|turn|4
|
|switch|p2a: Aerodactyl|Aerodactyl, F|1\/301
|-ability|p2a: Aerodactyl|Pressure
|move|p1a: Gardevoir|Moonblast|p2a: Aerodactyl
|-damage|p2a: Aerodactyl|0 fnt
|-damage|p1a: Gardevoir|194\/340|[from] item: Life Orb
|faint|p2a: Aerodactyl
|
|
|switch|p2a: Lopunny|Lopunny, M|272\/272
|turn|5
|
|switch|p1a: Landorus-Therian|Landorus-Therian, M|319\/319
|-damage|p1a: Landorus-Therian|280\/319|[from] Stealth Rock
|-ability|p1a: Landorus-Therian|Intimidate|[of] p2a: Lopunny
|-unboost|p2a: Lopunny|atk|1
|detailschange|p2a: Lopunny|Lopunny-Mega, M
|message|Lopunny has Mega Evolved into Mega Lopunny!
|move|p2a: Lopunny|Frustration|p1a: Landorus-Therian
|-damage|p1a: Landorus-Therian|126\/319
|
|turn|6
|
|switch|p2a: Keldeo-Resolute|Keldeo-Resolute|254\/323
|move|p1a: Landorus-Therian|U-turn|p2a: Keldeo-Resolute
|-resisted|p2a: Keldeo-Resolute
|-damage|p2a: Keldeo-Resolute|205\/323
|
|switch|p1a: Rotom-Wash|Rotom-Wash|304\/304
|-damage|p1a: Rotom-Wash|266\/304|[from] Stealth Rock
|
|-heal|p1a: Rotom-Wash|285\/304|[from] item: Leftovers
|turn|7
|
|move|p2a: Keldeo-Resolute|Secret Sword|p1a: Rotom-Wash
|-damage|p1a: Rotom-Wash|57\/304
|move|p1a: Rotom-Wash|Volt Switch|p2a: Keldeo-Resolute
|-supereffective|p2a: Keldeo-Resolute
|-damage|p2a: Keldeo-Resolute|0 fnt
|faint|p2a: Keldeo-Resolute
|
|switch|p1a: Landorus-Therian|Landorus-Therian, M|126\/319
|-damage|p1a: Landorus-Therian|87\/319|[from] Stealth Rock
|
|
|switch|p2a: Lopunny|Lopunny-Mega, M|272\/272
|turn|8
|
|move|p2a: Lopunny|Fake Out|p1a: Landorus-Therian
|-damage|p1a: Landorus-Therian|5\/319
|cant|p1a: Landorus-Therian|flinch
|
|turn|9
|
|move|p1a: Landorus-Therian|Earthquake|p2a: Lopunny
|-damage|p2a: Lopunny|70\/272
|move|p2a: Lopunny|Jump Kick|p1a: Landorus-Therian
|-resisted|p1a: Landorus-Therian
|-damage|p1a: Landorus-Therian|0 fnt
|faint|p1a: Landorus-Therian
|
|
|switch|p1a: Skarmory|Skarmory, F|334\/334
|-damage|p1a: Skarmory|293\/334|[from] Stealth Rock
|turn|10
|
|switch|p2a: Bisharp|Bisharp, F|272\/272
|move|p1a: Skarmory|Stealth Rock|p2a: Bisharp
|-sidestart|p2: BanBanettePlz|move: Stealth Rock
|
|turn|11
|
|move|p2a: Bisharp|Knock Off|p1a: Skarmory
|-crit|p1a: Skarmory
|-damage|p1a: Skarmory|53\/334
|-enditem|p1a: Skarmory|Shed Shell|[from] move: Knock Off|[of] p2a: Bisharp
|move|p1a: Skarmory|Whirlwind|p2a: Bisharp
|drag|p2a: Chatot|Chatot, F|293\/293
|-damage|p2a: Chatot|220\/293|[from] Stealth Rock
|
|turn|12
|
|move|p2a: Chatot|Boomburst|p1a: Skarmory
|-crit|p1a: Skarmory
|-resisted|p1a: Skarmory
|-damage|p1a: Skarmory|0 fnt
|faint|p1a: Skarmory
|
|
|switch|p1a: Excadrill|Excadrill, M|362\/362
|-damage|p1a: Excadrill|351\/362|[from] Stealth Rock
|-ability|p1a: Excadrill|Mold Breaker
|turn|13
|
|move|p1a: Excadrill|Rapid Spin|p2a: Chatot
|-damage|p2a: Chatot|174\/293
|-sideend|p1: khalB|Stealth Rock|[from] move: Rapid Spin|[of] p1a: Excadrill
|move|p2a: Chatot|Boomburst|p1a: Excadrill
|-resisted|p1a: Excadrill
|-damage|p1a: Excadrill|116\/362
|
|turn|14
|
|switch|p1a: Rotom-Wash|Rotom-Wash|57\/304
|move|p2a: Chatot|Boomburst|p1a: Rotom-Wash
|-damage|p1a: Rotom-Wash|0 fnt
|faint|p1a: Rotom-Wash
|
|
|switch|p1a: Excadrill|Excadrill, M|116\/362
|-ability|p1a: Excadrill|Mold Breaker
|turn|15
|
|switch|p2a: Bisharp|Bisharp, F|272\/272
|-damage|p2a: Bisharp|255\/272|[from] Stealth Rock
|move|p1a: Excadrill|Iron Head|p2a: Bisharp
|-resisted|p2a: Bisharp
|-damage|p2a: Bisharp|180\/272
|
|turn|16
|
|move|p1a: Excadrill|Iron Head|p2a: Bisharp
|-resisted|p2a: Bisharp
|-damage|p2a: Bisharp|100\/272
|cant|p2a: Bisharp|flinch
|
|turn|17
|
|move|p1a: Excadrill|Iron Head|p2a: Bisharp
|-resisted|p2a: Bisharp
|-damage|p2a: Bisharp|31\/272
|move|p2a: Bisharp|Knock Off|p1a: Excadrill
|-damage|p1a: Excadrill|0 fnt
|-enditem|p1a: Excadrill|Choice Scarf|[from] move: Knock Off|[of] p2a: Bisharp
|faint|p1a: Excadrill
|
|
|switch|p1a: Charizard|Charizard, M|321\/321
|turn|18
|
|detailschange|p1a: Charizard|Charizard-Mega-X, M
|message|Charizard has Mega Evolved into Mega Charizard!
|move|p1a: Charizard|Dragon Dance|p1a: Charizard
|-boost|p1a: Charizard|atk|1
|-boost|p1a: Charizard|spe|1
|move|p2a: Bisharp|Knock Off|p1a: Charizard
|-damage|p1a: Charizard|137\/321
|
|turn|19
|
|move|p1a: Charizard|Roost|p1a: Charizard
|-heal|p1a: Charizard|298\/321
|move|p2a: Bisharp|Knock Off|p1a: Charizard
|-damage|p1a: Charizard|138\/321
|
|turn|20
|
|move|p1a: Charizard|Roost|p1a: Charizard
|-heal|p1a: Charizard|299\/321
|move|p2a: Bisharp|Knock Off|p1a: Charizard
|-damage|p1a: Charizard|143\/321
|
|turn|21
|
|move|p1a: Charizard|Roost|p1a: Charizard
|-heal|p1a: Charizard|304\/321
|move|p2a: Bisharp|Knock Off|p1a: Charizard
|-damage|p1a: Charizard|144\/321
|
|turn|22
|
|move|p1a: Charizard|Fire Punch|p2a: Bisharp
|-supereffective|p2a: Bisharp
|-damage|p2a: Bisharp|0 fnt
|faint|p2a: Bisharp
|
|
|switch|p2a: Mew|Mew|404\/404
|-damage|p2a: Mew|354\/404|[from] Stealth Rock
|turn|23
|
|switch|p1a: Gardevoir|Gardevoir, M|194\/340
|-ability|p1a: Gardevoir|Synchronize|[from] ability: Trace|[of] p2a: Mew
|move|p2a: Mew|Thunder Wave|p1a: Gardevoir
|-status|p1a: Gardevoir|par
|-status|p2a: Mew|par
|
|-heal|p2a: Mew|379\/404 par|[from] item: Leftovers
|turn|24
|
|move|p2a: Mew|Tailwind|p2a: Mew
|-sidestart|p2: BanBanettePlz|move: Tailwind
|cant|p1a: Gardevoir|par
|
|-heal|p2a: Mew|404\/404 par|[from] item: Leftovers
|turn|25
|
|cant|p2a: Mew|par
|move|p1a: Gardevoir|Moonblast|p2a: Mew
|-damage|p2a: Mew|201\/404 par
|-damage|p1a: Gardevoir|160\/340 par|[from] item: Life Orb
|
|-heal|p2a: Mew|226\/404 par|[from] item: Leftovers
|turn|26
|leave|khalB
|player|p1
|join|khalB
|player|p1|khalB|266
|
|switch|p2a: Chatot|Chatot, F|174\/293
|-damage|p2a: Chatot|101\/293|[from] Stealth Rock
|move|p1a: Gardevoir|Moonblast|p2a: Chatot
|-crit|p2a: Chatot
|-damage|p2a: Chatot|0 fnt
|-damage|p1a: Gardevoir|126\/340 par|[from] item: Life Orb
|faint|p2a: Chatot
|
|
|switch|p2a: Lopunny|Lopunny-Mega, M|70\/272
|-damage|p2a: Lopunny|53\/272|[from] Stealth Rock
|turn|27
|
|move|p2a: Lopunny|Frustration|p1a: Gardevoir
|-damage|p1a: Gardevoir|0 fnt
|faint|p1a: Gardevoir
|
|-sideend|p2: BanBanettePlz|move: Tailwind
|
|switch|p1a: Charizard|Charizard-Mega-X, M|144\/321
|turn|28
|
|move|p2a: Lopunny|Frustration|p1a: Charizard
|-damage|p1a: Charizard|0 fnt
|faint|p1a: Charizard
|
|win|BanBanettePlz
|raw|Ladder updating...
|raw|khalB's rating: 1449 &rarr; <strong>1427<\/strong><br \/>(-22 for losing)
|raw|BanBanettePlz's rating: 1422 &rarr; <strong>1443<\/strong><br \/>(+21 for winning)
|c|âBanBanettePlz|gg
|c|âkhalB|gg
|leave|khalB
|player|p1