|join|khalb
|join|TheSkyAboveUs
|player|p1|khalb|102
|player|p2|TheSkyAboveUs|1
|gametype|singles
|gen|6
|tier|OU
|rated
|clearpoke
|poke|p1|Medicham, F
|poke|p1|Azelf
|poke|p1|Bisharp, F
|poke|p1|Gengar, M
|poke|p1|Breloom, M
|poke|p1|Thundurus, M
|poke|p2|Sableye, M, shiny
|poke|p2|Chansey, F, shiny
|poke|p2|Quagsire, F, shiny
|poke|p2|Skarmory, M, shiny
|poke|p2|Gliscor, M, shiny
|poke|p2|Cresselia, F, shiny
|rule|Swagger Clause: Swagger is banned
|rule|Baton Pass Clause: Limit one PokÃ©mon knowing Baton Pass
|rule|Sleep Clause Mod: Limit one foe put to sleep
|rule|Species Clause: Limit one of each PokÃ©mon
|rule|OHKO Clause: OHKO moves are banned
|rule|Moody Clause: Moody is banned
|rule|Evasion Moves Clause: Evasion moves are banned
|rule|Endless Battle Clause: Forcing endless battles is banned
|rule|HP Percentage Mod: HP is shown in percentages
|teampreview
|
|start
|switch|p1a: Thundurus|Thundurus, M|300\/300
|switch|p2a: Sableye|Sableye, M, shiny|301\/301
|turn|1
|
|detailschange|p2a: Sableye|Sableye-Mega, M, shiny
|-mega|p2a: Sableye|Sableye|Sablenite
|move|p2a: Sableye|Calm Mind|p2a: Sableye
|-boost|p2a: Sableye|spa|1
|-boost|p2a: Sableye|spd|1
|move|p1a: Thundurus|Thunderbolt|p2a: Sableye
|-damage|p2a: Sableye|179\/301
|-damage|p1a: Thundurus|270\/300|[from] item: Life Orb
|
|turn|2
|
|move|p1a: Thundurus|Volt Switch|p2a: Sableye
|-damage|p2a: Sableye|88\/301
|-damage|p1a: Thundurus|240\/300|[from] item: Life Orb
|
|switch|p1a: Bisharp|Bisharp, F|272\/272
|move|p2a: Sableye|Recover|p2a: Sableye
|-heal|p2a: Sableye|239\/301
|
|turn|3
|
|move|p1a: Bisharp|Iron Head|p2a: Sableye
|-damage|p2a: Sableye|149\/301
|move|p2a: Sableye|Will-O-Wisp|p1a: Bisharp
|-status|p1a: Bisharp|brn
|
|-damage|p1a: Bisharp|238\/272 brn|[from] brn
|turn|4
|
|move|p1a: Bisharp|Iron Head|p2a: Sableye
|-damage|p2a: Sableye|103\/301
|move|p2a: Sableye|Recover|p2a: Sableye
|-heal|p2a: Sableye|254\/301
|
|-damage|p1a: Bisharp|204\/272 brn|[from] brn
|turn|5
|
|move|p1a: Bisharp|Iron Head|p2a: Sableye
|-damage|p2a: Sableye|206\/301
|cant|p2a: Sableye|flinch
|
|-damage|p1a: Bisharp|170\/272 brn|[from] brn
|turn|6
|-message|khalb forfeited.
|leave|khalb
|
|win|TheSkyAboveUs
|raw|Ladder updating...
|player|p1
|raw|khalb's rating: 1656 &rarr; <strong>1628<\/strong><br \/>(-28 for losing)
|raw|TheSkyAboveUs's rating: 1522 &rarr; <strong>1549<\/strong><br \/>(+27 for winning)