|join|blankaking2
|join|edgipe
|player|p1|blankaking2|219
|player|p2|edgipe|93
|gametype|singles
|gen|6
|tier|UU
|rated
|rule|Sleep Clause Mod: Limit one foe put to sleep
|rule|Species Clause: Limit one of each PokÃ©mon
|rule|OHKO Clause: OHKO moves are banned
|rule|Moody Clause: Moody is banned
|rule|Evasion Moves Clause: Evasion moves are banned
|rule|Endless Battle Clause: Forcing endless battles is banned
|rule|HP Percentage Mod: HP is reported as percentages
|clearpoke
|poke|p1|Entei, shiny
|poke|p1|Donphan, M
|poke|p1|Celebi
|poke|p1|Absol, M
|poke|p1|Florges, F
|poke|p1|Chandelure, F
|poke|p2|Krookodile, M
|poke|p2|Rotom-Heat
|poke|p2|Chesnaught, F
|poke|p2|Empoleon, F
|poke|p2|Galvantula, M
|poke|p2|Trevenant, F
|rule|Swagger Clause: Swagger is banned
|rule|Baton Pass Clause: Limit one PokÃ©mon knowing Baton Pass
|teampreview
|
|start
|switch|p1a: Entei|Entei, shiny|372\/372
|switch|p2a: Big Pingu|Empoleon, F|372\/372
|-ability|p1a: Entei|Pressure
|turn|1
|
|move|p1a: Entei|Sacred Fire|p2a: Big Pingu
|-damage|p2a: Big Pingu|75\/372
|move|p2a: Big Pingu|Scald|p1a: Entei
|-supereffective|p1a: Entei
|-damage|p1a: Entei|0 fnt
|faint|p1a: Entei
|
|-heal|p2a: Big Pingu|98\/372|[from] item: Leftovers
|
|switch|p1a: Chandelure|Chandelure, F|261\/261
|turn|2
|
|move|p1a: Chandelure|Fire Blast|p2a: Big Pingu
|-damage|p2a: Big Pingu|0 fnt
|faint|p2a: Big Pingu
|
|
|switch|p2a: Alligator|Krookodile, M|331\/331
|turn|3
|
|switch|p1a: Donphan|Donphan, M|384\/384
|move|p2a: Alligator|Knock Off|p1a: Donphan
|-crit|p1a: Donphan
|-damage|p1a: Donphan|228\/384
|-enditem|p1a: Donphan|Leftovers|[from] move: Knock Off|[of] p2a: Alligator
|
|turn|4
|
|move|p2a: Alligator|Earthquake|p1a: Donphan
|-crit|p1a: Donphan
|-damage|p1a: Donphan|71\/384
|move|p1a: Donphan|Stealth Rock|p2a: Alligator
|-sidestart|p2: edgipe|move: Stealth Rock
|
|turn|5
|
|move|p2a: Alligator|Earthquake|p1a: Donphan
|-damage|p1a: Donphan|0 fnt
|faint|p1a: Donphan
|-boost|p2a: Alligator|atk|1|[from] ability: Moxie
|
|
|switch|p1a: Celebi|Celebi|404\/404
|turn|6
|
|move|p2a: Alligator|Knock Off|p1a: Celebi
|-supereffective|p1a: Celebi
|-damage|p1a: Celebi|0 fnt
|-enditem|p1a: Celebi|Leftovers|[from] move: Knock Off|[of] p2a: Alligator
|faint|p1a: Celebi
|-boost|p2a: Alligator|atk|1|[from] ability: Moxie
|
|
|switch|p1a: Chandelure|Chandelure, F|261\/261
|turn|7
|
|move|p1a: Chandelure|Fire Blast|p2a: Alligator
|-damage|p2a: Alligator|153\/331
|move|p2a: Alligator|Earthquake|p1a: Chandelure
|-supereffective|p1a: Chandelure
|-damage|p1a: Chandelure|0 fnt
|faint|p1a: Chandelure
|-boost|p2a: Alligator|atk|1|[from] ability: Moxie
|
|
|switch|p1a: Absol|Absol, M|271\/271
|turn|8
|
|detailschange|p1a: Absol|Absol-Mega, M
|message|Absol has Mega Evolved into Mega Absol!
|move|p1a: Absol|Sucker Punch|p2a: Alligator
|-resisted|p2a: Alligator
|-damage|p2a: Alligator|60\/331
|move|p2a: Alligator|Earthquake|p1a: Absol
|-damage|p1a: Absol|0 fnt
|faint|p1a: Absol
|-boost|p2a: Alligator|atk|1|[from] ability: Moxie
|
|-message|blankaking2 forfeited.
|
|win|edgipe
|raw|Ladder updating...
|leave|blankaking2
|player|p1
|raw|blankaking2's rating: 1351 &rarr; <strong>1327<\/strong><br \/>(-24 for losing)
|raw|edgipe's rating: 1269 &rarr; <strong>1300<\/strong><br \/>(+31 for winning)
|chat|edgipe|gg