|join|iDestructioNx
|join|xhenryx
|player|p1|iDestructioNx|2
|player|p2|xhenryx|170
|gametype|singles
|gen|6
|tier|OU
|rated
|clearpoke
|poke|p1|Charizard, M
|poke|p1|Tyranitar, M, shiny
|poke|p1|Latios, M, shiny
|poke|p1|Skarmory, M
|poke|p1|Landorus-Therian, M
|poke|p1|Scizor, F
|poke|p2|Jirachi
|poke|p2|Thundurus, M
|poke|p2|Rhyperior, M
|poke|p2|Conkeldurr, F
|poke|p2|Venusaur, F
|poke|p2|Azumarill, F
|rule|Swagger Clause: Swagger is banned
|rule|Baton Pass Clause: Limit one PokÃ©mon knowing Baton Pass
|rule|Sleep Clause Mod: Limit one foe put to sleep
|rule|Species Clause: Limit one of each PokÃ©mon
|rule|OHKO Clause: OHKO moves are banned
|rule|Moody Clause: Moody is banned
|rule|Evasion Moves Clause: Evasion moves are banned
|rule|Endless Battle Clause: Forcing endless battles is banned
|rule|HP Percentage Mod: HP is shown in percentages
|teampreview
|
|start
|switch|p1a: Landorus-Therian|Landorus-Therian, M|319\/319
|switch|p2a: Jirachi|Jirachi|342\/342
|-ability|p1a: Landorus-Therian|Intimidate|[of] p2a: Jirachi
|-unboost|p2a: Jirachi|atk|1
|turn|1
|
|move|p2a: Jirachi|Ice Punch|p1a: Landorus-Therian
|-supereffective|p1a: Landorus-Therian
|-damage|p1a: Landorus-Therian|83\/319
|move|p1a: Landorus-Therian|Earthquake|p2a: Jirachi
|-supereffective|p2a: Jirachi
|-damage|p2a: Jirachi|0 fnt
|faint|p2a: Jirachi
|
|
|switch|p2a: Thundurus|Thundurus, M|299\/299
|turn|2
|
|switch|p1a: Tyranitar|Tyranitar, M, shiny|341\/341
|-weather|Sandstorm
|move|p2a: Thundurus|Grass Knot|p1a: Tyranitar
|-supereffective|p1a: Tyranitar
|-damage|p1a: Tyranitar|215\/341
|
|-weather|Sandstorm|[upkeep]
|-damage|p2a: Thundurus|281\/299|[from] sandstorm
|-heal|p2a: Thundurus|299\/299|[from] item: Leftovers
|turn|3
|
|switch|p2a: Rhyperior|Rhyperior, M|434\/434
|move|p1a: Tyranitar|Stone Edge|p2a: Rhyperior|[miss]
|-miss|p1a: Tyranitar|p2a: Rhyperior
|
|-weather|Sandstorm|[upkeep]
|turn|4
|
|switch|p1a: Skarmory|Skarmory, M|330\/330
|move|p2a: Rhyperior|Stealth Rock|p1a: Skarmory
|-sidestart|p1: iDestructioNx|move: Stealth Rock
|
|-weather|Sandstorm|[upkeep]
|turn|5
|
|switch|p2a: Thundurus|Thundurus, M|299\/299
|move|p1a: Skarmory|Stealth Rock|p2a: Thundurus
|-sidestart|p2: xhenryx|move: Stealth Rock
|
|-weather|Sandstorm|[upkeep]
|-damage|p2a: Thundurus|281\/299|[from] sandstorm
|-heal|p2a: Thundurus|299\/299|[from] item: Leftovers
|turn|6
|
|switch|p1a: Landorus-Therian|Landorus-Therian, M|83\/319
|-damage|p1a: Landorus-Therian|44\/319|[from] Stealth Rock
|-ability|p1a: Landorus-Therian|Intimidate|[of] p2a: Thundurus
|-unboost|p2a: Thundurus|atk|1
|move|p2a: Thundurus|Grass Knot|p1a: Landorus-Therian
|-damage|p1a: Landorus-Therian|0 fnt
|faint|p1a: Landorus-Therian
|
|-weather|none
|
|switch|p1a: Tyranitar|Tyranitar, M, shiny|215\/341
|-damage|p1a: Tyranitar|173\/341|[from] Stealth Rock
|-weather|Sandstorm
|turn|7
|
|move|p2a: Thundurus|Grass Knot|p1a: Tyranitar
|-supereffective|p1a: Tyranitar
|-damage|p1a: Tyranitar|49\/341
|move|p1a: Tyranitar|Pursuit|p2a: Thundurus
|-damage|p2a: Thundurus|205\/299
|
|-weather|Sandstorm|[upkeep]
|-damage|p2a: Thundurus|187\/299|[from] sandstorm
|-heal|p2a: Thundurus|205\/299|[from] item: Leftovers
|turn|8
|
|move|p2a: Thundurus|Thunderbolt|p1a: Tyranitar
|-damage|p1a: Tyranitar|0 fnt
|faint|p1a: Tyranitar
|
|-weather|Sandstorm|[upkeep]
|-damage|p2a: Thundurus|187\/299|[from] sandstorm
|-heal|p2a: Thundurus|205\/299|[from] item: Leftovers
|
|switch|p1a: Latios|Latios, M, shiny|301\/301
|-damage|p1a: Latios|264\/301|[from] Stealth Rock
|turn|9
|
|move|p2a: Thundurus|Thunder Wave|p1a: Latios
|-status|p1a: Latios|par
|move|p1a: Latios|Defog|p2a: Thundurus
|-unboost|p2a: Thundurus|evasion|1
|-sideend|p2: xhenryx|Stealth Rock|[from] move: Defog|[of] p2a: Thundurus
|-sideend|p1: iDestructioNx|Stealth Rock|[from] move: Defog|[of] p1a: Latios
|
|-weather|Sandstorm|[upkeep]
|-damage|p2a: Thundurus|187\/299|[from] sandstorm
|-damage|p1a: Latios|246\/301 par|[from] sandstorm
|-heal|p2a: Thundurus|205\/299|[from] item: Leftovers
|turn|10
|
|switch|p2a: Azumarill|Azumarill, F|403\/403
|cant|p1a: Latios|par
|
|-weather|Sandstorm|[upkeep]
|-damage|p2a: Azumarill|378\/403|[from] sandstorm
|-damage|p1a: Latios|228\/301 par|[from] sandstorm
|turn|11
|
|switch|p1a: Skarmory|Skarmory, M|330\/330
|move|p2a: Azumarill|Knock Off|p1a: Skarmory
|-damage|p1a: Skarmory|218\/330
|-damage|p2a: Azumarill|311\/403|[from] item: Rocky Helmet|[of] p1a: Skarmory
|-enditem|p1a: Skarmory|Rocky Helmet|[from] move: Knock Off|[of] p2a: Azumarill
|
|-weather|none
|turn|12
|
|switch|p2a: Thundurus|Thundurus, M|205\/299
|move|p1a: Skarmory|Stealth Rock|p2a: Thundurus
|-sidestart|p2: xhenryx|move: Stealth Rock
|
|-heal|p2a: Thundurus|223\/299|[from] item: Leftovers
|turn|13
|
|switch|p1a: Latios|Latios, M, shiny|228\/301 par
|move|p2a: Thundurus|Thunderbolt|p1a: Latios
|-resisted|p1a: Latios
|-damage|p1a: Latios|156\/301 par
|
|-heal|p2a: Thundurus|241\/299|[from] item: Leftovers
|turn|14
|
|switch|p2a: Azumarill|Azumarill, F|311\/403
|-damage|p2a: Azumarill|261\/403|[from] Stealth Rock
|move|p1a: Latios|Psyshock|p2a: Azumarill
|-damage|p2a: Azumarill|27\/403
|-damage|p1a: Latios|126\/301 par|[from] item: Life Orb
|
|turn|15
|
|switch|p1a: Skarmory|Skarmory, M|218\/330
|move|p2a: Azumarill|Waterfall|p1a: Skarmory
|-damage|p1a: Skarmory|73\/330
|
|turn|16
|
|switch|p2a: Thundurus|Thundurus, M|241\/299
|-damage|p2a: Thundurus|167\/299|[from] Stealth Rock
|move|p1a: Skarmory|Roost|p1a: Skarmory
|-heal|p1a: Skarmory|238\/330
|
|-heal|p2a: Thundurus|185\/299|[from] item: Leftovers
|turn|17
|
|switch|p1a: Latios|Latios, M, shiny|126\/301 par
|move|p2a: Thundurus|Thunderbolt|p1a: Latios
|-resisted|p1a: Latios
|-damage|p1a: Latios|59\/301 par
|
|-heal|p2a: Thundurus|203\/299|[from] item: Leftovers
|turn|18
|
|move|p2a: Thundurus|Thunderbolt|p1a: Latios
|-resisted|p1a: Latios
|-damage|p1a: Latios|0 fnt
|faint|p1a: Latios
|
|-heal|p2a: Thundurus|221\/299|[from] item: Leftovers
|
|switch|p1a: Charizard|Charizard, M|297\/297
|turn|19
|
|detailschange|p1a: Charizard|Charizard-Mega-Y, M
|message|Charizard has Mega Evolved into Mega Charizard!
|-weather|SunnyDay
|move|p2a: Thundurus|Thunder Wave|p1a: Charizard
|-status|p1a: Charizard|par
|move|p1a: Charizard|Fire Blast|p2a: Thundurus
|-crit|p2a: Thundurus
|-damage|p2a: Thundurus|0 fnt
|faint|p2a: Thundurus
|
|-weather|SunnyDay|[upkeep]
|
|switch|p2a: Rhyperior|Rhyperior, M|434\/434
|-damage|p2a: Rhyperior|407\/434|[from] Stealth Rock
|turn|20
|
|switch|p1a: Skarmory|Skarmory, M|238\/330
|move|p2a: Rhyperior|Stone Edge|p1a: Skarmory
|-damage|p1a: Skarmory|154\/330
|
|-weather|SunnyDay|[upkeep]
|-heal|p2a: Rhyperior|434\/434|[from] item: Leftovers
|turn|21
|
|switch|p1a: Scizor|Scizor, F|281\/281
|move|p2a: Rhyperior|Stealth Rock|p1a: Scizor
|-sidestart|p1: iDestructioNx|move: Stealth Rock
|
|-weather|SunnyDay|[upkeep]
|turn|22
|
|move|p1a: Scizor|Swords Dance|p1a: Scizor
|-boost|p1a: Scizor|atk|2
|move|p2a: Rhyperior|Earthquake|p1a: Scizor
|-damage|p1a: Scizor|118\/281
|
|-weather|SunnyDay|[upkeep]
|turn|23
|
|move|p1a: Scizor|Superpower|p2a: Rhyperior
|-crit|p2a: Rhyperior
|-supereffective|p2a: Rhyperior
|-damage|p2a: Rhyperior|0 fnt
|-unboost|p1a: Scizor|atk|1
|-unboost|p1a: Scizor|def|1
|-damage|p1a: Scizor|90\/281|[from] item: Life Orb
|faint|p2a: Rhyperior
|
|-weather|none
|
|switch|p2a: Conkeldurr|Conkeldurr, F|381\/381
|-damage|p2a: Conkeldurr|358\/381|[from] Stealth Rock
|turn|24
|
|move|p1a: Scizor|Bullet Punch|p2a: Conkeldurr
|-damage|p2a: Conkeldurr|103\/381
|-damage|p1a: Scizor|62\/281|[from] item: Life Orb
|move|p2a: Conkeldurr|Drain Punch|p1a: Scizor
|-damage|p1a: Scizor|0 fnt
|-heal|p2a: Conkeldurr|134\/381|[from] drain|[of] p1a: Scizor
|faint|p1a: Scizor
|
|-heal|p2a: Conkeldurr|157\/381|[from] item: Leftovers
|
|switch|p1a: Skarmory|Skarmory, M|154\/330
|-damage|p1a: Skarmory|113\/330|[from] Stealth Rock
|turn|25
|
|move|p1a: Skarmory|Brave Bird|p2a: Conkeldurr
|-supereffective|p2a: Conkeldurr
|-damage|p2a: Conkeldurr|0 fnt
|-damage|p1a: Skarmory|61\/330|[from] recoil|[of] p2a: Conkeldurr
|faint|p2a: Conkeldurr
|
|
|switch|p2a: Venusaur|Venusaur, F|364\/364
|-damage|p2a: Venusaur|319\/364|[from] Stealth Rock
|turn|26
|
|detailschange|p2a: Venusaur|Venusaur-Mega, F
|message|Venusaur has Mega Evolved into Mega Venusaur!
|move|p2a: Venusaur|Hidden Power|p1a: Skarmory
|-supereffective|p1a: Skarmory
|-damage|p1a: Skarmory|0 fnt
|faint|p1a: Skarmory
|
|
|switch|p1a: Charizard|Charizard-Mega-Y, M|297\/297 par
|-damage|p1a: Charizard|149\/297 par|[from] Stealth Rock
|-weather|SunnyDay
|turn|27
|
|move|p2a: Venusaur|Sludge Bomb|p1a: Charizard
|-damage|p1a: Charizard|37\/297 par
|move|p1a: Charizard|Fire Blast|p2a: Venusaur
|-supereffective|p2a: Venusaur
|-damage|p2a: Venusaur|23\/364
|
|-weather|SunnyDay|[upkeep]
|turn|28
|c|âxhenryx|o.o
|
|move|p2a: Venusaur|Sludge Bomb|p1a: Charizard
|-crit|p1a: Charizard
|-damage|p1a: Charizard|0 fnt
|faint|p1a: Charizard
|
|win|xhenryx
|raw|Ladder updating...
|raw|iDestructioNx's rating: 1724 &rarr; <strong>1702<\/strong><br \/>(-22 for losing)
|raw|xhenryx's rating: 1690 &rarr; <strong>1712<\/strong><br \/>(+22 for winning)
|leave|iDestructioNx
|player|p1