|join|Dodoria
|join|xhenryx
|player|p1|Dodoria|224
|player|p2|xhenryx|1
|gametype|singles
|gen|6
|tier|OU
|rated
|clearpoke
|poke|p1|Venusaur, F
|poke|p1|Charizard, F
|poke|p1|Starmie
|poke|p1|Heatran, M
|poke|p1|Wobbuffet, M
|poke|p1|Hippowdon, M
|poke|p2|Politoed, M
|poke|p2|Ludicolo, M
|poke|p2|Swampert, F
|poke|p2|Ferrothorn, M
|poke|p2|Tornadus-Therian, M
|poke|p2|Rhyperior, M
|rule|Swagger Clause: Swagger is banned
|rule|Baton Pass Clause: Limit one PokÃ©mon knowing Baton Pass
|rule|Sleep Clause Mod: Limit one foe put to sleep
|rule|Species Clause: Limit one of each PokÃ©mon
|rule|OHKO Clause: OHKO moves are banned
|rule|Moody Clause: Moody is banned
|rule|Evasion Moves Clause: Evasion moves are banned
|rule|Endless Battle Clause: Forcing endless battles is banned
|rule|HP Percentage Mod: HP is shown in percentages
|teampreview
|c|âDodoria|please play the whole battle, friend. Don't forfeit
|c|âDodoria|glhf
|
|start
|switch|p1a: Hippowdon|Hippowdon, M|420\/420
|switch|p2a: Politoed|Politoed, M|384\/384
|-weather|RainDance
|turn|1
|
|switch|p1a: Starmie|Starmie|324\/324
|move|p2a: Politoed|Scald|p1a: Starmie
|-resisted|p1a: Starmie
|-damage|p1a: Starmie|255\/324
|
|-weather|RainDance|[upkeep]
|-heal|p1a: Starmie|275\/324|[from] item: Leftovers
|turn|2
|
|switch|p1a: Heatran|Heatran, M|323\/323
|-item|p1a: Heatran|Air Balloon
|switch|p2a: Ferrothorn|Ferrothorn, M|352\/352
|
|-weather|RainDance|[upkeep]
|turn|3
|
|move|p1a: Heatran|Magma Storm|p2a: Ferrothorn
|-supereffective|p2a: Ferrothorn
|-damage|p2a: Ferrothorn|76\/352
|-activate|p2a: Ferrothorn|move: Magma Storm|[of] p1a: Heatran
|move|p2a: Ferrothorn|Thunder Wave|p1a: Heatran
|-status|p1a: Heatran|par
|
|-weather|RainDance|[upkeep]
|-heal|p2a: Ferrothorn|98\/352|[from] item: Leftovers
|-damage|p2a: Ferrothorn|54\/352|[from] move: Magma Storm|[partiallytrapped]
|turn|4
|
|move|p2a: Ferrothorn|Knock Off|p1a: Heatran
|-damage|p1a: Heatran|249\/323 par
|-enditem|p1a: Heatran|Air Balloon
|cant|p1a: Heatran|par
|
|-weather|RainDance|[upkeep]
|-heal|p2a: Ferrothorn|76\/352|[from] item: Leftovers
|-damage|p2a: Ferrothorn|32\/352|[from] move: Magma Storm|[partiallytrapped]
|turn|5
|
|move|p2a: Ferrothorn|Leech Seed|p1a: Heatran
|-start|p1a: Heatran|move: Leech Seed
|move|p1a: Heatran|Earth Power|p2a: Ferrothorn
|-crit|p2a: Ferrothorn
|-damage|p2a: Ferrothorn|0 fnt
|faint|p2a: Ferrothorn
|
|-weather|RainDance|[upkeep]
|
|switch|p2a: Swampert|Swampert, F|341\/341
|turn|6
|
|switch|p1a: Starmie|Starmie|275\/324
|detailschange|p2a: Swampert|Swampert-Mega, F
|-mega|p2a: Swampert|Swampert|Swampertite
|move|p2a: Swampert|Waterfall|p1a: Starmie
|-resisted|p1a: Starmie
|-damage|p1a: Starmie|114\/324
|
|-weather|RainDance|[upkeep]
|-heal|p1a: Starmie|134\/324|[from] item: Leftovers
|turn|7
|
|move|p2a: Swampert|Waterfall|p1a: Starmie
|-resisted|p1a: Starmie
|-damage|p1a: Starmie|0 fnt
|faint|p1a: Starmie
|
|-weather|RainDance|[upkeep]
|
|switch|p1a: Wobbuffet|Wobbuffet, M|534\/534
|turn|8
|
|move|p2a: Swampert|Waterfall|p1a: Wobbuffet
|-damage|p1a: Wobbuffet|245\/534
|move|p1a: Wobbuffet|Counter|p2a: Swampert
|-damage|p2a: Swampert|0 fnt
|faint|p2a: Swampert
|
|-weather|none
|-heal|p1a: Wobbuffet|278\/534|[from] item: Leftovers
|
|switch|p2a: Tornadus-Therian|Tornadus-Therian, M|299\/299
|turn|9
|
|switch|p1a: Heatran|Heatran, M|249\/323 par
|move|p2a: Tornadus-Therian|Knock Off|p1a: Heatran
|-damage|p1a: Heatran|168\/323 par
|-damage|p2a: Tornadus-Therian|270\/299|[from] item: Life Orb
|
|turn|10
|
|move|p2a: Tornadus-Therian|Superpower|p1a: Heatran
|-supereffective|p1a: Heatran
|-damage|p1a: Heatran|0 fnt
|-unboost|p2a: Tornadus-Therian|atk|1
|-unboost|p2a: Tornadus-Therian|def|1
|-damage|p2a: Tornadus-Therian|241\/299|[from] item: Life Orb
|faint|p1a: Heatran
|
|
|switch|p1a: Charizard|Charizard, F|297\/297
|turn|11
|
|move|p2a: Tornadus-Therian|U-turn|p1a: Charizard
|-resisted|p1a: Charizard
|-damage|p1a: Charizard|279\/297
|-damage|p2a: Tornadus-Therian|212\/299|[from] item: Life Orb
|
|switch|p2a: Rhyperior|Rhyperior, M|434\/434
|move|p1a: Charizard|Earthquake|p2a: Rhyperior
|-supereffective|p2a: Rhyperior
|-damage|p2a: Rhyperior|352\/434
|
|-heal|p2a: Rhyperior|379\/434|[from] item: Leftovers
|turn|12
|
|detailschange|p1a: Charizard|Charizard-Mega-Y, F
|-mega|p1a: Charizard|Charizard|Charizardite Y
|-weather|SunnyDay
|move|p1a: Charizard|Solar Beam|p2a: Rhyperior|[still]
|-prepare|p1a: Charizard|Solar Beam|p2a: Rhyperior
|-anim|p1a: Charizard|Solar Beam|p2a: Rhyperior
|-supereffective|p2a: Rhyperior
|-damage|p2a: Rhyperior|0 fnt
|faint|p2a: Rhyperior
|
|-weather|SunnyDay|[upkeep]
|
|switch|p2a: Politoed|Politoed, M|384\/384
|-weather|RainDance
|turn|13
|
|switch|p1a: Hippowdon|Hippowdon, M|420\/420
|switch|p2a: Tornadus-Therian|Tornadus-Therian, M|299\/299
|
|-weather|RainDance|[upkeep]
|turn|14
|
|move|p2a: Tornadus-Therian|Knock Off|p1a: Hippowdon
|-damage|p1a: Hippowdon|330\/420
|-enditem|p1a: Hippowdon|Leftovers|[from] move: Knock Off|[of] p2a: Tornadus-Therian
|-damage|p2a: Tornadus-Therian|270\/299|[from] item: Life Orb
|move|p1a: Hippowdon|Stone Edge|p2a: Tornadus-Therian
|-supereffective|p2a: Tornadus-Therian
|-damage|p2a: Tornadus-Therian|50\/299
|
|-weather|RainDance|[upkeep]
|turn|15
|
|move|p2a: Tornadus-Therian|Hurricane|p1a: Hippowdon
|-damage|p1a: Hippowdon|110\/420
|-damage|p2a: Tornadus-Therian|21\/299|[from] item: Life Orb
|move|p1a: Hippowdon|Stealth Rock|p2a: Tornadus-Therian
|-sidestart|p2: xhenryx|move: Stealth Rock
|
|-weather|RainDance|[upkeep]
|turn|16
|
|move|p2a: Tornadus-Therian|Hurricane|p1a: Hippowdon
|-damage|p1a: Hippowdon|0 fnt
|-damage|p2a: Tornadus-Therian|0 fnt|[from] item: Life Orb
|faint|p1a: Hippowdon
|faint|p2a: Tornadus-Therian
|
|-weather|RainDance|[upkeep]
|
|switch|p2a: Ludicolo|Ludicolo, M|301\/301
|switch|p1a: Wobbuffet|Wobbuffet, M|278\/534
|-damage|p2a: Ludicolo|264\/301|[from] Stealth Rock
|turn|17
|
|move|p2a: Ludicolo|Surf|p1a: Wobbuffet
|-damage|p1a: Wobbuffet|0 fnt
|faint|p1a: Wobbuffet
|
|-weather|RainDance|[upkeep]
|
|switch|p1a: Venusaur|Venusaur, F|319\/319
|turn|18
|
|switch|p2a: Politoed|Politoed, M|384\/384
|-damage|p2a: Politoed|336\/384|[from] Stealth Rock
|move|p1a: Venusaur|Sludge Bomb|p2a: Politoed
|-damage|p2a: Politoed|157\/384
|-status|p2a: Politoed|psn
|-damage|p1a: Venusaur|288\/319|[from] item: Life Orb
|
|-weather|RainDance|[upkeep]
|-damage|p2a: Politoed|109\/384 psn|[from] psn
|turn|19
|
|switch|p2a: Ludicolo|Ludicolo, M|264\/301
|-damage|p2a: Ludicolo|227\/301|[from] Stealth Rock
|move|p1a: Venusaur|Giga Drain|p2a: Ludicolo
|-damage|p2a: Ludicolo|70\/301
|-heal|p1a: Venusaur|319\/319|[from] drain|[of] p2a: Ludicolo
|-damage|p1a: Venusaur|288\/319|[from] item: Life Orb
|
|-weather|RainDance|[upkeep]
|turn|20
|
|switch|p1a: Charizard|Charizard-Mega-Y, F|279\/297
|-weather|SunnyDay
|move|p2a: Ludicolo|Ice Beam|p1a: Charizard
|-damage|p1a: Charizard|167\/297
|
|-weather|SunnyDay|[upkeep]
|turn|21
|
|switch|p1a: Venusaur|Venusaur, F|288\/319
|switch|p2a: Politoed|Politoed, M|109\/384 psn
|-damage|p2a: Politoed|61\/384 psn|[from] Stealth Rock
|-weather|RainDance
|
|-weather|RainDance|[upkeep]
|-damage|p2a: Politoed|13\/384 psn|[from] psn
|turn|22
|
|move|p1a: Venusaur|Giga Drain|p2a: Politoed
|-supereffective|p2a: Politoed
|-damage|p2a: Politoed|0 fnt
|-heal|p1a: Venusaur|295\/319|[from] drain|[of] p2a: Politoed
|-damage|p1a: Venusaur|264\/319|[from] item: Life Orb
|faint|p2a: Politoed
|
|-weather|RainDance|[upkeep]
|
|switch|p2a: Ludicolo|Ludicolo, M|70\/301
|-damage|p2a: Ludicolo|33\/301|[from] Stealth Rock
|turn|23
|
|switch|p1a: Charizard|Charizard-Mega-Y, F|167\/297
|-weather|SunnyDay
|move|p2a: Ludicolo|Ice Beam|p1a: Charizard
|-damage|p1a: Charizard|53\/297
|
|-weather|SunnyDay|[upkeep]
|turn|24
|c|âDodoria|gg
|
|move|p1a: Charizard|Flare Blitz|p2a: Ludicolo
|-damage|p2a: Ludicolo|0 fnt
|-damage|p1a: Charizard|42\/297|[from] recoil|[of] p2a: Ludicolo
|faint|p2a: Ludicolo
|
|win|Dodoria
|raw|Ladder updating...
|raw|Dodoria's rating: 1599 &rarr; <strong>1620<\/strong><br \/>(+21 for winning)
|raw|xhenryx's rating: 1620 &rarr; <strong>1598<\/strong><br \/>(-22 for losing)