|join|xhenryx
|join|uphaze
|player|p1|xhenryx|266
|player|p2|uphaze|87
|gametype|singles
|gen|6
|tier|OU
|rated
|clearpoke
|poke|p1|Venusaur, M
|poke|p1|Heatran, M
|poke|p1|Whimsicott, F
|poke|p1|Thundurus, M
|poke|p1|Garchomp, F
|poke|p1|Dugtrio, F
|poke|p2|Diancie
|poke|p2|Gengar, F
|poke|p2|Kyurem-Black
|poke|p2|Excadrill, F
|poke|p2|Raikou
|poke|p2|Talonflame, F
|rule|Swagger Clause: Swagger is banned
|rule|Baton Pass Clause: Limit one PokÃ©mon knowing Baton Pass
|rule|Sleep Clause Mod: Limit one foe put to sleep
|rule|Species Clause: Limit one of each PokÃ©mon
|rule|OHKO Clause: OHKO moves are banned
|rule|Moody Clause: Moody is banned
|rule|Evasion Moves Clause: Evasion moves are banned
|rule|Endless Battle Clause: Forcing endless battles is banned
|rule|HP Percentage Mod: HP is shown in percentages
|teampreview
|
|start
|switch|p1a: Garchomp|Garchomp, F|357\/357
|switch|p2a: Excadrill|Excadrill, F|361\/361
|-ability|p2a: Excadrill|Mold Breaker
|turn|1
|
|move|p1a: Garchomp|Earthquake|p2a: Excadrill
|-supereffective|p2a: Excadrill
|-enditem|p2a: Excadrill|Focus Sash
|-damage|p2a: Excadrill|1\/361
|move|p2a: Excadrill|Stealth Rock|p1a: Garchomp
|-sidestart|p1: xhenryx|move: Stealth Rock
|
|turn|2
|
|switch|p2a: Talonflame|Talonflame, F|298\/298
|move|p1a: Garchomp|Stealth Rock|p2a: Talonflame
|-sidestart|p2: uphaze|move: Stealth Rock
|
|turn|3
|
|switch|p1a: Heatran|Heatran, M|386\/386
|-damage|p1a: Heatran|338\/386|[from] Stealth Rock
|move|p2a: Talonflame|U-turn|p1a: Heatran
|-resisted|p1a: Heatran
|-damage|p1a: Heatran|316\/386
|
|switch|p2a: Diancie|Diancie|241\/241
|-damage|p2a: Diancie|211\/241|[from] Stealth Rock
|
|-heal|p1a: Heatran|340\/386|[from] item: Leftovers
|turn|4
|
|switch|p1a: Whimsicott|Whimsicott, F|324\/324
|-damage|p1a: Whimsicott|284\/324|[from] Stealth Rock
|detailschange|p2a: Diancie|Diancie-Mega
|-mega|p2a: Diancie|Diancie|Diancite
|move|p2a: Diancie|Diamond Storm|p1a: Whimsicott
|-damage|p1a: Whimsicott|143\/324
|
|-heal|p1a: Whimsicott|163\/324|[from] item: Leftovers
|turn|5
|
|move|p1a: Whimsicott|Stun Spore|p2a: Diancie
|move|p2a: Diancie|Stun Spore|p1a: Whimsicott|[from]Magic Bounce
|-fail|p1a: Whimsicott
|move|p2a: Diancie|Diamond Storm|p1a: Whimsicott
|-damage|p1a: Whimsicott|12\/324
|-boost|p2a: Diancie|def|1
|
|-heal|p1a: Whimsicott|32\/324|[from] item: Leftovers
|turn|6
|
|move|p1a: Whimsicott|Encore|p2a: Diancie
|move|p2a: Diancie|Encore|p1a: Whimsicott|[from]Magic Bounce
|-fail|p1a: Whimsicott
|move|p2a: Diancie|Diamond Storm|p1a: Whimsicott
|-damage|p1a: Whimsicott|0 fnt
|faint|p1a: Whimsicott
|
|
|switch|p1a: Dugtrio|Dugtrio, F|211\/211
|-damage|p1a: Dugtrio|198\/211|[from] Stealth Rock
|turn|7
|
|move|p1a: Dugtrio|Earthquake|p2a: Diancie
|-supereffective|p2a: Diancie
|-damage|p2a: Diancie|47\/241
|move|p2a: Diancie|Moonblast|p1a: Dugtrio
|-damage|p1a: Dugtrio|0 fnt
|faint|p1a: Dugtrio
|
|
|switch|p1a: Thundurus|Thundurus, M|299\/299
|-damage|p1a: Thundurus|225\/299|[from] Stealth Rock
|turn|8
|
|switch|p2a: Excadrill|Excadrill, F|1\/361
|-damage|p2a: Excadrill|0 fnt|[from] Stealth Rock
|faint|p2a: Excadrill
|move|p1a: Thundurus|Thunderbolt|p2: Excadrill|[notarget]
|-notarget
|
|-heal|p1a: Thundurus|243\/299|[from] item: Leftovers
|
|switch|p2a: Raikou|Raikou|322\/322
|-damage|p2a: Raikou|282\/322|[from] Stealth Rock
|-ability|p2a: Raikou|Pressure
|turn|9
|
|switch|p1a: Heatran|Heatran, M|340\/386
|-damage|p1a: Heatran|292\/386|[from] Stealth Rock
|move|p2a: Raikou|Hidden Power|p1a: Heatran
|-resisted|p1a: Heatran
|-damage|p1a: Heatran|281\/386
|
|-heal|p1a: Heatran|305\/386|[from] item: Leftovers
|turn|10
|
|move|p2a: Raikou|Volt Switch|p1a: Heatran
|-damage|p1a: Heatran|232\/386
|
|switch|p2a: Kyurem-Black|Kyurem-Black|391\/391
|-damage|p2a: Kyurem-Black|294\/391|[from] Stealth Rock
|-ability|p2a: Kyurem-Black|Teravolt
|move|p1a: Heatran|Lava Plume|p2a: Kyurem-Black
|-damage|p2a: Kyurem-Black|168\/391
|
|-heal|p1a: Heatran|256\/386|[from] item: Leftovers
|turn|11
|
|move|p1a: Heatran|Protect|p1a: Heatran
|-singleturn|p1a: Heatran|Protect
|move|p2a: Kyurem-Black|Ice Beam|p1a: Heatran
|-activate|p1a: Heatran|Protect
|
|-heal|p1a: Heatran|280\/386|[from] item: Leftovers
|turn|12
|
|move|p2a: Kyurem-Black|Earth Power|p1a: Heatran
|-supereffective|p1a: Heatran
|-damage|p1a: Heatran|0 fnt
|-damage|p2a: Kyurem-Black|129\/391|[from] item: Life Orb
|faint|p1a: Heatran
|
|
|switch|p1a: Garchomp|Garchomp, F|357\/357
|-damage|p1a: Garchomp|335\/357|[from] Stealth Rock
|turn|13
|
|switch|p2a: Diancie|Diancie-Mega|47\/241
|-damage|p2a: Diancie|17\/241|[from] Stealth Rock
|move|p1a: Garchomp|Earthquake|p2a: Diancie
|-crit|p2a: Diancie
|-supereffective|p2a: Diancie
|-damage|p2a: Diancie|0 fnt
|faint|p2a: Diancie
|
|
|switch|p2a: Gengar|Gengar, F|262\/262
|-damage|p2a: Gengar|230\/262|[from] Stealth Rock
|turn|14
|
|move|p2a: Gengar|Shadow Ball|p1a: Garchomp
|-damage|p1a: Garchomp|140\/357
|-damage|p2a: Gengar|204\/262|[from] item: Life Orb
|move|p1a: Garchomp|Outrage|p2a: Gengar
|-damage|p2a: Gengar|0 fnt
|faint|p2a: Gengar
|
|
|switch|p2a: Talonflame|Talonflame, F|298\/298
|-damage|p2a: Talonflame|149\/298|[from] Stealth Rock
|turn|15
|
|move|p2a: Talonflame|Brave Bird|p1a: Garchomp
|-damage|p1a: Garchomp|0 fnt
|-damage|p2a: Talonflame|112\/298|[from] ability: Rough Skin|[of] p1a: Garchomp
|-damage|p2a: Talonflame|66\/298|[from] recoil|[of] p1a: Garchomp
|faint|p1a: Garchomp
|
|
|switch|p1a: Thundurus|Thundurus, M|243\/299
|-damage|p1a: Thundurus|169\/299|[from] Stealth Rock
|turn|16
|
|move|p2a: Talonflame|Brave Bird|p1a: Thundurus
|-resisted|p1a: Thundurus
|-damage|p1a: Thundurus|13\/299
|-damage|p2a: Talonflame|15\/298|[from] recoil|[of] p1a: Thundurus
|move|p1a: Thundurus|Thunderbolt|p2a: Talonflame
|-supereffective|p2a: Talonflame
|-damage|p2a: Talonflame|0 fnt
|faint|p2a: Talonflame
|
|-heal|p1a: Thundurus|31\/299|[from] item: Leftovers
|
|switch|p2a: Raikou|Raikou|282\/322
|-damage|p2a: Raikou|242\/322|[from] Stealth Rock
|-ability|p2a: Raikou|Pressure
|turn|17
|
|move|p2a: Raikou|Volt Switch|p1a: Thundurus
|-damage|p1a: Thundurus|0 fnt
|faint|p1a: Thundurus
|
|switch|p2a: Kyurem-Black|Kyurem-Black|129\/391
|-damage|p2a: Kyurem-Black|32\/391|[from] Stealth Rock
|-ability|p2a: Kyurem-Black|Teravolt
|
|
|switch|p1a: Venusaur|Venusaur, M|364\/364
|-damage|p1a: Venusaur|319\/364|[from] Stealth Rock
|turn|18
|
|detailschange|p1a: Venusaur|Venusaur-Mega, M
|-mega|p1a: Venusaur|Venusaur|Venusaurite
|move|p2a: Kyurem-Black|Ice Beam|p1a: Venusaur
|-supereffective|p1a: Venusaur
|-damage|p1a: Venusaur|0 fnt
|-damage|p2a: Kyurem-Black|0 fnt|[from] item: Life Orb
|faint|p1a: Venusaur
|faint|p2a: Kyurem-Black
|
|win|uphaze
|raw|Ladder updating...
|raw|xhenryx's rating: 1604 &rarr; <strong>1581<\/strong><br \/>(-23 for losing)
|raw|uphaze's rating: 1556 &rarr; <strong>1579<\/strong><br \/>(+23 for winning)