|join|Masterghiru
|join|xhenryx
|player|p1|Masterghiru|52
|player|p2|xhenryx|102
|gametype|singles
|gen|6
|tier|OU
|rated
|clearpoke
|poke|p1|Ferrothorn, F
|poke|p1|Landorus, M
|poke|p1|Latios, M
|poke|p1|Metagross
|poke|p1|Terrakion
|poke|p1|Rotom-Wash
|poke|p2|Venusaur, F
|poke|p2|Heatran, M
|poke|p2|Whimsicott, F
|poke|p2|Thundurus, M
|poke|p2|Garchomp, F
|poke|p2|Dugtrio, M
|rule|Swagger Clause: Swagger is banned
|rule|Baton Pass Clause: Limit one PokÃ©mon knowing Baton Pass
|rule|Sleep Clause Mod: Limit one foe put to sleep
|rule|Species Clause: Limit one of each PokÃ©mon
|rule|OHKO Clause: OHKO moves are banned
|rule|Moody Clause: Moody is banned
|rule|Evasion Moves Clause: Evasion moves are banned
|rule|Endless Battle Clause: Forcing endless battles is banned
|rule|HP Percentage Mod: HP is shown in percentages
|teampreview
|
|start
|switch|p1a: Landorus|Landorus, M|319\/319
|switch|p2a: Venusaur|Venusaur, F|364\/364
|turn|1
|
|switch|p2a: Whimsicott|Whimsicott, F|324\/324
|move|p1a: Landorus|Psychic|p2a: Whimsicott
|-damage|p2a: Whimsicott|128\/324
|
|-heal|p2a: Whimsicott|148\/324|[from] item: Leftovers
|turn|2
|
|move|p2a: Whimsicott|Stun Spore|p1a: Landorus
|-status|p1a: Landorus|par
|cant|p1a: Landorus|par
|
|-heal|p2a: Whimsicott|168\/324|[from] item: Leftovers
|turn|3
|
|move|p2a: Whimsicott|Leech Seed|p1a: Landorus|[miss]
|-miss|p2a: Whimsicott|p1a: Landorus
|cant|p1a: Landorus|par
|
|-heal|p2a: Whimsicott|188\/324|[from] item: Leftovers
|turn|4
|
|move|p2a: Whimsicott|U-turn|p1a: Landorus
|-resisted|p1a: Landorus
|-damage|p1a: Landorus|297\/319 par
|
|switch|p2a: Heatran|Heatran, M|386\/386
|cant|p1a: Landorus|par
|
|turn|5
|
|switch|p2a: Whimsicott|Whimsicott, F|188\/324
|cant|p1a: Landorus|par
|
|-heal|p2a: Whimsicott|208\/324|[from] item: Leftovers
|turn|6
|
|switch|p1a: Ferrothorn|Ferrothorn, F|352\/352
|move|p2a: Whimsicott|Leech Seed|p1a: Ferrothorn
|-immune|p1a: Ferrothorn|[msg]
|
|-heal|p2a: Whimsicott|228\/324|[from] item: Leftovers
|turn|7
|
|switch|p2a: Garchomp|Garchomp, F|357\/357
|move|p1a: Ferrothorn|Stealth Rock|p2a: Garchomp
|-sidestart|p2: xhenryx|move: Stealth Rock
|
|turn|8
|
|move|p2a: Garchomp|Stealth Rock|p1a: Ferrothorn
|-sidestart|p1: Masterghiru|move: Stealth Rock
|move|p1a: Ferrothorn|Leech Seed|p2a: Garchomp
|-start|p2a: Garchomp|move: Leech Seed
|
|-damage|p2a: Garchomp|313\/357|[from] Leech Seed|[of] p1a: Ferrothorn
|turn|9
|
|switch|p2a: Heatran|Heatran, M|386\/386
|-damage|p2a: Heatran|338\/386|[from] Stealth Rock
|switch|p1a: Rotom-Wash|Rotom-Wash|303\/303
|-damage|p1a: Rotom-Wash|266\/303|[from] Stealth Rock
|
|-heal|p2a: Heatran|362\/386|[from] item: Leftovers
|turn|10
|
|move|p1a: Rotom-Wash|Volt Switch|p2a: Heatran
|-damage|p2a: Heatran|305\/386
|
|switch|p1a: Terrakion|Terrakion|323\/323
|-damage|p1a: Terrakion|303\/323|[from] Stealth Rock
|move|p2a: Heatran|Lava Plume|p1a: Terrakion
|-resisted|p1a: Terrakion
|-damage|p1a: Terrakion|239\/323
|
|-heal|p2a: Heatran|329\/386|[from] item: Leftovers
|turn|11
|
|switch|p2a: Whimsicott|Whimsicott, F|228\/324
|-damage|p2a: Whimsicott|188\/324|[from] Stealth Rock
|move|p1a: Terrakion|Close Combat|p2a: Whimsicott
|-resisted|p2a: Whimsicott
|-damage|p2a: Whimsicott|100\/324
|-unboost|p1a: Terrakion|def|1
|-unboost|p1a: Terrakion|spd|1
|
|-heal|p2a: Whimsicott|120\/324|[from] item: Leftovers
|turn|12
|
|switch|p1a: Landorus|Landorus, M|297\/319 par
|-damage|p1a: Landorus|258\/319 par|[from] Stealth Rock
|move|p2a: Whimsicott|U-turn|p1a: Landorus
|-resisted|p1a: Landorus
|-damage|p1a: Landorus|234\/319 par
|
|switch|p2a: Garchomp|Garchomp, F|313\/357
|-damage|p2a: Garchomp|291\/357|[from] Stealth Rock
|
|turn|13
|
|switch|p1a: Ferrothorn|Ferrothorn, F|352\/352
|-damage|p1a: Ferrothorn|330\/352|[from] Stealth Rock
|move|p2a: Garchomp|Swords Dance|p2a: Garchomp
|-boost|p2a: Garchomp|atk|2
|
|-heal|p1a: Ferrothorn|352\/352|[from] item: Leftovers
|turn|14
|
|move|p2a: Garchomp|Earthquake|p1a: Ferrothorn
|-damage|p1a: Ferrothorn|123\/352
|move|p1a: Ferrothorn|Gyro Ball|p2a: Garchomp
|-damage|p2a: Garchomp|122\/357
|-damage|p1a: Ferrothorn|79\/352|[from] ability: Rough Skin|[of] p2a: Garchomp
|
|-heal|p1a: Ferrothorn|101\/352|[from] item: Leftovers
|turn|15
|
|move|p1a: Ferrothorn|Protect|p1a: Ferrothorn
|-singleturn|p1a: Ferrothorn|Protect
|move|p2a: Garchomp|Outrage|p1a: Ferrothorn
|-activate|p1a: Ferrothorn|Protect
|
|-heal|p1a: Ferrothorn|123\/352|[from] item: Leftovers
|turn|16
|
|move|p1a: Ferrothorn|Protect|p1a: Ferrothorn
|-fail|p1a: Ferrothorn
|move|p2a: Garchomp|Earthquake|p1a: Ferrothorn
|-damage|p1a: Ferrothorn|0 fnt
|faint|p1a: Ferrothorn
|
|
|switch|p1a: Latios|Latios, M|301\/301
|-damage|p1a: Latios|264\/301|[from] Stealth Rock
|turn|17
|
|switch|p2a: Heatran|Heatran, M|329\/386
|-damage|p2a: Heatran|281\/386|[from] Stealth Rock
|move|p1a: Latios|Psyshock|p2a: Heatran
|-resisted|p2a: Heatran
|-damage|p2a: Heatran|193\/386
|-damage|p1a: Latios|234\/301|[from] item: Life Orb
|
|-heal|p2a: Heatran|217\/386|[from] item: Leftovers
|turn|18
|
|switch|p1a: Rotom-Wash|Rotom-Wash|266\/303
|-damage|p1a: Rotom-Wash|229\/303|[from] Stealth Rock
|move|p2a: Heatran|Iron Head|p1a: Rotom-Wash
|-resisted|p1a: Rotom-Wash
|-damage|p1a: Rotom-Wash|214\/303
|
|-heal|p2a: Heatran|241\/386|[from] item: Leftovers
|turn|19
|
|move|p2a: Heatran|Protect|p2a: Heatran
|-singleturn|p2a: Heatran|Protect
|move|p1a: Rotom-Wash|Hydro Pump|p2a: Heatran
|-activate|p2a: Heatran|Protect
|
|-heal|p2a: Heatran|265\/386|[from] item: Leftovers
|turn|20
|
|switch|p2a: Venusaur|Venusaur, F|364\/364
|-damage|p2a: Venusaur|319\/364|[from] Stealth Rock
|move|p1a: Rotom-Wash|Will-O-Wisp|p2a: Venusaur|[miss]
|-miss|p1a: Rotom-Wash|p2a: Venusaur
|
|turn|21
|
|switch|p1a: Metagross|Metagross|301\/301
|-damage|p1a: Metagross|283\/301|[from] Stealth Rock
|detailschange|p2a: Venusaur|Venusaur-Mega, F
|-mega|p2a: Venusaur|Venusaur|Venusaurite
|move|p2a: Venusaur|Hidden Power|p1a: Metagross
|-crit|p1a: Metagross
|-supereffective|p1a: Metagross
|-damage|p1a: Metagross|49\/301
|
|turn|22
|
|switch|p2a: Heatran|Heatran, M|265\/386
|-damage|p2a: Heatran|217\/386|[from] Stealth Rock
|detailschange|p1a: Metagross|Metagross-Mega
|-mega|p1a: Metagross|Metagross|Metagrossite
|move|p1a: Metagross|Zen Headbutt|p2a: Heatran
|-resisted|p2a: Heatran
|-damage|p2a: Heatran|128\/386
|
|-heal|p2a: Heatran|152\/386|[from] item: Leftovers
|turn|23
|c|âMasterghiru|worst fight ever
|
|move|p2a: Heatran|Protect|p2a: Heatran
|-singleturn|p2a: Heatran|Protect
|move|p1a: Metagross|Hammer Arm|p2a: Heatran
|-activate|p2a: Heatran|Protect
|
|-heal|p2a: Heatran|176\/386|[from] item: Leftovers
|turn|24
|
|switch|p2a: Whimsicott|Whimsicott, F|120\/324
|-damage|p2a: Whimsicott|80\/324|[from] Stealth Rock
|move|p1a: Metagross|Hammer Arm|p2a: Whimsicott
|-resisted|p2a: Whimsicott
|-damage|p2a: Whimsicott|10\/324
|-unboost|p1a: Metagross|spe|1
|
|-heal|p2a: Whimsicott|30\/324|[from] item: Leftovers
|turn|25
|
|move|p2a: Whimsicott|Encore|p1a: Metagross
|-start|p1a: Metagross|Encore
|move|p1a: Metagross|Hammer Arm|p2a: Whimsicott
|-resisted|p2a: Whimsicott
|-damage|p2a: Whimsicott|0 fnt
|-unboost|p1a: Metagross|spe|1
|faint|p2a: Whimsicott
|
|
|switch|p2a: Dugtrio|Dugtrio, M|211\/211
|-damage|p2a: Dugtrio|198\/211|[from] Stealth Rock
|turn|26
|
|move|p2a: Dugtrio|Earthquake|p1a: Metagross
|-supereffective|p1a: Metagross
|-damage|p1a: Metagross|0 fnt
|faint|p1a: Metagross
|
|
|switch|p1a: Latios|Latios, M|234\/301
|-damage|p1a: Latios|197\/301|[from] Stealth Rock
|turn|27
|
|move|p2a: Dugtrio|Stone Edge|p1a: Latios
|-damage|p1a: Latios|88\/301
|move|p1a: Latios|Psyshock|p2a: Dugtrio
|-damage|p2a: Dugtrio|0 fnt
|-damage|p1a: Latios|58\/301|[from] item: Life Orb
|faint|p2a: Dugtrio
|
|
|switch|p2a: Thundurus|Thundurus, M|299\/299
|-damage|p2a: Thundurus|225\/299|[from] Stealth Rock
|turn|28
|
|switch|p1a: Landorus|Landorus, M|234\/319 par
|-damage|p1a: Landorus|195\/319 par|[from] Stealth Rock
|move|p2a: Thundurus|Thunderbolt|p1a: Landorus
|-immune|p1a: Landorus|[msg]
|
|-heal|p2a: Thundurus|243\/299|[from] item: Leftovers
|turn|29
|
|switch|p2a: Garchomp|Garchomp, F|122\/357
|-damage|p2a: Garchomp|100\/357|[from] Stealth Rock
|move|p1a: Landorus|Knock Off|p2a: Garchomp
|-damage|p2a: Garchomp|0 fnt
|-damage|p1a: Landorus|156\/319 par|[from] ability: Rough Skin|[of] p2a: Garchomp
|-enditem|p2a: Garchomp|Lum Berry|[from] move: Knock Off|[of] p1a: Landorus
|-damage|p1a: Landorus|125\/319 par|[from] item: Life Orb
|faint|p2a: Garchomp
|
|
|switch|p2a: Venusaur|Venusaur-Mega, F|319\/364
|-damage|p2a: Venusaur|274\/364|[from] Stealth Rock
|turn|30
|
|move|p2a: Venusaur|Giga Drain|p1a: Landorus
|-damage|p1a: Landorus|0 fnt
|-heal|p2a: Venusaur|337\/364|[from] drain|[of] p1a: Landorus
|faint|p1a: Landorus
|
|
|switch|p1a: Latios|Latios, M|58\/301
|-damage|p1a: Latios|21\/301|[from] Stealth Rock
|turn|31
|
|switch|p2a: Heatran|Heatran, M|176\/386
|-damage|p2a: Heatran|128\/386|[from] Stealth Rock
|move|p1a: Latios|Recover|p1a: Latios
|-heal|p1a: Latios|172\/301
|
|-heal|p2a: Heatran|152\/386|[from] item: Leftovers
|turn|32
|
|move|p1a: Latios|Recover|p1a: Latios
|-heal|p1a: Latios|301\/301
|move|p2a: Heatran|Toxic|p1a: Latios
|-status|p1a: Latios|tox
|
|-heal|p2a: Heatran|176\/386|[from] item: Leftovers
|-damage|p1a: Latios|283\/301 tox|[from] psn
|turn|33
|
|switch|p1a: Rotom-Wash|Rotom-Wash|214\/303
|-damage|p1a: Rotom-Wash|177\/303|[from] Stealth Rock
|move|p2a: Heatran|Iron Head|p1a: Rotom-Wash
|-resisted|p1a: Rotom-Wash
|-damage|p1a: Rotom-Wash|162\/303
|
|-heal|p2a: Heatran|200\/386|[from] item: Leftovers
|turn|34
|join|GroudonRu
|
|move|p2a: Heatran|Protect|p2a: Heatran
|-singleturn|p2a: Heatran|Protect
|move|p1a: Rotom-Wash|Volt Switch|p2a: Heatran
|-activate|p2a: Heatran|Protect
|
|-heal|p2a: Heatran|224\/386|[from] item: Leftovers
|turn|35
|
|switch|p2a: Venusaur|Venusaur-Mega, F|337\/364
|-damage|p2a: Venusaur|292\/364|[from] Stealth Rock
|move|p1a: Rotom-Wash|Volt Switch|p2a: Venusaur
|-resisted|p2a: Venusaur
|-damage|p2a: Venusaur|259\/364
|
|switch|p1a: Latios|Latios, M|283\/301 tox
|-damage|p1a: Latios|246\/301 tox|[from] Stealth Rock
|
|-damage|p1a: Latios|228\/301 tox|[from] psn
|turn|36
|
|switch|p2a: Heatran|Heatran, M|224\/386
|-damage|p2a: Heatran|176\/386|[from] Stealth Rock
|move|p1a: Latios|Psyshock|p2a: Heatran
|-resisted|p2a: Heatran
|-damage|p2a: Heatran|86\/386
|-damage|p1a: Latios|198\/301 tox|[from] item: Life Orb
|
|-heal|p2a: Heatran|110\/386|[from] item: Leftovers
|-damage|p1a: Latios|162\/301 tox|[from] psn
|turn|37
|
|switch|p1a: Rotom-Wash|Rotom-Wash|162\/303
|-damage|p1a: Rotom-Wash|125\/303|[from] Stealth Rock
|move|p2a: Heatran|Toxic|p1a: Rotom-Wash
|-status|p1a: Rotom-Wash|tox
|
|-heal|p2a: Heatran|134\/386|[from] item: Leftovers
|-damage|p1a: Rotom-Wash|107\/303 tox|[from] psn
|turn|38
|
|switch|p2a: Venusaur|Venusaur-Mega, F|259\/364
|-damage|p2a: Venusaur|214\/364|[from] Stealth Rock
|move|p1a: Rotom-Wash|Rest|p1a: Rotom-Wash
|-status|p1a: Rotom-Wash|slp
|-heal|p1a: Rotom-Wash|303\/303 slp|[silent]
|-status|p1a: Rotom-Wash|slp|[from] move: Rest
|-enditem|p1a: Rotom-Wash|Chesto Berry|[eat]
|-curestatus|p1a: Rotom-Wash|slp
|
|turn|39
|
|switch|p1a: Latios|Latios, M|162\/301 tox
|-damage|p1a: Latios|125\/301 tox|[from] Stealth Rock
|move|p2a: Venusaur|Sludge Bomb|p1a: Latios
|-damage|p1a: Latios|0 fnt
|faint|p1a: Latios
|
|
|switch|p1a: Terrakion|Terrakion|239\/323
|-damage|p1a: Terrakion|219\/323|[from] Stealth Rock
|turn|40
|
|switch|p2a: Heatran|Heatran, M|134\/386
|-damage|p2a: Heatran|86\/386|[from] Stealth Rock
|move|p1a: Terrakion|Stone Edge|p2a: Heatran
|-damage|p2a: Heatran|0 fnt
|faint|p2a: Heatran
|
|
|switch|p2a: Thundurus|Thundurus, M|243\/299
|-damage|p2a: Thundurus|169\/299|[from] Stealth Rock
|turn|41
|
|move|p2a: Thundurus|Thunder Wave|p1a: Terrakion
|-status|p1a: Terrakion|par
|move|p1a: Terrakion|Stone Edge|p2a: Thundurus
|-supereffective|p2a: Thundurus
|-damage|p2a: Thundurus|0 fnt
|faint|p2a: Thundurus
|
|c|âxhenryx|gg
|c|âMasterghiru|no
|
|switch|p2a: Venusaur|Venusaur-Mega, F|214\/364
|-damage|p2a: Venusaur|169\/364|[from] Stealth Rock
|turn|42
|c|âMasterghiru|only a shitty fight win for hax
|
|move|p2a: Venusaur|Giga Drain|p1a: Terrakion
|-supereffective|p1a: Terrakion
|-damage|p1a: Terrakion|0 fnt
|-heal|p2a: Venusaur|279\/364|[from] drain|[of] p1a: Terrakion
|faint|p1a: Terrakion
|
|-message|Masterghiru forfeited.
|leave|Masterghiru
|
|win|xhenryx
|raw|Ladder updating...
|player|p1
|raw|Masterghiru's rating: 1610 &rarr; <strong>1589<\/strong><br \/>(-21 for losing)
|raw|xhenryx's rating: 1595 &rarr; <strong>1616<\/strong><br \/>(+21 for winning)
|leave|xhenryx
|player|p2