|join|xhenryx
|join|noggahh
|player|p1|xhenryx|2
|player|p2|noggahh|272
|gametype|singles
|gen|6
|tier|OU
|rated
|clearpoke
|poke|p1|Venusaur, M
|poke|p1|Heatran, F
|poke|p1|Whimsicott, F
|poke|p1|Thundurus, M
|poke|p1|Garchomp, M
|poke|p1|Dugtrio, M
|poke|p2|Manaphy
|poke|p2|Scizor, M
|poke|p2|Thundurus, M
|poke|p2|Landorus-Therian, M
|poke|p2|Rotom-Wash
|poke|p2|Diggersby, M
|rule|Swagger Clause: Swagger is banned
|rule|Baton Pass Clause: Limit one PokÃ©mon knowing Baton Pass
|rule|Sleep Clause Mod: Limit one foe put to sleep
|rule|Species Clause: Limit one of each PokÃ©mon
|rule|OHKO Clause: OHKO moves are banned
|rule|Moody Clause: Moody is banned
|rule|Evasion Moves Clause: Evasion moves are banned
|rule|Endless Battle Clause: Forcing endless battles is banned
|rule|HP Percentage Mod: HP is shown in percentages
|teampreview
|c|âxhenryx|again??
|join|Mr Koala
|
|start
|switch|p1a: Venusaur|Venusaur, M|364\/364
|switch|p2a: Manaphy|Manaphy|365\/365
|turn|1
|
|move|p2a: Manaphy|Psychic|p1a: Venusaur
|-supereffective|p1a: Venusaur
|-damage|p1a: Venusaur|174\/364
|-unboost|p1a: Venusaur|spd|1
|move|p1a: Venusaur|Synthesis|p1a: Venusaur
|-heal|p1a: Venusaur|356\/364
|
|turn|2
|c|âxhenryx|miss click
|
|detailschange|p1a: Venusaur|Venusaur-Mega, M
|-mega|p1a: Venusaur|Venusaur|Venusaurite
|move|p2a: Manaphy|Scald|p1a: Venusaur
|-resisted|p1a: Venusaur
|-damage|p1a: Venusaur|276\/364
|move|p1a: Venusaur|Giga Drain|p2a: Manaphy
|-supereffective|p2a: Manaphy
|-damage|p2a: Manaphy|59\/365
|-heal|p1a: Venusaur|364\/364|[from] drain|[of] p2a: Manaphy
|
|-heal|p2a: Manaphy|81\/365|[from] item: Leftovers
|turn|3
|
|switch|p1a: Thundurus|Thundurus, M|299\/299
|move|p2a: Manaphy|Psychic|p1a: Thundurus
|-damage|p1a: Thundurus|187\/299
|
|-heal|p1a: Thundurus|205\/299|[from] item: Leftovers
|-heal|p2a: Manaphy|103\/365|[from] item: Leftovers
|turn|4
|
|switch|p2a: Diggersby|Diggersby, M|311\/311
|move|p1a: Thundurus|Grass Knot|p2a: Diggersby
|-supereffective|p2a: Diggersby
|-damage|p2a: Diggersby|137\/311
|
|-heal|p1a: Thundurus|223\/299|[from] item: Leftovers
|turn|5
|
|switch|p1a: Dugtrio|Dugtrio, M|211\/211
|move|p2a: Diggersby|Return|p1a: Dugtrio
|-enditem|p1a: Dugtrio|Focus Sash
|-damage|p1a: Dugtrio|1\/211
|
|turn|6
|
|switch|p1a: Heatran|Heatran, F|386\/386
|move|p2a: Diggersby|Return|p1a: Heatran
|-crit|p1a: Heatran
|-resisted|p1a: Heatran
|-damage|p1a: Heatran|235\/386
|
|-heal|p1a: Heatran|259\/386|[from] item: Leftovers
|turn|7
|
|switch|p2a: Rotom-Wash|Rotom-Wash|252\/252
|move|p1a: Heatran|Toxic|p2a: Rotom-Wash
|-status|p2a: Rotom-Wash|tox
|
|-heal|p1a: Heatran|283\/386|[from] item: Leftovers
|-damage|p2a: Rotom-Wash|237\/252 tox|[from] psn
|turn|8
|
|move|p1a: Heatran|Protect|p1a: Heatran
|-singleturn|p1a: Heatran|Protect
|move|p2a: Rotom-Wash|Hydro Pump|p1a: Heatran
|-activate|p1a: Heatran|Protect
|
|-heal|p1a: Heatran|307\/386|[from] item: Leftovers
|-damage|p2a: Rotom-Wash|207\/252 tox|[from] psn
|turn|9
|
|switch|p1a: Dugtrio|Dugtrio, M|1\/211
|move|p2a: Rotom-Wash|Hydro Pump|p1a: Dugtrio
|-supereffective|p1a: Dugtrio
|-damage|p1a: Dugtrio|0 fnt
|faint|p1a: Dugtrio
|
|-damage|p2a: Rotom-Wash|162\/252 tox|[from] psn
|
|switch|p1a: Venusaur|Venusaur-Mega, M|364\/364
|turn|10
|
|move|p2a: Rotom-Wash|Volt Switch|p1a: Venusaur
|-resisted|p1a: Venusaur
|-damage|p1a: Venusaur|316\/364
|
|switch|p2a: Thundurus|Thundurus, M|299\/299
|move|p1a: Venusaur|Giga Drain|p2a: Thundurus
|-resisted|p2a: Thundurus
|-damage|p2a: Thundurus|220\/299
|-heal|p1a: Venusaur|356\/364|[from] drain|[of] p2a: Thundurus
|
|-heal|p2a: Thundurus|238\/299|[from] item: Leftovers
|turn|11
|
|move|p2a: Thundurus|Hidden Power|p1a: Venusaur
|-supereffective|p1a: Venusaur
|-damage|p1a: Venusaur|300\/364
|move|p1a: Venusaur|Sludge Bomb|p2a: Thundurus
|-damage|p2a: Thundurus|37\/299
|
|-heal|p2a: Thundurus|55\/299|[from] item: Leftovers
|turn|12
|
|move|p2a: Thundurus|Thunder Wave|p1a: Venusaur
|-status|p1a: Venusaur|par
|cant|p1a: Venusaur|par
|
|-heal|p2a: Thundurus|73\/299|[from] item: Leftovers
|turn|13
|
|move|p2a: Thundurus|Volt Switch|p1a: Venusaur
|-resisted|p1a: Venusaur
|-damage|p1a: Venusaur|249\/364 par
|
|switch|p2a: Landorus-Therian|Landorus-Therian, M|381\/381
|-ability|p2a: Landorus-Therian|Intimidate|[of] p1a: Venusaur
|-unboost|p1a: Venusaur|atk|1
|move|p1a: Venusaur|Giga Drain|p2a: Landorus-Therian
|-damage|p2a: Landorus-Therian|215\/381
|-heal|p1a: Venusaur|332\/364 par|[from] drain|[of] p2a: Landorus-Therian
|
|turn|14
|
|switch|p1a: Whimsicott|Whimsicott, F|324\/324
|move|p2a: Landorus-Therian|Stealth Rock|p1a: Whimsicott
|-sidestart|p1: xhenryx|move: Stealth Rock
|
|turn|15
|
|move|p1a: Whimsicott|Leech Seed|p2a: Landorus-Therian
|-start|p2a: Landorus-Therian|move: Leech Seed
|move|p2a: Landorus-Therian|U-turn|p1a: Whimsicott
|-damage|p1a: Whimsicott|262\/324
|
|switch|p2a: Scizor|Scizor, M|343\/343
|
|-heal|p1a: Whimsicott|282\/324|[from] item: Leftovers
|turn|16
|
|detailschange|p2a: Scizor|Scizor-Mega, M
|-mega|p2a: Scizor|Scizor|Scizorite
|move|p1a: Whimsicott|Stun Spore|p2a: Scizor
|-status|p2a: Scizor|par
|cant|p2a: Scizor|par
|
|-heal|p1a: Whimsicott|302\/324|[from] item: Leftovers
|turn|17
|
|move|p1a: Whimsicott|Leech Seed|p2a: Scizor
|-start|p2a: Scizor|move: Leech Seed
|cant|p2a: Scizor|par
|
|-heal|p1a: Whimsicott|322\/324|[from] item: Leftovers
|-damage|p2a: Scizor|301\/343 par|[from] Leech Seed|[of] p1a: Whimsicott
|-heal|p1a: Whimsicott|324\/324|[silent]
|turn|18
|
|move|p1a: Whimsicott|Leech Seed|p2a: Scizor
|-fail|p2a: Scizor
|cant|p2a: Scizor|par
|
|-damage|p2a: Scizor|259\/343 par|[from] Leech Seed|[of] p1a: Whimsicott
|turn|19
|c|ânoggahh|fucking joke
|c|ânoggahh|cant sd
|
|move|p1a: Whimsicott|Leech Seed|p2a: Scizor
|-fail|p2a: Scizor
|move|p2a: Scizor|Bullet Punch|p1a: Whimsicott
|-supereffective|p1a: Whimsicott
|-damage|p1a: Whimsicott|136\/324
|
|-heal|p1a: Whimsicott|156\/324|[from] item: Leftovers
|-damage|p2a: Scizor|217\/343 par|[from] Leech Seed|[of] p1a: Whimsicott
|-heal|p1a: Whimsicott|198\/324|[silent]
|turn|20
|
|switch|p1a: Heatran|Heatran, F|307\/386
|-damage|p1a: Heatran|259\/386|[from] Stealth Rock
|move|p2a: Scizor|U-turn|p1a: Heatran
|-resisted|p1a: Heatran
|-damage|p1a: Heatran|231\/386
|
|switch|p2a: Rotom-Wash|Rotom-Wash|162\/252 tox
|
|-heal|p1a: Heatran|255\/386|[from] item: Leftovers
|-damage|p2a: Rotom-Wash|147\/252 tox|[from] psn
|turn|21
|
|move|p1a: Heatran|Protect|p1a: Heatran
|-singleturn|p1a: Heatran|Protect
|move|p2a: Rotom-Wash|Volt Switch|p1a: Heatran
|-activate|p1a: Heatran|Protect
|
|-heal|p1a: Heatran|279\/386|[from] item: Leftovers
|-damage|p2a: Rotom-Wash|117\/252 tox|[from] psn
|turn|22
|
|switch|p1a: Garchomp|Garchomp, M|357\/357
|-damage|p1a: Garchomp|335\/357|[from] Stealth Rock
|move|p2a: Rotom-Wash|Hydro Pump|p1a: Garchomp
|-damage|p1a: Garchomp|122\/357
|
|-damage|p2a: Rotom-Wash|72\/252 tox|[from] psn
|turn|23
|
|move|p1a: Garchomp|Stealth Rock|p2a: Rotom-Wash
|-sidestart|p2: noggahh|move: Stealth Rock
|move|p2a: Rotom-Wash|Hydro Pump|p1a: Garchomp
|-damage|p1a: Garchomp|0 fnt
|faint|p1a: Garchomp
|
|-damage|p2a: Rotom-Wash|12\/252 tox|[from] psn
|
|switch|p1a: Heatran|Heatran, F|279\/386
|-damage|p1a: Heatran|231\/386|[from] Stealth Rock
|turn|24
|
|move|p1a: Heatran|Protect|p1a: Heatran
|-singleturn|p1a: Heatran|Protect
|move|p2a: Rotom-Wash|Hydro Pump|p1a: Heatran
|-activate|p1a: Heatran|Protect
|
|-heal|p1a: Heatran|255\/386|[from] item: Leftovers
|-damage|p2a: Rotom-Wash|0 fnt|[from] psn
|faint|p2a: Rotom-Wash
|
|switch|p2a: Landorus-Therian|Landorus-Therian, M|215\/381
|-damage|p2a: Landorus-Therian|168\/381|[from] Stealth Rock
|-ability|p2a: Landorus-Therian|Intimidate|[of] p1a: Heatran
|-unboost|p1a: Heatran|atk|1
|turn|25
|
|switch|p1a: Whimsicott|Whimsicott, F|198\/324
|-damage|p1a: Whimsicott|158\/324|[from] Stealth Rock
|move|p2a: Landorus-Therian|Stone Edge|p1a: Whimsicott|[miss]
|-miss|p2a: Landorus-Therian|p1a: Whimsicott
|
|-heal|p1a: Whimsicott|178\/324|[from] item: Leftovers
|turn|26
|
|move|p1a: Whimsicott|Leech Seed|p2a: Landorus-Therian|[miss]
|-miss|p1a: Whimsicott|p2a: Landorus-Therian
|move|p2a: Landorus-Therian|U-turn|p1a: Whimsicott
|-damage|p1a: Whimsicott|117\/324
|
|switch|p2a: Scizor|Scizor-Mega, M|217\/343 par
|-damage|p2a: Scizor|175\/343 par|[from] Stealth Rock
|
|-heal|p1a: Whimsicott|137\/324|[from] item: Leftovers
|turn|27
|
|switch|p1a: Heatran|Heatran, F|255\/386
|-damage|p1a: Heatran|207\/386|[from] Stealth Rock
|move|p2a: Scizor|U-turn|p1a: Heatran
|-resisted|p1a: Heatran
|-damage|p1a: Heatran|176\/386
|c|âxhenryx|i am playing realy bad
|c| Mr Koala|me too
|c|ânoggahh|me too
|
|switch|p2a: Manaphy|Manaphy|103\/365
|-damage|p2a: Manaphy|58\/365|[from] Stealth Rock
|
|-heal|p2a: Manaphy|80\/365|[from] item: Leftovers
|-heal|p1a: Heatran|200\/386|[from] item: Leftovers
|turn|28
|
|switch|p1a: Whimsicott|Whimsicott, F|137\/324
|-damage|p1a: Whimsicott|97\/324|[from] Stealth Rock
|move|p2a: Manaphy|U-turn|p1a: Whimsicott
|-damage|p1a: Whimsicott|57\/324
|
|switch|p2a: Diggersby|Diggersby, M|137\/311
|-damage|p2a: Diggersby|118\/311|[from] Stealth Rock
|
|-heal|p1a: Whimsicott|77\/324|[from] item: Leftovers
|turn|29
|
|move|p1a: Whimsicott|Stun Spore|p2a: Diggersby
|-status|p2a: Diggersby|par
|cant|p2a: Diggersby|par
|
|-heal|p1a: Whimsicott|97\/324|[from] item: Leftovers
|turn|30
|c|ânoggahh|fcking joek
|
|move|p1a: Whimsicott|Leech Seed|p2a: Diggersby
|-start|p2a: Diggersby|move: Leech Seed
|cant|p2a: Diggersby|par
|
|-heal|p1a: Whimsicott|117\/324|[from] item: Leftovers
|-damage|p2a: Diggersby|80\/311 par|[from] Leech Seed|[of] p1a: Whimsicott
|-heal|p1a: Whimsicott|155\/324|[silent]
|turn|31
|c| Mr Koala|rekt nub
|
|move|p1a: Whimsicott|U-turn|p2a: Diggersby
|-damage|p2a: Diggersby|31\/311 par
|
|switch|p1a: Heatran|Heatran, F|200\/386
|-damage|p1a: Heatran|152\/386|[from] Stealth Rock
|move|p2a: Diggersby|Return|p1a: Heatran
|-resisted|p1a: Heatran
|-damage|p1a: Heatran|44\/386
|
|-heal|p1a: Heatran|68\/386|[from] item: Leftovers
|-damage|p2a: Diggersby|0 fnt|[from] Leech Seed|[of] p1a: Heatran
|-heal|p1a: Heatran|99\/386|[silent]
|faint|p2a: Diggersby
|
|switch|p2a: Landorus-Therian|Landorus-Therian, M|168\/381
|-damage|p2a: Landorus-Therian|121\/381|[from] Stealth Rock
|-ability|p2a: Landorus-Therian|Intimidate|[of] p1a: Heatran
|-unboost|p1a: Heatran|atk|1
|turn|32
|
|move|p2a: Landorus-Therian|Stone Edge|p1a: Heatran
|-crit|p1a: Heatran
|-damage|p1a: Heatran|0 fnt
|faint|p1a: Heatran
|
|
|switch|p1a: Thundurus|Thundurus, M|223\/299
|-damage|p1a: Thundurus|149\/299|[from] Stealth Rock
|turn|33
|
|move|p1a: Thundurus|Grass Knot|p2a: Landorus-Therian
|-damage|p2a: Landorus-Therian|10\/381
|-damage|p1a: Thundurus|100\/299|[from] item: Rocky Helmet|[of] p2a: Landorus-Therian
|move|p2a: Landorus-Therian|Stone Edge|p1a: Thundurus
|-supereffective|p1a: Thundurus
|-damage|p1a: Thundurus|0 fnt
|faint|p1a: Thundurus
|
|
|switch|p1a: Whimsicott|Whimsicott, F|155\/324
|-damage|p1a: Whimsicott|115\/324|[from] Stealth Rock
|turn|34
|
|move|p1a: Whimsicott|Leech Seed|p2a: Landorus-Therian
|-start|p2a: Landorus-Therian|move: Leech Seed
|move|p2a: Landorus-Therian|Stone Edge|p1a: Whimsicott
|-damage|p1a: Whimsicott|26\/324
|
|-heal|p1a: Whimsicott|46\/324|[from] item: Leftovers
|-damage|p2a: Landorus-Therian|0 fnt|[from] Leech Seed|[of] p1a: Whimsicott
|-heal|p1a: Whimsicott|56\/324|[silent]
|faint|p2a: Landorus-Therian
|
|switch|p2a: Scizor|Scizor-Mega, M|175\/343 par
|-damage|p2a: Scizor|133\/343 par|[from] Stealth Rock
|turn|35
|
|move|p1a: Whimsicott|Leech Seed|p2a: Scizor
|-start|p2a: Scizor|move: Leech Seed
|move|p2a: Scizor|Bullet Punch|p1a: Whimsicott
|-supereffective|p1a: Whimsicott
|-damage|p1a: Whimsicott|0 fnt
|faint|p1a: Whimsicott
|
|
|switch|p1a: Venusaur|Venusaur-Mega, M|332\/364 par
|-damage|p1a: Venusaur|287\/364 par|[from] Stealth Rock
|turn|36
|
|switch|p2a: Thundurus|Thundurus, M|73\/299
|-damage|p2a: Thundurus|0 fnt|[from] Stealth Rock
|faint|p2a: Thundurus
|cant|p1a: Venusaur|par
|
|
|switch|p2a: Scizor|Scizor-Mega, M|133\/343 par
|-damage|p2a: Scizor|91\/343 par|[from] Stealth Rock
|turn|37
|
|cant|p1a: Venusaur|par
|cant|p2a: Scizor|par
|
|turn|38
|
|move|p1a: Venusaur|Hidden Power|p2a: Scizor
|-supereffective|p2a: Scizor
|-damage|p2a: Scizor|0 fnt
|faint|p2a: Scizor
|
|
|switch|p2a: Manaphy|Manaphy|80\/365
|-damage|p2a: Manaphy|35\/365|[from] Stealth Rock
|turn|39
|
|move|p2a: Manaphy|Psychic|p1a: Venusaur
|-supereffective|p1a: Venusaur
|-damage|p1a: Venusaur|135\/364 par
|cant|p1a: Venusaur|par
|
|-heal|p2a: Manaphy|57\/365|[from] item: Leftovers
|turn|40
|c|ânoggahh|ez
|c|ânoggahh|PZ
|c|âxhenryx|ggggggggggg
|
|move|p2a: Manaphy|Psychic|p1a: Venusaur
|-supereffective|p1a: Venusaur
|-damage|p1a: Venusaur|0 fnt
|faint|p1a: Venusaur
|
|win|noggahh
|raw|Ladder updating...
|c|ânoggahh|EASIESTGAMEOFMYLIFE
|c|âxhenryx|XD
|raw|xhenryx's rating: 1553 &rarr; <strong>1530<\/strong><br \/>(-23 for losing)
|raw|noggahh's rating: 1506 &rarr; <strong>1529<\/strong><br \/>(+23 for winning)
|c| Mr Koala|lol
|c|âxhenryx|as always