|join|Scott24
|join|xhenryx
|player|p1|Scott24|278
|player|p2|xhenryx|1
|gametype|singles
|gen|6
|tier|OU
|rated
|clearpoke
|poke|p1|Landorus-Therian, M
|poke|p1|Gardevoir, F
|poke|p1|Metagross
|poke|p1|Garchomp, M
|poke|p1|Keldeo-Resolute
|poke|p1|Thundurus, M
|poke|p2|Politoed, M
|poke|p2|Ludicolo, M
|poke|p2|Swampert, M
|poke|p2|Ferrothorn, M
|poke|p2|Tornadus-Therian, M
|poke|p2|Rhyperior, M
|rule|Swagger Clause: Swagger is banned
|rule|Baton Pass Clause: Limit one PokÃ©mon knowing Baton Pass
|rule|Sleep Clause Mod: Limit one foe put to sleep
|rule|Species Clause: Limit one of each PokÃ©mon
|rule|OHKO Clause: OHKO moves are banned
|rule|Moody Clause: Moody is banned
|rule|Evasion Moves Clause: Evasion moves are banned
|rule|Endless Battle Clause: Forcing endless battles is banned
|rule|HP Percentage Mod: HP is shown in percentages
|teampreview
|
|start
|switch|p1a: Garchomp|Garchomp, M|357\/357
|switch|p2a: Tornadus-Therian|Tornadus-Therian, M|299\/299
|turn|1
|
|move|p2a: Tornadus-Therian|U-turn|p1a: Garchomp
|-damage|p1a: Garchomp|258\/357
|-damage|p2a: Tornadus-Therian|262\/299|[from] ability: Rough Skin|[of] p1a: Garchomp
|-damage|p2a: Tornadus-Therian|233\/299|[from] item: Life Orb
|
|switch|p2a: Rhyperior|Rhyperior, M|434\/434
|move|p1a: Garchomp|Stealth Rock|p2a: Rhyperior
|-sidestart|p2: xhenryx|move: Stealth Rock
|
|turn|2
|
|move|p1a: Garchomp|Earthquake|p2a: Rhyperior
|-supereffective|p2a: Rhyperior
|-damage|p2a: Rhyperior|259\/434
|move|p2a: Rhyperior|Stealth Rock|p1a: Garchomp
|-sidestart|p1: Scott24|move: Stealth Rock
|
|-heal|p2a: Rhyperior|286\/434|[from] item: Leftovers
|turn|3
|
|move|p1a: Garchomp|Earthquake|p2a: Rhyperior
|-supereffective|p2a: Rhyperior
|-damage|p2a: Rhyperior|127\/434
|move|p2a: Rhyperior|Earthquake|p1a: Garchomp
|-damage|p1a: Garchomp|84\/357
|
|-heal|p2a: Rhyperior|154\/434|[from] item: Leftovers
|turn|4
|
|move|p1a: Garchomp|Earthquake|p2a: Rhyperior
|-supereffective|p2a: Rhyperior
|-damage|p2a: Rhyperior|4\/434
|move|p2a: Rhyperior|Earthquake|p1a: Garchomp
|-damage|p1a: Garchomp|0 fnt
|faint|p1a: Garchomp
|
|-heal|p2a: Rhyperior|31\/434|[from] item: Leftovers
|
|switch|p1a: Metagross|Metagross|337\/337
|-damage|p1a: Metagross|316\/337|[from] Stealth Rock
|turn|5
|
|detailschange|p1a: Metagross|Metagross-Mega
|-mega|p1a: Metagross|Metagross|Metagrossite
|move|p1a: Metagross|Earthquake|p2a: Rhyperior
|-supereffective|p2a: Rhyperior
|-damage|p2a: Rhyperior|0 fnt
|faint|p2a: Rhyperior
|
|
|switch|p2a: Ferrothorn|Ferrothorn, M|352\/352
|-damage|p2a: Ferrothorn|330\/352|[from] Stealth Rock
|turn|6
|
|switch|p1a: Landorus-Therian|Landorus-Therian, M|319\/319
|-damage|p1a: Landorus-Therian|280\/319|[from] Stealth Rock
|-ability|p1a: Landorus-Therian|Intimidate|[of] p2a: Ferrothorn
|-unboost|p2a: Ferrothorn|atk|1
|move|p2a: Ferrothorn|Thunder Wave|p1a: Landorus-Therian
|-immune|p1a: Landorus-Therian|[msg]
|
|-heal|p2a: Ferrothorn|352\/352|[from] item: Leftovers
|turn|7
|
|move|p1a: Landorus-Therian|Knock Off|p2a: Ferrothorn
|-damage|p2a: Ferrothorn|270\/352
|-damage|p1a: Landorus-Therian|241\/319|[from] ability: Iron Barbs|[of] p2a: Ferrothorn
|-enditem|p2a: Ferrothorn|Leftovers|[from] move: Knock Off|[of] p1a: Landorus-Therian
|move|p2a: Ferrothorn|Leech Seed|p1a: Landorus-Therian
|-start|p1a: Landorus-Therian|move: Leech Seed
|
|-damage|p1a: Landorus-Therian|202\/319|[from] Leech Seed|[of] p2a: Ferrothorn
|-heal|p2a: Ferrothorn|309\/352|[silent]
|turn|8
|
|switch|p1a: Keldeo-Resolute|Keldeo-Resolute|323\/323
|-damage|p1a: Keldeo-Resolute|303\/323|[from] Stealth Rock
|move|p2a: Ferrothorn|Leech Seed|p1a: Keldeo-Resolute
|-start|p1a: Keldeo-Resolute|move: Leech Seed
|
|-damage|p1a: Keldeo-Resolute|263\/323|[from] Leech Seed|[of] p2a: Ferrothorn
|-heal|p2a: Ferrothorn|349\/352|[silent]
|turn|9
|
|switch|p1a: Gardevoir|Gardevoir, F|277\/277
|-damage|p1a: Gardevoir|243\/277|[from] Stealth Rock
|-ability|p1a: Gardevoir|Iron Barbs|[from] ability: Trace|[of] p2a: Ferrothorn
|switch|p2a: Tornadus-Therian|Tornadus-Therian, M|299\/299
|-damage|p2a: Tornadus-Therian|225\/299|[from] Stealth Rock
|
|turn|10
|
|move|p2a: Tornadus-Therian|Knock Off|p1a: Gardevoir
|-damage|p1a: Gardevoir|58\/277
|-damage|p2a: Tornadus-Therian|188\/299|[from] ability: Iron Barbs|[of] p1a: Gardevoir
|-enditem|p1a: Gardevoir|Life Orb|[from] move: Knock Off|[of] p2a: Tornadus-Therian
|-damage|p2a: Tornadus-Therian|159\/299|[from] item: Life Orb
|move|p1a: Gardevoir|Moonblast|p2a: Tornadus-Therian
|-damage|p2a: Tornadus-Therian|0 fnt
|faint|p2a: Tornadus-Therian
|
|
|switch|p2a: Politoed|Politoed, M|384\/384
|-damage|p2a: Politoed|336\/384|[from] Stealth Rock
|-weather|RainDance
|turn|11
|
|move|p1a: Gardevoir|Moonblast|p2a: Politoed
|-damage|p2a: Politoed|183\/384
|-unboost|p2a: Politoed|spa|1
|move|p2a: Politoed|Scald|p1a: Gardevoir
|-damage|p1a: Gardevoir|0 fnt
|faint|p1a: Gardevoir
|
|-weather|RainDance|[upkeep]
|
|switch|p1a: Thundurus|Thundurus, M|299\/299
|-damage|p1a: Thundurus|225\/299|[from] Stealth Rock
|turn|12
|
|switch|p2a: Ferrothorn|Ferrothorn, M|349\/352
|-damage|p2a: Ferrothorn|327\/352|[from] Stealth Rock
|move|p1a: Thundurus|Focus Blast|p2a: Ferrothorn
|-supereffective|p2a: Ferrothorn
|-damage|p2a: Ferrothorn|33\/352
|-damage|p1a: Thundurus|196\/299|[from] item: Life Orb
|
|-weather|RainDance|[upkeep]
|turn|13
|
|move|p1a: Thundurus|Thunderbolt|p2a: Ferrothorn
|-resisted|p2a: Ferrothorn
|-damage|p2a: Ferrothorn|0 fnt
|-damage|p1a: Thundurus|167\/299|[from] item: Life Orb
|faint|p2a: Ferrothorn
|
|-weather|RainDance|[upkeep]
|
|switch|p2a: Ludicolo|Ludicolo, M|301\/301
|-damage|p2a: Ludicolo|264\/301|[from] Stealth Rock
|turn|14
|
|move|p1a: Thundurus|Thunder Wave|p2a: Ludicolo
|-status|p2a: Ludicolo|par
|move|p2a: Ludicolo|Surf|p1a: Thundurus
|-damage|p1a: Thundurus|0 fnt
|faint|p1a: Thundurus
|
|-weather|RainDance|[upkeep]
|
|switch|p1a: Metagross|Metagross-Mega|316\/337
|-damage|p1a: Metagross|295\/337|[from] Stealth Rock
|turn|15
|
|move|p1a: Metagross|Zen Headbutt|p2a: Ludicolo
|-damage|p2a: Ludicolo|14\/301 par
|move|p2a: Ludicolo|Surf|p1a: Metagross
|-damage|p1a: Metagross|0 fnt
|faint|p1a: Metagross
|
|-weather|RainDance|[upkeep]
|
|switch|p1a: Landorus-Therian|Landorus-Therian, M|202\/319
|-damage|p1a: Landorus-Therian|163\/319|[from] Stealth Rock
|-ability|p1a: Landorus-Therian|Intimidate|[of] p2a: Ludicolo
|-unboost|p2a: Ludicolo|atk|1
|turn|16
|
|move|p1a: Landorus-Therian|Earthquake|p2a: Ludicolo
|-resisted|p2a: Ludicolo
|-damage|p2a: Ludicolo|0 fnt
|faint|p2a: Ludicolo
|
|-weather|RainDance|[upkeep]
|
|switch|p2a: Swampert|Swampert, M|341\/341
|-damage|p2a: Swampert|320\/341|[from] Stealth Rock
|turn|17
|
|detailschange|p2a: Swampert|Swampert-Mega, M
|-mega|p2a: Swampert|Swampert|Swampertite
|move|p1a: Landorus-Therian|Earthquake|p2a: Swampert
|-damage|p2a: Swampert|149\/341
|move|p2a: Swampert|Waterfall|p1a: Landorus-Therian
|-supereffective|p1a: Landorus-Therian
|-damage|p1a: Landorus-Therian|0 fnt
|faint|p1a: Landorus-Therian
|
|-weather|RainDance|[upkeep]
|
|switch|p1a: Keldeo-Resolute|Keldeo-Resolute|263\/323
|-damage|p1a: Keldeo-Resolute|243\/323|[from] Stealth Rock
|turn|18
|
|move|p1a: Keldeo-Resolute|Secret Sword|p2a: Swampert
|-damage|p2a: Swampert|0 fnt
|faint|p2a: Swampert
|
|-weather|none
|
|switch|p2a: Politoed|Politoed, M|183\/384
|-damage|p2a: Politoed|135\/384|[from] Stealth Rock
|-weather|RainDance
|turn|19
|
|move|p1a: Keldeo-Resolute|Secret Sword|p2a: Politoed
|-crit|p2a: Politoed
|-damage|p2a: Politoed|0 fnt
|faint|p2a: Politoed
|
|win|Scott24
|raw|Ladder updating...
|raw|Scott24's rating: 1554 &rarr; <strong>1573<\/strong><br \/>(+19 for winning)
|raw|xhenryx's rating: 1530 &rarr; <strong>1512<\/strong><br \/>(-18 for losing)
|c|âScott24|gg