|join|TurtleBurger
|join|Mr. Cupro
|player|p1|TurtleBurger|162
|player|p2|Mr. Cupro|265
|gametype|singles
|gen|6
|tier|UU
|rated
|rule|Sleep Clause Mod: Limit one foe put to sleep
|rule|Species Clause: Limit one of each PokÃ©mon
|rule|OHKO Clause: OHKO moves are banned
|rule|Moody Clause: Moody is banned
|rule|Evasion Moves Clause: Evasion moves are banned
|rule|Endless Battle Clause: Forcing endless battles is banned
|rule|HP Percentage Mod: HP is shown in percentages
|clearpoke
|poke|p1|Arcanine, F
|poke|p1|Hydreigon, F
|poke|p1|Tentacruel, M, shiny
|poke|p1|Porygon-Z
|poke|p1|Swampert, F
|poke|p1|Rotom-Mow
|poke|p2|Machamp, M
|poke|p2|Darmanitan, M
|poke|p2|Raikou, shiny
|poke|p2|Sableye, F
|poke|p2|Swampert, F
|poke|p2|Honchkrow, M
|rule|Swagger Clause: Swagger is banned
|rule|Baton Pass Clause: Limit one PokÃ©mon knowing Baton Pass
|teampreview
|
|start
|switch|p1a: Arcanine|Arcanine, F|322\/322
|switch|p2a: Sableye|Sableye, F|304\/304
|-ability|p1a: Arcanine|Intimidate|[of] p2a: Sableye
|-unboost|p2a: Sableye|atk|1
|turn|1
|
|move|p2a: Sableye|Taunt|p1a: Arcanine
|-start|p1a: Arcanine|move: Taunt
|move|p1a: Arcanine|Flare Blitz|p2a: Sableye
|-damage|p2a: Sableye|0 fnt
|-damage|p1a: Arcanine|222\/322|[from] recoil|[of] p2a: Sableye
|faint|p2a: Sableye
|
|
|switch|p2a: Swampert|Swampert, F|404\/404
|turn|2
|
|switch|p1a: Hydreigon|Hydreigon, F|388\/388
|move|p2a: Swampert|Stealth Rock|p1a: Hydreigon
|-sidestart|p1: TurtleBurger|move: Stealth Rock
|
|turn|3
|
|switch|p2a: Machamp|Machamp, M|364\/364
|move|p1a: Hydreigon|Dragon Pulse|p2a: Machamp
|-crit|p2a: Machamp
|-damage|p2a: Machamp|232\/364
|
|turn|4
|
|move|p1a: Hydreigon|Thunder Wave|p2a: Machamp
|-status|p2a: Machamp|par
|move|p2a: Machamp|Dynamic Punch|p1a: Hydreigon
|-supereffective|p1a: Hydreigon
|-damage|p1a: Hydreigon|104\/388
|-start|p1a: Hydreigon|confusion
|
|-heal|p1a: Hydreigon|128\/388|[from] item: Leftovers
|turn|5
|
|switch|p1a: Tentacruel|Tentacruel, M, shiny|364\/364
|-damage|p1a: Tentacruel|319\/364|[from] Stealth Rock
|move|p2a: Machamp|Dynamic Punch|p1a: Tentacruel
|-resisted|p1a: Tentacruel
|-damage|p1a: Tentacruel|181\/364
|-start|p1a: Tentacruel|confusion
|
|-heal|p1a: Tentacruel|203\/364|[from] item: Black Sludge
|turn|6
|
|-activate|p1a: Tentacruel|confusion
|-damage|p1a: Tentacruel|177\/364|[from] confusion
|cant|p2a: Machamp|par
|
|-heal|p1a: Tentacruel|199\/364|[from] item: Black Sludge
|turn|7
|
|-end|p1a: Tentacruel|confusion
|move|p1a: Tentacruel|Rapid Spin|p2a: Machamp
|-damage|p2a: Machamp|221\/364 par
|-sideend|p1: TurtleBurger|Stealth Rock|[from] move: Rapid Spin|[of] p1a: Tentacruel
|move|p2a: Machamp|Knock Off|p1a: Tentacruel
|-damage|p1a: Tentacruel|18\/364
|-enditem|p1a: Tentacruel|Black Sludge|[from] move: Knock Off|[of] p2a: Machamp
|
|turn|8
|
|move|p1a: Tentacruel|Sludge Wave|p2a: Machamp
|-damage|p2a: Machamp|155\/364 par
|move|p2a: Machamp|Dynamic Punch|p1a: Tentacruel
|-resisted|p1a: Tentacruel
|-damage|p1a: Tentacruel|0 fnt
|faint|p1a: Tentacruel
|
|
|switch|p1a: Porygon-Z|Porygon-Z|312\/312
|turn|9
|
|move|p1a: Porygon-Z|Tri Attack|p2a: Machamp
|-damage|p2a: Machamp|0 fnt
|faint|p2a: Machamp
|
|
|switch|p2a: Darmanitan|Darmanitan, M|351\/351
|turn|10
|
|switch|p1a: Arcanine|Arcanine, F|222\/322
|-ability|p1a: Arcanine|Intimidate|[of] p2a: Darmanitan
|-unboost|p2a: Darmanitan|atk|1
|move|p2a: Darmanitan|U-turn|p1a: Arcanine
|-resisted|p1a: Arcanine
|-damage|p1a: Arcanine|165\/322
|
|switch|p2a: Swampert|Swampert, F|404\/404
|
|turn|11
|
|switch|p1a: Rotom-Mow|Rotom-Mow|242\/242
|move|p2a: Swampert|Stealth Rock|p1a: Rotom-Mow
|-sidestart|p1: TurtleBurger|move: Stealth Rock
|
|turn|12
|
|move|p1a: Rotom-Mow|Will-O-Wisp|p2a: Swampert
|-status|p2a: Swampert|brn
|move|p2a: Swampert|Toxic|p1a: Rotom-Mow
|-status|p1a: Rotom-Mow|tox
|
|-damage|p1a: Rotom-Mow|227\/242 tox|[from] psn
|-damage|p2a: Swampert|354\/404 brn|[from] brn
|turn|13
|
|switch|p2a: Darmanitan|Darmanitan, M|351\/351
|move|p1a: Rotom-Mow|Leaf Storm|p2a: Darmanitan
|-resisted|p2a: Darmanitan
|-damage|p2a: Darmanitan|181\/351
|-unboost|p1a: Rotom-Mow|spa|2
|
|-damage|p1a: Rotom-Mow|197\/242 tox|[from] psn
|turn|14
|
|switch|p1a: Arcanine|Arcanine, F|165\/322
|-damage|p1a: Arcanine|85\/322|[from] Stealth Rock
|-ability|p1a: Arcanine|Intimidate|[of] p2a: Darmanitan
|-unboost|p2a: Darmanitan|atk|1
|move|p2a: Darmanitan|U-turn|p1a: Arcanine
|-resisted|p1a: Arcanine
|-damage|p1a: Arcanine|25\/322
|
|switch|p2a: Raikou|Raikou, shiny|321\/321
|-ability|p2a: Raikou|Pressure
|
|turn|15
|
|move|p1a: Arcanine|Extreme Speed|p2a: Raikou
|-damage|p2a: Raikou|146\/321
|move|p2a: Raikou|Volt Switch|p1a: Arcanine
|-damage|p1a: Arcanine|0 fnt
|faint|p1a: Arcanine
|
|switch|p2a: Darmanitan|Darmanitan, M|181\/351
|
|
|switch|p1a: Swampert|Swampert, F|404\/404
|-damage|p1a: Swampert|379\/404|[from] Stealth Rock
|turn|16
|
|move|p2a: Darmanitan|Flare Blitz|p1a: Swampert
|-resisted|p1a: Swampert
|-damage|p1a: Swampert|103\/404
|-damage|p2a: Darmanitan|90\/351|[from] recoil|[of] p1a: Swampert
|move|p1a: Swampert|Stealth Rock|p2a: Darmanitan
|-sidestart|p2: Mr. Cupro|move: Stealth Rock
|
|-heal|p1a: Swampert|128\/404|[from] item: Leftovers
|turn|17
|
|move|p2a: Darmanitan|Flare Blitz|p1a: Swampert
|-resisted|p1a: Swampert
|-damage|p1a: Swampert|0 fnt
|-damage|p2a: Darmanitan|48\/351|[from] recoil|[of] p1a: Swampert
|faint|p1a: Swampert
|
|
|switch|p1a: Hydreigon|Hydreigon, F|128\/388
|-damage|p1a: Hydreigon|80\/388|[from] Stealth Rock
|turn|18
|
|move|p2a: Darmanitan|Flare Blitz|p1a: Hydreigon
|-resisted|p1a: Hydreigon
|-damage|p1a: Hydreigon|0 fnt
|-damage|p2a: Darmanitan|22\/351|[from] recoil|[of] p1a: Hydreigon
|faint|p1a: Hydreigon
|
|
|switch|p1a: Porygon-Z|Porygon-Z|312\/312
|-damage|p1a: Porygon-Z|273\/312|[from] Stealth Rock
|turn|19
|
|move|p1a: Porygon-Z|Tri Attack|p2a: Darmanitan
|-crit|p2a: Darmanitan
|-damage|p2a: Darmanitan|0 fnt
|faint|p2a: Darmanitan
|
|c|âTurtleBurger|awww
|
|switch|p2a: Swampert|Swampert, F|354\/404 brn
|-damage|p2a: Swampert|329\/404 brn|[from] Stealth Rock
|turn|20
|
|move|p1a: Porygon-Z|Tri Attack|p2a: Swampert
|-damage|p2a: Swampert|103\/404 brn
|move|p2a: Swampert|Earthquake|p1a: Porygon-Z
|-crit|p1a: Porygon-Z
|-damage|p1a: Porygon-Z|150\/312
|
|-heal|p2a: Swampert|128\/404 brn|[from] item: Leftovers
|-damage|p2a: Swampert|78\/404 brn|[from] brn
|turn|21
|
|move|p1a: Porygon-Z|Tri Attack|p2a: Swampert
|-damage|p2a: Swampert|0 fnt
|faint|p2a: Swampert
|
|
|switch|p2a: Raikou|Raikou, shiny|146\/321
|-damage|p2a: Raikou|106\/321|[from] Stealth Rock
|-ability|p2a: Raikou|Pressure
|turn|22
|
|move|p2a: Raikou|Aura Sphere|p1a: Porygon-Z
|-supereffective|p1a: Porygon-Z
|-damage|p1a: Porygon-Z|0 fnt
|faint|p1a: Porygon-Z
|
|
|switch|p1a: Rotom-Mow|Rotom-Mow|197\/242 tox
|-damage|p1a: Rotom-Mow|167\/242 tox|[from] Stealth Rock
|turn|23
|
|move|p2a: Raikou|Aura Sphere|p1a: Rotom-Mow
|-damage|p1a: Rotom-Mow|69\/242 tox
|move|p1a: Rotom-Mow|Thunderbolt|p2a: Raikou
|-resisted|p2a: Raikou
|-damage|p2a: Raikou|22\/321
|
|-damage|p1a: Rotom-Mow|54\/242 tox|[from] psn
|turn|24
|
|move|p2a: Raikou|Aura Sphere|p1a: Rotom-Mow
|-damage|p1a: Rotom-Mow|0 fnt
|faint|p1a: Rotom-Mow
|
|win|Mr. Cupro
|raw|Ladder updating...
|raw|TurtleBurger's rating: 1373 &rarr; <strong>1349<\/strong><br \/>(-24 for losing)
|raw|Mr. Cupro's rating: 1307 &rarr; <strong>1331<\/strong><br \/>(+24 for winning)