|join|OldZ
|join|Zedseayou
|player|p1|OldZ|260
|player|p2|Zedseayou|170
|gametype|singles
|gen|6
|tier|OU
|rated
|clearpoke
|poke|p1|Dragonite, M
|poke|p1|Gardevoir, F
|poke|p1|Mandibuzz, F
|poke|p1|Scizor, M
|poke|p1|Seismitoad, M
|poke|p1|Thundurus, M
|poke|p2|Pinsir, M
|poke|p2|Tyranitar, M
|poke|p2|Clefable, M
|poke|p2|Rotom-Wash
|poke|p2|Garchomp, M, shiny
|poke|p2|Excadrill, M
|rule|Swagger Clause: Swagger is banned
|rule|Baton Pass Clause: Limit one PokÃ©mon knowing Baton Pass
|rule|Sleep Clause Mod: Limit one foe put to sleep
|rule|Species Clause: Limit one of each PokÃ©mon
|rule|OHKO Clause: OHKO moves are banned
|rule|Moody Clause: Moody is banned
|rule|Evasion Moves Clause: Evasion moves are banned
|rule|Endless Battle Clause: Forcing endless battles is banned
|rule|HP Percentage Mod: HP is shown in percentages
|teampreview
|
|start
|switch|p1a: ãã«ã¸ã¼ã|Mandibuzz, F|423\/423
|switch|p2a: Garchomp|Garchomp, M, shiny|357\/357
|turn|1
|
|switch|p2a: Rotom-Wash|Rotom-Wash|304\/304
|move|p1a: ãã«ã¸ã¼ã|Foul Play|p2a: Rotom-Wash
|-damage|p2a: Rotom-Wash|256\/304
|
|-heal|p2a: Rotom-Wash|275\/304|[from] item: Leftovers
|turn|2
|
|switch|p1a: ã¬ãã²ã­ã²|Seismitoad, M|413\/413
|move|p2a: Rotom-Wash|Will-O-Wisp|p1a: ã¬ãã²ã­ã²
|-status|p1a: ã¬ãã²ã­ã²|brn
|
|-heal|p2a: Rotom-Wash|294\/304|[from] item: Leftovers
|-damage|p1a: ã¬ãã²ã­ã²|362\/413 brn|[from] brn
|turn|3
|
|switch|p2a: Clefable|Clefable, M|394\/394
|move|p1a: ã¬ãã²ã­ã²|Stealth Rock|p2a: Clefable
|-sidestart|p2: Zedseayou|move: Stealth Rock
|
|-heal|p1a: ã¬ãã²ã­ã²|387\/413 brn|[from] item: Leftovers
|-damage|p1a: ã¬ãã²ã­ã²|336\/413 brn|[from] brn
|turn|4
|
|switch|p1a: ãµã¼ãã¤ã|Gardevoir, F|287\/287
|-ability|p1a: ãµã¼ãã¤ã|Magic Guard|[from] ability: Trace|[of] p2a: Clefable
|move|p2a: Clefable|Calm Mind|p2a: Clefable
|-boost|p2a: Clefable|spa|1
|-boost|p2a: Clefable|spd|1
|
|turn|5
|
|detailschange|p1a: ãµã¼ãã¤ã|Gardevoir-Mega, F
|message|Gardevoir has Mega Evolved into Mega Gardevoir!
|move|p1a: ãµã¼ãã¤ã|Hyper Voice|p2a: Clefable
|-damage|p2a: Clefable|187\/394
|move|p2a: Clefable|Moonblast|p1a: ãµã¼ãã¤ã
|-damage|p1a: ãµã¼ãã¤ã|123\/287
|
|turn|6
|c|âZedseayou|sorry 1 sec
|
|move|p1a: ãµã¼ãã¤ã|Hyper Voice|p2a: Clefable
|-damage|p2a: Clefable|0 fnt
|faint|p2a: Clefable
|
|
|switch|p2a: Garchomp|Garchomp, M, shiny|357\/357
|-damage|p2a: Garchomp|335\/357|[from] Stealth Rock
|turn|7
|
|move|p2a: Garchomp|Earthquake|p1a: ãµã¼ãã¤ã
|-damage|p1a: ãµã¼ãã¤ã|0 fnt
|faint|p1a: ãµã¼ãã¤ã
|
|c|âOldZ|fucking lag
|
|switch|p1a: ãã«ã¸ã¼ã|Mandibuzz, F|423\/423
|turn|8
|
|switch|p1a: ã¬ãã²ã­ã²|Seismitoad, M|336\/413 brn
|move|p2a: Garchomp|Stealth Rock|p1a: ã¬ãã²ã­ã²
|-sidestart|p1: OldZ|move: Stealth Rock
|
|-heal|p1a: ã¬ãã²ã­ã²|361\/413 brn|[from] item: Leftovers
|-damage|p1a: ã¬ãã²ã­ã²|310\/413 brn|[from] brn
|turn|9
|c|âOldZ|i lose for that
|c|âOldZ|bg showdown
|
|move|p2a: Garchomp|Earthquake|p1a: ã¬ãã²ã­ã²
|-damage|p1a: ã¬ãã²ã­ã²|151\/413 brn
|move|p1a: ã¬ãã²ã­ã²|Scald|p2a: Garchomp
|-damage|p2a: Garchomp|221\/357
|
|-heal|p1a: ã¬ãã²ã­ã²|176\/413 brn|[from] item: Leftovers
|-damage|p1a: ã¬ãã²ã­ã²|125\/413 brn|[from] brn
|turn|10
|
|switch|p1a: ãã«ã¸ã¼ã|Mandibuzz, F|423\/423
|-damage|p1a: ãã«ã¸ã¼ã|318\/423|[from] Stealth Rock
|move|p2a: Garchomp|Outrage|p1a: ãã«ã¸ã¼ã
|-damage|p1a: ãã«ã¸ã¼ã|165\/423
|
|-heal|p1a: ãã«ã¸ã¼ã|191\/423|[from] item: Leftovers
|turn|11
|
|move|p2a: Garchomp|Outrage|p1a: ãã«ã¸ã¼ã
|-damage|p1a: ãã«ã¸ã¼ã|22\/423
|move|p1a: ãã«ã¸ã¼ã|Roost|p1a: ãã«ã¸ã¼ã
|-heal|p1a: ãã«ã¸ã¼ã|234\/423
|
|-heal|p1a: ãã«ã¸ã¼ã|260\/423|[from] item: Leftovers
|turn|12
|
|move|p2a: Garchomp|Outrage|p1a: ãã«ã¸ã¼ã
|-damage|p1a: ãã«ã¸ã¼ã|86\/423
|move|p1a: ãã«ã¸ã¼ã|Roost|p1a: ãã«ã¸ã¼ã
|-heal|p1a: ãã«ã¸ã¼ã|298\/423
|
|-end|p2a: Garchomp|rampage
|-start|p2a: Garchomp|confusion
|-heal|p1a: ãã«ã¸ã¼ã|324\/423|[from] item: Leftovers
|turn|13
|
|switch|p2a: Tyranitar|Tyranitar, M|391\/391
|-damage|p2a: Tyranitar|343\/391|[from] Stealth Rock
|-weather|Sandstorm
|move|p1a: ãã«ã¸ã¼ã|Taunt|p2a: Tyranitar
|-start|p2a: Tyranitar|move: Taunt
|
|-weather|Sandstorm|[upkeep]
|-heal|p1a: ãã«ã¸ã¼ã|350\/423|[from] item: Leftovers
|turn|14
|
|switch|p1a: ã¬ãã²ã­ã²|Seismitoad, M|125\/413 brn
|-damage|p1a: ã¬ãã²ã­ã²|100\/413 brn|[from] Stealth Rock
|move|p2a: Tyranitar|Stone Edge|p1a: ã¬ãã²ã­ã²|[miss]
|-miss|p2a: Tyranitar|p1a: ã¬ãã²ã­ã²
|
|-weather|Sandstorm|[upkeep]
|-heal|p1a: ã¬ãã²ã­ã²|125\/413 brn|[from] item: Leftovers
|-damage|p1a: ã¬ãã²ã­ã²|74\/413 brn|[from] brn
|turn|15
|
|move|p1a: ã¬ãã²ã­ã²|Scald|p2a: Tyranitar
|-supereffective|p2a: Tyranitar
|-damage|p2a: Tyranitar|229\/391
|move|p2a: Tyranitar|Stone Edge|p1a: ã¬ãã²ã­ã²
|-resisted|p1a: ã¬ãã²ã­ã²
|-damage|p1a: ã¬ãã²ã­ã²|0 fnt
|faint|p1a: ã¬ãã²ã­ã²
|
|-weather|Sandstorm|[upkeep]
|c|âOldZ|this is why i play po
|c|âOldZ|0 fun showdown
|c|âZedseayou|how so
|
|switch|p1a: ãããµã |Scizor, M|301\/301
|-damage|p1a: ãããµã |264\/301|[from] Stealth Rock
|turn|16
|c|âOldZ|you choose a move
|c|âOldZ|then click cancel 3 times
|c|âOldZ|and it chooses the first move you pick
|c|âOldZ|i switched to mandibuzz
|c|âZedseayou|yeah, but that's just ping spikes
|c|âOldZ|and it stayed in with gardevoir
|c|âOldZ|po doesnt have those
|c|âZedseayou|i wasn't going to keep clefable in earlier but it stayed
|c|âZedseayou|they're a function of your connection
|
|switch|p2a: Rotom-Wash|Rotom-Wash|294\/304
|-damage|p2a: Rotom-Wash|256\/304|[from] Stealth Rock
|move|p1a: ãããµã |U-turn|p2a: Rotom-Wash
|-damage|p2a: Rotom-Wash|117\/304
|c|âOldZ|that wasnt game changing
|c|âOldZ|what were you gonna switch in?
|c|âZedseayou|exca
|c|âOldZ|2hko
|c|âZedseayou|orly?
|c|âZedseayou|didn't calc it
|c|âOldZ|your best play was sacking clefable
|c|âZedseayou|i was surprised you sacked gardevoir
|c|âOldZ|i didnt
|c|âOldZ|showdown did
|c|âOldZ|i clicked mandibuzz
|
|switch|p1a: ãã«ãã­ã¹|Thundurus, M|299\/299
|-damage|p1a: ãã«ãã­ã¹|225\/299|[from] Stealth Rock
|
|-weather|Sandstorm|[upkeep]
|-damage|p1a: ãã«ãã­ã¹|207\/299|[from] sandstorm
|-damage|p2a: Rotom-Wash|98\/304|[from] sandstorm
|-heal|p2a: Rotom-Wash|117\/304|[from] item: Leftovers
|turn|17
|c|âZedseayou|i haven't used po in a while, but I like showdown's stats display
|
|move|p1a: ãã«ãã­ã¹|Thunderbolt|p2a: Rotom-Wash
|-crit|p2a: Rotom-Wash
|-damage|p2a: Rotom-Wash|0 fnt
|-damage|p1a: ãã«ãã­ã¹|178\/299|[from] item: Life Orb
|faint|p2a: Rotom-Wash
|
|-weather|none
|
|switch|p2a: Tyranitar|Tyranitar, M|229\/391
|-damage|p2a: Tyranitar|181\/391|[from] Stealth Rock
|-weather|Sandstorm
|turn|18
|join|wiltonix
|
|move|p1a: ãã«ãã­ã¹|Superpower|p2a: Tyranitar
|-supereffective|p2a: Tyranitar
|-damage|p2a: Tyranitar|0 fnt
|-unboost|p1a: ãã«ãã­ã¹|atk|1
|-unboost|p1a: ãã«ãã­ã¹|def|1
|-damage|p1a: ãã«ãã­ã¹|149\/299|[from] item: Life Orb
|faint|p2a: Tyranitar
|
|-weather|Sandstorm|[upkeep]
|-damage|p1a: ãã«ãã­ã¹|131\/299|[from] sandstorm
|
|switch|p2a: Excadrill|Excadrill, M|361\/361
|-damage|p2a: Excadrill|350\/361|[from] Stealth Rock
|-item|p2a: Excadrill|Air Balloon
|turn|19
|
|switch|p1a: ãããµã |Scizor, M|264\/301
|-damage|p1a: ãããµã |227\/301|[from] Stealth Rock
|move|p2a: Excadrill|Rapid Spin|p1a: ãããµã 
|-resisted|p1a: ãããµã 
|-damage|p1a: ãããµã |213\/301
|-sideend|p2: Zedseayou|Stealth Rock|[from] move: Rapid Spin|[of] p2a: Excadrill
|
|-weather|Sandstorm|[upkeep]
|turn|20
|
|move|p2a: Excadrill|Earthquake|p1a: ãããµã 
|-damage|p1a: ãããµã |11\/301
|move|p1a: ãããµã |Superpower|p2a: Excadrill
|-supereffective|p2a: Excadrill
|-damage|p2a: Excadrill|0 fnt
|-enditem|p2a: Excadrill|Air Balloon
|-unboost|p1a: ãããµã |atk|1
|-unboost|p1a: ãããµã |def|1
|faint|p2a: Excadrill
|
|-weather|Sandstorm|[upkeep]
|
|switch|p2a: Garchomp|Garchomp, M, shiny|221\/357
|turn|21
|
|move|p2a: Garchomp|Earthquake|p1a: ãããµã 
|-damage|p1a: ãããµã |0 fnt
|faint|p1a: ãããµã 
|
|-weather|Sandstorm|[upkeep]
|
|switch|p1a: ãã«ã¸ã¼ã|Mandibuzz, F|350\/423
|-damage|p1a: ãã«ã¸ã¼ã|245\/423|[from] Stealth Rock
|turn|22
|c|âOldZ|po actually displays better stats now
|c|âOldZ|it shows including stat buffs too
|c|âOldZ|it even counts pp for you
|c|âZedseayou|so does showdown
|c|âOldZ|where?
|c|âZedseayou|on each move
|c|âZedseayou|it shows a pp counter
|c| wiltonix|lol
|c|âOldZ|no i mean
|c|âOldZ|it counts your opponents pp
|c|âZedseayou|orly?
|c|âOldZ|>.>
|c|âOldZ|yes
|c|âOldZ|lol
|c|âZedseayou|i just ctrl+f lol
|
|switch|p2a: Pinsir|Pinsir, M|271\/271
|move|p1a: ãã«ã¸ã¼ã|Roost|p1a: ãã«ã¸ã¼ã
|-heal|p1a: ãã«ã¸ã¼ã|423\/423
|
|-weather|none
|turn|23
|
|detailschange|p2a: Pinsir|Pinsir-Mega, M
|message|Pinsir has Mega Evolved into Mega Pinsir!
|move|p2a: Pinsir|Frustration|p1a: ãã«ã¸ã¼ã
|-damage|p1a: ãã«ã¸ã¼ã|201\/423
|move|p1a: ãã«ã¸ã¼ã|Defog|p2a: Pinsir
|-unboost|p2a: Pinsir|evasion|1
|-sideend|p1: OldZ|Stealth Rock|[from] move: Defog|[of] p1a: ãã«ã¸ã¼ã
|
|-heal|p1a: ãã«ã¸ã¼ã|227\/423|[from] item: Leftovers
|turn|24
|
|switch|p2a: Garchomp|Garchomp, M, shiny|221\/357
|move|p1a: ãã«ã¸ã¼ã|Foul Play|p2a: Garchomp
|-damage|p2a: Garchomp|35\/357
|-damage|p1a: ãã«ã¸ã¼ã|175\/423|[from] ability: Rough Skin|[of] p2a: Garchomp
|
|-heal|p1a: ãã«ã¸ã¼ã|201\/423|[from] item: Leftovers
|turn|25
|
|move|p2a: Garchomp|Stealth Rock|p1a: ãã«ã¸ã¼ã
|-sidestart|p1: OldZ|move: Stealth Rock
|move|p1a: ãã«ã¸ã¼ã|Roost|p1a: ãã«ã¸ã¼ã
|-heal|p1a: ãã«ã¸ã¼ã|413\/423
|
|-heal|p1a: ãã«ã¸ã¼ã|423\/423|[from] item: Leftovers
|turn|26
|
|move|p2a: Garchomp|Outrage|p1a: ãã«ã¸ã¼ã
|-damage|p1a: ãã«ã¸ã¼ã|251\/423
|move|p1a: ãã«ã¸ã¼ã|Defog|p2a: Garchomp
|-unboost|p2a: Garchomp|evasion|1
|-sideend|p1: OldZ|Stealth Rock|[from] move: Defog|[of] p1a: ãã«ã¸ã¼ã
|
|-heal|p1a: ãã«ã¸ã¼ã|277\/423|[from] item: Leftovers
|turn|27
|c|âZedseayou|ah i fucked up
|
|move|p2a: Garchomp|Outrage|p1a: ãã«ã¸ã¼ã
|-damage|p1a: ãã«ã¸ã¼ã|99\/423
|move|p1a: ãã«ã¸ã¼ã|Roost|p1a: ãã«ã¸ã¼ã
|-heal|p1a: ãã«ã¸ã¼ã|311\/423
|
|-end|p2a: Garchomp|rampage
|-start|p2a: Garchomp|confusion
|-heal|p1a: ãã«ã¸ã¼ã|337\/423|[from] item: Leftovers
|turn|28
|c|âOldZ|gg anyway
|
|-activate|p2a: Garchomp|confusion
|-damage|p2a: Garchomp|0 fnt|[from] confusion
|faint|p2a: Garchomp
|move|p1a: ãã«ã¸ã¼ã|Foul Play|p2: Garchomp|[notarget]
|-notarget
|
|-heal|p1a: ãã«ã¸ã¼ã|363\/423|[from] item: Leftovers
|
|switch|p2a: Pinsir|Pinsir-Mega, M|271\/271
|turn|29
|leave|wiltonix
|
|move|p2a: Pinsir|Swords Dance|p2a: Pinsir
|-boost|p2a: Pinsir|atk|2
|move|p1a: ãã«ã¸ã¼ã|Foul Play|p2a: Pinsir
|-damage|p2a: Pinsir|0 fnt
|faint|p2a: Pinsir
|
|win|OldZ
|raw|Ladder updating...
|raw|OldZ's rating: 1382 &rarr; <strong>1405<\/strong><br \/>(+23 for winning)
|raw|Zedseayou's rating: 1435 &rarr; <strong>1412<\/strong><br \/>(-23 for losing)
|leave|Zedseayou
|player|p2