|join|lynxHdn
|join|Zedseayou
|player|p1|lynxHdn|2
|player|p2|Zedseayou|101
|gametype|singles
|gen|6
|tier|OU
|rated
|clearpoke
|poke|p1|Rotom-Wash
|poke|p1|Aegislash, F
|poke|p1|Latios, M
|poke|p1|Terrakion
|poke|p1|Talonflame, M
|poke|p1|Scizor, F
|poke|p2|Latios, M
|poke|p2|Thundurus, M
|poke|p2|Keldeo
|poke|p2|Hippowdon, F
|poke|p2|Aegislash, F
|poke|p2|Charizard, M
|rule|Sleep Clause Mod: Limit one foe put to sleep
|rule|Species Clause: Limit one of each Pokemon
|rule|OHKO Clause: OHKO moves are banned
|rule|Moody Clause: Moody is banned
|rule|Evasion Moves Clause: Evasion moves are banned
|rule|Endless Battle Clause: Forcing endless battles is banned.
|rule|HP Percentage Mod: HP is reported as percentages
|teampreview
|
|start
|switch|p1a: Talonflame|Talonflame, M|298\/298
|switch|p2a: Keldeo|Keldeo|323\/323
|turn|1
|
|switch|p2a: Thundurus|Thundurus, M|306\/306
|move|p1a: Talonflame|Brave Bird|p2a: Thundurus
|-resisted|p2a: Thundurus
|-damage|p2a: Thundurus|170\/306
|-damage|p1a: Talonflame|253\/298|[from] recoil|[of] p2a: Thundurus
|-damage|p1a: Talonflame|224\/298|[from] item: Life Orb
|
|-heal|p2a: Thundurus|189\/306|[from] item: Leftovers
|turn|2
|
|switch|p1a: Latios|Latios, M|302\/302
|move|p2a: Thundurus|Thunder Wave|p1a: Latios
|-status|p1a: Latios|par
|
|-heal|p2a: Thundurus|208\/306|[from] item: Leftovers
|turn|3
|
|switch|p2a: Aegislash|Aegislash, F|321\/321
|move|p1a: Latios|Draco Meteor|p2a: Aegislash
|-resisted|p2a: Aegislash
|-damage|p2a: Aegislash|239\/321
|-unboost|p1a: Latios|spa|2
|
|-heal|p2a: Aegislash|259\/321|[from] item: Leftovers
|turn|4
|
|-formechange|p2a: Aegislash|Aegislash-Blade
|move|p2a: Aegislash|Pursuit|p1a: Latios|[from]Pursuit
|-supereffective|p1a: Latios
|-damage|p1a: Latios|72\/302 par
|switch|p1a: Talonflame|Talonflame, M|224\/298
|
|-heal|p2a: Aegislash|279\/321|[from] item: Leftovers
|turn|5
|
|-formechange|p2a: Aegislash|Aegislash
|move|p2a: Aegislash|King's Shield|p2a: Aegislash
|-singleturn|p2a: Aegislash|Protect
|move|p1a: Talonflame|Swords Dance|p1a: Talonflame
|-boost|p1a: Talonflame|atk|2
|
|-heal|p2a: Aegislash|299\/321|[from] item: Leftovers
|turn|6
|
|move|p2a: Aegislash|King's Shield|p2a: Aegislash
|-fail|p2a: Aegislash
|move|p1a: Talonflame|Flare Blitz|p2a: Aegislash
|-supereffective|p2a: Aegislash
|-damage|p2a: Aegislash|0 fnt
|-damage|p1a: Talonflame|125\/298|[from] recoil|[of] p2a: Aegislash
|-damage|p1a: Talonflame|96\/298|[from] item: Life Orb
|faint|p2a: Aegislash
|
|
|switch|p2a: Hippowdon|Hippowdon, F|417\/417
|-weather|Sandstorm
|turn|7
|
|move|p1a: Talonflame|U-turn|p2a: Hippowdon
|-damage|p2a: Hippowdon|316\/417
|-damage|p1a: Talonflame|67\/298|[from] item: Life Orb
|
|switch|p1a: Rotom-Wash|Rotom-Wash|304\/304
|move|p2a: Hippowdon|Toxic|p1a: Rotom-Wash|[miss]
|-miss|p2a: Hippowdon|p1a: Rotom-Wash
|
|-weather|Sandstorm|[upkeep]
|-damage|p1a: Rotom-Wash|285\/304|[from] sandstorm
|-heal|p1a: Rotom-Wash|304\/304|[from] item: Leftovers
|-heal|p2a: Hippowdon|342\/417|[from] item: Leftovers
|turn|8
|
|switch|p2a: Latios|Latios, M|299\/299
|move|p1a: Rotom-Wash|Will-O-Wisp|p2a: Latios
|-status|p2a: Latios|brn
|
|-weather|Sandstorm|[upkeep]
|-damage|p2a: Latios|281\/299 brn|[from] sandstorm
|-damage|p1a: Rotom-Wash|285\/304|[from] sandstorm
|-heal|p1a: Rotom-Wash|304\/304|[from] item: Leftovers
|-damage|p2a: Latios|244\/299 brn|[from] brn
|turn|9
|
|move|p2a: Latios|Psyshock|p1a: Rotom-Wash
|-damage|p1a: Rotom-Wash|140\/304
|-damage|p2a: Latios|215\/299 brn|[from] item: Life Orb
|move|p1a: Rotom-Wash|Volt Switch|p2a: Latios
|-resisted|p2a: Latios
|-damage|p2a: Latios|178\/299 brn
|
|switch|p1a: Aegislash|Aegislash, F|324\/324
|
|-weather|Sandstorm|[upkeep]
|-damage|p2a: Latios|160\/299 brn|[from] sandstorm
|-damage|p2a: Latios|123\/299 brn|[from] brn
|turn|10
|
|move|p2a: Latios|Earthquake|p1a: Aegislash
|-supereffective|p1a: Aegislash
|-damage|p1a: Aegislash|256\/324
|-enditem|p1a: Aegislash|Weakness Policy
|-boost|p1a: Aegislash|atk|2|[from] item: Weakness Policy
|-boost|p1a: Aegislash|spa|2|[from] item: Weakness Policy
|-damage|p2a: Latios|94\/299 brn|[from] item: Life Orb
|-formechange|p1a: Aegislash|Aegislash-Blade
|move|p1a: Aegislash|Shadow Ball|p2a: Latios
|-supereffective|p2a: Latios
|-damage|p2a: Latios|0 fnt
|faint|p2a: Latios
|
|-weather|Sandstorm|[upkeep]
|chat|Zedseayou|oh bollocks
|
|switch|p2a: Hippowdon|Hippowdon, F|342\/417
|turn|11
|
|-formechange|p1a: Aegislash|Aegislash
|move|p1a: Aegislash|King's Shield|p1a: Aegislash
|-singleturn|p1a: Aegislash|Protect
|move|p2a: Hippowdon|Stealth Rock|p1a: Aegislash
|-sidestart|p1: lynxHdn|move: Stealth Rock
|
|-weather|none
|-heal|p2a: Hippowdon|368\/417|[from] item: Leftovers
|turn|12
|
|-formechange|p1a: Aegislash|Aegislash-Blade
|move|p1a: Aegislash|Flash Cannon|p2a: Hippowdon
|-damage|p2a: Hippowdon|0 fnt
|faint|p2a: Hippowdon
|
|chat|Zedseayou|Ugh what i swear I eved to tank that
|
|switch|p2a: Keldeo|Keldeo|323\/323
|turn|13
|
|-formechange|p1a: Aegislash|Aegislash
|move|p1a: Aegislash|King's Shield|p1a: Aegislash
|-singleturn|p1a: Aegislash|Protect
|move|p2a: Keldeo|Hydro Pump|p1a: Aegislash
|-activate|p1a: Aegislash|Protect
|
|turn|14
|
|move|p2a: Keldeo|Hydro Pump|p1a: Aegislash|[miss]
|-miss|p2a: Keldeo|p1a: Aegislash
|-formechange|p1a: Aegislash|Aegislash-Blade
|move|p1a: Aegislash|Shadow Ball|p2a: Keldeo
|-damage|p2a: Keldeo|0 fnt
|faint|p2a: Keldeo
|
|chat|lynxHdn|sorry 
|
|switch|p2a: Thundurus|Thundurus, M|208\/306
|turn|15
|
|-formechange|p1a: Aegislash|Aegislash
|move|p1a: Aegislash|King's Shield|p1a: Aegislash
|-singleturn|p1a: Aegislash|Protect
|move|p2a: Thundurus|Nasty Plot|p2a: Thundurus
|-boost|p2a: Thundurus|spa|2
|
|-heal|p2a: Thundurus|227\/306|[from] item: Leftovers
|turn|16
|
|move|p2a: Thundurus|Thunderbolt|p1a: Aegislash
|-damage|p1a: Aegislash|24\/324
|-status|p1a: Aegislash|par
|-formechange|p1a: Aegislash|Aegislash-Blade
|move|p1a: Aegislash|Hidden Power|p2a: Thundurus
|-supereffective|p2a: Thundurus
|-damage|p2a: Thundurus|0 fnt
|faint|p2a: Thundurus
|
|
|switch|p2a: Charizard|Charizard, M|307\/307
|turn|17
|
|-formechange|p2a: Charizard|Charizard-Mega-Y
|message|Charizard has Mega Evolved into Mega Charizard!
|-weather|SunnyDay
|move|p2a: Charizard|Solar Beam|p1a: Aegislash|[still]
|-prepare|p2a: Charizard|Solar Beam|p1a: Aegislash
|-anim|p2a: Charizard|Solar Beam|p1a: Aegislash
|-resisted|p1a: Aegislash
|-damage|p1a: Aegislash|0 fnt
|faint|p1a: Aegislash
|
|-weather|SunnyDay|[upkeep]
|
|switch|p1a: Terrakion|Terrakion|323\/323
|-damage|p1a: Terrakion|303\/323|[from] Stealth Rock
|turn|18
|
|move|p1a: Terrakion|Stone Edge|p2a: Charizard|[miss]
|-miss|p1a: Terrakion|p2a: Charizard
|move|p2a: Charizard|Solar Beam|p1a: Terrakion|[still]
|-prepare|p2a: Charizard|Solar Beam|p1a: Terrakion
|-anim|p2a: Charizard|Solar Beam|p1a: Terrakion
|-supereffective|p1a: Terrakion
|-damage|p1a: Terrakion|0 fnt
|faint|p1a: Terrakion
|
|-weather|SunnyDay|[upkeep]
|chat|Zedseayou|thank you gods
|
|switch|p1a: Rotom-Wash|Rotom-Wash|140\/304
|-damage|p1a: Rotom-Wash|102\/304|[from] Stealth Rock
|turn|19
|
|move|p2a: Charizard|Solar Beam|p1a: Rotom-Wash|[still]
|-prepare|p2a: Charizard|Solar Beam|p1a: Rotom-Wash
|-anim|p2a: Charizard|Solar Beam|p1a: Rotom-Wash
|-supereffective|p1a: Rotom-Wash
|-damage|p1a: Rotom-Wash|0 fnt
|faint|p1a: Rotom-Wash
|
|-weather|SunnyDay|[upkeep]
|
|switch|p1a: Latios|Latios, M|72\/302 par
|-damage|p1a: Latios|35\/302 par|[from] Stealth Rock
|turn|20
|
|move|p2a: Charizard|Solar Beam|p1a: Latios|[still]
|-prepare|p2a: Charizard|Solar Beam|p1a: Latios
|-anim|p2a: Charizard|Solar Beam|p1a: Latios
|-resisted|p1a: Latios
|-damage|p1a: Latios|0 fnt
|faint|p1a: Latios
|
|-weather|SunnyDay|[upkeep]
|
|switch|p1a: Talonflame|Talonflame, M|67\/298
|-damage|p1a: Talonflame|0 fnt|[from] Stealth Rock
|faint|p1a: Talonflame
|chat|lynxHdn|gg
|
|switch|p1a: Scizor|Scizor, F|344\/344
|-damage|p1a: Scizor|301\/344|[from] Stealth Rock
|turn|21
|chat|Zedseayou|wow lol
|
|-formechange|p1a: Scizor|Scizor-Mega
|message|Scizor has Mega Evolved into Mega Scizor!
|move|p1a: Scizor|Bullet Punch|p2a: Charizard
|-resisted|p2a: Charizard
|-damage|p2a: Charizard|249\/307
|move|p2a: Charizard|Fire Blast|p1a: Scizor|[miss]
|-miss|p2a: Charizard|p1a: Scizor
|
|-weather|none
|turn|22
|
|move|p1a: Scizor|Bullet Punch|p2a: Charizard
|-resisted|p2a: Charizard
|-damage|p2a: Charizard|189\/307
|move|p2a: Charizard|Fire Blast|p1a: Scizor|[miss]
|-miss|p2a: Charizard|p1a: Scizor
|
|turn|23
|
|move|p2a: Charizard|Fire Blast|p1a: Scizor
|-supereffective|p1a: Scizor
|-damage|p1a: Scizor|0 fnt
|faint|p1a: Scizor
|
|win|Zedseayou
|raw|Ladder updating...
|raw|lynxHdn's rating: 1385 &rarr; <strong>1366<\/strong><br \/>(-19 for losing)
|raw|Zedseayou's rating: 1399 &rarr; <strong>1418<\/strong><br \/>(+19 for winning)