|join|Zedseayou
|join|Aibro
|player|p1|Zedseayou|129
|player|p2|Aibro|281
|gametype|singles
|gen|6
|tier|OU
|rated
|clearpoke
|poke|p1|Politoed, M
|poke|p1|Swampert, F
|poke|p1|Kingdra, M
|poke|p1|Klefki, F
|poke|p1|Thundurus, M
|poke|p1|Breloom, F
|poke|p2|Tornadus-Therian, M
|poke|p2|Scizor, F
|poke|p2|Heatran, M
|poke|p2|Manectric, M
|poke|p2|Landorus-Therian, M
|poke|p2|Kyurem-Black
|rule|Swagger Clause: Swagger is banned
|rule|Baton Pass Clause: Limit one PokÃ©mon knowing Baton Pass
|rule|Sleep Clause Mod: Limit one foe put to sleep
|rule|Species Clause: Limit one of each PokÃ©mon
|rule|OHKO Clause: OHKO moves are banned
|rule|Moody Clause: Moody is banned
|rule|Evasion Moves Clause: Evasion moves are banned
|rule|Endless Battle Clause: Forcing endless battles is banned
|rule|HP Percentage Mod: HP is shown in percentages
|teampreview
|
|start
|switch|p1a: Politoed|Politoed, M|383\/383
|switch|p2a: Tornadus-Therian|Tornadus-Therian, M|299\/299
|-weather|RainDance
|turn|1
|
|move|p2a: Tornadus-Therian|Hurricane|p1a: Politoed
|-damage|p1a: Politoed|169\/383
|-start|p1a: Politoed|confusion
|-damage|p2a: Tornadus-Therian|270\/299|[from] item: Life Orb
|-activate|p1a: Politoed|confusion
|move|p1a: Politoed|Toxic|p2a: Tornadus-Therian
|-status|p2a: Tornadus-Therian|tox
|
|-weather|RainDance|[upkeep]
|-damage|p2a: Tornadus-Therian|252\/299 tox|[from] psn
|turn|2
|
|switch|p1a: Klefki|Klefki, F|318\/318
|move|p2a: Tornadus-Therian|Hurricane|p1a: Klefki
|-resisted|p1a: Klefki
|-damage|p1a: Klefki|193\/318
|-start|p1a: Klefki|confusion
|-damage|p2a: Tornadus-Therian|223\/299 tox|[from] item: Life Orb
|
|-weather|RainDance|[upkeep]
|-damage|p2a: Tornadus-Therian|187\/299 tox|[from] psn
|turn|3
|
|-activate|p1a: Klefki|confusion
|move|p1a: Klefki|Spikes|p2a: Tornadus-Therian
|-sidestart|p2: Aibro|Spikes
|move|p2a: Tornadus-Therian|Taunt|p1a: Klefki
|-start|p1a: Klefki|move: Taunt
|
|-weather|RainDance|[upkeep]
|-damage|p2a: Tornadus-Therian|133\/299 tox|[from] psn
|turn|4
|
|switch|p2a: Kyurem-Black|Kyurem-Black|454\/454
|-damage|p2a: Kyurem-Black|398\/454|[from] Spikes
|-ability|p2a: Kyurem-Black|Teravolt
|-activate|p1a: Klefki|confusion
|move|p1a: Klefki|Dazzling Gleam|p2a: Kyurem-Black
|-supereffective|p2a: Kyurem-Black
|-damage|p2a: Kyurem-Black|242\/454
|
|-weather|RainDance|[upkeep]
|turn|5
|
|move|p2a: Kyurem-Black|Light Screen|p2a: Kyurem-Black
|-sidestart|p2: Aibro|move: Light Screen
|-activate|p1a: Klefki|confusion
|move|p1a: Klefki|Dazzling Gleam|p2a: Kyurem-Black
|-supereffective|p2a: Kyurem-Black
|-damage|p2a: Kyurem-Black|157\/454
|
|-weather|RainDance|[upkeep]
|turn|6
|c|âZedseayou|never seen that one before
|
|switch|p1a: Swampert|Swampert, F|341\/341
|move|p2a: Kyurem-Black|Roost|p2a: Kyurem-Black
|-heal|p2a: Kyurem-Black|384\/454
|
|-weather|RainDance|[upkeep]
|turn|7
|c|âAibro|you're not the first to say that
|
|detailschange|p1a: Swampert|Swampert-Mega, F
|message|Swampert has Mega Evolved into Mega Swampert!
|move|p2a: Kyurem-Black|Reflect|p2a: Kyurem-Black
|-sidestart|p2: Aibro|Reflect
|move|p1a: Swampert|Stealth Rock|p2a: Kyurem-Black
|-sidestart|p2: Aibro|move: Stealth Rock
|
|-weather|RainDance|[upkeep]
|turn|8
|
|switch|p1a: Klefki|Klefki, F|193\/318
|move|p2a: Kyurem-Black|Dragon Tail|p1a: Klefki
|-immune|p1a: Klefki|[msg]
|
|-weather|none
|turn|9
|
|switch|p2a: Manectric|Manectric, M|299\/299
|-damage|p2a: Manectric|262\/299|[from] Stealth Rock
|-damage|p2a: Manectric|225\/299|[from] Spikes
|move|p1a: Klefki|Thunder Wave|p2a: Manectric
|-boost|p2a: Manectric|spa|1|[from] ability: Lightning Rod
|
|turn|10
|
|detailschange|p2a: Manectric|Manectric-Mega, M
|message|Manectric has Mega Evolved into Mega Manectric!
|-ability|p2a: Manectric|Intimidate|[of] p1a: Klefki
|-unboost|p1a: Klefki|atk|1
|move|p1a: Klefki|Spikes|p2a: Manectric
|-sidestart|p2: Aibro|Spikes
|move|p2a: Manectric|Volt Switch|p1a: Klefki
|-damage|p1a: Klefki|0 fnt
|faint|p1a: Klefki
|
|switch|p2a: Tornadus-Therian|Tornadus-Therian, M|232\/299 tox
|-damage|p2a: Tornadus-Therian|158\/299 tox|[from] Stealth Rock
|
|-damage|p2a: Tornadus-Therian|140\/299 tox|[from] psn
|
|switch|p1a: Thundurus|Thundurus, M|298\/298
|turn|11
|
|move|p2a: Tornadus-Therian|Heat Wave|p1a: Thundurus
|-damage|p1a: Thundurus|133\/298
|-damage|p2a: Tornadus-Therian|111\/299 tox|[from] item: Life Orb
|move|p1a: Thundurus|Thunder|p2a: Tornadus-Therian
|-supereffective|p2a: Tornadus-Therian
|-damage|p2a: Tornadus-Therian|0 fnt
|-damage|p1a: Thundurus|104\/298|[from] item: Life Orb
|faint|p2a: Tornadus-Therian
|
|
|switch|p2a: Scizor|Scizor, F|343\/343
|-damage|p2a: Scizor|301\/343|[from] Stealth Rock
|-damage|p2a: Scizor|244\/343|[from] Spikes
|turn|12
|
|switch|p1a: Politoed|Politoed, M|169\/383
|-weather|RainDance
|move|p2a: Scizor|Defog|p1a: Politoed
|-unboost|p1a: Politoed|evasion|1
|-sideend|p2: Aibro|Spikes|[from] move: Defog|[of] p2a: Scizor
|-sideend|p2: Aibro|Stealth Rock|[from] move: Defog|[of] p2a: Scizor
|
|-weather|RainDance|[upkeep]
|-heal|p2a: Scizor|265\/343|[from] item: Leftovers
|-sideend|p2: Aibro|move: Light Screen
|turn|13
|
|switch|p1a: Thundurus|Thundurus, M|104\/298
|move|p2a: Scizor|U-turn|p1a: Thundurus
|-resisted|p1a: Thundurus
|-damage|p1a: Thundurus|40\/298
|
|switch|p2a: Manectric|Manectric-Mega, M|225\/299
|-ability|p2a: Manectric|Intimidate|[of] p1a: Thundurus
|-unboost|p1a: Thundurus|atk|1
|-boost|p1a: Thundurus|atk|2|[from] ability: Defiant
|
|-weather|RainDance|[upkeep]
|turn|14
|
|move|p2a: Manectric|Hidden Power|p1a: Thundurus
|-supereffective|p1a: Thundurus
|-damage|p1a: Thundurus|0 fnt
|faint|p1a: Thundurus
|
|-weather|RainDance|[upkeep]
|-sideend|p2: Aibro|Reflect
|
|switch|p1a: Swampert|Swampert-Mega, F|341\/341
|turn|15
|
|switch|p2a: Landorus-Therian|Landorus-Therian, M|341\/341
|-ability|p2a: Landorus-Therian|Intimidate|[of] p1a: Swampert
|-unboost|p1a: Swampert|atk|1
|move|p1a: Swampert|Waterfall|p2a: Landorus-Therian
|-supereffective|p2a: Landorus-Therian
|-damage|p2a: Landorus-Therian|0 fnt
|faint|p2a: Landorus-Therian
|
|-weather|RainDance|[upkeep]
|
|switch|p2a: Kyurem-Black|Kyurem-Black|384\/454
|-ability|p2a: Kyurem-Black|Teravolt
|turn|16
|
|move|p1a: Swampert|Earthquake|p2a: Kyurem-Black
|-crit|p2a: Kyurem-Black
|-damage|p2a: Kyurem-Black|84\/454
|move|p2a: Kyurem-Black|Light Screen|p2a: Kyurem-Black
|-sidestart|p2: Aibro|move: Light Screen
|
|-weather|RainDance|[upkeep]
|turn|17
|
|move|p1a: Swampert|Earthquake|p2a: Kyurem-Black
|-damage|p2a: Kyurem-Black|0 fnt
|faint|p2a: Kyurem-Black
|
|-weather|RainDance|[upkeep]
|
|switch|p2a: Scizor|Scizor, F|265\/343
|turn|18
|
|move|p1a: Swampert|Waterfall|p2a: Scizor
|-damage|p2a: Scizor|130\/343
|move|p2a: Scizor|U-turn|p1a: Swampert
|-damage|p1a: Swampert|251\/341
|
|switch|p2a: Manectric|Manectric-Mega, M|225\/299
|-ability|p2a: Manectric|Intimidate|[of] p1a: Swampert
|-unboost|p1a: Swampert|atk|1
|
|-weather|RainDance|[upkeep]
|turn|19
|
|switch|p2a: Heatran|Heatran, M|385\/385
|-item|p2a: Heatran|Air Balloon
|move|p1a: Swampert|Earthquake|p2a: Heatran
|-immune|p2a: Heatran|[msg]
|
|-weather|none
|turn|20
|
|switch|p1a: Breloom|Breloom, F|261\/261
|move|p2a: Heatran|Lava Plume|p1a: Breloom
|-supereffective|p1a: Breloom
|-damage|p1a: Breloom|0 fnt
|faint|p1a: Breloom
|
|
|switch|p1a: Politoed|Politoed, M|169\/383
|-weather|RainDance
|turn|21
|
|switch|p1a: Kingdra|Kingdra, M|291\/291
|move|p2a: Heatran|Toxic|p1a: Kingdra
|-status|p1a: Kingdra|tox
|
|-weather|RainDance|[upkeep]
|-damage|p1a: Kingdra|273\/291 tox|[from] psn
|turn|22
|
|move|p1a: Kingdra|Waterfall|p2a: Heatran
|-supereffective|p2a: Heatran
|-damage|p2a: Heatran|39\/385
|-enditem|p2a: Heatran|Air Balloon
|-damage|p1a: Kingdra|244\/291 tox|[from] item: Life Orb
|move|p2a: Heatran|Stealth Rock|p1a: Kingdra
|-sidestart|p1: Zedseayou|move: Stealth Rock
|
|-weather|RainDance|[upkeep]
|-damage|p1a: Kingdra|208\/291 tox|[from] psn
|turn|23
|
|move|p1a: Kingdra|Waterfall|p2a: Heatran
|-supereffective|p2a: Heatran
|-damage|p2a: Heatran|0 fnt
|-damage|p1a: Kingdra|179\/291 tox|[from] item: Life Orb
|faint|p2a: Heatran
|
|-weather|RainDance|[upkeep]
|-damage|p1a: Kingdra|125\/291 tox|[from] psn
|-sideend|p2: Aibro|move: Light Screen
|
|switch|p2a: Manectric|Manectric-Mega, M|225\/299
|-ability|p2a: Manectric|Intimidate|[of] p1a: Kingdra
|-unboost|p1a: Kingdra|atk|1
|turn|24
|
|move|p1a: Kingdra|Draco Meteor|p2a: Manectric
|-damage|p2a: Manectric|0 fnt
|-unboost|p1a: Kingdra|spa|2
|-damage|p1a: Kingdra|96\/291 tox|[from] item: Life Orb
|faint|p2a: Manectric
|
|-weather|RainDance|[upkeep]
|-damage|p1a: Kingdra|24\/291 tox|[from] psn
|
|switch|p2a: Scizor|Scizor, F|130\/343
|turn|25
|
|move|p1a: Kingdra|Waterfall|p2a: Scizor
|-damage|p2a: Scizor|40\/343
|-damage|p1a: Kingdra|0 fnt|[from] item: Life Orb
|faint|p1a: Kingdra
|move|p2a: Scizor|Roost|p2a: Scizor
|-heal|p2a: Scizor|212\/343
|
|-weather|RainDance|[upkeep]
|-heal|p2a: Scizor|233\/343|[from] item: Leftovers
|
|switch|p1a: Swampert|Swampert-Mega, F|251\/341
|-damage|p1a: Swampert|230\/341|[from] Stealth Rock
|turn|26
|
|move|p1a: Swampert|Waterfall|p2a: Scizor
|-damage|p2a: Scizor|38\/343
|move|p2a: Scizor|Roost|p2a: Scizor
|-heal|p2a: Scizor|210\/343
|
|-weather|RainDance|[upkeep]
|-heal|p2a: Scizor|231\/343|[from] item: Leftovers
|turn|27
|
|move|p1a: Swampert|Waterfall|p2a: Scizor
|-damage|p2a: Scizor|44\/343
|move|p2a: Scizor|Roost|p2a: Scizor
|-heal|p2a: Scizor|216\/343
|
|-weather|RainDance|[upkeep]
|-heal|p2a: Scizor|237\/343|[from] item: Leftovers
|turn|28
|
|move|p1a: Swampert|Waterfall|p2a: Scizor
|-damage|p2a: Scizor|41\/343
|move|p2a: Scizor|Roost|p2a: Scizor
|-heal|p2a: Scizor|213\/343
|
|-weather|none
|-heal|p2a: Scizor|234\/343|[from] item: Leftovers
|turn|29
|
|move|p1a: Swampert|Waterfall|p2a: Scizor
|-damage|p2a: Scizor|110\/343
|move|p2a: Scizor|U-turn|p1a: Swampert
|-crit|p1a: Swampert
|-damage|p1a: Swampert|85\/341
|
|-heal|p2a: Scizor|131\/343|[from] item: Leftovers
|turn|30
|
|switch|p1a: Politoed|Politoed, M|169\/383
|-damage|p1a: Politoed|122\/383|[from] Stealth Rock
|-weather|RainDance
|move|p2a: Scizor|Roost|p2a: Scizor
|-heal|p2a: Scizor|303\/343
|
|-weather|RainDance|[upkeep]
|-heal|p2a: Scizor|324\/343|[from] item: Leftovers
|turn|31
|
|move|p1a: Politoed|Scald|p2a: Scizor
|-damage|p2a: Scizor|168\/343
|move|p2a: Scizor|U-turn|p1a: Politoed
|-damage|p1a: Politoed|35\/383
|
|-weather|RainDance|[upkeep]
|-heal|p2a: Scizor|189\/343|[from] item: Leftovers
|turn|32
|
|move|p2a: Scizor|Bullet Punch|p1a: Politoed
|-resisted|p1a: Politoed
|-damage|p1a: Politoed|0 fnt
|faint|p1a: Politoed
|
|-weather|RainDance|[upkeep]
|-heal|p2a: Scizor|210\/343|[from] item: Leftovers
|
|switch|p1a: Swampert|Swampert-Mega, F|85\/341
|-damage|p1a: Swampert|64\/341|[from] Stealth Rock
|turn|33
|
|move|p1a: Swampert|Waterfall|p2a: Scizor
|-damage|p2a: Scizor|9\/343
|move|p2a: Scizor|U-turn|p1a: Swampert
|-damage|p1a: Swampert|0 fnt
|faint|p1a: Swampert
|
|win|Aibro
|raw|Ladder updating...
|raw|Zedseayou's rating: 1363 &rarr; <strong>1342<\/strong><br \/>(-21 for losing)
|raw|Aibro's rating: 1338 &rarr; <strong>1360<\/strong><br \/>(+22 for winning)
|leave|Zedseayou
|player|p1