|join|cesar891
|join|Zedseayou
|player|p1|cesar891|169
|player|p2|Zedseayou|1
|gametype|singles
|gen|6
|tier|OU
|rated
|clearpoke
|poke|p1|Greninja, F
|poke|p1|Heatran, M
|poke|p1|Slowbro, F
|poke|p1|Bisharp, M
|poke|p1|Hawlucha, M
|poke|p1|Landorus-Therian, M
|poke|p2|Landorus-Therian, M, shiny
|poke|p2|Lopunny, F
|poke|p2|Kyurem-Black, shiny
|poke|p2|Zapdos
|poke|p2|Heatran, M
|poke|p2|Florges, F, shiny
|rule|Swagger Clause: Swagger is banned
|rule|Baton Pass Clause: Limit one PokÃ©mon knowing Baton Pass
|rule|Sleep Clause Mod: Limit one foe put to sleep
|rule|Species Clause: Limit one of each PokÃ©mon
|rule|OHKO Clause: OHKO moves are banned
|rule|Moody Clause: Moody is banned
|rule|Evasion Moves Clause: Evasion moves are banned
|rule|Endless Battle Clause: Forcing endless battles is banned
|rule|HP Percentage Mod: HP is shown in percentages
|teampreview
|
|start
|switch|p1a: Heatran|Heatran, M|369\/369
|switch|p2a: Landorus-Therian|Landorus-Therian, M, shiny|341\/341
|-ability|p2a: Landorus-Therian|Intimidate|[of] p1a: Heatran
|-unboost|p1a: Heatran|atk|1
|-item|p1a: Heatran|Air Balloon
|turn|1
|
|move|p2a: Landorus-Therian|U-turn|p1a: Heatran
|-resisted|p1a: Heatran
|-damage|p1a: Heatran|347\/369
|-enditem|p1a: Heatran|Air Balloon
|
|switch|p2a: Lopunny|Lopunny, F|295\/295
|move|p1a: Heatran|Stealth Rock|p2a: Lopunny
|-sidestart|p2: Zedseayou|move: Stealth Rock
|
|turn|2
|
|switch|p1a: Slowbro|Slowbro, F|394\/394
|detailschange|p2a: Lopunny|Lopunny-Mega, F
|message|Lopunny has Mega Evolved into Mega Lopunny!
|move|p2a: Lopunny|Power-Up Punch|p1a: Slowbro
|-crit|p1a: Slowbro
|-resisted|p1a: Slowbro
|-damage|p1a: Slowbro|353\/394
|-boost|p2a: Lopunny|atk|1
|
|turn|3
|
|switch|p2a: Florges|Florges, F, shiny|359\/359
|-damage|p2a: Florges|315\/359|[from] Stealth Rock
|detailschange|p1a: Slowbro|Slowbro-Mega, F
|message|Slowbro has Mega Evolved into Mega Slowbro!
|move|p1a: Slowbro|Calm Mind|p1a: Slowbro
|-boost|p1a: Slowbro|spa|1
|-boost|p1a: Slowbro|spd|1
|
|-heal|p2a: Florges|337\/359|[from] item: Leftovers
|turn|4
|
|move|p2a: Florges|Energy Ball|p1a: Slowbro
|-supereffective|p1a: Slowbro
|-damage|p1a: Slowbro|235\/394
|move|p1a: Slowbro|Calm Mind|p1a: Slowbro
|-boost|p1a: Slowbro|spa|1
|-boost|p1a: Slowbro|spd|1
|
|-heal|p2a: Florges|359\/359|[from] item: Leftovers
|turn|5
|
|move|p2a: Florges|Energy Ball|p1a: Slowbro
|-supereffective|p1a: Slowbro
|-damage|p1a: Slowbro|143\/394
|move|p1a: Slowbro|Slack Off|p1a: Slowbro
|-heal|p1a: Slowbro|340\/394
|
|turn|6
|
|move|p2a: Florges|Moonblast|p1a: Slowbro
|-damage|p1a: Slowbro|267\/394
|move|p1a: Slowbro|Calm Mind|p1a: Slowbro
|-boost|p1a: Slowbro|spa|1
|-boost|p1a: Slowbro|spd|1
|
|turn|7
|
|switch|p2a: Zapdos|Zapdos|383\/383
|-damage|p2a: Zapdos|288\/383|[from] Stealth Rock
|-ability|p2a: Zapdos|Pressure
|move|p1a: Slowbro|Slack Off|p1a: Slowbro
|-heal|p1a: Slowbro|394\/394
|
|-heal|p2a: Zapdos|311\/383|[from] item: Leftovers
|turn|8
|
|move|p2a: Zapdos|Thunderbolt|p1a: Slowbro
|-supereffective|p1a: Slowbro
|-damage|p1a: Slowbro|280\/394
|move|p1a: Slowbro|Scald|p2a: Zapdos
|-damage|p2a: Zapdos|0 fnt
|faint|p2a: Zapdos
|
|
|switch|p2a: Kyurem-Black|Kyurem-Black, shiny|405\/405
|-damage|p2a: Kyurem-Black|304\/405|[from] Stealth Rock
|-ability|p2a: Kyurem-Black|Teravolt
|turn|9
|
|move|p2a: Kyurem-Black|Fusion Bolt|p1a: Slowbro
|-supereffective|p1a: Slowbro
|-damage|p1a: Slowbro|152\/394
|move|p1a: Slowbro|Flamethrower|p2a: Kyurem-Black
|-damage|p2a: Kyurem-Black|31\/405
|
|-heal|p2a: Kyurem-Black|56\/405|[from] item: Leftovers
|turn|10
|
|move|p2a: Kyurem-Black|Fusion Bolt|p1a: Slowbro
|-supereffective|p1a: Slowbro
|-damage|p1a: Slowbro|22\/394
|move|p1a: Slowbro|Slack Off|p1a: Slowbro
|-heal|p1a: Slowbro|219\/394
|
|-heal|p2a: Kyurem-Black|81\/405|[from] item: Leftovers
|turn|11
|
|move|p2a: Kyurem-Black|Fusion Bolt|p1a: Slowbro
|-supereffective|p1a: Slowbro
|-damage|p1a: Slowbro|95\/394
|move|p1a: Slowbro|Slack Off|p1a: Slowbro
|-heal|p1a: Slowbro|292\/394
|
|-heal|p2a: Kyurem-Black|106\/405|[from] item: Leftovers
|turn|12
|
|move|p2a: Kyurem-Black|Substitute|p2a: Kyurem-Black
|-start|p2a: Kyurem-Black|Substitute
|-damage|p2a: Kyurem-Black|5\/405
|move|p1a: Slowbro|Slack Off|p1a: Slowbro
|-heal|p1a: Slowbro|394\/394
|
|-heal|p2a: Kyurem-Black|30\/405|[from] item: Leftovers
|turn|13
|
|move|p2a: Kyurem-Black|Fusion Bolt|p1a: Slowbro
|-supereffective|p1a: Slowbro
|-damage|p1a: Slowbro|278\/394
|move|p1a: Slowbro|Calm Mind|p1a: Slowbro
|-boost|p1a: Slowbro|spa|1
|-boost|p1a: Slowbro|spd|1
|
|-heal|p2a: Kyurem-Black|55\/405|[from] item: Leftovers
|turn|14
|
|move|p2a: Kyurem-Black|Fusion Bolt|p1a: Slowbro
|-supereffective|p1a: Slowbro
|-damage|p1a: Slowbro|154\/394
|move|p1a: Slowbro|Scald|p2a: Kyurem-Black
|-resisted|p2a: Kyurem-Black
|-end|p2a: Kyurem-Black|Substitute
|
|-heal|p2a: Kyurem-Black|80\/405|[from] item: Leftovers
|turn|15
|
|move|p2a: Kyurem-Black|Fusion Bolt|p1a: Slowbro
|-supereffective|p1a: Slowbro
|-damage|p1a: Slowbro|26\/394
|move|p1a: Slowbro|Slack Off|p1a: Slowbro
|-heal|p1a: Slowbro|223\/394
|
|-heal|p2a: Kyurem-Black|105\/405|[from] item: Leftovers
|turn|16
|
|move|p2a: Kyurem-Black|Fusion Bolt|p1a: Slowbro
|-supereffective|p1a: Slowbro
|-damage|p1a: Slowbro|101\/394
|move|p1a: Slowbro|Scald|p2a: Kyurem-Black
|-resisted|p2a: Kyurem-Black
|-damage|p2a: Kyurem-Black|0 fnt
|faint|p2a: Kyurem-Black
|
|
|switch|p2a: Lopunny|Lopunny-Mega, F|295\/295
|-damage|p2a: Lopunny|277\/295|[from] Stealth Rock
|turn|17
|
|move|p2a: Lopunny|Frustration|p1a: Slowbro
|-damage|p1a: Slowbro|13\/394
|move|p1a: Slowbro|Slack Off|p1a: Slowbro
|-heal|p1a: Slowbro|210\/394
|
|turn|18
|
|move|p2a: Lopunny|Power-Up Punch|p1a: Slowbro
|-resisted|p1a: Slowbro
|-damage|p1a: Slowbro|191\/394
|-boost|p2a: Lopunny|atk|1
|move|p1a: Slowbro|Slack Off|p1a: Slowbro
|-heal|p1a: Slowbro|388\/394
|
|turn|19
|c|âZedseayou|CHRIST
|
|move|p2a: Lopunny|Frustration|p1a: Slowbro
|-damage|p1a: Slowbro|247\/394
|move|p1a: Slowbro|Scald|p2a: Lopunny
|-damage|p2a: Lopunny|0 fnt
|faint|p2a: Lopunny
|
|
|switch|p2a: Landorus-Therian|Landorus-Therian, M, shiny|341\/341
|-damage|p2a: Landorus-Therian|299\/341|[from] Stealth Rock
|-ability|p2a: Landorus-Therian|Intimidate|[of] p1a: Slowbro
|-unboost|p1a: Slowbro|atk|1
|turn|20
|
|move|p2a: Landorus-Therian|U-turn|p1a: Slowbro
|-supereffective|p1a: Slowbro
|-damage|p1a: Slowbro|159\/394
|-message|Zedseayou forfeited.
|
|win|cesar891
|raw|Ladder updating...
|leave|Zedseayou
|player|p2
|raw|cesar891's rating: 1467 &rarr; <strong>1482<\/strong><br \/>(+15 for winning)
|raw|Zedseayou's rating: 1387 &rarr; <strong>1371<\/strong><br \/>(-16 for losing)