|join|RebornCelebi
|join|Zedseayou
|player|p1|RebornCelebi|2
|player|p2|Zedseayou|129
|gametype|singles
|gen|6
|tier|OU
|rated
|clearpoke
|poke|p1|Terrakion
|poke|p1|Garchomp, M
|poke|p1|Azumarill, F
|poke|p1|Latios, M
|poke|p1|Venusaur, M
|poke|p1|Mew
|poke|p2|Scolipede, M
|poke|p2|Espeon, F
|poke|p2|Latios, M
|poke|p2|Terrakion
|poke|p2|Charizard, M
|poke|p2|Wobbuffet, F
|rule|Swagger Clause: Swagger is banned
|rule|Baton Pass Clause: Limit one PokÃ©mon knowing Baton Pass
|rule|Sleep Clause Mod: Limit one foe put to sleep
|rule|Species Clause: Limit one of each PokÃ©mon
|rule|OHKO Clause: OHKO moves are banned
|rule|Moody Clause: Moody is banned
|rule|Evasion Moves Clause: Evasion moves are banned
|rule|Endless Battle Clause: Forcing endless battles is banned
|rule|HP Percentage Mod: HP is shown in percentages
|teampreview
|
|start
|switch|p1a: Garchomp|Garchomp, M|420\/420
|switch|p2a: Latios|Latios, M|364\/364
|turn|1
|
|switch|p1a: Mew|Mew|399\/399
|move|p2a: Latios|Reflect|p2a: Latios
|-sidestart|p2: Zedseayou|Reflect
|
|turn|2
|
|move|p2a: Latios|Light Screen|p2a: Latios
|-sidestart|p2: Zedseayou|move: Light Screen
|move|p1a: Mew|Knock Off|p2a: Latios
|-supereffective|p2a: Latios
|-damage|p2a: Latios|272\/364
|-enditem|p2a: Latios|Light Clay|[from] move: Knock Off|[of] p1a: Mew
|
|turn|3
|
|switch|p1a: Garchomp|Garchomp, M|420\/420
|move|p2a: Latios|Memento|p1a: Garchomp
|-unboost|p1a: Garchomp|atk|2
|-unboost|p1a: Garchomp|spa|2
|faint|p2a: Latios
|
|
|switch|p2a: Scolipede|Scolipede, M|323\/323
|turn|4
|
|move|p2a: Scolipede|Iron Defense|p2a: Scolipede
|-boost|p2a: Scolipede|def|2
|move|p1a: Garchomp|Stealth Rock|p2a: Scolipede
|-sidestart|p2: Zedseayou|move: Stealth Rock
|
|-boost|p2a: Scolipede|spe|1|[from] ability: Speed Boost
|turn|5
|
|move|p2a: Scolipede|Substitute|p2a: Scolipede
|-start|p2a: Scolipede|Substitute
|-damage|p2a: Scolipede|243\/323
|move|p1a: Garchomp|Dragon Tail|p2a: Scolipede
|-activate|p2a: Scolipede|Substitute|[damage]
|
|-boost|p2a: Scolipede|spe|1|[from] ability: Speed Boost
|turn|6
|
|switch|p1a: Terrakion|Terrakion|323\/323
|move|p2a: Scolipede|Iron Defense|p2a: Scolipede
|-boost|p2a: Scolipede|def|2
|
|-boost|p2a: Scolipede|spe|1|[from] ability: Speed Boost
|turn|7
|
|move|p2a: Scolipede|Iron Defense|p2a: Scolipede
|-boost|p2a: Scolipede|def|2
|move|p1a: Terrakion|Stone Edge|p2a: Scolipede
|-supereffective|p2a: Scolipede
|-activate|p2a: Scolipede|Substitute|[damage]
|-damage|p1a: Terrakion|291\/323|[from] item: Life Orb
|
|-boost|p2a: Scolipede|spe|1|[from] ability: Speed Boost
|turn|8
|
|move|p2a: Scolipede|Baton Pass|p2a: Scolipede
|
|switch|p2a: Espeon|Espeon, F|334\/334
|-damage|p2a: Espeon|293\/334|[from] Stealth Rock
|move|p1a: Terrakion|Stone Edge|p2a: Espeon
|-end|p2a: Espeon|Substitute
|-damage|p1a: Terrakion|259\/323|[from] item: Life Orb
|
|-heal|p2a: Espeon|313\/334|[from] item: Leftovers
|-sideend|p2: Zedseayou|Reflect
|turn|9
|
|switch|p1a: Latios|Latios, M|301\/301
|move|p2a: Espeon|Calm Mind|p2a: Espeon
|-boost|p2a: Espeon|spa|1
|-boost|p2a: Espeon|spd|1
|
|-heal|p2a: Espeon|333\/334|[from] item: Leftovers
|-sideend|p2: Zedseayou|move: Light Screen
|turn|10
|
|move|p2a: Espeon|Dazzling Gleam|p1a: Latios
|-supereffective|p1a: Latios
|-damage|p1a: Latios|77\/301
|move|p1a: Latios|Trick|p2a: Espeon
|-activate|p1a: Latios|move: Trick|[of] p2a: Espeon
|-item|p2a: Espeon|Choice Scarf|[from] move: Trick
|-item|p1a: Latios|Leftovers|[from] move: Trick
|
|-heal|p1a: Latios|95\/301|[from] item: Leftovers
|turn|11
|
|move|p2a: Espeon|Stored Power|p1a: Latios
|-resisted|p1a: Latios
|-damage|p1a: Latios|0 fnt
|faint|p1a: Latios
|
|
|switch|p1a: Mew|Mew|399\/399
|turn|12
|
|move|p2a: Espeon|Stored Power|p1a: Mew
|-resisted|p1a: Mew
|-damage|p1a: Mew|185\/399
|move|p1a: Mew|Roost|p1a: Mew
|-heal|p1a: Mew|385\/399
|
|-heal|p1a: Mew|399\/399|[from] item: Leftovers
|turn|13
|
|move|p2a: Espeon|Stored Power|p1a: Mew
|-resisted|p1a: Mew
|-damage|p1a: Mew|167\/399
|move|p1a: Mew|Roost|p1a: Mew
|-heal|p1a: Mew|367\/399
|
|-heal|p1a: Mew|391\/399|[from] item: Leftovers
|turn|14
|
|move|p2a: Espeon|Stored Power|p1a: Mew
|-resisted|p1a: Mew
|-damage|p1a: Mew|159\/399
|move|p1a: Mew|Roost|p1a: Mew
|-heal|p1a: Mew|359\/399
|
|-heal|p1a: Mew|383\/399|[from] item: Leftovers
|turn|15
|
|move|p2a: Espeon|Stored Power|p1a: Mew
|-resisted|p1a: Mew
|-damage|p1a: Mew|167\/399
|move|p1a: Mew|Roost|p1a: Mew
|-heal|p1a: Mew|367\/399
|
|-heal|p1a: Mew|391\/399|[from] item: Leftovers
|turn|16
|
|move|p2a: Espeon|Stored Power|p1a: Mew
|-resisted|p1a: Mew
|-damage|p1a: Mew|151\/399
|move|p1a: Mew|Roost|p1a: Mew
|-heal|p1a: Mew|351\/399
|
|-heal|p1a: Mew|375\/399|[from] item: Leftovers
|turn|17
|
|move|p2a: Espeon|Stored Power|p1a: Mew
|-resisted|p1a: Mew
|-damage|p1a: Mew|143\/399
|move|p1a: Mew|Roost|p1a: Mew
|-heal|p1a: Mew|343\/399
|
|-heal|p1a: Mew|367\/399|[from] item: Leftovers
|turn|18
|
|move|p2a: Espeon|Stored Power|p1a: Mew
|-resisted|p1a: Mew
|-damage|p1a: Mew|133\/399
|move|p1a: Mew|Roost|p1a: Mew
|-heal|p1a: Mew|333\/399
|
|-heal|p1a: Mew|357\/399|[from] item: Leftovers
|turn|19
|
|move|p2a: Espeon|Stored Power|p1a: Mew
|-resisted|p1a: Mew
|-damage|p1a: Mew|138\/399
|move|p1a: Mew|Roost|p1a: Mew
|-heal|p1a: Mew|338\/399
|
|-heal|p1a: Mew|362\/399|[from] item: Leftovers
|turn|20
|
|move|p2a: Espeon|Stored Power|p1a: Mew
|-resisted|p1a: Mew
|-damage|p1a: Mew|140\/399
|move|p1a: Mew|Roost|p1a: Mew
|-heal|p1a: Mew|340\/399
|
|-heal|p1a: Mew|364\/399|[from] item: Leftovers
|turn|21
|
|move|p2a: Espeon|Stored Power|p1a: Mew
|-resisted|p1a: Mew
|-damage|p1a: Mew|127\/399
|move|p1a: Mew|Roost|p1a: Mew
|-heal|p1a: Mew|327\/399
|
|-heal|p1a: Mew|351\/399|[from] item: Leftovers
|turn|22
|
|move|p2a: Espeon|Stored Power|p1a: Mew
|-resisted|p1a: Mew
|-damage|p1a: Mew|137\/399
|move|p1a: Mew|Roost|p1a: Mew
|-heal|p1a: Mew|337\/399
|
|-heal|p1a: Mew|361\/399|[from] item: Leftovers
|turn|23
|c|âZedseayou|where ma crit
|c|âRebornCelebi|where your skill?
|
|move|p2a: Espeon|Stored Power|p1a: Mew
|-resisted|p1a: Mew
|-damage|p1a: Mew|119\/399
|move|p1a: Mew|Roost|p1a: Mew
|-heal|p1a: Mew|319\/399
|
|-heal|p1a: Mew|343\/399|[from] item: Leftovers
|turn|24
|
|move|p2a: Espeon|Stored Power|p1a: Mew
|-resisted|p1a: Mew
|-damage|p1a: Mew|99\/399
|move|p1a: Mew|Roost|p1a: Mew
|-heal|p1a: Mew|299\/399
|
|-heal|p1a: Mew|323\/399|[from] item: Leftovers
|turn|25
|
|move|p2a: Espeon|Stored Power|p1a: Mew
|-resisted|p1a: Mew
|-damage|p1a: Mew|107\/399
|move|p1a: Mew|Roost|p1a: Mew
|-heal|p1a: Mew|307\/399
|
|-heal|p1a: Mew|331\/399|[from] item: Leftovers
|turn|26
|
|move|p2a: Espeon|Stored Power|p1a: Mew
|-resisted|p1a: Mew
|-damage|p1a: Mew|109\/399
|move|p1a: Mew|Roost|p1a: Mew
|-heal|p1a: Mew|309\/399
|
|-heal|p1a: Mew|333\/399|[from] item: Leftovers
|turn|27
|
|switch|p2a: Wobbuffet|Wobbuffet, F|584\/584
|-damage|p2a: Wobbuffet|511\/584|[from] Stealth Rock
|move|p1a: Mew|Roost|p1a: Mew
|-heal|p1a: Mew|399\/399
|
|turn|28
|
|move|p1a: Mew|Taunt|p2a: Wobbuffet
|-start|p2a: Wobbuffet|move: Taunt
|cant|p2a: Wobbuffet|move: Taunt|Encore
|
|turn|29
|
|move|p1a: Mew|Will-O-Wisp|p2a: Wobbuffet
|-status|p2a: Wobbuffet|brn
|move|p2a: Wobbuffet|Counter|p1a: Mew
|-fail|p1a: Mew
|
|-damage|p2a: Wobbuffet|438\/584 brn|[from] brn
|turn|30
|
|switch|p2a: Espeon|Espeon, F|333\/334
|-damage|p2a: Espeon|292\/334|[from] Stealth Rock
|move|p1a: Mew|Will-O-Wisp|p2a: Espeon
|move|p2a: Espeon|Will-O-Wisp|p1a: Mew|[from]Magic Bounce
|-status|p1a: Mew|brn
|-status|p2a: Espeon|brn
|
|-damage|p2a: Espeon|251\/334 brn|[from] brn
|-damage|p1a: Mew|350\/399 brn|[from] brn
|turn|31
|
|switch|p2a: Terrakion|Terrakion|323\/323
|-damage|p2a: Terrakion|303\/323|[from] Stealth Rock
|switch|p1a: Azumarill|Azumarill, F|342\/342
|
|turn|32
|
|move|p2a: Terrakion|Taunt|p1a: Azumarill
|-start|p1a: Azumarill|move: Taunt
|cant|p1a: Azumarill|move: Taunt|Belly Drum
|
|turn|33
|
|switch|p2a: Wobbuffet|Wobbuffet, F|438\/584 brn
|-damage|p2a: Wobbuffet|365\/584 brn|[from] Stealth Rock
|move|p1a: Azumarill|Play Rough|p2a: Wobbuffet
|-damage|p2a: Wobbuffet|89\/584 brn
|-unboost|p2a: Wobbuffet|atk|1
|-enditem|p2a: Wobbuffet|Sitrus Berry|[eat]
|-heal|p2a: Wobbuffet|235\/584 brn|[from] item: Sitrus Berry
|
|-damage|p2a: Wobbuffet|162\/584 brn|[from] brn
|turn|34
|
|move|p1a: Azumarill|Knock Off|p2a: Wobbuffet
|-supereffective|p2a: Wobbuffet
|-damage|p2a: Wobbuffet|0 fnt
|faint|p2a: Wobbuffet
|
|-end|p1a: Azumarill|move: Taunt
|
|switch|p2a: Terrakion|Terrakion|303\/323
|-damage|p2a: Terrakion|283\/323|[from] Stealth Rock
|turn|35
|
|move|p2a: Terrakion|Stone Edge|p1a: Azumarill
|-damage|p1a: Azumarill|134\/342
|-enditem|p1a: Azumarill|Sitrus Berry|[eat]
|-heal|p1a: Azumarill|219\/342|[from] item: Sitrus Berry
|move|p1a: Azumarill|Play Rough|p2a: Terrakion
|-supereffective|p2a: Terrakion
|-damage|p2a: Terrakion|0 fnt
|faint|p2a: Terrakion
|
|
|switch|p2a: Espeon|Espeon, F|251\/334 brn
|-damage|p2a: Espeon|210\/334 brn|[from] Stealth Rock
|turn|36
|
|switch|p1a: Venusaur|Venusaur, M|359\/359
|move|p2a: Espeon|Dazzling Gleam|p1a: Venusaur
|-resisted|p1a: Venusaur
|-damage|p1a: Venusaur|320\/359
|
|-damage|p2a: Espeon|169\/334 brn|[from] brn
|turn|37
|
|switch|p2a: Scolipede|Scolipede, M|243\/323
|-damage|p2a: Scolipede|163\/323|[from] Stealth Rock
|detailschange|p1a: Venusaur|Venusaur-Mega, M
|-mega|p1a: Venusaur|Venusaur|Venusaurite
|move|p1a: Venusaur|Synthesis|p1a: Venusaur
|-heal|p1a: Venusaur|359\/359
|
|turn|38
|
|move|p2a: Scolipede|Protect|p2a: Scolipede
|-singleturn|p2a: Scolipede|Protect
|move|p1a: Venusaur|Hidden Power|p2a: Scolipede
|-activate|p2a: Scolipede|Protect
|
|-boost|p2a: Scolipede|spe|1|[from] ability: Speed Boost
|turn|39
|
|move|p2a: Scolipede|Substitute|p2a: Scolipede
|-start|p2a: Scolipede|Substitute
|-damage|p2a: Scolipede|83\/323
|move|p1a: Venusaur|Hidden Power|p2a: Scolipede
|-supereffective|p2a: Scolipede
|-end|p2a: Scolipede|Substitute
|
|-boost|p2a: Scolipede|spe|1|[from] ability: Speed Boost
|turn|40
|
|move|p2a: Scolipede|Baton Pass|p2a: Scolipede
|
|switch|p2a: Charizard|Charizard, M|359\/359
|-damage|p2a: Charizard|180\/359|[from] Stealth Rock
|move|p1a: Venusaur|Hidden Power|p2a: Charizard
|-crit|p2a: Charizard
|-resisted|p2a: Charizard
|-damage|p2a: Charizard|119\/359
|
|turn|41
|
|detailschange|p2a: Charizard|Charizard-Mega-X, M
|-mega|p2a: Charizard|Charizard|Charizardite X
|move|p2a: Charizard|Roost|p2a: Charizard
|-heal|p2a: Charizard|299\/359
|move|p1a: Venusaur|Sludge Bomb|p2a: Charizard
|-damage|p2a: Charizard|97\/359
|
|turn|42
|-message|Zedseayou forfeited.
|leave|Zedseayou
|
|win|RebornCelebi
|raw|Ladder updating...
|raw|RebornCelebi's rating: 1601 &rarr; <strong>1616<\/strong><br \/>(+15 for winning)
|raw|Zedseayou's rating: 1501 &rarr; <strong>1486<\/strong><br \/>(-15 for losing)
|player|p2
|c|âRebornCelebi|fucking piece of shit player