|join|eylee
|join|Zedseayou
|player|p1|eylee|264
|player|p2|Zedseayou|129
|gametype|singles
|gen|6
|tier|OU
|rated
|clearpoke
|poke|p1|Gothitelle, F
|poke|p1|Politoed, M
|poke|p1|Swampert, F
|poke|p1|Breloom, F
|poke|p1|Latias, F
|poke|p1|Landorus-Therian, M
|poke|p2|Tentacruel, F
|poke|p2|Bronzong
|poke|p2|Gliscor, M
|poke|p2|Sableye, F
|poke|p2|Clefable, F
|poke|p2|Chesnaught, F
|rule|Swagger Clause: Swagger is banned
|rule|Baton Pass Clause: Limit one PokÃ©mon knowing Baton Pass
|rule|Sleep Clause Mod: Limit one foe put to sleep
|rule|Species Clause: Limit one of each PokÃ©mon
|rule|OHKO Clause: OHKO moves are banned
|rule|Moody Clause: Moody is banned
|rule|Evasion Moves Clause: Evasion moves are banned
|rule|Endless Battle Clause: Forcing endless battles is banned
|rule|HP Percentage Mod: HP is shown in percentages
|teampreview
|
|start
|switch|p1a: Politoed|Politoed, M|384\/384
|switch|p2a: Bronzong|Bronzong|338\/338
|-weather|RainDance
|turn|1
|
|move|p1a: Politoed|Hydro Pump|p2a: Bronzong|[miss]
|-miss|p1a: Politoed|p2a: Bronzong
|move|p2a: Bronzong|Toxic|p1a: Politoed
|-status|p1a: Politoed|tox
|
|-weather|RainDance|[upkeep]
|-damage|p1a: Politoed|360\/384 tox|[from] psn
|turn|2
|
|switch|p2a: Tentacruel|Tentacruel, F|364\/364
|move|p1a: Politoed|Encore|p2a: Tentacruel
|-fail|p2a: Tentacruel
|
|-weather|RainDance|[upkeep]
|-damage|p1a: Politoed|312\/384 tox|[from] psn
|turn|3
|
|switch|p1a: Latias|Latias, F|301\/301
|move|p2a: Tentacruel|Knock Off|p1a: Latias
|-supereffective|p1a: Latias
|-damage|p1a: Latias|195\/301
|-enditem|p1a: Latias|Leftovers|[from] move: Knock Off|[of] p2a: Tentacruel
|
|-weather|RainDance|[upkeep]
|turn|4
|
|switch|p2a: Clefable|Clefable, F|394\/394
|move|p1a: Latias|Psyshock|p2a: Clefable
|-damage|p2a: Clefable|270\/394
|
|-weather|RainDance|[upkeep]
|-heal|p2a: Clefable|294\/394|[from] item: Leftovers
|turn|5
|
|switch|p1a: Gothitelle|Gothitelle, F|344\/344
|move|p2a: Clefable|Moonblast|p1a: Gothitelle
|-damage|p1a: Gothitelle|274\/344
|
|-weather|RainDance|[upkeep]
|-heal|p2a: Clefable|318\/394|[from] item: Leftovers
|turn|6
|
|move|p1a: Gothitelle|Trick|p2a: Clefable
|-activate|p1a: Gothitelle|move: Trick|[of] p2a: Clefable
|-item|p2a: Clefable|Choice Scarf|[from] move: Trick
|-item|p1a: Gothitelle|Leftovers|[from] move: Trick
|move|p2a: Clefable|Moonblast|p1a: Gothitelle
|-damage|p1a: Gothitelle|207\/344
|
|-weather|RainDance|[upkeep]
|-heal|p1a: Gothitelle|228\/344|[from] item: Leftovers
|turn|7
|
|move|p2a: Clefable|Moonblast|p1a: Gothitelle
|-damage|p1a: Gothitelle|158\/344
|-unboost|p1a: Gothitelle|spa|1
|move|p1a: Gothitelle|Thunderbolt|p2a: Clefable
|-damage|p2a: Clefable|252\/394
|
|-weather|RainDance|[upkeep]
|-heal|p1a: Gothitelle|179\/344|[from] item: Leftovers
|turn|8
|
|move|p2a: Clefable|Moonblast|p1a: Gothitelle
|-damage|p1a: Gothitelle|110\/344
|-unboost|p1a: Gothitelle|spa|1
|move|p1a: Gothitelle|Thunderbolt|p2a: Clefable
|-damage|p2a: Clefable|192\/394
|
|-weather|none
|-heal|p1a: Gothitelle|131\/344|[from] item: Leftovers
|turn|9
|
|move|p2a: Clefable|Moonblast|p1a: Gothitelle
|-damage|p1a: Gothitelle|62\/344
|move|p1a: Gothitelle|Rest|p1a: Gothitelle
|-status|p1a: Gothitelle|slp
|-heal|p1a: Gothitelle|344\/344 slp|[silent]
|-status|p1a: Gothitelle|slp|[from] move: Rest
|
|turn|10
|
|move|p2a: Clefable|Moonblast|p1a: Gothitelle
|-damage|p1a: Gothitelle|274\/344 slp
|-unboost|p1a: Gothitelle|spa|1
|cant|p1a: Gothitelle|slp
|
|-heal|p1a: Gothitelle|295\/344 slp|[from] item: Leftovers
|turn|11
|
|move|p2a: Clefable|Moonblast|p1a: Gothitelle
|-damage|p1a: Gothitelle|216\/344 slp
|cant|p1a: Gothitelle|slp
|
|-heal|p1a: Gothitelle|237\/344 slp|[from] item: Leftovers
|turn|12
|
|move|p2a: Clefable|Moonblast|p1a: Gothitelle
|-damage|p1a: Gothitelle|170\/344 slp
|-curestatus|p1a: Gothitelle|slp
|move|p1a: Gothitelle|Thunderbolt|p2a: Clefable
|-damage|p2a: Clefable|130\/394
|
|-heal|p1a: Gothitelle|191\/344|[from] item: Leftovers
|turn|13
|
|move|p2a: Clefable|Moonblast|p1a: Gothitelle
|-damage|p1a: Gothitelle|118\/344
|move|p1a: Gothitelle|Rest|p1a: Gothitelle
|-status|p1a: Gothitelle|slp
|-heal|p1a: Gothitelle|344\/344 slp|[silent]
|-status|p1a: Gothitelle|slp|[from] move: Rest
|
|turn|14
|
|move|p2a: Clefable|Moonblast|p1a: Gothitelle
|-damage|p1a: Gothitelle|272\/344 slp
|cant|p1a: Gothitelle|slp
|
|-heal|p1a: Gothitelle|293\/344 slp|[from] item: Leftovers
|turn|15
|
|move|p2a: Clefable|Moonblast|p1a: Gothitelle
|-damage|p1a: Gothitelle|218\/344 slp
|cant|p1a: Gothitelle|slp
|
|-heal|p1a: Gothitelle|239\/344 slp|[from] item: Leftovers
|turn|16
|
|move|p2a: Clefable|Moonblast|p1a: Gothitelle
|-damage|p1a: Gothitelle|163\/344 slp
|-curestatus|p1a: Gothitelle|slp
|move|p1a: Gothitelle|Rest|p1a: Gothitelle
|-status|p1a: Gothitelle|slp
|-heal|p1a: Gothitelle|344\/344 slp|[silent]
|-status|p1a: Gothitelle|slp|[from] move: Rest
|
|turn|17
|
|move|p2a: Clefable|Moonblast|p1a: Gothitelle
|-damage|p1a: Gothitelle|269\/344 slp
|cant|p1a: Gothitelle|slp
|
|-heal|p1a: Gothitelle|290\/344 slp|[from] item: Leftovers
|turn|18
|
|move|p2a: Clefable|Moonblast|p1a: Gothitelle
|-damage|p1a: Gothitelle|211\/344 slp
|cant|p1a: Gothitelle|slp
|
|-heal|p1a: Gothitelle|232\/344 slp|[from] item: Leftovers
|turn|19
|
|move|p2a: Clefable|Moonblast|p1a: Gothitelle
|-damage|p1a: Gothitelle|157\/344 slp
|-curestatus|p1a: Gothitelle|slp
|move|p1a: Gothitelle|Rest|p1a: Gothitelle
|-status|p1a: Gothitelle|slp
|-heal|p1a: Gothitelle|344\/344 slp|[silent]
|-status|p1a: Gothitelle|slp|[from] move: Rest
|
|turn|20
|
|move|p2a: Clefable|Moonblast|p1a: Gothitelle
|-damage|p1a: Gothitelle|271\/344 slp
|cant|p1a: Gothitelle|slp
|
|-heal|p1a: Gothitelle|292\/344 slp|[from] item: Leftovers
|turn|21
|
|move|p2a: Clefable|Moonblast|p1a: Gothitelle
|-damage|p1a: Gothitelle|220\/344 slp
|cant|p1a: Gothitelle|slp
|
|-heal|p1a: Gothitelle|241\/344 slp|[from] item: Leftovers
|turn|22
|
|move|p2a: Clefable|Moonblast|p1a: Gothitelle
|-damage|p1a: Gothitelle|163\/344 slp
|-curestatus|p1a: Gothitelle|slp
|move|p1a: Gothitelle|Rest|p1a: Gothitelle
|-status|p1a: Gothitelle|slp
|-heal|p1a: Gothitelle|344\/344 slp|[silent]
|-status|p1a: Gothitelle|slp|[from] move: Rest
|
|turn|23
|
|move|p2a: Clefable|Moonblast|p1a: Gothitelle
|-damage|p1a: Gothitelle|271\/344 slp
|cant|p1a: Gothitelle|slp
|
|-heal|p1a: Gothitelle|292\/344 slp|[from] item: Leftovers
|turn|24
|
|move|p2a: Clefable|Moonblast|p1a: Gothitelle
|-damage|p1a: Gothitelle|220\/344 slp
|cant|p1a: Gothitelle|slp
|
|-heal|p1a: Gothitelle|241\/344 slp|[from] item: Leftovers
|turn|25
|
|move|p2a: Clefable|Moonblast|p1a: Gothitelle
|-damage|p1a: Gothitelle|168\/344 slp
|-curestatus|p1a: Gothitelle|slp
|move|p1a: Gothitelle|Rest|p1a: Gothitelle
|-status|p1a: Gothitelle|slp
|-heal|p1a: Gothitelle|344\/344 slp|[silent]
|-status|p1a: Gothitelle|slp|[from] move: Rest
|
|turn|26
|
|move|p2a: Clefable|Moonblast|p1a: Gothitelle
|-damage|p1a: Gothitelle|274\/344 slp
|cant|p1a: Gothitelle|slp
|
|-heal|p1a: Gothitelle|295\/344 slp|[from] item: Leftovers
|turn|27
|
|move|p2a: Clefable|Moonblast|p1a: Gothitelle
|-damage|p1a: Gothitelle|228\/344 slp
|-unboost|p1a: Gothitelle|spa|1
|cant|p1a: Gothitelle|slp
|
|-heal|p1a: Gothitelle|249\/344 slp|[from] item: Leftovers
|turn|28
|
|move|p2a: Clefable|Moonblast|p1a: Gothitelle
|-damage|p1a: Gothitelle|180\/344 slp
|-curestatus|p1a: Gothitelle|slp
|move|p1a: Gothitelle|Trick|p2a: Clefable
|-activate|p1a: Gothitelle|move: Trick|[of] p2a: Clefable
|-item|p2a: Clefable|Leftovers|[from] move: Trick
|-item|p1a: Gothitelle|Choice Scarf|[from] move: Trick
|
|-heal|p2a: Clefable|154\/394|[from] item: Leftovers
|turn|29
|c|âZedseayou|what are you doing
|
|move|p1a: Gothitelle|Trick|p2a: Clefable
|-activate|p1a: Gothitelle|move: Trick|[of] p2a: Clefable
|-item|p2a: Clefable|Choice Scarf|[from] move: Trick
|-item|p1a: Gothitelle|Leftovers|[from] move: Trick
|move|p2a: Clefable|Moonlight|p2a: Clefable
|-heal|p2a: Clefable|351\/394
|
|-heal|p1a: Gothitelle|201\/344|[from] item: Leftovers
|turn|30
|c|âeylee|what are YOU doing
|
|move|p2a: Clefable|Moonlight|p2a: Clefable
|-heal|p2a: Clefable|394\/394
|move|p1a: Gothitelle|Rest|p1a: Gothitelle
|-status|p1a: Gothitelle|slp
|-heal|p1a: Gothitelle|344\/344 slp|[silent]
|-status|p1a: Gothitelle|slp|[from] move: Rest
|
|turn|31
|
|move|p2a: Clefable|Moonlight|p2a: Clefable
|cant|p1a: Gothitelle|slp
|
|turn|32
|c|âZedseayou|uh waiting for you to just kill fable so we can get on with this
|
|move|p2a: Clefable|Moonlight|p2a: Clefable
|cant|p1a: Gothitelle|slp
|
|turn|33
|c|âeylee|well i like how its going right now so i dont want it to end
|
|move|p2a: Clefable|Moonlight|p2a: Clefable
|-curestatus|p1a: Gothitelle|slp
|move|p1a: Gothitelle|Thunderbolt|p2a: Clefable
|-damage|p2a: Clefable|336\/394
|
|turn|34
|
|move|p2a: Clefable|Moonlight|p2a: Clefable
|-heal|p2a: Clefable|394\/394
|move|p1a: Gothitelle|Thunderbolt|p2a: Clefable
|-damage|p2a: Clefable|329\/394
|
|turn|35
|
|move|p2a: Clefable|Moonlight|p2a: Clefable
|-heal|p2a: Clefable|394\/394
|move|p1a: Gothitelle|Thunderbolt|p2a: Clefable
|-damage|p2a: Clefable|334\/394
|-status|p2a: Clefable|par
|
|turn|36
|c|âZedseayou|should've been patient and gone for the flamethrower burn
|
|move|p1a: Gothitelle|Thunderbolt|p2a: Clefable
|-damage|p2a: Clefable|272\/394 par
|move|p2a: Clefable|Moonlight|p2a: Clefable
|-heal|p2a: Clefable|394\/394 par
|
|turn|37
|
|move|p1a: Gothitelle|Thunderbolt|p2a: Clefable
|-crit|p2a: Clefable
|-damage|p2a: Clefable|299\/394 par
|move|p2a: Clefable|Struggle|p1a: Gothitelle
|-damage|p1a: Gothitelle|321\/344
|-damage|p2a: Clefable|201\/394 par
|
|-heal|p1a: Gothitelle|342\/344|[from] item: Leftovers
|turn|38
|
|move|p1a: Gothitelle|Trick|p2a: Clefable
|-activate|p1a: Gothitelle|move: Trick|[of] p2a: Clefable
|-item|p2a: Clefable|Leftovers|[from] move: Trick
|-item|p1a: Gothitelle|Choice Scarf|[from] move: Trick
|move|p2a: Clefable|Struggle|p1a: Gothitelle
|-damage|p1a: Gothitelle|320\/344
|-damage|p2a: Clefable|103\/394 par
|
|-heal|p2a: Clefable|127\/394 par|[from] item: Leftovers
|turn|39
|
|move|p1a: Gothitelle|Trick|p2a: Clefable
|-activate|p1a: Gothitelle|move: Trick|[of] p2a: Clefable
|-item|p2a: Clefable|Choice Scarf|[from] move: Trick
|-item|p1a: Gothitelle|Leftovers|[from] move: Trick
|cant|p2a: Clefable|par
|
|-heal|p1a: Gothitelle|341\/344|[from] item: Leftovers
|turn|40
|
|move|p1a: Gothitelle|Trick|p2a: Clefable
|-activate|p1a: Gothitelle|move: Trick|[of] p2a: Clefable
|-item|p2a: Clefable|Leftovers|[from] move: Trick
|-item|p1a: Gothitelle|Choice Scarf|[from] move: Trick
|move|p2a: Clefable|Flamethrower|p1a: Gothitelle
|-damage|p1a: Gothitelle|294\/344
|
|-heal|p2a: Clefable|151\/394 par|[from] item: Leftovers
|turn|41
|
|move|p1a: Gothitelle|Trick|p2a: Clefable
|-activate|p1a: Gothitelle|move: Trick|[of] p2a: Clefable
|-item|p2a: Clefable|Choice Scarf|[from] move: Trick
|-item|p1a: Gothitelle|Leftovers|[from] move: Trick
|move|p2a: Clefable|Flamethrower|p1a: Gothitelle
|-damage|p1a: Gothitelle|247\/344
|
|-heal|p1a: Gothitelle|268\/344|[from] item: Leftovers
|turn|42
|c|âeylee|well you get your chance now
|c|âZedseayou|i'm gonna do work, this is stupid
|c|âeylee|isnt this so much fun
|
|move|p1a: Gothitelle|Trick|p2a: Clefable
|-activate|p1a: Gothitelle|move: Trick|[of] p2a: Clefable
|-item|p2a: Clefable|Leftovers|[from] move: Trick
|-item|p1a: Gothitelle|Choice Scarf|[from] move: Trick
|move|p2a: Clefable|Flamethrower|p1a: Gothitelle
|-damage|p1a: Gothitelle|225\/344
|
|-heal|p2a: Clefable|175\/394 par|[from] item: Leftovers
|turn|43
|
|move|p1a: Gothitelle|Trick|p2a: Clefable
|-activate|p1a: Gothitelle|move: Trick|[of] p2a: Clefable
|-item|p2a: Clefable|Choice Scarf|[from] move: Trick
|-item|p1a: Gothitelle|Leftovers|[from] move: Trick
|move|p2a: Clefable|Flamethrower|p1a: Gothitelle
|-damage|p1a: Gothitelle|178\/344
|-status|p1a: Gothitelle|brn
|
|-heal|p1a: Gothitelle|199\/344 brn|[from] item: Leftovers
|-damage|p1a: Gothitelle|156\/344 brn|[from] brn
|turn|44
|
|move|p1a: Gothitelle|Rest|p1a: Gothitelle
|-status|p1a: Gothitelle|slp
|-heal|p1a: Gothitelle|344\/344 slp|[silent]
|-status|p1a: Gothitelle|slp|[from] move: Rest
|move|p2a: Clefable|Flamethrower|p1a: Gothitelle
|-damage|p1a: Gothitelle|297\/344 slp
|
|-heal|p1a: Gothitelle|318\/344 slp|[from] item: Leftovers
|turn|45
|
|cant|p1a: Gothitelle|slp
|move|p2a: Clefable|Flamethrower|p1a: Gothitelle
|-damage|p1a: Gothitelle|271\/344 slp
|
|-heal|p1a: Gothitelle|292\/344 slp|[from] item: Leftovers
|turn|46
|c|âZedseayou|whoever decided mons other than wobbu should get shadow tag was an idiot
|c|âeylee|gengar has shadow tag
|c|âZedseayou|i know
|c|âZedseayou|so does chandy
|
|cant|p1a: Gothitelle|slp
|move|p2a: Clefable|Flamethrower|p1a: Gothitelle
|-damage|p1a: Gothitelle|246\/344 slp
|
|-heal|p1a: Gothitelle|267\/344 slp|[from] item: Leftovers
|turn|47
|c|âZedseayou|doesn't make it sensible
|
|-curestatus|p1a: Gothitelle|slp
|move|p1a: Gothitelle|Trick|p2a: Clefable
|-activate|p1a: Gothitelle|move: Trick|[of] p2a: Clefable
|-item|p2a: Clefable|Leftovers|[from] move: Trick
|-item|p1a: Gothitelle|Choice Scarf|[from] move: Trick
|move|p2a: Clefable|Flamethrower|p1a: Gothitelle
|-damage|p1a: Gothitelle|221\/344
|
|-heal|p2a: Clefable|199\/394 par|[from] item: Leftovers
|turn|48
|
|move|p1a: Gothitelle|Trick|p2a: Clefable
|-activate|p1a: Gothitelle|move: Trick|[of] p2a: Clefable
|-item|p2a: Clefable|Choice Scarf|[from] move: Trick
|-item|p1a: Gothitelle|Leftovers|[from] move: Trick
|move|p2a: Clefable|Flamethrower|p1a: Gothitelle
|-damage|p1a: Gothitelle|172\/344
|
|-heal|p1a: Gothitelle|193\/344|[from] item: Leftovers
|turn|49
|c|âZedseayou|!dt trick
|c|~|\/data-move Trick
|raw|<font size="1"><font color=#585858>Priority:<\/font> 0&nbsp;|&ThickSpace;<font color=#585858><font color=black>&#10003; Blocked by Protect<\/font><\/font>&nbsp;|&ThickSpace;<font color=#585858>Target:<\/font> One Adjacent Pokemon<\/font>
|c|âZedseayou|!dt rest
|c|~|\/data-move Rest
|raw|<font size="1"><font color=#585858>Priority:<\/font> 0&nbsp;|&ThickSpace;<font color=#585858>Target:<\/font> User<\/font>
|c|âZedseayou|!dt thunderbolt
|c|~|\/data-move Thunderbolt
|raw|<font size="1"><font color=#585858>Priority:<\/font> 0&nbsp;|&ThickSpace;<font color=#585858><font color=black>&#10003; Secondary effect<\/font><\/font>&nbsp;|&ThickSpace;<font color=#585858><font color=black>&#10003; Blocked by Protect<\/font><\/font>&nbsp;|&ThickSpace;<font color=#585858>Target:<\/font> One Adjacent Pokemon<\/font>
|
|move|p1a: Gothitelle|Thunderbolt|p2a: Clefable
|-damage|p2a: Clefable|141\/394 par
|move|p2a: Clefable|Flamethrower|p1a: Gothitelle
|-crit|p1a: Gothitelle
|-damage|p1a: Gothitelle|127\/344
|
|-heal|p1a: Gothitelle|148\/344|[from] item: Leftovers
|turn|50
|
|move|p1a: Gothitelle|Rest|p1a: Gothitelle
|-status|p1a: Gothitelle|slp
|-heal|p1a: Gothitelle|344\/344 slp|[silent]
|-status|p1a: Gothitelle|slp|[from] move: Rest
|move|p2a: Clefable|Flamethrower|p1a: Gothitelle
|-damage|p1a: Gothitelle|294\/344 slp
|
|-heal|p1a: Gothitelle|315\/344 slp|[from] item: Leftovers
|turn|51
|
|cant|p1a: Gothitelle|slp
|cant|p2a: Clefable|par
|
|-heal|p1a: Gothitelle|336\/344 slp|[from] item: Leftovers
|turn|52
|
|cant|p1a: Gothitelle|slp
|cant|p2a: Clefable|par
|
|-heal|p1a: Gothitelle|344\/344 slp|[from] item: Leftovers
|turn|53
|c|âeylee|well gengar was stupid idea
|c|âeylee|giving a mega shadow tag, that's why it was moved to ubers
|c|âeylee|so the guy who gave gengar shadow tag is an idiot
|
|-curestatus|p1a: Gothitelle|slp
|move|p1a: Gothitelle|Rest|p1a: Gothitelle
|-fail|p1a: Gothitelle
|cant|p2a: Clefable|par
|
|turn|54
|
|move|p1a: Gothitelle|Trick|p2a: Clefable
|-activate|p1a: Gothitelle|move: Trick|[of] p2a: Clefable
|-item|p2a: Clefable|Leftovers|[from] move: Trick
|-item|p1a: Gothitelle|Choice Scarf|[from] move: Trick
|move|p2a: Clefable|Flamethrower|p1a: Gothitelle
|-damage|p1a: Gothitelle|298\/344
|-status|p1a: Gothitelle|brn
|
|-heal|p2a: Clefable|165\/394 par|[from] item: Leftovers
|-damage|p1a: Gothitelle|255\/344 brn|[from] brn
|turn|55
|
|move|p1a: Gothitelle|Trick|p2a: Clefable
|-activate|p1a: Gothitelle|move: Trick|[of] p2a: Clefable
|-item|p2a: Clefable|Choice Scarf|[from] move: Trick
|-item|p1a: Gothitelle|Leftovers|[from] move: Trick
|move|p2a: Clefable|Heal Bell|p2a: Clefable
|-cureteam|p2a: Clefable|[from] move: HealBell
|
|-heal|p1a: Gothitelle|276\/344 brn|[from] item: Leftovers
|-damage|p1a: Gothitelle|233\/344 brn|[from] brn
|turn|56
|
|move|p2a: Clefable|Heal Bell|p2a: Clefable
|-cureteam|p2a: Clefable|[from] move: HealBell
|move|p1a: Gothitelle|Thunderbolt|p2a: Clefable
|-damage|p2a: Clefable|106\/394
|-status|p2a: Clefable|par
|
|-heal|p1a: Gothitelle|254\/344 brn|[from] item: Leftovers
|-damage|p1a: Gothitelle|211\/344 brn|[from] brn
|turn|57
|
|move|p1a: Gothitelle|Rest|p1a: Gothitelle
|-status|p1a: Gothitelle|slp
|-heal|p1a: Gothitelle|344\/344 slp|[silent]
|-status|p1a: Gothitelle|slp|[from] move: Rest
|move|p2a: Clefable|Heal Bell|p2a: Clefable
|-cureteam|p2a: Clefable|[from] move: HealBell
|
|turn|58
|
|move|p2a: Clefable|Heal Bell|p2a: Clefable
|-cureteam|p2a: Clefable|[from] move: HealBell
|cant|p1a: Gothitelle|slp
|
|turn|59
|
|move|p2a: Clefable|Heal Bell|p2a: Clefable
|-cureteam|p2a: Clefable|[from] move: HealBell
|cant|p1a: Gothitelle|slp
|
|turn|60
|
|move|p2a: Clefable|Heal Bell|p2a: Clefable
|-cureteam|p2a: Clefable|[from] move: HealBell
|-curestatus|p1a: Gothitelle|slp
|move|p1a: Gothitelle|Trick|p2a: Clefable
|-activate|p1a: Gothitelle|move: Trick|[of] p2a: Clefable
|-item|p2a: Clefable|Leftovers|[from] move: Trick
|-item|p1a: Gothitelle|Choice Scarf|[from] move: Trick
|
|-heal|p2a: Clefable|130\/394|[from] item: Leftovers
|turn|61
|
|move|p1a: Gothitelle|Trick|p2a: Clefable
|-activate|p1a: Gothitelle|move: Trick|[of] p2a: Clefable
|-item|p2a: Clefable|Choice Scarf|[from] move: Trick
|-item|p1a: Gothitelle|Leftovers|[from] move: Trick
|move|p2a: Clefable|Flamethrower|p1a: Gothitelle
|-crit|p1a: Gothitelle
|-damage|p1a: Gothitelle|280\/344
|
|-heal|p1a: Gothitelle|301\/344|[from] item: Leftovers
|turn|62
|
|switch|p1a: Politoed|Politoed, M|312\/384 tox
|-weather|RainDance
|move|p2a: Clefable|Flamethrower|p1a: Politoed
|-crit|p1a: Politoed
|-resisted|p1a: Politoed
|-damage|p1a: Politoed|287\/384 tox
|
|-weather|RainDance|[upkeep]
|-damage|p1a: Politoed|263\/384 tox|[from] psn
|turn|63
|c|âeylee|congratulations you passed
|c|âeylee|the stall
|c|âZedseayou|!rank eylee
|
|switch|p2a: Tentacruel|Tentacruel, F|364\/364
|switch|p1a: Swampert|Swampert, F|341\/341
|
|-weather|RainDance|[upkeep]
|turn|64
|
|switch|p2a: Bronzong|Bronzong|338\/338
|detailschange|p1a: Swampert|Swampert-Mega, F
|-mega|p1a: Swampert|Swampert|Swampertite
|move|p1a: Swampert|Waterfall|p2a: Bronzong
|-damage|p2a: Bronzong|136\/338
|
|-weather|RainDance|[upkeep]
|-heal|p2a: Bronzong|157\/338|[from] item: Leftovers
|turn|65
|
|switch|p2a: Chesnaught|Chesnaught, F|380\/380
|move|p1a: Swampert|Ice Punch|p2a: Chesnaught
|-supereffective|p2a: Chesnaught
|-damage|p2a: Chesnaught|252\/380
|
|-weather|RainDance|[upkeep]
|-heal|p2a: Chesnaught|275\/380|[from] item: Leftovers
|turn|66
|
|switch|p1a: Landorus-Therian|Landorus-Therian, M|381\/381
|-ability|p1a: Landorus-Therian|Intimidate|[of] p2a: Chesnaught
|-unboost|p2a: Chesnaught|atk|1
|move|p2a: Chesnaught|Leech Seed|p1a: Landorus-Therian|[miss]
|-miss|p2a: Chesnaught|p1a: Landorus-Therian
|
|-weather|RainDance|[upkeep]
|-heal|p2a: Chesnaught|298\/380|[from] item: Leftovers
|turn|67
|
|switch|p2a: Gliscor|Gliscor, M|352\/352
|move|p1a: Landorus-Therian|Knock Off|p2a: Gliscor
|-crit|p2a: Gliscor
|-damage|p2a: Gliscor|170\/352
|-enditem|p2a: Gliscor|Toxic Orb|[from] move: Knock Off|[of] p1a: Landorus-Therian
|
|-weather|RainDance|[upkeep]
|turn|68
|-message|Zedseayou forfeited.
|
|win|eylee
|raw|Ladder updating...
|leave|Zedseayou
|player|p2
|raw|eylee's rating: 1461 &rarr; <strong>1480<\/strong><br \/>(+19 for winning)
|raw|Zedseayou's rating: 1455 &rarr; <strong>1436<\/strong><br \/>(-19 for losing)