|join|(Law)Zero
|join|Zedseayou
|player|p1|(Law)Zero|141
|player|p2|Zedseayou|2
|gametype|singles
|gen|6
|tier|OU
|rated
|clearpoke
|poke|p1|Azumarill, M
|poke|p1|Bisharp, F
|poke|p1|Landorus-Therian, M
|poke|p1|Aegislash, F
|poke|p1|Latios, M
|poke|p1|Manectric, F
|poke|p2|Tyranitar, F
|poke|p2|Genesect, shiny
|poke|p2|Garchomp, M
|poke|p2|Gliscor, M
|poke|p2|Rotom-Wash
|poke|p2|Azumarill, F
|rule|Sleep Clause Mod: Limit one foe put to sleep
|rule|Species Clause: Limit one of each Pokemon
|rule|OHKO Clause: OHKO moves are banned
|rule|Moody Clause: Moody is banned
|rule|Evasion Moves Clause: Evasion moves are banned
|rule|Endless Battle Clause: Forcing endless battles is banned.
|rule|HP Percentage Mod: HP is reported as percentages
|teampreview
|callback|decision
|chat|(Law)Zero|gl
|chat|Zedseayou|gl
|
|start
|switch|p1a: Aegislash|Aegislash, F|324\/324
|switch|p2a: Rotom-Wash|Rotom-Wash|283\/283
|turn|1
|callback|decision
|
|switch|p1a: Latios|Latios, M|302\/302
|move|p2a: Rotom-Wash|Will-O-Wisp|p1a: Latios
|-status|p1a: Latios|brn
|
|-damage|p1a: Latios|265\/302 brn|[from] brn
|turn|2
|callback|decision
|
|switch|p2a: Tyranitar|Tyranitar, F|395\/395
|-weather|Sandstorm
|move|p1a: Latios|Draco Meteor|p2a: Tyranitar
|-damage|p2a: Tyranitar|253\/395
|-unboost|p1a: Latios|spa|2
|
|-weather|Sandstorm|[upkeep]
|-damage|p1a: Latios|247\/302 brn|[from] sandstorm
|-heal|p1a: Latios|265\/302 brn|[from] item: Leftovers
|-heal|p2a: Tyranitar|277\/395|[from] item: Leftovers
|-damage|p1a: Latios|228\/302 brn|[from] brn
|turn|3
|callback|decision
|
|switch|p1a: Landorus-Therian|Landorus-Therian, M|381\/381
|-ability|p1a: Landorus-Therian|Intimidate|[of] p2a: Tyranitar
|-unboost|p2a: Tyranitar|atk|1
|move|p2a: Tyranitar|Stealth Rock|p1a: Landorus-Therian
|-sidestart|p1: (Law)Zero|move: Stealth Rock
|
|-weather|Sandstorm|[upkeep]
|-heal|p2a: Tyranitar|301\/395|[from] item: Leftovers
|turn|4
|callback|decision
|
|switch|p2a: Gliscor|Gliscor, M|354\/354
|move|p1a: Landorus-Therian|U-turn|p2a: Gliscor
|-resisted|p2a: Gliscor
|-damage|p2a: Gliscor|332\/354
|callback|decision
|
|switch|p1a: Manectric|Manectric, F|281\/281
|-damage|p1a: Manectric|246\/281|[from] Stealth Rock
|
|-weather|Sandstorm|[upkeep]
|-damage|p1a: Manectric|229\/281|[from] sandstorm
|-activate|p2a: Gliscor|item: Toxic Orb
|-status|p2a: Gliscor|tox
|turn|5
|callback|decision
|
|switch|p2a: Rotom-Wash|Rotom-Wash|283\/283
|-formechange|p1a: Manectric|Manectric-Mega
|message|Manectric has Mega Evolved into Mega Manectric!
|-ability|p1a: Manectric|Intimidate|[of] p2a: Rotom-Wash
|-unboost|p2a: Rotom-Wash|atk|1
|move|p1a: Manectric|Hidden Power|p2a: Rotom-Wash
|-resisted|p2a: Rotom-Wash
|-damage|p2a: Rotom-Wash|247\/283
|
|-weather|Sandstorm|[upkeep]
|-damage|p1a: Manectric|212\/281|[from] sandstorm
|-damage|p2a: Rotom-Wash|230\/283|[from] sandstorm
|turn|6
|callback|decision
|
|move|p1a: Manectric|Volt Switch|p2a: Rotom-Wash
|-damage|p2a: Rotom-Wash|116\/283
|callback|decision
|
|switch|p1a: Latios|Latios, M|228\/302 brn
|-damage|p1a: Latios|191\/302 brn|[from] Stealth Rock
|move|p2a: Rotom-Wash|Hydro Pump|p1a: Latios
|-resisted|p1a: Latios
|-damage|p1a: Latios|57\/302 brn
|
|-weather|none
|-heal|p1a: Latios|75\/302 brn|[from] item: Leftovers
|-damage|p1a: Latios|38\/302 brn|[from] brn
|turn|7
|callback|decision
|
|switch|p2a: Tyranitar|Tyranitar, F|301\/395
|-weather|Sandstorm
|move|p1a: Latios|Defog|p2a: Tyranitar
|-unboost|p2a: Tyranitar|evasion|1
|-sideend|p1: (Law)Zero|Stealth Rock|[from] move: Defog|[of] p1a: Latios
|
|-weather|Sandstorm|[upkeep]
|-damage|p1a: Latios|20\/302 brn|[from] sandstorm
|-heal|p1a: Latios|38\/302 brn|[from] item: Leftovers
|-heal|p2a: Tyranitar|325\/395|[from] item: Leftovers
|-damage|p1a: Latios|1\/302 brn|[from] brn
|turn|8
|callback|decision
|
|move|p1a: Latios|Surf|p2a: Tyranitar
|-supereffective|p2a: Tyranitar
|-damage|p2a: Tyranitar|199\/395
|move|p2a: Tyranitar|Stealth Rock|p1a: Latios
|-sidestart|p1: (Law)Zero|move: Stealth Rock
|
|-weather|Sandstorm|[upkeep]
|-damage|p1a: Latios|0 fnt|[from] sandstorm
|-heal|p2a: Tyranitar|223\/395|[from] item: Leftovers
|faint|p1a: Latios
|callback|decision
|
|switch|p1a: Landorus-Therian|Landorus-Therian, M|381\/381
|-damage|p1a: Landorus-Therian|334\/381|[from] Stealth Rock
|-ability|p1a: Landorus-Therian|Intimidate|[of] p2a: Tyranitar
|-unboost|p2a: Tyranitar|atk|1
|turn|9
|callback|decision
|
|switch|p2a: Gliscor|Gliscor, M|332\/354 tox
|move|p1a: Landorus-Therian|U-turn|p2a: Gliscor
|-resisted|p2a: Gliscor
|-damage|p2a: Gliscor|308\/354 tox
|callback|decision
|
|switch|p1a: Manectric|Manectric, F|212\/281
|-formechange|p1a: Manectric|Manectric-Mega
|-damage|p1a: Manectric|177\/281|[from] Stealth Rock
|-ability|p1a: Manectric|Intimidate|[of] p2a: Gliscor
|-unboost|p2a: Gliscor|atk|1
|
|-weather|Sandstorm|[upkeep]
|-damage|p1a: Manectric|160\/281|[from] sandstorm
|-heal|p2a: Gliscor|352\/354 tox|[from] ability: Poison Heal
|turn|10
|callback|decision
|
|switch|p2a: Azumarill|Azumarill, F|403\/403
|move|p1a: Manectric|Hidden Power|p2a: Azumarill
|-resisted|p2a: Azumarill
|-damage|p2a: Azumarill|363\/403
|
|-weather|Sandstorm|[upkeep]
|-damage|p1a: Manectric|143\/281|[from] sandstorm
|-damage|p2a: Azumarill|338\/403|[from] sandstorm
|turn|11
|callback|decision
|
|switch|p2a: Gliscor|Gliscor, M|352\/354 tox
|move|p1a: Manectric|Thunderbolt|p2a: Gliscor
|-immune|p2a: Gliscor|[msg]
|
|-weather|none
|-heal|p2a: Gliscor|354\/354 tox|[from] ability: Poison Heal
|turn|12
|callback|decision
|
|switch|p2a: Tyranitar|Tyranitar, F|223\/395
|-weather|Sandstorm
|move|p1a: Manectric|Hidden Power|p2a: Tyranitar
|-crit|p2a: Tyranitar
|-damage|p2a: Tyranitar|159\/395
|
|-weather|Sandstorm|[upkeep]
|-damage|p1a: Manectric|126\/281|[from] sandstorm
|-heal|p2a: Tyranitar|183\/395|[from] item: Leftovers
|turn|13
|callback|decision
|
|move|p1a: Manectric|Volt Switch|p2a: Tyranitar
|-damage|p2a: Tyranitar|113\/395
|callback|decision
|
|switch|p1a: Landorus-Therian|Landorus-Therian, M|334\/381
|-damage|p1a: Landorus-Therian|287\/381|[from] Stealth Rock
|-ability|p1a: Landorus-Therian|Intimidate|[of] p2a: Tyranitar
|-unboost|p2a: Tyranitar|atk|1
|move|p2a: Tyranitar|Crunch|p1a: Landorus-Therian
|-damage|p1a: Landorus-Therian|208\/381
|
|-weather|Sandstorm|[upkeep]
|-heal|p1a: Landorus-Therian|231\/381|[from] item: Leftovers
|-heal|p2a: Tyranitar|137\/395|[from] item: Leftovers
|turn|14
|callback|decision
|
|switch|p2a: Gliscor|Gliscor, M|354\/354 tox
|move|p1a: Landorus-Therian|U-turn|p2a: Gliscor
|-resisted|p2a: Gliscor
|-damage|p2a: Gliscor|330\/354 tox
|callback|decision
|
|switch|p1a: Manectric|Manectric, F|126\/281
|-formechange|p1a: Manectric|Manectric-Mega
|-damage|p1a: Manectric|91\/281|[from] Stealth Rock
|-ability|p1a: Manectric|Intimidate|[of] p2a: Gliscor
|-unboost|p2a: Gliscor|atk|1
|
|-weather|Sandstorm|[upkeep]
|-damage|p1a: Manectric|74\/281|[from] sandstorm
|-heal|p2a: Gliscor|354\/354 tox|[from] ability: Poison Heal
|turn|15
|callback|decision
|
|switch|p2a: Azumarill|Azumarill, F|338\/403
|move|p1a: Manectric|Thunderbolt|p2a: Azumarill
|-supereffective|p2a: Azumarill
|-damage|p2a: Azumarill|0 fnt
|faint|p2a: Azumarill
|
|-weather|Sandstorm|[upkeep]
|-damage|p1a: Manectric|57\/281|[from] sandstorm
|callback|decision
|
|switch|p2a: Tyranitar|Tyranitar, F|137\/395
|turn|16
|callback|decision
|
|move|p1a: Manectric|Volt Switch|p2a: Tyranitar
|-damage|p2a: Tyranitar|62\/395
|callback|decision
|
|switch|p1a: Landorus-Therian|Landorus-Therian, M|231\/381
|-damage|p1a: Landorus-Therian|184\/381|[from] Stealth Rock
|-ability|p1a: Landorus-Therian|Intimidate|[of] p2a: Tyranitar
|-unboost|p2a: Tyranitar|atk|1
|move|p2a: Tyranitar|Crunch|p1a: Landorus-Therian
|-damage|p1a: Landorus-Therian|96\/381
|
|-weather|none
|-heal|p1a: Landorus-Therian|119\/381|[from] item: Leftovers
|-heal|p2a: Tyranitar|86\/395|[from] item: Leftovers
|turn|17
|callback|decision
|
|switch|p2a: Gliscor|Gliscor, M|354\/354 tox
|move|p1a: Landorus-Therian|U-turn|p2a: Gliscor
|-resisted|p2a: Gliscor
|-damage|p2a: Gliscor|328\/354 tox
|callback|decision
|
|switch|p1a: Azumarill|Azumarill, M|404\/404
|-damage|p1a: Azumarill|354\/404|[from] Stealth Rock
|
|-heal|p2a: Gliscor|354\/354 tox|[from] ability: Poison Heal
|turn|18
|callback|decision
|
|switch|p2a: Tyranitar|Tyranitar, F|86\/395
|-weather|Sandstorm
|move|p1a: Azumarill|Belly Drum|p1a: Azumarill
|-damage|p1a: Azumarill|152\/404
|-setboost|p1a: Azumarill|atk|6|[from] move: Belly Drum
|-enditem|p1a: Azumarill|Sitrus Berry|[eat]
|-heal|p1a: Azumarill|253\/404|[from] item: Sitrus Berry
|
|-weather|Sandstorm|[upkeep]
|-damage|p1a: Azumarill|228\/404|[from] sandstorm
|-heal|p2a: Tyranitar|110\/395|[from] item: Leftovers
|turn|19
|callback|decision
|
|move|p1a: Azumarill|Aqua Jet|p2a: Tyranitar
|-supereffective|p2a: Tyranitar
|-damage|p2a: Tyranitar|0 fnt
|faint|p2a: Tyranitar
|
|-weather|Sandstorm|[upkeep]
|-damage|p1a: Azumarill|203\/404|[from] sandstorm
|callback|decision
|
|switch|p2a: Garchomp|Garchomp, M|372\/372
|turn|20
|callback|decision
|
|-formechange|p2a: Garchomp|Garchomp-Mega
|message|Garchomp has Mega Evolved into Mega Garchomp!
|move|p1a: Azumarill|Aqua Jet|p2a: Garchomp
|-crit|p2a: Garchomp
|-damage|p2a: Garchomp|0 fnt
|faint|p2a: Garchomp
|
|-weather|Sandstorm|[upkeep]
|-damage|p1a: Azumarill|178\/404|[from] sandstorm
|callback|decision
|chat|(Law)Zero|sry
|
|switch|p2a: Genesect|Genesect, shiny|341\/341
|-boost|p2a: Genesect|atk|1|[from] ability: Download
|turn|21
|callback|decision
|
|move|p2a: Genesect|Extreme Speed|p1a: Azumarill
|-damage|p1a: Azumarill|27\/404
|move|p1a: Azumarill|Aqua Jet|p2a: Genesect
|-damage|p2a: Genesect|0 fnt
|faint|p2a: Genesect
|
|-weather|Sandstorm|[upkeep]
|-damage|p1a: Azumarill|2\/404|[from] sandstorm
|callback|decision
|
|switch|p2a: Rotom-Wash|Rotom-Wash|116\/283
|turn|22
|callback|decision
|
|move|p1a: Azumarill|Aqua Jet|p2a: Rotom-Wash
|-resisted|p2a: Rotom-Wash
|-damage|p2a: Rotom-Wash|0 fnt
|faint|p2a: Rotom-Wash
|
|-weather|none
|callback|decision
|
|switch|p2a: Gliscor|Gliscor, M|354\/354 tox
|turn|23
|callback|decision
|
|move|p1a: Azumarill|Aqua Jet|p2a: Gliscor
|-supereffective|p2a: Gliscor
|-damage|p2a: Gliscor|0 fnt
|faint|p2a: Gliscor
|
|win|(Law)Zero
|raw|Ladder updating...
|raw|(Law)Zero's rating: 1626 &rarr; <strong>1644<\/strong><br \/>(+18 for winning)
|raw|Zedseayou's rating: 1528 &rarr; <strong>1510<\/strong><br \/>(-18 for losing)
|chat|(Law)Zero|gg
|leave|Zedseayou
|player|p2