|join|Yhel
|join|Zedseayou
|player|p1|Yhel|92
|player|p2|Zedseayou|101
|gametype|singles
|gen|6
|tier|OU
|rated
|clearpoke
|poke|p1|Conkeldurr, M
|poke|p1|Rotom-Wash
|poke|p1|Cresselia, F
|poke|p1|Excadrill, M
|poke|p1|Pinsir, F
|poke|p1|Landorus, M
|poke|p2|Slowbro, M
|poke|p2|Tornadus-Therian, M
|poke|p2|Venusaur, F
|poke|p2|Heatran, F
|poke|p2|Skarmory, M
|poke|p2|Chansey, F
|rule|Sleep Clause Mod: Limit one foe put to sleep
|rule|Species Clause: Limit one of each Pokemon
|rule|OHKO Clause: OHKO moves are banned
|rule|Moody Clause: Moody is banned
|rule|Evasion Moves Clause: Evasion moves are banned
|rule|Endless Battle Clause: Forcing endless battles is banned.
|rule|HP Percentage Mod: HP is reported as percentages
|teampreview
|callback|decision
|
|start
|switch|p1a: Cresselia|Cresselia, F|444\/444
|switch|p2a: Venusaur|Venusaur, F|364\/364
|turn|1
|callback|decision
|
|switch|p1a: Landorus|Landorus, M|319\/319
|switch|p2a: Skarmory|Skarmory, M|334\/334
|
|turn|2
|callback|decision
|
|switch|p1a: Excadrill|Excadrill, M|398\/398
|-ability|p1a: Excadrill|Mold Breaker
|-item|p1a: Excadrill|Air Balloon
|switch|p2a: Chansey|Chansey, F|704\/704
|
|turn|3
|callback|decision
|
|switch|p1a: Conkeldurr|Conkeldurr, M|414\/414
|switch|p2a: Skarmory|Skarmory, M|334\/334
|
|turn|4
|callback|decision
|
|switch|p2a: Venusaur|Venusaur, F|364\/364
|move|p1a: Conkeldurr|Knock Off|p2a: Venusaur
|-crit|p2a: Venusaur
|-damage|p2a: Venusaur|249\/364
|
|turn|5
|callback|decision
|
|switch|p1a: Landorus|Landorus, M|319\/319
|-formechange|p2a: Venusaur|Venusaur-Mega
|message|Venusaur has Mega Evolved into Mega Venusaur!
|move|p2a: Venusaur|Giga Drain|p1a: Landorus
|-damage|p1a: Landorus|187\/319
|-heal|p2a: Venusaur|315\/364|[from] drain|[of] p1a: Landorus
|
|turn|6
|callback|decision
|
|switch|p2a: Slowbro|Slowbro, M|393\/393
|move|p1a: Landorus|U-turn|p2a: Slowbro
|-supereffective|p2a: Slowbro
|-damage|p2a: Slowbro|266\/393
|-damage|p1a: Landorus|156\/319|[from] item: Life Orb
|callback|decision
|
|switch|p1a: Rotom-Wash|Rotom-Wash|304\/304
|
|turn|7
|callback|decision
|
|switch|p2a: Chansey|Chansey, F|704\/704
|move|p1a: Rotom-Wash|Volt Switch|p2a: Chansey
|-damage|p2a: Chansey|650\/704
|callback|decision
|
|switch|p1a: Conkeldurr|Conkeldurr, M|414\/414
|
|turn|8
|callback|decision
|
|switch|p2a: Venusaur|Venusaur, F|315\/364
|-formechange|p2a: Venusaur|Venusaur-Mega
|switch|p1a: Pinsir|Pinsir, F|332\/332
|
|turn|9
|callback|decision
|
|switch|p1a: Rotom-Wash|Rotom-Wash|304\/304
|switch|p2a: Skarmory|Skarmory, M|334\/334
|
|turn|10
|callback|decision
|
|switch|p2a: Chansey|Chansey, F|650\/704
|move|p1a: Rotom-Wash|Will-O-Wisp|p2a: Chansey
|-status|p2a: Chansey|brn
|
|-damage|p2a: Chansey|562\/704 brn|[from] brn
|turn|11
|callback|decision
|
|move|p1a: Rotom-Wash|Volt Switch|p2a: Chansey
|-damage|p2a: Chansey|510\/704 brn
|callback|decision
|
|switch|p1a: Conkeldurr|Conkeldurr, M|414\/414
|move|p2a: Chansey|Wish|p2a: Chansey
|
|-damage|p2a: Chansey|422\/704 brn|[from] brn
|turn|12
|callback|decision
|
|switch|p2a: Tornadus-Therian|Tornadus-Therian, M|299\/299
|switch|p1a: Pinsir|Pinsir, F|332\/332
|
|turn|13
|callback|decision
|
|switch|p1a: Cresselia|Cresselia, F|444\/444
|move|p2a: Tornadus-Therian|Air Slash|p1a: Cresselia
|-damage|p1a: Cresselia|387\/444
|
|turn|14
|callback|decision
|
|switch|p1a: Conkeldurr|Conkeldurr, M|414\/414
|move|p2a: Tornadus-Therian|Knock Off|p1a: Conkeldurr
|-resisted|p1a: Conkeldurr
|-damage|p1a: Conkeldurr|361\/414
|-enditem|p1a: Conkeldurr|Assault Vest|[from] move: Knock Off|[of] p2a: Tornadus-Therian
|
|turn|15
|callback|decision
|
|move|p2a: Tornadus-Therian|U-turn|p1a: Conkeldurr
|-resisted|p1a: Conkeldurr
|-damage|p1a: Conkeldurr|326\/414
|callback|decision
|
|switch|p2a: Venusaur|Venusaur, F|315\/364
|-formechange|p2a: Venusaur|Venusaur-Mega
|move|p1a: Conkeldurr|Ice Punch|p2a: Venusaur
|-supereffective|p2a: Venusaur
|-damage|p2a: Venusaur|251\/364
|
|turn|16
|callback|decision
|
|move|p2a: Venusaur|Giga Drain|p1a: Conkeldurr
|-damage|p1a: Conkeldurr|218\/414
|-heal|p2a: Venusaur|305\/364|[from] drain|[of] p1a: Conkeldurr
|move|p1a: Conkeldurr|Knock Off|p2a: Venusaur
|-damage|p2a: Venusaur|249\/364
|
|turn|17
|callback|decision
|
|switch|p1a: Pinsir|Pinsir, F|332\/332
|move|p2a: Venusaur|Giga Drain|p1a: Pinsir
|-resisted|p1a: Pinsir
|-damage|p1a: Pinsir|263\/332
|-heal|p2a: Venusaur|284\/364|[from] drain|[of] p1a: Pinsir
|
|turn|18
|callback|decision
|
|move|p1a: Pinsir|Return|p2a: Venusaur
|-damage|p2a: Venusaur|191\/364
|move|p2a: Venusaur|Giga Drain|p1a: Pinsir
|-resisted|p1a: Pinsir
|-damage|p1a: Pinsir|188\/332
|-heal|p2a: Venusaur|229\/364|[from] drain|[of] p1a: Pinsir
|
|turn|19
|callback|decision
|chat|Yhel|omg
|
|switch|p1a: Rotom-Wash|Rotom-Wash|304\/304
|switch|p2a: Skarmory|Skarmory, M|334\/334
|
|turn|20
|callback|decision
|
|switch|p2a: Slowbro|Slowbro, M|393\/393
|move|p1a: Rotom-Wash|Volt Switch|p2a: Slowbro
|-supereffective|p2a: Slowbro
|-damage|p2a: Slowbro|255\/393
|callback|decision
|
|switch|p1a: Pinsir|Pinsir, F|188\/332
|
|turn|21
|callback|decision
|
|switch|p2a: Skarmory|Skarmory, M|334\/334
|-formechange|p1a: Pinsir|Pinsir-Mega
|message|Pinsir has Mega Evolved into Mega Pinsir!
|move|p1a: Pinsir|Return|p2a: Skarmory
|-resisted|p2a: Skarmory
|-damage|p2a: Skarmory|256\/334
|-damage|p1a: Pinsir|133\/332|[from] item: Rocky Helmet|[of] p2a: Skarmory
|
|turn|22
|callback|decision
|
|switch|p1a: Excadrill|Excadrill, M|398\/398
|-ability|p1a: Excadrill|Mold Breaker
|-item|p1a: Excadrill|Air Balloon
|move|p2a: Skarmory|Roost|p2a: Skarmory
|-heal|p2a: Skarmory|334\/334
|
|turn|23
|callback|decision
|
|move|p1a: Excadrill|Stealth Rock|p2a: Skarmory
|-sidestart|p2: Zedseayou|move: Stealth Rock
|move|p2a: Skarmory|Taunt|p1a: Excadrill
|-start|p1a: Excadrill|move: Taunt
|
|turn|24
|callback|decision
|
|switch|p1a: Rotom-Wash|Rotom-Wash|304\/304
|move|p2a: Skarmory|Defog|p1a: Rotom-Wash
|-unboost|p1a: Rotom-Wash|evasion|1
|-sideend|p2: Zedseayou|Stealth Rock|[from] move: Defog|[of] p2a: Skarmory
|
|turn|25
|callback|decision
|
|switch|p2a: Slowbro|Slowbro, M|386\/393
|move|p1a: Rotom-Wash|Will-O-Wisp|p2a: Slowbro
|-status|p2a: Slowbro|brn
|
|-damage|p2a: Slowbro|337\/393 brn|[from] brn
|turn|26
|callback|decision
|
|move|p1a: Rotom-Wash|Volt Switch|p2a: Slowbro
|-supereffective|p2a: Slowbro
|-damage|p2a: Slowbro|209\/393 brn
|callback|decision
|
|switch|p1a: Conkeldurr|Conkeldurr, M|218\/414
|move|p2a: Slowbro|Scald|p1a: Conkeldurr
|-damage|p1a: Conkeldurr|125\/414
|
|-damage|p2a: Slowbro|160\/393 brn|[from] brn
|turn|27
|callback|decision
|
|switch|p1a: Pinsir|Pinsir, F|133\/332
|-formechange|p1a: Pinsir|Pinsir-Mega
|switch|p2a: Venusaur|Venusaur, F|229\/364
|-formechange|p2a: Venusaur|Venusaur-Mega
|
|turn|28
|callback|decision
|
|switch|p2a: Skarmory|Skarmory, M|334\/334
|move|p1a: Pinsir|Swords Dance|p1a: Pinsir
|-boost|p1a: Pinsir|atk|2
|
|turn|29
|callback|decision
|
|move|p1a: Pinsir|Close Combat|p2a: Skarmory
|-damage|p2a: Skarmory|144\/334
|-damage|p1a: Pinsir|78\/332|[from] item: Rocky Helmet|[of] p2a: Skarmory
|-unboost|p1a: Pinsir|def|1
|-unboost|p1a: Pinsir|spd|1
|move|p2a: Skarmory|Roost|p2a: Skarmory
|-heal|p2a: Skarmory|311\/334
|
|turn|30
|callback|decision
|
|move|p1a: Pinsir|Swords Dance|p1a: Pinsir
|-boost|p1a: Pinsir|atk|2
|move|p2a: Skarmory|Roost|p2a: Skarmory
|-heal|p2a: Skarmory|334\/334
|
|turn|31
|callback|decision
|
|move|p1a: Pinsir|Close Combat|p2a: Skarmory
|-damage|p2a: Skarmory|6\/334
|-damage|p1a: Pinsir|23\/332|[from] item: Rocky Helmet|[of] p2a: Skarmory
|-unboost|p1a: Pinsir|def|1
|-unboost|p1a: Pinsir|spd|1
|move|p2a: Skarmory|Brave Bird|p1a: Pinsir
|-supereffective|p1a: Pinsir
|-damage|p1a: Pinsir|0 fnt
|-damage|p2a: Skarmory|0 fnt|[from] recoil|[of] p1a: Pinsir
|faint|p1a: Pinsir
|faint|p2a: Skarmory
|
|callback|decision
|
|switch|p1a: Rotom-Wash|Rotom-Wash|304\/304
|switch|p2a: Heatran|Heatran, F|385\/385
|turn|32
|callback|decision
|
|move|p1a: Rotom-Wash|Volt Switch|p2a: Heatran
|-damage|p2a: Heatran|322\/385
|callback|decision
|
|switch|p1a: Excadrill|Excadrill, M|398\/398
|-ability|p1a: Excadrill|Mold Breaker
|-item|p1a: Excadrill|Air Balloon
|move|p2a: Heatran|Stealth Rock|p1a: Excadrill
|-sidestart|p1: Yhel|move: Stealth Rock
|
|-heal|p2a: Heatran|346\/385|[from] item: Leftovers
|turn|33
|callback|decision
|
|move|p1a: Excadrill|Earthquake|p2a: Heatran
|-supereffective|p2a: Heatran
|-damage|p2a: Heatran|0 fnt
|faint|p2a: Heatran
|
|callback|decision
|
|switch|p2a: Tornadus-Therian|Tornadus-Therian, M|299\/299
|turn|34
|callback|decision
|chat|Yhel|Overprediction, eh?
|
|switch|p1a: Cresselia|Cresselia, F|387\/444
|-damage|p1a: Cresselia|332\/444|[from] Stealth Rock
|move|p2a: Tornadus-Therian|Superpower|p1a: Cresselia
|-resisted|p1a: Cresselia
|-damage|p1a: Cresselia|284\/444
|-unboost|p2a: Tornadus-Therian|atk|1
|-unboost|p2a: Tornadus-Therian|def|1
|
|turn|35
|callback|decision
|chat|Zedseayou|i figured even if you eqed tran wasn't staying in on any of your mons anyway
|
|switch|p1a: Landorus|Landorus, M|156\/319
|-damage|p1a: Landorus|117\/319|[from] Stealth Rock
|move|p2a: Tornadus-Therian|U-turn|p1a: Landorus
|-resisted|p1a: Landorus
|-damage|p1a: Landorus|93\/319
|callback|decision
|
|switch|p2a: Chansey|Chansey, F|422\/704
|
|turn|36
|callback|decision
|chat|Yhel|Except Cresselia, right? :]
|
|move|p1a: Landorus|U-turn|p2a: Chansey
|-damage|p2a: Chansey|301\/704
|-damage|p1a: Landorus|62\/319|[from] item: Life Orb
|callback|decision
|
|switch|p1a: Excadrill|Excadrill, M|398\/398
|-damage|p1a: Excadrill|386\/398|[from] Stealth Rock
|-ability|p1a: Excadrill|Mold Breaker
|-item|p1a: Excadrill|Air Balloon
|move|p2a: Chansey|Soft-Boiled|p2a: Chansey
|-heal|p2a: Chansey|653\/704
|
|turn|37
|callback|decision
|
|switch|p2a: Venusaur|Venusaur, F|229\/364
|-formechange|p2a: Venusaur|Venusaur-Mega
|move|p1a: Excadrill|Rapid Spin|p2a: Venusaur
|-damage|p2a: Venusaur|212\/364
|-sideend|p1: Yhel|Stealth Rock|[from] move: Rapid Spin|[of] p1a: Excadrill
|
|turn|38
|callback|decision
|
|move|p1a: Excadrill|Earthquake|p2a: Venusaur
|-damage|p2a: Venusaur|82\/364
|move|p2a: Venusaur|Synthesis|p2a: Venusaur
|-heal|p2a: Venusaur|264\/364
|
|turn|39
|callback|decision
|
|move|p1a: Excadrill|Stealth Rock|p2a: Venusaur
|-sidestart|p2: Zedseayou|move: Stealth Rock
|move|p2a: Venusaur|Synthesis|p2a: Venusaur
|-heal|p2a: Venusaur|364\/364
|
|turn|40
|callback|decision
|
|switch|p1a: Cresselia|Cresselia, F|284\/444
|move|p2a: Venusaur|Giga Drain|p1a: Cresselia
|-damage|p1a: Cresselia|218\/444
|
|turn|41
|callback|decision
|
|switch|p2a: Chansey|Chansey, F|653\/704
|-damage|p2a: Chansey|565\/704|[from] Stealth Rock
|move|p1a: Cresselia|Light Screen|p1a: Cresselia
|-sidestart|p1: Yhel|move: Light Screen
|
|turn|42
|callback|decision
|
|switch|p1a: Conkeldurr|Conkeldurr, M|125\/414
|move|p2a: Chansey|Toxic|p1a: Conkeldurr
|-status|p1a: Conkeldurr|tox
|
|-damage|p1a: Conkeldurr|100\/414 tox|[from] psn
|turn|43
|callback|decision
|
|switch|p2a: Venusaur|Venusaur, F|364\/364
|-formechange|p2a: Venusaur|Venusaur-Mega
|-damage|p2a: Venusaur|319\/364|[from] Stealth Rock
|switch|p1a: Landorus|Landorus, M|62\/319
|
|turn|44
|callback|decision
|
|move|p1a: Landorus|Earth Power|p2a: Venusaur
|-damage|p2a: Venusaur|142\/364
|move|p2a: Venusaur|Synthesis|p2a: Venusaur
|-heal|p2a: Venusaur|324\/364
|
|turn|45
|callback|decision
|
|switch|p2a: Tornadus-Therian|Tornadus-Therian, M|299\/299
|-damage|p2a: Tornadus-Therian|225\/299|[from] Stealth Rock
|move|p1a: Landorus|Earth Power|p2a: Tornadus-Therian
|-immune|p2a: Tornadus-Therian|[msg]
|
|turn|46
|callback|decision
|chat|Yhel|Beautiful stall team tho
|
|switch|p1a: Rotom-Wash|Rotom-Wash|304\/304
|move|p2a: Tornadus-Therian|Knock Off|p1a: Rotom-Wash
|-damage|p1a: Rotom-Wash|235\/304
|-enditem|p1a: Rotom-Wash|Chesto Berry|[from] move: Knock Off|[of] p2a: Tornadus-Therian
|
|turn|47
|callback|decision
|
|move|p2a: Tornadus-Therian|U-turn|p1a: Rotom-Wash
|-damage|p1a: Rotom-Wash|183\/304
|callback|decision
|
|switch|p2a: Chansey|Chansey, F|565\/704
|-damage|p2a: Chansey|477\/704|[from] Stealth Rock
|move|p1a: Rotom-Wash|Volt Switch|p2a: Chansey
|-crit|p2a: Chansey
|-damage|p2a: Chansey|390\/704
|callback|decision
|chat|Zedseayou|fcking hate volt-turn tho
|chat|Yhel|Can I have a copy of this team? I'll be sure not to claim it as my own :]
|
|switch|p1a: Conkeldurr|Conkeldurr, M|100\/414 tox
|
|-damage|p1a: Conkeldurr|75\/414 tox|[from] psn
|turn|48
|callback|decision
|
|move|p2a: Chansey|Soft-Boiled|p2a: Chansey
|-heal|p2a: Chansey|704\/704
|move|p1a: Conkeldurr|Drain Punch|p2a: Chansey
|-supereffective|p2a: Chansey
|-damage|p2a: Chansey|146\/704
|-heal|p1a: Conkeldurr|354\/414 tox|[from] drain|[of] p2a: Chansey
|
|-damage|p1a: Conkeldurr|304\/414 tox|[from] psn
|-sideend|p1: Yhel|move: Light Screen
|turn|49
|callback|decision
|
|move|p2a: Chansey|Heal Bell|p2a: Chansey
|-cureteam|p2a: Chansey|[from] move: HealBell
|move|p1a: Conkeldurr|Knock Off|p2a: Chansey
|-damage|p2a: Chansey|0 fnt
|faint|p2a: Chansey
|
|-damage|p1a: Conkeldurr|229\/414 tox|[from] psn
|callback|decision
|chat|Yhel|Why fodder the Chansey?
|
|switch|p2a: Tornadus-Therian|Tornadus-Therian, M|299\/299
|-damage|p2a: Tornadus-Therian|225\/299|[from] Stealth Rock
|turn|50
|callback|decision
|
|move|p2a: Tornadus-Therian|Superpower|p1a: Conkeldurr
|-damage|p1a: Conkeldurr|96\/414 tox
|-unboost|p2a: Tornadus-Therian|atk|1
|-unboost|p2a: Tornadus-Therian|def|1
|move|p1a: Conkeldurr|Ice Punch|p2a: Tornadus-Therian
|-supereffective|p2a: Tornadus-Therian
|-damage|p2a: Tornadus-Therian|0 fnt
|faint|p2a: Tornadus-Therian
|
|-damage|p1a: Conkeldurr|0 fnt|[from] psn
|faint|p1a: Conkeldurr
|callback|decision
|chat|Zedseayou|ah fuck
|chat|Zedseayou|now that's overprediction
|chat|Zedseayou|gg
|chat|Yhel|Mhm.
|-message|Zedseayou forfeited.
|
|win|Yhel
|raw|Ladder updating...
|chat|Yhel|But yeah seriously, can I have a copy of your team?
|leave|Zedseayou
|player|p2
|raw|Yhel's rating: 1371 &rarr; <strong>1397<\/strong><br \/>(+26 for winning)
|raw|Zedseayou's rating: 1379 &rarr; <strong>1353<\/strong><br \/>(-26 for losing)