|join|i wish i had hoes
|join|Nazo619
|player|p1|i wish i had hoes|117
|player|p2|Nazo619|101
|gametype|singles
|gen|6
|tier|UU
|rated
|rule|Sleep Clause Mod: Limit one foe put to sleep
|rule|Species Clause: Limit one of each Pokemon
|rule|OHKO Clause: OHKO moves are banned
|rule|Moody Clause: Moody is banned
|rule|Evasion Moves Clause: Evasion moves are banned
|rule|Endless Battle Clause: Forcing endless battles is banned.
|rule|HP Percentage Mod: HP is reported as percentages
|clearpoke
|poke|p1|Hydreigon, F
|poke|p1|Nidoqueen, F
|poke|p1|Whimsicott, M
|poke|p1|Florges, F
|poke|p1|Darmanitan, M
|poke|p1|Mew
|poke|p2|Slowbro, F, shiny
|poke|p2|Ampharos, F, shiny
|poke|p2|Cloyster, F, shiny
|poke|p2|Darmanitan, M, shiny
|poke|p2|Mienshao, F, shiny
|poke|p2|Trevenant, F, shiny
|teampreview
|join|whyfor
|chat|whyfor|NB NB
|join|CoolStoryBrobat
|chat|CoolStoryBrobat|Dang
|chat|CoolStoryBrobat|Look at the threats
|chat|i wish i had hoes|threats
|chat|i wish i had hoes|yup
|chat|CoolStoryBrobat|You can tell they're dangerous because they're all shiny
|chat|CoolStoryBrobat|He RNG'd 6 IV mons
|
|start
|switch|p1a: V For Lose|Darmanitan, M|351\/351
|switch|p2a: John|Trevenant, F, shiny|374\/374
|turn|1
|chat|whyfor|lol
|chat|i wish i had hoes|LOL
|
|move|p2a: John|Protect|p2a: John
|-singleturn|p2a: John|Protect
|move|p1a: V For Lose|U-turn|p2a: John
|-activate|p2a: John|Protect
|
|turn|2
|
|switch|p2a: Fred|Mienshao, F, shiny|271\/271
|move|p1a: V For Lose|U-turn|p2a: Fred
|-resisted|p2a: Fred
|-damage|p2a: Fred|208\/271
|chat|CoolStoryBrobat|Though I am kinda worried how this team deals with mega houndoom
|
|switch|p1a: Gum|Mew|404\/404
|
|-heal|p2a: Fred|224\/271|[from] item: Leftovers
|turn|3
|chat|CoolStoryBrobat|One Flame charge and poof
|
|move|p2a: Fred|Fake Out|p1a: Gum
|-damage|p1a: Gum|360\/404
|cant|p1a: Gum|flinch
|
|-heal|p2a: Fred|240\/271|[from] item: Leftovers
|-heal|p1a: Gum|385\/404|[from] item: Leftovers
|turn|4
|chat|i wish i had hoes|im weak too doom
|
|move|p2a: Fred|Knock Off|p1a: Gum
|-supereffective|p1a: Gum
|-damage|p1a: Gum|189\/404
|-enditem|p1a: Gum|Leftovers|[from] move: Knock Off|[of] p2a: Fred
|move|p1a: Gum|Will-O-Wisp|p2a: Fred
|-status|p2a: Fred|brn
|
|-heal|p2a: Fred|256\/271 brn|[from] item: Leftovers
|-damage|p2a: Fred|223\/271 brn|[from] brn
|turn|5
|chat|CoolStoryBrobat|You gota  Hydreigon, no you ain't
|chat|i wish i had hoes|after np 
|
|move|p2a: Fred|Knock Off|p1a: Gum
|-supereffective|p1a: Gum
|-damage|p1a: Gum|119\/404
|move|p1a: Gum|Roost|p1a: Gum
|-heal|p1a: Gum|321\/404
|
|-heal|p2a: Fred|239\/271 brn|[from] item: Leftovers
|-damage|p2a: Fred|206\/271 brn|[from] brn
|turn|6
|chat|CoolStoryBrobat|You still live it though
|chat|i wish i had hoes|hmmm
|
|switch|p2a: Paul|Slowbro, F, shiny|394\/394
|move|p1a: Gum|U-turn|p2a: Paul
|-supereffective|p2a: Paul
|-damage|p2a: Paul|320\/394
|
|switch|p1a: 3rd eye|Hydreigon, F|326\/326
|
|-heal|p2a: Paul|344\/394|[from] item: Leftovers
|turn|7
|
|move|p1a: 3rd eye|Dark Pulse|p2a: Paul
|-supereffective|p2a: Paul
|-damage|p2a: Paul|0 fnt
|-damage|p1a: 3rd eye|294\/326|[from] item: Life Orb
|faint|p2a: Paul
|
|chat|i wish i had hoes|i need watr type
|chat|i wish i had hoes|ffs
|
|switch|p2a: Larry|Cloyster, F, shiny|242\/242
|turn|8
|
|move|p2a: Larry|Rock Blast|p1a: 3rd eye|[miss]
|-miss|p2a: Larry|p1a: 3rd eye
|move|p1a: 3rd eye|U-turn|p2a: Larry
|-damage|p2a: Larry|198\/242
|-damage|p1a: 3rd eye|262\/326|[from] item: Life Orb
|chat|whyfor|inb4 scarfed cloyster
|chat|CoolStoryBrobat|lol
|chat|CoolStoryBrobat|it was actually scarf Cloyster
|chat|i wish i had hoes|tf
|chat|i wish i had hoes|it out sped 2
|
|switch|p1a: Loud|Whimsicott, M|324\/324
|
|turn|9
|
|switch|p2a: John|Trevenant, F, shiny|374\/374
|move|p1a: Loud|Leech Seed|p2a: John
|-immune|p2a: John|[msg]
|
|turn|10
|chat|CoolStoryBrobat|Free switch to Nidoqueen just wasted
|
|move|p1a: Loud|Substitute|p1a: Loud
|-start|p1a: Loud|Substitute
|-damage|p1a: Loud|243\/324
|move|p2a: John|Shadow Claw|p1a: Loud
|-activate|p1a: Loud|Substitute|[damage]
|
|-heal|p1a: Loud|263\/324|[from] item: Leftovers
|turn|11
|chat|i wish i had hoes|naaaa
|
|move|p1a: Loud|Moonblast|p2a: John
|-damage|p2a: John|299\/374
|move|p2a: John|Shadow Claw|p1a: Loud
|-end|p1a: Loud|Substitute
|
|-heal|p1a: Loud|283\/324|[from] item: Leftovers
|turn|12
|chat|CoolStoryBrobat|on the Rock Blast I mean
|
|switch|p2a: Rick|Darmanitan, M, shiny|414\/414
|move|p1a: Loud|Substitute|p1a: Loud
|-start|p1a: Loud|Substitute
|-damage|p1a: Loud|202\/324
|
|-heal|p1a: Loud|222\/324|[from] item: Leftovers
|turn|13
|
|move|p1a: Loud|Moonblast|p2a: Rick
|-resisted|p2a: Rick
|-damage|p2a: Rick|343\/414
|move|p2a: Rick|U-turn|p1a: Loud
|-crit|p1a: Loud
|-end|p1a: Loud|Substitute
|-damage|p2a: Rick|302\/414|[from] item: Life Orb
|chat|i wish i had hoes|lol oh
|
|switch|p2a: Larry|Cloyster, F, shiny|198\/242
|
|-heal|p1a: Loud|242\/324|[from] item: Leftovers
|turn|14
|
|switch|p1a: Gum|Mew|321\/404
|move|p2a: Larry|Icicle Spear|p1a: Gum
|-damage|p1a: Gum|288\/404
|-damage|p1a: Gum|257\/404
|-damage|p1a: Gum|226\/404
|-damage|p1a: Gum|195\/404
|-damage|p1a: Gum|161\/404
|-hitcount|p1a: Gum|5
|
|turn|15
|
|move|p2a: Larry|Icicle Spear|p1a: Gum
|-damage|p1a: Gum|130\/404
|-damage|p1a: Gum|96\/404
|-damage|p1a: Gum|63\/404
|-damage|p1a: Gum|32\/404
|-crit|p1a: Gum
|-damage|p1a: Gum|0 fnt
|-hitcount|p1a: Gum|5
|faint|p1a: Gum
|
|chat|whyfor|wow mew
|chat|whyfor|ate it up
|chat|whyfor|awww
|chat|whyfor|the last roll
|
|switch|p1a: V For Lose|Darmanitan, M|351\/351
|turn|16
|
|switch|p2a: Fred|Mienshao, F, shiny|271\/271 brn
|move|p1a: V For Lose|Superpower|p2a: Fred
|-damage|p2a: Fred|55\/271 brn
|-unboost|p1a: V For Lose|atk|1
|-unboost|p1a: V For Lose|def|1
|
|-heal|p2a: Fred|71\/271 brn|[from] item: Leftovers
|-damage|p2a: Fred|38\/271 brn|[from] brn
|turn|17
|chat|CoolStoryBrobat|Why would you Superpower
|chat|whyfor|btw
|chat|CoolStoryBrobat|You need more hoes
|chat|i wish i had hoes|no idea
|chat|whyfor|Leftovers?
|
|switch|p1a: Loud|Whimsicott, M|242\/324
|move|p2a: Fred|Knock Off|p1a: Loud
|-resisted|p1a: Loud
|-damage|p1a: Loud|219\/324
|-enditem|p1a: Loud|Leftovers|[from] move: Knock Off|[of] p2a: Fred
|
|-heal|p2a: Fred|54\/271 brn|[from] item: Leftovers
|-damage|p2a: Fred|21\/271 brn|[from] brn
|turn|18
|chat|i wish i had hoes|wait
|chat|whyfor|Mienshao
|chat|whyfor|lol
|join|SweetDelight
|
|move|p1a: Loud|Leech Seed|p2a: Fred
|-start|p2a: Fred|move: Leech Seed
|move|p2a: Fred|Aerial Ace|p1a: Loud
|-supereffective|p1a: Loud
|-damage|p1a: Loud|163\/324
|
|-heal|p2a: Fred|37\/271 brn|[from] item: Leftovers
|-damage|p2a: Fred|4\/271 brn|[from] Leech Seed|[of] p1a: Loud
|-heal|p1a: Loud|196\/324|[silent]
|-damage|p2a: Fred|0 fnt|[from] brn
|faint|p2a: Fred
|chat|whyfor|Must be a bulky one with 252 HP
|chat|whyfor|kek
|chat|whyfor|:P
|
|switch|p2a: Rick|Darmanitan, M, shiny|302\/414
|turn|19
|chat|i wish i had hoes|probs
|
|move|p1a: Loud|Substitute|p1a: Loud
|-start|p1a: Loud|Substitute
|-damage|p1a: Loud|115\/324
|move|p2a: Rick|Flare Blitz|p1a: Loud
|-supereffective|p1a: Loud
|-end|p1a: Loud|Substitute
|-damage|p2a: Rick|275\/414|[from] recoil|[of] p1a: Loud
|
|turn|20
|chat|whyfor|~~free florges switch in~~
|
|move|p1a: Loud|Substitute|p1a: Loud
|-start|p1a: Loud|Substitute
|-damage|p1a: Loud|34\/324
|move|p2a: Rick|Flare Blitz|p1a: Loud
|-supereffective|p1a: Loud
|-end|p1a: Loud|Substitute
|-damage|p2a: Rick|248\/414|[from] recoil|[of] p1a: Loud
|
|turn|21
|
|move|p1a: Loud|Leech Seed|p2a: Rick
|-start|p2a: Rick|move: Leech Seed
|move|p2a: Rick|U-turn|p1a: Loud
|-damage|p1a: Loud|0 fnt
|-damage|p2a: Rick|207\/414|[from] item: Life Orb
|faint|p1a: Loud
|chat|CoolStoryBrobat|lol
|
|switch|p2a: John|Trevenant, F, shiny|299\/374
|
|chat|i wish i had hoes|loool
|
|switch|p1a: 3rd eye|Hydreigon, F|262\/326
|turn|22
|
|move|p1a: 3rd eye|Dark Pulse|p2a: John
|-crit|p2a: John
|-supereffective|p2a: John
|-damage|p2a: John|0 fnt
|-damage|p1a: 3rd eye|230\/326|[from] item: Life Orb
|faint|p2a: John
|
|
|switch|p2a: Larry|Cloyster, F, shiny|198\/242
|turn|23
|chat|CoolStoryBrobat|Sack Florges
|chat|whyfor|Sack Darm too
|chat|whyfor|And Sack Nidoqueen :]
|chat|i wish i had hoes|ill listen to the vet
|
|switch|p1a: Head Brace|Florges, F|360\/360
|move|p2a: Larry|Icicle Spear|p1a: Head Brace
|-damage|p1a: Head Brace|315\/360
|-damage|p1a: Head Brace|278\/360
|-damage|p1a: Head Brace|235\/360
|-damage|p1a: Head Brace|192\/360
|-damage|p1a: Head Brace|152\/360
|-hitcount|p1a: Head Brace|5
|
|-heal|p1a: Head Brace|174\/360|[from] item: Leftovers
|turn|24
|chat|whyfor|:[
|chat|i wish i had hoes|sry
|chat|i wish i had hoes|:[
|
|move|p1a: Head Brace|Protect|p1a: Head Brace
|-singleturn|p1a: Head Brace|Protect
|move|p2a: Larry|Icicle Spear|p1a: Head Brace
|-activate|p1a: Head Brace|Protect
|
|-heal|p1a: Head Brace|196\/360|[from] item: Leftovers
|turn|25
|chat|whyfor|wish now
|chat|whyfor|kek
|chat|CoolStoryBrobat|Nah
|
|move|p2a: Larry|Icicle Spear|p1a: Head Brace
|-damage|p1a: Head Brace|157\/360
|-damage|p1a: Head Brace|118\/360
|-crit|p1a: Head Brace
|-damage|p1a: Head Brace|54\/360
|-damage|p1a: Head Brace|11\/360
|-crit|p1a: Head Brace
|-damage|p1a: Head Brace|0 fnt
|-hitcount|p1a: Head Brace|5
|faint|p1a: Head Brace
|
|chat|CoolStoryBrobat|Aromatherapy
|chat|i wish i had hoes|them crits
|chat|CoolStoryBrobat|Cure yourself of the lack of hoes
|
|switch|p1a: V For Lose|Darmanitan, M|351\/351
|turn|26
|chat|whyfor|click the
|chat|whyfor|Fire move
|chat|i wish i had hoes|i cant
|chat|whyfor|pls
|chat|CoolStoryBrobat|If you don't Rock Slide\/EQ
|chat|i wish i had hoes|i click flare?
|chat|whyfor|y
|chat|whyfor|you don't need darm anyway
|join|ka-mae-ha-mae-haa
|chat|CoolStoryBrobat|Rock Slide
|chat|CoolStoryBrobat|or EQ
|
|switch|p2a: Rick|Darmanitan, M, shiny|207\/414
|move|p1a: V For Lose|Rock Slide|p2a: Rick
|-supereffective|p2a: Rick
|-damage|p2a: Rick|0 fnt
|faint|p2a: Rick
|
|chat|ka-mae-ha-mae-haa|loll the name
|chat|whyfor|NB
|
|switch|p2a: Steve|Ampharos, F, shiny|384\/384
|turn|27
|chat|whyfor|trolled
|chat|whyfor|:D
|chat|i wish i had hoes|ahh
|chat|CoolStoryBrobat|The queen is the strongest piece in Chess
|
|switch|p1a: Hoes over Bros|Nidoqueen, F|331\/331
|-formechange|p2a: Steve|Ampharos-Mega
|message|Ampharos has Mega Evolved into Mega Ampharos!
|-ability|p2a: Steve|Mold Breaker
|move|p2a: Steve|Dragon Pulse|p1a: Hoes over Bros
|-damage|p1a: Hoes over Bros|120\/331
|
|turn|28
|chat|i wish i had hoes|hob
|chat|i wish i had hoes|eat this
|chat|whyfor|inb4
|
|move|p1a: Hoes over Bros|Earth Power|p2a: Steve
|-supereffective|p2a: Steve
|-damage|p2a: Steve|10\/384
|move|p2a: Steve|Dragon Pulse|p1a: Hoes over Bros
|-damage|p1a: Hoes over Bros|0 fnt
|faint|p1a: Hoes over Bros
|
|chat|whyfor|Max Speed
|chat|whyfor|Awwwww
|chat|i wish i had hoes|o
|chat|whyfor|Not even Max speed Amphy
|
|switch|p1a: V For Lose|Darmanitan, M|351\/351
|turn|29
|chat|CoolStoryBrobat|Shiny Mega Amp looks pretty cool
|chat|SweetDelight|Why all the shinies
|chat|whyfor|not real.
|
|move|p1a: V For Lose|U-turn|p2a: Steve
|-damage|p2a: Steve|0 fnt
|faint|p2a: Steve
|leave|ka-mae-ha-mae-haa
|chat|whyfor|can click fire move
|chat|whyfor|imo
|chat|whyfor|:[
|chat|i wish i had hoes|it looks like candy
|chat|CoolStoryBrobat|Sniperaim why did
|
|switch|p1a: 3rd eye|Hydreigon, F|230\/326
|
|
|switch|p2a: Larry|Cloyster, F, shiny|198\/242
|turn|30
|chat|whyfor|You never clicked
|chat|whyfor|the fire move :[
|chat|CoolStoryBrobat|you make that switch
|chat|i wish i had hoes|no reason tbh
|chat|CoolStoryBrobat|If Rock Blast kills
|chat|whyfor|sack this
|
|move|p2a: Larry|Icicle Spear|p1a: 3rd eye
|-supereffective|p1a: 3rd eye
|-damage|p1a: 3rd eye|138\/326
|-crit|p1a: 3rd eye
|-supereffective|p1a: 3rd eye
|-damage|p1a: 3rd eye|6\/326
|-supereffective|p1a: 3rd eye
|-damage|p1a: 3rd eye|0 fnt
|-hitcount|p1a: 3rd eye|3
|faint|p1a: 3rd eye
|
|chat|whyfor|thank you
|chat|CoolStoryBrobat|Well nvm
|chat|i wish i had hoes|lol
|chat|whyfor|fire move pls
|
|switch|p1a: V For Lose|Darmanitan, M|351\/351
|turn|31
|chat|i wish i had hoes|i click superpower
|chat|i wish i had hoes|ok
|chat|CoolStoryBrobat|inb4 5 consecutive crits
|chat|whyfor|rock slide will miss
|chat|whyfor|:p
|
|move|p1a: V For Lose|Superpower|p2a: Larry
|-supereffective|p2a: Larry
|-damage|p2a: Larry|32\/242
|-unboost|p1a: V For Lose|atk|1
|-unboost|p1a: V For Lose|def|1
|move|p2a: Larry|Icicle Spear|p1a: V For Lose
|-resisted|p1a: V For Lose
|-damage|p1a: V For Lose|311\/351
|-resisted|p1a: V For Lose
|-damage|p1a: V For Lose|266\/351
|-resisted|p1a: V For Lose
|-damage|p1a: V For Lose|221\/351
|-resisted|p1a: V For Lose
|-damage|p1a: V For Lose|177\/351
|-resisted|p1a: V For Lose
|-damage|p1a: V For Lose|137\/351
|-hitcount|p1a: V For Lose|5
|
|turn|32
|chat|CoolStoryBrobat|WHY DID YOU CLICK SUPERPOWER
|chat|whyfor|LOLOLLOOLOOLOLLOOLOLLOLOLOLOLOOLLOLOLOLOOLOLLOOLLOLOLOLOLOLOLOLOLOOLLOLO
|chat|i wish i had hoes|i live
|chat|i wish i had hoes|lol
|chat|CoolStoryBrobat|I wish he got 3 crits
|chat|whyfor|Dammit
|chat|whyfor|No crits
|chat|i wish i had hoes|LOL
|chat|whyfor|:[
|
|move|p1a: V For Lose|Superpower|p2a: Larry
|-supereffective|p2a: Larry
|-damage|p2a: Larry|0 fnt
|-unboost|p1a: V For Lose|atk|1
|-unboost|p1a: V For Lose|def|1
|faint|p2a: Larry
|
|win|i wish i had hoes
|raw|Ladder updating...
|raw|i wish i had hoes's rating: 1317 &rarr; <strong>1331<\/strong><br \/>(+14 for winning)
|raw|Nazo619's rating: 1204 &rarr; <strong>1187<\/strong><br \/>(-17 for losing)
|chat|Nazo619|GG
|chat|whyfor|GG
|leave|whyfor
|chat|i wish i had hoes|gg
|leave|CoolStoryBrobat