|join|DMT
|join|i wish i had hoes
|player|p1|DMT|184
|player|p2|i wish i had hoes|220
|gametype|singles
|gen|6
|tier|UU
|rule|Sleep Clause Mod: Limit one foe put to sleep
|rule|Species Clause: Limit one of each PokÃ©mon
|rule|OHKO Clause: OHKO moves are banned
|rule|Moody Clause: Moody is banned
|rule|Evasion Moves Clause: Evasion moves are banned
|rule|Endless Battle Clause: Forcing endless battles is banned
|rule|HP Percentage Mod: HP is shown in percentages
|clearpoke
|poke|p1|Entei, shiny
|poke|p1|Raikou
|poke|p1|Suicune
|poke|p1|Chesnaught, F
|poke|p1|Crobat, M
|poke|p1|Forretress, F
|poke|p2|Pidgeot, F
|poke|p2|Cobalion
|poke|p2|Entei, shiny
|poke|p2|Jirachi
|poke|p2|Gligar, M
|poke|p2|Slowking, M
|rule|Swagger Clause: Swagger is banned
|rule|Baton Pass Clause: Limit one PokÃ©mon knowing Baton Pass
|teampreview
|join|BIG SEAN'S ADLIBS
|join|waiv
|join|watfor
|c| waiv|o
|join|Spuun
|c| waiv|dmt his name describes you
|c| waiv|:s
|c|âi wish i had hoes|gl
|c|âDMT|bl dhf
|c| waiv|HAHA
|c|âi wish i had hoes|kek
|
|start
|switch|p1a: Raikou|Raikou|321\/321
|switch|p2a: Pidgeot|Pidgeot, F|307\/307
|-ability|p1a: Raikou|Pressure
|turn|1
|
|switch|p2a: Gligar|Gligar, M|334\/334
|move|p1a: Raikou|Thunderbolt|p2a: Gligar
|-immune|p2a: Gligar|[msg]
|
|turn|2
|
|switch|p1a: Chesnaught|Chesnaught, F|380\/380
|move|p2a: Gligar|Earthquake|p1a: Chesnaught
|-resisted|p1a: Chesnaught
|-damage|p1a: Chesnaught|341\/380
|
|-heal|p1a: Chesnaught|364\/380|[from] item: Leftovers
|turn|3
|join|DatGuyChuck
|
|switch|p1a: Raikou|Raikou|321\/321
|-ability|p1a: Raikou|Pressure
|move|p2a: Gligar|U-turn|p1a: Raikou
|-damage|p1a: Raikou|270\/321
|c|âDMT|o
|c|âDMT|uturn
|c|âDMT|silly me!
|c| DatGuyChuck|lol
|
|switch|p2a: Entei|Entei, shiny|371\/371
|-ability|p2a: Entei|Pressure
|
|-heal|p1a: Raikou|290\/321|[from] item: Leftovers
|turn|4
|c|âi wish i had hoes|kek
|c| DatGuyChuck|what were you predicting
|
|switch|p1a: Suicune|Suicune|403\/403
|-ability|p1a: Suicune|Pressure
|move|p2a: Entei|Sacred Fire|p1a: Suicune
|-resisted|p1a: Suicune
|-damage|p1a: Suicune|310\/403
|-status|p1a: Suicune|brn
|
|-damage|p1a: Suicune|260\/403 brn|[from] brn
|turn|5
|c|âDMT|umm
|c|âDMT|jolteon to come in
|
|switch|p2a: Slowking|Slowking, M|394\/394
|switch|p1a: Raikou|Raikou|290\/321
|-ability|p1a: Raikou|Pressure
|
|-heal|p1a: Raikou|310\/321|[from] item: Leftovers
|turn|6
|c| DatGuyChuck|aerial ace?
|
|switch|p1a: Entei|Entei, shiny|371\/371
|-ability|p1a: Entei|Pressure
|switch|p2a: Jirachi|Jirachi|342\/342
|
|turn|7
|leave|what fork
|join|what fork
|
|move|p2a: Jirachi|U-turn|p1a: Entei
|-resisted|p1a: Entei
|-damage|p1a: Entei|333\/371
|
|switch|p2a: Slowking|Slowking, M|394\/394
|move|p1a: Entei|Toxic|p2a: Slowking
|-status|p2a: Slowking|tox
|
|-damage|p2a: Slowking|370\/394 tox|[from] psn
|turn|8
|
|switch|p1a: Chesnaught|Chesnaught, F|364\/380
|move|p2a: Slowking|Nasty Plot|p2a: Slowking
|-boost|p2a: Slowking|spa|2
|
|-heal|p1a: Chesnaught|380\/380|[from] item: Leftovers
|-heal|p2a: Slowking|394\/394 tox|[from] item: Leftovers
|-damage|p2a: Slowking|346\/394 tox|[from] psn
|turn|9
|
|move|p1a: Chesnaught|Leech Seed|p2a: Slowking
|-start|p2a: Slowking|move: Leech Seed
|move|p2a: Slowking|Psyshock|p1a: Chesnaught
|-supereffective|p1a: Chesnaught
|-damage|p1a: Chesnaught|44\/380
|
|-heal|p1a: Chesnaught|67\/380|[from] item: Leftovers
|-heal|p2a: Slowking|370\/394 tox|[from] item: Leftovers
|-damage|p2a: Slowking|321\/394 tox|[from] Leech Seed|[of] p1a: Chesnaught
|-heal|p1a: Chesnaught|116\/380|[silent]
|-damage|p2a: Slowking|249\/394 tox|[from] psn
|turn|10
|
|switch|p2a: Entei|Entei, shiny|371\/371
|-ability|p2a: Entei|Pressure
|move|p1a: Chesnaught|Spikes|p2a: Entei
|-sidestart|p2: i wish i had hoes|Spikes
|
|-heal|p1a: Chesnaught|139\/380|[from] item: Leftovers
|turn|11
|
|move|p1a: Chesnaught|Spiky Shield|p1a: Chesnaught
|-singleturn|p1a: Chesnaught|move: Protect
|move|p2a: Entei|Sacred Fire|p1a: Chesnaught
|-activate|p1a: Chesnaught|move: Protect
|
|-heal|p1a: Chesnaught|162\/380|[from] item: Leftovers
|turn|12
|
|switch|p1a: Suicune|Suicune|260\/403 brn
|-ability|p1a: Suicune|Pressure
|move|p2a: Entei|Sacred Fire|p1a: Suicune
|-resisted|p1a: Suicune
|-damage|p1a: Suicune|177\/403 brn
|
|-damage|p1a: Suicune|127\/403 brn|[from] brn
|turn|13
|
|switch|p2a: Pidgeot|Pidgeot, F|307\/307
|move|p1a: Suicune|Rest|p1a: Suicune
|-status|p1a: Suicune|slp
|-heal|p1a: Suicune|403\/403 slp|[silent]
|-status|p1a: Suicune|slp|[from] move: Rest
|-enditem|p1a: Suicune|Chesto Berry|[eat]
|-curestatus|p1a: Suicune|slp
|
|turn|14
|
|detailschange|p2a: Pidgeot|Pidgeot-Mega, F
|-mega|p2a: Pidgeot|Pidgeot|Pidgeotite
|move|p2a: Pidgeot|Hurricane|p1a: Suicune
|-damage|p1a: Suicune|211\/403
|move|p1a: Suicune|Ice Beam|p2a: Pidgeot
|-crit|p2a: Pidgeot
|-supereffective|p2a: Pidgeot
|-damage|p2a: Pidgeot|81\/307
|
|turn|15
|
|move|p2a: Pidgeot|Roost|p2a: Pidgeot
|-heal|p2a: Pidgeot|235\/307
|move|p1a: Suicune|Scald|p2a: Pidgeot
|-damage|p2a: Pidgeot|132\/307
|
|turn|16
|join|DrReuniclus3
|
|move|p2a: Pidgeot|U-turn|p1a: Suicune
|-damage|p1a: Suicune|189\/403
|
|switch|p2a: Slowking|Slowking, M|380\/394 tox
|-damage|p2a: Slowking|331\/394 tox|[from] Spikes
|move|p1a: Suicune|Scald|p2a: Slowking
|-resisted|p2a: Slowking
|-damage|p2a: Slowking|292\/394 tox
|
|-heal|p2a: Slowking|316\/394 tox|[from] item: Leftovers
|-damage|p2a: Slowking|292\/394 tox|[from] psn
|turn|17
|
|move|p1a: Suicune|Rest|p1a: Suicune
|-status|p1a: Suicune|slp
|-heal|p1a: Suicune|403\/403 slp|[silent]
|-status|p1a: Suicune|slp|[from] move: Rest
|move|p2a: Slowking|Scald|p1a: Suicune
|-resisted|p1a: Suicune
|-damage|p1a: Suicune|360\/403 slp
|
|-heal|p2a: Slowking|316\/394 tox|[from] item: Leftovers
|-damage|p2a: Slowking|268\/394 tox|[from] psn
|turn|18
|
|switch|p1a: Chesnaught|Chesnaught, F|162\/380
|move|p2a: Slowking|Nasty Plot|p2a: Slowking
|-boost|p2a: Slowking|spa|2
|
|-heal|p1a: Chesnaught|185\/380|[from] item: Leftovers
|-heal|p2a: Slowking|292\/394 tox|[from] item: Leftovers
|-damage|p2a: Slowking|220\/394 tox|[from] psn
|turn|19
|
|move|p1a: Chesnaught|Spiky Shield|p1a: Chesnaught
|-singleturn|p1a: Chesnaught|move: Protect
|move|p2a: Slowking|Psyshock|p1a: Chesnaught
|-activate|p1a: Chesnaught|move: Protect
|
|-heal|p1a: Chesnaught|208\/380|[from] item: Leftovers
|-heal|p2a: Slowking|244\/394 tox|[from] item: Leftovers
|-damage|p2a: Slowking|148\/394 tox|[from] psn
|turn|20
|
|switch|p1a: Forretress|Forretress, F|354\/354
|move|p2a: Slowking|Psyshock|p1a: Forretress
|-resisted|p1a: Forretress
|-damage|p1a: Forretress|303\/354
|
|-heal|p2a: Slowking|172\/394 tox|[from] item: Leftovers
|-heal|p1a: Forretress|325\/354|[from] item: Leftovers
|-damage|p2a: Slowking|52\/394 tox|[from] psn
|turn|21
|
|switch|p2a: Gligar|Gligar, M|334\/334
|switch|p1a: Suicune|Suicune|360\/403 slp
|-ability|p1a: Suicune|Pressure
|
|turn|22
|
|cant|p1a: Suicune|slp
|move|p2a: Gligar|Defog|p1a: Suicune
|-unboost|p1a: Suicune|evasion|1
|-sideend|p2: i wish i had hoes|Spikes|[from] move: Defog|[of] p2a: Gligar
|
|turn|23
|join|Typhlosion271
|
|cant|p1a: Suicune|slp
|move|p2a: Gligar|U-turn|p1a: Suicune
|-damage|p1a: Suicune|331\/403 slp
|
|switch|p2a: Cobalion|Cobalion|386\/386
|
|turn|24
|
|move|p2a: Cobalion|Stealth Rock|p1a: Suicune
|-sidestart|p1: DMT|move: Stealth Rock
|-curestatus|p1a: Suicune|slp
|move|p1a: Suicune|Scald|p2a: Cobalion
|-damage|p2a: Cobalion|272\/386
|
|-heal|p2a: Cobalion|296\/386|[from] item: Leftovers
|turn|25
|c| Typhlosion271|doggy!!!!!
|c|âDMT|nbburb
|c|âDMT|burb
|c|âDMT|byurn
|c|âDMT|burn
|raw|<div class="broadcast-blue"><b>Manaphy286 was promoted to Voice by Jasmine.<\/b><\/div>
|
|move|p2a: Cobalion|Volt Switch|p1a: Suicune
|-supereffective|p1a: Suicune
|-damage|p1a: Suicune|255\/403
|
|switch|p2a: Slowking|Slowking, M|183\/394 tox
|move|p1a: Suicune|Calm Mind|p1a: Suicune
|-boost|p1a: Suicune|spa|1
|-boost|p1a: Suicune|spd|1
|
|-heal|p2a: Slowking|207\/394 tox|[from] item: Leftovers
|-damage|p2a: Slowking|183\/394 tox|[from] psn
|turn|26
|
|move|p1a: Suicune|Scald|p2a: Slowking
|-resisted|p2a: Slowking
|-damage|p2a: Slowking|129\/394 tox
|move|p2a: Slowking|Nasty Plot|p2a: Slowking
|-boost|p2a: Slowking|spa|2
|
|-heal|p2a: Slowking|153\/394 tox|[from] item: Leftovers
|-damage|p2a: Slowking|105\/394 tox|[from] psn
|turn|27
|
|switch|p1a: Forretress|Forretress, F|325\/354
|-damage|p1a: Forretress|281\/354|[from] Stealth Rock
|move|p2a: Slowking|Psyshock|p1a: Forretress
|-resisted|p1a: Forretress
|-damage|p1a: Forretress|225\/354
|
|-heal|p2a: Slowking|129\/394 tox|[from] item: Leftovers
|-heal|p1a: Forretress|247\/354|[from] item: Leftovers
|-damage|p2a: Slowking|57\/394 tox|[from] psn
|turn|28
|
|switch|p2a: Pidgeot|Pidgeot-Mega, F|132\/307
|move|p1a: Forretress|Rapid Spin|p2a: Pidgeot
|-crit|p2a: Pidgeot
|-damage|p2a: Pidgeot|105\/307
|-sideend|p1: DMT|Stealth Rock|[from] move: Rapid Spin|[of] p1a: Forretress
|
|-heal|p1a: Forretress|269\/354|[from] item: Leftovers
|turn|29
|join|THE iTodd
|
|move|p2a: Pidgeot|Hurricane|p1a: Forretress
|-damage|p1a: Forretress|0 fnt
|faint|p1a: Forretress
|
|
|switch|p1a: Crobat|Crobat, M|311\/311
|turn|30
|
|switch|p2a: Jirachi|Jirachi|342\/342
|move|p1a: Crobat|Brave Bird|p2a: Jirachi
|-resisted|p2a: Jirachi
|-damage|p2a: Jirachi|260\/342
|-damage|p1a: Crobat|284\/311|[from] recoil|[of] p2a: Jirachi
|
|-heal|p1a: Crobat|303\/311|[from] item: Black Sludge
|turn|31
|raw|<div class="broadcast-blue"><b>Do you want voice too? Speak to Voice Promotion Spokesperson, Trickster.<\/b><\/div>
|
|switch|p1a: Chesnaught|Chesnaught, F|208\/380
|move|p2a: Jirachi|U-turn|p1a: Chesnaught
|-damage|p1a: Chesnaught|145\/380
|
|switch|p2a: Entei|Entei, shiny|371\/371
|-ability|p2a: Entei|Pressure
|
|-heal|p1a: Chesnaught|168\/380|[from] item: Leftovers
|turn|32
|raw|<div class="broadcast-blue"><b>I hear he has an ok anus<\/b><\/div>
|
|move|p1a: Chesnaught|Spiky Shield|p1a: Chesnaught
|-singleturn|p1a: Chesnaught|move: Protect
|move|p2a: Entei|Sacred Fire|p1a: Chesnaught
|-activate|p1a: Chesnaught|move: Protect
|
|-heal|p1a: Chesnaught|191\/380|[from] item: Leftovers
|turn|33
|c| Spuun|dmt
|c| Spuun|where are your man plays?
|
|switch|p1a: Entei|Entei, shiny|333\/371
|-ability|p1a: Entei|Pressure
|move|p2a: Entei|Sacred Fire|p1a: Entei
|-resisted|p1a: Entei
|-damage|p1a: Entei|189\/371
|
|turn|34
|c|âDMT|struggle?
|c|âDMT|y\/y?
|c|âDMT|umm
|c|âDMT|right here
|
|switch|p2a: Gligar|Gligar, M|334\/334
|move|p1a: Entei|Sacred Fire|p2a: Gligar
|-damage|p2a: Gligar|166\/334
|
|turn|35
|c| Spuun|oh.
|
|move|p1a: Entei|Sacred Fire|p2a: Gligar
|-damage|p2a: Gligar|0 fnt
|faint|p2a: Gligar
|
|
|switch|p2a: Pidgeot|Pidgeot-Mega, F|105\/307
|turn|36
|join|trevor ellis
|c| Typhlosion271|no evio?
|join|Colbrushie
|join|bestman 2
|
|switch|p1a: Raikou|Raikou|310\/321
|-ability|p1a: Raikou|Pressure
|move|p2a: Pidgeot|Hurricane|p1a: Raikou
|-resisted|p1a: Raikou
|-damage|p1a: Raikou|213\/321
|
|-heal|p1a: Raikou|233\/321|[from] item: Leftovers
|turn|37
|c| Colbrushie|spdef probably
|c|âi wish i had hoes|i was spD
|c| Typhlosion271|ah
|
|switch|p2a: Jirachi|Jirachi|260\/342
|move|p1a: Raikou|Substitute|p1a: Raikou
|-start|p1a: Raikou|Substitute
|-damage|p1a: Raikou|153\/321
|
|-heal|p1a: Raikou|173\/321|[from] item: Leftovers
|turn|38
|join|A1d0g
|
|move|p2a: Jirachi|U-turn|p1a: Raikou
|-end|p1a: Raikou|Substitute
|
|switch|p2a: Entei|Entei, shiny|371\/371
|-ability|p2a: Entei|Pressure
|move|p1a: Raikou|Thunderbolt|p2a: Entei
|-damage|p2a: Entei|176\/371
|
|-heal|p1a: Raikou|193\/321|[from] item: Leftovers
|turn|39
|c| trevor ellis|u should run bulk kou
|join|gobosox
|c| trevor ellis|152 hp takes so many hits
|c| Colbrushie|!
|
|switch|p1a: Suicune|Suicune|255\/403
|-ability|p1a: Suicune|Pressure
|move|p2a: Entei|Extreme Speed|p1a: Suicune
|-damage|p1a: Suicune|161\/403
|
|turn|40
|c| A1d0g|no bulk, much weak
|join|Lucipurrr
|leave|gobosox
|
|switch|p2a: Jirachi|Jirachi|260\/342
|move|p1a: Suicune|Scald|p2a: Jirachi
|-damage|p2a: Jirachi|172\/342
|
|turn|41
|leave|DatGuyChuck
|c| Lucipurrr|DMT don't lose though okay
|c|âDMT|idk
|c|âDMT|im not burning!
|c| trevor ellis|252 Atk Jirachi U-turn vs. 152 HP \/ 0 Def Raikou: 81-96 (22.5 - 26.7%) -- possible 5HKO after Leftovers recovery
|c|âDMT|oof
|
|move|p2a: Jirachi|Zen Headbutt|p1a: Suicune
|-damage|p1a: Suicune|79\/403
|move|p1a: Suicune|Scald|p2a: Jirachi
|-damage|p2a: Jirachi|88\/342
|-status|p2a: Jirachi|brn
|
|-damage|p2a: Jirachi|46\/342 brn|[from] brn
|turn|42
|c|âDMT|there it is!
|c| Spuun|no flinch
|
|switch|p2a: Cobalion|Cobalion|296\/386
|move|p1a: Suicune|Rest|p1a: Suicune
|-status|p1a: Suicune|slp
|-heal|p1a: Suicune|403\/403 slp|[silent]
|-status|p1a: Suicune|slp|[from] move: Rest
|
|-heal|p2a: Cobalion|320\/386|[from] item: Leftovers
|turn|43
|c| Spuun|just johns
|c| trevor ellis|good chance to not break sub
|c|âDMT|no subSD
|
|move|p2a: Cobalion|Stealth Rock|p1a: Suicune
|-sidestart|p1: DMT|move: Stealth Rock
|cant|p1a: Suicune|slp
|
|-heal|p2a: Cobalion|344\/386|[from] item: Leftovers
|turn|44
|c|âDMT|even though
|c|âDMT|youre rocks volt
|
|move|p2a: Cobalion|Volt Switch|p1a: Suicune
|-supereffective|p1a: Suicune
|-damage|p1a: Suicune|323\/403 slp
|c|âi wish i had hoes|y
|
|switch|p2a: Jirachi|Jirachi|46\/342 brn
|cant|p1a: Suicune|slp
|
|-damage|p2a: Jirachi|4\/342 brn|[from] brn
|turn|45
|
|move|p2a: Jirachi|Healing Wish|p2a: Jirachi
|faint|p2a: Jirachi
|-curestatus|p1a: Suicune|slp
|move|p1a: Suicune|Scald|p2: Jirachi|[notarget]
|-notarget
|
|c|âDMT|o
|
|switch|p2a: Slowking|Slowking, M|188\/394 tox
|-heal|p2a: Slowking|394\/394|[from] move: Healing Wish
|turn|46
|c|âDMT|lame-0
|c|âi wish i had hoes|kek
|leave|trevor ellis
|
|switch|p1a: Chesnaught|Chesnaught, F|191\/380
|-damage|p1a: Chesnaught|168\/380|[from] Stealth Rock
|move|p2a: Slowking|Nasty Plot|p2a: Slowking
|-boost|p2a: Slowking|spa|2
|
|-heal|p1a: Chesnaught|191\/380|[from] item: Leftovers
|turn|47
|
|move|p1a: Chesnaught|Leech Seed|p2a: Slowking
|-start|p2a: Slowking|move: Leech Seed
|move|p2a: Slowking|Psyshock|p1a: Chesnaught
|-supereffective|p1a: Chesnaught
|-damage|p1a: Chesnaught|0 fnt
|faint|p1a: Chesnaught
|
|
|switch|p1a: Raikou|Raikou|193\/321
|-damage|p1a: Raikou|153\/321|[from] Stealth Rock
|-ability|p1a: Raikou|Pressure
|turn|48
|c| A1d0g|such power, epic sweep
|
|switch|p2a: Cobalion|Cobalion|344\/386
|move|p1a: Raikou|Substitute|p1a: Raikou
|-start|p1a: Raikou|Substitute
|-damage|p1a: Raikou|73\/321
|
|-heal|p1a: Raikou|93\/321|[from] item: Leftovers
|-heal|p2a: Cobalion|368\/386|[from] item: Leftovers
|turn|49
|
|move|p1a: Raikou|Thunderbolt|p2a: Cobalion
|-damage|p2a: Cobalion|187\/386
|-status|p2a: Cobalion|par
|move|p2a: Cobalion|Close Combat|p1a: Raikou
|-end|p1a: Raikou|Substitute
|-unboost|p2a: Cobalion|def|1
|-unboost|p2a: Cobalion|spd|1
|
|-heal|p1a: Raikou|113\/321|[from] item: Leftovers
|-heal|p2a: Cobalion|211\/386 par|[from] item: Leftovers
|turn|50
|c|âDMT|oof
|c|âi wish i had hoes|k
|c| DrReuniclus3|ez para
|
|move|p1a: Raikou|Thunderbolt|p2a: Cobalion
|-damage|p2a: Cobalion|0 fnt
|faint|p2a: Cobalion
|
|-heal|p1a: Raikou|133\/321|[from] item: Leftovers
|c| A1d0g|ded
|
|switch|p2a: Entei|Entei, shiny|176\/371
|-ability|p2a: Entei|Pressure
|turn|51
|
|switch|p1a: Suicune|Suicune|323\/403
|-damage|p1a: Suicune|273\/403|[from] Stealth Rock
|-ability|p1a: Suicune|Pressure
|move|p2a: Entei|Extreme Speed|p1a: Suicune
|-damage|p1a: Suicune|173\/403
|
|turn|52
|c| A1d0g|inb4 espeed
|
|switch|p2a: Slowking|Slowking, M|394\/394
|move|p1a: Suicune|Scald|p2a: Slowking
|-resisted|p2a: Slowking
|-damage|p2a: Slowking|355\/394
|
|-heal|p2a: Slowking|379\/394|[from] item: Leftovers
|turn|53
|c|âDMT|vurn
|c|âDMT|burn
|c|âDMT|fuck
|
|move|p1a: Suicune|Scald|p2a: Slowking
|-resisted|p2a: Slowking
|-damage|p2a: Slowking|342\/394
|move|p2a: Slowking|Psyshock|p1a: Suicune
|-damage|p1a: Suicune|112\/403
|
|-heal|p2a: Slowking|366\/394|[from] item: Leftovers
|turn|54
|c| A1d0g|no burn
|
|switch|p1a: Raikou|Raikou|133\/321
|-damage|p1a: Raikou|93\/321|[from] Stealth Rock
|-ability|p1a: Raikou|Pressure
|move|p2a: Slowking|Nasty Plot|p2a: Slowking
|-boost|p2a: Slowking|spa|2
|
|-heal|p1a: Raikou|113\/321|[from] item: Leftovers
|-heal|p2a: Slowking|390\/394|[from] item: Leftovers
|turn|55
|c| A1d0g|never burns when you need it
|
|switch|p2a: Entei|Entei, shiny|176\/371
|-ability|p2a: Entei|Pressure
|move|p1a: Raikou|Thunderbolt|p2a: Entei
|-damage|p2a: Entei|0 fnt
|faint|p2a: Entei
|
|-heal|p1a: Raikou|133\/321|[from] item: Leftovers
|
|switch|p2a: Pidgeot|Pidgeot-Mega, F|105\/307
|turn|56
|
|move|p2a: Pidgeot|Roost|p2a: Pidgeot
|-heal|p2a: Pidgeot|259\/307
|move|p1a: Raikou|Thunderbolt|p2a: Pidgeot
|-damage|p2a: Pidgeot|93\/307
|
|-heal|p1a: Raikou|153\/321|[from] item: Leftovers
|turn|57
|
|move|p2a: Pidgeot|Hurricane|p1a: Raikou
|-resisted|p1a: Raikou
|-damage|p1a: Raikou|47\/321
|-start|p1a: Raikou|confusion
|-activate|p1a: Raikou|confusion
|move|p1a: Raikou|Thunderbolt|p2a: Pidgeot
|-supereffective|p2a: Pidgeot
|-damage|p2a: Pidgeot|0 fnt
|faint|p2a: Pidgeot
|
|-heal|p1a: Raikou|67\/321|[from] item: Leftovers
|c| A1d0g|Gee Gee
|c|âDMT|ooooooooo
|
|switch|p2a: Slowking|Slowking, M|394\/394
|turn|58
|c|âDMT|don't say it's ogre til it's ogre
|
|-activate|p1a: Raikou|confusion
|move|p1a: Raikou|Thunderbolt|p2a: Slowking
|-supereffective|p2a: Slowking
|-damage|p2a: Slowking|100\/394
|move|p2a: Slowking|Scald|p1a: Raikou
|-damage|p1a: Raikou|0 fnt
|faint|p1a: Raikou
|
|-heal|p2a: Slowking|124\/394|[from] item: Leftovers
|c| Colbrushie|ogre ogre shrek swamp?
|
|switch|p1a: Entei|Entei, shiny|189\/371
|-damage|p1a: Entei|97\/371|[from] Stealth Rock
|-ability|p1a: Entei|Pressure
|turn|59
|c| DrReuniclus3|Its ogre
|
|move|p1a: Entei|Sacred Fire|p2a: Slowking
|-resisted|p2a: Slowking
|-damage|p2a: Slowking|18\/394
|-status|p2a: Slowking|brn
|move|p2a: Slowking|Slack Off|p2a: Slowking
|-heal|p2a: Slowking|215\/394 brn
|
|-heal|p2a: Slowking|239\/394 brn|[from] item: Leftovers
|-damage|p2a: Slowking|190\/394 brn|[from] brn
|turn|60
|c| A1d0g|Shrek <3
|c| Spuun|lol
|c| DrReuniclus3|ok
|c| DrReuniclus3|ok
|
|move|p1a: Entei|Sacred Fire|p2a: Slowking
|-resisted|p2a: Slowking
|-damage|p2a: Slowking|80\/394 brn
|move|p2a: Slowking|Slack Off|p2a: Slowking
|-heal|p2a: Slowking|277\/394 brn
|
|-heal|p2a: Slowking|301\/394 brn|[from] item: Leftovers
|-damage|p2a: Slowking|252\/394 brn|[from] brn
|turn|61
|c| Colbrushie|choke \/ 10
|c| Spuun|dmt y
|c|âDMT|ya
|c|âDMT|idk
|
|move|p1a: Entei|Sacred Fire|p2a: Slowking
|-resisted|p2a: Slowking
|-damage|p2a: Slowking|131\/394 brn
|move|p2a: Slowking|Slack Off|p2a: Slowking
|-heal|p2a: Slowking|328\/394 brn
|
|-heal|p2a: Slowking|352\/394 brn|[from] item: Leftovers
|-damage|p2a: Slowking|303\/394 brn|[from] brn
|turn|62
|c| BIG SEAN'S ADLIBS|why. tf.
|c|âDMT|thought would KO
|c| Spuun|LOL
|c| A1d0g|Gee Gee v2
|c| Spuun|weak player confirmed?
|
|move|p1a: Entei|Sacred Fire|p2a: Slowking
|-resisted|p2a: Slowking
|-damage|p2a: Slowking|186\/394 brn
|move|p2a: Slowking|Slack Off|p2a: Slowking
|-heal|p2a: Slowking|383\/394 brn
|
|-heal|p2a: Slowking|394\/394 brn|[from] item: Leftovers
|-damage|p2a: Slowking|345\/394 brn|[from] brn
|turn|63
|c|âDMT|crit
|c|âDMT|twice
|
|move|p1a: Entei|Sacred Fire|p2a: Slowking
|-resisted|p2a: Slowking
|-damage|p2a: Slowking|227\/394 brn
|move|p2a: Slowking|Slack Off|p2a: Slowking
|-heal|p2a: Slowking|394\/394 brn
|
|-damage|p2a: Slowking|345\/394 brn|[from] brn
|turn|64
|c| BIG SEAN'S ADLIBS|choke confirmed?
|c| Spuun|I like this
|c| DrReuniclus3|pp stall
|c| A1d0g|PP stall so fun
|c| DrReuniclus3|is viable
|
|move|p1a: Entei|Sacred Fire|p2a: Slowking
|-resisted|p2a: Slowking
|-damage|p2a: Slowking|227\/394 brn
|move|p2a: Slowking|Psyshock|p1a: Entei
|-damage|p1a: Entei|0 fnt
|faint|p1a: Entei
|
|-heal|p2a: Slowking|251\/394 brn|[from] item: Leftovers
|-damage|p2a: Slowking|202\/394 brn|[from] brn
|
|switch|p1a: Crobat|Crobat, M|303\/311
|-damage|p1a: Crobat|226\/311|[from] Stealth Rock
|turn|65
|
|move|p1a: Crobat|Taunt|p2a: Slowking
|-start|p2a: Slowking|move: Taunt
|move|p2a: Slowking|Psyshock|p1a: Crobat
|-supereffective|p1a: Crobat
|-damage|p1a: Crobat|10\/311
|
|-heal|p1a: Crobat|29\/311|[from] item: Black Sludge
|-heal|p2a: Slowking|226\/394 brn|[from] item: Leftovers
|-damage|p2a: Slowking|177\/394 brn|[from] brn
|turn|66
|c|âDMT|oof
|c| Spuun|lol nb
|c|âDMT|ez
|
|move|p1a: Crobat|Brave Bird|p2a: Slowking
|-damage|p2a: Slowking|32\/394 brn
|-damage|p1a: Crobat|0 fnt|[from] recoil|[of] p2a: Slowking
|faint|p1a: Crobat
|move|p2a: Slowking|Psyshock|p1: Crobat|[notarget]
|-notarget
|
|-heal|p2a: Slowking|56\/394 brn|[from] item: Leftovers
|-damage|p2a: Slowking|7\/394 brn|[from] brn
|c|âDMT|gg
|
|switch|p1a: Suicune|Suicune|112\/403
|-damage|p1a: Suicune|62\/403|[from] Stealth Rock
|-ability|p1a: Suicune|Pressure
|turn|67
|c| BIG SEAN'S ADLIBS|held it
|
|move|p1a: Suicune|Ice Beam|p2a: Slowking
|-resisted|p2a: Slowking
|-damage|p2a: Slowking|0 fnt
|faint|p2a: Slowking
|
|win|DMT
|c| Spuun|gg
|c|âi wish i had hoes|gg
|c| BIG SEAN'S ADLIBS|no choke