|join|Anecdote
|join|i wish i had hoes
|player|p1|Anecdote|22
|player|p2|i wish i had hoes|220
|gametype|singles
|gen|6
|tier|UU
|rule|Sleep Clause Mod: Limit one foe put to sleep
|rule|Species Clause: Limit one of each PokÃ©mon
|rule|OHKO Clause: OHKO moves are banned
|rule|Moody Clause: Moody is banned
|rule|Evasion Moves Clause: Evasion moves are banned
|rule|Endless Battle Clause: Forcing endless battles is banned
|rule|HP Percentage Mod: HP is shown in percentages
|clearpoke
|poke|p1|Azelf, shiny
|poke|p1|Blastoise, F, shiny
|poke|p1|Krookodile, M, shiny
|poke|p1|Toxicroak, F
|poke|p1|Crobat, M
|poke|p1|Victini
|poke|p2|Jirachi, shiny
|poke|p2|Swampert, F
|poke|p2|Hydreigon, F
|poke|p2|Machamp, M
|poke|p2|Tentacruel, F, shiny
|poke|p2|Umbreon, M
|rule|Swagger Clause: Swagger is banned
|rule|Baton Pass Clause: Limit one PokÃ©mon knowing Baton Pass
|teampreview
|
|start
|switch|p1a: Victini|Victini|342\/342
|switch|p2a: Beats by Dre|Hydreigon, F|326\/326
|turn|1
|
|move|p1a: Victini|U-turn|p2a: Beats by Dre
|-supereffective|p2a: Beats by Dre
|-damage|p2a: Beats by Dre|180\/326
|
|switch|p1a: Blastoise|Blastoise, F, shiny|300\/300
|move|p2a: Beats by Dre|Dark Pulse|p1a: Blastoise
|-damage|p1a: Blastoise|155\/300
|
|turn|2
|
|switch|p2a: Stuu|Umbreon, M|394\/394
|detailschange|p1a: Blastoise|Blastoise-Mega, F, shiny
|message|Blastoise has Mega Evolved into Mega Blastoise!
|move|p1a: Blastoise|Dragon Pulse|p2a: Stuu
|-damage|p2a: Stuu|293\/394
|
|-heal|p2a: Stuu|317\/394|[from] item: Leftovers
|turn|3
|
|move|p1a: Blastoise|Aura Sphere|p2a: Stuu
|-supereffective|p2a: Stuu
|-damage|p2a: Stuu|113\/394
|move|p2a: Stuu|Wish|p2a: Stuu
|
|-heal|p2a: Stuu|137\/394|[from] item: Leftovers
|turn|4
|
|move|p2a: Stuu|Protect|p2a: Stuu
|-singleturn|p2a: Stuu|Protect
|move|p1a: Blastoise|Aura Sphere|p2a: Stuu
|-activate|p2a: Stuu|Protect
|
|-heal|p2a: Stuu|334\/394|[from] move: Wish|[wisher] Stuu
|-heal|p2a: Stuu|358\/394|[from] item: Leftovers
|turn|5
|
|switch|p2a: i'm nice|Tentacruel, F, shiny|352\/352
|move|p1a: Blastoise|Aura Sphere|p2a: i'm nice
|-resisted|p2a: i'm nice
|-damage|p2a: i'm nice|285\/352
|
|-heal|p2a: i'm nice|307\/352|[from] item: Black Sludge
|turn|6
|
|move|p1a: Blastoise|Dragon Pulse|p2a: i'm nice
|-damage|p2a: i'm nice|153\/352
|move|p2a: i'm nice|Scald|p1a: Blastoise
|-resisted|p1a: Blastoise
|-damage|p1a: Blastoise|119\/300
|
|-heal|p2a: i'm nice|175\/352|[from] item: Black Sludge
|turn|7
|join|Lixx
|join|Dudeman130498
|
|switch|p2a: da champ|Machamp, M|344\/344
|move|p1a: Blastoise|Dragon Pulse|p2a: da champ
|-damage|p2a: da champ|218\/344
|
|turn|8
|
|move|p1a: Blastoise|Water Pulse|p2a: da champ
|-damage|p2a: da champ|80\/344
|move|p2a: da champ|Dynamic Punch|p1a: Blastoise
|-damage|p1a: Blastoise|0 fnt
|faint|p1a: Blastoise
|
|
|switch|p1a: Krookodile|Krookodile, M, shiny|332\/332
|turn|9
|
|switch|p2a: Stuu|Umbreon, M|358\/394
|move|p1a: Krookodile|Knock Off|p2a: Stuu
|-resisted|p2a: Stuu
|-damage|p2a: Stuu|273\/394
|-enditem|p2a: Stuu|Leftovers|[from] move: Knock Off|[of] p1a: Krookodile
|
|turn|10
|join|Frickett
|
|switch|p1a: Victini|Victini|342\/342
|move|p2a: Stuu|Wish|p2a: Stuu
|
|turn|11
|
|switch|p2a: Mascot|Swampert, F|401\/401
|move|p1a: Victini|V-create|p2a: Mascot
|-resisted|p2a: Mascot
|-damage|p2a: Mascot|300\/401
|-unboost|p1a: Victini|def|1
|-unboost|p1a: Victini|spd|1
|-unboost|p1a: Victini|spe|1
|
|-heal|p2a: Mascot|401\/401|[from] move: Wish|[wisher] Stuu
|turn|12
|
|switch|p1a: Azelf|Azelf, shiny|300\/300
|move|p2a: Mascot|Stealth Rock|p1a: Azelf
|-sidestart|p1: Anecdote|move: Stealth Rock
|
|turn|13
|
|switch|p2a: Stuu|Umbreon, M|273\/394
|move|p1a: Azelf|Energy Ball|p2a: Stuu
|-damage|p2a: Stuu|201\/394
|
|turn|14
|
|switch|p1a: Victini|Victini|342\/342
|-damage|p1a: Victini|257\/342|[from] Stealth Rock
|move|p2a: Stuu|Wish|p2a: Stuu
|
|turn|15
|
|switch|p2a: i'm nice|Tentacruel, F, shiny|175\/352
|move|p1a: Victini|U-turn|p2a: i'm nice
|-resisted|p2a: i'm nice
|-damage|p2a: i'm nice|145\/352
|
|switch|p1a: Krookodile|Krookodile, M, shiny|332\/332
|-damage|p1a: Krookodile|312\/332|[from] Stealth Rock
|
|-heal|p2a: i'm nice|342\/352|[from] move: Wish|[wisher] Stuu
|-heal|p2a: i'm nice|352\/352|[from] item: Black Sludge
|turn|16
|
|switch|p2a: Mascot|Swampert, F|401\/401
|move|p1a: Krookodile|Earthquake|p2a: Mascot
|-damage|p2a: Mascot|256\/401
|
|-heal|p2a: Mascot|281\/401|[from] item: Leftovers
|turn|17
|
|move|p1a: Krookodile|Earthquake|p2a: Mascot
|-damage|p2a: Mascot|131\/401
|move|p2a: Mascot|Scald|p1a: Krookodile
|-supereffective|p1a: Krookodile
|-damage|p1a: Krookodile|0 fnt
|faint|p1a: Krookodile
|
|-heal|p2a: Mascot|156\/401|[from] item: Leftovers
|
|switch|p1a: Crobat|Crobat, M|371\/371
|-damage|p1a: Crobat|279\/371|[from] Stealth Rock
|turn|18
|
|move|p1a: Crobat|Brave Bird|p2a: Mascot
|-damage|p2a: Mascot|21\/401
|-damage|p1a: Crobat|234\/371|[from] recoil|[of] p2a: Mascot
|move|p2a: Mascot|Scald|p1a: Crobat
|-damage|p1a: Crobat|86\/371
|
|-heal|p1a: Crobat|109\/371|[from] item: Leftovers
|-heal|p2a: Mascot|46\/401|[from] item: Leftovers
|turn|19
|
|move|p1a: Crobat|Brave Bird|p2a: Mascot
|-damage|p2a: Mascot|0 fnt
|-damage|p1a: Crobat|94\/371|[from] recoil|[of] p2a: Mascot
|faint|p2a: Mascot
|
|-heal|p1a: Crobat|117\/371|[from] item: Leftovers
|
|switch|p2a: Jirachi|Jirachi, shiny|342\/342
|turn|20
|
|move|p2a: Jirachi|Substitute|p2a: Jirachi
|-start|p2a: Jirachi|Substitute
|-damage|p2a: Jirachi|257\/342
|move|p1a: Crobat|Roost|p1a: Crobat
|-heal|p1a: Crobat|303\/371
|
|-heal|p2a: Jirachi|278\/342|[from] item: Leftovers
|-heal|p1a: Crobat|326\/371|[from] item: Leftovers
|turn|21
|
|move|p2a: Jirachi|Psyshock|p1a: Crobat
|-supereffective|p1a: Crobat
|-damage|p1a: Crobat|42\/371
|move|p1a: Crobat|Brave Bird|p2a: Jirachi
|-resisted|p2a: Jirachi
|-damage|p2a: Jirachi|190\/342
|-damage|p1a: Crobat|13\/371|[from] recoil|[of] p2a: Jirachi
|
|-heal|p2a: Jirachi|211\/342|[from] item: Leftovers
|-heal|p1a: Crobat|36\/371|[from] item: Leftovers
|turn|22
|
|move|p2a: Jirachi|Psyshock|p1a: Crobat
|-supereffective|p1a: Crobat
|-damage|p1a: Crobat|0 fnt
|faint|p1a: Crobat
|
|-heal|p2a: Jirachi|232\/342|[from] item: Leftovers
|
|switch|p1a: Victini|Victini|257\/342
|-damage|p1a: Victini|172\/342|[from] Stealth Rock
|turn|23
|
|move|p1a: Victini|V-create|p2a: Jirachi
|-supereffective|p2a: Jirachi
|-end|p2a: Jirachi|Substitute
|-unboost|p1a: Victini|def|1
|-unboost|p1a: Victini|spd|1
|-unboost|p1a: Victini|spe|1
|move|p2a: Jirachi|Psyshock|p1a: Victini
|-resisted|p1a: Victini
|-damage|p1a: Victini|80\/342
|
|-heal|p2a: Jirachi|253\/342|[from] item: Leftovers
|turn|24
|leave|Lixx
|
|move|p2a: Jirachi|Psyshock|p1a: Victini
|-resisted|p1a: Victini
|-damage|p1a: Victini|0 fnt
|faint|p1a: Victini
|
|-heal|p2a: Jirachi|274\/342|[from] item: Leftovers
|
|switch|p1a: Azelf|Azelf, shiny|300\/300
|-damage|p1a: Azelf|263\/300|[from] Stealth Rock
|turn|25
|
|switch|p2a: da champ|Machamp, M|80\/344
|move|p1a: Azelf|Fire Blast|p2a: da champ
|-damage|p2a: da champ|0 fnt
|faint|p2a: da champ
|
|-message|Anecdote forfeited.
|
|win|i wish i had hoes
|c|âAnecdote|gg
|leave|Anecdote
|player|p1
|leave|i wish i had hoes
|player|p2
|leave|Dudeman130498