|join|i wish i had hoes
|join|TimeZone
|player|p1|i wish i had hoes|220
|player|p2|TimeZone|290
|gametype|singles
|gen|6
|tier|UU
|rated
|rule|Sleep Clause Mod: Limit one foe put to sleep
|rule|Species Clause: Limit one of each PokÃ©mon
|rule|OHKO Clause: OHKO moves are banned
|rule|Moody Clause: Moody is banned
|rule|Evasion Moves Clause: Evasion moves are banned
|rule|Endless Battle Clause: Forcing endless battles is banned
|rule|HP Percentage Mod: HP is shown in percentages
|clearpoke
|poke|p1|Yanmega, M
|poke|p1|Machamp, F
|poke|p1|Ampharos, M
|poke|p1|Darmanitan, F
|poke|p1|Gligar, F, shiny
|poke|p1|Jirachi, shiny
|poke|p2|Arcanine, F, shiny
|poke|p2|Starmie, shiny
|poke|p2|Chesnaught, M
|poke|p2|Blissey, F, shiny
|poke|p2|Doublade, M, shiny
|poke|p2|Ampharos, F
|rule|Swagger Clause: Swagger is banned
|rule|Baton Pass Clause: Limit one PokÃ©mon knowing Baton Pass
|teampreview
|
|start
|switch|p1a: Ampharos|Ampharos, M|353\/353
|switch|p2a: Morning Rising|Arcanine, F, shiny|383\/383
|-ability|p2a: Morning Rising|Intimidate|[of] p1a: Ampharos
|-unboost|p1a: Ampharos|atk|1
|turn|1
|
|switch|p2a: Safe&sound|Blissey, F, shiny|652\/652
|detailschange|p1a: Ampharos|Ampharos-Mega, M
|message|Ampharos has Mega Evolved into Mega Ampharos!
|-ability|p1a: Ampharos|Mold Breaker
|move|p1a: Ampharos|Thunderbolt|p2a: Safe&sound
|-damage|p2a: Safe&sound|538\/652
|
|-heal|p2a: Safe&sound|578\/652|[from] item: Leftovers
|turn|2
|
|move|p1a: Ampharos|Volt Switch|p2a: Safe&sound
|-damage|p2a: Safe&sound|490\/652
|
|switch|p1a: Fisting|Machamp, F|344\/344
|move|p2a: Safe&sound|Stealth Rock|p1a: Fisting
|-sidestart|p1: i wish i had hoes|move: Stealth Rock
|
|-heal|p2a: Safe&sound|530\/652|[from] item: Leftovers
|turn|3
|
|move|p2a: Safe&sound|Protect|p2a: Safe&sound
|-singleturn|p2a: Safe&sound|Protect
|move|p1a: Fisting|Knock Off|p2a: Safe&sound
|-activate|p2a: Safe&sound|Protect
|
|-heal|p2a: Safe&sound|570\/652|[from] item: Leftovers
|turn|4
|
|switch|p2a: Morning Rising|Arcanine, F, shiny|383\/383
|-ability|p2a: Morning Rising|Intimidate|[of] p1a: Fisting
|-unboost|p1a: Fisting|atk|1
|move|p1a: Fisting|Dynamic Punch|p2a: Morning Rising
|-damage|p2a: Morning Rising|266\/383
|-start|p2a: Morning Rising|confusion
|
|-heal|p2a: Morning Rising|289\/383|[from] item: Leftovers
|turn|5
|
|switch|p2a: Coverage|Starmie, shiny|261\/261
|move|p1a: Fisting|Knock Off|p2a: Coverage
|-supereffective|p2a: Coverage
|-damage|p2a: Coverage|55\/261
|-enditem|p2a: Coverage|Life Orb|[from] move: Knock Off|[of] p1a: Fisting
|
|turn|6
|
|switch|p1a: Ampharos|Ampharos-Mega, M|353\/353
|-damage|p1a: Ampharos|309\/353|[from] Stealth Rock
|-ability|p1a: Ampharos|Mold Breaker
|move|p2a: Coverage|Psyshock|p1a: Ampharos
|-damage|p1a: Ampharos|155\/353
|
|turn|7
|
|switch|p1a: HAX LORD|Jirachi, shiny|342\/342
|-damage|p1a: HAX LORD|321\/342|[from] Stealth Rock
|move|p2a: Coverage|Ice Beam|p1a: HAX LORD
|-resisted|p1a: HAX LORD
|-damage|p1a: HAX LORD|260\/342
|
|-heal|p1a: HAX LORD|281\/342|[from] item: Leftovers
|turn|8
|
|switch|p2a: Big Dawg!|Chesnaught, M|380\/380
|move|p1a: HAX LORD|Moonblast|p2a: Big Dawg!
|-crit|p2a: Big Dawg!
|-supereffective|p2a: Big Dawg!
|-damage|p2a: Big Dawg!|34\/380
|-unboost|p2a: Big Dawg!|spa|1
|
|-heal|p1a: HAX LORD|302\/342|[from] item: Leftovers
|turn|9
|
|switch|p2a: Safe&sound|Blissey, F, shiny|570\/652
|move|p1a: HAX LORD|Moonblast|p2a: Safe&sound
|-damage|p2a: Safe&sound|514\/652
|
|-heal|p1a: HAX LORD|323\/342|[from] item: Leftovers
|-heal|p2a: Safe&sound|554\/652|[from] item: Leftovers
|turn|10
|
|move|p1a: HAX LORD|Substitute|p1a: HAX LORD
|-start|p1a: HAX LORD|Substitute
|-damage|p1a: HAX LORD|238\/342
|move|p2a: Safe&sound|Wish|p2a: Safe&sound
|
|-heal|p1a: HAX LORD|259\/342|[from] item: Leftovers
|-heal|p2a: Safe&sound|594\/652|[from] item: Leftovers
|turn|11
|
|switch|p2a: Morning Rising|Arcanine, F, shiny|289\/383
|-activate|p1a: HAX LORD|Substitute|ability: Intimidate|[of] p2a: Morning Rising
|move|p1a: HAX LORD|Moonblast|p2a: Morning Rising
|-resisted|p2a: Morning Rising
|-damage|p2a: Morning Rising|234\/383
|-unboost|p2a: Morning Rising|spa|1
|
|-heal|p2a: Morning Rising|383\/383|[from] move: Wish|[wisher] Safe&sound
|-heal|p1a: HAX LORD|280\/342|[from] item: Leftovers
|turn|12
|
|move|p1a: HAX LORD|Psyshock|p2a: Morning Rising
|-damage|p2a: Morning Rising|283\/383
|move|p2a: Morning Rising|Flare Blitz|p1a: HAX LORD
|-supereffective|p1a: HAX LORD
|-end|p1a: HAX LORD|Substitute
|-damage|p2a: Morning Rising|255\/383|[from] recoil|[of] p1a: HAX LORD
|
|-heal|p1a: HAX LORD|301\/342|[from] item: Leftovers
|-heal|p2a: Morning Rising|278\/383|[from] item: Leftovers
|turn|13
|
|switch|p1a: MY GLIGGA!|Gligar, F, shiny|333\/333
|-damage|p1a: MY GLIGGA!|292\/333|[from] Stealth Rock
|move|p2a: Morning Rising|Will-O-Wisp|p1a: MY GLIGGA!
|-status|p1a: MY GLIGGA!|brn
|
|-heal|p2a: Morning Rising|301\/383|[from] item: Leftovers
|-damage|p1a: MY GLIGGA!|251\/333 brn|[from] brn
|turn|14
|
|switch|p2a: Safe&sound|Blissey, F, shiny|594\/652
|move|p1a: MY GLIGGA!|Defog|p2a: Safe&sound
|-unboost|p2a: Safe&sound|evasion|1
|-sideend|p1: i wish i had hoes|Stealth Rock|[from] move: Defog|[of] p1a: MY GLIGGA!
|
|-heal|p2a: Safe&sound|634\/652|[from] item: Leftovers
|-damage|p1a: MY GLIGGA!|210\/333 brn|[from] brn
|turn|15
|
|switch|p1a: Fisting|Machamp, F|344\/344
|move|p2a: Safe&sound|Stealth Rock|p1a: Fisting
|-sidestart|p1: i wish i had hoes|move: Stealth Rock
|
|-heal|p2a: Safe&sound|652\/652|[from] item: Leftovers
|turn|16
|
|move|p2a: Safe&sound|Protect|p2a: Safe&sound
|-singleturn|p2a: Safe&sound|Protect
|move|p1a: Fisting|Dynamic Punch|p2a: Safe&sound
|-activate|p2a: Safe&sound|Protect
|
|turn|17
|
|switch|p2a: Morning Rising|Arcanine, F, shiny|301\/383
|-ability|p2a: Morning Rising|Intimidate|[of] p1a: Fisting
|-unboost|p1a: Fisting|atk|1
|move|p1a: Fisting|Dynamic Punch|p2a: Morning Rising
|-crit|p2a: Morning Rising
|-damage|p2a: Morning Rising|55\/383
|-start|p2a: Morning Rising|confusion
|
|-heal|p2a: Morning Rising|78\/383|[from] item: Leftovers
|turn|18
|
|-activate|p2a: Morning Rising|confusion
|-damage|p2a: Morning Rising|51\/383|[from] confusion
|move|p1a: Fisting|Dynamic Punch|p2a: Morning Rising
|-damage|p2a: Morning Rising|0 fnt
|faint|p2a: Morning Rising
|
|
|switch|p2a: Coverage|Starmie, shiny|55\/261
|turn|19
|join|dodman
|
|move|p2a: Coverage|Psyshock|p1a: Fisting
|-supereffective|p1a: Fisting
|-damage|p1a: Fisting|38\/344
|move|p1a: Fisting|Knock Off|p2a: Coverage
|-supereffective|p2a: Coverage
|-damage|p2a: Coverage|0 fnt
|faint|p2a: Coverage
|
|
|switch|p2a: Big Dawg!|Chesnaught, M|34\/380
|turn|20
|
|move|p1a: Fisting|Ice Punch|p2a: Big Dawg!
|-supereffective|p2a: Big Dawg!
|-damage|p2a: Big Dawg!|0 fnt
|-damage|p1a: Fisting|0 fnt|[from] item: Rocky Helmet|[of] p2a: Big Dawg!
|faint|p1a: Fisting
|faint|p2a: Big Dawg!
|
|
|switch|p1a: MY GLIGGA!|Gligar, F, shiny|210\/333 brn
|-damage|p1a: MY GLIGGA!|169\/333 brn|[from] Stealth Rock
|switch|p2a: Roxas's Swords|Doublade, M, shiny|319\/319
|turn|21
|
|move|p1a: MY GLIGGA!|U-turn|p2a: Roxas's Swords
|-resisted|p2a: Roxas's Swords
|-damage|p2a: Roxas's Swords|317\/319
|
|switch|p1a: Ampharos|Ampharos-Mega, M|155\/353
|-damage|p1a: Ampharos|111\/353|[from] Stealth Rock
|-ability|p1a: Ampharos|Mold Breaker
|move|p2a: Roxas's Swords|Swords Dance|p2a: Roxas's Swords
|-boost|p2a: Roxas's Swords|atk|2
|
|turn|22
|
|move|p2a: Roxas's Swords|Shadow Sneak|p1a: Ampharos
|-damage|p1a: Ampharos|0 fnt
|faint|p1a: Ampharos
|
|
|switch|p1a: heat up|Darmanitan, F|351\/351
|-damage|p1a: heat up|264\/351|[from] Stealth Rock
|turn|23
|
|switch|p2a: My turn|Ampharos, F|354\/354
|move|p1a: heat up|Flare Blitz|p2a: My turn
|-damage|p2a: My turn|38\/354
|-damage|p1a: heat up|160\/351|[from] recoil|[of] p2a: My turn
|
|turn|24
|c| dodman|doublade lives a scarf blitz js
|
|detailschange|p2a: My turn|Ampharos-Mega, F
|message|Ampharos has Mega Evolved into Mega Ampharos!
|-ability|p2a: My turn|Mold Breaker
|move|p1a: heat up|Flare Blitz|p2a: My turn
|-resisted|p2a: My turn
|-damage|p2a: My turn|0 fnt
|-damage|p1a: heat up|147\/351|[from] recoil|[of] p2a: My turn
|faint|p2a: My turn
|
|
|switch|p2a: Safe&sound|Blissey, F, shiny|652\/652
|turn|25
|
|switch|p1a: HAX LORD|Jirachi, shiny|301\/342
|-damage|p1a: HAX LORD|280\/342|[from] Stealth Rock
|move|p2a: Safe&sound|Wish|p2a: Safe&sound
|
|-heal|p1a: HAX LORD|301\/342|[from] item: Leftovers
|turn|26
|
|switch|p2a: Roxas's Swords|Doublade, M, shiny|317\/319
|move|p1a: HAX LORD|Substitute|p1a: HAX LORD
|-start|p1a: HAX LORD|Substitute
|-damage|p1a: HAX LORD|216\/342
|
|-heal|p2a: Roxas's Swords|319\/319|[from] move: Wish|[wisher] Safe&sound
|-heal|p1a: HAX LORD|237\/342|[from] item: Leftovers
|turn|27
|
|move|p2a: Roxas's Swords|Shadow Sneak|p1a: HAX LORD
|-supereffective|p1a: HAX LORD
|-end|p1a: HAX LORD|Substitute
|move|p1a: HAX LORD|Calm Mind|p1a: HAX LORD
|-boost|p1a: HAX LORD|spa|1
|-boost|p1a: HAX LORD|spd|1
|
|-heal|p1a: HAX LORD|258\/342|[from] item: Leftovers
|turn|28
|
|switch|p1a: heat up|Darmanitan, F|147\/351
|-damage|p1a: heat up|60\/351|[from] Stealth Rock
|move|p2a: Roxas's Swords|Shadow Sneak|p1a: heat up
|-crit|p1a: heat up
|-damage|p1a: heat up|0 fnt
|faint|p1a: heat up
|
|
|switch|p1a: I need a mega|Yanmega, M|313\/313
|-damage|p1a: I need a mega|157\/313|[from] Stealth Rock
|turn|29
|
|move|p1a: I need a mega|Bug Buzz|p2a: Roxas's Swords
|-crit|p2a: Roxas's Swords
|-resisted|p2a: Roxas's Swords
|-damage|p2a: Roxas's Swords|227\/319
|-unboost|p2a: Roxas's Swords|spd|1
|-damage|p1a: I need a mega|126\/313|[from] item: Life Orb
|move|p2a: Roxas's Swords|Swords Dance|p2a: Roxas's Swords
|-boost|p2a: Roxas's Swords|atk|2
|
|-boost|p1a: I need a mega|spe|1|[from] ability: Speed Boost
|turn|30
|
|move|p2a: Roxas's Swords|Shadow Sneak|p1a: I need a mega
|-damage|p1a: I need a mega|0 fnt
|faint|p1a: I need a mega
|
|
|switch|p1a: HAX LORD|Jirachi, shiny|258\/342
|-damage|p1a: HAX LORD|237\/342|[from] Stealth Rock
|turn|31
|
|move|p2a: Roxas's Swords|Shadow Sneak|p1a: HAX LORD
|-supereffective|p1a: HAX LORD
|-damage|p1a: HAX LORD|0 fnt
|faint|p1a: HAX LORD
|
|
|switch|p1a: MY GLIGGA!|Gligar, F, shiny|169\/333 brn
|-damage|p1a: MY GLIGGA!|128\/333 brn|[from] Stealth Rock
|turn|32
|leave|dodman
|
|move|p2a: Roxas's Swords|Shadow Sneak|p1a: MY GLIGGA!
|-damage|p1a: MY GLIGGA!|37\/333 brn
|move|p1a: MY GLIGGA!|U-turn|p2a: Roxas's Swords
|-resisted|p2a: Roxas's Swords
|-damage|p2a: Roxas's Swords|225\/319
|
|-damage|p1a: MY GLIGGA!|0 fnt|[from] brn
|faint|p1a: MY GLIGGA!
|
|win|TimeZone
|raw|Ladder updating...
|raw|i wish i had hoes's rating: 1537 &rarr; <strong>1507<\/strong><br \/>(-30 for losing)
|raw|TimeZone's rating: 1343 &rarr; <strong>1373<\/strong><br \/>(+30 for winning)
|leave|i wish i had hoes
|player|p1