|join|Cobb
|join|belgrade
|player|p1|Cobb|2
|player|p2|belgrade|214
|gametype|singles
|gen|6
|tier|OU
|rated
|clearpoke
|poke|p1|Azumarill, F
|poke|p1|Heatran, F
|poke|p1|Venusaur, F
|poke|p1|Thundurus, M
|poke|p1|Rotom-Wash
|poke|p1|Landorus-Therian, M
|poke|p2|Heracross, M
|poke|p2|Tyranitar, M
|poke|p2|Garchomp, M
|poke|p2|Gyarados, M
|poke|p2|Scizor, F
|poke|p2|Alakazam, M
|rule|Swagger Clause: Swagger is banned
|rule|Baton Pass Clause: Limit one PokÃ©mon knowing Baton Pass
|rule|Sleep Clause Mod: Limit one foe put to sleep
|rule|Species Clause: Limit one of each PokÃ©mon
|rule|OHKO Clause: OHKO moves are banned
|rule|Moody Clause: Moody is banned
|rule|Evasion Moves Clause: Evasion moves are banned
|rule|Endless Battle Clause: Forcing endless battles is banned
|rule|HP Percentage Mod: HP is shown in percentages
|teampreview
|
|start
|switch|p1a: Rotom-Wash|Rotom-Wash|304\/304
|switch|p2a: Tyranitar|Tyranitar, M|404\/404
|-weather|Sandstorm
|turn|1
|
|move|p1a: Rotom-Wash|Will-O-Wisp|p2a: Tyranitar|[miss]
|-miss|p1a: Rotom-Wash|p2a: Tyranitar
|move|p2a: Tyranitar|Stealth Rock|p1a: Rotom-Wash
|-sidestart|p1: Cobb|move: Stealth Rock
|
|-weather|Sandstorm|[upkeep]
|-damage|p1a: Rotom-Wash|285\/304|[from] sandstorm
|-heal|p1a: Rotom-Wash|304\/304|[from] item: Leftovers
|turn|2
|
|move|p1a: Rotom-Wash|Will-O-Wisp|p2a: Tyranitar
|-status|p2a: Tyranitar|brn
|-enditem|p2a: Tyranitar|Lum Berry|[eat]
|-curestatus|p2a: Tyranitar|brn
|move|p2a: Tyranitar|Crunch|p1a: Rotom-Wash
|-damage|p1a: Rotom-Wash|186\/304
|
|-weather|Sandstorm|[upkeep]
|-damage|p1a: Rotom-Wash|167\/304|[from] sandstorm
|-heal|p1a: Rotom-Wash|186\/304|[from] item: Leftovers
|turn|3
|
|move|p1a: Rotom-Wash|Will-O-Wisp|p2a: Tyranitar
|-status|p2a: Tyranitar|brn
|move|p2a: Tyranitar|Crunch|p1a: Rotom-Wash
|-damage|p1a: Rotom-Wash|126\/304
|
|-weather|Sandstorm|[upkeep]
|-damage|p1a: Rotom-Wash|107\/304|[from] sandstorm
|-heal|p1a: Rotom-Wash|126\/304|[from] item: Leftovers
|-damage|p2a: Tyranitar|354\/404 brn|[from] brn
|turn|4
|
|move|p1a: Rotom-Wash|Pain Split|p2a: Tyranitar
|-sethp|p2a: Tyranitar|240\/404 brn|p1a: Rotom-Wash|240\/304|[from] move: Pain Split
|move|p2a: Tyranitar|Crunch|p1a: Rotom-Wash
|-damage|p1a: Rotom-Wash|183\/304
|
|-weather|Sandstorm|[upkeep]
|-damage|p1a: Rotom-Wash|164\/304|[from] sandstorm
|-heal|p1a: Rotom-Wash|183\/304|[from] item: Leftovers
|-damage|p2a: Tyranitar|190\/404 brn|[from] brn
|turn|5
|
|move|p1a: Rotom-Wash|Volt Switch|p2a: Tyranitar
|-damage|p2a: Tyranitar|130\/404 brn
|
|switch|p1a: Venusaur|Venusaur, F|360\/360
|-damage|p1a: Venusaur|315\/360|[from] Stealth Rock
|move|p2a: Tyranitar|Ice Beam|p1a: Venusaur
|-crit|p1a: Venusaur
|-supereffective|p1a: Venusaur
|-damage|p1a: Venusaur|61\/360
|
|-weather|none
|-damage|p2a: Tyranitar|80\/404 brn|[from] brn
|turn|6
|
|switch|p2a: Alakazam|Alakazam, M|252\/252
|detailschange|p1a: Venusaur|Venusaur-Mega, F
|message|Venusaur has Mega Evolved into Mega Venusaur!
|move|p1a: Venusaur|Synthesis|p1a: Venusaur
|-heal|p1a: Venusaur|241\/360
|
|turn|7
|
|switch|p1a: Heatran|Heatran, F|377\/377
|-damage|p1a: Heatran|330\/377|[from] Stealth Rock
|move|p2a: Alakazam|Psyshock|p1a: Heatran
|-resisted|p1a: Heatran
|-damage|p1a: Heatran|255\/377
|
|-heal|p1a: Heatran|278\/377|[from] item: Leftovers
|turn|8
|
|switch|p2a: Gyarados|Gyarados, M|393\/393
|-ability|p2a: Gyarados|Intimidate|[of] p1a: Heatran
|-unboost|p1a: Heatran|atk|1
|move|p1a: Heatran|Stealth Rock|p2a: Gyarados
|-sidestart|p2: belgrade|move: Stealth Rock
|
|-heal|p1a: Heatran|301\/377|[from] item: Leftovers
|turn|9
|
|switch|p2a: Alakazam|Alakazam, M|252\/252
|switch|p1a: Thundurus|Thundurus, M|300\/300
|-damage|p1a: Thundurus|225\/300|[from] Stealth Rock
|
|-heal|p1a: Thundurus|243\/300|[from] item: Leftovers
|turn|10
|
|switch|p2a: Tyranitar|Tyranitar, M|80\/404 brn
|-damage|p2a: Tyranitar|30\/404 brn|[from] Stealth Rock
|-weather|Sandstorm
|move|p1a: Thundurus|Thunder Wave|p2a: Tyranitar
|-fail|p2a: Tyranitar
|
|-weather|Sandstorm|[upkeep]
|-damage|p1a: Thundurus|225\/300|[from] sandstorm
|-heal|p1a: Thundurus|243\/300|[from] item: Leftovers
|-damage|p2a: Tyranitar|0 fnt|[from] brn
|faint|p2a: Tyranitar
|
|switch|p2a: Garchomp|Garchomp, M|419\/419
|-damage|p2a: Garchomp|393\/419|[from] Stealth Rock
|turn|11
|
|detailschange|p2a: Garchomp|Garchomp-Mega, M
|message|Garchomp has Mega Evolved into Mega Garchomp!
|move|p1a: Thundurus|Hidden Power|p2a: Garchomp
|-supereffective|p2a: Garchomp
|-damage|p2a: Garchomp|117\/419
|move|p2a: Garchomp|Outrage|p1a: Thundurus
|-damage|p1a: Thundurus|0 fnt
|faint|p1a: Thundurus
|
|-weather|Sandstorm|[upkeep]
|
|switch|p1a: Azumarill|Azumarill, F|364\/364
|-damage|p1a: Azumarill|319\/364|[from] Stealth Rock
|turn|12
|
|move|p2a: Garchomp|Outrage|p1a: Azumarill
|-immune|p1a: Azumarill|[msg]
|move|p1a: Azumarill|Belly Drum|p1a: Azumarill
|-damage|p1a: Azumarill|137\/364
|-setboost|p1a: Azumarill|atk|6|[from] move: Belly Drum
|-enditem|p1a: Azumarill|Sitrus Berry|[eat]
|-heal|p1a: Azumarill|228\/364|[from] item: Sitrus Berry
|
|-end|p2a: Garchomp|rampage
|-start|p2a: Garchomp|confusion
|-weather|Sandstorm|[upkeep]
|-damage|p1a: Azumarill|206\/364|[from] sandstorm
|turn|13
|
|move|p1a: Azumarill|Aqua Jet|p2a: Garchomp
|-damage|p2a: Garchomp|0 fnt
|faint|p2a: Garchomp
|
|-weather|Sandstorm|[upkeep]
|-damage|p1a: Azumarill|184\/364|[from] sandstorm
|
|switch|p2a: Gyarados|Gyarados, M|393\/393
|-damage|p2a: Gyarados|295\/393|[from] Stealth Rock
|-ability|p2a: Gyarados|Intimidate|[of] p1a: Azumarill
|-unboost|p1a: Azumarill|atk|1
|turn|14
|
|move|p1a: Azumarill|Aqua Jet|p2a: Gyarados
|-resisted|p2a: Gyarados
|-damage|p2a: Gyarados|110\/393
|move|p2a: Gyarados|Waterfall|p1a: Azumarill
|-resisted|p1a: Azumarill
|-damage|p1a: Azumarill|111\/364
|
|-weather|none
|-heal|p2a: Gyarados|134\/393|[from] item: Leftovers
|turn|15
|
|move|p1a: Azumarill|Aqua Jet|p2a: Gyarados
|-resisted|p2a: Gyarados
|-damage|p2a: Gyarados|0 fnt
|faint|p2a: Gyarados
|
|
|switch|p2a: Alakazam|Alakazam, M|252\/252
|turn|16
|
|move|p1a: Azumarill|Aqua Jet|p2a: Alakazam
|-enditem|p2a: Alakazam|Focus Sash
|-damage|p2a: Alakazam|1\/252
|move|p2a: Alakazam|Psyshock|p1a: Azumarill
|-damage|p1a: Azumarill|0 fnt
|faint|p1a: Azumarill
|
|
|switch|p1a: Landorus-Therian|Landorus-Therian, M|320\/320
|-damage|p1a: Landorus-Therian|280\/320|[from] Stealth Rock
|-ability|p1a: Landorus-Therian|Intimidate|[of] p2a: Alakazam
|-unboost|p2a: Alakazam|atk|1
|turn|17
|
|switch|p2a: Heracross|Heracross, M|302\/302
|-damage|p2a: Heracross|265\/302|[from] Stealth Rock
|move|p1a: Landorus-Therian|U-turn|p2a: Heracross
|-resisted|p2a: Heracross
|-damage|p2a: Heracross|212\/302
|
|switch|p1a: Rotom-Wash|Rotom-Wash|183\/304
|-damage|p1a: Rotom-Wash|145\/304|[from] Stealth Rock
|
|-heal|p1a: Rotom-Wash|164\/304|[from] item: Leftovers
|turn|18
|
|move|p2a: Heracross|Megahorn|p1a: Rotom-Wash|[miss]
|-miss|p2a: Heracross|p1a: Rotom-Wash
|move|p1a: Rotom-Wash|Will-O-Wisp|p2a: Heracross
|-status|p2a: Heracross|brn
|
|-heal|p1a: Rotom-Wash|183\/304|[from] item: Leftovers
|-damage|p2a: Heracross|175\/302 brn|[from] brn
|turn|19
|
|switch|p1a: Venusaur|Venusaur-Mega, F|241\/360
|-damage|p1a: Venusaur|196\/360|[from] Stealth Rock
|move|p2a: Heracross|Megahorn|p1a: Venusaur|[miss]
|-miss|p2a: Heracross|p1a: Venusaur
|
|-damage|p2a: Heracross|138\/302 brn|[from] brn
|turn|20
|
|move|p2a: Heracross|Megahorn|p1a: Venusaur
|-damage|p1a: Venusaur|106\/360
|move|p1a: Venusaur|Hidden Power|p2a: Heracross
|-crit|p2a: Heracross
|-supereffective|p2a: Heracross
|-damage|p2a: Heracross|0 fnt
|faint|p2a: Heracross
|
|
|switch|p2a: Alakazam|Alakazam, M|1\/252
|turn|21
|
|move|p2a: Alakazam|Psyshock|p1a: Venusaur
|-supereffective|p1a: Venusaur
|-damage|p1a: Venusaur|0 fnt
|faint|p1a: Venusaur
|
|
|switch|p1a: Heatran|Heatran, F|301\/377
|-damage|p1a: Heatran|254\/377|[from] Stealth Rock
|turn|22
|
|move|p2a: Alakazam|Focus Blast|p1a: Heatran
|-supereffective|p1a: Heatran
|-damage|p1a: Heatran|0 fnt
|faint|p1a: Heatran
|
|
|switch|p1a: Landorus-Therian|Landorus-Therian, M|280\/320
|-damage|p1a: Landorus-Therian|240\/320|[from] Stealth Rock
|-ability|p1a: Landorus-Therian|Intimidate|[of] p2a: Alakazam
|-unboost|p2a: Alakazam|atk|1
|turn|23
|
|switch|p2a: Scizor|Scizor, F|325\/325
|-damage|p2a: Scizor|285\/325|[from] Stealth Rock
|move|p1a: Landorus-Therian|Knock Off|p2a: Scizor
|-damage|p2a: Scizor|166\/325
|-enditem|p2a: Scizor|Choice Band|[from] move: Knock Off|[of] p1a: Landorus-Therian
|
|turn|24
|
|switch|p1a: Rotom-Wash|Rotom-Wash|183\/304
|-damage|p1a: Rotom-Wash|145\/304|[from] Stealth Rock
|move|p2a: Scizor|U-turn|p1a: Rotom-Wash
|-damage|p1a: Rotom-Wash|9\/304
|
|switch|p2a: Alakazam|Alakazam, M|1\/252
|
|-heal|p1a: Rotom-Wash|28\/304|[from] item: Leftovers
|turn|25
|
|move|p2a: Alakazam|Psyshock|p1a: Rotom-Wash
|-damage|p1a: Rotom-Wash|0 fnt
|faint|p1a: Rotom-Wash
|
|
|switch|p1a: Landorus-Therian|Landorus-Therian, M|240\/320
|-damage|p1a: Landorus-Therian|200\/320|[from] Stealth Rock
|-ability|p1a: Landorus-Therian|Intimidate|[of] p2a: Alakazam
|-unboost|p2a: Alakazam|atk|1
|turn|26
|
|move|p1a: Landorus-Therian|Earthquake|p2a: Alakazam
|-damage|p2a: Alakazam|0 fnt
|faint|p2a: Alakazam
|
|
|switch|p2a: Scizor|Scizor, F|166\/325
|-damage|p2a: Scizor|126\/325|[from] Stealth Rock
|turn|27
|
|move|p2a: Scizor|Bullet Punch|p1a: Landorus-Therian
|-damage|p1a: Landorus-Therian|67\/320
|move|p1a: Landorus-Therian|Earthquake|p2a: Scizor
|-damage|p2a: Scizor|0 fnt
|faint|p2a: Scizor
|
|win|Cobb
|raw|Ladder updating...
|raw|Cobb's rating: 1571 &rarr; <strong>1593<\/strong><br \/>(+22 for winning)
|raw|belgrade's rating: 1594 &rarr; <strong>1572<\/strong><br \/>(-22 for losing)
|c|âCobb|gg
|c|âbelgrade|gg
|leave|belgrade
|player|p2