|join|h1ghpuzzle
|join|belgrade
|player|p1|h1ghpuzzle|101
|player|p2|belgrade|214
|gametype|singles
|gen|6
|tier|OU
|rated
|clearpoke
|poke|p1|Tyranitar, F
|poke|p1|Quagsire, F
|poke|p1|Amoonguss, M
|poke|p1|Empoleon, F
|poke|p1|Slowbro, M
|poke|p1|Scizor, M
|poke|p2|Gothitelle, F
|poke|p2|Tyranitar, M
|poke|p2|Garchomp, M
|poke|p2|Gyarados, F
|poke|p2|Scizor, M
|poke|p2|Alakazam, M
|rule|Swagger Clause: Swagger is banned
|rule|Baton Pass Clause: Limit one PokÃ©mon knowing Baton Pass
|rule|Sleep Clause Mod: Limit one foe put to sleep
|rule|Species Clause: Limit one of each PokÃ©mon
|rule|OHKO Clause: OHKO moves are banned
|rule|Moody Clause: Moody is banned
|rule|Evasion Moves Clause: Evasion moves are banned
|rule|Endless Battle Clause: Forcing endless battles is banned
|rule|HP Percentage Mod: HP is shown in percentages
|teampreview
|
|start
|switch|p1a: Scizor|Scizor, M|343\/343
|switch|p2a: Tyranitar|Tyranitar, M|404\/404
|-weather|Sandstorm
|turn|1
|
|detailschange|p1a: Scizor|Scizor-Mega, M
|message|Scizor has Mega Evolved into Mega Scizor!
|move|p1a: Scizor|U-turn|p2a: Tyranitar
|-supereffective|p2a: Tyranitar
|-damage|p2a: Tyranitar|168\/404
|
|switch|p1a: Empoleon|Empoleon, F|356\/356
|move|p2a: Tyranitar|Fire Blast|p1a: Empoleon
|-damage|p1a: Empoleon|275\/356
|
|-weather|Sandstorm|[upkeep]
|turn|2
|
|switch|p2a: Gyarados|Gyarados, F|393\/393
|-ability|p2a: Gyarados|Intimidate|[of] p1a: Empoleon
|-unboost|p1a: Empoleon|atk|1
|move|p1a: Empoleon|Stealth Rock|p2a: Gyarados
|-sidestart|p2: belgrade|move: Stealth Rock
|
|-weather|Sandstorm|[upkeep]
|-damage|p2a: Gyarados|369\/393|[from] sandstorm
|-heal|p2a: Gyarados|393\/393|[from] item: Leftovers
|turn|3
|
|switch|p2a: Gothitelle|Gothitelle, F|301\/301
|-damage|p2a: Gothitelle|264\/301|[from] Stealth Rock
|switch|p1a: Amoonguss|Amoonguss, M|430\/430
|
|-weather|Sandstorm|[upkeep]
|-damage|p2a: Gothitelle|246\/301|[from] sandstorm
|-damage|p1a: Amoonguss|404\/430|[from] sandstorm
|-heal|p1a: Amoonguss|430\/430|[from] item: Black Sludge
|turn|4
|
|move|p2a: Gothitelle|Trick|p1a: Amoonguss
|-activate|p2a: Gothitelle|move: Trick|[of] p1a: Amoonguss
|-item|p1a: Amoonguss|Choice Scarf|[from] move: Trick
|-item|p2a: Gothitelle|Black Sludge|[from] move: Trick
|move|p1a: Amoonguss|Spore|p2a: Gothitelle
|-status|p2a: Gothitelle|slp
|
|-weather|Sandstorm|[upkeep]
|-damage|p2a: Gothitelle|228\/301 slp|[from] sandstorm
|-damage|p1a: Amoonguss|404\/430|[from] sandstorm
|-damage|p2a: Gothitelle|191\/301 slp|[from] item: Black Sludge
|turn|5
|
|cant|p2a: Gothitelle|slp
|move|p1a: Amoonguss|Spore|p2a: Gothitelle
|-fail|p2a: Gothitelle|slp
|
|-weather|none
|-damage|p2a: Gothitelle|154\/301 slp|[from] item: Black Sludge
|turn|6
|
|cant|p2a: Gothitelle|slp
|move|p1a: Amoonguss|Spore|p2a: Gothitelle
|-fail|p2a: Gothitelle|slp
|
|-damage|p2a: Gothitelle|117\/301 slp|[from] item: Black Sludge
|turn|7
|
|cant|p2a: Gothitelle|slp
|move|p1a: Amoonguss|Spore|p2a: Gothitelle
|-fail|p2a: Gothitelle|slp
|
|-damage|p2a: Gothitelle|80\/301 slp|[from] item: Black Sludge
|turn|8
|
|-curestatus|p2a: Gothitelle|slp
|move|p2a: Gothitelle|Rest|p2a: Gothitelle
|-status|p2a: Gothitelle|slp
|-heal|p2a: Gothitelle|301\/301 slp|[silent]
|-status|p2a: Gothitelle|slp|[from] move: Rest
|move|p1a: Amoonguss|Spore|p2a: Gothitelle
|-fail|p2a: Gothitelle|slp
|
|-damage|p2a: Gothitelle|264\/301 slp|[from] item: Black Sludge
|turn|9
|
|cant|p2a: Gothitelle|slp
|move|p1a: Amoonguss|Spore|p2a: Gothitelle
|-fail|p2a: Gothitelle|slp
|
|-damage|p2a: Gothitelle|227\/301 slp|[from] item: Black Sludge
|turn|10
|
|cant|p2a: Gothitelle|slp
|move|p1a: Amoonguss|Spore|p2a: Gothitelle
|-fail|p2a: Gothitelle|slp
|
|-damage|p2a: Gothitelle|190\/301 slp|[from] item: Black Sludge
|turn|11
|
|-curestatus|p2a: Gothitelle|slp
|move|p2a: Gothitelle|Calm Mind|p2a: Gothitelle
|-boost|p2a: Gothitelle|spa|1
|-boost|p2a: Gothitelle|spd|1
|move|p1a: Amoonguss|Spore|p2a: Gothitelle
|-status|p2a: Gothitelle|slp
|
|-damage|p2a: Gothitelle|153\/301 slp|[from] item: Black Sludge
|turn|12
|
|cant|p2a: Gothitelle|slp
|move|p1a: Amoonguss|Spore|p2a: Gothitelle
|-fail|p2a: Gothitelle|slp
|
|-damage|p2a: Gothitelle|116\/301 slp|[from] item: Black Sludge
|turn|13
|
|cant|p2a: Gothitelle|slp
|move|p1a: Amoonguss|Spore|p2a: Gothitelle
|-fail|p2a: Gothitelle|slp
|
|-damage|p2a: Gothitelle|79\/301 slp|[from] item: Black Sludge
|turn|14
|
|-curestatus|p2a: Gothitelle|slp
|move|p2a: Gothitelle|Rest|p2a: Gothitelle
|-status|p2a: Gothitelle|slp
|-heal|p2a: Gothitelle|301\/301 slp|[silent]
|-status|p2a: Gothitelle|slp|[from] move: Rest
|move|p1a: Amoonguss|Spore|p2a: Gothitelle
|-fail|p2a: Gothitelle|slp
|
|-damage|p2a: Gothitelle|264\/301 slp|[from] item: Black Sludge
|turn|15
|
|cant|p2a: Gothitelle|slp
|move|p1a: Amoonguss|Spore|p2a: Gothitelle
|-fail|p2a: Gothitelle|slp
|
|-damage|p2a: Gothitelle|227\/301 slp|[from] item: Black Sludge
|turn|16
|
|cant|p2a: Gothitelle|slp
|move|p1a: Amoonguss|Spore|p2a: Gothitelle
|-fail|p2a: Gothitelle|slp
|
|-damage|p2a: Gothitelle|190\/301 slp|[from] item: Black Sludge
|turn|17
|
|-curestatus|p2a: Gothitelle|slp
|move|p2a: Gothitelle|Rest|p2a: Gothitelle
|-status|p2a: Gothitelle|slp
|-heal|p2a: Gothitelle|301\/301 slp|[silent]
|-status|p2a: Gothitelle|slp|[from] move: Rest
|move|p1a: Amoonguss|Spore|p2a: Gothitelle
|-fail|p2a: Gothitelle|slp
|
|-damage|p2a: Gothitelle|264\/301 slp|[from] item: Black Sludge
|turn|18
|
|cant|p2a: Gothitelle|slp
|move|p1a: Amoonguss|Spore|p2a: Gothitelle
|-fail|p2a: Gothitelle|slp
|
|-damage|p2a: Gothitelle|227\/301 slp|[from] item: Black Sludge
|turn|19
|
|cant|p2a: Gothitelle|slp
|move|p1a: Amoonguss|Spore|p2a: Gothitelle
|-fail|p2a: Gothitelle|slp
|
|-damage|p2a: Gothitelle|190\/301 slp|[from] item: Black Sludge
|turn|20
|
|-curestatus|p2a: Gothitelle|slp
|move|p2a: Gothitelle|Calm Mind|p2a: Gothitelle
|-boost|p2a: Gothitelle|spa|1
|-boost|p2a: Gothitelle|spd|1
|move|p1a: Amoonguss|Spore|p2a: Gothitelle
|-status|p2a: Gothitelle|slp
|
|-damage|p2a: Gothitelle|153\/301 slp|[from] item: Black Sludge
|turn|21
|
|cant|p2a: Gothitelle|slp
|move|p1a: Amoonguss|Spore|p2a: Gothitelle
|-fail|p2a: Gothitelle|slp
|
|-damage|p2a: Gothitelle|116\/301 slp|[from] item: Black Sludge
|turn|22
|
|cant|p2a: Gothitelle|slp
|move|p1a: Amoonguss|Spore|p2a: Gothitelle
|-fail|p2a: Gothitelle|slp
|
|-damage|p2a: Gothitelle|79\/301 slp|[from] item: Black Sludge
|turn|23
|
|cant|p2a: Gothitelle|slp
|move|p1a: Amoonguss|Spore|p2a: Gothitelle
|-fail|p2a: Gothitelle|slp
|
|-damage|p2a: Gothitelle|42\/301 slp|[from] item: Black Sludge
|turn|24
|
|-curestatus|p2a: Gothitelle|slp
|move|p2a: Gothitelle|Rest|p2a: Gothitelle
|-status|p2a: Gothitelle|slp
|-heal|p2a: Gothitelle|301\/301 slp|[silent]
|-status|p2a: Gothitelle|slp|[from] move: Rest
|move|p1a: Amoonguss|Spore|p2a: Gothitelle
|-fail|p2a: Gothitelle|slp
|
|-damage|p2a: Gothitelle|264\/301 slp|[from] item: Black Sludge
|turn|25
|
|cant|p2a: Gothitelle|slp
|move|p1a: Amoonguss|Spore|p2a: Gothitelle
|-fail|p2a: Gothitelle|slp
|
|-damage|p2a: Gothitelle|227\/301 slp|[from] item: Black Sludge
|turn|26
|
|cant|p2a: Gothitelle|slp
|move|p1a: Amoonguss|Spore|p2a: Gothitelle
|-fail|p2a: Gothitelle|slp
|
|-damage|p2a: Gothitelle|190\/301 slp|[from] item: Black Sludge
|turn|27
|
|-curestatus|p2a: Gothitelle|slp
|move|p2a: Gothitelle|Calm Mind|p2a: Gothitelle
|-boost|p2a: Gothitelle|spa|1
|-boost|p2a: Gothitelle|spd|1
|move|p1a: Amoonguss|Spore|p2a: Gothitelle
|-status|p2a: Gothitelle|slp
|
|-damage|p2a: Gothitelle|153\/301 slp|[from] item: Black Sludge
|turn|28
|
|cant|p2a: Gothitelle|slp
|-activate|p1a: Amoonguss|move: Struggle
|move|p1a: Amoonguss|Struggle|p2a: Gothitelle
|-damage|p2a: Gothitelle|126\/301 slp
|-damage|p1a: Amoonguss|297\/430
|
|-damage|p2a: Gothitelle|89\/301 slp|[from] item: Black Sludge
|turn|29
|
|cant|p2a: Gothitelle|slp
|-activate|p1a: Amoonguss|move: Struggle
|move|p1a: Amoonguss|Struggle|p2a: Gothitelle
|-damage|p2a: Gothitelle|61\/301 slp
|-damage|p1a: Amoonguss|190\/430
|
|-damage|p2a: Gothitelle|24\/301 slp|[from] item: Black Sludge
|turn|30
|
|cant|p2a: Gothitelle|slp
|-activate|p1a: Amoonguss|move: Struggle
|move|p1a: Amoonguss|Struggle|p2a: Gothitelle
|-damage|p2a: Gothitelle|0 fnt
|-damage|p1a: Amoonguss|83\/430
|faint|p2a: Gothitelle
|
|c|âh1ghpuzzle|:)
|
|switch|p2a: Tyranitar|Tyranitar, M|168\/404
|-damage|p2a: Tyranitar|118\/404|[from] Stealth Rock
|-weather|Sandstorm
|turn|31
|
|switch|p1a: Quagsire|Quagsire, F|394\/394
|move|p2a: Tyranitar|Stealth Rock|p1a: Quagsire
|-sidestart|p1: h1ghpuzzle|move: Stealth Rock
|
|-weather|Sandstorm|[upkeep]
|turn|32
|
|switch|p2a: Gyarados|Gyarados, F|393\/393
|-damage|p2a: Gyarados|295\/393|[from] Stealth Rock
|-ability|p2a: Gyarados|Intimidate|[of] p1a: Quagsire
|-unboost|p1a: Quagsire|atk|1
|move|p1a: Quagsire|Scald|p2a: Gyarados
|-resisted|p2a: Gyarados
|-damage|p2a: Gyarados|270\/393
|
|-weather|Sandstorm|[upkeep]
|-damage|p2a: Gyarados|246\/393|[from] sandstorm
|-heal|p2a: Gyarados|270\/393|[from] item: Leftovers
|turn|33
|
|switch|p1a: Scizor|Scizor-Mega, M|343\/343
|-damage|p1a: Scizor|301\/343|[from] Stealth Rock
|move|p2a: Gyarados|Dragon Dance|p2a: Gyarados
|-boost|p2a: Gyarados|atk|1
|-boost|p2a: Gyarados|spe|1
|
|-weather|Sandstorm|[upkeep]
|-damage|p2a: Gyarados|246\/393|[from] sandstorm
|-heal|p2a: Gyarados|270\/393|[from] item: Leftovers
|turn|34
|
|move|p2a: Gyarados|Waterfall|p1a: Scizor
|-damage|p1a: Scizor|174\/343
|move|p1a: Scizor|U-turn|p2a: Gyarados
|-resisted|p2a: Gyarados
|-damage|p2a: Gyarados|191\/393
|
|switch|p1a: Amoonguss|Amoonguss, M|226\/430
|-damage|p1a: Amoonguss|173\/430|[from] Stealth Rock
|
|-weather|Sandstorm|[upkeep]
|-damage|p2a: Gyarados|167\/393|[from] sandstorm
|-damage|p1a: Amoonguss|147\/430|[from] sandstorm
|-heal|p2a: Gyarados|191\/393|[from] item: Leftovers
|turn|35
|
|move|p2a: Gyarados|Rest|p2a: Gyarados
|-status|p2a: Gyarados|slp
|-heal|p2a: Gyarados|393\/393 slp|[silent]
|-status|p2a: Gyarados|slp|[from] move: Rest
|move|p1a: Amoonguss|Foul Play|p2a: Gyarados
|-damage|p2a: Gyarados|237\/393 slp
|
|-weather|none
|-heal|p2a: Gyarados|261\/393 slp|[from] item: Leftovers
|turn|36
|
|cant|p2a: Gyarados|slp
|move|p2a: Gyarados|Sleep Talk|p2a: Gyarados
|move|p2a: Gyarados|Waterfall|p1a: Amoonguss|[from]Sleep Talk
|-resisted|p1a: Amoonguss
|-damage|p1a: Amoonguss|67\/430
|move|p1a: Amoonguss|Foul Play|p2a: Gyarados
|-damage|p2a: Gyarados|99\/393 slp
|
|-heal|p2a: Gyarados|123\/393 slp|[from] item: Leftovers
|turn|37
|
|switch|p2a: Garchomp|Garchomp, M|403\/403
|-damage|p2a: Garchomp|378\/403|[from] Stealth Rock
|move|p1a: Amoonguss|Foul Play|p2a: Garchomp
|-damage|p2a: Garchomp|259\/403
|-damage|p1a: Amoonguss|14\/430|[from] ability: Rough Skin|[of] p2a: Garchomp
|
|turn|38
|
|switch|p2a: Gyarados|Gyarados, F|123\/393 slp
|-damage|p2a: Gyarados|25\/393 slp|[from] Stealth Rock
|-ability|p2a: Gyarados|Intimidate|[of] p1a: Amoonguss
|-unboost|p1a: Amoonguss|atk|1
|switch|p1a: Slowbro|Slowbro, M|390\/390
|-damage|p1a: Slowbro|342\/390|[from] Stealth Rock
|
|-heal|p2a: Gyarados|49\/393 slp|[from] item: Leftovers
|-heal|p1a: Slowbro|366\/390|[from] item: Leftovers
|turn|39
|
|cant|p2a: Gyarados|slp
|move|p2a: Gyarados|Sleep Talk|p2a: Gyarados
|move|p2a: Gyarados|Dragon Dance|p2a: Gyarados|[from]Sleep Talk
|-boost|p2a: Gyarados|atk|1
|-boost|p2a: Gyarados|spe|1
|move|p1a: Slowbro|Ice Beam|p2a: Gyarados
|-damage|p2a: Gyarados|0 fnt
|faint|p2a: Gyarados
|
|-heal|p1a: Slowbro|390\/390|[from] item: Leftovers
|-message|belgrade forfeited.
|
|win|h1ghpuzzle
|raw|Ladder updating...
|leave|belgrade
|player|p2
|raw|h1ghpuzzle's rating: 1803 &rarr; <strong>1821<\/strong><br \/>(+18 for winning)
|raw|belgrade's rating: 1763 &rarr; <strong>1745<\/strong><br \/>(-18 for losing)