|join|ZephyrBurst
|join|belgrade
|player|p1|ZephyrBurst|102
|player|p2|belgrade|214
|gametype|singles
|gen|6
|tier|OU
|rated
|clearpoke
|poke|p1|Absol, M
|poke|p1|Jirachi
|poke|p1|Landorus-Therian, M
|poke|p1|Heatran, F
|poke|p1|Kyurem-Black
|poke|p1|Zapdos
|poke|p2|Mienshao, M
|poke|p2|Tornadus-Therian, M
|poke|p2|Rotom-Heat
|poke|p2|Scizor, F
|poke|p2|Latios, M
|poke|p2|Gliscor, M
|rule|Swagger Clause: Swagger is banned
|rule|Baton Pass Clause: Limit one PokÃ©mon knowing Baton Pass
|rule|Sleep Clause Mod: Limit one foe put to sleep
|rule|Species Clause: Limit one of each PokÃ©mon
|rule|OHKO Clause: OHKO moves are banned
|rule|Moody Clause: Moody is banned
|rule|Evasion Moves Clause: Evasion moves are banned
|rule|Endless Battle Clause: Forcing endless battles is banned
|rule|HP Percentage Mod: HP is shown in percentages
|teampreview
|
|start
|switch|p1a: Jirachi|Jirachi|404\/404
|switch|p2a: Scizor|Scizor, F|343\/343
|turn|1
|
|switch|p2a: Gliscor|Gliscor, M|353\/353
|move|p1a: Jirachi|U-turn|p2a: Gliscor
|-resisted|p2a: Gliscor
|-damage|p2a: Gliscor|336\/353
|
|switch|p1a: Kyurem-Black|Kyurem-Black|391\/391
|-ability|p1a: Kyurem-Black|Teravolt
|
|-status|p2a: Gliscor|tox|[from] item: Toxic Orb
|turn|2
|
|switch|p2a: Scizor|Scizor, F|343\/343
|move|p1a: Kyurem-Black|Fusion Bolt|p2a: Scizor
|-damage|p2a: Scizor|188\/343
|-damage|p1a: Kyurem-Black|352\/391|[from] item: Life Orb
|
|turn|3
|
|switch|p1a: Zapdos|Zapdos|384\/384
|-ability|p1a: Zapdos|Pressure
|detailschange|p2a: Scizor|Scizor-Mega, F
|message|Scizor has Mega Evolved into Mega Scizor!
|move|p2a: Scizor|Roost|p2a: Scizor
|-heal|p2a: Scizor|343\/343
|
|turn|4
|
|switch|p2a: Latios|Latios, M|301\/301
|move|p1a: Zapdos|Heat Wave|p2a: Latios
|-resisted|p2a: Latios
|-damage|p2a: Latios|257\/301
|
|turn|5
|
|switch|p1a: Jirachi|Jirachi|404\/404
|move|p2a: Latios|Surf|p1a: Jirachi
|-damage|p1a: Jirachi|297\/404
|-damage|p2a: Latios|227\/301|[from] item: Life Orb
|
|-heal|p1a: Jirachi|322\/404|[from] item: Leftovers
|turn|6
|
|switch|p2a: Gliscor|Gliscor, M|336\/353 tox
|move|p1a: Jirachi|U-turn|p2a: Gliscor
|-resisted|p2a: Gliscor
|-damage|p2a: Gliscor|317\/353 tox
|
|switch|p1a: Kyurem-Black|Kyurem-Black|352\/391
|-ability|p1a: Kyurem-Black|Teravolt
|
|-heal|p2a: Gliscor|353\/353 tox|[from] ability: Poison Heal
|turn|7
|
|switch|p2a: Scizor|Scizor-Mega, F|343\/343
|move|p1a: Kyurem-Black|Ice Beam|p2a: Scizor
|-resisted|p2a: Scizor
|-damage|p2a: Scizor|257\/343
|-damage|p1a: Kyurem-Black|313\/391|[from] item: Life Orb
|
|turn|8
|
|switch|p1a: Heatran|Heatran, F|385\/385
|move|p2a: Scizor|U-turn|p1a: Heatran
|-resisted|p1a: Heatran
|-damage|p1a: Heatran|352\/385
|
|switch|p2a: Gliscor|Gliscor, M|353\/353 tox
|
|-heal|p1a: Heatran|376\/385|[from] item: Leftovers
|turn|9
|
|switch|p1a: Jirachi|Jirachi|322\/404
|move|p2a: Gliscor|Stealth Rock|p1a: Jirachi
|-sidestart|p1: ZephyrBurst|move: Stealth Rock
|
|-heal|p1a: Jirachi|347\/404|[from] item: Leftovers
|turn|10
|
|move|p1a: Jirachi|Wish|p1a: Jirachi
|move|p2a: Gliscor|Earthquake|p1a: Jirachi
|-supereffective|p1a: Jirachi
|-damage|p1a: Jirachi|101\/404
|
|-heal|p1a: Jirachi|126\/404|[from] item: Leftovers
|turn|11
|
|move|p1a: Jirachi|Iron Head|p2a: Gliscor
|-damage|p2a: Gliscor|299\/353 tox
|cant|p2a: Gliscor|flinch
|
|-heal|p1a: Jirachi|328\/404|[from] move: Wish|[wisher] Jirachi
|-heal|p1a: Jirachi|353\/404|[from] item: Leftovers
|-heal|p2a: Gliscor|343\/353 tox|[from] ability: Poison Heal
|turn|12
|
|move|p1a: Jirachi|U-turn|p2a: Gliscor
|-resisted|p2a: Gliscor
|-damage|p2a: Gliscor|326\/353 tox
|
|switch|p1a: Zapdos|Zapdos|384\/384
|-damage|p1a: Zapdos|288\/384|[from] Stealth Rock
|-ability|p1a: Zapdos|Pressure
|move|p2a: Gliscor|Knock Off|p1a: Zapdos
|-crit|p1a: Zapdos
|-damage|p1a: Zapdos|191\/384
|-enditem|p1a: Zapdos|Leftovers|[from] move: Knock Off|[of] p2a: Gliscor
|
|-heal|p2a: Gliscor|353\/353 tox|[from] ability: Poison Heal
|turn|13
|
|move|p1a: Zapdos|Roost|p1a: Zapdos
|-heal|p1a: Zapdos|383\/384
|move|p2a: Gliscor|Taunt|p1a: Zapdos
|-start|p1a: Zapdos|move: Taunt
|
|turn|14
|
|switch|p1a: Sol|Absol, M|271\/271
|-damage|p1a: Sol|238\/271|[from] Stealth Rock
|switch|p2a: Latios|Latios, M|227\/301
|
|turn|15
|
|switch|p2a: Gliscor|Gliscor, M|353\/353 tox
|detailschange|p1a: Sol|Absol-Mega, M
|message|Absol has Mega Evolved into Mega Absol!
|move|p1a: Sol|Sucker Punch|p2a: Gliscor
|-fail|p2a: Gliscor
|
|turn|16
|
|switch|p1a: Zapdos|Zapdos|383\/384
|-damage|p1a: Zapdos|287\/384|[from] Stealth Rock
|-ability|p1a: Zapdos|Pressure
|move|p2a: Gliscor|Earthquake|p1a: Zapdos
|-immune|p1a: Zapdos|[msg]
|
|turn|17
|
|switch|p2a: Rotom-Heat|Rotom-Heat|251\/251
|move|p1a: Zapdos|Defog|p2a: Rotom-Heat
|-unboost|p2a: Rotom-Heat|evasion|1
|-sideend|p1: ZephyrBurst|Stealth Rock|[from] move: Defog|[of] p1a: Zapdos
|
|turn|18
|
|switch|p1a: Kyurem-Black|Kyurem-Black|313\/391
|-ability|p1a: Kyurem-Black|Teravolt
|move|p2a: Rotom-Heat|Trick|p1a: Kyurem-Black
|-activate|p2a: Rotom-Heat|move: Trick|[of] p1a: Kyurem-Black
|-item|p1a: Kyurem-Black|Choice Scarf|[from] move: Trick
|-item|p2a: Rotom-Heat|Life Orb|[from] move: Trick
|
|turn|19
|
|move|p1a: Kyurem-Black|Earth Power|p2a: Rotom-Heat
|-supereffective|p2a: Rotom-Heat
|-damage|p2a: Rotom-Heat|0 fnt
|faint|p2a: Rotom-Heat
|
|
|switch|p2a: Tornadus-Therian|Tornadus-Therian, M|321\/321
|turn|20
|
|switch|p1a: Zapdos|Zapdos|287\/384
|-ability|p1a: Zapdos|Pressure
|move|p2a: Tornadus-Therian|U-turn|p1a: Zapdos
|-resisted|p1a: Zapdos
|-damage|p1a: Zapdos|257\/384
|
|switch|p2a: Latios|Latios, M|227\/301
|
|turn|21
|
|switch|p1a: Jirachi|Jirachi|353\/404
|move|p2a: Latios|Surf|p1a: Jirachi
|-damage|p1a: Jirachi|256\/404
|-damage|p2a: Latios|197\/301|[from] item: Life Orb
|
|-heal|p1a: Jirachi|281\/404|[from] item: Leftovers
|turn|22
|
|switch|p2a: Gliscor|Gliscor, M|353\/353 tox
|move|p1a: Jirachi|U-turn|p2a: Gliscor
|-resisted|p2a: Gliscor
|-damage|p2a: Gliscor|335\/353 tox
|
|switch|p1a: Kyurem-Black|Kyurem-Black|313\/391
|-ability|p1a: Kyurem-Black|Teravolt
|
|-heal|p2a: Gliscor|353\/353 tox|[from] ability: Poison Heal
|turn|23
|
|switch|p2a: Scizor|Scizor-Mega, F|257\/343
|move|p1a: Kyurem-Black|Ice Beam|p2a: Scizor
|-resisted|p2a: Scizor
|-damage|p2a: Scizor|188\/343
|
|turn|24
|
|switch|p1a: Zapdos|Zapdos|257\/384
|-ability|p1a: Zapdos|Pressure
|move|p2a: Scizor|Roost|p2a: Scizor
|-heal|p2a: Scizor|343\/343
|
|turn|25
|
|switch|p2a: Latios|Latios, M|197\/301
|move|p1a: Zapdos|Roost|p1a: Zapdos
|-heal|p1a: Zapdos|384\/384
|
|turn|26
|
|move|p2a: Latios|Roost|p2a: Latios
|-heal|p2a: Latios|301\/301
|move|p1a: Zapdos|Roost|p1a: Zapdos
|-fail|p1a: Zapdos
|
|turn|27
|
|switch|p1a: Jirachi|Jirachi|281\/404
|move|p2a: Latios|Surf|p1a: Jirachi
|-damage|p1a: Jirachi|178\/404
|-damage|p2a: Latios|271\/301|[from] item: Life Orb
|
|-heal|p1a: Jirachi|203\/404|[from] item: Leftovers
|turn|28
|
|switch|p2a: Gliscor|Gliscor, M|353\/353 tox
|move|p1a: Jirachi|Wish|p1a: Jirachi
|
|-heal|p1a: Jirachi|228\/404|[from] item: Leftovers
|turn|29
|
|move|p1a: Jirachi|U-turn|p2a: Gliscor
|-resisted|p2a: Gliscor
|-damage|p2a: Gliscor|337\/353 tox
|
|switch|p1a: Kyurem-Black|Kyurem-Black|313\/391
|-ability|p1a: Kyurem-Black|Teravolt
|move|p2a: Gliscor|Stealth Rock|p1a: Kyurem-Black
|-sidestart|p1: ZephyrBurst|move: Stealth Rock
|
|-heal|p1a: Kyurem-Black|391\/391|[from] move: Wish|[wisher] Jirachi
|-heal|p2a: Gliscor|353\/353 tox|[from] ability: Poison Heal
|turn|30
|
|switch|p2a: Scizor|Scizor-Mega, F|343\/343
|move|p1a: Kyurem-Black|Ice Beam|p2a: Scizor
|-resisted|p2a: Scizor
|-damage|p2a: Scizor|277\/343
|
|turn|31
|
|switch|p1a: Landorus-Therian|Landorus-Therian, M|382\/382
|-damage|p1a: Landorus-Therian|335\/382|[from] Stealth Rock
|-ability|p1a: Landorus-Therian|Intimidate|[of] p2a: Scizor
|-unboost|p2a: Scizor|atk|1
|move|p2a: Scizor|U-turn|p1a: Landorus-Therian
|-resisted|p1a: Landorus-Therian
|-damage|p1a: Landorus-Therian|301\/382
|
|switch|p2a: Gliscor|Gliscor, M|353\/353 tox
|
|-heal|p1a: Landorus-Therian|324\/382|[from] item: Leftovers
|turn|32
|
|move|p2a: Gliscor|Taunt|p1a: Landorus-Therian
|-start|p1a: Landorus-Therian|move: Taunt
|cant|p1a: Landorus-Therian|move: Taunt|Stealth Rock
|
|-heal|p1a: Landorus-Therian|347\/382|[from] item: Leftovers
|turn|33
|
|move|p2a: Gliscor|Knock Off|p1a: Landorus-Therian
|-damage|p1a: Landorus-Therian|287\/382
|-enditem|p1a: Landorus-Therian|Leftovers|[from] move: Knock Off|[of] p2a: Gliscor
|move|p1a: Landorus-Therian|U-turn|p2a: Gliscor
|-resisted|p2a: Gliscor
|-damage|p2a: Gliscor|330\/353 tox
|
|switch|p1a: Zapdos|Zapdos|384\/384
|-damage|p1a: Zapdos|288\/384|[from] Stealth Rock
|-ability|p1a: Zapdos|Pressure
|
|-heal|p2a: Gliscor|353\/353 tox|[from] ability: Poison Heal
|turn|34
|
|switch|p2a: Latios|Latios, M|271\/301
|move|p1a: Zapdos|Defog|p2a: Latios
|-unboost|p2a: Latios|evasion|1
|-sideend|p1: ZephyrBurst|Stealth Rock|[from] move: Defog|[of] p1a: Zapdos
|
|turn|35
|
|switch|p1a: Kyurem-Black|Kyurem-Black|391\/391
|-ability|p1a: Kyurem-Black|Teravolt
|move|p2a: Latios|Surf|p1a: Kyurem-Black
|-resisted|p1a: Kyurem-Black
|-damage|p1a: Kyurem-Black|320\/391
|-damage|p2a: Latios|241\/301|[from] item: Life Orb
|
|turn|36
|
|switch|p1a: Heatran|Heatran, F|376\/385
|switch|p2a: Scizor|Scizor-Mega, F|277\/343
|
|-heal|p1a: Heatran|385\/385|[from] item: Leftovers
|turn|37
|
|switch|p2a: Latios|Latios, M|241\/301
|move|p1a: Heatran|Magma Storm|p2a: Latios|[miss]
|-miss|p1a: Heatran|p2a: Latios
|
|turn|38
|
|move|p1a: Heatran|Protect|p1a: Heatran
|-singleturn|p1a: Heatran|Protect
|move|p2a: Latios|Surf|p1a: Heatran
|-activate|p1a: Heatran|Protect
|
|turn|39
|
|switch|p2a: Gliscor|Gliscor, M|353\/353 tox
|switch|p1a: Jirachi|Jirachi|228\/404
|
|-heal|p1a: Jirachi|253\/404|[from] item: Leftovers
|turn|40
|
|move|p1a: Jirachi|U-turn|p2a: Gliscor
|-resisted|p2a: Gliscor
|-damage|p2a: Gliscor|337\/353 tox
|
|switch|p1a: Sol|Absol-Mega, M|238\/271
|move|p2a: Gliscor|Stealth Rock|p1a: Sol
|move|p1a: Sol|Stealth Rock|p2a: Gliscor|[from]Magic Bounce
|-sidestart|p2: belgrade|move: Stealth Rock
|
|-heal|p2a: Gliscor|353\/353 tox|[from] ability: Poison Heal
|turn|41
|
|move|p1a: Sol|Knock Off|p2a: Gliscor
|-damage|p2a: Gliscor|227\/353 tox
|-enditem|p2a: Gliscor|Toxic Orb|[from] move: Knock Off|[of] p1a: Sol
|move|p2a: Gliscor|Stealth Rock|p1a: Sol
|move|p1a: Sol|Stealth Rock|p2a: Gliscor|[from]Magic Bounce
|-fail|p2a: Gliscor
|
|-heal|p2a: Gliscor|271\/353 tox|[from] ability: Poison Heal
|turn|42
|
|switch|p1a: Zapdos|Zapdos|288\/384
|-ability|p1a: Zapdos|Pressure
|move|p2a: Gliscor|Earthquake|p1a: Zapdos
|-immune|p1a: Zapdos|[msg]
|
|-heal|p2a: Gliscor|315\/353 tox|[from] ability: Poison Heal
|turn|43
|
|move|p1a: Zapdos|Heat Wave|p2a: Gliscor
|-damage|p2a: Gliscor|204\/353 tox
|move|p2a: Gliscor|Stealth Rock|p1a: Zapdos
|-sidestart|p1: ZephyrBurst|move: Stealth Rock
|
|-heal|p2a: Gliscor|248\/353 tox|[from] ability: Poison Heal
|turn|44
|
|move|p1a: Zapdos|Heat Wave|p2a: Gliscor
|-crit|p2a: Gliscor
|-damage|p2a: Gliscor|52\/353 tox
|move|p2a: Gliscor|Knock Off|p1a: Zapdos
|-damage|p1a: Zapdos|243\/384
|
|-heal|p2a: Gliscor|96\/353 tox|[from] ability: Poison Heal
|turn|45
|
|switch|p2a: Latios|Latios, M|241\/301
|-damage|p2a: Latios|204\/301|[from] Stealth Rock
|move|p1a: Zapdos|Heat Wave|p2a: Latios
|-resisted|p2a: Latios
|-damage|p2a: Latios|161\/301
|-status|p2a: Latios|brn
|
|-damage|p2a: Latios|124\/301 brn|[from] brn
|turn|46
|
|switch|p1a: Jirachi|Jirachi|253\/404
|-damage|p1a: Jirachi|228\/404|[from] Stealth Rock
|move|p2a: Latios|Roost|p2a: Latios
|-heal|p2a: Latios|275\/301 brn
|
|-heal|p1a: Jirachi|253\/404|[from] item: Leftovers
|-damage|p2a: Latios|238\/301 brn|[from] brn
|turn|47
|
|switch|p2a: Scizor|Scizor-Mega, F|277\/343
|-damage|p2a: Scizor|235\/343|[from] Stealth Rock
|move|p1a: Jirachi|Iron Head|p2a: Scizor
|-resisted|p2a: Scizor
|-damage|p2a: Scizor|201\/343
|
|-heal|p1a: Jirachi|278\/404|[from] item: Leftovers
|turn|48
|
|switch|p1a: Heatran|Heatran, F|385\/385
|-damage|p1a: Heatran|337\/385|[from] Stealth Rock
|move|p2a: Scizor|Roost|p2a: Scizor
|-heal|p2a: Scizor|343\/343
|
|-heal|p1a: Heatran|361\/385|[from] item: Leftovers
|turn|49
|
|switch|p2a: Latios|Latios, M|238\/301 brn
|-damage|p2a: Latios|201\/301 brn|[from] Stealth Rock
|move|p1a: Heatran|Magma Storm|p2a: Latios|[miss]
|-miss|p1a: Heatran|p2a: Latios
|
|-heal|p1a: Heatran|385\/385|[from] item: Leftovers
|-damage|p2a: Latios|164\/301 brn|[from] brn
|turn|50
|
|switch|p1a: Kyurem-Black|Kyurem-Black|320\/391
|-damage|p1a: Kyurem-Black|223\/391|[from] Stealth Rock
|-ability|p1a: Kyurem-Black|Teravolt
|move|p2a: Latios|Roost|p2a: Latios
|-heal|p2a: Latios|301\/301 brn
|
|-damage|p2a: Latios|264\/301 brn|[from] brn
|turn|51
|
|switch|p2a: Scizor|Scizor-Mega, F|343\/343
|-damage|p2a: Scizor|301\/343|[from] Stealth Rock
|move|p1a: Kyurem-Black|Ice Beam|p2a: Scizor
|-resisted|p2a: Scizor
|-damage|p2a: Scizor|233\/343
|
|turn|52
|
|switch|p1a: Heatran|Heatran, F|385\/385
|-damage|p1a: Heatran|337\/385|[from] Stealth Rock
|move|p2a: Scizor|U-turn|p1a: Heatran
|-resisted|p1a: Heatran
|-damage|p1a: Heatran|308\/385
|
|switch|p2a: Latios|Latios, M|264\/301 brn
|-damage|p2a: Latios|227\/301 brn|[from] Stealth Rock
|
|-heal|p1a: Heatran|332\/385|[from] item: Leftovers
|-damage|p2a: Latios|190\/301 brn|[from] brn
|turn|53
|
|move|p1a: Heatran|Protect|p1a: Heatran
|-singleturn|p1a: Heatran|Protect
|move|p2a: Latios|Defog|p1a: Heatran
|-activate|p1a: Heatran|Protect
|
|-heal|p1a: Heatran|356\/385|[from] item: Leftovers
|-damage|p2a: Latios|153\/301 brn|[from] brn
|turn|54
|
|move|p2a: Latios|Roost|p2a: Latios
|-heal|p2a: Latios|301\/301 brn
|move|p1a: Heatran|Magma Storm|p2a: Latios
|-resisted|p2a: Latios
|-damage|p2a: Latios|232\/301 brn
|-activate|p2a: Latios|move: Magma Storm|[of] p1a: Heatran
|
|-heal|p1a: Heatran|380\/385|[from] item: Leftovers
|-damage|p2a: Latios|195\/301 brn|[from] brn
|-damage|p2a: Latios|158\/301 brn|[from] move: Magma Storm|[partiallytrapped]
|turn|55
|
|move|p2a: Latios|Roost|p2a: Latios
|-heal|p2a: Latios|301\/301 brn
|move|p1a: Heatran|Taunt|p2a: Latios
|-start|p2a: Latios|move: Taunt
|
|-heal|p1a: Heatran|385\/385|[from] item: Leftovers
|-damage|p2a: Latios|264\/301 brn|[from] brn
|-damage|p2a: Latios|227\/301 brn|[from] move: Magma Storm|[partiallytrapped]
|turn|56
|
|move|p1a: Heatran|Protect|p1a: Heatran
|-singleturn|p1a: Heatran|Protect
|move|p2a: Latios|Surf|p1a: Heatran
|-activate|p1a: Heatran|Protect
|
|-damage|p2a: Latios|190\/301 brn|[from] brn
|-damage|p2a: Latios|153\/301 brn|[from] move: Magma Storm|[partiallytrapped]
|turn|57
|
|move|p2a: Latios|Surf|p1a: Heatran
|-supereffective|p1a: Heatran
|-damage|p1a: Heatran|203\/385
|-damage|p2a: Latios|123\/301 brn|[from] item: Life Orb
|move|p1a: Heatran|Magma Storm|p2a: Latios|[miss]
|-miss|p1a: Heatran|p2a: Latios
|
|-heal|p1a: Heatran|227\/385|[from] item: Leftovers
|-damage|p2a: Latios|86\/301 brn|[from] brn
|-damage|p2a: Latios|49\/301 brn|[from] move: Magma Storm|[partiallytrapped]
|turn|58
|
|move|p1a: Heatran|Protect|p1a: Heatran
|-singleturn|p1a: Heatran|Protect
|move|p2a: Latios|Surf|p1a: Heatran
|-activate|p1a: Heatran|Protect
|
|-heal|p1a: Heatran|251\/385|[from] item: Leftovers
|-damage|p2a: Latios|12\/301 brn|[from] brn
|-end|p2a: Latios|Magma Storm|[partiallytrapped]
|-end|p2a: Latios|move: Taunt
|turn|59
|
|move|p2a: Latios|Defog|p1a: Heatran
|-unboost|p1a: Heatran|evasion|1
|-sideend|p1: ZephyrBurst|Stealth Rock|[from] move: Defog|[of] p1a: Heatran
|-sideend|p2: belgrade|Stealth Rock|[from] move: Defog|[of] p2a: Latios
|move|p1a: Heatran|Taunt|p2a: Latios
|-start|p2a: Latios|move: Taunt
|
|-heal|p1a: Heatran|275\/385|[from] item: Leftovers
|-damage|p2a: Latios|0 fnt|[from] brn
|faint|p2a: Latios
|
|switch|p2a: Mienshao|Mienshao, M|271\/271
|turn|60
|
|move|p1a: Heatran|Protect|p1a: Heatran
|-singleturn|p1a: Heatran|Protect
|move|p2a: Mienshao|High Jump Kick|p1a: Heatran
|-activate|p1a: Heatran|Protect
|-damage|p2a: Mienshao|136\/271|[from] highjumpkick
|
|-heal|p1a: Heatran|299\/385|[from] item: Leftovers
|turn|61
|
|switch|p1a: Landorus-Therian|Landorus-Therian, M|287\/382
|-ability|p1a: Landorus-Therian|Intimidate|[of] p2a: Mienshao
|-unboost|p2a: Mienshao|atk|1
|move|p2a: Mienshao|High Jump Kick|p1a: Landorus-Therian
|-resisted|p1a: Landorus-Therian
|-damage|p1a: Landorus-Therian|209\/382
|-damage|p2a: Mienshao|109\/271|[from] item: Life Orb
|
|turn|62
|
|switch|p2a: Gliscor|Gliscor, M|96\/353 tox
|move|p1a: Landorus-Therian|Stealth Rock|p2a: Gliscor
|-sidestart|p2: belgrade|move: Stealth Rock
|
|-heal|p2a: Gliscor|140\/353 tox|[from] ability: Poison Heal
|turn|63
|
|move|p2a: Gliscor|Stealth Rock|p1a: Landorus-Therian
|-sidestart|p1: ZephyrBurst|move: Stealth Rock
|move|p1a: Landorus-Therian|U-turn|p2a: Gliscor
|-resisted|p2a: Gliscor
|-damage|p2a: Gliscor|118\/353 tox
|
|switch|p1a: Kyurem-Black|Kyurem-Black|223\/391
|-damage|p1a: Kyurem-Black|126\/391|[from] Stealth Rock
|-ability|p1a: Kyurem-Black|Teravolt
|
|-heal|p2a: Gliscor|162\/353 tox|[from] ability: Poison Heal
|turn|64
|
|switch|p2a: Scizor|Scizor-Mega, F|233\/343
|-damage|p2a: Scizor|191\/343|[from] Stealth Rock
|move|p1a: Kyurem-Black|Roost|p1a: Kyurem-Black
|-heal|p1a: Kyurem-Black|322\/391
|
|turn|65
|
|switch|p1a: Zapdos|Zapdos|243\/384
|-damage|p1a: Zapdos|147\/384|[from] Stealth Rock
|-ability|p1a: Zapdos|Pressure
|move|p2a: Scizor|Roost|p2a: Scizor
|-heal|p2a: Scizor|343\/343
|
|turn|66
|
|switch|p2a: Tornadus-Therian|Tornadus-Therian, M|321\/321
|-damage|p2a: Tornadus-Therian|241\/321|[from] Stealth Rock
|move|p1a: Zapdos|Roost|p1a: Zapdos
|-heal|p1a: Zapdos|339\/384
|
|turn|67
|
|move|p2a: Tornadus-Therian|Heat Wave|p1a: Zapdos
|-damage|p1a: Zapdos|263\/384
|move|p1a: Zapdos|Thunderbolt|p2a: Tornadus-Therian
|-supereffective|p2a: Tornadus-Therian
|-damage|p2a: Tornadus-Therian|0 fnt
|faint|p2a: Tornadus-Therian
|
|
|switch|p2a: Mienshao|Mienshao, M|199\/271
|-damage|p2a: Mienshao|183\/271|[from] Stealth Rock
|turn|68
|
|switch|p1a: Landorus-Therian|Landorus-Therian, M|209\/382
|-damage|p1a: Landorus-Therian|162\/382|[from] Stealth Rock
|-ability|p1a: Landorus-Therian|Intimidate|[of] p2a: Mienshao
|-unboost|p2a: Mienshao|atk|1
|move|p2a: Mienshao|Fake Out|p1a: Landorus-Therian
|-damage|p1a: Landorus-Therian|130\/382
|-damage|p2a: Mienshao|156\/271|[from] item: Life Orb
|
|turn|69
|
|move|p2a: Mienshao|High Jump Kick|p1a: Landorus-Therian
|-resisted|p1a: Landorus-Therian
|-damage|p1a: Landorus-Therian|49\/382
|-damage|p2a: Mienshao|129\/271|[from] item: Life Orb
|move|p1a: Landorus-Therian|U-turn|p2a: Mienshao
|-resisted|p2a: Mienshao
|-damage|p2a: Mienshao|71\/271
|
|switch|p1a: Sol|Absol-Mega, M|238\/271
|-damage|p1a: Sol|205\/271|[from] Stealth Rock
|
|turn|70
|
|move|p1a: Sol|Knock Off|p2a: Mienshao
|-resisted|p2a: Mienshao
|-damage|p2a: Mienshao|0 fnt
|-enditem|p2a: Mienshao|Life Orb|[from] move: Knock Off|[of] p1a: Sol
|faint|p2a: Mienshao
|
|
|switch|p2a: Scizor|Scizor-Mega, F|343\/343
|-damage|p2a: Scizor|301\/343|[from] Stealth Rock
|turn|71
|
|move|p1a: Sol|Fire Blast|p2a: Scizor
|-supereffective|p2a: Scizor
|-damage|p2a: Scizor|0 fnt
|faint|p2a: Scizor
|
|
|switch|p2a: Gliscor|Gliscor, M|162\/353 tox
|-damage|p2a: Gliscor|118\/353 tox|[from] Stealth Rock
|turn|72
|
|move|p1a: Sol|Knock Off|p2a: Gliscor
|-damage|p2a: Gliscor|39\/353 tox
|move|p2a: Gliscor|Earthquake|p1a: Sol
|-damage|p1a: Sol|42\/271
|
|-heal|p2a: Gliscor|83\/353 tox|[from] ability: Poison Heal
|turn|73
|
|move|p1a: Sol|Sucker Punch|p2a: Gliscor
|-damage|p2a: Gliscor|0 fnt
|faint|p2a: Gliscor
|
|win|ZephyrBurst
|raw|Ladder updating...
|raw|ZephyrBurst's rating: 1659 &rarr; <strong>1678<\/strong><br \/>(+19 for winning)
|raw|belgrade's rating: 1647 &rarr; <strong>1628<\/strong><br \/>(-19 for losing)
|c|âZephyrBurst|gg
|leave|belgrade
|player|p2