|join|belgrade
|join|Kekin Hard
|player|p1|belgrade|214
|player|p2|Kekin Hard|285
|gametype|singles
|gen|6
|tier|OU (suspect test)
|rated
|clearpoke
|poke|p1|Infernape, F
|poke|p1|Bisharp, F
|poke|p1|Thundurus, M
|poke|p1|Dragonite, M
|poke|p1|Keldeo
|poke|p1|Metagross
|poke|p2|Sylveon, F
|poke|p2|Umbreon, F
|poke|p2|Vaporeon, F
|poke|p2|Ferrothorn, M
|poke|p2|Venusaur, F
|poke|p2|Mandibuzz, F
|rule|Swagger Clause: Swagger is banned
|rule|Baton Pass Clause: Limit one PokÃ©mon knowing Baton Pass
|rule|Sleep Clause Mod: Limit one foe put to sleep
|rule|Species Clause: Limit one of each PokÃ©mon
|rule|OHKO Clause: OHKO moves are banned
|rule|Moody Clause: Moody is banned
|rule|Evasion Moves Clause: Evasion moves are banned
|rule|Endless Battle Clause: Forcing endless battles is banned
|rule|HP Percentage Mod: HP is shown in percentages
|teampreview
|c|âKekin Hard|glhf
|
|start
|switch|p1a: Infernape|Infernape, F|293\/293
|switch|p2a: Ferrothorn|Ferrothorn, M|351\/351
|turn|1
|
|switch|p2a: Mandibuzz|Mandibuzz, F|423\/423
|move|p1a: Infernape|Fire Blast|p2a: Mandibuzz
|-damage|p2a: Mandibuzz|239\/423
|
|-heal|p2a: Mandibuzz|265\/423|[from] item: Leftovers
|turn|2
|
|move|p1a: Infernape|Fire Blast|p2a: Mandibuzz
|-damage|p2a: Mandibuzz|88\/423
|move|p2a: Mandibuzz|Roost|p2a: Mandibuzz
|-heal|p2a: Mandibuzz|300\/423
|
|-heal|p2a: Mandibuzz|326\/423|[from] item: Leftovers
|turn|3
|
|move|p1a: Infernape|Stealth Rock|p2a: Mandibuzz
|-sidestart|p2: Kekin Hard|move: Stealth Rock
|move|p2a: Mandibuzz|Roost|p2a: Mandibuzz
|-heal|p2a: Mandibuzz|423\/423
|
|turn|4
|
|move|p1a: Infernape|Fire Blast|p2a: Mandibuzz|[miss]
|-miss|p1a: Infernape|p2a: Mandibuzz
|move|p2a: Mandibuzz|Defog|p1a: Infernape
|-unboost|p1a: Infernape|evasion|1
|-sideend|p2: Kekin Hard|Stealth Rock|[from] move: Defog|[of] p2a: Mandibuzz
|
|turn|5
|
|move|p1a: Infernape|Stealth Rock|p2a: Mandibuzz
|-sidestart|p2: Kekin Hard|move: Stealth Rock
|move|p2a: Mandibuzz|Knock Off|p1a: Infernape
|-resisted|p1a: Infernape
|-damage|p1a: Infernape|238\/293
|-enditem|p1a: Infernape|Focus Sash|[from] move: Knock Off|[of] p2a: Mandibuzz
|
|turn|6
|
|move|p1a: Infernape|Fire Blast|p2a: Mandibuzz
|-damage|p2a: Mandibuzz|251\/423
|move|p2a: Mandibuzz|Defog|p1a: Infernape
|-unboost|p1a: Infernape|evasion|1
|-sideend|p2: Kekin Hard|Stealth Rock|[from] move: Defog|[of] p2a: Mandibuzz
|
|-heal|p2a: Mandibuzz|277\/423|[from] item: Leftovers
|turn|7
|
|move|p1a: Infernape|Stealth Rock|p2a: Mandibuzz
|-sidestart|p2: Kekin Hard|move: Stealth Rock
|move|p2a: Mandibuzz|Roost|p2a: Mandibuzz
|-heal|p2a: Mandibuzz|423\/423
|
|turn|8
|join|napty
|
|move|p1a: Infernape|Fire Blast|p2a: Mandibuzz|[miss]
|-miss|p1a: Infernape|p2a: Mandibuzz
|move|p2a: Mandibuzz|Defog|p1a: Infernape
|-unboost|p1a: Infernape|evasion|1
|-sideend|p2: Kekin Hard|Stealth Rock|[from] move: Defog|[of] p2a: Mandibuzz
|
|turn|9
|
|move|p1a: Infernape|Stealth Rock|p2a: Mandibuzz
|-sidestart|p2: Kekin Hard|move: Stealth Rock
|move|p2a: Mandibuzz|Knock Off|p1a: Infernape
|-crit|p1a: Infernape
|-resisted|p1a: Infernape
|-damage|p1a: Infernape|181\/293
|
|turn|10
|
|move|p1a: Infernape|Fire Blast|p2a: Mandibuzz
|-damage|p2a: Mandibuzz|239\/423
|move|p2a: Mandibuzz|Knock Off|p1a: Infernape
|-resisted|p1a: Infernape
|-damage|p1a: Infernape|142\/293
|
|-heal|p2a: Mandibuzz|265\/423|[from] item: Leftovers
|turn|11
|
|move|p1a: Infernape|Fire Blast|p2a: Mandibuzz|[miss]
|-miss|p1a: Infernape|p2a: Mandibuzz
|move|p2a: Mandibuzz|Roost|p2a: Mandibuzz
|-heal|p2a: Mandibuzz|423\/423
|
|turn|12
|
|move|p1a: Infernape|Fire Blast|p2a: Mandibuzz
|-damage|p2a: Mandibuzz|246\/423
|move|p2a: Mandibuzz|Knock Off|p1a: Infernape
|-resisted|p1a: Infernape
|-damage|p1a: Infernape|101\/293
|
|-heal|p2a: Mandibuzz|272\/423|[from] item: Leftovers
|turn|13
|
|move|p1a: Infernape|Endeavor|p2a: Mandibuzz
|-damage|p2a: Mandibuzz|101\/423
|move|p2a: Mandibuzz|Roost|p2a: Mandibuzz
|-heal|p2a: Mandibuzz|313\/423
|
|-heal|p2a: Mandibuzz|339\/423|[from] item: Leftovers
|turn|14
|
|switch|p2a: Vaporeon|Vaporeon, F|463\/463
|-damage|p2a: Vaporeon|406\/463|[from] Stealth Rock
|move|p1a: Infernape|Endeavor|p2a: Vaporeon
|-damage|p2a: Vaporeon|101\/463
|
|-heal|p2a: Vaporeon|129\/463|[from] item: Leftovers
|turn|15
|
|switch|p1a: Thundurus|Thundurus, M|299\/299
|move|p2a: Vaporeon|Protect|p2a: Vaporeon
|-fail|p2a: Vaporeon
|
|-heal|p2a: Vaporeon|157\/463|[from] item: Leftovers
|turn|16
|
|switch|p2a: Venusaur|Venusaur, F|363\/363
|-damage|p2a: Venusaur|318\/363|[from] Stealth Rock
|move|p1a: Thundurus|Thunder Wave|p2a: Venusaur
|-status|p2a: Venusaur|par
|
|turn|17
|
|switch|p1a: Infernape|Infernape, F|101\/293
|detailschange|p2a: Venusaur|Venusaur-Mega, F
|-mega|p2a: Venusaur|Venusaur|Venusaurite
|move|p2a: Venusaur|Leech Seed|p1a: Infernape
|-start|p1a: Infernape|move: Leech Seed
|
|-damage|p1a: Infernape|65\/293|[from] Leech Seed|[of] p2a: Venusaur
|-heal|p2a: Venusaur|354\/363 par|[silent]
|turn|18
|
|switch|p2a: Vaporeon|Vaporeon, F|157\/463
|-damage|p2a: Vaporeon|100\/463|[from] Stealth Rock
|move|p1a: Infernape|Endeavor|p2a: Vaporeon
|-damage|p2a: Vaporeon|65\/463
|
|-heal|p2a: Vaporeon|93\/463|[from] item: Leftovers
|-damage|p1a: Infernape|29\/293|[from] Leech Seed|[of] p2a: Vaporeon
|-heal|p2a: Vaporeon|129\/463|[silent]
|turn|19
|leave|napty
|
|switch|p1a: Thundurus|Thundurus, M|299\/299
|move|p2a: Vaporeon|Toxic|p1a: Thundurus|[miss]
|-miss|p2a: Vaporeon|p1a: Thundurus
|
|-heal|p2a: Vaporeon|157\/463|[from] item: Leftovers
|turn|20
|
|switch|p2a: Venusaur|Venusaur-Mega, F|354\/363 par
|-damage|p2a: Venusaur|309\/363 par|[from] Stealth Rock
|move|p1a: Thundurus|Thunderbolt|p2a: Venusaur
|-resisted|p2a: Venusaur
|-damage|p2a: Venusaur|223\/363 par
|-damage|p1a: Thundurus|270\/299|[from] item: Life Orb
|
|turn|21
|
|switch|p1a: Metagross|Metagross|301\/301
|move|p2a: Venusaur|Leech Seed|p1a: Metagross
|-start|p1a: Metagross|move: Leech Seed
|
|-damage|p1a: Metagross|264\/301|[from] Leech Seed|[of] p2a: Venusaur
|-heal|p2a: Venusaur|260\/363 par|[silent]
|turn|22
|
|switch|p1a: Thundurus|Thundurus, M|270\/299
|move|p2a: Venusaur|Hidden Power|p1a: Thundurus
|-damage|p1a: Thundurus|198\/299
|
|turn|23
|
|move|p1a: Thundurus|Thunderbolt|p2a: Venusaur
|-resisted|p2a: Venusaur
|-damage|p2a: Venusaur|168\/363 par
|-damage|p1a: Thundurus|169\/299|[from] item: Life Orb
|move|p2a: Venusaur|Leech Seed|p1a: Thundurus
|-start|p1a: Thundurus|move: Leech Seed
|
|-damage|p1a: Thundurus|132\/299|[from] Leech Seed|[of] p2a: Venusaur
|-heal|p2a: Venusaur|205\/363 par|[silent]
|turn|24
|
|switch|p1a: Infernape|Infernape, F|29\/293
|move|p2a: Venusaur|Giga Drain|p1a: Infernape
|-resisted|p1a: Infernape
|-damage|p1a: Infernape|0 fnt
|-heal|p2a: Venusaur|220\/363 par|[from] drain|[of] p1a: Infernape
|faint|p1a: Infernape
|
|
|switch|p1a: Metagross|Metagross|264\/301
|turn|25
|
|detailschange|p1a: Metagross|Metagross-Mega
|-mega|p1a: Metagross|Metagross|Metagrossite
|move|p1a: Metagross|Meteor Mash|p2a: Venusaur
|-damage|p2a: Venusaur|67\/363 par
|move|p2a: Venusaur|Leech Seed|p1a: Metagross
|-start|p1a: Metagross|move: Leech Seed
|
|-damage|p1a: Metagross|227\/301|[from] Leech Seed|[of] p2a: Venusaur
|-heal|p2a: Venusaur|104\/363 par|[silent]
|turn|26
|
|switch|p2a: Ferrothorn|Ferrothorn, M|351\/351
|-damage|p2a: Ferrothorn|330\/351|[from] Stealth Rock
|move|p1a: Metagross|Meteor Mash|p2a: Ferrothorn
|-resisted|p2a: Ferrothorn
|-damage|p2a: Ferrothorn|256\/351
|-damage|p1a: Metagross|190\/301|[from] ability: Iron Barbs|[of] p2a: Ferrothorn
|
|-heal|p2a: Ferrothorn|277\/351|[from] item: Leftovers
|-damage|p1a: Metagross|153\/301|[from] Leech Seed|[of] p2a: Ferrothorn
|-heal|p2a: Ferrothorn|314\/351|[silent]
|turn|27
|
|switch|p1a: Keldeo|Keldeo|323\/323
|switch|p2a: Mandibuzz|Mandibuzz, F|339\/423
|-damage|p2a: Mandibuzz|234\/423|[from] Stealth Rock
|
|-heal|p2a: Mandibuzz|260\/423|[from] item: Leftovers
|turn|28
|
|switch|p1a: Thundurus|Thundurus, M|132\/299
|move|p2a: Mandibuzz|Defog|p1a: Thundurus
|-unboost|p1a: Thundurus|evasion|1
|-sideend|p2: Kekin Hard|Stealth Rock|[from] move: Defog|[of] p2a: Mandibuzz
|
|-heal|p2a: Mandibuzz|286\/423|[from] item: Leftovers
|turn|29
|
|switch|p2a: Vaporeon|Vaporeon, F|157\/463
|move|p1a: Thundurus|Thunderbolt|p2a: Vaporeon
|-supereffective|p2a: Vaporeon
|-damage|p2a: Vaporeon|0 fnt
|-damage|p1a: Thundurus|103\/299|[from] item: Life Orb
|faint|p2a: Vaporeon
|
|
|switch|p2a: Sylveon|Sylveon, F|393\/393
|turn|30
|
|switch|p1a: Bisharp|Bisharp, F|310\/310
|move|p2a: Sylveon|Hyper Voice|p1a: Bisharp
|-damage|p1a: Bisharp|108\/310
|
|turn|31
|
|switch|p2a: Venusaur|Venusaur-Mega, F|104\/363 par
|move|p1a: Bisharp|Knock Off|p2a: Venusaur
|-damage|p2a: Venusaur|9\/363 par
|-damage|p1a: Bisharp|77\/310|[from] item: Life Orb
|
|turn|32
|
|move|p1a: Bisharp|Knock Off|p2a: Venusaur
|-damage|p2a: Venusaur|0 fnt
|-damage|p1a: Bisharp|46\/310|[from] item: Life Orb
|faint|p2a: Venusaur
|
|
|switch|p2a: Ferrothorn|Ferrothorn, M|314\/351
|turn|33
|
|move|p1a: Bisharp|Knock Off|p2a: Ferrothorn
|-damage|p2a: Ferrothorn|181\/351
|-damage|p1a: Bisharp|8\/310|[from] ability: Iron Barbs|[of] p2a: Ferrothorn
|-enditem|p2a: Ferrothorn|Leftovers|[from] move: Knock Off|[of] p1a: Bisharp
|-damage|p1a: Bisharp|0 fnt|[from] item: Life Orb
|faint|p1a: Bisharp
|move|p2a: Ferrothorn|Stealth Rock|p1: Bisharp
|-sidestart|p1: belgrade|move: Stealth Rock
|
|
|switch|p1a: Thundurus|Thundurus, M|103\/299
|-damage|p1a: Thundurus|29\/299|[from] Stealth Rock
|turn|34
|
|move|p1a: Thundurus|Superpower|p2a: Ferrothorn
|-crit|p2a: Ferrothorn
|-supereffective|p2a: Ferrothorn
|-damage|p2a: Ferrothorn|0 fnt
|-damage|p1a: Thundurus|0 fnt|[from] ability: Iron Barbs|[of] p2a: Ferrothorn
|faint|p1a: Thundurus
|faint|p2a: Ferrothorn
|
|
|switch|p1a: Metagross|Metagross-Mega|153\/301
|switch|p2a: Umbreon|Umbreon, F|393\/393
|-damage|p1a: Metagross|135\/301|[from] Stealth Rock
|turn|35
|
|move|p1a: Metagross|Hammer Arm|p2a: Umbreon
|-supereffective|p2a: Umbreon
|-damage|p2a: Umbreon|63\/393
|-unboost|p1a: Metagross|spe|1
|move|p2a: Umbreon|Foul Play|p1a: Metagross
|-supereffective|p1a: Metagross
|-damage|p1a: Metagross|0 fnt
|faint|p1a: Metagross
|
|-heal|p2a: Umbreon|87\/393|[from] item: Leftovers
|
|switch|p1a: Keldeo|Keldeo|323\/323
|-damage|p1a: Keldeo|303\/323|[from] Stealth Rock
|turn|36
|-message|belgrade forfeited.
|leave|belgrade
|
|win|Kekin Hard
|raw|Ladder updating...
|player|p1