|join|belgrade
|join|DeathJoke
|player|p1|belgrade|214
|player|p2|DeathJoke|265
|gametype|singles
|gen|6
|tier|OU (suspect test)
|rated
|clearpoke
|poke|p1|Ferrothorn, F
|poke|p1|Tyranitar, M
|poke|p1|Landorus, M
|poke|p1|Excadrill, M
|poke|p1|Azumarill, F
|poke|p1|Lopunny, F
|poke|p2|Gallade, M
|poke|p2|Infernape, F
|poke|p2|Weavile, F
|poke|p2|Golduck, M
|poke|p2|Swellow, M
|poke|p2|Cacturne, M
|rule|Swagger Clause: Swagger is banned
|rule|Baton Pass Clause: Limit one PokÃ©mon knowing Baton Pass
|rule|Sleep Clause Mod: Limit one foe put to sleep
|rule|Species Clause: Limit one of each PokÃ©mon
|rule|OHKO Clause: OHKO moves are banned
|rule|Moody Clause: Moody is banned
|rule|Evasion Moves Clause: Evasion moves are banned
|rule|Endless Battle Clause: Forcing endless battles is banned
|rule|HP Percentage Mod: HP is shown in percentages
|teampreview
|
|start
|switch|p1a: Tyranitar|Tyranitar, M|403\/403
|switch|p2a: Michellangelo|Golduck, M|363\/363
|-ability|p2a: Michellangelo|Cloud Nine
|-weather|Sandstorm
|turn|1
|
|move|p2a: Michellangelo|Cross Chop|p1a: Tyranitar
|-crit|p1a: Tyranitar
|-supereffective|p1a: Tyranitar
|-damage|p1a: Tyranitar|43\/403
|move|p1a: Tyranitar|Stealth Rock|p2a: Michellangelo
|-sidestart|p2: DeathJoke|move: Stealth Rock
|
|-weather|Sandstorm|[upkeep]
|turn|2
|
|switch|p1a: Azumarill|Azumarill, F|401\/401
|move|p2a: Michellangelo|Scald|p1a: Azumarill
|-resisted|p1a: Azumarill
|-damage|p1a: Azumarill|350\/401
|-status|p1a: Azumarill|brn
|
|-weather|Sandstorm|[upkeep]
|-damage|p1a: Azumarill|300\/401 brn|[from] brn
|turn|3
|
|move|p2a: Michellangelo|Psychic|p1a: Azumarill
|-damage|p1a: Azumarill|225\/401 brn
|move|p1a: Azumarill|Play Rough|p2a: Michellangelo
|-damage|p2a: Michellangelo|227\/363
|
|-weather|Sandstorm|[upkeep]
|-heal|p2a: Michellangelo|249\/363|[from] item: Leftovers
|-damage|p1a: Azumarill|175\/401 brn|[from] brn
|turn|4
|
|move|p2a: Michellangelo|Psychic|p1a: Azumarill
|-crit|p1a: Azumarill
|-damage|p1a: Azumarill|56\/401 brn
|move|p1a: Azumarill|Play Rough|p2a: Michellangelo
|-damage|p2a: Michellangelo|107\/363
|
|-weather|Sandstorm|[upkeep]
|-heal|p2a: Michellangelo|129\/363|[from] item: Leftovers
|-damage|p1a: Azumarill|6\/401 brn|[from] brn
|turn|5
|
|move|p1a: Azumarill|Aqua Jet|p2a: Michellangelo
|-resisted|p2a: Michellangelo
|-damage|p2a: Michellangelo|98\/363
|move|p2a: Michellangelo|Scald|p1a: Azumarill
|-resisted|p1a: Azumarill
|-damage|p1a: Azumarill|0 fnt
|faint|p1a: Azumarill
|
|-weather|Sandstorm|[upkeep]
|-heal|p2a: Michellangelo|120\/363|[from] item: Leftovers
|
|switch|p1a: Lopunny|Lopunny, F|272\/272
|turn|6
|
|detailschange|p1a: Lopunny|Lopunny-Mega, F
|-mega|p1a: Lopunny|Lopunny|Lopunnite
|move|p1a: Lopunny|Fake Out|p2a: Michellangelo
|-damage|p2a: Michellangelo|26\/363
|cant|p2a: Michellangelo|flinch
|
|-weather|Sandstorm|[upkeep]
|-heal|p2a: Michellangelo|48\/363|[from] item: Leftovers
|turn|7
|
|move|p1a: Lopunny|Return|p2a: Michellangelo
|-damage|p2a: Michellangelo|0 fnt
|faint|p2a: Michellangelo
|
|-weather|Sandstorm|[upkeep]
|
|switch|p2a: Link|Gallade, M|339\/339
|-damage|p2a: Link|318\/339|[from] Stealth Rock
|turn|8
|
|switch|p1a: Ferrothorn|Ferrothorn, F|352\/352
|detailschange|p2a: Link|Gallade-Mega, M
|-mega|p2a: Link|Gallade|Galladite
|move|p2a: Link|Drain Punch|p1a: Ferrothorn
|-supereffective|p1a: Ferrothorn
|-damage|p1a: Ferrothorn|116\/352
|-heal|p2a: Link|339\/339|[from] drain|[of] p1a: Ferrothorn
|-damage|p2a: Link|297\/339|[from] ability: Iron Barbs|[of] p1a: Ferrothorn
|
|-weather|none
|-heal|p1a: Ferrothorn|138\/352|[from] item: Leftovers
|turn|9
|
|move|p2a: Link|Drain Punch|p1a: Ferrothorn
|-supereffective|p1a: Ferrothorn
|-damage|p1a: Ferrothorn|0 fnt
|-heal|p2a: Link|339\/339|[from] drain|[of] p1a: Ferrothorn
|-damage|p2a: Link|297\/339|[from] ability: Iron Barbs|[of] p1a: Ferrothorn
|faint|p1a: Ferrothorn
|
|
|switch|p1a: Lopunny|Lopunny-Mega, F|272\/272
|turn|10
|
|move|p1a: Lopunny|Fake Out|p2a: Link
|-damage|p2a: Link|221\/339
|move|p2a: Link|Drain Punch|p1a: Lopunny
|-supereffective|p1a: Lopunny
|-damage|p1a: Lopunny|0 fnt
|-heal|p2a: Link|339\/339|[from] drain|[of] p1a: Lopunny
|faint|p1a: Lopunny
|
|-message|belgrade forfeited.
|leave|belgrade
|
|win|DeathJoke
|raw|Ladder updating...
|player|p1
|raw|belgrade's rating: 1000 &rarr; <strong>1000<\/strong><br \/>(+0 for losing)
|raw|DeathJoke's rating: 1000 &rarr; <strong>1040<\/strong><br \/>(+40 for winning)