|join|TAKAeWARRIOU
|join|pipas13
|player|p1|TAKAeWARRIOU|124
|player|p2|pipas13|1
|gametype|singles
|gen|6
|tier|UU
|rated
|rule|Sleep Clause Mod: Limit one foe put to sleep
|rule|Species Clause: Limit one of each PokÃ©mon
|rule|OHKO Clause: OHKO moves are banned
|rule|Moody Clause: Moody is banned
|rule|Evasion Moves Clause: Evasion moves are banned
|rule|Endless Battle Clause: Forcing endless battles is banned
|rule|HP Percentage Mod: HP is reported as percentages
|clearpoke
|poke|p1|Scrafty, M, shiny
|poke|p1|Florges, F, shiny
|poke|p1|Weezing, M
|poke|p1|Blastoise, M
|poke|p1|Hydreigon, M, shiny
|poke|p1|Machamp, M
|poke|p2|Snorlax, M
|poke|p2|Infernape, M
|poke|p2|Tentacruel, M
|poke|p2|Krookodile, M
|poke|p2|Roserade, F
|poke|p2|Aerodactyl, M
|rule|Swagger Clause: Swagger is banned
|rule|Baton Pass Clause: Limit three PokÃ©mon knowing Baton Pass
|teampreview
|
|start
|switch|p1a: Weezing|Weezing, M|334\/334
|switch|p2a: Infernape|Infernape, M|293\/293
|turn|1
|
|move|p2a: Infernape|U-turn|p1a: Weezing
|-resisted|p1a: Weezing
|-damage|p1a: Weezing|302\/334
|
|switch|p2a: Roserade|Roserade, F|269\/269
|move|p1a: Weezing|Sludge Bomb|p2a: Roserade
|-damage|p2a: Roserade|173\/269
|
|-heal|p1a: Weezing|322\/334|[from] item: Black Sludge
|turn|2
|
|move|p2a: Roserade|Spikes|p1a: Weezing
|-sidestart|p1: TAKAeWARRIOU|Spikes
|move|p1a: Weezing|Fire Blast|p2a: Roserade
|-supereffective|p2a: Roserade
|-damage|p2a: Roserade|23\/269
|-status|p2a: Roserade|brn
|
|-heal|p1a: Weezing|334\/334|[from] item: Black Sludge
|-damage|p2a: Roserade|0 fnt|[from] brn
|faint|p2a: Roserade
|
|switch|p2a: Tentacruel|Tentacruel, M|363\/363
|turn|3
|
|move|p2a: Tentacruel|Scald|p1a: Weezing
|-damage|p1a: Weezing|238\/334
|move|p1a: Weezing|Will-O-Wisp|p2a: Tentacruel|[miss]
|-miss|p1a: Weezing|p2a: Tentacruel
|
|-heal|p1a: Weezing|258\/334|[from] item: Black Sludge
|turn|4
|
|move|p2a: Tentacruel|Scald|p1a: Weezing
|-damage|p1a: Weezing|155\/334
|move|p1a: Weezing|Thunderbolt|p2a: Tentacruel
|-supereffective|p2a: Tentacruel
|-damage|p2a: Tentacruel|263\/363
|
|-heal|p2a: Tentacruel|285\/363|[from] item: Black Sludge
|-heal|p1a: Weezing|175\/334|[from] item: Black Sludge
|turn|5
|
|move|p2a: Tentacruel|Scald|p1a: Weezing
|-damage|p1a: Weezing|76\/334
|move|p1a: Weezing|Thunderbolt|p2a: Tentacruel
|-supereffective|p2a: Tentacruel
|-damage|p2a: Tentacruel|179\/363
|-status|p2a: Tentacruel|par
|
|-heal|p1a: Weezing|96\/334|[from] item: Black Sludge
|-heal|p2a: Tentacruel|201\/363 par|[from] item: Black Sludge
|turn|6
|
|switch|p1a: Florges|Florges, F, shiny|360\/360
|-damage|p1a: Florges|315\/360|[from] Spikes
|move|p2a: Tentacruel|Scald|p1a: Florges
|-crit|p1a: Florges
|-damage|p1a: Florges|257\/360
|
|-heal|p1a: Florges|279\/360|[from] item: Leftovers
|-heal|p2a: Tentacruel|223\/363 par|[from] item: Black Sludge
|turn|7
|
|move|p1a: Florges|Moonblast|p2a: Tentacruel
|-resisted|p2a: Tentacruel
|-damage|p2a: Tentacruel|167\/363 par
|move|p2a: Tentacruel|Sludge Bomb|p1a: Florges
|-supereffective|p1a: Florges
|-damage|p1a: Florges|189\/360
|
|-heal|p1a: Florges|211\/360|[from] item: Leftovers
|-heal|p2a: Tentacruel|189\/363 par|[from] item: Black Sludge
|turn|8
|
|switch|p1a: Machamp|Machamp, M|384\/384
|-damage|p1a: Machamp|336\/384|[from] Spikes
|switch|p2a: Snorlax|Snorlax, M|461\/461
|
|turn|9
|
|switch|p2a: Tentacruel|Tentacruel, M|189\/363 par
|move|p1a: Machamp|Close Combat|p2a: Tentacruel
|-resisted|p2a: Tentacruel
|-damage|p2a: Tentacruel|79\/363 par
|-unboost|p1a: Machamp|def|1
|-unboost|p1a: Machamp|spd|1
|
|-heal|p2a: Tentacruel|101\/363 par|[from] item: Black Sludge
|turn|10
|
|move|p1a: Machamp|Earthquake|p2a: Tentacruel
|-supereffective|p2a: Tentacruel
|-damage|p2a: Tentacruel|0 fnt
|faint|p2a: Tentacruel
|
|
|switch|p2a: Infernape|Infernape, M|293\/293
|turn|11
|
|move|p2a: Infernape|Close Combat|p1a: Machamp
|-damage|p1a: Machamp|0 fnt
|-unboost|p2a: Infernape|def|1
|-unboost|p2a: Infernape|spd|1
|faint|p1a: Machamp
|
|
|switch|p1a: Blastoise|Blastoise, M|362\/362
|-damage|p1a: Blastoise|317\/362|[from] Spikes
|turn|12
|
|switch|p2a: Snorlax|Snorlax, M|461\/461
|detailschange|p1a: Blastoise|Blastoise-Mega, M
|message|Blastoise has Mega Evolved into Mega Blastoise!
|move|p1a: Blastoise|Water Pulse|p2a: Snorlax
|-damage|p2a: Snorlax|371\/461
|
|turn|13
|
|switch|p1a: Scrafty|Scrafty, M, shiny|271\/271
|-damage|p1a: Scrafty|238\/271|[from] Spikes
|move|p2a: Snorlax|Return|p1a: Scrafty
|-damage|p1a: Scrafty|90\/271
|-enditem|p1a: Scrafty|Sitrus Berry|[eat]
|-heal|p1a: Scrafty|157\/271|[from] item: Sitrus Berry
|
|turn|14
|
|move|p1a: Scrafty|Drain Punch|p2a: Snorlax
|-supereffective|p2a: Snorlax
|-damage|p2a: Snorlax|57\/461
|-heal|p1a: Scrafty|271\/271|[from] drain|[of] p2a: Snorlax
|move|p2a: Snorlax|Return|p1a: Scrafty
|-damage|p1a: Scrafty|127\/271
|
|turn|15
|
|move|p1a: Scrafty|Drain Punch|p2a: Snorlax
|-crit|p2a: Snorlax
|-supereffective|p2a: Snorlax
|-damage|p2a: Snorlax|0 fnt
|-heal|p1a: Scrafty|156\/271|[from] drain|[of] p2a: Snorlax
|faint|p2a: Snorlax
|-boost|p1a: Scrafty|atk|1|[from] ability: Moxie
|
|
|switch|p2a: Infernape|Infernape, M|293\/293
|turn|16
|
|move|p2a: Infernape|Close Combat|p1a: Scrafty
|-supereffective|p1a: Scrafty
|-damage|p1a: Scrafty|0 fnt
|-unboost|p2a: Infernape|def|1
|-unboost|p2a: Infernape|spd|1
|faint|p1a: Scrafty
|
|
|switch|p1a: Hydreigon|Hydreigon, M, shiny|325\/325
|turn|17
|
|switch|p2a: Aerodactyl|Aerodactyl, M|301\/301
|-ability|p2a: Aerodactyl|Pressure
|move|p1a: Hydreigon|Earth Power|p2a: Aerodactyl
|-immune|p2a: Aerodactyl|[msg]
|
|turn|18
|
|detailschange|p2a: Aerodactyl|Aerodactyl-Mega, M
|message|Aerodactyl has Mega Evolved into Mega Aerodactyl!
|move|p2a: Aerodactyl|Stone Edge|p1a: Hydreigon
|-crit|p1a: Hydreigon
|-damage|p1a: Hydreigon|0 fnt
|faint|p1a: Hydreigon
|
|
|switch|p1a: Blastoise|Blastoise-Mega, M|317\/362
|-damage|p1a: Blastoise|272\/362|[from] Spikes
|turn|19
|
|move|p2a: Aerodactyl|Stone Edge|p1a: Blastoise
|-damage|p1a: Blastoise|88\/362
|move|p1a: Blastoise|Water Pulse|p2a: Aerodactyl
|-supereffective|p2a: Aerodactyl
|-damage|p2a: Aerodactyl|0 fnt
|faint|p2a: Aerodactyl
|
|
|switch|p2a: Infernape|Infernape, M|293\/293
|turn|20
|
|move|p2a: Infernape|Flare Blitz|p1a: Blastoise
|-resisted|p1a: Blastoise
|-damage|p1a: Blastoise|0 fnt
|-damage|p2a: Infernape|264\/293|[from] recoil|[of] p1a: Blastoise
|faint|p1a: Blastoise
|
|
|switch|p1a: Weezing|Weezing, M|96\/334
|turn|21
|
|move|p2a: Infernape|Flare Blitz|p1a: Weezing
|-damage|p1a: Weezing|0 fnt
|-damage|p2a: Infernape|232\/293|[from] recoil|[of] p1a: Weezing
|faint|p1a: Weezing
|
|
|switch|p1a: Florges|Florges, F, shiny|211\/360
|-damage|p1a: Florges|166\/360|[from] Spikes
|turn|22
|
|move|p2a: Infernape|Flare Blitz|p1a: Florges
|-damage|p1a: Florges|0 fnt
|-damage|p2a: Infernape|177\/293|[from] recoil|[of] p1a: Florges
|faint|p1a: Florges
|
|win|pipas13
|raw|Ladder updating...
|raw|TAKAeWARRIOU's rating: 1150 &rarr; <strong>1123<\/strong><br \/>(-27 for losing)
|raw|pipas13's rating: 1124 &rarr; <strong>1150<\/strong><br \/>(+26 for winning)
|chat|pipas13|gg
|chat|TAKAeWARRIOU|gg