|join|Razfinger1605
|join|pipas13
|player|p1|Razfinger1605|278
|player|p2|pipas13|193
|gametype|singles
|gen|6
|tier|UU
|rated
|rule|Sleep Clause Mod: Limit one foe put to sleep
|rule|Species Clause: Limit one of each PokÃ©mon
|rule|OHKO Clause: OHKO moves are banned
|rule|Moody Clause: Moody is banned
|rule|Evasion Moves Clause: Evasion moves are banned
|rule|Endless Battle Clause: Forcing endless battles is banned
|rule|HP Percentage Mod: HP is shown in percentages
|clearpoke
|poke|p1|Darmanitan, M
|poke|p1|Suicune
|poke|p1|Whimsicott, M
|poke|p1|Aggron, M
|poke|p1|Dragalge, F
|poke|p1|Starmie
|poke|p2|Jirachi
|poke|p2|Pidgeot, F
|poke|p2|Snorlax, F
|poke|p2|Mienshao, F
|poke|p2|Krookodile, F
|poke|p2|Starmie
|rule|Swagger Clause: Swagger is banned
|rule|Baton Pass Clause: Limit one PokÃ©mon knowing Baton Pass
|teampreview
|
|start
|switch|p1a: Gajeel|Aggron, M|344\/344
|switch|p2a: Krookodile|Krookodile, F|331\/331
|-ability|p2a: Krookodile|Intimidate|[of] p1a: Gajeel
|-unboost|p1a: Gajeel|atk|1
|turn|1
|
|detailschange|p1a: Gajeel|Aggron-Mega, M
|-mega|p1a: Gajeel|Aggron|Aggronite
|move|p2a: Krookodile|Stealth Rock|p1a: Gajeel
|-sidestart|p1: Razfinger1605|move: Stealth Rock
|move|p1a: Gajeel|Stealth Rock|p2a: Krookodile
|-sidestart|p2: pipas13|move: Stealth Rock
|
|turn|2
|
|switch|p1a: Melody|Whimsicott, M|323\/323
|-damage|p1a: Melody|283\/323|[from] Stealth Rock
|move|p2a: Krookodile|Earthquake|p1a: Melody
|-resisted|p1a: Melody
|-damage|p1a: Melody|191\/323
|
|turn|3
|
|switch|p2a: Jirachi|Jirachi|404\/404
|-damage|p2a: Jirachi|379\/404|[from] Stealth Rock
|move|p1a: Melody|Leech Seed|p2a: Jirachi|[miss]
|-miss|p1a: Melody|p2a: Jirachi
|
|-heal|p2a: Jirachi|404\/404|[from] item: Leftovers
|turn|4
|
|move|p1a: Melody|Leech Seed|p2a: Jirachi
|-start|p2a: Jirachi|move: Leech Seed
|move|p2a: Jirachi|Iron Head|p1a: Melody
|-supereffective|p1a: Melody
|-damage|p1a: Melody|0 fnt
|faint|p1a: Melody
|
|
|switch|p1a: Joe Young|Darmanitan, M|352\/352
|-damage|p1a: Joe Young|264\/352|[from] Stealth Rock
|turn|5
|
|switch|p2a: Starmie|Starmie|323\/323
|-damage|p2a: Starmie|283\/323|[from] Stealth Rock
|move|p1a: Joe Young|U-turn|p2a: Starmie
|-supereffective|p2a: Starmie
|-damage|p2a: Starmie|61\/323
|
|switch|p1a: Sky|Starmie|261\/261
|-damage|p1a: Sky|229\/261|[from] Stealth Rock
|
|-heal|p2a: Starmie|81\/323|[from] item: Leftovers
|turn|6
|
|move|p1a: Sky|Rapid Spin|p2a: Starmie
|-damage|p2a: Starmie|63\/323
|-sideend|p1: Razfinger1605|Stealth Rock|[from] move: Rapid Spin|[of] p1a: Sky
|-damage|p1a: Sky|203\/261|[from] item: Life Orb
|move|p2a: Starmie|Rapid Spin|p1a: Sky
|-damage|p1a: Sky|190\/261
|-sideend|p2: pipas13|Stealth Rock|[from] move: Rapid Spin|[of] p2a: Starmie
|
|-heal|p2a: Starmie|83\/323|[from] item: Leftovers
|turn|7
|
|move|p1a: Sky|Dazzling Gleam|p2a: Starmie
|-damage|p2a: Starmie|0 fnt
|-damage|p1a: Sky|164\/261|[from] item: Life Orb
|faint|p2a: Starmie
|
|
|switch|p2a: Mienshao|Mienshao, F|271\/271
|turn|8
|
|switch|p1a: Gajeel|Aggron-Mega, M|344\/344
|move|p2a: Mienshao|U-turn|p1a: Gajeel
|-resisted|p1a: Gajeel
|-damage|p1a: Gajeel|325\/344
|
|switch|p2a: Pidgeot|Pidgeot, F|307\/307
|
|turn|9
|
|detailschange|p2a: Pidgeot|Pidgeot-Mega, F
|-mega|p2a: Pidgeot|Pidgeot|Pidgeotite
|move|p2a: Pidgeot|Heat Wave|p1a: Gajeel
|-supereffective|p1a: Gajeel
|-damage|p1a: Gajeel|181\/344
|move|p1a: Gajeel|Stealth Rock|p2a: Pidgeot
|-sidestart|p2: pipas13|move: Stealth Rock
|
|turn|10
|
|move|p2a: Pidgeot|Heat Wave|p1a: Gajeel
|-supereffective|p1a: Gajeel
|-damage|p1a: Gajeel|46\/344
|move|p1a: Gajeel|Heavy Slam|p2a: Pidgeot
|-damage|p2a: Pidgeot|90\/307
|
|turn|11
|
|move|p2a: Pidgeot|Hurricane|p1a: Gajeel
|-resisted|p1a: Gajeel
|-damage|p1a: Gajeel|0 fnt
|faint|p1a: Gajeel
|
|
|switch|p1a: Kelp|Dragalge, F|333\/333
|turn|12
|
|move|p2a: Pidgeot|Hurricane|p1a: Kelp
|-damage|p1a: Kelp|171\/333
|move|p1a: Kelp|Dragon Pulse|p2a: Pidgeot
|-damage|p2a: Pidgeot|0 fnt
|faint|p2a: Pidgeot
|
|
|switch|p2a: Krookodile|Krookodile, F|331\/331
|-damage|p2a: Krookodile|311\/331|[from] Stealth Rock
|-ability|p2a: Krookodile|Intimidate|[of] p1a: Kelp
|-unboost|p1a: Kelp|atk|1
|turn|13
|
|move|p2a: Krookodile|Knock Off|p1a: Kelp
|-damage|p1a: Kelp|0 fnt
|-enditem|p1a: Kelp|Choice Specs|[from] move: Knock Off|[of] p2a: Krookodile
|faint|p1a: Kelp
|
|
|switch|p1a: Joe Young|Darmanitan, M|264\/352
|turn|14
|
|switch|p2a: Jirachi|Jirachi|404\/404
|-damage|p2a: Jirachi|379\/404|[from] Stealth Rock
|move|p1a: Joe Young|Superpower|p2a: Jirachi
|-damage|p2a: Jirachi|215\/404
|-unboost|p1a: Joe Young|atk|1
|-unboost|p1a: Joe Young|def|1
|
|-heal|p2a: Jirachi|240\/404|[from] item: Leftovers
|turn|15
|
|switch|p1a: Juvia|Suicune|342\/342
|-ability|p1a: Juvia|Pressure
|switch|p2a: Snorlax|Snorlax, F|513\/513
|-damage|p2a: Snorlax|449\/513|[from] Stealth Rock
|
|-heal|p2a: Snorlax|481\/513|[from] item: Leftovers
|turn|16
|
|move|p1a: Juvia|Calm Mind|p1a: Juvia
|-boost|p1a: Juvia|spa|1
|-boost|p1a: Juvia|spd|1
|move|p2a: Snorlax|Curse|p2a: Snorlax
|-boost|p2a: Snorlax|atk|1
|-boost|p2a: Snorlax|def|1
|-unboost|p2a: Snorlax|spe|1
|
|-heal|p2a: Snorlax|513\/513|[from] item: Leftovers
|turn|17
|
|move|p1a: Juvia|Calm Mind|p1a: Juvia
|-boost|p1a: Juvia|spa|1
|-boost|p1a: Juvia|spd|1
|move|p2a: Snorlax|Curse|p2a: Snorlax
|-boost|p2a: Snorlax|atk|1
|-boost|p2a: Snorlax|def|1
|-unboost|p2a: Snorlax|spe|1
|
|turn|18
|
|move|p1a: Juvia|Scald|p2a: Snorlax
|-damage|p2a: Snorlax|381\/513
|move|p2a: Snorlax|Curse|p2a: Snorlax
|-boost|p2a: Snorlax|atk|1
|-boost|p2a: Snorlax|def|1
|-unboost|p2a: Snorlax|spe|1
|
|-heal|p2a: Snorlax|413\/513|[from] item: Leftovers
|turn|19
|
|move|p1a: Juvia|Scald|p2a: Snorlax
|-damage|p2a: Snorlax|286\/513
|-status|p2a: Snorlax|brn
|move|p2a: Snorlax|Curse|p2a: Snorlax
|-boost|p2a: Snorlax|atk|1
|-boost|p2a: Snorlax|def|1
|-unboost|p2a: Snorlax|spe|1
|
|-heal|p2a: Snorlax|318\/513 brn|[from] item: Leftovers
|-damage|p2a: Snorlax|254\/513 brn|[from] brn
|turn|20
|
|move|p1a: Juvia|Calm Mind|p1a: Juvia
|-boost|p1a: Juvia|spa|1
|-boost|p1a: Juvia|spd|1
|move|p2a: Snorlax|Rest|p2a: Snorlax
|-status|p2a: Snorlax|slp
|-heal|p2a: Snorlax|513\/513 slp|[silent]
|-status|p2a: Snorlax|slp|[from] move: Rest
|
|turn|21
|
|move|p1a: Juvia|Calm Mind|p1a: Juvia
|-boost|p1a: Juvia|spa|1
|-boost|p1a: Juvia|spd|1
|cant|p2a: Snorlax|slp
|move|p2a: Snorlax|Sleep Talk|p2a: Snorlax
|move|p2a: Snorlax|Body Slam|p1a: Juvia|[from]Sleep Talk
|-damage|p1a: Juvia|123\/342
|
|-heal|p1a: Juvia|144\/342|[from] item: Leftovers
|turn|22
|
|move|p1a: Juvia|Scald|p2a: Snorlax
|-damage|p2a: Snorlax|341\/513 slp
|cant|p2a: Snorlax|slp
|move|p2a: Snorlax|Sleep Talk|p2a: Snorlax
|move|p2a: Snorlax|Body Slam|p1a: Juvia|[from]Sleep Talk
|-damage|p1a: Juvia|0 fnt
|faint|p1a: Juvia
|
|-heal|p2a: Snorlax|373\/513 slp|[from] item: Leftovers
|
|switch|p1a: Joe Young|Darmanitan, M|264\/352
|turn|23
|
|move|p1a: Joe Young|Superpower|p2a: Snorlax
|-supereffective|p2a: Snorlax
|-damage|p2a: Snorlax|241\/513 slp
|-unboost|p1a: Joe Young|atk|1
|-unboost|p1a: Joe Young|def|1
|-curestatus|p2a: Snorlax|slp
|move|p2a: Snorlax|Body Slam|p1a: Joe Young
|-damage|p1a: Joe Young|0 fnt
|faint|p1a: Joe Young
|
|-heal|p2a: Snorlax|273\/513|[from] item: Leftovers
|c|âRazfinger1605|gg
|c|âpipas13|gg
|
|switch|p1a: Sky|Starmie|164\/261
|turn|24
|
|move|p1a: Sky|Scald|p2a: Snorlax
|-damage|p2a: Snorlax|168\/513
|-damage|p1a: Sky|138\/261|[from] item: Life Orb
|move|p2a: Snorlax|Body Slam|p1a: Sky
|-damage|p1a: Sky|0 fnt
|faint|p1a: Sky
|
|win|pipas13
|raw|Ladder updating...
|raw|Razfinger1605's rating: 1097 &rarr; <strong>1075<\/strong><br \/>(-22 for losing)
|raw|pipas13's rating: 1132 &rarr; <strong>1154<\/strong><br \/>(+22 for winning)
|leave|Razfinger1605