|join|pipas13
|join|fe)lolelololo
|player|p1|pipas13|193
|player|p2|fe)lolelololo|293
|gametype|singles
|gen|6
|tier|UU
|rated
|rule|Sleep Clause Mod: Limit one foe put to sleep
|rule|Species Clause: Limit one of each PokÃ©mon
|rule|OHKO Clause: OHKO moves are banned
|rule|Moody Clause: Moody is banned
|rule|Evasion Moves Clause: Evasion moves are banned
|rule|Endless Battle Clause: Forcing endless battles is banned
|rule|HP Percentage Mod: HP is shown in percentages
|clearpoke
|poke|p1|Cresselia, F
|poke|p1|Lucario, F
|poke|p1|Kyurem
|poke|p1|Nidoqueen, F
|poke|p1|Crobat, F
|poke|p1|Blastoise, F
|poke|p2|Raikou, shiny
|poke|p2|Chesnaught, F, shiny
|poke|p2|Blastoise, F
|poke|p2|Empoleon, M, shiny
|poke|p2|Porygon2
|poke|p2|Infernape, M, shiny
|rule|Swagger Clause: Swagger is banned
|rule|Baton Pass Clause: Limit one PokÃ©mon knowing Baton Pass
|teampreview
|
|start
|switch|p1a: Kyurem|Kyurem|391\/391
|switch|p2a: Raikou|Raikou, shiny|321\/321
|-ability|p2a: Raikou|Pressure
|-ability|p1a: Kyurem|Pressure
|turn|1
|
|move|p2a: Raikou|Hidden Power|p1a: Kyurem
|-damage|p1a: Kyurem|303\/391
|-damage|p2a: Raikou|289\/321|[from] item: Life Orb
|move|p1a: Kyurem|Earth Power|p2a: Raikou
|-supereffective|p2a: Raikou
|-damage|p2a: Raikou|0 fnt
|faint|p2a: Raikou
|
|
|switch|p2a: Blastoise|Blastoise, F|361\/361
|turn|2
|
|switch|p1a: Cresselia|Cresselia, F|444\/444
|detailschange|p2a: Blastoise|Blastoise-Mega, F
|-mega|p2a: Blastoise|Blastoise|Blastoisinite
|move|p2a: Blastoise|Dragon Pulse|p1a: Cresselia
|-damage|p1a: Cresselia|311\/444
|
|-heal|p1a: Cresselia|338\/444|[from] item: Leftovers
|turn|3
|
|move|p1a: Cresselia|Calm Mind|p1a: Cresselia
|-boost|p1a: Cresselia|spa|1
|-boost|p1a: Cresselia|spd|1
|move|p2a: Blastoise|Dark Pulse|p1a: Cresselia
|-supereffective|p1a: Cresselia
|-damage|p1a: Cresselia|178\/444
|
|-heal|p1a: Cresselia|205\/444|[from] item: Leftovers
|turn|4
|
|move|p1a: Cresselia|Moonlight|p1a: Cresselia
|-heal|p1a: Cresselia|427\/444
|move|p2a: Blastoise|Dark Pulse|p1a: Cresselia
|-supereffective|p1a: Cresselia
|-damage|p1a: Cresselia|247\/444
|
|-heal|p1a: Cresselia|274\/444|[from] item: Leftovers
|turn|5
|
|move|p1a: Cresselia|Calm Mind|p1a: Cresselia
|-boost|p1a: Cresselia|spa|1
|-boost|p1a: Cresselia|spd|1
|move|p2a: Blastoise|Dark Pulse|p1a: Cresselia
|-supereffective|p1a: Cresselia
|-damage|p1a: Cresselia|150\/444
|
|-heal|p1a: Cresselia|177\/444|[from] item: Leftovers
|turn|6
|
|move|p1a: Cresselia|Moonlight|p1a: Cresselia
|-heal|p1a: Cresselia|399\/444
|move|p2a: Blastoise|Dark Pulse|p1a: Cresselia
|-supereffective|p1a: Cresselia
|-damage|p1a: Cresselia|265\/444
|
|-heal|p1a: Cresselia|292\/444|[from] item: Leftovers
|turn|7
|
|move|p1a: Cresselia|Calm Mind|p1a: Cresselia
|-boost|p1a: Cresselia|spa|1
|-boost|p1a: Cresselia|spd|1
|move|p2a: Blastoise|Dark Pulse|p1a: Cresselia
|-supereffective|p1a: Cresselia
|-damage|p1a: Cresselia|194\/444
|
|-heal|p1a: Cresselia|221\/444|[from] item: Leftovers
|turn|8
|
|move|p1a: Cresselia|Calm Mind|p1a: Cresselia
|-boost|p1a: Cresselia|spa|1
|-boost|p1a: Cresselia|spd|1
|move|p2a: Blastoise|Dark Pulse|p1a: Cresselia
|-supereffective|p1a: Cresselia
|-damage|p1a: Cresselia|129\/444
|
|-heal|p1a: Cresselia|156\/444|[from] item: Leftovers
|turn|9
|
|move|p1a: Cresselia|Moonlight|p1a: Cresselia
|-heal|p1a: Cresselia|378\/444
|move|p2a: Blastoise|Scald|p1a: Cresselia
|-damage|p1a: Cresselia|332\/444
|
|-heal|p1a: Cresselia|359\/444|[from] item: Leftovers
|turn|10
|
|move|p1a: Cresselia|Psyshock|p2a: Blastoise
|-damage|p2a: Blastoise|135\/361
|move|p2a: Blastoise|Scald|p1a: Cresselia
|-damage|p1a: Cresselia|316\/444
|
|-heal|p1a: Cresselia|343\/444|[from] item: Leftovers
|turn|11
|
|move|p1a: Cresselia|Psyshock|p2a: Blastoise
|-damage|p2a: Blastoise|0 fnt
|faint|p2a: Blastoise
|
|-heal|p1a: Cresselia|370\/444|[from] item: Leftovers
|-message|fe)lolelololo forfeited.
|leave|fe)lolelololo
|
|win|pipas13
|raw|Ladder updating...
|player|p2
|raw|pipas13's rating: 1349 &rarr; <strong>1360<\/strong><br \/>(+11 for winning)
|raw|fe)lolelololo's rating: 1178 &rarr; <strong>1164<\/strong><br \/>(-14 for losing)