|join|OrangeManiac
|join|pipas13
|player|p1|OrangeManiac|102
|player|p2|pipas13|193
|gametype|singles
|gen|6
|tier|UU
|rated
|rule|Sleep Clause Mod: Limit one foe put to sleep
|rule|Species Clause: Limit one of each PokÃ©mon
|rule|OHKO Clause: OHKO moves are banned
|rule|Moody Clause: Moody is banned
|rule|Evasion Moves Clause: Evasion moves are banned
|rule|Endless Battle Clause: Forcing endless battles is banned
|rule|HP Percentage Mod: HP is shown in percentages
|clearpoke
|poke|p1|Lucario, F
|poke|p1|Beedrill, M
|poke|p1|Chandelure, F
|poke|p1|Crobat, M
|poke|p1|Swampert, F
|poke|p1|Florges, F
|poke|p2|Cresselia, F
|poke|p2|Lucario, F
|poke|p2|Kyurem
|poke|p2|Nidoqueen, F
|poke|p2|Krookodile, M
|poke|p2|Blastoise, F
|rule|Swagger Clause: Swagger is banned
|rule|Baton Pass Clause: Limit one PokÃ©mon knowing Baton Pass
|teampreview
|
|start
|switch|p1a: Chandelure|Chandelure, F|262\/262
|switch|p2a: Nidoqueen|Nidoqueen, F|380\/380
|turn|1
|
|move|p1a: Chandelure|Fire Blast|p2a: Nidoqueen
|-damage|p2a: Nidoqueen|119\/380
|move|p2a: Nidoqueen|Stealth Rock|p1a: Chandelure
|-sidestart|p1: OrangeManiac|move: Stealth Rock
|
|turn|2
|
|switch|p2a: Blastoise|Blastoise, F|361\/361
|move|p1a: Chandelure|Fire Blast|p2a: Blastoise
|-resisted|p2a: Blastoise
|-damage|p2a: Blastoise|268\/361
|-status|p2a: Blastoise|brn
|
|-damage|p2a: Blastoise|223\/361 brn|[from] brn
|turn|3
|
|switch|p1a: Crobat|Crobat, M|373\/373
|-damage|p1a: Crobat|280\/373|[from] Stealth Rock
|detailschange|p2a: Blastoise|Blastoise-Mega, F
|-mega|p2a: Blastoise|Blastoise|Blastoisinite
|move|p2a: Blastoise|Water Pulse|p1a: Crobat
|-damage|p1a: Crobat|64\/373
|
|-heal|p1a: Crobat|87\/373|[from] item: Black Sludge
|-damage|p2a: Blastoise|178\/361 brn|[from] brn
|turn|4
|
|switch|p2a: Krookodile|Krookodile, M|331\/331
|-ability|p2a: Krookodile|Intimidate|[of] p1a: Crobat
|-unboost|p1a: Crobat|atk|1
|move|p1a: Crobat|Roost|p1a: Crobat
|-heal|p1a: Crobat|274\/373
|
|-heal|p1a: Crobat|297\/373|[from] item: Black Sludge
|turn|5
|
|move|p1a: Crobat|Defog|p2a: Krookodile
|-unboost|p2a: Krookodile|evasion|1
|-sideend|p1: OrangeManiac|Stealth Rock|[from] move: Defog|[of] p1a: Crobat
|move|p2a: Krookodile|Pursuit|p1a: Crobat
|-damage|p1a: Crobat|182\/373
|
|-heal|p1a: Crobat|205\/373|[from] item: Black Sludge
|turn|6
|
|move|p1a: Crobat|Super Fang|p2a: Krookodile
|-damage|p2a: Krookodile|166\/331
|move|p2a: Krookodile|Pursuit|p1a: Crobat
|-crit|p1a: Crobat
|-damage|p1a: Crobat|10\/373
|
|-heal|p1a: Crobat|33\/373|[from] item: Black Sludge
|turn|7
|
|move|p1a: Crobat|Roost|p1a: Crobat
|-heal|p1a: Crobat|220\/373
|move|p2a: Krookodile|Pursuit|p1a: Crobat
|-damage|p1a: Crobat|108\/373
|
|-heal|p1a: Crobat|131\/373|[from] item: Black Sludge
|turn|8
|
|move|p2a: Krookodile|Pursuit|p1a: Crobat|[from]Pursuit
|-damage|p1a: Crobat|0 fnt
|faint|p1a: Crobat
|
|
|switch|p1a: Swampert|Swampert, F|392\/392
|turn|9
|
|switch|p2a: Blastoise|Blastoise-Mega, F|178\/361 brn
|move|p1a: Swampert|Waterfall|p2a: Blastoise
|-resisted|p2a: Blastoise
|-damage|p2a: Blastoise|93\/361 brn
|
|-damage|p2a: Blastoise|48\/361 brn|[from] brn
|turn|10
|
|switch|p1a: Florges|Florges, F|360\/360
|move|p2a: Blastoise|Water Pulse|p1a: Florges
|-damage|p1a: Florges|248\/360
|
|-heal|p1a: Florges|270\/360|[from] item: Leftovers
|-damage|p2a: Blastoise|3\/361 brn|[from] brn
|turn|11
|
|switch|p2a: Nidoqueen|Nidoqueen, F|119\/380
|move|p1a: Florges|Wish|p1a: Florges
|
|-heal|p1a: Florges|292\/360|[from] item: Leftovers
|turn|12
|
|switch|p1a: Swampert|Swampert, F|392\/392
|move|p2a: Nidoqueen|Stealth Rock|p1a: Swampert
|-sidestart|p1: OrangeManiac|move: Stealth Rock
|
|turn|13
|
|move|p2a: Nidoqueen|Earth Power|p1a: Swampert
|-damage|p1a: Swampert|153\/392
|move|p1a: Swampert|Waterfall|p2a: Nidoqueen
|-supereffective|p2a: Nidoqueen
|-damage|p2a: Nidoqueen|0 fnt
|faint|p2a: Nidoqueen
|
|
|switch|p2a: Kyurem|Kyurem|391\/391
|-ability|p2a: Kyurem|Pressure
|turn|14
|
|move|p2a: Kyurem|Ice Beam|p1a: Swampert
|-damage|p1a: Swampert|0 fnt
|faint|p1a: Swampert
|
|
|switch|p1a: Rachel|Lucario, F|282\/282
|-damage|p1a: Rachel|274\/282|[from] Stealth Rock
|turn|15
|
|switch|p2a: Blastoise|Blastoise-Mega, F|3\/361 brn
|move|p1a: Rachel|Swords Dance|p1a: Rachel
|-boost|p1a: Rachel|atk|2
|
|-damage|p2a: Blastoise|0 fnt|[from] brn
|faint|p2a: Blastoise
|
|switch|p2a: Krookodile|Krookodile, M|166\/331
|-ability|p2a: Krookodile|Intimidate|[of] p1a: Rachel
|-unboost|p1a: Rachel|atk|1
|turn|16
|
|move|p1a: Rachel|Extreme Speed|p2a: Krookodile
|-crit|p2a: Krookodile
|-damage|p2a: Krookodile|0 fnt
|-damage|p1a: Rachel|246\/282|[from] item: Life Orb
|faint|p2a: Krookodile
|
|
|switch|p2a: Kyurem|Kyurem|391\/391
|-ability|p2a: Kyurem|Pressure
|turn|17
|
|move|p1a: Rachel|Extreme Speed|p2a: Kyurem
|-damage|p2a: Kyurem|177\/391
|-damage|p1a: Rachel|218\/282|[from] item: Life Orb
|move|p2a: Kyurem|Earth Power|p1a: Rachel
|-crit|p1a: Rachel
|-supereffective|p1a: Rachel
|-damage|p1a: Rachel|0 fnt
|faint|p1a: Rachel
|
|
|switch|p1a: Beedrill|Beedrill, M|272\/272
|-damage|p1a: Beedrill|204\/272|[from] Stealth Rock
|turn|18
|
|detailschange|p1a: Beedrill|Beedrill-Mega, M
|-mega|p1a: Beedrill|Beedrill|Beedrillite
|move|p2a: Kyurem|Earth Power|p1a: Beedrill
|-damage|p1a: Beedrill|5\/272
|move|p1a: Beedrill|Drill Run|p2a: Kyurem
|-damage|p2a: Kyurem|68\/391
|
|turn|19
|
|move|p1a: Beedrill|Drill Run|p2a: Kyurem
|-damage|p2a: Kyurem|0 fnt
|faint|p2a: Kyurem
|
|
|switch|p2a: Lucario|Lucario, F|281\/281
|turn|20
|
|move|p2a: Lucario|Extreme Speed|p1a: Beedrill
|-damage|p1a: Beedrill|0 fnt
|-damage|p2a: Lucario|253\/281|[from] item: Life Orb
|faint|p1a: Beedrill
|
|
|switch|p1a: Chandelure|Chandelure, F|262\/262
|-damage|p1a: Chandelure|197\/262|[from] Stealth Rock
|turn|21
|
|move|p1a: Chandelure|Shadow Ball|p2a: Lucario
|-damage|p2a: Lucario|48\/281
|move|p2a: Lucario|Earthquake|p1a: Chandelure
|-supereffective|p1a: Chandelure
|-damage|p1a: Chandelure|0 fnt
|-damage|p2a: Lucario|20\/281|[from] item: Life Orb
|faint|p1a: Chandelure
|
|
|switch|p1a: Florges|Florges, F|292\/360
|-damage|p1a: Florges|247\/360|[from] Stealth Rock
|turn|22
|
|move|p2a: Lucario|Earthquake|p1a: Florges
|-damage|p1a: Florges|88\/360
|-damage|p2a: Lucario|0 fnt|[from] item: Life Orb
|faint|p2a: Lucario
|move|p1a: Florges|Moonblast|p2: Lucario|[notarget]
|-notarget
|
|-heal|p1a: Florges|110\/360|[from] item: Leftovers
|
|switch|p2a: Cresselia|Cresselia, F|444\/444
|turn|23
|
|move|p2a: Cresselia|Calm Mind|p2a: Cresselia
|-boost|p2a: Cresselia|spa|1
|-boost|p2a: Cresselia|spd|1
|move|p1a: Florges|Moonblast|p2a: Cresselia
|-damage|p2a: Cresselia|374\/444
|
|-heal|p2a: Cresselia|401\/444|[from] item: Leftovers
|-heal|p1a: Florges|132\/360|[from] item: Leftovers
|turn|24
|
|move|p2a: Cresselia|Calm Mind|p2a: Cresselia
|-boost|p2a: Cresselia|spa|1
|-boost|p2a: Cresselia|spd|1
|move|p1a: Florges|Moonblast|p2a: Cresselia
|-damage|p2a: Cresselia|355\/444
|-unboost|p2a: Cresselia|spa|1
|
|-heal|p2a: Cresselia|382\/444|[from] item: Leftovers
|-heal|p1a: Florges|154\/360|[from] item: Leftovers
|turn|25
|
|move|p2a: Cresselia|Calm Mind|p2a: Cresselia
|-boost|p2a: Cresselia|spa|1
|-boost|p2a: Cresselia|spd|1
|move|p1a: Florges|Moonblast|p2a: Cresselia
|-damage|p2a: Cresselia|342\/444
|-unboost|p2a: Cresselia|spa|1
|
|-heal|p2a: Cresselia|369\/444|[from] item: Leftovers
|-heal|p1a: Florges|176\/360|[from] item: Leftovers
|turn|26
|
|move|p2a: Cresselia|Psyshock|p1a: Florges
|-damage|p1a: Florges|49\/360
|move|p1a: Florges|Moonblast|p2a: Cresselia
|-damage|p2a: Cresselia|332\/444
|
|-heal|p2a: Cresselia|359\/444|[from] item: Leftovers
|-heal|p1a: Florges|71\/360|[from] item: Leftovers
|turn|27
|
|move|p2a: Cresselia|Psyshock|p1a: Florges
|-damage|p1a: Florges|0 fnt
|faint|p1a: Florges
|
|win|pipas13
|raw|Ladder updating...
|c|âpipas13|gg
|c|âOrangeManiac|gg
|raw|OrangeManiac's rating: 1412 &rarr; <strong>1393<\/strong><br \/>(-19 for losing)
|raw|pipas13's rating: 1429 &rarr; <strong>1448<\/strong><br \/>(+19 for winning)