|join|purplebanditos
|join|pipas13
|player|p1|purplebanditos|192
|player|p2|pipas13|193
|gametype|singles
|gen|6
|tier|UU
|rated
|rule|Sleep Clause Mod: Limit one foe put to sleep
|rule|Species Clause: Limit one of each PokÃ©mon
|rule|OHKO Clause: OHKO moves are banned
|rule|Moody Clause: Moody is banned
|rule|Evasion Moves Clause: Evasion moves are banned
|rule|Endless Battle Clause: Forcing endless battles is banned
|rule|HP Percentage Mod: HP is shown in percentages
|clearpoke
|poke|p1|Pidgeot, F
|poke|p1|Tentacruel, M
|poke|p1|Celebi
|poke|p1|Hydreigon, M
|poke|p1|Darmanitan, M
|poke|p1|Hippowdon, M
|poke|p2|Cresselia, F
|poke|p2|Lucario, F
|poke|p2|Kyurem
|poke|p2|Nidoqueen, F
|poke|p2|Krookodile, F
|poke|p2|Blastoise, M
|rule|Swagger Clause: Swagger is banned
|rule|Baton Pass Clause: Limit one PokÃ©mon knowing Baton Pass
|teampreview
|
|start
|switch|p1a: Hydreigon|Hydreigon, M|325\/325
|switch|p2a: Blastoise|Blastoise, M|361\/361
|turn|1
|
|detailschange|p2a: Blastoise|Blastoise-Mega, M
|-mega|p2a: Blastoise|Blastoise|Blastoisinite
|move|p1a: Hydreigon|U-turn|p2a: Blastoise
|-damage|p2a: Blastoise|312\/361
|
|switch|p1a: Tentacruel|Tentacruel, M|361\/361
|move|p2a: Blastoise|Ice Beam|p1a: Tentacruel
|-resisted|p1a: Tentacruel
|-damage|p1a: Tentacruel|310\/361
|
|-heal|p1a: Tentacruel|332\/361|[from] item: Black Sludge
|turn|2
|
|switch|p2a: Nidoqueen|Nidoqueen, F|380\/380
|move|p1a: Tentacruel|Toxic Spikes|p2a: Nidoqueen
|-sidestart|p2: pipas13|move: Toxic Spikes
|
|-heal|p1a: Tentacruel|354\/361|[from] item: Black Sludge
|turn|3
|
|switch|p1a: Hydreigon|Hydreigon, M|325\/325
|move|p2a: Nidoqueen|Stealth Rock|p1a: Hydreigon
|-sidestart|p1: purplebanditos|move: Stealth Rock
|
|turn|4
|
|move|p1a: Hydreigon|U-turn|p2a: Nidoqueen
|-resisted|p2a: Nidoqueen
|-damage|p2a: Nidoqueen|349\/380
|
|switch|p1a: Tentacruel|Tentacruel, M|354\/361
|-damage|p1a: Tentacruel|309\/361|[from] Stealth Rock
|move|p2a: Nidoqueen|Ice Beam|p1a: Tentacruel
|-resisted|p1a: Tentacruel
|-damage|p1a: Tentacruel|253\/361
|
|-heal|p1a: Tentacruel|275\/361|[from] item: Black Sludge
|turn|5
|
|move|p1a: Tentacruel|Rapid Spin|p2a: Nidoqueen
|-damage|p2a: Nidoqueen|337\/380
|-sideend|p1: purplebanditos|Stealth Rock|[from] move: Rapid Spin|[of] p1a: Tentacruel
|move|p2a: Nidoqueen|Earth Power|p1a: Tentacruel
|-supereffective|p1a: Tentacruel
|-damage|p1a: Tentacruel|0 fnt
|faint|p1a: Tentacruel
|
|
|switch|p1a: Darmanitan|Darmanitan, M|351\/351
|turn|6
|
|switch|p2a: Blastoise|Blastoise-Mega, M|312\/361
|-status|p2a: Blastoise|psn
|move|p1a: Darmanitan|Flare Blitz|p2a: Blastoise
|-resisted|p2a: Blastoise
|-damage|p2a: Blastoise|138\/361 psn
|-damage|p1a: Darmanitan|294\/351|[from] recoil|[of] p2a: Blastoise
|
|-damage|p2a: Blastoise|93\/361 psn|[from] psn
|turn|7
|
|move|p1a: Darmanitan|Flare Blitz|p2a: Blastoise
|-resisted|p2a: Blastoise
|-damage|p2a: Blastoise|0 fnt
|-damage|p1a: Darmanitan|263\/351|[from] recoil|[of] p2a: Blastoise
|faint|p2a: Blastoise
|
|
|switch|p2a: Krookodile|Krookodile, F|331\/331
|-status|p2a: Krookodile|psn
|-ability|p2a: Krookodile|Intimidate|[of] p1a: Darmanitan
|-unboost|p1a: Darmanitan|atk|1
|turn|8
|
|move|p2a: Krookodile|Pursuit|p1a: Darmanitan|[from]Pursuit
|-damage|p1a: Darmanitan|0 fnt
|faint|p1a: Darmanitan
|
|-damage|p2a: Krookodile|290\/331 psn|[from] psn
|
|switch|p1a: Pidgeot|Pidgeot, F|307\/307
|turn|9
|
|switch|p2a: Cresselia|Cresselia, F|444\/444
|detailschange|p1a: Pidgeot|Pidgeot-Mega, F
|-mega|p1a: Pidgeot|Pidgeot|Pidgeotite
|move|p1a: Pidgeot|Hurricane|p2a: Cresselia
|-damage|p2a: Cresselia|288\/444
|
|-heal|p2a: Cresselia|315\/444|[from] item: Leftovers
|turn|10
|
|move|p1a: Pidgeot|Hurricane|p2a: Cresselia
|-damage|p2a: Cresselia|147\/444
|move|p2a: Cresselia|Moonlight|p2a: Cresselia
|-heal|p2a: Cresselia|369\/444
|
|-heal|p2a: Cresselia|396\/444|[from] item: Leftovers
|turn|11
|
|move|p1a: Pidgeot|Hurricane|p2a: Cresselia
|-crit|p2a: Cresselia
|-damage|p2a: Cresselia|165\/444
|-start|p2a: Cresselia|confusion
|-activate|p2a: Cresselia|confusion
|-damage|p2a: Cresselia|153\/444|[from] confusion
|
|-heal|p2a: Cresselia|180\/444|[from] item: Leftovers
|turn|12
|
|move|p1a: Pidgeot|Hurricane|p2a: Cresselia
|-damage|p2a: Cresselia|12\/444
|-activate|p2a: Cresselia|confusion
|-damage|p2a: Cresselia|0 fnt|[from] confusion
|faint|p2a: Cresselia
|
|
|switch|p2a: Nidoqueen|Nidoqueen, F|337\/380
|-sideend|p2: pipas13|move: Toxic Spikes|[of] p2a: Nidoqueen
|turn|13
|
|move|p1a: Pidgeot|Hurricane|p2a: Nidoqueen
|-damage|p2a: Nidoqueen|115\/380
|move|p2a: Nidoqueen|Ice Beam|p1a: Pidgeot
|-supereffective|p1a: Pidgeot
|-damage|p1a: Pidgeot|0 fnt
|faint|p1a: Pidgeot
|
|
|switch|p1a: Hydreigon|Hydreigon, M|325\/325
|turn|14
|
|move|p1a: Hydreigon|Fire Blast|p2a: Nidoqueen
|-damage|p2a: Nidoqueen|0 fnt
|faint|p2a: Nidoqueen
|
|
|switch|p2a: Kyurem|Kyurem|391\/391
|-ability|p2a: Kyurem|Pressure
|turn|15
|
|switch|p1a: Celebi|Celebi|403\/403
|move|p2a: Kyurem|Ice Beam|p1a: Celebi
|-crit|p1a: Celebi
|-supereffective|p1a: Celebi
|-damage|p1a: Celebi|0 fnt
|faint|p1a: Celebi
|
|
|switch|p1a: Hydreigon|Hydreigon, M|325\/325
|turn|16
|
|switch|p2a: Lucario|Lucario, F|281\/281
|move|p1a: Hydreigon|Draco Meteor|p2a: Lucario
|-resisted|p2a: Lucario
|-damage|p2a: Lucario|121\/281
|-unboost|p1a: Hydreigon|spa|2
|
|turn|17
|
|switch|p1a: Hippowdon|Hippowdon, M|419\/419
|switch|p2a: Kyurem|Kyurem|391\/391
|-ability|p2a: Kyurem|Pressure
|
|turn|18
|
|move|p2a: Kyurem|Ice Beam|p1a: Hippowdon
|-supereffective|p1a: Hippowdon
|-damage|p1a: Hippowdon|0 fnt
|faint|p1a: Hippowdon
|
|
|switch|p1a: Hydreigon|Hydreigon, M|325\/325
|turn|19
|
|switch|p2a: Lucario|Lucario, F|121\/281
|move|p1a: Hydreigon|Draco Meteor|p2a: Lucario
|-resisted|p2a: Lucario
|-damage|p2a: Lucario|0 fnt
|-unboost|p1a: Hydreigon|spa|2
|faint|p2a: Lucario
|
|-message|purplebanditos forfeited.
|
|win|pipas13
|raw|Ladder updating...
|leave|purplebanditos
|player|p1
|raw|purplebanditos's rating: 1482 &rarr; <strong>1461<\/strong><br \/>(-21 for losing)
|raw|pipas13's rating: 1460 &rarr; <strong>1481<\/strong><br \/>(+21 for winning)