|join|pipas13
|join|dadsdad
|player|p1|pipas13|193
|player|p2|dadsdad|183
|gametype|singles
|gen|6
|tier|UU
|rated
|rule|Sleep Clause Mod: Limit one foe put to sleep
|rule|Species Clause: Limit one of each PokÃ©mon
|rule|OHKO Clause: OHKO moves are banned
|rule|Moody Clause: Moody is banned
|rule|Evasion Moves Clause: Evasion moves are banned
|rule|Endless Battle Clause: Forcing endless battles is banned
|rule|HP Percentage Mod: HP is shown in percentages
|clearpoke
|poke|p1|Cresselia, F
|poke|p1|Lucario, M
|poke|p1|Kyurem
|poke|p1|Nidoqueen, F
|poke|p1|Krookodile, M
|poke|p1|Blastoise, M
|poke|p2|Reuniclus, M
|poke|p2|Pidgeot, M
|poke|p2|Hippowdon, F
|poke|p2|Hydreigon, M
|poke|p2|Jirachi
|poke|p2|Suicune
|rule|Swagger Clause: Swagger is banned
|rule|Baton Pass Clause: Limit one PokÃ©mon knowing Baton Pass
|teampreview
|
|start
|switch|p1a: Nidoqueen|Nidoqueen, F|380\/380
|switch|p2a: Aegon V Targaryen|Hydreigon, M|337\/337
|turn|1
|
|move|p2a: Aegon V Targaryen|Dark Pulse|p1a: Nidoqueen
|-damage|p1a: Nidoqueen|233\/380
|move|p1a: Nidoqueen|Stealth Rock|p2a: Aegon V Targaryen
|-sidestart|p2: dadsdad|move: Stealth Rock
|
|turn|2
|
|switch|p1a: Lucario|Lucario, M|281\/281
|move|p2a: Aegon V Targaryen|Draco Meteor|p1a: Lucario
|-resisted|p1a: Lucario
|-damage|p1a: Lucario|125\/281
|-unboost|p2a: Aegon V Targaryen|spa|2
|
|turn|3
|
|switch|p2a: Baymax|Reuniclus, M|421\/421
|move|p1a: Lucario|Extreme Speed|p2a: Baymax
|-damage|p2a: Baymax|307\/421
|-damage|p1a: Lucario|97\/281|[from] item: Life Orb
|
|-heal|p2a: Baymax|333\/421|[from] item: Leftovers
|turn|4
|
|move|p1a: Lucario|Swords Dance|p1a: Lucario
|-boost|p1a: Lucario|atk|2
|move|p2a: Baymax|Signal Beam|p1a: Lucario
|-crit|p1a: Lucario
|-resisted|p1a: Lucario
|-damage|p1a: Lucario|64\/281
|
|-heal|p2a: Baymax|359\/421|[from] item: Leftovers
|turn|5
|
|move|p1a: Lucario|Earthquake|p2a: Baymax
|-damage|p2a: Baymax|81\/421
|-damage|p1a: Lucario|36\/281|[from] item: Life Orb
|move|p2a: Baymax|Recover|p2a: Baymax
|-heal|p2a: Baymax|292\/421
|
|-heal|p2a: Baymax|318\/421|[from] item: Leftovers
|turn|6
|
|switch|p2a: Instagram Hoes|Hippowdon, F|420\/420
|-damage|p2a: Instagram Hoes|394\/420|[from] Stealth Rock
|-weather|Sandstorm
|move|p1a: Lucario|Earthquake|p2a: Instagram Hoes
|-damage|p2a: Instagram Hoes|138\/420
|-damage|p1a: Lucario|8\/281|[from] item: Life Orb
|
|-weather|Sandstorm|[upkeep]
|-heal|p2a: Instagram Hoes|164\/420|[from] item: Leftovers
|turn|7
|
|move|p1a: Lucario|Earthquake|p2a: Instagram Hoes
|-damage|p2a: Instagram Hoes|0 fnt
|-damage|p1a: Lucario|0 fnt|[from] item: Life Orb
|faint|p2a: Instagram Hoes
|faint|p1a: Lucario
|
|-weather|Sandstorm|[upkeep]
|
|switch|p2a: Jewrachi|Jirachi|341\/341
|switch|p1a: Blastoise|Blastoise, M|361\/361
|-damage|p2a: Jewrachi|320\/341|[from] Stealth Rock
|turn|8
|
|detailschange|p1a: Blastoise|Blastoise-Mega, M
|-mega|p1a: Blastoise|Blastoise|Blastoisinite
|move|p2a: Jewrachi|U-turn|p1a: Blastoise
|-damage|p1a: Blastoise|298\/361
|
|switch|p2a: King O' The North|Suicune|404\/404
|-damage|p2a: King O' The North|354\/404|[from] Stealth Rock
|-ability|p2a: King O' The North|Pressure
|move|p1a: Blastoise|Dark Pulse|p2a: King O' The North
|-damage|p2a: King O' The North|229\/404
|
|-weather|Sandstorm|[upkeep]
|-damage|p2a: King O' The North|204\/404|[from] sandstorm
|-damage|p1a: Blastoise|276\/361|[from] sandstorm
|-heal|p2a: King O' The North|229\/404|[from] item: Leftovers
|turn|9
|
|switch|p1a: Cresselia|Cresselia, F|444\/444
|move|p2a: King O' The North|Calm Mind|p2a: King O' The North
|-boost|p2a: King O' The North|spa|1
|-boost|p2a: King O' The North|spd|1
|
|-weather|Sandstorm|[upkeep]
|-damage|p1a: Cresselia|417\/444|[from] sandstorm
|-damage|p2a: King O' The North|204\/404|[from] sandstorm
|-heal|p1a: Cresselia|444\/444|[from] item: Leftovers
|-heal|p2a: King O' The North|229\/404|[from] item: Leftovers
|turn|10
|
|move|p1a: Cresselia|Calm Mind|p1a: Cresselia
|-boost|p1a: Cresselia|spa|1
|-boost|p1a: Cresselia|spd|1
|move|p2a: King O' The North|Scald|p1a: Cresselia
|-damage|p1a: Cresselia|372\/444
|
|-weather|none
|-heal|p1a: Cresselia|399\/444|[from] item: Leftovers
|-heal|p2a: King O' The North|254\/404|[from] item: Leftovers
|turn|11
|
|switch|p2a: Jewrachi|Jirachi|320\/341
|-damage|p2a: Jewrachi|299\/341|[from] Stealth Rock
|move|p1a: Cresselia|Calm Mind|p1a: Cresselia
|-boost|p1a: Cresselia|spa|1
|-boost|p1a: Cresselia|spd|1
|
|-heal|p1a: Cresselia|426\/444|[from] item: Leftovers
|turn|12
|
|move|p2a: Jewrachi|U-turn|p1a: Cresselia
|-supereffective|p1a: Cresselia
|-damage|p1a: Cresselia|322\/444
|
|switch|p2a: Baymax|Reuniclus, M|318\/421
|move|p1a: Cresselia|Moonblast|p2a: Baymax
|-damage|p2a: Baymax|177\/421
|
|-heal|p1a: Cresselia|349\/444|[from] item: Leftovers
|-heal|p2a: Baymax|203\/421|[from] item: Leftovers
|turn|13
|
|move|p1a: Cresselia|Calm Mind|p1a: Cresselia
|-boost|p1a: Cresselia|spa|1
|-boost|p1a: Cresselia|spd|1
|move|p2a: Baymax|Recover|p2a: Baymax
|-heal|p2a: Baymax|414\/421
|
|-heal|p1a: Cresselia|376\/444|[from] item: Leftovers
|-heal|p2a: Baymax|421\/421|[from] item: Leftovers
|turn|14
|
|move|p1a: Cresselia|Calm Mind|p1a: Cresselia
|-boost|p1a: Cresselia|spa|1
|-boost|p1a: Cresselia|spd|1
|move|p2a: Baymax|Calm Mind|p2a: Baymax
|-boost|p2a: Baymax|spa|1
|-boost|p2a: Baymax|spd|1
|
|-heal|p1a: Cresselia|403\/444|[from] item: Leftovers
|turn|15
|
|move|p1a: Cresselia|Calm Mind|p1a: Cresselia
|-boost|p1a: Cresselia|spa|1
|-boost|p1a: Cresselia|spd|1
|move|p2a: Baymax|Calm Mind|p2a: Baymax
|-boost|p2a: Baymax|spa|1
|-boost|p2a: Baymax|spd|1
|
|-heal|p1a: Cresselia|430\/444|[from] item: Leftovers
|turn|16
|
|move|p1a: Cresselia|Psyshock|p2a: Baymax
|-resisted|p2a: Baymax
|-damage|p2a: Baymax|287\/421
|move|p2a: Baymax|Calm Mind|p2a: Baymax
|-boost|p2a: Baymax|spa|1
|-boost|p2a: Baymax|spd|1
|
|-heal|p1a: Cresselia|444\/444|[from] item: Leftovers
|-heal|p2a: Baymax|313\/421|[from] item: Leftovers
|turn|17
|
|move|p1a: Cresselia|Psyshock|p2a: Baymax
|-resisted|p2a: Baymax
|-damage|p2a: Baymax|184\/421
|move|p2a: Baymax|Calm Mind|p2a: Baymax
|-boost|p2a: Baymax|spa|1
|-boost|p2a: Baymax|spd|1
|
|-heal|p2a: Baymax|210\/421|[from] item: Leftovers
|turn|18
|
|move|p1a: Cresselia|Calm Mind|p1a: Cresselia
|-boost|p1a: Cresselia|spa|1
|-boost|p1a: Cresselia|spd|1
|move|p2a: Baymax|Recover|p2a: Baymax
|-heal|p2a: Baymax|421\/421
|
|turn|19
|
|move|p1a: Cresselia|Psyshock|p2a: Baymax
|-resisted|p2a: Baymax
|-damage|p2a: Baymax|284\/421
|move|p2a: Baymax|Calm Mind|p2a: Baymax
|-boost|p2a: Baymax|spa|1
|-boost|p2a: Baymax|spd|1
|
|-heal|p2a: Baymax|310\/421|[from] item: Leftovers
|turn|20
|
|move|p1a: Cresselia|Psyshock|p2a: Baymax
|-resisted|p2a: Baymax
|-damage|p2a: Baymax|162\/421
|move|p2a: Baymax|Calm Mind|p2a: Baymax
|-boost|p2a: Baymax|spa|1
|-boost|p2a: Baymax|spd|1
|
|-heal|p2a: Baymax|188\/421|[from] item: Leftovers
|turn|21
|
|move|p1a: Cresselia|Psyshock|p2a: Baymax
|-resisted|p2a: Baymax
|-damage|p2a: Baymax|54\/421
|move|p2a: Baymax|Recover|p2a: Baymax
|-heal|p2a: Baymax|265\/421
|
|-heal|p2a: Baymax|291\/421|[from] item: Leftovers
|turn|22
|
|move|p1a: Cresselia|Psyshock|p2a: Baymax
|-resisted|p2a: Baymax
|-damage|p2a: Baymax|150\/421
|move|p2a: Baymax|Recover|p2a: Baymax
|-heal|p2a: Baymax|361\/421
|
|-heal|p2a: Baymax|387\/421|[from] item: Leftovers
|turn|23
|
|move|p1a: Cresselia|Psyshock|p2a: Baymax
|-resisted|p2a: Baymax
|-damage|p2a: Baymax|243\/421
|move|p2a: Baymax|Psyshock|p1a: Cresselia
|-resisted|p1a: Cresselia
|-damage|p1a: Cresselia|278\/444
|
|-heal|p1a: Cresselia|305\/444|[from] item: Leftovers
|-heal|p2a: Baymax|269\/421|[from] item: Leftovers
|turn|24
|
|move|p1a: Cresselia|Psyshock|p2a: Baymax
|-crit|p2a: Baymax
|-resisted|p2a: Baymax
|-damage|p2a: Baymax|49\/421
|move|p2a: Baymax|Recover|p2a: Baymax
|-heal|p2a: Baymax|260\/421
|
|-heal|p1a: Cresselia|332\/444|[from] item: Leftovers
|-heal|p2a: Baymax|286\/421|[from] item: Leftovers
|turn|25
|
|move|p1a: Cresselia|Psyshock|p2a: Baymax
|-resisted|p2a: Baymax
|-damage|p2a: Baymax|133\/421
|move|p2a: Baymax|Recover|p2a: Baymax
|-heal|p2a: Baymax|344\/421
|
|-heal|p1a: Cresselia|359\/444|[from] item: Leftovers
|-heal|p2a: Baymax|370\/421|[from] item: Leftovers
|turn|26
|
|move|p1a: Cresselia|Moonblast|p2a: Baymax
|-damage|p2a: Baymax|288\/421
|-unboost|p2a: Baymax|spa|1
|move|p2a: Baymax|Psyshock|p1a: Cresselia
|-resisted|p1a: Cresselia
|-damage|p1a: Cresselia|218\/444
|
|-heal|p1a: Cresselia|245\/444|[from] item: Leftovers
|-heal|p2a: Baymax|314\/421|[from] item: Leftovers
|turn|27
|
|move|p1a: Cresselia|Moonblast|p2a: Baymax
|-damage|p2a: Baymax|244\/421
|move|p2a: Baymax|Psyshock|p1a: Cresselia
|-resisted|p1a: Cresselia
|-damage|p1a: Cresselia|103\/444
|
|-heal|p1a: Cresselia|130\/444|[from] item: Leftovers
|-heal|p2a: Baymax|270\/421|[from] item: Leftovers
|turn|28
|
|move|p1a: Cresselia|Psyshock|p2a: Baymax
|-resisted|p2a: Baymax
|-damage|p2a: Baymax|114\/421
|move|p2a: Baymax|Signal Beam|p1a: Cresselia
|-supereffective|p1a: Cresselia
|-damage|p1a: Cresselia|30\/444
|-start|p1a: Cresselia|confusion
|
|-heal|p1a: Cresselia|57\/444|[from] item: Leftovers
|-heal|p2a: Baymax|140\/421|[from] item: Leftovers
|turn|29
|
|switch|p2a: Jewrachi|Jirachi|299\/341
|-damage|p2a: Jewrachi|278\/341|[from] Stealth Rock
|-activate|p1a: Cresselia|confusion
|move|p1a: Cresselia|Psyshock|p2a: Jewrachi
|-crit|p2a: Jewrachi
|-resisted|p2a: Jewrachi
|-damage|p2a: Jewrachi|148\/341
|
|-heal|p1a: Cresselia|84\/444|[from] item: Leftovers
|turn|30
|
|move|p2a: Jewrachi|U-turn|p1a: Cresselia
|-supereffective|p1a: Cresselia
|-damage|p1a: Cresselia|0 fnt
|faint|p1a: Cresselia
|
|switch|p2a: Baymax|Reuniclus, M|140\/421
|
|-heal|p2a: Baymax|166\/421|[from] item: Leftovers
|
|switch|p1a: Krookodile|Krookodile, M|331\/331
|-ability|p1a: Krookodile|Intimidate|[of] p2a: Baymax
|-unboost|p2a: Baymax|atk|1
|turn|31
|
|move|p1a: Krookodile|Pursuit|p2a: Baymax
|-supereffective|p2a: Baymax
|-damage|p2a: Baymax|0 fnt
|faint|p2a: Baymax
|
|
|switch|p2a: As High As Honor|Pidgeot, M|307\/307
|-damage|p2a: As High As Honor|231\/307|[from] Stealth Rock
|turn|32
|
|switch|p1a: Kyurem|Kyurem|391\/391
|-ability|p1a: Kyurem|Pressure
|detailschange|p2a: As High As Honor|Pidgeot-Mega, M
|-mega|p2a: As High As Honor|Pidgeot|Pidgeotite
|move|p2a: As High As Honor|Hurricane|p1a: Kyurem
|-damage|p1a: Kyurem|153\/391
|
|turn|33
|
|switch|p2a: Jewrachi|Jirachi|148\/341
|-damage|p2a: Jewrachi|127\/341|[from] Stealth Rock
|move|p1a: Kyurem|Dragon Pulse|p2a: Jewrachi
|-resisted|p2a: Jewrachi
|-damage|p2a: Jewrachi|13\/341
|
|turn|34
|
|switch|p1a: Blastoise|Blastoise-Mega, M|276\/361
|move|p2a: Jewrachi|Healing Wish|p2a: Jewrachi
|faint|p2a: Jewrachi
|
|
|switch|p2a: As High As Honor|Pidgeot-Mega, M|231\/307
|-heal|p2a: As High As Honor|307\/307|[from] move: Healing Wish
|-damage|p2a: As High As Honor|231\/307|[from] Stealth Rock
|turn|35
|
|move|p2a: As High As Honor|Hurricane|p1a: Blastoise
|-damage|p1a: Blastoise|87\/361
|-start|p1a: Blastoise|confusion
|-activate|p1a: Blastoise|confusion
|move|p1a: Blastoise|Ice Beam|p2a: As High As Honor
|-supereffective|p2a: As High As Honor
|-damage|p2a: As High As Honor|0 fnt
|faint|p2a: As High As Honor
|
|
|switch|p2a: Aegon V Targaryen|Hydreigon, M|337\/337
|-damage|p2a: Aegon V Targaryen|295\/337|[from] Stealth Rock
|turn|36
|
|move|p2a: Aegon V Targaryen|Dark Pulse|p1a: Blastoise
|-damage|p1a: Blastoise|0 fnt
|faint|p1a: Blastoise
|
|-heal|p2a: Aegon V Targaryen|316\/337|[from] item: Leftovers
|
|switch|p1a: Nidoqueen|Nidoqueen, F|233\/380
|turn|37
|
|move|p2a: Aegon V Targaryen|Draco Meteor|p1a: Nidoqueen
|-damage|p1a: Nidoqueen|0 fnt
|-unboost|p2a: Aegon V Targaryen|spa|2
|faint|p1a: Nidoqueen
|
|-heal|p2a: Aegon V Targaryen|337\/337|[from] item: Leftovers
|c|âpipas13|why do you use a lefties hydreigon
|c|âdadsdad|its good :]
|
|switch|p1a: Krookodile|Krookodile, M|331\/331
|-ability|p1a: Krookodile|Intimidate|[of] p2a: Aegon V Targaryen
|-unboost|p2a: Aegon V Targaryen|atk|1
|turn|38
|c|âpipas13|looks like LO would be a lot better
|
|move|p2a: Aegon V Targaryen|Draco Meteor|p1a: Krookodile|[miss]
|-miss|p2a: Aegon V Targaryen|p1a: Krookodile
|move|p1a: Krookodile|Knock Off|p2a: Aegon V Targaryen
|-resisted|p2a: Aegon V Targaryen
|-damage|p2a: Aegon V Targaryen|205\/337
|-enditem|p2a: Aegon V Targaryen|Leftovers|[from] move: Knock Off|[of] p1a: Krookodile
|
|turn|39
|
|move|p2a: Aegon V Targaryen|Roost|p2a: Aegon V Targaryen
|-heal|p2a: Aegon V Targaryen|337\/337
|move|p1a: Krookodile|Knock Off|p2a: Aegon V Targaryen
|-resisted|p2a: Aegon V Targaryen
|-damage|p2a: Aegon V Targaryen|246\/337
|
|turn|40
|
|move|p2a: Aegon V Targaryen|Dark Pulse|p1a: Krookodile
|-resisted|p1a: Krookodile
|-damage|p1a: Krookodile|288\/331
|cant|p1a: Krookodile|flinch
|
|turn|41
|
|move|p2a: Aegon V Targaryen|Draco Meteor|p1a: Krookodile
|-damage|p1a: Krookodile|131\/331
|-unboost|p2a: Aegon V Targaryen|spa|2
|move|p1a: Krookodile|Knock Off|p2a: Aegon V Targaryen
|-resisted|p2a: Aegon V Targaryen
|-damage|p2a: Aegon V Targaryen|164\/337
|
|turn|42
|
|move|p2a: Aegon V Targaryen|Roost|p2a: Aegon V Targaryen
|-heal|p2a: Aegon V Targaryen|333\/337
|move|p1a: Krookodile|Knock Off|p2a: Aegon V Targaryen
|-resisted|p2a: Aegon V Targaryen
|-damage|p2a: Aegon V Targaryen|243\/337
|
|turn|43
|
|move|p2a: Aegon V Targaryen|Dark Pulse|p1a: Krookodile
|-resisted|p1a: Krookodile
|-damage|p1a: Krookodile|100\/331
|move|p1a: Krookodile|Knock Off|p2a: Aegon V Targaryen
|-resisted|p2a: Aegon V Targaryen
|-damage|p2a: Aegon V Targaryen|159\/337
|
|turn|44
|
|move|p2a: Aegon V Targaryen|Dark Pulse|p1a: Krookodile
|-resisted|p1a: Krookodile
|-damage|p1a: Krookodile|70\/331
|move|p1a: Krookodile|Knock Off|p2a: Aegon V Targaryen
|-resisted|p2a: Aegon V Targaryen
|-damage|p2a: Aegon V Targaryen|70\/337
|
|turn|45
|
|switch|p1a: Kyurem|Kyurem|153\/391
|-ability|p1a: Kyurem|Pressure
|move|p2a: Aegon V Targaryen|Dark Pulse|p1a: Kyurem
|-damage|p1a: Kyurem|107\/391
|
|turn|46
|
|move|p2a: Aegon V Targaryen|Draco Meteor|p1a: Kyurem
|-supereffective|p1a: Kyurem
|-damage|p1a: Kyurem|0 fnt
|-unboost|p2a: Aegon V Targaryen|spa|2
|faint|p1a: Kyurem
|
|c|âdadsdad|oml i thought you were max speed timid
|c|âdadsdad|im not max speed
|c|âpipas13|oh
|c|âpipas13|still why the fuck did you not roost
|c|âdadsdad|i wanted you to kill me
|c|âpipas13|or even draco meteor
|
|switch|p1a: Krookodile|Krookodile, M|70\/331
|-ability|p1a: Krookodile|Intimidate|[of] p2a: Aegon V Targaryen
|-unboost|p2a: Aegon V Targaryen|atk|1
|turn|47
|c|âdadsdad|i only run enough for krook so i wanted to try and set up with cune to beat kyurem
|c|âpipas13|if that happend im pretty sure i would win
|c|âpipas13|except i wouldnt let you set up more than one cm
|-message|pipas13 lost due to inactivity.
|
|move|p2a: Aegon V Targaryen|Roost|p2a: Aegon V Targaryen
|-heal|p2a: Aegon V Targaryen|239\/337
|move|p1a: Krookodile|Knock Off|p2a: Aegon V Targaryen
|-resisted|p2a: Aegon V Targaryen
|-damage|p2a: Aegon V Targaryen|149\/337
|
|turn|48
|c|âpipas13|which isnt enough
|
|win|dadsdad
|raw|Ladder updating...
|raw|pipas13's rating: 1427 &rarr; <strong>1410<\/strong><br \/>(-17 for losing)
|raw|dadsdad's rating: 1483 &rarr; <strong>1500<\/strong><br \/>(+17 for winning)
|c|âdadsdad|gg
|c|âpipas13|gg
|leave|dadsdad
|leave|pipas13
|player|p2
|player|p1
|join|dadsdad