|join|Kyla's Nightmare
|join|pipas13
|player|p1|Kyla's Nightmare|99
|player|p2|pipas13|193
|gametype|singles
|gen|6
|tier|UU
|rated
|rule|Sleep Clause Mod: Limit one foe put to sleep
|rule|Species Clause: Limit one of each PokÃ©mon
|rule|OHKO Clause: OHKO moves are banned
|rule|Moody Clause: Moody is banned
|rule|Evasion Moves Clause: Evasion moves are banned
|rule|Endless Battle Clause: Forcing endless battles is banned
|rule|HP Percentage Mod: HP is shown in percentages
|clearpoke
|poke|p1|Pidgeot, M, shiny
|poke|p1|Krookodile, F
|poke|p1|Tentacruel, M
|poke|p1|Chesnaught, M
|poke|p1|Aromatisse, M
|poke|p1|Entei, shiny
|poke|p2|Jirachi
|poke|p2|Pidgeot, M
|poke|p2|Snorlax, M
|poke|p2|Mienshao, F
|poke|p2|Krookodile, F
|poke|p2|Starmie
|rule|Swagger Clause: Swagger is banned
|rule|Baton Pass Clause: Limit one PokÃ©mon knowing Baton Pass
|teampreview
|c|âKyla's Nightmare|oops :[
|c|âKyla's Nightmare|accidentally in 2 battles
|
|start
|switch|p1a: Entei|Entei, shiny|371\/371
|switch|p2a: Pidgeot|Pidgeot, M|307\/307
|-ability|p1a: Entei|Pressure
|turn|1
|
|detailschange|p2a: Pidgeot|Pidgeot-Mega, M
|-mega|p2a: Pidgeot|Pidgeot|Pidgeotite
|move|p2a: Pidgeot|U-turn|p1a: Entei
|-resisted|p1a: Entei
|-damage|p1a: Entei|348\/371
|
|switch|p2a: Starmie|Starmie|323\/323
|move|p1a: Entei|Stone Edge|p2a: Starmie
|-damage|p2a: Starmie|143\/323
|
|-heal|p2a: Starmie|163\/323|[from] item: Leftovers
|turn|2
|
|switch|p1a: Chesnaught|Chesnaught, M|380\/380
|move|p2a: Starmie|Recover|p2a: Starmie
|-heal|p2a: Starmie|323\/323
|
|turn|3
|
|move|p2a: Starmie|Psyshock|p1a: Chesnaught
|-supereffective|p1a: Chesnaught
|-damage|p1a: Chesnaught|260\/380
|move|p1a: Chesnaught|Wood Hammer|p2a: Starmie
|-supereffective|p2a: Starmie
|-damage|p2a: Starmie|15\/323
|-damage|p1a: Chesnaught|158\/380|[from] recoil|[of] p2a: Starmie
|
|-heal|p2a: Starmie|35\/323|[from] item: Leftovers
|-heal|p1a: Chesnaught|181\/380|[from] item: Leftovers
|turn|4
|
|move|p1a: Chesnaught|Spiky Shield|p1a: Chesnaught
|-singleturn|p1a: Chesnaught|move: Protect
|move|p2a: Starmie|Recover|p2a: Starmie
|-heal|p2a: Starmie|197\/323
|
|-heal|p2a: Starmie|217\/323|[from] item: Leftovers
|-heal|p1a: Chesnaught|204\/380|[from] item: Leftovers
|turn|5
|
|switch|p2a: Jirachi|Jirachi|404\/404
|move|p1a: Chesnaught|Leech Seed|p2a: Jirachi|[miss]
|-miss|p1a: Chesnaught|p2a: Jirachi
|
|-heal|p1a: Chesnaught|227\/380|[from] item: Leftovers
|turn|6
|
|move|p1a: Chesnaught|Spiky Shield|p1a: Chesnaught
|-singleturn|p1a: Chesnaught|move: Protect
|move|p2a: Jirachi|Substitute|p2a: Jirachi
|-start|p2a: Jirachi|Substitute
|-damage|p2a: Jirachi|303\/404
|
|-heal|p2a: Jirachi|328\/404|[from] item: Leftovers
|-heal|p1a: Chesnaught|250\/380|[from] item: Leftovers
|turn|7
|
|switch|p1a: Krookodile|Krookodile, F|331\/331
|-activate|p2a: Jirachi|Substitute|ability: Intimidate|[of] p1a: Krookodile
|move|p2a: Jirachi|Toxic|p1a: Krookodile
|-status|p1a: Krookodile|tox
|
|-heal|p2a: Jirachi|353\/404|[from] item: Leftovers
|-damage|p1a: Krookodile|311\/331 tox|[from] psn
|turn|8
|
|move|p1a: Krookodile|Pursuit|p2a: Jirachi
|-crit|p2a: Jirachi
|-supereffective|p2a: Jirachi
|-end|p2a: Jirachi|Substitute
|move|p2a: Jirachi|Iron Head|p1a: Krookodile
|-damage|p1a: Krookodile|190\/331 tox
|
|-heal|p2a: Jirachi|378\/404|[from] item: Leftovers
|-damage|p1a: Krookodile|150\/331 tox|[from] psn
|turn|9
|
|switch|p1a: Entei|Entei, shiny|348\/371
|-ability|p1a: Entei|Pressure
|move|p2a: Jirachi|Iron Head|p1a: Entei
|-crit|p1a: Entei
|-resisted|p1a: Entei
|-damage|p1a: Entei|270\/371
|
|-heal|p2a: Jirachi|403\/404|[from] item: Leftovers
|turn|10
|
|switch|p2a: Starmie|Starmie|217\/323
|move|p1a: Entei|Sacred Fire|p2a: Starmie
|-resisted|p2a: Starmie
|-damage|p2a: Starmie|78\/323
|
|-heal|p2a: Starmie|98\/323|[from] item: Leftovers
|turn|11
|join|Lona
|c|âKyla's Nightmare|lona plz
|c| Lona|kek
|
|move|p2a: Starmie|Recover|p2a: Starmie
|-heal|p2a: Starmie|260\/323
|move|p1a: Entei|Sacred Fire|p2a: Starmie
|-resisted|p2a: Starmie
|-damage|p2a: Starmie|114\/323
|
|-heal|p2a: Starmie|134\/323|[from] item: Leftovers
|turn|12
|c| Lona|I like your team ngl
|c|âKyla's Nightmare|;p
|c|âKyla's Nightmare|im having some trouble with it though
|
|switch|p1a: Chesnaught|Chesnaught, M|250\/380
|move|p2a: Starmie|Recover|p2a: Starmie
|-heal|p2a: Starmie|296\/323
|
|-heal|p2a: Starmie|316\/323|[from] item: Leftovers
|-heal|p1a: Chesnaught|273\/380|[from] item: Leftovers
|turn|13
|
|switch|p2a: Pidgeot|Pidgeot-Mega, M|307\/307
|move|p1a: Chesnaught|Leech Seed|p2a: Pidgeot
|-start|p2a: Pidgeot|move: Leech Seed
|
|-heal|p1a: Chesnaught|296\/380|[from] item: Leftovers
|-damage|p2a: Pidgeot|269\/307|[from] Leech Seed|[of] p1a: Chesnaught
|-heal|p1a: Chesnaught|334\/380|[silent]
|turn|14
|c| Lona|o
|
|switch|p2a: Jirachi|Jirachi|403\/404
|switch|p1a: Tentacruel|Tentacruel, M|357\/357
|
|-heal|p2a: Jirachi|404\/404|[from] item: Leftovers
|turn|15
|c| Lona|what are the issues?
|c| Lona|is it this thing?
|c| Lona|*burd
|c|âKyla's Nightmare|waters and flying
|c|âKyla's Nightmare|and
|c|âKyla's Nightmare|psychic
|c| Lona|ic
|
|switch|p2a: Krookodile|Krookodile, F|331\/331
|-ability|p2a: Krookodile|Intimidate|[of] p1a: Tentacruel
|-unboost|p1a: Tentacruel|atk|1
|move|p1a: Tentacruel|Knock Off|p2a: Krookodile
|-resisted|p2a: Krookodile
|-damage|p2a: Krookodile|310\/331
|-enditem|p2a: Krookodile|Black Glasses|[from] move: Knock Off|[of] p1a: Tentacruel
|
|turn|16
|c| Lona|band champ kind of runs through your team as well
|c|âKyla's Nightmare|;-;
|
|move|p2a: Krookodile|Stealth Rock|p1a: Tentacruel
|-sidestart|p1: Kyla's Nightmare|move: Stealth Rock
|move|p1a: Tentacruel|Scald|p2a: Krookodile
|-supereffective|p2a: Krookodile
|-damage|p2a: Krookodile|106\/331
|
|turn|17
|join|Kuza
|c| Lona|and band darm
|c|âKyla's Nightmare|kuza plz
|c| Lona|more so
|
|move|p2a: Krookodile|Earthquake|p1a: Tentacruel
|-supereffective|p1a: Tentacruel
|-damage|p1a: Tentacruel|27\/357
|move|p1a: Tentacruel|Scald|p2a: Krookodile
|-supereffective|p2a: Krookodile
|-damage|p2a: Krookodile|0 fnt
|faint|p2a: Krookodile
|
|-heal|p1a: Tentacruel|49\/357|[from] item: Black Sludge
|c| Lona|kyla
|c| Lona|just run
|c| Lona|bulkier water
|c| Lona|and forry
|
|switch|p2a: Pidgeot|Pidgeot-Mega, M|269\/307
|turn|18
|c| Lona|c:
|c|âKyla's Nightmare|forry where
|c| Kuza|i got hit
|c| Lona|o
|c| Kuza|with the plz
|c|âKyla's Nightmare|whats bulkier water :P
|c| Lona|alomomola
|c| Lona|suicune
|
|move|p2a: Pidgeot|Hurricane|p1a: Tentacruel
|-damage|p1a: Tentacruel|0 fnt
|faint|p1a: Tentacruel
|
|c| Lona|c:
|c|âKyla's Nightmare|ok
|c| Lona|c:
|c|âKyla's Nightmare|and
|c| Kuza|baeporeon
|c| Lona|play semi stall c:
|c|âKyla's Nightmare|where would i put forry
|c| Lona|forry for errrr
|
|switch|p1a: Krookodile|Krookodile, F|150\/331 tox
|-damage|p1a: Krookodile|130\/331 tox|[from] Stealth Rock
|-ability|p1a: Krookodile|Intimidate|[of] p2a: Pidgeot
|-unboost|p2a: Pidgeot|atk|1
|turn|19
|c| Lona|krook or entei
|c|âKyla's Nightmare|uh
|c| Lona|then blissey for krook or entei
|
|switch|p2a: Mienshao|Mienshao, F|271\/271
|move|p1a: Krookodile|Stone Edge|p2a: Mienshao
|-resisted|p2a: Mienshao
|-damage|p2a: Mienshao|188\/271
|
|-damage|p1a: Krookodile|110\/331 tox|[from] psn
|turn|20
|c|âKyla's Nightmare|o
|c|âKyla's Nightmare|ok
|c| Lona|then you have semi stall
|c| Lona|kekeke
|c|âKyla's Nightmare|:^}
|
|switch|p1a: Pidgeot|Pidgeot, M, shiny|308\/308
|-damage|p1a: Pidgeot|231\/308|[from] Stealth Rock
|move|p2a: Mienshao|U-turn|p1a: Pidgeot
|-resisted|p1a: Pidgeot
|-damage|p1a: Pidgeot|181\/308
|c| Lona|n but
|c| Lona|you need a flying resist at least
|
|switch|p2a: Pidgeot|Pidgeot-Mega, M|269\/307
|
|turn|21
|c| Kuza|BURD
|c| Kuza|BURD
|c| Kuza|BURD
|c| Kuza|BURD
|c| Kuza|BURD
|c|âKyla's Nightmare|;-;
|c| Kuza|BURD
|c|âKyla's Nightmare|i lose haha
|c| Kuza|BURD
|c| Kuza|BURD
|c|âKyla's Nightmare|shhh kuza
|
|detailschange|p1a: Pidgeot|Pidgeot-Mega, M, shiny
|-mega|p1a: Pidgeot|Pidgeot|Pidgeotite
|move|p2a: Pidgeot|Hurricane|p1a: Pidgeot
|-damage|p1a: Pidgeot|0 fnt
|faint|p1a: Pidgeot
|
|
|switch|p1a: Krookodile|Krookodile, F|110\/331 tox
|-damage|p1a: Krookodile|90\/331 tox|[from] Stealth Rock
|-ability|p1a: Krookodile|Intimidate|[of] p2a: Pidgeot
|-unboost|p2a: Pidgeot|atk|1
|turn|22
|join|Duskt70
|c|âKyla's Nightmare|n duskt
|c|âKyla's Nightmare|pzl
|
|move|p1a: Krookodile|Pursuit|p2a: Pidgeot|[from]Pursuit
|-damage|p2a: Pidgeot|121\/307
|switch|p2a: Mienshao|Mienshao, F|188\/271
|
|-damage|p1a: Krookodile|70\/331 tox|[from] psn
|turn|23
|c| Kuza|pzl
|c|âKyla's Nightmare|plz
|
|switch|p1a: Aromatisse|Aromatisse, M|406\/406
|-damage|p1a: Aromatisse|356\/406|[from] Stealth Rock
|move|p2a: Mienshao|U-turn|p1a: Aromatisse
|-resisted|p1a: Aromatisse
|-damage|p1a: Aromatisse|318\/406
|
|switch|p2a: Jirachi|Jirachi|404\/404
|
|-heal|p1a: Aromatisse|343\/406|[from] item: Leftovers
|turn|24
|
|switch|p1a: Entei|Entei, shiny|270\/371
|-damage|p1a: Entei|178\/371|[from] Stealth Rock
|-ability|p1a: Entei|Pressure
|move|p2a: Jirachi|Substitute|p2a: Jirachi
|-start|p2a: Jirachi|Substitute
|-damage|p2a: Jirachi|303\/404
|
|-heal|p2a: Jirachi|328\/404|[from] item: Leftovers
|turn|25
|
|move|p2a: Jirachi|Toxic|p1a: Entei
|-status|p1a: Entei|tox
|move|p1a: Entei|Sacred Fire|p2a: Jirachi
|-supereffective|p2a: Jirachi
|-end|p2a: Jirachi|Substitute
|
|-heal|p2a: Jirachi|353\/404|[from] item: Leftovers
|-damage|p1a: Entei|155\/371 tox|[from] psn
|turn|26
|c| Duskt70|oh no
|c| Duskt70|;-;
|c|âKyla's Nightmare|i lose
|c|âKyla's Nightmare|but
|c|âKyla's Nightmare|lona helpin
|c| Duskt70|lona pls
|
|switch|p2a: Starmie|Starmie|316\/323
|move|p1a: Entei|Sacred Fire|p2a: Starmie
|-resisted|p2a: Starmie
|-damage|p2a: Starmie|178\/323
|-status|p2a: Starmie|brn
|
|-heal|p2a: Starmie|198\/323 brn|[from] item: Leftovers
|-damage|p2a: Starmie|158\/323 brn|[from] brn
|-damage|p1a: Entei|109\/371 tox|[from] psn
|turn|27
|c| Duskt70|lona lisa
|c| Duskt70|xD
|c|âKyla's Nightmare|oml
|c|âKyla's Nightmare|duskt
|c|âKyla's Nightmare|plz
|c| Duskt70|xD
|
|switch|p1a: Aromatisse|Aromatisse, M|343\/406
|-damage|p1a: Aromatisse|293\/406|[from] Stealth Rock
|move|p2a: Starmie|Scald|p1a: Aromatisse
|-damage|p1a: Aromatisse|188\/406
|
|-heal|p2a: Starmie|178\/323 brn|[from] item: Leftovers
|-heal|p1a: Aromatisse|213\/406|[from] item: Leftovers
|-damage|p2a: Starmie|138\/323 brn|[from] brn
|turn|28
|c|âKyla's Nightmare|so
|c|âKyla's Nightmare|aloma
|c|âKyla's Nightmare|blissey
|c|âKyla's Nightmare|and
|c|âKyla's Nightmare|forry
|c| Kuza|luna\/10
|
|move|p2a: Starmie|Recover|p2a: Starmie
|-heal|p2a: Starmie|300\/323 brn
|move|p1a: Aromatisse|Wish|p1a: Aromatisse
|
|-heal|p2a: Starmie|320\/323 brn|[from] item: Leftovers
|-heal|p1a: Aromatisse|238\/406|[from] item: Leftovers
|-damage|p2a: Starmie|280\/323 brn|[from] brn
|turn|29
|
|move|p2a: Starmie|Scald|p1a: Aromatisse
|-damage|p1a: Aromatisse|135\/406
|-status|p1a: Aromatisse|brn
|move|p1a: Aromatisse|Aromatherapy|p1a: Aromatisse
|-cureteam|p1a: Aromatisse|[from] move: Aromatherapy
|
|-heal|p1a: Aromatisse|338\/406|[from] move: Wish|[wisher] Aromatisse
|-heal|p2a: Starmie|300\/323 brn|[from] item: Leftovers
|-heal|p1a: Aromatisse|363\/406|[from] item: Leftovers
|-damage|p2a: Starmie|260\/323 brn|[from] brn
|turn|30
|join|Uniterflash RW5
|c| Uniterflash RW5|GO KYLA
|
|switch|p2a: Jirachi|Jirachi|353\/404
|move|p1a: Aromatisse|Moonblast|p2a: Jirachi
|-resisted|p2a: Jirachi
|-damage|p2a: Jirachi|299\/404
|
|-heal|p2a: Jirachi|324\/404|[from] item: Leftovers
|-heal|p1a: Aromatisse|388\/406|[from] item: Leftovers
|turn|31
|c|âKyla's Nightmare|i lose
|c|âKyla's Nightmare|flash plz
|c| Uniterflash RW5|kyla try harder
|c| Uniterflash RW5|channel your inner ash ketchum
|c|âKyla's Nightmare|ash ketchum sucks
|c| Uniterflash RW5|you feel great you can win YOU CAN DO THIS
|c|âKyla's Nightmare|lmao
|c|âKyla's Nightmare|naa
|c| Duskt70|xD
|
|move|p2a: Jirachi|Toxic|p1a: Aromatisse
|-status|p1a: Aromatisse|tox
|move|p1a: Aromatisse|Wish|p1a: Aromatisse
|
|-heal|p2a: Jirachi|349\/404|[from] item: Leftovers
|-heal|p1a: Aromatisse|406\/406 tox|[from] item: Leftovers
|-damage|p1a: Aromatisse|381\/406 tox|[from] psn
|turn|32
|
|switch|p1a: Entei|Entei, shiny|109\/371
|-damage|p1a: Entei|17\/371|[from] Stealth Rock
|-ability|p1a: Entei|Pressure
|move|p2a: Jirachi|Substitute|p2a: Jirachi
|-start|p2a: Jirachi|Substitute
|-damage|p2a: Jirachi|248\/404
|
|-heal|p1a: Entei|220\/371|[from] move: Wish|[wisher] Aromatisse
|-heal|p2a: Jirachi|273\/404|[from] item: Leftovers
|turn|33
|c|âKyla's Nightmare|jirachi n
|join|Cynthia's Chomp
|
|move|p2a: Jirachi|Iron Head|p1a: Entei
|-resisted|p1a: Entei
|-damage|p1a: Entei|171\/371
|move|p1a: Entei|Sacred Fire|p2a: Jirachi
|-supereffective|p2a: Jirachi
|-end|p2a: Jirachi|Substitute
|
|-heal|p2a: Jirachi|298\/404|[from] item: Leftovers
|turn|34
|c|âKyla's Nightmare|whya re all these people joining
|leave|Cynthia's Chomp
|c|âKyla's Nightmare|lol
|c| Uniterflash RW5|mayb
|
|switch|p2a: Starmie|Starmie|260\/323
|move|p1a: Entei|Sacred Fire|p2a: Starmie
|-resisted|p2a: Starmie
|-damage|p2a: Starmie|101\/323
|-status|p2a: Starmie|brn
|
|-heal|p2a: Starmie|121\/323 brn|[from] item: Leftovers
|-damage|p2a: Starmie|81\/323 brn|[from] brn
|turn|35
|c| Uniterflash RW5|im popular
|c|âKyla's Nightmare|or me :^}
|c| Uniterflash RW5|oh nb
|c|âKyla's Nightmare|jk
|join|Zhaf
|c|âKyla's Nightmare|everyone is following luna
|
|switch|p1a: Chesnaught|Chesnaught, M|334\/380
|-damage|p1a: Chesnaught|311\/380|[from] Stealth Rock
|move|p2a: Starmie|Recover|p2a: Starmie
|-heal|p2a: Starmie|243\/323 brn
|
|-heal|p2a: Starmie|263\/323 brn|[from] item: Leftovers
|-heal|p1a: Chesnaught|334\/380|[from] item: Leftovers
|-damage|p2a: Starmie|223\/323 brn|[from] brn
|turn|36
|c| Zhaf|Tru
|join|BenzMafia
|leave|BenzMafia
|c|âKyla's Nightmare|luna you are attracting people over ehre
|c|âKyla's Nightmare|*here
|
|switch|p2a: Jirachi|Jirachi|298\/404
|move|p1a: Chesnaught|Wood Hammer|p2a: Jirachi
|-resisted|p2a: Jirachi
|-damage|p2a: Jirachi|225\/404
|-damage|p1a: Chesnaught|310\/380|[from] recoil|[of] p2a: Jirachi
|
|-heal|p2a: Jirachi|250\/404|[from] item: Leftovers
|-heal|p1a: Chesnaught|333\/380|[from] item: Leftovers
|turn|37
|leave|Duskt70
|
|switch|p1a: Entei|Entei, shiny|171\/371
|-damage|p1a: Entei|79\/371|[from] Stealth Rock
|-ability|p1a: Entei|Pressure
|move|p2a: Jirachi|Toxic|p1a: Entei
|-status|p1a: Entei|tox
|
|-heal|p2a: Jirachi|275\/404|[from] item: Leftovers
|-damage|p1a: Entei|56\/371 tox|[from] psn
|turn|38
|
|move|p2a: Jirachi|Iron Head|p1a: Entei
|-resisted|p1a: Entei
|-damage|p1a: Entei|0 fnt
|faint|p1a: Entei
|
|-heal|p2a: Jirachi|300\/404|[from] item: Leftovers
|
|switch|p1a: Krookodile|Krookodile, F|70\/331
|-damage|p1a: Krookodile|50\/331|[from] Stealth Rock
|-ability|p1a: Krookodile|Intimidate|[of] p2a: Jirachi
|-unboost|p2a: Jirachi|atk|1
|turn|39
|c|âKyla's Nightmare|rip-a-roni
|
|switch|p2a: Mienshao|Mienshao, F|188\/271
|move|p1a: Krookodile|Earthquake|p2a: Mienshao
|-damage|p2a: Mienshao|0 fnt
|faint|p2a: Mienshao
|
|
|switch|p2a: Pidgeot|Pidgeot-Mega, M|121\/307
|turn|40
|
|switch|p1a: Aromatisse|Aromatisse, M|381\/406 tox
|-damage|p1a: Aromatisse|331\/406 tox|[from] Stealth Rock
|move|p2a: Pidgeot|Roost|p2a: Pidgeot
|-heal|p2a: Pidgeot|275\/307
|
|-heal|p1a: Aromatisse|356\/406 tox|[from] item: Leftovers
|-damage|p1a: Aromatisse|331\/406 tox|[from] psn
|turn|41
|
|move|p2a: Pidgeot|U-turn|p1a: Aromatisse
|-resisted|p1a: Aromatisse
|-damage|p1a: Aromatisse|313\/406 tox
|
|switch|p2a: Jirachi|Jirachi|300\/404
|move|p1a: Aromatisse|Aromatherapy|p1a: Aromatisse
|-cureteam|p1a: Aromatisse|[from] move: Aromatherapy
|
|-heal|p2a: Jirachi|325\/404|[from] item: Leftovers
|-heal|p1a: Aromatisse|338\/406|[from] item: Leftovers
|turn|42
|
|move|p2a: Jirachi|Iron Head|p1a: Aromatisse
|-supereffective|p1a: Aromatisse
|-damage|p1a: Aromatisse|170\/406
|cant|p1a: Aromatisse|flinch
|
|-heal|p2a: Jirachi|350\/404|[from] item: Leftovers
|-heal|p1a: Aromatisse|195\/406|[from] item: Leftovers
|turn|43
|c|âKyla's Nightmare|n stahp
|c|âKyla's Nightmare|lol
|
|switch|p1a: Chesnaught|Chesnaught, M|333\/380
|-damage|p1a: Chesnaught|310\/380|[from] Stealth Rock
|move|p2a: Jirachi|Iron Head|p1a: Chesnaught
|-damage|p1a: Chesnaught|253\/380
|
|-heal|p2a: Jirachi|375\/404|[from] item: Leftovers
|-heal|p1a: Chesnaught|276\/380|[from] item: Leftovers
|turn|44
|-message|Kyla's Nightmare forfeited.
|c|âKyla's Nightmare|gg
|
|win|pipas13
|raw|Ladder updating...
|raw|Kyla&apos;s Nightmare's rating: 1151 &rarr; <strong>1118<\/strong><br \/>(-33 for losing)
|raw|pipas13's rating: 1045 &rarr; <strong>1088<\/strong><br \/>(+43 for winning)
|c|âpipas13|gg
|c|âKyla's Nightmare|:^}
|leave|Kyla's Nightmare
|leave|Zhaf
|player|p1
|leave|pipas13
|join|pipas13
|player|p2