|join|Cat8752
|join|pipas13
|player|p1|Cat8752|209
|player|p2|pipas13|193
|gametype|singles
|gen|6
|tier|UU
|rated
|rule|Sleep Clause Mod: Limit one foe put to sleep
|rule|Species Clause: Limit one of each PokÃ©mon
|rule|OHKO Clause: OHKO moves are banned
|rule|Moody Clause: Moody is banned
|rule|Evasion Moves Clause: Evasion moves are banned
|rule|Endless Battle Clause: Forcing endless battles is banned
|rule|HP Percentage Mod: HP is shown in percentages
|clearpoke
|poke|p1|Azelf
|poke|p1|Lucario, M
|poke|p1|Entei, shiny
|poke|p1|Crobat, M
|poke|p1|Hydreigon, F
|poke|p1|Jirachi, shiny
|poke|p2|Cresselia, F
|poke|p2|Lucario, F
|poke|p2|Kyurem
|poke|p2|Nidoqueen, F
|poke|p2|Krookodile, F
|poke|p2|Blastoise, M
|rule|Swagger Clause: Swagger is banned
|rule|Baton Pass Clause: Limit one PokÃ©mon knowing Baton Pass
|teampreview
|join|Truth In Lies
|join|AllAttackOnLadders
|c|âCat8752|hay
|c|âpipas13|gl
|c|âCat8752|hv
|
|start
|switch|p1a: Lil' nuke|Azelf|291\/291
|switch|p2a: Blastoise|Blastoise, M|361\/361
|turn|1
|
|switch|p1a: Smaug|Hydreigon, F|325\/325
|detailschange|p2a: Blastoise|Blastoise-Mega, M
|-mega|p2a: Blastoise|Blastoise|Blastoisinite
|move|p2a: Blastoise|Dark Pulse|p1a: Smaug
|-resisted|p1a: Smaug
|-damage|p1a: Smaug|226\/325
|
|turn|2
|
|move|p1a: Smaug|Draco Meteor|p2a: Blastoise
|-damage|p2a: Blastoise|131\/361
|-unboost|p1a: Smaug|spa|2
|-damage|p1a: Smaug|194\/325|[from] item: Life Orb
|move|p2a: Blastoise|Ice Beam|p1a: Smaug
|-supereffective|p1a: Smaug
|-damage|p1a: Smaug|0 fnt
|faint|p1a: Smaug
|
|
|switch|p1a: Lucario|Lucario, M|281\/281
|turn|3
|
|switch|p2a: Cresselia|Cresselia, F|444\/444
|move|p1a: Lucario|Close Combat|p2a: Cresselia
|-resisted|p2a: Cresselia
|-damage|p2a: Cresselia|354\/444
|-unboost|p1a: Lucario|def|1
|-unboost|p1a: Lucario|spd|1
|-damage|p1a: Lucario|253\/281|[from] item: Life Orb
|
|-heal|p2a: Cresselia|381\/444|[from] item: Leftovers
|turn|4
|c| AllAttack|lord fatty
|c| AllAttack|is here
|
|switch|p1a: HAX GOD|Jirachi, shiny|342\/342
|move|p2a: Cresselia|Psyshock|p1a: HAX GOD
|-resisted|p1a: HAX GOD
|-damage|p1a: HAX GOD|323\/342
|
|-heal|p2a: Cresselia|408\/444|[from] item: Leftovers
|turn|5
|c|âCat8752|that should be ur cress' name
|
|move|p1a: HAX GOD|Iron Head|p2a: Cresselia
|-damage|p2a: Cresselia|315\/444
|move|p2a: Cresselia|Moonlight|p2a: Cresselia
|-heal|p2a: Cresselia|444\/444
|
|turn|6
|c|âCat8752|lord fatty is here
|c|âCat8752|it would be perfect
|
|switch|p2a: Krookodile|Krookodile, F|331\/331
|-ability|p2a: Krookodile|Intimidate|[of] p1a: HAX GOD
|-unboost|p1a: HAX GOD|atk|1
|move|p1a: HAX GOD|Iron Head|p2a: Krookodile
|-damage|p2a: Krookodile|231\/331
|
|turn|7
|
|move|p2a: Krookodile|Pursuit|p1a: HAX GOD|[from]Pursuit
|-crit|p1a: HAX GOD
|-supereffective|p1a: HAX GOD
|-damage|p1a: HAX GOD|0 fnt
|faint|p1a: HAX GOD
|
|c|âCat8752|ofc
|c|âCat8752|of course there's a crit when it matters
|c| AllAttack|don't give up hope
|c| AllAttack|u will get 80 gxe
|c|âCat8752|I hate you btw
|
|switch|p1a: Lucario|Lucario, M|253\/281
|turn|8
|join|WindDemon
|
|switch|p2a: Cresselia|Cresselia, F|444\/444
|move|p1a: Lucario|Close Combat|p2a: Cresselia
|-resisted|p2a: Cresselia
|-damage|p2a: Cresselia|349\/444
|-unboost|p1a: Lucario|def|1
|-unboost|p1a: Lucario|spd|1
|-damage|p1a: Lucario|225\/281|[from] item: Life Orb
|
|-heal|p2a: Cresselia|376\/444|[from] item: Leftovers
|turn|9
|c|âCat8752|yay I'm popular
|c|âCat8752|all the cool kids are here
|c| Truth In Lies|I think its just me
|
|switch|p1a: Waifu 4 Laifu|Entei, shiny|371\/371
|-ability|p1a: Waifu 4 Laifu|Pressure
|move|p2a: Cresselia|Calm Mind|p2a: Cresselia
|-boost|p2a: Cresselia|spa|1
|-boost|p2a: Cresselia|spd|1
|
|-heal|p2a: Cresselia|403\/444|[from] item: Leftovers
|turn|10
|c|âCat8752|lel
|c| WindDemon|dah hell
|c| WindDemon|is that entei
|c|âCat8752|Winddemon is almost cool
|c| WindDemon|yo waifu is shit
|c| Truth In Lies|Surprised this otherman hasnt just kyurem'd yo ass
|c|âCat8752|entei is my waifu <3
|c| WindDemon|git that
|
|move|p1a: Waifu 4 Laifu|Flare Blitz|p2a: Cresselia
|-damage|p2a: Cresselia|192\/444
|-status|p2a: Cresselia|brn
|-damage|p1a: Waifu 4 Laifu|301\/371|[from] recoil|[of] p2a: Cresselia
|move|p2a: Cresselia|Psyshock|p1a: Waifu 4 Laifu
|-damage|p1a: Waifu 4 Laifu|166\/371
|
|-heal|p2a: Cresselia|219\/444 brn|[from] item: Leftovers
|-damage|p2a: Cresselia|164\/444 brn|[from] brn
|turn|11
|c| WindDemon|3rd r8
|c| WindDemon|dog outta here
|c| Truth In Lies|Lucky and bad
|c|âCat8752|don't give my opponent ideas
|c| WindDemon|not even bad tho
|c| WindDemon|rofl
|c|âCat8752|entei is amaze
|c| Truth In Lies|Sacred fire was the good play but nah you got lucky and fb burn
|c|âCat8752|stop h8ing on my waifu
|join|UU topkek
|
|move|p1a: Waifu 4 Laifu|Flare Blitz|p2a: Cresselia
|-damage|p2a: Cresselia|0 fnt
|-damage|p1a: Waifu 4 Laifu|112\/371|[from] recoil|[of] p2a: Cresselia
|faint|p2a: Cresselia
|
|c| Truth In Lies|Im not hating on it
|c|âCat8752|I was gonna go for sacred fire
|c| Truth In Lies|im hating on you
|c| Truth In Lies|:\/
|c|âCat8752|then I remember the cancel button was a decoration
|c| WindDemon|hawt fiya
|c|âCat8752|talking to the demon
|c|âCat8752|Idek if u h8 on me
|leave|UU topkek
|c|âCat8752|just don't talk shit about my waifu
|c| WindDemon|bull shit ass
|c| WindDemon|flare blitz burn
|c|âCat8752|:)
|c| WindDemon|u shud b sorry
|
|switch|p2a: Krookodile|Krookodile, F|231\/331
|-ability|p2a: Krookodile|Intimidate|[of] p1a: Waifu 4 Laifu
|-unboost|p1a: Waifu 4 Laifu|atk|1
|turn|12
|c| WindDemon|~~not rly tho~~
|c|âCat8752|I have a jirachi, I get autohax
|c|âCat8752|u know u love me
|c| WindDemon|serene grace buff
|c| WindDemon|it works like victory star
|join|UU topkek
|c| WindDemon|boosts dem teamm8s
|
|switch|p1a: Brobat|Crobat, M|373\/373
|move|p2a: Krookodile|Knock Off|p1a: Brobat
|-damage|p1a: Brobat|102\/373
|-enditem|p1a: Brobat|Black Sludge|[from] move: Knock Off|[of] p2a: Krookodile
|
|turn|13
|c|âCat8752|^^^
|c|âCat8752|it really does tho
|c| WindDemon|Cat reveal
|c| WindDemon|hp bug
|c|âCat8752|k
|
|switch|p2a: Kyurem|Kyurem|391\/391
|-ability|p2a: Kyurem|Pressure
|move|p1a: Brobat|Roost|p1a: Brobat
|-heal|p1a: Brobat|289\/373
|
|turn|14
|c| AllAttack|reveal the 79.9999 gxe
|c|âCat8752|die in a fire
|c|âCat8752|m8
|c| UU topkek|be specs
|c| UU topkek|and shit on him pls
|c| AllAttack|why a fire
|c|âpipas13|as you can see krook is banded so the jirachi crit didnt actually matter
|c| AllAttack|ohko with ice beam specs
|
|move|p1a: Brobat|U-turn|p2a: Kyurem
|-damage|p2a: Kyurem|333\/391
|c| UU topkek|modest specs
|c| UU topkek|2hkoes florg
|c| AllAttack|e power
|c| UU topkek|pls
|c| AllAttack|this luke
|c|âCat8752|gais
|c| AllAttack|or entei
|c|âCat8752|shut up
|
|switch|p1a: Lil' nuke|Azelf|291\/291
|move|p2a: Kyurem|Ice Beam|p1a: Lil' nuke
|-enditem|p1a: Lil' nuke|Focus Sash
|-damage|p1a: Lil' nuke|1\/291
|-status|p1a: Lil' nuke|frz
|
|turn|15
|c| WindDemon|die Cat
|c| WindDemon|nb
|c| Truth In Lies|You can always ignore spectators kek
|c| WindDemon|freeze
|c| AllAttack|REKT
|c| WindDemon|OYES
|c| UU topkek|LOL
|c|âCat8752|of course
|c| Truth In Lies|Ah get played
|c| AllAttack|NO THAW
|c| AllAttack|!!!!!
|c| Truth In Lies|the freeze was predicted
|c| WindDemon|nice and
|c| WindDemon|outplayed
|
|cant|p1a: Lil' nuke|frz
|move|p2a: Kyurem|Ice Beam|p1a: Lil' nuke
|-damage|p1a: Lil' nuke|0 fnt
|faint|p1a: Lil' nuke
|
|c| WindDemon|nb
|c|âCat8752|AA u tried to get 80 GXE and 50 wins in Ubers and failed
|c| WindDemon|revenge for flare blitz burn hax imo
|c|âCat8752|bitch please
|c| AllAttack|i didn;t
|leave|UU topkek
|
|switch|p1a: Lucario|Lucario, M|225\/281
|turn|16
|c| AllAttack|if u can see
|c| Truth In Lies|>50 wins
|c| Truth In Lies|Im su its 50 games
|c| AllAttack|i'm trying in dubs
|c| AllAttack|and
|c| Truth In Lies|sure*
|c| AllAttack|i'm 96 on ladder
|c|âCat8752|I mean you did
|c| AllAttack|tyvm
|
|switch|p2a: Nidoqueen|Nidoqueen, F|380\/380
|move|p1a: Lucario|Close Combat|p2a: Nidoqueen
|-resisted|p2a: Nidoqueen
|-damage|p2a: Nidoqueen|232\/380
|-unboost|p1a: Lucario|def|1
|-unboost|p1a: Lucario|spd|1
|-damage|p1a: Lucario|197\/281|[from] item: Life Orb
|
|turn|17
|c|âCat8752|u guys are cancer, u know that?
|
|switch|p1a: Brobat|Crobat, M|289\/373
|move|p2a: Nidoqueen|Earth Power|p1a: Brobat
|-immune|p1a: Brobat|[msg]
|
|turn|18
|c|âCat8752|wow okay
|c| WindDemon|oyes
|c| Truth In Lies|Cat just cant handl the pessure
|c| Truth In Lies|handle*
|
|move|p1a: Brobat|Brave Bird|p2a: Nidoqueen
|-damage|p2a: Nidoqueen|69\/380
|-damage|p1a: Brobat|235\/373|[from] recoil|[of] p2a: Nidoqueen
|move|p2a: Nidoqueen|Ice Beam|p1a: Brobat
|-supereffective|p1a: Brobat
|-damage|p1a: Brobat|0 fnt
|faint|p1a: Brobat
|
|join|Sassy Mafia Goon
|c|âCat8752|u guys are just horriblelol
|c| Truth In Lies|^ excuses
|
|switch|p1a: Lucario|Lucario, M|197\/281
|turn|19
|
|move|p1a: Lucario|Extreme Speed|p2a: Nidoqueen
|-damage|p2a: Nidoqueen|0 fnt
|-damage|p1a: Lucario|169\/281|[from] item: Life Orb
|faint|p2a: Nidoqueen
|
|leave|Sassy Mafia Goon
|c|âCat8752|^that are true
|
|switch|p2a: Krookodile|Krookodile, F|231\/331
|-ability|p2a: Krookodile|Intimidate|[of] p1a: Lucario
|-unboost|p1a: Lucario|atk|1
|turn|20
|c| WindDemon|nb nb
|c| WindDemon|Cat
|c| WindDemon|reveal aura sphere
|c|âCat8752|gg lol
|c| Truth In Lies|This is why we have air balloon lucario kek
|c|âpipas13|gg
|
|move|p2a: Krookodile|Earthquake|p1a: Lucario
|-supereffective|p1a: Lucario
|-damage|p1a: Lucario|0 fnt
|faint|p1a: Lucario
|
|
|switch|p1a: Waifu 4 Laifu|Entei, shiny|112\/371
|-ability|p1a: Waifu 4 Laifu|Pressure
|turn|21
|
|move|p2a: Krookodile|Earthquake|p1a: Waifu 4 Laifu
|-supereffective|p1a: Waifu 4 Laifu
|-damage|p1a: Waifu 4 Laifu|0 fnt
|faint|p1a: Waifu 4 Laifu
|
|win|pipas13
|raw|Ladder updating...
|c| WindDemon|oyes
|c|âCat8752|fuck u gais
|raw|Cat8752's rating: 1470 &rarr; <strong>1447<\/strong><br \/>(-23 for losing)
|raw|pipas13's rating: 1430 &rarr; <strong>1452<\/strong><br \/>(+22 for winning)