|join|Miss Noob
|join|Tom's Uncle
|player|p1|Miss Noob|283
|player|p2|Tom's Uncle|2
|gametype|singles
|gen|6
|tier|UU
|rated
|rule|Sleep Clause Mod: Limit one foe put to sleep
|rule|Species Clause: Limit one of each PokÃ©mon
|rule|OHKO Clause: OHKO moves are banned
|rule|Moody Clause: Moody is banned
|rule|Evasion Moves Clause: Evasion moves are banned
|rule|Endless Battle Clause: Forcing endless battles is banned
|rule|HP Percentage Mod: HP is shown in percentages
|clearpoke
|poke|p1|Fletchinder, F, shiny
|poke|p1|Raikou, shiny
|poke|p1|Absol, M
|poke|p1|Donphan, M
|poke|p1|Zygarde
|poke|p1|Uxie
|poke|p2|Hydreigon, M
|poke|p2|Arcanine, F
|poke|p2|Vaporeon, F
|poke|p2|Aggron, F
|poke|p2|Crobat, F
|poke|p2|Zygarde
|rule|Swagger Clause: Swagger is banned
|rule|Baton Pass Clause: Limit one PokÃ©mon knowing Baton Pass
|teampreview
|
|start
|switch|p1a: D-Angelo|Absol, M|271\/271
|switch|p2a: Hydreigon|Hydreigon, M|387\/387
|turn|1
|
|switch|p2a: Aggron|Aggron, F|344\/344
|detailschange|p1a: D-Angelo|Absol-Mega, M
|message|Absol has Mega Evolved into Mega Absol!
|move|p1a: D-Angelo|Protect|p1a: D-Angelo
|-fail|p1a: D-Angelo
|
|turn|2
|
|detailschange|p2a: Aggron|Aggron-Mega, F
|message|Aggron has Mega Evolved into Mega Aggron!
|move|p1a: D-Angelo|Will-O-Wisp|p2a: Aggron|[miss]
|-miss|p1a: D-Angelo|p2a: Aggron
|move|p2a: Aggron|Heavy Slam|p1a: D-Angelo
|-damage|p1a: D-Angelo|0 fnt
|faint|p1a: D-Angelo
|
|c|âMiss Noob|mmmm
|c|âMiss Noob|last batle
|c|âMiss Noob|tpday is pure hax
|c|âTom's Uncle|Unlucky
|c|âMiss Noob|all the battles
|
|switch|p1a: 5|Fletchinder, F, shiny|327\/327
|turn|3
|
|move|p1a: 5|Will-O-Wisp|p2a: Aggron
|-status|p2a: Aggron|brn
|move|p2a: Aggron|Toxic|p1a: 5
|-status|p1a: 5|tox
|
|-damage|p1a: 5|307\/327 tox|[from] psn
|-damage|p2a: Aggron|301\/344 brn|[from] brn
|turn|4
|
|switch|p1a: Uzzi|Uxie|353\/353
|move|p2a: Aggron|Toxic|p1a: Uzzi|[miss]
|-miss|p2a: Aggron|p1a: Uzzi
|
|-damage|p2a: Aggron|258\/344 brn|[from] brn
|turn|5
|
|move|p1a: Uzzi|Stealth Rock|p2a: Aggron
|-sidestart|p2: Tom's Uncle|move: Stealth Rock
|move|p2a: Aggron|Toxic|p1a: Uzzi
|-status|p1a: Uzzi|tox
|
|-damage|p1a: Uzzi|331\/353 tox|[from] psn
|-damage|p2a: Aggron|215\/344 brn|[from] brn
|turn|6
|
|switch|p2a: Vaporeon|Vaporeon, F|449\/449
|-damage|p2a: Vaporeon|393\/449|[from] Stealth Rock
|move|p1a: Uzzi|U-turn|p2a: Vaporeon
|-damage|p2a: Vaporeon|347\/449
|
|switch|p1a: Musho|Raikou, shiny|322\/322
|-ability|p1a: Musho|Pressure
|
|-heal|p2a: Vaporeon|375\/449|[from] item: Leftovers
|turn|7
|c|âTom's Uncle|I remember facing this team Before
|
|move|p1a: Musho|Substitute|p1a: Musho
|-start|p1a: Musho|Substitute
|-damage|p1a: Musho|242\/322
|move|p2a: Vaporeon|Scald|p1a: Musho
|-end|p1a: Musho|Substitute
|
|-heal|p1a: Musho|262\/322|[from] item: Leftovers
|-heal|p2a: Vaporeon|403\/449|[from] item: Leftovers
|turn|8
|c|âMiss Noob|maby
|
|move|p1a: Musho|Calm Mind|p1a: Musho
|-boost|p1a: Musho|spa|1
|-boost|p1a: Musho|spd|1
|move|p2a: Vaporeon|Scald|p1a: Musho
|-damage|p1a: Musho|189\/322
|
|-heal|p1a: Musho|209\/322|[from] item: Leftovers
|-heal|p2a: Vaporeon|431\/449|[from] item: Leftovers
|turn|9
|c|âMiss Noob|VS EMblema de fuego?
|c|âTom's Uncle|Yup
|
|move|p1a: Musho|Substitute|p1a: Musho
|-start|p1a: Musho|Substitute
|-damage|p1a: Musho|129\/322
|move|p2a: Vaporeon|Heal Bell|p2a: Vaporeon
|-cureteam|p2a: Vaporeon|[from] move: HealBell
|
|-heal|p1a: Musho|149\/322|[from] item: Leftovers
|-heal|p2a: Vaporeon|449\/449|[from] item: Leftovers
|turn|10
|c|âMiss Noob|is my other nick
|c|âMiss Noob|i won or i lost? XD
|
|move|p1a: Musho|Calm Mind|p1a: Musho
|-boost|p1a: Musho|spa|1
|-boost|p1a: Musho|spd|1
|move|p2a: Vaporeon|Scald|p1a: Musho
|-activate|p1a: Musho|Substitute|[damage]
|
|-heal|p1a: Musho|169\/322|[from] item: Leftovers
|turn|11
|
|move|p1a: Musho|Thunderbolt|p2a: Vaporeon
|-supereffective|p2a: Vaporeon
|-damage|p2a: Vaporeon|0 fnt
|faint|p2a: Vaporeon
|
|-heal|p1a: Musho|189\/322|[from] item: Leftovers
|
|switch|p2a: Crobat|Crobat, F|373\/373
|-damage|p2a: Crobat|280\/373|[from] Stealth Rock
|turn|12
|c|âMiss Noob|toxic infiltrator?
|
|move|p2a: Crobat|Toxic|p1a: Musho
|-status|p1a: Musho|tox
|move|p1a: Musho|Thunderbolt|p2a: Crobat
|-supereffective|p2a: Crobat
|-damage|p2a: Crobat|0 fnt
|faint|p2a: Crobat
|
|-heal|p1a: Musho|209\/322 tox|[from] item: Leftovers
|-damage|p1a: Musho|189\/322 tox|[from] psn
|c|âTom's Uncle|You know me so well
|
|switch|p2a: Hydreigon|Hydreigon, M|387\/387
|-damage|p2a: Hydreigon|339\/387|[from] Stealth Rock
|turn|13
|c|âMiss Noob|XD
|c|âMiss Noob|is good
|c|âMiss Noob|surprise
|
|move|p1a: Musho|Hidden Power|p2a: Hydreigon
|-supereffective|p2a: Hydreigon
|-damage|p2a: Hydreigon|119\/387
|move|p2a: Hydreigon|Roost|p2a: Hydreigon
|-heal|p2a: Hydreigon|313\/387
|
|-heal|p1a: Musho|209\/322 tox|[from] item: Leftovers
|-heal|p2a: Hydreigon|337\/387|[from] item: Leftovers
|-damage|p1a: Musho|169\/322 tox|[from] psn
|turn|14
|c|âMiss Noob|exept steel type
|c|âMiss Noob|Wow
|c|âMiss Noob|is surprising!
|
|move|p1a: Musho|Calm Mind|p1a: Musho
|-boost|p1a: Musho|spa|1
|-boost|p1a: Musho|spd|1
|move|p2a: Hydreigon|Substitute|p2a: Hydreigon
|-start|p2a: Hydreigon|Substitute
|-damage|p2a: Hydreigon|241\/387
|
|-heal|p1a: Musho|189\/322 tox|[from] item: Leftovers
|-heal|p2a: Hydreigon|265\/387|[from] item: Leftovers
|-damage|p1a: Musho|129\/322 tox|[from] psn
|turn|15
|
|move|p1a: Musho|Hidden Power|p2a: Hydreigon
|-supereffective|p2a: Hydreigon
|-end|p2a: Hydreigon|Substitute
|move|p2a: Hydreigon|Substitute|p2a: Hydreigon
|-start|p2a: Hydreigon|Substitute
|-damage|p2a: Hydreigon|169\/387
|
|-heal|p1a: Musho|149\/322 tox|[from] item: Leftovers
|-heal|p2a: Hydreigon|193\/387|[from] item: Leftovers
|-damage|p1a: Musho|69\/322 tox|[from] psn
|turn|16
|
|switch|p1a: Rodolfo|Donphan, M|383\/383
|move|p2a: Hydreigon|Roost|p2a: Hydreigon
|-heal|p2a: Hydreigon|387\/387
|
|turn|17
|
|move|p2a: Hydreigon|Toxic|p1a: Rodolfo
|-status|p1a: Rodolfo|tox
|move|p1a: Rodolfo|Roar|p2a: Hydreigon
|drag|p2a: Arcanine|Arcanine, F|383\/383
|-damage|p2a: Arcanine|288\/383|[from] Stealth Rock
|-ability|p2a: Arcanine|Intimidate|[of] p1a: Rodolfo
|-unboost|p1a: Rodolfo|atk|1
|
|-heal|p2a: Arcanine|311\/383|[from] item: Leftovers
|-damage|p1a: Rodolfo|360\/383 tox|[from] psn
|turn|18
|
|switch|p2a: Hydreigon|Hydreigon, M|387\/387
|-damage|p2a: Hydreigon|339\/387|[from] Stealth Rock
|switch|p1a: Uzzi|Uxie|331\/353 tox
|
|-heal|p2a: Hydreigon|363\/387|[from] item: Leftovers
|-heal|p1a: Uzzi|353\/353 tox|[from] item: Leftovers
|-damage|p1a: Uzzi|331\/353 tox|[from] psn
|turn|19
|
|move|p2a: Hydreigon|Taunt|p1a: Uzzi
|-start|p1a: Uzzi|move: Taunt
|move|p1a: Uzzi|U-turn|p2a: Hydreigon
|-supereffective|p2a: Hydreigon
|-damage|p2a: Hydreigon|273\/387
|
|switch|p1a: 5|Fletchinder, F, shiny|307\/327 tox
|
|-heal|p2a: Hydreigon|297\/387|[from] item: Leftovers
|-damage|p1a: 5|287\/327 tox|[from] psn
|turn|20
|c|âMiss Noob|Absol is the key :(
|
|move|p1a: 5|Acrobatics|p2a: Hydreigon
|-damage|p2a: Hydreigon|134\/387
|move|p2a: Hydreigon|Substitute|p2a: Hydreigon
|-start|p2a: Hydreigon|Substitute
|-damage|p2a: Hydreigon|38\/387
|
|-heal|p2a: Hydreigon|62\/387|[from] item: Leftovers
|-damage|p1a: 5|247\/327 tox|[from] psn
|turn|21
|
|switch|p1a: Rodolfo|Donphan, M|360\/383 tox
|move|p2a: Hydreigon|Roost|p2a: Hydreigon
|-heal|p2a: Hydreigon|256\/387
|
|-heal|p2a: Hydreigon|280\/387|[from] item: Leftovers
|-heal|p1a: Rodolfo|383\/383 tox|[from] item: Leftovers
|-damage|p1a: Rodolfo|360\/383 tox|[from] psn
|turn|22
|
|move|p1a: Rodolfo|Ice Shard|p2a: Hydreigon
|-supereffective|p2a: Hydreigon
|-activate|p2a: Hydreigon|Substitute|[damage]
|move|p2a: Hydreigon|Roost|p2a: Hydreigon
|-heal|p2a: Hydreigon|387\/387
|
|-heal|p1a: Rodolfo|383\/383 tox|[from] item: Leftovers
|-damage|p1a: Rodolfo|337\/383 tox|[from] psn
|turn|23
|
|switch|p1a: Uzzi|Uxie|331\/353 tox
|move|p2a: Hydreigon|Taunt|p1a: Uzzi
|-start|p1a: Uzzi|move: Taunt
|
|-heal|p1a: Uzzi|353\/353 tox|[from] item: Leftovers
|-damage|p1a: Uzzi|331\/353 tox|[from] psn
|turn|24
|
|move|p2a: Hydreigon|Taunt|p1a: Uzzi
|-fail|p1a: Uzzi
|move|p1a: Uzzi|Knock Off|p2a: Hydreigon
|-resisted|p2a: Hydreigon
|-end|p2a: Hydreigon|Substitute
|
|-heal|p1a: Uzzi|353\/353 tox|[from] item: Leftovers
|-damage|p1a: Uzzi|309\/353 tox|[from] psn
|turn|25
|
|move|p2a: Hydreigon|Substitute|p2a: Hydreigon
|-start|p2a: Hydreigon|Substitute
|-damage|p2a: Hydreigon|291\/387
|move|p1a: Uzzi|Knock Off|p2a: Hydreigon
|-resisted|p2a: Hydreigon
|-activate|p2a: Hydreigon|Substitute|[damage]
|
|-heal|p2a: Hydreigon|315\/387|[from] item: Leftovers
|-heal|p1a: Uzzi|331\/353 tox|[from] item: Leftovers
|-damage|p1a: Uzzi|265\/353 tox|[from] psn
|turn|26
|
|move|p2a: Hydreigon|Roost|p2a: Hydreigon
|-heal|p2a: Hydreigon|387\/387
|move|p1a: Uzzi|U-turn|p2a: Hydreigon
|-supereffective|p2a: Hydreigon
|-end|p2a: Hydreigon|Substitute
|
|switch|p1a: Lagarton|Zygarde|419\/419
|-ability|p1a: Lagarton|Aura Break
|
|turn|27
|
|switch|p1a: Uzzi|Uxie|265\/353 tox
|move|p2a: Hydreigon|Taunt|p1a: Uzzi
|-start|p1a: Uzzi|move: Taunt
|
|-heal|p1a: Uzzi|287\/353 tox|[from] item: Leftovers
|-damage|p1a: Uzzi|265\/353 tox|[from] psn
|turn|28
|
|switch|p2a: Aggron|Aggron-Mega, F|215\/344
|-damage|p2a: Aggron|194\/344|[from] Stealth Rock
|move|p1a: Uzzi|U-turn|p2a: Aggron
|-resisted|p2a: Aggron
|-damage|p2a: Aggron|185\/344
|
|switch|p1a: 5|Fletchinder, F, shiny|247\/327 tox
|
|-damage|p1a: 5|227\/327 tox|[from] psn
|turn|29
|
|switch|p2a: Arcanine|Arcanine, F|311\/383
|-damage|p2a: Arcanine|216\/383|[from] Stealth Rock
|-ability|p2a: Arcanine|Intimidate|[of] p1a: 5
|-unboost|p1a: 5|atk|1
|move|p1a: 5|Will-O-Wisp|p2a: Arcanine
|-fail|p2a: Arcanine
|
|-heal|p2a: Arcanine|239\/383|[from] item: Leftovers
|-damage|p1a: 5|187\/327 tox|[from] psn
|turn|30
|
|switch|p1a: Rodolfo|Donphan, M|337\/383 tox
|move|p2a: Arcanine|Morning Sun|p2a: Arcanine
|-heal|p2a: Arcanine|383\/383
|
|-heal|p1a: Rodolfo|360\/383 tox|[from] item: Leftovers
|-damage|p1a: Rodolfo|337\/383 tox|[from] psn
|turn|31
|
|move|p2a: Arcanine|Flare Blitz|p1a: Rodolfo
|-damage|p1a: Rodolfo|235\/383 tox
|-damage|p2a: Arcanine|349\/383|[from] recoil|[of] p1a: Rodolfo
|move|p1a: Rodolfo|Roar|p2a: Arcanine
|drag|p2a: Zygarde|Zygarde|419\/419
|-damage|p2a: Zygarde|393\/419|[from] Stealth Rock
|-ability|p2a: Zygarde|Aura Break
|
|-heal|p2a: Zygarde|419\/419|[from] item: Leftovers
|-heal|p1a: Rodolfo|258\/383 tox|[from] item: Leftovers
|-damage|p1a: Rodolfo|212\/383 tox|[from] psn
|turn|32
|
|move|p1a: Rodolfo|Ice Shard|p2a: Zygarde
|-crit|p2a: Zygarde
|-supereffective|p2a: Zygarde
|-damage|p2a: Zygarde|243\/419
|move|p2a: Zygarde|Dragon Tail|p1a: Rodolfo
|-damage|p1a: Rodolfo|161\/383 tox
|drag|p1a: 5|Fletchinder, F, shiny|187\/327 tox
|
|-heal|p2a: Zygarde|269\/419|[from] item: Leftovers
|-damage|p1a: 5|167\/327 tox|[from] psn
|turn|33
|
|switch|p2a: Arcanine|Arcanine, F|349\/383
|-damage|p2a: Arcanine|254\/383|[from] Stealth Rock
|-ability|p2a: Arcanine|Intimidate|[of] p1a: 5
|-unboost|p1a: 5|atk|1
|move|p1a: 5|Roost|p1a: 5
|-heal|p1a: 5|327\/327 tox
|
|-heal|p2a: Arcanine|277\/383|[from] item: Leftovers
|-damage|p1a: 5|287\/327 tox|[from] psn
|turn|34
|
|switch|p2a: Aggron|Aggron-Mega, F|185\/344
|-damage|p2a: Aggron|164\/344|[from] Stealth Rock
|switch|p1a: Lagarton|Zygarde|419\/419
|-ability|p1a: Lagarton|Aura Break
|
|turn|35
|
|move|p1a: Lagarton|Substitute|p1a: Lagarton
|-start|p1a: Lagarton|Substitute
|-damage|p1a: Lagarton|315\/419
|move|p2a: Aggron|Stealth Rock|p1a: Lagarton
|-sidestart|p1: Miss Noob|move: Stealth Rock
|
|-heal|p1a: Lagarton|341\/419|[from] item: Leftovers
|turn|36
|
|move|p1a: Lagarton|Dragon Tail|p2a: Aggron
|-resisted|p2a: Aggron
|-damage|p2a: Aggron|150\/344
|drag|p2a: Zygarde|Zygarde|269\/419
|-damage|p2a: Zygarde|243\/419|[from] Stealth Rock
|-ability|p2a: Zygarde|Aura Break
|
|-heal|p2a: Zygarde|269\/419|[from] item: Leftovers
|-heal|p1a: Lagarton|367\/419|[from] item: Leftovers
|turn|37
|
|move|p2a: Zygarde|Substitute|p2a: Zygarde
|-start|p2a: Zygarde|Substitute
|-damage|p2a: Zygarde|165\/419
|move|p1a: Lagarton|Coil|p1a: Lagarton
|-boost|p1a: Lagarton|atk|1
|-boost|p1a: Lagarton|def|1
|-boost|p1a: Lagarton|accuracy|1
|
|-heal|p2a: Zygarde|191\/419|[from] item: Leftovers
|-heal|p1a: Lagarton|393\/419|[from] item: Leftovers
|turn|38
|
|move|p2a: Zygarde|Coil|p2a: Zygarde
|-boost|p2a: Zygarde|atk|1
|-boost|p2a: Zygarde|def|1
|-boost|p2a: Zygarde|accuracy|1
|move|p1a: Lagarton|Dragon Tail|p2a: Zygarde
|-supereffective|p2a: Zygarde
|-end|p2a: Zygarde|Substitute
|
|-heal|p2a: Zygarde|217\/419|[from] item: Leftovers
|-heal|p1a: Lagarton|419\/419|[from] item: Leftovers
|turn|39
|
|move|p2a: Zygarde|Earthquake|p1a: Lagarton
|-activate|p1a: Lagarton|Substitute|[damage]
|move|p1a: Lagarton|Dragon Tail|p2a: Zygarde
|-supereffective|p2a: Zygarde
|-damage|p2a: Zygarde|97\/419
|drag|p2a: Hydreigon|Hydreigon, M|387\/387
|-damage|p2a: Hydreigon|339\/387|[from] Stealth Rock
|
|-heal|p2a: Hydreigon|363\/387|[from] item: Leftovers
|turn|40
|
|move|p2a: Hydreigon|Taunt|p1a: Lagarton
|-start|p1a: Lagarton|move: Taunt
|cant|p1a: Lagarton|move: Taunt|Coil
|
|-heal|p2a: Hydreigon|387\/387|[from] item: Leftovers
|turn|41
|
|switch|p2a: Arcanine|Arcanine, F|277\/383
|-damage|p2a: Arcanine|182\/383|[from] Stealth Rock
|-activate|p1a: Lagarton|Substitute|ability: Intimidate|[of] p2a: Arcanine
|move|p1a: Lagarton|Dragon Tail|p2a: Arcanine
|-damage|p2a: Arcanine|82\/383
|drag|p2a: Zygarde|Zygarde|97\/419
|-damage|p2a: Zygarde|71\/419|[from] Stealth Rock
|-ability|p2a: Zygarde|Aura Break
|
|-heal|p2a: Zygarde|97\/419|[from] item: Leftovers
|turn|42
|
|move|p2a: Zygarde|Dragon Tail|p1a: Lagarton
|-supereffective|p1a: Lagarton
|-end|p1a: Lagarton|Substitute
|move|p1a: Lagarton|Dragon Tail|p2a: Zygarde
|-supereffective|p2a: Zygarde
|-damage|p2a: Zygarde|0 fnt
|faint|p2a: Zygarde
|
|-end|p1a: Lagarton|move: Taunt
|c|âMiss Noob|Zygarde have tox....
|c|âMiss Noob|no
|
|switch|p2a: Hydreigon|Hydreigon, M|387\/387
|-damage|p2a: Hydreigon|339\/387|[from] Stealth Rock
|turn|43
|
|switch|p1a: Uzzi|Uxie|265\/353 tox
|-damage|p1a: Uzzi|221\/353 tox|[from] Stealth Rock
|move|p2a: Hydreigon|Toxic|p1a: Uzzi
|-fail|p1a: Uzzi|tox
|
|-heal|p2a: Hydreigon|363\/387|[from] item: Leftovers
|-heal|p1a: Uzzi|243\/353 tox|[from] item: Leftovers
|-damage|p1a: Uzzi|221\/353 tox|[from] psn
|turn|44
|
|move|p2a: Hydreigon|Substitute|p2a: Hydreigon
|-start|p2a: Hydreigon|Substitute
|-damage|p2a: Hydreigon|267\/387
|move|p1a: Uzzi|U-turn|p2a: Hydreigon
|-supereffective|p2a: Hydreigon
|-end|p2a: Hydreigon|Substitute
|
|switch|p1a: 5|Fletchinder, F, shiny|287\/327 tox
|-damage|p1a: 5|124\/327 tox|[from] Stealth Rock
|
|-heal|p2a: Hydreigon|291\/387|[from] item: Leftovers
|-damage|p1a: 5|104\/327 tox|[from] psn
|turn|45
|
|move|p1a: 5|Roost|p1a: 5
|-heal|p1a: 5|268\/327 tox
|move|p2a: Hydreigon|Taunt|p1a: 5
|-start|p1a: 5|move: Taunt
|
|-heal|p2a: Hydreigon|315\/387|[from] item: Leftovers
|-damage|p1a: 5|228\/327 tox|[from] psn
|turn|46
|
|switch|p1a: Rodolfo|Donphan, M|161\/383 tox
|-damage|p1a: Rodolfo|138\/383 tox|[from] Stealth Rock
|move|p2a: Hydreigon|Roost|p2a: Hydreigon
|-heal|p2a: Hydreigon|387\/387
|
|-heal|p1a: Rodolfo|161\/383 tox|[from] item: Leftovers
|-damage|p1a: Rodolfo|138\/383 tox|[from] psn
|turn|47
|
|switch|p2a: Arcanine|Arcanine, F|82\/383
|-damage|p2a: Arcanine|0 fnt|[from] Stealth Rock
|faint|p2a: Arcanine
|move|p1a: Rodolfo|Rapid Spin|p2: Arcanine|[notarget]
|-notarget
|
|-heal|p1a: Rodolfo|161\/383 tox|[from] item: Leftovers
|-damage|p1a: Rodolfo|115\/383 tox|[from] psn
|
|switch|p2a: Aggron|Aggron-Mega, F|150\/344
|-damage|p2a: Aggron|129\/344|[from] Stealth Rock
|turn|48
|
|move|p1a: Rodolfo|Rapid Spin|p2a: Aggron
|-resisted|p2a: Aggron
|-damage|p2a: Aggron|125\/344
|-sideend|p1: Miss Noob|Stealth Rock|[from] move: Rapid Spin|[of] p1a: Rodolfo
|move|p2a: Aggron|Heavy Slam|p1a: Rodolfo
|-damage|p1a: Rodolfo|27\/383 tox
|
|-heal|p1a: Rodolfo|50\/383 tox|[from] item: Leftovers
|-damage|p1a: Rodolfo|0 fnt|[from] psn
|faint|p1a: Rodolfo
|
|switch|p1a: Musho|Raikou, shiny|69\/322 tox
|-ability|p1a: Musho|Pressure
|turn|49
|
|switch|p2a: Hydreigon|Hydreigon, M|387\/387
|-damage|p2a: Hydreigon|339\/387|[from] Stealth Rock
|move|p1a: Musho|Thunderbolt|p2a: Hydreigon
|-resisted|p2a: Hydreigon
|-damage|p2a: Hydreigon|285\/387
|
|-heal|p1a: Musho|89\/322 tox|[from] item: Leftovers
|-heal|p2a: Hydreigon|309\/387|[from] item: Leftovers
|-damage|p1a: Musho|69\/322 tox|[from] psn
|turn|50
|
|switch|p1a: Uzzi|Uxie|221\/353 tox
|move|p2a: Hydreigon|Taunt|p1a: Uzzi
|-start|p1a: Uzzi|move: Taunt
|
|-heal|p2a: Hydreigon|333\/387|[from] item: Leftovers
|-heal|p1a: Uzzi|243\/353 tox|[from] item: Leftovers
|-damage|p1a: Uzzi|221\/353 tox|[from] psn
|turn|51
|c|âMiss Noob|in stall i win
|c|âMiss Noob|only Agron can do anything
|
|move|p2a: Hydreigon|Substitute|p2a: Hydreigon
|-start|p2a: Hydreigon|Substitute
|-damage|p2a: Hydreigon|237\/387
|move|p1a: Uzzi|U-turn|p2a: Hydreigon
|-supereffective|p2a: Hydreigon
|-end|p2a: Hydreigon|Substitute
|c|âMiss Noob|but 50 turns more
|c|âTom's Uncle|Why always the Max damage?
|c|âMiss Noob|XD
|
|switch|p1a: 5|Fletchinder, F, shiny|228\/327 tox
|
|-heal|p2a: Hydreigon|261\/387|[from] item: Leftovers
|-damage|p1a: 5|208\/327 tox|[from] psn
|turn|52
|
|move|p1a: 5|Acrobatics|p2a: Hydreigon
|-damage|p2a: Hydreigon|108\/387
|move|p2a: Hydreigon|Roost|p2a: Hydreigon
|-heal|p2a: Hydreigon|302\/387
|
|-heal|p2a: Hydreigon|326\/387|[from] item: Leftovers
|-damage|p1a: 5|168\/327 tox|[from] psn
|turn|53
|
|move|p1a: 5|Roost|p1a: 5
|-heal|p1a: 5|327\/327 tox
|move|p2a: Hydreigon|Taunt|p1a: 5
|-start|p1a: 5|move: Taunt
|
|-heal|p2a: Hydreigon|350\/387|[from] item: Leftovers
|-damage|p1a: 5|267\/327 tox|[from] psn
|turn|54
|c|âMiss Noob|but is same
|c|âMiss Noob|i only stall you
|
|switch|p2a: Aggron|Aggron-Mega, F|125\/344
|-damage|p2a: Aggron|104\/344|[from] Stealth Rock
|switch|p1a: Uzzi|Uxie|221\/353 tox
|
|-heal|p1a: Uzzi|243\/353 tox|[from] item: Leftovers
|-damage|p1a: Uzzi|221\/353 tox|[from] psn
|turn|55
|
|move|p1a: Uzzi|Yawn|p2a: Aggron
|-start|p2a: Aggron|move: Yawn|[of] p1a: Uzzi
|move|p2a: Aggron|Stealth Rock|p1a: Uzzi
|-sidestart|p1: Miss Noob|move: Stealth Rock
|
|-heal|p1a: Uzzi|243\/353 tox|[from] item: Leftovers
|-damage|p1a: Uzzi|199\/353 tox|[from] psn
|turn|56
|
|move|p1a: Uzzi|Yawn|p2a: Aggron
|-fail|p2a: Aggron
|move|p2a: Aggron|Heavy Slam|p1a: Uzzi
|-damage|p1a: Uzzi|61\/353 tox
|
|-status|p2a: Aggron|slp
|-heal|p1a: Uzzi|83\/353 tox|[from] item: Leftovers
|-damage|p1a: Uzzi|17\/353 tox|[from] psn
|turn|57
|
|switch|p2a: Hydreigon|Hydreigon, M|350\/387
|-damage|p2a: Hydreigon|302\/387|[from] Stealth Rock
|move|p1a: Uzzi|U-turn|p2a: Hydreigon
|-supereffective|p2a: Hydreigon
|-damage|p2a: Hydreigon|212\/387
|c|âTom's Uncle|Lol
|c|âMiss Noob|i play bad before
|c|âTom's Uncle|is 23 the new sub breaker?
|c|âMiss Noob|i showld use u turn
|c|âTom's Uncle|You always get max damage when I'm behind a sub
|
|switch|p1a: 5|Fletchinder, F, shiny|267\/327 tox
|-damage|p1a: 5|104\/327 tox|[from] Stealth Rock
|
|-heal|p2a: Hydreigon|236\/387|[from] item: Leftovers
|-damage|p1a: 5|84\/327 tox|[from] psn
|turn|58
|c|âMiss Noob|lol
|c|âMiss Noob|i know
|
|move|p1a: 5|Acrobatics|p2a: Hydreigon
|-damage|p2a: Hydreigon|76\/387
|move|p2a: Hydreigon|Taunt|p1a: 5
|-start|p1a: 5|move: Taunt
|
|-heal|p2a: Hydreigon|100\/387|[from] item: Leftovers
|-damage|p1a: 5|44\/327 tox|[from] psn
|turn|59
|c|âMiss Noob|lol
|
|switch|p2a: Aggron|Aggron-Mega, F|104\/344 slp
|-damage|p2a: Aggron|83\/344 slp|[from] Stealth Rock
|move|p1a: 5|Acrobatics|p2a: Aggron
|-crit|p2a: Aggron
|-resisted|p2a: Aggron
|-damage|p2a: Aggron|38\/344 slp
|
|-damage|p1a: 5|0 fnt|[from] psn
|faint|p1a: 5
|
|switch|p1a: Lagarton|Zygarde|419\/419
|-damage|p1a: Lagarton|393\/419|[from] Stealth Rock
|-ability|p1a: Lagarton|Aura Break
|turn|60
|c|âTom's Uncle|Gg
|c|âMiss Noob|ok
|c|âMiss Noob|comon
|
|move|p1a: Lagarton|Substitute|p1a: Lagarton
|-start|p1a: Lagarton|Substitute
|-damage|p1a: Lagarton|289\/419
|cant|p2a: Aggron|slp
|
|-heal|p1a: Lagarton|315\/419|[from] item: Leftovers
|turn|61
|c|âMiss Noob|yea
|c|âMiss Noob|gg
|
|move|p1a: Lagarton|Earthquake|p2a: Aggron
|-supereffective|p2a: Aggron
|-damage|p2a: Aggron|0 fnt
|faint|p2a: Aggron
|
|-heal|p1a: Lagarton|341\/419|[from] item: Leftovers
|-message|Tom's Uncle forfeited.
|
|win|Miss Noob
|raw|Ladder updating...
|raw|Miss Noob's rating: 1486 &rarr; <strong>1499<\/strong><br \/>(+13 for winning)
|raw|Tom&apos;s Uncle's rating: 1359 &rarr; <strong>1346<\/strong><br \/>(-13 for losing)
|c|âMiss Noob|nice set
|leave|Tom's Uncle
|player|p2