|join|Tom's Uncle
|join|SuperDuperDerp
|player|p1|Tom's Uncle|265
|player|p2|SuperDuperDerp|114
|gametype|singles
|gen|6
|tier|UU
|rated
|rule|Sleep Clause Mod: Limit one foe put to sleep
|rule|Species Clause: Limit one of each PokÃ©mon
|rule|OHKO Clause: OHKO moves are banned
|rule|Moody Clause: Moody is banned
|rule|Evasion Moves Clause: Evasion moves are banned
|rule|Endless Battle Clause: Forcing endless battles is banned
|rule|HP Percentage Mod: HP is shown in percentages
|clearpoke
|poke|p1|Aggron, M
|poke|p1|Florges, F
|poke|p1|Hydreigon, M
|poke|p1|Vaporeon, F
|poke|p1|Chandelure, M
|poke|p1|Crobat, F
|poke|p2|Diancie
|poke|p2|Tentacruel, M
|poke|p2|Blissey, F
|poke|p2|Entei, shiny
|poke|p2|Celebi
|poke|p2|Lucario, M
|rule|Swagger Clause: Swagger is banned
|rule|Baton Pass Clause: Limit one PokÃ©mon knowing Baton Pass
|teampreview
|
|start
|switch|p1a: Chandelure|Chandelure, M|311\/311
|switch|p2a: Entei|Entei, shiny|371\/371
|-ability|p2a: Entei|Pressure
|turn|1
|
|switch|p1a: Aggron|Aggron, M|343\/343
|move|p2a: Entei|Stone Edge|p1a: Aggron
|-resisted|p1a: Aggron
|-damage|p1a: Aggron|311\/343
|
|turn|2
|c|âSuperDuperDerp|LAGG
|c|âSuperDuperDerp|r u lagging?
|
|detailschange|p1a: Aggron|Aggron-Mega, M
|-mega|p1a: Aggron|Aggron|Aggronite
|move|p2a: Entei|Sacred Fire|p1a: Aggron
|-supereffective|p1a: Aggron
|-damage|p1a: Aggron|175\/343
|move|p1a: Aggron|Stealth Rock|p2a: Entei
|-sidestart|p2: SuperDuperDerp|move: Stealth Rock
|
|turn|3
|
|switch|p1a: Vaporeon|Vaporeon, F|449\/449
|move|p2a: Entei|Sacred Fire|p1a: Vaporeon
|-resisted|p1a: Vaporeon
|-damage|p1a: Vaporeon|334\/449
|-status|p1a: Vaporeon|brn
|
|-heal|p1a: Vaporeon|362\/449 brn|[from] item: Leftovers
|-damage|p1a: Vaporeon|306\/449 brn|[from] brn
|turn|4
|
|switch|p2a: Lucario|Lucario, M|281\/281
|-damage|p2a: Lucario|273\/281|[from] Stealth Rock
|move|p1a: Vaporeon|Heal Bell|p1a: Vaporeon
|-cureteam|p1a: Vaporeon|[from] move: HealBell
|
|-heal|p1a: Vaporeon|334\/449|[from] item: Leftovers
|turn|5
|
|switch|p1a: Chandelure|Chandelure, M|311\/311
|move|p2a: Lucario|Swords Dance|p2a: Lucario
|-boost|p2a: Lucario|atk|2
|
|turn|6
|
|switch|p2a: Tentacruel|Tentacruel, M|364\/364
|-damage|p2a: Tentacruel|319\/364|[from] Stealth Rock
|move|p1a: Chandelure|Flamethrower|p2a: Tentacruel
|-resisted|p2a: Tentacruel
|-damage|p2a: Tentacruel|233\/364
|-status|p2a: Tentacruel|brn
|
|-heal|p2a: Tentacruel|255\/364 brn|[from] item: Black Sludge
|-damage|p2a: Tentacruel|210\/364 brn|[from] brn
|turn|7
|
|move|p2a: Tentacruel|Scald|p1a: Chandelure
|-supereffective|p1a: Chandelure
|-damage|p1a: Chandelure|141\/311
|move|p1a: Chandelure|Shadow Ball|p2a: Tentacruel
|-damage|p2a: Tentacruel|53\/364 brn
|
|-heal|p2a: Tentacruel|75\/364 brn|[from] item: Black Sludge
|-heal|p1a: Chandelure|160\/311|[from] item: Leftovers
|-damage|p2a: Tentacruel|30\/364 brn|[from] brn
|turn|8
|
|move|p2a: Tentacruel|Rapid Spin|p1a: Chandelure
|-immune|p1a: Chandelure|[msg]
|move|p1a: Chandelure|Substitute|p1a: Chandelure
|-start|p1a: Chandelure|Substitute
|-damage|p1a: Chandelure|83\/311
|
|-heal|p2a: Tentacruel|52\/364 brn|[from] item: Black Sludge
|-heal|p1a: Chandelure|102\/311|[from] item: Leftovers
|-damage|p2a: Tentacruel|7\/364 brn|[from] brn
|turn|9
|
|move|p2a: Tentacruel|Scald|p1a: Chandelure
|-supereffective|p1a: Chandelure
|-end|p1a: Chandelure|Substitute
|move|p1a: Chandelure|Shadow Ball|p2a: Tentacruel
|-damage|p2a: Tentacruel|0 fnt
|faint|p2a: Tentacruel
|
|-heal|p1a: Chandelure|121\/311|[from] item: Leftovers
|c|âTom's Uncle|Fuck me you didn't die
|
|switch|p2a: Diancie|Diancie|241\/241
|-damage|p2a: Diancie|211\/241|[from] Stealth Rock
|turn|10
|
|switch|p1a: Aggron|Aggron-Mega, M|175\/343
|detailschange|p2a: Diancie|Diancie-Mega
|-mega|p2a: Diancie|Diancie|Diancite
|move|p2a: Diancie|Diamond Storm|p1a: Aggron
|-resisted|p1a: Aggron
|-damage|p1a: Aggron|142\/343
|-boost|p2a: Diancie|def|1
|
|turn|11
|
|switch|p1a: Vaporeon|Vaporeon, F|334\/449
|move|p2a: Diancie|Earth Power|p1a: Vaporeon
|-damage|p1a: Vaporeon|232\/449
|
|-heal|p1a: Vaporeon|260\/449|[from] item: Leftovers
|turn|12
|
|move|p2a: Diancie|Moonblast|p1a: Vaporeon
|-damage|p1a: Vaporeon|73\/449
|move|p1a: Vaporeon|Wish|p1a: Vaporeon
|
|-heal|p1a: Vaporeon|101\/449|[from] item: Leftovers
|turn|13
|
|move|p1a: Vaporeon|Protect|p1a: Vaporeon
|-singleturn|p1a: Vaporeon|Protect
|move|p2a: Diancie|Diamond Storm|p1a: Vaporeon
|-activate|p1a: Vaporeon|Protect
|
|-heal|p1a: Vaporeon|325\/449|[from] move: Wish|[wisher] Vaporeon
|-heal|p1a: Vaporeon|353\/449|[from] item: Leftovers
|turn|14
|
|switch|p2a: Celebi|Celebi|404\/404
|-damage|p2a: Celebi|354\/404|[from] Stealth Rock
|move|p1a: Vaporeon|Wish|p1a: Vaporeon
|
|-heal|p2a: Celebi|379\/404|[from] item: Leftovers
|-heal|p1a: Vaporeon|381\/449|[from] item: Leftovers
|turn|15
|
|switch|p1a: Aggron|Aggron-Mega, M|142\/343
|move|p2a: Celebi|Leech Seed|p1a: Aggron
|-start|p1a: Aggron|move: Leech Seed
|
|-heal|p1a: Aggron|343\/343|[from] move: Wish|[wisher] Vaporeon
|-heal|p2a: Celebi|404\/404|[from] item: Leftovers
|-damage|p1a: Aggron|301\/343|[from] Leech Seed|[of] p2a: Celebi
|turn|16
|
|switch|p1a: Chandelure|Chandelure, M|121\/311
|move|p2a: Celebi|Leech Seed|p1a: Chandelure|[miss]
|-miss|p2a: Celebi|p1a: Chandelure
|
|-heal|p1a: Chandelure|140\/311|[from] item: Leftovers
|turn|17
|
|move|p2a: Celebi|Leech Seed|p1a: Chandelure
|-start|p1a: Chandelure|move: Leech Seed
|move|p1a: Chandelure|Flamethrower|p2a: Celebi
|-supereffective|p2a: Celebi
|-damage|p2a: Celebi|18\/404
|
|-heal|p2a: Celebi|43\/404|[from] item: Leftovers
|-heal|p1a: Chandelure|159\/311|[from] item: Leftovers
|-damage|p1a: Chandelure|121\/311|[from] Leech Seed|[of] p2a: Celebi
|-heal|p2a: Celebi|81\/404|[silent]
|turn|18
|
|switch|p2a: Blissey|Blissey, F|714\/714
|-damage|p2a: Blissey|625\/714|[from] Stealth Rock
|switch|p1a: Aggron|Aggron-Mega, M|301\/343
|
|-heal|p2a: Blissey|669\/714|[from] item: Leftovers
|turn|19
|
|switch|p1a: Chandelure|Chandelure, M|121\/311
|move|p2a: Blissey|Stealth Rock|p1a: Chandelure
|-sidestart|p1: Tom's Uncle|move: Stealth Rock
|
|-heal|p1a: Chandelure|140\/311|[from] item: Leftovers
|-heal|p2a: Blissey|713\/714|[from] item: Leftovers
|turn|20
|
|switch|p2a: Diancie|Diancie-Mega|211\/241
|-damage|p2a: Diancie|181\/241|[from] Stealth Rock
|move|p1a: Chandelure|Shadow Ball|p2a: Diancie
|-damage|p2a: Diancie|4\/241
|
|-heal|p1a: Chandelure|159\/311|[from] item: Leftovers
|turn|21
|
|switch|p1a: Vaporeon|Vaporeon, F|381\/449
|-damage|p1a: Vaporeon|325\/449|[from] Stealth Rock
|move|p2a: Diancie|Earth Power|p1a: Vaporeon
|-damage|p1a: Vaporeon|217\/449
|
|-heal|p1a: Vaporeon|245\/449|[from] item: Leftovers
|turn|22
|
|move|p2a: Diancie|Diamond Storm|p1a: Vaporeon
|-damage|p1a: Vaporeon|46\/449
|-boost|p2a: Diancie|def|1
|move|p1a: Vaporeon|Wish|p1a: Vaporeon
|
|-heal|p1a: Vaporeon|74\/449|[from] item: Leftovers
|turn|23
|
|move|p1a: Vaporeon|Protect|p1a: Vaporeon
|-singleturn|p1a: Vaporeon|Protect
|move|p2a: Diancie|Diamond Storm|p1a: Vaporeon
|-activate|p1a: Vaporeon|Protect
|
|-heal|p1a: Vaporeon|298\/449|[from] move: Wish|[wisher] Vaporeon
|-heal|p1a: Vaporeon|326\/449|[from] item: Leftovers
|turn|24
|
|move|p2a: Diancie|Moonblast|p1a: Vaporeon
|-damage|p1a: Vaporeon|161\/449
|move|p1a: Vaporeon|Wish|p1a: Vaporeon
|
|-heal|p1a: Vaporeon|189\/449|[from] item: Leftovers
|turn|25
|
|move|p1a: Vaporeon|Protect|p1a: Vaporeon
|-singleturn|p1a: Vaporeon|Protect
|move|p2a: Diancie|Earth Power|p1a: Vaporeon
|-activate|p1a: Vaporeon|Protect
|
|-heal|p1a: Vaporeon|413\/449|[from] move: Wish|[wisher] Vaporeon
|-heal|p1a: Vaporeon|441\/449|[from] item: Leftovers
|turn|26
|c|âTom's Uncle|Stall is such a shit play style
|
|move|p2a: Diancie|Moonblast|p1a: Vaporeon
|-damage|p1a: Vaporeon|269\/449
|-unboost|p1a: Vaporeon|spa|1
|move|p1a: Vaporeon|Scald|p2a: Diancie
|-supereffective|p2a: Diancie
|-damage|p2a: Diancie|0 fnt
|faint|p2a: Diancie
|
|-heal|p1a: Vaporeon|297\/449|[from] item: Leftovers
|
|switch|p2a: Lucario|Lucario, M|273\/281
|-damage|p2a: Lucario|265\/281|[from] Stealth Rock
|turn|27
|
|move|p2a: Lucario|Swords Dance|p2a: Lucario
|-boost|p2a: Lucario|atk|2
|move|p1a: Vaporeon|Scald|p2a: Lucario
|-damage|p2a: Lucario|169\/281
|
|-heal|p1a: Vaporeon|325\/449|[from] item: Leftovers
|turn|28
|
|switch|p1a: Hydreigon|Hydreigon, M|387\/387
|-damage|p1a: Hydreigon|339\/387|[from] Stealth Rock
|move|p2a: Lucario|Swords Dance|p2a: Lucario
|-boost|p2a: Lucario|atk|2
|
|-heal|p1a: Hydreigon|363\/387|[from] item: Leftovers
|turn|29
|c|âSuperDuperDerp|sweet
|c|âSuperDuperDerp|6 pokes
|c|âSuperDuperDerp|60%
|
|move|p2a: Lucario|Extreme Speed|p1a: Hydreigon
|-damage|p1a: Hydreigon|13\/387
|-damage|p2a: Lucario|141\/281|[from] item: Life Orb
|move|p1a: Hydreigon|Taunt|p2a: Lucario
|-start|p2a: Lucario|move: Taunt
|
|-heal|p1a: Hydreigon|37\/387|[from] item: Leftovers
|turn|30
|c|âSuperDuperDerp|what the fuck
|
|move|p2a: Lucario|Extreme Speed|p1a: Hydreigon
|-damage|p1a: Hydreigon|0 fnt
|-damage|p2a: Lucario|113\/281|[from] item: Life Orb
|faint|p1a: Hydreigon
|
|
|switch|p1a: Aggron|Aggron-Mega, M|301\/343
|-damage|p1a: Aggron|280\/343|[from] Stealth Rock
|turn|31
|
|switch|p1a: Crobat|Crobat, F|373\/373
|-damage|p1a: Crobat|280\/373|[from] Stealth Rock
|move|p2a: Lucario|Close Combat|p1a: Crobat
|-resisted|p1a: Crobat
|-damage|p1a: Crobat|59\/373
|-unboost|p2a: Lucario|def|1
|-unboost|p2a: Lucario|spd|1
|-damage|p2a: Lucario|85\/281|[from] item: Life Orb
|
|-heal|p1a: Crobat|82\/373|[from] item: Black Sludge
|turn|32
|
|switch|p1a: Aggron|Aggron-Mega, M|280\/343
|-damage|p1a: Aggron|259\/343|[from] Stealth Rock
|move|p2a: Lucario|Close Combat|p1a: Aggron
|-supereffective|p1a: Aggron
|-damage|p1a: Aggron|0 fnt
|-unboost|p2a: Lucario|def|1
|-unboost|p2a: Lucario|spd|1
|-damage|p2a: Lucario|57\/281|[from] item: Life Orb
|faint|p1a: Aggron
|
|-end|p2a: Lucario|move: Taunt
|
|switch|p1a: Florges|Florges, F|359\/359
|-damage|p1a: Florges|315\/359|[from] Stealth Rock
|turn|33
|
|move|p2a: Lucario|Bullet Punch|p1a: Florges
|-supereffective|p1a: Florges
|-damage|p1a: Florges|0 fnt
|-damage|p2a: Lucario|29\/281|[from] item: Life Orb
|faint|p1a: Florges
|
|c|âSuperDuperDerp|scrub a dub
|
|switch|p1a: Vaporeon|Vaporeon, F|325\/449
|-damage|p1a: Vaporeon|269\/449|[from] Stealth Rock
|turn|34
|-message|Tom's Uncle forfeited.
|leave|Tom's Uncle
|
|win|SuperDuperDerp
|raw|Ladder updating...
|player|p1
|raw|Tom&apos;s Uncle's rating: 1529 &rarr; <strong>1505<\/strong><br \/>(-24 for losing)
|raw|SuperDuperDerp's rating: 1468 &rarr; <strong>1491<\/strong><br \/>(+23 for winning)