|join|LMOA xD
|join|Tom's Uncle
|join|lelbuttz
|join|YouAreTheBest
|join|SPEBSQSA
|join|PaulK618
|join|ChuffedTeapot
|player|p1|LMOA xD|160
|player|p2|Tom's Uncle|265
|gametype|singles
|gen|6
|tier|UU
|rule|Sleep Clause Mod: Limit one foe put to sleep
|rule|Species Clause: Limit one of each PokÃ©mon
|rule|OHKO Clause: OHKO moves are banned
|rule|Moody Clause: Moody is banned
|rule|Evasion Moves Clause: Evasion moves are banned
|rule|Endless Battle Clause: Forcing endless battles is banned
|rule|HP Percentage Mod: HP is shown in percentages
|clearpoke
|poke|p1|Froslass, F
|poke|p1|Diancie
|poke|p1|Lucario, M
|poke|p1|Spiritomb, M
|poke|p1|Swampert, F
|poke|p1|Jirachi
|poke|p2|Absol, M
|poke|p2|Crobat, F
|poke|p2|Seismitoad, M
|poke|p2|Raikou
|poke|p2|Vaporeon, M
|poke|p2|Chesnaught, M
|rule|Swagger Clause: Swagger is banned
|rule|Baton Pass Clause: Limit one PokÃ©mon knowing Baton Pass
|teampreview
|join|ANGER MANAGEMENT
|join|HYP3
|c| ChuffedTeapot|seismitoad is so legit!
|join|Shitusernaab
|join|gomer2550
|join|adkm
|
|start
|switch|p1a: Diancie|Diancie|241\/241
|switch|p2a: Absol|Absol, M|271\/271
|turn|1
|c| ChuffedTeapot|diance is so blurry e_e
|join|xMarth
|join|Pijamas
|join|joltage
|c| PaulK618|gg
|c|âTom's Uncle|If calm mind gg
|join|futurefusion
|c| xMarth|iron tail here
|c| ChuffedTeapot|confirmed win
|leave|YouAreTheBest
|
|switch|p2a: Vaporeon|Vaporeon, M|449\/449
|detailschange|p1a: Diancie|Diancie-Mega
|-mega|p1a: Diancie|Diancie|Diancite
|move|p1a: Diancie|Moonblast|p2a: Vaporeon
|-damage|p2a: Vaporeon|277\/449
|
|-heal|p2a: Vaporeon|305\/449|[from] item: Leftovers
|turn|2
|c| ChuffedTeapot|but oo
|c| ChuffedTeapot|why dis shit have to come back?
|leave|adkm
|
|switch|p1a: Swampert|Swampert, F|404\/404
|move|p2a: Vaporeon|Wish|p2a: Vaporeon
|
|-heal|p2a: Vaporeon|333\/449|[from] item: Leftovers
|turn|3
|c| futurefusion|yep
|c| ANGER MANAGEMENT|we needed more
|c| ANGER MANAGEMENT|pretty mons
|c| xMarth|cause its like only mon left that hasnt been tested
|c| ChuffedTeapot|o fair nuff
|c| xMarth|mostly pretty mons
|
|move|p2a: Vaporeon|Scald|p1a: Swampert
|-damage|p1a: Swampert|296\/404
|-status|p1a: Swampert|brn
|move|p1a: Swampert|Earthquake|p2a: Vaporeon
|-damage|p2a: Vaporeon|264\/449
|
|-heal|p2a: Vaporeon|449\/449|[from] move: Wish|[wisher] Vaporeon
|-heal|p1a: Swampert|321\/404 brn|[from] item: Leftovers
|-damage|p1a: Swampert|271\/404 brn|[from] brn
|turn|4
|join|YouAreTheBest
|leave|Pijamas
|
|switch|p2a: Seismitoad|Seismitoad, M|414\/414
|move|p1a: Swampert|Stealth Rock|p2a: Seismitoad
|-sidestart|p2: Tom's Uncle|move: Stealth Rock
|
|-heal|p1a: Swampert|296\/404 brn|[from] item: Leftovers
|-damage|p1a: Swampert|246\/404 brn|[from] brn
|turn|5
|
|switch|p1a: Spiritomb|Spiritomb, M|296\/296
|move|p2a: Seismitoad|Stealth Rock|p1a: Spiritomb
|-sidestart|p1: LMOA xD|move: Stealth Rock
|
|turn|6
|c| ChuffedTeapot|o atta burn
|join|Logic
|
|move|p2a: Seismitoad|Toxic|p1a: Spiritomb
|-status|p1a: Spiritomb|tox
|move|p1a: Spiritomb|Will-O-Wisp|p2a: Seismitoad
|-status|p2a: Seismitoad|brn
|
|-damage|p2a: Seismitoad|363\/414 brn|[from] brn
|-damage|p1a: Spiritomb|278\/296 tox|[from] psn
|turn|7
|c| ChuffedTeapot|toxic scald earthquake stealth rock
|c| ChuffedTeapot|so legit
|join|dodmen
|
|switch|p2a: Absol|Absol, M|271\/271
|-damage|p2a: Absol|238\/271|[from] Stealth Rock
|move|p1a: Spiritomb|Sucker Punch|p2a: Absol
|-fail|p2a: Absol
|
|-damage|p1a: Spiritomb|242\/296 tox|[from] psn
|turn|8
|join|millow
|join|Pijamas
|leave|millow
|
|switch|p1a: Diancie|Diancie-Mega|241\/241
|-damage|p1a: Diancie|211\/241|[from] Stealth Rock
|detailschange|p2a: Absol|Absol-Mega, M
|-mega|p2a: Absol|Absol|Absolite
|move|p2a: Absol|Knock Off|p1a: Diancie
|-resisted|p1a: Diancie
|-damage|p1a: Diancie|144\/241
|
|turn|9
|leave|Logic
|c|âTom's Uncle|What round is this?
|c|âLMOA xD|finals
|
|switch|p2a: Vaporeon|Vaporeon, M|449\/449
|-damage|p2a: Vaporeon|393\/449|[from] Stealth Rock
|move|p1a: Diancie|Moonblast|p2a: Vaporeon
|-damage|p2a: Vaporeon|224\/449
|
|-heal|p2a: Vaporeon|252\/449|[from] item: Leftovers
|turn|10
|
|move|p1a: Diancie|Diamond Storm|p2a: Vaporeon
|-damage|p2a: Vaporeon|53\/449
|move|p2a: Vaporeon|Wish|p2a: Vaporeon
|
|-heal|p2a: Vaporeon|81\/449|[from] item: Leftovers
|turn|11
|
|switch|p1a: Froslass|Froslass, F|343\/343
|-damage|p1a: Froslass|258\/343|[from] Stealth Rock
|move|p2a: Vaporeon|Protect|p2a: Vaporeon
|-fail|p2a: Vaporeon
|
|-heal|p2a: Vaporeon|305\/449|[from] move: Wish|[wisher] Vaporeon
|-heal|p2a: Vaporeon|333\/449|[from] item: Leftovers
|turn|12
|
|switch|p2a: Absol|Absol-Mega, M|238\/271
|-damage|p2a: Absol|205\/271|[from] Stealth Rock
|move|p1a: Froslass|Spikes|p2a: Absol
|move|p2a: Absol|Spikes|p1a: Froslass|[from]Magic Bounce
|-sidestart|p1: LMOA xD|Spikes
|
|turn|13
|c|âLMOA xD|oh right
|c|âTom's Uncle|Nah if you get hazard I lose for sure
|
|move|p2a: Absol|Knock Off|p1a: Froslass
|-supereffective|p1a: Froslass
|-damage|p1a: Froslass|0 fnt
|-start|p2a: Absol|Disable|Knock Off
|-enditem|p1a: Froslass|Focus Sash|[from] move: Knock Off|[of] p2a: Absol
|faint|p1a: Froslass
|
|
|switch|p1a: Swampert|Swampert, F|246\/404 brn
|-damage|p1a: Swampert|196\/404 brn|[from] Spikes
|-damage|p1a: Swampert|171\/404 brn|[from] Stealth Rock
|turn|14
|leave|ChuffedTeapot
|
|switch|p2a: Vaporeon|Vaporeon, M|333\/449
|-damage|p2a: Vaporeon|277\/449|[from] Stealth Rock
|move|p1a: Swampert|Earthquake|p2a: Vaporeon
|-damage|p2a: Vaporeon|207\/449
|
|-heal|p2a: Vaporeon|235\/449|[from] item: Leftovers
|-heal|p1a: Swampert|196\/404 brn|[from] item: Leftovers
|-damage|p1a: Swampert|146\/404 brn|[from] brn
|turn|15
|leave|Pijamas
|
|move|p2a: Vaporeon|Scald|p1a: Swampert
|-damage|p1a: Swampert|38\/404 brn
|move|p1a: Swampert|Earthquake|p2a: Vaporeon
|-damage|p2a: Vaporeon|166\/449
|
|-heal|p2a: Vaporeon|194\/449|[from] item: Leftovers
|-heal|p1a: Swampert|63\/404 brn|[from] item: Leftovers
|-damage|p1a: Swampert|13\/404 brn|[from] brn
|turn|16
|
|move|p2a: Vaporeon|Protect|p2a: Vaporeon
|-singleturn|p2a: Vaporeon|Protect
|move|p1a: Swampert|Roar|p2a: Vaporeon
|drag|p2a: Crobat|Crobat, F|373\/373
|-damage|p2a: Crobat|280\/373|[from] Stealth Rock
|
|-heal|p2a: Crobat|303\/373|[from] item: Black Sludge
|-heal|p1a: Swampert|38\/404 brn|[from] item: Leftovers
|-damage|p1a: Swampert|0 fnt|[from] brn
|faint|p1a: Swampert
|
|switch|p1a: Diancie|Diancie-Mega|144\/241
|-damage|p1a: Diancie|114\/241|[from] Stealth Rock
|-damage|p1a: Diancie|84\/241|[from] Spikes
|turn|17
|
|move|p2a: Crobat|Brave Bird|p1a: Diancie
|-resisted|p1a: Diancie
|-damage|p1a: Diancie|15\/241
|-damage|p2a: Crobat|280\/373|[from] recoil|[of] p1a: Diancie
|move|p1a: Diancie|Diamond Storm|p2a: Crobat
|-supereffective|p2a: Crobat
|-damage|p2a: Crobat|0 fnt
|faint|p2a: Crobat
|
|
|switch|p2a: Raikou|Raikou|321\/321
|-damage|p2a: Raikou|281\/321|[from] Stealth Rock
|-ability|p2a: Raikou|Pressure
|turn|18
|
|move|p2a: Raikou|Volt Switch|p1a: Diancie
|-damage|p1a: Diancie|0 fnt
|faint|p1a: Diancie
|
|switch|p2a: Seismitoad|Seismitoad, M|363\/414 brn
|-damage|p2a: Seismitoad|338\/414 brn|[from] Stealth Rock
|
|-heal|p2a: Seismitoad|363\/414 brn|[from] item: Leftovers
|-damage|p2a: Seismitoad|312\/414 brn|[from] brn
|leave|PaulK618
|
|switch|p1a: Lucario|Lucario, M|281\/281
|-damage|p1a: Lucario|273\/281|[from] Stealth Rock
|-damage|p1a: Lucario|238\/281|[from] Spikes
|turn|19
|join|waiv
|c| futurefusion|why would anyone run seismitoad over pert?
|c| waiv|LMOA
|c|âLMOA xD|water absorb
|c| waiv|MOALOA
|c| waiv|LMAOLMOA
|c| waiv|ALMAOALmOA
|c|âLMOA xD|lmoa
|c| waiv|LMoA
|c| waiv|AOMLOA
|c| waiv|LMO
|
|move|p1a: Lucario|Swords Dance|p1a: Lucario
|-boost|p1a: Lucario|atk|2
|move|p2a: Seismitoad|Earth Power|p1a: Lucario
|-supereffective|p1a: Lucario
|-damage|p1a: Lucario|8\/281
|-unboost|p1a: Lucario|spd|1
|
|-heal|p2a: Seismitoad|337\/414 brn|[from] item: Leftovers
|-damage|p2a: Seismitoad|286\/414 brn|[from] brn
|turn|20
|c|âLMOA xD|not earthqake
|c|âLMOA xD|fuck me
|leave|waiv
|
|move|p1a: Lucario|Close Combat|p2a: Seismitoad
|-damage|p2a: Seismitoad|0 fnt
|-unboost|p1a: Lucario|def|1
|-unboost|p1a: Lucario|spd|1
|-damage|p1a: Lucario|0 fnt|[from] item: Life Orb
|faint|p2a: Seismitoad
|faint|p1a: Lucario
|
|
|switch|p2a: Raikou|Raikou|281\/321
|switch|p1a: Jirachi|Jirachi|341\/341
|-damage|p2a: Raikou|241\/321|[from] Stealth Rock
|-ability|p2a: Raikou|Pressure
|-damage|p1a: Jirachi|320\/341|[from] Stealth Rock
|-damage|p1a: Jirachi|278\/341|[from] Spikes
|turn|21
|
|move|p2a: Raikou|Thunderbolt|p1a: Jirachi
|-damage|p1a: Jirachi|119\/341
|move|p1a: Jirachi|Iron Head|p2a: Raikou
|-resisted|p2a: Raikou
|-damage|p2a: Raikou|163\/321
|
|turn|22
|leave|joltage
|c|âTom's Uncle|Scarf?
|c|âLMOA xD|youre scarf
|
|move|p2a: Raikou|Thunderbolt|p1a: Jirachi
|-damage|p1a: Jirachi|0 fnt
|faint|p1a: Jirachi
|
|c|âTom's Uncle|Nice Scarf
|
|switch|p1a: Spiritomb|Spiritomb, M|242\/296 tox
|-damage|p1a: Spiritomb|205\/296 tox|[from] Spikes
|-damage|p1a: Spiritomb|168\/296 tox|[from] Stealth Rock
|turn|23
|c|âTom's Uncle|Tired of getting gl finches by rwchi
|
|move|p1a: Spiritomb|Sucker Punch|p2a: Raikou
|-damage|p2a: Raikou|0 fnt
|faint|p2a: Raikou
|
|-damage|p1a: Spiritomb|150\/296 tox|[from] psn
|
|switch|p2a: Absol|Absol-Mega, M|205\/271
|-damage|p2a: Absol|172\/271|[from] Stealth Rock
|turn|24
|c|âTom's Uncle|gg
|c|âLMOA xD|gg
|leave|xMarth
|
|move|p2a: Absol|Sucker Punch|p1a: Spiritomb
|-damage|p1a: Spiritomb|0 fnt
|faint|p1a: Spiritomb
|
|win|Tom's Uncle
|leave|ANGER MANAGEMENT
|leave|Tom's Uncle
|leave|gomer2550
|player|p2
|leave|LMOA xD
|player|p1
|leave|futurefusion
|join|waiv
|leave|waiv