|join|Lizardons
|join|jack41
|player|p1|Lizardons|101
|player|p2|jack41|17
|gametype|singles
|gen|6
|tier|OU
|rated
|clearpoke
|poke|p1|Charizard, M
|poke|p1|Clefable, F
|poke|p1|Chansey, F
|poke|p1|Gliscor, M
|poke|p1|Slowbro, M
|poke|p1|Skarmory, F
|poke|p2|Metagross
|poke|p2|Dragonite, F
|poke|p2|Greninja, F
|poke|p2|Mamoswine, M
|poke|p2|Latias, F
|poke|p2|Talonflame, M
|rule|Swagger Clause: Swagger is banned
|rule|Baton Pass Clause: Limit one PokÃ©mon knowing Baton Pass
|rule|Sleep Clause Mod: Limit one foe put to sleep
|rule|Species Clause: Limit one of each PokÃ©mon
|rule|OHKO Clause: OHKO moves are banned
|rule|Moody Clause: Moody is banned
|rule|Evasion Moves Clause: Evasion moves are banned
|rule|Endless Battle Clause: Forcing endless battles is banned
|rule|HP Percentage Mod: HP is shown in percentages
|teampreview
|
|start
|switch|p1a: Skara|Skarmory, F|334\/334
|switch|p2a: Mamoswine|Mamoswine, M|361\/361
|turn|1
|
|move|p2a: Mamoswine|Knock Off|p1a: Skara
|-damage|p1a: Skara|270\/334
|-damage|p2a: Mamoswine|301\/361|[from] item: Rocky Helmet|[of] p1a: Skara
|-enditem|p1a: Skara|Rocky Helmet|[from] move: Knock Off|[of] p2a: Mamoswine
|move|p1a: Skara|Brave Bird|p2a: Mamoswine
|-damage|p2a: Mamoswine|148\/361
|-damage|p1a: Skara|220\/334|[from] recoil|[of] p2a: Mamoswine
|
|turn|2
|
|move|p2a: Mamoswine|Stealth Rock|p1a: Skara
|-sidestart|p1: Lizardons|move: Stealth Rock
|move|p1a: Skara|Roost|p1a: Skara
|-heal|p1a: Skara|334\/334
|
|turn|3
|
|move|p2a: Mamoswine|Icicle Spear|p1a: Skara
|-damage|p1a: Skara|307\/334
|-damage|p1a: Skara|280\/334
|-hitcount|p1a: Skara|2
|move|p1a: Skara|Defog|p2a: Mamoswine
|-unboost|p2a: Mamoswine|evasion|1
|-sideend|p1: Lizardons|Stealth Rock|[from] move: Defog|[of] p1a: Skara
|
|turn|4
|
|move|p2a: Mamoswine|Stealth Rock|p1a: Skara
|-sidestart|p1: Lizardons|move: Stealth Rock
|move|p1a: Skara|Brave Bird|p2a: Mamoswine
|-damage|p2a: Mamoswine|0 fnt
|-damage|p1a: Skara|231\/334|[from] recoil|[of] p2a: Mamoswine
|faint|p2a: Mamoswine
|
|
|switch|p2a: Greninja|Greninja, F|285\/285
|turn|5
|
|switch|p1a: FatTony|Chansey, F|704\/704
|-damage|p1a: FatTony|616\/704|[from] Stealth Rock
|move|p2a: Greninja|Hidden Power|p1a: FatTony
|-start|p2a: Greninja|typechange|Fire|[from] Protean
|-damage|p1a: FatTony|533\/704
|-damage|p2a: Greninja|257\/285|[from] item: Life Orb
|
|turn|6
|
|switch|p2a: Metagross|Metagross|301\/301
|move|p1a: FatTony|Wish|p1a: FatTony
|
|turn|7
|
|switch|p1a: Skara|Skarmory, F|231\/334
|-damage|p1a: Skara|190\/334|[from] Stealth Rock
|detailschange|p2a: Metagross|Metagross-Mega
|message|Metagross has Mega Evolved into Mega Metagross!
|move|p2a: Metagross|Meteor Mash|p1a: Skara
|-resisted|p1a: Skara
|-damage|p1a: Skara|118\/334
|-boost|p2a: Metagross|atk|1
|
|-heal|p1a: Skara|334\/334|[from] move: Wish|[wisher] FatTony
|turn|8
|
|move|p2a: Metagross|Meteor Mash|p1a: Skara
|-resisted|p1a: Skara
|-damage|p1a: Skara|241\/334
|move|p1a: Skara|Defog|p2a: Metagross
|-unboost|p2a: Metagross|evasion|1
|-sideend|p1: Lizardons|Stealth Rock|[from] move: Defog|[of] p1a: Skara
|
|turn|9
|
|move|p2a: Metagross|Meteor Mash|p1a: Skara
|-resisted|p1a: Skara
|-damage|p1a: Skara|136\/334
|move|p1a: Skara|Stealth Rock|p2a: Metagross
|-sidestart|p2: jack41|move: Stealth Rock
|
|turn|10
|
|move|p2a: Metagross|Meteor Mash|p1a: Skara
|-resisted|p1a: Skara
|-damage|p1a: Skara|39\/334
|-boost|p2a: Metagross|atk|1
|move|p1a: Skara|Brave Bird|p2a: Metagross
|-crit|p2a: Metagross
|-resisted|p2a: Metagross
|-damage|p2a: Metagross|237\/301
|-damage|p1a: Skara|18\/334|[from] recoil|[of] p2a: Metagross
|
|turn|11
|
|move|p2a: Metagross|Meteor Mash|p1a: Skara
|-resisted|p1a: Skara
|-damage|p1a: Skara|0 fnt
|faint|p1a: Skara
|
|
|switch|p1a: Wayno|Slowbro, M|394\/394
|turn|12
|
|move|p2a: Metagross|Grass Knot|p1a: Wayno
|-crit|p1a: Wayno
|-supereffective|p1a: Wayno
|-damage|p1a: Wayno|52\/394
|move|p1a: Wayno|Scald|p2a: Metagross
|-damage|p2a: Metagross|147\/301
|
|-heal|p1a: Wayno|76\/394|[from] item: Leftovers
|turn|13
|
|switch|p1a: Avocado|Clefable, F|394\/394
|move|p2a: Metagross|Meteor Mash|p1a: Avocado
|-supereffective|p1a: Avocado
|-damage|p1a: Avocado|0 fnt
|faint|p1a: Avocado
|
|
|switch|p1a: Wayno|Slowbro, M|207\/394
|turn|14
|
|move|p2a: Metagross|Grass Knot|p1a: Wayno
|-supereffective|p1a: Wayno
|-damage|p1a: Wayno|3\/394
|move|p1a: Wayno|Scald|p2a: Metagross
|-damage|p2a: Metagross|45\/301
|
|-heal|p1a: Wayno|27\/394|[from] item: Leftovers
|turn|15
|
|switch|p1a: Freddy|Gliscor, M|352\/352
|move|p2a: Metagross|Meteor Mash|p1a: Freddy
|-damage|p1a: Freddy|48\/352
|-boost|p2a: Metagross|atk|1
|
|-status|p1a: Freddy|tox|[from] item: Toxic Orb
|turn|16
|
|move|p1a: Freddy|Protect|p1a: Freddy
|-singleturn|p1a: Freddy|Protect
|move|p2a: Metagross|Ice Punch|p1a: Freddy
|-activate|p1a: Freddy|Protect
|
|-heal|p1a: Freddy|92\/352 tox|[from] ability: Poison Heal
|turn|17
|
|move|p2a: Metagross|Meteor Mash|p1a: Freddy
|-damage|p1a: Freddy|0 fnt
|-boost|p2a: Metagross|atk|1
|faint|p1a: Freddy
|
|
|switch|p1a: Wayno|Slowbro, M|158\/394
|turn|18
|
|switch|p1a: Lizardon|Charizard, M|333\/333
|move|p2a: Metagross|Grass Knot|p1a: Lizardon
|-resisted|p1a: Lizardon
|-damage|p1a: Lizardon|307\/333
|
|turn|19
|
|detailschange|p1a: Lizardon|Charizard-Mega-X, M
|message|Charizard has Mega Evolved into Mega Charizard!
|move|p2a: Metagross|Meteor Mash|p1a: Lizardon
|-resisted|p1a: Lizardon
|-damage|p1a: Lizardon|0 fnt
|-boost|p2a: Metagross|atk|1
|faint|p1a: Lizardon
|
|
|switch|p1a: Wayno|Slowbro, M|289\/394
|turn|20
|
|move|p2a: Metagross|Meteor Mash|p1a: Wayno
|-resisted|p1a: Wayno
|-damage|p1a: Wayno|0 fnt
|faint|p1a: Wayno
|
|
|switch|p1a: FatTony|Chansey, F|533\/704
|turn|21
|
|move|p2a: Metagross|Earthquake|p1a: FatTony
|-damage|p1a: FatTony|0 fnt
|faint|p1a: FatTony
|
|win|jack41
|raw|Ladder updating...
|c|âjack41|gg