|join|Lizardons
|join|test ash
|player|p1|Lizardons|170
|player|p2|test ash|151
|gametype|singles
|gen|6
|tier|OU
|rated
|clearpoke
|poke|p1|Blissey, F
|poke|p1|Gliscor, M
|poke|p1|Mandibuzz, F
|poke|p1|Skarmory, M
|poke|p1|Latias, F
|poke|p1|Venusaur, M
|poke|p2|Gengar, F
|poke|p2|Terrakion
|poke|p2|Mawile, M
|poke|p2|Wobbuffet, M
|poke|p2|Landorus-Therian, M
|poke|p2|Ferrothorn, F
|rule|Sleep Clause Mod: Limit one foe put to sleep
|rule|Species Clause: Limit one of each Pokemon
|rule|OHKO Clause: OHKO moves are banned
|rule|Moody Clause: Moody is banned
|rule|Evasion Moves Clause: Evasion moves are banned
|rule|Endless Battle Clause: Forcing endless battles is banned.
|rule|HP Percentage Mod: HP is reported as percentages
|teampreview
|
|start
|switch|p1a: Batman|Gliscor, M|352\/352
|switch|p2a: Gengar|Gengar, F|261\/261
|turn|1
|
|move|p1a: Batman|Protect|p1a: Batman
|-singleturn|p1a: Batman|Protect
|move|p2a: Gengar|Substitute|p2a: Gengar
|-start|p2a: Gengar|Substitute
|-damage|p2a: Gengar|196\/261
|
|-heal|p2a: Gengar|212\/261|[from] item: Black Sludge
|-status|p1a: Batman|tox|[from] item: Toxic Orb
|turn|2
|
|switch|p1a: FatTony|Blissey, F|714\/714
|move|p2a: Gengar|Shadow Ball|p1a: FatTony
|-immune|p1a: FatTony|[msg]
|
|-heal|p2a: Gengar|228\/261|[from] item: Black Sludge
|turn|3
|
|move|p2a: Gengar|Taunt|p1a: FatTony
|-start|p1a: FatTony|move: Taunt
|cant|p1a: FatTony|move: Taunt|Wish
|
|-heal|p2a: Gengar|244\/261|[from] item: Black Sludge
|turn|4
|
|switch|p2a: Terrakion|Terrakion|323\/323
|switch|p1a: Batman|Gliscor, M|352\/352 tox
|
|turn|5
|
|move|p2a: Terrakion|Stealth Rock|p1a: Batman
|-sidestart|p1: Lizardons|move: Stealth Rock
|move|p1a: Batman|Toxic|p2a: Terrakion
|-status|p2a: Terrakion|tox
|
|-damage|p2a: Terrakion|303\/323 tox|[from] psn
|turn|6
|join|Altilt
|
|switch|p2a: Gengar|Gengar, F|244\/261
|move|p1a: Batman|Earthquake|p2a: Gengar
|-immune|p2a: Gengar|[msg]
|
|-heal|p2a: Gengar|260\/261|[from] item: Black Sludge
|turn|7
|
|switch|p1a: DuckDodgers|Mandibuzz, F|424\/424
|-damage|p1a: DuckDodgers|318\/424|[from] Stealth Rock
|move|p2a: Gengar|Substitute|p2a: Gengar
|-start|p2a: Gengar|Substitute
|-damage|p2a: Gengar|195\/261
|
|-heal|p2a: Gengar|211\/261|[from] item: Black Sludge
|-heal|p1a: DuckDodgers|344\/424|[from] item: Leftovers
|turn|8
|
|move|p2a: Gengar|Will-O-Wisp|p1a: DuckDodgers
|-status|p1a: DuckDodgers|brn
|move|p1a: DuckDodgers|Knock Off|p2a: Gengar
|-supereffective|p2a: Gengar
|-end|p2a: Gengar|Substitute
|
|-heal|p2a: Gengar|227\/261|[from] item: Black Sludge
|-heal|p1a: DuckDodgers|370\/424 brn|[from] item: Leftovers
|-damage|p1a: DuckDodgers|317\/424 brn|[from] brn
|turn|9
|
|move|p2a: Gengar|Taunt|p1a: DuckDodgers
|-start|p1a: DuckDodgers|move: Taunt
|cant|p1a: DuckDodgers|move: Taunt|Defog
|
|-heal|p2a: Gengar|243\/261|[from] item: Black Sludge
|-heal|p1a: DuckDodgers|343\/424 brn|[from] item: Leftovers
|-damage|p1a: DuckDodgers|290\/424 brn|[from] brn
|turn|10
|
|move|p2a: Gengar|Substitute|p2a: Gengar
|-start|p2a: Gengar|Substitute
|-damage|p2a: Gengar|178\/261
|move|p1a: DuckDodgers|Knock Off|p2a: Gengar
|-supereffective|p2a: Gengar
|-end|p2a: Gengar|Substitute
|
|-heal|p2a: Gengar|194\/261|[from] item: Black Sludge
|-heal|p1a: DuckDodgers|316\/424 brn|[from] item: Leftovers
|-damage|p1a: DuckDodgers|263\/424 brn|[from] brn
|turn|11
|
|switch|p2a: Mawile|Mawile, M|241\/241
|-ability|p2a: Mawile|Intimidate|[of] p1a: DuckDodgers
|-unboost|p1a: DuckDodgers|atk|1
|move|p1a: DuckDodgers|Knock Off|p2a: Mawile
|-resisted|p2a: Mawile
|-damage|p2a: Mawile|232\/241
|
|-heal|p1a: DuckDodgers|289\/424 brn|[from] item: Leftovers
|-damage|p1a: DuckDodgers|236\/424 brn|[from] brn
|-end|p1a: DuckDodgers|move: Taunt
|turn|12
|join|craing ;_;
|
|switch|p1a: Batman|Gliscor, M|352\/352 tox
|-damage|p1a: Batman|308\/352 tox|[from] Stealth Rock
|-formechange|p2a: Mawile|Mawile-Mega
|message|Mawile has Mega Evolved into Mega Mawile!
|move|p2a: Mawile|Swords Dance|p2a: Mawile
|-boost|p2a: Mawile|atk|2
|
|-heal|p1a: Batman|352\/352 tox|[from] ability: Poison Heal
|turn|13
|chat|Altilt|don't worry ash
|chat|craing ;_;|why u lose to ctc :c
|chat|Altilt|you'll miss one of the subs
|chat|Altilt|one of them
|chat|test ash|oh yeah
|chat|test ash|im gonna miss
|chat|test ash|watch
|chat|test ash|me miss
|
|move|p1a: Batman|Earthquake|p2a: Mawile
|-supereffective|p2a: Mawile
|-damage|p2a: Mawile|58\/241
|move|p2a: Mawile|Knock Off|p1a: Batman
|-damage|p1a: Batman|103\/352 tox
|-enditem|p1a: Batman|Toxic Orb|[from] move: Knock Off|[of] p2a: Mawile
|
|-heal|p1a: Batman|147\/352 tox|[from] ability: Poison Heal
|turn|14
|chat|Altilt|watch you
|chat|Altilt|not kill
|chat|Altilt|because
|chat|test ash|dont need to
|chat|craing ;_;|lmao
|chat|Altilt|you didn't want to miss
|chat|test ash|no he cant
|chat|test ash|heal bell
|
|switch|p2a: Gengar|Gengar, F|194\/261
|move|p1a: Batman|Protect|p1a: Batman
|-fail|p1a: Batman
|
|-heal|p2a: Gengar|210\/261|[from] item: Black Sludge
|-heal|p1a: Batman|191\/352 tox|[from] ability: Poison Heal
|turn|15
|chat|test ash|just gunna
|chat|test ash|burn his whole team now
|chat|test ash|lol
|
|move|p1a: Batman|Protect|p1a: Batman
|-singleturn|p1a: Batman|Protect
|move|p2a: Gengar|Substitute|p2a: Gengar
|-start|p2a: Gengar|Substitute
|-damage|p2a: Gengar|145\/261
|
|-heal|p2a: Gengar|161\/261|[from] item: Black Sludge
|-heal|p1a: Batman|235\/352 tox|[from] ability: Poison Heal
|turn|16
|
|switch|p1a: FatTony|Blissey, F|714\/714
|-damage|p1a: FatTony|625\/714|[from] Stealth Rock
|move|p2a: Gengar|Taunt|p1a: FatTony
|-start|p1a: FatTony|move: Taunt
|
|-heal|p2a: Gengar|177\/261|[from] item: Black Sludge
|-heal|p1a: FatTony|669\/714|[from] item: Leftovers
|turn|17
|
|switch|p1a: Batman|Gliscor, M|235\/352 tox
|-damage|p1a: Batman|191\/352 tox|[from] Stealth Rock
|move|p2a: Gengar|Will-O-Wisp|p1a: Batman
|-fail|p1a: Batman
|
|-heal|p2a: Gengar|193\/261|[from] item: Black Sludge
|-heal|p1a: Batman|235\/352 tox|[from] ability: Poison Heal
|turn|18
|
|move|p1a: Batman|Protect|p1a: Batman
|-singleturn|p1a: Batman|Protect
|move|p2a: Gengar|Shadow Ball|p1a: Batman
|-activate|p1a: Batman|Protect
|
|-heal|p2a: Gengar|209\/261|[from] item: Black Sludge
|-heal|p1a: Batman|279\/352 tox|[from] ability: Poison Heal
|turn|19
|
|switch|p1a: FatTony|Blissey, F|669\/714
|-damage|p1a: FatTony|580\/714|[from] Stealth Rock
|move|p2a: Gengar|Will-O-Wisp|p1a: FatTony
|-status|p1a: FatTony|brn
|
|-heal|p2a: Gengar|225\/261|[from] item: Black Sludge
|-heal|p1a: FatTony|624\/714 brn|[from] item: Leftovers
|-damage|p1a: FatTony|535\/714 brn|[from] brn
|turn|20
|
|move|p2a: Gengar|Taunt|p1a: FatTony
|-start|p1a: FatTony|move: Taunt
|cant|p1a: FatTony|move: Taunt|Wish
|
|-heal|p2a: Gengar|241\/261|[from] item: Black Sludge
|-heal|p1a: FatTony|579\/714 brn|[from] item: Leftovers
|-damage|p1a: FatTony|490\/714 brn|[from] brn
|turn|21
|chat|Altilt|i like how taunts here are
|chat|Altilt|100% safe
|chat|Altilt|cuz gliscor
|chat|test ash|yeah its cute
|
|switch|p1a: Batman|Gliscor, M|279\/352 tox
|-damage|p1a: Batman|235\/352 tox|[from] Stealth Rock
|move|p2a: Gengar|Shadow Ball|p1a: Batman
|-damage|p1a: Batman|45\/352 tox
|
|-heal|p2a: Gengar|257\/261|[from] item: Black Sludge
|-heal|p1a: Batman|89\/352 tox|[from] ability: Poison Heal
|turn|22
|chat|Altilt|still loses to getting taunted
|chat|test ash|GENGAR IS HERE
|chat|test ash|TO SAY NO
|chat|test ash|TO STALL
|chat|Lizardons|that gengar can 6-0 my team as a lead
|
|move|p1a: Batman|Protect|p1a: Batman
|-singleturn|p1a: Batman|Protect
|move|p2a: Gengar|Shadow Ball|p1a: Batman
|-activate|p1a: Batman|Protect
|
|-heal|p2a: Gengar|261\/261|[from] item: Black Sludge
|-heal|p1a: Batman|133\/352 tox|[from] ability: Poison Heal
|turn|23
|chat|test ash|nah I need hazards up
|chat|Altilt|the 1 team taunt wow gengar is good against
|
|switch|p1a: FatTony|Blissey, F|490\/714
|-damage|p1a: FatTony|401\/714|[from] Stealth Rock
|move|p2a: Gengar|Shadow Ball|p1a: FatTony
|-immune|p1a: FatTony|[msg]
|
|-heal|p1a: FatTony|445\/714|[from] item: Leftovers
|turn|24
|chat|Altilt|u found it ash
|chat|Altilt|u found it
|chat|test ash|im a god
|
|move|p1a: FatTony|Protect|p1a: FatTony
|-singleturn|p1a: FatTony|Protect
|move|p2a: Gengar|Taunt|p1a: FatTony
|-activate|p1a: FatTony|Protect
|
|-heal|p1a: FatTony|489\/714|[from] item: Leftovers
|turn|25
|
|switch|p1a: Batman|Gliscor, M|133\/352 tox
|-damage|p1a: Batman|89\/352 tox|[from] Stealth Rock
|move|p2a: Gengar|Taunt|p1a: Batman
|-start|p1a: Batman|move: Taunt
|
|-heal|p1a: Batman|133\/352 tox|[from] ability: Poison Heal
|turn|26
|chat|Altilt|1000% safe taunts
|chat|Altilt|look you can't protect
|chat|Altilt|you now go even with sr damage
|
|switch|p1a: FatTony|Blissey, F|489\/714
|-damage|p1a: FatTony|400\/714|[from] Stealth Rock
|move|p2a: Gengar|Will-O-Wisp|p1a: FatTony
|-status|p1a: FatTony|brn
|
|-heal|p1a: FatTony|444\/714 brn|[from] item: Leftovers
|-damage|p1a: FatTony|355\/714 brn|[from] brn
|turn|27
|chat|Altilt|cute
|
|switch|p1a: Lizardon|Venusaur, M|364\/364
|-damage|p1a: Lizardon|319\/364|[from] Stealth Rock
|move|p2a: Gengar|Taunt|p1a: Lizardon
|-start|p1a: Lizardon|move: Taunt
|
|turn|28
|chat|Altilt|LOOK ITS LIZARDON
|
|-formechange|p1a: Lizardon|Venusaur-Mega
|message|Venusaur has Mega Evolved into Mega Venusaur!
|move|p2a: Gengar|Will-O-Wisp|p1a: Lizardon
|-status|p1a: Lizardon|brn
|move|p1a: Lizardon|Sludge Bomb|p2a: Gengar
|-resisted|p2a: Gengar
|-activate|p2a: Gengar|Substitute|[damage]
|
|-damage|p1a: Lizardon|274\/364 brn|[from] brn
|turn|29
|chat|test ash|GENGAR THE GOD
|chat|Altilt|beeeg dommmaaaaggeeee
|
|move|p2a: Gengar|Shadow Ball|p1a: Lizardon
|-damage|p1a: Lizardon|157\/364 brn
|-unboost|p1a: Lizardon|spd|1
|move|p1a: Lizardon|Sludge Bomb|p2a: Gengar
|-resisted|p2a: Gengar
|-end|p2a: Gengar|Substitute
|
|-damage|p1a: Lizardon|112\/364 brn|[from] brn
|turn|30
|chat|Lizardons|gg lol
|chat|Lizardons|i am done making a new team xD
|chat|Altilt|drop the d
|chat|test ash|gg
|chat|Lizardons|this team has failed me again
|chat|Lizardons|I am stealing your team
|chat|Altilt|>stealing any of ash's teams
|chat|Altilt|>ever
|chat|test ash|lol
|chat|Altilt|git gud faggit
|-message|Lizardons forfeited.
|
|win|test ash
|raw|Ladder updating...
|raw|Lizardons's rating: 1822 &rarr; <strong>1801<\/strong><br \/>(-21 for losing)
|raw|test ash's rating: 1803 &rarr; <strong>1824<\/strong><br \/>(+21 for winning)
|leave|Lizardons
|player|p1