|join|Toxzn
|join|Lizardons
|player|p1|Toxzn|87
|player|p2|Lizardons|170
|gametype|singles
|gen|6
|tier|OU
|rated
|clearpoke
|poke|p1|Omastar, M
|poke|p1|Politoed, M
|poke|p1|Dragonite, M
|poke|p1|Deoxys-Speed
|poke|p1|Kingdra, M
|poke|p1|Scizor, M
|poke|p2|Blissey, F
|poke|p2|Quagsire, M
|poke|p2|Skarmory, M
|poke|p2|Clefable, F
|poke|p2|Charizard, M
|poke|p2|Mandibuzz, F
|rule|Sleep Clause Mod: Limit one foe put to sleep
|rule|Species Clause: Limit one of each Pokemon
|rule|OHKO Clause: OHKO moves are banned
|rule|Moody Clause: Moody is banned
|rule|Evasion Moves Clause: Evasion moves are banned
|rule|Endless Battle Clause: Forcing endless battles is banned.
|rule|HP Percentage Mod: HP is reported as percentages
|teampreview
|chat|Lizardons|gl
|
|start
|switch|p1a: Deoxys-Speed|Deoxys-Speed|241\/241
|switch|p2a: Lizardon|Charizard, M|297\/297
|-ability|p1a: Deoxys-Speed|Pressure
|turn|1
|
|-formechange|p2a: Lizardon|Charizard-Mega-Y
|message|Charizard has Mega Evolved into Mega Charizard!
|-weather|SunnyDay
|move|p1a: Deoxys-Speed|Stealth Rock|p2a: Lizardon
|-sidestart|p2: Lizardons|move: Stealth Rock
|move|p2a: Lizardon|Flamethrower|p1a: Deoxys-Speed
|-enditem|p1a: Deoxys-Speed|Focus Sash
|-damage|p1a: Deoxys-Speed|1\/241
|
|-weather|SunnyDay|[upkeep]
|turn|2
|
|switch|p1a: Politoed|Politoed, M|355\/355
|-weather|RainDance
|move|p2a: Lizardon|Flamethrower|p1a: Politoed
|-resisted|p1a: Politoed
|-damage|p1a: Politoed|302\/355
|
|-weather|RainDance|[upkeep]
|turn|3
|
|switch|p2a: FatTony|Blissey, F|714\/714
|-damage|p2a: FatTony|625\/714|[from] Stealth Rock
|switch|p1a: Dragonite|Dragonite, M|323\/323
|
|-weather|RainDance|[upkeep]
|-heal|p2a: FatTony|669\/714|[from] item: Leftovers
|turn|4
|
|switch|p1a: Omastar|Omastar, M|281\/281
|move|p2a: FatTony|Protect|p2a: FatTony
|-fail|p2a: FatTony
|
|-weather|RainDance|[upkeep]
|-heal|p2a: FatTony|713\/714|[from] item: Leftovers
|turn|5
|
|move|p1a: Omastar|Shell Smash|p1a: Omastar
|-boost|p1a: Omastar|atk|2
|-boost|p1a: Omastar|spa|2
|-boost|p1a: Omastar|spe|2
|-unboost|p1a: Omastar|def|1
|-unboost|p1a: Omastar|spd|1
|move|p2a: FatTony|Toxic|p1a: Omastar
|-status|p1a: Omastar|tox
|
|-weather|RainDance|[upkeep]
|-heal|p2a: FatTony|714\/714|[from] item: Leftovers
|-damage|p1a: Omastar|264\/281 tox|[from] psn
|turn|6
|
|move|p2a: FatTony|Protect|p2a: FatTony
|-singleturn|p2a: FatTony|Protect
|move|p1a: Omastar|Hydro Pump|p2a: FatTony
|-activate|p2a: FatTony|Protect
|
|-weather|RainDance|[upkeep]
|-damage|p1a: Omastar|230\/281 tox|[from] psn
|turn|7
|
|move|p1a: Omastar|Hydro Pump|p2a: FatTony
|-damage|p2a: FatTony|155\/714
|-damage|p1a: Omastar|202\/281 tox|[from] item: Life Orb
|move|p2a: FatTony|Wish|p2a: FatTony
|
|-weather|RainDance|[upkeep]
|-heal|p2a: FatTony|199\/714|[from] item: Leftovers
|-damage|p1a: Omastar|151\/281 tox|[from] psn
|turn|8
|
|move|p2a: FatTony|Protect|p2a: FatTony
|-singleturn|p2a: FatTony|Protect
|move|p1a: Omastar|Hydro Pump|p2a: FatTony
|-activate|p2a: FatTony|Protect
|
|-weather|RainDance|[upkeep]
|-heal|p2a: FatTony|556\/714|[from] move: Wish|[wisher] FatTony
|-heal|p2a: FatTony|600\/714|[from] item: Leftovers
|-damage|p1a: Omastar|83\/281 tox|[from] psn
|turn|9
|
|move|p1a: Omastar|Hydro Pump|p2a: FatTony
|-damage|p2a: FatTony|0 fnt
|-damage|p1a: Omastar|55\/281 tox|[from] item: Life Orb
|faint|p2a: FatTony
|
|-weather|none
|-damage|p1a: Omastar|0 fnt|[from] psn
|faint|p1a: Omastar
|
|switch|p1a: Deoxys-Speed|Deoxys-Speed|1\/241
|switch|p2a: DuckDodgers|Mandibuzz, F|423\/423
|-damage|p2a: DuckDodgers|318\/423|[from] Stealth Rock
|-ability|p1a: Deoxys-Speed|Pressure
|turn|10
|
|move|p1a: Deoxys-Speed|Taunt|p2a: DuckDodgers
|-start|p2a: DuckDodgers|move: Taunt
|cant|p2a: DuckDodgers|move: Taunt|Roost
|
|-heal|p2a: DuckDodgers|344\/423|[from] item: Leftovers
|turn|11
|
|move|p1a: Deoxys-Speed|Rain Dance|p1a: Deoxys-Speed
|-weather|RainDance
|move|p2a: DuckDodgers|Foul Play|p1a: Deoxys-Speed
|-supereffective|p1a: Deoxys-Speed
|-damage|p1a: Deoxys-Speed|0 fnt
|faint|p1a: Deoxys-Speed
|
|-weather|RainDance|[upkeep]
|-heal|p2a: DuckDodgers|370\/423|[from] item: Leftovers
|
|switch|p1a: Kingdra|Kingdra, M|291\/291
|turn|12
|chat|Toxzn|ctc 
|chat|Toxzn|should have used this
|chat|Toxzn|vs u
|
|move|p1a: Kingdra|Hydro Pump|p2a: DuckDodgers
|-damage|p2a: DuckDodgers|0 fnt
|faint|p2a: DuckDodgers
|
|-weather|RainDance|[upkeep]
|
|switch|p2a: Lizardon|Charizard, M|297\/297
|-formechange|p2a: Lizardon|Charizard-Mega-Y
|-damage|p2a: Lizardon|149\/297|[from] Stealth Rock
|-weather|SunnyDay
|turn|13
|
|switch|p1a: Politoed|Politoed, M|302\/355
|-weather|RainDance
|move|p2a: Lizardon|Roost|p2a: Lizardon
|-heal|p2a: Lizardon|297\/297
|
|-weather|RainDance|[upkeep]
|turn|14
|chat|Lizardons|i just misplayed vs omastar
|
|switch|p2a: BatMan|Quagsire, M|394\/394
|-damage|p2a: BatMan|370\/394|[from] Stealth Rock
|move|p1a: Politoed|Hydro Pump|p2a: BatMan
|-damage|p2a: BatMan|33\/394
|
|-weather|RainDance|[upkeep]
|-heal|p2a: BatMan|57\/394|[from] item: Leftovers
|turn|15
|chat|Toxzn|yea
|chat|Toxzn|ur a great player tho
|chat|Toxzn|im a fan
|chat|Toxzn|not sarcasm
|chat|Lizardons|would have won if i foddered anything
|chat|Toxzn|either
|
|move|p1a: Politoed|Scald|p2a: BatMan
|-damage|p2a: BatMan|0 fnt
|faint|p2a: BatMan
|
|-weather|RainDance|[upkeep]
|chat|Lizardons|i am bad honestly lol
|chat|Toxzn|n
|
|switch|p2a: Lizardon|Charizard, M|297\/297
|-formechange|p2a: Lizardon|Charizard-Mega-Y
|-damage|p2a: Lizardon|149\/297|[from] Stealth Rock
|-weather|SunnyDay
|turn|16
|
|switch|p1a: Dragonite|Dragonite, M|323\/323
|move|p2a: Lizardon|Flamethrower|p1a: Dragonite
|-resisted|p1a: Dragonite
|-damage|p1a: Dragonite|245\/323
|
|-weather|SunnyDay|[upkeep]
|turn|17
|
|switch|p2a: TeemoShroom|Clefable, F|394\/394
|switch|p1a: Politoed|Politoed, M|302\/355
|-weather|RainDance
|
|-weather|RainDance|[upkeep]
|turn|18
|
|move|p1a: Politoed|Hydro Pump|p2a: TeemoShroom
|-damage|p2a: TeemoShroom|123\/394
|move|p2a: TeemoShroom|Calm Mind|p2a: TeemoShroom
|-boost|p2a: TeemoShroom|spa|1
|-boost|p2a: TeemoShroom|spd|1
|
|-weather|RainDance|[upkeep]
|-heal|p2a: TeemoShroom|147\/394|[from] item: Leftovers
|turn|19
|
|move|p1a: Politoed|Hydro Pump|p2a: TeemoShroom
|-damage|p2a: TeemoShroom|0 fnt
|faint|p2a: TeemoShroom
|
|-weather|RainDance|[upkeep]
|chat|Lizardons|gg
|
|switch|p2a: Lizardon|Charizard, M|149\/297
|-formechange|p2a: Lizardon|Charizard-Mega-Y
|-damage|p2a: Lizardon|1\/297|[from] Stealth Rock
|-weather|SunnyDay
|turn|20
|chat|Toxzn|gg
|
|switch|p1a: Dragonite|Dragonite, M|245\/323
|move|p2a: Lizardon|Roost|p2a: Lizardon
|-heal|p2a: Lizardon|150\/297
|
|-weather|SunnyDay|[upkeep]
|turn|21
|chat|Lizardons|should have not left bliss in
|
|switch|p1a: Politoed|Politoed, M|302\/355
|-weather|RainDance
|move|p2a: Lizardon|Flamethrower|p1a: Politoed
|-resisted|p1a: Politoed
|-damage|p1a: Politoed|251\/355
|
|-weather|RainDance|[upkeep]
|turn|22
|chat|Toxzn|ya it walls most my shit
|
|move|p2a: Lizardon|Flamethrower|p1a: Politoed
|-resisted|p1a: Politoed
|-damage|p1a: Politoed|197\/355
|move|p1a: Politoed|Scald|p2a: Lizardon
|-supereffective|p2a: Lizardon
|-damage|p2a: Lizardon|0 fnt
|faint|p2a: Lizardon
|
|-weather|RainDance|[upkeep]
|chat|Lizardons|it was a huge misplay
|
|switch|p2a: Sharknado|Skarmory, M|334\/334
|-damage|p2a: Sharknado|293\/334|[from] Stealth Rock
|turn|23
|chat|Lizardons|gg
|chat|Toxzn|gg
|
|move|p1a: Politoed|Scald|p2a: Sharknado
|-damage|p2a: Sharknado|68\/334
|move|p2a: Sharknado|Brave Bird|p1a: Politoed
|-damage|p1a: Politoed|41\/355
|-damage|p2a: Sharknado|17\/334|[from] recoil|[of] p1a: Politoed
|
|-weather|RainDance|[upkeep]
|-heal|p2a: Sharknado|37\/334|[from] item: Leftovers
|turn|24
|
|move|p1a: Politoed|Scald|p2a: Sharknado
|-damage|p2a: Sharknado|0 fnt
|faint|p2a: Sharknado
|
|win|Toxzn
|raw|Ladder updating...
|raw|Toxzn's rating: 1881 &rarr; <strong>1898<\/strong><br \/>(+17 for winning)
|raw|Lizardons's rating: 1834 &rarr; <strong>1817<\/strong><br \/>(-17 for losing)
|leave|Lizardons
|player|p2