|join|StarWarsKing98
|join|Lizardons
|player|p1|StarWarsKing98|267
|player|p2|Lizardons|170
|gametype|singles
|gen|6
|tier|OU
|rated
|clearpoke
|poke|p1|Scolipede, M, shiny
|poke|p1|Espeon, M, shiny
|poke|p1|Sylveon, M, shiny
|poke|p1|Smeargle, F, shiny
|poke|p1|Vaporeon, F, shiny
|poke|p1|Zapdos, shiny
|poke|p2|Espeon, F
|poke|p2|Vaporeon, M
|poke|p2|Scolipede, M
|poke|p2|Smeargle, F
|poke|p2|Sylveon, F
|poke|p2|Mr. Mime, F, shiny
|rule|Sleep Clause Mod: Limit one foe put to sleep
|rule|Species Clause: Limit one of each Pokemon
|rule|OHKO Clause: OHKO moves are banned
|rule|Moody Clause: Moody is banned
|rule|Evasion Moves Clause: Evasion moves are banned
|rule|Endless Battle Clause: Forcing endless battles is banned.
|rule|HP Percentage Mod: HP is reported as percentages
|teampreview
|
|start
|switch|p1a: Best Bug Type|Espeon, M, shiny|272\/272
|switch|p2a: Ban|Scolipede, M|324\/324
|turn|1
|
|move|p2a: Ban|Substitute|p2a: Ban
|-start|p2a: Ban|Substitute
|-damage|p2a: Ban|243\/324
|move|p1a: Best Bug Type|Calm Mind|p1a: Best Bug Type
|-boost|p1a: Best Bug Type|spa|1
|-boost|p1a: Best Bug Type|spd|1
|
|-heal|p2a: Ban|263\/324|[from] item: Leftovers
|-boost|p2a: Ban|spe|1|[from] ability: Speed Boost
|turn|2
|join|St.Dennis
|
|move|p2a: Ban|Baton Pass|p2a: Ban
|
|switch|p2a: Ban|Mr. Mime, F, shiny|283\/283
|move|p1a: Best Bug Type|Calm Mind|p1a: Best Bug Type
|-boost|p1a: Best Bug Type|spa|1
|-boost|p1a: Best Bug Type|spd|1
|
|turn|3
|
|move|p2a: Ban|Calm Mind|p2a: Ban
|-boost|p2a: Ban|spa|1
|-boost|p2a: Ban|spd|1
|move|p1a: Best Bug Type|Calm Mind|p1a: Best Bug Type
|-boost|p1a: Best Bug Type|spa|1
|-boost|p1a: Best Bug Type|spd|1
|
|turn|4
|leave|St.Dennis
|
|move|p2a: Ban|Calm Mind|p2a: Ban
|-boost|p2a: Ban|spa|1
|-boost|p2a: Ban|spd|1
|move|p1a: Best Bug Type|Stored Power|p2a: Ban
|-resisted|p2a: Ban
|-end|p2a: Ban|Substitute
|
|turn|5
|
|move|p2a: Ban|Calm Mind|p2a: Ban
|-boost|p2a: Ban|spa|1
|-boost|p2a: Ban|spd|1
|move|p1a: Best Bug Type|Stored Power|p2a: Ban
|-resisted|p2a: Ban
|-damage|p2a: Ban|199\/283
|
|-heal|p2a: Ban|216\/283|[from] item: Leftovers
|turn|6
|
|move|p2a: Ban|Calm Mind|p2a: Ban
|-boost|p2a: Ban|spa|1
|-boost|p2a: Ban|spd|1
|move|p1a: Best Bug Type|Calm Mind|p1a: Best Bug Type
|-boost|p1a: Best Bug Type|spa|1
|-boost|p1a: Best Bug Type|spd|1
|
|-heal|p2a: Ban|233\/283|[from] item: Leftovers
|turn|7
|
|move|p2a: Ban|Substitute|p2a: Ban
|-start|p2a: Ban|Substitute
|-damage|p2a: Ban|163\/283
|move|p1a: Best Bug Type|Calm Mind|p1a: Best Bug Type
|-boost|p1a: Best Bug Type|spa|1
|-boost|p1a: Best Bug Type|spd|1
|
|-heal|p2a: Ban|180\/283|[from] item: Leftovers
|turn|8
|
|move|p2a: Ban|Calm Mind|p2a: Ban
|-boost|p2a: Ban|spa|1
|-boost|p2a: Ban|spd|1
|move|p1a: Best Bug Type|Stored Power|p2a: Ban
|-resisted|p2a: Ban
|-end|p2a: Ban|Substitute
|
|-heal|p2a: Ban|197\/283|[from] item: Leftovers
|turn|9
|
|move|p2a: Ban|Calm Mind|p2a: Ban
|-boost|p2a: Ban|spa|1
|-boost|p2a: Ban|spd|1
|move|p1a: Best Bug Type|Stored Power|p2a: Ban
|-resisted|p2a: Ban
|-damage|p2a: Ban|76\/283
|
|-heal|p2a: Ban|93\/283|[from] item: Leftovers
|turn|10
|
|move|p2a: Ban|Substitute|p2a: Ban
|-start|p2a: Ban|Substitute
|-damage|p2a: Ban|23\/283
|move|p1a: Best Bug Type|Stored Power|p2a: Ban
|-resisted|p2a: Ban
|-end|p2a: Ban|Substitute
|
|-heal|p2a: Ban|40\/283|[from] item: Leftovers
|turn|11
|
|move|p2a: Ban|Baton Pass|p2a: Ban
|
|switch|p2a: Ban|Scolipede, M|263\/324
|move|p1a: Best Bug Type|Stored Power|p2a: Ban
|-supereffective|p2a: Ban
|-damage|p2a: Ban|0 fnt
|faint|p2a: Ban
|
|chat|StarWarsKing98|Yes
|chat|Lizardons|gg
|chat|StarWarsKing98|Why scol
|-message|Lizardons forfeited.
|
|win|StarWarsKing98
|raw|Ladder updating...
|chat|StarWarsKing98|why
|leave|Lizardons
|player|p2
|raw|StarWarsKing98's rating: 1815 &rarr; <strong>1836<\/strong><br \/>(+21 for winning)
|raw|Lizardons's rating: 1818 &rarr; <strong>1797<\/strong><br \/>(-21 for losing)