|join|spam to ban
|join|Lizardons
|player|p1|spam to ban|170
|player|p2|Lizardons|2
|gametype|singles
|gen|6
|tier|OU
|rated
|clearpoke
|poke|p1|Cresselia, F, shiny
|poke|p1|Mawile, M
|poke|p1|Mew, shiny
|poke|p1|Victini
|poke|p1|Porygon2, shiny
|poke|p1|Exploud, M
|poke|p2|Charizard, M
|poke|p2|Skarmory, M
|poke|p2|Blissey, F
|poke|p2|Mandibuzz, F
|poke|p2|Venusaur, M
|poke|p2|Togekiss, F
|rule|Swagger Clause: Swagger is banned
|rule|Baton Pass Clause: Limit one PokÃ©mon knowing Baton Pass
|rule|Sleep Clause Mod: Limit one foe put to sleep
|rule|Species Clause: Limit one of each PokÃ©mon
|rule|OHKO Clause: OHKO moves are banned
|rule|Moody Clause: Moody is banned
|rule|Evasion Moves Clause: Evasion moves are banned
|rule|Endless Battle Clause: Forcing endless battles is banned
|rule|HP Percentage Mod: HP is reported as percentages
|teampreview
|
|start
|switch|p1a: Mew|Mew, shiny|404\/404
|switch|p2a: Lizardon|Charizard, M|297\/297
|turn|1
|
|detailschange|p2a: Lizardon|Charizard-Mega-Y, M
|message|Charizard has Mega Evolved into Mega Charizard!
|-weather|SunnyDay
|move|p1a: Mew|Stealth Rock|p2a: Lizardon
|-sidestart|p2: Lizardons|move: Stealth Rock
|move|p2a: Lizardon|Fire Blast|p1a: Mew
|-crit|p1a: Mew
|-damage|p1a: Mew|0 fnt
|faint|p1a: Mew
|
|-weather|SunnyDay|[upkeep]
|
|switch|p1a: Victini|Victini|404\/404
|turn|2
|
|switch|p2a: Plantman|Venusaur, M|364\/364
|-damage|p2a: Plantman|319\/364|[from] Stealth Rock
|move|p1a: Victini|V-create|p2a: Plantman
|-supereffective|p2a: Plantman
|-damage|p2a: Plantman|0 fnt
|-unboost|p1a: Victini|def|1
|-unboost|p1a: Victini|spd|1
|-unboost|p1a: Victini|spe|1
|-damage|p1a: Victini|364\/404|[from] item: Life Orb
|faint|p2a: Plantman
|
|-weather|SunnyDay|[upkeep]
|
|switch|p2a: DuckThing|Mandibuzz, F|424\/424
|-damage|p2a: DuckThing|318\/424|[from] Stealth Rock
|turn|3
|
|move|p2a: DuckThing|Defog|p1a: Victini
|-unboost|p1a: Victini|evasion|1
|-sideend|p2: Lizardons|Stealth Rock|[from] move: Defog|[of] p2a: DuckThing
|move|p1a: Victini|V-create|p2a: DuckThing
|-crit|p2a: DuckThing
|-damage|p2a: DuckThing|0 fnt
|-unboost|p1a: Victini|def|1
|-unboost|p1a: Victini|spd|1
|-unboost|p1a: Victini|spe|1
|-damage|p1a: Victini|324\/404|[from] item: Life Orb
|faint|p2a: DuckThing
|
|-weather|SunnyDay|[upkeep]
|
|switch|p2a: Lizardon|Charizard-Mega-Y, M|297\/297
|turn|4
|
|switch|p1a: Porygon2|Porygon2, shiny|374\/374
|-ability|p1a: Porygon2|Drought|[from] ability: Trace|[of] p2a: Lizardon
|move|p2a: Lizardon|Fire Blast|p1a: Porygon2
|-damage|p1a: Porygon2|122\/374
|
|-weather|SunnyDay|[upkeep]
|turn|5
|
|switch|p1a: Cresselia|Cresselia, F, shiny|444\/444
|move|p2a: Lizardon|Fire Blast|p1a: Cresselia
|-damage|p1a: Cresselia|161\/444
|
|-weather|none
|turn|6
|
|move|p2a: Lizardon|Fire Blast|p1a: Cresselia|[miss]
|-miss|p2a: Lizardon|p1a: Cresselia
|move|p1a: Cresselia|Moonlight|p1a: Cresselia
|-heal|p1a: Cresselia|383\/444
|
|turn|7
|
|switch|p2a: FatTony|Blissey, F|714\/714
|switch|p1a: Mawile|Mawile, M|304\/304
|-ability|p1a: Mawile|Intimidate|[of] p2a: FatTony
|-unboost|p2a: FatTony|atk|1
|
|turn|8
|
|switch|p2a: Misty|Togekiss, F|374\/374
|detailschange|p1a: Mawile|Mawile-Mega, M
|message|Mawile has Mega Evolved into Mega Mawile!
|move|p1a: Mawile|Knock Off|p2a: Misty
|-resisted|p2a: Misty
|-damage|p2a: Misty|294\/374
|-enditem|p2a: Misty|Leftovers|[from] move: Knock Off|[of] p1a: Mawile
|
|turn|9
|
|move|p2a: Misty|Thunder Wave|p1a: Mawile
|-status|p1a: Mawile|par
|move|p1a: Mawile|Play Rough|p2a: Misty
|-damage|p2a: Misty|71\/374
|
|turn|10
|
|switch|p2a: Lizardon|Charizard-Mega-Y, M|297\/297
|-weather|SunnyDay
|move|p1a: Mawile|Swords Dance|p1a: Mawile
|-boost|p1a: Mawile|atk|2
|
|-weather|SunnyDay|[upkeep]
|turn|11
|
|switch|p2a: DuckMan|Skarmory, M|334\/334
|move|p1a: Mawile|Sucker Punch|p2a: DuckMan
|-fail|p2a: DuckMan
|
|-weather|SunnyDay|[upkeep]
|turn|12
|
|move|p1a: Mawile|Knock Off|p2a: DuckMan
|-damage|p2a: DuckMan|81\/334
|-enditem|p2a: DuckMan|Leftovers|[from] move: Knock Off|[of] p1a: Mawile
|move|p2a: DuckMan|Whirlwind|p1a: Mawile
|drag|p1a: Victini|Victini|324\/404
|
|-weather|SunnyDay|[upkeep]
|turn|13
|
|move|p1a: Victini|Substitute|p1a: Victini
|-start|p1a: Victini|Substitute
|-damage|p1a: Victini|223\/404
|move|p2a: DuckMan|Spikes|p1a: Victini
|-sidestart|p1: spam to ban|Spikes
|
|-weather|SunnyDay|[upkeep]
|turn|14
|
|move|p1a: Victini|V-create|p2a: DuckMan
|-supereffective|p2a: DuckMan
|-damage|p2a: DuckMan|0 fnt
|-unboost|p1a: Victini|def|1
|-unboost|p1a: Victini|spd|1
|-unboost|p1a: Victini|spe|1
|-damage|p1a: Victini|183\/404|[from] item: Life Orb
|faint|p2a: DuckMan
|
|-weather|none
|
|switch|p2a: Misty|Togekiss, F|71\/374
|turn|15
|
|move|p2a: Misty|Roost|p2a: Misty
|-heal|p2a: Misty|258\/374
|move|p1a: Victini|V-create|p2a: Misty
|-damage|p2a: Misty|0 fnt
|-unboost|p1a: Victini|def|1
|-unboost|p1a: Victini|spd|1
|-unboost|p1a: Victini|spe|1
|-damage|p1a: Victini|143\/404|[from] item: Life Orb
|faint|p2a: Misty
|
|-message|Lizardons forfeited.
|
|win|spam to ban
|raw|Ladder updating...
|leave|Lizardons
|player|p2
|raw|spam to ban's rating: 1821 &rarr; <strong>1830<\/strong><br \/>(+9 for winning)
|raw|Lizardons's rating: 1614 &rarr; <strong>1604<\/strong><br \/>(-10 for losing)