|join|lt6a ary
|join|Lizardons
|player|p1|lt6a ary|84
|player|p2|Lizardons|157
|gametype|singles
|gen|6
|tier|OU
|rated
|clearpoke
|poke|p1|Garchomp, F
|poke|p1|Pinsir, F
|poke|p1|Diggersby, M, shiny
|poke|p1|Latias, F
|poke|p1|Azumarill, F, shiny
|poke|p1|Magnezone
|poke|p2|Charizard, F
|poke|p2|Blissey, F
|poke|p2|Gliscor, M
|poke|p2|Slowbro, M
|poke|p2|Zapdos
|poke|p2|Bronzong
|rule|Swagger Clause: Swagger is banned
|rule|Baton Pass Clause: Limit one PokÃ©mon knowing Baton Pass
|rule|Sleep Clause Mod: Limit one foe put to sleep
|rule|Species Clause: Limit one of each PokÃ©mon
|rule|OHKO Clause: OHKO moves are banned
|rule|Moody Clause: Moody is banned
|rule|Evasion Moves Clause: Evasion moves are banned
|rule|Endless Battle Clause: Forcing endless battles is banned
|rule|HP Percentage Mod: HP is shown in percentages
|teampreview
|join|I'm Rick Astley
|
|start
|switch|p1a: Gold Rush|Azumarill, F, shiny|345\/345
|switch|p2a: BatMan|Gliscor, M|352\/352
|turn|1
|
|move|p2a: BatMan|Protect|p2a: BatMan
|-singleturn|p2a: BatMan|Protect
|move|p1a: Gold Rush|Waterfall|p2a: BatMan
|-activate|p2a: BatMan|Protect
|
|-status|p2a: BatMan|tox|[from] item: Toxic Orb
|turn|2
|
|switch|p2a: Wayno|Slowbro, M|394\/394
|move|p1a: Gold Rush|Knock Off|p2a: Wayno
|-supereffective|p2a: Wayno
|-damage|p2a: Wayno|214\/394
|-enditem|p2a: Wayno|Leftovers|[from] move: Knock Off|[of] p1a: Gold Rush
|
|turn|3
|
|switch|p1a: Land Jaws|Garchomp, F|357\/357
|move|p2a: Wayno|Scald|p1a: Land Jaws
|-damage|p1a: Land Jaws|246\/357
|
|turn|4
|join|LT6V Updated Kanto
|
|move|p1a: Land Jaws|Stealth Rock|p2a: Wayno
|-sidestart|p2: Lizardons|move: Stealth Rock
|move|p2a: Wayno|Scald|p1a: Land Jaws
|-damage|p1a: Land Jaws|140\/357
|
|turn|5
|
|move|p1a: Land Jaws|Swords Dance|p1a: Land Jaws
|-boost|p1a: Land Jaws|atk|2
|move|p2a: Wayno|Slack Off|p2a: Wayno
|-heal|p2a: Wayno|394\/394
|
|turn|6
|
|move|p1a: Land Jaws|Earthquake|p2a: Wayno
|-damage|p2a: Wayno|136\/394
|move|p2a: Wayno|Scald|p1a: Land Jaws
|-damage|p1a: Land Jaws|25\/357
|
|turn|7
|
|switch|p2a: BatMan|Gliscor, M|352\/352 tox
|-damage|p2a: BatMan|308\/352 tox|[from] Stealth Rock
|move|p1a: Land Jaws|Outrage|p2a: BatMan
|-damage|p2a: BatMan|64\/352 tox
|
|-heal|p2a: BatMan|108\/352 tox|[from] ability: Poison Heal
|turn|8
|
|move|p2a: BatMan|Protect|p2a: BatMan
|-singleturn|p2a: BatMan|Protect
|move|p1a: Land Jaws|Outrage|p2a: BatMan
|-activate|p2a: BatMan|Protect
|
|-end|p1a: Land Jaws|rampage
|-start|p1a: Land Jaws|confusion
|-heal|p2a: BatMan|152\/352 tox|[from] ability: Poison Heal
|-enditem|p1a: Land Jaws|Lum Berry|[eat]
|-end|p1a: Land Jaws|confusion
|turn|9
|
|move|p2a: BatMan|Protect|p2a: BatMan
|-fail|p2a: BatMan
|move|p1a: Land Jaws|Outrage|p2a: BatMan
|-damage|p2a: BatMan|0 fnt
|faint|p2a: BatMan
|
|-message|Lizardons forfeited.
|
|win|lt6a ary
|raw|Ladder updating...
|leave|Lizardons
|player|p2
|raw|lt6a ary's rating: 1869 &rarr; <strong>1885<\/strong><br \/>(+16 for winning)
|raw|Lizardons's rating: 1803 &rarr; <strong>1787<\/strong><br \/>(-16 for losing)