|join|Lizardons
|join|likeumari:c
|player|p1|Lizardons|170
|player|p2|likeumari:c|6
|gametype|singles
|gen|6
|tier|OU
|rated
|clearpoke
|poke|p1|Blissey, F
|poke|p1|Quagsire, M
|poke|p1|Gothitelle, F
|poke|p1|Skarmory, M
|poke|p1|Charizard, M, shiny
|poke|p1|Amoonguss, M, shiny
|poke|p2|Deoxys-Defense
|poke|p2|Thundurus, M
|poke|p2|Aegislash, M
|poke|p2|Mawile, F
|poke|p2|Landorus-Therian, M
|poke|p2|Gothitelle, F
|rule|Sleep Clause Mod: Limit one foe put to sleep
|rule|Species Clause: Limit one of each Pokemon
|rule|OHKO Clause: OHKO moves are banned
|rule|Moody Clause: Moody is banned
|rule|Evasion Moves Clause: Evasion moves are banned
|rule|Endless Battle Clause: Forcing endless battles is banned.
|rule|HP Percentage Mod: HP is reported as percentages
|teampreview
|
|start
|switch|p1a: Lizardon|Charizard, M, shiny|297\/297
|switch|p2a: Deoxys-Defense|Deoxys-Defense|304\/304
|-ability|p2a: Deoxys-Defense|Pressure
|turn|1
|
|-formechange|p1a: Lizardon|Charizard-Mega-Y
|message|Charizard has Mega Evolved into Mega Charizard!
|-weather|SunnyDay
|move|p2a: Deoxys-Defense|Thunder Wave|p1a: Lizardon
|-status|p1a: Lizardon|par
|cant|p1a: Lizardon|par
|
|-weather|SunnyDay|[upkeep]
|turn|2
|
|move|p2a: Deoxys-Defense|Stealth Rock|p1a: Lizardon
|-sidestart|p1: Lizardons|move: Stealth Rock
|move|p1a: Lizardon|Flamethrower|p2a: Deoxys-Defense
|-crit|p2a: Deoxys-Defense
|-damage|p2a: Deoxys-Defense|12\/304
|
|-weather|SunnyDay|[upkeep]
|turn|3
|
|move|p2a: Deoxys-Defense|Spikes|p1a: Lizardon
|-sidestart|p1: Lizardons|Spikes
|move|p1a: Lizardon|Flamethrower|p2a: Deoxys-Defense
|-damage|p2a: Deoxys-Defense|0 fnt
|faint|p2a: Deoxys-Defense
|
|-weather|SunnyDay|[upkeep]
|
|switch|p2a: Landorus-Therian|Landorus-Therian, M|319\/319
|-ability|p2a: Landorus-Therian|Intimidate|[of] p1a: Lizardon
|-unboost|p1a: Lizardon|atk|1
|turn|4
|
|switch|p1a: Sharknado|Skarmory, M|334\/334
|-damage|p1a: Sharknado|293\/334|[from] Stealth Rock
|move|p2a: Landorus-Therian|U-turn|p1a: Sharknado
|-resisted|p1a: Sharknado
|-damage|p1a: Sharknado|280\/334
|
|switch|p2a: Gothitelle|Gothitelle, F|281\/281
|
|-weather|SunnyDay|[upkeep]
|-heal|p1a: Sharknado|300\/334|[from] item: Leftovers
|turn|5
|
|move|p2a: Gothitelle|Thunderbolt|p1a: Sharknado
|-supereffective|p1a: Sharknado
|-damage|p1a: Sharknado|0 fnt
|faint|p1a: Sharknado
|
|-weather|none
|-message|Lizardons forfeited.
|
|win|likeumari:c
|raw|Ladder updating...
|leave|Lizardons
|player|p1
|raw|Lizardons's rating: 1816 &rarr; <strong>1786<\/strong><br \/>(-30 for losing)
|raw|likeumari:c's rating: 1607 &rarr; <strong>1638<\/strong><br \/>(+31 for winning)