|join|Lizardons
|join|brett keane
|player|p1|Lizardons|170
|player|p2|brett keane|289
|gametype|singles
|gen|6
|tier|OU
|rated
|clearpoke
|poke|p1|Blissey, F
|poke|p1|Quagsire, M
|poke|p1|Skarmory, M
|poke|p1|Clefable, F
|poke|p1|Charizard, M
|poke|p1|Mandibuzz, F
|poke|p2|Gengar, M
|poke|p2|Golem, F
|poke|p2|Exeggutor, F
|poke|p2|Electrode
|poke|p2|Cloyster, F
|poke|p2|Weezing, F
|rule|Sleep Clause Mod: Limit one foe put to sleep
|rule|Species Clause: Limit one of each Pokemon
|rule|OHKO Clause: OHKO moves are banned
|rule|Moody Clause: Moody is banned
|rule|Evasion Moves Clause: Evasion moves are banned
|rule|Endless Battle Clause: Forcing endless battles is banned.
|rule|HP Percentage Mod: HP is reported as percentages
|teampreview
|chat|Lizardons|cool 1st gen team i like it
|
|start
|switch|p1a: BatMan|Quagsire, M|394\/394
|switch|p2a: Cloyster|Cloyster, F|241\/241
|turn|1
|
|move|p2a: Cloyster|Explosion|p1a: BatMan
|-enditem|p2a: Cloyster|Normal Gem|[from] gem|[move] Explosion
|-damage|p1a: BatMan|172\/394
|faint|p2a: Cloyster
|move|p1a: BatMan|Toxic|p2: Cloyster|[notarget]
|-notarget
|
|-heal|p1a: BatMan|196\/394|[from] item: Leftovers
|
|switch|p2a: Exeggutor|Exeggutor, F|394\/394
|turn|2
|chat|Lizardons|wait boom team?
|
|switch|p1a: FatTony|Blissey, F|714\/714
|move|p2a: Exeggutor|Explosion|p1a: FatTony
|-enditem|p2a: Exeggutor|Normal Gem|[from] gem|[move] Explosion
|-damage|p1a: FatTony|242\/714
|faint|p2a: Exeggutor
|
|-heal|p1a: FatTony|286\/714|[from] item: Leftovers
|chat|Lizardons|holy shit xD
|
|switch|p2a: Gengar|Gengar, M|261\/261
|turn|3
|chat|brett keane|lol
|
|move|p1a: FatTony|Protect|p1a: FatTony
|-singleturn|p1a: FatTony|Protect
|move|p2a: Gengar|Explosion|p1a: FatTony
|-activate|p1a: FatTony|Protect
|faint|p2a: Gengar
|
|-heal|p1a: FatTony|330\/714|[from] item: Leftovers
|
|switch|p2a: Weezing|Weezing, F|334\/334
|turn|4
|chat|Lizardons|saving this replay 
|
|switch|p1a: Sharknado|Skarmory, M|334\/334
|move|p2a: Weezing|Explosion|p1a: Sharknado
|-enditem|p2a: Weezing|Normal Gem|[from] gem|[move] Explosion
|-resisted|p1a: Sharknado
|-damage|p1a: Sharknado|266\/334
|faint|p2a: Weezing
|
|-heal|p1a: Sharknado|286\/334|[from] item: Leftovers
|
|switch|p2a: Electrode|Electrode|262\/262
|turn|5
|
|switch|p1a: DuckDodgers|Mandibuzz, F|424\/424
|move|p2a: Electrode|Charge Beam|p1a: DuckDodgers|[miss]
|-miss|p2a: Electrode|p1a: DuckDodgers
|
|turn|6
|chat|Lizardons|cheater
|
|move|p2a: Electrode|Explosion|p1a: DuckDodgers
|-enditem|p2a: Electrode|Normal Gem|[from] gem|[move] Explosion
|-damage|p1a: DuckDodgers|293\/424
|faint|p2a: Electrode
|move|p1a: DuckDodgers|Foul Play|p2: Electrode|[notarget]
|-notarget
|
|-heal|p1a: DuckDodgers|319\/424|[from] item: Leftovers
|
|switch|p2a: Golem|Golem, F|364\/364
|turn|7
|
|switch|p1a: TeemoShroom|Clefable, F|394\/394
|move|p2a: Golem|Explosion|p1a: TeemoShroom
|-enditem|p2a: Golem|Normal Gem|[from] gem|[move] Explosion
|-damage|p1a: TeemoShroom|146\/394
|faint|p2a: Golem
|
|win|Lizardons
|raw|Ladder updating...
|raw|Lizardons's rating: 1756 &rarr; <strong>1770<\/strong><br \/>(+14 for winning)
|raw|brett keane's rating: 1639 &rarr; <strong>1626<\/strong><br \/>(-13 for losing)
|chat|brett keane|damn
|chat|Lizardons|saving this