|join|Lizardons
|join|korekara
|player|p1|Lizardons|265
|player|p2|korekara|101
|gametype|singles
|gen|6
|tier|OU
|rated
|clearpoke
|poke|p1|Charizard, M
|poke|p1|Blissey, F
|poke|p1|Slowbro, M
|poke|p1|Clefable, F, shiny
|poke|p1|Gliscor, M
|poke|p1|Skarmory, M
|poke|p2|Landorus-Therian, M
|poke|p2|Manectric, F
|poke|p2|Celebi
|poke|p2|Keldeo
|poke|p2|Jirachi
|poke|p2|Tentacruel, M
|rule|Swagger Clause: Swagger is banned
|rule|Baton Pass Clause: Limit one PokÃ©mon knowing Baton Pass
|rule|Sleep Clause Mod: Limit one foe put to sleep
|rule|Species Clause: Limit one of each PokÃ©mon
|rule|OHKO Clause: OHKO moves are banned
|rule|Moody Clause: Moody is banned
|rule|Evasion Moves Clause: Evasion moves are banned
|rule|Endless Battle Clause: Forcing endless battles is banned
|rule|HP Percentage Mod: HP is shown in percentages
|teampreview
|
|start
|switch|p1a: BatMan|Gliscor, M|354\/354
|switch|p2a: Manectric|Manectric, F|281\/281
|turn|1
|
|switch|p2a: Landorus-Therian|Landorus-Therian, M|382\/382
|-ability|p2a: Landorus-Therian|Intimidate|[of] p1a: BatMan
|-unboost|p1a: BatMan|atk|1
|move|p1a: BatMan|Protect|p1a: BatMan
|-fail|p1a: BatMan
|
|-status|p1a: BatMan|tox|[from] item: Toxic Orb
|turn|2
|
|move|p1a: BatMan|Toxic|p2a: Landorus-Therian
|-status|p2a: Landorus-Therian|tox
|move|p2a: Landorus-Therian|Stealth Rock|p1a: BatMan
|-sidestart|p1: Lizardons|move: Stealth Rock
|
|-damage|p2a: Landorus-Therian|359\/382 tox|[from] psn
|turn|3
|
|move|p1a: BatMan|Knock Off|p2a: Landorus-Therian
|-damage|p2a: Landorus-Therian|323\/382 tox
|-enditem|p2a: Landorus-Therian|Leftovers|[from] move: Knock Off|[of] p1a: BatMan
|move|p2a: Landorus-Therian|Earthquake|p1a: BatMan
|-immune|p1a: BatMan|[msg]
|
|-damage|p2a: Landorus-Therian|277\/382 tox|[from] psn
|turn|4
|
|move|p1a: BatMan|Protect|p1a: BatMan
|-singleturn|p1a: BatMan|Protect
|move|p2a: Landorus-Therian|U-turn|p1a: BatMan
|-activate|p1a: BatMan|Protect
|
|-damage|p2a: Landorus-Therian|208\/382 tox|[from] psn
|turn|5
|
|move|p1a: BatMan|Knock Off|p2a: Landorus-Therian
|-damage|p2a: Landorus-Therian|182\/382 tox
|move|p2a: Landorus-Therian|U-turn|p1a: BatMan
|-resisted|p1a: BatMan
|-damage|p1a: BatMan|328\/354 tox
|
|switch|p2a: Keldeo|Keldeo|323\/323
|
|-heal|p1a: BatMan|354\/354 tox|[from] ability: Poison Heal
|turn|6
|
|switch|p1a: Wayno|Slowbro, M|394\/394
|-damage|p1a: Wayno|345\/394|[from] Stealth Rock
|move|p2a: Keldeo|Substitute|p2a: Keldeo
|-start|p2a: Keldeo|Substitute
|-damage|p2a: Keldeo|243\/323
|
|-heal|p2a: Keldeo|263\/323|[from] item: Leftovers
|-heal|p1a: Wayno|369\/394|[from] item: Leftovers
|turn|7
|
|move|p2a: Keldeo|Scald|p1a: Wayno
|-resisted|p1a: Wayno
|-damage|p1a: Wayno|279\/394
|move|p1a: Wayno|Psyshock|p2a: Keldeo
|-supereffective|p2a: Keldeo
|-end|p2a: Keldeo|Substitute
|
|-heal|p2a: Keldeo|283\/323|[from] item: Leftovers
|-heal|p1a: Wayno|303\/394|[from] item: Leftovers
|turn|8
|
|switch|p2a: Celebi|Celebi|403\/403
|switch|p1a: Raptor|Skarmory, M|334\/334
|-damage|p1a: Raptor|293\/334|[from] Stealth Rock
|
|turn|9
|
|move|p2a: Celebi|Baton Pass|p2a: Celebi
|
|switch|p2a: Manectric|Manectric, F|281\/281
|move|p1a: Raptor|Defog|p2a: Manectric
|-unboost|p2a: Manectric|evasion|1
|-sideend|p1: Lizardons|Stealth Rock|[from] move: Defog|[of] p1a: Raptor
|
|turn|10
|
|switch|p1a: FatTony|Blissey, F|714\/714
|detailschange|p2a: Manectric|Manectric-Mega, F
|-mega|p2a: Manectric|Manectric|Manectite
|-ability|p2a: Manectric|Intimidate|[of] p1a: FatTony
|-unboost|p1a: FatTony|atk|1
|move|p2a: Manectric|Volt Switch|p1a: FatTony
|-damage|p1a: FatTony|623\/714
|
|switch|p2a: Keldeo|Keldeo|283\/323
|
|-heal|p2a: Keldeo|303\/323|[from] item: Leftovers
|-heal|p1a: FatTony|667\/714|[from] item: Leftovers
|turn|11
|
|switch|p1a: Wayno|Slowbro, M|394\/394
|move|p2a: Keldeo|Substitute|p2a: Keldeo
|-start|p2a: Keldeo|Substitute
|-damage|p2a: Keldeo|223\/323
|
|-heal|p2a: Keldeo|243\/323|[from] item: Leftovers
|turn|12
|
|move|p2a: Keldeo|Scald|p1a: Wayno
|-resisted|p1a: Wayno
|-damage|p1a: Wayno|305\/394
|move|p1a: Wayno|Psyshock|p2a: Keldeo
|-supereffective|p2a: Keldeo
|-end|p2a: Keldeo|Substitute
|
|-heal|p2a: Keldeo|263\/323|[from] item: Leftovers
|-heal|p1a: Wayno|329\/394|[from] item: Leftovers
|turn|13
|
|switch|p2a: Celebi|Celebi|403\/403
|move|p1a: Wayno|Scald|p2a: Celebi
|-resisted|p2a: Celebi
|-damage|p2a: Celebi|369\/403
|
|-heal|p1a: Wayno|353\/394|[from] item: Leftovers
|turn|14
|
|switch|p1a: Lizardon|Charizard, M|333\/333
|move|p2a: Celebi|Baton Pass|p2a: Celebi
|
|switch|p2a: Landorus-Therian|Landorus-Therian, M|182\/382 tox
|-ability|p2a: Landorus-Therian|Intimidate|[of] p1a: Lizardon
|-unboost|p1a: Lizardon|atk|1
|
|-damage|p2a: Landorus-Therian|159\/382 tox|[from] psn
|turn|15
|
|switch|p1a: Raptor|Skarmory, M|293\/334
|move|p2a: Landorus-Therian|Stealth Rock|p1a: Raptor
|-sidestart|p1: Lizardons|move: Stealth Rock
|
|-damage|p2a: Landorus-Therian|113\/382 tox|[from] psn
|turn|16
|
|switch|p2a: Manectric|Manectric-Mega, F|281\/281
|-ability|p2a: Manectric|Intimidate|[of] p1a: Raptor
|-unboost|p1a: Raptor|atk|1
|move|p1a: Raptor|Defog|p2a: Manectric
|-unboost|p2a: Manectric|evasion|1
|-sideend|p1: Lizardons|Stealth Rock|[from] move: Defog|[of] p1a: Raptor
|
|turn|17
|
|switch|p1a: FatTony|Blissey, F|667\/714
|move|p2a: Manectric|Volt Switch|p1a: FatTony
|-damage|p1a: FatTony|561\/714
|
|switch|p2a: Keldeo|Keldeo|263\/323
|
|-heal|p2a: Keldeo|283\/323|[from] item: Leftovers
|-heal|p1a: FatTony|605\/714|[from] item: Leftovers
|turn|18
|
|switch|p2a: Manectric|Manectric-Mega, F|281\/281
|-ability|p2a: Manectric|Intimidate|[of] p1a: FatTony
|-unboost|p1a: FatTony|atk|1
|switch|p1a: Wayno|Slowbro, M|394\/394
|
|turn|19
|
|switch|p1a: FatTony|Blissey, F|605\/714
|move|p2a: Manectric|Volt Switch|p1a: FatTony
|-crit|p1a: FatTony
|-damage|p1a: FatTony|443\/714
|
|switch|p2a: Keldeo|Keldeo|283\/323
|
|-heal|p2a: Keldeo|303\/323|[from] item: Leftovers
|-heal|p1a: FatTony|487\/714|[from] item: Leftovers
|turn|20
|
|switch|p2a: Manectric|Manectric-Mega, F|281\/281
|-ability|p2a: Manectric|Intimidate|[of] p1a: FatTony
|-unboost|p1a: FatTony|atk|1
|switch|p1a: Wayno|Slowbro, M|394\/394
|
|turn|21
|
|switch|p1a: BatMan|Gliscor, M|354\/354 tox
|move|p2a: Manectric|Volt Switch|p1a: BatMan
|-immune|p1a: BatMan|[msg]
|
|turn|22
|
|switch|p1a: FatTony|Blissey, F|487\/714
|move|p2a: Manectric|Hidden Power|p1a: FatTony
|-damage|p1a: FatTony|435\/714
|
|-heal|p1a: FatTony|479\/714|[from] item: Leftovers
|turn|23
|
|move|p1a: FatTony|Protect|p1a: FatTony
|-singleturn|p1a: FatTony|Protect
|move|p2a: Manectric|Volt Switch|p1a: FatTony
|-activate|p1a: FatTony|Protect
|
|-heal|p1a: FatTony|523\/714|[from] item: Leftovers
|turn|24
|
|move|p2a: Manectric|Volt Switch|p1a: FatTony
|-damage|p1a: FatTony|424\/714
|
|switch|p2a: Tentacruel|Tentacruel, M|364\/364
|move|p1a: FatTony|Wish|p1a: FatTony
|
|-heal|p1a: FatTony|468\/714|[from] item: Leftovers
|turn|25
|
|move|p2a: Tentacruel|Toxic Spikes|p1a: FatTony
|-sidestart|p1: Lizardons|move: Toxic Spikes
|move|p1a: FatTony|Seismic Toss|p2a: Tentacruel
|-damage|p2a: Tentacruel|264\/364
|
|-heal|p1a: FatTony|714\/714|[from] move: Wish|[wisher] FatTony
|-heal|p2a: Tentacruel|286\/364|[from] item: Black Sludge
|turn|26
|
|move|p2a: Tentacruel|Acid Spray|p1a: FatTony
|-damage|p1a: FatTony|686\/714
|-unboost|p1a: FatTony|spd|2
|move|p1a: FatTony|Seismic Toss|p2a: Tentacruel
|-damage|p2a: Tentacruel|186\/364
|
|-heal|p2a: Tentacruel|208\/364|[from] item: Black Sludge
|-heal|p1a: FatTony|714\/714|[from] item: Leftovers
|turn|27
|
|switch|p2a: Manectric|Manectric-Mega, F|281\/281
|-ability|p2a: Manectric|Intimidate|[of] p1a: FatTony
|-unboost|p1a: FatTony|atk|1
|switch|p1a: Lizardon|Charizard, M|333\/333
|
|turn|28
|
|detailschange|p1a: Lizardon|Charizard-Mega-X, M
|-mega|p1a: Lizardon|Charizard|Charizardite X
|move|p2a: Manectric|Volt Switch|p1a: Lizardon
|-resisted|p1a: Lizardon
|-damage|p1a: Lizardon|258\/333
|
|switch|p2a: Landorus-Therian|Landorus-Therian, M|113\/382 tox
|-ability|p2a: Landorus-Therian|Intimidate|[of] p1a: Lizardon
|-unboost|p1a: Lizardon|atk|1
|move|p1a: Lizardon|Dragon Dance|p1a: Lizardon
|-boost|p1a: Lizardon|atk|1
|-boost|p1a: Lizardon|spe|1
|
|-damage|p2a: Landorus-Therian|90\/382 tox|[from] psn
|turn|29
|
|move|p1a: Lizardon|Dragon Claw|p2a: Landorus-Therian
|-damage|p2a: Landorus-Therian|0 fnt
|faint|p2a: Landorus-Therian
|
|
|switch|p2a: Jirachi|Jirachi|341\/341
|turn|30
|
|move|p2a: Jirachi|Zen Headbutt|p1a: Lizardon
|-damage|p1a: Lizardon|155\/333
|move|p1a: Lizardon|Flare Blitz|p2a: Jirachi
|-supereffective|p2a: Jirachi
|-damage|p2a: Jirachi|0 fnt
|-damage|p1a: Lizardon|42\/333|[from] recoil|[of] p2a: Jirachi
|faint|p2a: Jirachi
|
|
|switch|p2a: Celebi|Celebi|369\/403
|turn|31
|
|move|p1a: Lizardon|Roost|p1a: Lizardon
|-heal|p1a: Lizardon|209\/333
|move|p2a: Celebi|Baton Pass|p2a: Celebi
|
|switch|p2a: Keldeo|Keldeo|303\/323
|
|-heal|p2a: Keldeo|323\/323|[from] item: Leftovers
|turn|32
|c|âLizardons|sweet lol
|
|move|p1a: Lizardon|Dragon Claw|p2a: Keldeo
|-damage|p2a: Keldeo|95\/323
|move|p2a: Keldeo|Scald|p1a: Lizardon
|-damage|p1a: Lizardon|56\/333
|
|-heal|p2a: Keldeo|115\/323|[from] item: Leftovers
|turn|33
|
|switch|p2a: Manectric|Manectric-Mega, F|281\/281
|-ability|p2a: Manectric|Intimidate|[of] p1a: Lizardon
|-unboost|p1a: Lizardon|atk|1
|move|p1a: Lizardon|Dragon Claw|p2a: Manectric
|-crit|p2a: Manectric
|-damage|p2a: Manectric|0 fnt
|faint|p2a: Manectric
|
|
|switch|p2a: Keldeo|Keldeo|115\/323
|turn|34
|
|move|p1a: Lizardon|Dragon Claw|p2a: Keldeo
|-damage|p2a: Keldeo|0 fnt
|faint|p2a: Keldeo
|
|-message|korekara forfeited.
|leave|korekara
|
|win|Lizardons
|raw|Ladder updating...
|player|p2
|raw|Lizardons's rating: 1791 &rarr; <strong>1802<\/strong><br \/>(+11 for winning)
|raw|korekara's rating: 1604 &rarr; <strong>1594<\/strong><br \/>(-10 for losing)