|join|Lizardons
|join|Amrico
|player|p1|Lizardons|170
|player|p2|Amrico|250
|gametype|doubles
|gen|6
|tier|Smogon Doubles
|rated
|clearpoke
|poke|p1|Charizard, M
|poke|p1|Cresselia, F, shiny
|poke|p1|Landorus-Therian, M
|poke|p1|Aegislash, M
|poke|p1|Rotom-Wash
|poke|p1|Infernape, M
|poke|p2|Houndoom, M
|poke|p2|Purugly, F
|poke|p2|Staraptor, M
|poke|p2|Gourgeist-*, M
|poke|p2|Primeape, F
|poke|p2|Cinccino, M
|rule|Species Clause: Limit one of each PokÃ©mon
|rule|OHKO Clause: OHKO moves are banned
|rule|Moody Clause: Moody is banned
|rule|Evasion Abilities Clause: Evasion abilities are banned
|rule|Evasion Moves Clause: Evasion moves are banned
|rule|Endless Battle Clause: Forcing endless battles is banned
|rule|HP Percentage Mod: HP is shown in percentages
|teampreview
|
|start
|switch|p1a: Scruffy|Landorus-Therian, M|336\/336
|switch|p1b: Tang|Infernape, M|294\/294
|switch|p2a: Purugly|Purugly, F|284\/284
|switch|p2b: Primeape|Primeape, F|271\/271
|-ability|p1a: Scruffy|Intimidate|[of] p2a: Purugly
|-unboost|p2a: Purugly|atk|1
|-boost|p2a: Purugly|atk|2|[from] ability: Defiant
|-ability|p1a: Scruffy|Intimidate|[of] p2b: Primeape
|-unboost|p2b: Primeape|atk|1
|-boost|p2b: Primeape|atk|2|[from] ability: Defiant
|turn|1
|c|âLizardons|gl
|
|move|p2a: Purugly|Fake Out|p1b: Tang
|-damage|p1b: Tang|168\/294
|cant|p1b: Tang|flinch
|move|p2b: Primeape|Ice Punch|p1a: Scruffy
|-supereffective|p1a: Scruffy
|-damage|p1a: Scruffy|0 fnt
|faint|p1a: Scruffy
|
|
|switch|p1a: MoonDuck|Cresselia, F, shiny|444\/444
|turn|2
|
|move|p1b: Tang|Protect|p1b: Tang
|-singleturn|p1b: Tang|Protect
|move|p2b: Primeape|Ice Punch|p1a: MoonDuck
|-damage|p1a: MoonDuck|335\/444
|move|p2a: Purugly|Last Resort|p1b: Tang
|-activate|p1b: Tang|Protect
|move|p1a: MoonDuck|Thunder Wave|p2a: Purugly
|-status|p2a: Purugly|par
|
|-heal|p1a: MoonDuck|362\/444|[from] item: Leftovers
|turn|3
|
|move|p2b: Primeape|Ice Punch|p1a: MoonDuck
|-damage|p1a: MoonDuck|251\/444
|move|p1b: Tang|Close Combat|p2a: Purugly
|-supereffective|p2a: Purugly
|-damage|p2a: Purugly|0 fnt
|-unboost|p1b: Tang|def|1
|-unboost|p1b: Tang|spd|1
|faint|p2a: Purugly
|move|p1a: MoonDuck|Psychic|p2b: Primeape
|-supereffective|p2b: Primeape
|-damage|p2b: Primeape|55\/271
|
|-heal|p1a: MoonDuck|278\/444|[from] item: Leftovers
|
|switch|p2a: Staraptor|Staraptor, M|312\/312
|turn|4
|
|switch|p1b: SmogonWash|Rotom-Wash|304\/304
|move|p2a: Staraptor|Brave Bird|p1a: MoonDuck
|-damage|p1a: MoonDuck|43\/444
|-damage|p2a: Staraptor|234\/312|[from] recoil|[of] p1a: MoonDuck
|move|p2b: Primeape|Ice Punch|p1a: MoonDuck
|-damage|p1a: MoonDuck|0 fnt
|faint|p1a: MoonDuck
|
|
|switch|p1a: Breaker|Aegislash, M|324\/324
|turn|5
|
|switch|p2a: Gourgeist-Super|Gourgeist-Super, M|374\/374
|-item|p1a: Breaker|Sitrus Berry|[from] ability: Frisk|[of] p2a: Gourgeist-Super|[identify]
|-item|p1b: SmogonWash|Leftovers|[from] ability: Frisk|[of] p2a: Gourgeist-Super|[identify]
|move|p2b: Primeape|Ice Punch|p1b: SmogonWash
|-resisted|p1b: SmogonWash
|-damage|p1b: SmogonWash|246\/304
|move|p1b: SmogonWash|Thunderbolt|p2a: Gourgeist-Super
|-resisted|p2a: Gourgeist-Super
|-damage|p2a: Gourgeist-Super|318\/374
|-formechange|p1a: Breaker|Aegislash-Blade
|move|p1a: Breaker|Shadow Ball|p2b: Primeape
|-damage|p2b: Primeape|0 fnt
|faint|p2b: Primeape
|
|-heal|p1b: SmogonWash|265\/304|[from] item: Leftovers
|-heal|p2a: Gourgeist-Super|341\/374|[from] item: Leftovers
|
|switch|p2b: Houndoom|Houndoom, M|292\/292
|turn|6
|
|detailschange|p2b: Houndoom|Houndoom-Mega, M
|message|Houndoom has Mega Evolved into Mega Houndoom!
|-formechange|p1a: Breaker|Aegislash
|move|p1a: Breaker|King's Shield|p1a: Breaker
|-singleturn|p1a: Breaker|Protect
|move|p2b: Houndoom|Fire Blast|p1a: Breaker
|-activate|p1a: Breaker|Protect
|move|p1b: SmogonWash|Hydro Pump|p2b: Houndoom
|-supereffective|p2b: Houndoom
|-damage|p2b: Houndoom|10\/292
|move|p2a: Gourgeist-Super|Seed Bomb|p1b: SmogonWash
|-supereffective|p1b: SmogonWash
|-damage|p1b: SmogonWash|89\/304
|
|-heal|p1b: SmogonWash|108\/304|[from] item: Leftovers
|-heal|p2a: Gourgeist-Super|364\/374|[from] item: Leftovers
|turn|7
|
|switch|p1b: Lizardon|Charizard, M|297\/297
|-formechange|p1a: Breaker|Aegislash-Blade
|move|p1a: Breaker|Shadow Sneak|p2b: Houndoom
|-resisted|p2b: Houndoom
|-damage|p2b: Houndoom|0 fnt
|faint|p2b: Houndoom
|move|p2a: Gourgeist-Super|Leech Seed|p1a: Breaker
|-start|p1a: Breaker|move: Leech Seed
|
|-heal|p2a: Gourgeist-Super|374\/374|[from] item: Leftovers
|-damage|p1a: Breaker|284\/324|[from] Leech Seed|[of] p2a: Gourgeist-Super
|
|switch|p2b: Cinccino|Cinccino, M|292\/292
|turn|8
|
|switch|p1a: Tang|Infernape, M|168\/294
|detailschange|p1b: Lizardon|Charizard-Mega-Y, M
|message|Charizard has Mega Evolved into Mega Charizard!
|-weather|SunnyDay
|move|p1b: Lizardon|Protect|p1b: Lizardon
|-singleturn|p1b: Lizardon|Protect
|move|p2b: Cinccino|Rock Blast|p1b: Lizardon
|-activate|p1b: Lizardon|Protect
|move|p2a: Gourgeist-Super|Phantom Force|p1a: Tang|[still]
|-prepare|p2a: Gourgeist-Super|Phantom Force|p1a: Tang
|
|-weather|SunnyDay|[upkeep]
|turn|9
|
|move|p2b: Cinccino|Protect|p2b: Cinccino
|-singleturn|p2b: Cinccino|Protect
|move|p1a: Tang|Fake Out|p2b: Cinccino
|-activate|p2b: Cinccino|Protect
|move|p1b: Lizardon|Heat Wave|p2b: Cinccino
|-miss|p1b: Lizardon|p2a: Gourgeist-Super
|-activate|p2b: Cinccino|Protect
|move|p2a: Gourgeist-Super|Phantom Force|p1a: Tang
|-damage|p1a: Tang|36\/294
|
|-weather|SunnyDay|[upkeep]
|turn|10
|
|switch|p1b: Breaker|Aegislash, M|284\/324
|move|p2b: Cinccino|Rock Blast|p1b: Breaker
|-resisted|p1b: Breaker
|-damage|p1b: Breaker|275\/324
|-resisted|p1b: Breaker
|-damage|p1b: Breaker|267\/324
|-resisted|p1b: Breaker
|-damage|p1b: Breaker|258\/324
|-crit|p1b: Breaker
|-resisted|p1b: Breaker
|-damage|p1b: Breaker|246\/324
|-resisted|p1b: Breaker
|-damage|p1b: Breaker|237\/324
|-hitcount|p1b: Breaker|5
|move|p1a: Tang|Fire Punch|p2a: Gourgeist-Super
|-supereffective|p2a: Gourgeist-Super
|-damage|p2a: Gourgeist-Super|54\/374
|move|p2a: Gourgeist-Super|Phantom Force|p1a: Tang|[still]
|-prepare|p2a: Gourgeist-Super|Phantom Force|p1a: Tang
|
|-weather|SunnyDay|[upkeep]
|-heal|p2a: Gourgeist-Super|77\/374|[from] item: Leftovers
|turn|11
|
|move|p2b: Cinccino|Protect|p2b: Cinccino
|-singleturn|p2b: Cinccino|Protect
|move|p1a: Tang|Protect|p1a: Tang
|-singleturn|p1a: Tang|Protect
|move|p1b: Breaker|King's Shield|p1b: Breaker
|-singleturn|p1b: Breaker|Protect
|move|p2a: Gourgeist-Super|Phantom Force|p1a: Tang
|-damage|p1a: Tang|0 fnt
|faint|p1a: Tang
|
|-weather|SunnyDay|[upkeep]
|-heal|p2a: Gourgeist-Super|100\/374|[from] item: Leftovers
|
|switch|p1a: SmogonWash|Rotom-Wash|108\/304
|turn|12
|
|move|p1a: SmogonWash|Protect|p1a: SmogonWash
|-singleturn|p1a: SmogonWash|Protect
|move|p2b: Cinccino|Bullet Seed|p1a: SmogonWash
|-activate|p1a: SmogonWash|Protect
|move|p2a: Gourgeist-Super|Will-O-Wisp|p1b: Breaker
|-status|p1b: Breaker|brn
|-formechange|p1b: Breaker|Aegislash-Blade
|move|p1b: Breaker|Flash Cannon|p2b: Cinccino
|-damage|p2b: Cinccino|45\/292
|
|-weather|none
|-heal|p1a: SmogonWash|127\/304|[from] item: Leftovers
|-heal|p2a: Gourgeist-Super|123\/374|[from] item: Leftovers
|-damage|p1b: Breaker|197\/324 brn|[from] brn
|turn|13
|
|switch|p1a: Lizardon|Charizard-Mega-Y, M|297\/297
|-weather|SunnyDay
|move|p2b: Cinccino|Rock Blast|p1a: Lizardon
|-supereffective|p1a: Lizardon
|-damage|p1a: Lizardon|185\/297
|-supereffective|p1a: Lizardon
|-damage|p1a: Lizardon|73\/297
|-supereffective|p1a: Lizardon
|-damage|p1a: Lizardon|0 fnt
|-hitcount|p1a: Lizardon|3
|faint|p1a: Lizardon
|move|p2a: Gourgeist-Super|Leech Seed|p1b: Breaker
|-start|p1b: Breaker|move: Leech Seed
|move|p1b: Breaker|Flash Cannon|p2b: Cinccino
|-damage|p2b: Cinccino|0 fnt
|faint|p2b: Cinccino
|
|-weather|SunnyDay|[upkeep]
|-heal|p2a: Gourgeist-Super|146\/374|[from] item: Leftovers
|-damage|p1b: Breaker|157\/324 brn|[from] Leech Seed|[of] p2a: Gourgeist-Super
|-heal|p2a: Gourgeist-Super|186\/374|[silent]
|-damage|p1b: Breaker|117\/324 brn|[from] brn
|
|-enditem|p1b: Breaker|Sitrus Berry|[eat]
|-heal|p1b: Breaker|198\/324 brn|[from] item: Sitrus Berry
|switch|p2b: Staraptor|Staraptor, M|234\/312
|switch|p1a: SmogonWash|Rotom-Wash|127\/304
|turn|14
|
|-formechange|p1b: Breaker|Aegislash
|move|p1b: Breaker|King's Shield|p1b: Breaker
|-singleturn|p1b: Breaker|Protect
|move|p2b: Staraptor|Double-Edge|p1a: SmogonWash
|-damage|p1a: SmogonWash|0 fnt
|-damage|p2b: Staraptor|192\/312|[from] recoil|[of] p1a: SmogonWash
|faint|p1a: SmogonWash
|move|p2a: Gourgeist-Super|Phantom Force|p1b: Breaker|[still]
|-prepare|p2a: Gourgeist-Super|Phantom Force|p1b: Breaker
|
|-weather|SunnyDay|[upkeep]
|-heal|p2a: Gourgeist-Super|209\/374|[from] item: Leftovers
|-damage|p1b: Breaker|158\/324 brn|[from] Leech Seed|[of] p2a: Gourgeist-Super
|-heal|p2a: Gourgeist-Super|249\/374|[silent]
|-damage|p1b: Breaker|118\/324 brn|[from] brn
|turn|15
|-message|Lizardons forfeited.
|
|win|Amrico
|raw|Ladder updating...
|leave|Lizardons
|player|p1
|raw|Lizardons's rating: 1508 &rarr; <strong>1476<\/strong><br \/>(-32 for losing)
|raw|Amrico's rating: 1266 &rarr; <strong>1306<\/strong><br \/>(+40 for winning)