|join|Lizardons
|join|fangame10
|player|p1|Lizardons|157
|player|p2|fangame10|163
|gametype|doubles
|gen|6
|tier|Smogon Doubles
|rated
|clearpoke
|poke|p1|Charizard, M
|poke|p1|Cresselia, F, shiny
|poke|p1|Heatran, M
|poke|p1|Landorus-Therian, M
|poke|p1|Machamp, F
|poke|p1|Rotom-Wash
|poke|p2|Chandelure, M
|poke|p2|Hitmontop, M
|poke|p2|Escavalier, F
|poke|p2|Ampharos, F
|poke|p2|Sylveon, F
|poke|p2|Cresselia, F, shiny
|rule|Species Clause: Limit one of each PokÃ©mon
|rule|OHKO Clause: OHKO moves are banned
|rule|Moody Clause: Moody is banned
|rule|Evasion Abilities Clause: Evasion abilities are banned
|rule|Evasion Moves Clause: Evasion moves are banned
|rule|Endless Battle Clause: Forcing endless battles is banned
|rule|HP Percentage Mod: HP is shown in percentages
|teampreview
|c|âfangame10|glhf
|
|start
|switch|p1a: Lizardon|Charizard, M|297\/297
|switch|p1b: Scruffy|Landorus-Therian, M|382\/382
|switch|p2a: F-117 Nighthawk|Chandelure, M|324\/324
|switch|p2b: F-15 Eagle|Hitmontop, M|304\/304
|-ability|p1b: Scruffy|Intimidate|[of] p2a: F-117 Nighthawk
|-unboost|p2a: F-117 Nighthawk|atk|1
|-ability|p1b: Scruffy|Intimidate|[of] p2b: F-15 Eagle
|-unboost|p2b: F-15 Eagle|atk|1
|-ability|p2b: F-15 Eagle|Intimidate|[of] p1a: Lizardon
|-unboost|p1a: Lizardon|atk|1
|-ability|p2b: F-15 Eagle|Intimidate|[of] p1b: Scruffy
|-unboost|p1b: Scruffy|atk|1
|turn|1
|
|detailschange|p1a: Lizardon|Charizard-Mega-Y, M
|message|Charizard has Mega Evolved into Mega Charizard!
|-weather|SunnyDay
|move|p2b: F-15 Eagle|Fake Out|p1a: Lizardon
|-damage|p1a: Lizardon|249\/297
|-damage|p2b: F-15 Eagle|274\/304|[from] item: Life Orb
|cant|p1a: Lizardon|flinch
|move|p1b: Scruffy|Earthquake|p2b: F-15 Eagle
|-immune|p1a: Lizardon|[msg]
|-supereffective|p2a: F-117 Nighthawk
|-damage|p2a: F-117 Nighthawk|130\/324
|-damage|p2b: F-15 Eagle|187\/304
|move|p2a: F-117 Nighthawk|Trick Room|p2a: F-117 Nighthawk
|-fieldstart|move: Trick Room|[of] p2a: F-117 Nighthawk
|
|-weather|SunnyDay|[upkeep]
|turn|2
|
|switch|p1b: Tranny|Heatran, M|386\/386
|-item|p1b: Tranny|Air Balloon
|move|p2b: F-15 Eagle|Helping Hand|p2a: F-117 Nighthawk
|-singleturn|p2a: F-117 Nighthawk|Helping Hand|[of] p2b: F-15 Eagle
|move|p1a: Lizardon|Protect|p1a: Lizardon
|-singleturn|p1a: Lizardon|Protect
|move|p2a: F-117 Nighthawk|Heat Wave|p1b: Tranny
|-activate|p1a: Lizardon|Protect
|-start|p1b: Tranny|ability: Flash Fire
|
|-weather|SunnyDay|[upkeep]
|turn|3
|
|switch|p2b: AH-64 Apache|Ampharos, F|384\/384
|move|p1b: Tranny|Protect|p1b: Tranny
|-singleturn|p1b: Tranny|Protect
|move|p2a: F-117 Nighthawk|Shadow Ball|p1b: Tranny
|-activate|p1b: Tranny|Protect
|move|p1a: Lizardon|Overheat|p2b: AH-64 Apache
|-damage|p2b: AH-64 Apache|0 fnt
|-unboost|p1a: Lizardon|spa|2
|faint|p2b: AH-64 Apache
|
|-weather|SunnyDay|[upkeep]
|
|switch|p2b: Predator Drone|Cresselia, F, shiny|444\/444
|turn|4
|
|move|p1a: Lizardon|Protect|p1a: Lizardon
|-singleturn|p1a: Lizardon|Protect
|move|p2a: F-117 Nighthawk|Shadow Ball|p1a: Lizardon
|-activate|p1a: Lizardon|Protect
|move|p2b: Predator Drone|Calm Mind|p2b: Predator Drone
|-boost|p2b: Predator Drone|spa|1
|-boost|p2b: Predator Drone|spd|1
|move|p1b: Tranny|Flash Cannon|p2a: F-117 Nighthawk
|-resisted|p2a: F-117 Nighthawk
|-damage|p2a: F-117 Nighthawk|53\/324
|
|-weather|SunnyDay|[upkeep]
|turn|5
|
|switch|p1a: MoonDuck|Cresselia, F, shiny|444\/444
|move|p2a: F-117 Nighthawk|Shadow Ball|p1a: MoonDuck
|-supereffective|p1a: MoonDuck
|-damage|p1a: MoonDuck|226\/444
|-unboost|p1a: MoonDuck|spd|1
|move|p2b: Predator Drone|Calm Mind|p2b: Predator Drone
|-boost|p2b: Predator Drone|spa|1
|-boost|p2b: Predator Drone|spd|1
|move|p1b: Tranny|Flash Cannon|p2a: F-117 Nighthawk
|-resisted|p2a: F-117 Nighthawk
|-damage|p2a: F-117 Nighthawk|0 fnt
|faint|p2a: F-117 Nighthawk
|
|-weather|none
|-heal|p1a: MoonDuck|253\/444|[from] item: Leftovers
|-fieldend|move: Trick Room
|
|switch|p2a: F-15 Eagle|Hitmontop, M|187\/304
|-ability|p2a: F-15 Eagle|Intimidate|[of] p1a: MoonDuck
|-unboost|p1a: MoonDuck|atk|1
|-ability|p2a: F-15 Eagle|Intimidate|[of] p1b: Tranny
|-unboost|p1b: Tranny|atk|1
|turn|6
|
|move|p2a: F-15 Eagle|Fake Out|p1b: Tranny
|-resisted|p1b: Tranny
|-damage|p1b: Tranny|360\/386
|-enditem|p1b: Tranny|Air Balloon
|-damage|p2a: F-15 Eagle|157\/304|[from] item: Life Orb
|move|p1a: MoonDuck|Psychic|p2a: F-15 Eagle
|-supereffective|p2a: F-15 Eagle
|-damage|p2a: F-15 Eagle|7\/304
|cant|p1b: Tranny|flinch
|move|p2b: Predator Drone|Trick Room|p2b: Predator Drone
|-fieldstart|move: Trick Room|[of] p2b: Predator Drone
|
|-heal|p1a: MoonDuck|280\/444|[from] item: Leftovers
|turn|7
|
|move|p1b: Tranny|Protect|p1b: Tranny
|-singleturn|p1b: Tranny|Protect
|move|p2a: F-15 Eagle|Sucker Punch|p1a: MoonDuck
|-supereffective|p1a: MoonDuck
|-damage|p1a: MoonDuck|98\/444
|-damage|p2a: F-15 Eagle|0 fnt|[from] item: Life Orb
|faint|p2a: F-15 Eagle
|move|p2b: Predator Drone|Calm Mind|p2b: Predator Drone
|-boost|p2b: Predator Drone|spa|1
|-boost|p2b: Predator Drone|spd|1
|move|p1a: MoonDuck|Icy Wind|p2b: Predator Drone
|-damage|p2b: Predator Drone|433\/444
|-unboost|p2b: Predator Drone|spe|1
|
|-heal|p1a: MoonDuck|125\/444|[from] item: Leftovers
|
|switch|p2a: B-2 Spirit|Sylveon, F|330\/330
|turn|8
|
|move|p2b: Predator Drone|Psychic|p1b: Tranny
|-resisted|p1b: Tranny
|-damage|p1b: Tranny|273\/386
|move|p2a: B-2 Spirit|Echoed Voice|p1a: MoonDuck
|-damage|p1a: MoonDuck|0 fnt
|faint|p1a: MoonDuck
|move|p1b: Tranny|Flash Cannon|p2a: B-2 Spirit
|-supereffective|p2a: B-2 Spirit
|-damage|p2a: B-2 Spirit|78\/330
|
|
|switch|p1a: SmogonWash|Rotom-Wash|304\/304
|turn|9
|
|move|p1a: SmogonWash|Protect|p1a: SmogonWash
|-singleturn|p1a: SmogonWash|Protect
|move|p2b: Predator Drone|Calm Mind|p2b: Predator Drone
|-boost|p2b: Predator Drone|spa|1
|-boost|p2b: Predator Drone|spd|1
|move|p2a: B-2 Spirit|Echoed Voice|p1a: SmogonWash
|-activate|p1a: SmogonWash|Protect
|move|p1b: Tranny|Flash Cannon|p2a: B-2 Spirit
|-supereffective|p2a: B-2 Spirit
|-damage|p2a: B-2 Spirit|0 fnt
|faint|p2a: B-2 Spirit
|
|
|switch|p2a: Screw your CT|Escavalier, F|344\/344
|turn|10
|
|switch|p1a: Scruffy|Landorus-Therian, M|382\/382
|-ability|p1a: Scruffy|Intimidate|[of] p2a: Screw your CT
|-unboost|p2a: Screw your CT|atk|1
|-ability|p1a: Scruffy|Intimidate|[of] p2b: Predator Drone
|-unboost|p2b: Predator Drone|atk|1
|move|p1b: Tranny|Protect|p1b: Tranny
|-singleturn|p1b: Tranny|Protect
|move|p2a: Screw your CT|Drill Run|p1b: Tranny
|-activate|p1b: Tranny|Protect
|move|p2b: Predator Drone|Psychic|p1a: Scruffy
|-damage|p1a: Scruffy|94\/382
|
|-heal|p1a: Scruffy|117\/382|[from] item: Leftovers
|-fieldend|move: Trick Room
|turn|11
|
|move|p2a: Screw your CT|Protect|p2a: Screw your CT
|-singleturn|p2a: Screw your CT|Protect
|move|p1a: Scruffy|Rock Slide|p2b: Predator Drone
|-activate|p2a: Screw your CT|Protect
|-damage|p2b: Predator Drone|385\/444
|move|p1b: Tranny|Heat Wave|p2b: Predator Drone
|-activate|p2a: Screw your CT|Protect
|-damage|p2b: Predator Drone|333\/444
|move|p2b: Predator Drone|Trick Room|p2b: Predator Drone
|-fieldstart|move: Trick Room|[of] p2b: Predator Drone
|
|-heal|p1a: Scruffy|140\/382|[from] item: Leftovers
|turn|12
|
|move|p2a: Screw your CT|Drill Run|p1b: Tranny
|-supereffective|p1b: Tranny
|-damage|p1b: Tranny|0 fnt
|-damage|p2a: Screw your CT|310\/344|[from] item: Life Orb
|faint|p1b: Tranny
|move|p2b: Predator Drone|Psychic|p1a: Scruffy
|-damage|p1a: Scruffy|0 fnt
|faint|p1a: Scruffy
|
|
|switch|p1b: SmogonWash|Rotom-Wash|304\/304
|switch|p1a: Lizardon|Charizard-Mega-Y, M|249\/297
|-weather|SunnyDay
|turn|13
|
|move|p2a: Screw your CT|Protect|p2a: Screw your CT
|-singleturn|p2a: Screw your CT|Protect
|move|p2b: Predator Drone|Psychic|p1a: Lizardon
|-damage|p1a: Lizardon|41\/297
|move|p1b: SmogonWash|Will-O-Wisp|p2b: Predator Drone
|-status|p2b: Predator Drone|brn
|move|p1a: Lizardon|Heat Wave|p2b: Predator Drone
|-activate|p2a: Screw your CT|Protect
|-damage|p2b: Predator Drone|273\/444 brn
|
|-weather|SunnyDay|[upkeep]
|-damage|p2b: Predator Drone|218\/444 brn|[from] brn
|turn|14
|
|move|p1a: Lizardon|Protect|p1a: Lizardon
|-singleturn|p1a: Lizardon|Protect
|move|p2a: Screw your CT|Iron Head|p1a: Lizardon
|-activate|p1a: Lizardon|Protect
|move|p2b: Predator Drone|Psychic|p1b: SmogonWash
|-damage|p1b: SmogonWash|145\/304
|-unboost|p1b: SmogonWash|spd|1
|move|p1b: SmogonWash|Will-O-Wisp|p2a: Screw your CT
|-status|p2a: Screw your CT|brn
|
|-weather|SunnyDay|[upkeep]
|-heal|p1b: SmogonWash|164\/304|[from] item: Leftovers
|-damage|p2a: Screw your CT|267\/344 brn|[from] brn
|-damage|p2b: Predator Drone|163\/444 brn|[from] brn
|turn|15
|
|switch|p1a: Ms.Roids|Machamp, F|384\/384
|move|p2a: Screw your CT|Iron Head|p1a: Ms.Roids
|-crit|p1a: Ms.Roids
|-damage|p1a: Ms.Roids|197\/384
|-damage|p2a: Screw your CT|233\/344 brn|[from] item: Life Orb
|move|p2b: Predator Drone|Moonlight|p2b: Predator Drone
|-heal|p2b: Predator Drone|444\/444 brn
|move|p1b: SmogonWash|Thunderbolt|p2b: Predator Drone
|-damage|p2b: Predator Drone|416\/444 brn
|
|-weather|SunnyDay|[upkeep]
|-heal|p1b: SmogonWash|183\/304|[from] item: Leftovers
|-damage|p2a: Screw your CT|190\/344 brn|[from] brn
|-damage|p2b: Predator Drone|361\/444 brn|[from] brn
|-fieldend|move: Trick Room
|turn|16
|
|move|p1b: SmogonWash|Thunderbolt|p2a: Screw your CT
|-damage|p2a: Screw your CT|75\/344 brn
|move|p1a: Ms.Roids|Dynamic Punch|p2b: Predator Drone
|-resisted|p2b: Predator Drone
|-damage|p2b: Predator Drone|291\/444 brn
|-start|p2b: Predator Drone|confusion
|-activate|p2b: Predator Drone|confusion
|move|p2b: Predator Drone|Psychic|p1a: Ms.Roids
|-supereffective|p1a: Ms.Roids
|-damage|p1a: Ms.Roids|0 fnt
|faint|p1a: Ms.Roids
|move|p2a: Screw your CT|Megahorn|p1b: SmogonWash
|-damage|p1b: SmogonWash|74\/304
|-damage|p2a: Screw your CT|41\/344 brn|[from] item: Life Orb
|
|-weather|SunnyDay|[upkeep]
|-heal|p1b: SmogonWash|93\/304|[from] item: Leftovers
|-damage|p2b: Predator Drone|236\/444 brn|[from] brn
|-damage|p2a: Screw your CT|0 fnt|[from] brn
|faint|p2a: Screw your CT
|
|switch|p1a: Lizardon|Charizard-Mega-Y, M|41\/297
|turn|17
|
|move|p1a: Lizardon|Overheat|p2b: Predator Drone|[miss]
|-miss|p1a: Lizardon|p2b: Predator Drone
|move|p1b: SmogonWash|Thunderbolt|p2b: Predator Drone
|-damage|p2b: Predator Drone|209\/444 brn
|-end|p2b: Predator Drone|confusion
|move|p2b: Predator Drone|Moonlight|p2b: Predator Drone
|-heal|p2b: Predator Drone|444\/444 brn
|
|-weather|none
|-heal|p1b: SmogonWash|112\/304|[from] item: Leftovers
|-damage|p2b: Predator Drone|389\/444 brn|[from] brn
|turn|18
|
|move|p1a: Lizardon|Overheat|p2b: Predator Drone
|-damage|p2b: Predator Drone|310\/444 brn
|-unboost|p1a: Lizardon|spa|2
|move|p1b: SmogonWash|Thunderbolt|p2b: Predator Drone
|-damage|p2b: Predator Drone|282\/444 brn
|move|p2b: Predator Drone|Psychic|p1a: Lizardon
|-damage|p1a: Lizardon|0 fnt
|faint|p1a: Lizardon
|
|-heal|p1b: SmogonWash|131\/304|[from] item: Leftovers
|-damage|p2b: Predator Drone|227\/444 brn|[from] brn
|turn|19
|
|move|p1b: SmogonWash|Thunderbolt|p2b: Predator Drone
|-damage|p2b: Predator Drone|197\/444 brn
|move|p2b: Predator Drone|Psychic|p1b: SmogonWash
|-damage|p1b: SmogonWash|0 fnt
|faint|p1b: SmogonWash
|
|win|fangame10
|raw|Ladder updating...
|raw|Lizardons's rating: 1627 &rarr; <strong>1613<\/strong><br \/>(-14 for losing)
|raw|fangame10's rating: 1744 &rarr; <strong>1757<\/strong><br \/>(+13 for winning)
|leave|Lizardons
|player|p1