|join|Lizardons
|join|RandomlyBattlin3.0
|player|p1|Lizardons|157
|player|p2|RandomlyBattlin3.0|253
|gametype|doubles
|gen|6
|tier|Smogon Doubles
|rated
|clearpoke
|poke|p1|Charizard, M
|poke|p1|Blaziken, M
|poke|p1|Weavile, M
|poke|p1|Escavalier, M
|poke|p1|Cresselia, F
|poke|p1|Landorus-Therian, M
|poke|p2|Chesnaught, M, shiny
|poke|p2|Mawile, F, shiny
|poke|p2|Milotic, M, shiny
|poke|p2|Weavile, M, shiny
|poke|p2|Terrakion, shiny
|poke|p2|Talonflame, F, shiny
|rule|Species Clause: Limit one of each PokÃ©mon
|rule|OHKO Clause: OHKO moves are banned
|rule|Moody Clause: Moody is banned
|rule|Evasion Abilities Clause: Evasion abilities are banned
|rule|Evasion Moves Clause: Evasion moves are banned
|rule|Endless Battle Clause: Forcing endless battles is banned
|rule|HP Percentage Mod: HP is shown in percentages
|teampreview
|
|start
|switch|p1a: Randorosu|Landorus-Therian, M|382\/382
|switch|p1b: Lizardon|Charizard, M|297\/297
|switch|p2a: Weavile|Weavile, M, shiny|281\/281
|switch|p2b: Terrakion|Terrakion, shiny|323\/323
|-ability|p1a: Randorosu|Intimidate|[of] p2a: Weavile
|-unboost|p2a: Weavile|atk|1
|-ability|p1a: Randorosu|Intimidate|[of] p2b: Terrakion
|-unboost|p2b: Terrakion|atk|1
|turn|1
|
|switch|p1b: MoonDuck|Cresselia, F|444\/444
|move|p1a: Randorosu|Protect|p1a: Randorosu
|-singleturn|p1a: Randorosu|Protect
|move|p2a: Weavile|Fake Out|p1a: Randorosu
|-activate|p1a: Randorosu|Protect
|move|p2b: Terrakion|Rock Slide|p1b: MoonDuck
|-activate|p1a: Randorosu|Protect
|-damage|p1b: MoonDuck|389\/444
|-damage|p2b: Terrakion|291\/323|[from] item: Life Orb
|
|-heal|p1b: MoonDuck|416\/444|[from] item: Leftovers
|turn|2
|
|switch|p2a: Chesnaught|Chesnaught, M, shiny|340\/340
|switch|p2b: Milotic|Milotic, M, shiny|331\/331
|switch|p1a: HelmetGuy|Escavalier, M|344\/344
|move|p1b: MoonDuck|Icy Wind|p2a: Chesnaught
|-supereffective|p2a: Chesnaught
|-damage|p2a: Chesnaught|286\/340
|-unboost|p2a: Chesnaught|spe|1
|-resisted|p2b: Milotic
|-damage|p2b: Milotic|321\/331
|-unboost|p2b: Milotic|spe|1
|-boost|p2b: Milotic|spa|2|[from] ability: Competitive
|
|-heal|p1b: MoonDuck|443\/444|[from] item: Leftovers
|turn|3
|
|move|p1b: MoonDuck|Thunder Wave|p2b: Milotic
|-status|p2b: Milotic|par
|move|p2b: Milotic|Scald|p1a: HelmetGuy
|-damage|p1a: HelmetGuy|44\/344
|-damage|p2b: Milotic|288\/331 par|[from] item: Life Orb
|move|p2a: Chesnaught|Leech Seed|p1b: MoonDuck|[miss]
|-miss|p2a: Chesnaught|p1b: MoonDuck
|move|p1a: HelmetGuy|Knock Off|p2b: Milotic
|-damage|p2b: Milotic|151\/331 par
|-enditem|p2b: Milotic|Life Orb|[from] move: Knock Off|[of] p1a: HelmetGuy
|
|-heal|p1b: MoonDuck|444\/444|[from] item: Leftovers
|turn|4
|
|move|p1b: MoonDuck|Psychic|p2b: Milotic
|-damage|p2b: Milotic|85\/331 par
|move|p2a: Chesnaught|Leech Seed|p1b: MoonDuck
|-start|p1b: MoonDuck|move: Leech Seed
|move|p1a: HelmetGuy|X-Scissor|p2b: Milotic
|-damage|p2b: Milotic|0 fnt
|faint|p2b: Milotic
|
|-damage|p1b: MoonDuck|389\/444|[from] Leech Seed|[of] p2a: Chesnaught
|-heal|p2a: Chesnaught|340\/340|[silent]
|
|switch|p2b: Weavile|Weavile, M, shiny|281\/281
|turn|5
|
|switch|p1b: Randorosu|Landorus-Therian, M|382\/382
|-ability|p1b: Randorosu|Intimidate|[of] p2a: Chesnaught
|-unboost|p2a: Chesnaught|atk|1
|-ability|p1b: Randorosu|Intimidate|[of] p2b: Weavile
|-unboost|p2b: Weavile|atk|1
|move|p2b: Weavile|Knock Off|p1b: Randorosu
|-damage|p1b: Randorosu|285\/382
|-enditem|p1b: Randorosu|Sitrus Berry|[from] move: Knock Off|[of] p2b: Weavile
|move|p2a: Chesnaught|Leech Seed|p1a: HelmetGuy
|-start|p1a: HelmetGuy|move: Leech Seed
|move|p1a: HelmetGuy|X-Scissor|p2b: Weavile
|-supereffective|p2b: Weavile
|-enditem|p2b: Weavile|Focus Sash
|-damage|p2b: Weavile|1\/281
|-item|p2b: Weavile|Lum Berry|[from] ability: Pickpocket
|
|-damage|p1a: HelmetGuy|1\/344|[from] Leech Seed|[of] p2a: Chesnaught
|turn|6
|
|switch|p2b: Talonflame|Talonflame, F, shiny|297\/297
|switch|p1b: Sandman|Weavile, M|282\/282
|-ability|p1b: Sandman|Pressure
|move|p2a: Chesnaught|Leech Seed|p1b: Sandman
|-start|p1b: Sandman|move: Leech Seed
|move|p1a: HelmetGuy|Knock Off|p2b: Talonflame
|-crit|p2b: Talonflame
|-damage|p2b: Talonflame|29\/297
|-enditem|p2b: Talonflame|Sharp Beak|[from] move: Knock Off|[of] p1a: HelmetGuy
|
|-damage|p1b: Sandman|247\/282|[from] Leech Seed|[of] p2a: Chesnaught
|-damage|p1a: HelmetGuy|0 fnt|[from] Leech Seed|[of] p2a: Chesnaught
|faint|p1a: HelmetGuy
|
|switch|p1a: Randorosu|Landorus-Therian, M|285\/382
|-ability|p1a: Randorosu|Intimidate|[of] p2a: Chesnaught
|-unboost|p2a: Chesnaught|atk|1
|-ability|p1a: Randorosu|Intimidate|[of] p2b: Talonflame
|-unboost|p2b: Talonflame|atk|1
|turn|7
|
|switch|p2b: Mawile|Mawile, F, shiny|304\/304
|-ability|p2b: Mawile|Intimidate|[of] p1a: Randorosu
|-unboost|p1a: Randorosu|atk|1
|-ability|p2b: Mawile|Intimidate|[of] p1b: Sandman
|-unboost|p1b: Sandman|atk|1
|move|p2a: Chesnaught|Spiky Shield|p2a: Chesnaught
|-singleturn|p2a: Chesnaught|move: Protect
|move|p1b: Sandman|Fake Out|p2b: Mawile
|-resisted|p2b: Mawile
|-damage|p2b: Mawile|287\/304
|move|p1a: Randorosu|U-turn|p2a: Chesnaught
|-activate|p2a: Chesnaught|move: Protect
|-damage|p1a: Randorosu|238\/382|[from] Spiky Shield|[of] p2a: Chesnaught
|
|-damage|p1b: Sandman|212\/282|[from] Leech Seed|[of] p2a: Chesnaught
|turn|8
|
|switch|p1b: MoonDuck|Cresselia, F|389\/444
|move|p2b: Mawile|Protect|p2b: Mawile
|-singleturn|p2b: Mawile|Protect
|move|p1a: Randorosu|Earthquake|p2a: Chesnaught
|-immune|p1b: MoonDuck|[msg]
|-resisted|p2a: Chesnaught
|-damage|p2a: Chesnaught|307\/340
|-activate|p2b: Mawile|Protect
|move|p2a: Chesnaught|Leech Seed|p1a: Randorosu
|-start|p1a: Randorosu|move: Leech Seed
|
|-heal|p1b: MoonDuck|416\/444|[from] item: Leftovers
|-damage|p1a: Randorosu|191\/382|[from] Leech Seed|[of] p2a: Chesnaught
|-heal|p2a: Chesnaught|340\/340|[silent]
|turn|9
|
|switch|p2b: Talonflame|Talonflame, F, shiny|29\/297
|move|p1a: Randorosu|Earthquake|p2b: Talonflame
|-immune|p1b: MoonDuck|[msg]
|-resisted|p2a: Chesnaught
|-damage|p2a: Chesnaught|307\/340
|-immune|p2b: Talonflame|[msg]
|move|p1b: MoonDuck|Thunder Wave|p2b: Talonflame
|-status|p2b: Talonflame|par
|move|p2a: Chesnaught|Leech Seed|p1b: MoonDuck
|-start|p1b: MoonDuck|move: Leech Seed
|
|-heal|p1b: MoonDuck|443\/444|[from] item: Leftovers
|-damage|p1a: Randorosu|144\/382|[from] Leech Seed|[of] p2a: Chesnaught
|-heal|p2a: Chesnaught|340\/340|[silent]
|-damage|p1b: MoonDuck|388\/444|[from] Leech Seed|[of] p2a: Chesnaught
|turn|10
|
|move|p1a: Randorosu|Protect|p1a: Randorosu
|-singleturn|p1a: Randorosu|Protect
|move|p2b: Talonflame|Brave Bird|p1b: MoonDuck
|-damage|p1b: MoonDuck|270\/444
|-damage|p2b: Talonflame|0 fnt|[from] recoil|[of] p1b: MoonDuck
|faint|p2b: Talonflame
|move|p1b: MoonDuck|Icy Wind|p2: Talonflame
|-crit|p2a: Chesnaught
|-supereffective|p2a: Chesnaught
|-damage|p2a: Chesnaught|218\/340
|-unboost|p2a: Chesnaught|spe|1
|move|p2a: Chesnaught|Leech Seed|p1b: MoonDuck|[miss]
|-miss|p2a: Chesnaught|p1b: MoonDuck
|
|-heal|p1b: MoonDuck|297\/444|[from] item: Leftovers
|-damage|p1a: Randorosu|97\/382|[from] Leech Seed|[of] p2a: Chesnaught
|-heal|p2a: Chesnaught|265\/340|[silent]
|-damage|p1b: MoonDuck|242\/444|[from] Leech Seed|[of] p2a: Chesnaught
|-heal|p2a: Chesnaught|320\/340|[silent]
|
|switch|p2b: Weavile|Weavile, M, shiny|1\/281
|turn|11
|
|move|p2b: Weavile|Ice Shard|p1a: Randorosu
|-supereffective|p1a: Randorosu
|-damage|p1a: Randorosu|0 fnt
|faint|p1a: Randorosu
|move|p1b: MoonDuck|Icy Wind|p2b: Weavile
|-supereffective|p2a: Chesnaught
|-damage|p2a: Chesnaught|258\/340
|-unboost|p2a: Chesnaught|spe|1
|-resisted|p2b: Weavile
|-damage|p2b: Weavile|0 fnt
|faint|p2b: Weavile
|move|p2a: Chesnaught|Leech Seed|p1b: MoonDuck
|-fail|p1b: MoonDuck
|
|-heal|p1b: MoonDuck|269\/444|[from] item: Leftovers
|-damage|p1b: MoonDuck|214\/444|[from] Leech Seed|[of] p2a: Chesnaught
|-heal|p2a: Chesnaught|313\/340|[silent]
|
|switch|p2b: Terrakion|Terrakion, shiny|291\/323
|switch|p1a: Sandman|Weavile, M|212\/282
|-ability|p1a: Sandman|Pressure
|turn|12
|
|switch|p2a: Mawile|Mawile, F, shiny|287\/304
|-ability|p2a: Mawile|Intimidate|[of] p1a: Sandman
|-unboost|p1a: Sandman|atk|1
|-ability|p2a: Mawile|Intimidate|[of] p1b: MoonDuck
|-unboost|p1b: MoonDuck|atk|1
|move|p2b: Terrakion|Protect|p2b: Terrakion
|-singleturn|p2b: Terrakion|Protect
|move|p1a: Sandman|Fake Out|p2b: Terrakion
|-activate|p2b: Terrakion|Protect
|move|p1b: MoonDuck|Thunder Wave|p2b: Terrakion
|-activate|p2b: Terrakion|Protect
|
|-heal|p1b: MoonDuck|241\/444|[from] item: Leftovers
|-damage|p1b: MoonDuck|186\/444|[from] Leech Seed|[of] p2a: Mawile
|-heal|p2a: Mawile|304\/304|[silent]
|turn|13
|
|switch|p2b: Chesnaught|Chesnaught, M, shiny|313\/340
|detailschange|p2a: Mawile|Mawile-Mega, F, shiny
|message|Mawile has Mega Evolved into Mega Mawile!
|move|p1a: Sandman|Ice Punch|p2b: Chesnaught
|-supereffective|p2b: Chesnaught
|-damage|p2b: Chesnaught|187\/340
|-damage|p1a: Sandman|165\/282|[from] item: Rocky Helmet|[of] p2b: Chesnaught
|move|p1b: MoonDuck|Thunder Wave|p2b: Chesnaught
|-status|p2b: Chesnaught|par
|move|p2a: Mawile|Iron Head|p1b: MoonDuck
|-damage|p1b: MoonDuck|36\/444
|
|-heal|p1b: MoonDuck|63\/444|[from] item: Leftovers
|-damage|p1b: MoonDuck|8\/444|[from] Leech Seed|[of] p2a: Mawile
|turn|14
|
|move|p2a: Mawile|Protect|p2a: Mawile
|-singleturn|p2a: Mawile|Protect
|move|p1a: Sandman|Ice Punch|p2b: Chesnaught
|-supereffective|p2b: Chesnaught
|-damage|p2b: Chesnaught|67\/340 par
|-damage|p1a: Sandman|118\/282|[from] item: Rocky Helmet|[of] p2b: Chesnaught
|move|p1b: MoonDuck|Thunder Wave|p2a: Mawile
|-activate|p2a: Mawile|Protect
|move|p2b: Chesnaught|Leech Seed|p1a: Sandman
|-start|p1a: Sandman|move: Leech Seed
|
|-heal|p1b: MoonDuck|35\/444|[from] item: Leftovers
|-damage|p1a: Sandman|83\/282|[from] Leech Seed|[of] p2b: Chesnaught
|-heal|p2b: Chesnaught|102\/340 par|[silent]
|-damage|p1b: MoonDuck|0 fnt|[from] Leech Seed|[of] p2a: Mawile
|faint|p1b: MoonDuck
|
|switch|p1b: Lizardon|Charizard, M|297\/297
|turn|15
|
|switch|p1a: KFC|Blaziken, M|301\/301
|detailschange|p1b: Lizardon|Charizard-Mega-Y, M
|message|Charizard has Mega Evolved into Mega Charizard!
|-weather|SunnyDay
|move|p2b: Chesnaught|Spiky Shield|p2b: Chesnaught
|-singleturn|p2b: Chesnaught|move: Protect
|move|p2a: Mawile|Sucker Punch|p1b: Lizardon
|-crit|p1b: Lizardon
|-damage|p1b: Lizardon|0 fnt
|faint|p1b: Lizardon
|
|-weather|SunnyDay|[upkeep]
|
|switch|p1b: Sandman|Weavile, M|83\/282
|-ability|p1b: Sandman|Pressure
|turn|16
|
|move|p2a: Mawile|Protect|p2a: Mawile
|-singleturn|p2a: Mawile|Protect
|move|p1b: Sandman|Fake Out|p2a: Mawile
|-activate|p2a: Mawile|Protect
|move|p1a: KFC|Flare Blitz|p2a: Mawile
|-activate|p2a: Mawile|Protect
|move|p2b: Chesnaught|Leech Seed|p1a: KFC
|-start|p1a: KFC|move: Leech Seed
|
|-weather|SunnyDay|[upkeep]
|-damage|p1a: KFC|264\/301|[from] Leech Seed|[of] p2b: Chesnaught
|-heal|p2b: Chesnaught|139\/340 par|[silent]
|-boost|p1a: KFC|spe|1|[from] ability: Speed Boost
|turn|17
|
|move|p2b: Chesnaught|Spiky Shield|p2b: Chesnaught
|-singleturn|p2b: Chesnaught|move: Protect
|move|p2a: Mawile|Sucker Punch|p1a: KFC
|-resisted|p1a: KFC
|-damage|p1a: KFC|143\/301
|move|p1a: KFC|Flare Blitz|p2a: Mawile
|-supereffective|p2a: Mawile
|-damage|p2a: Mawile|0 fnt
|-damage|p1a: KFC|43\/301|[from] recoil|[of] p2a: Mawile
|-damage|p1a: KFC|13\/301|[from] item: Life Orb
|faint|p2a: Mawile
|move|p1b: Sandman|Ice Punch|p2b: Chesnaught
|-activate|p2b: Chesnaught|move: Protect
|-damage|p1b: Sandman|48\/282|[from] Spiky Shield|[of] p2b: Chesnaught
|
|-weather|SunnyDay|[upkeep]
|-damage|p1a: KFC|0 fnt|[from] Leech Seed|[of] p2b: Chesnaught
|-heal|p2b: Chesnaught|152\/340 par|[silent]
|faint|p1a: KFC
|-message|Lizardons forfeited.
|
|win|RandomlyBattlin3.0
|raw|Ladder updating...
|leave|Lizardons
|player|p1
|raw|Lizardons's rating: 1279 &rarr; <strong>1267<\/strong><br \/>(-12 for losing)
|raw|RandomlyBattlin3.0's rating: 1478 &rarr; <strong>1488<\/strong><br \/>(+10 for winning)