|join|Lizardons
|join|CyndaKill_SH
|player|p1|Lizardons|266
|player|p2|CyndaKill_SH|161
|gametype|doubles
|gen|6
|tier|Smogon Doubles
|rated
|clearpoke
|poke|p1|Charizard, M
|poke|p1|Cresselia, F, shiny
|poke|p1|Landorus-Therian, M
|poke|p1|Aegislash, M
|poke|p1|Rotom-Wash
|poke|p1|Tangrowth, M
|poke|p2|Chandelure, M, shiny
|poke|p2|Sylveon, M, shiny
|poke|p2|Scrafty, M, shiny
|poke|p2|Bisharp, M, shiny
|poke|p2|Ampharos, M, shiny
|poke|p2|Porygon2, shiny
|rule|Species Clause: Limit one of each PokÃ©mon
|rule|OHKO Clause: OHKO moves are banned
|rule|Moody Clause: Moody is banned
|rule|Evasion Abilities Clause: Evasion abilities are banned
|rule|Evasion Moves Clause: Evasion moves are banned
|rule|Endless Battle Clause: Forcing endless battles is banned
|rule|HP Percentage Mod: HP is shown in percentages
|teampreview
|c|âCyndaKill_SH|Bouldeneu XD
|
|start
|switch|p1a: Breaker|Aegislash, M|324\/324
|switch|p1b: Linguine|Tangrowth, M|341\/341
|switch|p2a: Baggaid|Scrafty, M, shiny|329\/329
|switch|p2b: Lugulabre|Chandelure, M, shiny|324\/324
|-ability|p2a: Baggaid|Intimidate|[of] p1a: Breaker
|-unboost|p1a: Breaker|atk|1
|-ability|p2a: Baggaid|Intimidate|[of] p1b: Linguine
|-unboost|p1b: Linguine|atk|1
|turn|1
|
|move|p1b: Linguine|Earthquake|p2a: Baggaid
|-supereffective|p1a: Breaker
|-damage|p1a: Breaker|250\/324
|-damage|p2a: Baggaid|279\/329
|-supereffective|p2b: Lugulabre
|-damage|p2b: Lugulabre|208\/324
|move|p2b: Lugulabre|Heat Wave|p1b: Linguine
|-supereffective|p1a: Breaker
|-damage|p1a: Breaker|34\/324
|-miss|p2b: Lugulabre|p1b: Linguine
|-formechange|p1a: Breaker|Aegislash-Blade
|move|p1a: Breaker|Shadow Ball|p2b: Lugulabre
|-supereffective|p2b: Lugulabre
|-damage|p2b: Lugulabre|0 fnt
|faint|p2b: Lugulabre
|move|p2a: Baggaid|Knock Off|p1a: Breaker
|-supereffective|p1a: Breaker
|-damage|p1a: Breaker|0 fnt
|-enditem|p1a: Breaker|Leftovers|[from] move: Knock Off|[of] p2a: Baggaid
|faint|p1a: Breaker
|
|
|switch|p2b: Porygon2|Porygon2, shiny|374\/374
|switch|p1a: Lizardon|Charizard, M|297\/297
|-boost|p2b: Porygon2|spa|1|[from] ability: Download
|turn|2
|
|detailschange|p1a: Lizardon|Charizard-Mega-Y, M
|message|Charizard has Mega Evolved into Mega Charizard!
|-weather|SunnyDay
|move|p1a: Lizardon|Overheat|p2b: Porygon2
|-damage|p2b: Porygon2|80\/374
|-unboost|p1a: Lizardon|spa|2
|move|p1b: Linguine|Earthquake|p2b: Porygon2
|-immune|p1a: Lizardon|[msg]
|-damage|p2a: Baggaid|234\/329
|-damage|p2b: Porygon2|42\/374
|move|p2a: Baggaid|Knock Off|p1a: Lizardon
|-damage|p1a: Lizardon|173\/297
|move|p2b: Porygon2|Trick Room|p2b: Porygon2
|-fieldstart|move: Trick Room|[of] p2b: Porygon2
|
|-weather|SunnyDay|[upkeep]
|turn|3
|
|move|p1a: Lizardon|Protect|p1a: Lizardon
|-singleturn|p1a: Lizardon|Protect
|move|p2a: Baggaid|Knock Off|p1a: Lizardon
|-activate|p1a: Lizardon|Protect
|move|p2b: Porygon2|Recover|p2b: Porygon2
|-heal|p2b: Porygon2|229\/374
|move|p1b: Linguine|Earthquake|p2b: Porygon2
|-immune|p1a: Lizardon|[msg]
|-damage|p2a: Baggaid|184\/329
|-crit|p2b: Porygon2
|-damage|p2b: Porygon2|152\/374
|
|-weather|SunnyDay|[upkeep]
|turn|4
|
|switch|p1a: SmogonWash|Rotom-Wash|304\/304
|move|p2a: Baggaid|Knock Off|p1a: SmogonWash
|-damage|p1a: SmogonWash|168\/304
|-enditem|p1a: SmogonWash|Leftovers|[from] move: Knock Off|[of] p2a: Baggaid
|move|p2b: Porygon2|Ice Beam|p1b: Linguine
|-crit|p1b: Linguine
|-supereffective|p1b: Linguine
|-damage|p1b: Linguine|0 fnt
|faint|p1b: Linguine
|
|-weather|SunnyDay|[upkeep]
|
|switch|p1b: MoonDuck|Cresselia, F, shiny|444\/444
|turn|5
|
|move|p2a: Baggaid|Knock Off|p1b: MoonDuck
|-supereffective|p1b: MoonDuck
|-damage|p1b: MoonDuck|186\/444
|-enditem|p1b: MoonDuck|Leftovers|[from] move: Knock Off|[of] p2a: Baggaid
|move|p2b: Porygon2|Psychic|p1a: SmogonWash
|-damage|p1a: SmogonWash|60\/304
|-unboost|p1a: SmogonWash|spd|1
|move|p1b: MoonDuck|Thunder Wave|p2a: Baggaid
|-status|p2a: Baggaid|par
|move|p1a: SmogonWash|Will-O-Wisp|p2b: Porygon2
|-status|p2b: Porygon2|brn
|
|-weather|SunnyDay|[upkeep]
|-damage|p2b: Porygon2|106\/374 brn|[from] brn
|turn|6
|
|move|p1a: SmogonWash|Protect|p1a: SmogonWash
|-singleturn|p1a: SmogonWash|Protect
|move|p2a: Baggaid|Knock Off|p1b: MoonDuck
|-supereffective|p1b: MoonDuck
|-damage|p1b: MoonDuck|18\/444
|move|p2b: Porygon2|Psychic|p1a: SmogonWash
|-activate|p1a: SmogonWash|Protect
|move|p1b: MoonDuck|Moonlight|p1b: MoonDuck
|-heal|p1b: MoonDuck|314\/444
|
|-weather|none
|-damage|p2b: Porygon2|60\/374 brn|[from] brn
|-fieldend|move: Trick Room
|turn|7
|
|move|p1a: SmogonWash|Thunderbolt|p2b: Porygon2
|-damage|p2b: Porygon2|0 fnt
|faint|p2b: Porygon2
|move|p1b: MoonDuck|Icy Wind|p2: Porygon2
|-damage|p2a: Baggaid|155\/329 par
|-unboost|p2a: Baggaid|spe|1
|cant|p2a: Baggaid|par
|
|
|switch|p2b: Scalproie|Bisharp, M, shiny|301\/301
|turn|8
|
|switch|p2b: Nymphali|Sylveon, M, shiny|357\/357
|move|p1a: SmogonWash|Will-O-Wisp|p2b: Nymphali
|-status|p2b: Nymphali|brn
|move|p1b: MoonDuck|Moonlight|p1b: MoonDuck
|-heal|p1b: MoonDuck|444\/444
|move|p2a: Baggaid|Knock Off|p1b: MoonDuck
|-supereffective|p1b: MoonDuck
|-damage|p1b: MoonDuck|280\/444
|
|-damage|p2b: Nymphali|313\/357 brn|[from] brn
|turn|9
|
|move|p1a: SmogonWash|Protect|p1a: SmogonWash
|-singleturn|p1a: SmogonWash|Protect
|move|p1b: MoonDuck|Moonlight|p1b: MoonDuck
|-heal|p1b: MoonDuck|444\/444
|move|p2b: Nymphali|Hyper Voice|p1b: MoonDuck
|-activate|p1a: SmogonWash|Protect
|-damage|p1b: MoonDuck|317\/444
|move|p2a: Baggaid|Knock Off|p1b: MoonDuck
|-supereffective|p1b: MoonDuck
|-damage|p1b: MoonDuck|161\/444
|
|-damage|p2b: Nymphali|269\/357 brn|[from] brn
|turn|10
|
|move|p1a: SmogonWash|Thunderbolt|p2b: Nymphali
|-damage|p2b: Nymphali|181\/357 brn
|move|p1b: MoonDuck|Moonlight|p1b: MoonDuck
|-heal|p1b: MoonDuck|383\/444
|move|p2b: Nymphali|Hyper Voice|p1b: MoonDuck
|-damage|p1a: SmogonWash|0 fnt
|-damage|p1b: MoonDuck|251\/444
|faint|p1a: SmogonWash
|move|p2a: Baggaid|Knock Off|p1b: MoonDuck
|-supereffective|p1b: MoonDuck
|-damage|p1b: MoonDuck|71\/444
|
|-damage|p2b: Nymphali|137\/357 brn|[from] brn
|
|switch|p1a: Scruffy|Landorus-Therian, M|336\/336
|-ability|p1a: Scruffy|Intimidate|[of] p2a: Baggaid
|-unboost|p2a: Baggaid|atk|1
|-ability|p1a: Scruffy|Intimidate|[of] p2b: Nymphali
|-unboost|p2b: Nymphali|atk|1
|turn|11
|
|move|p1a: Scruffy|Earthquake|p2b: Nymphali
|-immune|p1b: MoonDuck|[msg]
|-damage|p2a: Baggaid|23\/329 par
|-damage|p2b: Nymphali|0 fnt
|faint|p2b: Nymphali
|move|p1b: MoonDuck|Moonlight|p1b: MoonDuck
|-heal|p1b: MoonDuck|293\/444
|cant|p2a: Baggaid|par
|
|
|switch|p2b: Scalproie|Bisharp, M, shiny|301\/301
|turn|12
|
|move|p2b: Scalproie|Sucker Punch|p1a: Scruffy
|-damage|p1a: Scruffy|177\/336
|move|p1a: Scruffy|Earthquake|p2b: Scalproie
|-immune|p1b: MoonDuck|[msg]
|-damage|p2a: Baggaid|0 fnt
|-supereffective|p2b: Scalproie
|-enditem|p2b: Scalproie|Focus Sash
|-damage|p2b: Scalproie|1\/301
|faint|p2a: Baggaid
|move|p1b: MoonDuck|Moonlight|p1b: MoonDuck
|-heal|p1b: MoonDuck|444\/444
|
|
|switch|p2a: Pharamp|Ampharos, M, shiny|384\/384
|turn|13
|
|detailschange|p2a: Pharamp|Ampharos-Mega, M, shiny
|message|Ampharos has Mega Evolved into Mega Ampharos!
|-ability|p2a: Pharamp|Mold Breaker
|move|p2b: Scalproie|Sucker Punch|p1a: Scruffy
|-damage|p1a: Scruffy|21\/336
|move|p1a: Scruffy|Earthquake|p2b: Scalproie
|-immune|p1b: MoonDuck|[msg]
|-supereffective|p2a: Pharamp
|-damage|p2a: Pharamp|106\/384
|-supereffective|p2b: Scalproie
|-damage|p2b: Scalproie|0 fnt
|faint|p2b: Scalproie
|move|p1b: MoonDuck|Icy Wind|p2a: Pharamp
|-supereffective|p2a: Pharamp
|-damage|p2a: Pharamp|46\/384
|-unboost|p2a: Pharamp|spe|1
|move|p2a: Pharamp|Thunderbolt|p1b: MoonDuck
|-damage|p1b: MoonDuck|323\/444
|
|turn|14
|
|move|p1a: Scruffy|Earthquake|p2a: Pharamp
|-immune|p1b: MoonDuck|[msg]
|-supereffective|p2a: Pharamp
|-damage|p2a: Pharamp|0 fnt
|faint|p2a: Pharamp
|
|win|Lizardons
|raw|Ladder updating...
|c|âCyndaKill_SH|gg
|raw|Lizardons's rating: 1550 &rarr; <strong>1566<\/strong><br \/>(+16 for winning)
|raw|CyndaKill_SH's rating: 1479 &rarr; <strong>1463<\/strong><br \/>(-16 for losing)
|leave|Lizardons
|player|p1