|join|Lizardons
|join|davilaivancarlos
|player|p1|Lizardons|157
|player|p2|davilaivancarlos|1
|gametype|doubles
|gen|6
|tier|Smogon Doubles
|rated
|clearpoke
|poke|p1|Charizard, M
|poke|p1|Cresselia, F, shiny
|poke|p1|Scizor, M
|poke|p1|Landorus-Therian, M
|poke|p1|Machamp, F
|poke|p1|Rotom-Wash
|poke|p2|Dedenne, F
|poke|p2|Gothitelle, M
|poke|p2|Serperior, F
|poke|p2|Lanturn, M
|poke|p2|Smeargle, M
|poke|p2|Espeon, F
|rule|Species Clause: Limit one of each PokÃ©mon
|rule|OHKO Clause: OHKO moves are banned
|rule|Moody Clause: Moody is banned
|rule|Evasion Abilities Clause: Evasion abilities are banned
|rule|Evasion Moves Clause: Evasion moves are banned
|rule|Endless Battle Clause: Forcing endless battles is banned
|rule|HP Percentage Mod: HP is shown in percentages
|teampreview
|c|âLizardons|gl
|
|start
|switch|p1a: MoonDuck|Cresselia, F, shiny|444\/444
|switch|p1b: Bug|Scizor, M|344\/344
|switch|p2a: Serperior|Serperior, F|354\/354
|switch|p2b: Lanturn|Lanturn, M|454\/454
|turn|1
|
|move|p1b: Bug|Bullet Punch|p2a: Serperior
|-damage|p2a: Serperior|236\/354
|move|p2a: Serperior|Glare|p1a: MoonDuck
|-status|p1a: MoonDuck|par
|cant|p1a: MoonDuck|par
|move|p2b: Lanturn|Confuse Ray|p1a: MoonDuck
|-start|p1a: MoonDuck|confusion
|
|turn|2
|
|move|p2a: Serperior|Glare|p1b: Bug
|-status|p1b: Bug|par
|move|p2b: Lanturn|Flash|p1a: MoonDuck
|-unboost|p1a: MoonDuck|accuracy|1
|move|p1b: Bug|Knock Off|p2a: Serperior
|-damage|p2a: Serperior|95\/354
|-enditem|p2a: Serperior|Focus Sash|[from] move: Knock Off|[of] p1b: Bug
|-activate|p1a: MoonDuck|confusion
|-damage|p1a: MoonDuck|426\/444 par|[from] confusion
|
|-heal|p1a: MoonDuck|444\/444 par|[from] item: Leftovers
|turn|3
|
|switch|p1a: Ms.Roids|Machamp, F|384\/384
|move|p1b: Bug|Bullet Punch|p2a: Serperior
|-damage|p2a: Serperior|0 fnt
|faint|p2a: Serperior
|move|p2b: Lanturn|Soak|p1b: Bug
|-start|p1b: Bug|typechange|Water
|
|
|switch|p2a: Dedenne|Dedenne, F|338\/338
|turn|4
|
|switch|p1b: SmogonWash|Rotom-Wash|304\/304
|move|p2a: Dedenne|Nuzzle|p1a: Ms.Roids
|-damage|p1a: Ms.Roids|363\/384
|-status|p1a: Ms.Roids|par
|-enditem|p1a: Ms.Roids|Lum Berry|[eat]
|-curestatus|p1a: Ms.Roids|par
|move|p2b: Lanturn|Confuse Ray|p1b: SmogonWash
|-start|p1b: SmogonWash|confusion
|move|p1a: Ms.Roids|Dynamic Punch|p2a: Dedenne
|-resisted|p2a: Dedenne
|-damage|p2a: Dedenne|231\/338
|-start|p2a: Dedenne|confusion
|
|turn|5
|
|-activate|p2a: Dedenne|confusion
|-damage|p2a: Dedenne|209\/338|[from] confusion
|-activate|p1b: SmogonWash|confusion
|-damage|p1b: SmogonWash|284\/304|[from] confusion
|move|p2b: Lanturn|Confuse Ray|p1a: Ms.Roids
|-start|p1a: Ms.Roids|confusion
|-activate|p1a: Ms.Roids|confusion
|-damage|p1a: Ms.Roids|299\/384|[from] confusion
|
|-heal|p1b: SmogonWash|303\/304|[from] item: Leftovers
|turn|6
|
|-activate|p2a: Dedenne|confusion
|-damage|p2a: Dedenne|189\/338|[from] confusion
|-activate|p1b: SmogonWash|confusion
|move|p1b: SmogonWash|Hydro Pump|p2a: Dedenne|[miss]
|-miss|p1b: SmogonWash|p2a: Dedenne
|move|p2b: Lanturn|Flash|p1b: SmogonWash
|-unboost|p1b: SmogonWash|accuracy|1
|-activate|p1a: Ms.Roids|confusion
|-damage|p1a: Ms.Roids|233\/384|[from] confusion
|
|-heal|p1b: SmogonWash|304\/304|[from] item: Leftovers
|turn|7
|
|switch|p1b: Scruffy|Landorus-Therian, M|382\/382
|-ability|p1b: Scruffy|Intimidate|[of] p2a: Dedenne
|-unboost|p2a: Dedenne|atk|1
|-ability|p1b: Scruffy|Intimidate|[of] p2b: Lanturn
|-unboost|p2b: Lanturn|atk|1
|-activate|p2a: Dedenne|confusion
|-damage|p2a: Dedenne|174\/338|[from] confusion
|move|p2b: Lanturn|Soak|p1a: Ms.Roids
|-start|p1a: Ms.Roids|typechange|Water
|-activate|p1a: Ms.Roids|confusion
|-damage|p1a: Ms.Roids|171\/384|[from] confusion
|
|turn|8
|
|switch|p1a: SmogonWash|Rotom-Wash|304\/304
|move|p1b: Scruffy|Earthquake|p2b: Lanturn
|-immune|p1a: SmogonWash|[msg]
|-crit|p2a: Dedenne
|-supereffective|p2a: Dedenne
|-damage|p2a: Dedenne|0 fnt
|-supereffective|p2b: Lanturn
|-damage|p2b: Lanturn|98\/454
|faint|p2a: Dedenne
|-enditem|p2b: Lanturn|Sitrus Berry|[eat]
|-heal|p2b: Lanturn|211\/454|[from] item: Sitrus Berry
|move|p2b: Lanturn|Soak|p1b: Scruffy
|-start|p1b: Scruffy|typechange|Water
|
|
|switch|p2a: Gothitelle|Gothitelle, M|344\/344
|turn|9
|
|move|p1b: Scruffy|Earthquake|p2b: Lanturn
|-immune|p1a: SmogonWash|[msg]
|-damage|p2a: Gothitelle|256\/344
|-crit|p2b: Lanturn
|-supereffective|p2b: Lanturn
|-damage|p2b: Lanturn|0 fnt
|faint|p2b: Lanturn
|move|p1a: SmogonWash|Will-O-Wisp|p2a: Gothitelle
|-status|p2a: Gothitelle|brn
|move|p2a: Gothitelle|Flash|p1b: Scruffy
|-unboost|p1b: Scruffy|accuracy|1
|
|-heal|p2a: Gothitelle|277\/344 brn|[from] item: Leftovers
|-damage|p2a: Gothitelle|234\/344 brn|[from] brn
|
|switch|p2b: Smeargle|Smeargle, M|314\/314
|turn|10
|
|move|p1b: Scruffy|Earthquake|p2b: Smeargle
|-immune|p1a: SmogonWash|[msg]
|-damage|p2a: Gothitelle|144\/344 brn
|-damage|p2b: Smeargle|201\/314
|move|p1a: SmogonWash|Will-O-Wisp|p2b: Smeargle
|-status|p2b: Smeargle|brn
|move|p2b: Smeargle|Geomancy|p2b: Smeargle|[still]
|-prepare|p2b: Smeargle|Geomancy|p2b: Smeargle
|-enditem|p2b: Smeargle|Power Herb
|-anim|p2b: Smeargle|Geomancy|p2b: Smeargle
|-boost|p2b: Smeargle|spa|2
|-boost|p2b: Smeargle|spd|2
|-boost|p2b: Smeargle|spe|2
|move|p2a: Gothitelle|Flash|p1a: SmogonWash
|-unboost|p1a: SmogonWash|accuracy|1
|
|-heal|p2a: Gothitelle|165\/344 brn|[from] item: Leftovers
|-damage|p2b: Smeargle|162\/314 brn|[from] brn
|-damage|p2a: Gothitelle|122\/344 brn|[from] brn
|turn|11
|
|move|p2b: Smeargle|Cotton Guard|p2b: Smeargle
|-boost|p2b: Smeargle|def|3
|move|p1b: Scruffy|Earthquake|p2b: Smeargle
|-immune|p1a: SmogonWash|[msg]
|-damage|p2a: Gothitelle|32\/344 brn
|-miss|p1b: Scruffy|p2b: Smeargle
|move|p1a: SmogonWash|Thunderbolt|p2b: Smeargle|[miss]
|-miss|p1a: SmogonWash|p2b: Smeargle
|move|p2a: Gothitelle|Heal Pulse|p2b: Smeargle
|-heal|p2b: Smeargle|314\/314 brn
|
|-heal|p2a: Gothitelle|53\/344 brn|[from] item: Leftovers
|-damage|p2b: Smeargle|275\/314 brn|[from] brn
|-damage|p2a: Gothitelle|10\/344 brn|[from] brn
|turn|12
|
|move|p2b: Smeargle|Cotton Guard|p2b: Smeargle
|-boost|p2b: Smeargle|def|3
|move|p1b: Scruffy|Earthquake|p2b: Smeargle
|-immune|p1a: SmogonWash|[msg]
|-damage|p2a: Gothitelle|0 fnt
|-damage|p2b: Smeargle|245\/314 brn
|faint|p2a: Gothitelle
|move|p1a: SmogonWash|Thunderbolt|p2b: Smeargle
|-damage|p2b: Smeargle|154\/314 brn
|
|-damage|p2b: Smeargle|115\/314 brn|[from] brn
|
|switch|p2a: Espeon|Espeon, F|334\/334
|turn|13
|c|âLizardons|gg since that smeargal cant baton pass now
|
|switch|p1b: MoonDuck|Cresselia, F, shiny|444\/444 par
|switch|p1a: Ms.Roids|Machamp, F|171\/384
|move|p2b: Smeargle|Lucky Chant|p2b: Smeargle
|-sidestart|p2: davilaivancarlos|move: Lucky Chant
|move|p2a: Espeon|Psych Up|p2b: Smeargle
|-copyboost|p2a: Espeon|p2b: Smeargle|[from] move: Psych Up
|
|-damage|p2b: Smeargle|76\/314 brn|[from] brn
|turn|14
|c|âLizardons|oh nvm
|
|move|p2a: Espeon|Stored Power|p1a: Ms.Roids
|-supereffective|p1a: Ms.Roids
|-damage|p1a: Ms.Roids|0 fnt
|faint|p1a: Ms.Roids
|move|p2b: Smeargle|Transform|p2a: Espeon
|-transform|p2b: Smeargle|p2a: Espeon
|move|p1b: MoonDuck|Icy Wind|p2b: Smeargle
|-damage|p2a: Espeon|320\/334
|-unboost|p2a: Espeon|spe|1
|-damage|p2b: Smeargle|63\/314 brn
|-unboost|p2b: Smeargle|spe|1
|
|-heal|p2a: Espeon|334\/334|[from] item: Leftovers
|-damage|p2b: Smeargle|24\/314 brn|[from] brn
|
|switch|p1a: Bug|Scizor, M|344\/344 par
|turn|15
|
|move|p1a: Bug|Bullet Punch|p2b: Smeargle
|-damage|p2b: Smeargle|0 fnt
|faint|p2b: Smeargle
|move|p2a: Espeon|Stored Power|p1a: Bug
|-resisted|p1a: Bug
|-damage|p1a: Bug|0 fnt
|faint|p1a: Bug
|move|p1b: MoonDuck|Icy Wind|p2: Smeargle
|-damage|p2a: Espeon|316\/334
|-unboost|p2a: Espeon|spe|1
|
|-heal|p2a: Espeon|334\/334|[from] item: Leftovers
|
|switch|p1a: Scruffy|Landorus-Therian, M|382\/382
|-ability|p1a: Scruffy|Intimidate|[of] p2a: Espeon
|-unboost|p2a: Espeon|atk|1
|turn|16
|
|switch|p1a: SmogonWash|Rotom-Wash|304\/304
|move|p2a: Espeon|Stored Power|p1b: MoonDuck
|-resisted|p1b: MoonDuck
|-damage|p1b: MoonDuck|231\/444 par
|move|p1b: MoonDuck|Icy Wind|p2a: Espeon
|-damage|p2a: Espeon|317\/334
|-unboost|p2a: Espeon|spe|1
|
|-heal|p2a: Espeon|334\/334|[from] item: Leftovers
|-heal|p1b: MoonDuck|258\/444 par|[from] item: Leftovers
|turn|17
|
|switch|p1a: Scruffy|Landorus-Therian, M|382\/382
|-ability|p1a: Scruffy|Intimidate|[of] p2a: Espeon
|-unboost|p2a: Espeon|atk|1
|move|p2a: Espeon|Stored Power|p1a: Scruffy
|-damage|p1a: Scruffy|0 fnt
|faint|p1a: Scruffy
|move|p1b: MoonDuck|Icy Wind|p2a: Espeon
|-damage|p2a: Espeon|317\/334
|-unboost|p2a: Espeon|spe|1
|
|-heal|p2a: Espeon|334\/334|[from] item: Leftovers
|-heal|p1b: MoonDuck|285\/444 par|[from] item: Leftovers
|-sideend|p2: davilaivancarlos|move: Lucky Chant
|
|switch|p1a: SmogonWash|Rotom-Wash|304\/304
|turn|18
|
|move|p1a: SmogonWash|Thunderbolt|p2a: Espeon
|-damage|p2a: Espeon|280\/334
|move|p2a: Espeon|Stored Power|p1a: SmogonWash
|-damage|p1a: SmogonWash|0 fnt
|faint|p1a: SmogonWash
|cant|p1b: MoonDuck|par
|
|-heal|p2a: Espeon|300\/334|[from] item: Leftovers
|-heal|p1b: MoonDuck|312\/444 par|[from] item: Leftovers
|
|switch|p1a: Lizardon|Charizard, M|297\/297
|turn|19
|
|move|p1a: Lizardon|Protect|p1a: Lizardon
|-singleturn|p1a: Lizardon|Protect
|move|p2a: Espeon|Stored Power|p1a: Lizardon
|-activate|p1a: Lizardon|Protect
|move|p1b: MoonDuck|Icy Wind|p2a: Espeon
|-damage|p2a: Espeon|282\/334
|-unboost|p2a: Espeon|spe|1
|
|-heal|p2a: Espeon|302\/334|[from] item: Leftovers
|-heal|p1b: MoonDuck|339\/444 par|[from] item: Leftovers
|turn|20
|
|detailschange|p1a: Lizardon|Charizard-Mega-Y, M
|message|Charizard has Mega Evolved into Mega Charizard!
|-weather|SunnyDay
|move|p1a: Lizardon|Overheat|p2a: Espeon
|-damage|p2a: Espeon|77\/334
|-unboost|p1a: Lizardon|spa|2
|move|p2a: Espeon|Stored Power|p1a: Lizardon
|-damage|p1a: Lizardon|0 fnt
|faint|p1a: Lizardon
|move|p1b: MoonDuck|Icy Wind|p2a: Espeon
|-damage|p2a: Espeon|61\/334
|-unboost|p2a: Espeon|spe|1
|
|-weather|SunnyDay|[upkeep]
|-heal|p2a: Espeon|81\/334|[from] item: Leftovers
|-heal|p1b: MoonDuck|366\/444 par|[from] item: Leftovers
|turn|21
|
|move|p2a: Espeon|Morning Sun|p2a: Espeon
|-heal|p2a: Espeon|304\/334
|move|p1b: MoonDuck|Icy Wind|p2a: Espeon
|-damage|p2a: Espeon|286\/334
|-unboost|p2a: Espeon|spe|1
|
|-weather|SunnyDay|[upkeep]
|-heal|p2a: Espeon|306\/334|[from] item: Leftovers
|-heal|p1b: MoonDuck|393\/444 par|[from] item: Leftovers
|turn|22
|c|âLizardons|wow cant believe that happened
|-message|Lizardons forfeited.
|
|win|davilaivancarlos
|raw|Ladder updating...
|leave|Lizardons
|player|p1
|raw|Lizardons's rating: 1713 &rarr; <strong>1683<\/strong><br \/>(-30 for losing)
|raw|davilaivancarlos's rating: 1530 &rarr; <strong>1560<\/strong><br \/>(+30 for winning)