|join|Lizardons
|join|Cyco Vision
|player|p1|Lizardons|157
|player|p2|Cyco Vision|195
|gametype|doubles
|gen|6
|tier|Smogon Doubles
|rated
|clearpoke
|poke|p1|Charizard, M
|poke|p1|Cresselia, F, shiny
|poke|p1|Aegislash, M, shiny
|poke|p1|Landorus-Therian, M
|poke|p1|Infernape, M
|poke|p1|Rotom-Wash
|poke|p2|Conkeldurr, F
|poke|p2|Rotom-Wash
|poke|p2|Excadrill, M
|poke|p2|Heatran, M
|poke|p2|Gardevoir, M, shiny
|poke|p2|Shaymin-Sky
|rule|Species Clause: Limit one of each PokÃ©mon
|rule|OHKO Clause: OHKO moves are banned
|rule|Moody Clause: Moody is banned
|rule|Evasion Abilities Clause: Evasion abilities are banned
|rule|Evasion Moves Clause: Evasion moves are banned
|rule|Endless Battle Clause: Forcing endless battles is banned
|rule|HP Percentage Mod: HP is shown in percentages
|teampreview
|c|âLizardons|gl
|c|âCyco Vision|gl
|
|start
|switch|p1a: Tang|Infernape, M|293\/293
|switch|p1b: MoonDuck|Cresselia, F, shiny|444\/444
|switch|p2a: Gardevoir|Gardevoir, M, shiny|278\/278
|switch|p2b: Rotom-Wash|Rotom-Wash|285\/285
|-ability|p2a: Gardevoir|Levitate|[from] ability: Trace|[of] p1b: MoonDuck
|turn|1
|
|detailschange|p2a: Gardevoir|Gardevoir-Mega, M, shiny
|message|Gardevoir has Mega Evolved into Mega Gardevoir!
|move|p2a: Gardevoir|Protect|p2a: Gardevoir
|-singleturn|p2a: Gardevoir|Protect
|move|p1a: Tang|Fake Out|p2b: Rotom-Wash
|-damage|p2b: Rotom-Wash|248\/285
|cant|p2b: Rotom-Wash|flinch
|move|p1b: MoonDuck|Thunder Wave|p2a: Gardevoir
|-activate|p2a: Gardevoir|Protect
|
|turn|2
|
|switch|p2a: Heatran|Heatran, M|380\/380
|-item|p2a: Heatran|Air Balloon
|move|p1a: Tang|Protect|p1a: Tang
|-singleturn|p1a: Tang|Protect
|move|p2b: Rotom-Wash|Volt Switch|p1a: Tang
|-activate|p1a: Tang|Protect
|move|p1b: MoonDuck|Thunder Wave|p2a: Heatran
|-status|p2a: Heatran|par
|
|turn|3
|
|move|p2a: Heatran|Protect|p2a: Heatran
|-singleturn|p2a: Heatran|Protect
|move|p2b: Rotom-Wash|Volt Switch|p1a: Tang
|-damage|p1a: Tang|161\/293
|
|switch|p2b: Conkeldurr|Conkeldurr, F|414\/414
|move|p1a: Tang|Close Combat|p2a: Heatran
|-activate|p2a: Heatran|Protect
|move|p1b: MoonDuck|Psychic|p2b: Conkeldurr
|-supereffective|p2b: Conkeldurr
|-damage|p2b: Conkeldurr|240\/414
|
|turn|4
|
|switch|p2a: Gardevoir|Gardevoir-Mega, M, shiny|278\/278
|move|p1a: Tang|Protect|p1a: Tang
|-singleturn|p1a: Tang|Protect
|move|p1b: MoonDuck|Psychic|p2b: Conkeldurr
|-supereffective|p2b: Conkeldurr
|-damage|p2b: Conkeldurr|82\/414
|move|p2b: Conkeldurr|Drain Punch|p1a: Tang
|-activate|p1a: Tang|Protect
|
|turn|5
|
|switch|p1a: SoulEdge|Aegislash, M, shiny|324\/324
|move|p2a: Gardevoir|Protect|p2a: Gardevoir
|-singleturn|p2a: Gardevoir|Protect
|move|p2b: Conkeldurr|Mach Punch|p1a: SoulEdge
|-immune|p1a: SoulEdge|[msg]
|move|p1b: MoonDuck|Thunder Wave|p2a: Gardevoir
|-activate|p2a: Gardevoir|Protect
|
|turn|6
|
|move|p2a: Gardevoir|Hyper Voice|p1a: SoulEdge
|-crit|p1a: SoulEdge
|-resisted|p1a: SoulEdge
|-damage|p1a: SoulEdge|233\/324
|-damage|p1b: MoonDuck|333\/444
|move|p1b: MoonDuck|Psychic|p2b: Conkeldurr
|-supereffective|p2b: Conkeldurr
|-damage|p2b: Conkeldurr|0 fnt
|faint|p2b: Conkeldurr
|-formechange|p1a: SoulEdge|Aegislash-Blade
|move|p1a: SoulEdge|Shadow Ball|p2a: Gardevoir
|-supereffective|p2a: Gardevoir
|-damage|p2a: Gardevoir|24\/278
|-unboost|p2a: Gardevoir|spd|1
|
|-heal|p1b: MoonDuck|360\/444|[from] item: Leftovers
|
|switch|p2b: Heatran|Heatran, M|380\/380 par
|-item|p2b: Heatran|Air Balloon
|turn|7
|
|-formechange|p1a: SoulEdge|Aegislash
|move|p1a: SoulEdge|King's Shield|p1a: SoulEdge
|-singleturn|p1a: SoulEdge|Protect
|move|p2a: Gardevoir|Hyper Voice|p1b: MoonDuck
|-activate|p1a: SoulEdge|Protect
|-damage|p1b: MoonDuck|248\/444
|move|p1b: MoonDuck|Icy Wind|p2b: Heatran
|-damage|p2a: Gardevoir|0 fnt
|-resisted|p2b: Heatran
|-damage|p2b: Heatran|374\/380 par
|-enditem|p2b: Heatran|Air Balloon
|-unboost|p2b: Heatran|spe|1
|faint|p2a: Gardevoir
|cant|p2b: Heatran|par
|
|-heal|p1b: MoonDuck|275\/444|[from] item: Leftovers
|
|switch|p2a: Excadrill|Excadrill, M|362\/362
|-ability|p2a: Excadrill|Mold Breaker
|turn|8
|
|switch|p1a: Scruffy|Landorus-Therian, M|336\/336
|-ability|p1a: Scruffy|Intimidate|[of] p2a: Excadrill
|-unboost|p2a: Excadrill|atk|1
|-ability|p1a: Scruffy|Intimidate|[of] p2b: Heatran
|-unboost|p2b: Heatran|atk|1
|move|p2a: Excadrill|Drill Run|p1b: MoonDuck
|-damage|p1b: MoonDuck|185\/444
|move|p1b: MoonDuck|Moonlight|p1b: MoonDuck
|-heal|p1b: MoonDuck|407\/444
|move|p2b: Heatran|Substitute|p2b: Heatran
|-start|p2b: Heatran|Substitute
|-damage|p2b: Heatran|279\/380 par
|
|-heal|p1b: MoonDuck|434\/444|[from] item: Leftovers
|turn|9
|
|switch|p2a: Rotom-Wash|Rotom-Wash|248\/285
|move|p1a: Scruffy|Earthquake|p2b: Heatran
|-immune|p1b: MoonDuck|[msg]
|-immune|p2a: Rotom-Wash|[msg]
|-supereffective|p2b: Heatran
|-end|p2b: Heatran|Substitute
|move|p1b: MoonDuck|Thunder Wave|p2b: Heatran
|-fail|p2b: Heatran|par
|move|p2b: Heatran|Heat Wave|p1b: MoonDuck
|-crit|p1a: Scruffy
|-damage|p1a: Scruffy|98\/336
|-damage|p1b: MoonDuck|358\/444
|
|-heal|p1b: MoonDuck|385\/444|[from] item: Leftovers
|turn|10
|
|switch|p1a: SmogonWash|Rotom-Wash|304\/304
|move|p2b: Heatran|Protect|p2b: Heatran
|-singleturn|p2b: Heatran|Protect
|move|p2a: Rotom-Wash|Trick|p1b: MoonDuck
|-activate|p2a: Rotom-Wash|move: Trick|[of] p1b: MoonDuck
|-item|p1b: MoonDuck|Choice Scarf|[from] move: Trick
|-item|p2a: Rotom-Wash|Leftovers|[from] move: Trick
|move|p1b: MoonDuck|Icy Wind|p2a: Rotom-Wash
|-resisted|p2a: Rotom-Wash
|-damage|p2a: Rotom-Wash|236\/285
|-unboost|p2a: Rotom-Wash|spe|1
|-activate|p2b: Heatran|Protect
|
|-heal|p2a: Rotom-Wash|253\/285|[from] item: Leftovers
|turn|11
|
|move|p1b: MoonDuck|Icy Wind|p2a: Rotom-Wash
|-resisted|p2a: Rotom-Wash
|-damage|p2a: Rotom-Wash|242\/285
|-unboost|p2a: Rotom-Wash|spe|1
|-resisted|p2b: Heatran
|-damage|p2b: Heatran|274\/380 par
|-unboost|p2b: Heatran|spe|1
|move|p1a: SmogonWash|Hydro Pump|p2b: Heatran
|-supereffective|p2b: Heatran
|-damage|p2b: Heatran|0 fnt
|faint|p2b: Heatran
|move|p2a: Rotom-Wash|Will-O-Wisp|p1a: SmogonWash
|-status|p1a: SmogonWash|brn
|
|-heal|p2a: Rotom-Wash|259\/285|[from] item: Leftovers
|-damage|p1a: SmogonWash|266\/304 brn|[from] brn
|
|switch|p2b: Excadrill|Excadrill, M|362\/362
|-ability|p2b: Excadrill|Mold Breaker
|turn|12
|
|switch|p2a: Shaymin-Sky|Shaymin-Sky|342\/342
|move|p1a: SmogonWash|Protect|p1a: SmogonWash
|-singleturn|p1a: SmogonWash|Protect
|move|p2b: Excadrill|Earthquake|p1a: SmogonWash
|-immune|p2a: Shaymin-Sky|[msg]
|-activate|p1a: SmogonWash|Protect
|-damage|p1b: MoonDuck|261\/444
|move|p1b: MoonDuck|Icy Wind|p2b: Excadrill
|-supereffective|p2a: Shaymin-Sky
|-damage|p2a: Shaymin-Sky|210\/342
|-unboost|p2a: Shaymin-Sky|spe|1
|-damage|p2b: Excadrill|328\/362
|-unboost|p2b: Excadrill|spe|1
|
|-heal|p1a: SmogonWash|285\/304 brn|[from] item: Leftovers
|-damage|p1a: SmogonWash|247\/304 brn|[from] brn
|turn|13
|
|move|p2a: Shaymin-Sky|Protect|p2a: Shaymin-Sky
|-singleturn|p2a: Shaymin-Sky|Protect
|move|p1b: MoonDuck|Icy Wind|p2a: Shaymin-Sky
|-activate|p2a: Shaymin-Sky|Protect
|-damage|p2b: Excadrill|290\/362
|-unboost|p2b: Excadrill|spe|1
|move|p2b: Excadrill|Earthquake|p1b: MoonDuck
|-immune|p2a: Shaymin-Sky|[msg]
|-supereffective|p1a: SmogonWash
|-damage|p1a: SmogonWash|0 fnt
|-damage|p1b: MoonDuck|122\/444
|faint|p1a: SmogonWash
|
|
|switch|p1a: Lizardon|Charizard, M|297\/297
|turn|14
|
|switch|p2b: Rotom-Wash|Rotom-Wash|259\/285
|detailschange|p1a: Lizardon|Charizard-Mega-Y, M
|message|Charizard has Mega Evolved into Mega Charizard!
|-weather|SunnyDay
|move|p1b: MoonDuck|Icy Wind|p2b: Rotom-Wash
|-supereffective|p2a: Shaymin-Sky
|-damage|p2a: Shaymin-Sky|78\/342
|-unboost|p2a: Shaymin-Sky|spe|1
|-resisted|p2b: Rotom-Wash
|-damage|p2b: Rotom-Wash|246\/285
|-unboost|p2b: Rotom-Wash|spe|1
|move|p1a: Lizardon|Heat Wave|p2b: Rotom-Wash
|-supereffective|p2a: Shaymin-Sky
|-damage|p2a: Shaymin-Sky|0 fnt
|-resisted|p2b: Rotom-Wash
|-damage|p2b: Rotom-Wash|135\/285
|faint|p2a: Shaymin-Sky
|
|-weather|SunnyDay|[upkeep]
|-heal|p2b: Rotom-Wash|152\/285|[from] item: Leftovers
|
|switch|p2a: Excadrill|Excadrill, M|290\/362
|-ability|p2a: Excadrill|Mold Breaker
|turn|15
|
|move|p1a: Lizardon|Protect|p1a: Lizardon
|-singleturn|p1a: Lizardon|Protect
|move|p2a: Excadrill|Rock Slide|p1b: MoonDuck
|-activate|p1a: Lizardon|Protect
|-damage|p1b: MoonDuck|54\/444
|move|p1b: MoonDuck|Icy Wind|p2b: Rotom-Wash
|-damage|p2a: Excadrill|254\/362
|-unboost|p2a: Excadrill|spe|1
|-miss|p1b: MoonDuck|p2b: Rotom-Wash
|move|p2b: Rotom-Wash|Volt Switch|p1b: MoonDuck
|-damage|p1b: MoonDuck|0 fnt
|faint|p1b: MoonDuck
|
|-weather|SunnyDay|[upkeep]
|-heal|p2b: Rotom-Wash|169\/285|[from] item: Leftovers
|
|switch|p1b: Tang|Infernape, M|161\/293
|turn|16
|c|âLizardons|gg
|
|move|p1b: Tang|Fire Punch|p2a: Excadrill
|-supereffective|p2a: Excadrill
|-damage|p2a: Excadrill|0 fnt
|faint|p2a: Excadrill
|move|p1a: Lizardon|Solar Beam|p2b: Rotom-Wash|[still]
|-prepare|p1a: Lizardon|Solar Beam|p2b: Rotom-Wash
|-anim|p1a: Lizardon|Solar Beam|p2b: Rotom-Wash
|-supereffective|p2b: Rotom-Wash
|-damage|p2b: Rotom-Wash|0 fnt
|faint|p2b: Rotom-Wash
|
|win|Lizardons
|raw|Ladder updating...
|c|âCyco Vision|gg