|join|apokemonkid
|join|LK95
|player|p1|apokemonkid|1
|player|p2|LK95|102
|gametype|singles
|gen|6
|tier|OU
|rated
|clearpoke
|poke|p1|Haxorus, M
|poke|p1|Jirachi
|poke|p1|Magnezone
|poke|p1|Dragonite, F
|poke|p1|Latios, M
|poke|p1|Mamoswine, M
|poke|p2|Manectric, M
|poke|p2|Keldeo-Resolute
|poke|p2|Clefable, M
|poke|p2|Heatran, F
|poke|p2|Landorus-Therian, M
|poke|p2|Latios, M
|rule|Swagger Clause: Swagger is banned
|rule|Baton Pass Clause: Limit one PokÃ©mon knowing Baton Pass
|rule|Sleep Clause Mod: Limit one foe put to sleep
|rule|Species Clause: Limit one of each PokÃ©mon
|rule|OHKO Clause: OHKO moves are banned
|rule|Moody Clause: Moody is banned
|rule|Evasion Moves Clause: Evasion moves are banned
|rule|Endless Battle Clause: Forcing endless battles is banned
|rule|HP Percentage Mod: HP is shown in percentages
|teampreview
|
|start
|switch|p1a: Mamoswine|Mamoswine, M|362\/362
|switch|p2a: Keldeo-Resolute|Keldeo-Resolute|322\/322
|turn|1
|
|move|p2a: Keldeo-Resolute|Scald|p1a: Mamoswine
|-supereffective|p1a: Mamoswine
|-enditem|p1a: Mamoswine|Focus Sash
|-damage|p1a: Mamoswine|1\/362
|move|p1a: Mamoswine|Endeavor|p2a: Keldeo-Resolute
|-damage|p2a: Keldeo-Resolute|1\/322
|
|turn|2
|
|move|p1a: Mamoswine|Ice Shard|p2a: Keldeo-Resolute
|-resisted|p2a: Keldeo-Resolute
|-damage|p2a: Keldeo-Resolute|0 fnt
|faint|p2a: Keldeo-Resolute
|
|
|switch|p2a: Manectric|Manectric, M|281\/281
|turn|3
|
|switch|p1a: Magnezone|Magnezone|318\/318
|detailschange|p2a: Manectric|Manectric-Mega, M
|message|Manectric has Mega Evolved into Mega Manectric!
|-ability|p2a: Manectric|Intimidate|[of] p1a: Magnezone
|-unboost|p1a: Magnezone|atk|1
|move|p2a: Manectric|Flamethrower|p1a: Magnezone
|-supereffective|p1a: Magnezone
|-damage|p1a: Magnezone|92\/318
|
|-heal|p1a: Magnezone|111\/318|[from] item: Leftovers
|turn|4
|
|switch|p1a: Latios|Latios, M|302\/302
|move|p2a: Manectric|Flamethrower|p1a: Latios
|-resisted|p1a: Latios
|-damage|p1a: Latios|249\/302
|
|turn|5
|
|move|p2a: Manectric|Volt Switch|p1a: Latios
|-resisted|p1a: Latios
|-damage|p1a: Latios|193\/302
|
|switch|p2a: Heatran|Heatran, F|386\/386
|move|p1a: Latios|Psyshock|p2a: Heatran
|-resisted|p2a: Heatran
|-damage|p2a: Heatran|284\/386
|
|-heal|p2a: Heatran|308\/386|[from] item: Leftovers
|turn|6
|
|switch|p1a: Mamoswine|Mamoswine, M|1\/362
|move|p2a: Heatran|Stealth Rock|p1a: Mamoswine
|-sidestart|p1: apokemonkid|move: Stealth Rock
|
|-heal|p2a: Heatran|332\/386|[from] item: Leftovers
|turn|7
|
|move|p1a: Mamoswine|Endeavor|p2a: Heatran
|-damage|p2a: Heatran|1\/386
|move|p2a: Heatran|Roar|p1a: Mamoswine
|drag|p1a: Dragonite|Dragonite, F|323\/323
|-damage|p1a: Dragonite|243\/323|[from] Stealth Rock
|
|-heal|p2a: Heatran|25\/386|[from] item: Leftovers
|turn|8
|
|move|p1a: Dragonite|Extreme Speed|p2a: Heatran
|-resisted|p2a: Heatran
|-damage|p2a: Heatran|0 fnt
|faint|p2a: Heatran
|
|
|switch|p2a: Manectric|Manectric-Mega, M|281\/281
|-ability|p2a: Manectric|Intimidate|[of] p1a: Dragonite
|-unboost|p1a: Dragonite|atk|1
|turn|9
|
|switch|p1a: Magnezone|Magnezone|111\/318
|-damage|p1a: Magnezone|92\/318|[from] Stealth Rock
|move|p2a: Manectric|Hidden Power|p1a: Magnezone
|-resisted|p1a: Magnezone
|-damage|p1a: Magnezone|50\/318
|
|-heal|p1a: Magnezone|69\/318|[from] item: Leftovers
|turn|10
|
|switch|p1a: Latios|Latios, M|193\/302
|-damage|p1a: Latios|156\/302|[from] Stealth Rock
|move|p2a: Manectric|Volt Switch|p1a: Latios
|-resisted|p1a: Latios
|-damage|p1a: Latios|96\/302
|
|switch|p2a: Clefable|Clefable, M|394\/394
|
|turn|11
|
|move|p1a: Latios|Psyshock|p2a: Clefable
|-damage|p2a: Clefable|205\/394
|move|p2a: Clefable|Flamethrower|p1a: Latios
|-resisted|p1a: Latios
|-damage|p1a: Latios|67\/302
|
|-heal|p2a: Clefable|229\/394|[from] item: Leftovers
|turn|12
|
|switch|p2a: Latios|Latios, M|302\/302
|move|p1a: Latios|Psyshock|p2a: Latios
|-resisted|p2a: Latios
|-damage|p2a: Latios|177\/302
|
|turn|13
|
|switch|p1a: Mamoswine|Mamoswine, M|1\/362
|-damage|p1a: Mamoswine|0 fnt|[from] Stealth Rock
|faint|p1a: Mamoswine
|move|p2a: Latios|Psyshock|p1: Mamoswine|[notarget]
|-notarget
|
|
|switch|p1a: Jirachi|Jirachi|341\/341
|-damage|p1a: Jirachi|320\/341|[from] Stealth Rock
|turn|14
|
|move|p1a: Jirachi|U-turn|p2a: Latios
|-supereffective|p2a: Latios
|-damage|p2a: Latios|17\/302
|
|switch|p1a: Magnezone|Magnezone|69\/318
|-damage|p1a: Magnezone|50\/318|[from] Stealth Rock
|move|p2a: Latios|Surf|p1a: Magnezone
|-damage|p1a: Magnezone|0 fnt
|-damage|p2a: Latios|0 fnt|[from] item: Life Orb
|faint|p1a: Magnezone
|faint|p2a: Latios
|
|
|switch|p1a: Haxorus|Haxorus, M|294\/294
|-damage|p1a: Haxorus|258\/294|[from] Stealth Rock
|switch|p2a: Clefable|Clefable, M|229\/394
|-ability|p1a: Haxorus|Mold Breaker
|turn|15
|
|move|p1a: Haxorus|Earthquake|p2a: Clefable
|-damage|p2a: Clefable|111\/394
|move|p2a: Clefable|Soft-Boiled|p2a: Clefable
|-heal|p2a: Clefable|308\/394
|
|-heal|p2a: Clefable|332\/394|[from] item: Leftovers
|turn|16
|
|switch|p1a: Jirachi|Jirachi|320\/341
|-damage|p1a: Jirachi|299\/341|[from] Stealth Rock
|move|p2a: Clefable|Flamethrower|p1a: Jirachi
|-supereffective|p1a: Jirachi
|-damage|p1a: Jirachi|163\/341
|
|-heal|p2a: Clefable|356\/394|[from] item: Leftovers
|turn|17
|
|move|p1a: Jirachi|Iron Head|p2a: Clefable
|-supereffective|p2a: Clefable
|-damage|p2a: Clefable|152\/394
|move|p2a: Clefable|Flamethrower|p1a: Jirachi
|-supereffective|p1a: Jirachi
|-damage|p1a: Jirachi|33\/341
|
|-heal|p2a: Clefable|176\/394|[from] item: Leftovers
|turn|18
|
|switch|p2a: Manectric|Manectric-Mega, M|281\/281
|-ability|p2a: Manectric|Intimidate|[of] p1a: Jirachi
|-unboost|p1a: Jirachi|atk|1
|move|p1a: Jirachi|Iron Head|p2a: Manectric
|-crit|p2a: Manectric
|-resisted|p2a: Manectric
|-damage|p2a: Manectric|164\/281
|
|turn|19
|
|move|p1a: Jirachi|Iron Head|p2a: Manectric
|-resisted|p2a: Manectric
|-damage|p2a: Manectric|117\/281
|cant|p2a: Manectric|flinch
|
|turn|20
|
|move|p1a: Jirachi|Iron Head|p2a: Manectric
|-resisted|p2a: Manectric
|-damage|p2a: Manectric|70\/281
|move|p2a: Manectric|Volt Switch|p1a: Jirachi
|-damage|p1a: Jirachi|0 fnt
|faint|p1a: Jirachi
|
|switch|p2a: Landorus-Therian|Landorus-Therian, M|320\/320
|
|
|switch|p1a: Haxorus|Haxorus, M|258\/294
|-damage|p1a: Haxorus|222\/294|[from] Stealth Rock
|-ability|p1a: Haxorus|Mold Breaker
|turn|21
|
|move|p2a: Landorus-Therian|Earthquake|p1a: Haxorus
|-damage|p1a: Haxorus|3\/294
|move|p1a: Haxorus|Dragon Dance|p1a: Haxorus
|-boost|p1a: Haxorus|atk|1
|-boost|p1a: Haxorus|spe|1
|
|turn|22
|
|move|p2a: Landorus-Therian|Earthquake|p1a: Haxorus
|-damage|p1a: Haxorus|0 fnt
|faint|p1a: Haxorus
|
|
|switch|p1a: Dragonite|Dragonite, F|243\/323
|-damage|p1a: Dragonite|163\/323|[from] Stealth Rock
|turn|23
|
|switch|p2a: Clefable|Clefable, M|176\/394
|move|p1a: Dragonite|Earthquake|p2a: Clefable
|-damage|p2a: Clefable|5\/394
|
|-heal|p2a: Clefable|29\/394|[from] item: Leftovers
|turn|24
|
|move|p1a: Dragonite|Earthquake|p2a: Clefable
|-damage|p2a: Clefable|0 fnt
|faint|p2a: Clefable
|
|
|switch|p2a: Manectric|Manectric-Mega, M|70\/281
|-ability|p2a: Manectric|Intimidate|[of] p1a: Dragonite
|-unboost|p1a: Dragonite|atk|1
|turn|25
|
|switch|p1a: Latios|Latios, M|67\/302
|-damage|p1a: Latios|30\/302|[from] Stealth Rock
|move|p2a: Manectric|Hidden Power|p1a: Latios
|-supereffective|p1a: Latios
|-damage|p1a: Latios|0 fnt
|faint|p1a: Latios
|
|
|switch|p1a: Dragonite|Dragonite, F|163\/323
|-damage|p1a: Dragonite|83\/323|[from] Stealth Rock
|turn|26
|
|move|p1a: Dragonite|Extreme Speed|p2a: Manectric
|-damage|p2a: Manectric|0 fnt
|faint|p2a: Manectric
|
|
|switch|p2a: Landorus-Therian|Landorus-Therian, M|320\/320
|-ability|p2a: Landorus-Therian|Intimidate|[of] p1a: Dragonite
|-unboost|p1a: Dragonite|atk|1
|turn|27
|c|âapokemonkid|gg
|
|move|p1a: Dragonite|Extreme Speed|p2a: Landorus-Therian
|-damage|p2a: Landorus-Therian|205\/320
|move|p2a: Landorus-Therian|Knock Off|p1a: Dragonite
|-damage|p1a: Dragonite|0 fnt
|-enditem|p1a: Dragonite|Choice Band|[from] move: Knock Off|[of] p2a: Landorus-Therian
|faint|p1a: Dragonite
|
|win|LK95
|raw|Ladder updating...
|raw|apokemonkid's rating: 1625 &rarr; <strong>1600<\/strong><br \/>(-25 for losing)
|raw|LK95's rating: 1533 &rarr; <strong>1558<\/strong><br \/>(+25 for winning)
|c|âLK95|u2
|leave|apokemonkid
|player|p1