|join|apokemonkid
|join|Extinction
|player|p1|apokemonkid|265
|player|p2|Extinction|265
|gametype|singles
|gen|6
|tier|OU
|rated
|clearpoke
|poke|p1|Talonflame, M
|poke|p1|Charizard, M, shiny
|poke|p1|Machamp, M
|poke|p1|Aegislash, M, shiny
|poke|p1|Archeops, F
|poke|p1|Aggron, M
|poke|p2|Venusaur, F
|poke|p2|Mandibuzz, F
|poke|p2|Clefable, M
|poke|p2|Aegislash, M
|poke|p2|Sableye, F
|poke|p2|Tentacruel, F
|rule|Sleep Clause Mod: Limit one foe put to sleep
|rule|Species Clause: Limit one of each Pokemon
|rule|OHKO Clause: OHKO moves are banned
|rule|Moody Clause: Moody is banned
|rule|Evasion Moves Clause: Evasion moves are banned
|rule|Endless Battle Clause: Forcing endless battles is banned.
|rule|HP Percentage Mod: HP is reported as percentages
|teampreview
|
|start
|switch|p1a: Aegislash|Aegislash, M, shiny|262\/262
|switch|p2a: Sableye|Sableye, F|304\/304
|turn|1
|
|-formechange|p1a: Aegislash|Aegislash-Blade
|move|p1a: Aegislash|Flash Cannon|p2a: Sableye
|-damage|p2a: Sableye|66\/304
|move|p2a: Sableye|Knock Off|p1a: Aegislash
|-supereffective|p1a: Aegislash
|-damage|p1a: Aegislash|0 fnt
|faint|p1a: Aegislash
|
|-heal|p2a: Sableye|85\/304|[from] item: Leftovers
|
|switch|p1a: Talonflame|Talonflame, M|297\/297
|turn|2
|
|switch|p2a: Clefable|Clefable, M|394\/394
|move|p1a: Talonflame|Acrobatics|p2a: Clefable
|-damage|p2a: Clefable|202\/394
|
|-heal|p2a: Clefable|226\/394|[from] item: Leftovers
|turn|3
|
|move|p1a: Talonflame|Acrobatics|p2a: Clefable
|-damage|p2a: Clefable|19\/394
|move|p2a: Clefable|Stealth Rock|p1a: Talonflame
|-sidestart|p1: apokemonkid|move: Stealth Rock
|
|-heal|p2a: Clefable|43\/394|[from] item: Leftovers
|turn|4
|
|switch|p2a: Mandibuzz|Mandibuzz, F|423\/423
|move|p1a: Talonflame|Acrobatics|p2a: Mandibuzz
|-damage|p2a: Mandibuzz|312\/423
|
|-heal|p2a: Mandibuzz|338\/423|[from] item: Leftovers
|turn|5
|
|move|p1a: Talonflame|Flare Blitz|p2a: Mandibuzz
|-damage|p2a: Mandibuzz|209\/423
|-damage|p1a: Talonflame|254\/297|[from] recoil|[of] p2a: Mandibuzz
|move|p2a: Mandibuzz|Toxic|p1a: Talonflame
|-status|p1a: Talonflame|tox
|
|-heal|p2a: Mandibuzz|235\/423|[from] item: Leftovers
|-damage|p1a: Talonflame|236\/297 tox|[from] psn
|turn|6
|
|move|p1a: Talonflame|Flare Blitz|p2a: Mandibuzz
|-damage|p2a: Mandibuzz|114\/423
|-damage|p1a: Talonflame|196\/297 tox|[from] recoil|[of] p2a: Mandibuzz
|move|p2a: Mandibuzz|Whirlwind|p1a: Talonflame
|drag|p1a: Archeops|Archeops, F|291\/291
|-damage|p1a: Archeops|219\/291|[from] Stealth Rock
|
|-heal|p2a: Mandibuzz|140\/423|[from] item: Leftovers
|turn|7
|
|switch|p2a: Aegislash|Aegislash, M|324\/324
|move|p1a: Archeops|Stone Edge|p2a: Aegislash
|-resisted|p2a: Aegislash
|-damage|p2a: Aegislash|254\/324
|
|-heal|p2a: Aegislash|274\/324|[from] item: Leftovers
|turn|8
|
|move|p1a: Archeops|Earthquake|p2a: Aegislash
|-supereffective|p2a: Aegislash
|-damage|p2a: Aegislash|110\/324
|move|p2a: Aegislash|Substitute|p2a: Aegislash
|-start|p2a: Aegislash|Substitute
|-damage|p2a: Aegislash|29\/324
|
|-heal|p2a: Aegislash|49\/324|[from] item: Leftovers
|turn|9
|
|move|p2a: Aegislash|King's Shield|p2a: Aegislash
|-singleturn|p2a: Aegislash|Protect
|move|p1a: Archeops|Earthquake|p2a: Aegislash
|-activate|p2a: Aegislash|Protect
|
|-heal|p2a: Aegislash|69\/324|[from] item: Leftovers
|turn|10
|
|move|p1a: Archeops|Earthquake|p2a: Aegislash
|-supereffective|p2a: Aegislash
|-end|p2a: Aegislash|Substitute
|move|p2a: Aegislash|Toxic|p1a: Archeops
|-status|p1a: Archeops|tox
|
|-heal|p2a: Aegislash|89\/324|[from] item: Leftovers
|-damage|p1a: Archeops|201\/291 tox|[from] psn
|turn|11
|
|move|p2a: Aegislash|King's Shield|p2a: Aegislash
|-singleturn|p2a: Aegislash|Protect
|move|p1a: Archeops|Earthquake|p2a: Aegislash
|-activate|p2a: Aegislash|Protect
|
|-heal|p2a: Aegislash|109\/324|[from] item: Leftovers
|-damage|p1a: Archeops|165\/291 tox|[from] psn
|turn|12
|
|switch|p2a: Mandibuzz|Mandibuzz, F|140\/423
|move|p1a: Archeops|Earthquake|p2a: Mandibuzz
|-immune|p2a: Mandibuzz|[msg]
|
|-heal|p2a: Mandibuzz|166\/423|[from] item: Leftovers
|-damage|p1a: Archeops|111\/291 tox|[from] psn
|turn|13
|
|switch|p2a: Venusaur|Venusaur, F|364\/364
|move|p1a: Archeops|Stone Edge|p2a: Venusaur
|-damage|p2a: Venusaur|276\/364
|
|-damage|p1a: Archeops|39\/291 tox|[from] psn
|turn|14
|
|-formechange|p2a: Venusaur|Venusaur-Mega
|message|Venusaur has Mega Evolved into Mega Venusaur!
|move|p1a: Archeops|Acrobatics|p2a: Venusaur
|-supereffective|p2a: Venusaur
|-damage|p2a: Venusaur|132\/364
|move|p2a: Venusaur|Sludge Bomb|p1a: Archeops
|-resisted|p1a: Archeops
|-damage|p1a: Archeops|0 fnt
|faint|p1a: Archeops
|
|
|switch|p1a: Talonflame|Talonflame, M|196\/297 tox
|-damage|p1a: Talonflame|48\/297 tox|[from] Stealth Rock
|turn|15
|
|switch|p2a: Tentacruel|Tentacruel, F|363\/363
|move|p1a: Talonflame|Acrobatics|p2a: Tentacruel
|-damage|p2a: Tentacruel|192\/363
|
|-heal|p2a: Tentacruel|214\/363|[from] item: Black Sludge
|-damage|p1a: Talonflame|30\/297 tox|[from] psn
|turn|16
|
|move|p2a: Tentacruel|Protect|p2a: Tentacruel
|-singleturn|p2a: Tentacruel|Protect
|move|p1a: Talonflame|Acrobatics|p2a: Tentacruel
|-activate|p2a: Tentacruel|Protect
|
|-heal|p2a: Tentacruel|236\/363|[from] item: Black Sludge
|-damage|p1a: Talonflame|0 fnt|[from] psn
|faint|p1a: Talonflame
|
|switch|p1a: Aggron|Aggron, M|344\/344
|-damage|p1a: Aggron|323\/344|[from] Stealth Rock
|turn|17
|
|move|p2a: Tentacruel|Scald|p1a: Aggron
|-supereffective|p1a: Aggron
|-damage|p1a: Aggron|105\/344
|move|p1a: Aggron|Head Smash|p2a: Tentacruel|[miss]
|-miss|p1a: Aggron|p2a: Tentacruel
|
|-heal|p2a: Tentacruel|258\/363|[from] item: Black Sludge
|turn|18
|
|move|p2a: Tentacruel|Scald|p1a: Aggron
|-supereffective|p1a: Aggron
|-damage|p1a: Aggron|0 fnt
|faint|p1a: Aggron
|
|-heal|p2a: Tentacruel|280\/363|[from] item: Black Sludge
|
|switch|p1a: Charizard|Charizard, M, shiny|298\/298
|-damage|p1a: Charizard|149\/298|[from] Stealth Rock
|turn|19
|
|-formechange|p1a: Charizard|Charizard-Mega-X
|message|Charizard has Mega Evolved into Mega Charizard!
|move|p1a: Charizard|Earthquake|p2a: Tentacruel
|-supereffective|p2a: Tentacruel
|-damage|p2a: Tentacruel|0 fnt
|faint|p2a: Tentacruel
|
|
|switch|p2a: Mandibuzz|Mandibuzz, F|166\/423
|turn|20
|
|move|p1a: Charizard|Dragon Claw|p2a: Mandibuzz
|-damage|p2a: Mandibuzz|18\/423
|move|p2a: Mandibuzz|Foul Play|p1a: Charizard
|-damage|p1a: Charizard|0 fnt
|faint|p1a: Charizard
|
|-heal|p2a: Mandibuzz|44\/423|[from] item: Leftovers
|
|switch|p1a: Machamp|Machamp, M|384\/384
|-damage|p1a: Machamp|360\/384|[from] Stealth Rock
|turn|21
|
|move|p2a: Mandibuzz|Toxic|p1a: Machamp
|-status|p1a: Machamp|tox
|move|p1a: Machamp|Dynamic Punch|p2a: Mandibuzz
|-damage|p2a: Mandibuzz|0 fnt
|faint|p2a: Mandibuzz
|
|-damage|p1a: Machamp|336\/384 tox|[from] psn
|-message|apokemonkid forfeited.
|
|win|Extinction
|raw|Ladder updating...
|leave|apokemonkid
|player|p1
|raw|apokemonkid's rating: 1184 &rarr; <strong>1157<\/strong><br \/>(-27 for losing)
|raw|Extinction's rating: 1161 &rarr; <strong>1188<\/strong><br \/>(+27 for winning)