|join|apokemonkid
|join|jh3828
|player|p1|apokemonkid|12
|player|p2|jh3828|101
|gametype|singles
|gen|6
|tier|OU
|rated
|clearpoke
|poke|p1|Smeargle, F
|poke|p1|Zoroark, F
|poke|p1|Espeon, F
|poke|p1|Breloom, M
|poke|p1|Gardevoir, F
|poke|p1|Ferrothorn, M
|poke|p2|Charizard, M
|poke|p2|Mamoswine, F
|poke|p2|Mandibuzz, F, shiny
|poke|p2|Rotom-Wash
|poke|p2|Gardevoir, F, shiny
|poke|p2|Hawlucha, M
|rule|Swagger Clause: Swagger is banned
|rule|Baton Pass Clause: Limit one PokÃ©mon knowing Baton Pass
|rule|Sleep Clause Mod: Limit one foe put to sleep
|rule|Species Clause: Limit one of each PokÃ©mon
|rule|OHKO Clause: OHKO moves are banned
|rule|Moody Clause: Moody is banned
|rule|Evasion Moves Clause: Evasion moves are banned
|rule|Endless Battle Clause: Forcing endless battles is banned
|rule|HP Percentage Mod: HP is shown in percentages
|teampreview
|c|âjh3828|glhf
|
|start
|switch|p1a: Smeargle|Smeargle, F|261\/261
|switch|p2a: Mamo|Mamoswine, F|424\/424
|turn|1
|
|move|p2a: Mamo|Ice Shard|p1a: Smeargle
|replace|p1a: Zoroark|Zoroark, F|261\/261
|-damage|p1a: Zoroark|132\/261
|move|p1a: Zoroark|Memento|p2a: Mamo
|-unboost|p2a: Mamo|atk|2
|-unboost|p2a: Mamo|spa|2
|faint|p1a: Zoroark
|
|
|switch|p1a: Smeargle|Smeargle, F|314\/314
|turn|2
|
|move|p2a: Mamo|Ice Shard|p1a: Smeargle
|-damage|p1a: Smeargle|227\/314
|move|p1a: Smeargle|Quiver Dance|p1a: Smeargle
|-boost|p1a: Smeargle|spa|1
|-boost|p1a: Smeargle|spd|1
|-boost|p1a: Smeargle|spe|1
|
|turn|3
|
|switch|p2a: Brisingr|Charizard, M|297\/297
|move|p1a: Smeargle|Cotton Guard|p1a: Smeargle
|-boost|p1a: Smeargle|def|3
|
|turn|4
|
|detailschange|p2a: Brisingr|Charizard-Mega-X, M
|message|Charizard has Mega Evolved into Mega Charizard!
|move|p1a: Smeargle|Spore|p2a: Brisingr
|-status|p2a: Brisingr|slp
|cant|p2a: Brisingr|slp
|
|turn|5
|
|move|p1a: Smeargle|Cotton Guard|p1a: Smeargle
|-boost|p1a: Smeargle|def|3
|cant|p2a: Brisingr|slp
|
|turn|6
|
|move|p1a: Smeargle|Baton Pass|p1a: Smeargle
|
|switch|p1a: Espeon|Espeon, F|271\/271
|cant|p2a: Brisingr|slp
|
|turn|7
|
|move|p1a: Espeon|Stored Power|p2a: Brisingr
|-damage|p2a: Brisingr|0 fnt
|faint|p2a: Brisingr
|
|
|switch|p2a: Mamo|Mamoswine, F|424\/424
|turn|8
|
|move|p1a: Espeon|Stored Power|p2a: Mamo
|-enditem|p2a: Mamo|Focus Sash
|-damage|p2a: Mamo|1\/424
|move|p2a: Mamo|Roar|p1a: Espeon
|drag|p1a: Breloom|Breloom, M|324\/324
|
|-status|p1a: Breloom|tox|[from] item: Toxic Orb
|turn|9
|
|move|p2a: Mamo|Ice Shard|p1a: Breloom
|-supereffective|p1a: Breloom
|-damage|p1a: Breloom|126\/324 tox
|move|p1a: Breloom|Seed Bomb|p2a: Mamo
|-supereffective|p2a: Mamo
|-damage|p2a: Mamo|0 fnt
|faint|p2a: Mamo
|
|-heal|p1a: Breloom|166\/324 tox|[from] ability: Poison Heal
|
|switch|p2a: Arya|Gardevoir, F, shiny|340\/340
|-ability|p2a: Arya|Poison Heal|[from] ability: Trace|[of] p1a: Breloom
|turn|10
|
|switch|p1a: Ferrothorn|Ferrothorn, M|289\/289
|move|p2a: Arya|Psyshock|p1a: Ferrothorn
|-crit|p1a: Ferrothorn
|-resisted|p1a: Ferrothorn
|-damage|p1a: Ferrothorn|210\/289
|
|turn|11
|
|switch|p2a: Wash|Rotom-Wash|304\/304
|move|p1a: Ferrothorn|Gyro Ball|p2a: Wash
|-resisted|p2a: Wash
|-damage|p2a: Wash|274\/304
|
|-heal|p2a: Wash|293\/304|[from] item: Leftovers
|turn|12
|
|move|p2a: Wash|Volt Switch|p1a: Ferrothorn
|-resisted|p1a: Ferrothorn
|-damage|p1a: Ferrothorn|182\/289
|
|switch|p2a: Turkey|Mandibuzz, F, shiny|424\/424
|move|p1a: Ferrothorn|Seed Bomb|p2a: Turkey
|-resisted|p2a: Turkey
|-damage|p2a: Turkey|395\/424
|
|turn|13
|
|move|p2a: Turkey|Knock Off|p1a: Ferrothorn
|-damage|p1a: Ferrothorn|133\/289
|-damage|p2a: Turkey|342\/424|[from] ability: Iron Barbs|[of] p1a: Ferrothorn
|-damage|p2a: Turkey|272\/424|[from] item: Rocky Helmet|[of] p1a: Ferrothorn
|-enditem|p1a: Ferrothorn|Rocky Helmet|[from] move: Knock Off|[of] p2a: Turkey
|move|p1a: Ferrothorn|Stealth Rock|p2a: Turkey
|-sidestart|p2: jh3828|move: Stealth Rock
|
|turn|14
|
|move|p2a: Turkey|Roost|p2a: Turkey
|-heal|p2a: Turkey|424\/424
|move|p1a: Ferrothorn|Spikes|p2a: Turkey
|-sidestart|p2: jh3828|Spikes
|
|turn|15
|
|switch|p1a: Smeargle|Smeargle, F|227\/314
|move|p2a: Turkey|Foul Play|p1a: Smeargle
|-damage|p1a: Smeargle|142\/314
|
|turn|16
|
|move|p1a: Smeargle|Quiver Dance|p1a: Smeargle
|-boost|p1a: Smeargle|spa|1
|-boost|p1a: Smeargle|spd|1
|-boost|p1a: Smeargle|spe|1
|move|p2a: Turkey|Knock Off|p1a: Smeargle
|-crit|p1a: Smeargle
|-damage|p1a: Smeargle|0 fnt
|-enditem|p1a: Smeargle|Focus Sash|[from] move: Knock Off|[of] p2a: Turkey
|faint|p1a: Smeargle
|
|
|switch|p1a: Gardevoir|Gardevoir, F|277\/277
|-ability|p1a: Gardevoir|Overcoat|[from] ability: Trace|[of] p2a: Turkey
|turn|17
|
|detailschange|p1a: Gardevoir|Gardevoir-Mega, F
|message|Gardevoir has Mega Evolved into Mega Gardevoir!
|move|p1a: Gardevoir|Hyper Voice|p2a: Turkey
|-supereffective|p2a: Turkey
|-damage|p2a: Turkey|0 fnt
|faint|p2a: Turkey
|
|
|switch|p2a: Wash|Rotom-Wash|293\/304
|-damage|p2a: Wash|255\/304|[from] Stealth Rock
|turn|18
|
|move|p1a: Gardevoir|Hyper Voice|p2a: Wash
|-damage|p2a: Wash|77\/304
|move|p2a: Wash|Confuse Ray|p1a: Gardevoir
|-start|p1a: Gardevoir|confusion
|
|-heal|p2a: Wash|96\/304|[from] item: Leftovers
|turn|19
|
|switch|p1a: Ferrothorn|Ferrothorn, M|133\/289
|move|p2a: Wash|Hydro Pump|p1a: Ferrothorn
|-resisted|p1a: Ferrothorn
|-damage|p1a: Ferrothorn|92\/289
|
|-heal|p2a: Wash|115\/304|[from] item: Leftovers
|turn|20
|
|move|p2a: Wash|Will-O-Wisp|p1a: Ferrothorn|[miss]
|-miss|p2a: Wash|p1a: Ferrothorn
|move|p1a: Ferrothorn|Seed Bomb|p2a: Wash
|-supereffective|p2a: Wash
|-damage|p2a: Wash|0 fnt
|faint|p2a: Wash
|
|
|switch|p2a: Superman|Hawlucha, M|360\/360
|-damage|p2a: Superman|315\/360|[from] Stealth Rock
|turn|21
|
|move|p2a: Superman|Hone Claws|p2a: Superman
|-boost|p2a: Superman|atk|1
|-boost|p2a: Superman|accuracy|1
|move|p1a: Ferrothorn|Gyro Ball|p2a: Superman
|-damage|p2a: Superman|110\/360
|-enditem|p2a: Superman|Sitrus Berry|[eat]
|-heal|p2a: Superman|200\/360|[from] item: Sitrus Berry
|
|turn|22
|
|move|p2a: Superman|Flying Press|p1a: Ferrothorn
|-supereffective|p1a: Ferrothorn
|-damage|p1a: Ferrothorn|0 fnt
|-damage|p2a: Superman|155\/360|[from] ability: Iron Barbs|[of] p1a: Ferrothorn
|faint|p1a: Ferrothorn
|
|
|switch|p1a: Gardevoir|Gardevoir-Mega, F|277\/277
|turn|23
|
|move|p2a: Superman|Poison Jab|p1a: Gardevoir
|-supereffective|p1a: Gardevoir
|-damage|p1a: Gardevoir|0 fnt
|faint|p1a: Gardevoir
|
|
|switch|p1a: Espeon|Espeon, F|271\/271
|turn|24
|
|move|p2a: Superman|Stone Edge|p1a: Espeon
|-damage|p1a: Espeon|116\/271
|move|p1a: Espeon|Dazzling Gleam|p2a: Superman
|-supereffective|p2a: Superman
|-damage|p2a: Superman|0 fnt
|faint|p2a: Superman
|
|-heal|p1a: Espeon|132\/271|[from] item: Leftovers
|
|switch|p2a: Arya|Gardevoir, F, shiny|340\/340
|-damage|p2a: Arya|298\/340|[from] Spikes
|-damage|p2a: Arya|256\/340|[from] Stealth Rock
|-ability|p2a: Arya|Synchronize|[from] ability: Trace|[of] p1a: Espeon
|turn|25
|
|move|p1a: Espeon|Morning Sun|p1a: Espeon
|-heal|p1a: Espeon|267\/271
|move|p2a: Arya|Moonblast|p1a: Espeon
|-damage|p1a: Espeon|126\/271
|
|-heal|p1a: Espeon|142\/271|[from] item: Leftovers
|turn|26
|
|move|p1a: Espeon|Morning Sun|p1a: Espeon
|-heal|p1a: Espeon|271\/271
|move|p2a: Arya|Charge Beam|p1a: Espeon
|-crit|p1a: Espeon
|-damage|p1a: Espeon|195\/271
|-boost|p2a: Arya|spa|1
|
|-heal|p1a: Espeon|211\/271|[from] item: Leftovers
|turn|27
|
|move|p1a: Espeon|Dazzling Gleam|p2a: Arya
|-damage|p2a: Arya|211\/340
|move|p2a: Arya|Moonblast|p1a: Espeon
|-damage|p1a: Espeon|7\/271
|-unboost|p1a: Espeon|spa|1
|
|-heal|p1a: Espeon|23\/271|[from] item: Leftovers
|turn|28
|
|move|p1a: Espeon|Dazzling Gleam|p2a: Arya
|-damage|p2a: Arya|180\/340
|move|p2a: Arya|Charge Beam|p1a: Espeon
|-damage|p1a: Espeon|0 fnt
|-boost|p2a: Arya|spa|1
|faint|p1a: Espeon
|
|
|switch|p1a: Breloom|Breloom, M|166\/324 tox
|turn|29
|
|move|p2a: Arya|Psyshock|p1a: Breloom
|-supereffective|p1a: Breloom
|-damage|p1a: Breloom|0 fnt
|faint|p1a: Breloom
|
|win|jh3828
|raw|Ladder updating...
|raw|apokemonkid's rating: 1277 &rarr; <strong>1252<\/strong><br \/>(-25 for losing)
|raw|jh3828's rating: 1279 &rarr; <strong>1304<\/strong><br \/>(+25 for winning)
|c|âjh3828|dat comeback tho
|leave|apokemonkid
|player|p1