|join|asimmmm
|join|apokemonkid
|player|p1|asimmmm|221
|player|p2|apokemonkid|129
|gametype|singles
|gen|6
|tier|OU
|rated
|clearpoke
|poke|p1|Bisharp, M
|poke|p1|Froslass, F
|poke|p1|Venusaur, F
|poke|p1|Arcanine, F
|poke|p1|Rotom-Wash
|poke|p1|Donphan, M
|poke|p2|Talonflame, M
|poke|p2|Metagross
|poke|p2|Crawdaunt, F
|poke|p2|Empoleon, M
|poke|p2|Gliscor, F
|poke|p2|Sylveon, F
|rule|Swagger Clause: Swagger is banned
|rule|Baton Pass Clause: Limit one PokÃ©mon knowing Baton Pass
|rule|Sleep Clause Mod: Limit one foe put to sleep
|rule|Species Clause: Limit one of each PokÃ©mon
|rule|OHKO Clause: OHKO moves are banned
|rule|Moody Clause: Moody is banned
|rule|Evasion Moves Clause: Evasion moves are banned
|rule|Endless Battle Clause: Forcing endless battles is banned
|rule|HP Percentage Mod: HP is shown in percentages
|teampreview
|
|start
|switch|p1a: Rotom-Wash|Rotom-Wash|304\/304
|switch|p2a: Talonflame|Talonflame, M|297\/297
|turn|1
|
|move|p2a: Talonflame|U-turn|p1a: Rotom-Wash
|-damage|p1a: Rotom-Wash|214\/304
|
|switch|p2a: Sylveon|Sylveon, F|394\/394
|move|p1a: Rotom-Wash|Will-O-Wisp|p2a: Sylveon
|-status|p2a: Sylveon|brn
|
|-damage|p2a: Sylveon|345\/394 brn|[from] brn
|turn|2
|
|switch|p1a: Venusaur|Venusaur, F|364\/364
|move|p2a: Sylveon|Heal Bell|p2a: Sylveon
|-cureteam|p2a: Sylveon|[from] move: HealBell
|
|-heal|p2a: Sylveon|369\/394|[from] item: Leftovers
|turn|3
|
|switch|p2a: Metagross|Metagross|301\/301
|detailschange|p1a: Venusaur|Venusaur-Mega, F
|-mega|p1a: Venusaur|Venusaur|Venusaurite
|move|p1a: Venusaur|Leech Seed|p2a: Metagross
|-start|p2a: Metagross|move: Leech Seed
|
|-damage|p2a: Metagross|264\/301|[from] Leech Seed|[of] p1a: Venusaur
|turn|4
|
|switch|p1a: Donphan|Donphan, M|384\/384
|detailschange|p2a: Metagross|Metagross-Mega
|-mega|p2a: Metagross|Metagross|Metagrossite
|move|p2a: Metagross|Zen Headbutt|p1a: Donphan
|-damage|p1a: Donphan|260\/384
|
|-heal|p1a: Donphan|284\/384|[from] item: Leftovers
|-damage|p2a: Metagross|227\/301|[from] Leech Seed|[of] p1a: Donphan
|-heal|p1a: Donphan|321\/384|[silent]
|turn|5
|
|switch|p2a: Empoleon|Empoleon, M|372\/372
|move|p1a: Donphan|Stealth Rock|p2a: Empoleon
|-sidestart|p2: apokemonkid|move: Stealth Rock
|
|-heal|p1a: Donphan|345\/384|[from] item: Leftovers
|turn|6
|
|switch|p1a: Rotom-Wash|Rotom-Wash|214\/304
|move|p2a: Empoleon|Scald|p1a: Rotom-Wash
|-resisted|p1a: Rotom-Wash
|-damage|p1a: Rotom-Wash|181\/304
|
|turn|7
|
|move|p1a: Rotom-Wash|Will-O-Wisp|p2a: Empoleon
|-status|p2a: Empoleon|brn
|move|p2a: Empoleon|Defog|p1a: Rotom-Wash
|-unboost|p1a: Rotom-Wash|evasion|1
|-sideend|p2: apokemonkid|Stealth Rock|[from] move: Defog|[of] p2a: Empoleon
|
|-damage|p2a: Empoleon|326\/372 brn|[from] brn
|turn|8
|
|move|p1a: Rotom-Wash|Volt Switch|p2a: Empoleon
|-supereffective|p2a: Empoleon
|-damage|p2a: Empoleon|162\/372 brn
|
|switch|p1a: Froslass|Froslass, F|282\/282
|move|p2a: Empoleon|Toxic|p1a: Froslass
|-status|p1a: Froslass|tox
|
|-heal|p2a: Empoleon|185\/372 brn|[from] item: Leftovers
|-damage|p1a: Froslass|265\/282 tox|[from] psn
|-damage|p2a: Empoleon|139\/372 brn|[from] brn
|turn|9
|
|switch|p2a: Crawdaunt|Crawdaunt, F|329\/329
|move|p1a: Froslass|Shadow Ball|p2a: Crawdaunt
|-resisted|p2a: Crawdaunt
|-damage|p2a: Crawdaunt|253\/329
|
|-damage|p1a: Froslass|231\/282 tox|[from] psn
|turn|10
|
|move|p1a: Froslass|Taunt|p2a: Crawdaunt
|-start|p2a: Crawdaunt|move: Taunt
|move|p2a: Crawdaunt|Knock Off|p1a: Froslass
|-supereffective|p1a: Froslass
|-damage|p1a: Froslass|0 fnt
|-enditem|p1a: Froslass|Focus Sash|[from] move: Knock Off|[of] p2a: Crawdaunt
|-damage|p2a: Crawdaunt|221\/329|[from] item: Life Orb
|faint|p1a: Froslass
|
|
|switch|p1a: Rotom-Wash|Rotom-Wash|181\/304
|turn|11
|
|switch|p2a: Gliscor|Gliscor, F|353\/353
|move|p1a: Rotom-Wash|Will-O-Wisp|p2a: Gliscor
|-status|p2a: Gliscor|brn
|
|-damage|p2a: Gliscor|309\/353 brn|[from] brn
|turn|12
|
|move|p2a: Gliscor|Toxic|p1a: Rotom-Wash
|-status|p1a: Rotom-Wash|tox
|move|p1a: Rotom-Wash|Hydro Pump|p2a: Gliscor
|-crit|p2a: Gliscor
|-supereffective|p2a: Gliscor
|-damage|p2a: Gliscor|0 fnt
|faint|p2a: Gliscor
|
|-damage|p1a: Rotom-Wash|162\/304 tox|[from] psn
|
|switch|p2a: Metagross|Metagross-Mega|227\/301
|turn|13
|
|switch|p1a: Donphan|Donphan, M|345\/384
|move|p2a: Metagross|Zen Headbutt|p1a: Donphan
|-damage|p1a: Donphan|210\/384
|
|-heal|p1a: Donphan|234\/384|[from] item: Leftovers
|turn|14
|
|move|p2a: Metagross|Meteor Mash|p1a: Donphan
|-damage|p1a: Donphan|99\/384
|-boost|p2a: Metagross|atk|1
|move|p1a: Donphan|Earthquake|p2a: Metagross
|-supereffective|p2a: Metagross
|-damage|p2a: Metagross|29\/301
|
|-heal|p1a: Donphan|123\/384|[from] item: Leftovers
|turn|15
|
|switch|p1a: Arcanine|Arcanine, F|384\/384
|-ability|p1a: Arcanine|Intimidate|[of] p2a: Metagross
|-unboost|p2a: Metagross|atk|1
|move|p2a: Metagross|Zen Headbutt|p1a: Arcanine
|-damage|p1a: Arcanine|204\/384
|-damage|p2a: Metagross|0 fnt|[from] item: Rocky Helmet|[of] p1a: Arcanine
|faint|p2a: Metagross
|
|
|switch|p2a: Crawdaunt|Crawdaunt, F|221\/329
|turn|16
|
|switch|p1a: Venusaur|Venusaur-Mega, F|364\/364
|move|p2a: Crawdaunt|Knock Off|p1a: Venusaur
|-damage|p1a: Venusaur|231\/364
|-damage|p2a: Crawdaunt|189\/329|[from] item: Life Orb
|
|turn|17
|
|move|p1a: Venusaur|Leech Seed|p2a: Crawdaunt|[miss]
|-miss|p1a: Venusaur|p2a: Crawdaunt
|move|p2a: Crawdaunt|Knock Off|p1a: Venusaur
|-damage|p1a: Venusaur|109\/364
|-damage|p2a: Crawdaunt|157\/329|[from] item: Life Orb
|
|turn|18
|
|switch|p2a: Talonflame|Talonflame, M|297\/297
|move|p1a: Venusaur|Synthesis|p1a: Venusaur
|-heal|p1a: Venusaur|291\/364
|
|turn|19
|
|switch|p1a: Arcanine|Arcanine, F|204\/384
|-ability|p1a: Arcanine|Intimidate|[of] p2a: Talonflame
|-unboost|p2a: Talonflame|atk|1
|move|p2a: Talonflame|Brave Bird|p1a: Arcanine
|-damage|p1a: Arcanine|69\/384
|-damage|p2a: Talonflame|248\/297|[from] item: Rocky Helmet|[of] p1a: Arcanine
|-damage|p2a: Talonflame|203\/297|[from] recoil|[of] p1a: Arcanine
|
|turn|20
|
|switch|p1a: Rotom-Wash|Rotom-Wash|162\/304 tox
|move|p2a: Talonflame|Brave Bird|p1a: Rotom-Wash
|-resisted|p1a: Rotom-Wash
|-damage|p1a: Rotom-Wash|81\/304 tox
|-damage|p2a: Talonflame|176\/297|[from] recoil|[of] p1a: Rotom-Wash
|
|-damage|p1a: Rotom-Wash|62\/304 tox|[from] psn
|turn|21
|
|switch|p1a: Arcanine|Arcanine, F|69\/384
|-ability|p1a: Arcanine|Intimidate|[of] p2a: Talonflame
|-unboost|p2a: Talonflame|atk|1
|move|p2a: Talonflame|Brave Bird|p1a: Arcanine
|-crit|p1a: Arcanine
|-damage|p1a: Arcanine|0 fnt
|-damage|p2a: Talonflame|127\/297|[from] item: Rocky Helmet|[of] p1a: Arcanine
|-damage|p2a: Talonflame|104\/297|[from] recoil|[of] p1a: Arcanine
|faint|p1a: Arcanine
|
|
|switch|p1a: Donphan|Donphan, M|123\/384
|turn|22
|
|switch|p2a: Sylveon|Sylveon, F|369\/394
|move|p1a: Donphan|Stealth Rock|p2a: Sylveon
|-sidestart|p2: apokemonkid|move: Stealth Rock
|
|-heal|p2a: Sylveon|393\/394|[from] item: Leftovers
|-heal|p1a: Donphan|147\/384|[from] item: Leftovers
|turn|23
|
|move|p2a: Sylveon|Hyper Voice|p1a: Donphan
|-damage|p1a: Donphan|0 fnt
|faint|p1a: Donphan
|
|-heal|p2a: Sylveon|394\/394|[from] item: Leftovers
|
|switch|p1a: Venusaur|Venusaur-Mega, F|291\/364
|turn|24
|
|move|p1a: Venusaur|Giga Drain|p2a: Sylveon
|-damage|p2a: Sylveon|333\/394
|-heal|p1a: Venusaur|322\/364|[from] drain|[of] p2a: Sylveon
|move|p2a: Sylveon|Wish|p2a: Sylveon
|
|-heal|p2a: Sylveon|357\/394|[from] item: Leftovers
|turn|25
|
|switch|p2a: Empoleon|Empoleon, M|139\/372 brn
|-damage|p2a: Empoleon|116\/372 brn|[from] Stealth Rock
|move|p1a: Venusaur|Sludge Bomb|p2a: Empoleon
|-immune|p2a: Empoleon|[msg]
|
|-heal|p2a: Empoleon|313\/372 brn|[from] move: Wish|[wisher] Sylveon
|-heal|p2a: Empoleon|336\/372 brn|[from] item: Leftovers
|-damage|p2a: Empoleon|290\/372 brn|[from] brn
|turn|26
|
|switch|p1a: Rotom-Wash|Rotom-Wash|62\/304 tox
|move|p2a: Empoleon|Defog|p1a: Rotom-Wash
|-unboost|p1a: Rotom-Wash|evasion|1
|-sideend|p2: apokemonkid|Stealth Rock|[from] move: Defog|[of] p2a: Empoleon
|
|-heal|p2a: Empoleon|313\/372 brn|[from] item: Leftovers
|-damage|p1a: Rotom-Wash|43\/304 tox|[from] psn
|-damage|p2a: Empoleon|267\/372 brn|[from] brn
|turn|27
|
|switch|p2a: Sylveon|Sylveon, F|357\/394
|move|p1a: Rotom-Wash|Rest|p1a: Rotom-Wash
|-status|p1a: Rotom-Wash|slp
|-heal|p1a: Rotom-Wash|304\/304 slp|[silent]
|-status|p1a: Rotom-Wash|slp|[from] move: Rest
|-enditem|p1a: Rotom-Wash|Chesto Berry|[eat]
|-curestatus|p1a: Rotom-Wash|slp
|
|-heal|p2a: Sylveon|381\/394|[from] item: Leftovers
|turn|28
|
|switch|p1a: Bisharp|Bisharp, M|334\/334
|move|p2a: Sylveon|Hyper Voice|p1a: Bisharp
|-damage|p1a: Bisharp|136\/334
|
|-heal|p1a: Bisharp|156\/334|[from] item: Leftovers
|-heal|p2a: Sylveon|394\/394|[from] item: Leftovers
|turn|29
|
|switch|p1a: Venusaur|Venusaur-Mega, F|322\/364
|switch|p2a: Empoleon|Empoleon, M|267\/372 brn
|
|-heal|p2a: Empoleon|290\/372 brn|[from] item: Leftovers
|-damage|p2a: Empoleon|244\/372 brn|[from] brn
|turn|30
|
|move|p1a: Venusaur|Leech Seed|p2a: Empoleon|[miss]
|-miss|p1a: Venusaur|p2a: Empoleon
|move|p2a: Empoleon|Scald|p1a: Venusaur
|-resisted|p1a: Venusaur
|-damage|p1a: Venusaur|278\/364
|
|-heal|p2a: Empoleon|267\/372 brn|[from] item: Leftovers
|-damage|p2a: Empoleon|221\/372 brn|[from] brn
|turn|31
|
|move|p1a: Venusaur|Giga Drain|p2a: Empoleon
|-damage|p2a: Empoleon|110\/372 brn
|-heal|p1a: Venusaur|334\/364|[from] drain|[of] p2a: Empoleon
|move|p2a: Empoleon|Scald|p1a: Venusaur
|-resisted|p1a: Venusaur
|-damage|p1a: Venusaur|263\/364
|
|-heal|p2a: Empoleon|133\/372 brn|[from] item: Leftovers
|-damage|p2a: Empoleon|87\/372 brn|[from] brn
|turn|32
|
|switch|p2a: Sylveon|Sylveon, F|394\/394
|move|p1a: Venusaur|Giga Drain|p2a: Sylveon
|-damage|p2a: Sylveon|334\/394
|-heal|p1a: Venusaur|293\/364|[from] drain|[of] p2a: Sylveon
|
|-heal|p2a: Sylveon|358\/394|[from] item: Leftovers
|turn|33
|
|move|p1a: Venusaur|Sludge Bomb|p2a: Sylveon
|-supereffective|p2a: Sylveon
|-damage|p2a: Sylveon|218\/394
|-status|p2a: Sylveon|psn
|move|p2a: Sylveon|Heal Bell|p2a: Sylveon
|-cureteam|p2a: Sylveon|[from] move: HealBell
|
|-heal|p2a: Sylveon|242\/394|[from] item: Leftovers
|turn|34
|
|move|p1a: Venusaur|Sludge Bomb|p2a: Sylveon
|-supereffective|p2a: Sylveon
|-damage|p2a: Sylveon|98\/394
|-status|p2a: Sylveon|psn
|move|p2a: Sylveon|Wish|p2a: Sylveon
|
|-heal|p2a: Sylveon|122\/394 psn|[from] item: Leftovers
|-damage|p2a: Sylveon|73\/394 psn|[from] psn
|turn|35
|
|move|p2a: Sylveon|Protect|p2a: Sylveon
|-singleturn|p2a: Sylveon|Protect
|move|p1a: Venusaur|Leech Seed|p2a: Sylveon
|-activate|p2a: Sylveon|Protect
|
|-heal|p2a: Sylveon|270\/394 psn|[from] move: Wish|[wisher] Sylveon
|-heal|p2a: Sylveon|294\/394 psn|[from] item: Leftovers
|-damage|p2a: Sylveon|245\/394 psn|[from] psn
|turn|36
|
|move|p1a: Venusaur|Sludge Bomb|p2a: Sylveon
|-supereffective|p2a: Sylveon
|-damage|p2a: Sylveon|89\/394 psn
|move|p2a: Sylveon|Wish|p2a: Sylveon
|
|-heal|p2a: Sylveon|113\/394 psn|[from] item: Leftovers
|-damage|p2a: Sylveon|64\/394 psn|[from] psn
|turn|37
|
|move|p2a: Sylveon|Protect|p2a: Sylveon
|-singleturn|p2a: Sylveon|Protect
|move|p1a: Venusaur|Leech Seed|p2a: Sylveon
|-activate|p2a: Sylveon|Protect
|
|-heal|p2a: Sylveon|261\/394 psn|[from] move: Wish|[wisher] Sylveon
|-heal|p2a: Sylveon|285\/394 psn|[from] item: Leftovers
|-damage|p2a: Sylveon|236\/394 psn|[from] psn
|turn|38
|
|move|p1a: Venusaur|Sludge Bomb|p2a: Sylveon
|-supereffective|p2a: Sylveon
|-damage|p2a: Sylveon|78\/394 psn
|move|p2a: Sylveon|Wish|p2a: Sylveon
|
|-heal|p2a: Sylveon|102\/394 psn|[from] item: Leftovers
|-damage|p2a: Sylveon|53\/394 psn|[from] psn
|turn|39
|
|switch|p2a: Talonflame|Talonflame, M|104\/297
|move|p1a: Venusaur|Leech Seed|p2a: Talonflame
|-start|p2a: Talonflame|move: Leech Seed
|
|-heal|p2a: Talonflame|297\/297|[from] move: Wish|[wisher] Sylveon
|-damage|p2a: Talonflame|260\/297|[from] Leech Seed|[of] p1a: Venusaur
|-heal|p1a: Venusaur|330\/364|[silent]
|turn|40
|
|switch|p1a: Rotom-Wash|Rotom-Wash|304\/304
|move|p2a: Talonflame|U-turn|p1a: Rotom-Wash
|-damage|p1a: Rotom-Wash|203\/304
|
|switch|p2a: Empoleon|Empoleon, M|87\/372
|
|-heal|p2a: Empoleon|110\/372|[from] item: Leftovers
|turn|41
|
|move|p1a: Rotom-Wash|Volt Switch|p2a: Empoleon
|-supereffective|p2a: Empoleon
|-damage|p2a: Empoleon|0 fnt
|faint|p2a: Empoleon
|
|switch|p1a: Bisharp|Bisharp, M|156\/334
|
|-heal|p1a: Bisharp|176\/334|[from] item: Leftovers
|
|switch|p2a: Talonflame|Talonflame, M|260\/297
|turn|42
|
|move|p2a: Talonflame|Brave Bird|p1a: Bisharp
|-resisted|p1a: Bisharp
|-damage|p1a: Bisharp|47\/334
|-damage|p2a: Talonflame|217\/297|[from] recoil|[of] p1a: Bisharp
|move|p1a: Bisharp|Sucker Punch|p2a: Talonflame
|-fail|p2a: Talonflame
|
|-heal|p1a: Bisharp|67\/334|[from] item: Leftovers
|turn|43
|
|switch|p1a: Rotom-Wash|Rotom-Wash|203\/304
|move|p2a: Talonflame|Brave Bird|p1a: Rotom-Wash
|-resisted|p1a: Rotom-Wash
|-damage|p1a: Rotom-Wash|86\/304
|-damage|p2a: Talonflame|178\/297|[from] recoil|[of] p1a: Rotom-Wash
|
|turn|44
|
|move|p2a: Talonflame|Brave Bird|p1a: Rotom-Wash
|-resisted|p1a: Rotom-Wash
|-damage|p1a: Rotom-Wash|0 fnt
|-damage|p2a: Talonflame|150\/297|[from] recoil|[of] p1a: Rotom-Wash
|faint|p1a: Rotom-Wash
|
|
|switch|p1a: Venusaur|Venusaur-Mega, F|330\/364
|turn|45
|c|âasimmmm|gg
|
|switch|p2a: Sylveon|Sylveon, F|53\/394 psn
|move|p1a: Venusaur|Sludge Bomb|p2a: Sylveon
|-supereffective|p2a: Sylveon
|-damage|p2a: Sylveon|0 fnt
|faint|p2a: Sylveon
|
|
|switch|p2a: Talonflame|Talonflame, M|150\/297
|turn|46
|
|move|p2a: Talonflame|U-turn|p1a: Venusaur
|-damage|p1a: Venusaur|271\/364
|
|switch|p2a: Crawdaunt|Crawdaunt, F|157\/329
|move|p1a: Venusaur|Sludge Bomb|p2a: Crawdaunt
|-damage|p2a: Crawdaunt|0 fnt
|faint|p2a: Crawdaunt
|
|
|switch|p2a: Talonflame|Talonflame, M|150\/297
|turn|47
|c|âasimmmm|da fug
|
|move|p2a: Talonflame|Brave Bird|p1a: Venusaur
|-supereffective|p1a: Venusaur
|-damage|p1a: Venusaur|0 fnt
|-damage|p2a: Talonflame|61\/297|[from] recoil|[of] p1a: Venusaur
|faint|p1a: Venusaur
|
|c|âapokemonkid|just making sure this kills lol
|
|switch|p1a: Bisharp|Bisharp, M|67\/334
|turn|48
|c|âasimmmm|oh lol
|c|âapokemonkid|i think last time it did 80%
|
|move|p2a: Talonflame|Brave Bird|p1a: Bisharp
|-resisted|p1a: Bisharp
|-damage|p1a: Bisharp|0 fnt
|-damage|p2a: Talonflame|39\/297|[from] recoil|[of] p1a: Bisharp
|faint|p1a: Bisharp
|
|win|apokemonkid
|raw|Ladder updating...
|c|âapokemonkid|lol
|raw|asimmmm's rating: 1455 &rarr; <strong>1441<\/strong><br \/>(-14 for losing)
|raw|apokemonkid's rating: 1560 &rarr; <strong>1575<\/strong><br \/>(+15 for winning)
|c|âapokemonkid|gg