|join|BeFat
|join|apokemonkid
|player|p1|BeFat|266
|player|p2|apokemonkid|129
|gametype|singles
|gen|6
|tier|OU
|rated
|clearpoke
|poke|p1|Scizor, M
|poke|p1|Magnezone
|poke|p1|Landorus-Therian, M
|poke|p1|Gyarados, M
|poke|p1|Sylveon, F
|poke|p1|Rotom-Wash
|poke|p2|Charizard, M
|poke|p2|Clefable, F
|poke|p2|Gothitelle, M
|poke|p2|Heatran, F
|poke|p2|Zapdos
|poke|p2|Ferrothorn, M
|rule|Swagger Clause: Swagger is banned
|rule|Baton Pass Clause: Limit one PokÃ©mon knowing Baton Pass
|rule|Sleep Clause Mod: Limit one foe put to sleep
|rule|Species Clause: Limit one of each PokÃ©mon
|rule|OHKO Clause: OHKO moves are banned
|rule|Moody Clause: Moody is banned
|rule|Evasion Moves Clause: Evasion moves are banned
|rule|Endless Battle Clause: Forcing endless battles is banned
|rule|HP Percentage Mod: HP is shown in percentages
|teampreview
|
|start
|switch|p1a: Gyarados|Gyarados, M|331\/331
|switch|p2a: Clefable|Clefable, F|394\/394
|-ability|p1a: Gyarados|Intimidate|[of] p2a: Clefable
|-unboost|p2a: Clefable|atk|1
|turn|1
|
|move|p1a: Gyarados|Substitute|p1a: Gyarados
|-start|p1a: Gyarados|Substitute
|-damage|p1a: Gyarados|249\/331
|move|p2a: Clefable|Calm Mind|p2a: Clefable
|-boost|p2a: Clefable|spa|1
|-boost|p2a: Clefable|spd|1
|
|turn|2
|
|move|p1a: Gyarados|Dragon Dance|p1a: Gyarados
|-boost|p1a: Gyarados|atk|1
|-boost|p1a: Gyarados|spe|1
|move|p2a: Clefable|Moonblast|p1a: Gyarados
|-end|p1a: Gyarados|Substitute
|
|turn|3
|
|move|p1a: Gyarados|Waterfall|p2a: Clefable
|-damage|p2a: Clefable|195\/394
|cant|p2a: Clefable|flinch
|
|-heal|p2a: Clefable|219\/394|[from] item: Leftovers
|turn|4
|
|detailschange|p1a: Gyarados|Gyarados-Mega, M
|-mega|p1a: Gyarados|Gyarados|Gyaradosite
|-ability|p1a: Gyarados|Mold Breaker
|move|p1a: Gyarados|Waterfall|p2a: Clefable
|-damage|p2a: Clefable|0 fnt
|faint|p2a: Clefable
|
|
|switch|p2a: Ferrothorn|Ferrothorn, M|351\/351
|turn|5
|
|move|p1a: Gyarados|Substitute|p1a: Gyarados
|-start|p1a: Gyarados|Substitute
|-damage|p1a: Gyarados|167\/331
|move|p2a: Ferrothorn|Power Whip|p1a: Gyarados
|-crit|p1a: Gyarados
|-supereffective|p1a: Gyarados
|-end|p1a: Gyarados|Substitute
|-damage|p2a: Ferrothorn|316\/351|[from] item: Life Orb
|
|turn|6
|
|switch|p1a: Magnezone|Magnezone|281\/281
|move|p2a: Ferrothorn|Power Whip|p1a: Magnezone
|-resisted|p1a: Magnezone
|-damage|p1a: Magnezone|171\/281
|-damage|p2a: Ferrothorn|281\/351|[from] item: Life Orb
|
|turn|7
|
|move|p1a: Magnezone|Hidden Power|p2a: Ferrothorn
|-supereffective|p2a: Ferrothorn
|-damage|p2a: Ferrothorn|41\/351
|move|p2a: Ferrothorn|Knock Off|p1a: Magnezone
|-damage|p1a: Magnezone|59\/281
|-enditem|p1a: Magnezone|Choice Scarf|[from] move: Knock Off|[of] p2a: Ferrothorn
|-damage|p2a: Ferrothorn|6\/351|[from] item: Life Orb
|
|turn|8
|
|move|p1a: Magnezone|Volt Switch|p2a: Ferrothorn
|-resisted|p2a: Ferrothorn
|-damage|p2a: Ferrothorn|0 fnt
|faint|p2a: Ferrothorn
|
|switch|p1a: Rotom-Wash|Rotom-Wash|242\/242
|
|
|switch|p2a: Charizard|Charizard, M|359\/359
|turn|9
|
|detailschange|p2a: Charizard|Charizard-Mega-X, M
|-mega|p2a: Charizard|Charizard|Charizardite X
|move|p1a: Rotom-Wash|Hydro Pump|p2a: Charizard
|-damage|p2a: Charizard|218\/359
|move|p2a: Charizard|Will-O-Wisp|p1a: Rotom-Wash
|-status|p1a: Rotom-Wash|brn
|
|-damage|p1a: Rotom-Wash|212\/242 brn|[from] brn
|turn|10
|
|switch|p1a: Landorus-Therian|Landorus-Therian, M|381\/381
|-ability|p1a: Landorus-Therian|Intimidate|[of] p2a: Charizard
|-unboost|p2a: Charizard|atk|1
|move|p2a: Charizard|Roost|p2a: Charizard
|-heal|p2a: Charizard|359\/359
|
|turn|11
|
|move|p2a: Charizard|Will-O-Wisp|p1a: Landorus-Therian
|-status|p1a: Landorus-Therian|brn
|move|p1a: Landorus-Therian|Stealth Rock|p2a: Charizard
|-sidestart|p2: apokemonkid|move: Stealth Rock
|
|-damage|p1a: Landorus-Therian|334\/381 brn|[from] brn
|turn|12
|
|switch|p2a: Zapdos|Zapdos|383\/383
|-damage|p2a: Zapdos|288\/383|[from] Stealth Rock
|-ability|p2a: Zapdos|Pressure
|switch|p1a: Sylveon|Sylveon, F|394\/394
|
|-heal|p2a: Zapdos|311\/383|[from] item: Leftovers
|turn|13
|
|move|p2a: Zapdos|Defog|p1a: Sylveon
|-unboost|p1a: Sylveon|evasion|1
|-sideend|p2: apokemonkid|Stealth Rock|[from] move: Defog|[of] p2a: Zapdos
|move|p1a: Sylveon|Heal Bell|p1a: Sylveon
|-cureteam|p1a: Sylveon|[from] move: HealBell
|
|-heal|p2a: Zapdos|334\/383|[from] item: Leftovers
|turn|14
|
|switch|p2a: Gothitelle|Gothitelle, M|343\/343
|move|p1a: Sylveon|Wish|p1a: Sylveon
|
|turn|15
|
|move|p2a: Gothitelle|Psyshock|p1a: Sylveon
|-damage|p1a: Sylveon|147\/394
|move|p1a: Sylveon|Hyper Voice|p2a: Gothitelle
|-damage|p2a: Gothitelle|193\/343
|
|-heal|p1a: Sylveon|344\/394|[from] move: Wish|[wisher] Sylveon
|-heal|p1a: Sylveon|368\/394|[from] item: Leftovers
|turn|16
|
|move|p2a: Gothitelle|Psyshock|p1a: Sylveon
|-damage|p1a: Sylveon|115\/394
|move|p1a: Sylveon|Hyper Voice|p2a: Gothitelle
|-damage|p2a: Gothitelle|60\/343
|
|-heal|p1a: Sylveon|139\/394|[from] item: Leftovers
|turn|17
|
|move|p1a: Sylveon|Protect|p1a: Sylveon
|-singleturn|p1a: Sylveon|Protect
|move|p2a: Gothitelle|Psyshock|p1a: Sylveon
|-activate|p1a: Sylveon|Protect
|
|-heal|p1a: Sylveon|163\/394|[from] item: Leftovers
|turn|18
|
|move|p2a: Gothitelle|Psyshock|p1a: Sylveon
|-damage|p1a: Sylveon|0 fnt
|faint|p1a: Sylveon
|
|
|switch|p1a: Gyarados|Gyarados-Mega, M|167\/331
|-ability|p1a: Gyarados|Mold Breaker
|turn|19
|
|switch|p2a: Zapdos|Zapdos|334\/383
|-ability|p2a: Zapdos|Pressure
|move|p1a: Gyarados|Waterfall|p2a: Zapdos
|-damage|p2a: Zapdos|169\/383
|
|-heal|p2a: Zapdos|192\/383|[from] item: Leftovers
|turn|20
|
|switch|p1a: Landorus-Therian|Landorus-Therian, M|334\/381
|-ability|p1a: Landorus-Therian|Intimidate|[of] p2a: Zapdos
|-unboost|p2a: Zapdos|atk|1
|move|p2a: Zapdos|Roost|p2a: Zapdos
|-heal|p2a: Zapdos|383\/383
|
|turn|21
|
|move|p2a: Zapdos|Heat Wave|p1a: Landorus-Therian
|-miss|p2a: Zapdos|p1a: Landorus-Therian
|move|p1a: Landorus-Therian|Knock Off|p2a: Zapdos
|-damage|p2a: Zapdos|256\/383
|-enditem|p2a: Zapdos|Leftovers|[from] move: Knock Off|[of] p1a: Landorus-Therian
|
|turn|22
|
|switch|p1a: Rotom-Wash|Rotom-Wash|212\/242
|move|p2a: Zapdos|Heat Wave|p1a: Rotom-Wash
|-resisted|p1a: Rotom-Wash
|-damage|p1a: Rotom-Wash|168\/242
|
|turn|23
|
|move|p1a: Rotom-Wash|Hydro Pump|p2a: Zapdos
|-damage|p2a: Zapdos|96\/383
|move|p2a: Zapdos|Roost|p2a: Zapdos
|-heal|p2a: Zapdos|288\/383
|
|turn|24
|
|move|p1a: Rotom-Wash|Hydro Pump|p2a: Zapdos
|-damage|p2a: Zapdos|108\/383
|move|p2a: Zapdos|Volt Switch|p1a: Rotom-Wash
|-damage|p1a: Rotom-Wash|78\/242
|
|switch|p2a: Charizard|Charizard-Mega-X, M|359\/359
|
|turn|25
|
|move|p1a: Rotom-Wash|Hydro Pump|p2a: Charizard|[miss]
|-miss|p1a: Rotom-Wash|p2a: Charizard
|move|p2a: Charizard|Dragon Claw|p1a: Rotom-Wash
|-damage|p1a: Rotom-Wash|0 fnt
|faint|p1a: Rotom-Wash
|
|
|switch|p1a: Gyarados|Gyarados-Mega, M|167\/331
|-ability|p1a: Gyarados|Mold Breaker
|turn|26
|
|move|p1a: Gyarados|Substitute|p1a: Gyarados
|-start|p1a: Gyarados|Substitute
|-damage|p1a: Gyarados|85\/331
|move|p2a: Charizard|Dragon Claw|p1a: Gyarados
|-end|p1a: Gyarados|Substitute
|
|turn|27
|
|move|p1a: Gyarados|Waterfall|p2a: Charizard
|-damage|p2a: Charizard|182\/359
|move|p2a: Charizard|Dragon Claw|p1a: Gyarados
|-damage|p1a: Gyarados|0 fnt
|faint|p1a: Gyarados
|
|
|switch|p1a: Landorus-Therian|Landorus-Therian, M|334\/381
|-ability|p1a: Landorus-Therian|Intimidate|[of] p2a: Charizard
|-unboost|p2a: Charizard|atk|1
|turn|28
|
|switch|p2a: Gothitelle|Gothitelle, M|60\/343
|move|p1a: Landorus-Therian|Earthquake|p2a: Gothitelle
|-damage|p2a: Gothitelle|0 fnt
|faint|p2a: Gothitelle
|
|
|switch|p2a: Zapdos|Zapdos|108\/383
|-ability|p2a: Zapdos|Pressure
|turn|29
|
|move|p2a: Zapdos|Roost|p2a: Zapdos
|-heal|p2a: Zapdos|300\/383
|move|p1a: Landorus-Therian|Knock Off|p2a: Zapdos
|-damage|p2a: Zapdos|225\/383
|
|turn|30
|
|move|p2a: Zapdos|Heat Wave|p1a: Landorus-Therian
|-damage|p1a: Landorus-Therian|232\/381
|move|p1a: Landorus-Therian|Knock Off|p2a: Zapdos
|-damage|p2a: Zapdos|150\/383
|
|turn|31
|
|move|p2a: Zapdos|Heat Wave|p1a: Landorus-Therian
|-damage|p1a: Landorus-Therian|120\/381
|move|p1a: Landorus-Therian|Knock Off|p2a: Zapdos
|-damage|p2a: Zapdos|65\/383
|
|turn|32
|
|move|p2a: Zapdos|Roost|p2a: Zapdos
|-heal|p2a: Zapdos|257\/383
|move|p1a: Landorus-Therian|Knock Off|p2a: Zapdos
|-damage|p2a: Zapdos|171\/383
|
|turn|33
|
|move|p2a: Zapdos|Heat Wave|p1a: Landorus-Therian
|-crit|p1a: Landorus-Therian
|-damage|p1a: Landorus-Therian|0 fnt
|faint|p1a: Landorus-Therian
|
|
|switch|p1a: Magnezone|Magnezone|59\/281
|turn|34
|
|move|p2a: Zapdos|Roost|p2a: Zapdos
|-heal|p2a: Zapdos|363\/383
|move|p1a: Magnezone|Thunderbolt|p2a: Zapdos
|-resisted|p2a: Zapdos
|-damage|p2a: Zapdos|284\/383
|
|turn|35
|
|move|p2a: Zapdos|Heat Wave|p1a: Magnezone
|-supereffective|p1a: Magnezone
|-damage|p1a: Magnezone|0 fnt
|faint|p1a: Magnezone
|
|
|switch|p1a: Scizor|Scizor, M|343\/343
|turn|36
|
|move|p1a: Scizor|Bullet Punch|p2a: Zapdos
|-resisted|p2a: Zapdos
|-damage|p2a: Zapdos|212\/383
|move|p2a: Zapdos|Heat Wave|p1a: Scizor
|-supereffective|p1a: Scizor
|-damage|p1a: Scizor|0 fnt
|faint|p1a: Scizor
|
|win|apokemonkid
|raw|Ladder updating...
|raw|BeFat's rating: 1293 &rarr; <strong>1270<\/strong><br \/>(-23 for losing)
|raw|apokemonkid's rating: 1321 &rarr; <strong>1340<\/strong><br \/>(+19 for winning)
|leave|BeFat
|player|p1
|c|âapokemonkid|gg