|join|Yin
|join|Aegislash Returns
|player|p1|Yin|279
|player|p2|Aegislash Returns|274
|gametype|singles
|gen|6
|tier|OU
|clearpoke
|poke|p1|Scizor, F
|poke|p1|Gothitelle, F
|poke|p1|Chansey, F
|poke|p1|Alomomola, F
|poke|p1|Cresselia, F
|poke|p1|Zapdos
|poke|p2|Doublade, M, shiny
|poke|p2|Gliscor, M
|poke|p2|Venusaur, F, shiny
|poke|p2|Gothitelle, M
|poke|p2|Heatran, M
|poke|p2|Mandibuzz, F
|rule|Swagger Clause: Swagger is banned
|rule|Baton Pass Clause: Limit one PokÃ©mon knowing Baton Pass
|rule|Sleep Clause Mod: Limit one foe put to sleep
|rule|Species Clause: Limit one of each PokÃ©mon
|rule|OHKO Clause: OHKO moves are banned
|rule|Moody Clause: Moody is banned
|rule|Evasion Moves Clause: Evasion moves are banned
|rule|Endless Battle Clause: Forcing endless battles is banned
|rule|HP Percentage Mod: HP is shown in percentages
|teampreview
|c|âAegislash Returns|gl hf :]
|join|blasphereion
|join|bossboss
|c|âYin|you too
|c| blasphereion|i love yin
|
|start
|switch|p1a: Zapdos|Zapdos|384\/384
|switch|p2a: Golbat.|Gliscor, M|352\/352
|-ability|p1a: Zapdos|Pressure
|turn|1
|
|switch|p1a: Scizor|Scizor, F|344\/344
|move|p2a: Golbat.|Protect|p2a: Golbat.
|-fail|p2a: Golbat.
|
|-status|p2a: Golbat.|tox|[from] item: Toxic Orb
|turn|2
Yin made this room private.
|
|switch|p2a: Honchkrow.|Mandibuzz, F|423\/423
|detailschange|p1a: Scizor|Scizor-Mega, F
|message|Scizor has Mega Evolved into Mega Scizor!
|move|p1a: Scizor|Swords Dance|p1a: Scizor
|-boost|p1a: Scizor|atk|2
|
|turn|3
|
|switch|p1a: Zapdos|Zapdos|384\/384
|-ability|p1a: Zapdos|Pressure
|move|p2a: Honchkrow.|Foul Play|p1a: Zapdos
|-damage|p1a: Zapdos|321\/384
|
|-heal|p1a: Zapdos|345\/384|[from] item: Leftovers
|turn|4
|
|switch|p2a: Golbat.|Gliscor, M|352\/352 tox
|move|p1a: Zapdos|Volt Switch|p2a: Golbat.
|-immune|p2a: Golbat.|[msg]
|
|-heal|p1a: Zapdos|369\/384|[from] item: Leftovers
|turn|5
|
|switch|p2a: Magmar.|Heatran, M|385\/385
|switch|p1a: Scizor|Scizor-Mega, F|344\/344
|
|turn|6
|
|switch|p1a: Gothitelle|Gothitelle, F|301\/301
|move|p2a: Magmar.|Lava Plume|p1a: Gothitelle
|-damage|p1a: Gothitelle|187\/301
|
|turn|7
|
|move|p2a: Magmar.|Protect|p2a: Magmar.
|-singleturn|p2a: Magmar.|Protect
|move|p1a: Gothitelle|Trick|p2a: Magmar.
|-activate|p2a: Magmar.|Protect
|
|turn|8
|
|move|p1a: Gothitelle|Trick|p2a: Magmar.
|-activate|p1a: Gothitelle|move: Trick|[of] p2a: Magmar.
|-item|p2a: Magmar.|Choice Scarf|[from] move: Trick
|-item|p1a: Gothitelle|Leftovers|[from] move: Trick
|move|p2a: Magmar.|Lava Plume|p1a: Gothitelle
|-damage|p1a: Gothitelle|70\/301
|-status|p1a: Gothitelle|brn
|
|-heal|p1a: Gothitelle|88\/301 brn|[from] item: Leftovers
|-damage|p1a: Gothitelle|51\/301 brn|[from] brn
|turn|9
|
|switch|p1a: Chansey|Chansey, F|704\/704
|move|p2a: Magmar.|Lava Plume|p1a: Chansey
|-damage|p1a: Chansey|629\/704
|
|turn|10
|
|switch|p2a: Wobbuffet.|Gothitelle, M|301\/301
|switch|p1a: Zapdos|Zapdos|369\/384
|-ability|p1a: Zapdos|Pressure
|
|-heal|p1a: Zapdos|384\/384|[from] item: Leftovers
|turn|11
|
|switch|p2a: Magmar.|Heatran, M|385\/385
|move|p1a: Zapdos|Volt Switch|p2a: Magmar.
|-damage|p2a: Magmar.|315\/385
|
|switch|p1a: Cresselia|Cresselia, F|444\/444
|
|turn|12
|
|move|p2a: Magmar.|Lava Plume|p1a: Cresselia
|-damage|p1a: Cresselia|372\/444
|move|p1a: Cresselia|Skill Swap|p2a: Magmar.
|-activate|p1a: Cresselia|move: Skill Swap|Flash Fire|Levitate|[of] p2a: Magmar.
|
|-heal|p1a: Cresselia|399\/444|[from] item: Leftovers
|turn|13
|
|switch|p2a: Meganium.|Venusaur, F, shiny|364\/364
|move|p1a: Cresselia|Skill Swap|p2a: Meganium.
|-activate|p1a: Cresselia|move: Skill Swap|Overgrow|Flash Fire|[of] p2a: Meganium.
|
|-heal|p1a: Cresselia|426\/444|[from] item: Leftovers
|turn|14
|
|switch|p1a: Zapdos|Zapdos|384\/384
|-ability|p1a: Zapdos|Pressure
|detailschange|p2a: Meganium.|Venusaur-Mega, F, shiny
|message|Venusaur has Mega Evolved into Mega Venusaur!
|move|p2a: Meganium.|Leech Seed|p1a: Zapdos
|-start|p1a: Zapdos|move: Leech Seed
|
|-damage|p1a: Zapdos|336\/384|[from] Leech Seed|[of] p2a: Meganium.
|turn|15
|
|switch|p2a: Magmar.|Heatran, M|315\/385
|move|p1a: Zapdos|Volt Switch|p2a: Magmar.
|-damage|p2a: Magmar.|242\/385
|
|switch|p1a: Chansey|Chansey, F|629\/704
|
|turn|16
|
|switch|p1a: Zapdos|Zapdos|336\/384
|-ability|p1a: Zapdos|Pressure
|move|p2a: Magmar.|Lava Plume|p1a: Zapdos
|-damage|p1a: Zapdos|198\/384
|
|-heal|p1a: Zapdos|222\/384|[from] item: Leftovers
|turn|17
|
|move|p2a: Magmar.|Lava Plume|p1a: Zapdos
|-damage|p1a: Zapdos|93\/384
|move|p1a: Zapdos|Roost|p1a: Zapdos
|-heal|p1a: Zapdos|285\/384
|
|-heal|p1a: Zapdos|309\/384|[from] item: Leftovers
|turn|18
|
|move|p2a: Magmar.|Lava Plume|p1a: Zapdos
|-damage|p1a: Zapdos|171\/384
|move|p1a: Zapdos|Volt Switch|p2a: Magmar.
|-damage|p2a: Magmar.|173\/385
|
|switch|p1a: Cresselia|Cresselia, F|426\/444
|
|-heal|p1a: Cresselia|444\/444|[from] item: Leftovers
|turn|19
|
|switch|p2a: Aegislash.|Doublade, M, shiny|322\/322
|move|p1a: Cresselia|Psyshock|p2a: Aegislash.
|-resisted|p2a: Aegislash.
|-damage|p2a: Aegislash.|306\/322
|
|turn|20
|
|switch|p1a: Scizor|Scizor-Mega, F|344\/344
|move|p2a: Aegislash.|Toxic|p1a: Scizor
|-fail|p1a: Scizor
|
|turn|21
|
|switch|p1a: Zapdos|Zapdos|171\/384
|-ability|p1a: Zapdos|Pressure
|switch|p2a: Honchkrow.|Mandibuzz, F|423\/423
|
|-heal|p1a: Zapdos|195\/384|[from] item: Leftovers
|turn|22
|
|move|p1a: Zapdos|Roost|p1a: Zapdos
|-heal|p1a: Zapdos|384\/384
|move|p2a: Honchkrow.|Toxic|p1a: Zapdos
|-status|p1a: Zapdos|tox
|
|-damage|p1a: Zapdos|360\/384 tox|[from] psn
|turn|23
|
|switch|p1a: Scizor|Scizor-Mega, F|344\/344
|switch|p2a: Golbat.|Gliscor, M|352\/352 tox
|
|turn|24
|
|switch|p2a: Honchkrow.|Mandibuzz, F|423\/423
|move|p1a: Scizor|Swords Dance|p1a: Scizor
|-boost|p1a: Scizor|atk|2
|
|turn|25
|
|switch|p1a: Zapdos|Zapdos|360\/384 tox
|-ability|p1a: Zapdos|Pressure
|move|p2a: Honchkrow.|Foul Play|p1a: Zapdos
|-damage|p1a: Zapdos|297\/384 tox
|
|-heal|p1a: Zapdos|321\/384 tox|[from] item: Leftovers
|-damage|p1a: Zapdos|297\/384 tox|[from] psn
|turn|26
|
|switch|p1a: Scizor|Scizor-Mega, F|344\/344
|switch|p2a: Golbat.|Gliscor, M|352\/352 tox
|
|turn|27
|
|switch|p2a: Honchkrow.|Mandibuzz, F|423\/423
|switch|p1a: Gothitelle|Gothitelle, F|51\/301 brn
|
|-heal|p1a: Gothitelle|69\/301 brn|[from] item: Leftovers
|-damage|p1a: Gothitelle|32\/301 brn|[from] brn
|turn|28
|
|move|p1a: Gothitelle|Rest|p1a: Gothitelle
|-status|p1a: Gothitelle|slp
|-heal|p1a: Gothitelle|301\/301 slp|[silent]
|-status|p1a: Gothitelle|slp|[from] move: Rest
|move|p2a: Honchkrow.|Foul Play|p1a: Gothitelle
|-supereffective|p1a: Gothitelle
|-damage|p1a: Gothitelle|199\/301 slp
|
|-heal|p1a: Gothitelle|217\/301 slp|[from] item: Leftovers
|turn|29
|
|switch|p1a: Chansey|Chansey, F|629\/704
|move|p2a: Honchkrow.|Foul Play|p1a: Chansey
|-damage|p1a: Chansey|620\/704
|
|turn|30
|
|switch|p2a: Wobbuffet.|Gothitelle, M|301\/301
|switch|p1a: Zapdos|Zapdos|297\/384 tox
|-ability|p1a: Zapdos|Pressure
|
|-heal|p1a: Zapdos|321\/384 tox|[from] item: Leftovers
|-damage|p1a: Zapdos|297\/384 tox|[from] psn
|turn|31
|
|switch|p2a: Golbat.|Gliscor, M|352\/352 tox
|move|p1a: Zapdos|Volt Switch|p2a: Golbat.
|-immune|p2a: Golbat.|[msg]
|
|-heal|p1a: Zapdos|321\/384 tox|[from] item: Leftovers
|-damage|p1a: Zapdos|273\/384 tox|[from] psn
|turn|32
|
|switch|p2a: Magmar.|Heatran, M|173\/385
|switch|p1a: Scizor|Scizor-Mega, F|344\/344
|
|turn|33
|
|switch|p1a: Cresselia|Cresselia, F|444\/444
|move|p2a: Magmar.|Stealth Rock|p1a: Cresselia
|-sidestart|p1: Yin|move: Stealth Rock
|
|turn|34
|
|switch|p2a: Meganium.|Venusaur-Mega, F, shiny|364\/364
|switch|p1a: Zapdos|Zapdos|273\/384 tox
|-damage|p1a: Zapdos|177\/384 tox|[from] Stealth Rock
|-ability|p1a: Zapdos|Pressure
|
|-heal|p1a: Zapdos|201\/384 tox|[from] item: Leftovers
|-damage|p1a: Zapdos|177\/384 tox|[from] psn
|turn|35
|
|move|p1a: Zapdos|Roost|p1a: Zapdos
|-heal|p1a: Zapdos|369\/384 tox
|move|p2a: Meganium.|Sludge Bomb|p1a: Zapdos
|-damage|p1a: Zapdos|243\/384 tox
|
|-heal|p1a: Zapdos|267\/384 tox|[from] item: Leftovers
|-damage|p1a: Zapdos|219\/384 tox|[from] psn
|turn|36
|
|move|p1a: Zapdos|Defog|p2a: Meganium.
|-unboost|p2a: Meganium.|evasion|1
|-sideend|p1: Yin|Stealth Rock|[from] move: Defog|[of] p1a: Zapdos
|move|p2a: Meganium.|Sludge Bomb|p1a: Zapdos
|-damage|p1a: Zapdos|93\/384 tox
|
|-heal|p1a: Zapdos|117\/384 tox|[from] item: Leftovers
|-damage|p1a: Zapdos|45\/384 tox|[from] psn
|turn|37
|
|switch|p1a: Cresselia|Cresselia, F|444\/444
|move|p2a: Meganium.|Sludge Bomb|p1a: Cresselia
|-damage|p1a: Cresselia|375\/444
|
|-heal|p1a: Cresselia|402\/444|[from] item: Leftovers
|turn|38
|
|move|p1a: Cresselia|Psyshock|p2a: Meganium.
|-supereffective|p2a: Meganium.
|-damage|p2a: Meganium.|244\/364
|move|p2a: Meganium.|Leech Seed|p1a: Cresselia
|-start|p1a: Cresselia|move: Leech Seed
|
|-heal|p1a: Cresselia|429\/444|[from] item: Leftovers
|-damage|p1a: Cresselia|374\/444|[from] Leech Seed|[of] p2a: Meganium.
|-heal|p2a: Meganium.|299\/364|[silent]
|turn|39
|
|switch|p2a: Magmar.|Heatran, M|173\/385
|move|p1a: Cresselia|Psyshock|p2a: Magmar.
|-resisted|p2a: Magmar.
|-damage|p2a: Magmar.|139\/385
|
|-heal|p1a: Cresselia|401\/444|[from] item: Leftovers
|-damage|p1a: Cresselia|346\/444|[from] Leech Seed|[of] p2a: Magmar.
|-heal|p2a: Magmar.|194\/385|[silent]
|turn|40
|
|switch|p1a: Alomomola|Alomomola, F|534\/534
|move|p2a: Magmar.|Lava Plume|p1a: Alomomola
|-resisted|p1a: Alomomola
|-damage|p1a: Alomomola|429\/534
|
|-heal|p1a: Alomomola|462\/534|[from] item: Leftovers
|turn|41
|
|switch|p2a: Meganium.|Venusaur-Mega, F, shiny|299\/364
|switch|p1a: Cresselia|Cresselia, F|346\/444
|
|-heal|p1a: Cresselia|373\/444|[from] item: Leftovers
|turn|42
|
|move|p1a: Cresselia|Psyshock|p2a: Meganium.
|-supereffective|p2a: Meganium.
|-damage|p2a: Meganium.|171\/364
|move|p2a: Meganium.|Leech Seed|p1a: Cresselia
|-start|p1a: Cresselia|move: Leech Seed
|
|-heal|p1a: Cresselia|400\/444|[from] item: Leftovers
|-damage|p1a: Cresselia|345\/444|[from] Leech Seed|[of] p2a: Meganium.
|-heal|p2a: Meganium.|226\/364|[silent]
|turn|43
|
|switch|p2a: Magmar.|Heatran, M|194\/385
|move|p1a: Cresselia|Psyshock|p2a: Magmar.
|-resisted|p2a: Magmar.
|-damage|p2a: Magmar.|158\/385
|
|-heal|p1a: Cresselia|372\/444|[from] item: Leftovers
|-damage|p1a: Cresselia|317\/444|[from] Leech Seed|[of] p2a: Magmar.
|-heal|p2a: Magmar.|213\/385|[silent]
|turn|44
|
|move|p2a: Magmar.|Stealth Rock|p1a: Cresselia
|-sidestart|p1: Yin|move: Stealth Rock
|move|p1a: Cresselia|Skill Swap|p2a: Magmar.
|-activate|p1a: Cresselia|move: Skill Swap|Flash Fire|Levitate|[of] p2a: Magmar.
|
|-heal|p1a: Cresselia|344\/444|[from] item: Leftovers
|-damage|p1a: Cresselia|289\/444|[from] Leech Seed|[of] p2a: Magmar.
|-heal|p2a: Magmar.|268\/385|[silent]
|turn|45
|
|switch|p2a: Golbat.|Gliscor, M|352\/352 tox
|switch|p1a: Scizor|Scizor-Mega, F|344\/344
|-damage|p1a: Scizor|301\/344|[from] Stealth Rock
|
|turn|46
|
|switch|p2a: Honchkrow.|Mandibuzz, F|423\/423
|switch|p1a: Cresselia|Cresselia, F|289\/444
|-damage|p1a: Cresselia|234\/444|[from] Stealth Rock
|
|-heal|p1a: Cresselia|261\/444|[from] item: Leftovers
|turn|47
|
|switch|p1a: Alomomola|Alomomola, F|534\/534
|-damage|p1a: Alomomola|468\/534|[from] Stealth Rock
|move|p2a: Honchkrow.|Toxic|p1a: Alomomola
|-status|p1a: Alomomola|tox
|
|-heal|p1a: Alomomola|501\/534 tox|[from] item: Leftovers
|-damage|p1a: Alomomola|468\/534 tox|[from] psn
|turn|48
|
|switch|p2a: Meganium.|Venusaur-Mega, F, shiny|226\/364
|switch|p1a: Cresselia|Cresselia, F|261\/444
|-damage|p1a: Cresselia|206\/444|[from] Stealth Rock
|
|-heal|p1a: Cresselia|233\/444|[from] item: Leftovers
|turn|49
|
|move|p1a: Cresselia|Moonlight|p1a: Cresselia
|-heal|p1a: Cresselia|444\/444
|move|p2a: Meganium.|Synthesis|p2a: Meganium.
|-heal|p2a: Meganium.|364\/364
|
|turn|50
|
|switch|p1a: Zapdos|Zapdos|45\/384 tox
|-damage|p1a: Zapdos|0 fnt|[from] Stealth Rock
|faint|p1a: Zapdos
|switch|p2a: Aegislash.|Doublade, M, shiny|306\/322
|
|
|switch|p1a: Chansey|Chansey, F|620\/704
|-damage|p1a: Chansey|532\/704|[from] Stealth Rock
|turn|51
|
|switch|p2a: Wobbuffet.|Gothitelle, M|301\/301
|move|p1a: Chansey|Stealth Rock|p2a: Wobbuffet.
|-sidestart|p2: Aegislash Returns|move: Stealth Rock
|
|turn|52
|
|move|p2a: Wobbuffet.|Trick|p1a: Chansey
|-activate|p2a: Wobbuffet.|move: Trick|[of] p1a: Chansey
|-item|p1a: Chansey|Choice Scarf|[from] move: Trick
|-item|p2a: Wobbuffet.|Eviolite|[from] move: Trick
|move|p1a: Chansey|Seismic Toss|p2a: Wobbuffet.
|-damage|p2a: Wobbuffet.|201\/301
|
|turn|53
|
|move|p2a: Wobbuffet.|Calm Mind|p2a: Wobbuffet.
|-boost|p2a: Wobbuffet.|spa|1
|-boost|p2a: Wobbuffet.|spd|1
|move|p1a: Chansey|Seismic Toss|p2a: Wobbuffet.
|-damage|p2a: Wobbuffet.|101\/301
|
|turn|54
|
|move|p2a: Wobbuffet.|Calm Mind|p2a: Wobbuffet.
|-boost|p2a: Wobbuffet.|spa|1
|-boost|p2a: Wobbuffet.|spd|1
|move|p1a: Chansey|Seismic Toss|p2a: Wobbuffet.
|-damage|p2a: Wobbuffet.|1\/301
|
|turn|55
|
|move|p2a: Wobbuffet.|Rest|p2a: Wobbuffet.
|-status|p2a: Wobbuffet.|slp
|-heal|p2a: Wobbuffet.|301\/301 slp|[silent]
|-status|p2a: Wobbuffet.|slp|[from] move: Rest
|move|p1a: Chansey|Seismic Toss|p2a: Wobbuffet.
|-damage|p2a: Wobbuffet.|201\/301 slp
|
|turn|56
|
|cant|p2a: Wobbuffet.|slp
|move|p1a: Chansey|Seismic Toss|p2a: Wobbuffet.
|-damage|p2a: Wobbuffet.|101\/301 slp
|
|turn|57
|
|cant|p2a: Wobbuffet.|slp
|move|p1a: Chansey|Seismic Toss|p2a: Wobbuffet.
|-damage|p2a: Wobbuffet.|1\/301 slp
|
|turn|58
|
|-curestatus|p2a: Wobbuffet.|slp
|move|p2a: Wobbuffet.|Rest|p2a: Wobbuffet.
|-status|p2a: Wobbuffet.|slp
|-heal|p2a: Wobbuffet.|301\/301 slp|[silent]
|-status|p2a: Wobbuffet.|slp|[from] move: Rest
|move|p1a: Chansey|Seismic Toss|p2a: Wobbuffet.
|-damage|p2a: Wobbuffet.|201\/301 slp
|
|turn|59
|
|cant|p2a: Wobbuffet.|slp
|move|p1a: Chansey|Seismic Toss|p2a: Wobbuffet.
|-damage|p2a: Wobbuffet.|101\/301 slp
|
|turn|60
|
|cant|p2a: Wobbuffet.|slp
|move|p1a: Chansey|Seismic Toss|p2a: Wobbuffet.
|-damage|p2a: Wobbuffet.|1\/301 slp
|
|turn|61
|
|-curestatus|p2a: Wobbuffet.|slp
|move|p2a: Wobbuffet.|Rest|p2a: Wobbuffet.
|-status|p2a: Wobbuffet.|slp
|-heal|p2a: Wobbuffet.|301\/301 slp|[silent]
|-status|p2a: Wobbuffet.|slp|[from] move: Rest
|move|p1a: Chansey|Seismic Toss|p2a: Wobbuffet.
|-damage|p2a: Wobbuffet.|201\/301 slp
|
|turn|62
|
|cant|p2a: Wobbuffet.|slp
|move|p1a: Chansey|Seismic Toss|p2a: Wobbuffet.
|-damage|p2a: Wobbuffet.|101\/301 slp
|
|turn|63
|
|cant|p2a: Wobbuffet.|slp
|move|p1a: Chansey|Seismic Toss|p2a: Wobbuffet.
|-damage|p2a: Wobbuffet.|1\/301 slp
|
|turn|64
|
|-curestatus|p2a: Wobbuffet.|slp
|move|p2a: Wobbuffet.|Rest|p2a: Wobbuffet.
|-status|p2a: Wobbuffet.|slp
|-heal|p2a: Wobbuffet.|301\/301 slp|[silent]
|-status|p2a: Wobbuffet.|slp|[from] move: Rest
|move|p1a: Chansey|Seismic Toss|p2a: Wobbuffet.
|-damage|p2a: Wobbuffet.|201\/301 slp
|
|turn|65
|
|cant|p2a: Wobbuffet.|slp
|move|p1a: Chansey|Seismic Toss|p2a: Wobbuffet.
|-damage|p2a: Wobbuffet.|101\/301 slp
|
|turn|66
|
|cant|p2a: Wobbuffet.|slp
|move|p1a: Chansey|Seismic Toss|p2a: Wobbuffet.
|-damage|p2a: Wobbuffet.|1\/301 slp
|
|turn|67
|
|-curestatus|p2a: Wobbuffet.|slp
|move|p2a: Wobbuffet.|Rest|p2a: Wobbuffet.
|-status|p2a: Wobbuffet.|slp
|-heal|p2a: Wobbuffet.|301\/301 slp|[silent]
|-status|p2a: Wobbuffet.|slp|[from] move: Rest
|move|p1a: Chansey|Seismic Toss|p2a: Wobbuffet.
|-damage|p2a: Wobbuffet.|201\/301 slp
|
|turn|68
|
|cant|p2a: Wobbuffet.|slp
|move|p1a: Chansey|Seismic Toss|p2a: Wobbuffet.
|-damage|p2a: Wobbuffet.|101\/301 slp
|
|turn|69
|
|cant|p2a: Wobbuffet.|slp
|move|p1a: Chansey|Seismic Toss|p2a: Wobbuffet.
|-damage|p2a: Wobbuffet.|1\/301 slp
|
|turn|70
|
|-curestatus|p2a: Wobbuffet.|slp
|move|p2a: Wobbuffet.|Rest|p2a: Wobbuffet.
|-status|p2a: Wobbuffet.|slp
|-heal|p2a: Wobbuffet.|301\/301 slp|[silent]
|-status|p2a: Wobbuffet.|slp|[from] move: Rest
|move|p1a: Chansey|Seismic Toss|p2a: Wobbuffet.
|-damage|p2a: Wobbuffet.|201\/301 slp
|
|turn|71
|
|cant|p2a: Wobbuffet.|slp
|move|p1a: Chansey|Seismic Toss|p2a: Wobbuffet.
|-damage|p2a: Wobbuffet.|101\/301 slp
|
|turn|72
|
|cant|p2a: Wobbuffet.|slp
|move|p1a: Chansey|Seismic Toss|p2a: Wobbuffet.
|-damage|p2a: Wobbuffet.|1\/301 slp
|
|turn|73
|
|-curestatus|p2a: Wobbuffet.|slp
|move|p2a: Wobbuffet.|Rest|p2a: Wobbuffet.
|-status|p2a: Wobbuffet.|slp
|-heal|p2a: Wobbuffet.|301\/301 slp|[silent]
|-status|p2a: Wobbuffet.|slp|[from] move: Rest
|move|p1a: Chansey|Seismic Toss|p2a: Wobbuffet.
|-damage|p2a: Wobbuffet.|201\/301 slp
|
|turn|74
|
|cant|p2a: Wobbuffet.|slp
|move|p1a: Chansey|Seismic Toss|p2a: Wobbuffet.
|-damage|p2a: Wobbuffet.|101\/301 slp
|
|turn|75
|
|cant|p2a: Wobbuffet.|slp
|move|p1a: Chansey|Seismic Toss|p2a: Wobbuffet.
|-damage|p2a: Wobbuffet.|1\/301 slp
|
|turn|76
|
|-curestatus|p2a: Wobbuffet.|slp
|move|p2a: Wobbuffet.|Rest|p2a: Wobbuffet.
|-status|p2a: Wobbuffet.|slp
|-heal|p2a: Wobbuffet.|301\/301 slp|[silent]
|-status|p2a: Wobbuffet.|slp|[from] move: Rest
|move|p1a: Chansey|Seismic Toss|p2a: Wobbuffet.
|-damage|p2a: Wobbuffet.|201\/301 slp
|
|turn|77
|
|cant|p2a: Wobbuffet.|slp
|move|p1a: Chansey|Seismic Toss|p2a: Wobbuffet.
|-damage|p2a: Wobbuffet.|101\/301 slp
|
|turn|78
|
|cant|p2a: Wobbuffet.|slp
|move|p1a: Chansey|Seismic Toss|p2a: Wobbuffet.
|-damage|p2a: Wobbuffet.|1\/301 slp
|
|turn|79
|
|-curestatus|p2a: Wobbuffet.|slp
|move|p2a: Wobbuffet.|Rest|p2a: Wobbuffet.
|-status|p2a: Wobbuffet.|slp
|-heal|p2a: Wobbuffet.|301\/301 slp|[silent]
|-status|p2a: Wobbuffet.|slp|[from] move: Rest
|move|p1a: Chansey|Seismic Toss|p2a: Wobbuffet.
|-damage|p2a: Wobbuffet.|201\/301 slp
|
|turn|80
|
|cant|p2a: Wobbuffet.|slp
|move|p1a: Chansey|Seismic Toss|p2a: Wobbuffet.
|-damage|p2a: Wobbuffet.|101\/301 slp
|
|turn|81
|
|cant|p2a: Wobbuffet.|slp
|move|p1a: Chansey|Seismic Toss|p2a: Wobbuffet.
|-damage|p2a: Wobbuffet.|1\/301 slp
|
|turn|82
|
|-curestatus|p2a: Wobbuffet.|slp
|move|p2a: Wobbuffet.|Rest|p2a: Wobbuffet.
|-status|p2a: Wobbuffet.|slp
|-heal|p2a: Wobbuffet.|301\/301 slp|[silent]
|-status|p2a: Wobbuffet.|slp|[from] move: Rest
|move|p1a: Chansey|Seismic Toss|p2a: Wobbuffet.
|-damage|p2a: Wobbuffet.|201\/301 slp
|
|turn|83
|
|cant|p2a: Wobbuffet.|slp
|move|p1a: Chansey|Seismic Toss|p2a: Wobbuffet.
|-damage|p2a: Wobbuffet.|101\/301 slp
|
|turn|84
|
|cant|p2a: Wobbuffet.|slp
|-activate|p1a: Chansey|move: Struggle
|move|p1a: Chansey|Struggle|p2a: Wobbuffet.
|-damage|p2a: Wobbuffet.|98\/301 slp
|-damage|p1a: Chansey|356\/704
|
|turn|85
|
|-curestatus|p2a: Wobbuffet.|slp
|move|p2a: Wobbuffet.|Calm Mind|p2a: Wobbuffet.
|-boost|p2a: Wobbuffet.|spa|1
|-boost|p2a: Wobbuffet.|spd|1
|-activate|p1a: Chansey|move: Struggle
|move|p1a: Chansey|Struggle|p2a: Wobbuffet.
|-damage|p2a: Wobbuffet.|95\/301
|-damage|p1a: Chansey|180\/704
|
|turn|86
|
|move|p2a: Wobbuffet.|Calm Mind|p2a: Wobbuffet.
|-boost|p2a: Wobbuffet.|spa|1
|-boost|p2a: Wobbuffet.|spd|1
|-activate|p1a: Chansey|move: Struggle
|move|p1a: Chansey|Struggle|p2a: Wobbuffet.
|-damage|p2a: Wobbuffet.|92\/301
|-damage|p1a: Chansey|4\/704
|
|turn|87
|
|move|p2a: Wobbuffet.|Trick|p1a: Chansey
|-activate|p2a: Wobbuffet.|move: Trick|[of] p1a: Chansey
|-item|p1a: Chansey|Eviolite|[from] move: Trick
|-item|p2a: Wobbuffet.|Choice Scarf|[from] move: Trick
|-activate|p1a: Chansey|move: Struggle
|move|p1a: Chansey|Struggle|p2a: Wobbuffet.
|-crit|p2a: Wobbuffet.
|-damage|p2a: Wobbuffet.|87\/301
|-damage|p1a: Chansey|0 fnt
|faint|p1a: Chansey
|
|
|switch|p1a: Scizor|Scizor-Mega, F|301\/344
|-damage|p1a: Scizor|258\/344|[from] Stealth Rock
|turn|88
|
|move|p2a: Wobbuffet.|Psyshock|p1a: Scizor
|-resisted|p1a: Scizor
|-damage|p1a: Scizor|157\/344
|move|p1a: Scizor|Swords Dance|p1a: Scizor
|-boost|p1a: Scizor|atk|2
|
|turn|89
|
|switch|p2a: Magmar.|Heatran, M|268\/385
|-damage|p2a: Magmar.|220\/385|[from] Stealth Rock
|move|p1a: Scizor|Roost|p1a: Scizor
|-heal|p1a: Scizor|329\/344
|
|turn|90
|
|switch|p1a: Alomomola|Alomomola, F|534\/534 tox
|-damage|p1a: Alomomola|468\/534 tox|[from] Stealth Rock
|move|p2a: Magmar.|Lava Plume|p1a: Alomomola
|-resisted|p1a: Alomomola
|-damage|p1a: Alomomola|352\/534 tox
|
|-heal|p1a: Alomomola|385\/534 tox|[from] item: Leftovers
|-damage|p1a: Alomomola|352\/534 tox|[from] psn
|turn|91
|
|switch|p2a: Honchkrow.|Mandibuzz, F|423\/423
|-damage|p2a: Honchkrow.|318\/423|[from] Stealth Rock
|move|p1a: Alomomola|Wish|p1a: Alomomola
|
|-heal|p2a: Honchkrow.|344\/423|[from] item: Leftovers
|-heal|p1a: Alomomola|385\/534 tox|[from] item: Leftovers
|-damage|p1a: Alomomola|319\/534 tox|[from] psn
|turn|92
|
|switch|p1a: Gothitelle|Gothitelle, F|217\/301 slp
|-damage|p1a: Gothitelle|180\/301 slp|[from] Stealth Rock
|move|p2a: Honchkrow.|Defog|p1a: Gothitelle
|-unboost|p1a: Gothitelle|evasion|1
|-sideend|p1: Yin|Stealth Rock|[from] move: Defog|[of] p1a: Gothitelle
|-sideend|p2: Aegislash Returns|Stealth Rock|[from] move: Defog|[of] p2a: Honchkrow.
|
|-heal|p1a: Gothitelle|301\/301 slp|[from] move: Wish|[wisher] Alomomola
|-heal|p2a: Honchkrow.|370\/423|[from] item: Leftovers
|turn|93
|
|cant|p1a: Gothitelle|slp
|move|p2a: Honchkrow.|Foul Play|p1a: Gothitelle
|-supereffective|p1a: Gothitelle
|-damage|p1a: Gothitelle|193\/301 slp
|
|-heal|p1a: Gothitelle|211\/301 slp|[from] item: Leftovers
|-heal|p2a: Honchkrow.|396\/423|[from] item: Leftovers
|turn|94
|
|cant|p1a: Gothitelle|slp
|move|p2a: Honchkrow.|Foul Play|p1a: Gothitelle
|-supereffective|p1a: Gothitelle
|-damage|p1a: Gothitelle|113\/301 slp
|
|-heal|p1a: Gothitelle|131\/301 slp|[from] item: Leftovers
|-heal|p2a: Honchkrow.|422\/423|[from] item: Leftovers
|turn|95
|
|-curestatus|p1a: Gothitelle|slp
|move|p1a: Gothitelle|Rest|p1a: Gothitelle
|-status|p1a: Gothitelle|slp
|-heal|p1a: Gothitelle|301\/301 slp|[silent]
|-status|p1a: Gothitelle|slp|[from] move: Rest
|move|p2a: Honchkrow.|Foul Play|p1a: Gothitelle
|-supereffective|p1a: Gothitelle
|-damage|p1a: Gothitelle|197\/301 slp
|
|-heal|p1a: Gothitelle|215\/301 slp|[from] item: Leftovers
|-heal|p2a: Honchkrow.|423\/423|[from] item: Leftovers
|turn|96
|
|cant|p1a: Gothitelle|slp
|move|p2a: Honchkrow.|Foul Play|p1a: Gothitelle
|-crit|p1a: Gothitelle
|-supereffective|p1a: Gothitelle
|-damage|p1a: Gothitelle|63\/301 slp
|
|-heal|p1a: Gothitelle|81\/301 slp|[from] item: Leftovers
|turn|97
|
|switch|p1a: Alomomola|Alomomola, F|497\/534 tox
|move|p2a: Honchkrow.|Foul Play|p1a: Alomomola
|-damage|p1a: Alomomola|436\/534 tox
|
|-heal|p1a: Alomomola|469\/534 tox|[from] item: Leftovers
|-damage|p1a: Alomomola|436\/534 tox|[from] psn
|turn|98
|
|switch|p2a: Wobbuffet.|Gothitelle, M|87\/301
|move|p1a: Alomomola|Toxic|p2a: Wobbuffet.
|-status|p2a: Wobbuffet.|tox
|
|-heal|p1a: Alomomola|469\/534 tox|[from] item: Leftovers
|-damage|p2a: Wobbuffet.|69\/301 tox|[from] psn
|-damage|p1a: Alomomola|403\/534 tox|[from] psn
|turn|99
|
|move|p1a: Alomomola|Protect|p1a: Alomomola
|-singleturn|p1a: Alomomola|Protect
|move|p2a: Wobbuffet.|Rest|p2a: Wobbuffet.
|-status|p2a: Wobbuffet.|slp
|-heal|p2a: Wobbuffet.|301\/301 slp|[silent]
|-status|p2a: Wobbuffet.|slp|[from] move: Rest
|
|-heal|p1a: Alomomola|436\/534 tox|[from] item: Leftovers
|-damage|p1a: Alomomola|337\/534 tox|[from] psn
|turn|100
|
|cant|p2a: Wobbuffet.|slp
|move|p1a: Alomomola|Scald|p2a: Wobbuffet.
|-damage|p2a: Wobbuffet.|258\/301 slp
|
|-heal|p1a: Alomomola|370\/534 tox|[from] item: Leftovers
|-damage|p1a: Alomomola|238\/534 tox|[from] psn
|turn|101
|
|cant|p2a: Wobbuffet.|slp
|move|p1a: Alomomola|Scald|p2a: Wobbuffet.
|-damage|p2a: Wobbuffet.|212\/301 slp
|
|-heal|p1a: Alomomola|271\/534 tox|[from] item: Leftovers
|-damage|p1a: Alomomola|106\/534 tox|[from] psn
|turn|102
|
|-curestatus|p2a: Wobbuffet.|slp
|move|p2a: Wobbuffet.|Rest|p2a: Wobbuffet.
|-status|p2a: Wobbuffet.|slp
|-heal|p2a: Wobbuffet.|301\/301 slp|[silent]
|-status|p2a: Wobbuffet.|slp|[from] move: Rest
|move|p1a: Alomomola|Wish|p1a: Alomomola
|
|-heal|p1a: Alomomola|139\/534 tox|[from] item: Leftovers
|-damage|p1a: Alomomola|0 fnt|[from] psn
|faint|p1a: Alomomola
|
|switch|p1a: Gothitelle|Gothitelle, F|81\/301 slp
|turn|103
|
|switch|p2a: Aegislash.|Doublade, M, shiny|306\/322
|cant|p1a: Gothitelle|slp
|
|-heal|p1a: Gothitelle|301\/301 slp|[from] move: Wish|[wisher] Alomomola
|turn|104
|
|switch|p1a: Scizor|Scizor-Mega, F|329\/344
|move|p2a: Aegislash.|Gyro Ball|p1a: Scizor
|-resisted|p1a: Scizor
|-damage|p1a: Scizor|299\/344
|
|turn|105
|
|switch|p2a: Magmar.|Heatran, M|220\/385
|move|p1a: Scizor|Swords Dance|p1a: Scizor
|-boost|p1a: Scizor|atk|2
|
|turn|106
|
|switch|p1a: Cresselia|Cresselia, F|444\/444
|move|p2a: Magmar.|Lava Plume|p1a: Cresselia
|-damage|p1a: Cresselia|375\/444
|
|-heal|p1a: Cresselia|402\/444|[from] item: Leftovers
|turn|107
|
|switch|p2a: Wobbuffet.|Gothitelle, M|301\/301 slp
|move|p1a: Cresselia|Skill Swap|p2a: Wobbuffet.
|-activate|p1a: Cresselia|move: Skill Swap|Shadow Tag|Levitate|[of] p2a: Wobbuffet.
|
|-heal|p1a: Cresselia|429\/444|[from] item: Leftovers
|turn|108
|
|switch|p1a: Gothitelle|Gothitelle, F|301\/301 slp
|cant|p2a: Wobbuffet.|slp
|
|turn|109
|
|cant|p2a: Wobbuffet.|slp
|-curestatus|p1a: Gothitelle|slp
|move|p1a: Gothitelle|Trick|p2a: Wobbuffet.
|-activate|p1a: Gothitelle|move: Trick|[of] p2a: Wobbuffet.
|-item|p2a: Wobbuffet.|Leftovers|[from] move: Trick
|-item|p1a: Gothitelle|Choice Scarf|[from] move: Trick
|
|turn|110
|
|switch|p1a: Scizor|Scizor-Mega, F|299\/344
|-curestatus|p2a: Wobbuffet.|slp
|move|p2a: Wobbuffet.|Trick|p1a: Scizor
|-fail|p1a: Scizor
|
|turn|111
|
|switch|p2a: Magmar.|Heatran, M|220\/385
|move|p1a: Scizor|Superpower|p2a: Magmar.
|-crit|p2a: Magmar.
|-supereffective|p2a: Magmar.
|-damage|p2a: Magmar.|0 fnt
|-unboost|p1a: Scizor|atk|1
|-unboost|p1a: Scizor|def|1
|faint|p2a: Magmar.
|
|
|switch|p2a: Honchkrow.|Mandibuzz, F|423\/423
|turn|112
|
|switch|p2a: Wobbuffet.|Gothitelle, M|301\/301
|move|p1a: Scizor|Bullet Punch|p2a: Wobbuffet.
|-damage|p2a: Wobbuffet.|232\/301
|
|-heal|p2a: Wobbuffet.|250\/301|[from] item: Leftovers
|turn|113
|
|switch|p2a: Honchkrow.|Mandibuzz, F|423\/423
|move|p1a: Scizor|Swords Dance|p1a: Scizor
|-boost|p1a: Scizor|atk|2
|
|turn|114
|
|switch|p1a: Cresselia|Cresselia, F|429\/444
|move|p2a: Honchkrow.|Foul Play|p1a: Cresselia
|-supereffective|p1a: Cresselia
|-damage|p1a: Cresselia|325\/444
|
|-heal|p1a: Cresselia|352\/444|[from] item: Leftovers
|turn|115
|
|switch|p1a: Gothitelle|Gothitelle, F|301\/301
|switch|p2a: Wobbuffet.|Gothitelle, M|250\/301
|
|-heal|p2a: Wobbuffet.|268\/301|[from] item: Leftovers
|turn|116
|
|switch|p1a: Scizor|Scizor-Mega, F|299\/344
|switch|p2a: Aegislash.|Doublade, M, shiny|306\/322
|
|turn|117
|
|switch|p2a: Honchkrow.|Mandibuzz, F|423\/423
|move|p1a: Scizor|Swords Dance|p1a: Scizor
|-boost|p1a: Scizor|atk|2
|
|turn|118
|
|switch|p1a: Cresselia|Cresselia, F|352\/444
|move|p2a: Honchkrow.|Foul Play|p1a: Cresselia
|-supereffective|p1a: Cresselia
|-damage|p1a: Cresselia|250\/444
|
|-heal|p1a: Cresselia|277\/444|[from] item: Leftovers
|turn|119
|
|switch|p1a: Gothitelle|Gothitelle, F|301\/301
|move|p2a: Honchkrow.|Toxic|p1a: Gothitelle
|-status|p1a: Gothitelle|tox
|
|-damage|p1a: Gothitelle|283\/301 tox|[from] psn
|turn|120
|
|move|p1a: Gothitelle|Trick|p2a: Honchkrow.
|-activate|p1a: Gothitelle|move: Trick|[of] p2a: Honchkrow.
|-item|p2a: Honchkrow.|Choice Scarf|[from] move: Trick
|-item|p1a: Gothitelle|Leftovers|[from] move: Trick
|move|p2a: Honchkrow.|Foul Play|p1a: Gothitelle
|-supereffective|p1a: Gothitelle
|-damage|p1a: Gothitelle|175\/301 tox
|
|-heal|p1a: Gothitelle|193\/301 tox|[from] item: Leftovers
|-damage|p1a: Gothitelle|157\/301 tox|[from] psn
|turn|121
|
|switch|p1a: Scizor|Scizor-Mega, F|299\/344
|move|p2a: Honchkrow.|Foul Play|p1a: Scizor
|-damage|p1a: Scizor|208\/344
|
|turn|122
|
|switch|p2a: Meganium.|Venusaur-Mega, F, shiny|364\/364
|move|p1a: Scizor|Roost|p1a: Scizor
|-heal|p1a: Scizor|344\/344
|
|turn|123
|
|switch|p1a: Cresselia|Cresselia, F|277\/444
|move|p2a: Meganium.|Leech Seed|p1a: Cresselia
|-start|p1a: Cresselia|move: Leech Seed
|
|-heal|p1a: Cresselia|304\/444|[from] item: Leftovers
|-damage|p1a: Cresselia|249\/444|[from] Leech Seed|[of] p2a: Meganium.
|turn|124
|
|move|p1a: Cresselia|Moonlight|p1a: Cresselia
|-heal|p1a: Cresselia|444\/444
|move|p2a: Meganium.|Sludge Bomb|p1a: Cresselia
|-damage|p1a: Cresselia|366\/444
|-status|p1a: Cresselia|psn
|
|-heal|p1a: Cresselia|393\/444 psn|[from] item: Leftovers
|-damage|p1a: Cresselia|338\/444 psn|[from] Leech Seed|[of] p2a: Meganium.
|-damage|p1a: Cresselia|283\/444 psn|[from] psn
|turn|125
|
|switch|p1a: Scizor|Scizor-Mega, F|344\/344
|move|p2a: Meganium.|Leech Seed|p1a: Scizor
|-start|p1a: Scizor|move: Leech Seed
|
|-damage|p1a: Scizor|301\/344|[from] Leech Seed|[of] p2a: Meganium.
|turn|126
|
|switch|p1a: Cresselia|Cresselia, F|283\/444 psn
|switch|p2a: Honchkrow.|Mandibuzz, F|423\/423
|
|-heal|p1a: Cresselia|310\/444 psn|[from] item: Leftovers
|-damage|p1a: Cresselia|255\/444 psn|[from] psn
|turn|127
|
|switch|p2a: Wobbuffet.|Gothitelle, M|268\/301
|switch|p1a: Scizor|Scizor-Mega, F|301\/344
|
|-heal|p2a: Wobbuffet.|286\/301|[from] item: Leftovers
|turn|128
|
|switch|p2a: Honchkrow.|Mandibuzz, F|423\/423
|move|p1a: Scizor|Bullet Punch|p2a: Honchkrow.
|-damage|p2a: Honchkrow.|342\/423
|
|turn|129
|
|move|p1a: Scizor|Bullet Punch|p2a: Honchkrow.
|-damage|p2a: Honchkrow.|258\/423
|move|p2a: Honchkrow.|Foul Play|p1a: Scizor
|-damage|p1a: Scizor|199\/344
|
|turn|130
|
|switch|p2a: Meganium.|Venusaur-Mega, F, shiny|364\/364
|move|p1a: Scizor|Roost|p1a: Scizor
|-heal|p1a: Scizor|344\/344
|
|turn|131
|
|switch|p1a: Gothitelle|Gothitelle, F|157\/301 tox
|move|p2a: Meganium.|Leech Seed|p1a: Gothitelle
|-start|p1a: Gothitelle|move: Leech Seed
|
|-heal|p1a: Gothitelle|175\/301 tox|[from] item: Leftovers
|-damage|p1a: Gothitelle|138\/301 tox|[from] Leech Seed|[of] p2a: Meganium.
|-damage|p1a: Gothitelle|120\/301 tox|[from] psn
|turn|132
|
|switch|p1a: Scizor|Scizor-Mega, F|344\/344
|move|p2a: Meganium.|Sludge Bomb|p1a: Scizor
|-immune|p1a: Scizor|[msg]
|
|turn|133
|
|switch|p1a: Cresselia|Cresselia, F|255\/444 psn
|move|p2a: Meganium.|Leech Seed|p1a: Cresselia
|-start|p1a: Cresselia|move: Leech Seed
|
|-heal|p1a: Cresselia|282\/444 psn|[from] item: Leftovers
|-damage|p1a: Cresselia|227\/444 psn|[from] Leech Seed|[of] p2a: Meganium.
|-damage|p1a: Cresselia|172\/444 psn|[from] psn
|turn|134
|
|switch|p1a: Scizor|Scizor-Mega, F|344\/344
|switch|p2a: Wobbuffet.|Gothitelle, M|286\/301
|
|-heal|p2a: Wobbuffet.|301\/301|[from] item: Leftovers
|turn|135
|
|switch|p2a: Honchkrow.|Mandibuzz, F|258\/423
|move|p1a: Scizor|Swords Dance|p1a: Scizor
|-boost|p1a: Scizor|atk|2
|
|turn|136
|
|move|p1a: Scizor|Bullet Punch|p2a: Honchkrow.
|-damage|p2a: Honchkrow.|117\/423
|move|p2a: Honchkrow.|Foul Play|p1a: Scizor
|-damage|p1a: Scizor|158\/344
|
|turn|137
|
|switch|p2a: Meganium.|Venusaur-Mega, F, shiny|364\/364
|move|p1a: Scizor|Bullet Punch|p2a: Meganium.
|-damage|p2a: Meganium.|204\/364
|
|turn|138
|
|move|p1a: Scizor|Bullet Punch|p2a: Meganium.
|-damage|p2a: Meganium.|27\/364
|move|p2a: Meganium.|Leech Seed|p1a: Scizor|[miss]
|-miss|p2a: Meganium.|p1a: Scizor
|
|turn|139
|c|âAegislash Returns|damn
|
|switch|p2a: Aegislash.|Doublade, M, shiny|306\/322
|move|p1a: Scizor|Bullet Punch|p2a: Aegislash.
|-resisted|p2a: Aegislash.
|-damage|p2a: Aegislash.|262\/322
|
|turn|140
|
|move|p1a: Scizor|Roost|p1a: Scizor
|-heal|p1a: Scizor|330\/344
|move|p2a: Aegislash.|Gyro Ball|p1a: Scizor
|-resisted|p1a: Scizor
|-damage|p1a: Scizor|303\/344
|
|turn|141
|
|move|p1a: Scizor|Swords Dance|p1a: Scizor
|-boost|p1a: Scizor|atk|2
|move|p2a: Aegislash.|Gyro Ball|p1a: Scizor
|-resisted|p1a: Scizor
|-damage|p1a: Scizor|274\/344
|
|turn|142
|
|move|p1a: Scizor|Swords Dance|p1a: Scizor
|-boost|p1a: Scizor|atk|2
|move|p2a: Aegislash.|Gyro Ball|p1a: Scizor
|-resisted|p1a: Scizor
|-damage|p1a: Scizor|247\/344
|
|turn|143
|
|move|p1a: Scizor|Bullet Punch|p2a: Aegislash.
|-resisted|p2a: Aegislash.
|-damage|p2a: Aegislash.|164\/322
|move|p2a: Aegislash.|Gyro Ball|p1a: Scizor
|-resisted|p1a: Scizor
|-damage|p1a: Scizor|218\/344
|
|turn|144
|
|move|p1a: Scizor|Roost|p1a: Scizor
|-heal|p1a: Scizor|344\/344
|move|p2a: Aegislash.|Rest|p2a: Aegislash.
|-status|p2a: Aegislash.|slp
|-heal|p2a: Aegislash.|322\/322 slp|[silent]
|-status|p2a: Aegislash.|slp|[from] move: Rest
|
|turn|145
|
|move|p1a: Scizor|Bullet Punch|p2a: Aegislash.
|-resisted|p2a: Aegislash.
|-damage|p2a: Aegislash.|223\/322 slp
|cant|p2a: Aegislash.|slp
|
|turn|146
|
|move|p1a: Scizor|Bullet Punch|p2a: Aegislash.
|-resisted|p2a: Aegislash.
|-damage|p2a: Aegislash.|128\/322 slp
|cant|p2a: Aegislash.|slp
|
|turn|147
|
|move|p1a: Scizor|Bullet Punch|p2a: Aegislash.
|-resisted|p2a: Aegislash.
|-damage|p2a: Aegislash.|40\/322 slp
|-curestatus|p2a: Aegislash.|slp
|move|p2a: Aegislash.|Rest|p2a: Aegislash.
|-status|p2a: Aegislash.|slp
|-heal|p2a: Aegislash.|322\/322 slp|[silent]
|-status|p2a: Aegislash.|slp|[from] move: Rest
|
|turn|148
|
|move|p1a: Scizor|Bullet Punch|p2a: Aegislash.
|-resisted|p2a: Aegislash.
|-damage|p2a: Aegislash.|229\/322 slp
|cant|p2a: Aegislash.|slp
|
|turn|149
|
|move|p1a: Scizor|Bullet Punch|p2a: Aegislash.
|-crit|p2a: Aegislash.
|-resisted|p2a: Aegislash.
|-damage|p2a: Aegislash.|82\/322 slp
|cant|p2a: Aegislash.|slp
|
|turn|150
|
|move|p1a: Scizor|Bullet Punch|p2a: Aegislash.
|-resisted|p2a: Aegislash.
|-damage|p2a: Aegislash.|0 fnt
|faint|p2a: Aegislash.
|
|c|âAegislash Returns|well, gg
|
|switch|p2a: Golbat.|Gliscor, M|352\/352 tox
|turn|151
|c|âYin|gg
|
|move|p1a: Scizor|Bullet Punch|p2a: Golbat.
|-damage|p2a: Golbat.|78\/352 tox
|move|p2a: Golbat.|Earthquake|p1a: Scizor
|-damage|p1a: Scizor|275\/344
|
|-heal|p2a: Golbat.|122\/352 tox|[from] ability: Poison Heal
|turn|152
|
|move|p2a: Golbat.|Protect|p2a: Golbat.
|-singleturn|p2a: Golbat.|Protect
|move|p1a: Scizor|Bullet Punch|p2a: Golbat.
|-activate|p2a: Golbat.|Protect
|
|-heal|p2a: Golbat.|166\/352 tox|[from] ability: Poison Heal
|turn|153
|
|switch|p2a: Meganium.|Venusaur-Mega, F, shiny|27\/364
|move|p1a: Scizor|Bullet Punch|p2a: Meganium.
|-damage|p2a: Meganium.|0 fnt
|faint|p2a: Meganium.
|
|
|switch|p2a: Golbat.|Gliscor, M|166\/352 tox
|turn|154
|
|move|p2a: Golbat.|Protect|p2a: Golbat.
|-singleturn|p2a: Golbat.|Protect
|move|p1a: Scizor|Bullet Punch|p2a: Golbat.
|-activate|p2a: Golbat.|Protect
|
|-heal|p2a: Golbat.|210\/352 tox|[from] ability: Poison Heal
|turn|155
|
|switch|p2a: Wobbuffet.|Gothitelle, M|301\/301
|move|p1a: Scizor|Bullet Punch|p2a: Wobbuffet.
|-crit|p2a: Wobbuffet.
|-damage|p2a: Wobbuffet.|0 fnt
|faint|p2a: Wobbuffet.
|
|
|switch|p2a: Golbat.|Gliscor, M|210\/352 tox
|turn|156
|
|move|p2a: Golbat.|Protect|p2a: Golbat.
|-singleturn|p2a: Golbat.|Protect
|move|p1a: Scizor|Bullet Punch|p2a: Golbat.
|-activate|p2a: Golbat.|Protect
|
|-heal|p2a: Golbat.|254\/352 tox|[from] ability: Poison Heal
|turn|157
|
|switch|p2a: Honchkrow.|Mandibuzz, F|117\/423
|move|p1a: Scizor|Bullet Punch|p2a: Honchkrow.
|-crit|p2a: Honchkrow.
|-damage|p2a: Honchkrow.|0 fnt
|faint|p2a: Honchkrow.
|
|
|switch|p2a: Golbat.|Gliscor, M|254\/352 tox
|turn|158
|
|move|p2a: Golbat.|Protect|p2a: Golbat.
|-singleturn|p2a: Golbat.|Protect
|move|p1a: Scizor|Bullet Punch|p2a: Golbat.
|-activate|p2a: Golbat.|Protect
|
|-heal|p2a: Golbat.|298\/352 tox|[from] ability: Poison Heal
|turn|159
|
|move|p1a: Scizor|Bullet Punch|p2a: Golbat.
|-damage|p2a: Golbat.|18\/352 tox
|move|p2a: Golbat.|Earthquake|p1a: Scizor
|-damage|p1a: Scizor|205\/344
|
|-heal|p2a: Golbat.|62\/352 tox|[from] ability: Poison Heal
|turn|160
|
|move|p2a: Golbat.|Protect|p2a: Golbat.
|-singleturn|p2a: Golbat.|Protect
|move|p1a: Scizor|Bullet Punch|p2a: Golbat.
|-activate|p2a: Golbat.|Protect
|
|-heal|p2a: Golbat.|106\/352 tox|[from] ability: Poison Heal
|turn|161
|
|move|p2a: Golbat.|Protect|p2a: Golbat.
|-fail|p2a: Golbat.
|move|p1a: Scizor|Bullet Punch|p2a: Golbat.
|-damage|p2a: Golbat.|0 fnt
|faint|p2a: Golbat.
|
|win|Yin