|join|Aegislash Returns
|join|Guesst_50790
|player|p1|Aegislash Returns|274
|player|p2|Guesst_50790|294
|gametype|singles
|gen|6
|tier|OU
|rated
|clearpoke
|poke|p1|Doublade, F, shiny
|poke|p1|Chansey, F
|poke|p1|Slowbro, M
|poke|p1|Gothitelle, F
|poke|p1|Mandibuzz, F
|poke|p1|Clefable, F
|poke|p2|Tyranitar, M
|poke|p2|Excadrill, M, shiny
|poke|p2|Infernape, M
|poke|p2|Altaria, F
|poke|p2|Keldeo
|poke|p2|Bisharp, M
|rule|Swagger Clause: Swagger is banned
|rule|Baton Pass Clause: Limit one PokÃ©mon knowing Baton Pass
|rule|Sleep Clause Mod: Limit one foe put to sleep
|rule|Species Clause: Limit one of each PokÃ©mon
|rule|OHKO Clause: OHKO moves are banned
|rule|Moody Clause: Moody is banned
|rule|Evasion Moves Clause: Evasion moves are banned
|rule|Endless Battle Clause: Forcing endless battles is banned
|rule|HP Percentage Mod: HP is shown in percentages
|teampreview
|
|start
|switch|p1a: Aegislash.|Doublade, F, shiny|322\/322
|switch|p2a: Infernape|Infernape, M|293\/293
|turn|1
|
|move|p2a: Infernape|Fire Blast|p1a: Aegislash.
|-supereffective|p1a: Aegislash.
|-damage|p1a: Aegislash.|140\/322
|move|p1a: Aegislash.|Gyro Ball|p2a: Infernape
|-resisted|p2a: Infernape
|-damage|p2a: Infernape|181\/293
|
|turn|2
|
|switch|p1a: Starmie.|Slowbro, M|394\/394
|move|p2a: Infernape|Stealth Rock|p1a: Starmie.
|-sidestart|p1: Aegislash Returns|move: Stealth Rock
|
|turn|3
|
|switch|p2a: Tyranitar|Tyranitar, M|341\/341
|-weather|Sandstorm
|move|p1a: Starmie.|Calm Mind|p1a: Starmie.
|-boost|p1a: Starmie.|spa|1
|-boost|p1a: Starmie.|spd|1
|
|-weather|Sandstorm|[upkeep]
|-damage|p1a: Starmie.|370\/394|[from] sandstorm
|turn|4
|
|detailschange|p1a: Starmie.|Slowbro-Mega, M
|message|Slowbro has Mega Evolved into Mega Slowbro!
|move|p2a: Tyranitar|Crunch|p1a: Starmie.
|-supereffective|p1a: Starmie.
|-damage|p1a: Starmie.|164\/394
|-unboost|p1a: Starmie.|def|1
|move|p1a: Starmie.|Slack Off|p1a: Starmie.
|-heal|p1a: Starmie.|361\/394
|
|-weather|Sandstorm|[upkeep]
|-damage|p1a: Starmie.|337\/394|[from] sandstorm
|turn|5
|
|switch|p1a: Honchkrow.|Mandibuzz, F|423\/423
|-damage|p1a: Honchkrow.|318\/423|[from] Stealth Rock
|move|p2a: Tyranitar|Crunch|p1a: Honchkrow.
|-resisted|p1a: Honchkrow.
|-damage|p1a: Honchkrow.|221\/423
|
|-weather|Sandstorm|[upkeep]
|-heal|p1a: Honchkrow.|247\/423|[from] item: Leftovers
|turn|6
|
|switch|p2a: Altaria|Altaria, F|292\/292
|move|p1a: Honchkrow.|Roost|p1a: Honchkrow.
|-heal|p1a: Honchkrow.|423\/423
|
|-weather|Sandstorm|[upkeep]
|-damage|p2a: Altaria|274\/292|[from] sandstorm
|turn|7
|
|switch|p1a: Blissey.|Chansey, F|642\/642
|-damage|p1a: Blissey.|562\/642|[from] Stealth Rock
|detailschange|p2a: Altaria|Altaria-Mega, F
|message|Altaria has Mega Evolved into Mega Altaria!
|move|p2a: Altaria|Dragon Dance|p2a: Altaria
|-boost|p2a: Altaria|atk|1
|-boost|p2a: Altaria|spe|1
|
|-weather|none
|turn|8
|
|switch|p1a: Wigglytuff.|Clefable, F|394\/394
|-damage|p1a: Wigglytuff.|345\/394|[from] Stealth Rock
|move|p2a: Altaria|Frustration|p1a: Wigglytuff.
|-damage|p1a: Wigglytuff.|128\/394
|
|-heal|p1a: Wigglytuff.|152\/394|[from] item: Leftovers
|turn|9
|
|move|p2a: Altaria|Frustration|p1a: Wigglytuff.
|-damage|p1a: Wigglytuff.|0 fnt
|faint|p1a: Wigglytuff.
|
|
|switch|p1a: Aegislash.|Doublade, F, shiny|140\/322
|-damage|p1a: Aegislash.|120\/322|[from] Stealth Rock
|turn|10
|
|move|p2a: Altaria|Earthquake|p1a: Aegislash.
|-supereffective|p1a: Aegislash.
|-damage|p1a: Aegislash.|0 fnt
|faint|p1a: Aegislash.
|
|
|switch|p1a: Starmie.|Slowbro-Mega, M|337\/394
|-damage|p1a: Starmie.|288\/394|[from] Stealth Rock
|turn|11
|
|move|p2a: Altaria|Frustration|p1a: Starmie.
|-damage|p1a: Starmie.|111\/394
|move|p1a: Starmie.|Slack Off|p1a: Starmie.
|-heal|p1a: Starmie.|308\/394
|
|turn|12
|
|move|p2a: Altaria|Dragon Dance|p2a: Altaria
|-boost|p2a: Altaria|atk|1
|-boost|p2a: Altaria|spe|1
|move|p1a: Starmie.|Scald|p2a: Altaria
|-resisted|p2a: Altaria
|-damage|p2a: Altaria|214\/292
|
|turn|13
|
|move|p2a: Altaria|Frustration|p1a: Starmie.
|-damage|p1a: Starmie.|83\/394
|move|p1a: Starmie.|Scald|p2a: Altaria
|-resisted|p2a: Altaria
|-damage|p2a: Altaria|153\/292
|
|turn|14
|-message|Aegislash Returns forfeited.
|
|win|Guesst_50790
|raw|Ladder updating...
|leave|Aegislash Returns
|player|p1
|raw|Aegislash Returns's rating: 1714 &rarr; <strong>1691<\/strong><br \/>(-23 for losing)
|raw|Guesst_50790's rating: 1666 &rarr; <strong>1689<\/strong><br \/>(+23 for winning)