|join|Aegislash Returns
|join|jake5
|player|p1|Aegislash Returns|274
|player|p2|jake5|290
|gametype|singles
|gen|6
|tier|OU
|rated
|clearpoke
|poke|p1|Doublade, F, shiny
|poke|p1|Chansey, F
|poke|p1|Slowbro, F
|poke|p1|Gothitelle, F
|poke|p1|Mandibuzz, F
|poke|p1|Clefable, F
|poke|p2|Charizard, F, shiny
|poke|p2|Gengar, F, shiny
|poke|p2|Greninja, M, shiny
|poke|p2|Landorus, M, shiny
|poke|p2|Azelf, shiny
|poke|p2|Manaphy, shiny
|rule|Swagger Clause: Swagger is banned
|rule|Baton Pass Clause: Limit one PokÃ©mon knowing Baton Pass
|rule|Sleep Clause Mod: Limit one foe put to sleep
|rule|Species Clause: Limit one of each PokÃ©mon
|rule|OHKO Clause: OHKO moves are banned
|rule|Moody Clause: Moody is banned
|rule|Evasion Moves Clause: Evasion moves are banned
|rule|Endless Battle Clause: Forcing endless battles is banned
|rule|HP Percentage Mod: HP is shown in percentages
|teampreview
|join|CleanerThanRotom-W
|c| CleanerThanRotom-W|jake
|c|âjake5|wut
|c| CleanerThanRotom-W|u got this!
|
|start
|switch|p1a: Wobbuffet.|Gothitelle, F|301\/301
|switch|p2a: Azelf|Azelf, shiny|291\/291
|turn|1
|c|âjake5|eh shut up
|
|switch|p1a: Honchkrow.|Mandibuzz, F|423\/423
|move|p2a: Azelf|Explosion|p1a: Honchkrow.
|-damage|p1a: Honchkrow.|187\/423
|faint|p2a: Azelf
|
|-heal|p1a: Honchkrow.|213\/423|[from] item: Leftovers
|c| CleanerThanRotom-W|why lol
|c| CleanerThanRotom-W|im just supporting :[
|
|switch|p2a: Gengar|Gengar, F, shiny|261\/261
|turn|2
|join|uCan'tSeeMe
|
|move|p2a: Gengar|Focus Blast|p1a: Honchkrow.
|-damage|p1a: Honchkrow.|48\/423
|-damage|p2a: Gengar|235\/261|[from] item: Life Orb
|move|p1a: Honchkrow.|Roost|p1a: Honchkrow.
|-heal|p1a: Honchkrow.|260\/423
|
|-heal|p1a: Honchkrow.|286\/423|[from] item: Leftovers
|turn|3
|c| CleanerThanRotom-W|thats spdef
|c| CleanerThanRotom-W|af lol
|c|âjake5|LOL a spdef buzz
|
|switch|p2a: Greninja|Greninja, M, shiny|285\/285
|switch|p1a: Aegislash.|Doublade, F, shiny|322\/322
|
|turn|4
|
|switch|p2a: Charizard|Charizard, F, shiny|297\/297
|move|p1a: Aegislash.|Sacred Sword|p2a: Charizard
|-resisted|p2a: Charizard
|-damage|p2a: Charizard|247\/297
|
|turn|5
|
|switch|p1a: Starmie.|Slowbro, F|394\/394
|detailschange|p2a: Charizard|Charizard-Mega-X, F, shiny
|message|Charizard has Mega Evolved into Mega Charizard!
|move|p2a: Charizard|Dragon Dance|p2a: Charizard
|-boost|p2a: Charizard|atk|1
|-boost|p2a: Charizard|spe|1
|
|turn|6
|
|detailschange|p1a: Starmie.|Slowbro-Mega, F
|message|Slowbro has Mega Evolved into Mega Slowbro!
|move|p2a: Charizard|Outrage|p1a: Starmie.
|-damage|p1a: Starmie.|195\/394
|move|p1a: Starmie.|Scald|p2a: Charizard
|-damage|p2a: Charizard|115\/297
|
|turn|7
|c| CleanerThanRotom-W|is there even a hardcounter to rage zard
|c|âjake5|LOL its slowhoe
|
|switch|p1a: Wigglytuff.|Clefable, F|394\/394
|move|p2a: Charizard|Outrage|p1a: Wigglytuff.
|-immune|p1a: Wigglytuff.|[msg]
|
|turn|8
|c|âjake5|mega
|c|âjake5|who cares
|
|move|p2a: Charizard|Roost|p2a: Charizard
|-heal|p2a: Charizard|264\/297
|move|p1a: Wigglytuff.|Moonblast|p2a: Charizard
|-damage|p2a: Charizard|143\/297
|-unboost|p2a: Charizard|spa|1
|
|turn|9
|c| CleanerThanRotom-W|lol
|c|âjake5|good for ho
|c| CleanerThanRotom-W|theres literally 0
|c| CleanerThanRotom-W|for rage zard
|c| CleanerThanRotom-W|even mega bro
|c| CleanerThanRotom-W|took 50
|c|âjake5|thats the point
|c| CleanerThanRotom-W|ye
|
|move|p2a: Charizard|Roost|p2a: Charizard
|-heal|p2a: Charizard|292\/297
|move|p1a: Wigglytuff.|Moonblast|p2a: Charizard
|-damage|p2a: Charizard|175\/297
|
|turn|10
|
|move|p2a: Charizard|Flare Blitz|p1a: Wigglytuff.
|-damage|p1a: Wigglytuff.|153\/394
|-damage|p2a: Charizard|95\/297|[from] recoil|[of] p1a: Wigglytuff.
|move|p1a: Wigglytuff.|Moonblast|p2a: Charizard
|-damage|p2a: Charizard|0 fnt
|faint|p2a: Charizard
|
|-heal|p1a: Wigglytuff.|177\/394|[from] item: Leftovers
|c|âjake5|lel gay unaware
|
|switch|p2a: Greninja|Greninja, M, shiny|285\/285
|turn|11
|
|switch|p1a: Aegislash.|Doublade, F, shiny|322\/322
|move|p2a: Greninja|Gunk Shot|p1a: Aegislash.
|-start|p2a: Greninja|typechange|Poison|[from] Protean
|-immune|p1a: Aegislash.|[msg]
|
|turn|12
|
|switch|p2a: Landorus|Landorus, M, shiny|345\/345
|move|p1a: Aegislash.|Gyro Ball|p2a: Landorus
|-damage|p2a: Landorus|215\/345
|
|turn|13
|c| CleanerThanRotom-W|still did too much,,,
|c|âjake5|that did nothing lol
|c| CleanerThanRotom-W|LOL
|c| CleanerThanRotom-W|61
|c| CleanerThanRotom-W|>did nothing
|c|âjake5|oh you mean to clefable
|
|switch|p2a: Manaphy|Manaphy, shiny|404\/404
|switch|p1a: Wobbuffet.|Gothitelle, F|301\/301
|
|turn|14
|c| CleanerThanRotom-W|ye
|c|âjake5|LOL whatwas that about
|
|move|p1a: Wobbuffet.|Trick|p2a: Manaphy
|-activate|p1a: Wobbuffet.|move: Trick|[of] p2a: Manaphy
|-item|p2a: Manaphy|Choice Scarf|[from] move: Trick
|-item|p1a: Wobbuffet.|Leftovers|[from] move: Trick
|move|p2a: Manaphy|Scald|p1a: Wobbuffet.
|-damage|p1a: Wobbuffet.|216\/301
|
|-heal|p1a: Wobbuffet.|234\/301|[from] item: Leftovers
|turn|15
|c| CleanerThanRotom-W|what u mean?
|
|move|p2a: Manaphy|Scald|p1a: Wobbuffet.
|-damage|p1a: Wobbuffet.|146\/301
|-status|p1a: Wobbuffet.|brn
|move|p1a: Wobbuffet.|Calm Mind|p1a: Wobbuffet.
|-boost|p1a: Wobbuffet.|spa|1
|-boost|p1a: Wobbuffet.|spd|1
|
|-heal|p1a: Wobbuffet.|164\/301 brn|[from] item: Leftovers
|-damage|p1a: Wobbuffet.|127\/301 brn|[from] brn
|turn|16
|c|âjake5|no i mean why would he switch int ogoth lol
|
|move|p2a: Manaphy|Scald|p1a: Wobbuffet.
|-damage|p1a: Wobbuffet.|70\/301 brn
|move|p1a: Wobbuffet.|Rest|p1a: Wobbuffet.
|-status|p1a: Wobbuffet.|slp
|-heal|p1a: Wobbuffet.|301\/301 slp|[silent]
|-status|p1a: Wobbuffet.|slp|[from] move: Rest
|
|turn|17
|leave|jake5
|player|p2
|c| CleanerThanRotom-W|if he doesnt want to get swept by mana
|c| CleanerThanRotom-W|he needs to
|c| CleanerThanRotom-W|lol
|c|âAegislash Returns|...gg
|-message|jake5 lost due to inactivity.
|
|win|Aegislash Returns
|raw|Ladder updating...
|raw|Aegislash Returns's rating: 1727 &rarr; <strong>1749<\/strong><br \/>(+22 for winning)
|raw|jake5's rating: 1763 &rarr; <strong>1741<\/strong><br \/>(-22 for losing)