|join|The Last Hero
|join|Aegislash Returns
|player|p1|The Last Hero|54
|player|p2|Aegislash Returns|274
|gametype|singles
|gen|6
|tier|OU
|rated
|clearpoke
|poke|p1|Lopunny, F
|poke|p1|Victini
|poke|p1|Rotom-Mow
|poke|p1|Rhyperior, M
|poke|p1|Dragonite, M
|poke|p1|Empoleon, M
|poke|p2|Doublade, M, shiny
|poke|p2|Chansey, F
|poke|p2|Slowbro, F
|poke|p2|Gothitelle, F
|poke|p2|Mandibuzz, F
|poke|p2|Clefable, F
|rule|Swagger Clause: Swagger is banned
|rule|Baton Pass Clause: Limit one PokÃ©mon knowing Baton Pass
|rule|Sleep Clause Mod: Limit one foe put to sleep
|rule|Species Clause: Limit one of each PokÃ©mon
|rule|OHKO Clause: OHKO moves are banned
|rule|Moody Clause: Moody is banned
|rule|Evasion Moves Clause: Evasion moves are banned
|rule|Endless Battle Clause: Forcing endless battles is banned
|rule|HP Percentage Mod: HP is shown in percentages
|teampreview
|
|start
|switch|p1a: Cortacabezas|Rotom-Mow|241\/241
|switch|p2a: Wobbuffet.|Gothitelle, F|301\/301
|turn|1
|
|move|p1a: Cortacabezas|Volt Switch|p2a: Wobbuffet.
|-damage|p2a: Wobbuffet.|210\/301
|
|switch|p1a: Bunny|Lopunny, F|271\/271
|move|p2a: Wobbuffet.|Trick|p1a: Bunny
|-fail|p1a: Bunny
|
|turn|2
|
|switch|p2a: Starmie.|Slowbro, F|394\/394
|detailschange|p1a: Bunny|Lopunny-Mega, F
|message|Lopunny has Mega Evolved into Mega Lopunny!
|move|p1a: Bunny|Return|p2a: Starmie.
|-damage|p2a: Starmie.|264\/394
|
|turn|3
|
|switch|p1a: Imperator|Empoleon, M|371\/371
|move|p2a: Starmie.|Calm Mind|p2a: Starmie.
|-boost|p2a: Starmie.|spa|1
|-boost|p2a: Starmie.|spd|1
|
|turn|4
|
|switch|p2a: Wobbuffet.|Gothitelle, F|210\/301
|move|p1a: Imperator|Scald|p2a: Wobbuffet.
|-damage|p2a: Wobbuffet.|119\/301
|
|turn|5
|
|move|p2a: Wobbuffet.|Trick|p1a: Imperator
|-activate|p2a: Wobbuffet.|move: Trick|[of] p1a: Imperator
|-item|p1a: Imperator|Choice Scarf|[from] move: Trick
|-item|p2a: Wobbuffet.|Leftovers|[from] move: Trick
|move|p1a: Imperator|Scald|p2a: Wobbuffet.
|-damage|p2a: Wobbuffet.|16\/301
|-status|p2a: Wobbuffet.|brn
|
|-heal|p2a: Wobbuffet.|34\/301 brn|[from] item: Leftovers
|-damage|p2a: Wobbuffet.|0 fnt|[from] brn
|faint|p2a: Wobbuffet.
|
|switch|p2a: Starmie.|Slowbro, F|394\/394
|turn|6
|
|switch|p1a: Victini|Victini|341\/341
|move|p2a: Starmie.|Calm Mind|p2a: Starmie.
|-boost|p2a: Starmie.|spa|1
|-boost|p2a: Starmie.|spd|1
|
|turn|7
|
|switch|p1a: Imperator|Empoleon, M|371\/371
|move|p2a: Starmie.|Scald|p1a: Imperator
|-resisted|p1a: Imperator
|-damage|p1a: Imperator|323\/371
|
|turn|8
|
|move|p1a: Imperator|Stealth Rock|p2a: Starmie.
|-sidestart|p2: Aegislash Returns|move: Stealth Rock
|move|p2a: Starmie.|Scald|p1a: Imperator
|-resisted|p1a: Imperator
|-damage|p1a: Imperator|272\/371
|
|turn|9
|
|switch|p1a: Cortacabezas|Rotom-Mow|241\/241
|move|p2a: Starmie.|Calm Mind|p2a: Starmie.
|-boost|p2a: Starmie.|spa|1
|-boost|p2a: Starmie.|spd|1
|
|turn|10
|
|move|p1a: Cortacabezas|Volt Switch|p2a: Starmie.
|-supereffective|p2a: Starmie.
|-damage|p2a: Starmie.|272\/394
|
|switch|p1a: Imperator|Empoleon, M|272\/371
|move|p2a: Starmie.|Slack Off|p2a: Starmie.
|-heal|p2a: Starmie.|394\/394
|
|turn|11
|
|move|p2a: Starmie.|Scald|p1a: Imperator
|-resisted|p1a: Imperator
|-damage|p1a: Imperator|209\/371
|move|p1a: Imperator|Roar|p2a: Starmie.
|drag|p2a: Blissey.|Chansey, F|642\/642
|-damage|p2a: Blissey.|562\/642|[from] Stealth Rock
|
|turn|12
|
|switch|p1a: Bunny|Lopunny-Mega, F|271\/271
|move|p2a: Blissey.|Stealth Rock|p1a: Bunny
|-sidestart|p1: The Last Hero|move: Stealth Rock
|
|turn|13
|
|switch|p1a: Cortacabezas|Rotom-Mow|241\/241
|-damage|p1a: Cortacabezas|211\/241|[from] Stealth Rock
|switch|p2a: Starmie.|Slowbro, F|394\/394
|-damage|p2a: Starmie.|345\/394|[from] Stealth Rock
|
|turn|14
|
|move|p1a: Cortacabezas|Trick|p2a: Starmie.
|-fail|p2a: Starmie.
|move|p2a: Starmie.|Slack Off|p2a: Starmie.
|-heal|p2a: Starmie.|394\/394
|
|turn|15
|
|switch|p1a: Imperator|Empoleon, M|209\/371
|-damage|p1a: Imperator|186\/371|[from] Stealth Rock
|move|p2a: Starmie.|Scald|p1a: Imperator
|-resisted|p1a: Imperator
|-damage|p1a: Imperator|152\/371
|
|turn|16
|
|move|p2a: Starmie.|Scald|p1a: Imperator
|-resisted|p1a: Imperator
|-damage|p1a: Imperator|120\/371
|move|p1a: Imperator|Roar|p2a: Starmie.
|drag|p2a: Honchkrow.|Mandibuzz, F|423\/423
|-damage|p2a: Honchkrow.|318\/423|[from] Stealth Rock
|
|-heal|p2a: Honchkrow.|344\/423|[from] item: Leftovers
|turn|17
|
|switch|p1a: Bunny|Lopunny-Mega, F|271\/271
|-damage|p1a: Bunny|255\/271|[from] Stealth Rock
|move|p2a: Honchkrow.|Toxic|p1a: Bunny
|-status|p1a: Bunny|tox
|
|-heal|p2a: Honchkrow.|370\/423|[from] item: Leftovers
|-damage|p1a: Bunny|239\/271 tox|[from] psn
|turn|18
|
|switch|p1a: Cortacabezas|Rotom-Mow|211\/241
|-damage|p1a: Cortacabezas|181\/241|[from] Stealth Rock
|move|p2a: Honchkrow.|Roost|p2a: Honchkrow.
|-heal|p2a: Honchkrow.|423\/423
|
|turn|19
|
|move|p1a: Cortacabezas|Thunderbolt|p2a: Honchkrow.
|-supereffective|p2a: Honchkrow.
|-damage|p2a: Honchkrow.|175\/423
|move|p2a: Honchkrow.|Toxic|p1a: Cortacabezas
|-status|p1a: Cortacabezas|tox
|
|-heal|p2a: Honchkrow.|201\/423|[from] item: Leftovers
|-damage|p1a: Cortacabezas|166\/241 tox|[from] psn
|turn|20
|
|switch|p1a: Bunny|Lopunny-Mega, F|239\/271 tox
|-damage|p1a: Bunny|223\/271 tox|[from] Stealth Rock
|switch|p2a: Aegislash.|Doublade, M, shiny|322\/322
|-damage|p2a: Aegislash.|302\/322|[from] Stealth Rock
|
|-damage|p1a: Bunny|207\/271 tox|[from] psn
|turn|21
|
|switch|p1a: Cortacabezas|Rotom-Mow|166\/241 tox
|-damage|p1a: Cortacabezas|136\/241 tox|[from] Stealth Rock
|switch|p2a: Wigglytuff.|Clefable, F|394\/394
|-damage|p2a: Wigglytuff.|345\/394|[from] Stealth Rock
|
|-heal|p2a: Wigglytuff.|369\/394|[from] item: Leftovers
|-damage|p1a: Cortacabezas|121\/241 tox|[from] psn
|turn|22
|
|switch|p1a: Victini|Victini|341\/341
|-damage|p1a: Victini|256\/341|[from] Stealth Rock
|switch|p2a: Aegislash.|Doublade, M, shiny|302\/322
|-damage|p2a: Aegislash.|282\/322|[from] Stealth Rock
|
|turn|23
|
|move|p1a: Victini|Thunder|p2a: Aegislash.
|-damage|p2a: Aegislash.|202\/322
|move|p2a: Aegislash.|Pursuit|p1a: Victini
|-supereffective|p1a: Victini
|-damage|p1a: Victini|192\/341
|
|turn|24
|
|move|p1a: Victini|Blue Flare|p2a: Aegislash.
|-supereffective|p2a: Aegislash.
|-damage|p2a: Aegislash.|0 fnt
|faint|p2a: Aegislash.
|
|
|switch|p2a: Blissey.|Chansey, F|562\/642
|-damage|p2a: Blissey.|482\/642|[from] Stealth Rock
|turn|25
|
|move|p1a: Victini|Blue Flare|p2a: Blissey.
|-damage|p2a: Blissey.|391\/642
|move|p2a: Blissey.|Seismic Toss|p1a: Victini
|-damage|p1a: Victini|92\/341
|
|turn|26
|
|move|p1a: Victini|Blue Flare|p2a: Blissey.|[miss]
|-miss|p1a: Victini|p2a: Blissey.
|move|p2a: Blissey.|Soft-Boiled|p2a: Blissey.
|-heal|p2a: Blissey.|642\/642
|
|turn|27
|
|move|p1a: Victini|Blue Flare|p2a: Blissey.
|-damage|p2a: Blissey.|546\/642
|move|p2a: Blissey.|Seismic Toss|p1a: Victini
|-damage|p1a: Victini|0 fnt
|faint|p1a: Victini
|
|
|switch|p1a: Cortacabezas|Rotom-Mow|121\/241 tox
|-damage|p1a: Cortacabezas|91\/241 tox|[from] Stealth Rock
|turn|28
|
|switch|p2a: Honchkrow.|Mandibuzz, F|201\/423
|-damage|p2a: Honchkrow.|96\/423|[from] Stealth Rock
|move|p1a: Cortacabezas|Volt Switch|p2a: Honchkrow.
|-supereffective|p2a: Honchkrow.
|-damage|p2a: Honchkrow.|0 fnt
|faint|p2a: Honchkrow.
|
|switch|p1a: Imperator|Empoleon, M|120\/371
|-damage|p1a: Imperator|97\/371|[from] Stealth Rock
|
|
|switch|p2a: Blissey.|Chansey, F|546\/642
|-damage|p2a: Blissey.|466\/642|[from] Stealth Rock
|turn|29
|
|move|p1a: Imperator|Scald|p2a: Blissey.
|-damage|p2a: Blissey.|384\/642
|move|p2a: Blissey.|Seismic Toss|p1a: Imperator
|-damage|p1a: Imperator|0 fnt
|faint|p1a: Imperator
|
|
|switch|p1a: Bunny|Lopunny-Mega, F|207\/271 tox
|-damage|p1a: Bunny|191\/271 tox|[from] Stealth Rock
|turn|30
|
|switch|p2a: Starmie.|Slowbro, F|394\/394
|-damage|p2a: Starmie.|345\/394|[from] Stealth Rock
|move|p1a: Bunny|High Jump Kick|p2a: Starmie.
|-resisted|p2a: Starmie.
|-damage|p2a: Starmie.|259\/394
|
|-damage|p1a: Bunny|175\/271 tox|[from] psn
|turn|31
|
|switch|p1a: Rhyno|Rhyperior, M|371\/371
|-damage|p1a: Rhyno|348\/371|[from] Stealth Rock
|move|p2a: Starmie.|Psyshock|p1a: Rhyno
|-damage|p1a: Rhyno|272\/371
|
|turn|32
|
|move|p1a: Rhyno|Megahorn|p2a: Starmie.
|-supereffective|p2a: Starmie.
|-damage|p2a: Starmie.|51\/394
|move|p2a: Starmie.|Scald|p1a: Rhyno
|-supereffective|p1a: Rhyno
|-damage|p1a: Rhyno|53\/371
|
|turn|33
|
|switch|p2a: Wigglytuff.|Clefable, F|369\/394
|-damage|p2a: Wigglytuff.|320\/394|[from] Stealth Rock
|move|p1a: Rhyno|Earthquake|p2a: Wigglytuff.
|-damage|p2a: Wigglytuff.|140\/394
|
|-heal|p2a: Wigglytuff.|164\/394|[from] item: Leftovers
|turn|34
|
|move|p2a: Wigglytuff.|Moonlight|p2a: Wigglytuff.
|-heal|p2a: Wigglytuff.|361\/394
|move|p1a: Rhyno|Earthquake|p2a: Wigglytuff.
|-damage|p2a: Wigglytuff.|181\/394
|
|-heal|p2a: Wigglytuff.|205\/394|[from] item: Leftovers
|turn|35
|
|move|p2a: Wigglytuff.|Moonlight|p2a: Wigglytuff.
|-heal|p2a: Wigglytuff.|394\/394
|move|p1a: Rhyno|Earthquake|p2a: Wigglytuff.
|-damage|p2a: Wigglytuff.|228\/394
|
|-heal|p2a: Wigglytuff.|252\/394|[from] item: Leftovers
|turn|36
|
|move|p2a: Wigglytuff.|Moonblast|p1a: Rhyno
|-damage|p1a: Rhyno|0 fnt
|faint|p1a: Rhyno
|
|-heal|p2a: Wigglytuff.|276\/394|[from] item: Leftovers
|
|switch|p1a: Dragoran|Dragonite, M|323\/323
|-damage|p1a: Dragoran|243\/323|[from] Stealth Rock
|turn|37
|
|move|p1a: Dragoran|Earthquake|p2a: Wigglytuff.
|-damage|p2a: Wigglytuff.|113\/394
|move|p2a: Wigglytuff.|Moonlight|p2a: Wigglytuff.
|-heal|p2a: Wigglytuff.|310\/394
|
|-heal|p2a: Wigglytuff.|334\/394|[from] item: Leftovers
|turn|38
|
|move|p1a: Dragoran|Earthquake|p2a: Wigglytuff.
|-damage|p2a: Wigglytuff.|146\/394
|move|p2a: Wigglytuff.|Moonblast|p1a: Dragoran
|-supereffective|p1a: Dragoran
|-damage|p1a: Dragoran|15\/323
|
|-heal|p2a: Wigglytuff.|170\/394|[from] item: Leftovers
|turn|39
|
|move|p1a: Dragoran|Earthquake|p2a: Wigglytuff.
|-damage|p2a: Wigglytuff.|5\/394
|move|p2a: Wigglytuff.|Moonlight|p2a: Wigglytuff.
|-heal|p2a: Wigglytuff.|202\/394
|
|-heal|p2a: Wigglytuff.|226\/394|[from] item: Leftovers
|turn|40
|
|move|p1a: Dragoran|Earthquake|p2a: Wigglytuff.
|-damage|p2a: Wigglytuff.|59\/394
|move|p2a: Wigglytuff.|Moonlight|p2a: Wigglytuff.
|-heal|p2a: Wigglytuff.|256\/394
|
|-heal|p2a: Wigglytuff.|280\/394|[from] item: Leftovers
|turn|41
|
|move|p1a: Dragoran|Earthquake|p2a: Wigglytuff.
|-damage|p2a: Wigglytuff.|109\/394
|move|p2a: Wigglytuff.|Moonlight|p2a: Wigglytuff.
|-heal|p2a: Wigglytuff.|306\/394
|
|-heal|p2a: Wigglytuff.|330\/394|[from] item: Leftovers
|turn|42
|
|move|p1a: Dragoran|Earthquake|p2a: Wigglytuff.
|-damage|p2a: Wigglytuff.|152\/394
|move|p2a: Wigglytuff.|Moonlight|p2a: Wigglytuff.
|-heal|p2a: Wigglytuff.|349\/394
|
|-heal|p2a: Wigglytuff.|373\/394|[from] item: Leftovers
|turn|43
|
|move|p1a: Dragoran|Earthquake|p2a: Wigglytuff.
|-damage|p2a: Wigglytuff.|197\/394
|move|p2a: Wigglytuff.|Moonblast|p1a: Dragoran
|-supereffective|p1a: Dragoran
|-damage|p1a: Dragoran|0 fnt
|faint|p1a: Dragoran
|
|-heal|p2a: Wigglytuff.|221\/394|[from] item: Leftovers
|
|switch|p1a: Bunny|Lopunny-Mega, F|175\/271 tox
|-damage|p1a: Bunny|159\/271 tox|[from] Stealth Rock
|turn|44
|
|switch|p2a: Blissey.|Chansey, F|384\/642
|-damage|p2a: Blissey.|304\/642|[from] Stealth Rock
|move|p1a: Bunny|Fake Out|p2a: Blissey.
|-damage|p2a: Blissey.|205\/642
|
|-damage|p1a: Bunny|143\/271 tox|[from] psn
|turn|45
|
|move|p1a: Bunny|Return|p2a: Blissey.
|-damage|p2a: Blissey.|0 fnt
|faint|p2a: Blissey.
|
|-damage|p1a: Bunny|111\/271 tox|[from] psn
|
|switch|p2a: Starmie.|Slowbro, F|182\/394
|-damage|p2a: Starmie.|133\/394|[from] Stealth Rock
|turn|46
|
|detailschange|p2a: Starmie.|Slowbro-Mega, F
|message|Slowbro has Mega Evolved into Mega Slowbro!
|move|p1a: Bunny|Return|p2a: Starmie.
|-damage|p2a: Starmie.|39\/394
|move|p2a: Starmie.|Slack Off|p2a: Starmie.
|-heal|p2a: Starmie.|236\/394
|
|-damage|p1a: Bunny|63\/271 tox|[from] psn
|turn|47
|
|move|p1a: Bunny|Return|p2a: Starmie.
|-damage|p2a: Starmie.|154\/394
|move|p2a: Starmie.|Slack Off|p2a: Starmie.
|-heal|p2a: Starmie.|351\/394
|
|-damage|p1a: Bunny|0 fnt|[from] psn
|faint|p1a: Bunny
|
|switch|p1a: Cortacabezas|Rotom-Mow|91\/241 tox
|-damage|p1a: Cortacabezas|61\/241 tox|[from] Stealth Rock
|turn|48
|
|move|p1a: Cortacabezas|Leaf Storm|p2a: Starmie.
|-supereffective|p2a: Starmie.
|-damage|p2a: Starmie.|0 fnt
|-unboost|p1a: Cortacabezas|spa|2
|faint|p2a: Starmie.
|
|-damage|p1a: Cortacabezas|46\/241 tox|[from] psn
|
|switch|p2a: Wigglytuff.|Clefable, F|221\/394
|-damage|p2a: Wigglytuff.|172\/394|[from] Stealth Rock
|turn|49
|
|move|p1a: Cortacabezas|Leaf Storm|p2a: Wigglytuff.|[miss]
|-miss|p1a: Cortacabezas|p2a: Wigglytuff.
|move|p2a: Wigglytuff.|Flamethrower|p1a: Cortacabezas
|-supereffective|p1a: Cortacabezas
|-damage|p1a: Cortacabezas|0 fnt
|faint|p1a: Cortacabezas
|
|win|Aegislash Returns
|raw|Ladder updating...
|raw|The Last Hero's rating: 1615 &rarr; <strong>1598<\/strong><br \/>(-17 for losing)
|raw|Aegislash Returns's rating: 1670 &rarr; <strong>1687<\/strong><br \/>(+17 for winning)
|leave|Aegislash Returns
|player|p2
|c|âThe Last Hero|it happens again...