|join|Aegislash Returns
|join|doublade45
|player|p1|Aegislash Returns|274
|player|p2|doublade45|170
|gametype|singles
|gen|6
|tier|OU
|rated
|clearpoke
|poke|p1|Doublade, F
|poke|p1|Chansey, F
|poke|p1|Slowbro, M
|poke|p1|Gothitelle, F
|poke|p1|Mandibuzz, F
|poke|p1|Quagsire, F
|poke|p2|Altaria, F
|poke|p2|Greninja, M
|poke|p2|Landorus-Therian, M
|poke|p2|Gastrodon, F
|poke|p2|Heatran, M
|poke|p2|Mew
|rule|Swagger Clause: Swagger is banned
|rule|Baton Pass Clause: Limit one PokÃ©mon knowing Baton Pass
|rule|Sleep Clause Mod: Limit one foe put to sleep
|rule|Species Clause: Limit one of each PokÃ©mon
|rule|OHKO Clause: OHKO moves are banned
|rule|Moody Clause: Moody is banned
|rule|Evasion Moves Clause: Evasion moves are banned
|rule|Endless Battle Clause: Forcing endless battles is banned
|rule|HP Percentage Mod: HP is shown in percentages
|teampreview
|
|start
|switch|p1a: Wobbuffet.|Gothitelle, F|301\/301
|switch|p2a: Landorus-Therian|Landorus-Therian, M|319\/319
|-ability|p2a: Landorus-Therian|Intimidate|[of] p1a: Wobbuffet.
|-unboost|p1a: Wobbuffet.|atk|1
|turn|1
|
|switch|p1a: Honchkrow.|Mandibuzz, F|423\/423
|move|p2a: Landorus-Therian|U-turn|p1a: Honchkrow.
|-damage|p1a: Honchkrow.|353\/423
|
|switch|p2a: Altaria|Altaria, F|351\/351
|
|-heal|p1a: Honchkrow.|379\/423|[from] item: Leftovers
|turn|2
|
|switch|p2a: Mew|Mew|404\/404
|switch|p1a: Aegislash.|Doublade, F|322\/322
|
|turn|3
|
|switch|p1a: Starmie.|Slowbro, M|394\/394
|move|p2a: Mew|Knock Off|p1a: Starmie.
|-supereffective|p1a: Starmie.
|-damage|p1a: Starmie.|328\/394
|
|turn|4
|
|move|p2a: Mew|Will-O-Wisp|p1a: Starmie.
|-status|p1a: Starmie.|brn
|move|p1a: Starmie.|Calm Mind|p1a: Starmie.
|-boost|p1a: Starmie.|spa|1
|-boost|p1a: Starmie.|spd|1
|
|-damage|p1a: Starmie.|279\/394 brn|[from] brn
|turn|5
|
|switch|p2a: Gastrodon|Gastrodon, F|426\/426
|move|p1a: Starmie.|Calm Mind|p1a: Starmie.
|-boost|p1a: Starmie.|spa|1
|-boost|p1a: Starmie.|spd|1
|
|-damage|p1a: Starmie.|230\/394 brn|[from] brn
|turn|6
|
|move|p2a: Gastrodon|Clear Smog|p1a: Starmie.
|-damage|p1a: Starmie.|207\/394 brn
|-clearboost|p1a: Starmie.
|move|p1a: Starmie.|Psyshock|p2a: Gastrodon
|-damage|p2a: Gastrodon|342\/426
|
|-heal|p2a: Gastrodon|368\/426|[from] item: Leftovers
|-damage|p1a: Starmie.|158\/394 brn|[from] brn
|turn|7
|
|switch|p2a: Altaria|Altaria, F|351\/351
|move|p1a: Starmie.|Slack Off|p1a: Starmie.
|-heal|p1a: Starmie.|355\/394 brn
|
|-damage|p1a: Starmie.|306\/394 brn|[from] brn
|turn|8
|
|switch|p1a: Aegislash.|Doublade, F|322\/322
|detailschange|p2a: Altaria|Altaria-Mega, F
|message|Altaria has Mega Evolved into Mega Altaria!
|move|p2a: Altaria|Fire Blast|p1a: Aegislash.
|-supereffective|p1a: Aegislash.
|-damage|p1a: Aegislash.|188\/322
|
|turn|9
|
|move|p2a: Altaria|Fire Blast|p1a: Aegislash.
|-supereffective|p1a: Aegislash.
|-damage|p1a: Aegislash.|60\/322
|move|p1a: Aegislash.|Gyro Ball|p2a: Altaria
|-supereffective|p2a: Altaria
|-damage|p2a: Altaria|205\/351
|
|turn|10
|
|switch|p1a: Blissey.|Chansey, F|642\/642
|move|p2a: Altaria|Roost|p2a: Altaria
|-heal|p2a: Altaria|351\/351
|
|turn|11
|
|switch|p2a: Heatran|Heatran, M|386\/386
|move|p1a: Blissey.|Stealth Rock|p2a: Heatran
|-sidestart|p2: doublade45|move: Stealth Rock
|
|turn|12
|
|switch|p1a: Starmie.|Slowbro, M|394\/394 brn
|move|p2a: Heatran|Taunt|p1a: Starmie.
|-start|p1a: Starmie.|move: Taunt
|
|-damage|p1a: Starmie.|345\/394 brn|[from] brn
|turn|13
|
|move|p2a: Heatran|Stealth Rock|p1a: Starmie.
|-sidestart|p1: Aegislash Returns|move: Stealth Rock
|move|p1a: Starmie.|Scald|p2a: Heatran
|-supereffective|p2a: Heatran
|-damage|p2a: Heatran|234\/386
|
|-heal|p2a: Heatran|258\/386|[from] item: Leftovers
|-damage|p1a: Starmie.|296\/394 brn|[from] brn
|turn|14
|
|switch|p2a: Altaria|Altaria-Mega, F|351\/351
|-damage|p2a: Altaria|308\/351|[from] Stealth Rock
|switch|p1a: Aegislash.|Doublade, F|60\/322
|-damage|p1a: Aegislash.|40\/322|[from] Stealth Rock
|
|turn|15
|
|switch|p1a: Blissey.|Chansey, F|642\/642
|-damage|p1a: Blissey.|562\/642|[from] Stealth Rock
|move|p2a: Altaria|Hyper Voice|p1a: Blissey.
|-damage|p1a: Blissey.|481\/642
|
|turn|16
|
|switch|p2a: Mew|Mew|404\/404
|-damage|p2a: Mew|354\/404|[from] Stealth Rock
|move|p1a: Blissey.|Seismic Toss|p2a: Mew
|-damage|p2a: Mew|254\/404
|
|-heal|p2a: Mew|279\/404|[from] item: Leftovers
|turn|17
|
|switch|p1a: Starmie.|Slowbro, M|394\/394 brn
|-damage|p1a: Starmie.|345\/394 brn|[from] Stealth Rock
|move|p2a: Mew|Knock Off|p1a: Starmie.
|-supereffective|p1a: Starmie.
|-damage|p1a: Starmie.|279\/394 brn
|
|-heal|p2a: Mew|304\/404|[from] item: Leftovers
|-damage|p1a: Starmie.|230\/394 brn|[from] brn
|turn|18
|
|move|p2a: Mew|Taunt|p1a: Starmie.
|-start|p1a: Starmie.|move: Taunt
|cant|p1a: Starmie.|move: Taunt|Calm Mind
|
|-heal|p2a: Mew|329\/404|[from] item: Leftovers
|-damage|p1a: Starmie.|181\/394 brn|[from] brn
|turn|19
|
|move|p2a: Mew|Knock Off|p1a: Starmie.
|-supereffective|p1a: Starmie.
|-damage|p1a: Starmie.|113\/394 brn
|move|p1a: Starmie.|Scald|p2a: Mew
|-damage|p2a: Mew|257\/404
|-status|p2a: Mew|brn
|
|-heal|p2a: Mew|282\/404 brn|[from] item: Leftovers
|-damage|p2a: Mew|232\/404 brn|[from] brn
|-damage|p1a: Starmie.|64\/394 brn|[from] brn
|turn|20
|
|switch|p1a: Swampert.|Quagsire, F|394\/394
|-damage|p1a: Swampert.|370\/394|[from] Stealth Rock
|move|p2a: Mew|Knock Off|p1a: Swampert.
|-damage|p1a: Swampert.|341\/394
|-enditem|p1a: Swampert.|Leftovers|[from] move: Knock Off|[of] p2a: Mew
|
|-heal|p2a: Mew|257\/404 brn|[from] item: Leftovers
|-damage|p2a: Mew|207\/404 brn|[from] brn
|turn|21
|
|switch|p2a: Altaria|Altaria-Mega, F|308\/351
|-damage|p2a: Altaria|265\/351|[from] Stealth Rock
|move|p1a: Swampert.|Earthquake|p2a: Altaria
|-damage|p2a: Altaria|190\/351
|
|turn|22
|
|switch|p1a: Starmie.|Slowbro, M|195\/394 brn
|-damage|p1a: Starmie.|146\/394 brn|[from] Stealth Rock
|move|p2a: Altaria|Roost|p2a: Altaria
|-heal|p2a: Altaria|351\/351
|
|-damage|p1a: Starmie.|97\/394 brn|[from] brn
|turn|23
|
|switch|p1a: Blissey.|Chansey, F|481\/642
|-damage|p1a: Blissey.|401\/642|[from] Stealth Rock
|move|p2a: Altaria|Hyper Voice|p1a: Blissey.
|-damage|p1a: Blissey.|325\/642
|
|turn|24
|
|move|p2a: Altaria|Heal Bell|p2a: Altaria
|-cureteam|p2a: Altaria|[from] move: HealBell
|move|p1a: Blissey.|Soft-Boiled|p1a: Blissey.
|-heal|p1a: Blissey.|642\/642
|
|turn|25
|
|switch|p2a: Mew|Mew|207\/404
|-damage|p2a: Mew|157\/404|[from] Stealth Rock
|switch|p1a: Wobbuffet.|Gothitelle, F|301\/301
|-damage|p1a: Wobbuffet.|264\/301|[from] Stealth Rock
|
|-heal|p2a: Mew|182\/404|[from] item: Leftovers
|turn|26
|
|move|p1a: Wobbuffet.|Trick|p2a: Mew
|-activate|p1a: Wobbuffet.|move: Trick|[of] p2a: Mew
|-item|p2a: Mew|Choice Scarf|[from] move: Trick
|-item|p1a: Wobbuffet.|Leftovers|[from] move: Trick
|move|p2a: Mew|Knock Off|p1a: Wobbuffet.
|-supereffective|p1a: Wobbuffet.
|-damage|p1a: Wobbuffet.|96\/301
|-enditem|p1a: Wobbuffet.|Leftovers|[from] move: Knock Off|[of] p2a: Mew
|
|turn|27
|
|switch|p1a: Honchkrow.|Mandibuzz, F|379\/423
|-damage|p1a: Honchkrow.|274\/423|[from] Stealth Rock
|move|p2a: Mew|Knock Off|p1a: Honchkrow.
|-resisted|p1a: Honchkrow.
|-damage|p1a: Honchkrow.|247\/423
|-enditem|p1a: Honchkrow.|Leftovers|[from] move: Knock Off|[of] p2a: Mew
|
|turn|28
|
|switch|p2a: Greninja|Greninja, M|285\/285
|-damage|p2a: Greninja|250\/285|[from] Stealth Rock
|move|p1a: Honchkrow.|Defog|p2a: Greninja
|-unboost|p2a: Greninja|evasion|1
|-sideend|p2: doublade45|Stealth Rock|[from] move: Defog|[of] p2a: Greninja
|-sideend|p1: Aegislash Returns|Stealth Rock|[from] move: Defog|[of] p1a: Honchkrow.
|
|turn|29
|
|switch|p1a: Blissey.|Chansey, F|642\/642
|move|p2a: Greninja|Gunk Shot|p1a: Blissey.
|-start|p2a: Greninja|typechange|Poison|[from] Protean
|-damage|p1a: Blissey.|399\/642
|-damage|p2a: Greninja|222\/285|[from] item: Life Orb
|
|turn|30
|
|switch|p2a: Heatran|Heatran, M|258\/386
|move|p1a: Blissey.|Soft-Boiled|p1a: Blissey.
|-heal|p1a: Blissey.|642\/642
|
|-heal|p2a: Heatran|282\/386|[from] item: Leftovers
|turn|31
|
|move|p2a: Heatran|Toxic|p1a: Blissey.
|-status|p1a: Blissey.|tox
|move|p1a: Blissey.|Seismic Toss|p2a: Heatran
|-damage|p2a: Heatran|182\/386
|
|-heal|p2a: Heatran|206\/386|[from] item: Leftovers
|-damage|p1a: Blissey.|602\/642 tox|[from] psn
|turn|32
|
|move|p2a: Heatran|Taunt|p1a: Blissey.
|-start|p1a: Blissey.|move: Taunt
|move|p1a: Blissey.|Seismic Toss|p2a: Heatran
|-damage|p2a: Heatran|106\/386
|
|-heal|p2a: Heatran|130\/386|[from] item: Leftovers
|-damage|p1a: Blissey.|522\/642 tox|[from] psn
|turn|33
|
|move|p2a: Heatran|Stealth Rock|p1a: Blissey.
|-sidestart|p1: Aegislash Returns|move: Stealth Rock
|move|p1a: Blissey.|Seismic Toss|p2a: Heatran
|-damage|p2a: Heatran|30\/386
|
|-heal|p2a: Heatran|54\/386|[from] item: Leftovers
|-damage|p1a: Blissey.|402\/642 tox|[from] psn
|turn|34
|
|switch|p2a: Landorus-Therian|Landorus-Therian, M|319\/319
|-ability|p2a: Landorus-Therian|Intimidate|[of] p1a: Blissey.
|-unboost|p1a: Blissey.|atk|1
|switch|p1a: Aegislash.|Doublade, F|40\/322
|-damage|p1a: Aegislash.|20\/322|[from] Stealth Rock
|
|turn|35
|
|move|p2a: Landorus-Therian|Earthquake|p1a: Aegislash.
|-supereffective|p1a: Aegislash.
|-damage|p1a: Aegislash.|0 fnt
|faint|p1a: Aegislash.
|
|
|switch|p1a: Honchkrow.|Mandibuzz, F|247\/423
|-damage|p1a: Honchkrow.|142\/423|[from] Stealth Rock
|turn|36
|
|switch|p2a: Heatran|Heatran, M|54\/386
|move|p1a: Honchkrow.|Defog|p2a: Heatran
|-unboost|p2a: Heatran|evasion|1
|-sideend|p1: Aegislash Returns|Stealth Rock|[from] move: Defog|[of] p1a: Honchkrow.
|
|-heal|p2a: Heatran|78\/386|[from] item: Leftovers
|turn|37
|
|move|p2a: Heatran|Stealth Rock|p1a: Honchkrow.
|-sidestart|p1: Aegislash Returns|move: Stealth Rock
|move|p1a: Honchkrow.|Foul Play|p2a: Heatran
|-damage|p2a: Heatran|3\/386
|
|-heal|p2a: Heatran|27\/386|[from] item: Leftovers
|turn|38
|
|move|p2a: Heatran|Lava Plume|p1a: Honchkrow.
|-damage|p1a: Honchkrow.|25\/423
|move|p1a: Honchkrow.|Foul Play|p2a: Heatran
|-damage|p2a: Heatran|0 fnt
|faint|p2a: Heatran
|
|
|switch|p2a: Landorus-Therian|Landorus-Therian, M|319\/319
|-ability|p2a: Landorus-Therian|Intimidate|[of] p1a: Honchkrow.
|-unboost|p1a: Honchkrow.|atk|1
|turn|39
|
|move|p2a: Landorus-Therian|U-turn|p1a: Honchkrow.
|-damage|p1a: Honchkrow.|0 fnt
|faint|p1a: Honchkrow.
|
|switch|p2a: Mew|Mew|182\/404
|
|
|switch|p1a: Starmie.|Slowbro, M|228\/394 brn
|-damage|p1a: Starmie.|179\/394 brn|[from] Stealth Rock
|turn|40
|
|switch|p1a: Wobbuffet.|Gothitelle, F|96\/301
|-damage|p1a: Wobbuffet.|59\/301|[from] Stealth Rock
|move|p2a: Mew|Taunt|p1a: Wobbuffet.
|-start|p1a: Wobbuffet.|move: Taunt
|
|turn|41
|
|move|p2a: Mew|Taunt|p1a: Wobbuffet.
|-fail|p1a: Wobbuffet.
|move|p1a: Wobbuffet.|Psyshock|p2a: Mew
|-resisted|p2a: Mew
|-damage|p2a: Mew|130\/404
|
|turn|42
|
|move|p2a: Mew|Taunt|p1a: Wobbuffet.
|-fail|p1a: Wobbuffet.
|move|p1a: Wobbuffet.|Psyshock|p2a: Mew
|-resisted|p2a: Mew
|-damage|p2a: Mew|70\/404
|
|turn|43
|
|move|p2a: Mew|Taunt|p1a: Wobbuffet.
|-fail|p1a: Wobbuffet.
|move|p1a: Wobbuffet.|Psyshock|p2a: Mew
|-resisted|p2a: Mew
|-damage|p2a: Mew|18\/404
|
|-end|p1a: Wobbuffet.|move: Taunt
|turn|44
|
|move|p2a: Mew|Taunt|p1a: Wobbuffet.
|-start|p1a: Wobbuffet.|move: Taunt
|move|p1a: Wobbuffet.|Psyshock|p2a: Mew
|-resisted|p2a: Mew
|-damage|p2a: Mew|0 fnt
|faint|p2a: Mew
|
|
|switch|p2a: Landorus-Therian|Landorus-Therian, M|319\/319
|-ability|p2a: Landorus-Therian|Intimidate|[of] p1a: Wobbuffet.
|-unboost|p1a: Wobbuffet.|atk|1
|turn|45
|
|switch|p1a: Swampert.|Quagsire, F|341\/394
|-damage|p1a: Swampert.|317\/394|[from] Stealth Rock
|move|p2a: Landorus-Therian|U-turn|p1a: Swampert.
|-crit|p1a: Swampert.
|-damage|p1a: Swampert.|216\/394
|
|switch|p2a: Altaria|Altaria-Mega, F|351\/351
|
|turn|46
|
|switch|p2a: Landorus-Therian|Landorus-Therian, M|319\/319
|-ability|p2a: Landorus-Therian|Intimidate|[of] p1a: Swampert.
|-unboost|p1a: Swampert.|atk|1
|move|p1a: Swampert.|Recover|p1a: Swampert.
|-heal|p1a: Swampert.|394\/394
|
|turn|47
|
|move|p2a: Landorus-Therian|U-turn|p1a: Swampert.
|-damage|p1a: Swampert.|327\/394
|
|switch|p2a: Gastrodon|Gastrodon, F|368\/426
|move|p1a: Swampert.|Toxic|p2a: Gastrodon
|-status|p2a: Gastrodon|tox
|
|-heal|p2a: Gastrodon|394\/426 tox|[from] item: Leftovers
|-damage|p2a: Gastrodon|368\/426 tox|[from] psn
|turn|48
|
|switch|p2a: Altaria|Altaria-Mega, F|351\/351
|switch|p1a: Starmie.|Slowbro, M|310\/394 brn
|-damage|p1a: Starmie.|261\/394 brn|[from] Stealth Rock
|
|-damage|p1a: Starmie.|212\/394 brn|[from] brn
|turn|49
|
|switch|p2a: Landorus-Therian|Landorus-Therian, M|319\/319
|-ability|p2a: Landorus-Therian|Intimidate|[of] p1a: Starmie.
|-unboost|p1a: Starmie.|atk|1
|switch|p1a: Blissey.|Chansey, F|402\/642
|-damage|p1a: Blissey.|322\/642|[from] Stealth Rock
|
|turn|50
|
|move|p2a: Landorus-Therian|Superpower|p1a: Blissey.
|-supereffective|p1a: Blissey.
|-damage|p1a: Blissey.|0 fnt
|-unboost|p2a: Landorus-Therian|atk|1
|-unboost|p2a: Landorus-Therian|def|1
|faint|p1a: Blissey.
|
|
|switch|p1a: Starmie.|Slowbro, M|343\/394 brn
|-damage|p1a: Starmie.|294\/394 brn|[from] Stealth Rock
|turn|51
|
|switch|p2a: Altaria|Altaria-Mega, F|351\/351
|switch|p1a: Wobbuffet.|Gothitelle, F|59\/301
|-damage|p1a: Wobbuffet.|22\/301|[from] Stealth Rock
|
|turn|52
|
|move|p1a: Wobbuffet.|Rest|p1a: Wobbuffet.
|-status|p1a: Wobbuffet.|slp
|-heal|p1a: Wobbuffet.|301\/301 slp|[silent]
|-status|p1a: Wobbuffet.|slp|[from] move: Rest
|move|p2a: Altaria|Hyper Voice|p1a: Wobbuffet.
|-damage|p1a: Wobbuffet.|153\/301 slp
|
|turn|53
|
|cant|p1a: Wobbuffet.|slp
|move|p2a: Altaria|Hyper Voice|p1a: Wobbuffet.
|-damage|p1a: Wobbuffet.|17\/301 slp
|
|turn|54
|
|cant|p1a: Wobbuffet.|slp
|move|p2a: Altaria|Hyper Voice|p1a: Wobbuffet.
|-damage|p1a: Wobbuffet.|0 fnt
|faint|p1a: Wobbuffet.
|
|
|switch|p1a: Starmie.|Slowbro, M|394\/394 brn
|-damage|p1a: Starmie.|345\/394 brn|[from] Stealth Rock
|turn|55
|
|move|p2a: Altaria|Hyper Voice|p1a: Starmie.
|-damage|p1a: Starmie.|177\/394 brn
|move|p1a: Starmie.|Calm Mind|p1a: Starmie.
|-boost|p1a: Starmie.|spa|1
|-boost|p1a: Starmie.|spd|1
|
|-damage|p1a: Starmie.|128\/394 brn|[from] brn
|turn|56
|
|move|p2a: Altaria|Heal Bell|p2a: Altaria
|-cureteam|p2a: Altaria|[from] move: HealBell
|move|p1a: Starmie.|Slack Off|p1a: Starmie.
|-heal|p1a: Starmie.|325\/394 brn
|
|-damage|p1a: Starmie.|276\/394 brn|[from] brn
|turn|57
|
|switch|p2a: Gastrodon|Gastrodon, F|368\/426
|detailschange|p1a: Starmie.|Slowbro-Mega, M
|message|Slowbro has Mega Evolved into Mega Slowbro!
|move|p1a: Starmie.|Psyshock|p2a: Gastrodon
|-damage|p2a: Gastrodon|193\/426
|
|-heal|p2a: Gastrodon|219\/426|[from] item: Leftovers
|-damage|p1a: Starmie.|227\/394 brn|[from] brn
|turn|58
|
|move|p2a: Gastrodon|Clear Smog|p1a: Starmie.
|-damage|p1a: Starmie.|198\/394 brn
|-clearboost|p1a: Starmie.
|move|p1a: Starmie.|Psyshock|p2a: Gastrodon
|-damage|p2a: Gastrodon|105\/426
|
|-heal|p2a: Gastrodon|131\/426|[from] item: Leftovers
|-damage|p1a: Starmie.|149\/394 brn|[from] brn
|turn|59
|
|switch|p2a: Greninja|Greninja, M|222\/285
|move|p1a: Starmie.|Slack Off|p1a: Starmie.
|-heal|p1a: Starmie.|346\/394 brn
|
|-damage|p1a: Starmie.|297\/394 brn|[from] brn
|turn|60
|
|move|p2a: Greninja|Dark Pulse|p1a: Starmie.
|-start|p2a: Greninja|typechange|Dark|[from] Protean
|-supereffective|p1a: Starmie.
|-damage|p1a: Starmie.|0 fnt
|-damage|p2a: Greninja|194\/285|[from] item: Life Orb
|faint|p1a: Starmie.
|
|-message|Aegislash Returns forfeited.
|
|win|doublade45
|raw|Ladder updating...
|leave|Aegislash Returns
|player|p1
|raw|Aegislash Returns's rating: 1757 &rarr; <strong>1736<\/strong><br \/>(-21 for losing)
|raw|doublade45's rating: 1740 &rarr; <strong>1761<\/strong><br \/>(+21 for winning)