|join|Aegislash Returns
|join|Metal Sonic
|player|p1|Aegislash Returns|274
|player|p2|Metal Sonic|1
|gametype|singles
|gen|6
|tier|OU (suspect test)
|rated
|clearpoke
|poke|p1|Doublade, M
|poke|p1|Chansey, F
|poke|p1|Slowbro, F
|poke|p1|Gothitelle, F
|poke|p1|Mandibuzz, F
|poke|p1|Quagsire, F
|poke|p2|Dragonite, F
|poke|p2|Garchomp, F
|poke|p2|Lopunny, M
|poke|p2|Clefable, F
|poke|p2|Diggersby, M
|poke|p2|Gengar, F
|rule|Swagger Clause: Swagger is banned
|rule|Baton Pass Clause: Limit one PokÃ©mon knowing Baton Pass
|rule|Sleep Clause Mod: Limit one foe put to sleep
|rule|Species Clause: Limit one of each PokÃ©mon
|rule|OHKO Clause: OHKO moves are banned
|rule|Moody Clause: Moody is banned
|rule|Evasion Moves Clause: Evasion moves are banned
|rule|Endless Battle Clause: Forcing endless battles is banned
|rule|HP Percentage Mod: HP is shown in percentages
|teampreview
|c|âMetal Sonic|aegislash
|c|âMetal Sonic|my greatest fear
|
|start
|switch|p1a: Starmie.|Slowbro, F|394\/394
|switch|p2a: Garchomp|Garchomp, F|420\/420
|turn|1
|c|âAegislash Returns|lol you should be afraid :P
|
|move|p2a: Garchomp|Toxic|p1a: Starmie.
|-status|p1a: Starmie.|tox
|move|p1a: Starmie.|Calm Mind|p1a: Starmie.
|-boost|p1a: Starmie.|spa|1
|-boost|p1a: Starmie.|spd|1
|
|-damage|p1a: Starmie.|370\/394 tox|[from] psn
|turn|2
|c|âMetal Sonic|ok, show me something good
|
|switch|p2a: Clefable|Clefable, F|393\/393
|move|p1a: Starmie.|Scald|p2a: Clefable
|-crit|p2a: Clefable
|-damage|p2a: Clefable|201\/393
|-status|p2a: Clefable|brn
|
|-damage|p1a: Starmie.|322\/394 tox|[from] psn
|turn|3
|c|âMetal Sonic|against my god rabbits
|
|move|p2a: Clefable|Soft-Boiled|p2a: Clefable
|-heal|p2a: Clefable|393\/393 brn
|move|p1a: Starmie.|Psyshock|p2a: Clefable
|-damage|p2a: Clefable|230\/393 brn
|
|-damage|p1a: Starmie.|250\/394 tox|[from] psn
|turn|4
|
|switch|p1a: Blissey.|Chansey, F|642\/642
|move|p2a: Clefable|Soft-Boiled|p2a: Clefable
|-heal|p2a: Clefable|393\/393 brn
|
|turn|5
|
|switch|p2a: Garchomp|Garchomp, F|420\/420
|move|p1a: Blissey.|Stealth Rock|p2a: Garchomp
|-sidestart|p2: Metal Sonic|move: Stealth Rock
|
|turn|6
|
|switch|p1a: Starmie.|Slowbro, F|381\/394 tox
|move|p2a: Garchomp|Stealth Rock|p1a: Starmie.
|-sidestart|p1: Aegislash Returns|move: Stealth Rock
|
|-damage|p1a: Starmie.|357\/394 tox|[from] psn
|turn|7
|
|switch|p2a: Clefable|Clefable, F|393\/393 brn
|switch|p1a: Wobbuffet.|Gothitelle, F|301\/301
|-damage|p1a: Wobbuffet.|264\/301|[from] Stealth Rock
|
|turn|8
|
|move|p1a: Wobbuffet.|Trick|p2a: Clefable
|-activate|p1a: Wobbuffet.|move: Trick|[of] p2a: Clefable
|-item|p2a: Clefable|Choice Scarf|[from] move: Trick
|-item|p1a: Wobbuffet.|Life Orb|[from] move: Trick
|move|p2a: Clefable|Moonblast|p1a: Wobbuffet.
|-damage|p1a: Wobbuffet.|168\/301
|
|turn|9
|
|move|p1a: Wobbuffet.|Calm Mind|p1a: Wobbuffet.
|-boost|p1a: Wobbuffet.|spa|1
|-boost|p1a: Wobbuffet.|spd|1
|move|p2a: Clefable|Moonblast|p1a: Wobbuffet.
|-damage|p1a: Wobbuffet.|102\/301
|-unboost|p1a: Wobbuffet.|spa|1
|
|turn|10
|
|move|p1a: Wobbuffet.|Calm Mind|p1a: Wobbuffet.
|-boost|p1a: Wobbuffet.|spa|1
|-boost|p1a: Wobbuffet.|spd|1
|move|p2a: Clefable|Moonblast|p1a: Wobbuffet.
|-damage|p1a: Wobbuffet.|50\/301
|-unboost|p1a: Wobbuffet.|spa|1
|
|turn|11
|
|move|p1a: Wobbuffet.|Rest|p1a: Wobbuffet.
|-status|p1a: Wobbuffet.|slp
|-heal|p1a: Wobbuffet.|301\/301 slp|[silent]
|-status|p1a: Wobbuffet.|slp|[from] move: Rest
|move|p2a: Clefable|Moonblast|p1a: Wobbuffet.
|-damage|p1a: Wobbuffet.|250\/301 slp
|
|turn|12
|
|cant|p1a: Wobbuffet.|slp
|move|p2a: Clefable|Moonblast|p1a: Wobbuffet.
|-damage|p1a: Wobbuffet.|196\/301 slp
|
|turn|13
|
|cant|p1a: Wobbuffet.|slp
|move|p2a: Clefable|Moonblast|p1a: Wobbuffet.
|-damage|p1a: Wobbuffet.|147\/301 slp
|
|turn|14
|c|âMetal Sonic|okay.... kill clefable
|c|âAegislash Returns|I'd rather set up lol
|
|-curestatus|p1a: Wobbuffet.|slp
|move|p1a: Wobbuffet.|Calm Mind|p1a: Wobbuffet.
|-boost|p1a: Wobbuffet.|spa|1
|-boost|p1a: Wobbuffet.|spd|1
|move|p2a: Clefable|Moonblast|p1a: Wobbuffet.
|-damage|p1a: Wobbuffet.|107\/301
|-unboost|p1a: Wobbuffet.|spa|1
|
|turn|15
|c|âMetal Sonic|i'll let you
|c|âMetal Sonic|but thats the only thing that you can kill
|c|âAegislash Returns|eh, let's just play this out
|
|move|p1a: Wobbuffet.|Calm Mind|p1a: Wobbuffet.
|-boost|p1a: Wobbuffet.|spa|1
|-boost|p1a: Wobbuffet.|spd|1
|move|p2a: Clefable|Moonblast|p1a: Wobbuffet.
|-damage|p1a: Wobbuffet.|73\/301
|
|turn|16
|c|âMetal Sonic|every other mon of mine ohkoes
|c|âMetal Sonic|:)
|
|move|p1a: Wobbuffet.|Rest|p1a: Wobbuffet.
|-status|p1a: Wobbuffet.|slp
|-heal|p1a: Wobbuffet.|301\/301 slp|[silent]
|-status|p1a: Wobbuffet.|slp|[from] move: Rest
|move|p2a: Clefable|Moonblast|p1a: Wobbuffet.
|-damage|p1a: Wobbuffet.|265\/301 slp
|
|turn|17
|
|cant|p1a: Wobbuffet.|slp
|move|p2a: Clefable|Moonblast|p1a: Wobbuffet.
|-damage|p1a: Wobbuffet.|234\/301 slp
|
|turn|18
|
|cant|p1a: Wobbuffet.|slp
|move|p2a: Clefable|Moonblast|p1a: Wobbuffet.
|-damage|p1a: Wobbuffet.|198\/301 slp
|
|turn|19
|
|-curestatus|p1a: Wobbuffet.|slp
|move|p1a: Wobbuffet.|Calm Mind|p1a: Wobbuffet.
|-boost|p1a: Wobbuffet.|spa|1
|-boost|p1a: Wobbuffet.|spd|1
|move|p2a: Clefable|Moonblast|p1a: Wobbuffet.
|-damage|p1a: Wobbuffet.|167\/301
|
|turn|20
|
|move|p1a: Wobbuffet.|Calm Mind|p1a: Wobbuffet.
|-boost|p1a: Wobbuffet.|spa|1
|-boost|p1a: Wobbuffet.|spd|1
|move|p2a: Clefable|Moonblast|p1a: Wobbuffet.
|-damage|p1a: Wobbuffet.|143\/301
|-unboost|p1a: Wobbuffet.|spa|1
|
|turn|21
|
|move|p1a: Wobbuffet.|Psychic|p2a: Clefable
|-damage|p2a: Clefable|84\/393 brn
|-damage|p1a: Wobbuffet.|113\/301|[from] item: Life Orb
|move|p2a: Clefable|Moonblast|p1a: Wobbuffet.
|-damage|p1a: Wobbuffet.|86\/301
|-unboost|p1a: Wobbuffet.|spa|1
|
|turn|22
|
|move|p1a: Wobbuffet.|Rest|p1a: Wobbuffet.
|-status|p1a: Wobbuffet.|slp
|-heal|p1a: Wobbuffet.|301\/301 slp|[silent]
|-status|p1a: Wobbuffet.|slp|[from] move: Rest
|move|p2a: Clefable|Moonblast|p1a: Wobbuffet.
|-damage|p1a: Wobbuffet.|274\/301 slp
|
|turn|23
|
|cant|p1a: Wobbuffet.|slp
|move|p2a: Clefable|Moonblast|p1a: Wobbuffet.
|-damage|p1a: Wobbuffet.|247\/301 slp
|
|turn|24
|
|cant|p1a: Wobbuffet.|slp
|move|p2a: Clefable|Moonblast|p1a: Wobbuffet.
|-damage|p1a: Wobbuffet.|223\/301 slp
|
|turn|25
|
|-curestatus|p1a: Wobbuffet.|slp
|move|p1a: Wobbuffet.|Calm Mind|p1a: Wobbuffet.
|-boost|p1a: Wobbuffet.|spa|1
|move|p2a: Clefable|Moonblast|p1a: Wobbuffet.
|-damage|p1a: Wobbuffet.|198\/301
|
|turn|26
|
|move|p1a: Wobbuffet.|Calm Mind|p1a: Wobbuffet.
|-boost|p1a: Wobbuffet.|spa|1
|move|p2a: Clefable|Moonblast|p1a: Wobbuffet.
|-damage|p1a: Wobbuffet.|173\/301
|
|turn|27
|
|move|p1a: Wobbuffet.|Calm Mind|p1a: Wobbuffet.
|-boost|p1a: Wobbuffet.|spa|1
|move|p2a: Clefable|Moonblast|p1a: Wobbuffet.
|-damage|p1a: Wobbuffet.|149\/301
|
|turn|28
|
|move|p1a: Wobbuffet.|Rest|p1a: Wobbuffet.
|-status|p1a: Wobbuffet.|slp
|-heal|p1a: Wobbuffet.|301\/301 slp|[silent]
|-status|p1a: Wobbuffet.|slp|[from] move: Rest
|move|p2a: Clefable|Moonblast|p1a: Wobbuffet.
|-damage|p1a: Wobbuffet.|274\/301 slp
|
|turn|29
|
|cant|p1a: Wobbuffet.|slp
|move|p2a: Clefable|Moonblast|p1a: Wobbuffet.
|-damage|p1a: Wobbuffet.|249\/301 slp
|
|turn|30
|
|cant|p1a: Wobbuffet.|slp
|move|p2a: Clefable|Moonblast|p1a: Wobbuffet.
|-damage|p1a: Wobbuffet.|222\/301 slp
|
|turn|31
|
|-curestatus|p1a: Wobbuffet.|slp
|move|p1a: Wobbuffet.|Trick|p2a: Clefable
|-activate|p1a: Wobbuffet.|move: Trick|[of] p2a: Clefable
|-item|p2a: Clefable|Life Orb|[from] move: Trick
|-item|p1a: Wobbuffet.|Choice Scarf|[from] move: Trick
|move|p2a: Clefable|Moonblast|p1a: Wobbuffet.
|-damage|p1a: Wobbuffet.|191\/301
|-unboost|p1a: Wobbuffet.|spa|1
|
|turn|32
|
|move|p1a: Wobbuffet.|Psychic|p2a: Clefable
|-damage|p2a: Clefable|0 fnt
|faint|p2a: Clefable
|
|c|âMetal Sonic|interesting
|c|âAegislash Returns|yeah, didn't get to get to +6 though e.e
|
|switch|p2a: Lopunny|Lopunny, M|271\/271
|-damage|p2a: Lopunny|238\/271|[from] Stealth Rock
|turn|33
|
|switch|p1a: Starmie.|Slowbro, F|394\/394 tox
|-damage|p1a: Starmie.|345\/394 tox|[from] Stealth Rock
|detailschange|p2a: Lopunny|Lopunny-Mega, M
|-mega|p2a: Lopunny|Lopunny|Lopunnite
|move|p2a: Lopunny|Fake Out|p1a: Starmie.
|-damage|p1a: Starmie.|291\/394 tox
|
|-damage|p1a: Starmie.|267\/394 tox|[from] psn
|turn|34
|c|âMetal Sonic|what did you wish to accomplish at +6
|c|âMetal Sonic|when i can chase you out like that
|c|âAegislash Returns|ya true lol
|
|move|p2a: Lopunny|Return|p1a: Starmie.
|-damage|p1a: Starmie.|149\/394 tox
|move|p1a: Starmie.|Scald|p2a: Lopunny
|-damage|p2a: Lopunny|135\/271
|
|-damage|p1a: Starmie.|101\/394 tox|[from] psn
|turn|35
|c|âMetal Sonic|thats why i told u to kill me quick lol
|
|switch|p1a: Swampert.|Quagsire, F|394\/394
|-damage|p1a: Swampert.|370\/394|[from] Stealth Rock
|move|p2a: Lopunny|High Jump Kick|p1a: Swampert.
|-damage|p1a: Swampert.|186\/394
|
|-heal|p1a: Swampert.|210\/394|[from] item: Leftovers
|turn|36
|
|switch|p2a: Garchomp|Garchomp, F|420\/420
|-damage|p2a: Garchomp|394\/420|[from] Stealth Rock
|move|p1a: Swampert.|Recover|p1a: Swampert.
|-heal|p1a: Swampert.|394\/394
|
|turn|37
|
|move|p1a: Swampert.|Toxic|p2a: Garchomp
|-status|p2a: Garchomp|tox
|move|p2a: Garchomp|Dragon Tail|p1a: Swampert.
|-crit|p1a: Swampert.
|-damage|p1a: Swampert.|291\/394
|drag|p1a: Starmie.|Slowbro, F|232\/394 tox
|-damage|p1a: Starmie.|183\/394 tox|[from] Stealth Rock
|
|-damage|p2a: Garchomp|368\/420 tox|[from] psn
|-damage|p1a: Starmie.|159\/394 tox|[from] psn
|turn|38
|
|switch|p2a: Gengar|Gengar, F|261\/261
|-damage|p2a: Gengar|229\/261|[from] Stealth Rock
|move|p1a: Starmie.|Slack Off|p1a: Starmie.
|-heal|p1a: Starmie.|356\/394 tox
|
|-damage|p1a: Starmie.|308\/394 tox|[from] psn
|turn|39
|
|switch|p1a: Wobbuffet.|Gothitelle, F|191\/301
|-damage|p1a: Wobbuffet.|154\/301|[from] Stealth Rock
|move|p2a: Gengar|Taunt|p1a: Wobbuffet.
|-start|p1a: Wobbuffet.|move: Taunt
|
|turn|40
|
|move|p1a: Wobbuffet.|Psychic|p2a: Gengar
|-supereffective|p2a: Gengar
|-damage|p2a: Gengar|0 fnt
|faint|p2a: Gengar
|
|
|switch|p2a: Dragonite|Dragonite, F|323\/323
|-damage|p2a: Dragonite|243\/323|[from] Stealth Rock
|turn|41
|
|move|p1a: Wobbuffet.|Psychic|p2a: Dragonite
|-damage|p2a: Dragonite|119\/323
|move|p2a: Dragonite|Dragon Dance|p2a: Dragonite
|-boost|p2a: Dragonite|atk|1
|-boost|p2a: Dragonite|spe|1
|
|turn|42
|
|move|p2a: Dragonite|Extreme Speed|p1a: Wobbuffet.
|-damage|p1a: Wobbuffet.|0 fnt
|-damage|p2a: Dragonite|87\/323|[from] item: Life Orb
|faint|p1a: Wobbuffet.
|
|
|switch|p1a: Swampert.|Quagsire, F|291\/394
|-damage|p1a: Swampert.|267\/394|[from] Stealth Rock
|turn|43
|
|move|p2a: Dragonite|Outrage|p1a: Swampert.
|-damage|p1a: Swampert.|24\/394
|-damage|p2a: Dragonite|55\/323|[from] item: Life Orb
|move|p1a: Swampert.|Recover|p1a: Swampert.
|-heal|p1a: Swampert.|221\/394
|
|-heal|p1a: Swampert.|245\/394|[from] item: Leftovers
|turn|44
|
|switch|p1a: Aegislash.|Doublade, M|322\/322
|-damage|p1a: Aegislash.|302\/322|[from] Stealth Rock
|move|p2a: Dragonite|Outrage|p1a: Aegislash.
|-crit|p1a: Aegislash.
|-resisted|p1a: Aegislash.
|-damage|p1a: Aegislash.|134\/322
|-damage|p2a: Dragonite|23\/323|[from] item: Life Orb
|
|-end|p2a: Dragonite|rampage
|-start|p2a: Dragonite|confusion
|turn|45
|
|-activate|p2a: Dragonite|confusion
|-damage|p2a: Dragonite|0 fnt|[from] confusion
|faint|p2a: Dragonite
|move|p1a: Aegislash.|Gyro Ball|p2: Dragonite|[notarget]
|-notarget
|
|
|switch|p2a: Lopunny|Lopunny-Mega, M|135\/271
|-damage|p2a: Lopunny|119\/271|[from] Stealth Rock
|turn|46
|
|move|p2a: Lopunny|High Jump Kick|p1a: Aegislash.
|-supereffective|p1a: Aegislash.
|-damage|p1a: Aegislash.|0 fnt
|faint|p1a: Aegislash.
|
|
|switch|p1a: Starmie.|Slowbro, F|394\/394 tox
|-damage|p1a: Starmie.|345\/394 tox|[from] Stealth Rock
|turn|47
|
|switch|p2a: Garchomp|Garchomp, F|368\/420 tox
|-damage|p2a: Garchomp|342\/420 tox|[from] Stealth Rock
|move|p1a: Starmie.|Psyshock|p2a: Garchomp
|-damage|p2a: Garchomp|275\/420 tox
|
|-damage|p2a: Garchomp|249\/420 tox|[from] psn
|-damage|p1a: Starmie.|321\/394 tox|[from] psn
|turn|48
|
|move|p1a: Starmie.|Scald|p2a: Garchomp
|-damage|p2a: Garchomp|138\/420 tox
|move|p2a: Garchomp|Dragon Tail|p1a: Starmie.|[miss]
|-miss|p2a: Garchomp|p1a: Starmie.
|
|-damage|p2a: Garchomp|86\/420 tox|[from] psn
|-damage|p1a: Starmie.|273\/394 tox|[from] psn
|turn|49
|
|switch|p1a: Blissey.|Chansey, F|642\/642
|-damage|p1a: Blissey.|562\/642|[from] Stealth Rock
|move|p2a: Garchomp|Earthquake|p1a: Blissey.
|-damage|p1a: Blissey.|373\/642
|
|-damage|p2a: Garchomp|8\/420 tox|[from] psn
|turn|50
|
|move|p1a: Blissey.|Heal Bell|p1a: Blissey.
|-cureteam|p1a: Blissey.|[from] move: HealBell
|move|p2a: Garchomp|Dragon Tail|p1a: Blissey.
|-damage|p1a: Blissey.|264\/642
|drag|p1a: Starmie.|Slowbro, F|394\/394
|-damage|p1a: Starmie.|345\/394|[from] Stealth Rock
|
|-damage|p2a: Garchomp|0 fnt|[from] psn
|faint|p2a: Garchomp
|c|âMetal Sonic|shit
|c|âMetal Sonic|dragon tail noob
|
|switch|p2a: Diggersby|Diggersby, M|311\/311
|-damage|p2a: Diggersby|292\/311|[from] Stealth Rock
|turn|51
|c|âMetal Sonic|why nvr out mandiebuzz
|c|âAegislash Returns|Mandibuzz is just gonna sit this one out :P
|
|detailschange|p1a: Starmie.|Slowbro-Mega, F
|-mega|p1a: Starmie.|Slowbro|Slowbronite
|move|p2a: Diggersby|Swords Dance|p2a: Diggersby
|-boost|p2a: Diggersby|atk|2
|move|p1a: Starmie.|Scald|p2a: Diggersby
|-crit|p2a: Diggersby
|-supereffective|p2a: Diggersby
|-damage|p2a: Diggersby|0 fnt
|faint|p2a: Diggersby
|
|
|switch|p2a: Lopunny|Lopunny-Mega, M|119\/271
|-damage|p2a: Lopunny|103\/271|[from] Stealth Rock
|turn|52
|c|âMetal Sonic|garchomp u lame
|c|âAegislash Returns|lol
|
|move|p2a: Lopunny|Return|p1a: Starmie.
|-damage|p1a: Starmie.|257\/394
|move|p1a: Starmie.|Psyshock|p2a: Lopunny
|-supereffective|p2a: Lopunny
|-damage|p2a: Lopunny|0 fnt
|faint|p2a: Lopunny
|
|win|Aegislash Returns
|raw|Ladder updating...
|c|âMetal Sonic|gg
|c|âAegislash Returns|gg