|join|Aegislash Returns
|join|Hydr0Strykker
|player|p1|Aegislash Returns|274
|player|p2|Hydr0Strykker|144
|gametype|singles
|gen|6
|tier|OU (suspect test)
|rated
|clearpoke
|poke|p1|Doublade, F
|poke|p1|Chansey, F
|poke|p1|Slowbro, M
|poke|p1|Gothitelle, M
|poke|p1|Mandibuzz, F
|poke|p1|Quagsire, F
|poke|p2|Swampert, M
|poke|p2|Magnezone
|poke|p2|Heatran, F
|poke|p2|Dragonite, M
|poke|p2|Conkeldurr, M
|poke|p2|Latias, F
|rule|Swagger Clause: Swagger is banned
|rule|Baton Pass Clause: Limit one PokÃ©mon knowing Baton Pass
|rule|Sleep Clause Mod: Limit one foe put to sleep
|rule|Species Clause: Limit one of each PokÃ©mon
|rule|OHKO Clause: OHKO moves are banned
|rule|Moody Clause: Moody is banned
|rule|Evasion Moves Clause: Evasion moves are banned
|rule|Endless Battle Clause: Forcing endless battles is banned
|rule|HP Percentage Mod: HP is shown in percentages
|teampreview
|c|âHydr0Strykker|:\/
|
|start
|switch|p1a: Swampert.|Quagsire, F|394\/394
|switch|p2a: Plane|Latias, F|319\/319
|turn|1
|
|switch|p1a: Aegislash.|Doublade, F|322\/322
|move|p2a: Plane|Psyshock|p1a: Aegislash.
|-resisted|p1a: Aegislash.
|-damage|p1a: Aegislash.|288\/322
|-damage|p2a: Plane|288\/319|[from] item: Life Orb
|
|turn|2
|
|move|p1a: Aegislash.|Pursuit|p2a: Plane|[from]Pursuit
|-supereffective|p2a: Plane
|-damage|p2a: Plane|140\/319
|switch|p2a: Estrondo|Conkeldurr, M|352\/352
|
|turn|3
|
|switch|p1a: Starmie.|Slowbro, M|394\/394
|move|p2a: Estrondo|Knock Off|p1a: Starmie.
|-supereffective|p1a: Starmie.
|-damage|p1a: Starmie.|278\/394
|
|turn|4
|
|switch|p2a: Spark|Magnezone|282\/282
|move|p1a: Starmie.|Calm Mind|p1a: Starmie.
|-boost|p1a: Starmie.|spa|1
|-boost|p1a: Starmie.|spd|1
|
|turn|5
|
|switch|p1a: Swampert.|Quagsire, F|394\/394
|move|p2a: Spark|Thunderbolt|p1a: Swampert.
|-immune|p1a: Swampert.|[msg]
|
|turn|6
|
|switch|p2a: Estrondo|Conkeldurr, M|352\/352
|move|p1a: Swampert.|Toxic|p2a: Estrondo|[miss]
|-miss|p1a: Swampert.|p2a: Estrondo
|
|turn|7
|
|switch|p1a: Starmie.|Slowbro, M|394\/394
|move|p2a: Estrondo|Knock Off|p1a: Starmie.
|-supereffective|p1a: Starmie.
|-damage|p1a: Starmie.|270\/394
|
|turn|8
|
|switch|p2a: Spark|Magnezone|282\/282
|move|p1a: Starmie.|Psyshock|p2a: Spark
|-resisted|p2a: Spark
|-damage|p2a: Spark|238\/282
|
|turn|9
|
|switch|p1a: Swampert.|Quagsire, F|394\/394
|move|p2a: Spark|Volt Switch|p1a: Swampert.
|-immune|p1a: Swampert.|[msg]
|
|turn|10
|
|switch|p2a: Plane|Latias, F|140\/319
|move|p1a: Swampert.|Toxic|p2a: Plane
|-status|p2a: Plane|tox
|
|-damage|p2a: Plane|121\/319 tox|[from] psn
|turn|11
|
|switch|p2a: Blaze|Heatran, F|326\/326
|-item|p2a: Blaze|Air Balloon
|switch|p1a: Blissey.|Chansey, F|642\/642
|
|turn|12
|
|move|p2a: Blaze|Taunt|p1a: Blissey.
|-start|p1a: Blissey.|move: Taunt
|move|p1a: Blissey.|Seismic Toss|p2a: Blaze
|-damage|p2a: Blaze|226\/326
|-enditem|p2a: Blaze|Air Balloon
|
|turn|13
|
|move|p2a: Blaze|Stealth Rock|p1a: Blissey.
|-sidestart|p1: Aegislash Returns|move: Stealth Rock
|move|p1a: Blissey.|Seismic Toss|p2a: Blaze
|-damage|p2a: Blaze|126\/326
|
|turn|14
|
|switch|p2a: Estrondo|Conkeldurr, M|352\/352
|move|p1a: Blissey.|Seismic Toss|p2a: Estrondo
|-damage|p2a: Estrondo|252\/352
|
|-end|p1a: Blissey.|move: Taunt
|turn|15
|
|switch|p1a: Starmie.|Slowbro, M|394\/394
|-damage|p1a: Starmie.|345\/394|[from] Stealth Rock
|move|p2a: Estrondo|Knock Off|p1a: Starmie.
|-supereffective|p1a: Starmie.
|-damage|p1a: Starmie.|221\/394
|
|turn|16
|
|move|p2a: Estrondo|Knock Off|p1a: Starmie.
|-supereffective|p1a: Starmie.
|-damage|p1a: Starmie.|109\/394
|move|p1a: Starmie.|Slack Off|p1a: Starmie.
|-heal|p1a: Starmie.|306\/394
|
|turn|17
|
|switch|p2a: Drake|Dragonite, M|323\/323
|move|p1a: Starmie.|Scald|p2a: Drake
|-resisted|p2a: Drake
|-damage|p2a: Drake|301\/323
|
|turn|18
|
|switch|p1a: Aegislash.|Doublade, F|288\/322
|-damage|p1a: Aegislash.|268\/322|[from] Stealth Rock
|move|p2a: Drake|Dragon Dance|p2a: Drake
|-boost|p2a: Drake|atk|1
|-boost|p2a: Drake|spe|1
|
|turn|19
|
|move|p2a: Drake|Earthquake|p1a: Aegislash.
|-supereffective|p1a: Aegislash.
|-damage|p1a: Aegislash.|92\/322
|move|p1a: Aegislash.|Gyro Ball|p2a: Drake
|-damage|p2a: Drake|115\/323
|
|turn|20
|
|switch|p1a: Swampert.|Quagsire, F|394\/394
|-damage|p1a: Swampert.|370\/394|[from] Stealth Rock
|move|p2a: Drake|Earthquake|p1a: Swampert.
|-damage|p1a: Swampert.|258\/394
|
|-heal|p1a: Swampert.|282\/394|[from] item: Leftovers
|turn|21
|
|move|p2a: Drake|Outrage|p1a: Swampert.
|-damage|p1a: Swampert.|98\/394
|move|p1a: Swampert.|Recover|p1a: Swampert.
|-heal|p1a: Swampert.|295\/394
|
|-heal|p1a: Swampert.|319\/394|[from] item: Leftovers
|turn|22
|
|move|p2a: Drake|Outrage|p1a: Swampert.
|-damage|p1a: Swampert.|126\/394
|move|p1a: Swampert.|Recover|p1a: Swampert.
|-heal|p1a: Swampert.|323\/394
|
|-heal|p1a: Swampert.|347\/394|[from] item: Leftovers
|turn|23
|
|move|p2a: Drake|Outrage|p1a: Swampert.
|-damage|p1a: Swampert.|163\/394
|move|p1a: Swampert.|Recover|p1a: Swampert.
|-heal|p1a: Swampert.|360\/394
|
|-end|p2a: Drake|rampage
|-start|p2a: Drake|confusion
|-heal|p1a: Swampert.|384\/394|[from] item: Leftovers
|-enditem|p2a: Drake|Lum Berry|[eat]
|-end|p2a: Drake|confusion
|turn|24
|
|move|p2a: Drake|Dragon Dance|p2a: Drake
|-boost|p2a: Drake|atk|1
|-boost|p2a: Drake|spe|1
|move|p1a: Swampert.|Haze|p1a: Swampert.
|-clearallboost
|
|-heal|p1a: Swampert.|394\/394|[from] item: Leftovers
|turn|25
|
|move|p2a: Drake|Dragon Dance|p2a: Drake
|-boost|p2a: Drake|atk|1
|-boost|p2a: Drake|spe|1
|move|p1a: Swampert.|Scald|p2a: Drake
|-crit|p2a: Drake
|-resisted|p2a: Drake
|-damage|p2a: Drake|65\/323
|
|turn|26
|
|move|p2a: Drake|Outrage|p1a: Swampert.
|-damage|p1a: Swampert.|201\/394
|move|p1a: Swampert.|Haze|p1a: Swampert.
|-clearallboost
|
|-heal|p1a: Swampert.|225\/394|[from] item: Leftovers
|turn|27
|
|move|p2a: Drake|Outrage|p1a: Swampert.
|-damage|p1a: Swampert.|32\/394
|move|p1a: Swampert.|Recover|p1a: Swampert.
|-heal|p1a: Swampert.|229\/394
|
|-end|p2a: Drake|rampage
|-start|p2a: Drake|confusion
|-heal|p1a: Swampert.|253\/394|[from] item: Leftovers
|turn|28
|
|switch|p1a: Aegislash.|Doublade, F|92\/322
|-damage|p1a: Aegislash.|72\/322|[from] Stealth Rock
|-activate|p2a: Drake|confusion
|move|p2a: Drake|Outrage|p1a: Aegislash.
|-resisted|p1a: Aegislash.
|-damage|p1a: Aegislash.|15\/322
|
|turn|29
|
|-activate|p2a: Drake|confusion
|move|p2a: Drake|Outrage|p1a: Aegislash.
|-resisted|p1a: Aegislash.
|-damage|p1a: Aegislash.|0 fnt
|faint|p1a: Aegislash.
|
|
|switch|p1a: Wobbuffet.|Gothitelle, M|301\/301
|-damage|p1a: Wobbuffet.|264\/301|[from] Stealth Rock
|turn|30
|
|move|p1a: Wobbuffet.|Psyshock|p2a: Drake
|-damage|p2a: Drake|0 fnt
|faint|p2a: Drake
|
|
|switch|p2a: Spark|Magnezone|238\/282
|turn|31
|
|switch|p1a: Swampert.|Quagsire, F|253\/394
|-damage|p1a: Swampert.|229\/394|[from] Stealth Rock
|move|p2a: Spark|Flash Cannon|p1a: Swampert.
|-resisted|p1a: Swampert.
|-damage|p1a: Swampert.|124\/394
|-unboost|p1a: Swampert.|spd|1
|
|-heal|p1a: Swampert.|148\/394|[from] item: Leftovers
|turn|32
|
|switch|p1a: Starmie.|Slowbro, M|394\/394
|-damage|p1a: Starmie.|345\/394|[from] Stealth Rock
|move|p2a: Spark|Flash Cannon|p1a: Starmie.
|-resisted|p1a: Starmie.
|-damage|p1a: Starmie.|259\/394
|
|turn|33
|
|switch|p2a: Blaze|Heatran, F|126\/326
|move|p1a: Starmie.|Calm Mind|p1a: Starmie.
|-boost|p1a: Starmie.|spa|1
|-boost|p1a: Starmie.|spd|1
|
|turn|34
|
|move|p2a: Blaze|Lava Plume|p1a: Starmie.
|-resisted|p1a: Starmie.
|-damage|p1a: Starmie.|190\/394
|move|p1a: Starmie.|Scald|p2a: Blaze
|-supereffective|p2a: Blaze
|-damage|p2a: Blaze|0 fnt
|faint|p2a: Blaze
|
|
|switch|p2a: Spark|Magnezone|238\/282
|turn|35
|
|switch|p1a: Blissey.|Chansey, F|642\/642
|-damage|p1a: Blissey.|562\/642|[from] Stealth Rock
|move|p2a: Spark|Thunderbolt|p1a: Blissey.
|-damage|p1a: Blissey.|486\/642
|
|turn|36
|
|switch|p2a: Estrondo|Conkeldurr, M|252\/352
|switch|p1a: Honchkrow.|Mandibuzz, F|423\/423
|-damage|p1a: Honchkrow.|318\/423|[from] Stealth Rock
|
|-heal|p1a: Honchkrow.|344\/423|[from] item: Leftovers
|turn|37
|
|move|p1a: Honchkrow.|Defog|p2a: Estrondo
|-unboost|p2a: Estrondo|evasion|1
|-sideend|p1: Aegislash Returns|Stealth Rock|[from] move: Defog|[of] p1a: Honchkrow.
|move|p2a: Estrondo|Ice Punch|p1a: Honchkrow.
|-supereffective|p1a: Honchkrow.
|-damage|p1a: Honchkrow.|186\/423
|
|-heal|p1a: Honchkrow.|212\/423|[from] item: Leftovers
|turn|38
|
|switch|p1a: Starmie.|Slowbro, M|321\/394
|move|p2a: Estrondo|Drain Punch|p1a: Starmie.
|-resisted|p1a: Starmie.
|-damage|p1a: Starmie.|268\/394
|-heal|p2a: Estrondo|279\/352|[from] drain|[of] p1a: Starmie.
|
|turn|39
|
|move|p2a: Estrondo|Knock Off|p1a: Starmie.
|-supereffective|p1a: Starmie.
|-damage|p1a: Starmie.|156\/394
|move|p1a: Starmie.|Psyshock|p2a: Estrondo
|-supereffective|p2a: Estrondo
|-damage|p2a: Estrondo|63\/352
|
|turn|40
|
|move|p2a: Estrondo|Knock Off|p1a: Starmie.
|-supereffective|p1a: Starmie.
|-damage|p1a: Starmie.|28\/394
|move|p1a: Starmie.|Scald|p2a: Estrondo
|-damage|p2a: Estrondo|0 fnt
|faint|p2a: Estrondo
|
|
|switch|p2a: Hope|Swampert, M|367\/367
|turn|41
|
|switch|p1a: Honchkrow.|Mandibuzz, F|212\/423
|detailschange|p2a: Hope|Swampert-Mega, M
|-mega|p2a: Hope|Swampert|Swampertite
|move|p2a: Hope|Waterfall|p1a: Honchkrow.
|-crit|p1a: Honchkrow.
|-damage|p1a: Honchkrow.|8\/423
|
|-heal|p1a: Honchkrow.|34\/423|[from] item: Leftovers
|turn|42
|
|move|p2a: Hope|Rain Dance|p2a: Hope
|-weather|RainDance
|move|p1a: Honchkrow.|Roost|p1a: Honchkrow.
|-heal|p1a: Honchkrow.|246\/423
|
|-weather|RainDance|[upkeep]
|-heal|p1a: Honchkrow.|272\/423|[from] item: Leftovers
|turn|43
|
|switch|p1a: Swampert.|Quagsire, F|148\/394
|move|p2a: Hope|Waterfall|p1a: Swampert.
|-damage|p1a: Swampert.|0 fnt
|faint|p1a: Swampert.
|
|-weather|RainDance|[upkeep]
|
|switch|p1a: Starmie.|Slowbro, M|159\/394
|turn|44
|
|switch|p1a: Honchkrow.|Mandibuzz, F|272\/423
|move|p2a: Hope|Earthquake|p1a: Honchkrow.
|-immune|p1a: Honchkrow.|[msg]
|
|-weather|RainDance|[upkeep]
|-heal|p1a: Honchkrow.|298\/423|[from] item: Leftovers
|turn|45
|
|switch|p1a: Starmie.|Slowbro, M|290\/394
|move|p2a: Hope|Waterfall|p1a: Starmie.
|-resisted|p1a: Starmie.
|-damage|p1a: Starmie.|201\/394
|
|-weather|RainDance|[upkeep]
|turn|46
|
|move|p2a: Hope|Waterfall|p1a: Starmie.
|-resisted|p1a: Starmie.
|-damage|p1a: Starmie.|108\/394
|move|p1a: Starmie.|Slack Off|p1a: Starmie.
|-heal|p1a: Starmie.|305\/394
|
|-weather|none
|turn|47
|
|move|p2a: Hope|Earthquake|p1a: Starmie.
|-damage|p1a: Starmie.|148\/394
|move|p1a: Starmie.|Scald|p2a: Hope
|-damage|p2a: Hope|280\/367
|-status|p2a: Hope|brn
|
|-damage|p2a: Hope|235\/367 brn|[from] brn
|turn|48
|
|switch|p2a: Plane|Latias, F|121\/319 tox
|move|p1a: Starmie.|Slack Off|p1a: Starmie.
|-heal|p1a: Starmie.|345\/394
|
|-damage|p2a: Plane|102\/319 tox|[from] psn
|turn|49
|
|switch|p1a: Blissey.|Chansey, F|486\/642
|move|p2a: Plane|Draco Meteor|p1a: Blissey.
|-damage|p1a: Blissey.|348\/642
|-unboost|p2a: Plane|spa|2
|-damage|p2a: Plane|71\/319 tox|[from] item: Life Orb
|
|-damage|p2a: Plane|33\/319 tox|[from] psn
|turn|50
|
|move|p2a: Plane|Healing Wish|p2a: Plane
|faint|p2a: Plane
|move|p1a: Blissey.|Soft-Boiled|p1a: Blissey.
|-heal|p1a: Blissey.|642\/642
|
|
|switch|p2a: Hope|Swampert-Mega, M|235\/367 brn
|-heal|p2a: Hope|367\/367|[from] move: Healing Wish
|turn|51
|
|switch|p1a: Honchkrow.|Mandibuzz, F|298\/423
|move|p2a: Hope|Earthquake|p1a: Honchkrow.
|-immune|p1a: Honchkrow.|[msg]
|
|-heal|p1a: Honchkrow.|324\/423|[from] item: Leftovers
|turn|52
|
|move|p2a: Hope|Waterfall|p1a: Honchkrow.
|-damage|p1a: Honchkrow.|195\/423
|cant|p1a: Honchkrow.|flinch
|
|-heal|p1a: Honchkrow.|221\/423|[from] item: Leftovers
|turn|53
|
|move|p2a: Hope|Waterfall|p1a: Honchkrow.
|-damage|p1a: Honchkrow.|98\/423
|move|p1a: Honchkrow.|Roost|p1a: Honchkrow.
|-heal|p1a: Honchkrow.|310\/423
|
|-heal|p1a: Honchkrow.|336\/423|[from] item: Leftovers
|turn|54
|
|move|p2a: Hope|Waterfall|p1a: Honchkrow.
|-crit|p1a: Honchkrow.
|-damage|p1a: Honchkrow.|126\/423
|cant|p1a: Honchkrow.|flinch
|
|-heal|p1a: Honchkrow.|152\/423|[from] item: Leftovers
|turn|55
|
|move|p2a: Hope|Waterfall|p1a: Honchkrow.
|-damage|p1a: Honchkrow.|10\/423
|move|p1a: Honchkrow.|Roost|p1a: Honchkrow.
|-heal|p1a: Honchkrow.|222\/423
|
|-heal|p1a: Honchkrow.|248\/423|[from] item: Leftovers
|turn|56
|
|move|p2a: Hope|Waterfall|p1a: Honchkrow.
|-damage|p1a: Honchkrow.|106\/423
|cant|p1a: Honchkrow.|flinch
|
|-heal|p1a: Honchkrow.|132\/423|[from] item: Leftovers
|turn|57
|
|move|p2a: Hope|Ice Punch|p1a: Honchkrow.
|-supereffective|p1a: Honchkrow.
|-damage|p1a: Honchkrow.|0 fnt
|faint|p1a: Honchkrow.
|
|
|switch|p1a: Starmie.|Slowbro, M|394\/394
|turn|58
|
|switch|p2a: Spark|Magnezone|238\/282
|switch|p1a: Wobbuffet.|Gothitelle, M|264\/301
|
|turn|59
|
|move|p2a: Spark|Volt Switch|p1a: Wobbuffet.
|-damage|p1a: Wobbuffet.|146\/301
|
|switch|p2a: Hope|Swampert-Mega, M|367\/367
|move|p1a: Wobbuffet.|Trick|p2a: Hope
|-fail|p2a: Hope
|
|turn|60
|
|move|p1a: Wobbuffet.|Trick|p2a: Hope
|-fail|p2a: Hope
|move|p2a: Hope|Earthquake|p1a: Wobbuffet.
|-damage|p1a: Wobbuffet.|0 fnt
|faint|p1a: Wobbuffet.
|
|
|switch|p1a: Starmie.|Slowbro, M|394\/394
|turn|61
|
|switch|p2a: Spark|Magnezone|238\/282
|detailschange|p1a: Starmie.|Slowbro-Mega, M
|-mega|p1a: Starmie.|Slowbro|Slowbronite
|move|p1a: Starmie.|Scald|p2a: Spark
|-damage|p2a: Spark|111\/282
|
|turn|62
|
|switch|p1a: Blissey.|Chansey, F|642\/642
|move|p2a: Spark|Volt Switch|p1a: Blissey.
|-damage|p1a: Blissey.|572\/642
|
|switch|p2a: Hope|Swampert-Mega, M|367\/367
|
|turn|63
|
|switch|p1a: Starmie.|Slowbro-Mega, M|394\/394
|move|p2a: Hope|Earthquake|p1a: Starmie.
|-damage|p1a: Starmie.|286\/394
|
|turn|64
|
|move|p2a: Hope|Earthquake|p1a: Starmie.
|-damage|p1a: Starmie.|177\/394
|move|p1a: Starmie.|Scald|p2a: Hope
|-damage|p2a: Hope|256\/367
|-status|p2a: Hope|brn
|
|-damage|p2a: Hope|211\/367 brn|[from] brn
|turn|65
|
|move|p2a: Hope|Earthquake|p1a: Starmie.
|-damage|p1a: Starmie.|123\/394
|move|p1a: Starmie.|Slack Off|p1a: Starmie.
|-heal|p1a: Starmie.|320\/394
|
|-damage|p2a: Hope|166\/367 brn|[from] brn
|turn|66
|c|âHydr0Strykker|srsly dude
|c|âHydr0Strykker|stall is not good
|c|âAegislash Returns|ok
|c|âHydr0Strykker|i srsly think you dont have any friends
|c|âHydr0Strykker|so you come on showdown
|c|âHydr0Strykker|to stall ppl
|c|âHydr0Strykker|but that's not cool
|c|âAegislash Returns|think what you want bud :]
|c|âAegislash Returns|just trying to save Greninja the best way I can
|c|âHydr0Strykker|still good game xD
|c|âAegislash Returns|ya gg XD
|c|âHydr0Strykker|can i pls just knock slowbro down?
|c|âAegislash Returns|lol why?
|c|âHydr0Strykker|you can win my only with chansey
|c|âHydr0Strykker|and i rly wanna kill that slowbro
|c|âAegislash Returns|fair enough haha ok
|c|âHydr0Strykker|xD
|
|switch|p2a: Spark|Magnezone|111\/282
|move|p1a: Starmie.|Calm Mind|p1a: Starmie.
|-boost|p1a: Starmie.|spa|1
|-boost|p1a: Starmie.|spd|1
|
|turn|67
|c|âHydr0Strykker|thanks
|
|move|p2a: Spark|Thunderbolt|p1a: Starmie.
|-supereffective|p1a: Starmie.
|-damage|p1a: Starmie.|54\/394
|move|p1a: Starmie.|Calm Mind|p1a: Starmie.
|-boost|p1a: Starmie.|spa|1
|-boost|p1a: Starmie.|spd|1
|
|turn|68
|
|move|p2a: Spark|Thunderbolt|p1a: Starmie.
|-supereffective|p1a: Starmie.
|-damage|p1a: Starmie.|0 fnt
|faint|p1a: Starmie.
|
|
|switch|p1a: Blissey.|Chansey, F|572\/642
|turn|69
|
|move|p2a: Spark|Thunderbolt|p1a: Blissey.
|-damage|p1a: Blissey.|490\/642
|-status|p1a: Blissey.|par
|move|p1a: Blissey.|Seismic Toss|p2a: Spark
|-damage|p2a: Spark|11\/282
|
|turn|70
|c|âHydr0Strykker|i'm scarfed tho
|
|move|p2a: Spark|Thunderbolt|p1a: Blissey.
|-damage|p1a: Blissey.|412\/642 par
|move|p1a: Blissey.|Heal Bell|p1a: Blissey.
|-cureteam|p1a: Blissey.|[from] move: HealBell
|
|turn|71
|
|move|p2a: Spark|Thunderbolt|p1a: Blissey.
|-damage|p1a: Blissey.|328\/642
|-status|p1a: Blissey.|par
|move|p1a: Blissey.|Soft-Boiled|p1a: Blissey.
|-heal|p1a: Blissey.|642\/642 par
|
|turn|72
|c|âHydr0Strykker|gg
|
|move|p2a: Spark|Thunderbolt|p1a: Blissey.
|-damage|p1a: Blissey.|554\/642 par
|move|p1a: Blissey.|Heal Bell|p1a: Blissey.
|-cureteam|p1a: Blissey.|[from] move: HealBell
|
|turn|73
|
|move|p2a: Spark|Thunderbolt|p1a: Blissey.
|-damage|p1a: Blissey.|475\/642
|move|p1a: Blissey.|Seismic Toss|p2a: Spark
|-damage|p2a: Spark|0 fnt
|faint|p2a: Spark
|
|
|switch|p2a: Hope|Swampert-Mega, M|166\/367 brn
|turn|74
|
|move|p2a: Hope|Earthquake|p1a: Blissey.
|-damage|p1a: Blissey.|324\/642
|move|p1a: Blissey.|Seismic Toss|p2a: Hope
|-damage|p2a: Hope|66\/367 brn
|
|-damage|p2a: Hope|21\/367 brn|[from] brn
|turn|75
|c|âAegislash Returns|gg
|
|move|p2a: Hope|Earthquake|p1a: Blissey.
|-damage|p1a: Blissey.|173\/642
|move|p1a: Blissey.|Soft-Boiled|p1a: Blissey.
|-heal|p1a: Blissey.|494\/642
|
|-damage|p2a: Hope|0 fnt|[from] brn
|faint|p2a: Hope
|
|win|Aegislash Returns
|raw|Ladder updating...
|raw|Aegislash Returns's rating: 1381 &rarr; <strong>1397<\/strong><br \/>(+16 for winning)
|raw|Hydr0Strykker's rating: 1324 &rarr; <strong>1307<\/strong><br \/>(-17 for losing)
|c|âHydr0Strykker|have a nice day
|c|âHydr0Strykker|cya