|join|Aegislash Returns
|join|gg fagget
|player|p1|Aegislash Returns|274
|player|p2|gg fagget|153
|gametype|singles
|gen|6
|tier|OU (suspect test)
|rated
|clearpoke
|poke|p1|Doublade, F
|poke|p1|Chansey, F
|poke|p1|Slowbro, M
|poke|p1|Gothitelle, F
|poke|p1|Mandibuzz, F
|poke|p1|Quagsire, F
|poke|p2|Mamoswine, F
|poke|p2|Charizard, M
|poke|p2|Keldeo
|poke|p2|Mew
|poke|p2|Clefable, F
|poke|p2|Thundurus, M
|rule|Swagger Clause: Swagger is banned
|rule|Baton Pass Clause: Limit one PokÃ©mon knowing Baton Pass
|rule|Sleep Clause Mod: Limit one foe put to sleep
|rule|Species Clause: Limit one of each PokÃ©mon
|rule|OHKO Clause: OHKO moves are banned
|rule|Moody Clause: Moody is banned
|rule|Evasion Moves Clause: Evasion moves are banned
|rule|Endless Battle Clause: Forcing endless battles is banned
|rule|HP Percentage Mod: HP is shown in percentages
|teampreview
|
|start
|switch|p1a: Starmie.|Slowbro, M|394\/394
|switch|p2a: Mamoswine|Mamoswine, F|361\/361
|turn|1
|
|switch|p2a: Thundurus|Thundurus, M|300\/300
|move|p1a: Starmie.|Calm Mind|p1a: Starmie.
|-boost|p1a: Starmie.|spa|1
|-boost|p1a: Starmie.|spd|1
|
|turn|2
|
|move|p2a: Thundurus|Thunderbolt|p1a: Starmie.
|-supereffective|p1a: Starmie.
|-damage|p1a: Starmie.|95\/394
|-status|p1a: Starmie.|par
|-damage|p2a: Thundurus|270\/300|[from] item: Life Orb
|move|p1a: Starmie.|Scald|p2a: Thundurus
|-damage|p2a: Thundurus|105\/300
|
|turn|3
|
|switch|p1a: Swampert.|Quagsire, F|394\/394
|move|p2a: Thundurus|Thunderbolt|p1a: Swampert.
|-immune|p1a: Swampert.|[msg]
|
|turn|4
|
|switch|p2a: Mew|Mew|404\/404
|move|p1a: Swampert.|Toxic|p2a: Mew
|-status|p2a: Mew|tox
|-status|p1a: Swampert.|tox
|
|-damage|p2a: Mew|379\/404 tox|[from] psn
|-damage|p1a: Swampert.|370\/394 tox|[from] psn
|turn|5
|
|switch|p1a: Starmie.|Slowbro, M|226\/394 par
|move|p2a: Mew|Knock Off|p1a: Starmie.
|-supereffective|p1a: Starmie.
|-damage|p1a: Starmie.|158\/394 par
|
|-heal|p2a: Mew|404\/404 tox|[from] item: Leftovers
|-damage|p2a: Mew|354\/404 tox|[from] psn
|turn|6
|
|switch|p2a: Clefable|Clefable, F|394\/394
|move|p1a: Starmie.|Slack Off|p1a: Starmie.
|-heal|p1a: Starmie.|355\/394 par
|
|turn|7
|
|switch|p1a: Wobbuffet.|Gothitelle, F|301\/301
|move|p2a: Clefable|Calm Mind|p2a: Clefable
|-boost|p2a: Clefable|spa|1
|-boost|p2a: Clefable|spd|1
|
|turn|8
|
|move|p1a: Wobbuffet.|Trick|p2a: Clefable
|-activate|p1a: Wobbuffet.|move: Trick|[of] p2a: Clefable
|-item|p2a: Clefable|Choice Scarf|[from] move: Trick
|-item|p1a: Wobbuffet.|Leftovers|[from] move: Trick
|move|p2a: Clefable|Moonblast|p1a: Wobbuffet.
|-damage|p1a: Wobbuffet.|148\/301
|-unboost|p1a: Wobbuffet.|spa|1
|
|-heal|p1a: Wobbuffet.|166\/301|[from] item: Leftovers
|turn|9
|
|switch|p1a: Blissey.|Chansey, F|642\/642
|move|p2a: Clefable|Moonblast|p1a: Blissey.
|-damage|p1a: Blissey.|560\/642
|
|turn|10
|
|switch|p2a: Mew|Mew|354\/404 tox
|move|p1a: Blissey.|Stealth Rock|p2a: Mew
|-sidestart|p2: gg fagget|move: Stealth Rock
|
|-heal|p2a: Mew|379\/404 tox|[from] item: Leftovers
|-damage|p2a: Mew|354\/404 tox|[from] psn
|turn|11
|
|switch|p1a: Starmie.|Slowbro, M|394\/394 par
|move|p2a: Mew|Defog|p1a: Starmie.
|-unboost|p1a: Starmie.|evasion|1
|-sideend|p2: gg fagget|Stealth Rock|[from] move: Defog|[of] p2a: Mew
|
|-heal|p2a: Mew|379\/404 tox|[from] item: Leftovers
|-damage|p2a: Mew|329\/404 tox|[from] psn
|turn|12
|
|switch|p2a: Thundurus|Thundurus, M|105\/300
|switch|p1a: Wobbuffet.|Gothitelle, F|166\/301
|
|-heal|p1a: Wobbuffet.|184\/301|[from] item: Leftovers
|turn|13
|
|switch|p1a: Swampert.|Quagsire, F|370\/394 tox
|move|p2a: Thundurus|Thunderbolt|p1a: Swampert.
|-immune|p1a: Swampert.|[msg]
|
|-heal|p1a: Swampert.|394\/394 tox|[from] item: Leftovers
|-damage|p1a: Swampert.|370\/394 tox|[from] psn
|turn|14
|
|switch|p2a: Mew|Mew|329\/404 tox
|move|p1a: Swampert.|Toxic|p2a: Mew
|-fail|p2a: Mew|tox
|
|-heal|p2a: Mew|354\/404 tox|[from] item: Leftovers
|-heal|p1a: Swampert.|394\/394 tox|[from] item: Leftovers
|-damage|p2a: Mew|329\/404 tox|[from] psn
|-damage|p1a: Swampert.|346\/394 tox|[from] psn
|turn|15
|
|switch|p2a: Charizard|Charizard, M|333\/333
|switch|p1a: Starmie.|Slowbro, M|394\/394 par
|
|turn|16
|
|switch|p1a: Blissey.|Chansey, F|560\/642
|detailschange|p2a: Charizard|Charizard-Mega-X, M
|-mega|p2a: Charizard|Charizard|Charizardite X
|move|p2a: Charizard|Dragon Dance|p2a: Charizard
|-boost|p2a: Charizard|atk|1
|-boost|p2a: Charizard|spe|1
|
|turn|17
|
|switch|p1a: Swampert.|Quagsire, F|346\/394 tox
|move|p2a: Charizard|Flare Blitz|p1a: Swampert.
|-resisted|p1a: Swampert.
|-damage|p1a: Swampert.|222\/394 tox
|-damage|p2a: Charizard|292\/333|[from] recoil|[of] p1a: Swampert.
|
|-heal|p1a: Swampert.|246\/394 tox|[from] item: Leftovers
|-damage|p1a: Swampert.|222\/394 tox|[from] psn
|turn|18
|
|move|p2a: Charizard|Dragon Claw|p1a: Swampert.
|-damage|p1a: Swampert.|60\/394 tox
|move|p1a: Swampert.|Toxic|p2a: Charizard|[miss]
|-miss|p1a: Swampert.|p2a: Charizard
|
|-heal|p1a: Swampert.|84\/394 tox|[from] item: Leftovers
|-damage|p1a: Swampert.|36\/394 tox|[from] psn
|turn|19
|
|move|p2a: Charizard|Flare Blitz|p1a: Swampert.
|-crit|p1a: Swampert.
|-resisted|p1a: Swampert.
|-damage|p1a: Swampert.|0 fnt
|-damage|p2a: Charizard|280\/333|[from] recoil|[of] p1a: Swampert.
|faint|p1a: Swampert.
|
|
|switch|p1a: Honchkrow.|Mandibuzz, F|423\/423
|turn|20
|
|switch|p2a: Keldeo|Keldeo|323\/323
|move|p1a: Honchkrow.|Foul Play|p2a: Keldeo
|-resisted|p2a: Keldeo
|-damage|p2a: Keldeo|285\/323
|-boost|p2a: Keldeo|atk|1|[from] ability: Justified
|
|turn|21
|
|switch|p1a: Starmie.|Slowbro, M|394\/394 par
|move|p2a: Keldeo|Scald|p1a: Starmie.
|-resisted|p1a: Starmie.
|-damage|p1a: Starmie.|268\/394 par
|
|turn|22
|
|move|p2a: Keldeo|Scald|p1a: Starmie.
|-resisted|p1a: Starmie.
|-damage|p1a: Starmie.|144\/394 par
|move|p1a: Starmie.|Calm Mind|p1a: Starmie.
|-boost|p1a: Starmie.|spa|1
|-boost|p1a: Starmie.|spd|1
|
|turn|23
|
|switch|p2a: Thundurus|Thundurus, M|105\/300
|cant|p1a: Starmie.|par
|
|turn|24
|
|switch|p1a: Blissey.|Chansey, F|560\/642
|move|p2a: Thundurus|Thunderbolt|p1a: Blissey.
|-damage|p1a: Blissey.|451\/642
|-damage|p2a: Thundurus|75\/300|[from] item: Life Orb
|
|turn|25
|
|switch|p2a: Mew|Mew|329\/404 tox
|move|p1a: Blissey.|Soft-Boiled|p1a: Blissey.
|-heal|p1a: Blissey.|642\/642
|
|-heal|p2a: Mew|354\/404 tox|[from] item: Leftovers
|-damage|p2a: Mew|329\/404 tox|[from] psn
|turn|26
|
|switch|p2a: Mamoswine|Mamoswine, F|361\/361
|switch|p1a: Starmie.|Slowbro, M|275\/394 par
|
|turn|27
|
|move|p2a: Mamoswine|Stealth Rock|p1a: Starmie.
|-sidestart|p1: Aegislash Returns|move: Stealth Rock
|move|p1a: Starmie.|Calm Mind|p1a: Starmie.
|-boost|p1a: Starmie.|spa|1
|-boost|p1a: Starmie.|spd|1
|
|turn|28
|
|move|p2a: Mamoswine|Earthquake|p1a: Starmie.
|-damage|p1a: Starmie.|143\/394 par
|move|p1a: Starmie.|Scald|p2a: Mamoswine
|-supereffective|p2a: Mamoswine
|-enditem|p2a: Mamoswine|Focus Sash
|-damage|p2a: Mamoswine|1\/361
|
|turn|29
|
|move|p2a: Mamoswine|Icicle Crash|p1a: Starmie.|[miss]
|-miss|p2a: Mamoswine|p1a: Starmie.
|move|p1a: Starmie.|Slack Off|p1a: Starmie.
|-heal|p1a: Starmie.|340\/394 par
|
|turn|30
|
|move|p2a: Mamoswine|Earthquake|p1a: Starmie.
|-damage|p1a: Starmie.|211\/394 par
|cant|p1a: Starmie.|par
|
|turn|31
|
|move|p2a: Mamoswine|Earthquake|p1a: Starmie.
|-damage|p1a: Starmie.|99\/394 par
|move|p1a: Starmie.|Scald|p2a: Mamoswine
|-supereffective|p2a: Mamoswine
|-damage|p2a: Mamoswine|0 fnt
|faint|p2a: Mamoswine
|
|
|switch|p2a: Charizard|Charizard-Mega-X, M|280\/333
|turn|32
|
|detailschange|p1a: Starmie.|Slowbro-Mega, M
|-mega|p1a: Starmie.|Slowbro|Slowbronite
|move|p2a: Charizard|Dragon Claw|p1a: Starmie.
|-damage|p1a: Starmie.|8\/394 par
|cant|p1a: Starmie.|par
|
|turn|33
|
|move|p2a: Charizard|Dragon Claw|p1a: Starmie.
|-damage|p1a: Starmie.|0 fnt
|faint|p1a: Starmie.
|
|
|switch|p1a: Honchkrow.|Mandibuzz, F|423\/423
|-damage|p1a: Honchkrow.|318\/423|[from] Stealth Rock
|turn|34
|
|switch|p2a: Clefable|Clefable, F|394\/394
|move|p1a: Honchkrow.|Toxic|p2a: Clefable
|-status|p2a: Clefable|tox
|
|-heal|p1a: Honchkrow.|344\/423|[from] item: Leftovers
|turn|35
|
|switch|p2a: Mew|Mew|329\/404 tox
|move|p1a: Honchkrow.|Defog|p2a: Mew
|-unboost|p2a: Mew|evasion|1
|-sideend|p1: Aegislash Returns|Stealth Rock|[from] move: Defog|[of] p1a: Honchkrow.
|
|-heal|p2a: Mew|354\/404 tox|[from] item: Leftovers
|-heal|p1a: Honchkrow.|370\/423|[from] item: Leftovers
|-damage|p2a: Mew|329\/404 tox|[from] psn
|turn|36
|
|move|p2a: Mew|Knock Off|p1a: Honchkrow.
|-resisted|p1a: Honchkrow.
|-damage|p1a: Honchkrow.|340\/423
|-enditem|p1a: Honchkrow.|Leftovers|[from] move: Knock Off|[of] p2a: Mew
|move|p1a: Honchkrow.|Foul Play|p2a: Mew
|-supereffective|p2a: Mew
|-damage|p2a: Mew|105\/404 tox
|
|-heal|p2a: Mew|130\/404 tox|[from] item: Leftovers
|-damage|p2a: Mew|80\/404 tox|[from] psn
|turn|37
|
|move|p2a: Mew|Will-O-Wisp|p1a: Honchkrow.
|-status|p1a: Honchkrow.|brn
|move|p1a: Honchkrow.|Foul Play|p2a: Mew
|-supereffective|p2a: Mew
|-damage|p2a: Mew|0 fnt
|faint|p2a: Mew
|
|-damage|p1a: Honchkrow.|288\/423 brn|[from] brn
|
|switch|p2a: Thundurus|Thundurus, M|75\/300
|turn|38
|
|switch|p1a: Blissey.|Chansey, F|642\/642
|move|p2a: Thundurus|Focus Blast|p1a: Blissey.
|-supereffective|p1a: Blissey.
|-damage|p1a: Blissey.|450\/642
|-unboost|p1a: Blissey.|spd|1
|-damage|p2a: Thundurus|45\/300|[from] item: Life Orb
|
|turn|39
|
|move|p2a: Thundurus|Thunder Wave|p1a: Blissey.
|-status|p1a: Blissey.|par
|move|p1a: Blissey.|Stealth Rock|p2a: Thundurus
|-sidestart|p2: gg fagget|move: Stealth Rock
|
|turn|40
|
|switch|p1a: Aegislash.|Doublade, F|322\/322
|move|p2a: Thundurus|Thunderbolt|p1a: Aegislash.
|-damage|p1a: Aegislash.|170\/322
|-status|p1a: Aegislash.|par
|-damage|p2a: Thundurus|15\/300|[from] item: Life Orb
|
|turn|41
|
|switch|p1a: Blissey.|Chansey, F|450\/642
|move|p2a: Thundurus|Thunderbolt|p1a: Blissey.
|-damage|p1a: Blissey.|343\/642
|-damage|p2a: Thundurus|0 fnt|[from] item: Life Orb
|faint|p2a: Thundurus
|
|
|switch|p2a: Charizard|Charizard-Mega-X, M|280\/333
|-damage|p2a: Charizard|197\/333|[from] Stealth Rock
|turn|42
|
|move|p2a: Charizard|Dragon Dance|p2a: Charizard
|-boost|p2a: Charizard|atk|1
|-boost|p2a: Charizard|spe|1
|move|p1a: Blissey.|Seismic Toss|p2a: Charizard
|-damage|p2a: Charizard|97\/333
|
|turn|43
|
|switch|p1a: Honchkrow.|Mandibuzz, F|288\/423 brn
|move|p2a: Charizard|Roost|p2a: Charizard
|-heal|p2a: Charizard|264\/333
|
|-damage|p1a: Honchkrow.|236\/423 brn|[from] brn
|turn|44
|
|switch|p1a: Blissey.|Chansey, F|343\/642
|move|p2a: Charizard|Flare Blitz|p1a: Blissey.
|-damage|p1a: Blissey.|0 fnt
|-damage|p2a: Charizard|151\/333|[from] recoil|[of] p1a: Blissey.
|faint|p1a: Blissey.
|
|
|switch|p1a: Honchkrow.|Mandibuzz, F|236\/423 brn
|turn|45
|
|switch|p1a: Aegislash.|Doublade, F|170\/322 par
|move|p2a: Charizard|Flare Blitz|p1a: Aegislash.
|-supereffective|p1a: Aegislash.
|-damage|p1a: Aegislash.|0 fnt
|-damage|p2a: Charizard|95\/333|[from] recoil|[of] p1a: Aegislash.
|faint|p1a: Aegislash.
|
|
|switch|p1a: Honchkrow.|Mandibuzz, F|236\/423 brn
|turn|46
|
|move|p2a: Charizard|Flare Blitz|p1a: Honchkrow.
|-damage|p1a: Honchkrow.|0 fnt
|-damage|p2a: Charizard|17\/333|[from] recoil|[of] p1a: Honchkrow.
|faint|p1a: Honchkrow.
|
|
|switch|p1a: Wobbuffet.|Gothitelle, F|184\/301
|turn|47
|
|move|p2a: Charizard|Flare Blitz|p1a: Wobbuffet.
|-damage|p1a: Wobbuffet.|0 fnt
|-damage|p2a: Charizard|0 fnt|[from] recoil|[of] p1a: Wobbuffet.
|faint|p1a: Wobbuffet.
|faint|p2a: Charizard
|
|win|gg fagget
|raw|Ladder updating...
|raw|Aegislash Returns's rating: 1338 &rarr; <strong>1311<\/strong><br \/>(-27 for losing)
|raw|gg fagget's rating: 1208 &rarr; <strong>1242<\/strong><br \/>(+34 for winning)
|leave|Aegislash Returns
|player|p1