|join|LuantheLawnmower
|join|Aegislash Returns
|player|p1|LuantheLawnmower|84
|player|p2|Aegislash Returns|274
|gametype|singles
|gen|6
|tier|OU (suspect test)
|rated
|clearpoke
|poke|p1|Skarmory, F, shiny
|poke|p1|Bisharp, F, shiny
|poke|p1|Gengar, M
|poke|p1|Landorus, M
|poke|p1|Charizard, F
|poke|p1|Azumarill, F, shiny
|poke|p2|Doublade, M
|poke|p2|Chansey, F
|poke|p2|Slowbro, F
|poke|p2|Gothitelle, F
|poke|p2|Mandibuzz, F
|poke|p2|Quagsire, F
|rule|Swagger Clause: Swagger is banned
|rule|Baton Pass Clause: Limit one PokÃ©mon knowing Baton Pass
|rule|Sleep Clause Mod: Limit one foe put to sleep
|rule|Species Clause: Limit one of each PokÃ©mon
|rule|OHKO Clause: OHKO moves are banned
|rule|Moody Clause: Moody is banned
|rule|Evasion Moves Clause: Evasion moves are banned
|rule|Endless Battle Clause: Forcing endless battles is banned
|rule|HP Percentage Mod: HP is shown in percentages
|teampreview
|
|start
|switch|p1a: Skarmory|Skarmory, F, shiny|334\/334
|switch|p2a: Honchkrow.|Mandibuzz, F|423\/423
|turn|1
|
|switch|p2a: Wobbuffet.|Gothitelle, F|301\/301
|move|p1a: Skarmory|Taunt|p2a: Wobbuffet.
|-start|p2a: Wobbuffet.|move: Taunt
|
|turn|2
|
|switch|p2a: Starmie.|Slowbro, F|394\/394
|move|p1a: Skarmory|Stealth Rock|p2a: Starmie.
|-sidestart|p2: Aegislash Returns|move: Stealth Rock
|
|turn|3
|
|move|p1a: Skarmory|Taunt|p2a: Starmie.
|-start|p2a: Starmie.|move: Taunt
|move|p2a: Starmie.|Scald|p1a: Skarmory
|-damage|p1a: Skarmory|198\/334
|
|turn|4
|
|move|p1a: Skarmory|Spikes|p2a: Starmie.
|-sidestart|p2: Aegislash Returns|Spikes
|move|p2a: Starmie.|Psyshock|p1a: Skarmory
|-resisted|p1a: Skarmory
|-damage|p1a: Skarmory|162\/334
|
|turn|5
|
|switch|p2a: Wobbuffet.|Gothitelle, F|301\/301
|-damage|p2a: Wobbuffet.|264\/301|[from] Spikes
|-damage|p2a: Wobbuffet.|227\/301|[from] Stealth Rock
|move|p1a: Skarmory|Spikes|p2a: Wobbuffet.
|-sidestart|p2: Aegislash Returns|Spikes
|
|turn|6
|
|move|p2a: Wobbuffet.|Trick|p1a: Skarmory
|-activate|p2a: Wobbuffet.|move: Trick|[of] p1a: Skarmory
|-item|p1a: Skarmory|Choice Scarf|[from] move: Trick
|-item|p2a: Wobbuffet.|Mental Herb|[from] move: Trick
|move|p1a: Skarmory|Spikes|p2a: Wobbuffet.
|-sidestart|p2: Aegislash Returns|Spikes
|
|turn|7
|
|move|p1a: Skarmory|Spikes|p2a: Wobbuffet.
|-fail|p2a: Wobbuffet.
|move|p2a: Wobbuffet.|Rest|p2a: Wobbuffet.
|-status|p2a: Wobbuffet.|slp
|-heal|p2a: Wobbuffet.|301\/301 slp|[silent]
|-status|p2a: Wobbuffet.|slp|[from] move: Rest
|
|turn|8
|c|âLuantheLawnmower|literally
|c|âLuantheLawnmower|satan
|
|move|p1a: Skarmory|Spikes|p2a: Wobbuffet.
|-fail|p2a: Wobbuffet.
|cant|p2a: Wobbuffet.|slp
|
|turn|9
|c|âAegislash Returns|lol
|
|move|p1a: Skarmory|Spikes|p2a: Wobbuffet.
|-fail|p2a: Wobbuffet.
|cant|p2a: Wobbuffet.|slp
|
|turn|10
|
|switch|p2a: Honchkrow.|Mandibuzz, F|423\/423
|-damage|p2a: Honchkrow.|318\/423|[from] Stealth Rock
|move|p1a: Skarmory|Spikes|p2a: Honchkrow.
|-fail|p2a: Honchkrow.
|
|-heal|p2a: Honchkrow.|344\/423|[from] item: Leftovers
|turn|11
|
|switch|p1a: Bisharp|Bisharp, F, shiny|271\/271
|move|p2a: Honchkrow.|Defog|p1a: Bisharp
|-unboost|p1a: Bisharp|evasion|1
|-boost|p1a: Bisharp|atk|2|[from] ability: Defiant
|-sideend|p2: Aegislash Returns|Spikes|[from] move: Defog|[of] p2a: Honchkrow.
|-sideend|p2: Aegislash Returns|Stealth Rock|[from] move: Defog|[of] p2a: Honchkrow.
|
|-heal|p2a: Honchkrow.|370\/423|[from] item: Leftovers
|turn|12
|
|switch|p2a: Swampert.|Quagsire, F|394\/394
|move|p1a: Bisharp|Iron Head|p2a: Swampert.
|-resisted|p2a: Swampert.
|-damage|p2a: Swampert.|315\/394
|-damage|p1a: Bisharp|244\/271|[from] item: Life Orb
|
|-heal|p2a: Swampert.|339\/394|[from] item: Leftovers
|turn|13
|
|switch|p1a: Skarmory|Skarmory, F, shiny|162\/334
|move|p2a: Swampert.|Scald|p1a: Skarmory
|-damage|p1a: Skarmory|78\/334
|
|-heal|p2a: Swampert.|363\/394|[from] item: Leftovers
|turn|14
|
|switch|p2a: Wobbuffet.|Gothitelle, F|301\/301 slp
|move|p1a: Skarmory|Stealth Rock|p2a: Wobbuffet.
|-sidestart|p2: Aegislash Returns|move: Stealth Rock
|
|turn|15
|
|switch|p2a: Honchkrow.|Mandibuzz, F|370\/423
|-damage|p2a: Honchkrow.|265\/423|[from] Stealth Rock
|move|p1a: Skarmory|Stealth Rock|p2a: Honchkrow.
|-fail|p2a: Honchkrow.
|
|-heal|p2a: Honchkrow.|291\/423|[from] item: Leftovers
|turn|16
|
|switch|p1a: Azumarill|Azumarill, F, shiny|364\/364
|move|p2a: Honchkrow.|Defog|p1a: Azumarill
|-unboost|p1a: Azumarill|evasion|1
|-sideend|p2: Aegislash Returns|Stealth Rock|[from] move: Defog|[of] p2a: Honchkrow.
|
|-heal|p2a: Honchkrow.|317\/423|[from] item: Leftovers
|turn|17
|
|switch|p2a: Starmie.|Slowbro, F|394\/394
|move|p1a: Azumarill|Play Rough|p2a: Starmie.
|-damage|p2a: Starmie.|208\/394
|
|turn|18
|
|switch|p2a: Aegislash.|Doublade, M|322\/322
|move|p1a: Azumarill|Play Rough|p2a: Aegislash.
|-crit|p2a: Aegislash.
|-resisted|p2a: Aegislash.
|-damage|p2a: Aegislash.|214\/322
|
|turn|19
|
|switch|p1a: Charizard|Charizard, F|297\/297
|move|p2a: Aegislash.|Gyro Ball|p1a: Charizard
|-resisted|p1a: Charizard
|-damage|p1a: Charizard|205\/297
|
|turn|20
|
|switch|p2a: Swampert.|Quagsire, F|363\/394
|detailschange|p1a: Charizard|Charizard-Mega-X, F
|-mega|p1a: Charizard|Charizard|Charizardite X
|move|p1a: Charizard|Flare Blitz|p2a: Swampert.
|-resisted|p2a: Swampert.
|-damage|p2a: Swampert.|235\/394
|-damage|p1a: Charizard|163\/297|[from] recoil|[of] p2a: Swampert.
|
|-heal|p2a: Swampert.|259\/394|[from] item: Leftovers
|turn|21
|
|switch|p1a: Landorus|Landorus, M|319\/319
|move|p2a: Swampert.|Recover|p2a: Swampert.
|-heal|p2a: Swampert.|394\/394
|
|turn|22
|
|switch|p2a: Honchkrow.|Mandibuzz, F|317\/423
|move|p1a: Landorus|Earth Power|p2a: Honchkrow.
|-immune|p2a: Honchkrow.|[msg]
|
|-heal|p2a: Honchkrow.|343\/423|[from] item: Leftovers
|turn|23
|
|move|p1a: Landorus|Hidden Power|p2a: Honchkrow.
|-supereffective|p2a: Honchkrow.
|-damage|p2a: Honchkrow.|182\/423
|-damage|p1a: Landorus|288\/319|[from] item: Life Orb
|move|p2a: Honchkrow.|Toxic|p1a: Landorus
|-status|p1a: Landorus|tox
|
|-heal|p2a: Honchkrow.|208\/423|[from] item: Leftovers
|-damage|p1a: Landorus|269\/319 tox|[from] psn
|turn|24
|
|switch|p1a: Gengar|Gengar, M|261\/261
|switch|p2a: Blissey.|Chansey, F|642\/642
|
|turn|25
|
|switch|p2a: Honchkrow.|Mandibuzz, F|208\/423
|move|p1a: Gengar|Taunt|p2a: Honchkrow.
|-start|p2a: Honchkrow.|move: Taunt
|
|-heal|p2a: Honchkrow.|234\/423|[from] item: Leftovers
|turn|26
|
|move|p1a: Gengar|Sludge Wave|p2a: Honchkrow.
|-damage|p2a: Honchkrow.|39\/423
|-damage|p1a: Gengar|235\/261|[from] item: Life Orb
|move|p2a: Honchkrow.|Foul Play|p1a: Gengar
|-supereffective|p1a: Gengar
|-damage|p1a: Gengar|19\/261
|
|-heal|p2a: Honchkrow.|65\/423|[from] item: Leftovers
|turn|27
|
|switch|p2a: Aegislash.|Doublade, M|214\/322
|move|p1a: Gengar|Focus Blast|p2a: Aegislash.
|-immune|p2a: Aegislash.|[msg]
|
|turn|28
|
|switch|p2a: Blissey.|Chansey, F|642\/642
|move|p1a: Gengar|Shadow Ball|p2a: Blissey.
|-immune|p2a: Blissey.|[msg]
|
|turn|29
|
|switch|p2a: Honchkrow.|Mandibuzz, F|65\/423
|move|p1a: Gengar|Taunt|p2a: Honchkrow.
|-start|p2a: Honchkrow.|move: Taunt
|
|-heal|p2a: Honchkrow.|91\/423|[from] item: Leftovers
|turn|30
|
|switch|p2a: Blissey.|Chansey, F|642\/642
|move|p1a: Gengar|Sludge Wave|p2a: Blissey.
|-damage|p2a: Blissey.|532\/642
|-damage|p1a: Gengar|0 fnt|[from] item: Life Orb
|faint|p1a: Gengar
|
|
|switch|p1a: Bisharp|Bisharp, F, shiny|244\/271
|turn|31
|
|switch|p2a: Swampert.|Quagsire, F|394\/394
|move|p1a: Bisharp|Swords Dance|p1a: Bisharp
|-boost|p1a: Bisharp|atk|2
|
|turn|32
|
|switch|p1a: Landorus|Landorus, M|269\/319 tox
|move|p2a: Swampert.|Scald|p1a: Landorus
|-crit|p1a: Landorus
|-supereffective|p1a: Landorus
|-damage|p1a: Landorus|9\/319 tox
|
|-damage|p1a: Landorus|0 fnt|[from] psn
|faint|p1a: Landorus
|
|switch|p1a: Skarmory|Skarmory, F, shiny|78\/334
|turn|33
|
|switch|p2a: Honchkrow.|Mandibuzz, F|91\/423
|move|p1a: Skarmory|Stealth Rock|p2a: Honchkrow.
|-sidestart|p2: Aegislash Returns|move: Stealth Rock
|
|-heal|p2a: Honchkrow.|117\/423|[from] item: Leftovers
|turn|34
|
|switch|p1a: Charizard|Charizard-Mega-X, F|163\/297
|move|p2a: Honchkrow.|Defog|p1a: Charizard
|-unboost|p1a: Charizard|evasion|1
|-sideend|p2: Aegislash Returns|Stealth Rock|[from] move: Defog|[of] p2a: Honchkrow.
|
|-heal|p2a: Honchkrow.|143\/423|[from] item: Leftovers
|turn|35
|
|switch|p2a: Swampert.|Quagsire, F|394\/394
|move|p1a: Charizard|Dragon Claw|p2a: Swampert.
|-damage|p2a: Swampert.|229\/394
|
|-heal|p2a: Swampert.|253\/394|[from] item: Leftovers
|turn|36
|
|move|p1a: Charizard|Roost|p1a: Charizard
|-heal|p1a: Charizard|297\/297
|move|p2a: Swampert.|Recover|p2a: Swampert.
|-heal|p2a: Swampert.|394\/394
|
|turn|37
|
|switch|p1a: Azumarill|Azumarill, F, shiny|364\/364
|move|p2a: Swampert.|Toxic|p1a: Azumarill
|-status|p1a: Azumarill|tox
|
|-damage|p1a: Azumarill|342\/364 tox|[from] psn
|turn|38
|
|switch|p2a: Starmie.|Slowbro, F|339\/394
|move|p1a: Azumarill|Waterfall|p2a: Starmie.
|-resisted|p2a: Starmie.
|-damage|p2a: Starmie.|252\/394
|
|-damage|p1a: Azumarill|298\/364 tox|[from] psn
|turn|39
|
|switch|p1a: Bisharp|Bisharp, F, shiny|244\/271
|move|p2a: Starmie.|Scald|p1a: Bisharp
|-damage|p1a: Bisharp|129\/271
|
|turn|40
|
|switch|p2a: Swampert.|Quagsire, F|394\/394
|move|p1a: Bisharp|Knock Off|p2a: Swampert.
|-damage|p2a: Swampert.|199\/394
|-enditem|p2a: Swampert.|Leftovers|[from] move: Knock Off|[of] p1a: Bisharp
|-damage|p1a: Bisharp|102\/271|[from] item: Life Orb
|
|turn|41
|
|switch|p1a: Charizard|Charizard-Mega-X, F|297\/297
|move|p2a: Swampert.|Recover|p2a: Swampert.
|-heal|p2a: Swampert.|394\/394
|
|turn|42
|
|move|p1a: Charizard|Dragon Claw|p2a: Swampert.
|-damage|p2a: Swampert.|222\/394
|move|p2a: Swampert.|Toxic|p1a: Charizard
|-status|p1a: Charizard|tox
|
|-damage|p1a: Charizard|279\/297 tox|[from] psn
|turn|43
|
|switch|p1a: Azumarill|Azumarill, F, shiny|298\/364 tox
|move|p2a: Swampert.|Recover|p2a: Swampert.
|-heal|p2a: Swampert.|394\/394
|
|-damage|p1a: Azumarill|276\/364 tox|[from] psn
|turn|44
|
|switch|p2a: Starmie.|Slowbro, F|383\/394
|move|p1a: Azumarill|Play Rough|p2a: Starmie.
|-damage|p2a: Starmie.|200\/394
|-unboost|p2a: Starmie.|atk|1
|
|-damage|p1a: Azumarill|232\/364 tox|[from] psn
|turn|45
|
|switch|p2a: Aegislash.|Doublade, M|214\/322
|move|p1a: Azumarill|Play Rough|p2a: Aegislash.
|-resisted|p2a: Aegislash.
|-damage|p2a: Aegislash.|148\/322
|
|-damage|p1a: Azumarill|166\/364 tox|[from] psn
|turn|46
|
|switch|p1a: Skarmory|Skarmory, F, shiny|78\/334
|move|p2a: Aegislash.|Sacred Sword|p1a: Skarmory
|-damage|p1a: Skarmory|15\/334
|
|turn|47
|
|switch|p2a: Honchkrow.|Mandibuzz, F|143\/423
|move|p1a: Skarmory|Stealth Rock|p2a: Honchkrow.
|-sidestart|p2: Aegislash Returns|move: Stealth Rock
|
|-heal|p2a: Honchkrow.|169\/423|[from] item: Leftovers
|turn|48
|
|switch|p1a: Azumarill|Azumarill, F, shiny|166\/364 tox
|move|p2a: Honchkrow.|Defog|p1a: Azumarill
|-unboost|p1a: Azumarill|evasion|1
|-sideend|p2: Aegislash Returns|Stealth Rock|[from] move: Defog|[of] p2a: Honchkrow.
|
|-heal|p2a: Honchkrow.|195\/423|[from] item: Leftovers
|-damage|p1a: Azumarill|144\/364 tox|[from] psn
|turn|49
|
|switch|p2a: Starmie.|Slowbro, F|331\/394
|move|p1a: Azumarill|Play Rough|p2a: Starmie.
|-damage|p2a: Starmie.|144\/394
|
|-damage|p1a: Azumarill|100\/364 tox|[from] psn
|turn|50
|
|switch|p2a: Aegislash.|Doublade, M|148\/322
|move|p1a: Azumarill|Play Rough|p2a: Aegislash.
|-resisted|p2a: Aegislash.
|-damage|p2a: Aegislash.|81\/322
|
|-damage|p1a: Azumarill|34\/364 tox|[from] psn
|turn|51
|
|move|p1a: Azumarill|Play Rough|p2a: Aegislash.
|-resisted|p2a: Aegislash.
|-damage|p2a: Aegislash.|7\/322
|move|p2a: Aegislash.|Rest|p2a: Aegislash.
|-status|p2a: Aegislash.|slp
|-heal|p2a: Aegislash.|322\/322 slp|[silent]
|-status|p2a: Aegislash.|slp|[from] move: Rest
|
|-damage|p1a: Azumarill|0 fnt|[from] psn
|faint|p1a: Azumarill
|-message|LuantheLawnmower forfeited.
|
|win|Aegislash Returns
|raw|Ladder updating...
|leave|LuantheLawnmower
|player|p1
|raw|LuantheLawnmower's rating: 1445 &rarr; <strong>1422<\/strong><br \/>(-23 for losing)
|raw|Aegislash Returns's rating: 1406 &rarr; <strong>1428<\/strong><br \/>(+22 for winning)