|join|Aegislash Returns
|join|drkgren
|player|p1|Aegislash Returns|274
|player|p2|drkgren|101
|gametype|singles
|gen|6
|tier|OU (suspect test)
|rated
|clearpoke
|poke|p1|Doublade, M
|poke|p1|Chansey, F
|poke|p1|Slowbro, F
|poke|p1|Gothitelle, M
|poke|p1|Mandibuzz, F
|poke|p1|Quagsire, M
|poke|p2|Thundurus, M
|poke|p2|Heatran, F
|poke|p2|Latios, M, shiny
|poke|p2|Landorus-Therian, M
|poke|p2|Rotom-Wash
|poke|p2|Gallade, M
|rule|Swagger Clause: Swagger is banned
|rule|Baton Pass Clause: Limit one PokÃ©mon knowing Baton Pass
|rule|Sleep Clause Mod: Limit one foe put to sleep
|rule|Species Clause: Limit one of each PokÃ©mon
|rule|OHKO Clause: OHKO moves are banned
|rule|Moody Clause: Moody is banned
|rule|Evasion Moves Clause: Evasion moves are banned
|rule|Endless Battle Clause: Forcing endless battles is banned
|rule|HP Percentage Mod: HP is shown in percentages
|teampreview
|c|âdrkgren|HOnestly do  you have fun playing matches with stall teams?
|c|âAegislash Returns|mhmm
|c|âdrkgren|ok
|c|âAegislash Returns|seems like every time I make an offense team
|c|âAegislash Returns|they ban shit that I use
|c|âAegislash Returns|so what's the point lol
|c|âdrkgren|Well certainly not this
|c|âdrkgren|I mean tbh, its just not fun playing against teams like this
|c|âAegislash Returns|well, sorry I guess
|
|start
|switch|p1a: Swampert.|Quagsire, M|394\/394
|switch|p2a: Gallade|Gallade, M|277\/277
|turn|1
|
|detailschange|p2a: Gallade|Gallade-Mega, M
|-mega|p2a: Gallade|Gallade|Galladite
|move|p2a: Gallade|Substitute|p2a: Gallade
|-start|p2a: Gallade|Substitute
|-damage|p2a: Gallade|208\/277
|move|p1a: Swampert.|Scald|p2a: Gallade
|-activate|p2a: Gallade|Substitute|[damage]
|
|turn|2
|
|move|p2a: Gallade|Close Combat|p1a: Swampert.
|-damage|p1a: Swampert.|189\/394
|-unboost|p2a: Gallade|def|1
|-unboost|p2a: Gallade|spd|1
|move|p1a: Swampert.|Scald|p2a: Gallade
|-end|p2a: Gallade|Substitute
|
|-heal|p1a: Swampert.|213\/394|[from] item: Leftovers
|turn|3
|c|âAegislash Returns|you're not timestalling though, are you?
|
|switch|p2a: Rotom-Wash|Rotom-Wash|304\/304
|move|p1a: Swampert.|Recover|p1a: Swampert.
|-heal|p1a: Swampert.|394\/394
|
|turn|4
|
|move|p2a: Rotom-Wash|Will-O-Wisp|p1a: Swampert.
|-status|p1a: Swampert.|brn
|move|p1a: Swampert.|Toxic|p2a: Rotom-Wash
|-status|p2a: Rotom-Wash|tox
|
|-damage|p2a: Rotom-Wash|285\/304 tox|[from] psn
|-damage|p1a: Swampert.|345\/394 brn|[from] brn
|turn|5
|
|switch|p2a: Thundurus|Thundurus, M|299\/299
|move|p1a: Swampert.|Recover|p1a: Swampert.
|-heal|p1a: Swampert.|394\/394 brn
|
|-damage|p1a: Swampert.|345\/394 brn|[from] brn
|turn|6
|
|switch|p2a: Rotom-Wash|Rotom-Wash|285\/304 tox
|move|p1a: Swampert.|Toxic|p2a: Rotom-Wash
|-fail|p2a: Rotom-Wash|tox
|
|-heal|p2a: Rotom-Wash|304\/304 tox|[from] item: Leftovers
|-heal|p1a: Swampert.|369\/394 brn|[from] item: Leftovers
|-damage|p2a: Rotom-Wash|285\/304 tox|[from] psn
|-damage|p1a: Swampert.|320\/394 brn|[from] brn
|turn|7
|
|switch|p1a: Blissey.|Chansey, F|642\/642
|move|p2a: Rotom-Wash|Hydro Pump|p1a: Blissey.|[miss]
|-miss|p2a: Rotom-Wash|p1a: Blissey.
|
|-heal|p2a: Rotom-Wash|304\/304 tox|[from] item: Leftovers
|-damage|p2a: Rotom-Wash|266\/304 tox|[from] psn
|turn|8
|
|switch|p2a: Gallade|Gallade-Mega, M|208\/277
|move|p1a: Blissey.|Heal Bell|p1a: Blissey.
|-cureteam|p1a: Blissey.|[from] move: HealBell
|
|turn|9
|
|switch|p1a: Starmie.|Slowbro, F|394\/394
|move|p2a: Gallade|Substitute|p2a: Gallade
|-start|p2a: Gallade|Substitute
|-damage|p2a: Gallade|139\/277
|
|turn|10
|
|move|p2a: Gallade|Psycho Cut|p1a: Starmie.
|-resisted|p1a: Starmie.
|-damage|p1a: Starmie.|348\/394
|move|p1a: Starmie.|Psyshock|p2a: Gallade
|-end|p2a: Gallade|Substitute
|
|turn|11
|
|switch|p2a: Rotom-Wash|Rotom-Wash|266\/304 tox
|move|p1a: Starmie.|Psyshock|p2a: Rotom-Wash
|-damage|p2a: Rotom-Wash|196\/304 tox
|
|-heal|p2a: Rotom-Wash|215\/304 tox|[from] item: Leftovers
|-damage|p2a: Rotom-Wash|196\/304 tox|[from] psn
|turn|12
|c|âAegislash Returns|*complains about stall*
|c|âAegislash Returns|*timestalls*
|c|âAegislash Returns|#hypocrite
|
|switch|p1a: Blissey.|Chansey, F|642\/642
|move|p2a: Rotom-Wash|Volt Switch|p1a: Blissey.
|-damage|p1a: Blissey.|599\/642
|c|âdrkgren|Taste of your own medecine really
|c|âdrkgren|*medicine
|
|switch|p2a: Landorus-Therian|Landorus-Therian, M|319\/319
|-ability|p2a: Landorus-Therian|Intimidate|[of] p1a: Blissey.
|-unboost|p1a: Blissey.|atk|1
|
|turn|13
|c|âAegislash Returns|lol the amount of people who pull this shit
|c|âAegislash Returns|"taste of your own medicine"
|c|âdrkgren|When you bring stuff like that, yeah
|
|switch|p1a: Starmie.|Slowbro, F|394\/394
|move|p2a: Landorus-Therian|Knock Off|p1a: Starmie.
|-supereffective|p1a: Starmie.
|-damage|p1a: Starmie.|276\/394
|
|turn|14
|c|âAegislash Returns|you think timestalling is justified because I'm using a valid strategy?
|
|switch|p2a: Thundurus|Thundurus, M|299\/299
|move|p1a: Starmie.|Scald|p2a: Thundurus
|-damage|p2a: Thundurus|194\/299
|
|-heal|p2a: Thundurus|212\/299|[from] item: Leftovers
|turn|15
|
|switch|p1a: Swampert.|Quagsire, M|320\/394
|move|p2a: Thundurus|Thunder Wave|p1a: Swampert.
|-immune|p1a: Swampert.|[msg]
|
|-heal|p2a: Thundurus|230\/299|[from] item: Leftovers
|-heal|p1a: Swampert.|344\/394|[from] item: Leftovers
|turn|16
|c|âdrkgren|No, cause its not fun playing a match like this
|c|âAegislash Returns|then just forfeit
|c|âdrkgren|I mean what if i brought a team exactly  like this
|c|âdrkgren|against your own, it would go on foreveer
|
|switch|p2a: Rotom-Wash|Rotom-Wash|196\/304 tox
|move|p1a: Swampert.|Scald|p2a: Rotom-Wash
|-resisted|p2a: Rotom-Wash
|-damage|p2a: Rotom-Wash|162\/304 tox
|
|-heal|p2a: Rotom-Wash|181\/304 tox|[from] item: Leftovers
|-heal|p1a: Swampert.|368\/394|[from] item: Leftovers
|-damage|p2a: Rotom-Wash|162\/304 tox|[from] psn
|turn|17
|c|âAegislash Returns|it'd be a long and very interesting match
|c|âdrkgren|Not interesting, boring
|c|âAegislash Returns|I'd find it entertaining
|
|switch|p1a: Blissey.|Chansey, F|599\/642
|move|p2a: Rotom-Wash|Will-O-Wisp|p1a: Blissey.|[miss]
|-miss|p2a: Rotom-Wash|p1a: Blissey.
|
|-heal|p2a: Rotom-Wash|181\/304 tox|[from] item: Leftovers
|-damage|p2a: Rotom-Wash|143\/304 tox|[from] psn
|turn|18
|c|âdrkgren|Well the need to find a new tier for people like you
|
|switch|p2a: Gallade|Gallade-Mega, M|139\/277
|move|p1a: Blissey.|Stealth Rock|p2a: Gallade
|-sidestart|p2: drkgren|move: Stealth Rock
|
|turn|19
|c|âAegislash Returns|lol so I'm the one with the problem? not you?
|leave|drkgren
|player|p2
|join|drkgren
|c|âdrkgren|Yes, you have the problem
|player|p2|drkgren|101
|c|âAegislash Returns|right
|
|switch|p1a: Starmie.|Slowbro, F|394\/394
|move|p2a: Gallade|Psycho Cut|p1a: Starmie.
|-resisted|p1a: Starmie.
|-damage|p1a: Starmie.|341\/394
|
|turn|20
|
|move|p2a: Gallade|Psycho Cut|p1a: Starmie.
|-resisted|p1a: Starmie.
|-damage|p1a: Starmie.|295\/394
|move|p1a: Starmie.|Psyshock|p2a: Gallade
|-damage|p2a: Gallade|34\/277
|
|turn|21
|c|âdrkgren|exactly, thanks for seeing my point
|
|move|p2a: Gallade|Close Combat|p1a: Starmie.
|-resisted|p1a: Starmie.
|-damage|p1a: Starmie.|213\/394
|-unboost|p2a: Gallade|def|1
|-unboost|p2a: Gallade|spd|1
|move|p1a: Starmie.|Calm Mind|p1a: Starmie.
|-boost|p1a: Starmie.|spa|1
|-boost|p1a: Starmie.|spd|1
|
|turn|22
|c|âAegislash Returns|lol I'm not allowed to have fun playing pokemon XD
|
|switch|p2a: Thundurus|Thundurus, M|230\/299
|-damage|p2a: Thundurus|156\/299|[from] Stealth Rock
|move|p1a: Starmie.|Slack Off|p1a: Starmie.
|-heal|p1a: Starmie.|394\/394
|
|-heal|p2a: Thundurus|174\/299|[from] item: Leftovers
|turn|23
|c|âdrkgren|Never said that, did I?
|
|move|p2a: Thundurus|Thunderbolt|p1a: Starmie.
|-supereffective|p1a: Starmie.
|-damage|p1a: Starmie.|152\/394
|move|p1a: Starmie.|Scald|p2a: Thundurus
|-damage|p2a: Thundurus|14\/299
|
|-heal|p2a: Thundurus|32\/299|[from] item: Leftovers
|turn|24
|
|switch|p1a: Swampert.|Quagsire, M|368\/394
|move|p2a: Thundurus|Psychic|p1a: Swampert.
|-damage|p1a: Swampert.|209\/394
|
|-heal|p2a: Thundurus|50\/299|[from] item: Leftovers
|-heal|p1a: Swampert.|233\/394|[from] item: Leftovers
|turn|25
|
|move|p2a: Thundurus|Psychic|p1a: Swampert.
|-damage|p1a: Swampert.|89\/394
|move|p1a: Swampert.|Recover|p1a: Swampert.
|-heal|p1a: Swampert.|286\/394
|
|-heal|p2a: Thundurus|68\/299|[from] item: Leftovers
|-heal|p1a: Swampert.|310\/394|[from] item: Leftovers
|turn|26
|
|switch|p1a: Blissey.|Chansey, F|599\/642
|move|p2a: Thundurus|Psychic|p1a: Blissey.
|-damage|p1a: Blissey.|544\/642
|
|-heal|p2a: Thundurus|86\/299|[from] item: Leftovers
|turn|27
|
|switch|p2a: Gallade|Gallade-Mega, M|34\/277
|-damage|p2a: Gallade|17\/277|[from] Stealth Rock
|move|p1a: Blissey.|Seismic Toss|p2a: Gallade
|-damage|p2a: Gallade|0 fnt
|faint|p2a: Gallade
|
|
|switch|p2a: Landorus-Therian|Landorus-Therian, M|319\/319
|-damage|p2a: Landorus-Therian|280\/319|[from] Stealth Rock
|-ability|p2a: Landorus-Therian|Intimidate|[of] p1a: Blissey.
|-unboost|p1a: Blissey.|atk|1
|turn|28
|
|switch|p1a: Starmie.|Slowbro, F|283\/394
|move|p2a: Landorus-Therian|U-turn|p1a: Starmie.
|-supereffective|p1a: Starmie.
|-damage|p1a: Starmie.|169\/394
|
|switch|p2a: Latios|Latios, M, shiny|301\/301
|-damage|p2a: Latios|264\/301|[from] Stealth Rock
|
|turn|29
|
|switch|p1a: Aegislash.|Doublade, M|322\/322
|move|p2a: Latios|Thunderbolt|p1a: Aegislash.
|-crit|p1a: Aegislash.
|-damage|p1a: Aegislash.|173\/322
|-damage|p2a: Latios|234\/301|[from] item: Life Orb
|
|turn|30
|
|move|p1a: Aegislash.|Pursuit|p2a: Latios|[from]Pursuit
|-crit|p2a: Latios
|-supereffective|p2a: Latios
|-damage|p2a: Latios|0 fnt
|faint|p2a: Latios
|
|
|switch|p2a: Heatran|Heatran, F|386\/386
|-damage|p2a: Heatran|338\/386|[from] Stealth Rock
|turn|31
|
|switch|p1a: Wobbuffet.|Gothitelle, M|301\/301
|move|p2a: Heatran|Toxic|p1a: Wobbuffet.
|-status|p1a: Wobbuffet.|tox
|
|-heal|p2a: Heatran|362\/386|[from] item: Leftovers
|-damage|p1a: Wobbuffet.|283\/301 tox|[from] psn
|turn|32
|
|move|p1a: Wobbuffet.|Trick|p2a: Heatran
|-activate|p1a: Wobbuffet.|move: Trick|[of] p2a: Heatran
|-item|p2a: Heatran|Choice Scarf|[from] move: Trick
|-item|p1a: Wobbuffet.|Leftovers|[from] move: Trick
|move|p2a: Heatran|Stealth Rock|p1a: Wobbuffet.
|-sidestart|p1: Aegislash Returns|move: Stealth Rock
|
|-heal|p1a: Wobbuffet.|301\/301 tox|[from] item: Leftovers
|-damage|p1a: Wobbuffet.|265\/301 tox|[from] psn
|turn|33
|
|move|p2a: Heatran|Stealth Rock|p1a: Wobbuffet.
|-fail|p1a: Wobbuffet.
|move|p1a: Wobbuffet.|Calm Mind|p1a: Wobbuffet.
|-boost|p1a: Wobbuffet.|spa|1
|-boost|p1a: Wobbuffet.|spd|1
|
|-heal|p1a: Wobbuffet.|283\/301 tox|[from] item: Leftovers
|-damage|p1a: Wobbuffet.|229\/301 tox|[from] psn
|turn|34
|
|move|p2a: Heatran|Stealth Rock|p1a: Wobbuffet.
|-fail|p1a: Wobbuffet.
|move|p1a: Wobbuffet.|Calm Mind|p1a: Wobbuffet.
|-boost|p1a: Wobbuffet.|spa|1
|-boost|p1a: Wobbuffet.|spd|1
|
|-heal|p1a: Wobbuffet.|247\/301 tox|[from] item: Leftovers
|-damage|p1a: Wobbuffet.|175\/301 tox|[from] psn
|turn|35
|
|move|p2a: Heatran|Stealth Rock|p1a: Wobbuffet.
|-fail|p1a: Wobbuffet.
|move|p1a: Wobbuffet.|Calm Mind|p1a: Wobbuffet.
|-boost|p1a: Wobbuffet.|spa|1
|-boost|p1a: Wobbuffet.|spd|1
|
|-heal|p1a: Wobbuffet.|193\/301 tox|[from] item: Leftovers
|-damage|p1a: Wobbuffet.|103\/301 tox|[from] psn
|turn|36
|c|âAegislash Returns|I'm curious. Do you do this every time someone uses a stall team? lol
|c|âdrkgren|Just curious, how much time do you waste bringing stall teams to every match?
|c|âdrkgren|lol
|
|move|p2a: Heatran|Stealth Rock|p1a: Wobbuffet.
|-fail|p1a: Wobbuffet.
|move|p1a: Wobbuffet.|Rest|p1a: Wobbuffet.
|-status|p1a: Wobbuffet.|slp
|-heal|p1a: Wobbuffet.|301\/301 slp|[silent]
|-status|p1a: Wobbuffet.|slp|[from] move: Rest
|
|turn|37
|c|âAegislash Returns|it's not wasted time if I'm having fun ^_^
|
|move|p2a: Heatran|Stealth Rock|p1a: Wobbuffet.
|-fail|p1a: Wobbuffet.
|cant|p1a: Wobbuffet.|slp
|
|turn|38
|c|âdrkgren|I feel so bad for you
|
|move|p2a: Heatran|Stealth Rock|p1a: Wobbuffet.
|-fail|p1a: Wobbuffet.
|cant|p1a: Wobbuffet.|slp
|
|turn|39
|c|âdrkgren|This is you enjoyment of fun?
|c|âAegislash Returns|You feel bad for me? For enjoying myself? Ooook...
|
|move|p2a: Heatran|Stealth Rock|p1a: Wobbuffet.
|-fail|p1a: Wobbuffet.
|-curestatus|p1a: Wobbuffet.|slp
|move|p1a: Wobbuffet.|Calm Mind|p1a: Wobbuffet.
|-boost|p1a: Wobbuffet.|spa|1
|-boost|p1a: Wobbuffet.|spd|1
|
|turn|40
|c|âAegislash Returns|Yeah, just coz you don't enjoy it doesn't mean eveyone else feels the same way
|c|âdrkgren|You enjoy playing long ass matches just stalling? Sounds like great fun
|c|âdrkgren|Yeah keep telling youself that hun
|
|move|p2a: Heatran|Stealth Rock|p1a: Wobbuffet.
|-fail|p1a: Wobbuffet.
|move|p1a: Wobbuffet.|Calm Mind|p1a: Wobbuffet.
|-boost|p1a: Wobbuffet.|spa|1
|-boost|p1a: Wobbuffet.|spd|1
|
|turn|41
|c|âAegislash Returns|It is. Working to wear down the enemy team. It's quite rewarding
|
|move|p2a: Heatran|Stealth Rock|p1a: Wobbuffet.
|-fail|p1a: Wobbuffet.
|move|p1a: Wobbuffet.|Calm Mind|p1a: Wobbuffet.
|-boost|p1a: Wobbuffet.|spa|1
|-boost|p1a: Wobbuffet.|spd|1
|
|turn|42
|c|âdrkgren|Yeah, sure...
|
|move|p2a: Heatran|Stealth Rock|p1a: Wobbuffet.
|-fail|p1a: Wobbuffet.
|move|p1a: Wobbuffet.|Calm Mind|p1a: Wobbuffet.
|-fail|p1a: Wobbuffet.
|
|turn|43
|
|move|p2a: Heatran|Stealth Rock|p1a: Wobbuffet.
|-fail|p1a: Wobbuffet.
|move|p1a: Wobbuffet.|Calm Mind|p1a: Wobbuffet.
|-fail|p1a: Wobbuffet.
|
|turn|44
|
|move|p2a: Heatran|Stealth Rock|p1a: Wobbuffet.
|-fail|p1a: Wobbuffet.
|move|p1a: Wobbuffet.|Calm Mind|p1a: Wobbuffet.
|-fail|p1a: Wobbuffet.
|
|turn|45
|
|move|p2a: Heatran|Stealth Rock|p1a: Wobbuffet.
|-fail|p1a: Wobbuffet.
|move|p1a: Wobbuffet.|Rest|p1a: Wobbuffet.
|-fail|p1a: Wobbuffet.
|
|turn|46
|
|move|p2a: Heatran|Stealth Rock|p1a: Wobbuffet.
|-fail|p1a: Wobbuffet.
|move|p1a: Wobbuffet.|Psyshock|p2a: Heatran
|-crit|p2a: Heatran
|-resisted|p2a: Heatran
|-damage|p2a: Heatran|54\/386
|
|turn|47
|
|move|p2a: Heatran|Stealth Rock|p1a: Wobbuffet.
|-fail|p1a: Wobbuffet.
|move|p1a: Wobbuffet.|Trick|p2a: Heatran
|-activate|p1a: Wobbuffet.|move: Trick|[of] p2a: Heatran
|-item|p2a: Heatran|Leftovers|[from] move: Trick
|-item|p1a: Wobbuffet.|Choice Scarf|[from] move: Trick
|
|-heal|p2a: Heatran|78\/386|[from] item: Leftovers
|turn|48
|
|move|p1a: Wobbuffet.|Psyshock|p2a: Heatran
|-resisted|p2a: Heatran
|-damage|p2a: Heatran|0 fnt
|faint|p2a: Heatran
|
|
|switch|p2a: Landorus-Therian|Landorus-Therian, M|280\/319
|-damage|p2a: Landorus-Therian|241\/319|[from] Stealth Rock
|-ability|p2a: Landorus-Therian|Intimidate|[of] p1a: Wobbuffet.
|-unboost|p1a: Wobbuffet.|atk|1
|turn|49
|
|move|p2a: Landorus-Therian|Knock Off|p1a: Wobbuffet.
|-supereffective|p1a: Wobbuffet.
|-damage|p1a: Wobbuffet.|33\/301
|-enditem|p1a: Wobbuffet.|Choice Scarf|[from] move: Knock Off|[of] p2a: Landorus-Therian
|move|p1a: Wobbuffet.|Psyshock|p2a: Landorus-Therian
|-damage|p2a: Landorus-Therian|0 fnt
|faint|p2a: Landorus-Therian
|
|
|switch|p2a: Thundurus|Thundurus, M|86\/299
|-damage|p2a: Thundurus|12\/299|[from] Stealth Rock
|turn|50
|
|move|p2a: Thundurus|Thunderbolt|p1a: Wobbuffet.
|-damage|p1a: Wobbuffet.|0 fnt
|faint|p1a: Wobbuffet.
|
|-heal|p2a: Thundurus|30\/299|[from] item: Leftovers
|
|switch|p1a: Blissey.|Chansey, F|544\/642
|-damage|p1a: Blissey.|464\/642|[from] Stealth Rock
|turn|51
|
|move|p2a: Thundurus|Thunder Wave|p1a: Blissey.
|-status|p1a: Blissey.|par
|move|p1a: Blissey.|Seismic Toss|p2a: Thundurus
|-damage|p2a: Thundurus|0 fnt
|faint|p2a: Thundurus
|
|
|switch|p2a: Rotom-Wash|Rotom-Wash|143\/304 tox
|-damage|p2a: Rotom-Wash|105\/304 tox|[from] Stealth Rock
|turn|52
|
|move|p2a: Rotom-Wash|Pain Split|p1a: Blissey.
|-sethp|p1a: Blissey.|284\/642 par|p2a: Rotom-Wash|284\/304 tox|[from] move: Pain Split
|move|p1a: Blissey.|Seismic Toss|p2a: Rotom-Wash
|-damage|p2a: Rotom-Wash|184\/304 tox
|
|-heal|p2a: Rotom-Wash|203\/304 tox|[from] item: Leftovers
|-damage|p2a: Rotom-Wash|184\/304 tox|[from] psn
|turn|53
|
|move|p2a: Rotom-Wash|Hydro Pump|p1a: Blissey.
|-damage|p1a: Blissey.|218\/642 par
|cant|p1a: Blissey.|par
|
|-heal|p2a: Rotom-Wash|203\/304 tox|[from] item: Leftovers
|-damage|p2a: Rotom-Wash|165\/304 tox|[from] psn
|turn|54
|-message|drkgren lost due to inactivity.
|
|win|Aegislash Returns
|raw|Ladder updating...
|raw|Aegislash Returns's rating: 1313 &rarr; <strong>1333<\/strong><br \/>(+20 for winning)
|raw|drkgren's rating: 1316 &rarr; <strong>1296<\/strong><br \/>(-20 for losing)
|c|âAegislash Returns|gg :]