|join|CoolTrainerGary
|join|Smashed To Hell
|player|p1|CoolTrainerGary|265
|player|p2|Smashed To Hell|66
|gametype|singles
|gen|6
|tier|UU
|rated
|rule|Sleep Clause Mod: Limit one foe put to sleep
|rule|Species Clause: Limit one of each PokÃ©mon
|rule|OHKO Clause: OHKO moves are banned
|rule|Moody Clause: Moody is banned
|rule|Evasion Moves Clause: Evasion moves are banned
|rule|Endless Battle Clause: Forcing endless battles is banned
|rule|HP Percentage Mod: HP is shown in percentages
|clearpoke
|poke|p1|Bronzong
|poke|p1|Tornadus, M
|poke|p1|Kingdra, F
|poke|p1|Ludicolo, F
|poke|p1|Ampharos, F
|poke|p1|Toxicroak, F
|poke|p2|Porygon-Z
|poke|p2|Galvantula, M
|poke|p2|Donphan, F
|poke|p2|Florges, F
|poke|p2|Lucario, M
|poke|p2|Aerodactyl, F
|rule|Swagger Clause: Swagger is banned
|rule|Baton Pass Clause: Limit one PokÃ©mon knowing Baton Pass
|teampreview
|
|start
|switch|p1a: Tornadus|Tornadus, M|299\/299
|switch|p2a: Galvantula|Galvantula, M|281\/281
|turn|1
|
|move|p1a: Tornadus|Rain Dance|p1a: Tornadus
|-weather|RainDance
|move|p2a: Galvantula|Sticky Web|p1a: Tornadus
|-sidestart|p1: CoolTrainerGary|move: Sticky Web
|
|-weather|RainDance|[upkeep]
|turn|2
|
|move|p1a: Tornadus|U-turn|p2a: Galvantula
|-damage|p2a: Galvantula|201\/281
|
|switch|p1a: Ampharos|Ampharos, F|354\/354
|-activate|p1a: Ampharos|move: Sticky Web
|-unboost|p1a: Ampharos|spe|1
|move|p2a: Galvantula|Thunder|p1a: Ampharos
|-resisted|p1a: Ampharos
|-damage|p1a: Ampharos|266\/354
|
|-weather|RainDance|[upkeep]
|turn|3
|
|switch|p2a: Florges|Florges, F|359\/359
|detailschange|p1a: Ampharos|Ampharos-Mega, F
|message|Ampharos has Mega Evolved into Mega Ampharos!
|-ability|p1a: Ampharos|Mold Breaker
|move|p1a: Ampharos|Thunder|p2a: Florges
|-damage|p2a: Florges|208\/359
|-status|p2a: Florges|par
|
|-weather|RainDance|[upkeep]
|-heal|p2a: Florges|230\/359 par|[from] item: Leftovers
|turn|4
|
|switch|p1a: Ludicolo|Ludicolo, F|301\/301
|-activate|p1a: Ludicolo|move: Sticky Web
|-unboost|p1a: Ludicolo|spe|1
|move|p2a: Florges|Wish|p2a: Florges
|
|-weather|RainDance|[upkeep]
|-heal|p2a: Florges|252\/359 par|[from] item: Leftovers
|turn|5
|
|cant|p2a: Florges|par
|move|p1a: Ludicolo|Swords Dance|p1a: Ludicolo
|-boost|p1a: Ludicolo|atk|2
|
|-weather|RainDance|[upkeep]
|-heal|p2a: Florges|359\/359 par|[from] move: Wish|[wisher] Florges
|turn|6
|
|move|p1a: Ludicolo|Waterfall|p2a: Florges
|-damage|p2a: Florges|0 fnt
|-damage|p1a: Ludicolo|271\/301|[from] item: Life Orb
|faint|p2a: Florges
|
|-weather|RainDance|[upkeep]
|
|switch|p2a: Aerodactyl|Aerodactyl, F|301\/301
|-ability|p2a: Aerodactyl|Pressure
|turn|7
|
|switch|p1a: Bronzong|Bronzong|338\/338
|detailschange|p2a: Aerodactyl|Aerodactyl-Mega, F
|message|Aerodactyl has Mega Evolved into Mega Aerodactyl!
|move|p2a: Aerodactyl|Aerial Ace|p1a: Bronzong
|-resisted|p1a: Bronzong
|-damage|p1a: Bronzong|269\/338
|
|-weather|RainDance|[upkeep]
|turn|8
|
|switch|p2a: Galvantula|Galvantula, M|201\/281
|move|p1a: Bronzong|Stealth Rock|p2a: Galvantula
|-sidestart|p2: Smashed To Hell|move: Stealth Rock
|
|-weather|none
|turn|9
|
|move|p2a: Galvantula|Thunder|p1a: Bronzong
|-damage|p1a: Bronzong|158\/338
|move|p1a: Bronzong|Rain Dance|p1a: Bronzong
|-weather|RainDance
|
|-weather|RainDance|[upkeep]
|turn|10
|
|move|p2a: Galvantula|Bug Buzz|p1a: Bronzong
|-damage|p1a: Bronzong|67\/338
|-unboost|p1a: Bronzong|spd|1
|move|p1a: Bronzong|Gyro Ball|p2a: Galvantula
|-resisted|p2a: Galvantula
|-damage|p2a: Galvantula|92\/281
|
|-weather|RainDance|[upkeep]
|turn|11
|
|move|p2a: Galvantula|Thunder|p1a: Bronzong
|-damage|p1a: Bronzong|0 fnt
|faint|p1a: Bronzong
|
|-weather|RainDance|[upkeep]
|
|switch|p1a: Toxicroak|Toxicroak, F|368\/368
|-activate|p1a: Toxicroak|move: Sticky Web
|-unboost|p1a: Toxicroak|spe|1
|turn|12
|
|switch|p2a: Donphan|Donphan, F|383\/383
|-damage|p2a: Donphan|360\/383|[from] Stealth Rock
|move|p1a: Toxicroak|Bulk Up|p1a: Toxicroak
|-boost|p1a: Toxicroak|atk|1
|-boost|p1a: Toxicroak|def|1
|
|-weather|RainDance|[upkeep]
|turn|13
|
|move|p1a: Toxicroak|Bulk Up|p1a: Toxicroak
|-boost|p1a: Toxicroak|atk|1
|-boost|p1a: Toxicroak|def|1
|move|p2a: Donphan|Rapid Spin|p1a: Toxicroak
|-damage|p1a: Toxicroak|354\/368
|-sideend|p2: Smashed To Hell|Stealth Rock|[from] move: Rapid Spin|[of] p2a: Donphan
|
|-weather|RainDance|[upkeep]
|-heal|p1a: Toxicroak|368\/368|[from] ability: Dry Skin
|turn|14
|
|move|p1a: Toxicroak|Bulk Up|p1a: Toxicroak
|-boost|p1a: Toxicroak|atk|1
|-boost|p1a: Toxicroak|def|1
|move|p2a: Donphan|Earthquake|p1a: Toxicroak
|-supereffective|p1a: Toxicroak
|-damage|p1a: Toxicroak|186\/368
|
|-weather|RainDance|[upkeep]
|-heal|p1a: Toxicroak|232\/368|[from] ability: Dry Skin
|-heal|p1a: Toxicroak|255\/368|[from] item: Black Sludge
|turn|15
|
|move|p1a: Toxicroak|Bulk Up|p1a: Toxicroak
|-boost|p1a: Toxicroak|atk|1
|-boost|p1a: Toxicroak|def|1
|move|p2a: Donphan|Knock Off|p1a: Toxicroak
|-resisted|p1a: Toxicroak
|-damage|p1a: Toxicroak|232\/368
|-enditem|p1a: Toxicroak|Black Sludge|[from] move: Knock Off|[of] p2a: Donphan
|
|-weather|RainDance|[upkeep]
|-heal|p1a: Toxicroak|278\/368|[from] ability: Dry Skin
|turn|16
|
|move|p1a: Toxicroak|Drain Punch|p2a: Donphan
|-damage|p2a: Donphan|57\/383
|-heal|p1a: Toxicroak|368\/368|[from] drain|[of] p2a: Donphan
|move|p2a: Donphan|Earthquake|p1a: Toxicroak
|-supereffective|p1a: Toxicroak
|-damage|p1a: Toxicroak|210\/368
|
|-weather|none
|turn|17
|
|move|p2a: Donphan|Ice Shard|p1a: Toxicroak
|-damage|p1a: Toxicroak|190\/368
|move|p1a: Toxicroak|Drain Punch|p2a: Donphan
|-damage|p2a: Donphan|0 fnt
|-heal|p1a: Toxicroak|219\/368|[from] drain|[of] p2a: Donphan
|faint|p2a: Donphan
|
|
|switch|p2a: Aerodactyl|Aerodactyl-Mega, F|301\/301
|turn|18
|
|move|p2a: Aerodactyl|Aerial Ace|p1a: Toxicroak
|-supereffective|p1a: Toxicroak
|-damage|p1a: Toxicroak|85\/368
|move|p1a: Toxicroak|Drain Punch|p2a: Aerodactyl
|-damage|p2a: Aerodactyl|0 fnt
|-heal|p1a: Toxicroak|236\/368|[from] drain|[of] p2a: Aerodactyl
|faint|p2a: Aerodactyl
|
|
|switch|p2a: Porygon-Z|Porygon-Z|311\/311
|turn|19
|
|move|p1a: Toxicroak|Sucker Punch|p2a: Porygon-Z
|-damage|p2a: Porygon-Z|0 fnt
|faint|p2a: Porygon-Z
|
|-message|Smashed To Hell forfeited.
|
|win|CoolTrainerGary
|raw|Ladder updating...
|leave|Smashed To Hell
|player|p2