|join|CoolTrainerGary
|join|Dudeman130498
|player|p1|CoolTrainerGary|282
|player|p2|Dudeman130498|171
|gametype|singles
|gen|6
|tier|UU
|rule|Sleep Clause Mod: Limit one foe put to sleep
|rule|Species Clause: Limit one of each PokÃ©mon
|rule|OHKO Clause: OHKO moves are banned
|rule|Moody Clause: Moody is banned
|rule|Evasion Moves Clause: Evasion moves are banned
|rule|Endless Battle Clause: Forcing endless battles is banned
|rule|HP Percentage Mod: HP is shown in percentages
|clearpoke
|poke|p1|Abomasnow, M
|poke|p1|Vaporeon, F
|poke|p1|Druddigon, M
|poke|p1|Infernape, F
|poke|p1|Gligar, M
|poke|p1|Swampert, M
|poke|p2|Sharpedo, M
|poke|p2|Entei, shiny
|poke|p2|Celebi
|poke|p2|Cobalion
|poke|p2|Whimsicott, F
|poke|p2|Aerodactyl, M
|rule|Swagger Clause: Swagger is banned
|rule|Baton Pass Clause: Limit one PokÃ©mon knowing Baton Pass
|teampreview
|join|bananagram
|leave|bananagram
|join|UUST Munkin
|
|start
|switch|p1a: Quak|Swampert, M|393\/393
|switch|p2a: Vegetable 1|Whimsicott, F|261\/261
|turn|1
|
|switch|p1a: President|Abomasnow, M|323\/323
|move|p2a: Vegetable 1|U-turn|p1a: President
|-supereffective|p1a: President
|-damage|p1a: President|229\/323
|
|switch|p2a: Dog 1|Cobalion|323\/323
|
|turn|2
|
|switch|p1a: pussydestroyer69|Gligar, M|334\/334
|move|p2a: Dog 1|Stealth Rock|p1a: pussydestroyer69
|-sidestart|p1: CoolTrainerGary|move: Stealth Rock
|
|turn|3
|
|switch|p2a: Shark 1|Aerodactyl, M|301\/301
|-ability|p2a: Shark 1|Pressure
|move|p1a: pussydestroyer69|Defog|p2a: Shark 1
|-unboost|p2a: Shark 1|evasion|1
|-sideend|p1: CoolTrainerGary|Stealth Rock|[from] move: Defog|[of] p1a: pussydestroyer69
|
|turn|4
|
|switch|p1a: Catfish|Vaporeon, F|463\/463
|detailschange|p2a: Shark 1|Aerodactyl-Mega, M
|message|Aerodactyl has Mega Evolved into Mega Aerodactyl!
|move|p2a: Shark 1|Aqua Tail|p1a: Catfish
|-immune|p1a: Catfish|[msg]
|
|turn|5
|join|ALOMOMOMOMOMOMOLA
|
|switch|p2a: Vegetable 1|Whimsicott, F|261\/261
|move|p1a: Catfish|Wish|p1a: Catfish
|
|turn|6
|
|switch|p1a: President|Abomasnow, M|229\/323
|move|p2a: Vegetable 1|U-turn|p1a: President
|-supereffective|p1a: President
|-damage|p1a: President|123\/323
|
|switch|p2a: Dog 2|Entei, shiny|371\/371
|-ability|p2a: Dog 2|Pressure
|
|-heal|p1a: President|323\/323|[from] move: Wish|[wisher] Catfish
|turn|7
|join|LessThanThreeMan
|
|switch|p1a: Catfish|Vaporeon, F|463\/463
|move|p2a: Dog 2|Sacred Fire|p1a: Catfish
|-resisted|p1a: Catfish
|-damage|p1a: Catfish|358\/463
|-damage|p2a: Dog 2|334\/371|[from] item: Life Orb
|
|-heal|p1a: Catfish|386\/463|[from] item: Leftovers
|turn|8
|
|switch|p2a: Vegetable 2|Celebi|404\/404
|move|p1a: Catfish|Toxic|p2a: Vegetable 2
|-status|p2a: Vegetable 2|tox
|
|-heal|p1a: Catfish|414\/463|[from] item: Leftovers
|-damage|p2a: Vegetable 2|379\/404 tox|[from] psn
|turn|9
|join|Bob the Bro
|
|move|p1a: Catfish|Protect|p1a: Catfish
|-singleturn|p1a: Catfish|Protect
|move|p2a: Vegetable 2|Baton Pass|p2a: Vegetable 2
|
|switch|p2a: Dog 1|Cobalion|323\/323
|
|-heal|p1a: Catfish|442\/463|[from] item: Leftovers
|turn|10
|join|Volbeatdown
|
|switch|p1a: pussydestroyer69|Gligar, M|334\/334
|move|p2a: Dog 1|Stealth Rock|p1a: pussydestroyer69
|-sidestart|p1: CoolTrainerGary|move: Stealth Rock
|
|turn|11
|
|move|p2a: Dog 1|Iron Head|p1a: pussydestroyer69
|-crit|p1a: pussydestroyer69
|-damage|p1a: pussydestroyer69|255\/334
|move|p1a: pussydestroyer69|Defog|p2a: Dog 1
|-unboost|p2a: Dog 1|evasion|1
|-sideend|p1: CoolTrainerGary|Stealth Rock|[from] move: Defog|[of] p1a: pussydestroyer69
|
|turn|12
|
|switch|p2a: Shark 1|Aerodactyl-Mega, M|301\/301
|move|p1a: pussydestroyer69|Stealth Rock|p2a: Shark 1
|-sidestart|p2: Dudeman130498|move: Stealth Rock
|
|turn|13
|c| LessThanThreeMan|"shark"
|c|âDudeman130498|sh
|c|âCoolTrainerGary|lol
|c| LessThanThreeMan|:]
|c|âDudeman130498|u just gotta bleve
|c| LessThanThreeMan|wait for mega
|c| LessThanThreeMan|and run 2 megas
|c| LessThanThreeMan|and name the goatee 1 and 2
|c| LessThanThreeMan|:]
|c|âDudeman130498|y
|
|switch|p1a: Quak|Swampert, M|393\/393
|move|p2a: Shark 1|Stone Edge|p1a: Quak
|-resisted|p1a: Quak
|-damage|p1a: Quak|283\/393
|
|turn|14
|
|switch|p2a: Dog 1|Cobalion|323\/323
|-damage|p2a: Dog 1|313\/323|[from] Stealth Rock
|move|p1a: Quak|Ice Punch|p2a: Dog 1
|-resisted|p2a: Dog 1
|-damage|p2a: Dog 1|262\/323
|
|-heal|p2a: Dog 1|282\/323|[from] item: Leftovers
|turn|15
|c|âDudeman130498|ha
|c|âCoolTrainerGary|da predictions tho
|
|switch|p1a: pussydestroyer69|Gligar, M|255\/334
|move|p2a: Dog 1|Stealth Rock|p1a: pussydestroyer69
|-sidestart|p1: CoolTrainerGary|move: Stealth Rock
|
|-heal|p2a: Dog 1|302\/323|[from] item: Leftovers
|turn|16
|join|Happee
|
|move|p2a: Dog 1|Iron Head|p1a: pussydestroyer69
|-damage|p1a: pussydestroyer69|200\/334
|move|p1a: pussydestroyer69|Earthquake|p2a: Dog 1
|-supereffective|p2a: Dog 1
|-damage|p2a: Dog 1|138\/323
|
|-heal|p2a: Dog 1|158\/323|[from] item: Leftovers
|turn|17
|join|kyla's main
|c| Bob the Bro|is this pokegyarados
|
|switch|p1a: Quak|Swampert, M|283\/393
|-damage|p1a: Quak|259\/393|[from] Stealth Rock
|move|p2a: Dog 1|Iron Head|p1a: Quak
|-resisted|p1a: Quak
|-damage|p1a: Quak|199\/393
|
|-heal|p2a: Dog 1|178\/323|[from] item: Leftovers
|turn|18
|
|switch|p2a: Vegetable 1|Whimsicott, F|261\/261
|-damage|p2a: Vegetable 1|229\/261|[from] Stealth Rock
|switch|p1a: pussydestroyer69|Gligar, M|200\/334
|-damage|p1a: pussydestroyer69|159\/334|[from] Stealth Rock
|
|-heal|p2a: Vegetable 1|245\/261|[from] item: Leftovers
|turn|19
|
|move|p2a: Vegetable 1|Giga Drain|p1a: pussydestroyer69
|-damage|p1a: pussydestroyer69|74\/334
|-heal|p2a: Vegetable 1|261\/261|[from] drain|[of] p1a: pussydestroyer69
|move|p1a: pussydestroyer69|Roost|p1a: pussydestroyer69
|-heal|p1a: pussydestroyer69|241\/334
|
|turn|20
|
|move|p2a: Vegetable 1|U-turn|p1a: pussydestroyer69
|-resisted|p1a: pussydestroyer69
|-damage|p1a: pussydestroyer69|233\/334
|
|switch|p2a: Shark 1|Aerodactyl-Mega, M|301\/301
|-damage|p2a: Shark 1|226\/301|[from] Stealth Rock
|move|p1a: pussydestroyer69|Defog|p2a: Shark 1
|-unboost|p2a: Shark 1|evasion|1
|-sideend|p2: Dudeman130498|Stealth Rock|[from] move: Defog|[of] p2a: Shark 1
|-sideend|p1: CoolTrainerGary|Stealth Rock|[from] move: Defog|[of] p1a: pussydestroyer69
|
|turn|21
|
|move|p2a: Shark 1|Stone Edge|p1a: pussydestroyer69
|-crit|p1a: pussydestroyer69
|-damage|p1a: pussydestroyer69|100\/334
|move|p1a: pussydestroyer69|Stealth Rock|p2a: Shark 1
|-sidestart|p2: Dudeman130498|move: Stealth Rock
|
|turn|22
|c|âCoolTrainerGary|thats dumb
|
|switch|p1a: Catfish|Vaporeon, F|442\/463
|move|p2a: Shark 1|Aqua Tail|p1a: Catfish
|-heal|p1a: Catfish|463\/463|[from] ability: Water Absorb|[of] p2a: Shark 1
|
|turn|23
|
|switch|p2a: Vegetable 1|Whimsicott, F|261\/261
|-damage|p2a: Vegetable 1|229\/261|[from] Stealth Rock
|switch|p1a: Infernrape|Infernape, F|293\/293
|
|-heal|p2a: Vegetable 1|245\/261|[from] item: Leftovers
|turn|24
|
|move|p2a: Vegetable 1|Moonblast|p1a: Infernrape
|-damage|p1a: Infernrape|137\/293
|move|p1a: Infernrape|Fire Blast|p2a: Vegetable 1
|-crit|p2a: Vegetable 1
|-supereffective|p2a: Vegetable 1
|-damage|p2a: Vegetable 1|0 fnt
|-damage|p1a: Infernrape|108\/293|[from] item: Life Orb
|faint|p2a: Vegetable 1
|
|
|switch|p2a: Shark 1|Aerodactyl-Mega, M|226\/301
|-damage|p2a: Shark 1|151\/301|[from] Stealth Rock
|turn|25
|c|âCoolTrainerGary|my crits never matter
|
|switch|p1a: Catfish|Vaporeon, F|463\/463
|move|p2a: Shark 1|Roost|p2a: Shark 1
|-heal|p2a: Shark 1|301\/301
|
|turn|26
|
|move|p2a: Shark 1|Stone Edge|p1a: Catfish
|-damage|p1a: Catfish|261\/463
|move|p1a: Catfish|Wish|p1a: Catfish
|
|-heal|p1a: Catfish|289\/463|[from] item: Leftovers
|turn|27
|
|switch|p2a: Vegetable 2|Celebi|379\/404
|-damage|p2a: Vegetable 2|329\/404|[from] Stealth Rock
|move|p1a: Catfish|Scald|p2a: Vegetable 2
|-resisted|p2a: Vegetable 2
|-damage|p2a: Vegetable 2|279\/404
|-status|p2a: Vegetable 2|brn
|
|-heal|p1a: Catfish|463\/463|[from] move: Wish|[wisher] Catfish
|-damage|p2a: Vegetable 2|229\/404 brn|[from] brn
|turn|28
|leave|Volbeatdown
|
|switch|p1a: Don't Do Drugs|Druddigon, M|358\/358
|-ability|p1a: Don't Do Drugs|Mold Breaker
|move|p2a: Vegetable 2|Baton Pass|p2a: Vegetable 2
|
|switch|p2a: Dog 1|Cobalion|178\/323
|-damage|p2a: Dog 1|168\/323|[from] Stealth Rock
|
|-heal|p2a: Dog 1|188\/323|[from] item: Leftovers
|turn|29
|
|switch|p1a: pussydestroyer69|Gligar, M|100\/334
|move|p2a: Dog 1|Stealth Rock|p1a: pussydestroyer69
|-sidestart|p1: CoolTrainerGary|move: Stealth Rock
|
|-heal|p2a: Dog 1|208\/323|[from] item: Leftovers
|turn|30
|
|switch|p2a: Shark 1|Aerodactyl-Mega, M|301\/301
|-damage|p2a: Shark 1|226\/301|[from] Stealth Rock
|move|p1a: pussydestroyer69|Roost|p1a: pussydestroyer69
|-heal|p1a: pussydestroyer69|267\/334
|
|turn|31
|c|âCoolTrainerGary|pls no flinch
|c|âCoolTrainerGary|k nvm
|
|move|p2a: Shark 1|Aqua Tail|p1a: pussydestroyer69
|-supereffective|p1a: pussydestroyer69
|-damage|p1a: pussydestroyer69|127\/334
|move|p1a: pussydestroyer69|Defog|p2a: Shark 1
|-unboost|p2a: Shark 1|evasion|1
|-sideend|p2: Dudeman130498|Stealth Rock|[from] move: Defog|[of] p2a: Shark 1
|-sideend|p1: CoolTrainerGary|Stealth Rock|[from] move: Defog|[of] p1a: pussydestroyer69
|
|turn|32
|
|switch|p2a: Dog 1|Cobalion|208\/323
|move|p1a: pussydestroyer69|Roost|p1a: pussydestroyer69
|-heal|p1a: pussydestroyer69|294\/334
|
|-heal|p2a: Dog 1|228\/323|[from] item: Leftovers
|turn|33
|
|switch|p2a: Vegetable 2|Celebi|229\/404
|move|p1a: pussydestroyer69|Earthquake|p2a: Vegetable 2
|-resisted|p2a: Vegetable 2
|-damage|p2a: Vegetable 2|195\/404
|
|turn|34
|
|switch|p1a: Don't Do Drugs|Druddigon, M|358\/358
|-ability|p1a: Don't Do Drugs|Mold Breaker
|move|p2a: Vegetable 2|Recover|p2a: Vegetable 2
|-heal|p2a: Vegetable 2|397\/404
|
|turn|35
|
|move|p2a: Vegetable 2|Baton Pass|p2a: Vegetable 2
|
|switch|p2a: Dog 1|Cobalion|228\/323
|move|p1a: Don't Do Drugs|Dragon Claw|p2a: Dog 1
|-resisted|p2a: Dog 1
|-damage|p2a: Dog 1|174\/323
|
|-heal|p2a: Dog 1|194\/323|[from] item: Leftovers
|turn|36
|
|switch|p2a: Dog 2|Entei, shiny|334\/371
|-ability|p2a: Dog 2|Pressure
|move|p1a: Don't Do Drugs|Earthquake|p2a: Dog 2
|-supereffective|p2a: Dog 2
|-damage|p2a: Dog 2|72\/371
|
|turn|37
|c|âDudeman130498|welp
|c| Bob the Bro|git rekt
|c|âCoolTrainerGary|what did u predict lol
|
|switch|p2a: Vegetable 2|Celebi|397\/404
|move|p1a: Don't Do Drugs|Sucker Punch|p2a: Vegetable 2
|-fail|p2a: Vegetable 2
|
|turn|38
|
|move|p2a: Vegetable 2|Swords Dance|p2a: Vegetable 2
|-boost|p2a: Vegetable 2|atk|2
|move|p1a: Don't Do Drugs|Dragon Claw|p2a: Vegetable 2
|-damage|p2a: Vegetable 2|280\/404
|
|turn|39
|c| Bob the Bro|sd again
|
|move|p2a: Vegetable 2|Baton Pass|p2a: Vegetable 2
|
|switch|p2a: Dog 1|Cobalion|194\/323
|move|p1a: Don't Do Drugs|Dragon Tail|p2a: Dog 1
|-resisted|p2a: Dog 1
|-damage|p2a: Dog 1|152\/323
|drag|p2a: Shark 2|Sharpedo, M|281\/281
|
|turn|40
|c|âDudeman130498|fuck LOL
|
|switch|p2a: Vegetable 2|Celebi|280\/404
|switch|p1a: Catfish|Vaporeon, F|463\/463
|
|turn|41
|
|switch|p1a: Don't Do Drugs|Druddigon, M|358\/358
|-ability|p1a: Don't Do Drugs|Mold Breaker
|move|p2a: Vegetable 2|Baton Pass|p2a: Vegetable 2
|
|switch|p2a: Shark 1|Aerodactyl-Mega, M|226\/301
|
|turn|42
|
|switch|p1a: Catfish|Vaporeon, F|463\/463
|move|p2a: Shark 1|Stone Edge|p1a: Catfish
|-crit|p1a: Catfish
|-damage|p1a: Catfish|150\/463
|
|-heal|p1a: Catfish|178\/463|[from] item: Leftovers
|turn|43
|c|âCoolTrainerGary|omg
|
|switch|p2a: Vegetable 2|Celebi|280\/404
|move|p1a: Catfish|Protect|p1a: Catfish
|-fail|p1a: Catfish
|
|-heal|p1a: Catfish|206\/463|[from] item: Leftovers
|turn|44
|
|switch|p1a: Don't Do Drugs|Druddigon, M|358\/358
|-ability|p1a: Don't Do Drugs|Mold Breaker
|move|p2a: Vegetable 2|Swords Dance|p2a: Vegetable 2
|-boost|p2a: Vegetable 2|atk|2
|
|turn|45
|
|move|p2a: Vegetable 2|Seed Bomb|p1a: Don't Do Drugs
|-resisted|p1a: Don't Do Drugs
|-damage|p1a: Don't Do Drugs|259\/358
|move|p1a: Don't Do Drugs|Dragon Tail|p2a: Vegetable 2
|-damage|p2a: Vegetable 2|204\/404
|drag|p2a: Dog 2|Entei, shiny|72\/371
|-ability|p2a: Dog 2|Pressure
|
|turn|46
|
|switch|p2a: Vegetable 2|Celebi|204\/404
|move|p1a: Don't Do Drugs|Sucker Punch|p2a: Vegetable 2
|-fail|p2a: Vegetable 2
|
|turn|47
|
|switch|p1a: Infernrape|Infernape, F|108\/293
|move|p2a: Vegetable 2|Recover|p2a: Vegetable 2
|-heal|p2a: Vegetable 2|404\/404
|
|turn|48
|
|switch|p2a: Shark 1|Aerodactyl-Mega, M|226\/301
|move|p1a: Infernrape|Fire Blast|p2a: Shark 1
|-resisted|p2a: Shark 1
|-damage|p2a: Shark 1|106\/301
|-damage|p1a: Infernrape|79\/293|[from] item: Life Orb
|
|turn|49
|c| Bob the Bro|dudmon you suck ass
|join|MCHercules
|
|switch|p1a: Quak|Swampert, M|199\/393
|move|p2a: Shark 1|Stone Edge|p1a: Quak
|-resisted|p1a: Quak
|-damage|p1a: Quak|95\/393
|
|turn|50
|
|move|p2a: Shark 1|Aqua Tail|p1a: Quak
|-damage|p1a: Quak|0 fnt
|faint|p1a: Quak
|
|
|switch|p1a: President|Abomasnow, M|323\/323
|turn|51
|
|switch|p2a: Dog 1|Cobalion|152\/323
|detailschange|p1a: President|Abomasnow-Mega, M
|message|Abomasnow has Mega Evolved into Mega Abomasnow!
|-weather|Hail
|move|p1a: President|Ice Shard|p2a: Dog 1
|-resisted|p2a: Dog 1
|-damage|p2a: Dog 1|125\/323
|
|-weather|Hail|[upkeep]
|-damage|p2a: Dog 1|105\/323|[from] hail
|-heal|p2a: Dog 1|125\/323|[from] item: Leftovers
|turn|52
|join|Heated Rocks
|
|switch|p1a: Infernrape|Infernape, F|79\/293
|move|p2a: Dog 1|Close Combat|p1a: Infernrape
|-damage|p1a: Infernrape|0 fnt
|-unboost|p2a: Dog 1|def|1
|-unboost|p2a: Dog 1|spd|1
|faint|p1a: Infernrape
|
|-weather|Hail|[upkeep]
|-damage|p2a: Dog 1|105\/323|[from] hail
|-heal|p2a: Dog 1|125\/323|[from] item: Leftovers
|
|switch|p1a: pussydestroyer69|Gligar, M|294\/334
|turn|53
|
|move|p2a: Dog 1|Stealth Rock|p1a: pussydestroyer69
|-sidestart|p1: CoolTrainerGary|move: Stealth Rock
|move|p1a: pussydestroyer69|Stealth Rock|p2a: Dog 1
|-sidestart|p2: Dudeman130498|move: Stealth Rock
|
|-weather|Hail|[upkeep]
|-damage|p2a: Dog 1|105\/323|[from] hail
|-damage|p1a: pussydestroyer69|274\/334|[from] hail
|-heal|p2a: Dog 1|125\/323|[from] item: Leftovers
|turn|54
|c|âDudeman130498|cancel go
|c|âDudeman130498|ty
|join|Frickett
|c|âCoolTrainerGary|this is turn will decide the game
|leave|Frickett
|
|switch|p2a: Shark 1|Aerodactyl-Mega, M|106\/301
|-damage|p2a: Shark 1|31\/301|[from] Stealth Rock
|switch|p1a: President|Abomasnow-Mega, M|323\/323
|-damage|p1a: President|243\/323|[from] Stealth Rock
|
|-weather|Hail|[upkeep]
|-damage|p2a: Shark 1|13\/301|[from] hail
|turn|55
|c| Bob the Bro|rekt
|
|switch|p2a: Dog 1|Cobalion|125\/323
|-damage|p2a: Dog 1|115\/323|[from] Stealth Rock
|move|p1a: President|Ice Shard|p2a: Dog 1
|-crit|p2a: Dog 1
|-resisted|p2a: Dog 1
|-damage|p2a: Dog 1|73\/323
|
|-weather|none
|-heal|p2a: Dog 1|93\/323|[from] item: Leftovers
|turn|56
|c|âCoolTrainerGary|the game isnt decided lol i could still lose
|
|switch|p1a: pussydestroyer69|Gligar, M|274\/334
|-damage|p1a: pussydestroyer69|233\/334|[from] Stealth Rock
|move|p2a: Dog 1|Iron Head|p1a: pussydestroyer69
|-damage|p1a: pussydestroyer69|179\/334
|
|-heal|p2a: Dog 1|113\/323|[from] item: Leftovers
|turn|57
|
|switch|p2a: Vegetable 2|Celebi|404\/404
|-damage|p2a: Vegetable 2|354\/404|[from] Stealth Rock
|move|p1a: pussydestroyer69|Roost|p1a: pussydestroyer69
|-heal|p1a: pussydestroyer69|334\/334
|
|turn|58
|join|Seth Krogan
|
|switch|p1a: Don't Do Drugs|Druddigon, M|259\/358
|-damage|p1a: Don't Do Drugs|215\/358|[from] Stealth Rock
|-ability|p1a: Don't Do Drugs|Mold Breaker
|move|p2a: Vegetable 2|Swords Dance|p2a: Vegetable 2
|-boost|p2a: Vegetable 2|atk|2
|
|turn|59
|
|move|p2a: Vegetable 2|Seed Bomb|p1a: Don't Do Drugs
|-resisted|p1a: Don't Do Drugs
|-damage|p1a: Don't Do Drugs|120\/358
|move|p1a: Don't Do Drugs|Dragon Claw|p2a: Vegetable 2
|-damage|p2a: Vegetable 2|243\/404
|
|turn|60
|
|move|p2a: Vegetable 2|Recover|p2a: Vegetable 2
|-heal|p2a: Vegetable 2|404\/404
|move|p1a: Don't Do Drugs|Dragon Claw|p2a: Vegetable 2
|-damage|p2a: Vegetable 2|287\/404
|
|turn|61
|
|move|p2a: Vegetable 2|Seed Bomb|p1a: Don't Do Drugs
|-resisted|p1a: Don't Do Drugs
|-damage|p1a: Don't Do Drugs|13\/358
|move|p1a: Don't Do Drugs|Dragon Claw|p2a: Vegetable 2
|-damage|p2a: Vegetable 2|184\/404
|
|turn|62
|
|move|p2a: Vegetable 2|Recover|p2a: Vegetable 2
|-heal|p2a: Vegetable 2|386\/404
|move|p1a: Don't Do Drugs|Dragon Claw|p2a: Vegetable 2
|-damage|p2a: Vegetable 2|278\/404
|
|turn|63
|
|move|p1a: Don't Do Drugs|Sucker Punch|p2a: Vegetable 2
|-fail|p2a: Vegetable 2
|move|p2a: Vegetable 2|Recover|p2a: Vegetable 2
|-heal|p2a: Vegetable 2|404\/404
|
|turn|64
|c|âCoolTrainerGary|the plays tho
|
|move|p1a: Don't Do Drugs|Sucker Punch|p2a: Vegetable 2
|-fail|p2a: Vegetable 2
|move|p2a: Vegetable 2|Swords Dance|p2a: Vegetable 2
|-boost|p2a: Vegetable 2|atk|2
|
|turn|65
|c|âCoolTrainerGary|chill out
|
|move|p1a: Don't Do Drugs|Sucker Punch|p2a: Vegetable 2
|-supereffective|p2a: Vegetable 2
|-damage|p2a: Vegetable 2|256\/404
|-enditem|p2a: Vegetable 2|Weakness Policy
|-boost|p2a: Vegetable 2|atk|2|[from] item: Weakness Policy
|-boost|p2a: Vegetable 2|spa|2|[from] item: Weakness Policy
|move|p2a: Vegetable 2|Seed Bomb|p1a: Don't Do Drugs
|-resisted|p1a: Don't Do Drugs
|-damage|p1a: Don't Do Drugs|0 fnt
|faint|p1a: Don't Do Drugs
|
|join|food for thot
|c|âDudeman130498|in
|c| Bob the Bro|nb
|c|âCoolTrainerGary|wtf
|c| Seth Krogan|bruh
|c| kyla's main|lol
|c| food for thot|that celebi
|c| food for thot|is scurry
|c|âCoolTrainerGary|wat
|c|âCoolTrainerGary|._.
|
|switch|p1a: President|Abomasnow-Mega, M|243\/323
|-damage|p1a: President|163\/323|[from] Stealth Rock
|-weather|Hail
|turn|66
|c| Bob the Bro|pass to pedo if real
|c|âDudeman130498|i think this won't kill lol
|
|move|p2a: Vegetable 2|Seed Bomb|p1a: President
|-resisted|p1a: President
|-damage|p1a: President|0 fnt
|faint|p1a: President
|
|-weather|Hail|[upkeep]
|-damage|p2a: Vegetable 2|231\/404|[from] hail
|c|âDudeman130498|ah nb
|c|âCoolTrainerGary|gg
|c| food for thot|tfw name is cooltrainergary, wattson is avatar
|c| LessThanThreeMan|nb
|c|âDudeman130498|gg
|-message|CoolTrainerGary forfeited.
|
|win|Dudeman130498
|c|âDudeman130498|psh
|c| LessThanThreeMan|celebi for the pull through
|leave|Seth Krogan
|c|âDudeman130498|laaaame
|leave|Bob the Bro
|leave|CoolTrainerGary
|player|p1
|leave|food for thot
|leave|LessThanThreeMan
|leave|Heated Rocks
|leave|UUST Munkin
|leave|kyla's main