|join|CoolTrainerGary
|join|juanen123
|player|p1|CoolTrainerGary|282
|player|p2|juanen123|266
|gametype|singles
|gen|6
|tier|UU
|rated
|rule|Sleep Clause Mod: Limit one foe put to sleep
|rule|Species Clause: Limit one of each PokÃ©mon
|rule|OHKO Clause: OHKO moves are banned
|rule|Moody Clause: Moody is banned
|rule|Evasion Moves Clause: Evasion moves are banned
|rule|Endless Battle Clause: Forcing endless battles is banned
|rule|HP Percentage Mod: HP is shown in percentages
|clearpoke
|poke|p1|Abomasnow, F
|poke|p1|Vaporeon, M
|poke|p1|Druddigon, F
|poke|p1|Infernape, F
|poke|p1|Gligar, M
|poke|p1|Swampert, M
|poke|p2|Crobat, M
|poke|p2|Rhyperior, M
|poke|p2|Hydreigon, M
|poke|p2|Slowking, M
|poke|p2|Snorlax, M
|poke|p2|Mienshao, F
|rule|Swagger Clause: Swagger is banned
|rule|Baton Pass Clause: Limit one PokÃ©mon knowing Baton Pass
|teampreview
|
|start
|switch|p1a: pussydestroyer69|Gligar, M|334\/334
|switch|p2a: Crobat|Crobat, M|353\/353
|turn|1
|
|move|p2a: Crobat|U-turn|p1a: pussydestroyer69
|-resisted|p1a: pussydestroyer69
|-damage|p1a: pussydestroyer69|320\/334
|
|switch|p2a: Rhyperior|Rhyperior, M|433\/433
|move|p1a: pussydestroyer69|Stealth Rock|p2a: Rhyperior
|-sidestart|p2: juanen123|move: Stealth Rock
|
|turn|2
|
|move|p1a: pussydestroyer69|Earthquake|p2a: Rhyperior
|-supereffective|p2a: Rhyperior
|-damage|p2a: Rhyperior|325\/433
|move|p2a: Rhyperior|Dragon Tail|p1a: pussydestroyer69
|-damage|p1a: pussydestroyer69|285\/334
|drag|p1a: Quak|Swampert, M|393\/393
|
|-heal|p2a: Rhyperior|352\/433|[from] item: Leftovers
|turn|3
|
|move|p1a: Quak|Earthquake|p2a: Rhyperior
|-supereffective|p2a: Rhyperior
|-damage|p2a: Rhyperior|49\/433
|move|p2a: Rhyperior|Stealth Rock|p1a: Quak
|-sidestart|p1: CoolTrainerGary|move: Stealth Rock
|
|-heal|p2a: Rhyperior|76\/433|[from] item: Leftovers
|turn|4
|
|switch|p2a: Slowking|Slowking, M|393\/393
|-damage|p2a: Slowking|344\/393|[from] Stealth Rock
|move|p1a: Quak|Earthquake|p2a: Slowking
|-damage|p2a: Slowking|116\/393
|
|turn|5
|
|switch|p1a: Catfish|Vaporeon, M|463\/463
|-damage|p1a: Catfish|406\/463|[from] Stealth Rock
|switch|p2a: Hydreigon|Hydreigon, M|325\/325
|-damage|p2a: Hydreigon|285\/325|[from] Stealth Rock
|
|-heal|p1a: Catfish|434\/463|[from] item: Leftovers
|turn|6
|
|move|p2a: Hydreigon|Dark Pulse|p1a: Catfish
|-damage|p1a: Catfish|215\/463
|move|p1a: Catfish|Wish|p1a: Catfish
|
|-heal|p1a: Catfish|243\/463|[from] item: Leftovers
|turn|7
|
|move|p2a: Hydreigon|Dark Pulse|p1a: Catfish
|-damage|p1a: Catfish|23\/463
|cant|p1a: Catfish|flinch
|
|-heal|p1a: Catfish|254\/463|[from] move: Wish|[wisher] Catfish
|-heal|p1a: Catfish|282\/463|[from] item: Leftovers
|turn|8
|
|move|p1a: Catfish|Protect|p1a: Catfish
|-singleturn|p1a: Catfish|Protect
|move|p2a: Hydreigon|Dark Pulse|p1a: Catfish
|-activate|p1a: Catfish|Protect
|
|-heal|p1a: Catfish|310\/463|[from] item: Leftovers
|turn|9
|
|move|p2a: Hydreigon|Dark Pulse|p1a: Catfish
|-damage|p1a: Catfish|106\/463
|cant|p1a: Catfish|flinch
|
|-heal|p1a: Catfish|134\/463|[from] item: Leftovers
|turn|10
|c|âCoolTrainerGary|wtf
|c|âCoolTrainerGary|.....
|c|âCoolTrainerGary|ive outplayed you up to this point but it doesnt count for anything bc u hax me
|
|move|p1a: Catfish|Protect|p1a: Catfish
|-singleturn|p1a: Catfish|Protect
|move|p2a: Hydreigon|Dark Pulse|p1a: Catfish
|-activate|p1a: Catfish|Protect
|
|-heal|p1a: Catfish|162\/463|[from] item: Leftovers
|turn|11
|
|switch|p1a: Infernrape|Infernape, F|293\/293
|-damage|p1a: Infernrape|257\/293|[from] Stealth Rock
|move|p2a: Hydreigon|Dark Pulse|p1a: Infernrape
|-resisted|p1a: Infernrape
|-damage|p1a: Infernrape|113\/293
|
|turn|12
|
|switch|p2a: Slowking|Slowking, M|247\/393
|-damage|p2a: Slowking|198\/393|[from] Stealth Rock
|move|p1a: Infernrape|Nasty Plot|p1a: Infernrape
|-boost|p1a: Infernrape|spa|2
|
|turn|13
|
|move|p1a: Infernrape|Grass Knot|p2a: Slowking
|-crit|p2a: Slowking
|-supereffective|p2a: Slowking
|-damage|p2a: Slowking|0 fnt
|-damage|p1a: Infernrape|84\/293|[from] item: Life Orb
|faint|p2a: Slowking
|
|
|switch|p2a: Mienshao|Mienshao, F|271\/271
|-damage|p2a: Mienshao|255\/271|[from] Stealth Rock
|turn|14
|
|move|p1a: Infernrape|Vacuum Wave|p2a: Mienshao
|-damage|p2a: Mienshao|2\/271
|-damage|p1a: Infernrape|55\/293|[from] item: Life Orb
|move|p2a: Mienshao|High Jump Kick|p1a: Infernrape
|-damage|p1a: Infernrape|0 fnt
|faint|p1a: Infernrape
|
|
|switch|p1a: Catfish|Vaporeon, M|162\/463
|-damage|p1a: Catfish|105\/463|[from] Stealth Rock
|turn|15
|
|move|p1a: Catfish|Protect|p1a: Catfish
|-singleturn|p1a: Catfish|Protect
|move|p2a: Mienshao|High Jump Kick|p1a: Catfish
|-activate|p1a: Catfish|Protect
|-damage|p2a: Mienshao|0 fnt|[from] highjumpkick
|faint|p2a: Mienshao
|
|-heal|p1a: Catfish|133\/463|[from] item: Leftovers
|
|switch|p2a: Snorlax|Snorlax, M|461\/461
|-damage|p2a: Snorlax|404\/461|[from] Stealth Rock
|turn|16
|
|move|p1a: Catfish|Wish|p1a: Catfish
|move|p2a: Snorlax|Frustration|p1a: Catfish
|-damage|p1a: Catfish|0 fnt
|faint|p1a: Catfish
|
|
|switch|p1a: Quak|Swampert, M|393\/393
|-damage|p1a: Quak|369\/393|[from] Stealth Rock
|turn|17
|
|switch|p2a: Hydreigon|Hydreigon, M|285\/325
|-damage|p2a: Hydreigon|245\/325|[from] Stealth Rock
|move|p1a: Quak|Superpower|p2a: Hydreigon
|-supereffective|p2a: Hydreigon
|-damage|p2a: Hydreigon|0 fnt
|-unboost|p1a: Quak|atk|1
|-unboost|p1a: Quak|def|1
|faint|p2a: Hydreigon
|
|-heal|p1a: Quak|393\/393|[from] move: Wish|[wisher] Catfish
|c|âCoolTrainerGary|get out
|
|switch|p2a: Snorlax|Snorlax, M|404\/461
|-damage|p2a: Snorlax|347\/461|[from] Stealth Rock
|turn|18
|
|move|p1a: Quak|Superpower|p2a: Snorlax
|-supereffective|p2a: Snorlax
|-damage|p2a: Snorlax|0 fnt
|-unboost|p1a: Quak|atk|1
|-unboost|p1a: Quak|def|1
|faint|p2a: Snorlax
|
|c|âjuanen123|what?
|c|âjuanen123|omg
|
|switch|p2a: Crobat|Crobat, M|353\/353
|-damage|p2a: Crobat|265\/353|[from] Stealth Rock
|turn|19
|c|âCoolTrainerGary|choice band
|
|switch|p1a: pussydestroyer69|Gligar, M|285\/334
|-damage|p1a: pussydestroyer69|244\/334|[from] Stealth Rock
|move|p2a: Crobat|Brave Bird|p1a: pussydestroyer69
|-damage|p1a: pussydestroyer69|169\/334
|-damage|p2a: Crobat|240\/353|[from] recoil|[of] p1a: pussydestroyer69
|
|-heal|p2a: Crobat|262\/353|[from] item: Black Sludge
|turn|20
|
|move|p2a: Crobat|Taunt|p1a: pussydestroyer69
|-start|p1a: pussydestroyer69|move: Taunt
|cant|p1a: pussydestroyer69|move: Taunt|Roost
|
|-heal|p2a: Crobat|284\/353|[from] item: Black Sludge
|turn|21
|
|move|p2a: Crobat|Brave Bird|p1a: pussydestroyer69
|-damage|p1a: pussydestroyer69|93\/334
|-damage|p2a: Crobat|259\/353|[from] recoil|[of] p1a: pussydestroyer69
|move|p1a: pussydestroyer69|Earthquake|p2a: Crobat
|-immune|p2a: Crobat|[msg]
|
|-heal|p2a: Crobat|281\/353|[from] item: Black Sludge
|turn|22
|
|move|p2a: Crobat|Brave Bird|p1a: pussydestroyer69
|-damage|p1a: pussydestroyer69|15\/334
|-damage|p2a: Crobat|255\/353|[from] recoil|[of] p1a: pussydestroyer69
|move|p1a: pussydestroyer69|Earthquake|p2a: Crobat
|-immune|p2a: Crobat|[msg]
|
|-heal|p2a: Crobat|277\/353|[from] item: Black Sludge
|-end|p1a: pussydestroyer69|move: Taunt
|turn|23
|
|move|p2a: Crobat|Brave Bird|p1a: pussydestroyer69
|-damage|p1a: pussydestroyer69|0 fnt
|-damage|p2a: Crobat|272\/353|[from] recoil|[of] p1a: pussydestroyer69
|faint|p1a: pussydestroyer69
|
|-heal|p2a: Crobat|294\/353|[from] item: Black Sludge
|
|switch|p1a: Quak|Swampert, M|393\/393
|-damage|p1a: Quak|369\/393|[from] Stealth Rock
|turn|24
|
|move|p2a: Crobat|Brave Bird|p1a: Quak
|-damage|p1a: Quak|189\/393
|-damage|p2a: Crobat|235\/353|[from] recoil|[of] p1a: Quak
|move|p1a: Quak|Ice Punch|p2a: Crobat
|-supereffective|p2a: Crobat
|-damage|p2a: Crobat|0 fnt
|faint|p2a: Crobat
|
|c|âCoolTrainerGary|gg
|
|switch|p2a: Rhyperior|Rhyperior, M|76\/433
|-damage|p2a: Rhyperior|49\/433|[from] Stealth Rock
|turn|25
|
|move|p1a: Quak|Ice Punch|p2a: Rhyperior
|-supereffective|p2a: Rhyperior
|-damage|p2a: Rhyperior|0 fnt
|faint|p2a: Rhyperior
|
|win|CoolTrainerGary
|raw|Ladder updating...
|raw|CoolTrainerGary's rating: 1572 &rarr; <strong>1586<\/strong><br \/>(+14 for winning)
|raw|juanen123's rating: 1468 &rarr; <strong>1454<\/strong><br \/>(-14 for losing)
|leave|juanen123