|join|CoolTrainerGary
|join|LittleMinus
|player|p1|CoolTrainerGary|282
|player|p2|LittleMinus|102
|gametype|singles
|gen|6
|tier|UU
|rated
|rule|Sleep Clause Mod: Limit one foe put to sleep
|rule|Species Clause: Limit one of each PokÃ©mon
|rule|OHKO Clause: OHKO moves are banned
|rule|Moody Clause: Moody is banned
|rule|Evasion Moves Clause: Evasion moves are banned
|rule|Endless Battle Clause: Forcing endless battles is banned
|rule|HP Percentage Mod: HP is shown in percentages
|clearpoke
|poke|p1|Abomasnow, M
|poke|p1|Vaporeon, M
|poke|p1|Druddigon, F
|poke|p1|Infernape, F
|poke|p1|Gligar, F
|poke|p1|Swampert, M
|poke|p2|Infernape, M
|poke|p2|Starmie
|poke|p2|Metagross
|poke|p2|Raikou, shiny
|poke|p2|Flygon, F
|poke|p2|Porygon2
|rule|Swagger Clause: Swagger is banned
|rule|Baton Pass Clause: Limit one PokÃ©mon knowing Baton Pass
|teampreview
|c|âLittleMinus|glhf
|c|âCoolTrainerGary|it put me in two matches ._.
|c|âLittleMinus|ohh
|
|start
|switch|p1a: Quak|Swampert, M|393\/393
|switch|p2a: Metagross|Metagross|321\/321
|turn|1
|
|move|p2a: Metagross|Grass Knot|p1a: Quak
|-supereffective|p1a: Quak
|-damage|p1a: Quak|65\/393
|-damage|p2a: Metagross|289\/321|[from] item: Life Orb
|move|p1a: Quak|Earthquake|p2a: Metagross
|-supereffective|p2a: Metagross
|-damage|p2a: Metagross|0 fnt
|faint|p2a: Metagross
|
|c|âCoolTrainerGary|:o
|
|switch|p2a: Porygon2|Porygon2|374\/374
|-ability|p2a: Porygon2|Torrent|[from] ability: Trace|[of] p1a: Quak
|turn|2
|
|switch|p1a: Catfish|Vaporeon, M|463\/463
|move|p2a: Porygon2|Tri Attack|p1a: Catfish
|-damage|p1a: Catfish|351\/463
|
|-heal|p1a: Catfish|379\/463|[from] item: Leftovers
|turn|3
|
|move|p1a: Catfish|Toxic|p2a: Porygon2
|-status|p2a: Porygon2|tox
|move|p2a: Porygon2|Thunder Wave|p1a: Catfish
|-status|p1a: Catfish|par
|
|-heal|p1a: Catfish|407\/463 par|[from] item: Leftovers
|-damage|p2a: Porygon2|351\/374 tox|[from] psn
|turn|4
|
|switch|p2a: Raikou|Raikou, shiny|322\/322
|-ability|p2a: Raikou|Pressure
|move|p1a: Catfish|Wish|p1a: Catfish
|
|-heal|p1a: Catfish|435\/463 par|[from] item: Leftovers
|turn|5
|
|switch|p1a: Quak|Swampert, M|65\/393
|move|p2a: Raikou|Aura Sphere|p1a: Quak
|-damage|p1a: Quak|0 fnt
|faint|p1a: Quak
|
|
|switch|p1a: Don't Do Drugs|Druddigon, F|358\/358
|-ability|p1a: Don't Do Drugs|Mold Breaker
|turn|6
|
|switch|p2a: Starmie|Starmie|324\/324
|move|p1a: Don't Do Drugs|Dragon Claw|p2a: Starmie
|-damage|p2a: Starmie|146\/324
|
|turn|7
|
|move|p1a: Don't Do Drugs|Sucker Punch|p2a: Starmie
|-fail|p2a: Starmie
|move|p2a: Starmie|Recover|p2a: Starmie
|-heal|p2a: Starmie|308\/324
|
|turn|8
|
|switch|p2a: Porygon2|Porygon2|351\/374 tox
|-ability|p2a: Porygon2|Mold Breaker|[from] ability: Trace|[of] p1a: Don't Do Drugs
|-ability|p2a: Porygon2|Mold Breaker
|move|p1a: Don't Do Drugs|Dragon Claw|p2a: Porygon2
|-damage|p2a: Porygon2|279\/374 tox
|
|-damage|p2a: Porygon2|256\/374 tox|[from] psn
|turn|9
|
|switch|p2a: Raikou|Raikou, shiny|322\/322
|-ability|p2a: Raikou|Pressure
|switch|p1a: Catfish|Vaporeon, M|435\/463 par
|
|-heal|p1a: Catfish|463\/463 par|[from] item: Leftovers
|turn|10
|
|switch|p1a: Don't Do Drugs|Druddigon, F|358\/358
|-ability|p1a: Don't Do Drugs|Mold Breaker
|move|p2a: Raikou|Hidden Power|p1a: Don't Do Drugs
|-supereffective|p1a: Don't Do Drugs
|-damage|p1a: Don't Do Drugs|256\/358
|
|turn|11
|
|switch|p2a: Porygon2|Porygon2|256\/374 tox
|-ability|p2a: Porygon2|Mold Breaker|[from] ability: Trace|[of] p1a: Don't Do Drugs
|-ability|p2a: Porygon2|Mold Breaker
|move|p1a: Don't Do Drugs|Earthquake|p2a: Porygon2
|-damage|p2a: Porygon2|189\/374 tox
|
|-damage|p2a: Porygon2|166\/374 tox|[from] psn
|turn|12
|
|switch|p1a: pussydestroyer69|Gligar, F|334\/334
|move|p2a: Porygon2|Recover|p2a: Porygon2
|-heal|p2a: Porygon2|353\/374 tox
|
|-damage|p2a: Porygon2|307\/374 tox|[from] psn
|turn|13
|
|move|p1a: pussydestroyer69|Stealth Rock|p2a: Porygon2
|-sidestart|p2: LittleMinus|move: Stealth Rock
|move|p2a: Porygon2|Ice Beam|p1a: pussydestroyer69
|-supereffective|p1a: pussydestroyer69
|-damage|p1a: pussydestroyer69|62\/334
|
|-damage|p2a: Porygon2|238\/374 tox|[from] psn
|turn|14
|
|move|p1a: pussydestroyer69|Roost|p1a: pussydestroyer69
|-heal|p1a: pussydestroyer69|229\/334
|move|p2a: Porygon2|Tri Attack|p1a: pussydestroyer69
|-damage|p1a: pussydestroyer69|133\/334
|
|-damage|p2a: Porygon2|146\/374 tox|[from] psn
|turn|15
|
|switch|p2a: Starmie|Starmie|308\/324
|-damage|p2a: Starmie|268\/324|[from] Stealth Rock
|move|p1a: pussydestroyer69|Roost|p1a: pussydestroyer69
|-heal|p1a: pussydestroyer69|300\/334
|
|turn|16
|
|switch|p1a: President|Abomasnow, M|323\/323
|move|p2a: Starmie|Rapid Spin|p1a: President
|-damage|p1a: President|306\/323
|-sideend|p2: LittleMinus|Stealth Rock|[from] move: Rapid Spin|[of] p2a: Starmie
|
|turn|17
|
|detailschange|p1a: President|Abomasnow-Mega, M
|message|Abomasnow has Mega Evolved into Mega Abomasnow!
|-weather|Hail
|move|p2a: Starmie|Reflect Type|p1a: President
|-start|p2a: Starmie|typechange|Grass\/Ice|[from] move: Reflect Type|[of] p1a: President
|move|p1a: President|Earthquake|p2a: Starmie
|-resisted|p2a: Starmie
|-damage|p2a: Starmie|207\/324
|
|-weather|Hail|[upkeep]
|turn|18
|
|move|p2a: Starmie|Recover|p2a: Starmie
|-heal|p2a: Starmie|324\/324
|move|p1a: President|Blizzard|p2a: Starmie
|-damage|p2a: Starmie|93\/324
|
|-weather|Hail|[upkeep]
|turn|19
|
|switch|p2a: Infernape|Infernape, M|355\/355
|move|p1a: President|Blizzard|p2a: Infernape
|-resisted|p2a: Infernape
|-damage|p2a: Infernape|253\/355
|
|-weather|Hail|[upkeep]
|-damage|p2a: Infernape|231\/355|[from] hail
|-heal|p2a: Infernape|253\/355|[from] item: Leftovers
|turn|20
|
|switch|p1a: pussydestroyer69|Gligar, F|300\/334
|move|p2a: Infernape|Stealth Rock|p1a: pussydestroyer69
|-sidestart|p1: CoolTrainerGary|move: Stealth Rock
|
|-weather|Hail|[upkeep]
|-damage|p2a: Infernape|231\/355|[from] hail
|-damage|p1a: pussydestroyer69|280\/334|[from] hail
|-heal|p2a: Infernape|253\/355|[from] item: Leftovers
|turn|21
|
|switch|p2a: Flygon|Flygon, F|302\/302
|move|p1a: pussydestroyer69|Defog|p2a: Flygon
|-unboost|p2a: Flygon|evasion|1
|-sideend|p1: CoolTrainerGary|Stealth Rock|[from] move: Defog|[of] p1a: pussydestroyer69
|
|-weather|none
|turn|22
|
|move|p2a: Flygon|U-turn|p1a: pussydestroyer69
|-resisted|p1a: pussydestroyer69
|-damage|p1a: pussydestroyer69|254\/334
|
|switch|p2a: Raikou|Raikou, shiny|322\/322
|-ability|p2a: Raikou|Pressure
|move|p1a: pussydestroyer69|Stealth Rock|p2a: Raikou
|-sidestart|p2: LittleMinus|move: Stealth Rock
|
|turn|23
|
|switch|p1a: Don't Do Drugs|Druddigon, F|256\/358
|-ability|p1a: Don't Do Drugs|Mold Breaker
|move|p2a: Raikou|Volt Switch|p1a: Don't Do Drugs
|-resisted|p1a: Don't Do Drugs
|-damage|p1a: Don't Do Drugs|213\/358
|
|switch|p2a: Flygon|Flygon, F|302\/302
|-damage|p2a: Flygon|284\/302|[from] Stealth Rock
|
|turn|24
|
|switch|p1a: pussydestroyer69|Gligar, F|254\/334
|move|p2a: Flygon|Outrage|p1a: pussydestroyer69
|-damage|p1a: pussydestroyer69|131\/334
|
|turn|25
|
|move|p2a: Flygon|Outrage|p1a: pussydestroyer69
|-damage|p1a: pussydestroyer69|16\/334
|move|p1a: pussydestroyer69|Roost|p1a: pussydestroyer69
|-heal|p1a: pussydestroyer69|183\/334
|
|-end|p2a: Flygon|rampage
|-start|p2a: Flygon|confusion
|turn|26
|
|switch|p2a: Starmie|Starmie|93\/324
|-damage|p2a: Starmie|53\/324|[from] Stealth Rock
|switch|p1a: Catfish|Vaporeon, M|463\/463 par
|
|turn|27
|
|move|p2a: Starmie|Recover|p2a: Starmie
|-heal|p2a: Starmie|215\/324
|cant|p1a: Catfish|par
|
|turn|28
|
|move|p2a: Starmie|Rapid Spin|p1a: Catfish
|-damage|p1a: Catfish|452\/463 par
|-sideend|p2: LittleMinus|Stealth Rock|[from] move: Rapid Spin|[of] p2a: Starmie
|move|p1a: Catfish|Wish|p1a: Catfish
|
|-heal|p1a: Catfish|463\/463 par|[from] item: Leftovers
|turn|29
|
|switch|p1a: Don't Do Drugs|Druddigon, F|213\/358
|-ability|p1a: Don't Do Drugs|Mold Breaker
|move|p2a: Starmie|Scald|p1a: Don't Do Drugs
|-resisted|p1a: Don't Do Drugs
|-damage|p1a: Don't Do Drugs|179\/358
|
|-heal|p1a: Don't Do Drugs|358\/358|[from] move: Wish|[wisher] Catfish
|turn|30
|
|move|p2a: Starmie|Scald|p1a: Don't Do Drugs
|-resisted|p1a: Don't Do Drugs
|-damage|p1a: Don't Do Drugs|325\/358
|move|p1a: Don't Do Drugs|Dragon Claw|p2a: Starmie
|-damage|p2a: Starmie|58\/324
|
|turn|31
|
|move|p2a: Starmie|Recover|p2a: Starmie
|-heal|p2a: Starmie|220\/324
|move|p1a: Don't Do Drugs|Dragon Claw|p2a: Starmie
|-damage|p2a: Starmie|43\/324
|
|turn|32
|
|move|p2a: Starmie|Recover|p2a: Starmie
|-heal|p2a: Starmie|205\/324
|move|p1a: Don't Do Drugs|Dragon Tail|p2a: Starmie
|-crit|p2a: Starmie
|-damage|p2a: Starmie|15\/324
|drag|p2a: Raikou|Raikou, shiny|322\/322
|-ability|p2a: Raikou|Pressure
|
|turn|33
|
|move|p2a: Raikou|Volt Switch|p1a: Don't Do Drugs
|-resisted|p1a: Don't Do Drugs
|-damage|p1a: Don't Do Drugs|277\/358
|c|âLittleMinus|gg
|-message|LittleMinus forfeited.
|
|win|CoolTrainerGary
|raw|Ladder updating...
|leave|LittleMinus
|player|p2
|raw|CoolTrainerGary's rating: 1522 &rarr; <strong>1535<\/strong><br \/>(+13 for winning)
|raw|LittleMinus's rating: 1391 &rarr; <strong>1378<\/strong><br \/>(-13 for losing)