|join|CoolTrainerGary
|join|dynamic testing
|player|p1|CoolTrainerGary|282
|player|p2|dynamic testing|5
|gametype|singles
|gen|6
|tier|UU
|rated
|rule|Sleep Clause Mod: Limit one foe put to sleep
|rule|Species Clause: Limit one of each PokÃ©mon
|rule|OHKO Clause: OHKO moves are banned
|rule|Moody Clause: Moody is banned
|rule|Evasion Moves Clause: Evasion moves are banned
|rule|Endless Battle Clause: Forcing endless battles is banned
|rule|HP Percentage Mod: HP is shown in percentages
|clearpoke
|poke|p1|Abomasnow, M
|poke|p1|Vaporeon, M
|poke|p1|Druddigon, F
|poke|p1|Infernape, F
|poke|p1|Gligar, M
|poke|p1|Swampert, M
|poke|p2|Cobalion, shiny
|poke|p2|Florges, F
|poke|p2|Forretress, F
|poke|p2|Celebi
|poke|p2|Aerodactyl, M
|poke|p2|Alomomola, M
|rule|Swagger Clause: Swagger is banned
|rule|Baton Pass Clause: Limit one PokÃ©mon knowing Baton Pass
|teampreview
|join|Nvoo
|
|start
|switch|p1a: Infernrape|Infernape, F|293\/293
|switch|p2a: Celebi|Celebi|341\/341
|turn|1
|
|switch|p1a: President|Abomasnow, M|323\/323
|switch|p2a: Alomomola|Alomomola, M|502\/502
|
|turn|2
|
|switch|p2a: Forretress|Forretress, F|354\/354
|detailschange|p1a: President|Abomasnow-Mega, M
|message|Abomasnow has Mega Evolved into Mega Abomasnow!
|-weather|Hail
|move|p1a: President|Earthquake|p2a: Forretress
|-damage|p2a: Forretress|290\/354
|
|-weather|Hail|[upkeep]
|-heal|p2a: Forretress|312\/354|[from] item: Leftovers
|turn|3
|
|switch|p1a: pussydestroyer69|Gligar, M|334\/334
|switch|p2a: Alomomola|Alomomola, M|502\/502
|
|-weather|Hail|[upkeep]
|-damage|p1a: pussydestroyer69|314\/334|[from] hail
|-damage|p2a: Alomomola|471\/502|[from] hail
|turn|4
|
|move|p1a: pussydestroyer69|Stealth Rock|p2a: Alomomola
|-sidestart|p2: dynamic testing|move: Stealth Rock
|move|p2a: Alomomola|Toxic|p1a: pussydestroyer69
|-status|p1a: pussydestroyer69|tox
|
|-weather|Hail|[upkeep]
|-damage|p1a: pussydestroyer69|294\/334 tox|[from] hail
|-damage|p2a: Alomomola|440\/502|[from] hail
|-damage|p1a: pussydestroyer69|274\/334 tox|[from] psn
|turn|5
|
|switch|p1a: President|Abomasnow-Mega, M|323\/323
|move|p2a: Alomomola|Toxic|p1a: President
|-status|p1a: President|tox
|
|-weather|Hail|[upkeep]
|-damage|p2a: Alomomola|409\/502|[from] hail
|-damage|p1a: President|303\/323 tox|[from] psn
|turn|6
|
|move|p2a: Alomomola|Protect|p2a: Alomomola
|-singleturn|p2a: Alomomola|Protect
|move|p1a: President|Blizzard|p2a: Alomomola
|-activate|p2a: Alomomola|Protect
|
|-weather|none
|-damage|p1a: President|263\/323 tox|[from] psn
|turn|7
|
|switch|p2a: Forretress|Forretress, F|312\/354
|-damage|p2a: Forretress|268\/354|[from] Stealth Rock
|move|p1a: President|Giga Drain|p2a: Forretress
|-resisted|p2a: Forretress
|-damage|p2a: Forretress|216\/354
|-heal|p1a: President|289\/323 tox|[from] drain|[of] p2a: Forretress
|
|-heal|p2a: Forretress|238\/354|[from] item: Leftovers
|-damage|p1a: President|229\/323 tox|[from] psn
|turn|8
|
|switch|p1a: Infernrape|Infernape, F|293\/293
|move|p2a: Forretress|Rapid Spin|p1a: Infernrape
|-damage|p1a: Infernrape|273\/293
|-sideend|p2: dynamic testing|Stealth Rock|[from] move: Rapid Spin|[of] p2a: Forretress
|
|-heal|p2a: Forretress|260\/354|[from] item: Leftovers
|turn|9
|
|switch|p2a: Alomomola|Alomomola, M|502\/502
|move|p1a: Infernrape|Nasty Plot|p1a: Infernrape
|-boost|p1a: Infernrape|spa|2
|
|turn|10
|c| Nvoo|reveal mirror coat
|
|switch|p2a: Aerodactyl|Aerodactyl, M|327\/327
|move|p1a: Infernrape|Grass Knot|p2a: Aerodactyl
|-damage|p2a: Aerodactyl|83\/327
|-damage|p1a: Infernrape|244\/293|[from] item: Life Orb
|
|turn|11
|
|detailschange|p2a: Aerodactyl|Aerodactyl-Mega, M
|message|Aerodactyl has Mega Evolved into Mega Aerodactyl!
|move|p1a: Infernrape|Vacuum Wave|p2a: Aerodactyl
|-crit|p2a: Aerodactyl
|-damage|p2a: Aerodactyl|0 fnt
|-damage|p1a: Infernrape|215\/293|[from] item: Life Orb
|faint|p2a: Aerodactyl
|
|
|switch|p2a: Cobalion|Cobalion, shiny|324\/324
|turn|12
|
|switch|p2a: Florges|Florges, F|360\/360
|move|p1a: Infernrape|Vacuum Wave|p2a: Florges
|-resisted|p2a: Florges
|-damage|p2a: Florges|312\/360
|-damage|p1a: Infernrape|186\/293|[from] item: Life Orb
|
|-heal|p2a: Florges|334\/360|[from] item: Leftovers
|turn|13
|
|move|p1a: Infernrape|Fire Blast|p2a: Florges
|-damage|p2a: Florges|57\/360
|-damage|p1a: Infernrape|157\/293|[from] item: Life Orb
|move|p2a: Florges|Moonblast|p1a: Infernrape
|-damage|p1a: Infernrape|0 fnt
|faint|p1a: Infernrape
|
|-heal|p2a: Florges|79\/360|[from] item: Leftovers
|
|switch|p1a: President|Abomasnow-Mega, M|229\/323 tox
|-weather|Hail
|turn|14
|
|switch|p2a: Forretress|Forretress, F|260\/354
|move|p1a: President|Blizzard|p2a: Forretress
|-resisted|p2a: Forretress
|-damage|p2a: Forretress|82\/354
|
|-weather|Hail|[upkeep]
|-heal|p2a: Forretress|104\/354|[from] item: Leftovers
|-damage|p1a: President|209\/323 tox|[from] psn
|turn|15
|
|move|p1a: President|Blizzard|p2a: Forretress
|-resisted|p2a: Forretress
|-damage|p2a: Forretress|0 fnt
|faint|p2a: Forretress
|
|-weather|Hail|[upkeep]
|-damage|p1a: President|169\/323 tox|[from] psn
|
|switch|p2a: Cobalion|Cobalion, shiny|324\/324
|turn|16
|
|switch|p1a: pussydestroyer69|Gligar, M|274\/334 tox
|move|p2a: Cobalion|Iron Head|p1a: pussydestroyer69
|-damage|p1a: pussydestroyer69|217\/334 tox
|
|-weather|Hail|[upkeep]
|-damage|p2a: Cobalion|304\/324|[from] hail
|-damage|p1a: pussydestroyer69|197\/334 tox|[from] hail
|-heal|p2a: Cobalion|324\/324|[from] item: Leftovers
|-damage|p1a: pussydestroyer69|177\/334 tox|[from] psn
|turn|17
|
|move|p2a: Cobalion|Swords Dance|p2a: Cobalion
|-boost|p2a: Cobalion|atk|2
|move|p1a: pussydestroyer69|Stealth Rock|p2a: Cobalion
|-sidestart|p2: dynamic testing|move: Stealth Rock
|
|-weather|Hail|[upkeep]
|-damage|p2a: Cobalion|304\/324|[from] hail
|-damage|p1a: pussydestroyer69|157\/334 tox|[from] hail
|-heal|p2a: Cobalion|324\/324|[from] item: Leftovers
|-damage|p1a: pussydestroyer69|117\/334 tox|[from] psn
|turn|18
|
|move|p2a: Cobalion|Substitute|p2a: Cobalion
|-start|p2a: Cobalion|Substitute
|-damage|p2a: Cobalion|243\/324
|move|p1a: pussydestroyer69|Earthquake|p2a: Cobalion
|-supereffective|p2a: Cobalion
|-end|p2a: Cobalion|Substitute
|
|-weather|none
|-heal|p2a: Cobalion|263\/324|[from] item: Leftovers
|-damage|p1a: pussydestroyer69|57\/334 tox|[from] psn
|turn|19
|
|move|p2a: Cobalion|Iron Head|p1a: pussydestroyer69
|-damage|p1a: pussydestroyer69|0 fnt
|faint|p1a: pussydestroyer69
|
|-heal|p2a: Cobalion|283\/324|[from] item: Leftovers
|c|âCoolTrainerGary|you set up to early
|
|switch|p1a: Quak|Swampert, M|393\/393
|turn|20
|
|switch|p2a: Alomomola|Alomomola, M|502\/502
|-damage|p2a: Alomomola|440\/502|[from] Stealth Rock
|move|p1a: Quak|Earthquake|p2a: Alomomola
|-damage|p2a: Alomomola|241\/502
|
|turn|21
|
|switch|p1a: Catfish|Vaporeon, M|463\/463
|move|p2a: Alomomola|Toxic|p1a: Catfish
|-status|p1a: Catfish|tox
|
|-damage|p1a: Catfish|435\/463 tox|[from] psn
|turn|22
|
|switch|p2a: Celebi|Celebi|341\/341
|-damage|p2a: Celebi|299\/341|[from] Stealth Rock
|move|p1a: Catfish|Wish|p1a: Catfish
|
|-heal|p2a: Celebi|320\/341|[from] item: Leftovers
|-heal|p1a: Catfish|463\/463 tox|[from] item: Leftovers
|-damage|p1a: Catfish|407\/463 tox|[from] psn
|turn|23
|
|switch|p1a: President|Abomasnow-Mega, M|169\/323 tox
|-weather|Hail
|move|p2a: Celebi|Nasty Plot|p2a: Celebi
|-boost|p2a: Celebi|spa|2
|
|-weather|Hail|[upkeep]
|-damage|p2a: Celebi|299\/341|[from] hail
|-heal|p1a: President|323\/323 tox|[from] move: Wish|[wisher] Catfish
|-heal|p2a: Celebi|320\/341|[from] item: Leftovers
|-damage|p1a: President|303\/323 tox|[from] psn
|turn|24
|
|switch|p2a: Cobalion|Cobalion, shiny|283\/324
|-damage|p2a: Cobalion|273\/324|[from] Stealth Rock
|move|p1a: President|Blizzard|p2a: Cobalion
|-crit|p2a: Cobalion
|-resisted|p2a: Cobalion
|-damage|p2a: Cobalion|54\/324
|
|-weather|Hail|[upkeep]
|-damage|p2a: Cobalion|34\/324|[from] hail
|-heal|p2a: Cobalion|54\/324|[from] item: Leftovers
|-damage|p1a: President|263\/323 tox|[from] psn
|turn|25
|c|âdynamic testing|damn
|
|switch|p1a: Don't Do Drugs|Druddigon, F|358\/358
|-ability|p1a: Don't Do Drugs|Mold Breaker
|move|p2a: Cobalion|Close Combat|p1a: Don't Do Drugs
|-damage|p1a: Don't Do Drugs|165\/358
|-unboost|p2a: Cobalion|def|1
|-unboost|p2a: Cobalion|spd|1
|
|-weather|Hail|[upkeep]
|-damage|p2a: Cobalion|34\/324|[from] hail
|-damage|p1a: Don't Do Drugs|143\/358|[from] hail
|-heal|p2a: Cobalion|54\/324|[from] item: Leftovers
|turn|26
|
|move|p1a: Don't Do Drugs|Sucker Punch|p2a: Cobalion
|-resisted|p2a: Cobalion
|-damage|p2a: Cobalion|0 fnt
|faint|p2a: Cobalion
|
|-weather|Hail|[upkeep]
|-damage|p1a: Don't Do Drugs|121\/358|[from] hail
|
|switch|p2a: Celebi|Celebi|320\/341
|-damage|p2a: Celebi|278\/341|[from] Stealth Rock
|turn|27
|
|switch|p2a: Alomomola|Alomomola, M|408\/502
|-damage|p2a: Alomomola|346\/502|[from] Stealth Rock
|move|p1a: Don't Do Drugs|Dragon Tail|p2a: Alomomola
|-damage|p2a: Alomomola|258\/502
|-damage|p1a: Don't Do Drugs|62\/358|[from] item: Rocky Helmet|[of] p2a: Alomomola
|drag|p2a: Celebi|Celebi|278\/341
|-damage|p2a: Celebi|236\/341|[from] Stealth Rock
|
|-weather|none
|-heal|p2a: Celebi|257\/341|[from] item: Leftovers
|turn|28
|
|move|p1a: Don't Do Drugs|Sucker Punch|p2a: Celebi
|-supereffective|p2a: Celebi
|-damage|p2a: Celebi|59\/341
|move|p2a: Celebi|Psychic|p1a: Don't Do Drugs
|-damage|p1a: Don't Do Drugs|0 fnt
|faint|p1a: Don't Do Drugs
|
|-heal|p2a: Celebi|80\/341|[from] item: Leftovers
|
|switch|p1a: President|Abomasnow-Mega, M|263\/323 tox
|-weather|Hail
|turn|29
|
|switch|p2a: Florges|Florges, F|79\/360
|-damage|p2a: Florges|34\/360|[from] Stealth Rock
|move|p1a: President|Ice Shard|p2a: Florges
|-damage|p2a: Florges|0 fnt
|faint|p2a: Florges
|
|-weather|Hail|[upkeep]
|-damage|p1a: President|243\/323 tox|[from] psn
|
|switch|p2a: Alomomola|Alomomola, M|425\/502
|-damage|p2a: Alomomola|363\/502|[from] Stealth Rock
|turn|30
|
|switch|p1a: Catfish|Vaporeon, M|407\/463 tox
|move|p2a: Alomomola|Protect|p2a: Alomomola
|-fail|p2a: Alomomola
|
|-weather|Hail|[upkeep]
|-damage|p1a: Catfish|379\/463 tox|[from] hail
|-damage|p2a: Alomomola|332\/502|[from] hail
|-heal|p1a: Catfish|407\/463 tox|[from] item: Leftovers
|-damage|p1a: Catfish|379\/463 tox|[from] psn
|turn|31
|
|move|p1a: Catfish|Wish|p1a: Catfish
|move|p2a: Alomomola|Wish|p2a: Alomomola
|
|-weather|Hail|[upkeep]
|-damage|p1a: Catfish|351\/463 tox|[from] hail
|-damage|p2a: Alomomola|301\/502|[from] hail
|-heal|p1a: Catfish|379\/463 tox|[from] item: Leftovers
|-damage|p1a: Catfish|323\/463 tox|[from] psn
|turn|32
|
|switch|p1a: President|Abomasnow-Mega, M|243\/323 tox
|switch|p2a: Celebi|Celebi|80\/341
|-damage|p2a: Celebi|38\/341|[from] Stealth Rock
|
|-weather|Hail|[upkeep]
|-damage|p2a: Celebi|17\/341|[from] hail
|-heal|p1a: President|323\/323 tox|[from] move: Wish|[wisher] Catfish
|-heal|p2a: Celebi|268\/341|[from] move: Wish|[wisher] Alomomola
|-heal|p2a: Celebi|289\/341|[from] item: Leftovers
|-damage|p1a: President|303\/323 tox|[from] psn
|turn|33
|
|switch|p2a: Alomomola|Alomomola, M|468\/502
|-damage|p2a: Alomomola|406\/502|[from] Stealth Rock
|move|p1a: President|Blizzard|p2a: Alomomola
|-resisted|p2a: Alomomola
|-damage|p2a: Alomomola|244\/502
|
|-weather|none
|-damage|p1a: President|263\/323 tox|[from] psn
|turn|34
|
|switch|p1a: Catfish|Vaporeon, M|323\/463 tox
|move|p2a: Alomomola|Protect|p2a: Alomomola
|-fail|p2a: Alomomola
|
|-heal|p1a: Catfish|351\/463 tox|[from] item: Leftovers
|-damage|p1a: Catfish|323\/463 tox|[from] psn
|turn|35
|
|switch|p2a: Celebi|Celebi|289\/341
|-damage|p2a: Celebi|247\/341|[from] Stealth Rock
|move|p1a: Catfish|Toxic|p2a: Celebi
|-status|p2a: Celebi|tox
|
|-heal|p2a: Celebi|268\/341 tox|[from] item: Leftovers
|-heal|p1a: Catfish|351\/463 tox|[from] item: Leftovers
|-damage|p2a: Celebi|247\/341 tox|[from] psn
|-damage|p1a: Catfish|295\/463 tox|[from] psn
|turn|36
|
|move|p2a: Celebi|Nasty Plot|p2a: Celebi
|-boost|p2a: Celebi|spa|2
|move|p1a: Catfish|Wish|p1a: Catfish
|
|-heal|p2a: Celebi|268\/341 tox|[from] item: Leftovers
|-heal|p1a: Catfish|323\/463 tox|[from] item: Leftovers
|-damage|p2a: Celebi|226\/341 tox|[from] psn
|-damage|p1a: Catfish|239\/463 tox|[from] psn
|turn|37
|
|move|p1a: Catfish|Protect|p1a: Catfish
|-singleturn|p1a: Catfish|Protect
|move|p2a: Celebi|Giga Drain|p1a: Catfish
|-activate|p1a: Catfish|Protect
|
|-heal|p1a: Catfish|463\/463 tox|[from] move: Wish|[wisher] Catfish
|-heal|p2a: Celebi|247\/341 tox|[from] item: Leftovers
|-damage|p2a: Celebi|184\/341 tox|[from] psn
|-damage|p1a: Catfish|351\/463 tox|[from] psn
|turn|38
|
|switch|p1a: Quak|Swampert, M|393\/393
|move|p2a: Celebi|Psychic|p1a: Quak
|-damage|p1a: Quak|110\/393
|
|-heal|p2a: Celebi|205\/341 tox|[from] item: Leftovers
|-damage|p2a: Celebi|121\/341 tox|[from] psn
|turn|39
|
|move|p2a: Celebi|Giga Drain|p1a: Quak
|-supereffective|p1a: Quak
|-damage|p1a: Quak|0 fnt
|-heal|p2a: Celebi|176\/341 tox|[from] drain|[of] p1a: Quak
|faint|p1a: Quak
|
|-heal|p2a: Celebi|197\/341 tox|[from] item: Leftovers
|-damage|p2a: Celebi|92\/341 tox|[from] psn
|
|switch|p1a: Catfish|Vaporeon, M|351\/463 tox
|turn|40
|
|switch|p2a: Alomomola|Alomomola, M|411\/502
|-damage|p2a: Alomomola|349\/502|[from] Stealth Rock
|move|p1a: Catfish|Protect|p1a: Catfish
|-fail|p1a: Catfish
|
|-heal|p1a: Catfish|379\/463 tox|[from] item: Leftovers
|-damage|p1a: Catfish|351\/463 tox|[from] psn
|turn|41
|
|switch|p1a: President|Abomasnow-Mega, M|263\/323 tox
|-weather|Hail
|move|p2a: Alomomola|Wish|p2a: Alomomola
|
|-weather|Hail|[upkeep]
|-damage|p2a: Alomomola|318\/502|[from] hail
|-damage|p1a: President|243\/323 tox|[from] psn
|turn|42
|
|move|p2a: Alomomola|Waterfall|p1a: President
|-resisted|p1a: President
|-damage|p1a: President|205\/323 tox
|move|p1a: President|Giga Drain|p2a: Alomomola
|-crit|p2a: Alomomola
|-supereffective|p2a: Alomomola
|-damage|p2a: Alomomola|0 fnt
|-heal|p1a: President|323\/323 tox|[from] drain|[of] p2a: Alomomola
|faint|p2a: Alomomola
|
|-weather|Hail|[upkeep]
|-damage|p1a: President|283\/323 tox|[from] psn
|
|switch|p2a: Celebi|Celebi|92\/341
|-damage|p2a: Celebi|50\/341|[from] Stealth Rock
|turn|43
|c|âdynamic testing|gg
|c|âCoolTrainerGary|gg
|
|move|p1a: President|Ice Shard|p2a: Celebi
|-supereffective|p2a: Celebi
|-damage|p2a: Celebi|0 fnt
|faint|p2a: Celebi
|
|win|CoolTrainerGary
|raw|Ladder updating...
|raw|CoolTrainerGary's rating: 1549 &rarr; <strong>1574<\/strong><br \/>(+25 for winning)
|raw|dynamic testing's rating: 1631 &rarr; <strong>1606<\/strong><br \/>(-25 for losing)