|join|ooh keil em
|join|CoolTrainerGary
|join|ANGER MANAGEMENT
|join|Grunge is Dead
|player|p1|ooh keil em|169
|player|p2|CoolTrainerGary|265
|gametype|singles
|gen|6
|tier|UU
|rule|Sleep Clause Mod: Limit one foe put to sleep
|rule|Species Clause: Limit one of each PokÃ©mon
|rule|OHKO Clause: OHKO moves are banned
|rule|Moody Clause: Moody is banned
|rule|Evasion Moves Clause: Evasion moves are banned
|rule|Endless Battle Clause: Forcing endless battles is banned
|rule|HP Percentage Mod: HP is shown in percentages
|clearpoke
|poke|p1|Aggron, F
|poke|p1|Suicune
|poke|p1|Florges, F
|poke|p1|Machamp, M
|poke|p1|Zygarde
|poke|p1|Crobat, F
|poke|p2|Absol, M
|poke|p2|Roserade, M
|poke|p2|Jellicent, M
|poke|p2|Donphan, F
|poke|p2|Diancie
|poke|p2|Braviary, M
|rule|Swagger Clause: Swagger is banned
|rule|Baton Pass Clause: Limit one PokÃ©mon knowing Baton Pass
|teampreview
|join|Bigheadaus
|join|Orei
|c|âCoolTrainerGary|!+modchat
|c| Bigheadaus|oooooh intresting
|c|âCoolTrainerGary|+!modchat
|join|BellyDrumZohan
|c|âCoolTrainerGary|fuck
|c| ANGER MANAGEMENT|do \/modchat +
|c|âooh keil em|lel
|raw|<div class="broadcast-red"><b>Moderated chat was set to +!<\/b><br \/>Only users of rank + and higher can talk.<\/div>
|c|âCoolTrainerGary|thx fren
|join|Starmie Sweep
|join|MikaelFernandes
|
|start
|switch|p1a: Crobat|Crobat, F|340\/340
|switch|p2a: Braviary|Braviary, M|341\/341
|turn|1
|
|switch|p2a: Diancie|Diancie|304\/304
|move|p1a: Crobat|U-turn|p2a: Diancie
|-resisted|p2a: Diancie
|-damage|p2a: Diancie|281\/304
|
|switch|p1a: Machamp|Machamp, M|371\/371
|
|-heal|p2a: Diancie|300\/304|[from] item: Leftovers
|turn|2
|c|âooh keil em|!dt Diancie
|c|~|\/data-pokemon Diancie
|raw|<font size="1"><font color=#585858>Dex#:<\/font> 719&nbsp;|&ThickSpace;<font color=#585858>Height:<\/font> 0.7 m&nbsp;|&ThickSpace;<font color=#585858>Weight:<\/font> 8.8 kg <em>(20 BP)<\/em>&nbsp;|&ThickSpace;<font color=#585858>Dex Colour:<\/font> Gray&nbsp;|&ThickSpace;<font color=#585858>Egg Group(s):<\/font> Undiscovered&nbsp;|&ThickSpace;<font color=#585858><font color=#585858>Does Not Evolve<\/font><\/font><\/font>
|c|âooh keil em|kool
|
|switch|p2a: Jellicent|Jellicent, M|404\/404
|move|p1a: Machamp|Heavy Slam|p2a: Jellicent
|-resisted|p2a: Jellicent
|-damage|p2a: Jellicent|380\/404
|
|-heal|p2a: Jellicent|404\/404|[from] item: Leftovers
|turn|3
|
|switch|p2a: Roserade|Roserade, M|324\/324
|move|p1a: Machamp|Knock Off|p2a: Roserade
|-damage|p2a: Roserade|137\/324
|-enditem|p2a: Roserade|Black Sludge|[from] move: Knock Off|[of] p1a: Machamp
|
|turn|4
|
|switch|p1a: Crobat|Crobat, F|340\/340
|move|p2a: Roserade|Synthesis|p2a: Roserade
|-heal|p2a: Roserade|299\/324
|
|turn|5
|join|LiberalLucario
|leave|ANGER MANAGEMENT
|c|âooh keil em|thank you
|
|move|p1a: Crobat|U-turn|p2a: Roserade
|-damage|p2a: Roserade|218\/324
|join|PaulK618
|
|switch|p1a: Machamp|Machamp, M|371\/371
|move|p2a: Roserade|Spikes|p1a: Machamp
|-sidestart|p1: ooh keil em|Spikes
|
|turn|6
|
|switch|p2a: Donphan|Donphan, F|364\/364
|move|p1a: Machamp|Heavy Slam|p2a: Donphan
|-damage|p2a: Donphan|317\/364
|
|-heal|p2a: Donphan|339\/364|[from] item: Leftovers
|turn|7
|
|switch|p1a: Suicune|Suicune|359\/359
|-damage|p1a: Suicune|315\/359|[from] Spikes
|-ability|p1a: Suicune|Pressure
|move|p2a: Donphan|Knock Off|p1a: Suicune
|-damage|p1a: Suicune|203\/359
|-enditem|p1a: Suicune|Leftovers|[from] move: Knock Off|[of] p2a: Donphan
|
|-heal|p2a: Donphan|361\/364|[from] item: Leftovers
|turn|8
|join|Mike Hunts
|
|switch|p1a: Crobat|Crobat, F|340\/340
|switch|p2a: Roserade|Roserade, M|218\/324
|
|turn|9
|
|switch|p2a: Braviary|Braviary, M|341\/341
|move|p1a: Crobat|Defog|p2a: Braviary
|-unboost|p2a: Braviary|evasion|1
|-boost|p2a: Braviary|atk|2|[from] ability: Defiant
|-sideend|p1: ooh keil em|Spikes|[from] move: Defog|[of] p1a: Crobat
|
|turn|10
|c|âooh keil em|woops
|
|move|p2a: Braviary|Superpower|p1a: Crobat
|-resisted|p1a: Crobat
|-damage|p1a: Crobat|264\/340
|-unboost|p2a: Braviary|atk|1
|-unboost|p2a: Braviary|def|1
|move|p1a: Crobat|U-turn|p2a: Braviary
|-resisted|p2a: Braviary
|-damage|p2a: Braviary|286\/341
|leave|Mike Hunts
|c|âCoolTrainerGary|wow u hall large balls
|c|âCoolTrainerGary|have
|c|âooh keil em|lel ikr
|c|âCoolTrainerGary|and i shouldve made the smarter play
|
|switch|p1a: Aggron|Aggron, F|344\/344
|
|turn|11
|c|âooh keil em|i honestly didnt know that was scarf
|
|switch|p2a: Donphan|Donphan, F|361\/364
|detailschange|p1a: Aggron|Aggron-Mega, F
|-mega|p1a: Aggron|Aggron|Aggronite
|move|p1a: Aggron|Stealth Rock|p2a: Donphan
|-sidestart|p2: CoolTrainerGary|move: Stealth Rock
|
|-heal|p2a: Donphan|364\/364|[from] item: Leftovers
|turn|12
|join|eaglehawk
|
|switch|p1a: Zygarde|Zygarde|404\/404
|-ability|p1a: Zygarde|Aura Break
|move|p2a: Donphan|Rapid Spin|p1a: Zygarde
|-damage|p1a: Zygarde|384\/404
|-sideend|p2: CoolTrainerGary|Stealth Rock|[from] move: Rapid Spin|[of] p2a: Donphan
|
|turn|13
|join|he keil'd em
|
|switch|p2a: Jellicent|Jellicent, M|404\/404
|move|p1a: Zygarde|Dragon Dance|p1a: Zygarde
|-boost|p1a: Zygarde|atk|1
|-boost|p1a: Zygarde|spe|1
|
|turn|14
|c|âooh keil em|wow that name
|
|move|p1a: Zygarde|Dragon Dance|p1a: Zygarde
|-boost|p1a: Zygarde|atk|1
|-boost|p1a: Zygarde|spe|1
|move|p2a: Jellicent|Ice Beam|p1a: Zygarde
|-supereffective|p1a: Zygarde
|-damage|p1a: Zygarde|132\/404
|
|turn|15
|c|âooh keil em|ouch
|join|ampd302
|
|switch|p1a: Florges|Florges, F|351\/351
|switch|p2a: Donphan|Donphan, F|364\/364
|
|turn|16
|
|move|p1a: Florges|Moonblast|p2a: Donphan
|-damage|p2a: Donphan|177\/364
|move|p2a: Donphan|Knock Off|p1a: Florges
|-crit|p1a: Florges
|-resisted|p1a: Florges
|-damage|p1a: Florges|223\/351
|-enditem|p1a: Florges|Leftovers|[from] move: Knock Off|[of] p2a: Donphan
|
|-heal|p2a: Donphan|199\/364|[from] item: Leftovers
|turn|17
|
|switch|p1a: Crobat|Crobat, F|264\/340
|switch|p2a: Roserade|Roserade, M|218\/324
|
|turn|18
|join|oh no oh no
|
|switch|p2a: Diancie|Diancie|300\/304
|move|p1a: Crobat|Brave Bird|p2a: Diancie
|-resisted|p2a: Diancie
|-damage|p2a: Diancie|234\/304
|-damage|p1a: Crobat|242\/340|[from] recoil|[of] p2a: Diancie
|
|-heal|p2a: Diancie|253\/304|[from] item: Leftovers
|turn|19
|
|move|p1a: Crobat|U-turn|p2a: Diancie
|-resisted|p2a: Diancie
|-damage|p2a: Diancie|231\/304
|
|switch|p1a: Aggron|Aggron-Mega, F|344\/344
|move|p2a: Diancie|Stealth Rock|p1a: Aggron
|-sidestart|p1: ooh keil em|move: Stealth Rock
|
|-heal|p2a: Diancie|250\/304|[from] item: Leftovers
|turn|20
|
|switch|p1a: Suicune|Suicune|203\/359
|-damage|p1a: Suicune|159\/359|[from] Stealth Rock
|-ability|p1a: Suicune|Pressure
|switch|p2a: Donphan|Donphan, F|199\/364
|
|-heal|p2a: Donphan|221\/364|[from] item: Leftovers
|turn|21
he keil'd em was promoted to Room Voice by ooh keil em.
|
|switch|p2a: Roserade|Roserade, M|218\/324
|move|p1a: Suicune|Ice Beam|p2a: Roserade
|-crit|p2a: Roserade
|-supereffective|p2a: Roserade
|-damage|p2a: Roserade|24\/324
|
|turn|22
|leave|MikaelFernandes
|
|switch|p1a: Aggron|Aggron-Mega, F|344\/344
|-damage|p1a: Aggron|323\/344|[from] Stealth Rock
|move|p2a: Roserade|Synthesis|p2a: Roserade
|-heal|p2a: Roserade|186\/324
|
|turn|23
|c|âooh keil em|can we not make this 90 turns pls
|
|switch|p2a: Donphan|Donphan, F|221\/364
|move|p1a: Aggron|Stealth Rock|p2a: Donphan
|-sidestart|p2: CoolTrainerGary|move: Stealth Rock
|
|-heal|p2a: Donphan|243\/364|[from] item: Leftovers
|turn|24
|
|move|p2a: Donphan|Rapid Spin|p1a: Aggron
|-crit|p1a: Aggron
|-resisted|p1a: Aggron
|-damage|p1a: Aggron|315\/344
|-sideend|p2: CoolTrainerGary|Stealth Rock|[from] move: Rapid Spin|[of] p2a: Donphan
|move|p1a: Aggron|Earthquake|p2a: Donphan
|-damage|p2a: Donphan|144\/364
|
|-heal|p2a: Donphan|166\/364|[from] item: Leftovers
|turn|25
|
|move|p2a: Donphan|Earthquake|p1a: Aggron
|-supereffective|p1a: Aggron
|-damage|p1a: Aggron|201\/344
|move|p1a: Aggron|Earthquake|p2a: Donphan
|-crit|p2a: Donphan
|-damage|p2a: Donphan|18\/364
|
|-heal|p2a: Donphan|40\/364|[from] item: Leftovers
|turn|26
|
|move|p2a: Donphan|Earthquake|p1a: Aggron
|-supereffective|p1a: Aggron
|-damage|p1a: Aggron|83\/344
|move|p1a: Aggron|Stealth Rock|p2a: Donphan
|-sidestart|p2: CoolTrainerGary|move: Stealth Rock
|
|-heal|p2a: Donphan|62\/364|[from] item: Leftovers
|turn|27
|
|switch|p1a: Crobat|Crobat, F|242\/340
|-damage|p1a: Crobat|157\/340|[from] Stealth Rock
|move|p2a: Donphan|Rapid Spin|p1a: Crobat
|-damage|p1a: Crobat|126\/340
|-sideend|p2: CoolTrainerGary|Stealth Rock|[from] move: Rapid Spin|[of] p2a: Donphan
|
|-heal|p2a: Donphan|84\/364|[from] item: Leftovers
|turn|28
|
|move|p1a: Crobat|Roost|p1a: Crobat
|-heal|p1a: Crobat|296\/340
|move|p2a: Donphan|Knock Off|p1a: Crobat
|-damage|p1a: Crobat|147\/340
|-enditem|p1a: Crobat|Sharp Beak|[from] move: Knock Off|[of] p2a: Donphan
|
|-heal|p2a: Donphan|106\/364|[from] item: Leftovers
|turn|29
|c|âCoolTrainerGary|what
|
|move|p1a: Crobat|Brave Bird|p2a: Donphan
|-damage|p2a: Donphan|0 fnt
|-damage|p1a: Crobat|112\/340|[from] recoil|[of] p2a: Donphan
|faint|p2a: Donphan
|
|
|switch|p2a: Braviary|Braviary, M|286\/341
|turn|30
|join|roast toast
|
|switch|p1a: Aggron|Aggron-Mega, F|83\/344
|-damage|p1a: Aggron|62\/344|[from] Stealth Rock
|move|p2a: Braviary|Brave Bird|p1a: Aggron
|-resisted|p1a: Aggron
|-damage|p1a: Aggron|21\/344
|-damage|p2a: Braviary|272\/341|[from] recoil|[of] p1a: Aggron
|
|turn|31
|
|move|p2a: Braviary|Brave Bird|p1a: Aggron
|-resisted|p1a: Aggron
|-damage|p1a: Aggron|0 fnt
|-damage|p2a: Braviary|265\/341|[from] recoil|[of] p1a: Aggron
|faint|p1a: Aggron
|
|c|âooh keil em|im sure i lost
|
|switch|p1a: Zygarde|Zygarde|132\/404
|-damage|p1a: Zygarde|107\/404|[from] Stealth Rock
|-ability|p1a: Zygarde|Aura Break
|turn|32
|c|âooh keil em|yeah
|
|move|p2a: Braviary|Brave Bird|p1a: Zygarde
|-damage|p1a: Zygarde|0 fnt
|-damage|p2a: Braviary|230\/341|[from] recoil|[of] p1a: Zygarde
|faint|p1a: Zygarde
|
|c|âooh keil em|gg
|c|âCoolTrainerGary|gg
|
|switch|p1a: Suicune|Suicune|159\/359
|-damage|p1a: Suicune|115\/359|[from] Stealth Rock
|-ability|p1a: Suicune|Pressure
|turn|33
|
|switch|p2a: Roserade|Roserade, M|186\/324
|move|p1a: Suicune|Ice Beam|p2a: Roserade
|-supereffective|p2a: Roserade
|-damage|p2a: Roserade|54\/324
|
|turn|34
|leave|Bigheadaus
|-message|ooh keil em lost due to inactivity.
|c|âCoolTrainerGary|gg
|
|move|p1a: Suicune|Ice Beam|p2a: Roserade
|-supereffective|p2a: Roserade
|-damage|p2a: Roserade|0 fnt
|faint|p2a: Roserade
|
|leave|ampd302
|
|win|CoolTrainerGary
|leave|BellyDrumZohan