|join|CoolTrainerGary
|join|Darkswampert17
|player|p1|CoolTrainerGary|1
|player|p2|Darkswampert17|281
|gametype|singles
|gen|6
|tier|UU
|rated
|rule|Sleep Clause Mod: Limit one foe put to sleep
|rule|Species Clause: Limit one of each Pokemon
|rule|OHKO Clause: OHKO moves are banned
|rule|Moody Clause: Moody is banned
|rule|Evasion Moves Clause: Evasion moves are banned
|rule|Endless Battle Clause: Forcing endless battles is banned.
|rule|HP Percentage Mod: HP is reported as percentages
|clearpoke
|poke|p1|Cloyster, F
|poke|p1|Metagross
|poke|p1|Rotom-Heat
|poke|p1|Jellicent, F
|poke|p1|Noctowl, F
|poke|p1|Druddigon, F
|poke|p2|Metagross
|poke|p2|Hydreigon, M
|poke|p2|Scrafty, M
|poke|p2|Salamence, M
|poke|p2|Cloyster, M
|poke|p2|Darmanitan, M
|teampreview
|
|start
|switch|p1a: Rotom-Heat|Rotom-Heat|241\/241
|switch|p2a: Darmanitan|Darmanitan, M|351\/351
|turn|1
|
|move|p2a: Darmanitan|Rock Slide|p1a: Rotom-Heat
|-supereffective|p1a: Rotom-Heat
|-damage|p1a: Rotom-Heat|0 fnt
|faint|p1a: Rotom-Heat
|
|chat|CoolTrainerGary|f u
|
|switch|p1a: Druddigon|Druddigon, F|358\/358
|turn|2
|
|switch|p2a: Cloyster|Cloyster, M|241\/241
|move|p1a: Druddigon|Stealth Rock|p2a: Cloyster
|-sidestart|p2: Darkswampert17|move: Stealth Rock
|
|turn|3
|
|move|p2a: Cloyster|Ice Shard|p1a: Druddigon
|-supereffective|p1a: Druddigon
|-damage|p1a: Druddigon|260\/358
|move|p1a: Druddigon|Glare|p2a: Cloyster
|-status|p2a: Cloyster|par
|
|-heal|p1a: Druddigon|282\/358|[from] item: Leftovers
|turn|4
|
|switch|p1a: Metagross|Metagross|353\/353
|move|p2a: Cloyster|Shell Smash|p2a: Cloyster
|-boost|p2a: Cloyster|atk|2
|-boost|p2a: Cloyster|spa|2
|-boost|p2a: Cloyster|spe|2
|-unboost|p2a: Cloyster|def|1
|-unboost|p2a: Cloyster|spd|1
|-enditem|p2a: Cloyster|White Herb
|-restoreboost|p2a: Cloyster|[silent]
|
|turn|5
|
|move|p1a: Metagross|Thunder Punch|p2a: Cloyster
|-supereffective|p2a: Cloyster
|-damage|p2a: Cloyster|47\/241 par
|move|p2a: Cloyster|Razor Shell|p1a: Metagross
|-damage|p1a: Metagross|163\/353
|
|turn|6
|
|move|p2a: Cloyster|Ice Shard|p1a: Metagross
|-resisted|p1a: Metagross
|-damage|p1a: Metagross|109\/353
|move|p1a: Metagross|Thunder Punch|p2a: Cloyster
|-supereffective|p2a: Cloyster
|-damage|p2a: Cloyster|0 fnt
|faint|p2a: Cloyster
|
|
|switch|p2a: Scrafty|Scrafty, M|271\/271
|-damage|p2a: Scrafty|255\/271|[from] Stealth Rock
|turn|7
|
|switch|p1a: Druddigon|Druddigon, F|282\/358
|move|p2a: Scrafty|Knock Off|p1a: Druddigon
|-damage|p1a: Druddigon|176\/358
|-damage|p2a: Scrafty|222\/271|[from] ability: Rough Skin|[of] p1a: Druddigon
|-enditem|p1a: Druddigon|Leftovers|[from] move: Knock Off|[of] p2a: Scrafty
|
|-heal|p2a: Scrafty|238\/271|[from] item: Leftovers
|turn|8
|
|move|p2a: Scrafty|Ice Punch|p1a: Druddigon
|-supereffective|p1a: Druddigon
|-damage|p1a: Druddigon|54\/358
|-damage|p2a: Scrafty|205\/271|[from] ability: Rough Skin|[of] p1a: Druddigon
|-status|p1a: Druddigon|frz
|cant|p1a: Druddigon|frz
|
|-heal|p2a: Scrafty|221\/271|[from] item: Leftovers
|turn|9
|
|move|p2a: Scrafty|Drain Punch|p1a: Druddigon
|-damage|p1a: Druddigon|0 fnt
|-heal|p2a: Scrafty|248\/271|[from] drain|[of] p1a: Druddigon
|-damage|p2a: Scrafty|215\/271|[from] ability: Rough Skin|[of] p1a: Druddigon
|faint|p1a: Druddigon
|-boost|p2a: Scrafty|atk|1|[from] ability: Moxie
|
|-heal|p2a: Scrafty|231\/271|[from] item: Leftovers
|
|switch|p1a: Cloyster|Cloyster, F|241\/241
|turn|10
|
|move|p1a: Cloyster|Shell Smash|p1a: Cloyster
|-boost|p1a: Cloyster|atk|2
|-boost|p1a: Cloyster|spa|2
|-boost|p1a: Cloyster|spe|2
|-unboost|p1a: Cloyster|def|1
|-unboost|p1a: Cloyster|spd|1
|move|p2a: Scrafty|Drain Punch|p1a: Cloyster
|-supereffective|p1a: Cloyster
|-enditem|p1a: Cloyster|Focus Sash
|-damage|p1a: Cloyster|1\/241
|-heal|p2a: Scrafty|271\/271|[from] drain|[of] p1a: Cloyster
|
|turn|11
|
|move|p1a: Cloyster|Icicle Spear|p2a: Scrafty
|-damage|p2a: Scrafty|208\/271
|-damage|p2a: Scrafty|147\/271
|-damage|p2a: Scrafty|78\/271
|-damage|p2a: Scrafty|14\/271
|-damage|p2a: Scrafty|0 fnt
|-hitcount|p2a: Scrafty|5
|faint|p2a: Scrafty
|
|
|switch|p2a: Metagross|Metagross|302\/302
|-damage|p2a: Metagross|284\/302|[from] Stealth Rock
|turn|12
|
|move|p1a: Cloyster|Hydro Pump|p2a: Metagross|[miss]
|-miss|p1a: Cloyster|p2a: Metagross
|move|p2a: Metagross|Earthquake|p1a: Cloyster
|-damage|p1a: Cloyster|0 fnt
|faint|p1a: Cloyster
|
|
|switch|p1a: Jellicent|Jellicent, F|404\/404
|turn|13
|
|switch|p2a: Hydreigon|Hydreigon, M|325\/325
|-damage|p2a: Hydreigon|285\/325|[from] Stealth Rock
|move|p1a: Jellicent|Will-O-Wisp|p2a: Hydreigon
|-status|p2a: Hydreigon|brn
|
|-damage|p2a: Hydreigon|245\/325 brn|[from] brn
|turn|14
|
|switch|p1a: Noctowl|Noctowl, F|403\/403
|move|p2a: Hydreigon|Dark Pulse|p1a: Noctowl
|-damage|p1a: Noctowl|265\/403
|-damage|p2a: Hydreigon|213\/325 brn|[from] item: Life Orb
|
|-heal|p1a: Noctowl|290\/403|[from] item: Leftovers
|-damage|p2a: Hydreigon|173\/325 brn|[from] brn
|turn|15
|
|switch|p2a: Metagross|Metagross|284\/302
|-damage|p2a: Metagross|266\/302|[from] Stealth Rock
|move|p1a: Noctowl|Air Slash|p2a: Metagross
|-crit|p2a: Metagross
|-resisted|p2a: Metagross
|-damage|p2a: Metagross|212\/302
|
|-heal|p1a: Noctowl|315\/403|[from] item: Leftovers
|turn|16
|
|switch|p1a: Jellicent|Jellicent, F|404\/404
|move|p2a: Metagross|Meteor Mash|p1a: Jellicent
|-resisted|p1a: Jellicent
|-damage|p1a: Jellicent|295\/404
|
|-heal|p1a: Jellicent|320\/404|[from] item: Leftovers
|turn|17
|
|switch|p2a: Hydreigon|Hydreigon, M|173\/325 brn
|-damage|p2a: Hydreigon|133\/325 brn|[from] Stealth Rock
|move|p1a: Jellicent|Ice Beam|p2a: Hydreigon
|-supereffective|p2a: Hydreigon
|-damage|p2a: Hydreigon|0 fnt
|faint|p2a: Hydreigon
|
|-heal|p1a: Jellicent|345\/404|[from] item: Leftovers
|
|switch|p2a: Salamence|Salamence, M|331\/331
|-damage|p2a: Salamence|249\/331|[from] Stealth Rock
|turn|18
|
|move|p2a: Salamence|Outrage|p1a: Jellicent
|-damage|p1a: Jellicent|57\/404
|move|p1a: Jellicent|Ice Beam|p2a: Salamence
|-supereffective|p2a: Salamence
|-damage|p2a: Salamence|0 fnt
|faint|p2a: Salamence
|
|-heal|p1a: Jellicent|82\/404|[from] item: Leftovers
|
|switch|p2a: Darmanitan|Darmanitan, M|351\/351
|-damage|p2a: Darmanitan|264\/351|[from] Stealth Rock
|turn|19
|
|switch|p1a: Noctowl|Noctowl, F|315\/403
|move|p2a: Darmanitan|Flare Blitz|p1a: Noctowl
|-damage|p1a: Noctowl|0 fnt
|-damage|p2a: Darmanitan|160\/351|[from] recoil|[of] p1a: Noctowl
|faint|p1a: Noctowl
|
|
|switch|p1a: Metagross|Metagross|109\/353
|turn|20
|
|move|p1a: Metagross|Bullet Punch|p2a: Darmanitan
|-resisted|p2a: Darmanitan
|-damage|p2a: Darmanitan|59\/351
|move|p2a: Darmanitan|Flare Blitz|p1a: Metagross
|-supereffective|p1a: Metagross
|-damage|p1a: Metagross|0 fnt
|-damage|p2a: Darmanitan|23\/351|[from] recoil|[of] p1a: Metagross
|faint|p1a: Metagross
|
|
|switch|p1a: Jellicent|Jellicent, F|82\/404
|turn|21
|
|move|p2a: Darmanitan|Flare Blitz|p1a: Jellicent
|-resisted|p1a: Jellicent
|-damage|p1a: Jellicent|0 fnt
|-damage|p2a: Darmanitan|0 fnt|[from] recoil|[of] p1a: Jellicent
|faint|p1a: Jellicent
|faint|p2a: Darmanitan
|
|win|Darkswampert17
|raw|Ladder updating...
|raw|CoolTrainerGary's rating: 1277 &rarr; <strong>1257<\/strong><br \/>(-20 for losing)
|raw|Darkswampert17's rating: 1353 &rarr; <strong>1368<\/strong><br \/>(+15 for winning)
|chat|CoolTrainerGary|gg
|chat|Darkswampert17|Gg