|join|satsuki121
|join|CoolTrainerGary
|player|p1|satsuki121|116
|player|p2|CoolTrainerGary|266
|gametype|singles
|gen|6
|tier|UU
|rated
|rule|Sleep Clause Mod: Limit one foe put to sleep
|rule|Species Clause: Limit one of each PokÃ©mon
|rule|OHKO Clause: OHKO moves are banned
|rule|Moody Clause: Moody is banned
|rule|Evasion Moves Clause: Evasion moves are banned
|rule|Endless Battle Clause: Forcing endless battles is banned
|rule|HP Percentage Mod: HP is shown in percentages
|clearpoke
|poke|p1|Raikou, shiny
|poke|p1|Arcanine, M
|poke|p1|Absol, F
|poke|p1|Celebi
|poke|p1|Lucario, M
|poke|p1|Flygon, M
|poke|p2|Gallade, M
|poke|p2|Rhyperior, F
|poke|p2|Jirachi
|poke|p2|Shaymin
|poke|p2|Crobat, F
|poke|p2|Vaporeon, M
|rule|Swagger Clause: Swagger is banned
|rule|Baton Pass Clause: Limit one PokÃ©mon knowing Baton Pass
|teampreview
|
|start
|switch|p1a: Flygon|Flygon, M|301\/301
|switch|p2a: Gligar Man|Gallade, M|277\/277
|turn|1
|
|detailschange|p2a: Gligar Man|Gallade-Mega, M
|message|Gallade has Mega Evolved into Mega Gallade!
|move|p1a: Flygon|U-turn|p2a: Gligar Man
|-damage|p2a: Gligar Man|210\/277
|
|switch|p1a: Arcanine|Arcanine, M|383\/383
|-ability|p1a: Arcanine|Intimidate|[of] p2a: Gligar Man
|-unboost|p2a: Gligar Man|atk|1
|move|p2a: Gligar Man|Knock Off|p1a: Arcanine
|-damage|p1a: Arcanine|311\/383
|-damage|p2a: Gligar Man|164\/277|[from] item: Rocky Helmet|[of] p1a: Arcanine
|-enditem|p1a: Arcanine|Rocky Helmet|[from] move: Knock Off|[of] p2a: Gligar Man
|
|turn|2
|
|switch|p2a: Sit On My Face|Rhyperior, F|433\/433
|move|p1a: Arcanine|Will-O-Wisp|p2a: Sit On My Face
|-status|p2a: Sit On My Face|brn
|
|-damage|p2a: Sit On My Face|379\/433 brn|[from] brn
|turn|3
|
|switch|p1a: Flygon|Flygon, M|301\/301
|move|p2a: Sit On My Face|Stealth Rock|p1a: Flygon
|-sidestart|p1: satsuki121|move: Stealth Rock
|
|-heal|p2a: Sit On My Face|406\/433 brn|[from] item: Leftovers
|-damage|p2a: Sit On My Face|352\/433 brn|[from] brn
|turn|4
|
|switch|p2a: Wet Pussy|Vaporeon, M|451\/451
|move|p1a: Flygon|Defog|p2a: Wet Pussy
|-unboost|p2a: Wet Pussy|evasion|1
|-sideend|p1: satsuki121|Stealth Rock|[from] move: Defog|[of] p1a: Flygon
|
|turn|5
|
|switch|p1a: Celebi|Celebi|404\/404
|move|p2a: Wet Pussy|Baton Pass|p2a: Wet Pussy
|
|switch|p2a: Foursome|Crobat, F|373\/373
|
|turn|6
|
|switch|p1a: Arcanine|Arcanine, M|311\/383
|-ability|p1a: Arcanine|Intimidate|[of] p2a: Foursome
|-unboost|p2a: Foursome|atk|1
|move|p2a: Foursome|U-turn|p1a: Arcanine
|-resisted|p1a: Arcanine
|-damage|p1a: Arcanine|296\/383
|
|switch|p2a: Sit On My Face|Rhyperior, F|352\/433 brn
|
|-heal|p2a: Sit On My Face|379\/433 brn|[from] item: Leftovers
|-damage|p2a: Sit On My Face|325\/433 brn|[from] brn
|turn|7
|
|switch|p1a: Flygon|Flygon, M|301\/301
|move|p2a: Sit On My Face|Stealth Rock|p1a: Flygon
|-sidestart|p1: satsuki121|move: Stealth Rock
|
|-heal|p2a: Sit On My Face|352\/433 brn|[from] item: Leftovers
|-damage|p2a: Sit On My Face|298\/433 brn|[from] brn
|turn|8
|
|switch|p2a: Gligar Man|Gallade-Mega, M|164\/277
|move|p1a: Flygon|Defog|p2a: Gligar Man
|-unboost|p2a: Gligar Man|evasion|1
|-sideend|p1: satsuki121|Stealth Rock|[from] move: Defog|[of] p1a: Flygon
|
|turn|9
|
|switch|p1a: Arcanine|Arcanine, M|296\/383
|-ability|p1a: Arcanine|Intimidate|[of] p2a: Gligar Man
|-unboost|p2a: Gligar Man|atk|1
|move|p2a: Gligar Man|Swords Dance|p2a: Gligar Man
|-boost|p2a: Gligar Man|atk|2
|
|turn|10
|
|move|p2a: Gligar Man|Close Combat|p1a: Arcanine
|-damage|p1a: Arcanine|0 fnt
|-unboost|p2a: Gligar Man|def|1
|-unboost|p2a: Gligar Man|spd|1
|faint|p1a: Arcanine
|
|
|switch|p1a: Flygon|Flygon, M|301\/301
|turn|11
|
|switch|p2a: Foursome|Crobat, F|373\/373
|move|p1a: Flygon|U-turn|p2a: Foursome
|-crit|p2a: Foursome
|-resisted|p2a: Foursome
|-damage|p2a: Foursome|342\/373
|
|switch|p1a: Raikou|Raikou, shiny|321\/321
|-ability|p1a: Raikou|Pressure
|
|turn|12
|
|switch|p2a: ShayCarl|Shaymin|341\/341
|move|p1a: Raikou|Volt Switch|p2a: ShayCarl
|-resisted|p2a: ShayCarl
|-damage|p2a: ShayCarl|260\/341
|
|switch|p1a: Absol|Absol, F|271\/271
|
|turn|13
|
|detailschange|p1a: Absol|Absol-Mega, F
|message|Absol has Mega Evolved into Mega Absol!
|move|p1a: Absol|Sucker Punch|p2a: ShayCarl
|-damage|p2a: ShayCarl|115\/341
|move|p2a: ShayCarl|Seed Flare|p1a: Absol
|-crit|p1a: Absol
|-damage|p1a: Absol|0 fnt
|faint|p1a: Absol
|
|c|âCoolTrainerGary|crit didnt matter
|
|switch|p1a: Flygon|Flygon, M|301\/301
|turn|14
|
|switch|p2a: Foursome|Crobat, F|342\/373
|move|p1a: Flygon|U-turn|p2a: Foursome
|-resisted|p2a: Foursome
|-damage|p2a: Foursome|322\/373
|
|switch|p1a: Raikou|Raikou, shiny|321\/321
|-ability|p1a: Raikou|Pressure
|
|turn|15
|
|switch|p2a: Sit On My Face|Rhyperior, F|298\/433 brn
|move|p1a: Raikou|Extrasensory|p2a: Sit On My Face
|-damage|p2a: Sit On My Face|153\/433 brn
|
|-heal|p2a: Sit On My Face|180\/433 brn|[from] item: Leftovers
|-damage|p2a: Sit On My Face|126\/433 brn|[from] brn
|turn|16
|
|switch|p1a: Flygon|Flygon, M|301\/301
|switch|p2a: Tomarachi|Jirachi|341\/341
|
|turn|17
|
|move|p2a: Tomarachi|U-turn|p1a: Flygon
|-damage|p1a: Flygon|219\/301
|
|switch|p2a: Wet Pussy|Vaporeon, M|451\/451
|move|p1a: Flygon|Earthquake|p2a: Wet Pussy
|-crit|p2a: Wet Pussy
|-damage|p2a: Wet Pussy|190\/451
|
|-heal|p2a: Wet Pussy|218\/451|[from] item: Leftovers
|turn|18
|
|switch|p1a: Raikou|Raikou, shiny|321\/321
|-ability|p1a: Raikou|Pressure
|move|p2a: Wet Pussy|Baton Pass|p2a: Wet Pussy
|
|switch|p2a: Tomarachi|Jirachi|341\/341
|
|turn|19
|
|move|p2a: Tomarachi|U-turn|p1a: Raikou
|-damage|p1a: Raikou|236\/321
|
|switch|p2a: Wet Pussy|Vaporeon, M|218\/451
|move|p1a: Raikou|Volt Switch|p2a: Wet Pussy
|-supereffective|p2a: Wet Pussy
|-damage|p2a: Wet Pussy|0 fnt
|faint|p2a: Wet Pussy
|
|switch|p1a: Flygon|Flygon, M|219\/301
|
|
|switch|p2a: Foursome|Crobat, F|322\/373
|turn|20
|
|move|p1a: Flygon|Outrage|p2a: Foursome
|-damage|p2a: Foursome|114\/373
|move|p2a: Foursome|U-turn|p1a: Flygon
|-damage|p1a: Flygon|158\/301
|
|switch|p2a: Tomarachi|Jirachi|341\/341
|
|turn|21
|
|move|p1a: Flygon|Outrage|p2a: Tomarachi
|-resisted|p2a: Tomarachi
|-damage|p2a: Tomarachi|250\/341
|move|p2a: Tomarachi|Iron Head|p1a: Flygon
|-damage|p1a: Flygon|14\/301
|
|turn|22
|
|move|p2a: Tomarachi|Iron Head|p1a: Flygon
|-damage|p1a: Flygon|0 fnt
|faint|p1a: Flygon
|
|
|switch|p1a: Lucario|Lucario, M|281\/281
|turn|23
|
|move|p2a: Tomarachi|Iron Head|p1a: Lucario
|-resisted|p1a: Lucario
|-damage|p1a: Lucario|195\/281
|-boost|p1a: Lucario|spe|1|[from] ability: Steadfast
|cant|p1a: Lucario|flinch
|
|turn|24
|
|switch|p2a: ShayCarl|Shaymin|115\/341
|move|p1a: Lucario|Aura Sphere|p2a: ShayCarl
|-damage|p2a: ShayCarl|0 fnt
|-damage|p1a: Lucario|167\/281|[from] item: Life Orb
|faint|p2a: ShayCarl
|
|
|switch|p2a: Tomarachi|Jirachi|250\/341
|turn|25
|
|switch|p1a: Celebi|Celebi|404\/404
|move|p2a: Tomarachi|Fire Punch|p1a: Celebi
|-supereffective|p1a: Celebi
|-damage|p1a: Celebi|266\/404
|-status|p1a: Celebi|brn
|
|-heal|p1a: Celebi|291\/404 brn|[from] item: Leftovers
|-damage|p1a: Celebi|241\/404 brn|[from] brn
|turn|26
|
|switch|p2a: Foursome|Crobat, F|114\/373
|move|p1a: Celebi|U-turn|p2a: Foursome
|-resisted|p2a: Foursome
|-damage|p2a: Foursome|106\/373
|
|switch|p1a: Raikou|Raikou, shiny|236\/321
|-ability|p1a: Raikou|Pressure
|
|turn|27
|
|switch|p2a: Tomarachi|Jirachi|250\/341
|move|p1a: Raikou|Volt Switch|p2a: Tomarachi
|-damage|p2a: Tomarachi|91\/341
|
|switch|p1a: Lucario|Lucario, M|167\/281
|
|turn|28
|
|move|p1a: Lucario|Vacuum Wave|p2a: Tomarachi
|-damage|p2a: Tomarachi|12\/341
|-damage|p1a: Lucario|139\/281|[from] item: Life Orb
|move|p2a: Tomarachi|Fire Punch|p1a: Lucario
|-supereffective|p1a: Lucario
|-damage|p1a: Lucario|0 fnt
|faint|p1a: Lucario
|
|
|switch|p1a: Celebi|Celebi|241\/404
|turn|29
|
|switch|p2a: Foursome|Crobat, F|106\/373
|move|p1a: Celebi|U-turn|p2a: Foursome
|-resisted|p2a: Foursome
|-damage|p2a: Foursome|90\/373
|
|switch|p1a: Raikou|Raikou, shiny|236\/321
|-ability|p1a: Raikou|Pressure
|
|turn|30
|
|move|p2a: Foursome|Acrobatics|p1a: Raikou
|-resisted|p1a: Raikou
|-damage|p1a: Raikou|160\/321
|move|p1a: Raikou|Extrasensory|p2a: Foursome
|-supereffective|p2a: Foursome
|-damage|p2a: Foursome|0 fnt
|faint|p2a: Foursome
|
|
|switch|p2a: Tomarachi|Jirachi|12\/341
|turn|31
|
|move|p2a: Tomarachi|Healing Wish|p2a: Tomarachi
|faint|p2a: Tomarachi
|move|p1a: Raikou|Extrasensory|p2: Tomarachi|[notarget]
|-notarget
|
|
|switch|p2a: Gligar Man|Gallade-Mega, M|164\/277
|-heal|p2a: Gligar Man|277\/277|[from] move: Healing Wish
|turn|32
|
|move|p1a: Raikou|Extrasensory|p2a: Gligar Man
|-damage|p2a: Gligar Man|154\/277
|move|p2a: Gligar Man|Zen Headbutt|p1a: Raikou
|-damage|p1a: Raikou|0 fnt
|faint|p1a: Raikou
|
|
|switch|p1a: Celebi|Celebi|241\/404
|turn|33
|
|move|p2a: Gligar Man|Knock Off|p1a: Celebi
|-supereffective|p1a: Celebi
|-damage|p1a: Celebi|0 fnt
|-enditem|p1a: Celebi|Leftovers|[from] move: Knock Off|[of] p2a: Gligar Man
|faint|p1a: Celebi
|
|win|CoolTrainerGary
|raw|Ladder updating...
|c|âCoolTrainerGary|gg
|c|âsatsuki121|gg