|join|CoolTrainerGary
|join|kyogre 4 nfe
|player|p1|CoolTrainerGary|265
|player|p2|kyogre 4 nfe|290
|gametype|singles
|gen|6
|tier|UU
|rated
|rule|Sleep Clause Mod: Limit one foe put to sleep
|rule|Species Clause: Limit one of each PokÃ©mon
|rule|OHKO Clause: OHKO moves are banned
|rule|Moody Clause: Moody is banned
|rule|Evasion Moves Clause: Evasion moves are banned
|rule|Endless Battle Clause: Forcing endless battles is banned
|rule|HP Percentage Mod: HP is shown in percentages
|clearpoke
|poke|p1|Bronzong
|poke|p1|Pangoro, M
|poke|p1|Diancie
|poke|p1|Escavalier, M
|poke|p1|Trevenant, M
|poke|p1|Camerupt, M
|poke|p2|Tentacruel, M
|poke|p2|Volcarona, M
|poke|p2|Staraptor, M
|poke|p2|Gallade, M
|poke|p2|Suicune
|poke|p2|Raikou
|rule|Swagger Clause: Swagger is banned
|rule|Baton Pass Clause: Limit one PokÃ©mon knowing Baton Pass
|teampreview
|
|start
|switch|p1a: Liberty Bell|Bronzong|338\/338
|switch|p2a: Staraptor|Staraptor, M|312\/312
|turn|1
|
|move|p2a: Staraptor|U-turn|p1a: Liberty Bell
|-damage|p1a: Liberty Bell|281\/338
|
|switch|p2a: Raikou|Raikou|322\/322
|-ability|p2a: Raikou|Pressure
|move|p1a: Liberty Bell|Stealth Rock|p2a: Raikou
|-sidestart|p2: kyogre 4 nfe|move: Stealth Rock
|
|turn|2
|
|move|p2a: Raikou|Volt Switch|p1a: Liberty Bell
|-damage|p1a: Liberty Bell|185\/338
|
|switch|p2a: Tentacruel|Tentacruel, M|364\/364
|-damage|p2a: Tentacruel|319\/364|[from] Stealth Rock
|move|p1a: Liberty Bell|Trick Room|p1a: Liberty Bell
|-fieldstart|move: Trick Room|[of] p1a: Liberty Bell
|
|-heal|p2a: Tentacruel|341\/364|[from] item: Leftovers
|turn|3
|
|move|p1a: Liberty Bell|Earthquake|p2a: Tentacruel
|-supereffective|p2a: Tentacruel
|-damage|p2a: Tentacruel|181\/364
|move|p2a: Tentacruel|Rapid Spin|p1a: Liberty Bell
|-resisted|p1a: Liberty Bell
|-damage|p1a: Liberty Bell|181\/338
|-sideend|p2: kyogre 4 nfe|Stealth Rock|[from] move: Rapid Spin|[of] p2a: Tentacruel
|
|-heal|p2a: Tentacruel|203\/364|[from] item: Leftovers
|turn|4
|
|move|p1a: Liberty Bell|Stealth Rock|p2a: Tentacruel
|-sidestart|p2: kyogre 4 nfe|move: Stealth Rock
|move|p2a: Tentacruel|Toxic Spikes|p1a: Liberty Bell
|-sidestart|p1: CoolTrainerGary|move: Toxic Spikes
|
|-heal|p2a: Tentacruel|225\/364|[from] item: Leftovers
|turn|5
|
|move|p1a: Liberty Bell|Earthquake|p2a: Tentacruel
|-supereffective|p2a: Tentacruel
|-damage|p2a: Tentacruel|77\/364
|move|p2a: Tentacruel|Rapid Spin|p1a: Liberty Bell
|-resisted|p1a: Liberty Bell
|-damage|p1a: Liberty Bell|177\/338
|-sideend|p2: kyogre 4 nfe|Stealth Rock|[from] move: Rapid Spin|[of] p2a: Tentacruel
|
|-heal|p2a: Tentacruel|99\/364|[from] item: Leftovers
|turn|6
|
|move|p1a: Liberty Bell|Earthquake|p2a: Tentacruel
|-supereffective|p2a: Tentacruel
|-damage|p2a: Tentacruel|0 fnt
|faint|p2a: Tentacruel
|
|-fieldend|move: Trick Room
|
|switch|p2a: Volcarona|Volcarona, M|312\/312
|turn|7
|
|move|p2a: Volcarona|Quiver Dance|p2a: Volcarona
|-boost|p2a: Volcarona|spa|1
|-boost|p2a: Volcarona|spd|1
|-boost|p2a: Volcarona|spe|1
|move|p1a: Liberty Bell|Trick Room|p1a: Liberty Bell
|-fieldstart|move: Trick Room|[of] p1a: Liberty Bell
|
|turn|8
|
|move|p1a: Liberty Bell|Stealth Rock|p2a: Volcarona
|-sidestart|p2: kyogre 4 nfe|move: Stealth Rock
|move|p2a: Volcarona|Fiery Dance|p1a: Liberty Bell
|-supereffective|p1a: Liberty Bell
|-damage|p1a: Liberty Bell|0 fnt
|-boost|p2a: Volcarona|spa|1
|faint|p1a: Liberty Bell
|
|
|switch|p1a: Diancie|Diancie|304\/304
|-status|p1a: Diancie|psn
|turn|9
|
|switch|p2a: Suicune|Suicune|404\/404
|-damage|p2a: Suicune|354\/404|[from] Stealth Rock
|-ability|p2a: Suicune|Pressure
|move|p1a: Diancie|Diamond Storm|p2a: Suicune
|-damage|p2a: Suicune|214\/404
|-damage|p1a: Diancie|274\/304 psn|[from] item: Life Orb
|
|-heal|p2a: Suicune|239\/404|[from] item: Leftovers
|-damage|p1a: Diancie|236\/304 psn|[from] psn
|turn|10
|
|switch|p1a: Trevenant|Trevenant, M|374\/374
|-status|p1a: Trevenant|psn
|move|p2a: Suicune|Hydro Pump|p1a: Trevenant
|-resisted|p1a: Trevenant
|-damage|p1a: Trevenant|274\/374 psn
|
|-heal|p2a: Suicune|264\/404|[from] item: Leftovers
|-damage|p1a: Trevenant|228\/374 psn|[from] psn
|turn|11
|
|move|p1a: Trevenant|Earthquake|p2a: Suicune
|-damage|p2a: Suicune|154\/404
|move|p2a: Suicune|Ice Beam|p1a: Trevenant
|-supereffective|p1a: Trevenant
|-damage|p1a: Trevenant|22\/374 psn
|-enditem|p1a: Trevenant|Sitrus Berry|[eat]
|-heal|p1a: Trevenant|115\/374 psn|[from] item: Sitrus Berry
|
|-heal|p2a: Suicune|179\/404|[from] item: Leftovers
|-damage|p1a: Trevenant|69\/374 psn|[from] psn
|-fieldend|move: Trick Room
|turn|12
|
|move|p2a: Suicune|Ice Beam|p1a: Trevenant
|-supereffective|p1a: Trevenant
|-damage|p1a: Trevenant|0 fnt
|faint|p1a: Trevenant
|
|-heal|p2a: Suicune|204\/404|[from] item: Leftovers
|
|switch|p1a: Escavalier|Escavalier, M|344\/344
|turn|13
|
|move|p2a: Suicune|Hydro Pump|p1a: Escavalier
|-damage|p1a: Escavalier|178\/344
|move|p1a: Escavalier|Megahorn|p2a: Suicune
|-damage|p2a: Suicune|0 fnt
|faint|p2a: Suicune
|
|
|switch|p2a: Gallade|Gallade, M|277\/277
|-damage|p2a: Gallade|260\/277|[from] Stealth Rock
|turn|14
|
|detailschange|p2a: Gallade|Gallade-Mega, M
|message|Gallade has Mega Evolved into Mega Gallade!
|move|p2a: Gallade|Close Combat|p1a: Escavalier
|-damage|p1a: Escavalier|0 fnt
|-unboost|p2a: Gallade|def|1
|-unboost|p2a: Gallade|spd|1
|faint|p1a: Escavalier
|
|
|switch|p1a: Camerupt|Camerupt, M|344\/344
|-status|p1a: Camerupt|psn
|turn|15
|
|detailschange|p1a: Camerupt|Camerupt-Mega, M
|message|Camerupt has Mega Evolved into Mega Camerupt!
|move|p2a: Gallade|Close Combat|p1a: Camerupt
|-crit|p1a: Camerupt
|-damage|p1a: Camerupt|0 fnt
|-unboost|p2a: Gallade|def|1
|-unboost|p2a: Gallade|spd|1
|faint|p1a: Camerupt
|
|c|âCoolTrainerGary|..................
|
|switch|p1a: Diancie|Diancie|236\/304 psn
|turn|16
|
|move|p2a: Gallade|Close Combat|p1a: Diancie
|-damage|p1a: Diancie|46\/304 psn
|-unboost|p2a: Gallade|def|1
|-unboost|p2a: Gallade|spd|1
|move|p1a: Diancie|Trick Room|p1a: Diancie
|-fieldstart|move: Trick Room|[of] p1a: Diancie
|
|-damage|p1a: Diancie|8\/304 psn|[from] psn
|turn|17
|
|move|p1a: Diancie|Moonblast|p2a: Gallade
|-supereffective|p2a: Gallade
|-damage|p2a: Gallade|0 fnt
|-damage|p1a: Diancie|0 fnt|[from] item: Life Orb
|faint|p2a: Gallade
|faint|p1a: Diancie
|
|
|switch|p2a: Raikou|Raikou|322\/322
|switch|p1a: FDR|Pangoro, M|394\/394
|-status|p1a: FDR|psn
|-damage|p2a: Raikou|282\/322|[from] Stealth Rock
|-ability|p2a: Raikou|Pressure
|turn|18
|
|move|p1a: FDR|Hammer Arm|p2a: Raikou
|-damage|p2a: Raikou|0 fnt
|-unboost|p1a: FDR|spe|1
|-damage|p1a: FDR|355\/394 psn|[from] item: Life Orb
|faint|p2a: Raikou
|
|-damage|p1a: FDR|306\/394 psn|[from] psn
|
|switch|p2a: Volcarona|Volcarona, M|312\/312
|-damage|p2a: Volcarona|156\/312|[from] Stealth Rock
|turn|19
|
|move|p1a: FDR|Knock Off|p2a: Volcarona
|-damage|p2a: Volcarona|0 fnt
|-enditem|p2a: Volcarona|Lum Berry|[from] move: Knock Off|[of] p1a: FDR
|-damage|p1a: FDR|267\/394 psn|[from] item: Life Orb
|faint|p2a: Volcarona
|
|-damage|p1a: FDR|218\/394 psn|[from] psn
|
|switch|p2a: Staraptor|Staraptor, M|312\/312
|-damage|p2a: Staraptor|234\/312|[from] Stealth Rock
|turn|20
|
|move|p1a: FDR|Ice Punch|p2a: Staraptor
|-supereffective|p2a: Staraptor
|-damage|p2a: Staraptor|0 fnt
|-damage|p1a: FDR|179\/394 psn|[from] item: Life Orb
|faint|p2a: Staraptor
|
|win|CoolTrainerGary
|raw|Ladder updating...
|c|âCoolTrainerGary|gg
|raw|CoolTrainerGary's rating: 1415 &rarr; <strong>1432<\/strong><br \/>(+17 for winning)
|raw|kyogre 4 nfe's rating: 1360 &rarr; <strong>1344<\/strong><br \/>(-16 for losing)