|join|cooltrainergary
|join|banton45
|player|p1|cooltrainergary|265
|player|p2|banton45|101
|gametype|singles
|gen|6
|tier|UU
|rated
|rule|Sleep Clause Mod: Limit one foe put to sleep
|rule|Species Clause: Limit one of each PokÃ©mon
|rule|OHKO Clause: OHKO moves are banned
|rule|Moody Clause: Moody is banned
|rule|Evasion Moves Clause: Evasion moves are banned
|rule|Endless Battle Clause: Forcing endless battles is banned
|rule|HP Percentage Mod: HP is shown in percentages
|clearpoke
|poke|p1|Jolteon, F
|poke|p1|Celebi
|poke|p1|Suicune
|poke|p1|Machamp, M
|poke|p1|Cobalion
|poke|p1|Mesprit
|poke|p2|Chesnaught, M
|poke|p2|Empoleon, F
|poke|p2|Kyurem
|poke|p2|Entei, shiny
|poke|p2|Cresselia, F
|poke|p2|Aggron, M
|rule|Swagger Clause: Swagger is banned
|rule|Baton Pass Clause: Limit one PokÃ©mon knowing Baton Pass
|teampreview
|
|start
|switch|p1a: Dark Horse|Cobalion|386\/386
|switch|p2a: Chesnaught|Chesnaught, M|380\/380
|turn|1
|
|move|p1a: Dark Horse|Taunt|p2a: Chesnaught
|-start|p2a: Chesnaught|move: Taunt
|cant|p2a: Chesnaught|move: Taunt|Spikes
|
|turn|2
|
|switch|p2a: Entei|Entei, shiny|371\/371
|-ability|p2a: Entei|Pressure
|move|p1a: Dark Horse|Stealth Rock|p2a: Entei
|-sidestart|p2: banton45|move: Stealth Rock
|
|turn|3
|
|move|p1a: Dark Horse|Volt Switch|p2a: Entei
|-damage|p2a: Entei|314\/371
|
|switch|p1a: Sweet Cum|Suicune|367\/367
|-ability|p1a: Sweet Cum|Pressure
|move|p2a: Entei|Sacred Fire|p1a: Sweet Cum
|-resisted|p1a: Sweet Cum
|-damage|p1a: Sweet Cum|258\/367
|-status|p1a: Sweet Cum|brn
|-damage|p2a: Entei|277\/371|[from] item: Life Orb
|
|-heal|p1a: Sweet Cum|280\/367 brn|[from] item: Leftovers
|-damage|p1a: Sweet Cum|235\/367 brn|[from] brn
|turn|4
|
|switch|p2a: Chesnaught|Chesnaught, M|380\/380
|-damage|p2a: Chesnaught|357\/380|[from] Stealth Rock
|switch|p1a: Sparky|Jolteon, F|284\/284
|
|-heal|p2a: Chesnaught|380\/380|[from] item: Leftovers
|turn|5
|
|move|p1a: Sparky|Substitute|p1a: Sparky
|-start|p1a: Sparky|Substitute
|-damage|p1a: Sparky|213\/284
|move|p2a: Chesnaught|Spikes|p1a: Sparky
|-sidestart|p1: cooltrainergary|Spikes
|
|-heal|p1a: Sparky|230\/284|[from] item: Leftovers
|turn|6
|
|move|p1a: Sparky|Baton Pass|p1a: Sparky
|
|switch|p1a: Onion Booty|Celebi|342\/342
|-damage|p1a: Onion Booty|300\/342|[from] Spikes
|move|p2a: Chesnaught|Roar|p1a: Onion Booty
|drag|p1a: Dark Horse|Cobalion|386\/386
|-damage|p1a: Dark Horse|338\/386|[from] Spikes
|
|-heal|p1a: Dark Horse|362\/386|[from] item: Leftovers
|turn|7
|
|switch|p2a: Empoleon|Empoleon, F|372\/372
|-damage|p2a: Empoleon|349\/372|[from] Stealth Rock
|move|p1a: Dark Horse|Volt Switch|p2a: Empoleon
|-supereffective|p2a: Empoleon
|-damage|p2a: Empoleon|287\/372
|
|switch|p1a: Onion Booty|Celebi|300\/342
|-damage|p1a: Onion Booty|258\/342|[from] Spikes
|
|-heal|p1a: Onion Booty|279\/342|[from] item: Leftovers
|-heal|p2a: Empoleon|310\/372|[from] item: Leftovers
|turn|8
|
|move|p1a: Onion Booty|Nasty Plot|p1a: Onion Booty
|-boost|p1a: Onion Booty|spa|2
|move|p2a: Empoleon|Stealth Rock|p1a: Onion Booty
|-sidestart|p1: cooltrainergary|move: Stealth Rock
|
|-heal|p1a: Onion Booty|300\/342|[from] item: Leftovers
|-heal|p2a: Empoleon|333\/372|[from] item: Leftovers
|turn|9
|
|move|p1a: Onion Booty|Earth Power|p2a: Empoleon
|-supereffective|p2a: Empoleon
|-damage|p2a: Empoleon|69\/372
|move|p2a: Empoleon|Defog|p1a: Onion Booty
|-unboost|p1a: Onion Booty|evasion|1
|-sideend|p1: cooltrainergary|Spikes|[from] move: Defog|[of] p1a: Onion Booty
|-sideend|p1: cooltrainergary|Stealth Rock|[from] move: Defog|[of] p1a: Onion Booty
|-sideend|p2: banton45|Stealth Rock|[from] move: Defog|[of] p2a: Empoleon
|
|-heal|p1a: Onion Booty|321\/342|[from] item: Leftovers
|-heal|p2a: Empoleon|92\/372|[from] item: Leftovers
|turn|10
|
|switch|p2a: Kyurem|Kyurem|391\/391
|-ability|p2a: Kyurem|Pressure
|move|p1a: Onion Booty|Nasty Plot|p1a: Onion Booty
|-boost|p1a: Onion Booty|spa|2
|
|-heal|p1a: Onion Booty|342\/342|[from] item: Leftovers
|turn|11
|
|move|p1a: Onion Booty|Psychic|p2a: Kyurem
|-damage|p2a: Kyurem|0 fnt
|faint|p2a: Kyurem
|
|-message|banton45 forfeited.
|
|win|cooltrainergary
|raw|Ladder updating...
|leave|banton45
|player|p2
|raw|cooltrainergary's rating: 1484 &rarr; <strong>1505<\/strong><br \/>(+21 for winning)
|raw|banton45's rating: 1498 &rarr; <strong>1477<\/strong><br \/>(-21 for losing)