|join|CoolTrainerGary
|join|Meruu
|player|p1|CoolTrainerGary|169
|player|p2|Meruu|174
|gametype|singles
|gen|6
|tier|UU
|rule|Sleep Clause Mod: Limit one foe put to sleep
|rule|Species Clause: Limit one of each PokÃ©mon
|rule|OHKO Clause: OHKO moves are banned
|rule|Moody Clause: Moody is banned
|rule|Evasion Moves Clause: Evasion moves are banned
|rule|Endless Battle Clause: Forcing endless battles is banned
|rule|HP Percentage Mod: HP is shown in percentages
|clearpoke
|poke|p1|Hippowdon, F
|poke|p1|Steelix, F
|poke|p1|Stoutland, F
|poke|p1|Vaporeon, M
|poke|p1|Diancie
|poke|p1|Amoonguss, M
|poke|p2|Rotom-Heat
|poke|p2|Empoleon, F
|poke|p2|Nidoking, M
|poke|p2|Aromatisse, F
|poke|p2|Jirachi
|poke|p2|Lopunny, F
|rule|Swagger Clause: Swagger is banned
|rule|Baton Pass Clause: Limit one PokÃ©mon knowing Baton Pass
|teampreview
|join|Drum Major
|join|Frickett
|join|Kitten Milk
|join|baenail
|join|OmiOP
|
|start
|switch|p1a: Hippowdon|Hippowdon, F|420\/420
|switch|p2a: Rotom-Heat|Rotom-Heat|243\/243
|-weather|Sandstorm
|turn|1
|
|move|p2a: Rotom-Heat|Will-O-Wisp|p1a: Hippowdon|[miss]
|-miss|p2a: Rotom-Heat|p1a: Hippowdon
|move|p1a: Hippowdon|Stealth Rock|p2a: Rotom-Heat
|-sidestart|p2: Meruu|move: Stealth Rock
|
|-weather|Sandstorm|[upkeep]
|-damage|p2a: Rotom-Heat|228\/243|[from] sandstorm
|turn|2
|c|âMeruu|zzz
|join|So Dynamic
|join|PaulK618
|c|âMeruu|not like
|c|âMeruu|wearing hippo down
|c|âMeruu|was important
|c|âMeruu|or anything
|c|âMeruu|you know
|c|âMeruu|.
|c|âMeruu|...
|c|âMeruu|..
|c|âMeruu|.
|
|switch|p1a: Vaporeon|Vaporeon, M|464\/464
|move|p2a: Rotom-Heat|Will-O-Wisp|p1a: Vaporeon
|-status|p1a: Vaporeon|brn
|
|-weather|Sandstorm|[upkeep]
|-damage|p2a: Rotom-Heat|213\/243|[from] sandstorm
|-damage|p1a: Vaporeon|435\/464 brn|[from] sandstorm
|-heal|p1a: Vaporeon|464\/464 brn|[from] item: Leftovers
|-damage|p1a: Vaporeon|406\/464 brn|[from] brn
|turn|3
|c| Kitten Milk|meru
|join|Shit User
|c| Kitten Milk|it's a heteronormative society
|c| Kitten Milk|accept the discrimination
|c| Kitten Milk|and succeed despite it
|c| Kitten Milk|no more grumbling you hear me
|
|move|p2a: Rotom-Heat|Volt Switch|p1a: Vaporeon
|-supereffective|p1a: Vaporeon
|-damage|p1a: Vaporeon|94\/464 brn
|-damage|p2a: Rotom-Heat|189\/243|[from] item: Life Orb
|
|switch|p2a: Empoleon|Empoleon, F|372\/372
|-damage|p2a: Empoleon|349\/372|[from] Stealth Rock
|move|p1a: Vaporeon|Wish|p1a: Vaporeon
|
|-weather|Sandstorm|[upkeep]
|-damage|p1a: Vaporeon|65\/464 brn|[from] sandstorm
|-heal|p1a: Vaporeon|94\/464 brn|[from] item: Leftovers
|-heal|p2a: Empoleon|372\/372|[from] item: Leftovers
|-damage|p1a: Vaporeon|36\/464 brn|[from] brn
|turn|4
|c| Kitten Milk|also wtf were those switches
|c| Drum Major|what does heteronormativity have to do with any of that?
|c| Kitten Milk|nothing
|
|move|p1a: Vaporeon|Heal Bell|p1a: Vaporeon
|-cureteam|p1a: Vaporeon|[from] move: HealBell
|move|p2a: Empoleon|Roar|p1a: Vaporeon
|drag|p1a: Diancie|Diancie|304\/304
|
|-weather|Sandstorm|[upkeep]
|turn|5
|c| Kitten Milk|=)
|c|âMeruu|kitten is just delirious from not getting to see me at ucla
|c| PaulK618|what does it mean even ?
|c|âMeruu|also fuck this diancie
|c| Drum Major|fair enough kitten
|
|move|p2a: Empoleon|Defog|p1a: Diancie
|-fail|p1a: Diancie|unboost|[from] ability: Clear Body|[of] p1a: Diancie
|-sideend|p2: Meruu|Stealth Rock|[from] move: Defog|[of] p2a: Empoleon
|move|p1a: Diancie|Earth Power|p2a: Empoleon
|-supereffective|p2a: Empoleon
|-damage|p2a: Empoleon|222\/372
|
|-weather|Sandstorm|[upkeep]
|-heal|p2a: Empoleon|245\/372|[from] item: Leftovers
|turn|6
|c| Kitten Milk|wow pls
|c| Kitten Milk|it's not like
|
|move|p2a: Empoleon|Stealth Rock|p1a: Diancie
|-sidestart|p1: CoolTrainerGary|move: Stealth Rock
|move|p1a: Diancie|Diamond Storm|p2a: Empoleon
|-miss|p1a: Diancie|p2a: Empoleon
|
|-weather|Sandstorm|[upkeep]
|-heal|p2a: Empoleon|268\/372|[from] item: Leftovers
|turn|7
|c| Kitten Milk|you denied me the chance to see you
|c| Kitten Milk|i just legit forgot
|c| Kitten Milk|that's how much you matter to me
|c| Kitten Milk|(not really i'm just a stupid shithead)
|c|âMeruu|ew????
|c|âMeruu|also did this thing mevo or not
|c| Kitten Milk|uh
|c| Kitten Milk|no
|c| Drum Major|no mevo
|c| Kitten Milk|it's mega amoonguss
|c|âMeruu|â¦ why not
|
|move|p2a: Empoleon|Scald|p1a: Diancie
|-supereffective|p1a: Diancie
|-damage|p1a: Diancie|244\/304
|move|p1a: Diancie|Earth Power|p2a: Empoleon
|-supereffective|p2a: Empoleon
|-damage|p2a: Empoleon|134\/372
|
|-weather|Sandstorm|[upkeep]
|-heal|p2a: Empoleon|157\/372|[from] item: Leftovers
|turn|8
|c| Drum Major|watch steelix
|c|âMeruu|oh
|c|âMeruu|av
|c|âMeruu|ewwwww
|c| Shit User|lol
|c| Kitten Milk|lol
|c| Kitten Milk|av diancie in sand
|c| Kitten Milk|that is cancer to the ma
|c| Kitten Milk|x
|
|switch|p2a: Jirachi|Jirachi|341\/341
|switch|p1a: Vaporeon|Vaporeon, M|36\/464
|-damage|p1a: Vaporeon|0 fnt|[from] Stealth Rock
|faint|p1a: Vaporeon
|
|-weather|none
|c| OmiOP|lol actuallt not bad
|
|switch|p1a: Steelix|Steelix, F|354\/354
|-damage|p1a: Steelix|343\/354|[from] Stealth Rock
|turn|9
|leave|Shit User
|join|zTerribadTastic
|
|detailschange|p1a: Steelix|Steelix-Mega, F
|message|Steelix has Mega Evolved into Mega Steelix!
|move|p2a: Jirachi|U-turn|p1a: Steelix
|-resisted|p1a: Steelix
|-damage|p1a: Steelix|325\/354
|
|switch|p2a: Rotom-Heat|Rotom-Heat|189\/243
|move|p1a: Steelix|Toxic|p2a: Rotom-Heat
|-status|p2a: Rotom-Heat|tox
|
|-damage|p2a: Rotom-Heat|174\/243 tox|[from] psn
|turn|10
|c|âMeruu|inb4 edge
|c|âMeruu|or
|c|âMeruu|you know
|c|âMeruu|toxic
|
|switch|p1a: Diancie|Diancie|244\/304
|-damage|p1a: Diancie|206\/304|[from] Stealth Rock
|move|p2a: Rotom-Heat|Will-O-Wisp|p1a: Diancie
|-status|p1a: Diancie|brn
|
|-damage|p2a: Rotom-Heat|144\/243 tox|[from] psn
|-damage|p1a: Diancie|168\/304 brn|[from] brn
|turn|11
|join|D_Jay Ladder
|c| zTerribadTastic|wow mega steelix is
|c| zTerribadTastic|underwhelming
|c|âCoolTrainerGary|this thing breaks apart my team
|c|âCoolTrainerGary|m-steelix 2ko def vap under sand with EQ
|c|âCoolTrainerGary|its underated
|
|switch|p2a: Nidoking|Nidoking, M|303\/303
|move|p1a: Diancie|Diamond Storm|p2a: Nidoking
|-resisted|p2a: Nidoking
|-damage|p2a: Nidoking|264\/303
|-boost|p1a: Diancie|def|1
|
|-damage|p1a: Diancie|130\/304 brn|[from] brn
|turn|12
|join|Dudeman130498
|
|move|p2a: Nidoking|Earthquake|p1a: Diancie
|-supereffective|p1a: Diancie
|-damage|p1a: Diancie|0 fnt
|-damage|p2a: Nidoking|234\/303|[from] item: Life Orb
|faint|p1a: Diancie
|
|c| zTerribadTastic|I like the team structure, chandy weak, chandy weak, chandy weak, chandy weak
|c| zTerribadTastic|chandy check
|c| zTerribadTastic|chandy soft check
|c|âMeruu|me?
|c| zTerribadTastic|him
|c|âCoolTrainerGary|what chandy do to diance, hello?
|c| zTerribadTastic|your offensive enough its not a big deal
|c| Drum Major|or stoutland
|c| Kitten Milk|uh
|c| Kitten Milk|iron head chandy
|c| Kitten Milk|(duh)
|c|âCoolTrainerGary|and ur acticing like chandy most prevalent mon in da tier
|join|Socks o
|c| zTerribadTastic|thats the check
|
|switch|p1a: Hippowdon|Hippowdon, F|420\/420
|-damage|p1a: Hippowdon|394\/420|[from] Stealth Rock
|-weather|Sandstorm
|turn|13
|c| zTerribadTastic|vapy is soft check
|c|âMeruu|wtf kind of chandy is gonna be raping his team
|join|Drugs Not Hugs
|c|âMeruu|he has immunity to sball
|c|âMeruu|and 2 good resists
|c| Kitten Milk|not to mention
|c| zTerribadTastic|sub on gus
|c| Drugs Not Hugs|ello
|c| Kitten Milk|chandy slow af
|c|âMeruu|and everything but moongus kos it
|c|âMeruu|and he might even have pursuit
|join|poonHunter (DD)
|leave|Socks o
|
|switch|p2a: Rotom-Heat|Rotom-Heat|144\/243 tox
|switch|p1a: Stoutland|Stoutland, F|311\/311
|-damage|p1a: Stoutland|273\/311|[from] Stealth Rock
|
|-weather|Sandstorm|[upkeep]
|-damage|p2a: Rotom-Heat|129\/243 tox|[from] sandstorm
|-damage|p2a: Rotom-Heat|114\/243 tox|[from] psn
|turn|14
|c| Kitten Milk|if anyone's team is weak to chandy
|c| Kitten Milk|it's meru's
|c| Kitten Milk|no fire resist
|c| Kitten Milk|but even still
|join|Lady Ciaran
|c| Kitten Milk|lol jk
|c|âMeruu|fuck you kitten
|c| Drum Major|theres rotom
|c| Kitten Milk|rotom heat
|c| Kitten Milk|is a thing
|c| Kitten Milk|i see it
|c| Kitten Milk|with mien own two eyes
|c| zTerribadTastic|its bulky rotom-H
|
|switch|p2a: Jirachi|Jirachi|341\/341
|move|p1a: Stoutland|Return|p2a: Jirachi
|-resisted|p2a: Jirachi
|-damage|p2a: Jirachi|200\/341
|
|-weather|Sandstorm|[upkeep]
|turn|15
|c| Kitten Milk|oh look
|c| zTerribadTastic|but that also does bad vs fire ghost
|
|move|p1a: Stoutland|Return|p2a: Jirachi
|-resisted|p2a: Jirachi
|-damage|p2a: Jirachi|63\/341
|move|p2a: Jirachi|U-turn|p1a: Stoutland
|-damage|p1a: Stoutland|190\/311
|c| Kitten Milk|it's an actual band stoutland
|c| Kitten Milk|not a stupid fucking silk scarf one
|
|switch|p2a: Lopunny|Lopunny, F|271\/271
|
|-weather|Sandstorm|[upkeep]
|-damage|p2a: Lopunny|255\/271|[from] sandstorm
|turn|16
|c| Kitten Milk|or whatever you run
|c| zTerribadTastic|lol
|c| Kitten Milk|expert belt
|
|switch|p1a: Hippowdon|Hippowdon, F|394\/420
|-damage|p1a: Hippowdon|368\/420|[from] Stealth Rock
|detailschange|p2a: Lopunny|Lopunny-Mega, F
|message|Lopunny has Mega Evolved into Mega Lopunny!
|move|p2a: Lopunny|Fake Out|p1a: Hippowdon
|-damage|p1a: Hippowdon|320\/420
|
|-weather|Sandstorm|[upkeep]
|-damage|p2a: Lopunny|239\/271|[from] sandstorm
|turn|17
|c|âMeruu|ew pdef
|c| Drum Major|meruu what do you think of ice punch on mlopunny?
|
|switch|p2a: Rotom-Heat|Rotom-Heat|114\/243 tox
|move|p1a: Hippowdon|Stealth Rock|p2a: Rotom-Heat
|-sidestart|p2: Meruu|move: Stealth Rock
|
|-weather|Sandstorm|[upkeep]
|-damage|p2a: Rotom-Heat|99\/243 tox|[from] sandstorm
|-damage|p2a: Rotom-Heat|84\/243 tox|[from] psn
|turn|18
|c| zTerribadTastic|this is the man runnign steelix and hippo and dianwhatever
|c| zTerribadTastic|ofc its physdef
|c| Lady Ciaran|I wouldn't run Ice Punch
|c| Kitten Milk|idk what you'd get rid of for ice punch
|c|âMeruu|anybody who played dppt uu
|c| Kitten Milk|pup is kinda necessary
|c|âMeruu|knows lopunny has a movepool out the wazoo
|c|âMeruu|why would you waste it on ice punch
|join|Alldaalts
|c| zTerribadTastic|lure for gligars for luke I guess
|c| Drum Major|im gligar weak
|c| Drum Major|so thats why i guess
|
|switch|p1a: Amoonguss|Amoonguss, M|432\/432
|-damage|p1a: Amoonguss|378\/432|[from] Stealth Rock
|move|p2a: Rotom-Heat|Will-O-Wisp|p1a: Amoonguss
|-status|p1a: Amoonguss|brn
|
|-weather|Sandstorm|[upkeep]
|-damage|p2a: Rotom-Heat|69\/243 tox|[from] sandstorm
|-damage|p1a: Amoonguss|351\/432 brn|[from] sandstorm
|-heal|p1a: Amoonguss|378\/432 brn|[from] item: Black Sludge
|-damage|p2a: Rotom-Heat|39\/243 tox|[from] psn
|-damage|p1a: Amoonguss|324\/432 brn|[from] brn
|turn|19
|c|âMeruu|ice fang hippo
|c| Kitten Milk|does that even 2ko
|c| zTerribadTastic|nice n residual
|leave|Lady Ciaran
|c|âMeruu|ya not like im getting residual on his
|c| Drum Major|ill look into it
|c|âMeruu|only fighting resist
|
|switch|p2a: Nidoking|Nidoking, M|234\/303
|-damage|p2a: Nidoking|216\/303|[from] Stealth Rock
|switch|p1a: Stoutland|Stoutland, F|190\/311
|-damage|p1a: Stoutland|152\/311|[from] Stealth Rock
|
|-weather|Sandstorm|[upkeep]
|turn|20
|
|switch|p1a: Hippowdon|Hippowdon, F|320\/420
|-damage|p1a: Hippowdon|294\/420|[from] Stealth Rock
|move|p2a: Nidoking|Sucker Punch|p1a: Hippowdon
|-fail|p1a: Hippowdon
|
|-weather|none
|turn|21
|join|newfren
|c|âMeruu|how much does this do
|
|move|p2a: Nidoking|Ice Punch|p1a: Hippowdon
|-supereffective|p1a: Hippowdon
|-damage|p1a: Hippowdon|130\/420
|move|p1a: Hippowdon|Earthquake|p2a: Nidoking
|-supereffective|p2a: Nidoking
|-damage|p2a: Nidoking|0 fnt
|faint|p2a: Nidoking
|
|c| Drum Major|how about encore on mlop? or is it too cute
|c|âMeruu|enuff
|c|âMeruu|ok
|
|switch|p2a: Empoleon|Empoleon, F|157\/372
|-damage|p2a: Empoleon|134\/372|[from] Stealth Rock
|turn|22
|
|switch|p1a: Amoonguss|Amoonguss, M|432\/432 brn
|-damage|p1a: Amoonguss|378\/432 brn|[from] Stealth Rock
|move|p2a: Empoleon|Scald|p1a: Amoonguss
|-resisted|p1a: Amoonguss
|-damage|p1a: Amoonguss|316\/432 brn
|
|-heal|p2a: Empoleon|157\/372|[from] item: Leftovers
|-heal|p1a: Amoonguss|343\/432 brn|[from] item: Black Sludge
|-damage|p1a: Amoonguss|289\/432 brn|[from] brn
|turn|23
|
|switch|p1a: Hippowdon|Hippowdon, F|130\/420
|-damage|p1a: Hippowdon|104\/420|[from] Stealth Rock
|-weather|Sandstorm
|move|p2a: Empoleon|Defog|p1a: Hippowdon
|-unboost|p1a: Hippowdon|evasion|1
|-sideend|p1: CoolTrainerGary|Stealth Rock|[from] move: Defog|[of] p1a: Hippowdon
|-sideend|p2: Meruu|Stealth Rock|[from] move: Defog|[of] p2a: Empoleon
|
|-weather|Sandstorm|[upkeep]
|-heal|p2a: Empoleon|180\/372|[from] item: Leftovers
|turn|24
|
|switch|p1a: Amoonguss|Amoonguss, M|432\/432 brn
|move|p2a: Empoleon|Scald|p1a: Amoonguss
|-resisted|p1a: Amoonguss
|-damage|p1a: Amoonguss|375\/432 brn
|
|-weather|Sandstorm|[upkeep]
|-damage|p1a: Amoonguss|348\/432 brn|[from] sandstorm
|-heal|p2a: Empoleon|203\/372|[from] item: Leftovers
|-heal|p1a: Amoonguss|375\/432 brn|[from] item: Black Sludge
|-damage|p1a: Amoonguss|321\/432 brn|[from] brn
|turn|25
|
|move|p2a: Empoleon|Stealth Rock|p1a: Amoonguss
|-sidestart|p1: CoolTrainerGary|move: Stealth Rock
|move|p1a: Amoonguss|Spore|p2a: Empoleon
|-status|p2a: Empoleon|slp
|
|-weather|Sandstorm|[upkeep]
|-damage|p1a: Amoonguss|294\/432 brn|[from] sandstorm
|-heal|p2a: Empoleon|226\/372 slp|[from] item: Leftovers
|-heal|p1a: Amoonguss|321\/432 brn|[from] item: Black Sludge
|-damage|p1a: Amoonguss|267\/432 brn|[from] brn
|turn|26
|join|BIG SCHLONG MCDONG
|
|switch|p2a: Aromatisse|Aromatisse, F|406\/406
|switch|p1a: Steelix|Steelix-Mega, F|325\/354
|-damage|p1a: Steelix|314\/354|[from] Stealth Rock
|
|-weather|Sandstorm|[upkeep]
|-damage|p2a: Aromatisse|381\/406|[from] sandstorm
|-heal|p2a: Aromatisse|406\/406|[from] item: Leftovers
|turn|27
|
|move|p2a: Aromatisse|Protect|p2a: Aromatisse
|-singleturn|p2a: Aromatisse|Protect
|move|p1a: Steelix|Heavy Slam|p2a: Aromatisse
|-activate|p2a: Aromatisse|Protect
|
|-weather|Sandstorm|[upkeep]
|-damage|p2a: Aromatisse|381\/406|[from] sandstorm
|-heal|p2a: Aromatisse|406\/406|[from] item: Leftovers
|turn|28
|leave|Drugs Not Hugs
|leave|baenail
|
|switch|p2a: Empoleon|Empoleon, F|226\/372 slp
|move|p1a: Steelix|Heavy Slam|p2a: Empoleon
|-resisted|p2a: Empoleon
|-damage|p2a: Empoleon|148\/372 slp
|
|-weather|Sandstorm|[upkeep]
|-heal|p2a: Empoleon|171\/372 slp|[from] item: Leftovers
|turn|29
|
|cant|p2a: Empoleon|slp
|move|p1a: Steelix|Earthquake|p2a: Empoleon
|-supereffective|p2a: Empoleon
|-damage|p2a: Empoleon|0 fnt
|faint|p2a: Empoleon
|
|-weather|Sandstorm|[upkeep]
|
|switch|p2a: Jirachi|Jirachi|63\/341
|turn|30
|join|Over Under Used
|c| Over Under Used|:O
|c| Over Under Used|Mega steliz
|c| Over Under Used|x
|c|âCoolTrainerGary|healing wish rotom heat
|
|move|p2a: Jirachi|Healing Wish|p2a: Jirachi
|faint|p2a: Jirachi
|move|p1a: Steelix|Heavy Slam|p2: Jirachi|[notarget]
|-notarget
|
|-weather|none
|
|switch|p2a: Rotom-Heat|Rotom-Heat|39\/243 tox
|-heal|p2a: Rotom-Heat|243\/243|[from] move: Healing Wish
|turn|31
|c|âMeruu|inb4 miss
|c| zTerribadTastic|nice and gg
|c|âCoolTrainerGary|and gg pretty much
|c|âMeruu|ya nice n close
|c|âMeruu|gg
|leave|poonHunter (DD)
|c|âMeruu|u can play it out tho
|c|âMeruu|more hax might happen tbh
|c| zTerribadTastic|inb4 rock slide megalix
|c|âMeruu|he already revealed
|
|switch|p1a: Hippowdon|Hippowdon, F|104\/420
|-damage|p1a: Hippowdon|78\/420|[from] Stealth Rock
|-weather|Sandstorm
|move|p2a: Rotom-Heat|Overheat|p1a: Hippowdon
|-damage|p1a: Hippowdon|0 fnt
|-unboost|p2a: Rotom-Heat|spa|2
|-damage|p2a: Rotom-Heat|219\/243|[from] item: Life Orb
|faint|p1a: Hippowdon
|
|-weather|Sandstorm|[upkeep]
|-damage|p2a: Rotom-Heat|204\/243|[from] sandstorm
|c|âMeruu|slam\/eq\/toxic
|c|âMeruu|i guess not slide
|c|âCoolTrainerGary|dtail
|c|âMeruu|but i doubt he has it
|c|âMeruu|l0l
|c|âMeruu|ew
|c| zTerribadTastic|stoutland activate
|c|âCoolTrainerGary|what am i supposed to run
|
|switch|p1a: Stoutland|Stoutland, F|152\/311
|-damage|p1a: Stoutland|114\/311|[from] Stealth Rock
|turn|32
|c|âMeruu|stoutland aint gonna achieve
|leave|Over Under Used
|c|âMeruu|trust me
|
|switch|p2a: Aromatisse|Aromatisse, F|406\/406
|move|p1a: Stoutland|Return|p2a: Aromatisse
|-damage|p2a: Aromatisse|172\/406
|
|-weather|Sandstorm|[upkeep]
|-damage|p2a: Aromatisse|147\/406|[from] sandstorm
|-heal|p2a: Aromatisse|172\/406|[from] item: Leftovers
|turn|33
|c| newfren|right thru
|c| zTerribadTastic|you were saying
|c|âCoolTrainerGary|he got protect and fake out
|join|Peppermint Creams
|c|âMeruu|maybe the peanut gallery can w8 instead of making comments
|c|âMeruu|smh
|c| newfren|o fake out
|c| newfren|rip
|
|move|p2a: Aromatisse|Protect|p2a: Aromatisse
|-singleturn|p2a: Aromatisse|Protect
|move|p1a: Stoutland|Return|p2a: Aromatisse
|-activate|p2a: Aromatisse|Protect
|
|-weather|Sandstorm|[upkeep]
|-damage|p2a: Aromatisse|147\/406|[from] sandstorm
|-heal|p2a: Aromatisse|172\/406|[from] item: Leftovers
|turn|34
|
|move|p2a: Aromatisse|Protect|p2a: Aromatisse
|-singleturn|p2a: Aromatisse|Protect
|move|p1a: Stoutland|Return|p2a: Aromatisse
|-activate|p2a: Aromatisse|Protect
|
|-weather|Sandstorm|[upkeep]
|-damage|p2a: Aromatisse|147\/406|[from] sandstorm
|-heal|p2a: Aromatisse|172\/406|[from] item: Leftovers
|turn|35
|c|âCoolTrainerGary|bruhhh
|c| zTerribadTastic|nbnb
|
|move|p2a: Aromatisse|Protect|p2a: Aromatisse
|-fail|p2a: Aromatisse
|move|p1a: Stoutland|Return|p2a: Aromatisse
|-damage|p2a: Aromatisse|0 fnt
|faint|p2a: Aromatisse
|
|-weather|Sandstorm|[upkeep]
|
|switch|p2a: Lopunny|Lopunny-Mega, F|239\/271
|turn|36
|c|âMeruu|i think this does enough
|c|âMeruu|hm
|join|dingbat
|
|move|p2a: Lopunny|Fake Out|p1a: Stoutland
|-damage|p1a: Stoutland|26\/311
|cant|p1a: Stoutland|flinch
|
|-weather|Sandstorm|[upkeep]
|-damage|p2a: Lopunny|223\/271|[from] sandstorm
|turn|37
|c|âMeruu|ah
|c|âMeruu|:[
|c| zTerribadTastic|achivement unlocked
|c|âCoolTrainerGary|i think i win lol
|c| newfren|no lol
|c| newfren|meru goes to oven fake outs again
|c|âMeruu|but im not getting past moongus
|c| zTerribadTastic|and loses to megalix
|c|âMeruu|I don't think
|c| newfren|o shit
|c| newfren|forgot that
|c| newfren|this wasn't last mon stout
|c| dingbat|mega lix is 2hko imo
|
|switch|p2a: Rotom-Heat|Rotom-Heat|204\/243
|move|p1a: Stoutland|Return|p2a: Rotom-Heat
|-damage|p2a: Rotom-Heat|0 fnt
|faint|p2a: Rotom-Heat
|
|-weather|Sandstorm|[upkeep]
|
|switch|p2a: Lopunny|Lopunny-Mega, F|223\/271
|turn|38
|
|move|p2a: Lopunny|Fake Out|p1a: Stoutland
|-damage|p1a: Stoutland|0 fnt
|faint|p1a: Stoutland
|
|-weather|none
|
|switch|p1a: Steelix|Steelix-Mega, F|314\/354
|-damage|p1a: Steelix|303\/354|[from] Stealth Rock
|turn|39
|c| Alldaalts|gg
|c| zTerribadTastic|if he got trip protect he could like, pup and crit
|c| zTerribadTastic|if bad set
|c|âMeruu|tbh might've rushed
|
|move|p2a: Lopunny|High Jump Kick|p1a: Steelix
|-supereffective|p1a: Steelix
|-damage|p1a: Steelix|69\/354
|move|p1a: Steelix|Heavy Slam|p2a: Lopunny
|-damage|p2a: Lopunny|0 fnt
|faint|p2a: Lopunny
|
|win|CoolTrainerGary
|c|âMeruu|the healing wish
|c|âCoolTrainerGary|gg
|leave|Drum Major
|leave|Alldaalts
|leave|Peppermint Creams
|leave|OmiOP
|leave|zTerribadTastic