|join|CoolTrainerGary
|join|LIBERALLUCARIO
|player|p1|CoolTrainerGary|2
|player|p2|LIBERALLUCARIO|290
|gametype|singles
|gen|6
|tier|UU
|rated
|rule|Sleep Clause Mod: Limit one foe put to sleep
|rule|Species Clause: Limit one of each PokÃ©mon
|rule|OHKO Clause: OHKO moves are banned
|rule|Moody Clause: Moody is banned
|rule|Evasion Moves Clause: Evasion moves are banned
|rule|Endless Battle Clause: Forcing endless battles is banned
|rule|HP Percentage Mod: HP is shown in percentages
|clearpoke
|poke|p1|Absol, M
|poke|p1|Roserade, M
|poke|p1|Jellicent, M
|poke|p1|Donphan, F
|poke|p1|Diancie
|poke|p1|Braviary, M
|poke|p2|Zygarde
|poke|p2|Forretress, M
|poke|p2|Ampharos, F
|poke|p2|Nidoqueen, F
|poke|p2|Whimsicott, F
|poke|p2|Jirachi
|rule|Swagger Clause: Swagger is banned
|rule|Baton Pass Clause: Limit one PokÃ©mon knowing Baton Pass
|teampreview
|c|âLIBERALLUCARIO|onb
|c|âCoolTrainerGary|ty
|
|start
|switch|p1a: Jellicent|Jellicent, M|404\/404
|switch|p2a: Ampharos|Ampharos, F|369\/369
|turn|1
|
|switch|p1a: Diancie|Diancie|304\/304
|detailschange|p2a: Ampharos|Ampharos-Mega, F
|-mega|p2a: Ampharos|Ampharos|Ampharosite
|-ability|p2a: Ampharos|Mold Breaker
|move|p2a: Ampharos|Dragon Pulse|p1a: Diancie
|-immune|p1a: Diancie|[msg]
|
|turn|2
|
|switch|p2a: Nidoqueen|Nidoqueen, F|346\/346
|move|p1a: Diancie|Stealth Rock|p2a: Nidoqueen
|-sidestart|p2: LIBERALLUCARIO|move: Stealth Rock
|
|turn|3
|
|move|p2a: Nidoqueen|Stealth Rock|p1a: Diancie
|-sidestart|p1: CoolTrainerGary|move: Stealth Rock
|move|p1a: Diancie|Earth Power|p2a: Nidoqueen
|-supereffective|p2a: Nidoqueen
|-damage|p2a: Nidoqueen|130\/346
|
|turn|4
|
|switch|p1a: Braviary|Braviary, M|341\/341
|-damage|p1a: Braviary|256\/341|[from] Stealth Rock
|move|p2a: Nidoqueen|Earth Power|p1a: Braviary
|-immune|p1a: Braviary|[msg]
|
|turn|5
|
|switch|p2a: Forretress|Forretress, M|354\/354
|-damage|p2a: Forretress|310\/354|[from] Stealth Rock
|move|p1a: Braviary|U-turn|p2a: Forretress
|-resisted|p2a: Forretress
|-damage|p2a: Forretress|286\/354
|
|switch|p1a: Donphan|Donphan, F|364\/364
|-damage|p1a: Donphan|342\/364|[from] Stealth Rock
|
|-heal|p1a: Donphan|364\/364|[from] item: Leftovers
|-heal|p2a: Forretress|308\/354|[from] item: Leftovers
|turn|6
|
|move|p1a: Donphan|Knock Off|p2a: Forretress
|-damage|p2a: Forretress|242\/354
|-enditem|p2a: Forretress|Leftovers|[from] move: Knock Off|[of] p1a: Donphan
|move|p2a: Forretress|Rapid Spin|p1a: Donphan
|-damage|p1a: Donphan|351\/364
|-sideend|p2: LIBERALLUCARIO|Stealth Rock|[from] move: Rapid Spin|[of] p2a: Forretress
|
|-heal|p1a: Donphan|364\/364|[from] item: Leftovers
|turn|7
|
|switch|p2a: Whimsicott|Whimsicott, F|261\/261
|move|p1a: Donphan|Rapid Spin|p2a: Whimsicott
|-damage|p2a: Whimsicott|234\/261
|-sideend|p1: CoolTrainerGary|Stealth Rock|[from] move: Rapid Spin|[of] p1a: Donphan
|
|-heal|p2a: Whimsicott|250\/261|[from] item: Leftovers
|turn|8
|
|switch|p1a: Roserade|Roserade, M|324\/324
|move|p2a: Whimsicott|U-turn|p1a: Roserade
|-damage|p1a: Roserade|271\/324
|
|switch|p2a: Jirachi|Jirachi|341\/341
|
|-heal|p1a: Roserade|291\/324|[from] item: Black Sludge
|turn|9
|
|switch|p1a: Jellicent|Jellicent, M|404\/404
|move|p2a: Jirachi|Iron Head|p1a: Jellicent
|-resisted|p1a: Jellicent
|-damage|p1a: Jellicent|346\/404
|
|-heal|p1a: Jellicent|371\/404|[from] item: Leftovers
|turn|10
|
|switch|p2a: Ampharos|Ampharos-Mega, F|369\/369
|-ability|p2a: Ampharos|Mold Breaker
|switch|p1a: Diancie|Diancie|304\/304
|
|turn|11
|
|move|p2a: Ampharos|Volt Switch|p1a: Diancie
|-damage|p1a: Diancie|187\/304
|join|r0ady
|
|switch|p2a: Nidoqueen|Nidoqueen, F|130\/346
|move|p1a: Diancie|Stealth Rock|p2a: Nidoqueen
|-sidestart|p2: LIBERALLUCARIO|move: Stealth Rock
|
|-heal|p1a: Diancie|206\/304|[from] item: Leftovers
|turn|12
|
|switch|p1a: Braviary|Braviary, M|256\/341
|move|p2a: Nidoqueen|Ice Beam|p1a: Braviary
|-supereffective|p1a: Braviary
|-damage|p1a: Braviary|0 fnt
|faint|p1a: Braviary
|
|
|switch|p1a: Absol|Absol, M|271\/271
|turn|13
|
|switch|p2a: Whimsicott|Whimsicott, F|250\/261
|-damage|p2a: Whimsicott|218\/261|[from] Stealth Rock
|detailschange|p1a: Absol|Absol-Mega, M
|-mega|p1a: Absol|Absol|Absolite
|move|p1a: Absol|Knock Off|p2a: Whimsicott
|-resisted|p2a: Whimsicott
|-damage|p2a: Whimsicott|103\/261
|-enditem|p2a: Whimsicott|Leftovers|[from] move: Knock Off|[of] p1a: Absol
|
|turn|14
|
|switch|p2a: Forretress|Forretress, M|242\/354
|-damage|p2a: Forretress|198\/354|[from] Stealth Rock
|switch|p1a: Roserade|Roserade, M|291\/324
|
|-heal|p1a: Roserade|311\/324|[from] item: Black Sludge
|turn|15
|
|move|p1a: Roserade|Spikes|p2a: Forretress
|-sidestart|p2: LIBERALLUCARIO|Spikes
|move|p2a: Forretress|Rapid Spin|p1a: Roserade
|-crit|p1a: Roserade
|-damage|p1a: Roserade|281\/324
|-sideend|p2: LIBERALLUCARIO|Spikes|[from] move: Rapid Spin|[of] p2a: Forretress
|-sideend|p2: LIBERALLUCARIO|Stealth Rock|[from] move: Rapid Spin|[of] p2a: Forretress
|
|-heal|p1a: Roserade|301\/324|[from] item: Black Sludge
|turn|16
|
|move|p1a: Roserade|Spikes|p2a: Forretress
|-sidestart|p2: LIBERALLUCARIO|Spikes
|move|p2a: Forretress|Spikes|p1a: Roserade
|-sidestart|p1: CoolTrainerGary|Spikes
|
|-heal|p1a: Roserade|321\/324|[from] item: Black Sludge
|turn|17
|
|switch|p1a: Donphan|Donphan, F|364\/364
|-damage|p1a: Donphan|319\/364|[from] Spikes
|move|p2a: Forretress|Rapid Spin|p1a: Donphan
|-damage|p1a: Donphan|306\/364
|-sideend|p2: LIBERALLUCARIO|Spikes|[from] move: Rapid Spin|[of] p2a: Forretress
|
|-heal|p1a: Donphan|328\/364|[from] item: Leftovers
|turn|18
|
|switch|p2a: Nidoqueen|Nidoqueen, F|130\/346
|move|p1a: Donphan|Rapid Spin|p2a: Nidoqueen
|-damage|p2a: Nidoqueen|103\/346
|-sideend|p1: CoolTrainerGary|Spikes|[from] move: Rapid Spin|[of] p1a: Donphan
|
|-heal|p1a: Donphan|350\/364|[from] item: Leftovers
|turn|19
|
|switch|p1a: Jellicent|Jellicent, M|371\/404
|move|p2a: Nidoqueen|Ice Beam|p1a: Jellicent
|-resisted|p1a: Jellicent
|-damage|p1a: Jellicent|303\/404
|
|-heal|p1a: Jellicent|328\/404|[from] item: Leftovers
|turn|20
|
|switch|p2a: Ampharos|Ampharos-Mega, F|369\/369
|-ability|p2a: Ampharos|Mold Breaker
|move|p1a: Jellicent|Ice Beam|p2a: Ampharos
|-supereffective|p2a: Ampharos
|-damage|p2a: Ampharos|261\/369
|
|-heal|p1a: Jellicent|353\/404|[from] item: Leftovers
|turn|21
|join|DRREUNICLUS3
|c|âLIBERALLUCARIO|damage imo
|c|âCoolTrainerGary|i have to run ice beam for zygarde
|
|switch|p1a: Donphan|Donphan, F|350\/364
|move|p2a: Ampharos|Dragon Pulse|p1a: Donphan
|-damage|p1a: Donphan|29\/364
|
|-heal|p1a: Donphan|51\/364|[from] item: Leftovers
|turn|22
|c|âLIBERALLUCARIO|holy crap
|c|âLIBERALLUCARIO|k
|
|move|p1a: Donphan|Earthquake|p2a: Ampharos
|-supereffective|p2a: Ampharos
|-damage|p2a: Ampharos|0 fnt
|faint|p2a: Ampharos
|
|-heal|p1a: Donphan|73\/364|[from] item: Leftovers
|c| r0ady|amph is slowwwww
|c| r0ady|jesus
|c|âLIBERALLUCARIO|you run speed
|c|âLIBERALLUCARIO|on donphan.
|c|âCoolTrainerGary|yes
|c|âLIBERALLUCARIO|why.
|c|âCoolTrainerGary|for that
|c| DRREUNICLUS3|outspeed those amphys
|c| DRREUNICLUS3|ofc
|c|âCoolTrainerGary|and jelli
|c|âLIBERALLUCARIO|ugh
|c| DRREUNICLUS3|o
|c|âLIBERALLUCARIO|jelli?
|c| DRREUNICLUS3|jellicent
|c|âLIBERALLUCARIO|you act like
|c|âLIBERALLUCARIO|jelli is relevant
|c| DRREUNICLUS3|is
|c|âCoolTrainerGary|even tho uncommon
|c| r0ady|irrelevant af
|
|switch|p2a: Whimsicott|Whimsicott, F|103\/261
|turn|23
|c|âCoolTrainerGary|ik, it's just another thing
|
|move|p1a: Donphan|Ice Shard|p2a: Whimsicott
|-supereffective|p2a: Whimsicott
|-damage|p2a: Whimsicott|0 fnt
|faint|p2a: Whimsicott
|
|-heal|p1a: Donphan|95\/364|[from] item: Leftovers
|c| r0ady|hell amph isnt even that relevant any more
|
|switch|p2a: Jirachi|Jirachi|341\/341
|turn|24
|c|âCoolTrainerGary|k but if i win those speed evs will be the reason why
|c|âLIBERALLUCARIO|keep thinkin you're good bro
|c|âLIBERALLUCARIO|:]
|c|âCoolTrainerGary|i never said i was good
|c| r0ady|not trashing running speed on donphan, just saying the things you outspeed arent very relevant
|c|âLIBERALLUCARIO|i am speed creeping donphan
|c|âLIBERALLUCARIO|so if i get speed crept
|c|âCoolTrainerGary|im not trashing either
|c|âLIBERALLUCARIO|i get annoyed
|
|move|p2a: Jirachi|Iron Head|p1a: Donphan
|-damage|p1a: Donphan|0 fnt
|faint|p1a: Donphan
|
|
|switch|p1a: Jellicent|Jellicent, M|353\/404
|turn|25
|
|switch|p2a: Forretress|Forretress, M|198\/354
|move|p1a: Jellicent|Scald|p2a: Forretress
|-damage|p2a: Forretress|71\/354
|
|-heal|p1a: Jellicent|378\/404|[from] item: Leftovers
|turn|26
|
|move|p1a: Jellicent|Scald|p2a: Forretress
|-damage|p2a: Forretress|0 fnt
|faint|p2a: Forretress
|
|-heal|p1a: Jellicent|403\/404|[from] item: Leftovers
|
|switch|p2a: Zygarde|Zygarde|357\/357
|-ability|p2a: Zygarde|Aura Break
|turn|27
|c|âLIBERALLUCARIO|ok here goes
|c|âLIBERALLUCARIO|my only chance
|
|move|p2a: Zygarde|Dragon Dance|p2a: Zygarde
|-boost|p2a: Zygarde|atk|1
|-boost|p2a: Zygarde|spe|1
|move|p1a: Jellicent|Ice Beam|p2a: Zygarde
|-supereffective|p2a: Zygarde
|-damage|p2a: Zygarde|121\/357
|
|-heal|p1a: Jellicent|404\/404|[from] item: Leftovers
|turn|28
|c| r0ady|now the borked mon in for the come back
|c|âLIBERALLUCARIO|ok do
|c|âLIBERALLUCARIO|a lot
|
|move|p2a: Zygarde|Outrage|p1a: Jellicent
|-damage|p1a: Jellicent|26\/404
|-damage|p2a: Zygarde|86\/357|[from] item: Life Orb
|move|p1a: Jellicent|Ice Beam|p2a: Zygarde
|-crit|p2a: Zygarde
|-supereffective|p2a: Zygarde
|-damage|p2a: Zygarde|0 fnt
|faint|p2a: Zygarde
|
|-heal|p1a: Jellicent|51\/404|[from] item: Leftovers
|c|âLIBERALLUCARIO|good
|
|switch|p2a: Nidoqueen|Nidoqueen, F|103\/346
|turn|29
|
|move|p2a: Nidoqueen|Earth Power|p1a: Jellicent
|-damage|p1a: Jellicent|0 fnt
|faint|p1a: Jellicent
|
|
|switch|p1a: Absol|Absol-Mega, M|271\/271
|turn|30
|c| r0ady|now rachi flinches all the things and lives sucker from absol
|
|switch|p2a: Jirachi|Jirachi|341\/341
|move|p1a: Absol|Knock Off|p2a: Jirachi
|-supereffective|p2a: Jirachi
|-damage|p2a: Jirachi|0 fnt
|-enditem|p2a: Jirachi|Choice Scarf|[from] move: Knock Off|[of] p1a: Absol
|faint|p2a: Jirachi
|
|c|âLIBERALLUCARIO|yeah
|c|âLIBERALLUCARIO|ugh
|c|âCoolTrainerGary|what
|-message|LIBERALLUCARIO forfeited.
|
|win|CoolTrainerGary
|raw|Ladder updating...
|leave|LIBERALLUCARIO
|raw|CoolTrainerGary's rating: 1406 &rarr; <strong>1427<\/strong><br \/>(+21 for winning)
|raw|LIBERALLUCARIO's rating: 1434 &rarr; <strong>1413<\/strong><br \/>(-21 for losing)
|c|âCoolTrainerGary|lol
|player|p2
|c| r0ady|he needed to healing wish
|c| DRREUNICLUS3|absol still beat rachi
|c|âCoolTrainerGary|what was he predicting
|c| DRREUNICLUS3|o
|c| r0ady|no
|c| r0ady|he thought the sucker
|c| r0ady|so he went to rachi]
|c|âCoolTrainerGary|i outspeed
|c| r0ady|to wish up nido
|c| r0ady|yeah
|c| r0ady|but it was only hope
|c|âCoolTrainerGary|o ok
|leave|DRREUNICLUS3
|leave|CoolTrainerGary
|player|p1
|leave|r0ady
|join|CoolTrainerGary