|join|BFoxy
|join|Swampdert
|player|p1|BFoxy|172
|player|p2|Swampdert|102
|gametype|singles
|gen|6
|tier|UU
|rated
|rule|Sleep Clause Mod: Limit one foe put to sleep
|rule|Species Clause: Limit one of each PokÃ©mon
|rule|OHKO Clause: OHKO moves are banned
|rule|Moody Clause: Moody is banned
|rule|Evasion Moves Clause: Evasion moves are banned
|rule|Endless Battle Clause: Forcing endless battles is banned
|rule|HP Percentage Mod: HP is shown in percentages
|clearpoke
|poke|p1|Jellicent, M
|poke|p1|Zygarde
|poke|p1|Aggron, F
|poke|p1|Blissey, F
|poke|p1|Forretress, M, shiny
|poke|p1|Aromatisse, F
|poke|p2|Gallade, M
|poke|p2|Rhyperior, F
|poke|p2|Jirachi
|poke|p2|Shaymin
|poke|p2|Crobat, M
|poke|p2|Vaporeon, M
|rule|Swagger Clause: Swagger is banned
|rule|Baton Pass Clause: Limit one PokÃ©mon knowing Baton Pass
|teampreview
|
|start
|switch|p1a: Aggron|Aggron, F|344\/344
|switch|p2a: Tomarachi|Jirachi|341\/341
|turn|1
|
|detailschange|p1a: Aggron|Aggron-Mega, F
|message|Aggron has Mega Evolved into Mega Aggron!
|move|p2a: Tomarachi|U-turn|p1a: Aggron
|-resisted|p1a: Aggron
|-damage|p1a: Aggron|327\/344
|
|switch|p2a: Wet Pussy|Vaporeon, M|451\/451
|move|p1a: Aggron|Stealth Rock|p2a: Wet Pussy
|-sidestart|p2: Swampdert|move: Stealth Rock
|
|turn|2
|
|switch|p1a: Pringles|Jellicent, M|403\/403
|move|p2a: Wet Pussy|Baton Pass|p2a: Wet Pussy
|
|switch|p2a: ShayCarl|Shaymin|341\/341
|-damage|p2a: ShayCarl|299\/341|[from] Stealth Rock
|
|turn|3
|
|switch|p2a: Gligar Man|Gallade, M|277\/277
|-damage|p2a: Gligar Man|260\/277|[from] Stealth Rock
|switch|p1a: Teen Mom|Blissey, F|714\/714
|
|turn|4
|
|switch|p1a: Gooch|Aromatisse, F|405\/405
|detailschange|p2a: Gligar Man|Gallade-Mega, M
|message|Gallade has Mega Evolved into Mega Gallade!
|move|p2a: Gligar Man|Swords Dance|p2a: Gligar Man
|-boost|p2a: Gligar Man|atk|2
|
|turn|5
|
|switch|p2a: Foursome|Crobat, M|373\/373
|-damage|p2a: Foursome|280\/373|[from] Stealth Rock
|move|p1a: Gooch|Moonblast|p2a: Foursome
|-resisted|p2a: Foursome
|-damage|p2a: Foursome|209\/373
|
|turn|6
|
|switch|p1a: Aggron|Aggron-Mega, F|327\/344
|move|p2a: Foursome|Defog|p1a: Aggron
|-unboost|p1a: Aggron|evasion|1
|-sideend|p2: Swampdert|Stealth Rock|[from] move: Defog|[of] p2a: Foursome
|
|turn|7
|
|move|p2a: Foursome|Roost|p2a: Foursome
|-heal|p2a: Foursome|373\/373
|move|p1a: Aggron|Stealth Rock|p2a: Foursome
|-sidestart|p2: Swampdert|move: Stealth Rock
|
|turn|8
|
|move|p2a: Foursome|U-turn|p1a: Aggron
|-resisted|p1a: Aggron
|-damage|p1a: Aggron|315\/344
|
|switch|p2a: Wet Pussy|Vaporeon, M|451\/451
|-damage|p2a: Wet Pussy|395\/451|[from] Stealth Rock
|move|p1a: Aggron|Heavy Slam|p2a: Wet Pussy
|-resisted|p2a: Wet Pussy
|-damage|p2a: Wet Pussy|287\/451
|
|-heal|p2a: Wet Pussy|315\/451|[from] item: Leftovers
|turn|9
|
|move|p2a: Wet Pussy|Scald|p1a: Aggron
|-damage|p1a: Aggron|230\/344
|-status|p1a: Aggron|brn
|move|p1a: Aggron|Roar|p2a: Wet Pussy
|drag|p2a: Sit On My Face|Rhyperior, F|433\/433
|-damage|p2a: Sit On My Face|406\/433|[from] Stealth Rock
|
|-heal|p2a: Sit On My Face|433\/433|[from] item: Leftovers
|-damage|p1a: Aggron|187\/344 brn|[from] brn
|turn|10
|
|switch|p1a: Walnut|Forretress, M, shiny|353\/353
|move|p2a: Sit On My Face|Stealth Rock|p1a: Walnut
|-sidestart|p1: BFoxy|move: Stealth Rock
|
|turn|11
|
|move|p2a: Sit On My Face|Earthquake|p1a: Walnut
|-damage|p1a: Walnut|248\/353
|move|p1a: Walnut|Rapid Spin|p2a: Sit On My Face
|-resisted|p2a: Sit On My Face
|-damage|p2a: Sit On My Face|429\/433
|-sideend|p1: BFoxy|Stealth Rock|[from] move: Rapid Spin|[of] p1a: Walnut
|
|-heal|p1a: Walnut|270\/353|[from] item: Leftovers
|-heal|p2a: Sit On My Face|433\/433|[from] item: Leftovers
|turn|12
|
|switch|p2a: Tomarachi|Jirachi|341\/341
|-damage|p2a: Tomarachi|320\/341|[from] Stealth Rock
|move|p1a: Walnut|Toxic|p2a: Tomarachi
|-fail|p2a: Tomarachi
|
|-heal|p1a: Walnut|292\/353|[from] item: Leftovers
|turn|13
|
|move|p2a: Tomarachi|Fire Punch|p1a: Walnut
|-crit|p1a: Walnut
|-supereffective|p1a: Walnut
|-damage|p1a: Walnut|24\/353
|move|p1a: Walnut|Spikes|p2a: Tomarachi
|-sidestart|p2: Swampdert|Spikes
|
|-heal|p1a: Walnut|46\/353|[from] item: Leftovers
|turn|14
|
|switch|p2a: Foursome|Crobat, M|373\/373
|-damage|p2a: Foursome|280\/373|[from] Stealth Rock
|switch|p1a: Gooch|Aromatisse, F|405\/405
|
|turn|15
|
|move|p2a: Foursome|Defog|p1a: Gooch
|-unboost|p1a: Gooch|evasion|1
|-sideend|p2: Swampdert|Spikes|[from] move: Defog|[of] p2a: Foursome
|-sideend|p2: Swampdert|Stealth Rock|[from] move: Defog|[of] p2a: Foursome
|move|p1a: Gooch|Aromatherapy|p1a: Gooch
|-cureteam|p1a: Gooch|[from] move: Aromatherapy
|
|turn|16
|
|move|p2a: Foursome|U-turn|p1a: Gooch
|-resisted|p1a: Gooch
|-damage|p1a: Gooch|381\/405
|
|switch|p2a: Sit On My Face|Rhyperior, F|433\/433
|move|p1a: Gooch|Wish|p1a: Gooch
|
|-heal|p1a: Gooch|405\/405|[from] item: Leftovers
|turn|17
|
|switch|p1a: Aggron|Aggron-Mega, F|187\/344
|move|p2a: Sit On My Face|Roar|p1a: Aggron
|drag|p1a: Walnut|Forretress, M, shiny|46\/353
|
|-heal|p1a: Walnut|248\/353|[from] move: Wish|[wisher] Gooch
|-heal|p1a: Walnut|270\/353|[from] item: Leftovers
|turn|18
|c|âSwampdert|..........
|
|switch|p2a: Tomarachi|Jirachi|320\/341
|move|p1a: Walnut|Toxic|p2a: Tomarachi
|-fail|p2a: Tomarachi
|
|-heal|p1a: Walnut|292\/353|[from] item: Leftovers
|turn|19
|
|switch|p1a: Aggron|Aggron-Mega, F|187\/344
|move|p2a: Tomarachi|U-turn|p1a: Aggron
|-resisted|p1a: Aggron
|-damage|p1a: Aggron|172\/344
|
|switch|p2a: ShayCarl|Shaymin|299\/341
|
|turn|20
|
|switch|p1a: Teen Mom|Blissey, F|714\/714
|move|p2a: ShayCarl|Earth Power|p1a: Teen Mom
|-damage|p1a: Teen Mom|609\/714
|
|-heal|p1a: Teen Mom|653\/714|[from] item: Leftovers
|turn|21
|
|switch|p2a: Gligar Man|Gallade-Mega, M|260\/277
|move|p1a: Teen Mom|Wish|p1a: Teen Mom
|
|-heal|p1a: Teen Mom|697\/714|[from] item: Leftovers
|turn|22
|
|switch|p1a: Gooch|Aromatisse, F|405\/405
|move|p2a: Gligar Man|Swords Dance|p2a: Gligar Man
|-boost|p2a: Gligar Man|atk|2
|
|turn|23
|
|move|p2a: Gligar Man|Zen Headbutt|p1a: Gooch
|-crit|p1a: Gooch
|-damage|p1a: Gooch|0 fnt
|faint|p1a: Gooch
|
|
|switch|p1a: Pringles|Jellicent, M|403\/403
|turn|24
|
|move|p2a: Gligar Man|Knock Off|p1a: Pringles
|-supereffective|p1a: Pringles
|-damage|p1a: Pringles|0 fnt
|-enditem|p1a: Pringles|Leftovers|[from] move: Knock Off|[of] p2a: Gligar Man
|faint|p1a: Pringles
|
|
|switch|p1a: Walnut|Forretress, M, shiny|292\/353
|turn|25
|c|âBFoxy|cool crit bro. how skilled of you
|
|move|p2a: Gligar Man|Close Combat|p1a: Walnut
|-damage|p1a: Walnut|24\/353
|-unboost|p2a: Gligar Man|def|1
|-unboost|p2a: Gligar Man|spd|1
|move|p1a: Walnut|Toxic|p2a: Gligar Man
|-status|p2a: Gligar Man|tox
|
|-heal|p1a: Walnut|46\/353|[from] item: Leftovers
|-damage|p2a: Gligar Man|243\/277 tox|[from] psn
|turn|26
|c|âSwampdert|i was outplaying u this whole time anyways b
|c|âBFoxy|hahaha youre a joke. i had you dead to rights
|c|âSwampdert|plus +2 zen 2hko aroma
|c|âSwampdert|aroma can oko back
|
|move|p2a: Gligar Man|Close Combat|p1a: Walnut
|-damage|p1a: Walnut|0 fnt
|-unboost|p2a: Gligar Man|def|1
|-unboost|p2a: Gligar Man|spd|1
|faint|p1a: Walnut
|
|-damage|p2a: Gligar Man|209\/277 tox|[from] psn
|c|âSwampdert|you had no chance bro
|
|switch|p1a: Terramorphous|Zygarde|404\/404
|-ability|p1a: Terramorphous|Aura Break
|turn|27
|c|âSwampdert|i have the healing wish jirachi to setup and sweep you again later as well
|
|move|p2a: Gligar Man|Close Combat|p1a: Terramorphous
|-damage|p1a: Terramorphous|0 fnt
|-unboost|p2a: Gligar Man|def|1
|-unboost|p2a: Gligar Man|spd|1
|faint|p1a: Terramorphous
|
|-damage|p2a: Gligar Man|158\/277 tox|[from] psn
|c|âBFoxy|and you get max there. ok
|
|switch|p1a: Teen Mom|Blissey, F|697\/714
|turn|28
|
|move|p1a: Teen Mom|Protect|p1a: Teen Mom
|-singleturn|p1a: Teen Mom|Protect
|move|p2a: Gligar Man|Close Combat|p1a: Teen Mom
|-activate|p1a: Teen Mom|Protect
|
|-heal|p1a: Teen Mom|714\/714|[from] item: Leftovers
|-damage|p2a: Gligar Man|90\/277 tox|[from] psn
|turn|29
|
|move|p1a: Teen Mom|Protect|p1a: Teen Mom
|-fail|p1a: Teen Mom
|move|p2a: Gligar Man|Close Combat|p1a: Teen Mom
|-supereffective|p1a: Teen Mom
|-damage|p1a: Teen Mom|0 fnt
|-unboost|p2a: Gligar Man|def|1
|-unboost|p2a: Gligar Man|spd|1
|faint|p1a: Teen Mom
|
|-damage|p2a: Gligar Man|5\/277 tox|[from] psn
|c|âSwampdert|just pokemon bruh, not that deep
|-message|BFoxy forfeited.
|
|win|Swampdert
|raw|Ladder updating...
|leave|BFoxy
|player|p1
|raw|BFoxy's rating: 1480 &rarr; <strong>1449<\/strong><br \/>(-31 for losing)
|raw|Swampdert's rating: 1248 &rarr; <strong>1288<\/strong><br \/>(+40 for winning)
|leave|Swampdert
|player|p2
|join|CoolTrainerGary