|join|CoolTrainerGary
|join|Ren19
|player|p1|CoolTrainerGary|170
|player|p2|Ren19|35
|gametype|singles
|gen|6
|tier|UU
|rated
|rule|Sleep Clause Mod: Limit one foe put to sleep
|rule|Species Clause: Limit one of each PokÃ©mon
|rule|OHKO Clause: OHKO moves are banned
|rule|Moody Clause: Moody is banned
|rule|Evasion Moves Clause: Evasion moves are banned
|rule|Endless Battle Clause: Forcing endless battles is banned
|rule|HP Percentage Mod: HP is shown in percentages
|clearpoke
|poke|p1|Hippowdon, F
|poke|p1|Tentacruel, F
|poke|p1|Reuniclus, F
|poke|p1|Chesnaught, M
|poke|p1|Doublade, M
|poke|p1|Snorlax, M
|poke|p2|Crobat, F
|poke|p2|Umbreon, M
|poke|p2|Galvantula, M
|poke|p2|Swampert, M
|poke|p2|Kingdra, F
|poke|p2|Houndoom, M
|rule|Swagger Clause: Swagger is banned
|rule|Baton Pass Clause: Limit one PokÃ©mon knowing Baton Pass
|teampreview
|
|start
|switch|p1a: Hippowdon|Hippowdon, F|420\/420
|switch|p2a: Galvantula|Galvantula, M|281\/281
|-weather|Sandstorm
|turn|1
|
|move|p2a: Galvantula|Giga Drain|p1a: Hippowdon
|-supereffective|p1a: Hippowdon
|-damage|p1a: Hippowdon|284\/420
|move|p1a: Hippowdon|Stealth Rock|p2a: Galvantula
|-sidestart|p2: Ren19|move: Stealth Rock
|
|-weather|Sandstorm|[upkeep]
|-damage|p2a: Galvantula|264\/281|[from] sandstorm
|turn|2
|join|chorra man
|join|nbbnbv
|leave|chorra man
|
|move|p2a: Galvantula|Giga Drain|p1a: Hippowdon
|-supereffective|p1a: Hippowdon
|-damage|p1a: Hippowdon|156\/420
|-heal|p2a: Galvantula|281\/281|[from] drain|[of] p1a: Hippowdon
|move|p1a: Hippowdon|Earthquake|p2a: Galvantula
|-damage|p2a: Galvantula|92\/281
|
|-weather|Sandstorm|[upkeep]
|-damage|p2a: Galvantula|75\/281|[from] sandstorm
|turn|3
|
|switch|p2a: Crobat|Crobat, F|311\/311
|-damage|p2a: Crobat|234\/311|[from] Stealth Rock
|move|p1a: Hippowdon|Slack Off|p1a: Hippowdon
|-heal|p1a: Hippowdon|366\/420
|
|-weather|Sandstorm|[upkeep]
|-damage|p2a: Crobat|215\/311|[from] sandstorm
|-heal|p2a: Crobat|234\/311|[from] item: Black Sludge
|turn|4
|
|move|p2a: Crobat|Cross Poison|p1a: Hippowdon
|-resisted|p1a: Hippowdon
|-damage|p1a: Hippowdon|327\/420
|move|p1a: Hippowdon|Ice Fang|p2a: Crobat
|-supereffective|p2a: Crobat
|-damage|p2a: Crobat|104\/311
|
|-weather|Sandstorm|[upkeep]
|-damage|p2a: Crobat|85\/311|[from] sandstorm
|-heal|p2a: Crobat|104\/311|[from] item: Black Sludge
|turn|5
|
|move|p2a: Crobat|Roost|p2a: Crobat
|-heal|p2a: Crobat|260\/311
|move|p1a: Hippowdon|Earthquake|p2a: Crobat
|-supereffective|p2a: Crobat
|-damage|p2a: Crobat|0 fnt
|faint|p2a: Crobat
|
|-weather|Sandstorm|[upkeep]
|
|switch|p2a: Swampert|Swampert, M|403\/403
|-damage|p2a: Swampert|378\/403|[from] Stealth Rock
|turn|6
|
|switch|p1a: Chesnaught|Chesnaught, M|380\/380
|move|p2a: Swampert|Stealth Rock|p1a: Chesnaught
|-sidestart|p1: CoolTrainerGary|move: Stealth Rock
|
|-weather|Sandstorm|[upkeep]
|-damage|p1a: Chesnaught|357\/380|[from] sandstorm
|-heal|p1a: Chesnaught|380\/380|[from] item: Leftovers
|-heal|p2a: Swampert|403\/403|[from] item: Leftovers
|turn|7
|
|switch|p2a: Galvantula|Galvantula, M|75\/281
|-damage|p2a: Galvantula|5\/281|[from] Stealth Rock
|move|p1a: Chesnaught|Leech Seed|p2a: Galvantula
|-start|p2a: Galvantula|move: Leech Seed
|
|-weather|Sandstorm|[upkeep]
|-damage|p2a: Galvantula|0 fnt|[from] sandstorm
|-damage|p1a: Chesnaught|357\/380|[from] sandstorm
|-heal|p1a: Chesnaught|380\/380|[from] item: Leftovers
|faint|p2a: Galvantula
|
|switch|p2a: Foster|Houndoom, M|291\/291
|-damage|p2a: Foster|219\/291|[from] Stealth Rock
|turn|8
|
|switch|p1a: Snorlax|Snorlax, M|497\/497
|-damage|p1a: Snorlax|435\/497|[from] Stealth Rock
|detailschange|p2a: Foster|Houndoom-Mega, M
|message|Houndoom has Mega Evolved into Mega Houndoom!
|move|p2a: Foster|Dark Pulse|p1a: Snorlax
|-damage|p1a: Snorlax|335\/497
|
|-weather|none
|-heal|p1a: Snorlax|366\/497|[from] item: Leftovers
|turn|9
|
|move|p2a: Foster|Fire Blast|p1a: Snorlax
|-damage|p1a: Snorlax|291\/497
|move|p1a: Snorlax|Body Slam|p2a: Foster
|-damage|p2a: Foster|104\/291
|
|-heal|p1a: Snorlax|322\/497|[from] item: Leftovers
|turn|10
|
|move|p2a: Foster|Destiny Bond|p2a: Foster
|-singlemove|p2a: Foster|Destiny Bond
|move|p1a: Snorlax|Rest|p1a: Snorlax
|-status|p1a: Snorlax|slp
|-heal|p1a: Snorlax|497\/497 slp|[silent]
|-status|p1a: Snorlax|slp|[from] move: Rest
|
|turn|11
|
|switch|p2a: Swampert|Swampert, M|403\/403
|-damage|p2a: Swampert|378\/403|[from] Stealth Rock
|cant|p1a: Snorlax|slp
|move|p1a: Snorlax|Sleep Talk|p1a: Snorlax
|move|p1a: Snorlax|Rest|p1a: Snorlax|[from]Sleep Talk
|-fail|p1a: Snorlax
|
|-heal|p2a: Swampert|403\/403|[from] item: Leftovers
|turn|12
|
|move|p2a: Swampert|Earthquake|p1a: Snorlax
|-damage|p1a: Snorlax|316\/497 slp
|cant|p1a: Snorlax|slp
|move|p1a: Snorlax|Sleep Talk|p1a: Snorlax
|move|p1a: Snorlax|Rest|p1a: Snorlax|[from]Sleep Talk
|-fail|p1a: Snorlax
|
|-heal|p1a: Snorlax|347\/497 slp|[from] item: Leftovers
|turn|13
|
|switch|p1a: Chesnaught|Chesnaught, M|380\/380
|-damage|p1a: Chesnaught|357\/380|[from] Stealth Rock
|move|p2a: Swampert|Superpower|p1a: Chesnaught
|-damage|p1a: Chesnaught|270\/380
|-unboost|p2a: Swampert|atk|1
|-unboost|p2a: Swampert|def|1
|
|-heal|p1a: Chesnaught|293\/380|[from] item: Leftovers
|turn|14
|-message|Ren19 forfeited.
|
|win|CoolTrainerGary
|raw|Ladder updating...
|leave|Ren19
|player|p2
|raw|CoolTrainerGary's rating: 1473 &rarr; <strong>1487<\/strong><br \/>(+14 for winning)
|raw|Ren19's rating: 1372 &rarr; <strong>1358<\/strong><br \/>(-14 for losing)
|leave|CoolTrainerGary
|player|p1