|join|CoolTrainerGary
|join|Bl153
|player|p1|CoolTrainerGary|101
|player|p2|Bl153|262
|gametype|singles
|gen|6
|tier|UU
|rated
|rule|Sleep Clause Mod: Limit one foe put to sleep
|rule|Species Clause: Limit one of each Pokemon
|rule|OHKO Clause: OHKO moves are banned
|rule|Moody Clause: Moody is banned
|rule|Evasion Moves Clause: Evasion moves are banned
|rule|Endless Battle Clause: Forcing endless battles is banned.
|rule|HP Percentage Mod: HP is reported as percentages
|clearpoke
|poke|p1|Vaporeon, F
|poke|p1|Mienshao, F
|poke|p1|Empoleon, F
|poke|p1|Nidoking, M
|poke|p1|Bronzong
|poke|p1|Hydreigon, M
|poke|p2|Crobat, M
|poke|p2|Clawitzer, M
|poke|p2|Tangrowth, M
|poke|p2|Aggron, M
|poke|p2|Toxicroak, M
|poke|p2|Florges, F
|teampreview
|chat|Bl153|gl hf
|chat|Bl153|wait a minute... we battled yesterday right?
|chat|Bl153|SUPPPP
|chat|CoolTrainerGary|idk
|chat|CoolTrainerGary|u2
|
|start
|switch|p1a: Kung Fu Pussy|Mienshao, F|271\/271
|switch|p2a: Standard :p|Crobat, M|311\/311
|turn|1
|chat|CoolTrainerGary|u used this team?
|chat|Bl153|Think so
|
|move|p1a: Kung Fu Pussy|U-turn|p2a: Standard :p
|-resisted|p2a: Standard :p
|-damage|p2a: Standard :p|286\/311
|chat|CoolTrainerGary|ya i remeber the clawitzer
|
|switch|p1a: Pengwin|Empoleon, F|342\/342
|move|p2a: Standard :p|U-turn|p1a: Pengwin
|-resisted|p1a: Pengwin
|-damage|p1a: Pengwin|288\/342
|
|switch|p2a: Dr. Claw|Clawitzer, M|346\/346
|
|turn|2
|chat|CoolTrainerGary|o ya now i remeber ur the guy that uses bts toxicroak
|chat|Bl153|Hehe YEP u caught me XD
|chat|CoolTrainerGary|clawitzer rapes this team :(
|
|switch|p1a: Wet Pussy|Vaporeon, F|464\/464
|move|p2a: Dr. Claw|Aura Sphere|p1a: Wet Pussy
|-damage|p1a: Wet Pussy|252\/464
|
|-heal|p1a: Wet Pussy|281\/464|[from] item: Leftovers
|turn|3
|
|switch|p2a: Thanks BT :)|Toxicroak, M|370\/370
|move|p1a: Wet Pussy|Wish|p1a: Wet Pussy
|
|-heal|p1a: Wet Pussy|310\/464|[from] item: Leftovers
|turn|4
|
|move|p1a: Wet Pussy|Protect|p1a: Wet Pussy
|-singleturn|p1a: Wet Pussy|Protect
|move|p2a: Thanks BT :)|Knock Off|p1a: Wet Pussy
|-activate|p1a: Wet Pussy|Protect
|
|-heal|p1a: Wet Pussy|464\/464|[from] move: Wish|[wisher] Wet Pussy
|turn|5
|
|move|p2a: Thanks BT :)|Knock Off|p1a: Wet Pussy
|-damage|p1a: Wet Pussy|351\/464
|-enditem|p1a: Wet Pussy|Leftovers|[from] move: Knock Off|[of] p2a: Thanks BT :)
|move|p1a: Wet Pussy|Wish|p1a: Wet Pussy
|
|turn|6
|
|switch|p1a: Horny|Nidoking, M|304\/304
|move|p2a: Thanks BT :)|Gunk Shot|p1a: Horny
|-resisted|p1a: Horny
|-damage|p1a: Horny|244\/304
|
|-heal|p1a: Horny|304\/304|[from] move: Wish|[wisher] Wet Pussy
|turn|7
|
|switch|p2a: Standard :p|Crobat, M|286\/311
|move|p1a: Horny|Substitute|p1a: Horny
|-start|p1a: Horny|Substitute
|-damage|p1a: Horny|228\/304
|
|turn|8
|
|move|p2a: Standard :p|Brave Bird|p1a: Horny
|-crit|p1a: Horny
|-damage|p1a: Horny|0 fnt
|-damage|p2a: Standard :p|211\/311|[from] recoil|[of] p1a: Horny
|faint|p1a: Horny
|
|chat|CoolTrainerGary|infiltrator.... 
|chat|CoolTrainerGary|damn
|chat|Bl153|Yep I <3 it XD
|
|switch|p1a: ugly|Hydreigon, M|325\/325
|turn|9
|
|switch|p2a: Im 2 Good|Florges, F|360\/360
|switch|p1a: Liberty Bell|Bronzong|338\/338
|
|turn|10
|
|move|p2a: Im 2 Good|Wish|p2a: Im 2 Good
|move|p1a: Liberty Bell|Stealth Rock|p2a: Im 2 Good
|-sidestart|p2: Bl153|move: Stealth Rock
|
|turn|11
|chat|CoolTrainerGary|that screwed me
|
|switch|p2a: Dr. Claw|Clawitzer, M|346\/346
|-damage|p2a: Dr. Claw|303\/346|[from] Stealth Rock
|move|p1a: Liberty Bell|Toxic|p2a: Dr. Claw
|-status|p2a: Dr. Claw|tox
|
|-heal|p2a: Dr. Claw|346\/346 tox|[from] move: Wish|[wisher] Im 2 Good
|-damage|p2a: Dr. Claw|325\/346 tox|[from] psn
|turn|12
|
|switch|p1a: ugly|Hydreigon, M|325\/325
|move|p2a: Dr. Claw|Dark Pulse|p1a: ugly
|-resisted|p1a: ugly
|-damage|p1a: ugly|202\/325
|
|-damage|p2a: Dr. Claw|283\/346 tox|[from] psn
|turn|13
|
|move|p1a: ugly|Earthquake|p2a: Dr. Claw
|-damage|p2a: Dr. Claw|108\/346 tox
|move|p2a: Dr. Claw|Dark Pulse|p1a: ugly
|-resisted|p1a: ugly
|-damage|p1a: ugly|86\/325
|
|-damage|p2a: Dr. Claw|45\/346 tox|[from] psn
|turn|14
|
|switch|p2a: Im 2 Good|Florges, F|360\/360
|-damage|p2a: Im 2 Good|315\/360|[from] Stealth Rock
|move|p1a: ugly|Earthquake|p2a: Im 2 Good
|-damage|p2a: Im 2 Good|137\/360
|
|-heal|p2a: Im 2 Good|159\/360|[from] item: Leftovers
|turn|15
|
|move|p2a: Im 2 Good|Protect|p2a: Im 2 Good
|-singleturn|p2a: Im 2 Good|Protect
|move|p1a: ugly|Earthquake|p2a: Im 2 Good
|-activate|p2a: Im 2 Good|Protect
|
|-heal|p2a: Im 2 Good|181\/360|[from] item: Leftovers
|turn|16
|chat|Bl153|CB... Ok then
|
|switch|p1a: Pengwin|Empoleon, F|288\/342
|move|p2a: Im 2 Good|Wish|p2a: Im 2 Good
|
|-heal|p2a: Im 2 Good|203\/360|[from] item: Leftovers
|turn|17
|
|move|p1a: Pengwin|Flash Cannon|p2a: Im 2 Good
|-supereffective|p2a: Im 2 Good
|-damage|p2a: Im 2 Good|17\/360
|move|p2a: Im 2 Good|Aromatherapy|p2a: Im 2 Good
|-cureteam|p2a: Im 2 Good|[from] move: Aromatherapy
|
|-heal|p2a: Im 2 Good|197\/360|[from] move: Wish|[wisher] Im 2 Good
|-heal|p2a: Im 2 Good|219\/360|[from] item: Leftovers
|turn|18
|
|move|p2a: Im 2 Good|Protect|p2a: Im 2 Good
|-singleturn|p2a: Im 2 Good|Protect
|move|p1a: Pengwin|Flash Cannon|p2a: Im 2 Good
|-activate|p2a: Im 2 Good|Protect
|
|-heal|p2a: Im 2 Good|241\/360|[from] item: Leftovers
|turn|19
|
|switch|p2a: Jungle Fever|Tangrowth, M|390\/390
|-damage|p2a: Jungle Fever|342\/390|[from] Stealth Rock
|move|p1a: Pengwin|Hydro Pump|p2a: Jungle Fever
|-crit|p2a: Jungle Fever
|-resisted|p2a: Jungle Fever
|-damage|p2a: Jungle Fever|189\/390
|
|turn|20
|
|move|p1a: Pengwin|Ice Beam|p2a: Jungle Fever
|-supereffective|p2a: Jungle Fever
|-damage|p2a: Jungle Fever|0 fnt
|faint|p2a: Jungle Fever
|
|
|switch|p2a: Thanks BT :)|Toxicroak, M|370\/370
|-damage|p2a: Thanks BT :)|347\/370|[from] Stealth Rock
|turn|21
|
|move|p2a: Thanks BT :)|Drain Punch|p1a: Pengwin
|-supereffective|p1a: Pengwin
|-damage|p1a: Pengwin|0 fnt
|-heal|p2a: Thanks BT :)|370\/370|[from] drain|[of] p1a: Pengwin
|faint|p1a: Pengwin
|
|
|switch|p1a: ugly|Hydreigon, M|86\/325
|turn|22
|
|switch|p2a: Standard :p|Crobat, M|211\/311
|-damage|p2a: Standard :p|134\/311|[from] Stealth Rock
|move|p1a: ugly|Crunch|p2a: Standard :p
|-damage|p2a: Standard :p|0 fnt
|faint|p2a: Standard :p
|
|
|switch|p2a: Too Bulky?...|Aggron, M|344\/344
|-damage|p2a: Too Bulky?...|323\/344|[from] Stealth Rock
|turn|23
|
|switch|p1a: Wet Pussy|Vaporeon, F|351\/464
|switch|p2a: Thanks BT :)|Toxicroak, M|370\/370
|-damage|p2a: Thanks BT :)|347\/370|[from] Stealth Rock
|
|turn|24
|
|switch|p1a: Liberty Bell|Bronzong|338\/338
|move|p2a: Thanks BT :)|Drain Punch|p1a: Liberty Bell
|-damage|p1a: Liberty Bell|226\/338
|-heal|p2a: Thanks BT :)|370\/370|[from] drain|[of] p1a: Liberty Bell
|
|-heal|p1a: Liberty Bell|247\/338|[from] item: Leftovers
|turn|25
|chat|CoolTrainerGary|toxicroak to good :(
|chat|Bl153|It really is
|chat|CoolTrainerGary|u got ice punch too?
|
|move|p2a: Thanks BT :)|Knock Off|p1a: Liberty Bell
|-supereffective|p1a: Liberty Bell
|-damage|p1a: Liberty Bell|69\/338
|-enditem|p1a: Liberty Bell|Leftovers|[from] move: Knock Off|[of] p2a: Thanks BT :)
|move|p1a: Liberty Bell|Earthquake|p2a: Thanks BT :)
|-supereffective|p2a: Thanks BT :)
|-damage|p2a: Thanks BT :)|162\/370
|
|turn|26
|
|move|p2a: Thanks BT :)|Drain Punch|p1a: Liberty Bell
|-damage|p1a: Liberty Bell|0 fnt
|-heal|p2a: Thanks BT :)|197\/370|[from] drain|[of] p1a: Liberty Bell
|faint|p1a: Liberty Bell
|
|
|switch|p1a: ugly|Hydreigon, M|86\/325
|turn|27
|
|switch|p2a: Dr. Claw|Clawitzer, M|45\/346
|-damage|p2a: Dr. Claw|2\/346|[from] Stealth Rock
|move|p1a: ugly|Earthquake|p2a: Dr. Claw
|-damage|p2a: Dr. Claw|0 fnt
|faint|p2a: Dr. Claw
|
|
|switch|p2a: Too Bulky?...|Aggron, M|323\/344
|-damage|p2a: Too Bulky?...|302\/344|[from] Stealth Rock
|turn|28
|
|switch|p1a: Kung Fu Pussy|Mienshao, F|271\/271
|-formechange|p2a: Too Bulky?...|Aggron-Mega
|message|Aggron has Mega Evolved into Mega Aggron!
|move|p2a: Too Bulky?...|Thunder Wave|p1a: Kung Fu Pussy
|-status|p1a: Kung Fu Pussy|par
|
|turn|29
|chat|Bl153|Hmmmm maybe
|
|move|p2a: Too Bulky?...|Heavy Slam|p1a: Kung Fu Pussy
|-damage|p1a: Kung Fu Pussy|0 fnt
|faint|p1a: Kung Fu Pussy
|
|
|switch|p1a: Wet Pussy|Vaporeon, F|351\/464
|turn|30
|
|switch|p1a: ugly|Hydreigon, M|86\/325
|switch|p2a: Thanks BT :)|Toxicroak, M|197\/370
|-damage|p2a: Thanks BT :)|174\/370|[from] Stealth Rock
|
|turn|31
|
|switch|p2a: Im 2 Good|Florges, F|241\/360
|-damage|p2a: Im 2 Good|196\/360|[from] Stealth Rock
|move|p1a: ugly|Earthquake|p2a: Im 2 Good
|-damage|p2a: Im 2 Good|27\/360
|
|-heal|p2a: Im 2 Good|49\/360|[from] item: Leftovers
|turn|32
|
|move|p2a: Im 2 Good|Protect|p2a: Im 2 Good
|-singleturn|p2a: Im 2 Good|Protect
|move|p1a: ugly|Earthquake|p2a: Im 2 Good
|-activate|p2a: Im 2 Good|Protect
|
|-heal|p2a: Im 2 Good|71\/360|[from] item: Leftovers
|turn|33
|
|move|p1a: ugly|Earthquake|p2a: Im 2 Good
|-damage|p2a: Im 2 Good|0 fnt
|faint|p2a: Im 2 Good
|
|
|switch|p2a: Too Bulky?...|Aggron, M|302\/344
|-formechange|p2a: Too Bulky?...|Aggron-Mega
|-damage|p2a: Too Bulky?...|281\/344|[from] Stealth Rock
|turn|34
|
|move|p1a: ugly|Earthquake|p2a: Too Bulky?...
|-supereffective|p2a: Too Bulky?...
|-damage|p2a: Too Bulky?...|178\/344
|move|p2a: Too Bulky?...|Thunder Wave|p1a: ugly
|-status|p1a: ugly|par
|
|turn|35
|chat|CoolTrainerGary|lol 30%
|
|move|p2a: Too Bulky?...|Heavy Slam|p1a: ugly
|-damage|p1a: ugly|0 fnt
|faint|p1a: ugly
|
|
|switch|p1a: Wet Pussy|Vaporeon, F|351\/464
|turn|36
|chat|Bl153|TOO bulky
|chat|Bl153|like it says and thats no defense evs
|
|move|p1a: Wet Pussy|Scald|p2a: Too Bulky?...
|-damage|p2a: Too Bulky?...|85\/344
|move|p2a: Too Bulky?...|Thunder Wave|p1a: Wet Pussy
|-status|p1a: Wet Pussy|par
|
|turn|37
|chat|CoolTrainerGary|:o
|
|switch|p2a: Thanks BT :)|Toxicroak, M|174\/370
|-damage|p2a: Thanks BT :)|151\/370|[from] Stealth Rock
|cant|p1a: Wet Pussy|par
|
|turn|38
|chat|CoolTrainerGary|gg
|chat|Bl153|gg
|
|move|p2a: Thanks BT :)|Drain Punch|p1a: Wet Pussy
|-damage|p1a: Wet Pussy|222\/464 par
|-heal|p2a: Thanks BT :)|216\/370|[from] drain|[of] p1a: Wet Pussy
|move|p1a: Wet Pussy|Scald|p2a: Thanks BT :)
|-heal|p2a: Thanks BT :)|308\/370|[from] ability: Dry Skin|[of] p1a: Wet Pussy
|
|turn|39
|
|move|p2a: Thanks BT :)|Gunk Shot|p1a: Wet Pussy
|-damage|p1a: Wet Pussy|27\/464 par
|move|p1a: Wet Pussy|Toxic|p2a: Thanks BT :)
|-fail|p2a: Thanks BT :)
|
|turn|40
|
|move|p2a: Thanks BT :)|Drain Punch|p1a: Wet Pussy
|-damage|p1a: Wet Pussy|0 fnt
|-heal|p2a: Thanks BT :)|322\/370|[from] drain|[of] p1a: Wet Pussy
|faint|p1a: Wet Pussy
|
|win|Bl153
|raw|Ladder updating...
|chat|Bl153|gg man
|raw|CoolTrainerGary's rating: 1466 &rarr; <strong>1441<\/strong><br \/>(-25 for losing)
|raw|Bl153's rating: 1376 &rarr; <strong>1401<\/strong><br \/>(+25 for winning)
|chat|CoolTrainerGary|y bt y :((
|chat|CoolTrainerGary|u too
|leave|CoolTrainerGary
|player|p1
|chat|Bl153|Lol yes y indeed