|join|CoolTrainerGary
|join|Torterrakion
|player|p1|CoolTrainerGary|101
|player|p2|Torterrakion|163
|gametype|singles
|gen|6
|tier|UU
|rated
|rule|Sleep Clause Mod: Limit one foe put to sleep
|rule|Species Clause: Limit one of each PokÃ©mon
|rule|OHKO Clause: OHKO moves are banned
|rule|Moody Clause: Moody is banned
|rule|Evasion Moves Clause: Evasion moves are banned
|rule|Endless Battle Clause: Forcing endless battles is banned
|rule|HP Percentage Mod: HP is shown in percentages
|clearpoke
|poke|p1|Chesnaught, M
|poke|p1|Raikou
|poke|p1|Empoleon, M
|poke|p1|Suicune
|poke|p1|Shaymin
|poke|p1|Cresselia, F
|poke|p2|Aggron, M
|poke|p2|Gligar, M
|poke|p2|Vaporeon, F
|poke|p2|Cresselia, F
|poke|p2|Whimsicott, F
|poke|p2|Zygarde
|rule|Swagger Clause: Swagger is banned
|rule|Baton Pass Clause: Limit one PokÃ©mon knowing Baton Pass
|teampreview
|
|start
|switch|p1a: Suicune|Suicune|341\/341
|switch|p2a: Whimsicott|Whimsicott, F|324\/324
|-ability|p1a: Suicune|Pressure
|turn|1
|
|switch|p1a: Empoleon|Empoleon, M|372\/372
|move|p2a: Whimsicott|Taunt|p1a: Empoleon
|-start|p1a: Empoleon|move: Taunt
|
|turn|2
|
|move|p2a: Whimsicott|Leech Seed|p1a: Empoleon
|-start|p1a: Empoleon|move: Leech Seed
|move|p1a: Empoleon|Scald|p2a: Whimsicott
|-resisted|p2a: Whimsicott
|-damage|p2a: Whimsicott|280\/324
|
|-heal|p2a: Whimsicott|300\/324|[from] item: Leftovers
|-damage|p1a: Empoleon|326\/372|[from] Leech Seed|[of] p2a: Whimsicott
|-heal|p2a: Whimsicott|324\/324|[silent]
|turn|3
|
|switch|p1a: Shaymin|Shaymin|341\/341
|move|p2a: Whimsicott|Substitute|p2a: Whimsicott
|-start|p2a: Whimsicott|Substitute
|-damage|p2a: Whimsicott|243\/324
|
|-heal|p2a: Whimsicott|263\/324|[from] item: Leftovers
|turn|4
|
|move|p1a: Shaymin|Psychic|p2a: Whimsicott
|-activate|p2a: Whimsicott|Substitute|[damage]
|move|p2a: Whimsicott|Giga Drain|p1a: Shaymin
|-resisted|p1a: Shaymin
|-damage|p1a: Shaymin|307\/341
|-heal|p2a: Whimsicott|280\/324|[from] drain|[of] p1a: Shaymin
|
|-heal|p2a: Whimsicott|300\/324|[from] item: Leftovers
|turn|5
|
|move|p1a: Shaymin|Psychic|p2a: Whimsicott
|-end|p2a: Whimsicott|Substitute
|move|p2a: Whimsicott|Giga Drain|p1a: Shaymin
|-resisted|p1a: Shaymin
|-damage|p1a: Shaymin|271\/341
|-heal|p2a: Whimsicott|318\/324|[from] drain|[of] p1a: Shaymin
|
|-heal|p2a: Whimsicott|324\/324|[from] item: Leftovers
|turn|6
|
|switch|p1a: Cresselia|Cresselia, F|444\/444
|move|p2a: Whimsicott|Giga Drain|p1a: Cresselia
|-damage|p1a: Cresselia|389\/444
|
|-heal|p1a: Cresselia|416\/444|[from] item: Leftovers
|turn|7
|
|move|p2a: Whimsicott|Taunt|p1a: Cresselia
|-start|p1a: Cresselia|move: Taunt
|move|p1a: Cresselia|Psychic|p2a: Whimsicott
|-damage|p2a: Whimsicott|251\/324
|
|-heal|p2a: Whimsicott|271\/324|[from] item: Leftovers
|-heal|p1a: Cresselia|443\/444|[from] item: Leftovers
|turn|8
|
|switch|p1a: Chesnaught|Chesnaught, M|318\/318
|move|p2a: Whimsicott|Leech Seed|p1a: Chesnaught
|-immune|p1a: Chesnaught|[msg]
|
|-heal|p2a: Whimsicott|291\/324|[from] item: Leftovers
|turn|9
|
|switch|p2a: Gligar|Gligar, M|334\/334
|move|p1a: Chesnaught|Stone Edge|p2a: Gligar
|-damage|p2a: Gligar|278\/334
|
|turn|10
|
|move|p1a: Chesnaught|Swords Dance|p1a: Chesnaught
|-boost|p1a: Chesnaught|atk|2
|move|p2a: Gligar|Toxic|p1a: Chesnaught
|-status|p1a: Chesnaught|tox
|
|-damage|p1a: Chesnaught|299\/318 tox|[from] psn
|turn|11
|
|move|p1a: Chesnaught|Swords Dance|p1a: Chesnaught
|-boost|p1a: Chesnaught|atk|2
|move|p2a: Gligar|Earthquake|p1a: Chesnaught
|-crit|p1a: Chesnaught
|-resisted|p1a: Chesnaught
|-damage|p1a: Chesnaught|236\/318 tox
|
|-heal|p1a: Chesnaught|255\/318 tox|[from] item: Leftovers
|-damage|p1a: Chesnaught|217\/318 tox|[from] psn
|turn|12
|
|move|p1a: Chesnaught|Wood Hammer|p2a: Gligar
|-damage|p2a: Gligar|10\/334
|-damage|p1a: Chesnaught|129\/318 tox|[from] recoil|[of] p2a: Gligar
|move|p2a: Gligar|Roost|p2a: Gligar
|-heal|p2a: Gligar|177\/334
|
|-heal|p1a: Chesnaught|148\/318 tox|[from] item: Leftovers
|-damage|p1a: Chesnaught|91\/318 tox|[from] psn
|turn|13
|
|move|p1a: Chesnaught|Stone Edge|p2a: Gligar
|-crit|p2a: Gligar
|-damage|p2a: Gligar|0 fnt
|faint|p2a: Gligar
|
|-heal|p1a: Chesnaught|110\/318 tox|[from] item: Leftovers
|-damage|p1a: Chesnaught|34\/318 tox|[from] psn
|
|switch|p2a: Whimsicott|Whimsicott, F|291\/324
|turn|14
|
|switch|p1a: Empoleon|Empoleon, M|326\/372
|move|p2a: Whimsicott|Substitute|p2a: Whimsicott
|-start|p2a: Whimsicott|Substitute
|-damage|p2a: Whimsicott|210\/324
|
|-heal|p2a: Whimsicott|230\/324|[from] item: Leftovers
|-heal|p1a: Empoleon|349\/372|[from] item: Leftovers
|turn|15
|
|move|p2a: Whimsicott|Taunt|p1a: Empoleon
|-start|p1a: Empoleon|move: Taunt
|move|p1a: Empoleon|Scald|p2a: Whimsicott
|-resisted|p2a: Whimsicott
|-activate|p2a: Whimsicott|Substitute|[damage]
|
|-heal|p2a: Whimsicott|250\/324|[from] item: Leftovers
|-heal|p1a: Empoleon|372\/372|[from] item: Leftovers
|turn|16
|
|switch|p1a: Shaymin|Shaymin|271\/341
|move|p2a: Whimsicott|Giga Drain|p1a: Shaymin
|-resisted|p1a: Shaymin
|-damage|p1a: Shaymin|235\/341
|-heal|p2a: Whimsicott|268\/324|[from] drain|[of] p1a: Shaymin
|
|-heal|p2a: Whimsicott|288\/324|[from] item: Leftovers
|turn|17
|
|move|p1a: Shaymin|Psychic|p2a: Whimsicott
|-end|p2a: Whimsicott|Substitute
|move|p2a: Whimsicott|Giga Drain|p1a: Shaymin
|-resisted|p1a: Shaymin
|-damage|p1a: Shaymin|196\/341
|-heal|p2a: Whimsicott|308\/324|[from] drain|[of] p1a: Shaymin
|
|-heal|p2a: Whimsicott|324\/324|[from] item: Leftovers
|turn|18
|
|switch|p1a: Raikou|Raikou|321\/321
|-ability|p1a: Raikou|Pressure
|move|p2a: Whimsicott|Taunt|p1a: Raikou
|-start|p1a: Raikou|move: Taunt
|
|turn|19
|
|move|p2a: Whimsicott|Substitute|p2a: Whimsicott
|-start|p2a: Whimsicott|Substitute
|-damage|p2a: Whimsicott|243\/324
|move|p1a: Raikou|Hidden Power|p2a: Whimsicott
|-supereffective|p2a: Whimsicott
|-end|p2a: Whimsicott|Substitute
|
|-heal|p2a: Whimsicott|263\/324|[from] item: Leftovers
|turn|20
|
|switch|p2a: Vaporeon|Vaporeon, F|464\/464
|move|p1a: Raikou|Hidden Power|p2a: Vaporeon
|-resisted|p2a: Vaporeon
|-damage|p2a: Vaporeon|436\/464
|
|-heal|p2a: Vaporeon|464\/464|[from] item: Leftovers
|turn|21
|
|switch|p2a: Whimsicott|Whimsicott, F|263\/324
|move|p1a: Raikou|Volt Switch|p2a: Whimsicott
|-resisted|p2a: Whimsicott
|-damage|p2a: Whimsicott|218\/324
|
|switch|p1a: Empoleon|Empoleon, M|372\/372
|
|-heal|p2a: Whimsicott|238\/324|[from] item: Leftovers
|turn|22
|
|switch|p1a: Raikou|Raikou|321\/321
|-ability|p1a: Raikou|Pressure
|move|p2a: Whimsicott|Substitute|p2a: Whimsicott
|-start|p2a: Whimsicott|Substitute
|-damage|p2a: Whimsicott|157\/324
|
|-heal|p2a: Whimsicott|177\/324|[from] item: Leftovers
|turn|23
|
|move|p1a: Raikou|Hidden Power|p2a: Whimsicott
|-supereffective|p2a: Whimsicott
|-end|p2a: Whimsicott|Substitute
|move|p2a: Whimsicott|Giga Drain|p1a: Raikou
|-damage|p1a: Raikou|251\/321
|-heal|p2a: Whimsicott|212\/324|[from] drain|[of] p1a: Raikou
|
|-heal|p1a: Raikou|271\/321|[from] item: Leftovers
|-heal|p2a: Whimsicott|232\/324|[from] item: Leftovers
|turn|24
|
|switch|p2a: Cresselia|Cresselia, F|444\/444
|move|p1a: Raikou|Hidden Power|p2a: Cresselia
|-crit|p2a: Cresselia
|-damage|p2a: Cresselia|386\/444
|
|-heal|p1a: Raikou|291\/321|[from] item: Leftovers
|turn|25
|
|move|p1a: Raikou|Volt Switch|p2a: Cresselia
|-damage|p2a: Cresselia|317\/444
|
|switch|p1a: Empoleon|Empoleon, M|372\/372
|move|p2a: Cresselia|Light Screen|p2a: Cresselia
|-sidestart|p2: Torterrakion|move: Light Screen
|
|turn|26
|
|switch|p2a: Zygarde|Zygarde|420\/420
|-ability|p2a: Zygarde|Aura Break
|move|p1a: Empoleon|Scald|p2a: Zygarde
|-damage|p2a: Zygarde|368\/420
|-status|p2a: Zygarde|brn
|
|-heal|p2a: Zygarde|394\/420 brn|[from] item: Leftovers
|-damage|p2a: Zygarde|342\/420 brn|[from] brn
|turn|27
|
|switch|p2a: Vaporeon|Vaporeon, F|464\/464
|move|p1a: Empoleon|Defog|p2a: Vaporeon
|-unboost|p2a: Vaporeon|evasion|1
|-sideend|p2: Torterrakion|move: Light Screen
|-sideend|p2: Torterrakion|Light Screen|[from] move: Defog|[of] p2a: Vaporeon
|
|turn|28
|
|move|p2a: Vaporeon|Heal Bell|p2a: Vaporeon
|-cureteam|p2a: Vaporeon|[from] move: HealBell
|move|p1a: Empoleon|Stealth Rock|p2a: Vaporeon
|-sidestart|p2: Torterrakion|move: Stealth Rock
|
|turn|29
|
|switch|p1a: Suicune|Suicune|341\/341
|-ability|p1a: Suicune|Pressure
|move|p2a: Vaporeon|Scald|p1a: Suicune
|-resisted|p1a: Suicune
|-damage|p1a: Suicune|292\/341
|
|turn|30
|
|move|p1a: Suicune|Calm Mind|p1a: Suicune
|-boost|p1a: Suicune|spa|1
|-boost|p1a: Suicune|spd|1
|move|p2a: Vaporeon|Scald|p1a: Suicune
|-resisted|p1a: Suicune
|-damage|p1a: Suicune|262\/341
|
|turn|31
|
|switch|p2a: Whimsicott|Whimsicott, F|232\/324
|-damage|p2a: Whimsicott|192\/324|[from] Stealth Rock
|move|p1a: Suicune|Calm Mind|p1a: Suicune
|-boost|p1a: Suicune|spa|1
|-boost|p1a: Suicune|spd|1
|
|-heal|p2a: Whimsicott|212\/324|[from] item: Leftovers
|turn|32
|
|move|p2a: Whimsicott|Leech Seed|p1a: Suicune
|-start|p1a: Suicune|move: Leech Seed
|move|p1a: Suicune|Ice Beam|p2a: Whimsicott
|-supereffective|p2a: Whimsicott
|-damage|p2a: Whimsicott|0 fnt
|-damage|p1a: Suicune|228\/341|[from] item: Life Orb
|faint|p2a: Whimsicott
|
|
|switch|p2a: Vaporeon|Vaporeon, F|464\/464
|-damage|p2a: Vaporeon|406\/464|[from] Stealth Rock
|turn|33
|
|switch|p1a: Shaymin|Shaymin|196\/341
|move|p2a: Vaporeon|Scald|p1a: Shaymin
|-crit|p1a: Shaymin
|-resisted|p1a: Shaymin
|-damage|p1a: Shaymin|124\/341
|
|-heal|p2a: Vaporeon|435\/464|[from] item: Leftovers
|turn|34
|
|move|p2a: Vaporeon|Protect|p2a: Vaporeon
|-singleturn|p2a: Vaporeon|Protect
|move|p1a: Shaymin|Healing Wish|p1a: Shaymin
|faint|p1a: Shaymin
|
|-heal|p2a: Vaporeon|464\/464|[from] item: Leftovers
|
|switch|p1a: Chesnaught|Chesnaught, M|34\/318 tox
|-heal|p1a: Chesnaught|318\/318|[from] move: Healing Wish
|turn|35
|
|switch|p2a: Cresselia|Cresselia, F|317\/444
|-damage|p2a: Cresselia|262\/444|[from] Stealth Rock
|move|p1a: Chesnaught|Swords Dance|p1a: Chesnaught
|-boost|p1a: Chesnaught|atk|2
|
|turn|36
|
|move|p1a: Chesnaught|Wood Hammer|p2a: Cresselia
|-damage|p2a: Cresselia|0 fnt
|-damage|p1a: Chesnaught|232\/318|[from] recoil|[of] p2a: Cresselia
|faint|p2a: Cresselia
|
|-heal|p1a: Chesnaught|251\/318|[from] item: Leftovers
|
|switch|p2a: Zygarde|Zygarde|342\/420
|-damage|p2a: Zygarde|316\/420|[from] Stealth Rock
|-ability|p2a: Zygarde|Aura Break
|turn|37
|
|move|p1a: Chesnaught|Wood Hammer|p2a: Zygarde
|-damage|p2a: Zygarde|60\/420
|-damage|p1a: Chesnaught|167\/318|[from] recoil|[of] p2a: Zygarde
|move|p2a: Zygarde|Dragon Tail|p1a: Chesnaught
|-damage|p1a: Chesnaught|110\/318
|drag|p1a: Raikou|Raikou|291\/321
|-ability|p1a: Raikou|Pressure
|
|-heal|p1a: Raikou|311\/321|[from] item: Leftovers
|-heal|p2a: Zygarde|86\/420|[from] item: Leftovers
|turn|38
|
|move|p1a: Raikou|Extrasensory|p2a: Zygarde
|-damage|p2a: Zygarde|0 fnt
|faint|p2a: Zygarde
|
|-heal|p1a: Raikou|321\/321|[from] item: Leftovers
|
|switch|p2a: Aggron|Aggron, M|344\/344
|-damage|p2a: Aggron|323\/344|[from] Stealth Rock
|turn|39
|
|detailschange|p2a: Aggron|Aggron-Mega, M
|message|Aggron has Mega Evolved into Mega Aggron!
|move|p1a: Raikou|Volt Switch|p2a: Aggron
|-damage|p2a: Aggron|218\/344
|
|switch|p1a: Chesnaught|Chesnaught, M|110\/318
|move|p2a: Aggron|Curse|p2a: Aggron
|-boost|p2a: Aggron|atk|1
|-boost|p2a: Aggron|def|1
|-unboost|p2a: Aggron|spe|1
|
|-heal|p1a: Chesnaught|129\/318|[from] item: Leftovers
|turn|40
|
|move|p1a: Chesnaught|Swords Dance|p1a: Chesnaught
|-boost|p1a: Chesnaught|atk|2
|move|p2a: Aggron|Heavy Slam|p1a: Chesnaught
|-damage|p1a: Chesnaught|0 fnt
|faint|p1a: Chesnaught
|
|
|switch|p1a: Suicune|Suicune|228\/341
|-ability|p1a: Suicune|Pressure
|turn|41
|
|switch|p1a: Raikou|Raikou|321\/321
|-ability|p1a: Raikou|Pressure
|move|p2a: Aggron|Curse|p2a: Aggron
|-boost|p2a: Aggron|atk|1
|-boost|p2a: Aggron|def|1
|-unboost|p2a: Aggron|spe|1
|
|turn|42
|
|move|p1a: Raikou|Volt Switch|p2a: Aggron
|-damage|p2a: Aggron|119\/344
|
|switch|p1a: Empoleon|Empoleon, M|372\/372
|move|p2a: Aggron|Rest|p2a: Aggron
|-status|p2a: Aggron|slp
|-heal|p2a: Aggron|344\/344 slp|[silent]
|-status|p2a: Aggron|slp|[from] move: Rest
|
|turn|43
|
|cant|p2a: Aggron|slp
|move|p2a: Aggron|Sleep Talk|p2a: Aggron
|move|p2a: Aggron|Rest|p2a: Aggron|[from]Sleep Talk
|-fail|p2a: Aggron
|move|p1a: Empoleon|Roar|p2a: Aggron
|drag|p2a: Vaporeon|Vaporeon, F|464\/464
|-damage|p2a: Vaporeon|406\/464|[from] Stealth Rock
|
|-heal|p2a: Vaporeon|435\/464|[from] item: Leftovers
|turn|44
|
|move|p2a: Vaporeon|Heal Bell|p2a: Vaporeon
|-cureteam|p2a: Vaporeon|[from] move: HealBell
|move|p1a: Empoleon|Roar|p2a: Vaporeon
|drag|p2a: Aggron|Aggron-Mega, M|344\/344
|-damage|p2a: Aggron|323\/344|[from] Stealth Rock
|
|turn|45
|
|switch|p2a: Vaporeon|Vaporeon, F|435\/464
|-damage|p2a: Vaporeon|377\/464|[from] Stealth Rock
|move|p1a: Empoleon|Scald|p2a: Vaporeon
|-heal|p2a: Vaporeon|464\/464|[from] ability: Water Absorb|[of] p1a: Empoleon
|
|turn|46
|
|switch|p1a: Raikou|Raikou|321\/321
|-ability|p1a: Raikou|Pressure
|move|p2a: Vaporeon|Scald|p1a: Raikou
|-crit|p1a: Raikou
|-damage|p1a: Raikou|177\/321
|
|-heal|p1a: Raikou|197\/321|[from] item: Leftovers
|turn|47
|
|move|p1a: Raikou|Thunderbolt|p2a: Vaporeon
|-supereffective|p2a: Vaporeon
|-damage|p2a: Vaporeon|204\/464
|move|p2a: Vaporeon|Scald|p1a: Raikou
|-damage|p1a: Raikou|98\/321
|-status|p1a: Raikou|brn
|
|-heal|p1a: Raikou|118\/321 brn|[from] item: Leftovers
|-heal|p2a: Vaporeon|233\/464|[from] item: Leftovers
|-damage|p1a: Raikou|78\/321 brn|[from] brn
|turn|48
|
|move|p1a: Raikou|Thunderbolt|p2a: Vaporeon
|-supereffective|p2a: Vaporeon
|-damage|p2a: Vaporeon|0 fnt
|faint|p2a: Vaporeon
|
|-heal|p1a: Raikou|98\/321 brn|[from] item: Leftovers
|-damage|p1a: Raikou|58\/321 brn|[from] brn
|
|switch|p2a: Aggron|Aggron-Mega, M|323\/344
|-damage|p2a: Aggron|302\/344|[from] Stealth Rock
|turn|49
|
|move|p1a: Raikou|Thunderbolt|p2a: Aggron
|-damage|p2a: Aggron|169\/344
|move|p2a: Aggron|Curse|p2a: Aggron
|-boost|p2a: Aggron|atk|1
|-boost|p2a: Aggron|def|1
|-unboost|p2a: Aggron|spe|1
|
|-heal|p1a: Raikou|78\/321 brn|[from] item: Leftovers
|-damage|p1a: Raikou|38\/321 brn|[from] brn
|turn|50
|
|move|p1a: Raikou|Thunderbolt|p2a: Aggron
|-damage|p2a: Aggron|46\/344
|move|p2a: Aggron|Rest|p2a: Aggron
|-status|p2a: Aggron|slp
|-heal|p2a: Aggron|344\/344 slp|[silent]
|-status|p2a: Aggron|slp|[from] move: Rest
|
|-heal|p1a: Raikou|58\/321 brn|[from] item: Leftovers
|-damage|p1a: Raikou|18\/321 brn|[from] brn
|turn|51
|
|move|p1a: Raikou|Thunderbolt|p2a: Aggron
|-damage|p2a: Aggron|224\/344 slp
|cant|p2a: Aggron|slp
|move|p2a: Aggron|Sleep Talk|p2a: Aggron
|move|p2a: Aggron|Heavy Slam|p1a: Raikou|[from]Sleep Talk
|-resisted|p1a: Raikou
|-damage|p1a: Raikou|0 fnt
|faint|p1a: Raikou
|
|
|switch|p1a: Suicune|Suicune|228\/341
|-ability|p1a: Suicune|Pressure
|turn|52
|
|move|p1a: Suicune|Calm Mind|p1a: Suicune
|-boost|p1a: Suicune|spa|1
|-boost|p1a: Suicune|spd|1
|cant|p2a: Aggron|slp
|move|p2a: Aggron|Sleep Talk|p2a: Aggron
|move|p2a: Aggron|Heavy Slam|p1a: Suicune|[from]Sleep Talk
|-resisted|p1a: Suicune
|-damage|p1a: Suicune|168\/341
|
|turn|53
|
|move|p1a: Suicune|Calm Mind|p1a: Suicune
|-boost|p1a: Suicune|spa|1
|-boost|p1a: Suicune|spd|1
|-curestatus|p2a: Aggron|slp
|move|p2a: Aggron|Rest|p2a: Aggron
|-status|p2a: Aggron|slp
|-heal|p2a: Aggron|344\/344 slp|[silent]
|-status|p2a: Aggron|slp|[from] move: Rest
|
|turn|54
|
|move|p1a: Suicune|Hydro Pump|p2a: Aggron|[miss]
|-miss|p1a: Suicune|p2a: Aggron
|cant|p2a: Aggron|slp
|move|p2a: Aggron|Sleep Talk|p2a: Aggron
|move|p2a: Aggron|Rest|p2a: Aggron|[from]Sleep Talk
|-fail|p2a: Aggron
|
|turn|55
|
|move|p1a: Suicune|Hydro Pump|p2a: Aggron|[miss]
|-miss|p1a: Suicune|p2a: Aggron
|cant|p2a: Aggron|slp
|move|p2a: Aggron|Sleep Talk|p2a: Aggron
|move|p2a: Aggron|Heavy Slam|p1a: Suicune|[from]Sleep Talk
|-resisted|p1a: Suicune
|-damage|p1a: Suicune|110\/341
|
|turn|56
|c|âCoolTrainerGary|pls no
|
|move|p1a: Suicune|Hydro Pump|p2a: Aggron
|-damage|p2a: Aggron|13\/344 slp
|-damage|p1a: Suicune|76\/341|[from] item: Life Orb
|-curestatus|p2a: Aggron|slp
|move|p2a: Aggron|Heavy Slam|p1a: Suicune
|-resisted|p1a: Suicune
|-damage|p1a: Suicune|18\/341
|
|turn|57
|
|move|p1a: Suicune|Ice Beam|p2a: Aggron
|-resisted|p2a: Aggron
|-damage|p2a: Aggron|0 fnt
|-damage|p1a: Suicune|0 fnt|[from] item: Life Orb
|faint|p2a: Aggron
|faint|p1a: Suicune
|
|win|CoolTrainerGary
|raw|Ladder updating...
|c|âCoolTrainerGary|gg
|leave|Torterrakion
|player|p2
|raw|CoolTrainerGary's rating: 1419 &rarr; <strong>1436<\/strong><br \/>(+17 for winning)
|raw|Torterrakion's rating: 1370 &rarr; <strong>1353<\/strong><br \/>(-17 for losing)