|join|LiberalLucario
|join|CoolTrainerGary
|player|p1|LiberalLucario|219
|player|p2|CoolTrainerGary|282
|gametype|singles
|gen|6
|tier|UU
|rated
|rule|Sleep Clause Mod: Limit one foe put to sleep
|rule|Species Clause: Limit one of each PokÃ©mon
|rule|OHKO Clause: OHKO moves are banned
|rule|Moody Clause: Moody is banned
|rule|Evasion Moves Clause: Evasion moves are banned
|rule|Endless Battle Clause: Forcing endless battles is banned
|rule|HP Percentage Mod: HP is shown in percentages
|clearpoke
|poke|p1|Victini
|poke|p1|Virizion
|poke|p1|Aerodactyl, F
|poke|p1|Swampert, M
|poke|p1|Florges, F
|poke|p1|Jirachi
|poke|p2|Abomasnow, F
|poke|p2|Vaporeon, M
|poke|p2|Druddigon, M
|poke|p2|Infernape, F
|poke|p2|Gligar, F
|poke|p2|Swampert, M
|rule|Swagger Clause: Swagger is banned
|rule|Baton Pass Clause: Limit one PokÃ©mon knowing Baton Pass
|teampreview
|
|start
|switch|p1a: Jirachi|Jirachi|341\/341
|switch|p2a: Quak|Swampert, M|393\/393
|turn|1
|
|move|p1a: Jirachi|U-turn|p2a: Quak
|-damage|p2a: Quak|310\/393
|
|switch|p1a: Virizion|Virizion|324\/324
|move|p2a: Quak|Ice Punch|p1a: Virizion
|-supereffective|p1a: Virizion
|-damage|p1a: Virizion|10\/324
|
|turn|2
|
|switch|p2a: Don't Do Drugs|Druddigon, M|358\/358
|-ability|p2a: Don't Do Drugs|Mold Breaker
|move|p1a: Virizion|Leaf Blade|p2a: Don't Do Drugs
|-resisted|p2a: Don't Do Drugs
|-damage|p2a: Don't Do Drugs|285\/358
|
|turn|3
|
|switch|p1a: Swampert|Swampert, M|404\/404
|move|p2a: Don't Do Drugs|Earthquake|p1a: Swampert
|-damage|p1a: Swampert|314\/404
|
|-heal|p1a: Swampert|339\/404|[from] item: Leftovers
|turn|4
|
|switch|p2a: President|Abomasnow, F|323\/323
|move|p1a: Swampert|Stealth Rock|p2a: President
|-sidestart|p2: CoolTrainerGary|move: Stealth Rock
|
|-heal|p1a: Swampert|364\/404|[from] item: Leftovers
|turn|5
|
|switch|p1a: Victini|Victini|341\/341
|detailschange|p2a: President|Abomasnow-Mega, F
|message|Abomasnow has Mega Evolved into Mega Abomasnow!
|-weather|Hail
|move|p2a: President|Earthquake|p1a: Victini
|-supereffective|p1a: Victini
|-damage|p1a: Victini|115\/341
|
|-weather|Hail|[upkeep]
|-damage|p1a: Victini|94\/341|[from] hail
|turn|6
|
|switch|p2a: Don't Do Drugs|Druddigon, M|285\/358
|-damage|p2a: Don't Do Drugs|241\/358|[from] Stealth Rock
|-ability|p2a: Don't Do Drugs|Mold Breaker
|move|p1a: Victini|V-create|p2a: Don't Do Drugs
|-resisted|p2a: Don't Do Drugs
|-damage|p2a: Don't Do Drugs|85\/358
|-unboost|p1a: Victini|def|1
|-unboost|p1a: Victini|spd|1
|-unboost|p1a: Victini|spe|1
|-damage|p1a: Victini|60\/341|[from] item: Life Orb
|
|-weather|Hail|[upkeep]
|-damage|p1a: Victini|39\/341|[from] hail
|-damage|p2a: Don't Do Drugs|63\/358|[from] hail
|turn|7
|
|switch|p1a: Swampert|Swampert, M|364\/404
|move|p2a: Don't Do Drugs|Sucker Punch|p1a: Swampert
|-fail|p1a: Swampert
|
|-weather|Hail|[upkeep]
|-damage|p1a: Swampert|339\/404|[from] hail
|-damage|p2a: Don't Do Drugs|41\/358|[from] hail
|-heal|p1a: Swampert|364\/404|[from] item: Leftovers
|turn|8
|
|move|p1a: Swampert|Scald|p2a: Don't Do Drugs
|-crit|p2a: Don't Do Drugs
|-resisted|p2a: Don't Do Drugs
|-damage|p2a: Don't Do Drugs|0 fnt
|faint|p2a: Don't Do Drugs
|
|-weather|Hail|[upkeep]
|-damage|p1a: Swampert|339\/404|[from] hail
|-heal|p1a: Swampert|364\/404|[from] item: Leftovers
|
|switch|p2a: pussydestroyer69|Gligar, F|334\/334
|-damage|p2a: pussydestroyer69|293\/334|[from] Stealth Rock
|turn|9
|
|move|p2a: pussydestroyer69|Stealth Rock|p1a: Swampert
|-sidestart|p1: LiberalLucario|move: Stealth Rock
|move|p1a: Swampert|Scald|p2a: pussydestroyer69
|-supereffective|p2a: pussydestroyer69
|-damage|p2a: pussydestroyer69|143\/334
|
|-weather|none
|-heal|p1a: Swampert|389\/404|[from] item: Leftovers
|turn|10
|
|switch|p2a: Catfish|Vaporeon, M|463\/463
|-damage|p2a: Catfish|406\/463|[from] Stealth Rock
|move|p1a: Swampert|Scald|p2a: Catfish
|-heal|p2a: Catfish|463\/463|[from] ability: Water Absorb|[of] p1a: Swampert
|
|-heal|p1a: Swampert|404\/404|[from] item: Leftovers
|turn|11
|join|YoungLegend
|
|switch|p1a: Florges|Florges, F|360\/360
|-damage|p1a: Florges|315\/360|[from] Stealth Rock
|move|p2a: Catfish|Toxic|p1a: Florges
|-status|p1a: Florges|tox
|
|-heal|p1a: Florges|337\/360 tox|[from] item: Leftovers
|-damage|p1a: Florges|315\/360 tox|[from] psn
|turn|12
|c| YoungLegend|hai luke
|c|âLiberalLucario|why tf do you have toxic 
|c|âLiberalLucario|lol
|c|âCoolTrainerGary|its standard vaporeon
|c|âLiberalLucario|no, standard vap is wish\/protect\/scald\/bp
|c|âLiberalLucario|or heal bell
|c|âLiberalLucario|not toxic lol
|c|âCoolTrainerGary|http:\/\/www.smogon.com\/dex\/bw\/pokemon\/vaporeon
|c|âCoolTrainerGary|look at wish support set
|join|XxYoungLegendXx
|
|move|p1a: Florges|Wish|p1a: Florges
|move|p2a: Catfish|Wish|p2a: Catfish
|
|-heal|p1a: Florges|337\/360 tox|[from] item: Leftovers
|-damage|p1a: Florges|293\/360 tox|[from] psn
|turn|13
|c|âLiberalLucario|where on there do you see toxic
|c|âCoolTrainerGary|the wish support set
|c|âLiberalLucario|ice beam \/ roar \/ toxic
|c|âCoolTrainerGary|the last set listed
|c|âCoolTrainerGary|yeah
|c|âLiberalLucario|that means toxic is def not standard
|c|âLiberalLucario|and also, that's gen 5
|c|âLiberalLucario|things have changed
|c|âCoolTrainerGary|it means its an option
|
|switch|p1a: Aerodactyl|Aerodactyl, F|331\/331
|-damage|p1a: Aerodactyl|249\/331|[from] Stealth Rock
|-ability|p1a: Aerodactyl|Pressure
|switch|p2a: pussydestroyer69|Gligar, F|143\/334
|-damage|p2a: pussydestroyer69|102\/334|[from] Stealth Rock
|
|-heal|p1a: Aerodactyl|331\/331|[from] move: Wish|[wisher] Florges
|-heal|p2a: pussydestroyer69|333\/334|[from] move: Wish|[wisher] Catfish
|turn|14
|c|âCoolTrainerGary|they dont have vap gen 6 analysis
|
|detailschange|p1a: Aerodactyl|Aerodactyl-Mega, F
|message|Aerodactyl has Mega Evolved into Mega Aerodactyl!
|move|p1a: Aerodactyl|Defog|p2a: pussydestroyer69
|-unboost|p2a: pussydestroyer69|evasion|1
|-sideend|p2: CoolTrainerGary|Stealth Rock|[from] move: Defog|[of] p2a: pussydestroyer69
|-sideend|p1: LiberalLucario|Stealth Rock|[from] move: Defog|[of] p1a: Aerodactyl
|move|p2a: pussydestroyer69|Stealth Rock|p1a: Aerodactyl
|-sidestart|p1: LiberalLucario|move: Stealth Rock
|
|turn|15
|c|âCoolTrainerGary|either way it worked on you and i have the clear advantage in this battle
|c|âLiberalLucario|let me find it for you
|c|âCoolTrainerGary|find what
|c|âCoolTrainerGary|just battle pls
|c|âLiberalLucario|eh toxic is still slashed on the gen 6 analysis
|
|switch|p2a: Quak|Swampert, M|310\/393
|move|p1a: Aerodactyl|Defog|p2a: Quak
|-unboost|p2a: Quak|evasion|1
|-sideend|p1: LiberalLucario|Stealth Rock|[from] move: Defog|[of] p1a: Aerodactyl
|
|turn|16
|
|switch|p1a: Swampert|Swampert, M|404\/404
|move|p2a: Quak|Waterfall|p1a: Swampert
|-damage|p1a: Swampert|244\/404
|
|-heal|p1a: Swampert|269\/404|[from] item: Leftovers
|turn|17
|
|switch|p2a: pussydestroyer69|Gligar, F|333\/334
|move|p1a: Swampert|Stealth Rock|p2a: pussydestroyer69
|-sidestart|p2: CoolTrainerGary|move: Stealth Rock
|
|-heal|p1a: Swampert|294\/404|[from] item: Leftovers
|turn|18
|
|move|p2a: pussydestroyer69|Stealth Rock|p1a: Swampert
|-sidestart|p1: LiberalLucario|move: Stealth Rock
|move|p1a: Swampert|Scald|p2a: pussydestroyer69
|-supereffective|p2a: pussydestroyer69
|-damage|p2a: pussydestroyer69|169\/334
|-status|p2a: pussydestroyer69|brn
|
|-heal|p1a: Swampert|319\/404|[from] item: Leftovers
|-damage|p2a: pussydestroyer69|128\/334 brn|[from] brn
|turn|19
|
|move|p2a: pussydestroyer69|Roost|p2a: pussydestroyer69
|-heal|p2a: pussydestroyer69|295\/334 brn
|move|p1a: Swampert|Roar|p2a: pussydestroyer69
|drag|p2a: Infernrape|Infernape, F|293\/293
|-damage|p2a: Infernrape|257\/293|[from] Stealth Rock
|
|-heal|p1a: Swampert|344\/404|[from] item: Leftovers
|turn|20
|
|switch|p1a: Virizion|Virizion|10\/324
|-damage|p1a: Virizion|0 fnt|[from] Stealth Rock
|faint|p1a: Virizion
|move|p2a: Infernrape|Grass Knot|p1: Virizion|[notarget]
|-notarget
|
|
|switch|p1a: Aerodactyl|Aerodactyl-Mega, F|331\/331
|-damage|p1a: Aerodactyl|249\/331|[from] Stealth Rock
|turn|21
|
|switch|p2a: Catfish|Vaporeon, M|463\/463
|-damage|p2a: Catfish|406\/463|[from] Stealth Rock
|move|p1a: Aerodactyl|Aerial Ace|p2a: Catfish
|-damage|p2a: Catfish|264\/463
|
|-heal|p2a: Catfish|292\/463|[from] item: Leftovers
|turn|22
|
|move|p1a: Aerodactyl|Defog|p2a: Catfish
|-unboost|p2a: Catfish|evasion|1
|-sideend|p2: CoolTrainerGary|Stealth Rock|[from] move: Defog|[of] p2a: Catfish
|-sideend|p1: LiberalLucario|Stealth Rock|[from] move: Defog|[of] p1a: Aerodactyl
|move|p2a: Catfish|Wish|p2a: Catfish
|
|-heal|p2a: Catfish|320\/463|[from] item: Leftovers
|turn|23
|
|switch|p1a: Florges|Florges, F|293\/360 tox
|switch|p2a: Quak|Swampert, M|310\/393
|
|-heal|p2a: Quak|393\/393|[from] move: Wish|[wisher] Catfish
|-heal|p1a: Florges|315\/360 tox|[from] item: Leftovers
|-damage|p1a: Florges|293\/360 tox|[from] psn
|turn|24
|
|switch|p1a: Swampert|Swampert, M|344\/404
|move|p2a: Quak|Earthquake|p1a: Swampert
|-damage|p1a: Swampert|133\/404
|
|-heal|p1a: Swampert|158\/404|[from] item: Leftovers
|turn|25
|
|switch|p2a: Catfish|Vaporeon, M|320\/463
|move|p1a: Swampert|Scald|p2a: Catfish
|-heal|p2a: Catfish|435\/463|[from] ability: Water Absorb|[of] p1a: Swampert
|
|-heal|p2a: Catfish|463\/463|[from] item: Leftovers
|-heal|p1a: Swampert|183\/404|[from] item: Leftovers
|turn|26
|
|switch|p1a: Florges|Florges, F|293\/360 tox
|move|p2a: Catfish|Scald|p1a: Florges
|-damage|p1a: Florges|238\/360 tox
|
|-heal|p1a: Florges|260\/360 tox|[from] item: Leftovers
|-damage|p1a: Florges|238\/360 tox|[from] psn
|turn|27
|
|switch|p2a: President|Abomasnow-Mega, F|323\/323
|-weather|Hail
|move|p1a: Florges|Aromatherapy|p1a: Florges
|-cureteam|p1a: Florges|[from] move: Aromatherapy
|
|-weather|Hail|[upkeep]
|-damage|p1a: Florges|216\/360|[from] hail
|-heal|p1a: Florges|238\/360|[from] item: Leftovers
|turn|28
|
|switch|p1a: Jirachi|Jirachi|341\/341
|move|p2a: President|Blizzard|p1a: Jirachi
|-resisted|p1a: Jirachi
|-damage|p1a: Jirachi|225\/341
|
|-weather|Hail|[upkeep]
|-damage|p1a: Jirachi|204\/341|[from] hail
|turn|29
|
|move|p1a: Jirachi|U-turn|p2a: President
|-supereffective|p2a: President
|-damage|p2a: President|161\/323
|
|switch|p1a: Aerodactyl|Aerodactyl-Mega, F|249\/331
|move|p2a: President|Giga Drain|p1a: Aerodactyl
|-damage|p1a: Aerodactyl|104\/331
|-heal|p2a: President|234\/323|[from] drain|[of] p1a: Aerodactyl
|
|-weather|Hail|[upkeep]
|-damage|p1a: Aerodactyl|84\/331|[from] hail
|turn|30
|
|switch|p1a: Jirachi|Jirachi|204\/341
|move|p2a: President|Ice Shard|p1a: Jirachi
|-resisted|p1a: Jirachi
|-damage|p1a: Jirachi|173\/341
|
|-weather|Hail|[upkeep]
|-damage|p1a: Jirachi|152\/341|[from] hail
|turn|31
|
|switch|p2a: pussydestroyer69|Gligar, F|295\/334 brn
|move|p1a: Jirachi|Fire Punch|p2a: pussydestroyer69
|-damage|p2a: pussydestroyer69|262\/334 brn
|
|-weather|none
|-damage|p2a: pussydestroyer69|221\/334 brn|[from] brn
|turn|32
|
|switch|p1a: Florges|Florges, F|238\/360
|move|p2a: pussydestroyer69|Stealth Rock|p1a: Florges
|-sidestart|p1: LiberalLucario|move: Stealth Rock
|
|-heal|p1a: Florges|260\/360|[from] item: Leftovers
|-damage|p2a: pussydestroyer69|180\/334 brn|[from] brn
|turn|33
|
|switch|p2a: Quak|Swampert, M|393\/393
|move|p1a: Florges|Wish|p1a: Florges
|
|-heal|p1a: Florges|282\/360|[from] item: Leftovers
|turn|34
|
|move|p1a: Florges|Moonblast|p2a: Quak
|-damage|p2a: Quak|257\/393
|move|p2a: Quak|Earthquake|p1a: Florges
|-damage|p1a: Florges|0 fnt
|faint|p1a: Florges
|
|-message|LiberalLucario forfeited.
|
|win|CoolTrainerGary
|raw|Ladder updating...
|leave|LiberalLucario
|player|p1
|raw|LiberalLucario's rating: 1558 &rarr; <strong>1538<\/strong><br \/>(-20 for losing)
|raw|CoolTrainerGary's rating: 1552 &rarr; <strong>1572<\/strong><br \/>(+20 for winning)
|join|I<3Magikarp
|leave|I<3Magikarp