|join|cooltrainergary
|join|CheckmateWeee
|player|p1|cooltrainergary|265
|player|p2|CheckmateWeee|169
|gametype|singles
|gen|6
|tier|UU
|rated
|rule|Sleep Clause Mod: Limit one foe put to sleep
|rule|Species Clause: Limit one of each PokÃ©mon
|rule|OHKO Clause: OHKO moves are banned
|rule|Moody Clause: Moody is banned
|rule|Evasion Moves Clause: Evasion moves are banned
|rule|Endless Battle Clause: Forcing endless battles is banned
|rule|HP Percentage Mod: HP is shown in percentages
|clearpoke
|poke|p1|Jolteon, F
|poke|p1|Celebi
|poke|p1|Suicune
|poke|p1|Machamp, M
|poke|p1|Cobalion
|poke|p1|Mesprit
|poke|p2|Entei, shiny
|poke|p2|Raikou, shiny
|poke|p2|Empoleon, F
|poke|p2|Flygon, M
|poke|p2|Celebi
|poke|p2|Mienshao, M
|rule|Swagger Clause: Swagger is banned
|rule|Baton Pass Clause: Limit one PokÃ©mon knowing Baton Pass
|teampreview
|
|start
|switch|p1a: Sparky|Jolteon, F|284\/284
|switch|p2a: Celebi|Celebi|396\/396
|turn|1
|
|switch|p1a: Magic Dildo|Mesprit|301\/301
|move|p2a: Celebi|Giga Drain|p1a: Magic Dildo
|-damage|p1a: Magic Dildo|184\/301
|
|turn|2
|
|switch|p2a: Mienshao|Mienshao, M|271\/271
|move|p1a: Magic Dildo|U-turn|p2a: Mienshao
|-resisted|p2a: Mienshao
|-damage|p2a: Mienshao|217\/271
|
|switch|p1a: Machampion|Machamp, M|364\/364
|
|turn|3
|
|move|p2a: Mienshao|Knock Off|p1a: Machampion
|-resisted|p1a: Machampion
|-damage|p1a: Machampion|278\/364
|-enditem|p1a: Machampion|Choice Band|[from] move: Knock Off|[of] p2a: Mienshao
|-damage|p2a: Mienshao|190\/271|[from] item: Life Orb
|move|p1a: Machampion|Close Combat|p2a: Mienshao
|-damage|p2a: Mienshao|0 fnt
|-unboost|p1a: Machampion|def|1
|-unboost|p1a: Machampion|spd|1
|faint|p2a: Mienshao
|
|
|switch|p2a: Celebi|Celebi|396\/396
|turn|4
|
|switch|p1a: Magic Dildo|Mesprit|184\/301
|move|p2a: Celebi|Psychic|p1a: Magic Dildo
|-crit|p1a: Magic Dildo
|-resisted|p1a: Magic Dildo
|-damage|p1a: Magic Dildo|88\/301
|-unboost|p1a: Magic Dildo|spd|1
|
|turn|5
|
|move|p1a: Magic Dildo|U-turn|p2a: Celebi
|-supereffective|p2a: Celebi
|-damage|p2a: Celebi|112\/396
|
|switch|p1a: Dark Horse|Cobalion|386\/386
|move|p2a: Celebi|Psychic|p1a: Dark Horse
|-damage|p1a: Dark Horse|220\/386
|-unboost|p1a: Dark Horse|spd|1
|
|-heal|p1a: Dark Horse|244\/386|[from] item: Leftovers
|-heal|p2a: Celebi|136\/396|[from] item: Leftovers
|turn|6
|
|move|p1a: Dark Horse|Taunt|p2a: Celebi
|-start|p2a: Celebi|move: Taunt
|cant|p2a: Celebi|move: Taunt|Recover
|
|-heal|p1a: Dark Horse|268\/386|[from] item: Leftovers
|-heal|p2a: Celebi|160\/396|[from] item: Leftovers
|turn|7
|
|switch|p1a: Magic Dildo|Mesprit|88\/301
|move|p2a: Celebi|Psychic|p1a: Magic Dildo
|-resisted|p1a: Magic Dildo
|-damage|p1a: Magic Dildo|29\/301
|
|-heal|p2a: Celebi|184\/396|[from] item: Leftovers
|turn|8
|
|switch|p2a: Entei|Entei, shiny|372\/372
|-ability|p2a: Entei|Pressure
|move|p1a: Magic Dildo|U-turn|p2a: Entei
|-resisted|p2a: Entei
|-damage|p2a: Entei|332\/372
|
|switch|p1a: Dark Horse|Cobalion|268\/386
|
|-heal|p1a: Dark Horse|292\/386|[from] item: Leftovers
|turn|9
|
|move|p1a: Dark Horse|Stealth Rock|p2a: Entei
|-sidestart|p2: CheckmateWeee|move: Stealth Rock
|move|p2a: Entei|Sacred Fire|p1a: Dark Horse
|-supereffective|p1a: Dark Horse
|-damage|p1a: Dark Horse|0 fnt
|faint|p1a: Dark Horse
|
|
|switch|p1a: Sweet Cum|Suicune|367\/367
|-ability|p1a: Sweet Cum|Pressure
|turn|10
|
|switch|p2a: Empoleon|Empoleon, F|372\/372
|-damage|p2a: Empoleon|349\/372|[from] Stealth Rock
|move|p1a: Sweet Cum|Substitute|p1a: Sweet Cum
|-start|p1a: Sweet Cum|Substitute
|-damage|p1a: Sweet Cum|276\/367
|
|-heal|p1a: Sweet Cum|298\/367|[from] item: Leftovers
|-heal|p2a: Empoleon|372\/372|[from] item: Leftovers
|turn|11
|
|move|p1a: Sweet Cum|Calm Mind|p1a: Sweet Cum
|-boost|p1a: Sweet Cum|spa|1
|-boost|p1a: Sweet Cum|spd|1
|move|p2a: Empoleon|Defog|p1a: Sweet Cum
|-sideend|p2: CheckmateWeee|Stealth Rock|[from] move: Defog|[of] p2a: Empoleon
|
|-heal|p1a: Sweet Cum|320\/367|[from] item: Leftovers
|turn|12
|
|move|p1a: Sweet Cum|Scald|p2a: Empoleon
|-resisted|p2a: Empoleon
|-damage|p2a: Empoleon|297\/372
|-status|p2a: Empoleon|brn
|move|p2a: Empoleon|Stealth Rock|p1a: Sweet Cum
|-sidestart|p1: cooltrainergary|move: Stealth Rock
|
|-heal|p1a: Sweet Cum|342\/367|[from] item: Leftovers
|-heal|p2a: Empoleon|320\/372 brn|[from] item: Leftovers
|-damage|p2a: Empoleon|274\/372 brn|[from] brn
|turn|13
|
|move|p1a: Sweet Cum|Scald|p2a: Empoleon
|-resisted|p2a: Empoleon
|-damage|p2a: Empoleon|208\/372 brn
|move|p2a: Empoleon|Roar|p1a: Sweet Cum
|drag|p1a: Magic Dildo|Mesprit|29\/301
|-damage|p1a: Magic Dildo|0 fnt|[from] Stealth Rock
|faint|p1a: Magic Dildo
|
|-heal|p2a: Empoleon|231\/372 brn|[from] item: Leftovers
|-damage|p2a: Empoleon|185\/372 brn|[from] brn
|
|switch|p1a: Machampion|Machamp, M|278\/364
|-damage|p1a: Machampion|256\/364|[from] Stealth Rock
|turn|14
|
|move|p1a: Machampion|Knock Off|p2a: Empoleon
|-damage|p2a: Empoleon|59\/372 brn
|-enditem|p2a: Empoleon|Leftovers|[from] move: Knock Off|[of] p1a: Machampion
|move|p2a: Empoleon|Scald|p1a: Machampion
|-crit|p1a: Machampion
|-damage|p1a: Machampion|0 fnt
|faint|p1a: Machampion
|
|-damage|p2a: Empoleon|13\/372 brn|[from] brn
|c|âcooltrainergary|......
|
|switch|p1a: Onion Booty|Celebi|342\/342
|-damage|p1a: Onion Booty|300\/342|[from] Stealth Rock
|turn|15
|
|move|p1a: Onion Booty|Nasty Plot|p1a: Onion Booty
|-boost|p1a: Onion Booty|spa|2
|move|p2a: Empoleon|Roar|p1a: Onion Booty
|drag|p1a: Sparky|Jolteon, F|284\/284
|-damage|p1a: Sparky|249\/284|[from] Stealth Rock
|
|-heal|p1a: Sparky|266\/284|[from] item: Leftovers
|-damage|p2a: Empoleon|0 fnt|[from] brn
|faint|p2a: Empoleon
|
|switch|p2a: Flygon|Flygon, M|301\/301
|turn|16
|
|move|p2a: Flygon|Earthquake|p1a: Sparky
|-supereffective|p1a: Sparky
|-damage|p1a: Sparky|0 fnt
|faint|p1a: Sparky
|
|
|switch|p1a: Onion Booty|Celebi|300\/342
|-damage|p1a: Onion Booty|258\/342|[from] Stealth Rock
|turn|17
|
|switch|p2a: Entei|Entei, shiny|332\/372
|-ability|p2a: Entei|Pressure
|move|p1a: Onion Booty|Nasty Plot|p1a: Onion Booty
|-boost|p1a: Onion Booty|spa|2
|
|-heal|p1a: Onion Booty|279\/342|[from] item: Leftovers
|turn|18
|
|move|p1a: Onion Booty|Earth Power|p2a: Entei
|-supereffective|p2a: Entei
|-damage|p2a: Entei|0 fnt
|faint|p2a: Entei
|
|-heal|p1a: Onion Booty|300\/342|[from] item: Leftovers
|
|switch|p2a: Flygon|Flygon, M|301\/301
|turn|19
|
|move|p2a: Flygon|U-turn|p1a: Onion Booty
|-supereffective|p1a: Onion Booty
|-damage|p1a: Onion Booty|28\/342
|
|switch|p2a: Celebi|Celebi|184\/396
|move|p1a: Onion Booty|Giga Drain|p2a: Celebi
|-resisted|p2a: Celebi
|-damage|p2a: Celebi|65\/396
|-heal|p1a: Onion Booty|88\/342|[from] drain|[of] p2a: Celebi
|
|-heal|p1a: Onion Booty|109\/342|[from] item: Leftovers
|-heal|p2a: Celebi|89\/396|[from] item: Leftovers
|turn|20
|
|move|p1a: Onion Booty|Giga Drain|p2a: Celebi
|-resisted|p2a: Celebi
|-damage|p2a: Celebi|0 fnt
|-heal|p1a: Onion Booty|154\/342|[from] drain|[of] p2a: Celebi
|faint|p2a: Celebi
|
|-heal|p1a: Onion Booty|175\/342|[from] item: Leftovers
|
|switch|p2a: Flygon|Flygon, M|301\/301
|turn|21
|
|switch|p1a: Sweet Cum|Suicune|342\/367
|-damage|p1a: Sweet Cum|297\/367|[from] Stealth Rock
|-ability|p1a: Sweet Cum|Pressure
|move|p2a: Flygon|U-turn|p1a: Sweet Cum
|-damage|p1a: Sweet Cum|238\/367
|
|switch|p2a: Raikou|Raikou, shiny|322\/322
|-ability|p2a: Raikou|Pressure
|
|-heal|p1a: Sweet Cum|260\/367|[from] item: Leftovers
|turn|22
|
|move|p2a: Raikou|Volt Switch|p1a: Sweet Cum
|-supereffective|p1a: Sweet Cum
|-damage|p1a: Sweet Cum|0 fnt
|faint|p1a: Sweet Cum
|c|âcooltrainergary|gg
|
|switch|p2a: Flygon|Flygon, M|301\/301
|
|
|switch|p1a: Onion Booty|Celebi|175\/342
|-damage|p1a: Onion Booty|133\/342|[from] Stealth Rock
|turn|23
|
|move|p2a: Flygon|U-turn|p1a: Onion Booty
|-supereffective|p1a: Onion Booty
|-damage|p1a: Onion Booty|0 fnt
|faint|p1a: Onion Booty
|
|win|CheckmateWeee
|raw|Ladder updating...
|leave|cooltrainergary
|player|p1
|raw|cooltrainergary's rating: 1492 &rarr; <strong>1468<\/strong><br \/>(-24 for losing)
|raw|CheckmateWeee's rating: 1419 &rarr; <strong>1443<\/strong><br \/>(+24 for winning)