|join|pokemonisfun
|join|CoolTrainerGary
|player|p1|pokemonisfun|184
|player|p2|CoolTrainerGary|102
|gametype|singles
|gen|6
|tier|UU
|rated
|rule|Sleep Clause Mod: Limit one foe put to sleep
|rule|Species Clause: Limit one of each PokÃ©mon
|rule|OHKO Clause: OHKO moves are banned
|rule|Moody Clause: Moody is banned
|rule|Evasion Moves Clause: Evasion moves are banned
|rule|Endless Battle Clause: Forcing endless battles is banned
|rule|HP Percentage Mod: HP is reported as percentages
|clearpoke
|poke|p1|Granbull, F
|poke|p1|Suicune
|poke|p1|Mew
|poke|p1|Blissey, F
|poke|p1|Nidoqueen, F
|poke|p1|Spiritomb, M
|poke|p2|Suicune
|poke|p2|Froslass, F
|poke|p2|Dusclops, M
|poke|p2|Noivern, M
|poke|p2|Blissey, F
|poke|p2|Chesnaught, M
|rule|Swagger Clause: Swagger is banned
|rule|Baton Pass Clause: Limit one PokÃ©mon knowing Baton Pass
|teampreview
|
|start
|switch|p1a: Nidoqueen|Nidoqueen, F|382\/382
|switch|p2a: Froslass|Froslass, F|344\/344
|turn|1
|
|move|p2a: Froslass|Taunt|p1a: Nidoqueen
|-start|p1a: Nidoqueen|move: Taunt
|move|p1a: Nidoqueen|Fire Blast|p2a: Froslass
|-supereffective|p2a: Froslass
|-damage|p2a: Froslass|106\/344
|
|turn|2
|
|switch|p1a: Granbull|Granbull, F|384\/384
|-ability|p1a: Granbull|Intimidate|[of] p2a: Froslass
|-unboost|p2a: Froslass|atk|1
|move|p2a: Froslass|Destiny Bond|p2a: Froslass
|-singlemove|p2a: Froslass|Destiny Bond
|
|turn|3
|
|move|p2a: Froslass|Spikes|p1a: Granbull
|-sidestart|p1: pokemonisfun|Spikes
|move|p1a: Granbull|Play Rough|p2a: Froslass
|-damage|p2a: Froslass|0 fnt
|faint|p2a: Froslass
|
|
|switch|p2a: Suicune|Suicune|404\/404
|-ability|p2a: Suicune|Pressure
|turn|4
|
|switch|p1a: Mew|Mew|396\/396
|-damage|p1a: Mew|347\/396|[from] Spikes
|move|p2a: Suicune|Scald|p1a: Mew
|-crit|p1a: Mew
|-damage|p1a: Mew|259\/396
|
|-heal|p1a: Mew|283\/396|[from] item: Leftovers
|turn|5
|
|switch|p2a: Noivern|Noivern, M|373\/373
|move|p1a: Mew|Defog|p2a: Noivern
|-unboost|p2a: Noivern|evasion|1
|-sideend|p1: pokemonisfun|Spikes|[from] move: Defog|[of] p1a: Mew
|
|-heal|p1a: Mew|307\/396|[from] item: Leftovers
|turn|6
|
|move|p2a: Noivern|Taunt|p1a: Mew
|-start|p1a: Mew|move: Taunt
|cant|p1a: Mew|move: Taunt|Roost
|
|-heal|p1a: Mew|331\/396|[from] item: Leftovers
|turn|7
|
|switch|p1a: Blissey|Blissey, F|651\/651
|move|p2a: Noivern|Super Fang|p1a: Blissey
|-damage|p1a: Blissey|326\/651
|
|-heal|p1a: Blissey|366\/651|[from] item: Leftovers
|turn|8
|
|switch|p1a: Granbull|Granbull, F|384\/384
|-ability|p1a: Granbull|Intimidate|[of] p2a: Noivern
|-unboost|p2a: Noivern|atk|1
|move|p2a: Noivern|Taunt|p1a: Granbull
|-start|p1a: Granbull|move: Taunt
|
|turn|9
|
|switch|p2a: Suicune|Suicune|404\/404
|-ability|p2a: Suicune|Pressure
|move|p1a: Granbull|Play Rough|p2a: Suicune|[miss]
|-miss|p1a: Granbull|p2a: Suicune
|
|turn|10
|
|switch|p1a: Blissey|Blissey, F|366\/651
|move|p2a: Suicune|Roar|p1a: Blissey
|drag|p1a: Mew|Mew|331\/396
|
|-heal|p1a: Mew|355\/396|[from] item: Leftovers
|turn|11
|
|move|p1a: Mew|Will-O-Wisp|p2a: Suicune
|-status|p2a: Suicune|brn
|move|p2a: Suicune|Scald|p1a: Mew
|-damage|p1a: Mew|294\/396
|
|-heal|p1a: Mew|318\/396|[from] item: Leftovers
|-damage|p2a: Suicune|354\/404 brn|[from] brn
|turn|12
|
|switch|p1a: Blissey|Blissey, F|366\/651
|switch|p2a: Noivern|Noivern, M|373\/373
|
|-heal|p1a: Blissey|406\/651|[from] item: Leftovers
|turn|13
|
|switch|p1a: Granbull|Granbull, F|384\/384
|-ability|p1a: Granbull|Intimidate|[of] p2a: Noivern
|-unboost|p2a: Noivern|atk|1
|move|p2a: Noivern|Super Fang|p1a: Granbull
|-damage|p1a: Granbull|192\/384
|
|-heal|p1a: Granbull|216\/384|[from] item: Leftovers
|turn|14
|join|Dudeman130498
|
|switch|p2a: Suicune|Suicune|354\/404 brn
|-ability|p2a: Suicune|Pressure
|move|p1a: Granbull|Play Rough|p2a: Suicune
|-damage|p2a: Suicune|269\/404 brn
|
|-heal|p2a: Suicune|294\/404 brn|[from] item: Leftovers
|-heal|p1a: Granbull|240\/384|[from] item: Leftovers
|-damage|p2a: Suicune|244\/404 brn|[from] brn
|turn|15
|
|switch|p2a: Chesnaught|Chesnaught, M|380\/380
|move|p1a: Granbull|Rest|p1a: Granbull
|-status|p1a: Granbull|slp
|-heal|p1a: Granbull|384\/384 slp|[silent]
|-status|p1a: Granbull|slp|[from] move: Rest
|
|turn|16
|
|switch|p1a: Nidoqueen|Nidoqueen, F|382\/382
|move|p2a: Chesnaught|Spikes|p1a: Nidoqueen
|-sidestart|p1: pokemonisfun|Spikes
|
|turn|17
|
|switch|p2a: Blissey|Blissey, F|714\/714
|move|p1a: Nidoqueen|Stealth Rock|p2a: Blissey
|-sidestart|p2: CoolTrainerGary|move: Stealth Rock
|
|turn|18
|
|move|p1a: Nidoqueen|Toxic Spikes|p2a: Blissey
|-sidestart|p2: CoolTrainerGary|move: Toxic Spikes
|move|p2a: Blissey|Stealth Rock|p1a: Nidoqueen
|-sidestart|p1: pokemonisfun|move: Stealth Rock
|
|turn|19
|
|switch|p2a: Suicune|Suicune|244\/404 brn
|-damage|p2a: Suicune|194\/404 brn|[from] Stealth Rock
|-ability|p2a: Suicune|Pressure
|move|p1a: Nidoqueen|Toxic Spikes|p2a: Suicune
|-sidestart|p2: CoolTrainerGary|move: Toxic Spikes
|
|-heal|p2a: Suicune|219\/404 brn|[from] item: Leftovers
|-damage|p2a: Suicune|169\/404 brn|[from] brn
|turn|20
|
|switch|p2a: Noivern|Noivern, M|373\/373
|-damage|p2a: Noivern|280\/373|[from] Stealth Rock
|switch|p1a: Suicune|Suicune|404\/404
|-damage|p1a: Suicune|354\/404|[from] Spikes
|-damage|p1a: Suicune|304\/404|[from] Stealth Rock
|-ability|p1a: Suicune|Pressure
|
|-heal|p2a: Noivern|303\/373|[from] item: Leftovers
|-heal|p1a: Suicune|329\/404|[from] item: Leftovers
|turn|21
|
|move|p2a: Noivern|Super Fang|p1a: Suicune
|-damage|p1a: Suicune|165\/404
|move|p1a: Suicune|Scald|p2a: Noivern
|-resisted|p2a: Noivern
|-damage|p2a: Noivern|249\/373
|-status|p2a: Noivern|brn
|
|-heal|p2a: Noivern|272\/373 brn|[from] item: Leftovers
|-heal|p1a: Suicune|190\/404|[from] item: Leftovers
|-damage|p2a: Noivern|226\/373 brn|[from] brn
|turn|22
|
|move|p2a: Noivern|Air Slash|p1a: Suicune
|-damage|p1a: Suicune|112\/404
|move|p1a: Suicune|Roar|p2a: Noivern
|drag|p2a: Blissey|Blissey, F|714\/714
|-damage|p2a: Blissey|625\/714|[from] Stealth Rock
|-status|p2a: Blissey|tox
|
|-heal|p1a: Suicune|137\/404|[from] item: Leftovers
|-heal|p2a: Blissey|669\/714 tox|[from] item: Leftovers
|-damage|p2a: Blissey|625\/714 tox|[from] psn
|turn|23
|
|move|p1a: Suicune|Rest|p1a: Suicune
|-status|p1a: Suicune|slp
|-heal|p1a: Suicune|404\/404 slp|[silent]
|-status|p1a: Suicune|slp|[from] move: Rest
|move|p2a: Blissey|Seismic Toss|p1a: Suicune
|-damage|p1a: Suicune|304\/404 slp
|
|-heal|p1a: Suicune|329\/404 slp|[from] item: Leftovers
|-heal|p2a: Blissey|669\/714 tox|[from] item: Leftovers
|-damage|p2a: Blissey|581\/714 tox|[from] psn
|turn|24
|
|cant|p1a: Suicune|slp
|move|p1a: Suicune|Sleep Talk|p1a: Suicune
|move|p1a: Suicune|Rest|p1a: Suicune|[from]Sleep Talk
|-fail|p1a: Suicune
|move|p2a: Blissey|Wish|p2a: Blissey
|
|-heal|p1a: Suicune|354\/404 slp|[from] item: Leftovers
|-heal|p2a: Blissey|625\/714 tox|[from] item: Leftovers
|-damage|p2a: Blissey|493\/714 tox|[from] psn
|turn|25
|
|switch|p2a: Noivern|Noivern, M|226\/373 brn
|-damage|p2a: Noivern|133\/373 brn|[from] Stealth Rock
|cant|p1a: Suicune|slp
|move|p1a: Suicune|Sleep Talk|p1a: Suicune
|move|p1a: Suicune|Scald|p2a: Noivern|[from]Sleep Talk
|-resisted|p2a: Noivern
|-damage|p2a: Noivern|84\/373 brn
|
|-heal|p2a: Noivern|373\/373 brn|[from] move: Wish|[wisher] Blissey
|-heal|p1a: Suicune|379\/404 slp|[from] item: Leftovers
|-damage|p2a: Noivern|327\/373 brn|[from] brn
|turn|26
|
|move|p2a: Noivern|Taunt|p1a: Suicune
|-start|p1a: Suicune|move: Taunt
|-curestatus|p1a: Suicune|slp|[from] slp
|cant|p1a: Suicune|move: Taunt|Roar
|
|-heal|p2a: Noivern|350\/373 brn|[from] item: Leftovers
|-heal|p1a: Suicune|404\/404|[from] item: Leftovers
|-damage|p2a: Noivern|304\/373 brn|[from] brn
|turn|27
|
|move|p2a: Noivern|Super Fang|p1a: Suicune
|-damage|p1a: Suicune|202\/404
|move|p1a: Suicune|Scald|p2a: Noivern
|-resisted|p2a: Noivern
|-damage|p2a: Noivern|255\/373 brn
|
|-heal|p2a: Noivern|278\/373 brn|[from] item: Leftovers
|-heal|p1a: Suicune|227\/404|[from] item: Leftovers
|-damage|p2a: Noivern|232\/373 brn|[from] brn
|turn|28
|
|move|p2a: Noivern|Super Fang|p1a: Suicune
|-damage|p1a: Suicune|114\/404
|move|p1a: Suicune|Scald|p2a: Noivern
|-resisted|p2a: Noivern
|-damage|p2a: Noivern|181\/373 brn
|
|-heal|p2a: Noivern|204\/373 brn|[from] item: Leftovers
|-heal|p1a: Suicune|139\/404|[from] item: Leftovers
|-damage|p2a: Noivern|158\/373 brn|[from] brn
|-end|p1a: Suicune|move: Taunt
|turn|29
|
|switch|p1a: Spiritomb|Spiritomb, M|304\/304
|-damage|p1a: Spiritomb|266\/304|[from] Stealth Rock
|-damage|p1a: Spiritomb|228\/304|[from] Spikes
|move|p2a: Noivern|Taunt|p1a: Spiritomb
|-start|p1a: Spiritomb|move: Taunt
|
|-heal|p2a: Noivern|181\/373 brn|[from] item: Leftovers
|-heal|p1a: Spiritomb|247\/304|[from] item: Leftovers
|-damage|p2a: Noivern|135\/373 brn|[from] brn
|turn|30
|
|move|p2a: Noivern|Roost|p2a: Noivern
|-heal|p2a: Noivern|322\/373 brn
|move|p1a: Spiritomb|Dark Pulse|p2a: Noivern
|-damage|p2a: Noivern|208\/373 brn
|
|-heal|p2a: Noivern|231\/373 brn|[from] item: Leftovers
|-heal|p1a: Spiritomb|266\/304|[from] item: Leftovers
|-damage|p2a: Noivern|185\/373 brn|[from] brn
|turn|31
|
|move|p2a: Noivern|Air Slash|p1a: Spiritomb
|-damage|p1a: Spiritomb|188\/304
|move|p1a: Spiritomb|Dark Pulse|p2a: Noivern
|-damage|p2a: Noivern|71\/373 brn
|
|-heal|p2a: Noivern|94\/373 brn|[from] item: Leftovers
|-heal|p1a: Spiritomb|207\/304|[from] item: Leftovers
|-damage|p2a: Noivern|48\/373 brn|[from] brn
|turn|32
|
|move|p2a: Noivern|Roost|p2a: Noivern
|-heal|p2a: Noivern|235\/373 brn
|move|p1a: Spiritomb|Dark Pulse|p2a: Noivern
|-damage|p2a: Noivern|139\/373 brn
|
|-heal|p2a: Noivern|162\/373 brn|[from] item: Leftovers
|-heal|p1a: Spiritomb|226\/304|[from] item: Leftovers
|-damage|p2a: Noivern|116\/373 brn|[from] brn
|-end|p1a: Spiritomb|move: Taunt
|turn|33
|
|move|p2a: Noivern|Roost|p2a: Noivern
|-heal|p2a: Noivern|303\/373 brn
|move|p1a: Spiritomb|Dark Pulse|p2a: Noivern
|-damage|p2a: Noivern|198\/373 brn
|
|-heal|p2a: Noivern|221\/373 brn|[from] item: Leftovers
|-heal|p1a: Spiritomb|245\/304|[from] item: Leftovers
|-damage|p2a: Noivern|175\/373 brn|[from] brn
|turn|34
|
|switch|p2a: Blissey|Blissey, F|493\/714
|-status|p2a: Blissey|tox
|-damage|p2a: Blissey|404\/714 tox|[from] Stealth Rock
|move|p1a: Spiritomb|Dark Pulse|p2a: Blissey
|-damage|p2a: Blissey|340\/714 tox
|
|-heal|p2a: Blissey|384\/714 tox|[from] item: Leftovers
|-heal|p1a: Spiritomb|264\/304|[from] item: Leftovers
|-damage|p2a: Blissey|340\/714 tox|[from] psn
|turn|35
|
|switch|p1a: Blissey|Blissey, F|406\/651
|-damage|p1a: Blissey|325\/651|[from] Spikes
|-damage|p1a: Blissey|244\/651|[from] Stealth Rock
|move|p2a: Blissey|Wish|p2a: Blissey
|
|-heal|p1a: Blissey|284\/651|[from] item: Leftovers
|-heal|p2a: Blissey|384\/714 tox|[from] item: Leftovers
|-damage|p2a: Blissey|296\/714 tox|[from] psn
|turn|36
|
|move|p1a: Blissey|Wish|p1a: Blissey
|move|p2a: Blissey|Seismic Toss|p1a: Blissey
|-damage|p1a: Blissey|184\/651
|
|-heal|p2a: Blissey|653\/714 tox|[from] move: Wish|[wisher] Blissey
|-heal|p1a: Blissey|224\/651|[from] item: Leftovers
|-heal|p2a: Blissey|697\/714 tox|[from] item: Leftovers
|-damage|p2a: Blissey|565\/714 tox|[from] psn
|turn|37
|
|move|p1a: Blissey|Seismic Toss|p2a: Blissey
|-damage|p2a: Blissey|465\/714 tox
|move|p2a: Blissey|Wish|p2a: Blissey
|
|-heal|p1a: Blissey|549\/651|[from] move: Wish|[wisher] Blissey
|-heal|p1a: Blissey|589\/651|[from] item: Leftovers
|-heal|p2a: Blissey|509\/714 tox|[from] item: Leftovers
|-damage|p2a: Blissey|333\/714 tox|[from] psn
|turn|38
|join|ah yueah
|
|switch|p2a: Noivern|Noivern, M|175\/373 brn
|-damage|p2a: Noivern|82\/373 brn|[from] Stealth Rock
|move|p1a: Blissey|Seismic Toss|p2a: Noivern
|-damage|p2a: Noivern|0 fnt
|faint|p2a: Noivern
|
|-heal|p1a: Blissey|629\/651|[from] item: Leftovers
|join|D0n's Alt
|
|switch|p2a: Suicune|Suicune|169\/404 brn
|-damage|p2a: Suicune|119\/404 brn|[from] Stealth Rock
|-ability|p2a: Suicune|Pressure
|turn|39
|
|move|p2a: Suicune|Rest|p2a: Suicune
|-status|p2a: Suicune|slp
|-heal|p2a: Suicune|404\/404 slp|[silent]
|-status|p2a: Suicune|slp|[from] move: Rest
|move|p1a: Blissey|Seismic Toss|p2a: Suicune
|-damage|p2a: Suicune|304\/404 slp
|
|-heal|p2a: Suicune|329\/404 slp|[from] item: Leftovers
|-heal|p1a: Blissey|651\/651|[from] item: Leftovers
|turn|40
|
|cant|p2a: Suicune|slp
|move|p2a: Suicune|Sleep Talk|p2a: Suicune
|move|p2a: Suicune|Scald|p1a: Blissey|[from]Sleep Talk
|-damage|p1a: Blissey|599\/651
|move|p1a: Blissey|Wish|p1a: Blissey
|
|-heal|p2a: Suicune|354\/404 slp|[from] item: Leftovers
|-heal|p1a: Blissey|639\/651|[from] item: Leftovers
|turn|41
|
|cant|p2a: Suicune|slp
|move|p2a: Suicune|Sleep Talk|p2a: Suicune
|move|p2a: Suicune|Scald|p1a: Blissey|[from]Sleep Talk
|-damage|p1a: Blissey|587\/651
|move|p1a: Blissey|Seismic Toss|p2a: Suicune
|-damage|p2a: Suicune|254\/404 slp
|
|-heal|p1a: Blissey|651\/651|[from] move: Wish|[wisher] Blissey
|-heal|p2a: Suicune|279\/404 slp|[from] item: Leftovers
|turn|42
|
|move|p1a: Blissey|Toxic|p2a: Suicune
|-fail|p2a: Suicune
|-curestatus|p2a: Suicune|slp|[from] slp
|move|p2a: Suicune|Roar|p1a: Blissey
|drag|p1a: Spiritomb|Spiritomb, M|264\/304
|-damage|p1a: Spiritomb|226\/304|[from] Stealth Rock
|-damage|p1a: Spiritomb|188\/304|[from] Spikes
|
|-heal|p2a: Suicune|304\/404|[from] item: Leftovers
|-heal|p1a: Spiritomb|207\/304|[from] item: Leftovers
|turn|43
|join|Shulk Fanboy Tears
|
|move|p1a: Spiritomb|Will-O-Wisp|p2a: Suicune|[miss]
|-miss|p1a: Spiritomb|p2a: Suicune
|move|p2a: Suicune|Roar|p1a: Spiritomb
|drag|p1a: Granbull|Granbull, F|384\/384 slp
|-damage|p1a: Granbull|336\/384 slp|[from] Spikes
|-damage|p1a: Granbull|288\/384 slp|[from] Stealth Rock
|-ability|p1a: Granbull|Intimidate|[of] p2a: Suicune
|-unboost|p2a: Suicune|atk|1
|
|-heal|p2a: Suicune|329\/404|[from] item: Leftovers
|-heal|p1a: Granbull|312\/384 slp|[from] item: Leftovers
|turn|44
|
|move|p2a: Suicune|Scald|p1a: Granbull
|-damage|p1a: Granbull|192\/384 slp
|cant|p1a: Granbull|slp
|move|p1a: Granbull|Sleep Talk|p1a: Granbull
|move|p1a: Granbull|Play Rough|p2a: Suicune|[from]Sleep Talk
|-damage|p2a: Suicune|248\/404
|
|-heal|p2a: Suicune|273\/404|[from] item: Leftovers
|-heal|p1a: Granbull|216\/384 slp|[from] item: Leftovers
|turn|45
|
|cant|p1a: Granbull|slp
|move|p1a: Granbull|Sleep Talk|p1a: Granbull
|move|p1a: Granbull|Play Rough|p2a: Suicune|[from]Sleep Talk
|-damage|p2a: Suicune|191\/404
|move|p2a: Suicune|Roar|p1a: Granbull
|drag|p1a: Spiritomb|Spiritomb, M|207\/304
|-damage|p1a: Spiritomb|169\/304|[from] Stealth Rock
|-damage|p1a: Spiritomb|131\/304|[from] Spikes
|
|-heal|p2a: Suicune|216\/404|[from] item: Leftovers
|-heal|p1a: Spiritomb|150\/304|[from] item: Leftovers
|turn|46
|
|move|p2a: Suicune|Scald|p1a: Spiritomb
|-damage|p1a: Spiritomb|75\/304
|-status|p1a: Spiritomb|brn
|move|p1a: Spiritomb|Will-O-Wisp|p2a: Suicune
|-status|p2a: Suicune|brn
|
|-heal|p2a: Suicune|241\/404 brn|[from] item: Leftovers
|-heal|p1a: Spiritomb|94\/304 brn|[from] item: Leftovers
|-damage|p2a: Suicune|191\/404 brn|[from] brn
|-damage|p1a: Spiritomb|56\/304 brn|[from] brn
|turn|47
|
|switch|p1a: Mew|Mew|318\/396
|-damage|p1a: Mew|269\/396|[from] Spikes
|-damage|p1a: Mew|220\/396|[from] Stealth Rock
|move|p2a: Suicune|Rest|p2a: Suicune
|-status|p2a: Suicune|slp
|-heal|p2a: Suicune|404\/404 slp|[silent]
|-status|p2a: Suicune|slp|[from] move: Rest
|
|-heal|p1a: Mew|244\/396|[from] item: Leftovers
|turn|48
|
|move|p1a: Mew|Defog|p2a: Suicune
|-unboost|p2a: Suicune|evasion|1
|-sideend|p2: CoolTrainerGary|Toxic Spikes|[from] move: Defog|[of] p2a: Suicune
|-sideend|p2: CoolTrainerGary|Stealth Rock|[from] move: Defog|[of] p2a: Suicune
|-sideend|p1: pokemonisfun|Spikes|[from] move: Defog|[of] p1a: Mew
|-sideend|p1: pokemonisfun|Stealth Rock|[from] move: Defog|[of] p1a: Mew
|cant|p2a: Suicune|slp
|move|p2a: Suicune|Sleep Talk|p2a: Suicune
|move|p2a: Suicune|Rest|p2a: Suicune|[from]Sleep Talk
|-fail|p2a: Suicune
|
|-heal|p1a: Mew|268\/396|[from] item: Leftovers
|turn|49
|
|switch|p1a: Suicune|Suicune|139\/404
|-ability|p1a: Suicune|Pressure
|switch|p2a: Blissey|Blissey, F|333\/714
|
|-heal|p1a: Suicune|164\/404|[from] item: Leftovers
|-heal|p2a: Blissey|377\/714|[from] item: Leftovers
|turn|50
|
|switch|p1a: Spiritomb|Spiritomb, M|56\/304 brn
|move|p2a: Blissey|Stealth Rock|p1a: Spiritomb
|-sidestart|p1: pokemonisfun|move: Stealth Rock
|
|-heal|p2a: Blissey|421\/714|[from] item: Leftovers
|-heal|p1a: Spiritomb|75\/304 brn|[from] item: Leftovers
|-damage|p1a: Spiritomb|37\/304 brn|[from] brn
|turn|51
|leave|Dudeman130498
|
|move|p2a: Blissey|Wish|p2a: Blissey
|move|p1a: Spiritomb|Rest|p1a: Spiritomb
|-status|p1a: Spiritomb|slp
|-heal|p1a: Spiritomb|304\/304 slp|[silent]
|-status|p1a: Spiritomb|slp|[from] move: Rest
|
|-heal|p2a: Blissey|465\/714|[from] item: Leftovers
|turn|52
|
|switch|p2a: Chesnaught|Chesnaught, M|380\/380
|switch|p1a: Nidoqueen|Nidoqueen, F|382\/382
|-damage|p1a: Nidoqueen|359\/382|[from] Stealth Rock
|
|-heal|p1a: Nidoqueen|382\/382|[from] item: Leftovers
|turn|53
|
|move|p1a: Nidoqueen|Stealth Rock|p2a: Chesnaught
|-sidestart|p2: CoolTrainerGary|move: Stealth Rock
|move|p2a: Chesnaught|Leech Seed|p1a: Nidoqueen
|-start|p1a: Nidoqueen|move: Leech Seed
|
|-damage|p1a: Nidoqueen|335\/382|[from] Leech Seed|[of] p2a: Chesnaught
|turn|54
|
|switch|p1a: Mew|Mew|268\/396
|-damage|p1a: Mew|219\/396|[from] Stealth Rock
|move|p2a: Chesnaught|Spikes|p1a: Mew
|-sidestart|p1: pokemonisfun|Spikes
|
|-heal|p1a: Mew|243\/396|[from] item: Leftovers
|turn|55
|
|move|p2a: Chesnaught|Spiky Shield|p2a: Chesnaught
|-singleturn|p2a: Chesnaught|move: Protect
|move|p1a: Mew|Defog|p2a: Chesnaught
|-activate|p2a: Chesnaught|move: Protect
|
|-heal|p1a: Mew|267\/396|[from] item: Leftovers
|turn|56
|
|move|p1a: Mew|Defog|p2a: Chesnaught
|-unboost|p2a: Chesnaught|evasion|1
|-sideend|p2: CoolTrainerGary|Stealth Rock|[from] move: Defog|[of] p2a: Chesnaught
|-sideend|p1: pokemonisfun|Spikes|[from] move: Defog|[of] p1a: Mew
|-sideend|p1: pokemonisfun|Stealth Rock|[from] move: Defog|[of] p1a: Mew
|move|p2a: Chesnaught|Leech Seed|p1a: Mew|[miss]
|-miss|p2a: Chesnaught|p1a: Mew
|
|-heal|p1a: Mew|291\/396|[from] item: Leftovers
|turn|57
|
|move|p1a: Mew|Will-O-Wisp|p2a: Chesnaught
|-status|p2a: Chesnaught|brn
|move|p2a: Chesnaught|Spikes|p1a: Mew
|-sidestart|p1: pokemonisfun|Spikes
|
|-heal|p1a: Mew|315\/396|[from] item: Leftovers
|-damage|p2a: Chesnaught|333\/380 brn|[from] brn
|turn|58
|
|move|p1a: Mew|Defog|p2a: Chesnaught
|-unboost|p2a: Chesnaught|evasion|1
|-sideend|p1: pokemonisfun|Spikes|[from] move: Defog|[of] p1a: Mew
|move|p2a: Chesnaught|Spikes|p1a: Mew
|-sidestart|p1: pokemonisfun|Spikes
|
|-heal|p1a: Mew|339\/396|[from] item: Leftovers
|-heal|p2a: Chesnaught|356\/380 brn|[from] item: Leftovers
|-damage|p2a: Chesnaught|309\/380 brn|[from] brn
|turn|59
|
|move|p1a: Mew|Psyshock|p2a: Chesnaught
|-supereffective|p2a: Chesnaught
|-damage|p2a: Chesnaught|181\/380 brn
|move|p2a: Chesnaught|Leech Seed|p1a: Mew
|-start|p1a: Mew|move: Leech Seed
|
|-heal|p1a: Mew|363\/396|[from] item: Leftovers
|-heal|p2a: Chesnaught|204\/380 brn|[from] item: Leftovers
|-damage|p1a: Mew|314\/396|[from] Leech Seed|[of] p2a: Chesnaught
|-heal|p2a: Chesnaught|253\/380 brn|[silent]
|-damage|p2a: Chesnaught|206\/380 brn|[from] brn
|turn|60
|
|move|p2a: Chesnaught|Spiky Shield|p2a: Chesnaught
|-singleturn|p2a: Chesnaught|move: Protect
|move|p1a: Mew|Defog|p2a: Chesnaught
|-activate|p2a: Chesnaught|move: Protect
|
|-heal|p1a: Mew|338\/396|[from] item: Leftovers
|-heal|p2a: Chesnaught|229\/380 brn|[from] item: Leftovers
|-damage|p1a: Mew|289\/396|[from] Leech Seed|[of] p2a: Chesnaught
|-heal|p2a: Chesnaught|278\/380 brn|[silent]
|-damage|p2a: Chesnaught|231\/380 brn|[from] brn
|turn|61
|
|move|p1a: Mew|Defog|p2a: Chesnaught
|-unboost|p2a: Chesnaught|evasion|1
|-sideend|p1: pokemonisfun|Spikes|[from] move: Defog|[of] p1a: Mew
|move|p2a: Chesnaught|Spikes|p1a: Mew
|-sidestart|p1: pokemonisfun|Spikes
|
|-heal|p1a: Mew|313\/396|[from] item: Leftovers
|-heal|p2a: Chesnaught|254\/380 brn|[from] item: Leftovers
|-damage|p1a: Mew|264\/396|[from] Leech Seed|[of] p2a: Chesnaught
|-heal|p2a: Chesnaught|303\/380 brn|[silent]
|-damage|p2a: Chesnaught|256\/380 brn|[from] brn
|turn|62
|
|switch|p1a: Nidoqueen|Nidoqueen, F|335\/382
|-damage|p1a: Nidoqueen|288\/382|[from] Spikes
|move|p2a: Chesnaught|Spiky Shield|p2a: Chesnaught
|-fail|p2a: Chesnaught
|
|-heal|p1a: Nidoqueen|311\/382|[from] item: Leftovers
|-heal|p2a: Chesnaught|279\/380 brn|[from] item: Leftovers
|-damage|p2a: Chesnaught|232\/380 brn|[from] brn
|turn|63
|
|switch|p2a: Blissey|Blissey, F|465\/714
|move|p1a: Nidoqueen|Toxic Spikes|p2a: Blissey
|-sidestart|p2: CoolTrainerGary|move: Toxic Spikes
|
|-heal|p1a: Nidoqueen|334\/382|[from] item: Leftovers
|-heal|p2a: Blissey|509\/714|[from] item: Leftovers
|turn|64
|
|move|p1a: Nidoqueen|Toxic Spikes|p2a: Blissey
|-sidestart|p2: CoolTrainerGary|move: Toxic Spikes
|move|p2a: Blissey|Stealth Rock|p1a: Nidoqueen
|-sidestart|p1: pokemonisfun|move: Stealth Rock
|
|-heal|p1a: Nidoqueen|357\/382|[from] item: Leftovers
|-heal|p2a: Blissey|553\/714|[from] item: Leftovers
|turn|65
|
|switch|p2a: Chesnaught|Chesnaught, M|232\/380 brn
|move|p1a: Nidoqueen|Stealth Rock|p2a: Chesnaught
|-sidestart|p2: CoolTrainerGary|move: Stealth Rock
|
|-heal|p1a: Nidoqueen|380\/382|[from] item: Leftovers
|-heal|p2a: Chesnaught|255\/380 brn|[from] item: Leftovers
|-damage|p2a: Chesnaught|208\/380 brn|[from] brn
|turn|66
|
|move|p1a: Nidoqueen|Fire Blast|p2a: Chesnaught
|-supereffective|p2a: Chesnaught
|-damage|p2a: Chesnaught|0 fnt
|faint|p2a: Chesnaught
|
|-heal|p1a: Nidoqueen|382\/382|[from] item: Leftovers
|
|switch|p2a: Suicune|Suicune|404\/404 slp
|-damage|p2a: Suicune|354\/404 slp|[from] Stealth Rock
|-ability|p2a: Suicune|Pressure
|turn|67
|
|switch|p1a: Blissey|Blissey, F|651\/651
|-damage|p1a: Blissey|570\/651|[from] Stealth Rock
|-damage|p1a: Blissey|489\/651|[from] Spikes
|cant|p2a: Suicune|slp
|move|p2a: Suicune|Sleep Talk|p2a: Suicune
|move|p2a: Suicune|Scald|p1a: Blissey|[from]Sleep Talk
|-damage|p1a: Blissey|437\/651
|-status|p1a: Blissey|brn
|
|-heal|p2a: Suicune|379\/404 slp|[from] item: Leftovers
|-heal|p1a: Blissey|477\/651 brn|[from] item: Leftovers
|-damage|p1a: Blissey|396\/651 brn|[from] brn
|turn|68
|
|move|p1a: Blissey|Wish|p1a: Blissey
|-curestatus|p2a: Suicune|slp|[from] slp
|move|p2a: Suicune|Roar|p1a: Blissey
|drag|p1a: Mew|Mew|264\/396
|-damage|p1a: Mew|215\/396|[from] Spikes
|-damage|p1a: Mew|166\/396|[from] Stealth Rock
|
|-heal|p1a: Mew|190\/396|[from] item: Leftovers
|-heal|p2a: Suicune|404\/404|[from] item: Leftovers
|turn|69
|
|move|p1a: Mew|Defog|p2a: Suicune
|-unboost|p2a: Suicune|evasion|1
|-sideend|p2: CoolTrainerGary|Toxic Spikes|[from] move: Defog|[of] p2a: Suicune
|-sideend|p2: CoolTrainerGary|Stealth Rock|[from] move: Defog|[of] p2a: Suicune
|-sideend|p1: pokemonisfun|Spikes|[from] move: Defog|[of] p1a: Mew
|-sideend|p1: pokemonisfun|Stealth Rock|[from] move: Defog|[of] p1a: Mew
|move|p2a: Suicune|Roar|p1a: Mew
|drag|p1a: Suicune|Suicune|164\/404
|-ability|p1a: Suicune|Pressure
|
|-heal|p1a: Suicune|404\/404|[from] move: Wish|[wisher] Blissey
|turn|70
|chat|CoolTrainerGary|k gg
|chat|pokemonisfun|gg
|-message|CoolTrainerGary forfeited.
|
|win|pokemonisfun
|raw|Ladder updating...
|leave|CoolTrainerGary
|player|p2
|raw|pokemonisfun's rating: 1728 &rarr; <strong>1735<\/strong><br \/>(+7 for winning)
|raw|CoolTrainerGary's rating: 1477 &rarr; <strong>1469<\/strong><br \/>(-8 for losing)