|join|zen95
|join|CoolTrainerGary
|player|p1|zen95|2
|player|p2|CoolTrainerGary|170
|gametype|singles
|gen|6
|tier|UU
|rated
|clearpoke
|poke|p1|Mew
|poke|p1|Thundurus-Therian, M
|poke|p1|Whimsicott, F
|poke|p1|Gorebyss, F
|poke|p1|Linoone, F
|poke|p1|Heracross, F
|poke|p2|Celebi
|poke|p2|Forretress, M
|poke|p2|Entei, shiny
|poke|p2|Flygon, M
|poke|p2|Swampert, F
|poke|p2|Florges, F
|rule|Sleep Clause Mod: Limit one foe put to sleep
|rule|Species Clause: Limit one of each Pokemon
|rule|OHKO Clause: OHKO moves are banned
|rule|Moody Clause: Moody is banned
|rule|Evasion Moves Clause: Evasion moves are banned
|rule|Endless Battle Clause: Forcing endless battles is banned.
|rule|HP Percentage Mod: HP is reported as percentages
|teampreview
|
|start
|switch|p1a: Mew|Mew|404\/404
|switch|p2a: Flygon|Flygon, M|301\/301
|turn|1
|
|move|p2a: Flygon|U-turn|p1a: Mew
|-supereffective|p1a: Mew
|-damage|p1a: Mew|272\/404
|
|switch|p2a: Entei|Entei, shiny|371\/371
|-ability|p2a: Entei|Pressure
|move|p1a: Mew|Barrier|p1a: Mew
|-boost|p1a: Mew|def|2
|
|turn|2
|chat|CoolTrainerGary|oh fuck you
|
|move|p1a: Mew|Amnesia|p1a: Mew
|-boost|p1a: Mew|spd|2
|move|p2a: Entei|Sacred Fire|p1a: Mew
|-damage|p1a: Mew|128\/404
|
|turn|3
|
|switch|p2a: Celebi|Celebi|396\/396
|move|p1a: Mew|Baton Pass|p1a: Mew
|
|switch|p1a: Linoone|Linoone, F|360\/360
|
|turn|4
|
|move|p2a: Celebi|Leaf Storm|p1a: Linoone
|-damage|p1a: Linoone|188\/360
|-unboost|p2a: Celebi|spa|2
|move|p1a: Linoone|Belly Drum|p1a: Linoone
|-damage|p1a: Linoone|8\/360
|-setboost|p1a: Linoone|atk|6|[from] move: Belly Drum
|-enditem|p1a: Linoone|Sitrus Berry|[eat]
|-heal|p1a: Linoone|98\/360|[from] item: Sitrus Berry
|
|turn|5
|
|switch|p2a: Forretress|Forretress, M|354\/354
|move|p1a: Linoone|Extreme Speed|p2a: Forretress
|-crit|p2a: Forretress
|-resisted|p2a: Forretress
|-damage|p2a: Forretress|117\/354
|
|-heal|p2a: Forretress|139\/354|[from] item: Leftovers
|turn|6
|
|move|p1a: Linoone|Shadow Claw|p2a: Forretress
|-damage|p2a: Forretress|0 fnt
|faint|p2a: Forretress
|
|
|switch|p2a: Entei|Entei, shiny|371\/371
|-ability|p2a: Entei|Pressure
|turn|7
|
|move|p2a: Entei|Extreme Speed|p1a: Linoone
|-damage|p1a: Linoone|0 fnt
|faint|p1a: Linoone
|
|
|switch|p1a: Gorebyss|Gorebyss, F|314\/314
|turn|8
|
|switch|p2a: Celebi|Celebi|396\/396
|move|p1a: Gorebyss|Shell Smash|p1a: Gorebyss
|-boost|p1a: Gorebyss|atk|2
|-boost|p1a: Gorebyss|spa|2
|-boost|p1a: Gorebyss|spe|2
|-unboost|p1a: Gorebyss|def|1
|-unboost|p1a: Gorebyss|spd|1
|-enditem|p1a: Gorebyss|White Herb
|-restoreboost|p1a: Gorebyss|[silent]
|
|turn|9
|
|move|p1a: Gorebyss|Amnesia|p1a: Gorebyss
|-boost|p1a: Gorebyss|spd|2
|move|p2a: Celebi|Psychic|p1a: Gorebyss
|-damage|p1a: Gorebyss|244\/314
|
|turn|10
|
|move|p1a: Gorebyss|Baton Pass|p1a: Gorebyss
|
|switch|p1a: Heracross|Heracross, F|301\/301
|move|p2a: Celebi|Leaf Storm|p1a: Heracross
|-resisted|p1a: Heracross
|-damage|p1a: Heracross|263\/301
|-unboost|p2a: Celebi|spa|2
|
|turn|11
|
|switch|p2a: Florges|Florges, F|360\/360
|move|p1a: Heracross|Megahorn|p2a: Florges
|-resisted|p2a: Florges
|-damage|p2a: Florges|163\/360
|
|-heal|p2a: Florges|185\/360|[from] item: Leftovers
|turn|12
|chat|CoolTrainerGary|such a gimmicky team tho, all i need is a phazer and your team is done
|
|move|p1a: Heracross|Earthquake|p2a: Florges
|-damage|p2a: Florges|0 fnt
|faint|p2a: Florges
|-boost|p1a: Heracross|atk|1|[from] ability: Moxie
|
|
|switch|p2a: Entei|Entei, shiny|371\/371
|-ability|p2a: Entei|Pressure
|turn|13
|chat|zen95|does swampert not have roar?
|chat|zen95|lol
|
|move|p2a: Entei|Extreme Speed|p1a: Heracross
|-damage|p1a: Heracross|79\/301
|move|p1a: Heracross|Earthquake|p2a: Entei
|-supereffective|p2a: Entei
|-damage|p2a: Entei|0 fnt
|faint|p2a: Entei
|-boost|p1a: Heracross|atk|1|[from] ability: Moxie
|
|chat|CoolTrainerGary|it does im just not running it atm
|chat|zen95|lol
|chat|zen95|then that's not my problem
|chat|CoolTrainerGary|but ill change it after this to handle tools like u
|
|switch|p2a: Flygon|Flygon, M|301\/301
|turn|14
|chat|zen95|nah it wouldn't have mattered
|chat|CoolTrainerGary|your team has shitty synergy all it is is annoyers and bping boosts
|
|move|p1a: Heracross|Close Combat|p2a: Flygon
|-damage|p2a: Flygon|0 fnt
|-unboost|p1a: Heracross|def|1
|-unboost|p1a: Heracross|spd|1
|faint|p2a: Flygon
|-boost|p1a: Heracross|atk|1|[from] ability: Moxie
|
|chat|zen95|cuz i haven't even had to use any
|chat|zen95|but oh wells
|chat|zen95|nice game
|chat|CoolTrainerGary|use any what
|
|switch|p2a: Swampert|Swampert, F|404\/404
|turn|15
|chat|zen95|good prediction skills with the leaf storm\/psychic lol
|chat|CoolTrainerGary|that doesnt answer my question
|
|move|p1a: Heracross|Close Combat|p2a: Swampert
|-damage|p2a: Swampert|0 fnt
|-unboost|p1a: Heracross|def|1
|-unboost|p1a: Heracross|spd|1
|faint|p2a: Swampert
|-boost|p1a: Heracross|atk|1|[from] ability: Moxie
|
|chat|zen95|i already did
|chat|CoolTrainerGary|"cuz i haven't even had to use any"
|chat|zen95|gg
|
|switch|p2a: Celebi|Celebi|396\/396
|turn|16
|
|move|p1a: Heracross|Megahorn|p2a: Celebi
|-supereffective|p2a: Celebi
|-damage|p2a: Celebi|0 fnt
|faint|p2a: Celebi
|
|win|zen95
|raw|Ladder updating...
|raw|zen95's rating: 1378 &rarr; <strong>1394<\/strong><br \/>(+16 for winning)
|raw|CoolTrainerGary's rating: 1309 &rarr; <strong>1293<\/strong><br \/>(-16 for losing)