|join|CoolTrainerGary
|join|Veentura10
|player|p1|CoolTrainerGary|170
|player|p2|Veentura10|147
|gametype|singles
|gen|6
|tier|UU
|rated
|rule|Sleep Clause Mod: Limit one foe put to sleep
|rule|Species Clause: Limit one of each PokÃ©mon
|rule|OHKO Clause: OHKO moves are banned
|rule|Moody Clause: Moody is banned
|rule|Evasion Moves Clause: Evasion moves are banned
|rule|Endless Battle Clause: Forcing endless battles is banned
|rule|HP Percentage Mod: HP is shown in percentages
|clearpoke
|poke|p1|Hippowdon, F
|poke|p1|Tentacruel, M
|poke|p1|Reuniclus, M
|poke|p1|Doublade, M
|poke|p1|Chesnaught, F
|poke|p1|Snorlax, M
|poke|p2|Darmanitan, M
|poke|p2|Donphan, M
|poke|p2|Suicune
|poke|p2|Honchkrow, F
|poke|p2|Alakazam, F
|poke|p2|Trevenant, F
|rule|Swagger Clause: Swagger is banned
|rule|Baton Pass Clause: Limit one PokÃ©mon knowing Baton Pass
|teampreview
|
|start
|switch|p1a: Walking Sybian|Chesnaught, F|380\/380
|switch|p2a: Darmanitan|Darmanitan, M|351\/351
|turn|1
|
|switch|p2a: Alakazam|Alakazam, F|252\/252
|move|p1a: Walking Sybian|Spiky Shield|p1a: Walking Sybian
|-fail|p1a: Walking Sybian
|
|turn|2
|
|switch|p1a: Double Penetration|Doublade, M|322\/322
|move|p2a: Alakazam|Psyshock|p1a: Double Penetration
|-resisted|p1a: Double Penetration
|-damage|p1a: Double Penetration|286\/322
|
|turn|3
|
|switch|p2a: Honchkrow|Honchkrow, F|341\/341
|switch|p1a: Dumpling|Snorlax, M|497\/497
|
|turn|4
|
|switch|p1a: Dick Long|Hippowdon, F|420\/420
|-weather|Sandstorm
|move|p2a: Honchkrow|Superpower|p1a: Dick Long
|-damage|p1a: Dick Long|268\/420
|-unboost|p2a: Honchkrow|atk|1
|-unboost|p2a: Honchkrow|def|1
|-damage|p2a: Honchkrow|307\/341|[from] item: Life Orb
|
|-weather|Sandstorm|[upkeep]
|-damage|p2a: Honchkrow|286\/341|[from] sandstorm
|turn|5
|
|switch|p2a: Trevenant|Trevenant, F|374\/374
|move|p1a: Dick Long|Stealth Rock|p2a: Trevenant
|-sidestart|p2: Veentura10|move: Stealth Rock
|
|-weather|Sandstorm|[upkeep]
|-damage|p2a: Trevenant|351\/374|[from] sandstorm
|turn|6
|
|switch|p1a: Many Gray Penises|Tentacruel, M|307\/307
|move|p2a: Trevenant|Leech Seed|p1a: Many Gray Penises
|-start|p1a: Many Gray Penises|move: Leech Seed
|
|-weather|Sandstorm|[upkeep]
|-damage|p1a: Many Gray Penises|288\/307|[from] sandstorm
|-damage|p2a: Trevenant|328\/374|[from] sandstorm
|-heal|p1a: Many Gray Penises|307\/307|[from] item: Leftovers
|-damage|p1a: Many Gray Penises|269\/307|[from] Leech Seed|[of] p2a: Trevenant
|-damage|p2a: Trevenant|290\/374|[from] ability: Liquid Ooze|[of] p1a: Many Gray Penises
|turn|7
|
|move|p1a: Many Gray Penises|Toxic Spikes|p2a: Trevenant
|-sidestart|p2: Veentura10|move: Toxic Spikes
|move|p2a: Trevenant|Will-O-Wisp|p1a: Many Gray Penises|[miss]
|-miss|p2a: Trevenant|p1a: Many Gray Penises
|
|-weather|Sandstorm|[upkeep]
|-damage|p1a: Many Gray Penises|250\/307|[from] sandstorm
|-damage|p2a: Trevenant|267\/374|[from] sandstorm
|-heal|p1a: Many Gray Penises|269\/307|[from] item: Leftovers
|-damage|p1a: Many Gray Penises|231\/307|[from] Leech Seed|[of] p2a: Trevenant
|-damage|p2a: Trevenant|229\/374|[from] ability: Liquid Ooze|[of] p1a: Many Gray Penises
|turn|8
|
|move|p1a: Many Gray Penises|Toxic Spikes|p2a: Trevenant
|-sidestart|p2: Veentura10|move: Toxic Spikes
|move|p2a: Trevenant|Will-O-Wisp|p1a: Many Gray Penises
|-status|p1a: Many Gray Penises|brn
|
|-weather|Sandstorm|[upkeep]
|-damage|p1a: Many Gray Penises|212\/307 brn|[from] sandstorm
|-damage|p2a: Trevenant|206\/374|[from] sandstorm
|-heal|p1a: Many Gray Penises|231\/307 brn|[from] item: Leftovers
|-damage|p1a: Many Gray Penises|193\/307 brn|[from] Leech Seed|[of] p2a: Trevenant
|-damage|p2a: Trevenant|168\/374|[from] ability: Liquid Ooze|[of] p1a: Many Gray Penises
|-damage|p1a: Many Gray Penises|155\/307 brn|[from] brn
|turn|9
|
|move|p1a: Many Gray Penises|Knock Off|p2a: Trevenant
|-supereffective|p2a: Trevenant
|-damage|p2a: Trevenant|122\/374
|-enditem|p2a: Trevenant|Lum Berry|[from] move: Knock Off|[of] p1a: Many Gray Penises
|move|p2a: Trevenant|Rest|p2a: Trevenant
|-status|p2a: Trevenant|slp
|-heal|p2a: Trevenant|374\/374 slp|[silent]
|-status|p2a: Trevenant|slp|[from] move: Rest
|
|-weather|Sandstorm|[upkeep]
|-damage|p1a: Many Gray Penises|136\/307 brn|[from] sandstorm
|-damage|p2a: Trevenant|351\/374 slp|[from] sandstorm
|-heal|p1a: Many Gray Penises|155\/307 brn|[from] item: Leftovers
|-damage|p1a: Many Gray Penises|117\/307 brn|[from] Leech Seed|[of] p2a: Trevenant
|-damage|p2a: Trevenant|313\/374 slp|[from] ability: Liquid Ooze|[of] p1a: Many Gray Penises
|-damage|p1a: Many Gray Penises|79\/307 brn|[from] brn
|turn|10
|
|switch|p1a: Walking Sybian|Chesnaught, F|380\/380
|switch|p2a: Donphan|Donphan, M|384\/384
|-damage|p2a: Donphan|360\/384|[from] Stealth Rock
|-status|p2a: Donphan|tox
|
|-weather|Sandstorm|[upkeep]
|-damage|p1a: Walking Sybian|357\/380|[from] sandstorm
|-heal|p1a: Walking Sybian|380\/380|[from] item: Leftovers
|-heal|p2a: Donphan|384\/384 tox|[from] item: Leftovers
|-damage|p2a: Donphan|360\/384 tox|[from] psn
|turn|11
|
|move|p1a: Walking Sybian|Spiky Shield|p1a: Walking Sybian
|-singleturn|p1a: Walking Sybian|move: Protect
|move|p2a: Donphan|Rapid Spin|p1a: Walking Sybian
|-activate|p1a: Walking Sybian|move: Protect
|-damage|p2a: Donphan|312\/384 tox|[from] Spiky Shield|[of] p1a: Walking Sybian
|
|-weather|none
|-heal|p2a: Donphan|336\/384 tox|[from] item: Leftovers
|-damage|p2a: Donphan|288\/384 tox|[from] psn
|turn|12
|
|switch|p1a: Double Penetration|Doublade, M|286\/322
|move|p2a: Donphan|Earthquake|p1a: Double Penetration
|-supereffective|p1a: Double Penetration
|-damage|p1a: Double Penetration|158\/322
|
|-heal|p2a: Donphan|312\/384 tox|[from] item: Leftovers
|-damage|p2a: Donphan|240\/384 tox|[from] psn
|turn|13
|
|move|p2a: Donphan|Earthquake|p1a: Double Penetration
|-supereffective|p1a: Double Penetration
|-damage|p1a: Double Penetration|14\/322
|move|p1a: Double Penetration|Sacred Sword|p2a: Donphan
|-damage|p2a: Donphan|176\/384 tox
|
|-heal|p2a: Donphan|200\/384 tox|[from] item: Leftovers
|-damage|p2a: Donphan|104\/384 tox|[from] psn
|turn|14
|
|switch|p2a: Trevenant|Trevenant, F|313\/374 slp
|-damage|p2a: Trevenant|267\/374 slp|[from] Stealth Rock
|move|p1a: Double Penetration|Shadow Sneak|p2a: Trevenant
|-supereffective|p2a: Trevenant
|-damage|p2a: Trevenant|151\/374 slp
|
|turn|15
|
|move|p1a: Double Penetration|Shadow Sneak|p2a: Trevenant
|-supereffective|p2a: Trevenant
|-damage|p2a: Trevenant|31\/374 slp
|cant|p2a: Trevenant|slp
|
|turn|16
|
|move|p1a: Double Penetration|Shadow Sneak|p2a: Trevenant
|-supereffective|p2a: Trevenant
|-damage|p2a: Trevenant|0 fnt
|faint|p2a: Trevenant
|
|
|switch|p2a: Honchkrow|Honchkrow, F|286\/341
|-damage|p2a: Honchkrow|201\/341|[from] Stealth Rock
|turn|17
|
|move|p2a: Honchkrow|Pursuit|p1a: Double Penetration|[from]Pursuit
|-supereffective|p1a: Double Penetration
|-damage|p1a: Double Penetration|0 fnt
|-damage|p2a: Honchkrow|167\/341|[from] item: Life Orb
|faint|p1a: Double Penetration
|-boost|p2a: Honchkrow|atk|1|[from] ability: Moxie
|
|
|switch|p1a: Dick Long|Hippowdon, F|268\/420
|-weather|Sandstorm
|turn|18
|
|switch|p1a: Walking Sybian|Chesnaught, F|380\/380
|move|p2a: Honchkrow|Brave Bird|p1a: Walking Sybian
|-supereffective|p1a: Walking Sybian
|-damage|p1a: Walking Sybian|0 fnt
|-damage|p2a: Honchkrow|42\/341|[from] recoil|[of] p1a: Walking Sybian
|-damage|p2a: Honchkrow|8\/341|[from] item: Life Orb
|faint|p1a: Walking Sybian
|-boost|p2a: Honchkrow|atk|1|[from] ability: Moxie
|
|-weather|Sandstorm|[upkeep]
|-damage|p2a: Honchkrow|0 fnt|[from] sandstorm
|faint|p2a: Honchkrow
|
|switch|p1a: Many Gray Penises|Tentacruel, M|79\/307 brn
|switch|p2a: Donphan|Donphan, M|104\/384 tox
|-damage|p2a: Donphan|80\/384 tox|[from] Stealth Rock
|turn|19
|
|move|p1a: Many Gray Penises|Scald|p2a: Donphan
|-supereffective|p2a: Donphan
|-damage|p2a: Donphan|0 fnt
|faint|p2a: Donphan
|
|-weather|Sandstorm|[upkeep]
|-damage|p1a: Many Gray Penises|60\/307 brn|[from] sandstorm
|-heal|p1a: Many Gray Penises|79\/307 brn|[from] item: Leftovers
|-damage|p1a: Many Gray Penises|41\/307 brn|[from] brn
|
|switch|p2a: Alakazam|Alakazam, F|252\/252
|-status|p2a: Alakazam|tox
|turn|20
|
|move|p2a: Alakazam|Psyshock|p1a: Many Gray Penises
|-supereffective|p1a: Many Gray Penises
|-damage|p1a: Many Gray Penises|0 fnt
|faint|p1a: Many Gray Penises
|
|-weather|Sandstorm|[upkeep]
|
|switch|p1a: Dumpling|Snorlax, M|497\/497
|turn|21
|
|move|p2a: Alakazam|Psyshock|p1a: Dumpling
|-damage|p1a: Dumpling|328\/497
|move|p1a: Dumpling|Body Slam|p2a: Alakazam
|-damage|p2a: Alakazam|48\/252 tox
|
|-weather|Sandstorm|[upkeep]
|-damage|p1a: Dumpling|297\/497|[from] sandstorm
|-heal|p1a: Dumpling|328\/497|[from] item: Leftovers
|turn|22
|
|move|p2a: Alakazam|Psyshock|p1a: Dumpling
|-damage|p1a: Dumpling|154\/497
|move|p1a: Dumpling|Body Slam|p2a: Alakazam
|-damage|p2a: Alakazam|0 fnt
|faint|p2a: Alakazam
|
|-weather|Sandstorm|[upkeep]
|-damage|p1a: Dumpling|123\/497|[from] sandstorm
|-heal|p1a: Dumpling|154\/497|[from] item: Leftovers
|
|switch|p2a: Darmanitan|Darmanitan, M|351\/351
|-status|p2a: Darmanitan|tox
|-damage|p2a: Darmanitan|264\/351 tox|[from] Stealth Rock
|turn|23
|
|move|p2a: Darmanitan|Flare Blitz|p1a: Dumpling
|-damage|p1a: Dumpling|4\/497
|-damage|p2a: Darmanitan|214\/351 tox|[from] recoil|[of] p1a: Dumpling
|move|p1a: Dumpling|Rest|p1a: Dumpling
|-status|p1a: Dumpling|slp
|-heal|p1a: Dumpling|497\/497 slp|[silent]
|-status|p1a: Dumpling|slp|[from] move: Rest
|
|-weather|Sandstorm|[upkeep]
|-damage|p2a: Darmanitan|193\/351 tox|[from] sandstorm
|-damage|p1a: Dumpling|466\/497 slp|[from] sandstorm
|-heal|p1a: Dumpling|497\/497 slp|[from] item: Leftovers
|-damage|p2a: Darmanitan|172\/351 tox|[from] psn
|turn|24
|c|âVeentura10|oh, thick fat
|c|âVeentura10|gg
|c|âCoolTrainerGary|gg
|-message|Veentura10 forfeited.
|
|win|CoolTrainerGary
|raw|Ladder updating...
|leave|Veentura10
|player|p2
|raw|CoolTrainerGary's rating: 1506 &rarr; <strong>1520<\/strong><br \/>(+14 for winning)
|raw|Veentura10's rating: 1400 &rarr; <strong>1386<\/strong><br \/>(-14 for losing)