|join|CoolTrainerGary
|join|Lunarlark
|player|p1|CoolTrainerGary|2
|player|p2|Lunarlark|209
|gametype|singles
|gen|6
|tier|UU
|rated
|rule|Sleep Clause Mod: Limit one foe put to sleep
|rule|Species Clause: Limit one of each PokÃ©mon
|rule|OHKO Clause: OHKO moves are banned
|rule|Moody Clause: Moody is banned
|rule|Evasion Moves Clause: Evasion moves are banned
|rule|Endless Battle Clause: Forcing endless battles is banned
|rule|HP Percentage Mod: HP is shown in percentages
|clearpoke
|poke|p1|Absol, F
|poke|p1|Roserade, M
|poke|p1|Jellicent, M
|poke|p1|Donphan, M
|poke|p1|Diancie
|poke|p1|Braviary, M
|poke|p2|Kingdra, F
|poke|p2|Aggron, F
|poke|p2|Florges, F
|poke|p2|Mienshao, M
|poke|p2|Shaymin
|poke|p2|Crobat, F
|rule|Swagger Clause: Swagger is banned
|rule|Baton Pass Clause: Limit one PokÃ©mon knowing Baton Pass
|teampreview
|c|âLunarlark|gl hf
|c|âCoolTrainerGary|u2
|
|start
|switch|p1a: Diancie|Diancie|304\/304
|switch|p2a: Mienshao|Mienshao, M|271\/271
|turn|1
|
|move|p2a: Mienshao|U-turn|p1a: Diancie
|-resisted|p1a: Diancie
|-damage|p1a: Diancie|274\/304
|
|switch|p2a: Aggron|Aggron, F|344\/344
|move|p1a: Diancie|Stealth Rock|p2a: Aggron
|-sidestart|p2: Lunarlark|move: Stealth Rock
|
|-heal|p1a: Diancie|293\/304|[from] item: Leftovers
|turn|2
|
|switch|p1a: Donphan|Donphan, M|364\/364
|detailschange|p2a: Aggron|Aggron-Mega, F
|-mega|p2a: Aggron|Aggron|Aggronite
|move|p2a: Aggron|Stealth Rock|p1a: Donphan
|-sidestart|p1: CoolTrainerGary|move: Stealth Rock
|
|turn|3
|
|move|p1a: Donphan|Rapid Spin|p2a: Aggron
|-resisted|p2a: Aggron
|-damage|p2a: Aggron|339\/344
|-sideend|p1: CoolTrainerGary|Stealth Rock|[from] move: Rapid Spin|[of] p1a: Donphan
|move|p2a: Aggron|Toxic|p1a: Donphan
|-status|p1a: Donphan|tox
|
|-damage|p1a: Donphan|342\/364 tox|[from] psn
|turn|4
|
|move|p1a: Donphan|Earthquake|p2a: Aggron
|-supereffective|p2a: Aggron
|-damage|p2a: Aggron|236\/344
|move|p2a: Aggron|Stealth Rock|p1a: Donphan
|-sidestart|p1: CoolTrainerGary|move: Stealth Rock
|
|-heal|p1a: Donphan|364\/364 tox|[from] item: Leftovers
|-damage|p1a: Donphan|320\/364 tox|[from] psn
|turn|5
|
|switch|p2a: Shaymin|Shaymin|341\/341
|-damage|p2a: Shaymin|299\/341|[from] Stealth Rock
|move|p1a: Donphan|Earthquake|p2a: Shaymin
|-resisted|p2a: Shaymin
|-damage|p2a: Shaymin|200\/341
|
|-heal|p2a: Shaymin|221\/341|[from] item: Leftovers
|-heal|p1a: Donphan|342\/364 tox|[from] item: Leftovers
|-damage|p1a: Donphan|276\/364 tox|[from] psn
|turn|6
|
|switch|p1a: Roserade|Roserade, M|324\/324
|-damage|p1a: Roserade|284\/324|[from] Stealth Rock
|move|p2a: Shaymin|Substitute|p2a: Shaymin
|-start|p2a: Shaymin|Substitute
|-damage|p2a: Shaymin|136\/341
|
|-heal|p2a: Shaymin|157\/341|[from] item: Leftovers
|-heal|p1a: Roserade|304\/324|[from] item: Black Sludge
|turn|7
|
|move|p2a: Shaymin|Air Slash|p1a: Roserade
|-supereffective|p1a: Roserade
|-damage|p1a: Roserade|198\/324
|move|p1a: Roserade|Spikes|p2a: Shaymin
|-sidestart|p2: Lunarlark|Spikes
|
|-heal|p2a: Shaymin|178\/341|[from] item: Leftovers
|-heal|p1a: Roserade|218\/324|[from] item: Black Sludge
|turn|8
|
|move|p2a: Shaymin|Air Slash|p1a: Roserade
|-supereffective|p1a: Roserade
|-damage|p1a: Roserade|120\/324
|move|p1a: Roserade|Synthesis|p1a: Roserade
|-heal|p1a: Roserade|282\/324
|
|-heal|p2a: Shaymin|199\/341|[from] item: Leftovers
|-heal|p1a: Roserade|302\/324|[from] item: Black Sludge
|turn|9
|
|move|p2a: Shaymin|Air Slash|p1a: Roserade
|-supereffective|p1a: Roserade
|-damage|p1a: Roserade|196\/324
|cant|p1a: Roserade|flinch
|
|-heal|p2a: Shaymin|220\/341|[from] item: Leftovers
|-heal|p1a: Roserade|216\/324|[from] item: Black Sludge
|turn|10
|
|move|p2a: Shaymin|Air Slash|p1a: Roserade
|-supereffective|p1a: Roserade
|-damage|p1a: Roserade|106\/324
|move|p1a: Roserade|Synthesis|p1a: Roserade
|-heal|p1a: Roserade|268\/324
|
|-heal|p2a: Shaymin|241\/341|[from] item: Leftovers
|-heal|p1a: Roserade|288\/324|[from] item: Black Sludge
|turn|11
|
|move|p2a: Shaymin|Air Slash|p1a: Roserade|[miss]
|-miss|p2a: Shaymin|p1a: Roserade
|move|p1a: Roserade|Sludge Bomb|p2a: Shaymin
|-supereffective|p2a: Shaymin
|-end|p2a: Shaymin|Substitute
|
|-heal|p2a: Shaymin|262\/341|[from] item: Leftovers
|-heal|p1a: Roserade|308\/324|[from] item: Black Sludge
|turn|12
|
|switch|p2a: Crobat|Crobat, F|373\/373
|-damage|p2a: Crobat|280\/373|[from] Stealth Rock
|switch|p1a: Braviary|Braviary, M|341\/341
|-damage|p1a: Braviary|256\/341|[from] Stealth Rock
|
|-heal|p2a: Crobat|303\/373|[from] item: Black Sludge
|turn|13
|
|move|p1a: Braviary|Return|p2a: Crobat
|-damage|p2a: Crobat|108\/373
|move|p2a: Crobat|Defog|p1a: Braviary
|-unboost|p1a: Braviary|evasion|1
|-boost|p1a: Braviary|atk|2|[from] ability: Defiant
|-sideend|p1: CoolTrainerGary|Stealth Rock|[from] move: Defog|[of] p1a: Braviary
|-sideend|p2: Lunarlark|Spikes|[from] move: Defog|[of] p2a: Crobat
|-sideend|p2: Lunarlark|Stealth Rock|[from] move: Defog|[of] p2a: Crobat
|
|-heal|p2a: Crobat|131\/373|[from] item: Black Sludge
|turn|14
|
|switch|p2a: Aggron|Aggron-Mega, F|236\/344
|move|p1a: Braviary|Return|p2a: Aggron
|-crit|p2a: Aggron
|-resisted|p2a: Aggron
|-damage|p2a: Aggron|121\/344
|
|turn|15
|
|switch|p1a: Jellicent|Jellicent, M|404\/404
|move|p2a: Aggron|Toxic|p1a: Jellicent
|-status|p1a: Jellicent|tox
|
|-damage|p1a: Jellicent|379\/404 tox|[from] psn
|turn|16
|
|switch|p2a: Florges|Florges, F|359\/359
|move|p1a: Jellicent|Taunt|p2a: Florges
|-start|p2a: Florges|move: Taunt
|
|-heal|p1a: Jellicent|404\/404 tox|[from] item: Leftovers
|-damage|p1a: Jellicent|354\/404 tox|[from] psn
|turn|17
|
|move|p2a: Florges|Moonblast|p1a: Jellicent
|-damage|p1a: Jellicent|233\/404 tox
|-unboost|p1a: Jellicent|spa|1
|move|p1a: Jellicent|Scald|p2a: Florges
|-damage|p2a: Florges|328\/359
|
|-heal|p2a: Florges|350\/359|[from] item: Leftovers
|-heal|p1a: Jellicent|258\/404 tox|[from] item: Leftovers
|-damage|p1a: Jellicent|183\/404 tox|[from] psn
|turn|18
|
|switch|p1a: Roserade|Roserade, M|308\/324
|move|p2a: Florges|Moonblast|p1a: Roserade
|-resisted|p1a: Roserade
|-damage|p1a: Roserade|266\/324
|
|-heal|p1a: Roserade|286\/324|[from] item: Black Sludge
|-heal|p2a: Florges|359\/359|[from] item: Leftovers
|turn|19
|
|switch|p2a: Mienshao|Mienshao, M|271\/271
|move|p1a: Roserade|Spikes|p2a: Mienshao
|-sidestart|p2: Lunarlark|Spikes
|
|-heal|p1a: Roserade|306\/324|[from] item: Black Sludge
|turn|20
|
|move|p2a: Mienshao|U-turn|p1a: Roserade
|-damage|p1a: Roserade|198\/324
|
|switch|p2a: Aggron|Aggron-Mega, F|121\/344
|-damage|p2a: Aggron|78\/344|[from] Spikes
|move|p1a: Roserade|Giga Drain|p2a: Aggron
|-resisted|p2a: Aggron
|-damage|p2a: Aggron|26\/344
|-heal|p1a: Roserade|224\/324|[from] drain|[of] p2a: Aggron
|
|-heal|p1a: Roserade|244\/324|[from] item: Black Sludge
|turn|21
|
|move|p1a: Roserade|Giga Drain|p2a: Aggron
|-resisted|p2a: Aggron
|-damage|p2a: Aggron|0 fnt
|-heal|p1a: Roserade|257\/324|[from] drain|[of] p2a: Aggron
|faint|p2a: Aggron
|
|-heal|p1a: Roserade|277\/324|[from] item: Black Sludge
|
|switch|p2a: Kingdra|Kingdra, F|291\/291
|-damage|p2a: Kingdra|255\/291|[from] Spikes
|turn|22
|
|move|p2a: Kingdra|Focus Energy|p2a: Kingdra
|-start|p2a: Kingdra|move: Focus Energy
|move|p1a: Roserade|Sludge Bomb|p2a: Kingdra
|-damage|p2a: Kingdra|129\/291
|-status|p2a: Kingdra|psn
|
|-heal|p1a: Roserade|297\/324|[from] item: Black Sludge
|-damage|p2a: Kingdra|93\/291 psn|[from] psn
|turn|23
|
|switch|p1a: Diancie|Diancie|293\/304
|move|p2a: Kingdra|Draco Meteor|p1a: Diancie
|-immune|p1a: Diancie|[msg]
|
|-heal|p1a: Diancie|304\/304|[from] item: Leftovers
|-damage|p2a: Kingdra|57\/291 psn|[from] psn
|turn|24
|
|switch|p1a: Jellicent|Jellicent, M|183\/404 tox
|move|p2a: Kingdra|Flash Cannon|p1a: Jellicent
|-crit|p1a: Jellicent
|-resisted|p1a: Jellicent
|-damage|p1a: Jellicent|92\/404 tox
|
|-heal|p1a: Jellicent|117\/404 tox|[from] item: Leftovers
|-damage|p2a: Kingdra|21\/291 psn|[from] psn
|-damage|p1a: Jellicent|92\/404 tox|[from] psn
|turn|25
|
|move|p2a: Kingdra|Flash Cannon|p1a: Jellicent
|-crit|p1a: Jellicent
|-resisted|p1a: Jellicent
|-damage|p1a: Jellicent|10\/404 tox
|move|p1a: Jellicent|Recover|p1a: Jellicent
|-heal|p1a: Jellicent|212\/404 tox
|
|-heal|p1a: Jellicent|237\/404 tox|[from] item: Leftovers
|-damage|p2a: Kingdra|0 fnt|[from] psn
|-damage|p1a: Jellicent|187\/404 tox|[from] psn
|faint|p2a: Kingdra
|
|switch|p2a: Mienshao|Mienshao, M|271\/271
|-damage|p2a: Mienshao|238\/271|[from] Spikes
|turn|26
|
|move|p2a: Mienshao|Knock Off|p1a: Jellicent
|-supereffective|p1a: Jellicent
|-damage|p1a: Jellicent|0 fnt
|-enditem|p1a: Jellicent|Leftovers|[from] move: Knock Off|[of] p2a: Mienshao
|faint|p1a: Jellicent
|
|
|switch|p1a: Absol|Absol, F|271\/271
|turn|27
|
|switch|p2a: Florges|Florges, F|359\/359
|-damage|p2a: Florges|315\/359|[from] Spikes
|detailschange|p1a: Absol|Absol-Mega, F
|-mega|p1a: Absol|Absol|Absolite
|move|p1a: Absol|Knock Off|p2a: Florges
|-resisted|p2a: Florges
|-damage|p2a: Florges|201\/359
|-enditem|p2a: Florges|Leftovers|[from] move: Knock Off|[of] p1a: Absol
|
|turn|28
|
|switch|p1a: Roserade|Roserade, M|297\/324
|move|p2a: Florges|Moonblast|p1a: Roserade
|-resisted|p1a: Roserade
|-damage|p1a: Roserade|250\/324
|
|-heal|p1a: Roserade|270\/324|[from] item: Black Sludge
|turn|29
|
|move|p2a: Florges|Protect|p2a: Florges
|-singleturn|p2a: Florges|Protect
|move|p1a: Roserade|Spikes|p2a: Florges
|-sidestart|p2: Lunarlark|Spikes
|
|-heal|p1a: Roserade|290\/324|[from] item: Black Sludge
|turn|30
|
|move|p1a: Roserade|Sludge Bomb|p2a: Florges
|-supereffective|p2a: Florges
|-damage|p2a: Florges|33\/359
|move|p2a: Florges|Wish|p2a: Florges
|
|-heal|p1a: Roserade|310\/324|[from] item: Black Sludge
|turn|31
|
|switch|p1a: Diancie|Diancie|304\/304
|switch|p2a: Crobat|Crobat, F|131\/373
|
|-heal|p2a: Crobat|310\/373|[from] move: Wish|[wisher] Florges
|-heal|p2a: Crobat|333\/373|[from] item: Black Sludge
|turn|32
|
|switch|p1a: Braviary|Braviary, M|256\/341
|move|p2a: Crobat|Defog|p1a: Braviary
|-unboost|p1a: Braviary|evasion|1
|-boost|p1a: Braviary|atk|2|[from] ability: Defiant
|-sideend|p2: Lunarlark|Spikes|[from] move: Defog|[of] p2a: Crobat
|
|-heal|p2a: Crobat|356\/373|[from] item: Black Sludge
|turn|33
|
|move|p1a: Braviary|Return|p2a: Crobat
|-damage|p2a: Crobat|0 fnt
|faint|p2a: Crobat
|
|
|switch|p2a: Mienshao|Mienshao, M|271\/271
|turn|34
|
|switch|p1a: Absol|Absol-Mega, F|271\/271
|move|p2a: Mienshao|U-turn|p1a: Absol
|-supereffective|p1a: Absol
|-damage|p1a: Absol|45\/271
|
|switch|p2a: Florges|Florges, F|33\/359
|
|turn|35
|
|move|p1a: Absol|Knock Off|p2a: Florges
|-resisted|p2a: Florges
|-damage|p2a: Florges|0 fnt
|faint|p2a: Florges
|
|
|switch|p2a: Mienshao|Mienshao, M|271\/271
|turn|36
|
|move|p1a: Absol|Sucker Punch|p2a: Mienshao
|-resisted|p2a: Mienshao
|-damage|p2a: Mienshao|143\/271
|move|p2a: Mienshao|U-turn|p1a: Absol
|-supereffective|p1a: Absol
|-damage|p1a: Absol|0 fnt
|faint|p1a: Absol
|
|switch|p2a: Shaymin|Shaymin|262\/341
|
|-heal|p2a: Shaymin|283\/341|[from] item: Leftovers
|
|switch|p1a: Braviary|Braviary, M|256\/341
|turn|37
|
|move|p1a: Braviary|Brave Bird|p2a: Shaymin
|-supereffective|p2a: Shaymin
|-damage|p2a: Shaymin|0 fnt
|-damage|p1a: Braviary|163\/341|[from] recoil|[of] p2a: Shaymin
|faint|p2a: Shaymin
|
|
|switch|p2a: Mienshao|Mienshao, M|233\/271
|turn|38
|
|move|p2a: Mienshao|High Jump Kick|p1a: Braviary|[miss]
|-miss|p2a: Mienshao|p1a: Braviary
|-damage|p2a: Mienshao|98\/271|[from] highjumpkick
|move|p1a: Braviary|Brave Bird|p2a: Mienshao
|-supereffective|p2a: Mienshao
|-damage|p2a: Mienshao|0 fnt
|-damage|p1a: Braviary|131\/341|[from] recoil|[of] p2a: Mienshao
|faint|p2a: Mienshao
|
|win|CoolTrainerGary
|raw|Ladder updating...
|raw|CoolTrainerGary's rating: 1401 &rarr; <strong>1418<\/strong><br \/>(+17 for winning)
|raw|Lunarlark's rating: 1354 &rarr; <strong>1336<\/strong><br \/>(-18 for losing)
|c|âCoolTrainerGary|gg
|leave|Lunarlark
|player|p2