|join|CoolTrainerGary
|join|Gnaro
|player|p1|CoolTrainerGary|266
|player|p2|Gnaro|17
|gametype|singles
|gen|6
|tier|UU
|rated
|rule|Sleep Clause Mod: Limit one foe put to sleep
|rule|Species Clause: Limit one of each PokÃ©mon
|rule|OHKO Clause: OHKO moves are banned
|rule|Moody Clause: Moody is banned
|rule|Evasion Moves Clause: Evasion moves are banned
|rule|Endless Battle Clause: Forcing endless battles is banned
|rule|HP Percentage Mod: HP is shown in percentages
|clearpoke
|poke|p1|Gallade, M
|poke|p1|Rhyperior, M
|poke|p1|Jirachi
|poke|p1|Shaymin
|poke|p1|Crobat, F
|poke|p1|Vaporeon, F
|poke|p2|Arcanine, F
|poke|p2|Hydreigon, M
|poke|p2|Lopunny, F
|poke|p2|Celebi
|poke|p2|Starmie
|poke|p2|Nidoqueen, F
|rule|Swagger Clause: Swagger is banned
|rule|Baton Pass Clause: Limit one PokÃ©mon knowing Baton Pass
|teampreview
|
|start
|switch|p1a: Wet Pussy|Vaporeon, F|451\/451
|switch|p2a: Lopunny|Lopunny, F|272\/272
|turn|1
|
|detailschange|p2a: Lopunny|Lopunny-Mega, F
|message|Lopunny has Mega Evolved into Mega Lopunny!
|move|p1a: Wet Pussy|Protect|p1a: Wet Pussy
|-singleturn|p1a: Wet Pussy|Protect
|move|p2a: Lopunny|Fake Out|p1a: Wet Pussy
|-activate|p1a: Wet Pussy|Protect
|
|turn|2
|
|switch|p2a: Celebi|Celebi|404\/404
|move|p1a: Wet Pussy|Baton Pass|p1a: Wet Pussy
|
|switch|p1a: Foursome|Crobat, F|373\/373
|
|turn|3
|
|switch|p2a: Arcanine|Arcanine, F|383\/383
|-ability|p2a: Arcanine|Intimidate|[of] p1a: Foursome
|-unboost|p1a: Foursome|atk|1
|move|p1a: Foursome|U-turn|p2a: Arcanine
|-resisted|p2a: Arcanine
|-damage|p2a: Arcanine|366\/383
|
|switch|p1a: Sit On My Face|Rhyperior, M|433\/433
|
|-heal|p2a: Arcanine|383\/383|[from] item: Leftovers
|turn|4
|
|move|p2a: Arcanine|Will-O-Wisp|p1a: Sit On My Face
|-status|p1a: Sit On My Face|brn
|move|p1a: Sit On My Face|Stealth Rock|p2a: Arcanine
|-sidestart|p2: Gnaro|move: Stealth Rock
|
|-damage|p1a: Sit On My Face|379\/433 brn|[from] brn
|turn|5
|
|switch|p2a: Celebi|Celebi|404\/404
|-damage|p2a: Celebi|354\/404|[from] Stealth Rock
|switch|p1a: ShayCarl|Shaymin|341\/341
|
|-heal|p2a: Celebi|379\/404|[from] item: Leftovers
|turn|6
|
|switch|p1a: Tomarachi|Jirachi|341\/341
|move|p2a: Celebi|Giga Drain|p1a: Tomarachi
|-resisted|p1a: Tomarachi
|-damage|p1a: Tomarachi|299\/341
|-heal|p2a: Celebi|400\/404|[from] drain|[of] p1a: Tomarachi
|
|-heal|p2a: Celebi|404\/404|[from] item: Leftovers
|turn|7
|
|switch|p2a: Arcanine|Arcanine, F|383\/383
|-damage|p2a: Arcanine|288\/383|[from] Stealth Rock
|-ability|p2a: Arcanine|Intimidate|[of] p1a: Tomarachi
|-unboost|p1a: Tomarachi|atk|1
|move|p1a: Tomarachi|U-turn|p2a: Arcanine
|-resisted|p2a: Arcanine
|-damage|p2a: Arcanine|267\/383
|
|switch|p1a: Wet Pussy|Vaporeon, F|451\/451
|
|-heal|p2a: Arcanine|290\/383|[from] item: Leftovers
|turn|8
|
|switch|p2a: Nidoqueen|Nidoqueen, F|384\/384
|-damage|p2a: Nidoqueen|360\/384|[from] Stealth Rock
|move|p1a: Wet Pussy|Scald|p2a: Nidoqueen
|-supereffective|p2a: Nidoqueen
|-damage|p2a: Nidoqueen|142\/384
|
|turn|9
|
|move|p2a: Nidoqueen|Stealth Rock|p1a: Wet Pussy
|-sidestart|p1: CoolTrainerGary|move: Stealth Rock
|move|p1a: Wet Pussy|Scald|p2a: Nidoqueen
|-supereffective|p2a: Nidoqueen
|-damage|p2a: Nidoqueen|0 fnt
|faint|p2a: Nidoqueen
|
|
|switch|p2a: Celebi|Celebi|404\/404
|-damage|p2a: Celebi|354\/404|[from] Stealth Rock
|turn|10
|
|switch|p1a: Tomarachi|Jirachi|299\/341
|-damage|p1a: Tomarachi|278\/341|[from] Stealth Rock
|move|p2a: Celebi|Giga Drain|p1a: Tomarachi
|-resisted|p1a: Tomarachi
|-damage|p1a: Tomarachi|236\/341
|-heal|p2a: Celebi|375\/404|[from] drain|[of] p1a: Tomarachi
|
|-heal|p2a: Celebi|400\/404|[from] item: Leftovers
|turn|11
|
|switch|p2a: Arcanine|Arcanine, F|290\/383
|-damage|p2a: Arcanine|195\/383|[from] Stealth Rock
|-ability|p2a: Arcanine|Intimidate|[of] p1a: Tomarachi
|-unboost|p1a: Tomarachi|atk|1
|move|p1a: Tomarachi|U-turn|p2a: Arcanine
|-resisted|p2a: Arcanine
|-damage|p2a: Arcanine|175\/383
|
|switch|p1a: Gligar Man|Gallade, M|277\/277
|-damage|p1a: Gligar Man|260\/277|[from] Stealth Rock
|
|-heal|p2a: Arcanine|198\/383|[from] item: Leftovers
|turn|12
|
|detailschange|p1a: Gligar Man|Gallade-Mega, M
|message|Gallade has Mega Evolved into Mega Gallade!
|move|p1a: Gligar Man|Close Combat|p2a: Arcanine
|-damage|p2a: Arcanine|0 fnt
|-unboost|p1a: Gligar Man|def|1
|-unboost|p1a: Gligar Man|spd|1
|faint|p2a: Arcanine
|
|
|switch|p2a: Lopunny|Lopunny-Mega, F|272\/272
|-damage|p2a: Lopunny|255\/272|[from] Stealth Rock
|turn|13
|
|switch|p1a: Tomarachi|Jirachi|236\/341
|-damage|p1a: Tomarachi|215\/341|[from] Stealth Rock
|move|p2a: Lopunny|Frustration|p1a: Tomarachi
|-resisted|p1a: Tomarachi
|-damage|p1a: Tomarachi|123\/341
|
|turn|14
|
|move|p1a: Tomarachi|Iron Head|p2a: Lopunny
|-damage|p2a: Lopunny|134\/272
|cant|p2a: Lopunny|flinch
|
|turn|15
|
|switch|p2a: Starmie|Starmie|261\/261
|-damage|p2a: Starmie|229\/261|[from] Stealth Rock
|move|p1a: Tomarachi|Iron Head|p2a: Starmie
|-resisted|p2a: Starmie
|-damage|p2a: Starmie|157\/261
|
|-heal|p2a: Starmie|173\/261|[from] item: Leftovers
|turn|16
|
|switch|p1a: ShayCarl|Shaymin|341\/341
|-damage|p1a: ShayCarl|299\/341|[from] Stealth Rock
|move|p2a: Starmie|Rapid Spin|p1a: ShayCarl
|-damage|p1a: ShayCarl|287\/341
|-sideend|p2: Gnaro|Stealth Rock|[from] move: Rapid Spin|[of] p2a: Starmie
|
|-heal|p2a: Starmie|189\/261|[from] item: Leftovers
|turn|17
|
|move|p2a: Starmie|Ice Beam|p1a: ShayCarl
|-supereffective|p1a: ShayCarl
|-damage|p1a: ShayCarl|95\/341
|move|p1a: ShayCarl|Dazzling Gleam|p2a: Starmie
|-damage|p2a: Starmie|47\/261
|
|-heal|p2a: Starmie|63\/261|[from] item: Leftovers
|turn|18
|
|move|p2a: Starmie|Ice Beam|p1a: ShayCarl
|-supereffective|p1a: ShayCarl
|-damage|p1a: ShayCarl|0 fnt
|faint|p1a: ShayCarl
|
|-heal|p2a: Starmie|79\/261|[from] item: Leftovers
|
|switch|p1a: Tomarachi|Jirachi|123\/341
|-damage|p1a: Tomarachi|102\/341|[from] Stealth Rock
|turn|19
|
|move|p1a: Tomarachi|U-turn|p2a: Starmie
|-supereffective|p2a: Starmie
|-damage|p2a: Starmie|0 fnt
|faint|p2a: Starmie
|
|switch|p1a: Sit On My Face|Rhyperior, M|379\/433 brn
|-damage|p1a: Sit On My Face|352\/433 brn|[from] Stealth Rock
|
|-heal|p1a: Sit On My Face|379\/433 brn|[from] item: Leftovers
|-damage|p1a: Sit On My Face|325\/433 brn|[from] brn
|
|switch|p2a: Celebi|Celebi|400\/404
|turn|20
|
|switch|p1a: Tomarachi|Jirachi|102\/341
|-damage|p1a: Tomarachi|81\/341|[from] Stealth Rock
|move|p2a: Celebi|Giga Drain|p1a: Tomarachi
|-resisted|p1a: Tomarachi
|-damage|p1a: Tomarachi|40\/341
|-heal|p2a: Celebi|404\/404|[from] drain|[of] p1a: Tomarachi
|
|turn|21
|
|switch|p2a: Hydreigon|Hydreigon, M|325\/325
|move|p1a: Tomarachi|U-turn|p2a: Hydreigon
|-crit|p2a: Hydreigon
|-supereffective|p2a: Hydreigon
|-damage|p2a: Hydreigon|89\/325
|
|switch|p1a: Foursome|Crobat, F|373\/373
|-damage|p1a: Foursome|280\/373|[from] Stealth Rock
|
|turn|22
|
|move|p2a: Hydreigon|Draco Meteor|p1a: Foursome
|-damage|p1a: Foursome|0 fnt
|-unboost|p2a: Hydreigon|spa|2
|faint|p1a: Foursome
|
|
|switch|p1a: Gligar Man|Gallade-Mega, M|260\/277
|-damage|p1a: Gligar Man|243\/277|[from] Stealth Rock
|turn|23
|
|move|p2a: Hydreigon|Draco Meteor|p1a: Gligar Man|[miss]
|-miss|p2a: Hydreigon|p1a: Gligar Man
|move|p1a: Gligar Man|Close Combat|p2a: Hydreigon
|-supereffective|p2a: Hydreigon
|-damage|p2a: Hydreigon|0 fnt
|-unboost|p1a: Gligar Man|def|1
|-unboost|p1a: Gligar Man|spd|1
|faint|p2a: Hydreigon
|
|
|switch|p2a: Lopunny|Lopunny-Mega, F|134\/272
|turn|24
|
|switch|p1a: Wet Pussy|Vaporeon, F|451\/451
|-damage|p1a: Wet Pussy|395\/451|[from] Stealth Rock
|move|p2a: Lopunny|Frustration|p1a: Wet Pussy
|-damage|p1a: Wet Pussy|175\/451
|
|-heal|p1a: Wet Pussy|203\/451|[from] item: Leftovers
|turn|25
|
|move|p2a: Lopunny|Frustration|p1a: Wet Pussy
|-damage|p1a: Wet Pussy|0 fnt
|faint|p1a: Wet Pussy
|
|
|switch|p1a: Tomarachi|Jirachi|40\/341
|-damage|p1a: Tomarachi|19\/341|[from] Stealth Rock
|turn|26
|
|switch|p2a: Celebi|Celebi|404\/404
|move|p1a: Tomarachi|Healing Wish|p1a: Tomarachi
|faint|p1a: Tomarachi
|
|
|switch|p1a: Sit On My Face|Rhyperior, M|325\/433 brn
|-heal|p1a: Sit On My Face|433\/433|[from] move: Healing Wish
|-damage|p1a: Sit On My Face|406\/433|[from] Stealth Rock
|turn|27
|
|switch|p1a: Gligar Man|Gallade-Mega, M|243\/277
|-damage|p1a: Gligar Man|226\/277|[from] Stealth Rock
|move|p2a: Celebi|Giga Drain|p1a: Gligar Man
|-damage|p1a: Gligar Man|153\/277
|
|turn|28
|
|move|p1a: Gligar Man|Knock Off|p2a: Celebi
|-supereffective|p2a: Celebi
|-damage|p2a: Celebi|104\/404
|-enditem|p2a: Celebi|Leftovers|[from] move: Knock Off|[of] p1a: Gligar Man
|move|p2a: Celebi|Giga Drain|p1a: Gligar Man
|-damage|p1a: Gligar Man|77\/277
|-heal|p2a: Celebi|142\/404|[from] drain|[of] p1a: Gligar Man
|
|turn|29
|
|move|p1a: Gligar Man|Knock Off|p2a: Celebi
|-supereffective|p2a: Celebi
|-damage|p2a: Celebi|0 fnt
|faint|p2a: Celebi
|
|
|switch|p2a: Lopunny|Lopunny-Mega, F|134\/272
|turn|30
|
|move|p2a: Lopunny|Fake Out|p1a: Gligar Man
|-damage|p1a: Gligar Man|0 fnt
|faint|p1a: Gligar Man
|
|
|switch|p1a: Sit On My Face|Rhyperior, M|406\/433
|-damage|p1a: Sit On My Face|379\/433|[from] Stealth Rock
|turn|31
|
|move|p2a: Lopunny|High Jump Kick|p1a: Sit On My Face
|-supereffective|p1a: Sit On My Face
|-damage|p1a: Sit On My Face|82\/433
|move|p1a: Sit On My Face|Earthquake|p2a: Lopunny
|-crit|p2a: Lopunny
|-damage|p2a: Lopunny|0 fnt
|faint|p2a: Lopunny
|
|win|CoolTrainerGary
|raw|Ladder updating...
|c|âCoolTrainerGary|gg
|c|âGnaro|gg
|raw|CoolTrainerGary's rating: 1481 &rarr; <strong>1490<\/strong><br \/>(+9 for winning)
|raw|Gnaro's rating: 1252 &rarr; <strong>1242<\/strong><br \/>(-10 for losing)