|join|CoolTrainerGary
|join|ampd302
|player|p1|CoolTrainerGary|265
|player|p2|ampd302|278
|gametype|singles
|gen|6
|tier|UU
|rule|Sleep Clause Mod: Limit one foe put to sleep
|rule|Species Clause: Limit one of each PokÃ©mon
|rule|OHKO Clause: OHKO moves are banned
|rule|Moody Clause: Moody is banned
|rule|Evasion Moves Clause: Evasion moves are banned
|rule|Endless Battle Clause: Forcing endless battles is banned
|rule|HP Percentage Mod: HP is shown in percentages
|clearpoke
|poke|p1|Absol, F
|poke|p1|Roserade, F
|poke|p1|Jellicent, M
|poke|p1|Donphan, M
|poke|p1|Diancie
|poke|p1|Braviary, M
|poke|p2|Mienshao, F
|poke|p2|Cresselia, F
|poke|p2|Rotom-Heat
|poke|p2|Roserade, M
|poke|p2|Forretress, F
|poke|p2|Kingdra, M
|rule|Swagger Clause: Swagger is banned
|rule|Baton Pass Clause: Limit one PokÃ©mon knowing Baton Pass
|teampreview
|join|BusyJay
|
|start
|switch|p1a: Braviary|Braviary, M|341\/341
|switch|p2a: Mienshao|Mienshao, F|272\/272
|turn|1
|
|switch|p2a: Rotom-Heat|Rotom-Heat|304\/304
|move|p1a: Braviary|Brave Bird|p2a: Rotom-Heat
|-resisted|p2a: Rotom-Heat
|-damage|p2a: Rotom-Heat|238\/304
|-damage|p1a: Braviary|319\/341|[from] recoil|[of] p2a: Rotom-Heat
|
|-heal|p2a: Rotom-Heat|257\/304|[from] item: Leftovers
|turn|2
|
|switch|p1a: Diancie|Diancie|304\/304
|move|p2a: Rotom-Heat|Will-O-Wisp|p1a: Diancie
|-status|p1a: Diancie|brn
|
|-heal|p2a: Rotom-Heat|276\/304|[from] item: Leftovers
|-damage|p1a: Diancie|266\/304 brn|[from] brn
|turn|3
|
|move|p2a: Rotom-Heat|Volt Switch|p1a: Diancie
|-damage|p1a: Diancie|206\/304 brn
|
|switch|p2a: Forretress|Forretress, F|353\/353
|move|p1a: Diancie|Stealth Rock|p2a: Forretress
|-sidestart|p2: ampd302|move: Stealth Rock
|
|-heal|p1a: Diancie|225\/304 brn|[from] item: Leftovers
|-damage|p1a: Diancie|187\/304 brn|[from] brn
|turn|4
|
|switch|p1a: Jellicent|Jellicent, M|404\/404
|move|p2a: Forretress|Stealth Rock|p1a: Jellicent
|-sidestart|p1: CoolTrainerGary|move: Stealth Rock
|
|turn|5
|
|switch|p1a: Braviary|Braviary, M|319\/341
|-damage|p1a: Braviary|234\/341|[from] Stealth Rock
|move|p2a: Forretress|Toxic|p1a: Braviary
|-status|p1a: Braviary|tox
|
|-damage|p1a: Braviary|213\/341 tox|[from] psn
|turn|6
|
|move|p1a: Braviary|U-turn|p2a: Forretress
|-resisted|p2a: Forretress
|-damage|p2a: Forretress|323\/353
|
|switch|p1a: Jellicent|Jellicent, M|404\/404
|-damage|p1a: Jellicent|354\/404|[from] Stealth Rock
|move|p2a: Forretress|Rapid Spin|p1a: Jellicent
|-immune|p1a: Jellicent|[msg]
|
|-heal|p1a: Jellicent|379\/404|[from] item: Leftovers
|-heal|p2a: Forretress|345\/353|[from] item: Leftovers
|turn|7
|
|move|p1a: Jellicent|Taunt|p2a: Forretress
|-start|p2a: Forretress|move: Taunt
|cant|p2a: Forretress|move: Taunt|Toxic
|
|-heal|p1a: Jellicent|404\/404|[from] item: Leftovers
|-heal|p2a: Forretress|353\/353|[from] item: Leftovers
|turn|8
|
|switch|p2a: Roserade|Roserade, M|261\/261
|-damage|p2a: Roserade|229\/261|[from] Stealth Rock
|move|p1a: Jellicent|Ice Beam|p2a: Roserade
|-supereffective|p2a: Roserade
|-damage|p2a: Roserade|103\/261
|
|turn|9
|
|switch|p1a: Braviary|Braviary, M|213\/341 tox
|-damage|p1a: Braviary|128\/341 tox|[from] Stealth Rock
|move|p2a: Roserade|Leaf Storm|p1a: Braviary
|-resisted|p1a: Braviary
|-damage|p1a: Braviary|0 fnt
|-unboost|p2a: Roserade|spa|2
|-damage|p2a: Roserade|77\/261|[from] item: Life Orb
|faint|p1a: Braviary
|
|
|switch|p1a: Roserade|Roserade, F|324\/324
|-damage|p1a: Roserade|284\/324|[from] Stealth Rock
|turn|10
|
|switch|p2a: Forretress|Forretress, F|353\/353
|-damage|p2a: Forretress|309\/353|[from] Stealth Rock
|move|p1a: Roserade|Spikes|p2a: Forretress
|-sidestart|p2: ampd302|Spikes
|
|-heal|p1a: Roserade|304\/324|[from] item: Black Sludge
|-heal|p2a: Forretress|331\/353|[from] item: Leftovers
|turn|11
|
|move|p1a: Roserade|Spikes|p2a: Forretress
|-sidestart|p2: ampd302|Spikes
|move|p2a: Forretress|Toxic|p1a: Roserade
|-fail|p1a: Roserade
|
|-heal|p1a: Roserade|324\/324|[from] item: Black Sludge
|-heal|p2a: Forretress|353\/353|[from] item: Leftovers
|turn|12
|
|switch|p1a: Jellicent|Jellicent, M|404\/404
|-damage|p1a: Jellicent|354\/404|[from] Stealth Rock
|move|p2a: Forretress|Toxic|p1a: Jellicent
|-status|p1a: Jellicent|tox
|
|-heal|p1a: Jellicent|379\/404 tox|[from] item: Leftovers
|-damage|p1a: Jellicent|354\/404 tox|[from] psn
|turn|13
|
|move|p1a: Jellicent|Scald|p2a: Forretress
|-damage|p2a: Forretress|268\/353
|move|p2a: Forretress|Gyro Ball|p1a: Jellicent
|-resisted|p1a: Jellicent
|-damage|p1a: Jellicent|336\/404 tox
|
|-heal|p1a: Jellicent|361\/404 tox|[from] item: Leftovers
|-heal|p2a: Forretress|290\/353|[from] item: Leftovers
|-damage|p1a: Jellicent|311\/404 tox|[from] psn
|turn|14
|
|switch|p2a: Cresselia|Cresselia, F|444\/444
|-damage|p2a: Cresselia|389\/444|[from] Stealth Rock
|move|p1a: Jellicent|Scald|p2a: Cresselia
|-crit|p2a: Cresselia
|-damage|p2a: Cresselia|298\/444
|
|-heal|p2a: Cresselia|325\/444|[from] item: Leftovers
|-heal|p1a: Jellicent|336\/404 tox|[from] item: Leftovers
|-damage|p1a: Jellicent|261\/404 tox|[from] psn
|turn|15
|
|move|p2a: Cresselia|Psyshock|p1a: Jellicent
|-damage|p1a: Jellicent|192\/404 tox
|move|p1a: Jellicent|Taunt|p2a: Cresselia
|-start|p2a: Cresselia|move: Taunt
|
|-heal|p2a: Cresselia|352\/444|[from] item: Leftovers
|-heal|p1a: Jellicent|217\/404 tox|[from] item: Leftovers
|-damage|p1a: Jellicent|117\/404 tox|[from] psn
|turn|16
|
|switch|p2a: Mienshao|Mienshao, F|272\/272
|-damage|p2a: Mienshao|255\/272|[from] Stealth Rock
|-damage|p2a: Mienshao|210\/272|[from] Spikes
|switch|p1a: Donphan|Donphan, M|364\/364
|-damage|p1a: Donphan|342\/364|[from] Stealth Rock
|
|-heal|p1a: Donphan|364\/364|[from] item: Leftovers
|turn|17
|
|move|p2a: Mienshao|Knock Off|p1a: Donphan
|-damage|p1a: Donphan|261\/364
|-enditem|p1a: Donphan|Leftovers|[from] move: Knock Off|[of] p2a: Mienshao
|move|p1a: Donphan|Knock Off|p2a: Mienshao
|-resisted|p2a: Mienshao
|-damage|p2a: Mienshao|123\/272
|-enditem|p2a: Mienshao|Choice Scarf|[from] move: Knock Off|[of] p1a: Donphan
|
|turn|18
|
|move|p2a: Mienshao|U-turn|p1a: Donphan
|-damage|p1a: Donphan|189\/364
|
|switch|p2a: Rotom-Heat|Rotom-Heat|276\/304
|-damage|p2a: Rotom-Heat|200\/304|[from] Stealth Rock
|move|p1a: Donphan|Rapid Spin|p2a: Rotom-Heat
|-damage|p2a: Rotom-Heat|182\/304
|-sideend|p1: CoolTrainerGary|Stealth Rock|[from] move: Rapid Spin|[of] p1a: Donphan
|
|-heal|p2a: Rotom-Heat|201\/304|[from] item: Leftovers
|turn|19
|
|move|p2a: Rotom-Heat|Will-O-Wisp|p1a: Donphan
|-status|p1a: Donphan|brn
|move|p1a: Donphan|Knock Off|p2a: Rotom-Heat
|-damage|p2a: Rotom-Heat|157\/304
|-enditem|p2a: Rotom-Heat|Leftovers|[from] move: Knock Off|[of] p1a: Donphan
|
|-damage|p1a: Donphan|144\/364 brn|[from] brn
|turn|20
|
|move|p2a: Rotom-Heat|Volt Switch|p1a: Donphan
|-immune|p1a: Donphan|[msg]
|move|p1a: Donphan|Knock Off|p2a: Rotom-Heat
|-damage|p2a: Rotom-Heat|131\/304
|
|-damage|p1a: Donphan|99\/364 brn|[from] brn
|turn|21
|
|switch|p2a: Mienshao|Mienshao, F|213\/272
|-damage|p2a: Mienshao|168\/272|[from] Spikes
|-damage|p2a: Mienshao|151\/272|[from] Stealth Rock
|move|p1a: Donphan|Knock Off|p2a: Mienshao
|-resisted|p2a: Mienshao
|-damage|p2a: Mienshao|121\/272
|
|-damage|p1a: Donphan|54\/364 brn|[from] brn
|turn|22
|
|move|p1a: Donphan|Ice Shard|p2a: Mienshao
|-damage|p2a: Mienshao|85\/272
|move|p2a: Mienshao|U-turn|p1a: Donphan
|-damage|p1a: Donphan|0 fnt
|faint|p1a: Donphan
|join|r0ady
|leave|r0ady
|
|switch|p2a: Rotom-Heat|Rotom-Heat|131\/304
|-damage|p2a: Rotom-Heat|55\/304|[from] Stealth Rock
|
|
|switch|p1a: Absol|Absol, F|271\/271
|turn|23
|
|detailschange|p1a: Absol|Absol-Mega, F
|-mega|p1a: Absol|Absol|Absolite
|move|p1a: Absol|Swords Dance|p1a: Absol
|-boost|p1a: Absol|atk|2
|move|p2a: Rotom-Heat|Pain Split|p1a: Absol
|-sethp|p1a: Absol|163\/271|p2a: Rotom-Heat|163\/304|[from] move: Pain Split
|
|turn|24
|
|move|p1a: Absol|Knock Off|p2a: Rotom-Heat
|-damage|p2a: Rotom-Heat|0 fnt
|faint|p2a: Rotom-Heat
|
|
|switch|p2a: Forretress|Forretress, F|290\/353
|-damage|p2a: Forretress|246\/353|[from] Stealth Rock
|-damage|p2a: Forretress|188\/353|[from] Spikes
|turn|25
|
|move|p1a: Absol|Knock Off|p2a: Forretress
|-damage|p2a: Forretress|0 fnt
|-enditem|p2a: Forretress|Leftovers|[from] move: Knock Off|[of] p1a: Absol
|faint|p2a: Forretress
|
|
|switch|p2a: Mienshao|Mienshao, F|175\/272
|-damage|p2a: Mienshao|130\/272|[from] Spikes
|-damage|p2a: Mienshao|113\/272|[from] Stealth Rock
|turn|26
|
|move|p1a: Absol|Sucker Punch|p2a: Mienshao
|-resisted|p2a: Mienshao
|-damage|p2a: Mienshao|0 fnt
|faint|p2a: Mienshao
|
|
|switch|p2a: Kingdra|Kingdra, M|291\/291
|-damage|p2a: Kingdra|255\/291|[from] Stealth Rock
|-damage|p2a: Kingdra|207\/291|[from] Spikes
|turn|27
|
|move|p1a: Absol|Knock Off|p2a: Kingdra
|-damage|p2a: Kingdra|0 fnt
|-enditem|p2a: Kingdra|Life Orb|[from] move: Knock Off|[of] p1a: Absol
|faint|p2a: Kingdra
|
|
|switch|p2a: Cresselia|Cresselia, F|352\/444
|-damage|p2a: Cresselia|297\/444|[from] Stealth Rock
|turn|28
|
|move|p1a: Absol|Knock Off|p2a: Cresselia
|-supereffective|p2a: Cresselia
|-damage|p2a: Cresselia|0 fnt
|-enditem|p2a: Cresselia|Leftovers|[from] move: Knock Off|[of] p1a: Absol
|faint|p2a: Cresselia
|
|
|switch|p2a: Roserade|Roserade, M|77\/261
|-damage|p2a: Roserade|34\/261|[from] Spikes
|-damage|p2a: Roserade|2\/261|[from] Stealth Rock
|turn|29
|
|move|p1a: Absol|Knock Off|p2a: Roserade
|-damage|p2a: Roserade|0 fnt
|-enditem|p2a: Roserade|Life Orb|[from] move: Knock Off|[of] p1a: Absol
|faint|p2a: Roserade
|
|win|CoolTrainerGary
|leave|ampd302
|player|p2