|join|CoolTrainerGary
|join|HentaiGuy
|player|p1|CoolTrainerGary|101
|player|p2|HentaiGuy|169
|gametype|singles
|gen|6
|tier|UU
|rated
|rule|Sleep Clause Mod: Limit one foe put to sleep
|rule|Species Clause: Limit one of each PokÃ©mon
|rule|OHKO Clause: OHKO moves are banned
|rule|Moody Clause: Moody is banned
|rule|Evasion Moves Clause: Evasion moves are banned
|rule|Endless Battle Clause: Forcing endless battles is banned
|rule|HP Percentage Mod: HP is shown in percentages
|clearpoke
|poke|p1|Articuno
|poke|p1|Swampert, F
|poke|p1|Empoleon, F
|poke|p1|Florges, F
|poke|p1|Mienshao, M
|poke|p1|Rotom-Heat
|poke|p2|Absol, F
|poke|p2|Crobat, M
|poke|p2|Seismitoad, F
|poke|p2|Raikou
|poke|p2|Vaporeon, F
|poke|p2|Chesnaught, M
|rule|Swagger Clause: Swagger is banned
|rule|Baton Pass Clause: Limit one PokÃ©mon knowing Baton Pass
|teampreview
|
|start
|switch|p1a: Articuno|Articuno|331\/331
|switch|p2a: Raikou|Raikou|321\/321
|-ability|p2a: Raikou|Pressure
|-ability|p1a: Articuno|Pressure
|turn|1
|
|switch|p1a: Swampert|Swampert, F|404\/404
|move|p2a: Raikou|Volt Switch|p1a: Swampert
|-immune|p1a: Swampert|[msg]
|
|turn|2
|
|switch|p2a: I was born a .face|Seismitoad, F|405\/405
|detailschange|p1a: Swampert|Swampert-Mega, F
|-mega|p1a: Swampert|Swampert|Swampertite
|move|p1a: Swampert|Stealth Rock|p2a: I was born a .face
|-sidestart|p2: HentaiGuy|move: Stealth Rock
|
|turn|3
|
|switch|p1a: Articuno|Articuno|331\/331
|-ability|p1a: Articuno|Pressure
|move|p2a: I was born a .face|Stealth Rock|p1a: Articuno
|-sidestart|p1: CoolTrainerGary|move: Stealth Rock
|
|turn|4
|
|switch|p2a: Raikou|Raikou|321\/321
|-damage|p2a: Raikou|281\/321|[from] Stealth Rock
|-ability|p2a: Raikou|Pressure
|move|p1a: Articuno|Freeze-Dry|p2a: Raikou
|-damage|p2a: Raikou|160\/321
|-damage|p1a: Articuno|298\/331|[from] item: Life Orb
|
|turn|5
|
|switch|p1a: Rotom-Heat|Rotom-Heat|303\/303
|-damage|p1a: Rotom-Heat|228\/303|[from] Stealth Rock
|move|p2a: Raikou|Volt Switch|p1a: Rotom-Heat
|-resisted|p1a: Rotom-Heat
|-damage|p1a: Rotom-Heat|177\/303
|
|switch|p2a: AB .Soul|Absol, F|271\/271
|-damage|p2a: AB .Soul|238\/271|[from] Stealth Rock
|
|-heal|p1a: Rotom-Heat|195\/303|[from] item: Leftovers
|turn|6
|
|switch|p2a: I was born a .face|Seismitoad, F|405\/405
|-damage|p2a: I was born a .face|380\/405|[from] Stealth Rock
|move|p1a: Rotom-Heat|Volt Switch|p2a: I was born a .face
|-immune|p2a: I was born a .face|[msg]
|
|-heal|p1a: Rotom-Heat|213\/303|[from] item: Leftovers
|-heal|p2a: I was born a .face|405\/405|[from] item: Leftovers
|turn|7
|
|move|p1a: Rotom-Heat|Hidden Power|p2a: I was born a .face
|-crit|p2a: I was born a .face
|-supereffective|p2a: I was born a .face
|-damage|p2a: I was born a .face|0 fnt
|faint|p2a: I was born a .face
|
|-heal|p1a: Rotom-Heat|231\/303|[from] item: Leftovers
|
|switch|p2a: Lukewarm|Vaporeon, F|449\/449
|-damage|p2a: Lukewarm|393\/449|[from] Stealth Rock
|turn|8
|
|move|p1a: Rotom-Heat|Volt Switch|p2a: Lukewarm
|-supereffective|p2a: Lukewarm
|-damage|p2a: Lukewarm|181\/449
|
|switch|p1a: Empoleon|Empoleon, F|372\/372
|-damage|p1a: Empoleon|349\/372|[from] Stealth Rock
|move|p2a: Lukewarm|Wish|p2a: Lukewarm
|
|-heal|p2a: Lukewarm|209\/449|[from] item: Leftovers
|-heal|p1a: Empoleon|372\/372|[from] item: Leftovers
|turn|9
|
|move|p2a: Lukewarm|Scald|p1a: Empoleon
|-resisted|p1a: Empoleon
|-damage|p1a: Empoleon|338\/372
|move|p1a: Empoleon|Defog|p2a: Lukewarm
|-unboost|p2a: Lukewarm|evasion|1
|-sideend|p2: HentaiGuy|Stealth Rock|[from] move: Defog|[of] p2a: Lukewarm
|-sideend|p1: CoolTrainerGary|Stealth Rock|[from] move: Defog|[of] p1a: Empoleon
|
|-heal|p2a: Lukewarm|433\/449|[from] move: Wish|[wisher] Lukewarm
|-heal|p2a: Lukewarm|449\/449|[from] item: Leftovers
|-heal|p1a: Empoleon|361\/372|[from] item: Leftovers
|turn|10
|
|move|p2a: Lukewarm|Scald|p1a: Empoleon
|-resisted|p1a: Empoleon
|-damage|p1a: Empoleon|326\/372
|move|p1a: Empoleon|Knock Off|p2a: Lukewarm
|-damage|p2a: Lukewarm|383\/449
|-enditem|p2a: Lukewarm|Leftovers|[from] move: Knock Off|[of] p1a: Empoleon
|
|-heal|p1a: Empoleon|349\/372|[from] item: Leftovers
|turn|11
|
|move|p2a: Lukewarm|Scald|p1a: Empoleon
|-resisted|p1a: Empoleon
|-damage|p1a: Empoleon|314\/372
|move|p1a: Empoleon|Knock Off|p2a: Lukewarm
|-damage|p2a: Lukewarm|340\/449
|
|-heal|p1a: Empoleon|337\/372|[from] item: Leftovers
|turn|12
|
|switch|p2a: AB .Soul|Absol, F|238\/271
|switch|p1a: Florges|Florges, F|360\/360
|
|turn|13
|
|switch|p2a: Crobat|Crobat, M|373\/373
|switch|p1a: Rotom-Heat|Rotom-Heat|231\/303
|
|-heal|p1a: Rotom-Heat|249\/303|[from] item: Leftovers
|turn|14
|
|move|p2a: Crobat|Toxic|p1a: Rotom-Heat
|-status|p1a: Rotom-Heat|tox
|move|p1a: Rotom-Heat|Volt Switch|p2a: Crobat
|-crit|p2a: Crobat
|-supereffective|p2a: Crobat
|-damage|p2a: Crobat|0 fnt
|faint|p2a: Crobat
|
|switch|p1a: Articuno|Articuno|298\/331
|-ability|p1a: Articuno|Pressure
|
|
|switch|p2a: Raikou|Raikou|160\/321
|-ability|p2a: Raikou|Pressure
|turn|15
|
|switch|p1a: Swampert|Swampert-Mega, F|404\/404
|move|p2a: Raikou|Hidden Power|p1a: Swampert
|-supereffective|p1a: Swampert
|-damage|p1a: Swampert|168\/404
|
|turn|16
|
|switch|p2a: AB .Soul|Absol, F|238\/271
|switch|p1a: Articuno|Articuno|298\/331
|-ability|p1a: Articuno|Pressure
|
|turn|17
|c|âHentaiGuy|Gg I can't win
|c|âCoolTrainerGary|gg
|c|âHentaiGuy|I'm gonna play it out tho
|c|âCoolTrainerGary|ok
|c|âHentaiGuy|maybe I'll get lucky
|
|detailschange|p2a: AB .Soul|Absol-Mega, F
|-mega|p2a: AB .Soul|Absol|Absolite
|move|p1a: Articuno|Hurricane|p2a: AB .Soul|[miss]
|-miss|p1a: Articuno|p2a: AB .Soul
|move|p2a: AB .Soul|Knock Off|p1a: Articuno
|-damage|p1a: Articuno|97\/331
|-enditem|p1a: Articuno|Life Orb|[from] move: Knock Off|[of] p2a: AB .Soul
|
|turn|18
|c|âCoolTrainerGary|well there ya go lol
|
|move|p2a: AB .Soul|Swords Dance|p2a: AB .Soul
|-boost|p2a: AB .Soul|atk|2
|move|p1a: Articuno|Roost|p1a: Articuno
|-heal|p1a: Articuno|263\/331
|
|turn|19
|c|âHentaiGuy|Lag
|
|move|p2a: AB .Soul|Superpower|p1a: Articuno
|-damage|p1a: Articuno|0 fnt
|-unboost|p2a: AB .Soul|atk|1
|-unboost|p2a: AB .Soul|def|1
|faint|p1a: Articuno
|
|
|switch|p1a: Mienshao|Mienshao, M|271\/271
|turn|20
|
|switch|p2a: Lukewarm|Vaporeon, F|340\/449
|move|p1a: Mienshao|High Jump Kick|p2a: Lukewarm
|-damage|p2a: Lukewarm|51\/449
|
|turn|21
|
|switch|p1a: Rotom-Heat|Rotom-Heat|249\/303 tox
|move|p2a: Lukewarm|Wish|p2a: Lukewarm
|
|-heal|p1a: Rotom-Heat|267\/303 tox|[from] item: Leftovers
|-damage|p1a: Rotom-Heat|249\/303 tox|[from] psn
|turn|22
|
|move|p2a: Lukewarm|Protect|p2a: Lukewarm
|-singleturn|p2a: Lukewarm|Protect
|move|p1a: Rotom-Heat|Volt Switch|p2a: Lukewarm
|-activate|p2a: Lukewarm|Protect
|
|-heal|p2a: Lukewarm|275\/449|[from] move: Wish|[wisher] Lukewarm
|-heal|p1a: Rotom-Heat|267\/303 tox|[from] item: Leftovers
|-damage|p1a: Rotom-Heat|231\/303 tox|[from] psn
|turn|23
|
|move|p1a: Rotom-Heat|Volt Switch|p2a: Lukewarm
|-supereffective|p2a: Lukewarm
|-damage|p2a: Lukewarm|75\/449
|c|âHentaiGuy|But you crited my Crobat
|c|âCoolTrainerGary|in the long run i dont think it mattered
|c|âCoolTrainerGary|and i lost my articuno which wrecks you bc of a miss so it evens out
|c|âHentaiGuy|I would still have a Bat
|
|switch|p1a: Florges|Florges, F|360\/360
|move|p2a: Lukewarm|Wish|p2a: Lukewarm
|
|turn|24
|c|âCoolTrainerGary|you have nothing to counter cuno, i have rotom h and empoleon which stop bat anyways
|
|move|p1a: Florges|Aromatherapy|p1a: Florges
|-cureteam|p1a: Florges|[from] move: Aromatherapy
|move|p2a: Lukewarm|Scald|p1a: Florges
|-damage|p1a: Florges|294\/360
|
|-heal|p2a: Lukewarm|299\/449|[from] move: Wish|[wisher] Lukewarm
|-heal|p1a: Florges|316\/360|[from] item: Leftovers
|turn|25
|
|move|p1a: Florges|Wish|p1a: Florges
|move|p2a: Lukewarm|Wish|p2a: Lukewarm
|
|-heal|p1a: Florges|338\/360|[from] item: Leftovers
|turn|26
|
|switch|p1a: Swampert|Swampert-Mega, F|168\/404
|move|p2a: Lukewarm|Scald|p1a: Swampert
|-damage|p1a: Swampert|83\/404
|-status|p1a: Swampert|brn
|
|-heal|p2a: Lukewarm|449\/449|[from] move: Wish|[wisher] Lukewarm
|-heal|p1a: Swampert|263\/404 brn|[from] move: Wish|[wisher] Florges
|-damage|p1a: Swampert|213\/404 brn|[from] brn
|turn|27
|c|âCoolTrainerGary|im gonna have to pp stall your vap
|
|switch|p2a: AB .Soul|Absol-Mega, F|238\/271
|switch|p1a: Florges|Florges, F|338\/360
|
|-heal|p1a: Florges|360\/360|[from] item: Leftovers
|turn|28
|
|switch|p2a: Lukewarm|Vaporeon, F|449\/449
|move|p1a: Florges|Moonblast|p2a: Lukewarm
|-damage|p2a: Lukewarm|341\/449
|
|turn|29
|
|move|p1a: Florges|Aromatherapy|p1a: Florges
|-cureteam|p1a: Florges|[from] move: Aromatherapy
|move|p2a: Lukewarm|Scald|p1a: Florges
|-damage|p1a: Florges|285\/360
|
|-heal|p1a: Florges|307\/360|[from] item: Leftovers
|turn|30
|
|move|p1a: Florges|Wish|p1a: Florges
|move|p2a: Lukewarm|Scald|p1a: Florges
|-damage|p1a: Florges|234\/360
|
|-heal|p1a: Florges|256\/360|[from] item: Leftovers
|turn|31
|
|switch|p1a: Swampert|Swampert-Mega, F|213\/404
|move|p2a: Lukewarm|Wish|p2a: Lukewarm
|
|-heal|p1a: Swampert|393\/404|[from] move: Wish|[wisher] Florges
|turn|32
|
|switch|p2a: AB .Soul|Absol-Mega, F|238\/271
|move|p1a: Swampert|Earthquake|p2a: AB .Soul
|-damage|p2a: AB .Soul|0 fnt
|faint|p2a: AB .Soul
|
|
|switch|p2a: ChestNaughty|Chesnaught, M|380\/380
|turn|33
|c|âHentaiGuy|Why use Mega Pert with rocks?
|
|switch|p1a: Rotom-Heat|Rotom-Heat|231\/303
|move|p2a: ChestNaughty|Leech Seed|p1a: Rotom-Heat
|-start|p1a: Rotom-Heat|move: Leech Seed
|
|-heal|p1a: Rotom-Heat|249\/303|[from] item: Leftovers
|-damage|p1a: Rotom-Heat|212\/303|[from] Leech Seed|[of] p2a: ChestNaughty
|turn|34
|c|âCoolTrainerGary|it is significantly bulkier than regular pert
|c|âCoolTrainerGary|and it hits harder with no investment
|c|âCoolTrainerGary|in EVs
|c|âCoolTrainerGary|regular pert wouldnt ko absol like that
|
|move|p2a: ChestNaughty|Spiky Shield|p2a: ChestNaughty
|-singleturn|p2a: ChestNaughty|move: Protect
|move|p1a: Rotom-Heat|Overheat|p2a: ChestNaughty
|-activate|p2a: ChestNaughty|move: Protect
|
|-heal|p1a: Rotom-Heat|230\/303|[from] item: Leftovers
|-damage|p1a: Rotom-Heat|193\/303|[from] Leech Seed|[of] p2a: ChestNaughty
|turn|35
|
|move|p1a: Rotom-Heat|Volt Switch|p2a: ChestNaughty
|-resisted|p2a: ChestNaughty
|-damage|p2a: ChestNaughty|306\/380
|
|switch|p1a: Mienshao|Mienshao, M|271\/271
|move|p2a: ChestNaughty|Leech Seed|p1a: Mienshao
|-start|p1a: Mienshao|move: Leech Seed
|
|-heal|p2a: ChestNaughty|329\/380|[from] item: Leftovers
|-damage|p1a: Mienshao|238\/271|[from] Leech Seed|[of] p2a: ChestNaughty
|-heal|p2a: ChestNaughty|362\/380|[silent]
|turn|36
|
|switch|p1a: Rotom-Heat|Rotom-Heat|193\/303
|move|p2a: ChestNaughty|Drain Punch|p1a: Rotom-Heat
|-damage|p1a: Rotom-Heat|102\/303
|-heal|p2a: ChestNaughty|380\/380|[from] drain|[of] p1a: Rotom-Heat
|
|-heal|p1a: Rotom-Heat|120\/303|[from] item: Leftovers
|turn|37
|
|move|p1a: Rotom-Heat|Pain Split|p2a: ChestNaughty
|-sethp|p2a: ChestNaughty|250\/380|p1a: Rotom-Heat|250\/303|[from] move: Pain Split
|move|p2a: ChestNaughty|Leech Seed|p1a: Rotom-Heat
|-start|p1a: Rotom-Heat|move: Leech Seed
|
|-heal|p1a: Rotom-Heat|268\/303|[from] item: Leftovers
|-heal|p2a: ChestNaughty|273\/380|[from] item: Leftovers
|-damage|p1a: Rotom-Heat|231\/303|[from] Leech Seed|[of] p2a: ChestNaughty
|-heal|p2a: ChestNaughty|310\/380|[silent]
|turn|38
|
|move|p1a: Rotom-Heat|Overheat|p2a: ChestNaughty
|-supereffective|p2a: ChestNaughty
|-damage|p2a: ChestNaughty|0 fnt
|-unboost|p1a: Rotom-Heat|spa|2
|faint|p2a: ChestNaughty
|
|-heal|p1a: Rotom-Heat|249\/303|[from] item: Leftovers
|-message|HentaiGuy forfeited.
|leave|HentaiGuy
|
|switch|p2a: Lukewarm|Vaporeon, F|341\/449
|turn|39
|
|win|CoolTrainerGary
|raw|Ladder updating...
|player|p2
|raw|CoolTrainerGary's rating: 1413 &rarr; <strong>1436<\/strong><br \/>(+23 for winning)
|raw|HentaiGuy's rating: 1470 &rarr; <strong>1447<\/strong><br \/>(-23 for losing)