|join|Filia Medici
|join|CoolTrainerGary
|player|p1|Filia Medici|289
|player|p2|CoolTrainerGary|169
|gametype|singles
|gen|6
|tier|UU
|rule|Sleep Clause Mod: Limit one foe put to sleep
|rule|Species Clause: Limit one of each PokÃ©mon
|rule|OHKO Clause: OHKO moves are banned
|rule|Moody Clause: Moody is banned
|rule|Evasion Moves Clause: Evasion moves are banned
|rule|Endless Battle Clause: Forcing endless battles is banned
|rule|HP Percentage Mod: HP is shown in percentages
|clearpoke
|poke|p1|Shedinja
|poke|p1|Absol, M
|poke|p1|Xatu, F
|poke|p1|Cobalion
|poke|p1|Archeops, F
|poke|p1|Tentacruel, M
|poke|p2|Azelf
|poke|p2|Moltres
|poke|p2|Raikou
|poke|p2|Entei, shiny
|poke|p2|Celebi
|poke|p2|Lucario, M
|rule|Swagger Clause: Swagger is banned
|rule|Baton Pass Clause: Limit one PokÃ©mon knowing Baton Pass
|teampreview
|c|âFilia Medici|gl hf
|c|âCoolTrainerGary|u2
|c|âCoolTrainerGary|cool tean
|c|âFilia Medici|you too lol
|
|start
|switch|p1a: Redneck|Archeops, F|291\/291
|switch|p2a: Trey8|Moltres|347\/347
|-ability|p2a: Trey8|Pressure
|turn|1
|
|switch|p2a: Lucario|Lucario, M|281\/281
|move|p1a: Redneck|Stone Edge|p2a: Lucario|[miss]
|-miss|p1a: Redneck|p2a: Lucario
|
|turn|2
|
|switch|p1a: DOOT DOOT|Xatu, F|334\/334
|move|p2a: Lucario|Bullet Punch|p1a: DOOT DOOT
|-damage|p1a: DOOT DOOT|248\/334
|-damage|p2a: Lucario|235\/281|[from] item: Rocky Helmet|[of] p1a: DOOT DOOT
|-damage|p2a: Lucario|207\/281|[from] item: Life Orb
|
|turn|3
|
|switch|p2a: Onion|Celebi|404\/404
|move|p1a: DOOT DOOT|Roost|p1a: DOOT DOOT
|-heal|p1a: DOOT DOOT|334\/334
|
|turn|4
|
|move|p2a: Onion|Nasty Plot|p2a: Onion
|-boost|p2a: Onion|spa|2
|move|p1a: DOOT DOOT|U-turn|p2a: Onion
|-supereffective|p2a: Onion
|-damage|p2a: Onion|268\/404
|-enditem|p2a: Onion|Weakness Policy
|-boost|p2a: Onion|atk|2|[from] item: Weakness Policy
|-boost|p2a: Onion|spa|2|[from] item: Weakness Policy
|
|switch|p1a: Win Condition|Shedinja|1\/1
|
|turn|5
|
|move|p2a: Onion|Baton Pass|p2a: Onion
|
|switch|p2a: Mardis Gras|Entei, shiny|371\/371
|-ability|p2a: Mardis Gras|Pressure
|move|p1a: Win Condition|X-Scissor|p2a: Mardis Gras
|-resisted|p2a: Mardis Gras
|-damage|p2a: Mardis Gras|302\/371
|
|turn|6
|
|move|p1a: Win Condition|Protect|p1a: Win Condition
|-singleturn|p1a: Win Condition|Protect
|move|p2a: Mardis Gras|Sacred Fire|p1a: Win Condition
|-activate|p1a: Win Condition|Protect
|
|turn|7
|
|switch|p1a: DOOT DOOT|Xatu, F|334\/334
|move|p2a: Mardis Gras|Sacred Fire|p1a: DOOT DOOT
|-damage|p1a: DOOT DOOT|0 fnt
|-damage|p2a: Mardis Gras|265\/371|[from] item: Life Orb
|faint|p1a: DOOT DOOT
|
|
|switch|p1a: Redneck|Archeops, F|291\/291
|turn|8
|
|move|p2a: Mardis Gras|Extreme Speed|p1a: Redneck
|-resisted|p1a: Redneck
|-damage|p1a: Redneck|127\/291
|-damage|p2a: Mardis Gras|228\/371|[from] item: Life Orb
|move|p1a: Redneck|Stone Edge|p2a: Mardis Gras
|-supereffective|p2a: Mardis Gras
|-damage|p2a: Mardis Gras|18\/371
|
|turn|9
|
|switch|p1a: Ten Tickles|Tentacruel, M|364\/364
|move|p2a: Mardis Gras|Sacred Fire|p1a: Ten Tickles
|-resisted|p1a: Ten Tickles
|-damage|p1a: Ten Tickles|134\/364
|-status|p1a: Ten Tickles|brn
|-damage|p2a: Mardis Gras|0 fnt|[from] item: Life Orb
|faint|p2a: Mardis Gras
|
|-heal|p1a: Ten Tickles|156\/364 brn|[from] item: Black Sludge
|-damage|p1a: Ten Tickles|111\/364 brn|[from] brn
|
|switch|p2a: Azmah|Azelf|291\/291
|turn|10
|
|switch|p1a: Win Condition|Shedinja|1\/1
|move|p2a: Azmah|Taunt|p1a: Win Condition
|-start|p1a: Win Condition|move: Taunt
|
|turn|11
|
|move|p2a: Azmah|Stealth Rock|p1a: Win Condition
|-sidestart|p1: Filia Medici|move: Stealth Rock
|move|p1a: Win Condition|X-Scissor|p2a: Azmah
|-supereffective|p2a: Azmah
|-enditem|p2a: Azmah|Focus Sash
|-damage|p2a: Azmah|1\/291
|
|turn|12
|
|move|p1a: Win Condition|Shadow Sneak|p2a: Azmah
|-supereffective|p2a: Azmah
|-damage|p2a: Azmah|0 fnt
|faint|p2a: Azmah
|
|
|switch|p2a: Trey8|Moltres|347\/347
|-ability|p2a: Trey8|Pressure
|turn|13
|
|move|p1a: Win Condition|Shadow Sneak|p2a: Trey8
|-damage|p2a: Trey8|275\/347
|move|p2a: Trey8|Agility|p2a: Trey8
|-boost|p2a: Trey8|spe|2
|
|-end|p1a: Win Condition|move: Taunt
|turn|14
|
|move|p1a: Win Condition|Shadow Sneak|p2a: Trey8
|-damage|p2a: Trey8|203\/347
|move|p2a: Trey8|Roost|p2a: Trey8
|-heal|p2a: Trey8|347\/347
|
|turn|15
|
|move|p1a: Win Condition|Shadow Sneak|p2a: Trey8
|-damage|p2a: Trey8|286\/347
|move|p2a: Trey8|Air Slash|p1a: Win Condition
|-supereffective|p1a: Win Condition
|-enditem|p1a: Win Condition|Focus Sash
|-damage|p1a: Win Condition|1\/1
|-damage|p2a: Trey8|252\/347|[from] item: Life Orb
|
|turn|16
|
|move|p2a: Trey8|Roost|p2a: Trey8
|-heal|p2a: Trey8|347\/347
|move|p1a: Win Condition|Swords Dance|p1a: Win Condition
|-boost|p1a: Win Condition|atk|2
|
|turn|17
|
|move|p1a: Win Condition|Shadow Sneak|p2a: Trey8
|-damage|p2a: Trey8|205\/347
|move|p2a: Trey8|Air Slash|p1a: Win Condition
|-crit|p1a: Win Condition
|-supereffective|p1a: Win Condition
|-damage|p1a: Win Condition|0 fnt
|-damage|p2a: Trey8|171\/347|[from] item: Life Orb
|faint|p1a: Win Condition
|
|c|âFilia Medici|crit mattered xD
|c|âCoolTrainerGary|yeah, sorry about that man :\/
|
|switch|p1a: FairyDark plz|Absol, M|271\/271
|-damage|p1a: FairyDark plz|238\/271|[from] Stealth Rock
|turn|18
|c|âFilia Medici|Its been like this all week :\/
|c|âCoolTrainerGary|lol
|
|detailschange|p1a: FairyDark plz|Absol-Mega, M
|-mega|p1a: FairyDark plz|Absol|Absolite
|move|p2a: Trey8|Roost|p2a: Trey8
|-heal|p2a: Trey8|345\/347
|move|p1a: FairyDark plz|Knock Off|p2a: Trey8
|-damage|p2a: Trey8|95\/347
|-enditem|p2a: Trey8|Life Orb|[from] move: Knock Off|[of] p1a: FairyDark plz
|
|turn|19
|c|âFilia Medici|:P
|
|move|p1a: FairyDark plz|Sucker Punch|p2a: Trey8
|-fail|p2a: Trey8
|move|p2a: Trey8|Roost|p2a: Trey8
|-heal|p2a: Trey8|269\/347
|
|turn|20
|
|move|p2a: Trey8|Roost|p2a: Trey8
|-heal|p2a: Trey8|347\/347
|move|p1a: FairyDark plz|Swords Dance|p1a: FairyDark plz
|-boost|p1a: FairyDark plz|atk|2
|
|turn|21
|
|move|p1a: FairyDark plz|Sucker Punch|p2a: Trey8
|-fail|p2a: Trey8
|move|p2a: Trey8|Roost|p2a: Trey8
|-fail|p2a: Trey8
|
|turn|22
|
|move|p2a: Trey8|Fire Blast|p1a: FairyDark plz
|-damage|p1a: FairyDark plz|0 fnt
|faint|p1a: FairyDark plz
|
|
|switch|p1a: Redneck|Archeops, F|127\/291
|-damage|p1a: Redneck|55\/291|[from] Stealth Rock
|turn|23
|c|âFilia Medici|gg
|c|âCoolTrainerGary|gg
|
|move|p1a: Redneck|Stone Edge|p2a: Trey8
|-supereffective|p2a: Trey8
|-damage|p2a: Trey8|0 fnt
|faint|p2a: Trey8
|
|c|âFilia Medici|wat
|c|âCoolTrainerGary|wat
|c|âFilia Medici|wat
|c|âCoolTrainerGary|i run enough speed for scarfshao
|c|âCoolTrainerGary|but this is faster lol
|c|âFilia Medici|I thought you'd outspeed xD
|c|âCoolTrainerGary|not relevant enough to invest
|c|âCoolTrainerGary|i did too lol, i forgot
|c|âFilia Medici|: P
|
|switch|p2a: Lucario|Lucario, M|207\/281
|turn|24
|c|âFilia Medici|Usually see max speed Moltres
|
|move|p2a: Lucario|Bullet Punch|p1a: Redneck
|-supereffective|p1a: Redneck
|-damage|p1a: Redneck|0 fnt
|-damage|p2a: Lucario|179\/281|[from] item: Life Orb
|faint|p1a: Redneck
|
|c|âCoolTrainerGary|nah, i run some bulk
|
|switch|p1a: Combat Clothes|Cobalion|386\/386
|-damage|p1a: Combat Clothes|374\/386|[from] Stealth Rock
|turn|25
|c|âFilia Medici|Thats cool though :3
|
|move|p1a: Combat Clothes|Close Combat|p2a: Lucario
|-supereffective|p2a: Lucario
|-damage|p2a: Lucario|0 fnt
|-unboost|p1a: Combat Clothes|def|1
|-unboost|p1a: Combat Clothes|spd|1
|faint|p2a: Lucario
|
|c|âCoolTrainerGary|thx, it's a good late game sweeper
|c|âFilia Medici|yeah, agility pokes are so underrated
|
|switch|p2a: Raipoo|Raikou|321\/321
|-ability|p2a: Raipoo|Pressure
|turn|26
|c|âFilia Medici|Agility Diggersby is also good if you ever go OU
|
|switch|p1a: Ten Tickles|Tentacruel, M|111\/364 brn
|-damage|p1a: Ten Tickles|66\/364 brn|[from] Stealth Rock
|move|p2a: Raipoo|Thunderbolt|p1a: Ten Tickles
|-supereffective|p1a: Ten Tickles
|-damage|p1a: Ten Tickles|0 fnt
|faint|p1a: Ten Tickles
|
|c|âFilia Medici|am i the only one having issues with pokes dissapearing from the previews?
|
|switch|p1a: Combat Clothes|Cobalion|374\/386
|-damage|p1a: Combat Clothes|362\/386|[from] Stealth Rock
|turn|27
|c|âCoolTrainerGary|i havent had that problem
|c|âFilia Medici|megas dissapear from the previews for me
|c|âCoolTrainerGary|oh yeah
|
|move|p2a: Raipoo|Volt Switch|p1a: Combat Clothes
|-crit|p1a: Combat Clothes
|-damage|p1a: Combat Clothes|149\/386
|c|âCoolTrainerGary|the oras megas do that for me
|c|âFilia Medici|All of them do it for me, gets kind of annoying
|
|switch|p2a: Onion|Celebi|268\/404
|move|p1a: Combat Clothes|Iron Head|p2a: Onion
|-damage|p2a: Onion|183\/404
|
|turn|28
|
|move|p1a: Combat Clothes|Rest|p1a: Combat Clothes
|-status|p1a: Combat Clothes|slp
|-heal|p1a: Combat Clothes|386\/386 slp|[silent]
|-status|p1a: Combat Clothes|slp|[from] move: Rest
|-enditem|p1a: Combat Clothes|Chesto Berry|[eat]
|-curestatus|p1a: Combat Clothes|slp
|move|p2a: Onion|Baton Pass|p2a: Onion
|
|switch|p2a: Raipoo|Raikou|321\/321
|-ability|p2a: Raipoo|Pressure
|
|turn|29
|
|switch|p2a: Onion|Celebi|183\/404
|move|p1a: Combat Clothes|Iron Head|p2a: Onion
|-damage|p2a: Onion|89\/404
|
|turn|30
|
|move|p1a: Combat Clothes|Iron Head|p2a: Onion
|-damage|p2a: Onion|10\/404
|move|p2a: Onion|Recover|p2a: Onion
|-heal|p2a: Onion|212\/404
|
|turn|31
|
|move|p1a: Combat Clothes|Iron Head|p2a: Onion
|-damage|p2a: Onion|121\/404
|cant|p2a: Onion|flinch
|
|turn|32
|c|âFilia Medici|:[
|
|move|p1a: Combat Clothes|Iron Head|p2a: Onion
|-damage|p2a: Onion|33\/404
|move|p2a: Onion|Recover|p2a: Onion
|-heal|p2a: Onion|235\/404
|
|turn|33
|c|âCoolTrainerGary|sorry i have to do this
|c|âFilia Medici|its coo
|
|move|p1a: Combat Clothes|Iron Head|p2a: Onion
|-damage|p2a: Onion|145\/404
|cant|p2a: Onion|flinch
|
|turn|34
|c|âFilia Medici|No aura on Raikou?
|c|âCoolTrainerGary|nope
|c|âFilia Medici|huh
|
|move|p1a: Combat Clothes|Iron Head|p2a: Onion
|-damage|p2a: Onion|64\/404
|move|p2a: Onion|Recover|p2a: Onion
|-heal|p2a: Onion|266\/404
|
|turn|35
|c|âFilia Medici|usually people run it for Coballion
|
|move|p1a: Combat Clothes|Iron Head|p2a: Onion
|-damage|p2a: Onion|179\/404
|cant|p2a: Onion|flinch
|
|turn|36
|c|âCoolTrainerGary|yeah, but if you use aura you have to use rash nature
|c|âCoolTrainerGary|so i dont use it
|c|âFilia Medici|Oh right, events
|join|Hydratic
|
|move|p1a: Combat Clothes|Iron Head|p2a: Onion
|-damage|p2a: Onion|95\/404
|move|p2a: Onion|Recover|p2a: Onion
|-heal|p2a: Onion|297\/404
|
|turn|37
|
|move|p1a: Combat Clothes|Iron Head|p2a: Onion
|-damage|p2a: Onion|216\/404
|move|p2a: Onion|Nasty Plot|p2a: Onion
|-boost|p2a: Onion|spa|2
|
|turn|38
|c|âFilia Medici|starting to miss my Jirachi
|c|âCoolTrainerGary|lol
|c|âFilia Medici|: P
|
|move|p1a: Combat Clothes|Iron Head|p2a: Onion
|-damage|p2a: Onion|122\/404
|move|p2a: Onion|Baton Pass|p2a: Onion
|
|switch|p2a: Raipoo|Raikou|321\/321
|-ability|p2a: Raipoo|Pressure
|
|turn|39
|
|move|p2a: Raipoo|Thunderbolt|p1a: Combat Clothes
|-damage|p1a: Combat Clothes|35\/386
|move|p1a: Combat Clothes|Close Combat|p2a: Raipoo
|-crit|p2a: Raipoo
|-damage|p2a: Raipoo|63\/321
|-unboost|p1a: Combat Clothes|def|1
|-unboost|p1a: Combat Clothes|spd|1
|
|-heal|p2a: Raipoo|83\/321|[from] item: Leftovers
|turn|40
|c|âCoolTrainerGary|gg
|c|âFilia Medici|gg
|c|âFilia Medici|As i reveal bright powder
|c|âFilia Medici|:P
|
|move|p2a: Raipoo|Thunderbolt|p1a: Combat Clothes
|-damage|p1a: Combat Clothes|0 fnt
|faint|p1a: Combat Clothes
|
|win|CoolTrainerGary
|c|âCoolTrainerGary|or quick claw