|join|CoolTrainerGary
|join|brandonbst12
|player|p1|CoolTrainerGary|266
|player|p2|brandonbst12|265
|gametype|singles
|gen|6
|tier|UU
|rated
|rule|Sleep Clause Mod: Limit one foe put to sleep
|rule|Species Clause: Limit one of each PokÃ©mon
|rule|OHKO Clause: OHKO moves are banned
|rule|Moody Clause: Moody is banned
|rule|Evasion Moves Clause: Evasion moves are banned
|rule|Endless Battle Clause: Forcing endless battles is banned
|rule|HP Percentage Mod: HP is shown in percentages
|clearpoke
|poke|p1|Azelf
|poke|p1|Moltres
|poke|p1|Raikou
|poke|p1|Entei, shiny
|poke|p1|Celebi
|poke|p1|Lucario, M
|poke|p2|Absol, M
|poke|p2|Arcanine, M
|poke|p2|Azelf
|poke|p2|Blissey, F
|poke|p2|Celebi
|poke|p2|Chandelure, F
|rule|Swagger Clause: Swagger is banned
|rule|Baton Pass Clause: Limit one PokÃ©mon knowing Baton Pass
|teampreview
|
|start
|switch|p1a: Azelf|Azelf|291\/291
|switch|p2a: Azelf|Azelf|291\/291
|turn|1
|
|move|p1a: Azelf|Taunt|p2a: Azelf
|-start|p2a: Azelf|move: Taunt
|cant|p2a: Azelf|move: Taunt|Taunt
|
|turn|2
|
|move|p2a: Azelf|Explosion|p1a: Azelf
|-enditem|p1a: Azelf|Focus Sash
|-damage|p1a: Azelf|1\/291
|faint|p2a: Azelf
|move|p1a: Azelf|Stealth Rock|p2: Azelf
|-sidestart|p2: brandonbst12|move: Stealth Rock
|
|
|switch|p2a: Blissey|Blissey, F|651\/651
|-damage|p2a: Blissey|570\/651|[from] Stealth Rock
|turn|3
|
|move|p2a: Blissey|Protect|p2a: Blissey
|-singleturn|p2a: Blissey|Protect
|move|p1a: Azelf|Taunt|p2a: Blissey
|-activate|p2a: Blissey|Protect
|
|-heal|p2a: Blissey|610\/651|[from] item: Leftovers
|turn|4
|
|move|p1a: Azelf|Explosion|p2a: Blissey
|-damage|p2a: Blissey|37\/651
|faint|p1a: Azelf
|move|p2a: Blissey|Seismic Toss|p1: Azelf|[notarget]
|-notarget
|
|-heal|p2a: Blissey|77\/651|[from] item: Leftovers
|
|switch|p1a: Celebi|Celebi|404\/404
|turn|5
|
|move|p1a: Celebi|Nasty Plot|p1a: Celebi
|-boost|p1a: Celebi|spa|2
|move|p2a: Blissey|Soft-Boiled|p2a: Blissey
|-heal|p2a: Blissey|403\/651
|
|-heal|p2a: Blissey|443\/651|[from] item: Leftovers
|turn|6
|
|move|p1a: Celebi|Nasty Plot|p1a: Celebi
|-boost|p1a: Celebi|spa|2
|move|p2a: Blissey|Toxic|p1a: Celebi
|-status|p1a: Celebi|tox
|
|-heal|p2a: Blissey|483\/651|[from] item: Leftovers
|-damage|p1a: Celebi|379\/404 tox|[from] psn
|turn|7
|
|move|p1a: Celebi|Baton Pass|p1a: Celebi
|
|switch|p1a: Moltres|Moltres|347\/347
|-ability|p1a: Moltres|Pressure
|move|p2a: Blissey|Seismic Toss|p1a: Moltres
|-damage|p1a: Moltres|247\/347
|
|-heal|p2a: Blissey|523\/651|[from] item: Leftovers
|turn|8
|
|move|p2a: Blissey|Protect|p2a: Blissey
|-singleturn|p2a: Blissey|Protect
|move|p1a: Moltres|Fire Blast|p2a: Blissey
|-activate|p2a: Blissey|Protect
|
|-heal|p2a: Blissey|563\/651|[from] item: Leftovers
|turn|9
|
|move|p1a: Moltres|Fire Blast|p2a: Blissey
|-damage|p2a: Blissey|129\/651
|-damage|p1a: Moltres|213\/347|[from] item: Life Orb
|move|p2a: Blissey|Toxic|p1a: Moltres
|-status|p1a: Moltres|tox
|
|-heal|p2a: Blissey|169\/651|[from] item: Leftovers
|-damage|p1a: Moltres|192\/347 tox|[from] psn
|turn|10
|c|âCoolTrainerGary|im dumb lol
|
|switch|p2a: Chandelure|Chandelure, F|301\/301
|-damage|p2a: Chandelure|226\/301|[from] Stealth Rock
|move|p1a: Moltres|Roost|p1a: Moltres
|-heal|p1a: Moltres|347\/347 tox
|
|-heal|p2a: Chandelure|244\/301|[from] item: Leftovers
|-damage|p1a: Moltres|305\/347 tox|[from] psn
|turn|11
|
|move|p1a: Moltres|Air Slash|p2a: Chandelure
|-damage|p2a: Chandelure|0 fnt
|-damage|p1a: Moltres|271\/347 tox|[from] item: Life Orb
|faint|p2a: Chandelure
|
|-damage|p1a: Moltres|208\/347 tox|[from] psn
|
|switch|p2a: Blissey|Blissey, F|169\/651
|-damage|p2a: Blissey|88\/651|[from] Stealth Rock
|turn|12
|
|move|p2a: Blissey|Protect|p2a: Blissey
|-singleturn|p2a: Blissey|Protect
|move|p1a: Moltres|Air Slash|p2a: Blissey
|-activate|p2a: Blissey|Protect
|
|-heal|p2a: Blissey|128\/651|[from] item: Leftovers
|-damage|p1a: Moltres|124\/347 tox|[from] psn
|turn|13
|
|move|p1a: Moltres|Air Slash|p2a: Blissey
|-damage|p2a: Blissey|0 fnt
|-damage|p1a: Moltres|90\/347 tox|[from] item: Life Orb
|faint|p2a: Blissey
|
|-damage|p1a: Moltres|0 fnt|[from] psn
|faint|p1a: Moltres
|
|switch|p1a: Entei|Entei, shiny|371\/371
|switch|p2a: Arcanine|Arcanine, M|383\/383
|-ability|p1a: Entei|Pressure
|-damage|p2a: Arcanine|288\/383|[from] Stealth Rock
|-ability|p2a: Arcanine|Intimidate|[of] p1a: Entei
|-unboost|p1a: Entei|atk|1
|turn|14
|
|move|p2a: Arcanine|Extreme Speed|p1a: Entei
|-damage|p1a: Entei|297\/371
|move|p1a: Entei|Toxic|p2a: Arcanine
|-status|p2a: Arcanine|tox
|
|-heal|p2a: Arcanine|311\/383 tox|[from] item: Leftovers
|-damage|p2a: Arcanine|288\/383 tox|[from] psn
|turn|15
|
|switch|p1a: Celebi|Celebi|379\/404
|move|p2a: Arcanine|Extreme Speed|p1a: Celebi
|-damage|p1a: Celebi|305\/404
|
|-heal|p2a: Arcanine|311\/383 tox|[from] item: Leftovers
|-damage|p2a: Arcanine|265\/383 tox|[from] psn
|turn|16
|
|move|p1a: Celebi|Recover|p1a: Celebi
|-heal|p1a: Celebi|404\/404
|move|p2a: Arcanine|Flare Blitz|p1a: Celebi
|-supereffective|p1a: Celebi
|-damage|p1a: Celebi|110\/404
|-enditem|p1a: Celebi|Weakness Policy
|-boost|p1a: Celebi|atk|2|[from] item: Weakness Policy
|-boost|p1a: Celebi|spa|2|[from] item: Weakness Policy
|-damage|p2a: Arcanine|168\/383 tox|[from] recoil|[of] p1a: Celebi
|
|-heal|p2a: Arcanine|191\/383 tox|[from] item: Leftovers
|-damage|p2a: Arcanine|122\/383 tox|[from] psn
|turn|17
|
|move|p2a: Arcanine|Extreme Speed|p1a: Celebi
|-crit|p1a: Celebi
|-damage|p1a: Celebi|14\/404
|move|p1a: Celebi|Baton Pass|p1a: Celebi
|
|switch|p1a: Entei|Entei, shiny|297\/371
|-ability|p1a: Entei|Pressure
|
|-heal|p2a: Arcanine|145\/383 tox|[from] item: Leftovers
|-damage|p2a: Arcanine|53\/383 tox|[from] psn
|turn|18
|
|move|p1a: Entei|Extreme Speed|p2a: Arcanine
|-damage|p2a: Arcanine|0 fnt
|-damage|p1a: Entei|260\/371|[from] item: Life Orb
|faint|p2a: Arcanine
|
|
|switch|p2a: Absol|Absol, M|271\/271
|-damage|p2a: Absol|238\/271|[from] Stealth Rock
|turn|19
|
|detailschange|p2a: Absol|Absol-Mega, M
|-mega|p2a: Absol|Absol|Absolite
|move|p1a: Entei|Extreme Speed|p2a: Absol
|-crit|p2a: Absol
|-damage|p2a: Absol|0 fnt
|-damage|p1a: Entei|223\/371|[from] item: Life Orb
|faint|p2a: Absol
|
|-message|brandonbst12 forfeited.
|leave|brandonbst12
|
|win|CoolTrainerGary
|raw|Ladder updating...
|player|p2
|raw|CoolTrainerGary's rating: 1351 &rarr; <strong>1360<\/strong><br \/>(+9 for winning)
|raw|brandonbst12's rating: 1144 &rarr; <strong>1132<\/strong><br \/>(-12 for losing)