|join|Count Bleck
|join|CoolTrainerGary
|player|p1|Count Bleck|238
|player|p2|CoolTrainerGary|266
|gametype|singles
|gen|6
|tier|UU
|rated
|rule|Sleep Clause Mod: Limit one foe put to sleep
|rule|Species Clause: Limit one of each PokÃ©mon
|rule|OHKO Clause: OHKO moves are banned
|rule|Moody Clause: Moody is banned
|rule|Evasion Moves Clause: Evasion moves are banned
|rule|Endless Battle Clause: Forcing endless battles is banned
|rule|HP Percentage Mod: HP is shown in percentages
|clearpoke
|poke|p1|Hippowdon, F
|poke|p1|Steelix, F
|poke|p1|Slowking, F
|poke|p1|Reuniclus, F
|poke|p1|Escavalier, M
|poke|p1|Pangoro, M
|poke|p2|Azelf
|poke|p2|Moltres
|poke|p2|Raikou
|poke|p2|Entei, shiny
|poke|p2|Celebi
|poke|p2|Lucario, F
|rule|Swagger Clause: Swagger is banned
|rule|Baton Pass Clause: Limit one PokÃ©mon knowing Baton Pass
|teampreview
|c|âCoolTrainerGary|gg, yoo win basically
|
|start
|switch|p1a: All In|Escavalier, M|327\/327
|switch|p2a: Azelf|Azelf|291\/291
|turn|1
|c|âCoolTrainerGary|and cool sand tr, i made a team very similar to this before
|
|move|p2a: Azelf|Fire Blast|p1a: All In
|-supereffective|p1a: All In
|-damage|p1a: All In|71\/327
|move|p1a: All In|Knock Off|p2a: Azelf
|-supereffective|p2a: Azelf
|-enditem|p2a: Azelf|Focus Sash
|-damage|p2a: Azelf|1\/291
|
|turn|2
|
|switch|p1a: Gumbo|Hippowdon, F|420\/420
|-weather|Sandstorm
|move|p2a: Azelf|Fire Blast|p1a: Gumbo
|-damage|p1a: Gumbo|274\/420
|
|-weather|Sandstorm|[upkeep]
|-damage|p2a: Azelf|0 fnt|[from] sandstorm
|faint|p2a: Azelf
|
|switch|p2a: Celebi|Celebi|404\/404
|turn|3
|
|switch|p1a: All In|Escavalier, M|71\/327
|move|p2a: Celebi|Nasty Plot|p2a: Celebi
|-boost|p2a: Celebi|spa|2
|
|-weather|Sandstorm|[upkeep]
|-damage|p2a: Celebi|379\/404|[from] sandstorm
|turn|4
|
|move|p2a: Celebi|Baton Pass|p2a: Celebi
|
|switch|p2a: Moltres|Moltres|347\/347
|-ability|p2a: Moltres|Pressure
|move|p1a: All In|Megahorn|p2a: Moltres|[miss]
|-miss|p1a: All In|p2a: Moltres
|
|-weather|Sandstorm|[upkeep]
|-damage|p2a: Moltres|326\/347|[from] sandstorm
|turn|5
|
|switch|p1a: Gumbo|Hippowdon, F|274\/420
|move|p2a: Moltres|Air Slash|p1a: Gumbo
|-damage|p1a: Gumbo|0 fnt
|-damage|p2a: Moltres|292\/347|[from] item: Life Orb
|faint|p1a: Gumbo
|
|-weather|Sandstorm|[upkeep]
|-damage|p2a: Moltres|271\/347|[from] sandstorm
|
|switch|p1a: Prof. Thomas|Slowking, F|393\/393
|turn|6
|
|move|p2a: Moltres|Air Slash|p1a: Prof. Thomas
|-damage|p1a: Prof. Thomas|64\/393
|-damage|p2a: Moltres|237\/347|[from] item: Life Orb
|cant|p1a: Prof. Thomas|flinch
|
|-weather|Sandstorm|[upkeep]
|-damage|p2a: Moltres|216\/347|[from] sandstorm
|-damage|p1a: Prof. Thomas|40\/393|[from] sandstorm
|turn|7
|
|switch|p1a: All In|Escavalier, M|71\/327
|move|p2a: Moltres|Air Slash|p1a: All In|[miss]
|-miss|p2a: Moltres|p1a: All In
|
|-weather|Sandstorm|[upkeep]
|-damage|p2a: Moltres|195\/347|[from] sandstorm
|turn|8
|
|move|p2a: Moltres|Air Slash|p1a: All In
|-damage|p1a: All In|0 fnt
|-damage|p2a: Moltres|161\/347|[from] item: Life Orb
|faint|p1a: All In
|
|-weather|Sandstorm|[upkeep]
|-damage|p2a: Moltres|140\/347|[from] sandstorm
|
|switch|p1a: Shadow Mitsuo|Reuniclus, F|424\/424
|turn|9
|
|move|p2a: Moltres|Fire Blast|p1a: Shadow Mitsuo
|-damage|p1a: Shadow Mitsuo|0 fnt
|-damage|p2a: Moltres|106\/347|[from] item: Life Orb
|faint|p1a: Shadow Mitsuo
|
|-weather|none
|
|switch|p1a: Prof. Thomas|Slowking, F|171\/393
|turn|10
|
|move|p2a: Moltres|Air Slash|p1a: Prof. Thomas
|-crit|p1a: Prof. Thomas
|-damage|p1a: Prof. Thomas|0 fnt
|-damage|p2a: Moltres|72\/347|[from] item: Life Orb
|faint|p1a: Prof. Thomas
|
|
|switch|p1a: TAKIN' U PUNKS DWN|Pangoro, M|393\/393
|turn|11
|
|move|p2a: Moltres|Air Slash|p1a: TAKIN' U PUNKS DWN
|-supereffective|p1a: TAKIN' U PUNKS DWN
|-damage|p1a: TAKIN' U PUNKS DWN|0 fnt
|-damage|p2a: Moltres|38\/347|[from] item: Life Orb
|faint|p1a: TAKIN' U PUNKS DWN
|
|
|switch|p1a: X Dirge|Steelix, F|291\/291
|turn|12
|
|detailschange|p1a: X Dirge|Steelix-Mega, F
|-mega|p1a: X Dirge|Steelix|Steelixite
|move|p2a: Moltres|Fire Blast|p1a: X Dirge
|-supereffective|p1a: X Dirge
|-damage|p1a: X Dirge|0 fnt
|-damage|p2a: Moltres|4\/347|[from] item: Life Orb
|faint|p1a: X Dirge
|
|win|CoolTrainerGary
|raw|Ladder updating...
|raw|Count Bleck's rating: 1388 &rarr; <strong>1365<\/strong><br \/>(-23 for losing)
|raw|CoolTrainerGary's rating: 1327 &rarr; <strong>1351<\/strong><br \/>(+24 for winning)