|join|Okatsu
|join|IronGrahn
|player|p1|Okatsu|79
|player|p2|IronGrahn|92
|gametype|singles
|gen|6
|tier|OU
|rated
|clearpoke
|poke|p1|Aerodactyl, M
|poke|p1|Keldeo-Resolute
|poke|p1|Bisharp, M
|poke|p1|Ferrothorn, F, shiny
|poke|p1|Mamoswine, M
|poke|p1|Latias, F
|poke|p2|Azumarill, M
|poke|p2|Gengar, M
|poke|p2|Clefable, F
|poke|p2|Wobbuffet, F
|poke|p2|Excadrill, M
|poke|p2|Heatran, F, shiny
|rule|Swagger Clause: Swagger is banned
|rule|Baton Pass Clause: Limit one PokÃ©mon knowing Baton Pass
|rule|Sleep Clause Mod: Limit one foe put to sleep
|rule|Species Clause: Limit one of each PokÃ©mon
|rule|OHKO Clause: OHKO moves are banned
|rule|Moody Clause: Moody is banned
|rule|Evasion Moves Clause: Evasion moves are banned
|rule|Endless Battle Clause: Forcing endless battles is banned
|rule|HP Percentage Mod: HP is shown in percentages
|teampreview
|join|Corbin Bleu
|join|iBLT
|join|Plane In House
|
|start
|switch|p1a: Mamoswine|Mamoswine, M|361\/361
|switch|p2a: NAPPY|Gengar, M|261\/261
|turn|1
|
|move|p2a: NAPPY|Focus Blast|p1a: Mamoswine
|-supereffective|p1a: Mamoswine
|-damage|p1a: Mamoswine|0 fnt
|-damage|p2a: NAPPY|235\/261|[from] item: Life Orb
|faint|p1a: Mamoswine
|
|c| iBLT|GET OUTPLAYED
|
|switch|p1a: Bisharp|Bisharp, M|271\/271
|turn|2
|c| iBLT|GET FUCKING OUTPLAYED
|join|Slurderp
|
|move|p1a: Bisharp|Sucker Punch|p2a: NAPPY
|-fail|p2a: NAPPY
|move|p2a: NAPPY|Destiny Bond|p2a: NAPPY
|-singlemove|p2a: NAPPY|Destiny Bond
|
|turn|3
|c| iBLT|OMG
|c| iBLT|THIS GUY
|
|switch|p1a: Latias|Latias, F|301\/301
|move|p2a: NAPPY|Focus Blast|p1a: Latias
|-resisted|p1a: Latias
|-damage|p1a: Latias|232\/301
|-damage|p2a: NAPPY|209\/261|[from] item: Life Orb
|
|turn|4
|c| iBLT|IS THE GENGAR HERO
|
|move|p1a: Latias|Psyshock|p2a: NAPPY
|-supereffective|p2a: NAPPY
|-damage|p2a: NAPPY|0 fnt
|-damage|p1a: Latias|202\/301|[from] item: Life Orb
|faint|p2a: NAPPY
|
|c| iBLT|hax
|c| iBLT|winning speedtie
|
|switch|p2a: Keith|Excadrill, M|361\/361
|-ability|p2a: Keith|Mold Breaker
|-item|p2a: Keith|Air Balloon
|turn|5
|
|switch|p1a: Ferrothorn|Ferrothorn, F, shiny|352\/352
|move|p2a: Keith|Stealth Rock|p1a: Ferrothorn
|-sidestart|p1: Okatsu|move: Stealth Rock
|
|turn|6
|
|switch|p2a: Kiss me|Wobbuffet, F|584\/584
|move|p1a: Ferrothorn|Leech Seed|p2a: Kiss me
|-start|p2a: Kiss me|move: Leech Seed
|
|-damage|p2a: Kiss me|511\/584|[from] Leech Seed|[of] p1a: Ferrothorn
|turn|7
|
|move|p2a: Kiss me|Encore|p1a: Ferrothorn
|-start|p1a: Ferrothorn|Encore
|move|p1a: Ferrothorn|Leech Seed|p2a: Kiss me
|-fail|p2a: Kiss me
|
|-heal|p2a: Kiss me|547\/584|[from] item: Leftovers
|-damage|p2a: Kiss me|474\/584|[from] Leech Seed|[of] p1a: Ferrothorn
|turn|8
|
|switch|p2a: Yellowstone|Heatran, F, shiny|323\/323
|move|p1a: Ferrothorn|Leech Seed|p2a: Yellowstone
|-start|p2a: Yellowstone|move: Leech Seed
|
|-damage|p2a: Yellowstone|283\/323|[from] Leech Seed|[of] p1a: Ferrothorn
|turn|9
|join|Alliance - Kuzu
|join|Rayzoir
|
|switch|p1a: Keldeo-Resolute|Keldeo-Resolute|323\/323
|-damage|p1a: Keldeo-Resolute|303\/323|[from] Stealth Rock
|move|p2a: Yellowstone|Flash Cannon|p1a: Keldeo-Resolute
|-resisted|p1a: Keldeo-Resolute
|-damage|p1a: Keldeo-Resolute|228\/323
|
|-damage|p2a: Yellowstone|243\/323|[from] Leech Seed|[of] p1a: Keldeo-Resolute
|-heal|p1a: Keldeo-Resolute|268\/323|[silent]
|turn|10
|
|switch|p2a: Kiss me|Wobbuffet, F|474\/584
|move|p1a: Keldeo-Resolute|Hydro Pump|p2a: Kiss me
|-damage|p2a: Kiss me|158\/584
|
|-heal|p2a: Kiss me|194\/584|[from] item: Leftovers
|turn|11
|
|move|p1a: Keldeo-Resolute|Hydro Pump|p2a: Kiss me|[miss]
|-miss|p1a: Keldeo-Resolute|p2a: Kiss me
|move|p2a: Kiss me|Destiny Bond|p2a: Kiss me
|-singlemove|p2a: Kiss me|Destiny Bond
|
|-heal|p2a: Kiss me|230\/584|[from] item: Leftovers
|turn|12
|c| Corbin Bleu|and there it is
|c| iBLT|"IM NOT MISSING SHIT"
|c| Corbin Bleu|the counter is here
|
|move|p1a: Keldeo-Resolute|Hydro Pump|p2a: Kiss me|[miss]
|-miss|p1a: Keldeo-Resolute|p2a: Kiss me
|move|p2a: Kiss me|Destiny Bond|p2a: Kiss me
|-singlemove|p2a: Kiss me|Destiny Bond
|
|-heal|p2a: Kiss me|266\/584|[from] item: Leftovers
|turn|13
|c| iBLT|"IM NOT MISSING SHIT"
|c| iBLT|LOLOLOL
|
|move|p1a: Keldeo-Resolute|Hydro Pump|p2a: Kiss me|[miss]
|-miss|p1a: Keldeo-Resolute|p2a: Kiss me
|move|p2a: Kiss me|Destiny Bond|p2a: Kiss me
|-singlemove|p2a: Kiss me|Destiny Bond
|
|-heal|p2a: Kiss me|302\/584|[from] item: Leftovers
|turn|14
|c| Corbin Bleu|wow
|c| Corbin Bleu|stop
|c|âOkatsu|I'm gonna miss again
|c|âOkatsu|switch to azu
|
|move|p1a: Keldeo-Resolute|Hydro Pump|p2a: Kiss me|[miss]
|-miss|p1a: Keldeo-Resolute|p2a: Kiss me
|move|p2a: Kiss me|Destiny Bond|p2a: Kiss me
|-singlemove|p2a: Kiss me|Destiny Bond
|
|-heal|p2a: Kiss me|338\/584|[from] item: Leftovers
|turn|15
|c| Corbin Bleu|hit the pump pump
|c| iBLT|OMFG
|c| Corbin Bleu|THIS IS NOT OK
|c|âIronGrahn|What is this?
|
|move|p1a: Keldeo-Resolute|Hydro Pump|p2a: Kiss me
|-damage|p2a: Kiss me|64\/584
|move|p2a: Kiss me|Destiny Bond|p2a: Kiss me
|-singlemove|p2a: Kiss me|Destiny Bond
|
|-heal|p2a: Kiss me|100\/584|[from] item: Leftovers
|turn|16
|
|move|p1a: Keldeo-Resolute|Hydro Pump|p2a: Kiss me|[miss]
|-miss|p1a: Keldeo-Resolute|p2a: Kiss me
|move|p2a: Kiss me|Destiny Bond|p2a: Kiss me
|-singlemove|p2a: Kiss me|Destiny Bond
|
|-heal|p2a: Kiss me|136\/584|[from] item: Leftovers
|turn|17
|c| Corbin Bleu|hax at its finest
|c| Corbin Bleu|WOW
|c| iBLT|HOLY SHIT
|c|âOkatsu|LMFAO
|c| Corbin Bleu|STOP THIS NON SENSE
|
|move|p1a: Keldeo-Resolute|Hydro Pump|p2a: Kiss me
|-damage|p2a: Kiss me|0 fnt
|faint|p2a: Kiss me
|-activate|p2a: Kiss me|Destiny Bond
|faint|p1a: Keldeo-Resolute
|
|c|âOkatsu|LMFAO
|c| Rayzoir|GO HOME KELDEO, YOU'RE DRUNK
|c| iBLT|this is not okay mykey
|
|switch|p1a: Aerodactyl|Aerodactyl, M|301\/301
|switch|p2a: Keith|Excadrill, M|361\/361
|-damage|p1a: Aerodactyl|226\/301|[from] Stealth Rock
|-ability|p1a: Aerodactyl|Unnerve|p2: IronGrahn
|-ability|p2a: Keith|Mold Breaker
|-item|p2a: Keith|Air Balloon
|turn|18
|
|switch|p1a: Ferrothorn|Ferrothorn, F, shiny|352\/352
|-damage|p1a: Ferrothorn|330\/352|[from] Stealth Rock
|move|p2a: Keith|Iron Head|p1a: Ferrothorn
|-resisted|p1a: Ferrothorn
|-damage|p1a: Ferrothorn|287\/352
|-damage|p2a: Keith|316\/361|[from] ability: Iron Barbs|[of] p1a: Ferrothorn
|
|-heal|p1a: Ferrothorn|309\/352|[from] item: Leftovers
|turn|19
|c| iBLT|"I think for those 6 turns, he could control his heft
|c| iBLT|"
|
|switch|p2a: Yellowstone|Heatran, F, shiny|243\/323
|move|p1a: Ferrothorn|Leech Seed|p2a: Yellowstone
|-start|p2a: Yellowstone|move: Leech Seed
|
|-heal|p1a: Ferrothorn|331\/352|[from] item: Leftovers
|-damage|p2a: Yellowstone|203\/323|[from] Leech Seed|[of] p1a: Ferrothorn
|-heal|p1a: Ferrothorn|352\/352|[silent]
|turn|20
|
|move|p1a: Ferrothorn|Protect|p1a: Ferrothorn
|-singleturn|p1a: Ferrothorn|Protect
|move|p2a: Yellowstone|Fire Blast|p1a: Ferrothorn
|-activate|p1a: Ferrothorn|Protect
|
|-damage|p2a: Yellowstone|163\/323|[from] Leech Seed|[of] p1a: Ferrothorn
|turn|21
|
|switch|p1a: Latias|Latias, F|202\/301
|-damage|p1a: Latias|165\/301|[from] Stealth Rock
|move|p2a: Yellowstone|Fire Blast|p1a: Latias
|-resisted|p1a: Latias
|-damage|p1a: Latias|84\/301
|
|-damage|p2a: Yellowstone|123\/323|[from] Leech Seed|[of] p1a: Latias
|-heal|p1a: Latias|124\/301|[silent]
|turn|22
|
|switch|p2a: Fairyheart|Clefable, F|394\/394
|move|p1a: Latias|Defog|p2a: Fairyheart
|-unboost|p2a: Fairyheart|evasion|1
|-sideend|p1: Okatsu|Stealth Rock|[from] move: Defog|[of] p1a: Latias
|
|turn|23
|c| iBLT|be cosmic power
|c| iBLT|heft him
|
|move|p1a: Latias|Psyshock|p2a: Fairyheart
|-damage|p2a: Fairyheart|237\/394
|-damage|p1a: Latias|94\/301|[from] item: Life Orb
|move|p2a: Fairyheart|Moonblast|p1a: Latias
|-supereffective|p1a: Latias
|-damage|p1a: Latias|0 fnt
|faint|p1a: Latias
|
|-heal|p2a: Fairyheart|261\/394|[from] item: Leftovers
|c| iBLT|oh ok
|
|switch|p1a: Bisharp|Bisharp, M|271\/271
|turn|24
|
|move|p2a: Fairyheart|Protect|p2a: Fairyheart
|-singleturn|p2a: Fairyheart|Protect
|move|p1a: Bisharp|Iron Head|p2a: Fairyheart
|-activate|p2a: Fairyheart|Protect
|
|-heal|p2a: Fairyheart|285\/394|[from] item: Leftovers
|turn|25
|
|move|p1a: Bisharp|Knock Off|p2a: Fairyheart
|-resisted|p2a: Fairyheart
|-damage|p2a: Fairyheart|195\/394
|-enditem|p2a: Fairyheart|Leftovers|[from] move: Knock Off|[of] p1a: Bisharp
|move|p2a: Fairyheart|Wish|p2a: Fairyheart
|
|turn|26
|c| iBLT|THE PLAYS
|c| iBLT|OOOO
|
|move|p2a: Fairyheart|Protect|p2a: Fairyheart
|-singleturn|p2a: Fairyheart|Protect
|move|p1a: Bisharp|Iron Head|p2a: Fairyheart
|-activate|p2a: Fairyheart|Protect
|
|-heal|p2a: Fairyheart|392\/394|[from] move: Wish|[wisher] Fairyheart
|turn|27
|
|move|p1a: Bisharp|Iron Head|p2a: Fairyheart
|-supereffective|p2a: Fairyheart
|-damage|p2a: Fairyheart|150\/394
|move|p2a: Fairyheart|Wish|p2a: Fairyheart
|
|turn|28
|
|switch|p2a: Yellowstone|Heatran, F, shiny|123\/323
|move|p1a: Bisharp|Iron Head|p2a: Yellowstone
|-crit|p2a: Yellowstone
|-resisted|p2a: Yellowstone
|-damage|p2a: Yellowstone|75\/323
|
|-heal|p2a: Yellowstone|272\/323|[from] move: Wish|[wisher] Fairyheart
|turn|29
|
|move|p2a: Yellowstone|Fire Blast|p1a: Bisharp
|-supereffective|p1a: Bisharp
|-damage|p1a: Bisharp|0 fnt
|faint|p1a: Bisharp
|
|
|switch|p1a: Aerodactyl|Aerodactyl, M|226\/301
|-ability|p1a: Aerodactyl|Unnerve|p2: IronGrahn
|turn|30
|
|detailschange|p1a: Aerodactyl|Aerodactyl-Mega, M
|-mega|p1a: Aerodactyl|Aerodactyl|Aerodactylite
|move|p2a: Yellowstone|Fire Blast|p1a: Aerodactyl
|-resisted|p1a: Aerodactyl
|-damage|p1a: Aerodactyl|119\/301
|move|p1a: Aerodactyl|Crunch|p2a: Yellowstone
|-damage|p2a: Yellowstone|143\/323
|
|turn|31
|
|move|p1a: Aerodactyl|Stone Edge|p2a: Yellowstone
|-damage|p2a: Yellowstone|0 fnt
|faint|p2a: Yellowstone
|
|c| iBLT|no eq lmfao
|
|switch|p2a: Keith|Excadrill, M|316\/361
|-ability|p2a: Keith|Mold Breaker
|-item|p2a: Keith|Air Balloon
|turn|32
|
|move|p1a: Aerodactyl|Crunch|p2a: Keith
|-crit|p2a: Keith
|-damage|p2a: Keith|26\/361
|-enditem|p2a: Keith|Air Balloon
|move|p2a: Keith|Iron Head|p1a: Aerodactyl
|-supereffective|p1a: Aerodactyl
|-damage|p1a: Aerodactyl|0 fnt
|faint|p1a: Aerodactyl
|
|
|switch|p1a: Ferrothorn|Ferrothorn, F, shiny|352\/352
|turn|33
|
|move|p2a: Keith|Earthquake|p1a: Ferrothorn
|-damage|p1a: Ferrothorn|250\/352
|move|p1a: Ferrothorn|Gyro Ball|p2a: Keith
|-resisted|p2a: Keith
|-damage|p2a: Keith|0 fnt
|faint|p2a: Keith
|
|-heal|p1a: Ferrothorn|272\/352|[from] item: Leftovers
|
|switch|p2a: Barbossa|Azumarill, M|342\/342
|turn|34
|
|move|p2a: Barbossa|Belly Drum|p2a: Barbossa
|-damage|p2a: Barbossa|171\/342
|-setboost|p2a: Barbossa|atk|6|[from] move: Belly Drum
|-enditem|p2a: Barbossa|Sitrus Berry|[eat]
|-heal|p2a: Barbossa|256\/342|[from] item: Sitrus Berry
|move|p1a: Ferrothorn|Leech Seed|p2a: Barbossa
|-start|p2a: Barbossa|move: Leech Seed
|
|-heal|p1a: Ferrothorn|294\/352|[from] item: Leftovers
|-damage|p2a: Barbossa|214\/342|[from] Leech Seed|[of] p1a: Ferrothorn
|-heal|p1a: Ferrothorn|336\/352|[silent]
|turn|35
|c| Corbin Bleu|I want that azu dead
|
|move|p1a: Ferrothorn|Protect|p1a: Ferrothorn
|-singleturn|p1a: Ferrothorn|Protect
|move|p2a: Barbossa|Knock Off|p1a: Ferrothorn
|-activate|p1a: Ferrothorn|Protect
|
|-heal|p1a: Ferrothorn|352\/352|[from] item: Leftovers
|-damage|p2a: Barbossa|172\/342|[from] Leech Seed|[of] p1a: Ferrothorn
|turn|36
|c| Alliance - Kuzu|Pirates of the Carribbean
|c| Alliance - Kuzu|?
|c|âIronGrahn|Everyone watn Azu dead
|c|âIronGrahn|yes
|
|move|p2a: Barbossa|Knock Off|p1a: Ferrothorn
|-damage|p1a: Ferrothorn|47\/352
|-damage|p2a: Barbossa|130\/342|[from] ability: Iron Barbs|[of] p1a: Ferrothorn
|-enditem|p1a: Ferrothorn|Leftovers|[from] move: Knock Off|[of] p2a: Barbossa
|move|p1a: Ferrothorn|Gyro Ball|p2a: Barbossa
|-damage|p2a: Barbossa|0 fnt
|faint|p2a: Barbossa
|
|c| Corbin Bleu|barbossa poop on me in KH2 earlier
|c| Corbin Bleu|:[
|
|switch|p2a: Fairyheart|Clefable, F|150\/394
|turn|37
|
|move|p2a: Fairyheart|Moonblast|p1a: Ferrothorn
|-resisted|p1a: Ferrothorn
|-damage|p1a: Ferrothorn|0 fnt
|faint|p1a: Ferrothorn
|
|win|IronGrahn
|raw|Ladder updating...
|raw|Okatsu's rating: 1462 &rarr; <strong>1442<\/strong><br \/>(-20 for losing)
|raw|IronGrahn's rating: 1462 &rarr; <strong>1482<\/strong><br \/>(+20 for winning)
|c|âIronGrahn|Clefable kills Ferro...
|leave|Okatsu
|player|p1