|join|IronGrahn
|join|ninji rus
|player|p1|IronGrahn|92
|player|p2|ninji rus|58
|gametype|singles
|gen|6
|tier|OU
|rated
|clearpoke
|poke|p1|Altaria, M
|poke|p1|Magnezone, shiny
|poke|p1|Landorus-Therian, M, shiny
|poke|p1|Starmie
|poke|p1|Dugtrio, M
|poke|p1|Wobbuffet, M
|poke|p2|Regirock
|poke|p2|Houndoom, M
|poke|p2|Hippowdon, M
|poke|p2|Raikou
|poke|p2|Chesnaught, F
|poke|p2|Galvantula, F
|rule|Swagger Clause: Swagger is banned
|rule|Baton Pass Clause: Limit one PokÃ©mon knowing Baton Pass
|rule|Sleep Clause Mod: Limit one foe put to sleep
|rule|Species Clause: Limit one of each PokÃ©mon
|rule|OHKO Clause: OHKO moves are banned
|rule|Moody Clause: Moody is banned
|rule|Evasion Moves Clause: Evasion moves are banned
|rule|Endless Battle Clause: Forcing endless battles is banned
|rule|HP Percentage Mod: HP is shown in percentages
|teampreview
|
|start
|switch|p1a: Wobbuffet|Wobbuffet, M|584\/584
|switch|p2a: Houndoom|Houndoom, M|291\/291
|turn|1
|
|detailschange|p2a: Houndoom|Houndoom-Mega, M
|-mega|p2a: Houndoom|Houndoom|Houndoominite
|move|p2a: Houndoom|Dark Pulse|p1a: Wobbuffet
|-supereffective|p1a: Wobbuffet
|-damage|p1a: Wobbuffet|96\/584
|move|p1a: Wobbuffet|Encore|p2a: Houndoom
|-start|p2a: Houndoom|Encore
|
|-heal|p1a: Wobbuffet|132\/584|[from] item: Leftovers
|turn|2
|
|move|p2a: Houndoom|Dark Pulse|p1a: Wobbuffet
|-supereffective|p1a: Wobbuffet
|-damage|p1a: Wobbuffet|0 fnt
|faint|p1a: Wobbuffet
|
|
|switch|p1a: Dugtrio|Dugtrio, M|211\/211
|turn|3
|
|move|p1a: Dugtrio|Earthquake|p2a: Houndoom
|-supereffective|p2a: Houndoom
|-damage|p2a: Houndoom|0 fnt
|faint|p2a: Houndoom
|
|
|switch|p2a: Chesnaught|Chesnaught, F|320\/320
|turn|4
|
|switch|p1a: Tiger|Landorus-Therian, M, shiny|376\/376
|-ability|p1a: Tiger|Intimidate|[of] p2a: Chesnaught
|-unboost|p2a: Chesnaught|atk|1
|move|p2a: Chesnaught|Substitute|p2a: Chesnaught
|-start|p2a: Chesnaught|Substitute
|-damage|p2a: Chesnaught|240\/320
|
|turn|5
|
|move|p2a: Chesnaught|Belly Drum|p2a: Chesnaught
|-damage|p2a: Chesnaught|80\/320
|-setboost|p2a: Chesnaught|atk|6|[from] move: Belly Drum
|-enditem|p2a: Chesnaught|Salac Berry|[eat]
|-boost|p2a: Chesnaught|spe|1|[from] item: Salac Berry
|move|p1a: Tiger|Stealth Rock|p2a: Chesnaught
|-sidestart|p2: ninji rus|move: Stealth Rock
|
|turn|6
|
|move|p2a: Chesnaught|Seed Bomb|p1a: Tiger
|-damage|p1a: Tiger|0 fnt
|faint|p1a: Tiger
|
|
|switch|p1a: Dugtrio|Dugtrio, M|211\/211
|turn|7
|
|move|p2a: Chesnaught|Drain Punch|p1a: Dugtrio
|-damage|p1a: Dugtrio|0 fnt
|-heal|p2a: Chesnaught|186\/320|[from] drain|[of] p1a: Dugtrio
|faint|p1a: Dugtrio
|
|
|switch|p1a: OneBlueEye|Magnezone, shiny|281\/281
|turn|8
|
|move|p2a: Chesnaught|Drain Punch|p1a: OneBlueEye
|-supereffective|p1a: OneBlueEye
|-damage|p1a: OneBlueEye|0 fnt
|-heal|p2a: Chesnaught|320\/320|[from] drain|[of] p1a: OneBlueEye
|faint|p1a: OneBlueEye
|
|
|switch|p1a: Jewel|Starmie|261\/261
|turn|9
|
|move|p2a: Chesnaught|Seed Bomb|p1a: Jewel
|-supereffective|p1a: Jewel
|-damage|p1a: Jewel|0 fnt
|faint|p1a: Jewel
|
|
|switch|p1a: Fabulous|Altaria, M|291\/291
|turn|10
|
|detailschange|p1a: Fabulous|Altaria-Mega, M
|-mega|p1a: Fabulous|Altaria|Altarianite
|move|p2a: Chesnaught|Seed Bomb|p1a: Fabulous
|-crit|p1a: Fabulous
|-resisted|p1a: Fabulous
|-damage|p1a: Fabulous|0 fnt
|faint|p1a: Fabulous
|
|win|ninji rus
|raw|Ladder updating...
|raw|IronGrahn's rating: 1132 &rarr; <strong>1105<\/strong><br \/>(-27 for losing)
|raw|ninji rus's rating: 1106 &rarr; <strong>1133<\/strong><br \/>(+27 for winning)
|leave|IronGrahn
|player|p1