|join|PikachuCandy
|join|IronGrahn
|player|p1|PikachuCandy|155
|player|p2|IronGrahn|92
|gametype|singles
|gen|6
|tier|OU
|rated
|clearpoke
|poke|p1|Landorus-Therian, M
|poke|p1|Wobbuffet, M, shiny
|poke|p1|Mandibuzz, F
|poke|p1|Garchomp, M, shiny
|poke|p1|Kyurem-Black, shiny
|poke|p1|Gardevoir, F, shiny
|poke|p2|Metagross
|poke|p2|Azumarill, M
|poke|p2|Chesnaught, M
|poke|p2|Excadrill, M
|poke|p2|Wobbuffet, F, shiny
|poke|p2|Clefable, F
|rule|Swagger Clause: Swagger is banned
|rule|Baton Pass Clause: Limit one PokÃ©mon knowing Baton Pass
|rule|Sleep Clause Mod: Limit one foe put to sleep
|rule|Species Clause: Limit one of each PokÃ©mon
|rule|OHKO Clause: OHKO moves are banned
|rule|Moody Clause: Moody is banned
|rule|Evasion Moves Clause: Evasion moves are banned
|rule|Endless Battle Clause: Forcing endless battles is banned
|rule|HP Percentage Mod: HP is shown in percentages
|teampreview
|c|âIronGrahn|gl hf
|
|start
|switch|p1a: DustFairy|Gardevoir, F, shiny|301\/301
|switch|p2a: Keith|Excadrill, M|361\/361
|-ability|p2a: Keith|Mold Breaker
|-item|p2a: Keith|Air Balloon
|turn|1
|
|detailschange|p1a: DustFairy|Gardevoir-Mega, F, shiny
|-mega|p1a: DustFairy|Gardevoir|Gardevoirite
|move|p2a: Keith|Stealth Rock|p1a: DustFairy
|-sidestart|p1: PikachuCandy|move: Stealth Rock
|move|p1a: DustFairy|Hidden Power|p2a: Keith
|-supereffective|p2a: Keith
|-damage|p2a: Keith|113\/361
|-enditem|p2a: Keith|Air Balloon
|
|turn|2
|
|switch|p1a: Wiz BITG|Mandibuzz, F|424\/424
|-damage|p1a: Wiz BITG|318\/424|[from] Stealth Rock
|move|p2a: Keith|Iron Head|p1a: Wiz BITG
|-damage|p1a: Wiz BITG|218\/424
|
|-heal|p1a: Wiz BITG|244\/424|[from] item: Leftovers
|turn|3
|
|switch|p2a: Kiss me|Wobbuffet, F, shiny|584\/584
|move|p1a: Wiz BITG|Defog|p2a: Kiss me
|-unboost|p2a: Kiss me|evasion|1
|-sideend|p1: PikachuCandy|Stealth Rock|[from] move: Defog|[of] p1a: Wiz BITG
|
|-heal|p1a: Wiz BITG|270\/424|[from] item: Leftovers
|turn|4
|
|move|p1a: Wiz BITG|Taunt|p2a: Kiss me
|-start|p2a: Kiss me|move: Taunt
|cant|p2a: Kiss me|move: Taunt|Encore
|
|-heal|p1a: Wiz BITG|296\/424|[from] item: Leftovers
|turn|5
|
|switch|p2a: Keith|Excadrill, M|113\/361
|-ability|p2a: Keith|Mold Breaker
|move|p1a: Wiz BITG|Roost|p1a: Wiz BITG
|-heal|p1a: Wiz BITG|424\/424
|
|turn|6
|
|move|p2a: Keith|Stealth Rock|p1a: Wiz BITG
|-sidestart|p1: PikachuCandy|move: Stealth Rock
|move|p1a: Wiz BITG|Foul Play|p2a: Keith
|-damage|p2a: Keith|0 fnt
|faint|p2a: Keith
|
|
|switch|p2a: X-Face|Metagross|301\/301
|turn|7
|
|detailschange|p2a: X-Face|Metagross-Mega
|-mega|p2a: X-Face|Metagross|Metagrossite
|move|p2a: X-Face|Ice Punch|p1a: Wiz BITG
|-supereffective|p1a: Wiz BITG
|-damage|p1a: Wiz BITG|252\/424
|move|p1a: Wiz BITG|Foul Play|p2a: X-Face
|-supereffective|p2a: X-Face
|-damage|p2a: X-Face|19\/301
|
|-heal|p1a: Wiz BITG|278\/424|[from] item: Leftovers
|turn|8
|
|move|p2a: X-Face|Meteor Mash|p1a: Wiz BITG
|-damage|p1a: Wiz BITG|128\/424
|move|p1a: Wiz BITG|Defog|p2a: X-Face
|-unboost|p2a: X-Face|evasion|1
|-sideend|p1: PikachuCandy|Stealth Rock|[from] move: Defog|[of] p1a: Wiz BITG
|
|-heal|p1a: Wiz BITG|154\/424|[from] item: Leftovers
|turn|9
|
|move|p2a: X-Face|Ice Punch|p1a: Wiz BITG
|-supereffective|p1a: Wiz BITG
|-damage|p1a: Wiz BITG|0 fnt
|faint|p1a: Wiz BITG
|
|
|switch|p1a: WishTail|Landorus-Therian, M|319\/319
|-ability|p1a: WishTail|Intimidate|[of] p2a: X-Face
|-unboost|p2a: X-Face|atk|1
|turn|10
|
|switch|p2a: Fredrik|Chesnaught, M|380\/380
|move|p1a: WishTail|U-turn|p2a: Fredrik
|-damage|p2a: Fredrik|323\/380
|
|switch|p1a: DustFairy|Gardevoir-Mega, F, shiny|301\/301
|
|-heal|p2a: Fredrik|346\/380|[from] item: Leftovers
|turn|11
|
|switch|p2a: FairyHeart|Clefable, F|394\/394
|move|p1a: DustFairy|Hyper Voice|p2a: FairyHeart
|-damage|p2a: FairyHeart|204\/394
|
|-heal|p2a: FairyHeart|228\/394|[from] item: Leftovers
|turn|12
|
|move|p1a: DustFairy|Hyper Voice|p2a: FairyHeart
|-damage|p2a: FairyHeart|41\/394
|move|p2a: FairyHeart|Wish|p2a: FairyHeart
|
|-heal|p2a: FairyHeart|65\/394|[from] item: Leftovers
|turn|13
|
|move|p2a: FairyHeart|Protect|p2a: FairyHeart
|-singleturn|p2a: FairyHeart|Protect
|move|p1a: DustFairy|Hyper Voice|p2a: FairyHeart
|-activate|p2a: FairyHeart|Protect
|
|-heal|p2a: FairyHeart|262\/394|[from] move: Wish|[wisher] FairyHeart
|-heal|p2a: FairyHeart|286\/394|[from] item: Leftovers
|turn|14
|
|switch|p2a: Kiss me|Wobbuffet, F, shiny|584\/584
|move|p1a: DustFairy|Hyper Voice|p2a: Kiss me
|-damage|p2a: Kiss me|170\/584
|
|-heal|p2a: Kiss me|206\/584|[from] item: Leftovers
|turn|15
|
|move|p1a: DustFairy|Hyper Voice|p2a: Kiss me
|-damage|p2a: Kiss me|0 fnt
|faint|p2a: Kiss me
|
|
|switch|p2a: X-Face|Metagross-Mega|19\/301
|turn|16
|c|âIronGrahn|gg
|
|switch|p1a: WishTail|Landorus-Therian, M|319\/319
|-ability|p1a: WishTail|Intimidate|[of] p2a: X-Face
|-unboost|p2a: X-Face|atk|1
|move|p2a: X-Face|Meteor Mash|p1a: WishTail
|-crit|p1a: WishTail
|-damage|p1a: WishTail|0 fnt
|faint|p1a: WishTail
|
|c|âPikachuCandy|wtf
|
|switch|p1a: Torpedo|Garchomp, M, shiny|357\/357
|turn|17
|
|switch|p2a: Fredrik|Chesnaught, M|346\/380
|move|p1a: Torpedo|Earthquake|p2a: Fredrik
|-resisted|p2a: Fredrik
|-damage|p2a: Fredrik|286\/380
|
|-heal|p2a: Fredrik|309\/380|[from] item: Leftovers
|turn|18
|
|switch|p1a: Teriyaki|Kyurem-Black, shiny|392\/392
|-ability|p1a: Teriyaki|Teravolt
|move|p2a: Fredrik|Leech Seed|p1a: Teriyaki
|-start|p1a: Teriyaki|move: Leech Seed
|
|-heal|p2a: Fredrik|332\/380|[from] item: Leftovers
|-damage|p1a: Teriyaki|343\/392|[from] Leech Seed|[of] p2a: Fredrik
|-heal|p2a: Fredrik|380\/380|[silent]
|turn|19
|
|switch|p1a: DustFairy|Gardevoir-Mega, F, shiny|301\/301
|move|p2a: Fredrik|Spiky Shield|p2a: Fredrik
|-fail|p2a: Fredrik
|
|turn|20
|
|move|p2a: Fredrik|Spiky Shield|p2a: Fredrik
|-singleturn|p2a: Fredrik|move: Protect
|move|p1a: DustFairy|Hyper Voice|p2a: Fredrik
|-activate|p2a: Fredrik|move: Protect
|
|turn|21
|
|move|p1a: DustFairy|Hyper Voice|p2a: Fredrik
|-supereffective|p2a: Fredrik
|-damage|p2a: Fredrik|0 fnt
|faint|p2a: Fredrik
|
|
|switch|p2a: FairyHeart|Clefable, F|286\/394
|turn|22
|
|move|p1a: DustFairy|Hyper Voice|p2a: FairyHeart
|-damage|p2a: FairyHeart|81\/394
|move|p2a: FairyHeart|Wish|p2a: FairyHeart
|
|-heal|p2a: FairyHeart|105\/394|[from] item: Leftovers
|turn|23
|
|switch|p1a: Teriyaki|Kyurem-Black, shiny|343\/392
|-ability|p1a: Teriyaki|Teravolt
|move|p2a: FairyHeart|Protect|p2a: FairyHeart
|-fail|p2a: FairyHeart
|
|-heal|p2a: FairyHeart|302\/394|[from] move: Wish|[wisher] FairyHeart
|-heal|p1a: Teriyaki|367\/392|[from] item: Leftovers
|-heal|p2a: FairyHeart|326\/394|[from] item: Leftovers
|turn|24
|
|move|p1a: Teriyaki|Substitute|p1a: Teriyaki
|-start|p1a: Teriyaki|Substitute
|-damage|p1a: Teriyaki|269\/392
|move|p2a: FairyHeart|Wish|p2a: FairyHeart
|
|-heal|p1a: Teriyaki|293\/392|[from] item: Leftovers
|-heal|p2a: FairyHeart|350\/394|[from] item: Leftovers
|turn|25
|
|move|p1a: Teriyaki|Iron Head|p2a: FairyHeart
|-supereffective|p2a: FairyHeart
|-damage|p2a: FairyHeart|80\/394
|cant|p2a: FairyHeart|flinch
|
|-heal|p2a: FairyHeart|277\/394|[from] move: Wish|[wisher] FairyHeart
|-heal|p1a: Teriyaki|317\/392|[from] item: Leftovers
|-heal|p2a: FairyHeart|301\/394|[from] item: Leftovers
|turn|26
|
|move|p1a: Teriyaki|Iron Head|p2a: FairyHeart
|-supereffective|p2a: FairyHeart
|-damage|p2a: FairyHeart|11\/394
|cant|p2a: FairyHeart|flinch
|
|-heal|p1a: Teriyaki|341\/392|[from] item: Leftovers
|-heal|p2a: FairyHeart|35\/394|[from] item: Leftovers
|turn|27
|c|âPikachuCandy|gg
|c|âIronGrahn|fuck this
|
|move|p1a: Teriyaki|Iron Head|p2a: FairyHeart
|-supereffective|p2a: FairyHeart
|-damage|p2a: FairyHeart|0 fnt
|faint|p2a: FairyHeart
|
|-heal|p1a: Teriyaki|365\/392|[from] item: Leftovers
|
|switch|p2a: X-Face|Metagross-Mega|19\/301
|turn|28
|c|âPikachuCandy|hmm?
|
|move|p2a: X-Face|Meteor Mash|p1a: Teriyaki
|-supereffective|p1a: Teriyaki
|-end|p1a: Teriyaki|Substitute
|move|p1a: Teriyaki|Earth Power|p2a: X-Face
|-supereffective|p2a: X-Face
|-damage|p2a: X-Face|0 fnt
|faint|p2a: X-Face
|
|-heal|p1a: Teriyaki|389\/392|[from] item: Leftovers
|
|switch|p2a: Barbossa|Azumarill, M|342\/342
|turn|29
|
|move|p1a: Teriyaki|Iron Head|p2a: Barbossa
|-damage|p2a: Barbossa|216\/342
|move|p2a: Barbossa|Play Rough|p1a: Teriyaki
|-supereffective|p1a: Teriyaki
|-damage|p1a: Teriyaki|35\/392
|
|-heal|p1a: Teriyaki|59\/392|[from] item: Leftovers
|turn|30
|
|move|p2a: Barbossa|Aqua Jet|p1a: Teriyaki
|-resisted|p1a: Teriyaki
|-damage|p1a: Teriyaki|16\/392
|move|p1a: Teriyaki|Iron Head|p2a: Barbossa
|-damage|p2a: Barbossa|88\/342
|-enditem|p2a: Barbossa|Sitrus Berry|[eat]
|-heal|p2a: Barbossa|173\/342|[from] item: Sitrus Berry
|
|-heal|p1a: Teriyaki|40\/392|[from] item: Leftovers
|turn|31
|-message|IronGrahn forfeited.
|leave|IronGrahn
|
|win|PikachuCandy
|raw|Ladder updating...
|player|p2