|join|IronGrahn
|join|edogangsta
|player|p1|IronGrahn|92
|player|p2|edogangsta|130
|gametype|singles
|gen|6
|tier|OU
|rated
|clearpoke
|poke|p1|Ferrothorn, F, shiny
|poke|p1|Azumarill, M
|poke|p1|Kyurem-Black, shiny
|poke|p1|Gardevoir, F, shiny
|poke|p1|Latios, M, shiny
|poke|p1|Excadrill, F
|poke|p2|Gallade, M
|poke|p2|Heatran, M
|poke|p2|Celebi
|poke|p2|Clefable, F
|poke|p2|Excadrill, F
|poke|p2|Thundurus, M
|rule|Swagger Clause: Swagger is banned
|rule|Baton Pass Clause: Limit one PokÃ©mon knowing Baton Pass
|rule|Sleep Clause Mod: Limit one foe put to sleep
|rule|Species Clause: Limit one of each PokÃ©mon
|rule|OHKO Clause: OHKO moves are banned
|rule|Moody Clause: Moody is banned
|rule|Evasion Moves Clause: Evasion moves are banned
|rule|Endless Battle Clause: Forcing endless battles is banned
|rule|HP Percentage Mod: HP is shown in percentages
|teampreview
|
|start
|switch|p1a: Keith|Excadrill, F|361\/361
|switch|p2a: Clefable|Clefable, F|393\/393
|-ability|p1a: Keith|Mold Breaker
|-item|p1a: Keith|Air Balloon
|turn|1
|
|move|p1a: Keith|Stealth Rock|p2a: Clefable
|-sidestart|p2: edogangsta|move: Stealth Rock
|move|p2a: Clefable|Flamethrower|p1a: Keith
|-supereffective|p1a: Keith
|-damage|p1a: Keith|124\/361
|-enditem|p1a: Keith|Air Balloon
|
|turn|2
|
|switch|p2a: Celebi|Celebi|403\/403
|-damage|p2a: Celebi|353\/403|[from] Stealth Rock
|move|p1a: Keith|Iron Head|p2a: Celebi
|-damage|p2a: Celebi|218\/403
|
|-heal|p2a: Celebi|243\/403|[from] item: Leftovers
|turn|3
|
|move|p1a: Keith|Iron Head|p2a: Celebi
|-damage|p2a: Celebi|110\/403
|move|p2a: Celebi|Stealth Rock|p1a: Keith
|-sidestart|p1: IronGrahn|move: Stealth Rock
|
|-heal|p2a: Celebi|135\/403|[from] item: Leftovers
|turn|4
|
|move|p1a: Keith|Iron Head|p2a: Celebi
|-damage|p2a: Celebi|8\/403
|move|p2a: Celebi|Recover|p2a: Celebi
|-heal|p2a: Celebi|210\/403
|
|-heal|p2a: Celebi|235\/403|[from] item: Leftovers
|turn|5
|
|move|p1a: Keith|Rapid Spin|p2a: Celebi
|-damage|p2a: Celebi|214\/403
|-sideend|p1: IronGrahn|Stealth Rock|[from] move: Rapid Spin|[of] p1a: Keith
|move|p2a: Celebi|Giga Drain|p1a: Keith
|-damage|p1a: Keith|4\/361
|-heal|p2a: Celebi|274\/403|[from] drain|[of] p1a: Keith
|
|-heal|p2a: Celebi|299\/403|[from] item: Leftovers
|turn|6
|
|move|p1a: Keith|Iron Head|p2a: Celebi
|-damage|p2a: Celebi|167\/403
|move|p2a: Celebi|Stealth Rock|p1a: Keith
|-sidestart|p1: IronGrahn|move: Stealth Rock
|
|-heal|p2a: Celebi|192\/403|[from] item: Leftovers
|turn|7
|
|move|p1a: Keith|Rapid Spin|p2a: Celebi
|-damage|p2a: Celebi|169\/403
|-sideend|p1: IronGrahn|Stealth Rock|[from] move: Rapid Spin|[of] p1a: Keith
|move|p2a: Celebi|Giga Drain|p1a: Keith
|-damage|p1a: Keith|0 fnt
|-heal|p2a: Celebi|171\/403|[from] drain|[of] p1a: Keith
|faint|p1a: Keith
|
|-heal|p2a: Celebi|196\/403|[from] item: Leftovers
|
|switch|p1a: Bellatrix|Gardevoir, F, shiny|277\/277
|-ability|p1a: Bellatrix|Natural Cure|[from] ability: Trace|[of] p2a: Celebi
|turn|8
|
|detailschange|p1a: Bellatrix|Gardevoir-Mega, F, shiny
|-mega|p1a: Bellatrix|Gardevoir|Gardevoirite
|move|p1a: Bellatrix|Taunt|p2a: Celebi
|-start|p2a: Celebi|move: Taunt
|cant|p2a: Celebi|move: Taunt|Stealth Rock
|
|-heal|p2a: Celebi|221\/403|[from] item: Leftovers
|turn|9
|
|switch|p2a: Heatran|Heatran, M|386\/386
|-damage|p2a: Heatran|338\/386|[from] Stealth Rock
|move|p1a: Bellatrix|Hyper Voice|p2a: Heatran
|-resisted|p2a: Heatran
|-damage|p2a: Heatran|291\/386
|
|-heal|p2a: Heatran|315\/386|[from] item: Leftovers
|turn|10
|
|move|p2a: Heatran|Protect|p2a: Heatran
|-singleturn|p2a: Heatran|Protect
|move|p1a: Bellatrix|Focus Blast|p2a: Heatran
|-activate|p2a: Heatran|Protect
|
|-heal|p2a: Heatran|339\/386|[from] item: Leftovers
|turn|11
|
|move|p1a: Bellatrix|Focus Blast|p2a: Heatran|[miss]
|-miss|p1a: Bellatrix|p2a: Heatran
|move|p2a: Heatran|Roar|p1a: Bellatrix
|drag|p1a: Barbossa|Azumarill, M|342\/342
|
|-heal|p2a: Heatran|363\/386|[from] item: Leftovers
|turn|12
|
|switch|p1a: AirForceOne|Latios, M, shiny|299\/299
|switch|p2a: Celebi|Celebi|221\/403
|-damage|p2a: Celebi|171\/403|[from] Stealth Rock
|
|-heal|p2a: Celebi|196\/403|[from] item: Leftovers
|turn|13
|
|move|p1a: AirForceOne|Ice Beam|p2a: Celebi
|-supereffective|p2a: Celebi
|-damage|p2a: Celebi|0 fnt
|-damage|p1a: AirForceOne|270\/299|[from] item: Life Orb
|faint|p2a: Celebi
|
|
|switch|p2a: Excadrill|Excadrill, F|361\/361
|-damage|p2a: Excadrill|350\/361|[from] Stealth Rock
|-ability|p2a: Excadrill|Mold Breaker
|turn|14
|
|move|p2a: Excadrill|Rapid Spin|p1a: AirForceOne
|-damage|p1a: AirForceOne|238\/299
|-sideend|p2: edogangsta|Stealth Rock|[from] move: Rapid Spin|[of] p2a: Excadrill
|move|p1a: AirForceOne|Earthquake|p2a: Excadrill
|-supereffective|p2a: Excadrill
|-damage|p2a: Excadrill|77\/361
|-damage|p1a: AirForceOne|209\/299|[from] item: Life Orb
|
|turn|15
|
|switch|p2a: Clefable|Clefable, F|393\/393
|move|p1a: AirForceOne|Ice Beam|p2a: Clefable
|-damage|p2a: Clefable|246\/393
|-status|p2a: Clefable|frz
|-damage|p1a: AirForceOne|180\/299|[from] item: Life Orb
|
|turn|16
|
|move|p1a: AirForceOne|Ice Beam|p2a: Clefable
|-damage|p2a: Clefable|86\/393 frz
|-damage|p1a: AirForceOne|151\/299|[from] item: Life Orb
|cant|p2a: Clefable|frz
|
|turn|17
|
|switch|p2a: Excadrill|Excadrill, F|77\/361
|-ability|p2a: Excadrill|Mold Breaker
|move|p1a: AirForceOne|Ice Beam|p2a: Excadrill
|-damage|p2a: Excadrill|0 fnt
|-damage|p1a: AirForceOne|122\/299|[from] item: Life Orb
|faint|p2a: Excadrill
|
|
|switch|p2a: Thundurus|Thundurus, M|299\/299
|turn|18
|
|move|p2a: Thundurus|Knock Off|p1a: AirForceOne
|-supereffective|p1a: AirForceOne
|-damage|p1a: AirForceOne|0 fnt
|-enditem|p1a: AirForceOne|Life Orb|[from] move: Knock Off|[of] p2a: Thundurus
|-damage|p2a: Thundurus|270\/299|[from] item: Life Orb
|faint|p1a: AirForceOne
|
|c|âIronGrahn|Defiant, nice!
|
|switch|p1a: I'm Black|Kyurem-Black, shiny|391\/391
|-ability|p1a: I'm Black|Teravolt
|turn|19
|
|switch|p2a: Clefable|Clefable, F|86\/393 frz
|move|p1a: I'm Black|Fusion Bolt|p2a: Clefable
|-damage|p2a: Clefable|0 fnt
|faint|p2a: Clefable
|
|
|switch|p2a: Heatran|Heatran, M|363\/386
|turn|20
|
|switch|p1a: Bellatrix|Gardevoir-Mega, F, shiny|277\/277
|move|p2a: Heatran|Protect|p2a: Heatran
|-fail|p2a: Heatran
|
|-heal|p2a: Heatran|386\/386|[from] item: Leftovers
|turn|21
|
|switch|p2a: Thundurus|Thundurus, M|270\/299
|move|p1a: Bellatrix|Focus Blast|p2a: Thundurus
|-resisted|p2a: Thundurus
|-damage|p2a: Thundurus|153\/299
|
|turn|22
|
|move|p2a: Thundurus|Thunderbolt|p1a: Bellatrix
|-damage|p1a: Bellatrix|109\/277
|-damage|p2a: Thundurus|124\/299|[from] item: Life Orb
|move|p1a: Bellatrix|Hyper Voice|p2a: Thundurus
|-damage|p2a: Thundurus|0 fnt
|faint|p2a: Thundurus
|
|
|switch|p2a: Heatran|Heatran, M|386\/386
|turn|23
|
|move|p1a: Bellatrix|Focus Blast|p2a: Heatran
|-supereffective|p2a: Heatran
|-damage|p2a: Heatran|148\/386
|move|p2a: Heatran|Lava Plume|p1a: Bellatrix
|-damage|p1a: Bellatrix|22\/277
|
|-heal|p2a: Heatran|172\/386|[from] item: Leftovers
|turn|24
|
|move|p1a: Bellatrix|Focus Blast|p2a: Heatran|[miss]
|-miss|p1a: Bellatrix|p2a: Heatran
|move|p2a: Heatran|Lava Plume|p1a: Bellatrix
|-damage|p1a: Bellatrix|0 fnt
|faint|p1a: Bellatrix
|
|-heal|p2a: Heatran|196\/386|[from] item: Leftovers
|
|switch|p1a: I'm Black|Kyurem-Black, shiny|391\/391
|-ability|p1a: I'm Black|Teravolt
|turn|25
|
|move|p1a: I'm Black|Fusion Bolt|p2a: Heatran
|-crit|p2a: Heatran
|-damage|p2a: Heatran|0 fnt
|faint|p2a: Heatran
|
|
|switch|p2a: Gallade|Gallade, M|277\/277
|turn|26
|c|âIronGrahn|gg
|
|switch|p1a: Nugget|Ferrothorn, F, shiny|352\/352
|detailschange|p2a: Gallade|Gallade-Mega, M
|-mega|p2a: Gallade|Gallade|Galladite
|move|p2a: Gallade|Close Combat|p1a: Nugget
|-supereffective|p1a: Nugget
|-damage|p1a: Nugget|74\/352
|-damage|p2a: Gallade|243\/277|[from] ability: Iron Barbs|[of] p1a: Nugget
|-unboost|p2a: Gallade|def|1
|-unboost|p2a: Gallade|spd|1
|
|-heal|p1a: Nugget|96\/352|[from] item: Leftovers
|turn|27
|
|move|p2a: Gallade|Knock Off|p1a: Nugget
|-damage|p1a: Nugget|11\/352
|-damage|p2a: Gallade|209\/277|[from] ability: Iron Barbs|[of] p1a: Nugget
|-enditem|p1a: Nugget|Leftovers|[from] move: Knock Off|[of] p2a: Gallade
|move|p1a: Nugget|Gyro Ball|p2a: Gallade
|-damage|p2a: Gallade|0 fnt
|faint|p2a: Gallade
|
|win|IronGrahn
|raw|Ladder updating...
|raw|IronGrahn's rating: 1536 &rarr; <strong>1551<\/strong><br \/>(+15 for winning)
|raw|edogangsta's rating: 1451 &rarr; <strong>1436<\/strong><br \/>(-15 for losing)