|join|CheckmateWeee
|join|IronGrahn
|player|p1|CheckmateWeee|101
|player|p2|IronGrahn|92
|gametype|singles
|gen|6
|tier|OU
|rated
|clearpoke
|poke|p1|Raikou
|poke|p1|Keldeo
|poke|p1|Landorus-Therian, M
|poke|p1|Metagross
|poke|p1|Tornadus-Therian, M
|poke|p1|Infernape, F
|poke|p2|Charizard, M
|poke|p2|Ferrothorn, F
|poke|p2|Azumarill, M
|poke|p2|Landorus-Therian, M
|poke|p2|Latios, M
|poke|p2|Chansey, F
|rule|Swagger Clause: Swagger is banned
|rule|Baton Pass Clause: Limit one PokÃ©mon knowing Baton Pass
|rule|Sleep Clause Mod: Limit one foe put to sleep
|rule|Species Clause: Limit one of each PokÃ©mon
|rule|OHKO Clause: OHKO moves are banned
|rule|Moody Clause: Moody is banned
|rule|Evasion Moves Clause: Evasion moves are banned
|rule|Endless Battle Clause: Forcing endless battles is banned
|rule|HP Percentage Mod: HP is shown in percentages
|teampreview
|
|start
|switch|p1a: Infernape|Infernape, F|293\/293
|switch|p2a: Shere Khan|Landorus-Therian, M|381\/381
|-ability|p2a: Shere Khan|Intimidate|[of] p1a: Infernape
|-unboost|p1a: Infernape|atk|1
|turn|1
|c|âIronGrahn|gl hf
|c|âCheckmateWeee|u2
|
|move|p1a: Infernape|Stealth Rock|p2a: Shere Khan
|-sidestart|p2: IronGrahn|move: Stealth Rock
|move|p2a: Shere Khan|Stealth Rock|p1a: Infernape
|-sidestart|p1: CheckmateWeee|move: Stealth Rock
|
|turn|2
|
|move|p1a: Infernape|Flamethrower|p2a: Shere Khan
|-damage|p2a: Shere Khan|294\/381
|move|p2a: Shere Khan|Earthquake|p1a: Infernape
|-supereffective|p1a: Infernape
|-enditem|p1a: Infernape|Focus Sash
|-damage|p1a: Infernape|1\/293
|
|-heal|p2a: Shere Khan|317\/381|[from] item: Leftovers
|turn|3
|
|move|p1a: Infernape|Flamethrower|p2a: Shere Khan
|-damage|p2a: Shere Khan|184\/381
|move|p2a: Shere Khan|U-turn|p1a: Infernape
|-resisted|p1a: Infernape
|-damage|p1a: Infernape|0 fnt
|faint|p1a: Infernape
|
|switch|p2a: Boing 747|Latios, M|301\/301
|-damage|p2a: Boing 747|264\/301|[from] Stealth Rock
|
|-heal|p2a: Boing 747|282\/301|[from] item: Leftovers
|
|switch|p1a: Raikou|Raikou|325\/325
|-damage|p1a: Raikou|285\/325|[from] Stealth Rock
|-ability|p1a: Raikou|Pressure
|turn|4
|
|move|p1a: Raikou|Shadow Ball|p2a: Boing 747
|-supereffective|p2a: Boing 747
|-damage|p2a: Boing 747|32\/301
|move|p2a: Boing 747|Defog|p1a: Raikou
|-unboost|p1a: Raikou|evasion|1
|-sideend|p1: CheckmateWeee|Stealth Rock|[from] move: Defog|[of] p1a: Raikou
|-sideend|p2: IronGrahn|Stealth Rock|[from] move: Defog|[of] p2a: Boing 747
|
|-heal|p2a: Boing 747|50\/301|[from] item: Leftovers
|turn|5
|
|switch|p1a: Metagross|Metagross|301\/301
|switch|p2a: Fat gurl|Chansey, F|703\/703
|
|turn|6
|
|detailschange|p1a: Metagross|Metagross-Mega
|-mega|p1a: Metagross|Metagross|Metagrossite
|move|p1a: Metagross|Hammer Arm|p2a: Fat gurl
|-supereffective|p2a: Fat gurl
|-damage|p2a: Fat gurl|271\/703
|-unboost|p1a: Metagross|spe|1
|move|p2a: Fat gurl|Wish|p2a: Fat gurl
|
|turn|7
|
|switch|p2a: Shere Khan|Landorus-Therian, M|184\/381
|-ability|p2a: Shere Khan|Intimidate|[of] p1a: Metagross
|-unboost|p1a: Metagross|atk|1
|move|p1a: Metagross|Meteor Mash|p2a: Shere Khan
|-damage|p2a: Shere Khan|21\/381
|-boost|p1a: Metagross|atk|1
|
|-heal|p2a: Shere Khan|372\/381|[from] move: Wish|[wisher] Fat gurl
|-heal|p2a: Shere Khan|381\/381|[from] item: Leftovers
|turn|8
|
|switch|p1a: Tornadus-Therian|Tornadus-Therian, M|299\/299
|move|p2a: Shere Khan|U-turn|p1a: Tornadus-Therian
|-resisted|p1a: Tornadus-Therian
|-damage|p1a: Tornadus-Therian|245\/299
|
|switch|p2a: Sunlover|Charizard, M|359\/359
|
|turn|9
|
|detailschange|p2a: Sunlover|Charizard-Mega-X, M
|-mega|p2a: Sunlover|Charizard|Charizardite X
|move|p1a: Tornadus-Therian|Hurricane|p2a: Sunlover
|-damage|p2a: Sunlover|232\/359
|move|p2a: Sunlover|Will-O-Wisp|p1a: Tornadus-Therian|[miss]
|-miss|p2a: Sunlover|p1a: Tornadus-Therian
|
|turn|10
|
|switch|p1a: Keldeo|Keldeo|323\/323
|move|p2a: Sunlover|Roost|p2a: Sunlover
|-heal|p2a: Sunlover|359\/359
|
|turn|11
|
|switch|p2a: Thornball|Ferrothorn, F|352\/352
|move|p1a: Keldeo|Secret Sword|p2a: Thornball
|-supereffective|p2a: Thornball
|-damage|p2a: Thornball|74\/352
|
|-heal|p2a: Thornball|96\/352|[from] item: Leftovers
|turn|12
|
|move|p1a: Keldeo|Secret Sword|p2a: Thornball
|-supereffective|p2a: Thornball
|-damage|p2a: Thornball|0 fnt
|faint|p2a: Thornball
|
|
|switch|p2a: Boing 747|Latios, M|50\/301
|turn|13
|
|switch|p1a: Metagross|Metagross-Mega|301\/301
|move|p2a: Boing 747|Psyshock|p1a: Metagross
|-resisted|p1a: Metagross
|-damage|p1a: Metagross|276\/301
|
|-heal|p2a: Boing 747|68\/301|[from] item: Leftovers
|turn|14
|
|move|p1a: Metagross|Meteor Mash|p2a: Boing 747|[miss]
|-miss|p1a: Metagross|p2a: Boing 747
|move|p2a: Boing 747|Earthquake|p1a: Metagross
|-supereffective|p1a: Metagross
|-damage|p1a: Metagross|168\/301
|
|-heal|p2a: Boing 747|86\/301|[from] item: Leftovers
|turn|15
|
|move|p2a: Boing 747|Earthquake|p1a: Metagross
|-supereffective|p1a: Metagross
|-damage|p1a: Metagross|70\/301
|move|p1a: Metagross|Meteor Mash|p2a: Boing 747
|-damage|p2a: Boing 747|0 fnt
|faint|p2a: Boing 747
|
|
|switch|p2a: Shere Khan|Landorus-Therian, M|381\/381
|-ability|p2a: Shere Khan|Intimidate|[of] p1a: Metagross
|-unboost|p1a: Metagross|atk|1
|turn|16
|
|move|p1a: Metagross|Meteor Mash|p2a: Shere Khan
|-damage|p2a: Shere Khan|198\/381
|-boost|p1a: Metagross|atk|1
|move|p2a: Shere Khan|Stealth Rock|p1a: Metagross
|-sidestart|p1: CheckmateWeee|move: Stealth Rock
|
|-heal|p2a: Shere Khan|221\/381|[from] item: Leftovers
|turn|17
|
|move|p1a: Metagross|Meteor Mash|p2a: Shere Khan
|-damage|p2a: Shere Khan|0 fnt
|faint|p2a: Shere Khan
|
|
|switch|p2a: Sunlover|Charizard-Mega-X, M|359\/359
|turn|18
|
|move|p1a: Metagross|Zen Headbutt|p2a: Sunlover
|-damage|p2a: Sunlover|160\/359
|move|p2a: Sunlover|Will-O-Wisp|p1a: Metagross|[miss]
|-miss|p2a: Sunlover|p1a: Metagross
|
|turn|19
|c|âIronGrahn|R U SERIOUS?
|
|move|p1a: Metagross|Zen Headbutt|p2a: Sunlover
|-damage|p2a: Sunlover|0 fnt
|faint|p2a: Sunlover
|
|
|switch|p2a: Fat gurl|Chansey, F|271\/703
|turn|20
|c|âCheckmateWeee|nah
|c|âCheckmateWeee|joking
|c|âIronGrahn|gg
|c|âCheckmateWeee|of course
|
|move|p1a: Metagross|Hammer Arm|p2a: Fat gurl
|-supereffective|p2a: Fat gurl
|-damage|p2a: Fat gurl|0 fnt
|-unboost|p1a: Metagross|spe|1
|faint|p2a: Fat gurl
|
|c|âCheckmateWeee|gg
|
|switch|p2a: Barbossa|Azumarill, M|342\/342
|turn|21
|
|move|p1a: Metagross|Meteor Mash|p2a: Barbossa
|-crit|p2a: Barbossa
|-damage|p2a: Barbossa|0 fnt
|faint|p2a: Barbossa
|
|win|CheckmateWeee
|raw|Ladder updating...
|raw|CheckmateWeee's rating: 1558 &rarr; <strong>1579<\/strong><br \/>(+21 for winning)
|raw|IronGrahn's rating: 1578 &rarr; <strong>1557<\/strong><br \/>(-21 for losing)