|join|Robert Edward Lee
|join|21101129k
|player|p1|Robert Edward Lee|214
|player|p2|21101129k|156
|gametype|singles
|gen|6
|tier|OU
|rated
|clearpoke
|poke|p1|Swellow, M, shiny
|poke|p1|Azumarill, F
|poke|p1|Magnezone
|poke|p1|Latios, M
|poke|p1|Heracross, F
|poke|p1|Mamoswine, F, shiny
|poke|p2|Diancie
|poke|p2|Heracross, M
|poke|p2|Cofagrigus, F
|poke|p2|Cresselia, F
|poke|p2|Victini
|poke|p2|Crawdaunt, F
|rule|Swagger Clause: Swagger is banned
|rule|Baton Pass Clause: Limit one PokÃ©mon knowing Baton Pass
|rule|Sleep Clause Mod: Limit one foe put to sleep
|rule|Species Clause: Limit one of each PokÃ©mon
|rule|OHKO Clause: OHKO moves are banned
|rule|Moody Clause: Moody is banned
|rule|Evasion Moves Clause: Evasion moves are banned
|rule|Endless Battle Clause: Forcing endless battles is banned
|rule|HP Percentage Mod: HP is shown in percentages
|teampreview
|c|âRobert Edward Lee|gl hf
|
|start
|switch|p1a: Siberia|Mamoswine, F, shiny|361\/361
|switch|p2a: Diancie|Diancie|304\/304
|turn|1
|
|move|p1a: Siberia|Stealth Rock|p2a: Diancie
|-sidestart|p2: 21101129k|move: Stealth Rock
|move|p2a: Diancie|Trick Room|p2a: Diancie
|-fieldstart|move: Trick Room|[of] p2a: Diancie
|
|turn|2
|
|move|p2a: Diancie|Stealth Rock|p1a: Siberia
|-sidestart|p1: Robert Edward Lee|move: Stealth Rock
|move|p1a: Siberia|Earthquake|p2a: Diancie
|-supereffective|p2a: Diancie
|-damage|p2a: Diancie|47\/304
|-damage|p1a: Siberia|325\/361|[from] item: Life Orb
|
|turn|3
|
|move|p2a: Diancie|Explosion|p1a: Siberia
|-damage|p1a: Siberia|77\/361
|faint|p2a: Diancie
|move|p1a: Siberia|Earthquake|p2: Diancie|[notarget]
|-notarget
|
|
|switch|p2a: Cofagrigus|Cofagrigus, F|319\/319
|-damage|p2a: Cofagrigus|280\/319|[from] Stealth Rock
|turn|4
|
|move|p2a: Cofagrigus|Nasty Plot|p2a: Cofagrigus
|-boost|p2a: Cofagrigus|spa|2
|move|p1a: Siberia|Earthquake|p2a: Cofagrigus
|-damage|p2a: Cofagrigus|123\/319
|-damage|p1a: Siberia|41\/361|[from] item: Life Orb
|
|-heal|p2a: Cofagrigus|142\/319|[from] item: Leftovers
|turn|5
|
|move|p2a: Cofagrigus|Shadow Ball|p1a: Siberia
|-damage|p1a: Siberia|0 fnt
|faint|p1a: Siberia
|
|-heal|p2a: Cofagrigus|161\/319|[from] item: Leftovers
|-fieldend|move: Trick Room
|
|switch|p1a: Roswell|Magnezone|282\/282
|-damage|p1a: Roswell|265\/282|[from] Stealth Rock
|turn|6
|
|move|p1a: Roswell|Thunderbolt|p2a: Cofagrigus
|-damage|p2a: Cofagrigus|13\/319
|move|p2a: Cofagrigus|Trick Room|p2a: Cofagrigus
|-fieldstart|move: Trick Room|[of] p2a: Cofagrigus
|
|-heal|p2a: Cofagrigus|32\/319|[from] item: Leftovers
|turn|7
|
|move|p2a: Cofagrigus|Shadow Ball|p1a: Roswell
|-damage|p1a: Roswell|0 fnt
|faint|p1a: Roswell
|
|-heal|p2a: Cofagrigus|51\/319|[from] item: Leftovers
|
|switch|p1a: Swellow|Swellow, M, shiny|261\/261
|-damage|p1a: Swellow|196\/261|[from] Stealth Rock
|turn|8
|
|move|p1a: Swellow|Protect|p1a: Swellow
|-singleturn|p1a: Swellow|Protect
|move|p2a: Cofagrigus|Will-O-Wisp|p1a: Swellow
|-activate|p1a: Swellow|Protect
|
|-heal|p2a: Cofagrigus|70\/319|[from] item: Leftovers
|-status|p1a: Swellow|tox|[from] item: Toxic Orb
|turn|9
|
|move|p1a: Swellow|Brave Bird|p2a: Cofagrigus
|-damage|p2a: Cofagrigus|0 fnt
|-endability|p1a: Swellow|guts|[from] Mummy
|-ability|p1a: Swellow|Mummy|[from] Mummy
|-damage|p1a: Swellow|173\/261 tox|[from] recoil|[of] p2a: Cofagrigus
|faint|p2a: Cofagrigus
|
|-damage|p1a: Swellow|157\/261 tox|[from] psn
|
|switch|p2a: Victini|Victini|404\/404
|-damage|p2a: Victini|303\/404|[from] Stealth Rock
|turn|10
|
|move|p1a: Swellow|Protect|p1a: Swellow
|-singleturn|p1a: Swellow|Protect
|move|p2a: Victini|Bolt Strike|p1a: Swellow
|-activate|p1a: Swellow|Protect
|
|-damage|p1a: Swellow|125\/261 tox|[from] psn
|-fieldend|move: Trick Room
|turn|11
|
|move|p1a: Swellow|Facade|p2a: Victini
|-damage|p2a: Victini|129\/404
|move|p2a: Victini|Trick Room|p2a: Victini
|-fieldstart|move: Trick Room|[of] p2a: Victini
|
|-damage|p1a: Swellow|77\/261 tox|[from] psn
|turn|12
|
|move|p1a: Swellow|Quick Attack|p2a: Victini
|-damage|p2a: Victini|78\/404
|move|p2a: Victini|V-create|p1a: Swellow
|-damage|p1a: Swellow|0 fnt
|-endability|p2a: Victini|victorystar|[from] Mummy
|-ability|p2a: Victini|Mummy|[from] Mummy
|-unboost|p2a: Victini|def|1
|-unboost|p2a: Victini|spd|1
|-unboost|p2a: Victini|spe|1
|faint|p1a: Swellow
|
|
|switch|p1a: Bunny M|Azumarill, F|404\/404
|-damage|p1a: Bunny M|354\/404|[from] Stealth Rock
|turn|13
|
|move|p1a: Bunny M|Protect|p1a: Bunny M
|-singleturn|p1a: Bunny M|Protect
|move|p2a: Victini|Bolt Strike|p1a: Bunny M
|-activate|p1a: Bunny M|Protect
|
|-heal|p1a: Bunny M|379\/404|[from] item: Leftovers
|turn|14
|
|switch|p1a: Latios|Latios, M|299\/299
|-damage|p1a: Latios|262\/299|[from] Stealth Rock
|move|p2a: Victini|Bolt Strike|p1a: Latios|[miss]
|-miss|p2a: Victini|p1a: Latios
|
|turn|15
|
|move|p2a: Victini|V-create|p1a: Latios
|-resisted|p1a: Latios
|-damage|p1a: Latios|66\/299
|-unboost|p2a: Victini|def|1
|-unboost|p2a: Victini|spd|1
|-unboost|p2a: Victini|spe|1
|move|p1a: Latios|Calm Mind|p1a: Latios
|-boost|p1a: Latios|spa|1
|-boost|p1a: Latios|spd|1
|
|-fieldend|move: Trick Room
|turn|16
|
|move|p1a: Latios|Psychic|p2a: Victini
|-resisted|p2a: Victini
|-damage|p2a: Victini|0 fnt
|-damage|p1a: Latios|37\/299|[from] item: Life Orb
|faint|p2a: Victini
|
|
|switch|p2a: Cresselia|Cresselia, F|444\/444
|-damage|p2a: Cresselia|389\/444|[from] Stealth Rock
|turn|17
|
|move|p1a: Latios|Draco Meteor|p2a: Cresselia
|-damage|p2a: Cresselia|95\/444
|-unboost|p1a: Latios|spa|2
|-damage|p1a: Latios|8\/299|[from] item: Life Orb
|move|p2a: Cresselia|Trick Room|p2a: Cresselia
|-fieldstart|move: Trick Room|[of] p2a: Cresselia
|
|turn|18
|
|move|p2a: Cresselia|Lunar Dance|p2a: Cresselia
|faint|p2a: Cresselia
|move|p1a: Latios|Draco Meteor|p2: Cresselia|[notarget]
|-notarget
|
|
|switch|p2a: Crawdaunt|Crawdaunt, F|330\/330
|-heal|p2a: Crawdaunt|330\/330|[from] move: Lunar Dance
|-damage|p2a: Crawdaunt|289\/330|[from] Stealth Rock
|turn|19
|
|move|p2a: Crawdaunt|Knock Off|p1a: Latios
|-supereffective|p1a: Latios
|-damage|p1a: Latios|0 fnt
|-enditem|p1a: Latios|Life Orb|[from] move: Knock Off|[of] p2a: Crawdaunt
|-damage|p2a: Crawdaunt|256\/330|[from] item: Life Orb
|faint|p1a: Latios
|
|
|switch|p1a: Bunny M|Azumarill, F|379\/404
|-damage|p1a: Bunny M|329\/404|[from] Stealth Rock
|turn|20
|
|move|p2a: Crawdaunt|Knock Off|p1a: Bunny M
|-resisted|p1a: Bunny M
|-damage|p1a: Bunny M|194\/404
|-enditem|p1a: Bunny M|Leftovers|[from] move: Knock Off|[of] p2a: Crawdaunt
|-damage|p2a: Crawdaunt|223\/330|[from] item: Life Orb
|move|p1a: Bunny M|Whirlpool|p2a: Crawdaunt|[miss]
|-miss|p1a: Bunny M|p2a: Crawdaunt
|
|turn|21
|
|move|p1a: Bunny M|Protect|p1a: Bunny M
|-singleturn|p1a: Bunny M|Protect
|move|p2a: Crawdaunt|Swords Dance|p2a: Crawdaunt
|-boost|p2a: Crawdaunt|atk|2
|
|-fieldend|move: Trick Room
|turn|22
|
|move|p1a: Bunny M|Perish Song|p1a: Bunny M
|-fieldactivate|move: Perish Song
|move|p2a: Crawdaunt|Crabhammer|p1a: Bunny M
|-resisted|p1a: Bunny M
|-damage|p1a: Bunny M|0 fnt
|-damage|p2a: Crawdaunt|190\/330|[from] item: Life Orb
|faint|p1a: Bunny M
|
|-start|p2a: Crawdaunt|perish3
|
|switch|p1a: GypsyRemovalUnit|Heracross, F|307\/307
|-damage|p1a: GypsyRemovalUnit|269\/307|[from] Stealth Rock
|turn|23
|c|â21101129k|gg
|c|âRobert Edward Lee|gg
|
|move|p2a: Crawdaunt|Aqua Jet|p1a: GypsyRemovalUnit
|-damage|p1a: GypsyRemovalUnit|0 fnt
|-damage|p2a: Crawdaunt|157\/330|[from] item: Life Orb
|faint|p1a: GypsyRemovalUnit
|
|win|21101129k
|raw|Ladder updating...
|raw|Robert Edward Lee's rating: 1545 &rarr; <strong>1522<\/strong><br \/>(-23 for losing)
|raw|21101129k's rating: 1483 &rarr; <strong>1506<\/strong><br \/>(+23 for winning)
|leave|Robert Edward Lee
|player|p1