|join|X TREE
|join|Robert Edward Lee
|player|p1|X TREE|1
|player|p2|Robert Edward Lee|214
|gametype|singles
|gen|6
|tier|OU
|rated
|clearpoke
|poke|p1|Kyurem-Black
|poke|p1|Scizor, M
|poke|p1|Azumarill, M
|poke|p1|Landorus-Therian, M
|poke|p1|Infernape, F
|poke|p1|Rotom-Wash
|poke|p2|Scizor, M, shiny
|poke|p2|Kyurem-Black, shiny
|poke|p2|Azumarill, M
|poke|p2|Heatran, M
|poke|p2|Latios, M
|poke|p2|Landorus, M
|rule|Swagger Clause: Swagger is banned
|rule|Baton Pass Clause: Limit one PokÃ©mon knowing Baton Pass
|rule|Sleep Clause Mod: Limit one foe put to sleep
|rule|Species Clause: Limit one of each PokÃ©mon
|rule|OHKO Clause: OHKO moves are banned
|rule|Moody Clause: Moody is banned
|rule|Evasion Moves Clause: Evasion moves are banned
|rule|Endless Battle Clause: Forcing endless battles is banned
|rule|HP Percentage Mod: HP is shown in percentages
|teampreview
|
|start
|switch|p1a: Ed|Landorus-Therian, M|319\/319
|switch|p2a: Bahamut|Kyurem-Black, shiny|389\/389
|-ability|p1a: Ed|Intimidate|[of] p2a: Bahamut
|-unboost|p2a: Bahamut|atk|1
|-ability|p2a: Bahamut|Teravolt
|turn|1
|
|move|p1a: Ed|U-turn|p2a: Bahamut
|-damage|p2a: Bahamut|294\/389
|
|switch|p1a: Edd|Scizor, M|331\/331
|move|p2a: Bahamut|Ice Beam|p1a: Edd
|-resisted|p1a: Edd
|-damage|p1a: Edd|202\/331
|-damage|p2a: Bahamut|256\/389|[from] item: Life Orb
|
|turn|2
|
|switch|p2a: Landorus|Landorus, M|319\/319
|detailschange|p1a: Edd|Scizor-Mega, M
|message|Scizor has Mega Evolved into Mega Scizor!
|move|p1a: Edd|U-turn|p2a: Landorus
|-resisted|p2a: Landorus
|-damage|p2a: Landorus|232\/319
|
|switch|p1a: Jimmy|Azumarill, M|401\/401
|
|turn|3
|
|switch|p2a: Scizor|Scizor, M, shiny|343\/343
|move|p1a: Jimmy|Waterfall|p2a: Scizor
|-damage|p2a: Scizor|181\/343
|
|turn|4
|
|switch|p1a: Rolf|Infernape, F|293\/293
|detailschange|p2a: Scizor|Scizor-Mega, M, shiny
|message|Scizor has Mega Evolved into Mega Scizor!
|move|p2a: Scizor|Knock Off|p1a: Rolf
|-resisted|p1a: Rolf
|-damage|p1a: Rolf|213\/293
|-enditem|p1a: Rolf|Flame Plate|[from] move: Knock Off|[of] p2a: Scizor
|
|turn|5
|
|switch|p2a: The Red Terror|Heatran, M|362\/362
|-item|p2a: The Red Terror|Air Balloon
|move|p1a: Rolf|Stealth Rock|p2a: The Red Terror
|-sidestart|p2: Robert Edward Lee|move: Stealth Rock
|
|turn|6
|
|switch|p2a: Moist Nugget|Latios, M|299\/299
|-damage|p2a: Moist Nugget|262\/299|[from] Stealth Rock
|move|p1a: Rolf|U-turn|p2a: Moist Nugget
|-supereffective|p2a: Moist Nugget
|-damage|p2a: Moist Nugget|118\/299
|
|switch|p1a: Ed|Landorus-Therian, M|319\/319
|-ability|p1a: Ed|Intimidate|[of] p2a: Moist Nugget
|-unboost|p2a: Moist Nugget|atk|1
|
|turn|7
|c|âRobert Edward Lee|gg
|-message|Robert Edward Lee forfeited.
|leave|Robert Edward Lee
|
|win|X TREE
|raw|Ladder updating...
|player|p2
|raw|X TREE's rating: 1677 &rarr; <strong>1701<\/strong><br \/>(+24 for winning)
|raw|Robert Edward Lee's rating: 1757 &rarr; <strong>1733<\/strong><br \/>(-24 for losing)