|join|Robert Edward Lee
|join|doomthemad
|player|p1|Robert Edward Lee|214
|player|p2|doomthemad|162
|gametype|singles
|gen|6
|tier|OU
|rated
|clearpoke
|poke|p1|Heracross, F
|poke|p1|Mamoswine, M
|poke|p1|Breloom, M, shiny
|poke|p1|Rotom-Wash
|poke|p1|Heatran, F
|poke|p1|Latios, M
|poke|p2|Venusaur, M
|poke|p2|Skarmory, F
|poke|p2|Slowbro, F
|poke|p2|Sylveon, F
|poke|p2|Machamp, F
|poke|p2|Darmanitan, M
|rule|Swagger Clause: Swagger is banned
|rule|Baton Pass Clause: Limit one PokÃ©mon knowing Baton Pass
|rule|Sleep Clause Mod: Limit one foe put to sleep
|rule|Species Clause: Limit one of each PokÃ©mon
|rule|OHKO Clause: OHKO moves are banned
|rule|Moody Clause: Moody is banned
|rule|Evasion Moves Clause: Evasion moves are banned
|rule|Endless Battle Clause: Forcing endless battles is banned
|rule|HP Percentage Mod: HP is shown in percentages
|teampreview
|c|âRobert Edward Lee|no.
|c|âRobert Edward Lee|oh
|c|âRobert Edward Lee|sorry
|c|âRobert Edward Lee|hf
|
|start
|switch|p1a: Breloom|Breloom, M, shiny|259\/259
|switch|p2a: Slowbro|Slowbro, F|394\/394
|turn|1
|
|switch|p2a: Venusaur|Venusaur, M|364\/364
|move|p1a: Breloom|Spore|p2a: Venusaur
|-fail|p2a: Venusaur
|
|turn|2
|
|switch|p1a: Heatran|Heatran, F|323\/323
|detailschange|p2a: Venusaur|Venusaur-Mega, M
|message|Venusaur has Mega Evolved into Mega Venusaur!
|move|p2a: Venusaur|Giga Drain|p1a: Heatran
|-resisted|p1a: Heatran
|-damage|p1a: Heatran|292\/323
|
|turn|3
|
|switch|p2a: Slowbro|Slowbro, F|394\/394
|move|p1a: Heatran|Overheat|p2a: Slowbro
|-resisted|p2a: Slowbro
|-damage|p2a: Slowbro|330\/394
|-unboost|p1a: Heatran|spa|2
|
|turn|4
|
|switch|p1a: Rotom-Wash|Rotom-Wash|304\/304
|move|p2a: Slowbro|Scald|p1a: Rotom-Wash
|-resisted|p1a: Rotom-Wash
|-damage|p1a: Rotom-Wash|260\/304
|
|turn|5
|
|move|p1a: Rotom-Wash|Will-O-Wisp|p2a: Slowbro
|-status|p2a: Slowbro|brn
|move|p2a: Slowbro|Scald|p1a: Rotom-Wash
|-resisted|p1a: Rotom-Wash
|-damage|p1a: Rotom-Wash|218\/304
|-status|p1a: Rotom-Wash|brn
|
|-damage|p1a: Rotom-Wash|180\/304 brn|[from] brn
|-damage|p2a: Slowbro|281\/394 brn|[from] brn
|turn|6
|
|move|p1a: Rotom-Wash|Rest|p1a: Rotom-Wash
|-status|p1a: Rotom-Wash|slp
|-heal|p1a: Rotom-Wash|304\/304 slp|[silent]
|-status|p1a: Rotom-Wash|slp|[from] move: Rest
|-enditem|p1a: Rotom-Wash|Chesto Berry|[eat]
|-curestatus|p1a: Rotom-Wash|slp
|move|p2a: Slowbro|Ice Beam|p1a: Rotom-Wash
|-resisted|p1a: Rotom-Wash
|-damage|p1a: Rotom-Wash|271\/304
|
|-damage|p2a: Slowbro|232\/394 brn|[from] brn
|turn|7
|
|move|p1a: Rotom-Wash|Volt Switch|p2a: Slowbro
|-supereffective|p2a: Slowbro
|-damage|p2a: Slowbro|140\/394 brn
|
|switch|p1a: Latios|Latios, M|301\/301
|move|p2a: Slowbro|Scald|p1a: Latios
|-resisted|p1a: Latios
|-damage|p1a: Latios|257\/301
|-status|p1a: Latios|brn
|
|-damage|p1a: Latios|220\/301 brn|[from] brn
|-damage|p2a: Slowbro|91\/394 brn|[from] brn
|turn|8
|
|switch|p2a: Sylveon|Sylveon, F|394\/394
|move|p1a: Latios|Draco Meteor|p2a: Sylveon
|-immune|p2a: Sylveon|[msg]
|
|-damage|p1a: Latios|183\/301 brn|[from] brn
|turn|9
|
|switch|p1a: Heatran|Heatran, F|292\/323
|move|p2a: Sylveon|Hyper Voice|p1a: Heatran
|-resisted|p1a: Heatran
|-damage|p1a: Heatran|217\/323
|
|turn|10
|
|switch|p2a: Darmanitan|Darmanitan, M|351\/351
|move|p1a: Heatran|Flash Cannon|p2a: Darmanitan
|-resisted|p2a: Darmanitan
|-damage|p2a: Darmanitan|232\/351
|
|turn|11
|
|switch|p1a: Rotom-Wash|Rotom-Wash|271\/304
|move|p2a: Darmanitan|U-turn|p1a: Rotom-Wash
|-damage|p1a: Rotom-Wash|211\/304
|
|switch|p2a: Sylveon|Sylveon, F|394\/394
|
|turn|12
|
|move|p1a: Rotom-Wash|Volt Switch|p2a: Sylveon
|-damage|p2a: Sylveon|328\/394
|
|switch|p1a: Heatran|Heatran, F|217\/323
|move|p2a: Sylveon|Hyper Voice|p1a: Heatran
|-resisted|p1a: Heatran
|-damage|p1a: Heatran|150\/323
|
|turn|13
|
|switch|p2a: Slowbro|Slowbro, F|222\/394 brn
|move|p1a: Heatran|Earth Power|p2a: Slowbro
|-damage|p2a: Slowbro|161\/394 brn
|
|-damage|p2a: Slowbro|112\/394 brn|[from] brn
|turn|14
|
|switch|p2a: Sylveon|Sylveon, F|328\/394
|move|p1a: Heatran|Earth Power|p2a: Sylveon
|-damage|p2a: Sylveon|239\/394
|
|turn|15
|
|move|p1a: Heatran|Earth Power|p2a: Sylveon
|-damage|p2a: Sylveon|154\/394
|move|p2a: Sylveon|Hyper Voice|p1a: Heatran
|-resisted|p1a: Heatran
|-damage|p1a: Heatran|79\/323
|
|turn|16
|
|switch|p1a: Latios|Latios, M|183\/301 brn
|switch|p2a: Machamp|Machamp, F|384\/384
|
|-damage|p1a: Latios|146\/301 brn|[from] brn
|turn|17
|
|switch|p2a: Slowbro|Slowbro, F|243\/394 brn
|move|p1a: Latios|Psyshock|p2a: Slowbro
|-resisted|p2a: Slowbro
|-damage|p2a: Slowbro|179\/394 brn
|
|-damage|p1a: Latios|109\/301 brn|[from] brn
|-damage|p2a: Slowbro|130\/394 brn|[from] brn
|turn|18
|
|switch|p1a: Rotom-Wash|Rotom-Wash|211\/304
|switch|p2a: Skarmory|Skarmory, F|334\/334
|
|turn|19
|
|switch|p2a: Venusaur|Venusaur-Mega, M|364\/364
|move|p1a: Rotom-Wash|Volt Switch|p2a: Venusaur
|-resisted|p2a: Venusaur
|-damage|p2a: Venusaur|325\/364
|
|switch|p1a: Heracross|Heracross, F|307\/307
|
|turn|20
|
|switch|p2a: Skarmory|Skarmory, F|334\/334
|detailschange|p1a: Heracross|Heracross-Mega, F
|message|Heracross has Mega Evolved into Mega Heracross!
|move|p1a: Heracross|Substitute|p1a: Heracross
|-start|p1a: Heracross|Substitute
|-damage|p1a: Heracross|231\/307
|
|turn|21
|
|move|p1a: Heracross|Close Combat|p2a: Skarmory
|-damage|p2a: Skarmory|171\/334
|-damage|p1a: Heracross|180\/307|[from] item: Rocky Helmet|[of] p2a: Skarmory
|-unboost|p1a: Heracross|def|1
|-unboost|p1a: Heracross|spd|1
|move|p2a: Skarmory|Whirlwind|p1a: Heracross
|drag|p1a: Breloom|Breloom, M, shiny|259\/259
|
|turn|22
|join|Disorient
|
|switch|p2a: Venusaur|Venusaur-Mega, M|325\/364
|move|p1a: Breloom|Spore|p2a: Venusaur
|-fail|p2a: Venusaur
|
|turn|23
|c|âRobert Edward Lee|the mega wont show
|c|âRobert Edward Lee|and i keep on forgetting
|
|switch|p1a: Heatran|Heatran, F|79\/323
|move|p2a: Venusaur|Giga Drain|p1a: Heatran
|-resisted|p1a: Heatran
|-damage|p1a: Heatran|48\/323
|-heal|p2a: Venusaur|341\/364|[from] drain|[of] p1a: Heatran
|
|turn|24
|
|switch|p1a: Heracross|Heracross-Mega, F|180\/307
|switch|p2a: Slowbro|Slowbro, F|261\/394 brn
|
|-damage|p2a: Slowbro|212\/394 brn|[from] brn
|turn|25
|join|Highest Threat
|
|move|p1a: Heracross|Pin Missile|p2a: Slowbro
|-supereffective|p2a: Slowbro
|-damage|p2a: Slowbro|86\/394 brn
|-supereffective|p2a: Slowbro
|-damage|p2a: Slowbro|0 fnt
|-hitcount|p2a: Slowbro|2
|faint|p2a: Slowbro
|
|
|switch|p2a: Darmanitan|Darmanitan, M|232\/351
|turn|26
|
|switch|p1a: Heatran|Heatran, F|48\/323
|move|p2a: Darmanitan|U-turn|p1a: Heatran
|-resisted|p1a: Heatran
|-damage|p1a: Heatran|28\/323
|
|switch|p2a: Machamp|Machamp, F|384\/384
|
|turn|27
|
|move|p1a: Heatran|Overheat|p2a: Machamp
|-damage|p2a: Machamp|105\/384
|-unboost|p1a: Heatran|spa|2
|move|p2a: Machamp|Dynamic Punch|p1a: Heatran
|-crit|p1a: Heatran
|-supereffective|p1a: Heatran
|-damage|p1a: Heatran|0 fnt
|faint|p1a: Heatran
|
|
|switch|p1a: Heracross|Heracross-Mega, F|180\/307
|turn|28
|
|switch|p2a: Skarmory|Skarmory, F|171\/334
|move|p1a: Heracross|Close Combat|p2a: Skarmory
|-damage|p2a: Skarmory|9\/334
|-damage|p1a: Heracross|129\/307|[from] item: Rocky Helmet|[of] p2a: Skarmory
|-unboost|p1a: Heracross|def|1
|-unboost|p1a: Heracross|spd|1
|
|turn|29
|
|move|p1a: Heracross|Close Combat|p2a: Skarmory
|-damage|p2a: Skarmory|0 fnt
|-damage|p1a: Heracross|78\/307|[from] item: Rocky Helmet|[of] p2a: Skarmory
|-unboost|p1a: Heracross|def|1
|-unboost|p1a: Heracross|spd|1
|faint|p2a: Skarmory
|
|
|switch|p2a: Darmanitan|Darmanitan, M|232\/351
|turn|30
|
|switch|p1a: Rotom-Wash|Rotom-Wash|211\/304
|move|p2a: Darmanitan|Flare Blitz|p1a: Rotom-Wash
|-resisted|p1a: Rotom-Wash
|-damage|p1a: Rotom-Wash|104\/304
|-damage|p2a: Darmanitan|197\/351|[from] recoil|[of] p1a: Rotom-Wash
|
|turn|31
|
|move|p2a: Darmanitan|Flare Blitz|p1a: Rotom-Wash
|-resisted|p1a: Rotom-Wash
|-damage|p1a: Rotom-Wash|0 fnt
|-damage|p2a: Darmanitan|163\/351|[from] recoil|[of] p1a: Rotom-Wash
|faint|p1a: Rotom-Wash
|
|
|switch|p1a: Latios|Latios, M|109\/301 brn
|turn|32
|
|move|p1a: Latios|Psyshock|p2a: Darmanitan
|-damage|p2a: Darmanitan|0 fnt
|faint|p2a: Darmanitan
|
|-damage|p1a: Latios|72\/301 brn|[from] brn
|
|switch|p2a: Machamp|Machamp, F|105\/384
|turn|33
|
|move|p2a: Machamp|Bullet Punch|p1a: Latios
|-damage|p1a: Latios|0 fnt
|faint|p1a: Latios
|
|
|switch|p1a: Heracross|Heracross-Mega, F|78\/307
|turn|34
|c| Disorient|Robert Edward Lee
|c| Disorient|Like Laddering?
|c|âRobert Edward Lee|nup :c
|
|move|p2a: Machamp|Bullet Punch|p1a: Heracross
|-damage|p1a: Heracross|10\/307
|move|p1a: Heracross|Close Combat|p2a: Machamp
|-crit|p2a: Machamp
|-damage|p2a: Machamp|0 fnt
|-unboost|p1a: Heracross|def|1
|-unboost|p1a: Heracross|spd|1
|faint|p2a: Machamp
|
|c|âRobert Edward Lee|just need top 10 so i can retire
|
|switch|p2a: Sylveon|Sylveon, F|154\/394
|turn|35
|c| Disorient|no
|c| Disorient|get rank1 then retire
|c|âRobert Edward Lee|cant
|
|switch|p1a: Breloom|Breloom, M, shiny|259\/259
|move|p2a: Sylveon|Hyper Voice|p1a: Breloom
|-supereffective|p1a: Breloom
|-damage|p1a: Breloom|0 fnt
|faint|p1a: Breloom
|
|
|switch|p1a: Mamoswine|Mamoswine, M|359\/359
|turn|36
|c| Disorient|then quit for months
|c| Disorient|play for 1 day and get rank1 again
|c| Disorient|like costa does
|c|âRobert Edward Lee|no way i can get that high
|
|move|p1a: Mamoswine|Earthquake|p2a: Sylveon
|-damage|p2a: Sylveon|0 fnt
|-damage|p1a: Mamoswine|324\/359|[from] item: Life Orb
|faint|p2a: Sylveon
|
|c| Disorient|wow Have faith
|
|switch|p2a: Venusaur|Venusaur-Mega, M|341\/364
|turn|37
|
|move|p1a: Mamoswine|Earthquake|p2a: Venusaur
|-damage|p2a: Venusaur|156\/364
|-damage|p1a: Mamoswine|289\/359|[from] item: Life Orb
|move|p2a: Venusaur|Giga Drain|p1a: Mamoswine
|-supereffective|p1a: Mamoswine
|-damage|p1a: Mamoswine|0 fnt
|-heal|p2a: Venusaur|301\/364|[from] drain|[of] p1a: Mamoswine
|faint|p1a: Mamoswine
|
|c|âRobert Edward Lee|well once i get to top 10
|c|âRobert Edward Lee|im obvy going for one buy
|c|âRobert Edward Lee|*but
|c|âRobert Edward Lee|its unlikely
|
|switch|p1a: Heracross|Heracross-Mega, F|10\/307
|turn|38
|c|âRobert Edward Lee|gg
|
|move|p1a: Heracross|Pin Missile|p2a: Venusaur
|-damage|p2a: Venusaur|246\/364
|-damage|p2a: Venusaur|191\/364
|-damage|p2a: Venusaur|140\/364
|-damage|p2a: Venusaur|89\/364
|-damage|p2a: Venusaur|32\/364
|-hitcount|p2a: Venusaur|5
|move|p2a: Venusaur|Sludge Bomb|p1a: Heracross
|-damage|p1a: Heracross|0 fnt
|faint|p1a: Heracross
|
|win|doomthemad
|raw|Ladder updating...
|raw|Robert Edward Lee's rating: 1463 &rarr; <strong>1444<\/strong><br \/>(-19 for losing)
|raw|doomthemad's rating: 1481 &rarr; <strong>1500<\/strong><br \/>(+19 for winning)
|c|âRobert Edward Lee|cant
|c|âRobert Edward Lee|even get 1500