|join|LT1A -Tsunami-
|join|Robert Edward Lee
|player|p1|LT1A -Tsunami-|162
|player|p2|Robert Edward Lee|214
|gametype|singles
|gen|6
|tier|OU
|rated
|clearpoke
|poke|p1|Terrakion
|poke|p1|Garchomp, F
|poke|p1|Thundurus, M
|poke|p1|Gardevoir, M
|poke|p1|Dragonite, M
|poke|p1|Greninja, M
|poke|p2|Medicham, F, shiny
|poke|p2|Ferrothorn, M
|poke|p2|Rotom-Wash
|poke|p2|Latios, M
|poke|p2|Tyranitar, F
|poke|p2|Gengar, F, shiny
|rule|Swagger Clause: Swagger is banned
|rule|Baton Pass Clause: Limit one PokÃ©mon knowing Baton Pass
|rule|Sleep Clause Mod: Limit one foe put to sleep
|rule|Species Clause: Limit one of each PokÃ©mon
|rule|OHKO Clause: OHKO moves are banned
|rule|Moody Clause: Moody is banned
|rule|Evasion Moves Clause: Evasion moves are banned
|rule|Endless Battle Clause: Forcing endless battles is banned
|rule|HP Percentage Mod: HP is shown in percentages
|teampreview
|c|âRobert Edward Lee|gl hf
LT1A -Tsunami- made this room private.
|
|start
|switch|p1a: Terrakion|Terrakion|323\/323
|switch|p2a: Rotom-Wash|Rotom-Wash|304\/304
|turn|1
|
|move|p1a: Terrakion|Close Combat|p2a: Rotom-Wash
|-damage|p2a: Rotom-Wash|163\/304
|-unboost|p1a: Terrakion|def|1
|-unboost|p1a: Terrakion|spd|1
|move|p2a: Rotom-Wash|Volt Switch|p1a: Terrakion
|-crit|p1a: Terrakion
|-damage|p1a: Terrakion|115\/323
|
|switch|p2a: Gengar|Gengar, F, shiny|259\/259
|
|turn|2
|
|switch|p1a: Thundurus|Thundurus, M|351\/351
|move|p2a: Gengar|Sludge Wave|p1a: Thundurus
|-crit|p1a: Thundurus
|-damage|p1a: Thundurus|0 fnt
|-damage|p2a: Gengar|234\/259|[from] item: Life Orb
|faint|p1a: Thundurus
|
|
|switch|p1a: Greninja|Greninja, M|285\/285
|turn|3
|c|âRobert Edward Lee|whoa sry man
|
|switch|p2a: Ferrothorn|Ferrothorn, M|352\/352
|move|p1a: Greninja|Ice Beam|p2a: Ferrothorn
|-start|p1a: Greninja|typechange|Ice|[from] Protean
|-damage|p2a: Ferrothorn|191\/352
|-damage|p1a: Greninja|257\/285|[from] item: Life Orb
|
|-heal|p2a: Ferrothorn|213\/352|[from] item: Leftovers
|turn|4
|
|move|p2a: Ferrothorn|Protect|p2a: Ferrothorn
|-singleturn|p2a: Ferrothorn|Protect
|move|p1a: Greninja|Hidden Power|p2a: Ferrothorn
|-start|p1a: Greninja|typechange|Fire|[from] Protean
|-activate|p2a: Ferrothorn|Protect
|
|-heal|p2a: Ferrothorn|235\/352|[from] item: Leftovers
|turn|5
|
|move|p1a: Greninja|Ice Beam|p2a: Ferrothorn
|-start|p1a: Greninja|typechange|Ice|[from] Protean
|-damage|p2a: Ferrothorn|89\/352
|-damage|p1a: Greninja|229\/285|[from] item: Life Orb
|move|p2a: Ferrothorn|Stealth Rock|p1a: Greninja
|-sidestart|p1: LT1A -Tsunami-|move: Stealth Rock
|
|-heal|p2a: Ferrothorn|111\/352|[from] item: Leftovers
|turn|6
|
|switch|p1a: Terrakion|Terrakion|115\/323
|-damage|p1a: Terrakion|95\/323|[from] Stealth Rock
|move|p2a: Ferrothorn|Gyro Ball|p1a: Terrakion
|-supereffective|p1a: Terrakion
|-damage|p1a: Terrakion|0 fnt
|faint|p1a: Terrakion
|
|-heal|p2a: Ferrothorn|133\/352|[from] item: Leftovers
|
|switch|p1a: Garchomp|Garchomp, F|358\/358
|-damage|p1a: Garchomp|336\/358|[from] Stealth Rock
|turn|7
|
|move|p1a: Garchomp|Earthquake|p2a: Ferrothorn
|-damage|p2a: Ferrothorn|27\/352
|move|p2a: Ferrothorn|Gyro Ball|p1a: Garchomp
|-damage|p1a: Garchomp|150\/358
|-damage|p2a: Ferrothorn|0 fnt|[from] ability: Rough Skin|[of] p1a: Garchomp
|faint|p2a: Ferrothorn
|
|
|switch|p2a: Rotom-Wash|Rotom-Wash|163\/304
|turn|8
|
|move|p1a: Garchomp|Outrage|p2a: Rotom-Wash
|-damage|p2a: Rotom-Wash|7\/304
|move|p2a: Rotom-Wash|Volt Switch|p1a: Garchomp
|-immune|p1a: Garchomp|[msg]
|
|turn|9
|
|move|p1a: Garchomp|Outrage|p2a: Rotom-Wash
|-damage|p2a: Rotom-Wash|0 fnt
|faint|p2a: Rotom-Wash
|
|
|switch|p2a: Latios|Latios, M|299\/299
|turn|10
|
|move|p2a: Latios|Psychic|p1a: Garchomp
|-damage|p1a: Garchomp|0 fnt
|-damage|p2a: Latios|270\/299|[from] item: Life Orb
|faint|p1a: Garchomp
|
|
|switch|p1a: Gardevoir|Gardevoir, M|277\/277
|-damage|p1a: Gardevoir|243\/277|[from] Stealth Rock
|-ability|p1a: Gardevoir|Levitate|[from] ability: Trace|[of] p2a: Latios
|turn|11
|
|detailschange|p1a: Gardevoir|Gardevoir-Mega, M
|message|Gardevoir has Mega Evolved into Mega Gardevoir!
|move|p2a: Latios|Psychic|p1a: Gardevoir
|-resisted|p1a: Gardevoir
|-damage|p1a: Gardevoir|161\/277
|-damage|p2a: Latios|241\/299|[from] item: Life Orb
|move|p1a: Gardevoir|Hyper Voice|p2a: Latios
|-supereffective|p2a: Latios
|-damage|p2a: Latios|0 fnt
|faint|p2a: Latios
|
|
|switch|p2a: Gengar|Gengar, F, shiny|234\/259
|turn|12
|
|move|p2a: Gengar|Sludge Wave|p1a: Gardevoir
|-supereffective|p1a: Gardevoir
|-damage|p1a: Gardevoir|0 fnt
|-damage|p2a: Gengar|209\/259|[from] item: Life Orb
|faint|p1a: Gardevoir
|
|
|switch|p1a: Greninja|Greninja, M|229\/285
|-damage|p1a: Greninja|194\/285|[from] Stealth Rock
|turn|13
|
|move|p1a: Greninja|Hydro Pump|p2a: Gengar
|-start|p1a: Greninja|typechange|Water|[from] Protean
|-damage|p2a: Gengar|0 fnt
|-damage|p1a: Greninja|166\/285|[from] item: Life Orb
|faint|p2a: Gengar
|
|
|switch|p2a: Medicham|Medicham, F, shiny|261\/261
|turn|14
|
|detailschange|p2a: Medicham|Medicham-Mega, F, shiny
|message|Medicham has Mega Evolved into Mega Medicham!
|move|p2a: Medicham|Fake Out|p1a: Greninja
|-damage|p1a: Greninja|65\/285
|cant|p1a: Greninja|flinch
|
|turn|15
|
|switch|p2a: Tyranitar|Tyranitar, F|341\/341
|-weather|Sandstorm
|move|p1a: Greninja|Hydro Pump|p2a: Tyranitar
|-supereffective|p2a: Tyranitar
|-damage|p2a: Tyranitar|68\/341
|-damage|p1a: Greninja|37\/285|[from] item: Life Orb
|
|-weather|Sandstorm|[upkeep]
|-damage|p1a: Greninja|20\/285|[from] sandstorm
|turn|16
|
|move|p1a: Greninja|Grass Knot|p2a: Tyranitar
|-start|p1a: Greninja|typechange|Grass|[from] Protean
|-supereffective|p2a: Tyranitar
|-damage|p2a: Tyranitar|0 fnt
|-damage|p1a: Greninja|0 fnt|[from] item: Life Orb
|faint|p2a: Tyranitar
|faint|p1a: Greninja
|
|-weather|Sandstorm|[upkeep]
|
|switch|p2a: Medicham|Medicham-Mega, F, shiny|261\/261
|switch|p1a: Dragonite|Dragonite, M|323\/323
|-damage|p1a: Dragonite|243\/323|[from] Stealth Rock
|turn|17
|
|move|p2a: Medicham|Fake Out|p1a: Dragonite
|-damage|p1a: Dragonite|167\/323
|cant|p1a: Dragonite|flinch
|
|-weather|Sandstorm|[upkeep]
|-damage|p2a: Medicham|245\/261|[from] sandstorm
|-damage|p1a: Dragonite|147\/323|[from] sandstorm
|turn|18
|
|move|p1a: Dragonite|Extreme Speed|p2a: Medicham
|-damage|p2a: Medicham|54\/261
|move|p2a: Medicham|Zen Headbutt|p1a: Dragonite
|-damage|p1a: Dragonite|0 fnt
|faint|p1a: Dragonite
|
|win|Robert Edward Lee
|raw|Ladder updating...
|raw|LT1A -Tsunami-'s rating: 1881 &rarr; <strong>1854<\/strong><br \/>(-27 for losing)
|raw|Robert Edward Lee's rating: 1770 &rarr; <strong>1796<\/strong><br \/>(+26 for winning)
|leave|LT1A -Tsunami-
|player|p1
|c|âRobert Edward Lee|gg wp