|join|Reverb
|join|Robert Edward Lee
|player|p1|Reverb|#reverb
|player|p2|Robert Edward Lee|214
|gametype|singles
|gen|6
|tier|OU
|rated
|clearpoke
|poke|p1|Empoleon, M
|poke|p1|Tyranitar, F
|poke|p1|Charizard, F
|poke|p1|Keldeo
|poke|p1|Kyurem-Black
|poke|p1|Landorus-Therian, M
|poke|p2|Hydreigon, F
|poke|p2|Metagross
|poke|p2|Azumarill, M
|poke|p2|Latios, M
|poke|p2|Heatran, F
|poke|p2|Rotom-Wash
|rule|Swagger Clause: Swagger is banned
|rule|Baton Pass Clause: Limit one PokÃ©mon knowing Baton Pass
|rule|Sleep Clause Mod: Limit one foe put to sleep
|rule|Species Clause: Limit one of each PokÃ©mon
|rule|OHKO Clause: OHKO moves are banned
|rule|Moody Clause: Moody is banned
|rule|Evasion Moves Clause: Evasion moves are banned
|rule|Endless Battle Clause: Forcing endless battles is banned
|rule|HP Percentage Mod: HP is shown in percentages
|teampreview
|join|Escavalier
|c|âRobert Edward Lee|hf
|join|naqthecop
|join|m00n's blanket
|join|HI ROLl
|join|Squirrelll
|c|âReverb|amateur hour
|leave|naqthecop
|c| Squirrelll|lol
|
|start
|switch|p1a: Charizard|Charizard, F|297\/297
|switch|p2a: Heatran|Heatran, F|323\/323
|turn|1
|join|SeventyFive
|c| HI ROLl|lol
|
|switch|p1a: Empoleon|Empoleon, M|372\/372
|switch|p2a: Moist Nugget|Latios, M|301\/301
|
|turn|2
|c| SeventyFive|haba how old is that team
|
|move|p2a: Moist Nugget|Trick|p1a: Empoleon
|-activate|p2a: Moist Nugget|move: Trick|[of] p1a: Empoleon
|-item|p1a: Empoleon|Choice Scarf|[from] move: Trick
|-item|p2a: Moist Nugget|Leftovers|[from] move: Trick
|move|p1a: Empoleon|Stealth Rock|p2a: Moist Nugget
|-sidestart|p2: Robert Edward Lee|move: Stealth Rock
|
|turn|3
|c| Squirrelll|i think around 4 am is the best time to ladder
|
|switch|p2a: Metagross|Metagross|301\/301
|-damage|p2a: Metagross|283\/301|[from] Stealth Rock
|switch|p1a: Tyranitar|Tyranitar, F|383\/383
|-weather|Sandstorm
|
|-weather|Sandstorm|[upkeep]
|turn|4
|
|switch|p1a: Empoleon|Empoleon, M|372\/372
|detailschange|p2a: Metagross|Metagross-Mega
|message|Metagross has Mega Evolved into Mega Metagross!
|move|p2a: Metagross|Meteor Mash|p1a: Empoleon
|-resisted|p1a: Empoleon
|-damage|p1a: Empoleon|317\/372
|
|-weather|Sandstorm|[upkeep]
|turn|5
|join|Henry
|
|switch|p2a: Rotom-Wash|Rotom-Wash|304\/304
|-damage|p2a: Rotom-Wash|266\/304|[from] Stealth Rock
|switch|p1a: Landorus-Therian|Landorus-Therian, M|327\/327
|-ability|p1a: Landorus-Therian|Intimidate|[of] p2a: Rotom-Wash
|-unboost|p2a: Rotom-Wash|atk|1
|
|-weather|Sandstorm|[upkeep]
|-damage|p2a: Rotom-Wash|247\/304|[from] sandstorm
|turn|6
|
|move|p1a: Landorus-Therian|U-turn|p2a: Rotom-Wash
|-damage|p2a: Rotom-Wash|185\/304
|
|switch|p1a: Kyurem-Black|Kyurem-Black|391\/391
|-ability|p1a: Kyurem-Black|Teravolt
|move|p2a: Rotom-Wash|Will-O-Wisp|p1a: Kyurem-Black
|-status|p1a: Kyurem-Black|brn
|
|-weather|Sandstorm|[upkeep]
|-damage|p1a: Kyurem-Black|367\/391 brn|[from] sandstorm
|-damage|p2a: Rotom-Wash|166\/304|[from] sandstorm
|-damage|p1a: Kyurem-Black|319\/391 brn|[from] brn
|turn|7
|join|tst_100
|c| Escavalier|haba
|
|switch|p2a: King Ghidorah|Hydreigon, F|331\/331
|-damage|p2a: King Ghidorah|290\/331|[from] Stealth Rock
|move|p1a: Kyurem-Black|Earth Power|p2a: King Ghidorah
|-damage|p2a: King Ghidorah|205\/331
|
|-weather|none
|-damage|p1a: Kyurem-Black|271\/391 brn|[from] brn
|turn|8
|c| HI ROLl|haba is god
|c| Escavalier|ur team is fucking cleaned up
|c| Escavalier|by scarf drill
|c| Escavalier|eq is unresisted
|
|switch|p1a: Empoleon|Empoleon, M|317\/372
|move|p2a: King Ghidorah|U-turn|p1a: Empoleon
|-resisted|p1a: Empoleon
|-damage|p1a: Empoleon|297\/372
|c| HI ROLl|scarf drill
|
|switch|p2a: Heatran|Heatran, F|323\/323
|-damage|p2a: Heatran|283\/323|[from] Stealth Rock
|
|turn|9
|c| HI ROLl|is solid
|
|move|p2a: Heatran|Stealth Rock|p1a: Empoleon
|-sidestart|p1: Reverb|move: Stealth Rock
|move|p1a: Empoleon|Scald|p2a: Heatran
|-supereffective|p2a: Heatran
|-damage|p2a: Heatran|71\/323
|
|turn|10
|
|move|p2a: Heatran|Earth Power|p1a: Empoleon
|-supereffective|p1a: Empoleon
|-damage|p1a: Empoleon|77\/372
|-unboost|p1a: Empoleon|spd|1
|move|p1a: Empoleon|Scald|p2a: Heatran
|-supereffective|p2a: Heatran
|-damage|p2a: Heatran|0 fnt
|faint|p2a: Heatran
|
|
|switch|p2a: Rotom-Wash|Rotom-Wash|166\/304
|-damage|p2a: Rotom-Wash|128\/304|[from] Stealth Rock
|turn|11
|
|move|p1a: Empoleon|Scald|p2a: Rotom-Wash
|-resisted|p2a: Rotom-Wash
|-damage|p2a: Rotom-Wash|58\/304
|-status|p2a: Rotom-Wash|brn
|move|p2a: Rotom-Wash|Rest|p2a: Rotom-Wash
|-status|p2a: Rotom-Wash|slp
|-heal|p2a: Rotom-Wash|304\/304 slp|[silent]
|-status|p2a: Rotom-Wash|slp|[from] move: Rest
|-enditem|p2a: Rotom-Wash|Chesto Berry|[eat]
|-curestatus|p2a: Rotom-Wash|slp
|
|turn|12
|join|LadderSoTall
|
|move|p1a: Empoleon|Scald|p2a: Rotom-Wash
|-resisted|p2a: Rotom-Wash
|-damage|p2a: Rotom-Wash|227\/304
|move|p2a: Rotom-Wash|Volt Switch|p1a: Empoleon
|-supereffective|p1a: Empoleon
|-damage|p1a: Empoleon|0 fnt
|faint|p1a: Empoleon
|join|Gizmoâ
|
|switch|p2a: King Ghidorah|Hydreigon, F|205\/331
|-damage|p2a: King Ghidorah|164\/331|[from] Stealth Rock
|
|
|switch|p1a: Kyurem-Black|Kyurem-Black|271\/391 brn
|-damage|p1a: Kyurem-Black|174\/391 brn|[from] Stealth Rock
|-ability|p1a: Kyurem-Black|Teravolt
|turn|13
|
|move|p2a: King Ghidorah|Dark Pulse|p1a: Kyurem-Black
|-damage|p1a: Kyurem-Black|0 fnt
|faint|p1a: Kyurem-Black
|
|
|switch|p1a: Keldeo|Keldeo|323\/323
|-damage|p1a: Keldeo|303\/323|[from] Stealth Rock
|turn|14
|c|âRobert Edward Lee|the horse ;-;
|c|âRobert Edward Lee|is in
|
|switch|p2a: Moist Nugget|Latios, M|301\/301
|-damage|p2a: Moist Nugget|264\/301|[from] Stealth Rock
|move|p1a: Keldeo|Secret Sword|p2a: Moist Nugget
|-resisted|p2a: Moist Nugget
|-damage|p2a: Moist Nugget|128\/301
|
|-heal|p2a: Moist Nugget|146\/301|[from] item: Leftovers
|turn|15
|
|move|p2a: Moist Nugget|Draco Meteor|p1a: Keldeo|[miss]
|-miss|p2a: Moist Nugget|p1a: Keldeo
|move|p1a: Keldeo|Secret Sword|p2a: Moist Nugget
|-resisted|p2a: Moist Nugget
|-damage|p2a: Moist Nugget|16\/301
|
|-heal|p2a: Moist Nugget|34\/301|[from] item: Leftovers
|turn|16
|c| Gizmoâ|nice 1
|
|switch|p1a: Tyranitar|Tyranitar, F|383\/383
|-damage|p1a: Tyranitar|336\/383|[from] Stealth Rock
|-weather|Sandstorm
|move|p2a: Moist Nugget|Draco Meteor|p1a: Tyranitar
|-damage|p1a: Tyranitar|188\/383
|-unboost|p2a: Moist Nugget|spa|2
|
|-weather|Sandstorm|[upkeep]
|-damage|p2a: Moist Nugget|16\/301|[from] sandstorm
|-heal|p2a: Moist Nugget|34\/301|[from] item: Leftovers
|turn|17
|
|move|p2a: Moist Nugget|Draco Meteor|p1a: Tyranitar|[miss]
|-miss|p2a: Moist Nugget|p1a: Tyranitar
|move|p1a: Tyranitar|Crunch|p2a: Moist Nugget
|-supereffective|p2a: Moist Nugget
|-damage|p2a: Moist Nugget|0 fnt
|faint|p2a: Moist Nugget
|
|-weather|Sandstorm|[upkeep]
|c|âRobert Edward Lee|gizmo u memed too much :[
|
|switch|p2a: Bunny M|Azumarill, M|340\/340
|-damage|p2a: Bunny M|298\/340|[from] Stealth Rock
|turn|18
|c| Gizmoâ|.
|
|move|p2a: Bunny M|Belly Drum|p2a: Bunny M
|-damage|p2a: Bunny M|128\/340
|-setboost|p2a: Bunny M|atk|6|[from] move: Belly Drum
|-enditem|p2a: Bunny M|Sitrus Berry|[eat]
|-heal|p2a: Bunny M|213\/340|[from] item: Sitrus Berry
|move|p1a: Tyranitar|Crunch|p2a: Bunny M
|-resisted|p2a: Bunny M
|-damage|p2a: Bunny M|79\/340
|-unboost|p2a: Bunny M|def|1
|
|-weather|Sandstorm|[upkeep]
|-damage|p2a: Bunny M|58\/340|[from] sandstorm
|turn|19
|leave|m00n's blanket
|
|move|p2a: Bunny M|Aqua Jet|p1a: Tyranitar
|-supereffective|p1a: Tyranitar
|-damage|p1a: Tyranitar|0 fnt
|faint|p1a: Tyranitar
|
|-weather|Sandstorm|[upkeep]
|-damage|p2a: Bunny M|37\/340|[from] sandstorm
|
|switch|p1a: Keldeo|Keldeo|303\/323
|-damage|p1a: Keldeo|283\/323|[from] Stealth Rock
|turn|20
|
|move|p2a: Bunny M|Aqua Jet|p1a: Keldeo
|-resisted|p1a: Keldeo
|-damage|p1a: Keldeo|88\/323
|move|p1a: Keldeo|Secret Sword|p2a: Bunny M
|-resisted|p2a: Bunny M
|-damage|p2a: Bunny M|0 fnt
|faint|p2a: Bunny M
|
|-weather|none
|
|switch|p2a: Metagross|Metagross-Mega|283\/301
|-damage|p2a: Metagross|265\/301|[from] Stealth Rock
|turn|21
|c|âRobert Edward Lee|im going to miss.
|
|move|p1a: Keldeo|Secret Sword|p2a: Metagross
|-damage|p2a: Metagross|99\/301
|move|p2a: Metagross|Zen Headbutt|p1a: Keldeo
|-supereffective|p1a: Keldeo
|-damage|p1a: Keldeo|0 fnt
|faint|p1a: Keldeo
|
|c|âRobert Edward Lee|oh
|c|âRobert Edward Lee|:o
|c| Escavalier|why is it so slow
|
|switch|p1a: Landorus-Therian|Landorus-Therian, M|327\/327
|-damage|p1a: Landorus-Therian|287\/327|[from] Stealth Rock
|-ability|p1a: Landorus-Therian|Intimidate|[of] p2a: Metagross
|-unboost|p2a: Metagross|atk|1
|turn|22
|c| Gizmoâ|it's ada
|c|âRobert Edward Lee|hes scarf
|c|âRobert Edward Lee|im not ada
|c| Gizmoâ|that damage on lati
|c| Escavalier|hes not scarf
|c| Gizmoâ|was not
|c| Gizmoâ|scarf damage
|c|âRobert Edward Lee|wait wtf
|c|âRobert Edward Lee|i am ada
|c|âRobert Edward Lee|lol
|c|âRobert Edward Lee|supposed to be jelly
|c|âReverb|gdi haba move
|
|move|p1a: Landorus-Therian|Earthquake|p2a: Metagross
|-supereffective|p2a: Metagross
|-damage|p2a: Metagross|0 fnt
|faint|p2a: Metagross
|
|c|âRobert Edward Lee|i did.....
|
|switch|p2a: Rotom-Wash|Rotom-Wash|227\/304
|-damage|p2a: Rotom-Wash|189\/304|[from] Stealth Rock
|turn|23
|
|switch|p1a: Charizard|Charizard, F|297\/297
|-damage|p1a: Charizard|149\/297|[from] Stealth Rock
|move|p2a: Rotom-Wash|Hydro Pump|p1a: Charizard
|-supereffective|p1a: Charizard
|-damage|p1a: Charizard|0 fnt
|faint|p1a: Charizard
|
|
|switch|p1a: Landorus-Therian|Landorus-Therian, M|287\/327
|-damage|p1a: Landorus-Therian|247\/327|[from] Stealth Rock
|-ability|p1a: Landorus-Therian|Intimidate|[of] p2a: Rotom-Wash
|-unboost|p2a: Rotom-Wash|atk|1
|turn|24
|c| Gizmoâ|mfw risked hydro
|c| Escavalier|^
|c|âReverb|crit miss
|join|omfuga is fat
|join|Corvus peroxide
|c| Gizmoâ|he's gonna rest
|c| Gizmoâ|just to be a fgt
|
|move|p1a: Landorus-Therian|Stone Edge|p2a: Rotom-Wash|[miss]
|-miss|p1a: Landorus-Therian|p2a: Rotom-Wash
|move|p2a: Rotom-Wash|Hydro Pump|p1a: Landorus-Therian
|-supereffective|p1a: Landorus-Therian
|-damage|p1a: Landorus-Therian|0 fnt
|faint|p1a: Landorus-Therian
|
|win|Robert Edward Lee
|raw|Ladder updating...
|c| Gizmoâ|do it.
|c|âRobert Edward Lee|gg
|c|âReverb|gg