|join|Lt1B tesung
|join|Robert Edward Lee
|player|p1|Lt1B tesung|101
|player|p2|Robert Edward Lee|214
|gametype|singles
|gen|6
|tier|OU
|rated
|clearpoke
|poke|p1|Breloom, M
|poke|p1|Froslass, F
|poke|p1|Archeops, F
|poke|p1|Bisharp, M
|poke|p1|Landorus-Therian, M
|poke|p1|Gyarados, M
|poke|p2|Azumarill, F
|poke|p2|Heatran, F
|poke|p2|Mamoswine, M
|poke|p2|Latios, M
|poke|p2|Heracross, M
|poke|p2|Thundurus, M
|rule|Swagger Clause: Swagger is banned
|rule|Baton Pass Clause: Limit one PokÃ©mon knowing Baton Pass
|rule|Sleep Clause Mod: Limit one foe put to sleep
|rule|Species Clause: Limit one of each PokÃ©mon
|rule|OHKO Clause: OHKO moves are banned
|rule|Moody Clause: Moody is banned
|rule|Evasion Moves Clause: Evasion moves are banned
|rule|Endless Battle Clause: Forcing endless battles is banned
|rule|HP Percentage Mod: HP is shown in percentages
|teampreview
|c|âRobert Edward Lee|gl hf
|
|start
|switch|p1a: carolina feelin|Gyarados, M|339\/339
|switch|p2a: Siberia|Mamoswine, M|359\/359
|-ability|p1a: carolina feelin|Intimidate|[of] p2a: Siberia
|-unboost|p2a: Siberia|atk|1
|turn|1
|
|switch|p2a: Dovahkiin|Azumarill, F|401\/401
|detailschange|p1a: carolina feelin|Gyarados-Mega, M
|message|Gyarados has Mega Evolved into Mega Gyarados!
|-ability|p1a: carolina feelin|Mold Breaker
|move|p1a: carolina feelin|Dragon Dance|p1a: carolina feelin
|-boost|p1a: carolina feelin|atk|1
|-boost|p1a: carolina feelin|spe|1
|
|turn|2
|
|move|p1a: carolina feelin|Earthquake|p2a: Dovahkiin
|-damage|p2a: Dovahkiin|117\/401
|move|p2a: Dovahkiin|Play Rough|p1a: carolina feelin
|-supereffective|p1a: carolina feelin
|-damage|p1a: carolina feelin|0 fnt
|faint|p1a: carolina feelin
|
|
|switch|p1a: Tienes problemm???|Archeops, F|291\/291
|turn|3
|
|move|p2a: Dovahkiin|Aqua Jet|p1a: Tienes problemm???
|-supereffective|p1a: Tienes problemm???
|-damage|p1a: Tienes problemm???|31\/291
|move|p1a: Tienes problemm???|Stealth Rock|p2a: Dovahkiin
|-sidestart|p2: Robert Edward Lee|move: Stealth Rock
|
|turn|4
|
|switch|p1a: ou liiike?|Breloom, M|262\/262
|move|p2a: Dovahkiin|Aqua Jet|p1a: ou liiike?
|-resisted|p1a: ou liiike?
|-damage|p1a: ou liiike?|208\/262
|
|turn|5
|
|move|p1a: ou liiike?|Spore|p2a: Dovahkiin
|-status|p2a: Dovahkiin|slp
|cant|p2a: Dovahkiin|slp
|
|turn|6
|
|-singleturn|p1a: ou liiike?|move: Focus Punch
|switch|p2a: The Red Terror|Heatran, F|362\/362
|-damage|p2a: The Red Terror|317\/362|[from] Stealth Rock
|-item|p2a: The Red Terror|Air Balloon
|move|p1a: ou liiike?|Focus Punch|p2a: The Red Terror
|-supereffective|p2a: The Red Terror
|-damage|p2a: The Red Terror|0 fnt
|-enditem|p2a: The Red Terror|Air Balloon
|-damage|p1a: ou liiike?|182\/262|[from] item: Life Orb
|faint|p2a: The Red Terror
|
|
|switch|p2a: Trotsky|Heracross, M|308\/308
|-damage|p2a: Trotsky|270\/308|[from] Stealth Rock
|turn|7
|
|switch|p1a: Te kiiis|Landorus-Therian, M|319\/319
|-ability|p1a: Te kiiis|Intimidate|[of] p2a: Trotsky
|-unboost|p2a: Trotsky|atk|1
|detailschange|p2a: Trotsky|Heracross-Mega, M
|message|Heracross has Mega Evolved into Mega Heracross!
|move|p2a: Trotsky|Pin Missile|p1a: Te kiiis
|-resisted|p1a: Te kiiis
|-damage|p1a: Te kiiis|297\/319
|-resisted|p1a: Te kiiis
|-damage|p1a: Te kiiis|274\/319
|-resisted|p1a: Te kiiis
|-damage|p1a: Te kiiis|250\/319
|-resisted|p1a: Te kiiis
|-damage|p1a: Te kiiis|228\/319
|-resisted|p1a: Te kiiis
|-damage|p1a: Te kiiis|204\/319
|-hitcount|p1a: Te kiiis|5
|
|turn|8
|
|move|p1a: Te kiiis|U-turn|p2a: Trotsky
|-resisted|p2a: Trotsky
|-damage|p2a: Trotsky|228\/308
|join|Henry
|
|switch|p1a: ou liiike?|Breloom, M|182\/262
|move|p2a: Trotsky|Swords Dance|p2a: Trotsky
|-boost|p2a: Trotsky|atk|2
|
|turn|9
|
|move|p1a: ou liiike?|Mach Punch|p2a: Trotsky
|-resisted|p2a: Trotsky
|-damage|p2a: Trotsky|154\/308
|-damage|p1a: ou liiike?|156\/262|[from] item: Life Orb
|move|p2a: Trotsky|Pin Missile|p1a: ou liiike?
|-damage|p1a: ou liiike?|50\/262
|-damage|p1a: ou liiike?|0 fnt
|-hitcount|p1a: ou liiike?|2
|faint|p1a: ou liiike?
|
|
|switch|p1a: Tienes problemm???|Archeops, F|31\/291
|turn|10
|
|move|p1a: Tienes problemm???|Endeavor|p2a: Trotsky
|-damage|p2a: Trotsky|31\/308
|move|p2a: Trotsky|Rock Blast|p1a: Tienes problemm???
|-supereffective|p1a: Tienes problemm???
|-damage|p1a: Tienes problemm???|0 fnt
|-hitcount|p1a: Tienes problemm???|1
|faint|p1a: Tienes problemm???
|
|c|âRobert Edward Lee|oh how did that outspeed?
|c| Henry|using its speed stat
|
|switch|p1a: Te kiiis|Landorus-Therian, M|204\/319
|-ability|p1a: Te kiiis|Intimidate|[of] p2a: Trotsky
|-unboost|p2a: Trotsky|atk|1
|turn|11
|join|I Iike Squirtles
|
|move|p1a: Te kiiis|U-turn|p2a: Trotsky
|-resisted|p2a: Trotsky
|-damage|p2a: Trotsky|0 fnt
|faint|p2a: Trotsky
|
|switch|p1a: ES bonitaa??|Froslass, F|281\/281
|
|
|switch|p2a: Thundurus|Thundurus, M|299\/299
|-damage|p2a: Thundurus|225\/299|[from] Stealth Rock
|turn|12
|
|move|p2a: Thundurus|Hidden Power|p1a: ES bonitaa??
|-resisted|p1a: ES bonitaa??
|-damage|p1a: ES bonitaa??|226\/281
|-damage|p2a: Thundurus|196\/299|[from] item: Life Orb
|move|p1a: ES bonitaa??|Ice Beam|p2a: Thundurus
|-supereffective|p2a: Thundurus
|-damage|p2a: Thundurus|0 fnt
|faint|p2a: Thundurus
|
|
|switch|p2a: Siberia|Mamoswine, M|359\/359
|-damage|p2a: Siberia|315\/359|[from] Stealth Rock
|turn|13
|
|switch|p2a: Dovahkiin|Azumarill, F|117\/401 slp
|-damage|p2a: Dovahkiin|67\/401 slp|[from] Stealth Rock
|move|p1a: ES bonitaa??|Destiny Bond|p1a: ES bonitaa??
|-singlemove|p1a: ES bonitaa??|Destiny Bond
|
|turn|14
|
|-curestatus|p2a: Dovahkiin|slp
|move|p2a: Dovahkiin|Aqua Jet|p1a: ES bonitaa??
|-damage|p1a: ES bonitaa??|111\/281
|move|p1a: ES bonitaa??|Ice Beam|p2a: Dovahkiin
|-resisted|p2a: Dovahkiin
|-damage|p2a: Dovahkiin|23\/401
|
|turn|15
|join|Imo XE
|
|switch|p1a: ES noviaaa???|Bisharp, M|272\/272
|move|p2a: Dovahkiin|Waterfall|p1a: ES noviaaa???
|-damage|p1a: ES noviaaa???|104\/272
|
|turn|16
|
|move|p1a: ES noviaaa???|Sucker Punch|p2a: Dovahkiin
|-resisted|p2a: Dovahkiin
|-damage|p2a: Dovahkiin|0 fnt
|-damage|p1a: ES noviaaa???|77\/272|[from] item: Life Orb
|faint|p2a: Dovahkiin
|
|
|switch|p2a: Siberia|Mamoswine, M|315\/359
|-damage|p2a: Siberia|271\/359|[from] Stealth Rock
|turn|17
|
|switch|p1a: ES bonitaa??|Froslass, F|111\/281
|move|p2a: Siberia|Earthquake|p1a: ES bonitaa??
|-damage|p1a: ES bonitaa??|0 fnt
|-damage|p2a: Siberia|236\/359|[from] item: Life Orb
|faint|p1a: ES bonitaa??
|
|
|switch|p1a: ES noviaaa???|Bisharp, M|77\/272
|turn|18
|
|move|p1a: ES noviaaa???|Sucker Punch|p2a: Siberia
|-damage|p2a: Siberia|22\/359
|-damage|p1a: ES noviaaa???|50\/272|[from] item: Life Orb
|move|p2a: Siberia|Earthquake|p1a: ES noviaaa???
|-supereffective|p1a: ES noviaaa???
|-damage|p1a: ES noviaaa???|0 fnt
|-damage|p2a: Siberia|0 fnt|[from] item: Life Orb
|faint|p1a: ES noviaaa???
|faint|p2a: Siberia
|
|
|switch|p1a: Te kiiis|Landorus-Therian, M|204\/319
|switch|p2a: Latios|Latios, M|299\/299
|-damage|p2a: Latios|262\/299|[from] Stealth Rock
|-ability|p1a: Te kiiis|Intimidate|[of] p2a: Latios
|-unboost|p2a: Latios|atk|1
|turn|19
|c|âRobert Edward Lee|gg
|
|move|p1a: Te kiiis|Explosion|p2a: Latios
|-damage|p2a: Latios|0 fnt
|faint|p1a: Te kiiis
|faint|p2a: Latios
|
|win|Robert Edward Lee
|raw|Ladder updating...
|raw|Lt1B tesung's rating: 1874 &rarr; <strong>1847<\/strong><br \/>(-27 for losing)
|raw|Robert Edward Lee's rating: 1739 &rarr; <strong>1767<\/strong><br \/>(+28 for winning)
|leave|Lt1B tesung
|player|p1
|leave|Imo XE
|leave|Robert Edward Lee
|player|p2
|leave|I Iike Squirtles
|join|SexualAssaultVest
|leave|SexualAssaultVest
|leave|Henry