|join|Robert Edward Lee
|join|LT1A Tokyo Tom
|player|p1|Robert Edward Lee|214
|player|p2|LT1A Tokyo Tom|114
|gametype|singles
|gen|6
|tier|OU
|rated
|clearpoke
|poke|p1|Azumarill, F
|poke|p1|Heatran, F
|poke|p1|Mamoswine, F
|poke|p1|Latios, M
|poke|p1|Heracross, F
|poke|p1|Thundurus, M
|poke|p2|Talonflame, M
|poke|p2|Tyranitar, F
|poke|p2|Excadrill, M
|poke|p2|Greninja, F
|poke|p2|Pinsir, M
|poke|p2|Dragonite, M
|rule|Swagger Clause: Swagger is banned
|rule|Baton Pass Clause: Limit one PokÃ©mon knowing Baton Pass
|rule|Sleep Clause Mod: Limit one foe put to sleep
|rule|Species Clause: Limit one of each PokÃ©mon
|rule|OHKO Clause: OHKO moves are banned
|rule|Moody Clause: Moody is banned
|rule|Evasion Moves Clause: Evasion moves are banned
|rule|Endless Battle Clause: Forcing endless battles is banned
|rule|HP Percentage Mod: HP is shown in percentages
|teampreview
|c|âRobert Edward Lee|gl hf 
|c|âLT1A Tokyo Tom|You too, minus the GL
|c|âLT1A Tokyo Tom|n_n
|
|start
|switch|p1a: Trotsky|Heracross, F|308\/308
|switch|p2a: .timmorrison|Talonflame, M|297\/297
|turn|1
|
|detailschange|p1a: Trotsky|Heracross-Mega, F
|message|Heracross has Mega Evolved into Mega Heracross!
|move|p2a: .timmorrison|Brave Bird|p1a: Trotsky
|-supereffective|p1a: Trotsky
|-damage|p1a: Trotsky|0 fnt
|-damage|p2a: .timmorrison|195\/297|[from] recoil|[of] p1a: Trotsky
|faint|p1a: Trotsky
|
|c|âRobert Edward Lee|oh no ogreprediction :[
|
|switch|p1a: The Red Terror|Heatran, F|362\/362
|-item|p1a: The Red Terror|Air Balloon
|turn|2
|c|âLT1A Tokyo Tom|I'm not about that life
|c|âLT1A Tokyo Tom|'Specially on ladder honestly, it's usually better to make safe plays
|
|switch|p2a: .benlinde|Tyranitar, F|341\/341
|-weather|Sandstorm
|move|p1a: The Red Terror|Stealth Rock|p2a: .benlinde
|-sidestart|p2: LT1A Tokyo Tom|move: Stealth Rock
|
|-weather|Sandstorm|[upkeep]
|turn|3
|
|move|p1a: The Red Terror|Earth Power|p2a: .benlinde
|-supereffective|p2a: .benlinde
|-damage|p2a: .benlinde|213\/341
|move|p2a: .benlinde|Stealth Rock|p1a: The Red Terror
|-sidestart|p1: Robert Edward Lee|move: Stealth Rock
|
|-weather|Sandstorm|[upkeep]
|turn|4
|c|âRobert Edward Lee|thought ud uturn predicting my tran and go to tar to get up rocks. but good play
|
|move|p1a: The Red Terror|Earth Power|p2a: .benlinde
|-crit|p2a: .benlinde
|-supereffective|p2a: .benlinde
|-damage|p2a: .benlinde|0 fnt
|faint|p2a: .benlinde
|
|-weather|Sandstorm|[upkeep]
|c|âRobert Edward Lee|whoa sorry
|c|âRobert Edward Lee|oml
|c|âLT1A Tokyo Tom|Well my thought process was Mamo had Rocks, meaning Tran was Scarf, so I could push a lot of damage on it anyway
|c|âLT1A Tokyo Tom|But it's not bulky Tran anyway, yhe
|
|switch|p2a: .tanaymaddula|Greninja, F|289\/289
|-damage|p2a: .tanaymaddula|253\/289|[from] Stealth Rock
|turn|5
|
|switch|p1a: Dovahkiin|Azumarill, F|401\/401
|-damage|p1a: Dovahkiin|351\/401|[from] Stealth Rock
|move|p2a: .tanaymaddula|Hidden Power|p1a: Dovahkiin
|-start|p2a: .tanaymaddula|typechange|Grass|[from] Protean
|-supereffective|p1a: Dovahkiin
|-damage|p1a: Dovahkiin|177\/401
|-damage|p2a: .tanaymaddula|225\/289|[from] item: Life Orb
|
|-weather|Sandstorm|[upkeep]
|-damage|p2a: .tanaymaddula|207\/289|[from] sandstorm
|-damage|p1a: Dovahkiin|152\/401|[from] sandstorm
|turn|6
|
|move|p1a: Dovahkiin|Aqua Jet|p2a: .tanaymaddula
|-resisted|p2a: .tanaymaddula
|-damage|p2a: .tanaymaddula|151\/289
|move|p2a: .tanaymaddula|Hidden Power|p1a: Dovahkiin
|-crit|p1a: Dovahkiin
|-supereffective|p1a: Dovahkiin
|-damage|p1a: Dovahkiin|0 fnt
|-damage|p2a: .tanaymaddula|123\/289|[from] item: Life Orb
|faint|p1a: Dovahkiin
|
|-weather|none
|
|switch|p1a: Siberia|Mamoswine, F|359\/359
|-damage|p1a: Siberia|315\/359|[from] Stealth Rock
|turn|7
|
|switch|p2a: .joshrowles|Pinsir, M|271\/271
|-damage|p2a: .joshrowles|204\/271|[from] Stealth Rock
|move|p1a: Siberia|Ice Shard|p2a: .joshrowles
|-damage|p2a: .joshrowles|105\/271
|-damage|p1a: Siberia|280\/359|[from] item: Life Orb
|
|turn|8
|
|switch|p1a: Thundurus|Thundurus, M|299\/299
|-damage|p1a: Thundurus|225\/299|[from] Stealth Rock
|detailschange|p2a: .joshrowles|Pinsir-Mega, M
|message|Pinsir has Mega Evolved into Mega Pinsir!
|move|p2a: .joshrowles|Quick Attack|p1a: Thundurus
|-resisted|p1a: Thundurus
|-damage|p1a: Thundurus|156\/299
|
|turn|9
|join|ft lover wepwn
|
|switch|p2a: .rileyjohnson|Excadrill, M|359\/359
|-damage|p2a: .rileyjohnson|348\/359|[from] Stealth Rock
|move|p1a: Thundurus|Hidden Power|p2a: .rileyjohnson
|-damage|p2a: .rileyjohnson|227\/359
|-damage|p1a: Thundurus|127\/299|[from] item: Life Orb
|
|turn|10
|
|move|p1a: Thundurus|Focus Blast|p2a: .rileyjohnson
|-supereffective|p2a: .rileyjohnson
|-damage|p2a: .rileyjohnson|0 fnt
|-damage|p1a: Thundurus|98\/299|[from] item: Life Orb
|faint|p2a: .rileyjohnson
|
|
|switch|p2a: .jaimenon|Dragonite, M|323\/323
|-damage|p2a: .jaimenon|243\/323|[from] Stealth Rock
|turn|11
|c|âRobert Edward Lee|so it can hit
|c|âRobert Edward Lee|hmmmm
|
|switch|p1a: The Red Terror|Heatran, F|362\/362
|-damage|p1a: The Red Terror|317\/362|[from] Stealth Rock
|-item|p1a: The Red Terror|Air Balloon
|move|p2a: .jaimenon|Extreme Speed|p1a: The Red Terror
|-resisted|p1a: The Red Terror
|-damage|p1a: The Red Terror|240\/362
|-enditem|p1a: The Red Terror|Air Balloon
|
|turn|12
|
|switch|p2a: .joshrowles|Pinsir-Mega, M|105\/271
|-damage|p2a: .joshrowles|0 fnt|[from] Stealth Rock
|faint|p2a: .joshrowles
|move|p1a: The Red Terror|Fire Blast|p2: .joshrowles|[notarget]
|-notarget
|
|
|switch|p2a: .tanaymaddula|Greninja, F|123\/289
|-damage|p2a: .tanaymaddula|87\/289|[from] Stealth Rock
|turn|13
|
|switch|p1a: Thundurus|Thundurus, M|98\/299
|-damage|p1a: Thundurus|24\/299|[from] Stealth Rock
|move|p2a: .tanaymaddula|Hydro Pump|p1a: Thundurus
|-start|p2a: .tanaymaddula|typechange|Water|[from] Protean
|-damage|p1a: Thundurus|0 fnt
|-damage|p2a: .tanaymaddula|59\/289|[from] item: Life Orb
|faint|p1a: Thundurus
|
|
|switch|p1a: Siberia|Mamoswine, F|280\/359
|-damage|p1a: Siberia|236\/359|[from] Stealth Rock
|turn|14
|
|move|p1a: Siberia|Ice Shard|p2a: .tanaymaddula
|-resisted|p2a: .tanaymaddula
|-damage|p2a: .tanaymaddula|0 fnt
|-damage|p1a: Siberia|201\/359|[from] item: Life Orb
|faint|p2a: .tanaymaddula
|
|
|switch|p2a: .jaimenon|Dragonite, M|243\/323
|-damage|p2a: .jaimenon|163\/323|[from] Stealth Rock
|turn|15
|
|move|p2a: .jaimenon|Extreme Speed|p1a: Siberia
|-damage|p1a: Siberia|0 fnt
|faint|p1a: Siberia
|
|
|switch|p1a: The Red Terror|Heatran, F|240\/362
|-damage|p1a: The Red Terror|195\/362|[from] Stealth Rock
|turn|16
|
|move|p2a: .jaimenon|Extreme Speed|p1a: The Red Terror
|-resisted|p1a: The Red Terror
|-damage|p1a: The Red Terror|117\/362
|move|p1a: The Red Terror|Fire Blast|p2a: .jaimenon|[miss]
|-miss|p1a: The Red Terror|p2a: .jaimenon
|
|turn|17
|
|move|p2a: .jaimenon|Extreme Speed|p1a: The Red Terror
|-resisted|p1a: The Red Terror
|-damage|p1a: The Red Terror|44\/362
|move|p1a: The Red Terror|Roar|p2a: .jaimenon
|drag|p2a: .timmorrison|Talonflame, M|195\/297
|-damage|p2a: .timmorrison|47\/297|[from] Stealth Rock
|
|turn|18
|
|move|p2a: .timmorrison|Brave Bird|p1a: The Red Terror
|-resisted|p1a: The Red Terror
|-damage|p1a: The Red Terror|0 fnt
|-damage|p2a: .timmorrison|32\/297|[from] recoil|[of] p1a: The Red Terror
|faint|p1a: The Red Terror
|
|c|âRobert Edward Lee|gg
|c| ft lover wepwn|catch this death,,,
|
|switch|p1a: Latios|Latios, M|299\/299
|-damage|p1a: Latios|262\/299|[from] Stealth Rock
|turn|19
|c|âLT1A Tokyo Tom|GG dude
|
|move|p2a: .timmorrison|Brave Bird|p1a: Latios
|-damage|p1a: Latios|0 fnt
|-damage|p2a: .timmorrison|0 fnt|[from] recoil|[of] p1a: Latios
|faint|p1a: Latios
|faint|p2a: .timmorrison
|
|win|LT1A Tokyo Tom
|raw|Ladder updating...
|raw|Robert Edward Lee's rating: 1797 &rarr; <strong>1772<\/strong><br \/>(-25 for losing)
|raw|LT1A Tokyo Tom's rating: 1715 &rarr; <strong>1740<\/strong><br \/>(+25 for winning)