|join|WECAMEASROMANS
|join|Robert Edward Lee
|player|p1|WECAMEASROMANS|1
|player|p2|Robert Edward Lee|214
|gametype|singles
|gen|6
|tier|OU
|clearpoke
|poke|p1|Bisharp, M
|poke|p1|Medicham, F
|poke|p1|Ferrothorn, F
|poke|p1|Hippowdon, F
|poke|p1|Rotom-Wash
|poke|p1|Scizor, M
|poke|p2|Skarmory, F
|poke|p2|Conkeldurr, F
|poke|p2|Goodra, F
|poke|p2|Heatran, M
|poke|p2|Latias, F
|poke|p2|Abomasnow, F, shiny
|rule|Swagger Clause: Swagger is banned
|rule|Baton Pass Clause: Limit one PokÃ©mon knowing Baton Pass
|rule|Sleep Clause Mod: Limit one foe put to sleep
|rule|Species Clause: Limit one of each PokÃ©mon
|rule|OHKO Clause: OHKO moves are banned
|rule|Moody Clause: Moody is banned
|rule|Evasion Moves Clause: Evasion moves are banned
|rule|Endless Battle Clause: Forcing endless battles is banned
|rule|HP Percentage Mod: HP is shown in percentages
|teampreview
|c|âRobert Edward Lee|hf
|c|âWECAMEASROMANS|you too
|
|start
|switch|p1a: Medicham|Medicham, F|261\/261
|switch|p2a: Latias|Latias, F|319\/319
|turn|1
|
|switch|p1a: Ferrothorn|Ferrothorn, F|352\/352
|move|p2a: Latias|Psyshock|p1a: Ferrothorn
|-resisted|p1a: Ferrothorn
|-damage|p1a: Ferrothorn|315\/352
|
|-heal|p1a: Ferrothorn|337\/352|[from] item: Leftovers
|turn|2
|
|switch|p2a: Heatran|Heatran, M|386\/386
|-item|p2a: Heatran|Air Balloon
|move|p1a: Ferrothorn|Spikes|p2a: Heatran
|-sidestart|p2: Robert Edward Lee|Spikes
|
|-heal|p1a: Ferrothorn|352\/352|[from] item: Leftovers
|turn|3
|
|switch|p1a: Rotom-Wash|Rotom-Wash|304\/304
|move|p2a: Heatran|Lava Plume|p1a: Rotom-Wash
|-resisted|p1a: Rotom-Wash
|-damage|p1a: Rotom-Wash|247\/304
|
|-heal|p1a: Rotom-Wash|266\/304|[from] item: Leftovers
|turn|4
|
|move|p2a: Heatran|Stealth Rock|p1a: Rotom-Wash
|-sidestart|p1: WECAMEASROMANS|move: Stealth Rock
|move|p1a: Rotom-Wash|Volt Switch|p2a: Heatran
|-damage|p2a: Heatran|305\/386
|-enditem|p2a: Heatran|Air Balloon
|
|switch|p1a: Hippowdon|Hippowdon, F|416\/416
|-damage|p1a: Hippowdon|390\/416|[from] Stealth Rock
|-weather|Sandstorm
|
|-weather|Sandstorm|[upkeep]
|-heal|p1a: Hippowdon|416\/416|[from] item: Leftovers
|turn|5
|
|switch|p2a: Abomasnow|Abomasnow, F, shiny|384\/384
|-damage|p2a: Abomasnow|336\/384|[from] Spikes
|-weather|Hail
|move|p1a: Hippowdon|Stealth Rock|p2a: Abomasnow
|-sidestart|p2: Robert Edward Lee|move: Stealth Rock
|
|-weather|Hail|[upkeep]
|-damage|p1a: Hippowdon|390\/416|[from] hail
|-heal|p1a: Hippowdon|416\/416|[from] item: Leftovers
|turn|6
|
|switch|p1a: Scizor|Scizor, M|344\/344
|-damage|p1a: Scizor|301\/344|[from] Stealth Rock
|detailschange|p2a: Abomasnow|Abomasnow-Mega, F, shiny
|message|Abomasnow has Mega Evolved into Mega Abomasnow!
|move|p2a: Abomasnow|Blizzard|p1a: Scizor
|-resisted|p1a: Scizor
|-damage|p1a: Scizor|194\/344
|
|-weather|Hail|[upkeep]
|-damage|p1a: Scizor|173\/344|[from] hail
|-heal|p1a: Scizor|194\/344|[from] item: Leftovers
|turn|7
|
|switch|p2a: Heatran|Heatran, M|305\/386
|-damage|p2a: Heatran|257\/386|[from] Stealth Rock
|-damage|p2a: Heatran|209\/386|[from] Spikes
|move|p1a: Scizor|U-turn|p2a: Heatran
|-resisted|p2a: Heatran
|-damage|p2a: Heatran|186\/386
|
|switch|p1a: Medicham|Medicham, F|261\/261
|-damage|p1a: Medicham|245\/261|[from] Stealth Rock
|
|-weather|Hail|[upkeep]
|-damage|p1a: Medicham|229\/261|[from] hail
|-damage|p2a: Heatran|162\/386|[from] hail
|turn|8
|
|detailschange|p1a: Medicham|Medicham-Mega, F
|message|Medicham has Mega Evolved into Mega Medicham!
|move|p1a: Medicham|High Jump Kick|p2a: Heatran|[miss]
|-miss|p1a: Medicham|p2a: Heatran
|-damage|p1a: Medicham|99\/261|[from] highjumpkick
|move|p2a: Heatran|Lava Plume|p1a: Medicham
|-damage|p1a: Medicham|0 fnt
|faint|p1a: Medicham
|
|-weather|Hail|[upkeep]
|-damage|p2a: Heatran|138\/386|[from] hail
|c|âRobert Edward Lee|whoa
|c|âRobert Edward Lee|sorry
|
|switch|p1a: Bisharp|Bisharp, M|271\/271
|-damage|p1a: Bisharp|255\/271|[from] Stealth Rock
|turn|9
|
|move|p1a: Bisharp|Sucker Punch|p2a: Heatran
|-fail|p2a: Heatran
|move|p2a: Heatran|Roar|p1a: Bisharp
|drag|p1a: Hippowdon|Hippowdon, F|416\/416
|-damage|p1a: Hippowdon|390\/416|[from] Stealth Rock
|-weather|Sandstorm
|
|-weather|Sandstorm|[upkeep]
|-heal|p1a: Hippowdon|416\/416|[from] item: Leftovers
|turn|10
|
|move|p2a: Heatran|Lava Plume|p1a: Hippowdon
|-damage|p1a: Hippowdon|259\/416
|move|p1a: Hippowdon|Earthquake|p2a: Heatran
|-supereffective|p2a: Heatran
|-damage|p2a: Heatran|0 fnt
|faint|p2a: Heatran
|
|-weather|Sandstorm|[upkeep]
|-heal|p1a: Hippowdon|285\/416|[from] item: Leftovers
|
|switch|p2a: Abomasnow|Abomasnow-Mega, F, shiny|336\/384
|-damage|p2a: Abomasnow|288\/384|[from] Spikes
|-damage|p2a: Abomasnow|192\/384|[from] Stealth Rock
|-weather|Hail
|turn|11
|
|switch|p1a: Scizor|Scizor, M|194\/344
|-damage|p1a: Scizor|151\/344|[from] Stealth Rock
|move|p2a: Abomasnow|Blizzard|p1a: Scizor
|-resisted|p1a: Scizor
|-damage|p1a: Scizor|36\/344
|
|-weather|Hail|[upkeep]
|-damage|p1a: Scizor|15\/344|[from] hail
|-heal|p1a: Scizor|36\/344|[from] item: Leftovers
|turn|12
|
|move|p2a: Abomasnow|Ice Shard|p1a: Scizor
|-resisted|p1a: Scizor
|-damage|p1a: Scizor|14\/344
|move|p1a: Scizor|Roost|p1a: Scizor
|-heal|p1a: Scizor|186\/344
|
|-weather|Hail|[upkeep]
|-damage|p1a: Scizor|165\/344|[from] hail
|-heal|p1a: Scizor|186\/344|[from] item: Leftovers
|turn|13
|
|move|p1a: Scizor|Roost|p1a: Scizor
|-heal|p1a: Scizor|344\/344
|move|p2a: Abomasnow|Blizzard|p1a: Scizor
|-resisted|p1a: Scizor
|-damage|p1a: Scizor|233\/344
|
|-weather|Hail|[upkeep]
|-damage|p1a: Scizor|212\/344|[from] hail
|-heal|p1a: Scizor|233\/344|[from] item: Leftovers
|turn|14
|
|move|p1a: Scizor|U-turn|p2a: Abomasnow
|-supereffective|p2a: Abomasnow
|-damage|p2a: Abomasnow|0 fnt
|faint|p2a: Abomasnow
|
|switch|p1a: Hippowdon|Hippowdon, F|285\/416
|-damage|p1a: Hippowdon|259\/416|[from] Stealth Rock
|-weather|Sandstorm
|
|-weather|Sandstorm|[upkeep]
|-heal|p1a: Hippowdon|285\/416|[from] item: Leftovers
|
|switch|p2a: Skarmory|Skarmory, F|291\/291
|-damage|p2a: Skarmory|255\/291|[from] Stealth Rock
|turn|15
|
|switch|p1a: Rotom-Wash|Rotom-Wash|266\/304
|-damage|p1a: Rotom-Wash|228\/304|[from] Stealth Rock
|move|p2a: Skarmory|Swords Dance|p2a: Skarmory
|-boost|p2a: Skarmory|atk|2
|
|-weather|Sandstorm|[upkeep]
|-damage|p1a: Rotom-Wash|209\/304|[from] sandstorm
|-heal|p1a: Rotom-Wash|228\/304|[from] item: Leftovers
|turn|16
|
|move|p2a: Skarmory|Brave Bird|p1a: Rotom-Wash
|-resisted|p1a: Rotom-Wash
|-damage|p1a: Rotom-Wash|91\/304
|-damage|p2a: Skarmory|210\/291|[from] recoil|[of] p1a: Rotom-Wash
|move|p1a: Rotom-Wash|Volt Switch|p2a: Skarmory
|-supereffective|p2a: Skarmory
|-damage|p2a: Skarmory|0 fnt
|faint|p2a: Skarmory
|
|switch|p1a: Hippowdon|Hippowdon, F|285\/416
|-damage|p1a: Hippowdon|259\/416|[from] Stealth Rock
|
|-weather|Sandstorm|[upkeep]
|-heal|p1a: Hippowdon|285\/416|[from] item: Leftovers
|
|switch|p2a: Conkeldurr|Conkeldurr, F|365\/365
|-damage|p2a: Conkeldurr|320\/365|[from] Spikes
|-damage|p2a: Conkeldurr|298\/365|[from] Stealth Rock
|turn|17
|
|move|p2a: Conkeldurr|Ice Punch|p1a: Hippowdon
|-supereffective|p1a: Hippowdon
|-damage|p1a: Hippowdon|123\/416
|-status|p1a: Hippowdon|frz
|cant|p1a: Hippowdon|frz
|
|-weather|Sandstorm|[upkeep]
|-damage|p2a: Conkeldurr|276\/365|[from] sandstorm
|-heal|p1a: Hippowdon|149\/416 frz|[from] item: Leftovers
|turn|18
|c|âRobert Edward Lee|:\/
|
|move|p2a: Conkeldurr|Ice Punch|p1a: Hippowdon
|-supereffective|p1a: Hippowdon
|-damage|p1a: Hippowdon|0 fnt
|faint|p1a: Hippowdon
|
|-weather|none
|
|switch|p1a: Scizor|Scizor, M|233\/344
|-damage|p1a: Scizor|190\/344|[from] Stealth Rock
|turn|19
|
|move|p1a: Scizor|Roost|p1a: Scizor
|-heal|p1a: Scizor|344\/344
|move|p2a: Conkeldurr|Drain Punch|p1a: Scizor
|-damage|p1a: Scizor|193\/344
|-heal|p2a: Conkeldurr|352\/365|[from] drain|[of] p1a: Scizor
|
|-heal|p1a: Scizor|214\/344|[from] item: Leftovers
|turn|20
|join|Gizmo
|
|switch|p2a: Goodra|Goodra, F|381\/381
|-damage|p2a: Goodra|334\/381|[from] Stealth Rock
|-damage|p2a: Goodra|287\/381|[from] Spikes
|move|p1a: Scizor|Roost|p1a: Scizor
|-heal|p1a: Scizor|344\/344
|
|turn|21
|
|switch|p1a: Rotom-Wash|Rotom-Wash|91\/304
|-damage|p1a: Rotom-Wash|53\/304|[from] Stealth Rock
|move|p2a: Goodra|Fire Blast|p1a: Rotom-Wash
|-resisted|p1a: Rotom-Wash
|-damage|p1a: Rotom-Wash|0 fnt
|faint|p1a: Rotom-Wash
|
|
|switch|p1a: Bisharp|Bisharp, M|255\/271
|-damage|p1a: Bisharp|239\/271|[from] Stealth Rock
|turn|22
|
|switch|p2a: Latias|Latias, F|319\/319
|-damage|p2a: Latias|280\/319|[from] Stealth Rock
|move|p1a: Bisharp|Knock Off|p2a: Latias
|-supereffective|p2a: Latias
|-damage|p2a: Latias|0 fnt
|-enditem|p2a: Latias|Choice Scarf|[from] move: Knock Off|[of] p1a: Bisharp
|-damage|p1a: Bisharp|212\/271|[from] item: Life Orb
|faint|p2a: Latias
|
|c| Gizmo|haba
|
|switch|p2a: Conkeldurr|Conkeldurr, F|352\/365
|-damage|p2a: Conkeldurr|307\/365|[from] Spikes
|-damage|p2a: Conkeldurr|285\/365|[from] Stealth Rock
|turn|23
|
|switch|p1a: Ferrothorn|Ferrothorn, F|352\/352
|-damage|p1a: Ferrothorn|330\/352|[from] Stealth Rock
|move|p2a: Conkeldurr|Drain Punch|p1a: Ferrothorn
|-supereffective|p1a: Ferrothorn
|-damage|p1a: Ferrothorn|88\/352
|-heal|p2a: Conkeldurr|365\/365|[from] drain|[of] p1a: Ferrothorn
|-damage|p2a: Conkeldurr|320\/365|[from] ability: Iron Barbs|[of] p1a: Ferrothorn
|
|-heal|p1a: Ferrothorn|110\/352|[from] item: Leftovers
|turn|24
|c| Gizmo|that's not the goodra daftmau5 uses?
|c| Gizmo|change it to that
|c| Gizmo|only goodra
|
|move|p2a: Conkeldurr|Drain Punch|p1a: Ferrothorn
|-supereffective|p1a: Ferrothorn
|-damage|p1a: Ferrothorn|0 fnt
|-heal|p2a: Conkeldurr|365\/365|[from] drain|[of] p1a: Ferrothorn
|-damage|p2a: Conkeldurr|320\/365|[from] ability: Iron Barbs|[of] p1a: Ferrothorn
|faint|p1a: Ferrothorn
|
|
|switch|p1a: Scizor|Scizor, M|344\/344
|-damage|p1a: Scizor|301\/344|[from] Stealth Rock
|turn|25
|c|âRobert Edward Lee|just standard goodra
|
|move|p1a: Scizor|Swords Dance|p1a: Scizor
|-boost|p1a: Scizor|atk|2
|move|p2a: Conkeldurr|Drain Punch|p1a: Scizor
|-damage|p1a: Scizor|141\/344
|-heal|p2a: Conkeldurr|365\/365|[from] drain|[of] p1a: Scizor
|
|-heal|p1a: Scizor|162\/344|[from] item: Leftovers
|turn|26
|
|move|p1a: Scizor|Roost|p1a: Scizor
|-heal|p1a: Scizor|334\/344
|move|p2a: Conkeldurr|Drain Punch|p1a: Scizor
|-crit|p1a: Scizor
|-damage|p1a: Scizor|100\/344
|
|-heal|p1a: Scizor|121\/344|[from] item: Leftovers
|turn|27
|
|move|p1a: Scizor|Roost|p1a: Scizor
|-heal|p1a: Scizor|293\/344
|move|p2a: Conkeldurr|Drain Punch|p1a: Scizor
|-crit|p1a: Scizor
|-damage|p1a: Scizor|52\/344
|
|-heal|p1a: Scizor|73\/344|[from] item: Leftovers
|turn|28
|c| Gizmo|LOL
|join|Kolu
|
|move|p2a: Conkeldurr|Mach Punch|p1a: Scizor
|-damage|p1a: Scizor|0 fnt
|faint|p1a: Scizor
|
|
|switch|p1a: Bisharp|Bisharp, M|212\/271
|-damage|p1a: Bisharp|196\/271|[from] Stealth Rock
|turn|29
|
|move|p2a: Conkeldurr|Mach Punch|p1a: Bisharp
|-crit|p1a: Bisharp
|-supereffective|p1a: Bisharp
|-damage|p1a: Bisharp|0 fnt
|faint|p1a: Bisharp
|
|win|Robert Edward Lee