|join|Dark380
|join|cosine180
|player|p1|Dark380|102
|player|p2|cosine180|33
|gametype|singles
|gen|5
|tier|[Gen 5] OU
|rule|Evasion Abilities Clause: Evasion abilities are banned
|clearpoke
|poke|p1|Tyranitar, M
|poke|p1|Landorus-Therian, M
|poke|p1|Garchomp, M
|poke|p1|Rotom-Wash
|poke|p1|Jirachi
|poke|p1|Keldeo
|poke|p2|Politoed, M
|poke|p2|Garchomp, M
|poke|p2|Latios, M
|poke|p2|Starmie
|poke|p2|Jirachi
|poke|p2|Ferrothorn, M
|rule|Sleep Clause Mod: Limit one foe put to sleep
|rule|Species Clause: Limit one of each PokÃ©mon
|rule|OHKO Clause: OHKO moves are banned
|rule|Moody Clause: Moody is banned
|rule|Evasion Moves Clause: Evasion moves are banned
|rule|Endless Battle Clause: Forcing endless battles is banned
|rule|HP Percentage Mod: HP is shown in percentages
|teampreview
|
|start
|switch|p1a: Keldeo|Keldeo|323\/323
|switch|p2a: Ferrothorn|Ferrothorn, M|352\/352
|turn|1
|
|move|p1a: Keldeo|Secret Sword|p2a: Ferrothorn
|-enditem|p1a: Keldeo|Fighting Gem|[from] gem|[move] Secret Sword
|-supereffective|p2a: Ferrothorn
|-damage|p2a: Ferrothorn|16\/352
|move|p2a: Ferrothorn|Stealth Rock|p1a: Keldeo
|-sidestart|p1: Dark380|move: Stealth Rock
|
|-heal|p2a: Ferrothorn|38\/352|[from] item: Leftovers
|turn|2
|
|switch|p2a: Latios|Latios, M|302\/302
|move|p1a: Keldeo|Hidden Power|p2a: Latios
|-supereffective|p2a: Latios
|-damage|p2a: Latios|146\/302
|
|turn|3
|
|switch|p1a: Jirachi|Jirachi|377\/377
|-damage|p1a: Jirachi|354\/377|[from] Stealth Rock
|move|p2a: Latios|Draco Meteor|p1a: Jirachi
|-resisted|p1a: Jirachi
|-damage|p1a: Jirachi|179\/377
|-unboost|p2a: Latios|spa|2
|
|-heal|p1a: Jirachi|202\/377|[from] item: Leftovers
|turn|4
|
|switch|p2a: Ferrothorn|Ferrothorn, M|38\/352
|move|p1a: Jirachi|Hidden Power|p2a: Ferrothorn
|-supereffective|p2a: Ferrothorn
|-damage|p2a: Ferrothorn|0 fnt
|faint|p2a: Ferrothorn
|
|-heal|p1a: Jirachi|225\/377|[from] item: Leftovers
|
|switch|p2a: Starmie|Starmie|262\/262
|turn|5
|
|switch|p1a: Rotom-Wash|Rotom-Wash|304\/304
|-damage|p1a: Rotom-Wash|266\/304|[from] Stealth Rock
|move|p2a: Starmie|Hydro Pump|p1a: Rotom-Wash|[miss]
|-miss|p2a: Starmie|p1a: Rotom-Wash
|
|-heal|p1a: Rotom-Wash|285\/304|[from] item: Leftovers
|turn|6
|c|âcosine180|ez 2hko
|
|switch|p2a: Politoed|Politoed, M|341\/341
|-weather|RainDance|[from] ability: Drizzle|[of] p2a: Politoed
|move|p1a: Rotom-Wash|Volt Switch|p2a: Politoed
|-supereffective|p2a: Politoed
|-damage|p2a: Politoed|183\/341
|
|switch|p1a: Keldeo|Keldeo|323\/323
|-damage|p1a: Keldeo|303\/323|[from] Stealth Rock
|
|-weather|RainDance|[upkeep]
|turn|7
|
|switch|p2a: Latios|Latios, M|146\/302
|move|p1a: Keldeo|Hydro Pump|p2a: Latios
|-resisted|p2a: Latios
|-damage|p2a: Latios|0 fnt
|faint|p2a: Latios
|
|-weather|RainDance|[upkeep]
|
|switch|p2a: Starmie|Starmie|262\/262
|turn|8
|
|switch|p1a: Rotom-Wash|Rotom-Wash|285\/304
|-damage|p1a: Rotom-Wash|247\/304|[from] Stealth Rock
|move|p2a: Starmie|Thunder|p1a: Rotom-Wash
|-damage|p1a: Rotom-Wash|98\/304
|-damage|p2a: Starmie|236\/262|[from] item: Life Orb
|
|-weather|RainDance|[upkeep]
|-heal|p1a: Rotom-Wash|117\/304|[from] item: Leftovers
|turn|9
|
|move|p2a: Starmie|Hydro Pump|p1a: Rotom-Wash
|-resisted|p1a: Rotom-Wash
|-damage|p1a: Rotom-Wash|0 fnt
|-damage|p2a: Starmie|210\/262|[from] item: Life Orb
|faint|p1a: Rotom-Wash
|
|-weather|RainDance|[upkeep]
|
|switch|p1a: Tyranitar|Tyranitar, M|341\/341
|-damage|p1a: Tyranitar|299\/341|[from] Stealth Rock
|-weather|Sandstorm|[from] ability: Sand Stream|[of] p1a: Tyranitar
|turn|10
|
|switch|p2a: Politoed|Politoed, M|183\/341
|-weather|RainDance|[from] ability: Drizzle|[of] p2a: Politoed
|move|p1a: Tyranitar|Crunch|p2a: Politoed
|-damage|p2a: Politoed|0 fnt
|faint|p2a: Politoed
|
|-weather|RainDance|[upkeep]
|
|switch|p2a: Garchomp|Garchomp, M|361\/361
|turn|11
|
|switch|p1a: Jirachi|Jirachi|225\/377
|-damage|p1a: Jirachi|202\/377|[from] Stealth Rock
|move|p2a: Garchomp|Substitute|p2a: Garchomp
|-start|p2a: Garchomp|Substitute
|-damage|p2a: Garchomp|271\/361
|
|-weather|RainDance|[upkeep]
|-heal|p1a: Jirachi|225\/377|[from] item: Leftovers
|turn|12
|
|move|p2a: Garchomp|Earthquake|p1a: Jirachi
|-supereffective|p1a: Jirachi
|-damage|p1a: Jirachi|0 fnt
|faint|p1a: Jirachi
|
|-weather|RainDance|[upkeep]
|
|switch|p1a: Landorus-Therian|Landorus-Therian, M|382\/382
|-damage|p1a: Landorus-Therian|335\/382|[from] Stealth Rock
|-activate|p2a: Garchomp|Substitute|ability: Intimidate|[of] p1a: Landorus-Therian
|turn|13
|c|âcosine180|2utnr
|c|âcosine180|*turn
|
|move|p2a: Garchomp|Outrage|p1a: Landorus-Therian
|-damage|p1a: Landorus-Therian|163\/382
|move|p1a: Landorus-Therian|Hidden Power|p2a: Garchomp
|-supereffective|p2a: Garchomp
|-end|p2a: Garchomp|Substitute
|
|-weather|RainDance|[upkeep]
|-heal|p1a: Landorus-Therian|186\/382|[from] item: Leftovers
|turn|14
|
|move|p2a: Garchomp|Outrage|p1a: Landorus-Therian
|-damage|p1a: Landorus-Therian|0 fnt
|faint|p1a: Landorus-Therian
|
|-weather|RainDance|[upkeep]
|c|âcosine180|shit
|
|switch|p1a: Keldeo|Keldeo|303\/323
|-damage|p1a: Keldeo|283\/323|[from] Stealth Rock
|turn|15
|
|move|p1a: Keldeo|Hidden Power|p2a: Garchomp
|-supereffective|p2a: Garchomp
|-enditem|p2a: Garchomp|Yache Berry|[eat]
|-damage|p2a: Garchomp|75\/361
|move|p2a: Garchomp|Outrage|p1a: Keldeo
|-damage|p1a: Keldeo|25\/323
|
|-end|p2a: Garchomp|rampage
|-start|p2a: Garchomp|confusion
|-weather|RainDance|[upkeep]
|turn|16
|c|âcosine180|gotem
|
|move|p1a: Keldeo|Hidden Power|p2a: Garchomp
|-supereffective|p2a: Garchomp
|-damage|p2a: Garchomp|0 fnt
|faint|p2a: Garchomp
|
|-weather|RainDance|[upkeep]
|
|switch|p2a: Starmie|Starmie|210\/262
|turn|17
|
|move|p2a: Starmie|Ice Beam|p1a: Keldeo
|-resisted|p1a: Keldeo
|-damage|p1a: Keldeo|0 fnt
|-damage|p2a: Starmie|184\/262|[from] item: Life Orb
|faint|p1a: Keldeo
|
|-weather|RainDance|[upkeep]
|
|switch|p1a: Tyranitar|Tyranitar, M|299\/341
|-damage|p1a: Tyranitar|257\/341|[from] Stealth Rock
|-weather|Sandstorm|[from] ability: Sand Stream|[of] p1a: Tyranitar
|turn|18
|
|move|p1a: Tyranitar|Pursuit|p2a: Starmie
|-supereffective|p2a: Starmie
|-damage|p2a: Starmie|32\/262
|move|p2a: Starmie|Hydro Pump|p1a: Tyranitar|[miss]
|-miss|p2a: Starmie|p1a: Tyranitar
|
|-weather|Sandstorm|[upkeep]
|-damage|p2a: Starmie|16\/262|[from] sandstorm
|turn|19
|c|âcosine180|O.o
|
|move|p1a: Tyranitar|Pursuit|p2a: Starmie
|-supereffective|p2a: Starmie
|-damage|p2a: Starmie|0 fnt
|faint|p2a: Starmie
|
|-weather|Sandstorm|[upkeep]
|
|switch|p2a: Jirachi|Jirachi|404\/404
|turn|20
|c|âDark380|what's ur rachi set
|c|âDark380|ik it's scarf
|c|âcosine180|scarf
|c|âDark380|but what
|c|âcosine180|iceh punch
|c|âDark380|eh it doesn't ohko
|c|âDark380|miss didn't matter
|
|move|p1a: Tyranitar|Pursuit|p2a: Jirachi
|-crit|p2a: Jirachi
|-damage|p2a: Jirachi|259\/404
|move|p2a: Jirachi|Substitute|p2a: Jirachi
|-start|p2a: Jirachi|Substitute
|-damage|p2a: Jirachi|158\/404
|
|-weather|Sandstorm|[upkeep]
|-heal|p2a: Jirachi|183\/404|[from] item: Leftovers
|turn|21
|c|âcosine180|i wouldve won :\/
|c|âDark380|nope
|
|move|p1a: Tyranitar|Pursuit|p2a: Jirachi
|-activate|p2a: Jirachi|Substitute|[damage]
|move|p2a: Jirachi|Calm Mind|p2a: Jirachi
|-boost|p2a: Jirachi|spa|1
|-boost|p2a: Jirachi|spd|1
|
|-weather|Sandstorm|[upkeep]
|-heal|p2a: Jirachi|208\/404|[from] item: Leftovers
|turn|22
|c|âcosine180|if i hit
|c|âcosine180|thunder
|c|âDark380|you hit every thunder that you went for
|c|âcosine180|i mean
|c|âcosine180|with rachi
|
|move|p1a: Tyranitar|Pursuit|p2a: Jirachi
|-end|p2a: Jirachi|Substitute
|move|p2a: Jirachi|Calm Mind|p2a: Jirachi
|-boost|p2a: Jirachi|spa|1
|-boost|p2a: Jirachi|spd|1
|
|-weather|Sandstorm|[upkeep]
|-heal|p2a: Jirachi|233\/404|[from] item: Leftovers
|turn|23
|c|âcosine180|vs ttar
|c|âDark380|that never happened
|c|âcosine180|wouldve
|c|âDark380|you never thunder'd my tar
|
|move|p1a: Tyranitar|Pursuit|p2a: Jirachi
|-damage|p2a: Jirachi|157\/404
|move|p2a: Jirachi|Substitute|p2a: Jirachi
|-start|p2a: Jirachi|Substitute
|-damage|p2a: Jirachi|56\/404
|
|-weather|Sandstorm|[upkeep]
|-heal|p2a: Jirachi|81\/404|[from] item: Leftovers
|turn|24
|c|âDark380|oh
|c|âDark380|i mean
|c|âDark380|I'm yache chomp
|c|âcosine180|psychic
|c|âcosine180|kills
|c|âcosine180|thoooo
|
|move|p1a: Tyranitar|Pursuit|p2a: Jirachi
|-activate|p2a: Jirachi|Substitute|[damage]
|move|p2a: Jirachi|Calm Mind|p2a: Jirachi
|-boost|p2a: Jirachi|spa|1
|-boost|p2a: Jirachi|spd|1
|
|-weather|Sandstorm|[upkeep]
|-heal|p2a: Jirachi|106\/404|[from] item: Leftovers
|turn|25
|c|âDark380|not from 100% rofl
|c|âDark380|and tar would be dead
|c|âDark380|if anything the miss stalls out the win
|
|move|p1a: Tyranitar|Pursuit|p2a: Jirachi
|-end|p2a: Jirachi|Substitute
|move|p2a: Jirachi|Substitute|p2a: Jirachi
|-start|p2a: Jirachi|Substitute
|-damage|p2a: Jirachi|5\/404
|
|-weather|Sandstorm|[upkeep]
|-heal|p2a: Jirachi|30\/404|[from] item: Leftovers
|turn|26
|c|âcosine180|i dont think it dies
|c|âcosine180|its k just para here
|c|âDark380|like
|
|move|p1a: Tyranitar|Pursuit|p2a: Jirachi
|-activate|p2a: Jirachi|Substitute|[damage]
|move|p2a: Jirachi|Thunder|p1a: Tyranitar|[miss]
|-miss|p2a: Jirachi|p1a: Tyranitar
|
|-weather|Sandstorm|[upkeep]
|-heal|p2a: Jirachi|55\/404|[from] item: Leftovers
|turn|27
|c|âcosine180|oh wait i take life orb
|c|âDark380|that hydro miss helped you
|c|âcosine180|raight
|c|âcosine180|forgot
|
|move|p1a: Tyranitar|Pursuit|p2a: Jirachi
|-end|p2a: Jirachi|Substitute
|move|p2a: Jirachi|Thunder|p1a: Tyranitar
|-crit|p1a: Tyranitar
|-damage|p1a: Tyranitar|0 fnt
|faint|p1a: Tyranitar
|
|-weather|Sandstorm|[upkeep]
|-heal|p2a: Jirachi|80\/404|[from] item: Leftovers
|c|âcosine180|cmon
|c|âcosine180|lol
|c|âcosine180|its alright
|c|âcosine180|ur adamant
|
|switch|p1a: Garchomp|Garchomp, M|361\/361
|-damage|p1a: Garchomp|339\/361|[from] Stealth Rock
|turn|28
|c|âcosine180|ev'd to speed tie rachi
|c|âDark380|i am actually
|
|move|p1a: Garchomp|Earthquake|p2a: Jirachi
|-supereffective|p2a: Jirachi
|-damage|p2a: Jirachi|0 fnt
|faint|p2a: Jirachi
|
|win|Dark380
|c|âcosine180|ofc
|c|âcosine180|u win the speedtie
|c|âDark380|i have
|c|âcosine180|hax
|c|âDark380|300
|c|âcosine180|o
|c|âcosine180|im slow
|leave|cosine180
|player|p2