|join|Dark380
|join|Cosine180
|player|p1|Dark380|102
|player|p2|Cosine180|33
|gametype|singles
|gen|5
|tier|[Gen 5] OU
|rule|Evasion Abilities Clause: Evasion abilities are banned
|clearpoke
|poke|p1|Breloom, F
|poke|p1|Alakazam, M
|poke|p1|Garchomp, M
|poke|p1|Froslass, F
|poke|p1|Scizor, F
|poke|p1|Keldeo
|poke|p2|Skarmory, M
|poke|p2|Garchomp, M
|poke|p2|Scizor, F
|poke|p2|Jellicent, M
|poke|p2|Alakazam, M
|poke|p2|Salamence, M
|rule|Sleep Clause Mod: Limit one foe put to sleep
|rule|Species Clause: Limit one of each PokÃ©mon
|rule|OHKO Clause: OHKO moves are banned
|rule|Moody Clause: Moody is banned
|rule|Evasion Moves Clause: Evasion moves are banned
|rule|Endless Battle Clause: Forcing endless battles is banned
|rule|HP Percentage Mod: HP is shown in percentages
|teampreview
|c|âDark380|first battle i went into i lost a crit flinch followed by another flinch
|c|âCosine180|nice
|join|carleyist
|c| carleyist|ew those animations
|c|âDark380|they're beautiful
|c| carleyist|:I
|
|start
|switch|p1a: Keldeo|Keldeo|324\/324
|switch|p2a: Skarmory|Skarmory, M|272\/272
|turn|1
|c|âCosine180|i have sprites off
|c|âCosine180|lemme change back
|
|move|p1a: Keldeo|Hydro Pump|p2a: Skarmory
|-activate|p2a: Skarmory|Sturdy
|-damage|p2a: Skarmory|1\/272
|move|p2a: Skarmory|Stealth Rock|p1a: Keldeo
|-sidestart|p1: Dark380|move: Stealth Rock
|
|turn|2
|c|âCosine180|why keldeo
|c|âCosine180|btw
|c|âCosine180|weird
|c|âDark380|beats every one of ur leads, and i was expecting zor
|-enditem|p2a: Skarmory|Custap Berry|[eat]
|-activate|p2a: Skarmory|Custap Berry
|
|move|p2a: Skarmory|Spikes|p1a: Keldeo
|-sidestart|p1: Dark380|Spikes
|move|p1a: Keldeo|Hidden Power|p2a: Skarmory
|-damage|p2a: Skarmory|0 fnt
|faint|p2a: Skarmory
|
|c|âCosine180|this is my lead
|c|âCosine180|,,
|c|âDark380|and I'm suppose to know that how?
|c|âCosine180|makes sense tho
|c|âDark380|u have 2 diff potential leads
|leave|carleyist
|
|switch|p2a: Alakazam|Alakazam, M|252\/252
|turn|3
|c|âCosine180|but doesnt froslass beat both
|c|âDark380|like i said
|c|âDark380|i thought u'd lead zor
|join|CleanerThanRotom-W
|c|âCosine180|kai
|
|switch|p1a: Breloom|Breloom, F|324\/324
|-damage|p1a: Breloom|304\/324|[from] Stealth Rock
|-damage|p1a: Breloom|264\/324|[from] Spikes
|move|p2a: Alakazam|Psychic|p1a: Breloom
|-supereffective|p1a: Breloom
|-damage|p1a: Breloom|0 fnt
|faint|p1a: Breloom
|
|
|switch|p1a: Scizor|Scizor, F|319\/319
|-damage|p1a: Scizor|280\/319|[from] Stealth Rock
|-damage|p1a: Scizor|241\/319|[from] Spikes
|turn|4
|
|switch|p2a: Jellicent|Jellicent, M|404\/404
|move|p1a: Scizor|U-turn|p2a: Jellicent
|-resisted|p2a: Jellicent
|-damage|p2a: Jellicent|290\/404
|
|switch|p1a: Froslass|Froslass, F|282\/282
|-damage|p1a: Froslass|247\/282|[from] Spikes
|-damage|p1a: Froslass|177\/282|[from] Stealth Rock
|
|-heal|p2a: Jellicent|315\/404|[from] item: Leftovers
|turn|5
|
|switch|p2a: Alakazam|Alakazam, M|252\/252
|move|p1a: Froslass|Spikes|p2a: Alakazam
|-sidestart|p2: Cosine180|Spikes
|
|turn|6
|
|move|p2a: Alakazam|Psychic|p1a: Froslass
|-damage|p1a: Froslass|0 fnt
|faint|p1a: Froslass
|
|
|switch|p1a: Scizor|Scizor, F|241\/319
|-damage|p1a: Scizor|202\/319|[from] Spikes
|-damage|p1a: Scizor|163\/319|[from] Stealth Rock
|turn|7
|c|âDark380|i don't actually have anything for this so gg i guess
|c|âCosine180|rip
|
|switch|p2a: Garchomp|Garchomp, M|361\/361
|-damage|p2a: Garchomp|316\/361|[from] Spikes
|move|p1a: Scizor|Bullet Punch|p2a: Garchomp
|-damage|p2a: Garchomp|145\/361
|-damage|p1a: Scizor|124\/319|[from] ability: Rough Skin|[of] p2a: Garchomp
|
|turn|8
|
|switch|p2a: Jellicent|Jellicent, M|315\/404
|-damage|p2a: Jellicent|265\/404|[from] Spikes
|switch|p1a: Garchomp|Garchomp, M|358\/358
|-damage|p1a: Garchomp|314\/358|[from] Spikes
|-damage|p1a: Garchomp|292\/358|[from] Stealth Rock
|
|-heal|p2a: Jellicent|290\/404|[from] item: Leftovers
|turn|9
|
|move|p1a: Garchomp|Outrage|p2a: Jellicent
|-damage|p2a: Jellicent|53\/404
|move|p2a: Jellicent|Will-O-Wisp|p1a: Garchomp
|-status|p1a: Garchomp|brn
|
|-heal|p2a: Jellicent|78\/404|[from] item: Leftovers
|-damage|p1a: Garchomp|248\/358 brn|[from] brn
|turn|10
|
|move|p1a: Garchomp|Outrage|p2a: Jellicent
|-damage|p2a: Jellicent|0 fnt
|faint|p2a: Jellicent
|
|-damage|p1a: Garchomp|204\/358 brn|[from] brn
|
|switch|p2a: Alakazam|Alakazam, M|252\/252
|turn|11
|
|move|p2a: Alakazam|Hidden Power|p1a: Garchomp
|-supereffective|p1a: Garchomp
|-enditem|p1a: Garchomp|Yache Berry|[eat]
|-damage|p1a: Garchomp|4\/358 brn
|move|p1a: Garchomp|Outrage|p2a: Alakazam
|-damage|p2a: Alakazam|33\/252
|
|-end|p1a: Garchomp|rampage
|-start|p1a: Garchomp|confusion
|-damage|p1a: Garchomp|0 fnt|[from] brn
|faint|p1a: Garchomp
|join|lil manaphy
|leave|CleanerThanRotom-W
|c|âCosine180|couldve went for the roll
|c|âCosine180|was probably better
|join|hacksoras
|leave|hacksoras
|
|switch|p1a: Scizor|Scizor, F|124\/319
|-damage|p1a: Scizor|85\/319|[from] Spikes
|-damage|p1a: Scizor|46\/319|[from] Stealth Rock
|turn|12
|
|switch|p2a: Garchomp|Garchomp, M|145\/361
|-damage|p2a: Garchomp|100\/361|[from] Spikes
|move|p1a: Scizor|Bullet Punch|p2a: Garchomp
|-damage|p2a: Garchomp|0 fnt
|-damage|p1a: Scizor|7\/319|[from] ability: Rough Skin|[of] p2a: Garchomp
|faint|p2a: Garchomp
|
|
|switch|p2a: Scizor|Scizor, F|289\/289
|-damage|p2a: Scizor|253\/289|[from] Spikes
|turn|13
|
|move|p2a: Scizor|Bullet Punch|p1a: Scizor
|-resisted|p1a: Scizor
|-damage|p1a: Scizor|0 fnt
|-damage|p2a: Scizor|225\/289|[from] item: Life Orb
|faint|p1a: Scizor
|
|
|switch|p1a: Keldeo|Keldeo|324\/324
|-damage|p1a: Keldeo|304\/324|[from] Stealth Rock
|-damage|p1a: Keldeo|264\/324|[from] Spikes
|turn|14
|join|ITS IGGY IGGS
|
|switch|p2a: Alakazam|Alakazam, M|33\/252
|move|p1a: Keldeo|Secret Sword|p2a: Alakazam
|-enditem|p1a: Keldeo|Fighting Gem|[from] gem|[move] Secret Sword
|-resisted|p2a: Alakazam
|-damage|p2a: Alakazam|0 fnt
|faint|p2a: Alakazam
|
|leave|ITS IGGY IGGS
|
|switch|p2a: Salamence|Salamence, M|331\/331
|turn|15
|
|move|p2a: Salamence|Outrage|p1a: Keldeo
|-damage|p1a: Keldeo|11\/324
|move|p1a: Keldeo|Hidden Power|p2a: Salamence
|-supereffective|p2a: Salamence
|-damage|p2a: Salamence|0 fnt
|faint|p2a: Salamence
|
|join|CleanerThanRotom-W
|c|âCosine180|o
|
|switch|p2a: Scizor|Scizor, F|225\/289
|-damage|p2a: Scizor|189\/289|[from] Spikes
|turn|16
|c|âCosine180|its k ull miss
|c|âDark380|miss what?
|
|move|p2a: Scizor|Bullet Punch|p1a: Keldeo
|-resisted|p1a: Keldeo
|-damage|p1a: Keldeo|0 fnt
|-damage|p2a: Scizor|161\/289|[from] item: Life Orb
|faint|p1a: Keldeo
|
|c|âCosine180|blast
|c|âCosine180|,,
|c|âDark380|hmm
|
|switch|p1a: Alakazam|Alakazam, M|252\/252
|turn|17
|join|Jefo
|
|move|p2a: Scizor|Bullet Punch|p1a: Alakazam
|-enditem|p1a: Alakazam|Focus Sash
|-damage|p1a: Alakazam|1\/252
|-damage|p2a: Scizor|133\/289|[from] item: Life Orb
|move|p1a: Alakazam|Focus Blast|p2a: Scizor
|-damage|p2a: Scizor|0 fnt
|faint|p2a: Scizor
|
|win|Dark380
|c|âDark380|ez
|c|âCosine180|gg
|c|âDark380|gg
|leave|Cosine180