|join|SwaggBoii
|join|CurtainFall
|player|p1|SwaggBoii|2
|player|p2|CurtainFall|25
|gametype|singles
|gen|6
|tier|OU
|rated
|clearpoke
|poke|p1|Clefable, M
|poke|p1|Latios, M
|poke|p1|Tyranitar, M
|poke|p1|Excadrill, F
|poke|p1|Keldeo
|poke|p1|Scizor, F
|poke|p2|Sableye, M, shiny
|poke|p2|Mew
|poke|p2|Clefable, F
|poke|p2|Heatran, M
|poke|p2|Landorus-Therian, M
|poke|p2|Amoonguss, M
|rule|Swagger Clause: Swagger is banned
|rule|Baton Pass Clause: Limit one PokÃ©mon knowing Baton Pass
|rule|Sleep Clause Mod: Limit one foe put to sleep
|rule|Species Clause: Limit one of each PokÃ©mon
|rule|OHKO Clause: OHKO moves are banned
|rule|Moody Clause: Moody is banned
|rule|Evasion Moves Clause: Evasion moves are banned
|rule|Endless Battle Clause: Forcing endless battles is banned
|rule|HP Percentage Mod: HP is shown in percentages
|teampreview
|
|start
|switch|p1a: Keldeo|Keldeo|323\/323
|switch|p2a: Sableye|Sableye, M, shiny|303\/303
|turn|1
|
|detailschange|p2a: Sableye|Sableye-Mega, M, shiny
|-mega|p2a: Sableye|Sableye|Sablenite
|move|p1a: Keldeo|Hydro Pump|p2a: Sableye
|-damage|p2a: Sableye|137\/303
|move|p2a: Sableye|Will-O-Wisp|p1a: Keldeo|[miss]
|-miss|p2a: Sableye|p1a: Keldeo
|
|turn|2
|c|âCurtainFall|ha!
|
|switch|p2a: Amoonguss|Amoonguss, M|432\/432
|move|p1a: Keldeo|Hydro Pump|p2a: Amoonguss|[miss]
|-miss|p1a: Keldeo|p2a: Amoonguss
|
|turn|3
|c|âCurtainFall|thats been my luck all night mate
|c|âSwaggBoii|yea iit be like tht
|c|âCurtainFall|ur lucky playing me
|
|switch|p1a: Tyranitar|Tyranitar, M|403\/403
|-weather|Sandstorm
|move|p2a: Amoonguss|Spore|p1a: Tyranitar
|-status|p1a: Tyranitar|slp
|
|-weather|Sandstorm|[upkeep]
|-damage|p2a: Amoonguss|405\/432|[from] sandstorm
|-heal|p2a: Amoonguss|432\/432|[from] item: Black Sludge
|turn|4
|c|âCurtainFall|i literally have the worst luck
|c|âSwaggBoii|lol
|
|switch|p1a: Latios|Latios, M|301\/301
|move|p2a: Amoonguss|Giga Drain|p1a: Latios
|-resisted|p1a: Latios
|-damage|p1a: Latios|265\/301
|
|-weather|Sandstorm|[upkeep]
|-damage|p1a: Latios|247\/301|[from] sandstorm
|-damage|p2a: Amoonguss|405\/432|[from] sandstorm
|-heal|p2a: Amoonguss|432\/432|[from] item: Black Sludge
|turn|5
|
|switch|p2a: Heatran|Heatran, M|386\/386
|move|p1a: Latios|Psyshock|p2a: Heatran
|-crit|p2a: Heatran
|-resisted|p2a: Heatran
|-damage|p2a: Heatran|257\/386
|-damage|p1a: Latios|217\/301|[from] item: Life Orb
|
|-weather|Sandstorm|[upkeep]
|-damage|p1a: Latios|199\/301|[from] sandstorm
|-heal|p2a: Heatran|281\/386|[from] item: Leftovers
|turn|6
|
|move|p1a: Latios|Earthquake|p2a: Heatran
|-supereffective|p2a: Heatran
|-damage|p2a: Heatran|0 fnt
|-damage|p1a: Latios|169\/301|[from] item: Life Orb
|faint|p2a: Heatran
|
|-weather|Sandstorm|[upkeep]
|-damage|p1a: Latios|151\/301|[from] sandstorm
|c|âCurtainFall|unexpected
|c|âSwaggBoii|yea
|
|switch|p2a: Clefable|Clefable, F|394\/394
|turn|7
|c|âSwaggBoii|i hope it dont get common
|
|switch|p1a: Excadrill|Excadrill, F|361\/361
|move|p2a: Clefable|Moonblast|p1a: Excadrill
|-resisted|p1a: Excadrill
|-damage|p1a: Excadrill|289\/361
|
|-weather|Sandstorm|[upkeep]
|-damage|p2a: Clefable|370\/394|[from] sandstorm
|-heal|p2a: Clefable|394\/394|[from] item: Leftovers
|turn|8
|
|switch|p2a: Mew|Mew|404\/404
|move|p1a: Excadrill|Iron Head|p2a: Mew
|-damage|p2a: Mew|178\/404
|-damage|p1a: Excadrill|253\/361|[from] item: Life Orb
|
|-weather|Sandstorm|[upkeep]
|-damage|p2a: Mew|153\/404|[from] sandstorm
|-heal|p2a: Mew|178\/404|[from] item: Leftovers
|turn|9
|c|âCurtainFall|that was not what i meant to click
|c|âCurtainFall|told u that u were lucky
|
|switch|p2a: Landorus-Therian|Landorus-Therian, M|382\/382
|-ability|p2a: Landorus-Therian|Intimidate|[of] p1a: Excadrill
|-unboost|p1a: Excadrill|atk|1
|move|p1a: Excadrill|Iron Head|p2a: Landorus-Therian
|-damage|p2a: Landorus-Therian|273\/382
|-damage|p1a: Excadrill|217\/361|[from] item: Life Orb
|
|-weather|Sandstorm|[upkeep]
|-heal|p2a: Landorus-Therian|296\/382|[from] item: Leftovers
|turn|10
|c|âCurtainFall|misclicking, haxing
|
|switch|p1a: Scizor|Scizor, F|344\/344
|move|p2a: Landorus-Therian|Stealth Rock|p1a: Scizor
|-sidestart|p1: SwaggBoii|move: Stealth Rock
|
|-weather|none
|-heal|p2a: Landorus-Therian|319\/382|[from] item: Leftovers
|turn|11
|
|switch|p2a: Amoonguss|Amoonguss, M|432\/432
|detailschange|p1a: Scizor|Scizor-Mega, F
|-mega|p1a: Scizor|Scizor|Scizorite
|move|p1a: Scizor|Swords Dance|p1a: Scizor
|-boost|p1a: Scizor|atk|2
|
|turn|12
|
|switch|p1a: Latios|Latios, M|151\/301
|-damage|p1a: Latios|114\/301|[from] Stealth Rock
|move|p2a: Amoonguss|Hidden Power|p1a: Latios
|-resisted|p1a: Latios
|-damage|p1a: Latios|94\/301
|
|turn|13
|
|switch|p2a: Clefable|Clefable, F|394\/394
|move|p1a: Latios|Psyshock|p2a: Clefable
|-damage|p2a: Clefable|230\/394
|-damage|p1a: Latios|64\/301|[from] item: Life Orb
|
|-heal|p2a: Clefable|254\/394|[from] item: Leftovers
|turn|14
|
|move|p1a: Latios|Defog|p2a: Clefable
|-unboost|p2a: Clefable|evasion|1
|-sideend|p1: SwaggBoii|Stealth Rock|[from] move: Defog|[of] p1a: Latios
|move|p2a: Clefable|Wish|p2a: Clefable
|
|-heal|p2a: Clefable|278\/394|[from] item: Leftovers
|turn|15
|
|move|p1a: Latios|Draco Meteor|p2a: Clefable
|-immune|p2a: Clefable|[msg]
|move|p2a: Clefable|Moonblast|p1a: Latios
|-supereffective|p1a: Latios
|-damage|p1a: Latios|0 fnt
|faint|p1a: Latios
|
|-heal|p2a: Clefable|394\/394|[from] move: Wish|[wisher] Clefable
|
|switch|p1a: Excadrill|Excadrill, F|217\/361
|turn|16
|
|switch|p2a: Landorus-Therian|Landorus-Therian, M|319\/382
|-ability|p2a: Landorus-Therian|Intimidate|[of] p1a: Excadrill
|-unboost|p1a: Excadrill|atk|1
|move|p1a: Excadrill|Iron Head|p2a: Landorus-Therian
|-damage|p2a: Landorus-Therian|210\/382
|-damage|p1a: Excadrill|181\/361|[from] item: Life Orb
|
|-heal|p2a: Landorus-Therian|233\/382|[from] item: Leftovers
|turn|17
|c|âSwaggBoii|the road block
|
|switch|p1a: Clefable|Clefable, M|394\/394
|move|p2a: Landorus-Therian|Earthquake|p1a: Clefable
|-damage|p1a: Clefable|262\/394
|
|-heal|p2a: Landorus-Therian|256\/382|[from] item: Leftovers
|-heal|p1a: Clefable|286\/394|[from] item: Leftovers
|turn|18
|
|move|p2a: Landorus-Therian|Knock Off|p1a: Clefable
|-resisted|p1a: Clefable
|-damage|p1a: Clefable|236\/394
|-enditem|p1a: Clefable|Leftovers|[from] move: Knock Off|[of] p2a: Landorus-Therian
|move|p1a: Clefable|Calm Mind|p1a: Clefable
|-boost|p1a: Clefable|spa|1
|-boost|p1a: Clefable|spd|1
|
|-heal|p2a: Landorus-Therian|279\/382|[from] item: Leftovers
|turn|19
|
|switch|p2a: Clefable|Clefable, F|394\/394
|move|p1a: Clefable|Moonblast|p2a: Clefable
|-damage|p2a: Clefable|276\/394
|
|-heal|p2a: Clefable|300\/394|[from] item: Leftovers
|turn|20
|c|âCurtainFall|ah shit didnt mean to click him either lol
|
|move|p1a: Clefable|Moonblast|p2a: Clefable
|-crit|p2a: Clefable
|-damage|p2a: Clefable|140\/394
|move|p2a: Clefable|Wish|p2a: Clefable
|
|-heal|p2a: Clefable|164\/394|[from] item: Leftovers
|turn|21
|c|âCurtainFall|thats what happens when u play 3 games at once and get confused
|c|âSwaggBoii|lol
|
|move|p1a: Clefable|Soft-Boiled|p1a: Clefable
|-heal|p1a: Clefable|394\/394
|move|p2a: Clefable|Moonblast|p1a: Clefable
|-damage|p1a: Clefable|271\/394
|
|-heal|p2a: Clefable|361\/394|[from] move: Wish|[wisher] Clefable
|-heal|p2a: Clefable|385\/394|[from] item: Leftovers
|turn|22
|
|switch|p1a: Excadrill|Excadrill, F|181\/361
|move|p2a: Clefable|Wish|p2a: Clefable
|
|-heal|p2a: Clefable|394\/394|[from] item: Leftovers
|turn|23
|
|switch|p1a: Scizor|Scizor-Mega, F|344\/344
|switch|p2a: Landorus-Therian|Landorus-Therian, M|279\/382
|-ability|p2a: Landorus-Therian|Intimidate|[of] p1a: Scizor
|-unboost|p1a: Scizor|atk|1
|
|-heal|p2a: Landorus-Therian|382\/382|[from] move: Wish|[wisher] Clefable
|turn|24
|c|âSwaggBoii|its like i can win
|
|move|p2a: Landorus-Therian|Stealth Rock|p1a: Scizor
|-sidestart|p1: SwaggBoii|move: Stealth Rock
|move|p1a: Scizor|Knock Off|p2a: Landorus-Therian
|-damage|p2a: Landorus-Therian|308\/382
|-enditem|p2a: Landorus-Therian|Leftovers|[from] move: Knock Off|[of] p1a: Scizor
|
|turn|25
|
|switch|p2a: Amoonguss|Amoonguss, M|432\/432
|move|p1a: Scizor|Knock Off|p2a: Amoonguss
|-damage|p2a: Amoonguss|335\/432
|-enditem|p2a: Amoonguss|Black Sludge|[from] move: Knock Off|[of] p1a: Scizor
|
|turn|26
|
|switch|p1a: Clefable|Clefable, M|271\/394
|move|p2a: Amoonguss|Hidden Power|p1a: Clefable
|-damage|p1a: Clefable|229\/394
|
|turn|27
|
|move|p1a: Clefable|Soft-Boiled|p1a: Clefable
|-heal|p1a: Clefable|394\/394
|move|p2a: Amoonguss|Giga Drain|p1a: Clefable
|-damage|p1a: Clefable|306\/394
|-heal|p2a: Amoonguss|379\/432|[from] drain|[of] p1a: Clefable
|
|turn|28
|
|move|p1a: Clefable|Flamethrower|p2a: Amoonguss
|-supereffective|p2a: Amoonguss
|-damage|p2a: Amoonguss|231\/432
|move|p2a: Amoonguss|Giga Drain|p1a: Clefable
|-damage|p1a: Clefable|230\/394
|-heal|p2a: Amoonguss|269\/432|[from] drain|[of] p1a: Clefable
|
|turn|29
|
|switch|p2a: Mew|Mew|178\/404
|move|p1a: Clefable|Calm Mind|p1a: Clefable
|-boost|p1a: Clefable|spa|1
|-boost|p1a: Clefable|spd|1
|
|-heal|p2a: Mew|203\/404|[from] item: Leftovers
|turn|30
|
|move|p2a: Mew|Soft-Boiled|p2a: Mew
|-heal|p2a: Mew|404\/404
|move|p1a: Clefable|Moonblast|p2a: Mew
|-crit|p2a: Mew
|-damage|p2a: Mew|226\/404
|-unboost|p2a: Mew|spa|1
|
|-heal|p2a: Mew|251\/404|[from] item: Leftovers
|turn|31
|c|âCurtainFall|lol told u it was my day to shine
|
|switch|p2a: Clefable|Clefable, F|394\/394
|move|p1a: Clefable|Calm Mind|p1a: Clefable
|-boost|p1a: Clefable|spa|1
|-boost|p1a: Clefable|spd|1
|
|turn|32
|
|move|p1a: Clefable|Soft-Boiled|p1a: Clefable
|-heal|p1a: Clefable|394\/394
|move|p2a: Clefable|Moonblast|p1a: Clefable
|-damage|p1a: Clefable|273\/394
|-unboost|p1a: Clefable|spa|1
|
|turn|33
|
|move|p1a: Clefable|Calm Mind|p1a: Clefable
|-boost|p1a: Clefable|spa|1
|-boost|p1a: Clefable|spd|1
|move|p2a: Clefable|Moonblast|p1a: Clefable
|-damage|p1a: Clefable|146\/394
|
|turn|34
|
|move|p1a: Clefable|Soft-Boiled|p1a: Clefable
|-heal|p1a: Clefable|343\/394
|move|p2a: Clefable|Moonblast|p1a: Clefable
|-crit|p1a: Clefable
|-damage|p1a: Clefable|153\/394
|
|turn|35
|
|move|p1a: Clefable|Soft-Boiled|p1a: Clefable
|-heal|p1a: Clefable|350\/394
|move|p2a: Clefable|Moonblast|p1a: Clefable
|-damage|p1a: Clefable|233\/394
|
|turn|36
|c|âSwaggBoii|yur team counters imes
|c|âSwaggBoii|mines
|
|move|p1a: Clefable|Flamethrower|p2a: Clefable
|-damage|p2a: Clefable|318\/394
|move|p2a: Clefable|Moonblast|p1a: Clefable
|-damage|p1a: Clefable|107\/394
|-unboost|p1a: Clefable|spa|1
|
|-heal|p2a: Clefable|342\/394|[from] item: Leftovers
|turn|37
|c|âCurtainFall|i wouldnt go that far
|c|âSwaggBoii|amoongus for scizor
|
|move|p1a: Clefable|Soft-Boiled|p1a: Clefable
|-heal|p1a: Clefable|304\/394
|move|p2a: Clefable|Moonblast|p1a: Clefable
|-damage|p1a: Clefable|190\/394
|-unboost|p1a: Clefable|spa|1
|
|-heal|p2a: Clefable|366\/394|[from] item: Leftovers
|turn|38
|c|âCurtainFall|im literally playing 2 similar teams and im confused as fuck
|c|âSwaggBoii|land for exa
|c|âCurtainFall|i dont know whos knocked what off
|c|âCurtainFall|and whos got what moves
|
|move|p1a: Clefable|Soft-Boiled|p1a: Clefable
|-heal|p1a: Clefable|387\/394
|move|p2a: Clefable|Moonblast|p1a: Clefable
|-damage|p1a: Clefable|278\/394
|
|-heal|p2a: Clefable|390\/394|[from] item: Leftovers
|turn|39
|c|âSwaggBoii|i see an opening tho
|
|switch|p2a: Amoonguss|Amoonguss, M|413\/432
|move|p1a: Clefable|Calm Mind|p1a: Clefable
|-boost|p1a: Clefable|spa|1
|-boost|p1a: Clefable|spd|1
|
|turn|40
|
|move|p1a: Clefable|Flamethrower|p2a: Amoonguss
|-supereffective|p2a: Amoonguss
|-damage|p2a: Amoonguss|187\/432
|move|p2a: Amoonguss|Clear Smog|p1a: Clefable
|-supereffective|p1a: Clefable
|-damage|p1a: Clefable|240\/394
|-clearboost|p1a: Clefable
|
|turn|41
|c|âCurtainFall|10%?!
|
|switch|p2a: Clefable|Clefable, F|390\/394
|move|p1a: Clefable|Flamethrower|p2a: Clefable
|-damage|p2a: Clefable|314\/394
|-status|p2a: Clefable|brn
|
|-heal|p2a: Clefable|338\/394 brn|[from] item: Leftovers
|-damage|p2a: Clefable|289\/394 brn|[from] brn
|turn|42
|c|âSwaggBoii|there
|c|âSwaggBoii|slight progress
|
|move|p1a: Clefable|Moonblast|p2a: Clefable
|-damage|p2a: Clefable|162\/394 brn
|move|p2a: Clefable|Aromatherapy|p2a: Clefable
|-cureteam|p2a: Clefable|[from] move: Aromatherapy
|
|-heal|p2a: Clefable|186\/394|[from] item: Leftovers
|turn|43
|c|âSwaggBoii|yea yur team counters mines lol
|
|switch|p1a: Scizor|Scizor-Mega, F|344\/344
|-damage|p1a: Scizor|301\/344|[from] Stealth Rock
|move|p2a: Clefable|Protect|p2a: Clefable
|-fail|p2a: Clefable
|
|-heal|p2a: Clefable|210\/394|[from] item: Leftovers
|turn|44
|c|âSwaggBoii|tho
|
|switch|p2a: Amoonguss|Amoonguss, M|331\/432
|move|p1a: Scizor|Swords Dance|p1a: Scizor
|-boost|p1a: Scizor|atk|2
|
|turn|45
|
|move|p1a: Scizor|Knock Off|p2a: Amoonguss
|-damage|p2a: Amoonguss|150\/432
|move|p2a: Amoonguss|Hidden Power|p1a: Scizor
|-supereffective|p1a: Scizor
|-damage|p1a: Scizor|125\/344
|
|turn|46
|
|switch|p2a: Landorus-Therian|Landorus-Therian, M|308\/382
|-ability|p2a: Landorus-Therian|Intimidate|[of] p1a: Scizor
|-unboost|p1a: Scizor|atk|1
|move|p1a: Scizor|Knock Off|p2a: Landorus-Therian
|-damage|p2a: Landorus-Therian|194\/382
|
|turn|47
|
|move|p2a: Landorus-Therian|Earthquake|p1a: Scizor
|-damage|p1a: Scizor|0 fnt
|faint|p1a: Scizor
|
|c|âCurtainFall|thank fuck for that
|
|switch|p1a: Keldeo|Keldeo|323\/323
|-damage|p1a: Keldeo|303\/323|[from] Stealth Rock
|turn|48
|c|âSwaggBoii|yea i think that was a high roll darn
|
|switch|p2a: Amoonguss|Amoonguss, M|294\/432
|move|p1a: Keldeo|Scald|p2a: Amoonguss
|-resisted|p2a: Amoonguss
|-damage|p2a: Amoonguss|214\/432
|
|turn|49
|
|switch|p1a: Clefable|Clefable, M|240\/394
|move|p2a: Amoonguss|Giga Drain|p1a: Clefable
|-damage|p1a: Clefable|161\/394
|-heal|p2a: Amoonguss|254\/432|[from] drain|[of] p1a: Clefable
|
|turn|50
|c|âSwaggBoii|i played bad tho
|
|switch|p1a: Excadrill|Excadrill, F|181\/361
|-damage|p1a: Excadrill|170\/361|[from] Stealth Rock
|switch|p2a: Clefable|Clefable, F|210\/394
|
|-heal|p2a: Clefable|234\/394|[from] item: Leftovers
|turn|51
|c|âSwaggBoii|i had two other chances to win
|
|move|p2a: Clefable|Protect|p2a: Clefable
|-singleturn|p2a: Clefable|Protect
|move|p1a: Excadrill|Swords Dance|p1a: Excadrill
|-boost|p1a: Excadrill|atk|2
|
|-heal|p2a: Clefable|258\/394|[from] item: Leftovers
|turn|52
|c|âSwaggBoii|oh
|c|âCurtainFall|that was not on the cards
|c|âSwaggBoii|lol yea
|
|switch|p2a: Landorus-Therian|Landorus-Therian, M|194\/382
|-ability|p2a: Landorus-Therian|Intimidate|[of] p1a: Excadrill
|-unboost|p1a: Excadrill|atk|1
|move|p1a: Excadrill|Swords Dance|p1a: Excadrill
|-boost|p1a: Excadrill|atk|2
|
|turn|53
|c|âSwaggBoii|its unexpected too
|
|switch|p2a: Sableye|Sableye-Mega, M, shiny|137\/303
|move|p1a: Excadrill|Iron Head|p2a: Sableye
|-damage|p2a: Sableye|0 fnt
|-damage|p1a: Excadrill|134\/361|[from] item: Life Orb
|faint|p2a: Sableye
|
|
|switch|p2a: Landorus-Therian|Landorus-Therian, M|194\/382
|-ability|p2a: Landorus-Therian|Intimidate|[of] p1a: Excadrill
|-unboost|p1a: Excadrill|atk|1
|turn|54
|
|switch|p2a: Mew|Mew|251\/404
|move|p1a: Excadrill|Iron Head|p2a: Mew
|-damage|p2a: Mew|0 fnt
|-damage|p1a: Excadrill|98\/361|[from] item: Life Orb
|faint|p2a: Mew
|
|
|switch|p2a: Landorus-Therian|Landorus-Therian, M|194\/382
|-ability|p2a: Landorus-Therian|Intimidate|[of] p1a: Excadrill
|-unboost|p1a: Excadrill|atk|1
|turn|55
|
|move|p1a: Excadrill|Iron Head|p2a: Landorus-Therian
|-damage|p2a: Landorus-Therian|0 fnt
|-damage|p1a: Excadrill|62\/361|[from] item: Life Orb
|faint|p2a: Landorus-Therian
|
|
|switch|p2a: Amoonguss|Amoonguss, M|398\/432
|turn|56
|
|move|p1a: Excadrill|Earthquake|p2a: Amoonguss
|-damage|p2a: Amoonguss|15\/432
|-damage|p1a: Excadrill|26\/361|[from] item: Life Orb
|move|p2a: Amoonguss|Hidden Power|p1a: Excadrill
|-supereffective|p1a: Excadrill
|-damage|p1a: Excadrill|0 fnt
|faint|p1a: Excadrill
|
|c|âSwaggBoii|hmm
|c|âSwaggBoii|well
|
|switch|p1a: Keldeo|Keldeo|303\/323
|-damage|p1a: Keldeo|283\/323|[from] Stealth Rock
|turn|57
|
|switch|p2a: Clefable|Clefable, F|258\/394
|move|p1a: Keldeo|Hydro Pump|p2a: Clefable|[miss]
|-miss|p1a: Keldeo|p2a: Clefable
|
|-heal|p2a: Clefable|282\/394|[from] item: Leftovers
|turn|58
|c|âSwaggBoii|shit
|c|âCurtainFall|wow
|c|âSwaggBoii|i forgot
|
|move|p1a: Keldeo|Hydro Pump|p2a: Clefable
|-damage|p2a: Clefable|51\/394
|move|p2a: Clefable|Wish|p2a: Clefable
|
|-heal|p2a: Clefable|75\/394|[from] item: Leftovers
|turn|59
|
|switch|p1a: Clefable|Clefable, M|161\/394
|move|p2a: Clefable|Protect|p2a: Clefable
|-fail|p2a: Clefable
|
|-heal|p2a: Clefable|272\/394|[from] move: Wish|[wisher] Clefable
|-heal|p2a: Clefable|296\/394|[from] item: Leftovers
|turn|60
|
|move|p1a: Clefable|Soft-Boiled|p1a: Clefable
|-heal|p1a: Clefable|358\/394
|move|p2a: Clefable|Moonblast|p1a: Clefable
|-damage|p1a: Clefable|240\/394
|
|-heal|p2a: Clefable|320\/394|[from] item: Leftovers
|turn|61
|
|move|p1a: Clefable|Moonblast|p2a: Clefable
|-damage|p2a: Clefable|211\/394
|move|p2a: Clefable|Moonblast|p1a: Clefable
|-damage|p1a: Clefable|131\/394
|
|-heal|p2a: Clefable|235\/394|[from] item: Leftovers
|turn|62
|
|move|p1a: Clefable|Soft-Boiled|p1a: Clefable
|-heal|p1a: Clefable|328\/394
|move|p2a: Clefable|Wish|p2a: Clefable
|
|-heal|p2a: Clefable|259\/394|[from] item: Leftovers
|turn|63
|
|move|p1a: Clefable|Flamethrower|p2a: Clefable
|-damage|p2a: Clefable|185\/394
|move|p2a: Clefable|Moonblast|p1a: Clefable
|-damage|p1a: Clefable|216\/394
|-unboost|p1a: Clefable|spa|1
|
|-heal|p2a: Clefable|382\/394|[from] move: Wish|[wisher] Clefable
|-heal|p2a: Clefable|394\/394|[from] item: Leftovers
|turn|64
|
|move|p1a: Clefable|Calm Mind|p1a: Clefable
|-boost|p1a: Clefable|spa|1
|-boost|p1a: Clefable|spd|1
|move|p2a: Clefable|Wish|p2a: Clefable
|
|turn|65
|
|move|p1a: Clefable|Flamethrower|p2a: Clefable
|-damage|p2a: Clefable|319\/394
|move|p2a: Clefable|Moonblast|p1a: Clefable
|-damage|p1a: Clefable|95\/394
|-unboost|p1a: Clefable|spa|1
|
|-heal|p2a: Clefable|394\/394|[from] move: Wish|[wisher] Clefable
|turn|66
|
|move|p1a: Clefable|Soft-Boiled|p1a: Clefable
|-heal|p1a: Clefable|292\/394
|move|p2a: Clefable|Wish|p2a: Clefable
|
|turn|67
|
|switch|p2a: Amoonguss|Amoonguss, M|159\/432
|move|p1a: Clefable|Calm Mind|p1a: Clefable
|-boost|p1a: Clefable|spa|1
|-boost|p1a: Clefable|spd|1
|
|-heal|p2a: Amoonguss|356\/432|[from] move: Wish|[wisher] Clefable
|turn|68
|c|âSwaggBoii|welp
|
|switch|p2a: Clefable|Clefable, F|394\/394
|move|p1a: Clefable|Calm Mind|p1a: Clefable
|-boost|p1a: Clefable|spa|1
|-boost|p1a: Clefable|spd|1
|
|turn|69
|c|âSwaggBoii|this gona be awhile now
|
|move|p1a: Clefable|Calm Mind|p1a: Clefable
|-boost|p1a: Clefable|spa|1
|-boost|p1a: Clefable|spd|1
|move|p2a: Clefable|Moonblast|p1a: Clefable
|-damage|p1a: Clefable|174\/394
|
|turn|70
|
|move|p1a: Clefable|Soft-Boiled|p1a: Clefable
|-heal|p1a: Clefable|371\/394
|move|p2a: Clefable|Moonblast|p1a: Clefable
|-damage|p1a: Clefable|260\/394
|
|turn|71
|
|move|p1a: Clefable|Calm Mind|p1a: Clefable
|-boost|p1a: Clefable|spa|1
|-boost|p1a: Clefable|spd|1
|move|p2a: Clefable|Moonblast|p1a: Clefable
|-damage|p1a: Clefable|145\/394
|
|turn|72
|c|âCurtainFall|u still win i think
|c|âCurtainFall|gg
|
|move|p1a: Clefable|Soft-Boiled|p1a: Clefable
|-heal|p1a: Clefable|342\/394
|move|p2a: Clefable|Moonblast|p1a: Clefable
|-damage|p1a: Clefable|224\/394
|
|turn|73
|
|move|p1a: Clefable|Calm Mind|p1a: Clefable
|-boost|p1a: Clefable|spa|1
|-boost|p1a: Clefable|spd|1
|move|p2a: Clefable|Moonblast|p1a: Clefable
|-damage|p1a: Clefable|103\/394
|-unboost|p1a: Clefable|spa|1
|
|turn|74
|c|âSwaggBoii|yea i think so yur moonblast pp getting low
|
|move|p1a: Clefable|Soft-Boiled|p1a: Clefable
|-heal|p1a: Clefable|300\/394
|move|p2a: Clefable|Moonblast|p1a: Clefable
|-damage|p1a: Clefable|180\/394
|
|turn|75
|
|move|p1a: Clefable|Soft-Boiled|p1a: Clefable
|-heal|p1a: Clefable|377\/394
|move|p2a: Clefable|Moonblast|p1a: Clefable
|-damage|p1a: Clefable|250\/394
|
|turn|76
|
|move|p1a: Clefable|Calm Mind|p1a: Clefable
|-boost|p1a: Clefable|spa|1
|move|p2a: Clefable|Moonblast|p1a: Clefable
|-crit|p1a: Clefable
|-damage|p1a: Clefable|60\/394
|
|turn|77
|
|move|p1a: Clefable|Soft-Boiled|p1a: Clefable
|-heal|p1a: Clefable|257\/394
|move|p2a: Clefable|Moonblast|p1a: Clefable
|-damage|p1a: Clefable|139\/394
|
|turn|78
|
|move|p1a: Clefable|Soft-Boiled|p1a: Clefable
|-heal|p1a: Clefable|336\/394
|move|p2a: Clefable|Moonblast|p1a: Clefable
|-crit|p1a: Clefable
|-damage|p1a: Clefable|164\/394
|
|turn|79
|c|âCurtainFall|how have u used 17 soft boils?!
|c|âSwaggBoii|them crits didnt help me lol
|
|switch|p1a: Tyranitar|Tyranitar, M|403\/403 slp
|-damage|p1a: Tyranitar|353\/403 slp|[from] Stealth Rock
|-weather|Sandstorm
|move|p2a: Clefable|Protect|p2a: Clefable
|-fail|p2a: Clefable
|
|-weather|Sandstorm|[upkeep]
|-damage|p2a: Clefable|370\/394|[from] sandstorm
|-heal|p2a: Clefable|394\/394|[from] item: Leftovers
|turn|80
|
|switch|p2a: Amoonguss|Amoonguss, M|432\/432
|cant|p1a: Tyranitar|slp
|
|-weather|Sandstorm|[upkeep]
|-damage|p2a: Amoonguss|405\/432|[from] sandstorm
|turn|81
|
|cant|p1a: Tyranitar|slp
|move|p2a: Amoonguss|Giga Drain|p1a: Tyranitar
|-supereffective|p1a: Tyranitar
|-damage|p1a: Tyranitar|257\/403 slp
|-heal|p2a: Amoonguss|432\/432|[from] drain|[of] p1a: Tyranitar
|
|-weather|Sandstorm|[upkeep]
|-damage|p2a: Amoonguss|405\/432|[from] sandstorm
|turn|82
|
|cant|p1a: Tyranitar|slp
|move|p2a: Amoonguss|Giga Drain|p1a: Tyranitar
|-supereffective|p1a: Tyranitar
|-damage|p1a: Tyranitar|153\/403 slp
|-heal|p2a: Amoonguss|432\/432|[from] drain|[of] p1a: Tyranitar
|
|-weather|Sandstorm|[upkeep]
|-damage|p2a: Amoonguss|405\/432|[from] sandstorm
|turn|83
|
|-curestatus|p1a: Tyranitar|slp
|move|p1a: Tyranitar|Fire Blast|p2a: Amoonguss
|-supereffective|p2a: Amoonguss
|-damage|p2a: Amoonguss|185\/432
|move|p2a: Amoonguss|Giga Drain|p1a: Tyranitar
|-crit|p1a: Tyranitar
|-supereffective|p1a: Tyranitar
|-damage|p1a: Tyranitar|0 fnt
|-heal|p2a: Amoonguss|262\/432|[from] drain|[of] p1a: Tyranitar
|faint|p1a: Tyranitar
|
|-weather|Sandstorm|[upkeep]
|-damage|p2a: Amoonguss|235\/432|[from] sandstorm
|
|switch|p1a: Clefable|Clefable, M|164\/394
|turn|84
|
|move|p1a: Clefable|Flamethrower|p2a: Amoonguss
|-supereffective|p2a: Amoonguss
|-damage|p2a: Amoonguss|87\/432
|-status|p2a: Amoonguss|brn
|move|p2a: Amoonguss|Spore|p1a: Clefable
|-status|p1a: Clefable|slp
|
|-weather|Sandstorm|[upkeep]
|-damage|p2a: Amoonguss|60\/432 brn|[from] sandstorm
|-damage|p2a: Amoonguss|6\/432 brn|[from] brn
|turn|85
|c|âCurtainFall|wow another twitst
|
|switch|p2a: Clefable|Clefable, F|394\/394
|cant|p1a: Clefable|slp
|
|-weather|Sandstorm|[upkeep]
|-damage|p2a: Clefable|370\/394|[from] sandstorm
|-heal|p2a: Clefable|394\/394|[from] item: Leftovers
|turn|86
|c|âSwaggBoii|i lost tho
|
|cant|p1a: Clefable|slp
|move|p2a: Clefable|Aromatherapy|p2a: Clefable
|-cureteam|p2a: Clefable|[from] move: Aromatherapy
|
|-weather|none
|turn|87
|
|cant|p1a: Clefable|slp
|move|p2a: Clefable|Wish|p2a: Clefable
|
|turn|88
|
|switch|p2a: Amoonguss|Amoonguss, M|150\/432
|-curestatus|p1a: Clefable|slp
|move|p1a: Clefable|Calm Mind|p1a: Clefable
|-boost|p1a: Clefable|spa|1
|-boost|p1a: Clefable|spd|1
|
|-heal|p2a: Amoonguss|347\/432|[from] move: Wish|[wisher] Clefable
|turn|89
|
|move|p1a: Clefable|Flamethrower|p2a: Amoonguss
|-supereffective|p2a: Amoonguss
|-damage|p2a: Amoonguss|121\/432
|move|p2a: Amoonguss|Clear Smog|p1a: Clefable
|-supereffective|p1a: Clefable
|-damage|p1a: Clefable|92\/394
|-clearboost|p1a: Clefable
|
|turn|90
|c|âCurtainFall|oops i think i might have just lost it not sporing there
|
|switch|p2a: Clefable|Clefable, F|394\/394
|move|p1a: Clefable|Flamethrower|p2a: Clefable
|-damage|p2a: Clefable|318\/394
|
|-heal|p2a: Clefable|342\/394|[from] item: Leftovers
|turn|91
|
|move|p1a: Clefable|Calm Mind|p1a: Clefable
|-boost|p1a: Clefable|spa|1
|-boost|p1a: Clefable|spd|1
|move|p2a: Clefable|Wish|p2a: Clefable
|
|-heal|p2a: Clefable|366\/394|[from] item: Leftovers
|turn|92
|
|switch|p2a: Amoonguss|Amoonguss, M|265\/432
|move|p1a: Clefable|Calm Mind|p1a: Clefable
|-boost|p1a: Clefable|spa|1
|-boost|p1a: Clefable|spd|1
|
|-heal|p2a: Amoonguss|432\/432|[from] move: Wish|[wisher] Clefable
|turn|93
|
|move|p1a: Clefable|Flamethrower|p2a: Amoonguss
|-supereffective|p2a: Amoonguss
|-damage|p2a: Amoonguss|148\/432
|-status|p2a: Amoonguss|brn
|move|p2a: Amoonguss|Spore|p1a: Clefable
|-status|p1a: Clefable|slp
|
|-damage|p2a: Amoonguss|94\/432 brn|[from] brn
|turn|94
|c|âCurtainFall|dammit!!!
|c|âCurtainFall|thats gone
|
|cant|p1a: Clefable|slp
|move|p2a: Amoonguss|Clear Smog|p1a: Clefable
|-supereffective|p1a: Clefable
|-damage|p1a: Clefable|36\/394 slp
|-clearboost|p1a: Clefable
|
|-damage|p2a: Amoonguss|40\/432 brn|[from] brn
|turn|95
|
|cant|p1a: Clefable|slp
|move|p2a: Amoonguss|Giga Drain|p1a: Clefable
|-damage|p1a: Clefable|0 fnt
|-heal|p2a: Amoonguss|58\/432 brn|[from] drain|[of] p1a: Clefable
|faint|p1a: Clefable
|
|-damage|p2a: Amoonguss|4\/432 brn|[from] brn
|c|âCurtainFall|OMFG
|
|switch|p1a: Keldeo|Keldeo|283\/323
|-damage|p1a: Keldeo|263\/323|[from] Stealth Rock
|turn|96
|c|âSwaggBoii|damnn
|c|âCurtainFall|haha this is an emotional rollercoaster man
|c|âCurtainFall|i think im gonna have a heart attack
|c|âSwaggBoii|i lost
|
|switch|p2a: Clefable|Clefable, F|366\/394
|move|p1a: Keldeo|Scald|p2a: Clefable
|-damage|p2a: Clefable|206\/394
|
|-heal|p2a: Clefable|230\/394|[from] item: Leftovers
|turn|97
|
|move|p2a: Clefable|Protect|p2a: Clefable
|-singleturn|p2a: Clefable|Protect
|move|p1a: Keldeo|Scald|p2a: Clefable
|-activate|p2a: Clefable|Protect
|
|-heal|p2a: Clefable|254\/394|[from] item: Leftovers
|turn|98
|
|move|p1a: Keldeo|Scald|p2a: Clefable
|-damage|p2a: Clefable|74\/394
|move|p2a: Clefable|Wish|p2a: Clefable
|
|-heal|p2a: Clefable|98\/394|[from] item: Leftovers
|turn|99
|
|move|p2a: Clefable|Protect|p2a: Clefable
|-singleturn|p2a: Clefable|Protect
|move|p1a: Keldeo|Scald|p2a: Clefable
|-activate|p2a: Clefable|Protect
|
|-heal|p2a: Clefable|295\/394|[from] move: Wish|[wisher] Clefable
|-heal|p2a: Clefable|319\/394|[from] item: Leftovers
|turn|100
|
|move|p1a: Keldeo|Scald|p2a: Clefable
|-damage|p2a: Clefable|162\/394
|move|p2a: Clefable|Wish|p2a: Clefable
|
|-heal|p2a: Clefable|186\/394|[from] item: Leftovers
|turn|101
|
|move|p1a: Keldeo|Scald|p2a: Clefable
|-damage|p2a: Clefable|9\/394
|move|p2a: Clefable|Aromatherapy|p2a: Clefable
|-cureteam|p2a: Clefable|[from] move: Aromatherapy
|
|-heal|p2a: Clefable|206\/394|[from] move: Wish|[wisher] Clefable
|-heal|p2a: Clefable|230\/394|[from] item: Leftovers
|turn|102
|
|move|p2a: Clefable|Protect|p2a: Clefable
|-singleturn|p2a: Clefable|Protect
|move|p1a: Keldeo|Scald|p2a: Clefable
|-activate|p2a: Clefable|Protect
|
|-heal|p2a: Clefable|254\/394|[from] item: Leftovers
|turn|103
|
|move|p1a: Keldeo|Scald|p2a: Clefable
|-damage|p2a: Clefable|80\/394
|move|p2a: Clefable|Wish|p2a: Clefable
|
|-heal|p2a: Clefable|104\/394|[from] item: Leftovers
|turn|104
|
|move|p2a: Clefable|Protect|p2a: Clefable
|-singleturn|p2a: Clefable|Protect
|move|p1a: Keldeo|Scald|p2a: Clefable
|-activate|p2a: Clefable|Protect
|
|-heal|p2a: Clefable|301\/394|[from] move: Wish|[wisher] Clefable
|-heal|p2a: Clefable|325\/394|[from] item: Leftovers
|turn|105
|c|âSwaggBoii|amoogoose should survive
|
|move|p1a: Keldeo|Scald|p2a: Clefable
|-damage|p2a: Clefable|165\/394
|move|p2a: Clefable|Aromatherapy|p2a: Clefable
|-cureteam|p2a: Clefable|[from] move: Aromatherapy
|
|-heal|p2a: Clefable|189\/394|[from] item: Leftovers
|turn|106
|
|move|p1a: Keldeo|Scald|p2a: Clefable
|-damage|p2a: Clefable|32\/394
|move|p2a: Clefable|Wish|p2a: Clefable
|
|-heal|p2a: Clefable|56\/394|[from] item: Leftovers
|turn|107
|c|âSwaggBoii|no burns
|c|âCurtainFall|i wish it would burn!
|
|move|p2a: Clefable|Protect|p2a: Clefable
|-singleturn|p2a: Clefable|Protect
|move|p1a: Keldeo|Scald|p2a: Clefable
|-activate|p2a: Clefable|Protect
|
|-heal|p2a: Clefable|253\/394|[from] move: Wish|[wisher] Clefable
|-heal|p2a: Clefable|277\/394|[from] item: Leftovers
|turn|108
|c|âCurtainFall|i need clefable to die beforre it runs out of wishes
|
|move|p1a: Keldeo|Scald|p2a: Clefable
|-damage|p2a: Clefable|106\/394
|move|p2a: Clefable|Aromatherapy|p2a: Clefable
|-cureteam|p2a: Clefable|[from] move: Aromatherapy
|
|-heal|p2a: Clefable|130\/394|[from] item: Leftovers
|turn|109
|
|move|p2a: Clefable|Protect|p2a: Clefable
|-singleturn|p2a: Clefable|Protect
|move|p1a: Keldeo|Scald|p2a: Clefable
|-activate|p2a: Clefable|Protect
|
|-heal|p2a: Clefable|154\/394|[from] item: Leftovers
|turn|110
|c|âCurtainFall|i could have screwed this up
|c|âCurtainFall|lol
|
|move|p1a: Keldeo|Scald|p2a: Clefable
|-damage|p2a: Clefable|0 fnt
|faint|p2a: Clefable
|
|c|âCurtainFall|oops
|c|âSwaggBoii|nah yu won
|
|switch|p2a: Amoonguss|Amoonguss, M|148\/432
|turn|111
|c|âSwaggBoii|im not killing
|
|move|p1a: Keldeo|Scald|p2a: Amoonguss
|-crit|p2a: Amoonguss
|-resisted|p2a: Amoonguss
|-damage|p2a: Amoonguss|19\/432
|move|p2a: Amoonguss|Spore|p1a: Keldeo
|-status|p1a: Keldeo|slp
|
|turn|112
|c|âSwaggBoii|ohh
|c|âCurtainFall|FUCK!
|
|cant|p1a: Keldeo|slp
|move|p2a: Amoonguss|Giga Drain|p1a: Keldeo
|-supereffective|p1a: Keldeo
|-damage|p1a: Keldeo|111\/323 slp
|-heal|p2a: Amoonguss|95\/432|[from] drain|[of] p1a: Keldeo
|
|turn|113
|c|âSwaggBoii|wake up
|
|cant|p1a: Keldeo|slp
|move|p2a: Amoonguss|Giga Drain|p1a: Keldeo
|-supereffective|p1a: Keldeo
|-damage|p1a: Keldeo|0 fnt
|-heal|p2a: Amoonguss|151\/432|[from] drain|[of] p1a: Keldeo
|faint|p1a: Keldeo
|
|win|CurtainFall
|raw|Ladder updating...
|c|âCurtainFall|OMFG!
|c|âSwaggBoii|gg
|c|âCurtainFall|WHAT A GAME
|raw|SwaggBoii's rating: 1623 &rarr; <strong>1597<\/strong><br \/>(-26 for losing)
|raw|CurtainFall's rating: 1517 &rarr; <strong>1543<\/strong><br \/>(+26 for winning)
|c|âCurtainFall|GG