|join|Angelikoki
|join|ManuelEnciso123
|player|p1|Angelikoki|196
|player|p2|ManuelEnciso123|265
|gametype|singles
|gen|6
|tier|OU
|clearpoke
|poke|p1|Gengar, F
|poke|p1|Ninetales, M
|poke|p1|Chansey, F
|poke|p1|Sylveon, M
|poke|p1|Arcanine, F
|poke|p1|Cloyster, M
|poke|p2|Clefable, M
|poke|p2|Scolipede, F
|poke|p2|Blissey, F
|poke|p2|Espeon, F
|poke|p2|Sableye, F
|poke|p2|Quagsire, M
|rule|Swagger Clause: Swagger is banned
|rule|Baton Pass Clause: Limit one PokÃ©mon knowing Baton Pass
|rule|Sleep Clause Mod: Limit one foe put to sleep
|rule|Species Clause: Limit one of each PokÃ©mon
|rule|OHKO Clause: OHKO moves are banned
|rule|Moody Clause: Moody is banned
|rule|Evasion Moves Clause: Evasion moves are banned
|rule|Endless Battle Clause: Forcing endless battles is banned
|rule|HP Percentage Mod: HP is shown in percentages
|teampreview
|c|âAngelikoki|pense que te habia enviado a ti xd
|
|start
|switch|p1a: Gengar|Gengar, F|262\/262
|switch|p2a: Scolipede|Scolipede, F|324\/324
|turn|1
|c|âManuelEnciso123|Jajaja
|
|move|p2a: Scolipede|Protect|p2a: Scolipede
|-singleturn|p2a: Scolipede|Protect
|move|p1a: Gengar|Dark Pulse|p2a: Scolipede
|-activate|p2a: Scolipede|Protect
|
|-boost|p2a: Scolipede|spe|1|[from] ability: Speed Boost
|turn|2
|c|âAngelikoki|y le envie a alguein mas
|
|move|p2a: Scolipede|Substitute|p2a: Scolipede
|-start|p2a: Scolipede|Substitute
|-damage|p2a: Scolipede|243\/324
|move|p1a: Gengar|Dark Pulse|p2a: Scolipede
|-end|p2a: Scolipede|Substitute
|
|-heal|p2a: Scolipede|263\/324|[from] item: Leftovers
|-boost|p2a: Scolipede|spe|1|[from] ability: Speed Boost
|turn|3
|
|move|p2a: Scolipede|Protect|p2a: Scolipede
|-singleturn|p2a: Scolipede|Protect
|move|p1a: Gengar|Dark Pulse|p2a: Scolipede
|-activate|p2a: Scolipede|Protect
|
|-heal|p2a: Scolipede|283\/324|[from] item: Leftovers
|-boost|p2a: Scolipede|spe|1|[from] ability: Speed Boost
|turn|4
|
|move|p2a: Scolipede|Baton Pass|p2a: Scolipede
|
|switch|p2a: Blissey|Blissey, F|714\/714
|move|p1a: Gengar|Dark Pulse|p2a: Blissey
|-damage|p2a: Blissey|638\/714
|
|-heal|p2a: Blissey|682\/714|[from] item: Leftovers
|turn|5
|
|move|p2a: Blissey|Calm Mind|p2a: Blissey
|-boost|p2a: Blissey|spa|1
|-boost|p2a: Blissey|spd|1
|move|p1a: Gengar|Clear Smog|p2a: Blissey
|-damage|p2a: Blissey|639\/714
|-clearboost|p2a: Blissey
|
|-heal|p2a: Blissey|683\/714|[from] item: Leftovers
|turn|6
|
|move|p1a: Gengar|Shadow Ball|p2a: Blissey
|-immune|p2a: Blissey|[msg]
|move|p2a: Blissey|Flamethrower|p1a: Gengar
|-damage|p1a: Gengar|165\/262
|-status|p1a: Gengar|brn
|
|-heal|p1a: Gengar|181\/262 brn|[from] item: Black Sludge
|-heal|p2a: Blissey|714\/714|[from] item: Leftovers
|-damage|p1a: Gengar|149\/262 brn|[from] brn
|turn|7
|c|âAngelikoki|se me olvido que es tipo normal xd
|
|move|p1a: Gengar|Focus Blast|p2a: Blissey|[miss]
|-miss|p1a: Gengar|p2a: Blissey
|move|p2a: Blissey|Thunderbolt|p1a: Gengar
|-damage|p1a: Gengar|51\/262 brn
|
|-heal|p1a: Gengar|67\/262 brn|[from] item: Black Sludge
|-damage|p1a: Gengar|35\/262 brn|[from] brn
|turn|8
|c|âManuelEnciso123|xD
|
|move|p1a: Gengar|Focus Blast|p2a: Blissey
|-supereffective|p2a: Blissey
|-damage|p2a: Blissey|510\/714
|move|p2a: Blissey|Thunderbolt|p1a: Gengar
|-damage|p1a: Gengar|0 fnt
|faint|p1a: Gengar
|
|-heal|p2a: Blissey|554\/714|[from] item: Leftovers
|
|switch|p1a: Chansey|Chansey, F|704\/704
|turn|9
|
|switch|p2a: Scolipede|Scolipede, F|283\/324
|move|p1a: Chansey|Toxic|p2a: Scolipede
|-fail|p2a: Scolipede
|
|-heal|p2a: Scolipede|303\/324|[from] item: Leftovers
|turn|10
|
|move|p2a: Scolipede|Substitute|p2a: Scolipede
|-start|p2a: Scolipede|Substitute
|-damage|p2a: Scolipede|222\/324
|move|p1a: Chansey|Stealth Rock|p2a: Scolipede
|-sidestart|p2: ManuelEnciso123|move: Stealth Rock
|
|-heal|p2a: Scolipede|242\/324|[from] item: Leftovers
|-boost|p2a: Scolipede|spe|1|[from] ability: Speed Boost
|turn|11
|
|move|p2a: Scolipede|Iron Defense|p2a: Scolipede
|-boost|p2a: Scolipede|def|2
|move|p1a: Chansey|Seismic Toss|p2a: Scolipede
|-end|p2a: Scolipede|Substitute
|
|-heal|p2a: Scolipede|262\/324|[from] item: Leftovers
|-boost|p2a: Scolipede|spe|1|[from] ability: Speed Boost
|turn|12
|
|move|p2a: Scolipede|Iron Defense|p2a: Scolipede
|-boost|p2a: Scolipede|def|2
|move|p1a: Chansey|Seismic Toss|p2a: Scolipede
|-damage|p2a: Scolipede|162\/324
|
|-heal|p2a: Scolipede|182\/324|[from] item: Leftovers
|-boost|p2a: Scolipede|spe|1|[from] ability: Speed Boost
|turn|13
|
|move|p2a: Scolipede|Protect|p2a: Scolipede
|-singleturn|p2a: Scolipede|Protect
|move|p1a: Chansey|Seismic Toss|p2a: Scolipede
|-activate|p2a: Scolipede|Protect
|
|-heal|p2a: Scolipede|202\/324|[from] item: Leftovers
|-boost|p2a: Scolipede|spe|1|[from] ability: Speed Boost
|turn|14
|
|move|p2a: Scolipede|Iron Defense|p2a: Scolipede
|-boost|p2a: Scolipede|def|2
|move|p1a: Chansey|Seismic Toss|p2a: Scolipede
|-damage|p2a: Scolipede|102\/324
|
|-heal|p2a: Scolipede|122\/324|[from] item: Leftovers
|-boost|p2a: Scolipede|spe|1|[from] ability: Speed Boost
|turn|15
|
|move|p2a: Scolipede|Protect|p2a: Scolipede
|-singleturn|p2a: Scolipede|Protect
|move|p1a: Chansey|Seismic Toss|p2a: Scolipede
|-activate|p2a: Scolipede|Protect
|
|-heal|p2a: Scolipede|142\/324|[from] item: Leftovers
|-boost|p2a: Scolipede|spe|1|[from] ability: Speed Boost
|turn|16
|
|move|p2a: Scolipede|Baton Pass|p2a: Scolipede
|
|switch|p2a: Espeon|Espeon, F|334\/334
|-damage|p2a: Espeon|293\/334|[from] Stealth Rock
|move|p1a: Chansey|Seismic Toss|p2a: Espeon
|-damage|p2a: Espeon|193\/334
|
|-heal|p2a: Espeon|213\/334|[from] item: Leftovers
|turn|17
|
|move|p2a: Espeon|Calm Mind|p2a: Espeon
|-boost|p2a: Espeon|spa|1
|-boost|p2a: Espeon|spd|1
|move|p1a: Chansey|Seismic Toss|p2a: Espeon
|-damage|p2a: Espeon|113\/334
|
|-heal|p2a: Espeon|133\/334|[from] item: Leftovers
|turn|18
|
|move|p2a: Espeon|Morning Sun|p2a: Espeon
|-heal|p2a: Espeon|300\/334
|move|p1a: Chansey|Seismic Toss|p2a: Espeon
|-damage|p2a: Espeon|200\/334
|
|-heal|p2a: Espeon|220\/334|[from] item: Leftovers
|turn|19
|
|move|p2a: Espeon|Calm Mind|p2a: Espeon
|-boost|p2a: Espeon|spa|1
|-boost|p2a: Espeon|spd|1
|move|p1a: Chansey|Seismic Toss|p2a: Espeon
|-damage|p2a: Espeon|120\/334
|
|-heal|p2a: Espeon|140\/334|[from] item: Leftovers
|turn|20
|c|âManuelEnciso123|Es mi team maldito xD solo con criticos pueden ganarle
|
|move|p2a: Espeon|Morning Sun|p2a: Espeon
|-heal|p2a: Espeon|307\/334
|move|p1a: Chansey|Seismic Toss|p2a: Espeon
|-damage|p2a: Espeon|207\/334
|
|-heal|p2a: Espeon|227\/334|[from] item: Leftovers
|turn|21
|
|move|p2a: Espeon|Calm Mind|p2a: Espeon
|-boost|p2a: Espeon|spa|1
|-boost|p2a: Espeon|spd|1
|move|p1a: Chansey|Seismic Toss|p2a: Espeon
|-damage|p2a: Espeon|127\/334
|
|-heal|p2a: Espeon|147\/334|[from] item: Leftovers
|turn|22
|
|move|p2a: Espeon|Morning Sun|p2a: Espeon
|-heal|p2a: Espeon|314\/334
|move|p1a: Chansey|Seismic Toss|p2a: Espeon
|-damage|p2a: Espeon|214\/334
|
|-heal|p2a: Espeon|234\/334|[from] item: Leftovers
|turn|23
|c|âAngelikoki|imagino que espeon tiene magic bounce
|
|move|p2a: Espeon|Stored Power|p1a: Chansey
|-damage|p1a: Chansey|0 fnt
|faint|p1a: Chansey
|
|-heal|p2a: Espeon|254\/334|[from] item: Leftovers
|
|switch|p1a: Sylveon|Sylveon, M|394\/394
|turn|24
|c|âManuelEnciso123|Espeon que se respeta tiene magic bounce.
|
|move|p2a: Espeon|Stored Power|p1a: Sylveon
|-damage|p1a: Sylveon|0 fnt
|faint|p1a: Sylveon
|
|-heal|p2a: Espeon|274\/334|[from] item: Leftovers
|
|switch|p1a: Arcanine|Arcanine, F|384\/384
|turn|25
|
|move|p2a: Espeon|Stored Power|p1a: Arcanine
|-damage|p1a: Arcanine|0 fnt
|faint|p1a: Arcanine
|
|-heal|p2a: Espeon|294\/334|[from] item: Leftovers
|
|switch|p1a: Cloyster|Cloyster, M|241\/241
|turn|26
|
|move|p2a: Espeon|Stored Power|p1a: Cloyster
|-damage|p1a: Cloyster|0 fnt
|faint|p1a: Cloyster
|
|-heal|p2a: Espeon|314\/334|[from] item: Leftovers
|
|switch|p1a: Ninetales|Ninetales, M|350\/350
|-weather|SunnyDay
|turn|27
|c|âManuelEnciso123|no sash :o
|
|move|p2a: Espeon|Stored Power|p1a: Ninetales
|-damage|p1a: Ninetales|0 fnt
|faint|p1a: Ninetales
|
|win|ManuelEnciso123
|c|âAngelikoki|ganaste xd
|leave|Angelikoki
|player|p1