|join|riptor
|join|ManuelEnciso123
|player|p1|riptor|209
|player|p2|ManuelEnciso123|33
|gametype|singles
|gen|6
|tier|OU
|rated
|clearpoke
|poke|p1|Scolipede, F
|poke|p1|Chansey, F
|poke|p1|Skarmory, F
|poke|p1|Bisharp, M
|poke|p1|Pinsir, M
|poke|p1|Jirachi
|poke|p2|Sylveon, M
|poke|p2|Conkeldurr, F
|poke|p2|Slowbro, M
|poke|p2|Charizard, M
|poke|p2|Crobat, F
|poke|p2|Meowstic, M
|rule|Swagger Clause: Swagger is banned
|rule|Baton Pass Clause: Limit one PokÃ©mon knowing Baton Pass
|rule|Sleep Clause Mod: Limit one foe put to sleep
|rule|Species Clause: Limit one of each PokÃ©mon
|rule|OHKO Clause: OHKO moves are banned
|rule|Moody Clause: Moody is banned
|rule|Evasion Moves Clause: Evasion moves are banned
|rule|Endless Battle Clause: Forcing endless battles is banned
|rule|HP Percentage Mod: HP is shown in percentages
|teampreview
|
|start
|switch|p1a: Scolipede|Scolipede, F|262\/262
|switch|p2a: Crobat|Crobat, F|311\/311
|turn|1
|
|move|p2a: Crobat|Acrobatics|p1a: Scolipede
|-supereffective|p1a: Scolipede
|-enditem|p1a: Scolipede|Focus Sash
|-damage|p1a: Scolipede|1\/262
|move|p1a: Scolipede|Toxic Spikes|p2a: Crobat
|-sidestart|p2: ManuelEnciso123|move: Toxic Spikes
|
|-boost|p1a: Scolipede|spe|1|[from] ability: Speed Boost
|turn|2
|
|switch|p1a: Skarmory|Skarmory, F|334\/334
|move|p2a: Crobat|Defog|p1a: Skarmory
|-unboost|p1a: Skarmory|evasion|1
|-sideend|p2: ManuelEnciso123|Toxic Spikes|[from] move: Defog|[of] p2a: Crobat
|
|turn|3
|
|switch|p2a: Charizard|Charizard, M|360\/360
|move|p1a: Skarmory|Stealth Rock|p2a: Charizard
|-sidestart|p2: ManuelEnciso123|move: Stealth Rock
|
|turn|4
|
|switch|p1a: Scolipede|Scolipede, F|1\/262
|detailschange|p2a: Charizard|Charizard-Mega-Y, M
|message|Charizard has Mega Evolved into Mega Charizard!
|-weather|SunnyDay
|move|p2a: Charizard|Fire Blast|p1a: Scolipede
|-supereffective|p1a: Scolipede
|-damage|p1a: Scolipede|0 fnt
|faint|p1a: Scolipede
|
|-weather|SunnyDay|[upkeep]
|
|switch|p1a: Chansey|Chansey, F|704\/704
|turn|5
|
|move|p2a: Charizard|Fire Blast|p1a: Chansey
|-damage|p1a: Chansey|485\/704
|move|p1a: Chansey|Thunder Wave|p2a: Charizard
|-status|p2a: Charizard|par
|
|-weather|SunnyDay|[upkeep]
|turn|6
|
|switch|p2a: Sylveon|Sylveon, M|394\/394
|-damage|p2a: Sylveon|345\/394|[from] Stealth Rock
|move|p1a: Chansey|Seismic Toss|p2a: Sylveon
|-damage|p2a: Sylveon|245\/394
|
|-weather|SunnyDay|[upkeep]
|-heal|p2a: Sylveon|269\/394|[from] item: Leftovers
|turn|7
|
|move|p2a: Sylveon|Wish|p2a: Sylveon
|move|p1a: Chansey|Thunder Wave|p2a: Sylveon
|-status|p2a: Sylveon|par
|
|-weather|SunnyDay|[upkeep]
|-heal|p2a: Sylveon|293\/394 par|[from] item: Leftovers
|turn|8
|
|move|p1a: Chansey|Thunder Wave|p2a: Sylveon
|-fail|p2a: Sylveon|par
|move|p2a: Sylveon|Heal Bell|p2a: Sylveon
|-cureteam|p2a: Sylveon|[from] move: HealBell
|
|-weather|none
|-heal|p2a: Sylveon|394\/394|[from] move: Wish|[wisher] Sylveon
|turn|9
|
|switch|p2a: Conkeldurr|Conkeldurr, F|414\/414
|-damage|p2a: Conkeldurr|389\/414|[from] Stealth Rock
|move|p1a: Chansey|Thunder Wave|p2a: Conkeldurr
|-status|p2a: Conkeldurr|par
|
|-heal|p2a: Conkeldurr|414\/414 par|[from] item: Leftovers
|turn|10
|
|switch|p1a: Pinsir|Pinsir, M|272\/272
|cant|p2a: Conkeldurr|par
|
|turn|11
|
|switch|p2a: Slowbro|Slowbro, M|394\/394
|-damage|p2a: Slowbro|345\/394|[from] Stealth Rock
|detailschange|p1a: Pinsir|Pinsir-Mega, M
|message|Pinsir has Mega Evolved into Mega Pinsir!
|move|p1a: Pinsir|Frustration|p2a: Slowbro
|-damage|p2a: Slowbro|147\/394
|
|-heal|p2a: Slowbro|171\/394|[from] item: Leftovers
|turn|12
|
|switch|p2a: Meowstic|Meowstic, M|352\/352
|-damage|p2a: Meowstic|308\/352|[from] Stealth Rock
|move|p1a: Pinsir|Frustration|p2a: Meowstic
|-damage|p2a: Meowstic|68\/352
|
|turn|13
|
|move|p1a: Pinsir|Quick Attack|p2a: Meowstic
|-damage|p2a: Meowstic|0 fnt
|faint|p2a: Meowstic
|
|
|switch|p2a: Slowbro|Slowbro, M|302\/394
|-damage|p2a: Slowbro|253\/394|[from] Stealth Rock
|turn|14
|
|move|p1a: Pinsir|Swords Dance|p1a: Pinsir
|-boost|p1a: Pinsir|atk|2
|move|p2a: Slowbro|Fire Blast|p1a: Pinsir|[miss]
|-miss|p2a: Slowbro|p1a: Pinsir
|
|-heal|p2a: Slowbro|277\/394|[from] item: Leftovers
|turn|15
|-message|ManuelEnciso123 forfeited.
|
|win|riptor
|raw|Ladder updating...
|leave|ManuelEnciso123
|player|p2
|raw|riptor's rating: 1525 &rarr; <strong>1545<\/strong><br \/>(+20 for winning)
|raw|ManuelEnciso123's rating: 1536 &rarr; <strong>1516<\/strong><br \/>(-20 for losing)
|c|âriptor|so noob