|join|ManuelEnciso123
|join|LT7X Jacob
|player|p1|ManuelEnciso123|170
|player|p2|LT7X Jacob|287
|gametype|singles
|gen|6
|tier|OU
|rated
|clearpoke
|poke|p1|Scolipede, F
|poke|p1|Dusknoir, F
|poke|p1|Conkeldurr, F
|poke|p1|Sylveon, F
|poke|p1|Probopass, M
|poke|p1|Charizard, M
|poke|p2|Charizard, M
|poke|p2|Cresselia, F
|poke|p2|Amoonguss, F
|poke|p2|Mandibuzz, F
|poke|p2|Doublade, F
|poke|p2|Blissey, F
|rule|Swagger Clause: Swagger is banned
|rule|Baton Pass Clause: Limit one PokÃ©mon knowing Baton Pass
|rule|Sleep Clause Mod: Limit one foe put to sleep
|rule|Species Clause: Limit one of each PokÃ©mon
|rule|OHKO Clause: OHKO moves are banned
|rule|Moody Clause: Moody is banned
|rule|Evasion Moves Clause: Evasion moves are banned
|rule|Endless Battle Clause: Forcing endless battles is banned
|rule|HP Percentage Mod: HP is shown in percentages
|teampreview
|c|âLT7X Jacob|hf
|
|start
|switch|p1a: Scolipede|Scolipede, F|324\/324
|switch|p2a: Blissey|Blissey, F|714\/714
|turn|1
|
|move|p1a: Scolipede|Substitute|p1a: Scolipede
|-start|p1a: Scolipede|Substitute
|-damage|p1a: Scolipede|243\/324
|move|p2a: Blissey|Stealth Rock|p1a: Scolipede
|-sidestart|p1: ManuelEnciso123|move: Stealth Rock
|
|-heal|p1a: Scolipede|263\/324|[from] item: Leftovers
|-boost|p1a: Scolipede|spe|1|[from] ability: Speed Boost
|turn|2
|
|move|p1a: Scolipede|Swords Dance|p1a: Scolipede
|-boost|p1a: Scolipede|atk|2
|move|p2a: Blissey|Seismic Toss|p1a: Scolipede
|-end|p1a: Scolipede|Substitute
|
|-heal|p1a: Scolipede|283\/324|[from] item: Leftovers
|-boost|p1a: Scolipede|spe|1|[from] ability: Speed Boost
|turn|3
|
|switch|p2a: Amoonguss|Amoonguss, F|431\/431
|move|p1a: Scolipede|Protect|p1a: Scolipede
|-fail|p1a: Scolipede
|
|-heal|p1a: Scolipede|303\/324|[from] item: Leftovers
|-boost|p1a: Scolipede|spe|1|[from] ability: Speed Boost
|turn|4
|
|move|p1a: Scolipede|Substitute|p1a: Scolipede
|-start|p1a: Scolipede|Substitute
|-damage|p1a: Scolipede|222\/324
|move|p2a: Amoonguss|Hidden Power|p1a: Scolipede
|-supereffective|p1a: Scolipede
|-end|p1a: Scolipede|Substitute
|
|-heal|p1a: Scolipede|242\/324|[from] item: Leftovers
|-boost|p1a: Scolipede|spe|1|[from] ability: Speed Boost
|turn|5
|
|move|p1a: Scolipede|Protect|p1a: Scolipede
|-singleturn|p1a: Scolipede|Protect
|move|p2a: Amoonguss|Clear Smog|p1a: Scolipede
|-activate|p1a: Scolipede|Protect
|
|-heal|p1a: Scolipede|262\/324|[from] item: Leftovers
|-boost|p1a: Scolipede|spe|1|[from] ability: Speed Boost
|turn|6
|
|move|p1a: Scolipede|Substitute|p1a: Scolipede
|-start|p1a: Scolipede|Substitute
|-damage|p1a: Scolipede|181\/324
|move|p2a: Amoonguss|Hidden Power|p1a: Scolipede
|-supereffective|p1a: Scolipede
|-end|p1a: Scolipede|Substitute
|
|-heal|p1a: Scolipede|201\/324|[from] item: Leftovers
|-boost|p1a: Scolipede|spe|1|[from] ability: Speed Boost
|turn|7
|
|move|p1a: Scolipede|Protect|p1a: Scolipede
|-singleturn|p1a: Scolipede|Protect
|move|p2a: Amoonguss|Clear Smog|p1a: Scolipede
|-activate|p1a: Scolipede|Protect
|
|-heal|p1a: Scolipede|221\/324|[from] item: Leftovers
|turn|8
|
|move|p1a: Scolipede|Substitute|p1a: Scolipede
|-start|p1a: Scolipede|Substitute
|-damage|p1a: Scolipede|140\/324
|move|p2a: Amoonguss|Hidden Power|p1a: Scolipede
|-crit|p1a: Scolipede
|-supereffective|p1a: Scolipede
|-end|p1a: Scolipede|Substitute
|
|-heal|p1a: Scolipede|160\/324|[from] item: Leftovers
|turn|9
|
|move|p1a: Scolipede|Substitute|p1a: Scolipede
|-start|p1a: Scolipede|Substitute
|-damage|p1a: Scolipede|79\/324
|move|p2a: Amoonguss|Hidden Power|p1a: Scolipede
|-supereffective|p1a: Scolipede
|-end|p1a: Scolipede|Substitute
|
|-heal|p1a: Scolipede|99\/324|[from] item: Leftovers
|turn|10
|
|move|p1a: Scolipede|Protect|p1a: Scolipede
|-singleturn|p1a: Scolipede|Protect
|move|p2a: Amoonguss|Hidden Power|p1a: Scolipede
|-activate|p1a: Scolipede|Protect
|
|-heal|p1a: Scolipede|119\/324|[from] item: Leftovers
|turn|11
|
|move|p1a: Scolipede|Protect|p1a: Scolipede
|-singleturn|p1a: Scolipede|Protect
|move|p2a: Amoonguss|Clear Smog|p1a: Scolipede
|-activate|p1a: Scolipede|Protect
|
|-heal|p1a: Scolipede|139\/324|[from] item: Leftovers
|turn|12
|
|move|p1a: Scolipede|Substitute|p1a: Scolipede
|-start|p1a: Scolipede|Substitute
|-damage|p1a: Scolipede|58\/324
|move|p2a: Amoonguss|Hidden Power|p1a: Scolipede
|-supereffective|p1a: Scolipede
|-end|p1a: Scolipede|Substitute
|
|-heal|p1a: Scolipede|78\/324|[from] item: Leftovers
|turn|13
|
|move|p1a: Scolipede|Protect|p1a: Scolipede
|-singleturn|p1a: Scolipede|Protect
|move|p2a: Amoonguss|Spore|p1a: Scolipede
|-activate|p1a: Scolipede|Protect
|
|-heal|p1a: Scolipede|98\/324|[from] item: Leftovers
|turn|14
|
|move|p1a: Scolipede|Baton Pass|p1a: Scolipede
|
|switch|p1a: Conkeldurr|Conkeldurr, F|414\/414
|-damage|p1a: Conkeldurr|389\/414|[from] Stealth Rock
|move|p2a: Amoonguss|Hidden Power|p1a: Conkeldurr
|-damage|p1a: Conkeldurr|349\/414
|
|turn|15
|
|move|p1a: Conkeldurr|Ice Punch|p2a: Amoonguss
|-supereffective|p2a: Amoonguss
|-damage|p2a: Amoonguss|79\/431
|move|p2a: Amoonguss|Clear Smog|p1a: Conkeldurr
|-damage|p1a: Conkeldurr|298\/414
|-clearboost|p1a: Conkeldurr
|
|-heal|p2a: Amoonguss|105\/431|[from] item: Black Sludge
|turn|16
|
|switch|p2a: Charizard|Charizard, M|359\/359
|move|p1a: Conkeldurr|Knock Off|p2a: Charizard
|-damage|p2a: Charizard|275\/359
|
|turn|17
|c|âLT7X Jacob|good try tho
|
|switch|p1a: Probopass|Probopass, M|324\/324
|-damage|p1a: Probopass|304\/324|[from] Stealth Rock
|detailschange|p2a: Charizard|Charizard-Mega-X, M
|message|Charizard has Mega Evolved into Mega Charizard!
|move|p2a: Charizard|Dragon Claw|p1a: Probopass
|-resisted|p1a: Probopass
|-damage|p1a: Probopass|250\/324
|
|-heal|p1a: Probopass|270\/324|[from] item: Leftovers
|turn|18
|
|move|p2a: Charizard|Earthquake|p1a: Probopass
|-supereffective|p1a: Probopass
|-damage|p1a: Probopass|0 fnt
|faint|p1a: Probopass
|
|-message|ManuelEnciso123 forfeited.
|
|win|LT7X Jacob
|raw|Ladder updating...
|leave|ManuelEnciso123
|player|p1
|raw|ManuelEnciso123's rating: 1538 &rarr; <strong>1521<\/strong><br \/>(-17 for losing)
|raw|LT7X Jacob's rating: 1583 &rarr; <strong>1600<\/strong><br \/>(+17 for winning)