|join|gyzo
|join|ManuelEnciso123
|player|p1|gyzo|87
|player|p2|ManuelEnciso123|2
|gametype|singles
|gen|6
|tier|OU
|rated
|clearpoke
|poke|p1|Tyranitar, M
|poke|p1|Garchomp, M
|poke|p1|Gengar, M
|poke|p1|Aggron, M
|poke|p1|Salamence, M
|poke|p1|Chansey, F
|poke|p2|Charizard, F
|poke|p2|Sylveon, F
|poke|p2|Scolipede, M
|poke|p2|Crobat, F
|poke|p2|Conkeldurr, F
|poke|p2|Slowbro, F
|rule|Swagger Clause: Swagger is banned
|rule|Baton Pass Clause: Limit one PokÃ©mon knowing Baton Pass
|rule|Sleep Clause Mod: Limit one foe put to sleep
|rule|Species Clause: Limit one of each PokÃ©mon
|rule|OHKO Clause: OHKO moves are banned
|rule|Moody Clause: Moody is banned
|rule|Evasion Moves Clause: Evasion moves are banned
|rule|Endless Battle Clause: Forcing endless battles is banned
|rule|HP Percentage Mod: HP is shown in percentages
|teampreview
|
|start
|switch|p1a: Tyranitar|Tyranitar, M|341\/341
|switch|p2a: Scolipede|Scolipede, M|324\/324
|-weather|Sandstorm
|turn|1
|
|move|p2a: Scolipede|Protect|p2a: Scolipede
|-singleturn|p2a: Scolipede|Protect
|move|p1a: Tyranitar|Stealth Rock|p2a: Scolipede
|-sidestart|p2: ManuelEnciso123|move: Stealth Rock
|
|-weather|Sandstorm|[upkeep]
|-damage|p2a: Scolipede|304\/324|[from] sandstorm
|-heal|p2a: Scolipede|324\/324|[from] item: Leftovers
|-boost|p2a: Scolipede|spe|1|[from] ability: Speed Boost
|turn|2
|
|move|p2a: Scolipede|Baton Pass|p2a: Scolipede
|
|switch|p2a: Conkeldurr|Conkeldurr, F|414\/414
|-damage|p2a: Conkeldurr|389\/414|[from] Stealth Rock
|move|p1a: Tyranitar|Stone Edge|p2a: Conkeldurr
|-resisted|p2a: Conkeldurr
|-damage|p2a: Conkeldurr|284\/414
|
|-weather|Sandstorm|[upkeep]
|-damage|p2a: Conkeldurr|259\/414|[from] sandstorm
|-heal|p2a: Conkeldurr|284\/414|[from] item: Leftovers
|turn|3
|
|move|p2a: Conkeldurr|Ice Punch|p1a: Tyranitar
|-damage|p1a: Tyranitar|222\/341
|move|p1a: Tyranitar|Earthquake|p2a: Conkeldurr
|-damage|p2a: Conkeldurr|135\/414
|
|-weather|Sandstorm|[upkeep]
|-damage|p2a: Conkeldurr|110\/414|[from] sandstorm
|-heal|p2a: Conkeldurr|135\/414|[from] item: Leftovers
|turn|4
|
|switch|p1a: Garchomp|Garchomp, M|358\/358
|move|p2a: Conkeldurr|Drain Punch|p1a: Garchomp
|-damage|p1a: Garchomp|172\/358
|-heal|p2a: Conkeldurr|228\/414|[from] drain|[of] p1a: Garchomp
|-damage|p2a: Conkeldurr|177\/414|[from] ability: Rough Skin|[of] p1a: Garchomp
|
|-weather|Sandstorm|[upkeep]
|-damage|p2a: Conkeldurr|152\/414|[from] sandstorm
|-heal|p2a: Conkeldurr|177\/414|[from] item: Leftovers
|turn|5
|
|switch|p2a: Charizard|Charizard, F|360\/360
|-damage|p2a: Charizard|180\/360|[from] Stealth Rock
|move|p1a: Garchomp|Earthquake|p2a: Charizard
|-immune|p2a: Charizard|[msg]
|
|-weather|none
|turn|6
|
|switch|p1a: Chansey|Chansey, F|704\/704
|detailschange|p2a: Charizard|Charizard-Mega-Y, F
|message|Charizard has Mega Evolved into Mega Charizard!
|-weather|SunnyDay
|move|p2a: Charizard|Air Slash|p1a: Chansey
|-damage|p1a: Chansey|599\/704
|
|-weather|SunnyDay|[upkeep]
|turn|7
|
|move|p2a: Charizard|Fire Blast|p1a: Chansey
|-damage|p1a: Chansey|380\/704
|move|p1a: Chansey|Toxic|p2a: Charizard
|-status|p2a: Charizard|tox
|
|-weather|SunnyDay|[upkeep]
|-damage|p2a: Charizard|158\/360 tox|[from] psn
|turn|8
|
|move|p2a: Charizard|Fire Blast|p1a: Chansey
|-damage|p1a: Chansey|146\/704
|move|p1a: Chansey|Wish|p1a: Chansey
|
|-weather|SunnyDay|[upkeep]
|-damage|p2a: Charizard|114\/360 tox|[from] psn
|turn|9
|
|move|p2a: Charizard|Fire Blast|p1a: Chansey
|-damage|p1a: Chansey|0 fnt
|faint|p1a: Chansey
|
|-weather|SunnyDay|[upkeep]
|-damage|p2a: Charizard|48\/360 tox|[from] psn
|
|switch|p1a: Gengar|Gengar, M|262\/262
|turn|10
|
|move|p1a: Gengar|Shadow Ball|p2a: Charizard
|-damage|p2a: Charizard|0 fnt
|faint|p2a: Charizard
|
|-weather|none
|
|switch|p2a: Scolipede|Scolipede, M|324\/324
|-damage|p2a: Scolipede|243\/324|[from] Stealth Rock
|turn|11
|
|move|p2a: Scolipede|Protect|p2a: Scolipede
|-singleturn|p2a: Scolipede|Protect
|move|p1a: Gengar|Substitute|p1a: Gengar
|-start|p1a: Gengar|Substitute
|-damage|p1a: Gengar|197\/262
|
|-heal|p1a: Gengar|213\/262|[from] item: Black Sludge
|-heal|p2a: Scolipede|263\/324|[from] item: Leftovers
|-boost|p2a: Scolipede|spe|1|[from] ability: Speed Boost
|turn|12
|
|move|p2a: Scolipede|Rock Slide|p1a: Gengar
|-end|p1a: Gengar|Substitute
|move|p1a: Gengar|Psychic|p2a: Scolipede
|-supereffective|p2a: Scolipede
|-damage|p2a: Scolipede|0 fnt
|faint|p2a: Scolipede
|
|-heal|p1a: Gengar|229\/262|[from] item: Black Sludge
|
|switch|p2a: Crobat|Crobat, F|312\/312
|-damage|p2a: Crobat|234\/312|[from] Stealth Rock
|turn|13
|
|move|p2a: Crobat|Acrobatics|p1a: Gengar
|-damage|p1a: Gengar|4\/262
|move|p1a: Gengar|Psychic|p2a: Crobat
|-supereffective|p2a: Crobat
|-damage|p2a: Crobat|0 fnt
|faint|p2a: Crobat
|
|-heal|p1a: Gengar|20\/262|[from] item: Black Sludge
|
|switch|p2a: Sylveon|Sylveon, F|394\/394
|-damage|p2a: Sylveon|345\/394|[from] Stealth Rock
|turn|14
|
|move|p1a: Gengar|Sludge Bomb|p2a: Sylveon
|-supereffective|p2a: Sylveon
|-damage|p2a: Sylveon|127\/394
|-status|p2a: Sylveon|psn
|move|p2a: Sylveon|Hyper Voice|p1a: Gengar
|-resisted|p1a: Gengar
|-damage|p1a: Gengar|0 fnt
|faint|p1a: Gengar
|
|-heal|p2a: Sylveon|151\/394 psn|[from] item: Leftovers
|-damage|p2a: Sylveon|102\/394 psn|[from] psn
|
|switch|p1a: Tyranitar|Tyranitar, M|222\/341
|-weather|Sandstorm
|turn|15
|
|move|p1a: Tyranitar|Earthquake|p2a: Sylveon
|-damage|p2a: Sylveon|0 fnt
|faint|p2a: Sylveon
|
|-weather|Sandstorm|[upkeep]
|
|switch|p2a: Conkeldurr|Conkeldurr, F|177\/414
|-damage|p2a: Conkeldurr|152\/414|[from] Stealth Rock
|turn|16
|
|move|p1a: Tyranitar|Earthquake|p2a: Conkeldurr
|-damage|p2a: Conkeldurr|18\/414
|move|p2a: Conkeldurr|Drain Punch|p1a: Tyranitar
|-supereffective|p1a: Tyranitar
|-damage|p1a: Tyranitar|0 fnt
|-heal|p2a: Conkeldurr|129\/414|[from] drain|[of] p1a: Tyranitar
|faint|p1a: Tyranitar
|
|-weather|Sandstorm|[upkeep]
|-damage|p2a: Conkeldurr|104\/414|[from] sandstorm
|-heal|p2a: Conkeldurr|129\/414|[from] item: Leftovers
|
|switch|p1a: Salamence|Salamence, M|331\/331
|turn|17
|
|move|p1a: Salamence|Outrage|p2a: Conkeldurr
|-crit|p2a: Conkeldurr
|-damage|p2a: Conkeldurr|0 fnt
|-damage|p1a: Salamence|298\/331|[from] item: Life Orb
|faint|p2a: Conkeldurr
|-boost|p1a: Salamence|atk|1|[from] ability: Moxie
|
|-weather|Sandstorm|[upkeep]
|-damage|p1a: Salamence|278\/331|[from] sandstorm
|
|switch|p2a: Slowbro|Slowbro, F|394\/394
|-damage|p2a: Slowbro|345\/394|[from] Stealth Rock
|turn|18
|
|move|p1a: Salamence|Outrage|p2a: Slowbro
|-damage|p2a: Slowbro|55\/394
|-damage|p1a: Salamence|245\/331|[from] item: Life Orb
|move|p2a: Slowbro|Calm Mind|p2a: Slowbro
|-boost|p2a: Slowbro|spa|1
|-boost|p2a: Slowbro|spd|1
|
|-weather|Sandstorm|[upkeep]
|-damage|p1a: Salamence|225\/331|[from] sandstorm
|-damage|p2a: Slowbro|31\/394|[from] sandstorm
|-heal|p2a: Slowbro|55\/394|[from] item: Leftovers
|turn|19
|-message|ManuelEnciso123 forfeited.
|
|win|gyzo
|raw|Ladder updating...
|leave|ManuelEnciso123
|player|p2
|raw|Ladder (probably) updated, but score could not be retrieved (corruption).