|join|ProudCloud
|join|ManuelEnciso123
|player|p1|ProudCloud|169
|player|p2|ManuelEnciso123|33
|gametype|singles
|gen|6
|tier|OU
|rated
|clearpoke
|poke|p1|Charizard, M
|poke|p1|Azumarill, M
|poke|p1|Thundurus-Therian, M
|poke|p1|Scizor, M
|poke|p1|Gastrodon, F
|poke|p1|Umbreon, F
|poke|p2|Chansey, F
|poke|p2|Aggron, M
|poke|p2|Crobat, M
|poke|p2|Sylveon, F
|poke|p2|Slowbro, M
|poke|p2|Conkeldurr, M
|rule|Swagger Clause: Swagger is banned
|rule|Baton Pass Clause: Limit one PokÃ©mon knowing Baton Pass
|rule|Sleep Clause Mod: Limit one foe put to sleep
|rule|Species Clause: Limit one of each PokÃ©mon
|rule|OHKO Clause: OHKO moves are banned
|rule|Moody Clause: Moody is banned
|rule|Evasion Moves Clause: Evasion moves are banned
|rule|Endless Battle Clause: Forcing endless battles is banned
|rule|HP Percentage Mod: HP is shown in percentages
|teampreview
|
|start
|switch|p1a: Charizard|Charizard, M|360\/360
|switch|p2a: Aggron|Aggron, M|344\/344
|turn|1
|
|switch|p2a: Chansey|Chansey, F|704\/704
|detailschange|p1a: Charizard|Charizard-Mega-X, M
|message|Charizard has Mega Evolved into Mega Charizard!
|move|p1a: Charizard|Will-O-Wisp|p2a: Chansey
|-status|p2a: Chansey|brn
|
|-damage|p2a: Chansey|616\/704 brn|[from] brn
|turn|2
|join|punjabi poonjabber
|join|oijo
|
|switch|p1a: Scizor|Scizor, M|344\/344
|switch|p2a: Conkeldurr|Conkeldurr, M|414\/414
|
|turn|3
|
|move|p1a: Scizor|Swords Dance|p1a: Scizor
|-boost|p1a: Scizor|atk|2
|move|p2a: Conkeldurr|Bulk Up|p2a: Conkeldurr
|-boost|p2a: Conkeldurr|atk|1
|-boost|p2a: Conkeldurr|def|1
|
|turn|4
|
|move|p1a: Scizor|Bullet Punch|p2a: Conkeldurr
|-damage|p2a: Conkeldurr|296\/414
|move|p2a: Conkeldurr|Bulk Up|p2a: Conkeldurr
|-boost|p2a: Conkeldurr|atk|1
|-boost|p2a: Conkeldurr|def|1
|
|-heal|p2a: Conkeldurr|321\/414|[from] item: Leftovers
|turn|5
|
|move|p1a: Scizor|Bug Bite|p2a: Conkeldurr
|-resisted|p2a: Conkeldurr
|-damage|p2a: Conkeldurr|255\/414
|move|p2a: Conkeldurr|Drain Punch|p1a: Scizor
|-damage|p1a: Scizor|56\/344
|-heal|p2a: Conkeldurr|399\/414|[from] drain|[of] p1a: Scizor
|
|-heal|p2a: Conkeldurr|414\/414|[from] item: Leftovers
|turn|6
|
|move|p2a: Conkeldurr|Mach Punch|p1a: Scizor
|-damage|p1a: Scizor|0 fnt
|faint|p1a: Scizor
|
|
|switch|p1a: Azumarill|Azumarill, M|404\/404
|turn|7
|
|move|p1a: Azumarill|Play Rough|p2a: Conkeldurr
|-supereffective|p2a: Conkeldurr
|-damage|p2a: Conkeldurr|274\/414
|-unboost|p2a: Conkeldurr|atk|1
|move|p2a: Conkeldurr|Drain Punch|p1a: Azumarill
|-resisted|p1a: Azumarill
|-damage|p1a: Azumarill|273\/404
|-heal|p2a: Conkeldurr|340\/414|[from] drain|[of] p1a: Azumarill
|
|-heal|p1a: Azumarill|298\/404|[from] item: Leftovers
|-heal|p2a: Conkeldurr|365\/414|[from] item: Leftovers
|turn|8
|
|move|p1a: Azumarill|Play Rough|p2a: Conkeldurr
|-supereffective|p2a: Conkeldurr
|-damage|p2a: Conkeldurr|225\/414
|move|p2a: Conkeldurr|Bulk Up|p2a: Conkeldurr
|-boost|p2a: Conkeldurr|atk|1
|-boost|p2a: Conkeldurr|def|1
|
|-heal|p1a: Azumarill|323\/404|[from] item: Leftovers
|-heal|p2a: Conkeldurr|250\/414|[from] item: Leftovers
|turn|9
|
|move|p1a: Azumarill|Knock Off|p2a: Conkeldurr
|-resisted|p2a: Conkeldurr
|-damage|p2a: Conkeldurr|230\/414
|-enditem|p2a: Conkeldurr|Leftovers|[from] move: Knock Off|[of] p1a: Azumarill
|move|p2a: Conkeldurr|Drain Punch|p1a: Azumarill
|-resisted|p1a: Azumarill
|-damage|p1a: Azumarill|165\/404
|-heal|p2a: Conkeldurr|309\/414|[from] drain|[of] p1a: Azumarill
|
|-heal|p1a: Azumarill|190\/404|[from] item: Leftovers
|turn|10
|
|move|p1a: Azumarill|Power-Up Punch|p2a: Conkeldurr
|-damage|p2a: Conkeldurr|292\/414
|-boost|p1a: Azumarill|atk|1
|move|p2a: Conkeldurr|Bulk Up|p2a: Conkeldurr
|-boost|p2a: Conkeldurr|atk|1
|-boost|p2a: Conkeldurr|def|1
|
|-heal|p1a: Azumarill|215\/404|[from] item: Leftovers
|turn|11
|
|move|p1a: Azumarill|Power-Up Punch|p2a: Conkeldurr
|-damage|p2a: Conkeldurr|270\/414
|-boost|p1a: Azumarill|atk|1
|move|p2a: Conkeldurr|Bulk Up|p2a: Conkeldurr
|-boost|p2a: Conkeldurr|atk|1
|-boost|p2a: Conkeldurr|def|1
|
|-heal|p1a: Azumarill|240\/404|[from] item: Leftovers
|turn|12
|
|move|p1a: Azumarill|Play Rough|p2a: Conkeldurr
|-supereffective|p2a: Conkeldurr
|-damage|p2a: Conkeldurr|108\/414
|move|p2a: Conkeldurr|Drain Punch|p1a: Azumarill
|-resisted|p1a: Azumarill
|-damage|p1a: Azumarill|0 fnt
|-heal|p2a: Conkeldurr|228\/414|[from] drain|[of] p1a: Azumarill
|faint|p1a: Azumarill
|
|
|switch|p1a: Thundurus-Therian|Thundurus-Therian, M|300\/300
|turn|13
|
|switch|p2a: Chansey|Chansey, F|616\/704
|move|p1a: Thundurus-Therian|Thunder|p2a: Chansey|[miss]
|-miss|p1a: Thundurus-Therian|p2a: Chansey
|
|turn|14
|leave|oijo
|
|switch|p1a: Umbreon|Umbreon, F|394\/394
|move|p2a: Chansey|Toxic|p1a: Umbreon
|-status|p1a: Umbreon|tox
|-status|p2a: Chansey|tox
|
|-damage|p1a: Umbreon|370\/394 tox|[from] psn
|-damage|p2a: Chansey|572\/704 tox|[from] psn
|turn|15
|
|switch|p1a: Charizard|Charizard-Mega-X, M|360\/360
|switch|p2a: Sylveon|Sylveon, F|394\/394
|
|turn|16
|
|move|p1a: Charizard|Will-O-Wisp|p2a: Sylveon|[miss]
|-miss|p1a: Charizard|p2a: Sylveon
|move|p2a: Sylveon|Hyper Voice|p1a: Charizard
|-damage|p1a: Charizard|200\/360
|
|turn|17
|
|move|p1a: Charizard|Earthquake|p2a: Sylveon
|-damage|p2a: Sylveon|259\/394
|move|p2a: Sylveon|Wish|p2a: Sylveon
|
|-heal|p2a: Sylveon|283\/394|[from] item: Leftovers
|turn|18
|
|switch|p2a: Conkeldurr|Conkeldurr, M|228\/414
|move|p1a: Charizard|Roost|p1a: Charizard
|-heal|p1a: Charizard|360\/360
|
|-heal|p2a: Conkeldurr|414\/414|[from] move: Wish|[wisher] Sylveon
|turn|19
|leave|punjabi poonjabber
|
|move|p2a: Conkeldurr|Bulk Up|p2a: Conkeldurr
|-boost|p2a: Conkeldurr|atk|1
|-boost|p2a: Conkeldurr|def|1
|move|p1a: Charizard|Dragon Tail|p2a: Conkeldurr
|-damage|p2a: Conkeldurr|351\/414
|drag|p2a: Slowbro|Slowbro, M|394\/394
|
|turn|20
|
|move|p1a: Charizard|Will-O-Wisp|p2a: Slowbro
|-status|p2a: Slowbro|brn
|move|p2a: Slowbro|Surf|p1a: Charizard
|-damage|p1a: Charizard|251\/360
|
|-damage|p2a: Slowbro|345\/394 brn|[from] brn
|turn|21
|
|move|p2a: Slowbro|Psyshock|p1a: Charizard
|-damage|p1a: Charizard|179\/360
|move|p1a: Charizard|Dragon Tail|p2a: Slowbro
|-damage|p2a: Slowbro|261\/394 brn
|drag|p2a: Conkeldurr|Conkeldurr, M|351\/414
|
|turn|22
|
|move|p1a: Charizard|Roost|p1a: Charizard
|-heal|p1a: Charizard|359\/360
|move|p2a: Conkeldurr|Drain Punch|p1a: Charizard
|-damage|p1a: Charizard|238\/360
|-heal|p2a: Conkeldurr|412\/414|[from] drain|[of] p1a: Charizard
|
|turn|23
|
|move|p1a: Charizard|Will-O-Wisp|p2a: Conkeldurr
|-status|p2a: Conkeldurr|brn
|move|p2a: Conkeldurr|Drain Punch|p1a: Charizard
|-damage|p1a: Charizard|183\/360
|-heal|p2a: Conkeldurr|414\/414 brn|[from] drain|[of] p1a: Charizard
|
|-damage|p2a: Conkeldurr|363\/414 brn|[from] brn
|turn|24
|
|move|p1a: Charizard|Roost|p1a: Charizard
|-heal|p1a: Charizard|360\/360
|move|p2a: Conkeldurr|Bulk Up|p2a: Conkeldurr
|-boost|p2a: Conkeldurr|atk|1
|-boost|p2a: Conkeldurr|def|1
|
|-damage|p2a: Conkeldurr|312\/414 brn|[from] brn
|turn|25
|
|move|p1a: Charizard|Earthquake|p2a: Conkeldurr
|-damage|p2a: Conkeldurr|266\/414 brn
|move|p2a: Conkeldurr|Drain Punch|p1a: Charizard
|-damage|p1a: Charizard|282\/360
|-heal|p2a: Conkeldurr|305\/414 brn|[from] drain|[of] p1a: Charizard
|
|-damage|p2a: Conkeldurr|254\/414 brn|[from] brn
|turn|26
|
|switch|p1a: Thundurus-Therian|Thundurus-Therian, M|300\/300
|move|p2a: Conkeldurr|Drain Punch|p1a: Thundurus-Therian
|-resisted|p1a: Thundurus-Therian
|-damage|p1a: Thundurus-Therian|222\/300
|-heal|p2a: Conkeldurr|293\/414 brn|[from] drain|[of] p1a: Thundurus-Therian
|
|-damage|p2a: Conkeldurr|242\/414 brn|[from] brn
|turn|27
|
|switch|p2a: Chansey|Chansey, F|572\/704
|move|p1a: Thundurus-Therian|Nasty Plot|p1a: Thundurus-Therian
|-boost|p1a: Thundurus-Therian|spa|2
|
|turn|28
|
|move|p1a: Thundurus-Therian|Focus Blast|p2a: Chansey
|-supereffective|p2a: Chansey
|-damage|p2a: Chansey|150\/704
|move|p2a: Chansey|Toxic|p1a: Thundurus-Therian|[miss]
|-miss|p2a: Chansey|p1a: Thundurus-Therian
|
|turn|29
|
|move|p1a: Thundurus-Therian|Thunder|p2a: Chansey
|-crit|p2a: Chansey
|-damage|p2a: Chansey|0 fnt
|faint|p2a: Chansey
|
|
|switch|p2a: Sylveon|Sylveon, F|283\/394
|turn|30
|
|move|p2a: Sylveon|Protect|p2a: Sylveon
|-singleturn|p2a: Sylveon|Protect
|move|p1a: Thundurus-Therian|Thunder|p2a: Sylveon
|-activate|p2a: Sylveon|Protect
|
|-heal|p2a: Sylveon|307\/394|[from] item: Leftovers
|turn|31
|
|move|p1a: Thundurus-Therian|Thunder|p2a: Sylveon
|-damage|p2a: Sylveon|0 fnt
|faint|p2a: Sylveon
|
|
|switch|p2a: Aggron|Aggron, M|344\/344
|turn|32
|
|move|p1a: Thundurus-Therian|Focus Blast|p2a: Aggron
|-supereffective|p2a: Aggron
|-activate|p2a: Aggron|Sturdy
|-damage|p2a: Aggron|1\/344
|move|p2a: Aggron|Heavy Slam|p1a: Thundurus-Therian
|-resisted|p1a: Thundurus-Therian
|-damage|p1a: Thundurus-Therian|114\/300
|
|turn|33
|
|detailschange|p2a: Aggron|Aggron-Mega, M
|message|Aggron has Mega Evolved into Mega Aggron!
|move|p1a: Thundurus-Therian|Hidden Power|p2a: Aggron
|-resisted|p2a: Aggron
|-damage|p2a: Aggron|0 fnt
|faint|p2a: Aggron
|
|
|switch|p2a: Crobat|Crobat, M|312\/312
|turn|34
|
|move|p2a: Crobat|Acrobatics|p1a: Thundurus-Therian
|-resisted|p1a: Thundurus-Therian
|-damage|p1a: Thundurus-Therian|18\/300
|move|p1a: Thundurus-Therian|Thunder|p2a: Crobat|[miss]
|-miss|p1a: Thundurus-Therian|p2a: Crobat
|
|turn|35
|
|switch|p1a: Gastrodon|Gastrodon, F|426\/426
|move|p2a: Crobat|Acrobatics|p1a: Gastrodon
|-damage|p1a: Gastrodon|281\/426
|
|-heal|p1a: Gastrodon|307\/426|[from] item: Leftovers
|turn|36
|
|switch|p2a: Slowbro|Slowbro, M|392\/394 brn
|move|p1a: Gastrodon|Ice Beam|p2a: Slowbro
|-resisted|p2a: Slowbro
|-damage|p2a: Slowbro|352\/394 brn
|
|-heal|p1a: Gastrodon|333\/426|[from] item: Leftovers
|-damage|p2a: Slowbro|303\/394 brn|[from] brn
|turn|37
|
|move|p1a: Gastrodon|Earth Power|p2a: Slowbro
|-damage|p2a: Slowbro|179\/394 brn
|move|p2a: Slowbro|Shadow Ball|p1a: Gastrodon
|-damage|p1a: Gastrodon|259\/426
|
|-heal|p1a: Gastrodon|285\/426|[from] item: Leftovers
|-damage|p2a: Slowbro|130\/394 brn|[from] brn
|turn|38
|
|move|p1a: Gastrodon|Earth Power|p2a: Slowbro
|-crit|p2a: Slowbro
|-damage|p2a: Slowbro|0 fnt
|faint|p2a: Slowbro
|
|-heal|p1a: Gastrodon|311\/426|[from] item: Leftovers
|
|switch|p2a: Conkeldurr|Conkeldurr, M|242\/414 brn
|turn|39
|
|move|p2a: Conkeldurr|Drain Punch|p1a: Gastrodon
|-damage|p1a: Gastrodon|247\/426
|-heal|p2a: Conkeldurr|274\/414 brn|[from] drain|[of] p1a: Gastrodon
|move|p1a: Gastrodon|Scald|p2a: Conkeldurr
|-damage|p2a: Conkeldurr|139\/414 brn
|
|-heal|p1a: Gastrodon|273\/426|[from] item: Leftovers
|-damage|p2a: Conkeldurr|88\/414 brn|[from] brn
|turn|40
|
|move|p2a: Conkeldurr|Drain Punch|p1a: Gastrodon
|-damage|p1a: Gastrodon|203\/426
|-heal|p2a: Conkeldurr|123\/414 brn|[from] drain|[of] p1a: Gastrodon
|move|p1a: Gastrodon|Recover|p1a: Gastrodon
|-heal|p1a: Gastrodon|416\/426
|
|-heal|p1a: Gastrodon|426\/426|[from] item: Leftovers
|-damage|p2a: Conkeldurr|72\/414 brn|[from] brn
|turn|41
|-message|ManuelEnciso123 forfeited.
|
|win|ProudCloud
|raw|Ladder updating...
|leave|ManuelEnciso123
|player|p2
|raw|ProudCloud's rating: 1390 &rarr; <strong>1410<\/strong><br \/>(+20 for winning)
|raw|ManuelEnciso123's rating: 1394 &rarr; <strong>1374<\/strong><br \/>(-20 for losing)