|join|tghhu
|join|ManuelEnciso123
|player|p1|tghhu|2
|player|p2|ManuelEnciso123|1
|gametype|singles
|gen|6
|tier|OU
|rated
|clearpoke
|poke|p1|Golurk
|poke|p1|Houndoom, F
|poke|p1|Blastoise, M
|poke|p1|Snorlax, F
|poke|p1|Arcanine, M
|poke|p1|Thundurus-Therian, M
|poke|p2|Charizard, M
|poke|p2|Sylveon, M
|poke|p2|Crobat, M
|poke|p2|Conkeldurr, M
|poke|p2|Slowbro, M
|poke|p2|Klefki, F
|rule|Swagger Clause: Swagger is banned
|rule|Baton Pass Clause: Limit one PokÃ©mon knowing Baton Pass
|rule|Sleep Clause Mod: Limit one foe put to sleep
|rule|Species Clause: Limit one of each PokÃ©mon
|rule|OHKO Clause: OHKO moves are banned
|rule|Moody Clause: Moody is banned
|rule|Evasion Moves Clause: Evasion moves are banned
|rule|Endless Battle Clause: Forcing endless battles is banned
|rule|HP Percentage Mod: HP is shown in percentages
|teampreview
|
|start
|switch|p1a: Thundurus-Therian|Thundurus-Therian, M|299\/299
|switch|p2a: Klefki|Klefki, F|318\/318
|turn|1
|
|move|p2a: Klefki|Light Screen|p2a: Klefki
|-sidestart|p2: ManuelEnciso123|move: Light Screen
|move|p1a: Thundurus-Therian|Thunderbolt|p2a: Klefki
|-damage|p2a: Klefki|226\/318
|
|turn|2
|
|switch|p1a: Golurk|Golurk|329\/329
|switch|p2a: Sylveon|Sylveon, M|394\/394
|
|turn|3
|
|move|p1a: Golurk|Earthquake|p2a: Sylveon
|-damage|p2a: Sylveon|130\/394
|move|p2a: Sylveon|Hyper Voice|p1a: Golurk
|-damage|p1a: Golurk|115\/329
|
|-heal|p1a: Golurk|135\/329|[from] item: Leftovers
|-heal|p2a: Sylveon|154\/394|[from] item: Leftovers
|turn|4
|
|switch|p2a: Slowbro|Slowbro, M|394\/394
|move|p1a: Golurk|Stealth Rock|p2a: Slowbro
|-sidestart|p2: ManuelEnciso123|move: Stealth Rock
|
|-heal|p1a: Golurk|155\/329|[from] item: Leftovers
|turn|5
|
|switch|p1a: Blastoise|Blastoise, M|361\/361
|move|p2a: Slowbro|Ice Beam|p1a: Blastoise
|-resisted|p1a: Blastoise
|-damage|p1a: Blastoise|329\/361
|
|turn|6
|
|switch|p2a: Sylveon|Sylveon, M|154\/394
|-damage|p2a: Sylveon|105\/394|[from] Stealth Rock
|detailschange|p1a: Blastoise|Blastoise-Mega, M
|message|Blastoise has Mega Evolved into Mega Blastoise!
|move|p1a: Blastoise|Dark Pulse|p2a: Sylveon
|-resisted|p2a: Sylveon
|-damage|p2a: Sylveon|77\/394
|
|-heal|p2a: Sylveon|101\/394|[from] item: Leftovers
|turn|7
|
|move|p1a: Blastoise|Water Pulse|p2a: Sylveon
|-damage|p2a: Sylveon|41\/394
|move|p2a: Sylveon|Wish|p2a: Sylveon
|
|-heal|p2a: Sylveon|65\/394|[from] item: Leftovers
|turn|8
|
|switch|p1a: Arcanine|Arcanine, M|321\/321
|-ability|p1a: Arcanine|Intimidate|[of] p2a: Sylveon
|-unboost|p2a: Sylveon|atk|1
|move|p2a: Sylveon|Protect|p2a: Sylveon
|-fail|p2a: Sylveon
|
|-heal|p2a: Sylveon|262\/394|[from] move: Wish|[wisher] Sylveon
|-heal|p2a: Sylveon|286\/394|[from] item: Leftovers
|-sideend|p2: ManuelEnciso123|move: Light Screen
|turn|9
|
|switch|p2a: Slowbro|Slowbro, M|394\/394
|-damage|p2a: Slowbro|345\/394|[from] Stealth Rock
|move|p1a: Arcanine|Flare Blitz|p2a: Slowbro
|-resisted|p2a: Slowbro
|-damage|p2a: Slowbro|259\/394
|-damage|p1a: Arcanine|293\/321|[from] recoil|[of] p2a: Slowbro
|-damage|p1a: Arcanine|261\/321|[from] item: Life Orb
|
|turn|10
|
|switch|p1a: Blastoise|Blastoise-Mega, M|329\/361
|move|p2a: Slowbro|Psyshock|p1a: Blastoise
|-damage|p1a: Blastoise|244\/361
|
|turn|11
|
|switch|p2a: Sylveon|Sylveon, M|286\/394
|-damage|p2a: Sylveon|237\/394|[from] Stealth Rock
|move|p1a: Blastoise|Water Pulse|p2a: Sylveon
|-damage|p2a: Sylveon|126\/394
|
|-heal|p2a: Sylveon|150\/394|[from] item: Leftovers
|turn|12
|
|switch|p1a: Snorlax|Snorlax, F|523\/523
|move|p2a: Sylveon|Wish|p2a: Sylveon
|
|-heal|p2a: Sylveon|174\/394|[from] item: Leftovers
|turn|13
|
|move|p2a: Sylveon|Protect|p2a: Sylveon
|-singleturn|p2a: Sylveon|Protect
|move|p1a: Snorlax|Curse|p1a: Snorlax
|-boost|p1a: Snorlax|atk|1
|-boost|p1a: Snorlax|def|1
|-unboost|p1a: Snorlax|spe|1
|
|-heal|p2a: Sylveon|371\/394|[from] move: Wish|[wisher] Sylveon
|-heal|p2a: Sylveon|394\/394|[from] item: Leftovers
|turn|14
|
|switch|p2a: Crobat|Crobat, M|312\/312
|-damage|p2a: Crobat|234\/312|[from] Stealth Rock
|move|p1a: Snorlax|Curse|p1a: Snorlax
|-boost|p1a: Snorlax|atk|1
|-boost|p1a: Snorlax|def|1
|-unboost|p1a: Snorlax|spe|1
|
|turn|15
|
|move|p2a: Crobat|Haze|p2a: Crobat
|-clearallboost
|move|p1a: Snorlax|Return|p2a: Crobat
|-damage|p2a: Crobat|53\/312
|
|turn|16
|
|move|p2a: Crobat|Defog|p1a: Snorlax
|-unboost|p1a: Snorlax|evasion|1
|-sideend|p2: ManuelEnciso123|Stealth Rock|[from] move: Defog|[of] p2a: Crobat
|move|p1a: Snorlax|Return|p2a: Crobat
|-damage|p2a: Crobat|0 fnt
|faint|p2a: Crobat
|
|
|switch|p2a: Klefki|Klefki, F|226\/318
|turn|17
|
|switch|p1a: Golurk|Golurk|155\/329
|move|p2a: Klefki|Thunder Wave|p1a: Golurk
|-immune|p1a: Golurk|[msg]
|
|-heal|p1a: Golurk|175\/329|[from] item: Leftovers
|turn|18
|
|move|p2a: Klefki|Reflect|p2a: Klefki
|-sidestart|p2: ManuelEnciso123|Reflect
|move|p1a: Golurk|Stealth Rock|p2a: Klefki
|-sidestart|p2: ManuelEnciso123|move: Stealth Rock
|
|-heal|p1a: Golurk|195\/329|[from] item: Leftovers
|turn|19
|
|move|p2a: Klefki|Light Screen|p2a: Klefki
|-sidestart|p2: ManuelEnciso123|move: Light Screen
|move|p1a: Golurk|Earthquake|p2a: Klefki
|-supereffective|p2a: Klefki
|-damage|p2a: Klefki|81\/318
|
|-heal|p1a: Golurk|215\/329|[from] item: Leftovers
|turn|20
|
|switch|p2a: Conkeldurr|Conkeldurr, M|414\/414
|-damage|p2a: Conkeldurr|389\/414|[from] Stealth Rock
|move|p1a: Golurk|Dynamic Punch|p2a: Conkeldurr
|-damage|p2a: Conkeldurr|319\/414
|-start|p2a: Conkeldurr|confusion
|
|-heal|p1a: Golurk|235\/329|[from] item: Leftovers
|-heal|p2a: Conkeldurr|344\/414|[from] item: Leftovers
|turn|21
|
|move|p1a: Golurk|Earthquake|p2a: Conkeldurr
|-damage|p2a: Conkeldurr|249\/414
|-activate|p2a: Conkeldurr|confusion
|-damage|p2a: Conkeldurr|192\/414|[from] confusion
|
|-heal|p1a: Golurk|255\/329|[from] item: Leftovers
|-heal|p2a: Conkeldurr|217\/414|[from] item: Leftovers
|turn|22
|
|switch|p2a: Klefki|Klefki, F|81\/318
|-damage|p2a: Klefki|62\/318|[from] Stealth Rock
|move|p1a: Golurk|Earthquake|p2a: Klefki
|-supereffective|p2a: Klefki
|-damage|p2a: Klefki|0 fnt
|faint|p2a: Klefki
|
|-heal|p1a: Golurk|275\/329|[from] item: Leftovers
|c|âManuelEnciso123|hax -.-
|-message|ManuelEnciso123 forfeited.
|leave|ManuelEnciso123
|
|win|tghhu
|raw|Ladder updating...
|raw|tghhu's rating: 1161 &rarr; <strong>1189<\/strong><br \/>(+28 for winning)
|raw|ManuelEnciso123's rating: 1201 &rarr; <strong>1174<\/strong><br \/>(-27 for losing)
|player|p2