|join|ManuelEnciso123
|join|dtw
|player|p1|ManuelEnciso123|33
|player|p2|dtw|1
|gametype|singles
|gen|6
|tier|OU
|rated
|clearpoke
|poke|p1|Scolipede, M
|poke|p1|Quagsire, M
|poke|p1|Espeon, F
|poke|p1|Gallade, M
|poke|p1|Kingdra, M
|poke|p1|Virizion
|poke|p2|Greninja, M
|poke|p2|Breloom, M
|poke|p2|Gyarados, M
|poke|p2|Terrakion
|poke|p2|Manectric, F
|poke|p2|Talonflame, M
|rule|Swagger Clause: Swagger is banned
|rule|Baton Pass Clause: Limit one PokÃ©mon knowing Baton Pass
|rule|Sleep Clause Mod: Limit one foe put to sleep
|rule|Species Clause: Limit one of each PokÃ©mon
|rule|OHKO Clause: OHKO moves are banned
|rule|Moody Clause: Moody is banned
|rule|Evasion Moves Clause: Evasion moves are banned
|rule|Endless Battle Clause: Forcing endless battles is banned
|rule|HP Percentage Mod: HP is shown in percentages
|teampreview
|
|start
|switch|p1a: Scolipede|Scolipede, M|324\/324
|switch|p2a: Greninja|Greninja, M|285\/285
|turn|1
|
|move|p1a: Scolipede|Protect|p1a: Scolipede
|-singleturn|p1a: Scolipede|Protect
|move|p2a: Greninja|Hydro Pump|p1a: Scolipede
|-start|p2a: Greninja|typechange|Water|[from] Protean
|-activate|p1a: Scolipede|Protect
|
|-boost|p1a: Scolipede|spe|1|[from] ability: Speed Boost
|turn|2
|
|switch|p1a: Kingdra|Kingdra, M|353\/353
|move|p2a: Greninja|Ice Beam|p1a: Kingdra
|-start|p2a: Greninja|typechange|Ice|[from] Protean
|-damage|p1a: Kingdra|184\/353
|-damage|p2a: Greninja|257\/285|[from] item: Life Orb
|
|turn|3
|
|move|p2a: Greninja|Ice Beam|p1a: Kingdra
|-damage|p1a: Kingdra|11\/353
|-damage|p2a: Greninja|229\/285|[from] item: Life Orb
|move|p1a: Kingdra|Flash Cannon|p2a: Greninja
|-supereffective|p2a: Greninja
|-damage|p2a: Greninja|19\/285
|
|turn|4
|
|move|p2a: Greninja|Dark Pulse|p1a: Kingdra
|-start|p2a: Greninja|typechange|Dark|[from] Protean
|-damage|p1a: Kingdra|0 fnt
|-damage|p2a: Greninja|0 fnt|[from] item: Life Orb
|faint|p1a: Kingdra
|faint|p2a: Greninja
|
|
|switch|p1a: Scolipede|Scolipede, M|324\/324
|switch|p2a: Breloom|Breloom, M|261\/261
|turn|5
|
|move|p1a: Scolipede|Protect|p1a: Scolipede
|-singleturn|p1a: Scolipede|Protect
|move|p2a: Breloom|Rock Tomb|p1a: Scolipede
|-activate|p1a: Scolipede|Protect
|
|-boost|p1a: Scolipede|spe|1|[from] ability: Speed Boost
|turn|6
|
|move|p1a: Scolipede|Substitute|p1a: Scolipede
|-start|p1a: Scolipede|Substitute
|-damage|p1a: Scolipede|243\/324
|move|p2a: Breloom|Rock Tomb|p1a: Scolipede
|-supereffective|p1a: Scolipede
|-end|p1a: Scolipede|Substitute
|-damage|p2a: Breloom|235\/261|[from] item: Life Orb
|
|-boost|p1a: Scolipede|spe|1|[from] ability: Speed Boost
|turn|7
|
|move|p1a: Scolipede|Iron Defense|p1a: Scolipede
|-boost|p1a: Scolipede|def|2
|move|p2a: Breloom|Rock Tomb|p1a: Scolipede
|-supereffective|p1a: Scolipede
|-damage|p1a: Scolipede|121\/324
|-unboost|p1a: Scolipede|spe|1
|-damage|p2a: Breloom|209\/261|[from] item: Life Orb
|
|-boost|p1a: Scolipede|spe|1|[from] ability: Speed Boost
|turn|8
|
|move|p1a: Scolipede|Protect|p1a: Scolipede
|-singleturn|p1a: Scolipede|Protect
|move|p2a: Breloom|Rock Tomb|p1a: Scolipede
|-activate|p1a: Scolipede|Protect
|
|-boost|p1a: Scolipede|spe|1|[from] ability: Speed Boost
|turn|9
|
|move|p1a: Scolipede|Baton Pass|p1a: Scolipede
|
|switch|p1a: Espeon|Espeon, F|334\/334
|move|p2a: Breloom|Rock Tomb|p1a: Espeon
|-damage|p1a: Espeon|221\/334
|-unboost|p1a: Espeon|spe|1
|-damage|p2a: Breloom|183\/261|[from] item: Life Orb
|
|turn|10
|
|move|p1a: Espeon|Stored Power|p2a: Breloom
|-supereffective|p2a: Breloom
|-damage|p2a: Breloom|0 fnt
|faint|p2a: Breloom
|
|
|switch|p2a: Terrakion|Terrakion|323\/323
|turn|11
|
|move|p1a: Espeon|Stored Power|p2a: Terrakion
|-supereffective|p2a: Terrakion
|-damage|p2a: Terrakion|17\/323
|move|p2a: Terrakion|Stone Edge|p1a: Espeon
|-damage|p1a: Espeon|82\/334
|
|turn|12
|
|move|p1a: Espeon|Stored Power|p2a: Terrakion
|-supereffective|p2a: Terrakion
|-damage|p2a: Terrakion|0 fnt
|faint|p2a: Terrakion
|
|
|switch|p2a: Talonflame|Talonflame, M|318\/318
|turn|13
|
|move|p2a: Talonflame|Brave Bird|p1a: Espeon
|-damage|p1a: Espeon|0 fnt
|-damage|p2a: Talonflame|291\/318|[from] recoil|[of] p1a: Espeon
|faint|p1a: Espeon
|
|
|switch|p1a: Tito|Quagsire, M|394\/394
|turn|14
|
|switch|p2a: Manectric|Manectric, F|281\/281
|move|p1a: Tito|Toxic|p2a: Manectric
|-status|p2a: Manectric|tox
|
|-damage|p2a: Manectric|264\/281 tox|[from] psn
|turn|15
|
|switch|p1a: Scolipede|Scolipede, M|121\/324
|detailschange|p2a: Manectric|Manectric-Mega, F
|-mega|p2a: Manectric|Manectric|Manectite
|-ability|p2a: Manectric|Intimidate|[of] p1a: Scolipede
|-unboost|p1a: Scolipede|atk|1
|move|p2a: Manectric|Hidden Power|p1a: Scolipede
|-crit|p1a: Scolipede
|-damage|p1a: Scolipede|0 fnt
|faint|p1a: Scolipede
|
|-damage|p2a: Manectric|230\/281 tox|[from] psn
|
|switch|p1a: Virizion|Virizion|386\/386
|turn|16
|
|move|p2a: Manectric|Flamethrower|p1a: Virizion
|-crit|p1a: Virizion
|-supereffective|p1a: Virizion
|-damage|p1a: Virizion|134\/386
|move|p1a: Virizion|Leaf Blade|p2a: Manectric
|-damage|p2a: Manectric|64\/281 tox
|
|-damage|p2a: Manectric|13\/281 tox|[from] psn
|turn|17
|
|move|p2a: Manectric|Hidden Power|p1a: Virizion
|-supereffective|p1a: Virizion
|-damage|p1a: Virizion|8\/386
|move|p1a: Virizion|Leaf Blade|p2a: Manectric
|-damage|p2a: Manectric|0 fnt
|faint|p2a: Manectric
|
|
|switch|p2a: Gyarados|Gyarados, M|353\/353
|-ability|p2a: Gyarados|Intimidate|[of] p1a: Virizion
|-unboost|p1a: Virizion|atk|1
|turn|18
|
|move|p2a: Gyarados|Dragon Dance|p2a: Gyarados
|-boost|p2a: Gyarados|atk|1
|-boost|p2a: Gyarados|spe|1
|move|p1a: Virizion|Synthesis|p1a: Virizion
|-heal|p1a: Virizion|201\/386
|
|turn|19
|
|move|p2a: Gyarados|Bounce|p1a: Virizion|[still]
|-prepare|p2a: Gyarados|Bounce|p1a: Virizion
|move|p1a: Virizion|Swords Dance|p1a: Virizion
|-boost|p1a: Virizion|atk|2
|
|turn|20
|
|switch|p1a: Tito|Quagsire, M|394\/394
|move|p2a: Gyarados|Bounce|p1a: Tito
|-damage|p1a: Tito|273\/394
|-status|p1a: Tito|par
|
|turn|21
|
|move|p2a: Gyarados|Taunt|p1a: Tito
|-start|p1a: Tito|move: Taunt
|cant|p1a: Tito|move: Taunt|Toxic
|
|turn|22
|
|move|p2a: Gyarados|Waterfall|p1a: Tito
|-damage|p1a: Tito|150\/394 par
|-enditem|p1a: Tito|Sitrus Berry|[eat]
|-heal|p1a: Tito|248\/394 par|[from] item: Sitrus Berry
|cant|p1a: Tito|par
|
|turn|23
|
|switch|p1a: Virizion|Virizion|201\/386
|move|p2a: Gyarados|Waterfall|p1a: Virizion
|-resisted|p1a: Virizion
|-damage|p1a: Virizion|70\/386
|
|turn|24
|
|move|p2a: Gyarados|Waterfall|p1a: Virizion
|-resisted|p1a: Virizion
|-damage|p1a: Virizion|0 fnt
|faint|p1a: Virizion
|
|
|switch|p1a: Tito|Quagsire, M|248\/394 par
|turn|25
|
|move|p2a: Gyarados|Taunt|p1a: Tito
|-start|p1a: Tito|move: Taunt
|cant|p1a: Tito|move: Taunt|Recover
|
|turn|26
|
|move|p2a: Gyarados|Waterfall|p1a: Tito
|-damage|p1a: Tito|139\/394 par
|move|p1a: Tito|Scald|p2a: Gyarados
|-resisted|p2a: Gyarados
|-damage|p2a: Gyarados|324\/353
|-status|p2a: Gyarados|brn
|
|-heal|p2a: Gyarados|346\/353 brn|[from] item: Leftovers
|-damage|p2a: Gyarados|302\/353 brn|[from] brn
|turn|27
|
|move|p2a: Gyarados|Waterfall|p1a: Tito
|-damage|p1a: Tito|78\/394 par
|cant|p1a: Tito|par
|
|-heal|p2a: Gyarados|324\/353 brn|[from] item: Leftovers
|-damage|p2a: Gyarados|280\/353 brn|[from] brn
|-end|p1a: Tito|move: Taunt
|turn|28
|
|move|p2a: Gyarados|Taunt|p1a: Tito
|-start|p1a: Tito|move: Taunt
|cant|p1a: Tito|move: Taunt|Recover
|
|-heal|p2a: Gyarados|302\/353 brn|[from] item: Leftovers
|-damage|p2a: Gyarados|258\/353 brn|[from] brn
|turn|29
|
|move|p2a: Gyarados|Waterfall|p1a: Tito
|-damage|p1a: Tito|18\/394 par
|cant|p1a: Tito|par
|
|-heal|p2a: Gyarados|280\/353 brn|[from] item: Leftovers
|-damage|p2a: Gyarados|236\/353 brn|[from] brn
|turn|30
|
|move|p2a: Gyarados|Waterfall|p1a: Tito
|-damage|p1a: Tito|0 fnt
|faint|p1a: Tito
|
|-heal|p2a: Gyarados|258\/353 brn|[from] item: Leftovers
|-damage|p2a: Gyarados|214\/353 brn|[from] brn
|
|switch|p1a: Gallade|Gallade, M|340\/340
|turn|31
|
|detailschange|p1a: Gallade|Gallade-Mega, M
|-mega|p1a: Gallade|Gallade|Galladite
|move|p2a: Gyarados|Bounce|p1a: Gallade|[still]
|-prepare|p2a: Gyarados|Bounce|p1a: Gallade
|move|p1a: Gallade|Swords Dance|p1a: Gallade
|-boost|p1a: Gallade|atk|2
|
|-heal|p2a: Gyarados|236\/353 brn|[from] item: Leftovers
|-damage|p2a: Gyarados|192\/353 brn|[from] brn
|turn|32
|
|move|p2a: Gyarados|Bounce|p1a: Gallade
|-supereffective|p1a: Gallade
|-damage|p1a: Gallade|82\/340
|move|p1a: Gallade|Drain Punch|p2a: Gyarados
|-resisted|p2a: Gyarados
|-damage|p2a: Gyarados|0 fnt
|-heal|p1a: Gallade|178\/340|[from] drain|[of] p2a: Gyarados
|faint|p2a: Gyarados
|
|
|switch|p2a: Talonflame|Talonflame, M|291\/318
|turn|33
|c|âdtw|gg
|
|move|p2a: Talonflame|Brave Bird|p1a: Gallade
|-supereffective|p1a: Gallade
|-damage|p1a: Gallade|0 fnt
|-damage|p2a: Talonflame|232\/318|[from] recoil|[of] p1a: Gallade
|faint|p1a: Gallade
|
|win|dtw
|raw|Ladder updating...
|raw|ManuelEnciso123's rating: 1542 &rarr; <strong>1519<\/strong><br \/>(-23 for losing)
|raw|dtw's rating: 1477 &rarr; <strong>1501<\/strong><br \/>(+24 for winning)