|join|hwade495
|join|ManuelEnciso123
|player|p1|hwade495|290
|player|p2|ManuelEnciso123|33
|gametype|singles
|gen|6
|tier|OU
|rated
|clearpoke
|poke|p1|Keldeo-Resolute
|poke|p1|Medicham, F
|poke|p1|Rotom-Wash
|poke|p1|Heatran, F
|poke|p1|Gengar, M
|poke|p1|Dragonite, M
|poke|p2|Scolipede, M
|poke|p2|Quagsire, M
|poke|p2|Espeon, F
|poke|p2|Kingdra, M
|poke|p2|Bronzong
|poke|p2|Scrafty, F
|rule|Swagger Clause: Swagger is banned
|rule|Baton Pass Clause: Limit one PokÃ©mon knowing Baton Pass
|rule|Sleep Clause Mod: Limit one foe put to sleep
|rule|Species Clause: Limit one of each PokÃ©mon
|rule|OHKO Clause: OHKO moves are banned
|rule|Moody Clause: Moody is banned
|rule|Evasion Moves Clause: Evasion moves are banned
|rule|Endless Battle Clause: Forcing endless battles is banned
|rule|HP Percentage Mod: HP is shown in percentages
|teampreview
|c|âhwade495|glhf
|
|start
|switch|p1a: Heatran|Heatran, F|386\/386
|switch|p2a: Scolipede|Scolipede, M|324\/324
|-item|p1a: Heatran|Air Balloon
|turn|1
|
|move|p2a: Scolipede|Protect|p2a: Scolipede
|-singleturn|p2a: Scolipede|Protect
|move|p1a: Heatran|Stealth Rock|p2a: Scolipede
|-sidestart|p2: ManuelEnciso123|move: Stealth Rock
|
|-boost|p2a: Scolipede|spe|1|[from] ability: Speed Boost
|turn|2
|
|move|p2a: Scolipede|Substitute|p2a: Scolipede
|-start|p2a: Scolipede|Substitute
|-damage|p2a: Scolipede|243\/324
|move|p1a: Heatran|Lava Plume|p2a: Scolipede
|-supereffective|p2a: Scolipede
|-end|p2a: Scolipede|Substitute
|
|-boost|p2a: Scolipede|spe|1|[from] ability: Speed Boost
|turn|3
|
|switch|p1a: Gengar|Gengar, M|262\/262
|move|p2a: Scolipede|Protect|p2a: Scolipede
|-fail|p2a: Scolipede
|
|-boost|p2a: Scolipede|spe|1|[from] ability: Speed Boost
|turn|4
|
|move|p2a: Scolipede|Substitute|p2a: Scolipede
|-start|p2a: Scolipede|Substitute
|-damage|p2a: Scolipede|162\/324
|move|p1a: Gengar|Taunt|p2a: Scolipede
|-start|p2a: Scolipede|move: Taunt
|-enditem|p2a: Scolipede|Mental Herb
|-end|p2a: Scolipede|move: Taunt
|
|-boost|p2a: Scolipede|spe|1|[from] ability: Speed Boost
|turn|5
|
|move|p2a: Scolipede|Baton Pass|p2a: Scolipede
|
|switch|p2a: Scrafty|Scrafty, F|334\/334
|-damage|p2a: Scrafty|314\/334|[from] Stealth Rock
|move|p1a: Gengar|Shadow Ball|p2a: Scrafty
|-resisted|p2a: Scrafty
|-activate|p2a: Scrafty|Substitute|[damage]
|
|-heal|p2a: Scrafty|334\/334|[from] item: Leftovers
|turn|6
|
|switch|p1a: Keldeo-Resolute|Keldeo-Resolute|324\/324
|move|p2a: Scrafty|Dragon Dance|p2a: Scrafty
|-boost|p2a: Scrafty|atk|1
|-boost|p2a: Scrafty|spe|1
|
|turn|7
|
|move|p2a: Scrafty|Dragon Dance|p2a: Scrafty
|-boost|p2a: Scrafty|atk|1
|-boost|p2a: Scrafty|spe|1
|move|p1a: Keldeo-Resolute|Secret Sword|p2a: Scrafty
|-supereffective|p2a: Scrafty
|-end|p2a: Scrafty|Substitute
|
|turn|8
|
|move|p2a: Scrafty|Poison Jab|p1a: Keldeo-Resolute
|-crit|p1a: Keldeo-Resolute
|-damage|p1a: Keldeo-Resolute|68\/324
|move|p1a: Keldeo-Resolute|Secret Sword|p2a: Scrafty
|-supereffective|p2a: Scrafty
|-damage|p2a: Scrafty|32\/334
|
|-heal|p2a: Scrafty|52\/334|[from] item: Leftovers
|turn|9
|
|move|p2a: Scrafty|Drain Punch|p1a: Keldeo-Resolute
|-damage|p1a: Keldeo-Resolute|0 fnt
|-heal|p2a: Scrafty|86\/334|[from] drain|[of] p1a: Keldeo-Resolute
|faint|p1a: Keldeo-Resolute
|
|-heal|p2a: Scrafty|106\/334|[from] item: Leftovers
|
|switch|p1a: Dragonite|Dragonite, M|324\/324
|turn|10
|
|move|p1a: Dragonite|Extreme Speed|p2a: Scrafty
|-damage|p2a: Scrafty|18\/334
|move|p2a: Scrafty|Knock Off|p1a: Dragonite
|-damage|p1a: Dragonite|162\/324
|-enditem|p1a: Dragonite|Lum Berry|[from] move: Knock Off|[of] p2a: Scrafty
|
|-heal|p2a: Scrafty|38\/334|[from] item: Leftovers
|turn|11
|
|move|p1a: Dragonite|Extreme Speed|p2a: Scrafty
|-damage|p2a: Scrafty|0 fnt
|faint|p2a: Scrafty
|
|
|switch|p2a: Scolipede|Scolipede, M|162\/324
|-damage|p2a: Scolipede|81\/324|[from] Stealth Rock
|turn|12
|
|move|p1a: Dragonite|Dragon Dance|p1a: Dragonite
|-boost|p1a: Dragonite|atk|1
|-boost|p1a: Dragonite|spe|1
|move|p2a: Scolipede|Iron Defense|p2a: Scolipede
|-boost|p2a: Scolipede|def|2
|
|-boost|p2a: Scolipede|spe|1|[from] ability: Speed Boost
|turn|13
|
|move|p1a: Dragonite|Extreme Speed|p2a: Scolipede
|-damage|p2a: Scolipede|26\/324
|move|p2a: Scolipede|Baton Pass|p2a: Scolipede
|
|switch|p2a: Bronzong|Bronzong|337\/337
|-damage|p2a: Bronzong|316\/337|[from] Stealth Rock
|
|-heal|p2a: Bronzong|337\/337|[from] item: Leftovers
|turn|14
|
|switch|p1a: Rotom-Wash|Rotom-Wash|304\/304
|move|p2a: Bronzong|Calm Mind|p2a: Bronzong
|-boost|p2a: Bronzong|spa|1
|-boost|p2a: Bronzong|spd|1
|
|turn|15
|
|move|p1a: Rotom-Wash|Will-O-Wisp|p2a: Bronzong
|-status|p2a: Bronzong|brn
|move|p2a: Bronzong|Psyshock|p1a: Rotom-Wash
|-crit|p1a: Rotom-Wash
|-damage|p1a: Rotom-Wash|121\/304
|
|-damage|p2a: Bronzong|295\/337 brn|[from] brn
|turn|16
|
|move|p1a: Rotom-Wash|Rest|p1a: Rotom-Wash
|-status|p1a: Rotom-Wash|slp
|-heal|p1a: Rotom-Wash|304\/304 slp|[silent]
|-status|p1a: Rotom-Wash|slp|[from] move: Rest
|-enditem|p1a: Rotom-Wash|Chesto Berry|[eat]
|-curestatus|p1a: Rotom-Wash|slp
|move|p2a: Bronzong|Psyshock|p1a: Rotom-Wash
|-damage|p1a: Rotom-Wash|186\/304
|
|-heal|p2a: Bronzong|316\/337 brn|[from] item: Leftovers
|-damage|p2a: Bronzong|274\/337 brn|[from] brn
|turn|17
|
|move|p1a: Rotom-Wash|Hydro Pump|p2a: Bronzong
|-damage|p2a: Bronzong|199\/337 brn
|move|p2a: Bronzong|Calm Mind|p2a: Bronzong
|-boost|p2a: Bronzong|spa|1
|-boost|p2a: Bronzong|spd|1
|
|-heal|p2a: Bronzong|220\/337 brn|[from] item: Leftovers
|-damage|p2a: Bronzong|178\/337 brn|[from] brn
|turn|18
|
|move|p1a: Rotom-Wash|Volt Switch|p2a: Bronzong
|-crit|p2a: Bronzong
|-damage|p2a: Bronzong|58\/337 brn
|
|switch|p1a: Heatran|Heatran, F|386\/386
|-item|p1a: Heatran|Air Balloon
|move|p2a: Bronzong|Psyshock|p1a: Heatran
|-resisted|p1a: Heatran
|-damage|p1a: Heatran|287\/386
|-enditem|p1a: Heatran|Air Balloon
|
|-heal|p2a: Bronzong|79\/337 brn|[from] item: Leftovers
|-damage|p2a: Bronzong|37\/337 brn|[from] brn
|turn|19
|
|move|p1a: Heatran|Lava Plume|p2a: Bronzong
|-supereffective|p2a: Bronzong
|-damage|p2a: Bronzong|0 fnt
|faint|p2a: Bronzong
|
|
|switch|p2a: Espeon|Espeon, F|334\/334
|-damage|p2a: Espeon|293\/334|[from] Stealth Rock
|turn|20
|
|move|p2a: Espeon|Calm Mind|p2a: Espeon
|-boost|p2a: Espeon|spa|1
|-boost|p2a: Espeon|spd|1
|move|p1a: Heatran|Lava Plume|p2a: Espeon
|-damage|p2a: Espeon|236\/334
|
|turn|21
|
|switch|p1a: Gengar|Gengar, M|262\/262
|move|p2a: Espeon|Calm Mind|p2a: Espeon
|-boost|p2a: Espeon|spa|1
|-boost|p2a: Espeon|spd|1
|
|turn|22
|
|move|p1a: Gengar|Destiny Bond|p1a: Gengar
|-singlemove|p1a: Gengar|Destiny Bond
|move|p2a: Espeon|Stored Power|p1a: Gengar
|-supereffective|p1a: Gengar
|-enditem|p1a: Gengar|Focus Sash
|-damage|p1a: Gengar|1\/262
|
|turn|23
|
|move|p1a: Gengar|Shadow Ball|p2a: Espeon
|-supereffective|p2a: Espeon
|-damage|p2a: Espeon|120\/334
|-unboost|p2a: Espeon|spd|1
|move|p2a: Espeon|Calm Mind|p2a: Espeon
|-boost|p2a: Espeon|spa|1
|-boost|p2a: Espeon|spd|1
|
|turn|24
|
|move|p1a: Gengar|Shadow Ball|p2a: Espeon
|-supereffective|p2a: Espeon
|-damage|p2a: Espeon|0 fnt
|faint|p2a: Espeon
|
|
|switch|p2a: Kingdra|Kingdra, M|353\/353
|-damage|p2a: Kingdra|309\/353|[from] Stealth Rock
|turn|25
|
|move|p1a: Gengar|Taunt|p2a: Kingdra
|-start|p2a: Kingdra|move: Taunt
|move|p2a: Kingdra|Flash Cannon|p1a: Gengar
|-damage|p1a: Gengar|0 fnt
|faint|p1a: Gengar
|
|
|switch|p1a: Medicham|Medicham, F|262\/262
|turn|26
|
|switch|p2a: Scolipede|Scolipede, M|26\/324
|-damage|p2a: Scolipede|0 fnt|[from] Stealth Rock
|faint|p2a: Scolipede
|detailschange|p1a: Medicham|Medicham-Mega, F
|-mega|p1a: Medicham|Medicham|Medichamite
|move|p1a: Medicham|Fake Out|p2: Scolipede|[notarget]
|-notarget
|
|
|switch|p2a: Tito|Quagsire, M|394\/394
|-damage|p2a: Tito|370\/394|[from] Stealth Rock
|turn|27
|
|switch|p1a: Heatran|Heatran, F|287\/386
|move|p2a: Tito|Toxic|p1a: Heatran
|-fail|p1a: Heatran
|
|turn|28
|
|move|p1a: Heatran|Toxic|p2a: Tito
|-status|p2a: Tito|tox
|move|p2a: Tito|Earthquake|p1a: Heatran
|-supereffective|p1a: Heatran
|-damage|p1a: Heatran|0 fnt
|faint|p1a: Heatran
|
|-damage|p2a: Tito|346\/394 tox|[from] psn
|
|switch|p1a: Medicham|Medicham-Mega, F|262\/262
|turn|29
|
|move|p1a: Medicham|Fake Out|p2a: Tito
|-damage|p2a: Tito|279\/394 tox
|cant|p2a: Tito|flinch
|
|-damage|p2a: Tito|231\/394 tox|[from] psn
|turn|30
|
|move|p1a: Medicham|Zen Headbutt|p2a: Tito
|-crit|p2a: Tito
|-damage|p2a: Tito|0 fnt
|faint|p2a: Tito
|
|-message|ManuelEnciso123 forfeited.
|leave|ManuelEnciso123
|
|win|hwade495
|raw|Ladder updating...
|raw|hwade495's rating: 1461 &rarr; <strong>1486<\/strong><br \/>(+25 for winning)
|raw|ManuelEnciso123's rating: 1551 &rarr; <strong>1526<\/strong><br \/>(-25 for losing)
|player|p2