|join|MoB Barley
|join|ManuelEnciso123
|player|p1|MoB Barley|161
|player|p2|ManuelEnciso123|33
|gametype|singles
|gen|6
|tier|OU
|rated
|clearpoke
|poke|p1|Diancie, shiny
|poke|p1|Hydreigon, M, shiny
|poke|p1|Magnezone
|poke|p1|Jirachi, shiny
|poke|p1|Landorus-Therian, M
|poke|p1|Azumarill, M
|poke|p2|Scolipede, M
|poke|p2|Quagsire, M
|poke|p2|Espeon, F
|poke|p2|Gallade, M
|poke|p2|Kingdra, F
|poke|p2|Dragonite, F
|rule|Swagger Clause: Swagger is banned
|rule|Baton Pass Clause: Limit one PokÃ©mon knowing Baton Pass
|rule|Sleep Clause Mod: Limit one foe put to sleep
|rule|Species Clause: Limit one of each PokÃ©mon
|rule|OHKO Clause: OHKO moves are banned
|rule|Moody Clause: Moody is banned
|rule|Evasion Moves Clause: Evasion moves are banned
|rule|Endless Battle Clause: Forcing endless battles is banned
|rule|HP Percentage Mod: HP is shown in percentages
|teampreview
|
|start
|switch|p1a: Angel|Diancie, shiny|241\/241
|switch|p2a: Scolipede|Scolipede, M|324\/324
|turn|1
|
|detailschange|p1a: Angel|Diancie-Mega, shiny
|-mega|p1a: Angel|Diancie|Diancite
|move|p2a: Scolipede|Protect|p2a: Scolipede
|-singleturn|p2a: Scolipede|Protect
|move|p1a: Angel|Diamond Storm|p2a: Scolipede
|-activate|p2a: Scolipede|Protect
|
|-boost|p2a: Scolipede|spe|1|[from] ability: Speed Boost
|turn|2
|
|move|p2a: Scolipede|Iron Defense|p2a: Scolipede
|-boost|p2a: Scolipede|def|2
|move|p1a: Angel|Diamond Storm|p2a: Scolipede
|-supereffective|p2a: Scolipede
|-damage|p2a: Scolipede|186\/324
|
|-boost|p2a: Scolipede|spe|1|[from] ability: Speed Boost
|turn|3
|
|move|p2a: Scolipede|Iron Defense|p2a: Scolipede
|-boost|p2a: Scolipede|def|2
|move|p1a: Angel|Moonblast|p2a: Scolipede
|-crit|p2a: Scolipede
|-resisted|p2a: Scolipede
|-damage|p2a: Scolipede|0 fnt
|faint|p2a: Scolipede
|
|c|âMoB Barley|rekt
|join|Rawk Hawk
|join|snicker testing
|
|switch|p2a: Gallade|Gallade, M|340\/340
|turn|4
|
|detailschange|p2a: Gallade|Gallade-Mega, M
|-mega|p2a: Gallade|Gallade|Galladite
|move|p1a: Angel|Moonblast|p2a: Gallade
|-supereffective|p2a: Gallade
|-damage|p2a: Gallade|0 fnt
|faint|p2a: Gallade
|
|c| snicker testing|lmao
|
|switch|p2a: Espeon|Espeon, F|334\/334
|turn|5
|
|move|p1a: Angel|Moonblast|p2a: Espeon
|-damage|p2a: Espeon|189\/334
|move|p2a: Espeon|Calm Mind|p2a: Espeon
|-boost|p2a: Espeon|spa|1
|-boost|p2a: Espeon|spd|1
|
|turn|6
|c| snicker testing|use diamond storm
|join|Drummy
|join|Like me 2
|
|move|p1a: Angel|Diamond Storm|p2a: Espeon
|-damage|p2a: Espeon|0 fnt
|faint|p2a: Espeon
|
|-message|ManuelEnciso123 forfeited.
|leave|ManuelEnciso123
|join|MmM44
|
|win|MoB Barley
|raw|Ladder updating...
|player|p2
|leave|Drummy
|raw|MoB Barley's rating: 1759 &rarr; <strong>1770<\/strong><br \/>(+11 for winning)
|raw|ManuelEnciso123's rating: 1592 &rarr; <strong>1581<\/strong><br \/>(-11 for losing)
|leave|MoB Barley
|leave|snicker testing
|player|p1
|leave|Like me 2
|leave|Rawk Hawk