|join|ManuelEnciso123
|join|FrozenSipsTea
|player|p1|ManuelEnciso123|169
|player|p2|FrozenSipsTea|218
|gametype|singles
|gen|6
|tier|OU (suspect test)
|rated
|clearpoke
|poke|p1|Gallade, M
|poke|p1|Scolipede, F
|poke|p1|Espeon, F
|poke|p1|Clefable, F
|poke|p1|Quagsire, M
|poke|p1|Skarmory, F
|poke|p2|Sceptile, F
|poke|p2|Heatran, F
|poke|p2|Rotom-Wash
|poke|p2|Azumarill, M
|poke|p2|Latios, M
|poke|p2|Diggersby, F
|rule|Swagger Clause: Swagger is banned
|rule|Baton Pass Clause: Limit one PokÃ©mon knowing Baton Pass
|rule|Sleep Clause Mod: Limit one foe put to sleep
|rule|Species Clause: Limit one of each PokÃ©mon
|rule|OHKO Clause: OHKO moves are banned
|rule|Moody Clause: Moody is banned
|rule|Evasion Moves Clause: Evasion moves are banned
|rule|Endless Battle Clause: Forcing endless battles is banned
|rule|HP Percentage Mod: HP is shown in percentages
|teampreview
|c|âFrozenSipsTea|gl hf
|
|start
|switch|p1a: Scolipede|Scolipede, F|324\/324
|switch|p2a: RevealMega|Latios, M|302\/302
|turn|1
|
|move|p1a: Scolipede|Protect|p1a: Scolipede
|-singleturn|p1a: Scolipede|Protect
|move|p2a: RevealMega|Trick|p1a: Scolipede
|-activate|p1a: Scolipede|Protect
|
|-boost|p1a: Scolipede|spe|1|[from] ability: Speed Boost
|turn|2
|
|switch|p1a: Gallade|Gallade, M|340\/340
|move|p2a: RevealMega|Trick|p1a: Gallade
|-fail|p1a: Gallade
|
|turn|3
|join|I Am TwiiiXxyyy
|
|switch|p2a: Mr.Clean|Rotom-Wash|294\/294
|detailschange|p1a: Gallade|Gallade-Mega, M
|-mega|p1a: Gallade|Gallade|Galladite
|move|p1a: Gallade|Knock Off|p2a: Mr.Clean
|-damage|p2a: Mr.Clean|186\/294
|-enditem|p2a: Mr.Clean|Leftovers|[from] move: Knock Off|[of] p1a: Gallade
|
|turn|4
|
|switch|p1a: Clefable|Clefable, F|394\/394
|move|p2a: Mr.Clean|Pain Split|p1a: Clefable
|-sethp|p1a: Clefable|290\/394|p2a: Mr.Clean|290\/294|[from] move: Pain Split
|
|-heal|p1a: Clefable|314\/394|[from] item: Leftovers
|turn|5
|
|move|p2a: Mr.Clean|Volt Switch|p1a: Clefable
|-damage|p1a: Clefable|241\/394
|
|switch|p2a: Earthquake|Heatran, F|386\/386
|move|p1a: Clefable|Moonblast|p2a: Earthquake
|-resisted|p2a: Earthquake
|-damage|p2a: Earthquake|368\/386
|-unboost|p2a: Earthquake|spa|1
|
|-heal|p2a: Earthquake|386\/386|[from] item: Leftovers
|-heal|p1a: Clefable|265\/394|[from] item: Leftovers
|turn|6
|
|switch|p1a: Skarmory|Skarmory, F|334\/334
|move|p2a: Earthquake|Flash Cannon|p1a: Skarmory
|-resisted|p1a: Skarmory
|-damage|p1a: Skarmory|280\/334
|-unboost|p1a: Skarmory|spd|1
|
|-heal|p1a: Skarmory|300\/334|[from] item: Leftovers
|turn|7
|
|move|p2a: Earthquake|Lava Plume|p1a: Skarmory
|-supereffective|p1a: Skarmory
|-damage|p1a: Skarmory|0 fnt
|faint|p1a: Skarmory
|
|
|switch|p1a: Scolipede|Scolipede, F|324\/324
|turn|8
|
|switch|p2a: RevealMega|Latios, M|302\/302
|move|p1a: Scolipede|Iron Defense|p1a: Scolipede
|-boost|p1a: Scolipede|def|2
|
|-boost|p1a: Scolipede|spe|1|[from] ability: Speed Boost
|turn|9
|
|move|p1a: Scolipede|Protect|p1a: Scolipede
|-singleturn|p1a: Scolipede|Protect
|move|p2a: RevealMega|Trick|p1a: Scolipede
|-activate|p1a: Scolipede|Protect
|
|-boost|p1a: Scolipede|spe|1|[from] ability: Speed Boost
|turn|10
|
|move|p2a: RevealMega|Trick|p1a: Scolipede
|-activate|p2a: RevealMega|move: Trick|[of] p1a: Scolipede
|-item|p1a: Scolipede|Choice Scarf|[from] move: Trick
|-item|p2a: RevealMega|Leftovers|[from] move: Trick
|move|p1a: Scolipede|Substitute|p1a: Scolipede
|-start|p1a: Scolipede|Substitute
|-damage|p1a: Scolipede|243\/324
|
|-boost|p1a: Scolipede|spe|1|[from] ability: Speed Boost
|turn|11
|-message|ManuelEnciso123 forfeited.
|leave|ManuelEnciso123
|
|win|FrozenSipsTea
|raw|Ladder updating...
|player|p1
|c| I Am TwiiiXxyyy|gg
|raw|ManuelEnciso123's rating: 1327 &rarr; <strong>1312<\/strong><br \/>(-15 for losing)
|raw|FrozenSipsTea's rating: 1420 &rarr; <strong>1435<\/strong><br \/>(+15 for winning)