|join|Aka DH
|join|ManuelEnciso123
|join|Zenzo
|player|p1|Aka DH|1
|player|p2|ManuelEnciso123|266
|gametype|singles
|gen|6
|tier|OU (suspect test)
|rated
|clearpoke
|poke|p1|Bisharp, M
|poke|p1|Venusaur, M
|poke|p1|Heatran, M
|poke|p1|Keldeo
|poke|p1|Chansey, F
|poke|p1|Skarmory, F
|poke|p2|Gallade, M
|poke|p2|Scolipede, M
|poke|p2|Espeon, M
|poke|p2|Clefable, M
|poke|p2|Quagsire, F
|poke|p2|Conkeldurr, M
|rule|Swagger Clause: Swagger is banned
|rule|Baton Pass Clause: Limit one PokÃ©mon knowing Baton Pass
|rule|Sleep Clause Mod: Limit one foe put to sleep
|rule|Species Clause: Limit one of each PokÃ©mon
|rule|OHKO Clause: OHKO moves are banned
|rule|Moody Clause: Moody is banned
|rule|Evasion Moves Clause: Evasion moves are banned
|rule|Endless Battle Clause: Forcing endless battles is banned
|rule|HP Percentage Mod: HP is shown in percentages
|teampreview
|join|Tbh JS
|c| Zenzo|spoiler:go bloody!
Aka DH turned on modjoin.
|raw|<div class="broadcast-red"><b>Moderated chat was set to +!<\/b><br \/>Only users of rank + and higher can talk.<\/div>
Aka DH made this room hidden.
|
|start
|switch|p1a: Heatran|Heatran, M|340\/340
|switch|p2a: Scolipede|Scolipede, M|324\/324
|-item|p1a: Heatran|Air Balloon
|turn|1
|
|move|p1a: Heatran|Toxic|p2a: Scolipede
|-fail|p2a: Scolipede
|move|p2a: Scolipede|Substitute|p2a: Scolipede
|-start|p2a: Scolipede|Substitute
|-damage|p2a: Scolipede|243\/324
|
|-heal|p2a: Scolipede|263\/324|[from] item: Leftovers
|-boost|p2a: Scolipede|spe|1|[from] ability: Speed Boost
|turn|2
|
|move|p2a: Scolipede|Baton Pass|p2a: Scolipede
|
|switch|p2a: Espeon|Espeon, M|334\/334
|move|p1a: Heatran|Taunt|p2a: Espeon
|move|p2a: Espeon|Taunt|p1a: Heatran|[from]Magic Bounce
|-start|p1a: Heatran|move: Taunt
|
|turn|3
|
|move|p2a: Espeon|Calm Mind|p2a: Espeon
|-boost|p2a: Espeon|spa|1
|-boost|p2a: Espeon|spd|1
|move|p1a: Heatran|Fire Blast|p2a: Espeon
|-activate|p2a: Espeon|Substitute|[damage]
|
|turn|4
|
|move|p2a: Espeon|Calm Mind|p2a: Espeon
|-boost|p2a: Espeon|spa|1
|-boost|p2a: Espeon|spd|1
|move|p1a: Heatran|Fire Blast|p2a: Espeon
|-end|p2a: Espeon|Substitute
|
|turn|5
|
|switch|p1a: Chansey|Chansey, F|684\/684
|move|p2a: Espeon|Dazzling Gleam|p1a: Chansey
|-damage|p1a: Chansey|588\/684
|
|turn|6
|
|move|p2a: Espeon|Calm Mind|p2a: Espeon
|-boost|p2a: Espeon|spa|1
|-boost|p2a: Espeon|spd|1
|move|p1a: Chansey|Seismic Toss|p2a: Espeon
|-damage|p2a: Espeon|234\/334
|
|-heal|p2a: Espeon|254\/334|[from] item: Leftovers
|turn|7
|
|switch|p1a: Bisharp|Bisharp, M|334\/334
|move|p2a: Espeon|Calm Mind|p2a: Espeon
|-boost|p2a: Espeon|spa|1
|-boost|p2a: Espeon|spd|1
|
|-heal|p2a: Espeon|274\/334|[from] item: Leftovers
|turn|8
|
|switch|p2a: Quagsire|Quagsire, F|394\/394
|move|p1a: Bisharp|Sucker Punch|p2a: Quagsire
|-fail|p2a: Quagsire
|
|turn|9
|
|switch|p1a: Venusaur|Venusaur, M|364\/364
|move|p2a: Quagsire|Scald|p1a: Venusaur
|-resisted|p1a: Venusaur
|-damage|p1a: Venusaur|331\/364
|
|turn|10
|
|switch|p2a: Clefable|Clefable, M|394\/394
|detailschange|p1a: Venusaur|Venusaur-Mega, M
|-mega|p1a: Venusaur|Venusaur|Venusaurite
|move|p1a: Venusaur|Leech Seed|p2a: Clefable
|-start|p2a: Clefable|move: Leech Seed
|
|turn|11
|
|switch|p1a: Heatran|Heatran, M|340\/340
|-item|p1a: Heatran|Air Balloon
|move|p2a: Clefable|Calm Mind|p2a: Clefable
|-boost|p2a: Clefable|spa|1
|-boost|p2a: Clefable|spd|1
|
|turn|12
|
|move|p1a: Heatran|Taunt|p2a: Clefable
|-start|p2a: Clefable|move: Taunt
|move|p2a: Clefable|Stored Power|p1a: Heatran
|-resisted|p1a: Heatran
|-damage|p1a: Heatran|305\/340
|-enditem|p1a: Heatran|Air Balloon
|
|turn|13
|
|switch|p2a: Quagsire|Quagsire, F|394\/394
|move|p1a: Heatran|Fire Blast|p2a: Quagsire
|-resisted|p2a: Quagsire
|-damage|p2a: Quagsire|273\/394
|
|turn|14
|
|move|p1a: Heatran|Stealth Rock|p2a: Quagsire
|-sidestart|p2: ManuelEnciso123|move: Stealth Rock
|move|p2a: Quagsire|Scald|p1a: Heatran
|-supereffective|p1a: Heatran
|-damage|p1a: Heatran|189\/340
|
|turn|15
|
|switch|p1a: Venusaur|Venusaur-Mega, M|331\/364
|move|p2a: Quagsire|Scald|p1a: Venusaur
|-resisted|p1a: Venusaur
|-damage|p1a: Venusaur|304\/364
|
|turn|16
|
|switch|p2a: Clefable|Clefable, M|394\/394
|move|p1a: Venusaur|Giga Drain|p2a: Clefable
|-damage|p2a: Clefable|310\/394
|-heal|p1a: Venusaur|346\/364|[from] drain|[of] p2a: Clefable
|
|-heal|p2a: Clefable|334\/394|[from] item: Leftovers
|turn|17
|
|switch|p1a: Heatran|Heatran, M|189\/340
|move|p2a: Clefable|Calm Mind|p2a: Clefable
|-boost|p2a: Clefable|spa|1
|-boost|p2a: Clefable|spd|1
|
|-heal|p2a: Clefable|358\/394|[from] item: Leftovers
|turn|18
|
|move|p1a: Heatran|Fire Blast|p2a: Clefable
|-damage|p2a: Clefable|267\/394
|move|p2a: Clefable|Calm Mind|p2a: Clefable
|-boost|p2a: Clefable|spa|1
|-boost|p2a: Clefable|spd|1
|
|-heal|p2a: Clefable|291\/394|[from] item: Leftovers
|turn|19
|
|move|p1a: Heatran|Taunt|p2a: Clefable
|-start|p2a: Clefable|move: Taunt
|move|p2a: Clefable|Stored Power|p1a: Heatran
|-resisted|p1a: Heatran
|-damage|p1a: Heatran|115\/340
|
|-heal|p2a: Clefable|315\/394|[from] item: Leftovers
|turn|20
|
|switch|p1a: Bisharp|Bisharp, M|334\/334
|move|p2a: Clefable|Stored Power|p1a: Bisharp
|-immune|p1a: Bisharp|[msg]
|
|-heal|p2a: Clefable|339\/394|[from] item: Leftovers
|turn|21
|
|move|p1a: Bisharp|Iron Head|p2a: Clefable
|-supereffective|p2a: Clefable
|-damage|p2a: Clefable|0 fnt
|faint|p2a: Clefable
|
|
|switch|p2a: Scolipede|Scolipede, M|263\/324
|-damage|p2a: Scolipede|182\/324|[from] Stealth Rock
|turn|22
|
|move|p2a: Scolipede|Iron Defense|p2a: Scolipede
|-boost|p2a: Scolipede|def|2
|move|p1a: Bisharp|Swords Dance|p1a: Bisharp
|-boost|p1a: Bisharp|atk|2
|
|-heal|p2a: Scolipede|202\/324|[from] item: Leftovers
|-boost|p2a: Scolipede|spe|1|[from] ability: Speed Boost
|turn|23
|
|move|p2a: Scolipede|Protect|p2a: Scolipede
|-singleturn|p2a: Scolipede|Protect
|move|p1a: Bisharp|Knock Off|p2a: Scolipede
|-activate|p2a: Scolipede|Protect
|
|-heal|p2a: Scolipede|222\/324|[from] item: Leftovers
|-boost|p2a: Scolipede|spe|1|[from] ability: Speed Boost
|turn|24
|
|move|p2a: Scolipede|Substitute|p2a: Scolipede
|-start|p2a: Scolipede|Substitute
|-damage|p2a: Scolipede|141\/324
|move|p1a: Bisharp|Knock Off|p2a: Scolipede
|-end|p2a: Scolipede|Substitute
|
|-heal|p2a: Scolipede|161\/324|[from] item: Leftovers
|-boost|p2a: Scolipede|spe|1|[from] ability: Speed Boost
|turn|25
|
|move|p2a: Scolipede|Protect|p2a: Scolipede
|-singleturn|p2a: Scolipede|Protect
|move|p1a: Bisharp|Knock Off|p2a: Scolipede
|-activate|p2a: Scolipede|Protect
|
|-heal|p2a: Scolipede|181\/324|[from] item: Leftovers
|-boost|p2a: Scolipede|spe|1|[from] ability: Speed Boost
|turn|26
|
|move|p2a: Scolipede|Iron Defense|p2a: Scolipede
|-boost|p2a: Scolipede|def|2
|move|p1a: Bisharp|Knock Off|p2a: Scolipede
|-damage|p2a: Scolipede|79\/324
|-enditem|p2a: Scolipede|Leftovers|[from] move: Knock Off|[of] p1a: Bisharp
|
|-boost|p2a: Scolipede|spe|1|[from] ability: Speed Boost
|turn|27
|
|move|p2a: Scolipede|Baton Pass|p2a: Scolipede
|
|switch|p2a: Gallade|Gallade, M|340\/340
|-damage|p2a: Gallade|319\/340|[from] Stealth Rock
|move|p1a: Bisharp|Knock Off|p2a: Gallade
|-damage|p2a: Gallade|210\/340
|-boost|p2a: Gallade|atk|1|[from] ability: Justified
|
|turn|28
|
|switch|p1a: Heatran|Heatran, M|115\/340
|detailschange|p2a: Gallade|Gallade-Mega, M
|-mega|p2a: Gallade|Gallade|Galladite
|move|p2a: Gallade|Drain Punch|p1a: Heatran
|-supereffective|p1a: Heatran
|-damage|p1a: Heatran|0 fnt
|-heal|p2a: Gallade|268\/340|[from] drain|[of] p1a: Heatran
|faint|p1a: Heatran
|
|
|switch|p1a: Skarmory|Skarmory, F|334\/334
|turn|29
|
|move|p2a: Gallade|Drain Punch|p1a: Skarmory
|-damage|p1a: Skarmory|159\/334
|-heal|p2a: Gallade|340\/340|[from] drain|[of] p1a: Skarmory
|-damage|p2a: Gallade|284\/340|[from] item: Rocky Helmet|[of] p1a: Skarmory
|move|p1a: Skarmory|Whirlwind|p2a: Gallade
|drag|p2a: Espeon|Espeon, M|274\/334
|-damage|p2a: Espeon|233\/334|[from] Stealth Rock
|
|-heal|p2a: Espeon|253\/334|[from] item: Leftovers
|turn|30
|
|switch|p2a: Quagsire|Quagsire, F|273\/394
|-damage|p2a: Quagsire|249\/394|[from] Stealth Rock
|switch|p1a: Bisharp|Bisharp, M|334\/334
|
|turn|31
|
|switch|p1a: Venusaur|Venusaur-Mega, M|346\/364
|move|p2a: Quagsire|Earthquake|p1a: Venusaur
|-damage|p1a: Venusaur|268\/364
|
|turn|32
|
|move|p1a: Venusaur|Giga Drain|p2a: Quagsire
|-supereffective|p2a: Quagsire
|-damage|p2a: Quagsire|0 fnt
|-heal|p1a: Venusaur|364\/364|[from] drain|[of] p2a: Quagsire
|faint|p2a: Quagsire
|
|
|switch|p2a: Scolipede|Scolipede, M|79\/324
|-damage|p2a: Scolipede|0 fnt|[from] Stealth Rock
|faint|p2a: Scolipede
|-message|ManuelEnciso123 forfeited.
|leave|ManuelEnciso123
|
|win|Aka DH
|raw|Ladder updating...
|player|p2
|raw|Aka DH's rating: 1538 &rarr; <strong>1549<\/strong><br \/>(+11 for winning)
|raw|ManuelEnciso123's rating: 1360 &rarr; <strong>1350<\/strong><br \/>(-10 for losing)