|join|Guesst 50793
|join|ManuelEnciso123
|player|p1|Guesst 50793|265
|player|p2|ManuelEnciso123|102
|gametype|singles
|gen|6
|tier|OU (suspect test)
|rated
|clearpoke
|poke|p1|Registeel
|poke|p1|Mamoswine, F
|poke|p1|Hydreigon, M
|poke|p1|Slowbro, M
|poke|p1|Talonflame, M
|poke|p1|Xatu, F
|poke|p2|Scolipede, M
|poke|p2|Quagsire, M
|poke|p2|Abomasnow, M
|poke|p2|Espeon, M
|poke|p2|Gallade, M
|poke|p2|Kingdra, M
|rule|Swagger Clause: Swagger is banned
|rule|Baton Pass Clause: Limit one PokÃ©mon knowing Baton Pass
|rule|Sleep Clause Mod: Limit one foe put to sleep
|rule|Species Clause: Limit one of each PokÃ©mon
|rule|OHKO Clause: OHKO moves are banned
|rule|Moody Clause: Moody is banned
|rule|Evasion Moves Clause: Evasion moves are banned
|rule|Endless Battle Clause: Forcing endless battles is banned
|rule|HP Percentage Mod: HP is shown in percentages
|teampreview
|
|start
|switch|p1a: Slowbro|Slowbro, M|394\/394
|switch|p2a: Scolipede|Scolipede, M|324\/324
|turn|1
|
|move|p2a: Scolipede|Iron Defense|p2a: Scolipede
|-boost|p2a: Scolipede|def|2
|move|p1a: Slowbro|Trick Room|p1a: Slowbro
|-fieldstart|move: Trick Room|[of] p1a: Slowbro
|
|-boost|p2a: Scolipede|spe|1|[from] ability: Speed Boost
|turn|2
|
|move|p2a: Scolipede|Protect|p2a: Scolipede
|-singleturn|p2a: Scolipede|Protect
|move|p1a: Slowbro|Psychic|p2a: Scolipede
|-activate|p2a: Scolipede|Protect
|
|-boost|p2a: Scolipede|spe|1|[from] ability: Speed Boost
|turn|3
|
|switch|p2a: Tito|Quagsire, M|394\/394
|move|p1a: Slowbro|Psychic|p2a: Tito
|-damage|p2a: Tito|168\/394
|
|turn|4
|c|âGuesst 50793|lol
|
|move|p1a: Slowbro|Psychic|p2a: Tito
|-damage|p2a: Tito|0 fnt
|faint|p2a: Tito
|
|
|switch|p2a: Scolipede|Scolipede, M|324\/324
|turn|5
|
|move|p2a: Scolipede|Protect|p2a: Scolipede
|-singleturn|p2a: Scolipede|Protect
|move|p1a: Slowbro|Psychic|p2a: Scolipede
|-activate|p2a: Scolipede|Protect
|
|-fieldend|move: Trick Room
|-boost|p2a: Scolipede|spe|1|[from] ability: Speed Boost
|turn|6
|
|move|p2a: Scolipede|Iron Defense|p2a: Scolipede
|-boost|p2a: Scolipede|def|2
|move|p1a: Slowbro|Psychic|p2a: Scolipede
|-supereffective|p2a: Scolipede
|-damage|p2a: Scolipede|0 fnt
|faint|p2a: Scolipede
|
|
|switch|p2a: Kingdra|Kingdra, M|353\/353
|turn|7
|
|move|p2a: Kingdra|Focus Energy|p2a: Kingdra
|-start|p2a: Kingdra|move: Focus Energy
|move|p1a: Slowbro|Trick Room|p1a: Slowbro
|-fieldstart|move: Trick Room|[of] p1a: Slowbro
|
|turn|8
|
|switch|p1a: Registeel|Registeel|364\/364
|move|p2a: Kingdra|Draco Meteor|p1a: Registeel
|-crit|p1a: Registeel
|-resisted|p1a: Registeel
|-damage|p1a: Registeel|243\/364
|-unboost|p2a: Kingdra|spa|2
|
|-heal|p1a: Registeel|265\/364|[from] item: Leftovers
|turn|9
|
|move|p1a: Registeel|Seismic Toss|p2a: Kingdra
|-damage|p2a: Kingdra|253\/353
|move|p2a: Kingdra|Surf|p1a: Registeel
|-crit|p1a: Registeel
|-damage|p1a: Registeel|79\/364
|
|-heal|p1a: Registeel|101\/364|[from] item: Leftovers
|turn|10
|
|move|p1a: Registeel|Seismic Toss|p2a: Kingdra
|-damage|p2a: Kingdra|153\/353
|move|p2a: Kingdra|Surf|p1a: Registeel
|-crit|p1a: Registeel
|-damage|p1a: Registeel|0 fnt
|faint|p1a: Registeel
|
|
|switch|p1a: Mamoswine|Mamoswine, F|361\/361
|turn|11
|
|move|p2a: Kingdra|Surf|p1a: Mamoswine
|-crit|p1a: Mamoswine
|-supereffective|p1a: Mamoswine
|-damage|p1a: Mamoswine|0 fnt
|faint|p1a: Mamoswine
|
|-fieldend|move: Trick Room
|
|switch|p1a: Hydreigon|Hydreigon, M|325\/325
|turn|12
|
|move|p1a: Hydreigon|Dark Pulse|p2a: Kingdra
|-damage|p2a: Kingdra|0 fnt
|faint|p2a: Kingdra
|
|
|switch|p2a: Gallade|Gallade, M|340\/340
|turn|13
|
|switch|p1a: Slowbro|Slowbro, M|394\/394
|move|p2a: Gallade|Drain Punch|p1a: Slowbro
|-resisted|p1a: Slowbro
|-damage|p1a: Slowbro|327\/394
|
|-heal|p1a: Slowbro|351\/394|[from] item: Leftovers
|turn|14
|
|detailschange|p2a: Gallade|Gallade-Mega, M
|-mega|p2a: Gallade|Gallade|Galladite
|move|p2a: Gallade|Knock Off|p1a: Slowbro
|-supereffective|p1a: Slowbro
|-damage|p1a: Slowbro|95\/394
|-enditem|p1a: Slowbro|Leftovers|[from] move: Knock Off|[of] p2a: Gallade
|move|p1a: Slowbro|Trick Room|p1a: Slowbro
|-fieldstart|move: Trick Room|[of] p1a: Slowbro
|
|turn|15
|
|move|p2a: Gallade|Shadow Sneak|p1a: Slowbro
|-supereffective|p1a: Slowbro
|-damage|p1a: Slowbro|0 fnt
|faint|p1a: Slowbro
|
|
|switch|p1a: Hydreigon|Hydreigon, M|325\/325
|turn|16
|
|move|p2a: Gallade|Drain Punch|p1a: Hydreigon
|-supereffective|p1a: Hydreigon
|-damage|p1a: Hydreigon|0 fnt
|faint|p1a: Hydreigon
|
|
|switch|p1a: Talonflame|Talonflame, M|360\/360
|turn|17
|c|âGuesst 50793|weird set
|
|switch|p2a: Espeon|Espeon, M|334\/334
|move|p1a: Talonflame|Swords Dance|p1a: Talonflame
|-boost|p1a: Talonflame|atk|2
|
|turn|18
|
|move|p1a: Talonflame|Brave Bird|p2a: Espeon
|-damage|p2a: Espeon|0 fnt
|-damage|p1a: Talonflame|250\/360|[from] recoil|[of] p2a: Espeon
|faint|p2a: Espeon
|
|-heal|p1a: Talonflame|272\/360|[from] item: Leftovers
|-fieldend|move: Trick Room
|
|switch|p2a: Snow|Abomasnow, M|384\/384
|turn|19
|
|move|p1a: Talonflame|Brave Bird|p2a: Snow
|-supereffective|p2a: Snow
|-damage|p2a: Snow|0 fnt
|-damage|p1a: Talonflame|145\/360|[from] recoil|[of] p2a: Snow
|faint|p2a: Snow
|
|-heal|p1a: Talonflame|167\/360|[from] item: Leftovers
|
|switch|p2a: Gallade|Gallade-Mega, M|340\/340
|turn|20
|c|âGuesst 50793|gg
|
|move|p1a: Talonflame|Brave Bird|p2a: Gallade
|-supereffective|p2a: Gallade
|-damage|p2a: Gallade|0 fnt
|-damage|p1a: Talonflame|55\/360|[from] recoil|[of] p2a: Gallade
|faint|p2a: Gallade
|
|win|Guesst 50793
|raw|Ladder updating...
|raw|Guesst 50793's rating: 1458 &rarr; <strong>1477<\/strong><br \/>(+19 for winning)
|raw|ManuelEnciso123's rating: 1457 &rarr; <strong>1437<\/strong><br \/>(-20 for losing)