|join|SweetPosho
|join|ManuelEnciso123
|unlink|||tour
|player|p1|SweetPosho|170
|player|p2|ManuelEnciso123|33
|gametype|singles
|gen|6
|tier|OU
|clearpoke
|poke|p1|Diancie|item
|poke|p1|Celebi|item
|poke|p1|Alomomola, M|item
|poke|p1|Talonflame, F|item
|poke|p1|Weavile, M|item
|poke|p1|Excadrill, F|item
|poke|p2|Scolipede, M|item
|poke|p2|Quagsire, M|item
|poke|p2|Espeon, M|item
|poke|p2|Kingdra, M|item
|poke|p2|Bronzong|item
|poke|p2|Scrafty, F|item
|rule|ClÃ¡usula de Swagger: se prohibe el uso de Swagger
|rule|ClÃ¡usula de Baton Pass: se prohÃ­be mÃ¡s de 1 PokÃ©mon con Baton Pass
|rule|ClÃ¡usula-Mod de Dormir: solo puedes dormir a uno de tus oponentes a la vez.
|rule|ClÃ¡usula de Especie: Hasta un PokÃ©mon de cada especie
|rule|ClÃ¡usula de Golpe Fulminante: los movimientos fulminantes (OHKO) estan prohibidos
|rule|ClÃ¡usula de Moody: la habilidad Moody estÃ¡ prohibida
|rule|ClÃ¡usula de Movimientos Evasivos: los movimientos de evasion estan prohibidos
|rule|ClÃ¡usula de Batallas Eternas: forzar batallas eternas estÃ¡ prohibido
|rule|Modo de Porcentaje de HP: el HP es mostrado en porcentaje
|teampreview
|join|Empanada Frita
|join|EV Umbreon
|c|âSweetPosho|hablando de bp
|join|SamTest UuUr
|c|âEmpanada Frita|el brnzong es especial
|join|Plastico
|
|start
|switch|p1a: Talonflame|Talonflame, F|360\/360
|switch|p2a: å¾³å· å®¶åº·|Scolipede, M|324\/324
|turn|1
|
|switch|p2a: Tito|Quagsire, M|394\/394
|move|p1a: Talonflame|Brave Bird|p2a: Tito
|-damage|p2a: Tito|295\/394
|-damage|p1a: Talonflame|327\/360|[from] recoil|[of] p2a: Tito
|
|-heal|p1a: Talonflame|349\/360|[from] item: Leftovers
|turn|2
|c|âEmpanada Frita|y el quagsire sitrus berry
|c|âEmpanada Frita|nada mas uvu
|
|move|p1a: Talonflame|Taunt|p2a: Tito
|-start|p2a: Tito|move: Taunt
|cant|p2a: Tito|move: Taunt|Toxic
|
|-heal|p1a: Talonflame|360\/360|[from] item: Leftovers
|turn|3
|c|+EV Umbreon|El bp
|join|V8RWARCT
|c|+EV Umbreon|Empanada casi le gana con lc
|
|move|p1a: Talonflame|Will-O-Wisp|p2a: Tito|[miss]
|-miss|p1a: Talonflame|p2a: Tito
|move|p2a: Tito|Scald|p1a: Talonflame
|-supereffective|p1a: Talonflame
|-damage|p1a: Talonflame|238\/360
|
|-heal|p1a: Talonflame|260\/360|[from] item: Leftovers
|turn|4
|join|(TRK) teso24
|c|+EV Umbreon|Y lo haxearon
|leave|SamTest UuUr
|c|âSweetPosho|como perdiste empanada
|c|âSweetPosho|ah
|c|âEmpanada Frita|me equivoque de team
|c|âEmpanada Frita|pero al final me quedo el honguito lc
|c|âEmpanada Frita|y le metio crit :v
|
|move|p1a: Talonflame|Will-O-Wisp|p2a: Tito
|-status|p2a: Tito|brn
|move|p2a: Tito|Scald|p1a: Talonflame
|-supereffective|p1a: Talonflame
|-damage|p1a: Talonflame|138\/360
|
|-heal|p1a: Talonflame|160\/360|[from] item: Leftovers
|-damage|p2a: Tito|246\/394 brn|[from] brn
|-end|p2a: Tito|move: Taunt
|turn|5
|
|move|p1a: Talonflame|Taunt|p2a: Tito
|-start|p2a: Tito|move: Taunt
|move|p2a: Tito|Scald|p1a: Talonflame
|-supereffective|p1a: Talonflame
|-damage|p1a: Talonflame|34\/360
|
|-heal|p1a: Talonflame|56\/360|[from] item: Leftovers
|-damage|p2a: Tito|197\/394 brn|[from] brn
|-enditem|p2a: Tito|Sitrus Berry|[eat]
|-heal|p2a: Tito|295\/394 brn|[from] item: Sitrus Berry
|turn|6
|join|Sam-Vil<3
|
|move|p1a: Talonflame|Roost|p1a: Talonflame
|-heal|p1a: Talonflame|236\/360
|move|p2a: Tito|Earthquake|p1a: Talonflame
|-supereffective|p1a: Talonflame
|-damage|p1a: Talonflame|108\/360
|
|-heal|p1a: Talonflame|130\/360|[from] item: Leftovers
|-damage|p2a: Tito|246\/394 brn|[from] brn
|turn|7
|
|move|p1a: Talonflame|Roost|p1a: Talonflame
|-heal|p1a: Talonflame|310\/360
|move|p2a: Tito|Scald|p1a: Talonflame
|-supereffective|p1a: Talonflame
|-damage|p1a: Talonflame|196\/360
|
|-heal|p1a: Talonflame|218\/360|[from] item: Leftovers
|-damage|p2a: Tito|197\/394 brn|[from] brn
|-end|p2a: Tito|move: Taunt
|turn|8
|
|move|p1a: Talonflame|Taunt|p2a: Tito
|-start|p2a: Tito|move: Taunt
|cant|p2a: Tito|move: Taunt|Toxic
|
|-heal|p1a: Talonflame|240\/360|[from] item: Leftovers
|-damage|p2a: Tito|148\/394 brn|[from] brn
|turn|9
|
|move|p1a: Talonflame|Brave Bird|p2a: Tito
|-crit|p2a: Tito
|-damage|p2a: Tito|0 fnt
|-damage|p1a: Talonflame|191\/360|[from] recoil|[of] p2a: Tito
|faint|p2a: Tito
|
|-heal|p1a: Talonflame|213\/360|[from] item: Leftovers
|
|switch|p2a: å¾³å· å®¶åº·|Scolipede, M|324\/324
|turn|10
|
|move|p1a: Talonflame|Brave Bird|p2a: å¾³å· å®¶åº·
|-supereffective|p2a: å¾³å· å®¶åº·
|-damage|p2a: å¾³å· å®¶åº·|150\/324
|-damage|p1a: Talonflame|156\/360|[from] recoil|[of] p2a: å¾³å· å®¶åº·
|move|p2a: å¾³å· å®¶åº·|Iron Defense|p2a: å¾³å· å®¶åº·
|-boost|p2a: å¾³å· å®¶åº·|def|2
|
|-heal|p1a: Talonflame|178\/360|[from] item: Leftovers
|-boost|p2a: å¾³å· å®¶åº·|spe|1|[from] ability: Speed Boost
|turn|11
|leave|Empanada Frita
|c|âSweetPosho|esto da
|c|âSweetPosho|mucha pena
|c|âSweetPosho|sadly
|
|move|p1a: Talonflame|Brave Bird|p2a: å¾³å· å®¶åº·
|-supereffective|p2a: å¾³å· å®¶åº·
|-damage|p2a: å¾³å· å®¶åº·|60\/324
|-damage|p1a: Talonflame|148\/360|[from] recoil|[of] p2a: å¾³å· å®¶åº·
|move|p2a: å¾³å· å®¶åº·|Baton Pass|p2a: å¾³å· å®¶åº·
|
|switch|p2a: Kingdra|Kingdra, M|353\/353
|
|-heal|p1a: Talonflame|170\/360|[from] item: Leftovers
|turn|12
|
|switch|p1a: Alomomola|Alomomola, M|524\/524
|move|p2a: Kingdra|Focus Energy|p2a: Kingdra
|-start|p2a: Kingdra|move: Focus Energy
|
|turn|13
|
|move|p2a: Kingdra|Draco Meteor|p1a: Alomomola
|-crit|p1a: Alomomola
|-damage|p1a: Alomomola|0 fnt
|-unboost|p2a: Kingdra|spa|2
|faint|p1a: Alomomola
|
|c|âSweetPosho|joder
|
|switch|p1a: Celebi|Celebi|404\/404
|turn|14
|
|move|p2a: Kingdra|Draco Meteor|p1a: Celebi
|-crit|p1a: Celebi
|-damage|p1a: Celebi|0 fnt
|-unboost|p2a: Kingdra|spa|2
|faint|p1a: Celebi
|
|c|âSweetPosho|me da sida
|c|âSweetPosho|ese set
|
|switch|p1a: Diancie|Diancie|241\/241
|turn|15
|
|detailschange|p1a: Diancie|Diancie-Mega
|-mega|p1a: Diancie|Diancie|Diancite
|move|p2a: Kingdra|Surf|p1a: Diancie
|-crit|p1a: Diancie
|-supereffective|p1a: Diancie
|-damage|p1a: Diancie|0 fnt
|faint|p1a: Diancie
|
|leave|Sam-Vil<3
|c|âSweetPosho|bg
|join|Cordex~Max
|
|switch|p1a: Weavile|Weavile, M|280\/280
|-ability|p1a: Weavile|Pressure
|turn|16
|
|move|p1a: Weavile|Knock Off|p2a: Kingdra
|-damage|p2a: Kingdra|231\/353
|-enditem|p2a: Kingdra|Scope Lens|[from] move: Knock Off|[of] p1a: Weavile
|-damage|p1a: Weavile|252\/280|[from] item: Life Orb
|move|p2a: Kingdra|Flash Cannon|p1a: Weavile
|-supereffective|p1a: Weavile
|-damage|p1a: Weavile|186\/280
|-unboost|p1a: Weavile|spd|1
|
|turn|17
|c|+Cordex~Max|dat drop
|
|switch|p2a: å¾³å· å®¶åº·|Scolipede, M|60\/324
|move|p1a: Weavile|Ice Punch|p2a: å¾³å· å®¶åº·
|-damage|p2a: å¾³å· å®¶åº·|0 fnt
|-damage|p1a: Weavile|158\/280|[from] item: Life Orb
|faint|p2a: å¾³å· å®¶åº·
|
|c|âSweetPosho|choke
|
|switch|p2a: Scrafty|Scrafty, F|334\/334
|turn|18
|
|move|p1a: Weavile|Low Kick|p2a: Scrafty
|-supereffective|p2a: Scrafty
|-damage|p2a: Scrafty|178\/334
|-damage|p1a: Weavile|130\/280|[from] item: Life Orb
|move|p2a: Scrafty|Drain Punch|p1a: Weavile
|-supereffective|p1a: Weavile
|-damage|p1a: Weavile|0 fnt
|-heal|p2a: Scrafty|243\/334|[from] drain|[of] p1a: Weavile
|faint|p1a: Weavile
|
|-heal|p2a: Scrafty|263\/334|[from] item: Leftovers
|
|switch|p1a: Talonflame|Talonflame, F|170\/360
|turn|19
|c|âSweetPosho|esto me da
|c|âSweetPosho|distintos tipos
|c|âSweetPosho|de sida
|
|move|p1a: Talonflame|Will-O-Wisp|p2a: Scrafty|[miss]
|-miss|p1a: Talonflame|p2a: Scrafty
|move|p2a: Scrafty|Knock Off|p1a: Talonflame
|-damage|p1a: Talonflame|0 fnt
|-enditem|p1a: Talonflame|Leftovers|[from] move: Knock Off|[of] p2a: Scrafty
|faint|p1a: Talonflame
|
|-heal|p2a: Scrafty|283\/334|[from] item: Leftovers
|c|âSweetPosho|joder
|c|+EV Umbreon|Jajajaja
|c|âSweetPosho|.l.
|c|âSweetPosho|que puto asco
|c|âManuelEnciso123|no ganabas igual
|c|âSweetPosho|haxer 
|c|+EV Umbreon|Es shed skin
|c|âSweetPosho|igual
|c|âSweetPosho|es free turn
|c|âSweetPosho|para roost
|c|âSweetPosho|y matar el resto del team
|c|âSweetPosho|con exca
|c|âSweetPosho|pero anyways
|join|Rock-X
|
|switch|p1a: Excadrill|Excadrill, F|424\/424
|-ability|p1a: Excadrill|Mold Breaker
|turn|20
|join|â¿ Seniel â¿
|
|move|p1a: Excadrill|Iron Head|p2a: Scrafty
|-damage|p2a: Scrafty|174\/334
|move|p2a: Scrafty|Drain Punch|p1a: Excadrill
|-supereffective|p1a: Excadrill
|-damage|p1a: Excadrill|94\/424
|-heal|p2a: Scrafty|334\/334|[from] drain|[of] p1a: Excadrill
|
|-heal|p1a: Excadrill|120\/424|[from] item: Leftovers
|turn|21
|leave|â¿ Seniel â¿
|c|âSweetPosho|tus padres se perdieron
|c|âSweetPosho|tremendo aborto
|
|move|p1a: Excadrill|Iron Head|p2a: Scrafty
|-damage|p2a: Scrafty|228\/334
|cant|p2a: Scrafty|flinch
|
|-heal|p1a: Excadrill|146\/424|[from] item: Leftovers
|-heal|p2a: Scrafty|248\/334|[from] item: Leftovers
|turn|22
|
|move|p1a: Excadrill|Iron Head|p2a: Scrafty
|-damage|p2a: Scrafty|142\/334
|move|p2a: Scrafty|Drain Punch|p1a: Excadrill
|-supereffective|p1a: Excadrill
|-damage|p1a: Excadrill|0 fnt
|-heal|p2a: Scrafty|215\/334|[from] drain|[of] p1a: Excadrill
|faint|p1a: Excadrill
|
|win|ManuelEnciso123
|leave|EV Umbreon
|leave|SweetPosho
|player|p1
|leave|Rock-X
|leave|ManuelEnciso123
|player|p2
|join|â¡DÎ±rk~SÃ¸ul'sâ¡
|join|ORAS Bennard
|leave|â¡DÎ±rk~SÃ¸ul'sâ¡
|leave|V8RWARCT
|join|Link el de Zelda
|leave|ORAS Bennard
|leave|(TRK) teso24
|leave|Plastico
|leave|Link el de Zelda
|join|DisfrutaDeLaDisco
|leave|DisfrutaDeLaDisco
|join|ManuelEnciso123