|join|The Last Hero
|join|fifa2
|player|p1|The Last Hero|54
|player|p2|fifa2|257
|gametype|singles
|gen|6
|tier|OU
|rated
|clearpoke
|poke|p1|Gallade, M
|poke|p1|Heatran, M
|poke|p1|Rotom-Mow
|poke|p1|Tentacruel, M
|poke|p1|Rhyperior, M
|poke|p1|Togekiss, M
|poke|p2|Ninetales, F
|poke|p2|Donphan, F
|poke|p2|Heatran, M
|poke|p2|Gyarados, F
|poke|p2|Venusaur, M
|poke|p2|Charizard, M
|rule|Swagger Clause: Swagger is banned
|rule|Baton Pass Clause: Limit one PokÃ©mon knowing Baton Pass
|rule|Sleep Clause Mod: Limit one foe put to sleep
|rule|Species Clause: Limit one of each PokÃ©mon
|rule|OHKO Clause: OHKO moves are banned
|rule|Moody Clause: Moody is banned
|rule|Evasion Moves Clause: Evasion moves are banned
|rule|Endless Battle Clause: Forcing endless battles is banned
|rule|HP Percentage Mod: HP is shown in percentages
|teampreview
|
|start
|switch|p1a: Fire Boss|Heatran, M|323\/323
|switch|p2a: Charizard|Charizard, M|297\/297
|turn|1
|
|detailschange|p2a: Charizard|Charizard-Mega-X, M
|message|Charizard has Mega Evolved into Mega Charizard!
|move|p2a: Charizard|Earthquake|p1a: Fire Boss
|-supereffective|p1a: Fire Boss
|-damage|p1a: Fire Boss|0 fnt
|faint|p1a: Fire Boss
|
|
|switch|p1a: Rhyno|Rhyperior, M|433\/433
|turn|2
|
|switch|p2a: Donphan|Donphan, F|361\/361
|move|p1a: Rhyno|Stealth Rock|p2a: Donphan
|-sidestart|p2: fifa2|move: Stealth Rock
|
|turn|3
|
|move|p2a: Donphan|Rapid Spin|p1a: Rhyno
|-resisted|p1a: Rhyno
|-damage|p1a: Rhyno|424\/433
|-sideend|p2: fifa2|Stealth Rock|[from] move: Rapid Spin|[of] p2a: Donphan
|move|p1a: Rhyno|Earthquake|p2a: Donphan
|-damage|p2a: Donphan|222\/361
|
|-heal|p2a: Donphan|244\/361|[from] item: Leftovers
|-heal|p1a: Rhyno|433\/433|[from] item: Leftovers
|turn|4
|
|switch|p1a: Cortacabezas|Rotom-Mow|241\/241
|move|p2a: Donphan|Earthquake|p1a: Cortacabezas
|-immune|p1a: Cortacabezas|[msg]
|
|-heal|p2a: Donphan|266\/361|[from] item: Leftovers
|turn|5
|
|switch|p2a: Heatran|Heatran, M|386\/386
|move|p1a: Cortacabezas|Volt Switch|p2a: Heatran
|-damage|p2a: Heatran|310\/386
|
|switch|p1a: Gallade|Gallade, M|277\/277
|
|-heal|p2a: Heatran|334\/386|[from] item: Leftovers
|turn|6
|
|switch|p2a: Gyarados|Gyarados, F|394\/394
|-ability|p2a: Gyarados|Intimidate|[of] p1a: Gallade
|-unboost|p1a: Gallade|atk|1
|detailschange|p1a: Gallade|Gallade-Mega, M
|message|Gallade has Mega Evolved into Mega Gallade!
|move|p1a: Gallade|Close Combat|p2a: Gyarados
|-resisted|p2a: Gyarados
|-damage|p2a: Gyarados|319\/394
|-unboost|p1a: Gallade|def|1
|-unboost|p1a: Gallade|spd|1
|
|-heal|p2a: Gyarados|343\/394|[from] item: Leftovers
|turn|7
|
|switch|p1a: Cortacabezas|Rotom-Mow|241\/241
|switch|p2a: Ninetales|Ninetales, F|287\/287
|-weather|SunnyDay
|
|-weather|SunnyDay|[upkeep]
|turn|8
|
|switch|p1a: Tentacruel|Tentacruel, M|361\/361
|move|p2a: Ninetales|Will-O-Wisp|p1a: Tentacruel
|-status|p1a: Tentacruel|brn
|
|-weather|SunnyDay|[upkeep]
|-damage|p1a: Tentacruel|316\/361 brn|[from] brn
|turn|9
|
|switch|p2a: Charizard|Charizard-Mega-X, M|297\/297
|move|p1a: Tentacruel|Scald|p2a: Charizard
|-damage|p2a: Charizard|251\/297
|
|-weather|SunnyDay|[upkeep]
|-heal|p1a: Tentacruel|338\/361 brn|[from] item: Black Sludge
|-damage|p1a: Tentacruel|293\/361 brn|[from] brn
|turn|10
|
|switch|p1a: Rhyno|Rhyperior, M|433\/433
|move|p2a: Charizard|Overheat|p1a: Rhyno
|-resisted|p1a: Rhyno
|-damage|p1a: Rhyno|298\/433
|-unboost|p2a: Charizard|spa|2
|
|-weather|SunnyDay|[upkeep]
|-heal|p1a: Rhyno|325\/433|[from] item: Leftovers
|turn|11
|
|switch|p2a: Donphan|Donphan, F|266\/361
|switch|p1a: Hax Master|Togekiss, M|373\/373
|
|-weather|SunnyDay|[upkeep]
|-heal|p2a: Donphan|288\/361|[from] item: Leftovers
|turn|12
|
|switch|p2a: Heatran|Heatran, M|334\/386
|move|p1a: Hax Master|Air Slash|p2a: Heatran
|-resisted|p2a: Heatran
|-damage|p2a: Heatran|301\/386
|
|-weather|SunnyDay|[upkeep]
|-heal|p2a: Heatran|325\/386|[from] item: Leftovers
|turn|13
|
|move|p1a: Hax Master|Thunder Wave|p2a: Heatran
|-status|p2a: Heatran|par
|move|p2a: Heatran|Stealth Rock|p1a: Hax Master
|-sidestart|p1: The Last Hero|move: Stealth Rock
|
|-weather|SunnyDay|[upkeep]
|-heal|p2a: Heatran|349\/386 par|[from] item: Leftovers
|turn|14
|
|switch|p1a: Tentacruel|Tentacruel, M|293\/361 brn
|-damage|p1a: Tentacruel|248\/361 brn|[from] Stealth Rock
|move|p2a: Heatran|Lava Plume|p1a: Tentacruel
|-resisted|p1a: Tentacruel
|-damage|p1a: Tentacruel|173\/361 brn
|
|-weather|none
|-heal|p1a: Tentacruel|195\/361 brn|[from] item: Black Sludge
|-heal|p2a: Heatran|373\/386 par|[from] item: Leftovers
|-damage|p1a: Tentacruel|150\/361 brn|[from] brn
|turn|15
|
|switch|p2a: Charizard|Charizard-Mega-X, M|251\/297
|move|p1a: Tentacruel|Rapid Spin|p2a: Charizard
|-damage|p2a: Charizard|245\/297
|-sideend|p1: The Last Hero|Stealth Rock|[from] move: Rapid Spin|[of] p1a: Tentacruel
|
|-heal|p1a: Tentacruel|172\/361 brn|[from] item: Black Sludge
|-damage|p1a: Tentacruel|127\/361 brn|[from] brn
|turn|16
|
|switch|p1a: Hax Master|Togekiss, M|373\/373
|move|p2a: Charizard|Earthquake|p1a: Hax Master
|-immune|p1a: Hax Master|[msg]
|
|turn|17
|
|switch|p2a: Heatran|Heatran, M|373\/386 par
|switch|p1a: Gallade|Gallade-Mega, M|277\/277
|
|-heal|p2a: Heatran|386\/386 par|[from] item: Leftovers
|turn|18
|
|switch|p2a: Gyarados|Gyarados, F|343\/394
|-ability|p2a: Gyarados|Intimidate|[of] p1a: Gallade
|-unboost|p1a: Gallade|atk|1
|move|p1a: Gallade|Knock Off|p2a: Gyarados
|-crit|p2a: Gyarados
|-damage|p2a: Gyarados|177\/394
|-enditem|p2a: Gyarados|Leftovers|[from] move: Knock Off|[of] p1a: Gallade
|
|turn|19
|
|switch|p1a: Cortacabezas|Rotom-Mow|241\/241
|switch|p2a: Ninetales|Ninetales, F|287\/287
|-weather|SunnyDay
|
|-weather|SunnyDay|[upkeep]
|turn|20
|
|move|p1a: Cortacabezas|Volt Switch|p2a: Ninetales
|-damage|p2a: Ninetales|172\/287
|
|switch|p1a: Tentacruel|Tentacruel, M|127\/361 brn
|move|p2a: Ninetales|Overheat|p1a: Tentacruel
|-resisted|p1a: Tentacruel
|-damage|p1a: Tentacruel|20\/361 brn
|-unboost|p2a: Ninetales|spa|2
|
|-weather|SunnyDay|[upkeep]
|-heal|p1a: Tentacruel|42\/361 brn|[from] item: Black Sludge
|-damage|p1a: Tentacruel|0 fnt|[from] brn
|faint|p1a: Tentacruel
|
|switch|p1a: Gallade|Gallade-Mega, M|277\/277
|turn|21
|
|move|p1a: Gallade|Zen Headbutt|p2a: Ninetales
|-damage|p2a: Ninetales|0 fnt
|faint|p2a: Ninetales
|
|-weather|SunnyDay|[upkeep]
|
|switch|p2a: Gyarados|Gyarados, F|177\/394
|-ability|p2a: Gyarados|Intimidate|[of] p1a: Gallade
|-unboost|p1a: Gallade|atk|1
|turn|22
|
|switch|p1a: Cortacabezas|Rotom-Mow|241\/241
|move|p2a: Gyarados|Dragon Tail|p1a: Cortacabezas|[miss]
|-miss|p2a: Gyarados|p1a: Cortacabezas
|
|-weather|SunnyDay|[upkeep]
|turn|23
|
|switch|p2a: Donphan|Donphan, F|288\/361
|move|p1a: Cortacabezas|Trick|p2a: Donphan
|-activate|p1a: Cortacabezas|move: Trick|[of] p2a: Donphan
|-item|p2a: Donphan|Choice Scarf|[from] move: Trick
|-item|p1a: Cortacabezas|Leftovers|[from] move: Trick
|
|-weather|SunnyDay|[upkeep]
|turn|24
|
|switch|p2a: Venusaur|Venusaur, M|338\/338
|move|p1a: Cortacabezas|Volt Switch|p2a: Venusaur
|-resisted|p2a: Venusaur
|-damage|p2a: Venusaur|281\/338
|
|switch|p1a: Gallade|Gallade-Mega, M|277\/277
|
|-weather|SunnyDay|[upkeep]
|-heal|p2a: Venusaur|302\/338|[from] item: Black Sludge
|turn|25
|
|switch|p2a: Gyarados|Gyarados, F|177\/394
|-ability|p2a: Gyarados|Intimidate|[of] p1a: Gallade
|-unboost|p1a: Gallade|atk|1
|move|p1a: Gallade|Zen Headbutt|p2a: Gyarados
|-damage|p2a: Gyarados|74\/394
|
|-weather|SunnyDay|[upkeep]
|turn|26
|
|switch|p2a: Heatran|Heatran, M|386\/386 par
|move|p1a: Gallade|Zen Headbutt|p2a: Heatran
|-resisted|p2a: Heatran
|-damage|p2a: Heatran|329\/386 par
|
|-weather|none
|-heal|p2a: Heatran|353\/386 par|[from] item: Leftovers
|turn|27
|
|switch|p2a: Gyarados|Gyarados, F|74\/394
|-ability|p2a: Gyarados|Intimidate|[of] p1a: Gallade
|-unboost|p1a: Gallade|atk|1
|move|p1a: Gallade|Close Combat|p2a: Gyarados
|-resisted|p2a: Gyarados
|-damage|p2a: Gyarados|22\/394
|-unboost|p1a: Gallade|def|1
|-unboost|p1a: Gallade|spd|1
|
|turn|28
|
|switch|p2a: Donphan|Donphan, F|288\/361
|move|p1a: Gallade|Close Combat|p2a: Donphan
|-damage|p2a: Donphan|186\/361
|-unboost|p1a: Gallade|def|1
|-unboost|p1a: Gallade|spd|1
|
|turn|29
|
|switch|p1a: Hax Master|Togekiss, M|373\/373
|move|p2a: Donphan|Head Smash|p1a: Hax Master
|-supereffective|p1a: Hax Master
|-damage|p1a: Hax Master|0 fnt
|-damage|p2a: Donphan|0 fnt|[from] recoil|[of] p1a: Hax Master
|faint|p1a: Hax Master
|faint|p2a: Donphan
|
|c|âThe Last Hero|nice
|
|switch|p1a: Gallade|Gallade-Mega, M|277\/277
|switch|p2a: Charizard|Charizard-Mega-X, M|245\/297
|turn|30
|
|move|p1a: Gallade|Zen Headbutt|p2a: Charizard
|-damage|p2a: Charizard|80\/297
|cant|p2a: Charizard|flinch
|
|turn|31
|
|switch|p2a: Gyarados|Gyarados, F|22\/394
|-ability|p2a: Gyarados|Intimidate|[of] p1a: Gallade
|-unboost|p1a: Gallade|atk|1
|move|p1a: Gallade|Close Combat|p2a: Gyarados
|-resisted|p2a: Gyarados
|-damage|p2a: Gyarados|0 fnt
|-unboost|p1a: Gallade|def|1
|-unboost|p1a: Gallade|spd|1
|faint|p2a: Gyarados
|
|
|switch|p2a: Heatran|Heatran, M|353\/386 par
|turn|32
|
|switch|p1a: Rhyno|Rhyperior, M|325\/433
|cant|p2a: Heatran|par
|
|-heal|p1a: Rhyno|352\/433|[from] item: Leftovers
|-heal|p2a: Heatran|377\/386 par|[from] item: Leftovers
|turn|33
|
|move|p1a: Rhyno|Earthquake|p2a: Heatran
|-supereffective|p2a: Heatran
|-damage|p2a: Heatran|0 fnt
|faint|p2a: Heatran
|
|-heal|p1a: Rhyno|379\/433|[from] item: Leftovers
|
|switch|p2a: Venusaur|Venusaur, M|302\/338
|turn|34
|
|switch|p1a: Cortacabezas|Rotom-Mow|241\/241
|move|p2a: Venusaur|Giga Drain|p1a: Cortacabezas
|-resisted|p1a: Cortacabezas
|-damage|p1a: Cortacabezas|187\/241
|-heal|p2a: Venusaur|329\/338|[from] drain|[of] p1a: Cortacabezas
|
|-heal|p1a: Cortacabezas|202\/241|[from] item: Leftovers
|-heal|p2a: Venusaur|338\/338|[from] item: Black Sludge
|turn|35
|
|move|p1a: Cortacabezas|Thunderbolt|p2a: Venusaur
|-resisted|p2a: Venusaur
|-damage|p2a: Venusaur|266\/338
|move|p2a: Venusaur|Sludge Bomb|p1a: Cortacabezas
|-supereffective|p1a: Cortacabezas
|-damage|p1a: Cortacabezas|0 fnt
|faint|p1a: Cortacabezas
|
|-heal|p2a: Venusaur|287\/338|[from] item: Black Sludge
|
|switch|p1a: Gallade|Gallade-Mega, M|277\/277
|turn|36
|
|move|p1a: Gallade|Zen Headbutt|p2a: Venusaur
|-supereffective|p2a: Venusaur
|-damage|p2a: Venusaur|0 fnt
|faint|p2a: Venusaur
|
|-message|fifa2 forfeited.
|
|win|The Last Hero
|raw|Ladder updating...
|leave|fifa2
|player|p2
|raw|The Last Hero's rating: 1647 &rarr; <strong>1664<\/strong><br \/>(+17 for winning)
|raw|fifa2's rating: 1594 &rarr; <strong>1577<\/strong><br \/>(-17 for losing)