|join|icening
|join|fifa2
|player|p1|icening|156
|player|p2|fifa2|257
|gametype|singles
|gen|6
|tier|OU
|rated
|clearpoke
|poke|p1|Swampert, M
|poke|p1|Politoed, F
|poke|p1|Celebi
|poke|p1|Manaphy
|poke|p1|Klefki, M
|poke|p1|Magnezone, shiny
|poke|p2|Ninetales, F
|poke|p2|Donphan, F
|poke|p2|Heatran, M
|poke|p2|Gyarados, F
|poke|p2|Venusaur, M
|poke|p2|Dragonite, M
|rule|Swagger Clause: Swagger is banned
|rule|Baton Pass Clause: Limit one PokÃ©mon knowing Baton Pass
|rule|Sleep Clause Mod: Limit one foe put to sleep
|rule|Species Clause: Limit one of each PokÃ©mon
|rule|OHKO Clause: OHKO moves are banned
|rule|Moody Clause: Moody is banned
|rule|Evasion Moves Clause: Evasion moves are banned
|rule|Endless Battle Clause: Forcing endless battles is banned
|rule|HP Percentage Mod: HP is shown in percentages
|teampreview
|
|start
|switch|p1a: Ollie|Politoed, F|384\/384
|switch|p2a: Ninetales|Ninetales, F|287\/287
|-weather|SunnyDay
|-weather|RainDance
|turn|1
|
|switch|p2a: Gyarados|Gyarados, F|394\/394
|-ability|p2a: Gyarados|Intimidate|[of] p1a: Ollie
|-unboost|p1a: Ollie|atk|1
|switch|p1a: Manaphy|Manaphy|402\/402
|
|-weather|RainDance|[upkeep]
|turn|2
|
|move|p1a: Manaphy|Tail Glow|p1a: Manaphy
|-boost|p1a: Manaphy|spa|3
|move|p2a: Gyarados|Dragon Tail|p1a: Manaphy
|-damage|p1a: Manaphy|345\/402
|drag|p1a: Celebi|Celebi|404\/404
|
|-weather|RainDance|[upkeep]
|turn|3
|
|switch|p2a: Ninetales|Ninetales, F|287\/287
|-weather|SunnyDay
|move|p1a: Celebi|Stealth Rock|p2a: Ninetales
|-sidestart|p2: fifa2|move: Stealth Rock
|
|-weather|SunnyDay|[upkeep]
|turn|4
|
|switch|p1a: Ollie|Politoed, F|384\/384
|-weather|RainDance
|move|p2a: Ninetales|Will-O-Wisp|p1a: Ollie
|-status|p1a: Ollie|brn
|
|-weather|RainDance|[upkeep]
|-damage|p1a: Ollie|336\/384 brn|[from] brn
|turn|5
|
|switch|p2a: Venusaur|Venusaur, M|338\/338
|-damage|p2a: Venusaur|296\/338|[from] Stealth Rock
|switch|p1a: Manaphy|Manaphy|345\/402
|
|-weather|RainDance|[upkeep]
|-heal|p1a: Manaphy|370\/402|[from] item: Leftovers
|turn|6
|
|detailschange|p2a: Venusaur|Venusaur-Mega, M
|message|Venusaur has Mega Evolved into Mega Venusaur!
|move|p1a: Manaphy|Tail Glow|p1a: Manaphy
|-boost|p1a: Manaphy|spa|3
|move|p2a: Venusaur|Giga Drain|p1a: Manaphy
|-supereffective|p1a: Manaphy
|-damage|p1a: Manaphy|74\/402
|-heal|p2a: Venusaur|338\/338|[from] drain|[of] p1a: Manaphy
|
|-weather|RainDance|[upkeep]
|-heal|p1a: Manaphy|99\/402|[from] item: Leftovers
|turn|7
|
|move|p1a: Manaphy|Psychic|p2a: Venusaur
|-supereffective|p2a: Venusaur
|-damage|p2a: Venusaur|0 fnt
|faint|p2a: Venusaur
|
|-weather|RainDance|[upkeep]
|-heal|p1a: Manaphy|124\/402|[from] item: Leftovers
|
|switch|p2a: Ninetales|Ninetales, F|287\/287
|-damage|p2a: Ninetales|216\/287|[from] Stealth Rock
|-weather|SunnyDay
|turn|8
|
|switch|p1a: Ollie|Politoed, F|336\/384 brn
|-weather|RainDance
|move|p2a: Ninetales|Energy Ball|p1a: Ollie
|-supereffective|p1a: Ollie
|-damage|p1a: Ollie|230\/384 brn
|
|-weather|RainDance|[upkeep]
|-damage|p1a: Ollie|182\/384 brn|[from] brn
|turn|9
|
|switch|p2a: Gyarados|Gyarados, F|394\/394
|-damage|p2a: Gyarados|296\/394|[from] Stealth Rock
|-ability|p2a: Gyarados|Intimidate|[of] p1a: Ollie
|-unboost|p1a: Ollie|atk|1
|switch|p1a: Manaphy|Manaphy|124\/402
|
|-weather|RainDance|[upkeep]
|-heal|p1a: Manaphy|149\/402|[from] item: Leftovers
|-heal|p2a: Gyarados|320\/394|[from] item: Leftovers
|turn|10
|
|move|p1a: Manaphy|Rest|p1a: Manaphy
|-status|p1a: Manaphy|slp
|-heal|p1a: Manaphy|402\/402 slp|[silent]
|-status|p1a: Manaphy|slp|[from] move: Rest
|move|p2a: Gyarados|Dragon Tail|p1a: Manaphy|[miss]
|-miss|p2a: Gyarados|p1a: Manaphy
|
|-weather|RainDance|[upkeep]
|-curestatus|p1a: Manaphy|slp
|-heal|p2a: Gyarados|344\/394|[from] item: Leftovers
|turn|11
|
|move|p1a: Manaphy|Scald|p2a: Gyarados
|-resisted|p2a: Gyarados
|-damage|p2a: Gyarados|245\/394
|move|p2a: Gyarados|Dragon Tail|p1a: Manaphy
|-damage|p1a: Manaphy|345\/402
|drag|p1a: Splash|Swampert, M|391\/391
|
|-weather|RainDance|[upkeep]
|-heal|p2a: Gyarados|269\/394|[from] item: Leftovers
|turn|12
|
|detailschange|p1a: Splash|Swampert-Mega, M
|message|Swampert has Mega Evolved into Mega Swampert!
|move|p2a: Gyarados|Waterfall|p1a: Splash
|-damage|p1a: Splash|228\/391
|move|p1a: Splash|Waterfall|p2a: Gyarados
|-resisted|p2a: Gyarados
|-damage|p2a: Gyarados|152\/394
|
|-weather|RainDance|[upkeep]
|-heal|p2a: Gyarados|176\/394|[from] item: Leftovers
|turn|13
|
|move|p1a: Splash|Waterfall|p2a: Gyarados
|-resisted|p2a: Gyarados
|-damage|p2a: Gyarados|58\/394
|move|p2a: Gyarados|Rest|p2a: Gyarados
|-status|p2a: Gyarados|slp
|-heal|p2a: Gyarados|394\/394 slp|[silent]
|-status|p2a: Gyarados|slp|[from] move: Rest
|
|-weather|RainDance|[upkeep]
|turn|14
|
|switch|p1a: Manaphy|Manaphy|345\/402
|cant|p2a: Gyarados|slp
|move|p2a: Gyarados|Sleep Talk|p2a: Gyarados
|move|p2a: Gyarados|Dragon Tail|p1a: Manaphy|[from]Sleep Talk
|-damage|p1a: Manaphy|288\/402
|drag|p1a: Splash|Swampert-Mega, M|228\/391
|
|-weather|RainDance|[upkeep]
|turn|15
|
|switch|p1a: Sterling|Magnezone, shiny|282\/282
|cant|p2a: Gyarados|slp
|move|p2a: Gyarados|Sleep Talk|p2a: Gyarados
|move|p2a: Gyarados|Waterfall|p1a: Sterling|[from]Sleep Talk
|-damage|p1a: Sterling|137\/282
|
|-weather|none
|turn|16
|
|switch|p1a: Ollie|Politoed, F|182\/384 brn
|-weather|RainDance
|switch|p2a: Donphan|Donphan, F|361\/361
|-damage|p2a: Donphan|339\/361|[from] Stealth Rock
|
|-weather|RainDance|[upkeep]
|-heal|p2a: Donphan|361\/361|[from] item: Leftovers
|-damage|p1a: Ollie|134\/384 brn|[from] brn
|turn|17
|
|switch|p1a: Manaphy|Manaphy|288\/402
|switch|p2a: Ninetales|Ninetales, F|216\/287
|-damage|p2a: Ninetales|145\/287|[from] Stealth Rock
|-weather|SunnyDay
|
|-weather|SunnyDay|[upkeep]
|-heal|p1a: Manaphy|313\/402|[from] item: Leftovers
|turn|18
|
|switch|p2a: Heatran|Heatran, M|386\/386
|-damage|p2a: Heatran|338\/386|[from] Stealth Rock
|move|p1a: Manaphy|Scald|p2a: Heatran
|-supereffective|p2a: Heatran
|-damage|p2a: Heatran|236\/386
|
|-weather|SunnyDay|[upkeep]
|-heal|p1a: Manaphy|338\/402|[from] item: Leftovers
|-heal|p2a: Heatran|260\/386|[from] item: Leftovers
|turn|19
|
|move|p1a: Manaphy|Scald|p2a: Heatran
|-supereffective|p2a: Heatran
|-damage|p2a: Heatran|168\/386
|move|p2a: Heatran|Stealth Rock|p1a: Manaphy
|-sidestart|p1: icening|move: Stealth Rock
|
|-weather|SunnyDay|[upkeep]
|-heal|p1a: Manaphy|363\/402|[from] item: Leftovers
|-heal|p2a: Heatran|192\/386|[from] item: Leftovers
|turn|20
|
|move|p1a: Manaphy|Scald|p2a: Heatran
|-supereffective|p2a: Heatran
|-damage|p2a: Heatran|94\/386
|move|p2a: Heatran|Roar|p1a: Manaphy
|drag|p1a: Ollie|Politoed, F|134\/384 brn
|-damage|p1a: Ollie|86\/384 brn|[from] Stealth Rock
|-weather|RainDance
|
|-weather|RainDance|[upkeep]
|-heal|p2a: Heatran|118\/386|[from] item: Leftovers
|-damage|p1a: Ollie|38\/384 brn|[from] brn
|turn|21
|
|switch|p2a: Ninetales|Ninetales, F|145\/287
|-damage|p2a: Ninetales|74\/287|[from] Stealth Rock
|-weather|SunnyDay
|switch|p1a: Manaphy|Manaphy|363\/402
|-damage|p1a: Manaphy|313\/402|[from] Stealth Rock
|
|-weather|SunnyDay|[upkeep]
|-heal|p1a: Manaphy|338\/402|[from] item: Leftovers
|turn|22
|
|move|p2a: Ninetales|Pain Split|p1a: Manaphy
|-sethp|p1a: Manaphy|206\/402|p2a: Ninetales|206\/287|[from] move: Pain Split
|move|p1a: Manaphy|Scald|p2a: Ninetales
|-supereffective|p2a: Ninetales
|-damage|p2a: Ninetales|74\/287
|
|-weather|SunnyDay|[upkeep]
|-heal|p1a: Manaphy|231\/402|[from] item: Leftovers
|turn|23
|
|switch|p2a: Gyarados|Gyarados, F|394\/394 slp
|-damage|p2a: Gyarados|296\/394 slp|[from] Stealth Rock
|-ability|p2a: Gyarados|Intimidate|[of] p1a: Manaphy
|-unboost|p1a: Manaphy|atk|1
|move|p1a: Manaphy|Scald|p2a: Gyarados
|-resisted|p2a: Gyarados
|-damage|p2a: Gyarados|262\/394 slp
|
|-weather|SunnyDay|[upkeep]
|-heal|p1a: Manaphy|256\/402|[from] item: Leftovers
|-heal|p2a: Gyarados|286\/394 slp|[from] item: Leftovers
|turn|24
|
|move|p1a: Manaphy|Psychic|p2a: Gyarados
|-damage|p2a: Gyarados|182\/394 slp
|-curestatus|p2a: Gyarados|slp
|move|p2a: Gyarados|Dragon Tail|p1a: Manaphy
|-damage|p1a: Manaphy|199\/402
|drag|p1a: Sterling|Magnezone, shiny|137\/282
|-damage|p1a: Sterling|120\/282|[from] Stealth Rock
|
|-weather|SunnyDay|[upkeep]
|-heal|p2a: Gyarados|206\/394|[from] item: Leftovers
|turn|25
|
|switch|p1a: Celebi|Celebi|404\/404
|-damage|p1a: Celebi|354\/404|[from] Stealth Rock
|switch|p2a: Heatran|Heatran, M|118\/386
|-damage|p2a: Heatran|70\/386|[from] Stealth Rock
|
|-weather|SunnyDay|[upkeep]
|-heal|p1a: Celebi|379\/404|[from] item: Leftovers
|-heal|p2a: Heatran|94\/386|[from] item: Leftovers
|turn|26
|
|move|p1a: Celebi|Healing Wish|p1a: Celebi
|faint|p1a: Celebi
|move|p2a: Heatran|Lava Plume|p1: Celebi|[notarget]
|-notarget
|
|-weather|SunnyDay|[upkeep]
|-heal|p2a: Heatran|118\/386|[from] item: Leftovers
|
|switch|p1a: Ollie|Politoed, F|38\/384 brn
|-heal|p1a: Ollie|384\/384|[from] move: Healing Wish
|-damage|p1a: Ollie|336\/384|[from] Stealth Rock
|-weather|RainDance
|turn|27
|
|move|p2a: Heatran|Lava Plume|p1a: Ollie
|-resisted|p1a: Ollie
|-damage|p1a: Ollie|315\/384
|move|p1a: Ollie|Scald|p2a: Heatran
|-supereffective|p2a: Heatran
|-damage|p2a: Heatran|0 fnt
|faint|p2a: Heatran
|
|-weather|RainDance|[upkeep]
|
|switch|p2a: Ninetales|Ninetales, F|74\/287
|-damage|p2a: Ninetales|3\/287|[from] Stealth Rock
|-weather|SunnyDay
|turn|28
|
|switch|p1a: Sterling|Magnezone, shiny|120\/282
|-damage|p1a: Sterling|103\/282|[from] Stealth Rock
|move|p2a: Ninetales|Pain Split|p1a: Sterling
|-sethp|p1a: Sterling|53\/282|p2a: Ninetales|53\/287|[from] move: Pain Split
|
|-weather|SunnyDay|[upkeep]
|turn|29
|
|switch|p2a: Donphan|Donphan, F|361\/361
|-damage|p2a: Donphan|339\/361|[from] Stealth Rock
|move|p1a: Sterling|Flash Cannon|p2a: Donphan
|-damage|p2a: Donphan|108\/361
|
|-weather|SunnyDay|[upkeep]
|-heal|p2a: Donphan|130\/361|[from] item: Leftovers
|turn|30
|
|switch|p2a: Gyarados|Gyarados, F|206\/394
|-damage|p2a: Gyarados|108\/394|[from] Stealth Rock
|-ability|p2a: Gyarados|Intimidate|[of] p1a: Sterling
|-unboost|p1a: Sterling|atk|1
|move|p1a: Sterling|Flash Cannon|p2a: Gyarados
|-resisted|p2a: Gyarados
|-damage|p2a: Gyarados|31\/394
|
|-weather|SunnyDay|[upkeep]
|-heal|p2a: Gyarados|55\/394|[from] item: Leftovers
|turn|31
|
|move|p1a: Sterling|Flash Cannon|p2a: Gyarados
|-resisted|p2a: Gyarados
|-damage|p2a: Gyarados|0 fnt
|faint|p2a: Gyarados
|
|-weather|SunnyDay|[upkeep]
|
|switch|p2a: Dragonite|Dragonite, M|323\/323
|-damage|p2a: Dragonite|243\/323|[from] Stealth Rock
|turn|32
|
|move|p1a: Sterling|Flash Cannon|p2a: Dragonite
|-damage|p2a: Dragonite|92\/323
|move|p2a: Dragonite|Dragon Dance|p2a: Dragonite
|-boost|p2a: Dragonite|atk|1
|-boost|p2a: Dragonite|spe|1
|
|-weather|SunnyDay|[upkeep]
|turn|33
|
|move|p2a: Dragonite|Earthquake|p1a: Sterling
|-supereffective|p1a: Sterling
|-damage|p1a: Sterling|0 fnt
|faint|p1a: Sterling
|
|-weather|SunnyDay|[upkeep]
|
|switch|p1a: Ollie|Politoed, F|315\/384
|-damage|p1a: Ollie|267\/384|[from] Stealth Rock
|-weather|RainDance
|turn|34
|
|move|p2a: Dragonite|Outrage|p1a: Ollie
|-damage|p1a: Ollie|0 fnt
|faint|p1a: Ollie
|
|-weather|RainDance|[upkeep]
|
|switch|p1a: Klefki|Klefki, M|318\/318
|-damage|p1a: Klefki|299\/318|[from] Stealth Rock
|turn|35
|
|move|p2a: Dragonite|Outrage|p1a: Klefki
|-immune|p1a: Klefki|[msg]
|move|p1a: Klefki|Foul Play|p2a: Dragonite
|-crit|p2a: Dragonite
|-damage|p2a: Dragonite|0 fnt
|faint|p2a: Dragonite
|
|-weather|RainDance|[upkeep]
|
|switch|p2a: Donphan|Donphan, F|130\/361
|-damage|p2a: Donphan|108\/361|[from] Stealth Rock
|turn|36
|
|switch|p1a: Manaphy|Manaphy|199\/402
|-damage|p1a: Manaphy|149\/402|[from] Stealth Rock
|move|p2a: Donphan|Earthquake|p1a: Manaphy
|-damage|p1a: Manaphy|0 fnt
|faint|p1a: Manaphy
|
|-weather|RainDance|[upkeep]
|-heal|p2a: Donphan|130\/361|[from] item: Leftovers
|
|switch|p1a: Splash|Swampert-Mega, M|228\/391
|-damage|p1a: Splash|204\/391|[from] Stealth Rock
|turn|37
|
|switch|p2a: Ninetales|Ninetales, F|53\/287
|-damage|p2a: Ninetales|0 fnt|[from] Stealth Rock
|faint|p2a: Ninetales
|move|p1a: Splash|Waterfall|p2: Ninetales|[notarget]
|-notarget
|
|-weather|RainDance|[upkeep]
|-message|fifa2 forfeited.
|
|win|icening
|raw|Ladder updating...
|leave|fifa2
|player|p2
|raw|icening's rating: 1798 &rarr; <strong>1812<\/strong><br \/>(+14 for winning)
|raw|fifa2's rating: 1691 &rarr; <strong>1677<\/strong><br \/>(-14 for losing)