|join|lil manaphy
|join|fifa2
|player|p1|lil manaphy|8
|player|p2|fifa2|257
|gametype|singles
|gen|6
|tier|OU
|rated
|clearpoke
|poke|p1|Lopunny, M
|poke|p1|Rotom-Wash
|poke|p1|Gothitelle, F
|poke|p1|Mandibuzz, F
|poke|p1|Heatran, M
|poke|p1|Celebi
|poke|p2|Ninetales, F
|poke|p2|Donphan, F
|poke|p2|Heatran, M
|poke|p2|Gyarados, F
|poke|p2|Venusaur, M
|poke|p2|Dragonite, M
|rule|Swagger Clause: Swagger is banned
|rule|Baton Pass Clause: Limit one PokÃ©mon knowing Baton Pass
|rule|Sleep Clause Mod: Limit one foe put to sleep
|rule|Species Clause: Limit one of each PokÃ©mon
|rule|OHKO Clause: OHKO moves are banned
|rule|Moody Clause: Moody is banned
|rule|Evasion Moves Clause: Evasion moves are banned
|rule|Endless Battle Clause: Forcing endless battles is banned
|rule|HP Percentage Mod: HP is shown in percentages
|teampreview
|
|start
|switch|p1a: Lopunny|Lopunny, M|271\/271
|switch|p2a: Donphan|Donphan, F|361\/361
|turn|1
|join|vg11k
|
|switch|p2a: Gyarados|Gyarados, F|394\/394
|-ability|p2a: Gyarados|Intimidate|[of] p1a: Lopunny
|-unboost|p1a: Lopunny|atk|1
|detailschange|p1a: Lopunny|Lopunny-Mega, M
|message|Lopunny has Mega Evolved into Mega Lopunny!
|move|p1a: Lopunny|Fake Out|p2a: Gyarados
|-damage|p2a: Gyarados|352\/394
|
|-heal|p2a: Gyarados|376\/394|[from] item: Leftovers
|turn|2
|
|switch|p1a: Rotom-Wash|Rotom-Wash|303\/303
|switch|p2a: Ninetales|Ninetales, F|287\/287
|-weather|SunnyDay
|
|-weather|SunnyDay|[upkeep]
|turn|3
|
|switch|p1a: Heatran|Heatran, M|386\/386
|move|p2a: Ninetales|Energy Ball|p1a: Heatran
|-resisted|p1a: Heatran
|-damage|p1a: Heatran|371\/386
|
|-weather|SunnyDay|[upkeep]
|-heal|p1a: Heatran|386\/386|[from] item: Leftovers
|turn|4
|
|move|p2a: Ninetales|Hidden Power|p1a: Heatran
|-supereffective|p1a: Heatran
|-damage|p1a: Heatran|234\/386
|move|p1a: Heatran|Stealth Rock|p2a: Ninetales
|-sidestart|p2: fifa2|move: Stealth Rock
|
|-weather|SunnyDay|[upkeep]
|-heal|p1a: Heatran|258\/386|[from] item: Leftovers
|turn|5
|
|move|p2a: Ninetales|Hidden Power|p1a: Heatran
|-supereffective|p1a: Heatran
|-damage|p1a: Heatran|114\/386
|move|p1a: Heatran|Toxic|p2a: Ninetales
|-status|p2a: Ninetales|tox
|
|-weather|SunnyDay|[upkeep]
|-heal|p1a: Heatran|138\/386|[from] item: Leftovers
|-damage|p2a: Ninetales|270\/287 tox|[from] psn
|turn|6
|
|switch|p2a: Heatran|Heatran, M|386\/386
|-damage|p2a: Heatran|338\/386|[from] Stealth Rock
|move|p1a: Heatran|Protect|p1a: Heatran
|-fail|p1a: Heatran
|
|-weather|SunnyDay|[upkeep]
|-heal|p1a: Heatran|162\/386|[from] item: Leftovers
|-heal|p2a: Heatran|362\/386|[from] item: Leftovers
|turn|7
|
|switch|p1a: Gothitelle|Gothitelle, F|301\/301
|move|p2a: Heatran|Stealth Rock|p1a: Gothitelle
|-sidestart|p1: lil manaphy|move: Stealth Rock
|
|-weather|SunnyDay|[upkeep]
|-heal|p2a: Heatran|386\/386|[from] item: Leftovers
|turn|8
|
|move|p1a: Gothitelle|Trick|p2a: Heatran
|-activate|p1a: Gothitelle|move: Trick|[of] p2a: Heatran
|-item|p2a: Heatran|Choice Scarf|[from] move: Trick
|-item|p1a: Gothitelle|Leftovers|[from] move: Trick
|move|p2a: Heatran|Lava Plume|p1a: Gothitelle
|-damage|p1a: Gothitelle|150\/301
|
|-weather|SunnyDay|[upkeep]
|-heal|p1a: Gothitelle|168\/301|[from] item: Leftovers
|turn|9
|
|switch|p1a: Heatran|Heatran, M|162\/386
|-damage|p1a: Heatran|114\/386|[from] Stealth Rock
|move|p2a: Heatran|Lava Plume|p1a: Heatran
|-start|p1a: Heatran|ability: Flash Fire
|
|-weather|none
|-heal|p1a: Heatran|138\/386|[from] item: Leftovers
|turn|10
|
|switch|p2a: Gyarados|Gyarados, F|376\/394
|-damage|p2a: Gyarados|278\/394|[from] Stealth Rock
|-ability|p2a: Gyarados|Intimidate|[of] p1a: Heatran
|-unboost|p1a: Heatran|atk|1
|move|p1a: Heatran|Lava Plume|p2a: Gyarados
|-resisted|p2a: Gyarados
|-damage|p2a: Gyarados|182\/394
|
|-heal|p2a: Gyarados|206\/394|[from] item: Leftovers
|-heal|p1a: Heatran|162\/386|[from] item: Leftovers
|turn|11
|
|switch|p1a: Mandibuzz|Mandibuzz, F|424\/424
|-damage|p1a: Mandibuzz|318\/424|[from] Stealth Rock
|move|p2a: Gyarados|Dragon Tail|p1a: Mandibuzz
|-damage|p1a: Mandibuzz|279\/424
|drag|p1a: Celebi|Celebi|404\/404
|-damage|p1a: Celebi|354\/404|[from] Stealth Rock
|
|-heal|p1a: Celebi|379\/404|[from] item: Leftovers
|-heal|p2a: Gyarados|230\/394|[from] item: Leftovers
|turn|12
|join|Alvadora
|
|switch|p2a: Ninetales|Ninetales, F|270\/287 tox
|-damage|p2a: Ninetales|199\/287 tox|[from] Stealth Rock
|-weather|SunnyDay
|move|p1a: Celebi|Baton Pass|p1a: Celebi
|
|switch|p1a: Lopunny|Lopunny-Mega, M|271\/271
|-damage|p1a: Lopunny|255\/271|[from] Stealth Rock
|
|-weather|SunnyDay|[upkeep]
|-damage|p2a: Ninetales|182\/287 tox|[from] psn
|turn|13
|
|switch|p2a: Gyarados|Gyarados, F|230\/394
|-damage|p2a: Gyarados|132\/394|[from] Stealth Rock
|-ability|p2a: Gyarados|Intimidate|[of] p1a: Lopunny
|-unboost|p1a: Lopunny|atk|1
|move|p1a: Lopunny|High Jump Kick|p2a: Gyarados
|-resisted|p2a: Gyarados
|-damage|p2a: Gyarados|69\/394
|
|-weather|SunnyDay|[upkeep]
|-heal|p2a: Gyarados|93\/394|[from] item: Leftovers
|turn|14
|
|move|p1a: Lopunny|Return|p2a: Gyarados
|-damage|p2a: Gyarados|0 fnt
|faint|p2a: Gyarados
|
|-weather|SunnyDay|[upkeep]
|
|switch|p2a: Donphan|Donphan, F|361\/361
|-damage|p2a: Donphan|339\/361|[from] Stealth Rock
|turn|15
|join|haunter
|
|switch|p1a: Mandibuzz|Mandibuzz, F|279\/424
|-damage|p1a: Mandibuzz|173\/424|[from] Stealth Rock
|move|p2a: Donphan|Rapid Spin|p1a: Mandibuzz
|-damage|p1a: Mandibuzz|155\/424
|-sideend|p2: fifa2|Stealth Rock|[from] move: Rapid Spin|[of] p2a: Donphan
|
|-weather|SunnyDay|[upkeep]
|-heal|p1a: Mandibuzz|181\/424|[from] item: Leftovers
|-heal|p2a: Donphan|361\/361|[from] item: Leftovers
|turn|16
|
|move|p1a: Mandibuzz|Roost|p1a: Mandibuzz
|-heal|p1a: Mandibuzz|393\/424
|move|p2a: Donphan|Head Smash|p1a: Mandibuzz|[miss]
|-miss|p2a: Donphan|p1a: Mandibuzz
|
|-weather|SunnyDay|[upkeep]
|-heal|p1a: Mandibuzz|419\/424|[from] item: Leftovers
|turn|17
|
|switch|p2a: Ninetales|Ninetales, F|182\/287 tox
|move|p1a: Mandibuzz|Defog|p2a: Ninetales
|-unboost|p2a: Ninetales|evasion|1
|-sideend|p1: lil manaphy|Stealth Rock|[from] move: Defog|[of] p1a: Mandibuzz
|
|-weather|SunnyDay|[upkeep]
|-heal|p1a: Mandibuzz|424\/424|[from] item: Leftovers
|-damage|p2a: Ninetales|165\/287 tox|[from] psn
|turn|18
|
|switch|p1a: Rotom-Wash|Rotom-Wash|303\/303
|move|p2a: Ninetales|Hidden Power|p1a: Rotom-Wash
|-immune|p1a: Rotom-Wash|[msg]
|
|-weather|SunnyDay|[upkeep]
|-damage|p2a: Ninetales|131\/287 tox|[from] psn
|turn|19
|
|switch|p2a: Heatran|Heatran, M|386\/386
|move|p1a: Rotom-Wash|Volt Switch|p2a: Heatran
|-damage|p2a: Heatran|328\/386
|
|switch|p1a: Heatran|Heatran, M|162\/386
|
|-weather|none
|-heal|p1a: Heatran|186\/386|[from] item: Leftovers
|turn|20
|
|switch|p1a: Gothitelle|Gothitelle, F|168\/301
|move|p2a: Heatran|Earth Power|p1a: Gothitelle
|-damage|p1a: Gothitelle|92\/301
|
|-heal|p1a: Gothitelle|110\/301|[from] item: Leftovers
|turn|21
|
|move|p2a: Heatran|Earth Power|p1a: Gothitelle
|-damage|p1a: Gothitelle|23\/301
|-unboost|p1a: Gothitelle|spd|1
|move|p1a: Gothitelle|Rest|p1a: Gothitelle
|-status|p1a: Gothitelle|slp
|-heal|p1a: Gothitelle|301\/301 slp|[silent]
|-status|p1a: Gothitelle|slp|[from] move: Rest
|
|turn|22
|
|switch|p1a: Rotom-Wash|Rotom-Wash|303\/303
|move|p2a: Heatran|Earth Power|p1a: Rotom-Wash
|-immune|p1a: Rotom-Wash|[msg]
|
|turn|23
|
|switch|p2a: Ninetales|Ninetales, F|131\/287 tox
|-weather|SunnyDay
|move|p1a: Rotom-Wash|Hydro Pump|p2a: Ninetales
|-supereffective|p2a: Ninetales
|-damage|p2a: Ninetales|0 fnt
|faint|p2a: Ninetales
|
|-weather|SunnyDay|[upkeep]
|join|Asian Kiwi
|c| Asian Kiwi|Helo
|c| Asian Kiwi|ââ¿ââª
|
|switch|p2a: Heatran|Heatran, M|328\/386
|turn|24
|
|switch|p1a: Gothitelle|Gothitelle, F|301\/301 slp
|move|p2a: Heatran|Earth Power|p1a: Gothitelle
|-damage|p1a: Gothitelle|216\/301 slp
|
|-weather|SunnyDay|[upkeep]
|-heal|p1a: Gothitelle|234\/301 slp|[from] item: Leftovers
|turn|25
|
|move|p2a: Heatran|Earth Power|p1a: Gothitelle
|-damage|p1a: Gothitelle|158\/301 slp
|cant|p1a: Gothitelle|slp
|
|-weather|SunnyDay|[upkeep]
|-heal|p1a: Gothitelle|176\/301 slp|[from] item: Leftovers
|turn|26
|
|move|p2a: Heatran|Earth Power|p1a: Gothitelle
|-damage|p1a: Gothitelle|99\/301 slp
|cant|p1a: Gothitelle|slp
|
|-weather|SunnyDay|[upkeep]
|-heal|p1a: Gothitelle|117\/301 slp|[from] item: Leftovers
|turn|27
|
|move|p2a: Heatran|Earth Power|p1a: Gothitelle
|-damage|p1a: Gothitelle|34\/301 slp
|-curestatus|p1a: Gothitelle|slp
|move|p1a: Gothitelle|Rest|p1a: Gothitelle
|-status|p1a: Gothitelle|slp
|-heal|p1a: Gothitelle|301\/301 slp|[silent]
|-status|p1a: Gothitelle|slp|[from] move: Rest
|
|-weather|SunnyDay|[upkeep]
|turn|28
|
|switch|p1a: Rotom-Wash|Rotom-Wash|303\/303
|move|p2a: Heatran|Earth Power|p1a: Rotom-Wash
|-immune|p1a: Rotom-Wash|[msg]
|
|-weather|SunnyDay|[upkeep]
|turn|29
|
|switch|p2a: Venusaur|Venusaur, M|338\/338
|move|p1a: Rotom-Wash|Will-O-Wisp|p2a: Venusaur
|-status|p2a: Venusaur|brn
|
|-weather|SunnyDay|[upkeep]
|-damage|p2a: Venusaur|296\/338 brn|[from] brn
|turn|30
|
|switch|p2a: Donphan|Donphan, F|361\/361
|switch|p1a: Heatran|Heatran, M|186\/386
|
|-weather|none
|-heal|p1a: Heatran|210\/386|[from] item: Leftovers
|turn|31
|
|switch|p1a: Mandibuzz|Mandibuzz, F|424\/424
|move|p2a: Donphan|Head Smash|p1a: Mandibuzz
|-supereffective|p1a: Mandibuzz
|-damage|p1a: Mandibuzz|148\/424
|-damage|p2a: Donphan|223\/361|[from] recoil|[of] p1a: Mandibuzz
|
|-heal|p1a: Mandibuzz|174\/424|[from] item: Leftovers
|-heal|p2a: Donphan|245\/361|[from] item: Leftovers
|turn|32
|
|switch|p2a: Heatran|Heatran, M|328\/386
|move|p1a: Mandibuzz|Roost|p1a: Mandibuzz
|-heal|p1a: Mandibuzz|386\/424
|
|-heal|p1a: Mandibuzz|412\/424|[from] item: Leftovers
|turn|33
|
|switch|p1a: Gothitelle|Gothitelle, F|301\/301 slp
|move|p2a: Heatran|Stealth Rock|p1a: Gothitelle
|-sidestart|p1: lil manaphy|move: Stealth Rock
|
|turn|34
|
|move|p2a: Heatran|Stealth Rock|p1a: Gothitelle
|-fail|p1a: Gothitelle
|cant|p1a: Gothitelle|slp
|
|turn|35
|leave|Asian Kiwi
|
|move|p2a: Heatran|Stealth Rock|p1a: Gothitelle
|-fail|p1a: Gothitelle
|cant|p1a: Gothitelle|slp
|
|turn|36
|
|move|p2a: Heatran|Stealth Rock|p1a: Gothitelle
|-fail|p1a: Gothitelle
|-curestatus|p1a: Gothitelle|slp
|move|p1a: Gothitelle|Calm Mind|p1a: Gothitelle
|-boost|p1a: Gothitelle|spa|1
|-boost|p1a: Gothitelle|spd|1
|
|turn|37
|-message|fifa2 forfeited.
|
|win|lil manaphy
|raw|Ladder updating...
|leave|fifa2
|player|p2
|raw|lil manaphy's rating: 1684 &rarr; <strong>1701<\/strong><br \/>(+17 for winning)
|raw|fifa2's rating: 1630 &rarr; <strong>1613<\/strong><br \/>(-17 for losing)
|leave|vg11k