|join|ULT Socrates
|join|JacobAsAlways
|c|âJacobAsAlways|gl hf
|player|p1|ULT Socrates|291
|player|p2|JacobAsAlways|170
|gametype|singles
|gen|6
|tier|UU
|rated
|rule|Sleep Clause Mod: Limit one foe put to sleep
|rule|Species Clause: Limit one of each PokÃ©mon
|rule|OHKO Clause: OHKO moves are banned
|rule|Moody Clause: Moody is banned
|rule|Evasion Moves Clause: Evasion moves are banned
|rule|Endless Battle Clause: Forcing endless battles is banned
|rule|HP Percentage Mod: HP is shown in percentages
|clearpoke
|poke|p1|Krookodile, M
|poke|p1|Jirachi
|poke|p1|Nidoqueen, F
|poke|p1|Machamp, M
|poke|p1|Blastoise, M
|poke|p1|Yanmega, M
|poke|p2|Serperior, F
|poke|p2|Aggron, F
|poke|p2|Vaporeon, F
|poke|p2|Infernape, M
|poke|p2|Raikou
|poke|p2|Cresselia, F
|rule|Swagger Clause: Swagger is banned
|rule|Baton Pass Clause: Limit one PokÃ©mon knowing Baton Pass
|teampreview
|c|âULT Socrates|gl hf
|
|start
|switch|p1a: Nidoqueen|Nidoqueen, F|345\/345
|switch|p2a: Vaporeon|Vaporeon, F|464\/464
|turn|1
|c|âJacobAsAlways|Has Showdown been really laggy for you today, too?
|c|âULT Socrates|meh
|c|âULT Socrates|Nothing I cannot handle
|
|switch|p1a: Machamp|Machamp, M|364\/364
|move|p2a: Vaporeon|Scald|p1a: Machamp
|-damage|p1a: Machamp|279\/364
|
|turn|2
|
|switch|p2a: Raikou|Raikou|321\/321
|-ability|p2a: Raikou|Pressure
|move|p1a: Machamp|Knock Off|p2a: Raikou
|-damage|p2a: Raikou|172\/321
|-enditem|p2a: Raikou|Choice Specs|[from] move: Knock Off|[of] p1a: Machamp
|
|turn|3
|
|move|p2a: Raikou|Volt Switch|p1a: Machamp
|-damage|p1a: Machamp|191\/364
|c|âULT Socrates|okay it;s laggy
|
|switch|p2a: Cresselia|Cresselia, F|443\/443
|move|p1a: Machamp|Close Combat|p2a: Cresselia
|-resisted|p2a: Cresselia
|-damage|p2a: Cresselia|368\/443
|-damage|p1a: Machamp|131\/364|[from] item: Rocky Helmet|[of] p2a: Cresselia
|-unboost|p1a: Machamp|def|1
|-unboost|p1a: Machamp|spd|1
|
|turn|4
|c|âJacobAsAlways|See, I told you it was. :P
|c|âJacobAsAlways|haha
|
|switch|p1a: Krookodile|Krookodile, M|332\/332
|-ability|p1a: Krookodile|Intimidate|[of] p2a: Cresselia
|-unboost|p2a: Cresselia|atk|1
|move|p2a: Cresselia|Psychic|p1a: Krookodile
|-immune|p1a: Krookodile|[msg]
|
|turn|5
|
|move|p1a: Krookodile|Knock Off|p2a: Cresselia
|-supereffective|p2a: Cresselia
|-damage|p2a: Cresselia|26\/443
|-damage|p1a: Krookodile|277\/332|[from] item: Rocky Helmet|[of] p2a: Cresselia
|-enditem|p2a: Cresselia|Rocky Helmet|[from] move: Knock Off|[of] p1a: Krookodile
|move|p2a: Cresselia|Moonlight|p2a: Cresselia
|-heal|p2a: Cresselia|247\/443
|
|turn|6
|
|move|p1a: Krookodile|Knock Off|p2a: Cresselia
|-crit|p2a: Cresselia
|-supereffective|p2a: Cresselia
|-damage|p2a: Cresselia|0 fnt
|faint|p2a: Cresselia
|
|c|âULT Socrates|legoo Krook
|c|âULT Socrates|coming through
|c|âULT Socrates|dont really think it mattered a lot
|c|âJacobAsAlways|Yeah, I would have lived.
|c|âJacobAsAlways|And moonlighted again.
|c|âJacobAsAlways|Ah well, crits are part of the game.
|
|switch|p2a: Aggron|Aggron, F|344\/344
|turn|7
|c|âULT Socrates|It was a roll
|c|âULT Socrates|Just calced it -_-
|
|switch|p1a: Blastoise|Blastoise, M|357\/357
|detailschange|p2a: Aggron|Aggron-Mega, F
|-mega|p2a: Aggron|Aggron|Aggronite
|move|p2a: Aggron|Stealth Rock|p1a: Blastoise
|-sidestart|p1: ULT Socrates|move: Stealth Rock
|
|turn|8
|
|switch|p2a: Serperior|Serperior, F|291\/291
|detailschange|p1a: Blastoise|Blastoise-Mega, M
|-mega|p1a: Blastoise|Blastoise|Blastoisinite
|move|p1a: Blastoise|Rapid Spin|p2a: Serperior
|-crit|p2a: Serperior
|-damage|p2a: Serperior|266\/291
|-sideend|p1: ULT Socrates|Stealth Rock|[from] move: Rapid Spin|[of] p1a: Blastoise
|
|turn|9
|c|âJacobAsAlways|252 Atk Krookodile Knock Off (97.5 BP) vs. 248 HP \/ 164+ Def Cresselia: 200-236 (45.1 - 53.2%) -- 1.2% chance to 2HKO after Leftovers recovery
|c|âJacobAsAlways|(200, 200, 204, 206, 210, 212, 212, 216, 218, 222, 224, 224, 228, 230, 234, 236)
|c|âULT Socrates|I am banded -_-
|c|âJacobAsAlways|Nevermind, then.
|
|switch|p1a: Machamp|Machamp, M|131\/364
|move|p2a: Serperior|Hidden Power|p1a: Machamp
|-crit|p1a: Machamp
|-damage|p1a: Machamp|58\/364
|-damage|p2a: Serperior|237\/291|[from] item: Life Orb
|
|turn|10
|c|âULT Socrates|lmao
|c|âJacobAsAlways|252 Atk Choice Band Krookodile Knock Off vs. 248 HP \/ 164+ Def Cresselia: 204-240 (46 - 54.1%) -- 46.1% chance to 2HKO
|c|âULT Socrates|it's alright
|c|âJacobAsAlways|(204, 204, 206, 210, 212, 216, 216, 218, 222, 224, 228, 228, 230, 234, 236, 240)
|c|âULT Socrates|hmmm
|
|move|p2a: Serperior|Giga Drain|p1a: Machamp
|-damage|p1a: Machamp|0 fnt
|-heal|p2a: Serperior|266\/291|[from] drain|[of] p1a: Machamp
|-damage|p2a: Serperior|237\/291|[from] item: Life Orb
|faint|p1a: Machamp
|
|
|switch|p1a: Yanmega|Yanmega, M|313\/313
|turn|11
|
|switch|p2a: Aggron|Aggron-Mega, F|344\/344
|move|p1a: Yanmega|Bug Buzz|p2a: Aggron
|-resisted|p2a: Aggron
|-damage|p2a: Aggron|256\/344
|-damage|p1a: Yanmega|282\/313|[from] item: Life Orb
|
|-boost|p1a: Yanmega|spe|1|[from] ability: Speed Boost
|turn|12
|
|switch|p1a: Blastoise|Blastoise-Mega, M|357\/357
|move|p2a: Aggron|Heavy Slam|p1a: Blastoise
|-resisted|p1a: Blastoise
|-damage|p1a: Blastoise|300\/357
|
|turn|13
|
|move|p1a: Blastoise|Dark Pulse|p2a: Aggron
|-damage|p2a: Aggron|111\/344
|move|p2a: Aggron|Stealth Rock|p1a: Blastoise
|-sidestart|p1: ULT Socrates|move: Stealth Rock
|
|turn|14
|
|switch|p2a: Serperior|Serperior, F|237\/291
|move|p1a: Blastoise|Rapid Spin|p2a: Serperior
|-damage|p2a: Serperior|222\/291
|-sideend|p1: ULT Socrates|Stealth Rock|[from] move: Rapid Spin|[of] p1a: Blastoise
|
|turn|15
|
|switch|p1a: Jirachi|Jirachi|341\/341
|move|p2a: Serperior|Leaf Storm|p1a: Jirachi
|-resisted|p1a: Jirachi
|-damage|p1a: Jirachi|232\/341
|-boost|p2a: Serperior|spa|2
|-damage|p2a: Serperior|193\/291|[from] item: Life Orb
|
|turn|16
|
|move|p1a: Jirachi|U-turn|p2a: Serperior
|-supereffective|p2a: Serperior
|-damage|p2a: Serperior|45\/291
|c|âULT Socrates|really thought that would kill xD
|c|âULT Socrates|didnt even calc
|
|switch|p1a: Krookodile|Krookodile, M|277\/332
|-ability|p1a: Krookodile|Intimidate|[of] p2a: Serperior
|-boost|p2a: Serperior|atk|1
|move|p2a: Serperior|Hidden Power|p1a: Krookodile
|-damage|p1a: Krookodile|102\/332
|-damage|p2a: Serperior|16\/291|[from] item: Life Orb
|
|turn|17
|c|âULT Socrates|Rachi you let me down
|
|move|p2a: Serperior|Giga Drain|p1a: Krookodile
|-supereffective|p1a: Krookodile
|-damage|p1a: Krookodile|0 fnt
|-heal|p2a: Serperior|67\/291|[from] drain|[of] p1a: Krookodile
|-damage|p2a: Serperior|38\/291|[from] item: Life Orb
|faint|p1a: Krookodile
|
|
|switch|p1a: Jirachi|Jirachi|232\/341
|turn|18
|
|switch|p2a: Vaporeon|Vaporeon, F|464\/464
|move|p1a: Jirachi|U-turn|p2a: Vaporeon
|-damage|p2a: Vaporeon|395\/464
|
|switch|p1a: Nidoqueen|Nidoqueen, F|345\/345
|
|-heal|p2a: Vaporeon|424\/464|[from] item: Leftovers
|turn|19
|
|move|p1a: Nidoqueen|Sludge Wave|p2a: Vaporeon
|-damage|p2a: Vaporeon|189\/464
|move|p2a: Vaporeon|Scald|p1a: Nidoqueen
|-supereffective|p1a: Nidoqueen
|-damage|p1a: Nidoqueen|111\/345
|-status|p1a: Nidoqueen|brn
|
|-heal|p2a: Vaporeon|218\/464|[from] item: Leftovers
|-damage|p1a: Nidoqueen|68\/345 brn|[from] brn
|turn|20
|
|move|p2a: Vaporeon|Protect|p2a: Vaporeon
|-singleturn|p2a: Vaporeon|Protect
|move|p1a: Nidoqueen|Stealth Rock|p2a: Vaporeon
|-sidestart|p2: JacobAsAlways|move: Stealth Rock
|
|-heal|p2a: Vaporeon|247\/464|[from] item: Leftovers
|-damage|p1a: Nidoqueen|25\/345 brn|[from] brn
|turn|21
|
|switch|p2a: Aggron|Aggron-Mega, F|111\/344
|-damage|p2a: Aggron|90\/344|[from] Stealth Rock
|move|p1a: Nidoqueen|Earth Power|p2a: Aggron
|-crit|p2a: Aggron
|-supereffective|p2a: Aggron
|-damage|p2a: Aggron|0 fnt
|faint|p2a: Aggron
|
|-damage|p1a: Nidoqueen|0 fnt|[from] brn
|faint|p1a: Nidoqueen
|
|switch|p2a: Infernape|Infernape, M|293\/293
|switch|p1a: Yanmega|Yanmega, M|282\/313
|-damage|p2a: Infernape|257\/293|[from] Stealth Rock
|turn|22
|c|âULT Socrates|fking timer
|
|move|p1a: Yanmega|Protect|p1a: Yanmega
|-singleturn|p1a: Yanmega|Protect
|move|p2a: Infernape|Flare Blitz|p1a: Yanmega
|-activate|p1a: Yanmega|Protect
|
|-boost|p1a: Yanmega|spe|1|[from] ability: Speed Boost
|turn|23
|
|switch|p1a: Jirachi|Jirachi|232\/341
|move|p2a: Infernape|Flare Blitz|p1a: Jirachi
|-supereffective|p1a: Jirachi
|-damage|p1a: Jirachi|0 fnt
|-damage|p2a: Infernape|180\/293|[from] recoil|[of] p1a: Jirachi
|faint|p1a: Jirachi
|
|
|switch|p1a: Blastoise|Blastoise-Mega, M|300\/357
|turn|24
|
|switch|p2a: Serperior|Serperior, F|38\/291
|-damage|p2a: Serperior|2\/291|[from] Stealth Rock
|move|p1a: Blastoise|Dark Pulse|p2a: Serperior
|-damage|p2a: Serperior|0 fnt
|faint|p2a: Serperior
|
|
|switch|p2a: Raikou|Raikou|172\/321
|-damage|p2a: Raikou|132\/321|[from] Stealth Rock
|-ability|p2a: Raikou|Pressure
|turn|25
|
|move|p2a: Raikou|Volt Switch|p1a: Blastoise
|-supereffective|p1a: Blastoise
|-damage|p1a: Blastoise|94\/357
|c|âULT Socrates|hydro will kille something
|c|âULT Socrates|* kill
|
|switch|p2a: Vaporeon|Vaporeon, F|247\/464
|-damage|p2a: Vaporeon|189\/464|[from] Stealth Rock
|move|p1a: Blastoise|Rapid Spin|p2a: Vaporeon
|-damage|p2a: Vaporeon|174\/464
|
|-heal|p2a: Vaporeon|203\/464|[from] item: Leftovers
|turn|26
|c|âULT Socrates|lmao
|c|âULT Socrates|I cancelled that!
|c|âULT Socrates|missclicks -_-
|c|âJacobAsAlways|I was sacrificing vap anyway
|
|move|p1a: Blastoise|Dark Pulse|p2a: Vaporeon
|-damage|p2a: Vaporeon|39\/464
|cant|p2a: Vaporeon|flinch
|
|-heal|p2a: Vaporeon|68\/464|[from] item: Leftovers
|turn|27
|
|move|p1a: Blastoise|Rapid Spin|p2a: Vaporeon
|-damage|p2a: Vaporeon|53\/464
|move|p2a: Vaporeon|Scald|p1a: Blastoise
|-resisted|p1a: Blastoise
|-damage|p1a: Blastoise|46\/357
|
|-heal|p2a: Vaporeon|82\/464|[from] item: Leftovers
|turn|28
|
|move|p1a: Blastoise|Ice Beam|p2a: Vaporeon
|-resisted|p2a: Vaporeon
|-damage|p2a: Vaporeon|21\/464
|move|p2a: Vaporeon|Heal Bell|p2a: Vaporeon
|-cureteam|p2a: Vaporeon|[from] move: HealBell
|
|-heal|p2a: Vaporeon|50\/464|[from] item: Leftovers
|turn|29
|
|switch|p2a: Raikou|Raikou|132\/321
|-damage|p2a: Raikou|92\/321|[from] Stealth Rock
|-ability|p2a: Raikou|Pressure
|move|p1a: Blastoise|Rapid Spin|p2a: Raikou
|-damage|p2a: Raikou|73\/321
|
|turn|30
|c|âULT Socrates|the one time scald should've burned me
|
|move|p2a: Raikou|Volt Switch|p1a: Blastoise
|-supereffective|p1a: Blastoise
|-damage|p1a: Blastoise|0 fnt
|faint|p1a: Blastoise
|c|âJacobAsAlways|you still could win with double protect. xD
|c|âULT Socrates|I was sooo trying to get something to kill blastoise
|c|âULT Socrates|but noooo
|
|switch|p2a: Infernape|Infernape, M|180\/293
|-damage|p2a: Infernape|144\/293|[from] Stealth Rock
|
|c|âULT Socrates|scald always burn except for now
|
|switch|p1a: Yanmega|Yanmega, M|282\/313
|turn|31
|
|move|p1a: Yanmega|Protect|p1a: Yanmega
|-singleturn|p1a: Yanmega|Protect
|move|p2a: Infernape|Flare Blitz|p1a: Yanmega
|-activate|p1a: Yanmega|Protect
|
|-boost|p1a: Yanmega|spe|1|[from] ability: Speed Boost
|turn|32
|
|move|p1a: Yanmega|Protect|p1a: Yanmega
|-singleturn|p1a: Yanmega|Protect
|move|p2a: Infernape|Flare Blitz|p1a: Yanmega
|-activate|p1a: Yanmega|Protect
|
|-boost|p1a: Yanmega|spe|1|[from] ability: Speed Boost
|turn|33
|c|âULT Socrates|omg
|c|âULT Socrates|this never works for me
|c|âULT Socrates|ever
|c|âJacobAsAlways|Ah well, gg. Well played.
|
|move|p1a: Yanmega|Air Slash|p2a: Infernape
|-supereffective|p2a: Infernape
|-damage|p2a: Infernape|0 fnt
|-damage|p1a: Yanmega|251\/313|[from] item: Life Orb
|faint|p2a: Infernape
|
|-boost|p1a: Yanmega|spe|1|[from] ability: Speed Boost
|c|âULT Socrates|thanks
|c|âULT Socrates|you too :D
|c|âJacobAsAlways|Thank you! And you're more than welcome. :]
|
|switch|p2a: Vaporeon|Vaporeon, F|50\/464
|-damage|p2a: Vaporeon|0 fnt|[from] Stealth Rock
|faint|p2a: Vaporeon
|
|switch|p2a: Raikou|Raikou|73\/321
|-damage|p2a: Raikou|33\/321|[from] Stealth Rock
|-ability|p2a: Raikou|Pressure
|turn|34
|
|move|p1a: Yanmega|Bug Buzz|p2a: Raikou
|-damage|p2a: Raikou|0 fnt
|-damage|p1a: Yanmega|220\/313|[from] item: Life Orb
|faint|p2a: Raikou
|
|win|ULT Socrates
|raw|Ladder updating...
|raw|ULT Socrates's rating: 1553 &rarr; <strong>1563<\/strong><br \/>(+10 for winning)
|raw|JacobAsAlways's rating: 1372 &rarr; <strong>1361<\/strong><br \/>(-11 for losing)
|c|âJacobAsAlways|gg again
|c|âJacobAsAlways|damn, you were high on the ladder