|join|ULT Socrates
|join|Niki's Husband
|player|p1|ULT Socrates|291
|player|p2|Niki's Husband|265
|gametype|singles
|gen|6
|tier|UU
|rated
|rule|Sleep Clause Mod: Limit one foe put to sleep
|rule|Species Clause: Limit one of each PokÃ©mon
|rule|OHKO Clause: OHKO moves are banned
|rule|Moody Clause: Moody is banned
|rule|Evasion Moves Clause: Evasion moves are banned
|rule|Endless Battle Clause: Forcing endless battles is banned
|rule|HP Percentage Mod: HP is shown in percentages
|clearpoke
|poke|p1|Reuniclus, M
|poke|p1|Pidgeot, M
|poke|p1|Empoleon, M
|poke|p1|Virizion
|poke|p1|Chandelure, F
|poke|p1|Haxorus, M
|poke|p2|Serperior, F
|poke|p2|Espeon, F
|poke|p2|Scrafty, F
|poke|p2|Milotic, F
|poke|p2|Infernape, F
|poke|p2|Lanturn, F
|rule|Swagger Clause: Swagger is banned
|rule|Baton Pass Clause: Limit one PokÃ©mon knowing Baton Pass
|teampreview
|c|âULT Socrates|Hi Niki's Husband
|
|start
|switch|p1a: Empoleon|Empoleon, M|372\/372
|switch|p2a: Bars|Infernape, F|293\/293
|turn|1
|
|switch|p1a: Chandelure|Chandelure, F|261\/261
|move|p2a: Bars|Close Combat|p1a: Chandelure
|-immune|p1a: Chandelure|[msg]
|
|turn|2
|
|move|p2a: Bars|Stealth Rock|p1a: Chandelure
|-sidestart|p1: ULT Socrates|move: Stealth Rock
|move|p1a: Chandelure|Substitute|p1a: Chandelure
|-start|p1a: Chandelure|Substitute
|-damage|p1a: Chandelure|196\/261
|
|-heal|p1a: Chandelure|212\/261|[from] item: Leftovers
|turn|3
|
|switch|p2a: Chyna Fan|Milotic, F|394\/394
|move|p1a: Chandelure|Shadow Ball|p2a: Chyna Fan
|-damage|p2a: Chyna Fan|264\/394
|
|-heal|p1a: Chandelure|228\/261|[from] item: Leftovers
|-heal|p2a: Chyna Fan|288\/394|[from] item: Leftovers
|turn|4
|
|move|p1a: Chandelure|Shadow Ball|p2a: Chyna Fan
|-damage|p2a: Chyna Fan|138\/394
|move|p2a: Chyna Fan|Scald|p1a: Chandelure
|-supereffective|p1a: Chandelure
|-end|p1a: Chandelure|Substitute
|
|-heal|p1a: Chandelure|244\/261|[from] item: Leftovers
|-heal|p2a: Chyna Fan|162\/394|[from] item: Leftovers
|turn|5
|
|switch|p1a: Virizion|Virizion|331\/331
|-damage|p1a: Virizion|311\/331|[from] Stealth Rock
|move|p2a: Chyna Fan|Scald|p1a: Virizion
|-resisted|p1a: Virizion
|-damage|p1a: Virizion|275\/331
|
|-heal|p2a: Chyna Fan|186\/394|[from] item: Leftovers
|turn|6
|
|switch|p2a: Welindowed|Serperior, F|291\/291
|move|p1a: Virizion|Swords Dance|p1a: Virizion
|-boost|p1a: Virizion|atk|2
|
|turn|7
|
|move|p2a: Welindowed|Leaf Storm|p1a: Virizion
|-resisted|p1a: Virizion
|-damage|p1a: Virizion|209\/331
|-boost|p2a: Welindowed|spa|2
|move|p1a: Virizion|Close Combat|p2a: Welindowed
|-damage|p2a: Welindowed|0 fnt
|-unboost|p1a: Virizion|def|1
|-unboost|p1a: Virizion|spd|1
|faint|p2a: Welindowed
|
|
|switch|p2a: Bars|Infernape, F|293\/293
|turn|8
|
|switch|p2a: Chyna Fan|Milotic, F|186\/394
|move|p1a: Virizion|Close Combat|p2a: Chyna Fan
|-damage|p2a: Chyna Fan|0 fnt
|-unboost|p1a: Virizion|def|1
|-unboost|p1a: Virizion|spd|1
|faint|p2a: Chyna Fan
|
|c|âULT Socrates|we speed tie
|-message|Niki's Husband forfeited.
|
|win|ULT Socrates
|raw|Ladder updating...
|raw|ULT Socrates's rating: 1190 &rarr; <strong>1216<\/strong><br \/>(+26 for winning)
|raw|Niki&apos;s Husband's rating: 1200 &rarr; <strong>1174<\/strong><br \/>(-26 for losing)
|c|âULT Socrates|and I dont need this thing
|c|âULT Socrates|lmao