|join|ult rh156
|join|ULT Socrates
|player|p1|ult rh156|80
|player|p2|ULT Socrates|291
|gametype|singles
|gen|6
|tier|UU
|rated
|rule|Sleep Clause Mod: Limit one foe put to sleep
|rule|Species Clause: Limit one of each PokÃ©mon
|rule|OHKO Clause: OHKO moves are banned
|rule|Moody Clause: Moody is banned
|rule|Evasion Moves Clause: Evasion moves are banned
|rule|Endless Battle Clause: Forcing endless battles is banned
|rule|HP Percentage Mod: HP is shown in percentages
|clearpoke
|poke|p1|Sharpedo, M, shiny
|poke|p1|Infernape, M
|poke|p1|Barbaracle, M, shiny
|poke|p1|Jirachi
|poke|p1|Celebi
|poke|p1|Gligar, M, shiny
|poke|p2|Reuniclus, F
|poke|p2|Pidgeot, M
|poke|p2|Empoleon, F
|poke|p2|Virizion
|poke|p2|Chandelure, M
|poke|p2|Haxorus, F
|rule|Swagger Clause: Swagger is banned
|rule|Baton Pass Clause: Limit one PokÃ©mon knowing Baton Pass
|teampreview
|c|âULT Socrates|gl hf
|c|âult rh156|dsmr
|c|âult rh156|same**
|c|âult rh156|lol
|c|âULT Socrates|out of all people :')
|c|âult rh156|heh
|
|start
|switch|p1a: Gligar|Gligar, M, shiny|333\/333
|switch|p2a: Chandelure|Chandelure, M|261\/261
|turn|1
|
|move|p2a: Chandelure|Substitute|p2a: Chandelure
|-start|p2a: Chandelure|Substitute
|-damage|p2a: Chandelure|196\/261
|move|p1a: Gligar|Earthquake|p2a: Chandelure
|-supereffective|p2a: Chandelure
|-end|p2a: Chandelure|Substitute
|
|-heal|p2a: Chandelure|212\/261|[from] item: Leftovers
|turn|2
|
|move|p2a: Chandelure|Substitute|p2a: Chandelure
|-start|p2a: Chandelure|Substitute
|-damage|p2a: Chandelure|147\/261
|move|p1a: Gligar|Stealth Rock|p2a: Chandelure
|-sidestart|p2: ULT Socrates|move: Stealth Rock
|
|-heal|p2a: Chandelure|163\/261|[from] item: Leftovers
|turn|3
|
|move|p2a: Chandelure|Shadow Ball|p1a: Gligar
|-crit|p1a: Gligar
|-damage|p1a: Gligar|171\/333
|move|p1a: Gligar|Earthquake|p2a: Chandelure
|-supereffective|p2a: Chandelure
|-end|p2a: Chandelure|Substitute
|
|-heal|p2a: Chandelure|179\/261|[from] item: Leftovers
|turn|4
|
|move|p2a: Chandelure|Fire Blast|p1a: Gligar
|-damage|p1a: Gligar|36\/333
|move|p1a: Gligar|Roost|p1a: Gligar
|-heal|p1a: Gligar|203\/333
|
|-heal|p2a: Chandelure|195\/261|[from] item: Leftovers
|turn|5
|
|switch|p2a: Virizion|Virizion|331\/331
|-damage|p2a: Virizion|311\/331|[from] Stealth Rock
|move|p1a: Gligar|Roost|p1a: Gligar
|-heal|p1a: Gligar|333\/333
|
|turn|6
|
|move|p2a: Virizion|Swords Dance|p2a: Virizion
|-boost|p2a: Virizion|atk|2
|move|p1a: Gligar|U-turn|p2a: Virizion
|-damage|p2a: Virizion|257\/331
|
|switch|p1a: Jirachi|Jirachi|341\/341
|
|turn|7
|
|switch|p2a: Empoleon|Empoleon, F|372\/372
|-damage|p2a: Empoleon|349\/372|[from] Stealth Rock
|move|p1a: Jirachi|Zen Headbutt|p2a: Empoleon
|-resisted|p2a: Empoleon
|-damage|p2a: Empoleon|281\/372
|
|-heal|p2a: Empoleon|304\/372|[from] item: Leftovers
|turn|8
|
|switch|p1a: Celebi|Celebi|403\/403
|move|p2a: Empoleon|Defog|p1a: Celebi
|-unboost|p1a: Celebi|evasion|1
|-sideend|p2: ULT Socrates|Stealth Rock|[from] move: Defog|[of] p2a: Empoleon
|
|-heal|p2a: Empoleon|327\/372|[from] item: Leftovers
|turn|9
|
|move|p1a: Celebi|Baton Pass|p1a: Celebi
|
|switch|p1a: Infernape|Infernape, M|293\/293
|move|p2a: Empoleon|Stealth Rock|p1a: Infernape
|-sidestart|p1: ult rh156|move: Stealth Rock
|
|-heal|p2a: Empoleon|350\/372|[from] item: Leftovers
|turn|10
|
|switch|p1a: Gligar|Gligar, M, shiny|333\/333
|-damage|p1a: Gligar|292\/333|[from] Stealth Rock
|switch|p2a: Chandelure|Chandelure, M|195\/261
|
|-heal|p2a: Chandelure|211\/261|[from] item: Leftovers
|turn|11
|
|move|p2a: Chandelure|Fire Blast|p1a: Gligar|[miss]
|-miss|p2a: Chandelure|p1a: Gligar
|move|p1a: Gligar|Stealth Rock|p2a: Chandelure
|-sidestart|p2: ULT Socrates|move: Stealth Rock
|
|-heal|p2a: Chandelure|227\/261|[from] item: Leftovers
|turn|12
|c|âULT Socrates|damn
|c|âult rh156|sry
|c|âULT Socrates|Im playing like I have no brain xD
|
|switch|p2a: Virizion|Virizion|257\/331
|-damage|p2a: Virizion|237\/331|[from] Stealth Rock
|move|p1a: Gligar|Earthquake|p2a: Virizion
|-crit|p2a: Virizion
|-resisted|p2a: Virizion
|-damage|p2a: Virizion|150\/331
|
|turn|13
|
|move|p2a: Virizion|Close Combat|p1a: Gligar
|-resisted|p1a: Gligar
|-damage|p1a: Gligar|241\/333
|-unboost|p2a: Virizion|def|1
|-unboost|p2a: Virizion|spd|1
|move|p1a: Gligar|U-turn|p2a: Virizion
|-damage|p2a: Virizion|68\/331
|
|switch|p1a: Sharpedo|Sharpedo, M, shiny|281\/281
|-damage|p1a: Sharpedo|246\/281|[from] Stealth Rock
|
|turn|14
|c|âULT Socrates|like that -_-
|
|switch|p2a: Empoleon|Empoleon, F|350\/372
|-damage|p2a: Empoleon|327\/372|[from] Stealth Rock
|move|p1a: Sharpedo|Protect|p1a: Sharpedo
|-fail|p1a: Sharpedo
|
|-heal|p2a: Empoleon|350\/372|[from] item: Leftovers
|-boost|p1a: Sharpedo|spe|1|[from] ability: Speed Boost
|turn|15
|
|detailschange|p1a: Sharpedo|Sharpedo-Mega, M, shiny
|-mega|p1a: Sharpedo|Sharpedo|Sharpedonite
|move|p1a: Sharpedo|Crunch|p2a: Empoleon
|-damage|p2a: Empoleon|52\/372
|move|p2a: Empoleon|Scald|p1a: Sharpedo
|-resisted|p1a: Sharpedo
|-damage|p1a: Sharpedo|145\/281
|-status|p1a: Sharpedo|brn
|
|-heal|p2a: Empoleon|75\/372|[from] item: Leftovers
|-damage|p1a: Sharpedo|110\/281 brn|[from] brn
|turn|16
|
|move|p1a: Sharpedo|Crunch|p2a: Empoleon
|-damage|p2a: Empoleon|0 fnt
|faint|p2a: Empoleon
|
|-damage|p1a: Sharpedo|75\/281 brn|[from] brn
|
|switch|p2a: Haxorus|Haxorus, F|293\/293
|-damage|p2a: Haxorus|257\/293|[from] Stealth Rock
|-ability|p2a: Haxorus|Mold Breaker
|turn|17
|
|move|p2a: Haxorus|Dragon Claw|p1a: Sharpedo
|-damage|p1a: Sharpedo|0 fnt
|faint|p1a: Sharpedo
|
|
|switch|p1a: Jirachi|Jirachi|341\/341
|-damage|p1a: Jirachi|320\/341|[from] Stealth Rock
|turn|18
|
|switch|p2a: Virizion|Virizion|68\/331
|-damage|p2a: Virizion|48\/331|[from] Stealth Rock
|move|p1a: Jirachi|U-turn|p2a: Virizion
|-damage|p2a: Virizion|0 fnt
|faint|p2a: Virizion
|
|switch|p1a: Gligar|Gligar, M, shiny|241\/333
|-damage|p1a: Gligar|200\/333|[from] Stealth Rock
|
|c|âULT Socrates|Scarf Rachi is so dominant in this tier :D
|c|âult rh156|yea
|
|switch|p2a: Reuniclus|Reuniclus, F|424\/424
|turn|19
|
|move|p1a: Gligar|U-turn|p2a: Reuniclus
|-supereffective|p2a: Reuniclus
|-damage|p2a: Reuniclus|344\/424
|
|switch|p1a: Jirachi|Jirachi|320\/341
|-damage|p1a: Jirachi|299\/341|[from] Stealth Rock
|move|p2a: Reuniclus|Calm Mind|p2a: Reuniclus
|-boost|p2a: Reuniclus|spa|1
|-boost|p2a: Reuniclus|spd|1
|
|-heal|p2a: Reuniclus|370\/424|[from] item: Leftovers
|turn|20
|
|switch|p2a: Chandelure|Chandelure, M|227\/261
|-damage|p2a: Chandelure|162\/261|[from] Stealth Rock
|move|p1a: Jirachi|Trick|p2a: Chandelure
|-activate|p1a: Jirachi|move: Trick|[of] p2a: Chandelure
|-item|p2a: Chandelure|Choice Scarf|[from] move: Trick
|-item|p1a: Jirachi|Leftovers|[from] move: Trick
|
|-heal|p1a: Jirachi|320\/341|[from] item: Leftovers
|turn|21
|
|switch|p1a: Gligar|Gligar, M, shiny|200\/333
|-damage|p1a: Gligar|159\/333|[from] Stealth Rock
|move|p2a: Chandelure|Shadow Ball|p1a: Gligar
|-damage|p1a: Gligar|56\/333
|
|turn|22
|
|move|p2a: Chandelure|Shadow Ball|p1a: Gligar
|-damage|p1a: Gligar|0 fnt
|faint|p1a: Gligar
|
|
|switch|p1a: Barbaracle|Barbaracle, M, shiny|285\/285
|-damage|p1a: Barbaracle|250\/285|[from] Stealth Rock
|turn|23
|c|âULT Socrates|Finally I made a good play
|
|move|p2a: Chandelure|Shadow Ball|p1a: Barbaracle
|-damage|p1a: Barbaracle|67\/285
|move|p1a: Barbaracle|Shell Smash|p1a: Barbaracle
|-boost|p1a: Barbaracle|atk|2
|-boost|p1a: Barbaracle|spa|2
|-boost|p1a: Barbaracle|spe|2
|-unboost|p1a: Barbaracle|def|1
|-unboost|p1a: Barbaracle|spd|1
|
|turn|24
|
|move|p1a: Barbaracle|Earthquake|p2a: Chandelure
|-supereffective|p2a: Chandelure
|-damage|p2a: Chandelure|0 fnt
|faint|p2a: Chandelure
|
|
|switch|p2a: Haxorus|Haxorus, F|257\/293
|-damage|p2a: Haxorus|221\/293|[from] Stealth Rock
|-ability|p2a: Haxorus|Mold Breaker
|turn|25
|
|move|p1a: Barbaracle|X-Scissor|p2a: Haxorus
|-damage|p2a: Haxorus|0 fnt
|faint|p2a: Haxorus
|
|c|âULT Socrates|damn ur jolly
|
|switch|p2a: Reuniclus|Reuniclus, F|370\/424
|turn|26
|c|âult rh156|yep
|
|move|p1a: Barbaracle|X-Scissor|p2a: Reuniclus
|-supereffective|p2a: Reuniclus
|-damage|p2a: Reuniclus|0 fnt
|faint|p2a: Reuniclus
|
|c|âULT Socrates|gg
|c|âult rh156|gg
|
|switch|p2a: Pidgeot|Pidgeot, M|307\/307
|-damage|p2a: Pidgeot|231\/307|[from] Stealth Rock
|turn|27
|
|detailschange|p2a: Pidgeot|Pidgeot-Mega, M
|-mega|p2a: Pidgeot|Pidgeot|Pidgeotite
|move|p1a: Barbaracle|Razor Shell|p2a: Pidgeot
|-damage|p2a: Pidgeot|0 fnt
|faint|p2a: Pidgeot
|
|win|ult rh156
|raw|Ladder updating...
|raw|ult rh156's rating: 1544 &rarr; <strong>1556<\/strong><br \/>(+12 for winning)
|raw|ULT Socrates's rating: 1398 &rarr; <strong>1386<\/strong><br \/>(-12 for losing)