|join|ult rh156
|join|ULT Socrates
|player|p1|ult rh156|80
|player|p2|ULT Socrates|291
|gametype|singles
|gen|6
|tier|UU
|rated
|rule|Sleep Clause Mod: Limit one foe put to sleep
|rule|Species Clause: Limit one of each PokÃ©mon
|rule|OHKO Clause: OHKO moves are banned
|rule|Moody Clause: Moody is banned
|rule|Evasion Moves Clause: Evasion moves are banned
|rule|Endless Battle Clause: Forcing endless battles is banned
|rule|HP Percentage Mod: HP is shown in percentages
|clearpoke
|poke|p1|Sharpedo, M, shiny
|poke|p1|Infernape, M
|poke|p1|Barbaracle, M, shiny
|poke|p1|Jirachi
|poke|p1|Celebi
|poke|p1|Gligar, M, shiny
|poke|p2|Reuniclus, F
|poke|p2|Pidgeot, F
|poke|p2|Empoleon, M
|poke|p2|Virizion
|poke|p2|Chandelure, M
|poke|p2|Haxorus, F
|rule|Swagger Clause: Swagger is banned
|rule|Baton Pass Clause: Limit one PokÃ©mon knowing Baton Pass
|teampreview
|c|âULT Socrates|lmao
|c|âULT Socrates|again?
|c|âULT Socrates|go away dude
|c|âult rh156|lol
|c|âult rh156|i need the points m8
|c|âult rh156|g_l
|
|start
|switch|p1a: Gligar|Gligar, M, shiny|333\/333
|switch|p2a: Pidgeot|Pidgeot, F|307\/307
|turn|1
|
|switch|p1a: Jirachi|Jirachi|341\/341
|detailschange|p2a: Pidgeot|Pidgeot-Mega, F
|-mega|p2a: Pidgeot|Pidgeot|Pidgeotite
|move|p2a: Pidgeot|Hurricane|p1a: Jirachi
|-resisted|p1a: Jirachi
|-damage|p1a: Jirachi|247\/341
|
|turn|2
|
|move|p1a: Jirachi|U-turn|p2a: Pidgeot
|-resisted|p2a: Pidgeot
|-damage|p2a: Pidgeot|266\/307
|
|switch|p1a: Gligar|Gligar, M, shiny|333\/333
|move|p2a: Pidgeot|Hurricane|p1a: Gligar
|-damage|p1a: Gligar|213\/333
|-start|p1a: Gligar|confusion
|
|turn|3
|
|switch|p1a: Jirachi|Jirachi|247\/341
|move|p2a: Pidgeot|Hurricane|p1a: Jirachi
|-resisted|p1a: Jirachi
|-damage|p1a: Jirachi|145\/341
|
|turn|4
|
|switch|p2a: Empoleon|Empoleon, M|372\/372
|move|p1a: Jirachi|Iron Head|p2a: Empoleon
|-crit|p2a: Empoleon
|-resisted|p2a: Empoleon
|-damage|p2a: Empoleon|324\/372
|
|-heal|p2a: Empoleon|347\/372|[from] item: Leftovers
|turn|5
|
|switch|p1a: Sharpedo|Sharpedo, M, shiny|281\/281
|switch|p2a: Pidgeot|Pidgeot-Mega, F|266\/307
|
|turn|6
|join|ULT Bob
|
|switch|p2a: Virizion|Virizion|331\/331
|move|p1a: Sharpedo|Protect|p1a: Sharpedo
|-fail|p1a: Sharpedo
|
|-boost|p1a: Sharpedo|spe|1|[from] ability: Speed Boost
|turn|7
|
|move|p1a: Sharpedo|Destiny Bond|p1a: Sharpedo
|-singlemove|p1a: Sharpedo|Destiny Bond
|move|p2a: Virizion|Close Combat|p1a: Sharpedo
|-supereffective|p1a: Sharpedo
|-damage|p1a: Sharpedo|0 fnt
|-unboost|p2a: Virizion|def|1
|-unboost|p2a: Virizion|spd|1
|faint|p1a: Sharpedo
|-activate|p1a: Sharpedo|Destiny Bond
|faint|p2a: Virizion
|
|c|âULT Socrates|fuck that thing xD
|
|switch|p2a: Pidgeot|Pidgeot-Mega, F|266\/307
|switch|p1a: Gligar|Gligar, M, shiny|213\/333
|turn|8
|join|Snowballin
|c|âult rh156|no confusion hax plz
|
|move|p2a: Pidgeot|Hurricane|p1a: Gligar
|-damage|p1a: Gligar|87\/333
|move|p1a: Gligar|Stealth Rock|p2a: Pidgeot
|-sidestart|p2: ULT Socrates|move: Stealth Rock
|
|turn|9
|c|âult rh156|kcool
|
|move|p2a: Pidgeot|Hurricane|p1a: Gligar
|-damage|p1a: Gligar|0 fnt
|faint|p1a: Gligar
|
|
|switch|p1a: Barbaracle|Barbaracle, M, shiny|285\/285
|turn|10
|c| ULT Bob|defog pidgeot
|
|move|p2a: Pidgeot|Hurricane|p1a: Barbaracle
|-resisted|p1a: Barbaracle
|-damage|p1a: Barbaracle|167\/285
|move|p1a: Barbaracle|Shell Smash|p1a: Barbaracle
|-boost|p1a: Barbaracle|atk|2
|-boost|p1a: Barbaracle|spa|2
|-boost|p1a: Barbaracle|spe|2
|-unboost|p1a: Barbaracle|def|1
|-unboost|p1a: Barbaracle|spd|1
|
|turn|11
|c|âULT Socrates|fking shit
|c|âULT Socrates|not again
|
|move|p1a: Barbaracle|Razor Shell|p2a: Pidgeot
|-damage|p2a: Pidgeot|0 fnt
|faint|p2a: Pidgeot
|
|
|switch|p2a: Empoleon|Empoleon, M|347\/372
|-damage|p2a: Empoleon|324\/372|[from] Stealth Rock
|turn|12
|
|move|p1a: Barbaracle|Earthquake|p2a: Empoleon
|-supereffective|p2a: Empoleon
|-damage|p2a: Empoleon|0 fnt
|faint|p2a: Empoleon
|
|
|switch|p2a: Haxorus|Haxorus, F|293\/293
|-damage|p2a: Haxorus|257\/293|[from] Stealth Rock
|-ability|p2a: Haxorus|Mold Breaker
|turn|13
|c|âult rh156|do u have hp investment
|
|move|p1a: Barbaracle|X-Scissor|p2a: Haxorus
|-damage|p2a: Haxorus|28\/293
|move|p2a: Haxorus|Earthquake|p1a: Barbaracle
|-supereffective|p1a: Barbaracle
|-damage|p1a: Barbaracle|0 fnt
|faint|p1a: Barbaracle
|
|join|Blue DrReuniclus3
|c|âULT Socrates|lmao
|c|âult rh156|o gay.
|c|âULT Socrates|sacked one for nothing
|
|switch|p1a: Jirachi|Jirachi|145\/341
|turn|14
|
|move|p1a: Jirachi|U-turn|p2a: Haxorus
|-damage|p2a: Haxorus|0 fnt
|faint|p2a: Haxorus
|
|switch|p1a: Celebi|Celebi|403\/403
|
|
|switch|p2a: Chandelure|Chandelure, M|261\/261
|-damage|p2a: Chandelure|196\/261|[from] Stealth Rock
|turn|15
|
|move|p2a: Chandelure|Shadow Ball|p1a: Celebi
|-supereffective|p1a: Celebi
|-damage|p1a: Celebi|89\/403
|-unboost|p1a: Celebi|spd|1
|move|p1a: Celebi|Swords Dance|p1a: Celebi
|-boost|p1a: Celebi|atk|2
|
|-heal|p2a: Chandelure|212\/261|[from] item: Leftovers
|-heal|p1a: Celebi|114\/403|[from] item: Leftovers
|turn|16
|
|move|p2a: Chandelure|Substitute|p2a: Chandelure
|-start|p2a: Chandelure|Substitute
|-damage|p2a: Chandelure|147\/261
|move|p1a: Celebi|Seed Bomb|p2a: Chandelure
|-resisted|p2a: Chandelure
|-end|p2a: Chandelure|Substitute
|
|-heal|p2a: Chandelure|163\/261|[from] item: Leftovers
|-heal|p1a: Celebi|139\/403|[from] item: Leftovers
|turn|17
|
|move|p2a: Chandelure|Substitute|p2a: Chandelure
|-start|p2a: Chandelure|Substitute
|-damage|p2a: Chandelure|98\/261
|move|p1a: Celebi|Seed Bomb|p2a: Chandelure
|-resisted|p2a: Chandelure
|-end|p2a: Chandelure|Substitute
|
|-heal|p2a: Chandelure|114\/261|[from] item: Leftovers
|-heal|p1a: Celebi|164\/403|[from] item: Leftovers
|turn|18
|
|move|p2a: Chandelure|Shadow Ball|p1a: Celebi
|-supereffective|p1a: Celebi
|-damage|p1a: Celebi|0 fnt
|faint|p1a: Celebi
|
|-heal|p2a: Chandelure|130\/261|[from] item: Leftovers
|
|switch|p1a: Jirachi|Jirachi|145\/341
|turn|19
|
|move|p1a: Jirachi|Zen Headbutt|p2a: Chandelure
|-damage|p2a: Chandelure|0 fnt
|faint|p2a: Chandelure
|
|
|switch|p2a: Reuniclus|Reuniclus, F|424\/424
|turn|20
|
|switch|p1a: Infernape|Infernape, M|293\/293
|move|p2a: Reuniclus|Calm Mind|p2a: Reuniclus
|-boost|p2a: Reuniclus|spa|1
|-boost|p2a: Reuniclus|spd|1
|
|turn|21
|
|move|p1a: Infernape|Fire Blast|p2a: Reuniclus
|-damage|p2a: Reuniclus|259\/424
|-damage|p1a: Infernape|264\/293|[from] item: Life Orb
|move|p2a: Reuniclus|Psyshock|p1a: Infernape
|-supereffective|p1a: Infernape
|-damage|p1a: Infernape|0 fnt
|faint|p1a: Infernape
|
|-heal|p2a: Reuniclus|285\/424|[from] item: Leftovers
|
|switch|p1a: Jirachi|Jirachi|145\/341
|turn|22
|
|move|p1a: Jirachi|Trick|p2a: Reuniclus
|-activate|p1a: Jirachi|move: Trick|[of] p2a: Reuniclus
|-item|p2a: Reuniclus|Choice Scarf|[from] move: Trick
|-item|p1a: Jirachi|Leftovers|[from] move: Trick
|move|p2a: Reuniclus|Focus Blast|p1a: Jirachi
|-damage|p1a: Jirachi|0 fnt
|faint|p1a: Jirachi
|
|win|ULT Socrates
|raw|Ladder updating...
|raw|ult rh156's rating: 1612 &rarr; <strong>1580<\/strong><br \/>(-32 for losing)
|raw|ULT Socrates's rating: 1361 &rarr; <strong>1393<\/strong><br \/>(+32 for winning)
|c|âult rh156|gg
|leave|ult rh156
|player|p1
|c|âULT Socrates|gg
|c|âULT Socrates|finally
|leave|ULT Bob
|leave|Blue DrReuniclus3
|leave|Snowballin