|join|ULT Socrates
|join|Eruvala
|player|p1|ULT Socrates|291
|player|p2|Eruvala|70
|gametype|singles
|gen|6
|tier|UU
|rated
|rule|Sleep Clause Mod: Limit one foe put to sleep
|rule|Species Clause: Limit one of each PokÃ©mon
|rule|OHKO Clause: OHKO moves are banned
|rule|Moody Clause: Moody is banned
|rule|Evasion Moves Clause: Evasion moves are banned
|rule|Endless Battle Clause: Forcing endless battles is banned
|rule|HP Percentage Mod: HP is shown in percentages
|clearpoke
|poke|p1|Krookodile, M
|poke|p1|Jirachi
|poke|p1|Nidoqueen, F
|poke|p1|Machamp, M
|poke|p1|Blastoise, F
|poke|p1|Yanmega, F
|poke|p2|Alakazam, F
|poke|p2|Aerodactyl, F, shiny
|poke|p2|Slurpuff, F, shiny
|poke|p2|Rotom-Heat
|poke|p2|Haxorus, M
|poke|p2|Blastoise, M
|rule|Swagger Clause: Swagger is banned
|rule|Baton Pass Clause: Limit one PokÃ©mon knowing Baton Pass
|teampreview
|c|âULT Socrates|gl hf
|c|âEruvala|u2
|
|start
|switch|p1a: Nidoqueen|Nidoqueen, F|345\/345
|switch|p2a: Aerodactyl|Aerodactyl, F, shiny|301\/301
|turn|1
|join|Stupid Student
|leave|Stupid Student
|
|move|p2a: Aerodactyl|Taunt|p1a: Nidoqueen
|-start|p1a: Nidoqueen|move: Taunt
|move|p1a: Nidoqueen|Ice Beam|p2a: Aerodactyl
|-supereffective|p2a: Aerodactyl
|-enditem|p2a: Aerodactyl|Focus Sash
|-damage|p2a: Aerodactyl|1\/301
|
|turn|2
|
|move|p2a: Aerodactyl|Stealth Rock|p1a: Nidoqueen
|-sidestart|p1: ULT Socrates|move: Stealth Rock
|move|p1a: Nidoqueen|Sludge Wave|p2a: Aerodactyl
|-resisted|p2a: Aerodactyl
|-damage|p2a: Aerodactyl|0 fnt
|faint|p2a: Aerodactyl
|
|
|switch|p2a: Alakazam|Alakazam, F|251\/251
|turn|3
|
|switch|p1a: Jirachi|Jirachi|341\/341
|-damage|p1a: Jirachi|320\/341|[from] Stealth Rock
|move|p2a: Alakazam|Shadow Ball|p1a: Jirachi
|-supereffective|p1a: Jirachi
|-damage|p1a: Jirachi|68\/341
|
|turn|4
|
|switch|p2a: Rotom-Heat|Rotom-Heat|304\/304
|move|p1a: Jirachi|U-turn|p2a: Rotom-Heat
|-resisted|p2a: Rotom-Heat
|-damage|p2a: Rotom-Heat|271\/304
|
|switch|p1a: Machamp|Machamp, M|364\/364
|-damage|p1a: Machamp|342\/364|[from] Stealth Rock
|
|turn|5
|
|move|p2a: Rotom-Heat|Reflect|p2a: Rotom-Heat
|-sidestart|p2: Eruvala|Reflect
|move|p1a: Machamp|Close Combat|p2a: Rotom-Heat
|-damage|p2a: Rotom-Heat|151\/304
|-unboost|p1a: Machamp|def|1
|-unboost|p1a: Machamp|spd|1
|
|turn|6
|
|move|p2a: Rotom-Heat|Light Screen|p2a: Rotom-Heat
|-sidestart|p2: Eruvala|move: Light Screen
|move|p1a: Machamp|Knock Off|p2a: Rotom-Heat
|-damage|p2a: Rotom-Heat|96\/304
|-enditem|p2a: Rotom-Heat|Light Clay|[from] move: Knock Off|[of] p1a: Machamp
|
|turn|7
|
|move|p2a: Rotom-Heat|Volt Switch|p1a: Machamp
|-damage|p1a: Machamp|239\/364
|
|switch|p2a: Blastoise|Blastoise, M|359\/359
|move|p1a: Machamp|Knock Off|p2a: Blastoise
|-damage|p2a: Blastoise|319\/359
|
|turn|8
|
|detailschange|p2a: Blastoise|Blastoise-Mega, M
|-mega|p2a: Blastoise|Blastoise|Blastoisinite
|move|p2a: Blastoise|Icy Wind|p1a: Machamp
|-damage|p1a: Machamp|155\/364
|-unboost|p1a: Machamp|spe|1
|move|p1a: Machamp|Close Combat|p2a: Blastoise
|-damage|p2a: Blastoise|223\/359
|-unboost|p1a: Machamp|def|1
|-unboost|p1a: Machamp|spd|1
|
|turn|9
|
|switch|p1a: Blastoise|Blastoise, F|357\/357
|-damage|p1a: Blastoise|313\/357|[from] Stealth Rock
|move|p2a: Blastoise|Scald|p1a: Blastoise
|-resisted|p1a: Blastoise
|-damage|p1a: Blastoise|238\/357
|-status|p1a: Blastoise|brn
|
|-damage|p1a: Blastoise|194\/357 brn|[from] brn
|turn|10
|
|switch|p2a: Slurpuff|Slurpuff, F, shiny|333\/333
|detailschange|p1a: Blastoise|Blastoise-Mega, F
|-mega|p1a: Blastoise|Blastoise|Blastoisinite
|move|p1a: Blastoise|Rapid Spin|p2a: Slurpuff
|-damage|p2a: Slurpuff|329\/333
|-sideend|p1: ULT Socrates|Stealth Rock|[from] move: Rapid Spin|[of] p1a: Blastoise
|
|-damage|p1a: Blastoise|150\/357 brn|[from] brn
|turn|11
|
|move|p2a: Slurpuff|Belly Drum|p2a: Slurpuff
|-damage|p2a: Slurpuff|163\/333
|-setboost|p2a: Slurpuff|atk|6|[from] move: Belly Drum
|-enditem|p2a: Slurpuff|Sitrus Berry|[eat]
|-heal|p2a: Slurpuff|246\/333|[from] item: Sitrus Berry
|move|p1a: Blastoise|Hydro Pump|p2a: Slurpuff
|-damage|p2a: Slurpuff|97\/333
|
|-damage|p1a: Blastoise|106\/357 brn|[from] brn
|turn|12
|
|move|p2a: Slurpuff|Drain Punch|p1a: Blastoise
|-damage|p1a: Blastoise|0 fnt
|-heal|p2a: Slurpuff|150\/333|[from] drain|[of] p1a: Blastoise
|faint|p1a: Blastoise
|
|-sideend|p2: Eruvala|Reflect
|
|switch|p1a: Machamp|Machamp, M|155\/364
|turn|13
|
|move|p1a: Machamp|Bullet Punch|p2a: Slurpuff
|-supereffective|p2a: Slurpuff
|-damage|p2a: Slurpuff|24\/333
|move|p2a: Slurpuff|Drain Punch|p1a: Machamp
|-damage|p1a: Machamp|0 fnt
|-heal|p2a: Slurpuff|102\/333|[from] drain|[of] p1a: Machamp
|faint|p1a: Machamp
|
|-sideend|p2: Eruvala|move: Light Screen
|
|switch|p1a: Nidoqueen|Nidoqueen, F|345\/345
|turn|14
|
|move|p2a: Slurpuff|Return|p1a: Nidoqueen
|-damage|p1a: Nidoqueen|0 fnt
|faint|p1a: Nidoqueen
|
|
|switch|p1a: Yanmega|Yanmega, F|313\/313
|turn|15
|
|move|p1a: Yanmega|Protect|p1a: Yanmega
|-singleturn|p1a: Yanmega|Protect
|move|p2a: Slurpuff|Return|p1a: Yanmega
|-activate|p1a: Yanmega|Protect
|
|-boost|p1a: Yanmega|spe|1|[from] ability: Speed Boost
|turn|16
|
|move|p1a: Yanmega|Protect|p1a: Yanmega
|-fail|p1a: Yanmega
|move|p2a: Slurpuff|Play Rough|p1a: Yanmega
|-damage|p1a: Yanmega|0 fnt
|faint|p1a: Yanmega
|
|c|âULT Socrates|gg
|c|âEruvala|gg but dude
|c|âEruvala|Imma tell you something and you'll facepalm
|
|switch|p1a: Jirachi|Jirachi|68\/341
|turn|17
|c|âULT Socrates|if this outspeeds
|c|âEruvala|My slurpuff only runs enough speed to outspeed base 145's like mega beedrill after unburne
|c|âULT Socrates|I will bleed out of my eyes
|c|âEruvala|aka 427 speed
|c|âULT Socrates|nooooooooooo
|c|âEruvala|my speed is 430  xD
|c|âULT Socrates|you are joking right?
|
|move|p1a: Jirachi|Iron Head|p2a: Slurpuff
|-supereffective|p2a: Slurpuff
|-damage|p2a: Slurpuff|0 fnt
|faint|p2a: Slurpuff
|
|c|âULT Socrates|ffs
|c|âULT Socrates|I sacked the world to kill this thing
|c|âEruvala|look
|c|âEruvala|https:\/\/www.youtube.com\/watch?v=2VXacYLcjGA
|
|switch|p2a: Rotom-Heat|Rotom-Heat|96\/304
|turn|18
|c|âULT Socrates|omg
|
|move|p1a: Jirachi|Iron Head|p2a: Rotom-Heat
|-crit|p2a: Rotom-Heat
|-resisted|p2a: Rotom-Heat
|-damage|p2a: Rotom-Heat|52\/304
|move|p2a: Rotom-Heat|Overheat|p1a: Jirachi
|-supereffective|p1a: Jirachi
|-damage|p1a: Jirachi|0 fnt
|-unboost|p2a: Rotom-Heat|spa|2
|faint|p1a: Jirachi
|
|c|âULT Socrates|I couldve won
|c|âULT Socrates|again
|c|âULT Socrates|shit has been happening to me all day
|
|switch|p1a: Krookodile|Krookodile, M|332\/332
|-ability|p1a: Krookodile|Intimidate|[of] p2a: Rotom-Heat
|-unboost|p2a: Rotom-Heat|atk|1
|turn|19
|
|move|p1a: Krookodile|Knock Off|p2a: Rotom-Heat
|-damage|p2a: Rotom-Heat|0 fnt
|faint|p2a: Rotom-Heat
|
|c|âULT Socrates|gg world
|c|âULT Socrates|you played me again
|c|âEruvala|xD
|c|âEruvala|Did you click teh link ?
|
|switch|p2a: Blastoise|Blastoise-Mega, M|223\/359
|turn|20
|
|move|p1a: Krookodile|Knock Off|p2a: Blastoise
|-damage|p2a: Blastoise|75\/359
|move|p2a: Blastoise|Scald|p1a: Krookodile
|-supereffective|p1a: Krookodile
|-damage|p1a: Krookodile|0 fnt
|faint|p1a: Krookodile
|
|win|Eruvala
|raw|Ladder updating...
|raw|ULT Socrates's rating: 1562 &rarr; <strong>1534<\/strong><br \/>(-28 for losing)
|raw|Eruvala's rating: 1419 &rarr; <strong>1447<\/strong><br \/>(+28 for winning)
|c|âEruvala|gg ?
|c|âULT Socrates|gg
|c|âULT Socrates|fucker
|c|âULT Socrates|lmao
|c|âEruvala|;p
|c|âULT Socrates|Im salty af
|leave|ULT Socrates