|join|bouff
|join|ULT xMarth
|player|p1|bouff|14
|player|p2|ULT xMarth|153
|gametype|singles
|gen|6
|tier|UU
|rated
|rule|Sleep Clause Mod: Limit one foe put to sleep
|rule|Species Clause: Limit one of each PokÃ©mon
|rule|OHKO Clause: OHKO moves are banned
|rule|Moody Clause: Moody is banned
|rule|Evasion Moves Clause: Evasion moves are banned
|rule|Endless Battle Clause: Forcing endless battles is banned
|rule|HP Percentage Mod: HP is reported as percentages
|clearpoke
|poke|p1|Roserade, M
|poke|p1|Victini
|poke|p1|Sableye, M
|poke|p1|Blastoise, F
|poke|p1|Hydreigon, F
|poke|p1|Nidoking, M
|poke|p2|Froslass, F
|poke|p2|Sableye, M
|poke|p2|Lucario, M, shiny
|poke|p2|Swampert, M
|poke|p2|Shaymin
|poke|p2|Crobat, F
|rule|Swagger Clause: Swagger is banned
|rule|Baton Pass Clause: Limit one PokÃ©mon knowing Baton Pass
|teampreview
|join|ah yueah
|chat|bouff|gay.
|chat|ah yueah|oh marth u changed your team
|chat|bouff|:[
|chat|ah yueah|what happend to rose
|
|start
|switch|p1a: Sableye|Sableye, M|304\/304
|switch|p2a: Froslass|Froslass, F|281\/281
|turn|1
|chat|ah yueah|and to m aero 
|chat|ah yueah|thats the last version I saw of it lol
|chat|ah yueah|and played
|chat|ULT xMarth|well i had it changed for volc for a while
|
|switch|p2a: Shaymin|Shaymin|341\/341
|move|p1a: Sableye|Taunt|p2a: Shaymin
|-start|p2a: Shaymin|move: Taunt
|
|turn|2
|
|switch|p1a: Roserade|Roserade, M|261\/261
|move|p2a: Shaymin|Seed Flare|p1a: Roserade
|-resisted|p1a: Roserade
|-damage|p1a: Roserade|199\/261
|
|turn|3
|
|switch|p2a: Crobat|Crobat, F|331\/331
|move|p1a: Roserade|Sleep Powder|p2a: Crobat
|-status|p2a: Crobat|slp
|
|turn|4
|
|switch|p2a: Froslass|Froslass, F|281\/281
|move|p1a: Roserade|Spikes|p2a: Froslass
|-sidestart|p2: ULT xMarth|Spikes
|
|turn|5
|join|fear me
|
|move|p2a: Froslass|Spikes|p1a: Roserade
|-sidestart|p1: bouff|Spikes
|move|p1a: Roserade|Giga Drain|p2a: Froslass
|-damage|p2a: Froslass|54\/281
|-heal|p1a: Roserade|261\/261|[from] drain|[of] p2a: Froslass
|-damage|p1a: Roserade|235\/261|[from] item: Life Orb
|
|turn|6
|
|move|p2a: Froslass|Spikes|p1a: Roserade
|-sidestart|p1: bouff|Spikes
|move|p1a: Roserade|Spikes|p2a: Froslass
|-sidestart|p2: ULT xMarth|Spikes
|
|turn|7
|
|move|p2a: Froslass|Spikes|p1a: Roserade
|-sidestart|p1: bouff|Spikes
|move|p1a: Roserade|Spikes|p2a: Froslass
|-sidestart|p2: ULT xMarth|Spikes
|
|turn|8
|
|switch|p1a: Sableye|Sableye, M|304\/304
|-damage|p1a: Sableye|228\/304|[from] Spikes
|move|p2a: Froslass|Ice Shard|p1a: Sableye
|-damage|p1a: Sableye|186\/304
|
|-heal|p1a: Sableye|205\/304|[from] item: Leftovers
|turn|9
|
|move|p1a: Sableye|Will-O-Wisp|p2a: Froslass
|-status|p2a: Froslass|brn
|move|p2a: Froslass|Taunt|p1a: Sableye
|-start|p1a: Sableye|move: Taunt
|
|-heal|p1a: Sableye|224\/304|[from] item: Leftovers
|-damage|p2a: Froslass|19\/281 brn|[from] brn
|turn|10
|
|switch|p1a: Victini|Victini|341\/341
|-damage|p1a: Victini|256\/341|[from] Spikes
|move|p2a: Froslass|Taunt|p1a: Victini
|-start|p1a: Victini|move: Taunt
|
|-damage|p2a: Froslass|0 fnt|[from] brn
|faint|p2a: Froslass
|
|switch|p2a: Swampert|Swampert, M|404\/404
|-damage|p2a: Swampert|303\/404|[from] Spikes
|turn|11
|
|move|p1a: Victini|Grass Knot|p2a: Swampert
|-supereffective|p2a: Swampert
|-damage|p2a: Swampert|43\/404
|move|p2a: Swampert|Stealth Rock|p1a: Victini
|-sidestart|p1: bouff|move: Stealth Rock
|
|-heal|p2a: Swampert|68\/404|[from] item: Leftovers
|turn|12
|
|switch|p1a: Hydreigon|Hydreigon, F|325\/325
|-damage|p1a: Hydreigon|285\/325|[from] Stealth Rock
|move|p2a: Swampert|Earthquake|p1a: Hydreigon
|-immune|p1a: Hydreigon|[msg]
|
|-heal|p2a: Swampert|93\/404|[from] item: Leftovers
|turn|13
|
|move|p1a: Hydreigon|Fire Blast|p2a: Swampert
|-resisted|p2a: Swampert
|-damage|p2a: Swampert|26\/404
|move|p2a: Swampert|Scald|p1a: Hydreigon
|-resisted|p1a: Hydreigon
|-damage|p1a: Hydreigon|222\/325
|-status|p1a: Hydreigon|brn
|
|-heal|p2a: Swampert|51\/404|[from] item: Leftovers
|-damage|p1a: Hydreigon|182\/325 brn|[from] brn
|turn|14
|
|move|p1a: Hydreigon|Fire Blast|p2a: Swampert
|-resisted|p2a: Swampert
|-damage|p2a: Swampert|0 fnt
|faint|p2a: Swampert
|
|-damage|p1a: Hydreigon|142\/325 brn|[from] brn
|
|switch|p2a: Sableye|Sableye, M|299\/299
|-damage|p2a: Sableye|225\/299|[from] Spikes
|turn|15
|
|switch|p1a: Roserade|Roserade, M|235\/261
|-damage|p1a: Roserade|170\/261|[from] Spikes
|-damage|p1a: Roserade|138\/261|[from] Stealth Rock
|move|p2a: Sableye|Recover|p2a: Sableye
|-heal|p2a: Sableye|299\/299
|
|turn|16
|
|move|p1a: Roserade|Giga Drain|p2a: Sableye
|-damage|p2a: Sableye|127\/299
|-heal|p1a: Roserade|224\/261|[from] drain|[of] p2a: Sableye
|-damage|p1a: Roserade|198\/261|[from] item: Life Orb
|move|p2a: Sableye|Knock Off|p1a: Roserade
|-damage|p1a: Roserade|75\/261
|-enditem|p1a: Roserade|Life Orb|[from] move: Knock Off|[of] p2a: Sableye
|
|-heal|p2a: Sableye|145\/299|[from] item: Leftovers
|turn|17
|
|move|p2a: Sableye|Will-O-Wisp|p1a: Roserade
|-status|p1a: Roserade|brn
|move|p1a: Roserade|Giga Drain|p2a: Sableye
|-damage|p2a: Sableye|30\/299
|-heal|p1a: Roserade|133\/261 brn|[from] drain|[of] p2a: Sableye
|
|-heal|p2a: Sableye|48\/299|[from] item: Leftovers
|-damage|p1a: Roserade|101\/261 brn|[from] brn
|turn|18
|
|move|p1a: Roserade|Giga Drain|p2a: Sableye
|-crit|p2a: Sableye
|-damage|p2a: Sableye|0 fnt
|-heal|p1a: Roserade|125\/261 brn|[from] drain|[of] p2a: Sableye
|faint|p2a: Sableye
|
|-damage|p1a: Roserade|93\/261 brn|[from] brn
|
|switch|p2a: Lucario|Lucario, M, shiny|281\/281
|-damage|p2a: Lucario|211\/281|[from] Spikes
|turn|19
|
|switch|p1a: Sableye|Sableye, M|224\/304
|-damage|p1a: Sableye|148\/304|[from] Spikes
|-damage|p1a: Sableye|110\/304|[from] Stealth Rock
|move|p2a: Lucario|Swords Dance|p2a: Lucario
|-boost|p2a: Lucario|atk|2
|
|-heal|p1a: Sableye|129\/304|[from] item: Leftovers
|turn|20
|
|move|p1a: Sableye|Will-O-Wisp|p2a: Lucario
|-status|p2a: Lucario|brn
|move|p2a: Lucario|Crunch|p1a: Sableye
|-damage|p1a: Sableye|0 fnt
|-damage|p2a: Lucario|183\/281 brn|[from] item: Life Orb
|faint|p1a: Sableye
|
|-damage|p2a: Lucario|148\/281 brn|[from] brn
|
|switch|p1a: Blastoise|Blastoise, F|334\/334
|-damage|p1a: Blastoise|293\/334|[from] Stealth Rock
|-damage|p1a: Blastoise|210\/334|[from] Spikes
|turn|21
|
|detailschange|p1a: Blastoise|Blastoise-Mega, F
|message|Blastoise has Mega Evolved into Mega Blastoise!
|move|p2a: Lucario|Close Combat|p1a: Blastoise
|-damage|p1a: Blastoise|0 fnt
|-unboost|p2a: Lucario|def|1
|-unboost|p2a: Lucario|spd|1
|-damage|p2a: Lucario|120\/281 brn|[from] item: Life Orb
|faint|p1a: Blastoise
|
|-damage|p2a: Lucario|85\/281 brn|[from] brn
|
|switch|p1a: Roserade|Roserade, M|93\/261
|-damage|p1a: Roserade|61\/261|[from] Stealth Rock
|-damage|p1a: Roserade|0 fnt|[from] Spikes
|faint|p1a: Roserade
|chat|bouff|oh
|chat|bouff|lol.
|
|switch|p1a: Nidoking|Nidoking, M|304\/304
|-damage|p1a: Nidoking|228\/304|[from] Spikes
|-damage|p1a: Nidoking|209\/304|[from] Stealth Rock
|turn|22
|
|move|p2a: Lucario|Extreme Speed|p1a: Nidoking
|-damage|p1a: Nidoking|47\/304
|-damage|p2a: Lucario|57\/281 brn|[from] item: Life Orb
|move|p1a: Nidoking|Ice Beam|p2a: Lucario
|-resisted|p2a: Lucario
|-damage|p2a: Lucario|0 fnt
|faint|p2a: Lucario
|
|
|switch|p2a: Shaymin|Shaymin|341\/341
|-damage|p2a: Shaymin|256\/341|[from] Spikes
|turn|23
|
|move|p2a: Shaymin|Seed Flare|p1a: Nidoking|[miss]
|-miss|p2a: Shaymin|p1a: Nidoking
|move|p1a: Nidoking|Sludge Wave|p2a: Shaymin
|-supereffective|p2a: Shaymin
|-damage|p2a: Shaymin|0 fnt
|faint|p2a: Shaymin
|
|
|switch|p2a: Crobat|Crobat, F|331\/331 slp
|turn|24
|chat|bouff|sorry
|chat|ah yueah|bop
|
|cant|p2a: Crobat|slp
|move|p1a: Nidoking|Ice Beam|p2a: Crobat
|-supereffective|p2a: Crobat
|-damage|p2a: Crobat|0 fnt
|faint|p2a: Crobat
|
|win|bouff
|raw|Ladder updating...
|raw|bouff's rating: 1617 &rarr; <strong>1624<\/strong><br \/>(+7 for winning)
|raw|ULT xMarth's rating: 1335 &rarr; <strong>1328<\/strong><br \/>(-7 for losing)
|chat|ah yueah|well he should have gone
|chat|ah yueah|for a coverage move
|chat|bouff|gg