|join|Da Spook
|join|ULT xMarth
|player|p1|Da Spook|34
|player|p2|ULT xMarth|153
|gametype|singles
|gen|6
|tier|UU
|rated
|rule|Sleep Clause Mod: Limit one foe put to sleep
|rule|Species Clause: Limit one of each PokÃ©mon
|rule|OHKO Clause: OHKO moves are banned
|rule|Moody Clause: Moody is banned
|rule|Evasion Moves Clause: Evasion moves are banned
|rule|Endless Battle Clause: Forcing endless battles is banned
|rule|HP Percentage Mod: HP is shown in percentages
|clearpoke
|poke|p1|Aerodactyl, M
|poke|p1|Hawlucha, F
|poke|p1|Jirachi
|poke|p1|Nidoqueen, F
|poke|p1|Heracross, M
|poke|p1|Hydreigon, F
|poke|p2|Ampharos, F
|poke|p2|Jirachi
|poke|p2|Gligar, F
|poke|p2|Hydreigon, F
|poke|p2|Cobalion
|poke|p2|Victini
|rule|Swagger Clause: Swagger is banned
|rule|Baton Pass Clause: Limit one PokÃ©mon knowing Baton Pass
|teampreview
|
|start
|switch|p1a: Nidoqueen|Nidoqueen, F|350\/350
|switch|p2a: Victini|Victini|341\/341
|turn|1
|
|move|p2a: Victini|V-create|p1a: Nidoqueen
|-crit|p1a: Nidoqueen
|-damage|p1a: Nidoqueen|0 fnt
|-unboost|p2a: Victini|def|1
|-unboost|p2a: Victini|spd|1
|-unboost|p2a: Victini|spe|1
|faint|p1a: Nidoqueen
|
|
|switch|p1a: Aerodactyl|Aerodactyl, M|321\/321
|turn|2
|
|detailschange|p1a: Aerodactyl|Aerodactyl-Mega, M
|message|Aerodactyl has Mega Evolved into Mega Aerodactyl!
|move|p1a: Aerodactyl|Pursuit|p2a: Victini|[from]Pursuit
|-supereffective|p2a: Victini
|-damage|p2a: Victini|0 fnt
|faint|p2a: Victini
|
|
|switch|p2a: Ampharos|Ampharos, F|352\/352
|turn|3
|join|watfor
|
|switch|p1a: Jirachi|Jirachi|341\/341
|detailschange|p2a: Ampharos|Ampharos-Mega, F
|message|Ampharos has Mega Evolved into Mega Ampharos!
|-ability|p2a: Ampharos|Mold Breaker
|move|p2a: Ampharos|Volt Switch|p1a: Jirachi
|-damage|p1a: Jirachi|190\/341
|
|switch|p2a: Cobalion|Cobalion|363\/363
|
|turn|4
|
|move|p1a: Jirachi|U-turn|p2a: Cobalion
|-resisted|p2a: Cobalion
|-damage|p2a: Cobalion|350\/363
|
|switch|p1a: Heracross|Heracross, M|327\/327
|move|p2a: Cobalion|Stealth Rock|p1a: Heracross
|-sidestart|p1: Da Spook|move: Stealth Rock
|
|-heal|p2a: Cobalion|363\/363|[from] item: Leftovers
|turn|5
|
|switch|p2a: Gligar|Gligar, F|321\/321
|move|p1a: Heracross|Swords Dance|p1a: Heracross
|-boost|p1a: Heracross|atk|2
|
|turn|6
|
|move|p1a: Heracross|Knock Off|p2a: Gligar
|-damage|p2a: Gligar|211\/321
|-enditem|p2a: Gligar|Eviolite|[from] move: Knock Off|[of] p1a: Heracross
|move|p2a: Gligar|U-turn|p1a: Heracross
|-resisted|p1a: Heracross
|-damage|p1a: Heracross|297\/327
|join|LiberalLucario
|
|switch|p2a: Jirachi|Jirachi|404\/404
|
|-heal|p1a: Heracross|317\/327|[from] item: Leftovers
|turn|7
|
|move|p2a: Jirachi|Iron Head|p1a: Heracross
|-damage|p1a: Heracross|199\/327
|cant|p1a: Heracross|flinch
|
|-heal|p1a: Heracross|219\/327|[from] item: Leftovers
|turn|8
|join|Lixx
|
|move|p2a: Jirachi|Iron Head|p1a: Heracross
|-damage|p1a: Heracross|99\/327
|move|p1a: Heracross|Knock Off|p2a: Jirachi
|-supereffective|p2a: Jirachi
|-damage|p2a: Jirachi|0 fnt
|-enditem|p2a: Jirachi|Leftovers|[from] move: Knock Off|[of] p1a: Heracross
|faint|p2a: Jirachi
|
|-heal|p1a: Heracross|119\/327|[from] item: Leftovers
|
|switch|p2a: Hydreigon|Hydreigon, F|325\/325
|turn|9
|
|move|p2a: Hydreigon|Fire Blast|p1a: Heracross|[miss]
|-miss|p2a: Hydreigon|p1a: Heracross
|move|p1a: Heracross|Close Combat|p2a: Hydreigon
|-supereffective|p2a: Hydreigon
|-damage|p2a: Hydreigon|0 fnt
|-unboost|p1a: Heracross|def|1
|-unboost|p1a: Heracross|spd|1
|faint|p2a: Hydreigon
|
|-heal|p1a: Heracross|139\/327|[from] item: Leftovers
|chat|Da Spook|:\/
|chat|Da Spook|sorry
|
|switch|p2a: Gligar|Gligar, F|211\/321
|turn|10
|
|move|p1a: Heracross|Close Combat|p2a: Gligar
|-resisted|p2a: Gligar
|-damage|p2a: Gligar|52\/321
|-unboost|p1a: Heracross|def|1
|-unboost|p1a: Heracross|spd|1
|move|p2a: Gligar|Earthquake|p1a: Heracross
|-resisted|p1a: Heracross
|-damage|p1a: Heracross|30\/327
|
|-heal|p1a: Heracross|50\/327|[from] item: Leftovers
|turn|11
|
|move|p1a: Heracross|Close Combat|p2a: Gligar
|-resisted|p2a: Gligar
|-damage|p2a: Gligar|0 fnt
|-unboost|p1a: Heracross|def|1
|-unboost|p1a: Heracross|spd|1
|faint|p2a: Gligar
|
|-heal|p1a: Heracross|70\/327|[from] item: Leftovers
|
|switch|p2a: Cobalion|Cobalion|363\/363
|turn|12
|
|switch|p1a: Aerodactyl|Aerodactyl-Mega, M|321\/321
|-damage|p1a: Aerodactyl|241\/321|[from] Stealth Rock
|move|p2a: Cobalion|Volt Switch|p1a: Aerodactyl
|-supereffective|p1a: Aerodactyl
|-damage|p1a: Aerodactyl|145\/321
|
|switch|p2a: Ampharos|Ampharos-Mega, F|352\/352
|-ability|p2a: Ampharos|Mold Breaker
|
|turn|13
|
|move|p1a: Aerodactyl|Stone Edge|p2a: Ampharos|[miss]
|-miss|p1a: Aerodactyl|p2a: Ampharos
|move|p2a: Ampharos|Volt Switch|p1a: Aerodactyl
|-supereffective|p1a: Aerodactyl
|-damage|p1a: Aerodactyl|0 fnt
|faint|p1a: Aerodactyl
|
|switch|p2a: Cobalion|Cobalion|363\/363
|
|
|switch|p1a: Jirachi|Jirachi|190\/341
|-damage|p1a: Jirachi|169\/341|[from] Stealth Rock
|turn|14
|
|move|p1a: Jirachi|Healing Wish|p1a: Jirachi
|faint|p1a: Jirachi
|move|p2a: Cobalion|Volt Switch|p1: Jirachi|[notarget]
|-notarget
|
|
|switch|p1a: Heracross|Heracross, M|70\/327
|-heal|p1a: Heracross|327\/327|[from] move: Healing Wish
|-damage|p1a: Heracross|287\/327|[from] Stealth Rock
|turn|15
|join|skyfellar
|
|move|p2a: Cobalion|Taunt|p1a: Heracross
|-start|p1a: Heracross|move: Taunt
|move|p1a: Heracross|Close Combat|p2a: Cobalion
|-supereffective|p2a: Cobalion
|-damage|p2a: Cobalion|1\/363
|-unboost|p1a: Heracross|def|1
|-unboost|p1a: Heracross|spd|1
|
|-heal|p2a: Cobalion|23\/363|[from] item: Leftovers
|-heal|p1a: Heracross|307\/327|[from] item: Leftovers
|turn|16
|
|move|p2a: Cobalion|Close Combat|p1a: Heracross
|-resisted|p1a: Heracross
|-damage|p1a: Heracross|160\/327
|-unboost|p2a: Cobalion|def|1
|-unboost|p2a: Cobalion|spd|1
|move|p1a: Heracross|Close Combat|p2a: Cobalion
|-supereffective|p2a: Cobalion
|-damage|p2a: Cobalion|0 fnt
|-unboost|p1a: Heracross|def|1
|-unboost|p1a: Heracross|spd|1
|faint|p2a: Cobalion
|
|-heal|p1a: Heracross|180\/327|[from] item: Leftovers
|
|switch|p2a: Ampharos|Ampharos-Mega, F|352\/352
|-ability|p2a: Ampharos|Mold Breaker
|turn|17
|
|move|p1a: Heracross|Close Combat|p2a: Ampharos
|-damage|p2a: Ampharos|130\/352
|-unboost|p1a: Heracross|def|1
|-unboost|p1a: Heracross|spd|1
|move|p2a: Ampharos|Dragon Pulse|p1a: Heracross
|-damage|p1a: Heracross|0 fnt
|faint|p1a: Heracross
|
|
|switch|p1a: Hydreigon|Hydreigon, F|325\/325
|-damage|p1a: Hydreigon|285\/325|[from] Stealth Rock
|turn|18
|
|move|p1a: Hydreigon|Draco Meteor|p2a: Ampharos
|-supereffective|p2a: Ampharos
|-damage|p2a: Ampharos|0 fnt
|-unboost|p1a: Hydreigon|spa|2
|-damage|p1a: Hydreigon|253\/325|[from] item: Life Orb
|faint|p2a: Ampharos
|
|win|Da Spook
|raw|Ladder updating...
|raw|Da Spook's rating: 1550 &rarr; <strong>1576<\/strong><br \/>(+26 for winning)
|raw|ULT xMarth's rating: 1660 &rarr; <strong>1634<\/strong><br \/>(-26 for losing)
|leave|ULT xMarth
|player|p2
|leave|watfor
|leave|Da Spook
|player|p1