|join|ULT Torm
|join|ULT xMarth
|player|p1|ULT Torm|107
|player|p2|ULT xMarth|153
|gametype|singles
|gen|6
|tier|UU
|rated
|rule|Sleep Clause Mod: Limit one foe put to sleep
|rule|Species Clause: Limit one of each PokÃ©mon
|rule|OHKO Clause: OHKO moves are banned
|rule|Moody Clause: Moody is banned
|rule|Evasion Moves Clause: Evasion moves are banned
|rule|Endless Battle Clause: Forcing endless battles is banned
|rule|HP Percentage Mod: HP is reported as percentages
|clearpoke
|poke|p1|Victini, shiny
|poke|p1|Heracross, M
|poke|p1|Haxorus, M, shiny
|poke|p1|Jirachi
|poke|p1|Suicune
|poke|p1|Crobat, M
|poke|p2|Froslass, F
|poke|p2|Sableye, M
|poke|p2|Lucario, F, shiny
|poke|p2|Swampert, F
|poke|p2|Shaymin
|poke|p2|Crobat, F
|rule|Swagger Clause: Swagger is banned
|rule|Baton Pass Clause: Limit one PokÃ©mon knowing Baton Pass
|teampreview
|
|start
|switch|p1a: Jirachi|Jirachi|404\/404
|switch|p2a: Froslass|Froslass, F|281\/281
|turn|1
|
|move|p2a: Froslass|Spikes|p1a: Jirachi
|-sidestart|p1: ULT Torm|Spikes
|move|p1a: Jirachi|Stealth Rock|p2a: Froslass
|-sidestart|p2: ULT xMarth|move: Stealth Rock
|
|turn|2
|
|move|p2a: Froslass|Spikes|p1a: Jirachi
|-sidestart|p1: ULT Torm|Spikes
|move|p1a: Jirachi|U-turn|p2a: Froslass
|-resisted|p2a: Froslass
|-damage|p2a: Froslass|245\/281
|
|switch|p1a: Crobat|Crobat, M|311\/311
|
|turn|3
|
|move|p2a: Froslass|Ice Shard|p1a: Crobat
|-supereffective|p1a: Crobat
|-damage|p1a: Crobat|191\/311
|move|p1a: Crobat|Brave Bird|p2a: Froslass
|-damage|p2a: Froslass|0 fnt
|-start|p1a: Crobat|Disable|Brave Bird
|-damage|p1a: Crobat|110\/311|[from] recoil|[of] p2a: Froslass
|faint|p2a: Froslass
|
|
|switch|p2a: Lucario|Lucario, F, shiny|281\/281
|-damage|p2a: Lucario|273\/281|[from] Stealth Rock
|turn|4
|
|switch|p1a: Jirachi|Jirachi|404\/404
|-damage|p1a: Jirachi|337\/404|[from] Spikes
|move|p2a: Lucario|Extreme Speed|p1a: Jirachi
|-resisted|p1a: Jirachi
|-damage|p1a: Jirachi|279\/404
|-damage|p2a: Lucario|245\/281|[from] item: Life Orb
|
|-heal|p1a: Jirachi|304\/404|[from] item: Leftovers
|turn|5
|
|switch|p2a: Swampert|Swampert, F|404\/404
|-damage|p2a: Swampert|379\/404|[from] Stealth Rock
|move|p1a: Jirachi|U-turn|p2a: Swampert
|-damage|p2a: Swampert|333\/404
|
|switch|p1a: Crobat|Crobat, M|110\/311
|
|-heal|p2a: Swampert|358\/404|[from] item: Leftovers
|turn|6
|
|move|p1a: Crobat|Defog|p2a: Swampert
|-unboost|p2a: Swampert|evasion|1
|-sideend|p2: ULT xMarth|Stealth Rock|[from] move: Defog|[of] p2a: Swampert
|-sideend|p1: ULT Torm|Spikes|[from] move: Defog|[of] p1a: Crobat
|move|p2a: Swampert|Stealth Rock|p1a: Crobat
|-sidestart|p1: ULT Torm|move: Stealth Rock
|
|-heal|p2a: Swampert|383\/404|[from] item: Leftovers
|turn|7
|
|switch|p1a: Suicune|Suicune|404\/404
|-damage|p1a: Suicune|354\/404|[from] Stealth Rock
|-ability|p1a: Suicune|Pressure
|move|p2a: Swampert|Scald|p1a: Suicune
|-resisted|p1a: Suicune
|-damage|p1a: Suicune|324\/404
|
|-heal|p1a: Suicune|349\/404|[from] item: Leftovers
|-heal|p2a: Swampert|404\/404|[from] item: Leftovers
|turn|8
|join|ULT BOPSQUAD
|join|watfor
|join|Choke on this Nerd
|
|switch|p2a: Shaymin|Shaymin|341\/341
|move|p1a: Suicune|Scald|p2a: Shaymin
|-resisted|p2a: Shaymin
|-damage|p2a: Shaymin|297\/341
|
|-heal|p1a: Suicune|374\/404|[from] item: Leftovers
|turn|9
|
|switch|p1a: Jirachi|Jirachi|304\/404
|-damage|p1a: Jirachi|279\/404|[from] Stealth Rock
|move|p2a: Shaymin|Seed Flare|p1a: Jirachi
|-resisted|p1a: Jirachi
|-damage|p1a: Jirachi|175\/404
|-unboost|p1a: Jirachi|spd|2
|
|-heal|p1a: Jirachi|200\/404|[from] item: Leftovers
|turn|10
|
|move|p2a: Shaymin|Seed Flare|p1a: Jirachi
|-resisted|p1a: Jirachi
|-damage|p1a: Jirachi|0 fnt
|faint|p1a: Jirachi
|
|
|switch|p1a: Heracross|Heracross, M|301\/301
|-damage|p1a: Heracross|264\/301|[from] Stealth Rock
|turn|11
|
|switch|p2a: ACrobat|Crobat, F|331\/331
|move|p1a: Heracross|Megahorn|p2a: ACrobat
|-resisted|p2a: ACrobat
|-damage|p2a: ACrobat|271\/331
|
|-status|p1a: Heracross|brn|[from] item: Flame Orb
|turn|12
|
|switch|p1a: Suicune|Suicune|374\/404
|-damage|p1a: Suicune|324\/404|[from] Stealth Rock
|-ability|p1a: Suicune|Pressure
|move|p2a: ACrobat|Acrobatics|p1a: Suicune
|-damage|p1a: Suicune|233\/404
|
|-heal|p1a: Suicune|258\/404|[from] item: Leftovers
|turn|13
|
|move|p2a: ACrobat|U-turn|p1a: Suicune
|-damage|p1a: Suicune|216\/404
|
|switch|p2a: Shaymin|Shaymin|297\/341
|move|p1a: Suicune|Scald|p2a: Shaymin
|-resisted|p2a: Shaymin
|-damage|p2a: Shaymin|258\/341
|
|-heal|p1a: Suicune|241\/404|[from] item: Leftovers
|turn|14
|
|switch|p1a: Crobat|Crobat, M|110\/311
|-damage|p1a: Crobat|33\/311|[from] Stealth Rock
|move|p2a: Shaymin|Seed Flare|p1a: Crobat
|-resisted|p1a: Crobat
|-damage|p1a: Crobat|0 fnt
|faint|p1a: Crobat
|
|
|switch|p1a: Haxorus|Haxorus, M, shiny|293\/293
|-damage|p1a: Haxorus|257\/293|[from] Stealth Rock
|-ability|p1a: Haxorus|Mold Breaker
|turn|15
|
|move|p2a: Shaymin|Seed Flare|p1a: Haxorus
|-resisted|p1a: Haxorus
|-damage|p1a: Haxorus|76\/293
|-unboost|p1a: Haxorus|spd|2
|move|p1a: Haxorus|Dragon Dance|p1a: Haxorus
|-boost|p1a: Haxorus|atk|1
|-boost|p1a: Haxorus|spe|1
|
|turn|16
|
|switch|p2a: Sableye|Sableye, M|299\/299
|move|p1a: Haxorus|Outrage|p2a: Sableye
|-damage|p2a: Sableye|0 fnt
|faint|p2a: Sableye
|
|
|switch|p2a: Lucario|Lucario, F, shiny|245\/281
|turn|17
|
|move|p2a: Lucario|Extreme Speed|p1a: Haxorus
|-damage|p1a: Haxorus|0 fnt
|-damage|p2a: Lucario|217\/281|[from] item: Life Orb
|faint|p1a: Haxorus
|
|
|switch|p1a: Heracross|Heracross, M|264\/301 brn
|-damage|p1a: Heracross|227\/301 brn|[from] Stealth Rock
|turn|18
|join|Wouff
|
|move|p1a: Heracross|Facade|p2a: Lucario
|-resisted|p2a: Lucario
|-damage|p2a: Lucario|56\/281
|move|p2a: Lucario|Close Combat|p1a: Heracross
|-resisted|p1a: Heracross
|-damage|p1a: Heracross|42\/301 brn
|-unboost|p2a: Lucario|def|1
|-unboost|p2a: Lucario|spd|1
|-damage|p2a: Lucario|28\/281|[from] item: Life Orb
|
|-damage|p1a: Heracross|5\/301 brn|[from] brn
|turn|19
|
|move|p2a: Lucario|Extreme Speed|p1a: Heracross
|-damage|p1a: Heracross|0 fnt
|-damage|p2a: Lucario|0 fnt|[from] item: Life Orb
|faint|p1a: Heracross
|faint|p2a: Lucario
|
|join|cupcola
|
|switch|p2a: ACrobat|Crobat, F|271\/331
|switch|p1a: Suicune|Suicune|241\/404
|-damage|p1a: Suicune|191\/404|[from] Stealth Rock
|-ability|p1a: Suicune|Pressure
|turn|20
|leave|cupcola
|
|move|p2a: ACrobat|U-turn|p1a: Suicune
|-damage|p1a: Suicune|150\/404
|
|switch|p2a: Shaymin|Shaymin|258\/341
|move|p1a: Suicune|Scald|p2a: Shaymin
|-resisted|p2a: Shaymin
|-damage|p2a: Shaymin|216\/341
|
|-heal|p1a: Suicune|175\/404|[from] item: Leftovers
|turn|21
|join|Krooke
|
|switch|p1a: Victini|Victini, shiny|341\/341
|-damage|p1a: Victini|256\/341|[from] Stealth Rock
|move|p2a: Shaymin|Seed Flare|p1a: Victini|[miss]
|-miss|p2a: Shaymin|p1a: Victini
|
|turn|22
|
|switch|p2a: Swampert|Swampert, F|404\/404
|move|p1a: Victini|U-turn|p2a: Swampert
|-damage|p2a: Swampert|321\/404
|chat|Wouff|kek
|
|switch|p1a: Suicune|Suicune|175\/404
|-damage|p1a: Suicune|125\/404|[from] Stealth Rock
|-ability|p1a: Suicune|Pressure
|
|-heal|p1a: Suicune|150\/404|[from] item: Leftovers
|-heal|p2a: Swampert|346\/404|[from] item: Leftovers
|turn|23
|
|switch|p2a: Shaymin|Shaymin|216\/341
|move|p1a: Suicune|Scald|p2a: Shaymin
|-resisted|p2a: Shaymin
|-damage|p2a: Shaymin|171\/341
|
|-heal|p1a: Suicune|175\/404|[from] item: Leftovers
|turn|24
|
|move|p2a: Shaymin|Seed Flare|p1a: Suicune|[miss]
|-miss|p2a: Shaymin|p1a: Suicune
|move|p1a: Suicune|Scald|p2a: Shaymin
|-resisted|p2a: Shaymin
|-damage|p2a: Shaymin|128\/341
|
|-heal|p1a: Suicune|200\/404|[from] item: Leftovers
|turn|25
|chat|Wouff|loool
|chat|Wouff|twice
|join|anti-test
|chat|Wouff|is specs right?
|chat|ULT xMarth|yea
|
|switch|p1a: Victini|Victini, shiny|256\/341
|-damage|p1a: Victini|171\/341|[from] Stealth Rock
|move|p2a: Shaymin|Seed Flare|p1a: Victini
|-crit|p1a: Victini
|-resisted|p1a: Victini
|-damage|p1a: Victini|0 fnt
|faint|p1a: Victini
|
|
|switch|p1a: Suicune|Suicune|200\/404
|-damage|p1a: Suicune|150\/404|[from] Stealth Rock
|-ability|p1a: Suicune|Pressure
|turn|26
|
|switch|p2a: ACrobat|Crobat, F|271\/331
|move|p1a: Suicune|Rest|p1a: Suicune
|-status|p1a: Suicune|slp
|-heal|p1a: Suicune|404\/404 slp|[silent]
|-status|p1a: Suicune|slp|[from] move: Rest
|
|turn|27
|
|move|p2a: ACrobat|Taunt|p1a: Suicune
|-start|p1a: Suicune|move: Taunt
|cant|p1a: Suicune|slp
|cant|p1a: Suicune|move: Taunt|Sleep Talk
|
|turn|28
|
|move|p2a: ACrobat|Acrobatics|p1a: Suicune
|-damage|p1a: Suicune|298\/404 slp
|cant|p1a: Suicune|slp
|
|-heal|p1a: Suicune|323\/404 slp|[from] item: Leftovers
|turn|29
|
|move|p2a: ACrobat|Acrobatics|p1a: Suicune
|-damage|p1a: Suicune|229\/404 slp
|-curestatus|p1a: Suicune|slp
|move|p1a: Suicune|Scald|p2a: ACrobat
|-damage|p2a: ACrobat|163\/331
|-status|p2a: ACrobat|brn
|
|-heal|p1a: Suicune|254\/404|[from] item: Leftovers
|-damage|p2a: ACrobat|122\/331 brn|[from] brn
|-end|p1a: Suicune|move: Taunt
|turn|30
|
|switch|p2a: Shaymin|Shaymin|128\/341
|move|p1a: Suicune|Scald|p2a: Shaymin
|-resisted|p2a: Shaymin
|-damage|p2a: Shaymin|83\/341
|
|-heal|p1a: Suicune|279\/404|[from] item: Leftovers
|turn|31
|
|move|p2a: Shaymin|Healing Wish|p2a: Shaymin
|faint|p2a: Shaymin
|move|p1a: Suicune|Calm Mind|p1a: Suicune
|-boost|p1a: Suicune|spa|1
|-boost|p1a: Suicune|spd|1
|
|-heal|p1a: Suicune|304\/404|[from] item: Leftovers
|chat|Wouff|Are you out
|
|switch|p2a: ACrobat|Crobat, F|122\/331 brn
|-heal|p2a: ACrobat|331\/331|[from] move: Healing Wish
|turn|32
|chat|Wouff|of attacks?
|chat|ULT xMarth|yea cause of that bs pressure miss
|chat|Wouff|oh yeah
|
|move|p2a: ACrobat|Acrobatics|p1a: Suicune
|-damage|p1a: Suicune|202\/404
|move|p1a: Suicune|Scald|p2a: ACrobat
|-damage|p2a: ACrobat|168\/331
|-status|p2a: ACrobat|brn
|
|-heal|p1a: Suicune|227\/404|[from] item: Leftovers
|-damage|p2a: ACrobat|127\/331 brn|[from] brn
|turn|33
|chat|watfor|4fit
|
|move|p2a: ACrobat|Taunt|p1a: Suicune
|-start|p1a: Suicune|move: Taunt
|move|p1a: Suicune|Scald|p2a: ACrobat
|-damage|p2a: ACrobat|0 fnt
|faint|p2a: ACrobat
|
|-heal|p1a: Suicune|252\/404|[from] item: Leftovers
|
|switch|p2a: Swampert|Swampert, F|346\/404
|turn|34
|
|move|p1a: Suicune|Scald|p2a: Swampert
|-damage|p2a: Swampert|204\/404
|move|p2a: Swampert|Earthquake|p1a: Suicune
|-damage|p1a: Suicune|171\/404
|
|-heal|p1a: Suicune|196\/404|[from] item: Leftovers
|-heal|p2a: Swampert|229\/404|[from] item: Leftovers
|turn|35
|join|Dracp
|
|move|p1a: Suicune|Scald|p2a: Swampert
|-damage|p2a: Swampert|75\/404
|move|p2a: Swampert|Earthquake|p1a: Suicune
|-damage|p1a: Suicune|111\/404
|
|-heal|p1a: Suicune|136\/404|[from] item: Leftovers
|-heal|p2a: Swampert|100\/404|[from] item: Leftovers
|-end|p1a: Suicune|move: Taunt
|turn|36
|
|move|p1a: Suicune|Scald|p2a: Swampert
|-damage|p2a: Swampert|0 fnt
|faint|p2a: Swampert
|
|win|ULT Torm
|raw|Ladder updating...
|raw|ULT Torm's rating: 1612 &rarr; <strong>1635<\/strong><br \/>(+23 for winning)
|raw|ULT xMarth's rating: 1659 &rarr; <strong>1637<\/strong><br \/>(-22 for losing)
|leave|ULT Torm
|player|p1
|leave|ULT xMarth
|player|p2
|leave|Wouff
|leave|watfor
|leave|Choke on this Nerd
|join|Wouff
|leave|Wouff
|leave|Krooke
|leave|Dracp
|leave|anti-test
|join|Wouff
|leave|Wouff
|join|Wouff
|leave|Wouff
|join|duskish
|leave|duskish