|join|Colbrushie
|join|ULT xMarth
|player|p1|Colbrushie|105
|player|p2|ULT xMarth|153
|gametype|singles
|gen|6
|tier|UU
|rated
|rule|Sleep Clause Mod: Limit one foe put to sleep
|rule|Species Clause: Limit one of each PokÃ©mon
|rule|OHKO Clause: OHKO moves are banned
|rule|Moody Clause: Moody is banned
|rule|Evasion Moves Clause: Evasion moves are banned
|rule|Endless Battle Clause: Forcing endless battles is banned
|rule|HP Percentage Mod: HP is reported as percentages
|clearpoke
|poke|p1|Lucario, F
|poke|p1|Chandelure, M
|poke|p1|Aggron, M
|poke|p1|Florges, F
|poke|p1|Slowbro, M
|poke|p1|Mew
|poke|p2|Froslass, F
|poke|p2|Sableye, F
|poke|p2|Lucario, M, shiny
|poke|p2|Swampert, M
|poke|p2|Shaymin
|poke|p2|Crobat, M
|rule|Swagger Clause: Swagger is banned
|rule|Baton Pass Clause: Limit one PokÃ©mon knowing Baton Pass
|teampreview
|chat|Colbrushie|Well
|chat|Colbrushie|Well
|
|start
|switch|p1a: Aggron|Aggron, M|344\/344
|switch|p2a: Froslass|Froslass, F|281\/281
|turn|1
|
|detailschange|p1a: Aggron|Aggron-Mega, M
|message|Aggron has Mega Evolved into Mega Aggron!
|move|p2a: Froslass|Spikes|p1a: Aggron
|-sidestart|p1: Colbrushie|Spikes
|move|p1a: Aggron|Heavy Slam|p2a: Froslass
|-supereffective|p2a: Froslass
|-enditem|p2a: Froslass|Focus Sash
|-damage|p2a: Froslass|1\/281
|
|turn|2
|
|move|p2a: Froslass|Taunt|p1a: Aggron
|-start|p1a: Aggron|move: Taunt
|cant|p1a: Aggron|move: Taunt|Roar
|
|turn|3
|
|move|p2a: Froslass|Spikes|p1a: Aggron
|-sidestart|p1: Colbrushie|Spikes
|move|p1a: Aggron|Heavy Slam|p2a: Froslass
|-supereffective|p2a: Froslass
|-damage|p2a: Froslass|0 fnt
|-start|p1a: Aggron|Disable|Heavy Slam
|faint|p2a: Froslass
|
|
|switch|p2a: Sableye|Sableye, F|299\/299
|turn|4
|
|switch|p1a: Mew|Mew|404\/404
|-damage|p1a: Mew|337\/404|[from] Spikes
|move|p2a: Sableye|Will-O-Wisp|p1a: Mew
|-status|p1a: Mew|brn
|-status|p2a: Sableye|brn
|
|-heal|p1a: Mew|362\/404 brn|[from] item: Leftovers
|-damage|p1a: Mew|312\/404 brn|[from] brn
|-damage|p2a: Sableye|262\/299 brn|[from] brn
|turn|5
|
|switch|p1a: Florges|Florges, F|360\/360
|-damage|p1a: Florges|300\/360|[from] Spikes
|move|p2a: Sableye|Taunt|p1a: Florges
|-start|p1a: Florges|move: Taunt
|
|-heal|p1a: Florges|322\/360|[from] item: Leftovers
|-heal|p2a: Sableye|280\/299 brn|[from] item: Leftovers
|-damage|p2a: Sableye|243\/299 brn|[from] brn
|turn|6
|
|switch|p1a: Mew|Mew|312\/404 brn
|-damage|p1a: Mew|245\/404 brn|[from] Spikes
|switch|p2a: Crobat|Crobat, M|331\/331
|
|-heal|p1a: Mew|270\/404 brn|[from] item: Leftovers
|-damage|p1a: Mew|220\/404 brn|[from] brn
|turn|7
|
|move|p2a: Crobat|Taunt|p1a: Mew
|-start|p1a: Mew|move: Taunt
|cant|p1a: Mew|move: Taunt|Defog
|
|-heal|p1a: Mew|245\/404 brn|[from] item: Leftovers
|-damage|p1a: Mew|195\/404 brn|[from] brn
|turn|8
|chat|Colbrushie|no
|chat|Colbrushie|stop
|chat|Colbrushie|so much taunt 
|chat|Colbrushie|:(
|
|switch|p1a: Florges|Florges, F|322\/360
|-damage|p1a: Florges|262\/360|[from] Spikes
|move|p2a: Crobat|U-turn|p1a: Florges
|-resisted|p1a: Florges
|-damage|p1a: Florges|229\/360
|chat|ULT xMarth|only 3 lol
|
|switch|p2a: Swampert|Swampert, M|404\/404
|
|-heal|p1a: Florges|251\/360|[from] item: Leftovers
|turn|9
|
|move|p1a: Florges|Wish|p1a: Florges
|move|p2a: Swampert|Roar|p1a: Florges
|drag|p1a: Slowbro|Slowbro, M|394\/394
|-damage|p1a: Slowbro|329\/394|[from] Spikes
|
|-heal|p1a: Slowbro|353\/394|[from] item: Leftovers
|turn|10
|
|switch|p2a: Shaymin|Shaymin|341\/341
|switch|p1a: Mew|Mew|195\/404 brn
|-damage|p1a: Mew|128\/404 brn|[from] Spikes
|
|-heal|p1a: Mew|308\/404 brn|[from] move: Wish|[wisher] Florges
|-heal|p1a: Mew|333\/404 brn|[from] item: Leftovers
|-damage|p1a: Mew|283\/404 brn|[from] brn
|turn|11
|chat|Colbrushie|OK
|chat|Colbrushie|NOW I GET IT
|
|move|p2a: Shaymin|Seed Flare|p1a: Mew|[miss]
|-miss|p2a: Shaymin|p1a: Mew
|move|p1a: Mew|Defog|p2a: Shaymin
|-unboost|p2a: Shaymin|evasion|1
|-sideend|p1: Colbrushie|Spikes|[from] move: Defog|[of] p1a: Mew
|
|-heal|p1a: Mew|308\/404 brn|[from] item: Leftovers
|-damage|p1a: Mew|258\/404 brn|[from] brn
|turn|12
|chat|Colbrushie|oop
|
|move|p2a: Shaymin|Seed Flare|p1a: Mew
|-damage|p1a: Mew|74\/404 brn
|move|p1a: Mew|Will-O-Wisp|p2a: Shaymin
|-status|p2a: Shaymin|brn
|
|-heal|p1a: Mew|99\/404 brn|[from] item: Leftovers
|-damage|p2a: Shaymin|299\/341 brn|[from] brn
|-damage|p1a: Mew|49\/404 brn|[from] brn
|turn|13
|
|switch|p1a: Chandelure|Chandelure, M|266\/266
|move|p2a: Shaymin|Seed Flare|p1a: Chandelure
|-resisted|p1a: Chandelure
|-damage|p1a: Chandelure|132\/266
|
|-heal|p1a: Chandelure|148\/266|[from] item: Leftovers
|-damage|p2a: Shaymin|257\/341 brn|[from] brn
|turn|14
|
|switch|p2a: Crobat|Crobat, M|331\/331
|move|p1a: Chandelure|Flamethrower|p2a: Crobat
|-damage|p2a: Crobat|118\/331
|
|-heal|p1a: Chandelure|164\/266|[from] item: Leftovers
|turn|15
|
|switch|p1a: Mew|Mew|49\/404 brn
|move|p2a: Crobat|Acrobatics|p1a: Mew
|-damage|p1a: Mew|0 fnt
|faint|p1a: Mew
|
|chat|Colbrushie|o
|chat|Colbrushie|ml
|
|switch|p1a: Slowbro|Slowbro, M|394\/394
|turn|16
|chat|ULT xMarth|bb cant clean as well
|chat|Colbrushie|that's pretty real
|chat|Colbrushie|i was kinda
|chat|Colbrushie|expecting purswat
|chat|Colbrushie|i actually don't know how your team works
|chat|Colbrushie|even though everyone else does
|
|move|p2a: Crobat|U-turn|p1a: Slowbro
|-supereffective|p1a: Slowbro
|-damage|p1a: Slowbro|310\/394
|chat|ULT xMarth|stack a lot of hazards and then sweep with luc
|
|switch|p2a: Shaymin|Shaymin|257\/341
|move|p1a: Slowbro|Psyshock|p2a: Shaymin
|-damage|p2a: Shaymin|164\/341
|
|-heal|p1a: Slowbro|334\/394|[from] item: Leftovers
|turn|17
|
|switch|p1a: Florges|Florges, F|251\/360
|move|p2a: Shaymin|Seed Flare|p1a: Florges
|-damage|p1a: Florges|85\/360
|
|-heal|p1a: Florges|107\/360|[from] item: Leftovers
|turn|18
|
|move|p1a: Florges|Protect|p1a: Florges
|-singleturn|p1a: Florges|Protect
|move|p2a: Shaymin|Seed Flare|p1a: Florges
|-activate|p1a: Florges|Protect
|
|-heal|p1a: Florges|129\/360|[from] item: Leftovers
|turn|19
|
|switch|p1a: Aggron|Aggron-Mega, M|344\/344
|move|p2a: Shaymin|Seed Flare|p1a: Aggron
|-resisted|p1a: Aggron
|-damage|p1a: Aggron|196\/344
|
|turn|20
|chat|Colbrushie|it hurts
|chat|Colbrushie|so good
|
|switch|p2a: Swampert|Swampert, M|404\/404
|move|p1a: Aggron|Thunder Wave|p2a: Swampert
|-immune|p2a: Swampert|[msg]
|
|turn|21
|
|switch|p1a: Florges|Florges, F|129\/360
|move|p2a: Swampert|Stealth Rock|p1a: Florges
|-sidestart|p1: Colbrushie|move: Stealth Rock
|
|-heal|p1a: Florges|151\/360|[from] item: Leftovers
|turn|22
|chat|Colbrushie|wait
|chat|Colbrushie|no
|chat|Colbrushie|i canceled
|chat|Colbrushie|showdown pls
|
|switch|p2a: Crobat|Crobat, M|118\/331
|move|p1a: Florges|Wish|p1a: Florges
|
|-heal|p1a: Florges|173\/360|[from] item: Leftovers
|turn|23
|
|move|p1a: Florges|Protect|p1a: Florges
|-singleturn|p1a: Florges|Protect
|move|p2a: Crobat|Roost|p2a: Crobat
|-heal|p2a: Crobat|284\/331
|
|-heal|p1a: Florges|353\/360|[from] move: Wish|[wisher] Florges
|-heal|p1a: Florges|360\/360|[from] item: Leftovers
|turn|24
|
|move|p2a: Crobat|Acrobatics|p1a: Florges
|-damage|p1a: Florges|209\/360
|move|p1a: Florges|Moonblast|p2a: Crobat
|-resisted|p2a: Crobat
|-damage|p2a: Crobat|214\/331
|
|-heal|p1a: Florges|231\/360|[from] item: Leftovers
|turn|25
|
|move|p2a: Crobat|Taunt|p1a: Florges
|-start|p1a: Florges|move: Taunt
|cant|p1a: Florges|move: Taunt|Wish
|
|-heal|p1a: Florges|253\/360|[from] item: Leftovers
|turn|26
|
|move|p2a: Crobat|U-turn|p1a: Florges
|-resisted|p1a: Florges
|-damage|p1a: Florges|220\/360
|
|switch|p2a: Swampert|Swampert, M|404\/404
|move|p1a: Florges|Moonblast|p2a: Swampert
|-damage|p2a: Swampert|269\/404
|
|-heal|p1a: Florges|242\/360|[from] item: Leftovers
|-heal|p2a: Swampert|294\/404|[from] item: Leftovers
|turn|27
|
|move|p1a: Florges|Moonblast|p2a: Swampert
|-damage|p2a: Swampert|158\/404
|move|p2a: Swampert|Earthquake|p1a: Florges
|-damage|p1a: Florges|103\/360
|
|-heal|p1a: Florges|125\/360|[from] item: Leftovers
|-heal|p2a: Swampert|183\/404|[from] item: Leftovers
|-end|p1a: Florges|move: Taunt
|turn|28
|
|move|p1a: Florges|Wish|p1a: Florges
|move|p2a: Swampert|Earthquake|p1a: Florges
|-damage|p1a: Florges|0 fnt
|faint|p1a: Florges
|
|-heal|p2a: Swampert|208\/404|[from] item: Leftovers
|
|switch|p1a: Chandelure|Chandelure, M|164\/266
|-damage|p1a: Chandelure|98\/266|[from] Stealth Rock
|turn|29
|chat|Colbrushie|maybe i should calc stuff before i switch
|
|move|p1a: Chandelure|Substitute|p1a: Chandelure
|-start|p1a: Chandelure|Substitute
|-damage|p1a: Chandelure|32\/266
|move|p2a: Swampert|Roar|p1a: Chandelure
|drag|p1a: Aggron|Aggron-Mega, M|196\/344
|-damage|p1a: Aggron|175\/344|[from] Stealth Rock
|
|-heal|p1a: Aggron|344\/344|[from] move: Wish|[wisher] Florges
|-heal|p2a: Swampert|233\/404|[from] item: Leftovers
|turn|30
|
|move|p2a: Swampert|Scald|p1a: Aggron
|-damage|p1a: Aggron|257\/344
|-status|p1a: Aggron|brn
|move|p1a: Aggron|Stealth Rock|p2a: Swampert
|-sidestart|p2: ULT xMarth|move: Stealth Rock
|
|-heal|p2a: Swampert|258\/404|[from] item: Leftovers
|-damage|p1a: Aggron|214\/344 brn|[from] brn
|turn|31
|chat|ULT xMarth|yea calc helps
|
|switch|p1a: Chandelure|Chandelure, M|32\/266
|-damage|p1a: Chandelure|0 fnt|[from] Stealth Rock
|faint|p1a: Chandelure
|move|p2a: Swampert|Scald|p1: Chandelure|[notarget]
|-notarget
|
|-heal|p2a: Swampert|283\/404|[from] item: Leftovers
|
|switch|p1a: Slowbro|Slowbro, M|394\/394
|-damage|p1a: Slowbro|345\/394|[from] Stealth Rock
|turn|32
|
|switch|p2a: Shaymin|Shaymin|164\/341
|-damage|p2a: Shaymin|122\/341|[from] Stealth Rock
|move|p1a: Slowbro|Calm Mind|p1a: Slowbro
|-boost|p1a: Slowbro|spa|1
|-boost|p1a: Slowbro|spd|1
|
|-heal|p1a: Slowbro|369\/394|[from] item: Leftovers
|turn|33
|
|switch|p1a: Aggron|Aggron-Mega, M|214\/344 brn
|-damage|p1a: Aggron|193\/344 brn|[from] Stealth Rock
|move|p2a: Shaymin|Seed Flare|p1a: Aggron
|-crit|p1a: Aggron
|-resisted|p1a: Aggron
|-damage|p1a: Aggron|0 fnt
|faint|p1a: Aggron
|
|
|switch|p1a: Lucario|Lucario, F|281\/281
|-damage|p1a: Lucario|273\/281|[from] Stealth Rock
|turn|34
|
|switch|p2a: Sableye|Sableye, F|243\/299 brn
|-damage|p2a: Sableye|206\/299 brn|[from] Stealth Rock
|move|p1a: Lucario|Crunch|p2a: Sableye
|-damage|p2a: Sableye|63\/299 brn
|-unboost|p2a: Sableye|def|1
|-damage|p1a: Lucario|245\/281|[from] item: Life Orb
|
|-heal|p2a: Sableye|81\/299 brn|[from] item: Leftovers
|-damage|p2a: Sableye|44\/299 brn|[from] brn
|turn|35
|
|move|p2a: Sableye|Will-O-Wisp|p1a: Lucario
|-status|p1a: Lucario|brn
|move|p1a: Lucario|Swords Dance|p1a: Lucario
|-boost|p1a: Lucario|atk|2
|
|-heal|p2a: Sableye|62\/299 brn|[from] item: Leftovers
|-damage|p1a: Lucario|210\/281 brn|[from] brn
|-damage|p2a: Sableye|25\/299 brn|[from] brn
|turn|36
|
|move|p2a: Sableye|Taunt|p1a: Lucario
|-start|p1a: Lucario|move: Taunt
|cant|p1a: Lucario|move: Taunt|Swords Dance
|
|-heal|p2a: Sableye|43\/299 brn|[from] item: Leftovers
|-damage|p1a: Lucario|175\/281 brn|[from] brn
|-damage|p2a: Sableye|6\/299 brn|[from] brn
|turn|37
|
|move|p1a: Lucario|Crunch|p2a: Sableye
|-damage|p2a: Sableye|0 fnt
|-damage|p1a: Lucario|147\/281 brn|[from] item: Life Orb
|faint|p2a: Sableye
|
|-damage|p1a: Lucario|112\/281 brn|[from] brn
|chat|Colbrushie|hey let's play a game
|
|switch|p2a: Crobat|Crobat, M|214\/331
|-damage|p2a: Crobat|132\/331|[from] Stealth Rock
|turn|38
|
|move|p1a: Lucario|Extreme Speed|p2a: Crobat
|-damage|p2a: Crobat|0 fnt
|-damage|p1a: Lucario|84\/281 brn|[from] item: Life Orb
|faint|p2a: Crobat
|
|-damage|p1a: Lucario|49\/281 brn|[from] brn
|-end|p1a: Lucario|move: Taunt
|
|switch|p2a: Swampert|Swampert, M|283\/404
|-damage|p2a: Swampert|258\/404|[from] Stealth Rock
|turn|39
|
|move|p1a: Lucario|Close Combat|p2a: Swampert
|-damage|p2a: Swampert|44\/404
|-unboost|p1a: Lucario|def|1
|-unboost|p1a: Lucario|spd|1
|-damage|p1a: Lucario|21\/281 brn|[from] item: Life Orb
|move|p2a: Swampert|Scald|p1a: Lucario
|-damage|p1a: Lucario|0 fnt
|faint|p1a: Lucario
|
|-heal|p2a: Swampert|69\/404|[from] item: Leftovers
|
|switch|p1a: Slowbro|Slowbro, M|394\/394
|-damage|p1a: Slowbro|345\/394|[from] Stealth Rock
|turn|40
|
|switch|p2a: Shaymin|Shaymin|122\/341
|-damage|p2a: Shaymin|80\/341|[from] Stealth Rock
|move|p1a: Slowbro|Calm Mind|p1a: Slowbro
|-boost|p1a: Slowbro|spa|1
|-boost|p1a: Slowbro|spd|1
|
|-heal|p1a: Slowbro|369\/394|[from] item: Leftovers
|turn|41
|chat|Colbrushie|NO
|chat|Colbrushie|pls miss
|chat|Colbrushie|i thought you would fodder swamp to get free switch
|chat|Colbrushie|:(
|
|move|p2a: Shaymin|Seed Flare|p1a: Slowbro
|-crit|p1a: Slowbro
|-supereffective|p1a: Slowbro
|-damage|p1a: Slowbro|0 fnt
|faint|p1a: Slowbro
|
|win|ULT xMarth
|raw|Ladder updating...
|raw|Colbrushie's rating: 1483 &rarr; <strong>1457<\/strong><br \/>(-26 for losing)
|raw|ULT xMarth's rating: 1374 &rarr; <strong>1400<\/strong><br \/>(+26 for winning)
|chat|Colbrushie|that's not a miss
|chat|Colbrushie|gg
|chat|ULT xMarth|gg
|leave|ULT xMarth
|player|p2
|leave|Colbrushie
|player|p1
|join|Colbrushie