|join|ULT xMarth
|join|Ore-Sama
|player|p1|ULT xMarth|153
|player|p2|Ore-Sama|52
|gametype|singles
|gen|6
|tier|UU
|rated
|rule|Sleep Clause Mod: Limit one foe put to sleep
|rule|Species Clause: Limit one of each PokÃ©mon
|rule|OHKO Clause: OHKO moves are banned
|rule|Moody Clause: Moody is banned
|rule|Evasion Moves Clause: Evasion moves are banned
|rule|Endless Battle Clause: Forcing endless battles is banned
|rule|HP Percentage Mod: HP is shown in percentages
|clearpoke
|poke|p1|Ampharos, F
|poke|p1|Jirachi
|poke|p1|Gligar, F
|poke|p1|Hydreigon, F
|poke|p1|Cobalion
|poke|p1|Victini
|poke|p2|Metagross
|poke|p2|Victini
|poke|p2|Gligar, M
|poke|p2|Krookodile, M
|poke|p2|Shaymin
|poke|p2|Fletchinder, F
|rule|Swagger Clause: Swagger is banned
|rule|Baton Pass Clause: Limit one PokÃ©mon knowing Baton Pass
|teampreview
|
|start
|switch|p1a: Ampharos|Ampharos, F|352\/352
|switch|p2a: Shaymin|Shaymin|403\/403
|turn|1
|
|detailschange|p1a: Ampharos|Ampharos-Mega, F
|message|Ampharos has Mega Evolved into Mega Ampharos!
|-ability|p1a: Ampharos|Mold Breaker
|move|p2a: Shaymin|Substitute|p2a: Shaymin
|-start|p2a: Shaymin|Substitute
|-damage|p2a: Shaymin|303\/403
|move|p1a: Ampharos|Dragon Pulse|p2a: Shaymin
|-end|p2a: Shaymin|Substitute
|
|-heal|p2a: Shaymin|328\/403|[from] item: Leftovers
|turn|2
|
|switch|p2a: Metagross|Metagross|364\/364
|move|p1a: Ampharos|Dragon Pulse|p2a: Metagross
|-resisted|p2a: Metagross
|-damage|p2a: Metagross|249\/364
|
|turn|3
|
|switch|p2a: Shaymin|Shaymin|328\/403
|switch|p1a: Gligar|Gligar, F|321\/321
|
|-heal|p2a: Shaymin|353\/403|[from] item: Leftovers
|turn|4
|
|move|p2a: Shaymin|Seed Flare|p1a: Gligar
|-damage|p1a: Gligar|186\/321
|-unboost|p1a: Gligar|spd|2
|move|p1a: Gligar|U-turn|p2a: Shaymin
|-supereffective|p2a: Shaymin
|-damage|p2a: Shaymin|261\/403
|
|switch|p1a: Cobalion|Cobalion|363\/363
|
|-heal|p2a: Shaymin|286\/403|[from] item: Leftovers
|turn|5
|
|switch|p2a: Gligar|Gligar, M|334\/334
|move|p1a: Cobalion|Stealth Rock|p2a: Gligar
|-sidestart|p2: Ore-Sama|move: Stealth Rock
|
|turn|6
|
|move|p1a: Cobalion|Taunt|p2a: Gligar
|-start|p2a: Gligar|move: Taunt
|cant|p2a: Gligar|move: Taunt|Stealth Rock
|
|turn|7
|
|switch|p1a: Hydreigon|Hydreigon, F|325\/325
|move|p2a: Gligar|Knock Off|p1a: Hydreigon
|-resisted|p1a: Hydreigon
|-damage|p1a: Hydreigon|291\/325
|-enditem|p1a: Hydreigon|Choice Scarf|[from] move: Knock Off|[of] p2a: Gligar
|
|turn|8
|
|move|p1a: Hydreigon|Dark Pulse|p2a: Gligar
|-damage|p2a: Gligar|192\/334
|move|p2a: Gligar|U-turn|p1a: Hydreigon
|-supereffective|p1a: Hydreigon
|-damage|p1a: Hydreigon|197\/325
|
|switch|p2a: Victini|Victini|341\/341
|-damage|p2a: Victini|256\/341|[from] Stealth Rock
|
|turn|9
|
|switch|p1a: Cobalion|Cobalion|363\/363
|move|p2a: Victini|U-turn|p1a: Cobalion
|-resisted|p1a: Cobalion
|-damage|p1a: Cobalion|342\/363
|
|switch|p2a: Gligar|Gligar, M|192\/334
|-damage|p2a: Gligar|151\/334|[from] Stealth Rock
|
|-heal|p1a: Cobalion|363\/363|[from] item: Leftovers
|turn|10
|
|move|p1a: Cobalion|Taunt|p2a: Gligar
|-start|p2a: Gligar|move: Taunt
|move|p2a: Gligar|Knock Off|p1a: Cobalion
|-resisted|p1a: Cobalion
|-damage|p1a: Cobalion|339\/363
|-boost|p1a: Cobalion|atk|1|[from] ability: Justified
|-enditem|p1a: Cobalion|Leftovers|[from] move: Knock Off|[of] p2a: Gligar
|
|turn|11
|
|move|p1a: Cobalion|Close Combat|p2a: Gligar
|-resisted|p2a: Gligar
|-damage|p2a: Gligar|102\/334
|-unboost|p1a: Cobalion|def|1
|-unboost|p1a: Cobalion|spd|1
|move|p2a: Gligar|U-turn|p1a: Cobalion
|-resisted|p1a: Cobalion
|-damage|p1a: Cobalion|325\/363
|join|LilLimpDick
|
|switch|p2a: Krookodile|Krookodile, M|332\/332
|-damage|p2a: Krookodile|312\/332|[from] Stealth Rock
|
|turn|12
|
|move|p2a: Krookodile|Pursuit|p1a: Cobalion|[from]Pursuit
|-resisted|p1a: Cobalion
|-damage|p1a: Cobalion|211\/363
|-boost|p1a: Cobalion|atk|1|[from] ability: Justified
|-damage|p2a: Krookodile|279\/332|[from] item: Life Orb
|switch|p1a: Hydreigon|Hydreigon, F|197\/325
|
|turn|13
|
|move|p1a: Hydreigon|U-turn|p2a: Krookodile
|-supereffective|p2a: Krookodile
|-damage|p2a: Krookodile|143\/332
|
|switch|p1a: Gligar|Gligar, F|186\/321
|move|p2a: Krookodile|Stone Edge|p1a: Gligar
|-damage|p1a: Gligar|118\/321
|-damage|p2a: Krookodile|110\/332|[from] item: Life Orb
|
|turn|14
|
|switch|p2a: Gligar|Gligar, M|102\/334
|-damage|p2a: Gligar|61\/334|[from] Stealth Rock
|move|p1a: Gligar|Roost|p1a: Gligar
|-heal|p1a: Gligar|279\/321
|
|turn|15
|
|move|p1a: Gligar|U-turn|p2a: Gligar
|-resisted|p2a: Gligar
|-damage|p2a: Gligar|51\/334
|join|watfor
|
|switch|p1a: Hydreigon|Hydreigon, F|197\/325
|move|p2a: Gligar|Stealth Rock|p1a: Hydreigon
|-sidestart|p1: ULT xMarth|move: Stealth Rock
|
|turn|16
|
|move|p1a: Hydreigon|Dark Pulse|p2a: Gligar
|-damage|p2a: Gligar|0 fnt
|faint|p2a: Gligar
|
|
|switch|p2a: Shaymin|Shaymin|286\/403
|-damage|p2a: Shaymin|236\/403|[from] Stealth Rock
|turn|17
|
|move|p1a: Hydreigon|U-turn|p2a: Shaymin
|-supereffective|p2a: Shaymin
|-damage|p2a: Shaymin|130\/403
|
|switch|p1a: Gligar|Gligar, F|279\/321
|-damage|p1a: Gligar|239\/321|[from] Stealth Rock
|move|p2a: Shaymin|Leech Seed|p1a: Gligar
|-start|p1a: Gligar|move: Leech Seed
|
|-heal|p2a: Shaymin|155\/403|[from] item: Leftovers
|-damage|p1a: Gligar|199\/321|[from] Leech Seed|[of] p2a: Shaymin
|-heal|p2a: Shaymin|195\/403|[silent]
|turn|18
|
|move|p2a: Shaymin|Substitute|p2a: Shaymin
|-start|p2a: Shaymin|Substitute
|-damage|p2a: Shaymin|95\/403
|move|p1a: Gligar|Defog|p2a: Shaymin
|-sideend|p2: Ore-Sama|Stealth Rock|[from] move: Defog|[of] p2a: Shaymin
|-sideend|p1: ULT xMarth|Stealth Rock|[from] move: Defog|[of] p1a: Gligar
|
|-heal|p2a: Shaymin|120\/403|[from] item: Leftovers
|-damage|p1a: Gligar|159\/321|[from] Leech Seed|[of] p2a: Shaymin
|-heal|p2a: Shaymin|160\/403|[silent]
|turn|19
|
|move|p2a: Shaymin|Leech Seed|p1a: Gligar
|-fail|p1a: Gligar
|move|p1a: Gligar|U-turn|p2a: Shaymin
|-supereffective|p2a: Shaymin
|-activate|p2a: Shaymin|Substitute|[damage]
|
|switch|p1a: Cobalion|Cobalion|211\/363
|
|-heal|p2a: Shaymin|185\/403|[from] item: Leftovers
|turn|20
|
|switch|p2a: Metagross|Metagross|249\/364
|move|p1a: Cobalion|Stealth Rock|p2a: Metagross
|-sidestart|p2: Ore-Sama|move: Stealth Rock
|
|turn|21
|
|move|p1a: Cobalion|Volt Switch|p2a: Metagross
|-damage|p2a: Metagross|195\/364
|
|switch|p1a: Gligar|Gligar, F|159\/321
|move|p2a: Metagross|Meteor Mash|p1a: Gligar
|-damage|p1a: Gligar|46\/321
|-damage|p2a: Metagross|159\/364|[from] item: Life Orb
|
|turn|22
|
|move|p1a: Gligar|Roost|p1a: Gligar
|-heal|p1a: Gligar|207\/321
|move|p2a: Metagross|Frustration|p1a: Gligar
|-damage|p1a: Gligar|117\/321
|-damage|p2a: Metagross|123\/364|[from] item: Life Orb
|
|turn|23
|
|switch|p2a: Fletchinder|Fletchinder, F|291\/291
|-damage|p2a: Fletchinder|146\/291|[from] Stealth Rock
|move|p1a: Gligar|Earthquake|p2a: Fletchinder
|-immune|p2a: Fletchinder|[msg]
|
|turn|24
|
|move|p2a: Fletchinder|Swords Dance|p2a: Fletchinder
|-boost|p2a: Fletchinder|atk|2
|move|p1a: Gligar|U-turn|p2a: Fletchinder
|-resisted|p2a: Fletchinder
|-damage|p2a: Fletchinder|129\/291
|
|switch|p1a: Ampharos|Ampharos-Mega, F|352\/352
|-ability|p1a: Ampharos|Mold Breaker
|
|turn|25
|
|switch|p2a: Shaymin|Shaymin|185\/403
|-damage|p2a: Shaymin|135\/403|[from] Stealth Rock
|move|p1a: Ampharos|Thunderbolt|p2a: Shaymin
|-resisted|p2a: Shaymin
|-damage|p2a: Shaymin|55\/403
|
|-heal|p2a: Shaymin|80\/403|[from] item: Leftovers
|turn|26
|join|pokemonisfun
|
|move|p2a: Shaymin|Leech Seed|p1a: Ampharos
|-start|p1a: Ampharos|move: Leech Seed
|move|p1a: Ampharos|Volt Switch|p2a: Shaymin
|-resisted|p2a: Shaymin
|-damage|p2a: Shaymin|20\/403
|
|switch|p1a: Hydreigon|Hydreigon, F|197\/325
|
|-heal|p2a: Shaymin|45\/403|[from] item: Leftovers
|turn|27
|
|move|p1a: Hydreigon|Dark Pulse|p2a: Shaymin
|-damage|p2a: Shaymin|0 fnt
|faint|p2a: Shaymin
|
|
|switch|p2a: Metagross|Metagross|123\/364
|-damage|p2a: Metagross|101\/364|[from] Stealth Rock
|turn|28
|join|Sr. Remilia
|
|move|p2a: Metagross|Bullet Punch|p1a: Hydreigon
|-damage|p1a: Hydreigon|80\/325
|-damage|p2a: Metagross|65\/364|[from] item: Life Orb
|move|p1a: Hydreigon|Dark Pulse|p2a: Metagross
|-supereffective|p2a: Metagross
|-damage|p2a: Metagross|0 fnt
|faint|p2a: Metagross
|
|
|switch|p2a: Krookodile|Krookodile, M|110\/332
|-damage|p2a: Krookodile|90\/332|[from] Stealth Rock
|turn|29
|chat|Sr. Remilia|preserve the 6 -0
|chat|Ore-Sama|-_-
|
|move|p1a: Hydreigon|U-turn|p2a: Krookodile
|-supereffective|p2a: Krookodile
|-damage|p2a: Krookodile|0 fnt
|faint|p2a: Krookodile
|
|switch|p1a: Ampharos|Ampharos-Mega, F|352\/352
|-ability|p1a: Ampharos|Mold Breaker
|
|chat|Sr. Remilia|lmao smh
|
|switch|p2a: Victini|Victini|256\/341
|-damage|p2a: Victini|171\/341|[from] Stealth Rock
|turn|30
|-message|Ore-Sama forfeited.
|
|win|ULT xMarth
|raw|Ladder updating...
|leave|Ore-Sama
|player|p2
|raw|ULT xMarth's rating: 1591 &rarr; <strong>1597<\/strong><br \/>(+6 for winning)
|raw|Ore-Sama's rating: 1297 &rarr; <strong>1289<\/strong><br \/>(-8 for losing)
|chat|Sr. Remilia|yes 
|chat|Sr. Remilia|lol
|chat|Sr. Remilia|gg
|chat|ULT xMarth|=p
|chat|ULT xMarth|gg
|chat|Sr. Remilia|scary cat :p
|leave|ULT xMarth
|player|p1