|join|ULT xMarth
|join|ULT Sloth
|player|p1|ULT xMarth|153
|player|p2|ULT Sloth|46
|gametype|singles
|gen|6
|tier|UU
|rated
|rule|Sleep Clause Mod: Limit one foe put to sleep
|rule|Species Clause: Limit one of each PokÃ©mon
|rule|OHKO Clause: OHKO moves are banned
|rule|Moody Clause: Moody is banned
|rule|Evasion Moves Clause: Evasion moves are banned
|rule|Endless Battle Clause: Forcing endless battles is banned
|rule|HP Percentage Mod: HP is reported as percentages
|clearpoke
|poke|p1|Froslass, F
|poke|p1|Sableye, M
|poke|p1|Lucario, F, shiny
|poke|p1|Swampert, F
|poke|p1|Shaymin
|poke|p1|Crobat, M
|poke|p2|Aerodactyl, M
|poke|p2|Manaphy
|poke|p2|Jirachi
|poke|p2|Nidoqueen, F
|poke|p2|Heracross, M
|poke|p2|Hydreigon, M
|rule|Swagger Clause: Swagger is banned
|rule|Baton Pass Clause: Limit one PokÃ©mon knowing Baton Pass
|teampreview
|join|zTerribadTastic
|
|start
|switch|p1a: Swampert|Swampert, F|399\/399
|switch|p2a: Jirachi|Jirachi|341\/341
|turn|1
|
|move|p2a: Jirachi|U-turn|p1a: Swampert
|-damage|p1a: Swampert|339\/399
|
|switch|p2a: Manaphy|Manaphy|341\/341
|move|p1a: Swampert|Stealth Rock|p2a: Manaphy
|-sidestart|p2: ULT Sloth|move: Stealth Rock
|
|-heal|p1a: Swampert|363\/399|[from] item: Leftovers
|turn|2
|
|switch|p1a: Froslass|Froslass, F|281\/281
|move|p2a: Manaphy|Ice Beam|p1a: Froslass
|-resisted|p1a: Froslass
|-damage|p1a: Froslass|225\/281
|
|turn|3
|
|switch|p2a: Aerodactyl|Aerodactyl, M|319\/319
|-damage|p2a: Aerodactyl|240\/319|[from] Stealth Rock
|move|p1a: Froslass|Spikes|p2a: Aerodactyl
|-sidestart|p2: ULT Sloth|Spikes
|
|turn|4
|
|detailschange|p2a: Aerodactyl|Aerodactyl-Mega, M
|message|Aerodactyl has Mega Evolved into Mega Aerodactyl!
|move|p1a: Froslass|Ice Shard|p2a: Aerodactyl
|-supereffective|p2a: Aerodactyl
|-damage|p2a: Aerodactyl|120\/319
|move|p2a: Aerodactyl|Pursuit|p1a: Froslass
|-supereffective|p1a: Froslass
|-damage|p1a: Froslass|35\/281
|
|turn|5
|
|switch|p2a: Jirachi|Jirachi|341\/341
|-damage|p2a: Jirachi|299\/341|[from] Spikes
|-damage|p2a: Jirachi|278\/341|[from] Stealth Rock
|move|p1a: Froslass|Ice Shard|p2a: Jirachi
|-resisted|p2a: Jirachi
|-damage|p2a: Jirachi|251\/341
|
|turn|6
|chat|zTerribadTastic|real turn
|
|switch|p1a: Swampert|Swampert, F|363\/399
|move|p2a: Jirachi|U-turn|p1a: Swampert
|-damage|p1a: Swampert|304\/399
|
|switch|p2a: Manaphy|Manaphy|341\/341
|-damage|p2a: Manaphy|299\/341|[from] Stealth Rock
|-damage|p2a: Manaphy|257\/341|[from] Spikes
|
|-heal|p2a: Manaphy|278\/341|[from] item: Leftovers
|-heal|p1a: Swampert|328\/399|[from] item: Leftovers
|turn|7
|
|switch|p1a: Froslass|Froslass, F|35\/281
|move|p2a: Manaphy|Energy Ball|p1a: Froslass
|-damage|p1a: Froslass|0 fnt
|-start|p2a: Manaphy|Disable|Energy Ball
|faint|p1a: Froslass
|
|-heal|p2a: Manaphy|299\/341|[from] item: Leftovers
|join|Choke on this Nerd
|chat|ULT Sloth|i never run hazard control
|chat|ULT Sloth|on this team
|
|switch|p1a: Shaymin|Shaymin|341\/341
|turn|8
|chat|ULT Sloth|which basically means
|chat|zTerribadTastic|mistakes were made
|chat|ULT Sloth|i lose to marth
|chat|Choke on this Nerd|ur just rusing
|chat|ULT Sloth|but thats calculated damage
|chat|Choke on this Nerd|defog aero
|
|switch|p2a: Jirachi|Jirachi|251\/341
|-damage|p2a: Jirachi|209\/341|[from] Spikes
|-damage|p2a: Jirachi|188\/341|[from] Stealth Rock
|move|p1a: Shaymin|Seed Flare|p2a: Jirachi
|-resisted|p2a: Jirachi
|-damage|p2a: Jirachi|50\/341
|-unboost|p2a: Jirachi|spd|2
|
|turn|9
|join|ult BOPSQUAD
|chat|ULT xMarth|hazard teams work pretty well
|chat|zTerribadTastic|the shamin
|chat|ULT Sloth|yeah ik
|
|switch|p1a: Swampert|Swampert, F|328\/399
|move|p2a: Jirachi|U-turn|p1a: Swampert
|-damage|p1a: Swampert|269\/399
|chat|ULT Sloth|you usually use luke
|chat|zTerribadTastic|I love how specs shamin is a thing on HO with luke now
|chat|ULT Sloth|but i tried something similar with SD infernape
|chat|ult BOPSQUAD|dat thing is pwrful :]
|chat|ULT Sloth|bec ive been trying to make that work since forever
|chat|zTerribadTastic|Specsminluke?
|chat|ULT Sloth|its alrightish
|chat|zTerribadTastic|or SD nape?
|
|switch|p2a: Hydreigon|Hydreigon, M|325\/325
|-damage|p2a: Hydreigon|285\/325|[from] Stealth Rock
|
|-heal|p1a: Swampert|293\/399|[from] item: Leftovers
|turn|10
|chat|ULT xMarth|sdape looks pretty interesting
|chat|Choke on this Nerd|but
|chat|zTerribadTastic|not really
|chat|Choke on this Nerd|does it?
|chat|zTerribadTastic|SD nape is sadness\/10
|chat|Choke on this Nerd|it dies so quickly with blitz
|chat|Choke on this Nerd|no prior
|chat|ULT Sloth|yeah
|chat|ULT Sloth|but after +2
|chat|ULT Sloth|fire punch
|chat|Choke on this Nerd|and t punch is pitiful
|chat|ULT Sloth|iron fist
|chat|zTerribadTastic|Nah
|chat|zTerribadTastic|Blaze Flare\/Mach\/Tpunch
|chat|Choke on this Nerd|o y i forget mach
|chat|Choke on this Nerd|but
|chat|Choke on this Nerd|but
|chat|Choke on this Nerd|cc
|chat|Choke on this Nerd|:[
|chat|zTerribadTastic|or I guess iron fist if you must
|chat|ULT Sloth|i ran some calcs
|chat|zTerribadTastic|well mach picks scarf hydra
|chat|ULT Sloth|and after hazards
|chat|ULT Sloth|bec thats the whole point
|chat|zTerribadTastic|so you can overload with Hax
|chat|Choke on this Nerd|they really should have made iron fist 50% boost
|chat|ULT Sloth|iron fist mach and fire punch
|chat|ULT Sloth|save you the recoil of flare
|chat|ULT Sloth|but its still a bit underwhelming
|chat|zTerribadTastic|I would consider SD nape more of a solid partner for Luke\/Hax
|
|switch|p1a: Sableye|Sableye, M|299\/299
|move|p2a: Hydreigon|Draco Meteor|p1a: Sableye
|-damage|p1a: Sableye|10\/299
|-unboost|p2a: Hydreigon|spa|2
|-damage|p2a: Hydreigon|253\/325|[from] item: Life Orb
|
|-heal|p1a: Sableye|28\/299|[from] item: Leftovers
|turn|11
|chat|zTerribadTastic|its a suicide counter\/check ripper to me
|
|switch|p2a: Heracross|Heracross, M|327\/327
|-damage|p2a: Heracross|287\/327|[from] Spikes
|-damage|p2a: Heracross|247\/327|[from] Stealth Rock
|move|p1a: Sableye|Recover|p1a: Sableye
|-heal|p1a: Sableye|178\/299
|
|-heal|p2a: Heracross|267\/327|[from] item: Leftovers
|-heal|p1a: Sableye|196\/299|[from] item: Leftovers
|turn|12
|
|switch|p2a: Jirachi|Jirachi|50\/341
|-damage|p2a: Jirachi|8\/341|[from] Spikes
|-damage|p2a: Jirachi|0 fnt|[from] Stealth Rock
|faint|p2a: Jirachi
|switch|p1a: ACrobat|Crobat, M|331\/331
|
|chat|ULT Sloth|oh
|chat|ULT Sloth|whatever
|chat|ULT Sloth|im just clicking things
|chat|ULT Sloth|at this point
|
|switch|p2a: Nidoqueen|Nidoqueen, F|350\/350
|-damage|p2a: Nidoqueen|307\/350|[from] Spikes
|-damage|p2a: Nidoqueen|286\/350|[from] Stealth Rock
|turn|13
|
|move|p1a: ACrobat|Acrobatics|p2a: Nidoqueen
|-damage|p2a: Nidoqueen|106\/350
|move|p2a: Nidoqueen|Ice Beam|p1a: ACrobat
|-supereffective|p1a: ACrobat
|-damage|p1a: ACrobat|0 fnt
|faint|p1a: ACrobat
|
|
|switch|p1a: Lucario|Lucario, F, shiny|281\/281
|turn|14
|
|move|p1a: Lucario|Extreme Speed|p2a: Nidoqueen
|-damage|p2a: Nidoqueen|0 fnt
|-damage|p1a: Lucario|253\/281|[from] item: Life Orb
|faint|p2a: Nidoqueen
|
|
|switch|p2a: Heracross|Heracross, M|267\/327
|-damage|p2a: Heracross|227\/327|[from] Spikes
|-damage|p2a: Heracross|187\/327|[from] Stealth Rock
|turn|15
|join|sniperaim
|leave|zTerribadTastic
|
|switch|p1a: Swampert|Swampert, F|293\/399
|move|p2a: Heracross|Swords Dance|p2a: Heracross
|-boost|p2a: Heracross|atk|2
|
|-heal|p2a: Heracross|207\/327|[from] item: Leftovers
|-heal|p1a: Swampert|317\/399|[from] item: Leftovers
|turn|16
|
|move|p2a: Heracross|Megahorn|p1a: Swampert
|-damage|p1a: Swampert|0 fnt
|faint|p1a: Swampert
|
|-heal|p2a: Heracross|227\/327|[from] item: Leftovers
|join|zTerribadTastic
|
|switch|p1a: Shaymin|Shaymin|341\/341
|turn|17
|chat|zTerribadTastic|is that daz gleam specsmin or is it "who fucking cares about dragons?" specsmin
|
|switch|p2a: Manaphy|Manaphy|299\/341
|-damage|p2a: Manaphy|257\/341|[from] Stealth Rock
|-damage|p2a: Manaphy|215\/341|[from] Spikes
|move|p1a: Shaymin|Psychic|p2a: Manaphy
|-damage|p2a: Manaphy|89\/341
|
|-heal|p2a: Manaphy|110\/341|[from] item: Leftovers
|turn|18
|chat|ULT xMarth|hydre gets like 2hko after rocks
|
|switch|p1a: Sableye|Sableye, M|196\/299
|move|p2a: Manaphy|Ice Beam|p1a: Sableye
|-damage|p1a: Sableye|112\/299
|
|-heal|p2a: Manaphy|131\/341|[from] item: Leftovers
|-heal|p1a: Sableye|130\/299|[from] item: Leftovers
|turn|19
|chat|zTerribadTastic|cause I pretty much always pack Hp fire\/Psychic\/Seed\/HW
|chat|zTerribadTastic|ya I posted specsmin in a thread forever ago
|
|switch|p2a: Heracross|Heracross, M|227\/327
|-damage|p2a: Heracross|187\/327|[from] Spikes
|-damage|p2a: Heracross|147\/327|[from] Stealth Rock
|move|p1a: Sableye|Taunt|p2a: Heracross
|-start|p2a: Heracross|move: Taunt
|
|-heal|p2a: Heracross|167\/327|[from] item: Leftovers
|-heal|p1a: Sableye|148\/299|[from] item: Leftovers
|turn|20
|chat|zTerribadTastic|and it got mocked, and now I see it, and my pride is real
|
|move|p1a: Sableye|Will-O-Wisp|p2a: Heracross
|-status|p2a: Heracross|brn
|move|p2a: Heracross|Megahorn|p1a: Sableye
|-damage|p1a: Sableye|0 fnt
|faint|p1a: Sableye
|
|-heal|p2a: Heracross|187\/327 brn|[from] item: Leftovers
|-damage|p2a: Heracross|147\/327 brn|[from] brn
|chat|ult BOPSQUAD|:]
|
|switch|p1a: Shaymin|Shaymin|341\/341
|turn|21
|chat|ult BOPSQUAD|now you can
|join|Orange Tech
|chat|ult BOPSQUAD|smear it on ppls faces now :p
|chat|zTerribadTastic|ez flare range
|
|move|p1a: Shaymin|Seed Flare|p2a: Heracross
|-resisted|p2a: Heracross
|-damage|p2a: Heracross|12\/327 brn
|-unboost|p2a: Heracross|spd|2
|move|p2a: Heracross|Megahorn|p1a: Shaymin
|-supereffective|p1a: Shaymin
|-damage|p1a: Shaymin|0 fnt
|faint|p1a: Shaymin
|
|-heal|p2a: Heracross|32\/327 brn|[from] item: Leftovers
|-damage|p2a: Heracross|0 fnt|[from] brn
|faint|p2a: Heracross
|chat|zTerribadTastic|or
|chat|Orange Tech|min roll?
|
|switch|p2a: Hydreigon|Hydreigon, M|253\/325
|-damage|p2a: Hydreigon|213\/325|[from] Stealth Rock
|switch|p1a: Lucario|Lucario, F, shiny|253\/281
|turn|22
|chat|zTerribadTastic|seed flare betrayal
|chat|ult BOPSQUAD|reveal
|chat|ult BOPSQUAD|scarf
|chat|ult BOPSQUAD|:]
|
|move|p2a: Hydreigon|Superpower|p1a: Lucario
|-supereffective|p1a: Lucario
|-damage|p1a: Lucario|0 fnt
|-unboost|p2a: Hydreigon|atk|1
|-unboost|p2a: Hydreigon|def|1
|-damage|p2a: Hydreigon|181\/325|[from] item: Life Orb
|faint|p1a: Lucario
|
|win|ULT Sloth
|raw|Ladder updating...
|raw|ULT xMarth's rating: 1681 &rarr; <strong>1653<\/strong><br \/>(-28 for losing)
|raw|ULT Sloth's rating: 1520 &rarr; <strong>1548<\/strong><br \/>(+28 for winning)
|chat|ULT xMarth|gg
|chat|ULT Sloth|well that is a first
|chat|ULT Sloth|gg
|leave|ULT xMarth
|player|p1
|leave|ult BOPSQUAD
|leave|Orange Tech
|leave|sniperaim
|leave|zTerribadTastic
|join|ult BOPSQUAD
|leave|ult BOPSQUAD
|leave|Choke on this Nerd