|join|ULT xMarth
|join|billythet
|player|p1|ULT xMarth|153
|player|p2|billythet|153
|gametype|singles
|gen|6
|tier|UU
|rated
|rule|Sleep Clause Mod: Limit one foe put to sleep
|rule|Species Clause: Limit one of each PokÃ©mon
|rule|OHKO Clause: OHKO moves are banned
|rule|Moody Clause: Moody is banned
|rule|Evasion Moves Clause: Evasion moves are banned
|rule|Endless Battle Clause: Forcing endless battles is banned
|rule|HP Percentage Mod: HP is reported as percentages
|clearpoke
|poke|p1|Froslass, F
|poke|p1|Sableye, F
|poke|p1|Lucario, M, shiny
|poke|p1|Swampert, M
|poke|p1|Shaymin
|poke|p1|Crobat, F
|poke|p2|Mew
|poke|p2|Aerodactyl, M
|poke|p2|Forretress, M
|poke|p2|Chandelure, M
|poke|p2|Mienshao, M
|poke|p2|Florges, F
|rule|Swagger Clause: Swagger is banned
|rule|Baton Pass Clause: Limit one PokÃ©mon knowing Baton Pass
|teampreview
|
|start
|switch|p1a: Froslass|Froslass, F|281\/281
|switch|p2a: RonWeasel|Mienshao, M|271\/271
|turn|1
|
|move|p2a: RonWeasel|Knock Off|p1a: Froslass
|-supereffective|p1a: Froslass
|-enditem|p1a: Froslass|Focus Sash
|-damage|p1a: Froslass|1\/281
|move|p1a: Froslass|Spikes|p2a: RonWeasel
|-sidestart|p2: billythet|Spikes
|
|turn|2
|
|switch|p1a: Lucario|Lucario, M, shiny|281\/281
|move|p2a: RonWeasel|Knock Off|p1a: Lucario
|-resisted|p1a: Lucario
|-damage|p1a: Lucario|200\/281
|-boost|p1a: Lucario|atk|1|[from] ability: Justified
|-enditem|p1a: Lucario|Life Orb|[from] move: Knock Off|[of] p2a: RonWeasel
|
|turn|3
|
|switch|p2a: ForretressGump|Forretress, M|354\/354
|-damage|p2a: ForretressGump|310\/354|[from] Spikes
|move|p1a: Lucario|Close Combat|p2a: ForretressGump
|-damage|p2a: ForretressGump|139\/354
|-unboost|p1a: Lucario|def|1
|-unboost|p1a: Lucario|spd|1
|
|-heal|p2a: ForretressGump|161\/354|[from] item: Leftovers
|turn|4
|
|move|p1a: Lucario|Close Combat|p2a: ForretressGump
|-damage|p2a: ForretressGump|0 fnt
|-unboost|p1a: Lucario|def|1
|-unboost|p1a: Lucario|spd|1
|faint|p2a: ForretressGump
|
|join|Shit User
|
|switch|p2a: IWillRockU|Aerodactyl, M|302\/302
|turn|5
|
|switch|p1a: Swampert|Swampert, M|404\/404
|detailschange|p2a: IWillRockU|Aerodactyl-Mega, M
|message|Aerodactyl has Mega Evolved into Mega Aerodactyl!
|move|p2a: IWillRockU|Earthquake|p1a: Swampert
|-damage|p1a: Swampert|307\/404
|
|-heal|p1a: Swampert|332\/404|[from] item: Leftovers
|turn|6
|
|switch|p2a: P!nk|Mew|404\/404
|-damage|p2a: P!nk|354\/404|[from] Spikes
|switch|p1a: Froslass|Froslass, F|1\/281
|
|-heal|p2a: P!nk|379\/404|[from] item: Leftovers
|turn|7
|
|move|p1a: Froslass|Taunt|p2a: P!nk
|-start|p2a: P!nk|move: Taunt
|move|p2a: P!nk|Knock Off|p1a: Froslass
|-supereffective|p1a: Froslass
|-damage|p1a: Froslass|0 fnt
|-start|p2a: P!nk|Disable|Knock Off
|faint|p1a: Froslass
|
|-heal|p2a: P!nk|404\/404|[from] item: Leftovers
|
|switch|p1a: Sableye|Sableye, F|299\/299
|turn|8
|join|YMAS3
|
|switch|p2a: LightEmUp|Chandelure, M|261\/261
|-damage|p2a: LightEmUp|229\/261|[from] Spikes
|move|p1a: Sableye|Knock Off|p2a: LightEmUp
|-supereffective|p2a: LightEmUp
|-damage|p2a: LightEmUp|37\/261
|-enditem|p2a: LightEmUp|Choice Specs|[from] move: Knock Off|[of] p1a: Sableye
|
|turn|9
|
|move|p2a: LightEmUp|Shadow Ball|p1a: Sableye
|-damage|p1a: Sableye|131\/299
|move|p1a: Sableye|Knock Off|p2a: LightEmUp
|-supereffective|p2a: LightEmUp
|-damage|p2a: LightEmUp|0 fnt
|faint|p2a: LightEmUp
|
|-heal|p1a: Sableye|149\/299|[from] item: Leftovers
|
|switch|p2a: Flo Rida|Florges, F|360\/360
|-damage|p2a: Flo Rida|315\/360|[from] Spikes
|turn|10
|
|switch|p2a: IWillRockU|Aerodactyl-Mega, M|302\/302
|switch|p1a: Crobat|Crobat, F|331\/331
|
|turn|11
|
|switch|p1a: Swampert|Swampert, M|332\/404
|move|p2a: IWillRockU|Aerial Ace|p1a: Swampert
|-damage|p1a: Swampert|209\/404
|
|-heal|p1a: Swampert|234\/404|[from] item: Leftovers
|turn|12
|
|switch|p2a: P!nk|Mew|404\/404
|-damage|p2a: P!nk|354\/404|[from] Spikes
|move|p1a: Swampert|Stealth Rock|p2a: P!nk
|-sidestart|p2: billythet|move: Stealth Rock
|
|-heal|p2a: P!nk|379\/404|[from] item: Leftovers
|-heal|p1a: Swampert|259\/404|[from] item: Leftovers
|turn|13
|
|switch|p1a: Sableye|Sableye, F|149\/299
|move|p2a: P!nk|Will-O-Wisp|p1a: Sableye
|-status|p1a: Sableye|brn
|
|-heal|p2a: P!nk|404\/404|[from] item: Leftovers
|-heal|p1a: Sableye|167\/299 brn|[from] item: Leftovers
|-damage|p1a: Sableye|130\/299 brn|[from] brn
|turn|14
|
|switch|p2a: Flo Rida|Florges, F|315\/360
|-damage|p2a: Flo Rida|270\/360|[from] Stealth Rock
|-damage|p2a: Flo Rida|225\/360|[from] Spikes
|move|p1a: Sableye|Taunt|p2a: Flo Rida
|-start|p2a: Flo Rida|move: Taunt
|
|-heal|p2a: Flo Rida|247\/360|[from] item: Leftovers
|-heal|p1a: Sableye|148\/299 brn|[from] item: Leftovers
|-damage|p1a: Sableye|111\/299 brn|[from] brn
|turn|15
|
|switch|p1a: Crobat|Crobat, F|331\/331
|move|p2a: Flo Rida|Moonblast|p1a: Crobat
|-resisted|p1a: Crobat
|-damage|p1a: Crobat|252\/331
|
|-heal|p2a: Flo Rida|269\/360|[from] item: Leftovers
|turn|16
|
|move|p1a: Crobat|Acrobatics|p2a: Flo Rida
|-damage|p2a: Flo Rida|56\/360
|move|p2a: Flo Rida|Moonblast|p1a: Crobat
|-resisted|p1a: Crobat
|-damage|p1a: Crobat|180\/331
|-unboost|p1a: Crobat|spa|1
|
|-heal|p2a: Flo Rida|78\/360|[from] item: Leftovers
|turn|17
|
|switch|p2a: IWillRockU|Aerodactyl-Mega, M|302\/302
|-damage|p2a: IWillRockU|227\/302|[from] Stealth Rock
|move|p1a: Crobat|Roost|p1a: Crobat
|-heal|p1a: Crobat|331\/331
|
|turn|18
|
|switch|p1a: Swampert|Swampert, M|259\/404
|move|p2a: IWillRockU|Stone Edge|p1a: Swampert
|-resisted|p1a: Swampert
|-damage|p1a: Swampert|176\/404
|
|-heal|p1a: Swampert|201\/404|[from] item: Leftovers
|turn|19
|
|move|p2a: IWillRockU|Aerial Ace|p1a: Swampert
|-damage|p1a: Swampert|68\/404
|move|p1a: Swampert|Roar|p2a: IWillRockU
|drag|p2a: Flo Rida|Florges, F|78\/360
|-damage|p2a: Flo Rida|33\/360|[from] Spikes
|-damage|p2a: Flo Rida|0 fnt|[from] Stealth Rock
|faint|p2a: Flo Rida
|
|-heal|p1a: Swampert|93\/404|[from] item: Leftovers
|
|switch|p2a: IWillRockU|Aerodactyl-Mega, M|227\/302
|-damage|p2a: IWillRockU|152\/302|[from] Stealth Rock
|turn|20
|
|move|p2a: IWillRockU|Aerial Ace|p1a: Swampert
|-damage|p1a: Swampert|0 fnt
|faint|p1a: Swampert
|
|
|switch|p1a: Sableye|Sableye, F|111\/299 brn
|turn|21
|
|move|p1a: Sableye|Will-O-Wisp|p2a: IWillRockU
|-status|p2a: IWillRockU|brn
|move|p2a: IWillRockU|Stone Edge|p1a: Sableye|[miss]
|-miss|p2a: IWillRockU|p1a: Sableye
|
|-heal|p1a: Sableye|129\/299 brn|[from] item: Leftovers
|-damage|p2a: IWillRockU|115\/302 brn|[from] brn
|-damage|p1a: Sableye|92\/299 brn|[from] brn
|turn|22
|chat|billythet|ugh
|chat|billythet|gg
|chat|ULT xMarth|gg
|
|move|p1a: Sableye|Recover|p1a: Sableye
|-heal|p1a: Sableye|242\/299 brn
|move|p2a: IWillRockU|Roost|p2a: IWillRockU
|-heal|p2a: IWillRockU|266\/302 brn
|
|-heal|p1a: Sableye|260\/299 brn|[from] item: Leftovers
|-damage|p2a: IWillRockU|229\/302 brn|[from] brn
|-damage|p1a: Sableye|223\/299 brn|[from] brn
|turn|23
|
|switch|p2a: P!nk|Mew|404\/404
|-damage|p2a: P!nk|354\/404|[from] Stealth Rock
|-damage|p2a: P!nk|304\/404|[from] Spikes
|move|p1a: Sableye|Taunt|p2a: P!nk
|-start|p2a: P!nk|move: Taunt
|
|-heal|p2a: P!nk|329\/404|[from] item: Leftovers
|-heal|p1a: Sableye|241\/299 brn|[from] item: Leftovers
|-damage|p1a: Sableye|204\/299 brn|[from] brn
|turn|24
|
|switch|p1a: Lucario|Lucario, M, shiny|200\/281
|move|p2a: P!nk|Knock Off|p1a: Lucario
|-resisted|p1a: Lucario
|-damage|p1a: Lucario|172\/281
|-boost|p1a: Lucario|atk|1|[from] ability: Justified
|
|-heal|p2a: P!nk|354\/404|[from] item: Leftovers
|turn|25
|
|switch|p2a: IWillRockU|Aerodactyl-Mega, M|229\/302 brn
|-damage|p2a: IWillRockU|154\/302 brn|[from] Stealth Rock
|move|p1a: Lucario|Swords Dance|p1a: Lucario
|-boost|p1a: Lucario|atk|2
|
|-damage|p2a: IWillRockU|117\/302 brn|[from] brn
|turn|26
|
|move|p1a: Lucario|Extreme Speed|p2a: IWillRockU
|-resisted|p2a: IWillRockU
|-damage|p2a: IWillRockU|0 fnt
|faint|p2a: IWillRockU
|
|-message|billythet forfeited.
|
|win|ULT xMarth
|raw|Ladder updating...
|raw|ULT xMarth's rating: 1525 &rarr; <strong>1540<\/strong><br \/>(+15 for winning)
|raw|billythet's rating: 1439 &rarr; <strong>1424<\/strong><br \/>(-15 for losing)
|leave|billythet
|player|p2
|leave|ULT xMarth
|player|p1
|leave|Shit User