|join|ULT xMarth
|join|ULT Peru
|player|p1|ULT xMarth|153
|player|p2|ULT Peru|174
|gametype|singles
|gen|6
|tier|UU
|rated
|rule|Sleep Clause Mod: Limit one foe put to sleep
|rule|Species Clause: Limit one of each PokÃ©mon
|rule|OHKO Clause: OHKO moves are banned
|rule|Moody Clause: Moody is banned
|rule|Evasion Moves Clause: Evasion moves are banned
|rule|Endless Battle Clause: Forcing endless battles is banned
|rule|HP Percentage Mod: HP is reported as percentages
|clearpoke
|poke|p1|Froslass, F
|poke|p1|Sableye, F
|poke|p1|Lucario, M, shiny
|poke|p1|Swampert, F
|poke|p1|Shaymin
|poke|p1|Crobat, F
|poke|p2|Blissey, F
|poke|p2|Aerodactyl, F
|poke|p2|Slowbro, M
|poke|p2|Alomomola, F
|poke|p2|Mew
|poke|p2|Arcanine, F
|rule|Swagger Clause: Swagger is banned
|rule|Baton Pass Clause: Limit one PokÃ©mon knowing Baton Pass
|teampreview
|
|start
|switch|p1a: Froslass|Froslass, F|281\/281
|switch|p2a: Aerodactyl|Aerodactyl, F|364\/364
|turn|1
|join|Limitless
|
|detailschange|p2a: Aerodactyl|Aerodactyl-Mega, F
|message|Aerodactyl has Mega Evolved into Mega Aerodactyl!
|move|p2a: Aerodactyl|Taunt|p1a: Froslass
|-start|p1a: Froslass|move: Taunt
|cant|p1a: Froslass|move: Taunt|Spikes
|
|turn|2
|
|switch|p1a: Swampert|Swampert, F|399\/399
|move|p2a: Aerodactyl|Stealth Rock|p1a: Swampert
|-sidestart|p1: ULT xMarth|move: Stealth Rock
|
|turn|3
|
|move|p2a: Aerodactyl|Taunt|p1a: Swampert
|-start|p1a: Swampert|move: Taunt
|cant|p1a: Swampert|move: Taunt|Stealth Rock
|
|turn|4
|
|switch|p2a: Mew|Mew|404\/404
|move|p1a: Swampert|Scald|p2a: Mew
|-damage|p2a: Mew|332\/404
|
|-heal|p2a: Mew|357\/404|[from] item: Leftovers
|turn|5
|join|dingbat
|
|switch|p1a: Froslass|Froslass, F|281\/281
|-damage|p1a: Froslass|211\/281|[from] Stealth Rock
|move|p2a: Mew|Knock Off|p1a: Froslass
|-supereffective|p1a: Froslass
|-damage|p1a: Froslass|19\/281
|-enditem|p1a: Froslass|Focus Sash|[from] move: Knock Off|[of] p2a: Mew
|
|-heal|p2a: Mew|382\/404|[from] item: Leftovers
|turn|6
|
|move|p1a: Froslass|Spikes|p2a: Mew
|-sidestart|p2: ULT Peru|Spikes
|move|p2a: Mew|Knock Off|p1a: Froslass
|-supereffective|p1a: Froslass
|-damage|p1a: Froslass|0 fnt
|faint|p1a: Froslass
|
|-heal|p2a: Mew|404\/404|[from] item: Leftovers
|
|switch|p1a: Sableye|Sableye, F|299\/299
|-damage|p1a: Sableye|262\/299|[from] Stealth Rock
|turn|7
|
|switch|p2a: Arcanine|Arcanine, F|384\/384
|-damage|p2a: Arcanine|336\/384|[from] Spikes
|-ability|p2a: Arcanine|Intimidate|[of] p1a: Sableye
|-unboost|p1a: Sableye|atk|1
|move|p1a: Sableye|Knock Off|p2a: Arcanine
|-damage|p2a: Arcanine|288\/384
|-enditem|p2a: Arcanine|Leftovers|[from] move: Knock Off|[of] p1a: Sableye
|
|-heal|p1a: Sableye|280\/299|[from] item: Leftovers
|turn|8
|
|switch|p1a: Swampert|Swampert, F|399\/399
|-damage|p1a: Swampert|375\/399|[from] Stealth Rock
|move|p2a: Arcanine|Flare Blitz|p1a: Swampert
|-crit|p1a: Swampert
|-resisted|p1a: Swampert
|-damage|p1a: Swampert|282\/399
|-damage|p2a: Arcanine|257\/384|[from] recoil|[of] p1a: Swampert
|
|-heal|p1a: Swampert|306\/399|[from] item: Leftovers
|turn|9
|join|Choke on this Nerd
|
|switch|p2a: Mew|Mew|404\/404
|-damage|p2a: Mew|354\/404|[from] Spikes
|move|p1a: Swampert|Roar|p2a: Mew
|drag|p2a: Arcanine|Arcanine, F|257\/384
|-damage|p2a: Arcanine|209\/384|[from] Spikes
|-ability|p2a: Arcanine|Intimidate|[of] p1a: Swampert
|-unboost|p1a: Swampert|atk|1
|
|-heal|p1a: Swampert|330\/399|[from] item: Leftovers
|turn|10
|
|switch|p2a: Mew|Mew|354\/404
|-damage|p2a: Mew|304\/404|[from] Spikes
|move|p1a: Swampert|Stealth Rock|p2a: Mew
|-sidestart|p2: ULT Peru|move: Stealth Rock
|
|-heal|p2a: Mew|329\/404|[from] item: Leftovers
|-heal|p1a: Swampert|354\/399|[from] item: Leftovers
|turn|11
|chat|Limitless|aren't u weak to cb vic sir
|join|Torm
|chat|ULT Peru|me?
|chat|Limitless|ye
|chat|ULT Peru|well mew outspeeds -1 tini
|chat|ULT Peru|and k9 does well against it
|chat|ULT Peru|so I don't see how
|
|switch|p1a: Sableye|Sableye, F|280\/299
|-damage|p1a: Sableye|243\/299|[from] Stealth Rock
|move|p2a: Mew|Defog|p1a: Sableye
|-unboost|p1a: Sableye|evasion|1
|-sideend|p1: ULT xMarth|Stealth Rock|[from] move: Defog|[of] p1a: Sableye
|-sideend|p2: ULT Peru|Spikes|[from] move: Defog|[of] p2a: Mew
|-sideend|p2: ULT Peru|Stealth Rock|[from] move: Defog|[of] p2a: Mew
|
|-heal|p2a: Mew|354\/404|[from] item: Leftovers
|-heal|p1a: Sableye|261\/299|[from] item: Leftovers
|turn|12
|chat|Limitless|.-.
|chat|Choke on this Nerd|erm kek
|chat|Limitless|i meant bolt strike
|
|switch|p2a: Arcanine|Arcanine, F|209\/384
|-ability|p2a: Arcanine|Intimidate|[of] p1a: Sableye
|-unboost|p1a: Sableye|atk|1
|move|p1a: Sableye|Taunt|p2a: Arcanine
|-start|p2a: Arcanine|move: Taunt
|
|-heal|p1a: Sableye|279\/299|[from] item: Leftovers
|turn|13
|chat|dingbat|bolt strike doesn't even 3hko defensive rk9 i think
|chat|dingbat|(after leftovers)
|chat|Limitless|are u sure lol
|
|switch|p2a: Alomomola|Alomomola, F|481\/481
|switch|p1a: Swampert|Swampert, F|354\/399
|
|-heal|p1a: Swampert|378\/399|[from] item: Leftovers
|turn|14
|chat|Choke on this Nerd|does that include rocks
|chat|ULT Peru|yes
|chat|Choke on this Nerd|though
|chat|ULT Peru|it does like 30% dude
|
|switch|p2a: Mew|Mew|354\/404
|move|p1a: Swampert|Stealth Rock|p2a: Mew
|-sidestart|p2: ULT Peru|move: Stealth Rock
|
|-heal|p2a: Mew|379\/404|[from] item: Leftovers
|-heal|p1a: Swampert|399\/399|[from] item: Leftovers
|turn|15
|
|switch|p1a: ACrobat|Crobat, F|331\/331
|move|p2a: Mew|Defog|p1a: ACrobat
|-unboost|p1a: ACrobat|evasion|1
|-sideend|p2: ULT Peru|Stealth Rock|[from] move: Defog|[of] p2a: Mew
|
|-heal|p2a: Mew|404\/404|[from] item: Leftovers
|turn|16
|
|move|p1a: ACrobat|Taunt|p2a: Mew
|-start|p2a: Mew|move: Taunt
|move|p2a: Mew|Knock Off|p1a: ACrobat
|-damage|p1a: ACrobat|267\/331
|
|turn|17
|chat|ULT Peru|o rite
|chat|ULT Peru|o.o
|
|switch|p2a: Alomomola|Alomomola, F|481\/481
|move|p1a: ACrobat|U-turn|p2a: Alomomola
|-damage|p2a: Alomomola|424\/481
|-damage|p1a: ACrobat|212\/331|[from] item: Rocky Helmet|[of] p2a: Alomomola
|
|switch|p1a: Shaymin|Shaymin|341\/341
|
|turn|18
|chat|ULT Peru|I think this team stops him dead in his tracks
|
|move|p2a: Alomomola|Protect|p2a: Alomomola
|-singleturn|p2a: Alomomola|Protect
|move|p1a: Shaymin|Seed Flare|p2a: Alomomola
|-activate|p2a: Alomomola|Protect
|
|turn|19
|chat|ULT Peru|how is he gonna get momentum
|chat|dingbat|looks like it
|
|switch|p1a: Lucario|Lucario, M, shiny|281\/281
|switch|p2a: Blissey|Blissey, F|714\/714
|
|turn|20
|
|switch|p1a: Shaymin|Shaymin|341\/341
|switch|p2a: Arcanine|Arcanine, F|209\/384
|-ability|p2a: Arcanine|Intimidate|[of] p1a: Shaymin
|-unboost|p1a: Shaymin|atk|1
|
|turn|21
|
|switch|p2a: Blissey|Blissey, F|714\/714
|move|p1a: Shaymin|Earth Power|p2a: Blissey
|-damage|p2a: Blissey|607\/714
|-unboost|p2a: Blissey|spd|1
|
|-heal|p2a: Blissey|651\/714|[from] item: Leftovers
|turn|22
|
|switch|p1a: ACrobat|Crobat, F|212\/331
|switch|p2a: Mew|Mew|404\/404
|
|turn|23
|
|switch|p2a: Alomomola|Alomomola, F|481\/481
|move|p1a: ACrobat|Taunt|p2a: Alomomola
|-start|p2a: Alomomola|move: Taunt
|
|turn|24
|
|switch|p1a: Shaymin|Shaymin|341\/341
|move|p2a: Alomomola|Scald|p1a: Shaymin
|-resisted|p1a: Shaymin
|-damage|p1a: Shaymin|320\/341
|-status|p1a: Shaymin|brn
|
|-damage|p1a: Shaymin|278\/341 brn|[from] brn
|turn|25
|
|switch|p1a: Sableye|Sableye, F|279\/299
|switch|p2a: Blissey|Blissey, F|651\/714
|
|-heal|p2a: Blissey|695\/714|[from] item: Leftovers
|-heal|p1a: Sableye|297\/299|[from] item: Leftovers
|turn|26
|chat|ULT Peru|I wonder if that's modest
|chat|ULT xMarth|nah specsmin needs no modest
|
|move|p2a: Blissey|Toxic|p1a: Sableye
|-status|p1a: Sableye|tox
|move|p1a: Sableye|Knock Off|p2a: Blissey
|-damage|p2a: Blissey|532\/714
|-enditem|p2a: Blissey|Leftovers|[from] move: Knock Off|[of] p1a: Sableye
|
|-heal|p1a: Sableye|299\/299 tox|[from] item: Leftovers
|-damage|p1a: Sableye|281\/299 tox|[from] psn
|turn|27
|
|switch|p2a: Arcanine|Arcanine, F|209\/384
|-ability|p2a: Arcanine|Intimidate|[of] p1a: Sableye
|-unboost|p1a: Sableye|atk|1
|move|p1a: Sableye|Taunt|p2a: Arcanine
|-start|p2a: Arcanine|move: Taunt
|
|-heal|p1a: Sableye|299\/299 tox|[from] item: Leftovers
|-damage|p1a: Sableye|263\/299 tox|[from] psn
|turn|28
|join|dodmen pls
|
|switch|p1a: Swampert|Swampert, F|399\/399
|move|p2a: Arcanine|Flare Blitz|p1a: Swampert
|-resisted|p1a: Swampert
|-damage|p1a: Swampert|339\/399
|-damage|p2a: Arcanine|189\/384|[from] recoil|[of] p1a: Swampert
|
|-heal|p1a: Swampert|363\/399|[from] item: Leftovers
|turn|29
|
|switch|p2a: Mew|Mew|404\/404
|move|p1a: Swampert|Earthquake|p2a: Mew
|-damage|p2a: Mew|290\/404
|
|-heal|p2a: Mew|315\/404|[from] item: Leftovers
|-heal|p1a: Swampert|387\/399|[from] item: Leftovers
|turn|30
|join|ult dodmen
|
|switch|p1a: Sableye|Sableye, F|263\/299 tox
|move|p2a: Mew|Knock Off|p1a: Sableye
|-damage|p1a: Sableye|161\/299 tox
|-enditem|p1a: Sableye|Leftovers|[from] move: Knock Off|[of] p2a: Mew
|
|-heal|p2a: Mew|340\/404|[from] item: Leftovers
|-damage|p1a: Sableye|143\/299 tox|[from] psn
|turn|31
|
|switch|p2a: Alomomola|Alomomola, F|481\/481
|move|p1a: Sableye|Recover|p1a: Sableye
|-heal|p1a: Sableye|293\/299 tox
|
|-damage|p1a: Sableye|257\/299 tox|[from] psn
|turn|32
|
|switch|p1a: Shaymin|Shaymin|278\/341
|move|p2a: Alomomola|Wish|p2a: Alomomola
|
|turn|33
|leave|dodmen pls
|join|dodmen pls
|
|switch|p1a: Lucario|Lucario, M, shiny|281\/281
|switch|p2a: Mew|Mew|340\/404
|
|-heal|p2a: Mew|404\/404|[from] move: Wish|[wisher] Alomomola
|turn|34
|join|Orange Tech
|chat|Limitless|ur team is aids meru
|
|switch|p1a: Sableye|Sableye, F|257\/299 tox
|move|p2a: Mew|Will-O-Wisp|p1a: Sableye
|-fail|p1a: Sableye
|
|-damage|p1a: Sableye|239\/299 tox|[from] psn
|turn|35
|chat|ULT Peru|KEK
|chat|ULT Peru|I KNOW
|chat|ULT Peru|it's weak to volt switch
|chat|ULT Peru|but I think that's it
|
|switch|p2a: Arcanine|Arcanine, F|189\/384
|-ability|p2a: Arcanine|Intimidate|[of] p1a: Sableye
|-unboost|p1a: Sableye|atk|1
|move|p1a: Sableye|Will-O-Wisp|p2a: Arcanine
|-fail|p2a: Arcanine
|
|-damage|p1a: Sableye|203\/299 tox|[from] psn
|turn|36
|chat|Limitless|o amph poops on u
|chat|Limitless|lmao
|
|move|p1a: Sableye|Taunt|p2a: Arcanine
|-start|p2a: Arcanine|move: Taunt
|cant|p2a: Arcanine|move: Taunt|Will-O-Wisp
|
|-damage|p1a: Sableye|149\/299 tox|[from] psn
|turn|37
|leave|ThtTeamBlowsMeru
|join|ThtTeamBlowsMeru
|chat|ULT Peru|rood
|chat|Limitless|g_g
|
|switch|p2a: Alomomola|Alomomola, F|481\/481
|switch|p1a: Swampert|Swampert, F|387\/399
|
|-heal|p1a: Swampert|399\/399|[from] item: Leftovers
|turn|38
|chat|dingbat|ye i joined your battle vs king uu just as it was bout to end lol
|
|switch|p2a: Mew|Mew|404\/404
|move|p1a: Swampert|Stealth Rock|p2a: Mew
|-sidestart|p2: ULT Peru|move: Stealth Rock
|
|turn|39
|
|switch|p1a: ACrobat|Crobat, F|212\/331
|move|p2a: Mew|Defog|p1a: ACrobat
|-unboost|p1a: ACrobat|evasion|1
|-sideend|p2: ULT Peru|Stealth Rock|[from] move: Defog|[of] p2a: Mew
|
|turn|40
|chat|ULT Peru|like
|chat|ULT Peru|what is this weak to
|chat|ULT Peru|besides mamph
|chat|ULT Peru|;o
|chat|ULT xMarth|electivire
|
|switch|p2a: Alomomola|Alomomola, F|481\/481
|move|p1a: ACrobat|U-turn|p2a: Alomomola
|-damage|p2a: Alomomola|423\/481
|-damage|p1a: ACrobat|157\/331|[from] item: Rocky Helmet|[of] p2a: Alomomola
|chat|dingbat|xD
|
|switch|p1a: Shaymin|Shaymin|278\/341
|
|turn|41
|
|move|p2a: Alomomola|Protect|p2a: Alomomola
|-singleturn|p2a: Alomomola|Protect
|move|p1a: Shaymin|Seed Flare|p2a: Alomomola
|-activate|p2a: Alomomola|Protect
|
|turn|42
|chat|ULT xMarth|and specs min drops
|join|ULT Jabby
|join|anger management
|leave|DodmenShudLadr
|chat|ULT Peru|thats only 20%
|join|DodmenShudLadr
|
|switch|p2a: Blissey|Blissey, F|532\/714
|move|p1a: Shaymin|Seed Flare|p2a: Blissey
|-damage|p2a: Blissey|325\/714
|
|turn|43
|
|switch|p1a: Lucario|Lucario, M, shiny|281\/281
|move|p2a: Blissey|Soft-Boiled|p2a: Blissey
|-heal|p2a: Blissey|682\/714
|
|turn|44
|
|switch|p2a: Slowbro|Slowbro, M|394\/394
|move|p1a: Lucario|Swords Dance|p1a: Lucario
|-boost|p1a: Lucario|atk|2
|
|turn|45
|
|move|p1a: Lucario|Swords Dance|p1a: Lucario
|-boost|p1a: Lucario|atk|2
|move|p2a: Slowbro|Scald|p1a: Lucario
|-damage|p1a: Lucario|160\/281
|
|turn|46
|
|move|p1a: Lucario|Crunch|p2a: Slowbro
|-supereffective|p2a: Slowbro
|-damage|p2a: Slowbro|0 fnt
|-damage|p1a: Lucario|132\/281|[from] item: Life Orb
|faint|p2a: Slowbro
|
|
|switch|p2a: Aerodactyl|Aerodactyl-Mega, F|364\/364
|turn|47
|chat|anger management|crit
|
|switch|p1a: Swampert|Swampert, F|399\/399
|move|p2a: Aerodactyl|Aerial Ace|p1a: Swampert
|-damage|p1a: Swampert|308\/399
|
|-heal|p1a: Swampert|332\/399|[from] item: Leftovers
|turn|48
|
|switch|p2a: Mew|Mew|404\/404
|move|p1a: Swampert|Scald|p2a: Mew
|-damage|p2a: Mew|331\/404
|
|-heal|p2a: Mew|356\/404|[from] item: Leftovers
|-heal|p1a: Swampert|356\/399|[from] item: Leftovers
|turn|49
|
|switch|p1a: Sableye|Sableye, F|149\/299 tox
|move|p2a: Mew|Will-O-Wisp|p1a: Sableye
|-fail|p1a: Sableye
|
|-heal|p2a: Mew|381\/404|[from] item: Leftovers
|-damage|p1a: Sableye|131\/299 tox|[from] psn
|turn|50
|
|switch|p2a: Arcanine|Arcanine, F|189\/384
|-ability|p2a: Arcanine|Intimidate|[of] p1a: Sableye
|-unboost|p1a: Sableye|atk|1
|move|p1a: Sableye|Recover|p1a: Sableye
|-heal|p1a: Sableye|281\/299 tox
|
|-damage|p1a: Sableye|245\/299 tox|[from] psn
|turn|51
|leave|DodmenShudLadr
|
|switch|p1a: Swampert|Swampert, F|356\/399
|move|p2a: Arcanine|Flare Blitz|p1a: Swampert
|-resisted|p1a: Swampert
|-damage|p1a: Swampert|294\/399
|-status|p1a: Swampert|brn
|-damage|p2a: Arcanine|169\/384|[from] recoil|[of] p1a: Swampert
|
|-heal|p1a: Swampert|318\/399 brn|[from] item: Leftovers
|-damage|p1a: Swampert|269\/399 brn|[from] brn
|turn|52
|chat|ULT Peru|finally
|
|switch|p2a: Mew|Mew|381\/404
|move|p1a: Swampert|Scald|p2a: Mew
|-damage|p2a: Mew|309\/404
|
|-heal|p2a: Mew|334\/404|[from] item: Leftovers
|-heal|p1a: Swampert|293\/399 brn|[from] item: Leftovers
|-damage|p1a: Swampert|244\/399 brn|[from] brn
|turn|53
|chat|dingbat|i think meru was waiting for that to happen the whole time .-.
|
|move|p2a: Mew|Knock Off|p1a: Swampert
|-damage|p1a: Swampert|178\/399 brn
|-enditem|p1a: Swampert|Leftovers|[from] move: Knock Off|[of] p2a: Mew
|move|p1a: Swampert|Scald|p2a: Mew
|-damage|p2a: Mew|253\/404
|
|-heal|p2a: Mew|278\/404|[from] item: Leftovers
|-damage|p1a: Swampert|129\/399 brn|[from] brn
|turn|54
|chat|anger management|fb burn
|chat|ULT Peru|k9 is like
|chat|anger management|thats quite something to wait on
|chat|ULT Peru|one of the few mons who can fb burn
|
|switch|p1a: ACrobat|Crobat, F|157\/331
|move|p2a: Mew|Knock Off|p1a: ACrobat
|-damage|p1a: ACrobat|90\/331
|
|-heal|p2a: Mew|303\/404|[from] item: Leftovers
|turn|55
|
|switch|p2a: Aerodactyl|Aerodactyl-Mega, F|364\/364
|move|p1a: ACrobat|Taunt|p2a: Aerodactyl
|-start|p2a: Aerodactyl|move: Taunt
|
|turn|56
|chat|ULT Peru|sac a mon
|
|switch|p1a: Swampert|Swampert, F|129\/399 brn
|move|p2a: Aerodactyl|Aerial Ace|p1a: Swampert
|-damage|p1a: Swampert|29\/399 brn
|
|-damage|p1a: Swampert|0 fnt|[from] brn
|faint|p1a: Swampert
|
|switch|p1a: Sableye|Sableye, F|245\/299 tox
|turn|57
|
|switch|p2a: Arcanine|Arcanine, F|169\/384
|-ability|p2a: Arcanine|Intimidate|[of] p1a: Sableye
|-unboost|p1a: Sableye|atk|1
|switch|p1a: Shaymin|Shaymin|278\/341
|
|turn|58
|chat|dingbat|slow n painful death
|
|switch|p2a: Blissey|Blissey, F|682\/714
|move|p1a: Shaymin|Seed Flare|p2a: Blissey
|-damage|p2a: Blissey|477\/714
|-unboost|p2a: Blissey|spd|2
|
|turn|59
|chat|anger management|believe
|
|switch|p2a: Mew|Mew|303\/404
|move|p1a: Shaymin|Seed Flare|p2a: Mew|[miss]
|-miss|p1a: Shaymin|p2a: Mew
|
|-heal|p2a: Mew|328\/404|[from] item: Leftovers
|turn|60
|chat|dingbat|.-.
|
|switch|p1a: ACrobat|Crobat, F|90\/331
|move|p2a: Mew|Knock Off|p1a: ACrobat
|-damage|p1a: ACrobat|27\/331
|
|-heal|p2a: Mew|353\/404|[from] item: Leftovers
|turn|61
|chat|ULT Jabby|seed flare 100% accuracy needed
|
|switch|p2a: Aerodactyl|Aerodactyl-Mega, F|364\/364
|move|p1a: ACrobat|U-turn|p2a: Aerodactyl
|-resisted|p2a: Aerodactyl
|-damage|p2a: Aerodactyl|333\/364
|
|switch|p1a: Sableye|Sableye, F|245\/299 tox
|
|-damage|p1a: Sableye|227\/299 tox|[from] psn
|turn|62
|
|switch|p2a: Arcanine|Arcanine, F|169\/384
|-ability|p2a: Arcanine|Intimidate|[of] p1a: Sableye
|-unboost|p1a: Sableye|atk|1
|move|p1a: Sableye|Will-O-Wisp|p2a: Arcanine|[miss]
|-miss|p1a: Sableye|p2a: Arcanine
|
|-damage|p1a: Sableye|191\/299 tox|[from] psn
|turn|63
|chat|anger management|would you prefer 100% acc seed flare
|chat|ULT Peru|sac something
|
|move|p1a: Sableye|Taunt|p2a: Arcanine
|-start|p2a: Arcanine|move: Taunt
|move|p2a: Arcanine|Flare Blitz|p1a: Sableye
|-damage|p1a: Sableye|0 fnt
|-damage|p2a: Arcanine|106\/384|[from] recoil|[of] p1a: Sableye
|faint|p1a: Sableye
|
|chat|anger management|but with 95bp
|chat|ULT Peru|maero sweeps
|chat|ULT Peru|B]
|chat|dingbat|probably
|
|switch|p1a: Shaymin|Shaymin|278\/341
|turn|64
|
|switch|p2a: Mew|Mew|353\/404
|move|p1a: Shaymin|Healing Wish|p1a: Shaymin
|faint|p1a: Shaymin
|
|-heal|p2a: Mew|378\/404|[from] item: Leftovers
|
|switch|p1a: Lucario|Lucario, M, shiny|132\/281
|-heal|p1a: Lucario|281\/281|[from] move: Healing Wish
|turn|65
|chat|ULT Jabby|suicidal shaymin
|chat|ULT Peru|fast mew to the win :]
|
|move|p2a: Mew|Will-O-Wisp|p1a: Lucario
|-status|p1a: Lucario|brn
|move|p1a: Lucario|Swords Dance|p1a: Lucario
|-boost|p1a: Lucario|atk|2
|
|-heal|p2a: Mew|403\/404|[from] item: Leftovers
|-damage|p1a: Lucario|246\/281 brn|[from] brn
|turn|66
|
|switch|p2a: Arcanine|Arcanine, F|106\/384
|-ability|p2a: Arcanine|Intimidate|[of] p1a: Lucario
|-unboost|p1a: Lucario|atk|1
|move|p1a: Lucario|Swords Dance|p1a: Lucario
|-boost|p1a: Lucario|atk|2
|
|-damage|p1a: Lucario|211\/281 brn|[from] brn
|turn|67
|chat|dingbat|nice speed
|
|move|p1a: Lucario|Extreme Speed|p2a: Arcanine
|-damage|p2a: Arcanine|0 fnt
|-damage|p1a: Lucario|183\/281 brn|[from] item: Life Orb
|faint|p2a: Arcanine
|
|-damage|p1a: Lucario|148\/281 brn|[from] brn
|
|switch|p2a: Alomomola|Alomomola, F|481\/481
|turn|68
|chat|ULT Jabby|lucario burn sweep?
|
|move|p1a: Lucario|Swords Dance|p1a: Lucario
|-boost|p1a: Lucario|atk|2
|move|p2a: Alomomola|Scald|p1a: Lucario
|-damage|p1a: Lucario|85\/281 brn
|
|-damage|p1a: Lucario|50\/281 brn|[from] brn
|turn|69
|chat|ULT Peru|no
|join|zTerribadTastic
|chat|dingbat|he has like
|chat|dingbat|1 turn
|
|move|p2a: Alomomola|Protect|p2a: Alomomola
|-singleturn|p2a: Alomomola|Protect
|move|p1a: Lucario|Close Combat|p2a: Alomomola
|-activate|p2a: Alomomola|Protect
|
|-damage|p1a: Lucario|15\/281 brn|[from] brn
|turn|70
|
|switch|p2a: Blissey|Blissey, F|477\/714
|move|p1a: Lucario|Close Combat|p2a: Blissey
|-supereffective|p2a: Blissey
|-damage|p2a: Blissey|0 fnt
|-unboost|p1a: Lucario|def|1
|-unboost|p1a: Lucario|spd|1
|-damage|p1a: Lucario|0 fnt|[from] item: Life Orb
|faint|p2a: Blissey
|faint|p1a: Lucario
|
|chat|ULT Peru|u can hav her
|chat|dingbat|nice n juicy
|
|switch|p2a: Aerodactyl|Aerodactyl-Mega, F|333\/364
|switch|p1a: ACrobat|Crobat, F|27\/331
|turn|71
|leave|anger management
|
|move|p2a: Aerodactyl|Aerial Ace|p1a: ACrobat
|-damage|p1a: ACrobat|0 fnt
|faint|p1a: ACrobat
|
|win|ULT Peru
|raw|Ladder updating...
|raw|ULT xMarth's rating: 1689 &rarr; <strong>1664<\/strong><br \/>(-25 for losing)
|raw|ULT Peru's rating: 1604 &rarr; <strong>1628<\/strong><br \/>(+24 for winning)
|chat|ULT Peru|bop
|chat|ULT xMarth|gg
|leave|ULT xMarth
|player|p1
|chat|ULT Peru|gg