|join|ULT xMarth
|join|BOUFF
|player|p1|ULT xMarth|153
|player|p2|BOUFF|21
|gametype|singles
|gen|6
|tier|UU
|rated
|rule|Sleep Clause Mod: Limit one foe put to sleep
|rule|Species Clause: Limit one of each PokÃ©mon
|rule|OHKO Clause: OHKO moves are banned
|rule|Moody Clause: Moody is banned
|rule|Evasion Moves Clause: Evasion moves are banned
|rule|Endless Battle Clause: Forcing endless battles is banned
|rule|HP Percentage Mod: HP is shown in percentages
|clearpoke
|poke|p1|Froslass, F
|poke|p1|Sableye, F
|poke|p1|Lucario, F, shiny
|poke|p1|Swampert, M
|poke|p1|Shaymin
|poke|p1|Crobat, F
|poke|p2|Crobat, M
|poke|p2|Victini
|poke|p2|Absol, F
|poke|p2|Alomomola, F
|poke|p2|Hippowdon, M
|poke|p2|Heracross, F
|rule|Swagger Clause: Swagger is banned
|rule|Baton Pass Clause: Limit one PokÃ©mon knowing Baton Pass
|teampreview
|join|DUDEMAN130498
|
|start
|switch|p1a: ACrobat|Crobat, F|331\/331
|switch|p2a: Victini|Victini|341\/341
|turn|1
|join|Dracp
|join|DMT
|
|move|p2a: Victini|U-turn|p1a: ACrobat
|-resisted|p1a: ACrobat
|-damage|p1a: ACrobat|310\/331
|
|switch|p2a: Hippowdon|Hippowdon, M|420\/420
|-weather|Sandstorm
|move|p1a: ACrobat|Acrobatics|p2a: Hippowdon
|-damage|p2a: Hippowdon|302\/420
|
|-weather|Sandstorm|[upkeep]
|-damage|p1a: ACrobat|290\/331|[from] sandstorm
|-heal|p2a: Hippowdon|328\/420|[from] item: Leftovers
|turn|2
|
|move|p1a: ACrobat|Taunt|p2a: Hippowdon
|-start|p2a: Hippowdon|move: Taunt
|cant|p2a: Hippowdon|move: Taunt|Stealth Rock
|
|-weather|Sandstorm|[upkeep]
|-damage|p1a: ACrobat|270\/331|[from] sandstorm
|-heal|p2a: Hippowdon|354\/420|[from] item: Leftovers
|turn|3
|
|switch|p2a: Alomomola|Alomomola, F|509\/509
|move|p1a: ACrobat|U-turn|p2a: Alomomola
|-damage|p2a: Alomomola|458\/509
|
|switch|p1a: Swampert|Swampert, M|399\/399
|
|-weather|Sandstorm|[upkeep]
|-damage|p2a: Alomomola|427\/509|[from] sandstorm
|-heal|p2a: Alomomola|458\/509|[from] item: Leftovers
|turn|4
|
|move|p2a: Alomomola|Toxic|p1a: Swampert
|-status|p1a: Swampert|tox
|move|p1a: Swampert|Stealth Rock|p2a: Alomomola
|-sidestart|p2: BOUFF|move: Stealth Rock
|
|-weather|Sandstorm|[upkeep]
|-damage|p2a: Alomomola|427\/509|[from] sandstorm
|-heal|p2a: Alomomola|458\/509|[from] item: Leftovers
|-damage|p1a: Swampert|375\/399 tox|[from] psn
|turn|5
|
|switch|p2a: Heracross|Heracross, F|301\/301
|-damage|p2a: Heracross|264\/301|[from] Stealth Rock
|switch|p1a: Shaymin|Shaymin|341\/341
|
|-weather|none
|turn|6
|chat|Dracp|Bouff hai
|chat|BOUFF|hi
|
|move|p1a: Shaymin|Psychic|p2a: Heracross
|-supereffective|p2a: Heracross
|-damage|p2a: Heracross|0 fnt
|faint|p2a: Heracross
|
|chat|Dracp|I need some advice
|chat|BOUFF|im a little  busy
|
|switch|p2a: Victini|Victini|341\/341
|-damage|p2a: Victini|256\/341|[from] Stealth Rock
|turn|7
|
|switch|p1a: Swampert|Swampert, M|375\/399 tox
|move|p2a: Victini|Trick|p1a: Swampert
|-activate|p2a: Victini|move: Trick|[of] p1a: Swampert
|-item|p1a: Swampert|Choice Scarf|[from] move: Trick
|-item|p2a: Victini|Leftovers|[from] move: Trick
|
|-heal|p2a: Victini|277\/341|[from] item: Leftovers
|-damage|p1a: Swampert|351\/399 tox|[from] psn
|turn|8
|chat|Dracp|oh thats ok
|
|move|p2a: Victini|U-turn|p1a: Swampert
|-damage|p1a: Swampert|298\/399 tox
|
|switch|p2a: Crobat|Crobat, M|311\/311
|-damage|p2a: Crobat|234\/311|[from] Stealth Rock
|move|p1a: Swampert|Scald|p2a: Crobat
|-damage|p2a: Crobat|146\/311
|
|-heal|p2a: Crobat|165\/311|[from] item: Black Sludge
|-damage|p1a: Swampert|250\/399 tox|[from] psn
|turn|9
|chat|BOUFF|uh brb
|
|switch|p1a: Sableye|Sableye, F|299\/299
|move|p2a: Crobat|Defog|p1a: Sableye
|-unboost|p1a: Sableye|evasion|1
|-sideend|p2: BOUFF|Stealth Rock|[from] move: Defog|[of] p2a: Crobat
|
|-heal|p2a: Crobat|184\/311|[from] item: Black Sludge
|turn|10
|
|move|p1a: Sableye|Will-O-Wisp|p2a: Crobat|[miss]
|-miss|p1a: Sableye|p2a: Crobat
|move|p2a: Crobat|U-turn|p1a: Sableye
|-damage|p1a: Sableye|216\/299
|
|switch|p2a: Absol|Absol, F|271\/271
|
|-heal|p1a: Sableye|234\/299|[from] item: Leftovers
|turn|11
|
|switch|p1a: Swampert|Swampert, M|250\/399 tox
|detailschange|p2a: Absol|Absol-Mega, F
|message|Absol has Mega Evolved into Mega Absol!
|move|p2a: Absol|Knock Off|p1a: Swampert
|-damage|p1a: Swampert|106\/399 tox
|-enditem|p1a: Swampert|Choice Scarf|[from] move: Knock Off|[of] p2a: Absol
|
|-damage|p1a: Swampert|82\/399 tox|[from] psn
|turn|12
|
|move|p2a: Absol|Knock Off|p1a: Swampert
|-damage|p1a: Swampert|0 fnt
|faint|p1a: Swampert
|
|
|switch|p1a: ACrobat|Crobat, F|270\/331
|turn|13
|
|switch|p2a: Alomomola|Alomomola, F|509\/509
|move|p1a: ACrobat|U-turn|p2a: Alomomola
|-damage|p2a: Alomomola|458\/509
|chat|Dracp|Then mart u seem good can u help
|
|switch|p1a: Shaymin|Shaymin|341\/341
|
|-heal|p2a: Alomomola|489\/509|[from] item: Leftovers
|turn|14
|chat|ULT xMarth|uh sure with what?
|
|switch|p2a: Victini|Victini|277\/341
|move|p1a: Shaymin|Seed Flare|p2a: Victini
|-resisted|p2a: Victini
|-damage|p2a: Victini|135\/341
|
|-heal|p2a: Victini|156\/341|[from] item: Leftovers
|turn|15
|
|switch|p1a: Froslass|Froslass, F|281\/281
|move|p2a: Victini|V-create|p1a: Froslass
|-supereffective|p1a: Froslass
|-enditem|p1a: Froslass|Focus Sash
|-damage|p1a: Froslass|1\/281
|-unboost|p2a: Victini|def|1
|-unboost|p2a: Victini|spd|1
|-unboost|p2a: Victini|spe|1
|
|-heal|p2a: Victini|177\/341|[from] item: Leftovers
|turn|16
|
|switch|p2a: Hippowdon|Hippowdon, M|354\/420
|-weather|Sandstorm
|move|p1a: Froslass|Destiny Bond|p1a: Froslass
|-singlemove|p1a: Froslass|Destiny Bond
|
|-weather|Sandstorm|[upkeep]
|-damage|p1a: Froslass|0 fnt|[from] sandstorm
|-heal|p2a: Hippowdon|380\/420|[from] item: Leftovers
|faint|p1a: Froslass
|
|switch|p1a: Shaymin|Shaymin|341\/341
|turn|17
|
|switch|p2a: Crobat|Crobat, M|184\/311
|move|p1a: Shaymin|Psychic|p2a: Crobat
|-supereffective|p2a: Crobat
|-damage|p2a: Crobat|0 fnt
|faint|p2a: Crobat
|
|-weather|Sandstorm|[upkeep]
|-damage|p1a: Shaymin|320\/341|[from] sandstorm
|
|switch|p2a: Victini|Victini|177\/341
|turn|18
|
|switch|p1a: Sableye|Sableye, F|234\/299
|move|p2a: Victini|V-create|p1a: Sableye
|-damage|p1a: Sableye|0 fnt
|-unboost|p2a: Victini|def|1
|-unboost|p2a: Victini|spd|1
|-unboost|p2a: Victini|spe|1
|faint|p1a: Sableye
|
|-weather|Sandstorm|[upkeep]
|-damage|p2a: Victini|156\/341|[from] sandstorm
|-heal|p2a: Victini|177\/341|[from] item: Leftovers
|
|switch|p1a: Shaymin|Shaymin|320\/341
|turn|19
|chat|DUDEMAN130498|predict miss 
|
|switch|p2a: Alomomola|Alomomola, F|509\/509
|move|p1a: Shaymin|Seed Flare|p2a: Alomomola
|-supereffective|p2a: Alomomola
|-damage|p2a: Alomomola|0 fnt
|faint|p2a: Alomomola
|
|-weather|Sandstorm|[upkeep]
|-damage|p1a: Shaymin|299\/341|[from] sandstorm
|
|switch|p2a: Victini|Victini|177\/341
|turn|20
|
|switch|p1a: ACrobat|Crobat, F|270\/331
|move|p2a: Victini|V-create|p1a: ACrobat
|-damage|p1a: ACrobat|0 fnt
|-unboost|p2a: Victini|def|1
|-unboost|p2a: Victini|spd|1
|-unboost|p2a: Victini|spe|1
|faint|p1a: ACrobat
|
|-weather|none
|-heal|p2a: Victini|198\/341|[from] item: Leftovers
|
|switch|p1a: Lucario|Lucario, F, shiny|281\/281
|turn|21
|
|switch|p2a: Hippowdon|Hippowdon, M|380\/420
|-weather|Sandstorm
|move|p1a: Lucario|Close Combat|p2a: Hippowdon
|-damage|p2a: Hippowdon|149\/420
|-unboost|p1a: Lucario|def|1
|-unboost|p1a: Lucario|spd|1
|-damage|p1a: Lucario|253\/281|[from] item: Life Orb
|
|-weather|Sandstorm|[upkeep]
|-heal|p2a: Hippowdon|175\/420|[from] item: Leftovers
|turn|22
|
|move|p1a: Lucario|Close Combat|p2a: Hippowdon
|-damage|p2a: Hippowdon|0 fnt
|-unboost|p1a: Lucario|def|1
|-unboost|p1a: Lucario|spd|1
|-damage|p1a: Lucario|225\/281|[from] item: Life Orb
|faint|p2a: Hippowdon
|
|-weather|Sandstorm|[upkeep]
|
|switch|p2a: Absol|Absol-Mega, F|271\/271
|turn|23
|
|move|p1a: Lucario|Extreme Speed|p2a: Absol
|-damage|p2a: Absol|73\/271
|-damage|p1a: Lucario|197\/281|[from] item: Life Orb
|move|p2a: Absol|Superpower|p1a: Lucario
|-supereffective|p1a: Lucario
|-damage|p1a: Lucario|0 fnt
|-unboost|p2a: Absol|atk|1
|-unboost|p2a: Absol|def|1
|faint|p1a: Lucario
|
|-weather|Sandstorm|[upkeep]
|-damage|p2a: Absol|57\/271|[from] sandstorm
|
|switch|p1a: Shaymin|Shaymin|299\/341
|turn|24
|
|move|p2a: Absol|Knock Off|p1a: Shaymin
|-damage|p1a: Shaymin|181\/341
|-enditem|p1a: Shaymin|Choice Specs|[from] move: Knock Off|[of] p2a: Absol
|move|p1a: Shaymin|Earth Power|p2a: Absol
|-crit|p2a: Absol
|-damage|p2a: Absol|0 fnt
|faint|p2a: Absol
|
|-weather|Sandstorm|[upkeep]
|-damage|p1a: Shaymin|160\/341|[from] sandstorm
|chat|ULT xMarth|speed tie time
|
|switch|p2a: Victini|Victini|198\/341
|turn|25
|chat|BOUFF|pls BASED GOD,,
|
|move|p1a: Shaymin|Earth Power|p2a: Victini
|-supereffective|p2a: Victini
|-damage|p2a: Victini|24\/341
|move|p2a: Victini|V-create|p1a: Shaymin
|-supereffective|p1a: Shaymin
|-damage|p1a: Shaymin|0 fnt
|-unboost|p2a: Victini|def|1
|-unboost|p2a: Victini|spd|1
|-unboost|p2a: Victini|spe|1
|faint|p1a: Shaymin
|
|win|BOUFF
|raw|Ladder updating...
|raw|ULT xMarth's rating: 1638 &rarr; <strong>1618<\/strong><br \/>(-20 for losing)
|raw|BOUFF's rating: 1638 &rarr; <strong>1658<\/strong><br \/>(+20 for winning)
|chat|DUDEMAN130498|LOL
|chat|BOUFF|AHHH
|chat|ULT xMarth|or just ass
|leave|ULT xMarth
|player|p1
|chat|BOUFF|gg