|join|xMarth
|join|PrettySmallDick
|player|p1|xMarth|153
|player|p2|PrettySmallDick|144
|gametype|singles
|gen|6
|tier|UU
|rated
|rule|Sleep Clause Mod: Limit one foe put to sleep
|rule|Species Clause: Limit one of each PokÃ©mon
|rule|OHKO Clause: OHKO moves are banned
|rule|Moody Clause: Moody is banned
|rule|Evasion Moves Clause: Evasion moves are banned
|rule|Endless Battle Clause: Forcing endless battles is banned
|rule|HP Percentage Mod: HP is shown in percentages
|clearpoke
|poke|p1|Cobalion
|poke|p1|Crobat, F
|poke|p1|Rotom-Heat
|poke|p1|Hydreigon, F
|poke|p1|Empoleon, F
|poke|p1|Nidoqueen, F
|poke|p2|Togetic, F
|poke|p2|Yanmega, F
|poke|p2|Absol, F
|poke|p2|Exploud, F
|poke|p2|Donphan, M
|poke|p2|Suicune
|rule|Swagger Clause: Swagger is banned
|rule|Baton Pass Clause: Limit one PokÃ©mon knowing Baton Pass
|teampreview
|c|âPrettySmallDick|u again
|c|âPrettySmallDick|gl fren
|c|âxMarth|gl
|
|start
|switch|p1a: Rotom-Heat|Rotom-Heat|303\/303
|switch|p2a: Exploud|Exploud, F|349\/349
|turn|1
|
|move|p2a: Exploud|Focus Blast|p1a: Rotom-Heat
|-damage|p1a: Rotom-Heat|194\/303
|move|p1a: Rotom-Heat|Pain Split|p2a: Exploud
|-sethp|p2a: Exploud|271\/349|p1a: Rotom-Heat|271\/303|[from] move: Pain Split
|
|-heal|p1a: Rotom-Heat|289\/303|[from] item: Leftovers
|turn|2
|c|âPrettySmallDick|ah nice
|
|switch|p2a: Donphan|Donphan, M|382\/382
|move|p1a: Rotom-Heat|Will-O-Wisp|p2a: Donphan|[miss]
|-miss|p1a: Rotom-Heat|p2a: Donphan
|
|-heal|p1a: Rotom-Heat|303\/303|[from] item: Leftovers
|turn|3
|join|Volbeatdown
|
|switch|p2a: Suicune|Suicune|404\/404
|-ability|p2a: Suicune|Pressure
|move|p1a: Rotom-Heat|Will-O-Wisp|p2a: Suicune
|-status|p2a: Suicune|brn
|
|-damage|p2a: Suicune|354\/404 brn|[from] brn
|turn|4
|
|move|p1a: Rotom-Heat|Volt Switch|p2a: Suicune
|-supereffective|p2a: Suicune
|-damage|p2a: Suicune|202\/404 brn
|
|switch|p1a: Empoleon|Empoleon, F|372\/372
|move|p2a: Suicune|Rest|p2a: Suicune
|-status|p2a: Suicune|slp
|-heal|p2a: Suicune|404\/404 slp|[silent]
|-status|p2a: Suicune|slp|[from] move: Rest
|
|turn|5
|leave|Volbeatdown
|join|EyanZ
|
|switch|p2a: Absol|Absol, F|271\/271
|move|p1a: Empoleon|Scald|p2a: Absol
|-damage|p2a: Absol|111\/271
|
|turn|6
|
|detailschange|p2a: Absol|Absol-Mega, F
|message|Absol has Mega Evolved into Mega Absol!
|move|p2a: Absol|Knock Off|p1a: Empoleon
|-damage|p1a: Empoleon|170\/372
|-enditem|p1a: Empoleon|Leftovers|[from] move: Knock Off|[of] p2a: Absol
|move|p1a: Empoleon|Scald|p2a: Absol
|-damage|p2a: Absol|0 fnt
|faint|p2a: Absol
|
|join|KNDFET
|
|switch|p2a: Exploud|Exploud, F|271\/349
|turn|7
|join|Volbeatdown
|leave|Volbeatdown
|
|switch|p1a: Nidoqueen|Nidoqueen, F|353\/353
|move|p2a: Exploud|Boomburst|p1a: Nidoqueen
|-crit|p1a: Nidoqueen
|-damage|p1a: Nidoqueen|0 fnt
|faint|p1a: Nidoqueen
|
|
|switch|p1a: Empoleon|Empoleon, F|170\/372
|turn|8
|c|âPrettySmallDick|srry
|
|switch|p2a: Togetic|Togetic, F|313\/313
|move|p1a: Empoleon|Scald|p2a: Togetic
|-damage|p2a: Togetic|256\/313
|
|turn|9
|
|switch|p2a: Yanmega|Yanmega, F|313\/313
|move|p1a: Empoleon|Stealth Rock|p2a: Yanmega
|-sidestart|p2: PrettySmallDick|move: Stealth Rock
|
|turn|10
|c|âPrettySmallDick|omg
|c|âPrettySmallDick|oops
|
|move|p2a: Yanmega|Giga Drain|p1a: Empoleon
|-damage|p1a: Empoleon|86\/372
|-damage|p2a: Yanmega|282\/313|[from] item: Life Orb
|move|p1a: Empoleon|Roar|p2a: Yanmega
|drag|p2a: Donphan|Donphan, M|382\/382
|-damage|p2a: Donphan|359\/382|[from] Stealth Rock
|
|-heal|p2a: Donphan|382\/382|[from] item: Leftovers
|turn|11
|
|move|p1a: Empoleon|Scald|p2a: Donphan
|-supereffective|p2a: Donphan
|-activate|p2a: Donphan|Sturdy
|-damage|p2a: Donphan|1\/382
|move|p2a: Donphan|Earthquake|p1a: Empoleon
|-supereffective|p1a: Empoleon
|-damage|p1a: Empoleon|0 fnt
|faint|p1a: Empoleon
|
|-heal|p2a: Donphan|24\/382|[from] item: Leftovers
|
|switch|p1a: Cobalion|Cobalion|324\/324
|turn|12
|
|move|p1a: Cobalion|Close Combat|p2a: Donphan
|-damage|p2a: Donphan|0 fnt
|-unboost|p1a: Cobalion|def|1
|-unboost|p1a: Cobalion|spd|1
|faint|p2a: Donphan
|
|
|switch|p2a: Yanmega|Yanmega, F|282\/313
|-damage|p2a: Yanmega|126\/313|[from] Stealth Rock
|turn|13
|
|switch|p1a: Rotom-Heat|Rotom-Heat|303\/303
|move|p2a: Yanmega|Air Slash|p1a: Rotom-Heat
|-resisted|p1a: Rotom-Heat
|-damage|p1a: Rotom-Heat|221\/303
|-damage|p2a: Yanmega|95\/313|[from] item: Life Orb
|
|-heal|p1a: Rotom-Heat|239\/303|[from] item: Leftovers
|-boost|p2a: Yanmega|spe|1|[from] ability: Speed Boost
|turn|14
|
|move|p2a: Yanmega|Air Slash|p1a: Rotom-Heat
|-resisted|p1a: Rotom-Heat
|-damage|p1a: Rotom-Heat|155\/303
|-damage|p2a: Yanmega|64\/313|[from] item: Life Orb
|move|p1a: Rotom-Heat|Volt Switch|p2a: Yanmega
|-supereffective|p2a: Yanmega
|-damage|p2a: Yanmega|0 fnt
|faint|p2a: Yanmega
|
|switch|p1a: Cobalion|Cobalion|324\/324
|
|
|switch|p2a: Exploud|Exploud, F|271\/349
|-damage|p2a: Exploud|228\/349|[from] Stealth Rock
|turn|15
|
|switch|p1a: Hydreigon|Hydreigon, F|325\/325
|move|p2a: Exploud|Focus Blast|p1a: Hydreigon
|-supereffective|p1a: Hydreigon
|-damage|p1a: Hydreigon|41\/325
|
|turn|16
|
|switch|p2a: Togetic|Togetic, F|256\/313
|-damage|p2a: Togetic|178\/313|[from] Stealth Rock
|move|p1a: Hydreigon|Dark Pulse|p2a: Togetic
|-resisted|p2a: Togetic
|-damage|p2a: Togetic|136\/313
|
|turn|17
|
|switch|p1a: Crobat|Crobat, F|331\/331
|switch|p2a: Exploud|Exploud, F|228\/349
|-damage|p2a: Exploud|185\/349|[from] Stealth Rock
|
|turn|18
|
|move|p2a: Exploud|Boomburst|p1a: Crobat
|-damage|p1a: Crobat|76\/331
|move|p1a: Crobat|Acrobatics|p2a: Exploud
|-damage|p2a: Exploud|0 fnt
|faint|p2a: Exploud
|
|c|âPrettySmallDick|gg
|c|âxMarth|but crocune?
|c|âPrettySmallDick|but taunt
|c|âPrettySmallDick|no sleep talk
|
|switch|p2a: Suicune|Suicune|404\/404 slp
|-damage|p2a: Suicune|354\/404 slp|[from] Stealth Rock
|-ability|p2a: Suicune|Pressure
|turn|19
|c|âxMarth|ah i c
|c|âPrettySmallDick|:)
|
|move|p1a: Crobat|Acrobatics|p2a: Suicune
|-damage|p2a: Suicune|251\/404 slp
|cant|p2a: Suicune|slp
|move|p2a: Suicune|Sleep Talk|p2a: Suicune
|move|p2a: Suicune|Scald|p1a: Crobat|[from]Sleep Talk
|-damage|p1a: Crobat|0 fnt
|faint|p1a: Crobat
|
|-heal|p2a: Suicune|276\/404 slp|[from] item: Leftovers
|c|âPrettySmallDick|why lol
|
|switch|p1a: Cobalion|Cobalion|324\/324
|turn|20
|c|âPrettySmallDick|u wanna prove me wrong
|c|âPrettySmallDick|i know u have it
|
|move|p1a: Cobalion|Swords Dance|p1a: Cobalion
|-boost|p1a: Cobalion|atk|2
|cant|p2a: Suicune|slp
|move|p2a: Suicune|Sleep Talk|p2a: Suicune
|move|p2a: Suicune|Scald|p1a: Cobalion|[from]Sleep Talk
|-damage|p1a: Cobalion|209\/324
|
|-heal|p1a: Cobalion|229\/324|[from] item: Leftovers
|-heal|p2a: Suicune|301\/404 slp|[from] item: Leftovers
|turn|21
|
|move|p1a: Cobalion|Close Combat|p2a: Suicune
|-damage|p2a: Suicune|90\/404 slp
|-unboost|p1a: Cobalion|def|1
|-unboost|p1a: Cobalion|spd|1
|-curestatus|p2a: Suicune|slp
|move|p2a: Suicune|Scald|p1a: Cobalion
|-damage|p1a: Cobalion|66\/324
|
|-heal|p1a: Cobalion|86\/324|[from] item: Leftovers
|-heal|p2a: Suicune|115\/404|[from] item: Leftovers
|turn|22
|
|move|p1a: Cobalion|Close Combat|p2a: Suicune
|-damage|p2a: Suicune|0 fnt
|-unboost|p1a: Cobalion|def|1
|-unboost|p1a: Cobalion|spd|1
|faint|p2a: Suicune
|
|-heal|p1a: Cobalion|106\/324|[from] item: Leftovers
|
|switch|p2a: Togetic|Togetic, F|136\/313
|-damage|p2a: Togetic|58\/313|[from] Stealth Rock
|turn|23
|
|move|p1a: Cobalion|Iron Head|p2a: Togetic
|-supereffective|p2a: Togetic
|-damage|p2a: Togetic|0 fnt
|faint|p2a: Togetic
|
|win|xMarth
|raw|Ladder updating...
|raw|xMarth's rating: 1665 &rarr; <strong>1673<\/strong><br \/>(+8 for winning)
|raw|PrettySmallDick's rating: 1430 &rarr; <strong>1421<\/strong><br \/>(-9 for losing)
|c|âxMarth|didnt know when he would wake up with bat
|c|âxMarth|gg
|c|âPrettySmallDick|oh
|c|âPrettySmallDick|gg
|leave|xMarth
|player|p1
|leave|PrettySmallDick
|player|p2