|join|ULT xMarth
|join|BFoxy
|player|p1|ULT xMarth|153
|player|p2|BFoxy|154
|gametype|singles
|gen|6
|tier|UU
|rated
|rule|Sleep Clause Mod: Limit one foe put to sleep
|rule|Species Clause: Limit one of each PokÃ©mon
|rule|OHKO Clause: OHKO moves are banned
|rule|Moody Clause: Moody is banned
|rule|Evasion Moves Clause: Evasion moves are banned
|rule|Endless Battle Clause: Forcing endless battles is banned
|rule|HP Percentage Mod: HP is reported as percentages
|clearpoke
|poke|p1|Froslass, F
|poke|p1|Sableye, F
|poke|p1|Lucario, M, shiny
|poke|p1|Swampert, M
|poke|p1|Shaymin
|poke|p1|Crobat, F
|poke|p2|Doublade, F, shiny
|poke|p2|Granbull, M
|poke|p2|Blissey, F
|poke|p2|Houndoom, M
|poke|p2|Tentacruel, M
|poke|p2|Rotom-Mow
|rule|Swagger Clause: Swagger is banned
|rule|Baton Pass Clause: Limit one PokÃ©mon knowing Baton Pass
|teampreview
|
|start
|switch|p1a: Froslass|Froslass, F|281\/281
|switch|p2a: Landing Strip?|Rotom-Mow|241\/241
|turn|1
|
|move|p2a: Landing Strip?|Leaf Storm|p1a: Froslass
|-enditem|p1a: Froslass|Focus Sash
|-damage|p1a: Froslass|1\/281
|-start|p2a: Landing Strip?|Disable|Leaf Storm
|-unboost|p2a: Landing Strip?|spa|2
|move|p1a: Froslass|Spikes|p2a: Landing Strip?
|-sidestart|p2: BFoxy|Spikes
|
|turn|2
|
|switch|p1a: ACrobat|Crobat, F|331\/331
|-activate|p2a: Landing Strip?|move: Struggle
|move|p2a: Landing Strip?|Struggle|p1a: ACrobat
|-damage|p1a: ACrobat|308\/331
|-damage|p2a: Landing Strip?|181\/241
|
|turn|3
|
|switch|p2a: Kraken|Tentacruel, M|361\/361
|-damage|p2a: Kraken|316\/361|[from] Spikes
|move|p1a: ACrobat|U-turn|p2a: Kraken
|-resisted|p2a: Kraken
|-damage|p2a: Kraken|283\/361
|
|switch|p1a: Froslass|Froslass, F|1\/281
|
|-heal|p2a: Kraken|305\/361|[from] item: Leftovers
|turn|4
|
|move|p1a: Froslass|Taunt|p2a: Kraken
|-start|p2a: Kraken|move: Taunt
|move|p2a: Kraken|Scald|p1a: Froslass
|-damage|p1a: Froslass|0 fnt
|-start|p2a: Kraken|Disable|Scald
|faint|p1a: Froslass
|
|-heal|p2a: Kraken|327\/361|[from] item: Leftovers
|
|switch|p1a: Swampert|Swampert, M|399\/399
|turn|5
|
|move|p2a: Kraken|Rapid Spin|p1a: Swampert
|-damage|p1a: Swampert|391\/399
|-sideend|p2: BFoxy|Spikes|[from] move: Rapid Spin|[of] p2a: Kraken
|move|p1a: Swampert|Earthquake|p2a: Kraken
|-supereffective|p2a: Kraken
|-damage|p2a: Kraken|67\/361
|
|-heal|p2a: Kraken|89\/361|[from] item: Leftovers
|-heal|p1a: Swampert|399\/399|[from] item: Leftovers
|turn|6
|join|zTerribadTastic
|
|switch|p2a: Landing Strip?|Rotom-Mow|181\/241
|move|p1a: Swampert|Earthquake|p2a: Landing Strip?
|-immune|p2a: Landing Strip?|[msg]
|
|turn|7
|
|switch|p1a: Shaymin|Shaymin|341\/341
|move|p2a: Landing Strip?|Volt Switch|p1a: Shaymin
|-resisted|p1a: Shaymin
|-damage|p1a: Shaymin|290\/341
|
|switch|p2a: Cerberus|Houndoom, M|291\/291
|
|turn|8
|
|detailschange|p2a: Cerberus|Houndoom-Mega, M
|message|Houndoom has Mega Evolved into Mega Houndoom!
|move|p1a: Shaymin|Earth Power|p2a: Cerberus
|-supereffective|p2a: Cerberus
|-damage|p2a: Cerberus|21\/291
|move|p2a: Cerberus|Dark Pulse|p1a: Shaymin
|-damage|p1a: Shaymin|145\/341
|
|turn|9
|chat|zTerribadTastic|Huh
|
|switch|p1a: ACrobat|Crobat, F|308\/331
|move|p2a: Cerberus|Fire Blast|p1a: ACrobat
|-damage|p1a: ACrobat|50\/331
|
|turn|10
|
|move|p2a: Cerberus|Sucker Punch|p1a: ACrobat
|-damage|p1a: ACrobat|0 fnt
|faint|p1a: ACrobat
|
|
|switch|p1a: Lucario|Lucario, M, shiny|281\/281
|turn|11
|
|move|p1a: Lucario|Extreme Speed|p2a: Cerberus
|-damage|p2a: Cerberus|0 fnt
|-damage|p1a: Lucario|253\/281|[from] item: Life Orb
|faint|p2a: Cerberus
|
|
|switch|p2a: Boodro|Granbull, M|377\/377
|-ability|p2a: Boodro|Intimidate|[of] p1a: Lucario
|-unboost|p1a: Lucario|atk|1
|turn|12
|
|switch|p1a: Swampert|Swampert, M|399\/399
|switch|p2a: Landing Strip?|Rotom-Mow|181\/241
|
|turn|13
|
|switch|p1a: Shaymin|Shaymin|145\/341
|move|p2a: Landing Strip?|Leaf Storm|p1a: Shaymin
|-resisted|p1a: Shaymin
|-damage|p1a: Shaymin|39\/341
|-unboost|p2a: Landing Strip?|spa|2
|
|turn|14
|
|switch|p1a: Sableye|Sableye, F|299\/299
|move|p2a: Landing Strip?|Leaf Storm|p1a: Sableye|[miss]
|-miss|p2a: Landing Strip?|p1a: Sableye
|
|turn|15
|
|switch|p2a: Boodro|Granbull, M|377\/377
|-ability|p2a: Boodro|Intimidate|[of] p1a: Sableye
|-unboost|p1a: Sableye|atk|1
|move|p1a: Sableye|Knock Off|p2a: Boodro
|-resisted|p2a: Boodro
|-damage|p2a: Boodro|350\/377
|-enditem|p2a: Boodro|Leftovers|[from] move: Knock Off|[of] p1a: Sableye
|
|turn|16
|
|switch|p1a: Swampert|Swampert, M|399\/399
|switch|p2a: Landing Strip?|Rotom-Mow|181\/241
|
|turn|17
|
|switch|p1a: Sableye|Sableye, F|299\/299
|move|p2a: Landing Strip?|Leaf Storm|p1a: Sableye
|-damage|p1a: Sableye|97\/299
|-unboost|p2a: Landing Strip?|spa|2
|
|-heal|p1a: Sableye|115\/299|[from] item: Leftovers
|turn|18
|
|switch|p2a: Boodro|Granbull, M|350\/377
|-ability|p2a: Boodro|Intimidate|[of] p1a: Sableye
|-unboost|p1a: Sableye|atk|1
|move|p1a: Sableye|Recover|p1a: Sableye
|-heal|p1a: Sableye|265\/299
|
|-heal|p1a: Sableye|283\/299|[from] item: Leftovers
|turn|19
|
|switch|p1a: Swampert|Swampert, M|399\/399
|move|p2a: Boodro|Play Rough|p1a: Swampert|[miss]
|-miss|p2a: Boodro|p1a: Swampert
|
|turn|20
|
|switch|p2a: Kraken|Tentacruel, M|89\/361
|move|p1a: Swampert|Stealth Rock|p2a: Kraken
|-sidestart|p2: BFoxy|move: Stealth Rock
|
|-heal|p2a: Kraken|111\/361|[from] item: Leftovers
|turn|21
|
|move|p2a: Kraken|Toxic Spikes|p1a: Swampert
|-sidestart|p1: ULT xMarth|move: Toxic Spikes
|move|p1a: Swampert|Earthquake|p2a: Kraken
|-supereffective|p2a: Kraken
|-damage|p2a: Kraken|0 fnt
|faint|p2a: Kraken
|
|
|switch|p2a: Landing Strip?|Rotom-Mow|181\/241
|-damage|p2a: Landing Strip?|151\/241|[from] Stealth Rock
|turn|22
|
|switch|p1a: Sableye|Sableye, F|283\/299
|-status|p1a: Sableye|psn
|move|p2a: Landing Strip?|Leaf Storm|p1a: Sableye
|-damage|p1a: Sableye|108\/299 psn
|-unboost|p2a: Landing Strip?|spa|2
|
|-heal|p1a: Sableye|126\/299 psn|[from] item: Leftovers
|-damage|p1a: Sableye|89\/299 psn|[from] psn
|turn|23
|join|ult dodmen
|
|switch|p2a: Boodro|Granbull, M|350\/377
|-damage|p2a: Boodro|303\/377|[from] Stealth Rock
|-ability|p2a: Boodro|Intimidate|[of] p1a: Sableye
|-unboost|p1a: Sableye|atk|1
|move|p1a: Sableye|Recover|p1a: Sableye
|-heal|p1a: Sableye|239\/299 psn
|
|-heal|p1a: Sableye|257\/299 psn|[from] item: Leftovers
|-damage|p1a: Sableye|220\/299 psn|[from] psn
|turn|24
|
|switch|p1a: Swampert|Swampert, M|399\/399
|-status|p1a: Swampert|psn
|switch|p2a: Landing Strip?|Rotom-Mow|151\/241
|-damage|p2a: Landing Strip?|121\/241|[from] Stealth Rock
|
|-damage|p1a: Swampert|350\/399 psn|[from] psn
|turn|25
|
|switch|p1a: Sableye|Sableye, F|220\/299 psn
|move|p2a: Landing Strip?|Leaf Storm|p1a: Sableye
|-damage|p1a: Sableye|15\/299 psn
|-unboost|p2a: Landing Strip?|spa|2
|
|-heal|p1a: Sableye|33\/299 psn|[from] item: Leftovers
|-damage|p1a: Sableye|0 fnt|[from] psn
|faint|p1a: Sableye
|
|switch|p1a: Lucario|Lucario, M, shiny|253\/281
|turn|26
|
|switch|p2a: Boodro|Granbull, M|303\/377
|-damage|p2a: Boodro|256\/377|[from] Stealth Rock
|-ability|p2a: Boodro|Intimidate|[of] p1a: Lucario
|-unboost|p1a: Lucario|atk|1
|move|p1a: Lucario|Swords Dance|p1a: Lucario
|-boost|p1a: Lucario|atk|2
|
|turn|27
|
|switch|p1a: Swampert|Swampert, M|350\/399 psn
|move|p2a: Boodro|Earthquake|p1a: Swampert
|-damage|p1a: Swampert|279\/399 psn
|
|-heal|p1a: Swampert|303\/399 psn|[from] item: Leftovers
|-damage|p1a: Swampert|254\/399 psn|[from] psn
|turn|28
|
|switch|p2a: Landing Strip?|Rotom-Mow|121\/241
|-damage|p2a: Landing Strip?|91\/241|[from] Stealth Rock
|move|p1a: Swampert|Roar|p2a: Landing Strip?
|drag|p2a: Teen Mom|Blissey, F|651\/651
|-damage|p2a: Teen Mom|570\/651|[from] Stealth Rock
|
|-heal|p1a: Swampert|278\/399 psn|[from] item: Leftovers
|-heal|p2a: Teen Mom|610\/651|[from] item: Leftovers
|-damage|p1a: Swampert|229\/399 psn|[from] psn
|turn|29
|
|switch|p1a: Lucario|Lucario, M, shiny|253\/281
|move|p2a: Teen Mom|Stealth Rock|p1a: Lucario
|-sidestart|p1: ULT xMarth|move: Stealth Rock
|
|-heal|p2a: Teen Mom|650\/651|[from] item: Leftovers
|turn|30
|
|switch|p2a: Boodro|Granbull, M|256\/377
|-damage|p2a: Boodro|209\/377|[from] Stealth Rock
|-ability|p2a: Boodro|Intimidate|[of] p1a: Lucario
|-unboost|p1a: Lucario|atk|1
|move|p1a: Lucario|Close Combat|p2a: Boodro
|-resisted|p2a: Boodro
|-damage|p2a: Boodro|125\/377
|-unboost|p1a: Lucario|def|1
|-unboost|p1a: Lucario|spd|1
|-damage|p1a: Lucario|225\/281|[from] item: Life Orb
|
|turn|31
|
|switch|p1a: Swampert|Swampert, M|229\/399 psn
|-damage|p1a: Swampert|205\/399 psn|[from] Stealth Rock
|move|p2a: Boodro|Earthquake|p1a: Swampert
|-damage|p1a: Swampert|134\/399 psn
|
|-heal|p1a: Swampert|158\/399 psn|[from] item: Leftovers
|-damage|p1a: Swampert|109\/399 psn|[from] psn
|turn|32
|
|switch|p2a: Landing Strip?|Rotom-Mow|91\/241
|-damage|p2a: Landing Strip?|61\/241|[from] Stealth Rock
|move|p1a: Swampert|Scald|p2a: Landing Strip?
|-resisted|p2a: Landing Strip?
|-damage|p2a: Landing Strip?|4\/241
|
|-heal|p1a: Swampert|133\/399 psn|[from] item: Leftovers
|-damage|p1a: Swampert|84\/399 psn|[from] psn
|turn|33
|
|switch|p1a: Shaymin|Shaymin|39\/341
|-status|p1a: Shaymin|psn
|-damage|p1a: Shaymin|0 fnt|[from] Stealth Rock
|faint|p1a: Shaymin
|move|p2a: Landing Strip?|Leaf Storm|p1: Shaymin|[notarget]
|-notarget
|
|
|switch|p1a: Lucario|Lucario, M, shiny|225\/281
|-damage|p1a: Lucario|217\/281|[from] Stealth Rock
|turn|34
|
|move|p2a: Landing Strip?|Leaf Storm|p1a: Lucario
|-resisted|p1a: Lucario
|-damage|p1a: Lucario|78\/281
|-unboost|p2a: Landing Strip?|spa|2
|move|p1a: Lucario|Swords Dance|p1a: Lucario
|-boost|p1a: Lucario|atk|2
|
|turn|35
|join|Dracp
|
|move|p1a: Lucario|Extreme Speed|p2a: Landing Strip?
|-crit|p2a: Landing Strip?
|-damage|p2a: Landing Strip?|0 fnt
|-damage|p1a: Lucario|50\/281|[from] item: Life Orb
|faint|p2a: Landing Strip?
|
|
|switch|p2a: Venetia Shield|Doublade, F, shiny|309\/309
|-damage|p2a: Venetia Shield|290\/309|[from] Stealth Rock
|turn|36
|
|move|p2a: Venetia Shield|Shadow Sneak|p1a: Lucario
|-damage|p1a: Lucario|0 fnt
|faint|p1a: Lucario
|
|chat|BFoxy|gg
|
|switch|p1a: Swampert|Swampert, M|84\/399 psn
|-damage|p1a: Swampert|60\/399 psn|[from] Stealth Rock
|turn|37
|leave|zTerribadTastic
|leave|ult dodmen
|
|move|p2a: Venetia Shield|Shadow Sneak|p1a: Swampert
|-damage|p1a: Swampert|8\/399 psn
|move|p1a: Swampert|Scald|p2a: Venetia Shield
|-damage|p2a: Venetia Shield|161\/309
|
|-heal|p1a: Swampert|32\/399 psn|[from] item: Leftovers
|-damage|p1a: Swampert|0 fnt|[from] psn
|faint|p1a: Swampert
|
|win|BFoxy
|raw|Ladder updating...
|raw|ULT xMarth's rating: 1671 &rarr; <strong>1643<\/strong><br \/>(-28 for losing)
|raw|BFoxy's rating: 1524 &rarr; <strong>1552<\/strong><br \/>(+28 for winning)
|leave|ULT xMarth
|player|p1