|join|ULT xMarth
|join|Ludo974
|player|p1|ULT xMarth|153
|player|p2|Ludo974|66
|gametype|singles
|gen|6
|tier|UU
|rated
|rule|Sleep Clause Mod: Limit one foe put to sleep
|rule|Species Clause: Limit one of each PokÃ©mon
|rule|OHKO Clause: OHKO moves are banned
|rule|Moody Clause: Moody is banned
|rule|Evasion Moves Clause: Evasion moves are banned
|rule|Endless Battle Clause: Forcing endless battles is banned
|rule|HP Percentage Mod: HP is shown in percentages
|clearpoke
|poke|p1|Whimsicott, F
|poke|p1|Victreebel, M
|poke|p1|Entei, shiny
|poke|p1|Uxie
|poke|p1|Heliolisk, F
|poke|p1|Shiftry, M
|poke|p2|Lucario, M, shiny
|poke|p2|Hydreigon, M
|poke|p2|Jirachi
|poke|p2|Donphan, M
|poke|p2|Sceptile, M
|poke|p2|Arcanine, M
|rule|Swagger Clause: Swagger is banned
|rule|Baton Pass Clause: Limit one PokÃ©mon knowing Baton Pass
|teampreview
|
|start
|switch|p1a: Uxie|Uxie|353\/353
|switch|p2a: Jirachi|Jirachi|404\/404
|turn|1
|
|move|p2a: Jirachi|Thunder Wave|p1a: Uxie
|-status|p1a: Uxie|par
|cant|p1a: Uxie|par
|
|turn|2
|join|Fire Lord Mako
|
|move|p2a: Jirachi|Iron Head|p1a: Uxie
|-damage|p1a: Uxie|272\/353 par
|cant|p1a: Uxie|flinch
|
|turn|3
|
|switch|p1a: Heliolisk|Heliolisk, F|265\/265
|move|p2a: Jirachi|Iron Head|p1a: Heliolisk
|-resisted|p1a: Heliolisk
|-damage|p1a: Heliolisk|187\/265
|
|turn|4
|
|move|p1a: Heliolisk|Volt Switch|p2a: Jirachi
|-damage|p2a: Jirachi|271\/404
|
|switch|p1a: Entei|Entei, shiny|371\/371
|-ability|p1a: Entei|Pressure
|move|p2a: Jirachi|U-turn|p1a: Entei
|-resisted|p1a: Entei
|-damage|p1a: Entei|338\/371
|
|switch|p2a: Donphan|Donphan, M|384\/384
|
|turn|5
|
|move|p1a: Entei|Sacred Fire|p2a: Donphan
|-damage|p2a: Donphan|240\/384
|-status|p2a: Donphan|brn
|-damage|p1a: Entei|301\/371|[from] item: Life Orb
|move|p2a: Donphan|Earthquake|p1a: Entei
|-supereffective|p1a: Entei
|-damage|p1a: Entei|143\/371
|
|-heal|p2a: Donphan|264\/384 brn|[from] item: Leftovers
|-damage|p2a: Donphan|216\/384 brn|[from] brn
|turn|6
|
|switch|p1a: Uxie|Uxie|272\/353 par
|move|p2a: Donphan|Stealth Rock|p1a: Uxie
|-sidestart|p1: ULT xMarth|move: Stealth Rock
|
|-heal|p2a: Donphan|240\/384 brn|[from] item: Leftovers
|-damage|p2a: Donphan|192\/384 brn|[from] brn
|turn|7
|
|switch|p2a: Jirachi|Jirachi|271\/404
|cant|p1a: Uxie|par
|
|-heal|p2a: Jirachi|296\/404|[from] item: Leftovers
|turn|8
|
|move|p2a: Jirachi|Wish|p2a: Jirachi
|cant|p1a: Uxie|par
|
|-heal|p2a: Jirachi|321\/404|[from] item: Leftovers
|turn|9
|join|Meowiekins
|
|move|p2a: Jirachi|Iron Head|p1a: Uxie
|-damage|p1a: Uxie|202\/353 par
|cant|p1a: Uxie|flinch
|
|-heal|p2a: Jirachi|404\/404|[from] move: Wish|[wisher] Jirachi
|turn|10
|
|move|p2a: Jirachi|Iron Head|p1a: Uxie
|-damage|p1a: Uxie|126\/353 par
|move|p1a: Uxie|Stealth Rock|p2a: Jirachi
|-sidestart|p2: Ludo974|move: Stealth Rock
|
|turn|11
|
|move|p2a: Jirachi|Iron Head|p1a: Uxie
|-damage|p1a: Uxie|54\/353 par
|cant|p1a: Uxie|flinch
|
|turn|12
|
|move|p2a: Jirachi|Iron Head|p1a: Uxie
|-damage|p1a: Uxie|0 fnt
|faint|p1a: Uxie
|
|
|switch|p1a: Entei|Entei, shiny|143\/371
|-damage|p1a: Entei|51\/371|[from] Stealth Rock
|-ability|p1a: Entei|Pressure
|turn|13
|
|switch|p2a: Donphan|Donphan, M|192\/384 brn
|-damage|p2a: Donphan|168\/384 brn|[from] Stealth Rock
|move|p1a: Entei|Stone Edge|p2a: Donphan
|-resisted|p2a: Donphan
|-damage|p2a: Donphan|116\/384 brn
|-damage|p1a: Entei|14\/371|[from] item: Life Orb
|
|-heal|p2a: Donphan|140\/384 brn|[from] item: Leftovers
|-damage|p2a: Donphan|92\/384 brn|[from] brn
|turn|14
|
|move|p1a: Entei|Extreme Speed|p2a: Donphan
|-damage|p2a: Donphan|11\/384 brn
|-damage|p1a: Entei|0 fnt|[from] item: Life Orb
|faint|p1a: Entei
|move|p2a: Donphan|Rapid Spin|p1: Entei|[notarget]
|-notarget
|
|-heal|p2a: Donphan|35\/384 brn|[from] item: Leftovers
|-damage|p2a: Donphan|0 fnt|[from] brn
|faint|p2a: Donphan
|
|switch|p2a: Hydreigon|Hydreigon, M|325\/325
|switch|p1a: Whimsicott|Whimsicott, F|323\/323
|-damage|p2a: Hydreigon|285\/325|[from] Stealth Rock
|-damage|p1a: Whimsicott|283\/323|[from] Stealth Rock
|turn|15
|
|move|p1a: Whimsicott|Sunny Day|p1a: Whimsicott
|-weather|SunnyDay
|move|p2a: Hydreigon|Fire Blast|p1a: Whimsicott
|-supereffective|p1a: Whimsicott
|-damage|p1a: Whimsicott|0 fnt
|-damage|p2a: Hydreigon|253\/325|[from] item: Life Orb
|faint|p1a: Whimsicott
|
|-weather|SunnyDay|[upkeep]
|
|switch|p1a: Heliolisk|Heliolisk, F|187\/265
|-damage|p1a: Heliolisk|154\/265|[from] Stealth Rock
|turn|16
|
|move|p1a: Heliolisk|Hyper Voice|p2a: Hydreigon
|-damage|p2a: Hydreigon|0 fnt
|faint|p2a: Hydreigon
|
|-weather|SunnyDay|[upkeep]
|-damage|p1a: Heliolisk|121\/265|[from] ability: Solar Power
|
|switch|p2a: Jirachi|Jirachi|404\/404
|-damage|p2a: Jirachi|379\/404|[from] Stealth Rock
|turn|17
|
|move|p1a: Heliolisk|Hyper Voice|p2a: Jirachi
|-resisted|p2a: Jirachi
|-damage|p2a: Jirachi|257\/404
|move|p2a: Jirachi|U-turn|p1a: Heliolisk
|-damage|p1a: Heliolisk|30\/265
|
|switch|p2a: Lucario|Lucario, M, shiny|281\/281
|-damage|p2a: Lucario|273\/281|[from] Stealth Rock
|
|-weather|SunnyDay|[upkeep]
|-damage|p1a: Heliolisk|0 fnt|[from] ability: Solar Power
|faint|p1a: Heliolisk
|c| Fire Lord Mako|Why did that do 0 :[
|
|switch|p1a: Victreebel|Victreebel, M|301\/301
|-damage|p1a: Victreebel|264\/301|[from] Stealth Rock
|turn|18
|c|âULT xMarth|spdef prarflinch rachi i think
|c| Fire Lord Mako|oh :[
|
|switch|p2a: Arcanine|Arcanine, M|383\/383
|-damage|p2a: Arcanine|288\/383|[from] Stealth Rock
|-ability|p2a: Arcanine|Intimidate|[of] p1a: Victreebel
|-unboost|p1a: Victreebel|atk|1
|move|p1a: Victreebel|Weather Ball|p2a: Arcanine
|-resisted|p2a: Arcanine
|-damage|p2a: Arcanine|181\/383
|-damage|p1a: Victreebel|234\/301|[from] item: Life Orb
|
|-weather|SunnyDay|[upkeep]
|-heal|p2a: Arcanine|204\/383|[from] item: Leftovers
|turn|19
|c| Meowiekins|why dont you want 1\/2 seed marth?
|
|move|p1a: Victreebel|Sludge Bomb|p2a: Arcanine
|-damage|p2a: Arcanine|12\/383
|-status|p2a: Arcanine|psn
|-damage|p1a: Victreebel|204\/301|[from] item: Life Orb
|move|p2a: Arcanine|Flare Blitz|p1a: Victreebel
|-supereffective|p1a: Victreebel
|-damage|p1a: Victreebel|0 fnt
|-damage|p2a: Arcanine|0 fnt|[from] recoil|[of] p1a: Victreebel
|faint|p1a: Victreebel
|faint|p2a: Arcanine
|
|-weather|SunnyDay|[upkeep]
|c|âULT xMarth|idk seems like bad idea
|
|switch|p1a: Shiftry|Shiftry, M|321\/321
|switch|p2a: Jirachi|Jirachi|257\/404
|-damage|p1a: Shiftry|281\/321|[from] Stealth Rock
|-damage|p2a: Jirachi|232\/404|[from] Stealth Rock
|turn|20
|c| Meowiekins|how so?
|
|move|p1a: Shiftry|Swords Dance|p1a: Shiftry
|-boost|p1a: Shiftry|atk|2
|move|p2a: Jirachi|U-turn|p1a: Shiftry
|-supereffective|p1a: Shiftry
|-damage|p1a: Shiftry|0 fnt
|faint|p1a: Shiftry
|
|win|Ludo974
|raw|Ladder updating...
|raw|ULT xMarth's rating: 1417 &rarr; <strong>1390<\/strong><br \/>(-27 for losing)
|raw|Ludo974's rating: 1296 &rarr; <strong>1329<\/strong><br \/>(+33 for winning)
|c|âLudo974|gg