|join|ULT xMarth
|join|SugarDandy
|player|p1|ULT xMarth|153
|player|p2|SugarDandy|170
|gametype|singles
|gen|6
|tier|UU
|rated
|rule|Sleep Clause Mod: Limit one foe put to sleep
|rule|Species Clause: Limit one of each PokÃ©mon
|rule|OHKO Clause: OHKO moves are banned
|rule|Moody Clause: Moody is banned
|rule|Evasion Moves Clause: Evasion moves are banned
|rule|Endless Battle Clause: Forcing endless battles is banned
|rule|HP Percentage Mod: HP is shown in percentages
|clearpoke
|poke|p1|Cobalion
|poke|p1|Aerodactyl, F
|poke|p1|Celebi
|poke|p1|Qwilfish, F
|poke|p1|Krookodile, F
|poke|p1|Chandelure, F
|poke|p2|Jirachi
|poke|p2|Toxicroak, F
|poke|p2|Whimsicott, M
|poke|p2|Celebi
|poke|p2|Dugtrio, M
|poke|p2|Magneton
|rule|Swagger Clause: Swagger is banned
|rule|Baton Pass Clause: Limit one PokÃ©mon knowing Baton Pass
|teampreview
|
|start
|switch|p1a: Celebi|Celebi|404\/404
|switch|p2a: Jirachi|Jirachi|374\/374
|turn|1
|
|move|p1a: Celebi|Stealth Rock|p2a: Jirachi
|-sidestart|p2: SugarDandy|move: Stealth Rock
|move|p2a: Jirachi|Thunder Wave|p1a: Celebi
|-status|p1a: Celebi|par
|
|turn|2
|
|switch|p1a: Krookodile|Krookodile, F|331\/331
|-ability|p1a: Krookodile|Intimidate|[of] p2a: Jirachi
|-unboost|p2a: Jirachi|atk|1
|move|p2a: Jirachi|Stealth Rock|p1a: Krookodile
|-sidestart|p1: ULT xMarth|move: Stealth Rock
|
|turn|3
|
|move|p1a: Krookodile|Pursuit|p2a: Jirachi|[from]Pursuit
|-supereffective|p2a: Jirachi
|-damage|p2a: Jirachi|18\/374
|switch|p2a: Celebi|Celebi|404\/404
|-damage|p2a: Celebi|354\/404|[from] Stealth Rock
|
|-heal|p2a: Celebi|379\/404|[from] item: Leftovers
|turn|4
|join|dodmen
|
|switch|p1a: Celebi|Celebi|404\/404
|-damage|p1a: Celebi|354\/404|[from] Stealth Rock
|move|p2a: Celebi|Giga Drain|p1a: Celebi
|-resisted|p1a: Celebi
|-damage|p1a: Celebi|318\/404
|-heal|p2a: Celebi|397\/404|[from] drain|[of] p1a: Celebi
|
|-heal|p2a: Celebi|404\/404|[from] item: Leftovers
|-heal|p1a: Celebi|343\/404|[from] item: Leftovers
|turn|5
|
|move|p2a: Celebi|Baton Pass|p2a: Celebi
|
|switch|p2a: Whimsicott|Whimsicott, M|261\/261
|-damage|p2a: Whimsicott|229\/261|[from] Stealth Rock
|move|p1a: Celebi|Perish Song|p1a: Celebi
|-fieldactivate|move: Perish Song
|
|-start|p2a: Whimsicott|perish3
|-start|p1a: Celebi|perish3
|-heal|p1a: Celebi|368\/404|[from] item: Leftovers
|turn|6
|
|switch|p1a: Chandelure|Chandelure, F|289\/289
|-damage|p1a: Chandelure|217\/289|[from] Stealth Rock
|move|p2a: Whimsicott|Shadow Ball|p1a: Chandelure
|-supereffective|p1a: Chandelure
|-damage|p1a: Chandelure|0 fnt
|faint|p1a: Chandelure
|
|-start|p2a: Whimsicott|perish2
|
|switch|p1a: Aerodactyl|Aerodactyl, F|301\/301
|-damage|p1a: Aerodactyl|226\/301|[from] Stealth Rock
|-ability|p1a: Aerodactyl|Pressure
|turn|7
|
|switch|p2a: Jirachi|Jirachi|18\/374
|-damage|p2a: Jirachi|0 fnt|[from] Stealth Rock
|faint|p2a: Jirachi
|detailschange|p1a: Aerodactyl|Aerodactyl-Mega, F
|-mega|p1a: Aerodactyl|Aerodactyl|Aerodactylite
|move|p1a: Aerodactyl|Aerial Ace|p2: Jirachi|[notarget]
|-notarget
|
|join|BenzMafia
|
|switch|p2a: Magneton|Magneton|241\/241
|-damage|p2a: Magneton|226\/241|[from] Stealth Rock
|turn|8
|
|move|p1a: Aerodactyl|Earthquake|p2a: Magneton
|-supereffective|p2a: Magneton
|-damage|p2a: Magneton|0 fnt
|faint|p2a: Magneton
|
|
|switch|p2a: Toxicroak|Toxicroak, F|307\/307
|-damage|p2a: Toxicroak|288\/307|[from] Stealth Rock
|turn|9
|
|move|p2a: Toxicroak|Sucker Punch|p1a: Aerodactyl
|-damage|p1a: Aerodactyl|100\/301
|-damage|p2a: Toxicroak|258\/307|[from] item: Life Orb
|move|p1a: Aerodactyl|Aerial Ace|p2a: Toxicroak
|-supereffective|p2a: Toxicroak
|-damage|p2a: Toxicroak|0 fnt
|faint|p2a: Toxicroak
|
|-message|SugarDandy forfeited.
|leave|SugarDandy
|leave|dodmen
|
|win|ULT xMarth
|raw|Ladder updating...
|player|p2
|raw|ULT xMarth's rating: 1554 &rarr; <strong>1564<\/strong><br \/>(+10 for winning)
|raw|SugarDandy's rating: 1356 &rarr; <strong>1346<\/strong><br \/>(-10 for losing)
|leave|ULT xMarth
|player|p1