|join|IAmEternal
|join|ULT xMarth
|player|p1|IAmEternal|52
|player|p2|ULT xMarth|153
|gametype|singles
|gen|6
|tier|UU
|rated
|rule|Sleep Clause Mod: Limit one foe put to sleep
|rule|Species Clause: Limit one of each PokÃ©mon
|rule|OHKO Clause: OHKO moves are banned
|rule|Moody Clause: Moody is banned
|rule|Evasion Moves Clause: Evasion moves are banned
|rule|Endless Battle Clause: Forcing endless battles is banned
|rule|HP Percentage Mod: HP is shown in percentages
|clearpoke
|poke|p1|Medicham, F
|poke|p1|Entei, shiny
|poke|p1|Hydreigon, M
|poke|p1|Crobat, M
|poke|p1|Suicune
|poke|p1|Raikou
|poke|p2|Whimsicott, F
|poke|p2|Victreebel, M
|poke|p2|Entei, shiny
|poke|p2|Uxie
|poke|p2|Heliolisk, F
|poke|p2|Shiftry, M
|rule|Swagger Clause: Swagger is banned
|rule|Baton Pass Clause: Limit one PokÃ©mon knowing Baton Pass
|teampreview
|
|start
|switch|p1a: Entei|Entei, shiny|371\/371
|switch|p2a: Uxie|Uxie|353\/353
|-ability|p1a: Entei|Pressure
|turn|1
|
|move|p1a: Entei|Sacred Fire|p2a: Uxie
|-damage|p2a: Uxie|148\/353
|-status|p2a: Uxie|brn
|move|p2a: Uxie|Stealth Rock|p1a: Entei
|-sidestart|p1: IAmEternal|move: Stealth Rock
|
|-damage|p2a: Uxie|104\/353 brn|[from] brn
|turn|2
|
|switch|p2a: Entei|Entei, shiny|371\/371
|-ability|p2a: Entei|Pressure
|move|p1a: Entei|Sacred Fire|p2a: Entei
|-resisted|p2a: Entei
|-damage|p2a: Entei|222\/371
|
|turn|3
|
|switch|p1a: Suicune|Suicune|404\/404
|-damage|p1a: Suicune|354\/404|[from] Stealth Rock
|-ability|p1a: Suicune|Pressure
|move|p2a: Entei|Stone Edge|p1a: Suicune
|-damage|p1a: Suicune|258\/404
|-damage|p2a: Entei|185\/371|[from] item: Life Orb
|
|-heal|p1a: Suicune|283\/404|[from] item: Leftovers
|turn|4
|
|switch|p2a: Heliolisk|Heliolisk, F|265\/265
|move|p1a: Suicune|Calm Mind|p1a: Suicune
|-boost|p1a: Suicune|spa|1
|-boost|p1a: Suicune|spd|1
|
|-heal|p1a: Suicune|308\/404|[from] item: Leftovers
|turn|5
|
|move|p2a: Heliolisk|Volt Switch|p1a: Suicune
|-supereffective|p1a: Suicune
|-damage|p1a: Suicune|116\/404
|
|switch|p2a: Whimsicott|Whimsicott, F|323\/323
|move|p1a: Suicune|Ice Beam|p2a: Whimsicott
|-supereffective|p2a: Whimsicott
|-damage|p2a: Whimsicott|89\/323
|
|-heal|p1a: Suicune|141\/404|[from] item: Leftovers
|turn|6
|
|move|p2a: Whimsicott|Sunny Day|p2a: Whimsicott
|-weather|SunnyDay
|move|p1a: Suicune|Ice Beam|p2a: Whimsicott
|-supereffective|p2a: Whimsicott
|-damage|p2a: Whimsicott|0 fnt
|faint|p2a: Whimsicott
|
|-weather|SunnyDay|[upkeep]
|-heal|p1a: Suicune|166\/404|[from] item: Leftovers
|
|switch|p2a: Victreebel|Victreebel, M|301\/301
|turn|7
|
|move|p2a: Victreebel|Solar Beam|p1a: Suicune|[still]
|-prepare|p2a: Victreebel|Solar Beam|p1a: Suicune
|-anim|p2a: Victreebel|Solar Beam|p1a: Suicune
|-supereffective|p1a: Suicune
|-damage|p1a: Suicune|0 fnt
|-damage|p2a: Victreebel|271\/301|[from] item: Life Orb
|faint|p1a: Suicune
|
|-weather|SunnyDay|[upkeep]
|
|switch|p1a: Crobat|Crobat, M|311\/311
|-damage|p1a: Crobat|234\/311|[from] Stealth Rock
|turn|8
|
|move|p2a: Victreebel|Weather Ball|p1a: Crobat
|-damage|p1a: Crobat|0 fnt
|-damage|p2a: Victreebel|241\/301|[from] item: Life Orb
|faint|p1a: Crobat
|
|-weather|SunnyDay|[upkeep]
|
|switch|p1a: Hydreigon|Hydreigon, M|325\/325
|-damage|p1a: Hydreigon|285\/325|[from] Stealth Rock
|turn|9
|
|move|p2a: Victreebel|Sludge Bomb|p1a: Hydreigon
|-damage|p1a: Hydreigon|97\/325
|-status|p1a: Hydreigon|psn
|-damage|p2a: Victreebel|211\/301|[from] item: Life Orb
|move|p1a: Hydreigon|Dark Pulse|p2a: Victreebel
|-damage|p2a: Victreebel|0 fnt
|-damage|p1a: Hydreigon|65\/325 psn|[from] item: Life Orb
|faint|p2a: Victreebel
|
|-weather|SunnyDay|[upkeep]
|-damage|p1a: Hydreigon|25\/325 psn|[from] psn
|join|FUQ GLISCORE
|
|switch|p2a: Heliolisk|Heliolisk, F|265\/265
|turn|10
|
|move|p2a: Heliolisk|Hyper Voice|p1a: Hydreigon
|-damage|p1a: Hydreigon|0 fnt
|faint|p1a: Hydreigon
|
|-weather|SunnyDay|[upkeep]
|-damage|p2a: Heliolisk|232\/265|[from] ability: Solar Power
|
|switch|p1a: Entei|Entei, shiny|371\/371
|-damage|p1a: Entei|279\/371|[from] Stealth Rock
|-ability|p1a: Entei|Pressure
|turn|11
|join|Sacripan
|
|switch|p2a: Uxie|Uxie|104\/353 brn
|move|p1a: Entei|Sacred Fire|p2a: Uxie
|-damage|p2a: Uxie|0 fnt
|faint|p2a: Uxie
|
|-weather|SunnyDay|[upkeep]
|
|switch|p2a: Heliolisk|Heliolisk, F|232\/265
|turn|12
|
|switch|p1a: Raikou|Raikou|321\/321
|-damage|p1a: Raikou|281\/321|[from] Stealth Rock
|-ability|p1a: Raikou|Pressure
|move|p2a: Heliolisk|Hyper Voice|p1a: Raikou
|-damage|p1a: Raikou|0 fnt
|faint|p1a: Raikou
|
|-weather|SunnyDay|[upkeep]
|-damage|p2a: Heliolisk|199\/265|[from] ability: Solar Power
|join|YoungLegend
|
|switch|p1a: Entei|Entei, shiny|279\/371
|-damage|p1a: Entei|187\/371|[from] Stealth Rock
|-ability|p1a: Entei|Pressure
|turn|13
|join|Celsius
|
|switch|p2a: Entei|Entei, shiny|185\/371
|-ability|p2a: Entei|Pressure
|move|p1a: Entei|Extreme Speed|p2a: Entei
|-damage|p2a: Entei|18\/371
|
|-weather|none
|turn|14
|
|move|p2a: Entei|Extreme Speed|p1a: Entei
|-damage|p1a: Entei|52\/371
|-damage|p2a: Entei|0 fnt|[from] item: Life Orb
|faint|p2a: Entei
|move|p1a: Entei|Extreme Speed|p2: Entei|[notarget]
|-notarget
|
|
|switch|p2a: Shiftry|Shiftry, M|321\/321
|turn|15
|
|move|p1a: Entei|Extreme Speed|p2a: Shiftry
|-crit|p2a: Shiftry
|-damage|p2a: Shiftry|0 fnt
|faint|p2a: Shiftry
|
|c|âULT xMarth|oof
|
|switch|p2a: Heliolisk|Heliolisk, F|199\/265
|turn|16
|c| YoungLegend|WOW
|c| YoungLegend|crit
|c| YoungLegend|GG
|
|move|p1a: Entei|Extreme Speed|p2a: Heliolisk
|-crit|p2a: Heliolisk
|-damage|p2a: Heliolisk|0 fnt
|faint|p2a: Heliolisk
|
|win|IAmEternal
|raw|Ladder updating...
|c|âULT xMarth|clit clit clit
|c| YoungLegend|Double crit
|raw|IAmEternal's rating: 1368 &rarr; <strong>1392<\/strong><br \/>(+24 for winning)
|raw|ULT xMarth's rating: 1441 &rarr; <strong>1417<\/strong><br \/>(-24 for losing)
|leave|YoungLegend
|leave|Sacripan
|leave|ULT xMarth