|join|Pheonixmaster
|join|ULT xMarth
|player|p1|Pheonixmaster|167
|player|p2|ULT xMarth|153
|gametype|singles
|gen|6
|tier|UU
|rated
|rule|Sleep Clause Mod: Limit one foe put to sleep
|rule|Species Clause: Limit one of each PokÃ©mon
|rule|OHKO Clause: OHKO moves are banned
|rule|Moody Clause: Moody is banned
|rule|Evasion Moves Clause: Evasion moves are banned
|rule|Endless Battle Clause: Forcing endless battles is banned
|rule|HP Percentage Mod: HP is shown in percentages
|clearpoke
|poke|p1|Swampert, M
|poke|p1|Kingdra, M
|poke|p1|Toxicroak, M
|poke|p1|Tornadus, M
|poke|p1|Jirachi
|poke|p1|Chesnaught, M
|poke|p2|Whimsicott, M
|poke|p2|Victreebel, F
|poke|p2|Entei, shiny
|poke|p2|Uxie
|poke|p2|Heliolisk, F
|poke|p2|Shiftry, M
|rule|Swagger Clause: Swagger is banned
|rule|Baton Pass Clause: Limit one PokÃ©mon knowing Baton Pass
|teampreview
|c|âPheonixmaster|nice sun vs rain gl hf
|c|âULT xMarth|u2
|join|ULT Bob
|
|start
|switch|p1a: Jirachi|Jirachi|404\/404
|switch|p2a: Uxie|Uxie|353\/353
|turn|1
|
|move|p1a: Jirachi|Iron Head|p2a: Uxie
|-damage|p2a: Uxie|275\/353
|cant|p2a: Uxie|flinch
|
|turn|2
|
|move|p1a: Jirachi|Thunder Wave|p2a: Uxie
|-status|p2a: Uxie|par
|move|p2a: Uxie|Stealth Rock|p1a: Jirachi
|-sidestart|p1: Pheonixmaster|move: Stealth Rock
|
|turn|3
|
|move|p1a: Jirachi|Iron Head|p2a: Uxie
|-damage|p2a: Uxie|203\/353 par
|cant|p2a: Uxie|flinch
|
|turn|4
|
|switch|p2a: Entei|Entei, shiny|371\/371
|-ability|p2a: Entei|Pressure
|move|p1a: Jirachi|Iron Head|p2a: Entei
|-resisted|p2a: Entei
|-damage|p2a: Entei|316\/371
|
|turn|5
|
|switch|p1a: Kingdra|Kingdra, M|291\/291
|-damage|p1a: Kingdra|255\/291|[from] Stealth Rock
|move|p2a: Entei|Sacred Fire|p1a: Kingdra
|-resisted|p1a: Kingdra
|-damage|p1a: Kingdra|197\/291
|-status|p1a: Kingdra|brn
|-damage|p2a: Entei|279\/371|[from] item: Life Orb
|
|-damage|p1a: Kingdra|161\/291 brn|[from] brn
|turn|6
|
|switch|p2a: Whimsicott|Whimsicott, M|323\/323
|move|p1a: Kingdra|Scald|p2a: Whimsicott
|-resisted|p2a: Whimsicott
|-damage|p2a: Whimsicott|195\/323
|
|-damage|p1a: Kingdra|125\/291 brn|[from] brn
|turn|7
|
|move|p2a: Whimsicott|Sunny Day|p2a: Whimsicott
|-weather|SunnyDay
|move|p1a: Kingdra|Scald|p2a: Whimsicott
|-resisted|p2a: Whimsicott
|-damage|p2a: Whimsicott|140\/323
|
|-weather|SunnyDay|[upkeep]
|-damage|p1a: Kingdra|89\/291 brn|[from] brn
|turn|8
|
|switch|p1a: Jirachi|Jirachi|404\/404
|-damage|p1a: Jirachi|379\/404|[from] Stealth Rock
|move|p2a: Whimsicott|Moonblast|p1a: Jirachi
|-resisted|p1a: Jirachi
|-damage|p1a: Jirachi|331\/404
|
|-weather|SunnyDay|[upkeep]
|turn|9
|
|move|p2a: Whimsicott|Encore|p1a: Jirachi
|-fail|p1a: Jirachi
|move|p1a: Jirachi|Rain Dance|p1a: Jirachi
|-weather|RainDance
|
|-weather|RainDance|[upkeep]
|turn|10
|
|switch|p1a: Tornadus|Tornadus, M|299\/299
|-damage|p1a: Tornadus|225\/299|[from] Stealth Rock
|move|p2a: Whimsicott|Encore|p1a: Tornadus
|-fail|p1a: Tornadus
|
|-weather|RainDance|[upkeep]
|turn|11
|
|move|p2a: Whimsicott|Sunny Day|p2a: Whimsicott
|-weather|SunnyDay
|move|p1a: Tornadus|Hurricane|p2a: Whimsicott
|-supereffective|p2a: Whimsicott
|-damage|p2a: Whimsicott|0 fnt
|faint|p2a: Whimsicott
|
|-weather|SunnyDay|[upkeep]
|
|switch|p2a: Heliolisk|Heliolisk, F|265\/265
|turn|12
|
|switch|p1a: Swampert|Swampert, M|341\/341
|-damage|p1a: Swampert|320\/341|[from] Stealth Rock
|move|p2a: Heliolisk|Volt Switch|p1a: Swampert
|-immune|p1a: Swampert|[msg]
|
|-weather|SunnyDay|[upkeep]
|-damage|p2a: Heliolisk|232\/265|[from] ability: Solar Power
|turn|13
|
|switch|p2a: Uxie|Uxie|203\/353 par
|detailschange|p1a: Swampert|Swampert-Mega, M
|-mega|p1a: Swampert|Swampert|Swampertite
|move|p1a: Swampert|Stealth Rock|p2a: Uxie
|-sidestart|p2: ULT xMarth|move: Stealth Rock
|
|-weather|SunnyDay|[upkeep]
|turn|14
|
|switch|p1a: Jirachi|Jirachi|331\/404
|-damage|p1a: Jirachi|306\/404|[from] Stealth Rock
|cant|p2a: Uxie|par
|
|-weather|SunnyDay|[upkeep]
|turn|15
|
|move|p1a: Jirachi|Rain Dance|p1a: Jirachi
|-weather|RainDance
|move|p2a: Uxie|Sunny Day|p2a: Uxie
|-weather|SunnyDay
|
|-weather|SunnyDay|[upkeep]
|turn|16
|
|switch|p2a: Entei|Entei, shiny|279\/371
|-damage|p2a: Entei|187\/371|[from] Stealth Rock
|-ability|p2a: Entei|Pressure
|move|p1a: Jirachi|Rain Dance|p1a: Jirachi
|-weather|RainDance
|
|-weather|RainDance|[upkeep]
|turn|17
|
|switch|p1a: Kingdra|Kingdra, M|89\/291 brn
|-damage|p1a: Kingdra|53\/291 brn|[from] Stealth Rock
|move|p2a: Entei|Sacred Fire|p1a: Kingdra
|-resisted|p1a: Kingdra
|-damage|p1a: Kingdra|22\/291 brn
|-damage|p2a: Entei|150\/371|[from] item: Life Orb
|
|-weather|RainDance|[upkeep]
|-damage|p1a: Kingdra|0 fnt|[from] brn
|faint|p1a: Kingdra
|
|switch|p1a: Swampert|Swampert-Mega, M|320\/341
|-damage|p1a: Swampert|299\/341|[from] Stealth Rock
|turn|18
|
|move|p2a: Entei|Extreme Speed|p1a: Swampert
|-damage|p1a: Swampert|190\/341
|-damage|p2a: Entei|113\/371|[from] item: Life Orb
|move|p1a: Swampert|Earthquake|p2a: Entei
|-supereffective|p2a: Entei
|-damage|p2a: Entei|0 fnt
|faint|p2a: Entei
|
|-weather|RainDance|[upkeep]
|
|switch|p2a: Shiftry|Shiftry, M|321\/321
|-damage|p2a: Shiftry|281\/321|[from] Stealth Rock
|turn|19
|join|Meowiekins
|
|move|p2a: Shiftry|Sucker Punch|p1a: Swampert
|-damage|p1a: Swampert|41\/341
|-damage|p2a: Shiftry|249\/321|[from] item: Life Orb
|move|p1a: Swampert|Ice Punch|p2a: Shiftry
|-supereffective|p2a: Shiftry
|-damage|p2a: Shiftry|0 fnt
|faint|p2a: Shiftry
|
|-weather|RainDance|[upkeep]
|leave|Meowiekins
|
|switch|p2a: Uxie|Uxie|203\/353 par
|-damage|p2a: Uxie|159\/353 par|[from] Stealth Rock
|turn|20
|
|move|p1a: Swampert|Waterfall|p2a: Uxie
|-damage|p2a: Uxie|0 fnt
|faint|p2a: Uxie
|
|-weather|RainDance|[upkeep]
|
|switch|p2a: Victreebel|Victreebel, F|301\/301
|-damage|p2a: Victreebel|264\/301|[from] Stealth Rock
|turn|21
|
|move|p1a: Swampert|Ice Punch|p2a: Victreebel
|-supereffective|p2a: Victreebel
|-damage|p2a: Victreebel|0 fnt
|faint|p2a: Victreebel
|
|-weather|RainDance|[upkeep]
|
|switch|p2a: Heliolisk|Heliolisk, F|232\/265
|-damage|p2a: Heliolisk|199\/265|[from] Stealth Rock
|turn|22
|
|move|p1a: Swampert|Earthquake|p2a: Heliolisk
|-supereffective|p2a: Heliolisk
|-damage|p2a: Heliolisk|0 fnt
|faint|p2a: Heliolisk
|
|win|Pheonixmaster
|raw|Ladder updating...
|raw|Pheonixmaster's rating: 1417 &rarr; <strong>1437<\/strong><br \/>(+20 for winning)
|raw|ULT xMarth's rating: 1417 &rarr; <strong>1397<\/strong><br \/>(-20 for losing)