|join|ULT xMarth
|join|presidentstyle
|player|p1|ULT xMarth|153
|player|p2|presidentstyle|238
|gametype|singles
|gen|6
|tier|UU
|rated
|rule|Sleep Clause Mod: Limit one foe put to sleep
|rule|Species Clause: Limit one of each PokÃ©mon
|rule|OHKO Clause: OHKO moves are banned
|rule|Moody Clause: Moody is banned
|rule|Evasion Moves Clause: Evasion moves are banned
|rule|Endless Battle Clause: Forcing endless battles is banned
|rule|HP Percentage Mod: HP is shown in percentages
|clearpoke
|poke|p1|Cobalion
|poke|p1|Aerodactyl, F
|poke|p1|Celebi
|poke|p1|Qwilfish, F
|poke|p1|Krookodile, F
|poke|p1|Chandelure, M
|poke|p2|Aerodactyl, M, shiny
|poke|p2|Forretress, M, shiny
|poke|p2|Milotic, M, shiny
|poke|p2|Toxicroak, M, shiny
|poke|p2|Scrafty, M, shiny
|poke|p2|Dragalge, M
|rule|Swagger Clause: Swagger is banned
|rule|Baton Pass Clause: Limit one PokÃ©mon knowing Baton Pass
|teampreview
|
|start
|switch|p1a: Qwilfish|Qwilfish, F|333\/333
|switch|p2a: Nugget|Forretress, M, shiny|354\/354
|-ability|p1a: Qwilfish|Intimidate|[of] p2a: Nugget
|-unboost|p2a: Nugget|atk|1
|turn|1
|join|Eyan
|
|move|p1a: Qwilfish|Taunt|p2a: Nugget
|-start|p2a: Nugget|move: Taunt
|cant|p2a: Nugget|move: Taunt|Stealth Rock
|
|turn|2
|
|switch|p1a: Krookodile|Krookodile, F|331\/331
|-ability|p1a: Krookodile|Intimidate|[of] p2a: Nugget
|-unboost|p2a: Nugget|atk|1
|move|p2a: Nugget|Volt Switch|p1a: Krookodile
|-immune|p1a: Krookodile|[msg]
|
|turn|3
|
|move|p1a: Krookodile|Earthquake|p2a: Nugget
|-damage|p2a: Nugget|215\/354
|move|p2a: Nugget|Gyro Ball|p1a: Krookodile
|-damage|p1a: Krookodile|265\/331
|
|-heal|p2a: Nugget|237\/354|[from] item: Leftovers
|-end|p2a: Nugget|move: Taunt
|turn|4
|join|Snowballin
|
|move|p1a: Krookodile|Earthquake|p2a: Nugget
|-damage|p2a: Nugget|90\/354
|move|p2a: Nugget|Stealth Rock|p1a: Krookodile
|-sidestart|p1: ULT xMarth|move: Stealth Rock
|
|-heal|p2a: Nugget|112\/354|[from] item: Leftovers
|turn|5
|
|switch|p2a: Rodan|Aerodactyl, M, shiny|302\/302
|-ability|p2a: Rodan|Pressure
|move|p1a: Krookodile|Earthquake|p2a: Rodan
|-immune|p2a: Rodan|[msg]
|
|turn|6
|
|switch|p1a: Qwilfish|Qwilfish, F|333\/333
|-damage|p1a: Qwilfish|292\/333|[from] Stealth Rock
|-ability|p1a: Qwilfish|Intimidate|[of] p2a: Rodan
|-unboost|p2a: Rodan|atk|1
|detailschange|p2a: Rodan|Aerodactyl-Mega, M, shiny
|-mega|p2a: Rodan|Aerodactyl|Aerodactylite
|move|p2a: Rodan|Hone Claws|p2a: Rodan
|-boost|p2a: Rodan|atk|1
|-boost|p2a: Rodan|accuracy|1
|
|-heal|p1a: Qwilfish|312\/333|[from] item: Black Sludge
|turn|7
|
|move|p2a: Rodan|Hone Claws|p2a: Rodan
|-boost|p2a: Rodan|atk|1
|-boost|p2a: Rodan|accuracy|1
|move|p1a: Qwilfish|Waterfall|p2a: Rodan
|-supereffective|p2a: Rodan
|-damage|p2a: Rodan|86\/302
|
|-heal|p1a: Qwilfish|332\/333|[from] item: Black Sludge
|turn|8
|
|switch|p1a: Krookodile|Krookodile, F|265\/331
|-damage|p1a: Krookodile|245\/331|[from] Stealth Rock
|-ability|p1a: Krookodile|Intimidate|[of] p2a: Rodan
|-unboost|p2a: Rodan|atk|1
|move|p2a: Rodan|Stone Edge|p1a: Krookodile
|-resisted|p1a: Krookodile
|-damage|p1a: Krookodile|130\/331
|
|turn|9
|
|switch|p1a: Qwilfish|Qwilfish, F|332\/333
|-damage|p1a: Qwilfish|291\/333|[from] Stealth Rock
|-ability|p1a: Qwilfish|Intimidate|[of] p2a: Rodan
|-unboost|p2a: Rodan|atk|1
|move|p2a: Rodan|Aqua Tail|p1a: Qwilfish
|-resisted|p1a: Qwilfish
|-damage|p1a: Qwilfish|246\/333
|
|-heal|p1a: Qwilfish|266\/333|[from] item: Black Sludge
|turn|10
|
|move|p2a: Rodan|Stone Edge|p1a: Qwilfish
|-damage|p1a: Qwilfish|146\/333
|move|p1a: Qwilfish|Spikes|p2a: Rodan
|-sidestart|p2: presidentstyle|Spikes
|
|-heal|p1a: Qwilfish|166\/333|[from] item: Black Sludge
|turn|11
|
|move|p2a: Rodan|Stone Edge|p1a: Qwilfish
|-crit|p1a: Qwilfish
|-damage|p1a: Qwilfish|0 fnt
|faint|p1a: Qwilfish
|
|join|ULT BiG BiRD
|
|switch|p1a: Cobalion|Cobalion|323\/323
|-damage|p1a: Cobalion|313\/323|[from] Stealth Rock
|turn|12
|
|move|p2a: Rodan|Aqua Tail|p1a: Cobalion
|-damage|p1a: Cobalion|234\/323
|move|p1a: Cobalion|Iron Head|p2a: Rodan
|-supereffective|p2a: Rodan
|-damage|p2a: Rodan|0 fnt
|faint|p2a: Rodan
|
|-heal|p1a: Cobalion|254\/323|[from] item: Leftovers
|
|switch|p2a: Pool|Milotic, M, shiny|394\/394
|-damage|p2a: Pool|345\/394|[from] Spikes
|turn|13
|
|switch|p1a: Celebi|Celebi|404\/404
|-damage|p1a: Celebi|354\/404|[from] Stealth Rock
|move|p2a: Pool|Scald|p1a: Celebi
|-resisted|p1a: Celebi
|-damage|p1a: Celebi|318\/404
|
|-heal|p1a: Celebi|343\/404|[from] item: Leftovers
|-heal|p2a: Pool|369\/394|[from] item: Leftovers
|turn|14
|
|switch|p2a: Nugget|Forretress, M, shiny|112\/354
|-damage|p2a: Nugget|68\/354|[from] Spikes
|move|p1a: Celebi|Stealth Rock|p2a: Nugget
|-sidestart|p2: presidentstyle|move: Stealth Rock
|
|-heal|p1a: Celebi|368\/404|[from] item: Leftovers
|-heal|p2a: Nugget|90\/354|[from] item: Leftovers
|turn|15
|
|switch|p1a: Chandelure|Chandelure, M|289\/289
|-damage|p1a: Chandelure|217\/289|[from] Stealth Rock
|move|p2a: Nugget|Rapid Spin|p1a: Chandelure
|-immune|p1a: Chandelure|[msg]
|
|-heal|p2a: Nugget|112\/354|[from] item: Leftovers
|turn|16
|
|move|p1a: Chandelure|Substitute|p1a: Chandelure
|-start|p1a: Chandelure|Substitute
|-damage|p1a: Chandelure|145\/289
|move|p2a: Nugget|Volt Switch|p1a: Chandelure
|-activate|p1a: Chandelure|Substitute|[damage]
|
|switch|p2a: Pool|Milotic, M, shiny|369\/394
|-damage|p2a: Pool|320\/394|[from] Stealth Rock
|-damage|p2a: Pool|271\/394|[from] Spikes
|
|-heal|p2a: Pool|295\/394|[from] item: Leftovers
|turn|17
|
|move|p1a: Chandelure|Shadow Ball|p2a: Pool
|-damage|p2a: Pool|120\/394
|-damage|p1a: Chandelure|117\/289|[from] item: Life Orb
|move|p2a: Pool|Scald|p1a: Chandelure
|-supereffective|p1a: Chandelure
|-end|p1a: Chandelure|Substitute
|
|-heal|p2a: Pool|144\/394|[from] item: Leftovers
|turn|18
|
|move|p1a: Chandelure|Shadow Ball|p2a: Pool
|-damage|p2a: Pool|0 fnt
|-damage|p1a: Chandelure|89\/289|[from] item: Life Orb
|faint|p2a: Pool
|
|
|switch|p2a: Heisenberg|Toxicroak, M, shiny|307\/307
|-damage|p2a: Heisenberg|288\/307|[from] Stealth Rock
|-damage|p2a: Heisenberg|250\/307|[from] Spikes
|turn|19
|join|ULT Narcotics
|leave|ULT Narcotics
|c|âpresidentstyle|1 sec
|
|move|p2a: Heisenberg|Gunk Shot|p1a: Chandelure
|-resisted|p1a: Chandelure
|-damage|p1a: Chandelure|0 fnt
|-damage|p2a: Heisenberg|220\/307|[from] item: Life Orb
|faint|p1a: Chandelure
|
|
|switch|p1a: Krookodile|Krookodile, F|130\/331
|-damage|p1a: Krookodile|110\/331|[from] Stealth Rock
|-ability|p1a: Krookodile|Intimidate|[of] p2a: Heisenberg
|-unboost|p2a: Heisenberg|atk|1
|turn|20
|
|switch|p2a: Nugget|Forretress, M, shiny|112\/354
|-damage|p2a: Nugget|68\/354|[from] Spikes
|-damage|p2a: Nugget|24\/354|[from] Stealth Rock
|move|p1a: Krookodile|Earthquake|p2a: Nugget
|-damage|p2a: Nugget|0 fnt
|faint|p2a: Nugget
|
|join|Exeggutor
|
|switch|p2a: Cobra Kai|Scrafty, M, shiny|334\/334
|-damage|p2a: Cobra Kai|293\/334|[from] Spikes
|-damage|p2a: Cobra Kai|273\/334|[from] Stealth Rock
|turn|21
|
|move|p1a: Krookodile|Earthquake|p2a: Cobra Kai
|-damage|p2a: Cobra Kai|54\/334
|move|p2a: Cobra Kai|Bulk Up|p2a: Cobra Kai
|-boost|p2a: Cobra Kai|atk|1
|-boost|p2a: Cobra Kai|def|1
|
|-heal|p2a: Cobra Kai|74\/334|[from] item: Leftovers
|turn|22
|
|move|p1a: Krookodile|Earthquake|p2a: Cobra Kai
|-damage|p2a: Cobra Kai|0 fnt
|faint|p2a: Cobra Kai
|
|
|switch|p2a: Heisenberg|Toxicroak, M, shiny|220\/307
|-damage|p2a: Heisenberg|201\/307|[from] Stealth Rock
|-damage|p2a: Heisenberg|163\/307|[from] Spikes
|turn|23
|
|move|p2a: Heisenberg|Sucker Punch|p1a: Krookodile
|-resisted|p1a: Krookodile
|-damage|p1a: Krookodile|42\/331
|-damage|p2a: Heisenberg|133\/307|[from] item: Life Orb
|move|p1a: Krookodile|Earthquake|p2a: Heisenberg
|-supereffective|p2a: Heisenberg
|-damage|p2a: Heisenberg|0 fnt
|faint|p2a: Heisenberg
|
|-message|presidentstyle forfeited.
|leave|presidentstyle
|
|win|ULT xMarth
|raw|Ladder updating...
|player|p2
|raw|ULT xMarth's rating: 1521 &rarr; <strong>1533<\/strong><br \/>(+12 for winning)
|raw|presidentstyle's rating: 1377 &rarr; <strong>1365<\/strong><br \/>(-12 for losing)
|leave|ULT xMarth
|player|p1