|join|Frizzle my nizzle
|join|ULT xMarth
|player|p1|Frizzle my nizzle|286
|player|p2|ULT xMarth|153
|gametype|singles
|gen|6
|tier|UU
|rated
|rule|Sleep Clause Mod: Limit one foe put to sleep
|rule|Species Clause: Limit one of each PokÃ©mon
|rule|OHKO Clause: OHKO moves are banned
|rule|Moody Clause: Moody is banned
|rule|Evasion Moves Clause: Evasion moves are banned
|rule|Endless Battle Clause: Forcing endless battles is banned
|rule|HP Percentage Mod: HP is shown in percentages
|clearpoke
|poke|p1|Vaporeon, F
|poke|p1|Cresselia, F
|poke|p1|Blissey, F
|poke|p1|Steelix, M
|poke|p1|Sigilyph, M
|poke|p1|Vullaby, F
|poke|p2|Whimsicott, M
|poke|p2|Victreebel, F
|poke|p2|Entei, shiny
|poke|p2|Uxie
|poke|p2|Heliolisk, M
|poke|p2|Shiftry, M
|rule|Swagger Clause: Swagger is banned
|rule|Baton Pass Clause: Limit one PokÃ©mon knowing Baton Pass
|teampreview
|
|start
|switch|p1a: Steelix|Steelix, M|300\/300
|switch|p2a: Uxie|Uxie|353\/353
|turn|1
|
|detailschange|p1a: Steelix|Steelix-Mega, M
|-mega|p1a: Steelix|Steelix|Steelixite
|move|p2a: Uxie|Magic Coat|p2a: Uxie
|-singleturn|p2a: Uxie|move: Magic Coat
|move|p1a: Steelix|Heavy Slam|p2a: Uxie
|-damage|p2a: Uxie|163\/353
|
|turn|2
|
|move|p2a: Uxie|Stealth Rock|p1a: Steelix
|-sidestart|p1: Frizzle my nizzle|move: Stealth Rock
|move|p1a: Steelix|Heavy Slam|p2a: Uxie
|-damage|p2a: Uxie|0 fnt
|faint|p2a: Uxie
|
|
|switch|p2a: Entei|Entei, shiny|371\/371
|-ability|p2a: Entei|Pressure
|turn|3
|join|YoungLegend
|
|switch|p1a: Vaporeon|Vaporeon, F|451\/451
|-damage|p1a: Vaporeon|395\/451|[from] Stealth Rock
|move|p2a: Entei|Sacred Fire|p1a: Vaporeon
|-resisted|p1a: Vaporeon
|-damage|p1a: Vaporeon|270\/451
|-status|p1a: Vaporeon|brn
|-damage|p2a: Entei|334\/371|[from] item: Life Orb
|
|-heal|p1a: Vaporeon|298\/451 brn|[from] item: Leftovers
|-damage|p1a: Vaporeon|242\/451 brn|[from] brn
|turn|4
|
|switch|p2a: Whimsicott|Whimsicott, M|323\/323
|move|p1a: Vaporeon|Baton Pass|p1a: Vaporeon
|
|switch|p1a: Steelix|Steelix-Mega, M|300\/300
|-damage|p1a: Steelix|291\/300|[from] Stealth Rock
|
|turn|5
|
|move|p2a: Whimsicott|Sunny Day|p2a: Whimsicott
|-weather|SunnyDay
|move|p1a: Steelix|Heavy Slam|p2a: Whimsicott
|-supereffective|p2a: Whimsicott
|-damage|p2a: Whimsicott|0 fnt
|faint|p2a: Whimsicott
|
|-weather|SunnyDay|[upkeep]
|
|switch|p2a: Entei|Entei, shiny|334\/371
|-ability|p2a: Entei|Pressure
|turn|6
|
|switch|p1a: Vaporeon|Vaporeon, F|242\/451 brn
|-damage|p1a: Vaporeon|186\/451 brn|[from] Stealth Rock
|move|p2a: Entei|Sacred Fire|p1a: Vaporeon
|-resisted|p1a: Vaporeon
|-damage|p1a: Vaporeon|0 fnt
|-damage|p2a: Entei|297\/371|[from] item: Life Orb
|faint|p1a: Vaporeon
|
|-weather|SunnyDay|[upkeep]
|
|switch|p1a: Sigilyph|Sigilyph, M|286\/286
|turn|7
|
|move|p1a: Sigilyph|Air Slash|p2a: Entei
|-damage|p2a: Entei|155\/371
|move|p2a: Entei|Sacred Fire|p1a: Sigilyph
|-damage|p1a: Sigilyph|0 fnt
|-damage|p2a: Entei|118\/371|[from] item: Life Orb
|faint|p1a: Sigilyph
|
|-weather|SunnyDay|[upkeep]
|
|switch|p1a: Cresselia|Cresselia, F|444\/444
|-damage|p1a: Cresselia|389\/444|[from] Stealth Rock
|turn|8
|
|move|p2a: Entei|Sacred Fire|p1a: Cresselia
|-damage|p1a: Cresselia|158\/444
|-status|p1a: Cresselia|brn
|-damage|p2a: Entei|81\/371|[from] item: Life Orb
|move|p1a: Cresselia|Moonlight|p1a: Cresselia
|-heal|p1a: Cresselia|444\/444 brn
|
|-weather|SunnyDay|[upkeep]
|-damage|p1a: Cresselia|389\/444 brn|[from] brn
|turn|9
|join|Zamrock tst
|
|switch|p2a: Shiftry|Shiftry, M|321\/321
|move|p1a: Cresselia|Moonlight|p1a: Cresselia
|-heal|p1a: Cresselia|444\/444 brn
|
|-weather|SunnyDay|[upkeep]
|-damage|p1a: Cresselia|389\/444 brn|[from] brn
|turn|10
|
|move|p2a: Shiftry|Knock Off|p1a: Cresselia
|-supereffective|p1a: Cresselia
|-damage|p1a: Cresselia|132\/444 brn
|-enditem|p1a: Cresselia|Leftovers|[from] move: Knock Off|[of] p2a: Shiftry
|-damage|p2a: Shiftry|289\/321|[from] item: Life Orb
|move|p1a: Cresselia|Psycho Shift|p2a: Shiftry
|-status|p2a: Shiftry|brn
|-curestatus|p1a: Cresselia|brn
|
|-weather|SunnyDay|[upkeep]
|-damage|p2a: Shiftry|249\/321 brn|[from] brn
|turn|11
|
|move|p2a: Shiftry|Swords Dance|p2a: Shiftry
|-boost|p2a: Shiftry|atk|2
|move|p1a: Cresselia|Moonlight|p1a: Cresselia
|-heal|p1a: Cresselia|428\/444
|
|-weather|SunnyDay|[upkeep]
|-damage|p2a: Shiftry|209\/321 brn|[from] brn
|turn|12
|
|move|p2a: Shiftry|Knock Off|p1a: Cresselia
|-crit|p1a: Cresselia
|-supereffective|p1a: Cresselia
|-damage|p1a: Cresselia|178\/444
|-damage|p2a: Shiftry|177\/321 brn|[from] item: Life Orb
|move|p1a: Cresselia|Moonblast|p2a: Shiftry
|-supereffective|p2a: Shiftry
|-damage|p2a: Shiftry|3\/321 brn
|-unboost|p2a: Shiftry|spa|1
|
|-weather|none
|-damage|p2a: Shiftry|0 fnt|[from] brn
|faint|p2a: Shiftry
|
|switch|p2a: Entei|Entei, shiny|81\/371
|-ability|p2a: Entei|Pressure
|turn|13
|
|move|p2a: Entei|Sacred Fire|p1a: Cresselia
|-damage|p1a: Cresselia|32\/444
|-damage|p2a: Entei|44\/371|[from] item: Life Orb
|move|p1a: Cresselia|Moonlight|p1a: Cresselia
|-heal|p1a: Cresselia|254\/444
|
|turn|14
|
|move|p2a: Entei|Sacred Fire|p1a: Cresselia
|-damage|p1a: Cresselia|105\/444
|-damage|p2a: Entei|7\/371|[from] item: Life Orb
|move|p1a: Cresselia|Moonlight|p1a: Cresselia
|-heal|p1a: Cresselia|327\/444
|
|turn|15
|
|move|p2a: Entei|Sacred Fire|p1a: Cresselia
|-damage|p1a: Cresselia|162\/444
|-damage|p2a: Entei|0 fnt|[from] item: Life Orb
|faint|p2a: Entei
|move|p1a: Cresselia|Moonlight|p1a: Cresselia
|-heal|p1a: Cresselia|384\/444
|
|
|switch|p2a: Victreebel|Victreebel, F|307\/307
|turn|16
|
|move|p2a: Victreebel|Growth|p2a: Victreebel
|-boost|p2a: Victreebel|atk|1
|-boost|p2a: Victreebel|spa|1
|move|p1a: Cresselia|Moonblast|p2a: Victreebel
|-resisted|p2a: Victreebel
|-damage|p2a: Victreebel|266\/307
|
|turn|17
|
|move|p2a: Victreebel|Sludge Bomb|p1a: Cresselia
|-damage|p1a: Cresselia|185\/444
|-status|p1a: Cresselia|psn
|-damage|p2a: Victreebel|236\/307|[from] item: Life Orb
|move|p1a: Cresselia|Moonblast|p2a: Victreebel
|-resisted|p2a: Victreebel
|-damage|p2a: Victreebel|199\/307
|-unboost|p2a: Victreebel|spa|1
|
|-damage|p1a: Cresselia|130\/444 psn|[from] psn
|turn|18
|
|switch|p1a: Steelix|Steelix-Mega, M|291\/300
|-damage|p1a: Steelix|282\/300|[from] Stealth Rock
|move|p2a: Victreebel|Growth|p2a: Victreebel
|-boost|p2a: Victreebel|atk|1
|-boost|p2a: Victreebel|spa|1
|
|turn|19
|
|move|p2a: Victreebel|Solar Beam|p1a: Steelix|[still]
|-prepare|p2a: Victreebel|Solar Beam|p1a: Steelix
|move|p1a: Steelix|Heavy Slam|p2a: Victreebel
|-damage|p2a: Victreebel|0 fnt
|faint|p2a: Victreebel
|
|
|switch|p2a: Heliolisk|Heliolisk, M|265\/265
|turn|20
|
|move|p2a: Heliolisk|Grass Knot|p1a: Steelix
|-damage|p1a: Steelix|124\/300
|move|p1a: Steelix|Earthquake|p2a: Heliolisk
|-supereffective|p2a: Heliolisk
|-damage|p2a: Heliolisk|0 fnt
|faint|p2a: Heliolisk
|
|win|Frizzle my nizzle
|raw|Ladder updating...
|raw|Frizzle my nizzle's rating: 1430 &rarr; <strong>1440<\/strong><br \/>(+10 for winning)
|raw|ULT xMarth's rating: 1247 &rarr; <strong>1234<\/strong><br \/>(-13 for losing)
|leave|ULT xMarth
|player|p2