|join|ULT Christo
|join|ULT xMarth
|player|p1|ULT Christo|170
|player|p2|ULT xMarth|153
|gametype|singles
|gen|6
|tier|UU
|rated
|rule|Sleep Clause Mod: Limit one foe put to sleep
|rule|Species Clause: Limit one of each PokÃ©mon
|rule|OHKO Clause: OHKO moves are banned
|rule|Moody Clause: Moody is banned
|rule|Evasion Moves Clause: Evasion moves are banned
|rule|Endless Battle Clause: Forcing endless battles is banned
|rule|HP Percentage Mod: HP is shown in percentages
|clearpoke
|poke|p1|Hydreigon, F
|poke|p1|Pidgeot, F
|poke|p1|Jirachi
|poke|p1|Doublade, F
|poke|p1|Machamp, M
|poke|p1|Nidoqueen, F
|poke|p2|Whimsicott, M
|poke|p2|Victreebel, F
|poke|p2|Entei, shiny
|poke|p2|Uxie
|poke|p2|Heliolisk, F
|poke|p2|Shiftry, M
|rule|Swagger Clause: Swagger is banned
|rule|Baton Pass Clause: Limit one PokÃ©mon knowing Baton Pass
|teampreview
|join|YoungLegend
|
|start
|switch|p1a: Hydreigon|Hydreigon, F|325\/325
|switch|p2a: Uxie|Uxie|353\/353
|turn|1
|
|move|p1a: Hydreigon|Dark Pulse|p2a: Uxie
|-supereffective|p2a: Uxie
|-damage|p2a: Uxie|87\/353
|move|p2a: Uxie|Stealth Rock|p1a: Hydreigon
|-sidestart|p1: ULT Christo|move: Stealth Rock
|
|turn|2
|
|switch|p2a: Whimsicott|Whimsicott, M|323\/323
|move|p1a: Hydreigon|Dark Pulse|p2a: Whimsicott
|-resisted|p2a: Whimsicott
|-damage|p2a: Whimsicott|190\/323
|
|turn|3
|join|snowballin
|
|switch|p1a: Jirachi|Jirachi|341\/341
|-damage|p1a: Jirachi|320\/341|[from] Stealth Rock
|move|p2a: Whimsicott|Sunny Day|p2a: Whimsicott
|-weather|SunnyDay
|
|-weather|SunnyDay|[upkeep]
|turn|4
|
|switch|p2a: Entei|Entei, shiny|371\/371
|-ability|p2a: Entei|Pressure
|move|p1a: Jirachi|Iron Head|p2a: Entei
|-resisted|p2a: Entei
|-damage|p2a: Entei|308\/371
|
|-weather|SunnyDay|[upkeep]
|turn|5
|c| snowballin|Have you tried tangrowth Marth?
|c|âULT xMarth|n idk if hed be that good
|c| snowballin|o
|c|âULT xMarth|slow and not that much more power
|c| snowballin|seems p powerful
|
|move|p1a: Jirachi|Iron Head|p2a: Entei
|-resisted|p2a: Entei
|-damage|p2a: Entei|234\/371
|cant|p2a: Entei|flinch
|
|-weather|SunnyDay|[upkeep]
|turn|6
|c|âULT Christo|i have no switch in
|
|move|p1a: Jirachi|Iron Head|p2a: Entei
|-resisted|p2a: Entei
|-damage|p2a: Entei|171\/371
|cant|p2a: Entei|flinch
|
|-weather|SunnyDay|[upkeep]
|turn|7
|
|move|p1a: Jirachi|Iron Head|p2a: Entei
|-resisted|p2a: Entei
|-damage|p2a: Entei|97\/371
|move|p2a: Entei|Sacred Fire|p1a: Jirachi
|-supereffective|p1a: Jirachi
|-damage|p1a: Jirachi|0 fnt
|-damage|p2a: Entei|60\/371|[from] item: Life Orb
|faint|p1a: Jirachi
|
|-weather|SunnyDay|[upkeep]
|
|switch|p1a: Doublade|Doublade, F|319\/319
|-damage|p1a: Doublade|300\/319|[from] Stealth Rock
|turn|8
|
|switch|p2a: Shiftry|Shiftry, M|321\/321
|move|p1a: Doublade|Shadow Sneak|p2a: Shiftry
|-resisted|p2a: Shiftry
|-damage|p2a: Shiftry|265\/321
|
|-weather|SunnyDay|[upkeep]
|turn|9
|
|move|p2a: Shiftry|Knock Off|p1a: Doublade
|-supereffective|p1a: Doublade
|-damage|p1a: Doublade|110\/319
|-enditem|p1a: Doublade|Eviolite|[from] move: Knock Off|[of] p2a: Shiftry
|-damage|p2a: Shiftry|233\/321|[from] item: Life Orb
|move|p1a: Doublade|Sacred Sword|p2a: Shiftry
|-supereffective|p2a: Shiftry
|-damage|p2a: Shiftry|0 fnt
|faint|p2a: Shiftry
|
|-weather|SunnyDay|[upkeep]
|
|switch|p2a: Heliolisk|Heliolisk, F|265\/265
|turn|10
|
|move|p2a: Heliolisk|Hyper Voice|p1a: Doublade
|-immune|p1a: Doublade|[msg]
|move|p1a: Doublade|Sacred Sword|p2a: Heliolisk
|-supereffective|p2a: Heliolisk
|-damage|p2a: Heliolisk|0 fnt
|faint|p2a: Heliolisk
|
|-weather|none
|c|âULT Christo|EZ
|
|switch|p2a: Whimsicott|Whimsicott, M|190\/323
|turn|11
|
|move|p2a: Whimsicott|Sunny Day|p2a: Whimsicott
|-weather|SunnyDay
|move|p1a: Doublade|Iron Head|p2a: Whimsicott
|-supereffective|p2a: Whimsicott
|-damage|p2a: Whimsicott|0 fnt
|faint|p2a: Whimsicott
|
|-weather|SunnyDay|[upkeep]
|
|switch|p2a: Victreebel|Victreebel, F|301\/301
|turn|12
|
|move|p2a: Victreebel|Weather Ball|p1a: Doublade
|-supereffective|p1a: Doublade
|-damage|p1a: Doublade|0 fnt
|-damage|p2a: Victreebel|271\/301|[from] item: Life Orb
|faint|p1a: Doublade
|
|-weather|SunnyDay|[upkeep]
|
|switch|p1a: Hydreigon|Hydreigon, F|325\/325
|-damage|p1a: Hydreigon|285\/325|[from] Stealth Rock
|turn|13
|
|switch|p2a: Uxie|Uxie|87\/353
|move|p1a: Hydreigon|Flamethrower|p2a: Uxie
|-damage|p2a: Uxie|0 fnt
|faint|p2a: Uxie
|
|-weather|SunnyDay|[upkeep]
|
|switch|p2a: Entei|Entei, shiny|60\/371
|-ability|p2a: Entei|Pressure
|turn|14
|
|switch|p1a: Nidoqueen|Nidoqueen, F|330\/330
|-damage|p1a: Nidoqueen|310\/330|[from] Stealth Rock
|move|p2a: Entei|Extreme Speed|p1a: Nidoqueen
|-damage|p1a: Nidoqueen|174\/330
|-damage|p2a: Entei|23\/371|[from] item: Life Orb
|
|-weather|SunnyDay|[upkeep]
|turn|15
|
|move|p2a: Entei|Sacred Fire|p1a: Nidoqueen
|-damage|p1a: Nidoqueen|0 fnt
|-damage|p2a: Entei|0 fnt|[from] item: Life Orb
|faint|p1a: Nidoqueen
|faint|p2a: Entei
|
|-weather|SunnyDay|[upkeep]
|
|switch|p2a: Victreebel|Victreebel, F|271\/301
|switch|p1a: Hydreigon|Hydreigon, F|285\/325
|-damage|p1a: Hydreigon|245\/325|[from] Stealth Rock
|turn|16
|
|move|p2a: Victreebel|Sludge Bomb|p1a: Hydreigon
|-damage|p1a: Hydreigon|70\/325
|-damage|p2a: Victreebel|241\/301|[from] item: Life Orb
|move|p1a: Hydreigon|Flamethrower|p2a: Victreebel
|-supereffective|p2a: Victreebel
|-damage|p2a: Victreebel|0 fnt
|faint|p2a: Victreebel
|
|win|ULT Christo
|raw|Ladder updating...
|raw|ULT Christo's rating: 1327 &rarr; <strong>1345<\/strong><br \/>(+18 for winning)
|raw|ULT xMarth's rating: 1283 &rarr; <strong>1261<\/strong><br \/>(-22 for losing)
|c|âULT Christo|gg
|c|âULT xMarth|gg
|leave|ULT xMarth
|leave|ULT Christo
|player|p2
|player|p1
|join|ULT Christo