|join|ult toenail
|join|ult xmarth
|player|p1|ult toenail|147
|player|p2|ult xmarth|153
|gametype|singles
|gen|6
|tier|UU
|rated
|rule|Sleep Clause Mod: Limit one foe put to sleep
|rule|Species Clause: Limit one of each PokÃ©mon
|rule|OHKO Clause: OHKO moves are banned
|rule|Moody Clause: Moody is banned
|rule|Evasion Moves Clause: Evasion moves are banned
|rule|Endless Battle Clause: Forcing endless battles is banned
|rule|HP Percentage Mod: HP is shown in percentages
|clearpoke
|poke|p1|Pidgeot, M
|poke|p1|Cobalion
|poke|p1|Swampert, M
|poke|p1|Jirachi
|poke|p1|Gligar, M
|poke|p1|Slowking, F, shiny
|poke|p2|Umbreon, F
|poke|p2|Gligar, F
|poke|p2|Tentacruel, M
|poke|p2|Jirachi
|poke|p2|Hydreigon, M
|poke|p2|Serperior, F
|rule|Swagger Clause: Swagger is banned
|rule|Baton Pass Clause: Limit one PokÃ©mon knowing Baton Pass
|teampreview
|c|âult toenail|o
|c|âult xmarth|i would actually much prefer raikou rn
|c|âult toenail|over what
|c|âult xmarth|serp
|c|âult xmarth|weaken pert then some subcm ez
|
|start
|switch|p1a: Swampert|Swampert, M|401\/401
|switch|p2a: Tentacruel|Tentacruel, M|364\/364
|turn|1
|join|Eyan
|
|move|p2a: Tentacruel|Toxic Spikes|p1a: Swampert
|-sidestart|p1: ult toenail|move: Toxic Spikes
|move|p1a: Swampert|Earthquake|p2a: Tentacruel
|-supereffective|p2a: Tentacruel
|-damage|p2a: Tentacruel|104\/364
|
|-heal|p2a: Tentacruel|126\/364|[from] item: Black Sludge
|turn|2
|
|switch|p2a: Serperior|Serperior, F|291\/291
|switch|p1a: BIRD SHIT|Pidgeot, M|307\/307
|
|turn|3
|
|switch|p2a: Umbreon|Umbreon, F|394\/394
|detailschange|p1a: BIRD SHIT|Pidgeot-Mega, M
|-mega|p1a: BIRD SHIT|Pidgeot|Pidgeotite
|move|p1a: BIRD SHIT|Hurricane|p2a: Umbreon
|-damage|p2a: Umbreon|265\/394
|
|-heal|p2a: Umbreon|289\/394|[from] item: Leftovers
|turn|4
|
|move|p1a: BIRD SHIT|U-turn|p2a: Umbreon
|-supereffective|p2a: Umbreon
|-damage|p2a: Umbreon|211\/394
|
|switch|p1a: BAT SHIT|Gligar, M|330\/330
|move|p2a: Umbreon|Wish|p2a: Umbreon
|
|-heal|p2a: Umbreon|235\/394|[from] item: Leftovers
|turn|5
|
|switch|p2a: Tentacruel|Tentacruel, M|126\/364
|move|p1a: BAT SHIT|Earthquake|p2a: Tentacruel
|-supereffective|p2a: Tentacruel
|-damage|p2a: Tentacruel|0 fnt
|faint|p2a: Tentacruel
|
|
|switch|p2a: Serperior|Serperior, F|291\/291
|turn|6
|c|âult toenail|hp ice
|c|âult xmarth|oh i shoulda totally went to this to try for defog
|c|âult toenail|yn
|
|move|p2a: Serperior|Leaf Storm|p1a: BAT SHIT
|-damage|p1a: BAT SHIT|197\/330
|-boost|p2a: Serperior|spa|2
|move|p1a: BAT SHIT|U-turn|p2a: Serperior
|-supereffective|p2a: Serperior
|-damage|p2a: Serperior|197\/291
|
|switch|p1a: BIRD SHIT|Pidgeot-Mega, M|307\/307
|
|turn|7
|
|switch|p2a: Jirachi|Jirachi|341\/341
|move|p1a: BIRD SHIT|Hurricane|p2a: Jirachi
|-resisted|p2a: Jirachi
|-damage|p2a: Jirachi|241\/341
|
|turn|8
|
|switch|p1a: SHIT|Cobalion|323\/323
|move|p2a: Jirachi|Trick|p1a: SHIT
|-activate|p2a: Jirachi|move: Trick|[of] p1a: SHIT
|-item|p1a: SHIT|Choice Scarf|[from] move: Trick
|-item|p2a: Jirachi|Leftovers|[from] move: Trick
|
|-heal|p2a: Jirachi|262\/341|[from] item: Leftovers
|turn|9
|join|SmashBrosBrawl
|
|move|p1a: SHIT|Close Combat|p2a: Jirachi
|-damage|p2a: Jirachi|97\/341
|-unboost|p1a: SHIT|def|1
|-unboost|p1a: SHIT|spd|1
|move|p2a: Jirachi|U-turn|p1a: SHIT
|-crit|p1a: SHIT
|-resisted|p1a: SHIT
|-damage|p1a: SHIT|293\/323
|
|switch|p2a: Gligar|Gligar, F|333\/333
|
|turn|10
|
|switch|p1a: BIRD SHIT|Pidgeot-Mega, M|307\/307
|move|p2a: Gligar|U-turn|p1a: BIRD SHIT
|-resisted|p1a: BIRD SHIT
|-damage|p1a: BIRD SHIT|280\/307
|
|switch|p2a: Hydreigon|Hydreigon, M|325\/325
|
|turn|11
|join|Snowballin
|
|move|p1a: BIRD SHIT|U-turn|p2a: Hydreigon
|-supereffective|p2a: Hydreigon
|-damage|p2a: Hydreigon|221\/325
|
|switch|p1a: SHIT|Cobalion|293\/323
|move|p2a: Hydreigon|Draco Meteor|p1a: SHIT
|-resisted|p1a: SHIT
|-damage|p1a: SHIT|116\/323
|-unboost|p2a: Hydreigon|spa|2
|-damage|p2a: Hydreigon|189\/325|[from] item: Life Orb
|
|turn|12
|join|SwaggBoii
|
|switch|p1a: BAT SHIT|Gligar, M|197\/330
|switch|p2a: Gligar|Gligar, F|333\/333
|
|turn|13
|
|move|p2a: Gligar|U-turn|p1a: BAT SHIT
|-resisted|p1a: BAT SHIT
|-damage|p1a: BAT SHIT|184\/330
|
|switch|p2a: Serperior|Serperior, F|197\/291
|move|p1a: BAT SHIT|Defog|p2a: Serperior
|-boost|p2a: Serperior|evasion|1
|-sideend|p1: ult toenail|Toxic Spikes|[from] move: Defog|[of] p1a: BAT SHIT
|
|turn|14
|c|âult toenail|fk
|c|âult xmarth|this would be super cool rn
|c|âult xmarth|but no guard makes it lame
|
|move|p2a: Serperior|Leaf Storm|p1a: BAT SHIT
|-damage|p1a: BAT SHIT|61\/330
|-boost|p2a: Serperior|spa|2
|move|p1a: BAT SHIT|U-turn|p2a: Serperior|[miss]
|-miss|p1a: BAT SHIT|p2a: Serperior
|
|turn|15
|c| Snowballin|waitwat
|c| Snowballin|oh
|c| Snowballin|LOL
|c|âult xmarth|i also wield brightpowder for shits
|c|âult xmarth|jk
|c| Snowballin|Gotta get that set up chance
|
|move|p2a: Serperior|Leaf Storm|p1a: BAT SHIT
|-damage|p1a: BAT SHIT|0 fnt
|-boost|p2a: Serperior|spa|2
|faint|p1a: BAT SHIT
|
|
|switch|p1a: BIRD SHIT|Pidgeot-Mega, M|280\/307
|turn|16
|join|Nidogirl
|
|switch|p2a: Jirachi|Jirachi|97\/341
|move|p1a: BIRD SHIT|Hurricane|p2a: Jirachi
|-resisted|p2a: Jirachi
|-damage|p2a: Jirachi|0 fnt
|faint|p2a: Jirachi
|
|c| Nidogirl|poer
|c| Nidogirl|w
|
|switch|p2a: Umbreon|Umbreon, F|235\/394
|turn|17
|
|move|p1a: BIRD SHIT|U-turn|p2a: Umbreon
|-supereffective|p2a: Umbreon
|-damage|p2a: Umbreon|157\/394
|
|switch|p1a: Swampert|Swampert, M|401\/401
|move|p2a: Umbreon|Wish|p2a: Umbreon
|
|-heal|p2a: Umbreon|181\/394|[from] item: Leftovers
|turn|18
|
|switch|p2a: Gligar|Gligar, F|333\/333
|move|p1a: Swampert|Stealth Rock|p2a: Gligar
|-sidestart|p2: ult xmarth|move: Stealth Rock
|
|turn|19
|join|OuraganGastrique
|
|move|p2a: Gligar|Stealth Rock|p1a: Swampert
|-sidestart|p1: ult toenail|move: Stealth Rock
|move|p1a: Swampert|Scald|p2a: Gligar
|-supereffective|p2a: Gligar
|-damage|p2a: Gligar|181\/333
|-status|p2a: Gligar|brn
|
|-damage|p2a: Gligar|140\/333 brn|[from] brn
|turn|20
|c|âult toenail|ban scald
|join|CAMELLLLL
|c| CAMELLLLL|Ban it so hard.
|
|move|p2a: Gligar|U-turn|p1a: Swampert
|-damage|p1a: Swampert|385\/401
|c| Nidogirl|^
|
|switch|p2a: Serperior|Serperior, F|197\/291
|-damage|p2a: Serperior|161\/291|[from] Stealth Rock
|move|p1a: Swampert|Scald|p2a: Serperior
|-resisted|p2a: Serperior
|-damage|p2a: Serperior|122\/291
|
|-heal|p1a: Swampert|401\/401|[from] item: Leftovers
|turn|21
|join|EaglePope
|c| EaglePope|0\/10 no regice
|c| Nidogirl|rip scald
|
|switch|p1a: SHIT|Cobalion|116\/323
|-damage|p1a: SHIT|106\/323|[from] Stealth Rock
|move|p2a: Serperior|Synthesis|p2a: Serperior
|-heal|p2a: Serperior|267\/291
|
|turn|22
|
|move|p1a: SHIT|Iron Head|p2a: Serperior
|-damage|p2a: Serperior|150\/291
|move|p2a: Serperior|Hidden Power|p1a: SHIT
|-supereffective|p1a: SHIT
|-damage|p1a: SHIT|0 fnt
|faint|p1a: SHIT
|
|
|switch|p1a: BIRD SHIT|Pidgeot-Mega, M|280\/307
|-damage|p1a: BIRD SHIT|204\/307|[from] Stealth Rock
|turn|23
|
|switch|p2a: Gligar|Gligar, F|140\/333 brn
|-damage|p2a: Gligar|99\/333 brn|[from] Stealth Rock
|move|p1a: BIRD SHIT|Roost|p1a: BIRD SHIT
|-heal|p1a: BIRD SHIT|307\/307
|
|-damage|p2a: Gligar|58\/333 brn|[from] brn
|turn|24
|
|move|p1a: BIRD SHIT|Hurricane|p2a: Gligar
|-damage|p2a: Gligar|0 fnt
|faint|p2a: Gligar
|
|
|switch|p2a: Umbreon|Umbreon, F|181\/394
|-damage|p2a: Umbreon|132\/394|[from] Stealth Rock
|turn|25
|
|switch|p1a: Swampert|Swampert, M|401\/401
|-damage|p1a: Swampert|376\/401|[from] Stealth Rock
|move|p2a: Umbreon|Wish|p2a: Umbreon
|
|-heal|p2a: Umbreon|156\/394|[from] item: Leftovers
|-heal|p1a: Swampert|401\/401|[from] item: Leftovers
|turn|26
|
|move|p2a: Umbreon|Foul Play|p1a: Swampert
|-damage|p1a: Swampert|311\/401
|move|p1a: Swampert|Roar|p2a: Umbreon
|drag|p2a: Serperior|Serperior, F|150\/291
|-damage|p2a: Serperior|114\/291|[from] Stealth Rock
|
|-heal|p2a: Serperior|291\/291|[from] move: Wish|[wisher] Umbreon
|-heal|p1a: Swampert|336\/401|[from] item: Leftovers
|turn|27
|
|switch|p1a: BIRD SHIT|Pidgeot-Mega, M|307\/307
|-damage|p1a: BIRD SHIT|231\/307|[from] Stealth Rock
|move|p2a: Serperior|Leaf Storm|p1a: BIRD SHIT
|-resisted|p1a: BIRD SHIT
|-damage|p1a: BIRD SHIT|123\/307
|-boost|p2a: Serperior|spa|2
|
|turn|28
|join|THEiTodd
|
|move|p1a: BIRD SHIT|Hurricane|p2a: Serperior
|-crit|p2a: Serperior
|-supereffective|p2a: Serperior
|-damage|p2a: Serperior|0 fnt
|faint|p2a: Serperior
|
|
|switch|p2a: Umbreon|Umbreon, F|156\/394
|-damage|p2a: Umbreon|107\/394|[from] Stealth Rock
|turn|29
|join|Fire Lord Mako
|
|move|p1a: BIRD SHIT|U-turn|p2a: Umbreon
|-supereffective|p2a: Umbreon
|-damage|p2a: Umbreon|31\/394
|
|switch|p1a: Swampert|Swampert, M|336\/401
|-damage|p1a: Swampert|311\/401|[from] Stealth Rock
|move|p2a: Umbreon|Wish|p2a: Umbreon
|
|-heal|p2a: Umbreon|55\/394|[from] item: Leftovers
|-heal|p1a: Swampert|336\/401|[from] item: Leftovers
|turn|30
|
|switch|p2a: Hydreigon|Hydreigon, M|189\/325
|-damage|p2a: Hydreigon|149\/325|[from] Stealth Rock
|switch|p1a: FLINCH SHIT|Jirachi|341\/341
|-damage|p1a: FLINCH SHIT|320\/341|[from] Stealth Rock
|
|-heal|p2a: Hydreigon|325\/325|[from] move: Wish|[wisher] Umbreon
|turn|31
|
|move|p1a: FLINCH SHIT|Iron Head|p2a: Hydreigon
|-damage|p2a: Hydreigon|189\/325
|move|p2a: Hydreigon|Dark Pulse|p1a: FLINCH SHIT
|-supereffective|p1a: FLINCH SHIT
|-damage|p1a: FLINCH SHIT|0 fnt
|-damage|p2a: Hydreigon|157\/325|[from] item: Life Orb
|faint|p1a: FLINCH SHIT
|
|c| CAMELLLLL|more like shit at flinching
|c| CAMELLLLL|lel
|join|ULT Donphantastic
|
|switch|p1a: BIRD SHIT|Pidgeot-Mega, M|123\/307
|-damage|p1a: BIRD SHIT|47\/307|[from] Stealth Rock
|turn|32
|c| ULT Donphantastic|marth
|c| ULT Donphantastic|where did the sun team go
|
|move|p1a: BIRD SHIT|Hurricane|p2a: Hydreigon
|-damage|p2a: Hydreigon|0 fnt
|faint|p2a: Hydreigon
|
|c|âult xmarth|there was a blizzard
|
|switch|p2a: Umbreon|Umbreon, F|55\/394
|-damage|p2a: Umbreon|6\/394|[from] Stealth Rock
|turn|33
|
|move|p1a: BIRD SHIT|Heat Wave|p2a: Umbreon
|-damage|p2a: Umbreon|0 fnt
|faint|p2a: Umbreon
|
|win|ult toenail
|raw|Ladder updating...
|raw|ult toenail's rating: 1630 &rarr; <strong>1652<\/strong><br \/>(+22 for winning)
|raw|ult xmarth's rating: 1653 &rarr; <strong>1632<\/strong><br \/>(-21 for losing)
|c| Fire Lord Mako|miss
|c|âult toenail|gg
|c| Fire Lord Mako|;[
|c|âult xmarth|gg
|leave|ult toenail
|leave|THEiTodd
|leave|ult xmarth
|leave|Eyan
|player|p1
|leave|OuraganGastrique
|player|p2
|leave|Fire Lord Mako
|leave|ULT Donphantastic
|join|Eyan