|join|furbobs
|join|ImGonnaWinThis
|player|p1|furbobs|279
|player|p2|ImGonnaWinThis|263
|gametype|singles
|gen|6
|tier|ORAS OU
|rated
|rule|Sleep Clause Mod: Limit one foe put to sleep
|rule|Species Clause: Limit one of each PokÃ©mon
|rule|OHKO Clause: OHKO moves are banned
|rule|Moody Clause: Moody is banned
|rule|Evasion Moves Clause: Evasion moves are banned
|rule|Endless Battle Clause: Forcing endless battles is banned
|rule|HP Percentage Mod: HP is shown in percentages
|clearpoke
|poke|p1|Sceptile, M
|poke|p1|Slowbro, F
|poke|p1|Mew
|poke|p1|Conkeldurr, F
|poke|p1|Gengar, M
|poke|p1|Mamoswine, F
|poke|p2|Salamence, M, shiny
|poke|p2|Skarmory, M, shiny
|poke|p2|Nidoking, M, shiny
|poke|p2|Heatran, M, shiny
|poke|p2|Azumarill, F, shiny
|poke|p2|Conkeldurr, M, shiny
|rule|Swagger Clause: Swagger is banned
|rule|Baton Pass Clause: Limit one PokÃ©mon knowing Baton Pass
|teampreview
|
|start
|switch|p1a: Slowbro|Slowbro, F|394\/394
|switch|p2a: Conkeldurr|Conkeldurr, M, shiny|401\/401
|turn|1
|
|move|p2a: Conkeldurr|Knock Off|p1a: Slowbro
|-supereffective|p1a: Slowbro
|-damage|p1a: Slowbro|198\/394
|-enditem|p1a: Slowbro|Leftovers|[from] move: Knock Off|[of] p2a: Conkeldurr
|move|p1a: Slowbro|Slack Off|p1a: Slowbro
|-heal|p1a: Slowbro|394\/394
|
|turn|2
|
|move|p2a: Conkeldurr|Knock Off|p1a: Slowbro
|-supereffective|p1a: Slowbro
|-damage|p1a: Slowbro|278\/394
|move|p1a: Slowbro|Calm Mind|p1a: Slowbro
|-boost|p1a: Slowbro|spa|1
|-boost|p1a: Slowbro|spd|1
|
|turn|3
|
|switch|p2a: Salamence|Salamence, M, shiny|394\/394
|-ability|p2a: Salamence|Intimidate|[of] p1a: Slowbro
|-unboost|p1a: Slowbro|atk|1
|move|p1a: Slowbro|Slack Off|p1a: Slowbro
|-heal|p1a: Slowbro|394\/394
|
|turn|4
|
|detailschange|p2a: Salamence|Salamence-Mega, M, shiny
|message|Salamence has Mega Evolved into Mega Salamence!
|move|p2a: Salamence|Substitute|p2a: Salamence
|-start|p2a: Salamence|Substitute
|-damage|p2a: Salamence|296\/394
|move|p1a: Slowbro|Ice Beam|p2a: Salamence
|-crit|p2a: Salamence
|-supereffective|p2a: Salamence
|-end|p2a: Salamence|Substitute
|
|turn|5
|
|switch|p2a: Skarmory|Skarmory, M, shiny|334\/334
|move|p1a: Slowbro|Ice Beam|p2a: Skarmory
|-damage|p2a: Skarmory|199\/334
|
|turn|6
|
|move|p1a: Slowbro|Scald|p2a: Skarmory
|-damage|p2a: Skarmory|0 fnt
|faint|p2a: Skarmory
|
|
|switch|p2a: Azumarill|Azumarill, F, shiny|365\/365
|turn|7
|
|move|p2a: Azumarill|Belly Drum|p2a: Azumarill
|-damage|p2a: Azumarill|183\/365
|-setboost|p2a: Azumarill|atk|6|[from] move: Belly Drum
|move|p1a: Slowbro|Scald|p2a: Azumarill
|-resisted|p2a: Azumarill
|-damage|p2a: Azumarill|100\/365
|-status|p2a: Azumarill|brn
|-enditem|p2a: Azumarill|Sitrus Berry|[eat]
|-heal|p2a: Azumarill|191\/365 brn|[from] item: Sitrus Berry
|
|-damage|p2a: Azumarill|146\/365 brn|[from] brn
|turn|8
|
|move|p2a: Azumarill|Aqua Jet|p1a: Slowbro
|-resisted|p1a: Slowbro
|-damage|p1a: Slowbro|339\/394
|move|p1a: Slowbro|Slack Off|p1a: Slowbro
|-heal|p1a: Slowbro|394\/394
|
|-damage|p2a: Azumarill|101\/365 brn|[from] brn
|turn|9
|
|move|p2a: Azumarill|Play Rough|p1a: Slowbro
|-damage|p1a: Slowbro|115\/394
|move|p1a: Slowbro|Slack Off|p1a: Slowbro
|-heal|p1a: Slowbro|312\/394
|
|-damage|p2a: Azumarill|56\/365 brn|[from] brn
|turn|10
|
|move|p2a: Azumarill|Play Rough|p1a: Slowbro
|-damage|p1a: Slowbro|45\/394
|move|p1a: Slowbro|Slack Off|p1a: Slowbro
|-heal|p1a: Slowbro|242\/394
|
|-damage|p2a: Azumarill|11\/365 brn|[from] brn
|turn|11
|
|switch|p1a: Mew|Mew|404\/404
|move|p2a: Azumarill|Play Rough|p1a: Mew
|-damage|p1a: Mew|0 fnt
|faint|p1a: Mew
|
|-damage|p2a: Azumarill|0 fnt|[from] brn
|faint|p2a: Azumarill
|
|switch|p2a: Conkeldurr|Conkeldurr, M, shiny|401\/401
|switch|p1a: Slowbro|Slowbro, F|373\/394
|turn|12
|
|move|p2a: Conkeldurr|Knock Off|p1a: Slowbro
|-supereffective|p1a: Slowbro
|-damage|p1a: Slowbro|245\/394
|move|p1a: Slowbro|Calm Mind|p1a: Slowbro
|-boost|p1a: Slowbro|spa|1
|-boost|p1a: Slowbro|spd|1
|
|turn|13
|c|âImGonnaWinThis|..
|
|move|p2a: Conkeldurr|Knock Off|p1a: Slowbro
|-supereffective|p1a: Slowbro
|-damage|p1a: Slowbro|117\/394
|move|p1a: Slowbro|Slack Off|p1a: Slowbro
|-heal|p1a: Slowbro|314\/394
|
|turn|14
|
|move|p2a: Conkeldurr|Knock Off|p1a: Slowbro
|-supereffective|p1a: Slowbro
|-damage|p1a: Slowbro|188\/394
|move|p1a: Slowbro|Slack Off|p1a: Slowbro
|-heal|p1a: Slowbro|385\/394
|
|turn|15
|
|move|p2a: Conkeldurr|Knock Off|p1a: Slowbro
|-supereffective|p1a: Slowbro
|-damage|p1a: Slowbro|255\/394
|move|p1a: Slowbro|Ice Beam|p2a: Conkeldurr
|-damage|p2a: Conkeldurr|308\/401
|
|turn|16
|
|move|p2a: Conkeldurr|Knock Off|p1a: Slowbro
|-supereffective|p1a: Slowbro
|-damage|p1a: Slowbro|141\/394
|move|p1a: Slowbro|Slack Off|p1a: Slowbro
|-heal|p1a: Slowbro|338\/394
|
|turn|17
|
|move|p2a: Conkeldurr|Knock Off|p1a: Slowbro
|-supereffective|p1a: Slowbro
|-damage|p1a: Slowbro|212\/394
|move|p1a: Slowbro|Slack Off|p1a: Slowbro
|-heal|p1a: Slowbro|394\/394
|
|turn|18
|c|âImGonnaWinThis|omg
|c|âImGonnaWinThis|dont do thi to me
|c|âImGonnaWinThis|...
|
|move|p2a: Conkeldurr|Knock Off|p1a: Slowbro
|-supereffective|p1a: Slowbro
|-damage|p1a: Slowbro|276\/394
|move|p1a: Slowbro|Ice Beam|p2a: Conkeldurr
|-damage|p2a: Conkeldurr|210\/401
|
|turn|19
|
|move|p2a: Conkeldurr|Ice Punch|p1a: Slowbro
|-resisted|p1a: Slowbro
|-damage|p1a: Slowbro|244\/394
|move|p1a: Slowbro|Slack Off|p1a: Slowbro
|-heal|p1a: Slowbro|394\/394
|
|turn|20
|
|move|p2a: Conkeldurr|Ice Punch|p1a: Slowbro
|-resisted|p1a: Slowbro
|-damage|p1a: Slowbro|362\/394
|move|p1a: Slowbro|Ice Beam|p2a: Conkeldurr
|-damage|p2a: Conkeldurr|125\/401
|
|turn|21
|
|move|p2a: Conkeldurr|Ice Punch|p1a: Slowbro
|-crit|p1a: Slowbro
|-resisted|p1a: Slowbro
|-damage|p1a: Slowbro|306\/394
|move|p1a: Slowbro|Scald|p2a: Conkeldurr
|-damage|p2a: Conkeldurr|0 fnt
|faint|p2a: Conkeldurr
|
|
|switch|p2a: Salamence|Salamence-Mega, M, shiny|296\/394
|turn|22
|
|move|p2a: Salamence|Dragon Dance|p2a: Salamence
|-boost|p2a: Salamence|atk|1
|-boost|p2a: Salamence|spe|1
|move|p1a: Slowbro|Ice Beam|p2a: Salamence
|-crit|p2a: Salamence
|-supereffective|p2a: Salamence
|-damage|p2a: Salamence|0 fnt
|faint|p2a: Salamence
|
|
|switch|p2a: Nidoking|Nidoking, M, shiny|304\/304
|turn|23
|
|move|p2a: Nidoking|Thunderbolt|p1a: Slowbro
|-supereffective|p1a: Slowbro
|-damage|p1a: Slowbro|128\/394
|move|p1a: Slowbro|Scald|p2a: Nidoking
|-supereffective|p2a: Nidoking
|-damage|p2a: Nidoking|0 fnt
|faint|p2a: Nidoking
|
|
|switch|p2a: Heatran|Heatran, M, shiny|386\/386
|turn|24
|
|move|p2a: Heatran|Lava Plume|p1a: Slowbro
|-resisted|p1a: Slowbro
|-damage|p1a: Slowbro|71\/394
|move|p1a: Slowbro|Slack Off|p1a: Slowbro
|-heal|p1a: Slowbro|268\/394
|
|turn|25
|c|âImGonnaWinThis|is my team ok?
|c|âImGonnaWinThis|or not good
|
|move|p2a: Heatran|Earth Power|p1a: Slowbro
|-damage|p1a: Slowbro|173\/394
|move|p1a: Slowbro|Slack Off|p1a: Slowbro
|-heal|p1a: Slowbro|370\/394
|
|turn|26
|c|âfurbobs|welp, i just demonstrated how slowbro handled your team
|
|move|p2a: Heatran|Earth Power|p1a: Slowbro
|-damage|p1a: Slowbro|284\/394
|move|p1a: Slowbro|Scald|p2a: Heatran
|-supereffective|p2a: Heatran
|-damage|p2a: Heatran|122\/386
|
|-heal|p2a: Heatran|146\/386|[from] item: Leftovers
|turn|27
|c|âImGonnaWinThis|so i need to get something
|c|âImGonnaWinThis|ro get rid of slowbro?
|
|move|p2a: Heatran|Flash Cannon|p1a: Slowbro
|-crit|p1a: Slowbro
|-resisted|p1a: Slowbro
|-damage|p1a: Slowbro|153\/394
|move|p1a: Slowbro|Scald|p2a: Heatran
|-supereffective|p2a: Heatran
|-damage|p2a: Heatran|0 fnt
|faint|p2a: Heatran
|
|win|furbobs
|raw|Ladder updating...
|c|âfurbobs|and rotom
|c|âfurbobs|imo
|c|âfurbobs|gg