|join|Kwiick
|join|Vrille
|player|p1|Kwiick|201
|player|p2|Vrille|283
|gametype|singles
|gen|5
|tier|[Gen 5] OU
|rated
|rule|Evasion Abilities Clause: Evasion abilities are banned
|clearpoke
|poke|p1|Politoed, F
|poke|p1|Landorus-Therian, M
|poke|p1|Ferrothorn, M
|poke|p1|Tentacruel, F
|poke|p1|Thundurus-Therian, M
|poke|p1|Gyarados, M
|poke|p2|Abomasnow, M
|poke|p2|Gliscor, F
|poke|p2|Keldeo-Resolute
|poke|p2|Volcarona, M
|poke|p2|Starmie
|poke|p2|Jirachi
|rule|Sleep Clause Mod: Limit one foe put to sleep
|rule|Species Clause: Limit one of each Pokemon
|rule|OHKO Clause: OHKO moves are banned
|rule|Moody Clause: Moody is banned
|rule|Evasion Moves Clause: Evasion moves are banned
|rule|Endless Battle Clause: Forcing endless battles is banned.
|rule|HP Percentage Mod: HP is reported as percentages
|teampreview
|
|start
|switch|p1a: Landorus-Therian|Landorus-Therian, M|328\/328
|switch|p2a: Hank|Gliscor, F|352\/352
|-ability|p1a: Landorus-Therian|Intimidate|[of] p2a: Hank
|-unboost|p2a: Hank|atk|1
|turn|1
|
|switch|p2a: Keldeo-Resolute|Keldeo-Resolute|323\/323
|move|p1a: Landorus-Therian|U-turn|p2a: Keldeo-Resolute
|-resisted|p2a: Keldeo-Resolute
|-damage|p2a: Keldeo-Resolute|270\/323
|
|switch|p1a: Tentacruel|Tentacruel, F|363\/363
|
|turn|2
|
|move|p2a: Keldeo-Resolute|Hydro Pump|p1a: Tentacruel
|-resisted|p1a: Tentacruel
|-damage|p1a: Tentacruel|234\/363
|move|p1a: Tentacruel|Toxic|p2a: Keldeo-Resolute
|-status|p2a: Keldeo-Resolute|tox
|
|-heal|p1a: Tentacruel|256\/363|[from] item: Black Sludge
|-damage|p2a: Keldeo-Resolute|250\/323 tox|[from] psn
|turn|3
|
|switch|p2a: Starmie|Starmie|323\/323
|switch|p1a: Ferrothorn|Ferrothorn, M|352\/352
|
|turn|4
|
|switch|p2a: Volcarona|Volcarona, M|351\/351
|move|p1a: Ferrothorn|Stealth Rock|p2a: Volcarona
|-sidestart|p2: Vrille|move: Stealth Rock
|
|turn|5
|
|switch|p1a: Gyarados|Gyarados, M|353\/353
|-ability|p1a: Gyarados|Intimidate|[of] p2a: Volcarona
|-unboost|p2a: Volcarona|atk|1
|move|p2a: Volcarona|Fire Blast|p1a: Gyarados
|-resisted|p1a: Gyarados
|-damage|p1a: Gyarados|257\/353
|
|-heal|p1a: Gyarados|279\/353|[from] item: Leftovers
|turn|6
|
|switch|p2a: Jirachi|Jirachi|362\/362
|-damage|p2a: Jirachi|340\/362|[from] Stealth Rock
|move|p1a: Gyarados|Waterfall|p2a: Jirachi
|-damage|p2a: Jirachi|213\/362
|
|-heal|p1a: Gyarados|301\/353|[from] item: Leftovers
|turn|7
|
|switch|p1a: Landorus-Therian|Landorus-Therian, M|328\/328
|-ability|p1a: Landorus-Therian|Intimidate|[of] p2a: Jirachi
|-unboost|p2a: Jirachi|atk|1
|move|p2a: Jirachi|Fire Punch|p1a: Landorus-Therian
|-damage|p1a: Landorus-Therian|277\/328
|
|turn|8
|
|switch|p2a: Hank|Gliscor, F|352\/352
|-damage|p2a: Hank|308\/352|[from] Stealth Rock
|move|p1a: Landorus-Therian|U-turn|p2a: Hank
|-resisted|p2a: Hank
|-damage|p2a: Hank|274\/352
|
|switch|p1a: Politoed|Politoed, F|374\/374
|-weather|RainDance|[from] ability: Drizzle|[of] p1a: Politoed
|
|-weather|RainDance|[upkeep]
|-status|p2a: Hank|tox|[from] item: Toxic Orb
|turn|9
|
|switch|p2a: Starmie|Starmie|323\/323
|-damage|p2a: Starmie|283\/323|[from] Stealth Rock
|switch|p1a: Ferrothorn|Ferrothorn, M|352\/352
|
|-weather|RainDance|[upkeep]
|-heal|p2a: Starmie|303\/323|[from] item: Leftovers
|turn|10
|
|move|p2a: Starmie|Scald|p1a: Ferrothorn
|-resisted|p1a: Ferrothorn
|-damage|p1a: Ferrothorn|294\/352
|move|p1a: Ferrothorn|Stealth Rock|p2a: Starmie
|-fail|p2a: Starmie
|
|-weather|RainDance|[upkeep]
|-heal|p2a: Starmie|323\/323|[from] item: Leftovers
|-heal|p1a: Ferrothorn|316\/352|[from] item: Leftovers
|turn|11
|
|move|p1a: Ferrothorn|Protect|p1a: Ferrothorn
|-singleturn|p1a: Ferrothorn|Protect
|move|p2a: Starmie|Scald|p1a: Ferrothorn
|-activate|p1a: Ferrothorn|Protect
|
|-weather|RainDance|[upkeep]
|-heal|p1a: Ferrothorn|338\/352|[from] item: Leftovers
|turn|12
|
|move|p2a: Starmie|Scald|p1a: Ferrothorn
|-resisted|p1a: Ferrothorn
|-damage|p1a: Ferrothorn|288\/352
|move|p1a: Ferrothorn|Leech Seed|p2a: Starmie
|-start|p2a: Starmie|move: Leech Seed
|
|-weather|RainDance|[upkeep]
|-heal|p1a: Ferrothorn|310\/352|[from] item: Leftovers
|-damage|p2a: Starmie|283\/323|[from] Leech Seed|[of] p1a: Ferrothorn
|-heal|p1a: Ferrothorn|350\/352|[silent]
|turn|13
|
|switch|p2a: Hank|Gliscor, F|274\/352 tox
|-damage|p2a: Hank|230\/352 tox|[from] Stealth Rock
|move|p1a: Ferrothorn|Protect|p1a: Ferrothorn
|-fail|p1a: Ferrothorn
|
|-weather|RainDance|[upkeep]
|-heal|p1a: Ferrothorn|352\/352|[from] item: Leftovers
|-heal|p2a: Hank|274\/352 tox|[from] ability: Poison Heal
|turn|14
|
|move|p2a: Hank|Stealth Rock|p1a: Ferrothorn
|-sidestart|p1: Kwiick|move: Stealth Rock
|move|p1a: Ferrothorn|Gyro Ball|p2a: Hank
|-damage|p2a: Hank|150\/352 tox
|
|-weather|RainDance|[upkeep]
|-heal|p2a: Hank|194\/352 tox|[from] ability: Poison Heal
|turn|15
|
|move|p2a: Hank|Taunt|p1a: Ferrothorn
|-start|p1a: Ferrothorn|move: Taunt
|cant|p1a: Ferrothorn|move: Taunt|Leech Seed
|
|-weather|RainDance|[upkeep]
|-heal|p2a: Hank|238\/352 tox|[from] ability: Poison Heal
|turn|16
|
|switch|p2a: Starmie|Starmie|283\/323
|-damage|p2a: Starmie|243\/323|[from] Stealth Rock
|switch|p1a: Politoed|Politoed, F|374\/374
|-damage|p1a: Politoed|328\/374|[from] Stealth Rock
|
|-weather|RainDance|[upkeep]
|-heal|p2a: Starmie|263\/323|[from] item: Leftovers
|turn|17
|
|move|p2a: Starmie|Rapid Spin|p1a: Politoed
|-damage|p1a: Politoed|314\/374
|-sideend|p2: Vrille|Stealth Rock|[from] move: Rapid Spin|[of] p2a: Starmie
|move|p1a: Politoed|Hidden Power|p2a: Starmie
|-supereffective|p2a: Starmie
|-damage|p2a: Starmie|127\/323
|
|-weather|RainDance|[upkeep]
|-heal|p2a: Starmie|147\/323|[from] item: Leftovers
|turn|18
|
|switch|p1a: Ferrothorn|Ferrothorn, M|352\/352
|-damage|p1a: Ferrothorn|330\/352|[from] Stealth Rock
|move|p2a: Starmie|Recover|p2a: Starmie
|-heal|p2a: Starmie|309\/323
|
|-weather|RainDance|[upkeep]
|-heal|p2a: Starmie|323\/323|[from] item: Leftovers
|-heal|p1a: Ferrothorn|352\/352|[from] item: Leftovers
|turn|19
|
|move|p2a: Starmie|Scald|p1a: Ferrothorn
|-resisted|p1a: Ferrothorn
|-damage|p1a: Ferrothorn|297\/352
|move|p1a: Ferrothorn|Stealth Rock|p2a: Starmie
|-sidestart|p2: Vrille|move: Stealth Rock
|
|-weather|RainDance|[upkeep]
|-heal|p1a: Ferrothorn|319\/352|[from] item: Leftovers
|turn|20
|
|move|p1a: Ferrothorn|Protect|p1a: Ferrothorn
|-singleturn|p1a: Ferrothorn|Protect
|move|p2a: Starmie|Scald|p1a: Ferrothorn
|-activate|p1a: Ferrothorn|Protect
|
|-weather|RainDance|[upkeep]
|-heal|p1a: Ferrothorn|341\/352|[from] item: Leftovers
|turn|21
|
|move|p2a: Starmie|Scald|p1a: Ferrothorn
|-resisted|p1a: Ferrothorn
|-damage|p1a: Ferrothorn|283\/352
|move|p1a: Ferrothorn|Leech Seed|p2a: Starmie
|-start|p2a: Starmie|move: Leech Seed
|
|-weather|RainDance|[upkeep]
|-heal|p1a: Ferrothorn|305\/352|[from] item: Leftovers
|-damage|p2a: Starmie|283\/323|[from] Leech Seed|[of] p1a: Ferrothorn
|-heal|p1a: Ferrothorn|345\/352|[silent]
|turn|22
|chat|Vrille|.
|
|switch|p1a: Tentacruel|Tentacruel, F|256\/363
|-damage|p1a: Tentacruel|211\/363|[from] Stealth Rock
|move|p2a: Starmie|Rapid Spin|p1a: Tentacruel
|-damage|p1a: Tentacruel|198\/363
|-end|p2a: Starmie|Leech Seed|[from] move: Rapid Spin|[of] p2a: Starmie
|-sideend|p2: Vrille|Stealth Rock|[from] move: Rapid Spin|[of] p2a: Starmie
|
|-weather|RainDance|[upkeep]
|-heal|p1a: Tentacruel|220\/363|[from] ability: Rain Dish
|-heal|p2a: Starmie|303\/323|[from] item: Leftovers
|-heal|p1a: Tentacruel|242\/363|[from] item: Black Sludge
|turn|23
|
|move|p2a: Starmie|Scald|p1a: Tentacruel
|-resisted|p1a: Tentacruel
|-damage|p1a: Tentacruel|185\/363
|-status|p1a: Tentacruel|brn
|move|p1a: Tentacruel|Rapid Spin|p2a: Starmie
|-damage|p2a: Starmie|296\/323
|-sideend|p1: Kwiick|Stealth Rock|[from] move: Rapid Spin|[of] p1a: Tentacruel
|
|-weather|RainDance|[upkeep]
|-heal|p1a: Tentacruel|207\/363 brn|[from] ability: Rain Dish
|-heal|p2a: Starmie|316\/323|[from] item: Leftovers
|-heal|p1a: Tentacruel|229\/363 brn|[from] item: Black Sludge
|-damage|p1a: Tentacruel|184\/363 brn|[from] brn
|turn|24
|
|move|p2a: Starmie|Scald|p1a: Tentacruel
|-resisted|p1a: Tentacruel
|-damage|p1a: Tentacruel|123\/363 brn
|move|p1a: Tentacruel|Toxic|p2a: Starmie
|-status|p2a: Starmie|tox
|
|-weather|RainDance|[upkeep]
|-heal|p1a: Tentacruel|145\/363 brn|[from] ability: Rain Dish
|-heal|p2a: Starmie|323\/323 tox|[from] item: Leftovers
|-heal|p1a: Tentacruel|167\/363 brn|[from] item: Black Sludge
|-damage|p2a: Starmie|303\/323 tox|[from] psn
|-damage|p1a: Tentacruel|122\/363 brn|[from] brn
|turn|25
|
|switch|p2a: Heisenberg|Abomasnow, M|371\/371
|-weather|Hail|[from] ability: Snow Warning|[of] p2a: Heisenberg
|switch|p1a: Politoed|Politoed, F|314\/374
|-weather|RainDance|[from] ability: Drizzle|[of] p1a: Politoed
|
|-weather|RainDance|[upkeep]
|turn|26
|
|switch|p1a: Ferrothorn|Ferrothorn, M|345\/352
|switch|p2a: Starmie|Starmie|303\/323
|
|-weather|RainDance|[upkeep]
|-heal|p2a: Starmie|323\/323|[from] item: Leftovers
|-heal|p1a: Ferrothorn|352\/352|[from] item: Leftovers
|turn|27
|
|move|p2a: Starmie|Scald|p1a: Ferrothorn
|-resisted|p1a: Ferrothorn
|-damage|p1a: Ferrothorn|295\/352
|move|p1a: Ferrothorn|Stealth Rock|p2a: Starmie
|-sidestart|p2: Vrille|move: Stealth Rock
|
|-weather|RainDance|[upkeep]
|-heal|p1a: Ferrothorn|317\/352|[from] item: Leftovers
|turn|28
|
|switch|p1a: Politoed|Politoed, F|314\/374
|move|p2a: Starmie|Scald|p1a: Politoed
|-resisted|p1a: Politoed
|-damage|p1a: Politoed|248\/374
|
|-weather|RainDance|[upkeep]
|turn|29
|
|move|p2a: Starmie|Rapid Spin|p1a: Politoed
|-damage|p1a: Politoed|234\/374
|-sideend|p2: Vrille|Stealth Rock|[from] move: Rapid Spin|[of] p2a: Starmie
|move|p1a: Politoed|Hidden Power|p2a: Starmie
|-supereffective|p2a: Starmie
|-damage|p2a: Starmie|197\/323
|
|-weather|RainDance|[upkeep]
|-heal|p2a: Starmie|217\/323|[from] item: Leftovers
|turn|30
|
|move|p2a: Starmie|Toxic|p1a: Politoed
|-status|p1a: Politoed|tox
|move|p1a: Politoed|Scald|p2a: Starmie
|-resisted|p2a: Starmie
|-damage|p2a: Starmie|141\/323
|-status|p2a: Starmie|brn
|
|-weather|RainDance|[upkeep]
|-heal|p2a: Starmie|161\/323 brn|[from] item: Leftovers
|-damage|p2a: Starmie|121\/323 brn|[from] brn
|-damage|p1a: Politoed|211\/374 tox|[from] psn
|turn|31
|
|move|p2a: Starmie|Recover|p2a: Starmie
|-heal|p2a: Starmie|283\/323 brn
|move|p1a: Politoed|Rest|p1a: Politoed
|-status|p1a: Politoed|slp
|-heal|p1a: Politoed|374\/374 slp|[silent]
|-status|p1a: Politoed|slp|[from] move: Rest
|-enditem|p1a: Politoed|Chesto Berry|[eat]
|-curestatus|p1a: Politoed|slp
|
|-weather|RainDance|[upkeep]
|-heal|p2a: Starmie|303\/323 brn|[from] item: Leftovers
|-damage|p2a: Starmie|263\/323 brn|[from] brn
|turn|32
|
|switch|p2a: Heisenberg|Abomasnow, M|371\/371
|-weather|Hail|[from] ability: Snow Warning|[of] p2a: Heisenberg
|move|p1a: Politoed|Hidden Power|p2a: Heisenberg
|-resisted|p2a: Heisenberg
|-damage|p2a: Heisenberg|328\/371
|
|-weather|Hail|[upkeep]
|-damage|p1a: Politoed|351\/374|[from] hail
|-heal|p2a: Heisenberg|351\/371|[from] item: Leftovers
|turn|33
|
|switch|p1a: Ferrothorn|Ferrothorn, M|317\/352
|switch|p2a: Starmie|Starmie|263\/323
|
|-weather|Hail|[upkeep]
|-damage|p2a: Starmie|243\/323|[from] hail
|-damage|p1a: Ferrothorn|295\/352|[from] hail
|-heal|p2a: Starmie|263\/323|[from] item: Leftovers
|-heal|p1a: Ferrothorn|317\/352|[from] item: Leftovers
|turn|34
|
|move|p2a: Starmie|Scald|p1a: Ferrothorn
|-resisted|p1a: Ferrothorn
|-damage|p1a: Ferrothorn|281\/352
|-status|p1a: Ferrothorn|brn
|move|p1a: Ferrothorn|Stealth Rock|p2a: Starmie
|-sidestart|p2: Vrille|move: Stealth Rock
|
|-weather|Hail|[upkeep]
|-damage|p2a: Starmie|243\/323|[from] hail
|-damage|p1a: Ferrothorn|259\/352 brn|[from] hail
|-heal|p2a: Starmie|263\/323|[from] item: Leftovers
|-heal|p1a: Ferrothorn|281\/352 brn|[from] item: Leftovers
|-damage|p1a: Ferrothorn|237\/352 brn|[from] brn
|turn|35
|
|move|p2a: Starmie|Scald|p1a: Ferrothorn
|-resisted|p1a: Ferrothorn
|-damage|p1a: Ferrothorn|204\/352 brn
|move|p1a: Ferrothorn|Leech Seed|p2a: Starmie
|-start|p2a: Starmie|move: Leech Seed
|
|-weather|Hail|[upkeep]
|-damage|p2a: Starmie|243\/323|[from] hail
|-damage|p1a: Ferrothorn|182\/352 brn|[from] hail
|-heal|p2a: Starmie|263\/323|[from] item: Leftovers
|-heal|p1a: Ferrothorn|204\/352 brn|[from] item: Leftovers
|-damage|p2a: Starmie|223\/323|[from] Leech Seed|[of] p1a: Ferrothorn
|-heal|p1a: Ferrothorn|244\/352 brn|[silent]
|-damage|p1a: Ferrothorn|200\/352 brn|[from] brn
|turn|36
|
|move|p2a: Starmie|Rapid Spin|p1a: Ferrothorn
|-resisted|p1a: Ferrothorn
|-damage|p1a: Ferrothorn|196\/352 brn
|-damage|p2a: Starmie|183\/323|[from] ability: Iron Barbs|[of] p1a: Ferrothorn
|-end|p2a: Starmie|Leech Seed|[from] move: Rapid Spin|[of] p2a: Starmie
|-sideend|p2: Vrille|Stealth Rock|[from] move: Rapid Spin|[of] p2a: Starmie
|move|p1a: Ferrothorn|Leech Seed|p2a: Starmie
|-start|p2a: Starmie|move: Leech Seed
|
|-weather|Hail|[upkeep]
|-damage|p2a: Starmie|163\/323|[from] hail
|-damage|p1a: Ferrothorn|174\/352 brn|[from] hail
|-heal|p2a: Starmie|183\/323|[from] item: Leftovers
|-heal|p1a: Ferrothorn|196\/352 brn|[from] item: Leftovers
|-damage|p2a: Starmie|143\/323|[from] Leech Seed|[of] p1a: Ferrothorn
|-heal|p1a: Ferrothorn|236\/352 brn|[silent]
|-damage|p1a: Ferrothorn|192\/352 brn|[from] brn
|turn|37
|
|move|p2a: Starmie|Recover|p2a: Starmie
|-heal|p2a: Starmie|305\/323
|move|p1a: Ferrothorn|Stealth Rock|p2a: Starmie
|-sidestart|p2: Vrille|move: Stealth Rock
|
|-weather|Hail|[upkeep]
|-damage|p2a: Starmie|285\/323|[from] hail
|-damage|p1a: Ferrothorn|170\/352 brn|[from] hail
|-heal|p2a: Starmie|305\/323|[from] item: Leftovers
|-heal|p1a: Ferrothorn|192\/352 brn|[from] item: Leftovers
|-damage|p2a: Starmie|265\/323|[from] Leech Seed|[of] p1a: Ferrothorn
|-heal|p1a: Ferrothorn|232\/352 brn|[silent]
|-damage|p1a: Ferrothorn|188\/352 brn|[from] brn
|turn|38
|
|move|p1a: Ferrothorn|Protect|p1a: Ferrothorn
|-singleturn|p1a: Ferrothorn|Protect
|move|p2a: Starmie|Rapid Spin|p1a: Ferrothorn
|-activate|p1a: Ferrothorn|Protect
|
|-weather|Hail|[upkeep]
|-damage|p2a: Starmie|245\/323|[from] hail
|-damage|p1a: Ferrothorn|166\/352 brn|[from] hail
|-heal|p2a: Starmie|265\/323|[from] item: Leftovers
|-heal|p1a: Ferrothorn|188\/352 brn|[from] item: Leftovers
|-damage|p2a: Starmie|225\/323|[from] Leech Seed|[of] p1a: Ferrothorn
|-heal|p1a: Ferrothorn|228\/352 brn|[silent]
|-damage|p1a: Ferrothorn|184\/352 brn|[from] brn
|turn|39
|
|move|p2a: Starmie|Rapid Spin|p1a: Ferrothorn
|-resisted|p1a: Ferrothorn
|-damage|p1a: Ferrothorn|180\/352 brn
|-damage|p2a: Starmie|185\/323|[from] ability: Iron Barbs|[of] p1a: Ferrothorn
|-end|p2a: Starmie|Leech Seed|[from] move: Rapid Spin|[of] p2a: Starmie
|-sideend|p2: Vrille|Stealth Rock|[from] move: Rapid Spin|[of] p2a: Starmie
|move|p1a: Ferrothorn|Leech Seed|p2a: Starmie
|-start|p2a: Starmie|move: Leech Seed
|
|-weather|Hail|[upkeep]
|-damage|p2a: Starmie|165\/323|[from] hail
|-damage|p1a: Ferrothorn|158\/352 brn|[from] hail
|-heal|p2a: Starmie|185\/323|[from] item: Leftovers
|-heal|p1a: Ferrothorn|180\/352 brn|[from] item: Leftovers
|-damage|p2a: Starmie|145\/323|[from] Leech Seed|[of] p1a: Ferrothorn
|-heal|p1a: Ferrothorn|220\/352 brn|[silent]
|-damage|p1a: Ferrothorn|176\/352 brn|[from] brn
|turn|40
|
|move|p2a: Starmie|Scald|p1a: Ferrothorn
|-resisted|p1a: Ferrothorn
|-damage|p1a: Ferrothorn|141\/352 brn
|move|p1a: Ferrothorn|Stealth Rock|p2a: Starmie
|-sidestart|p2: Vrille|move: Stealth Rock
|
|-weather|Hail|[upkeep]
|-damage|p2a: Starmie|125\/323|[from] hail
|-damage|p1a: Ferrothorn|119\/352 brn|[from] hail
|-heal|p2a: Starmie|145\/323|[from] item: Leftovers
|-heal|p1a: Ferrothorn|141\/352 brn|[from] item: Leftovers
|-damage|p2a: Starmie|105\/323|[from] Leech Seed|[of] p1a: Ferrothorn
|-heal|p1a: Ferrothorn|181\/352 brn|[silent]
|-damage|p1a: Ferrothorn|137\/352 brn|[from] brn
|turn|41
|
|switch|p1a: Landorus-Therian|Landorus-Therian, M|277\/328
|-ability|p1a: Landorus-Therian|Intimidate|[of] p2a: Starmie
|-unboost|p2a: Starmie|atk|1
|move|p2a: Starmie|Recover|p2a: Starmie
|-heal|p2a: Starmie|267\/323
|
|-weather|Hail|[upkeep]
|-damage|p1a: Landorus-Therian|257\/328|[from] hail
|-damage|p2a: Starmie|247\/323|[from] hail
|-heal|p2a: Starmie|267\/323|[from] item: Leftovers
|-damage|p2a: Starmie|227\/323|[from] Leech Seed|[of] p1a: Landorus-Therian
|-heal|p1a: Landorus-Therian|297\/328|[silent]
|turn|42
|
|switch|p2a: Hank|Gliscor, F|238\/352 tox
|-damage|p2a: Hank|194\/352 tox|[from] Stealth Rock
|move|p1a: Landorus-Therian|U-turn|p2a: Hank
|-crit|p2a: Hank
|-resisted|p2a: Hank
|-damage|p2a: Hank|124\/352 tox
|
|switch|p1a: Politoed|Politoed, F|351\/374
|-weather|RainDance|[from] ability: Drizzle|[of] p1a: Politoed
|
|-weather|RainDance|[upkeep]
|-heal|p2a: Hank|168\/352 tox|[from] ability: Poison Heal
|turn|43
|
|switch|p2a: Jirachi|Jirachi|213\/362
|-damage|p2a: Jirachi|191\/362|[from] Stealth Rock
|move|p1a: Politoed|Scald|p2a: Jirachi
|-damage|p2a: Jirachi|16\/362
|
|-weather|RainDance|[upkeep]
|turn|44
|
|switch|p2a: Starmie|Starmie|227\/323
|-damage|p2a: Starmie|187\/323|[from] Stealth Rock
|move|p1a: Politoed|Hidden Power|p2a: Starmie
|-supereffective|p2a: Starmie
|-damage|p2a: Starmie|71\/323
|
|-weather|RainDance|[upkeep]
|-heal|p2a: Starmie|91\/323|[from] item: Leftovers
|turn|45
|
|switch|p1a: Thundurus-Therian|Thundurus-Therian, M|299\/299
|move|p2a: Starmie|Recover|p2a: Starmie
|-heal|p2a: Starmie|253\/323
|
|-weather|RainDance|[upkeep]
|-heal|p2a: Starmie|273\/323|[from] item: Leftovers
|turn|46
|
|switch|p2a: Jirachi|Jirachi|16\/362
|-damage|p2a: Jirachi|0 fnt|[from] Stealth Rock
|faint|p2a: Jirachi
|move|p1a: Thundurus-Therian|Focus Blast|p2: Jirachi|[notarget]
|-notarget
|
|-weather|RainDance|[upkeep]
|
|switch|p2a: Keldeo-Resolute|Keldeo-Resolute|250\/323 tox
|-damage|p2a: Keldeo-Resolute|230\/323 tox|[from] Stealth Rock
|turn|47
|
|move|p2a: Keldeo-Resolute|Surf|p1a: Thundurus-Therian
|-damage|p1a: Thundurus-Therian|0 fnt
|faint|p1a: Thundurus-Therian
|
|-weather|RainDance|[upkeep]
|-damage|p2a: Keldeo-Resolute|210\/323 tox|[from] psn
|
|switch|p1a: Gyarados|Gyarados, M|301\/353
|-ability|p1a: Gyarados|Intimidate|[of] p2a: Keldeo-Resolute
|-unboost|p2a: Keldeo-Resolute|atk|1
|turn|48
|
|switch|p2a: Heisenberg|Abomasnow, M|351\/371
|-damage|p2a: Heisenberg|259\/371|[from] Stealth Rock
|-weather|Hail|[from] ability: Snow Warning|[of] p2a: Heisenberg
|move|p1a: Gyarados|Dragon Dance|p1a: Gyarados
|-boost|p1a: Gyarados|atk|1
|-boost|p1a: Gyarados|spe|1
|
|-weather|Hail|[upkeep]
|-damage|p1a: Gyarados|279\/353|[from] hail
|-heal|p1a: Gyarados|301\/353|[from] item: Leftovers
|-heal|p2a: Heisenberg|282\/371|[from] item: Leftovers
|turn|49
|
|move|p1a: Gyarados|Bounce|p2a: Heisenberg|[still]
|-prepare|p1a: Gyarados|Bounce|p2a: Heisenberg
|move|p2a: Heisenberg|Wood Hammer|p1a: Gyarados|[miss]
|-miss|p2a: Heisenberg|p1a: Gyarados
|
|-weather|Hail|[upkeep]
|-damage|p1a: Gyarados|279\/353|[from] hail
|-heal|p1a: Gyarados|301\/353|[from] item: Leftovers
|-heal|p2a: Heisenberg|305\/371|[from] item: Leftovers
|turn|50
|
|move|p2a: Heisenberg|Protect|p2a: Heisenberg
|-singleturn|p2a: Heisenberg|Protect
|move|p1a: Gyarados|Bounce|p2a: Heisenberg
|-activate|p2a: Heisenberg|Protect
|
|-weather|Hail|[upkeep]
|-damage|p1a: Gyarados|279\/353|[from] hail
|-heal|p1a: Gyarados|301\/353|[from] item: Leftovers
|-heal|p2a: Heisenberg|328\/371|[from] item: Leftovers
|turn|51
|
|move|p1a: Gyarados|Waterfall|p2a: Heisenberg
|-resisted|p2a: Heisenberg
|-damage|p2a: Heisenberg|186\/371
|cant|p2a: Heisenberg|flinch
|
|-weather|Hail|[upkeep]
|-damage|p1a: Gyarados|279\/353|[from] hail
|-heal|p1a: Gyarados|301\/353|[from] item: Leftovers
|-heal|p2a: Heisenberg|209\/371|[from] item: Leftovers
|turn|52
|
|switch|p1a: Ferrothorn|Ferrothorn, M|137\/352 brn
|move|p2a: Heisenberg|Wood Hammer|p1a: Ferrothorn
|-resisted|p1a: Ferrothorn
|-damage|p1a: Ferrothorn|108\/352 brn
|-damage|p2a: Heisenberg|163\/371|[from] ability: Iron Barbs|[of] p1a: Ferrothorn
|-damage|p2a: Heisenberg|153\/371|[from] recoil|[of] p1a: Ferrothorn
|
|-weather|Hail|[upkeep]
|-damage|p1a: Ferrothorn|86\/352 brn|[from] hail
|-heal|p2a: Heisenberg|176\/371|[from] item: Leftovers
|-heal|p1a: Ferrothorn|108\/352 brn|[from] item: Leftovers
|-damage|p1a: Ferrothorn|64\/352 brn|[from] brn
|turn|53
|
|move|p2a: Heisenberg|Protect|p2a: Heisenberg
|-singleturn|p2a: Heisenberg|Protect
|move|p1a: Ferrothorn|Gyro Ball|p2a: Heisenberg
|-activate|p2a: Heisenberg|Protect
|
|-weather|Hail|[upkeep]
|-damage|p1a: Ferrothorn|42\/352 brn|[from] hail
|-heal|p2a: Heisenberg|199\/371|[from] item: Leftovers
|-heal|p1a: Ferrothorn|64\/352 brn|[from] item: Leftovers
|-damage|p1a: Ferrothorn|20\/352 brn|[from] brn
|turn|54
|
|move|p2a: Heisenberg|Ice Shard|p1a: Ferrothorn
|-damage|p1a: Ferrothorn|0 fnt
|faint|p1a: Ferrothorn
|
|-weather|Hail|[upkeep]
|-heal|p2a: Heisenberg|222\/371|[from] item: Leftovers
|
|switch|p1a: Landorus-Therian|Landorus-Therian, M|297\/328
|-ability|p1a: Landorus-Therian|Intimidate|[of] p2a: Heisenberg
|-unboost|p2a: Heisenberg|atk|1
|turn|55
|
|move|p2a: Heisenberg|Protect|p2a: Heisenberg
|-singleturn|p2a: Heisenberg|Protect
|move|p1a: Landorus-Therian|Superpower|p2a: Heisenberg
|-activate|p2a: Heisenberg|Protect
|
|-weather|Hail|[upkeep]
|-damage|p1a: Landorus-Therian|277\/328|[from] hail
|-heal|p2a: Heisenberg|245\/371|[from] item: Leftovers
|turn|56
|
|switch|p1a: Politoed|Politoed, F|351\/374
|-weather|RainDance|[from] ability: Drizzle|[of] p1a: Politoed
|switch|p2a: Hank|Gliscor, F|168\/352 tox
|-damage|p2a: Hank|124\/352 tox|[from] Stealth Rock
|
|-weather|RainDance|[upkeep]
|-heal|p2a: Hank|168\/352 tox|[from] ability: Poison Heal
|turn|57
|
|move|p2a: Hank|Stealth Rock|p1a: Politoed
|-sidestart|p1: Kwiick|move: Stealth Rock
|move|p1a: Politoed|Scald|p2a: Hank
|-supereffective|p2a: Hank
|-damage|p2a: Hank|0 fnt
|faint|p2a: Hank
|
|-weather|RainDance|[upkeep]
|
|switch|p2a: Starmie|Starmie|273\/323
|-damage|p2a: Starmie|233\/323|[from] Stealth Rock
|turn|58
|
|switch|p1a: Tentacruel|Tentacruel, F|122\/363 brn
|-damage|p1a: Tentacruel|77\/363 brn|[from] Stealth Rock
|move|p2a: Starmie|Rapid Spin|p1a: Tentacruel
|-damage|p1a: Tentacruel|65\/363 brn
|-sideend|p2: Vrille|Stealth Rock|[from] move: Rapid Spin|[of] p2a: Starmie
|
|-weather|RainDance|[upkeep]
|-heal|p1a: Tentacruel|87\/363 brn|[from] ability: Rain Dish
|-heal|p2a: Starmie|253\/323|[from] item: Leftovers
|-heal|p1a: Tentacruel|109\/363 brn|[from] item: Black Sludge
|-damage|p1a: Tentacruel|64\/363 brn|[from] brn
|turn|59
|
|move|p2a: Starmie|Scald|p1a: Tentacruel
|-resisted|p1a: Tentacruel
|-damage|p1a: Tentacruel|3\/363 brn
|move|p1a: Tentacruel|Toxic|p2a: Starmie
|-status|p2a: Starmie|tox
|
|-weather|RainDance|[upkeep]
|-heal|p1a: Tentacruel|25\/363 brn|[from] ability: Rain Dish
|-heal|p2a: Starmie|273\/323 tox|[from] item: Leftovers
|-heal|p1a: Tentacruel|47\/363 brn|[from] item: Black Sludge
|-damage|p2a: Starmie|253\/323 tox|[from] psn
|-damage|p1a: Tentacruel|2\/363 brn|[from] brn
|turn|60
|
|move|p2a: Starmie|Scald|p1a: Tentacruel
|-resisted|p1a: Tentacruel
|-damage|p1a: Tentacruel|0 fnt
|faint|p1a: Tentacruel
|
|-weather|RainDance|[upkeep]
|-heal|p2a: Starmie|273\/323 tox|[from] item: Leftovers
|-damage|p2a: Starmie|233\/323 tox|[from] psn
|
|switch|p1a: Landorus-Therian|Landorus-Therian, M|277\/328
|-damage|p1a: Landorus-Therian|236\/328|[from] Stealth Rock
|-ability|p1a: Landorus-Therian|Intimidate|[of] p2a: Starmie
|-unboost|p2a: Starmie|atk|1
|turn|61
|
|switch|p2a: Volcarona|Volcarona, M|351\/351
|move|p1a: Landorus-Therian|Earthquake|p2a: Volcarona
|-damage|p2a: Volcarona|140\/351
|
|-weather|RainDance|[upkeep]
|-heal|p2a: Volcarona|161\/351|[from] item: Leftovers
|turn|62
|
|switch|p2a: Heisenberg|Abomasnow, M|245\/371
|-weather|Hail|[from] ability: Snow Warning|[of] p2a: Heisenberg
|move|p1a: Landorus-Therian|Earthquake|p2a: Heisenberg
|-resisted|p2a: Heisenberg
|-damage|p2a: Heisenberg|124\/371
|
|-weather|Hail|[upkeep]
|-damage|p1a: Landorus-Therian|216\/328|[from] hail
|-heal|p2a: Heisenberg|147\/371|[from] item: Leftovers
|turn|63
|
|switch|p1a: Politoed|Politoed, F|351\/374
|-damage|p1a: Politoed|305\/374|[from] Stealth Rock
|-weather|RainDance|[from] ability: Drizzle|[of] p1a: Politoed
|move|p2a: Heisenberg|Ice Shard|p1a: Politoed
|-resisted|p1a: Politoed
|-damage|p1a: Politoed|264\/374
|
|-weather|RainDance|[upkeep]
|-heal|p2a: Heisenberg|170\/371|[from] item: Leftovers
|turn|64
|
|switch|p2a: Starmie|Starmie|233\/323
|move|p1a: Politoed|Scald|p2a: Starmie
|-crit|p2a: Starmie
|-resisted|p2a: Starmie
|-damage|p2a: Starmie|67\/323
|-status|p2a: Starmie|brn
|
|-weather|RainDance|[upkeep]
|-heal|p2a: Starmie|87\/323 brn|[from] item: Leftovers
|-damage|p2a: Starmie|47\/323 brn|[from] brn
|turn|65
|
|move|p2a: Starmie|Recover|p2a: Starmie
|-heal|p2a: Starmie|209\/323 brn
|move|p1a: Politoed|Hidden Power|p2a: Starmie
|-supereffective|p2a: Starmie
|-damage|p2a: Starmie|79\/323 brn
|
|-weather|RainDance|[upkeep]
|-heal|p2a: Starmie|99\/323 brn|[from] item: Leftovers
|-damage|p2a: Starmie|59\/323 brn|[from] brn
|turn|66
|
|move|p2a: Starmie|Recover|p2a: Starmie
|-heal|p2a: Starmie|221\/323 brn
|move|p1a: Politoed|Hidden Power|p2a: Starmie
|-supereffective|p2a: Starmie
|-damage|p2a: Starmie|97\/323 brn
|
|-weather|RainDance|[upkeep]
|-heal|p2a: Starmie|117\/323 brn|[from] item: Leftovers
|-damage|p2a: Starmie|77\/323 brn|[from] brn
|turn|67
|
|switch|p2a: Heisenberg|Abomasnow, M|170\/371
|-weather|Hail|[from] ability: Snow Warning|[of] p2a: Heisenberg
|move|p1a: Politoed|Hidden Power|p2a: Heisenberg
|-resisted|p2a: Heisenberg
|-damage|p2a: Heisenberg|131\/371
|
|-weather|Hail|[upkeep]
|-damage|p1a: Politoed|241\/374|[from] hail
|-heal|p2a: Heisenberg|154\/371|[from] item: Leftovers
|turn|68
|
|switch|p2a: Starmie|Starmie|77\/323
|move|p1a: Politoed|Ice Beam|p2a: Starmie
|-resisted|p2a: Starmie
|-damage|p2a: Starmie|34\/323
|
|-weather|Hail|[upkeep]
|-damage|p2a: Starmie|14\/323|[from] hail
|-damage|p1a: Politoed|218\/374|[from] hail
|-heal|p2a: Starmie|34\/323|[from] item: Leftovers
|turn|69
|
|move|p2a: Starmie|Recover|p2a: Starmie
|-heal|p2a: Starmie|196\/323
|move|p1a: Politoed|Hidden Power|p2a: Starmie
|-supereffective|p2a: Starmie
|-damage|p2a: Starmie|64\/323
|
|-weather|Hail|[upkeep]
|-damage|p2a: Starmie|44\/323|[from] hail
|-damage|p1a: Politoed|195\/374|[from] hail
|-heal|p2a: Starmie|64\/323|[from] item: Leftovers
|turn|70
|
|move|p2a: Starmie|Recover|p2a: Starmie
|-heal|p2a: Starmie|226\/323
|move|p1a: Politoed|Hidden Power|p2a: Starmie
|-supereffective|p2a: Starmie
|-damage|p2a: Starmie|94\/323
|
|-weather|Hail|[upkeep]
|-damage|p2a: Starmie|74\/323|[from] hail
|-damage|p1a: Politoed|172\/374|[from] hail
|-heal|p2a: Starmie|94\/323|[from] item: Leftovers
|turn|71
|
|move|p2a: Starmie|Recover|p2a: Starmie
|-heal|p2a: Starmie|256\/323
|move|p1a: Politoed|Hidden Power|p2a: Starmie
|-supereffective|p2a: Starmie
|-damage|p2a: Starmie|122\/323
|
|-weather|Hail|[upkeep]
|-damage|p2a: Starmie|102\/323|[from] hail
|-damage|p1a: Politoed|149\/374|[from] hail
|-heal|p2a: Starmie|122\/323|[from] item: Leftovers
|turn|72
|
|move|p2a: Starmie|Recover|p2a: Starmie
|-heal|p2a: Starmie|284\/323
|move|p1a: Politoed|Scald|p2a: Starmie
|-resisted|p2a: Starmie
|-damage|p2a: Starmie|230\/323
|-status|p2a: Starmie|brn
|
|-weather|Hail|[upkeep]
|-damage|p2a: Starmie|210\/323 brn|[from] hail
|-damage|p1a: Politoed|126\/374|[from] hail
|-heal|p2a: Starmie|230\/323 brn|[from] item: Leftovers
|-damage|p2a: Starmie|190\/323 brn|[from] brn
|turn|73
|
|switch|p2a: Volcarona|Volcarona, M|161\/351
|move|p1a: Politoed|Hidden Power|p2a: Volcarona
|-resisted|p2a: Volcarona
|-damage|p2a: Volcarona|143\/351
|
|-weather|Hail|[upkeep]
|-damage|p2a: Volcarona|122\/351|[from] hail
|-damage|p1a: Politoed|103\/374|[from] hail
|-heal|p2a: Volcarona|143\/351|[from] item: Leftovers
|turn|74
|
|move|p2a: Volcarona|Quiver Dance|p2a: Volcarona
|-boost|p2a: Volcarona|spa|1
|-boost|p2a: Volcarona|spd|1
|-boost|p2a: Volcarona|spe|1
|move|p1a: Politoed|Scald|p2a: Volcarona
|-supereffective|p2a: Volcarona
|-damage|p2a: Volcarona|0 fnt
|faint|p2a: Volcarona
|
|-weather|Hail|[upkeep]
|-damage|p1a: Politoed|80\/374|[from] hail
|
|switch|p2a: Keldeo-Resolute|Keldeo-Resolute|210\/323 tox
|turn|75
|
|move|p2a: Keldeo-Resolute|Surf|p1a: Politoed
|-resisted|p1a: Politoed
|-damage|p1a: Politoed|0 fnt
|faint|p1a: Politoed
|
|-weather|Hail|[upkeep]
|-damage|p2a: Keldeo-Resolute|190\/323 tox|[from] hail
|-damage|p2a: Keldeo-Resolute|170\/323 tox|[from] psn
|
|switch|p1a: Gyarados|Gyarados, M|301\/353
|-damage|p1a: Gyarados|213\/353|[from] Stealth Rock
|-ability|p1a: Gyarados|Intimidate|[of] p2a: Keldeo-Resolute
|-unboost|p2a: Keldeo-Resolute|atk|1
|turn|76
|
|move|p2a: Keldeo-Resolute|Surf|p1a: Gyarados
|-resisted|p1a: Gyarados
|-damage|p1a: Gyarados|85\/353
|move|p1a: Gyarados|Dragon Dance|p1a: Gyarados
|-boost|p1a: Gyarados|atk|1
|-boost|p1a: Gyarados|spe|1
|
|-weather|Hail|[upkeep]
|-damage|p1a: Gyarados|63\/353|[from] hail
|-damage|p2a: Keldeo-Resolute|150\/323 tox|[from] hail
|-heal|p1a: Gyarados|85\/353|[from] item: Leftovers
|-damage|p2a: Keldeo-Resolute|110\/323 tox|[from] psn
|turn|77
|
|move|p1a: Gyarados|Waterfall|p2a: Keldeo-Resolute
|-resisted|p2a: Keldeo-Resolute
|-damage|p2a: Keldeo-Resolute|0 fnt
|faint|p2a: Keldeo-Resolute
|
|-weather|Hail|[upkeep]
|-damage|p1a: Gyarados|63\/353|[from] hail
|-heal|p1a: Gyarados|85\/353|[from] item: Leftovers
|
|switch|p2a: Heisenberg|Abomasnow, M|154\/371
|turn|78
|
|move|p2a: Heisenberg|Ice Shard|p1a: Gyarados
|-damage|p1a: Gyarados|15\/353
|move|p1a: Gyarados|Waterfall|p2a: Heisenberg
|-resisted|p2a: Heisenberg
|-damage|p2a: Heisenberg|13\/371
|
|-weather|Hail|[upkeep]
|-damage|p1a: Gyarados|0 fnt|[from] hail
|-heal|p2a: Heisenberg|36\/371|[from] item: Leftovers
|faint|p1a: Gyarados
|
|switch|p1a: Landorus-Therian|Landorus-Therian, M|216\/328
|-damage|p1a: Landorus-Therian|175\/328|[from] Stealth Rock
|-ability|p1a: Landorus-Therian|Intimidate|[of] p2a: Heisenberg
|-unboost|p2a: Heisenberg|atk|1
|turn|79
|chat|Kwiick|u are really really really bad
|chat|Kwiick|how many fails u did
|chat|Kwiick|but ur match up saved u :)
|
|move|p2a: Heisenberg|Protect|p2a: Heisenberg
|-singleturn|p2a: Heisenberg|Protect
|move|p1a: Landorus-Therian|Earthquake|p2a: Heisenberg
|-activate|p2a: Heisenberg|Protect
|
|-weather|Hail|[upkeep]
|-damage|p1a: Landorus-Therian|155\/328|[from] hail
|-heal|p2a: Heisenberg|59\/371|[from] item: Leftovers
|turn|80
|
|switch|p2a: Starmie|Starmie|190\/323
|move|p1a: Landorus-Therian|Earthquake|p2a: Starmie
|-damage|p2a: Starmie|0 fnt
|faint|p2a: Starmie
|
|-weather|Hail|[upkeep]
|-damage|p1a: Landorus-Therian|135\/328|[from] hail
|
|switch|p2a: Heisenberg|Abomasnow, M|59\/371
|turn|81
|
|move|p2a: Heisenberg|Ice Shard|p1a: Landorus-Therian
|-supereffective|p1a: Landorus-Therian
|-damage|p1a: Landorus-Therian|0 fnt
|faint|p1a: Landorus-Therian
|
|win|Vrille
|raw|Ladder updating...
|raw|Kwiick's rating: 1396 &rarr; <strong>1365<\/strong><br \/>(-31 for losing)
|raw|Vrille's rating: 1171 &rarr; <strong>1211<\/strong><br \/>(+40 for winning)
|leave|Kwiick
|player|p1