|join|Purple Quagsire
|join|Vrille
|player|p1|Purple Quagsire|165
|player|p2|Vrille|3
|gametype|singles
|gen|5
|tier|[Gen 5] OU
|rated
|rule|Evasion Abilities Clause: Evasion abilities are banned
|clearpoke
|poke|p1|Politoed, F
|poke|p1|Landorus-Therian, M
|poke|p1|Ferrothorn, F
|poke|p1|Jirachi
|poke|p1|Latios, M
|poke|p1|Toxicroak, M
|poke|p2|Abomasnow, M
|poke|p2|Gliscor, F
|poke|p2|Volcarona, F
|poke|p2|Starmie
|poke|p2|Keldeo-Resolute
|poke|p2|Jirachi
|rule|Sleep Clause Mod: Limit one foe put to sleep
|rule|Species Clause: Limit one of each PokÃ©mon
|rule|OHKO Clause: OHKO moves are banned
|rule|Moody Clause: Moody is banned
|rule|Evasion Moves Clause: Evasion moves are banned
|rule|Endless Battle Clause: Forcing endless battles is banned
|rule|HP Percentage Mod: HP is shown in percentages
|teampreview
|
|start
|switch|p1a: Bane of Rain|Toxicroak, M|314\/314
|switch|p2a: Starmie|Starmie|323\/323
|turn|1
|
|switch|p2a: Volcarona|Volcarona, F|351\/351
|switch|p1a: Jirachi Jirachi|Jirachi|404\/404
|
|turn|2
|
|switch|p2a: Gliscor|Gliscor, F|352\/352
|move|p1a: Jirachi Jirachi|Thunder|p2a: Gliscor
|-immune|p2a: Gliscor|[msg]
|
|-status|p2a: Gliscor|tox|[from] item: Toxic Orb
|turn|3
|
|switch|p1a: Chocolate|Ferrothorn, F|352\/352
|move|p2a: Gliscor|Stealth Rock|p1a: Chocolate
|-sidestart|p1: Purple Quagsire|move: Stealth Rock
|
|turn|4
|
|move|p2a: Gliscor|Taunt|p1a: Chocolate
|-start|p1a: Chocolate|move: Taunt
|cant|p1a: Chocolate|move: Taunt|Leech Seed
|
|turn|5
|
|switch|p2a: Volcarona|Volcarona, F|351\/351
|switch|p1a: Leandros|Landorus-Therian, M|377\/377
|-damage|p1a: Leandros|330\/377|[from] Stealth Rock
|-ability|p1a: Leandros|Intimidate|[of] p2a: Volcarona
|-unboost|p2a: Volcarona|atk|1
|
|-heal|p1a: Leandros|353\/377|[from] item: Leftovers
|turn|6
|
|switch|p2a: Keldeo-Resolute|Keldeo-Resolute|323\/323
|move|p1a: Leandros|Earthquake|p2a: Keldeo-Resolute
|-damage|p2a: Keldeo-Resolute|140\/323
|
|-heal|p1a: Leandros|376\/377|[from] item: Leftovers
|turn|7
|
|switch|p1a: Bane of Rain|Toxicroak, M|314\/314
|-damage|p1a: Bane of Rain|295\/314|[from] Stealth Rock
|move|p2a: Keldeo-Resolute|Secret Sword|p1a: Bane of Rain
|-resisted|p1a: Bane of Rain
|-damage|p1a: Bane of Rain|142\/314
|
|turn|8
|
|switch|p1a: Sonic|Latios, M|301\/301
|-damage|p1a: Sonic|264\/301|[from] Stealth Rock
|move|p2a: Keldeo-Resolute|Secret Sword|p1a: Sonic
|-resisted|p1a: Sonic
|-damage|p1a: Sonic|138\/301
|
|turn|9
|
|switch|p2a: Jirachi|Jirachi|341\/341
|move|p1a: Sonic|Trick|p2a: Jirachi
|-activate|p1a: Sonic|move: Trick|[of] p2a: Jirachi
|-item|p2a: Jirachi|Choice Scarf|[from] move: Trick
|-item|p1a: Sonic|Choice Scarf|[from] move: Trick
|
|turn|10
|c|âPurple Quagsire|lol
|
|switch|p1a: Flood|Politoed, F|384\/384
|-damage|p1a: Flood|336\/384|[from] Stealth Rock
|-weather|RainDance|[from] ability: Drizzle|[of] p1a: Flood
|move|p2a: Jirachi|U-turn|p1a: Flood
|-damage|p1a: Flood|270\/384
|
|switch|p2a: Abomasnow|Abomasnow, M|371\/371
|-weather|Hail|[from] ability: Snow Warning|[of] p2a: Abomasnow
|
|-weather|Hail|[upkeep]
|-damage|p1a: Flood|246\/384|[from] hail
|-heal|p1a: Flood|270\/384|[from] item: Leftovers
|turn|11
|
|switch|p1a: Jirachi Jirachi|Jirachi|404\/404
|-damage|p1a: Jirachi Jirachi|379\/404|[from] Stealth Rock
|switch|p2a: Starmie|Starmie|323\/323
|
|-weather|Hail|[upkeep]
|-damage|p2a: Starmie|303\/323|[from] hail
|-damage|p1a: Jirachi Jirachi|354\/404|[from] hail
|-heal|p2a: Starmie|323\/323|[from] item: Leftovers
|-heal|p1a: Jirachi Jirachi|379\/404|[from] item: Leftovers
|turn|12
|
|switch|p2a: Gliscor|Gliscor, F|352\/352 tox
|move|p1a: Jirachi Jirachi|Wish|p1a: Jirachi Jirachi
|
|-weather|Hail|[upkeep]
|-damage|p2a: Gliscor|330\/352 tox|[from] hail
|-damage|p1a: Jirachi Jirachi|354\/404|[from] hail
|-heal|p1a: Jirachi Jirachi|379\/404|[from] item: Leftovers
|-heal|p2a: Gliscor|352\/352 tox|[from] ability: Poison Heal
|turn|13
|
|switch|p1a: Sonic|Latios, M|138\/301
|-damage|p1a: Sonic|101\/301|[from] Stealth Rock
|move|p2a: Gliscor|Ice Fang|p1a: Sonic
|-supereffective|p1a: Sonic
|-damage|p1a: Sonic|0 fnt
|faint|p1a: Sonic
|
|-weather|Hail|[upkeep]
|-damage|p2a: Gliscor|330\/352 tox|[from] hail
|-heal|p2a: Gliscor|352\/352 tox|[from] ability: Poison Heal
|
|switch|p1a: Flood|Politoed, F|270\/384
|-damage|p1a: Flood|222\/384|[from] Stealth Rock
|-weather|RainDance|[from] ability: Drizzle|[of] p1a: Flood
|turn|14
|
|switch|p2a: Starmie|Starmie|323\/323
|move|p1a: Flood|Toxic|p2a: Starmie
|-status|p2a: Starmie|tox
|
|-weather|RainDance|[upkeep]
|-heal|p1a: Flood|246\/384|[from] item: Leftovers
|-damage|p2a: Starmie|303\/323 tox|[from] psn
|turn|15
|
|switch|p2a: Abomasnow|Abomasnow, M|371\/371
|-weather|Hail|[from] ability: Snow Warning|[of] p2a: Abomasnow
|move|p1a: Flood|Scald|p2a: Abomasnow
|-resisted|p2a: Abomasnow
|-damage|p2a: Abomasnow|320\/371
|
|-weather|Hail|[upkeep]
|-damage|p1a: Flood|222\/384|[from] hail
|-heal|p1a: Flood|246\/384|[from] item: Leftovers
|-heal|p2a: Abomasnow|343\/371|[from] item: Leftovers
|turn|16
|
|switch|p1a: Chocolate|Ferrothorn, F|352\/352
|-damage|p1a: Chocolate|330\/352|[from] Stealth Rock
|switch|p2a: Volcarona|Volcarona, F|351\/351
|
|-weather|Hail|[upkeep]
|-damage|p2a: Volcarona|330\/351|[from] hail
|-damage|p1a: Chocolate|308\/352|[from] hail
|-heal|p2a: Volcarona|351\/351|[from] item: Leftovers
|-heal|p1a: Chocolate|330\/352|[from] item: Leftovers
|turn|17
|
|move|p2a: Volcarona|Fire Blast|p1a: Chocolate
|-supereffective|p1a: Chocolate
|-damage|p1a: Chocolate|0 fnt
|faint|p1a: Chocolate
|
|-weather|Hail|[upkeep]
|-damage|p2a: Volcarona|330\/351|[from] hail
|-heal|p2a: Volcarona|351\/351|[from] item: Leftovers
|
|switch|p1a: Flood|Politoed, F|246\/384
|-damage|p1a: Flood|198\/384|[from] Stealth Rock
|-weather|RainDance|[from] ability: Drizzle|[of] p1a: Flood
|turn|18
|
|switch|p2a: Starmie|Starmie|303\/323
|move|p1a: Flood|Protect|p1a: Flood
|-fail|p1a: Flood
|
|-weather|RainDance|[upkeep]
|-heal|p2a: Starmie|323\/323|[from] item: Leftovers
|-heal|p1a: Flood|222\/384|[from] item: Leftovers
|turn|19
|
|move|p2a: Starmie|Toxic|p1a: Flood
|-status|p1a: Flood|tox
|move|p1a: Flood|Toxic|p2a: Starmie
|-status|p2a: Starmie|tox
|
|-weather|RainDance|[upkeep]
|-heal|p1a: Flood|246\/384 tox|[from] item: Leftovers
|-damage|p2a: Starmie|303\/323 tox|[from] psn
|-damage|p1a: Flood|222\/384 tox|[from] psn
|turn|20
|
|switch|p2a: Abomasnow|Abomasnow, M|343\/371
|-weather|Hail|[from] ability: Snow Warning|[of] p2a: Abomasnow
|move|p1a: Flood|Toxic|p2a: Abomasnow
|-status|p2a: Abomasnow|tox
|
|-weather|Hail|[upkeep]
|-damage|p1a: Flood|198\/384 tox|[from] hail
|-heal|p1a: Flood|222\/384 tox|[from] item: Leftovers
|-heal|p2a: Abomasnow|366\/371 tox|[from] item: Leftovers
|-damage|p1a: Flood|174\/384 tox|[from] psn
|-damage|p2a: Abomasnow|343\/371 tox|[from] psn
|turn|21
|
|move|p1a: Flood|Toxic|p2a: Abomasnow
|-fail|p2a: Abomasnow|tox
|move|p2a: Abomasnow|Wood Hammer|p1a: Flood
|-supereffective|p1a: Flood
|-damage|p1a: Flood|0 fnt
|-damage|p2a: Abomasnow|286\/371 tox|[from] recoil|[of] p1a: Flood
|faint|p1a: Flood
|
|-weather|Hail|[upkeep]
|-heal|p2a: Abomasnow|309\/371 tox|[from] item: Leftovers
|-damage|p2a: Abomasnow|263\/371 tox|[from] psn
|
|switch|p1a: Bane of Rain|Toxicroak, M|142\/314
|-damage|p1a: Bane of Rain|123\/314|[from] Stealth Rock
|turn|22
|
|move|p1a: Bane of Rain|Swords Dance|p1a: Bane of Rain
|-boost|p1a: Bane of Rain|atk|2
|move|p2a: Abomasnow|Earthquake|p1a: Bane of Rain
|-supereffective|p1a: Bane of Rain
|-damage|p1a: Bane of Rain|0 fnt
|faint|p1a: Bane of Rain
|
|-weather|Hail|[upkeep]
|-heal|p2a: Abomasnow|286\/371 tox|[from] item: Leftovers
|-damage|p2a: Abomasnow|217\/371 tox|[from] psn
|
|switch|p1a: Jirachi Jirachi|Jirachi|379\/404
|-damage|p1a: Jirachi Jirachi|354\/404|[from] Stealth Rock
|turn|23
|
|move|p1a: Jirachi Jirachi|Wish|p1a: Jirachi Jirachi
|move|p2a: Abomasnow|Earthquake|p1a: Jirachi Jirachi
|-supereffective|p1a: Jirachi Jirachi
|-damage|p1a: Jirachi Jirachi|158\/404
|
|-weather|Hail|[upkeep]
|-damage|p1a: Jirachi Jirachi|133\/404|[from] hail
|-heal|p1a: Jirachi Jirachi|158\/404|[from] item: Leftovers
|-heal|p2a: Abomasnow|240\/371 tox|[from] item: Leftovers
|-damage|p2a: Abomasnow|148\/371 tox|[from] psn
|turn|24
|
|switch|p2a: Gliscor|Gliscor, F|352\/352 tox
|move|p1a: Jirachi Jirachi|Iron Head|p2a: Gliscor
|-damage|p2a: Gliscor|280\/352 tox
|
|-weather|Hail|[upkeep]
|-damage|p2a: Gliscor|258\/352 tox|[from] hail
|-damage|p1a: Jirachi Jirachi|133\/404|[from] hail
|-heal|p1a: Jirachi Jirachi|335\/404|[from] move: Wish|[wisher] Jirachi Jirachi
|-heal|p1a: Jirachi Jirachi|360\/404|[from] item: Leftovers
|-heal|p2a: Gliscor|302\/352 tox|[from] ability: Poison Heal
|turn|25
|
|move|p2a: Gliscor|Earthquake|p1a: Jirachi Jirachi
|-supereffective|p1a: Jirachi Jirachi
|-damage|p1a: Jirachi Jirachi|118\/404
|move|p1a: Jirachi Jirachi|Iron Head|p2a: Gliscor
|-damage|p2a: Gliscor|233\/352 tox
|
|-weather|Hail|[upkeep]
|-damage|p2a: Gliscor|211\/352 tox|[from] hail
|-damage|p1a: Jirachi Jirachi|93\/404|[from] hail
|-heal|p1a: Jirachi Jirachi|118\/404|[from] item: Leftovers
|-heal|p2a: Gliscor|255\/352 tox|[from] ability: Poison Heal
|turn|26
|
|move|p2a: Gliscor|Earthquake|p1a: Jirachi Jirachi
|-supereffective|p1a: Jirachi Jirachi
|-damage|p1a: Jirachi Jirachi|0 fnt
|faint|p1a: Jirachi Jirachi
|
|-weather|Hail|[upkeep]
|-damage|p2a: Gliscor|233\/352 tox|[from] hail
|-heal|p2a: Gliscor|277\/352 tox|[from] ability: Poison Heal
|
|switch|p1a: Leandros|Landorus-Therian, M|376\/377
|-damage|p1a: Leandros|329\/377|[from] Stealth Rock
|-ability|p1a: Leandros|Intimidate|[of] p2a: Gliscor
|-unboost|p2a: Gliscor|atk|1
|turn|27
|
|move|p2a: Gliscor|Taunt|p1a: Leandros
|-start|p1a: Leandros|move: Taunt
|move|p1a: Leandros|Hidden Power|p2a: Gliscor
|-supereffective|p2a: Gliscor
|-damage|p2a: Gliscor|5\/352 tox
|
|-weather|Hail|[upkeep]
|-damage|p2a: Gliscor|0 fnt|[from] hail
|-damage|p1a: Leandros|306\/377|[from] hail
|-heal|p1a: Leandros|329\/377|[from] item: Leftovers
|faint|p2a: Gliscor
|
|switch|p2a: Keldeo-Resolute|Keldeo-Resolute|140\/323
|turn|28
|
|move|p2a: Keldeo-Resolute|Scald|p1a: Leandros
|-supereffective|p1a: Leandros
|-damage|p1a: Leandros|0 fnt
|faint|p1a: Leandros
|
|win|Vrille
|raw|Ladder updating...
|raw|Purple Quagsire's rating: 1124 &rarr; <strong>1107<\/strong><br \/>(-17 for losing)
|raw|Vrille's rating: 1237 &rarr; <strong>1254<\/strong><br \/>(+17 for winning)
|leave|Purple Quagsire
|player|p1