|join|Vrille
|join|Zooboom
|player|p1|Vrille|285
|player|p2|Zooboom|160
|gametype|singles
|gen|5
|tier|[Gen 5] OU
|rated
|rule|Evasion Abilities Clause: Evasion abilities are banned
|clearpoke
|poke|p1|Abomasnow, M
|poke|p1|Gliscor, F
|poke|p1|Keldeo-Resolute
|poke|p1|Volcarona, M
|poke|p1|Starmie
|poke|p1|Jirachi
|poke|p2|Politoed, F
|poke|p2|Dragonite, M
|poke|p2|Tentacruel, M
|poke|p2|Gyarados, M
|poke|p2|Swampert, M
|poke|p2|Starmie
|rule|Sleep Clause Mod: Limit one foe put to sleep
|rule|Species Clause: Limit one of each PokÃ©mon
|rule|OHKO Clause: OHKO moves are banned
|rule|Moody Clause: Moody is banned
|rule|Evasion Moves Clause: Evasion moves are banned
|rule|Endless Battle Clause: Forcing endless battles is banned
|rule|HP Percentage Mod: HP is reported as percentages
|teampreview
|
|start
|switch|p1a: Heisenberg|Abomasnow, M|371\/371
|switch|p2a: Make It Rain!|Politoed, F|322\/322
|-weather|RainDance|[from] ability: Drizzle|[of] p2a: Make It Rain!
|-weather|Hail|[from] ability: Snow Warning|[of] p1a: Heisenberg
|turn|1
|
|switch|p2a: Shrek|Dragonite, M|324\/324
|move|p1a: Heisenberg|Wood Hammer|p2a: Shrek
|-resisted|p2a: Shrek
|-damage|p2a: Shrek|299\/324
|-damage|p1a: Heisenberg|363\/371|[from] recoil|[of] p2a: Shrek
|
|-weather|Hail|[upkeep]
|-damage|p2a: Shrek|279\/324|[from] hail
|-heal|p1a: Heisenberg|371\/371|[from] item: Leftovers
|turn|2
|
|switch|p1a: Hank|Gliscor, F|352\/352
|move|p2a: Shrek|Flamethrower|p1a: Hank
|-damage|p1a: Hank|235\/352
|
|-weather|Hail|[upkeep]
|-damage|p2a: Shrek|259\/324|[from] hail
|-damage|p1a: Hank|213\/352|[from] hail
|-status|p1a: Hank|tox|[from] item: Toxic Orb
|turn|3
|chat|Zooboom|lol Breaking Bad
|
|switch|p2a: Pain Train|Gyarados, M|332\/332
|move|p1a: Hank|Stealth Rock|p2a: Pain Train
|-sidestart|p2: Zooboom|move: Stealth Rock
|
|-weather|Hail|[upkeep]
|-damage|p1a: Hank|191\/352 tox|[from] hail
|-damage|p2a: Pain Train|312\/332|[from] hail
|-heal|p2a: Pain Train|332\/332|[from] item: Leftovers
|-heal|p1a: Hank|235\/352 tox|[from] ability: Poison Heal
|turn|4
|
|switch|p1a: Heisenberg|Abomasnow, M|371\/371
|move|p2a: Pain Train|Substitute|p2a: Pain Train
|-start|p2a: Pain Train|Substitute
|-damage|p2a: Pain Train|249\/332
|
|-weather|Hail|[upkeep]
|-damage|p2a: Pain Train|229\/332|[from] hail
|-heal|p2a: Pain Train|249\/332|[from] item: Leftovers
|turn|5
|
|move|p2a: Pain Train|Dragon Dance|p2a: Pain Train
|-boost|p2a: Pain Train|atk|1
|-boost|p2a: Pain Train|spe|1
|move|p1a: Heisenberg|Wood Hammer|p2a: Pain Train
|-end|p2a: Pain Train|Substitute
|-damage|p1a: Heisenberg|344\/371|[from] recoil|[of] p2a: Pain Train
|
|-weather|Hail|[upkeep]
|-damage|p2a: Pain Train|229\/332|[from] hail
|-heal|p2a: Pain Train|249\/332|[from] item: Leftovers
|-heal|p1a: Heisenberg|367\/371|[from] item: Leftovers
|turn|6
|
|move|p2a: Pain Train|Bounce|p1a: Heisenberg|[still]
|-prepare|p2a: Pain Train|Bounce|p1a: Heisenberg
|move|p1a: Heisenberg|Wood Hammer|p2a: Pain Train|[miss]
|-miss|p1a: Heisenberg|p2a: Pain Train
|
|-weather|Hail|[upkeep]
|-damage|p2a: Pain Train|229\/332|[from] hail
|-heal|p2a: Pain Train|249\/332|[from] item: Leftovers
|-heal|p1a: Heisenberg|371\/371|[from] item: Leftovers
|turn|7
|
|move|p1a: Heisenberg|Protect|p1a: Heisenberg
|-singleturn|p1a: Heisenberg|Protect
|move|p2a: Pain Train|Bounce|p1a: Heisenberg
|-activate|p1a: Heisenberg|Protect
|
|-weather|Hail|[upkeep]
|-damage|p2a: Pain Train|229\/332|[from] hail
|-heal|p2a: Pain Train|249\/332|[from] item: Leftovers
|turn|8
|
|switch|p2a: Make It Rain!|Politoed, F|322\/322
|-damage|p2a: Make It Rain!|282\/322|[from] Stealth Rock
|-weather|RainDance|[from] ability: Drizzle|[of] p2a: Make It Rain!
|move|p1a: Heisenberg|Wood Hammer|p2a: Make It Rain!
|-supereffective|p2a: Make It Rain!
|-damage|p2a: Make It Rain!|0 fnt
|-damage|p1a: Heisenberg|278\/371|[from] recoil|[of] p2a: Make It Rain!
|faint|p2a: Make It Rain!
|
|-weather|RainDance|[upkeep]
|-heal|p1a: Heisenberg|301\/371|[from] item: Leftovers
|
|switch|p2a: Scrubkip|Swampert, M|404\/404
|-damage|p2a: Scrubkip|379\/404|[from] Stealth Rock
|turn|9
|
|move|p1a: Heisenberg|Wood Hammer|p2a: Scrubkip
|-crit|p2a: Scrubkip
|-supereffective|p2a: Scrubkip
|-damage|p2a: Scrubkip|0 fnt
|-damage|p1a: Heisenberg|176\/371|[from] recoil|[of] p2a: Scrubkip
|faint|p2a: Scrubkip
|
|-weather|RainDance|[upkeep]
|-heal|p1a: Heisenberg|199\/371|[from] item: Leftovers
|
|switch|p2a: Squidward|Tentacruel, M|364\/364
|-damage|p2a: Squidward|319\/364|[from] Stealth Rock
|turn|10
|
|move|p1a: Heisenberg|Protect|p1a: Heisenberg
|-singleturn|p1a: Heisenberg|Protect
|move|p2a: Squidward|Toxic|p1a: Heisenberg
|-activate|p1a: Heisenberg|Protect
|
|-weather|RainDance|[upkeep]
|-heal|p2a: Squidward|341\/364|[from] ability: Rain Dish
|-heal|p2a: Squidward|363\/364|[from] item: Black Sludge
|-heal|p1a: Heisenberg|222\/371|[from] item: Leftovers
|turn|11
|
|switch|p1a: Skyler|Starmie|323\/323
|move|p2a: Squidward|Rapid Spin|p1a: Skyler
|-damage|p1a: Skyler|312\/323
|-sideend|p2: Zooboom|Stealth Rock|[from] move: Rapid Spin|[of] p2a: Squidward
|
|-weather|RainDance|[upkeep]
|-heal|p2a: Squidward|364\/364|[from] ability: Rain Dish
|-heal|p1a: Skyler|323\/323|[from] item: Leftovers
|turn|12
|
|move|p2a: Squidward|Protect|p2a: Squidward
|-singleturn|p2a: Squidward|Protect
|move|p1a: Skyler|Scald|p2a: Squidward
|-activate|p2a: Squidward|Protect
|
|-weather|RainDance|[upkeep]
|turn|13
|
|move|p1a: Skyler|Scald|p2a: Squidward
|-resisted|p2a: Squidward
|-damage|p2a: Squidward|319\/364
|move|p2a: Squidward|Toxic|p1a: Skyler
|-status|p1a: Skyler|tox
|
|-weather|RainDance|[upkeep]
|-heal|p2a: Squidward|341\/364|[from] ability: Rain Dish
|-heal|p2a: Squidward|363\/364|[from] item: Black Sludge
|-damage|p1a: Skyler|303\/323 tox|[from] psn
|turn|14
|
|switch|p1a: Heisenberg|Abomasnow, M|222\/371
|-weather|Hail|[from] ability: Snow Warning|[of] p1a: Heisenberg
|move|p2a: Squidward|Aqua Ring|p2a: Squidward
|-start|p2a: Squidward|Aqua Ring
|
|-weather|Hail|[upkeep]
|-damage|p2a: Squidward|341\/364|[from] hail
|-heal|p2a: Squidward|363\/364|[from] item: Black Sludge
|-heal|p1a: Heisenberg|245\/371|[from] item: Leftovers
|-heal|p2a: Squidward|364\/364|[from] Aqua Ring
|turn|15
|
|move|p1a: Heisenberg|Protect|p1a: Heisenberg
|-singleturn|p1a: Heisenberg|Protect
|move|p2a: Squidward|Toxic|p1a: Heisenberg
|-activate|p1a: Heisenberg|Protect
|
|-weather|Hail|[upkeep]
|-damage|p2a: Squidward|342\/364|[from] hail
|-heal|p2a: Squidward|364\/364|[from] item: Black Sludge
|-heal|p1a: Heisenberg|268\/371|[from] item: Leftovers
|turn|16
|
|switch|p1a: Todd|Jirachi|362\/362
|move|p2a: Squidward|Toxic|p1a: Todd
|-fail|p1a: Todd
|
|-weather|Hail|[upkeep]
|-damage|p1a: Todd|340\/362|[from] hail
|-damage|p2a: Squidward|342\/364|[from] hail
|-heal|p2a: Squidward|364\/364|[from] item: Black Sludge
|turn|17
|
|move|p2a: Squidward|Protect|p2a: Squidward
|-singleturn|p2a: Squidward|Protect
|move|p1a: Todd|Zen Headbutt|p2a: Squidward
|-activate|p2a: Squidward|Protect
|
|-weather|Hail|[upkeep]
|-damage|p1a: Todd|318\/362|[from] hail
|-damage|p2a: Squidward|342\/364|[from] hail
|-heal|p2a: Squidward|364\/364|[from] item: Black Sludge
|turn|18
|
|switch|p2a: Cyclops|Starmie|261\/261
|move|p1a: Todd|Zen Headbutt|p2a: Cyclops
|-resisted|p2a: Cyclops
|-damage|p2a: Cyclops|204\/261
|
|-weather|Hail|[upkeep]
|-damage|p1a: Todd|296\/362|[from] hail
|-damage|p2a: Cyclops|188\/261|[from] hail
|turn|19
|
|switch|p1a: Skyler|Starmie|303\/323
|move|p2a: Cyclops|Surf|p1a: Skyler
|-resisted|p1a: Skyler
|-damage|p1a: Skyler|222\/323
|-damage|p2a: Cyclops|162\/261|[from] item: Life Orb
|
|-weather|Hail|[upkeep]
|-damage|p2a: Cyclops|146\/261|[from] hail
|-damage|p1a: Skyler|202\/323|[from] hail
|-heal|p1a: Skyler|222\/323|[from] item: Leftovers
|turn|20
|
|switch|p1a: Todd|Jirachi|296\/362
|move|p2a: Cyclops|Thunderbolt|p1a: Todd
|-damage|p1a: Todd|184\/362
|-damage|p2a: Cyclops|120\/261|[from] item: Life Orb
|
|-weather|Hail|[upkeep]
|-damage|p1a: Todd|162\/362|[from] hail
|-damage|p2a: Cyclops|104\/261|[from] hail
|turn|21
|
|move|p1a: Todd|U-turn|p2a: Cyclops
|-supereffective|p2a: Cyclops
|-damage|p2a: Cyclops|0 fnt
|faint|p2a: Cyclops
|
|switch|p1a: Heisenberg|Abomasnow, M|268\/371
|
|-weather|Hail|[upkeep]
|-heal|p1a: Heisenberg|291\/371|[from] item: Leftovers
|
|switch|p2a: Pain Train|Gyarados, M|249\/332
|turn|22
|
|move|p2a: Pain Train|Dragon Dance|p2a: Pain Train
|-boost|p2a: Pain Train|atk|1
|-boost|p2a: Pain Train|spe|1
|move|p1a: Heisenberg|Wood Hammer|p2a: Pain Train
|-crit|p2a: Pain Train
|-damage|p2a: Pain Train|0 fnt
|-damage|p1a: Heisenberg|209\/371|[from] recoil|[of] p2a: Pain Train
|faint|p2a: Pain Train
|
|-weather|Hail|[upkeep]
|-heal|p1a: Heisenberg|232\/371|[from] item: Leftovers
|-message|Zooboom forfeited.
|
|win|Vrille
|raw|Ladder updating...
|leave|Zooboom
|player|p2
|raw|Vrille's rating: 1244 &rarr; <strong>1262<\/strong><br \/>(+18 for winning)
|raw|Zooboom's rating: 1134 &rarr; <strong>1117<\/strong><br \/>(-17 for losing)