|join|Xanax Party!
|join|Vrille
|player|p1|Xanax Party!|101
|player|p2|Vrille|3
|gametype|singles
|gen|5
|tier|[Gen 5] OU
|rated
|rule|Evasion Abilities Clause: Evasion abilities are banned
|clearpoke
|poke|p1|Politoed, F
|poke|p1|Bronzong
|poke|p1|Breloom, M
|poke|p1|Hydreigon, F
|poke|p1|Tentacruel, F
|poke|p1|Tornadus, M
|poke|p2|Abomasnow, M
|poke|p2|Gliscor, M
|poke|p2|Volcarona, M
|poke|p2|Starmie
|poke|p2|Keldeo-Resolute
|poke|p2|Jirachi
|rule|Sleep Clause Mod: Limit one foe put to sleep
|rule|Species Clause: Limit one of each PokÃ©mon
|rule|OHKO Clause: OHKO moves are banned
|rule|Moody Clause: Moody is banned
|rule|Evasion Moves Clause: Evasion moves are banned
|rule|Endless Battle Clause: Forcing endless battles is banned
|rule|HP Percentage Mod: HP is shown in percentages
|teampreview
|
|start
|switch|p1a: Y#O#L#O#|Hydreigon, F|325\/325
|switch|p2a: Starmie|Starmie|323\/323
|turn|1
|
|switch|p2a: Keldeo-Resolute|Keldeo-Resolute|323\/323
|move|p1a: Y#O#L#O#|U-turn|p2a: Keldeo-Resolute
|-resisted|p2a: Keldeo-Resolute
|-damage|p2a: Keldeo-Resolute|297\/323
|
|switch|p1a: HIGH#TIMES#|Tentacruel, F|363\/363
|
|turn|2
|
|switch|p1a: Y#O#L#O#|Hydreigon, F|325\/325
|move|p2a: Keldeo-Resolute|Scald|p1a: Y#O#L#O#
|-resisted|p1a: Y#O#L#O#
|-damage|p1a: Y#O#L#O#|206\/325
|
|turn|3
|
|switch|p2a: Jirachi|Jirachi|341\/341
|move|p1a: Y#O#L#O#|Draco Meteor|p2a: Jirachi
|-resisted|p2a: Jirachi
|-damage|p2a: Jirachi|218\/341
|-unboost|p1a: Y#O#L#O#|spa|2
|
|turn|4
|
|switch|p1a: INSANITY#|Bronzong|338\/338
|move|p2a: Jirachi|U-turn|p1a: INSANITY#
|-damage|p1a: INSANITY#|268\/338
|
|switch|p2a: Keldeo-Resolute|Keldeo-Resolute|297\/323
|
|-heal|p1a: INSANITY#|289\/338|[from] item: Leftovers
|turn|5
|
|move|p1a: INSANITY#|Protect|p1a: INSANITY#
|-singleturn|p1a: INSANITY#|Protect
|move|p2a: Keldeo-Resolute|Scald|p1a: INSANITY#
|-activate|p1a: INSANITY#|Protect
|
|-heal|p1a: INSANITY#|310\/338|[from] item: Leftovers
|turn|6
|
|move|p2a: Keldeo-Resolute|Scald|p1a: INSANITY#
|-damage|p1a: INSANITY#|180\/338
|move|p1a: INSANITY#|Stealth Rock|p2a: Keldeo-Resolute
|-sidestart|p2: Vrille|move: Stealth Rock
|
|-heal|p1a: INSANITY#|201\/338|[from] item: Leftovers
|turn|7
|
|switch|p1a: Y#O#L#O#|Hydreigon, F|206\/325
|move|p2a: Keldeo-Resolute|Scald|p1a: Y#O#L#O#
|-resisted|p1a: Y#O#L#O#
|-damage|p1a: Y#O#L#O#|92\/325
|-status|p1a: Y#O#L#O#|brn
|
|-damage|p1a: Y#O#L#O#|52\/325 brn|[from] brn
|turn|8
|
|move|p1a: Y#O#L#O#|Draco Meteor|p2a: Keldeo-Resolute
|-damage|p2a: Keldeo-Resolute|2\/323
|-unboost|p1a: Y#O#L#O#|spa|2
|move|p2a: Keldeo-Resolute|Scald|p1a: Y#O#L#O#
|-resisted|p1a: Y#O#L#O#
|-damage|p1a: Y#O#L#O#|0 fnt
|faint|p1a: Y#O#L#O#
|
|
|switch|p1a: KUSH#4\/20#|Breloom, M|261\/261
|turn|9
|
|move|p1a: KUSH#4\/20#|Mach Punch|p2a: Keldeo-Resolute
|-enditem|p1a: KUSH#4\/20#|Fighting Gem|[from] gem|[move] Mach Punch
|-crit|p2a: Keldeo-Resolute
|-damage|p2a: Keldeo-Resolute|0 fnt
|faint|p2a: Keldeo-Resolute
|
|
|switch|p2a: Jirachi|Jirachi|218\/341
|-damage|p2a: Jirachi|197\/341|[from] Stealth Rock
|turn|10
|
|move|p2a: Jirachi|Zen Headbutt|p1a: KUSH#4\/20#
|-supereffective|p1a: KUSH#4\/20#
|-damage|p1a: KUSH#4\/20#|0 fnt
|faint|p1a: KUSH#4\/20#
|
|
|switch|p1a: AMNESIA#HAZE|Politoed, F|381\/381
|-weather|RainDance|[from] ability: Drizzle|[of] p1a: AMNESIA#HAZE
|turn|11
|
|switch|p2a: Starmie|Starmie|323\/323
|-damage|p2a: Starmie|283\/323|[from] Stealth Rock
|move|p1a: AMNESIA#HAZE|Toxic|p2a: Starmie
|-status|p2a: Starmie|tox
|
|-weather|RainDance|[upkeep]
|-heal|p2a: Starmie|303\/323 tox|[from] item: Leftovers
|-damage|p2a: Starmie|283\/323 tox|[from] psn
|turn|12
|
|move|p1a: AMNESIA#HAZE|Protect|p1a: AMNESIA#HAZE
|-singleturn|p1a: AMNESIA#HAZE|Protect
|move|p2a: Starmie|Scald|p1a: AMNESIA#HAZE
|-activate|p1a: AMNESIA#HAZE|Protect
|
|-weather|RainDance|[upkeep]
|-heal|p2a: Starmie|303\/323 tox|[from] item: Leftovers
|-damage|p2a: Starmie|263\/323 tox|[from] psn
|turn|13
|
|move|p2a: Starmie|Rapid Spin|p1a: AMNESIA#HAZE
|-damage|p1a: AMNESIA#HAZE|373\/381
|-sideend|p2: Vrille|Stealth Rock|[from] move: Rapid Spin|[of] p2a: Starmie
|move|p1a: AMNESIA#HAZE|Scald|p2a: Starmie
|-resisted|p2a: Starmie
|-damage|p2a: Starmie|202\/323 tox
|
|-weather|RainDance|[upkeep]
|-heal|p2a: Starmie|222\/323 tox|[from] item: Leftovers
|-heal|p1a: AMNESIA#HAZE|381\/381|[from] item: Leftovers
|-damage|p2a: Starmie|162\/323 tox|[from] psn
|turn|14
|
|switch|p2a: Abomasnow|Abomasnow, M|371\/371
|-weather|Hail|[from] ability: Snow Warning|[of] p2a: Abomasnow
|move|p1a: AMNESIA#HAZE|Scald|p2a: Abomasnow
|-resisted|p2a: Abomasnow
|-damage|p2a: Abomasnow|322\/371
|
|-weather|Hail|[upkeep]
|-damage|p1a: AMNESIA#HAZE|358\/381|[from] hail
|-heal|p1a: AMNESIA#HAZE|381\/381|[from] item: Leftovers
|-heal|p2a: Abomasnow|345\/371|[from] item: Leftovers
|turn|15
|
|switch|p1a: INSANITY#|Bronzong|201\/338
|switch|p2a: Starmie|Starmie|162\/323
|
|-weather|Hail|[upkeep]
|-damage|p2a: Starmie|142\/323|[from] hail
|-damage|p1a: INSANITY#|180\/338|[from] hail
|-heal|p2a: Starmie|162\/323|[from] item: Leftovers
|-heal|p1a: INSANITY#|201\/338|[from] item: Leftovers
|turn|16
|
|move|p2a: Starmie|Scald|p1a: INSANITY#
|-damage|p1a: INSANITY#|135\/338
|move|p1a: INSANITY#|Stealth Rock|p2a: Starmie
|-sidestart|p2: Vrille|move: Stealth Rock
|
|-weather|Hail|[upkeep]
|-damage|p2a: Starmie|142\/323|[from] hail
|-damage|p1a: INSANITY#|114\/338|[from] hail
|-heal|p2a: Starmie|162\/323|[from] item: Leftovers
|-heal|p1a: INSANITY#|135\/338|[from] item: Leftovers
|turn|17
|
|move|p2a: Starmie|Scald|p1a: INSANITY#
|-damage|p1a: INSANITY#|69\/338
|-status|p1a: INSANITY#|brn
|move|p1a: INSANITY#|Earthquake|p2a: Starmie
|-damage|p2a: Starmie|121\/323
|
|-weather|Hail|[upkeep]
|-damage|p2a: Starmie|101\/323|[from] hail
|-damage|p1a: INSANITY#|48\/338 brn|[from] hail
|-heal|p2a: Starmie|121\/323|[from] item: Leftovers
|-heal|p1a: INSANITY#|69\/338 brn|[from] item: Leftovers
|-damage|p1a: INSANITY#|27\/338 brn|[from] brn
|turn|18
|
|switch|p1a: SPEED#DEMON|Tornadus, M|300\/300
|move|p2a: Starmie|Recover|p2a: Starmie
|-heal|p2a: Starmie|283\/323
|
|-weather|Hail|[upkeep]
|-damage|p1a: SPEED#DEMON|282\/300|[from] hail
|-damage|p2a: Starmie|263\/323|[from] hail
|-heal|p2a: Starmie|283\/323|[from] item: Leftovers
|turn|19
|
|move|p1a: SPEED#DEMON|U-turn|p2a: Starmie
|-supereffective|p2a: Starmie
|-damage|p2a: Starmie|153\/323
|
|switch|p1a: AMNESIA#HAZE|Politoed, F|381\/381
|-weather|RainDance|[from] ability: Drizzle|[of] p1a: AMNESIA#HAZE
|move|p2a: Starmie|Scald|p1a: AMNESIA#HAZE
|-resisted|p1a: AMNESIA#HAZE
|-damage|p1a: AMNESIA#HAZE|312\/381
|-status|p1a: AMNESIA#HAZE|brn
|
|-weather|RainDance|[upkeep]
|-heal|p2a: Starmie|173\/323|[from] item: Leftovers
|-heal|p1a: AMNESIA#HAZE|335\/381 brn|[from] item: Leftovers
|-damage|p1a: AMNESIA#HAZE|288\/381 brn|[from] brn
|turn|20
|
|switch|p1a: SPEED#DEMON|Tornadus, M|282\/300
|move|p2a: Starmie|Rapid Spin|p1a: SPEED#DEMON
|-damage|p1a: SPEED#DEMON|269\/300
|-sideend|p2: Vrille|Stealth Rock|[from] move: Rapid Spin|[of] p2a: Starmie
|
|-weather|RainDance|[upkeep]
|-heal|p2a: Starmie|193\/323|[from] item: Leftovers
|turn|21
|
|switch|p2a: Jirachi|Jirachi|197\/341
|move|p1a: SPEED#DEMON|Hurricane|p2a: Jirachi
|-resisted|p2a: Jirachi
|-damage|p2a: Jirachi|65\/341
|-start|p2a: Jirachi|confusion
|
|-weather|RainDance|[upkeep]
|turn|22
|
|switch|p2a: Gliscor|Gliscor, M|352\/352
|switch|p1a: HIGH#TIMES#|Tentacruel, F|363\/363
|
|-weather|RainDance|[upkeep]
|-status|p2a: Gliscor|tox|[from] item: Toxic Orb
|turn|23
|
|switch|p1a: SPEED#DEMON|Tornadus, M|269\/300
|move|p2a: Gliscor|Stealth Rock|p1a: SPEED#DEMON
|-sidestart|p1: Xanax Party!|move: Stealth Rock
|
|-weather|RainDance|[upkeep]
|turn|24
|
|move|p1a: SPEED#DEMON|Hurricane|p2a: Gliscor
|-damage|p2a: Gliscor|0 fnt
|faint|p2a: Gliscor
|
|-weather|RainDance|[upkeep]
|
|switch|p2a: Jirachi|Jirachi|65\/341
|turn|25
|
|switch|p1a: HIGH#TIMES#|Tentacruel, F|363\/363
|-damage|p1a: HIGH#TIMES#|318\/363|[from] Stealth Rock
|move|p2a: Jirachi|Zen Headbutt|p1a: HIGH#TIMES#
|-supereffective|p1a: HIGH#TIMES#
|-damage|p1a: HIGH#TIMES#|18\/363
|
|-weather|RainDance|[upkeep]
|-heal|p1a: HIGH#TIMES#|40\/363|[from] ability: Rain Dish
|-heal|p1a: HIGH#TIMES#|62\/363|[from] item: Black Sludge
|turn|26
|
|switch|p1a: INSANITY#|Bronzong|27\/338 brn
|-damage|p1a: INSANITY#|6\/338 brn|[from] Stealth Rock
|move|p2a: Jirachi|Zen Headbutt|p1a: INSANITY#
|-resisted|p1a: INSANITY#
|-damage|p1a: INSANITY#|0 fnt
|faint|p1a: INSANITY#
|
|-weather|RainDance|[upkeep]
|
|switch|p1a: AMNESIA#HAZE|Politoed, F|288\/381 brn
|-damage|p1a: AMNESIA#HAZE|241\/381 brn|[from] Stealth Rock
|turn|27
|
|switch|p2a: Starmie|Starmie|193\/323
|move|p1a: AMNESIA#HAZE|Scald|p2a: Starmie
|-resisted|p2a: Starmie
|-damage|p2a: Starmie|132\/323
|
|-weather|RainDance|[upkeep]
|-heal|p2a: Starmie|152\/323|[from] item: Leftovers
|-heal|p1a: AMNESIA#HAZE|264\/381 brn|[from] item: Leftovers
|-damage|p1a: AMNESIA#HAZE|217\/381 brn|[from] brn
|turn|28
|
|move|p2a: Starmie|Scald|p1a: AMNESIA#HAZE
|-resisted|p1a: AMNESIA#HAZE
|-damage|p1a: AMNESIA#HAZE|150\/381 brn
|move|p1a: AMNESIA#HAZE|Toxic|p2a: Starmie
|-status|p2a: Starmie|tox
|
|-weather|RainDance|[upkeep]
|-heal|p2a: Starmie|172\/323 tox|[from] item: Leftovers
|-heal|p1a: AMNESIA#HAZE|173\/381 brn|[from] item: Leftovers
|-damage|p2a: Starmie|152\/323 tox|[from] psn
|-damage|p1a: AMNESIA#HAZE|126\/381 brn|[from] brn
|turn|29
|
|move|p2a: Starmie|Scald|p1a: AMNESIA#HAZE
|-resisted|p1a: AMNESIA#HAZE
|-damage|p1a: AMNESIA#HAZE|60\/381 brn
|move|p1a: AMNESIA#HAZE|Scald|p2a: Starmie
|-resisted|p2a: Starmie
|-damage|p2a: Starmie|96\/323 tox
|
|-weather|RainDance|[upkeep]
|-heal|p2a: Starmie|116\/323 tox|[from] item: Leftovers
|-heal|p1a: AMNESIA#HAZE|83\/381 brn|[from] item: Leftovers
|-damage|p2a: Starmie|76\/323 tox|[from] psn
|-damage|p1a: AMNESIA#HAZE|36\/381 brn|[from] brn
|turn|30
|
|switch|p1a: HIGH#TIMES#|Tentacruel, F|62\/363
|-damage|p1a: HIGH#TIMES#|17\/363|[from] Stealth Rock
|move|p2a: Starmie|Scald|p1a: HIGH#TIMES#
|-resisted|p1a: HIGH#TIMES#
|-damage|p1a: HIGH#TIMES#|0 fnt
|faint|p1a: HIGH#TIMES#
|
|-weather|RainDance|[upkeep]
|-heal|p2a: Starmie|96\/323 tox|[from] item: Leftovers
|-damage|p2a: Starmie|36\/323 tox|[from] psn
|
|switch|p1a: SPEED#DEMON|Tornadus, M|269\/300
|-damage|p1a: SPEED#DEMON|194\/300|[from] Stealth Rock
|turn|31
|
|move|p1a: SPEED#DEMON|Hurricane|p2a: Starmie
|-damage|p2a: Starmie|0 fnt
|faint|p2a: Starmie
|
|-weather|RainDance|[upkeep]
|
|switch|p2a: Jirachi|Jirachi|65\/341
|turn|32
|
|move|p2a: Jirachi|Iron Head|p1a: SPEED#DEMON
|-damage|p1a: SPEED#DEMON|29\/300
|cant|p1a: SPEED#DEMON|flinch
|
|-weather|RainDance|[upkeep]
|turn|33
|
|move|p2a: Jirachi|Iron Head|p1a: SPEED#DEMON
|-damage|p1a: SPEED#DEMON|0 fnt
|faint|p1a: SPEED#DEMON
|
|-weather|RainDance|[upkeep]
|c|âXanax Party!|gg
|
|switch|p1a: AMNESIA#HAZE|Politoed, F|36\/381 brn
|-damage|p1a: AMNESIA#HAZE|0 fnt|[from] Stealth Rock
|faint|p1a: AMNESIA#HAZE
|
|win|Vrille
|raw|Ladder updating...
|raw|Xanax Party!'s rating: 1225 &rarr; <strong>1204<\/strong><br \/>(-21 for losing)
|raw|Vrille's rating: 1285 &rarr; <strong>1306<\/strong><br \/>(+21 for winning)
|leave|Xanax Party!
|player|p1