|join|Vrille
|join|Im Anka
|player|p1|Vrille|2
|player|p2|Im Anka|237
|gametype|singles
|gen|6
|tier|ORAS OU
|rated
|rule|Sleep Clause Mod: Limit one foe put to sleep
|rule|Species Clause: Limit one of each PokÃ©mon
|rule|OHKO Clause: OHKO moves are banned
|rule|Moody Clause: Moody is banned
|rule|Evasion Moves Clause: Evasion moves are banned
|rule|Endless Battle Clause: Forcing endless battles is banned
|rule|HP Percentage Mod: HP is shown in percentages
|clearpoke
|poke|p1|Altaria, M
|poke|p1|Tentacruel, F
|poke|p1|Landorus-Therian, M
|poke|p1|Chesnaught, M
|poke|p1|Empoleon, F
|poke|p1|Rotom-Heat
|poke|p2|Swampert, F
|poke|p2|Politoed, M
|poke|p2|Thundurus, M
|poke|p2|Ferrothorn, F
|poke|p2|Magnezone
|poke|p2|Dragonite, M
|rule|Swagger Clause: Swagger is banned
|rule|Baton Pass Clause: Limit one PokÃ©mon knowing Baton Pass
|teampreview
|
|start
|switch|p1a: Tentacruel|Tentacruel, F|364\/364
|switch|p2a: Politoed|Politoed, M|383\/383
|-weather|RainDance
|turn|1
|
|move|p1a: Tentacruel|Scald|p2a: Politoed
|-resisted|p2a: Politoed
|-damage|p2a: Politoed|327\/383
|-status|p2a: Politoed|brn
|move|p2a: Politoed|Body Slam|p1a: Tentacruel
|-damage|p1a: Tentacruel|344\/364
|
|-weather|RainDance|[upkeep]
|-heal|p1a: Tentacruel|364\/364|[from] item: Black Sludge
|-damage|p2a: Politoed|280\/383 brn|[from] brn
|turn|2
|
|move|p1a: Tentacruel|Knock Off|p2a: Politoed
|-damage|p2a: Politoed|232\/383 brn
|-enditem|p2a: Politoed|Damp Rock|[from] move: Knock Off|[of] p1a: Tentacruel
|move|p2a: Politoed|Body Slam|p1a: Tentacruel
|-damage|p1a: Tentacruel|345\/364
|-status|p1a: Tentacruel|par
|
|-weather|RainDance|[upkeep]
|-heal|p1a: Tentacruel|364\/364 par|[from] item: Black Sludge
|-damage|p2a: Politoed|185\/383 brn|[from] brn
|turn|3
|
|switch|p2a: Swampert|Swampert, F|361\/361
|move|p1a: Tentacruel|Scald|p2a: Swampert
|-damage|p2a: Swampert|240\/361
|
|-weather|RainDance|[upkeep]
|turn|4
|
|switch|p1a: Chesnaught|Chesnaught, M|380\/380
|detailschange|p2a: Swampert|Swampert-Mega, F
|message|Swampert has Mega Evolved into Mega Swampert!
|move|p2a: Swampert|Earthquake|p1a: Chesnaught
|-crit|p1a: Chesnaught
|-resisted|p1a: Chesnaught
|-damage|p1a: Chesnaught|278\/380
|
|-weather|RainDance|[upkeep]
|-heal|p1a: Chesnaught|301\/380|[from] item: Leftovers
|turn|5
|
|switch|p2a: Ferrothorn|Ferrothorn, F|351\/351
|move|p1a: Chesnaught|Leech Seed|p2a: Ferrothorn
|-immune|p2a: Ferrothorn|[msg]
|
|-weather|RainDance|[upkeep]
|-heal|p1a: Chesnaught|324\/380|[from] item: Leftovers
|turn|6
|
|move|p1a: Chesnaught|Spikes|p2a: Ferrothorn
|-sidestart|p2: Im Anka|Spikes
|move|p2a: Ferrothorn|Stealth Rock|p1a: Chesnaught
|-sidestart|p1: Vrille|move: Stealth Rock
|
|-weather|RainDance|[upkeep]
|-heal|p1a: Chesnaught|347\/380|[from] item: Leftovers
|turn|7
|
|switch|p2a: Thundurus|Thundurus, M|299\/299
|move|p1a: Chesnaught|Spikes|p2a: Thundurus
|-sidestart|p2: Im Anka|Spikes
|
|-weather|RainDance|[upkeep]
|-heal|p1a: Chesnaught|370\/380|[from] item: Leftovers
|turn|8
|
|switch|p1a: Rotom-Heat|Rotom-Heat|304\/304
|-damage|p1a: Rotom-Heat|228\/304|[from] Stealth Rock
|move|p2a: Thundurus|Thunder Wave|p1a: Rotom-Heat
|-fail|p1a: Rotom-Heat
|
|-weather|none
|-heal|p1a: Rotom-Heat|247\/304|[from] item: Leftovers
|turn|9
|
|move|p2a: Thundurus|Superpower|p1a: Rotom-Heat
|-damage|p1a: Rotom-Heat|175\/304
|-unboost|p2a: Thundurus|atk|1
|-unboost|p2a: Thundurus|def|1
|move|p1a: Rotom-Heat|Will-O-Wisp|p2a: Thundurus
|-status|p2a: Thundurus|brn
|
|-heal|p1a: Rotom-Heat|194\/304|[from] item: Leftovers
|-damage|p2a: Thundurus|262\/299 brn|[from] brn
|turn|10
|
|switch|p2a: Politoed|Politoed, M|185\/383 brn
|-damage|p2a: Politoed|122\/383 brn|[from] Spikes
|-weather|RainDance
|move|p1a: Rotom-Heat|Pain Split|p2a: Politoed
|-sethp|p2a: Politoed|158\/383 brn|p1a: Rotom-Heat|158\/304|[from] move: Pain Split
|
|-weather|RainDance|[upkeep]
|-heal|p1a: Rotom-Heat|177\/304|[from] item: Leftovers
|-damage|p2a: Politoed|111\/383 brn|[from] brn
|turn|11
|
|switch|p1a: Tentacruel|Tentacruel, F|364\/364 par
|-damage|p1a: Tentacruel|319\/364 par|[from] Stealth Rock
|switch|p2a: Swampert|Swampert-Mega, F|240\/361
|-damage|p2a: Swampert|180\/361|[from] Spikes
|
|-weather|RainDance|[upkeep]
|-heal|p1a: Tentacruel|341\/364 par|[from] item: Black Sludge
|turn|12
|
|switch|p1a: Chesnaught|Chesnaught, M|370\/380
|-damage|p1a: Chesnaught|347\/380|[from] Stealth Rock
|move|p2a: Swampert|Ice Punch|p1a: Chesnaught
|-supereffective|p1a: Chesnaught
|-damage|p1a: Chesnaught|205\/380
|
|-weather|RainDance|[upkeep]
|-heal|p1a: Chesnaught|228\/380|[from] item: Leftovers
|turn|13
|
|move|p2a: Swampert|Ice Punch|p1a: Chesnaught
|-supereffective|p1a: Chesnaught
|-damage|p1a: Chesnaught|92\/380
|move|p1a: Chesnaught|Leech Seed|p2a: Swampert
|-start|p2a: Swampert|move: Leech Seed
|
|-weather|RainDance|[upkeep]
|-heal|p1a: Chesnaught|115\/380|[from] item: Leftovers
|-damage|p2a: Swampert|135\/361|[from] Leech Seed|[of] p1a: Chesnaught
|-heal|p1a: Chesnaught|160\/380|[silent]
|turn|14
|
|switch|p2a: Dragonite|Dragonite, M|386\/386
|move|p1a: Chesnaught|Drain Punch|p2a: Dragonite
|-resisted|p2a: Dragonite
|-damage|p2a: Dragonite|363\/386
|-heal|p1a: Chesnaught|172\/380|[from] drain|[of] p2a: Dragonite
|
|-weather|none
|-heal|p1a: Chesnaught|195\/380|[from] item: Leftovers
|turn|15
|
|move|p1a: Chesnaught|Spiky Shield|p1a: Chesnaught
|-singleturn|p1a: Chesnaught|move: Protect
|move|p2a: Dragonite|Outrage|p1a: Chesnaught
|-activate|p1a: Chesnaught|move: Protect
|-damage|p2a: Dragonite|315\/386|[from] Spiky Shield|[of] p1a: Chesnaught
|
|-heal|p1a: Chesnaught|218\/380|[from] item: Leftovers
|turn|16
|
|switch|p1a: Landorus-Therian|Landorus-Therian, M|382\/382
|-damage|p1a: Landorus-Therian|335\/382|[from] Stealth Rock
|-ability|p1a: Landorus-Therian|Intimidate|[of] p2a: Dragonite
|-unboost|p2a: Dragonite|atk|1
|move|p2a: Dragonite|Outrage|p1a: Landorus-Therian
|-damage|p1a: Landorus-Therian|146\/382
|
|-heal|p1a: Landorus-Therian|169\/382|[from] item: Leftovers
|turn|17
|
|move|p1a: Landorus-Therian|Hidden Power|p2a: Dragonite
|-supereffective|p2a: Dragonite
|-damage|p2a: Dragonite|107\/386
|move|p2a: Dragonite|Outrage|p1a: Landorus-Therian
|-damage|p1a: Landorus-Therian|0 fnt
|faint|p1a: Landorus-Therian
|
|-end|p2a: Dragonite|rampage
|-start|p2a: Dragonite|confusion
|
|switch|p1a: Altaria|Altaria, M|353\/353
|-damage|p1a: Altaria|265\/353|[from] Stealth Rock
|turn|18
|
|switch|p2a: Ferrothorn|Ferrothorn, F|351\/351
|-damage|p2a: Ferrothorn|293\/351|[from] Spikes
|detailschange|p1a: Altaria|Altaria-Mega, M
|message|Altaria has Mega Evolved into Mega Altaria!
|move|p1a: Altaria|Heal Bell|p1a: Altaria
|-cureteam|p1a: Altaria|[from] move: HealBell
|
|-heal|p2a: Ferrothorn|314\/351|[from] item: Leftovers
|turn|19
|
|switch|p1a: Tentacruel|Tentacruel, F|341\/364
|-damage|p1a: Tentacruel|296\/364|[from] Stealth Rock
|move|p2a: Ferrothorn|Gyro Ball|p1a: Tentacruel
|-resisted|p1a: Tentacruel
|-damage|p1a: Tentacruel|214\/364
|
|-heal|p1a: Tentacruel|236\/364|[from] item: Black Sludge
|-heal|p2a: Ferrothorn|335\/351|[from] item: Leftovers
|turn|20
|
|move|p1a: Tentacruel|Rapid Spin|p2a: Ferrothorn
|-resisted|p2a: Ferrothorn
|-damage|p2a: Ferrothorn|332\/351
|-damage|p1a: Tentacruel|191\/364|[from] ability: Iron Barbs|[of] p2a: Ferrothorn
|-sideend|p1: Vrille|Stealth Rock|[from] move: Rapid Spin|[of] p1a: Tentacruel
|move|p2a: Ferrothorn|Gyro Ball|p1a: Tentacruel
|-resisted|p1a: Tentacruel
|-damage|p1a: Tentacruel|114\/364
|
|-heal|p1a: Tentacruel|136\/364|[from] item: Black Sludge
|-heal|p2a: Ferrothorn|351\/351|[from] item: Leftovers
|turn|21
|
|move|p1a: Tentacruel|Scald|p2a: Ferrothorn
|-resisted|p2a: Ferrothorn
|-damage|p2a: Ferrothorn|318\/351
|move|p2a: Ferrothorn|Stealth Rock|p1a: Tentacruel
|-sidestart|p1: Vrille|move: Stealth Rock
|
|-heal|p1a: Tentacruel|158\/364|[from] item: Black Sludge
|-heal|p2a: Ferrothorn|339\/351|[from] item: Leftovers
|turn|22
|
|move|p1a: Tentacruel|Scald|p2a: Ferrothorn
|-resisted|p2a: Ferrothorn
|-damage|p2a: Ferrothorn|302\/351
|move|p2a: Ferrothorn|Leech Seed|p1a: Tentacruel
|-start|p1a: Tentacruel|move: Leech Seed
|
|-heal|p1a: Tentacruel|180\/364|[from] item: Black Sludge
|-heal|p2a: Ferrothorn|323\/351|[from] item: Leftovers
|-damage|p1a: Tentacruel|135\/364|[from] Leech Seed|[of] p2a: Ferrothorn
|-damage|p2a: Ferrothorn|278\/351|[from] ability: Liquid Ooze|[of] p1a: Tentacruel
|turn|23
|c|âIm Anka|o
|
|move|p1a: Tentacruel|Rapid Spin|p2a: Ferrothorn
|-crit|p2a: Ferrothorn
|-resisted|p2a: Ferrothorn
|-damage|p2a: Ferrothorn|273\/351
|-damage|p1a: Tentacruel|90\/364|[from] ability: Iron Barbs|[of] p2a: Ferrothorn
|-end|p1a: Tentacruel|Leech Seed|[from] move: Rapid Spin|[of] p1a: Tentacruel
|-sideend|p1: Vrille|Stealth Rock|[from] move: Rapid Spin|[of] p1a: Tentacruel
|move|p2a: Ferrothorn|Gyro Ball|p1a: Tentacruel
|-resisted|p1a: Tentacruel
|-damage|p1a: Tentacruel|7\/364
|
|-heal|p1a: Tentacruel|29\/364|[from] item: Black Sludge
|-heal|p2a: Ferrothorn|294\/351|[from] item: Leftovers
|turn|24
|
|move|p1a: Tentacruel|Scald|p2a: Ferrothorn
|-resisted|p2a: Ferrothorn
|-damage|p2a: Ferrothorn|261\/351
|move|p2a: Ferrothorn|Stealth Rock|p1a: Tentacruel
|-sidestart|p1: Vrille|move: Stealth Rock
|
|-heal|p1a: Tentacruel|51\/364|[from] item: Black Sludge
|-heal|p2a: Ferrothorn|282\/351|[from] item: Leftovers
|turn|25
|
|move|p1a: Tentacruel|Scald|p2a: Ferrothorn
|-resisted|p2a: Ferrothorn
|-damage|p2a: Ferrothorn|246\/351
|move|p2a: Ferrothorn|Stealth Rock|p1a: Tentacruel
|-fail|p1a: Tentacruel
|
|-heal|p1a: Tentacruel|73\/364|[from] item: Black Sludge
|-heal|p2a: Ferrothorn|267\/351|[from] item: Leftovers
|turn|26
|
|move|p1a: Tentacruel|Scald|p2a: Ferrothorn
|-resisted|p2a: Ferrothorn
|-damage|p2a: Ferrothorn|231\/351
|move|p2a: Ferrothorn|Stealth Rock|p1a: Tentacruel
|-fail|p1a: Tentacruel
|
|-heal|p1a: Tentacruel|95\/364|[from] item: Black Sludge
|-heal|p2a: Ferrothorn|252\/351|[from] item: Leftovers
|turn|27
|
|move|p1a: Tentacruel|Scald|p2a: Ferrothorn
|-crit|p2a: Ferrothorn
|-resisted|p2a: Ferrothorn
|-damage|p2a: Ferrothorn|202\/351
|-status|p2a: Ferrothorn|brn
|move|p2a: Ferrothorn|Gyro Ball|p1a: Tentacruel
|-resisted|p1a: Tentacruel
|-damage|p1a: Tentacruel|59\/364
|
|-heal|p1a: Tentacruel|81\/364|[from] item: Black Sludge
|-heal|p2a: Ferrothorn|223\/351 brn|[from] item: Leftovers
|-damage|p2a: Ferrothorn|180\/351 brn|[from] brn
|turn|28
|
|move|p1a: Tentacruel|Rapid Spin|p2a: Ferrothorn
|-resisted|p2a: Ferrothorn
|-damage|p2a: Ferrothorn|177\/351 brn
|-damage|p1a: Tentacruel|36\/364|[from] ability: Iron Barbs|[of] p2a: Ferrothorn
|-sideend|p1: Vrille|Stealth Rock|[from] move: Rapid Spin|[of] p1a: Tentacruel
|move|p2a: Ferrothorn|Stealth Rock|p1a: Tentacruel
|-sidestart|p1: Vrille|move: Stealth Rock
|
|-heal|p1a: Tentacruel|58\/364|[from] item: Black Sludge
|-heal|p2a: Ferrothorn|198\/351 brn|[from] item: Leftovers
|-damage|p2a: Ferrothorn|155\/351 brn|[from] brn
|turn|29
|
|move|p1a: Tentacruel|Knock Off|p2a: Ferrothorn
|-damage|p2a: Ferrothorn|124\/351 brn
|-damage|p1a: Tentacruel|13\/364|[from] ability: Iron Barbs|[of] p2a: Ferrothorn
|-enditem|p2a: Ferrothorn|Leftovers|[from] move: Knock Off|[of] p1a: Tentacruel
|move|p2a: Ferrothorn|Gyro Ball|p1a: Tentacruel
|-resisted|p1a: Tentacruel
|-damage|p1a: Tentacruel|0 fnt
|faint|p1a: Tentacruel
|
|-damage|p2a: Ferrothorn|81\/351 brn|[from] brn
|
|switch|p1a: Chesnaught|Chesnaught, M|218\/380
|-damage|p1a: Chesnaught|195\/380|[from] Stealth Rock
|turn|30
|
|switch|p2a: Dragonite|Dragonite, M|107\/386
|move|p1a: Chesnaught|Spikes|p2a: Dragonite
|-sidestart|p2: Im Anka|Spikes
|
|-heal|p1a: Chesnaught|218\/380|[from] item: Leftovers
|turn|31
|
|move|p1a: Chesnaught|Spiky Shield|p1a: Chesnaught
|-singleturn|p1a: Chesnaught|move: Protect
|move|p2a: Dragonite|Extreme Speed|p1a: Chesnaught
|-activate|p1a: Chesnaught|move: Protect
|-damage|p2a: Dragonite|59\/386|[from] Spiky Shield|[of] p1a: Chesnaught
|
|-heal|p1a: Chesnaught|241\/380|[from] item: Leftovers
|turn|32
|
|move|p2a: Dragonite|Extreme Speed|p1a: Chesnaught
|-damage|p1a: Chesnaught|134\/380
|move|p1a: Chesnaught|Leech Seed|p2a: Dragonite
|-start|p2a: Dragonite|move: Leech Seed
|
|-heal|p1a: Chesnaught|157\/380|[from] item: Leftovers
|-damage|p2a: Dragonite|11\/386|[from] Leech Seed|[of] p1a: Chesnaught
|-heal|p1a: Chesnaught|205\/380|[silent]
|turn|33
|
|switch|p2a: Thundurus|Thundurus, M|262\/299 brn
|move|p1a: Chesnaught|Spiky Shield|p1a: Chesnaught
|-fail|p1a: Chesnaught
|
|-heal|p1a: Chesnaught|228\/380|[from] item: Leftovers
|-damage|p2a: Thundurus|225\/299 brn|[from] brn
|turn|34
|
|move|p1a: Chesnaught|Spiky Shield|p1a: Chesnaught
|-singleturn|p1a: Chesnaught|move: Protect
|move|p2a: Thundurus|Rain Dance|p2a: Thundurus
|-weather|RainDance
|
|-weather|RainDance|[upkeep]
|-heal|p1a: Chesnaught|251\/380|[from] item: Leftovers
|-damage|p2a: Thundurus|188\/299 brn|[from] brn
|turn|35
|
|switch|p1a: Rotom-Heat|Rotom-Heat|177\/304
|-damage|p1a: Rotom-Heat|101\/304|[from] Stealth Rock
|move|p2a: Thundurus|Thunder|p1a: Rotom-Heat
|-resisted|p1a: Rotom-Heat
|-damage|p1a: Rotom-Heat|8\/304
|
|-weather|RainDance|[upkeep]
|-heal|p1a: Rotom-Heat|27\/304|[from] item: Leftovers
|-damage|p2a: Thundurus|151\/299 brn|[from] brn
|turn|36
|
|move|p2a: Thundurus|Thunder|p1a: Rotom-Heat
|-resisted|p1a: Rotom-Heat
|-damage|p1a: Rotom-Heat|0 fnt
|faint|p1a: Rotom-Heat
|
|-weather|RainDance|[upkeep]
|-damage|p2a: Thundurus|114\/299 brn|[from] brn
|
|switch|p1a: Altaria|Altaria-Mega, M|265\/353
|-damage|p1a: Altaria|221\/353|[from] Stealth Rock
|turn|37
|
|move|p2a: Thundurus|Thunder Wave|p1a: Altaria
|-status|p1a: Altaria|par
|move|p1a: Altaria|Roost|p1a: Altaria
|-heal|p1a: Altaria|353\/353 par
|
|-weather|RainDance|[upkeep]
|-damage|p2a: Thundurus|77\/299 brn|[from] brn
|turn|38
|
|move|p2a: Thundurus|Thunder|p1a: Altaria
|-resisted|p1a: Altaria
|-damage|p1a: Altaria|258\/353 par
|move|p1a: Altaria|Heal Bell|p1a: Altaria
|-cureteam|p1a: Altaria|[from] move: HealBell
|
|-weather|RainDance|[upkeep]
|-damage|p2a: Thundurus|40\/299 brn|[from] brn
|turn|39
|
|move|p2a: Thundurus|Thunder|p1a: Altaria
|-resisted|p1a: Altaria
|-damage|p1a: Altaria|164\/353
|move|p1a: Altaria|Roost|p1a: Altaria
|-heal|p1a: Altaria|341\/353
|
|-weather|RainDance|[upkeep]
|-damage|p2a: Thundurus|3\/299 brn|[from] brn
|turn|40
|
|move|p2a: Thundurus|Thunder Wave|p1a: Altaria
|-status|p1a: Altaria|par
|move|p1a: Altaria|Heal Bell|p1a: Altaria
|-cureteam|p1a: Altaria|[from] move: HealBell
|
|-weather|RainDance|[upkeep]
|-damage|p2a: Thundurus|0 fnt|[from] brn
|faint|p2a: Thundurus
|
|switch|p2a: Magnezone|Magnezone|289\/289
|-damage|p2a: Magnezone|217\/289|[from] Spikes
|turn|41
|
|move|p2a: Magnezone|Flash Cannon|p1a: Altaria
|-crit|p1a: Altaria
|-supereffective|p1a: Altaria
|-damage|p1a: Altaria|0 fnt
|faint|p1a: Altaria
|
|-weather|none
|-heal|p2a: Magnezone|235\/289|[from] item: Leftovers
|
|switch|p1a: Empoleon|Empoleon, F|372\/372
|-damage|p1a: Empoleon|349\/372|[from] Stealth Rock
|turn|42
|
|move|p2a: Magnezone|Thunderbolt|p1a: Empoleon
|-supereffective|p1a: Empoleon
|-damage|p1a: Empoleon|0 fnt
|faint|p1a: Empoleon
|
|-heal|p2a: Magnezone|253\/289|[from] item: Leftovers
|c|âVrille|ok
|c|âIm Anka|bang
|c|âVrille|you never win without ch
|c|âVrille|g_g
|c|âIm Anka|why not lol
|c|âVrille|altaria had EQ
|c|âIm Anka|Im pretty sure flash cannon kills anyway lol
|c|âVrille|no
|c|âVrille|you're not spec
|c|âIm Anka|So lol
|c|âIm Anka|!data mega altaria
|c|~|\/data-pokemon Altaria-Mega

|c|âIm Anka|252+ SpA Magnezone Flash Cannon vs. 0 HP \/ 0 SpD Altaria: 276-326 (94.8 - 112%) -- guaranteed OHKO after Stealth Rock
|c|âVrille|252+ SpA Magnezone Flash Cannon vs. 248 HP \/ 0 SpD Altaria: 276-326 (78.1 - 92.3%) -- guaranteed 2HKO
|c|âVrille|c'mon 
|c|âVrille|are you idiot
|c|âIm Anka|Am I idiot lol
|
|switch|p1a: Chesnaught|Chesnaught, M|251\/380
|-damage|p1a: Chesnaught|228\/380|[from] Stealth Rock
|turn|43
|
|move|p1a: Chesnaught|Spiky Shield|p1a: Chesnaught
|-singleturn|p1a: Chesnaught|move: Protect
|move|p2a: Magnezone|Substitute|p2a: Magnezone
|-start|p2a: Magnezone|Substitute
|-damage|p2a: Magnezone|181\/289
|
|-heal|p2a: Magnezone|199\/289|[from] item: Leftovers
|-heal|p1a: Chesnaught|251\/380|[from] item: Leftovers
|turn|44
|
|move|p2a: Magnezone|Flash Cannon|p1a: Chesnaught
|-damage|p1a: Chesnaught|64\/380
|move|p1a: Chesnaught|Drain Punch|p2a: Magnezone
|-supereffective|p2a: Magnezone
|-end|p2a: Magnezone|Substitute
|-heal|p1a: Chesnaught|100\/380|[from] drain|[of] p2a: Magnezone
|
|-heal|p2a: Magnezone|217\/289|[from] item: Leftovers
|-heal|p1a: Chesnaught|123\/380|[from] item: Leftovers
|turn|45
|
|move|p1a: Chesnaught|Spiky Shield|p1a: Chesnaught
|-singleturn|p1a: Chesnaught|move: Protect
|move|p2a: Magnezone|Flash Cannon|p1a: Chesnaught
|-activate|p1a: Chesnaught|move: Protect
|
|-heal|p2a: Magnezone|235\/289|[from] item: Leftovers
|-heal|p1a: Chesnaught|146\/380|[from] item: Leftovers
|turn|46
|
|move|p1a: Chesnaught|Spiky Shield|p1a: Chesnaught
|-fail|p1a: Chesnaught
|move|p2a: Magnezone|Flash Cannon|p1a: Chesnaught
|-damage|p1a: Chesnaught|0 fnt
|faint|p1a: Chesnaught
|
|win|Im Anka
|raw|Ladder updating...