|join|Motita
|join|Vrille
|player|p1|Motita|119
|player|p2|Vrille|268
|gametype|singles
|gen|6
|tier|OU
|rated
|clearpoke
|poke|p1|Alakazam, F
|poke|p1|Azumarill, F
|poke|p1|Hydreigon, M
|poke|p1|Breloom, F
|poke|p1|Heatran, M
|poke|p1|Latias, F
|poke|p2|Diancie
|poke|p2|Talonflame, F
|poke|p2|Bisharp, F
|poke|p2|Rotom-Wash
|poke|p2|Latios, M
|poke|p2|Ferrothorn, M
|rule|Swagger Clause: Swagger is banned
|rule|Baton Pass Clause: Limit one PokÃ©mon knowing Baton Pass
|rule|Sleep Clause Mod: Limit one foe put to sleep
|rule|Species Clause: Limit one of each PokÃ©mon
|rule|OHKO Clause: OHKO moves are banned
|rule|Moody Clause: Moody is banned
|rule|Evasion Moves Clause: Evasion moves are banned
|rule|Endless Battle Clause: Forcing endless battles is banned
|rule|HP Percentage Mod: HP is shown in percentages
|teampreview
|
|start
|switch|p1a: Hydreigon|Hydreigon, M|346\/346
|switch|p2a: Latios|Latios, M|302\/302
|turn|1
|
|switch|p2a: Diancie|Diancie|275\/275
|switch|p1a: Azumarill|Azumarill, F|383\/383
|
|turn|2
|
|switch|p2a: Ferrothorn|Ferrothorn, M|352\/352
|move|p1a: Azumarill|Superpower|p2a: Ferrothorn
|-crit|p2a: Ferrothorn
|-supereffective|p2a: Ferrothorn
|-damage|p2a: Ferrothorn|0 fnt
|-damage|p1a: Azumarill|336\/383|[from] ability: Iron Barbs|[of] p2a: Ferrothorn
|-unboost|p1a: Azumarill|atk|1
|-unboost|p1a: Azumarill|def|1
|faint|p2a: Ferrothorn
|
|
|switch|p2a: Diancie|Diancie|275\/275
|turn|3
|
|switch|p1a: Heatran|Heatran, M|350\/350
|detailschange|p2a: Diancie|Diancie-Mega
|message|Diancie has Mega Evolved into Mega Diancie!
|move|p2a: Diancie|Moonblast|p1a: Heatran
|-resisted|p1a: Heatran
|-damage|p1a: Heatran|300\/350
|
|-heal|p1a: Heatran|321\/350|[from] item: Leftovers
|turn|4
|
|switch|p1a: Alakazam|Alakazam, F|251\/251
|move|p2a: Diancie|Earth Power|p1a: Alakazam
|-damage|p1a: Alakazam|115\/251
|
|turn|5
|
|switch|p2a: Bisharp|Bisharp, F|271\/271
|detailschange|p1a: Alakazam|Alakazam-Mega, F
|message|Alakazam has Mega Evolved into Mega Alakazam!
|-ability|p1a: Alakazam|Defiant|[from] ability: Trace|[of] p2a: Bisharp
|move|p1a: Alakazam|Focus Blast|p2a: Bisharp
|-supereffective|p2a: Bisharp
|-damage|p2a: Bisharp|0 fnt
|faint|p2a: Bisharp
|
|
|switch|p2a: Talonflame|Talonflame, F|359\/359
|turn|6
|
|switch|p1a: Heatran|Heatran, M|321\/350
|move|p2a: Talonflame|Brave Bird|p1a: Heatran
|-resisted|p1a: Heatran
|-damage|p1a: Heatran|255\/350
|-damage|p2a: Talonflame|337\/359|[from] recoil|[of] p1a: Heatran
|
|-heal|p1a: Heatran|276\/350|[from] item: Leftovers
|turn|7
|
|switch|p2a: Diancie|Diancie-Mega|275\/275
|move|p1a: Heatran|Stealth Rock|p2a: Diancie
|move|p2a: Diancie|Stealth Rock|p1a: Heatran|[from]Magic Bounce
|-sidestart|p1: Motita|move: Stealth Rock
|
|-heal|p1a: Heatran|297\/350|[from] item: Leftovers
|turn|8
|
|switch|p1a: Hydreigon|Hydreigon, M|346\/346
|-damage|p1a: Hydreigon|303\/346|[from] Stealth Rock
|move|p2a: Diancie|Rock Polish|p2a: Diancie
|-boost|p2a: Diancie|spe|2
|
|turn|9
|
|move|p2a: Diancie|Moonblast|p1a: Hydreigon
|-supereffective|p1a: Hydreigon
|-damage|p1a: Hydreigon|0 fnt
|faint|p1a: Hydreigon
|
|
|switch|p1a: Azumarill|Azumarill, F|336\/383
|-damage|p1a: Azumarill|289\/383|[from] Stealth Rock
|turn|10
|
|switch|p2a: Rotom-Wash|Rotom-Wash|303\/303
|move|p1a: Azumarill|Aqua Jet|p2a: Rotom-Wash
|-crit|p2a: Rotom-Wash
|-resisted|p2a: Rotom-Wash
|-damage|p2a: Rotom-Wash|231\/303
|
|-heal|p2a: Rotom-Wash|249\/303|[from] item: Leftovers
|turn|11
|
|switch|p1a: Heatran|Heatran, M|297\/350
|-damage|p1a: Heatran|254\/350|[from] Stealth Rock
|move|p2a: Rotom-Wash|Volt Switch|p1a: Heatran
|-crit|p1a: Heatran
|-damage|p1a: Heatran|133\/350
|
|switch|p2a: Diancie|Diancie-Mega|275\/275
|
|-heal|p1a: Heatran|154\/350|[from] item: Leftovers
|turn|12
|
|move|p2a: Diancie|Calm Mind|p2a: Diancie
|-boost|p2a: Diancie|spa|1
|-boost|p2a: Diancie|spd|1
|move|p1a: Heatran|Earth Power|p2a: Diancie
|-supereffective|p2a: Diancie
|-damage|p2a: Diancie|143\/275
|
|-heal|p1a: Heatran|175\/350|[from] item: Leftovers
|turn|13
|
|switch|p1a: Azumarill|Azumarill, F|289\/383
|-damage|p1a: Azumarill|242\/383|[from] Stealth Rock
|move|p2a: Diancie|Earth Power|p1a: Azumarill
|-crit|p1a: Azumarill
|-damage|p1a: Azumarill|0 fnt
|faint|p1a: Azumarill
|
|
|switch|p1a: Alakazam|Alakazam-Mega, F|115\/251
|-damage|p1a: Alakazam|84\/251|[from] Stealth Rock
|-ability|p1a: Alakazam|Magic Bounce|[from] ability: Trace|[of] p2a: Diancie
|turn|14
|
|move|p1a: Alakazam|Psychic|p2a: Diancie
|-damage|p2a: Diancie|22\/275
|move|p2a: Diancie|Moonblast|p1a: Alakazam
|-damage|p1a: Alakazam|0 fnt
|faint|p1a: Alakazam
|
|
|switch|p1a: Breloom|Breloom, F|261\/261
|-damage|p1a: Breloom|245\/261|[from] Stealth Rock
|turn|15
|
|move|p1a: Breloom|Mach Punch|p2a: Diancie
|-damage|p2a: Diancie|0 fnt
|-damage|p1a: Breloom|219\/261|[from] item: Life Orb
|faint|p2a: Diancie
|
|
|switch|p2a: Latios|Latios, M|302\/302
|turn|16
|
|switch|p1a: Heatran|Heatran, M|175\/350
|-damage|p1a: Heatran|132\/350|[from] Stealth Rock
|move|p2a: Latios|Psyshock|p1a: Heatran
|-resisted|p1a: Heatran
|-damage|p1a: Heatran|50\/350
|-damage|p2a: Latios|272\/302|[from] item: Life Orb
|
|-heal|p1a: Heatran|71\/350|[from] item: Leftovers
|turn|17
|
|switch|p1a: Latias|Latias, F|311\/311
|-damage|p1a: Latias|273\/311|[from] Stealth Rock
|move|p2a: Latios|Draco Meteor|p1a: Latias
|-supereffective|p1a: Latias
|-damage|p1a: Latias|0 fnt
|-unboost|p2a: Latios|spa|2
|-damage|p2a: Latios|242\/302|[from] item: Life Orb
|faint|p1a: Latias
|
|
|switch|p1a: Heatran|Heatran, M|71\/350
|-damage|p1a: Heatran|28\/350|[from] Stealth Rock
|turn|18
|
|move|p2a: Latios|Surf|p1a: Heatran
|-supereffective|p1a: Heatran
|-damage|p1a: Heatran|0 fnt
|-damage|p2a: Latios|212\/302|[from] item: Life Orb
|faint|p1a: Heatran
|
|
|switch|p1a: Breloom|Breloom, F|219\/261
|-damage|p1a: Breloom|203\/261|[from] Stealth Rock
|turn|19
|
|move|p2a: Latios|Psyshock|p1a: Breloom
|-supereffective|p1a: Breloom
|-damage|p1a: Breloom|0 fnt
|-damage|p2a: Latios|182\/302|[from] item: Life Orb
|faint|p1a: Breloom
|
|win|Vrille
|raw|Ladder updating...
|raw|Motita's rating: 1679 &rarr; <strong>1656<\/strong><br \/>(-23 for losing)
|raw|Vrille's rating: 1635 &rarr; <strong>1657<\/strong><br \/>(+22 for winning)
|leave|Motita
|player|p1