|join|Vrille
|join|HJ Regicide
|player|p1|Vrille|283
|player|p2|HJ Regicide|102
|gametype|singles
|gen|6
|tier|OU
|rated
|clearpoke
|poke|p1|Excadrill, M
|poke|p1|Tornadus-Therian, M
|poke|p1|Suicune
|poke|p1|Landorus-Therian, M
|poke|p1|Charizard, M
|poke|p1|Ferrothorn, M
|poke|p2|Pinsir, F
|poke|p2|Ferrothorn, M
|poke|p2|Aegislash, F
|poke|p2|Terrakion
|poke|p2|Mandibuzz, F
|poke|p2|Rotom-Wash
|rule|Baton Pass Clause: Limit 3 pokemon knowing Baton Pass
|rule|Sleep Clause Mod: Limit one foe put to sleep
|rule|Species Clause: Limit one of each Pokemon
|rule|OHKO Clause: OHKO moves are banned
|rule|Moody Clause: Moody is banned
|rule|Evasion Moves Clause: Evasion moves are banned
|rule|Endless Battle Clause: Forcing endless battles is banned
|rule|HP Percentage Mod: HP is reported as percentages
|teampreview
|
|start
|switch|p1a: Blazevictory|Charizard, M|359\/359
|switch|p2a: Terrakion|Terrakion|323\/323
|turn|1
|
|switch|p2a: Rotom-Wash|Rotom-Wash|303\/303
|switch|p1a: Warpaint|Landorus-Therian, M|336\/336
|-ability|p1a: Warpaint|Intimidate|[of] p2a: Rotom-Wash
|-unboost|p2a: Rotom-Wash|atk|1
|
|turn|2
|
|switch|p1a: Hydroliminality|Suicune|403\/403
|-ability|p1a: Hydroliminality|Pressure
|move|p2a: Rotom-Wash|Volt Switch|p1a: Hydroliminality
|-supereffective|p1a: Hydroliminality
|-damage|p1a: Hydroliminality|257\/403
|
|switch|p2a: Pinsir|Pinsir, F|271\/271
|
|-heal|p1a: Hydroliminality|282\/403|[from] item: Leftovers
|turn|3
|
|switch|p1a: Sandmirror|Excadrill, M|362\/362
|-ability|p1a: Sandmirror|Mold Breaker
|detailschange|p2a: Pinsir|Pinsir-Mega, F
|message|Pinsir has Mega Evolved into Mega Pinsir!
|move|p2a: Pinsir|Return|p1a: Sandmirror
|-resisted|p1a: Sandmirror
|-damage|p1a: Sandmirror|169\/362
|
|turn|4
|
|switch|p2a: Ferrothorn|Ferrothorn, M|352\/352
|move|p1a: Sandmirror|Rock Slide|p2a: Ferrothorn
|-miss|p1a: Sandmirror|p2a: Ferrothorn
|
|turn|5
|
|switch|p1a: BullShit|Ferrothorn, M|352\/352
|switch|p2a: Terrakion|Terrakion|323\/323
|
|turn|6
|
|switch|p1a: Warpaint|Landorus-Therian, M|336\/336
|-ability|p1a: Warpaint|Intimidate|[of] p2a: Terrakion
|-unboost|p2a: Terrakion|atk|1
|move|p2a: Terrakion|Close Combat|p1a: Warpaint
|-resisted|p1a: Warpaint
|-damage|p1a: Warpaint|255\/336
|-unboost|p2a: Terrakion|def|1
|-unboost|p2a: Terrakion|spd|1
|
|-heal|p1a: Warpaint|276\/336|[from] item: Leftovers
|turn|7
|
|switch|p2a: Mandibuzz|Mandibuzz, F|424\/424
|move|p1a: Warpaint|Swords Dance|p1a: Warpaint
|-boost|p1a: Warpaint|atk|2
|
|-heal|p1a: Warpaint|297\/336|[from] item: Leftovers
|turn|8
|
|move|p1a: Warpaint|Stone Edge|p2a: Mandibuzz|[miss]
|-miss|p1a: Warpaint|p2a: Mandibuzz
|move|p2a: Mandibuzz|Foul Play|p1a: Warpaint
|-damage|p1a: Warpaint|0 fnt
|faint|p1a: Warpaint
|
|chat|Vrille| Ã©gdvsbrgfzdfkds$Ã¹d
|chat|Vrille|f$d
|chat|HJ Regicide|sorry
|-message|Vrille forfeited.
|
|win|HJ Regicide
|raw|Ladder updating...
|raw|Vrille's rating: 1821 &rarr; <strong>1792<\/strong><br \/>(-29 for losing)
|raw|HJ Regicide's rating: 1637 &rarr; <strong>1667<\/strong><br \/>(+30 for winning)
|leave|Vrille
|player|p1