|join|lil manaphy
|join|Vrille
|player|p1|lil manaphy|272
|player|p2|Vrille|283
|gametype|singles
|gen|6
|tier|OU
|rated
|clearpoke
|poke|p1|Gardevoir, F, shiny
|poke|p1|Mandibuzz, F
|poke|p1|Amoonguss, F
|poke|p1|Keldeo
|poke|p1|Chansey, F
|poke|p1|Landorus-Therian, M
|poke|p2|Excadrill, M
|poke|p2|Tornadus-Therian, M
|poke|p2|Suicune
|poke|p2|Landorus-Therian, M
|poke|p2|Charizard, M
|poke|p2|Ferrothorn, F
|rule|Baton Pass Clause: Limit 3 pokemon knowing Baton Pass
|rule|Sleep Clause Mod: Limit one foe put to sleep
|rule|Species Clause: Limit one of each Pokemon
|rule|OHKO Clause: OHKO moves are banned
|rule|Moody Clause: Moody is banned
|rule|Evasion Moves Clause: Evasion moves are banned
|rule|Endless Battle Clause: Forcing endless battles is banned
|rule|HP Percentage Mod: HP is reported as percentages
|teampreview
|
|start
|switch|p1a: Laveau|Mandibuzz, F|424\/424
|switch|p2a: Hydroliminality|Suicune|403\/403
|-ability|p2a: Hydroliminality|Pressure
|turn|1
|
|switch|p1a: Keldeo|Keldeo|323\/323
|move|p2a: Hydroliminality|Scald|p1a: Keldeo
|-resisted|p1a: Keldeo
|-damage|p1a: Keldeo|280\/323
|-status|p1a: Keldeo|brn
|
|-heal|p1a: Keldeo|300\/323 brn|[from] item: Leftovers
|-damage|p1a: Keldeo|260\/323 brn|[from] brn
|turn|2
|chat|lil manaphy|WGOOPS
|
|switch|p1a: Chansey|Chansey, F|704\/704
|switch|p2a: Skyprint|Tornadus-Therian, M|341\/341
|
|turn|3
|
|move|p2a: Skyprint|Knock Off|p1a: Chansey
|-damage|p1a: Chansey|618\/704
|-enditem|p1a: Chansey|Eviolite|[from] move: Knock Off|[of] p2a: Skyprint
|move|p1a: Chansey|Heal Bell|p1a: Chansey
|-cureteam|p1a: Chansey|[from] move: HealBell
|
|turn|4
|
|switch|p2a: BullShit|Ferrothorn, F|352\/352
|switch|p1a: Landorus-Therian|Landorus-Therian, M|382\/382
|-ability|p1a: Landorus-Therian|Intimidate|[of] p2a: BullShit
|-unboost|p2a: BullShit|atk|1
|
|turn|5
|
|move|p1a: Landorus-Therian|Stealth Rock|p2a: BullShit
|-sidestart|p2: Vrille|move: Stealth Rock
|move|p2a: BullShit|Leech Seed|p1a: Landorus-Therian
|-start|p1a: Landorus-Therian|move: Leech Seed
|
|-damage|p1a: Landorus-Therian|335\/382|[from] Leech Seed|[of] p2a: BullShit
|turn|6
|
|switch|p1a: Zoe|Amoonguss, F|432\/432
|move|p2a: BullShit|Stealth Rock|p1a: Zoe
|-sidestart|p1: lil manaphy|move: Stealth Rock
|
|turn|7
|
|move|p1a: Zoe|Hidden Power|p2a: BullShit
|-supereffective|p2a: BullShit
|-damage|p2a: BullShit|228\/352
|move|p2a: BullShit|Knock Off|p1a: Zoe
|-damage|p1a: Zoe|394\/432
|-enditem|p1a: Zoe|Black Sludge|[from] move: Knock Off|[of] p2a: BullShit
|
|-heal|p2a: BullShit|250\/352|[from] item: Leftovers
|turn|8
|
|switch|p2a: Skyprint|Tornadus-Therian, M|341\/341
|-damage|p2a: Skyprint|256\/341|[from] Stealth Rock
|move|p1a: Zoe|Spore|p2a: Skyprint
|-status|p2a: Skyprint|slp
|
|turn|9
|
|cant|p2a: Skyprint|slp
|move|p1a: Zoe|Hidden Power|p2a: Skyprint
|-damage|p2a: Skyprint|226\/341 slp
|
|turn|10
|
|switch|p1a: Misty day|Gardevoir, F, shiny|277\/277
|-damage|p1a: Misty day|243\/277|[from] Stealth Rock
|-ability|p1a: Misty day|Regenerator|[from] ability: Trace|[of] p2a: Skyprint
|cant|p2a: Skyprint|slp
|
|turn|11
|
|detailschange|p1a: Misty day|Gardevoir-Mega, F, shiny
|message|Gardevoir has Mega Evolved into Mega Gardevoir!
|-curestatus|p2a: Skyprint|slp
|move|p2a: Skyprint|Hurricane|p1a: Misty day
|-damage|p1a: Misty day|120\/277
|move|p1a: Misty day|Hyper Voice|p2a: Skyprint
|-damage|p2a: Skyprint|31\/341
|
|turn|12
|
|switch|p2a: Sandmirror|Excadrill, M|362\/362
|-damage|p2a: Sandmirror|351\/362|[from] Stealth Rock
|-ability|p2a: Sandmirror|Mold Breaker
|switch|p1a: Landorus-Therian|Landorus-Therian, M|335\/382
|-damage|p1a: Landorus-Therian|288\/382|[from] Stealth Rock
|-ability|p1a: Landorus-Therian|Intimidate|[of] p2a: Sandmirror
|-unboost|p2a: Sandmirror|atk|1
|
|-heal|p1a: Landorus-Therian|311\/382|[from] item: Leftovers
|turn|13
|
|switch|p2a: Skyprint|Tornadus-Therian, M|144\/341
|-damage|p2a: Skyprint|59\/341|[from] Stealth Rock
|move|p1a: Landorus-Therian|Earthquake|p2a: Skyprint
|-immune|p2a: Skyprint|[msg]
|
|-heal|p1a: Landorus-Therian|334\/382|[from] item: Leftovers
|turn|14
|
|switch|p2a: BullShit|Ferrothorn, F|250\/352
|-damage|p2a: BullShit|228\/352|[from] Stealth Rock
|move|p1a: Landorus-Therian|Stone Edge|p2a: BullShit
|-resisted|p2a: BullShit
|-damage|p2a: BullShit|192\/352
|
|-heal|p1a: Landorus-Therian|357\/382|[from] item: Leftovers
|-heal|p2a: BullShit|214\/352|[from] item: Leftovers
|turn|15
|
|move|p1a: Landorus-Therian|Earthquake|p2a: BullShit
|-crit|p2a: BullShit
|-damage|p2a: BullShit|46\/352
|move|p2a: BullShit|Leech Seed|p1a: Landorus-Therian
|-start|p1a: Landorus-Therian|move: Leech Seed
|
|-heal|p1a: Landorus-Therian|380\/382|[from] item: Leftovers
|-heal|p2a: BullShit|68\/352|[from] item: Leftovers
|-damage|p1a: Landorus-Therian|333\/382|[from] Leech Seed|[of] p2a: BullShit
|-heal|p2a: BullShit|115\/352|[silent]
|turn|16
|
|switch|p1a: Zoe|Amoonguss, F|432\/432
|-damage|p1a: Zoe|378\/432|[from] Stealth Rock
|switch|p2a: Skyprint|Tornadus-Therian, M|172\/341
|-damage|p2a: Skyprint|87\/341|[from] Stealth Rock
|
|turn|17
|
|switch|p1a: Chansey|Chansey, F|618\/704
|-damage|p1a: Chansey|530\/704|[from] Stealth Rock
|move|p2a: Skyprint|Hurricane|p1a: Chansey
|-damage|p1a: Chansey|371\/704
|-start|p1a: Chansey|confusion
|
|turn|18
|
|switch|p2a: BullShit|Ferrothorn, F|115\/352
|-damage|p2a: BullShit|93\/352|[from] Stealth Rock
|-activate|p1a: Chansey|confusion
|-damage|p1a: Chansey|360\/704|[from] confusion
|
|-heal|p2a: BullShit|115\/352|[from] item: Leftovers
|turn|19
|
|switch|p1a: Zoe|Amoonguss, F|432\/432
|-damage|p1a: Zoe|378\/432|[from] Stealth Rock
|move|p2a: BullShit|Leech Seed|p1a: Zoe|[miss]
|-miss|p2a: BullShit|p1a: Zoe
|
|-heal|p2a: BullShit|137\/352|[from] item: Leftovers
|turn|20
|
|switch|p2a: Skyprint|Tornadus-Therian, M|200\/341
|-damage|p2a: Skyprint|115\/341|[from] Stealth Rock
|move|p1a: Zoe|Hidden Power|p2a: Skyprint
|-damage|p2a: Skyprint|86\/341
|
|turn|21
|
|switch|p1a: Chansey|Chansey, F|360\/704
|-damage|p1a: Chansey|272\/704|[from] Stealth Rock
|move|p2a: Skyprint|Hurricane|p1a: Chansey
|-damage|p1a: Chansey|121\/704
|
|turn|22
|
|switch|p2a: BullShit|Ferrothorn, F|137\/352
|-damage|p2a: BullShit|115\/352|[from] Stealth Rock
|move|p1a: Chansey|Soft-Boiled|p1a: Chansey
|-heal|p1a: Chansey|473\/704
|
|-heal|p2a: BullShit|137\/352|[from] item: Leftovers
|turn|23
|
|move|p1a: Chansey|Soft-Boiled|p1a: Chansey
|-heal|p1a: Chansey|704\/704
|move|p2a: BullShit|Leech Seed|p1a: Chansey
|-start|p1a: Chansey|move: Leech Seed
|
|-heal|p2a: BullShit|159\/352|[from] item: Leftovers
|-damage|p1a: Chansey|616\/704|[from] Leech Seed|[of] p2a: BullShit
|-heal|p2a: BullShit|247\/352|[silent]
|turn|24
|
|switch|p1a: Zoe|Amoonguss, F|432\/432
|-damage|p1a: Zoe|378\/432|[from] Stealth Rock
|switch|p2a: Skyprint|Tornadus-Therian, M|199\/341
|-damage|p2a: Skyprint|114\/341|[from] Stealth Rock
|
|turn|25
|leave|Vrille
|player|p2
|join|Vrille
|player|p2|Vrille|283
|
|switch|p1a: Chansey|Chansey, F|616\/704
|-damage|p1a: Chansey|528\/704|[from] Stealth Rock
|move|p2a: Skyprint|Hurricane|p1a: Chansey
|-damage|p1a: Chansey|372\/704
|
|turn|26
|
|move|p2a: Skyprint|Hurricane|p1a: Chansey
|-damage|p1a: Chansey|207\/704
|-start|p1a: Chansey|confusion
|-activate|p1a: Chansey|confusion
|move|p1a: Chansey|Soft-Boiled|p1a: Chansey
|-heal|p1a: Chansey|559\/704
|
|turn|27
|
|switch|p2a: Sandmirror|Excadrill, M|351\/362
|-damage|p2a: Sandmirror|340\/362|[from] Stealth Rock
|-ability|p2a: Sandmirror|Mold Breaker
|-end|p1a: Chansey|confusion
|move|p1a: Chansey|Soft-Boiled|p1a: Chansey
|-heal|p1a: Chansey|704\/704
|
|turn|28
|
|switch|p1a: Landorus-Therian|Landorus-Therian, M|333\/382
|-damage|p1a: Landorus-Therian|286\/382|[from] Stealth Rock
|-ability|p1a: Landorus-Therian|Intimidate|[of] p2a: Sandmirror
|-unboost|p2a: Sandmirror|atk|1
|move|p2a: Sandmirror|Rapid Spin|p1a: Landorus-Therian
|-damage|p1a: Landorus-Therian|273\/382
|-sideend|p2: Vrille|Stealth Rock|[from] move: Rapid Spin|[of] p2a: Sandmirror
|
|-heal|p1a: Landorus-Therian|296\/382|[from] item: Leftovers
|turn|29
|
|switch|p2a: Hydroliminality|Suicune|403\/403
|-ability|p2a: Hydroliminality|Pressure
|move|p1a: Landorus-Therian|Stealth Rock|p2a: Hydroliminality
|-sidestart|p2: Vrille|move: Stealth Rock
|
|-heal|p1a: Landorus-Therian|319\/382|[from] item: Leftovers
|turn|30
|
|move|p1a: Landorus-Therian|U-turn|p2a: Hydroliminality
|-damage|p2a: Hydroliminality|353\/403
|
|switch|p1a: Keldeo|Keldeo|260\/323
|-damage|p1a: Keldeo|240\/323|[from] Stealth Rock
|move|p2a: Hydroliminality|Calm Mind|p2a: Hydroliminality
|-boost|p2a: Hydroliminality|spa|1
|-boost|p2a: Hydroliminality|spd|1
|
|-heal|p1a: Keldeo|260\/323|[from] item: Leftovers
|-heal|p2a: Hydroliminality|378\/403|[from] item: Leftovers
|turn|31
|
|move|p1a: Keldeo|Substitute|p1a: Keldeo
|-start|p1a: Keldeo|Substitute
|-damage|p1a: Keldeo|180\/323
|move|p2a: Hydroliminality|Scald|p1a: Keldeo
|-resisted|p1a: Keldeo
|-activate|p1a: Keldeo|Substitute|[damage]
|
|-heal|p1a: Keldeo|200\/323|[from] item: Leftovers
|-heal|p2a: Hydroliminality|403\/403|[from] item: Leftovers
|turn|32
|
|move|p1a: Keldeo|Calm Mind|p1a: Keldeo
|-boost|p1a: Keldeo|spa|1
|-boost|p1a: Keldeo|spd|1
|move|p2a: Hydroliminality|Scald|p1a: Keldeo
|-resisted|p1a: Keldeo
|-end|p1a: Keldeo|Substitute
|
|-heal|p1a: Keldeo|220\/323|[from] item: Leftovers
|turn|33
|
|switch|p2a: Skyprint|Tornadus-Therian, M|227\/341
|-damage|p2a: Skyprint|142\/341|[from] Stealth Rock
|move|p1a: Keldeo|Substitute|p1a: Keldeo
|-start|p1a: Keldeo|Substitute
|-damage|p1a: Keldeo|140\/323
|
|-heal|p1a: Keldeo|160\/323|[from] item: Leftovers
|turn|34
|
|move|p2a: Skyprint|Grass Knot|p1a: Keldeo
|-supereffective|p1a: Keldeo
|-activate|p1a: Keldeo|Substitute|[damage]
|move|p1a: Keldeo|Scald|p2a: Skyprint
|-damage|p2a: Skyprint|0 fnt
|faint|p2a: Skyprint
|
|-heal|p1a: Keldeo|180\/323|[from] item: Leftovers
|-message|Vrille forfeited.
|
|win|lil manaphy
|raw|Ladder updating...
|leave|Vrille
|player|p2
|raw|lil manaphy's rating: 1975 &rarr; <strong>1989<\/strong><br \/>(+14 for winning)
|raw|Vrille's rating: 1859 &rarr; <strong>1845<\/strong><br \/>(-14 for losing)
|join|SheWantsTheDeo-D
|join|Aboetha