|join|Vrille
|join|Cunty Vibes
|player|p1|Vrille|283
|player|p2|Cunty Vibes|185
|gametype|singles
|gen|6
|tier|OU
|rated
|clearpoke
|poke|p1|Excadrill, F
|poke|p1|Tornadus-Therian, M
|poke|p1|Suicune
|poke|p1|Landorus-Therian, M
|poke|p1|Charizard, M
|poke|p1|Ferrothorn, F
|poke|p2|Claydol
|poke|p2|Chansey, F
|poke|p2|Skarmory, M
|poke|p2|Alomomola, F
|poke|p2|Aegislash, M
|poke|p2|Tyranitar, M
|rule|Sleep Clause Mod: Limit one foe put to sleep
|rule|Species Clause: Limit one of each Pokemon
|rule|OHKO Clause: OHKO moves are banned
|rule|Moody Clause: Moody is banned
|rule|Evasion Moves Clause: Evasion moves are banned
|rule|Endless Battle Clause: Forcing endless battles is banned.
|rule|HP Percentage Mod: HP is reported as percentages
|teampreview
|
|start
|switch|p1a: Tornadus-Therian|Tornadus-Therian, M|341\/341
|switch|p2a: Alomomola|Alomomola, F|534\/534
|turn|1
|
|move|p2a: Alomomola|Protect|p2a: Alomomola
|-singleturn|p2a: Alomomola|Protect
|move|p1a: Tornadus-Therian|Knock Off|p2a: Alomomola
|-activate|p2a: Alomomola|Protect
|
|turn|2
|
|move|p1a: Tornadus-Therian|Knock Off|p2a: Alomomola
|-damage|p2a: Alomomola|476\/534
|-damage|p1a: Tornadus-Therian|285\/341|[from] item: Rocky Helmet|[of] p2a: Alomomola
|-enditem|p2a: Alomomola|Rocky Helmet|[from] move: Knock Off|[of] p1a: Tornadus-Therian
|move|p2a: Alomomola|Scald|p1a: Tornadus-Therian
|-damage|p1a: Tornadus-Therian|249\/341
|
|turn|3
|
|move|p2a: Alomomola|Protect|p2a: Alomomola
|-singleturn|p2a: Alomomola|Protect
|move|p1a: Tornadus-Therian|U-turn|p2a: Alomomola
|-activate|p2a: Alomomola|Protect
|
|turn|4
|
|move|p1a: Tornadus-Therian|U-turn|p2a: Alomomola
|-damage|p2a: Alomomola|435\/534
|
|switch|p1a: Suicune|Suicune|403\/403
|-ability|p1a: Suicune|Pressure
|move|p2a: Alomomola|Mirror Coat|p1a: Suicune
|-fail|p1a: Suicune
|
|turn|5
|
|switch|p1a: Charizard|Charizard, M|359\/359
|switch|p2a: Tyranitar|Tyranitar, M|404\/404
|-weather|Sandstorm
|
|-weather|Sandstorm|[upkeep]
|-damage|p1a: Charizard|337\/359|[from] sandstorm
|turn|6
|
|switch|p2a: Chansey|Chansey, F|704\/704
|detailschange|p1a: Charizard|Charizard-Mega-X, M
|message|Charizard has Mega Evolved into Mega Charizard!
|move|p1a: Charizard|Will-O-Wisp|p2a: Chansey
|-status|p2a: Chansey|brn
|
|-weather|Sandstorm|[upkeep]
|-damage|p1a: Charizard|315\/359|[from] sandstorm
|-damage|p2a: Chansey|660\/704 brn|[from] sandstorm
|-damage|p2a: Chansey|572\/704 brn|[from] brn
|turn|7
|
|switch|p1a: Ferrothorn|Ferrothorn, F|352\/352
|switch|p2a: Claydol|Claydol|324\/324
|
|-weather|Sandstorm|[upkeep]
|turn|8
|
|switch|p2a: Aegislash|Aegislash, M|324\/324
|move|p1a: Ferrothorn|Knock Off|p2a: Aegislash
|-supereffective|p2a: Aegislash
|-damage|p2a: Aegislash|232\/324
|-enditem|p2a: Aegislash|Leftovers|[from] move: Knock Off|[of] p1a: Ferrothorn
|
|-weather|Sandstorm|[upkeep]
|turn|9
|
|move|p2a: Aegislash|Substitute|p2a: Aegislash
|-start|p2a: Aegislash|Substitute
|-damage|p2a: Aegislash|151\/324
|move|p1a: Ferrothorn|Leech Seed|p2a: Aegislash
|
|-weather|none
|turn|10
|
|switch|p1a: Suicune|Suicune|403\/403
|-ability|p1a: Suicune|Pressure
|-formechange|p2a: Aegislash|Aegislash-Blade
|move|p2a: Aegislash|Shadow Ball|p1a: Suicune
|-damage|p1a: Suicune|243\/403
|
|-heal|p1a: Suicune|268\/403|[from] item: Leftovers
|turn|11
|
|move|p1a: Suicune|Calm Mind|p1a: Suicune
|-boost|p1a: Suicune|spa|1
|-boost|p1a: Suicune|spd|1
|move|p2a: Aegislash|Shadow Ball|p1a: Suicune
|-damage|p1a: Suicune|162\/403
|
|-heal|p1a: Suicune|187\/403|[from] item: Leftovers
|turn|12
|
|move|p1a: Suicune|Scald|p2a: Aegislash
|-end|p2a: Aegislash|Substitute
|move|p2a: Aegislash|Toxic|p1a: Suicune
|-status|p1a: Suicune|tox
|
|-heal|p1a: Suicune|212\/403 tox|[from] item: Leftovers
|-damage|p1a: Suicune|187\/403 tox|[from] psn
|turn|13
|
|switch|p2a: Tyranitar|Tyranitar, M|404\/404
|-weather|Sandstorm
|move|p1a: Suicune|Rest|p1a: Suicune
|-status|p1a: Suicune|slp
|-heal|p1a: Suicune|403\/403 slp|[silent]
|-status|p1a: Suicune|slp|[from] move: Rest
|
|-weather|Sandstorm|[upkeep]
|-damage|p1a: Suicune|378\/403 slp|[from] sandstorm
|-heal|p1a: Suicune|403\/403 slp|[from] item: Leftovers
|turn|14
|
|detailschange|p2a: Tyranitar|Tyranitar-Mega, M
|message|Tyranitar has Mega Evolved into Mega Tyranitar!
|cant|p1a: Suicune|slp
|move|p1a: Suicune|Sleep Talk|p1a: Suicune
|move|p1a: Suicune|Scald|p2a: Tyranitar|[from]Sleep Talk
|-supereffective|p2a: Tyranitar
|-damage|p2a: Tyranitar|248\/404
|move|p2a: Tyranitar|Stone Edge|p1a: Suicune
|-damage|p1a: Suicune|261\/403 slp
|
|-weather|Sandstorm|[upkeep]
|-damage|p1a: Suicune|236\/403 slp|[from] sandstorm
|-heal|p1a: Suicune|261\/403 slp|[from] item: Leftovers
|turn|15
|
|cant|p1a: Suicune|slp
|move|p1a: Suicune|Sleep Talk|p1a: Suicune
|move|p1a: Suicune|Calm Mind|p1a: Suicune|[from]Sleep Talk
|-boost|p1a: Suicune|spa|1
|-boost|p1a: Suicune|spd|1
|move|p2a: Tyranitar|Stone Edge|p1a: Suicune
|-damage|p1a: Suicune|119\/403 slp
|
|-weather|Sandstorm|[upkeep]
|-damage|p1a: Suicune|94\/403 slp|[from] sandstorm
|-heal|p1a: Suicune|119\/403 slp|[from] item: Leftovers
|turn|16
|
|-curestatus|p1a: Suicune|slp
|move|p1a: Suicune|Rest|p1a: Suicune
|-status|p1a: Suicune|slp
|-heal|p1a: Suicune|403\/403 slp|[silent]
|-status|p1a: Suicune|slp|[from] move: Rest
|move|p2a: Tyranitar|Stone Edge|p1a: Suicune|[miss]
|-miss|p2a: Tyranitar|p1a: Suicune
|
|-weather|Sandstorm|[upkeep]
|-damage|p1a: Suicune|378\/403 slp|[from] sandstorm
|-heal|p1a: Suicune|403\/403 slp|[from] item: Leftovers
|turn|17
|
|cant|p1a: Suicune|slp
|move|p1a: Suicune|Sleep Talk|p1a: Suicune
|move|p1a: Suicune|Scald|p2a: Tyranitar|[from]Sleep Talk
|-supereffective|p2a: Tyranitar
|-damage|p2a: Tyranitar|42\/404
|move|p2a: Tyranitar|Stealth Rock|p1a: Suicune
|-sidestart|p1: Vrille|move: Stealth Rock
|
|-weather|none
|turn|18
|
|switch|p2a: Chansey|Chansey, F|572\/704
|cant|p1a: Suicune|slp
|
|turn|19
|
|switch|p1a: Ferrothorn|Ferrothorn, F|352\/352
|-damage|p1a: Ferrothorn|330\/352|[from] Stealth Rock
|move|p2a: Chansey|Wish|p2a: Chansey
|
|-heal|p1a: Ferrothorn|352\/352|[from] item: Leftovers
|turn|20
|
|switch|p2a: Aegislash|Aegislash, M|151\/324
|move|p1a: Ferrothorn|Leech Seed|p2a: Aegislash
|-start|p2a: Aegislash|move: Leech Seed
|
|-heal|p2a: Aegislash|324\/324|[from] move: Wish|[wisher] Chansey
|-damage|p2a: Aegislash|284\/324|[from] Leech Seed|[of] p1a: Ferrothorn
|turn|21
|
|switch|p2a: Chansey|Chansey, F|572\/704
|move|p1a: Ferrothorn|Stealth Rock|p2a: Chansey
|-sidestart|p2: Cunty Vibes|move: Stealth Rock
|
|turn|22
|
|switch|p2a: Alomomola|Alomomola, F|534\/534
|-damage|p2a: Alomomola|468\/534|[from] Stealth Rock
|move|p1a: Ferrothorn|Knock Off|p2a: Alomomola
|-damage|p2a: Alomomola|431\/534
|
|turn|23
|leave|Vrille
|player|p1
|join|Vrille
|player|p1|Vrille|283
|
|switch|p1a: Charizard|Charizard-Mega-X, M|315\/359
|-damage|p1a: Charizard|226\/359|[from] Stealth Rock
|move|p2a: Alomomola|Wish|p2a: Alomomola
|
|turn|24
|
|switch|p2a: Tyranitar|Tyranitar-Mega, M|42\/404
|-damage|p2a: Tyranitar|0 fnt|[from] Stealth Rock
|faint|p2a: Tyranitar
|move|p1a: Charizard|Dragon Claw|p2: Tyranitar|[notarget]
|-notarget
|
|
|switch|p2a: Claydol|Claydol|324\/324
|-damage|p2a: Claydol|304\/324|[from] Stealth Rock
|turn|25
|
|switch|p1a: Ferrothorn|Ferrothorn, F|352\/352
|-damage|p1a: Ferrothorn|330\/352|[from] Stealth Rock
|move|p2a: Claydol|Earth Power|p1a: Ferrothorn
|-damage|p1a: Ferrothorn|267\/352
|
|-heal|p1a: Ferrothorn|289\/352|[from] item: Leftovers
|turn|26
|
|switch|p2a: Alomomola|Alomomola, F|534\/534
|-damage|p2a: Alomomola|468\/534|[from] Stealth Rock
|move|p1a: Ferrothorn|Leech Seed|p2a: Alomomola
|-start|p2a: Alomomola|move: Leech Seed
|
|-heal|p1a: Ferrothorn|311\/352|[from] item: Leftovers
|-damage|p2a: Alomomola|402\/534|[from] Leech Seed|[of] p1a: Ferrothorn
|-heal|p1a: Ferrothorn|352\/352|[silent]
|turn|27
|
|move|p2a: Alomomola|Wish|p2a: Alomomola
|move|p1a: Ferrothorn|Power Whip|p2a: Alomomola|[miss]
|-miss|p1a: Ferrothorn|p2a: Alomomola
|
|-damage|p2a: Alomomola|336\/534|[from] Leech Seed|[of] p1a: Ferrothorn
|turn|28
|
|switch|p1a: Charizard|Charizard-Mega-X, M|226\/359
|-damage|p1a: Charizard|137\/359|[from] Stealth Rock
|move|p2a: Alomomola|Scald|p1a: Charizard
|-damage|p1a: Charizard|97\/359
|
|-heal|p2a: Alomomola|534\/534|[from] move: Wish|[wisher] Alomomola
|-damage|p2a: Alomomola|468\/534|[from] Leech Seed|[of] p1a: Charizard
|-heal|p1a: Charizard|163\/359|[silent]
|turn|29
|
|switch|p2a: Claydol|Claydol|304\/324
|-damage|p2a: Claydol|284\/324|[from] Stealth Rock
|move|p1a: Charizard|Will-O-Wisp|p2a: Claydol
|-status|p2a: Claydol|brn
|
|-damage|p2a: Claydol|244\/324 brn|[from] brn
|turn|30
|
|switch|p1a: Tornadus-Therian|Tornadus-Therian, M|341\/341
|-damage|p1a: Tornadus-Therian|256\/341|[from] Stealth Rock
|move|p2a: Claydol|Rapid Spin|p1a: Tornadus-Therian
|-damage|p1a: Tornadus-Therian|250\/341
|-sideend|p2: Cunty Vibes|Stealth Rock|[from] move: Rapid Spin|[of] p2a: Claydol
|
|-damage|p2a: Claydol|204\/324 brn|[from] brn
|turn|31
|
|switch|p2a: Alomomola|Alomomola, F|534\/534
|move|p1a: Tornadus-Therian|Hurricane|p2a: Alomomola|[miss]
|-miss|p1a: Tornadus-Therian|p2a: Alomomola
|
|turn|32
|
|move|p1a: Tornadus-Therian|U-turn|p2a: Alomomola
|-damage|p2a: Alomomola|492\/534
|
|switch|p1a: Charizard|Charizard-Mega-X, M|163\/359
|-damage|p1a: Charizard|74\/359|[from] Stealth Rock
|move|p2a: Alomomola|Mirror Coat|p1a: Charizard
|-fail|p1a: Charizard
|
|turn|33
|
|switch|p2a: Skarmory|Skarmory, M|334\/334
|move|p1a: Charizard|Roost|p1a: Charizard
|-heal|p1a: Charizard|254\/359
|
|turn|34
|
|move|p1a: Charizard|Will-O-Wisp|p2a: Skarmory
|-status|p2a: Skarmory|brn
|move|p2a: Skarmory|Whirlwind|p1a: Charizard
|drag|p1a: Tornadus-Therian|Tornadus-Therian, M|341\/341
|-damage|p1a: Tornadus-Therian|256\/341|[from] Stealth Rock
|
|-damage|p2a: Skarmory|293\/334 brn|[from] brn
|turn|35
|
|move|p1a: Tornadus-Therian|Hurricane|p2a: Skarmory
|-resisted|p2a: Skarmory
|-damage|p2a: Skarmory|190\/334 brn
|move|p2a: Skarmory|Spikes|p1a: Tornadus-Therian
|-sidestart|p1: Vrille|Spikes
|
|-damage|p2a: Skarmory|149\/334 brn|[from] brn
|turn|36
|
|switch|p2a: Aegislash|Aegislash, M|284\/324
|move|p1a: Tornadus-Therian|Focus Blast|p2a: Aegislash
|-immune|p2a: Aegislash|[msg]
|
|turn|37
|
|move|p1a: Tornadus-Therian|Knock Off|p2a: Aegislash
|-supereffective|p2a: Aegislash
|-damage|p2a: Aegislash|214\/324
|-formechange|p2a: Aegislash|Aegislash-Blade
|move|p2a: Aegislash|Shadow Ball|p1a: Tornadus-Therian
|-damage|p1a: Tornadus-Therian|120\/341
|
|turn|38
|
|switch|p1a: Excadrill|Excadrill, F|362\/362
|-damage|p1a: Excadrill|351\/362|[from] Stealth Rock
|-damage|p1a: Excadrill|306\/362|[from] Spikes
|-ability|p1a: Excadrill|Mold Breaker
|switch|p2a: Alomomola|Alomomola, F|534\/534
|
|turn|39
|
|move|p1a: Excadrill|Rapid Spin|p2a: Alomomola
|-damage|p2a: Alomomola|512\/534
|-sideend|p1: Vrille|Spikes|[from] move: Rapid Spin|[of] p1a: Excadrill
|-sideend|p1: Vrille|Stealth Rock|[from] move: Rapid Spin|[of] p1a: Excadrill
|move|p2a: Alomomola|Scald|p1a: Excadrill
|-supereffective|p1a: Excadrill
|-damage|p1a: Excadrill|166\/362
|
|turn|40
|
|switch|p1a: Charizard|Charizard-Mega-X, M|254\/359
|move|p2a: Alomomola|Scald|p1a: Charizard
|-damage|p1a: Charizard|217\/359
|
|turn|41
|-message|Cunty Vibes forfeited.
|
|win|Vrille
|raw|Ladder updating...
|leave|Cunty Vibes
|player|p2
|raw|Vrille's rating: 1823 &rarr; <strong>1845<\/strong><br \/>(+22 for winning)
|raw|Cunty Vibes's rating: 1845 &rarr; <strong>1824<\/strong><br \/>(-21 for losing)