|join|Muk the kid
|join|Vrille
|player|p1|Muk the kid|256
|player|p2|Vrille|268
|gametype|singles
|gen|6
|tier|OU
|rated
|clearpoke
|poke|p1|Diancie
|poke|p1|Azumarill, M
|poke|p1|Talonflame, F
|poke|p1|Ferrothorn, F
|poke|p1|Mew
|poke|p1|Latias, F
|poke|p2|Talonflame, M
|poke|p2|Diancie
|poke|p2|Rotom-Wash
|poke|p2|Ferrothorn, F
|poke|p2|Latios, M
|poke|p2|Heracross, F
|rule|Swagger Clause: Swagger is banned
|rule|Baton Pass Clause: Limit one PokÃ©mon knowing Baton Pass
|rule|Sleep Clause Mod: Limit one foe put to sleep
|rule|Species Clause: Limit one of each PokÃ©mon
|rule|OHKO Clause: OHKO moves are banned
|rule|Moody Clause: Moody is banned
|rule|Evasion Moves Clause: Evasion moves are banned
|rule|Endless Battle Clause: Forcing endless battles is banned
|rule|HP Percentage Mod: HP is shown in percentages
|teampreview
|c|âVrille|mirroir game
|c|âVrille|lgi
|c|âMuk the kid|lol
|join|Altilt
|join|rock throw
|join|Outrageous Fortune
|
|start
|switch|p1a: Diancie|Diancie|241\/241
|switch|p2a: Rotom-Wash|Rotom-Wash|291\/291
|turn|1
|
|detailschange|p1a: Diancie|Diancie-Mega
|-mega|p1a: Diancie|Diancie|Diancite
|move|p1a: Diancie|Protect|p1a: Diancie
|-singleturn|p1a: Diancie|Protect
|move|p2a: Rotom-Wash|Hydro Pump|p1a: Diancie
|-activate|p1a: Diancie|Protect
|
|turn|2
|
|switch|p1a: Latias|Latias, F|301\/301
|move|p2a: Rotom-Wash|Hydro Pump|p1a: Latias
|-resisted|p1a: Latias
|-damage|p1a: Latias|251\/301
|
|turn|3
|
|move|p1a: Latias|Psyshock|p2a: Rotom-Wash
|-damage|p2a: Rotom-Wash|181\/291
|-damage|p1a: Latias|221\/301|[from] item: Life Orb
|move|p2a: Rotom-Wash|Volt Switch|p1a: Latias
|-resisted|p1a: Latias
|-damage|p1a: Latias|187\/301
|
|switch|p2a: Heracross|Heracross, F|331\/331
|
|turn|4
|
|move|p2a: Heracross|Pursuit|p1a: Latias|[from]Pursuit
|-supereffective|p1a: Latias
|-damage|p1a: Latias|0 fnt
|faint|p1a: Latias
|
|
|switch|p1a: Ferrothorn|Ferrothorn, F|352\/352
|turn|5
|
|move|p2a: Heracross|Close Combat|p1a: Ferrothorn
|-supereffective|p1a: Ferrothorn
|-damage|p1a: Ferrothorn|68\/352
|-damage|p2a: Heracross|290\/331|[from] ability: Iron Barbs|[of] p1a: Ferrothorn
|-unboost|p2a: Heracross|def|1
|-unboost|p2a: Heracross|spd|1
|move|p1a: Ferrothorn|Stealth Rock|p2a: Heracross
|-sidestart|p2: Vrille|move: Stealth Rock
|
|-heal|p1a: Ferrothorn|90\/352|[from] item: Leftovers
|turn|6
|
|move|p1a: Ferrothorn|Protect|p1a: Ferrothorn
|-singleturn|p1a: Ferrothorn|Protect
|move|p2a: Heracross|Stone Edge|p1a: Ferrothorn
|-activate|p1a: Ferrothorn|Protect
|
|-heal|p1a: Ferrothorn|112\/352|[from] item: Leftovers
|turn|7
|
|switch|p2a: Latios|Latios, M|301\/301
|-damage|p2a: Latios|264\/301|[from] Stealth Rock
|switch|p1a: Talonflame|Talonflame, F|297\/297
|
|turn|8
|
|move|p1a: Talonflame|Brave Bird|p2a: Latios
|-damage|p2a: Latios|23\/301
|-damage|p1a: Talonflame|217\/297|[from] recoil|[of] p2a: Latios
|move|p2a: Latios|Defog|p1a: Talonflame
|-unboost|p1a: Talonflame|evasion|1
|-sideend|p2: Vrille|Stealth Rock|[from] move: Defog|[of] p2a: Latios
|
|turn|9
|
|switch|p1a: Ferrothorn|Ferrothorn, F|112\/352
|move|p2a: Latios|Draco Meteor|p1a: Ferrothorn|[miss]
|-miss|p2a: Latios|p1a: Ferrothorn
|
|-heal|p1a: Ferrothorn|134\/352|[from] item: Leftovers
|turn|10
|c|âVrille|-_-
|
|move|p2a: Latios|Draco Meteor|p1a: Ferrothorn
|-resisted|p1a: Ferrothorn
|-damage|p1a: Ferrothorn|25\/352
|-unboost|p2a: Latios|spa|2
|-damage|p2a: Latios|0 fnt|[from] item: Life Orb
|faint|p2a: Latios
|move|p1a: Ferrothorn|Stealth Rock|p2: Latios
|-sidestart|p2: Vrille|move: Stealth Rock
|
|-heal|p1a: Ferrothorn|47\/352|[from] item: Leftovers
|
|switch|p2a: Ferrothorn|Ferrothorn, F|352\/352
|-damage|p2a: Ferrothorn|330\/352|[from] Stealth Rock
|turn|11
|
|switch|p1a: Mew|Mew|404\/404
|move|p2a: Ferrothorn|Spikes|p1a: Mew
|-sidestart|p1: Muk the kid|Spikes
|
|-heal|p2a: Ferrothorn|352\/352|[from] item: Leftovers
|turn|12
|
|switch|p2a: Heracross|Heracross, F|290\/331
|-damage|p2a: Heracross|249\/331|[from] Stealth Rock
|move|p1a: Mew|Will-O-Wisp|p2a: Heracross
|-status|p2a: Heracross|brn
|
|-damage|p2a: Heracross|208\/331 brn|[from] brn
|turn|13
|
|move|p2a: Heracross|Pursuit|p1a: Mew|[from]Pursuit
|-supereffective|p1a: Mew
|-damage|p1a: Mew|94\/404
|switch|p1a: Ferrothorn|Ferrothorn, F|47\/352
|-damage|p1a: Ferrothorn|3\/352|[from] Spikes
|
|-heal|p1a: Ferrothorn|25\/352|[from] item: Leftovers
|-damage|p2a: Heracross|167\/331 brn|[from] brn
|turn|14
|
|switch|p2a: Ferrothorn|Ferrothorn, F|352\/352
|-damage|p2a: Ferrothorn|330\/352|[from] Stealth Rock
|move|p1a: Ferrothorn|Gyro Ball|p2a: Ferrothorn
|-resisted|p2a: Ferrothorn
|-damage|p2a: Ferrothorn|318\/352
|-damage|p1a: Ferrothorn|0 fnt|[from] ability: Iron Barbs|[of] p2a: Ferrothorn
|faint|p1a: Ferrothorn
|
|-heal|p2a: Ferrothorn|340\/352|[from] item: Leftovers
|
|switch|p1a: Mew|Mew|94\/404
|-damage|p1a: Mew|44\/404|[from] Spikes
|turn|15
|
|switch|p2a: Heracross|Heracross, F|167\/331 brn
|-damage|p2a: Heracross|126\/331 brn|[from] Stealth Rock
|move|p1a: Mew|Roost|p1a: Mew
|-heal|p1a: Mew|246\/404
|
|-heal|p1a: Mew|271\/404|[from] item: Leftovers
|-damage|p2a: Heracross|85\/331 brn|[from] brn
|turn|16
|
|switch|p1a: Talonflame|Talonflame, F|217\/297
|move|p2a: Heracross|Stone Edge|p1a: Talonflame
|-supereffective|p1a: Talonflame
|-damage|p1a: Talonflame|0 fnt
|faint|p1a: Talonflame
|
|-damage|p2a: Heracross|44\/331 brn|[from] brn
|
|switch|p1a: Diancie|Diancie-Mega|241\/241
|-damage|p1a: Diancie|211\/241|[from] Spikes
|turn|17
|
|move|p1a: Diancie|Moonblast|p2a: Heracross
|-supereffective|p2a: Heracross
|-damage|p2a: Heracross|0 fnt
|faint|p2a: Heracross
|
|join|hand relief
|
|switch|p2a: Ferrothorn|Ferrothorn, F|340\/352
|-damage|p2a: Ferrothorn|318\/352|[from] Stealth Rock
|turn|18
|
|switch|p1a: Mew|Mew|271\/404
|-damage|p1a: Mew|221\/404|[from] Spikes
|move|p2a: Ferrothorn|Gyro Ball|p1a: Mew
|-damage|p1a: Mew|55\/404
|
|-heal|p1a: Mew|80\/404|[from] item: Leftovers
|-heal|p2a: Ferrothorn|340\/352|[from] item: Leftovers
|turn|19
|
|switch|p2a: Diancie|Diancie|275\/275
|-damage|p2a: Diancie|241\/275|[from] Stealth Rock
|move|p1a: Mew|Will-O-Wisp|p2a: Diancie|[miss]
|-miss|p1a: Mew|p2a: Diancie
|
|-heal|p1a: Mew|105\/404|[from] item: Leftovers
|turn|20
|
|detailschange|p2a: Diancie|Diancie-Mega
|-mega|p2a: Diancie|Diancie|Diancite
|move|p1a: Mew|Roost|p1a: Mew
|-heal|p1a: Mew|307\/404
|move|p2a: Diancie|Moonblast|p1a: Mew
|-damage|p1a: Mew|124\/404
|
|-heal|p1a: Mew|149\/404|[from] item: Leftovers
|turn|21
|
|switch|p1a: Azumarill|Azumarill, M|386\/386
|-damage|p1a: Azumarill|338\/386|[from] Spikes
|move|p2a: Diancie|Moonblast|p1a: Azumarill
|-damage|p1a: Azumarill|98\/386
|-unboost|p1a: Azumarill|spa|1
|-enditem|p1a: Azumarill|Sitrus Berry|[eat]
|-heal|p1a: Azumarill|194\/386|[from] item: Sitrus Berry
|
|turn|22
|
|move|p2a: Diancie|Moonblast|p1a: Azumarill
|-damage|p1a: Azumarill|0 fnt
|faint|p1a: Azumarill
|
|-message|Muk the kid forfeited.
|
|win|Vrille
|raw|Ladder updating...
|leave|Muk the kid
|player|p1
|raw|Muk the kid's rating: 1666 &rarr; <strong>1642<\/strong><br \/>(-24 for losing)
|raw|Vrille's rating: 1595 &rarr; <strong>1619<\/strong><br \/>(+24 for winning)