|join|Crypto-darkrai
|join|Vrille
|player|p1|Crypto-darkrai|73
|player|p2|Vrille|268
|gametype|singles
|gen|6
|tier|OU (suspect test)
|rated
|clearpoke
|poke|p1|Diancie
|poke|p1|Ferrothorn, M
|poke|p1|Keldeo
|poke|p1|Landorus-Therian, M
|poke|p1|Magnezone
|poke|p1|Latios, M
|poke|p2|Talonflame, M
|poke|p2|Diancie
|poke|p2|Rotom-Wash
|poke|p2|Ferrothorn, F
|poke|p2|Latios, M
|poke|p2|Bisharp, M
|rule|Swagger Clause: Swagger is banned
|rule|Baton Pass Clause: Limit one PokÃ©mon knowing Baton Pass
|rule|Sleep Clause Mod: Limit one foe put to sleep
|rule|Species Clause: Limit one of each PokÃ©mon
|rule|OHKO Clause: OHKO moves are banned
|rule|Moody Clause: Moody is banned
|rule|Evasion Moves Clause: Evasion moves are banned
|rule|Endless Battle Clause: Forcing endless battles is banned
|rule|HP Percentage Mod: HP is shown in percentages
|teampreview
|
|start
|switch|p1a: Magnezone|Magnezone|325\/325
|switch|p2a: Bisharp|Bisharp, M|271\/271
|turn|1
|join|Wild PokeMMon
|
|move|p2a: Bisharp|Knock Off|p1a: Magnezone
|-damage|p1a: Magnezone|169\/325
|-enditem|p1a: Magnezone|Choice Specs|[from] move: Knock Off|[of] p2a: Bisharp
|move|p1a: Magnezone|Hidden Power|p2a: Bisharp
|-supereffective|p2a: Bisharp
|-damage|p2a: Bisharp|51\/271
|
|turn|2
|
|move|p2a: Bisharp|Sucker Punch|p1a: Magnezone
|-damage|p1a: Magnezone|49\/325
|move|p1a: Magnezone|Hidden Power|p2a: Bisharp
|-supereffective|p2a: Bisharp
|-damage|p2a: Bisharp|0 fnt
|faint|p2a: Bisharp
|
|
|switch|p2a: Rotom-Wash|Rotom-Wash|291\/291
|turn|3
|
|move|p2a: Rotom-Wash|Hydro Pump|p1a: Magnezone
|-damage|p1a: Magnezone|0 fnt
|faint|p1a: Magnezone
|
|
|switch|p1a: Ferrothorn|Ferrothorn, M|352\/352
|turn|4
|
|move|p2a: Rotom-Wash|Will-O-Wisp|p1a: Ferrothorn
|-status|p1a: Ferrothorn|brn
|move|p1a: Ferrothorn|Leech Seed|p2a: Rotom-Wash
|-start|p2a: Rotom-Wash|move: Leech Seed
|
|-damage|p2a: Rotom-Wash|255\/291|[from] Leech Seed|[of] p1a: Ferrothorn
|-damage|p1a: Ferrothorn|308\/352 brn|[from] brn
|turn|5
|
|switch|p2a: Ferrothorn|Ferrothorn, F|352\/352
|switch|p1a: Landorus-Therian|Landorus-Therian, M|319\/319
|-ability|p1a: Landorus-Therian|Intimidate|[of] p2a: Ferrothorn
|-unboost|p2a: Ferrothorn|atk|1
|
|turn|6
|
|move|p1a: Landorus-Therian|Knock Off|p2a: Ferrothorn
|-damage|p2a: Ferrothorn|262\/352
|-damage|p1a: Landorus-Therian|280\/319|[from] ability: Iron Barbs|[of] p2a: Ferrothorn
|-enditem|p2a: Ferrothorn|Leftovers|[from] move: Knock Off|[of] p1a: Landorus-Therian
|move|p2a: Ferrothorn|Leech Seed|p1a: Landorus-Therian
|-start|p1a: Landorus-Therian|move: Leech Seed
|
|-damage|p1a: Landorus-Therian|241\/319|[from] Leech Seed|[of] p2a: Ferrothorn
|-heal|p2a: Ferrothorn|301\/352|[silent]
|turn|7
|
|switch|p1a: Keldeo|Keldeo|323\/323
|move|p2a: Ferrothorn|Stealth Rock|p1a: Keldeo
|-sidestart|p1: Crypto-darkrai|move: Stealth Rock
|
|turn|8
|
|switch|p2a: Latios|Latios, M|301\/301
|move|p1a: Keldeo|Scald|p2a: Latios
|-resisted|p2a: Latios
|-damage|p2a: Latios|208\/301
|-status|p2a: Latios|brn
|
|-damage|p2a: Latios|171\/301 brn|[from] brn
|turn|9
|
|switch|p2a: Ferrothorn|Ferrothorn, F|301\/352
|switch|p1a: Ferrothorn|Ferrothorn, M|308\/352 brn
|-damage|p1a: Ferrothorn|286\/352 brn|[from] Stealth Rock
|
|-heal|p1a: Ferrothorn|308\/352 brn|[from] item: Leftovers
|-damage|p1a: Ferrothorn|264\/352 brn|[from] brn
|turn|10
|
|move|p2a: Ferrothorn|Spikes|p1a: Ferrothorn
|-sidestart|p1: Crypto-darkrai|Spikes
|move|p1a: Ferrothorn|Stealth Rock|p2a: Ferrothorn
|-sidestart|p2: Vrille|move: Stealth Rock
|
|-heal|p1a: Ferrothorn|286\/352 brn|[from] item: Leftovers
|-damage|p1a: Ferrothorn|242\/352 brn|[from] brn
|turn|11
|
|switch|p1a: Keldeo|Keldeo|323\/323
|-damage|p1a: Keldeo|303\/323|[from] Stealth Rock
|-damage|p1a: Keldeo|263\/323|[from] Spikes
|move|p2a: Ferrothorn|Spikes|p1a: Keldeo
|-sidestart|p1: Crypto-darkrai|Spikes
|
|turn|12
|
|switch|p2a: Talonflame|Talonflame, M|359\/359
|-damage|p2a: Talonflame|180\/359|[from] Stealth Rock
|move|p1a: Keldeo|Secret Sword|p2a: Talonflame
|-resisted|p2a: Talonflame
|-damage|p2a: Talonflame|40\/359
|
|turn|13
|
|switch|p1a: Diancie|Diancie|257\/257
|-damage|p1a: Diancie|225\/257|[from] Stealth Rock
|-damage|p1a: Diancie|183\/257|[from] Spikes
|move|p2a: Talonflame|Roost|p2a: Talonflame
|-heal|p2a: Talonflame|220\/359
|
|turn|14
|
|switch|p2a: Ferrothorn|Ferrothorn, F|301\/352
|-damage|p2a: Ferrothorn|279\/352|[from] Stealth Rock
|switch|p1a: Latios|Latios, M|301\/301
|-damage|p1a: Latios|264\/301|[from] Stealth Rock
|
|turn|15
|
|switch|p2a: Diancie|Diancie|275\/275
|-damage|p2a: Diancie|241\/275|[from] Stealth Rock
|move|p1a: Latios|Defog|p2a: Diancie
|-fail|p2a: Diancie|unboost|[from] ability: Clear Body|[of] p2a: Diancie
|-sideend|p2: Vrille|Stealth Rock|[from] move: Defog|[of] p2a: Diancie
|-sideend|p1: Crypto-darkrai|Spikes|[from] move: Defog|[of] p1a: Latios
|-sideend|p1: Crypto-darkrai|Stealth Rock|[from] move: Defog|[of] p1a: Latios
|
|turn|16
|
|switch|p1a: Ferrothorn|Ferrothorn, M|242\/352 brn
|detailschange|p2a: Diancie|Diancie-Mega
|-mega|p2a: Diancie|Diancie|Diancite
|move|p2a: Diancie|Moonblast|p1a: Ferrothorn
|-resisted|p1a: Ferrothorn
|-damage|p1a: Ferrothorn|163\/352 brn
|
|-heal|p1a: Ferrothorn|185\/352 brn|[from] item: Leftovers
|-damage|p1a: Ferrothorn|141\/352 brn|[from] brn
|turn|17
|
|switch|p2a: Ferrothorn|Ferrothorn, F|279\/352
|move|p1a: Ferrothorn|Stealth Rock|p2a: Ferrothorn
|-sidestart|p2: Vrille|move: Stealth Rock
|
|-heal|p1a: Ferrothorn|163\/352 brn|[from] item: Leftovers
|-damage|p1a: Ferrothorn|119\/352 brn|[from] brn
|turn|18
|
|switch|p1a: Keldeo|Keldeo|263\/323
|move|p2a: Ferrothorn|Stealth Rock|p1a: Keldeo
|-sidestart|p1: Crypto-darkrai|move: Stealth Rock
|
|turn|19
|
|switch|p2a: Latios|Latios, M|171\/301 brn
|-damage|p2a: Latios|134\/301 brn|[from] Stealth Rock
|move|p1a: Keldeo|Secret Sword|p2a: Latios
|-resisted|p2a: Latios
|-damage|p2a: Latios|0 fnt
|faint|p2a: Latios
|
|
|switch|p2a: Diancie|Diancie-Mega|241\/275
|-damage|p2a: Diancie|207\/275|[from] Stealth Rock
|turn|20
|
|switch|p1a: Ferrothorn|Ferrothorn, M|119\/352 brn
|-damage|p1a: Ferrothorn|97\/352 brn|[from] Stealth Rock
|move|p2a: Diancie|Rock Polish|p2a: Diancie
|-boost|p2a: Diancie|spe|2
|
|-heal|p1a: Ferrothorn|119\/352 brn|[from] item: Leftovers
|-damage|p1a: Ferrothorn|75\/352 brn|[from] brn
|turn|21
|
|move|p2a: Diancie|Earth Power|p1a: Ferrothorn
|-damage|p1a: Ferrothorn|0 fnt
|faint|p1a: Ferrothorn
|
|
|switch|p1a: Landorus-Therian|Landorus-Therian, M|241\/319
|-damage|p1a: Landorus-Therian|202\/319|[from] Stealth Rock
|-ability|p1a: Landorus-Therian|Intimidate|[of] p2a: Diancie
|-unboost|p2a: Diancie|atk|1
|turn|22
|
|move|p2a: Diancie|Moonblast|p1a: Landorus-Therian
|-damage|p1a: Landorus-Therian|0 fnt
|faint|p1a: Landorus-Therian
|
|-message|Crypto-darkrai forfeited.
|leave|Crypto-darkrai
|
|win|Vrille
|raw|Ladder updating...
|player|p1
|raw|Crypto-darkrai's rating: 1413 &rarr; <strong>1389<\/strong><br \/>(-24 for losing)
|raw|Vrille's rating: 1338 &rarr; <strong>1362<\/strong><br \/>(+24 for winning)
|leave|Wild PokeMMon
|leave|Vrille
|player|p2
|join|Vrille