|join|movie99
|join|OPGGNORE
|player|p1|movie99|101
|player|p2|OPGGNORE|266
|gametype|singles
|gen|6
|tier|ORAS OU
|rated
|rule|Sleep Clause Mod: Limit one foe put to sleep
|rule|Species Clause: Limit one of each PokÃ©mon
|rule|OHKO Clause: OHKO moves are banned
|rule|Moody Clause: Moody is banned
|rule|Evasion Moves Clause: Evasion moves are banned
|rule|Endless Battle Clause: Forcing endless battles is banned
|rule|HP Percentage Mod: HP is shown in percentages
|clearpoke
|poke|p1|Diancie
|poke|p1|Ferrothorn, F
|poke|p1|Slowbro, M
|poke|p1|Latias, F
|poke|p1|Conkeldurr, M
|poke|p1|Scizor, F
|poke|p2|Diancie
|poke|p2|Keldeo
|poke|p2|Skarmory, F
|poke|p2|Landorus-Therian, M
|poke|p2|Mew, shiny
|poke|p2|Crawdaunt, M
|rule|Swagger Clause: Swagger is banned
|rule|Baton Pass Clause: Limit one PokÃ©mon knowing Baton Pass
|teampreview
|
|start
|switch|p1a: Ferrothorn|Ferrothorn, F|352\/352
|switch|p2a: Keldeo|Keldeo|324\/324
|turn|1
|
|move|p1a: Ferrothorn|Protect|p1a: Ferrothorn
|-singleturn|p1a: Ferrothorn|Protect
|move|p2a: Keldeo|Substitute|p2a: Keldeo
|-start|p2a: Keldeo|Substitute
|-damage|p2a: Keldeo|243\/324
|
|-heal|p2a: Keldeo|263\/324|[from] item: Leftovers
|turn|2
|
|switch|p1a: Latias|Latias, F|358\/358
|move|p2a: Keldeo|Secret Sword|p1a: Latias
|-resisted|p1a: Latias
|-damage|p1a: Latias|271\/358
|
|-heal|p2a: Keldeo|283\/324|[from] item: Leftovers
|-heal|p1a: Latias|293\/358|[from] item: Leftovers
|turn|3
|
|move|p2a: Keldeo|Scald|p1a: Latias
|-crit|p1a: Latias
|-resisted|p1a: Latias
|-damage|p1a: Latias|206\/358
|-status|p1a: Latias|brn
|move|p1a: Latias|Psyshock|p2a: Keldeo
|-supereffective|p2a: Keldeo
|-end|p2a: Keldeo|Substitute
|
|-heal|p2a: Keldeo|303\/324|[from] item: Leftovers
|-heal|p1a: Latias|228\/358 brn|[from] item: Leftovers
|-damage|p1a: Latias|184\/358 brn|[from] brn
|turn|4
|
|move|p2a: Keldeo|Substitute|p2a: Keldeo
|-start|p2a: Keldeo|Substitute
|-damage|p2a: Keldeo|222\/324
|move|p1a: Latias|Psyshock|p2a: Keldeo
|-supereffective|p2a: Keldeo
|-end|p2a: Keldeo|Substitute
|
|-heal|p2a: Keldeo|242\/324|[from] item: Leftovers
|-heal|p1a: Latias|206\/358 brn|[from] item: Leftovers
|-damage|p1a: Latias|162\/358 brn|[from] brn
|turn|5
|
|switch|p1a: Conkeldurr|Conkeldurr, M|414\/414
|move|p2a: Keldeo|Substitute|p2a: Keldeo
|-start|p2a: Keldeo|Substitute
|-damage|p2a: Keldeo|161\/324
|
|-heal|p2a: Keldeo|181\/324|[from] item: Leftovers
|turn|6
|
|move|p2a: Keldeo|Secret Sword|p1a: Conkeldurr
|-damage|p1a: Conkeldurr|252\/414
|move|p1a: Conkeldurr|Drain Punch|p2a: Keldeo
|-end|p2a: Keldeo|Substitute
|-heal|p1a: Conkeldurr|293\/414|[from] drain|[of] p2a: Keldeo
|
|-heal|p2a: Keldeo|201\/324|[from] item: Leftovers
|turn|7
|
|switch|p2a: Skarmory|Skarmory, F|334\/334
|move|p1a: Conkeldurr|Ice Punch|p2a: Skarmory
|-damage|p2a: Skarmory|269\/334
|-damage|p1a: Conkeldurr|224\/414|[from] item: Rocky Helmet|[of] p2a: Skarmory
|
|turn|8
|
|switch|p1a: Diancie|Diancie|241\/241
|move|p2a: Skarmory|Stealth Rock|p1a: Diancie
|-sidestart|p1: movie99|move: Stealth Rock
|
|turn|9
|
|switch|p2a: Mew|Mew, shiny|395\/395
|detailschange|p1a: Diancie|Diancie-Mega
|message|Diancie has Mega Evolved into Mega Diancie!
|move|p1a: Diancie|Calm Mind|p1a: Diancie
|-boost|p1a: Diancie|spa|1
|-boost|p1a: Diancie|spd|1
|
|turn|10
|
|move|p1a: Diancie|Moonblast|p2a: Mew
|-damage|p2a: Mew|164\/395
|move|p2a: Mew|Taunt|p1a: Diancie
|move|p1a: Diancie|Taunt|p2a: Mew|[from]Magic Bounce
|-start|p2a: Mew|move: Taunt
|
|-heal|p2a: Mew|188\/395|[from] item: Leftovers
|turn|11
|c|âOPGGNORE|oh yeah lol
|c|âmovie99|ya
|c|âOPGGNORE|lol im stupid
|c|âmovie99|maybe
|c|âmovie99|jk
|
|switch|p2a: Diancie|Diancie|241\/241
|move|p1a: Diancie|Moonblast|p2a: Diancie
|-damage|p2a: Diancie|12\/241
|
|turn|12
|
|detailschange|p2a: Diancie|Diancie-Mega
|message|Diancie has Mega Evolved into Mega Diancie!
|move|p1a: Diancie|Moonblast|p2a: Diancie
|-damage|p2a: Diancie|0 fnt
|faint|p2a: Diancie
|
|
|switch|p2a: Landorus-Therian|Landorus-Therian, M|320\/320
|-ability|p2a: Landorus-Therian|Intimidate|[of] p1a: Diancie
|-unboost|p1a: Diancie|atk|1
|turn|13
|
|switch|p1a: Slowbro|Slowbro, M|394\/394
|-damage|p1a: Slowbro|345\/394|[from] Stealth Rock
|move|p2a: Landorus-Therian|Earthquake|p1a: Slowbro
|-damage|p1a: Slowbro|209\/394
|
|-heal|p1a: Slowbro|233\/394|[from] item: Leftovers
|turn|14
|
|switch|p2a: Mew|Mew, shiny|188\/395
|switch|p1a: Diancie|Diancie-Mega|241\/241
|-damage|p1a: Diancie|211\/241|[from] Stealth Rock
|
|-heal|p2a: Mew|212\/395|[from] item: Leftovers
|turn|15
|c|âOPGGNORE|omg im shitting myself
|
|switch|p2a: Landorus-Therian|Landorus-Therian, M|320\/320
|-ability|p2a: Landorus-Therian|Intimidate|[of] p1a: Diancie
|-unboost|p1a: Diancie|atk|1
|move|p1a: Diancie|Moonblast|p2a: Landorus-Therian
|-damage|p2a: Landorus-Therian|94\/320
|-unboost|p2a: Landorus-Therian|spa|1
|
|turn|16
|
|switch|p1a: Latias|Latias, F|162\/358 brn
|-damage|p1a: Latias|118\/358 brn|[from] Stealth Rock
|move|p2a: Landorus-Therian|Earthquake|p1a: Latias
|-immune|p1a: Latias|[msg]
|
|-heal|p1a: Latias|140\/358 brn|[from] item: Leftovers
|-damage|p1a: Latias|96\/358 brn|[from] brn
|turn|17
|
|switch|p2a: Skarmory|Skarmory, F|269\/334
|move|p1a: Latias|Draco Meteor|p2a: Skarmory
|-resisted|p2a: Skarmory
|-damage|p2a: Skarmory|112\/334
|-unboost|p1a: Latias|spa|2
|
|-heal|p1a: Latias|118\/358 brn|[from] item: Leftovers
|-damage|p1a: Latias|74\/358 brn|[from] brn
|turn|18
|
|switch|p2a: Crawdaunt|Crawdaunt, M|267\/267
|move|p1a: Latias|Defog|p2a: Crawdaunt
|-unboost|p2a: Crawdaunt|evasion|1
|-sideend|p1: movie99|Stealth Rock|[from] move: Defog|[of] p1a: Latias
|
|-heal|p1a: Latias|96\/358 brn|[from] item: Leftovers
|-damage|p1a: Latias|52\/358 brn|[from] brn
|turn|19
|
|switch|p1a: Ferrothorn|Ferrothorn, F|352\/352
|move|p2a: Crawdaunt|Swords Dance|p2a: Crawdaunt
|-boost|p2a: Crawdaunt|atk|2
|
|turn|20
|
|move|p2a: Crawdaunt|Knock Off|p1a: Ferrothorn
|-damage|p1a: Ferrothorn|0 fnt
|-damage|p2a: Crawdaunt|234\/267|[from] ability: Iron Barbs|[of] p1a: Ferrothorn
|-enditem|p1a: Ferrothorn|Leftovers|[from] move: Knock Off|[of] p2a: Crawdaunt
|-damage|p2a: Crawdaunt|208\/267|[from] item: Life Orb
|faint|p1a: Ferrothorn
|
|
|switch|p1a: Conkeldurr|Conkeldurr, M|224\/414
|turn|21
|
|move|p2a: Crawdaunt|Aqua Jet|p1a: Conkeldurr
|-damage|p1a: Conkeldurr|0 fnt
|-damage|p2a: Crawdaunt|182\/267|[from] item: Life Orb
|faint|p1a: Conkeldurr
|
|
|switch|p1a: Scizor|Scizor, F|344\/344
|turn|22
|
|switch|p2a: Skarmory|Skarmory, F|112\/334
|move|p1a: Scizor|Bullet Punch|p2a: Skarmory
|-resisted|p2a: Skarmory
|-damage|p2a: Skarmory|61\/334
|-damage|p1a: Scizor|287\/344|[from] item: Rocky Helmet|[of] p2a: Skarmory
|
|turn|23
|
|switch|p2a: Keldeo|Keldeo|201\/324
|switch|p1a: Diancie|Diancie-Mega|211\/241
|
|-heal|p2a: Keldeo|221\/324|[from] item: Leftovers
|turn|24
|
|switch|p2a: Skarmory|Skarmory, F|61\/334
|move|p1a: Diancie|Moonblast|p2a: Skarmory
|-resisted|p2a: Skarmory
|-damage|p2a: Skarmory|0 fnt
|faint|p2a: Skarmory
|
|
|switch|p2a: Landorus-Therian|Landorus-Therian, M|94\/320
|-ability|p2a: Landorus-Therian|Intimidate|[of] p1a: Diancie
|-unboost|p1a: Diancie|atk|1
|turn|25
|
|switch|p1a: Latias|Latias, F|52\/358 brn
|move|p2a: Landorus-Therian|U-turn|p1a: Latias
|-supereffective|p1a: Latias
|-damage|p1a: Latias|0 fnt
|faint|p1a: Latias
|
|switch|p2a: Keldeo|Keldeo|221\/324
|
|-heal|p2a: Keldeo|241\/324|[from] item: Leftovers
|
|switch|p1a: Diancie|Diancie-Mega|211\/241
|turn|26
|
|move|p1a: Diancie|Moonblast|p2a: Keldeo
|-supereffective|p2a: Keldeo
|-damage|p2a: Keldeo|0 fnt
|faint|p2a: Keldeo
|
|
|switch|p2a: Landorus-Therian|Landorus-Therian, M|94\/320
|-ability|p2a: Landorus-Therian|Intimidate|[of] p1a: Diancie
|-unboost|p1a: Diancie|atk|1
|turn|27
|
|switch|p1a: Slowbro|Slowbro, M|364\/394
|move|p2a: Landorus-Therian|U-turn|p1a: Slowbro
|-supereffective|p1a: Slowbro
|-damage|p1a: Slowbro|222\/394
|
|switch|p2a: Crawdaunt|Crawdaunt, M|182\/267
|
|-heal|p1a: Slowbro|246\/394|[from] item: Leftovers
|turn|28
|
|switch|p1a: Diancie|Diancie-Mega|211\/241
|move|p2a: Crawdaunt|Knock Off|p1a: Diancie
|-resisted|p1a: Diancie
|-damage|p1a: Diancie|112\/241
|-damage|p2a: Crawdaunt|156\/267|[from] item: Life Orb
|
|turn|29
|
|switch|p1a: Slowbro|Slowbro, M|377\/394
|move|p2a: Crawdaunt|Aqua Jet|p1a: Slowbro
|-resisted|p1a: Slowbro
|-damage|p1a: Slowbro|335\/394
|-damage|p2a: Crawdaunt|130\/267|[from] item: Life Orb
|
|-heal|p1a: Slowbro|359\/394|[from] item: Leftovers
|turn|30
|
|move|p2a: Crawdaunt|Knock Off|p1a: Slowbro
|-supereffective|p1a: Slowbro
|-damage|p1a: Slowbro|0 fnt
|-enditem|p1a: Slowbro|Leftovers|[from] move: Knock Off|[of] p2a: Crawdaunt
|-damage|p2a: Crawdaunt|104\/267|[from] item: Life Orb
|faint|p1a: Slowbro
|
|
|switch|p1a: Scizor|Scizor, F|287\/344
|turn|31
|
|move|p1a: Scizor|Bullet Punch|p2a: Crawdaunt
|-resisted|p2a: Crawdaunt
|-damage|p2a: Crawdaunt|3\/267
|move|p2a: Crawdaunt|Knock Off|p1a: Scizor
|-damage|p1a: Scizor|0 fnt
|-enditem|p1a: Scizor|Choice Band|[from] move: Knock Off|[of] p2a: Crawdaunt
|-damage|p2a: Crawdaunt|0 fnt|[from] item: Life Orb
|faint|p1a: Scizor
|faint|p2a: Crawdaunt
|
|c|âOPGGNORE|crawdaunt op
|c|âOPGGNORE|banned from ubers pls
|
|switch|p2a: Landorus-Therian|Landorus-Therian, M|94\/320
|switch|p1a: Diancie|Diancie-Mega|112\/241
|-ability|p2a: Landorus-Therian|Intimidate|[of] p1a: Diancie
|-unboost|p1a: Diancie|atk|1
|turn|32
|
|move|p2a: Landorus-Therian|Earthquake|p1a: Diancie
|-supereffective|p1a: Diancie
|-damage|p1a: Diancie|0 fnt
|faint|p1a: Diancie
|
|win|OPGGNORE
|raw|Ladder updating...
|raw|movie99's rating: 1336 &rarr; <strong>1321<\/strong><br \/>(-15 for losing)
|raw|OPGGNORE's rating: 1417 &rarr; <strong>1432<\/strong><br \/>(+15 for winning)
|c|âOPGGNORE|gg