|join|Atherius
|join|OPGGNORE
|player|p1|Atherius|95
|player|p2|OPGGNORE|265
|gametype|singles
|gen|6
|tier|ORAS OU
|rated
|rule|Sleep Clause Mod: Limit one foe put to sleep
|rule|Species Clause: Limit one of each PokÃ©mon
|rule|OHKO Clause: OHKO moves are banned
|rule|Moody Clause: Moody is banned
|rule|Evasion Moves Clause: Evasion moves are banned
|rule|Endless Battle Clause: Forcing endless battles is banned
|rule|HP Percentage Mod: HP is shown in percentages
|clearpoke
|poke|p1|Swampert, F
|poke|p1|Chesnaught, F
|poke|p1|Sylveon, F
|poke|p1|Goodra, F
|poke|p1|Meloetta
|poke|p1|Entei
|poke|p2|Salamence, F
|poke|p2|Magneton
|poke|p2|Wobbuffet, F
|poke|p2|Excadrill, F
|poke|p2|Clefable, F
|poke|p2|Dugtrio, M
|rule|Swagger Clause: Swagger is banned
|rule|Baton Pass Clause: Limit one PokÃ©mon knowing Baton Pass
|teampreview
|
|start
|switch|p1a: Chesnaught|Chesnaught, F|380\/380
|switch|p2a: Clefable|Clefable, F|394\/394
|turn|1
|
|move|p1a: Chesnaught|Leech Seed|p2a: Clefable
|-start|p2a: Clefable|move: Leech Seed
|move|p2a: Clefable|Calm Mind|p2a: Clefable
|-boost|p2a: Clefable|spa|1
|-boost|p2a: Clefable|spd|1
|
|turn|2
|
|switch|p1a: Swampert|Swampert, F|404\/404
|move|p2a: Clefable|Moonblast|p1a: Swampert
|-damage|p1a: Swampert|214\/404
|
|turn|3
|c|âAtherius|Of course it is.
|
|detailschange|p1a: Swampert|Swampert-Mega, F
|message|Swampert has Mega Evolved into Mega Swampert!
|move|p2a: Clefable|Moonblast|p1a: Swampert
|-damage|p1a: Swampert|73\/404
|move|p1a: Swampert|Waterfall|p2a: Clefable
|-damage|p2a: Clefable|234\/394
|
|-heal|p2a: Clefable|258\/394|[from] item: Leftovers
|turn|4
|
|move|p1a: Swampert|Waterfall|p2a: Clefable
|-damage|p2a: Clefable|114\/394
|move|p2a: Clefable|Soft-Boiled|p2a: Clefable
|-heal|p2a: Clefable|311\/394
|
|-heal|p2a: Clefable|335\/394|[from] item: Leftovers
|turn|5
|
|move|p1a: Swampert|Waterfall|p2a: Clefable
|-damage|p2a: Clefable|187\/394
|move|p2a: Clefable|Moonblast|p1a: Swampert
|-damage|p1a: Swampert|0 fnt
|faint|p1a: Swampert
|
|-heal|p2a: Clefable|211\/394|[from] item: Leftovers
|
|switch|p1a: Entei|Entei|372\/372
|-ability|p1a: Entei|Pressure
|turn|6
|
|move|p1a: Entei|Sacred Fire|p2a: Clefable
|-damage|p2a: Clefable|39\/394
|-damage|p1a: Entei|335\/372|[from] item: Life Orb
|move|p2a: Clefable|Soft-Boiled|p2a: Clefable
|-heal|p2a: Clefable|236\/394
|
|-heal|p2a: Clefable|260\/394|[from] item: Leftovers
|turn|7
|
|move|p1a: Entei|Sacred Fire|p2a: Clefable
|-damage|p2a: Clefable|75\/394
|-damage|p1a: Entei|298\/372|[from] item: Life Orb
|move|p2a: Clefable|Soft-Boiled|p2a: Clefable
|-heal|p2a: Clefable|272\/394
|
|-heal|p2a: Clefable|296\/394|[from] item: Leftovers
|turn|8
|
|move|p1a: Entei|Sacred Fire|p2a: Clefable
|-damage|p2a: Clefable|93\/394
|-damage|p1a: Entei|261\/372|[from] item: Life Orb
|move|p2a: Clefable|Soft-Boiled|p2a: Clefable
|-heal|p2a: Clefable|290\/394
|
|-heal|p2a: Clefable|314\/394|[from] item: Leftovers
|turn|9
|
|move|p1a: Entei|Sacred Fire|p2a: Clefable
|-damage|p2a: Clefable|111\/394
|-status|p2a: Clefable|brn
|-damage|p1a: Entei|224\/372|[from] item: Life Orb
|move|p2a: Clefable|Soft-Boiled|p2a: Clefable
|-heal|p2a: Clefable|308\/394 brn
|
|-heal|p2a: Clefable|332\/394 brn|[from] item: Leftovers
|turn|10
|
|move|p1a: Entei|Sacred Fire|p2a: Clefable
|-damage|p2a: Clefable|144\/394 brn
|-damage|p1a: Entei|187\/372|[from] item: Life Orb
|move|p2a: Clefable|Soft-Boiled|p2a: Clefable
|-heal|p2a: Clefable|341\/394 brn
|
|-heal|p2a: Clefable|365\/394 brn|[from] item: Leftovers
|turn|11
|
|move|p1a: Entei|Sacred Fire|p2a: Clefable
|-damage|p2a: Clefable|184\/394 brn
|-damage|p1a: Entei|150\/372|[from] item: Life Orb
|move|p2a: Clefable|Soft-Boiled|p2a: Clefable
|-heal|p2a: Clefable|381\/394 brn
|
|-heal|p2a: Clefable|394\/394 brn|[from] item: Leftovers
|turn|12
|
|move|p1a: Entei|Sacred Fire|p2a: Clefable
|-damage|p2a: Clefable|222\/394 brn
|-damage|p1a: Entei|113\/372|[from] item: Life Orb
|move|p2a: Clefable|Moonblast|p1a: Entei
|-resisted|p1a: Entei
|-damage|p1a: Entei|3\/372
|
|-heal|p2a: Clefable|246\/394 brn|[from] item: Leftovers
|turn|13
|
|move|p1a: Entei|Sacred Fire|p2a: Clefable
|-damage|p2a: Clefable|61\/394 brn
|-damage|p1a: Entei|0 fnt|[from] item: Life Orb
|faint|p1a: Entei
|move|p2a: Clefable|Soft-Boiled|p2a: Clefable
|-heal|p2a: Clefable|258\/394 brn
|
|-heal|p2a: Clefable|282\/394 brn|[from] item: Leftovers
|
|switch|p1a: Meloetta|Meloetta|341\/341
|turn|14
|
|move|p1a: Meloetta|Knock Off|p2a: Clefable
|-resisted|p2a: Clefable
|-damage|p2a: Clefable|237\/394 brn
|-enditem|p2a: Clefable|Leftovers|[from] move: Knock Off|[of] p1a: Meloetta
|-damage|p1a: Meloetta|307\/341|[from] item: Life Orb
|move|p2a: Clefable|Moonblast|p1a: Meloetta
|-damage|p1a: Meloetta|172\/341
|
|turn|15
|
|move|p1a: Meloetta|Ice Punch|p2a: Clefable
|-damage|p2a: Clefable|162\/394 brn
|-damage|p1a: Meloetta|138\/341|[from] item: Life Orb
|move|p2a: Clefable|Moonblast|p1a: Meloetta
|-crit|p1a: Meloetta
|-damage|p1a: Meloetta|0 fnt
|faint|p1a: Meloetta
|
|
|switch|p1a: Sylveon|Sylveon, F|394\/394
|turn|16
|
|move|p1a: Sylveon|Hyper Voice|p2a: Clefable
|-damage|p2a: Clefable|59\/394 brn
|move|p2a: Clefable|Soft-Boiled|p2a: Clefable
|-heal|p2a: Clefable|256\/394 brn
|
|turn|17
|c|âAtherius|Yeah, you know what?
|c|âAtherius|Good game
|c|âAtherius|I have nothing that can stop this.
|c|âOPGGNORE|qq
|c|âAtherius|Eh, forgot how outrageous Clefable is.  I'll have to adjust for something to handle it.
|-message|Atherius forfeited.
|
|win|OPGGNORE
|raw|Ladder updating...
|raw|Atherius's rating: 1394 &rarr; <strong>1372<\/strong><br \/>(-22 for losing)
|raw|OPGGNORE's rating: 1366 &rarr; <strong>1387<\/strong><br \/>(+21 for winning)
|leave|Atherius
|player|p1
|c|âOPGGNORE|qq