|join|lil manaphy
|join|OPGGNORE
|player|p1|lil manaphy|9
|player|p2|OPGGNORE|101
|gametype|singles
|gen|6
|tier|ORAS OU
|rated
|rule|Sleep Clause Mod: Limit one foe put to sleep
|rule|Species Clause: Limit one of each PokÃ©mon
|rule|OHKO Clause: OHKO moves are banned
|rule|Moody Clause: Moody is banned
|rule|Evasion Moves Clause: Evasion moves are banned
|rule|Endless Battle Clause: Forcing endless battles is banned
|rule|HP Percentage Mod: HP is shown in percentages
|clearpoke
|poke|p1|Sableye, M
|poke|p1|Tentacruel, F
|poke|p1|Chansey, F
|poke|p1|Rotom-Wash
|poke|p1|Landorus-Therian, M
|poke|p1|Greninja, F
|poke|p2|Salamence, M
|poke|p2|Sylveon, F
|poke|p2|Excadrill, F
|poke|p2|Greninja, M
|poke|p2|Terrakion
|poke|p2|Chansey, F
|rule|Swagger Clause: Swagger is banned
|rule|Baton Pass Clause: Limit one PokÃ©mon knowing Baton Pass
|teampreview
|join|Alldaalts
|
|start
|switch|p1a: Sableye|Sableye, M|304\/304
|switch|p2a: Excadrill|Excadrill, F|361\/361
|-ability|p2a: Excadrill|Mold Breaker
|-item|p2a: Excadrill|Air Balloon
|turn|1
|join|WECAMEASROMANS
|
|switch|p2a: Sylveon|Sylveon, F|394\/394
|detailschange|p1a: Sableye|Sableye-Mega, M
|message|Sableye has Mega Evolved into Mega Sableye!
|move|p1a: Sableye|Will-O-Wisp|p2a: Sylveon
|-status|p2a: Sylveon|brn
|
|-damage|p2a: Sylveon|345\/394 brn|[from] brn
|turn|2
|
|switch|p1a: Tentacruel|Tentacruel, F|361\/361
|move|p2a: Sylveon|Baton Pass|p2a: Sylveon
|join|dfhdfhh
|
|switch|p2a: Excadrill|Excadrill, F|361\/361
|-ability|p2a: Excadrill|Mold Breaker
|-item|p2a: Excadrill|Air Balloon
|
|turn|3
|
|switch|p1a: Landorus-Therian|Landorus-Therian, M|382\/382
|-ability|p1a: Landorus-Therian|Intimidate|[of] p2a: Excadrill
|-unboost|p2a: Excadrill|atk|1
|move|p2a: Excadrill|Earthquake|p1a: Landorus-Therian
|-immune|p1a: Landorus-Therian|[msg]
|
|turn|4
|
|move|p2a: Excadrill|Stealth Rock|p1a: Landorus-Therian
|-sidestart|p1: lil manaphy|move: Stealth Rock
|move|p1a: Landorus-Therian|Stone Edge|p2a: Excadrill
|-resisted|p2a: Excadrill
|-damage|p2a: Excadrill|323\/361
|-enditem|p2a: Excadrill|Air Balloon
|
|turn|5
|
|switch|p2a: Greninja|Greninja, M|285\/285
|move|p1a: Landorus-Therian|Stealth Rock|p2a: Greninja
|-sidestart|p2: OPGGNORE|move: Stealth Rock
|
|turn|6
|
|switch|p1a: Chansey|Chansey, F|704\/704
|-damage|p1a: Chansey|616\/704|[from] Stealth Rock
|move|p2a: Greninja|U-turn|p1a: Chansey
|-start|p2a: Greninja|typechange|Bug|[from] Protean
|-damage|p1a: Chansey|476\/704
|-damage|p2a: Greninja|257\/285|[from] item: Life Orb
|
|switch|p2a: Excadrill|Excadrill, F|323\/361
|-damage|p2a: Excadrill|312\/361|[from] Stealth Rock
|-ability|p2a: Excadrill|Mold Breaker
|
|turn|7
|join|YOUsucke
|
|move|p2a: Excadrill|Iron Head|p1a: Chansey
|-damage|p1a: Chansey|277\/704
|cant|p1a: Chansey|flinch
|
|turn|8
|
|move|p2a: Excadrill|Rapid Spin|p1a: Chansey
|-damage|p1a: Chansey|243\/704
|-sideend|p2: OPGGNORE|Stealth Rock|[from] move: Rapid Spin|[of] p2a: Excadrill
|move|p1a: Chansey|Soft-Boiled|p1a: Chansey
|-heal|p1a: Chansey|595\/704
|
|turn|9
|
|switch|p2a: Sylveon|Sylveon, F|345\/394 brn
|move|p1a: Chansey|Wish|p1a: Chansey
|
|-damage|p2a: Sylveon|296\/394 brn|[from] brn
|turn|10
|
|move|p2a: Sylveon|Baton Pass|p2a: Sylveon
|
|switch|p2a: Terrakion|Terrakion|323\/323
|move|p1a: Chansey|Seismic Toss|p2a: Terrakion
|-damage|p2a: Terrakion|223\/323
|
|-heal|p1a: Chansey|704\/704|[from] move: Wish|[wisher] Chansey
|-heal|p2a: Terrakion|243\/323|[from] item: Leftovers
|turn|11
|
|switch|p1a: Landorus-Therian|Landorus-Therian, M|382\/382
|-damage|p1a: Landorus-Therian|335\/382|[from] Stealth Rock
|-ability|p1a: Landorus-Therian|Intimidate|[of] p2a: Terrakion
|-unboost|p2a: Terrakion|atk|1
|move|p2a: Terrakion|Stone Edge|p1a: Landorus-Therian
|-damage|p1a: Landorus-Therian|242\/382
|
|-heal|p2a: Terrakion|263\/323|[from] item: Leftovers
|-heal|p1a: Landorus-Therian|265\/382|[from] item: Leftovers
|turn|12
|
|move|p2a: Terrakion|Substitute|p2a: Terrakion
|-start|p2a: Terrakion|Substitute
|-damage|p2a: Terrakion|183\/323
|move|p1a: Landorus-Therian|Earthquake|p2a: Terrakion
|-supereffective|p2a: Terrakion
|-end|p2a: Terrakion|Substitute
|
|-heal|p2a: Terrakion|203\/323|[from] item: Leftovers
|-heal|p1a: Landorus-Therian|288\/382|[from] item: Leftovers
|turn|13
|
|switch|p2a: Salamence|Salamence, M|331\/331
|-ability|p2a: Salamence|Intimidate|[of] p1a: Landorus-Therian
|-unboost|p1a: Landorus-Therian|atk|1
|move|p1a: Landorus-Therian|Earthquake|p2a: Salamence
|-immune|p2a: Salamence|[msg]
|
|-heal|p1a: Landorus-Therian|311\/382|[from] item: Leftovers
|turn|14
|
|switch|p1a: Rotom-Wash|Rotom-Wash|303\/303
|-damage|p1a: Rotom-Wash|266\/303|[from] Stealth Rock
|detailschange|p2a: Salamence|Salamence-Mega, M
|message|Salamence has Mega Evolved into Mega Salamence!
|move|p2a: Salamence|Dragon Dance|p2a: Salamence
|-boost|p2a: Salamence|atk|1
|-boost|p2a: Salamence|spe|1
|
|-heal|p1a: Rotom-Wash|284\/303|[from] item: Leftovers
|turn|15
|
|move|p2a: Salamence|Substitute|p2a: Salamence
|-start|p2a: Salamence|Substitute
|-damage|p2a: Salamence|249\/331
|move|p1a: Rotom-Wash|Will-O-Wisp|p2a: Salamence
|
|-heal|p1a: Rotom-Wash|302\/303|[from] item: Leftovers
|turn|16
|
|move|p2a: Salamence|Return|p1a: Rotom-Wash
|-resisted|p1a: Rotom-Wash
|-damage|p1a: Rotom-Wash|179\/303
|move|p1a: Rotom-Wash|Volt Switch|p2a: Salamence
|-end|p2a: Salamence|Substitute
|
|switch|p1a: Landorus-Therian|Landorus-Therian, M|311\/382
|-damage|p1a: Landorus-Therian|264\/382|[from] Stealth Rock
|-ability|p1a: Landorus-Therian|Intimidate|[of] p2a: Salamence
|-unboost|p2a: Salamence|atk|1
|
|-heal|p1a: Landorus-Therian|287\/382|[from] item: Leftovers
|turn|17
|
|move|p2a: Salamence|Return|p1a: Landorus-Therian
|-damage|p1a: Landorus-Therian|106\/382
|move|p1a: Landorus-Therian|Stone Edge|p2a: Salamence
|-crit|p2a: Salamence
|-supereffective|p2a: Salamence
|-damage|p2a: Salamence|0 fnt
|faint|p2a: Salamence
|
|-heal|p1a: Landorus-Therian|129\/382|[from] item: Leftovers
|
|switch|p2a: Greninja|Greninja, M|257\/285
|turn|18
|
|move|p2a: Greninja|Ice Beam|p1a: Landorus-Therian
|-start|p2a: Greninja|typechange|Ice|[from] Protean
|-supereffective|p1a: Landorus-Therian
|-damage|p1a: Landorus-Therian|0 fnt
|-damage|p2a: Greninja|229\/285|[from] item: Life Orb
|faint|p1a: Landorus-Therian
|
|
|switch|p1a: Tentacruel|Tentacruel, F|361\/361
|-damage|p1a: Tentacruel|316\/361|[from] Stealth Rock
|turn|19
|
|move|p2a: Greninja|U-turn|p1a: Tentacruel
|-start|p2a: Greninja|typechange|Bug|[from] Protean
|-resisted|p1a: Tentacruel
|-damage|p1a: Tentacruel|243\/361
|-damage|p2a: Greninja|201\/285|[from] item: Life Orb
|
|switch|p2a: Sylveon|Sylveon, F|296\/394 brn
|move|p1a: Tentacruel|Scald|p2a: Sylveon
|-damage|p2a: Sylveon|235\/394 brn
|
|-heal|p1a: Tentacruel|265\/361|[from] item: Black Sludge
|-damage|p2a: Sylveon|186\/394 brn|[from] brn
|turn|20
|
|move|p1a: Tentacruel|Rapid Spin|p2a: Sylveon
|-damage|p2a: Sylveon|170\/394 brn
|-sideend|p1: lil manaphy|Stealth Rock|[from] move: Rapid Spin|[of] p1a: Tentacruel
|move|p2a: Sylveon|Psyshock|p1a: Tentacruel
|-supereffective|p1a: Tentacruel
|-damage|p1a: Tentacruel|0 fnt
|faint|p1a: Tentacruel
|
|-damage|p2a: Sylveon|121\/394 brn|[from] brn
|
|switch|p1a: Sableye|Sableye-Mega, M|304\/304
|turn|21
|
|switch|p2a: Terrakion|Terrakion|203\/323
|move|p1a: Sableye|Calm Mind|p1a: Sableye
|-boost|p1a: Sableye|spa|1
|-boost|p1a: Sableye|spd|1
|
|-heal|p2a: Terrakion|223\/323|[from] item: Leftovers
|turn|22
|
|move|p2a: Terrakion|Stone Edge|p1a: Sableye|[miss]
|-miss|p2a: Terrakion|p1a: Sableye
|move|p1a: Sableye|Shadow Ball|p2a: Terrakion
|-damage|p2a: Terrakion|82\/323
|
|-heal|p2a: Terrakion|102\/323|[from] item: Leftovers
|turn|23
|
|move|p2a: Terrakion|Stone Edge|p1a: Sableye|[miss]
|-miss|p2a: Terrakion|p1a: Sableye
|move|p1a: Sableye|Shadow Ball|p2a: Terrakion
|-damage|p2a: Terrakion|0 fnt
|faint|p2a: Terrakion
|
|
|switch|p2a: Excadrill|Excadrill, F|312\/361
|-ability|p2a: Excadrill|Mold Breaker
|turn|24
|
|move|p2a: Excadrill|Earthquake|p1a: Sableye
|-damage|p1a: Sableye|186\/304
|move|p1a: Sableye|Will-O-Wisp|p2a: Excadrill
|-status|p2a: Excadrill|brn
|
|-damage|p2a: Excadrill|267\/361 brn|[from] brn
|turn|25
|-message|OPGGNORE forfeited.
|
|win|lil manaphy
|raw|Ladder updating...
|leave|OPGGNORE
|player|p2
|raw|lil manaphy's rating: 1598 &rarr; <strong>1611<\/strong><br \/>(+13 for winning)
|raw|OPGGNORE's rating: 1478 &rarr; <strong>1465<\/strong><br \/>(-13 for losing)
|leave|WECAMEASROMANS
|join|WECAMEASROMANS
|leave|WECAMEASROMANS
|leave|Alldaalts
|leave|lil manaphy
|player|p1
|leave|dfhdfhh