|join|lil manaphy
|join|OPGGNORE
|player|p1|lil manaphy|9
|player|p2|OPGGNORE|101
|gametype|singles
|gen|6
|tier|ORAS OU
|rated
|rule|Sleep Clause Mod: Limit one foe put to sleep
|rule|Species Clause: Limit one of each PokÃ©mon
|rule|OHKO Clause: OHKO moves are banned
|rule|Moody Clause: Moody is banned
|rule|Evasion Moves Clause: Evasion moves are banned
|rule|Endless Battle Clause: Forcing endless battles is banned
|rule|HP Percentage Mod: HP is shown in percentages
|clearpoke
|poke|p1|Sableye, F
|poke|p1|Tentacruel, F
|poke|p1|Chansey, F
|poke|p1|Rotom-Wash
|poke|p1|Landorus-Therian, M
|poke|p1|Greninja, F
|poke|p2|Salamence, M
|poke|p2|Sylveon, M
|poke|p2|Excadrill, M
|poke|p2|Greninja, F
|poke|p2|Heatran, M
|poke|p2|Chansey, F
|rule|Swagger Clause: Swagger is banned
|rule|Baton Pass Clause: Limit one PokÃ©mon knowing Baton Pass
|teampreview
|
|start
|switch|p1a: Sableye|Sableye, F|304\/304
|switch|p2a: Excadrill|Excadrill, M|361\/361
|-ability|p2a: Excadrill|Mold Breaker
|-item|p2a: Excadrill|Air Balloon
|turn|1
|
|switch|p2a: Heatran|Heatran, M|323\/323
|detailschange|p1a: Sableye|Sableye-Mega, F
|message|Sableye has Mega Evolved into Mega Sableye!
|move|p1a: Sableye|Shadow Ball|p2a: Heatran
|-damage|p2a: Heatran|248\/323
|
|turn|2
|
|switch|p1a: Tentacruel|Tentacruel, F|361\/361
|move|p2a: Heatran|Lava Plume|p1a: Tentacruel
|-resisted|p1a: Tentacruel
|-damage|p1a: Tentacruel|308\/361
|
|-heal|p1a: Tentacruel|330\/361|[from] item: Black Sludge
|turn|3
|
|switch|p2a: Excadrill|Excadrill, M|361\/361
|-ability|p2a: Excadrill|Mold Breaker
|-item|p2a: Excadrill|Air Balloon
|move|p1a: Tentacruel|Knock Off|p2a: Excadrill
|-damage|p2a: Excadrill|282\/361
|-enditem|p2a: Excadrill|Air Balloon
|
|-heal|p1a: Tentacruel|352\/361|[from] item: Black Sludge
|turn|4
|
|switch|p1a: Sableye|Sableye-Mega, F|304\/304
|move|p2a: Excadrill|Stealth Rock|p1a: Sableye
|-sidestart|p1: lil manaphy|move: Stealth Rock
|
|turn|5
|c|âOPGGNORE|uh
|
|switch|p2a: Sylveon|Sylveon, M|394\/394
|move|p1a: Sableye|Shadow Ball|p2a: Sylveon
|-damage|p2a: Sylveon|328\/394
|
|turn|6
|
|switch|p1a: Tentacruel|Tentacruel, F|352\/361
|-damage|p1a: Tentacruel|307\/361|[from] Stealth Rock
|move|p2a: Sylveon|Baton Pass|p2a: Sylveon
|
|switch|p2a: Salamence|Salamence, M|331\/331
|-ability|p2a: Salamence|Intimidate|[of] p1a: Tentacruel
|-unboost|p1a: Tentacruel|atk|1
|
|-heal|p1a: Tentacruel|329\/361|[from] item: Black Sludge
|turn|7
|
|switch|p1a: Landorus-Therian|Landorus-Therian, M|382\/382
|-damage|p1a: Landorus-Therian|335\/382|[from] Stealth Rock
|-ability|p1a: Landorus-Therian|Intimidate|[of] p2a: Salamence
|-unboost|p2a: Salamence|atk|1
|detailschange|p2a: Salamence|Salamence-Mega, M
|message|Salamence has Mega Evolved into Mega Salamence!
|move|p2a: Salamence|Return|p1a: Landorus-Therian
|-damage|p1a: Landorus-Therian|214\/382
|
|-heal|p1a: Landorus-Therian|237\/382|[from] item: Leftovers
|turn|8
|
|move|p2a: Salamence|Hyper Voice|p1a: Landorus-Therian
|-damage|p1a: Landorus-Therian|8\/382
|move|p1a: Landorus-Therian|Stealth Rock|p2a: Salamence
|-sidestart|p2: OPGGNORE|move: Stealth Rock
|
|-heal|p1a: Landorus-Therian|31\/382|[from] item: Leftovers
|turn|9
|
|switch|p1a: Rotom-Wash|Rotom-Wash|303\/303
|-damage|p1a: Rotom-Wash|266\/303|[from] Stealth Rock
|move|p2a: Salamence|Return|p1a: Rotom-Wash
|-resisted|p1a: Rotom-Wash
|-damage|p1a: Rotom-Wash|214\/303
|
|-heal|p1a: Rotom-Wash|232\/303|[from] item: Leftovers
|turn|10
|
|switch|p2a: Chansey|Chansey, F|704\/704
|-damage|p2a: Chansey|616\/704|[from] Stealth Rock
|move|p1a: Rotom-Wash|Volt Switch|p2a: Chansey
|-damage|p2a: Chansey|565\/704
|
|switch|p1a: Tentacruel|Tentacruel, F|329\/361
|-damage|p1a: Tentacruel|284\/361|[from] Stealth Rock
|
|-heal|p1a: Tentacruel|306\/361|[from] item: Black Sludge
|turn|11
|
|switch|p2a: Excadrill|Excadrill, M|282\/361
|-damage|p2a: Excadrill|271\/361|[from] Stealth Rock
|-ability|p2a: Excadrill|Mold Breaker
|move|p1a: Tentacruel|Rapid Spin|p2a: Excadrill
|-resisted|p2a: Excadrill
|-damage|p2a: Excadrill|263\/361
|-sideend|p1: lil manaphy|Stealth Rock|[from] move: Rapid Spin|[of] p1a: Tentacruel
|
|-heal|p1a: Tentacruel|328\/361|[from] item: Black Sludge
|turn|12
|
|move|p2a: Excadrill|Earthquake|p1a: Tentacruel
|-supereffective|p1a: Tentacruel
|-damage|p1a: Tentacruel|0 fnt
|faint|p1a: Tentacruel
|
|
|switch|p1a: Greninja|Greninja, F|285\/285
|turn|13
|
|switch|p2a: Chansey|Chansey, F|565\/704
|-damage|p2a: Chansey|477\/704|[from] Stealth Rock
|move|p1a: Greninja|Hydro Pump|p2a: Chansey
|-start|p1a: Greninja|typechange|Water|[from] Protean
|-damage|p2a: Chansey|347\/704
|-damage|p1a: Greninja|257\/285|[from] item: Life Orb
|
|turn|14
|
|move|p1a: Greninja|Gunk Shot|p2a: Chansey|[miss]
|-start|p1a: Greninja|typechange|Poison|[from] Protean
|-miss|p1a: Greninja|p2a: Chansey
|move|p2a: Chansey|Soft-Boiled|p2a: Chansey
|-heal|p2a: Chansey|699\/704
|
|turn|15
|
|switch|p1a: Sableye|Sableye-Mega, F|304\/304
|move|p2a: Chansey|Wish|p2a: Chansey
|
|turn|16
|
|switch|p2a: Sylveon|Sylveon, M|328\/394
|-damage|p2a: Sylveon|279\/394|[from] Stealth Rock
|move|p1a: Sableye|Will-O-Wisp|p2a: Sylveon
|-status|p2a: Sylveon|brn
|
|-heal|p2a: Sylveon|394\/394 brn|[from] move: Wish|[wisher] Chansey
|-damage|p2a: Sylveon|345\/394 brn|[from] brn
|turn|17
|
|switch|p1a: Chansey|Chansey, F|704\/704
|move|p2a: Sylveon|Hyper Voice|p1a: Chansey
|-crit|p1a: Chansey
|-damage|p1a: Chansey|413\/704
|
|-damage|p2a: Sylveon|296\/394 brn|[from] brn
|turn|18
|
|switch|p2a: Excadrill|Excadrill, M|263\/361
|-damage|p2a: Excadrill|252\/361|[from] Stealth Rock
|-ability|p2a: Excadrill|Mold Breaker
|move|p1a: Chansey|Soft-Boiled|p1a: Chansey
|-heal|p1a: Chansey|704\/704
|
|turn|19
|
|move|p2a: Excadrill|Stealth Rock|p1a: Chansey
|-sidestart|p1: lil manaphy|move: Stealth Rock
|move|p1a: Chansey|Seismic Toss|p2a: Excadrill
|-damage|p2a: Excadrill|152\/361
|
|turn|20
|
|move|p2a: Excadrill|Earthquake|p1a: Chansey
|-damage|p1a: Chansey|445\/704
|move|p1a: Chansey|Seismic Toss|p2a: Excadrill
|-damage|p2a: Excadrill|52\/361
|
|turn|21
|
|move|p2a: Excadrill|Rapid Spin|p1a: Chansey
|-damage|p1a: Chansey|411\/704
|-sideend|p2: OPGGNORE|Stealth Rock|[from] move: Rapid Spin|[of] p2a: Excadrill
|move|p1a: Chansey|Soft-Boiled|p1a: Chansey
|-heal|p1a: Chansey|704\/704
|
|turn|22
|
|switch|p2a: Chansey|Chansey, F|699\/704
|move|p1a: Chansey|Seismic Toss|p2a: Chansey
|-damage|p2a: Chansey|599\/704
|
|turn|23
|
|move|p1a: Chansey|Wish|p1a: Chansey
|move|p2a: Chansey|Wish|p2a: Chansey
|
|turn|24
|
|switch|p1a: Rotom-Wash|Rotom-Wash|232\/303
|-damage|p1a: Rotom-Wash|195\/303|[from] Stealth Rock
|switch|p2a: Salamence|Salamence-Mega, M|331\/331
|
|-heal|p1a: Rotom-Wash|303\/303|[from] move: Wish|[wisher] Chansey
|turn|25
|
|switch|p2a: Chansey|Chansey, F|599\/704
|move|p1a: Rotom-Wash|Will-O-Wisp|p2a: Chansey
|-status|p2a: Chansey|brn
|
|-damage|p2a: Chansey|511\/704 brn|[from] brn
|turn|26
|
|move|p1a: Rotom-Wash|Volt Switch|p2a: Chansey
|-damage|p2a: Chansey|453\/704 brn
|
|switch|p1a: Greninja|Greninja, F|257\/285
|-damage|p1a: Greninja|222\/285|[from] Stealth Rock
|move|p2a: Chansey|Wish|p2a: Chansey
|
|-damage|p2a: Chansey|365\/704 brn|[from] brn
|turn|27
|
|move|p1a: Greninja|Gunk Shot|p2a: Chansey
|-start|p1a: Greninja|typechange|Poison|[from] Protean
|-damage|p2a: Chansey|147\/704 brn
|-damage|p1a: Greninja|194\/285|[from] item: Life Orb
|move|p2a: Chansey|Thunder Wave|p1a: Greninja
|-status|p1a: Greninja|par
|
|-heal|p2a: Chansey|499\/704 brn|[from] move: Wish|[wisher] Chansey
|-damage|p2a: Chansey|411\/704 brn|[from] brn
|turn|28
|
|move|p2a: Chansey|Wish|p2a: Chansey
|move|p1a: Greninja|Gunk Shot|p2a: Chansey
|-damage|p2a: Chansey|189\/704 brn
|-damage|p1a: Greninja|166\/285 par|[from] item: Life Orb
|
|-damage|p2a: Chansey|101\/704 brn|[from] brn
|turn|29
|
|move|p2a: Chansey|Soft-Boiled|p2a: Chansey
|-heal|p2a: Chansey|453\/704 brn
|move|p1a: Greninja|Ice Beam|p2a: Chansey
|-start|p1a: Greninja|typechange|Ice|[from] Protean
|-damage|p2a: Chansey|332\/704 brn
|-damage|p1a: Greninja|138\/285 par|[from] item: Life Orb
|
|-heal|p2a: Chansey|684\/704 brn|[from] move: Wish|[wisher] Chansey
|-damage|p2a: Chansey|596\/704 brn|[from] brn
|turn|30
|
|switch|p1a: Sableye|Sableye-Mega, F|304\/304
|-damage|p1a: Sableye|266\/304|[from] Stealth Rock
|move|p2a: Chansey|Wish|p2a: Chansey
|
|-damage|p2a: Chansey|508\/704 brn|[from] brn
|turn|31
|
|switch|p2a: Sylveon|Sylveon, M|296\/394 brn
|move|p1a: Sableye|Shadow Ball|p2a: Sylveon
|-damage|p2a: Sylveon|227\/394 brn
|
|-heal|p2a: Sylveon|394\/394 brn|[from] move: Wish|[wisher] Chansey
|-damage|p2a: Sylveon|345\/394 brn|[from] brn
|turn|32
|
|switch|p1a: Chansey|Chansey, F|704\/704
|-damage|p1a: Chansey|616\/704|[from] Stealth Rock
|move|p2a: Sylveon|Hyper Voice|p1a: Chansey
|-damage|p1a: Chansey|414\/704
|
|-damage|p2a: Sylveon|296\/394 brn|[from] brn
|turn|33
|
|switch|p2a: Salamence|Salamence-Mega, M|331\/331
|move|p1a: Chansey|Soft-Boiled|p1a: Chansey
|-heal|p1a: Chansey|704\/704
|
|turn|34
|
|move|p2a: Salamence|Return|p1a: Chansey
|-damage|p1a: Chansey|394\/704
|move|p1a: Chansey|Heal Bell|p1a: Chansey
|-cureteam|p1a: Chansey|[from] move: HealBell
|
|turn|35
|
|move|p2a: Salamence|Return|p1a: Chansey
|-damage|p1a: Chansey|109\/704
|move|p1a: Chansey|Soft-Boiled|p1a: Chansey
|-heal|p1a: Chansey|461\/704
|
|turn|36
|
|move|p2a: Salamence|Return|p1a: Chansey
|-damage|p1a: Chansey|182\/704
|move|p1a: Chansey|Soft-Boiled|p1a: Chansey
|-heal|p1a: Chansey|534\/704
|
|turn|37
|
|move|p2a: Salamence|Return|p1a: Chansey
|-damage|p1a: Chansey|261\/704
|move|p1a: Chansey|Soft-Boiled|p1a: Chansey
|-heal|p1a: Chansey|613\/704
|
|turn|38
|
|switch|p2a: Chansey|Chansey, F|508\/704
|move|p1a: Chansey|Soft-Boiled|p1a: Chansey
|-heal|p1a: Chansey|704\/704
|
|turn|39
|
|move|p1a: Chansey|Wish|p1a: Chansey
|move|p2a: Chansey|Wish|p2a: Chansey
|
|turn|40
|
|move|p1a: Chansey|Seismic Toss|p2a: Chansey
|-damage|p2a: Chansey|408\/704
|move|p2a: Chansey|Seismic Toss|p1a: Chansey
|-damage|p1a: Chansey|604\/704
|
|-heal|p2a: Chansey|704\/704|[from] move: Wish|[wisher] Chansey
|-heal|p1a: Chansey|704\/704|[from] move: Wish|[wisher] Chansey
|turn|41
|
|move|p1a: Chansey|Wish|p1a: Chansey
|move|p2a: Chansey|Wish|p2a: Chansey
|
|turn|42
|
|move|p1a: Chansey|Seismic Toss|p2a: Chansey
|-damage|p2a: Chansey|604\/704
|move|p2a: Chansey|Seismic Toss|p1a: Chansey
|-damage|p1a: Chansey|604\/704
|
|-heal|p1a: Chansey|704\/704|[from] move: Wish|[wisher] Chansey
|-heal|p2a: Chansey|704\/704|[from] move: Wish|[wisher] Chansey
|turn|43
|
|move|p1a: Chansey|Wish|p1a: Chansey
|move|p2a: Chansey|Thunder Wave|p1a: Chansey
|-status|p1a: Chansey|par
|
|turn|44
|
|switch|p1a: Rotom-Wash|Rotom-Wash|303\/303
|-damage|p1a: Rotom-Wash|266\/303|[from] Stealth Rock
|move|p2a: Chansey|Seismic Toss|p1a: Rotom-Wash
|-damage|p1a: Rotom-Wash|166\/303
|
|-heal|p1a: Rotom-Wash|303\/303|[from] move: Wish|[wisher] Chansey
|turn|45
|
|move|p1a: Rotom-Wash|Will-O-Wisp|p2a: Chansey|[miss]
|-miss|p1a: Rotom-Wash|p2a: Chansey
|move|p2a: Chansey|Wish|p2a: Chansey
|
|turn|46
|
|switch|p2a: Sylveon|Sylveon, M|296\/394 brn
|move|p1a: Rotom-Wash|Hydro Pump|p2a: Sylveon
|-damage|p2a: Sylveon|194\/394 brn
|
|-heal|p2a: Sylveon|394\/394 brn|[from] move: Wish|[wisher] Chansey
|-damage|p2a: Sylveon|345\/394 brn|[from] brn
|turn|47
|
|switch|p1a: Chansey|Chansey, F|704\/704
|-damage|p1a: Chansey|616\/704|[from] Stealth Rock
|move|p2a: Sylveon|Baton Pass|p2a: Sylveon
|
|switch|p2a: Salamence|Salamence-Mega, M|331\/331
|
|turn|48
|
|switch|p1a: Rotom-Wash|Rotom-Wash|303\/303
|-damage|p1a: Rotom-Wash|266\/303|[from] Stealth Rock
|move|p2a: Salamence|Return|p1a: Rotom-Wash
|-resisted|p1a: Rotom-Wash
|-damage|p1a: Rotom-Wash|189\/303
|
|-heal|p1a: Rotom-Wash|207\/303|[from] item: Leftovers
|turn|49
|join|Alldaalts
|
|switch|p2a: Heatran|Heatran, M|248\/323
|move|p1a: Rotom-Wash|Pain Split|p2a: Heatran
|-sethp|p2a: Heatran|227\/323|p1a: Rotom-Wash|227\/303|[from] move: Pain Split
|
|-heal|p1a: Rotom-Wash|245\/303|[from] item: Leftovers
|turn|50
|
|move|p2a: Heatran|Lava Plume|p1a: Rotom-Wash
|-resisted|p1a: Rotom-Wash
|-damage|p1a: Rotom-Wash|174\/303
|move|p1a: Rotom-Wash|Hydro Pump|p2a: Heatran
|-supereffective|p2a: Heatran
|-damage|p2a: Heatran|0 fnt
|faint|p2a: Heatran
|
|-heal|p1a: Rotom-Wash|192\/303|[from] item: Leftovers
|
|switch|p2a: Excadrill|Excadrill, M|52\/361
|-ability|p2a: Excadrill|Mold Breaker
|turn|51
|
|switch|p1a: Landorus-Therian|Landorus-Therian, M|31\/382
|-damage|p1a: Landorus-Therian|0 fnt|[from] Stealth Rock
|faint|p1a: Landorus-Therian
|move|p2a: Excadrill|Earthquake|p1: Landorus-Therian|[notarget]
|-notarget
|
|
|switch|p1a: Sableye|Sableye-Mega, F|266\/304
|-damage|p1a: Sableye|228\/304|[from] Stealth Rock
|turn|52
|
|switch|p2a: Sylveon|Sylveon, M|345\/394 brn
|move|p1a: Sableye|Recover|p1a: Sableye
|-heal|p1a: Sableye|304\/304
|
|-damage|p2a: Sylveon|296\/394 brn|[from] brn
|turn|53
|
|switch|p1a: Chansey|Chansey, F|616\/704
|-damage|p1a: Chansey|528\/704|[from] Stealth Rock
|move|p2a: Sylveon|Baton Pass|p2a: Sylveon
|
|switch|p2a: Salamence|Salamence-Mega, M|331\/331
|
|turn|54
|
|move|p2a: Salamence|Return|p1a: Chansey
|-damage|p1a: Chansey|237\/704
|move|p1a: Chansey|Soft-Boiled|p1a: Chansey
|-heal|p1a: Chansey|589\/704
|
|turn|55
|
|move|p2a: Salamence|Return|p1a: Chansey
|-damage|p1a: Chansey|301\/704
|move|p1a: Chansey|Soft-Boiled|p1a: Chansey
|-heal|p1a: Chansey|653\/704
|
|turn|56
|
|move|p2a: Salamence|Return|p1a: Chansey
|-damage|p1a: Chansey|368\/704
|move|p1a: Chansey|Wish|p1a: Chansey
|
|turn|57
|
|switch|p1a: Rotom-Wash|Rotom-Wash|192\/303
|-damage|p1a: Rotom-Wash|155\/303|[from] Stealth Rock
|move|p2a: Salamence|Return|p1a: Rotom-Wash
|-resisted|p1a: Rotom-Wash
|-damage|p1a: Rotom-Wash|72\/303
|
|-heal|p1a: Rotom-Wash|303\/303|[from] move: Wish|[wisher] Chansey
|turn|58
|
|switch|p2a: Chansey|Chansey, F|704\/704
|move|p1a: Rotom-Wash|Volt Switch|p2a: Chansey
|-damage|p2a: Chansey|647\/704
|
|switch|p1a: Chansey|Chansey, F|368\/704
|-damage|p1a: Chansey|280\/704|[from] Stealth Rock
|
|turn|59
|
|move|p1a: Chansey|Soft-Boiled|p1a: Chansey
|-heal|p1a: Chansey|632\/704
|move|p2a: Chansey|Wish|p2a: Chansey
|
|turn|60
|
|move|p1a: Chansey|Seismic Toss|p2a: Chansey
|-damage|p2a: Chansey|547\/704
|move|p2a: Chansey|Thunder Wave|p1a: Chansey
|-status|p1a: Chansey|par
|
|-heal|p2a: Chansey|704\/704|[from] move: Wish|[wisher] Chansey
|turn|61
|
|switch|p2a: Salamence|Salamence-Mega, M|331\/331
|cant|p1a: Chansey|par
|
|turn|62
|
|switch|p1a: Rotom-Wash|Rotom-Wash|303\/303
|-damage|p1a: Rotom-Wash|266\/303|[from] Stealth Rock
|move|p2a: Salamence|Return|p1a: Rotom-Wash
|-resisted|p1a: Rotom-Wash
|-damage|p1a: Rotom-Wash|185\/303
|
|-heal|p1a: Rotom-Wash|203\/303|[from] item: Leftovers
|turn|63
|
|switch|p2a: Chansey|Chansey, F|704\/704
|move|p1a: Rotom-Wash|Hydro Pump|p2a: Chansey
|-damage|p2a: Chansey|611\/704
|
|-heal|p1a: Rotom-Wash|221\/303|[from] item: Leftovers
|turn|64
|
|switch|p2a: Sylveon|Sylveon, M|296\/394 brn
|move|p1a: Rotom-Wash|Pain Split|p2a: Sylveon
|-sethp|p2a: Sylveon|258\/394 brn|p1a: Rotom-Wash|258\/303|[from] move: Pain Split
|
|-heal|p1a: Rotom-Wash|276\/303|[from] item: Leftovers
|-damage|p2a: Sylveon|209\/394 brn|[from] brn
|turn|65
|
|move|p1a: Rotom-Wash|Hydro Pump|p2a: Sylveon
|-damage|p2a: Sylveon|106\/394 brn
|move|p2a: Sylveon|Baton Pass|p2a: Sylveon
|
|switch|p2a: Excadrill|Excadrill, M|52\/361
|-ability|p2a: Excadrill|Mold Breaker
|
|-heal|p1a: Rotom-Wash|294\/303|[from] item: Leftovers
|turn|66
|
|move|p2a: Excadrill|Earthquake|p1a: Rotom-Wash
|-supereffective|p1a: Rotom-Wash
|-damage|p1a: Rotom-Wash|18\/303
|move|p1a: Rotom-Wash|Hydro Pump|p2a: Excadrill
|-supereffective|p2a: Excadrill
|-damage|p2a: Excadrill|0 fnt
|faint|p2a: Excadrill
|
|-heal|p1a: Rotom-Wash|36\/303|[from] item: Leftovers
|
|switch|p2a: Salamence|Salamence-Mega, M|331\/331
|turn|67
|
|move|p2a: Salamence|Return|p1a: Rotom-Wash
|-resisted|p1a: Rotom-Wash
|-damage|p1a: Rotom-Wash|0 fnt
|faint|p1a: Rotom-Wash
|
|
|switch|p1a: Greninja|Greninja, F|138\/285
|-damage|p1a: Greninja|103\/285|[from] Stealth Rock
|turn|68
|
|switch|p2a: Chansey|Chansey, F|611\/704
|move|p1a: Greninja|Gunk Shot|p2a: Chansey
|-start|p1a: Greninja|typechange|Poison|[from] Protean
|-damage|p2a: Chansey|403\/704
|-damage|p1a: Greninja|75\/285|[from] item: Life Orb
|
|turn|69
|
|move|p1a: Greninja|Gunk Shot|p2a: Chansey
|-damage|p2a: Chansey|172\/704
|-status|p2a: Chansey|psn
|-damage|p1a: Greninja|47\/285|[from] item: Life Orb
|move|p2a: Chansey|Soft-Boiled|p2a: Chansey
|-heal|p2a: Chansey|524\/704 psn
|
|-damage|p2a: Chansey|436\/704 psn|[from] psn
|turn|70
|
|move|p1a: Greninja|Gunk Shot|p2a: Chansey|[miss]
|-miss|p1a: Greninja|p2a: Chansey
|move|p2a: Chansey|Soft-Boiled|p2a: Chansey
|-heal|p2a: Chansey|704\/704 psn
|
|-damage|p2a: Chansey|616\/704 psn|[from] psn
|turn|71
|
|move|p1a: Greninja|Ice Beam|p2a: Chansey
|-start|p1a: Greninja|typechange|Ice|[from] Protean
|-damage|p2a: Chansey|506\/704 psn
|-damage|p1a: Greninja|19\/285|[from] item: Life Orb
|move|p2a: Chansey|Seismic Toss|p1a: Greninja
|-damage|p1a: Greninja|0 fnt
|faint|p1a: Greninja
|
|-damage|p2a: Chansey|418\/704 psn|[from] psn
|
|switch|p1a: Sableye|Sableye-Mega, F|304\/304
|-damage|p1a: Sableye|266\/304|[from] Stealth Rock
|turn|72
|
|switch|p2a: Greninja|Greninja, F|285\/285
|move|p1a: Sableye|Calm Mind|p1a: Sableye
|-boost|p1a: Sableye|spa|1
|-boost|p1a: Sableye|spd|1
|
|turn|73
|
|move|p2a: Greninja|U-turn|p1a: Sableye
|-start|p2a: Greninja|typechange|Bug|[from] Protean
|-damage|p1a: Sableye|198\/304
|-damage|p2a: Greninja|257\/285|[from] item: Life Orb
|
|switch|p2a: Sylveon|Sylveon, M|106\/394 brn
|move|p1a: Sableye|Recover|p1a: Sableye
|-heal|p1a: Sableye|304\/304
|
|-damage|p2a: Sylveon|57\/394 brn|[from] brn
|turn|74
|
|switch|p1a: Chansey|Chansey, F|632\/704
|-damage|p1a: Chansey|544\/704|[from] Stealth Rock
|move|p2a: Sylveon|Hyper Voice|p1a: Chansey
|-damage|p1a: Chansey|336\/704
|
|-damage|p2a: Sylveon|8\/394 brn|[from] brn
|turn|75
|
|switch|p2a: Salamence|Salamence-Mega, M|331\/331
|move|p1a: Chansey|Soft-Boiled|p1a: Chansey
|-heal|p1a: Chansey|688\/704
|
|turn|76
|
|move|p2a: Salamence|Hyper Voice|p1a: Chansey
|-damage|p1a: Chansey|568\/704
|move|p1a: Chansey|Wish|p1a: Chansey
|
|turn|77
|
|switch|p1a: Sableye|Sableye-Mega, F|304\/304
|-damage|p1a: Sableye|266\/304|[from] Stealth Rock
|move|p2a: Salamence|Hyper Voice|p1a: Sableye
|-damage|p1a: Sableye|85\/304
|
|-heal|p1a: Sableye|304\/304|[from] move: Wish|[wisher] Chansey
|turn|78
|
|move|p2a: Salamence|Hyper Voice|p1a: Sableye
|-damage|p1a: Sableye|117\/304
|move|p1a: Sableye|Will-O-Wisp|p2a: Salamence
|-status|p2a: Salamence|brn
|
|-damage|p2a: Salamence|290\/331 brn|[from] brn
|turn|79
|
|switch|p2a: Chansey|Chansey, F|418\/704
|switch|p1a: Chansey|Chansey, F|568\/704
|-damage|p1a: Chansey|480\/704|[from] Stealth Rock
|
|turn|80
|
|move|p1a: Chansey|Wish|p1a: Chansey
|move|p2a: Chansey|Wish|p2a: Chansey
|
|turn|81
|
|switch|p1a: Sableye|Sableye-Mega, F|117\/304
|-damage|p1a: Sableye|79\/304|[from] Stealth Rock
|switch|p2a: Greninja|Greninja, F|257\/285
|
|-heal|p2a: Greninja|285\/285|[from] move: Wish|[wisher] Chansey
|-heal|p1a: Sableye|304\/304|[from] move: Wish|[wisher] Chansey
|turn|82
|
|switch|p1a: Chansey|Chansey, F|480\/704
|-damage|p1a: Chansey|392\/704|[from] Stealth Rock
|move|p2a: Greninja|Hydro Pump|p1a: Chansey
|-start|p2a: Greninja|typechange|Water|[from] Protean
|-damage|p1a: Chansey|258\/704
|-damage|p2a: Greninja|257\/285|[from] item: Life Orb
|
|turn|83
|
|move|p2a: Greninja|Dark Pulse|p1a: Chansey
|-start|p2a: Greninja|typechange|Dark|[from] Protean
|-damage|p1a: Chansey|161\/704
|-damage|p2a: Greninja|229\/285|[from] item: Life Orb
|move|p1a: Chansey|Soft-Boiled|p1a: Chansey
|-heal|p1a: Chansey|513\/704
|
|turn|84
|
|move|p2a: Greninja|Dark Pulse|p1a: Chansey
|-damage|p1a: Chansey|416\/704
|-damage|p2a: Greninja|201\/285|[from] item: Life Orb
|move|p1a: Chansey|Soft-Boiled|p1a: Chansey
|-heal|p1a: Chansey|704\/704
|
|turn|85
|
|move|p2a: Greninja|U-turn|p1a: Chansey
|-start|p2a: Greninja|typechange|Bug|[from] Protean
|-damage|p1a: Chansey|568\/704
|-damage|p2a: Greninja|173\/285|[from] item: Life Orb
|
|switch|p2a: Salamence|Salamence-Mega, M|290\/331 brn
|move|p1a: Chansey|Seismic Toss|p2a: Salamence
|-damage|p2a: Salamence|190\/331 brn
|
|-damage|p2a: Salamence|149\/331 brn|[from] brn
|turn|86
|
|move|p2a: Salamence|Roost|p2a: Salamence
|-heal|p2a: Salamence|315\/331 brn
|move|p1a: Chansey|Seismic Toss|p2a: Salamence
|-damage|p2a: Salamence|215\/331 brn
|
|-damage|p2a: Salamence|174\/331 brn|[from] brn
|turn|87
|
|move|p2a: Salamence|Roost|p2a: Salamence
|-heal|p2a: Salamence|331\/331 brn
|move|p1a: Chansey|Seismic Toss|p2a: Salamence
|-damage|p2a: Salamence|231\/331 brn
|
|-damage|p2a: Salamence|190\/331 brn|[from] brn
|turn|88
|
|move|p2a: Salamence|Roost|p2a: Salamence
|-heal|p2a: Salamence|331\/331 brn
|move|p1a: Chansey|Seismic Toss|p2a: Salamence
|-damage|p2a: Salamence|231\/331 brn
|
|-damage|p2a: Salamence|190\/331 brn|[from] brn
|turn|89
|
|switch|p2a: Chansey|Chansey, F|418\/704
|move|p1a: Chansey|Seismic Toss|p2a: Chansey
|-damage|p2a: Chansey|318\/704
|
|turn|90
|
|move|p1a: Chansey|Wish|p1a: Chansey
|move|p2a: Chansey|Wish|p2a: Chansey
|
|turn|91
|
|switch|p2a: Greninja|Greninja, F|173\/285
|move|p1a: Chansey|Seismic Toss|p2a: Greninja
|-damage|p2a: Greninja|73\/285
|
|-heal|p2a: Greninja|285\/285|[from] move: Wish|[wisher] Chansey
|-heal|p1a: Chansey|704\/704|[from] move: Wish|[wisher] Chansey
|turn|92
|
|move|p2a: Greninja|U-turn|p1a: Chansey
|-start|p2a: Greninja|typechange|Bug|[from] Protean
|-damage|p1a: Chansey|564\/704
|-damage|p2a: Greninja|257\/285|[from] item: Life Orb
|
|switch|p2a: Salamence|Salamence-Mega, M|190\/331 brn
|move|p1a: Chansey|Wish|p1a: Chansey
|
|-damage|p2a: Salamence|149\/331 brn|[from] brn
|turn|93
|
|move|p2a: Salamence|Roost|p2a: Salamence
|-heal|p2a: Salamence|315\/331 brn
|move|p1a: Chansey|Seismic Toss|p2a: Salamence
|-damage|p2a: Salamence|215\/331 brn
|
|-heal|p1a: Chansey|704\/704|[from] move: Wish|[wisher] Chansey
|-damage|p2a: Salamence|174\/331 brn|[from] brn
|turn|94
|
|move|p2a: Salamence|Roost|p2a: Salamence
|-heal|p2a: Salamence|331\/331 brn
|move|p1a: Chansey|Seismic Toss|p2a: Salamence
|-damage|p2a: Salamence|231\/331 brn
|
|-damage|p2a: Salamence|190\/331 brn|[from] brn
|turn|95
|
|move|p2a: Salamence|Roost|p2a: Salamence
|-heal|p2a: Salamence|331\/331 brn
|move|p1a: Chansey|Wish|p1a: Chansey
|
|-damage|p2a: Salamence|290\/331 brn|[from] brn
|turn|96
|
|move|p2a: Salamence|Hyper Voice|p1a: Chansey
|-damage|p1a: Chansey|584\/704
|move|p1a: Chansey|Seismic Toss|p2a: Salamence
|-damage|p2a: Salamence|190\/331 brn
|
|-heal|p1a: Chansey|704\/704|[from] move: Wish|[wisher] Chansey
|-damage|p2a: Salamence|149\/331 brn|[from] brn
|turn|97
|
|move|p2a: Salamence|Roost|p2a: Salamence
|-heal|p2a: Salamence|315\/331 brn
|move|p1a: Chansey|Seismic Toss|p2a: Salamence
|-damage|p2a: Salamence|215\/331 brn
|
|-damage|p2a: Salamence|174\/331 brn|[from] brn
|turn|98
|
|switch|p2a: Chansey|Chansey, F|318\/704
|move|p1a: Chansey|Seismic Toss|p2a: Chansey
|-damage|p2a: Chansey|218\/704
|
|turn|99
|
|switch|p1a: Sableye|Sableye-Mega, F|304\/304
|-damage|p1a: Sableye|266\/304|[from] Stealth Rock
|move|p2a: Chansey|Wish|p2a: Chansey
|
|turn|100
|
|switch|p2a: Sylveon|Sylveon, M|8\/394 brn
|move|p1a: Sableye|Shadow Ball|p2a: Sylveon
|-damage|p2a: Sylveon|0 fnt
|faint|p2a: Sylveon
|
|
|switch|p2a: Greninja|Greninja, F|257\/285
|turn|101
|
|switch|p1a: Chansey|Chansey, F|704\/704
|-damage|p1a: Chansey|616\/704|[from] Stealth Rock
|move|p2a: Greninja|Hydro Pump|p1a: Chansey
|-start|p2a: Greninja|typechange|Water|[from] Protean
|-damage|p1a: Chansey|480\/704
|-damage|p2a: Greninja|229\/285|[from] item: Life Orb
|
|turn|102
|
|move|p2a: Greninja|U-turn|p1a: Chansey
|-start|p2a: Greninja|typechange|Bug|[from] Protean
|-damage|p1a: Chansey|332\/704
|-damage|p2a: Greninja|201\/285|[from] item: Life Orb
|
|switch|p2a: Chansey|Chansey, F|218\/704
|move|p1a: Chansey|Soft-Boiled|p1a: Chansey
|-heal|p1a: Chansey|684\/704
|
|turn|103
|
|switch|p1a: Sableye|Sableye-Mega, F|266\/304
|-damage|p1a: Sableye|228\/304|[from] Stealth Rock
|move|p2a: Chansey|Soft-Boiled|p2a: Chansey
|-heal|p2a: Chansey|570\/704
|
|turn|104
|
|switch|p2a: Greninja|Greninja, F|201\/285
|move|p1a: Sableye|Calm Mind|p1a: Sableye
|-boost|p1a: Sableye|spa|1
|-boost|p1a: Sableye|spd|1
|
|turn|105
|
|move|p2a: Greninja|Hydro Pump|p1a: Sableye
|-start|p2a: Greninja|typechange|Water|[from] Protean
|-damage|p1a: Sableye|95\/304
|-damage|p2a: Greninja|173\/285|[from] item: Life Orb
|move|p1a: Sableye|Recover|p1a: Sableye
|-heal|p1a: Sableye|247\/304
|
|turn|106
|
|move|p2a: Greninja|Dark Pulse|p1a: Sableye
|-start|p2a: Greninja|typechange|Dark|[from] Protean
|-damage|p1a: Sableye|148\/304
|-damage|p2a: Greninja|145\/285|[from] item: Life Orb
|move|p1a: Sableye|Recover|p1a: Sableye
|-heal|p1a: Sableye|300\/304
|
|turn|107
|
|move|p2a: Greninja|Ice Beam|p1a: Sableye
|-start|p2a: Greninja|typechange|Ice|[from] Protean
|-damage|p1a: Sableye|191\/304
|-status|p1a: Sableye|frz
|-damage|p2a: Greninja|117\/285|[from] item: Life Orb
|cant|p1a: Sableye|frz
|
|turn|108
|
|switch|p1a: Chansey|Chansey, F|684\/704
|-damage|p1a: Chansey|596\/704|[from] Stealth Rock
|move|p2a: Greninja|Hydro Pump|p1a: Chansey
|-start|p2a: Greninja|typechange|Water|[from] Protean
|-damage|p1a: Chansey|466\/704
|-damage|p2a: Greninja|89\/285|[from] item: Life Orb
|
|turn|109
|
|switch|p2a: Chansey|Chansey, F|570\/704
|move|p1a: Chansey|Wish|p1a: Chansey
|
|turn|110
|
|move|p1a: Chansey|Heal Bell|p1a: Chansey
|-cureteam|p1a: Chansey|[from] move: HealBell
|move|p2a: Chansey|Wish|p2a: Chansey
|
|-heal|p1a: Chansey|704\/704|[from] move: Wish|[wisher] Chansey
|turn|111
|
|switch|p2a: Salamence|Salamence-Mega, M|174\/331 brn
|move|p1a: Chansey|Seismic Toss|p2a: Salamence
|-damage|p2a: Salamence|74\/331 brn
|
|-heal|p2a: Salamence|331\/331 brn|[from] move: Wish|[wisher] Chansey
|-damage|p2a: Salamence|290\/331 brn|[from] brn
|turn|112
|
|switch|p2a: Chansey|Chansey, F|570\/704
|move|p1a: Chansey|Seismic Toss|p2a: Chansey
|-damage|p2a: Chansey|470\/704
|
|turn|113
|
|switch|p2a: Salamence|Salamence-Mega, M|290\/331 brn
|move|p1a: Chansey|Wish|p1a: Chansey
|
|-damage|p2a: Salamence|249\/331 brn|[from] brn
|turn|114
|
|move|p2a: Salamence|Hyper Voice|p1a: Chansey
|-damage|p1a: Chansey|583\/704
|move|p1a: Chansey|Seismic Toss|p2a: Salamence
|-damage|p2a: Salamence|149\/331 brn
|
|-heal|p1a: Chansey|704\/704|[from] move: Wish|[wisher] Chansey
|-damage|p2a: Salamence|108\/331 brn|[from] brn
|turn|115
|
|move|p2a: Salamence|Roost|p2a: Salamence
|-heal|p2a: Salamence|274\/331 brn
|move|p1a: Chansey|Seismic Toss|p2a: Salamence
|-damage|p2a: Salamence|174\/331 brn
|
|-damage|p2a: Salamence|133\/331 brn|[from] brn
|turn|116
|
|move|p2a: Salamence|Roost|p2a: Salamence
|-heal|p2a: Salamence|299\/331 brn
|move|p1a: Chansey|Seismic Toss|p2a: Salamence
|-damage|p2a: Salamence|199\/331 brn
|
|-damage|p2a: Salamence|158\/331 brn|[from] brn
|turn|117
|
|switch|p2a: Chansey|Chansey, F|470\/704
|move|p1a: Chansey|Seismic Toss|p2a: Chansey
|-damage|p2a: Chansey|370\/704
|
|turn|118
|
|move|p1a: Chansey|Seismic Toss|p2a: Chansey
|-damage|p2a: Chansey|270\/704
|move|p2a: Chansey|Wish|p2a: Chansey
|
|turn|119
|
|move|p1a: Chansey|Seismic Toss|p2a: Chansey
|-damage|p2a: Chansey|170\/704
|move|p2a: Chansey|Thunder Wave|p1a: Chansey
|-status|p1a: Chansey|par
|
|-heal|p2a: Chansey|522\/704|[from] move: Wish|[wisher] Chansey
|turn|120
|
|move|p2a: Chansey|Seismic Toss|p1a: Chansey
|-damage|p1a: Chansey|604\/704 par
|move|p1a: Chansey|Wish|p1a: Chansey
|
|turn|121
|
|switch|p2a: Salamence|Salamence-Mega, M|158\/331 brn
|switch|p1a: Sableye|Sableye-Mega, F|191\/304
|-damage|p1a: Sableye|153\/304|[from] Stealth Rock
|
|-heal|p1a: Sableye|304\/304|[from] move: Wish|[wisher] Chansey
|-damage|p2a: Salamence|117\/331 brn|[from] brn
|turn|122
|
|move|p2a: Salamence|Hyper Voice|p1a: Sableye
|-damage|p1a: Sableye|130\/304
|move|p1a: Sableye|Calm Mind|p1a: Sableye
|-boost|p1a: Sableye|spa|1
|-boost|p1a: Sableye|spd|1
|
|-damage|p2a: Salamence|76\/331 brn|[from] brn
|turn|123
|
|move|p2a: Salamence|Hyper Voice|p1a: Sableye
|-damage|p1a: Sableye|9\/304
|move|p1a: Sableye|Recover|p1a: Sableye
|-heal|p1a: Sableye|161\/304
|
|-damage|p2a: Salamence|35\/331 brn|[from] brn
|turn|124
|
|move|p2a: Salamence|Hyper Voice|p1a: Sableye
|-damage|p1a: Sableye|43\/304
|move|p1a: Sableye|Recover|p1a: Sableye
|-heal|p1a: Sableye|195\/304
|
|-damage|p2a: Salamence|0 fnt|[from] brn
|faint|p2a: Salamence
|-message|OPGGNORE forfeited.
|
|win|lil manaphy
|raw|Ladder updating...
|leave|OPGGNORE
|player|p2
|raw|lil manaphy's rating: 1698 &rarr; <strong>1707<\/strong><br \/>(+9 for winning)
|raw|OPGGNORE's rating: 1498 &rarr; <strong>1489<\/strong><br \/>(-9 for losing)