|join|OPGGNORE
|join|LastStraw
|player|p1|OPGGNORE|266
|player|p2|LastStraw|1
|gametype|singles
|gen|6
|tier|ORAS OU
|rated
|rule|Sleep Clause Mod: Limit one foe put to sleep
|rule|Species Clause: Limit one of each PokÃ©mon
|rule|OHKO Clause: OHKO moves are banned
|rule|Moody Clause: Moody is banned
|rule|Evasion Moves Clause: Evasion moves are banned
|rule|Endless Battle Clause: Forcing endless battles is banned
|rule|HP Percentage Mod: HP is shown in percentages
|clearpoke
|poke|p1|Salamence, M
|poke|p1|Magneton
|poke|p1|Wobbuffet, F
|poke|p1|Excadrill, M
|poke|p1|Clefable, F
|poke|p1|Chansey, F
|poke|p2|Gyarados, F
|poke|p2|Greninja, M
|poke|p2|Bisharp, M
|poke|p2|Rotom-Wash
|poke|p2|Conkeldurr, F
|poke|p2|Landorus-Therian, M
|rule|Swagger Clause: Swagger is banned
|rule|Baton Pass Clause: Limit one PokÃ©mon knowing Baton Pass
|teampreview
|
|start
|switch|p1a: Excadrill|Excadrill, M|362\/362
|switch|p2a: Landorus-Therian|Landorus-Therian, M|320\/320
|-ability|p2a: Landorus-Therian|Intimidate|[of] p1a: Excadrill
|-unboost|p1a: Excadrill|atk|1
|-ability|p1a: Excadrill|Mold Breaker
|-item|p1a: Excadrill|Air Balloon
|turn|1
|
|move|p2a: Landorus-Therian|U-turn|p1a: Excadrill
|-resisted|p1a: Excadrill
|-damage|p1a: Excadrill|292\/362
|-enditem|p1a: Excadrill|Air Balloon
|
|switch|p2a: Gyarados|Gyarados, F|332\/332
|-ability|p2a: Gyarados|Intimidate|[of] p1a: Excadrill
|-unboost|p1a: Excadrill|atk|1
|move|p1a: Excadrill|Stealth Rock|p2a: Gyarados
|-sidestart|p2: LastStraw|move: Stealth Rock
|
|turn|2
|
|switch|p1a: Chansey|Chansey, F|704\/704
|move|p2a: Gyarados|Dragon Dance|p2a: Gyarados
|-boost|p2a: Gyarados|atk|1
|-boost|p2a: Gyarados|spe|1
|
|turn|3
|
|switch|p2a: Conkeldurr|Conkeldurr, F|414\/414
|-damage|p2a: Conkeldurr|389\/414|[from] Stealth Rock
|move|p1a: Chansey|Thunder Wave|p2a: Conkeldurr
|-status|p2a: Conkeldurr|par
|
|turn|4
|
|switch|p1a: Salamence|Salamence, M|387\/387
|-ability|p1a: Salamence|Intimidate|[of] p2a: Conkeldurr
|-unboost|p2a: Conkeldurr|atk|1
|cant|p2a: Conkeldurr|par
|
|turn|5
|
|detailschange|p1a: Salamence|Salamence-Mega, M
|message|Salamence has Mega Evolved into Mega Salamence!
|move|p1a: Salamence|Substitute|p1a: Salamence
|-start|p1a: Salamence|Substitute
|-damage|p1a: Salamence|291\/387
|move|p2a: Conkeldurr|Ice Punch|p1a: Salamence
|-supereffective|p1a: Salamence
|-end|p1a: Salamence|Substitute
|
|turn|6
|
|switch|p2a: Landorus-Therian|Landorus-Therian, M|320\/320
|-damage|p2a: Landorus-Therian|280\/320|[from] Stealth Rock
|-ability|p2a: Landorus-Therian|Intimidate|[of] p1a: Salamence
|-unboost|p1a: Salamence|atk|1
|move|p1a: Salamence|Return|p2a: Landorus-Therian
|-damage|p2a: Landorus-Therian|72\/320
|
|turn|7
|
|switch|p1a: Clefable|Clefable, F|394\/394
|move|p2a: Landorus-Therian|Stone Edge|p1a: Clefable
|-crit|p1a: Clefable
|-damage|p1a: Clefable|222\/394
|
|-heal|p1a: Clefable|246\/394|[from] item: Leftovers
|turn|8
|
|switch|p2a: Conkeldurr|Conkeldurr, F|389\/414 par
|-damage|p2a: Conkeldurr|364\/414 par|[from] Stealth Rock
|move|p1a: Clefable|Moonblast|p2a: Conkeldurr
|-supereffective|p2a: Conkeldurr
|-damage|p2a: Conkeldurr|164\/414 par
|
|-heal|p1a: Clefable|270\/394|[from] item: Leftovers
|turn|9
|
|move|p1a: Clefable|Moonblast|p2a: Conkeldurr
|-supereffective|p2a: Conkeldurr
|-damage|p2a: Conkeldurr|0 fnt
|faint|p2a: Conkeldurr
|
|-heal|p1a: Clefable|294\/394|[from] item: Leftovers
|
|switch|p2a: Bisharp|Bisharp, M|272\/272
|-damage|p2a: Bisharp|255\/272|[from] Stealth Rock
|turn|10
|
|move|p2a: Bisharp|Iron Head|p1a: Clefable
|-supereffective|p1a: Clefable
|-damage|p1a: Clefable|84\/394
|cant|p1a: Clefable|flinch
|
|-heal|p1a: Clefable|108\/394|[from] item: Leftovers
|turn|11
|
|switch|p1a: Magneton|Magneton|242\/242
|move|p2a: Bisharp|Iron Head|p1a: Magneton
|-resisted|p1a: Magneton
|-damage|p1a: Magneton|212\/242
|
|turn|12
|
|move|p1a: Magneton|Volt Switch|p2a: Bisharp
|-damage|p2a: Bisharp|93\/272
|
|switch|p1a: Salamence|Salamence-Mega, M|291\/387
|move|p2a: Bisharp|Power-Up Punch|p1a: Salamence
|-resisted|p1a: Salamence
|-damage|p1a: Salamence|275\/387
|-boost|p2a: Bisharp|atk|1
|
|turn|13
|
|move|p2a: Bisharp|Sucker Punch|p1a: Salamence
|-fail|p1a: Salamence
|move|p1a: Salamence|Substitute|p1a: Salamence
|-start|p1a: Salamence|Substitute
|-damage|p1a: Salamence|179\/387
|
|turn|14
|c|âLastStraw|59%
|c|âLastStraw|50%...
|
|switch|p2a: Landorus-Therian|Landorus-Therian, M|72\/320
|-damage|p2a: Landorus-Therian|32\/320|[from] Stealth Rock
|-activate|p1a: Salamence|Substitute|ability: Intimidate|[of] p2a: Landorus-Therian
|move|p1a: Salamence|Roost|p1a: Salamence
|-heal|p1a: Salamence|373\/387
|
|turn|15
|c|âOPGGNORE|?
|c|âLastStraw|If I sucker or knock off
|
|move|p2a: Landorus-Therian|Knock Off|p1a: Salamence
|-crit|p1a: Salamence
|-end|p1a: Salamence|Substitute
|move|p1a: Salamence|Dragon Dance|p1a: Salamence
|-boost|p1a: Salamence|atk|1
|-boost|p1a: Salamence|spe|1
|
|turn|16
|
|move|p2a: Landorus-Therian|Knock Off|p1a: Salamence
|-damage|p1a: Salamence|309\/387
|move|p1a: Salamence|Substitute|p1a: Salamence
|-start|p1a: Salamence|Substitute
|-damage|p1a: Salamence|213\/387
|
|turn|17
|
|move|p2a: Landorus-Therian|Knock Off|p1a: Salamence
|-activate|p1a: Salamence|Substitute|[damage]
|move|p1a: Salamence|Dragon Dance|p1a: Salamence
|-boost|p1a: Salamence|atk|1
|-boost|p1a: Salamence|spe|1
|
|turn|18
|
|move|p1a: Salamence|Roost|p1a: Salamence
|-heal|p1a: Salamence|387\/387
|move|p2a: Landorus-Therian|Knock Off|p1a: Salamence
|-end|p1a: Salamence|Substitute
|
|turn|19
|
|switch|p2a: Gyarados|Gyarados, F|332\/332
|-damage|p2a: Gyarados|249\/332|[from] Stealth Rock
|-ability|p2a: Gyarados|Intimidate|[of] p1a: Salamence
|-unboost|p1a: Salamence|atk|1
|move|p1a: Salamence|Substitute|p1a: Salamence
|-start|p1a: Salamence|Substitute
|-damage|p1a: Salamence|291\/387
|
|turn|20
|
|detailschange|p2a: Gyarados|Gyarados-Mega, F
|message|Gyarados has Mega Evolved into Mega Gyarados!
|-ability|p2a: Gyarados|Mold Breaker
|move|p1a: Salamence|Return|p2a: Gyarados
|-damage|p2a: Gyarados|0 fnt
|faint|p2a: Gyarados
|
|c|âLastStraw|Ban this thing...
|c|âOPGGNORE|yeah it will dw
|c|âLastStraw|not now but soon
|-message|LastStraw forfeited.
|
|win|OPGGNORE
|raw|Ladder updating...
|leave|LastStraw
|player|p2
|raw|OPGGNORE's rating: 1460 &rarr; <strong>1473<\/strong><br \/>(+13 for winning)
|raw|LastStraw's rating: 1341 &rarr; <strong>1327<\/strong><br \/>(-14 for losing)