|join|starblader
|join|OPGGNORE
|player|p1|starblader|199
|player|p2|OPGGNORE|2
|gametype|singles
|gen|6
|tier|OU
|rated
|clearpoke
|poke|p1|Pinsir, M
|poke|p1|Excadrill, M
|poke|p1|Slowbro, F
|poke|p1|Heatran, M
|poke|p1|Ferrothorn, F
|poke|p1|Latios, M
|poke|p2|Sableye, F
|poke|p2|Talonflame, F
|poke|p2|Zapdos
|poke|p2|Excadrill, F
|poke|p2|Keldeo-Resolute
|poke|p2|Clefable, F
|rule|Swagger Clause: Swagger is banned
|rule|Baton Pass Clause: Limit one PokÃ©mon knowing Baton Pass
|rule|Sleep Clause Mod: Limit one foe put to sleep
|rule|Species Clause: Limit one of each PokÃ©mon
|rule|OHKO Clause: OHKO moves are banned
|rule|Moody Clause: Moody is banned
|rule|Evasion Moves Clause: Evasion moves are banned
|rule|Endless Battle Clause: Forcing endless battles is banned
|rule|HP Percentage Mod: HP is shown in percentages
|teampreview
|
|start
|switch|p1a: Latios|Latios, M|302\/302
|switch|p2a: Sableye|Sableye, F|304\/304
|turn|1
|
|detailschange|p2a: Sableye|Sableye-Mega, F
|message|Sableye has Mega Evolved into Mega Sableye!
|move|p1a: Latios|Draco Meteor|p2a: Sableye
|-damage|p2a: Sableye|109\/304
|-unboost|p1a: Latios|spa|2
|-damage|p1a: Latios|272\/302|[from] item: Life Orb
|move|p2a: Sableye|Knock Off|p1a: Latios
|-supereffective|p1a: Latios
|-damage|p1a: Latios|18\/302
|-enditem|p1a: Latios|Life Orb|[from] move: Knock Off|[of] p2a: Sableye
|
|turn|2
|
|move|p1a: Latios|Draco Meteor|p2a: Sableye
|-damage|p2a: Sableye|28\/304
|-unboost|p1a: Latios|spa|2
|move|p2a: Sableye|Recover|p2a: Sableye
|-heal|p2a: Sableye|180\/304
|
|turn|3
|
|switch|p1a: Excadrill|Excadrill, M|362\/362
|-ability|p1a: Excadrill|Mold Breaker
|move|p2a: Sableye|Knock Off|p1a: Excadrill
|-damage|p1a: Excadrill|206\/362
|-enditem|p1a: Excadrill|Choice Scarf|[from] move: Knock Off|[of] p2a: Sableye
|
|turn|4
|
|move|p1a: Excadrill|Earthquake|p2a: Sableye
|-damage|p2a: Sableye|26\/304
|move|p2a: Sableye|Recover|p2a: Sableye
|-heal|p2a: Sableye|178\/304
|
|turn|5
|
|switch|p2a: Zapdos|Zapdos|384\/384
|-ability|p2a: Zapdos|Pressure
|move|p1a: Excadrill|Earthquake|p2a: Zapdos
|-immune|p2a: Zapdos|[msg]
|
|turn|6
|
|move|p1a: Excadrill|Rock Slide|p2a: Zapdos
|-supereffective|p2a: Zapdos
|-damage|p2a: Zapdos|220\/384
|move|p2a: Zapdos|Heat Wave|p1a: Excadrill
|-miss|p2a: Zapdos|p1a: Excadrill
|
|-heal|p2a: Zapdos|244\/384|[from] item: Leftovers
|turn|7
|
|switch|p1a: Heatran|Heatran, M|323\/323
|move|p2a: Zapdos|Roost|p2a: Zapdos
|-heal|p2a: Zapdos|384\/384
|
|turn|8
|
|switch|p2a: Sableye|Sableye-Mega, F|178\/304
|move|p1a: Heatran|Fire Blast|p2a: Sableye
|-crit|p2a: Sableye
|-damage|p2a: Sableye|0 fnt
|faint|p2a: Sableye
|
|c|âOPGGNORE|wtf
|c|âOPGGNORE|nice hax win
|
|switch|p2a: Keldeo-Resolute|Keldeo-Resolute|324\/324
|turn|9
|
|switch|p1a: Latios|Latios, M|18\/302
|move|p2a: Keldeo-Resolute|Substitute|p2a: Keldeo-Resolute
|-start|p2a: Keldeo-Resolute|Substitute
|-damage|p2a: Keldeo-Resolute|243\/324
|
|-heal|p2a: Keldeo-Resolute|263\/324|[from] item: Leftovers
|turn|10
|
|move|p1a: Latios|Psyshock|p2a: Keldeo-Resolute
|-supereffective|p2a: Keldeo-Resolute
|-end|p2a: Keldeo-Resolute|Substitute
|move|p2a: Keldeo-Resolute|Scald|p1a: Latios
|-resisted|p1a: Latios
|-damage|p1a: Latios|0 fnt
|faint|p1a: Latios
|
|-heal|p2a: Keldeo-Resolute|283\/324|[from] item: Leftovers
|
|switch|p1a: Slowbro|Slowbro, F|394\/394
|turn|11
|
|switch|p2a: Clefable|Clefable, F|394\/394
|move|p1a: Slowbro|Psyshock|p2a: Clefable
|-damage|p2a: Clefable|306\/394
|
|-heal|p2a: Clefable|330\/394|[from] item: Leftovers
|turn|12
|
|switch|p2a: Keldeo-Resolute|Keldeo-Resolute|283\/324
|switch|p1a: Ferrothorn|Ferrothorn, F|352\/352
|
|-heal|p2a: Keldeo-Resolute|303\/324|[from] item: Leftovers
|turn|13
|
|move|p2a: Keldeo-Resolute|Substitute|p2a: Keldeo-Resolute
|-start|p2a: Keldeo-Resolute|Substitute
|-damage|p2a: Keldeo-Resolute|222\/324
|move|p1a: Ferrothorn|Stealth Rock|p2a: Keldeo-Resolute
|-sidestart|p2: OPGGNORE|move: Stealth Rock
|
|-heal|p2a: Keldeo-Resolute|242\/324|[from] item: Leftovers
|turn|14
|
|move|p1a: Ferrothorn|Protect|p1a: Ferrothorn
|-singleturn|p1a: Ferrothorn|Protect
|move|p2a: Keldeo-Resolute|Scald|p1a: Ferrothorn
|-activate|p1a: Ferrothorn|Protect
|
|-heal|p2a: Keldeo-Resolute|262\/324|[from] item: Leftovers
|turn|15
|
|move|p2a: Keldeo-Resolute|Scald|p1a: Ferrothorn
|-resisted|p1a: Ferrothorn
|-damage|p1a: Ferrothorn|298\/352
|move|p1a: Ferrothorn|Gyro Ball|p2a: Keldeo-Resolute
|-resisted|p2a: Keldeo-Resolute
|-end|p2a: Keldeo-Resolute|Substitute
|
|-heal|p2a: Keldeo-Resolute|282\/324|[from] item: Leftovers
|turn|16
|
|move|p2a: Keldeo-Resolute|Substitute|p2a: Keldeo-Resolute
|-start|p2a: Keldeo-Resolute|Substitute
|-damage|p2a: Keldeo-Resolute|201\/324
|move|p1a: Ferrothorn|Gyro Ball|p2a: Keldeo-Resolute
|-resisted|p2a: Keldeo-Resolute
|-end|p2a: Keldeo-Resolute|Substitute
|
|-heal|p2a: Keldeo-Resolute|221\/324|[from] item: Leftovers
|turn|17
|
|move|p2a: Keldeo-Resolute|Substitute|p2a: Keldeo-Resolute
|-start|p2a: Keldeo-Resolute|Substitute
|-damage|p2a: Keldeo-Resolute|140\/324
|move|p1a: Ferrothorn|Gyro Ball|p2a: Keldeo-Resolute
|-resisted|p2a: Keldeo-Resolute
|-end|p2a: Keldeo-Resolute|Substitute
|
|-heal|p2a: Keldeo-Resolute|160\/324|[from] item: Leftovers
|turn|18
|
|move|p2a: Keldeo-Resolute|Secret Sword|p1a: Ferrothorn
|-supereffective|p1a: Ferrothorn
|-damage|p1a: Ferrothorn|74\/352
|move|p1a: Ferrothorn|Gyro Ball|p2a: Keldeo-Resolute
|-resisted|p2a: Keldeo-Resolute
|-damage|p2a: Keldeo-Resolute|61\/324
|
|-heal|p2a: Keldeo-Resolute|81\/324|[from] item: Leftovers
|turn|19
|
|switch|p1a: Slowbro|Slowbro, F|394\/394
|move|p2a: Keldeo-Resolute|Secret Sword|p1a: Slowbro
|-resisted|p1a: Slowbro
|-damage|p1a: Slowbro|338\/394
|
|-heal|p2a: Keldeo-Resolute|101\/324|[from] item: Leftovers
|-heal|p1a: Slowbro|362\/394|[from] item: Leftovers
|turn|20
|
|switch|p2a: Excadrill|Excadrill, F|424\/424
|-damage|p2a: Excadrill|411\/424|[from] Stealth Rock
|-ability|p2a: Excadrill|Mold Breaker
|move|p1a: Slowbro|Psyshock|p2a: Excadrill
|-resisted|p2a: Excadrill
|-damage|p2a: Excadrill|344\/424
|
|-heal|p2a: Excadrill|370\/424|[from] item: Leftovers
|-heal|p1a: Slowbro|386\/394|[from] item: Leftovers
|turn|21
|
|move|p2a: Excadrill|Stealth Rock|p1a: Slowbro
|-sidestart|p1: starblader|move: Stealth Rock
|move|p1a: Slowbro|Scald|p2a: Excadrill
|-supereffective|p2a: Excadrill
|-damage|p2a: Excadrill|194\/424
|
|-heal|p2a: Excadrill|220\/424|[from] item: Leftovers
|-heal|p1a: Slowbro|394\/394|[from] item: Leftovers
|turn|22
|
|move|p2a: Excadrill|Rapid Spin|p1a: Slowbro
|-damage|p1a: Slowbro|379\/394
|-sideend|p2: OPGGNORE|Stealth Rock|[from] move: Rapid Spin|[of] p2a: Excadrill
|move|p1a: Slowbro|Scald|p2a: Excadrill
|-supereffective|p2a: Excadrill
|-damage|p2a: Excadrill|26\/424
|
|-heal|p2a: Excadrill|52\/424|[from] item: Leftovers
|-heal|p1a: Slowbro|394\/394|[from] item: Leftovers
|turn|23
|
|switch|p2a: Clefable|Clefable, F|330\/394
|move|p1a: Slowbro|Scald|p2a: Clefable
|-damage|p2a: Clefable|219\/394
|
|-heal|p2a: Clefable|243\/394|[from] item: Leftovers
|turn|24
|
|move|p2a: Clefable|Calm Mind|p2a: Clefable
|-boost|p2a: Clefable|spa|1
|-boost|p2a: Clefable|spd|1
|move|p1a: Slowbro|Calm Mind|p1a: Slowbro
|-boost|p1a: Slowbro|spa|1
|-boost|p1a: Slowbro|spd|1
|
|-heal|p2a: Clefable|267\/394|[from] item: Leftovers
|turn|25
|
|move|p2a: Clefable|Calm Mind|p2a: Clefable
|-boost|p2a: Clefable|spa|1
|-boost|p2a: Clefable|spd|1
|move|p1a: Slowbro|Scald|p2a: Clefable
|-damage|p2a: Clefable|191\/394
|-status|p2a: Clefable|brn
|
|-heal|p2a: Clefable|215\/394 brn|[from] item: Leftovers
|turn|26
|
|move|p2a: Clefable|Calm Mind|p2a: Clefable
|-boost|p2a: Clefable|spa|1
|-boost|p2a: Clefable|spd|1
|move|p1a: Slowbro|Psyshock|p2a: Clefable
|-damage|p2a: Clefable|92\/394 brn
|
|-heal|p2a: Clefable|116\/394 brn|[from] item: Leftovers
|turn|27
|
|move|p2a: Clefable|Soft-Boiled|p2a: Clefable
|-heal|p2a: Clefable|313\/394 brn
|move|p1a: Slowbro|Psyshock|p2a: Clefable
|-damage|p2a: Clefable|189\/394 brn
|
|-heal|p2a: Clefable|213\/394 brn|[from] item: Leftovers
|turn|28
|
|move|p2a: Clefable|Moonblast|p1a: Slowbro
|-damage|p1a: Slowbro|190\/394
|move|p1a: Slowbro|Calm Mind|p1a: Slowbro
|-boost|p1a: Slowbro|spa|1
|-boost|p1a: Slowbro|spd|1
|
|-heal|p2a: Clefable|237\/394 brn|[from] item: Leftovers
|-heal|p1a: Slowbro|214\/394|[from] item: Leftovers
|turn|29
|
|move|p2a: Clefable|Calm Mind|p2a: Clefable
|-boost|p2a: Clefable|spa|1
|-boost|p2a: Clefable|spd|1
|move|p1a: Slowbro|Psyshock|p2a: Clefable
|-damage|p2a: Clefable|84\/394 brn
|
|-heal|p2a: Clefable|108\/394 brn|[from] item: Leftovers
|-heal|p1a: Slowbro|238\/394|[from] item: Leftovers
|turn|30
|
|move|p2a: Clefable|Moonblast|p1a: Slowbro
|-crit|p1a: Slowbro
|-damage|p1a: Slowbro|0 fnt
|faint|p1a: Slowbro
|
|-heal|p2a: Clefable|132\/394 brn|[from] item: Leftovers
|c|âstarblader|nice crit there
|c|âstarblader|this time mattered btw
|c|âOPGGNORE|uh huh cuz it msttered heaps
|
|switch|p1a: Excadrill|Excadrill, M|206\/362
|-damage|p1a: Excadrill|195\/362|[from] Stealth Rock
|-ability|p1a: Excadrill|Mold Breaker
|turn|31
|
|switch|p2a: Zapdos|Zapdos|384\/384
|-ability|p2a: Zapdos|Pressure
|move|p1a: Excadrill|Earthquake|p2a: Zapdos
|-immune|p2a: Zapdos|[msg]
|
|turn|32
|
|move|p1a: Excadrill|Rapid Spin|p2a: Zapdos
|-damage|p2a: Zapdos|361\/384
|-sideend|p1: starblader|Stealth Rock|[from] move: Rapid Spin|[of] p1a: Excadrill
|move|p2a: Zapdos|Thunderbolt|p1a: Excadrill
|-immune|p1a: Excadrill|[msg]
|
|-heal|p2a: Zapdos|384\/384|[from] item: Leftovers
|turn|33
|
|switch|p1a: Heatran|Heatran, M|323\/323
|move|p2a: Zapdos|Thunderbolt|p1a: Heatran
|-damage|p1a: Heatran|193\/323
|
|turn|34
|
|switch|p2a: Talonflame|Talonflame, F|360\/360
|move|p1a: Heatran|Fire Blast|p2a: Talonflame
|-resisted|p2a: Talonflame
|-damage|p2a: Talonflame|265\/360
|
|-heal|p2a: Talonflame|287\/360|[from] item: Leftovers
|turn|35
|
|move|p2a: Talonflame|Brave Bird|p1a: Heatran
|-resisted|p1a: Heatran
|-damage|p1a: Heatran|135\/323
|-damage|p2a: Talonflame|268\/360|[from] recoil|[of] p1a: Heatran
|move|p1a: Heatran|Fire Blast|p2a: Talonflame
|-resisted|p2a: Talonflame
|-damage|p2a: Talonflame|166\/360
|
|-heal|p2a: Talonflame|188\/360|[from] item: Leftovers
|turn|36
|
|move|p2a: Talonflame|Roost|p2a: Talonflame
|-heal|p2a: Talonflame|360\/360
|move|p1a: Heatran|Fire Blast|p2a: Talonflame
|-crit|p2a: Talonflame
|-resisted|p2a: Talonflame
|-damage|p2a: Talonflame|225\/360
|
|-heal|p2a: Talonflame|247\/360|[from] item: Leftovers
|turn|37
|
|switch|p1a: Ferrothorn|Ferrothorn, F|74\/352
|move|p2a: Talonflame|Brave Bird|p1a: Ferrothorn
|-damage|p1a: Ferrothorn|0 fnt
|-damage|p2a: Talonflame|202\/360|[from] ability: Iron Barbs|[of] p1a: Ferrothorn
|-damage|p2a: Talonflame|142\/360|[from] item: Rocky Helmet|[of] p1a: Ferrothorn
|-damage|p2a: Talonflame|118\/360|[from] recoil|[of] p1a: Ferrothorn
|faint|p1a: Ferrothorn
|
|-heal|p2a: Talonflame|140\/360|[from] item: Leftovers
|
|switch|p1a: Excadrill|Excadrill, M|195\/362
|-ability|p1a: Excadrill|Mold Breaker
|turn|38
|
|switch|p2a: Excadrill|Excadrill, F|52\/424
|-ability|p2a: Excadrill|Mold Breaker
|move|p1a: Excadrill|Rock Slide|p2a: Excadrill
|-miss|p1a: Excadrill|p2a: Excadrill
|
|-heal|p2a: Excadrill|78\/424|[from] item: Leftovers
|turn|39
|
|move|p1a: Excadrill|Earthquake|p2a: Excadrill
|-supereffective|p2a: Excadrill
|-damage|p2a: Excadrill|0 fnt
|faint|p2a: Excadrill
|
|
|switch|p2a: Keldeo-Resolute|Keldeo-Resolute|101\/324
|turn|40
|
|move|p2a: Keldeo-Resolute|Scald|p1a: Excadrill
|-supereffective|p1a: Excadrill
|-damage|p1a: Excadrill|0 fnt
|faint|p1a: Excadrill
|
|-heal|p2a: Keldeo-Resolute|121\/324|[from] item: Leftovers
|
|switch|p1a: Pinsir|Pinsir, M|271\/271
|turn|41
|
|detailschange|p1a: Pinsir|Pinsir-Mega, M
|message|Pinsir has Mega Evolved into Mega Pinsir!
|move|p1a: Pinsir|Quick Attack|p2a: Keldeo-Resolute
|-supereffective|p2a: Keldeo-Resolute
|-damage|p2a: Keldeo-Resolute|0 fnt
|faint|p2a: Keldeo-Resolute
|
|
|switch|p2a: Zapdos|Zapdos|384\/384
|-ability|p2a: Zapdos|Pressure
|turn|42
|
|switch|p1a: Heatran|Heatran, M|135\/323
|move|p2a: Zapdos|Thunderbolt|p1a: Heatran
|-damage|p1a: Heatran|3\/323
|
|turn|43
|
|switch|p2a: Clefable|Clefable, F|132\/394 brn
|move|p1a: Heatran|Fire Blast|p2a: Clefable
|-damage|p2a: Clefable|0 fnt
|faint|p2a: Clefable
|
|
|switch|p2a: Talonflame|Talonflame, F|140\/360
|turn|44
|
|move|p2a: Talonflame|Roost|p2a: Talonflame
|-heal|p2a: Talonflame|320\/360
|move|p1a: Heatran|Fire Blast|p2a: Talonflame|[miss]
|-miss|p1a: Heatran|p2a: Talonflame
|
|-heal|p2a: Talonflame|342\/360|[from] item: Leftovers
|turn|45
|
|move|p1a: Heatran|Fire Blast|p2a: Talonflame
|-resisted|p2a: Talonflame
|-damage|p2a: Talonflame|240\/360
|move|p2a: Talonflame|Taunt|p1a: Heatran
|-start|p1a: Heatran|move: Taunt
|
|-heal|p2a: Talonflame|262\/360|[from] item: Leftovers
|turn|46
|
|move|p1a: Heatran|Fire Blast|p2a: Talonflame
|-resisted|p2a: Talonflame
|-damage|p2a: Talonflame|170\/360
|move|p2a: Talonflame|Taunt|p1a: Heatran
|-fail|p1a: Heatran
|
|-heal|p2a: Talonflame|192\/360|[from] item: Leftovers
|turn|47
|
|switch|p2a: Zapdos|Zapdos|384\/384
|-ability|p2a: Zapdos|Pressure
|-activate|p1a: Heatran|move: Struggle
|move|p1a: Heatran|Struggle|p2a: Zapdos
|-damage|p2a: Zapdos|359\/384
|-damage|p1a: Heatran|0 fnt
|faint|p1a: Heatran
|
|-heal|p2a: Zapdos|383\/384|[from] item: Leftovers
|
|switch|p1a: Pinsir|Pinsir-Mega, M|271\/271
|turn|48
|
|move|p1a: Pinsir|Swords Dance|p1a: Pinsir
|-boost|p1a: Pinsir|atk|2
|move|p2a: Zapdos|Thunderbolt|p1a: Pinsir
|-supereffective|p1a: Pinsir
|-damage|p1a: Pinsir|0 fnt
|faint|p1a: Pinsir
|
|win|OPGGNORE
|raw|Ladder updating...
|raw|starblader's rating: 1375 &rarr; <strong>1355<\/strong><br \/>(-20 for losing)
|raw|OPGGNORE's rating: 1382 &rarr; <strong>1401<\/strong><br \/>(+19 for winning)
|c|âOPGGNORE|gg noob