|join|OPGGNORE
|join|nintendistagamer
|player|p1|OPGGNORE|265
|player|p2|nintendistagamer|137
|gametype|singles
|gen|6
|tier|OU
|rated
|clearpoke
|poke|p1|Gyarados, M
|poke|p1|Ferrothorn, F
|poke|p1|Heatran, M
|poke|p1|Lopunny, M
|poke|p1|Landorus-Therian, M
|poke|p1|Excadrill, M
|poke|p2|Slowbro, M
|poke|p2|Landorus-Therian, M
|poke|p2|Jirachi
|poke|p2|Porygon2
|poke|p2|Tyranitar, F
|poke|p2|Keldeo-Resolute
|rule|Swagger Clause: Swagger is banned
|rule|Baton Pass Clause: Limit one PokÃ©mon knowing Baton Pass
|rule|Sleep Clause Mod: Limit one foe put to sleep
|rule|Species Clause: Limit one of each PokÃ©mon
|rule|OHKO Clause: OHKO moves are banned
|rule|Moody Clause: Moody is banned
|rule|Evasion Moves Clause: Evasion moves are banned
|rule|Endless Battle Clause: Forcing endless battles is banned
|rule|HP Percentage Mod: HP is shown in percentages
|teampreview
|
|start
|switch|p1a: Landorus-Therian|Landorus-Therian, M|319\/319
|switch|p2a: Keldeo-Resolute|Keldeo-Resolute|323\/323
|-ability|p1a: Landorus-Therian|Intimidate|[of] p2a: Keldeo-Resolute
|-unboost|p2a: Keldeo-Resolute|atk|1
|turn|1
|join|ReinDurr
|
|switch|p1a: Ferrothorn|Ferrothorn, F|352\/352
|move|p2a: Keldeo-Resolute|Scald|p1a: Ferrothorn
|-resisted|p1a: Ferrothorn
|-damage|p1a: Ferrothorn|251\/352
|
|-heal|p1a: Ferrothorn|273\/352|[from] item: Leftovers
|turn|2
|leave|ReinDurr
|
|switch|p2a: Tyranitar|Tyranitar, F|403\/403
|-weather|Sandstorm
|move|p1a: Ferrothorn|Spikes|p2a: Tyranitar
|-sidestart|p2: nintendistagamer|Spikes
|
|-weather|Sandstorm|[upkeep]
|-heal|p1a: Ferrothorn|295\/352|[from] item: Leftovers
|turn|3
|
|move|p2a: Tyranitar|Fire Blast|p1a: Ferrothorn
|-supereffective|p1a: Ferrothorn
|-damage|p1a: Ferrothorn|0 fnt
|faint|p1a: Ferrothorn
|
|-weather|Sandstorm|[upkeep]
|
|switch|p1a: Lopunny|Lopunny, M|271\/271
|turn|4
|
|switch|p2a: Slowbro|Slowbro, M|394\/394
|-damage|p2a: Slowbro|345\/394|[from] Spikes
|detailschange|p1a: Lopunny|Lopunny-Mega, M
|-mega|p1a: Lopunny|Lopunny|Lopunnite
|move|p1a: Lopunny|Power-Up Punch|p2a: Slowbro
|-resisted|p2a: Slowbro
|-damage|p2a: Slowbro|312\/394
|-boost|p1a: Lopunny|atk|1
|
|-weather|Sandstorm|[upkeep]
|-damage|p1a: Lopunny|255\/271|[from] sandstorm
|-damage|p2a: Slowbro|288\/394|[from] sandstorm
|turn|5
|
|move|p1a: Lopunny|Return|p2a: Slowbro
|-damage|p2a: Slowbro|45\/394
|move|p2a: Slowbro|Thunder Wave|p1a: Lopunny
|-status|p1a: Lopunny|par
|
|-weather|Sandstorm|[upkeep]
|-damage|p1a: Lopunny|239\/271 par|[from] sandstorm
|-damage|p2a: Slowbro|21\/394|[from] sandstorm
|turn|6
|
|switch|p2a: Landorus-Therian|Landorus-Therian, M|319\/319
|-ability|p2a: Landorus-Therian|Intimidate|[of] p1a: Lopunny
|-unboost|p1a: Lopunny|atk|1
|move|p1a: Lopunny|Return|p2a: Landorus-Therian
|-damage|p2a: Landorus-Therian|108\/319
|
|-weather|none
|turn|7
|
|move|p2a: Landorus-Therian|U-turn|p1a: Lopunny
|-resisted|p1a: Lopunny
|-damage|p1a: Lopunny|194\/271 par
|
|switch|p2a: Jirachi|Jirachi|404\/404
|-damage|p2a: Jirachi|354\/404|[from] Spikes
|move|p1a: Lopunny|High Jump Kick|p2a: Jirachi
|-damage|p2a: Jirachi|132\/404
|
|-heal|p2a: Jirachi|157\/404|[from] item: Leftovers
|turn|8
|
|move|p2a: Jirachi|Protect|p2a: Jirachi
|-singleturn|p2a: Jirachi|Protect
|move|p1a: Lopunny|High Jump Kick|p2a: Jirachi
|-activate|p2a: Jirachi|Protect
|-damage|p1a: Lopunny|59\/271 par|[from] highjumpkick
|
|-heal|p2a: Jirachi|182\/404|[from] item: Leftovers
|turn|9
|
|switch|p1a: Gyarados|Gyarados, M|352\/352
|-ability|p1a: Gyarados|Intimidate|[of] p2a: Jirachi
|-unboost|p2a: Jirachi|atk|1
|move|p2a: Jirachi|Iron Head|p1a: Gyarados
|-resisted|p1a: Gyarados
|-damage|p1a: Gyarados|313\/352
|
|-heal|p1a: Gyarados|335\/352|[from] item: Leftovers
|-heal|p2a: Jirachi|207\/404|[from] item: Leftovers
|turn|10
|
|switch|p2a: Porygon2|Porygon2|374\/374
|-damage|p2a: Porygon2|328\/374|[from] Spikes
|-ability|p2a: Porygon2|Intimidate|[from] ability: Trace|[of] p1a: Gyarados
|-ability|p2a: Porygon2|Intimidate|[of] p1a: Gyarados
|-unboost|p1a: Gyarados|atk|1
|move|p1a: Gyarados|Substitute|p1a: Gyarados
|-start|p1a: Gyarados|Substitute
|-damage|p1a: Gyarados|247\/352
|
|-heal|p1a: Gyarados|269\/352|[from] item: Leftovers
|turn|11
|
|move|p1a: Gyarados|Waterfall|p2a: Porygon2
|-damage|p2a: Porygon2|274\/374
|move|p2a: Porygon2|Tri Attack|p1a: Gyarados
|-end|p1a: Gyarados|Substitute
|
|-heal|p1a: Gyarados|291\/352|[from] item: Leftovers
|turn|12
|
|move|p1a: Gyarados|Substitute|p1a: Gyarados
|-start|p1a: Gyarados|Substitute
|-damage|p1a: Gyarados|203\/352
|move|p2a: Porygon2|Thunder Wave|p1a: Gyarados
|
|-heal|p1a: Gyarados|225\/352|[from] item: Leftovers
|turn|13
|c|âOPGGNORE|double t wave
|
|move|p1a: Gyarados|Waterfall|p2a: Porygon2
|-damage|p2a: Porygon2|219\/374
|move|p2a: Porygon2|Tri Attack|p1a: Gyarados
|-end|p1a: Gyarados|Substitute
|
|-heal|p1a: Gyarados|247\/352|[from] item: Leftovers
|turn|14
|
|switch|p1a: Heatran|Heatran, M|386\/386
|move|p2a: Porygon2|Tri Attack|p1a: Heatran
|-resisted|p1a: Heatran
|-damage|p1a: Heatran|350\/386
|-status|p1a: Heatran|frz
|
|-heal|p1a: Heatran|374\/386 frz|[from] item: Leftovers
|turn|15
|c|ânintendistagamer|lol
|c|âOPGGNORE|wooooooooooooow
|
|-curestatus|p1a: Heatran|frz
|move|p1a: Heatran|Stealth Rock|p2a: Porygon2
|-sidestart|p2: nintendistagamer|move: Stealth Rock
|move|p2a: Porygon2|Recover|p2a: Porygon2
|-heal|p2a: Porygon2|374\/374
|
|-heal|p1a: Heatran|386\/386|[from] item: Leftovers
|turn|16
|
|switch|p2a: Keldeo-Resolute|Keldeo-Resolute|323\/323
|-damage|p2a: Keldeo-Resolute|283\/323|[from] Spikes
|-damage|p2a: Keldeo-Resolute|263\/323|[from] Stealth Rock
|move|p1a: Heatran|Toxic|p2a: Keldeo-Resolute
|-status|p2a: Keldeo-Resolute|tox
|
|-damage|p2a: Keldeo-Resolute|243\/323 tox|[from] psn
|turn|17
|c|âOPGGNORE|whoah
|c|âOPGGNORE|did u see the animtaion
|c|âOPGGNORE|that was sick
|
|move|p1a: Heatran|Protect|p1a: Heatran
|-singleturn|p1a: Heatran|Protect
|move|p2a: Keldeo-Resolute|Scald|p1a: Heatran
|-activate|p1a: Heatran|Protect
|
|-damage|p2a: Keldeo-Resolute|203\/323 tox|[from] psn
|turn|18
|
|switch|p1a: Lopunny|Lopunny-Mega, M|59\/271 par
|move|p2a: Keldeo-Resolute|Scald|p1a: Lopunny
|-damage|p1a: Lopunny|0 fnt
|faint|p1a: Lopunny
|
|-damage|p2a: Keldeo-Resolute|143\/323 tox|[from] psn
|
|switch|p1a: Gyarados|Gyarados, M|247\/352
|-ability|p1a: Gyarados|Intimidate|[of] p2a: Keldeo-Resolute
|-unboost|p2a: Keldeo-Resolute|atk|1
|turn|19
|
|move|p2a: Keldeo-Resolute|Scald|p1a: Gyarados
|-resisted|p1a: Gyarados
|-damage|p1a: Gyarados|143\/352
|-status|p1a: Gyarados|brn
|move|p1a: Gyarados|Dragon Dance|p1a: Gyarados
|-boost|p1a: Gyarados|atk|1
|-boost|p1a: Gyarados|spe|1
|
|-heal|p1a: Gyarados|165\/352 brn|[from] item: Leftovers
|-damage|p1a: Gyarados|121\/352 brn|[from] brn
|-damage|p2a: Keldeo-Resolute|63\/323 tox|[from] psn
|turn|20
|c|âOPGGNORE|lucky n bad
|
|move|p1a: Gyarados|Waterfall|p2a: Keldeo-Resolute
|-resisted|p2a: Keldeo-Resolute
|-damage|p2a: Keldeo-Resolute|9\/323 tox
|move|p2a: Keldeo-Resolute|Scald|p1a: Gyarados
|-resisted|p1a: Gyarados
|-damage|p1a: Gyarados|28\/352 brn
|
|-heal|p1a: Gyarados|50\/352 brn|[from] item: Leftovers
|-damage|p1a: Gyarados|6\/352 brn|[from] brn
|-damage|p2a: Keldeo-Resolute|0 fnt|[from] psn
|faint|p2a: Keldeo-Resolute
|
|switch|p2a: Slowbro|Slowbro, M|152\/394
|-damage|p2a: Slowbro|103\/394|[from] Stealth Rock
|-damage|p2a: Slowbro|54\/394|[from] Spikes
|turn|21
|
|switch|p2a: Porygon2|Porygon2|374\/374
|-damage|p2a: Porygon2|328\/374|[from] Spikes
|-damage|p2a: Porygon2|282\/374|[from] Stealth Rock
|-ability|p2a: Porygon2|Intimidate|[from] ability: Trace|[of] p1a: Gyarados
|-ability|p2a: Porygon2|Intimidate|[of] p1a: Gyarados
|-unboost|p1a: Gyarados|atk|1
|move|p1a: Gyarados|Waterfall|p2a: Porygon2
|-damage|p2a: Porygon2|237\/374
|
|-heal|p1a: Gyarados|28\/352 brn|[from] item: Leftovers
|-damage|p1a: Gyarados|0 fnt|[from] brn
|faint|p1a: Gyarados
|c|âOPGGNORE|flinch pls
|
|switch|p1a: Heatran|Heatran, M|386\/386
|turn|22
|
|switch|p2a: Jirachi|Jirachi|207\/404
|-damage|p2a: Jirachi|157\/404|[from] Spikes
|-damage|p2a: Jirachi|132\/404|[from] Stealth Rock
|move|p1a: Heatran|Toxic|p2a: Jirachi
|-fail|p2a: Jirachi
|
|-heal|p2a: Jirachi|157\/404|[from] item: Leftovers
|turn|23
|
|move|p2a: Jirachi|Wish|p2a: Jirachi
|move|p1a: Heatran|Lava Plume|p2a: Jirachi
|-supereffective|p2a: Jirachi
|-damage|p2a: Jirachi|0 fnt
|faint|p2a: Jirachi
|
|
|switch|p2a: Landorus-Therian|Landorus-Therian, M|108\/319
|-damage|p2a: Landorus-Therian|69\/319|[from] Stealth Rock
|-ability|p2a: Landorus-Therian|Intimidate|[of] p1a: Heatran
|-unboost|p1a: Heatran|atk|1
|turn|24
|
|move|p1a: Heatran|Protect|p1a: Heatran
|-singleturn|p1a: Heatran|Protect
|move|p2a: Landorus-Therian|Earthquake|p1a: Heatran
|-activate|p1a: Heatran|Protect
|
|-heal|p2a: Landorus-Therian|271\/319|[from] move: Wish|[wisher] Jirachi
|turn|25
|
|switch|p2a: Porygon2|Porygon2|237\/374
|-damage|p2a: Porygon2|191\/374|[from] Stealth Rock
|-damage|p2a: Porygon2|145\/374|[from] Spikes
|-ability|p2a: Porygon2|Flash Fire|[from] ability: Trace|[of] p1a: Heatran
|switch|p1a: Excadrill|Excadrill, M|414\/414
|-ability|p1a: Excadrill|Mold Breaker
|-item|p1a: Excadrill|Air Balloon
|
|turn|26
|
|move|p1a: Excadrill|Iron Head|p2a: Porygon2
|-damage|p2a: Porygon2|45\/374
|move|p2a: Porygon2|Recover|p2a: Porygon2
|-heal|p2a: Porygon2|232\/374
|
|turn|27
|c|âOPGGNORE|flinch pls
|
|move|p1a: Excadrill|Iron Head|p2a: Porygon2
|-damage|p2a: Porygon2|135\/374
|cant|p2a: Porygon2|flinch
|
|turn|28
|c|âOPGGNORE|another pls
|
|move|p1a: Excadrill|Iron Head|p2a: Porygon2
|-damage|p2a: Porygon2|41\/374
|move|p2a: Porygon2|Recover|p2a: Porygon2
|-heal|p2a: Porygon2|228\/374
|
|turn|29
|
|switch|p1a: Heatran|Heatran, M|386\/386
|move|p2a: Porygon2|Recover|p2a: Porygon2
|-heal|p2a: Porygon2|374\/374
|
|turn|30
|
|move|p1a: Heatran|Toxic|p2a: Porygon2
|-status|p2a: Porygon2|tox
|move|p2a: Porygon2|Thunder Wave|p1a: Heatran
|-status|p1a: Heatran|par
|
|-damage|p2a: Porygon2|351\/374 tox|[from] psn
|turn|31
|
|switch|p2a: Landorus-Therian|Landorus-Therian, M|271\/319
|-damage|p2a: Landorus-Therian|232\/319|[from] Stealth Rock
|-ability|p2a: Landorus-Therian|Intimidate|[of] p1a: Heatran
|-unboost|p1a: Heatran|atk|1
|cant|p1a: Heatran|par
|
|turn|32
|c|âOPGGNORE|k
|
|move|p1a: Heatran|Protect|p1a: Heatran
|-singleturn|p1a: Heatran|Protect
|move|p2a: Landorus-Therian|Knock Off|p1a: Heatran
|-activate|p1a: Heatran|Protect
|
|turn|33
|
|move|p2a: Landorus-Therian|Knock Off|p1a: Heatran
|-crit|p1a: Heatran
|-damage|p1a: Heatran|223\/386 par
|-enditem|p1a: Heatran|Leftovers|[from] move: Knock Off|[of] p2a: Landorus-Therian
|move|p1a: Heatran|Toxic|p2a: Landorus-Therian|[miss]
|-miss|p1a: Heatran|p2a: Landorus-Therian
|
|turn|34
|c|âOPGGNORE|K
|
|switch|p1a: Landorus-Therian|Landorus-Therian, M|319\/319
|-ability|p1a: Landorus-Therian|Intimidate|[of] p2a: Landorus-Therian
|-unboost|p2a: Landorus-Therian|atk|1
|move|p2a: Landorus-Therian|Knock Off|p1a: Landorus-Therian
|-damage|p1a: Landorus-Therian|227\/319
|-enditem|p1a: Landorus-Therian|Choice Scarf|[from] move: Knock Off|[of] p2a: Landorus-Therian
|
|turn|35
|c|âOPGGNORE|lucky n bad
|
|switch|p2a: Porygon2|Porygon2|351\/374 tox
|-damage|p2a: Porygon2|305\/374 tox|[from] Stealth Rock
|-damage|p2a: Porygon2|259\/374 tox|[from] Spikes
|-ability|p2a: Porygon2|Intimidate|[from] ability: Trace|[of] p1a: Landorus-Therian
|-ability|p2a: Porygon2|Intimidate|[of] p1a: Landorus-Therian
|-unboost|p1a: Landorus-Therian|atk|1
|move|p1a: Landorus-Therian|Knock Off|p2a: Porygon2
|-damage|p2a: Porygon2|200\/374 tox
|-enditem|p2a: Porygon2|Eviolite|[from] move: Knock Off|[of] p1a: Landorus-Therian
|
|-damage|p2a: Porygon2|177\/374 tox|[from] psn
|turn|36
|
|move|p1a: Landorus-Therian|U-turn|p2a: Porygon2
|-damage|p2a: Porygon2|119\/374 tox
|c|âOPGGNORE|you should forfeit
|
|switch|p1a: Excadrill|Excadrill, M|414\/414
|-ability|p1a: Excadrill|Mold Breaker
|-item|p1a: Excadrill|Air Balloon
|move|p2a: Porygon2|Tri Attack|p1a: Excadrill
|-resisted|p1a: Excadrill
|-damage|p1a: Excadrill|345\/414
|-enditem|p1a: Excadrill|Air Balloon
|-status|p1a: Excadrill|frz
|
|-damage|p2a: Porygon2|73\/374 tox|[from] psn
|turn|37
|c|âOPGGNORE|you don't deserve to win
|c|âOPGGNORE|actually so lucky
|
|cant|p1a: Excadrill|frz
|move|p2a: Porygon2|Recover|p2a: Porygon2
|-heal|p2a: Porygon2|260\/374 tox
|
|-damage|p2a: Porygon2|191\/374 tox|[from] psn
|turn|38
|
|-curestatus|p1a: Excadrill|frz
|move|p1a: Excadrill|Iron Head|p2a: Porygon2
|-damage|p2a: Porygon2|46\/374 tox
|cant|p2a: Porygon2|flinch
|
|-damage|p2a: Porygon2|0 fnt|[from] psn
|faint|p2a: Porygon2
|
|switch|p2a: Landorus-Therian|Landorus-Therian, M|232\/319
|-damage|p2a: Landorus-Therian|193\/319|[from] Stealth Rock
|-ability|p2a: Landorus-Therian|Intimidate|[of] p1a: Excadrill
|-unboost|p1a: Excadrill|atk|1
|turn|39
|
|switch|p1a: Landorus-Therian|Landorus-Therian, M|227\/319
|-ability|p1a: Landorus-Therian|Intimidate|[of] p2a: Landorus-Therian
|-unboost|p2a: Landorus-Therian|atk|1
|move|p2a: Landorus-Therian|U-turn|p1a: Landorus-Therian
|-resisted|p1a: Landorus-Therian
|-damage|p1a: Landorus-Therian|195\/319
|
|switch|p2a: Slowbro|Slowbro, M|185\/394
|-damage|p2a: Slowbro|136\/394|[from] Stealth Rock
|-damage|p2a: Slowbro|87\/394|[from] Spikes
|
|turn|40
|
|switch|p2a: Tyranitar|Tyranitar, F|403\/403
|-damage|p2a: Tyranitar|353\/403|[from] Stealth Rock
|-damage|p2a: Tyranitar|303\/403|[from] Spikes
|-weather|Sandstorm
|move|p1a: Landorus-Therian|U-turn|p2a: Tyranitar
|-supereffective|p2a: Tyranitar
|-damage|p2a: Tyranitar|119\/403
|
|switch|p1a: Excadrill|Excadrill, M|345\/414
|-ability|p1a: Excadrill|Mold Breaker
|
|-weather|Sandstorm|[upkeep]
|turn|41
|
|switch|p1a: Heatran|Heatran, M|223\/386 par
|move|p2a: Tyranitar|Fire Blast|p1a: Heatran
|-start|p1a: Heatran|ability: Flash Fire
|
|-weather|Sandstorm|[upkeep]
|turn|42
|
|move|p2a: Tyranitar|Stone Edge|p1a: Heatran|[miss]
|-miss|p2a: Tyranitar|p1a: Heatran
|move|p1a: Heatran|Toxic|p2a: Tyranitar
|-status|p2a: Tyranitar|tox
|
|-weather|Sandstorm|[upkeep]
|-damage|p2a: Tyranitar|94\/403 tox|[from] psn
|turn|43
|
|move|p1a: Heatran|Protect|p1a: Heatran
|-singleturn|p1a: Heatran|Protect
|move|p2a: Tyranitar|Stone Edge|p1a: Heatran
|-activate|p1a: Heatran|Protect
|
|-weather|Sandstorm|[upkeep]
|-damage|p2a: Tyranitar|44\/403 tox|[from] psn
|turn|44
|
|move|p2a: Tyranitar|Fire Blast|p1a: Heatran
|-immune|p1a: Heatran|[msg]
|cant|p1a: Heatran|par
|
|-weather|none
|-damage|p2a: Tyranitar|0 fnt|[from] psn
|faint|p2a: Tyranitar
|join|TMasterPu
|
|switch|p2a: Landorus-Therian|Landorus-Therian, M|193\/319
|-damage|p2a: Landorus-Therian|154\/319|[from] Stealth Rock
|-ability|p2a: Landorus-Therian|Intimidate|[of] p1a: Heatran
|-unboost|p1a: Heatran|atk|1
|turn|45
|
|move|p1a: Heatran|Protect|p1a: Heatran
|-singleturn|p1a: Heatran|Protect
|move|p2a: Landorus-Therian|Earthquake|p1a: Heatran
|-activate|p1a: Heatran|Protect
|
|turn|46
|
|switch|p1a: Landorus-Therian|Landorus-Therian, M|195\/319
|-ability|p1a: Landorus-Therian|Intimidate|[of] p2a: Landorus-Therian
|-unboost|p2a: Landorus-Therian|atk|1
|move|p2a: Landorus-Therian|Earthquake|p1a: Landorus-Therian
|-immune|p1a: Landorus-Therian|[msg]
|
|turn|47
|
|move|p2a: Landorus-Therian|Earthquake|p1a: Landorus-Therian
|-immune|p1a: Landorus-Therian|[msg]
|move|p1a: Landorus-Therian|Stone Edge|p2a: Landorus-Therian
|-damage|p2a: Landorus-Therian|12\/319
|
|turn|48
|
|move|p2a: Landorus-Therian|Earthquake|p1a: Landorus-Therian
|-immune|p1a: Landorus-Therian|[msg]
|move|p1a: Landorus-Therian|Knock Off|p2a: Landorus-Therian
|-damage|p2a: Landorus-Therian|0 fnt
|-enditem|p2a: Landorus-Therian|Choice Scarf|[from] move: Knock Off|[of] p1a: Landorus-Therian
|faint|p2a: Landorus-Therian
|
|c|âOPGGNORE|gg nub
|
|switch|p2a: Slowbro|Slowbro, M|218\/394
|-damage|p2a: Slowbro|169\/394|[from] Spikes
|-damage|p2a: Slowbro|120\/394|[from] Stealth Rock
|turn|49
|c|âOPGGNORE|even with all your hax u lose
|c| TMasterPu|lol
|c| TMasterPu|sauhsa
|
|detailschange|p2a: Slowbro|Slowbro-Mega, M
|-mega|p2a: Slowbro|Slowbro|Slowbronite
|move|p1a: Landorus-Therian|Knock Off|p2a: Slowbro
|-supereffective|p2a: Slowbro
|-damage|p2a: Slowbro|6\/394
|move|p2a: Slowbro|Slack Off|p2a: Slowbro
|-heal|p2a: Slowbro|203\/394
|
|turn|50
|c| TMasterPu|cara te chamou de nob
|c|ânintendistagamer|eu calculei
|c|âOPGGNORE|OH SHIT
|c| TMasterPu|mosntra pra ele o poder
|c|âOPGGNORE|LOL
|c| TMasterPu|sahuihsa
|c|ânintendistagamer|que ia sobreviver a isso
|c| TMasterPu|do slowbro
|c|ânintendistagamer|eu calculei antes
|c| TMasterPu|e esfrega na cara dele
|c| TMasterPu|sahuisahausihsa
|
|move|p1a: Landorus-Therian|U-turn|p2a: Slowbro
|-supereffective|p2a: Slowbro
|-damage|p2a: Slowbro|89\/394
|c|ânintendistagamer|por issi deixei o landorus matar meu landorus
|
|switch|p1a: Heatran|Heatran, M|223\/386 par
|move|p2a: Slowbro|Slack Off|p2a: Slowbro
|-heal|p2a: Slowbro|286\/394
|
|turn|51
|c| TMasterPu|soca calm mind agora
|c| TMasterPu|sahiusahusha
|
|move|p2a: Slowbro|Scald|p1a: Heatran
|-supereffective|p1a: Heatran
|-damage|p1a: Heatran|55\/386 par
|move|p1a: Heatran|Toxic|p2a: Slowbro
|-status|p2a: Slowbro|tox
|
|-damage|p2a: Slowbro|262\/394 tox|[from] psn
|turn|52
|c|ânintendistagamer|nÃ£o da
|c| TMasterPu|vixe
|c|ânintendistagamer|:(
|c|ânintendistagamer|ele tem isso
|c| TMasterPu|vai te q matar
|c| TMasterPu|tod agora antes q acabe o toxic
|c| TMasterPu|sahusha
|
|move|p1a: Heatran|Protect|p1a: Heatran
|-singleturn|p1a: Heatran|Protect
|move|p2a: Slowbro|Slack Off|p2a: Slowbro
|-heal|p2a: Slowbro|394\/394 tox
|
|-damage|p2a: Slowbro|346\/394 tox|[from] psn
|turn|53
|
|move|p2a: Slowbro|Scald|p1a: Heatran
|-supereffective|p1a: Heatran
|-damage|p1a: Heatran|0 fnt
|faint|p1a: Heatran
|
|-damage|p2a: Slowbro|274\/394 tox|[from] psn
|
|switch|p1a: Excadrill|Excadrill, M|345\/414
|-ability|p1a: Excadrill|Mold Breaker
|turn|54
|
|move|p1a: Excadrill|Earthquake|p2a: Slowbro
|-damage|p2a: Slowbro|154\/394 tox
|move|p2a: Slowbro|Scald|p1a: Excadrill
|-supereffective|p1a: Excadrill
|-damage|p1a: Excadrill|1\/414
|-status|p1a: Excadrill|brn
|
|-damage|p1a: Excadrill|0 fnt|[from] brn
|-damage|p2a: Slowbro|58\/394 tox|[from] psn
|faint|p1a: Excadrill
|c|âOPGGNORE|WOW
|c|ânintendistagamer|but is gg
|c|âOPGGNORE|GG
|
|switch|p1a: Landorus-Therian|Landorus-Therian, M|195\/319
|-ability|p1a: Landorus-Therian|Intimidate|[of] p2a: Slowbro
|-unboost|p2a: Slowbro|atk|1
|turn|55
|
|move|p1a: Landorus-Therian|Earthquake|p2a: Slowbro
|-damage|p2a: Slowbro|0 fnt
|faint|p2a: Slowbro
|
|win|OPGGNORE
|raw|Ladder updating...
|c|ânintendistagamer|i not a noob