|join|OPGGNORE
|join|teuz1
|player|p1|OPGGNORE|170
|player|p2|teuz1|17
|gametype|singles
|gen|6
|tier|OU (suspect test)
|rated
|clearpoke
|poke|p1|Scizor, F
|poke|p1|Keldeo-Resolute
|poke|p1|Mandibuzz, F
|poke|p1|Chansey, F
|poke|p1|Landorus-Therian, M
|poke|p1|Sylveon, F
|poke|p2|Absol, M
|poke|p2|Azumarill, F
|poke|p2|Talonflame, M
|poke|p2|Scizor, F
|poke|p2|Rotom-Wash
|poke|p2|Conkeldurr, F
|rule|Swagger Clause: Swagger is banned
|rule|Baton Pass Clause: Limit one PokÃ©mon knowing Baton Pass
|rule|Sleep Clause Mod: Limit one foe put to sleep
|rule|Species Clause: Limit one of each PokÃ©mon
|rule|OHKO Clause: OHKO moves are banned
|rule|Moody Clause: Moody is banned
|rule|Evasion Moves Clause: Evasion moves are banned
|rule|Endless Battle Clause: Forcing endless battles is banned
|rule|HP Percentage Mod: HP is shown in percentages
|teampreview
|
|start
|switch|p1a: Sylveon|Sylveon, F|394\/394
|switch|p2a: Rotom-Wash|Rotom-Wash|304\/304
|turn|1
|
|move|p2a: Rotom-Wash|Volt Switch|p1a: Sylveon
|-damage|p1a: Sylveon|328\/394
|
|switch|p2a: Conkeldurr|Conkeldurr, F|413\/413
|move|p1a: Sylveon|Hyper Voice|p2a: Conkeldurr
|-supereffective|p2a: Conkeldurr
|-damage|p2a: Conkeldurr|0 fnt
|faint|p2a: Conkeldurr
|
|c|âteuz1|that misclick
|c|âteuz1|lol
|
|switch|p2a: Scizor|Scizor, F|343\/343
|turn|2
|c|âOPGGNORE|scizor instead?
|
|switch|p1a: Mandibuzz|Mandibuzz, F|424\/424
|move|p2a: Scizor|Bullet Punch|p1a: Mandibuzz
|-damage|p1a: Mandibuzz|312\/424
|
|-heal|p1a: Mandibuzz|338\/424|[from] item: Leftovers
|turn|3
|c|âteuz1|yessir
|c|âOPGGNORE|damn that sucks
|
|switch|p2a: Absol|Absol, M|271\/271
|move|p1a: Mandibuzz|Toxic|p2a: Absol
|-status|p2a: Absol|tox
|
|-heal|p1a: Mandibuzz|364\/424|[from] item: Leftovers
|-damage|p2a: Absol|255\/271 tox|[from] psn
|turn|4
|
|switch|p1a: Chansey|Chansey, F|704\/704
|detailschange|p2a: Absol|Absol-Mega, M
|-mega|p2a: Absol|Absol|Absolite
|move|p2a: Absol|Knock Off|p1a: Chansey
|-damage|p1a: Chansey|431\/704
|-enditem|p1a: Chansey|Eviolite|[from] move: Knock Off|[of] p2a: Absol
|
|-damage|p2a: Absol|223\/271 tox|[from] psn
|turn|5
|
|move|p2a: Absol|Swords Dance|p2a: Absol
|-boost|p2a: Absol|atk|2
|move|p1a: Chansey|Soft-Boiled|p1a: Chansey
|-heal|p1a: Chansey|704\/704
|
|-damage|p2a: Absol|175\/271 tox|[from] psn
|turn|6
|
|move|p2a: Absol|Superpower|p1a: Chansey
|-supereffective|p1a: Chansey
|-damage|p1a: Chansey|0 fnt
|-unboost|p2a: Absol|atk|1
|-unboost|p2a: Absol|def|1
|faint|p1a: Chansey
|
|-damage|p2a: Absol|111\/271 tox|[from] psn
|c|âOPGGNORE|ow
|
|switch|p1a: Scizor|Scizor, F|281\/281
|turn|7
|
|switch|p2a: Scizor|Scizor, F|343\/343
|detailschange|p1a: Scizor|Scizor-Mega, F
|-mega|p1a: Scizor|Scizor|Scizorite
|move|p1a: Scizor|Swords Dance|p1a: Scizor
|-boost|p1a: Scizor|atk|2
|
|turn|8
|
|move|p1a: Scizor|Swords Dance|p1a: Scizor
|-boost|p1a: Scizor|atk|2
|move|p2a: Scizor|Superpower|p1a: Scizor
|-damage|p1a: Scizor|120\/281
|-unboost|p2a: Scizor|atk|1
|-unboost|p2a: Scizor|def|1
|
|turn|9
|c|âteuz1|this is trouble
|
|move|p1a: Scizor|Knock Off|p2a: Scizor
|-damage|p2a: Scizor|0 fnt
|-enditem|p2a: Scizor|Choice Band|[from] move: Knock Off|[of] p1a: Scizor
|faint|p2a: Scizor
|
|c|âOPGGNORE|not really
|
|switch|p2a: Talonflame|Talonflame, M|312\/312
|turn|10
|
|switch|p1a: Landorus-Therian|Landorus-Therian, M|320\/320
|-ability|p1a: Landorus-Therian|Intimidate|[of] p2a: Talonflame
|-unboost|p2a: Talonflame|atk|1
|move|p2a: Talonflame|Brave Bird|p1a: Landorus-Therian
|-damage|p1a: Landorus-Therian|193\/320
|-damage|p2a: Talonflame|270\/312|[from] recoil|[of] p1a: Landorus-Therian
|
|-heal|p2a: Talonflame|289\/312|[from] item: Leftovers
|turn|11
|c|âOPGGNORE|this is trouble
|
|switch|p2a: Rotom-Wash|Rotom-Wash|304\/304
|move|p1a: Landorus-Therian|Stone Edge|p2a: Rotom-Wash
|-damage|p2a: Rotom-Wash|202\/304
|
|-heal|p2a: Rotom-Wash|221\/304|[from] item: Leftovers
|turn|12
|c|âOPGGNORE|or nt
|
|switch|p1a: Sylveon|Sylveon, F|328\/394
|move|p2a: Rotom-Wash|Will-O-Wisp|p1a: Sylveon
|-status|p1a: Sylveon|brn
|
|-heal|p2a: Rotom-Wash|240\/304|[from] item: Leftovers
|-damage|p1a: Sylveon|279\/394 brn|[from] brn
|turn|13
|c|âOPGGNORE|wrong move
|c|âOPGGNORE|something dies
|
|move|p2a: Rotom-Wash|Volt Switch|p1a: Sylveon
|-damage|p1a: Sylveon|213\/394 brn
|
|switch|p2a: Azumarill|Azumarill, F|404\/404
|move|p1a: Sylveon|Hyper Voice|p2a: Azumarill
|-damage|p2a: Azumarill|59\/404
|-enditem|p2a: Azumarill|Sitrus Berry|[eat]
|-heal|p2a: Azumarill|160\/404|[from] item: Sitrus Berry
|
|-damage|p1a: Sylveon|164\/394 brn|[from] brn
|turn|14
|c|âteuz1|o
|c|âteuz1|does fairy not resist
|c|âteuz1|lol
|
|move|p2a: Azumarill|Aqua Jet|p1a: Sylveon
|-damage|p1a: Sylveon|38\/394 brn
|move|p1a: Sylveon|Hyper Voice|p2a: Azumarill
|-damage|p2a: Azumarill|0 fnt
|faint|p2a: Azumarill
|
|-damage|p1a: Sylveon|0 fnt|[from] brn
|faint|p1a: Sylveon
|c|âOPGGNORE|you new to this?
|c|âteuz1|i dont normally use fairy
|
|switch|p1a: Keldeo-Resolute|Keldeo-Resolute|324\/324
|switch|p2a: Talonflame|Talonflame, M|289\/312
|turn|15
|
|switch|p1a: Mandibuzz|Mandibuzz, F|364\/424
|move|p2a: Talonflame|Brave Bird|p1a: Mandibuzz
|-damage|p1a: Mandibuzz|250\/424
|-damage|p2a: Talonflame|251\/312|[from] recoil|[of] p1a: Mandibuzz
|
|-heal|p2a: Talonflame|270\/312|[from] item: Leftovers
|-heal|p1a: Mandibuzz|276\/424|[from] item: Leftovers
|turn|16
|c|âteuz1|new to gen 6
|c|âOPGGNORE|same
|
|switch|p2a: Absol|Absol-Mega, M|111\/271 tox
|move|p1a: Mandibuzz|Foul Play|p2a: Absol
|-resisted|p2a: Absol
|-damage|p2a: Absol|0 fnt
|faint|p2a: Absol
|
|-heal|p1a: Mandibuzz|302\/424|[from] item: Leftovers
|
|switch|p2a: Talonflame|Talonflame, M|270\/312
|turn|17
|
|move|p2a: Talonflame|Brave Bird|p1a: Mandibuzz
|-damage|p1a: Mandibuzz|182\/424
|-damage|p2a: Talonflame|230\/312|[from] recoil|[of] p1a: Mandibuzz
|move|p1a: Mandibuzz|Foul Play|p2a: Talonflame
|-damage|p2a: Talonflame|44\/312
|
|-heal|p2a: Talonflame|63\/312|[from] item: Leftovers
|-heal|p1a: Mandibuzz|208\/424|[from] item: Leftovers
|turn|18
|c|âteuz1|think you won
|c|âteuz1|gg
|c|âOPGGNORE|yeh
|c|âOPGGNORE|gg
|
|move|p2a: Talonflame|Flare Blitz|p1a: Mandibuzz
|-damage|p1a: Mandibuzz|81\/424
|-damage|p2a: Talonflame|21\/312|[from] recoil|[of] p1a: Mandibuzz
|move|p1a: Mandibuzz|Foul Play|p2a: Talonflame
|-crit|p2a: Talonflame
|-damage|p2a: Talonflame|0 fnt
|faint|p2a: Talonflame
|
|-heal|p1a: Mandibuzz|107\/424|[from] item: Leftovers
|
|switch|p2a: Rotom-Wash|Rotom-Wash|240\/304
|turn|19
|
|move|p2a: Rotom-Wash|Volt Switch|p1a: Mandibuzz
|-supereffective|p1a: Mandibuzz
|-damage|p1a: Mandibuzz|0 fnt
|faint|p1a: Mandibuzz
|
|-heal|p2a: Rotom-Wash|259\/304|[from] item: Leftovers
|
|switch|p1a: Landorus-Therian|Landorus-Therian, M|193\/320
|-ability|p1a: Landorus-Therian|Intimidate|[of] p2a: Rotom-Wash
|-unboost|p2a: Rotom-Wash|atk|1
|turn|20
|
|move|p1a: Landorus-Therian|Knock Off|p2a: Rotom-Wash
|-damage|p2a: Rotom-Wash|159\/304
|-enditem|p2a: Rotom-Wash|Leftovers|[from] move: Knock Off|[of] p1a: Landorus-Therian
|move|p2a: Rotom-Wash|Hydro Pump|p1a: Landorus-Therian
|-supereffective|p1a: Landorus-Therian
|-damage|p1a: Landorus-Therian|0 fnt
|faint|p1a: Landorus-Therian
|
|
|switch|p1a: Scizor|Scizor-Mega, F|120\/281
|turn|21
|
|move|p1a: Scizor|Superpower|p2a: Rotom-Wash
|-damage|p2a: Rotom-Wash|39\/304
|-unboost|p1a: Scizor|atk|1
|-unboost|p1a: Scizor|def|1
|move|p2a: Rotom-Wash|Hydro Pump|p1a: Scizor
|-damage|p1a: Scizor|0 fnt
|faint|p1a: Scizor
|
|
|switch|p1a: Keldeo-Resolute|Keldeo-Resolute|324\/324
|turn|22
|
|move|p1a: Keldeo-Resolute|Secret Sword|p2a: Rotom-Wash
|-damage|p2a: Rotom-Wash|0 fnt
|faint|p2a: Rotom-Wash
|
|win|OPGGNORE
|raw|Ladder updating...
|raw|OPGGNORE's rating: 1213 &rarr; <strong>1232<\/strong><br \/>(+19 for winning)
|raw|teuz1's rating: 1124 &rarr; <strong>1105<\/strong><br \/>(-19 for losing)