|join|Reverb
|join|supzard
|player|p1|Reverb|#reverb
|player|p2|supzard|209
|gametype|singles
|gen|6
|tier|OU
|rated
|clearpoke
|poke|p1|Empoleon, F
|poke|p1|Tyranitar, M
|poke|p1|Charizard, M
|poke|p1|Keldeo
|poke|p1|Virizion
|poke|p1|Landorus-Therian, M
|poke|p2|Diggersby, M
|poke|p2|Thundurus-Therian, M
|poke|p2|Latios, M
|poke|p2|Bisharp, M
|poke|p2|Altaria, M
|poke|p2|Mamoswine, F
|rule|Swagger Clause: Swagger is banned
|rule|Baton Pass Clause: Limit one PokÃ©mon knowing Baton Pass
|rule|Sleep Clause Mod: Limit one foe put to sleep
|rule|Species Clause: Limit one of each PokÃ©mon
|rule|OHKO Clause: OHKO moves are banned
|rule|Moody Clause: Moody is banned
|rule|Evasion Moves Clause: Evasion moves are banned
|rule|Endless Battle Clause: Forcing endless battles is banned
|rule|HP Percentage Mod: HP is shown in percentages
|teampreview
|join|Bisharp-Mega
|join|Alvadora
|c| Alvadora|virizion
|join|Yuttt.mackerel
|c| Alvadora|did bloodz convinced you to put it?
|c|âReverb|n
|
|start
|switch|p1a: Keldeo|Keldeo|323\/323
|switch|p2a: Thundurus-Therian|Thundurus-Therian, M|299\/299
|turn|1
|c|âReverb|i just looked for bulky grass types
|c| Yuttt.mackerel|torterra
|c|âReverb|that dont suck
|
|switch|p1a: Virizion|Virizion|386\/386
|move|p2a: Thundurus-Therian|Volt Switch|p1a: Virizion
|-resisted|p1a: Virizion
|-damage|p1a: Virizion|348\/386
|c| Bisharp-Mega|av virizion?
|join|belgrade
|
|switch|p2a: Altaria|Altaria, M|291\/291
|
|turn|2
|
|switch|p1a: Empoleon|Empoleon, F|371\/371
|detailschange|p2a: Altaria|Altaria-Mega, M
|-mega|p2a: Altaria|Altaria|Altarianite
|move|p2a: Altaria|Frustration|p1a: Empoleon
|-resisted|p1a: Empoleon
|-damage|p1a: Empoleon|284\/371
|
|-heal|p1a: Empoleon|307\/371|[from] item: Leftovers
|turn|3
|join|FNH
|join|DragonTamer99
|c| Bisharp-Mega|virizion has nice spdef
|leave|FNH
|
|switch|p2a: Thundurus-Therian|Thundurus-Therian, M|299\/299
|move|p1a: Empoleon|Stealth Rock|p2a: Thundurus-Therian
|-sidestart|p2: supzard|move: Stealth Rock
|
|-heal|p1a: Empoleon|330\/371|[from] item: Leftovers
|turn|4
|leave|Yuttt.mackerel
|
|switch|p1a: Virizion|Virizion|348\/386
|move|p2a: Thundurus-Therian|Hidden Power|p1a: Virizion
|-supereffective|p1a: Virizion
|-damage|p1a: Virizion|270\/386
|
|turn|5
|c| Alvadora|if only
|c| Alvadora|hp fly
|
|switch|p2a: Latios|Latios, M|301\/301
|-damage|p2a: Latios|264\/301|[from] Stealth Rock
|move|p1a: Virizion|Sacred Sword|p2a: Latios
|-crit|p2a: Latios
|-resisted|p2a: Latios
|-damage|p2a: Latios|180\/301
|
|turn|6
|join|Bronzorgasm
|
|switch|p1a: Tyranitar|Tyranitar, M|383\/383
|-weather|Sandstorm
|move|p2a: Latios|Defog|p1a: Tyranitar
|-unboost|p1a: Tyranitar|evasion|1
|-sideend|p2: supzard|Stealth Rock|[from] move: Defog|[of] p2a: Latios
|
|-weather|Sandstorm|[upkeep]
|-damage|p2a: Latios|162\/301|[from] sandstorm
|turn|7
|
|move|p2a: Latios|Draco Meteor|p1a: Tyranitar
|-damage|p1a: Tyranitar|196\/383
|-unboost|p2a: Latios|spa|2
|-damage|p2a: Latios|132\/301|[from] item: Life Orb
|move|p1a: Tyranitar|Pursuit|p2a: Latios
|-supereffective|p2a: Latios
|-damage|p2a: Latios|0 fnt
|faint|p2a: Latios
|
|-weather|Sandstorm|[upkeep]
|join|Like me 2
|join|haunter
|
|switch|p2a: Diggersby|Diggersby, M|311\/311
|turn|8
|join|i got u m8
|
|switch|p1a: Landorus-Therian|Landorus-Therian, M|327\/327
|-ability|p1a: Landorus-Therian|Intimidate|[of] p2a: Diggersby
|-unboost|p2a: Diggersby|atk|1
|move|p2a: Diggersby|Frustration|p1a: Landorus-Therian
|-damage|p1a: Landorus-Therian|119\/327
|-damage|p2a: Diggersby|280\/311|[from] item: Life Orb
|
|-weather|Sandstorm|[upkeep]
|turn|9
|join|BiGGiE
|join|asdifuln
|
|move|p1a: Landorus-Therian|Earthquake|p2a: Diggersby
|-damage|p2a: Diggersby|40\/311
|move|p2a: Diggersby|Frustration|p1a: Landorus-Therian
|-crit|p1a: Landorus-Therian
|-damage|p1a: Landorus-Therian|0 fnt
|-damage|p2a: Diggersby|9\/311|[from] item: Life Orb
|faint|p1a: Landorus-Therian
|
|-weather|Sandstorm|[upkeep]
|c| Bronzorgasm|nothing more deadly than a frustrated rabbit
|
|switch|p1a: Charizard|Charizard, M|297\/297
|turn|10
|c| DragonTamer99|diggersby tho
|
|detailschange|p1a: Charizard|Charizard-Mega-Y, M
|-mega|p1a: Charizard|Charizard|Charizardite Y
|-weather|SunnyDay
|move|p2a: Diggersby|Quick Attack|p1a: Charizard
|-damage|p1a: Charizard|190\/297
|-damage|p2a: Diggersby|0 fnt|[from] item: Life Orb
|faint|p2a: Diggersby
|move|p1a: Charizard|Flamethrower|p2: Diggersby|[notarget]
|-notarget
|
|-weather|SunnyDay|[upkeep]
|c| Bronzorgasm|I want fists for ears
|leave|DragonTamer99
|
|switch|p2a: Thundurus-Therian|Thundurus-Therian, M|299\/299
|turn|11
|join|DragonTamer99
|c|@BiGGiE|your ears are already as big as fists
|
|switch|p1a: Virizion|Virizion|270\/386
|move|p2a: Thundurus-Therian|Volt Switch|p1a: Virizion
|-resisted|p1a: Virizion
|-damage|p1a: Virizion|237\/386
|
|switch|p2a: Altaria|Altaria-Mega, M|291\/291
|
|-weather|SunnyDay|[upkeep]
|turn|12
|c| Bronzorgasm|helps me hear better
|leave|Bisharp-Mega
|
|switch|p1a: Empoleon|Empoleon, F|330\/371
|move|p2a: Altaria|Frustration|p1a: Empoleon
|-resisted|p1a: Empoleon
|-damage|p1a: Empoleon|249\/371
|
|-weather|SunnyDay|[upkeep]
|-heal|p1a: Empoleon|272\/371|[from] item: Leftovers
|turn|13
|c| DragonTamer99|**praise** BiGGiE
|
|switch|p2a: Mamoswine|Mamoswine, F|361\/361
|move|p1a: Empoleon|Stealth Rock|p2a: Mamoswine
|-sidestart|p2: supzard|move: Stealth Rock
|
|-weather|SunnyDay|[upkeep]
|-heal|p1a: Empoleon|295\/371|[from] item: Leftovers
|turn|14
|join|sallmo
|
|switch|p1a: Charizard|Charizard-Mega-Y, M|190\/297
|move|p2a: Mamoswine|Stealth Rock|p1a: Charizard
|-sidestart|p1: Reverb|move: Stealth Rock
|
|-weather|none
|turn|15
|
|move|p2a: Mamoswine|Ice Shard|p1a: Charizard
|-damage|p1a: Charizard|96\/297
|move|p1a: Charizard|Flamethrower|p2a: Mamoswine
|-supereffective|p2a: Mamoswine
|-enditem|p2a: Mamoswine|Focus Sash
|-damage|p2a: Mamoswine|1\/361
|
|turn|16
|
|move|p1a: Charizard|Flamethrower|p2a: Mamoswine
|-supereffective|p2a: Mamoswine
|-damage|p2a: Mamoswine|0 fnt
|faint|p2a: Mamoswine
|
|join|boltsandbombers
|join|Bisharp-Mega
|c| boltsandbombers|woah virizion
|
|switch|p2a: Altaria|Altaria-Mega, M|291\/291
|-damage|p2a: Altaria|255\/291|[from] Stealth Rock
|turn|17
|c| Bronzorgasm|thundurus counter
|c| boltsandbombers|hp flying tho
|c| Bronzorgasm|lol
|c| Bronzorgasm|what thundurus runs HP fly?
|
|switch|p1a: Empoleon|Empoleon, F|295\/371
|-damage|p1a: Empoleon|272\/371|[from] Stealth Rock
|move|p2a: Altaria|Dragon Dance|p2a: Altaria
|-boost|p2a: Altaria|atk|1
|-boost|p2a: Altaria|spe|1
|
|-heal|p1a: Empoleon|295\/371|[from] item: Leftovers
|turn|18
|c| Bisharp-Mega|thundurus needs a special flying attack
|c| Bronzorgasm|no it doesn't
|
|move|p2a: Altaria|Earthquake|p1a: Empoleon
|-supereffective|p1a: Empoleon
|-damage|p1a: Empoleon|57\/371
|move|p1a: Empoleon|Roar|p2a: Altaria
|drag|p2a: Thundurus-Therian|Thundurus-Therian, M|299\/299
|-damage|p2a: Thundurus-Therian|225\/299|[from] Stealth Rock
|
|-heal|p1a: Empoleon|80\/371|[from] item: Leftovers
|turn|19
|c| Bronzorgasm|maybe air cutter
|c| boltsandbombers|nah, its just helpful
|c| boltsandbombers|air cutter .-.
|
|switch|p1a: Charizard|Charizard-Mega-Y, M|96\/297
|-damage|p1a: Charizard|0 fnt|[from] Stealth Rock
|faint|p1a: Charizard
|move|p2a: Thundurus-Therian|Volt Switch|p1: Charizard|[notarget]
|-notarget
|
|
|switch|p1a: Tyranitar|Tyranitar, M|196\/383
|-damage|p1a: Tyranitar|149\/383|[from] Stealth Rock
|-weather|Sandstorm
|turn|20
|c| Bisharp-Mega|air slash?
|c|âsupzard|gust
|c| Bisharp-Mega|aeroblast
|
|move|p2a: Thundurus-Therian|Volt Switch|p1a: Tyranitar
|-damage|p1a: Tyranitar|56\/383
|
|switch|p2a: Bisharp|Bisharp, M|290\/290
|-damage|p2a: Bisharp|272\/290|[from] Stealth Rock
|move|p1a: Tyranitar|Stone Edge|p2a: Bisharp
|-crit|p2a: Bisharp
|-resisted|p2a: Bisharp
|-damage|p2a: Bisharp|32\/290
|
|-weather|Sandstorm|[upkeep]
|turn|21
|
|move|p2a: Bisharp|Knock Off|p1a: Tyranitar
|-resisted|p1a: Tyranitar
|-damage|p1a: Tyranitar|0 fnt
|-enditem|p1a: Tyranitar|Choice Band|[from] move: Knock Off|[of] p2a: Bisharp
|-damage|p2a: Bisharp|3\/290|[from] item: Life Orb
|faint|p1a: Tyranitar
|
|-weather|Sandstorm|[upkeep]
|
|switch|p1a: Keldeo|Keldeo|323\/323
|-damage|p1a: Keldeo|303\/323|[from] Stealth Rock
|turn|22
|join|nathaaan
|leave|BiGGiE
|
|move|p1a: Keldeo|Icy Wind|p2a: Bisharp
|-resisted|p2a: Bisharp
|-damage|p2a: Bisharp|0 fnt
|faint|p2a: Bisharp
|
|-weather|Sandstorm|[upkeep]
|-damage|p1a: Keldeo|283\/323|[from] sandstorm
|join|Shussei
|
|switch|p2a: Altaria|Altaria-Mega, M|255\/291
|-damage|p2a: Altaria|219\/291|[from] Stealth Rock
|turn|23
|
|move|p1a: Keldeo|Icy Wind|p2a: Altaria
|-supereffective|p2a: Altaria
|-damage|p2a: Altaria|19\/291
|-unboost|p2a: Altaria|spe|1
|move|p2a: Altaria|Frustration|p1a: Keldeo
|-crit|p1a: Keldeo
|-supereffective|p1a: Keldeo
|-damage|p1a: Keldeo|0 fnt
|faint|p1a: Keldeo
|
|-weather|Sandstorm|[upkeep]
|-damage|p2a: Altaria|1\/291|[from] sandstorm
|
|switch|p1a: Virizion|Virizion|237\/386
|-damage|p1a: Virizion|213\/386|[from] Stealth Rock
|turn|24
|c| Bronzorgasm|frustrated clouds and frustrated bunnies
|c| Bronzorgasm|scary
|
|move|p1a: Virizion|Sacred Sword|p2a: Altaria
|-resisted|p2a: Altaria
|-damage|p2a: Altaria|0 fnt
|faint|p2a: Altaria
|
|-weather|none
|
|switch|p2a: Thundurus-Therian|Thundurus-Therian, M|225\/299
|-damage|p2a: Thundurus-Therian|151\/299|[from] Stealth Rock
|turn|25
|
|move|p2a: Thundurus-Therian|Thunderbolt|p1a: Virizion
|-resisted|p1a: Virizion
|-damage|p1a: Virizion|167\/386
|move|p1a: Virizion|Hidden Power|p2a: Thundurus-Therian
|-supereffective|p2a: Thundurus-Therian
|-damage|p2a: Thundurus-Therian|41\/299
|
|turn|26
|
|move|p2a: Thundurus-Therian|Thunderbolt|p1a: Virizion
|-resisted|p1a: Virizion
|-damage|p1a: Virizion|122\/386
|move|p1a: Virizion|Hidden Power|p2a: Thundurus-Therian
|-supereffective|p2a: Thundurus-Therian
|-damage|p2a: Thundurus-Therian|0 fnt
|faint|p2a: Thundurus-Therian
|
|win|Reverb
|raw|Ladder updating...
|raw|Reverb's rating: 1693 &rarr; <strong>1703<\/strong><br \/>(+10 for winning)
|raw|supzard's rating: 1497 &rarr; <strong>1488<\/strong><br \/>(-9 for losing)
|c|âReverb|gg
|leave|haunter
|leave|Bronzorgasm
|leave|asdifuln
|c|âsupzard|gg
|leave|nathaaan