|join|Reverb
|join|Jarid
|player|p1|Reverb|#reverb
|player|p2|Jarid|248
|gametype|singles
|gen|6
|tier|OU
|rated
|clearpoke
|poke|p1|Empoleon, M
|poke|p1|Tyranitar, F
|poke|p1|Charizard, M
|poke|p1|Keldeo
|poke|p1|Kyurem-Black
|poke|p1|Landorus-Therian, M
|poke|p2|Gyarados, M
|poke|p2|Gengar, F
|poke|p2|Tyranitar, M
|poke|p2|Gothitelle, M
|poke|p2|Landorus-Therian, M
|poke|p2|Heatran, F
|rule|Swagger Clause: Swagger is banned
|rule|Baton Pass Clause: Limit one PokÃ©mon knowing Baton Pass
|rule|Sleep Clause Mod: Limit one foe put to sleep
|rule|Species Clause: Limit one of each PokÃ©mon
|rule|OHKO Clause: OHKO moves are banned
|rule|Moody Clause: Moody is banned
|rule|Evasion Moves Clause: Evasion moves are banned
|rule|Endless Battle Clause: Forcing endless battles is banned
|rule|HP Percentage Mod: HP is shown in percentages
|teampreview
|join|Escavalier
|join|I Iike Squirtles
|join|3GM
|join|Eric Wrona
|
|start
|switch|p1a: Charizard|Charizard, M|297\/297
|switch|p2a: Landorus-Therian|Landorus-Therian, M|319\/319
|-ability|p2a: Landorus-Therian|Intimidate|[of] p1a: Charizard
|-unboost|p1a: Charizard|atk|1
|turn|1
|c| 3GM|oh this team again
|join|Qubae
|c| 3GM|love it
|
|switch|p1a: Landorus-Therian|Landorus-Therian, M|327\/327
|-ability|p1a: Landorus-Therian|Intimidate|[of] p2a: Landorus-Therian
|-unboost|p2a: Landorus-Therian|atk|1
|move|p2a: Landorus-Therian|Stone Edge|p1a: Landorus-Therian|[miss]
|-miss|p2a: Landorus-Therian|p1a: Landorus-Therian
|
|turn|2
|
|switch|p2a: Heatran|Heatran, F|323\/323
|move|p1a: Landorus-Therian|U-turn|p2a: Heatran
|-resisted|p2a: Heatran
|-damage|p2a: Heatran|302\/323
|
|switch|p1a: Keldeo|Keldeo|323\/323
|
|-heal|p2a: Heatran|322\/323|[from] item: Leftovers
|turn|3
|
|move|p1a: Keldeo|Scald|p2a: Heatran
|-supereffective|p2a: Heatran
|-damage|p2a: Heatran|0 fnt
|faint|p2a: Heatran
|
|
|switch|p2a: Gothitelle|Gothitelle, M|302\/302
|turn|4
|
|move|p1a: Keldeo|Scald|p2a: Gothitelle
|-crit|p2a: Gothitelle
|-damage|p2a: Gothitelle|28\/302
|move|p2a: Gothitelle|Psychic|p1a: Keldeo
|-supereffective|p1a: Keldeo
|-damage|p1a: Keldeo|0 fnt
|faint|p1a: Keldeo
|
|join|kenichaw
|
|switch|p1a: Empoleon|Empoleon, M|371\/371
|turn|5
|
|switch|p2a: Tyranitar|Tyranitar, M|383\/383
|-weather|Sandstorm
|move|p1a: Empoleon|Stealth Rock|p2a: Tyranitar
|-sidestart|p2: Jarid|move: Stealth Rock
|
|-weather|Sandstorm|[upkeep]
|turn|6
|
|move|p2a: Tyranitar|Earthquake|p1a: Empoleon
|-supereffective|p1a: Empoleon
|-damage|p1a: Empoleon|169\/371
|move|p1a: Empoleon|Scald|p2a: Tyranitar
|-supereffective|p2a: Tyranitar
|-damage|p2a: Tyranitar|293\/383
|-status|p2a: Tyranitar|brn
|
|-weather|Sandstorm|[upkeep]
|-heal|p1a: Empoleon|192\/371|[from] item: Leftovers
|-damage|p2a: Tyranitar|246\/383 brn|[from] brn
|turn|7
|
|move|p2a: Tyranitar|Earthquake|p1a: Empoleon
|-supereffective|p1a: Empoleon
|-damage|p1a: Empoleon|80\/371
|move|p1a: Empoleon|Scald|p2a: Tyranitar
|-supereffective|p2a: Tyranitar
|-damage|p2a: Tyranitar|118\/383 brn
|
|-weather|Sandstorm|[upkeep]
|-heal|p1a: Empoleon|103\/371|[from] item: Leftovers
|-damage|p2a: Tyranitar|71\/383 brn|[from] brn
|turn|8
|
|move|p2a: Tyranitar|Earthquake|p1a: Empoleon
|-supereffective|p1a: Empoleon
|-damage|p1a: Empoleon|0 fnt
|faint|p1a: Empoleon
|
|-weather|Sandstorm|[upkeep]
|-damage|p2a: Tyranitar|24\/383 brn|[from] brn
|
|switch|p1a: Charizard|Charizard, M|297\/297
|turn|9
|
|detailschange|p1a: Charizard|Charizard-Mega-Y, M
|-mega|p1a: Charizard|Charizard|Charizardite Y
|-weather|SunnyDay
|move|p1a: Charizard|Flamethrower|p2a: Tyranitar
|-resisted|p2a: Tyranitar
|-damage|p2a: Tyranitar|0 fnt
|faint|p2a: Tyranitar
|
|-weather|SunnyDay|[upkeep]
|c|âReverb|was that av ttar?
|
|switch|p2a: Landorus-Therian|Landorus-Therian, M|319\/319
|-damage|p2a: Landorus-Therian|280\/319|[from] Stealth Rock
|-ability|p2a: Landorus-Therian|Intimidate|[of] p1a: Charizard
|-unboost|p1a: Charizard|atk|1
|turn|10
|
|switch|p1a: Landorus-Therian|Landorus-Therian, M|327\/327
|-ability|p1a: Landorus-Therian|Intimidate|[of] p2a: Landorus-Therian
|-unboost|p2a: Landorus-Therian|atk|1
|move|p2a: Landorus-Therian|Stone Edge|p1a: Landorus-Therian
|-crit|p1a: Landorus-Therian
|-damage|p1a: Landorus-Therian|97\/327
|
|-weather|SunnyDay|[upkeep]
|turn|11
|join|Alkov
|
|switch|p2a: Gothitelle|Gothitelle, M|28\/302
|-damage|p2a: Gothitelle|0 fnt|[from] Stealth Rock
|faint|p2a: Gothitelle
|move|p1a: Landorus-Therian|Stone Edge|p2: Gothitelle|[notarget]
|-notarget
|
|-weather|SunnyDay|[upkeep]
|
|switch|p2a: Gyarados|Gyarados, M|331\/331
|-damage|p2a: Gyarados|249\/331|[from] Stealth Rock
|-ability|p2a: Gyarados|Intimidate|[of] p1a: Landorus-Therian
|-unboost|p1a: Landorus-Therian|atk|1
|turn|12
|join|Demandred
|join|Praj.pran
|
|switch|p1a: Kyurem-Black|Kyurem-Black|391\/391
|-ability|p1a: Kyurem-Black|Teravolt
|detailschange|p2a: Gyarados|Gyarados-Mega, M
|-mega|p2a: Gyarados|Gyarados|Gyaradosite
|-ability|p2a: Gyarados|Mold Breaker
|move|p2a: Gyarados|Dragon Dance|p2a: Gyarados
|-boost|p2a: Gyarados|atk|1
|-boost|p2a: Gyarados|spe|1
|
|-weather|SunnyDay|[upkeep]
|turn|13
|leave|Praj.pran
|
|move|p1a: Kyurem-Black|Fusion Bolt|p2a: Gyarados
|-supereffective|p2a: Gyarados
|-damage|p2a: Gyarados|1\/331
|move|p2a: Gyarados|Crunch|p1a: Kyurem-Black
|-damage|p1a: Kyurem-Black|144\/391
|
|-weather|none
|turn|14
|join|xTraSmallDick
|join|Tentacruel3
|c| 3GM|oh my
|
|switch|p1a: Tyranitar|Tyranitar, F|383\/383
|-weather|Sandstorm
|switch|p2a: Landorus-Therian|Landorus-Therian, M|280\/319
|-damage|p2a: Landorus-Therian|241\/319|[from] Stealth Rock
|-ability|p2a: Landorus-Therian|Intimidate|[of] p1a: Tyranitar
|-unboost|p1a: Tyranitar|atk|1
|
|-weather|Sandstorm|[upkeep]
|turn|15
|c| kenichaw|god
|join|Mistaken
|join|bluri
|c| Mistaken|nice this team is bakc
|
|move|p2a: Landorus-Therian|U-turn|p1a: Tyranitar
|-supereffective|p1a: Tyranitar
|-damage|p1a: Tyranitar|205\/383
|
|switch|p2a: Gyarados|Gyarados-Mega, M|1\/331
|-damage|p2a: Gyarados|0 fnt|[from] Stealth Rock
|faint|p2a: Gyarados
|move|p1a: Tyranitar|Crunch|p2: Gyarados|[notarget]
|-notarget
|
|-weather|Sandstorm|[upkeep]
|
|switch|p2a: Gengar|Gengar, F|261\/261
|-damage|p2a: Gengar|229\/261|[from] Stealth Rock
|turn|16
|join|Emma Bae â¥
|
|move|p2a: Gengar|Focus Blast|p1a: Tyranitar
|-supereffective|p1a: Tyranitar
|-damage|p1a: Tyranitar|0 fnt
|-damage|p2a: Gengar|203\/261|[from] item: Life Orb
|faint|p1a: Tyranitar
|
|-weather|Sandstorm|[upkeep]
|-damage|p2a: Gengar|187\/261|[from] sandstorm
|join|Acrokid098
|
|switch|p1a: Charizard|Charizard-Mega-Y, M|297\/297
|-weather|SunnyDay
|turn|17
|
|move|p2a: Gengar|Sludge Wave|p1a: Charizard
|-damage|p1a: Charizard|93\/297
|-damage|p2a: Gengar|161\/261|[from] item: Life Orb
|move|p1a: Charizard|Flamethrower|p2a: Gengar
|-damage|p2a: Gengar|0 fnt
|faint|p2a: Gengar
|
|-weather|SunnyDay|[upkeep]
|
|switch|p2a: Landorus-Therian|Landorus-Therian, M|241\/319
|-damage|p2a: Landorus-Therian|202\/319|[from] Stealth Rock
|-ability|p2a: Landorus-Therian|Intimidate|[of] p1a: Charizard
|-unboost|p1a: Charizard|atk|1
|turn|18
|
|move|p2a: Landorus-Therian|Knock Off|p1a: Charizard
|-damage|p1a: Charizard|0 fnt
|faint|p1a: Charizard
|
|-weather|SunnyDay|[upkeep]
|c| Mistaken|fire blast too inaccurate ?
|
|switch|p1a: Kyurem-Black|Kyurem-Black|144\/391
|-ability|p1a: Kyurem-Black|Teravolt
|turn|19
|c|âReverb|gg
|
|move|p1a: Kyurem-Black|Ice Beam|p2a: Landorus-Therian
|-supereffective|p2a: Landorus-Therian
|-damage|p2a: Landorus-Therian|0 fnt
|faint|p2a: Landorus-Therian
|
|win|Reverb
|raw|Ladder updating...
|raw|Reverb's rating: 1791 &rarr; <strong>1801<\/strong><br \/>(+10 for winning)
|raw|Jarid's rating: 1612 &rarr; <strong>1602<\/strong><br \/>(-10 for losing)
|leave|Jarid
|player|p2
|leave|Qubae
|leave|kenichaw
|leave|Demandred