|join|TDOG34
|join|Reverb
|player|p1|TDOG34|220
|player|p2|Reverb|#reverb
|gametype|singles
|gen|6
|tier|OU
|rated
|clearpoke
|poke|p1|Charizard, M
|poke|p1|Mamoswine, F
|poke|p1|Landorus-Therian, M
|poke|p1|Azumarill, F
|poke|p1|Clefable, M
|poke|p1|Latios, M
|poke|p2|Lopunny, M
|poke|p2|Celebi
|poke|p2|Tyranitar, M
|poke|p2|Keldeo
|poke|p2|Landorus-Therian, M
|poke|p2|Empoleon, F
|rule|Swagger Clause: Swagger is banned
|rule|Baton Pass Clause: Limit one PokÃ©mon knowing Baton Pass
|rule|Sleep Clause Mod: Limit one foe put to sleep
|rule|Species Clause: Limit one of each PokÃ©mon
|rule|OHKO Clause: OHKO moves are banned
|rule|Moody Clause: Moody is banned
|rule|Evasion Moves Clause: Evasion moves are banned
|rule|Endless Battle Clause: Forcing endless battles is banned
|rule|HP Percentage Mod: HP is shown in percentages
|teampreview
|join|Hittoro
|join|iplaytennislol
|join|I Iike Squirtles
|join|bluri
|join|Alvadora
|
|start
|switch|p1a: Landorus-Therian|Landorus-Therian, M|381\/381
|switch|p2a: Lopunny|Lopunny, M|271\/271
|-ability|p1a: Landorus-Therian|Intimidate|[of] p2a: Lopunny
|-unboost|p2a: Lopunny|atk|1
|turn|1
|c|âTDOG34|hi alvadora
|
|detailschange|p2a: Lopunny|Lopunny-Mega, M
|-mega|p2a: Lopunny|Lopunny|Lopunnite
|move|p2a: Lopunny|Fake Out|p1a: Landorus-Therian
|-damage|p1a: Landorus-Therian|342\/381
|-damage|p2a: Lopunny|226\/271|[from] item: Rocky Helmet|[of] p1a: Landorus-Therian
|cant|p1a: Landorus-Therian|flinch
|
|turn|2
|
|move|p2a: Lopunny|Ice Punch|p1a: Landorus-Therian
|-supereffective|p1a: Landorus-Therian
|-damage|p1a: Landorus-Therian|166\/381
|-damage|p2a: Lopunny|181\/271|[from] item: Rocky Helmet|[of] p1a: Landorus-Therian
|move|p1a: Landorus-Therian|Earthquake|p2a: Lopunny
|-damage|p2a: Lopunny|10\/271
|
|turn|3
|join|Qubae
|
|switch|p1a: Mamoswine|Mamoswine, F|362\/362
|move|p2a: Lopunny|Ice Punch|p1a: Mamoswine
|-damage|p1a: Mamoswine|328\/362
|
|turn|4
|
|move|p2a: Lopunny|High Jump Kick|p1a: Mamoswine
|-supereffective|p1a: Mamoswine
|-damage|p1a: Mamoswine|0 fnt
|faint|p1a: Mamoswine
|
|join|Void
|
|switch|p1a: Landorus-Therian|Landorus-Therian, M|166\/381
|-ability|p1a: Landorus-Therian|Intimidate|[of] p2a: Lopunny
|-unboost|p2a: Lopunny|atk|1
|turn|5
|
|move|p2a: Lopunny|Ice Punch|p1a: Landorus-Therian
|-supereffective|p1a: Landorus-Therian
|-damage|p1a: Landorus-Therian|14\/381
|-damage|p2a: Lopunny|0 fnt|[from] item: Rocky Helmet|[of] p1a: Landorus-Therian
|faint|p2a: Lopunny
|move|p1a: Landorus-Therian|Stealth Rock|p2: Lopunny
|-sidestart|p2: Reverb|move: Stealth Rock
|
|join|tomi â¥ bello
|join|MushMunkey
|join|xTraSmallDick
|join|Emma Bae â¥
|join|will i lose
|
|switch|p2a: Keldeo|Keldeo|323\/323
|-damage|p2a: Keldeo|303\/323|[from] Stealth Rock
|turn|6
|
|switch|p1a: Azumarill|Azumarill, F|372\/372
|move|p2a: Keldeo|Scald|p1a: Azumarill
|-resisted|p1a: Azumarill
|-damage|p1a: Azumarill|253\/372
|
|turn|7
|
|switch|p2a: Empoleon|Empoleon, F|371\/371
|-damage|p2a: Empoleon|348\/371|[from] Stealth Rock
|move|p1a: Azumarill|Play Rough|p2a: Empoleon
|-resisted|p2a: Empoleon
|-damage|p2a: Empoleon|270\/371
|
|-heal|p2a: Empoleon|293\/371|[from] item: Leftovers
|turn|8
|
|move|p1a: Azumarill|Brick Break|p2a: Empoleon
|-crit|p2a: Empoleon
|-supereffective|p2a: Empoleon
|-damage|p2a: Empoleon|17\/371
|move|p2a: Empoleon|Stealth Rock|p1a: Azumarill
|-sidestart|p1: TDOG34|move: Stealth Rock
|
|-heal|p2a: Empoleon|40\/371|[from] item: Leftovers
|turn|9
|join|jefo
|c| MushMunkey|heh
|
|move|p1a: Azumarill|Play Rough|p2a: Empoleon
|-resisted|p2a: Empoleon
|-damage|p2a: Empoleon|0 fnt
|faint|p2a: Empoleon
|
|
|switch|p2a: Celebi|Celebi|404\/404
|-damage|p2a: Celebi|354\/404|[from] Stealth Rock
|turn|10
|
|switch|p1a: Landorus-Therian|Landorus-Therian, M|14\/381
|-damage|p1a: Landorus-Therian|0 fnt|[from] Stealth Rock
|faint|p1a: Landorus-Therian
|move|p2a: Celebi|Psychic|p1: Landorus-Therian|[notarget]
|-notarget
|
|-heal|p2a: Celebi|379\/404|[from] item: Leftovers
|join|dankbois
|
|switch|p1a: Charizard|Charizard, M|297\/297
|-damage|p1a: Charizard|149\/297|[from] Stealth Rock
|turn|11
|
|detailschange|p1a: Charizard|Charizard-Mega-Y, M
|-mega|p1a: Charizard|Charizard|Charizardite Y
|-weather|SunnyDay
|move|p1a: Charizard|Fire Blast|p2a: Celebi
|-supereffective|p2a: Celebi
|-damage|p2a: Celebi|0 fnt
|faint|p2a: Celebi
|
|-weather|SunnyDay|[upkeep]
|join|Escavalier
|
|switch|p2a: Keldeo|Keldeo|303\/323
|-damage|p2a: Keldeo|283\/323|[from] Stealth Rock
|turn|12
|join|etaoi
|
|move|p2a: Keldeo|Scald|p1a: Charizard
|-crit|p1a: Charizard
|-supereffective|p1a: Charizard
|-damage|p1a: Charizard|0 fnt
|faint|p1a: Charizard
|
|-weather|SunnyDay|[upkeep]
|join|kektus
|join|Apathos
|
|switch|p1a: Azumarill|Azumarill, F|253\/372
|-damage|p1a: Azumarill|207\/372|[from] Stealth Rock
|turn|13
|
|switch|p2a: Landorus-Therian|Landorus-Therian, M|327\/327
|-damage|p2a: Landorus-Therian|287\/327|[from] Stealth Rock
|-ability|p2a: Landorus-Therian|Intimidate|[of] p1a: Azumarill
|-unboost|p1a: Azumarill|atk|1
|move|p1a: Azumarill|Play Rough|p2a: Landorus-Therian
|-damage|p2a: Landorus-Therian|154\/327
|
|-weather|SunnyDay|[upkeep]
|turn|14
|
|move|p1a: Azumarill|Aqua Jet|p2a: Landorus-Therian
|-supereffective|p2a: Landorus-Therian
|-damage|p2a: Landorus-Therian|92\/327
|move|p2a: Landorus-Therian|Earthquake|p1a: Azumarill
|-damage|p1a: Azumarill|0 fnt
|faint|p1a: Azumarill
|
|-weather|SunnyDay|[upkeep]
|
|switch|p1a: Clefable|Clefable, M|393\/393
|-damage|p1a: Clefable|344\/393|[from] Stealth Rock
|turn|15
|
|move|p2a: Landorus-Therian|Earthquake|p1a: Clefable
|-damage|p1a: Clefable|170\/393
|move|p1a: Clefable|Moonlight|p1a: Clefable
|-heal|p1a: Clefable|393\/393
|
|-weather|none
|turn|16
|
|move|p2a: Landorus-Therian|Earthquake|p1a: Clefable
|-damage|p1a: Clefable|236\/393
|move|p1a: Clefable|Moonblast|p2a: Landorus-Therian
|-damage|p2a: Landorus-Therian|0 fnt
|faint|p2a: Landorus-Therian
|
|-heal|p1a: Clefable|260\/393|[from] item: Leftovers
|
|switch|p2a: Keldeo|Keldeo|283\/323
|-damage|p2a: Keldeo|263\/323|[from] Stealth Rock
|turn|17
|leave|will i lose
|
|move|p2a: Keldeo|Scald|p1a: Clefable
|-damage|p1a: Clefable|32\/393
|move|p1a: Clefable|Moonblast|p2a: Keldeo
|-supereffective|p2a: Keldeo
|-damage|p2a: Keldeo|39\/323
|
|-heal|p1a: Clefable|56\/393|[from] item: Leftovers
|turn|18
|
|switch|p1a: Latios|Latios, M|301\/301
|-damage|p1a: Latios|264\/301|[from] Stealth Rock
|move|p2a: Keldeo|Scald|p1a: Latios
|-resisted|p1a: Latios
|-damage|p1a: Latios|169\/301
|
|turn|19
|
|move|p1a: Latios|Draco Meteor|p2a: Keldeo
|-damage|p2a: Keldeo|0 fnt
|-unboost|p1a: Latios|spa|2
|faint|p2a: Keldeo
|
|
|switch|p2a: Tyranitar|Tyranitar, M|383\/383
|-damage|p2a: Tyranitar|336\/383|[from] Stealth Rock
|-weather|Sandstorm
|turn|20
|
|move|p1a: Latios|Draco Meteor|p2a: Tyranitar
|-damage|p2a: Tyranitar|219\/383
|-unboost|p1a: Latios|spa|2
|move|p2a: Tyranitar|Pursuit|p1a: Latios
|-supereffective|p1a: Latios
|-damage|p1a: Latios|0 fnt
|faint|p1a: Latios
|
|-weather|Sandstorm|[upkeep]
|
|switch|p1a: Clefable|Clefable, M|56\/393
|-damage|p1a: Clefable|7\/393|[from] Stealth Rock
|turn|21
|
|move|p2a: Tyranitar|Pursuit|p1a: Clefable
|-resisted|p1a: Clefable
|-damage|p1a: Clefable|0 fnt
|faint|p1a: Clefable
|
|win|Reverb
|raw|Ladder updating...
|c|âReverb|gg
|raw|TDOG34's rating: 1735 &rarr; <strong>1716<\/strong><br \/>(-19 for losing)
|raw|Reverb's rating: 1747 &rarr; <strong>1766<\/strong><br \/>(+19 for winning)
|join|all falls down
|leave|iplaytennislol