|join|Reverb
|join|Raiiniichts
|player|p1|Reverb|#reverb
|player|p2|Raiiniichts|265
|gametype|singles
|gen|6
|tier|OU
|rated
|clearpoke
|poke|p1|Tornadus-Therian, M
|poke|p1|Metagross
|poke|p1|Keldeo
|poke|p1|Landorus-Therian, M
|poke|p1|Rotom-Wash
|poke|p1|Clefable, M
|poke|p2|Kyurem-Black
|poke|p2|Scizor, F
|poke|p2|Keldeo-Resolute
|poke|p2|Clefable, F
|poke|p2|Garchomp, M
|poke|p2|Excadrill, F
|rule|Swagger Clause: Swagger is banned
|rule|Baton Pass Clause: Limit one PokÃ©mon knowing Baton Pass
|rule|Sleep Clause Mod: Limit one foe put to sleep
|rule|Species Clause: Limit one of each PokÃ©mon
|rule|OHKO Clause: OHKO moves are banned
|rule|Moody Clause: Moody is banned
|rule|Evasion Moves Clause: Evasion moves are banned
|rule|Endless Battle Clause: Forcing endless battles is banned
|rule|HP Percentage Mod: HP is shown in percentages
|teampreview
|join|Ox the Box
|join|FUQ GLISCORE
|join|Dark380
|join|Bloodz
|join|haunter
|join|Panure
|c|âRaiiniichts|full crowd eh
|
|start
|switch|p1a: Tony|Landorus-Therian, M|367\/367
|switch|p2a: Garchomp|Garchomp, M|357\/357
|-ability|p1a: Tony|Intimidate|[of] p2a: Garchomp
|-unboost|p2a: Garchomp|atk|1
|turn|1
|c| Bloodz|Reverb is shofu
|join|GUEPPE
|join|Appreciation
|c|âRaiiniichts|he laddering or sth?
|leave|GUEPPE
|join|Super Mario Bros
|
|move|p2a: Garchomp|Stealth Rock|p1a: Tony
|-sidestart|p1: Reverb|move: Stealth Rock
|move|p1a: Tony|Stealth Rock|p2a: Garchomp
|-sidestart|p2: Raiiniichts|move: Stealth Rock
|
|turn|2
|join|MyLittleDick
|c|âReverb|im not shofu
|join|davidTHEMASTER
|
|switch|p2a: Keldeo-Resolute|Keldeo-Resolute|323\/323
|-damage|p2a: Keldeo-Resolute|303\/323|[from] Stealth Rock
|move|p1a: Tony|Earthquake|p2a: Keldeo-Resolute
|-damage|p2a: Keldeo-Resolute|114\/323
|
|turn|3
|join|liptonic
|join|GunnerAnkita
|join|Zano98
|
|switch|p1a: Albert|Clefable, M|394\/394
|move|p2a: Keldeo-Resolute|Hydro Pump|p1a: Albert
|-damage|p1a: Albert|229\/394
|
|-heal|p1a: Albert|253\/394|[from] item: Leftovers
|turn|4
|leave|davidTHEMASTER
|
|switch|p2a: Clefable|Clefable, F|394\/394
|-damage|p2a: Clefable|345\/394|[from] Stealth Rock
|move|p1a: Albert|Soft-Boiled|p1a: Albert
|-heal|p1a: Albert|394\/394
|
|-heal|p2a: Clefable|369\/394|[from] item: Leftovers
|turn|5
|join|xxx111
|join|Puralux
|
|switch|p1a: Kyau|Rotom-Wash|303\/303
|-damage|p1a: Kyau|266\/303|[from] Stealth Rock
|move|p2a: Clefable|Flamethrower|p1a: Kyau
|-resisted|p1a: Kyau
|-damage|p1a: Kyau|235\/303
|
|-heal|p1a: Kyau|253\/303|[from] item: Leftovers
|-heal|p2a: Clefable|393\/394|[from] item: Leftovers
|turn|6
|join|MiXXX
|join|3GM
|join|Here to Stay
|
|move|p1a: Kyau|Will-O-Wisp|p2a: Clefable
|-status|p2a: Clefable|brn
|move|p2a: Clefable|Moonblast|p1a: Kyau
|-damage|p1a: Kyau|160\/303
|
|-heal|p1a: Kyau|178\/303|[from] item: Leftovers
|-heal|p2a: Clefable|394\/394 brn|[from] item: Leftovers
|-damage|p2a: Clefable|345\/394 brn|[from] brn
|turn|7
|join|Like me 2
|leave|Zano98
|
|move|p1a: Kyau|Pain Split|p2a: Clefable
|-sethp|p2a: Clefable|261\/394 brn|p1a: Kyau|261\/303|[from] move: Pain Split
|move|p2a: Clefable|Calm Mind|p2a: Clefable
|-boost|p2a: Clefable|spa|1
|-boost|p2a: Clefable|spd|1
|
|-heal|p1a: Kyau|279\/303|[from] item: Leftovers
|-heal|p2a: Clefable|285\/394 brn|[from] item: Leftovers
|-damage|p2a: Clefable|236\/394 brn|[from] brn
|turn|8
|join|Mistaken
|
|move|p1a: Kyau|Volt Switch|p2a: Clefable
|-damage|p2a: Clefable|175\/394 brn
|
|switch|p1a: Jono|Metagross|301\/301
|-damage|p1a: Jono|283\/301|[from] Stealth Rock
|move|p2a: Clefable|Moonlight|p2a: Clefable
|-heal|p2a: Clefable|372\/394 brn
|
|-heal|p2a: Clefable|394\/394 brn|[from] item: Leftovers
|-damage|p2a: Clefable|345\/394 brn|[from] brn
|turn|9
|leave|MiXXX
|
|switch|p2a: Excadrill|Excadrill, F|361\/361
|-damage|p2a: Excadrill|350\/361|[from] Stealth Rock
|-ability|p2a: Excadrill|Mold Breaker
|detailschange|p1a: Jono|Metagross-Mega
|-mega|p1a: Jono|Metagross|Metagrossite
|move|p1a: Jono|Meteor Mash|p2a: Excadrill
|-resisted|p2a: Excadrill
|-damage|p2a: Excadrill|178\/361
|
|turn|10
|join|xxrayxx
|
|switch|p1a: Tony|Landorus-Therian, M|367\/367
|-damage|p1a: Tony|322\/367|[from] Stealth Rock
|-ability|p1a: Tony|Intimidate|[of] p2a: Excadrill
|-unboost|p2a: Excadrill|atk|1
|move|p2a: Excadrill|Rapid Spin|p1a: Tony
|-damage|p1a: Tony|307\/367
|-sideend|p2: Raiiniichts|Stealth Rock|[from] move: Rapid Spin|[of] p2a: Excadrill
|
|-heal|p1a: Tony|329\/367|[from] item: Leftovers
|turn|11
|
|switch|p2a: Kyurem-Black|Kyurem-Black|405\/405
|-ability|p2a: Kyurem-Black|Teravolt
|move|p1a: Tony|Stealth Rock|p2a: Kyurem-Black
|-sidestart|p2: Raiiniichts|move: Stealth Rock
|
|-heal|p1a: Tony|351\/367|[from] item: Leftovers
|turn|12
|
|switch|p1a: Albert|Clefable, M|394\/394
|move|p2a: Kyurem-Black|Ice Beam|p1a: Albert
|-damage|p1a: Albert|246\/394
|
|-heal|p1a: Albert|270\/394|[from] item: Leftovers
|turn|13
|
|switch|p2a: Excadrill|Excadrill, F|178\/361
|-damage|p2a: Excadrill|167\/361|[from] Stealth Rock
|-ability|p2a: Excadrill|Mold Breaker
|move|p1a: Albert|Soft-Boiled|p1a: Albert
|-heal|p1a: Albert|394\/394
|
|turn|14
|join|Trouble In Uranus
|
|switch|p1a: Tony|Landorus-Therian, M|351\/367
|-damage|p1a: Tony|306\/367|[from] Stealth Rock
|-ability|p1a: Tony|Intimidate|[of] p2a: Excadrill
|-unboost|p2a: Excadrill|atk|1
|move|p2a: Excadrill|Rapid Spin|p1a: Tony
|-damage|p1a: Tony|292\/367
|-sideend|p2: Raiiniichts|Stealth Rock|[from] move: Rapid Spin|[of] p2a: Excadrill
|
|-heal|p1a: Tony|314\/367|[from] item: Leftovers
|turn|15
|c|âRaiiniichts|lol
|join|Jonas kann kochen
|
|switch|p2a: Scizor|Scizor, F|343\/343
|move|p1a: Tony|Stealth Rock|p2a: Scizor
|-sidestart|p2: Raiiniichts|move: Stealth Rock
|
|-heal|p1a: Tony|336\/367|[from] item: Leftovers
|turn|16
|join|Cienight
|
|detailschange|p2a: Scizor|Scizor-Mega, F
|-mega|p2a: Scizor|Scizor|Scizorite
|move|p1a: Tony|U-turn|p2a: Scizor
|-resisted|p2a: Scizor
|-damage|p2a: Scizor|317\/343
|
|switch|p1a: Kyau|Rotom-Wash|279\/303
|-damage|p1a: Kyau|242\/303|[from] Stealth Rock
|move|p2a: Scizor|Swords Dance|p2a: Scizor
|-boost|p2a: Scizor|atk|2
|
|-heal|p1a: Kyau|260\/303|[from] item: Leftovers
|turn|17
|
|move|p1a: Kyau|Will-O-Wisp|p2a: Scizor
|-status|p2a: Scizor|brn
|move|p2a: Scizor|Knock Off|p1a: Kyau
|-damage|p1a: Kyau|153\/303
|-enditem|p1a: Kyau|Leftovers|[from] move: Knock Off|[of] p2a: Scizor
|
|-damage|p2a: Scizor|275\/343 brn|[from] brn
|turn|18
|join|yuy
|join|skelderex
|leave|xxrayxx
|leave|skelderex
|
|switch|p2a: Kyurem-Black|Kyurem-Black|405\/405
|-damage|p2a: Kyurem-Black|304\/405|[from] Stealth Rock
|-ability|p2a: Kyurem-Black|Teravolt
|move|p1a: Kyau|Pain Split|p2a: Kyurem-Black
|-sethp|p2a: Kyurem-Black|228\/405|p1a: Kyau|228\/303|[from] move: Pain Split
|
|-heal|p2a: Kyurem-Black|253\/405|[from] item: Leftovers
|turn|19
|join|King UU
|leave|Trouble In Uranus
|
|switch|p1a: Albert|Clefable, M|394\/394
|move|p2a: Kyurem-Black|Earth Power|p1a: Albert
|-damage|p1a: Albert|296\/394
|
|-heal|p2a: Kyurem-Black|278\/405|[from] item: Leftovers
|-heal|p1a: Albert|320\/394|[from] item: Leftovers
|turn|20
|join|Invok3r
|leave|Invok3r
|join|C1one
|leave|Jonas kann kochen
|leave|King UU
|leave|Panure
|
|switch|p2a: Excadrill|Excadrill, F|167\/361
|-damage|p2a: Excadrill|156\/361|[from] Stealth Rock
|-ability|p2a: Excadrill|Mold Breaker
|move|p1a: Albert|Moonblast|p2a: Excadrill
|-resisted|p2a: Excadrill
|-damage|p2a: Excadrill|107\/361
|
|-heal|p1a: Albert|344\/394|[from] item: Leftovers
|turn|21
|leave|FUQ GLISCORE
|
|switch|p2a: Keldeo-Resolute|Keldeo-Resolute|114\/323
|-damage|p2a: Keldeo-Resolute|94\/323|[from] Stealth Rock
|switch|p1a: Tony|Landorus-Therian, M|336\/367
|-damage|p1a: Tony|291\/367|[from] Stealth Rock
|-ability|p1a: Tony|Intimidate|[of] p2a: Keldeo-Resolute
|-unboost|p2a: Keldeo-Resolute|atk|1
|
|-heal|p1a: Tony|313\/367|[from] item: Leftovers
|turn|22
|
|switch|p1a: Albert|Clefable, M|344\/394
|move|p2a: Keldeo-Resolute|Hydro Pump|p1a: Albert
|-damage|p1a: Albert|169\/394
|
|-heal|p1a: Albert|193\/394|[from] item: Leftovers
|turn|23
|
|move|p2a: Keldeo-Resolute|Hydro Pump|p1a: Albert
|-damage|p1a: Albert|21\/394
|move|p1a: Albert|Soft-Boiled|p1a: Albert
|-heal|p1a: Albert|218\/394
|
|-heal|p1a: Albert|242\/394|[from] item: Leftovers
|turn|24
|
|move|p2a: Keldeo-Resolute|Hydro Pump|p1a: Albert|[miss]
|-miss|p2a: Keldeo-Resolute|p1a: Albert
|move|p1a: Albert|Soft-Boiled|p1a: Albert
|-heal|p1a: Albert|394\/394
|
|turn|25
|join|Tsunbreon Magatama
|
|switch|p2a: Clefable|Clefable, F|345\/394 brn
|-damage|p2a: Clefable|296\/394 brn|[from] Stealth Rock
|move|p1a: Albert|Calm Mind|p1a: Albert
|-boost|p1a: Albert|spa|1
|-boost|p1a: Albert|spd|1
|
|-heal|p2a: Clefable|320\/394 brn|[from] item: Leftovers
|-damage|p2a: Clefable|271\/394 brn|[from] brn
|turn|26
|
|switch|p1a: Jono|Metagross-Mega|283\/301
|-damage|p1a: Jono|265\/301|[from] Stealth Rock
|move|p2a: Clefable|Calm Mind|p2a: Clefable
|-boost|p2a: Clefable|spa|1
|-boost|p2a: Clefable|spd|1
|
|-heal|p2a: Clefable|295\/394 brn|[from] item: Leftovers
|-damage|p2a: Clefable|246\/394 brn|[from] brn
|turn|27
|join|RedMaxx
|leave|Appreciation
|join|Roi Pika
|
|switch|p2a: Garchomp|Garchomp, M|357\/357
|-damage|p2a: Garchomp|335\/357|[from] Stealth Rock
|move|p1a: Jono|Meteor Mash|p2a: Garchomp
|-damage|p2a: Garchomp|76\/357
|-damage|p1a: Jono|228\/301|[from] ability: Rough Skin|[of] p2a: Garchomp
|
|turn|28
|c| Tsunbreon Magatama|where do i get custom sprites?
|c|âReverb|im a global mod
|c| Tsunbreon Magatama|oh noes
|c|âReverb|you need to be global staff
|c|âReverb|:\/
|join|Fabio96
|
|switch|p1a: Tony|Landorus-Therian, M|313\/367
|-damage|p1a: Tony|268\/367|[from] Stealth Rock
|-ability|p1a: Tony|Intimidate|[of] p2a: Garchomp
|-unboost|p2a: Garchomp|atk|1
|move|p2a: Garchomp|Fire Blast|p1a: Tony
|-damage|p1a: Tony|187\/367
|
|-heal|p1a: Tony|209\/367|[from] item: Leftovers
|turn|29
|join|Mega Magic Bounce
|join|CatchThisDead
|leave|Fabio96
|c| Tsunbreon Magatama|like put some more clothes on mega lopunny, dat furry xD
|
|move|p2a: Garchomp|Outrage|p1a: Tony
|-damage|p1a: Tony|100\/367
|move|p1a: Tony|Earthquake|p2a: Garchomp
|-damage|p2a: Garchomp|0 fnt
|faint|p2a: Garchomp
|
|-heal|p1a: Tony|122\/367|[from] item: Leftovers
|
|switch|p2a: Keldeo-Resolute|Keldeo-Resolute|94\/323
|-damage|p2a: Keldeo-Resolute|74\/323|[from] Stealth Rock
|turn|30
|
|switch|p1a: Albert|Clefable, M|394\/394
|move|p2a: Keldeo-Resolute|Hydro Pump|p1a: Albert
|-damage|p1a: Albert|210\/394
|
|-heal|p1a: Albert|234\/394|[from] item: Leftovers
|turn|31
|join|elastico
|
|switch|p2a: Clefable|Clefable, F|246\/394 brn
|-damage|p2a: Clefable|197\/394 brn|[from] Stealth Rock
|move|p1a: Albert|Soft-Boiled|p1a: Albert
|-heal|p1a: Albert|394\/394
|
|-heal|p2a: Clefable|221\/394 brn|[from] item: Leftovers
|-damage|p2a: Clefable|172\/394 brn|[from] brn
|turn|32
|c| Tsunbreon Magatama|elastico, tu no
|join|icechoppper
|c| elastico|:)
|leave|elastico
|leave|Tsunbreon Magatama
|
|switch|p1a: Jono|Metagross-Mega|228\/301
|-damage|p1a: Jono|210\/301|[from] Stealth Rock
|move|p2a: Clefable|Moonlight|p2a: Clefable
|-heal|p2a: Clefable|369\/394 brn
|
|-heal|p2a: Clefable|393\/394 brn|[from] item: Leftovers
|-damage|p2a: Clefable|344\/394 brn|[from] brn
|turn|33
|
|switch|p2a: Scizor|Scizor-Mega, F|275\/343 brn
|-damage|p2a: Scizor|233\/343 brn|[from] Stealth Rock
|move|p1a: Jono|Meteor Mash|p2a: Scizor
|-resisted|p2a: Scizor
|-damage|p2a: Scizor|141\/343 brn
|
|-damage|p2a: Scizor|99\/343 brn|[from] brn
|turn|34
|join|weshbien
|leave|icechoppper
|
|move|p1a: Jono|Hammer Arm|p2a: Scizor
|-damage|p2a: Scizor|0 fnt
|-unboost|p1a: Jono|spe|1
|faint|p2a: Scizor
|
|
|switch|p2a: Excadrill|Excadrill, F|107\/361
|-damage|p2a: Excadrill|96\/361|[from] Stealth Rock
|-ability|p2a: Excadrill|Mold Breaker
|turn|35
|join|Pyrogon
|join|nathaaan
|
|switch|p1a: Tony|Landorus-Therian, M|122\/367
|-damage|p1a: Tony|77\/367|[from] Stealth Rock
|-ability|p1a: Tony|Intimidate|[of] p2a: Excadrill
|-unboost|p2a: Excadrill|atk|1
|move|p2a: Excadrill|Rapid Spin|p1a: Tony
|-damage|p1a: Tony|62\/367
|-sideend|p2: Raiiniichts|Stealth Rock|[from] move: Rapid Spin|[of] p2a: Excadrill
|
|-heal|p1a: Tony|84\/367|[from] item: Leftovers
|turn|36
|join|Cirinccirino
|
|move|p2a: Excadrill|Iron Head|p1a: Tony
|-damage|p1a: Tony|8\/367
|cant|p1a: Tony|flinch
|
|-heal|p1a: Tony|30\/367|[from] item: Leftovers
|turn|37
|
|move|p2a: Excadrill|Iron Head|p1a: Tony
|-damage|p1a: Tony|0 fnt
|faint|p1a: Tony
|
|join|Ellie-chan
|
|switch|p1a: Paavo|Keldeo|323\/323
|-damage|p1a: Paavo|303\/323|[from] Stealth Rock
|turn|38
|leave|Cirinccirino
|leave|Ellie-chan
|
|move|p1a: Paavo|Secret Sword|p2a: Excadrill
|-supereffective|p2a: Excadrill
|-damage|p2a: Excadrill|0 fnt
|faint|p2a: Excadrill
|
|-heal|p1a: Paavo|323\/323|[from] item: Leftovers
|
|switch|p2a: Clefable|Clefable, F|344\/394 brn
|turn|39
|
|switch|p1a: Jono|Metagross-Mega|210\/301
|-damage|p1a: Jono|192\/301|[from] Stealth Rock
|move|p2a: Clefable|Flamethrower|p1a: Jono
|-supereffective|p1a: Jono
|-damage|p1a: Jono|46\/301
|
|-heal|p2a: Clefable|368\/394 brn|[from] item: Leftovers
|-damage|p2a: Clefable|319\/394 brn|[from] brn
|turn|40
|join|mat0123bg
|
|move|p1a: Jono|Meteor Mash|p2a: Clefable
|-supereffective|p2a: Clefable
|-damage|p2a: Clefable|0 fnt
|faint|p2a: Clefable
|
|
|switch|p2a: Keldeo-Resolute|Keldeo-Resolute|74\/323
|turn|41
|leave|mat0123bg
|
|move|p2a: Keldeo-Resolute|Scald|p1a: Jono
|-damage|p1a: Jono|0 fnt
|faint|p1a: Jono
|
|join|Sunshine 92
|
|switch|p1a: Kyau|Rotom-Wash|228\/303
|-damage|p1a: Kyau|191\/303|[from] Stealth Rock
|turn|42
|leave|Here to Stay
|
|move|p2a: Keldeo-Resolute|Scald|p1a: Kyau
|-resisted|p1a: Kyau
|-damage|p1a: Kyau|123\/303
|-status|p1a: Kyau|brn
|move|p1a: Kyau|Volt Switch|p2a: Keldeo-Resolute
|-supereffective|p2a: Keldeo-Resolute
|-damage|p2a: Keldeo-Resolute|0 fnt
|faint|p2a: Keldeo-Resolute
|leave|Super Mario Bros
|
|switch|p1a: Big Bird|Tornadus-Therian, M|299\/299
|-damage|p1a: Big Bird|225\/299|[from] Stealth Rock
|
|leave|Cienight
|
|switch|p2a: Kyurem-Black|Kyurem-Black|278\/405
|-ability|p2a: Kyurem-Black|Teravolt
|turn|43
|join|DragonPower0210
|c|âRaiiniichts|focus blast?
|join|Swallowed Up
|
|move|p1a: Big Bird|Superpower|p2a: Kyurem-Black
|-supereffective|p2a: Kyurem-Black
|-damage|p2a: Kyurem-Black|18\/405
|-unboost|p1a: Big Bird|atk|1
|-unboost|p1a: Big Bird|def|1
|-damage|p1a: Big Bird|196\/299|[from] item: Life Orb
|move|p2a: Kyurem-Black|Ice Beam|p1a: Big Bird
|-supereffective|p1a: Big Bird
|-damage|p1a: Big Bird|0 fnt
|faint|p1a: Big Bird
|
|-heal|p2a: Kyurem-Black|43\/405|[from] item: Leftovers
|leave|haunter
|c|âReverb|gg
|c|âRaiiniichts|gg
|
|switch|p1a: Paavo|Keldeo|323\/323
|-damage|p1a: Paavo|303\/323|[from] Stealth Rock
|turn|44
|
|move|p1a: Paavo|Secret Sword|p2a: Kyurem-Black
|-supereffective|p2a: Kyurem-Black
|-damage|p2a: Kyurem-Black|0 fnt
|faint|p2a: Kyurem-Black
|
|win|Reverb
|raw|Ladder updating...
|join|Appreciation
|leave|RedMaxx
|raw|Reverb's rating: 1731 &rarr; <strong>1738<\/strong><br \/>(+7 for winning)
|raw|Raiiniichts's rating: 1465 &rarr; <strong>1458<\/strong><br \/>(-7 for losing)
|leave|Sunshine 92
|leave|Ox the Box