|join|Reverb
|join|volcarno129
|join|ULT LIKE WHY
|c|âvolcarno129|HEY REVERB
|join|Pmma
|c|âvolcarno129|U READY
|player|p1|Reverb|#reverb
|player|p2|volcarno129|209
|gametype|singles
|gen|6
|tier|OU
|rated
|clearpoke
|poke|p1|Empoleon, F
|poke|p1|Tyranitar, F
|poke|p1|Charizard, M
|poke|p1|Keldeo
|poke|p1|Kyurem-Black
|poke|p1|Landorus-Therian, M
|poke|p2|Ferrothorn, M
|poke|p2|Landorus-Therian, M
|poke|p2|Clefable, F
|poke|p2|Gyarados, M
|poke|p2|Hawlucha, F
|poke|p2|Latias, F
|rule|Swagger Clause: Swagger is banned
|rule|Baton Pass Clause: Limit one PokÃ©mon knowing Baton Pass
|rule|Sleep Clause Mod: Limit one foe put to sleep
|rule|Species Clause: Limit one of each PokÃ©mon
|rule|OHKO Clause: OHKO moves are banned
|rule|Moody Clause: Moody is banned
|rule|Evasion Moves Clause: Evasion moves are banned
|rule|Endless Battle Clause: Forcing endless battles is banned
|rule|HP Percentage Mod: HP is shown in percentages
|teampreview
|c|âvolcarno129|FOR MY FREE POINTS
|c|âReverb|ye
|c|âvolcarno129|?!??!
|c|âReverb|hf
|join|akkeshi
|c|âvolcarno129|hf
|join|el hacker
|join|JEWOVEN
|c| akkeshi|aaand you lose
|join|dedic
|c| el hacker|LOL
|c| Pmma|THIS IS IDM
|c| Pmma|WE PICK CHAMP
|c| el hacker|REVERB THE BAAAAAD
|c| Pmma|IT PICKS RANDOM MONS
|join|Bedschibaer
|c| Pmma|THEN WE LAUGH AND POINT
|c|âvolcarno129|I beat him yesterday with this now he knows my sets
|c|âvolcarno129|:<
|c| el hacker|gl reverb and gaymunkey
|join|Updated Kanto
|c|+Bedschibaer|reverb the kid
|c| Updated Kanto|lol
|join|Jefo
|c|âvolcarno129|where's bof
|c| Pmma|its not mush
|c|âvolcarno129|wtf
|c| Updated Kanto|mush can't even get ghosted properly now
|c|+Bedschibaer|wait it's kush munkey?
|c| Pmma|its c0mp the kid
|c| Updated Kanto|u mad?
|c|âvolcarno129|ye hey beds
|c|+Bedschibaer|i hope you both lose lmao
|c| Pmma|beds
|c|âvolcarno129|wow beds
|c|âvolcarno129|lmao
|
|start
|switch|p1a: Empoleon|Empoleon, F|371\/371
|switch|p2a: Gyarados|Gyarados, M|331\/331
|-ability|p2a: Gyarados|Intimidate|[of] p1a: Empoleon
|-unboost|p1a: Empoleon|atk|1
|turn|1
|c| akkeshi|is it even possible to tie anymore?
|c| Pmma|i added a !notify_all \/ !beacon \/ !call_for_all \/ !call_for_arms
|c| Pmma|command
|c|âvolcarno129|no akkeshi
|c|+Bedschibaer|no it isn't
|
|move|p2a: Gyarados|Earthquake|p1a: Empoleon
|-supereffective|p1a: Empoleon
|-damage|p1a: Empoleon|177\/371
|move|p1a: Empoleon|Stealth Rock|p2a: Gyarados
|-sidestart|p2: volcarno129|move: Stealth Rock
|
|-heal|p1a: Empoleon|200\/371|[from] item: Leftovers
|turn|2
|join|ryzed
|c|âvolcarno129|tfw lived
|
|switch|p1a: Keldeo|Keldeo|323\/323
|detailschange|p2a: Gyarados|Gyarados-Mega, M
|-mega|p2a: Gyarados|Gyarados|Gyaradosite
|-ability|p2a: Gyarados|Mold Breaker
|move|p2a: Gyarados|Earthquake|p1a: Keldeo
|-damage|p1a: Keldeo|154\/323
|
|turn|3
|c|âReverb|nice turn to mega
|c|âvolcarno129|yeah
|c|âvolcarno129|im so intelligent
|c|âvolcarno129|amirite
|
|switch|p2a: Clefable|Clefable, F|394\/394
|move|p1a: Keldeo|Secret Sword|p2a: Clefable
|-resisted|p2a: Clefable
|-damage|p2a: Clefable|292\/394
|
|-heal|p2a: Clefable|316\/394|[from] item: Leftovers
|turn|4
|c|âReverb|if my intelligent
|c|âReverb|you mean gay
|c|âReverb|then yes
|c|âvolcarno129|uh
|c|âReverb|*by
|c|âvolcarno129|heh?
|
|switch|p1a: Charizard|Charizard, M|297\/297
|switch|p2a: Latias|Latias, F|301\/301
|-damage|p2a: Latias|264\/301|[from] Stealth Rock
|
|turn|5
|c| akkeshi|pengwin is a monster
|c|âvolcarno129|oh by
|join|Kai Neahnung
|c| akkeshi|sweep with empoleon
|leave|el hacker
|c|âvolcarno129|u said my
|c|âvolcarno129|I was like
|c|âvolcarno129|heh!!?!??
|
|switch|p2a: Clefable|Clefable, F|316\/394
|switch|p1a: Tyranitar|Tyranitar, F|383\/383
|-weather|Sandstorm
|
|-weather|Sandstorm|[upkeep]
|-heal|p2a: Clefable|340\/394|[from] item: Leftovers
|turn|6
|c|âvolcarno129|get yo shit outta here
|join|el hacker
|c|âvolcarno129|also
|c|âvolcarno129|what do you even have
|c|âvolcarno129|for hawlucha
|
|move|p1a: Tyranitar|Stone Edge|p2a: Clefable|[miss]
|-miss|p1a: Tyranitar|p2a: Clefable
|move|p2a: Clefable|Calm Mind|p2a: Clefable
|-boost|p2a: Clefable|spa|1
|-boost|p2a: Clefable|spd|1
|
|-weather|Sandstorm|[upkeep]
|-heal|p2a: Clefable|364\/394|[from] item: Leftovers
|turn|7
|c|âvolcarno129|banded
|c|âvolcarno129|edge
|c|âvolcarno129|epic
|c|âReverb|pls
|
|move|p1a: Tyranitar|Stone Edge|p2a: Clefable|[miss]
|-miss|p1a: Tyranitar|p2a: Clefable
|move|p2a: Clefable|Moonblast|p1a: Tyranitar
|-supereffective|p1a: Tyranitar
|-damage|p1a: Tyranitar|159\/383
|
|-weather|Sandstorm|[upkeep]
|-heal|p2a: Clefable|388\/394|[from] item: Leftovers
|turn|8
|c|âvolcarno129|ayy lmao
|c|âvolcarno129|:^)
|join|FreeRoamer
|c|âvolcarno129|miss the 3rd one to
|c|âvolcarno129|u p much just lose
|
|move|p1a: Tyranitar|Stone Edge|p2a: Clefable
|-damage|p2a: Clefable|118\/394
|move|p2a: Clefable|Moonblast|p1a: Tyranitar
|-supereffective|p1a: Tyranitar
|-damage|p1a: Tyranitar|0 fnt
|faint|p1a: Tyranitar
|
|-weather|Sandstorm|[upkeep]
|-heal|p2a: Clefable|142\/394|[from] item: Leftovers
|c| Updated Kanto|lock mush
|join|Skysoki
|c| Updated Kanto|for trash talking global auth
|c| Updated Kanto|after hacking
|
|switch|p1a: Charizard|Charizard, M|297\/297
|turn|9
|c| Jefo|*
|c|âvolcarno129|-
|
|switch|p2a: Latias|Latias, F|264\/301
|-damage|p2a: Latias|227\/301|[from] Stealth Rock
|detailschange|p1a: Charizard|Charizard-Mega-Y, M
|-mega|p1a: Charizard|Charizard|Charizardite Y
|-weather|SunnyDay
|move|p1a: Charizard|Flamethrower|p2a: Latias
|-crit|p2a: Latias
|-resisted|p2a: Latias
|-damage|p2a: Latias|56\/301
|
|-weather|SunnyDay|[upkeep]
|turn|10
|c|âvolcarno129|CRIT
|c|âvolcarno129|HAX!
|
|move|p2a: Latias|Defog|p1a: Charizard
|-unboost|p1a: Charizard|evasion|1
|-sideend|p2: volcarno129|Stealth Rock|[from] move: Defog|[of] p2a: Latias
|move|p1a: Charizard|Flamethrower|p2a: Latias
|-resisted|p2a: Latias
|-damage|p2a: Latias|0 fnt
|faint|p2a: Latias
|
|-weather|SunnyDay|[upkeep]
|c|âvolcarno129|tfw predicted
|
|switch|p2a: Landorus-Therian|Landorus-Therian, M|319\/319
|-ability|p2a: Landorus-Therian|Intimidate|[of] p1a: Charizard
|-unboost|p1a: Charizard|atk|1
|turn|11
|join|kektus
|c| kektus|reverbo
|
|switch|p1a: Empoleon|Empoleon, F|200\/371
|move|p2a: Landorus-Therian|Stone Edge|p1a: Empoleon
|-crit|p1a: Empoleon
|-resisted|p1a: Empoleon
|-damage|p1a: Empoleon|126\/371
|
|-weather|SunnyDay|[upkeep]
|-heal|p1a: Empoleon|149\/371|[from] item: Leftovers
|turn|12
|raw|<div class="broadcast-red"><b>Moderated chat was set to +!<\/b><br \/>Only users of rank + and higher can talk.<\/div>
|c|âvolcarno129|NOT BAD
|c|âvolcarno129|don't be
kektus was promoted to Room Voice by Reverb.
|c|+kektus|;)
|join|x420xnoscopex
|c|âvolcarno129|>
|c|âvolcarno129|x420xnoscopex
|
|switch|p2a: Clefable|Clefable, F|142\/394
|move|p1a: Empoleon|Stealth Rock|p2a: Clefable
|-sidestart|p2: volcarno129|move: Stealth Rock
|
|-weather|SunnyDay|[upkeep]
|-heal|p1a: Empoleon|172\/371|[from] item: Leftovers
|-heal|p2a: Clefable|166\/394|[from] item: Leftovers
|turn|13
|c|âvolcarno129|kek
|join|blarghlfarghl
el hacker was promoted to Room Voice by Reverb.
|c|+el hacker|chokemunkey
|
|switch|p1a: Keldeo|Keldeo|154\/323
|move|p2a: Clefable|Soft-Boiled|p2a: Clefable
|-heal|p2a: Clefable|363\/394
|
|-weather|none
|-heal|p2a: Clefable|387\/394|[from] item: Leftovers
|turn|14
|c|âvolcarno129|hp poison
|c|âvolcarno129|when..
|c|+kektus|el keldeogenerate
|
|move|p1a: Keldeo|Scald|p2a: Clefable
|-damage|p2a: Clefable|153\/394
|-status|p2a: Clefable|brn
|move|p2a: Clefable|Calm Mind|p2a: Clefable
|-boost|p2a: Clefable|spa|1
|-boost|p2a: Clefable|spd|1
|
|-heal|p2a: Clefable|177\/394 brn|[from] item: Leftovers
|turn|15
|c|+el hacker|Good going mush
|c|+kektus|Blown the fuck out
|c|âvolcarno129|252 SpA Choice Specs Keldeo Scald vs. +1 252 HP \/ 0 SpD Clefable: 142-168 (36 - 42.6%) -- 94.6% chance to 3HKO after Leftovers recovery
|
|switch|p1a: Empoleon|Empoleon, F|172\/371
|move|p2a: Clefable|Soft-Boiled|p2a: Clefable
|-heal|p2a: Clefable|374\/394 brn
|
|-heal|p1a: Empoleon|195\/371|[from] item: Leftovers
|-heal|p2a: Clefable|394\/394 brn|[from] item: Leftovers
|turn|16
|c|âvolcarno129|was a good play
|c|âvolcarno129|so fuck you guys :<
|c|+kektus|no it wasnt.
|c|âvolcarno129|yes it was
|
|move|p1a: Empoleon|Defog|p2a: Clefable
|-unboost|p2a: Clefable|evasion|1
|-sideend|p2: volcarno129|Stealth Rock|[from] move: Defog|[of] p2a: Clefable
|move|p2a: Clefable|Flamethrower|p1a: Empoleon
|-damage|p1a: Empoleon|100\/371
|-status|p1a: Empoleon|brn
|
|-heal|p1a: Empoleon|123\/371 brn|[from] item: Leftovers
|-damage|p1a: Empoleon|77\/371 brn|[from] brn
|turn|17
|c|âReverb|misclick
|c|âvolcarno129|AYY LMAO
|join|flyingsweater
|c|+kektus|wowowowow
|c|âvolcarno129|NOT
|c|+el hacker|Lmao
|c|+kektus|w
|c|âvolcarno129|E
|c|âvolcarno129|VEN
|c|+kektus|o
|c|+kektus|w
|c|âvolcarno129|BAD
|c|+kektus|w
|c|+el hacker|LM A O
|c|+kektus|o
|c|âvolcarno129|L M O P
|c|+kektus|w
|c|âReverb|yo dude
|c|âReverb|be real
|c|+el hacker|put him back in the oven
|c|âReverb|cm
|c|âvolcarno129|nah
|c|âReverb|~_~
|c|âvolcarno129|not real
|join|Muk
|c|âvolcarno129|[.]
|
|move|p2a: Clefable|Flamethrower|p1a: Empoleon
|-damage|p1a: Empoleon|0 fnt
|faint|p1a: Empoleon
|
|leave|Muk
|c|+kektus|ok char y sweep
|
|switch|p1a: Charizard|Charizard-Mega-Y, M|297\/297
|-weather|SunnyDay
|turn|18
|c|âReverb|fml
|c|+kektus|!!
|c|+el hacker|Reverb lost to mushmunkey
|c|+Bedschibaer|is reverb getting dropped?!?!?!!?!?!?!
|c|+el hacker|hahaha
|c|âReverb|i misclicked
|c|+kektus|\/me yiff
|c|âvolcarno129|252 SpA Mega Charizard Y Flamethrower vs. +1 252 HP \/ 0 SpD Clefable in Sun: 187-222 (47.4 - 56.3%) -- 30.5% chance to 2HKO after Leftovers recovery
|c|âReverb|meant to roar
|c|+kektus|>flamethrower
|c|âReverb|hit defog
|c|+kektus|i like that meme
|c|âvolcarno129|he has flamethrower
|c|âvolcarno129|lmop
|c|+kektus|be real and
|c|+kektus|FIRE BLAST
|
|move|p1a: Charizard|Flamethrower|p2a: Clefable
|-damage|p2a: Clefable|178\/394 brn
|move|p2a: Clefable|Calm Mind|p2a: Clefable
|-boost|p2a: Clefable|spa|1
|-boost|p2a: Clefable|spd|1
|
|-weather|SunnyDay|[upkeep]
|-heal|p2a: Clefable|202\/394 brn|[from] item: Leftovers
|turn|19
|c|âvolcarno129|thrower \/ eq \/ beam \/ roost
|c|âvolcarno129|or some shit
|c|+kektus|gay
|c|âvolcarno129|THIS
|c|+el hacker|Nice fire blast
|c|âvolcarno129|IS
|c|âReverb|crit
|c|âvolcarno129|AMAZING
|
|move|p1a: Charizard|Flamethrower|p2a: Clefable
|-damage|p2a: Clefable|42\/394 brn
|move|p2a: Clefable|Soft-Boiled|p2a: Clefable
|-heal|p2a: Clefable|239\/394 brn
|
|-weather|SunnyDay|[upkeep]
|-heal|p2a: Clefable|263\/394 brn|[from] item: Leftovers
|turn|20
|c|+kektus|C R I  T
|c|âReverb|crit
|join|Tjustice
|c|âvolcarno129|nah
|c|+kektus|if he crits
|c|âvolcarno129|go lando
|c|âvolcarno129|and explosion
|c|âvolcarno129|:^)
|c|+el hacker|Crit doesnt even kill
|
|move|p1a: Charizard|Flamethrower|p2a: Clefable
|-damage|p2a: Clefable|106\/394 brn
|move|p2a: Clefable|Soft-Boiled|p2a: Clefable
|-heal|p2a: Clefable|303\/394 brn
|
|-weather|SunnyDay|[upkeep]
|-heal|p2a: Clefable|327\/394 brn|[from] item: Leftovers
|turn|21
|c|+kektus|you lose a check to clefable
|c|+el hacker|lol!
|
|move|p1a: Charizard|Flamethrower|p2a: Clefable
|-damage|p2a: Clefable|170\/394 brn
|move|p2a: Clefable|Soft-Boiled|p2a: Clefable
|-heal|p2a: Clefable|367\/394 brn
|
|-weather|SunnyDay|[upkeep]
|-heal|p2a: Clefable|391\/394 brn|[from] item: Leftovers
|turn|22
|c|âReverb|crit
|c|+kektus|r
|
|move|p1a: Charizard|Flamethrower|p2a: Clefable
|-damage|p2a: Clefable|238\/394 brn
|move|p2a: Clefable|Calm Mind|p2a: Clefable
|-boost|p2a: Clefable|spa|1
|-boost|p2a: Clefable|spd|1
|
|-weather|none
|-heal|p2a: Clefable|262\/394 brn|[from] item: Leftovers
|turn|23
|c|+kektus|i
|c|+kektus|t
|c|+kektus|t
|c|âvolcarno129|gg basically
|c|âvolcarno129|reverb
|c|+el hacker|el gg
|c|âReverb|bc i misclick fgt
|c|âvolcarno129|ye
|c|âvolcarno129|FREE
|
|switch|p1a: Landorus-Therian|Landorus-Therian, M|327\/327
|-ability|p1a: Landorus-Therian|Intimidate|[of] p2a: Clefable
|-unboost|p2a: Clefable|atk|1
|move|p2a: Clefable|Soft-Boiled|p2a: Clefable
|-heal|p2a: Clefable|394\/394 brn
|
|turn|24
|c|âvolcarno129|POINTS
|c|âvolcarno129|like u said
|c|âvolcarno129|yesterday
|c|âvolcarno129|:^)
|
|move|p1a: Landorus-Therian|Earthquake|p2a: Clefable
|-damage|p2a: Clefable|237\/394 brn
|move|p2a: Clefable|Soft-Boiled|p2a: Clefable
|-heal|p2a: Clefable|394\/394 brn
|
|turn|25
|c|+el hacker|free points faec
|c|+kektus|mush Sucks
|c|+kektus|mushy Dicks
|c|+kektus|lOL!
|c|âvolcarno129|;_;
|c|âvolcarno129|not funny
|c|âvolcarno129|;--;
|
|switch|p1a: Charizard|Charizard-Mega-Y, M|297\/297
|-weather|SunnyDay
|move|p2a: Clefable|Moonblast|p1a: Charizard
|-resisted|p1a: Charizard
|-damage|p1a: Charizard|177\/297
|-unboost|p1a: Charizard|spa|1
|
|-weather|SunnyDay|[upkeep]
|turn|26
|c|+kektus|Biz: insert strong bone into mushy anus
|c|+Bedschibaer|hey remember when reverb got rekt by literally mush munkey and blamed it on a misclick?
|c|+kektus|top fucking kek
|c|âReverb|crit
|c|+kektus|lmao ye beds
|join|I Iike Squirtles
|c|âvolcarno129|crit doesn't even kill
|
|move|p1a: Charizard|Flamethrower|p2a: Clefable
|-damage|p2a: Clefable|312\/394 brn
|move|p2a: Clefable|Calm Mind|p2a: Clefable
|-boost|p2a: Clefable|spa|1
|-boost|p2a: Clefable|spd|1
|
|-weather|SunnyDay|[upkeep]
|-heal|p2a: Clefable|336\/394 brn|[from] item: Leftovers
|turn|27
|c|+kektus|u mad^
|c|âvolcarno129|with another flamethrower
|c|âvolcarno129|lmop
|join|Arcanine is Regal
|c|âReverb|crit
|
|move|p1a: Charizard|Flamethrower|p2a: Clefable
|-damage|p2a: Clefable|257\/394 brn
|move|p2a: Clefable|Moonblast|p1a: Charizard
|-resisted|p1a: Charizard
|-damage|p1a: Charizard|29\/297
|
|-weather|SunnyDay|[upkeep]
|-heal|p2a: Clefable|281\/394 brn|[from] item: Leftovers
|turn|28
|c|âvolcarno129|C R  I T
|c|+kektus|gay
|join|yrs
|leave|kektus
|
|move|p1a: Charizard|Flamethrower|p2a: Clefable
|-damage|p2a: Clefable|206\/394 brn
|move|p2a: Clefable|Soft-Boiled|p2a: Clefable
|-heal|p2a: Clefable|394\/394 brn
|
|-weather|SunnyDay|[upkeep]
|turn|29
|c|âReverb|crit
|join|Praj.pran
|c|âReverb|crit
|c|âvolcarno129|SPAMMING
|c|âvolcarno129|IS
|c|âvolcarno129|AGAINST
|
|move|p1a: Charizard|Flamethrower|p2a: Clefable
|-damage|p2a: Clefable|319\/394 brn
|move|p2a: Clefable|Calm Mind|p2a: Clefable
|-boost|p2a: Clefable|spa|1
|-boost|p2a: Clefable|spd|1
|
|-weather|none
|-heal|p2a: Clefable|343\/394 brn|[from] item: Leftovers
|turn|30
|c|âvolcarno129|THE
|c|âvolcarno129|RULES
|c|âvolcarno129|REVERB
|join|Demandred
|c|âvolcarno129|;^)
|c|âReverb|crit
|
|move|p1a: Charizard|Flamethrower|p2a: Clefable
|-damage|p2a: Clefable|301\/394 brn
|move|p2a: Clefable|Moonblast|p1a: Charizard
|-resisted|p1a: Charizard
|-damage|p1a: Charizard|0 fnt
|faint|p1a: Charizard
|
|-heal|p2a: Clefable|325\/394 brn|[from] item: Leftovers
|c|âvolcarno129|10%
|c|âvolcarno129|such power
|-message|Reverb forfeited.
|c|âReverb|fgt
|join|rainy team
|c|âvolcarno129|;]
|
|win|volcarno129
|raw|Ladder updating...
|leave|Updated Kanto
|raw|Reverb's rating: 1674 &rarr; <strong>1652<\/strong><br \/>(-22 for losing)
|raw|volcarno129's rating: 1649 &rarr; <strong>1670<\/strong><br \/>(+21 for winning)
|leave|rainy team
|leave|Arcanine is Regal
|leave|dedic
|leave|Bedschibaer
|leave|blarghlfarghl
|leave|volcarno129
|leave|ryzed
|join|volcarno129
|leave|Skysoki
|leave|Reverb
|player|p2
|leave|volcarno129
|join|Fedayi
|leave|Tjustice
|player|p1
|leave|el hacker
|leave|ULT LIKE WHY
|leave|JEWOVEN