|join|Reverb
|join|TYP-Cats
|player|p1|Reverb|#reverb
|player|p2|TYP-Cats|120
|gametype|singles
|gen|6
|tier|OU
|rated
|clearpoke
|poke|p1|Celebi
|poke|p1|Heatran, M
|poke|p1|Gardevoir, M
|poke|p1|Keldeo
|poke|p1|Landorus-Therian, M
|poke|p1|Raikou
|poke|p2|Tyranitar, M, shiny
|poke|p2|Excadrill, F
|poke|p2|Roserade, F
|poke|p2|Charizard, F
|poke|p2|Keldeo
|poke|p2|Diggersby, M
|rule|Swagger Clause: Swagger is banned
|rule|Baton Pass Clause: Limit one PokÃ©mon knowing Baton Pass
|rule|Sleep Clause Mod: Limit one foe put to sleep
|rule|Species Clause: Limit one of each PokÃ©mon
|rule|OHKO Clause: OHKO moves are banned
|rule|Moody Clause: Moody is banned
|rule|Evasion Moves Clause: Evasion moves are banned
|rule|Endless Battle Clause: Forcing endless battles is banned
|rule|HP Percentage Mod: HP is shown in percentages
|teampreview
|join|Escavalier
|join|The TurtleLord
|join|Prankster
|join|Qubae
|join|I Iike Squirtles
|c|âTYP-Cats|O.o A mod?
|c| The TurtleLord|no hes a banned deucer
|
|start
|switch|p1a: Keldeo|Keldeo|322\/322
|switch|p2a: Charizard|Charizard, F|297\/297
|turn|1
|
|detailschange|p2a: Charizard|Charizard-Mega-Y, F
|-mega|p2a: Charizard|Charizard|Charizardite Y
|-weather|SunnyDay
|move|p1a: Keldeo|Scald|p2a: Charizard
|-supereffective|p2a: Charizard
|-damage|p2a: Charizard|97\/297
|move|p2a: Charizard|Air Slash|p1a: Keldeo
|-supereffective|p1a: Keldeo
|-damage|p1a: Keldeo|0 fnt
|faint|p1a: Keldeo
|
|-weather|SunnyDay|[upkeep]
|join|dankbois
|
|switch|p1a: Heatran|Heatran, M|323\/323
|turn|2
|
|switch|p2a: Keldeo|Keldeo|323\/323
|move|p1a: Heatran|Overheat|p2a: Keldeo
|-resisted|p2a: Keldeo
|-damage|p2a: Keldeo|140\/323
|-unboost|p1a: Heatran|spa|2
|
|-weather|SunnyDay|[upkeep]
|turn|3
|
|switch|p2a: Charizard|Charizard-Mega-Y, F|97\/297
|switch|p1a: Gardevoir|Gardevoir, M|277\/277
|-ability|p1a: Gardevoir|Drought|[from] ability: Trace|[of] p2a: Charizard
|
|-weather|SunnyDay|[upkeep]
|turn|4
|
|switch|p1a: Heatran|Heatran, M|323\/323
|move|p2a: Charizard|Fire Blast|p1a: Heatran
|-start|p1a: Heatran|ability: Flash Fire
|
|-weather|SunnyDay|[upkeep]
|turn|5
|c| dankbois|typ-cats
|c| dankbois|dont tell me it's flail diggers.
|
|move|p1a: Heatran|Overheat|p2a: Charizard
|-resisted|p2a: Charizard
|-damage|p2a: Charizard|0 fnt
|-unboost|p1a: Heatran|spa|2
|faint|p2a: Charizard
|
|-weather|none
|c|âTYP-Cats|What crud set is that
|
|switch|p2a: Diggersby|Diggersby, M|311\/311
|turn|6
|c| dankbois|>crud
|
|switch|p1a: Landorus-Therian|Landorus-Therian, M|382\/382
|-ability|p1a: Landorus-Therian|Intimidate|[of] p2a: Diggersby
|-unboost|p2a: Diggersby|atk|1
|move|p2a: Diggersby|Swords Dance|p2a: Diggersby
|-boost|p2a: Diggersby|atk|2
|
|turn|7
|c| dankbois|puhlease
|c| The TurtleLord|its called scarf tran?
|c|âTYP-Cats|I mean flail diggers
|
|switch|p1a: Heatran|Heatran, M|323\/323
|move|p2a: Diggersby|Return|p1a: Heatran
|-resisted|p1a: Heatran
|-damage|p1a: Heatran|137\/323
|-damage|p2a: Diggersby|280\/311|[from] item: Life Orb
|
|turn|8
|c| dankbois|hes talking about diggers..
|c| dankbois|ohko's lan-t after rocks at -1
|
|switch|p2a: Tyranitar|Tyranitar, M, shiny|399\/399
|-weather|Sandstorm
|move|p1a: Heatran|Overheat|p2a: Tyranitar
|-crit|p2a: Tyranitar
|-resisted|p2a: Tyranitar
|-damage|p2a: Tyranitar|279\/399
|-unboost|p1a: Heatran|spa|2
|
|-weather|Sandstorm|[upkeep]
|turn|9
|c| dankbois|ohko's clefable
|leave|The TurtleLord
|
|move|p2a: Tyranitar|Pursuit|p1a: Heatran|[from]Pursuit
|-damage|p1a: Heatran|5\/323
|switch|p1a: Landorus-Therian|Landorus-Therian, M|382\/382
|-ability|p1a: Landorus-Therian|Intimidate|[of] p2a: Tyranitar
|-unboost|p2a: Tyranitar|atk|1
|
|-weather|Sandstorm|[upkeep]
|turn|10
|c| dankbois|does like 70% to bro
|
|move|p1a: Landorus-Therian|Earthquake|p2a: Tyranitar
|-supereffective|p2a: Tyranitar
|-damage|p2a: Tyranitar|0 fnt
|faint|p2a: Tyranitar
|
|-weather|Sandstorm|[upkeep]
|
|switch|p2a: Keldeo|Keldeo|140\/323
|turn|11
|
|switch|p1a: Celebi|Celebi|361\/361
|move|p2a: Keldeo|Scald|p1a: Celebi
|-resisted|p1a: Celebi
|-damage|p1a: Celebi|292\/361
|
|-weather|Sandstorm|[upkeep]
|-damage|p2a: Keldeo|120\/323|[from] sandstorm
|-damage|p1a: Celebi|270\/361|[from] sandstorm
|turn|12
|
|switch|p2a: Roserade|Roserade, F|324\/324
|move|p1a: Celebi|Earth Power|p2a: Roserade
|-damage|p2a: Roserade|249\/324
|-unboost|p2a: Roserade|spd|1
|
|-weather|Sandstorm|[upkeep]
|-damage|p1a: Celebi|248\/361|[from] sandstorm
|-damage|p2a: Roserade|229\/324|[from] sandstorm
|-heal|p2a: Roserade|249\/324|[from] item: Black Sludge
|turn|13
|
|switch|p1a: Landorus-Therian|Landorus-Therian, M|382\/382
|-ability|p1a: Landorus-Therian|Intimidate|[of] p2a: Roserade
|-unboost|p2a: Roserade|atk|1
|move|p2a: Roserade|Giga Drain|p1a: Landorus-Therian
|-damage|p1a: Landorus-Therian|247\/382
|-heal|p2a: Roserade|317\/324|[from] drain|[of] p1a: Landorus-Therian
|
|-weather|Sandstorm|[upkeep]
|-damage|p2a: Roserade|297\/324|[from] sandstorm
|-heal|p1a: Landorus-Therian|270\/382|[from] item: Leftovers
|-heal|p2a: Roserade|317\/324|[from] item: Black Sludge
|turn|14
|
|move|p1a: Landorus-Therian|Stealth Rock|p2a: Roserade
|-sidestart|p2: TYP-Cats|move: Stealth Rock
|move|p2a: Roserade|Leech Seed|p1a: Landorus-Therian
|-start|p1a: Landorus-Therian|move: Leech Seed
|
|-weather|Sandstorm|[upkeep]
|-damage|p2a: Roserade|297\/324|[from] sandstorm
|-heal|p1a: Landorus-Therian|293\/382|[from] item: Leftovers
|-heal|p2a: Roserade|317\/324|[from] item: Black Sludge
|-damage|p1a: Landorus-Therian|246\/382|[from] Leech Seed|[of] p2a: Roserade
|-heal|p2a: Roserade|324\/324|[silent]
|turn|15
|
|switch|p1a: Gardevoir|Gardevoir, M|277\/277
|-ability|p1a: Gardevoir|Natural Cure|[from] ability: Trace|[of] p2a: Roserade
|move|p2a: Roserade|Giga Drain|p1a: Gardevoir
|-damage|p1a: Gardevoir|184\/277
|
|-weather|none
|turn|16
|
|detailschange|p1a: Gardevoir|Gardevoir-Mega, M
|-mega|p1a: Gardevoir|Gardevoir|Gardevoirite
|move|p1a: Gardevoir|Psyshock|p2a: Roserade
|-supereffective|p2a: Roserade
|-damage|p2a: Roserade|0 fnt
|faint|p2a: Roserade
|
|
|switch|p2a: Excadrill|Excadrill, F|361\/361
|-damage|p2a: Excadrill|350\/361|[from] Stealth Rock
|turn|17
|
|move|p1a: Gardevoir|Focus Blast|p2a: Excadrill|[miss]
|-miss|p1a: Gardevoir|p2a: Excadrill
|move|p2a: Excadrill|Iron Head|p1a: Gardevoir
|-supereffective|p1a: Gardevoir
|-damage|p1a: Gardevoir|0 fnt
|-damage|p2a: Excadrill|314\/361|[from] item: Life Orb
|faint|p1a: Gardevoir
|
|join|jefo
|c|âTYP-Cats|sry
|c|âReverb|it's k
|
|switch|p1a: Landorus-Therian|Landorus-Therian, M|246\/382
|-ability|p1a: Landorus-Therian|Intimidate|[of] p2a: Excadrill
|-unboost|p2a: Excadrill|atk|1
|turn|18
|
|move|p2a: Excadrill|Rapid Spin|p1a: Landorus-Therian
|-damage|p1a: Landorus-Therian|228\/382
|-sideend|p2: TYP-Cats|Stealth Rock|[from] move: Rapid Spin|[of] p2a: Excadrill
|-damage|p2a: Excadrill|278\/361|[from] item: Life Orb
|move|p1a: Landorus-Therian|Earthquake|p2a: Excadrill
|-supereffective|p2a: Excadrill
|-damage|p2a: Excadrill|0 fnt
|faint|p2a: Excadrill
|
|-heal|p1a: Landorus-Therian|251\/382|[from] item: Leftovers
|c|âTYP-Cats|Wait why did i do that only no
|c|âTYP-Cats|now*
|
|switch|p2a: Keldeo|Keldeo|120\/323
|turn|19
|
|switch|p1a: Heatran|Heatran, M|5\/323
|move|p2a: Keldeo|Scald|p1a: Heatran
|-supereffective|p1a: Heatran
|-damage|p1a: Heatran|0 fnt
|faint|p1a: Heatran
|
|
|switch|p1a: Raikou|Raikou|321\/321
|-ability|p1a: Raikou|Pressure
|turn|20
|
|move|p2a: Keldeo|Scald|p1a: Raikou
|-damage|p1a: Raikou|225\/321
|-status|p1a: Raikou|brn
|move|p1a: Raikou|Extrasensory|p2a: Keldeo
|-supereffective|p2a: Keldeo
|-damage|p2a: Keldeo|0 fnt
|faint|p2a: Keldeo
|
|-damage|p1a: Raikou|185\/321 brn|[from] brn
|
|switch|p2a: Diggersby|Diggersby, M|280\/311
|turn|21
|
|move|p1a: Raikou|Hidden Power|p2a: Diggersby
|-supereffective|p2a: Diggersby
|-damage|p2a: Diggersby|128\/311
|move|p2a: Diggersby|Swords Dance|p2a: Diggersby
|-boost|p2a: Diggersby|atk|2
|
|-damage|p1a: Raikou|145\/321 brn|[from] brn
|turn|22
|
|switch|p1a: Landorus-Therian|Landorus-Therian, M|251\/382
|-ability|p1a: Landorus-Therian|Intimidate|[of] p2a: Diggersby
|-unboost|p2a: Diggersby|atk|1
|move|p2a: Diggersby|Quick Attack|p1a: Landorus-Therian
|-damage|p1a: Landorus-Therian|122\/382
|-damage|p2a: Diggersby|97\/311|[from] item: Life Orb
|
|-heal|p1a: Landorus-Therian|145\/382|[from] item: Leftovers
|turn|23
|c|âTYP-Cats|So uh, that assault vested?
|c|âTYP-Cats|That raikou
|leave|jefo
|
|move|p2a: Diggersby|Return|p1a: Landorus-Therian
|-crit|p1a: Landorus-Therian
|-damage|p1a: Landorus-Therian|0 fnt
|-damage|p2a: Diggersby|66\/311|[from] item: Life Orb
|faint|p1a: Landorus-Therian
|
|
|switch|p1a: Celebi|Celebi|248\/361
|turn|24
|
|move|p1a: Celebi|Earth Power|p2a: Diggersby
|-damage|p2a: Diggersby|0 fnt
|faint|p2a: Diggersby
|
|win|Reverb
|raw|Ladder updating...
|raw|Reverb's rating: 1717 &rarr; <strong>1725<\/strong><br \/>(+8 for winning)
|raw|TYP-Cats's rating: 1465 &rarr; <strong>1458<\/strong><br \/>(-7 for losing)
|c|âReverb|gg
|c|âTYP-Cats|gg
|leave|Escavalier
|c|âTYP-Cats|Holy... 1717
|leave|TYP-Cats
|player|p2