|join|Reverb
|join|coolblukid
|player|p1|Reverb|#reverb
|player|p2|coolblukid|1
|gametype|singles
|gen|6
|tier|OU
|rated
|clearpoke
|poke|p1|Metagross
|poke|p1|Heatran, M
|poke|p1|Landorus-Therian, M
|poke|p1|Rotom-Wash
|poke|p1|Keldeo-Resolute
|poke|p1|Gengar, F
|poke|p2|Conkeldurr, F
|poke|p2|Breloom, F
|poke|p2|Rotom-Wash
|poke|p2|Chansey, F
|poke|p2|Metagross
|poke|p2|Donphan, M
|rule|Swagger Clause: Swagger is banned
|rule|Baton Pass Clause: Limit one PokÃ©mon knowing Baton Pass
|rule|Sleep Clause Mod: Limit one foe put to sleep
|rule|Species Clause: Limit one of each PokÃ©mon
|rule|OHKO Clause: OHKO moves are banned
|rule|Moody Clause: Moody is banned
|rule|Evasion Moves Clause: Evasion moves are banned
|rule|Endless Battle Clause: Forcing endless battles is banned
|rule|HP Percentage Mod: HP is shown in percentages
|teampreview
|join|bluri
|join|MolleteLADD
|
|start
|switch|p1a: Gengar|Gengar, F|261\/261
|switch|p2a: Rotom-Wash|Rotom-Wash|304\/304
|turn|1
|
|switch|p2a: Chansey|Chansey, F|642\/642
|move|p1a: Gengar|Sludge Wave|p2a: Chansey
|-damage|p2a: Chansey|528\/642
|-damage|p1a: Gengar|235\/261|[from] item: Life Orb
|
|turn|2
|
|move|p1a: Gengar|Taunt|p2a: Chansey
|-start|p2a: Chansey|move: Taunt
|cant|p2a: Chansey|move: Taunt|Wish
|
|turn|3
|
|move|p1a: Gengar|Shadow Ball|p2a: Chansey
|-immune|p2a: Chansey|[msg]
|move|p2a: Chansey|Seismic Toss|p1a: Gengar
|-immune|p1a: Gengar|[msg]
|
|turn|4
|
|move|p1a: Gengar|Focus Blast|p2a: Chansey
|-supereffective|p2a: Chansey
|-damage|p2a: Chansey|333\/642
|-damage|p1a: Gengar|209\/261|[from] item: Life Orb
|move|p2a: Chansey|Seismic Toss|p1a: Gengar
|-immune|p1a: Gengar|[msg]
|
|-end|p2a: Chansey|move: Taunt
|turn|5
|
|switch|p2a: Donphan|Donphan, M|384\/384
|move|p1a: Gengar|Taunt|p2a: Donphan
|-start|p2a: Donphan|move: Taunt
|
|turn|6
|join|Bloodz
|
|switch|p1a: Rotom-Wash|Rotom-Wash|303\/303
|move|p2a: Donphan|Ice Shard|p1a: Rotom-Wash
|-resisted|p1a: Rotom-Wash
|-damage|p1a: Rotom-Wash|285\/303
|
|-heal|p1a: Rotom-Wash|303\/303|[from] item: Leftovers
|turn|7
|join|Apathos
|join|Prankster
|
|switch|p2a: Chansey|Chansey, F|333\/642
|move|p1a: Rotom-Wash|Volt Switch|p2a: Chansey
|-crit|p2a: Chansey
|-damage|p2a: Chansey|269\/642
|
|switch|p1a: Heatran|Heatran, M|385\/385
|
|turn|8
|
|move|p1a: Heatran|Taunt|p2a: Chansey
|-start|p2a: Chansey|move: Taunt
|cant|p2a: Chansey|move: Taunt|Soft-Boiled
|
|turn|9
|
|move|p1a: Heatran|Stealth Rock|p2a: Chansey
|-sidestart|p2: coolblukid|move: Stealth Rock
|move|p2a: Chansey|Seismic Toss|p1a: Heatran
|-damage|p1a: Heatran|285\/385
|
|-heal|p1a: Heatran|309\/385|[from] item: Leftovers
|turn|10
|
|move|p1a: Heatran|Lava Plume|p2a: Chansey
|-crit|p2a: Chansey
|-damage|p2a: Chansey|184\/642
|-status|p2a: Chansey|brn
|move|p2a: Chansey|Seismic Toss|p1a: Heatran
|-damage|p1a: Heatran|209\/385
|
|-heal|p1a: Heatran|233\/385|[from] item: Leftovers
|-damage|p2a: Chansey|104\/642 brn|[from] brn
|-end|p2a: Chansey|move: Taunt
|turn|11
|
|switch|p2a: Rotom-Wash|Rotom-Wash|304\/304
|-damage|p2a: Rotom-Wash|266\/304|[from] Stealth Rock
|move|p1a: Heatran|Taunt|p2a: Rotom-Wash
|-start|p2a: Rotom-Wash|move: Taunt
|
|-heal|p1a: Heatran|257\/385|[from] item: Leftovers
|-heal|p2a: Rotom-Wash|285\/304|[from] item: Leftovers
|turn|12
|
|move|p1a: Heatran|Lava Plume|p2a: Rotom-Wash
|-resisted|p2a: Rotom-Wash
|-damage|p2a: Rotom-Wash|228\/304
|move|p2a: Rotom-Wash|Hydro Pump|p1a: Heatran|[miss]
|-miss|p2a: Rotom-Wash|p1a: Heatran
|
|-heal|p1a: Heatran|281\/385|[from] item: Leftovers
|-heal|p2a: Rotom-Wash|247\/304|[from] item: Leftovers
|turn|13
|
|move|p1a: Heatran|Lava Plume|p2a: Rotom-Wash
|-resisted|p2a: Rotom-Wash
|-damage|p2a: Rotom-Wash|190\/304
|move|p2a: Rotom-Wash|Hydro Pump|p1a: Heatran|[miss]
|-miss|p2a: Rotom-Wash|p1a: Heatran
|
|-heal|p1a: Heatran|305\/385|[from] item: Leftovers
|-heal|p2a: Rotom-Wash|209\/304|[from] item: Leftovers
|turn|14
|c|âcoolblukid|-_-
|
|move|p1a: Heatran|Lava Plume|p2a: Rotom-Wash
|-resisted|p2a: Rotom-Wash
|-damage|p2a: Rotom-Wash|155\/304
|-status|p2a: Rotom-Wash|brn
|move|p2a: Rotom-Wash|Hydro Pump|p1a: Heatran
|-supereffective|p1a: Heatran
|-damage|p1a: Heatran|107\/385
|
|-heal|p1a: Heatran|131\/385|[from] item: Leftovers
|-heal|p2a: Rotom-Wash|174\/304 brn|[from] item: Leftovers
|-damage|p2a: Rotom-Wash|136\/304 brn|[from] brn
|-end|p2a: Rotom-Wash|move: Taunt
|turn|15
|
|move|p1a: Heatran|Lava Plume|p2a: Rotom-Wash
|-resisted|p2a: Rotom-Wash
|-damage|p2a: Rotom-Wash|79\/304 brn
|move|p2a: Rotom-Wash|Hydro Pump|p1a: Heatran
|-supereffective|p1a: Heatran
|-damage|p1a: Heatran|0 fnt
|faint|p1a: Heatran
|
|-heal|p2a: Rotom-Wash|98\/304 brn|[from] item: Leftovers
|-damage|p2a: Rotom-Wash|60\/304 brn|[from] brn
|
|switch|p1a: Rotom-Wash|Rotom-Wash|303\/303
|turn|16
|
|move|p1a: Rotom-Wash|Volt Switch|p2a: Rotom-Wash
|-damage|p2a: Rotom-Wash|0 fnt
|faint|p2a: Rotom-Wash
|join|Jefo
|
|switch|p1a: Keldeo-Resolute|Keldeo-Resolute|323\/323
|
|
|switch|p2a: Breloom|Breloom, F|262\/262
|-damage|p2a: Breloom|246\/262|[from] Stealth Rock
|turn|17
|
|move|p1a: Keldeo-Resolute|Secret Sword|p2a: Breloom
|-damage|p2a: Breloom|0 fnt
|faint|p2a: Breloom
|
|join|Hittoro
|
|switch|p2a: Metagross|Metagross|302\/302
|-damage|p2a: Metagross|284\/302|[from] Stealth Rock
|turn|18
|
|switch|p1a: Metagross|Metagross|301\/301
|detailschange|p2a: Metagross|Metagross-Mega
|-mega|p2a: Metagross|Metagross|Metagrossite
|move|p2a: Metagross|Zen Headbutt|p1a: Metagross
|-crit|p1a: Metagross
|-resisted|p1a: Metagross
|-damage|p1a: Metagross|242\/301
|
|turn|19
|
|switch|p2a: Chansey|Chansey, F|104\/642
|-damage|p2a: Chansey|24\/642|[from] Stealth Rock
|switch|p1a: Landorus-Therian|Landorus-Therian, M|327\/327
|-ability|p1a: Landorus-Therian|Intimidate|[of] p2a: Chansey
|-unboost|p2a: Chansey|atk|1
|
|turn|20
|join|Alkov
|
|move|p1a: Landorus-Therian|U-turn|p2a: Chansey
|-damage|p2a: Chansey|0 fnt
|faint|p2a: Chansey
|
|switch|p1a: Rotom-Wash|Rotom-Wash|303\/303
|
|
|switch|p2a: Conkeldurr|Conkeldurr, F|414\/414
|-damage|p2a: Conkeldurr|389\/414|[from] Stealth Rock
|turn|21
|
|move|p1a: Rotom-Wash|Will-O-Wisp|p2a: Conkeldurr
|-status|p2a: Conkeldurr|brn
|move|p2a: Conkeldurr|Drain Punch|p1a: Rotom-Wash
|-damage|p1a: Rotom-Wash|131\/303
|-heal|p2a: Conkeldurr|414\/414 brn|[from] drain|[of] p1a: Rotom-Wash
|
|-heal|p1a: Rotom-Wash|149\/303|[from] item: Leftovers
|-damage|p2a: Conkeldurr|363\/414 brn|[from] brn
|turn|22
|
|move|p1a: Rotom-Wash|Pain Split|p2a: Conkeldurr
|-sethp|p2a: Conkeldurr|256\/414 brn|p1a: Rotom-Wash|256\/303|[from] move: Pain Split
|move|p2a: Conkeldurr|Drain Punch|p1a: Rotom-Wash
|-damage|p1a: Rotom-Wash|102\/303
|-heal|p2a: Conkeldurr|333\/414 brn|[from] drain|[of] p1a: Rotom-Wash
|
|-heal|p1a: Rotom-Wash|120\/303|[from] item: Leftovers
|-damage|p2a: Conkeldurr|282\/414 brn|[from] brn
|turn|23
|
|move|p1a: Rotom-Wash|Pain Split|p2a: Conkeldurr
|-sethp|p2a: Conkeldurr|201\/414 brn|p1a: Rotom-Wash|201\/303|[from] move: Pain Split
|move|p2a: Conkeldurr|Drain Punch|p1a: Rotom-Wash
|-damage|p1a: Rotom-Wash|45\/303
|-heal|p2a: Conkeldurr|279\/414 brn|[from] drain|[of] p1a: Rotom-Wash
|
|-heal|p1a: Rotom-Wash|63\/303|[from] item: Leftovers
|-damage|p2a: Conkeldurr|228\/414 brn|[from] brn
|turn|24
|
|move|p2a: Conkeldurr|Mach Punch|p1a: Rotom-Wash
|-damage|p1a: Rotom-Wash|0 fnt
|faint|p1a: Rotom-Wash
|
|-damage|p2a: Conkeldurr|177\/414 brn|[from] brn
|
|switch|p1a: Landorus-Therian|Landorus-Therian, M|327\/327
|-ability|p1a: Landorus-Therian|Intimidate|[of] p2a: Conkeldurr
|-unboost|p2a: Conkeldurr|atk|1
|turn|25
|
|move|p1a: Landorus-Therian|Earthquake|p2a: Conkeldurr
|-damage|p2a: Conkeldurr|0 fnt
|faint|p2a: Conkeldurr
|
|
|switch|p2a: Donphan|Donphan, M|384\/384
|-damage|p2a: Donphan|360\/384|[from] Stealth Rock
|turn|26
|
|switch|p1a: Keldeo-Resolute|Keldeo-Resolute|323\/323
|move|p2a: Donphan|Stealth Rock|p1a: Keldeo-Resolute
|-sidestart|p1: Reverb|move: Stealth Rock
|
|-heal|p2a: Donphan|384\/384|[from] item: Leftovers
|turn|27
|
|move|p1a: Keldeo-Resolute|Scald|p2a: Donphan
|-supereffective|p2a: Donphan
|-activate|p2a: Donphan|Sturdy
|-damage|p2a: Donphan|1\/384
|move|p2a: Donphan|Earthquake|p1a: Keldeo-Resolute
|-damage|p1a: Keldeo-Resolute|116\/323
|
|-heal|p2a: Donphan|25\/384|[from] item: Leftovers
|turn|28
|join|Mistaken
|
|move|p2a: Donphan|Ice Shard|p1a: Keldeo-Resolute
|-resisted|p1a: Keldeo-Resolute
|-damage|p1a: Keldeo-Resolute|87\/323
|move|p1a: Keldeo-Resolute|Scald|p2a: Donphan
|-supereffective|p2a: Donphan
|-damage|p2a: Donphan|0 fnt
|faint|p2a: Donphan
|
|
|switch|p2a: Metagross|Metagross-Mega|284\/302
|-damage|p2a: Metagross|266\/302|[from] Stealth Rock
|turn|29
|
|move|p2a: Metagross|Zen Headbutt|p1a: Keldeo-Resolute|[miss]
|-miss|p2a: Metagross|p1a: Keldeo-Resolute
|move|p1a: Keldeo-Resolute|Scald|p2a: Metagross
|-damage|p2a: Metagross|58\/302
|-status|p2a: Metagross|brn
|
|-damage|p2a: Metagross|21\/302 brn|[from] brn
|turn|30
|c|âcoolblukid|...
|c|âReverb|gg
|c|âReverb|it's scarf lando
|c|âcoolblukid|gg fck hax
|join|Fliegende Nudel
|c|âcoolblukid|regardless if i didnt miss everything woulda killed a majority of ur team which woulda turned the game around
|join|Greninjaxx
|c|âReverb|umm
|-message|coolblukid forfeited.
|
|win|Reverb
|raw|Ladder updating...
|leave|coolblukid
|player|p2
|c|âReverb|majority
|raw|Reverb's rating: 1808 &rarr; <strong>1814<\/strong><br \/>(+6 for winning)
|raw|coolblukid's rating: 1509 &rarr; <strong>1503<\/strong><br \/>(-6 for losing)
|leave|Greninjaxx
|leave|Bloodz
|join|Bloodz
|leave|Bloodz