|join|Reverb
|join|N4f33z
|player|p1|Reverb|#reverb
|player|p2|N4f33z|52
|gametype|singles
|gen|6
|tier|OU
|rated
|clearpoke
|poke|p1|Celebi
|poke|p1|Heatran, F
|poke|p1|Gardevoir, M
|poke|p1|Keldeo
|poke|p1|Landorus-Therian, M
|poke|p1|Raikou
|poke|p2|Cloyster, M
|poke|p2|Wobbuffet, M
|poke|p2|Rotom-Wash
|poke|p2|Espeon, M
|poke|p2|Pinsir, F
|poke|p2|Zygarde
|rule|Swagger Clause: Swagger is banned
|rule|Baton Pass Clause: Limit one PokÃ©mon knowing Baton Pass
|rule|Sleep Clause Mod: Limit one foe put to sleep
|rule|Species Clause: Limit one of each PokÃ©mon
|rule|OHKO Clause: OHKO moves are banned
|rule|Moody Clause: Moody is banned
|rule|Evasion Moves Clause: Evasion moves are banned
|rule|Endless Battle Clause: Forcing endless battles is banned
|rule|HP Percentage Mod: HP is shown in percentages
|teampreview
|join|Qubae
|join|Escavalier
|join|Alkov
|join|iplaytennislol
|join|AM Vicious
|join|Emma Bae â¥
|c| Alkov|nice
|join|MushMunkey
|
|start
|switch|p1a: Gardevoir|Gardevoir, M|277\/277
|switch|p2a: Rotom-Wash|Rotom-Wash|276\/276
|-ability|p1a: Gardevoir|Levitate|[from] ability: Trace|[of] p2a: Rotom-Wash
|turn|1
|join|innovamania
|c| MushMunkey|reverb
|c| MushMunkey|I should snipe you
|c| MushMunkey|yn
|c|âReverb|lol
|
|detailschange|p1a: Gardevoir|Gardevoir-Mega, M
|-mega|p1a: Gardevoir|Gardevoir|Gardevoirite
|move|p2a: Rotom-Wash|Volt Switch|p1a: Gardevoir
|-damage|p1a: Gardevoir|190\/277
|c|âReverb|i could use the free pts
|join|I Iike Squirtles
|
|switch|p2a: Wobbuffet|Wobbuffet, M|584\/584
|move|p1a: Gardevoir|Hyper Voice|p2a: Wobbuffet
|-damage|p2a: Wobbuffet|320\/584
|
|-heal|p2a: Wobbuffet|356\/584|[from] item: Leftovers
|turn|2
|c| MushMunkey|nah I don't wanna lose muh elo points
|join|rob
|join|pls git gudd
|
|move|p1a: Gardevoir|Calm Mind|p1a: Gardevoir
|-boost|p1a: Gardevoir|spa|1
|-boost|p1a: Gardevoir|spd|1
|move|p2a: Wobbuffet|Mirror Coat|p1a: Gardevoir
|-fail|p1a: Gardevoir
|
|-heal|p2a: Wobbuffet|392\/584|[from] item: Leftovers
|turn|3
|c| MushMunkey|gl on ur laddering adventure
|
|move|p1a: Gardevoir|Hyper Voice|p2a: Wobbuffet
|-damage|p2a: Wobbuffet|0 fnt
|faint|p2a: Wobbuffet
|
|
|switch|p2a: Cloyster|Cloyster, M|242\/242
|turn|4
|c|âReverb|lol
|
|move|p1a: Gardevoir|Hyper Voice|p2a: Cloyster
|-enditem|p2a: Cloyster|Focus Sash
|-damage|p2a: Cloyster|1\/242
|move|p2a: Cloyster|Shell Smash|p2a: Cloyster
|-boost|p2a: Cloyster|atk|2
|-boost|p2a: Cloyster|spa|2
|-boost|p2a: Cloyster|spe|2
|-unboost|p2a: Cloyster|def|1
|-unboost|p2a: Cloyster|spd|1
|
|turn|5
|join|kektus
|c| kektus|reverb do you play tennis Lol
|
|switch|p1a: Heatran|Heatran, F|323\/323
|move|p2a: Cloyster|Icicle Spear|p1a: Heatran
|-resisted|p1a: Heatran
|-damage|p1a: Heatran|306\/323
|-resisted|p1a: Heatran
|-damage|p1a: Heatran|289\/323
|-resisted|p1a: Heatran
|-damage|p1a: Heatran|271\/323
|-resisted|p1a: Heatran
|-damage|p1a: Heatran|254\/323
|-resisted|p1a: Heatran
|-damage|p1a: Heatran|236\/323
|-hitcount|p1a: Heatran|5
|
|turn|6
|c| iplaytennislol|lmao
|c| MushMunkey|kek
|join|Biz
|
|move|p2a: Cloyster|Razor Shell|p1a: Heatran
|-supereffective|p1a: Heatran
|-damage|p1a: Heatran|0 fnt
|faint|p1a: Heatran
|
|join|hand relief
|c| kektus|damn.
|
|switch|p1a: Keldeo|Keldeo|323\/323
|turn|7
|c| Alkov|explode
|c| Alkov|cloyster
|c| kektus|hando-chan~
|
|move|p2a: Cloyster|Icicle Spear|p1a: Keldeo
|-resisted|p1a: Keldeo
|-damage|p1a: Keldeo|281\/323
|-resisted|p1a: Keldeo
|-damage|p1a: Keldeo|239\/323
|-resisted|p1a: Keldeo
|-damage|p1a: Keldeo|197\/323
|-crit|p1a: Keldeo
|-resisted|p1a: Keldeo
|-damage|p1a: Keldeo|132\/323
|-crit|p1a: Keldeo
|-resisted|p1a: Keldeo
|-damage|p1a: Keldeo|72\/323
|-hitcount|p1a: Keldeo|5
|move|p1a: Keldeo|Scald|p2a: Cloyster
|-resisted|p2a: Cloyster
|-damage|p2a: Cloyster|0 fnt
|faint|p2a: Cloyster
|
|c| MushMunkey|no explosion
|c| MushMunkey|you aren't a real man
|c| kektus|what time is it in australayylmao
|c| Escavalier|7:45am
|
|switch|p2a: Espeon|Espeon, M|271\/271
|turn|8
|c| Escavalier|*pm
|c| hand relief|nearly 7pm
|
|move|p2a: Espeon|Psychic|p1a: Keldeo
|-supereffective|p1a: Keldeo
|-damage|p1a: Keldeo|0 fnt
|faint|p1a: Keldeo
|
|join|Prankster
|c| hand relief|nice gaylight savings escav ;)
|
|switch|p1a: Gardevoir|Gardevoir-Mega, M|190\/277
|turn|9
|c| I Iike Squirtles|and it still hot as fuck
|c| kektus|;)
|
|switch|p2a: Pinsir|Pinsir, F|272\/272
|move|p1a: Gardevoir|Hyper Voice|p2a: Pinsir
|-damage|p2a: Pinsir|0 fnt
|faint|p2a: Pinsir
|
|join|Void
|
|switch|p2a: Rotom-Wash|Rotom-Wash|276\/276
|turn|10
|c| MushMunkey|reverb u pick the best times to laddr
|c| MushMunkey|aren't u lucky
|
|move|p2a: Rotom-Wash|Hydro Pump|p1a: Gardevoir|[miss]
|-miss|p2a: Rotom-Wash|p1a: Gardevoir
|move|p1a: Gardevoir|Hyper Voice|p2a: Rotom-Wash
|-damage|p2a: Rotom-Wash|41\/276
|
|turn|11
|c| MushMunkey|eh?
|c| Alkov|scarfed rotom
|
|switch|p1a: Celebi|Celebi|361\/361
|move|p2a: Rotom-Wash|Hydro Pump|p1a: Celebi
|-resisted|p1a: Celebi
|-damage|p1a: Celebi|277\/361
|
|turn|12
|join|Acrokid098
|
|switch|p2a: Espeon|Espeon, M|271\/271
|switch|p1a: Raikou|Raikou|321\/321
|-ability|p1a: Raikou|Pressure
|
|turn|13
|join|jefo
|
|move|p1a: Raikou|Volt Switch|p2a: Espeon
|-damage|p2a: Espeon|151\/271
|
|switch|p1a: Celebi|Celebi|277\/361
|move|p2a: Espeon|Psychic|p1a: Celebi
|-resisted|p1a: Celebi
|-damage|p1a: Celebi|167\/361
|-unboost|p1a: Celebi|spd|1
|
|turn|14
|
|move|p2a: Espeon|Psychic|p1a: Celebi
|-resisted|p1a: Celebi
|-damage|p1a: Celebi|0 fnt
|faint|p1a: Celebi
|
|
|switch|p1a: Gardevoir|Gardevoir-Mega, M|190\/277
|turn|15
|
|move|p2a: Espeon|Psychic|p1a: Gardevoir
|-crit|p1a: Gardevoir
|-resisted|p1a: Gardevoir
|-damage|p1a: Gardevoir|63\/277
|move|p1a: Gardevoir|Hyper Voice|p2a: Espeon
|-damage|p2a: Espeon|0 fnt
|faint|p2a: Espeon
|
|
|switch|p2a: Rotom-Wash|Rotom-Wash|41\/276
|turn|16
|
|switch|p1a: Raikou|Raikou|321\/321
|-ability|p1a: Raikou|Pressure
|move|p2a: Rotom-Wash|Hydro Pump|p1a: Raikou
|-damage|p1a: Raikou|219\/321
|
|turn|17
|
|move|p2a: Rotom-Wash|Hydro Pump|p1a: Raikou
|-damage|p1a: Raikou|110\/321
|move|p1a: Raikou|Thunderbolt|p2a: Rotom-Wash
|-damage|p2a: Rotom-Wash|0 fnt
|faint|p2a: Rotom-Wash
|
|join|xTraSmallDick
|
|switch|p2a: Zygarde|Zygarde|358\/358
|-ability|p2a: Zygarde|Aura Break
|turn|18
|
|move|p1a: Raikou|Hidden Power|p2a: Zygarde
|-supereffective|p2a: Zygarde
|-damage|p2a: Zygarde|58\/358
|move|p2a: Zygarde|Dragon Dance|p2a: Zygarde
|-boost|p2a: Zygarde|atk|1
|-boost|p2a: Zygarde|spe|1
|
|turn|19
|c| MushMunkey|DD Here
|c| MushMunkey|and win
|c| MushMunkey|epic
|join|TCW
|
|move|p2a: Zygarde|Earthquake|p1a: Raikou
|-supereffective|p1a: Raikou
|-damage|p1a: Raikou|0 fnt
|faint|p1a: Raikou
|
|
|switch|p1a: Landorus-Therian|Landorus-Therian, M|382\/382
|-ability|p1a: Landorus-Therian|Intimidate|[of] p2a: Zygarde
|-unboost|p2a: Zygarde|atk|1
|turn|20
|c| MushMunkey|rest here
|c| MushMunkey|chesto resto
|
|move|p2a: Zygarde|Outrage|p1a: Landorus-Therian
|-crit|p1a: Landorus-Therian
|-damage|p1a: Landorus-Therian|135\/382
|move|p1a: Landorus-Therian|Earthquake|p2a: Zygarde
|-damage|p2a: Zygarde|0 fnt
|faint|p2a: Zygarde
|
|win|Reverb
|raw|Ladder updating...
|raw|Reverb's rating: 1720 &rarr; <strong>1735<\/strong><br \/>(+15 for winning)
|raw|N4f33z's rating: 1639 &rarr; <strong>1624<\/strong><br \/>(-15 for losing)
|c|âReverb|gg
|c| MushMunkey|;__;
|c| Void|dang crit did 0
|leave|N4f33z
|player|p2
|leave|iplaytennislol
|leave|Biz
|leave|Escavalier