|join|Reverb
|join|FWScizor
|player|p1|Reverb|#reverb
|player|p2|FWScizor|151
|gametype|singles
|gen|6
|tier|OU
|rated
|clearpoke
|poke|p1|Tornadus-Therian, M
|poke|p1|Metagross
|poke|p1|Keldeo
|poke|p1|Landorus-Therian, M
|poke|p1|Rotom-Wash
|poke|p1|Clefable, M
|poke|p2|Landorus-Therian, M
|poke|p2|Togekiss, F
|poke|p2|Serperior, M
|poke|p2|Latios, M
|poke|p2|Heatran, M
|poke|p2|Heracross, M
|rule|Swagger Clause: Swagger is banned
|rule|Baton Pass Clause: Limit one PokÃ©mon knowing Baton Pass
|rule|Sleep Clause Mod: Limit one foe put to sleep
|rule|Species Clause: Limit one of each PokÃ©mon
|rule|OHKO Clause: OHKO moves are banned
|rule|Moody Clause: Moody is banned
|rule|Evasion Moves Clause: Evasion moves are banned
|rule|Endless Battle Clause: Forcing endless battles is banned
|rule|HP Percentage Mod: HP is shown in percentages
|teampreview
|join|str8 noobin
|
|start
|switch|p1a: Big Bird|Tornadus-Therian, M|299\/299
|switch|p2a: Landorus-Therian|Landorus-Therian, M|382\/382
|-ability|p2a: Landorus-Therian|Intimidate|[of] p1a: Big Bird
|-unboost|p1a: Big Bird|atk|1
|turn|1
|
|switch|p1a: Tony|Landorus-Therian, M|367\/367
|-ability|p1a: Tony|Intimidate|[of] p2a: Landorus-Therian
|-unboost|p2a: Landorus-Therian|atk|1
|move|p2a: Landorus-Therian|Stealth Rock|p1a: Tony
|-sidestart|p1: Reverb|move: Stealth Rock
|
|turn|2
|
|move|p1a: Tony|Stealth Rock|p2a: Landorus-Therian
|-sidestart|p2: FWScizor|move: Stealth Rock
|move|p2a: Landorus-Therian|Knock Off|p1a: Tony
|-damage|p1a: Tony|310\/367
|-enditem|p1a: Tony|Leftovers|[from] move: Knock Off|[of] p2a: Landorus-Therian
|
|turn|3
|join|talonphlegm
|
|move|p1a: Tony|U-turn|p2a: Landorus-Therian
|-resisted|p2a: Landorus-Therian
|-damage|p2a: Landorus-Therian|352\/382
|
|switch|p1a: Kyau|Rotom-Wash|303\/303
|-damage|p1a: Kyau|266\/303|[from] Stealth Rock
|move|p2a: Landorus-Therian|U-turn|p1a: Kyau
|-damage|p1a: Kyau|232\/303
|
|switch|p2a: Serperior|Serperior, M|291\/291
|-damage|p2a: Serperior|255\/291|[from] Stealth Rock
|
|-heal|p2a: Serperior|273\/291|[from] item: Leftovers
|-heal|p1a: Kyau|250\/303|[from] item: Leftovers
|turn|4
|
|switch|p1a: Big Bird|Tornadus-Therian, M|299\/299
|-damage|p1a: Big Bird|225\/299|[from] Stealth Rock
|move|p2a: Serperior|Substitute|p2a: Serperior
|-start|p2a: Serperior|Substitute
|-damage|p2a: Serperior|201\/291
|
|-heal|p2a: Serperior|219\/291|[from] item: Leftovers
|turn|5
|
|move|p1a: Big Bird|Knock Off|p2a: Serperior
|-end|p2a: Serperior|Substitute
|-damage|p1a: Big Bird|196\/299|[from] item: Life Orb
|move|p2a: Serperior|Leech Seed|p1a: Big Bird
|-start|p1a: Big Bird|move: Leech Seed
|
|-heal|p2a: Serperior|237\/291|[from] item: Leftovers
|-damage|p1a: Big Bird|159\/299|[from] Leech Seed|[of] p2a: Serperior
|-heal|p2a: Serperior|274\/291|[silent]
|turn|6
|leave|str8 noobin
|join|str8 noobin
|
|switch|p1a: Jono|Metagross|301\/301
|-damage|p1a: Jono|283\/301|[from] Stealth Rock
|switch|p2a: Landorus-Therian|Landorus-Therian, M|352\/382
|-damage|p2a: Landorus-Therian|305\/382|[from] Stealth Rock
|-ability|p2a: Landorus-Therian|Intimidate|[of] p1a: Jono
|-fail|p1a: Jono|unboost|[from] ability: Clear Body|[of] p1a: Jono
|
|-heal|p2a: Landorus-Therian|328\/382|[from] item: Leftovers
|turn|7
|
|switch|p1a: Kyau|Rotom-Wash|250\/303
|-damage|p1a: Kyau|213\/303|[from] Stealth Rock
|move|p2a: Landorus-Therian|Knock Off|p1a: Kyau
|-damage|p1a: Kyau|134\/303
|-enditem|p1a: Kyau|Leftovers|[from] move: Knock Off|[of] p2a: Landorus-Therian
|
|-heal|p2a: Landorus-Therian|351\/382|[from] item: Leftovers
|turn|8
|
|switch|p2a: Latios|Latios, M|302\/302
|-damage|p2a: Latios|265\/302|[from] Stealth Rock
|move|p1a: Kyau|Pain Split|p2a: Latios
|-sethp|p2a: Latios|199\/302|p1a: Kyau|199\/303|[from] move: Pain Split
|
|turn|9
|
|switch|p1a: Jono|Metagross|283\/301
|-damage|p1a: Jono|265\/301|[from] Stealth Rock
|move|p2a: Latios|Defog|p1a: Jono
|-fail|p1a: Jono|unboost|[from] ability: Clear Body|[of] p1a: Jono
|-sideend|p1: Reverb|Stealth Rock|[from] move: Defog|[of] p1a: Jono
|-sideend|p2: FWScizor|Stealth Rock|[from] move: Defog|[of] p2a: Latios
|
|turn|10
|
|switch|p2a: Landorus-Therian|Landorus-Therian, M|351\/382
|-ability|p2a: Landorus-Therian|Intimidate|[of] p1a: Jono
|-fail|p1a: Jono|unboost|[from] ability: Clear Body|[of] p1a: Jono
|detailschange|p1a: Jono|Metagross-Mega
|-mega|p1a: Jono|Metagross|Metagrossite
|move|p1a: Jono|Meteor Mash|p2a: Landorus-Therian
|-crit|p2a: Landorus-Therian
|-damage|p2a: Landorus-Therian|89\/382
|
|-heal|p2a: Landorus-Therian|112\/382|[from] item: Leftovers
|turn|11
|join|snickersserperior
|c| snickersserperior|serperior
|c| snickersserperior|....is that serperiorsnickers!
|
|switch|p2a: Heatran|Heatran, M|323\/323
|move|p1a: Jono|Meteor Mash|p2a: Heatran
|-resisted|p2a: Heatran
|-damage|p2a: Heatran|271\/323
|-boost|p1a: Jono|atk|1
|
|-heal|p2a: Heatran|291\/323|[from] item: Leftovers
|turn|12
|leave|str8 noobin
|
|switch|p2a: Landorus-Therian|Landorus-Therian, M|112\/382
|-ability|p2a: Landorus-Therian|Intimidate|[of] p1a: Jono
|-unboost|p1a: Jono|atk|1
|move|p1a: Jono|Hammer Arm|p2a: Landorus-Therian
|-resisted|p2a: Landorus-Therian
|-damage|p2a: Landorus-Therian|44\/382
|-unboost|p1a: Jono|spe|1
|
|-heal|p2a: Landorus-Therian|67\/382|[from] item: Leftovers
|turn|13
|join|yuy
|
|switch|p1a: Tony|Landorus-Therian, M|310\/367
|-ability|p1a: Tony|Intimidate|[of] p2a: Landorus-Therian
|-unboost|p2a: Landorus-Therian|atk|1
|move|p2a: Landorus-Therian|Knock Off|p1a: Tony
|-damage|p1a: Tony|270\/367
|
|-heal|p2a: Landorus-Therian|90\/382|[from] item: Leftovers
|turn|14
|join|str8 noobin
|
|move|p1a: Tony|Stealth Rock|p2a: Landorus-Therian
|-sidestart|p2: FWScizor|move: Stealth Rock
|move|p2a: Landorus-Therian|Stealth Rock|p1a: Tony
|-sidestart|p1: Reverb|move: Stealth Rock
|
|-heal|p2a: Landorus-Therian|113\/382|[from] item: Leftovers
|turn|15
|join|Cienight
|
|move|p1a: Tony|Stone Edge|p2a: Landorus-Therian
|-damage|p2a: Landorus-Therian|23\/382
|move|p2a: Landorus-Therian|U-turn|p1a: Tony
|-resisted|p1a: Tony
|-damage|p1a: Tony|248\/367
|leave|Cienight
|
|switch|p2a: Latios|Latios, M|199\/302
|-damage|p2a: Latios|162\/302|[from] Stealth Rock
|
|turn|16
|
|switch|p1a: Albert|Clefable, M|394\/394
|move|p2a: Latios|Draco Meteor|p1a: Albert
|-immune|p1a: Albert|[msg]
|
|turn|17
|
|switch|p2a: Heatran|Heatran, M|291\/323
|-damage|p2a: Heatran|251\/323|[from] Stealth Rock
|move|p1a: Albert|Moonblast|p2a: Heatran
|-resisted|p2a: Heatran
|-damage|p2a: Heatran|227\/323
|-unboost|p2a: Heatran|spa|1
|
|-heal|p2a: Heatran|247\/323|[from] item: Leftovers
|turn|18
|join|Numera
|join|Croven
|
|move|p2a: Heatran|Toxic|p1a: Albert
|-status|p1a: Albert|tox
|move|p1a: Albert|Calm Mind|p1a: Albert
|-boost|p1a: Albert|spa|1
|-boost|p1a: Albert|spd|1
|
|-heal|p2a: Heatran|267\/323|[from] item: Leftovers
|turn|19
|
|switch|p2a: Latios|Latios, M|162\/302
|-damage|p2a: Latios|125\/302|[from] Stealth Rock
|move|p1a: Albert|Moonblast|p2a: Latios
|-supereffective|p2a: Latios
|-damage|p2a: Latios|0 fnt
|faint|p2a: Latios
|
|
|switch|p2a: Heatran|Heatran, M|267\/323
|-damage|p2a: Heatran|227\/323|[from] Stealth Rock
|turn|20
|
|move|p2a: Heatran|Earth Power|p1a: Albert
|-damage|p1a: Albert|329\/394 tox
|move|p1a: Albert|Calm Mind|p1a: Albert
|-boost|p1a: Albert|spa|1
|-boost|p1a: Albert|spd|1
|
|-heal|p2a: Heatran|247\/323|[from] item: Leftovers
|-heal|p1a: Albert|353\/394 tox|[from] item: Leftovers
|turn|21
|
|switch|p2a: Landorus-Therian|Landorus-Therian, M|23\/382
|-damage|p2a: Landorus-Therian|0 fnt|[from] Stealth Rock
|faint|p2a: Landorus-Therian
|move|p1a: Albert|Calm Mind|p1a: Albert
|-boost|p1a: Albert|spa|1
|-boost|p1a: Albert|spd|1
|
|-heal|p1a: Albert|377\/394 tox|[from] item: Leftovers
|
|switch|p2a: Heracross|Heracross, M|301\/301
|-damage|p2a: Heracross|264\/301|[from] Stealth Rock
|turn|22
|join|FuckHaxx3
|
|detailschange|p2a: Heracross|Heracross-Mega, M
|-mega|p2a: Heracross|Heracross|Heracronite
|move|p2a: Heracross|Bullet Seed|p1a: Albert
|-damage|p1a: Albert|334\/394 tox
|-damage|p1a: Albert|294\/394 tox
|-damage|p1a: Albert|254\/394 tox
|-damage|p1a: Albert|215\/394 tox
|-damage|p1a: Albert|171\/394 tox
|-hitcount|p1a: Albert|5
|move|p1a: Albert|Moonblast|p2a: Heracross
|-supereffective|p2a: Heracross
|-damage|p2a: Heracross|0 fnt
|faint|p2a: Heracross
|
|-heal|p1a: Albert|195\/394 tox|[from] item: Leftovers
|leave|FuckHaxx3
|
|switch|p2a: Serperior|Serperior, M|274\/291
|-damage|p2a: Serperior|238\/291|[from] Stealth Rock
|turn|23
|
|move|p2a: Serperior|Leaf Storm|p1a: Albert
|-damage|p1a: Albert|137\/394 tox
|-boost|p2a: Serperior|spa|2
|move|p1a: Albert|Flamethrower|p2a: Serperior
|-supereffective|p2a: Serperior
|-damage|p2a: Serperior|0 fnt
|faint|p2a: Serperior
|
|-heal|p1a: Albert|161\/394 tox|[from] item: Leftovers
|join|Cashier
|join|CatchThisDead
|join|JC Frost
|
|switch|p2a: Togekiss|Togekiss, F|312\/312
|-damage|p2a: Togekiss|234\/312|[from] Stealth Rock
|turn|24
|c|âFWScizor|crap 6 - 0
|c|âFWScizor|lol
|c|âFWScizor|gg
|c|âReverb|gg
|
|move|p2a: Togekiss|Air Slash|p1a: Albert
|-damage|p1a: Albert|115\/394 tox
|move|p1a: Albert|Soft-Boiled|p1a: Albert
|-heal|p1a: Albert|312\/394 tox
|
|-heal|p1a: Albert|336\/394 tox|[from] item: Leftovers
|turn|25
|-message|FWScizor forfeited.
|leave|FWScizor
|
|win|Reverb
|raw|Ladder updating...
|player|p2
|raw|Ladder (probably) updated, but score could not be retrieved (timeout).
|raw|Ladder (probably) updated, but score could not be retrieved (Error: socket hang up).