|join|Reverb
|join|Zabrael
|c|âReverb|ned
|player|p1|Reverb|#reverb
|player|p2|Zabrael|146
|gametype|singles
|gen|6
|tier|OU
|rated
|clearpoke
|poke|p1|Celebi
|poke|p1|Heatran, F
|poke|p1|Gardevoir, F
|poke|p1|Keldeo
|poke|p1|Landorus-Therian, M
|poke|p1|Raikou
|poke|p2|Alakazam, F
|poke|p2|Kyurem-Black
|poke|p2|Wobbuffet, M
|poke|p2|Landorus-Therian, M
|poke|p2|Manectric, F
|poke|p2|Rotom-Wash
|rule|Swagger Clause: Swagger is banned
|rule|Baton Pass Clause: Limit one PokÃ©mon knowing Baton Pass
|rule|Sleep Clause Mod: Limit one foe put to sleep
|rule|Species Clause: Limit one of each PokÃ©mon
|rule|OHKO Clause: OHKO moves are banned
|rule|Moody Clause: Moody is banned
|rule|Evasion Moves Clause: Evasion moves are banned
|rule|Endless Battle Clause: Forcing endless battles is banned
|rule|HP Percentage Mod: HP is shown in percentages
|teampreview
|join|etaoi
|join|Qubae
|join|iplaytennislol
|join|Alkov
|join|Escavalier
|c|âReverb|hf
|join|will i lose
|join|I Iike Squirtles
|join|Prankster
|join|jefo
|
|start
|switch|p1a: Gardevoir|Gardevoir, F|277\/277
|switch|p2a: Kyurem-Black|Kyurem-Black|392\/392
|-ability|p2a: Kyurem-Black|Teravolt
|-ability|p1a: Gardevoir|Teravolt|[from] ability: Trace|[of] p2a: Kyurem-Black
|-ability|p1a: Gardevoir|Teravolt
|turn|1
|leave|will i lose
|
|detailschange|p1a: Gardevoir|Gardevoir-Mega, F
|-mega|p1a: Gardevoir|Gardevoir|Gardevoirite
|move|p2a: Kyurem-Black|Iron Head|p1a: Gardevoir
|-supereffective|p1a: Gardevoir
|-damage|p1a: Gardevoir|0 fnt
|faint|p1a: Gardevoir
|
|
|switch|p1a: Landorus-Therian|Landorus-Therian, M|382\/382
|-ability|p1a: Landorus-Therian|Intimidate|[of] p2a: Kyurem-Black
|-unboost|p2a: Kyurem-Black|atk|1
|turn|2
|
|switch|p2a: Rotom-Wash|Rotom-Wash|304\/304
|move|p1a: Landorus-Therian|Stealth Rock|p2a: Rotom-Wash
|-sidestart|p2: Zabrael|move: Stealth Rock
|
|turn|3
|
|move|p1a: Landorus-Therian|U-turn|p2a: Rotom-Wash
|-damage|p2a: Rotom-Wash|248\/304
|-damage|p1a: Landorus-Therian|319\/382|[from] item: Rocky Helmet|[of] p2a: Rotom-Wash
|
|switch|p1a: Celebi|Celebi|361\/361
|move|p2a: Rotom-Wash|Volt Switch|p1a: Celebi
|-resisted|p1a: Celebi
|-damage|p1a: Celebi|316\/361
|
|switch|p2a: Landorus-Therian|Landorus-Therian, M|329\/329
|-damage|p2a: Landorus-Therian|288\/329|[from] Stealth Rock
|-ability|p2a: Landorus-Therian|Intimidate|[of] p1a: Celebi
|-unboost|p1a: Celebi|atk|1
|
|-heal|p2a: Landorus-Therian|308\/329|[from] item: Leftovers
|turn|4
|
|move|p2a: Landorus-Therian|Knock Off|p1a: Celebi
|-supereffective|p1a: Celebi
|-damage|p1a: Celebi|90\/361
|-enditem|p1a: Celebi|Expert Belt|[from] move: Knock Off|[of] p2a: Landorus-Therian
|move|p1a: Celebi|Leaf Storm|p2a: Landorus-Therian
|-damage|p2a: Landorus-Therian|70\/329
|-unboost|p1a: Celebi|spa|2
|
|-heal|p2a: Landorus-Therian|90\/329|[from] item: Leftovers
|turn|5
|
|move|p2a: Landorus-Therian|Knock Off|p1a: Celebi
|-supereffective|p1a: Celebi
|-damage|p1a: Celebi|0 fnt
|faint|p1a: Celebi
|
|-heal|p2a: Landorus-Therian|110\/329|[from] item: Leftovers
|
|switch|p1a: Raikou|Raikou|321\/321
|-ability|p1a: Raikou|Pressure
|turn|6
|
|switch|p2a: Kyurem-Black|Kyurem-Black|392\/392
|-damage|p2a: Kyurem-Black|294\/392|[from] Stealth Rock
|-ability|p2a: Kyurem-Black|Teravolt
|move|p1a: Raikou|Hidden Power|p2a: Kyurem-Black
|-damage|p2a: Kyurem-Black|224\/392
|
|turn|7
|
|move|p1a: Raikou|Thunderbolt|p2a: Kyurem-Black
|-resisted|p2a: Kyurem-Black
|-damage|p2a: Kyurem-Black|146\/392
|move|p2a: Kyurem-Black|Outrage|p1a: Raikou
|-damage|p1a: Raikou|0 fnt
|faint|p1a: Raikou
|
|
|switch|p1a: Landorus-Therian|Landorus-Therian, M|319\/382
|-ability|p1a: Landorus-Therian|Intimidate|[of] p2a: Kyurem-Black
|-unboost|p2a: Kyurem-Black|atk|1
|turn|8
|join|rob
|
|move|p2a: Kyurem-Black|Outrage|p1a: Landorus-Therian
|-damage|p1a: Landorus-Therian|82\/382
|move|p1a: Landorus-Therian|Earthquake|p2a: Kyurem-Black
|-damage|p2a: Kyurem-Black|0 fnt
|faint|p2a: Kyurem-Black
|
|-heal|p1a: Landorus-Therian|105\/382|[from] item: Leftovers
|-message|Reverb forfeited.
|
|win|Zabrael
|raw|Ladder updating...
|leave|Reverb
|player|p1
|raw|Reverb's rating: 1738 &rarr; <strong>1710<\/strong><br \/>(-28 for losing)
|raw|Zabrael's rating: 1599 &rarr; <strong>1626<\/strong><br \/>(+27 for winning)
|leave|Escavalier
|leave|jefo
|leave|rob
|leave|Qubae
|leave|etaoi
|leave|iplaytennislol
|join|Qubae
|join|jefo
|join|Dream Eater Gengar
|join|Reverb
|join|iplaytennislol
|leave|Reverb
|leave|iplaytennislol
|leave|Zabrael
|player|p2
|leave|Dream Eater Gengar
|leave|Qubae
|leave|I Iike Squirtles
|leave|Alkov
|join|Alkov
|leave|Alkov
|leave|jefo
|join|etaoi