|join|Camilas
|join|Reverb
|player|p1|Camilas|238
|player|p2|Reverb|#reverb
|gametype|singles
|gen|6
|tier|OU
|rated
|clearpoke
|poke|p1|Metagross
|poke|p1|Keldeo
|poke|p1|Mamoswine, F
|poke|p1|Skarmory, M
|poke|p1|Gengar, M
|poke|p1|Tyranitar, F
|poke|p2|Lopunny, F
|poke|p2|Celebi
|poke|p2|Tyranitar, M
|poke|p2|Keldeo
|poke|p2|Landorus-Therian, M
|poke|p2|Empoleon, M
|rule|Swagger Clause: Swagger is banned
|rule|Baton Pass Clause: Limit one PokÃ©mon knowing Baton Pass
|rule|Sleep Clause Mod: Limit one foe put to sleep
|rule|Species Clause: Limit one of each PokÃ©mon
|rule|OHKO Clause: OHKO moves are banned
|rule|Moody Clause: Moody is banned
|rule|Evasion Moves Clause: Evasion moves are banned
|rule|Endless Battle Clause: Forcing endless battles is banned
|rule|HP Percentage Mod: HP is shown in percentages
|teampreview
|join|iplaytennislol
|join|NagariHO
|join|WECAMEASROMANS
|join|fingerscrossed
|join|Moony
|join|daftmau5
|c| NagariHO|i though u said rain
|c| NagariHO|oh well
|join|Ox the Box
|join|Cienight
|c|âReverb|i said im done
|join|Silver~Aurum
|c| NagariHO|oh that done
|c| Ox the Box|rain is annoying
|join|squirrelll
|c| NagariHO|its nb imo
|c| Ox the Box|reverb did u build this
|
|start
|switch|p1a: Mamoswine|Mamoswine, F|361\/361
|switch|p2a: Keldeo|Keldeo|323\/323
|turn|1
|c|âCamilas|y da fuck are so much people joining
|c|âReverb|squirrell
|join|Mistaken
|
|move|p2a: Keldeo|Scald|p1a: Mamoswine
|-supereffective|p1a: Mamoswine
|-enditem|p1a: Mamoswine|Focus Sash
|-damage|p1a: Mamoswine|1\/361
|-status|p1a: Mamoswine|brn
|move|p1a: Mamoswine|Endeavor|p2a: Keldeo
|-damage|p2a: Keldeo|1\/323
|
|-damage|p1a: Mamoswine|0 fnt|[from] brn
|faint|p1a: Mamoswine
|c| Ox the Box|camilas reverb is a global mod we're hoping to get global voice if we follow him around enough
|c| Silver~Aurum|-_-
|c| iplaytennislol|LOL
|c| Silver~Aurum|Im just bored
|
|switch|p1a: Metagross|Metagross|301\/301
|turn|2
|join|oml it's too ez
|join|FlamingVictini PB
|c| NagariHO|oml it's too ez
|join|QueenOfLuvdiscs
|
|switch|p2a: Empoleon|Empoleon, M|371\/371
|detailschange|p1a: Metagross|Metagross-Mega
|-mega|p1a: Metagross|Metagross|Metagrossite
|move|p1a: Metagross|Bullet Punch|p2a: Empoleon
|-resisted|p2a: Empoleon
|-damage|p2a: Empoleon|350\/371
|
|-heal|p2a: Empoleon|371\/371|[from] item: Leftovers
|turn|3
|join|Qubae
|c| FlamingVictini PB|its chople empoleon
|c| FlamingVictini PB|ben gay innovation
|c| NagariHO|lol
|c| FlamingVictini PB|don't use hammer arm
|
|move|p1a: Metagross|Hammer Arm|p2a: Empoleon
|-crit|p2a: Empoleon
|-supereffective|p2a: Empoleon
|-damage|p2a: Empoleon|0 fnt
|-unboost|p1a: Metagross|spe|1
|faint|p2a: Empoleon
|
|c| NagariHO|LOL
|c|âReverb|:(
|c| Ox the Box|zzz
|c|âReverb|hax
|c|âCamilas|why not
|c| FlamingVictini PB|i believe that crit actually mattered
|c| NagariHO|da chople
|c|âReverb|it did
|c|âCamilas|i predicted it
|c| NagariHO|a lot
|c| FlamingVictini PB|Camilas liar
|
|switch|p2a: Landorus-Therian|Landorus-Therian, M|327\/327
|-ability|p2a: Landorus-Therian|Intimidate|[of] p1a: Metagross
|-unboost|p1a: Metagross|atk|1
|turn|4
|leave|WECAMEASROMANS
|c| FlamingVictini PB|if u predicted the crit
|c|âCamilas|no it's da truth
|c| FlamingVictini PB|u wouldn't have bp'd the keld
|
|switch|p1a: Skarmory|Skarmory, M|333\/333
|move|p2a: Landorus-Therian|U-turn|p1a: Skarmory
|-resisted|p1a: Skarmory
|-damage|p1a: Skarmory|321\/333
|c| FlamingVictini PB|he had specs dark pulse
|
|switch|p2a: Keldeo|Keldeo|1\/323
|
|-heal|p1a: Skarmory|333\/333|[from] item: Leftovers
|turn|5
|c|âCamilas|da fuck
|c| NagariHO|when lando comes in the 1st time
|
|move|p2a: Keldeo|Scald|p1a: Skarmory
|-damage|p1a: Skarmory|63\/333
|move|p1a: Skarmory|Brave Bird|p2a: Keldeo
|-supereffective|p2a: Keldeo
|-damage|p2a: Keldeo|0 fnt
|-damage|p1a: Skarmory|62\/333|[from] recoil|[of] p2a: Keldeo
|faint|p2a: Keldeo
|
|-heal|p1a: Skarmory|82\/333|[from] item: Leftovers
|c| NagariHO|he will spam u-turn
|c| NagariHO|gotta be ready
|
|switch|p2a: Lopunny|Lopunny, F|271\/271
|turn|6
|c| Ox the Box|please be sub celebi
|
|detailschange|p2a: Lopunny|Lopunny-Mega, F
|-mega|p2a: Lopunny|Lopunny|Lopunnite
|move|p2a: Lopunny|High Jump Kick|p1a: Skarmory
|-damage|p1a: Skarmory|0 fnt
|faint|p1a: Skarmory
|
|
|switch|p1a: Metagross|Metagross-Mega|301\/301
|turn|7
|
|switch|p2a: Landorus-Therian|Landorus-Therian, M|327\/327
|-ability|p2a: Landorus-Therian|Intimidate|[of] p1a: Metagross
|-unboost|p1a: Metagross|atk|1
|move|p1a: Metagross|Meteor Mash|p2a: Landorus-Therian
|-damage|p2a: Landorus-Therian|167\/327
|
|turn|8
|c| NagariHO|if only u were ice punch
|
|move|p2a: Landorus-Therian|U-turn|p1a: Metagross
|-damage|p1a: Metagross|237\/301
|join|yrs
|
|switch|p2a: Celebi|Celebi|404\/404
|move|p1a: Metagross|Meteor Mash|p2a: Celebi
|-damage|p2a: Celebi|253\/404
|
|-heal|p2a: Celebi|278\/404|[from] item: Leftovers
|turn|9
|
|move|p1a: Metagross|Meteor Mash|p2a: Celebi
|-damage|p2a: Celebi|122\/404
|move|p2a: Celebi|Thunder Wave|p1a: Metagross
|-status|p1a: Metagross|par
|
|-heal|p2a: Celebi|147\/404|[from] item: Leftovers
|turn|10
|
|move|p2a: Celebi|Recover|p2a: Celebi
|-heal|p2a: Celebi|349\/404
|move|p1a: Metagross|Meteor Mash|p2a: Celebi
|-damage|p2a: Celebi|193\/404
|-boost|p1a: Metagross|atk|1
|
|-heal|p2a: Celebi|218\/404|[from] item: Leftovers
|turn|11
|
|move|p2a: Celebi|Baton Pass|p2a: Celebi
|join|I Iike Squirtles
|
|switch|p2a: Landorus-Therian|Landorus-Therian, M|167\/327
|-ability|p2a: Landorus-Therian|Intimidate|[of] p1a: Metagross
|-unboost|p1a: Metagross|atk|1
|cant|p1a: Metagross|par
|
|turn|12
|
|switch|p1a: Gengar|Gengar, M|259\/259
|move|p2a: Landorus-Therian|U-turn|p1a: Gengar
|-resisted|p1a: Gengar
|-damage|p1a: Gengar|222\/259
|
|switch|p2a: Lopunny|Lopunny-Mega, F|271\/271
|
|turn|13
|c|âCamilas|obviously
|c| NagariHO|haha
|
|move|p2a: Lopunny|Return|p1a: Gengar
|-damage|p1a: Gengar|0 fnt
|faint|p1a: Gengar
|
|c| NagariHO|ik scarf lando is annoying as bitch
|
|switch|p1a: Keldeo|Keldeo|323\/323
|turn|14
|c| Ox the Box|shuold have sacked tar tbh
|c| NagariHO|yup
|c| NagariHO|doesnt do shit
|join|FathaFingLing
|c| NagariHO|unless its the lord set
|
|move|p1a: Keldeo|Scald|p2a: Lopunny
|-damage|p2a: Lopunny|127\/271
|move|p2a: Lopunny|Return|p1a: Keldeo
|-damage|p1a: Keldeo|104\/323
|
|turn|15
|c| Ox the Box|reverb is real *_*
|c| NagariHO|sash counter
|join|Bisharp-Mega
|
|switch|p2a: Celebi|Celebi|218\/404
|move|p1a: Keldeo|Scald|p2a: Celebi
|-resisted|p2a: Celebi
|-damage|p2a: Celebi|161\/404
|-status|p2a: Celebi|brn
|
|-heal|p2a: Celebi|186\/404 brn|[from] item: Leftovers
|-damage|p2a: Celebi|136\/404 brn|[from] brn
|turn|16
|c| NagariHO|no double
|
|switch|p1a: Tyranitar|Tyranitar, F|403\/403
|-weather|Sandstorm
|move|p2a: Celebi|Recover|p2a: Celebi
|-heal|p2a: Celebi|338\/404 brn
|
|-weather|Sandstorm|[upkeep]
|-damage|p2a: Celebi|313\/404 brn|[from] sandstorm
|-heal|p2a: Celebi|338\/404 brn|[from] item: Leftovers
|-damage|p2a: Celebi|288\/404 brn|[from] brn
|turn|17
|join|FUQ GLISCORE
|join|tomibello
|
|move|p2a: Celebi|Baton Pass|p2a: Celebi
|
|switch|p2a: Landorus-Therian|Landorus-Therian, M|167\/327
|-ability|p2a: Landorus-Therian|Intimidate|[of] p1a: Tyranitar
|-unboost|p1a: Tyranitar|atk|1
|move|p1a: Tyranitar|Crunch|p2a: Landorus-Therian
|-damage|p2a: Landorus-Therian|77\/327
|
|-weather|Sandstorm|[upkeep]
|turn|18
|
|move|p2a: Landorus-Therian|Earthquake|p1a: Tyranitar
|-supereffective|p1a: Tyranitar
|-damage|p1a: Tyranitar|157\/403
|move|p1a: Tyranitar|Crunch|p2a: Landorus-Therian
|-damage|p2a: Landorus-Therian|0 fnt
|faint|p2a: Landorus-Therian
|
|-weather|Sandstorm|[upkeep]
|
|switch|p2a: Lopunny|Lopunny-Mega, F|127\/271
|turn|19
|c|âCamilas|i have a chance
|
|move|p2a: Lopunny|High Jump Kick|p1a: Tyranitar
|-supereffective|p1a: Tyranitar
|-damage|p1a: Tyranitar|0 fnt
|faint|p1a: Tyranitar
|
|-weather|Sandstorm|[upkeep]
|-damage|p2a: Lopunny|111\/271|[from] sandstorm
|join|KC Pyroars
|c|âCamilas|a slim chance
|
|switch|p1a: Keldeo|Keldeo|104\/323
|turn|20
|c| I Iike Squirtles|No u dont
|c| Mistaken|hp bug
|c| Mistaken|and he misses
|join|RocketGrunt Seth
|
|switch|p2a: Celebi|Celebi|288\/404
|move|p1a: Keldeo|Scald|p2a: Celebi
|-resisted|p2a: Celebi
|-damage|p2a: Celebi|239\/404
|
|-weather|none
|-heal|p2a: Celebi|264\/404|[from] item: Leftovers
|turn|21
|leave|RocketGrunt Seth
|
|move|p1a: Keldeo|Scald|p2a: Celebi
|-resisted|p2a: Celebi
|-damage|p2a: Celebi|210\/404
|move|p2a: Celebi|Baton Pass|p2a: Celebi
|leave|FathaFingLing
|
|switch|p2a: Lopunny|Lopunny-Mega, F|111\/271
|
|turn|22
|leave|oml it's too ez
|
|move|p2a: Lopunny|Fake Out|p1a: Keldeo
|-crit|p1a: Keldeo
|-damage|p1a: Keldeo|0 fnt
|faint|p1a: Keldeo
|
|c|âCamilas|wow
|c|âCamilas|that was snake
|
|switch|p1a: Metagross|Metagross-Mega|237\/301 par
|turn|23
|c|âCamilas|fuck u rng
|c|âReverb|idk how'd you win anyway tbh
|c| I Iike Squirtles|^
|c| Ox the Box|reverb has a sack
|c| Ox the Box|u don't
|c| Ox the Box|well u do
|
|move|p2a: Lopunny|High Jump Kick|p1a: Metagross|[miss]
|-miss|p2a: Lopunny|p1a: Metagross
|-damage|p2a: Lopunny|0 fnt|[from] highjumpkick
|faint|p2a: Lopunny
|move|p1a: Metagross|Meteor Mash|p2: Lopunny|[notarget]
|-notarget
|
|c| Ox the Box|oh
|c|âReverb|dw
|
|switch|p2a: Tyranitar|Tyranitar, M|383\/383
|-weather|Sandstorm
|turn|24
|c| Ox the Box|banded amirite
|c|âReverb|ye
|c| NagariHO|doesnt kill imo
|c| Ox the Box|inb4 outspeeds
|
|move|p2a: Tyranitar|Crunch|p1a: Metagross
|-supereffective|p1a: Metagross
|-damage|p1a: Metagross|0 fnt
|faint|p1a: Metagross
|
|win|Reverb
|raw|Ladder updating...
|raw|Camilas's rating: 1545 &rarr; <strong>1529<\/strong><br \/>(-16 for losing)
|raw|Reverb's rating: 1612 &rarr; <strong>1628<\/strong><br \/>(+16 for winning)
|c|âReverb|ofc it does
|c| FUQ GLISCORE|gg
|leave|iplaytennislol
|c| NagariHO|oh lol
|join|bloons4dayz
|join|StarkGod
|c|âReverb|gg
|leave|FUQ GLISCORE
|c|âCamilas|is it banded
|leave|Ox the Box
|c|âReverb|yes
|c| NagariHO|derp was fkn about EQ
|leave|Bisharp-Mega
|leave|StarkGod
|leave|Camilas
|c| NagariHO|*thinking
|player|p1
|leave|Reverb
|player|p2
|leave|NagariHO
|leave|yrs
|leave|I Iike Squirtles
|leave|QueenOfLuvdiscs
|join|iplaytennislol
|leave|iplaytennislol
|leave|Cienight
|leave|Mistaken
|join|Prankster
|leave|Prankster
|leave|FlamingVictini PB
|join|oml it's too ez
|leave|oml it's too ez
|leave|tomibello
|leave|bloons4dayz
|join|snuggles n' fluff
|leave|snuggles n' fluff
|leave|fingerscrossed
|leave|Silver~Aurum
|leave|Moony
|leave|squirrelll
|join|KC Pyroars - Alt
|leave|Qubae
|join|bloons4dayz
|leave|bloons4dayz
|leave|KC Pyroars - Alt
|join|yuttt.notyutt
|leave|yuttt.notyutt
|join|JeffWingr
|leave|JeffWingr
|join|JC Frost