|join|Reverb
|join|will i lose
|player|p1|Reverb|#reverb
|player|p2|will i lose|264
|gametype|singles
|gen|6
|tier|OU
|rated
|clearpoke
|poke|p1|Lopunny, F
|poke|p1|Celebi
|poke|p1|Tyranitar, M
|poke|p1|Keldeo
|poke|p1|Landorus-Therian, M
|poke|p1|Empoleon, M
|poke|p2|Diggersby, F
|poke|p2|Magnezone
|poke|p2|Keldeo
|poke|p2|Empoleon, F
|poke|p2|Landorus, M
|poke|p2|Lopunny, F
|rule|Swagger Clause: Swagger is banned
|rule|Baton Pass Clause: Limit one PokÃ©mon knowing Baton Pass
|rule|Sleep Clause Mod: Limit one foe put to sleep
|rule|Species Clause: Limit one of each PokÃ©mon
|rule|OHKO Clause: OHKO moves are banned
|rule|Moody Clause: Moody is banned
|rule|Evasion Moves Clause: Evasion moves are banned
|rule|Endless Battle Clause: Forcing endless battles is banned
|rule|HP Percentage Mod: HP is shown in percentages
|teampreview
|join|iplaytennislol
|join|jefo
|join|bluri
|join|Emma Bae â¥
|
|start
|switch|p1a: Landorus-Therian|Landorus-Therian, M|327\/327
|switch|p2a: Landorus|Landorus, M|319\/319
|-ability|p1a: Landorus-Therian|Intimidate|[of] p2a: Landorus
|-unboost|p2a: Landorus|atk|1
|turn|1
|
|move|p1a: Landorus-Therian|Explosion|p2a: Landorus
|-damage|p2a: Landorus|0 fnt
|faint|p1a: Landorus-Therian
|faint|p2a: Landorus
|
|join|Alvadora
|join|tomi â¥ bello
|join|Hittoro
|join|Apathos
|
|switch|p2a: Lopunny|Lopunny, F|271\/271
|switch|p1a: Lopunny|Lopunny, F|271\/271
|turn|2
|
|detailschange|p2a: Lopunny|Lopunny-Mega, F
|-mega|p2a: Lopunny|Lopunny|Lopunnite
|detailschange|p1a: Lopunny|Lopunny-Mega, F
|-mega|p1a: Lopunny|Lopunny|Lopunnite
|move|p1a: Lopunny|Fake Out|p2a: Lopunny
|-damage|p2a: Lopunny|189\/271
|cant|p2a: Lopunny|flinch
|
|turn|3
|join|Qubae
|
|switch|p1a: Celebi|Celebi|404\/404
|move|p2a: Lopunny|Power-Up Punch|p1a: Celebi
|-resisted|p1a: Celebi
|-damage|p1a: Celebi|365\/404
|-boost|p2a: Lopunny|atk|1
|
|-heal|p1a: Celebi|390\/404|[from] item: Leftovers
|turn|4
|
|move|p2a: Lopunny|Return|p1a: Celebi
|-damage|p1a: Celebi|105\/404
|move|p1a: Celebi|Psychic|p2a: Lopunny
|-supereffective|p2a: Lopunny
|-damage|p2a: Lopunny|0 fnt
|faint|p2a: Lopunny
|
|-heal|p1a: Celebi|130\/404|[from] item: Leftovers
|
|switch|p2a: Play Dirty|Diggersby, F|312\/312
|turn|5
|join|Void
|
|switch|p1a: Empoleon|Empoleon, M|371\/371
|move|p2a: Play Dirty|Knock Off|p1a: Empoleon
|-damage|p1a: Empoleon|252\/371
|-enditem|p1a: Empoleon|Leftovers|[from] move: Knock Off|[of] p2a: Play Dirty
|
|turn|6
|
|move|p2a: Play Dirty|Earthquake|p1a: Empoleon
|-supereffective|p1a: Empoleon
|-damage|p1a: Empoleon|0 fnt
|faint|p1a: Empoleon
|
|
|switch|p1a: Lopunny|Lopunny-Mega, F|271\/271
|turn|7
|
|move|p1a: Lopunny|Fake Out|p2a: Play Dirty
|-damage|p2a: Play Dirty|222\/312
|cant|p2a: Play Dirty|flinch
|
|turn|8
|
|switch|p2a: Empoleon|Empoleon, F|372\/372
|move|p1a: Lopunny|High Jump Kick|p2a: Empoleon|[miss]
|-miss|p1a: Lopunny|p2a: Empoleon
|-damage|p1a: Lopunny|136\/271|[from] highjumpkick
|
|turn|9
|
|move|p1a: Lopunny|High Jump Kick|p2a: Empoleon
|-supereffective|p2a: Empoleon
|-damage|p2a: Empoleon|0 fnt
|faint|p2a: Empoleon
|
|
|switch|p2a: Keldeo|Keldeo|323\/323
|turn|10
|join|I Iike Squirtles
|
|move|p1a: Lopunny|High Jump Kick|p2a: Keldeo
|-damage|p2a: Keldeo|80\/323
|move|p2a: Keldeo|Substitute|p2a: Keldeo
|-fail|p2a: Keldeo|move: Substitute|[weak]
|
|-heal|p2a: Keldeo|100\/323|[from] item: Leftovers
|turn|11
|c| iplaytennislol|ez
|c|âwill i lose|lmfao
|c| jefo|mistaken
|
|move|p1a: Lopunny|Return|p2a: Keldeo
|-damage|p2a: Keldeo|0 fnt
|faint|p2a: Keldeo
|
|c| iplaytennislol|yes
|c| jefo|youre terirbad
|c| iplaytennislol|yes you will lose
|c| iplaytennislol|:^)
|
|switch|p2a: Play Dirty|Diggersby, F|222\/312
|turn|12
|c| jefo|:^)
|c|âReverb|oh
|c|âReverb|this is mistaken
|c|âReverb|hahahahahaa
|c| jefo|yea
|c| jefo|Flail diggers
|c|âwill i lose|no
|
|move|p1a: Lopunny|Return|p2a: Play Dirty
|-damage|p2a: Play Dirty|0 fnt
|faint|p2a: Play Dirty
|
|
|switch|p2a: Magnezone|Magnezone|281\/281
|turn|13
|
|move|p1a: Lopunny|High Jump Kick|p2a: Magnezone
|-supereffective|p2a: Magnezone
|-damage|p2a: Magnezone|0 fnt
|faint|p2a: Magnezone
|
|win|Reverb
|raw|Ladder updating...
|raw|Reverb's rating: 1766 &rarr; <strong>1773<\/strong><br \/>(+7 for winning)
|raw|will i lose's rating: 1500 &rarr; <strong>1493<\/strong><br \/>(-7 for losing)
|c|âwill i lose|gg
|leave|iplaytennislol
|c|âReverb|gg
|join|MushMunkey