|join|Reverb
|join|Toraa'Strat
|player|p1|Reverb|#reverb
|player|p2|Toraa'Strat|97
|gametype|singles
|gen|6
|tier|OU
|rated
|clearpoke
|poke|p1|Lopunny, F
|poke|p1|Celebi
|poke|p1|Tyranitar, F
|poke|p1|Keldeo
|poke|p1|Landorus-Therian, M
|poke|p1|Empoleon, F
|poke|p2|Latias, F
|poke|p2|Charizard, M
|poke|p2|Gliscor, F
|poke|p2|Rotom-Wash
|poke|p2|Clefable, F
|poke|p2|Jirachi
|rule|Swagger Clause: Swagger is banned
|rule|Baton Pass Clause: Limit one PokÃ©mon knowing Baton Pass
|rule|Sleep Clause Mod: Limit one foe put to sleep
|rule|Species Clause: Limit one of each PokÃ©mon
|rule|OHKO Clause: OHKO moves are banned
|rule|Moody Clause: Moody is banned
|rule|Evasion Moves Clause: Evasion moves are banned
|rule|Endless Battle Clause: Forcing endless battles is banned
|rule|HP Percentage Mod: HP is shown in percentages
|teampreview
|c|âToraa'Strat|Gl, hf.
|join|ryzed
|c|âReverb|u2
|join|Tom Bus
|
|start
|switch|p1a: Lopunny|Lopunny, F|271\/271
|switch|p2a: Clefable|Clefable, F|394\/394
|turn|1
|
|detailschange|p1a: Lopunny|Lopunny-Mega, F
|-mega|p1a: Lopunny|Lopunny|Lopunnite
|move|p1a: Lopunny|Fake Out|p2a: Clefable
|-damage|p2a: Clefable|309\/394
|cant|p2a: Clefable|flinch
|
|-heal|p2a: Clefable|333\/394|[from] item: Leftovers
|turn|2
|
|switch|p1a: Empoleon|Empoleon, F|371\/371
|move|p2a: Clefable|Moonblast|p1a: Empoleon
|-resisted|p1a: Empoleon
|-damage|p1a: Empoleon|320\/371
|
|-heal|p1a: Empoleon|343\/371|[from] item: Leftovers
|-heal|p2a: Clefable|357\/394|[from] item: Leftovers
|turn|3
|join|The TurtleLord
|raw|<div class="broadcast-red"><b>The server is restarting soon.<\/b><br \/>Please finish your battles quickly. No new battles can be started until the server resets in a few minutes.<\/div>
|raw|<div class="broadcast-red"><b>Moderated chat was set to +!<\/b><br \/>Only users of rank + and higher can talk.<\/div>
|c|âToraa'Strat|Rofl
|join|yuy
|
|move|p1a: Empoleon|Stealth Rock|p2a: Clefable
|-sidestart|p2: Toraa'Strat|move: Stealth Rock
|move|p2a: Clefable|Calm Mind|p2a: Clefable
|-boost|p2a: Clefable|spa|1
|-boost|p2a: Clefable|spd|1
|
|-heal|p1a: Empoleon|366\/371|[from] item: Leftovers
|-heal|p2a: Clefable|381\/394|[from] item: Leftovers
|turn|4
|join|Skyrio
|
|move|p2a: Clefable|Focus Blast|p1a: Empoleon
|-supereffective|p1a: Empoleon
|-damage|p1a: Empoleon|78\/371
|move|p1a: Empoleon|Roar|p2a: Clefable
|drag|p2a: Latias|Latias, F|320\/320
|-damage|p2a: Latias|280\/320|[from] Stealth Rock
|
|-heal|p2a: Latias|300\/320|[from] item: Leftovers
|-heal|p1a: Empoleon|101\/371|[from] item: Leftovers
|turn|5
|join|sallmo
|
|switch|p2a: Jirachi|Jirachi|404\/404
|-damage|p2a: Jirachi|379\/404|[from] Stealth Rock
|switch|p1a: Tyranitar|Tyranitar, F|383\/383
|-weather|Sandstorm
|
|-weather|Sandstorm|[upkeep]
|-heal|p2a: Jirachi|404\/404|[from] item: Leftovers
|turn|6
|
|switch|p1a: Landorus-Therian|Landorus-Therian, M|327\/327
|-ability|p1a: Landorus-Therian|Intimidate|[of] p2a: Jirachi
|-unboost|p2a: Jirachi|atk|1
|move|p2a: Jirachi|Iron Head|p1a: Landorus-Therian
|-damage|p1a: Landorus-Therian|263\/327
|
|-weather|Sandstorm|[upkeep]
|turn|7
|leave|Skyrio
|
|move|p1a: Landorus-Therian|Earthquake|p2a: Jirachi
|-crit|p2a: Jirachi
|-supereffective|p2a: Jirachi
|-damage|p2a: Jirachi|0 fnt
|faint|p2a: Jirachi
|
|-weather|Sandstorm|[upkeep]
|
|switch|p2a: Rotom-Wash|Rotom-Wash|304\/304
|-damage|p2a: Rotom-Wash|266\/304|[from] Stealth Rock
|turn|8
|join|Escavalier
|join|Bloodz
|
|switch|p1a: Empoleon|Empoleon, F|101\/371
|move|p2a: Rotom-Wash|Volt Switch|p1a: Empoleon
|-supereffective|p1a: Empoleon
|-damage|p1a: Empoleon|0 fnt
|faint|p1a: Empoleon
|join|El panderozo OP
|
|switch|p2a: Gliscor|Gliscor, F|353\/353
|-damage|p2a: Gliscor|309\/353|[from] Stealth Rock
|
|-weather|Sandstorm|[upkeep]
|-status|p2a: Gliscor|tox|[from] item: Toxic Orb
|join|Bic Wahn
|
|switch|p1a: Keldeo|Keldeo|323\/323
|turn|9
|
|switch|p2a: Clefable|Clefable, F|381\/394
|move|p1a: Keldeo|Icy Wind|p2a: Clefable
|-damage|p2a: Clefable|297\/394
|-unboost|p2a: Clefable|spe|1
|
|-weather|none
|-heal|p2a: Clefable|321\/394|[from] item: Leftovers
|turn|10
|
|switch|p1a: Tyranitar|Tyranitar, F|383\/383
|-weather|Sandstorm
|move|p2a: Clefable|Calm Mind|p2a: Clefable
|-boost|p2a: Clefable|spa|1
|-boost|p2a: Clefable|spd|1
|
|-weather|Sandstorm|[upkeep]
|-heal|p2a: Clefable|345\/394|[from] item: Leftovers
|turn|11
|
|move|p1a: Tyranitar|Stone Edge|p2a: Clefable
|-damage|p2a: Clefable|0 fnt
|faint|p2a: Clefable
|
|-weather|Sandstorm|[upkeep]
|
|switch|p2a: Latias|Latias, F|300\/320
|-damage|p2a: Latias|260\/320|[from] Stealth Rock
|turn|12
|
|move|p2a: Latias|Defog|p1a: Tyranitar
|-unboost|p1a: Tyranitar|evasion|1
|-sideend|p2: Toraa'Strat|Stealth Rock|[from] move: Defog|[of] p2a: Latias
|move|p1a: Tyranitar|Stone Edge|p2a: Latias|[miss]
|-miss|p1a: Tyranitar|p2a: Latias
|
|-weather|Sandstorm|[upkeep]
|-damage|p2a: Latias|240\/320|[from] sandstorm
|-heal|p2a: Latias|260\/320|[from] item: Leftovers
|turn|13
|join|I Iike Squirtles
|
|switch|p2a: Gliscor|Gliscor, F|309\/353 tox
|move|p1a: Tyranitar|Stone Edge|p2a: Gliscor|[miss]
|-miss|p1a: Tyranitar|p2a: Gliscor
|
|-weather|Sandstorm|[upkeep]
|-heal|p2a: Gliscor|353\/353 tox|[from] ability: Poison Heal
|turn|14
|
|switch|p1a: Celebi|Celebi|404\/404
|move|p2a: Gliscor|Aerial Ace|p1a: Celebi
|-supereffective|p1a: Celebi
|-damage|p1a: Celebi|266\/404
|
|-weather|none
|-heal|p1a: Celebi|291\/404|[from] item: Leftovers
|turn|15
|
|move|p1a: Celebi|Baton Pass|p1a: Celebi
|
|switch|p1a: Landorus-Therian|Landorus-Therian, M|263\/327
|-ability|p1a: Landorus-Therian|Intimidate|[of] p2a: Gliscor
|-unboost|p2a: Gliscor|atk|1
|move|p2a: Gliscor|Swords Dance|p2a: Gliscor
|-boost|p2a: Gliscor|atk|2
|
|turn|16
|leave|Bloodz
|
|switch|p1a: Keldeo|Keldeo|323\/323
|move|p2a: Gliscor|Aerial Ace|p1a: Keldeo
|-supereffective|p1a: Keldeo
|-damage|p1a: Keldeo|119\/323
|
|turn|17
|
|switch|p2a: Rotom-Wash|Rotom-Wash|266\/304
|move|p1a: Keldeo|Icy Wind|p2a: Rotom-Wash
|-resisted|p2a: Rotom-Wash
|-damage|p2a: Rotom-Wash|223\/304
|-unboost|p2a: Rotom-Wash|spe|1
|
|-heal|p2a: Rotom-Wash|242\/304|[from] item: Leftovers
|turn|18
|
|switch|p1a: Landorus-Therian|Landorus-Therian, M|263\/327
|-ability|p1a: Landorus-Therian|Intimidate|[of] p2a: Rotom-Wash
|-unboost|p2a: Rotom-Wash|atk|1
|move|p2a: Rotom-Wash|Volt Switch|p1a: Landorus-Therian
|-immune|p1a: Landorus-Therian|[msg]
|
|-heal|p2a: Rotom-Wash|261\/304|[from] item: Leftovers
|turn|19
|
|move|p1a: Landorus-Therian|Explosion|p2a: Rotom-Wash
|-damage|p2a: Rotom-Wash|37\/304
|faint|p1a: Landorus-Therian
|move|p2a: Rotom-Wash|Will-O-Wisp|p1: Landorus-Therian|[notarget]
|-notarget
|
|-heal|p2a: Rotom-Wash|56\/304|[from] item: Leftovers
|
|switch|p1a: Keldeo|Keldeo|119\/323
|turn|20
|join|haunter
|
|switch|p2a: Latias|Latias, F|260\/320
|move|p1a: Keldeo|Scald|p2a: Latias
|-resisted|p2a: Latias
|-damage|p2a: Latias|179\/320
|
|-heal|p2a: Latias|199\/320|[from] item: Leftovers
|turn|21
|
|switch|p1a: Celebi|Celebi|291\/404
|move|p2a: Latias|Draco Meteor|p1a: Celebi
|-damage|p1a: Celebi|138\/404
|-unboost|p2a: Latias|spa|2
|
|-heal|p2a: Latias|219\/320|[from] item: Leftovers
|-heal|p1a: Celebi|163\/404|[from] item: Leftovers
|turn|22
|join|Japan
|join|Emma bae
|
|switch|p2a: Gliscor|Gliscor, F|353\/353 tox
|move|p1a: Celebi|Baton Pass|p1a: Celebi
|
|switch|p1a: Keldeo|Keldeo|119\/323
|
|turn|23
|join|kloshitt
|join|Fh27
|
|switch|p2a: Rotom-Wash|Rotom-Wash|56\/304
|move|p1a: Keldeo|Icy Wind|p2a: Rotom-Wash
|-resisted|p2a: Rotom-Wash
|-damage|p2a: Rotom-Wash|11\/304
|-unboost|p2a: Rotom-Wash|spe|1
|
|-heal|p2a: Rotom-Wash|30\/304|[from] item: Leftovers
|turn|24
|
|move|p1a: Keldeo|Icy Wind|p2a: Rotom-Wash
|-resisted|p2a: Rotom-Wash
|-damage|p2a: Rotom-Wash|0 fnt
|faint|p2a: Rotom-Wash
|
|
|switch|p2a: Charizard|Charizard, M|333\/333
|turn|25
|leave|The TurtleLord
|
|detailschange|p2a: Charizard|Charizard-Mega-X, M
|-mega|p2a: Charizard|Charizard|Charizardite X
|move|p1a: Keldeo|Icy Wind|p2a: Charizard
|-miss|p1a: Keldeo|p2a: Charizard
|move|p2a: Charizard|Dragon Claw|p1a: Keldeo
|-damage|p1a: Keldeo|0 fnt
|faint|p1a: Keldeo
|
|join|Tricking
|
|switch|p1a: Tyranitar|Tyranitar, F|383\/383
|-weather|Sandstorm
|turn|26
|join|The TurtleLord
|join|Drevon
|
|switch|p2a: Gliscor|Gliscor, F|353\/353 tox
|move|p1a: Tyranitar|Crunch|p2a: Gliscor
|-damage|p2a: Gliscor|185\/353 tox
|
|-weather|Sandstorm|[upkeep]
|-heal|p2a: Gliscor|229\/353 tox|[from] ability: Poison Heal
|turn|27
|join|Mistaken
|
|move|p2a: Gliscor|Earthquake|p1a: Tyranitar
|-supereffective|p1a: Tyranitar
|-damage|p1a: Tyranitar|177\/383
|move|p1a: Tyranitar|Crunch|p2a: Gliscor
|-damage|p2a: Gliscor|72\/353 tox
|
|-weather|Sandstorm|[upkeep]
|-heal|p2a: Gliscor|116\/353 tox|[from] ability: Poison Heal
|turn|28
|
|move|p2a: Gliscor|Roost|p2a: Gliscor
|-heal|p2a: Gliscor|293\/353 tox
|move|p1a: Tyranitar|Crunch|p2a: Gliscor
|-damage|p2a: Gliscor|137\/353 tox
|
|-weather|Sandstorm|[upkeep]
|-heal|p2a: Gliscor|181\/353 tox|[from] ability: Poison Heal
|turn|29
|join|Reedow
|
|move|p2a: Gliscor|Roost|p2a: Gliscor
|-heal|p2a: Gliscor|353\/353 tox
|move|p1a: Tyranitar|Crunch|p2a: Gliscor
|-damage|p2a: Gliscor|205\/353 tox
|
|-weather|Sandstorm|[upkeep]
|-heal|p2a: Gliscor|249\/353 tox|[from] ability: Poison Heal
|turn|30
|join|Shussei
|
|move|p2a: Gliscor|Earthquake|p1a: Tyranitar
|-crit|p1a: Tyranitar
|-supereffective|p1a: Tyranitar
|-damage|p1a: Tyranitar|0 fnt
|faint|p1a: Tyranitar
|
|-weather|none
|-heal|p2a: Gliscor|293\/353 tox|[from] ability: Poison Heal
|
|switch|p1a: Lopunny|Lopunny-Mega, F|271\/271
|turn|31
|
|move|p1a: Lopunny|Ice Punch|p2a: Gliscor
|-supereffective|p2a: Gliscor
|-damage|p2a: Gliscor|45\/353 tox
|move|p2a: Gliscor|Aerial Ace|p1a: Lopunny
|-supereffective|p1a: Lopunny
|-damage|p1a: Lopunny|115\/271
|
|-heal|p2a: Gliscor|89\/353 tox|[from] ability: Poison Heal
|turn|32
|
|move|p1a: Lopunny|Ice Punch|p2a: Gliscor
|-supereffective|p2a: Gliscor
|-damage|p2a: Gliscor|0 fnt
|faint|p2a: Gliscor
|
|
|switch|p2a: Latias|Latias, F|219\/320
|turn|33
|join|Giltia
|
|switch|p1a: Celebi|Celebi|163\/404
|move|p2a: Latias|Psyshock|p1a: Celebi
|-resisted|p1a: Celebi
|-damage|p1a: Celebi|107\/404
|
|-heal|p2a: Latias|239\/320|[from] item: Leftovers
|-heal|p1a: Celebi|132\/404|[from] item: Leftovers
|turn|34
|
|move|p2a: Latias|Draco Meteor|p1a: Celebi
|-damage|p1a: Celebi|0 fnt
|-unboost|p2a: Latias|spa|2
|faint|p1a: Celebi
|
|-heal|p2a: Latias|259\/320|[from] item: Leftovers
|
|switch|p1a: Lopunny|Lopunny-Mega, F|115\/271
|turn|35
|
|move|p1a: Lopunny|Fake Out|p2a: Latias
|-damage|p2a: Latias|174\/320
|cant|p2a: Latias|flinch
|
|-heal|p2a: Latias|194\/320|[from] item: Leftovers
|turn|36
|
|move|p1a: Lopunny|Return|p2a: Latias
|-damage|p2a: Latias|0 fnt
|faint|p2a: Latias
|
|join|av Kakuna
|join|Silver ~ Raina
|
|switch|p2a: Charizard|Charizard-Mega-X, M|333\/333
|turn|37
|c|âToraa'Strat|Gg
|
|move|p1a: Lopunny|High Jump Kick|p2a: Charizard
|-crit|p2a: Charizard
|-damage|p2a: Charizard|9\/333
|move|p2a: Charizard|Dragon Claw|p1a: Lopunny
|-damage|p1a: Lopunny|0 fnt
|faint|p1a: Lopunny
|
|win|Toraa'Strat
|raw|Ladder updating...
|raw|Reverb's rating: 1740 &rarr; <strong>1715<\/strong><br \/>(-25 for losing)
|raw|Toraa&apos;Strat's rating: 1657 &rarr; <strong>1682<\/strong><br \/>(+25 for winning)
|c|âToraa'Strat|Oo
|leave|Reverb
|player|p1
|leave|Silver ~ Raina
|leave|Escavalier
|leave|haunter
|leave|Drevon
|leave|El panderozo OP
|join|skysoki