|join|Scarfed Dusknoir
|join|Sr.Farias
|player|p1|Scarfed Dusknoir|201
|player|p2|Sr.Farias|102
|gametype|singles
|gen|6
|tier|UU
|rated
|rule|Sleep Clause Mod: Limit one foe put to sleep
|rule|Species Clause: Limit one of each PokÃ©mon
|rule|OHKO Clause: OHKO moves are banned
|rule|Moody Clause: Moody is banned
|rule|Evasion Moves Clause: Evasion moves are banned
|rule|Endless Battle Clause: Forcing endless battles is banned
|rule|HP Percentage Mod: HP is shown in percentages
|clearpoke
|poke|p1|Absol, M
|poke|p1|Donphan, M
|poke|p1|Empoleon, M
|poke|p1|Trevenant, M
|poke|p1|Porygon2
|poke|p1|Rotom-Heat
|poke|p2|Umbreon, M
|poke|p2|Nidoking, M
|poke|p2|Jolteon, M
|poke|p2|Cloyster, F
|poke|p2|Donphan, F
|poke|p2|Beedrill, M
|rule|Swagger Clause: Swagger is banned
|rule|Baton Pass Clause: Limit one PokÃ©mon knowing Baton Pass
|teampreview
|
|start
|switch|p1a: Pengu|Empoleon, M|372\/372
|switch|p2a: Jolteon|Jolteon, M|272\/272
|turn|1
|
|switch|p1a: Ducky|Porygon2|373\/373
|-ability|p1a: Ducky|Volt Absorb|[from] ability: Trace|[of] p2a: Jolteon
|move|p2a: Jolteon|Thunderbolt|p1a: Ducky
|-immune|p1a: Ducky|[msg]
|
|turn|2
|
|switch|p2a: Umbreon|Umbreon, M|394\/394
|move|p1a: Ducky|Tri Attack|p2a: Umbreon
|-damage|p2a: Umbreon|336\/394
|
|-heal|p2a: Umbreon|360\/394|[from] item: Leftovers
|turn|3
|
|switch|p1a: Pengu|Empoleon, M|372\/372
|move|p2a: Umbreon|Foul Play|p1a: Pengu
|-damage|p1a: Pengu|285\/372
|
|-heal|p2a: Umbreon|384\/394|[from] item: Leftovers
|-heal|p1a: Pengu|308\/372|[from] item: Leftovers
|turn|4
|
|switch|p2a: Nidoking|Nidoking, M|304\/304
|move|p1a: Pengu|Stealth Rock|p2a: Nidoking
|-sidestart|p2: Sr.Farias|move: Stealth Rock
|
|-heal|p1a: Pengu|331\/372|[from] item: Leftovers
|turn|5
|
|switch|p1a: Ducky|Porygon2|373\/373
|-ability|p1a: Ducky|Sheer Force|[from] ability: Trace|[of] p2a: Nidoking
|move|p2a: Nidoking|Earth Power|p1a: Ducky
|-crit|p1a: Ducky
|-damage|p1a: Ducky|234\/373
|
|turn|6
|
|switch|p2a: Donphan|Donphan, F|384\/384
|-damage|p2a: Donphan|360\/384|[from] Stealth Rock
|move|p1a: Ducky|Tri Attack|p2a: Donphan
|-damage|p2a: Donphan|185\/384
|
|-heal|p2a: Donphan|209\/384|[from] item: Leftovers
|turn|7
|
|switch|p1a: Dumbo|Donphan, M|384\/384
|move|p2a: Donphan|Rapid Spin|p1a: Dumbo
|-damage|p1a: Dumbo|372\/384
|-sideend|p2: Sr.Farias|Stealth Rock|[from] move: Rapid Spin|[of] p2a: Donphan
|
|-heal|p2a: Donphan|233\/384|[from] item: Leftovers
|-heal|p1a: Dumbo|384\/384|[from] item: Leftovers
|turn|8
|
|switch|p2a: Cloyster|Cloyster, F|241\/241
|move|p1a: Dumbo|Knock Off|p2a: Cloyster
|-damage|p2a: Cloyster|191\/241
|-enditem|p2a: Cloyster|Focus Sash|[from] move: Knock Off|[of] p1a: Dumbo
|
|turn|9
|
|move|p2a: Cloyster|Icicle Spear|p1a: Dumbo
|-supereffective|p1a: Dumbo
|-damage|p1a: Dumbo|336\/384
|-supereffective|p1a: Dumbo
|-damage|p1a: Dumbo|288\/384
|-supereffective|p1a: Dumbo
|-damage|p1a: Dumbo|244\/384
|-supereffective|p1a: Dumbo
|-damage|p1a: Dumbo|200\/384
|-supereffective|p1a: Dumbo
|-damage|p1a: Dumbo|150\/384
|-hitcount|p1a: Dumbo|5
|move|p1a: Dumbo|Earthquake|p2a: Cloyster
|-damage|p2a: Cloyster|104\/241
|
|-heal|p1a: Dumbo|174\/384|[from] item: Leftovers
|turn|10
|
|switch|p1a: Pengu|Empoleon, M|331\/372
|move|p2a: Cloyster|Icicle Spear|p1a: Pengu
|-resisted|p1a: Pengu
|-damage|p1a: Pengu|321\/372
|-resisted|p1a: Pengu
|-damage|p1a: Pengu|312\/372
|-resisted|p1a: Pengu
|-damage|p1a: Pengu|302\/372
|-resisted|p1a: Pengu
|-damage|p1a: Pengu|292\/372
|-resisted|p1a: Pengu
|-damage|p1a: Pengu|282\/372
|-hitcount|p1a: Pengu|5
|
|-heal|p1a: Pengu|305\/372|[from] item: Leftovers
|turn|11
|
|switch|p2a: Jolteon|Jolteon, M|272\/272
|move|p1a: Pengu|Stealth Rock|p2a: Jolteon
|-sidestart|p2: Sr.Farias|move: Stealth Rock
|
|-heal|p1a: Pengu|328\/372|[from] item: Leftovers
|turn|12
|
|switch|p1a: Ducky|Porygon2|234\/373
|-ability|p1a: Ducky|Volt Absorb|[from] ability: Trace|[of] p2a: Jolteon
|move|p2a: Jolteon|Hidden Power|p1a: Ducky
|-damage|p1a: Ducky|184\/373
|
|turn|13
|
|switch|p2a: Umbreon|Umbreon, M|384\/394
|-damage|p2a: Umbreon|335\/394|[from] Stealth Rock
|move|p1a: Ducky|Recover|p1a: Ducky
|-heal|p1a: Ducky|371\/373
|
|-heal|p2a: Umbreon|359\/394|[from] item: Leftovers
|turn|14
|
|switch|p1a: Toasty|Rotom-Heat|296\/296
|move|p2a: Umbreon|Toxic|p1a: Toasty
|-status|p1a: Toasty|tox
|
|-heal|p2a: Umbreon|383\/394|[from] item: Leftovers
|-damage|p1a: Toasty|278\/296 tox|[from] psn
|turn|15
|
|move|p2a: Umbreon|Protect|p2a: Umbreon
|-singleturn|p2a: Umbreon|Protect
|move|p1a: Toasty|Overheat|p2a: Umbreon
|-activate|p2a: Umbreon|Protect
|
|-heal|p2a: Umbreon|394\/394|[from] item: Leftovers
|-damage|p1a: Toasty|242\/296 tox|[from] psn
|turn|16
|
|move|p1a: Toasty|Overheat|p2a: Umbreon
|-damage|p2a: Umbreon|214\/394
|-unboost|p1a: Toasty|spa|2
|move|p2a: Umbreon|Foul Play|p1a: Toasty
|-damage|p1a: Toasty|173\/296 tox
|
|-heal|p2a: Umbreon|238\/394|[from] item: Leftovers
|-damage|p1a: Toasty|119\/296 tox|[from] psn
|turn|17
|
|switch|p1a: Absalom|Absol, M|271\/271
|move|p2a: Umbreon|Wish|p2a: Umbreon
|
|-heal|p2a: Umbreon|262\/394|[from] item: Leftovers
|turn|18
|
|switch|p2a: Donphan|Donphan, F|233\/384
|-damage|p2a: Donphan|209\/384|[from] Stealth Rock
|detailschange|p1a: Absalom|Absol-Mega, M
|-mega|p1a: Absalom|Absol|Absolite
|move|p1a: Absalom|Play Rough|p2a: Donphan
|-damage|p2a: Donphan|136\/384
|-unboost|p2a: Donphan|atk|1
|
|-heal|p2a: Donphan|333\/384|[from] move: Wish|[wisher] Umbreon
|-heal|p2a: Donphan|357\/384|[from] item: Leftovers
|turn|19
|
|switch|p1a: Arborius|Trevenant, M|373\/373
|move|p2a: Donphan|Earthquake|p1a: Arborius
|-resisted|p1a: Arborius
|-damage|p1a: Arborius|312\/373
|
|-heal|p2a: Donphan|381\/384|[from] item: Leftovers
|turn|20
|
|move|p1a: Arborius|Shadow Claw|p2a: Donphan
|-damage|p2a: Donphan|264\/384
|move|p2a: Donphan|Knock Off|p1a: Arborius
|-supereffective|p1a: Arborius
|-damage|p1a: Arborius|168\/373
|-enditem|p1a: Arborius|Choice Band|[from] move: Knock Off|[of] p2a: Donphan
|
|-heal|p2a: Donphan|288\/384|[from] item: Leftovers
|turn|21
|
|move|p1a: Arborius|Horn Leech|p2a: Donphan
|-supereffective|p2a: Donphan
|-damage|p2a: Donphan|106\/384
|-heal|p1a: Arborius|259\/373|[from] drain|[of] p2a: Donphan
|move|p2a: Donphan|Stealth Rock|p1a: Arborius
|-sidestart|p1: Scarfed Dusknoir|move: Stealth Rock
|
|-heal|p2a: Donphan|130\/384|[from] item: Leftovers
|turn|22
|
|switch|p2a: Nidoking|Nidoking, M|304\/304
|-damage|p2a: Nidoking|285\/304|[from] Stealth Rock
|move|p1a: Arborius|Horn Leech|p2a: Nidoking
|-damage|p2a: Nidoking|122\/304
|-heal|p1a: Arborius|341\/373|[from] drain|[of] p2a: Nidoking
|
|turn|23
|
|switch|p1a: Ducky|Porygon2|371\/373
|-damage|p1a: Ducky|325\/373|[from] Stealth Rock
|-ability|p1a: Ducky|Sheer Force|[from] ability: Trace|[of] p2a: Nidoking
|move|p2a: Nidoking|Ice Beam|p1a: Ducky
|-crit|p1a: Ducky
|-damage|p1a: Ducky|243\/373
|
|turn|24
|
|switch|p2a: Jolteon|Jolteon, M|272\/272
|-damage|p2a: Jolteon|238\/272|[from] Stealth Rock
|move|p1a: Ducky|Tri Attack|p2a: Jolteon
|-damage|p2a: Jolteon|100\/272
|
|turn|25
|
|move|p2a: Jolteon|Thunderbolt|p1a: Ducky
|-crit|p1a: Ducky
|-damage|p1a: Ducky|86\/373
|move|p1a: Ducky|Tri Attack|p2a: Jolteon
|-damage|p2a: Jolteon|0 fnt
|faint|p2a: Jolteon
|
|
|switch|p2a: Beedrill|Beedrill, M|272\/272
|-damage|p2a: Beedrill|204\/272|[from] Stealth Rock
|turn|26
|
|switch|p1a: Dumbo|Donphan, M|174\/384
|-damage|p1a: Dumbo|150\/384|[from] Stealth Rock
|detailschange|p2a: Beedrill|Beedrill-Mega, M
|-mega|p2a: Beedrill|Beedrill|Beedrillite
|move|p2a: Beedrill|Poison Jab|p1a: Dumbo
|-resisted|p1a: Dumbo
|-damage|p1a: Dumbo|98\/384
|
|-heal|p1a: Dumbo|122\/384|[from] item: Leftovers
|turn|27
|
|move|p2a: Beedrill|U-turn|p1a: Dumbo
|-damage|p1a: Dumbo|28\/384
|
|switch|p2a: Donphan|Donphan, F|130\/384
|-damage|p2a: Donphan|106\/384|[from] Stealth Rock
|move|p1a: Dumbo|Rapid Spin|p2a: Donphan
|-damage|p2a: Donphan|93\/384
|-sideend|p1: Scarfed Dusknoir|Stealth Rock|[from] move: Rapid Spin|[of] p1a: Dumbo
|
|-heal|p1a: Dumbo|52\/384|[from] item: Leftovers
|-heal|p2a: Donphan|117\/384|[from] item: Leftovers
|turn|28
|
|move|p2a: Donphan|Rapid Spin|p1a: Dumbo
|-damage|p1a: Dumbo|40\/384
|-sideend|p2: Sr.Farias|Stealth Rock|[from] move: Rapid Spin|[of] p2a: Donphan
|move|p1a: Dumbo|Earthquake|p2a: Donphan
|-damage|p2a: Donphan|26\/384
|
|-heal|p2a: Donphan|50\/384|[from] item: Leftovers
|-heal|p1a: Dumbo|64\/384|[from] item: Leftovers
|turn|29
|
|move|p2a: Donphan|Earthquake|p1a: Dumbo
|-damage|p1a: Dumbo|0 fnt
|faint|p1a: Dumbo
|
|-heal|p2a: Donphan|74\/384|[from] item: Leftovers
|
|switch|p1a: Arborius|Trevenant, M|341\/373
|turn|30
|
|switch|p2a: Umbreon|Umbreon, M|262\/394
|move|p1a: Arborius|Horn Leech|p2a: Umbreon
|-damage|p2a: Umbreon|151\/394
|-heal|p1a: Arborius|373\/373|[from] drain|[of] p2a: Umbreon
|
|-heal|p2a: Umbreon|175\/394|[from] item: Leftovers
|turn|31
|
|switch|p1a: Absalom|Absol-Mega, M|271\/271
|move|p2a: Umbreon|Foul Play|p1a: Absalom
|-resisted|p1a: Absalom
|-damage|p1a: Absalom|124\/271
|
|-heal|p2a: Umbreon|199\/394|[from] item: Leftovers
|turn|32
|
|move|p2a: Umbreon|Protect|p2a: Umbreon
|-singleturn|p2a: Umbreon|Protect
|move|p1a: Absalom|Play Rough|p2a: Umbreon
|-activate|p2a: Umbreon|Protect
|
|-heal|p2a: Umbreon|223\/394|[from] item: Leftovers
|turn|33
|
|switch|p2a: Donphan|Donphan, F|74\/384
|move|p1a: Absalom|Play Rough|p2a: Donphan
|-crit|p2a: Donphan
|-damage|p2a: Donphan|0 fnt
|faint|p2a: Donphan
|
|
|switch|p2a: Nidoking|Nidoking, M|122\/304
|turn|34
|
|move|p1a: Absalom|Sucker Punch|p2a: Nidoking
|-damage|p2a: Nidoking|0 fnt
|faint|p2a: Nidoking
|
|
|switch|p2a: Cloyster|Cloyster, F|104\/241
|turn|35
|
|move|p1a: Absalom|Superpower|p2a: Cloyster
|-supereffective|p2a: Cloyster
|-damage|p2a: Cloyster|0 fnt
|-unboost|p1a: Absalom|atk|1
|-unboost|p1a: Absalom|def|1
|faint|p2a: Cloyster
|
|
|switch|p2a: Beedrill|Beedrill-Mega, M|204\/272
|turn|36
|
|switch|p1a: Ducky|Porygon2|86\/373
|-ability|p1a: Ducky|Adaptability|[from] ability: Trace|[of] p2a: Beedrill
|move|p2a: Beedrill|U-turn|p1a: Ducky
|-damage|p1a: Ducky|0 fnt
|faint|p1a: Ducky
|
|switch|p2a: Umbreon|Umbreon, M|223\/394
|
|-heal|p2a: Umbreon|247\/394|[from] item: Leftovers
|
|switch|p1a: Absalom|Absol-Mega, M|124\/271
|turn|37
|
|move|p2a: Umbreon|Protect|p2a: Umbreon
|-singleturn|p2a: Umbreon|Protect
|move|p1a: Absalom|Knock Off|p2a: Umbreon
|-activate|p2a: Umbreon|Protect
|
|-heal|p2a: Umbreon|271\/394|[from] item: Leftovers
|turn|38
|
|move|p1a: Absalom|Superpower|p2a: Umbreon
|-supereffective|p2a: Umbreon
|-damage|p2a: Umbreon|0 fnt
|-unboost|p1a: Absalom|atk|1
|-unboost|p1a: Absalom|def|1
|faint|p2a: Umbreon
|
|
|switch|p2a: Beedrill|Beedrill-Mega, M|204\/272
|turn|39
|
|switch|p1a: Pengu|Empoleon, M|328\/372
|move|p2a: Beedrill|U-turn|p1a: Pengu
|-resisted|p1a: Pengu
|-damage|p1a: Pengu|245\/372
|
|-heal|p1a: Pengu|268\/372|[from] item: Leftovers
|turn|40
|
|move|p2a: Beedrill|Knock Off|p1a: Pengu
|-damage|p1a: Pengu|150\/372
|-enditem|p1a: Pengu|Leftovers|[from] move: Knock Off|[of] p2a: Beedrill
|move|p1a: Pengu|Scald|p2a: Beedrill
|-damage|p2a: Beedrill|77\/272
|-status|p2a: Beedrill|brn
|
|-damage|p2a: Beedrill|43\/272 brn|[from] brn
|turn|41
|
|move|p2a: Beedrill|Knock Off|p1a: Pengu
|-damage|p1a: Pengu|112\/372
|move|p1a: Pengu|Scald|p2a: Beedrill
|-damage|p2a: Beedrill|0 fnt
|faint|p2a: Beedrill
|
|win|Scarfed Dusknoir
|raw|Ladder updating...
|raw|Scarfed Dusknoir's rating: 1334 &rarr; <strong>1350<\/strong><br \/>(+16 for winning)
|raw|Sr.Farias's rating: 1264 &rarr; <strong>1244<\/strong><br \/>(-20 for losing)
|c|âScarfed Dusknoir|gg
|c|âSr.Farias|gg