|join|pikachew
|join|ivymo16
|player|p1|pikachew|162
|player|p2|ivymo16|2
|gametype|singles
|tier|UU
|rated
|rule|Sleep Clause Mod: Limit one foe put to sleep
|rule|Species Clause: Limit one of each Pokemon
|rule|OHKO Clause: OHKO moves are banned
|rule|Moody Clause: Moody is banned
|rule|Evasion Moves Clause: Evasion moves are banned
|rule|HP Percentage Mod: HP is reported as percentages
|rule|Evasion Abilities Clause: Evasion abilities are banned
|clearpoke
|poke|p1|Bronzong
|poke|p1|Chandelure, M
|poke|p1|Milotic, F
|poke|p1|Umbreon, F, shiny
|poke|p1|Hitmonlee, M
|poke|p1|Raikou, shiny
|poke|p2|Crustle, M
|poke|p2|Whimsicott, F, shiny
|poke|p2|Chandelure, F
|poke|p2|Linoone, M
|poke|p2|Cacturne, M
|poke|p2|Mew
|teampreview
|callback|decision
|
|start
|switch|p1a: Chandelure|Chandelure, M|262\/262
|switch|p2a: Crustle|Crustle, M|344\/344
|turn|1
|callback|decision
|
|move|p1a: Chandelure|Flamethrower|p2a: Crustle
|-damage|p2a: Crustle|22\/344
|-damage|p1a: Chandelure|236\/262|[from] item: Life Orb
|move|p2a: Crustle|Stealth Rock|p1a: Chandelure
|-sidestart|p1: pikachew|move: Stealth Rock
|
|turn|2
|callback|decision
|-enditem|p2a: Crustle|Custap Berry|[eat]
|-activate|p2a: Crustle|Custap Berry
|
|move|p2a: Crustle|Spikes|p1a: Chandelure
|-sidestart|p1: pikachew|Spikes
|move|p1a: Chandelure|Shadow Ball|p2a: Crustle
|-damage|p2a: Crustle|0 fnt
|-damage|p1a: Chandelure|210\/262|[from] item: Life Orb
|faint|p2a: Crustle
|
|callback|decision
|
|switch|p2a: Whimsicott|Whimsicott, F, shiny|324\/324
|turn|3
|callback|decision
|
|move|p2a: Whimsicott|Encore|p1a: Chandelure
|-start|p1a: Chandelure|Encore
|move|p1a: Chandelure|Shadow Ball|p2a: Whimsicott
|-damage|p2a: Whimsicott|29\/324
|-unboost|p2a: Whimsicott|spd|1
|-damage|p1a: Chandelure|184\/262|[from] item: Life Orb
|
|-heal|p2a: Whimsicott|49\/324|[from] item: Leftovers
|turn|4
|callback|decision
|
|switch|p1a: Raikou|Raikou, shiny|322\/322
|-damage|p1a: Raikou|282\/322|[from] Spikes
|-damage|p1a: Raikou|242\/322|[from] Stealth Rock
|-ability|p1a: Raikou|Pressure
|move|p2a: Whimsicott|U-turn|p1a: Raikou
|-crit|p1a: Raikou
|-damage|p1a: Raikou|130\/322
|callback|decision
|
|switch|p2a: Chandelure|Chandelure, F|261\/261
|
|turn|5
|callback|decision
|
|move|p1a: Raikou|Volt Switch|p2a: Chandelure
|-damage|p2a: Chandelure|134\/261
|callback|decision
|
|switch|p1a: Milotic|Milotic, F|392\/392
|-damage|p1a: Milotic|343\/392|[from] Stealth Rock
|-damage|p1a: Milotic|294\/392|[from] Spikes
|move|p2a: Chandelure|Shadow Ball|p1a: Milotic
|-damage|p1a: Milotic|159\/392
|
|-heal|p1a: Milotic|183\/392|[from] item: Leftovers
|turn|6
|callback|decision
|
|switch|p2a: Whimsicott|Whimsicott, F, shiny|49\/324
|move|p1a: Milotic|Recover|p1a: Milotic
|-heal|p1a: Milotic|379\/392
|
|-heal|p2a: Whimsicott|69\/324|[from] item: Leftovers
|-heal|p1a: Milotic|392\/392|[from] item: Leftovers
|turn|7
|callback|decision
|
|switch|p1a: Umbreon|Umbreon, F, shiny|394\/394
|-damage|p1a: Umbreon|345\/394|[from] Spikes
|-damage|p1a: Umbreon|296\/394|[from] Stealth Rock
|move|p2a: Whimsicott|Encore|p1a: Umbreon
|-fail|p1a: Umbreon
|
|-heal|p2a: Whimsicott|89\/324|[from] item: Leftovers
|-heal|p1a: Umbreon|320\/394|[from] item: Leftovers
|turn|8
|callback|decision
|
|move|p2a: Whimsicott|Taunt|p1a: Umbreon
|-start|p1a: Umbreon|move: Taunt
|move|p1a: Umbreon|Foul Play|p2a: Whimsicott
|-damage|p2a: Whimsicott|0 fnt
|faint|p2a: Whimsicott
|
|-heal|p1a: Umbreon|344\/394|[from] item: Leftovers
|callback|decision
|
|switch|p2a: Mew|Mew|341\/341
|turn|9
|callback|decision
|
|move|p2a: Mew|Nasty Plot|p2a: Mew
|-boost|p2a: Mew|spa|2
|move|p1a: Umbreon|Foul Play|p2a: Mew
|-supereffective|p2a: Mew
|-damage|p2a: Mew|63\/341
|
|-heal|p1a: Umbreon|368\/394|[from] item: Leftovers
|turn|10
|callback|decision
|
|move|p2a: Mew|Aura Sphere|p1a: Umbreon
|-supereffective|p1a: Umbreon
|-damage|p1a: Umbreon|38\/394
|-damage|p2a: Mew|29\/341|[from] item: Life Orb
|move|p1a: Umbreon|Foul Play|p2a: Mew
|-supereffective|p2a: Mew
|-damage|p2a: Mew|0 fnt
|faint|p2a: Mew
|
|-heal|p1a: Umbreon|62\/394|[from] item: Leftovers
|-end|p1a: Umbreon|move: Taunt
|callback|decision
|
|switch|p2a: Chandelure|Chandelure, F|134\/261
|turn|11
|callback|decision
|
|move|p1a: Umbreon|Protect|p1a: Umbreon
|-singleturn|p1a: Umbreon|Protect
|move|p2a: Chandelure|Shadow Ball|p1a: Umbreon
|-activate|p1a: Umbreon|Protect
|
|-heal|p1a: Umbreon|86\/394|[from] item: Leftovers
|turn|12
|callback|decision
|
|move|p2a: Chandelure|Shadow Ball|p1a: Umbreon
|-resisted|p1a: Umbreon
|-damage|p1a: Umbreon|33\/394
|move|p1a: Umbreon|Wish|p1a: Umbreon
|
|-heal|p1a: Umbreon|57\/394|[from] item: Leftovers
|turn|13
|callback|decision
|
|switch|p2a: Cacturne|Cacturne, M|281\/281
|move|p1a: Umbreon|Protect|p1a: Umbreon
|-fail|p1a: Umbreon
|
|-heal|p1a: Umbreon|254\/394|[from] move: Wish|[wisher] Umbreon
|-heal|p1a: Umbreon|278\/394|[from] item: Leftovers
|turn|14
|callback|decision
|
|switch|p1a: Chandelure|Chandelure, M|184\/262
|-damage|p1a: Chandelure|119\/262|[from] Stealth Rock
|-damage|p1a: Chandelure|87\/262|[from] Spikes
|move|p2a: Cacturne|Swords Dance|p2a: Cacturne
|-boost|p2a: Cacturne|atk|2
|
|turn|15
|callback|decision
|
|move|p2a: Cacturne|Sucker Punch|p1a: Chandelure
|-fail|p1a: Chandelure
|move|p1a: Chandelure|Substitute|p1a: Chandelure
|-start|p1a: Chandelure|Substitute
|-damage|p1a: Chandelure|22\/262
|
|turn|16
|callback|decision
|
|switch|p2a: Chandelure|Chandelure, F|134\/261
|move|p1a: Chandelure|Pain Split|p2a: Chandelure
|-sethp|p2a: Chandelure|78\/261|p1a: Chandelure|78\/262|[from] move: Pain Split
|
|turn|17
|callback|decision
|
|move|p2a: Chandelure|Shadow Ball|p1a: Chandelure
|-supereffective|p1a: Chandelure
|-end|p1a: Chandelure|Substitute
|move|p1a: Chandelure|Shadow Ball|p2a: Chandelure
|-supereffective|p2a: Chandelure
|-damage|p2a: Chandelure|0 fnt
|-damage|p1a: Chandelure|52\/262|[from] item: Life Orb
|faint|p2a: Chandelure
|
|callback|decision
|
|switch|p2a: Linoone|Linoone, M|297\/297
|turn|18
|callback|decision
|
|move|p2a: Linoone|Shadow Claw|p1a: Chandelure
|-supereffective|p1a: Chandelure
|-damage|p1a: Chandelure|0 fnt
|faint|p1a: Chandelure
|
|callback|decision
|
|switch|p1a: Umbreon|Umbreon, F, shiny|278\/394
|-damage|p1a: Umbreon|229\/394|[from] Stealth Rock
|-damage|p1a: Umbreon|180\/394|[from] Spikes
|turn|19
|callback|decision
|
|move|p2a: Linoone|Belly Drum|p2a: Linoone
|-damage|p2a: Linoone|149\/297
|-setboost|p2a: Linoone|atk|6|[from] move: Belly Drum
|move|p1a: Umbreon|Foul Play|p2a: Linoone
|-damage|p2a: Linoone|0 fnt
|faint|p2a: Linoone
|
|-heal|p1a: Umbreon|204\/394|[from] item: Leftovers
|callback|decision
|
|switch|p2a: Cacturne|Cacturne, M|281\/281
|turn|20
|callback|decision
|
|move|p2a: Cacturne|Swords Dance|p2a: Cacturne
|-boost|p2a: Cacturne|atk|2
|move|p1a: Umbreon|Wish|p1a: Umbreon
|
|-heal|p1a: Umbreon|228\/394|[from] item: Leftovers
|turn|21
|callback|decision
|
|move|p1a: Umbreon|Protect|p1a: Umbreon
|-singleturn|p1a: Umbreon|Protect
|move|p2a: Cacturne|Swords Dance|p2a: Cacturne
|-boost|p2a: Cacturne|atk|2
|
|-heal|p1a: Umbreon|394\/394|[from] move: Wish|[wisher] Umbreon
|turn|22
|callback|decision
|
|move|p2a: Cacturne|Seed Bomb|p1a: Umbreon
|-damage|p1a: Umbreon|0 fnt
|-damage|p2a: Cacturne|253\/281|[from] item: Life Orb
|faint|p1a: Umbreon
|
|callback|decision
|
|switch|p1a: Hitmonlee|Hitmonlee, M|242\/242
|-damage|p1a: Hitmonlee|227\/242|[from] Stealth Rock
|-damage|p1a: Hitmonlee|197\/242|[from] Spikes
|turn|23
|callback|decision
|
|move|p1a: Hitmonlee|Mach Punch|p2a: Cacturne
|-enditem|p1a: Hitmonlee|Fighting Gem|[from] gem|[move] Mach Punch
|-supereffective|p2a: Cacturne
|-damage|p2a: Cacturne|0 fnt
|faint|p2a: Cacturne
|
|win|pikachew
|raw|Ladder updating...
|raw|pikachew's rating: 1685 &rarr; <strong>1689<\/strong><br \/>(+4 for winning)
|raw|ivymo16's rating: 1594 &rarr; <strong>1589<\/strong><br \/>(-5 for losing)
|chat|pikachew|gg
|chat|ivymo16|gg
|leave|ivymo16
|player|p2