|join|momless
|join|ivymo16
|player|p1|momless|265
|player|p2|ivymo16|2
|gametype|singles
|tier|UU
|rated
|rule|Sleep Clause Mod: Limit one foe put to sleep
|rule|Species Clause: Limit one of each Pokemon
|rule|OHKO Clause: OHKO moves are banned
|rule|Moody Clause: Moody is banned
|rule|Evasion Moves Clause: Evasion moves are banned
|rule|HP Percentage Mod: HP is reported as percentages
|rule|Evasion Abilities Clause: Evasion abilities are banned
|clearpoke
|poke|p1|Zapdos
|poke|p1|Mienshao, M
|poke|p1|Zoroark, M
|poke|p1|Meloetta
|poke|p1|Empoleon, M
|poke|p1|Victini
|poke|p2|Smeargle, F
|poke|p2|Mew
|poke|p2|Ambipom, F
|poke|p2|Sigilyph, F
|poke|p2|Zoroark, M
|poke|p2|Azelf
|teampreview
|callback|decision
|
|start
|switch|p1a: Empoleon|Empoleon, M|372\/372
|switch|p2a: Smeargle|Smeargle, F|251\/251
|turn|1
|callback|decision
|
|move|p2a: Smeargle|Spore|p1a: Empoleon
|-status|p1a: Empoleon|slp
|cant|p1a: Empoleon|slp
|
|turn|2
|callback|decision
|
|switch|p1a: Mienshao|Mienshao, M|271\/271
|move|p2a: Smeargle|Ingrain|p2a: Smeargle
|-start|p2a: Smeargle|move: Ingrain
|
|turn|3
|callback|decision
|
|move|p1a: Mienshao|Drain Punch|p2a: Smeargle
|-supereffective|p2a: Smeargle
|-enditem|p2a: Smeargle|Focus Sash
|-damage|p2a: Smeargle|1\/251
|-damage|p1a: Mienshao|244\/271|[from] item: Life Orb
|move|p2a: Smeargle|Baton Pass|p2a: Smeargle
|callback|decision
|
|switch|p2a: Mew|Mew|404\/404
|
|turn|4
|callback|decision
|
|move|p1a: Mienshao|U-turn|p2a: Mew
|-supereffective|p2a: Mew
|-damage|p2a: Mew|174\/404
|-damage|p1a: Mienshao|217\/271|[from] item: Life Orb
|callback|decision
|
|switch|p1a: Meloetta|Meloetta|404\/404
|move|p2a: Mew|Iron Defense|p2a: Mew
|-boost|p2a: Mew|def|2
|
|-heal|p2a: Mew|199\/404|[from] item: Leftovers
|-heal|p2a: Mew|224\/404|[from] Ingrain
|turn|5
|callback|decision
|
|move|p2a: Mew|Amnesia|p2a: Mew
|-boost|p2a: Mew|spd|2
|move|p1a: Meloetta|Relic Song|p2a: Mew
|-damage|p2a: Mew|151\/404
|-formechange|p1a: Meloetta|Meloetta-Pirouette
|
|-heal|p2a: Mew|176\/404|[from] item: Leftovers
|-heal|p2a: Mew|201\/404|[from] Ingrain
|turn|6
|callback|decision
|
|switch|p1a: Victini|Victini|261\/261
|move|p2a: Mew|Iron Defense|p2a: Mew
|-boost|p2a: Mew|def|2
|
|-heal|p2a: Mew|226\/404|[from] item: Leftovers
|-heal|p2a: Mew|251\/404|[from] Ingrain
|turn|7
|callback|decision
|
|move|p1a: Victini|Dark Pulse|p2a: Mew
|-supereffective|p2a: Mew
|-damage|p2a: Mew|81\/404
|-damage|p1a: Victini|235\/261|[from] item: Life Orb
|move|p2a: Mew|Amnesia|p2a: Mew
|-boost|p2a: Mew|spd|2
|
|-heal|p2a: Mew|106\/404|[from] item: Leftovers
|-heal|p2a: Mew|131\/404|[from] Ingrain
|turn|8
|callback|decision
|
|move|p1a: Victini|Dark Pulse|p2a: Mew
|-supereffective|p2a: Mew
|-damage|p2a: Mew|17\/404
|-damage|p1a: Victini|209\/261|[from] item: Life Orb
|move|p2a: Mew|Baton Pass|p2a: Mew
|callback|decision
|
|switch|p2a: Ambipom|Ambipom, F|354\/354
|
|turn|9
|callback|decision
|
|move|p2a: Ambipom|Agility|p2a: Ambipom
|-boost|p2a: Ambipom|spe|2
|move|p1a: Victini|Focus Blast|p2a: Ambipom
|-supereffective|p2a: Ambipom
|-damage|p2a: Ambipom|186\/354
|-damage|p1a: Victini|183\/261|[from] item: Life Orb
|
|-heal|p2a: Ambipom|208\/354|[from] item: Leftovers
|-heal|p2a: Ambipom|230\/354|[from] Ingrain
|turn|10
|callback|decision
|
|move|p2a: Ambipom|Nasty Plot|p2a: Ambipom
|-boost|p2a: Ambipom|spa|2
|move|p1a: Victini|Focus Blast|p2a: Ambipom
|-supereffective|p2a: Ambipom
|-damage|p2a: Ambipom|76\/354
|-damage|p1a: Victini|157\/261|[from] item: Life Orb
|
|-heal|p2a: Ambipom|98\/354|[from] item: Leftovers
|-heal|p2a: Ambipom|120\/354|[from] Ingrain
|turn|11
|callback|decision
|
|switch|p1a: Mienshao|Mienshao, M|271\/271
|move|p2a: Ambipom|Baton Pass|p2a: Ambipom
|callback|decision
|
|switch|p2a: Sigilyph|Sigilyph, F|285\/285
|
|turn|12
|callback|decision
|
|move|p1a: Mienshao|Fake Out|p2a: Sigilyph
|-damage|p2a: Sigilyph|260\/285
|-damage|p1a: Mienshao|244\/271|[from] item: Life Orb
|cant|p2a: Sigilyph|flinch
|
|-heal|p2a: Sigilyph|277\/285|[from] item: Leftovers
|-heal|p2a: Sigilyph|285\/285|[from] Ingrain
|turn|13
|callback|decision
|chat|ivymo16|gg
|
|move|p2a: Sigilyph|Stored Power|p1a: Mienshao
|-supereffective|p1a: Mienshao
|-damage|p1a: Mienshao|0 fnt
|faint|p1a: Mienshao
|
|callback|decision
|
|switch|p1a: Zapdos|Zapdos|384\/384
|-ability|p1a: Zapdos|Pressure
|turn|14
|callback|decision
|
|move|p2a: Sigilyph|Stored Power|p1a: Zapdos
|-damage|p1a: Zapdos|0 fnt
|faint|p1a: Zapdos
|
|callback|decision
|
|switch|p1a: Victini|Victini|341\/341
|turn|15
|callback|decision
|
|move|p2a: Sigilyph|Shadow Ball|p1a: Victini
|-supereffective|p1a: Victini
|-damage|p1a: Victini|1\/341
|move|p1a: Victini|Bolt Strike|p2a: Sigilyph
|-supereffective|p2a: Sigilyph
|-damage|p2a: Sigilyph|173\/285
|-status|p2a: Sigilyph|par
|
|-heal|p2a: Sigilyph|190\/285 par|[from] item: Leftovers
|-heal|p2a: Sigilyph|207\/285 par|[from] Ingrain
|turn|16
|callback|decision
|chat|ivymo16|omg
|chat|ivymo16|hax!
|chat|ivymo16|rly!?
|chat|momless|lolz
|chat|ivymo16|
|
|move|p1a: Victini|Bolt Strike|p2a: Sigilyph
|-crit|p2a: Sigilyph
|-supereffective|p2a: Sigilyph
|-damage|p2a: Sigilyph|0 fnt
|faint|p2a: Sigilyph
|
|callback|decision
|chat|ivymo16|wow
|chat|momless|lololol
|
|switch|p2a: Azelf|Azelf|261\/261
|turn|17
|callback|decision
|
|move|p2a: Azelf|U-turn|p1a: Victini
|-damage|p1a: Victini|0 fnt
|faint|p1a: Victini
|callback|decision
|
|switch|p2a: Azelf|Azelf|291\/291
|
|callback|decision
|
|switch|p1a: Empoleon|Empoleon, M|372\/372 slp
|turn|18
|callback|decision
|
|move|p2a: Azelf|Thunderbolt|p1a: Empoleon
|-supereffective|p1a: Empoleon
|-damage|p1a: Empoleon|152\/372 slp
|cant|p1a: Empoleon|slp
|
|turn|19
|callback|decision
|
|move|p2a: Azelf|Thunderbolt|p1a: Empoleon
|-supereffective|p1a: Empoleon
|-damage|p1a: Empoleon|0 fnt
|faint|p1a: Empoleon
|
|callback|decision
|
|switch|p1a: Meloetta|Meloetta|404\/404
|turn|20
|callback|decision
|
|move|p2a: Azelf|Thunderbolt|p1a: Meloetta
|-damage|p1a: Meloetta|315\/404
|move|p1a: Meloetta|Relic Song|p2a: Azelf
|-damage|p2a: Azelf|113\/291
|-formechange|p1a: Meloetta|Meloetta-Pirouette
|
|-heal|p2a: Azelf|131\/291|[from] item: Leftovers
|turn|21
|callback|decision
|
|switch|p2a: Smeargle|Smeargle, F|1\/251
|switch|p1a: Zoroark|Zoroark, M|157\/261
|
|turn|22
|callback|decision
|
|move|p1a: Zoroark|Dark Pulse|p2a: Smeargle
|-damage|p2a: Smeargle|0 fnt
|-damage|p1a: Zoroark|131\/261|[from] item: Life Orb
|faint|p2a: Smeargle
|
|callback|decision
|
|switch|p2a: Zoroark|Zoroark, M|261\/261
|turn|23
|callback|decision
|
|move|p2a: Zoroark|U-turn|p1a: Zoroark
|-supereffective|p1a: Zoroark
|-damage|p1a: Zoroark|0 fnt
|faint|p1a: Zoroark
|callback|decision
|
|switch|p2a: Azelf|Azelf|131\/291
|
|-heal|p2a: Azelf|149\/291|[from] item: Leftovers
|callback|decision
|
|switch|p1a: Meloetta|Meloetta|315\/404
|turn|24
|callback|decision
|
|move|p2a: Azelf|Thunderbolt|p1a: Meloetta
|-damage|p1a: Meloetta|233\/404
|move|p1a: Meloetta|Relic Song|p2a: Azelf
|-damage|p2a: Azelf|0 fnt
|-formechange|p1a: Meloetta|Meloetta-Pirouette
|faint|p2a: Azelf
|
|callback|decision
|chat|ivymo16|:(
|chat|ivymo16|im so fuckin angry right now
|
|switch|p2a: Ambipom|Ambipom, F|261\/261
|turn|25
|callback|decision
|chat|momless|meh youll still probably win
|
|move|p2a: Ambipom|U-turn|p1a: Meloetta
|-resisted|p1a: Meloetta
|-damage|p1a: Meloetta|203\/404
|callback|decision
|chat|ivymo16|nop
|chat|ivymo16|nope*
|chat|ivymo16|i wont
|
|switch|p2a: Mew|Mew|17\/404
|move|p1a: Meloetta|Hidden Power|p2a: Mew
|-resisted|p2a: Mew
|-damage|p2a: Mew|0 fnt
|faint|p2a: Mew
|
|callback|decision
|
|switch|p2a: Ambipom|Ambipom, F|261\/261
|turn|26
|callback|decision
|
|move|p2a: Ambipom|Flamethrower|p1a: Meloetta
|-damage|p1a: Meloetta|74\/404
|move|p1a: Meloetta|Hidden Power|p2a: Ambipom
|-supereffective|p2a: Ambipom
|replace|p2a: Zoroark|Zoroark, M|261\/261
|-damage|p2a: Zoroark|0 fnt
|faint|p2a: Zoroark
|
|callback|decision
|chat|ivymo16|gg
|chat|ivymo16|i guess
|chat|momless|gg
|-message|ivymo16 forfeited.
|
|win|momless
|raw|Ladder updating...
|raw|momless's rating: 1487 &rarr; <strong>1501<\/strong><br \/>(+14 for winning)
|raw|ivymo16's rating: 1561 &rarr; <strong>1555<\/strong><br \/>(-6 for losing)
|chat|momless|hax ftw
|leave|ivymo16
|player|p2