|join|ivymo16
|join|DaWeezingDuckDH
|player|p1|ivymo16|1
|player|p2|DaWeezingDuckDH|1
|gametype|singles
|gen|6
|tier|UU
|rated
|rule|Sleep Clause Mod: Limit one foe put to sleep
|rule|Species Clause: Limit one of each PokÃ©mon
|rule|OHKO Clause: OHKO moves are banned
|rule|Moody Clause: Moody is banned
|rule|Evasion Moves Clause: Evasion moves are banned
|rule|Endless Battle Clause: Forcing endless battles is banned
|rule|HP Percentage Mod: HP is shown in percentages
|clearpoke
|poke|p1|Azelf
|poke|p1|Infernape, F
|poke|p1|Nidoking, M
|poke|p1|Tornadus, M
|poke|p1|Aggron, M
|poke|p1|Hitmonlee, M
|poke|p2|Cresselia, F
|poke|p2|Weezing, M
|poke|p2|Absol, M
|poke|p2|Vaporeon, M
|poke|p2|Serperior, F
|poke|p2|Crobat, M
|rule|Swagger Clause: Swagger is banned
|rule|Baton Pass Clause: Limit one PokÃ©mon knowing Baton Pass
|teampreview
|
|start
|switch|p1a: Azelf|Azelf|291\/291
|switch|p2a: Absol 4.57|Absol, M|271\/271
|turn|1
|
|switch|p2a: Weezing 1.07|Weezing, M|334\/334
|move|p1a: Azelf|Explosion|p2a: Weezing 1.07
|-damage|p2a: Weezing 1.07|153\/334
|faint|p1a: Azelf
|
|-heal|p2a: Weezing 1.07|173\/334|[from] item: Black Sludge
|
|switch|p1a: Tornadus|Tornadus, M|299\/299
|turn|2
|
|switch|p2a: Crobat 16.15|Crobat, M|373\/373
|move|p1a: Tornadus|Hurricane|p2a: Crobat 16.15
|-damage|p2a: Crobat 16.15|65\/373
|-damage|p1a: Tornadus|270\/299|[from] item: Life Orb
|
|-heal|p2a: Crobat 16.15|88\/373|[from] item: Black Sludge
|turn|3
|
|move|p2a: Crobat 16.15|Toxic|p1a: Tornadus
|-status|p1a: Tornadus|tox
|move|p1a: Tornadus|Knock Off|p2a: Crobat 16.15
|-damage|p2a: Crobat 16.15|0 fnt
|-enditem|p2a: Crobat 16.15|Black Sludge|[from] move: Knock Off|[of] p1a: Tornadus
|-damage|p1a: Tornadus|241\/299 tox|[from] item: Life Orb
|faint|p2a: Crobat 16.15
|
|-damage|p1a: Tornadus|223\/299 tox|[from] psn
|
|switch|p2a: Absol 4.57|Absol, M|271\/271
|turn|4
|
|switch|p1a: Aggron|Aggron, M|316\/316
|detailschange|p2a: Absol 4.57|Absol-Mega, M
|-mega|p2a: Absol 4.57|Absol|Absolite
|move|p2a: Absol 4.57|Sucker Punch|p1a: Aggron
|-fail|p1a: Aggron
|
|turn|5
|
|switch|p2a: Vaporeon 8.99|Vaporeon, M|463\/463
|detailschange|p1a: Aggron|Aggron-Mega, M
|-mega|p1a: Aggron|Aggron|Aggronite
|move|p1a: Aggron|Heavy Slam|p2a: Vaporeon 8.99
|-resisted|p2a: Vaporeon 8.99
|-damage|p2a: Vaporeon 8.99|343\/463
|
|-heal|p2a: Vaporeon 8.99|371\/463|[from] item: Leftovers
|turn|6
|
|switch|p1a: Hitmonlee|Hitmonlee, M|241\/241
|move|p2a: Vaporeon 8.99|Scald|p1a: Hitmonlee
|-damage|p1a: Hitmonlee|148\/241
|-status|p1a: Hitmonlee|brn
|
|-heal|p2a: Vaporeon 8.99|399\/463|[from] item: Leftovers
|-damage|p1a: Hitmonlee|118\/241 brn|[from] brn
|turn|7
|
|move|p1a: Hitmonlee|Knock Off|p2a: Vaporeon 8.99
|-damage|p2a: Vaporeon 8.99|344\/463
|-enditem|p2a: Vaporeon 8.99|Leftovers|[from] move: Knock Off|[of] p1a: Hitmonlee
|move|p2a: Vaporeon 8.99|Wish|p2a: Vaporeon 8.99
|
|-damage|p1a: Hitmonlee|88\/241 brn|[from] brn
|turn|8
|
|move|p1a: Hitmonlee|Knock Off|p2a: Vaporeon 8.99
|-damage|p2a: Vaporeon 8.99|307\/463
|move|p2a: Vaporeon 8.99|Scald|p1a: Hitmonlee
|-damage|p1a: Hitmonlee|0 fnt
|faint|p1a: Hitmonlee
|
|-heal|p2a: Vaporeon 8.99|463\/463|[from] move: Wish|[wisher] Vaporeon 8.99
|
|switch|p1a: Infernape|Infernape, F|293\/293
|turn|9
|
|move|p1a: Infernape|Close Combat|p2a: Vaporeon 8.99
|-damage|p2a: Vaporeon 8.99|224\/463
|-unboost|p1a: Infernape|def|1
|-unboost|p1a: Infernape|spd|1
|-damage|p1a: Infernape|264\/293|[from] item: Life Orb
|move|p2a: Vaporeon 8.99|Wish|p2a: Vaporeon 8.99
|
|turn|10
|
|switch|p2a: Weezing 1.07|Weezing, M|173\/334
|move|p1a: Infernape|Flare Blitz|p2a: Weezing 1.07
|-damage|p2a: Weezing 1.07|31\/334
|-damage|p1a: Infernape|217\/293|[from] recoil|[of] p2a: Weezing 1.07
|-damage|p1a: Infernape|188\/293|[from] item: Life Orb
|
|-heal|p2a: Weezing 1.07|262\/334|[from] move: Wish|[wisher] Vaporeon 8.99
|-heal|p2a: Weezing 1.07|282\/334|[from] item: Black Sludge
|turn|11
|
|move|p1a: Infernape|Flare Blitz|p2a: Weezing 1.07
|-damage|p2a: Weezing 1.07|126\/334
|-damage|p1a: Infernape|137\/293|[from] recoil|[of] p2a: Weezing 1.07
|-damage|p1a: Infernape|108\/293|[from] item: Life Orb
|move|p2a: Weezing 1.07|Sludge Bomb|p1a: Infernape
|-damage|p1a: Infernape|0 fnt
|faint|p1a: Infernape
|
|-heal|p2a: Weezing 1.07|146\/334|[from] item: Black Sludge
|
|switch|p1a: Tornadus|Tornadus, M|223\/299 tox
|turn|12
|
|move|p1a: Tornadus|Hurricane|p2a: Weezing 1.07
|-damage|p2a: Weezing 1.07|0 fnt
|-damage|p1a: Tornadus|194\/299 tox|[from] item: Life Orb
|faint|p2a: Weezing 1.07
|
|-damage|p1a: Tornadus|176\/299 tox|[from] psn
|
|switch|p2a: Absol 4.57|Absol-Mega, M|271\/271
|turn|13
|
|switch|p1a: Aggron|Aggron-Mega, M|316\/316
|move|p2a: Absol 4.57|Knock Off|p1a: Aggron
|-damage|p1a: Aggron|253\/316
|
|turn|14
|
|switch|p2a: Vaporeon 8.99|Vaporeon, M|224\/463
|switch|p1a: Nidoking|Nidoking, M|303\/303
|
|turn|15
|
|switch|p2a: Cresselia 2.19|Cresselia, F|443\/443
|move|p1a: Nidoking|Poison Jab|p2a: Cresselia 2.19
|-damage|p2a: Cresselia 2.19|305\/443
|
|-heal|p2a: Cresselia 2.19|332\/443|[from] item: Leftovers
|turn|16
|
|move|p1a: Nidoking|Poison Jab|p2a: Cresselia 2.19
|-damage|p2a: Cresselia 2.19|207\/443
|move|p2a: Cresselia 2.19|Substitute|p2a: Cresselia 2.19
|-start|p2a: Cresselia 2.19|Substitute
|-damage|p2a: Cresselia 2.19|97\/443
|
|-heal|p2a: Cresselia 2.19|124\/443|[from] item: Leftovers
|turn|17
|
|move|p1a: Nidoking|Poison Jab|p2a: Cresselia 2.19
|-end|p2a: Cresselia 2.19|Substitute
|move|p2a: Cresselia 2.19|Psyshock|p1a: Nidoking
|-supereffective|p1a: Nidoking
|-damage|p1a: Nidoking|129\/303
|
|-heal|p2a: Cresselia 2.19|151\/443|[from] item: Leftovers
|turn|18
|
|move|p1a: Nidoking|Poison Jab|p2a: Cresselia 2.19
|-damage|p2a: Cresselia 2.19|13\/443
|move|p2a: Cresselia 2.19|Psyshock|p1a: Nidoking
|-supereffective|p1a: Nidoking
|-damage|p1a: Nidoking|0 fnt
|faint|p1a: Nidoking
|
|-heal|p2a: Cresselia 2.19|40\/443|[from] item: Leftovers
|
|switch|p1a: Tornadus|Tornadus, M|176\/299 tox
|turn|19
|
|move|p1a: Tornadus|Knock Off|p2a: Cresselia 2.19
|-supereffective|p2a: Cresselia 2.19
|-damage|p2a: Cresselia 2.19|0 fnt
|-enditem|p2a: Cresselia 2.19|Leftovers|[from] move: Knock Off|[of] p1a: Tornadus
|-damage|p1a: Tornadus|147\/299 tox|[from] item: Life Orb
|faint|p2a: Cresselia 2.19
|
|-damage|p1a: Tornadus|129\/299 tox|[from] psn
|
|switch|p2a: Absol 4.57|Absol-Mega, M|271\/271
|turn|20
|
|move|p2a: Absol 4.57|Knock Off|p1a: Tornadus
|-damage|p1a: Tornadus|0 fnt
|-enditem|p1a: Tornadus|Life Orb|[from] move: Knock Off|[of] p2a: Absol 4.57
|faint|p1a: Tornadus
|
|
|switch|p1a: Aggron|Aggron-Mega, M|253\/316
|turn|21
|
|move|p2a: Absol 4.57|Knock Off|p1a: Aggron
|-damage|p1a: Aggron|196\/316
|move|p1a: Aggron|Heavy Slam|p2a: Absol 4.57
|-damage|p2a: Absol 4.57|0 fnt
|faint|p2a: Absol 4.57
|
|
|switch|p2a: Vaporeon 8.99|Vaporeon, M|224\/463
|turn|22
|-message|ivymo16 forfeited.
|leave|ivymo16
|
|win|DaWeezingDuckDH
|raw|Ladder updating...
|player|p1
|raw|ivymo16's rating: 1500 &rarr; <strong>1476<\/strong><br \/>(-24 for losing)
|raw|DaWeezingDuckDH's rating: 1431 &rarr; <strong>1455<\/strong><br \/>(+24 for winning)