|join|Storm Jesus
|join|Level 56
|player|p1|Storm Jesus|151
|player|p2|Level 56|275
|gametype|singles
|gen|6
|tier|OU
|rated
|clearpoke
|poke|p1|Gengar, M
|poke|p1|Meloetta
|poke|p1|Gyarados, M
|poke|p1|Ferrothorn, M
|poke|p1|Entei, shiny
|poke|p1|Landorus, M
|poke|p2|Thundurus, M
|poke|p2|Bisharp, M
|poke|p2|Keldeo-Resolute
|poke|p2|Dragonite, F
|poke|p2|Infernape, F
|poke|p2|Metagross
|rule|Swagger Clause: Swagger is banned
|rule|Baton Pass Clause: Limit one PokÃ©mon knowing Baton Pass
|rule|Sleep Clause Mod: Limit one foe put to sleep
|rule|Species Clause: Limit one of each PokÃ©mon
|rule|OHKO Clause: OHKO moves are banned
|rule|Moody Clause: Moody is banned
|rule|Evasion Moves Clause: Evasion moves are banned
|rule|Endless Battle Clause: Forcing endless battles is banned
|rule|HP Percentage Mod: HP is shown in percentages
|teampreview
|
|start
|switch|p1a: Phantom|Gengar, M|262\/262
|switch|p2a: Infernape|Infernape, F|293\/293
|turn|1
|
|move|p1a: Phantom|Taunt|p2a: Infernape
|-start|p2a: Infernape|move: Taunt
|cant|p2a: Infernape|move: Taunt|Stealth Rock
|
|turn|2
|
|move|p1a: Phantom|Shadow Ball|p2a: Infernape
|-damage|p2a: Infernape|67\/293
|-damage|p1a: Phantom|236\/262|[from] item: Life Orb
|move|p2a: Infernape|Fire Blast|p1a: Phantom
|-damage|p1a: Phantom|0 fnt
|faint|p1a: Phantom
|
|
|switch|p1a: Mufasa|Entei, shiny|434\/434
|-ability|p1a: Mufasa|Pressure
|turn|3
|
|switch|p2a: Keldeo-Resolute|Keldeo-Resolute|323\/323
|move|p1a: Mufasa|Sacred Fire|p2a: Keldeo-Resolute
|-resisted|p2a: Keldeo-Resolute
|-damage|p2a: Keldeo-Resolute|229\/323
|-status|p2a: Keldeo-Resolute|brn
|
|-damage|p2a: Keldeo-Resolute|189\/323 brn|[from] brn
|turn|4
|
|move|p1a: Mufasa|Extreme Speed|p2a: Keldeo-Resolute
|-damage|p2a: Keldeo-Resolute|83\/323 brn
|move|p2a: Keldeo-Resolute|Secret Sword|p1a: Mufasa
|-crit|p1a: Mufasa
|-damage|p1a: Mufasa|53\/434
|
|-damage|p2a: Keldeo-Resolute|43\/323 brn|[from] brn
|turn|5
|join|Yay IU
|
|move|p2a: Keldeo-Resolute|Secret Sword|p1a: Mufasa
|-damage|p1a: Mufasa|0 fnt
|faint|p1a: Mufasa
|
|-damage|p2a: Keldeo-Resolute|3\/323 brn|[from] brn
|
|switch|p1a: Enten|Landorus, M|319\/319
|turn|6
|
|move|p2a: Keldeo-Resolute|Secret Sword|p1a: Enten
|-resisted|p1a: Enten
|-damage|p1a: Enten|202\/319
|move|p1a: Enten|Psychic|p2a: Keldeo-Resolute
|-supereffective|p2a: Keldeo-Resolute
|-damage|p2a: Keldeo-Resolute|0 fnt
|faint|p2a: Keldeo-Resolute
|
|
|switch|p2a: Infernape|Infernape, F|67\/293
|turn|7
|
|move|p2a: Infernape|Stealth Rock|p1a: Enten
|-sidestart|p1: Storm Jesus|move: Stealth Rock
|move|p1a: Enten|Psychic|p2a: Infernape
|-supereffective|p2a: Infernape
|-damage|p2a: Infernape|0 fnt
|faint|p2a: Infernape
|
|
|switch|p2a: Thundurus|Thundurus, M|299\/299
|turn|8
|
|switch|p1a: Zelda|Meloetta|404\/404
|-damage|p1a: Zelda|354\/404|[from] Stealth Rock
|move|p2a: Thundurus|Hidden Power|p1a: Zelda
|-damage|p1a: Zelda|277\/404
|-damage|p2a: Thundurus|270\/299|[from] item: Life Orb
|
|-heal|p1a: Zelda|302\/404|[from] item: Leftovers
|turn|9
|
|switch|p2a: Metagross|Metagross|302\/302
|move|p1a: Zelda|Psyshock|p2a: Metagross
|-resisted|p2a: Metagross
|-damage|p2a: Metagross|280\/302
|
|-heal|p1a: Zelda|327\/404|[from] item: Leftovers
|turn|10
|
|switch|p1a: Tytannial|Ferrothorn, M|352\/352
|-damage|p1a: Tytannial|330\/352|[from] Stealth Rock
|detailschange|p2a: Metagross|Metagross-Mega
|message|Metagross has Mega Evolved into Mega Metagross!
|move|p2a: Metagross|Hammer Arm|p1a: Tytannial
|-supereffective|p1a: Tytannial
|-damage|p1a: Tytannial|140\/352
|-damage|p2a: Metagross|243\/302|[from] ability: Iron Barbs|[of] p1a: Tytannial
|-damage|p2a: Metagross|193\/302|[from] item: Rocky Helmet|[of] p1a: Tytannial
|-unboost|p2a: Metagross|spe|1
|
|turn|11
|join|Doomed Hi
|
|move|p2a: Metagross|Hammer Arm|p1a: Tytannial|[miss]
|-miss|p2a: Metagross|p1a: Tytannial
|move|p1a: Tytannial|Stealth Rock|p2a: Metagross
|-sidestart|p2: Level 56|move: Stealth Rock
|
|turn|12
|
|switch|p1a: Enten|Landorus, M|202\/319
|-damage|p1a: Enten|163\/319|[from] Stealth Rock
|move|p2a: Metagross|Hammer Arm|p1a: Enten
|-resisted|p1a: Enten
|-damage|p1a: Enten|65\/319
|-unboost|p2a: Metagross|spe|1
|
|turn|13
|
|move|p2a: Metagross|Bullet Punch|p1a: Enten
|-damage|p1a: Enten|0 fnt
|faint|p1a: Enten
|
|
|switch|p1a: Predator|Gyarados, M|331\/331
|-damage|p1a: Predator|249\/331|[from] Stealth Rock
|-ability|p1a: Predator|Intimidate|[of] p2a: Metagross
|-unboost|p2a: Metagross|atk|1
|turn|14
|c| Doomed Hi|come on bruh
|
|switch|p2a: Thundurus|Thundurus, M|270\/299
|-damage|p2a: Thundurus|196\/299|[from] Stealth Rock
|detailschange|p1a: Predator|Gyarados-Mega, M
|message|Gyarados has Mega Evolved into Mega Gyarados!
|-ability|p1a: Predator|Mold Breaker
|move|p1a: Predator|Crunch|p2a: Thundurus
|-damage|p2a: Thundurus|0 fnt
|faint|p2a: Thundurus
|
|
|switch|p2a: Metagross|Metagross-Mega|193\/302
|-damage|p2a: Metagross|175\/302|[from] Stealth Rock
|turn|15
|
|switch|p1a: Tytannial|Ferrothorn, M|140\/352
|-damage|p1a: Tytannial|118\/352|[from] Stealth Rock
|move|p2a: Metagross|Hammer Arm|p1a: Tytannial
|-supereffective|p1a: Tytannial
|-damage|p1a: Tytannial|0 fnt
|-damage|p2a: Metagross|138\/302|[from] ability: Iron Barbs|[of] p1a: Tytannial
|-damage|p2a: Metagross|88\/302|[from] item: Rocky Helmet|[of] p1a: Tytannial
|-unboost|p2a: Metagross|spe|1
|faint|p1a: Tytannial
|
|
|switch|p1a: Predator|Gyarados-Mega, M|249\/331
|-damage|p1a: Predator|208\/331|[from] Stealth Rock
|-ability|p1a: Predator|Mold Breaker
|turn|16
|
|move|p1a: Predator|Crunch|p2a: Metagross
|-supereffective|p2a: Metagross
|-damage|p2a: Metagross|0 fnt
|faint|p2a: Metagross
|
|
|switch|p2a: Dragonite|Dragonite, F|323\/323
|-damage|p2a: Dragonite|243\/323|[from] Stealth Rock
|turn|17
|
|switch|p1a: Zelda|Meloetta|327\/404
|-damage|p1a: Zelda|277\/404|[from] Stealth Rock
|move|p2a: Dragonite|Extreme Speed|p1a: Zelda
|-damage|p1a: Zelda|135\/404
|
|-heal|p1a: Zelda|160\/404|[from] item: Leftovers
|turn|18
|
|move|p2a: Dragonite|Extreme Speed|p1a: Zelda
|-damage|p1a: Zelda|23\/404
|move|p1a: Zelda|Psyshock|p2a: Dragonite
|-damage|p2a: Dragonite|114\/323
|
|-heal|p1a: Zelda|48\/404|[from] item: Leftovers
|turn|19
|
|move|p2a: Dragonite|Extreme Speed|p1a: Zelda
|-damage|p1a: Zelda|0 fnt
|faint|p1a: Zelda
|
|
|switch|p1a: Predator|Gyarados-Mega, M|208\/331
|-damage|p1a: Predator|167\/331|[from] Stealth Rock
|-ability|p1a: Predator|Mold Breaker
|turn|20
|
|move|p2a: Dragonite|Extreme Speed|p1a: Predator
|-damage|p1a: Predator|26\/331
|move|p1a: Predator|Crunch|p2a: Dragonite
|-damage|p2a: Dragonite|0 fnt
|faint|p2a: Dragonite
|
|
|switch|p2a: Bisharp|Bisharp, M|272\/272
|-damage|p2a: Bisharp|255\/272|[from] Stealth Rock
|turn|21
|
|move|p2a: Bisharp|Sucker Punch|p1a: Predator
|-resisted|p1a: Predator
|-damage|p1a: Predator|0 fnt
|-damage|p2a: Bisharp|228\/272|[from] item: Life Orb
|faint|p1a: Predator
|
|win|Level 56
|raw|Ladder updating...
|leave|Storm Jesus
|player|p1
|raw|Storm Jesus's rating: 1879 &rarr; <strong>1858<\/strong><br \/>(-21 for losing)
|raw|Level 56's rating: 1865 &rarr; <strong>1886<\/strong><br \/>(+21 for winning)
|c| Doomed Hi|you shouldve dd
|c| Yay IU|suck my punch
|c| Doomed Hi|ay level 56
|leave|Doomed Hi