|join|Patodragon.v2
|join|Storm Jesus
|player|p1|Patodragon.v2|2
|player|p2|Storm Jesus|151
|gametype|singles
|gen|6
|tier|OU
|rated
|clearpoke
|poke|p1|Greninja, F
|poke|p1|Gallade, M
|poke|p1|Rotom-Wash
|poke|p1|Clefable, F
|poke|p1|Landorus-Therian, M
|poke|p1|Empoleon, M
|poke|p2|Gengar, M
|poke|p2|Meloetta
|poke|p2|Gyarados, M
|poke|p2|Ferrothorn, M
|poke|p2|Landorus, M
|poke|p2|Terrakion
|rule|Swagger Clause: Swagger is banned
|rule|Baton Pass Clause: Limit one PokÃ©mon knowing Baton Pass
|rule|Sleep Clause Mod: Limit one foe put to sleep
|rule|Species Clause: Limit one of each PokÃ©mon
|rule|OHKO Clause: OHKO moves are banned
|rule|Moody Clause: Moody is banned
|rule|Evasion Moves Clause: Evasion moves are banned
|rule|Endless Battle Clause: Forcing endless battles is banned
|rule|HP Percentage Mod: HP is shown in percentages
|teampreview
|
|start
|switch|p1a: Greninja|Greninja, F|285\/285
|switch|p2a: Ahngoru|Terrakion|323\/323
|turn|1
|c|âStorm Jesus|don't kill me
|c|âPatodragon.v2|sash?
|
|move|p1a: Greninja|Low Kick|p2a: Ahngoru
|-start|p1a: Greninja|typechange|Fighting|[from] Protean
|-supereffective|p2a: Ahngoru
|-damage|p2a: Ahngoru|0 fnt
|-damage|p1a: Greninja|257\/285|[from] item: Life Orb
|faint|p2a: Ahngoru
|
|c|âPatodragon.v2|apparently not
|c|âStorm Jesus|why lowkick
|c|âStorm Jesus|..
|c|âPatodragon.v2|empoleon
|c|âStorm Jesus|no switch
|
|switch|p2a: Tytannial|Ferrothorn, M|352\/352
|turn|2
|
|switch|p1a: Empoleon|Empoleon, M|372\/372
|move|p2a: Tytannial|Gyro Ball|p1a: Empoleon
|-resisted|p1a: Empoleon
|-damage|p1a: Empoleon|350\/372
|
|-heal|p1a: Empoleon|372\/372|[from] item: Leftovers
|turn|3
|
|move|p1a: Empoleon|Stealth Rock|p2a: Tytannial
|-sidestart|p2: Storm Jesus|move: Stealth Rock
|move|p2a: Tytannial|Stealth Rock|p1a: Empoleon
|-sidestart|p1: Patodragon.v2|move: Stealth Rock
|
|turn|4
|
|switch|p2a: Enten|Landorus, M|319\/319
|-damage|p2a: Enten|280\/319|[from] Stealth Rock
|move|p1a: Empoleon|Scald|p2a: Enten
|-supereffective|p2a: Enten
|-damage|p2a: Enten|8\/319
|
|turn|5
|
|switch|p1a: Landorus-Therian|Landorus-Therian, M|319\/319
|-damage|p1a: Landorus-Therian|280\/319|[from] Stealth Rock
|-ability|p1a: Landorus-Therian|Intimidate|[of] p2a: Enten
|-unboost|p2a: Enten|atk|1
|move|p2a: Enten|Psychic|p1a: Landorus-Therian
|-damage|p1a: Landorus-Therian|90\/319
|
|turn|6
|
|switch|p2a: Tytannial|Ferrothorn, M|352\/352
|-damage|p2a: Tytannial|330\/352|[from] Stealth Rock
|move|p1a: Landorus-Therian|U-turn|p2a: Tytannial
|-damage|p2a: Tytannial|274\/352
|-damage|p1a: Landorus-Therian|51\/319|[from] ability: Iron Barbs|[of] p2a: Tytannial
|-damage|p1a: Landorus-Therian|0 fnt|[from] item: Rocky Helmet|[of] p2a: Tytannial
|faint|p1a: Landorus-Therian
|
|
|switch|p1a: Rotom-Wash|Rotom-Wash|304\/304
|-damage|p1a: Rotom-Wash|266\/304|[from] Stealth Rock
|turn|7
|
|move|p1a: Rotom-Wash|Will-O-Wisp|p2a: Tytannial
|-status|p2a: Tytannial|brn
|move|p2a: Tytannial|Spikes|p1a: Rotom-Wash
|-sidestart|p1: Patodragon.v2|Spikes
|
|-heal|p1a: Rotom-Wash|285\/304|[from] item: Leftovers
|-damage|p2a: Tytannial|230\/352 brn|[from] brn
|turn|8
|
|switch|p1a: Gallade|Gallade, M|277\/277
|-damage|p1a: Gallade|243\/277|[from] Spikes
|-damage|p1a: Gallade|226\/277|[from] Stealth Rock
|switch|p2a: Phantom|Gengar, M|262\/262
|-damage|p2a: Phantom|230\/262|[from] Stealth Rock
|
|turn|9
|
|switch|p1a: Clefable|Clefable, F|394\/394
|move|p2a: Phantom|Shadow Ball|p1a: Clefable
|-damage|p1a: Clefable|234\/394
|-damage|p2a: Phantom|204\/262|[from] item: Life Orb
|
|-heal|p1a: Clefable|258\/394|[from] item: Leftovers
|turn|10
|
|move|p2a: Phantom|Sludge Wave|p1a: Clefable
|-crit|p1a: Clefable
|-supereffective|p1a: Clefable
|-damage|p1a: Clefable|0 fnt
|-damage|p2a: Phantom|178\/262|[from] item: Life Orb
|faint|p1a: Clefable
|
|
|switch|p1a: Greninja|Greninja, F|257\/285
|-damage|p1a: Greninja|222\/285|[from] Spikes
|-damage|p1a: Greninja|187\/285|[from] Stealth Rock
|turn|11
|
|switch|p2a: Enten|Landorus, M|8\/319
|-damage|p2a: Enten|0 fnt|[from] Stealth Rock
|faint|p2a: Enten
|move|p1a: Greninja|Dark Pulse|p2: Enten|[notarget]
|-notarget
|
|
|switch|p2a: Tytannial|Ferrothorn, M|230\/352 brn
|-damage|p2a: Tytannial|208\/352 brn|[from] Stealth Rock
|turn|12
|
|switch|p1a: Empoleon|Empoleon, M|372\/372
|-damage|p1a: Empoleon|349\/372|[from] Stealth Rock
|-damage|p1a: Empoleon|303\/372|[from] Spikes
|move|p2a: Tytannial|Gyro Ball|p1a: Empoleon
|-resisted|p1a: Empoleon
|-damage|p1a: Empoleon|293\/372
|
|-heal|p1a: Empoleon|316\/372|[from] item: Leftovers
|-damage|p2a: Tytannial|164\/352 brn|[from] brn
|turn|13
|
|move|p1a: Empoleon|Defog|p2a: Tytannial
|-unboost|p2a: Tytannial|evasion|1
|-sideend|p2: Storm Jesus|Stealth Rock|[from] move: Defog|[of] p2a: Tytannial
|-sideend|p1: Patodragon.v2|Spikes|[from] move: Defog|[of] p1a: Empoleon
|-sideend|p1: Patodragon.v2|Stealth Rock|[from] move: Defog|[of] p1a: Empoleon
|move|p2a: Tytannial|Leech Seed|p1a: Empoleon
|-start|p1a: Empoleon|move: Leech Seed
|
|-heal|p1a: Empoleon|339\/372|[from] item: Leftovers
|-damage|p1a: Empoleon|293\/372|[from] Leech Seed|[of] p2a: Tytannial
|-heal|p2a: Tytannial|210\/352 brn|[silent]
|-damage|p2a: Tytannial|166\/352 brn|[from] brn
|turn|14
|
|switch|p1a: Gallade|Gallade, M|226\/277
|move|p2a: Tytannial|Stealth Rock|p1a: Gallade
|-sidestart|p1: Patodragon.v2|move: Stealth Rock
|
|-damage|p2a: Tytannial|122\/352 brn|[from] brn
|turn|15
|
|detailschange|p1a: Gallade|Gallade-Mega, M
|-mega|p1a: Gallade|Gallade|Galladite
|move|p1a: Gallade|Swords Dance|p1a: Gallade
|-boost|p1a: Gallade|atk|2
|move|p2a: Tytannial|Gyro Ball|p1a: Gallade
|-damage|p1a: Gallade|135\/277
|
|-damage|p2a: Tytannial|78\/352 brn|[from] brn
|turn|16
|
|move|p1a: Gallade|Knock Off|p2a: Tytannial
|-damage|p2a: Tytannial|0 fnt
|-damage|p1a: Gallade|101\/277|[from] ability: Iron Barbs|[of] p2a: Tytannial
|-damage|p1a: Gallade|55\/277|[from] item: Rocky Helmet|[of] p2a: Tytannial
|-enditem|p2a: Tytannial|Rocky Helmet|[from] move: Knock Off|[of] p1a: Gallade
|faint|p2a: Tytannial
|
|
|switch|p2a: Predator|Gyarados, M|331\/331
|-ability|p2a: Predator|Intimidate|[of] p1a: Gallade
|-unboost|p1a: Gallade|atk|1
|turn|17
|
|switch|p2a: Zelda|Meloetta|404\/404
|move|p1a: Gallade|Close Combat|p2a: Zelda
|-damage|p2a: Zelda|85\/404
|-unboost|p1a: Gallade|def|1
|-unboost|p1a: Gallade|spd|1
|
|-heal|p2a: Zelda|110\/404|[from] item: Leftovers
|turn|18
|
|move|p1a: Gallade|Close Combat|p2a: Zelda
|-crit|p2a: Zelda
|-damage|p2a: Zelda|0 fnt
|-unboost|p1a: Gallade|def|1
|-unboost|p1a: Gallade|spd|1
|faint|p2a: Zelda
|
|
|switch|p2a: Phantom|Gengar, M|178\/262
|turn|19
|
|move|p2a: Phantom|Sludge Wave|p1a: Gallade
|-damage|p1a: Gallade|0 fnt
|-damage|p2a: Phantom|152\/262|[from] item: Life Orb
|faint|p1a: Gallade
|
|c|âPatodragon.v2|damn
|
|switch|p1a: Greninja|Greninja, F|187\/285
|-damage|p1a: Greninja|152\/285|[from] Stealth Rock
|turn|20
|c|âPatodragon.v2|speed tie for the game :(
|c|âPatodragon.v2|gg
|
|move|p1a: Greninja|Dark Pulse|p2a: Phantom
|-start|p1a: Greninja|typechange|Dark|[from] Protean
|-supereffective|p2a: Phantom
|-damage|p2a: Phantom|0 fnt
|-damage|p1a: Greninja|124\/285|[from] item: Life Orb
|faint|p2a: Phantom
|
|
|switch|p2a: Predator|Gyarados, M|331\/331
|-ability|p2a: Predator|Intimidate|[of] p1a: Greninja
|-unboost|p1a: Greninja|atk|1
|turn|21
|c|âPatodragon.v2|50\/50 on the low kick
|
|move|p1a: Greninja|Gunk Shot|p2a: Predator
|-start|p1a: Greninja|typechange|Poison|[from] Protean
|-damage|p2a: Predator|152\/331
|-damage|p1a: Greninja|96\/285|[from] item: Life Orb
|move|p2a: Predator|Dragon Dance|p2a: Predator
|-boost|p2a: Predator|atk|1
|-boost|p2a: Predator|spe|1
|
|turn|22
|c|âPatodragon.v2|guess not
|
|detailschange|p2a: Predator|Gyarados-Mega, M
|-mega|p2a: Predator|Gyarados|Gyaradosite
|-ability|p2a: Predator|Mold Breaker
|move|p2a: Predator|Crunch|p1a: Greninja
|-damage|p1a: Greninja|0 fnt
|faint|p1a: Greninja
|
|
|switch|p1a: Rotom-Wash|Rotom-Wash|285\/304
|-damage|p1a: Rotom-Wash|247\/304|[from] Stealth Rock
|turn|23
|
|move|p2a: Predator|Crunch|p1a: Rotom-Wash
|-damage|p1a: Rotom-Wash|66\/304
|move|p1a: Rotom-Wash|Volt Switch|p2a: Predator
|-supereffective|p2a: Predator
|-damage|p2a: Predator|36\/331
|c|âPatodragon.v2|son of a
|
|switch|p1a: Empoleon|Empoleon, M|293\/372
|-damage|p1a: Empoleon|270\/372|[from] Stealth Rock
|
|-heal|p1a: Empoleon|293\/372|[from] item: Leftovers
|turn|24
|c|âPatodragon.v2|burn baby burn
|
|move|p2a: Predator|Waterfall|p1a: Empoleon
|-resisted|p1a: Empoleon
|-damage|p1a: Empoleon|197\/372
|cant|p1a: Empoleon|flinch
|
|-heal|p1a: Empoleon|220\/372|[from] item: Leftovers
|turn|25
|c|âPatodragon.v2|o you disgust me
|c|âStorm Jesus|can icalc smth
|c|âPatodragon.v2|go for it; you've won tho
|c|âStorm Jesus|take timer off
|
|move|p2a: Predator|Crunch|p1a: Empoleon
|-damage|p1a: Empoleon|33\/372
|move|p1a: Empoleon|Scald|p2a: Predator
|-resisted|p2a: Predator
|-damage|p2a: Predator|0 fnt
|faint|p2a: Predator
|
|win|Patodragon.v2
|raw|Ladder updating...
|raw|Patodragon.v2's rating: 1675 &rarr; <strong>1704<\/strong><br \/>(+29 for winning)
|raw|Storm Jesus's rating: 1840 &rarr; <strong>1811<\/strong><br \/>(-29 for losing)
|c|âStorm Jesus|NO I HAVENT
|c|âStorm Jesus|..
|leave|Storm Jesus
|c|âPatodragon.v2|+1 252 Atk Mold Breaker Mega Gyarados Crunch vs. 252 HP\/200+ Def Torrent Empoleon: 184 - 217 (49.5 - 58.3%) -- 98.8% chance to 2HKO
|c|âPatodragon.v2|not adamant
|player|p2