|join|PDCYoutube
|join|Storm Jesus
|player|p1|PDCYoutube|101
|player|p2|Storm Jesus|151
|gametype|singles
|gen|6
|tier|OU
|rated
|clearpoke
|poke|p1|Azelf
|poke|p1|Scizor, M
|poke|p1|Diggersby, M, shiny
|poke|p1|Raikou, shiny
|poke|p1|Greninja, F
|poke|p1|Latios, M, shiny
|poke|p2|Gengar, M
|poke|p2|Meloetta
|poke|p2|Gyarados, M
|poke|p2|Ferrothorn, M
|poke|p2|Entei, shiny
|poke|p2|Landorus, M
|rule|Swagger Clause: Swagger is banned
|rule|Baton Pass Clause: Limit one PokÃ©mon knowing Baton Pass
|rule|Sleep Clause Mod: Limit one foe put to sleep
|rule|Species Clause: Limit one of each PokÃ©mon
|rule|OHKO Clause: OHKO moves are banned
|rule|Moody Clause: Moody is banned
|rule|Evasion Moves Clause: Evasion moves are banned
|rule|Endless Battle Clause: Forcing endless battles is banned
|rule|HP Percentage Mod: HP is shown in percentages
|teampreview
|join|Ox the Fox
|join|Starmaster
|join|jefo
|
|start
|switch|p1a: Azelf|Azelf|291\/291
|switch|p2a: Mufasa|Entei, shiny|434\/434
|-ability|p2a: Mufasa|Pressure
|turn|1
|c| Starmaster|lol
|c| Starmaster|pdc why use ox's fgt team
|c|âStorm Jesus|all ox does is try to ct me
|c|âStorm Jesus|he uses firepunch diggersby
|
|move|p1a: Azelf|Stealth Rock|p2a: Mufasa
|-sidestart|p2: Storm Jesus|move: Stealth Rock
|move|p2a: Mufasa|Sacred Fire|p1a: Azelf
|-damage|p1a: Azelf|33\/291
|
|turn|2
|join|SwaggBoi
|
|move|p2a: Mufasa|Extreme Speed|p1a: Azelf
|-damage|p1a: Azelf|0 fnt
|faint|p1a: Azelf
|
|c| Ox the Fox|"fgt team"
|c| Ox the Fox|pls
|c|âStorm Jesus|it is
|
|switch|p1a: hoes on mah bed|Diggersby, M, shiny|311\/311
|turn|3
|
|switch|p2a: Phantom|Gengar, M|262\/262
|-damage|p2a: Phantom|230\/262|[from] Stealth Rock
|move|p1a: hoes on mah bed|Earthquake|p2a: Phantom
|-immune|p2a: Phantom|[msg]
|
|turn|4
|c| Ox the Fox|lol storm mad because i always win? :D
|
|move|p2a: Phantom|Focus Blast|p1a: hoes on mah bed
|-supereffective|p1a: hoes on mah bed
|-damage|p1a: hoes on mah bed|0 fnt
|-damage|p2a: Phantom|204\/262|[from] item: Life Orb
|faint|p1a: hoes on mah bed
|
|
|switch|p1a: Greninja|Greninja, F|285\/285
|turn|5
|c|âStorm Jesus|no u dont
|c|âStorm Jesus|:]
|
|move|p1a: Greninja|Dark Pulse|p2a: Phantom
|-start|p1a: Greninja|typechange|Dark|[from] Protean
|-supereffective|p2a: Phantom
|-damage|p2a: Phantom|0 fnt
|-damage|p1a: Greninja|257\/285|[from] item: Life Orb
|faint|p2a: Phantom
|
|
|switch|p2a: Predator|Gyarados, M|331\/331
|-damage|p2a: Predator|249\/331|[from] Stealth Rock
|-ability|p2a: Predator|Intimidate|[of] p1a: Greninja
|-unboost|p1a: Greninja|atk|1
|turn|6
|
|switch|p1a: Scizor|Scizor, M|307\/307
|move|p2a: Predator|Dragon Dance|p2a: Predator
|-boost|p2a: Predator|atk|1
|-boost|p2a: Predator|spe|1
|
|turn|7
|
|detailschange|p1a: Scizor|Scizor-Mega, M
|message|Scizor has Mega Evolved into Mega Scizor!
|move|p2a: Predator|Waterfall|p1a: Scizor
|-damage|p1a: Scizor|168\/307
|move|p1a: Scizor|Swords Dance|p1a: Scizor
|-boost|p1a: Scizor|atk|2
|
|turn|8
|
|detailschange|p2a: Predator|Gyarados-Mega, M
|message|Gyarados has Mega Evolved into Mega Gyarados!
|-ability|p2a: Predator|Mold Breaker
|move|p1a: Scizor|Bullet Punch|p2a: Predator
|-resisted|p2a: Predator
|-damage|p2a: Predator|137\/331
|move|p2a: Predator|Waterfall|p1a: Scizor
|-damage|p1a: Scizor|8\/307
|
|turn|9
|c| Ox the Fox|y :]
|c|âPDCYoutube|really.
|
|move|p1a: Scizor|Bullet Punch|p2a: Predator
|-resisted|p2a: Predator
|-damage|p2a: Predator|26\/331
|move|p2a: Predator|Waterfall|p1a: Scizor
|-damage|p1a: Scizor|0 fnt
|faint|p1a: Scizor
|
|
|switch|p1a: Latios|Latios, M, shiny|301\/301
|turn|10
|
|move|p1a: Latios|Draco Meteor|p2a: Predator
|-damage|p2a: Predator|0 fnt
|-unboost|p1a: Latios|spa|2
|faint|p2a: Predator
|
|
|switch|p2a: Enten|Landorus, M|319\/319
|-damage|p2a: Enten|280\/319|[from] Stealth Rock
|turn|11
|c| Ox the Fox|yeah scizor eats that up
|
|move|p1a: Latios|Draco Meteor|p2a: Enten
|-damage|p2a: Enten|133\/319
|-unboost|p1a: Latios|spa|2
|move|p2a: Enten|Earth Power|p1a: Latios
|-immune|p1a: Latios|[msg]
|
|turn|12
|
|move|p1a: Latios|Draco Meteor|p2a: Enten
|-damage|p2a: Enten|31\/319
|-unboost|p1a: Latios|spa|2
|move|p2a: Enten|Knock Off|p1a: Latios
|-supereffective|p1a: Latios
|-damage|p1a: Latios|36\/301
|-enditem|p1a: Latios|Choice Scarf|[from] move: Knock Off|[of] p2a: Enten
|-damage|p2a: Enten|0 fnt|[from] item: Life Orb
|faint|p2a: Enten
|
|c| Ox the Fox|it even eats up +2 at full
|
|switch|p2a: Tytannial|Ferrothorn, M|352\/352
|-damage|p2a: Tytannial|330\/352|[from] Stealth Rock
|turn|13
|
|move|p1a: Latios|Hidden Power|p2a: Tytannial
|-supereffective|p2a: Tytannial
|-damage|p2a: Tytannial|258\/352
|move|p2a: Tytannial|Stealth Rock|p1a: Latios
|-sidestart|p1: PDCYoutube|move: Stealth Rock
|
|turn|14
|
|move|p1a: Latios|Hidden Power|p2a: Tytannial
|-supereffective|p2a: Tytannial
|-damage|p2a: Tytannial|194\/352
|move|p2a: Tytannial|Spikes|p1a: Latios
|-sidestart|p1: PDCYoutube|Spikes
|
|turn|15
|
|move|p1a: Latios|Hidden Power|p2a: Tytannial
|-supereffective|p2a: Tytannial
|-damage|p2a: Tytannial|130\/352
|move|p2a: Tytannial|Gyro Ball|p1a: Latios
|-damage|p1a: Latios|0 fnt
|faint|p1a: Latios
|
|
|switch|p1a: Greninja|Greninja, F|257\/285
|-damage|p1a: Greninja|222\/285|[from] Spikes
|-damage|p1a: Greninja|187\/285|[from] Stealth Rock
|turn|16
|
|move|p1a: Greninja|Low Kick|p2a: Tytannial
|-start|p1a: Greninja|typechange|Fighting|[from] Protean
|-supereffective|p2a: Tytannial
|-damage|p2a: Tytannial|0 fnt
|-damage|p1a: Greninja|152\/285|[from] ability: Iron Barbs|[of] p2a: Tytannial
|-damage|p1a: Greninja|105\/285|[from] item: Rocky Helmet|[of] p2a: Tytannial
|-damage|p1a: Greninja|77\/285|[from] item: Life Orb
|faint|p2a: Tytannial
|
|
|switch|p2a: Mufasa|Entei, shiny|434\/434
|-damage|p2a: Mufasa|326\/434|[from] Stealth Rock
|-ability|p2a: Mufasa|Pressure
|turn|17
|c|âStorm Jesus|:]
|
|move|p2a: Mufasa|Extreme Speed|p1a: Greninja
|-damage|p1a: Greninja|0 fnt
|faint|p1a: Greninja
|
|
|switch|p1a: Raikou|Raikou, shiny|329\/329
|-damage|p1a: Raikou|288\/329|[from] Spikes
|-damage|p1a: Raikou|247\/329|[from] Stealth Rock
|-ability|p1a: Raikou|Pressure
|turn|18
|
|move|p1a: Raikou|Thunderbolt|p2a: Mufasa
|-damage|p2a: Mufasa|140\/434
|move|p2a: Mufasa|Bulldoze|p1a: Raikou
|-supereffective|p1a: Raikou
|-damage|p1a: Raikou|77\/329
|-unboost|p1a: Raikou|spe|1
|
|turn|19
|c|âPDCYoutube|cteam
|
|move|p2a: Mufasa|Extreme Speed|p1a: Raikou
|-damage|p1a: Raikou|0 fnt
|faint|p1a: Raikou
|
|win|Storm Jesus
|raw|Ladder updating...
|c|âPDCYoutube|gg
|c|âStorm Jesus|gg
|raw|PDCYoutube's rating: 1720 &rarr; <strong>1701<\/strong><br \/>(-19 for losing)
|raw|Storm Jesus's rating: 1728 &rarr; <strong>1748<\/strong><br \/>(+20 for winning)
|leave|PDCYoutube
|player|p1
|c| Ox the Fox|lol