|join|Vaporeon for Ubers
|join|Storm Jesus
|player|p1|Vaporeon for Ubers|167
|player|p2|Storm Jesus|151
|gametype|singles
|gen|6
|tier|OU
|rated
|clearpoke
|poke|p1|Medicham, F
|poke|p1|Thundurus, M
|poke|p1|Heatran, F
|poke|p1|Landorus-Therian, M
|poke|p1|Rotom-Wash
|poke|p1|Bisharp, M
|poke|p2|Landorus, M
|poke|p2|Charizard, M
|poke|p2|Aegislash, M
|poke|p2|Latios, M
|poke|p2|Bisharp, M
|poke|p2|Azumarill, M
|rule|Sleep Clause Mod: Limit one foe put to sleep
|rule|Species Clause: Limit one of each Pokemon
|rule|OHKO Clause: OHKO moves are banned
|rule|Moody Clause: Moody is banned
|rule|Evasion Moves Clause: Evasion moves are banned
|rule|Endless Battle Clause: Forcing endless battles is banned.
|rule|HP Percentage Mod: HP is reported as percentages
|teampreview
|chat|Vaporeon for Ubers|TOP
|chat|Vaporeon for Ubers|STROM
|chat|Storm Jesus|glhf
|join|Cheezeburgerstick
|chat|Vaporeon for Ubers|gl hf
|join|trigore
|
|start
|switch|p1a: Landorus-Therian|Landorus-Therian, M|320\/320
|switch|p2a: Ozzinator|Azumarill, M|404\/404
|-ability|p1a: Landorus-Therian|Intimidate|[of] p2a: Ozzinator
|-unboost|p2a: Ozzinator|atk|1
|turn|1
|join|Elecman
|join|beastly888
|
|move|p1a: Landorus-Therian|U-turn|p2a: Ozzinator
|-resisted|p2a: Ozzinator
|-damage|p2a: Ozzinator|341\/404
|join|TheTrueBigZ
|
|switch|p1a: Rotom-Wash|Rotom-Wash|295\/295
|move|p2a: Ozzinator|Knock Off|p1a: Rotom-Wash
|-damage|p1a: Rotom-Wash|226\/295
|-enditem|p1a: Rotom-Wash|Chesto Berry|[from] move: Knock Off|[of] p2a: Ozzinator
|
|turn|2
|
|switch|p2a: Enten|Landorus, M|320\/320
|move|p1a: Rotom-Wash|Volt Switch|p2a: Enten
|-immune|p2a: Enten|[msg]
|
|turn|3
|
|move|p2a: Enten|Calm Mind|p2a: Enten
|-boost|p2a: Enten|spa|1
|-boost|p2a: Enten|spd|1
|move|p1a: Rotom-Wash|Hydro Pump|p2a: Enten
|-supereffective|p2a: Enten
|-damage|p2a: Enten|92\/320
|
|turn|4
|leave|Cheezeburgerstick
|join|Breeloom
|chat|Vaporeon for Ubers|bree
|chat|Vaporeon for Ubers|look who i found
|leave|trigore
|
|move|p2a: Enten|Focus Blast|p1a: Rotom-Wash
|-crit|p1a: Rotom-Wash
|-damage|p1a: Rotom-Wash|0 fnt
|faint|p1a: Rotom-Wash
|
|chat|Breeloom|ur about to get 10\/10 rekt
|
|switch|p1a: Landorus-Therian|Landorus-Therian, M|320\/320
|-ability|p1a: Landorus-Therian|Intimidate|[of] p2a: Enten
|-unboost|p2a: Enten|atk|1
|turn|5
|chat|Vaporeon for Ubers|ikr
|
|move|p1a: Landorus-Therian|Knock Off|p2a: Enten
|-damage|p2a: Enten|0 fnt
|faint|p2a: Enten
|
|
|switch|p2a: Bishop|Bisharp, M|272\/272
|turn|6
|chat|Breeloom|jesus is far beyond ubers imo..
|
|move|p2a: Bishop|Pursuit|p1a: Landorus-Therian|[from]Pursuit
|-damage|p1a: Landorus-Therian|112\/320
|-damage|p2a: Bishop|245\/272|[from] item: Life Orb
|switch|p1a: Heatran|Heatran, F|383\/383
|
|turn|7
|chat|Breeloom|nice dmg :^)
|chat|Vaporeon for Ubers|>mfw
|
|switch|p2a: Ozzinator|Azumarill, M|341\/404
|move|p1a: Heatran|Stealth Rock|p2a: Ozzinator
|-sidestart|p2: Storm Jesus|move: Stealth Rock
|
|turn|8
|chat|Vaporeon for Ubers|his team has quite the advantage against mine tbh
|
|move|p2a: Ozzinator|Play Rough|p1a: Heatran
|-resisted|p1a: Heatran
|-damage|p1a: Heatran|335\/383
|move|p1a: Heatran|Roar|p2a: Ozzinator
|drag|p2a: Sage|Charizard, M|298\/298
|-damage|p2a: Sage|149\/298|[from] Stealth Rock
|
|-heal|p1a: Heatran|358\/383|[from] item: Leftovers
|turn|9
|
|switch|p1a: Landorus-Therian|Landorus-Therian, M|112\/320
|-ability|p1a: Landorus-Therian|Intimidate|[of] p2a: Sage
|-unboost|p2a: Sage|atk|1
|detailschange|p2a: Sage|Charizard-Mega-X, M
|message|Charizard has Mega Evolved into Mega Charizard!
|move|p2a: Sage|Earthquake|p1a: Landorus-Therian
|-immune|p1a: Landorus-Therian|[msg]
|
|turn|10
|
|switch|p2a: Latin Weapon|Latios, M|302\/302
|-damage|p2a: Latin Weapon|265\/302|[from] Stealth Rock
|move|p1a: Landorus-Therian|U-turn|p2a: Latin Weapon
|-supereffective|p2a: Latin Weapon
|-damage|p2a: Latin Weapon|21\/302
|
|switch|p1a: Medicham|Medicham, F|261\/261
|
|turn|11
|
|detailschange|p1a: Medicham|Medicham-Mega, F
|message|Medicham has Mega Evolved into Mega Medicham!
|move|p1a: Medicham|Fake Out|p2a: Latin Weapon
|-damage|p2a: Latin Weapon|0 fnt
|faint|p2a: Latin Weapon
|
|
|switch|p2a: Knight|Aegislash, M|324\/324
|-damage|p2a: Knight|304\/324|[from] Stealth Rock
|turn|12
|
|switch|p1a: Heatran|Heatran, F|358\/383
|switch|p2a: Bishop|Bisharp, M|245\/272
|-damage|p2a: Bishop|228\/272|[from] Stealth Rock
|
|-heal|p1a: Heatran|381\/383|[from] item: Leftovers
|turn|13
|
|move|p2a: Bishop|Knock Off|p1a: Heatran
|-damage|p1a: Heatran|189\/383
|-enditem|p1a: Heatran|Leftovers|[from] move: Knock Off|[of] p2a: Bishop
|-damage|p2a: Bishop|201\/272|[from] item: Life Orb
|move|p1a: Heatran|Lava Plume|p2a: Bishop
|-crit|p2a: Bishop
|-supereffective|p2a: Bishop
|-damage|p2a: Bishop|0 fnt
|faint|p2a: Bishop
|
|chat|Vaporeon for Ubers|>throwing away the game like this
|
|switch|p2a: Sage|Charizard-Mega-X, M|149\/298
|-damage|p2a: Sage|75\/298|[from] Stealth Rock
|turn|14
|chat|Storm Jesus|im cool
|
|move|p2a: Sage|Earthquake|p1a: Heatran
|-supereffective|p1a: Heatran
|-damage|p1a: Heatran|0 fnt
|faint|p1a: Heatran
|
|chat|Storm Jesus|:x
|
|switch|p1a: Landorus-Therian|Landorus-Therian, M|112\/320
|-ability|p1a: Landorus-Therian|Intimidate|[of] p2a: Sage
|-unboost|p2a: Sage|atk|1
|turn|15
|leave|TheTrueBigZ
|join|TheTrueBigZ
|leave|TheTrueBigZ
|
|move|p1a: Landorus-Therian|Earthquake|p2a: Sage
|-supereffective|p2a: Sage
|-damage|p2a: Sage|0 fnt
|faint|p2a: Sage
|
|
|switch|p2a: Ozzinator|Azumarill, M|341\/404
|-damage|p2a: Ozzinator|291\/404|[from] Stealth Rock
|turn|16
|
|move|p2a: Ozzinator|Aqua Jet|p1a: Landorus-Therian
|-supereffective|p1a: Landorus-Therian
|-damage|p1a: Landorus-Therian|0 fnt
|faint|p1a: Landorus-Therian
|
|
|switch|p1a: Thundurus|Thundurus, M|299\/299
|turn|17
|
|switch|p2a: Knight|Aegislash, M|304\/324
|-damage|p2a: Knight|284\/324|[from] Stealth Rock
|move|p1a: Thundurus|Thunderbolt|p2a: Knight
|-damage|p2a: Knight|176\/324
|
|-heal|p2a: Knight|196\/324|[from] item: Leftovers
|turn|18
|
|switch|p1a: Medicham|Medicham-Mega, F|261\/261
|-formechange|p2a: Knight|Aegislash-Blade
|move|p2a: Knight|Shadow Ball|p1a: Medicham
|-supereffective|p1a: Medicham
|-damage|p1a: Medicham|0 fnt
|faint|p1a: Medicham
|
|-heal|p2a: Knight|216\/324|[from] item: Leftovers
|
|switch|p1a: Bisharp|Bisharp, M|272\/272
|turn|19
|
|switch|p2a: Ozzinator|Azumarill, M|291\/404
|-damage|p2a: Ozzinator|241\/404|[from] Stealth Rock
|move|p1a: Bisharp|Knock Off|p2a: Ozzinator
|-resisted|p2a: Ozzinator
|-damage|p2a: Ozzinator|107\/404
|-enditem|p2a: Ozzinator|Assault Vest|[from] move: Knock Off|[of] p1a: Bisharp
|-damage|p1a: Bisharp|245\/272|[from] item: Life Orb
|
|turn|20
|
|move|p1a: Bisharp|Iron Head|p2a: Ozzinator
|-damage|p2a: Ozzinator|0 fnt
|-damage|p1a: Bisharp|218\/272|[from] item: Life Orb
|faint|p2a: Ozzinator
|
|join|Updated Kanto
|
|switch|p2a: Knight|Aegislash, M|216\/324
|-damage|p2a: Knight|196\/324|[from] Stealth Rock
|turn|21
|chat|Vaporeon for Ubers|gg :)
|chat|Storm Jesus|yh gg
|
|move|p1a: Bisharp|Knock Off|p2a: Knight
|-supereffective|p2a: Knight
|-damage|p2a: Knight|0 fnt
|-damage|p1a: Bisharp|191\/272|[from] item: Life Orb
|faint|p2a: Knight
|
|win|Vaporeon for Ubers
|raw|Ladder updating...
|leave|Storm Jesus
|player|p2
|chat|Vaporeon for Ubers|top
|chat|Vaporeon for Ubers|strom
|leave|Updated Kanto
|raw|Ladder (probably) updated, but score could not be retrieved (timeout).
|raw|Ladder (probably) updated, but score could not be retrieved (Error: socket hang up).