|join|hax be with me
|join|Storm Jesus
|player|p1|hax be with me|280
|player|p2|Storm Jesus|151
|gametype|singles
|gen|6
|tier|OU
|clearpoke
|poke|p1|Altaria, F, shiny
|poke|p1|Amoonguss, F
|poke|p1|Heatran, M
|poke|p1|Landorus-Therian, M
|poke|p1|Gothitelle, F
|poke|p1|Manaphy
|poke|p2|Gengar, M
|poke|p2|Meloetta
|poke|p2|Gyarados, M
|poke|p2|Hippowdon, M
|poke|p2|Porygon2
|poke|p2|Zapdos
|rule|Swagger Clause: Swagger is banned
|rule|Baton Pass Clause: Limit one PokÃ©mon knowing Baton Pass
|rule|Sleep Clause Mod: Limit one foe put to sleep
|rule|Species Clause: Limit one of each PokÃ©mon
|rule|OHKO Clause: OHKO moves are banned
|rule|Moody Clause: Moody is banned
|rule|Evasion Moves Clause: Evasion moves are banned
|rule|Endless Battle Clause: Forcing endless battles is banned
|rule|HP Percentage Mod: HP is shown in percentages
|teampreview
|c|âhax be with me|:]
hax be with me made this room private.
|c|âhax be with me|u dont have a fairy resist
|c|âStorm Jesus|gengar
|c|âStorm Jesus|lol
|c|âhax be with me|ye
|c|âhax be with me|but like
|c|âhax be with me|mega altaria
|c|âhax be with me|blasts through that
|c|âStorm Jesus|doesn't beat p2
|c|âStorm Jesus|;)
|c|âhax be with me|kk lol
|c|âStorm Jesus|physically defensive evio p2
|c|âStorm Jesus|:]
|c|âhax be with me|and ure only water resist is gyara
|c|âhax be with me|?
|c|âStorm Jesus|1 water weakness... 1 resisit
|c|âhax be with me|specs keld looks like it could blast through
|c|âStorm Jesus|zapdos cheecks it 2
|c|âStorm Jesus|max hp max spdef zapdos
|c|âStorm Jesus|:\/
|c|âhax be with me|ooooh
|c|âhax be with me|for lando i
|c|âhax be with me|:]
|c|âStorm Jesus|:]
|
|start
|switch|p1a: Manaphy|Manaphy|401\/401
|switch|p2a: Land Shark|Hippowdon, M|420\/420
|turn|1
|c|âhax be with me|r1p
|
|switch|p2a: Raikiri|Zapdos|384\/384
|-ability|p2a: Raikiri|Pressure
|move|p1a: Manaphy|Scald|p2a: Raikiri
|-damage|p2a: Raikiri|315\/384
|
|-heal|p2a: Raikiri|339\/384|[from] item: Leftovers
|turn|2
|c|âhax be with me|NO BURN HAXXXXXXXX
|c|âhax be with me|js
|
|switch|p1a: Heatran|Heatran, M|385\/385
|switch|p2a: Land Shark|Hippowdon, M|420\/420
|
|turn|3
|c|âhax be with me|oh shit
|
|move|p1a: Heatran|Stealth Rock|p2a: Land Shark
|-sidestart|p2: Storm Jesus|move: Stealth Rock
|move|p2a: Land Shark|Stealth Rock|p1a: Heatran
|-sidestart|p1: hax be with me|move: Stealth Rock
|
|turn|4
|c|âStorm Jesus|im lagging
|c|âhax be with me|kk
|
|switch|p1a: Manaphy|Manaphy|401\/401
|-damage|p1a: Manaphy|351\/401|[from] Stealth Rock
|move|p2a: Land Shark|Earthquake|p1a: Manaphy
|-crit|p1a: Manaphy
|-damage|p1a: Manaphy|197\/401
|
|-heal|p1a: Manaphy|222\/401|[from] item: Leftovers
|turn|5
|c|âStorm Jesus|i PICKED MY MOVE ;-;
|c|âhax be with me|HAX CRIT
|c|âhax be with me|EW
|
|switch|p2a: Raikiri|Zapdos|339\/384
|-damage|p2a: Raikiri|243\/384|[from] Stealth Rock
|-ability|p2a: Raikiri|Pressure
|move|p1a: Manaphy|Scald|p2a: Raikiri
|-damage|p2a: Raikiri|168\/384
|
|-heal|p1a: Manaphy|247\/401|[from] item: Leftovers
|-heal|p2a: Raikiri|192\/384|[from] item: Leftovers
|turn|6
|c|âhax be with me|nice burn
|c|âhax be with me|:[
|
|move|p1a: Manaphy|Scald|p2a: Raikiri
|-crit|p2a: Raikiri
|-damage|p2a: Raikiri|90\/384
|-status|p2a: Raikiri|brn
|move|p2a: Raikiri|Roost|p2a: Raikiri
|-heal|p2a: Raikiri|282\/384 brn
|
|-heal|p1a: Manaphy|272\/401|[from] item: Leftovers
|-heal|p2a: Raikiri|306\/384 brn|[from] item: Leftovers
|-damage|p2a: Raikiri|258\/384 brn|[from] brn
|turn|7
|c|âStorm Jesus|NICE :D
|c|âhax be with me|:D
|
|switch|p1a: Landorus-Therian|Landorus-Therian, M|319\/319
|-damage|p1a: Landorus-Therian|280\/319|[from] Stealth Rock
|-ability|p1a: Landorus-Therian|Intimidate|[of] p2a: Raikiri
|-unboost|p2a: Raikiri|atk|1
|move|p2a: Raikiri|Thunderbolt|p1a: Landorus-Therian
|-immune|p1a: Landorus-Therian|[msg]
|
|-heal|p2a: Raikiri|282\/384 brn|[from] item: Leftovers
|-damage|p2a: Raikiri|234\/384 brn|[from] brn
|turn|8
|c|âStorm Jesus|**FREE PEPPERONI PIZZAS RITE HERE SUPER FUCKING MARIOBROTHERS SAY THAT POKEMON IS FUN**
|c|âhax be with me|lol
|
|move|p1a: Landorus-Therian|Stone Edge|p2a: Raikiri
|-supereffective|p2a: Raikiri
|-damage|p2a: Raikiri|0 fnt
|faint|p2a: Raikiri
|
|c|âhax be with me|how to beat zapdos
|c|âhax be with me|stone edge
|c|âhax be with me|n_n
|c|âhax be with me|das ma nigga
|c|âhax be with me|lando t
|c|âhax be with me|FREE PEPPERONI PIZZAS RITE HERE SUPER FUCKING MARIOBROTHERS SAY THAT POKEMON IS FUN
|c|âhax be with me|how do you bold :0
|c|âStorm Jesus|** **
|
|switch|p2a: R2P2|Porygon2|374\/374
|-damage|p2a: R2P2|328\/374|[from] Stealth Rock
|-ability|p2a: R2P2|Intimidate|[from] ability: Trace|[of] p1a: Landorus-Therian
|-ability|p2a: R2P2|Intimidate|[of] p1a: Landorus-Therian
|-unboost|p1a: Landorus-Therian|atk|1
|turn|9
|c|âhax be with me|** FREE PEPPERONI PIZZAS RITE HERE SUPER FUCKING MARIOBROTHERS SAY THAT POKEMON IS FUN **
|c|âStorm Jesus|put the words between those
|c|âStorm Jesus|W\/O SPACES
|c|âhax be with me|** FREE PEPPERONI PIZZAS RITE HERE SUPER FUCKING MARIOBROTHERS SAY THAT POKEMON IS FUN **
|c|âhax be with me|**FREE PEPPERONI PIZZAS RITE HERE SUPER FUCKING MARIOBROTHERS SAY THAT POKEMON IS FUN**
|c|âhax be with me|YEY
|c|âhax be with me|lmao
|
|switch|p1a: Gothitelle|Gothitelle, F|303\/303
|-damage|p1a: Gothitelle|266\/303|[from] Stealth Rock
|switch|p2a: Land Shark|Hippowdon, M|420\/420
|-damage|p2a: Land Shark|394\/420|[from] Stealth Rock
|
|-heal|p2a: Land Shark|420\/420|[from] item: Leftovers
|turn|10
|c|âhax be with me|get played
|
|move|p1a: Gothitelle|Trick|p2a: Land Shark
|-activate|p1a: Gothitelle|move: Trick|[of] p2a: Land Shark
|-item|p2a: Land Shark|Choice Scarf|[from] move: Trick
|-item|p1a: Gothitelle|Leftovers|[from] move: Trick
|move|p2a: Land Shark|Earthquake|p1a: Gothitelle
|-damage|p1a: Gothitelle|134\/303
|
|-heal|p1a: Gothitelle|152\/303|[from] item: Leftovers
|turn|11
|c|âStorm Jesus|DOMAGE
|c|âhax be with me|yes
|c|âhax be with me|nice domaj
|
|switch|p1a: Landorus-Therian|Landorus-Therian, M|280\/319
|-damage|p1a: Landorus-Therian|241\/319|[from] Stealth Rock
|-ability|p1a: Landorus-Therian|Intimidate|[of] p2a: Land Shark
|-unboost|p2a: Land Shark|atk|1
|move|p2a: Land Shark|Earthquake|p1a: Landorus-Therian
|-immune|p1a: Landorus-Therian|[msg]
|
|turn|12
|
|move|p1a: Landorus-Therian|Knock Off|p2a: Land Shark
|-damage|p2a: Land Shark|316\/420
|-enditem|p2a: Land Shark|Choice Scarf|[from] move: Knock Off|[of] p1a: Landorus-Therian
|move|p2a: Land Shark|Earthquake|p1a: Landorus-Therian
|-immune|p1a: Landorus-Therian|[msg]
|
|turn|13
|c|âhax be with me|noooooooooo
|
|switch|p1a: Altaria|Altaria, F, shiny|353\/353
|-damage|p1a: Altaria|265\/353|[from] Stealth Rock
|-ability|p1a: Altaria|Cloud Nine
|move|p2a: Land Shark|Earthquake|p1a: Altaria
|-immune|p1a: Altaria|[msg]
|
|turn|14
|c|âStorm Jesus|LOOOOOOOOOOOOOOOOOOOOOOOOOOOL
|c|âhax be with me|rip
|
|detailschange|p1a: Altaria|Altaria-Mega, F, shiny
|-mega|p1a: Altaria|Altaria|Altarianite
|move|p1a: Altaria|Dragon Dance|p1a: Altaria
|-boost|p1a: Altaria|atk|1
|-boost|p1a: Altaria|spe|1
|move|p2a: Land Shark|Toxic|p1a: Altaria
|-status|p1a: Altaria|tox
|
|-damage|p1a: Altaria|243\/353 tox|[from] psn
|turn|15
|c|âhax be with me|ew
|
|move|p1a: Altaria|Heal Bell|p1a: Altaria
|-cureteam|p1a: Altaria|[from] move: HealBell
|move|p2a: Land Shark|Slack Off|p2a: Land Shark
|-heal|p2a: Land Shark|420\/420
|
|turn|16
|c|âStorm Jesus|DD Again
|
|switch|p2a: Zelda|Meloetta|404\/404
|-damage|p2a: Zelda|354\/404|[from] Stealth Rock
|move|p1a: Altaria|Roost|p1a: Altaria
|-heal|p1a: Altaria|353\/353
|
|-heal|p2a: Zelda|379\/404|[from] item: Leftovers
|turn|17
|c|âhax be with me|n
|c|âhax be with me|EW SKILL SWAP
|c|âStorm Jesus|:]
|
|move|p1a: Altaria|Frustration|p2a: Zelda
|-damage|p2a: Zelda|162\/404
|move|p2a: Zelda|Skill Swap|p1a: Altaria
|-activate|p2a: Zelda|move: Skill Swap|Pixilate|Serene Grace|[of] p1a: Altaria
|
|-heal|p2a: Zelda|187\/404|[from] item: Leftovers
|turn|18
|c|âStorm Jesus|yay fwen
|
|switch|p1a: Landorus-Therian|Landorus-Therian, M|241\/319
|-damage|p1a: Landorus-Therian|202\/319|[from] Stealth Rock
|-ability|p1a: Landorus-Therian|Intimidate|[of] p2a: Zelda
|-unboost|p2a: Zelda|atk|1
|switch|p2a: Phantom|Gengar, M|262\/262
|-damage|p2a: Phantom|230\/262|[from] Stealth Rock
|
|turn|19
|c|âhax be with me|g0ttem
|
|switch|p2a: Land Shark|Hippowdon, M|420\/420
|-damage|p2a: Land Shark|394\/420|[from] Stealth Rock
|move|p1a: Landorus-Therian|U-turn|p2a: Land Shark
|-damage|p2a: Land Shark|324\/420
|c|âStorm Jesus|OFC ;-;
|c|âhax be with me|rekt
|c|âhax be with me|imo
|c|âStorm Jesus|:]
|
|switch|p1a: Manaphy|Manaphy|272\/401
|-damage|p1a: Manaphy|222\/401|[from] Stealth Rock
|
|-heal|p1a: Manaphy|247\/401|[from] item: Leftovers
|turn|20
|c|âStorm Jesus|Lol you idiot
|c|âhax be with me|?
|c|âStorm Jesus|altaria returns to normal ability
|c|âStorm Jesus|when switched out
|c|âStorm Jesus|lol
|c|âhax be with me|ik
|
|switch|p2a: Phantom|Gengar, M|230\/262
|-damage|p2a: Phantom|198\/262|[from] Stealth Rock
|move|p1a: Manaphy|Rain Dance|p1a: Manaphy
|-weather|RainDance
|
|-weather|RainDance|[upkeep]
|-heal|p1a: Manaphy|272\/401|[from] item: Leftovers
|turn|21
|c|âhax be with me|ure porygon
|c|âhax be with me|ha ice beam
|c|âStorm Jesus|WY MANAPHY ;-;
|
|move|p2a: Phantom|Sludge Wave|p1a: Manaphy
|-damage|p1a: Manaphy|37\/401
|-damage|p2a: Phantom|172\/262|[from] item: Life Orb
|move|p1a: Manaphy|Scald|p2a: Phantom
|-damage|p2a: Phantom|0 fnt
|faint|p2a: Phantom
|
|-weather|RainDance|[upkeep]
|-heal|p1a: Manaphy|62\/401|[from] item: Leftovers
|
|switch|p2a: Predator|Gyarados, M|331\/331
|-damage|p2a: Predator|249\/331|[from] Stealth Rock
|-ability|p2a: Predator|Intimidate|[of] p1a: Manaphy
|-unboost|p1a: Manaphy|atk|1
|turn|22
|
|detailschange|p2a: Predator|Gyarados-Mega, M
|-mega|p2a: Predator|Gyarados|Gyaradosite
|-ability|p2a: Predator|Mold Breaker
|move|p2a: Predator|Crunch|p1a: Manaphy
|-damage|p1a: Manaphy|0 fnt
|faint|p1a: Manaphy
|
|-weather|RainDance|[upkeep]
|c|âhax be with me|u outpeed
|c|âhax be with me|JOLLY
|c|âStorm Jesus|ya im jolly
|c|âStorm Jesus|lol
|c|âhax be with me|NOOOOOO
|c|âhax be with me|F ME
|
|switch|p1a: Altaria|Altaria-Mega, F, shiny|353\/353
|-damage|p1a: Altaria|309\/353|[from] Stealth Rock
|turn|23
|
|switch|p2a: R2P2|Porygon2|328\/374
|-damage|p2a: R2P2|282\/374|[from] Stealth Rock
|-ability|p2a: R2P2|Pixilate|[from] ability: Trace|[of] p1a: Altaria
|move|p1a: Altaria|Dragon Dance|p1a: Altaria
|-boost|p1a: Altaria|atk|1
|-boost|p1a: Altaria|spe|1
|
|-weather|RainDance|[upkeep]
|turn|24
|c|âhax be with me|i in
|c|âStorm Jesus|too bad this is maximum defense :)
|c|âhax be with me|lmao
|c|âStorm Jesus|:v
|
|move|p1a: Altaria|Frustration|p2a: R2P2
|-damage|p2a: R2P2|144\/374
|move|p2a: R2P2|Recover|p2a: R2P2
|-heal|p2a: R2P2|331\/374
|
|-weather|none
|turn|25
|c|âhax be with me|u cant beat porygon
|c|âhax be with me|*altaria
|
|move|p1a: Altaria|Dragon Dance|p1a: Altaria
|-boost|p1a: Altaria|atk|1
|-boost|p1a: Altaria|spe|1
|move|p2a: R2P2|Ice Beam|p1a: Altaria
|-supereffective|p1a: Altaria
|-damage|p1a: Altaria|167\/353
|
|turn|26
|c|âhax be with me|tbh i prefer ure old team
|c|âhax be with me|;_;
|
|move|p1a: Altaria|Roost|p1a: Altaria
|-heal|p1a: Altaria|344\/353
|move|p2a: R2P2|Toxic|p1a: Altaria|[miss]
|-miss|p2a: R2P2|p1a: Altaria
|
|turn|27
|c|âhax be with me|r1p
|-message|Storm Jesus forfeited.
|c|âStorm Jesus|cri
|c|âStorm Jesus|i need smth for altaria
|
|win|hax be with me
|c|âhax be with me|ye
|c|âStorm Jesus|hmm
|c|âStorm Jesus|:]
|c|âhax be with me|ure old team i better
|c|âhax be with me|ho i it outdated?