|join|guy sensei
|join|Storm Jesus
|player|p1|guy sensei|266
|player|p2|Storm Jesus|151
|gametype|singles
|gen|6
|tier|OU
|rated
|clearpoke
|poke|p1|Charizard, F
|poke|p1|Talonflame, F
|poke|p1|Latios, M
|poke|p1|Ferrothorn, F
|poke|p1|Gothitelle, F
|poke|p1|Landorus-Therian, M
|poke|p2|Gengar, M
|poke|p2|Meloetta
|poke|p2|Gyarados, M
|poke|p2|Ferrothorn, M
|poke|p2|Entei, shiny
|poke|p2|Landorus, M
|rule|Swagger Clause: Swagger is banned
|rule|Baton Pass Clause: Limit one PokÃ©mon knowing Baton Pass
|rule|Sleep Clause Mod: Limit one foe put to sleep
|rule|Species Clause: Limit one of each PokÃ©mon
|rule|OHKO Clause: OHKO moves are banned
|rule|Moody Clause: Moody is banned
|rule|Evasion Moves Clause: Evasion moves are banned
|rule|Endless Battle Clause: Forcing endless battles is banned
|rule|HP Percentage Mod: HP is shown in percentages
|teampreview
|
|start
|switch|p1a: Landorus-Therian|Landorus-Therian, M|382\/382
|switch|p2a: Mufasa|Entei, shiny|434\/434
|-ability|p2a: Mufasa|Pressure
|-ability|p1a: Landorus-Therian|Intimidate|[of] p2a: Mufasa
|-unboost|p2a: Mufasa|atk|1
|turn|1
|
|switch|p2a: Tytannial|Ferrothorn, M|352\/352
|move|p1a: Landorus-Therian|Stealth Rock|p2a: Tytannial
|-sidestart|p2: Storm Jesus|move: Stealth Rock
|
|turn|2
|
|move|p1a: Landorus-Therian|U-turn|p2a: Tytannial
|-damage|p2a: Tytannial|306\/352
|-damage|p1a: Landorus-Therian|335\/382|[from] ability: Iron Barbs|[of] p2a: Tytannial
|-damage|p1a: Landorus-Therian|272\/382|[from] item: Rocky Helmet|[of] p2a: Tytannial
|
|switch|p1a: Ferrothorn|Ferrothorn, F|352\/352
|move|p2a: Tytannial|Stealth Rock|p1a: Ferrothorn
|-sidestart|p1: guy sensei|move: Stealth Rock
|
|turn|3
|
|move|p1a: Ferrothorn|Thunder Wave|p2a: Tytannial
|-status|p2a: Tytannial|par
|move|p2a: Tytannial|Spikes|p1a: Ferrothorn
|-sidestart|p1: guy sensei|Spikes
|
|turn|4
|
|switch|p2a: Phantom|Gengar, M|262\/262
|-damage|p2a: Phantom|230\/262|[from] Stealth Rock
|move|p1a: Ferrothorn|Spikes|p2a: Phantom
|-sidestart|p2: Storm Jesus|Spikes
|
|turn|5
|
|move|p2a: Phantom|Taunt|p1a: Ferrothorn
|-start|p1a: Ferrothorn|move: Taunt
|move|p1a: Ferrothorn|Gyro Ball|p2a: Phantom
|-damage|p2a: Phantom|0 fnt
|faint|p2a: Phantom
|
|
|switch|p2a: Mufasa|Entei, shiny|434\/434
|-damage|p2a: Mufasa|380\/434|[from] Spikes
|-damage|p2a: Mufasa|272\/434|[from] Stealth Rock
|-ability|p2a: Mufasa|Pressure
|turn|6
|
|switch|p1a: Landorus-Therian|Landorus-Therian, M|272\/382
|-damage|p1a: Landorus-Therian|225\/382|[from] Stealth Rock
|-ability|p1a: Landorus-Therian|Intimidate|[of] p2a: Mufasa
|-unboost|p2a: Mufasa|atk|1
|move|p2a: Mufasa|Sacred Fire|p1a: Landorus-Therian
|-damage|p1a: Landorus-Therian|123\/382
|
|-heal|p1a: Landorus-Therian|146\/382|[from] item: Leftovers
|turn|7
|
|move|p2a: Mufasa|Sacred Fire|p1a: Landorus-Therian
|-damage|p1a: Landorus-Therian|47\/382
|move|p1a: Landorus-Therian|U-turn|p2a: Mufasa
|-resisted|p2a: Mufasa
|-damage|p2a: Mufasa|225\/434
|
|switch|p1a: Charizard|Charizard, F|298\/298
|-damage|p1a: Charizard|149\/298|[from] Stealth Rock
|
|turn|8
|
|detailschange|p1a: Charizard|Charizard-Mega-X, F
|message|Charizard has Mega Evolved into Mega Charizard!
|move|p1a: Charizard|Roost|p1a: Charizard
|-heal|p1a: Charizard|298\/298
|move|p2a: Mufasa|Stone Edge|p1a: Charizard|[miss]
|-miss|p2a: Mufasa|p1a: Charizard
|
|turn|9
|
|move|p1a: Charizard|Earthquake|p2a: Mufasa
|-supereffective|p2a: Mufasa
|-damage|p2a: Mufasa|0 fnt
|faint|p2a: Mufasa
|
|
|switch|p2a: Enten|Landorus, M|319\/319
|-damage|p2a: Enten|280\/319|[from] Stealth Rock
|turn|10
|
|switch|p1a: Landorus-Therian|Landorus-Therian, M|47\/382
|-damage|p1a: Landorus-Therian|0 fnt|[from] Stealth Rock
|faint|p1a: Landorus-Therian
|move|p2a: Enten|Knock Off|p1: Landorus-Therian|[notarget]
|-notarget
|
|
|switch|p1a: Latios|Latios, M|302\/302
|-damage|p1a: Latios|265\/302|[from] Stealth Rock
|turn|11
|
|move|p1a: Latios|Draco Meteor|p2a: Enten
|-damage|p2a: Enten|0 fnt
|-unboost|p1a: Latios|spa|2
|faint|p2a: Enten
|
|
|switch|p2a: Predator|Gyarados, M|331\/331
|-damage|p2a: Predator|249\/331|[from] Stealth Rock
|-ability|p2a: Predator|Intimidate|[of] p1a: Latios
|-unboost|p1a: Latios|atk|1
|turn|12
|
|detailschange|p2a: Predator|Gyarados-Mega, M
|message|Gyarados has Mega Evolved into Mega Gyarados!
|-ability|p2a: Predator|Mold Breaker
|move|p1a: Latios|Draco Meteor|p2a: Predator
|-damage|p2a: Predator|165\/331
|-unboost|p1a: Latios|spa|2
|move|p2a: Predator|Dragon Dance|p2a: Predator
|-boost|p2a: Predator|atk|1
|-boost|p2a: Predator|spe|1
|
|turn|13
|
|move|p1a: Latios|Draco Meteor|p2a: Predator
|-damage|p2a: Predator|108\/331
|-unboost|p1a: Latios|spa|2
|move|p2a: Predator|Substitute|p2a: Predator
|-start|p2a: Predator|Substitute
|-damage|p2a: Predator|26\/331
|
|turn|14
|
|switch|p1a: Ferrothorn|Ferrothorn, F|352\/352
|-damage|p1a: Ferrothorn|330\/352|[from] Stealth Rock
|-damage|p1a: Ferrothorn|286\/352|[from] Spikes
|move|p2a: Predator|Dragon Dance|p2a: Predator
|-boost|p2a: Predator|atk|1
|-boost|p2a: Predator|spe|1
|
|-heal|p1a: Ferrothorn|308\/352|[from] item: Leftovers
|turn|15
|
|move|p2a: Predator|Dragon Dance|p2a: Predator
|-boost|p2a: Predator|atk|1
|-boost|p2a: Predator|spe|1
|move|p1a: Ferrothorn|Gyro Ball|p2a: Predator
|-resisted|p2a: Predator
|-activate|p2a: Predator|Substitute|[damage]
|
|-heal|p1a: Ferrothorn|330\/352|[from] item: Leftovers
|turn|16
|
|move|p2a: Predator|Dragon Dance|p2a: Predator
|-boost|p2a: Predator|atk|1
|-boost|p2a: Predator|spe|1
|move|p1a: Ferrothorn|Gyro Ball|p2a: Predator
|-resisted|p2a: Predator
|-end|p2a: Predator|Substitute
|
|-heal|p1a: Ferrothorn|352\/352|[from] item: Leftovers
|turn|17
|
|move|p2a: Predator|Crunch|p1a: Ferrothorn
|-damage|p1a: Ferrothorn|0 fnt
|-damage|p2a: Predator|0 fnt|[from] ability: Iron Barbs|[of] p1a: Ferrothorn
|faint|p2a: Predator
|faint|p1a: Ferrothorn
|
|
|switch|p1a: Latios|Latios, M|265\/302
|switch|p2a: Zelda|Meloetta|404\/404
|-damage|p1a: Latios|228\/302|[from] Stealth Rock
|-damage|p2a: Zelda|354\/404|[from] Stealth Rock
|-damage|p2a: Zelda|304\/404|[from] Spikes
|turn|18
|
|move|p1a: Latios|Defog|p2a: Zelda
|-unboost|p2a: Zelda|evasion|1
|-sideend|p2: Storm Jesus|Spikes|[from] move: Defog|[of] p2a: Zelda
|-sideend|p2: Storm Jesus|Stealth Rock|[from] move: Defog|[of] p2a: Zelda
|-sideend|p1: guy sensei|Spikes|[from] move: Defog|[of] p1a: Latios
|-sideend|p1: guy sensei|Stealth Rock|[from] move: Defog|[of] p1a: Latios
|move|p2a: Zelda|Calm Mind|p2a: Zelda
|-boost|p2a: Zelda|spa|1
|-boost|p2a: Zelda|spd|1
|
|-heal|p2a: Zelda|329\/404|[from] item: Leftovers
|turn|19
|
|switch|p1a: Gothitelle|Gothitelle, F|281\/281
|move|p2a: Zelda|Substitute|p2a: Zelda
|-start|p2a: Zelda|Substitute
|-damage|p2a: Zelda|228\/404
|
|-heal|p2a: Zelda|253\/404|[from] item: Leftovers
|turn|20
|
|move|p1a: Gothitelle|Shadow Ball|p2a: Zelda
|-immune|p2a: Zelda|[msg]
|move|p2a: Zelda|Calm Mind|p2a: Zelda
|-boost|p2a: Zelda|spa|1
|-boost|p2a: Zelda|spd|1
|
|-heal|p2a: Zelda|278\/404|[from] item: Leftovers
|turn|21
|c|âguy sensei|lol
|
|switch|p1a: Latios|Latios, M|228\/302
|move|p2a: Zelda|Skill Swap|p1a: Latios
|-activate|p2a: Zelda|move: Skill Swap|Levitate|Serene Grace|[of] p1a: Latios
|
|-heal|p2a: Zelda|303\/404|[from] item: Leftovers
|turn|22
|
|move|p1a: Latios|Psyshock|p2a: Zelda
|-crit|p2a: Zelda
|-resisted|p2a: Zelda
|-activate|p2a: Zelda|Substitute|[damage]
|move|p2a: Zelda|Calm Mind|p2a: Zelda
|-boost|p2a: Zelda|spa|1
|-boost|p2a: Zelda|spd|1
|
|-heal|p2a: Zelda|328\/404|[from] item: Leftovers
|turn|23
|
|switch|p1a: Gothitelle|Gothitelle, F|281\/281
|move|p2a: Zelda|Substitute|p2a: Zelda
|-fail|p2a: Zelda|move: Substitute
|
|-heal|p2a: Zelda|353\/404|[from] item: Leftovers
|turn|24
|
|switch|p1a: Latios|Latios, M|228\/302
|move|p2a: Zelda|Skill Swap|p1a: Latios
|-activate|p2a: Zelda|move: Skill Swap|Levitate|Levitate|[of] p1a: Latios
|
|-heal|p2a: Zelda|378\/404|[from] item: Leftovers
|turn|25
|
|move|p1a: Latios|Surf|p2a: Zelda
|-end|p2a: Zelda|Substitute
|move|p2a: Zelda|Calm Mind|p2a: Zelda
|-boost|p2a: Zelda|spa|1
|-boost|p2a: Zelda|spd|1
|
|-heal|p2a: Zelda|403\/404|[from] item: Leftovers
|turn|26
|
|switch|p1a: Talonflame|Talonflame, F|319\/319
|move|p2a: Zelda|Substitute|p2a: Zelda
|-start|p2a: Zelda|Substitute
|-damage|p2a: Zelda|302\/404
|
|-heal|p2a: Zelda|327\/404|[from] item: Leftovers
|turn|27
|
|move|p1a: Talonflame|Brave Bird|p2a: Zelda
|-end|p2a: Zelda|Substitute
|-damage|p1a: Talonflame|286\/319|[from] recoil|[of] p2a: Zelda
|move|p2a: Zelda|Psyshock|p1a: Talonflame
|-damage|p1a: Talonflame|0 fnt
|faint|p1a: Talonflame
|
|-heal|p2a: Zelda|352\/404|[from] item: Leftovers
|
|switch|p1a: Gothitelle|Gothitelle, F|281\/281
|turn|28
|
|move|p1a: Gothitelle|Trick|p2a: Zelda
|-activate|p1a: Gothitelle|move: Trick|[of] p2a: Zelda
|-item|p2a: Zelda|Choice Specs|[from] move: Trick
|-item|p1a: Gothitelle|Leftovers|[from] move: Trick
|move|p2a: Zelda|Psyshock|p1a: Gothitelle
|-resisted|p1a: Gothitelle
|-damage|p1a: Gothitelle|0 fnt
|faint|p1a: Gothitelle
|
|c|âStorm Jesus|lol
|
|switch|p1a: Latios|Latios, M|228\/302
|turn|29
|
|move|p1a: Latios|Psyshock|p2a: Zelda
|-crit|p2a: Zelda
|-resisted|p2a: Zelda
|-damage|p2a: Zelda|264\/404
|move|p2a: Zelda|Psyshock|p1a: Latios
|-resisted|p1a: Latios
|-damage|p1a: Latios|0 fnt
|faint|p1a: Latios
|
|
|switch|p1a: Charizard|Charizard-Mega-X, F|298\/298
|turn|30
|c|âStorm Jesus|wow dat crit
|
|move|p1a: Charizard|Flare Blitz|p2a: Zelda
|-damage|p2a: Zelda|29\/404
|-damage|p1a: Charizard|220\/298|[from] recoil|[of] p2a: Zelda
|move|p2a: Zelda|Psyshock|p1a: Charizard
|-damage|p1a: Charizard|0 fnt
|faint|p1a: Charizard
|
|win|Storm Jesus
|raw|Ladder updating...
|c|âStorm Jesus|nvm
|c|âStorm Jesus|gg
|c|âStorm Jesus|:P
|leave|guy sensei
|player|p1
|raw|Ladder (probably) updated, but score could not be retrieved (timeout).
|raw|Ladder (probably) updated, but score could not be retrieved (Error: socket hang up).