|join|Storm Jesus
|join|gottacatchthemall
|player|p1|Storm Jesus|151
|player|p2|gottacatchthemall|2
|gametype|singles
|gen|6
|tier|OU
|rated
|clearpoke
|poke|p1|Gengar, M
|poke|p1|Meloetta
|poke|p1|Gyarados, M
|poke|p1|Ferrothorn, M
|poke|p1|Entei, shiny
|poke|p1|Landorus, M
|poke|p2|Landorus-Therian, M
|poke|p2|Excadrill, M
|poke|p2|Dragonite, M
|poke|p2|Gardevoir, F
|poke|p2|Thundurus, M
|poke|p2|Rotom-Wash
|rule|Swagger Clause: Swagger is banned
|rule|Baton Pass Clause: Limit one PokÃ©mon knowing Baton Pass
|rule|Sleep Clause Mod: Limit one foe put to sleep
|rule|Species Clause: Limit one of each PokÃ©mon
|rule|OHKO Clause: OHKO moves are banned
|rule|Moody Clause: Moody is banned
|rule|Evasion Moves Clause: Evasion moves are banned
|rule|Endless Battle Clause: Forcing endless battles is banned
|rule|HP Percentage Mod: HP is shown in percentages
|teampreview
|join|Doomed Hi
|join|Yay IU
|
|start
|switch|p1a: Tytannial|Ferrothorn, M|352\/352
|switch|p2a: Dragonite|Dragonite, M|323\/323
|turn|1
|
|move|p2a: Dragonite|Fire Punch|p1a: Tytannial
|-supereffective|p1a: Tytannial
|-damage|p1a: Tytannial|16\/352
|-damage|p2a: Dragonite|283\/323|[from] ability: Iron Barbs|[of] p1a: Tytannial
|-damage|p2a: Dragonite|230\/323|[from] item: Rocky Helmet|[of] p1a: Tytannial
|move|p1a: Tytannial|Stealth Rock|p2a: Dragonite
|-sidestart|p2: gottacatchthemall|move: Stealth Rock
|
|turn|2
|
|switch|p2a: Thundurus|Thundurus, M|299\/299
|-damage|p2a: Thundurus|225\/299|[from] Stealth Rock
|move|p1a: Tytannial|Spikes|p2a: Thundurus
|-sidestart|p2: gottacatchthemall|Spikes
|
|-heal|p2a: Thundurus|243\/299|[from] item: Leftovers
|turn|3
|
|move|p2a: Thundurus|Thunderbolt|p1a: Tytannial
|-resisted|p1a: Tytannial
|-damage|p1a: Tytannial|0 fnt
|faint|p1a: Tytannial
|
|-heal|p2a: Thundurus|261\/299|[from] item: Leftovers
|
|switch|p1a: Mufasa|Entei, shiny|434\/434
|-ability|p1a: Mufasa|Pressure
|turn|4
|
|switch|p2a: Rotom-Wash|Rotom-Wash|303\/303
|-damage|p2a: Rotom-Wash|266\/303|[from] Stealth Rock
|move|p1a: Mufasa|Sacred Fire|p2a: Rotom-Wash
|-resisted|p2a: Rotom-Wash
|-damage|p2a: Rotom-Wash|200\/303
|
|turn|5
|
|move|p1a: Mufasa|Sacred Fire|p2a: Rotom-Wash
|-resisted|p2a: Rotom-Wash
|-damage|p2a: Rotom-Wash|139\/303
|-status|p2a: Rotom-Wash|brn
|move|p2a: Rotom-Wash|Volt Switch|p1a: Mufasa
|-damage|p1a: Mufasa|359\/434
|
|switch|p2a: Excadrill|Excadrill, M|362\/362
|-damage|p2a: Excadrill|317\/362|[from] Spikes
|-damage|p2a: Excadrill|306\/362|[from] Stealth Rock
|-ability|p2a: Excadrill|Mold Breaker
|
|turn|6
|
|switch|p1a: Phantom|Gengar, M|262\/262
|move|p2a: Excadrill|Earthquake|p1a: Phantom
|-supereffective|p1a: Phantom
|-damage|p1a: Phantom|0 fnt
|faint|p1a: Phantom
|
|
|switch|p1a: Enten|Landorus, M|319\/319
|turn|7
|
|switch|p2a: Rotom-Wash|Rotom-Wash|139\/303 brn
|-damage|p2a: Rotom-Wash|102\/303 brn|[from] Stealth Rock
|move|p1a: Enten|Focus Blast|p2a: Rotom-Wash
|-damage|p2a: Rotom-Wash|0 fnt
|faint|p2a: Rotom-Wash
|
|
|switch|p2a: Thundurus|Thundurus, M|261\/299
|-damage|p2a: Thundurus|187\/299|[from] Stealth Rock
|turn|8
|
|switch|p2a: Excadrill|Excadrill, M|306\/362
|-damage|p2a: Excadrill|295\/362|[from] Stealth Rock
|-damage|p2a: Excadrill|250\/362|[from] Spikes
|-ability|p2a: Excadrill|Mold Breaker
|switch|p1a: Mufasa|Entei, shiny|359\/434
|-ability|p1a: Mufasa|Pressure
|
|turn|9
|
|move|p2a: Excadrill|Rapid Spin|p1a: Mufasa
|-damage|p1a: Mufasa|329\/434
|-sideend|p2: gottacatchthemall|Spikes|[from] move: Rapid Spin|[of] p2a: Excadrill
|-sideend|p2: gottacatchthemall|Stealth Rock|[from] move: Rapid Spin|[of] p2a: Excadrill
|move|p1a: Mufasa|Sacred Fire|p2a: Excadrill
|-supereffective|p2a: Excadrill
|-damage|p2a: Excadrill|0 fnt
|faint|p2a: Excadrill
|
|
|switch|p2a: Landorus-Therian|Landorus-Therian, M|382\/382
|-ability|p2a: Landorus-Therian|Intimidate|[of] p1a: Mufasa
|-unboost|p1a: Mufasa|atk|1
|turn|10
|
|switch|p1a: Enten|Landorus, M|319\/319
|move|p2a: Landorus-Therian|Earthquake|p1a: Enten
|-immune|p1a: Enten|[msg]
|
|turn|11
|
|move|p1a: Enten|Psychic|p2a: Landorus-Therian
|-damage|p2a: Landorus-Therian|175\/382
|move|p2a: Landorus-Therian|U-turn|p1a: Enten
|-crit|p1a: Enten
|-resisted|p1a: Enten
|-damage|p1a: Enten|259\/319
|
|switch|p2a: Thundurus|Thundurus, M|187\/299
|
|-heal|p2a: Thundurus|205\/299|[from] item: Leftovers
|turn|12
|
|switch|p1a: Mufasa|Entei, shiny|329\/434
|-ability|p1a: Mufasa|Pressure
|move|p2a: Thundurus|Hidden Power|p1a: Mufasa
|-crit|p1a: Mufasa
|-resisted|p1a: Mufasa
|-damage|p1a: Mufasa|285\/434
|
|-heal|p2a: Thundurus|223\/299|[from] item: Leftovers
|turn|13
|
|switch|p2a: Landorus-Therian|Landorus-Therian, M|175\/382
|-ability|p2a: Landorus-Therian|Intimidate|[of] p1a: Mufasa
|-unboost|p1a: Mufasa|atk|1
|move|p1a: Mufasa|Sacred Fire|p2a: Landorus-Therian
|-damage|p2a: Landorus-Therian|88\/382
|
|-heal|p2a: Landorus-Therian|111\/382|[from] item: Leftovers
|turn|14
|
|switch|p1a: Enten|Landorus, M|259\/319
|move|p2a: Landorus-Therian|U-turn|p1a: Enten
|-resisted|p1a: Enten
|-damage|p1a: Enten|219\/319
|
|switch|p2a: Thundurus|Thundurus, M|223\/299
|
|-heal|p2a: Thundurus|241\/299|[from] item: Leftovers
|turn|15
|
|move|p2a: Thundurus|Hidden Power|p1a: Enten
|-supereffective|p1a: Enten
|-damage|p1a: Enten|0 fnt
|faint|p1a: Enten
|
|-heal|p2a: Thundurus|259\/299|[from] item: Leftovers
|
|switch|p1a: Mufasa|Entei, shiny|285\/434
|-ability|p1a: Mufasa|Pressure
|turn|16
|
|switch|p2a: Landorus-Therian|Landorus-Therian, M|111\/382
|-ability|p2a: Landorus-Therian|Intimidate|[of] p1a: Mufasa
|-unboost|p1a: Mufasa|atk|1
|move|p1a: Mufasa|Sacred Fire|p2a: Landorus-Therian
|-damage|p2a: Landorus-Therian|12\/382
|-status|p2a: Landorus-Therian|brn
|
|-heal|p2a: Landorus-Therian|35\/382 brn|[from] item: Leftovers
|-damage|p2a: Landorus-Therian|0 fnt|[from] brn
|faint|p2a: Landorus-Therian
|
|switch|p2a: Gardevoir|Gardevoir, F|277\/277
|-ability|p2a: Gardevoir|Pressure|[from] ability: Trace|[of] p1a: Mufasa
|-ability|p2a: Gardevoir|Pressure
|turn|17
|
|detailschange|p2a: Gardevoir|Gardevoir-Mega, F
|message|Gardevoir has Mega Evolved into Mega Gardevoir!
|move|p2a: Gardevoir|Psyshock|p1a: Mufasa
|-damage|p1a: Mufasa|65\/434
|move|p1a: Mufasa|Sacred Fire|p2a: Gardevoir
|-damage|p2a: Gardevoir|117\/277
|-status|p2a: Gardevoir|brn
|
|-damage|p2a: Gardevoir|83\/277 brn|[from] brn
|turn|18
|
|move|p1a: Mufasa|Extreme Speed|p2a: Gardevoir
|-damage|p2a: Gardevoir|0 fnt
|faint|p2a: Gardevoir
|
|
|switch|p2a: Thundurus|Thundurus, M|259\/299
|turn|19
|
|move|p1a: Mufasa|Extreme Speed|p2a: Thundurus
|-damage|p2a: Thundurus|167\/299
|move|p2a: Thundurus|Thunderbolt|p1a: Mufasa
|-damage|p1a: Mufasa|0 fnt
|faint|p1a: Mufasa
|
|-heal|p2a: Thundurus|185\/299|[from] item: Leftovers
|
|switch|p1a: Zelda|Meloetta|404\/404
|turn|20
|
|move|p2a: Thundurus|Thunderbolt|p1a: Zelda
|-damage|p1a: Zelda|266\/404
|move|p1a: Zelda|Skill Swap|p2a: Thundurus
|-activate|p1a: Zelda|move: Skill Swap|Prankster|Serene Grace|[of] p2a: Thundurus
|
|-heal|p2a: Thundurus|203\/299|[from] item: Leftovers
|-heal|p1a: Zelda|291\/404|[from] item: Leftovers
|turn|21
|c| Doomed Hi|oh shit
|c|âgottacatchthemall|lool
|
|move|p2a: Thundurus|Thunderbolt|p1a: Zelda
|-damage|p1a: Zelda|153\/404
|move|p1a: Zelda|Psyshock|p2a: Thundurus
|-damage|p2a: Thundurus|50\/299
|
|-heal|p2a: Thundurus|68\/299|[from] item: Leftovers
|-heal|p1a: Zelda|178\/404|[from] item: Leftovers
|turn|22
|
|switch|p2a: Dragonite|Dragonite, M|230\/323
|move|p1a: Zelda|Psyshock|p2a: Dragonite
|-damage|p2a: Dragonite|101\/323
|
|-heal|p1a: Zelda|203\/404|[from] item: Leftovers
|turn|23
|
|move|p2a: Dragonite|Extreme Speed|p1a: Zelda
|-damage|p1a: Zelda|67\/404
|move|p1a: Zelda|Psyshock|p2a: Dragonite
|-damage|p2a: Dragonite|0 fnt
|faint|p2a: Dragonite
|
|-heal|p1a: Zelda|92\/404|[from] item: Leftovers
|
|switch|p2a: Thundurus|Thundurus, M|68\/299
|turn|24
|c|âgottacatchthemall|hmm should have outraged there
|c|âgottacatchthemall|fk
|
|move|p2a: Thundurus|Thunderbolt|p1a: Zelda
|-damage|p1a: Zelda|0 fnt
|faint|p1a: Zelda
|
|-heal|p2a: Thundurus|86\/299|[from] item: Leftovers
|
|switch|p1a: Predator|Gyarados, M|331\/331
|-ability|p1a: Predator|Intimidate|[of] p2a: Thundurus
|-unboost|p2a: Thundurus|atk|1
|turn|25
|c|âStorm Jesus|gg
|
|detailschange|p1a: Predator|Gyarados-Mega, M
|message|Gyarados has Mega Evolved into Mega Gyarados!
|-ability|p1a: Predator|Mold Breaker
|move|p2a: Thundurus|Thunderbolt|p1a: Predator
|-crit|p1a: Predator
|-supereffective|p1a: Predator
|-damage|p1a: Predator|0 fnt
|faint|p1a: Predator
|
|win|gottacatchthemall
|raw|Ladder updating...
|raw|Storm Jesus's rating: 1858 &rarr; <strong>1825<\/strong><br \/>(-33 for losing)
|raw|gottacatchthemall's rating: 1596 &rarr; <strong>1628<\/strong><br \/>(+32 for winning)
|c|âgottacatchthemall|gg
|c|âStorm Jesus|.......
|c|âgottacatchthemall|..
|c| Doomed Hi|did that mater
|c| Doomed Hi|?
|c|âgottacatchthemall|ya
|c|âgottacatchthemall|it did
|c|âgottacatchthemall|a lot
|c|âgottacatchthemall|srry
|leave|Storm Jesus
|player|p1
|leave|Doomed Hi