|join|Storm Jesus
|join|HellfireKnots
|player|p1|Storm Jesus|151
|player|p2|HellfireKnots|161
|gametype|singles
|gen|6
|tier|OU
|rated
|clearpoke
|poke|p1|Gengar, M
|poke|p1|Meloetta
|poke|p1|Zygarde
|poke|p1|Gyarados, M
|poke|p1|Ferrothorn, M
|poke|p1|Clefable, M
|poke|p2|Azelf
|poke|p2|Gorebyss, M
|poke|p2|Kyurem-Black
|poke|p2|Metagross
|poke|p2|Landorus, M
|poke|p2|Thundurus-Therian, M
|rule|Swagger Clause: Swagger is banned
|rule|Baton Pass Clause: Limit one PokÃ©mon knowing Baton Pass
|rule|Sleep Clause Mod: Limit one foe put to sleep
|rule|Species Clause: Limit one of each PokÃ©mon
|rule|OHKO Clause: OHKO moves are banned
|rule|Moody Clause: Moody is banned
|rule|Evasion Moves Clause: Evasion moves are banned
|rule|Endless Battle Clause: Forcing endless battles is banned
|rule|HP Percentage Mod: HP is shown in percentages
|teampreview
|join|Public Perv
|
|start
|switch|p1a: Crescent|Clefable, M|394\/394
|switch|p2a: Azelf|Azelf|354\/354
|turn|1
|
|move|p2a: Azelf|Light Screen|p2a: Azelf
|-sidestart|p2: HellfireKnots|move: Light Screen
|move|p1a: Crescent|Moonblast|p2a: Azelf
|-damage|p2a: Azelf|285\/354
|
|turn|2
|
|move|p2a: Azelf|Taunt|p1a: Crescent
|-start|p1a: Crescent|move: Taunt
|move|p1a: Crescent|Moonblast|p2a: Azelf
|-damage|p2a: Azelf|215\/354
|
|turn|3
|
|move|p2a: Azelf|Stealth Rock|p1a: Crescent
|-sidestart|p1: Storm Jesus|move: Stealth Rock
|move|p1a: Crescent|Moonblast|p2a: Azelf
|-damage|p2a: Azelf|144\/354
|
|turn|4
|
|switch|p2a: Gorebyss|Gorebyss, M|314\/314
|move|p1a: Crescent|Moonblast|p2a: Gorebyss
|-damage|p2a: Gorebyss|248\/314
|-unboost|p2a: Gorebyss|spa|1
|-enditem|p2a: Gorebyss|White Herb
|-restoreboost|p2a: Gorebyss|[silent]
|
|-end|p1a: Crescent|move: Taunt
|turn|5
|
|move|p2a: Gorebyss|Shell Smash|p2a: Gorebyss
|-boost|p2a: Gorebyss|atk|2
|-boost|p2a: Gorebyss|spa|2
|-boost|p2a: Gorebyss|spe|2
|-unboost|p2a: Gorebyss|def|1
|-unboost|p2a: Gorebyss|spd|1
|move|p1a: Crescent|Moonblast|p2a: Gorebyss
|-damage|p2a: Gorebyss|189\/314
|
|turn|6
|
|move|p2a: Gorebyss|Substitute|p2a: Gorebyss
|-start|p2a: Gorebyss|Substitute
|-damage|p2a: Gorebyss|111\/314
|move|p1a: Crescent|Moonblast|p2a: Gorebyss
|-activate|p2a: Gorebyss|Substitute|[damage]
|
|turn|7
|
|move|p2a: Gorebyss|Baton Pass|p2a: Gorebyss
|
|switch|p2a: Kyurem-Black|Kyurem-Black|391\/391
|-ability|p2a: Kyurem-Black|Teravolt
|move|p1a: Crescent|Moonblast|p2a: Kyurem-Black
|-supereffective|p2a: Kyurem-Black
|-end|p2a: Kyurem-Black|Substitute
|
|turn|8
|c|âHellfireKnots|misclick
|c|âHellfireKnots|fu
|
|move|p2a: Kyurem-Black|Fusion Bolt|p1a: Crescent
|-damage|p1a: Crescent|24\/394
|move|p1a: Crescent|Moonblast|p2a: Kyurem-Black
|-supereffective|p2a: Kyurem-Black
|-damage|p2a: Kyurem-Black|268\/391
|
|-heal|p1a: Crescent|48\/394|[from] item: Leftovers
|-sideend|p2: HellfireKnots|move: Light Screen
|turn|9
|join|TCMK
|join|BasED HaxED
|c| TCMK|ah, passin the smashins
|
|move|p2a: Kyurem-Black|Fusion Bolt|p1a: Crescent
|-damage|p1a: Crescent|0 fnt
|faint|p1a: Crescent
|
|c| BasED HaxED|Knots
|c|âHellfireKnots|meant to pass to lando
|c| Public Perv|will!
|c| Public Perv|<3
|c| TCMK|josh
|c| TCMK|!
|c|âStorm Jesus|im unaware
|c| TCMK|<3
|c|âHellfireKnots|decided to fuck that up
|c| BasED HaxED|r u on PO?
|c|âHellfireKnots|like a big dumbass
|c|âStorm Jesus|ur lucky u didn't pass it to lando
|
|switch|p1a: Tytannial|Ferrothorn, M|352\/352
|-damage|p1a: Tytannial|330\/352|[from] Stealth Rock
|turn|10
|c|âStorm Jesus|lol bc im spdef unaware clefable
|c|âStorm Jesus|!data unaware
|c|~|\/data-ability Unaware

|c|âHellfireKnots|o
|c| TCMK|how is he lucky for picking the right mon
|c| TCMK|lol
|c| Public Perv|XD
|c|âStorm Jesus|he said he misclicked lando
|c|âStorm Jesus|xD
|c| Public Perv|^
|c|âHellfireKnots|yeah
|c|âHellfireKnots|I did
|c| TCMK|"you're lucky you switched in your heatran on a ferrothorn!"
|c| BasED HaxED|Knots, r u on PO now?
|c|âHellfireKnots|no
|c|âHellfireKnots|I'm banned, Ed.
|
|move|p2a: Kyurem-Black|Earth Power|p1a: Tytannial
|-damage|p1a: Tytannial|167\/352
|-unboost|p1a: Tytannial|spd|1
|move|p1a: Tytannial|Gyro Ball|p2a: Kyurem-Black
|-supereffective|p2a: Kyurem-Black
|-damage|p2a: Kyurem-Black|0 fnt
|faint|p2a: Kyurem-Black
|
|c|âHellfireKnots|And I don't have my phone alts on rn
|c|âHellfireKnots|No point. PO is ded
|c|âHellfireKnots|why
|c| BasED HaxED|I'm amking sure
|c|âHellfireKnots|storm, my roomate is downloading skyrim mods so I'm lagging like krazy sorry dude
|
|switch|p2a: Azelf|Azelf|144\/354
|turn|11
|c| BasED HaxED|Looks like someone is trying to imitate you
|c| Public Perv|we need more people to join our chat room knots :(
|c|âHellfireKnots|not me
|c|âHellfireKnots|Yeah I know yum
|c|âHellfireKnots|but like, people are out anyway
|c| Public Perv|yea.
|c| TCMK|\/me has sent you a **private message!** To view your inbox press **Ctrl+W**. You have **(1)** unread message(s)!
|c| Public Perv|lmfao
|c|âHellfireKnots|lol
|c| TCMK|\/me has sent you a **private message!** To view your inbox press **Ctrl+W**. You have **(2)** unread message(s)!
|c|âHellfireKnots|fgskafhas
|c| Public Perv|i can't believe how much that works.
|
|switch|p1a: Zelda|Meloetta|404\/404
|-damage|p1a: Zelda|354\/404|[from] Stealth Rock
|move|p2a: Azelf|Taunt|p1a: Zelda
|-start|p1a: Zelda|move: Taunt
|
|-heal|p1a: Zelda|379\/404|[from] item: Leftovers
|turn|12
|
|move|p2a: Azelf|Light Screen|p2a: Azelf
|-sidestart|p2: HellfireKnots|move: Light Screen
|move|p1a: Zelda|Psyshock|p2a: Azelf
|-crit|p2a: Azelf
|-resisted|p2a: Azelf
|-damage|p2a: Azelf|21\/354
|
|-heal|p1a: Zelda|404\/404|[from] item: Leftovers
|turn|13
|
|move|p2a: Azelf|Reflect|p2a: Azelf
|-sidestart|p2: HellfireKnots|Reflect
|move|p1a: Zelda|Psyshock|p2a: Azelf
|-resisted|p2a: Azelf
|-damage|p2a: Azelf|0 fnt
|faint|p2a: Azelf
|
|
|switch|p2a: Gorebyss|Gorebyss, M|111\/314
|turn|14
|
|move|p1a: Zelda|Psyshock|p2a: Gorebyss
|-damage|p2a: Gorebyss|51\/314
|move|p2a: Gorebyss|Shell Smash|p2a: Gorebyss
|-boost|p2a: Gorebyss|atk|2
|-boost|p2a: Gorebyss|spa|2
|-boost|p2a: Gorebyss|spe|2
|-unboost|p2a: Gorebyss|def|1
|-unboost|p2a: Gorebyss|spd|1
|
|-end|p1a: Zelda|move: Taunt
|turn|15
|c| TCMK|smashin n then passin
|c| TCMK|my fav way 2 play mons
|c| Public Perv|TRUE
|
|move|p2a: Gorebyss|Baton Pass|p2a: Gorebyss
|c|âHellfireKnots|Rake was like
|c|âHellfireKnots|"you're the only person who doesn't get bored of this"
|c| TCMK|lol
|
|switch|p2a: Thundurus-Therian|Thundurus-Therian, M|299\/299
|move|p1a: Zelda|Psyshock|p2a: Thundurus-Therian
|-crit|p2a: Thundurus-Therian
|-damage|p2a: Thundurus-Therian|0 fnt
|faint|p2a: Thundurus-Therian
|
|c|âHellfireKnots|I hit the damn button
|c|âHellfireKnots|ow
|c|âStorm Jesus|Lol
|c| BasED HaxED|ah where is the metagross
|c|âHellfireKnots|the lag tho
|c| BasED HaxED|hmmm
|-message|HellfireKnots lost due to inactivity.
|c|âHellfireKnots|Geez
|
|switch|p2a: Landorus|Landorus, M|320\/320
|turn|16
|c|âHellfireKnots|Not worth p-
|c|âHellfireKnots|what the
|
|win|Storm Jesus
|raw|Ladder updating...
|join|ReVeR ThE KiNg
|raw|Storm Jesus's rating: 1769 &rarr; <strong>1778<\/strong><br \/>(+9 for winning)
|raw|HellfireKnots's rating: 1546 &rarr; <strong>1537<\/strong><br \/>(-9 for losing)
|c|âStorm Jesus|showdown is rly laggy
|c|âStorm Jesus|:x
|leave|BasED HaxED
|leave|HellfireKnots
|player|p2
|leave|Storm Jesus
|player|p1