|join|Storm Jesus
|join|PacMan69
|join|Cloud27
|player|p1|Storm Jesus|151
|player|p2|PacMan69|137
|gametype|singles
|gen|6
|tier|OU
|clearpoke
|poke|p1|Hydreigon, M
|poke|p1|Blastoise, M
|poke|p1|Roserade, M
|poke|p1|Starmie
|poke|p1|Hippowdon, M
|poke|p1|Arcanine, M
|poke|p2|Pinsir, M
|poke|p2|Magnezone
|poke|p2|Rotom-Wash
|poke|p2|Starmie
|poke|p2|Garchomp, M
|poke|p2|Landorus-Therian, M
|rule|Swagger Clause: Swagger is banned
|rule|Baton Pass Clause: Limit one PokÃ©mon knowing Baton Pass
|rule|Sleep Clause Mod: Limit one foe put to sleep
|rule|Species Clause: Limit one of each PokÃ©mon
|rule|OHKO Clause: OHKO moves are banned
|rule|Moody Clause: Moody is banned
|rule|Evasion Moves Clause: Evasion moves are banned
|rule|Endless Battle Clause: Forcing endless battles is banned
|rule|HP Percentage Mod: HP is shown in percentages
|teampreview
|join|thatisnotedible
|c|âPacMan69|gl hf
|join|Acrokid098
|join|desacato102
|join|Terra Olympus
|c|âStorm Jesus|glhf
|join|fatShanaynay4
|join|Wilkhun
|join|FUQ GLISCORE
|join|beppityboopbop
|
|start
|switch|p1a: Shellshock|Blastoise, M|362\/362
|switch|p2a: Landorus-Therian|Landorus-Therian, M|382\/382
|-ability|p2a: Landorus-Therian|Intimidate|[of] p1a: Shellshock
|-unboost|p1a: Shellshock|atk|1
|turn|1
|join|thymine29
|c| desacato102|hf huh?
|join|FrozenCold
|c| beppityboopbop|nice uu team
|join|Alvok
|
|switch|p2a: Rotom-Wash|Rotom-Wash|303\/303
|detailschange|p1a: Shellshock|Blastoise-Mega, M
|-mega|p1a: Shellshock|Blastoise|Blastoisinite
|move|p1a: Shellshock|Water Pulse|p2a: Rotom-Wash
|-resisted|p2a: Rotom-Wash
|-damage|p2a: Rotom-Wash|254\/303
|
|-heal|p2a: Rotom-Wash|272\/303|[from] item: Leftovers
|turn|2
|c|âPacMan69|well it took him this far
|join|fkof7.1
|c|âStorm Jesus|hf = have fun
|c|âStorm Jesus|:]
|join|trillyntruly
|leave|beppityboopbop
|
|switch|p1a: Petal|Roserade, M|324\/324
|move|p2a: Rotom-Wash|Will-O-Wisp|p1a: Petal
|-status|p1a: Petal|brn
|
|-heal|p2a: Rotom-Wash|290\/303|[from] item: Leftovers
|-damage|p1a: Petal|284\/324 brn|[from] brn
|turn|3
|join|NagariHO
|c| desacato102|oh kk, that's a new one for me.
|c| NagariHO|hew pacman
|c| NagariHO|*ew
|
|switch|p2a: Pinsir|Pinsir, M|271\/271
|move|p1a: Petal|Giga Drain|p2a: Pinsir
|-resisted|p2a: Pinsir
|-damage|p2a: Pinsir|195\/271
|-heal|p1a: Petal|322\/324 brn|[from] drain|[of] p2a: Pinsir
|
|-heal|p1a: Petal|324\/324 brn|[from] item: Leftovers
|-damage|p1a: Petal|284\/324 brn|[from] brn
|turn|4
|
|switch|p1a: Arctos|Arcanine, M|384\/384
|-ability|p1a: Arctos|Intimidate|[of] p2a: Pinsir
|-fail|p2a: Pinsir|unboost|Attack|[from] ability: Hyper Cutter|[of] p2a: Pinsir
|detailschange|p2a: Pinsir|Pinsir-Mega, M
|-mega|p2a: Pinsir|Pinsir|Pinsirite
|move|p2a: Pinsir|Return|p1a: Arctos
|-damage|p1a: Arctos|176\/384
|
|-heal|p1a: Arctos|200\/384|[from] item: Leftovers
|turn|5
|
|move|p2a: Pinsir|Return|p1a: Arctos
|-damage|p1a: Arctos|0 fnt
|faint|p1a: Arctos
|
|c| NagariHO|anti-lando meta
|
|switch|p1a: Hybrid|Hydreigon, M|325\/325
|turn|6
|
|switch|p2a: Rotom-Wash|Rotom-Wash|290\/303
|move|p1a: Hybrid|Dark Pulse|p2a: Rotom-Wash
|-damage|p2a: Rotom-Wash|142\/303
|
|-heal|p2a: Rotom-Wash|160\/303|[from] item: Leftovers
|turn|7
|leave|thymine29
|
|move|p1a: Hybrid|Dark Pulse|p2a: Rotom-Wash
|-damage|p2a: Rotom-Wash|12\/303
|cant|p2a: Rotom-Wash|flinch
|
|-heal|p2a: Rotom-Wash|30\/303|[from] item: Leftovers
|turn|8
|c|âPacMan69|:(
|
|move|p1a: Hybrid|Dark Pulse|p2a: Rotom-Wash
|-damage|p2a: Rotom-Wash|0 fnt
|faint|p2a: Rotom-Wash
|
|
|switch|p2a: Garchomp|Garchomp, M|358\/358
|turn|9
|join|WeLikeIke
|join|mistaken
|leave|mistaken
|join|Padapos the retard
|join|Jukain
|
|move|p2a: Garchomp|Dragon Claw|p1a: Hybrid
|-supereffective|p1a: Hybrid
|-damage|p1a: Hybrid|19\/325
|move|p1a: Hybrid|Dark Pulse|p2a: Garchomp
|-damage|p2a: Garchomp|124\/358
|
|turn|10
|c| Padapos the retard|how
|
|move|p2a: Garchomp|Dragon Claw|p1a: Hybrid
|-supereffective|p1a: Hybrid
|-damage|p1a: Hybrid|0 fnt
|faint|p1a: Hybrid
|
|join|awtg
|
|switch|p1a: Shuriken|Starmie|324\/324
|turn|11
|c|âStorm Jesus|hi awtg
|
|switch|p2a: Starmie|Starmie|261\/261
|move|p1a: Shuriken|Scald|p2a: Starmie
|-resisted|p2a: Starmie
|-damage|p2a: Starmie|212\/261
|-status|p2a: Starmie|brn
|
|-damage|p2a: Starmie|180\/261 brn|[from] brn
|turn|12
|c|+Jukain|lol storm
|c| awtg|Ayy Storm, what's up?
|c|âStorm Jesus|jukain
|c|+Jukain|u have a max health hippowdon
|c|+Jukain|...why
|c|âStorm Jesus|bc mega blastoise wins
|c| awtg|__Why not?__
|c|âStorm Jesus|y\/n
|c|âStorm Jesus|:]
|join|Dokkerich
|
|switch|p2a: Pinsir|Pinsir-Mega, M|195\/271
|switch|p1a: Petal|Roserade, M|284\/324
|
|-heal|p1a: Petal|304\/324|[from] item: Leftovers
|turn|13
|c| NagariHO|wud've scalded  again imo
|c| NagariHO|on both sides
|
|switch|p1a: Shellshock|Blastoise-Mega, M|362\/362
|move|p2a: Pinsir|Swords Dance|p2a: Pinsir
|-boost|p2a: Pinsir|atk|2
|
|turn|14
|c|âStorm Jesus|y me2,,,
|c|âStorm Jesus|he does NOT
|c|âStorm Jesus|ko blastoise
|c|âStorm Jesus|;-;,,, 10% chance
|
|move|p2a: Pinsir|Return|p1a: Shellshock
|-damage|p1a: Shellshock|14\/362
|move|p1a: Shellshock|Water Pulse|p2a: Pinsir
|-damage|p2a: Pinsir|47\/271
|
|turn|15
|c| awtg|pray for blastoise
|c| NagariHO|POWA
|c| awtg|Ayy lmao
|join|Fedayi
|c|+Jukain|lmao
|
|move|p2a: Pinsir|Quick Attack|p1a: Shellshock
|-damage|p1a: Shellshock|0 fnt
|faint|p1a: Shellshock
|
|c|âStorm Jesus|max hp max def +
|c|+Jukain|now jus
|
|switch|p1a: Shuriken|Starmie|324\/324
|turn|16
|c|+Jukain|go starmie
|c| trillyntruly|blastoise fat tho
|c|+Jukain|and win
|c|+Jukain|3ez
|join|Time Stall
|c|âStorm Jesus|this game is NOT 3ez
|c| NagariHO|lol
|c|âStorm Jesus|jukain
|c|âStorm Jesus|its NOT
|join|All Together Now
|c| awtg|!!Learn Starmie, Water Shuriken
|c|+Jukain|nah mang
|
|move|p2a: Pinsir|Quick Attack|p1a: Shuriken
|-damage|p1a: Shuriken|92\/324
|move|p1a: Shuriken|Scald|p2a: Pinsir
|-damage|p2a: Pinsir|0 fnt
|faint|p2a: Pinsir
|
|-heal|p1a: Shuriken|112\/324|[from] item: Leftovers
|c| NagariHO|LOL
|
|switch|p2a: Magnezone|Magnezone|324\/324
|turn|17
|c|+Jukain|that does 0
|c|+Jukain|ehehe
|c|âPacMan69|defensive
|c|âStorm Jesus|**LE EPIC KEK**
|c|âPacMan69|...
|c| WeLikeIke|YUM
|c|+Jukain|now go hippo
|c|+Jukain|u dingus
|join|gyarad0site
|c| NagariHO|dat volt
|c| NagariHO|or dat cannon?
|
|move|p1a: Shuriken|Scald|p2a: Magnezone
|-damage|p2a: Magnezone|216\/324
|move|p2a: Magnezone|Flash Cannon|p1a: Shuriken
|-resisted|p1a: Shuriken
|-damage|p1a: Shuriken|0 fnt
|faint|p1a: Shuriken
|
|
|switch|p1a: Land Shark|Hippowdon, M|420\/420
|-weather|Sandstorm
|turn|18
|c|+Jukain|thats lookin like some choice specs shit
|c|âPacMan69|tis
|
|move|p2a: Magnezone|Flash Cannon|p1a: Land Shark
|-damage|p1a: Land Shark|212\/420
|move|p1a: Land Shark|Stealth Rock|p2a: Magnezone
|-sidestart|p2: PacMan69|move: Stealth Rock
|
|-weather|Sandstorm|[upkeep]
|-heal|p1a: Land Shark|238\/420|[from] item: Leftovers
|turn|19
|c| NagariHO|yap
|c|+Jukain|lol
|c|+Jukain|why
|join|wizardo
|
|move|p2a: Magnezone|Flash Cannon|p1a: Land Shark
|-damage|p1a: Land Shark|13\/420
|move|p1a: Land Shark|Slack Off|p1a: Land Shark
|-heal|p1a: Land Shark|223\/420
|
|-weather|Sandstorm|[upkeep]
|-heal|p1a: Land Shark|249\/420|[from] item: Leftovers
|turn|20
|c|âStorm Jesus|why does he run specs
|c|+Jukain|now u lose
|c| NagariHO|de disrepect
|c| awtg|uh
|c|+Jukain|to a spdef drop
|c|âStorm Jesus|ill stall him out
|c| awtg|lol
|c|+Jukain|but srsly
|c| WeLikeIke|Gotta get up those late-game rocks
|c| awtg|w0t?
|
|move|p2a: Magnezone|Flash Cannon|p1a: Land Shark
|-damage|p1a: Land Shark|51\/420
|move|p1a: Land Shark|Slack Off|p1a: Land Shark
|-heal|p1a: Land Shark|261\/420
|
|-weather|Sandstorm|[upkeep]
|-heal|p1a: Land Shark|287\/420|[from] item: Leftovers
|turn|21
|c|+Jukain|why did u go for rocks
|c|âStorm Jesus|pinsir
|c|+Jukain|they dont help u at all
|c|âStorm Jesus|is alive
|c|âStorm Jesus|;-;
|c| All Together Now|inb4 crit
|c|+Jukain|o rite
|c|âStorm Jesus|HE HAS AN ALIVE PINSIR
|c|+Jukain|pinsir
|c|âStorm Jesus|._.
|c|+Jukain|I ALWAYS FORGET
|c|+Jukain|BECAUSE OF THE FUCKING
|c|+Jukain|NO SPRITES
|
|move|p2a: Magnezone|Flash Cannon|p1a: Land Shark
|-damage|p1a: Land Shark|76\/420
|move|p1a: Land Shark|Slack Off|p1a: Land Shark
|-heal|p1a: Land Shark|286\/420
|
|-weather|Sandstorm|[upkeep]
|-heal|p1a: Land Shark|312\/420|[from] item: Leftovers
|turn|22
|c| awtg|err...
|c|âStorm Jesus|ME too
|c| NagariHO|LOL
|c|+Jukain|he has to get
|c|+Jukain|a spdef drop
|c|+Jukain|at some point
|c| All Together Now|strom your not scared of the crit
|c| All Together Now|?
|c|âPacMan69|pinsir is sleeping
|
|move|p2a: Magnezone|Flash Cannon|p1a: Land Shark
|-damage|p1a: Land Shark|104\/420
|move|p1a: Land Shark|Slack Off|p1a: Land Shark
|-heal|p1a: Land Shark|314\/420
|
|-weather|none
|-heal|p1a: Land Shark|340\/420|[from] item: Leftovers
|turn|23
|c|+Jukain|stop being so fucking lucky
|c| awtg|10%
|c|âStorm Jesus|jukain don't call it
|c| NagariHO|LOL
|c|âStorm Jesus|or else it'll happen
|c|+Jukain|jus go for one more
|c|+Jukain|and win
|c|+Jukain|u dingus
|
|move|p2a: Magnezone|Flash Cannon|p1a: Land Shark
|-damage|p1a: Land Shark|118\/420
|move|p1a: Land Shark|Slack Off|p1a: Land Shark
|-heal|p1a: Land Shark|328\/420
|
|-heal|p1a: Land Shark|354\/420|[from] item: Leftovers
|turn|24
|c|+Jukain|storm
|c|+Jukain|stop being lucky n bad
|c| NagariHO|:)
|c| awtg|I've missed so many fucking MMGross moves, and yet he hasn't gotten a drop yet
|c| awtg|oml
|
|move|p2a: Magnezone|Flash Cannon|p1a: Land Shark
|-damage|p1a: Land Shark|147\/420
|move|p1a: Land Shark|Slack Off|p1a: Land Shark
|-heal|p1a: Land Shark|357\/420
|
|-heal|p1a: Land Shark|383\/420|[from] item: Leftovers
|turn|25
|c| FrozenCold|lol
|c| NagariHO|*:(
|c|+Jukain|!data flash cannon
|c|~|\/data-move Flash Cannon

|c| trillyntruly|wanna see him get stalled out
|c|+Jukain|wheres the drop
|
|move|p2a: Magnezone|Flash Cannon|p1a: Land Shark
|-damage|p1a: Land Shark|190\/420
|move|p1a: Land Shark|Slack Off|p1a: Land Shark
|-heal|p1a: Land Shark|400\/420
|
|-heal|p1a: Land Shark|420\/420|[from] item: Leftovers
|turn|26
|c|âStorm Jesus|10%
|c| NagariHO|scald alwayz
|c| All Together Now|jukain im calling the drop now !!!
|c| WeLikeIke|9 times
|c| NagariHO|burns
|c|+Jukain|alright
|c|+Jukain|10 times
|c| FrozenCold|imo crit
|c|+Jukain|there had better be
|c| NagariHO|so flash cannon has 1\/3 chances
|c|+Jukain|1 spdef drop
|c|+Jukain|imo
|
|move|p2a: Magnezone|Flash Cannon|p1a: Land Shark
|-damage|p1a: Land Shark|200\/420
|move|p1a: Land Shark|Earthquake|p2a: Magnezone
|-supereffective|p2a: Magnezone
|-damage|p2a: Magnezone|0 fnt
|faint|p2a: Magnezone
|
|-heal|p1a: Land Shark|226\/420|[from] item: Leftovers
|c|+Jukain|lol
|c| All Together Now|bop
|c| WeLikeIke|LOL
|c| FrozenCold|lol
|c|+Jukain|no drops
|c| WeLikeIke|Well-trained
|c|âStorm Jesus|le epic kek
|c|+Jukain|storm evading the expected value
|join|Rocknlol
|
|switch|p2a: Starmie|Starmie|180\/261 brn
|-damage|p2a: Starmie|148\/261 brn|[from] Stealth Rock
|turn|27
|c|+Jukain|but starmie wins anyways
|c|+Jukain|lol.
|join|bdude379
|
|move|p2a: Starmie|Hydro Pump|p1a: Land Shark|[miss]
|-miss|p2a: Starmie|p1a: Land Shark
|move|p1a: Land Shark|Stealth Rock|p2a: Starmie
|-fail|p2a: Starmie
|
|-heal|p1a: Land Shark|252\/420|[from] item: Leftovers
|-damage|p2a: Starmie|116\/261 brn|[from] brn
|turn|28
|c| FrozenCold|lol
|c|+Jukain|LOOOOOOOOOOOOOOOOOOOOOL
|c| trillyntruly|lolol
|c| desacato102|dun dun duuuuuuuun
|c| Terra Olympus|omfg
|c|âPacMan69|xD
|
|switch|p1a: Petal|Roserade, M|304\/324
|move|p2a: Starmie|Hydro Pump|p1a: Petal
|-resisted|p1a: Petal
|-damage|p1a: Petal|232\/324
|
|-heal|p1a: Petal|252\/324|[from] item: Leftovers
|-damage|p2a: Starmie|84\/261 brn|[from] brn
|turn|29
|c| NagariHO|LOL
|c| trillyntruly|ah nice n predicted
|c|+Jukain|do u not have
|c|+Jukain|ice beam
|c|+Jukain|or psyshock
|c| WeLikeIke|The most well trained mopns
|c|+Jukain|or something
|
|move|p2a: Starmie|Ice Beam|p1a: Petal
|-supereffective|p1a: Petal
|-damage|p1a: Petal|89\/324
|move|p1a: Petal|Giga Drain|p2a: Starmie
|-supereffective|p2a: Starmie
|-damage|p2a: Starmie|0 fnt
|-heal|p1a: Petal|131\/324|[from] drain|[of] p2a: Starmie
|faint|p2a: Starmie
|
|-heal|p1a: Petal|151\/324|[from] item: Leftovers
|c|âPacMan69|lol
|c| WeLikeIke|I have ever seen
|c| All Together Now|lolo
|c|âStorm Jesus|LOL
|c|âStorm Jesus|I WON
|c| NagariHO|...
|c|âStorm Jesus|HIPPO WINS
|
|switch|p2a: Garchomp|Garchomp, M|124\/358
|-damage|p2a: Garchomp|102\/358|[from] Stealth Rock
|turn|30
|c| awtg|Storm
|c|âStorm Jesus|HAHAHAHHAHAHAHAHAHAHHAHAHHAHAHAHAHHAHA
|c|+Jukain|lmao
|c| awtg|ur a legend
|c| FrozenCold|yea hippo is fat
|join|Africans
|c| awtg|no drops
|c| All Together Now|inb4 crits
|c| All Together Now|!!!
|
|move|p2a: Garchomp|Outrage|p1a: Petal
|-damage|p1a: Petal|0 fnt
|faint|p1a: Petal
|
|c| trillyntruly|woww
|join|lok'tar
|c|+Jukain|what a choke ._.
|
|switch|p1a: Land Shark|Hippowdon, M|252\/420
|-weather|Sandstorm
|turn|31
|c|âStorm Jesus|>OUTRAGE
|c| NagariHO|where is fkn psyshock
|
|move|p2a: Garchomp|Outrage|p1a: Land Shark
|-damage|p1a: Land Shark|83\/420
|move|p1a: Land Shark|Slack Off|p1a: Land Shark
|-heal|p1a: Land Shark|293\/420
|
|-weather|Sandstorm|[upkeep]
|-heal|p1a: Land Shark|319\/420|[from] item: Leftovers
|turn|32
|c|âStorm Jesus|>doesn't sd
|c|âStorm Jesus|LOL
|c| FrozenCold|crit outrage
|c|+Jukain|hes
|c| All Together Now|CRIT
|c|+Jukain|scarf
|c| All Together Now|!!!
|
|move|p2a: Garchomp|Outrage|p1a: Land Shark
|-damage|p1a: Land Shark|129\/420
|move|p1a: Land Shark|Slack Off|p1a: Land Shark
|-heal|p1a: Land Shark|339\/420
|
|-end|p2a: Garchomp|rampage
|-start|p2a: Garchomp|confusion
|-weather|Sandstorm|[upkeep]
|-heal|p1a: Land Shark|365\/420|[from] item: Leftovers
|turn|33
|c| awtg|holy kek
|c|+Jukain|u tard
|c| awtg|miss
|c| All Together Now|CRIT
|c| awtg|EQ
|c| All Together Now|CRIT
|c| All Together Now|CRIT
|
|-activate|p2a: Garchomp|confusion
|-damage|p2a: Garchomp|51\/358|[from] confusion
|move|p1a: Land Shark|Slack Off|p1a: Land Shark
|-heal|p1a: Land Shark|420\/420
|
|-weather|Sandstorm|[upkeep]
|turn|34
|c| awtg|Sand veil when
|c| NagariHO|inb4
|
|-activate|p2a: Garchomp|confusion
|-damage|p2a: Garchomp|0 fnt|[from] confusion
|faint|p2a: Garchomp
|move|p1a: Land Shark|Earthquake|p2: Garchomp|[notarget]
|-notarget
|
|-weather|Sandstorm|[upkeep]
|c| FrozenCold|lol
|c| trillyntruly|ahahahaha
|c|âStorm Jesus|LOL
|c| WeLikeIke|2
|c| NagariHO|dual dancing lnado
|
|switch|p2a: Landorus-Therian|Landorus-Therian, M|382\/382
|-damage|p2a: Landorus-Therian|335\/382|[from] Stealth Rock
|-ability|p2a: Landorus-Therian|Intimidate|[of] p1a: Land Shark
|-unboost|p1a: Land Shark|atk|1
|turn|35
|c| WeLikeIke|WELL
|c|âPacMan69|gg
|c| WeLikeIke|TRAINED
|c|âStorm Jesus|**LE EPIC KEK**
|c| fatShanaynay4|wow congrats storm jesus, you can spam slack off
|c| awtg|Swords Dance now
|c| All Together Now|EXPLOSION CRIT
|c| All Together Now|!!
|c| awtg|please
|join|andrethagiiant
|c|+Jukain|lol wait
|
|move|p2a: Landorus-Therian|Knock Off|p1a: Land Shark
|-damage|p1a: Land Shark|331\/420
|-enditem|p1a: Land Shark|Leftovers|[from] move: Knock Off|[of] p2a: Landorus-Therian
|move|p1a: Land Shark|Toxic|p2a: Landorus-Therian
|-status|p2a: Landorus-Therian|tox
|
|-weather|none
|-heal|p2a: Landorus-Therian|358\/382 tox|[from] item: Leftovers
|-damage|p2a: Landorus-Therian|335\/382 tox|[from] psn
|turn|36
|c|âStorm Jesus|SD LANDO WINS
|c| All Together Now|LOLOL
|c|+Jukain|wats ur last move storm
|c| awtg|SD HERE
|c|+Jukain|o its toxic
|c|âStorm Jesus|LOLOLOLOLOLOLOLOLOLOLOL
|c|+Jukain|sigh...
|c| trillyntruly|scarf lando?
|
|move|p2a: Landorus-Therian|Earthquake|p1a: Land Shark
|-damage|p1a: Land Shark|195\/420
|move|p1a: Land Shark|Slack Off|p1a: Land Shark
|-heal|p1a: Land Shark|405\/420
|
|-heal|p2a: Landorus-Therian|358\/382 tox|[from] item: Leftovers
|-damage|p2a: Landorus-Therian|312\/382 tox|[from] psn
|turn|37
|c|+Jukain|lookin like g_g
|c| trillyntruly|ah
|leave|Jukain
|c| NagariHO|gg
|
|move|p2a: Landorus-Therian|Earthquake|p1a: Land Shark
|-damage|p1a: Land Shark|267\/420
|move|p1a: Land Shark|Earthquake|p2a: Landorus-Therian
|-immune|p2a: Landorus-Therian|[msg]
|
|-heal|p2a: Landorus-Therian|335\/382 tox|[from] item: Leftovers
|-damage|p2a: Landorus-Therian|266\/382 tox|[from] psn
|turn|38
|leave|andrethagiiant
|c|âPacMan69|ill save you the time
|c|âStorm Jesus|gg
|c| awtg|This is why you use HP Ice lando,,,
|join|mkmlmlllkk
|c| desacato102|lolwut?????
|-message|PacMan69 forfeited.
|
|win|Storm Jesus
|c|âPacMan69|gg fren
|c| awtg|gg
|c|âStorm Jesus|im max hp max
|c| Acrokid098|UU is just chuck full of stall :P XD
|leave|Fedayi
|c|âStorm Jesus|spdefense
|c|âStorm Jesus|gg
|leave|All Together Now
|leave|WeLikeIke
|leave|FUQ GLISCORE
|leave|awtg
|leave|PacMan69
|leave|FrozenCold
|leave|desacato102
|leave|fatShanaynay4
|leave|Storm Jesus
|player|p2
|player|p1
|leave|thatisnotedible
|leave|NagariHO
|leave|Africans
|leave|lok'tar
|leave|Alvok
|leave|bdude379
|leave|trillyntruly
|leave|Acrokid098
|leave|Dokkerich
|leave|mkmlmlllkk
|leave|Terra Olympus
|join|bdude379
|leave|bdude379
|leave|Wilkhun
|leave|Rocknlol
|join|Storm Jesus
|join|Acrokid098