|join|Storm Jesus
|join|OsamaBinBallin
|player|p1|Storm Jesus|151
|player|p2|OsamaBinBallin|214
|gametype|singles
|gen|6
|tier|OU
|rated
|clearpoke
|poke|p1|Gengar, M
|poke|p1|Meloetta
|poke|p1|Conkeldurr, M
|poke|p1|Gyarados, M
|poke|p1|Ferrothorn, M
|poke|p1|Landorus, M
|poke|p2|Altaria, F
|poke|p2|Magnezone
|poke|p2|Scizor, M
|poke|p2|Starmie, shiny
|poke|p2|Talonflame, F
|poke|p2|Ferrothorn, F
|rule|Swagger Clause: Swagger is banned
|rule|Baton Pass Clause: Limit one PokÃ©mon knowing Baton Pass
|rule|Sleep Clause Mod: Limit one foe put to sleep
|rule|Species Clause: Limit one of each PokÃ©mon
|rule|OHKO Clause: OHKO moves are banned
|rule|Moody Clause: Moody is banned
|rule|Evasion Moves Clause: Evasion moves are banned
|rule|Endless Battle Clause: Forcing endless battles is banned
|rule|HP Percentage Mod: HP is shown in percentages
|teampreview
|
|start
|switch|p1a: Heihachi|Conkeldurr, M|383\/383
|switch|p2a: yolo|Talonflame, F|297\/297
|turn|1
|
|switch|p1a: Tytannial|Ferrothorn, M|352\/352
|move|p2a: yolo|Brave Bird|p1a: Tytannial
|-damage|p1a: Tytannial|199\/352
|-damage|p2a: yolo|260\/297|[from] ability: Iron Barbs|[of] p1a: Tytannial
|-damage|p2a: yolo|211\/297|[from] item: Rocky Helmet|[of] p1a: Tytannial
|-damage|p2a: yolo|161\/297|[from] recoil|[of] p1a: Tytannial
|
|turn|2
|
|switch|p2a: In Da Zone|Magnezone|323\/323
|switch|p1a: Enten|Landorus, M|319\/319
|
|turn|3
|
|switch|p2a: Butt Fister|Scizor, M|343\/343
|move|p1a: Enten|Rock Slide|p2a: Butt Fister
|-damage|p2a: Butt Fister|221\/343
|
|-heal|p2a: Butt Fister|242\/343|[from] item: Leftovers
|turn|4
|
|move|p2a: Butt Fister|Bullet Punch|p1a: Enten
|-damage|p1a: Enten|189\/319
|move|p1a: Enten|Earth Power|p2a: Butt Fister
|-damage|p2a: Butt Fister|0 fnt
|faint|p2a: Butt Fister
|
|
|switch|p2a: No U|Starmie, shiny|261\/261
|turn|5
|
|move|p2a: No U|Ice Beam|p1a: Enten
|-supereffective|p1a: Enten
|-damage|p1a: Enten|0 fnt
|faint|p1a: Enten
|
|
|switch|p1a: Phantom|Gengar, M|262\/262
|turn|6
|
|move|p2a: No U|Psyshock|p1a: Phantom
|-supereffective|p1a: Phantom
|-damage|p1a: Phantom|0 fnt
|faint|p1a: Phantom
|
|
|switch|p1a: Predator|Gyarados, M|331\/331
|-ability|p1a: Predator|Intimidate|[of] p2a: No U
|-unboost|p2a: No U|atk|1
|turn|7
|
|switch|p2a: Hentai|Ferrothorn, F|352\/352
|detailschange|p1a: Predator|Gyarados-Mega, M
|-mega|p1a: Predator|Gyarados|Gyaradosite
|-ability|p1a: Predator|Mold Breaker
|move|p1a: Predator|Dragon Dance|p1a: Predator
|-boost|p1a: Predator|atk|1
|-boost|p1a: Predator|spe|1
|
|turn|8
|
|move|p1a: Predator|Substitute|p1a: Predator
|-start|p1a: Predator|Substitute
|-damage|p1a: Predator|249\/331
|move|p2a: Hentai|Leech Seed|p1a: Predator
|
|turn|9
|
|move|p1a: Predator|Crunch|p2a: Hentai
|-crit|p2a: Hentai
|-damage|p2a: Hentai|126\/352
|-damage|p1a: Predator|208\/331|[from] ability: Iron Barbs|[of] p2a: Hentai
|-unboost|p2a: Hentai|def|1
|move|p2a: Hentai|Gyro Ball|p1a: Predator
|-resisted|p1a: Predator
|-activate|p1a: Predator|Substitute|[damage]
|
|-heal|p2a: Hentai|148\/352|[from] item: Leftovers
|turn|10
|c|âOsamaBinBallin|nice crit
|c|âStorm Jesus|thx :]
|
|move|p1a: Predator|Crunch|p2a: Hentai
|-damage|p2a: Hentai|0 fnt
|-damage|p1a: Predator|167\/331|[from] ability: Iron Barbs|[of] p2a: Hentai
|faint|p2a: Hentai
|
|
|switch|p2a: Not Uber|Altaria, F|309\/309
|turn|11
|leave|OsamaBinBallin
|player|p2
|join|OsamaBinBallin
|player|p2|OsamaBinBallin|214
|c|âOsamaBinBallin|fucking showdown
|c|âOsamaBinBallin|are you lag?
|c|âStorm Jesus|yes
|
|detailschange|p2a: Not Uber|Altaria-Mega, F
|-mega|p2a: Not Uber|Altaria|Altarianite
|move|p1a: Predator|Crunch|p2a: Not Uber
|-resisted|p2a: Not Uber
|-damage|p2a: Not Uber|198\/309
|move|p2a: Not Uber|Frustration|p1a: Predator
|-supereffective|p1a: Predator
|-end|p1a: Predator|Substitute
|
|turn|12
|c|âStorm Jesus|,,,
|c|âStorm Jesus|WHO set the timer
|
|switch|p1a: Tytannial|Ferrothorn, M|199\/352
|move|p2a: Not Uber|Roost|p2a: Not Uber
|-heal|p2a: Not Uber|309\/309
|
|turn|13
|c|âStorm Jesus|nobody did ._.
|c|âOsamaBinBallin|i did, because you were lag
|
|switch|p2a: In Da Zone|Magnezone|323\/323
|switch|p1a: Heihachi|Conkeldurr, M|383\/383
|
|turn|14
|
|move|p2a: In Da Zone|Volt Switch|p1a: Heihachi
|-damage|p1a: Heihachi|259\/383
|
|switch|p2a: No U|Starmie, shiny|261\/261
|move|p1a: Heihachi|Ice Punch|p2a: No U
|-resisted|p2a: No U
|-damage|p2a: No U|213\/261
|
|-heal|p2a: No U|229\/261|[from] item: Leftovers
|turn|15
|
|move|p2a: No U|Psyshock|p1a: Heihachi
|-supereffective|p1a: Heihachi
|-damage|p1a: Heihachi|5\/383
|move|p1a: Heihachi|Knock Off|p2a: No U
|-supereffective|p2a: No U
|-damage|p2a: No U|0 fnt
|-enditem|p2a: No U|Leftovers|[from] move: Knock Off|[of] p1a: Heihachi
|faint|p2a: No U
|
|
|switch|p2a: yolo|Talonflame, F|161\/297
|turn|16
|
|switch|p1a: Tytannial|Ferrothorn, M|199\/352
|move|p2a: yolo|Brave Bird|p1a: Tytannial
|-damage|p1a: Tytannial|42\/352
|-damage|p2a: yolo|124\/297|[from] ability: Iron Barbs|[of] p1a: Tytannial
|-damage|p2a: yolo|75\/297|[from] item: Rocky Helmet|[of] p1a: Tytannial
|-damage|p2a: yolo|23\/297|[from] recoil|[of] p1a: Tytannial
|
|turn|17
|
|switch|p2a: In Da Zone|Magnezone|323\/323
|switch|p1a: Heihachi|Conkeldurr, M|5\/383
|
|turn|18
|
|move|p1a: Heihachi|Mach Punch|p2a: In Da Zone
|-supereffective|p2a: In Da Zone
|-damage|p2a: In Da Zone|195\/323
|move|p2a: In Da Zone|Volt Switch|p1a: Heihachi
|-damage|p1a: Heihachi|0 fnt
|faint|p1a: Heihachi
|
|switch|p2a: Not Uber|Altaria-Mega, F|309\/309
|
|
|switch|p1a: Tytannial|Ferrothorn, M|42\/352
|turn|19
|
|switch|p2a: In Da Zone|Magnezone|195\/323
|move|p1a: Tytannial|Stealth Rock|p2a: In Da Zone
|-sidestart|p2: OsamaBinBallin|move: Stealth Rock
|
|turn|20
|
|move|p2a: In Da Zone|Thunderbolt|p1a: Tytannial
|-resisted|p1a: Tytannial
|-damage|p1a: Tytannial|0 fnt
|faint|p1a: Tytannial
|
|
|switch|p1a: Zelda|Meloetta|404\/404
|turn|21
|
|switch|p2a: yolo|Talonflame, F|23\/297
|-damage|p2a: yolo|0 fnt|[from] Stealth Rock
|faint|p2a: yolo
|move|p1a: Zelda|Calm Mind|p1a: Zelda
|-boost|p1a: Zelda|spa|1
|-boost|p1a: Zelda|spd|1
|
|
|switch|p2a: Not Uber|Altaria-Mega, F|309\/309
|-damage|p2a: Not Uber|271\/309|[from] Stealth Rock
|turn|22
|
|move|p2a: Not Uber|Frustration|p1a: Zelda
|-damage|p1a: Zelda|200\/404
|move|p1a: Zelda|Skill Swap|p2a: Not Uber
|-activate|p1a: Zelda|move: Skill Swap|Pixilate|Serene Grace|[of] p2a: Not Uber
|
|-heal|p1a: Zelda|225\/404|[from] item: Leftovers
|turn|23
|c|âOsamaBinBallin|O_O
|c|âOsamaBinBallin|why
|c|âStorm Jesus|:]
|
|switch|p2a: In Da Zone|Magnezone|195\/323
|-damage|p2a: In Da Zone|175\/323|[from] Stealth Rock
|move|p1a: Zelda|Psyshock|p2a: In Da Zone
|-resisted|p2a: In Da Zone
|-damage|p2a: In Da Zone|98\/323
|
|-heal|p1a: Zelda|250\/404|[from] item: Leftovers
|turn|24
|c|âStorm Jesus|now im the one
|c|âOsamaBinBallin|THERE ARE AFRICANS STARVING IN AFRICA
|c|âStorm Jesus|:]
|
|move|p1a: Zelda|Substitute|p1a: Zelda
|-start|p1a: Zelda|Substitute
|-damage|p1a: Zelda|149\/404
|move|p2a: In Da Zone|Volt Switch|p1a: Zelda
|-end|p1a: Zelda|Substitute
|
|switch|p2a: Not Uber|Altaria-Mega, F|271\/309
|-damage|p2a: Not Uber|233\/309|[from] Stealth Rock
|
|-heal|p1a: Zelda|174\/404|[from] item: Leftovers
|turn|25
|c|âStorm Jesus|owh ur specs
|
|move|p2a: Not Uber|Frustration|p1a: Zelda
|-damage|p1a: Zelda|0 fnt
|faint|p1a: Zelda
|
|c|âOsamaBinBallin|yes
|c|âOsamaBinBallin|phew
|
|switch|p1a: Predator|Gyarados-Mega, M|167\/331
|-ability|p1a: Predator|Mold Breaker
|turn|26
|c|âOsamaBinBallin|that was scary as fuck
|
|move|p1a: Predator|Waterfall|p2a: Not Uber
|-resisted|p2a: Not Uber
|-damage|p2a: Not Uber|170\/309
|move|p2a: Not Uber|Frustration|p1a: Predator
|-supereffective|p1a: Predator
|-damage|p1a: Predator|0 fnt
|faint|p1a: Predator
|
|win|OsamaBinBallin
|raw|Ladder updating...
|raw|Storm Jesus's rating: 1651 &rarr; <strong>1623<\/strong><br \/>(-28 for losing)
|raw|OsamaBinBallin's rating: 1515 &rarr; <strong>1542<\/strong><br \/>(+27 for winning)
|c|âStorm Jesus|I would've won too
|c|âStorm Jesus|:(
|c|âStorm Jesus|gg
|c|âOsamaBinBallin|gg