|join|Storm Jesus
|join|Xanru
|player|p1|Storm Jesus|151
|player|p2|Xanru|170
|gametype|singles
|gen|6
|tier|OU
|rated
|clearpoke
|poke|p1|Keldeo-Resolute
|poke|p1|Tangrowth, M
|poke|p1|Zapdos
|poke|p1|Tyranitar, M
|poke|p1|Arcanine, M
|poke|p1|Jirachi
|poke|p2|Chesnaught, M
|poke|p2|Heatran, F
|poke|p2|Rotom-Wash
|poke|p2|Clefable, M
|poke|p2|Keldeo-Resolute
|poke|p2|Metagross
|rule|Swagger Clause: Swagger is banned
|rule|Baton Pass Clause: Limit one PokÃ©mon knowing Baton Pass
|rule|Sleep Clause Mod: Limit one foe put to sleep
|rule|Species Clause: Limit one of each PokÃ©mon
|rule|OHKO Clause: OHKO moves are banned
|rule|Moody Clause: Moody is banned
|rule|Evasion Moves Clause: Evasion moves are banned
|rule|Endless Battle Clause: Forcing endless battles is banned
|rule|HP Percentage Mod: HP is shown in percentages
|teampreview
|join|Jukain
|join|FUQ GLISCORE
|join|Escavalier
|
|start
|switch|p1a: Ramen|Tangrowth, M|404\/404
|switch|p2a: Keldeo-Resolute|Keldeo-Resolute|324\/324
|turn|1
|leave|Jukain
|
|switch|p2a: Chesnaught|Chesnaught, M|336\/336
|move|p1a: Ramen|Knock Off|p2a: Chesnaught
|-resisted|p2a: Chesnaught
|-damage|p2a: Chesnaught|307\/336
|-enditem|p2a: Chesnaught|Leftovers|[from] move: Knock Off|[of] p1a: Ramen
|
|turn|2
|
|move|p2a: Chesnaught|Spikes|p1a: Ramen
|-sidestart|p1: Storm Jesus|Spikes
|move|p1a: Ramen|Hidden Power|p2a: Chesnaught
|-supereffective|p2a: Chesnaught
|-damage|p2a: Chesnaught|165\/336
|
|turn|3
|
|switch|p2a: Heatran|Heatran, F|385\/385
|move|p1a: Ramen|Hidden Power|p2a: Heatran
|-start|p2a: Heatran|ability: Flash Fire
|
|turn|4
|
|switch|p1a: Supernova|Jirachi|404\/404
|-damage|p1a: Supernova|354\/404|[from] Spikes
|move|p2a: Heatran|Stealth Rock|p1a: Supernova
|-sidestart|p1: Storm Jesus|move: Stealth Rock
|
|-heal|p1a: Supernova|379\/404|[from] item: Leftovers
|turn|5
|
|switch|p1a: Raikiri|Zapdos|384\/384
|-damage|p1a: Raikiri|288\/384|[from] Stealth Rock
|-ability|p1a: Raikiri|Pressure
|move|p2a: Heatran|Taunt|p1a: Raikiri
|-start|p1a: Raikiri|move: Taunt
|
|-heal|p1a: Raikiri|312\/384|[from] item: Leftovers
|turn|6
|
|switch|p1a: Poseidon|Keldeo-Resolute|323\/323
|-damage|p1a: Poseidon|283\/323|[from] Spikes
|-damage|p1a: Poseidon|263\/323|[from] Stealth Rock
|move|p2a: Heatran|Lava Plume|p1a: Poseidon
|-resisted|p1a: Poseidon
|-damage|p1a: Poseidon|172\/323
|-status|p1a: Poseidon|brn
|
|-heal|p1a: Poseidon|192\/323 brn|[from] item: Leftovers
|-damage|p1a: Poseidon|152\/323 brn|[from] brn
|turn|7
|
|move|p1a: Poseidon|Calm Mind|p1a: Poseidon
|-boost|p1a: Poseidon|spa|1
|-boost|p1a: Poseidon|spd|1
|move|p2a: Heatran|Taunt|p1a: Poseidon
|-start|p1a: Poseidon|move: Taunt
|
|-heal|p1a: Poseidon|172\/323 brn|[from] item: Leftovers
|-damage|p1a: Poseidon|132\/323 brn|[from] brn
|turn|8
|
|switch|p2a: Clefable|Clefable, M|394\/394
|move|p1a: Poseidon|Secret Sword|p2a: Clefable
|-resisted|p2a: Clefable
|-damage|p2a: Clefable|332\/394
|
|-heal|p1a: Poseidon|152\/323 brn|[from] item: Leftovers
|-heal|p2a: Clefable|356\/394|[from] item: Leftovers
|-damage|p1a: Poseidon|112\/323 brn|[from] brn
|turn|9
|
|move|p1a: Poseidon|Scald|p2a: Clefable
|-damage|p2a: Clefable|206\/394
|move|p2a: Clefable|Moonblast|p1a: Poseidon
|-supereffective|p1a: Poseidon
|-damage|p1a: Poseidon|0 fnt
|faint|p1a: Poseidon
|
|-heal|p2a: Clefable|230\/394|[from] item: Leftovers
|
|switch|p1a: Raikiri|Zapdos|312\/384
|-damage|p1a: Raikiri|216\/384|[from] Stealth Rock
|-ability|p1a: Raikiri|Pressure
|turn|10
|
|move|p1a: Raikiri|Defog|p2a: Clefable
|-unboost|p2a: Clefable|evasion|1
|-sideend|p1: Storm Jesus|Spikes|[from] move: Defog|[of] p1a: Raikiri
|-sideend|p1: Storm Jesus|Stealth Rock|[from] move: Defog|[of] p1a: Raikiri
|move|p2a: Clefable|Calm Mind|p2a: Clefable
|-boost|p2a: Clefable|spa|1
|-boost|p2a: Clefable|spd|1
|
|-heal|p1a: Raikiri|240\/384|[from] item: Leftovers
|-heal|p2a: Clefable|254\/394|[from] item: Leftovers
|turn|11
|
|switch|p1a: Supernova|Jirachi|379\/404
|move|p2a: Clefable|Moonblast|p1a: Supernova
|-resisted|p1a: Supernova
|-damage|p1a: Supernova|323\/404
|
|-heal|p1a: Supernova|348\/404|[from] item: Leftovers
|-heal|p2a: Clefable|278\/394|[from] item: Leftovers
|turn|12
|
|switch|p2a: Metagross|Metagross|302\/302
|move|p1a: Supernova|Stealth Rock|p2a: Metagross
|-sidestart|p2: Xanru|move: Stealth Rock
|
|-heal|p1a: Supernova|373\/404|[from] item: Leftovers
|turn|13
|
|detailschange|p2a: Metagross|Metagross-Mega
|-mega|p2a: Metagross|Metagross|Metagrossite
|move|p2a: Metagross|Pursuit|p1a: Supernova|[from]Pursuit
|-supereffective|p1a: Supernova
|-damage|p1a: Supernova|95\/404
|switch|p1a: Arctos|Arcanine, M|384\/384
|-ability|p1a: Arctos|Intimidate|[of] p2a: Metagross
|-unboost|p2a: Metagross|atk|1
|
|turn|14
|
|switch|p2a: Rotom-Wash|Rotom-Wash|304\/304
|-damage|p2a: Rotom-Wash|266\/304|[from] Stealth Rock
|switch|p1a: Rex|Tyranitar, M|404\/404
|-weather|Sandstorm
|
|-weather|Sandstorm|[upkeep]
|-damage|p2a: Rotom-Wash|247\/304|[from] sandstorm
|-heal|p2a: Rotom-Wash|266\/304|[from] item: Leftovers
|turn|15
|
|move|p2a: Rotom-Wash|Will-O-Wisp|p1a: Rex
|-status|p1a: Rex|brn
|move|p1a: Rex|Stone Edge|p2a: Rotom-Wash
|-damage|p2a: Rotom-Wash|209\/304
|
|-weather|Sandstorm|[upkeep]
|-damage|p2a: Rotom-Wash|190\/304|[from] sandstorm
|-heal|p2a: Rotom-Wash|209\/304|[from] item: Leftovers
|-damage|p1a: Rex|354\/404 brn|[from] brn
|turn|16
|
|move|p2a: Rotom-Wash|Volt Switch|p1a: Rex
|-damage|p1a: Rex|296\/404 brn
|
|switch|p2a: Chesnaught|Chesnaught, M|165\/336
|-damage|p2a: Chesnaught|144\/336|[from] Stealth Rock
|move|p1a: Rex|Fire Blast|p2a: Chesnaught
|-supereffective|p2a: Chesnaught
|-damage|p2a: Chesnaught|0 fnt
|faint|p2a: Chesnaught
|
|-weather|Sandstorm|[upkeep]
|-heal|p1a: Rex|321\/404 brn|[from] item: Leftovers
|-damage|p1a: Rex|271\/404 brn|[from] brn
|
|switch|p2a: Keldeo-Resolute|Keldeo-Resolute|324\/324
|-damage|p2a: Keldeo-Resolute|304\/324|[from] Stealth Rock
|turn|17
|
|move|p2a: Keldeo-Resolute|Scald|p1a: Rex
|-supereffective|p1a: Rex
|-damage|p1a: Rex|67\/404 brn
|move|p1a: Rex|Pursuit|p2a: Keldeo-Resolute
|-resisted|p2a: Keldeo-Resolute
|-damage|p2a: Keldeo-Resolute|286\/324
|-boost|p2a: Keldeo-Resolute|atk|1|[from] ability: Justified
|
|-weather|Sandstorm|[upkeep]
|-damage|p2a: Keldeo-Resolute|266\/324|[from] sandstorm
|-heal|p2a: Keldeo-Resolute|286\/324|[from] item: Leftovers
|-heal|p1a: Rex|92\/404 brn|[from] item: Leftovers
|-damage|p1a: Rex|42\/404 brn|[from] brn
|turn|18
|
|move|p2a: Keldeo-Resolute|Substitute|p2a: Keldeo-Resolute
|-start|p2a: Keldeo-Resolute|Substitute
|-damage|p2a: Keldeo-Resolute|205\/324
|move|p1a: Rex|Stone Edge|p2a: Keldeo-Resolute
|-resisted|p2a: Keldeo-Resolute
|-activate|p2a: Keldeo-Resolute|Substitute|[damage]
|
|-weather|none
|-heal|p2a: Keldeo-Resolute|225\/324|[from] item: Leftovers
|-heal|p1a: Rex|67\/404 brn|[from] item: Leftovers
|-damage|p1a: Rex|17\/404 brn|[from] brn
|turn|19
|
|move|p2a: Keldeo-Resolute|Calm Mind|p2a: Keldeo-Resolute
|-boost|p2a: Keldeo-Resolute|spa|1
|-boost|p2a: Keldeo-Resolute|spd|1
|move|p1a: Rex|Stone Edge|p2a: Keldeo-Resolute
|-resisted|p2a: Keldeo-Resolute
|-end|p2a: Keldeo-Resolute|Substitute
|
|-heal|p2a: Keldeo-Resolute|245\/324|[from] item: Leftovers
|-heal|p1a: Rex|42\/404 brn|[from] item: Leftovers
|-damage|p1a: Rex|0 fnt|[from] brn
|faint|p1a: Rex
|
|switch|p1a: Ramen|Tangrowth, M|404\/404
|turn|20
|
|switch|p2a: Heatran|Heatran, F|385\/385
|-damage|p2a: Heatran|337\/385|[from] Stealth Rock
|move|p1a: Ramen|Giga Drain|p2a: Heatran
|-resisted|p2a: Heatran
|-damage|p2a: Heatran|319\/385
|
|-heal|p2a: Heatran|343\/385|[from] item: Leftovers
|turn|21
|
|move|p2a: Heatran|Stealth Rock|p1a: Ramen
|-sidestart|p1: Storm Jesus|move: Stealth Rock
|move|p1a: Ramen|Knock Off|p2a: Heatran
|-damage|p2a: Heatran|268\/385
|-enditem|p2a: Heatran|Leftovers|[from] move: Knock Off|[of] p1a: Ramen
|
|turn|22
|
|move|p2a: Heatran|Lava Plume|p1a: Ramen
|-supereffective|p1a: Ramen
|-damage|p1a: Ramen|228\/404
|-status|p1a: Ramen|brn
|move|p1a: Ramen|Rock Slide|p2a: Heatran
|-damage|p2a: Heatran|238\/385
|
|-damage|p1a: Ramen|178\/404 brn|[from] brn
|turn|23
|
|move|p2a: Heatran|Lava Plume|p1a: Ramen
|-supereffective|p1a: Ramen
|-damage|p1a: Ramen|14\/404 brn
|move|p1a: Ramen|Rock Slide|p2a: Heatran
|-damage|p2a: Heatran|208\/385
|
|-damage|p1a: Ramen|0 fnt|[from] brn
|faint|p1a: Ramen
|leave|Escavalier
|
|switch|p1a: Supernova|Jirachi|95\/404
|-damage|p1a: Supernova|70\/404|[from] Stealth Rock
|turn|24
|
|move|p1a: Supernova|Iron Head|p2a: Heatran
|-resisted|p2a: Heatran
|-damage|p2a: Heatran|186\/385
|cant|p2a: Heatran|flinch
|
|-heal|p1a: Supernova|95\/404|[from] item: Leftovers
|turn|25
|
|move|p1a: Supernova|Iron Head|p2a: Heatran
|-crit|p2a: Heatran
|-resisted|p2a: Heatran
|-damage|p2a: Heatran|150\/385
|move|p2a: Heatran|Lava Plume|p1a: Supernova
|-supereffective|p1a: Supernova
|-damage|p1a: Supernova|0 fnt
|faint|p1a: Supernova
|
|
|switch|p1a: Arctos|Arcanine, M|384\/384
|-damage|p1a: Arctos|288\/384|[from] Stealth Rock
|-ability|p1a: Arctos|Intimidate|[of] p2a: Heatran
|-unboost|p2a: Heatran|atk|1
|turn|26
|
|switch|p2a: Rotom-Wash|Rotom-Wash|209\/304
|-damage|p2a: Rotom-Wash|171\/304|[from] Stealth Rock
|move|p1a: Arctos|Extreme Speed|p2a: Rotom-Wash
|-damage|p2a: Rotom-Wash|126\/304
|
|-heal|p1a: Arctos|312\/384|[from] item: Leftovers
|-heal|p2a: Rotom-Wash|145\/304|[from] item: Leftovers
|turn|27
|
|move|p1a: Arctos|Will-O-Wisp|p2a: Rotom-Wash
|-status|p2a: Rotom-Wash|brn
|move|p2a: Rotom-Wash|Pain Split|p1a: Arctos
|-sethp|p1a: Arctos|228\/384|p2a: Rotom-Wash|228\/304 brn|[from] move: Pain Split
|
|-heal|p1a: Arctos|252\/384|[from] item: Leftovers
|-heal|p2a: Rotom-Wash|247\/304 brn|[from] item: Leftovers
|-damage|p2a: Rotom-Wash|209\/304 brn|[from] brn
|turn|28
|
|move|p1a: Arctos|Extreme Speed|p2a: Rotom-Wash
|-damage|p2a: Rotom-Wash|161\/304 brn
|move|p2a: Rotom-Wash|Hydro Pump|p1a: Arctos
|-supereffective|p1a: Arctos
|-damage|p1a: Arctos|0 fnt
|faint|p1a: Arctos
|
|-heal|p2a: Rotom-Wash|180\/304 brn|[from] item: Leftovers
|-damage|p2a: Rotom-Wash|142\/304 brn|[from] brn
|
|switch|p1a: Raikiri|Zapdos|240\/384
|-damage|p1a: Raikiri|144\/384|[from] Stealth Rock
|-ability|p1a: Raikiri|Pressure
|turn|29
|
|move|p1a: Raikiri|Thunderbolt|p2a: Rotom-Wash
|-damage|p2a: Rotom-Wash|19\/304 brn
|move|p2a: Rotom-Wash|Hydro Pump|p1a: Raikiri
|-damage|p1a: Raikiri|24\/384
|
|-heal|p1a: Raikiri|48\/384|[from] item: Leftovers
|-heal|p2a: Rotom-Wash|38\/304 brn|[from] item: Leftovers
|-damage|p2a: Rotom-Wash|0 fnt|[from] brn
|faint|p2a: Rotom-Wash
|
|switch|p2a: Keldeo-Resolute|Keldeo-Resolute|245\/324
|-damage|p2a: Keldeo-Resolute|225\/324|[from] Stealth Rock
|turn|30
|
|move|p2a: Keldeo-Resolute|Scald|p1a: Raikiri
|-damage|p1a: Raikiri|0 fnt
|faint|p1a: Raikiri
|
|win|Xanru
|raw|Ladder updating...
|raw|Storm Jesus's rating: 1689 &rarr; <strong>1660<\/strong><br \/>(-29 for losing)
|raw|Xanru's rating: 1510 &rarr; <strong>1540<\/strong><br \/>(+30 for winning)
|leave|Storm Jesus
|player|p1