|join|Storm Jesus
|join|Jefozz
Jefozz turned on modjoin.
|raw|<div class="broadcast-red"><b>Moderated chat was set to +!<\/b><br \/>Only users of rank + and higher can talk.<\/div>
Jefozz made this room hidden.
|player|p1|Storm Jesus|151
|player|p2|Jefozz|98
|gametype|singles
|gen|6
|tier|OU
|clearpoke
|poke|p1|Hydreigon, M
|poke|p1|Blastoise, M
|poke|p1|Roserade, M
|poke|p1|Starmie
|poke|p1|Hippowdon, M
|poke|p1|Arcanine, M
|poke|p2|Diancie
|poke|p2|Azumarill, F
|poke|p2|Latios, M
|poke|p2|Landorus, M
|poke|p2|Ferrothorn, M
|poke|p2|Slowbro, F
|rule|Swagger Clause: Swagger is banned
|rule|Baton Pass Clause: Limit one PokÃ©mon knowing Baton Pass
|rule|Sleep Clause Mod: Limit one foe put to sleep
|rule|Species Clause: Limit one of each PokÃ©mon
|rule|OHKO Clause: OHKO moves are banned
|rule|Moody Clause: Moody is banned
|rule|Evasion Moves Clause: Evasion moves are banned
|rule|Endless Battle Clause: Forcing endless battles is banned
|rule|HP Percentage Mod: HP is shown in percentages
|teampreview
|c|âJefozz|Youre fucking terrible
|c|âStorm Jesus|FUCK WRONG TEAM
|c|âJefozz|i mean it
|c|âStorm Jesus|,
|c|âJefozz|yea rite
|c|âStorm Jesus|ITS
|c|âStorm Jesus|A UU TEAM
|c|âStorm Jesus|-.-
|c|âJefozz|i know
|c|âJefozz|fuck you;_;
|c|âStorm Jesus|ur lucky no1 is here to watch this
|c|âStorm Jesus|;-;
|
|start
|switch|p1a: Shellshock|Blastoise, M|362\/362
|switch|p2a: Landorus|Landorus, M|319\/319
|turn|1
|
|switch|p2a: Azumarill|Azumarill, F|384\/384
|detailschange|p1a: Shellshock|Blastoise-Mega, M
|-mega|p1a: Shellshock|Blastoise|Blastoisinite
|move|p1a: Shellshock|Water Pulse|p2a: Azumarill
|-resisted|p2a: Azumarill
|-damage|p2a: Azumarill|298\/384
|
|turn|2
|
|switch|p2a: Landorus|Landorus, M|319\/319
|move|p1a: Shellshock|Dark Pulse|p2a: Landorus
|-damage|p2a: Landorus|150\/319
|
|turn|3
|
|move|p2a: Landorus|Earth Power|p1a: Shellshock
|-damage|p1a: Shellshock|140\/362
|move|p1a: Shellshock|Water Pulse|p2a: Landorus
|-supereffective|p2a: Landorus
|-damage|p2a: Landorus|0 fnt
|faint|p2a: Landorus
|
|
|switch|p2a: Latios|Latios, M|301\/301
|turn|4
|
|move|p2a: Latios|Psyshock|p1a: Shellshock
|-damage|p1a: Shellshock|23\/362
|-damage|p2a: Latios|271\/301|[from] item: Life Orb
|move|p1a: Shellshock|Dark Pulse|p2a: Latios
|-supereffective|p2a: Latios
|-damage|p2a: Latios|55\/301
|
|turn|5
|c|âJefozz|this game is trash
|c|âStorm Jesus|lool
|
|move|p2a: Latios|Psyshock|p1a: Shellshock
|-damage|p1a: Shellshock|0 fnt
|-damage|p2a: Latios|25\/301|[from] item: Life Orb
|faint|p1a: Shellshock
|
|
|switch|p1a: Shuriken|Starmie|324\/324
|turn|6
|
|switch|p2a: Ferrothorn|Ferrothorn, M|351\/351
|move|p1a: Shuriken|Scald|p2a: Ferrothorn
|-resisted|p2a: Ferrothorn
|-damage|p2a: Ferrothorn|312\/351
|-status|p2a: Ferrothorn|brn
|
|-damage|p2a: Ferrothorn|269\/351 brn|[from] brn
|turn|7
|
|switch|p1a: Land Shark|Hippowdon, M|420\/420
|-weather|Sandstorm
|move|p2a: Ferrothorn|Stealth Rock|p1a: Land Shark
|-sidestart|p1: Storm Jesus|move: Stealth Rock
|
|-weather|Sandstorm|[upkeep]
|-damage|p2a: Ferrothorn|226\/351 brn|[from] brn
|turn|8
|
|move|p1a: Land Shark|Stealth Rock|p2a: Ferrothorn
|-sidestart|p2: Jefozz|move: Stealth Rock
|move|p2a: Ferrothorn|Leech Seed|p1a: Land Shark
|-start|p1a: Land Shark|move: Leech Seed
|
|-weather|Sandstorm|[upkeep]
|-damage|p1a: Land Shark|368\/420|[from] Leech Seed|[of] p2a: Ferrothorn
|-heal|p2a: Ferrothorn|278\/351 brn|[silent]
|-damage|p2a: Ferrothorn|235\/351 brn|[from] brn
|turn|9
|
|switch|p1a: Petal|Roserade, M|324\/324
|-damage|p1a: Petal|284\/324|[from] Stealth Rock
|move|p2a: Ferrothorn|Leech Seed|p1a: Petal
|-immune|p1a: Petal|[msg]
|
|-weather|Sandstorm|[upkeep]
|-damage|p1a: Petal|264\/324|[from] sandstorm
|-heal|p1a: Petal|284\/324|[from] item: Leftovers
|-damage|p2a: Ferrothorn|192\/351 brn|[from] brn
|turn|10
|
|switch|p2a: Latios|Latios, M|25\/301
|-damage|p2a: Latios|0 fnt|[from] Stealth Rock
|faint|p2a: Latios
|move|p1a: Petal|Spikes|p2: Latios
|-sidestart|p2: Jefozz|Spikes
|
|-weather|Sandstorm|[upkeep]
|-damage|p1a: Petal|264\/324|[from] sandstorm
|-heal|p1a: Petal|284\/324|[from] item: Leftovers
|
|switch|p2a: Slowbro|Slowbro, F|394\/394
|-damage|p2a: Slowbro|345\/394|[from] Spikes
|-damage|p2a: Slowbro|296\/394|[from] Stealth Rock
|turn|11
|c|âJefozz|if you save this
|c|âJefozz|im not talking to you ever again
|c|âJefozz|-_-
|c|âStorm Jesus|o i wouldnt
|c|âStorm Jesus|remember to save it
|
|move|p1a: Petal|Giga Drain|p2a: Slowbro
|-supereffective|p2a: Slowbro
|-damage|p2a: Slowbro|18\/394
|-heal|p1a: Petal|324\/324|[from] drain|[of] p2a: Slowbro
|move|p2a: Slowbro|Psyshock|p1a: Petal
|-supereffective|p1a: Petal
|-damage|p1a: Petal|48\/324
|
|-weather|none
|-heal|p1a: Petal|68\/324|[from] item: Leftovers
|-heal|p2a: Slowbro|42\/394|[from] item: Leftovers
|turn|12
|c|âStorm Jesus|but thx for reminding me
|c|âStorm Jesus|lol i would've forgotton
|
|move|p1a: Petal|Spikes|p2a: Slowbro
|-sidestart|p2: Jefozz|Spikes
|move|p2a: Slowbro|Psyshock|p1a: Petal
|-supereffective|p1a: Petal
|-damage|p1a: Petal|0 fnt
|faint|p1a: Petal
|
|-heal|p2a: Slowbro|66\/394|[from] item: Leftovers
|
|switch|p1a: Hybrid|Hydreigon, M|325\/325
|-damage|p1a: Hybrid|285\/325|[from] Stealth Rock
|turn|13
|
|move|p1a: Hybrid|Dark Pulse|p2a: Slowbro
|-supereffective|p2a: Slowbro
|-damage|p2a: Slowbro|0 fnt
|faint|p2a: Slowbro
|
|
|switch|p2a: Diancie|Diancie|241\/241
|-damage|p2a: Diancie|201\/241|[from] Spikes
|-damage|p2a: Diancie|171\/241|[from] Stealth Rock
|turn|14
|
|switch|p1a: Arctos|Arcanine, M|384\/384
|-damage|p1a: Arctos|288\/384|[from] Stealth Rock
|-ability|p1a: Arctos|Intimidate|[of] p2a: Diancie
|-fail|p2a: Diancie|unboost|[from] ability: Clear Body|[of] p2a: Diancie
|detailschange|p2a: Diancie|Diancie-Mega
|-mega|p2a: Diancie|Diancie|Diancite
|move|p2a: Diancie|Rock Polish|p2a: Diancie
|-boost|p2a: Diancie|spe|2
|
|-heal|p1a: Arctos|312\/384|[from] item: Leftovers
|turn|15
|
|move|p2a: Diancie|Diamond Storm|p1a: Arctos
|-supereffective|p1a: Arctos
|-damage|p1a: Arctos|42\/384
|-boost|p2a: Diancie|def|1
|move|p1a: Arctos|Will-O-Wisp|p2a: Diancie
|move|p2a: Diancie|Will-O-Wisp|p1a: Arctos|[from]Magic Bounce
|-fail|p1a: Arctos
|
|-heal|p1a: Arctos|66\/384|[from] item: Leftovers
|turn|16
|c|âStorm Jesus|fuq i forgot mbounce
|
|move|p1a: Arctos|Extreme Speed|p2a: Diancie
|-resisted|p2a: Diancie
|-damage|p2a: Diancie|147\/241
|move|p2a: Diancie|Diamond Storm|p1a: Arctos
|-supereffective|p1a: Arctos
|-damage|p1a: Arctos|0 fnt
|-boost|p2a: Diancie|def|1
|faint|p1a: Arctos
|
|c|âJefozz|yummy boosts
|c|âJefozz|anyways
|c|âJefozz|gg
|
|switch|p1a: Land Shark|Hippowdon, M|368\/420
|-damage|p1a: Land Shark|342\/420|[from] Stealth Rock
|-weather|Sandstorm
|turn|17
|c|âStorm Jesus|gg
|c|âStorm Jesus|do u beat hippo?
|c|âJefozz|no
|
|move|p2a: Diancie|Moonblast|p1a: Land Shark
|-damage|p1a: Land Shark|179\/420
|-unboost|p1a: Land Shark|spa|1
|move|p1a: Land Shark|Earthquake|p2a: Diancie
|-supereffective|p2a: Diancie
|-damage|p2a: Diancie|19\/241
|
|-weather|Sandstorm|[upkeep]
|-heal|p1a: Land Shark|205\/420|[from] item: Leftovers
|turn|18
|
|move|p2a: Diancie|Moonblast|p1a: Land Shark
|-damage|p1a: Land Shark|21\/420
|move|p1a: Land Shark|Earthquake|p2a: Diancie
|-supereffective|p2a: Diancie
|-damage|p2a: Diancie|0 fnt
|faint|p2a: Diancie
|
|-weather|Sandstorm|[upkeep]
|-heal|p1a: Land Shark|47\/420|[from] item: Leftovers
|
|switch|p2a: Ferrothorn|Ferrothorn, M|192\/351 brn
|-damage|p2a: Ferrothorn|134\/351 brn|[from] Spikes
|-damage|p2a: Ferrothorn|113\/351 brn|[from] Stealth Rock
|turn|19
|
|move|p1a: Land Shark|Earthquake|p2a: Ferrothorn
|-damage|p2a: Ferrothorn|17\/351 brn
|move|p2a: Ferrothorn|Leech Seed|p1a: Land Shark
|-start|p1a: Land Shark|move: Leech Seed
|
|-weather|Sandstorm|[upkeep]
|-heal|p1a: Land Shark|73\/420|[from] item: Leftovers
|-damage|p1a: Land Shark|21\/420|[from] Leech Seed|[of] p2a: Ferrothorn
|-heal|p2a: Ferrothorn|69\/351 brn|[silent]
|-damage|p2a: Ferrothorn|26\/351 brn|[from] brn
|turn|20
|
|move|p1a: Land Shark|Earthquake|p2a: Ferrothorn
|-damage|p2a: Ferrothorn|0 fnt
|faint|p2a: Ferrothorn
|
|-weather|Sandstorm|[upkeep]
|-heal|p1a: Land Shark|47\/420|[from] item: Leftovers
|
|switch|p2a: Azumarill|Azumarill, F|298\/384
|-damage|p2a: Azumarill|234\/384|[from] Spikes
|-damage|p2a: Azumarill|186\/384|[from] Stealth Rock
|turn|21
|
|move|p2a: Azumarill|Play Rough|p1a: Land Shark|[miss]
|-miss|p2a: Azumarill|p1a: Land Shark
|move|p1a: Land Shark|Earthquake|p2a: Azumarill
|-damage|p2a: Azumarill|39\/384
|
|-weather|none
|-heal|p1a: Land Shark|73\/420|[from] item: Leftovers
|-damage|p1a: Land Shark|21\/420|[from] Leech Seed|[of] p2a: Azumarill
|-heal|p2a: Azumarill|91\/384|[silent]
|turn|22
|c|âStorm Jesus|le epic kek
|
|move|p2a: Azumarill|Play Rough|p1a: Land Shark
|-crit|p1a: Land Shark
|-damage|p1a: Land Shark|0 fnt
|faint|p1a: Land Shark
|
|c|âJefozz|..
|c|âStorm Jesus|specs hydreigon ...
|c|âJefozz|aids
|
|switch|p1a: Hybrid|Hydreigon, M|285\/325
|-damage|p1a: Hybrid|245\/325|[from] Stealth Rock
|turn|23
|
|move|p1a: Hybrid|Dark Pulse|p2a: Azumarill
|-resisted|p2a: Azumarill
|-damage|p2a: Azumarill|0 fnt
|faint|p2a: Azumarill
|
|win|Storm Jesus
|leave|Jefozz
|c|âStorm Jesus|gg
|player|p2