|join|Grinding
|join|Storm Jesus
|player|p1|Grinding|1
|player|p2|Storm Jesus|151
|gametype|singles
|gen|6
|tier|OU
|clearpoke
|poke|p1|Raikou
|poke|p1|Klefki, M
|poke|p1|Rotom-Wash
|poke|p1|Hippowdon, F
|poke|p1|Venusaur, F
|poke|p1|Latias, F
|poke|p2|Hydreigon, M
|poke|p2|Blastoise, M
|poke|p2|Roserade, M
|poke|p2|Starmie
|poke|p2|Hippowdon, M
|poke|p2|Arcanine, M
|rule|Swagger Clause: Swagger is banned
|rule|Baton Pass Clause: Limit one PokÃ©mon knowing Baton Pass
|rule|Sleep Clause Mod: Limit one foe put to sleep
|rule|Species Clause: Limit one of each PokÃ©mon
|rule|OHKO Clause: OHKO moves are banned
|rule|Moody Clause: Moody is banned
|rule|Evasion Moves Clause: Evasion moves are banned
|rule|Endless Battle Clause: Forcing endless battles is banned
|rule|HP Percentage Mod: HP is shown in percentages
|teampreview
|c|âStorm Jesus|...
|c|âStorm Jesus|that team...
|join|FuqGliscore
|
|start
|switch|p1a: Klefki|Klefki, M|317\/317
|switch|p2a: Arctos|Arcanine, M|384\/384
|-ability|p2a: Arctos|Intimidate|[of] p1a: Klefki
|-unboost|p1a: Klefki|atk|1
|turn|1
|c| FuqGliscore|whya uu team?
|c|âStorm Jesus|bc this uuteam went 20-0 in ou
|
|switch|p1a: Rotom-Wash|Rotom-Wash|304\/304
|move|p2a: Arctos|Flare Blitz|p1a: Rotom-Wash
|-resisted|p1a: Rotom-Wash
|-damage|p1a: Rotom-Wash|252\/304
|-damage|p2a: Arctos|367\/384|[from] recoil|[of] p1a: Rotom-Wash
|
|-heal|p2a: Arctos|384\/384|[from] item: Leftovers
|-heal|p1a: Rotom-Wash|271\/304|[from] item: Leftovers
|turn|2
|c|âStorm Jesus|:x
|
|switch|p2a: Petal|Roserade, M|324\/324
|move|p1a: Rotom-Wash|Will-O-Wisp|p2a: Petal
|-status|p2a: Petal|brn
|
|-heal|p1a: Rotom-Wash|290\/304|[from] item: Leftovers
|-damage|p2a: Petal|284\/324 brn|[from] brn
|turn|3
|
|switch|p1a: Latias|Latias, F|301\/301
|move|p2a: Petal|Giga Drain|p1a: Latias
|-resisted|p1a: Latias
|-damage|p1a: Latias|259\/301
|-heal|p2a: Petal|305\/324 brn|[from] drain|[of] p1a: Latias
|
|-heal|p2a: Petal|324\/324 brn|[from] item: Leftovers
|-damage|p2a: Petal|284\/324 brn|[from] brn
|turn|4
|
|switch|p2a: Land Shark|Hippowdon, M|420\/420
|-weather|Sandstorm
|move|p1a: Latias|Draco Meteor|p2a: Land Shark
|-damage|p2a: Land Shark|202\/420
|-unboost|p1a: Latias|spa|2
|-damage|p1a: Latias|229\/301|[from] item: Life Orb
|
|-weather|Sandstorm|[upkeep]
|-damage|p1a: Latias|211\/301|[from] sandstorm
|-heal|p2a: Land Shark|228\/420|[from] item: Leftovers
|turn|5
|
|switch|p1a: Venusaur|Venusaur, F|359\/359
|move|p2a: Land Shark|Stealth Rock|p1a: Venusaur
|-sidestart|p1: Grinding|move: Stealth Rock
|
|-weather|Sandstorm|[upkeep]
|-damage|p1a: Venusaur|337\/359|[from] sandstorm
|-heal|p2a: Land Shark|254\/420|[from] item: Leftovers
|turn|6
|
|switch|p2a: Hybrid|Hydreigon, M|325\/325
|detailschange|p1a: Venusaur|Venusaur-Mega, F
|-mega|p1a: Venusaur|Venusaur|Venusaurite
|move|p1a: Venusaur|Sludge Bomb|p2a: Hybrid
|-damage|p2a: Hybrid|154\/325
|
|-weather|Sandstorm|[upkeep]
|-damage|p2a: Hybrid|134\/325|[from] sandstorm
|-damage|p1a: Venusaur|315\/359|[from] sandstorm
|turn|7
|
|switch|p1a: Klefki|Klefki, M|317\/317
|-damage|p1a: Klefki|298\/317|[from] Stealth Rock
|move|p2a: Hybrid|Dark Pulse|p1a: Klefki
|-resisted|p1a: Klefki
|-damage|p1a: Klefki|182\/317
|
|-weather|Sandstorm|[upkeep]
|-damage|p2a: Hybrid|114\/325|[from] sandstorm
|-heal|p1a: Klefki|201\/317|[from] item: Leftovers
|turn|8
|
|switch|p2a: Land Shark|Hippowdon, M|254\/420
|move|p1a: Klefki|Draining Kiss|p2a: Land Shark
|-damage|p2a: Land Shark|209\/420
|-heal|p1a: Klefki|235\/317|[from] drain|[of] p2a: Land Shark
|
|-weather|none
|-heal|p1a: Klefki|254\/317|[from] item: Leftovers
|-heal|p2a: Land Shark|235\/420|[from] item: Leftovers
|turn|9
|
|switch|p1a: Rotom-Wash|Rotom-Wash|290\/304
|-damage|p1a: Rotom-Wash|252\/304|[from] Stealth Rock
|switch|p2a: Petal|Roserade, M|284\/324
|
|-heal|p2a: Petal|304\/324|[from] item: Leftovers
|-heal|p1a: Rotom-Wash|271\/304|[from] item: Leftovers
|turn|10
|
|switch|p1a: Venusaur|Venusaur-Mega, F|315\/359
|-damage|p1a: Venusaur|271\/359|[from] Stealth Rock
|move|p2a: Petal|Sludge Bomb|p1a: Venusaur
|-crit|p1a: Venusaur
|-damage|p1a: Venusaur|115\/359
|
|-heal|p2a: Petal|324\/324|[from] item: Leftovers
|turn|11
|
|move|p2a: Petal|Sludge Bomb|p1a: Venusaur
|-damage|p1a: Venusaur|13\/359
|move|p1a: Venusaur|Synthesis|p1a: Venusaur
|-heal|p1a: Venusaur|192\/359
|
|turn|12
|
|switch|p2a: Arctos|Arcanine, M|384\/384
|-ability|p2a: Arctos|Intimidate|[of] p1a: Venusaur
|-unboost|p1a: Venusaur|atk|1
|move|p1a: Venusaur|Synthesis|p1a: Venusaur
|-heal|p1a: Venusaur|359\/359
|
|turn|13
|
|switch|p1a: Latias|Latias, F|211\/301
|-damage|p1a: Latias|174\/301|[from] Stealth Rock
|move|p2a: Arctos|Will-O-Wisp|p1a: Latias
|-status|p1a: Latias|brn
|
|-damage|p1a: Latias|137\/301 brn|[from] brn
|turn|14
|
|move|p2a: Arctos|Extreme Speed|p1a: Latias
|-damage|p1a: Latias|59\/301 brn
|move|p1a: Latias|Roost|p1a: Latias
|-heal|p1a: Latias|210\/301 brn
|
|-damage|p1a: Latias|173\/301 brn|[from] brn
|turn|15
|
|switch|p2a: Shellshock|Blastoise, M|362\/362
|move|p1a: Latias|Roost|p1a: Latias
|-heal|p1a: Latias|301\/301 brn
|
|-damage|p1a: Latias|264\/301 brn|[from] brn
|turn|16
|
|switch|p1a: Venusaur|Venusaur-Mega, F|359\/359
|-damage|p1a: Venusaur|315\/359|[from] Stealth Rock
|detailschange|p2a: Shellshock|Blastoise-Mega, M
|-mega|p2a: Shellshock|Blastoise|Blastoisinite
|move|p2a: Shellshock|Dark Pulse|p1a: Venusaur
|-damage|p1a: Venusaur|215\/359
|
|turn|17
|
|switch|p2a: Shuriken|Starmie|324\/324
|move|p1a: Venusaur|Synthesis|p1a: Venusaur
|-heal|p1a: Venusaur|359\/359
|
|turn|18
|
|move|p2a: Shuriken|Psyshock|p1a: Venusaur
|-supereffective|p1a: Venusaur
|-damage|p1a: Venusaur|233\/359
|move|p1a: Venusaur|Hidden Power|p2a: Shuriken
|-resisted|p2a: Shuriken
|-damage|p2a: Shuriken|286\/324
|
|-heal|p2a: Shuriken|306\/324|[from] item: Leftovers
|turn|19
|join|SwaggBoii
|
|move|p2a: Shuriken|Psyshock|p1a: Venusaur
|-supereffective|p1a: Venusaur
|-damage|p1a: Venusaur|95\/359
|move|p1a: Venusaur|Synthesis|p1a: Venusaur
|-heal|p1a: Venusaur|274\/359
|
|-heal|p2a: Shuriken|324\/324|[from] item: Leftovers
|turn|20
|
|switch|p2a: Petal|Roserade, M|324\/324
|move|p1a: Venusaur|Giga Drain|p2a: Petal
|-resisted|p2a: Petal
|-damage|p2a: Petal|305\/324
|-heal|p1a: Venusaur|284\/359|[from] drain|[of] p2a: Petal
|
|-heal|p2a: Petal|324\/324|[from] item: Leftovers
|turn|21
|c| FuqGliscore|ever think about running reflect type?
|
|switch|p2a: Hybrid|Hydreigon, M|114\/325
|move|p1a: Venusaur|Hidden Power|p2a: Hybrid
|-resisted|p2a: Hybrid
|-damage|p2a: Hybrid|80\/325
|
|turn|22
|c|âStorm Jesus|no
|c|âStorm Jesus|;-;
|
|switch|p1a: Klefki|Klefki, M|254\/317
|-damage|p1a: Klefki|235\/317|[from] Stealth Rock
|move|p2a: Hybrid|Dragon Pulse|p1a: Klefki
|-immune|p1a: Klefki|[msg]
|
|-heal|p1a: Klefki|254\/317|[from] item: Leftovers
|turn|23
|leave|SwaggBoii
|
|switch|p2a: Arctos|Arcanine, M|384\/384
|-ability|p2a: Arctos|Intimidate|[of] p1a: Klefki
|-unboost|p1a: Klefki|atk|1
|move|p1a: Klefki|Thunder Wave|p2a: Arctos
|-status|p2a: Arctos|par
|
|-heal|p1a: Klefki|273\/317|[from] item: Leftovers
|turn|24
|
|switch|p1a: Rotom-Wash|Rotom-Wash|271\/304
|-damage|p1a: Rotom-Wash|233\/304|[from] Stealth Rock
|move|p2a: Arctos|Flare Blitz|p1a: Rotom-Wash
|-resisted|p1a: Rotom-Wash
|-damage|p1a: Rotom-Wash|179\/304
|-damage|p2a: Arctos|366\/384 par|[from] recoil|[of] p1a: Rotom-Wash
|
|-heal|p1a: Rotom-Wash|198\/304|[from] item: Leftovers
|-heal|p2a: Arctos|384\/384 par|[from] item: Leftovers
|turn|25
|
|switch|p2a: Petal|Roserade, M|324\/324
|move|p1a: Rotom-Wash|Volt Switch|p2a: Petal
|-resisted|p2a: Petal
|-damage|p2a: Petal|294\/324
|
|switch|p1a: Raikou|Raikou|321\/321
|-damage|p1a: Raikou|281\/321|[from] Stealth Rock
|-ability|p1a: Raikou|Pressure
|
|-heal|p2a: Petal|314\/324|[from] item: Leftovers
|turn|26
|
|move|p1a: Raikou|Extrasensory|p2a: Petal
|-supereffective|p2a: Petal
|-damage|p2a: Petal|116\/324
|move|p2a: Petal|Sludge Bomb|p1a: Raikou
|-damage|p1a: Raikou|145\/321
|-status|p1a: Raikou|psn
|
|-heal|p2a: Petal|136\/324|[from] item: Leftovers
|-damage|p1a: Raikou|105\/321 psn|[from] psn
|turn|27
|
|switch|p1a: Klefki|Klefki, M|273\/317
|-damage|p1a: Klefki|254\/317|[from] Stealth Rock
|switch|p2a: Hybrid|Hydreigon, M|80\/325
|
|-heal|p1a: Klefki|273\/317|[from] item: Leftovers
|turn|28
|
|move|p1a: Klefki|Spikes|p2a: Hybrid
|-sidestart|p2: Storm Jesus|Spikes
|move|p2a: Hybrid|Flamethrower|p1a: Klefki
|-supereffective|p1a: Klefki
|-damage|p1a: Klefki|0 fnt
|faint|p1a: Klefki
|
|
|switch|p1a: Latias|Latias, F|264\/301 brn
|-damage|p1a: Latias|227\/301 brn|[from] Stealth Rock
|turn|29
|
|switch|p2a: Shuriken|Starmie|324\/324
|-damage|p2a: Shuriken|284\/324|[from] Spikes
|move|p1a: Latias|Draco Meteor|p2a: Shuriken
|-crit|p2a: Shuriken
|-damage|p2a: Shuriken|0 fnt
|-unboost|p1a: Latias|spa|2
|-damage|p1a: Latias|197\/301 brn|[from] item: Life Orb
|faint|p2a: Shuriken
|
|-damage|p1a: Latias|160\/301 brn|[from] brn
|
|switch|p2a: Shellshock|Blastoise-Mega, M|362\/362
|-damage|p2a: Shellshock|317\/362|[from] Spikes
|turn|30
|
|move|p1a: Latias|Roost|p1a: Latias
|-heal|p1a: Latias|301\/301 brn
|move|p2a: Shellshock|Rapid Spin|p1a: Latias
|-damage|p1a: Latias|285\/301 brn
|-sideend|p2: Storm Jesus|Spikes|[from] move: Rapid Spin|[of] p2a: Shellshock
|
|-damage|p1a: Latias|248\/301 brn|[from] brn
|turn|31
|
|switch|p1a: Rotom-Wash|Rotom-Wash|198\/304
|-damage|p1a: Rotom-Wash|160\/304|[from] Stealth Rock
|move|p2a: Shellshock|Dark Pulse|p1a: Rotom-Wash
|-damage|p1a: Rotom-Wash|44\/304
|
|-heal|p1a: Rotom-Wash|63\/304|[from] item: Leftovers
|turn|32
|
|switch|p2a: Petal|Roserade, M|136\/324
|move|p1a: Rotom-Wash|Pain Split|p2a: Petal
|-sethp|p2a: Petal|99\/324|p1a: Rotom-Wash|99\/304|[from] move: Pain Split
|
|-heal|p2a: Petal|119\/324|[from] item: Leftovers
|-heal|p1a: Rotom-Wash|118\/304|[from] item: Leftovers
|turn|33
|
|switch|p1a: Latias|Latias, F|248\/301 brn
|-damage|p1a: Latias|211\/301 brn|[from] Stealth Rock
|move|p2a: Petal|Sludge Bomb|p1a: Latias
|-damage|p1a: Latias|106\/301 brn
|
|-heal|p2a: Petal|139\/324|[from] item: Leftovers
|-damage|p1a: Latias|69\/301 brn|[from] brn
|turn|34
|
|switch|p2a: Shellshock|Blastoise-Mega, M|317\/362
|move|p1a: Latias|Draco Meteor|p2a: Shellshock
|-crit|p2a: Shellshock
|-damage|p2a: Shellshock|0 fnt
|-unboost|p1a: Latias|spa|2
|-damage|p1a: Latias|39\/301 brn|[from] item: Life Orb
|faint|p2a: Shellshock
|
|-damage|p1a: Latias|2\/301 brn|[from] brn
|c| FuqGliscore|wepl
|
|switch|p2a: Land Shark|Hippowdon, M|235\/420
|-weather|Sandstorm
|turn|35
|
|move|p1a: Latias|Roost|p1a: Latias
|-heal|p1a: Latias|153\/301 brn
|move|p2a: Land Shark|Slack Off|p2a: Land Shark
|-heal|p2a: Land Shark|420\/420
|
|-weather|Sandstorm|[upkeep]
|-damage|p1a: Latias|135\/301 brn|[from] sandstorm
|-damage|p1a: Latias|98\/301 brn|[from] brn
|turn|36
|
|switch|p2a: Arctos|Arcanine, M|384\/384 par
|-ability|p2a: Arctos|Intimidate|[of] p1a: Latias
|-unboost|p1a: Latias|atk|1
|move|p1a: Latias|Roost|p1a: Latias
|-heal|p1a: Latias|249\/301 brn
|
|-weather|Sandstorm|[upkeep]
|-damage|p1a: Latias|231\/301 brn|[from] sandstorm
|-damage|p2a: Arctos|360\/384 par|[from] sandstorm
|-heal|p2a: Arctos|384\/384 par|[from] item: Leftovers
|-damage|p1a: Latias|194\/301 brn|[from] brn
|turn|37
|
|move|p2a: Arctos|Extreme Speed|p1a: Latias
|-damage|p1a: Latias|114\/301 brn
|move|p1a: Latias|Roost|p1a: Latias
|-heal|p1a: Latias|265\/301 brn
|
|-weather|Sandstorm|[upkeep]
|-damage|p1a: Latias|247\/301 brn|[from] sandstorm
|-damage|p2a: Arctos|360\/384 par|[from] sandstorm
|-heal|p2a: Arctos|384\/384 par|[from] item: Leftovers
|-damage|p1a: Latias|210\/301 brn|[from] brn
|turn|38
|
|switch|p1a: Hippowdon|Hippowdon, F|420\/420
|-damage|p1a: Hippowdon|394\/420|[from] Stealth Rock
|switch|p2a: Land Shark|Hippowdon, M|420\/420
|
|-weather|Sandstorm|[upkeep]
|-heal|p1a: Hippowdon|420\/420|[from] item: Leftovers
|turn|39
|
|move|p2a: Land Shark|Toxic|p1a: Hippowdon
|-status|p1a: Hippowdon|tox
|move|p1a: Hippowdon|Stealth Rock|p2a: Land Shark
|-sidestart|p2: Storm Jesus|move: Stealth Rock
|
|-weather|none
|-damage|p1a: Hippowdon|394\/420 tox|[from] psn
|turn|40
|
|switch|p1a: Venusaur|Venusaur-Mega, F|284\/359
|-damage|p1a: Venusaur|240\/359|[from] Stealth Rock
|move|p2a: Land Shark|Toxic|p1a: Venusaur
|-fail|p1a: Venusaur
|
|turn|41
|
|switch|p2a: Petal|Roserade, M|139\/324
|-damage|p2a: Petal|99\/324|[from] Stealth Rock
|move|p1a: Venusaur|Synthesis|p1a: Venusaur
|-heal|p1a: Venusaur|359\/359
|
|-heal|p2a: Petal|119\/324|[from] item: Leftovers
|turn|42
|
|move|p2a: Petal|Spikes|p1a: Venusaur
|-sidestart|p1: Grinding|Spikes
|move|p1a: Venusaur|Hidden Power|p2a: Petal
|-supereffective|p2a: Petal
|-damage|p2a: Petal|25\/324
|
|-heal|p2a: Petal|45\/324|[from] item: Leftovers
|turn|43
|
|move|p2a: Petal|Sludge Bomb|p1a: Venusaur
|-damage|p1a: Venusaur|244\/359
|move|p1a: Venusaur|Sludge Bomb|p2a: Petal
|-damage|p2a: Petal|0 fnt
|faint|p2a: Petal
|
|
|switch|p2a: Hybrid|Hydreigon, M|80\/325
|-damage|p2a: Hybrid|40\/325|[from] Stealth Rock
|turn|44
|
|switch|p1a: Raikou|Raikou|105\/321 psn
|-damage|p1a: Raikou|65\/321 psn|[from] Stealth Rock
|-damage|p1a: Raikou|25\/321 psn|[from] Spikes
|-ability|p1a: Raikou|Pressure
|move|p2a: Hybrid|Dragon Pulse|p1a: Raikou
|-damage|p1a: Raikou|0 fnt
|faint|p1a: Raikou
|
|
|switch|p1a: Latias|Latias, F|210\/301 brn
|-damage|p1a: Latias|173\/301 brn|[from] Stealth Rock
|turn|45
|
|switch|p2a: Arctos|Arcanine, M|384\/384 par
|-damage|p2a: Arctos|288\/384 par|[from] Stealth Rock
|-ability|p2a: Arctos|Intimidate|[of] p1a: Latias
|-unboost|p1a: Latias|atk|1
|move|p1a: Latias|Draco Meteor|p2a: Arctos
|-damage|p2a: Arctos|0 fnt
|-unboost|p1a: Latias|spa|2
|-damage|p1a: Latias|143\/301 brn|[from] item: Life Orb
|faint|p2a: Arctos
|
|-damage|p1a: Latias|106\/301 brn|[from] brn
|
|switch|p2a: Land Shark|Hippowdon, M|420\/420
|-damage|p2a: Land Shark|394\/420|[from] Stealth Rock
|-weather|Sandstorm
|turn|46
|
|move|p1a: Latias|Healing Wish|p1a: Latias
|faint|p1a: Latias
|move|p2a: Land Shark|Earthquake|p1: Latias|[notarget]
|-notarget
|
|-weather|Sandstorm|[upkeep]
|-heal|p2a: Land Shark|420\/420|[from] item: Leftovers
|
|switch|p1a: Rotom-Wash|Rotom-Wash|118\/304
|-heal|p1a: Rotom-Wash|304\/304|[from] move: Healing Wish
|-damage|p1a: Rotom-Wash|266\/304|[from] Stealth Rock
|turn|47
|
|move|p1a: Rotom-Wash|Will-O-Wisp|p2a: Land Shark
|-status|p2a: Land Shark|brn
|move|p2a: Land Shark|Toxic|p1a: Rotom-Wash
|-status|p1a: Rotom-Wash|tox
|
|-weather|Sandstorm|[upkeep]
|-damage|p1a: Rotom-Wash|247\/304 tox|[from] sandstorm
|-heal|p1a: Rotom-Wash|266\/304 tox|[from] item: Leftovers
|-damage|p1a: Rotom-Wash|247\/304 tox|[from] psn
|-damage|p2a: Land Shark|368\/420 brn|[from] brn
|turn|48
|
|move|p1a: Rotom-Wash|Hydro Pump|p2a: Land Shark
|-supereffective|p2a: Land Shark
|-damage|p2a: Land Shark|138\/420 brn
|move|p2a: Land Shark|Earthquake|p1a: Rotom-Wash
|-immune|p1a: Rotom-Wash|[msg]
|
|-weather|Sandstorm|[upkeep]
|-damage|p1a: Rotom-Wash|228\/304 tox|[from] sandstorm
|-heal|p1a: Rotom-Wash|247\/304 tox|[from] item: Leftovers
|-heal|p2a: Land Shark|164\/420 brn|[from] item: Leftovers
|-damage|p1a: Rotom-Wash|209\/304 tox|[from] psn
|-damage|p2a: Land Shark|112\/420 brn|[from] brn
|turn|49
|
|move|p1a: Rotom-Wash|Hydro Pump|p2a: Land Shark
|-supereffective|p2a: Land Shark
|-damage|p2a: Land Shark|0 fnt
|faint|p2a: Land Shark
|
|-weather|Sandstorm|[upkeep]
|-damage|p1a: Rotom-Wash|190\/304 tox|[from] sandstorm
|-heal|p1a: Rotom-Wash|209\/304 tox|[from] item: Leftovers
|-damage|p1a: Rotom-Wash|152\/304 tox|[from] psn
|
|switch|p2a: Hybrid|Hydreigon, M|40\/325
|-damage|p2a: Hybrid|0 fnt|[from] Stealth Rock
|faint|p2a: Hybrid
|
|win|Grinding
|c|âStorm Jesus|gg
|c|âStorm Jesus|nice team........................................
|c|âStorm Jesus|...........................................................