|join|Reverb
|join|Storm Jesus
|player|p1|Reverb|#reverb
|player|p2|Storm Jesus|151
|gametype|singles
|gen|6
|tier|OU
|rated
|clearpoke
|poke|p1|Lopunny, F
|poke|p1|Celebi
|poke|p1|Tyranitar, M
|poke|p1|Keldeo
|poke|p1|Landorus-Therian, M
|poke|p1|Empoleon, F
|poke|p2|Gengar, M
|poke|p2|Meloetta
|poke|p2|Conkeldurr, M
|poke|p2|Gyarados, M
|poke|p2|Ferrothorn, M
|poke|p2|Landorus, M
|rule|Swagger Clause: Swagger is banned
|rule|Baton Pass Clause: Limit one PokÃ©mon knowing Baton Pass
|rule|Sleep Clause Mod: Limit one foe put to sleep
|rule|Species Clause: Limit one of each PokÃ©mon
|rule|OHKO Clause: OHKO moves are banned
|rule|Moody Clause: Moody is banned
|rule|Evasion Moves Clause: Evasion moves are banned
|rule|Endless Battle Clause: Forcing endless battles is banned
|rule|HP Percentage Mod: HP is shown in percentages
|teampreview
|join|Fake Stall
|join|Alkov
|c|âReverb|oooh cool team. is it new!?!??!
|join|I Iike Squirtles
|c| Alkov|lol
|c|âStorm Jesus|hell no
|c|âStorm Jesus|working on a new 1 tho
|join|chiquita banana
|c|âReverb|that time of the millenium?
|c|âStorm Jesus|2015
|c|âStorm Jesus|lel
|join|FuqGliscore
|
|start
|switch|p1a: Landorus-Therian|Landorus-Therian, M|327\/327
|switch|p2a: Tytannial|Ferrothorn, M|352\/352
|-ability|p1a: Landorus-Therian|Intimidate|[of] p2a: Tytannial
|-unboost|p2a: Tytannial|atk|1
|turn|1
|c|âStorm Jesus|this team will rest for 6 months if i top this ladder
|join|Time Stall
|
|switch|p1a: Empoleon|Empoleon, F|371\/371
|move|p2a: Tytannial|Stealth Rock|p1a: Empoleon
|-sidestart|p1: Reverb|move: Stealth Rock
|
|turn|2
|c| Alkov|you have almost 230 points
|c| Alkov|to go
|
|move|p1a: Empoleon|Stealth Rock|p2a: Tytannial
|-sidestart|p2: Storm Jesus|move: Stealth Rock
|move|p2a: Tytannial|Leech Seed|p1a: Empoleon
|-start|p1a: Empoleon|move: Leech Seed
|
|-damage|p1a: Empoleon|325\/371|[from] Leech Seed|[of] p2a: Tytannial
|turn|3
|c|âStorm Jesus|not alot
|c| Alkov|229 to be exact
|c|âStorm Jesus|got all night
|c|âStorm Jesus|all day tomorrow
|c|âStorm Jesus|and all day sunday
|c| FuqGliscore|lol
|c|âStorm Jesus|and this time i can actually focus and not play with 1 arm
|c|âStorm Jesus|:]
|
|switch|p1a: Keldeo|Keldeo|323\/323
|-damage|p1a: Keldeo|303\/323|[from] Stealth Rock
|switch|p2a: Heihachi|Conkeldurr, M|383\/383
|-damage|p2a: Heihachi|360\/383|[from] Stealth Rock
|
|turn|4
|
|switch|p1a: Landorus-Therian|Landorus-Therian, M|327\/327
|-damage|p1a: Landorus-Therian|287\/327|[from] Stealth Rock
|-ability|p1a: Landorus-Therian|Intimidate|[of] p2a: Heihachi
|-unboost|p2a: Heihachi|atk|1
|move|p2a: Heihachi|Drain Punch|p1a: Landorus-Therian
|-resisted|p1a: Landorus-Therian
|-damage|p1a: Landorus-Therian|236\/327
|-heal|p2a: Heihachi|383\/383|[from] drain|[of] p1a: Landorus-Therian
|
|turn|5
|
|move|p1a: Landorus-Therian|U-turn|p2a: Heihachi
|-resisted|p2a: Heihachi
|-damage|p2a: Heihachi|337\/383
|
|switch|p1a: Celebi|Celebi|404\/404
|-damage|p1a: Celebi|354\/404|[from] Stealth Rock
|move|p2a: Heihachi|Knock Off|p1a: Celebi
|-supereffective|p1a: Celebi
|-damage|p1a: Celebi|204\/404
|-enditem|p1a: Celebi|Leftovers|[from] move: Knock Off|[of] p2a: Heihachi
|
|turn|6
|
|switch|p2a: Phantom|Gengar, M|262\/262
|-damage|p2a: Phantom|230\/262|[from] Stealth Rock
|move|p1a: Celebi|Recover|p1a: Celebi
|-heal|p1a: Celebi|404\/404
|
|turn|7
|
|move|p2a: Phantom|Sludge Wave|p1a: Celebi
|-supereffective|p1a: Celebi
|-damage|p1a: Celebi|92\/404
|-damage|p2a: Phantom|204\/262|[from] item: Life Orb
|move|p1a: Celebi|Psychic|p2a: Phantom
|-supereffective|p2a: Phantom
|-damage|p2a: Phantom|0 fnt
|faint|p2a: Phantom
|
|leave|Time Stall
|
|switch|p2a: Enten|Landorus, M|319\/319
|-damage|p2a: Enten|280\/319|[from] Stealth Rock
|turn|8
|
|move|p2a: Enten|Knock Off|p1a: Celebi
|-supereffective|p1a: Celebi
|-damage|p1a: Celebi|0 fnt
|-damage|p2a: Enten|249\/319|[from] item: Life Orb
|faint|p1a: Celebi
|
|c| Alkov|how is that celebi so bulky, taking a -1 knock off at 37% then sludge wave from LO gar
|c| Alkov|at 77%
|
|switch|p1a: Lopunny|Lopunny, F|271\/271
|-damage|p1a: Lopunny|238\/271|[from] Stealth Rock
|turn|9
|
|detailschange|p1a: Lopunny|Lopunny-Mega, F
|-mega|p1a: Lopunny|Lopunny|Lopunnite
|move|p1a: Lopunny|Ice Punch|p2a: Enten
|-supereffective|p2a: Enten
|-damage|p2a: Enten|0 fnt
|faint|p2a: Enten
|
|
|switch|p2a: Tytannial|Ferrothorn, M|352\/352
|-damage|p2a: Tytannial|330\/352|[from] Stealth Rock
|turn|10
|c| Alkov|to take 37% from conkeldurr means you're almost max def so how did you eat up a sludge wave :[ unless that conk has 0 atk
|c|âReverb|intidimidate hello
|c|âReverb|retard
|c| Alkov|i factored in the
|c| Alkov|intimidate
|c| Alkov|nigga
|c| Alkov|retard
|c| Alkov|i said -1 knock off
|c| Alkov|if you cant read
Alkov was locked from talking by Reverb.
|unlink|hide|alkov
|c|âReverb|if yo ucant talj
Alkov was unlocked by Reverb.
|c| Alkov|-1 252+ Atk Conkeldurr Knock Off (97.5 BP) vs. 252 HP \/ 0 Def Celebi: 164-194 (40.5 - 48%) -- guaranteed 3HKO after Leftovers recovery
|c| Alkov|252 SpA Life Orb Gengar Sludge Wave vs. 252 HP \/ 252+ SpD Celebi: 291-346 (72 - 85.6%) -- guaranteed 2HKO after Leftovers recovery
|c| chiquita banana|he used cheat codes
|c| Alkov|the only possible way is , his gar\/conk has almost 0 investment in atk\/special attack
|
|move|p1a: Lopunny|High Jump Kick|p2a: Tytannial
|-supereffective|p2a: Tytannial
|-damage|p2a: Tytannial|52\/352
|-damage|p1a: Lopunny|205\/271|[from] ability: Iron Barbs|[of] p2a: Tytannial
|-damage|p1a: Lopunny|160\/271|[from] item: Rocky Helmet|[of] p2a: Tytannial
|move|p2a: Tytannial|Gyro Ball|p1a: Lopunny
|-damage|p1a: Lopunny|0 fnt
|faint|p1a: Lopunny
|
|c|âStorm Jesus|i made it in time
|c|âStorm Jesus|:]
|c|âStorm Jesus|!!
|
|switch|p1a: Tyranitar|Tyranitar, M|383\/383
|-damage|p1a: Tyranitar|336\/383|[from] Stealth Rock
|-weather|Sandstorm
|turn|11
|
|move|p1a: Tyranitar|Superpower|p2a: Tytannial
|-supereffective|p2a: Tytannial
|-damage|p2a: Tytannial|0 fnt
|-damage|p1a: Tyranitar|289\/383|[from] ability: Iron Barbs|[of] p2a: Tytannial
|-damage|p1a: Tyranitar|226\/383|[from] item: Rocky Helmet|[of] p2a: Tytannial
|-unboost|p1a: Tyranitar|atk|1
|-unboost|p1a: Tyranitar|def|1
|faint|p2a: Tytannial
|
|-weather|Sandstorm|[upkeep]
|
|switch|p2a: Heihachi|Conkeldurr, M|337\/383
|-damage|p2a: Heihachi|314\/383|[from] Stealth Rock
|turn|12
|
|switch|p1a: Landorus-Therian|Landorus-Therian, M|236\/327
|-damage|p1a: Landorus-Therian|196\/327|[from] Stealth Rock
|-ability|p1a: Landorus-Therian|Intimidate|[of] p2a: Heihachi
|-unboost|p2a: Heihachi|atk|1
|move|p2a: Heihachi|Drain Punch|p1a: Landorus-Therian
|-resisted|p1a: Landorus-Therian
|-damage|p1a: Landorus-Therian|148\/327
|-heal|p2a: Heihachi|338\/383|[from] drain|[of] p1a: Landorus-Therian
|
|-weather|Sandstorm|[upkeep]
|-damage|p2a: Heihachi|315\/383|[from] sandstorm
|turn|13
|
|switch|p2a: Zelda|Meloetta|404\/404
|-damage|p2a: Zelda|354\/404|[from] Stealth Rock
|move|p1a: Landorus-Therian|U-turn|p2a: Zelda
|-supereffective|p2a: Zelda
|-damage|p2a: Zelda|212\/404
|
|switch|p1a: Tyranitar|Tyranitar, M|226\/383
|-damage|p1a: Tyranitar|179\/383|[from] Stealth Rock
|
|-weather|Sandstorm|[upkeep]
|-damage|p2a: Zelda|187\/404|[from] sandstorm
|-heal|p2a: Zelda|212\/404|[from] item: Leftovers
|turn|14
|
|move|p2a: Zelda|Calm Mind|p2a: Zelda
|-boost|p2a: Zelda|spa|1
|-boost|p2a: Zelda|spd|1
|move|p1a: Tyranitar|Superpower|p2a: Zelda
|-damage|p2a: Zelda|3\/404
|-unboost|p1a: Tyranitar|atk|1
|-unboost|p1a: Tyranitar|def|1
|
|-weather|Sandstorm|[upkeep]
|-damage|p2a: Zelda|0 fnt|[from] sandstorm
|faint|p2a: Zelda
|
|switch|p2a: Heihachi|Conkeldurr, M|315\/383
|-damage|p2a: Heihachi|292\/383|[from] Stealth Rock
|turn|15
|
|move|p1a: Tyranitar|Superpower|p2a: Heihachi
|-crit|p2a: Heihachi
|-damage|p2a: Heihachi|0 fnt
|-unboost|p1a: Tyranitar|atk|1
|-unboost|p1a: Tyranitar|def|1
|faint|p2a: Heihachi
|
|-weather|none
|
|switch|p2a: Predator|Gyarados, M|331\/331
|-damage|p2a: Predator|249\/331|[from] Stealth Rock
|-ability|p2a: Predator|Intimidate|[of] p1a: Tyranitar
|-unboost|p1a: Tyranitar|atk|1
|turn|16
|c|âReverb|sry
|c|âStorm Jesus|no sweat
|
|switch|p1a: Landorus-Therian|Landorus-Therian, M|148\/327
|-damage|p1a: Landorus-Therian|108\/327|[from] Stealth Rock
|-ability|p1a: Landorus-Therian|Intimidate|[of] p2a: Predator
|-unboost|p2a: Predator|atk|1
|move|p2a: Predator|Dragon Dance|p2a: Predator
|-boost|p2a: Predator|atk|1
|-boost|p2a: Predator|spe|1
|
|turn|17
|c|âStorm Jesus|just stay in here pls
|c|âReverb|lol
|
|detailschange|p2a: Predator|Gyarados-Mega, M
|-mega|p2a: Predator|Gyarados|Gyaradosite
|-ability|p2a: Predator|Mold Breaker
|move|p1a: Landorus-Therian|Explosion|p2a: Predator
|-damage|p2a: Predator|0 fnt
|faint|p1a: Landorus-Therian
|faint|p2a: Predator
|
|win|Reverb
|raw|Ladder updating...
|c|âStorm Jesus|fu
|c|âStorm Jesus|lol
|raw|Reverb's rating: 1699 &rarr; <strong>1718<\/strong><br \/>(+19 for winning)
|raw|Storm Jesus's rating: 1676 &rarr; <strong>1657<\/strong><br \/>(-19 for losing)
|c|âStorm Jesus|gg
|c|âReverb|gg
|leave|Storm Jesus
|player|p2
|leave|chiquita banana
|leave|I Iike Squirtles
|leave|Reverb
|player|p1