|join|Storm Jesus
|join|StrengthOfHeart
|join|The TurtleLard
|leave|The TurtleLard
|join|Stall Illuminati
|join|Rooo
|join|JxAssassain2
|player|p1|Storm Jesus|151
|player|p2|StrengthOfHeart|238
|gametype|singles
|gen|6
|tier|OU
|clearpoke
|poke|p1|Landorus-Therian, M
|poke|p1|Charizard, M
|poke|p1|Zapdos
|poke|p1|Meloetta
|poke|p1|Breloom, M
|poke|p1|Magnezone
|poke|p2|Charizard, M
|poke|p2|Ferrothorn, F
|poke|p2|Landorus-Therian, M, shiny
|poke|p2|Starmie
|poke|p2|Terrakion
|poke|p2|Thundurus, M, shiny
|rule|Swagger Clause: Swagger is banned
|rule|Baton Pass Clause: Limit one PokÃ©mon knowing Baton Pass
|rule|Sleep Clause Mod: Limit one foe put to sleep
|rule|Species Clause: Limit one of each PokÃ©mon
|rule|OHKO Clause: OHKO moves are banned
|rule|Moody Clause: Moody is banned
|rule|Evasion Moves Clause: Evasion moves are banned
|rule|Endless Battle Clause: Forcing endless battles is banned
|rule|HP Percentage Mod: HP is shown in percentages
|teampreview
|join|SunlightBlade
|join|Tolsof
|join|captain bartolomeo
|
|start
|switch|p1a: Enten|Landorus-Therian, M|382\/382
|switch|p2a: Mufasa|Landorus-Therian, M, shiny|382\/382
|-ability|p2a: Mufasa|Intimidate|[of] p1a: Enten
|-unboost|p1a: Enten|atk|1
|-ability|p1a: Enten|Intimidate|[of] p2a: Mufasa
|-unboost|p2a: Mufasa|atk|1
|turn|1
|join|Denis Alves
|
|move|p2a: Mufasa|Stealth Rock|p1a: Enten
|-sidestart|p1: Storm Jesus|move: Stealth Rock
|move|p1a: Enten|Stealth Rock|p2a: Mufasa
|-sidestart|p2: StrengthOfHeart|move: Stealth Rock
|
|turn|2
|join|FuqGliscore
|
|move|p2a: Mufasa|Knock Off|p1a: Enten
|-damage|p1a: Enten|329\/382
|-enditem|p1a: Enten|Leftovers|[from] move: Knock Off|[of] p2a: Mufasa
|move|p1a: Enten|U-turn|p2a: Mufasa
|-resisted|p2a: Mufasa
|-damage|p2a: Mufasa|362\/382
|join|Cajeegs
|
|switch|p1a: Detective|Breloom, M|324\/324
|-damage|p1a: Detective|304\/324|[from] Stealth Rock
|
|-heal|p2a: Mufasa|382\/382|[from] item: Leftovers
|-status|p1a: Detective|tox|[from] item: Toxic Orb
|turn|3
|
|move|p2a: Mufasa|U-turn|p1a: Detective
|-damage|p1a: Detective|261\/324 tox
|
|switch|p2a: IronVines|Ferrothorn, F|352\/352
|-damage|p2a: IronVines|330\/352|[from] Stealth Rock
|move|p1a: Detective|Substitute|p1a: Detective
|-start|p1a: Detective|Substitute
|-damage|p1a: Detective|180\/324 tox
|
|-heal|p2a: IronVines|352\/352|[from] item: Leftovers
|-heal|p1a: Detective|220\/324 tox|[from] ability: Poison Heal
|turn|4
|join|All together Now
|
|move|p1a: Detective|Drain Punch|p2a: IronVines
|-supereffective|p2a: IronVines
|-damage|p2a: IronVines|176\/352
|-heal|p1a: Detective|308\/324 tox|[from] drain|[of] p2a: IronVines
|-damage|p1a: Detective|268\/324 tox|[from] ability: Iron Barbs|[of] p2a: IronVines
|move|p2a: IronVines|Gyro Ball|p1a: Detective
|-end|p1a: Detective|Substitute
|
|-heal|p2a: IronVines|198\/352|[from] item: Leftovers
|-heal|p1a: Detective|308\/324 tox|[from] ability: Poison Heal
|turn|5
|join|Shussei
|
|move|p1a: Detective|Drain Punch|p2a: IronVines
|-supereffective|p2a: IronVines
|-damage|p2a: IronVines|42\/352
|-heal|p1a: Detective|324\/324 tox|[from] drain|[of] p2a: IronVines
|-damage|p1a: Detective|284\/324 tox|[from] ability: Iron Barbs|[of] p2a: IronVines
|move|p2a: IronVines|Gyro Ball|p1a: Detective
|-damage|p1a: Detective|187\/324 tox
|
|-heal|p2a: IronVines|64\/352|[from] item: Leftovers
|-heal|p1a: Detective|227\/324 tox|[from] ability: Poison Heal
|turn|6
|
|move|p1a: Detective|Substitute|p1a: Detective
|-start|p1a: Detective|Substitute
|-damage|p1a: Detective|146\/324 tox
|move|p2a: IronVines|Gyro Ball|p1a: Detective
|-end|p1a: Detective|Substitute
|
|-heal|p2a: IronVines|86\/352|[from] item: Leftovers
|-heal|p1a: Detective|186\/324 tox|[from] ability: Poison Heal
|turn|7
|
|move|p1a: Detective|Drain Punch|p2a: IronVines
|-supereffective|p2a: IronVines
|-damage|p2a: IronVines|0 fnt
|-heal|p1a: Detective|229\/324 tox|[from] drain|[of] p2a: IronVines
|-damage|p1a: Detective|189\/324 tox|[from] ability: Iron Barbs|[of] p2a: IronVines
|faint|p2a: IronVines
|
|-heal|p1a: Detective|229\/324 tox|[from] ability: Poison Heal
|leave|Cajeegs
|join|rubbertoed
|
|switch|p2a: Misty|Starmie|262\/262
|-damage|p2a: Misty|230\/262|[from] Stealth Rock
|turn|8
|
|move|p2a: Misty|Psyshock|p1a: Detective
|-crit|p1a: Detective
|-supereffective|p1a: Detective
|-damage|p1a: Detective|0 fnt
|-damage|p2a: Misty|204\/262|[from] item: Life Orb
|faint|p1a: Detective
|
|
|switch|p1a: Terminal|Magnezone|344\/344
|-damage|p1a: Terminal|323\/344|[from] Stealth Rock
|turn|9
|
|switch|p2a: Mufasa|Landorus-Therian, M, shiny|382\/382
|-damage|p2a: Mufasa|335\/382|[from] Stealth Rock
|-ability|p2a: Mufasa|Intimidate|[of] p1a: Terminal
|-unboost|p1a: Terminal|atk|1
|move|p1a: Terminal|Flash Cannon|p2a: Mufasa
|-damage|p2a: Mufasa|71\/382
|
|-heal|p2a: Mufasa|94\/382|[from] item: Leftovers
|turn|10
|
|switch|p2a: Misty|Starmie|204\/262
|-damage|p2a: Misty|172\/262|[from] Stealth Rock
|switch|p1a: Raikiri|Zapdos|384\/384
|-damage|p1a: Raikiri|288\/384|[from] Stealth Rock
|-ability|p1a: Raikiri|Pressure
|
|-heal|p1a: Raikiri|312\/384|[from] item: Leftovers
|turn|11
|leave|Rooo
|
|move|p2a: Misty|Ice Beam|p1a: Raikiri
|-supereffective|p1a: Raikiri
|-damage|p1a: Raikiri|125\/384
|-status|p1a: Raikiri|frz
|-damage|p2a: Misty|146\/262|[from] item: Life Orb
|cant|p1a: Raikiri|frz
|
|-heal|p1a: Raikiri|149\/384 frz|[from] item: Leftovers
|turn|12
|c|âStrengthOfHeart|sorry
|
|move|p2a: Misty|Rapid Spin|p1a: Raikiri
|-damage|p1a: Raikiri|133\/384 frz
|-sideend|p2: StrengthOfHeart|Stealth Rock|[from] move: Rapid Spin|[of] p2a: Misty
|-damage|p2a: Misty|120\/262|[from] item: Life Orb
|cant|p1a: Raikiri|frz
|
|-heal|p1a: Raikiri|157\/384 frz|[from] item: Leftovers
|turn|13
|join|UrsaReign
|c|âStorm Jesus|seriously
|c|âStorm Jesus|...
|
|move|p2a: Misty|Ice Beam|p1a: Raikiri
|-supereffective|p1a: Raikiri
|-damage|p1a: Raikiri|0 fnt
|-damage|p2a: Misty|94\/262|[from] item: Life Orb
|faint|p1a: Raikiri
|
|
|switch|p1a: Terminal|Magnezone|323\/344
|-damage|p1a: Terminal|302\/344|[from] Stealth Rock
|turn|14
|
|switch|p2a: Mufasa|Landorus-Therian, M, shiny|94\/382
|-ability|p2a: Mufasa|Intimidate|[of] p1a: Terminal
|-unboost|p1a: Terminal|atk|1
|move|p1a: Terminal|Flash Cannon|p2a: Mufasa
|-damage|p2a: Mufasa|0 fnt
|faint|p2a: Mufasa
|
|
|switch|p2a: Zippo|Charizard, M|333\/333
|turn|15
|
|detailschange|p2a: Zippo|Charizard-Mega-X, M
|-mega|p2a: Zippo|Charizard|Charizardite X
|move|p2a: Zippo|Dragon Dance|p2a: Zippo
|-boost|p2a: Zippo|atk|1
|-boost|p2a: Zippo|spe|1
|move|p1a: Terminal|Flash Cannon|p2a: Zippo
|-resisted|p2a: Zippo
|-damage|p2a: Zippo|188\/333
|
|turn|16
|join|Cloud27
|
|move|p2a: Zippo|Fire Punch|p1a: Terminal
|-supereffective|p1a: Terminal
|-damage|p1a: Terminal|0 fnt
|faint|p1a: Terminal
|
|
|switch|p1a: Enten|Landorus-Therian, M|329\/382
|-damage|p1a: Enten|282\/382|[from] Stealth Rock
|-ability|p1a: Enten|Intimidate|[of] p2a: Zippo
|-unboost|p2a: Zippo|atk|1
|turn|17
|join|etaoi
|
|switch|p2a: Cumulonimbus|Thundurus, M, shiny|299\/299
|move|p1a: Enten|Earthquake|p2a: Cumulonimbus
|-immune|p2a: Cumulonimbus|[msg]
|
|turn|18
|
|switch|p1a: Zelda|Meloetta|404\/404
|-damage|p1a: Zelda|354\/404|[from] Stealth Rock
|move|p2a: Cumulonimbus|Hidden Power|p1a: Zelda
|-damage|p1a: Zelda|306\/404
|-damage|p2a: Cumulonimbus|270\/299|[from] item: Life Orb
|
|turn|19
|
|move|p2a: Cumulonimbus|Knock Off|p1a: Zelda
|-supereffective|p1a: Zelda
|-damage|p1a: Zelda|10\/404
|-enditem|p1a: Zelda|Assault Vest|[from] move: Knock Off|[of] p2a: Cumulonimbus
|-damage|p2a: Cumulonimbus|241\/299|[from] item: Life Orb
|move|p1a: Zelda|Psyshock|p2a: Cumulonimbus
|-damage|p2a: Cumulonimbus|30\/299
|
|turn|20
|
|move|p2a: Cumulonimbus|Hidden Power|p1a: Zelda
|-damage|p1a: Zelda|0 fnt
|-damage|p2a: Cumulonimbus|1\/299|[from] item: Life Orb
|faint|p1a: Zelda
|
|
|switch|p1a: Enten|Landorus-Therian, M|282\/382
|-damage|p1a: Enten|235\/382|[from] Stealth Rock
|-ability|p1a: Enten|Intimidate|[of] p2a: Cumulonimbus
|-unboost|p2a: Cumulonimbus|atk|1
|-boost|p2a: Cumulonimbus|atk|2|[from] ability: Defiant
|turn|21
|c| UrsaReign|lolol
|c|âStorm Jesus|froze my zapdos ;-;
|
|switch|p1a: Sage|Charizard, M|360\/360
|-damage|p1a: Sage|180\/360|[from] Stealth Rock
|move|p2a: Cumulonimbus|Hidden Power|p1a: Sage
|-damage|p1a: Sage|89\/360
|-damage|p2a: Cumulonimbus|0 fnt|[from] item: Life Orb
|faint|p2a: Cumulonimbus
|
|
|switch|p2a: Misty|Starmie|94\/262
|turn|22
|c|âStorm Jesus|when his starmie was so ded
|leave|Denis Alves
|
|detailschange|p1a: Sage|Charizard-Mega-Y, M
|-mega|p1a: Sage|Charizard|Charizardite Y
|-weather|SunnyDay
|move|p2a: Misty|Ice Beam|p1a: Sage
|-crit|p1a: Sage
|-damage|p1a: Sage|0 fnt
|-damage|p2a: Misty|68\/262|[from] item: Life Orb
|faint|p1a: Sage
|
|-weather|SunnyDay|[upkeep]
|c| UrsaReign|im not the only one with mix defiant thundurus
|c|âStorm Jesus|...
|join|Wilkhun
|c|âStorm Jesus|spdefensive zardy
|
|switch|p1a: Enten|Landorus-Therian, M|235\/382
|-damage|p1a: Enten|188\/382|[from] Stealth Rock
|-ability|p1a: Enten|Intimidate|[of] p2a: Misty
|-unboost|p2a: Misty|atk|1
|turn|23
|
|move|p2a: Misty|Ice Beam|p1a: Enten
|-supereffective|p1a: Enten
|-damage|p1a: Enten|0 fnt
|-damage|p2a: Misty|42\/262|[from] item: Life Orb
|faint|p1a: Enten
|
|win|StrengthOfHeart
|leave|Storm Jesus
|player|p1
|leave|Shussei
|leave|Wilkhun
|leave|FuqGliscore
|leave|Cloud27
|leave|StrengthOfHeart
|leave|Tolsof
|leave|JxAssassain2
|player|p2
|leave|SunlightBlade
|leave|etaoi
|leave|Stall Illuminati