|join|Ladder Test 69
|join|Storm Jesus
|player|p1|Ladder Test 69|292
|player|p2|Storm Jesus|151
|gametype|singles
|gen|6
|tier|OU (suspect test)
|rated
|clearpoke
|poke|p1|Sceptile, M, shiny
|poke|p1|Kyurem-Black, shiny
|poke|p1|Jirachi
|poke|p1|Azumarill, M
|poke|p1|Latios, M
|poke|p1|Heatran, F
|poke|p2|Gengar, M
|poke|p2|Meloetta
|poke|p2|Zapdos
|poke|p2|Conkeldurr, M
|poke|p2|Gyarados, M
|poke|p2|Ferrothorn, M
|rule|Swagger Clause: Swagger is banned
|rule|Baton Pass Clause: Limit one PokÃ©mon knowing Baton Pass
|rule|Sleep Clause Mod: Limit one foe put to sleep
|rule|Species Clause: Limit one of each PokÃ©mon
|rule|OHKO Clause: OHKO moves are banned
|rule|Moody Clause: Moody is banned
|rule|Evasion Moves Clause: Evasion moves are banned
|rule|Endless Battle Clause: Forcing endless battles is banned
|rule|HP Percentage Mod: HP is shown in percentages
|teampreview
|
|start
|switch|p1a: Heatran|Heatran, F|323\/323
|switch|p2a: Heihachi|Conkeldurr, M|383\/383
|-item|p1a: Heatran|Air Balloon
|turn|1
|
|switch|p1a: Azumarill|Azumarill, M|364\/364
|move|p2a: Heihachi|Drain Punch|p1a: Azumarill
|-resisted|p1a: Azumarill
|-damage|p1a: Azumarill|290\/364
|
|turn|2
|
|switch|p2a: Tytannial|Ferrothorn, M|352\/352
|move|p1a: Azumarill|Belly Drum|p1a: Azumarill
|-damage|p1a: Azumarill|108\/364
|-setboost|p1a: Azumarill|atk|6|[from] move: Belly Drum
|-enditem|p1a: Azumarill|Sitrus Berry|[eat]
|-heal|p1a: Azumarill|199\/364|[from] item: Sitrus Berry
|
|turn|3
|
|move|p1a: Azumarill|Knock Off|p2a: Tytannial
|-damage|p2a: Tytannial|74\/352
|-damage|p1a: Azumarill|154\/364|[from] ability: Iron Barbs|[of] p2a: Tytannial
|-damage|p1a: Azumarill|94\/364|[from] item: Rocky Helmet|[of] p2a: Tytannial
|-enditem|p2a: Tytannial|Rocky Helmet|[from] move: Knock Off|[of] p1a: Azumarill
|move|p2a: Tytannial|Stealth Rock|p1a: Azumarill
|-sidestart|p1: Ladder Test 69|move: Stealth Rock
|
|turn|4
|
|move|p1a: Azumarill|Knock Off|p2a: Tytannial
|-damage|p2a: Tytannial|0 fnt
|-damage|p1a: Azumarill|49\/364|[from] ability: Iron Barbs|[of] p2a: Tytannial
|faint|p2a: Tytannial
|
|
|switch|p2a: Zelda|Meloetta|404\/404
|turn|5
|
|move|p1a: Azumarill|Aqua Jet|p2a: Zelda
|-damage|p2a: Zelda|143\/404
|move|p2a: Zelda|Psyshock|p1a: Azumarill
|-damage|p1a: Azumarill|0 fnt
|faint|p1a: Azumarill
|
|-heal|p2a: Zelda|168\/404|[from] item: Leftovers
|
|switch|p1a: Jirachi|Jirachi|341\/341
|-damage|p1a: Jirachi|320\/341|[from] Stealth Rock
|turn|6
|
|switch|p2a: Raikiri|Zapdos|384\/384
|-ability|p2a: Raikiri|Pressure
|move|p1a: Jirachi|U-turn|p2a: Raikiri
|-resisted|p2a: Raikiri
|-damage|p2a: Raikiri|348\/384
|
|switch|p1a: Kyurem-Black|Kyurem-Black, shiny|391\/391
|-damage|p1a: Kyurem-Black|294\/391|[from] Stealth Rock
|-ability|p1a: Kyurem-Black|Teravolt
|
|-heal|p2a: Raikiri|372\/384|[from] item: Leftovers
|turn|7
|
|switch|p2a: Heihachi|Conkeldurr, M|383\/383
|move|p1a: Kyurem-Black|Ice Beam|p2a: Heihachi
|-damage|p2a: Heihachi|308\/383
|
|turn|8
|
|switch|p1a: Jirachi|Jirachi|320\/341
|-damage|p1a: Jirachi|299\/341|[from] Stealth Rock
|move|p2a: Heihachi|Drain Punch|p1a: Jirachi
|-damage|p1a: Jirachi|163\/341
|-heal|p2a: Heihachi|376\/383|[from] drain|[of] p1a: Jirachi
|
|turn|9
|c|âStorm Jesus|I hit the damn button
|
|move|p1a: Jirachi|Iron Head|p2a: Heihachi
|-damage|p2a: Heihachi|255\/383
|move|p2a: Heihachi|Drain Punch|p1a: Jirachi
|-damage|p1a: Jirachi|24\/341
|-heal|p2a: Heihachi|325\/383|[from] drain|[of] p1a: Jirachi
|
|turn|10
|
|move|p2a: Heihachi|Mach Punch|p1a: Jirachi
|-damage|p1a: Jirachi|0 fnt
|faint|p1a: Jirachi
|
|
|switch|p1a: Latios|Latios, M|301\/301
|-damage|p1a: Latios|264\/301|[from] Stealth Rock
|turn|11
|
|switch|p2a: Zelda|Meloetta|168\/404
|move|p1a: Latios|Psyshock|p2a: Zelda
|-resisted|p2a: Zelda
|-damage|p2a: Zelda|91\/404
|-damage|p1a: Latios|234\/301|[from] item: Life Orb
|
|-heal|p2a: Zelda|116\/404|[from] item: Leftovers
|turn|12
|
|move|p1a: Latios|Draco Meteor|p2a: Zelda|[miss]
|-miss|p1a: Latios|p2a: Zelda
|move|p2a: Zelda|Psyshock|p1a: Latios
|-resisted|p1a: Latios
|-damage|p1a: Latios|159\/301
|
|-heal|p2a: Zelda|141\/404|[from] item: Leftovers
|turn|13
|
|move|p1a: Latios|Draco Meteor|p2a: Zelda
|-damage|p2a: Zelda|0 fnt
|-unboost|p1a: Latios|spa|2
|-damage|p1a: Latios|129\/301|[from] item: Life Orb
|faint|p2a: Zelda
|
|
|switch|p2a: Predator|Gyarados, M|331\/331
|-ability|p2a: Predator|Intimidate|[of] p1a: Latios
|-unboost|p1a: Latios|atk|1
|turn|14
|
|switch|p1a: Sceptile|Sceptile, M, shiny|281\/281
|-damage|p1a: Sceptile|246\/281|[from] Stealth Rock
|detailschange|p2a: Predator|Gyarados-Mega, M
|-mega|p2a: Predator|Gyarados|Gyaradosite
|-ability|p2a: Predator|Mold Breaker
|move|p2a: Predator|Dragon Dance|p2a: Predator
|-boost|p2a: Predator|atk|1
|-boost|p2a: Predator|spe|1
|
|turn|15
|
|detailschange|p1a: Sceptile|Sceptile-Mega, M, shiny
|-mega|p1a: Sceptile|Sceptile|Sceptilite
|move|p2a: Predator|Crunch|p1a: Sceptile
|-damage|p1a: Sceptile|0 fnt
|faint|p1a: Sceptile
|
|
|switch|p1a: Kyurem-Black|Kyurem-Black, shiny|294\/391
|-damage|p1a: Kyurem-Black|197\/391|[from] Stealth Rock
|-ability|p1a: Kyurem-Black|Teravolt
|turn|16
|c|âStorm Jesus|I hit a move
|c|âStorm Jesus|..
|
|move|p1a: Kyurem-Black|Fusion Bolt|p2a: Predator
|-supereffective|p2a: Predator
|-damage|p2a: Predator|43\/331
|move|p2a: Predator|Crunch|p1a: Kyurem-Black
|-damage|p1a: Kyurem-Black|0 fnt
|faint|p1a: Kyurem-Black
|
|c|âLadder Test 69|gg
|-message|Ladder Test 69 forfeited.
|leave|Ladder Test 69
|
|win|Storm Jesus
|raw|Ladder updating...
|player|p1