|join|marthsmogon
|join|Storm Jesus
|player|p1|marthsmogon|169
|player|p2|Storm Jesus|151
|gametype|singles
|gen|6
|tier|OU (suspect test)
|rated
|clearpoke
|poke|p1|Slowbro, F
|poke|p1|Tyranitar, F
|poke|p1|Clefable, M
|poke|p1|Landorus-Therian, M
|poke|p1|Jirachi
|poke|p1|Keldeo
|poke|p2|Manaphy
|poke|p2|Conkeldurr, M
|poke|p2|Zapdos
|poke|p2|Celebi
|poke|p2|Scizor, M
|poke|p2|Entei, shiny
|rule|Swagger Clause: Swagger is banned
|rule|Baton Pass Clause: Limit one PokÃ©mon knowing Baton Pass
|rule|Sleep Clause Mod: Limit one foe put to sleep
|rule|Species Clause: Limit one of each PokÃ©mon
|rule|OHKO Clause: OHKO moves are banned
|rule|Moody Clause: Moody is banned
|rule|Evasion Moves Clause: Evasion moves are banned
|rule|Endless Battle Clause: Forcing endless battles is banned
|rule|HP Percentage Mod: HP is shown in percentages
|teampreview
|join|rhtrjwr
|join|test4999
|join|Sinclair
|
|start
|switch|p1a: Jirachi|Jirachi|403\/403
|switch|p2a: Poseidon|Manaphy|404\/404
|turn|1
|c|âStorm Jesus|marth ur friend... kinda told me about you
|
|move|p1a: Jirachi|Stealth Rock|p2a: Poseidon
|-sidestart|p2: Storm Jesus|move: Stealth Rock
|move|p2a: Poseidon|Rain Dance|p2a: Poseidon
|-weather|RainDance
|
|-weather|RainDance|[upkeep]
|turn|2
|c|âmarthsmogon|which friend ^^?
|c|âStorm Jesus|pulopulpo
|c|âStorm Jesus|lol
|
|move|p1a: Jirachi|U-turn|p2a: Poseidon
|-damage|p2a: Poseidon|366\/404
|join|Key
|
|switch|p1a: Clefable|Clefable, M|394\/394
|move|p2a: Poseidon|Calm Mind|p2a: Poseidon
|-boost|p2a: Poseidon|spa|1
|-boost|p2a: Poseidon|spd|1
|
|-weather|RainDance|[upkeep]
|-heal|p2a: Poseidon|391\/404|[from] item: Leftovers
|turn|3
|
|move|p2a: Poseidon|Scald|p1a: Clefable
|-damage|p1a: Clefable|232\/394
|-status|p1a: Clefable|brn
|move|p1a: Clefable|Wish|p1a: Clefable
|
|-weather|RainDance|[upkeep]
|-heal|p2a: Poseidon|404\/404|[from] item: Leftovers
|-heal|p1a: Clefable|256\/394 brn|[from] item: Leftovers
|-damage|p1a: Clefable|207\/394 brn|[from] brn
|turn|4
|
|move|p2a: Poseidon|Scald|p1a: Clefable
|-damage|p1a: Clefable|62\/394 brn
|move|p1a: Clefable|Heal Bell|p1a: Clefable
|-cureteam|p1a: Clefable|[from] move: HealBell
|
|-weather|RainDance|[upkeep]
|-heal|p1a: Clefable|259\/394|[from] move: Wish|[wisher] Clefable
|-heal|p1a: Clefable|283\/394|[from] item: Leftovers
|turn|5
|
|move|p2a: Poseidon|Scald|p1a: Clefable
|-damage|p1a: Clefable|141\/394
|move|p1a: Clefable|Wish|p1a: Clefable
|
|-weather|none
|-heal|p1a: Clefable|165\/394|[from] item: Leftovers
|turn|6
|
|switch|p2a: Kratos|Scizor, M|344\/344
|-damage|p2a: Kratos|301\/344|[from] Stealth Rock
|move|p1a: Clefable|Moonblast|p2a: Kratos
|-resisted|p2a: Kratos
|-damage|p2a: Kratos|242\/344
|
|-heal|p1a: Clefable|362\/394|[from] move: Wish|[wisher] Clefable
|-heal|p1a: Clefable|386\/394|[from] item: Leftovers
|turn|7
|
|switch|p1a: Jirachi|Jirachi|403\/403
|detailschange|p2a: Kratos|Scizor-Mega, M
|-mega|p2a: Kratos|Scizor|Scizorite
|move|p2a: Kratos|Defog|p1a: Jirachi
|-unboost|p1a: Jirachi|evasion|1
|-sideend|p2: Storm Jesus|Stealth Rock|[from] move: Defog|[of] p2a: Kratos
|
|turn|8
|
|move|p1a: Jirachi|Stealth Rock|p2a: Kratos
|-sidestart|p2: Storm Jesus|move: Stealth Rock
|move|p2a: Kratos|Roost|p2a: Kratos
|-heal|p2a: Kratos|344\/344
|
|turn|9
|
|move|p1a: Jirachi|Fire Punch|p2a: Kratos
|-supereffective|p2a: Kratos
|-damage|p2a: Kratos|200\/344
|move|p2a: Kratos|U-turn|p1a: Jirachi
|-crit|p1a: Jirachi
|-damage|p1a: Jirachi|234\/403
|
|switch|p2a: Ilex|Celebi|404\/404
|-damage|p2a: Ilex|354\/404|[from] Stealth Rock
|
|-heal|p1a: Jirachi|259\/403|[from] item: Leftovers
|-heal|p2a: Ilex|379\/404|[from] item: Leftovers
|turn|10
|join|Animus Majulous
|
|move|p1a: Jirachi|U-turn|p2a: Ilex
|-supereffective|p2a: Ilex
|-damage|p2a: Ilex|167\/404
|
|switch|p1a: Tyranitar|Tyranitar, F|341\/341
|-weather|Sandstorm
|move|p2a: Ilex|Stealth Rock|p1a: Tyranitar
|-sidestart|p1: marthsmogon|move: Stealth Rock
|
|-weather|Sandstorm|[upkeep]
|-damage|p2a: Ilex|142\/404|[from] sandstorm
|-heal|p2a: Ilex|167\/404|[from] item: Leftovers
|turn|11
|
|move|p1a: Tyranitar|Crunch|p2a: Ilex
|-supereffective|p2a: Ilex
|-damage|p2a: Ilex|0 fnt
|faint|p2a: Ilex
|
|-weather|Sandstorm|[upkeep]
|
|switch|p2a: Heihachi|Conkeldurr, M|383\/383
|-damage|p2a: Heihachi|360\/383|[from] Stealth Rock
|turn|12
|
|switch|p1a: Clefable|Clefable, M|386\/394
|-damage|p1a: Clefable|337\/394|[from] Stealth Rock
|move|p2a: Heihachi|Knock Off|p1a: Clefable
|-resisted|p1a: Clefable
|-damage|p1a: Clefable|291\/394
|-enditem|p1a: Clefable|Leftovers|[from] move: Knock Off|[of] p2a: Heihachi
|
|-weather|Sandstorm|[upkeep]
|-damage|p1a: Clefable|267\/394|[from] sandstorm
|-damage|p2a: Heihachi|337\/383|[from] sandstorm
|turn|13
|
|switch|p1a: Jirachi|Jirachi|259\/403
|-damage|p1a: Jirachi|234\/403|[from] Stealth Rock
|switch|p2a: Mufasa|Entei, shiny|434\/434
|-damage|p2a: Mufasa|326\/434|[from] Stealth Rock
|-ability|p2a: Mufasa|Pressure
|
|-weather|Sandstorm|[upkeep]
|-damage|p2a: Mufasa|299\/434|[from] sandstorm
|-heal|p1a: Jirachi|259\/403|[from] item: Leftovers
|turn|14
|
|switch|p1a: Slowbro|Slowbro, F|394\/394
|-damage|p1a: Slowbro|345\/394|[from] Stealth Rock
|move|p2a: Mufasa|Sacred Fire|p1a: Slowbro
|-resisted|p1a: Slowbro
|-damage|p1a: Slowbro|271\/394
|-status|p1a: Slowbro|brn
|
|-weather|none
|-damage|p1a: Slowbro|222\/394 brn|[from] brn
|turn|15
|
|detailschange|p1a: Slowbro|Slowbro-Mega, F
|-mega|p1a: Slowbro|Slowbro|Slowbronite
|move|p2a: Mufasa|Stone Edge|p1a: Slowbro
|-damage|p1a: Slowbro|153\/394 brn
|move|p1a: Slowbro|Slack Off|p1a: Slowbro
|-heal|p1a: Slowbro|350\/394 brn
|
|-damage|p1a: Slowbro|301\/394 brn|[from] brn
|turn|16
|
|switch|p2a: Raikiri|Zapdos|384\/384
|-damage|p2a: Raikiri|288\/384|[from] Stealth Rock
|-ability|p2a: Raikiri|Pressure
|move|p1a: Slowbro|Scald|p2a: Raikiri
|-damage|p2a: Raikiri|170\/384
|-status|p2a: Raikiri|brn
|
|-heal|p2a: Raikiri|194\/384 brn|[from] item: Leftovers
|-damage|p2a: Raikiri|146\/384 brn|[from] brn
|-damage|p1a: Slowbro|252\/394 brn|[from] brn
|turn|17
|
|switch|p1a: Landorus-Therian|Landorus-Therian, M|319\/319
|-damage|p1a: Landorus-Therian|280\/319|[from] Stealth Rock
|-ability|p1a: Landorus-Therian|Intimidate|[of] p2a: Raikiri
|-unboost|p2a: Raikiri|atk|1
|move|p2a: Raikiri|Hidden Power|p1a: Landorus-Therian
|-supereffective|p1a: Landorus-Therian
|-damage|p1a: Landorus-Therian|16\/319
|
|-heal|p2a: Raikiri|170\/384 brn|[from] item: Leftovers
|-damage|p2a: Raikiri|122\/384 brn|[from] brn
|turn|18
|
|move|p1a: Landorus-Therian|Knock Off|p2a: Raikiri
|-damage|p2a: Raikiri|24\/384 brn
|-enditem|p2a: Raikiri|Leftovers|[from] move: Knock Off|[of] p1a: Landorus-Therian
|move|p2a: Raikiri|Heat Wave|p1a: Landorus-Therian
|-damage|p1a: Landorus-Therian|0 fnt
|faint|p1a: Landorus-Therian
|
|-damage|p2a: Raikiri|0 fnt|[from] brn
|faint|p2a: Raikiri
|
|switch|p1a: Jirachi|Jirachi|259\/403
|switch|p2a: Heihachi|Conkeldurr, M|337\/383
|-damage|p1a: Jirachi|234\/403|[from] Stealth Rock
|-damage|p2a: Heihachi|314\/383|[from] Stealth Rock
|turn|19
|
|move|p1a: Jirachi|Iron Head|p2a: Heihachi
|-damage|p2a: Heihachi|206\/383
|cant|p2a: Heihachi|flinch
|
|-heal|p1a: Jirachi|259\/403|[from] item: Leftovers
|turn|20
|
|move|p1a: Jirachi|Iron Head|p2a: Heihachi
|-damage|p2a: Heihachi|101\/383
|cant|p2a: Heihachi|flinch
|
|-heal|p1a: Jirachi|284\/403|[from] item: Leftovers
|turn|21
|
|move|p1a: Jirachi|Iron Head|p2a: Heihachi
|-damage|p2a: Heihachi|4\/383
|cant|p2a: Heihachi|flinch
|
|-heal|p1a: Jirachi|309\/403|[from] item: Leftovers
|turn|22
|join|gorex
|
|move|p2a: Heihachi|Mach Punch|p1a: Jirachi
|-damage|p1a: Jirachi|239\/403
|move|p1a: Jirachi|U-turn|p2a: Heihachi
|-resisted|p2a: Heihachi
|-damage|p2a: Heihachi|0 fnt
|faint|p2a: Heihachi
|
|switch|p1a: Keldeo|Keldeo|323\/323
|-damage|p1a: Keldeo|303\/323|[from] Stealth Rock
|
|-heal|p1a: Keldeo|323\/323|[from] item: Leftovers
|
|switch|p2a: Mufasa|Entei, shiny|299\/434
|-damage|p2a: Mufasa|191\/434|[from] Stealth Rock
|-ability|p2a: Mufasa|Pressure
|turn|23
|
|move|p2a: Mufasa|Extreme Speed|p1a: Keldeo
|-damage|p1a: Keldeo|227\/323
|move|p1a: Keldeo|Scald|p2a: Mufasa
|-supereffective|p2a: Mufasa
|-damage|p2a: Mufasa|0 fnt
|faint|p2a: Mufasa
|
|-heal|p1a: Keldeo|247\/323|[from] item: Leftovers
|
|switch|p2a: Poseidon|Manaphy|404\/404
|-damage|p2a: Poseidon|354\/404|[from] Stealth Rock
|turn|24
|
|move|p1a: Keldeo|Substitute|p1a: Keldeo
|-start|p1a: Keldeo|Substitute
|-damage|p1a: Keldeo|167\/323
|move|p2a: Poseidon|Rain Dance|p2a: Poseidon
|-weather|RainDance
|
|-weather|RainDance|[upkeep]
|-heal|p1a: Keldeo|187\/323|[from] item: Leftovers
|-heal|p2a: Poseidon|379\/404|[from] item: Leftovers
|turn|25
|join|Murkrow Jupiter
|
|move|p1a: Keldeo|Calm Mind|p1a: Keldeo
|-boost|p1a: Keldeo|spa|1
|-boost|p1a: Keldeo|spd|1
|move|p2a: Poseidon|Calm Mind|p2a: Poseidon
|-boost|p2a: Poseidon|spa|1
|-boost|p2a: Poseidon|spd|1
|
|-weather|RainDance|[upkeep]
|-heal|p1a: Keldeo|207\/323|[from] item: Leftovers
|-heal|p2a: Poseidon|404\/404|[from] item: Leftovers
|turn|26
|join|GGamer745
|c| Murkrow Jupiter|that's what i was going to do
|c| Murkrow Jupiter|to ur face
|c| Murkrow Jupiter|lol
|
|move|p1a: Keldeo|Calm Mind|p1a: Keldeo
|-boost|p1a: Keldeo|spa|1
|-boost|p1a: Keldeo|spd|1
|move|p2a: Poseidon|Calm Mind|p2a: Poseidon
|-boost|p2a: Poseidon|spa|1
|-boost|p2a: Poseidon|spd|1
|
|-weather|RainDance|[upkeep]
|-heal|p1a: Keldeo|227\/323|[from] item: Leftovers
|turn|27
|c|âmarthsmogon|k
|c| Murkrow Jupiter|but no
|c| Murkrow Jupiter|para
|c| Murkrow Jupiter|booo
|-message|Storm Jesus forfeited.
|c|âStorm Jesus|lol
|c| Sinclair|huh
|c|âStorm Jesus|Ikr..
|
|win|marthsmogon
|raw|Ladder updating...
|raw|marthsmogon's rating: 1697 &rarr; <strong>1706<\/strong><br \/>(+9 for winning)
|raw|Storm Jesus's rating: 1473 &rarr; <strong>1464<\/strong><br \/>(-9 for losing)