|join|MajinYoshi
|join|Storm Jesus
|player|p1|MajinYoshi|33
|player|p2|Storm Jesus|151
|gametype|singles
|gen|6
|tier|OU (suspect test)
|rated
|clearpoke
|poke|p1|Gyarados, M
|poke|p1|Landorus-Therian, M
|poke|p1|Latios, M
|poke|p1|Sylveon, F
|poke|p1|Roserade, F
|poke|p1|Zapdos, shiny
|poke|p2|Gengar, M
|poke|p2|Meloetta
|poke|p2|Conkeldurr, M
|poke|p2|Gyarados, M
|poke|p2|Ferrothorn, M
|poke|p2|Landorus, M
|rule|Swagger Clause: Swagger is banned
|rule|Baton Pass Clause: Limit one PokÃ©mon knowing Baton Pass
|rule|Sleep Clause Mod: Limit one foe put to sleep
|rule|Species Clause: Limit one of each PokÃ©mon
|rule|OHKO Clause: OHKO moves are banned
|rule|Moody Clause: Moody is banned
|rule|Evasion Moves Clause: Evasion moves are banned
|rule|Endless Battle Clause: Forcing endless battles is banned
|rule|HP Percentage Mod: HP is shown in percentages
|teampreview
|
|start
|switch|p1a: Rosaline|Roserade, F|261\/261
|switch|p2a: Enten|Landorus, M|319\/319
|turn|1
|
|switch|p1a: Demetri|Landorus-Therian, M|382\/382
|-ability|p1a: Demetri|Intimidate|[of] p2a: Enten
|-unboost|p2a: Enten|atk|1
|move|p2a: Enten|Psychic|p1a: Demetri
|-damage|p1a: Demetri|186\/382
|
|turn|2
|
|switch|p2a: Tytannial|Ferrothorn, M|352\/352
|switch|p1a: Vegeta|Latios, M|301\/301
|
|turn|3
|
|move|p1a: Vegeta|Hidden Power|p2a: Tytannial
|-supereffective|p2a: Tytannial
|-damage|p2a: Tytannial|0 fnt
|-damage|p1a: Vegeta|271\/301|[from] item: Life Orb
|faint|p2a: Tytannial
|
|
|switch|p2a: Phantom|Gengar, M|262\/262
|turn|4
|
|switch|p1a: Krieg|Zapdos, shiny|384\/384
|-ability|p1a: Krieg|Pressure
|move|p2a: Phantom|Shadow Ball|p1a: Krieg
|-damage|p1a: Krieg|188\/384
|-damage|p2a: Phantom|236\/262|[from] item: Life Orb
|
|-heal|p1a: Krieg|212\/384|[from] item: Leftovers
|turn|5
|
|move|p2a: Phantom|Sludge Wave|p1a: Krieg
|-damage|p1a: Krieg|0 fnt
|-damage|p2a: Phantom|210\/262|[from] item: Life Orb
|faint|p1a: Krieg
|
|
|switch|p1a: Gary|Gyarados, M|361\/361
|-ability|p1a: Gary|Intimidate|[of] p2a: Phantom
|-unboost|p2a: Phantom|atk|1
|turn|6
|
|detailschange|p1a: Gary|Gyarados-Mega, M
|-mega|p1a: Gary|Gyarados|Gyaradosite
|-ability|p1a: Gary|Mold Breaker
|move|p2a: Phantom|Sludge Wave|p1a: Gary
|-damage|p1a: Gary|192\/361
|-damage|p2a: Phantom|184\/262|[from] item: Life Orb
|move|p1a: Gary|Crunch|p2a: Phantom
|-supereffective|p2a: Phantom
|-damage|p2a: Phantom|0 fnt
|faint|p2a: Phantom
|
|
|switch|p2a: Predator|Gyarados, M|331\/331
|-ability|p2a: Predator|Intimidate|[of] p1a: Gary
|-unboost|p1a: Gary|atk|1
|turn|7
|
|switch|p1a: Demetri|Landorus-Therian, M|186\/382
|-ability|p1a: Demetri|Intimidate|[of] p2a: Predator
|-unboost|p2a: Predator|atk|1
|detailschange|p2a: Predator|Gyarados-Mega, M
|-mega|p2a: Predator|Gyarados|Gyaradosite
|-ability|p2a: Predator|Mold Breaker
|move|p2a: Predator|Dragon Dance|p2a: Predator
|-boost|p2a: Predator|atk|1
|-boost|p2a: Predator|spe|1
|
|turn|8
|
|move|p2a: Predator|Waterfall|p1a: Demetri
|-supereffective|p1a: Demetri
|-damage|p1a: Demetri|0 fnt
|-damage|p2a: Predator|276\/331|[from] item: Rocky Helmet|[of] p1a: Demetri
|faint|p1a: Demetri
|
|join|Andrewmon
|
|switch|p1a: Vegeta|Latios, M|271\/301
|turn|9
|
|move|p2a: Predator|Crunch|p1a: Vegeta
|-supereffective|p1a: Vegeta
|-damage|p1a: Vegeta|0 fnt
|faint|p1a: Vegeta
|
|c|âStorm Jesus|hurry pls
|
|switch|p1a: Gary|Gyarados-Mega, M|192\/361
|-ability|p1a: Gary|Mold Breaker
|turn|10
|
|move|p2a: Predator|Dragon Dance|p2a: Predator
|-boost|p2a: Predator|atk|1
|-boost|p2a: Predator|spe|1
|move|p1a: Gary|Waterfall|p2a: Predator
|-resisted|p2a: Predator
|-damage|p2a: Predator|193\/331
|
|turn|11
|c|âMajinYoshi|I can't go faster than th lag's letting me
|
|move|p2a: Predator|Dragon Dance|p2a: Predator
|-boost|p2a: Predator|atk|1
|-boost|p2a: Predator|spe|1
|move|p1a: Gary|Crunch|p2a: Predator
|-resisted|p2a: Predator
|-damage|p2a: Predator|105\/331
|
|turn|12
|
|move|p2a: Predator|Waterfall|p1a: Gary
|-resisted|p1a: Gary
|-damage|p1a: Gary|51\/361
|cant|p1a: Gary|flinch
|
|turn|13
|
|move|p2a: Predator|Waterfall|p1a: Gary
|-resisted|p1a: Gary
|-damage|p1a: Gary|0 fnt
|faint|p1a: Gary
|
|
|switch|p1a: Rosaline|Roserade, F|261\/261
|turn|14
|
|move|p2a: Predator|Crunch|p1a: Rosaline
|-damage|p1a: Rosaline|0 fnt
|faint|p1a: Rosaline
|
|
|switch|p1a: Cienna|Sylveon, F|394\/394
|turn|15
|c| Andrewmon|yo storm, that battle im in where i lost char right away, i think sylveon can win me the whole game
|
|move|p2a: Predator|Waterfall|p1a: Cienna
|-damage|p1a: Cienna|0 fnt
|faint|p1a: Cienna
|
|win|Storm Jesus
|raw|Ladder updating...
|raw|MajinYoshi's rating: 1421 &rarr; <strong>1408<\/strong><br \/>(-13 for losing)
|raw|Storm Jesus's rating: 1553 &rarr; <strong>1566<\/strong><br \/>(+13 for winning)