|join|Jirachirite
|join|Storm Jesus
|player|p1|Jirachirite|1
|player|p2|Storm Jesus|151
|gametype|singles
|gen|6
|tier|OU (suspect test)
|rated
|clearpoke
|poke|p1|Infernape, M
|poke|p1|Keldeo
|poke|p1|Metagross
|poke|p1|Dragonite, F
|poke|p1|Thundurus, M
|poke|p1|Bisharp, M
|poke|p2|Gengar, M
|poke|p2|Meloetta
|poke|p2|Conkeldurr, M
|poke|p2|Gyarados, M
|poke|p2|Porygon2
|poke|p2|Ferrothorn, M
|rule|Swagger Clause: Swagger is banned
|rule|Baton Pass Clause: Limit one PokÃ©mon knowing Baton Pass
|rule|Sleep Clause Mod: Limit one foe put to sleep
|rule|Species Clause: Limit one of each PokÃ©mon
|rule|OHKO Clause: OHKO moves are banned
|rule|Moody Clause: Moody is banned
|rule|Evasion Moves Clause: Evasion moves are banned
|rule|Endless Battle Clause: Forcing endless battles is banned
|rule|HP Percentage Mod: HP is shown in percentages
|teampreview
|
|start
|switch|p1a: Bisharp|Bisharp, M|271\/271
|switch|p2a: Heihachi|Conkeldurr, M|383\/383
|turn|1
|join|Cotten111
|
|switch|p1a: Keldeo|Keldeo|323\/323
|move|p2a: Heihachi|Drain Punch|p1a: Keldeo
|-damage|p1a: Keldeo|193\/323
|
|turn|2
|c|âJirachirite|thoughts on greninja ban?
|
|move|p1a: Keldeo|Secret Sword|p2a: Heihachi
|-damage|p2a: Heihachi|163\/383
|move|p2a: Heihachi|Drain Punch|p1a: Keldeo
|-damage|p1a: Keldeo|39\/323
|-heal|p2a: Heihachi|240\/383|[from] drain|[of] p1a: Keldeo
|
|turn|3
|c|âStorm Jesus|Its... ok I guess... gren was healthy for the meta though
|
|switch|p1a: Metagross|Metagross|301\/301
|move|p2a: Heihachi|Mach Punch|p1a: Metagross
|-damage|p1a: Metagross|235\/301
|
|turn|4
|
|detailschange|p1a: Metagross|Metagross-Mega
|-mega|p1a: Metagross|Metagross|Metagrossite
|move|p1a: Metagross|Zen Headbutt|p2a: Heihachi|[miss]
|-miss|p1a: Metagross|p2a: Heihachi
|move|p2a: Heihachi|Drain Punch|p1a: Metagross
|-damage|p1a: Metagross|132\/301
|-heal|p2a: Heihachi|292\/383|[from] drain|[of] p1a: Metagross
|
|turn|5
|
|switch|p1a: Infernape|Infernape, M|293\/293
|switch|p2a: Tytannial|Ferrothorn, M|352\/352
|
|turn|6
|c|âStorm Jesus|damn that miss man
|c|âStorm Jesus|kil ferro now or I switch
|
|move|p1a: Infernape|Fire Blast|p2a: Tytannial
|-crit|p2a: Tytannial
|-supereffective|p2a: Tytannial
|-damage|p2a: Tytannial|0 fnt
|faint|p2a: Tytannial
|
|
|switch|p2a: Heihachi|Conkeldurr, M|292\/383
|turn|7
|c|âStorm Jesus|u happy :]
|c|âJirachirite|but why
|c|âStorm Jesus|jesus Christ u actually did it
|c|âStorm Jesus|and I canceled and switched back
|c|âStorm Jesus|;-;
|c|âJirachirite|yeah all the mind games haha
|
|switch|p1a: Metagross|Metagross-Mega|132\/301
|move|p2a: Heihachi|Drain Punch|p1a: Metagross
|-damage|p1a: Metagross|35\/301
|-heal|p2a: Heihachi|341\/383|[from] drain|[of] p1a: Metagross
|
|turn|8
|
|move|p1a: Metagross|Bullet Punch|p2a: Heihachi
|-damage|p2a: Heihachi|224\/383
|move|p2a: Heihachi|Mach Punch|p1a: Metagross
|-damage|p1a: Metagross|0 fnt
|faint|p1a: Metagross
|
|
|switch|p1a: Thundurus|Thundurus, M|299\/299
|turn|9
|
|move|p1a: Thundurus|Thunderbolt|p2a: Heihachi
|-damage|p2a: Heihachi|110\/383
|-status|p2a: Heihachi|par
|-damage|p1a: Thundurus|270\/299|[from] item: Life Orb
|cant|p2a: Heihachi|par
|
|turn|10
|c|âStorm Jesus|DAYUM
|
|switch|p2a: Zelda|Meloetta|404\/404
|move|p1a: Thundurus|Thunderbolt|p2a: Zelda
|-damage|p2a: Zelda|244\/404
|-damage|p1a: Thundurus|241\/299|[from] item: Life Orb
|
|-heal|p2a: Zelda|269\/404|[from] item: Leftovers
|turn|11
|c|âStorm Jesus|bisharp gogogo
|
|move|p1a: Thundurus|Thunder Wave|p2a: Zelda
|-status|p2a: Zelda|par
|cant|p2a: Zelda|par
|
|-heal|p2a: Zelda|294\/404 par|[from] item: Leftovers
|turn|12
|c|âStorm Jesus|..
|c|âJirachirite|i want the speeed reduction but not the cant move part
|
|move|p1a: Thundurus|Thunderbolt|p2a: Zelda
|-damage|p2a: Zelda|146\/404 par
|-damage|p1a: Thundurus|212\/299|[from] item: Life Orb
|move|p2a: Zelda|Psyshock|p1a: Thundurus
|-damage|p1a: Thundurus|35\/299
|
|-heal|p2a: Zelda|171\/404 par|[from] item: Leftovers
|turn|13
|c|âStorm Jesus|I said Go bish
|c|âStorm Jesus|:]
|c|âStorm Jesus|bisharp
|
|switch|p1a: Bisharp|Bisharp, M|271\/271
|move|p2a: Zelda|Psyshock|p1a: Bisharp
|-immune|p1a: Bisharp|[msg]
|
|-heal|p2a: Zelda|196\/404 par|[from] item: Leftovers
|turn|14
|
|switch|p2a: Heihachi|Conkeldurr, M|110\/383 par
|move|p1a: Bisharp|Knock Off|p2a: Heihachi
|-resisted|p2a: Heihachi
|-damage|p2a: Heihachi|3\/383 par
|-enditem|p2a: Heihachi|Assault Vest|[from] move: Knock Off|[of] p1a: Bisharp
|-damage|p1a: Bisharp|244\/271|[from] item: Life Orb
|
|turn|15
|
|move|p1a: Bisharp|Sucker Punch|p2a: Heihachi
|-resisted|p2a: Heihachi
|-damage|p2a: Heihachi|0 fnt
|-damage|p1a: Bisharp|217\/271|[from] item: Life Orb
|faint|p2a: Heihachi
|
|
|switch|p2a: Predator|Gyarados, M|331\/331
|-ability|p2a: Predator|Intimidate|[of] p1a: Bisharp
|-unboost|p1a: Bisharp|atk|1
|-boost|p1a: Bisharp|atk|2|[from] ability: Defiant
|turn|16
|
|switch|p1a: Thundurus|Thundurus, M|35\/299
|detailschange|p2a: Predator|Gyarados-Mega, M
|-mega|p2a: Predator|Gyarados|Gyaradosite
|-ability|p2a: Predator|Mold Breaker
|move|p2a: Predator|Dragon Dance|p2a: Predator
|-boost|p2a: Predator|atk|1
|-boost|p2a: Predator|spe|1
|
|turn|17
|
|switch|p2a: Zelda|Meloetta|196\/404 par
|move|p1a: Thundurus|Thunder Wave|p2a: Zelda
|-fail|p2a: Zelda|par
|
|-heal|p2a: Zelda|221\/404 par|[from] item: Leftovers
|turn|18
|
|move|p1a: Thundurus|Thunderbolt|p2a: Zelda
|-damage|p2a: Zelda|60\/404 par
|-damage|p1a: Thundurus|6\/299|[from] item: Life Orb
|move|p2a: Zelda|Psyshock|p1a: Thundurus
|-damage|p1a: Thundurus|0 fnt
|faint|p1a: Thundurus
|
|-heal|p2a: Zelda|85\/404 par|[from] item: Leftovers
|
|switch|p1a: Infernape|Infernape, M|293\/293
|turn|19
|
|move|p1a: Infernape|Fire Blast|p2a: Zelda
|-damage|p2a: Zelda|0 fnt
|faint|p2a: Zelda
|
|
|switch|p2a: Phantom|Gengar, M|262\/262
|turn|20
|
|switch|p2a: Predator|Gyarados-Mega, M|331\/331
|-ability|p2a: Predator|Mold Breaker
|switch|p1a: Bisharp|Bisharp, M|217\/271
|
|turn|21
|
|switch|p1a: Infernape|Infernape, M|293\/293
|move|p2a: Predator|Dragon Dance|p2a: Predator
|-boost|p2a: Predator|atk|1
|-boost|p2a: Predator|spe|1
|
|turn|22
|
|move|p2a: Predator|Waterfall|p1a: Infernape
|-supereffective|p1a: Infernape
|-enditem|p1a: Infernape|Focus Sash
|-damage|p1a: Infernape|1\/293
|move|p1a: Infernape|Endeavor|p2a: Predator
|-damage|p2a: Predator|1\/331
|
|turn|23
|
|move|p1a: Infernape|Vacuum Wave|p2a: Predator
|-supereffective|p2a: Predator
|-damage|p2a: Predator|0 fnt
|faint|p2a: Predator
|
|
|switch|p2a: Phantom|Gengar, M|262\/262
|turn|24
|
|move|p2a: Phantom|Shadow Ball|p1a: Infernape
|-crit|p1a: Infernape
|-damage|p1a: Infernape|0 fnt
|-damage|p2a: Phantom|236\/262|[from] item: Life Orb
|faint|p1a: Infernape
|
|
|switch|p1a: Bisharp|Bisharp, M|217\/271
|turn|25
|c|âStorm Jesus|dammit
|
|switch|p1a: Keldeo|Keldeo|39\/323
|move|p2a: Phantom|Focus Blast|p1a: Keldeo|[miss]
|-miss|p2a: Phantom|p1a: Keldeo
|
|turn|26
|c|âStorm Jesus|HOLY SHIT WHY
|
|move|p2a: Phantom|Shadow Ball|p1a: Keldeo
|-damage|p1a: Keldeo|0 fnt
|-damage|p2a: Phantom|210\/262|[from] item: Life Orb
|faint|p1a: Keldeo
|
|
|switch|p1a: Dragonite|Dragonite, F|323\/323
|turn|27
|
|move|p2a: Phantom|Taunt|p1a: Dragonite
|-start|p1a: Dragonite|move: Taunt
|move|p1a: Dragonite|Outrage|p2a: Phantom
|-damage|p2a: Phantom|0 fnt
|faint|p2a: Phantom
|
|
|switch|p2a: R2P2|Porygon2|374\/374
|-ability|p2a: R2P2|Multiscale|[from] ability: Trace|[of] p1a: Dragonite
|turn|28
|
|move|p1a: Dragonite|Outrage|p2a: R2P2
|-damage|p2a: R2P2|280\/374
|move|p2a: R2P2|Substitute|p2a: R2P2
|-start|p2a: R2P2|Substitute
|-damage|p2a: R2P2|187\/374
|
|turn|29
|c|âJirachirite|tracing multiscale... thats pretty neat
|
|move|p1a: Dragonite|Outrage|p2a: R2P2
|-end|p2a: R2P2|Substitute
|move|p2a: R2P2|Recover|p2a: R2P2
|-heal|p2a: R2P2|374\/374
|
|-end|p1a: Dragonite|rampage
|-start|p1a: Dragonite|confusion
|-end|p1a: Dragonite|move: Taunt
|turn|30
|
|switch|p1a: Bisharp|Bisharp, M|217\/271
|move|p2a: R2P2|Discharge|p1a: Bisharp
|-damage|p1a: Bisharp|127\/271
|
|turn|31
|c|âStorm Jesus|ur running rite into discharge para tho
|
|move|p1a: Bisharp|Knock Off|p2a: R2P2
|-damage|p2a: R2P2|315\/374
|-enditem|p2a: R2P2|Eviolite|[from] move: Knock Off|[of] p1a: Bisharp
|-damage|p1a: Bisharp|100\/271|[from] item: Life Orb
|move|p2a: R2P2|Recover|p2a: R2P2
|-heal|p2a: R2P2|374\/374
|
|turn|32
|
|move|p1a: Bisharp|Swords Dance|p1a: Bisharp
|-boost|p1a: Bisharp|atk|2
|move|p2a: R2P2|Substitute|p2a: R2P2
|-start|p2a: R2P2|Substitute
|-damage|p2a: R2P2|281\/374
|
|turn|33
|
|move|p1a: Bisharp|Iron Head|p2a: R2P2
|-end|p2a: R2P2|Substitute
|-damage|p1a: Bisharp|73\/271|[from] item: Life Orb
|move|p2a: R2P2|Discharge|p1a: Bisharp
|-damage|p1a: Bisharp|0 fnt
|faint|p1a: Bisharp
|
|join|Gizmo
|
|switch|p1a: Dragonite|Dragonite, F|323\/323
|turn|34
|join|Yuttt.ttttt
|leave|Yuttt.ttttt
|
|move|p1a: Dragonite|Outrage|p2a: R2P2
|-damage|p2a: R2P2|0 fnt
|faint|p2a: R2P2
|
|win|Jirachirite
|raw|Ladder updating...
|raw|Jirachirite's rating: 1320 &rarr; <strong>1343<\/strong><br \/>(+23 for winning)
|raw|Storm Jesus's rating: 1374 &rarr; <strong>1351<\/strong><br \/>(-23 for losing)
|leave|Storm Jesus
|player|p2
|leave|Cotten111