|join|Storm Jesus
|join|IneedAcid
|player|p1|Storm Jesus|151
|player|p2|IneedAcid|11
|gametype|singles
|gen|6
|tier|OU (suspect test)
|rated
|clearpoke
|poke|p1|Gengar, M
|poke|p1|Meloetta
|poke|p1|Conkeldurr, M
|poke|p1|Gyarados, M
|poke|p1|Ferrothorn, M
|poke|p1|Landorus, M
|poke|p2|Skarmory, F
|poke|p2|Quagsire, M
|poke|p2|Chansey, F
|poke|p2|Heatran, F
|poke|p2|Mew
|poke|p2|Venusaur, F
|rule|Swagger Clause: Swagger is banned
|rule|Baton Pass Clause: Limit one PokÃ©mon knowing Baton Pass
|rule|Sleep Clause Mod: Limit one foe put to sleep
|rule|Species Clause: Limit one of each PokÃ©mon
|rule|OHKO Clause: OHKO moves are banned
|rule|Moody Clause: Moody is banned
|rule|Evasion Moves Clause: Evasion moves are banned
|rule|Endless Battle Clause: Forcing endless battles is banned
|rule|HP Percentage Mod: HP is shown in percentages
|teampreview
|c|âIneedAcid|where's mufasa ? :(
|c|âStorm Jesus|idk.. but conkles is back :]
|
|start
|switch|p1a: Enten|Landorus, M|319\/319
|switch|p2a: Heatran|Heatran, F|386\/386
|turn|1
|
|switch|p2a: Chansey|Chansey, F|704\/704
|move|p1a: Enten|Earth Power|p2a: Chansey
|-damage|p2a: Chansey|547\/704
|
|turn|2
|
|switch|p1a: Tytannial|Ferrothorn, M|352\/352
|move|p2a: Chansey|Toxic|p1a: Tytannial
|-fail|p1a: Tytannial
|
|turn|3
|
|move|p2a: Chansey|Soft-Boiled|p2a: Chansey
|-heal|p2a: Chansey|704\/704
|move|p1a: Tytannial|Stealth Rock|p2a: Chansey
|-sidestart|p2: IneedAcid|move: Stealth Rock
|
|turn|4
|
|switch|p2a: Skarmory|Skarmory, F|334\/334
|-damage|p2a: Skarmory|293\/334|[from] Stealth Rock
|move|p1a: Tytannial|Spikes|p2a: Skarmory
|-sidestart|p2: IneedAcid|Spikes
|
|turn|5
|
|switch|p1a: Phantom|Gengar, M|262\/262
|move|p2a: Skarmory|Defog|p1a: Phantom
|-unboost|p1a: Phantom|evasion|1
|-sideend|p2: IneedAcid|Spikes|[from] move: Defog|[of] p2a: Skarmory
|-sideend|p2: IneedAcid|Stealth Rock|[from] move: Defog|[of] p2a: Skarmory
|
|turn|6
|
|switch|p2a: Heatran|Heatran, F|386\/386
|move|p1a: Phantom|Focus Blast|p2a: Heatran
|-supereffective|p2a: Heatran
|-damage|p2a: Heatran|152\/386
|-damage|p1a: Phantom|236\/262|[from] item: Life Orb
|
|-heal|p2a: Heatran|176\/386|[from] item: Leftovers
|turn|7
|c|âStorm Jesus|:)
|
|move|p2a: Heatran|Protect|p2a: Heatran
|-singleturn|p2a: Heatran|Protect
|move|p1a: Phantom|Focus Blast|p2a: Heatran
|-activate|p2a: Heatran|Protect
|
|-heal|p2a: Heatran|200\/386|[from] item: Leftovers
|turn|8
|c|âIneedAcid|gengar too strong
|
|switch|p2a: Mew|Mew|397\/397
|move|p1a: Phantom|Focus Blast|p2a: Mew|[miss]
|-miss|p1a: Phantom|p2a: Mew
|
|turn|9
|
|switch|p1a: Heihachi|Conkeldurr, M|383\/383
|move|p2a: Mew|Knock Off|p1a: Heihachi
|-resisted|p1a: Heihachi
|-damage|p1a: Heihachi|341\/383
|-enditem|p1a: Heihachi|Assault Vest|[from] move: Knock Off|[of] p2a: Mew
|
|turn|10
|
|switch|p2a: Venusaur|Venusaur, F|364\/364
|move|p1a: Heihachi|Knock Off|p2a: Venusaur
|-damage|p2a: Venusaur|292\/364
|
|turn|11
|
|detailschange|p2a: Venusaur|Venusaur-Mega, F
|-mega|p2a: Venusaur|Venusaur|Venusaurite
|move|p2a: Venusaur|Giga Drain|p1a: Heihachi
|-damage|p1a: Heihachi|250\/383
|-heal|p2a: Venusaur|338\/364|[from] drain|[of] p1a: Heihachi
|move|p1a: Heihachi|Drain Punch|p2a: Venusaur
|-resisted|p2a: Venusaur
|-damage|p2a: Venusaur|294\/364
|-heal|p1a: Heihachi|272\/383|[from] drain|[of] p2a: Venusaur
|
|turn|12
|
|switch|p2a: Heatran|Heatran, F|200\/386
|switch|p1a: Tytannial|Ferrothorn, M|352\/352
|
|-heal|p2a: Heatran|224\/386|[from] item: Leftovers
|turn|13
|
|move|p2a: Heatran|Lava Plume|p1a: Tytannial
|-supereffective|p1a: Tytannial
|-damage|p1a: Tytannial|0 fnt
|faint|p1a: Tytannial
|
|-heal|p2a: Heatran|248\/386|[from] item: Leftovers
|
|switch|p1a: Enten|Landorus, M|319\/319
|turn|14
|
|move|p2a: Heatran|Protect|p2a: Heatran
|-singleturn|p2a: Heatran|Protect
|move|p1a: Enten|Earth Power|p2a: Heatran
|-activate|p2a: Heatran|Protect
|
|-heal|p2a: Heatran|272\/386|[from] item: Leftovers
|turn|15
|c|âStorm Jesus|switching tran o na conk
|c|âStorm Jesus|on ur 2nd try
|c|âStorm Jesus|,
|c|âIneedAcid|was risky :)
|
|switch|p2a: Chansey|Chansey, F|704\/704
|move|p1a: Enten|Focus Blast|p2a: Chansey
|-supereffective|p2a: Chansey
|-damage|p2a: Chansey|465\/704
|
|turn|16
|
|switch|p1a: Heihachi|Conkeldurr, M|272\/383
|move|p2a: Chansey|Soft-Boiled|p2a: Chansey
|-heal|p2a: Chansey|704\/704
|
|turn|17
|
|switch|p2a: Venusaur|Venusaur-Mega, F|294\/364
|switch|p1a: Phantom|Gengar, M|236\/262
|
|turn|18
|
|move|p1a: Phantom|Shadow Ball|p2a: Venusaur
|-damage|p2a: Venusaur|145\/364
|-unboost|p2a: Venusaur|spd|1
|-damage|p1a: Phantom|210\/262|[from] item: Life Orb
|move|p2a: Venusaur|Synthesis|p2a: Venusaur
|-heal|p2a: Venusaur|327\/364
|
|turn|19
|
|switch|p2a: Chansey|Chansey, F|704\/704
|move|p1a: Phantom|Shadow Ball|p2a: Chansey
|-immune|p2a: Chansey|[msg]
|
|turn|20
|
|switch|p2a: Mew|Mew|397\/397
|move|p1a: Phantom|Taunt|p2a: Mew
|-start|p2a: Mew|move: Taunt
|
|turn|21
|
|switch|p1a: Heihachi|Conkeldurr, M|272\/383
|move|p2a: Mew|Knock Off|p1a: Heihachi
|-crit|p1a: Heihachi
|-resisted|p1a: Heihachi
|-damage|p1a: Heihachi|228\/383
|
|turn|22
|
|switch|p2a: Venusaur|Venusaur-Mega, F|327\/364
|switch|p1a: Phantom|Gengar, M|210\/262
|
|turn|23
|
|move|p1a: Phantom|Sludge Wave|p2a: Venusaur
|-damage|p2a: Venusaur|167\/364
|-damage|p1a: Phantom|184\/262|[from] item: Life Orb
|move|p2a: Venusaur|Giga Drain|p1a: Phantom
|-resisted|p1a: Phantom
|-damage|p1a: Phantom|120\/262
|-heal|p2a: Venusaur|199\/364|[from] drain|[of] p1a: Phantom
|
|turn|24
|
|switch|p2a: Heatran|Heatran, F|272\/386
|move|p1a: Phantom|Taunt|p2a: Heatran
|-start|p2a: Heatran|move: Taunt
|
|-heal|p2a: Heatran|296\/386|[from] item: Leftovers
|turn|25
|
|move|p1a: Phantom|Focus Blast|p2a: Heatran|[miss]
|-miss|p1a: Phantom|p2a: Heatran
|move|p2a: Heatran|Lava Plume|p1a: Phantom
|-damage|p1a: Phantom|0 fnt
|faint|p1a: Phantom
|
|-heal|p2a: Heatran|320\/386|[from] item: Leftovers
|
|switch|p1a: Predator|Gyarados, M|331\/331
|-ability|p1a: Predator|Intimidate|[of] p2a: Heatran
|-unboost|p2a: Heatran|atk|1
|turn|26
|
|move|p1a: Predator|Dragon Dance|p1a: Predator
|-boost|p1a: Predator|atk|1
|-boost|p1a: Predator|spe|1
|move|p2a: Heatran|Lava Plume|p1a: Predator
|-resisted|p1a: Predator
|-damage|p1a: Predator|282\/331
|
|-heal|p2a: Heatran|344\/386|[from] item: Leftovers
|turn|27
|
|detailschange|p1a: Predator|Gyarados-Mega, M
|-mega|p1a: Predator|Gyarados|Gyaradosite
|-ability|p1a: Predator|Mold Breaker
|move|p1a: Predator|Substitute|p1a: Predator
|-start|p1a: Predator|Substitute
|-damage|p1a: Predator|200\/331
|move|p2a: Heatran|Lava Plume|p1a: Predator
|-resisted|p1a: Predator
|-activate|p1a: Predator|Substitute|[damage]
|
|-heal|p2a: Heatran|368\/386|[from] item: Leftovers
|-end|p2a: Heatran|move: Taunt
|turn|28
|c|âStorm Jesus|is this gg?
|c|âStorm Jesus|:]
|c|âIneedAcid|i think
|c|âIneedAcid|was afraid of that
|c|âStorm Jesus|ur skarm doesn't have whirlwind?
|c|âIneedAcid|no
|c|âStorm Jesus|LOL gg
|
|move|p1a: Predator|Waterfall|p2a: Heatran
|-supereffective|p2a: Heatran
|-damage|p2a: Heatran|0 fnt
|faint|p2a: Heatran
|
|
|switch|p2a: Skarmory|Skarmory, F|293\/334
|turn|29
|
|move|p1a: Predator|Waterfall|p2a: Skarmory
|-damage|p2a: Skarmory|158\/334
|move|p2a: Skarmory|Brave Bird|p1a: Predator
|-end|p1a: Predator|Substitute
|-damage|p2a: Skarmory|145\/334|[from] recoil|[of] p1a: Predator
|
|turn|30
|
|move|p1a: Predator|Dragon Dance|p1a: Predator
|-boost|p1a: Predator|atk|1
|-boost|p1a: Predator|spe|1
|move|p2a: Skarmory|Brave Bird|p1a: Predator
|-damage|p1a: Predator|95\/331
|-damage|p2a: Skarmory|110\/334|[from] recoil|[of] p1a: Predator
|
|turn|31
|
|move|p1a: Predator|Waterfall|p2a: Skarmory
|-damage|p2a: Skarmory|0 fnt
|faint|p2a: Skarmory
|
|
|switch|p2a: Chansey|Chansey, F|704\/704
|turn|32
|
|move|p1a: Predator|Waterfall|p2a: Chansey
|-damage|p2a: Chansey|287\/704
|move|p2a: Chansey|Seismic Toss|p1a: Predator
|-damage|p1a: Predator|0 fnt
|faint|p1a: Predator
|
|
|switch|p1a: Heihachi|Conkeldurr, M|228\/383
|turn|33
|
|switch|p2a: Venusaur|Venusaur-Mega, F|199\/364
|switch|p1a: Enten|Landorus, M|319\/319
|
|turn|34
|
|switch|p2a: Quagsire|Quagsire, M|394\/394
|move|p1a: Enten|Earth Power|p2a: Quagsire
|-crit|p2a: Quagsire
|-damage|p2a: Quagsire|0 fnt
|faint|p2a: Quagsire
|
|
|switch|p2a: Chansey|Chansey, F|287\/704
|turn|35
|
|move|p1a: Enten|Rock Slide|p2a: Chansey
|-damage|p2a: Chansey|100\/704
|move|p2a: Chansey|Soft-Boiled|p2a: Chansey
|-heal|p2a: Chansey|452\/704
|
|turn|36
|
|switch|p1a: Heihachi|Conkeldurr, M|228\/383
|move|p2a: Chansey|Soft-Boiled|p2a: Chansey
|-heal|p2a: Chansey|704\/704
|
|turn|37
|
|switch|p2a: Venusaur|Venusaur-Mega, F|199\/364
|move|p1a: Heihachi|Ice Punch|p2a: Venusaur
|-supereffective|p2a: Venusaur
|-damage|p2a: Venusaur|137\/364
|
|turn|38
|
|switch|p1a: Zelda|Meloetta|404\/404
|move|p2a: Venusaur|Synthesis|p2a: Venusaur
|-heal|p2a: Venusaur|319\/364
|
|turn|39
|
|switch|p2a: Mew|Mew|397\/397
|move|p1a: Zelda|Substitute|p1a: Zelda
|-start|p1a: Zelda|Substitute
|-damage|p1a: Zelda|303\/404
|
|-heal|p1a: Zelda|328\/404|[from] item: Leftovers
|turn|40
|
|move|p2a: Mew|Knock Off|p1a: Zelda
|-supereffective|p1a: Zelda
|-end|p1a: Zelda|Substitute
|move|p1a: Zelda|Skill Swap|p2a: Mew
|-activate|p1a: Zelda|move: Skill Swap|Synchronize|Serene Grace|[of] p2a: Mew
|
|-heal|p1a: Zelda|353\/404|[from] item: Leftovers
|turn|41
|
|move|p2a: Mew|Knock Off|p1a: Zelda
|-supereffective|p1a: Zelda
|-damage|p1a: Zelda|217\/404
|-enditem|p1a: Zelda|Leftovers|[from] move: Knock Off|[of] p2a: Mew
|move|p1a: Zelda|Calm Mind|p1a: Zelda
|-boost|p1a: Zelda|spa|1
|-boost|p1a: Zelda|spd|1
|
|turn|42
|
|move|p2a: Mew|Taunt|p1a: Zelda
|-start|p1a: Zelda|move: Taunt
|cant|p1a: Zelda|move: Taunt|Calm Mind
|
|turn|43
|leave|Storm Jesus
|player|p1
|-message|stormjesus lost due to inactivity.
|
|win|IneedAcid
|raw|Ladder updating...
|raw|Storm Jesus's rating: 1531 &rarr; <strong>1511<\/strong><br \/>(-20 for losing)
|raw|IneedAcid's rating: 1538 &rarr; <strong>1557<\/strong><br \/>(+19 for winning)