|join|Aka DH
|join|Storm Jesus
|player|p1|Aka DH|1
|player|p2|Storm Jesus|151
|gametype|singles
|gen|6
|tier|OU (suspect test)
|rated
|clearpoke
|poke|p1|Bisharp, F
|poke|p1|Venusaur, F
|poke|p1|Heatran, M
|poke|p1|Keldeo
|poke|p1|Chansey, F
|poke|p1|Skarmory, F
|poke|p2|Gengar, M
|poke|p2|Meloetta
|poke|p2|Conkeldurr, M
|poke|p2|Gyarados, M
|poke|p2|Porygon2
|poke|p2|Ferrothorn, M
|rule|Swagger Clause: Swagger is banned
|rule|Baton Pass Clause: Limit one PokÃ©mon knowing Baton Pass
|rule|Sleep Clause Mod: Limit one foe put to sleep
|rule|Species Clause: Limit one of each PokÃ©mon
|rule|OHKO Clause: OHKO moves are banned
|rule|Moody Clause: Moody is banned
|rule|Evasion Moves Clause: Evasion moves are banned
|rule|Endless Battle Clause: Forcing endless battles is banned
|rule|HP Percentage Mod: HP is shown in percentages
|teampreview
|
|start
|switch|p1a: Keldeo|Keldeo|323\/323
|switch|p2a: Phantom|Gengar, M|262\/262
|turn|1
|
|switch|p2a: Heihachi|Conkeldurr, M|383\/383
|move|p1a: Keldeo|Scald|p2a: Heihachi
|-damage|p2a: Heihachi|287\/383
|-status|p2a: Heihachi|brn
|
|-damage|p2a: Heihachi|240\/383 brn|[from] brn
|turn|2
|join|Ninja = c- rank
|
|switch|p1a: Skarmory|Skarmory, F|334\/334
|move|p2a: Heihachi|Drain Punch|p1a: Skarmory
|-damage|p1a: Skarmory|216\/334
|-heal|p2a: Heihachi|299\/383 brn|[from] drain|[of] p1a: Skarmory
|-damage|p2a: Heihachi|236\/383 brn|[from] item: Rocky Helmet|[of] p1a: Skarmory
|
|-damage|p2a: Heihachi|189\/383 brn|[from] brn
|turn|3
|
|move|p1a: Skarmory|Spikes|p2a: Heihachi
|-sidestart|p2: Storm Jesus|Spikes
|move|p2a: Heihachi|Drain Punch|p1a: Skarmory
|-damage|p1a: Skarmory|93\/334
|-heal|p2a: Heihachi|251\/383 brn|[from] drain|[of] p1a: Skarmory
|-damage|p2a: Heihachi|188\/383 brn|[from] item: Rocky Helmet|[of] p1a: Skarmory
|
|-damage|p2a: Heihachi|141\/383 brn|[from] brn
|turn|4
|
|move|p1a: Skarmory|Brave Bird|p2a: Heihachi
|-supereffective|p2a: Heihachi
|-damage|p2a: Heihachi|0 fnt
|-damage|p1a: Skarmory|46\/334|[from] recoil|[of] p2a: Heihachi
|faint|p2a: Heihachi
|
|
|switch|p2a: Phantom|Gengar, M|262\/262
|turn|5
|
|switch|p1a: Chansey|Chansey, F|684\/684
|move|p2a: Phantom|Shadow Ball|p1a: Chansey
|-immune|p1a: Chansey|[msg]
|
|turn|6
|
|move|p2a: Phantom|Taunt|p1a: Chansey
|-start|p1a: Chansey|move: Taunt
|cant|p1a: Chansey|move: Taunt|Thunder Wave
|
|turn|7
|
|move|p2a: Phantom|Focus Blast|p1a: Chansey
|-supereffective|p1a: Chansey
|-damage|p1a: Chansey|450\/684
|-damage|p2a: Phantom|236\/262|[from] item: Life Orb
|move|p1a: Chansey|Seismic Toss|p2a: Phantom
|-immune|p2a: Phantom|[msg]
|
|turn|8
|
|move|p2a: Phantom|Focus Blast|p1a: Chansey
|-supereffective|p1a: Chansey
|-damage|p1a: Chansey|219\/684
|-damage|p2a: Phantom|210\/262|[from] item: Life Orb
|move|p1a: Chansey|Seismic Toss|p2a: Phantom
|-immune|p2a: Phantom|[msg]
|
|-end|p1a: Chansey|move: Taunt
|turn|9
|
|move|p2a: Phantom|Focus Blast|p1a: Chansey
|-supereffective|p1a: Chansey
|-damage|p1a: Chansey|0 fnt
|-damage|p2a: Phantom|184\/262|[from] item: Life Orb
|faint|p1a: Chansey
|
|
|switch|p1a: Bisharp|Bisharp, F|334\/334
|turn|10
|
|move|p1a: Bisharp|Sucker Punch|p2a: Phantom
|-supereffective|p2a: Phantom
|-damage|p2a: Phantom|0 fnt
|faint|p2a: Phantom
|
|
|switch|p2a: Tytannial|Ferrothorn, M|352\/352
|-damage|p2a: Tytannial|308\/352|[from] Spikes
|turn|11
|
|switch|p1a: Heatran|Heatran, M|340\/340
|-item|p1a: Heatran|Air Balloon
|move|p2a: Tytannial|Stealth Rock|p1a: Heatran
|-sidestart|p1: Aka DH|move: Stealth Rock
|
|turn|12
|
|move|p1a: Heatran|Fire Blast|p2a: Tytannial
|-supereffective|p2a: Tytannial
|-damage|p2a: Tytannial|0 fnt
|faint|p2a: Tytannial
|
|
|switch|p2a: Predator|Gyarados, M|331\/331
|-ability|p2a: Predator|Intimidate|[of] p1a: Heatran
|-unboost|p1a: Heatran|atk|1
|turn|13
|
|switch|p1a: Skarmory|Skarmory, F|46\/334
|-damage|p1a: Skarmory|5\/334|[from] Stealth Rock
|move|p2a: Predator|Dragon Dance|p2a: Predator
|-boost|p2a: Predator|atk|1
|-boost|p2a: Predator|spe|1
|
|turn|14
|
|move|p2a: Predator|Waterfall|p1a: Skarmory
|-damage|p1a: Skarmory|0 fnt
|-damage|p2a: Predator|276\/331|[from] item: Rocky Helmet|[of] p1a: Skarmory
|faint|p1a: Skarmory
|
|
|switch|p1a: Venusaur|Venusaur, F|364\/364
|-damage|p1a: Venusaur|319\/364|[from] Stealth Rock
|turn|15
|
|detailschange|p1a: Venusaur|Venusaur-Mega, F
|-mega|p1a: Venusaur|Venusaur|Venusaurite
|move|p2a: Predator|Dragon Dance|p2a: Predator
|-boost|p2a: Predator|atk|1
|-boost|p2a: Predator|spe|1
|move|p1a: Venusaur|Giga Drain|p2a: Predator
|-damage|p2a: Predator|180\/331
|-heal|p1a: Venusaur|364\/364|[from] drain|[of] p2a: Predator
|
|turn|16
|
|detailschange|p2a: Predator|Gyarados-Mega, M
|-mega|p2a: Predator|Gyarados|Gyaradosite
|-ability|p2a: Predator|Mold Breaker
|move|p2a: Predator|Crunch|p1a: Venusaur
|-damage|p1a: Venusaur|187\/364
|move|p1a: Venusaur|Giga Drain|p2a: Predator
|-supereffective|p2a: Predator
|-damage|p2a: Predator|42\/331
|-heal|p1a: Venusaur|256\/364|[from] drain|[of] p2a: Predator
|
|turn|17
|
|move|p2a: Predator|Waterfall|p1a: Venusaur
|-resisted|p1a: Venusaur
|-damage|p1a: Venusaur|170\/364
|move|p1a: Venusaur|Giga Drain|p2a: Predator
|-crit|p2a: Predator
|-supereffective|p2a: Predator
|-damage|p2a: Predator|0 fnt
|-heal|p1a: Venusaur|191\/364|[from] drain|[of] p2a: Predator
|faint|p2a: Predator
|
|-message|Storm Jesus forfeited.
|
|win|Aka DH
|raw|Ladder updating...
|raw|Aka DH's rating: 1566 &rarr; <strong>1581<\/strong><br \/>(+15 for winning)
|raw|Storm Jesus's rating: 1463 &rarr; <strong>1449<\/strong><br \/>(-14 for losing)
|leave|Storm Jesus
|player|p2