|join|orei
|join|Storm Jesus
|player|p1|orei|146
|player|p2|Storm Jesus|151
|gametype|singles
|gen|6
|tier|OU (suspect test)
|rated
|clearpoke
|poke|p1|Azelf
|poke|p1|Landorus, M
|poke|p1|Thundurus, M
|poke|p1|Keldeo
|poke|p1|Bisharp, F
|poke|p1|Lopunny, F, shiny
|poke|p2|Gengar, M
|poke|p2|Meloetta
|poke|p2|Gyarados, M
|poke|p2|Ferrothorn, M
|poke|p2|Landorus, M
|poke|p2|Conkeldurr, M
|rule|Swagger Clause: Swagger is banned
|rule|Baton Pass Clause: Limit one PokÃ©mon knowing Baton Pass
|rule|Sleep Clause Mod: Limit one foe put to sleep
|rule|Species Clause: Limit one of each PokÃ©mon
|rule|OHKO Clause: OHKO moves are banned
|rule|Moody Clause: Moody is banned
|rule|Evasion Moves Clause: Evasion moves are banned
|rule|Endless Battle Clause: Forcing endless battles is banned
|rule|HP Percentage Mod: HP is shown in percentages
|teampreview
|
|start
|switch|p1a: Bisharp|Bisharp, F|272\/272
|switch|p2a: Heihachi|Conkeldurr, M|383\/383
|turn|1
|
|switch|p1a: Landorus|Landorus, M|319\/319
|move|p2a: Heihachi|Drain Punch|p1a: Landorus
|-resisted|p1a: Landorus
|-damage|p1a: Landorus|248\/319
|
|turn|2
|
|move|p1a: Landorus|Psychic|p2a: Heihachi
|-supereffective|p2a: Heihachi
|-damage|p2a: Heihachi|141\/383
|move|p2a: Heihachi|Ice Punch|p1a: Landorus
|-supereffective|p1a: Landorus
|-damage|p1a: Landorus|0 fnt
|faint|p1a: Landorus
|
|
|switch|p1a: Lopunny|Lopunny, F, shiny|271\/271
|turn|3
|
|detailschange|p1a: Lopunny|Lopunny-Mega, F, shiny
|-mega|p1a: Lopunny|Lopunny|Lopunnite
|move|p1a: Lopunny|Fake Out|p2a: Heihachi
|-damage|p2a: Heihachi|66\/383
|cant|p2a: Heihachi|flinch
|
|turn|4
|
|switch|p1a: Keldeo|Keldeo|323\/323
|move|p2a: Heihachi|Mach Punch|p1a: Keldeo
|-damage|p1a: Keldeo|242\/323
|
|turn|5
|
|move|p2a: Heihachi|Mach Punch|p1a: Keldeo
|-damage|p1a: Keldeo|169\/323
|move|p1a: Keldeo|Secret Sword|p2a: Heihachi
|-damage|p2a: Heihachi|0 fnt
|faint|p2a: Heihachi
|
|
|switch|p2a: Phantom|Gengar, M|262\/262
|turn|6
|
|switch|p1a: Thundurus|Thundurus, M|299\/299
|move|p2a: Phantom|Focus Blast|p1a: Thundurus
|-resisted|p1a: Thundurus
|-damage|p1a: Thundurus|187\/299
|-damage|p2a: Phantom|236\/262|[from] item: Life Orb
|
|turn|7
|
|switch|p2a: Tytannial|Ferrothorn, M|352\/352
|move|p1a: Thundurus|Thunder Wave|p2a: Tytannial
|-status|p2a: Tytannial|par
|
|turn|8
|join|gren is aids
|
|move|p1a: Thundurus|Focus Blast|p2a: Tytannial|[miss]
|-miss|p1a: Thundurus|p2a: Tytannial
|move|p2a: Tytannial|Stealth Rock|p1a: Thundurus
|-sidestart|p1: orei|move: Stealth Rock
|
|turn|9
|
|switch|p1a: Azelf|Azelf|291\/291
|-damage|p1a: Azelf|255\/291|[from] Stealth Rock
|cant|p2a: Tytannial|par
|
|turn|10
|
|move|p1a: Azelf|Stealth Rock|p2a: Tytannial
|-sidestart|p2: Storm Jesus|move: Stealth Rock
|move|p2a: Tytannial|Gyro Ball|p1a: Azelf
|-damage|p1a: Azelf|21\/291
|
|turn|11
|leave|gren is aids
|
|move|p1a: Azelf|Fire Blast|p2a: Tytannial
|-supereffective|p2a: Tytannial
|-damage|p2a: Tytannial|0 fnt
|faint|p2a: Tytannial
|
|
|switch|p2a: Enten|Landorus, M|319\/319
|-damage|p2a: Enten|280\/319|[from] Stealth Rock
|turn|12
|
|move|p1a: Azelf|Explosion|p2a: Enten
|-damage|p2a: Enten|0 fnt
|faint|p1a: Azelf
|faint|p2a: Enten
|
|
|switch|p1a: Lopunny|Lopunny-Mega, F, shiny|271\/271
|switch|p2a: Phantom|Gengar, M|236\/262
|-damage|p1a: Lopunny|255\/271|[from] Stealth Rock
|-damage|p2a: Phantom|204\/262|[from] Stealth Rock
|turn|13
|
|move|p1a: Lopunny|Fake Out|p2a: Phantom
|-damage|p2a: Phantom|84\/262
|cant|p2a: Phantom|flinch
|
|turn|14
|
|move|p1a: Lopunny|Return|p2a: Phantom
|-damage|p2a: Phantom|0 fnt
|faint|p2a: Phantom
|
|
|switch|p2a: Predator|Gyarados, M|331\/331
|-damage|p2a: Predator|249\/331|[from] Stealth Rock
|-ability|p2a: Predator|Intimidate|[of] p1a: Lopunny
|-unboost|p1a: Lopunny|atk|1
|turn|15
|
|switch|p1a: Keldeo|Keldeo|169\/323
|-damage|p1a: Keldeo|149\/323|[from] Stealth Rock
|detailschange|p2a: Predator|Gyarados-Mega, M
|-mega|p2a: Predator|Gyarados|Gyaradosite
|-ability|p2a: Predator|Mold Breaker
|move|p2a: Predator|Dragon Dance|p2a: Predator
|-boost|p2a: Predator|atk|1
|-boost|p2a: Predator|spe|1
|
|turn|16
|-message|Storm Jesus forfeited.
|leave|Storm Jesus
|
|move|p1a: Keldeo|Secret Sword|p2a: Predator
|-supereffective|p2a: Predator
|-damage|p2a: Predator|0 fnt
|faint|p2a: Predator
|
|
|win|orei
|raw|Ladder updating...
|player|p2
|raw|orei's rating: 1111 &rarr; <strong>1137<\/strong><br \/>(+26 for winning)
|raw|Storm Jesus's rating: 1121 &rarr; <strong>1095<\/strong><br \/>(-26 for losing)