|join|Storm Jesus
|join|ShakeTheRoom
|player|p1|Storm Jesus|151
|player|p2|ShakeTheRoom|200
|gametype|singles
|gen|6
|tier|OU (suspect test)
|rated
|clearpoke
|poke|p1|Gengar, M
|poke|p1|Meloetta
|poke|p1|Conkeldurr, M
|poke|p1|Gyarados, M
|poke|p1|Porygon2
|poke|p1|Ferrothorn, M
|poke|p2|Dragalge, F
|poke|p2|Ferrothorn, F
|poke|p2|Metagross
|poke|p2|Rotom-Heat
|poke|p2|Empoleon, M
|poke|p2|Clefable, M
|rule|Swagger Clause: Swagger is banned
|rule|Baton Pass Clause: Limit one PokÃ©mon knowing Baton Pass
|rule|Sleep Clause Mod: Limit one foe put to sleep
|rule|Species Clause: Limit one of each PokÃ©mon
|rule|OHKO Clause: OHKO moves are banned
|rule|Moody Clause: Moody is banned
|rule|Evasion Moves Clause: Evasion moves are banned
|rule|Endless Battle Clause: Forcing endless battles is banned
|rule|HP Percentage Mod: HP is shown in percentages
|teampreview
|c|âShakeTheRoom|glhf
|c|âStorm Jesus|glhf
|
|start
|switch|p1a: Heihachi|Conkeldurr, M|383\/383
|switch|p2a: Oswald Cobblepot|Empoleon, M|372\/372
|turn|1
|
|switch|p2a: HUGE GUTS|Clefable, M|394\/394
|move|p1a: Heihachi|Drain Punch|p2a: HUGE GUTS
|-resisted|p2a: HUGE GUTS
|-damage|p2a: HUGE GUTS|303\/394
|
|-heal|p2a: HUGE GUTS|327\/394|[from] item: Leftovers
|turn|2
|
|switch|p1a: Phantom|Gengar, M|262\/262
|move|p2a: HUGE GUTS|Fire Blast|p1a: Phantom
|-damage|p1a: Phantom|118\/262
|
|-heal|p2a: HUGE GUTS|351\/394|[from] item: Leftovers
|turn|3
|
|switch|p2a: Adaptability 3|Dragalge, F|334\/334
|move|p1a: Phantom|Focus Blast|p2a: Adaptability 3
|-resisted|p2a: Adaptability 3
|-damage|p2a: Adaptability 3|252\/334
|-unboost|p2a: Adaptability 3|spd|1
|-damage|p1a: Phantom|92\/262|[from] item: Life Orb
|
|turn|4
|
|move|p1a: Phantom|Shadow Ball|p2a: Adaptability 3
|-damage|p2a: Adaptability 3|2\/334
|-damage|p1a: Phantom|66\/262|[from] item: Life Orb
|move|p2a: Adaptability 3|Draco Meteor|p1a: Phantom|[miss]
|-miss|p2a: Adaptability 3|p1a: Phantom
|
|turn|5
|c|âShakeTheRoom|kek
|
|move|p1a: Phantom|Shadow Ball|p2a: Adaptability 3
|-damage|p2a: Adaptability 3|0 fnt
|-damage|p1a: Phantom|40\/262|[from] item: Life Orb
|faint|p2a: Adaptability 3
|
|c|âShakeTheRoom|i have missed every draco meteor today
|
|switch|p2a: Oswald Cobblepot|Empoleon, M|372\/372
|turn|6
|
|move|p1a: Phantom|Focus Blast|p2a: Oswald Cobblepot
|-supereffective|p2a: Oswald Cobblepot
|-damage|p2a: Oswald Cobblepot|34\/372
|-damage|p1a: Phantom|14\/262|[from] item: Life Orb
|move|p2a: Oswald Cobblepot|Stealth Rock|p1a: Phantom
|-sidestart|p1: Storm Jesus|move: Stealth Rock
|
|-heal|p2a: Oswald Cobblepot|57\/372|[from] item: Leftovers
|turn|7
|
|switch|p2a: HUGE GUTS|Clefable, M|351\/394
|move|p1a: Phantom|Shadow Ball|p2a: HUGE GUTS
|-damage|p2a: HUGE GUTS|131\/394
|-damage|p1a: Phantom|0 fnt|[from] item: Life Orb
|faint|p1a: Phantom
|
|-heal|p2a: HUGE GUTS|155\/394|[from] item: Leftovers
|
|switch|p1a: Zelda|Meloetta|404\/404
|-damage|p1a: Zelda|354\/404|[from] Stealth Rock
|turn|8
|
|switch|p2a: taunt me|Ferrothorn, F|352\/352
|move|p1a: Zelda|Substitute|p1a: Zelda
|-start|p1a: Zelda|Substitute
|-damage|p1a: Zelda|253\/404
|
|-heal|p1a: Zelda|278\/404|[from] item: Leftovers
|turn|9
|c|âShakeTheRoom|meloetta is p cool not gonna lie
|
|switch|p1a: Tytannial|Ferrothorn, M|352\/352
|-damage|p1a: Tytannial|330\/352|[from] Stealth Rock
|move|p2a: taunt me|Knock Off|p1a: Tytannial
|-damage|p1a: Tytannial|290\/352
|-damage|p2a: taunt me|308\/352|[from] ability: Iron Barbs|[of] p1a: Tytannial
|-damage|p2a: taunt me|250\/352|[from] item: Rocky Helmet|[of] p1a: Tytannial
|-enditem|p1a: Tytannial|Rocky Helmet|[from] move: Knock Off|[of] p2a: taunt me
|
|-heal|p2a: taunt me|272\/352|[from] item: Leftovers
|turn|10
|
|switch|p2a: Easy Bake|Rotom-Heat|304\/304
|move|p1a: Tytannial|Stealth Rock|p2a: Easy Bake
|-sidestart|p2: ShakeTheRoom|move: Stealth Rock
|
|turn|11
|
|move|p2a: Easy Bake|Volt Switch|p1a: Tytannial
|-resisted|p1a: Tytannial
|-damage|p1a: Tytannial|255\/352
|
|switch|p2a: HUGE GUTS|Clefable, M|155\/394
|-damage|p2a: HUGE GUTS|106\/394|[from] Stealth Rock
|move|p1a: Tytannial|Spikes|p2a: HUGE GUTS
|-sidestart|p2: ShakeTheRoom|Spikes
|
|-heal|p2a: HUGE GUTS|130\/394|[from] item: Leftovers
|turn|12
|
|move|p2a: HUGE GUTS|Fire Blast|p1a: Tytannial
|-supereffective|p1a: Tytannial
|-damage|p1a: Tytannial|0 fnt
|faint|p1a: Tytannial
|
|-heal|p2a: HUGE GUTS|154\/394|[from] item: Leftovers
|
|switch|p1a: Zelda|Meloetta|278\/404
|-damage|p1a: Zelda|228\/404|[from] Stealth Rock
|turn|13
|
|move|p1a: Zelda|Substitute|p1a: Zelda
|-start|p1a: Zelda|Substitute
|-damage|p1a: Zelda|127\/404
|move|p2a: HUGE GUTS|Moonlight|p2a: HUGE GUTS
|-heal|p2a: HUGE GUTS|351\/394
|
|-heal|p1a: Zelda|152\/404|[from] item: Leftovers
|-heal|p2a: HUGE GUTS|375\/394|[from] item: Leftovers
|turn|14
|join|swaqfeq
|
|move|p1a: Zelda|Calm Mind|p1a: Zelda
|-boost|p1a: Zelda|spa|1
|-boost|p1a: Zelda|spd|1
|move|p2a: HUGE GUTS|Calm Mind|p2a: HUGE GUTS
|-boost|p2a: HUGE GUTS|spa|1
|-boost|p2a: HUGE GUTS|spd|1
|
|-heal|p1a: Zelda|177\/404|[from] item: Leftovers
|-heal|p2a: HUGE GUTS|394\/394|[from] item: Leftovers
|turn|15
|c|âStorm Jesus|:]
|
|move|p1a: Zelda|Calm Mind|p1a: Zelda
|-boost|p1a: Zelda|spa|1
|-boost|p1a: Zelda|spd|1
|move|p2a: HUGE GUTS|Moonblast|p1a: Zelda
|-end|p1a: Zelda|Substitute
|
|-heal|p1a: Zelda|202\/404|[from] item: Leftovers
|turn|16
|
|move|p1a: Zelda|Skill Swap|p2a: HUGE GUTS
|-activate|p1a: Zelda|move: Skill Swap|Unaware|Serene Grace|[of] p2a: HUGE GUTS
|move|p2a: HUGE GUTS|Moonblast|p1a: Zelda
|-damage|p1a: Zelda|139\/404
|
|-heal|p1a: Zelda|164\/404|[from] item: Leftovers
|turn|17
|c|âShakeTheRoom|OH SHIT
|c|âStorm Jesus|lol
|c|âShakeTheRoom|i cant even
|
|move|p1a: Zelda|Substitute|p1a: Zelda
|-start|p1a: Zelda|Substitute
|-damage|p1a: Zelda|63\/404
|move|p2a: HUGE GUTS|Moonblast|p1a: Zelda
|-activate|p1a: Zelda|Substitute|[damage]
|
|-heal|p1a: Zelda|88\/404|[from] item: Leftovers
|turn|18
|c|âShakeTheRoom|dont even know how to react now
|
|move|p1a: Zelda|Calm Mind|p1a: Zelda
|-boost|p1a: Zelda|spa|1
|-boost|p1a: Zelda|spd|1
|move|p2a: HUGE GUTS|Moonblast|p1a: Zelda
|-end|p1a: Zelda|Substitute
|
|-heal|p1a: Zelda|113\/404|[from] item: Leftovers
|turn|19
|c| swaqfeq|i like meloetta
|
|move|p1a: Zelda|Substitute|p1a: Zelda
|-start|p1a: Zelda|Substitute
|-damage|p1a: Zelda|12\/404
|move|p2a: HUGE GUTS|Moonblast|p1a: Zelda
|-activate|p1a: Zelda|Substitute|[damage]
|
|-heal|p1a: Zelda|37\/404|[from] item: Leftovers
|turn|20
|
|move|p1a: Zelda|Psyshock|p2a: HUGE GUTS
|-damage|p2a: HUGE GUTS|40\/394
|move|p2a: HUGE GUTS|Moonblast|p1a: Zelda
|-activate|p1a: Zelda|Substitute|[damage]
|
|-heal|p1a: Zelda|62\/404|[from] item: Leftovers
|-heal|p2a: HUGE GUTS|64\/394|[from] item: Leftovers
|turn|21
|c|âShakeTheRoom|god damn
|
|move|p1a: Zelda|Psyshock|p2a: HUGE GUTS
|-damage|p2a: HUGE GUTS|0 fnt
|faint|p2a: HUGE GUTS
|
|-heal|p1a: Zelda|87\/404|[from] item: Leftovers
|c|âShakeTheRoom|like one move turned the whole match around
|c|âStorm Jesus|:]
|
|switch|p2a: The King Is Back|Metagross|321\/321
|-damage|p2a: The King Is Back|301\/321|[from] Stealth Rock
|-damage|p2a: The King Is Back|261\/321|[from] Spikes
|turn|22
|c|âStorm Jesus|even tho this game is won
|c|âStorm Jesus|my rank is still bad
|c|âShakeTheRoom|gonna save this and show it to my buddy later cause that was ballin
|
|detailschange|p2a: The King Is Back|Metagross-Mega
|-mega|p2a: The King Is Back|Metagross|Metagrossite
|move|p2a: The King Is Back|Meteor Mash|p1a: Zelda
|-crit|p1a: Zelda
|-end|p1a: Zelda|Substitute
|move|p1a: Zelda|Psyshock|p2a: The King Is Back
|-resisted|p2a: The King Is Back
|-damage|p2a: The King Is Back|215\/321
|
|-heal|p1a: Zelda|112\/404|[from] item: Leftovers
|turn|23
|c| swaqfeq|haha
|c| swaqfeq|Shaketheroom is a convert
|
|move|p2a: The King Is Back|Meteor Mash|p1a: Zelda
|-damage|p1a: Zelda|0 fnt
|-boost|p2a: The King Is Back|atk|1
|faint|p1a: Zelda
|
|c|âStorm Jesus|I have nothing for this
|c|âShakeTheRoom|damn straight
|
|switch|p1a: Predator|Gyarados, M|331\/331
|-damage|p1a: Predator|249\/331|[from] Stealth Rock
|-ability|p1a: Predator|Intimidate|[of] p2a: The King Is Back
|-unboost|p2a: The King Is Back|atk|1
|turn|24
|c|âStorm Jesus|welll
|c|âStorm Jesus|:]
|c|âShakeTheRoom|aw fuck
|
|detailschange|p1a: Predator|Gyarados-Mega, M
|-mega|p1a: Predator|Gyarados|Gyaradosite
|-ability|p1a: Predator|Mold Breaker
|move|p2a: The King Is Back|Zen Headbutt|p1a: Predator
|-immune|p1a: Predator|[msg]
|move|p1a: Predator|Crunch|p2a: The King Is Back
|-supereffective|p2a: The King Is Back
|-damage|p2a: The King Is Back|9\/321
|-unboost|p2a: The King Is Back|def|1
|
|turn|25
|
|move|p2a: The King Is Back|Meteor Mash|p1a: Predator
|-resisted|p1a: Predator
|-damage|p1a: Predator|121\/331
|move|p1a: Predator|Crunch|p2a: The King Is Back
|-supereffective|p2a: The King Is Back
|-damage|p2a: The King Is Back|0 fnt
|faint|p2a: The King Is Back
|
|
|switch|p2a: taunt me|Ferrothorn, F|272\/352
|-damage|p2a: taunt me|228\/352|[from] Spikes
|-damage|p2a: taunt me|206\/352|[from] Stealth Rock
|turn|26
|c|âShakeTheRoom|meloetta clutched so damn hard
|c|âStorm Jesus|:]
|
|move|p1a: Predator|Substitute|p1a: Predator
|-start|p1a: Predator|Substitute
|-damage|p1a: Predator|39\/331
|move|p2a: taunt me|Power Whip|p1a: Predator
|-supereffective|p1a: Predator
|-end|p1a: Predator|Substitute
|
|-heal|p2a: taunt me|228\/352|[from] item: Leftovers
|turn|27
|c|âStorm Jesus|aftar the steeltypes and darktypes.. it kinds sweeps
|
|move|p1a: Predator|Crunch|p2a: taunt me
|-damage|p2a: taunt me|119\/352
|-damage|p1a: Predator|0 fnt|[from] ability: Iron Barbs|[of] p2a: taunt me
|faint|p1a: Predator
|move|p2a: taunt me|Power Whip|p1: Predator|[notarget]
|-notarget
|
|-heal|p2a: taunt me|141\/352|[from] item: Leftovers
|
|switch|p1a: Heihachi|Conkeldurr, M|383\/383
|-damage|p1a: Heihachi|360\/383|[from] Stealth Rock
|turn|28
|
|move|p1a: Heihachi|Drain Punch|p2a: taunt me
|-supereffective|p2a: taunt me
|-damage|p2a: taunt me|0 fnt
|-heal|p1a: Heihachi|383\/383|[from] drain|[of] p2a: taunt me
|-damage|p1a: Heihachi|336\/383|[from] ability: Iron Barbs|[of] p2a: taunt me
|faint|p2a: taunt me
|
|
|switch|p2a: Easy Bake|Rotom-Heat|304\/304
|-damage|p2a: Easy Bake|228\/304|[from] Stealth Rock
|turn|29
|
|move|p2a: Easy Bake|Overheat|p1a: Heihachi|[miss]
|-miss|p2a: Easy Bake|p1a: Heihachi
|move|p1a: Heihachi|Drain Punch|p2a: Easy Bake
|-damage|p2a: Easy Bake|141\/304
|-heal|p1a: Heihachi|380\/383|[from] drain|[of] p2a: Easy Bake
|
|-heal|p2a: Easy Bake|160\/304|[from] item: Leftovers
|turn|30
|c|âShakeTheRoom|fak
|c|âStorm Jesus|dat damage
|
|move|p2a: Easy Bake|Pain Split|p1a: Heihachi
|-sethp|p1a: Heihachi|270\/383|p2a: Easy Bake|270\/304|[from] move: Pain Split
|move|p1a: Heihachi|Drain Punch|p2a: Easy Bake
|-damage|p2a: Easy Bake|173\/304
|-heal|p1a: Heihachi|319\/383|[from] drain|[of] p2a: Easy Bake
|
|-heal|p2a: Easy Bake|192\/304|[from] item: Leftovers
|turn|31
|c|âStorm Jesus|overheat me imo
|c|âShakeTheRoom|physically defensive rotom h
|
|move|p2a: Easy Bake|Overheat|p1a: Heihachi
|-damage|p1a: Heihachi|214\/383
|-unboost|p2a: Easy Bake|spa|2
|move|p1a: Heihachi|Knock Off|p2a: Easy Bake
|-damage|p2a: Easy Bake|113\/304
|-enditem|p2a: Easy Bake|Leftovers|[from] move: Knock Off|[of] p1a: Heihachi
|
|turn|32
|c|âStorm Jesus|spdef conkeldurr
|c|âShakeTheRoom|because fuck washing machines
|
|move|p2a: Easy Bake|Overheat|p1a: Heihachi
|-damage|p1a: Heihachi|160\/383
|-unboost|p2a: Easy Bake|spa|2
|move|p1a: Heihachi|Drain Punch|p2a: Easy Bake
|-damage|p2a: Easy Bake|22\/304
|-heal|p1a: Heihachi|206\/383|[from] drain|[of] p2a: Easy Bake
|
|turn|33
|c|âStorm Jesus|ur team is cancer
|c|âStorm Jesus|;-;
|
|move|p1a: Heihachi|Mach Punch|p2a: Easy Bake
|-damage|p2a: Easy Bake|0 fnt
|faint|p2a: Easy Bake
|
|c|âShakeTheRoom|my mind is still reeling from meloetta
|c|âStorm Jesus|:v
|
|switch|p2a: Oswald Cobblepot|Empoleon, M|57\/372
|-damage|p2a: Oswald Cobblepot|11\/372|[from] Spikes
|-damage|p2a: Oswald Cobblepot|0 fnt|[from] Stealth Rock
|faint|p2a: Oswald Cobblepot
|
|win|Storm Jesus
|raw|Ladder updating...
|raw|Storm Jesus's rating: 1247 &rarr; <strong>1264<\/strong><br \/>(+17 for winning)
|raw|ShakeTheRoom's rating: 1134 &rarr; <strong>1117<\/strong><br \/>(-17 for losing)
|c|âStorm Jesus|jheejhee :3
|leave|Storm Jesus
|player|p1