|join|CH Illumination
|join|Storm Jesus
|unlink||clan
|player|p1|CH Illumination|275
|player|p2|Storm Jesus|151
|gametype|singles
|gen|6
|tier|OU
|clearpoke
|poke|p1|Diancie|item
|poke|p1|Magnezone|item
|poke|p1|Landorus-Therian, M|item
|poke|p1|Talonflame, F|item
|poke|p1|Latios, M|item
|poke|p1|Ferrothorn, M|item
|poke|p2|Politoed, M, shiny|item
|poke|p2|Venusaur, M|item
|poke|p2|Kingdra, M|item
|poke|p2|Dragonite, M|item
|poke|p2|Raikou|item
|poke|p2|Ferrothorn, M|item
|rule|ClÃ¡usula de Swagger: se prohibe el uso de Swagger
|rule|ClÃ¡usula de Baton Pass: se prohÃ­be mÃ¡s de 1 PokÃ©mon con Baton Pass
|rule|ClÃ¡usula-Mod de Dormir: solo puedes dormir a uno de tus oponentes a la vez.
|rule|ClÃ¡usula de Especie: Hasta un PokÃ©mon de cada especie
|rule|ClÃ¡usula de Golpe Fulminante: los movimientos fulminantes (OHKO) estan prohibidos
|rule|ClÃ¡usula de Moody: la habilidad Moody estÃ¡ prohibida
|rule|ClÃ¡usula de Movimientos Evasivos: los movimientos de evasion estan prohibidos
|rule|ClÃ¡usula de Batallas Eternas: forzar batallas eternas estÃ¡ prohibido
|rule|Modo de Porcentaje de HP: el HP es mostrado en porcentaje
|teampreview
|join|ORAS Bennard
|join|Corn FlÎ±kes
|join|Madara la gorda
|join|Empanada Frita
|join|Abras%Kazam%
|
|start
|switch|p1a: Magnezone|Magnezone|281\/281
|switch|p2a: Slippy|Politoed, M, shiny|384\/384
|-weather|RainDance
|turn|1
|join|Izumi-Konata:3
|
|switch|p2a: Sabertooth|Raikou|322\/322
|-ability|p2a: Sabertooth|Pressure
|move|p1a: Magnezone|Volt Switch|p2a: Sabertooth
|-resisted|p2a: Sabertooth
|-damage|p2a: Sabertooth|277\/322
|join|M0A L0RD P3Ã4
|
|switch|p1a: Landorus-Therian|Landorus-Therian, M|369\/369
|-ability|p1a: Landorus-Therian|Intimidate|[of] p2a: Sabertooth
|-unboost|p2a: Sabertooth|atk|1
|
|-weather|RainDance|[upkeep]
|turn|2
|join|Spectral Knight
|join|AnDream
|
|switch|p2a: Tytannial|Ferrothorn, M|352\/352
|move|p1a: Landorus-Therian|U-turn|p2a: Tytannial
|-damage|p2a: Tytannial|295\/352
|-damage|p1a: Landorus-Therian|323\/369|[from] ability: Iron Barbs|[of] p2a: Tytannial
|
|switch|p1a: Talonflame|Talonflame, F|359\/359
|
|-weather|RainDance|[upkeep]
|-heal|p2a: Tytannial|317\/352|[from] item: Leftovers
|turn|3
|
|move|p1a: Talonflame|Taunt|p2a: Tytannial
|-start|p2a: Tytannial|move: Taunt
|cant|p2a: Tytannial|move: Taunt|Stealth Rock
|
|-weather|RainDance|[upkeep]
|-heal|p2a: Tytannial|339\/352|[from] item: Leftovers
|turn|4
|
|switch|p2a: Neptune|Kingdra, M|291\/291
|move|p1a: Talonflame|Will-O-Wisp|p2a: Neptune
|-status|p2a: Neptune|brn
|
|-weather|RainDance|[upkeep]
|-damage|p2a: Neptune|255\/291 brn|[from] brn
|turn|5
|join|Drake SwazÃ«nageer
|join|Mandex
|
|switch|p1a: Ferrothorn|Ferrothorn, M|352\/352
|move|p2a: Neptune|Scald|p1a: Ferrothorn
|-resisted|p1a: Ferrothorn
|-damage|p1a: Ferrothorn|238\/352
|
|-weather|RainDance|[upkeep]
|-heal|p1a: Ferrothorn|260\/352|[from] item: Leftovers
|-damage|p2a: Neptune|219\/291 brn|[from] brn
|turn|6
|join|CH karloshm
|leave|Empanada Frita
|leave|ORAS Bennard
|
|switch|p2a: Tytannial|Ferrothorn, M|339\/352
|switch|p1a: Magnezone|Magnezone|281\/281
|
|-weather|RainDance|[upkeep]
|-heal|p2a: Tytannial|352\/352|[from] item: Leftovers
|turn|7
|join|TNH enishi
|join|DisfrutaDeLaDisco
|join|placaje
|
|move|p1a: Magnezone|Hidden Power|p2a: Tytannial
|-supereffective|p2a: Tytannial
|-damage|p2a: Tytannial|232\/352
|move|p2a: Tytannial|Stealth Rock|p1a: Magnezone
|-sidestart|p1: CH Illumination|move: Stealth Rock
|
|-weather|RainDance|[upkeep]
|-heal|p2a: Tytannial|254\/352|[from] item: Leftovers
|turn|8
|
|move|p1a: Magnezone|Hidden Power|p2a: Tytannial
|-supereffective|p2a: Tytannial
|-damage|p2a: Tytannial|130\/352
|move|p2a: Tytannial|Spikes|p1a: Magnezone
|-sidestart|p1: CH Illumination|Spikes
|
|-weather|none
|-heal|p2a: Tytannial|152\/352|[from] item: Leftovers
|turn|9
|
|move|p1a: Magnezone|Hidden Power|p2a: Tytannial
|-supereffective|p2a: Tytannial
|-damage|p2a: Tytannial|0 fnt
|faint|p2a: Tytannial
|
|c| Abras%Kazam%|fucked rain .-.
|
|switch|p2a: Slippy|Politoed, M, shiny|384\/384
|-weather|RainDance
|turn|10
|
|switch|p1a: Latios|Latios, M|301\/301
|-damage|p1a: Latios|264\/301|[from] Stealth Rock
|move|p2a: Slippy|Scald|p1a: Latios
|-resisted|p1a: Latios
|-damage|p1a: Latios|204\/301
|-status|p1a: Latios|brn
|
|-weather|RainDance|[upkeep]
|-damage|p1a: Latios|167\/301 brn|[from] brn
|turn|11
|c|âStorm Jesus|:]
|join|ORAS Bennard
|
|move|p1a: Latios|Defog|p2a: Slippy
|-unboost|p2a: Slippy|evasion|1
|-sideend|p1: CH Illumination|Spikes|[from] move: Defog|[of] p1a: Latios
|-sideend|p1: CH Illumination|Stealth Rock|[from] move: Defog|[of] p1a: Latios
|move|p2a: Slippy|Ice Beam|p1a: Latios
|-supereffective|p1a: Latios
|-damage|p1a: Latios|41\/301 brn
|
|-weather|RainDance|[upkeep]
|-damage|p1a: Latios|4\/301 brn|[from] brn
|turn|12
|join|CH PokeJose
|
|move|p2a: Slippy|Protect|p2a: Slippy
|-singleturn|p2a: Slippy|Protect
|move|p1a: Latios|Psyshock|p2a: Slippy
|-activate|p2a: Slippy|Protect
|
|-weather|RainDance|[upkeep]
|-damage|p1a: Latios|0 fnt|[from] brn
|faint|p1a: Latios
|
|switch|p1a: Magnezone|Magnezone|281\/281
|turn|13
|
|move|p1a: Magnezone|Volt Switch|p2a: Slippy
|-supereffective|p2a: Slippy
|-damage|p2a: Slippy|184\/384
|join|dark stk
|
|switch|p1a: Ferrothorn|Ferrothorn, M|260\/352
|move|p2a: Slippy|Scald|p1a: Ferrothorn
|-resisted|p1a: Ferrothorn
|-damage|p1a: Ferrothorn|208\/352
|
|-weather|RainDance|[upkeep]
|-heal|p1a: Ferrothorn|230\/352|[from] item: Leftovers
|turn|14
|
|move|p2a: Slippy|Scald|p1a: Ferrothorn
|-resisted|p1a: Ferrothorn
|-damage|p1a: Ferrothorn|174\/352
|move|p1a: Ferrothorn|Leech Seed|p2a: Slippy
|-start|p2a: Slippy|move: Leech Seed
|
|-weather|RainDance|[upkeep]
|-heal|p1a: Ferrothorn|196\/352|[from] item: Leftovers
|-damage|p2a: Slippy|136\/384|[from] Leech Seed|[of] p1a: Ferrothorn
|-heal|p1a: Ferrothorn|244\/352|[silent]
|turn|15
|leave|dark stk
|
|move|p1a: Ferrothorn|Protect|p1a: Ferrothorn
|-singleturn|p1a: Ferrothorn|Protect
|move|p2a: Slippy|Scald|p1a: Ferrothorn
|-activate|p1a: Ferrothorn|Protect
|
|-weather|RainDance|[upkeep]
|-heal|p1a: Ferrothorn|266\/352|[from] item: Leftovers
|-damage|p2a: Slippy|88\/384|[from] Leech Seed|[of] p1a: Ferrothorn
|-heal|p1a: Ferrothorn|314\/352|[silent]
|turn|16
|
|switch|p2a: Rex|Venusaur, M|364\/364
|move|p1a: Ferrothorn|Spikes|p2a: Rex
|-sidestart|p2: Storm Jesus|Spikes
|
|-weather|RainDance|[upkeep]
|-heal|p1a: Ferrothorn|336\/352|[from] item: Leftovers
|turn|17
|
|detailschange|p2a: Rex|Venusaur-Mega, M
|-mega|p2a: Rex|Venusaur|Venusaurite
|move|p2a: Rex|Earthquake|p1a: Ferrothorn
|-damage|p1a: Ferrothorn|289\/352
|move|p1a: Ferrothorn|Spikes|p2a: Rex
|-sidestart|p2: Storm Jesus|Spikes
|
|-weather|none
|-heal|p1a: Ferrothorn|311\/352|[from] item: Leftovers
|turn|18
|
|move|p2a: Rex|Earthquake|p1a: Ferrothorn
|-damage|p1a: Ferrothorn|267\/352
|move|p1a: Ferrothorn|Spikes|p2a: Rex
|-sidestart|p2: Storm Jesus|Spikes
|
|-heal|p1a: Ferrothorn|289\/352|[from] item: Leftovers
|turn|19
|
|move|p2a: Rex|Earthquake|p1a: Ferrothorn
|-damage|p1a: Ferrothorn|243\/352
|move|p1a: Ferrothorn|Gyro Ball|p2a: Rex
|-damage|p2a: Rex|286\/364
|
|-heal|p1a: Ferrothorn|265\/352|[from] item: Leftovers
|turn|20
|
|move|p2a: Rex|Sludge Bomb|p1a: Ferrothorn
|-immune|p1a: Ferrothorn|[msg]
|move|p1a: Ferrothorn|Gyro Ball|p2a: Rex
|-damage|p2a: Rex|202\/364
|
|-heal|p1a: Ferrothorn|287\/352|[from] item: Leftovers
|turn|21
|join|xllaparca
|c|âStorm Jesus|:]
|
|move|p2a: Rex|Synthesis|p2a: Rex
|-heal|p2a: Rex|364\/364
|move|p1a: Ferrothorn|Gyro Ball|p2a: Rex
|-damage|p2a: Rex|282\/364
|
|-heal|p1a: Ferrothorn|309\/352|[from] item: Leftovers
|turn|22
|join|Shingu Meteoraito
|join|CH''Anton:3
|
|switch|p1a: Landorus-Therian|Landorus-Therian, M|323\/369
|-ability|p1a: Landorus-Therian|Intimidate|[of] p2a: Rex
|-unboost|p2a: Rex|atk|1
|move|p2a: Rex|Earthquake|p1a: Landorus-Therian
|-immune|p1a: Landorus-Therian|[msg]
|
|-heal|p1a: Landorus-Therian|346\/369|[from] item: Leftovers
|turn|23
|
|move|p1a: Landorus-Therian|Stealth Rock|p2a: Rex
|-sidestart|p2: Storm Jesus|move: Stealth Rock
|move|p2a: Rex|Giga Drain|p1a: Landorus-Therian
|-damage|p1a: Landorus-Therian|213\/369
|-heal|p2a: Rex|349\/364|[from] drain|[of] p1a: Landorus-Therian
|
|-heal|p1a: Landorus-Therian|236\/369|[from] item: Leftovers
|turn|24
|c|âStorm Jesus|no damage
|join|Arcaninseanps92
|
|move|p1a: Landorus-Therian|U-turn|p2a: Rex
|-damage|p2a: Rex|286\/364
|join|Feragon
|
|switch|p1a: Ferrothorn|Ferrothorn, M|309\/352
|move|p2a: Rex|Giga Drain|p1a: Ferrothorn
|-resisted|p1a: Ferrothorn
|-damage|p1a: Ferrothorn|288\/352
|-heal|p2a: Rex|297\/364|[from] drain|[of] p1a: Ferrothorn
|
|-heal|p1a: Ferrothorn|310\/352|[from] item: Leftovers
|turn|25
|
|move|p2a: Rex|Earthquake|p1a: Ferrothorn
|-damage|p1a: Ferrothorn|280\/352
|move|p1a: Ferrothorn|Gyro Ball|p2a: Rex
|-damage|p2a: Rex|224\/364
|
|-heal|p1a: Ferrothorn|302\/352|[from] item: Leftovers
|turn|26
|leave|Corn FlÎ±kes
|join|ElByFedexx
|join|Empanada Frita
|
|switch|p1a: Talonflame|Talonflame, F|359\/359
|move|p2a: Rex|Synthesis|p2a: Rex
|-heal|p2a: Rex|364\/364
|
|turn|27
|c|+CH''Anton:3|y el curse :v
|c|+CH''Anton:3|oc no
|
|switch|p2a: Behemoth|Dragonite, M|386\/386
|-damage|p2a: Behemoth|290\/386|[from] Stealth Rock
|move|p1a: Talonflame|Will-O-Wisp|p2a: Behemoth
|-status|p2a: Behemoth|brn
|
|-damage|p2a: Behemoth|242\/386 brn|[from] brn
|turn|28
|join|Ezze
|
|switch|p1a: Ferrothorn|Ferrothorn, M|302\/352
|move|p2a: Behemoth|Waterfall|p1a: Ferrothorn
|-resisted|p1a: Ferrothorn
|-damage|p1a: Ferrothorn|277\/352
|-damage|p2a: Behemoth|194\/386 brn|[from] ability: Iron Barbs|[of] p1a: Ferrothorn
|
|-heal|p1a: Ferrothorn|299\/352|[from] item: Leftovers
|-damage|p2a: Behemoth|146\/386 brn|[from] brn
|turn|29
|
|move|p2a: Behemoth|Waterfall|p1a: Ferrothorn
|-resisted|p1a: Ferrothorn
|-damage|p1a: Ferrothorn|275\/352
|-damage|p2a: Behemoth|98\/386 brn|[from] ability: Iron Barbs|[of] p1a: Ferrothorn
|move|p1a: Ferrothorn|Gyro Ball|p2a: Behemoth
|-damage|p2a: Behemoth|0 fnt
|faint|p2a: Behemoth
|
|-heal|p1a: Ferrothorn|297\/352|[from] item: Leftovers
|leave|Izumi-Konata:3
|
|switch|p2a: Rex|Venusaur-Mega, M|364\/364
|-damage|p2a: Rex|319\/364|[from] Stealth Rock
|-damage|p2a: Rex|228\/364|[from] Spikes
|turn|30
|
|switch|p1a: Talonflame|Talonflame, F|359\/359
|move|p2a: Rex|Sludge Bomb|p1a: Talonflame
|-damage|p1a: Talonflame|247\/359
|
|-heal|p1a: Talonflame|269\/359|[from] item: Leftovers
|turn|31
|leave|Spectral Knight
|
|move|p1a: Talonflame|Will-O-Wisp|p2a: Rex|[miss]
|-miss|p1a: Talonflame|p2a: Rex
|move|p2a: Rex|Sludge Bomb|p1a: Talonflame
|-damage|p1a: Talonflame|154\/359
|
|-heal|p1a: Talonflame|176\/359|[from] item: Leftovers
|turn|32
|join|CH Kelverian
|
|switch|p2a: Slippy|Politoed, M, shiny|88\/384
|-damage|p2a: Slippy|0 fnt|[from] Spikes
|faint|p2a: Slippy
|move|p1a: Talonflame|Will-O-Wisp|p2: Slippy|[notarget]
|-notarget
|
|-heal|p1a: Talonflame|198\/359|[from] item: Leftovers
|
|switch|p2a: Sabertooth|Raikou|277\/322
|-damage|p2a: Sabertooth|237\/322|[from] Stealth Rock
|-damage|p2a: Sabertooth|157\/322|[from] Spikes
|-ability|p2a: Sabertooth|Pressure
|turn|33
|join|Corn FlÎ±kes
|join|Darkomar
|leave|ElByFedexx
|c|@CH Kelverian|Vamos kumon. \o\/
|
|switch|p1a: Magnezone|Magnezone|281\/281
|move|p2a: Sabertooth|Thunderbolt|p1a: Magnezone
|-resisted|p1a: Magnezone
|-damage|p1a: Magnezone|203\/281
|
|turn|34
|c| Madara la gorda|gg'ed
|join|Testeando UuU
|c| Madara la gorda|ywy
|join|MaroÃ²n 5
|c|âStorm Jesus|talonflame ded venusaur gg
|c|âStorm Jesus|:]
|
|move|p2a: Sabertooth|Thunderbolt|p1a: Magnezone
|-resisted|p1a: Magnezone
|-damage|p1a: Magnezone|128\/281
|move|p1a: Magnezone|Volt Switch|p2a: Sabertooth
|-resisted|p2a: Sabertooth
|-damage|p2a: Sabertooth|117\/322
|c| Feragon|:]
|
|switch|p1a: Diancie|Diancie|241\/241
|
|turn|35
|join|SingForAbsolution
|
|detailschange|p1a: Diancie|Diancie-Mega
|-mega|p1a: Diancie|Diancie|Diancite
|move|p2a: Sabertooth|Thunderbolt|p1a: Diancie
|-damage|p1a: Diancie|100\/241
|move|p1a: Diancie|Earth Power|p2a: Sabertooth
|-supereffective|p2a: Sabertooth
|-damage|p2a: Sabertooth|0 fnt
|faint|p2a: Sabertooth
|
|c| DisfrutaDeLaDisco|reveal flash cannon
|
|switch|p2a: Rex|Venusaur-Mega, M|228\/364
|-damage|p2a: Rex|183\/364|[from] Stealth Rock
|-damage|p2a: Rex|92\/364|[from] Spikes
|turn|36
|
|move|p1a: Diancie|Diamond Storm|p2a: Rex
|-damage|p2a: Rex|0 fnt
|faint|p2a: Rex
|
|
|switch|p2a: Neptune|Kingdra, M|219\/291 brn
|-damage|p2a: Neptune|183\/291 brn|[from] Stealth Rock
|-damage|p2a: Neptune|111\/291 brn|[from] Spikes
|turn|37
|c|âStorm Jesus|he got me here
|
|move|p1a: Diancie|Moonblast|p2a: Neptune
|-supereffective|p2a: Neptune
|-damage|p2a: Neptune|0 fnt
|faint|p2a: Neptune
|
|win|CH Illumination
|c|âCH Illumination|gg
|leave|Feragon
|leave|CH Kelverian
|leave|Madara la gorda
|leave|Mandex
|leave|ORAS Bennard
|leave|CH karloshm
|leave|Testeando UuU
|leave|TNH enishi
|leave|placaje
|leave|M0A L0RD P3Ã4
|leave|Corn FlÎ±kes
|leave|Arcaninseanps92
|leave|MaroÃ²n 5
|leave|SingForAbsolution
|leave|Darkomar
|leave|Drake SwazÃ«nageer
|leave|DisfrutaDeLaDisco
|leave|Storm Jesus
|player|p2
|leave|Abras%Kazam%
|leave|CH''Anton:3