|join|undeniably
|join|omarstars
|player|p1|undeniably|13
|player|p2|omarstars|224
|gametype|singles
|gen|6
|tier|UU
|rated
|rule|Sleep Clause Mod: Limit one foe put to sleep
|rule|Species Clause: Limit one of each PokÃ©mon
|rule|OHKO Clause: OHKO moves are banned
|rule|Moody Clause: Moody is banned
|rule|Evasion Moves Clause: Evasion moves are banned
|rule|Endless Battle Clause: Forcing endless battles is banned
|rule|HP Percentage Mod: HP is shown in percentages
|clearpoke
|poke|p1|Yanmega, F
|poke|p1|Hydreigon, F
|poke|p1|Starmie
|poke|p1|Shaymin
|poke|p1|Jirachi
|poke|p1|Swampert, F
|poke|p2|Zygarde
|poke|p2|Diancie
|poke|p2|Jirachi
|poke|p2|Raikou, shiny
|poke|p2|Trevenant, F
|poke|p2|Blastoise, M
|rule|Swagger Clause: Swagger is banned
|rule|Baton Pass Clause: Limit one PokÃ©mon knowing Baton Pass
|teampreview
|
|start
|switch|p1a: Shaymin|Shaymin|357\/357
|switch|p2a: Diancie|Diancie|304\/304
|turn|1
|
|move|p1a: Shaymin|Seed Flare|p2a: Diancie
|-supereffective|p2a: Diancie
|-damage|p2a: Diancie|116\/304
|move|p2a: Diancie|Stealth Rock|p1a: Shaymin
|-sidestart|p1: undeniably|move: Stealth Rock
|
|-heal|p2a: Diancie|135\/304|[from] item: Leftovers
|turn|2
|
|switch|p2a: Trevenant|Trevenant, F|373\/373
|move|p1a: Shaymin|Seed Flare|p2a: Trevenant
|-resisted|p2a: Trevenant
|-damage|p2a: Trevenant|300\/373
|-unboost|p2a: Trevenant|spd|2
|
|turn|3
|
|switch|p2a: Jirachi|Jirachi|341\/341
|move|p1a: Shaymin|Psychic|p2a: Jirachi
|-resisted|p2a: Jirachi
|-damage|p2a: Jirachi|318\/341
|
|turn|4
|
|move|p2a: Jirachi|Trick|p1a: Shaymin
|-activate|p2a: Jirachi|move: Trick|[of] p1a: Shaymin
|-item|p1a: Shaymin|Choice Scarf|[from] move: Trick
|-item|p2a: Jirachi|Leftovers|[from] move: Trick
|move|p1a: Shaymin|Leech Seed|p2a: Jirachi
|-start|p2a: Jirachi|move: Leech Seed
|
|-heal|p2a: Jirachi|339\/341|[from] item: Leftovers
|-damage|p2a: Jirachi|297\/341|[from] Leech Seed|[of] p1a: Shaymin
|turn|5
|
|switch|p1a: Swampert|Swampert, F|362\/362
|-damage|p1a: Swampert|340\/362|[from] Stealth Rock
|move|p2a: Jirachi|U-turn|p1a: Swampert
|-damage|p1a: Swampert|270\/362
|
|switch|p2a: Raikou|Raikou, shiny|321\/321
|-ability|p2a: Raikou|Pressure
|
|turn|6
|
|detailschange|p1a: Swampert|Swampert-Mega, F
|-mega|p1a: Swampert|Swampert|Swampertite
|move|p1a: Swampert|Protect|p1a: Swampert
|-singleturn|p1a: Swampert|Protect
|move|p2a: Raikou|Hidden Power|p1a: Swampert
|-activate|p1a: Swampert|Protect
|
|turn|7
|
|switch|p1a: Jirachi|Jirachi|341\/341
|-damage|p1a: Jirachi|320\/341|[from] Stealth Rock
|move|p2a: Raikou|Hidden Power|p1a: Jirachi
|-resisted|p1a: Jirachi
|-damage|p1a: Jirachi|270\/341
|
|turn|8
|
|move|p1a: Jirachi|U-turn|p2a: Raikou
|-damage|p2a: Raikou|225\/321
|
|switch|p1a: Shaymin|Shaymin|357\/357
|-damage|p1a: Shaymin|313\/357|[from] Stealth Rock
|move|p2a: Raikou|Hidden Power|p1a: Shaymin
|-resisted|p1a: Shaymin
|-damage|p1a: Shaymin|267\/357
|
|turn|9
|
|switch|p2a: Trevenant|Trevenant, F|300\/373
|move|p1a: Shaymin|Seed Flare|p2a: Trevenant
|-resisted|p2a: Trevenant
|-damage|p2a: Trevenant|230\/373
|
|turn|10
|
|switch|p1a: Hydreigon|Hydreigon, F|325\/325
|-damage|p1a: Hydreigon|285\/325|[from] Stealth Rock
|move|p2a: Trevenant|Will-O-Wisp|p1a: Hydreigon
|-status|p1a: Hydreigon|brn
|
|-damage|p1a: Hydreigon|245\/325 brn|[from] brn
|turn|11
|
|switch|p2a: Diancie|Diancie|135\/304
|move|p1a: Hydreigon|Dark Pulse|p2a: Diancie
|-crit|p2a: Diancie
|-resisted|p2a: Diancie
|-damage|p2a: Diancie|65\/304
|-damage|p1a: Hydreigon|213\/325 brn|[from] item: Life Orb
|
|-heal|p2a: Diancie|84\/304|[from] item: Leftovers
|-damage|p1a: Hydreigon|173\/325 brn|[from] brn
|turn|12
|
|switch|p1a: Swampert|Swampert-Mega, F|270\/362
|-damage|p1a: Swampert|248\/362|[from] Stealth Rock
|move|p2a: Diancie|Moonblast|p1a: Swampert
|-damage|p1a: Swampert|158\/362
|-unboost|p1a: Swampert|spa|1
|
|-heal|p2a: Diancie|103\/304|[from] item: Leftovers
|turn|13
|
|switch|p2a: Blastoise|Blastoise, M|361\/361
|move|p1a: Swampert|Stealth Rock|p2a: Blastoise
|-sidestart|p2: omarstars|move: Stealth Rock
|
|turn|14
|
|detailschange|p2a: Blastoise|Blastoise-Mega, M
|-mega|p2a: Blastoise|Blastoise|Blastoisinite
|move|p1a: Swampert|Earthquake|p2a: Blastoise
|-damage|p2a: Blastoise|196\/361
|move|p2a: Blastoise|Rapid Spin|p1a: Swampert
|-damage|p1a: Swampert|145\/362
|-sideend|p2: omarstars|Stealth Rock|[from] move: Rapid Spin|[of] p2a: Blastoise
|
|turn|15
|
|move|p1a: Swampert|Stealth Rock|p2a: Blastoise
|-sidestart|p2: omarstars|move: Stealth Rock
|move|p2a: Blastoise|Water Pulse|p1a: Swampert
|-damage|p1a: Swampert|0 fnt
|faint|p1a: Swampert
|
|
|switch|p1a: Shaymin|Shaymin|267\/357
|-damage|p1a: Shaymin|223\/357|[from] Stealth Rock
|turn|16
|
|move|p1a: Shaymin|Seed Flare|p2a: Blastoise
|-supereffective|p2a: Blastoise
|-damage|p2a: Blastoise|0 fnt
|faint|p2a: Blastoise
|
|
|switch|p2a: Jirachi|Jirachi|297\/341
|-damage|p2a: Jirachi|276\/341|[from] Stealth Rock
|turn|17
|
|move|p1a: Shaymin|Seed Flare|p2a: Jirachi
|-resisted|p2a: Jirachi
|-damage|p2a: Jirachi|184\/341
|move|p2a: Jirachi|U-turn|p1a: Shaymin
|-supereffective|p1a: Shaymin
|-damage|p1a: Shaymin|91\/357
|
|switch|p2a: Trevenant|Trevenant, F|230\/373
|-damage|p2a: Trevenant|184\/373|[from] Stealth Rock
|
|turn|18
|
|move|p1a: Shaymin|Seed Flare|p2a: Trevenant|[miss]
|-miss|p1a: Shaymin|p2a: Trevenant
|move|p2a: Trevenant|Rest|p2a: Trevenant
|-status|p2a: Trevenant|slp
|-heal|p2a: Trevenant|373\/373 slp|[silent]
|-status|p2a: Trevenant|slp|[from] move: Rest
|-enditem|p2a: Trevenant|Lum Berry|[eat]
|-curestatus|p2a: Trevenant|slp
|
|-item|p2a: Trevenant|Lum Berry|[from] ability: Harvest
|turn|19
|
|switch|p1a: Hydreigon|Hydreigon, F|173\/325 brn
|-damage|p1a: Hydreigon|133\/325 brn|[from] Stealth Rock
|move|p2a: Trevenant|Will-O-Wisp|p1a: Hydreigon
|-fail|p1a: Hydreigon|brn
|
|-damage|p1a: Hydreigon|93\/325 brn|[from] brn
|turn|20
|
|switch|p2a: Diancie|Diancie|103\/304
|-damage|p2a: Diancie|65\/304|[from] Stealth Rock
|move|p1a: Hydreigon|Dark Pulse|p2a: Diancie
|-resisted|p2a: Diancie
|-damage|p2a: Diancie|14\/304
|-damage|p1a: Hydreigon|61\/325 brn|[from] item: Life Orb
|
|-heal|p2a: Diancie|33\/304|[from] item: Leftovers
|-damage|p1a: Hydreigon|21\/325 brn|[from] brn
|turn|21
|
|move|p1a: Hydreigon|Dark Pulse|p2a: Diancie
|-resisted|p2a: Diancie
|-damage|p2a: Diancie|0 fnt
|-damage|p1a: Hydreigon|0 fnt|[from] item: Life Orb
|faint|p2a: Diancie
|faint|p1a: Hydreigon
|
|
|switch|p1a: Jirachi|Jirachi|270\/341
|switch|p2a: Raikou|Raikou, shiny|225\/321
|-damage|p1a: Jirachi|249\/341|[from] Stealth Rock
|-damage|p2a: Raikou|185\/321|[from] Stealth Rock
|-ability|p2a: Raikou|Pressure
|turn|22
|
|move|p1a: Jirachi|U-turn|p2a: Raikou
|-damage|p2a: Raikou|94\/321
|
|switch|p1a: Shaymin|Shaymin|91\/357
|-damage|p1a: Shaymin|47\/357|[from] Stealth Rock
|move|p2a: Raikou|Shadow Ball|p1a: Shaymin
|-damage|p1a: Shaymin|0 fnt
|faint|p1a: Shaymin
|
|
|switch|p1a: Yanmega|Yanmega, F|313\/313
|-damage|p1a: Yanmega|157\/313|[from] Stealth Rock
|turn|23
|
|move|p1a: Yanmega|Protect|p1a: Yanmega
|-singleturn|p1a: Yanmega|Protect
|move|p2a: Raikou|Shadow Ball|p1a: Yanmega
|-activate|p1a: Yanmega|Protect
|
|-boost|p1a: Yanmega|spe|1|[from] ability: Speed Boost
|turn|24
|
|move|p1a: Yanmega|Bug Buzz|p2a: Raikou
|-damage|p2a: Raikou|0 fnt
|-damage|p1a: Yanmega|126\/313|[from] item: Life Orb
|faint|p2a: Raikou
|
|-boost|p1a: Yanmega|spe|1|[from] ability: Speed Boost
|
|switch|p2a: Zygarde|Zygarde|357\/357
|-damage|p2a: Zygarde|335\/357|[from] Stealth Rock
|-ability|p2a: Zygarde|Aura Break
|turn|25
|
|move|p1a: Yanmega|Bug Buzz|p2a: Zygarde
|-damage|p2a: Zygarde|119\/357
|-damage|p1a: Yanmega|95\/313|[from] item: Life Orb
|move|p2a: Zygarde|Dragon Dance|p2a: Zygarde
|-boost|p2a: Zygarde|atk|1
|-boost|p2a: Zygarde|spe|1
|
|-boost|p1a: Yanmega|spe|1|[from] ability: Speed Boost
|turn|26
|
|switch|p1a: Jirachi|Jirachi|249\/341
|-damage|p1a: Jirachi|228\/341|[from] Stealth Rock
|move|p2a: Zygarde|Extreme Speed|p1a: Jirachi
|-resisted|p1a: Jirachi
|-damage|p1a: Jirachi|163\/341
|
|turn|27
|
|switch|p2a: Jirachi|Jirachi|184\/341
|-damage|p2a: Jirachi|163\/341|[from] Stealth Rock
|move|p1a: Jirachi|Iron Head|p2a: Jirachi
|-resisted|p2a: Jirachi
|-damage|p2a: Jirachi|106\/341
|
|-heal|p2a: Jirachi|127\/341|[from] item: Leftovers
|turn|28
|
|switch|p1a: Yanmega|Yanmega, F|95\/313
|-damage|p1a: Yanmega|0 fnt|[from] Stealth Rock
|faint|p1a: Yanmega
|move|p2a: Jirachi|U-turn|p1: Yanmega|[notarget]
|-notarget
|
|-heal|p2a: Jirachi|148\/341|[from] item: Leftovers
|
|switch|p1a: Starmie|Starmie|261\/261
|-damage|p1a: Starmie|229\/261|[from] Stealth Rock
|turn|29
|
|move|p1a: Starmie|Scald|p2a: Jirachi
|-damage|p2a: Jirachi|0 fnt
|-damage|p1a: Starmie|203\/261|[from] item: Life Orb
|faint|p2a: Jirachi
|
|
|switch|p2a: Trevenant|Trevenant, F|373\/373
|-damage|p2a: Trevenant|327\/373|[from] Stealth Rock
|turn|30
|
|move|p1a: Starmie|Ice Beam|p2a: Trevenant
|-supereffective|p2a: Trevenant
|-damage|p2a: Trevenant|127\/373
|-damage|p1a: Starmie|177\/261|[from] item: Life Orb
|move|p2a: Trevenant|Horn Leech|p1a: Starmie
|-supereffective|p1a: Starmie
|-damage|p1a: Starmie|0 fnt
|-heal|p2a: Trevenant|216\/373|[from] drain|[of] p1a: Starmie
|faint|p1a: Starmie
|
|
|switch|p1a: Jirachi|Jirachi|163\/341
|-damage|p1a: Jirachi|142\/341|[from] Stealth Rock
|turn|31
|
|move|p1a: Jirachi|Iron Head|p2a: Trevenant
|-damage|p2a: Trevenant|57\/373
|cant|p2a: Trevenant|flinch
|
|turn|32
|
|move|p1a: Jirachi|Iron Head|p2a: Trevenant
|-damage|p2a: Trevenant|0 fnt
|faint|p2a: Trevenant
|
|
|switch|p2a: Zygarde|Zygarde|119\/357
|-damage|p2a: Zygarde|97\/357|[from] Stealth Rock
|-ability|p2a: Zygarde|Aura Break
|turn|33
|
|move|p1a: Jirachi|Iron Head|p2a: Zygarde
|-damage|p2a: Zygarde|0 fnt
|faint|p2a: Zygarde
|
|win|undeniably
|raw|Ladder updating...
|c|âomarstars|gg
|c|âundeniably|gg
|raw|undeniably's rating: 1454 &rarr; <strong>1471<\/strong><br \/>(+17 for winning)
|raw|omarstars's rating: 1394 &rarr; <strong>1378<\/strong><br \/>(-16 for losing)
|leave|omarstars
|player|p2