|join|yearoflight
|join|BFoxy
|player|p1|yearoflight|222
|player|p2|BFoxy|172
|gametype|singles
|gen|6
|tier|UU
|rated
|rule|Sleep Clause Mod: Limit one foe put to sleep
|rule|Species Clause: Limit one of each PokÃ©mon
|rule|OHKO Clause: OHKO moves are banned
|rule|Moody Clause: Moody is banned
|rule|Evasion Moves Clause: Evasion moves are banned
|rule|Endless Battle Clause: Forcing endless battles is banned
|rule|HP Percentage Mod: HP is shown in percentages
|clearpoke
|poke|p1|Abomasnow, M
|poke|p1|Reuniclus, M
|poke|p1|Slowking, M
|poke|p1|Pangoro, M
|poke|p1|Diancie
|poke|p1|Cresselia, F
|poke|p2|Hippowdon, M
|poke|p2|Reuniclus, M
|poke|p2|Doublade, M, shiny
|poke|p2|Entei, shiny
|poke|p2|Virizion
|poke|p2|Blastoise, M
|rule|Swagger Clause: Swagger is banned
|rule|Baton Pass Clause: Limit one PokÃ©mon knowing Baton Pass
|teampreview
|c|âyearoflight|hey gl hf
|c|âBFoxy|thanks
|
|start
|switch|p1a: Cresselia|Cresselia, F|443\/443
|switch|p2a: Shellshock|Blastoise, M|322\/322
|turn|1
|
|detailschange|p2a: Shellshock|Blastoise-Mega, M
|-mega|p2a: Shellshock|Blastoise|Blastoisinite
|move|p2a: Shellshock|Dark Pulse|p1a: Cresselia
|-supereffective|p1a: Cresselia
|-enditem|p1a: Cresselia|Colbur Berry|[eat]
|-damage|p1a: Cresselia|321\/443
|cant|p1a: Cresselia|flinch
|
|turn|2
|c|âyearoflight|real
|
|move|p2a: Shellshock|Dark Pulse|p1a: Cresselia
|-supereffective|p1a: Cresselia
|-damage|p1a: Cresselia|85\/443
|move|p1a: Cresselia|Trick Room|p1a: Cresselia
|-fieldstart|move: Trick Room|[of] p1a: Cresselia
|
|turn|3
|
|move|p1a: Cresselia|Lunar Dance|p1a: Cresselia
|faint|p1a: Cresselia
|move|p2a: Shellshock|Dark Pulse|p1: Cresselia|[notarget]
|-notarget
|
|
|switch|p1a: Abomasnow|Abomasnow, M|383\/383
|-heal|p1a: Abomasnow|383\/383|[from] move: Lunar Dance
|turn|4
|
|switch|p2a: Venetia Shield|Doublade, M, shiny|309\/309
|detailschange|p1a: Abomasnow|Abomasnow-Mega, M
|-mega|p1a: Abomasnow|Abomasnow|Abomasite
|-weather|Hail
|move|p1a: Abomasnow|Swords Dance|p1a: Abomasnow
|-boost|p1a: Abomasnow|atk|2
|
|-weather|Hail|[upkeep]
|-damage|p2a: Venetia Shield|290\/309|[from] hail
|turn|5
|
|move|p1a: Abomasnow|Earthquake|p2a: Venetia Shield
|-supereffective|p2a: Venetia Shield
|-damage|p2a: Venetia Shield|50\/309
|move|p2a: Venetia Shield|Iron Head|p1a: Abomasnow
|-supereffective|p1a: Abomasnow
|-damage|p1a: Abomasnow|101\/383
|
|-weather|Hail|[upkeep]
|-damage|p2a: Venetia Shield|31\/309|[from] hail
|turn|6
|
|move|p1a: Abomasnow|Ice Shard|p2a: Venetia Shield
|-resisted|p2a: Venetia Shield
|-damage|p2a: Venetia Shield|0 fnt
|faint|p2a: Venetia Shield
|
|-weather|Hail|[upkeep]
|-fieldend|move: Trick Room
|
|switch|p2a: Mufasa|Entei, shiny|371\/371
|-ability|p2a: Mufasa|Pressure
|turn|7
|
|switch|p1a: Diancie|Diancie|304\/304
|move|p2a: Mufasa|Sacred Fire|p1a: Diancie
|-resisted|p1a: Diancie
|-damage|p1a: Diancie|217\/304
|-status|p1a: Diancie|brn
|
|-weather|Hail|[upkeep]
|-damage|p2a: Mufasa|348\/371|[from] hail
|-damage|p1a: Diancie|198\/304 brn|[from] hail
|-heal|p1a: Diancie|217\/304 brn|[from] item: Leftovers
|-damage|p1a: Diancie|179\/304 brn|[from] brn
|turn|8
|
|switch|p2a: Darude|Hippowdon, M|417\/417
|-weather|Sandstorm
|move|p1a: Diancie|Trick Room|p1a: Diancie
|-fieldstart|move: Trick Room|[of] p1a: Diancie
|
|-weather|Sandstorm|[upkeep]
|-heal|p1a: Diancie|198\/304 brn|[from] item: Leftovers
|-damage|p1a: Diancie|160\/304 brn|[from] brn
|turn|9
|
|switch|p1a: Slowking|Slowking, M|393\/393
|move|p2a: Darude|Stealth Rock|p1a: Slowking
|-sidestart|p1: yearoflight|move: Stealth Rock
|
|-weather|Sandstorm|[upkeep]
|-damage|p1a: Slowking|369\/393|[from] sandstorm
|turn|10
|
|switch|p2a: Shellshock|Blastoise-Mega, M|322\/322
|move|p1a: Slowking|Nasty Plot|p1a: Slowking
|-boost|p1a: Slowking|spa|2
|
|-weather|Sandstorm|[upkeep]
|-damage|p1a: Slowking|345\/393|[from] sandstorm
|-damage|p2a: Shellshock|302\/322|[from] sandstorm
|turn|11
|
|move|p1a: Slowking|Psyshock|p2a: Shellshock
|-damage|p2a: Shellshock|13\/322
|-damage|p1a: Slowking|306\/393|[from] item: Life Orb
|move|p2a: Shellshock|Dark Pulse|p1a: Slowking
|-supereffective|p1a: Slowking
|-damage|p1a: Slowking|18\/393
|
|-weather|Sandstorm|[upkeep]
|-damage|p1a: Slowking|0 fnt|[from] sandstorm
|-damage|p2a: Shellshock|0 fnt|[from] sandstorm
|faint|p1a: Slowking
|faint|p2a: Shellshock
|
|switch|p2a: Mufasa|Entei, shiny|348\/371
|switch|p1a: Reuniclus|Reuniclus, M|423\/423
|-ability|p2a: Mufasa|Pressure
|turn|12
|
|move|p1a: Reuniclus|Focus Blast|p2a: Mufasa
|-damage|p2a: Mufasa|110\/371
|move|p2a: Mufasa|Sacred Fire|p1a: Reuniclus
|-damage|p1a: Reuniclus|107\/423
|-status|p1a: Reuniclus|brn
|
|-weather|none
|-fieldend|move: Trick Room
|turn|13
|
|move|p2a: Mufasa|Sacred Fire|p1a: Reuniclus
|-damage|p1a: Reuniclus|0 fnt
|faint|p1a: Reuniclus
|
|
|switch|p1a: Diancie|Diancie|160\/304 brn
|-damage|p1a: Diancie|122\/304 brn|[from] Stealth Rock
|turn|14
|
|move|p2a: Mufasa|Sacred Fire|p1a: Diancie
|-resisted|p1a: Diancie
|-damage|p1a: Diancie|35\/304 brn
|move|p1a: Diancie|Trick Room|p1a: Diancie
|-fieldstart|move: Trick Room|[of] p1a: Diancie
|
|-heal|p1a: Diancie|54\/304 brn|[from] item: Leftovers
|-damage|p1a: Diancie|16\/304 brn|[from] brn
|turn|15
|
|switch|p2a: Darude|Hippowdon, M|417\/417
|-weather|Sandstorm
|move|p1a: Diancie|Diamond Storm|p2a: Darude
|-resisted|p2a: Darude
|-damage|p2a: Darude|392\/417
|-boost|p1a: Diancie|def|1
|
|-weather|Sandstorm|[upkeep]
|-heal|p1a: Diancie|35\/304 brn|[from] item: Leftovers
|-heal|p2a: Darude|417\/417|[from] item: Leftovers
|-damage|p1a: Diancie|0 fnt|[from] brn
|faint|p1a: Diancie
|
|switch|p1a: Abomasnow|Abomasnow-Mega, M|101\/383
|-damage|p1a: Abomasnow|6\/383|[from] Stealth Rock
|-weather|Hail
|turn|16
|
|move|p1a: Abomasnow|Seed Bomb|p2a: Darude
|-supereffective|p2a: Darude
|-damage|p2a: Darude|141\/417
|move|p2a: Darude|Earthquake|p1a: Abomasnow
|-resisted|p1a: Abomasnow
|-damage|p1a: Abomasnow|0 fnt
|faint|p1a: Abomasnow
|
|-weather|Hail|[upkeep]
|-damage|p2a: Darude|115\/417|[from] hail
|-heal|p2a: Darude|141\/417|[from] item: Leftovers
|
|switch|p1a: Pangoro|Pangoro, M|393\/393
|-damage|p1a: Pangoro|369\/393|[from] Stealth Rock
|turn|17
|c|âyearoflight|gg
|c|âBFoxy|gg
|
|move|p2a: Darude|Earthquake|p1a: Pangoro
|-damage|p1a: Pangoro|219\/393
|move|p1a: Pangoro|Knock Off|p2a: Darude
|-damage|p2a: Darude|0 fnt
|-enditem|p2a: Darude|Leftovers|[from] move: Knock Off|[of] p1a: Pangoro
|-damage|p1a: Pangoro|180\/393|[from] item: Life Orb
|faint|p2a: Darude
|
|-weather|Hail|[upkeep]
|-damage|p1a: Pangoro|156\/393|[from] hail
|
|switch|p2a: Mufasa|Entei, shiny|110\/371
|-ability|p2a: Mufasa|Pressure
|turn|18
|
|move|p2a: Mufasa|Extreme Speed|p1a: Pangoro
|-damage|p1a: Pangoro|0 fnt
|faint|p1a: Pangoro
|
|win|BFoxy
|raw|Ladder updating...
|raw|yearoflight's rating: 1408 &rarr; <strong>1393<\/strong><br \/>(-15 for losing)
|raw|BFoxy's rating: 1490 &rarr; <strong>1505<\/strong><br \/>(+15 for winning)
|leave|BFoxy