|join|yearoflight
|join|captaincadet
|player|p1|yearoflight|222
|player|p2|captaincadet|52
|gametype|singles
|gen|6
|tier|UU
|rated
|rule|Sleep Clause Mod: Limit one foe put to sleep
|rule|Species Clause: Limit one of each PokÃ©mon
|rule|OHKO Clause: OHKO moves are banned
|rule|Moody Clause: Moody is banned
|rule|Evasion Moves Clause: Evasion moves are banned
|rule|Endless Battle Clause: Forcing endless battles is banned
|rule|HP Percentage Mod: HP is shown in percentages
|clearpoke
|poke|p1|Abomasnow, M
|poke|p1|Reuniclus, M
|poke|p1|Porygon2
|poke|p1|Pangoro, M
|poke|p1|Diancie
|poke|p1|Cresselia, F
|poke|p2|Aggron, M
|poke|p2|Shaymin
|poke|p2|Milotic, F
|poke|p2|Hippowdon, M
|poke|p2|Rotom-Heat
|poke|p2|Crobat, F
|rule|Swagger Clause: Swagger is banned
|rule|Baton Pass Clause: Limit one PokÃ©mon knowing Baton Pass
|teampreview
|
|start
|switch|p1a: Porygon2|Porygon2|340\/340
|switch|p2a: Rotom-Heat|Rotom-Heat|241\/241
|-boost|p1a: Porygon2|atk|1|[from] ability: Download
|turn|1
|
|move|p2a: Rotom-Heat|Trick|p1a: Porygon2
|-activate|p2a: Rotom-Heat|move: Trick|[of] p1a: Porygon2
|-item|p1a: Porygon2|Choice Scarf|[from] move: Trick
|-item|p2a: Rotom-Heat|Eviolite|[from] move: Trick
|move|p1a: Porygon2|Trick Room|p1a: Porygon2
|-fieldstart|move: Trick Room|[of] p1a: Porygon2
|
|turn|2
|
|switch|p1a: Pangoro|Pangoro, M|393\/393
|move|p2a: Rotom-Heat|Will-O-Wisp|p1a: Pangoro
|-status|p1a: Pangoro|brn
|
|-damage|p1a: Pangoro|344\/393 brn|[from] brn
|turn|3
|
|move|p1a: Pangoro|Drain Punch|p2a: Rotom-Heat
|-damage|p2a: Rotom-Heat|140\/241
|-heal|p1a: Pangoro|393\/393 brn|[from] drain|[of] p2a: Rotom-Heat
|-damage|p1a: Pangoro|354\/393 brn|[from] item: Life Orb
|move|p2a: Rotom-Heat|Trick|p1a: Pangoro
|-activate|p2a: Rotom-Heat|move: Trick|[of] p1a: Pangoro
|-item|p1a: Pangoro|Eviolite|[from] move: Trick
|-item|p2a: Rotom-Heat|Life Orb|[from] move: Trick
|
|-damage|p1a: Pangoro|305\/393 brn|[from] brn
|turn|4
|
|switch|p2a: Hippowdon|Hippowdon, M|420\/420
|-weather|Sandstorm
|move|p1a: Pangoro|Crunch|p2a: Hippowdon
|-damage|p2a: Hippowdon|369\/420
|-unboost|p2a: Hippowdon|def|1
|
|-weather|Sandstorm|[upkeep]
|-damage|p1a: Pangoro|281\/393 brn|[from] sandstorm
|-heal|p2a: Hippowdon|395\/420|[from] item: Leftovers
|-damage|p1a: Pangoro|232\/393 brn|[from] brn
|turn|5
|
|switch|p1a: Reuniclus|Reuniclus, M|423\/423
|move|p2a: Hippowdon|Stealth Rock|p1a: Reuniclus
|-sidestart|p1: yearoflight|move: Stealth Rock
|
|-weather|Sandstorm|[upkeep]
|-heal|p2a: Hippowdon|420\/420|[from] item: Leftovers
|-fieldend|move: Trick Room
|turn|6
|
|switch|p2a: Shaymin|Shaymin|401\/401
|move|p1a: Reuniclus|Trick Room|p1a: Reuniclus
|-fieldstart|move: Trick Room|[of] p1a: Reuniclus
|
|-weather|Sandstorm|[upkeep]
|-damage|p2a: Shaymin|376\/401|[from] sandstorm
|turn|7
|
|move|p1a: Reuniclus|Psyshock|p2a: Shaymin
|-damage|p2a: Shaymin|185\/401
|move|p2a: Shaymin|Seed Flare|p1a: Reuniclus|[miss]
|-miss|p2a: Shaymin|p1a: Reuniclus
|
|-weather|Sandstorm|[upkeep]
|-damage|p2a: Shaymin|160\/401|[from] sandstorm
|turn|8
|
|move|p1a: Reuniclus|Psyshock|p2a: Shaymin
|-damage|p2a: Shaymin|0 fnt
|faint|p2a: Shaymin
|
|-weather|none
|
|switch|p2a: Aggron|Aggron, M|318\/318
|turn|9
|
|detailschange|p2a: Aggron|Aggron-Mega, M
|-mega|p2a: Aggron|Aggron|Aggronite
|move|p1a: Reuniclus|Focus Blast|p2a: Aggron|[miss]
|-miss|p1a: Reuniclus|p2a: Aggron
|move|p2a: Aggron|Heavy Slam|p1a: Reuniclus
|-damage|p1a: Reuniclus|135\/423
|
|turn|10
|
|switch|p1a: Porygon2|Porygon2|340\/340
|-damage|p1a: Porygon2|298\/340|[from] Stealth Rock
|-boost|p1a: Porygon2|spa|1|[from] ability: Download
|switch|p2a: Crobat|Crobat, F|373\/373
|
|-fieldend|move: Trick Room
|turn|11
|
|move|p2a: Crobat|U-turn|p1a: Porygon2
|-damage|p1a: Porygon2|250\/340
|
|switch|p2a: Milotic|Milotic, F|394\/394
|move|p1a: Porygon2|Ice Beam|p2a: Milotic
|-resisted|p2a: Milotic
|-damage|p2a: Milotic|351\/394
|
|-heal|p2a: Milotic|375\/394|[from] item: Leftovers
|turn|12
|
|switch|p1a: Cresselia|Cresselia, F|443\/443
|-damage|p1a: Cresselia|388\/443|[from] Stealth Rock
|move|p2a: Milotic|Toxic|p1a: Cresselia|[miss]
|-miss|p2a: Milotic|p1a: Cresselia
|
|-heal|p2a: Milotic|394\/394|[from] item: Leftovers
|turn|13
|c|âcaptaincadet|NO
|
|move|p2a: Milotic|Toxic|p1a: Cresselia
|-status|p1a: Cresselia|tox
|move|p1a: Cresselia|Trick Room|p1a: Cresselia
|-fieldstart|move: Trick Room|[of] p1a: Cresselia
|
|-damage|p1a: Cresselia|361\/443 tox|[from] psn
|turn|14
|
|move|p1a: Cresselia|Lunar Dance|p1a: Cresselia
|faint|p1a: Cresselia
|move|p2a: Milotic|Scald|p1: Cresselia|[notarget]
|-notarget
|
|
|switch|p1a: Pangoro|Pangoro, M|232\/393 brn
|-heal|p1a: Pangoro|393\/393|[from] move: Lunar Dance
|-damage|p1a: Pangoro|369\/393|[from] Stealth Rock
|turn|15
|
|switch|p2a: Hippowdon|Hippowdon, M|420\/420
|-weather|Sandstorm
|move|p1a: Pangoro|Crunch|p2a: Hippowdon
|-damage|p2a: Hippowdon|320\/420
|
|-weather|Sandstorm|[upkeep]
|-damage|p1a: Pangoro|345\/393|[from] sandstorm
|-heal|p2a: Hippowdon|346\/420|[from] item: Leftovers
|turn|16
|
|move|p1a: Pangoro|Ice Punch|p2a: Hippowdon
|-supereffective|p2a: Hippowdon
|-damage|p2a: Hippowdon|192\/420
|move|p2a: Hippowdon|Whirlwind|p1a: Pangoro
|drag|p1a: Diancie|Diancie|304\/304
|-damage|p1a: Diancie|266\/304|[from] Stealth Rock
|
|-weather|Sandstorm|[upkeep]
|-heal|p1a: Diancie|285\/304|[from] item: Leftovers
|-heal|p2a: Hippowdon|218\/420|[from] item: Leftovers
|turn|17
|c|âyearoflight|your stupid rotom messed me up so bad
|
|move|p1a: Diancie|Stealth Rock|p2a: Hippowdon
|-sidestart|p2: captaincadet|move: Stealth Rock
|move|p2a: Hippowdon|Earthquake|p1a: Diancie
|-supereffective|p1a: Diancie
|-damage|p1a: Diancie|111\/304
|
|-weather|Sandstorm|[upkeep]
|-heal|p1a: Diancie|130\/304|[from] item: Leftovers
|-heal|p2a: Hippowdon|244\/420|[from] item: Leftovers
|-fieldend|move: Trick Room
|turn|18
|
|move|p2a: Hippowdon|Earthquake|p1a: Diancie
|-supereffective|p1a: Diancie
|-damage|p1a: Diancie|0 fnt
|faint|p1a: Diancie
|
|-weather|Sandstorm|[upkeep]
|-heal|p2a: Hippowdon|270\/420|[from] item: Leftovers
|c|âcaptaincadet|i wish u didnt have lunar dance tho
|
|switch|p1a: Porygon2|Porygon2|250\/340
|-damage|p1a: Porygon2|208\/340|[from] Stealth Rock
|-boost|p1a: Porygon2|spa|1|[from] ability: Download
|turn|19
|
|switch|p2a: Milotic|Milotic, F|394\/394
|-damage|p2a: Milotic|345\/394|[from] Stealth Rock
|move|p1a: Porygon2|Trick Room|p1a: Porygon2
|-fieldstart|move: Trick Room|[of] p1a: Porygon2
|
|-weather|none
|-heal|p2a: Milotic|369\/394|[from] item: Leftovers
|turn|20
|
|switch|p1a: Abomasnow|Abomasnow, M|383\/383
|-damage|p1a: Abomasnow|288\/383|[from] Stealth Rock
|move|p2a: Milotic|Scald|p1a: Abomasnow
|-resisted|p1a: Abomasnow
|-damage|p1a: Abomasnow|233\/383
|
|-heal|p2a: Milotic|393\/394|[from] item: Leftovers
|turn|21
|
|switch|p2a: Crobat|Crobat, F|373\/373
|-damage|p2a: Crobat|280\/373|[from] Stealth Rock
|detailschange|p1a: Abomasnow|Abomasnow-Mega, M
|-mega|p1a: Abomasnow|Abomasnow|Abomasite
|-weather|Hail
|move|p1a: Abomasnow|Swords Dance|p1a: Abomasnow
|-boost|p1a: Abomasnow|atk|2
|
|-weather|Hail|[upkeep]
|-damage|p2a: Crobat|257\/373|[from] hail
|-heal|p2a: Crobat|280\/373|[from] item: Black Sludge
|turn|22
|
|move|p1a: Abomasnow|Ice Shard|p2a: Crobat
|-supereffective|p2a: Crobat
|-damage|p2a: Crobat|0 fnt
|faint|p2a: Crobat
|
|-weather|Hail|[upkeep]
|
|switch|p2a: Aggron|Aggron-Mega, M|318\/318
|-damage|p2a: Aggron|299\/318|[from] Stealth Rock
|turn|23
|
|move|p1a: Abomasnow|Earthquake|p2a: Aggron
|-supereffective|p2a: Aggron
|-damage|p2a: Aggron|95\/318
|move|p2a: Aggron|Heavy Slam|p1a: Abomasnow
|-supereffective|p1a: Abomasnow
|-damage|p1a: Abomasnow|0 fnt
|faint|p1a: Abomasnow
|
|-weather|Hail|[upkeep]
|-damage|p2a: Aggron|76\/318|[from] hail
|-fieldend|move: Trick Room
|
|switch|p1a: Pangoro|Pangoro, M|345\/393
|-damage|p1a: Pangoro|321\/393|[from] Stealth Rock
|turn|24
|c|âyearoflight|thats crazy lol
|
|move|p1a: Pangoro|Drain Punch|p2a: Aggron
|-crit|p2a: Aggron
|-supereffective|p2a: Aggron
|-damage|p2a: Aggron|0 fnt
|-heal|p1a: Pangoro|359\/393|[from] drain|[of] p2a: Aggron
|faint|p2a: Aggron
|
|-weather|Hail|[upkeep]
|-damage|p1a: Pangoro|335\/393|[from] hail
|c|âcaptaincadet|omg youre faster
|c|âcaptaincadet|wtf
|c|âyearoflight|!rank
|c|âcaptaincadet|youre not brave?
|c|âyearoflight|lol
|c|âyearoflight|nope
|c|âyearoflight|I need to outspeed some stuff
|
|switch|p2a: Rotom-Heat|Rotom-Heat|140\/241
|-damage|p2a: Rotom-Heat|80\/241|[from] Stealth Rock
|turn|25
|
|switch|p1a: Reuniclus|Reuniclus, M|135\/423
|move|p2a: Rotom-Heat|Will-O-Wisp|p1a: Reuniclus|[miss]
|-miss|p2a: Rotom-Heat|p1a: Reuniclus
|
|-weather|none
|turn|26
|
|move|p2a: Rotom-Heat|Volt Switch|p1a: Reuniclus
|-damage|p1a: Reuniclus|0 fnt
|-damage|p2a: Rotom-Heat|56\/241|[from] item: Life Orb
|faint|p1a: Reuniclus
|
|switch|p2a: Hippowdon|Hippowdon, M|270\/420
|-damage|p2a: Hippowdon|244\/420|[from] Stealth Rock
|-weather|Sandstorm
|
|-weather|Sandstorm|[upkeep]
|-heal|p2a: Hippowdon|270\/420|[from] item: Leftovers
|
|switch|p1a: Pangoro|Pangoro, M|335\/393
|-damage|p1a: Pangoro|311\/393|[from] Stealth Rock
|turn|27
|
|move|p1a: Pangoro|Drain Punch|p2a: Hippowdon
|-damage|p2a: Hippowdon|162\/420
|-heal|p1a: Pangoro|365\/393|[from] drain|[of] p2a: Hippowdon
|move|p2a: Hippowdon|Slack Off|p2a: Hippowdon
|-heal|p2a: Hippowdon|372\/420
|
|-weather|Sandstorm|[upkeep]
|-damage|p1a: Pangoro|341\/393|[from] sandstorm
|-heal|p2a: Hippowdon|398\/420|[from] item: Leftovers
|turn|28
|
|move|p1a: Pangoro|Ice Punch|p2a: Hippowdon
|-supereffective|p2a: Hippowdon
|-damage|p2a: Hippowdon|256\/420
|move|p2a: Hippowdon|Earthquake|p1a: Pangoro
|-damage|p1a: Pangoro|178\/393
|
|-weather|Sandstorm|[upkeep]
|-damage|p1a: Pangoro|154\/393|[from] sandstorm
|-heal|p2a: Hippowdon|282\/420|[from] item: Leftovers
|turn|29
|
|switch|p2a: Rotom-Heat|Rotom-Heat|56\/241
|-damage|p2a: Rotom-Heat|0 fnt|[from] Stealth Rock
|faint|p2a: Rotom-Heat
|move|p1a: Pangoro|Drain Punch|p2: Rotom-Heat|[notarget]
|-notarget
|
|-weather|Sandstorm|[upkeep]
|-damage|p1a: Pangoro|130\/393|[from] sandstorm
|
|switch|p2a: Hippowdon|Hippowdon, M|282\/420
|-damage|p2a: Hippowdon|256\/420|[from] Stealth Rock
|turn|30
|
|move|p1a: Pangoro|Drain Punch|p2a: Hippowdon
|-damage|p2a: Hippowdon|136\/420
|-heal|p1a: Pangoro|190\/393|[from] drain|[of] p2a: Hippowdon
|move|p2a: Hippowdon|Earthquake|p1a: Pangoro
|-damage|p1a: Pangoro|31\/393
|
|-weather|none
|-heal|p2a: Hippowdon|162\/420|[from] item: Leftovers
|turn|31
|
|move|p1a: Pangoro|Ice Punch|p2a: Hippowdon
|-supereffective|p2a: Hippowdon
|-damage|p2a: Hippowdon|2\/420
|move|p2a: Hippowdon|Earthquake|p1a: Pangoro
|-damage|p1a: Pangoro|0 fnt
|faint|p1a: Pangoro
|
|-heal|p2a: Hippowdon|28\/420|[from] item: Leftovers
|c|âcaptaincadet|min damage :O
|c|âyearoflight|that was max roll lol
|c|âyearoflight|nice rotom swap for the sand
|c|âcaptaincadet|thanks man
|c|âyearoflight|otherwise i woulda won i think
|c|âyearoflight|gg fk scrotom
|c|âyearoflight|lol
|c|âcaptaincadet|you mightve
|-message|yearoflight forfeited.
|
|win|captaincadet
|raw|Ladder updating...
|raw|yearoflight's rating: 1253 &rarr; <strong>1233<\/strong><br \/>(-20 for losing)
|raw|captaincadet's rating: 1328 &rarr; <strong>1344<\/strong><br \/>(+16 for winning)
|leave|yearoflight
|player|p1