|join|Cienight
|join|K4KASH1
|player|p1|Cienight|84
|player|p2|K4KASH1|13
|gametype|singles
|gen|6
|tier|OU
|rated
|clearpoke
|poke|p1|Crawdaunt, M
|poke|p1|Latios, M
|poke|p1|Dragonite, M
|poke|p1|Gardevoir, F
|poke|p1|Landorus-Therian, M
|poke|p1|Heatran, M
|poke|p2|Ferrothorn, M
|poke|p2|Talonflame, F
|poke|p2|Mamoswine, M
|poke|p2|Rotom-Wash
|poke|p2|Conkeldurr, M
|poke|p2|Starmie
|rule|Swagger Clause: Swagger is banned
|rule|Baton Pass Clause: Limit one PokÃ©mon knowing Baton Pass
|rule|Sleep Clause Mod: Limit one foe put to sleep
|rule|Species Clause: Limit one of each PokÃ©mon
|rule|OHKO Clause: OHKO moves are banned
|rule|Moody Clause: Moody is banned
|rule|Evasion Moves Clause: Evasion moves are banned
|rule|Endless Battle Clause: Forcing endless battles is banned
|rule|HP Percentage Mod: HP is shown in percentages
|teampreview
|join|Madam Keldeo
|
|start
|switch|p1a: Landorus-Therian|Landorus-Therian, M|379\/379
|switch|p2a: Rotom-Wash|Rotom-Wash|304\/304
|-ability|p1a: Landorus-Therian|Intimidate|[of] p2a: Rotom-Wash
|-unboost|p2a: Rotom-Wash|atk|1
|turn|1
|join|fdsafdasfads
|
|move|p1a: Landorus-Therian|Stealth Rock|p2a: Rotom-Wash
|-sidestart|p2: K4KASH1|move: Stealth Rock
|move|p2a: Rotom-Wash|Will-O-Wisp|p1a: Landorus-Therian
|-status|p1a: Landorus-Therian|brn
|
|-damage|p1a: Landorus-Therian|332\/379 brn|[from] brn
|turn|2
|
|move|p1a: Landorus-Therian|U-turn|p2a: Rotom-Wash
|-damage|p2a: Rotom-Wash|277\/304
|
|switch|p1a: Latios|Latios, M|301\/301
|move|p2a: Rotom-Wash|Volt Switch|p1a: Latios
|-resisted|p1a: Latios
|-damage|p1a: Latios|264\/301
|
|switch|p2a: Starmie|Starmie|262\/262
|-damage|p2a: Starmie|230\/262|[from] Stealth Rock
|
|-heal|p2a: Starmie|246\/262|[from] item: Leftovers
|turn|3
|c| fdsafdasfads|cienight do u make ur own teams
|
|move|p2a: Starmie|Rapid Spin|p1a: Latios
|-damage|p1a: Latios|250\/301
|-sideend|p2: K4KASH1|Stealth Rock|[from] move: Rapid Spin|[of] p2a: Starmie
|move|p1a: Latios|Draco Meteor|p2a: Starmie
|-damage|p2a: Starmie|0 fnt
|-unboost|p1a: Latios|spa|2
|-damage|p1a: Latios|220\/301|[from] item: Life Orb
|faint|p2a: Starmie
|
|
|switch|p2a: Yahweh|Mamoswine, M|362\/362
|turn|4
|
|move|p2a: Yahweh|Ice Shard|p1a: Latios
|-supereffective|p1a: Latios
|-damage|p1a: Latios|2\/301
|-damage|p2a: Yahweh|326\/362|[from] item: Life Orb
|move|p1a: Latios|Draco Meteor|p2a: Yahweh
|-damage|p2a: Yahweh|83\/362
|-unboost|p1a: Latios|spa|2
|-damage|p1a: Latios|0 fnt|[from] item: Life Orb
|faint|p1a: Latios
|
|
|switch|p1a: Heatran|Heatran, M|323\/323
|turn|5
|
|switch|p2a: Conkeldurr|Conkeldurr, M|414\/414
|move|p1a: Heatran|Flash Cannon|p2a: Conkeldurr
|-damage|p2a: Conkeldurr|270\/414
|
|turn|6
|
|switch|p1a: Landorus-Therian|Landorus-Therian, M|332\/379 brn
|-ability|p1a: Landorus-Therian|Intimidate|[of] p2a: Conkeldurr
|-unboost|p2a: Conkeldurr|atk|1
|move|p2a: Conkeldurr|Drain Punch|p1a: Landorus-Therian
|-resisted|p1a: Landorus-Therian
|-damage|p1a: Landorus-Therian|290\/379 brn
|-heal|p2a: Conkeldurr|291\/414|[from] drain|[of] p1a: Landorus-Therian
|-damage|p2a: Conkeldurr|222\/414|[from] item: Rocky Helmet|[of] p1a: Landorus-Therian
|
|-damage|p1a: Landorus-Therian|243\/379 brn|[from] brn
|turn|7
|
|switch|p2a: Talonflame|Talonflame, F|297\/297
|move|p1a: Landorus-Therian|Stealth Rock|p2a: Talonflame
|-sidestart|p2: K4KASH1|move: Stealth Rock
|
|-damage|p1a: Landorus-Therian|196\/379 brn|[from] brn
|turn|8
|
|move|p2a: Talonflame|Swords Dance|p2a: Talonflame
|-boost|p2a: Talonflame|atk|2
|move|p1a: Landorus-Therian|U-turn|p2a: Talonflame
|-resisted|p2a: Talonflame
|-damage|p2a: Talonflame|285\/297
|
|switch|p1a: Heatran|Heatran, M|323\/323
|
|turn|9
|
|move|p2a: Talonflame|Acrobatics|p1a: Heatran
|-resisted|p1a: Heatran
|-damage|p1a: Heatran|170\/323
|move|p1a: Heatran|Stone Edge|p2a: Talonflame|[miss]
|-miss|p1a: Heatran|p2a: Talonflame
|
|turn|10
|c|âK4KASH1|clutch!
|c|âCienight|nice
|
|move|p2a: Talonflame|Acrobatics|p1a: Heatran
|-resisted|p1a: Heatran
|-damage|p1a: Heatran|13\/323
|move|p1a: Heatran|Stone Edge|p2a: Talonflame|[miss]
|-miss|p1a: Heatran|p2a: Talonflame
|
|turn|11
|c|âCienight|sixth match
|c|âK4KASH1|even more clutch
|c|âCienight|of being fking haxed
|c|âCienight|nice
|
|move|p2a: Talonflame|Acrobatics|p1a: Heatran
|-resisted|p1a: Heatran
|-damage|p1a: Heatran|0 fnt
|faint|p1a: Heatran
|
|c|âK4KASH1|I feel you earlier I got haxxed to death six games in a row and now that I get back on super lucky
|c|âCienight|garbage
|c|âCienight|game
|
|switch|p1a: Dragonite|Dragonite, M|323\/323
|turn|12
|
|move|p1a: Dragonite|Extreme Speed|p2a: Talonflame
|-damage|p2a: Talonflame|90\/297
|move|p2a: Talonflame|Acrobatics|p1a: Dragonite
|-damage|p1a: Dragonite|150\/323
|
|turn|13
|
|move|p1a: Dragonite|Extreme Speed|p2a: Talonflame
|-damage|p2a: Talonflame|0 fnt
|faint|p2a: Talonflame
|
|
|switch|p2a: Ferrothorn|Ferrothorn, M|352\/352
|-damage|p2a: Ferrothorn|330\/352|[from] Stealth Rock
|turn|14
|
|switch|p1a: Crawdaunt|Crawdaunt, M|269\/269
|move|p2a: Ferrothorn|Stealth Rock|p1a: Crawdaunt
|-sidestart|p1: Cienight|move: Stealth Rock
|
|turn|15
|
|move|p1a: Crawdaunt|Swords Dance|p1a: Crawdaunt
|-boost|p1a: Crawdaunt|atk|2
|move|p2a: Ferrothorn|Leech Seed|p1a: Crawdaunt
|-start|p1a: Crawdaunt|move: Leech Seed
|
|-damage|p1a: Crawdaunt|236\/269|[from] Leech Seed|[of] p2a: Ferrothorn
|-heal|p2a: Ferrothorn|352\/352|[silent]
|turn|16
|
|move|p1a: Crawdaunt|Swords Dance|p1a: Crawdaunt
|-boost|p1a: Crawdaunt|atk|2
|move|p2a: Ferrothorn|Gyro Ball|p1a: Crawdaunt
|-resisted|p1a: Crawdaunt
|-damage|p1a: Crawdaunt|188\/269
|
|-damage|p1a: Crawdaunt|155\/269|[from] Leech Seed|[of] p2a: Ferrothorn
|turn|17
|
|move|p1a: Crawdaunt|Knock Off|p2a: Ferrothorn
|-damage|p2a: Ferrothorn|0 fnt
|-damage|p1a: Crawdaunt|122\/269|[from] ability: Iron Barbs|[of] p2a: Ferrothorn
|-enditem|p2a: Ferrothorn|Shed Shell|[from] move: Knock Off|[of] p1a: Crawdaunt
|-damage|p1a: Crawdaunt|96\/269|[from] item: Life Orb
|faint|p2a: Ferrothorn
|
|
|switch|p2a: Conkeldurr|Conkeldurr, M|222\/414
|-damage|p2a: Conkeldurr|197\/414|[from] Stealth Rock
|turn|18
|
|move|p1a: Crawdaunt|Aqua Jet|p2a: Conkeldurr
|-damage|p2a: Conkeldurr|0 fnt
|-damage|p1a: Crawdaunt|70\/269|[from] item: Life Orb
|faint|p2a: Conkeldurr
|
|
|switch|p2a: Rotom-Wash|Rotom-Wash|277\/304
|-damage|p2a: Rotom-Wash|239\/304|[from] Stealth Rock
|turn|19
|
|move|p1a: Crawdaunt|Knock Off|p2a: Rotom-Wash
|-damage|p2a: Rotom-Wash|0 fnt
|-enditem|p2a: Rotom-Wash|Leftovers|[from] move: Knock Off|[of] p1a: Crawdaunt
|-damage|p1a: Crawdaunt|44\/269|[from] item: Life Orb
|faint|p2a: Rotom-Wash
|
|
|switch|p2a: Yahweh|Mamoswine, M|83\/362
|-damage|p2a: Yahweh|38\/362|[from] Stealth Rock
|turn|20
|-message|K4KASH1 forfeited.
|
|win|Cienight
|raw|Ladder updating...
|leave|K4KASH1
|player|p2
|leave|Cienight
|player|p1
|raw|Cienight's rating: 1511 &rarr; <strong>1536<\/strong><br \/>(+25 for winning)
|raw|K4KASH1's rating: 1598 &rarr; <strong>1573<\/strong><br \/>(-25 for losing)
|leave|fdsafdasfads