|join|Dallaren
|join|Cienight
|player|p1|Dallaren|263
|player|p2|Cienight|75
|gametype|singles
|gen|6
|tier|OU
|clearpoke
|poke|p1|Gallade, M
|poke|p1|Latios, M
|poke|p1|Ferrothorn, M
|poke|p1|Gliscor, F
|poke|p1|Heatran, F
|poke|p1|Keldeo-Resolute
|poke|p2|Crawdaunt, M
|poke|p2|Latios, M
|poke|p2|Dragonite, M
|poke|p2|Gardevoir, F
|poke|p2|Landorus-Therian, M
|poke|p2|Heatran, M
|rule|Swagger Clause: Swagger is banned
|rule|Baton Pass Clause: Limit one PokÃ©mon knowing Baton Pass
|rule|Sleep Clause Mod: Limit one foe put to sleep
|rule|Species Clause: Limit one of each PokÃ©mon
|rule|OHKO Clause: OHKO moves are banned
|rule|Moody Clause: Moody is banned
|rule|Evasion Moves Clause: Evasion moves are banned
|rule|Endless Battle Clause: Forcing endless battles is banned
|rule|HP Percentage Mod: HP is shown in percentages
|teampreview
Dallaren made this room private.
|c|âCienight|I found a replay of me vs aim
|c|âCienight|lel
|c|âDallaren|im kinda tired\/drifting asleep so bear with my bad plays
|c|âCienight|get some sleep :X
|c|âDallaren|i will after this game
|
|start
|switch|p1a: Heatran|Heatran, F|385\/385
|switch|p2a: Gardevoir|Gardevoir, F|291\/291
|turn|1
|
|switch|p2a: Heatran|Heatran, M|323\/323
|move|p1a: Heatran|Stealth Rock|p2a: Heatran
|-sidestart|p2: Cienight|move: Stealth Rock
|
|turn|2
|
|move|p2a: Heatran|Earth Power|p1a: Heatran
|-supereffective|p1a: Heatran
|-damage|p1a: Heatran|33\/385
|move|p1a: Heatran|Taunt|p2a: Heatran
|-start|p2a: Heatran|move: Taunt
|
|-heal|p1a: Heatran|57\/385|[from] item: Leftovers
|turn|3
|c|âDallaren|i
|c|âDallaren|clickd
|c|âDallaren|ugh
|c|âDallaren|nvm lol
|c|âDallaren|i cant rely on cancel ever
|c|âDallaren|i used to have m ax speed tran here
|
|switch|p2a: Latios|Latios, M|301\/301
|-damage|p2a: Latios|264\/301|[from] Stealth Rock
|move|p1a: Heatran|Lava Plume|p2a: Latios
|-resisted|p2a: Latios
|-damage|p2a: Latios|208\/301
|
|-heal|p1a: Heatran|81\/385|[from] item: Leftovers
|turn|4
|c|âDallaren|got em
|
|move|p2a: Latios|Defog|p1a: Heatran
|-unboost|p1a: Heatran|evasion|1
|-sideend|p2: Cienight|Stealth Rock|[from] move: Defog|[of] p2a: Latios
|move|p1a: Heatran|Stealth Rock|p2a: Latios
|-sidestart|p2: Cienight|move: Stealth Rock
|
|-heal|p1a: Heatran|105\/385|[from] item: Leftovers
|turn|5
|
|move|p2a: Latios|Draco Meteor|p1a: Heatran
|-resisted|p1a: Heatran
|-damage|p1a: Heatran|0 fnt
|-unboost|p2a: Latios|spa|2
|-damage|p2a: Latios|178\/301|[from] item: Life Orb
|faint|p1a: Heatran
|
|c|âCienight|wat is u doing
|
|switch|p1a: Gallade|Gallade, M|278\/278
|turn|6
|
|switch|p2a: Landorus-Therian|Landorus-Therian, M|379\/379
|-damage|p2a: Landorus-Therian|332\/379|[from] Stealth Rock
|-ability|p2a: Landorus-Therian|Intimidate|[of] p1a: Gallade
|-unboost|p1a: Gallade|atk|1
|detailschange|p1a: Gallade|Gallade-Mega, M
|message|Gallade has Mega Evolved into Mega Gallade!
|move|p1a: Gallade|Knock Off|p2a: Landorus-Therian
|-damage|p2a: Landorus-Therian|247\/379
|-damage|p1a: Gallade|232\/278|[from] item: Rocky Helmet|[of] p2a: Landorus-Therian
|-enditem|p2a: Landorus-Therian|Rocky Helmet|[from] move: Knock Off|[of] p1a: Gallade
|
|turn|7
|c|âCienight|catch this recoil
|c|âCienight|nigga
|
|switch|p1a: Ferrothorn|Ferrothorn, M|352\/352
|move|p2a: Landorus-Therian|Earthquake|p1a: Ferrothorn
|-damage|p1a: Ferrothorn|241\/352
|
|-heal|p1a: Ferrothorn|263\/352|[from] item: Leftovers
|turn|8
|
|move|p2a: Landorus-Therian|Earthquake|p1a: Ferrothorn
|-crit|p1a: Ferrothorn
|-damage|p1a: Ferrothorn|109\/352
|move|p1a: Ferrothorn|Leech Seed|p2a: Landorus-Therian
|-start|p2a: Landorus-Therian|move: Leech Seed
|
|-heal|p1a: Ferrothorn|131\/352|[from] item: Leftovers
|-damage|p2a: Landorus-Therian|200\/379|[from] Leech Seed|[of] p1a: Ferrothorn
|-heal|p1a: Ferrothorn|178\/352|[silent]
|turn|9
|
|switch|p2a: Heatran|Heatran, M|323\/323
|-damage|p2a: Heatran|283\/323|[from] Stealth Rock
|switch|p1a: Gliscor|Gliscor, F|352\/352
|
|-status|p1a: Gliscor|tox|[from] item: Toxic Orb
|turn|10
|c|âCienight|catch this hp ice
|c|âCienight|nigga
|
|switch|p2a: Latios|Latios, M|178\/301
|-damage|p2a: Latios|141\/301|[from] Stealth Rock
|move|p1a: Gliscor|Knock Off|p2a: Latios
|-supereffective|p2a: Latios
|-damage|p2a: Latios|0 fnt
|-enditem|p2a: Latios|Life Orb|[from] move: Knock Off|[of] p1a: Gliscor
|faint|p2a: Latios
|
|
|switch|p2a: Gardevoir|Gardevoir, F|291\/291
|-damage|p2a: Gardevoir|255\/291|[from] Stealth Rock
|turn|11
|c|âCienight|k now Im pissed
|c|âCienight|!
|c|âCienight|and I should stop overpreeicting
|c|âDallaren|sec
|c|âDallaren|i need to calc
|c|âCienight|CALC THIS
|c|âCienight|*points at his dick*
|
|move|p1a: Gliscor|Earthquake|p2a: Gardevoir
|-damage|p2a: Gardevoir|105\/291
|move|p2a: Gardevoir|Calm Mind|p2a: Gardevoir
|-boost|p2a: Gardevoir|spa|1
|-boost|p2a: Gardevoir|spd|1
|
|turn|12
|c|âDallaren|nice
|c|âDallaren|speed
|c|âCienight|oh cmon.
|c|âCienight|srd
|c|âCienight|srs
|c|âCienight|you're making dumb plays
|c|âCienight|:|
|c|âDallaren|pls name a switch in
|c|âDallaren|i live one
|c|âDallaren|anyway
|c|âDallaren|zz
|
|switch|p2a: Landorus-Therian|Landorus-Therian, M|200\/379
|-damage|p2a: Landorus-Therian|153\/379|[from] Stealth Rock
|-ability|p2a: Landorus-Therian|Intimidate|[of] p1a: Gliscor
|-unboost|p1a: Gliscor|atk|1
|move|p1a: Gliscor|Earthquake|p2a: Landorus-Therian
|-immune|p2a: Landorus-Therian|[msg]
|
|turn|13
|c|âDallaren|i thought it through dw
|c|âDallaren|why didnt u mega though
|
|move|p1a: Gliscor|Taunt|p2a: Landorus-Therian
|-start|p2a: Landorus-Therian|move: Taunt
|cant|p2a: Landorus-Therian|move: Taunt|Stealth Rock
|
|turn|14
|c|âCienight|in case you toxiced  , didnt see the EQ coming
|c|âDallaren|oh
|
|move|p1a: Gliscor|Knock Off|p2a: Landorus-Therian
|-crit|p2a: Landorus-Therian
|-damage|p2a: Landorus-Therian|94\/379
|move|p2a: Landorus-Therian|U-turn|p1a: Gliscor
|-resisted|p1a: Gliscor
|-damage|p1a: Gliscor|318\/352 tox
|
|switch|p2a: Crawdaunt|Crawdaunt, M|269\/269
|-damage|p2a: Crawdaunt|236\/269|[from] Stealth Rock
|
|-heal|p1a: Gliscor|352\/352 tox|[from] ability: Poison Heal
|turn|15
|
|switch|p1a: Keldeo-Resolute|Keldeo-Resolute|323\/323
|move|p2a: Crawdaunt|Knock Off|p1a: Keldeo-Resolute
|-resisted|p1a: Keldeo-Resolute
|-damage|p1a: Keldeo-Resolute|175\/323
|-boost|p1a: Keldeo-Resolute|atk|1|[from] ability: Justified
|-enditem|p1a: Keldeo-Resolute|Choice Scarf|[from] move: Knock Off|[of] p2a: Crawdaunt
|-damage|p2a: Crawdaunt|210\/269|[from] item: Life Orb
|
|turn|16
|c|âCienight|domage
|
|switch|p2a: Dragonite|Dragonite, M|323\/323
|-damage|p2a: Dragonite|243\/323|[from] Stealth Rock
|move|p1a: Keldeo-Resolute|Secret Sword|p2a: Dragonite
|-resisted|p2a: Dragonite
|-damage|p2a: Dragonite|169\/323
|
|turn|17
|
|switch|p1a: Ferrothorn|Ferrothorn, M|178\/352
|move|p2a: Dragonite|Outrage|p1a: Ferrothorn
|-resisted|p1a: Ferrothorn
|-damage|p1a: Ferrothorn|68\/352
|-damage|p2a: Dragonite|129\/323|[from] ability: Iron Barbs|[of] p1a: Ferrothorn
|
|-heal|p1a: Ferrothorn|90\/352|[from] item: Leftovers
|turn|18
|
|move|p1a: Ferrothorn|Protect|p1a: Ferrothorn
|-singleturn|p1a: Ferrothorn|Protect
|move|p2a: Dragonite|Outrage|p1a: Ferrothorn
|-activate|p1a: Ferrothorn|Protect
|
|-end|p2a: Dragonite|rampage
|-start|p2a: Dragonite|confusion
|-heal|p1a: Ferrothorn|112\/352|[from] item: Leftovers
|turn|19
|
|switch|p2a: Gardevoir|Gardevoir, F|105\/291
|-damage|p2a: Gardevoir|69\/291|[from] Stealth Rock
|move|p1a: Ferrothorn|Leech Seed|p2a: Gardevoir
|-start|p2a: Gardevoir|move: Leech Seed
|
|-heal|p1a: Ferrothorn|134\/352|[from] item: Leftovers
|-damage|p2a: Gardevoir|33\/291|[from] Leech Seed|[of] p1a: Ferrothorn
|-heal|p1a: Ferrothorn|170\/352|[silent]
|turn|20
|
|switch|p2a: Heatran|Heatran, M|283\/323
|-damage|p2a: Heatran|243\/323|[from] Stealth Rock
|move|p1a: Ferrothorn|Protect|p1a: Ferrothorn
|-fail|p1a: Ferrothorn
|
|-heal|p1a: Ferrothorn|192\/352|[from] item: Leftovers
|turn|21
|
|move|p1a: Ferrothorn|Protect|p1a: Ferrothorn
|-singleturn|p1a: Ferrothorn|Protect
|move|p2a: Heatran|Fire Blast|p1a: Ferrothorn
|-activate|p1a: Ferrothorn|Protect
|
|-heal|p1a: Ferrothorn|214\/352|[from] item: Leftovers
|turn|22
|
|switch|p1a: Gallade|Gallade-Mega, M|232\/278
|move|p2a: Heatran|Fire Blast|p1a: Gallade
|-damage|p1a: Gallade|51\/278
|
|turn|23
|
|move|p2a: Heatran|Fire Blast|p1a: Gallade
|-damage|p1a: Gallade|0 fnt
|faint|p1a: Gallade
|
|
|switch|p1a: Keldeo-Resolute|Keldeo-Resolute|175\/323
|turn|24
|
|switch|p2a: Gardevoir|Gardevoir, F|33\/291
|-damage|p2a: Gardevoir|0 fnt|[from] Stealth Rock
|faint|p2a: Gardevoir
|move|p1a: Keldeo-Resolute|Scald|p2: Gardevoir|[notarget]
|-notarget
|
|
|switch|p2a: Dragonite|Dragonite, M|129\/323
|-damage|p2a: Dragonite|49\/323|[from] Stealth Rock
|turn|25
|
|switch|p1a: Gliscor|Gliscor, F|352\/352 tox
|move|p2a: Dragonite|Fire Punch|p1a: Gliscor
|-crit|p1a: Gliscor
|-damage|p1a: Gliscor|171\/352 tox
|
|-heal|p1a: Gliscor|215\/352 tox|[from] ability: Poison Heal
|turn|26
|
|move|p1a: Gliscor|Roost|p1a: Gliscor
|-heal|p1a: Gliscor|352\/352 tox
|move|p2a: Dragonite|Fire Punch|p1a: Gliscor
|-damage|p1a: Gliscor|228\/352 tox
|
|-heal|p1a: Gliscor|272\/352 tox|[from] ability: Poison Heal
|turn|27
|
|move|p1a: Gliscor|Knock Off|p2a: Dragonite
|-damage|p2a: Dragonite|0 fnt
|-enditem|p2a: Dragonite|Choice Band|[from] move: Knock Off|[of] p1a: Gliscor
|faint|p2a: Dragonite
|
|-heal|p1a: Gliscor|316\/352 tox|[from] ability: Poison Heal
|
|switch|p2a: Crawdaunt|Crawdaunt, M|210\/269
|-damage|p2a: Crawdaunt|177\/269|[from] Stealth Rock
|turn|28
|c|âDallaren|lando is at 25
|c|âDallaren|right
|c|âDallaren|i cant see
|c|âCienight|y
|c|âDallaren|k
|
|switch|p1a: Ferrothorn|Ferrothorn, M|214\/352
|move|p2a: Crawdaunt|Swords Dance|p2a: Crawdaunt
|-boost|p2a: Crawdaunt|atk|2
|
|-heal|p1a: Ferrothorn|236\/352|[from] item: Leftovers
|turn|29
|
|move|p2a: Crawdaunt|Knock Off|p1a: Ferrothorn
|-damage|p1a: Ferrothorn|0 fnt
|-damage|p2a: Crawdaunt|144\/269|[from] ability: Iron Barbs|[of] p1a: Ferrothorn
|-enditem|p1a: Ferrothorn|Leftovers|[from] move: Knock Off|[of] p2a: Crawdaunt
|-damage|p2a: Crawdaunt|118\/269|[from] item: Life Orb
|faint|p1a: Ferrothorn
|
|
|switch|p1a: Latios|Latios, M|299\/299
|turn|30
|
|switch|p2a: Landorus-Therian|Landorus-Therian, M|94\/379
|-damage|p2a: Landorus-Therian|47\/379|[from] Stealth Rock
|-ability|p2a: Landorus-Therian|Intimidate|[of] p1a: Latios
|-unboost|p1a: Latios|atk|1
|move|p1a: Latios|Draco Meteor|p2a: Landorus-Therian
|-damage|p2a: Landorus-Therian|0 fnt
|-unboost|p1a: Latios|spa|2
|-damage|p1a: Latios|270\/299|[from] item: Life Orb
|faint|p2a: Landorus-Therian
|
|
|switch|p2a: Heatran|Heatran, M|243\/323
|-damage|p2a: Heatran|203\/323|[from] Stealth Rock
|turn|31
|
|move|p2a: Heatran|Fire Blast|p1a: Latios
|-resisted|p1a: Latios
|-damage|p1a: Latios|172\/299
|move|p1a: Latios|Roost|p1a: Latios
|-heal|p1a: Latios|299\/299
|
|turn|32
|c|âCienight|gg
|leave|Cienight
|player|p2
|join|Cienight
|player|p2|Cienight|75
|-message|Cienight forfeited.
|
|win|Dallaren
|leave|Cienight
|player|p2
|c|âDallaren|thanks
|join|Cienight