|join|Cienight
|join|Mastercraft
|player|p1|Cienight|29
|player|p2|Mastercraft|109
|gametype|singles
|gen|6
|tier|OU
|rated
|clearpoke
|poke|p1|Scizor, M
|poke|p1|Diggersby, F, shiny
|poke|p1|Greninja, F, shiny
|poke|p1|Dragonite, F
|poke|p1|Latios, M
|poke|p1|Azelf
|poke|p2|Mamoswine, M
|poke|p2|Kyurem-Black
|poke|p2|Clefable, M
|poke|p2|Charizard, M
|poke|p2|Excadrill, M
|poke|p2|Slowbro, M
|rule|Swagger Clause: Swagger is banned
|rule|Baton Pass Clause: Limit one PokÃ©mon knowing Baton Pass
|rule|Sleep Clause Mod: Limit one foe put to sleep
|rule|Species Clause: Limit one of each PokÃ©mon
|rule|OHKO Clause: OHKO moves are banned
|rule|Moody Clause: Moody is banned
|rule|Evasion Moves Clause: Evasion moves are banned
|rule|Endless Battle Clause: Forcing endless battles is banned
|rule|HP Percentage Mod: HP is shown in percentages
|teampreview
|
|start
|switch|p1a: Azelf|Azelf|354\/354
|switch|p2a: Excadrill|Excadrill, M|361\/361
|-ability|p2a: Excadrill|Mold Breaker
|turn|1
|
|move|p2a: Excadrill|Iron Head|p1a: Azelf
|-damage|p1a: Azelf|134\/354
|move|p1a: Azelf|Stealth Rock|p2a: Excadrill
|-sidestart|p2: Mastercraft|move: Stealth Rock
|
|turn|2
|join|Salamence_Mega
|
|switch|p1a: Scizor|Scizor, M|283\/283
|move|p2a: Excadrill|Iron Head|p1a: Scizor
|-resisted|p1a: Scizor
|-damage|p1a: Scizor|199\/283
|
|turn|3
|
|switch|p2a: Slowbro|Slowbro, M|394\/394
|-damage|p2a: Slowbro|345\/394|[from] Stealth Rock
|detailschange|p1a: Scizor|Scizor-Mega, M
|message|Scizor has Mega Evolved into Mega Scizor!
|move|p1a: Scizor|Swords Dance|p1a: Scizor
|-boost|p1a: Scizor|atk|2
|
|-heal|p2a: Slowbro|369\/394|[from] item: Leftovers
|turn|4
|
|move|p1a: Scizor|Bug Bite|p2a: Slowbro
|-supereffective|p2a: Slowbro
|-damage|p2a: Slowbro|0 fnt
|faint|p2a: Slowbro
|
|
|switch|p2a: Charizard|Charizard, M|297\/297
|-damage|p2a: Charizard|149\/297|[from] Stealth Rock
|turn|5
|c|âCienight|tim
|c|âCienight|do I dare
|c|âCienight|y n
|
|switch|p1a: Latios|Latios, M|302\/302
|detailschange|p2a: Charizard|Charizard-Mega-X, M
|message|Charizard has Mega Evolved into Mega Charizard!
|move|p2a: Charizard|Dragon Dance|p2a: Charizard
|-boost|p2a: Charizard|atk|1
|-boost|p2a: Charizard|spe|1
|
|turn|6
|c|âCienight|that was
|c|âCienight|the dumbest play
|c|âCienight|you could have ever
|c|âCienight|done
|c|âMastercraft|it was obvious
|
|switch|p1a: Azelf|Azelf|134\/354
|move|p2a: Charizard|Dragon Claw|p1a: Azelf
|-damage|p1a: Azelf|0 fnt
|faint|p1a: Azelf
|
|
|switch|p1a: Dragonite|Dragonite, F|323\/323
|turn|7
|c|âMastercraft|scizor wrecks me, why not save it
|c|âCienight|scizor wrecks u > you risk your win con
|c|âCienight|I see
|
|move|p1a: Dragonite|Extreme Speed|p2a: Charizard
|-damage|p2a: Charizard|9\/297
|move|p2a: Charizard|Dragon Claw|p1a: Dragonite
|-supereffective|p1a: Dragonite
|-damage|p1a: Dragonite|0 fnt
|faint|p1a: Dragonite
|
|
|switch|p1a: Diggersby|Diggersby, F, shiny|311\/311
|turn|8
|c|âMastercraft|i had no other chance if i didnt take the risk
|c|âMastercraft|im still screwed anyway
|
|move|p1a: Diggersby|Quick Attack|p2a: Charizard
|-damage|p2a: Charizard|0 fnt
|-damage|p1a: Diggersby|280\/311|[from] item: Life Orb
|faint|p2a: Charizard
|
|
|switch|p2a: Excadrill|Excadrill, M|361\/361
|-damage|p2a: Excadrill|350\/361|[from] Stealth Rock
|-ability|p2a: Excadrill|Mold Breaker
|turn|9
|
|switch|p2a: Kyurem-Black|Kyurem-Black|412\/412
|-damage|p2a: Kyurem-Black|309\/412|[from] Stealth Rock
|-ability|p2a: Kyurem-Black|Teravolt
|move|p1a: Diggersby|Earthquake|p2a: Kyurem-Black
|-damage|p2a: Kyurem-Black|48\/412
|-damage|p1a: Diggersby|249\/311|[from] item: Life Orb
|
|-heal|p2a: Kyurem-Black|73\/412|[from] item: Leftovers
|turn|10
|
|move|p1a: Diggersby|Quick Attack|p2a: Kyurem-Black
|-crit|p2a: Kyurem-Black
|-damage|p2a: Kyurem-Black|0 fnt
|-damage|p1a: Diggersby|218\/311|[from] item: Life Orb
|faint|p2a: Kyurem-Black
|
|
|switch|p2a: Excadrill|Excadrill, M|350\/361
|-damage|p2a: Excadrill|339\/361|[from] Stealth Rock
|-ability|p2a: Excadrill|Mold Breaker
|turn|11
|
|move|p2a: Excadrill|Earthquake|p1a: Diggersby
|-damage|p1a: Diggersby|0 fnt
|faint|p1a: Diggersby
|
|join|AjTheEpic
|
|switch|p1a: Scizor|Scizor-Mega, M|199\/283
|turn|12
|
|switch|p2a: Clefable|Clefable, M|394\/394
|move|p1a: Scizor|Superpower|p2a: Clefable
|-resisted|p2a: Clefable
|-damage|p2a: Clefable|322\/394
|-unboost|p1a: Scizor|atk|1
|-unboost|p1a: Scizor|def|1
|
|-heal|p2a: Clefable|346\/394|[from] item: Leftovers
|turn|13
|c|âCienight|wait what
|c|âCienight|lol
|c| AjTheEpic|plays
|
|switch|p1a: Latios|Latios, M|302\/302
|move|p2a: Clefable|Calm Mind|p2a: Clefable
|-boost|p2a: Clefable|spa|1
|-boost|p2a: Clefable|spd|1
|
|-heal|p2a: Clefable|370\/394|[from] item: Leftovers
|turn|14
|
|move|p1a: Latios|Psyshock|p2a: Clefable
|-damage|p2a: Clefable|206\/394
|-damage|p1a: Latios|272\/302|[from] item: Life Orb
|move|p2a: Clefable|Soft-Boiled|p2a: Clefable
|-heal|p2a: Clefable|394\/394
|
|turn|15
|
|move|p1a: Latios|Psyshock|p2a: Clefable
|-damage|p2a: Clefable|217\/394
|-damage|p1a: Latios|242\/302|[from] item: Life Orb
|move|p2a: Clefable|Soft-Boiled|p2a: Clefable
|-heal|p2a: Clefable|394\/394
|
|turn|16
|
|move|p1a: Latios|Psyshock|p2a: Clefable
|-damage|p2a: Clefable|221\/394
|-damage|p1a: Latios|212\/302|[from] item: Life Orb
|move|p2a: Clefable|Soft-Boiled|p2a: Clefable
|-heal|p2a: Clefable|394\/394
|
|turn|17
|
|switch|p1a: Scizor|Scizor-Mega, M|199\/283
|move|p2a: Clefable|Soft-Boiled|p2a: Clefable
|-fail|p2a: Clefable
|
|turn|18
|
|move|p1a: Scizor|Bullet Punch|p2a: Clefable
|-supereffective|p2a: Clefable
|-damage|p2a: Clefable|172\/394
|move|p2a: Clefable|Flamethrower|p1a: Scizor
|-supereffective|p1a: Scizor
|-damage|p1a: Scizor|0 fnt
|faint|p1a: Scizor
|
|-heal|p2a: Clefable|196\/394|[from] item: Leftovers
|
|switch|p1a: Latios|Latios, M|212\/302
|turn|19
|
|move|p1a: Latios|Psyshock|p2a: Clefable
|-damage|p2a: Clefable|40\/394
|-damage|p1a: Latios|182\/302|[from] item: Life Orb
|move|p2a: Clefable|Moonblast|p1a: Latios
|-supereffective|p1a: Latios
|-damage|p1a: Latios|0 fnt
|faint|p1a: Latios
|
|-heal|p2a: Clefable|64\/394|[from] item: Leftovers
|c|âCienight|nice n bullshit
|-message|Cienight forfeited.
|
|win|Mastercraft
|raw|Ladder updating...
|leave|Cienight
|player|p1
|raw|Cienight's rating: 1705 &rarr; <strong>1690<\/strong><br \/>(-15 for losing)
|raw|Mastercraft's rating: 1788 &rarr; <strong>1803<\/strong><br \/>(+15 for winning)
|leave|AjTheEpic