|join|Cienight
|join|Mistakess
|player|p1|Cienight|75
|player|p2|Mistakess|249
|gametype|singles
|gen|6
|tier|OU
|clearpoke
|poke|p1|Crawdaunt, M
|poke|p1|Latios, M
|poke|p1|Dragonite, M
|poke|p1|Gardevoir, F, shiny
|poke|p1|Landorus-Therian, M
|poke|p1|Heatran, M
|poke|p2|Greninja, M, shiny
|poke|p2|Charizard, M
|poke|p2|Infernape, M
|poke|p2|Dragonite, F
|poke|p2|Azumarill, F, shiny
|poke|p2|Scizor, M
|rule|Swagger Clause: Swagger is banned
|rule|Baton Pass Clause: Limit one PokÃ©mon knowing Baton Pass
|rule|Sleep Clause Mod: Limit one foe put to sleep
|rule|Species Clause: Limit one of each PokÃ©mon
|rule|OHKO Clause: OHKO moves are banned
|rule|Moody Clause: Moody is banned
|rule|Evasion Moves Clause: Evasion moves are banned
|rule|Endless Battle Clause: Forcing endless battles is banned
|rule|HP Percentage Mod: HP is shown in percentages
|teampreview
|join|hialeah
|join|Rooo
|join|Zagmzp
|join|TheLaughingCats
|c|âCienight|gl
|join|goaty9001
|
|start
|switch|p1a: Landorus-Therian|Landorus-Therian, M|379\/379
|switch|p2a: Lancer|Infernape, M|293\/293
|-ability|p1a: Landorus-Therian|Intimidate|[of] p2a: Lancer
|-unboost|p2a: Lancer|atk|1
|turn|1
|leave|Rooo
|
|move|p2a: Lancer|Stealth Rock|p1a: Landorus-Therian
|-sidestart|p1: Cienight|move: Stealth Rock
|move|p1a: Landorus-Therian|Stealth Rock|p2a: Lancer
|-sidestart|p2: Mistakess|move: Stealth Rock
|
|turn|2
|
|move|p2a: Lancer|Fire Blast|p1a: Landorus-Therian
|-damage|p1a: Landorus-Therian|160\/379
|move|p1a: Landorus-Therian|U-turn|p2a: Lancer
|-resisted|p2a: Lancer
|-damage|p2a: Lancer|267\/293
|join|Ninjape
|
|switch|p1a: Crawdaunt|Crawdaunt, M|269\/269
|-damage|p1a: Crawdaunt|236\/269|[from] Stealth Rock
|
|turn|3
|c| Zagmzp|i really hope all ur mon are named after reindeer
|leave|Ninjape
|
|move|p2a: Lancer|Vacuum Wave|p1a: Crawdaunt
|-supereffective|p1a: Crawdaunt
|-damage|p1a: Crawdaunt|44\/269
|move|p1a: Crawdaunt|Aqua Jet|p2a: Lancer
|-supereffective|p2a: Lancer
|-damage|p2a: Lancer|0 fnt
|-damage|p1a: Crawdaunt|18\/269|[from] item: Life Orb
|faint|p2a: Lancer
|
|join|Ninjape
|leave|goaty9001
|
|switch|p2a: Assassin|Greninja, M, shiny|285\/285
|-damage|p2a: Assassin|250\/285|[from] Stealth Rock
|turn|4
|c| Zagmzp|dang
|
|move|p2a: Assassin|Shadow Sneak|p1a: Crawdaunt
|-start|p2a: Assassin|typechange|Ghost|[from] Protean
|-resisted|p1a: Crawdaunt
|-damage|p1a: Crawdaunt|0 fnt
|-damage|p2a: Assassin|222\/285|[from] item: Life Orb
|faint|p1a: Crawdaunt
|
|
|switch|p1a: Heatran|Heatran, M|323\/323
|-damage|p1a: Heatran|283\/323|[from] Stealth Rock
|turn|5
|
|move|p1a: Heatran|Fire Blast|p2a: Assassin|[miss]
|-miss|p1a: Heatran|p2a: Assassin
|move|p2a: Assassin|Hydro Pump|p1a: Heatran
|-start|p2a: Assassin|typechange|Water|[from] Protean
|-supereffective|p1a: Heatran
|-damage|p1a: Heatran|0 fnt
|-damage|p2a: Assassin|194\/285|[from] item: Life Orb
|faint|p1a: Heatran
|
|
|switch|p1a: Dragonite|Dragonite, M|323\/323
|-damage|p1a: Dragonite|243\/323|[from] Stealth Rock
|turn|6
|
|move|p1a: Dragonite|Extreme Speed|p2a: Assassin
|-damage|p2a: Assassin|0 fnt
|faint|p2a: Assassin
|
|leave|Ninjape
|
|switch|p2a: Archer|Scizor, M|344\/344
|-damage|p2a: Archer|301\/344|[from] Stealth Rock
|turn|7
|
|switch|p1a: Landorus-Therian|Landorus-Therian, M|160\/379
|-damage|p1a: Landorus-Therian|113\/379|[from] Stealth Rock
|-ability|p1a: Landorus-Therian|Intimidate|[of] p2a: Archer
|-unboost|p2a: Archer|atk|1
|move|p2a: Archer|Knock Off|p1a: Landorus-Therian
|-damage|p1a: Landorus-Therian|8\/379
|-damage|p2a: Archer|244\/344|[from] item: Rocky Helmet|[of] p1a: Landorus-Therian
|-enditem|p1a: Landorus-Therian|Rocky Helmet|[from] move: Knock Off|[of] p2a: Archer
|
|turn|8
|join|Ninjape
|
|switch|p2a: Saber|Dragonite, F|323\/323
|-damage|p2a: Saber|243\/323|[from] Stealth Rock
|move|p1a: Landorus-Therian|Earthquake|p2a: Saber
|-immune|p2a: Saber|[msg]
|
|turn|9
|
|move|p2a: Saber|Extreme Speed|p1a: Landorus-Therian
|-damage|p1a: Landorus-Therian|0 fnt
|-damage|p2a: Saber|211\/323|[from] item: Life Orb
|faint|p1a: Landorus-Therian
|
|
|switch|p1a: Gardevoir|Gardevoir, F, shiny|291\/291
|-damage|p1a: Gardevoir|255\/291|[from] Stealth Rock
|-ability|p1a: Gardevoir|Multiscale|[from] ability: Trace|[of] p2a: Saber
|turn|10
|
|detailschange|p1a: Gardevoir|Gardevoir-Mega, F, shiny
|message|Gardevoir has Mega Evolved into Mega Gardevoir!
|move|p2a: Saber|Extreme Speed|p1a: Gardevoir
|-damage|p1a: Gardevoir|85\/291
|-damage|p2a: Saber|179\/323|[from] item: Life Orb
|move|p1a: Gardevoir|Hyper Voice|p2a: Saber
|-supereffective|p2a: Saber
|-damage|p2a: Saber|0 fnt
|faint|p2a: Saber
|
|
|switch|p2a: Rider|Azumarill, F, shiny|403\/403
|-damage|p2a: Rider|353\/403|[from] Stealth Rock
|turn|11
|
|move|p2a: Rider|Aqua Jet|p1a: Gardevoir
|-damage|p1a: Gardevoir|0 fnt
|faint|p1a: Gardevoir
|
|
|switch|p1a: Latios|Latios, M|301\/301
|-damage|p1a: Latios|264\/301|[from] Stealth Rock
|turn|12
|
|move|p2a: Rider|Aqua Jet|p1a: Latios
|-resisted|p1a: Latios
|-damage|p1a: Latios|185\/301
|move|p1a: Latios|Psyshock|p2a: Rider
|-damage|p2a: Rider|139\/403
|-damage|p1a: Latios|155\/301|[from] item: Life Orb
|
|turn|13
|
|switch|p1a: Dragonite|Dragonite, M|243\/323
|-damage|p1a: Dragonite|163\/323|[from] Stealth Rock
|move|p2a: Rider|Aqua Jet|p1a: Dragonite
|-resisted|p1a: Dragonite
|-damage|p1a: Dragonite|97\/323
|
|turn|14
|
|move|p1a: Dragonite|Extreme Speed|p2a: Rider
|-damage|p2a: Rider|0 fnt
|faint|p2a: Rider
|
|
|switch|p2a: Archer|Scizor, M|244\/344
|-damage|p2a: Archer|201\/344|[from] Stealth Rock
|turn|15
|
|move|p1a: Dragonite|Extreme Speed|p2a: Archer
|-resisted|p2a: Archer
|-damage|p2a: Archer|119\/344
|move|p2a: Archer|Bullet Punch|p1a: Dragonite
|-damage|p1a: Dragonite|0 fnt
|faint|p1a: Dragonite
|
|
|switch|p1a: Latios|Latios, M|155\/301
|-damage|p1a: Latios|118\/301|[from] Stealth Rock
|turn|16
|
|move|p2a: Archer|Bullet Punch|p1a: Latios
|-damage|p1a: Latios|0 fnt
|faint|p1a: Latios
|
|win|Mistakess