|join|Cienight
|join|DoctorPhrog
|player|p1|Cienight|29
|player|p2|DoctorPhrog|220
|gametype|singles
|gen|6
|tier|OU
|rated
|clearpoke
|poke|p1|Scizor, F
|poke|p1|Diggersby, M, shiny
|poke|p1|Greninja, F, shiny
|poke|p1|Dragonite, F
|poke|p1|Latios, M
|poke|p1|Azelf
|poke|p2|Tentacruel, F
|poke|p2|Chansey, F
|poke|p2|Tangrowth, F
|poke|p2|Clefable, F
|poke|p2|Slowbro, F
|poke|p2|Skarmory, F
|rule|Swagger Clause: Swagger is banned
|rule|Baton Pass Clause: Limit one PokÃ©mon knowing Baton Pass
|rule|Sleep Clause Mod: Limit one foe put to sleep
|rule|Species Clause: Limit one of each PokÃ©mon
|rule|OHKO Clause: OHKO moves are banned
|rule|Moody Clause: Moody is banned
|rule|Evasion Moves Clause: Evasion moves are banned
|rule|Endless Battle Clause: Forcing endless battles is banned
|rule|HP Percentage Mod: HP is shown in percentages
|teampreview
|
|start
|switch|p1a: Azelf|Azelf|354\/354
|switch|p2a: Tentacruel|Tentacruel, F|364\/364
|turn|1
|
|switch|p1a: Latios|Latios, M|302\/302
|move|p2a: Tentacruel|Toxic Spikes|p1a: Latios
|-sidestart|p1: Cienight|move: Toxic Spikes
|
|turn|2
|
|switch|p2a: Chansey|Chansey, F|642\/642
|move|p1a: Latios|Defog|p2a: Chansey
|-unboost|p2a: Chansey|evasion|1
|-sideend|p1: Cienight|Toxic Spikes|[from] move: Defog|[of] p1a: Latios
|
|turn|3
|
|switch|p1a: Azelf|Azelf|354\/354
|switch|p2a: Skarmory|Skarmory, F|334\/334
|
|turn|4
|
|move|p1a: Azelf|Taunt|p2a: Skarmory
|-start|p2a: Skarmory|move: Taunt
|cant|p2a: Skarmory|move: Taunt|Stealth Rock
|
|turn|5
|
|switch|p2a: Tentacruel|Tentacruel, F|364\/364
|move|p1a: Azelf|Stealth Rock|p2a: Tentacruel
|-sidestart|p2: DoctorPhrog|move: Stealth Rock
|
|turn|6
|
|switch|p1a: Latios|Latios, M|302\/302
|move|p2a: Tentacruel|Rapid Spin|p1a: Latios
|-crit|p1a: Latios
|-damage|p1a: Latios|278\/302
|-sideend|p2: DoctorPhrog|Stealth Rock|[from] move: Rapid Spin|[of] p2a: Tentacruel
|
|turn|7
|
|switch|p1a: Azelf|Azelf|354\/354
|switch|p2a: Tangrowth|Tangrowth, F|404\/404
|
|turn|8
|
|move|p1a: Azelf|Stealth Rock|p2a: Tangrowth
|-sidestart|p2: DoctorPhrog|move: Stealth Rock
|move|p2a: Tangrowth|Knock Off|p1a: Azelf
|-supereffective|p1a: Azelf
|-damage|p1a: Azelf|140\/354
|-enditem|p1a: Azelf|Focus Sash|[from] move: Knock Off|[of] p2a: Tangrowth
|
|turn|9
|
|switch|p2a: Slowbro|Slowbro, F|394\/394
|-damage|p2a: Slowbro|345\/394|[from] Stealth Rock
|move|p1a: Azelf|Taunt|p2a: Slowbro
|-start|p2a: Slowbro|move: Taunt
|
|-heal|p2a: Slowbro|369\/394|[from] item: Leftovers
|turn|10
|
|switch|p1a: Greninja|Greninja, F, shiny|285\/285
|switch|p2a: Tentacruel|Tentacruel, F|364\/364
|-damage|p2a: Tentacruel|319\/364|[from] Stealth Rock
|
|-heal|p2a: Tentacruel|341\/364|[from] item: Black Sludge
|turn|11
|
|move|p1a: Greninja|Extrasensory|p2a: Tentacruel
|-start|p1a: Greninja|typechange|Psychic|[from] Protean
|-supereffective|p2a: Tentacruel
|-damage|p2a: Tentacruel|65\/364
|-damage|p1a: Greninja|257\/285|[from] item: Life Orb
|move|p2a: Tentacruel|Toxic Spikes|p1a: Greninja
|-sidestart|p1: Cienight|move: Toxic Spikes
|
|-heal|p2a: Tentacruel|87\/364|[from] item: Black Sludge
|turn|12
|
|switch|p2a: Chansey|Chansey, F|642\/642
|-damage|p2a: Chansey|562\/642|[from] Stealth Rock
|move|p1a: Greninja|Extrasensory|p2a: Chansey
|-damage|p2a: Chansey|480\/642
|-damage|p1a: Greninja|229\/285|[from] item: Life Orb
|
|turn|13
|
|switch|p1a: Azelf|Azelf|140\/354
|move|p2a: Chansey|Thunder Wave|p1a: Azelf
|-status|p1a: Azelf|par
|
|turn|14
|
|move|p2a: Chansey|Seismic Toss|p1a: Azelf
|-damage|p1a: Azelf|40\/354 par
|cant|p1a: Azelf|par
|
|turn|15
|
|move|p2a: Chansey|Seismic Toss|p1a: Azelf
|-damage|p1a: Azelf|0 fnt
|faint|p1a: Azelf
|
|
|switch|p1a: Diggersby|Diggersby, M, shiny|311\/311
|-status|p1a: Diggersby|psn
|turn|16
|
|switch|p2a: Slowbro|Slowbro, F|394\/394
|-damage|p2a: Slowbro|345\/394|[from] Stealth Rock
|move|p1a: Diggersby|Swords Dance|p1a: Diggersby
|-boost|p1a: Diggersby|atk|2
|
|-heal|p2a: Slowbro|369\/394|[from] item: Leftovers
|-damage|p1a: Diggersby|273\/311 psn|[from] psn
|turn|17
|
|move|p1a: Diggersby|Frustration|p2a: Slowbro
|-damage|p2a: Slowbro|0 fnt
|-damage|p1a: Diggersby|242\/311 psn|[from] item: Life Orb
|faint|p2a: Slowbro
|
|-damage|p1a: Diggersby|204\/311 psn|[from] psn
|c|âDoctorPhrog|whoa
|
|switch|p2a: Tangrowth|Tangrowth, F|404\/404
|-damage|p2a: Tangrowth|354\/404|[from] Stealth Rock
|turn|18
|
|switch|p2a: Tentacruel|Tentacruel, F|87\/364
|-damage|p2a: Tentacruel|42\/364|[from] Stealth Rock
|move|p1a: Diggersby|Frustration|p2a: Tentacruel
|-damage|p2a: Tentacruel|0 fnt
|-damage|p1a: Diggersby|173\/311 psn|[from] item: Life Orb
|faint|p2a: Tentacruel
|
|-damage|p1a: Diggersby|135\/311 psn|[from] psn
|
|switch|p2a: Clefable|Clefable, F|394\/394
|-damage|p2a: Clefable|345\/394|[from] Stealth Rock
|turn|19
|
|move|p1a: Diggersby|Frustration|p2a: Clefable
|-damage|p2a: Clefable|94\/394
|-damage|p1a: Diggersby|104\/311 psn|[from] item: Life Orb
|move|p2a: Clefable|Moonblast|p1a: Diggersby
|-damage|p1a: Diggersby|0 fnt
|faint|p1a: Diggersby
|
|-heal|p2a: Clefable|118\/394|[from] item: Leftovers
|
|switch|p1a: Latios|Latios, M|278\/302
|turn|20
|
|move|p1a: Latios|Psyshock|p2a: Clefable
|-damage|p2a: Clefable|0 fnt
|-damage|p1a: Latios|248\/302|[from] item: Life Orb
|faint|p2a: Clefable
|
|
|switch|p2a: Skarmory|Skarmory, F|334\/334
|-damage|p2a: Skarmory|293\/334|[from] Stealth Rock
|turn|21
|
|switch|p1a: Greninja|Greninja, F, shiny|229\/285
|-status|p1a: Greninja|psn
|move|p2a: Skarmory|Stealth Rock|p1a: Greninja
|-sidestart|p1: Cienight|move: Stealth Rock
|
|-damage|p1a: Greninja|194\/285 psn|[from] psn
|turn|22
|
|switch|p1a: Dragonite|Dragonite, F|323\/323
|-damage|p1a: Dragonite|243\/323|[from] Stealth Rock
|switch|p2a: Chansey|Chansey, F|480\/642
|-damage|p2a: Chansey|400\/642|[from] Stealth Rock
|
|turn|23
|
|move|p1a: Dragonite|Fire Punch|p2a: Chansey
|-damage|p2a: Chansey|198\/642
|-status|p2a: Chansey|brn
|move|p2a: Chansey|Thunder Wave|p1a: Dragonite
|-status|p1a: Dragonite|par
|
|-damage|p2a: Chansey|118\/642 brn|[from] brn
|turn|24
|
|move|p2a: Chansey|Soft-Boiled|p2a: Chansey
|-heal|p2a: Chansey|439\/642 brn
|move|p1a: Dragonite|Fire Punch|p2a: Chansey
|-damage|p2a: Chansey|235\/642 brn
|
|-damage|p2a: Chansey|155\/642 brn|[from] brn
|turn|25
|
|switch|p1a: Latios|Latios, M|248\/302
|-damage|p1a: Latios|211\/302|[from] Stealth Rock
|move|p2a: Chansey|Soft-Boiled|p2a: Chansey
|-heal|p2a: Chansey|476\/642 brn
|
|-damage|p2a: Chansey|396\/642 brn|[from] brn
|turn|26
|
|move|p1a: Latios|Defog|p2a: Chansey
|-unboost|p2a: Chansey|evasion|1
|-sideend|p2: DoctorPhrog|Stealth Rock|[from] move: Defog|[of] p2a: Chansey
|-sideend|p1: Cienight|Toxic Spikes|[from] move: Defog|[of] p1a: Latios
|-sideend|p1: Cienight|Stealth Rock|[from] move: Defog|[of] p1a: Latios
|move|p2a: Chansey|Soft-Boiled|p2a: Chansey
|-heal|p2a: Chansey|642\/642 brn
|
|-damage|p2a: Chansey|562\/642 brn|[from] brn
|turn|27
|
|move|p1a: Latios|Psyshock|p2a: Chansey
|-damage|p2a: Chansey|336\/642 brn
|-damage|p1a: Latios|181\/302|[from] item: Life Orb
|move|p2a: Chansey|Thunder Wave|p1a: Latios
|-status|p1a: Latios|par
|
|-damage|p2a: Chansey|256\/642 brn|[from] brn
|turn|28
|
|switch|p1a: Dragonite|Dragonite, F|243\/323 par
|move|p2a: Chansey|Soft-Boiled|p2a: Chansey
|-heal|p2a: Chansey|577\/642 brn
|
|-damage|p2a: Chansey|497\/642 brn|[from] brn
|turn|29
|
|switch|p2a: Skarmory|Skarmory, F|293\/334
|cant|p1a: Dragonite|par
|
|turn|30
|
|move|p2a: Skarmory|Stealth Rock|p1a: Dragonite
|-sidestart|p1: Cienight|move: Stealth Rock
|move|p1a: Dragonite|Fire Punch|p2a: Skarmory
|-supereffective|p2a: Skarmory
|-damage|p2a: Skarmory|79\/334
|
|turn|31
|
|move|p2a: Skarmory|Roost|p2a: Skarmory
|-heal|p2a: Skarmory|246\/334
|cant|p1a: Dragonite|par
|
|turn|32
|c|âCienight|jesus christ
|
|move|p2a: Skarmory|Roost|p2a: Skarmory
|-heal|p2a: Skarmory|334\/334
|cant|p1a: Dragonite|par
|
|turn|33
|c|âCienight|you and your hax
|c|âDoctorPhrog|lol. sorry mate
|
|switch|p2a: Tangrowth|Tangrowth, F|404\/404
|move|p1a: Dragonite|Fire Punch|p2a: Tangrowth
|-supereffective|p2a: Tangrowth
|-damage|p2a: Tangrowth|174\/404
|
|turn|34
|
|move|p2a: Tangrowth|Knock Off|p1a: Dragonite
|-damage|p1a: Dragonite|165\/323 par
|-enditem|p1a: Dragonite|Choice Band|[from] move: Knock Off|[of] p2a: Tangrowth
|cant|p1a: Dragonite|par
|
|turn|35
|c|âCienight|...
|
|switch|p2a: Chansey|Chansey, F|497\/642
|move|p1a: Dragonite|Fire Punch|p2a: Chansey
|-damage|p2a: Chansey|356\/642
|
|turn|36
|
|switch|p1a: Latios|Latios, M|181\/302 par
|-damage|p1a: Latios|144\/302 par|[from] Stealth Rock
|move|p2a: Chansey|Soft-Boiled|p2a: Chansey
|-heal|p2a: Chansey|642\/642
|
|turn|37
|
|move|p2a: Chansey|Seismic Toss|p1a: Latios
|-damage|p1a: Latios|44\/302 par
|move|p1a: Latios|Defog|p2a: Chansey
|-unboost|p2a: Chansey|evasion|1
|-sideend|p1: Cienight|Stealth Rock|[from] move: Defog|[of] p1a: Latios
|
|turn|38
|
|move|p2a: Chansey|Seismic Toss|p1a: Latios
|-damage|p1a: Latios|0 fnt
|faint|p1a: Latios
|
|
|switch|p1a: Scizor|Scizor, F|283\/283
|turn|39
|
|detailschange|p1a: Scizor|Scizor-Mega, F
|message|Scizor has Mega Evolved into Mega Scizor!
|move|p1a: Scizor|Swords Dance|p1a: Scizor
|-boost|p1a: Scizor|atk|2
|move|p2a: Chansey|Thunder Wave|p1a: Scizor
|-status|p1a: Scizor|par
|
|turn|40
|
|switch|p2a: Skarmory|Skarmory, F|334\/334
|move|p1a: Scizor|Swords Dance|p1a: Scizor
|-boost|p1a: Scizor|atk|2
|
|turn|41
|
|move|p1a: Scizor|Swords Dance|p1a: Scizor
|-boost|p1a: Scizor|atk|2
|move|p2a: Skarmory|Whirlwind|p1a: Scizor
|drag|p1a: Dragonite|Dragonite, F|165\/323 par
|
|turn|42
|
|move|p2a: Skarmory|Stealth Rock|p1a: Dragonite
|-sidestart|p1: Cienight|move: Stealth Rock
|cant|p1a: Dragonite|par
|
|turn|43
|c|âCienight|...
|
|cant|p1a: Dragonite|par
|move|p2a: Skarmory|Whirlwind|p1a: Dragonite
|drag|p1a: Greninja|Greninja, F, shiny|194\/285 psn
|-damage|p1a: Greninja|159\/285 psn|[from] Stealth Rock
|
|-damage|p1a: Greninja|124\/285 psn|[from] psn
|turn|44
|c|âCienight|this is
|c|âDoctorPhrog|yeah... sorry man
|c|âCienight|fking pathetic
|c|âCienight|I had to win
|c|âCienight|like 20 turns ago
|c|âCienight|lol
|c|âDoctorPhrog|lol. 
|c|âDoctorPhrog|i'm not debating that
|c|âDoctorPhrog|i LITERALLY got para'ed 7 times in a row this morning
|
|switch|p1a: Scizor|Scizor-Mega, F|283\/283 par
|-damage|p1a: Scizor|248\/283 par|[from] Stealth Rock
|switch|p2a: Chansey|Chansey, F|642\/642
|
|turn|45
|
|switch|p2a: Skarmory|Skarmory, F|334\/334
|move|p1a: Scizor|Swords Dance|p1a: Scizor
|-boost|p1a: Scizor|atk|2
|
|turn|46
|
|cant|p1a: Scizor|par
|move|p2a: Skarmory|Whirlwind|p1a: Scizor
|drag|p1a: Dragonite|Dragonite, F|165\/323 par
|-damage|p1a: Dragonite|85\/323 par|[from] Stealth Rock
|
|turn|47
|-message|Cienight forfeited.
|
|win|DoctorPhrog
|raw|Ladder updating...
|leave|Cienight
|player|p1
|raw|Ladder (probably) updated, but score could not be retrieved (timeout).
|raw|Ladder (probably) updated, but score could not be retrieved (Error: socket hang up).