|join|Cienight
|join|tng
|join|Yuttt.mackerel
|c|âtng|you WHOM?
|c| Yuttt.mackerel|WHOM you
|join|gay af
|player|p1|Cienight|75
|player|p2|tng|168
|gametype|singles
|gen|6
|tier|OU
|clearpoke
|poke|p1|Charizard, M
|poke|p1|Tyranitar, M
|poke|p1|Gliscor, M, shiny
|poke|p1|Starmie, shiny
|poke|p1|Ferrothorn, M
|poke|p1|Garchomp, M
|poke|p2|Slowbro, M
|poke|p2|Excadrill, F
|poke|p2|Keldeo
|poke|p2|Garchomp, F
|poke|p2|Alakazam, F
|poke|p2|Scizor, F
|rule|Swagger Clause: Swagger is banned
|rule|Baton Pass Clause: Limit one PokÃ©mon knowing Baton Pass
|rule|Sleep Clause Mod: Limit one foe put to sleep
|rule|Species Clause: Limit one of each PokÃ©mon
|rule|OHKO Clause: OHKO moves are banned
|rule|Moody Clause: Moody is banned
|rule|Evasion Moves Clause: Evasion moves are banned
|rule|Endless Battle Clause: Forcing endless battles is banned
|rule|HP Percentage Mod: HP is shown in percentages
|teampreview
|c|âtng|GLISCOR
|c|âtng|NU
|c|âtng|starmie
|c|âtng|is OP
|c|âCienight|you lost
|c|âCienight|kkthxbb
|c|âtng|WE LOST
|c|âtng|ALREADY
|c|âtng|:\/
|c|âtng|that starmie
|c|âtng|is guna 6-0
|c|âCienight|^
|c|âtng|GL
|c|âCienight|GLL
|c| Yuttt.mackerel|SIX TO ZERO
|
|start
|switch|p1a: Starmie|Starmie, shiny|321\/321
|switch|p2a: Alakazam|Alakazam, F|251\/251
|turn|1
|c|âtng|eat
|c|âtng|this
|c|âtng|FOCUS
|c|âtng|MISS
|c|âtng|to FACE
|c| Yuttt.mackerel|TO FACE
|c| Yuttt.mackerel|FACE
|c|âCienight|mumble mumble.
|c|âtng|Yuttt.mackerel: TO FACE
|c|âtng|Yuttt.mackerel: FACE
|c| Yuttt.mackerel|âtng: Yuttt.mackerel: TO FACE
|c| Yuttt.mackerel|âtng: Yuttt.mackerel: FACE
|c|âCienight|r u
|
|move|p2a: Alakazam|Focus Blast|p1a: Starmie|[miss]
|-miss|p2a: Alakazam|p1a: Starmie
|move|p1a: Starmie|Scald|p2a: Alakazam
|-damage|p2a: Alakazam|155\/251
|-status|p2a: Alakazam|brn
|
|turn|2
|c|âCienight|mega
|c|âtng|NUUUUUUUUUUUUUUU
|c| Yuttt.mackerel|HE WHAT
|c|âtng|WHAT POWER
|c| Yuttt.mackerel|WHAT
|c|âCienight|going ttar
|
|move|p2a: Alakazam|Focus Blast|p1a: Starmie
|-resisted|p1a: Starmie
|-damage|p1a: Starmie|232\/321
|move|p1a: Starmie|Scald|p2a: Alakazam
|-damage|p2a: Alakazam|52\/251 brn
|
|-heal|p1a: Starmie|252\/321|[from] item: Leftovers
|turn|3
|c|âCienight|rn
|c|âCienight|or not
|c|âtng|MATE
|c|âtng|WHO ARE YOU
|c|âtng|YOU WANT THIS
|c|âtng|BALL OF SHADOW
|c|âCienight|come at me
|c|âCienight|nigga
|c| Yuttt.mackerel|1 MORE
|c| Yuttt.mackerel|FOCUS BLAST
|c| Yuttt.mackerel|1 MROE
|
|move|p2a: Alakazam|Shadow Ball|p1a: Starmie
|-supereffective|p1a: Starmie
|-damage|p1a: Starmie|46\/321
|move|p1a: Starmie|Recover|p1a: Starmie
|-heal|p1a: Starmie|207\/321
|
|-heal|p1a: Starmie|227\/321|[from] item: Leftovers
|turn|4
|c|âtng|ROFL
|c| gay af|make the play
|c|âtng|WHY IS SUCH WEKA
|c| Yuttt.mackerel|1 MROE
|
|switch|p1a: Tyranitar|Tyranitar, M|341\/341
|-weather|Sandstorm
|move|p2a: Alakazam|Encore|p1a: Tyranitar
|-fail|p1a: Tyranitar
|
|-weather|Sandstorm|[upkeep]
|turn|5
|c|âtng|NUUUUUUUUUUU
|c| gay af|>>
|c|âtng|wE LOST
|c|âtng|ALL THE
|c|âtng|50 50
|c|âtng|4
|c|âtng|50 50
|c|âtng|IN A ROW
|c|âtng|MATE
|c|âCienight|more like
|c|âCienight|I mind read you
|c|âtng|YOU WHO
|c|âCienight|??!?!?!
|c|âtng|YOU WHAT
|c|âCienight|WHOM
|c|âtng|YOU WHOM*
|c| Yuttt.mackerel|WHAT
|c| Yuttt.mackerel|HACKERY
|c|âCienight|dw you can still this
|
|move|p2a: Alakazam|Psychic|p1a: Tyranitar
|-immune|p1a: Tyranitar|[msg]
|move|p1a: Tyranitar|Pursuit|p2a: Alakazam
|-supereffective|p2a: Alakazam
|-damage|p2a: Alakazam|0 fnt
|faint|p2a: Alakazam
|
|-weather|Sandstorm|[upkeep]
|c|âCienight|NOT
|c| gay af|xD
|c|âtng|WHAT
|c| Yuttt.mackerel|UH
|c| Yuttt.mackerel|WHAT
|c|âtng|MATE
|c|âtng|HE WHATS
|c| Yuttt.mackerel|WAS THE PLAY
|c|âCienight|WHAT KIND OF
|c|âtng|HE WANTS
|c|âtng|TO WHAT
|c|âCienight|SCARF TTAR
|c|âCienight|IS THIS
|c|âtng|FOCUS
|c|âtng|IS OGHKO
|c|âCienight|oh
|
|switch|p2a: Garchomp|Garchomp, F|357\/357
|turn|6
|c|âCienight|Im slower
|c|âCienight|me nub
|c|âCienight|:c
|c| Yuttt.mackerel|HES SLOWR
|c| Yuttt.mackerel|HE NUB
|c|âCienight|r u
|c|âCienight|megachomp
|c|âtng|MEGA
|c|âtng|CHOMP
|
|switch|p1a: Gliscor|Gliscor, M, shiny|352\/352
|move|p2a: Garchomp|Stealth Rock|p1a: Gliscor
|-sidestart|p1: Cienight|move: Stealth Rock
|
|-weather|Sandstorm|[upkeep]
|-status|p1a: Gliscor|tox|[from] item: Toxic Orb
|turn|7
|c| Yuttt.mackerel|SAND VEIL
|c| Yuttt.mackerel|LETS GO
|
|switch|p2a: Slowbro|Slowbro, M|394\/394
|move|p1a: Gliscor|Toxic|p2a: Slowbro
|-status|p2a: Slowbro|tox
|
|-weather|Sandstorm|[upkeep]
|-damage|p2a: Slowbro|370\/394 tox|[from] sandstorm
|-damage|p2a: Slowbro|346\/394 tox|[from] psn
|turn|8
|c|âtng|aids
|c|âtng|scor
|c|âCienight|yume
|
|switch|p1a: Ferrothorn|Ferrothorn, M|352\/352
|-damage|p1a: Ferrothorn|330\/352|[from] Stealth Rock
|move|p2a: Slowbro|Scald|p1a: Ferrothorn
|-resisted|p1a: Ferrothorn
|-damage|p1a: Ferrothorn|282\/352
|
|-weather|none
|-heal|p1a: Ferrothorn|304\/352|[from] item: Leftovers
|-damage|p2a: Slowbro|298\/394 tox|[from] psn
|turn|9
|c| Yuttt.mackerel|HACKKERY
|c|âtng|NO BURN
|c|âtng|MATE
|
|detailschange|p2a: Slowbro|Slowbro-Mega, M
|-mega|p2a: Slowbro|Slowbro|Slowbronite
|move|p2a: Slowbro|Fire Blast|p1a: Ferrothorn
|-supereffective|p1a: Ferrothorn
|-damage|p1a: Ferrothorn|0 fnt
|faint|p1a: Ferrothorn
|
|-damage|p2a: Slowbro|226\/394 tox|[from] psn
|c|âCienight|nigga
|c|âCienight|you going down
|c|âtng|nigga confirmed
|
|switch|p1a: Starmie|Starmie, shiny|227\/321
|-damage|p1a: Starmie|187\/321|[from] Stealth Rock
|turn|10
|c|âCienight|YOU SPIN MY HEAD RIGHT ROUND
|c|âCienight|catch this
|c|âCienight|scalf
|c|âCienight|d
|c|âCienight|on the incoming
|
|switch|p2a: Scizor|Scizor, F|313\/313
|move|p1a: Starmie|Recover|p1a: Starmie
|-heal|p1a: Starmie|321\/321
|
|turn|11
|c|âCienight|chompity
|c|âtng|take this
|c|âtng|u turn
|c|âtng|of justice
|c|âCienight|oh I will
|c|âCienight|dw
|c|âCienight|: )
|c|âCienight|dw
|c|âCienight|dw
|c|âCienight|dw
|c|âtng|DUN SCALD
|c|âtng|DUN BE NUB
|c|âCienight|I WILL
|
|switch|p1a: Garchomp|Garchomp, M|419\/419
|-damage|p1a: Garchomp|393\/419|[from] Stealth Rock
|move|p2a: Scizor|Swords Dance|p2a: Scizor
|-boost|p2a: Scizor|atk|2
|
|turn|12
|c|âtng|YOU AINT FB CHOMP
|c|âCienight|oh Im fine
|c|âCienight|with that
|c|âCienight|:DDD
|c|âCienight|Im
|c|âCienight|lolol
|
|move|p2a: Scizor|Bullet Punch|p1a: Garchomp
|-crit|p1a: Garchomp
|-damage|p1a: Garchomp|198\/419
|-damage|p2a: Scizor|274\/313|[from] ability: Rough Skin|[of] p1a: Garchomp
|-damage|p2a: Scizor|222\/313|[from] item: Rocky Helmet|[of] p1a: Garchomp
|move|p1a: Garchomp|Dragon Tail|p2a: Scizor
|-resisted|p2a: Scizor
|-damage|p2a: Scizor|190\/313
|drag|p2a: Garchomp|Garchomp, F|357\/357
|
|turn|13
|c| Yuttt.mackerel|wh wh whwat
|c|âtng|THAT WHAT
|c|âtng|THAT DID WHAT
|c|âCienight|nice crit
|c|âCienight|m9
|c|âtng|m8
|c|âtng|m7
|
|switch|p1a: Gliscor|Gliscor, M, shiny|352\/352 tox
|-damage|p1a: Gliscor|308\/352 tox|[from] Stealth Rock
|move|p2a: Garchomp|Sandstorm|p2a: Garchomp
|-weather|Sandstorm
|
|-weather|Sandstorm|[upkeep]
|-heal|p1a: Gliscor|352\/352 tox|[from] ability: Poison Heal
|turn|14
|c|âtng|now i sand veil
|c|âCienight|SAND VEIL
|c|âCienight|U NIGGA
|c|âtng|to VICTORY
|c|âtng|MATE
|c|âCienight|R U KIDDEN
|c|âtng|YOU THOUGHT
|c|âtng|YOU COULD WHAT
|c|âtng|jk it aint VEIL OF sand
|
|switch|p2a: Excadrill|Excadrill, F|361\/361
|-item|p2a: Excadrill|Air Balloon
|move|p1a: Gliscor|Taunt|p2a: Excadrill
|-start|p2a: Excadrill|move: Taunt
|
|-weather|Sandstorm|[upkeep]
|turn|15
|c|âtng|we HAVE
|c|âtng|that team
|c| Yuttt.mackerel|ROROROFL
|c| Yuttt.mackerel|NOOOO
|c|âtng|damn
|c|âtng|that taunt
|
|switch|p1a: Starmie|Starmie, shiny|321\/321
|-damage|p1a: Starmie|281\/321|[from] Stealth Rock
|move|p2a: Excadrill|Iron Head|p1a: Starmie
|-resisted|p1a: Starmie
|-damage|p1a: Starmie|185\/321
|
|-weather|Sandstorm|[upkeep]
|-damage|p1a: Starmie|165\/321|[from] sandstorm
|-heal|p1a: Starmie|185\/321|[from] item: Leftovers
|turn|16
|c|âtng|saved ASS
|
|move|p2a: Excadrill|Earthquake|p1a: Starmie
|-damage|p1a: Starmie|0 fnt
|faint|p1a: Starmie
|
|-weather|Sandstorm|[upkeep]
|c| Yuttt.mackerel|KOOK
|c|âCienight|r u
|c|âCienight|fkin
|c|âtng|ITS
|c|âCienight|kiddin
|c|âCienight|me
|c|âtng|BASED
|c|âtng|!!
|c|âCienight|I lose
|c|âCienight|now
|c|âtng|yus
|c|âCienight|I LOSE
|c|âCienight|TO SAND CHOMP
|
|switch|p1a: Garchomp|Garchomp, M|198\/419
|-damage|p1a: Garchomp|172\/419|[from] Stealth Rock
|turn|17
|c|âCienight|HELOOOOOOOOOOOOOOO
|c| Yuttt.mackerel|HE LOOSE
|c| Yuttt.mackerel|SWITCH JOOO
|c| Yuttt.mackerel|SWIIIITCH
|c|âtng|I KNOW
|c|âCienight|I should check
|c|âtng|MATE
|c|âCienight|sets
|c|âtng|where
|c|âtng|SHOULD WE GO
|c|âCienight|before playing
|c| Yuttt.mackerel|KELDEGO
|c|âCienight|KELDEGO
|c|âtng|bro seems p useless
|c|âtng|keld
|c|âtng|also
|c|âtng|p useless
|
|switch|p2a: Slowbro|Slowbro-Mega, M|226\/394 tox
|move|p1a: Garchomp|Dragon Tail|p2a: Slowbro
|-damage|p2a: Slowbro|175\/394 tox
|drag|p2a: Scizor|Scizor, F|190\/313
|
|-weather|Sandstorm|[upkeep]
|-heal|p2a: Scizor|209\/313|[from] item: Leftovers
|turn|18
|c|âtng|o wait
|c|âtng|keldeo
|c|âtng|can win
|c|âtng|cant she
|c|âCienight|dude
|c|âCienight|starmie
|c| gay af|>pretty useless
|c|âCienight|is a weak sack of shit
|c|âtng|ya super weak
|c|âtng|but
|c| gay af|>beats all 4 mons
|
|move|p1a: Garchomp|Stealth Rock|p2a: Scizor
|-sidestart|p2: tng|move: Stealth Rock
|move|p2a: Scizor|Roost|p2a: Scizor
|-heal|p2a: Scizor|313\/313
|
|-weather|Sandstorm|[upkeep]
|turn|19
|c|âtng|it shits
|c|âtng|on all my teams
|c|âCienight|OH LOL I RUN NO BULK ON IT DAS WHY
|
|move|p2a: Scizor|Swords Dance|p2a: Scizor
|-boost|p2a: Scizor|atk|2
|move|p1a: Garchomp|Dragon Tail|p2a: Scizor
|-crit|p2a: Scizor
|-resisted|p2a: Scizor
|-damage|p2a: Scizor|259\/313
|drag|p2a: Garchomp|Garchomp, F|357\/357
|-damage|p2a: Garchomp|335\/357|[from] Stealth Rock
|
|-weather|Sandstorm|[upkeep]
|turn|20
|c| Yuttt.mackerel|OH MAH LOAWDY MAMA
|
|switch|p2a: Excadrill|Excadrill, F|361\/361
|-damage|p2a: Excadrill|350\/361|[from] Stealth Rock
|-item|p2a: Excadrill|Air Balloon
|move|p1a: Garchomp|Dragon Tail|p2a: Excadrill
|-resisted|p2a: Excadrill
|-damage|p2a: Excadrill|284\/361
|-enditem|p2a: Excadrill|Air Balloon
|drag|p2a: Keldeo|Keldeo|323\/323
|-damage|p2a: Keldeo|303\/323|[from] Stealth Rock
|
|-weather|none
|turn|21
|c|âtng|NU
|c|âtng|NUUUUUUUUUUUUUUUUUUUUUU
|c|âCienight|DELICIOUS NUTRIOUS
|c|âCienight|NO
|c|âCienight|NOT THIS
|c|âCienight|THIS ISBAD
|c| Yuttt.mackerel|UH JOO
|c|âtng|ONE OF MY
|c|âCienight|MANG
|c|âtng|MANY WINCONS
|c|âtng|HAS BEEN
|c|âtng|LOST
|c|âtng|MUHBALLLOOON
|c|âCienight|I WILL JUST
|c|âCienight|DOGE
|c|âCienight|CATCH THIS
|c|âCienight|DOGWEW
|c|âtng|TAKE THSI!
|
|move|p2a: Keldeo|Hydro Pump|p1a: Garchomp|[miss]
|-miss|p2a: Keldeo|p1a: Garchomp
|move|p1a: Garchomp|Earthquake|p2a: Keldeo
|-damage|p2a: Keldeo|143\/323
|
|turn|22
|c|âCienight|HELLOOOOOOOOOOOOOOOOOOO
|c| gay af|lolin
|c|âtng|NUUUUUUUUUUU
|c|âCienight|IM HEREEEEEEEEEEEEEEEEE
|c| Yuttt.mackerel|TRAINING
|c| Yuttt.mackerel|IS REQUIRED
|c|âtng|i clicked
|c|âtng|like
|c|âtng|an hour ago
|c|âtng|THE FUCK ZAREL
|
|move|p2a: Keldeo|Hydro Pump|p1a: Garchomp|[miss]
|-miss|p2a: Keldeo|p1a: Garchomp
|move|p1a: Garchomp|Earthquake|p2a: Keldeo
|-damage|p2a: Keldeo|0 fnt
|faint|p2a: Keldeo
|
|c|âtng|NUUUUUUUUUUUUUUUUUUUUUUUUUUUUU
|c|âCienight|HELLOOOOOOOOOOOOOOOOOOOOO
|c| Yuttt.mackerel|ROFL
|c| gay af|:'[
|c| Yuttt.mackerel|ZAREL
|c|âtng|NUUUUUUUUUUUUUUUUUUUUUUUUUUUUUUUUUUUUUUUUUUUUUUUUUUUUUUUUUUUUUUUU
|c|âCienight|WHAT U
|c| Yuttt.mackerel|IS NOT WITH US
|c|âCienight|AIMIN
|c|âCienight|AT
|c|âtng|NUUUUUUUUUUUUUUUUUUUUUUUUUUUUUUUUUUUUUUUUUUUUUUUUUUUUUUUUUUUUUUUUUUUUUUUUUUUUUUUUUUUUUUUUU
|c|âCienight|funny thing is
|c|âCienight|I sweep
|c|âCienight|now
|c|âCienight|:]
|c|âtng|DUHHH
|
|switch|p2a: Slowbro|Slowbro-Mega, M|175\/394 tox
|-damage|p2a: Slowbro|126\/394 tox|[from] Stealth Rock
|turn|23
|
|move|p2a: Slowbro|Scald|p1a: Garchomp
|-damage|p1a: Garchomp|6\/419
|move|p1a: Garchomp|Dragon Tail|p2a: Slowbro
|-damage|p2a: Slowbro|74\/394 tox
|drag|p2a: Scizor|Scizor, F|259\/313
|-damage|p2a: Scizor|220\/313|[from] Stealth Rock
|
|-heal|p2a: Scizor|239\/313|[from] item: Leftovers
|turn|24
|c|âtng|my LROD
|c| Yuttt.mackerel|we CANT KILL
|c|âCienight|time to
|c|âCienight|reveal
|c|âCienight|fire blast
|c|âCienight|guise
|
|move|p2a: Scizor|Roost|p2a: Scizor
|-heal|p2a: Scizor|313\/313
|move|p1a: Garchomp|Dragon Tail|p2a: Scizor
|-resisted|p2a: Scizor
|-damage|p2a: Scizor|280\/313
|drag|p2a: Slowbro|Slowbro-Mega, M|74\/394 tox
|-damage|p2a: Slowbro|25\/394 tox|[from] Stealth Rock
|
|-damage|p2a: Slowbro|1\/394 tox|[from] psn
|turn|25
|c| Yuttt.mackerel|JOO
|c|âtng|NUUUUUUUUUUUUUUUUUUUUU
|c| Yuttt.mackerel|UH WHAT
|c|âtng|WE COULDNT LET ZOR
|
|move|p1a: Garchomp|Earthquake|p2a: Slowbro
|-damage|p2a: Slowbro|0 fnt
|faint|p2a: Slowbro
|
|c|âtng|KILL CHOMPp
|c|âtng|OR ZARD
|c|âtng|ATE US
|c|âCienight|I will
|c|âCienight|eat you
|c|âCienight|regardless
|c|âCienight|:]
|c|âtng|!!!!
|
|switch|p2a: Garchomp|Garchomp, F|335\/357
|-damage|p2a: Garchomp|313\/357|[from] Stealth Rock
|turn|26
|
|move|p2a: Garchomp|Earthquake|p1a: Garchomp
|-damage|p1a: Garchomp|0 fnt
|faint|p1a: Garchomp
|
|c|âtng|im certain
|c|âtng|exca
|c|âtng|takes an eq
|c|âtng|from scor
|
|switch|p1a: Gliscor|Gliscor, M, shiny|352\/352 tox
|-damage|p1a: Gliscor|308\/352 tox|[from] Stealth Rock
|turn|27
|c|âtng|and thne we can flinch
|c|âCienight|I thin u wron
|
|move|p2a: Garchomp|Dragon Claw|p1a: Gliscor
|-damage|p1a: Gliscor|197\/352 tox
|move|p1a: Gliscor|Taunt|p2a: Garchomp
|-start|p2a: Garchomp|move: Taunt
|
|-heal|p1a: Gliscor|241\/352 tox|[from] ability: Poison Heal
|turn|28
|join|blarghlfarghl
|c|âtng|my many wincons
|
|move|p2a: Garchomp|Dragon Claw|p1a: Gliscor
|-damage|p1a: Gliscor|120\/352 tox
|move|p1a: Gliscor|Roost|p1a: Gliscor
|-heal|p1a: Gliscor|296\/352 tox
|
|-heal|p1a: Gliscor|340\/352 tox|[from] ability: Poison Heal
|turn|29
|c|âtng|somethin was bound to come through
|c|âCienight|totally not
|leave|blarghlfarghl
|c|âCienight|haxed
|c|âCienight|imo
|
|move|p2a: Garchomp|Dragon Claw|p1a: Gliscor
|-damage|p1a: Gliscor|229\/352 tox
|move|p1a: Gliscor|Toxic|p2a: Garchomp
|-status|p2a: Garchomp|tox
|
|-damage|p2a: Garchomp|291\/357 tox|[from] psn
|-heal|p1a: Gliscor|273\/352 tox|[from] ability: Poison Heal
|turn|30
|c|âCienight|I wanna
|c|âCienight|show off
|c|âCienight|my zard
|c|âCienight|:C
|
|move|p2a: Garchomp|Dragon Claw|p1a: Gliscor
|-damage|p1a: Gliscor|156\/352 tox
|move|p1a: Gliscor|Roost|p1a: Gliscor
|-heal|p1a: Gliscor|332\/352 tox
|
|-damage|p2a: Garchomp|247\/357 tox|[from] psn
|-heal|p1a: Gliscor|352\/352 tox|[from] ability: Poison Heal
|-end|p2a: Garchomp|move: Taunt
|turn|31
|c|âtng|hmn
|c|âCienight|I won
|leave|gay af
|c|âtng|im just guna
|c|âCienight|WITHOUT HAXING
|c|âtng|keep switching till
|c|âtng|TAUNT
|c|âtng|runs
|
|switch|p2a: Scizor|Scizor, F|280\/313
|-damage|p2a: Scizor|241\/313|[from] Stealth Rock
|move|p1a: Gliscor|Earthquake|p2a: Scizor
|-damage|p2a: Scizor|153\/313
|
|-heal|p2a: Scizor|172\/313|[from] item: Leftovers
|turn|32
|c|âtng|out of OPP
|c|âCienight|OUT OF OPPPPP
|c|âCienight|WHOM
|c|âtng|!data taunt
|c|~|\/data-move Taunt

|c|âtng|ITS
|
|switch|p1a: Charizard|Charizard, M|312\/312
|-damage|p1a: Charizard|156\/312|[from] Stealth Rock
|switch|p2a: Excadrill|Excadrill, F|284\/361
|-damage|p2a: Excadrill|273\/361|[from] Stealth Rock
|
|turn|33
|c|âtng|T I ME
|c|âCienight|y , it is.
|c| Yuttt.mackerel|T
|c| Yuttt.mackerel|I
|c| Yuttt.mackerel|M
|c| Yuttt.mackerel|E
|c|âCienight|GOODBYE
|c|âCienight|MA DARLING
|
|detailschange|p1a: Charizard|Charizard-Mega-Y, M
|-mega|p1a: Charizard|Charizard|Charizardite Y
|-weather|SunnyDay
|move|p1a: Charizard|Flamethrower|p2a: Excadrill
|-crit|p2a: Excadrill
|-supereffective|p2a: Excadrill
|-damage|p2a: Excadrill|0 fnt
|faint|p2a: Excadrill
|
|-weather|SunnyDay|[upkeep]
|c|âCienight|GOOD
|c|âCienight|FKIN
|c|âCienight|BYE
|c|âtng|HOW DOES THAT
|c|âtng|HIT
|
|switch|p2a: Garchomp|Garchomp, F|247\/357 tox
|-damage|p2a: Garchomp|225\/357 tox|[from] Stealth Rock
|turn|34
|c|âtng|GG
|c|âtng|wasw
|c|âtng|CLOSE
|-message|tng forfeited.
|c|âtng|WAS
|c|âtng|VERY
|c|âCienight|CATCH LE DIS SOLAR BEAM
|c|âtng|CLOSE
|
|win|Cienight
|c|âCienight|HAX DIDNT MATTER
|c|âCienight|YN
|c|âtng|WHTA HAX?????
|leave|Yuttt.mackerel
|c|âtng|I SAW
|c|âtng|NO
|leave|tng