|join|Cienight
|join|zippleclopper
|player|p1|Cienight|75
|player|p2|zippleclopper|1
|gametype|singles
|gen|6
|tier|OU
|rated
|clearpoke
|poke|p1|Azumarill, F
|poke|p1|Ferrothorn, M
|poke|p1|Landorus-Therian, M, shiny
|poke|p1|Latias, F
|poke|p1|Charizard, M
|poke|p1|Mew
|poke|p2|Togekiss, F
|poke|p2|Klefki, M
|poke|p2|Ferrothorn, F
|poke|p2|Jellicent, F
|poke|p2|Ampharos, F
|poke|p2|Quagsire, F
|rule|Swagger Clause: Swagger is banned
|rule|Baton Pass Clause: Limit one PokÃ©mon knowing Baton Pass
|rule|Sleep Clause Mod: Limit one foe put to sleep
|rule|Species Clause: Limit one of each PokÃ©mon
|rule|OHKO Clause: OHKO moves are banned
|rule|Moody Clause: Moody is banned
|rule|Evasion Moves Clause: Evasion moves are banned
|rule|Endless Battle Clause: Forcing endless battles is banned
|rule|HP Percentage Mod: HP is shown in percentages
|teampreview
|join|Jack41
|
|start
|switch|p1a: Charizard|Charizard, M|297\/297
|switch|p2a: Ampharos|Ampharos, F|384\/384
|turn|1
|
|detailschange|p1a: Charizard|Charizard-Mega-X, M
|-mega|p1a: Charizard|Charizard|Charizardite X
|detailschange|p2a: Ampharos|Ampharos-Mega, F
|-mega|p2a: Ampharos|Ampharos|Ampharosite
|-ability|p2a: Ampharos|Mold Breaker
|move|p1a: Charizard|Dragon Claw|p2a: Ampharos
|-supereffective|p2a: Ampharos
|-damage|p2a: Ampharos|108\/384
|move|p2a: Ampharos|Dragon Pulse|p1a: Charizard
|-supereffective|p1a: Charizard
|-damage|p1a: Charizard|0 fnt
|faint|p1a: Charizard
|
|join|I Iike Squirtles
|leave|Jack41
|
|switch|p1a: Landorus-Therian|Landorus-Therian, M, shiny|319\/319
|-ability|p1a: Landorus-Therian|Intimidate|[of] p2a: Ampharos
|-unboost|p2a: Ampharos|atk|1
|turn|2
|
|switch|p2a: Ferrothorn|Ferrothorn, F|352\/352
|move|p1a: Landorus-Therian|U-turn|p2a: Ferrothorn
|-damage|p2a: Ferrothorn|281\/352
|-damage|p1a: Landorus-Therian|280\/319|[from] ability: Iron Barbs|[of] p2a: Ferrothorn
|
|switch|p1a: Mew|Mew|400\/400
|
|-heal|p2a: Ferrothorn|303\/352|[from] item: Leftovers
|turn|3
|
|switch|p2a: Togekiss|Togekiss, F|373\/373
|move|p1a: Mew|Taunt|p2a: Togekiss
|-start|p2a: Togekiss|move: Taunt
|
|turn|4
|
|move|p2a: Togekiss|Air Slash|p1a: Mew
|-damage|p1a: Mew|316\/400
|cant|p1a: Mew|flinch
|
|-heal|p1a: Mew|341\/400|[from] item: Leftovers
|turn|5
|
|move|p2a: Togekiss|Air Slash|p1a: Mew
|-damage|p1a: Mew|262\/400
|cant|p1a: Mew|flinch
|
|-heal|p1a: Mew|287\/400|[from] item: Leftovers
|turn|6
|
|move|p2a: Togekiss|Air Slash|p1a: Mew
|-damage|p1a: Mew|197\/400
|cant|p1a: Mew|flinch
|
|-heal|p1a: Mew|222\/400|[from] item: Leftovers
|-end|p2a: Togekiss|move: Taunt
|turn|7
|
|move|p2a: Togekiss|Nasty Plot|p2a: Togekiss
|-boost|p2a: Togekiss|spa|2
|move|p1a: Mew|Knock Off|p2a: Togekiss
|-resisted|p2a: Togekiss
|-damage|p2a: Togekiss|335\/373
|-enditem|p2a: Togekiss|Leftovers|[from] move: Knock Off|[of] p1a: Mew
|
|-heal|p1a: Mew|247\/400|[from] item: Leftovers
|turn|8
|
|switch|p1a: Landorus-Therian|Landorus-Therian, M, shiny|280\/319
|-ability|p1a: Landorus-Therian|Intimidate|[of] p2a: Togekiss
|-unboost|p2a: Togekiss|atk|1
|move|p2a: Togekiss|Air Slash|p1a: Landorus-Therian
|-damage|p1a: Landorus-Therian|21\/319
|
|turn|9
|
|switch|p2a: Ferrothorn|Ferrothorn, F|303\/352
|move|p1a: Landorus-Therian|Rock Slide|p2a: Ferrothorn
|-resisted|p2a: Ferrothorn
|-damage|p2a: Ferrothorn|266\/352
|
|-heal|p2a: Ferrothorn|288\/352|[from] item: Leftovers
|turn|10
|
|switch|p1a: Mew|Mew|247\/400
|move|p2a: Ferrothorn|Stealth Rock|p1a: Mew
|-sidestart|p1: Cienight|move: Stealth Rock
|
|-heal|p1a: Mew|272\/400|[from] item: Leftovers
|-heal|p2a: Ferrothorn|310\/352|[from] item: Leftovers
|turn|11
|
|switch|p2a: Togekiss|Togekiss, F|335\/373
|move|p1a: Mew|Will-O-Wisp|p2a: Togekiss
|-status|p2a: Togekiss|brn
|
|-heal|p1a: Mew|297\/400|[from] item: Leftovers
|-damage|p2a: Togekiss|289\/373 brn|[from] brn
|turn|12
|
|move|p2a: Togekiss|Heal Bell|p2a: Togekiss
|-cureteam|p2a: Togekiss|[from] move: HealBell
|move|p1a: Mew|Roost|p1a: Mew
|-heal|p1a: Mew|400\/400
|
|turn|13
|
|move|p2a: Togekiss|Nasty Plot|p2a: Togekiss
|-boost|p2a: Togekiss|spa|2
|move|p1a: Mew|Taunt|p2a: Togekiss
|-start|p2a: Togekiss|move: Taunt
|
|turn|14
|
|switch|p1a: Landorus-Therian|Landorus-Therian, M, shiny|21\/319
|-damage|p1a: Landorus-Therian|0 fnt|[from] Stealth Rock
|faint|p1a: Landorus-Therian
|move|p2a: Togekiss|Air Slash|p1: Landorus-Therian|[notarget]
|-notarget
|
|
|switch|p1a: Latias|Latias, F|301\/301
|-damage|p1a: Latias|264\/301|[from] Stealth Rock
|turn|15
|
|move|p1a: Latias|Thunderbolt|p2a: Togekiss
|-supereffective|p2a: Togekiss
|-damage|p2a: Togekiss|71\/373
|-damage|p1a: Latias|234\/301|[from] item: Life Orb
|move|p2a: Togekiss|Air Slash|p1a: Latias
|-damage|p1a: Latias|63\/301
|
|turn|16
|
|switch|p2a: Ferrothorn|Ferrothorn, F|310\/352
|move|p1a: Latias|Defog|p2a: Ferrothorn
|-unboost|p2a: Ferrothorn|evasion|1
|-sideend|p1: Cienight|Stealth Rock|[from] move: Defog|[of] p1a: Latias
|
|-heal|p2a: Ferrothorn|332\/352|[from] item: Leftovers
|turn|17
|
|switch|p1a: Ferrothorn|Ferrothorn, M|349\/349
|move|p2a: Ferrothorn|Stealth Rock|p1a: Ferrothorn
|-sidestart|p1: Cienight|move: Stealth Rock
|
|-heal|p2a: Ferrothorn|352\/352|[from] item: Leftovers
|turn|18
|
|switch|p2a: Jellicent|Jellicent, F|404\/404
|move|p1a: Ferrothorn|Stealth Rock|p2a: Jellicent
|-sidestart|p2: zippleclopper|move: Stealth Rock
|
|turn|19
|
|move|p2a: Jellicent|Will-O-Wisp|p1a: Ferrothorn
|-status|p1a: Ferrothorn|brn
|move|p1a: Ferrothorn|Leech Seed|p2a: Jellicent
|-start|p2a: Jellicent|move: Leech Seed
|
|-damage|p2a: Jellicent|354\/404|[from] Leech Seed|[of] p1a: Ferrothorn
|-damage|p1a: Ferrothorn|306\/349 brn|[from] brn
|turn|20
|
|switch|p2a: Klefki|Klefki, M|318\/318
|-damage|p2a: Klefki|299\/318|[from] Stealth Rock
|switch|p1a: Mew|Mew|400\/400
|-damage|p1a: Mew|350\/400|[from] Stealth Rock
|
|-heal|p1a: Mew|375\/400|[from] item: Leftovers
|-heal|p2a: Klefki|318\/318|[from] item: Leftovers
|turn|21
|
|move|p2a: Klefki|Thunder Wave|p1a: Mew
|-status|p1a: Mew|par
|-status|p2a: Klefki|par
|move|p1a: Mew|Will-O-Wisp|p2a: Klefki
|-fail|p2a: Klefki
|
|-heal|p1a: Mew|400\/400 par|[from] item: Leftovers
|turn|22
|
|cant|p2a: Klefki|par
|cant|p1a: Mew|par
|
|turn|23
|
|switch|p1a: Ferrothorn|Ferrothorn, M|306\/349 brn
|-damage|p1a: Ferrothorn|285\/349 brn|[from] Stealth Rock
|move|p2a: Klefki|Spikes|p1a: Ferrothorn
|-sidestart|p1: Cienight|Spikes
|
|-heal|p1a: Ferrothorn|306\/349 brn|[from] item: Leftovers
|-damage|p1a: Ferrothorn|263\/349 brn|[from] brn
|turn|24
|
|move|p2a: Klefki|Spikes|p1a: Ferrothorn
|-sidestart|p1: Cienight|Spikes
|move|p1a: Ferrothorn|Leech Seed|p2a: Klefki
|-start|p2a: Klefki|move: Leech Seed
|
|-heal|p1a: Ferrothorn|284\/349 brn|[from] item: Leftovers
|-damage|p2a: Klefki|279\/318 par|[from] Leech Seed|[of] p1a: Ferrothorn
|-heal|p1a: Ferrothorn|323\/349 brn|[silent]
|-damage|p1a: Ferrothorn|280\/349 brn|[from] brn
|turn|25
|
|switch|p2a: Jellicent|Jellicent, F|354\/404
|-damage|p2a: Jellicent|304\/404|[from] Stealth Rock
|switch|p1a: Latias|Latias, F|63\/301
|-damage|p1a: Latias|26\/301|[from] Stealth Rock
|
|-heal|p2a: Jellicent|329\/404|[from] item: Leftovers
|turn|26
|
|move|p1a: Latias|Defog|p2a: Jellicent
|-unboost|p2a: Jellicent|evasion|1
|-sideend|p2: zippleclopper|Stealth Rock|[from] move: Defog|[of] p2a: Jellicent
|-sideend|p1: Cienight|Spikes|[from] move: Defog|[of] p1a: Latias
|-sideend|p1: Cienight|Stealth Rock|[from] move: Defog|[of] p1a: Latias
|move|p2a: Jellicent|Recover|p2a: Jellicent
|-heal|p2a: Jellicent|404\/404
|
|turn|27
|
|switch|p1a: Ferrothorn|Ferrothorn, M|280\/349 brn
|move|p2a: Jellicent|Recover|p2a: Jellicent
|-fail|p2a: Jellicent
|
|-heal|p1a: Ferrothorn|301\/349 brn|[from] item: Leftovers
|-damage|p1a: Ferrothorn|258\/349 brn|[from] brn
|turn|28
|
|switch|p1a: Azumarill|Azumarill, F|381\/381
|move|p2a: Jellicent|Taunt|p1a: Azumarill
|-start|p1a: Azumarill|move: Taunt
|
|turn|29
|leave|I Iike Squirtles
|
|switch|p1a: Mew|Mew|400\/400 par
|move|p2a: Jellicent|Will-O-Wisp|p1a: Mew
|-fail|p1a: Mew
|
|turn|30
|
|move|p2a: Jellicent|Taunt|p1a: Mew
|-start|p1a: Mew|move: Taunt
|cant|p1a: Mew|move: Taunt|Taunt
|
|turn|31
|
|switch|p2a: Ferrothorn|Ferrothorn, F|352\/352
|move|p1a: Mew|Knock Off|p2a: Ferrothorn
|-damage|p2a: Ferrothorn|303\/352
|-damage|p1a: Mew|350\/400 par|[from] ability: Iron Barbs|[of] p2a: Ferrothorn
|-enditem|p2a: Ferrothorn|Leftovers|[from] move: Knock Off|[of] p1a: Mew
|
|-heal|p1a: Mew|375\/400 par|[from] item: Leftovers
|turn|32
|
|switch|p1a: Azumarill|Azumarill, F|381\/381
|switch|p2a: Jellicent|Jellicent, F|404\/404
|
|turn|33
|
|switch|p1a: Mew|Mew|375\/400 par
|move|p2a: Jellicent|Will-O-Wisp|p1a: Mew
|-fail|p1a: Mew
|
|-heal|p1a: Mew|400\/400 par|[from] item: Leftovers
|turn|34
|
|switch|p2a: Togekiss|Togekiss, F|71\/373
|move|p1a: Mew|Knock Off|p2a: Togekiss
|-resisted|p2a: Togekiss
|-damage|p2a: Togekiss|45\/373
|
|turn|35
|
|switch|p1a: Azumarill|Azumarill, F|381\/381
|move|p2a: Togekiss|Roost|p2a: Togekiss
|-heal|p2a: Togekiss|232\/373
|
|turn|36
|
|switch|p2a: Quagsire|Quagsire, F|394\/394
|move|p1a: Azumarill|Play Rough|p2a: Quagsire
|-damage|p2a: Quagsire|159\/394
|
|-heal|p2a: Quagsire|183\/394|[from] item: Leftovers
|turn|37
|
|switch|p1a: Mew|Mew|400\/400 par
|switch|p2a: Ferrothorn|Ferrothorn, F|303\/352
|
|turn|38
|
|switch|p1a: Azumarill|Azumarill, F|381\/381
|switch|p2a: Togekiss|Togekiss, F|232\/373
|
|turn|39
|
|switch|p2a: Jellicent|Jellicent, F|404\/404
|move|p1a: Azumarill|Superpower|p2a: Jellicent
|-immune|p2a: Jellicent|[msg]
|
|turn|40
|
|switch|p2a: Togekiss|Togekiss, F|232\/373
|switch|p1a: Ferrothorn|Ferrothorn, M|258\/349 brn
|
|-heal|p1a: Ferrothorn|279\/349 brn|[from] item: Leftovers
|-damage|p1a: Ferrothorn|236\/349 brn|[from] brn
|turn|41
|
|move|p2a: Togekiss|Roost|p2a: Togekiss
|-heal|p2a: Togekiss|373\/373
|move|p1a: Ferrothorn|Stealth Rock|p2a: Togekiss
|-sidestart|p2: zippleclopper|move: Stealth Rock
|
|-heal|p1a: Ferrothorn|257\/349 brn|[from] item: Leftovers
|-damage|p1a: Ferrothorn|214\/349 brn|[from] brn
|turn|42
|
|move|p2a: Togekiss|Nasty Plot|p2a: Togekiss
|-boost|p2a: Togekiss|spa|2
|move|p1a: Ferrothorn|Leech Seed|p2a: Togekiss
|-start|p2a: Togekiss|move: Leech Seed
|
|-heal|p1a: Ferrothorn|235\/349 brn|[from] item: Leftovers
|-damage|p2a: Togekiss|327\/373|[from] Leech Seed|[of] p1a: Ferrothorn
|-heal|p1a: Ferrothorn|281\/349 brn|[silent]
|-damage|p1a: Ferrothorn|238\/349 brn|[from] brn
|turn|43
|
|switch|p1a: Mew|Mew|400\/400 par
|move|p2a: Togekiss|Air Slash|p1a: Mew
|-crit|p1a: Mew
|-damage|p1a: Mew|147\/400 par
|
|-heal|p1a: Mew|172\/400 par|[from] item: Leftovers
|-damage|p2a: Togekiss|281\/373|[from] Leech Seed|[of] p1a: Mew
|-heal|p1a: Mew|218\/400 par|[silent]
|turn|44
|
|move|p2a: Togekiss|Air Slash|p1a: Mew
|-damage|p1a: Mew|49\/400 par
|cant|p1a: Mew|flinch
|
|-heal|p1a: Mew|74\/400 par|[from] item: Leftovers
|-damage|p2a: Togekiss|235\/373|[from] Leech Seed|[of] p1a: Mew
|-heal|p1a: Mew|120\/400 par|[silent]
|turn|45
|
|move|p2a: Togekiss|Air Slash|p1a: Mew
|-damage|p1a: Mew|0 fnt
|faint|p1a: Mew
|
|
|switch|p1a: Latias|Latias, F|26\/301
|turn|46
|
|move|p1a: Latias|Thunderbolt|p2a: Togekiss
|-supereffective|p2a: Togekiss
|-damage|p2a: Togekiss|0 fnt
|-damage|p1a: Latias|0 fnt|[from] item: Life Orb
|faint|p2a: Togekiss
|faint|p1a: Latias
|
|
|switch|p2a: Jellicent|Jellicent, F|404\/404
|switch|p1a: Azumarill|Azumarill, F|381\/381
|-damage|p2a: Jellicent|354\/404|[from] Stealth Rock
|turn|47
|
|move|p2a: Jellicent|Will-O-Wisp|p1a: Azumarill
|-status|p1a: Azumarill|brn
|move|p1a: Azumarill|Play Rough|p2a: Jellicent
|-crit|p2a: Jellicent
|-damage|p2a: Jellicent|77\/404
|
|-heal|p2a: Jellicent|102\/404|[from] item: Leftovers
|-damage|p1a: Azumarill|334\/381 brn|[from] brn
|turn|48
|-message|Cienight forfeited.
|
|win|zippleclopper
|raw|Ladder updating...
|leave|Cienight
|player|p1
|raw|Cienight's rating: 1713 &rarr; <strong>1683<\/strong><br \/>(-30 for losing)
|raw|zippleclopper's rating: 1517 &rarr; <strong>1547<\/strong><br \/>(+30 for winning)