|join|jack41
|join|Cienight
|player|p1|jack41|169
|player|p2|Cienight|75
|gametype|singles
|gen|6
|tier|OU
|rated
|clearpoke
|poke|p1|Excadrill, M
|poke|p1|Lopunny, M
|poke|p1|Volcarona, F
|poke|p1|Tyranitar, M
|poke|p1|Azumarill, M
|poke|p1|Thundurus, M
|poke|p2|Azumarill, F
|poke|p2|Ferrothorn, M
|poke|p2|Landorus-Therian, M, shiny
|poke|p2|Latias, F
|poke|p2|Charizard, M
|poke|p2|Mew
|rule|Swagger Clause: Swagger is banned
|rule|Baton Pass Clause: Limit one PokÃ©mon knowing Baton Pass
|rule|Sleep Clause Mod: Limit one foe put to sleep
|rule|Species Clause: Limit one of each PokÃ©mon
|rule|OHKO Clause: OHKO moves are banned
|rule|Moody Clause: Moody is banned
|rule|Evasion Moves Clause: Evasion moves are banned
|rule|Endless Battle Clause: Forcing endless battles is banned
|rule|HP Percentage Mod: HP is shown in percentages
|teampreview
|
|start
|switch|p1a: Tyranitar|Tyranitar, M|403\/403
|switch|p2a: Landorus-Therian|Landorus-Therian, M, shiny|319\/319
|-ability|p2a: Landorus-Therian|Intimidate|[of] p1a: Tyranitar
|-unboost|p1a: Tyranitar|atk|1
|-weather|Sandstorm
|turn|1
|
|move|p2a: Landorus-Therian|U-turn|p1a: Tyranitar
|-supereffective|p1a: Tyranitar
|-damage|p1a: Tyranitar|279\/403
|join|Zxyt
|
|switch|p2a: Azumarill|Azumarill, F|363\/363
|move|p1a: Tyranitar|Stealth Rock|p2a: Azumarill
|-sidestart|p2: Cienight|move: Stealth Rock
|
|-weather|Sandstorm|[upkeep]
|-damage|p2a: Azumarill|341\/363|[from] sandstorm
|turn|2
|
|switch|p1a: Azumarill|Azumarill, M|358\/358
|move|p2a: Azumarill|Waterfall|p1a: Azumarill
|-resisted|p1a: Azumarill
|-damage|p1a: Azumarill|213\/358
|
|-weather|Sandstorm|[upkeep]
|-damage|p1a: Azumarill|191\/358|[from] sandstorm
|-damage|p2a: Azumarill|319\/363|[from] sandstorm
|turn|3
|
|move|p1a: Azumarill|Play Rough|p2a: Azumarill
|-damage|p2a: Azumarill|0 fnt
|faint|p2a: Azumarill
|
|-weather|Sandstorm|[upkeep]
|-damage|p1a: Azumarill|169\/358|[from] sandstorm
|
|switch|p2a: Ferrothorn|Ferrothorn, M|349\/349
|-damage|p2a: Ferrothorn|328\/349|[from] Stealth Rock
|turn|4
|
|switch|p1a: Volcarona|Volcarona, F|327\/327
|move|p2a: Ferrothorn|Stealth Rock|p1a: Volcarona
|-sidestart|p1: jack41|move: Stealth Rock
|
|-weather|Sandstorm|[upkeep]
|-damage|p1a: Volcarona|307\/327|[from] sandstorm
|-heal|p2a: Ferrothorn|349\/349|[from] item: Leftovers
|turn|5
|
|switch|p2a: Landorus-Therian|Landorus-Therian, M, shiny|319\/319
|-damage|p2a: Landorus-Therian|280\/319|[from] Stealth Rock
|-ability|p2a: Landorus-Therian|Intimidate|[of] p1a: Volcarona
|-unboost|p1a: Volcarona|atk|1
|move|p1a: Volcarona|Quiver Dance|p1a: Volcarona
|-boost|p1a: Volcarona|spa|1
|-boost|p1a: Volcarona|spd|1
|-boost|p1a: Volcarona|spe|1
|
|-weather|Sandstorm|[upkeep]
|-damage|p1a: Volcarona|287\/327|[from] sandstorm
|turn|6
|
|move|p1a: Volcarona|Fiery Dance|p2a: Landorus-Therian
|-damage|p2a: Landorus-Therian|15\/319
|-boost|p1a: Volcarona|spa|1
|move|p2a: Landorus-Therian|Rock Slide|p1a: Volcarona
|-miss|p2a: Landorus-Therian|p1a: Volcarona
|
|-weather|Sandstorm|[upkeep]
|-damage|p1a: Volcarona|267\/327|[from] sandstorm
|turn|7
|-message|Cienight forfeited.
|leave|Cienight
|
|win|jack41
|raw|Ladder updating...
|player|p2
|raw|jack41's rating: 1679 &rarr; <strong>1700<\/strong><br \/>(+21 for winning)
|raw|Cienight's rating: 1703 &rarr; <strong>1682<\/strong><br \/>(-21 for losing)