|join|Cienight
|join|TheUberTherian
|player|p1|Cienight|29
|player|p2|TheUberTherian|167
|gametype|singles
|gen|6
|tier|OU
|clearpoke
|poke|p1|Gallade, M
|poke|p1|Latios, M
|poke|p1|Rotom-Wash
|poke|p1|Garchomp, M
|poke|p1|Jirachi
|poke|p1|Talonflame, M
|poke|p2|Charizard, M
|poke|p2|Hippowdon, M
|poke|p2|Starmie
|poke|p2|Ferrothorn, F
|poke|p2|Gengar, F
|poke|p2|Tornadus-Therian, M
|rule|Swagger Clause: Swagger is banned
|rule|Baton Pass Clause: Limit one PokÃ©mon knowing Baton Pass
|rule|Sleep Clause Mod: Limit one foe put to sleep
|rule|Species Clause: Limit one of each PokÃ©mon
|rule|OHKO Clause: OHKO moves are banned
|rule|Moody Clause: Moody is banned
|rule|Evasion Moves Clause: Evasion moves are banned
|rule|Endless Battle Clause: Forcing endless battles is banned
|rule|HP Percentage Mod: HP is shown in percentages
|teampreview
|join|daftmau5
|c|âCienight|gl
|c|âTheUberTherian|same
|
|start
|switch|p1a: Rotom-Wash|Rotom-Wash|303\/303
|switch|p2a: Hippowdon|Hippowdon, M|419\/419
|-weather|Sandstorm
|turn|1
|
|move|p1a: Rotom-Wash|Hydro Pump|p2a: Hippowdon
|-supereffective|p2a: Hippowdon
|-damage|p2a: Hippowdon|147\/419
|move|p2a: Hippowdon|Stealth Rock|p1a: Rotom-Wash
|-sidestart|p1: Cienight|move: Stealth Rock
|
|-weather|Sandstorm|[upkeep]
|-damage|p1a: Rotom-Wash|285\/303|[from] sandstorm
|-heal|p1a: Rotom-Wash|303\/303|[from] item: Leftovers
|-heal|p2a: Hippowdon|173\/419|[from] item: Leftovers
|turn|2
|
|switch|p2a: Ferrothorn|Ferrothorn, F|351\/351
|move|p1a: Rotom-Wash|Will-O-Wisp|p2a: Ferrothorn|[miss]
|-miss|p1a: Rotom-Wash|p2a: Ferrothorn
|
|-weather|Sandstorm|[upkeep]
|-damage|p1a: Rotom-Wash|285\/303|[from] sandstorm
|-heal|p1a: Rotom-Wash|303\/303|[from] item: Leftovers
|turn|3
|
|move|p1a: Rotom-Wash|Will-O-Wisp|p2a: Ferrothorn
|-status|p2a: Ferrothorn|brn
|move|p2a: Ferrothorn|Leech Seed|p1a: Rotom-Wash
|-start|p1a: Rotom-Wash|move: Leech Seed
|
|-weather|Sandstorm|[upkeep]
|-damage|p1a: Rotom-Wash|285\/303|[from] sandstorm
|-heal|p1a: Rotom-Wash|303\/303|[from] item: Leftovers
|-damage|p1a: Rotom-Wash|266\/303|[from] Leech Seed|[of] p2a: Ferrothorn
|-damage|p2a: Ferrothorn|308\/351 brn|[from] brn
|turn|4
|
|move|p1a: Rotom-Wash|Volt Switch|p2a: Ferrothorn
|-resisted|p2a: Ferrothorn
|-damage|p2a: Ferrothorn|275\/351 brn
|join|looiiyut
|
|switch|p1a: Jirachi|Jirachi|401\/401
|-damage|p1a: Jirachi|376\/401|[from] Stealth Rock
|move|p2a: Ferrothorn|Leech Seed|p1a: Jirachi
|-start|p1a: Jirachi|move: Leech Seed
|
|-weather|Sandstorm|[upkeep]
|-heal|p1a: Jirachi|401\/401|[from] item: Leftovers
|-heal|p2a: Ferrothorn|296\/351 brn|[from] item: Leftovers
|-damage|p1a: Jirachi|351\/401|[from] Leech Seed|[of] p2a: Ferrothorn
|-heal|p2a: Ferrothorn|346\/351 brn|[silent]
|-damage|p2a: Ferrothorn|303\/351 brn|[from] brn
|turn|5
|
|switch|p2a: Starmie|Starmie|323\/323
|move|p1a: Jirachi|Fire Punch|p2a: Starmie
|-crit|p2a: Starmie
|-resisted|p2a: Starmie
|-damage|p2a: Starmie|264\/323
|-status|p2a: Starmie|brn
|
|-weather|none
|-heal|p2a: Starmie|284\/323 brn|[from] item: Leftovers
|-heal|p1a: Jirachi|376\/401|[from] item: Leftovers
|-damage|p1a: Jirachi|326\/401|[from] Leech Seed|[of] p2a: Starmie
|-heal|p2a: Starmie|323\/323 brn|[silent]
|-damage|p2a: Starmie|283\/323 brn|[from] brn
|turn|6
|
|switch|p1a: Rotom-Wash|Rotom-Wash|266\/303
|-damage|p1a: Rotom-Wash|229\/303|[from] Stealth Rock
|move|p2a: Starmie|Scald|p1a: Rotom-Wash
|-resisted|p1a: Rotom-Wash
|-damage|p1a: Rotom-Wash|185\/303
|
|-heal|p2a: Starmie|303\/323 brn|[from] item: Leftovers
|-heal|p1a: Rotom-Wash|203\/303|[from] item: Leftovers
|-damage|p2a: Starmie|263\/323 brn|[from] brn
|turn|7
|
|switch|p2a: Tornadus-Therian|Tornadus-Therian, M|331\/331
|move|p1a: Rotom-Wash|Volt Switch|p2a: Tornadus-Therian
|-supereffective|p2a: Tornadus-Therian
|-damage|p2a: Tornadus-Therian|215\/331
|
|switch|p1a: Jirachi|Jirachi|326\/401
|-damage|p1a: Jirachi|301\/401|[from] Stealth Rock
|
|-heal|p1a: Jirachi|326\/401|[from] item: Leftovers
|turn|8
|
|move|p2a: Tornadus-Therian|Knock Off|p1a: Jirachi
|-supereffective|p1a: Jirachi
|-damage|p1a: Jirachi|186\/401
|-enditem|p1a: Jirachi|Leftovers|[from] move: Knock Off|[of] p2a: Tornadus-Therian
|move|p1a: Jirachi|Body Slam|p2a: Tornadus-Therian
|-damage|p2a: Tornadus-Therian|117\/331
|
|turn|9
|
|move|p2a: Tornadus-Therian|U-turn|p1a: Jirachi
|-damage|p1a: Jirachi|128\/401
|
|switch|p2a: Ferrothorn|Ferrothorn, F|303\/351 brn
|move|p1a: Jirachi|Stealth Rock|p2a: Ferrothorn
|-sidestart|p2: TheUberTherian|move: Stealth Rock
|
|-heal|p2a: Ferrothorn|324\/351 brn|[from] item: Leftovers
|-damage|p2a: Ferrothorn|281\/351 brn|[from] brn
|turn|10
|
|move|p1a: Jirachi|Fire Punch|p2a: Ferrothorn
|-supereffective|p2a: Ferrothorn
|-damage|p2a: Ferrothorn|85\/351 brn
|-damage|p1a: Jirachi|78\/401|[from] ability: Iron Barbs|[of] p2a: Ferrothorn
|move|p2a: Ferrothorn|Spikes|p1a: Jirachi
|-sidestart|p1: Cienight|Spikes
|
|-heal|p2a: Ferrothorn|106\/351 brn|[from] item: Leftovers
|-damage|p2a: Ferrothorn|63\/351 brn|[from] brn
|turn|11
|
|switch|p2a: Starmie|Starmie|263\/323
|-damage|p2a: Starmie|223\/323|[from] Stealth Rock
|move|p1a: Jirachi|Fire Punch|p2a: Starmie
|-resisted|p2a: Starmie
|-damage|p2a: Starmie|187\/323
|-status|p2a: Starmie|brn
|
|-heal|p2a: Starmie|207\/323 brn|[from] item: Leftovers
|-damage|p2a: Starmie|167\/323 brn|[from] brn
|turn|12
|
|switch|p1a: Latios|Latios, M|299\/299
|-damage|p1a: Latios|262\/299|[from] Stealth Rock
|move|p2a: Starmie|Rapid Spin|p1a: Latios
|-damage|p1a: Latios|254\/299
|-sideend|p2: TheUberTherian|Stealth Rock|[from] move: Rapid Spin|[of] p2a: Starmie
|
|-heal|p2a: Starmie|187\/323 brn|[from] item: Leftovers
|-damage|p2a: Starmie|147\/323 brn|[from] brn
|turn|13
|join|Escavalier
|
|switch|p2a: Tornadus-Therian|Tornadus-Therian, M|227\/331
|move|p1a: Latios|Defog|p2a: Tornadus-Therian
|-unboost|p2a: Tornadus-Therian|evasion|1
|-sideend|p1: Cienight|Spikes|[from] move: Defog|[of] p1a: Latios
|-sideend|p1: Cienight|Stealth Rock|[from] move: Defog|[of] p1a: Latios
|
|turn|14
|
|switch|p1a: Garchomp|Garchomp, M|357\/357
|move|p2a: Tornadus-Therian|Knock Off|p1a: Garchomp
|-damage|p1a: Garchomp|277\/357
|-enditem|p1a: Garchomp|Choice Scarf|[from] move: Knock Off|[of] p2a: Tornadus-Therian
|
|turn|15
|c| Escavalier|is this for anything
|c|âCienight|fun
|c|âTheUberTherian|no
|c| Escavalier|ok
|
|move|p2a: Tornadus-Therian|U-turn|p1a: Garchomp
|-damage|p1a: Garchomp|219\/357
|c| Escavalier|why dont you have rocky
|
|switch|p2a: Ferrothorn|Ferrothorn, F|63\/351 brn
|move|p1a: Garchomp|Outrage|p2a: Ferrothorn
|-resisted|p2a: Ferrothorn
|-damage|p2a: Ferrothorn|0 fnt
|-damage|p1a: Garchomp|175\/357|[from] ability: Iron Barbs|[of] p2a: Ferrothorn
|faint|p2a: Ferrothorn
|
|c| daftmau5|lol sandveil
|c|âCienight|I didnt make
|c|âCienight|the team
|c|âCienight|probably dk's mistake
|
|switch|p2a: Tornadus-Therian|Tornadus-Therian, M|331\/331
|turn|16
|
|move|p2a: Tornadus-Therian|Hurricane|p1a: Garchomp
|-damage|p1a: Garchomp|0 fnt
|faint|p1a: Garchomp
|
|
|switch|p1a: Rotom-Wash|Rotom-Wash|203\/303
|turn|17
|
|move|p2a: Tornadus-Therian|U-turn|p1a: Rotom-Wash
|-damage|p1a: Rotom-Wash|161\/303
|
|switch|p2a: Charizard|Charizard, M|333\/333
|move|p1a: Rotom-Wash|Volt Switch|p2a: Charizard
|-supereffective|p2a: Charizard
|-damage|p2a: Charizard|133\/333
|c| Escavalier|daft i had another beer today and was reminded again about how shit it tastes
|
|switch|p1a: Latios|Latios, M|254\/299
|
|turn|18
|c| Escavalier|idk why people like it so much
|c| daftmau5|lol
|
|switch|p2a: Tornadus-Therian|Tornadus-Therian, M|331\/331
|move|p1a: Latios|Psyshock|p2a: Tornadus-Therian
|-damage|p2a: Tornadus-Therian|101\/331
|-damage|p1a: Latios|225\/299|[from] item: Life Orb
|
|turn|19
|c| daftmau5|the moment you finish yr 12
|
|switch|p1a: Rotom-Wash|Rotom-Wash|161\/303
|move|p2a: Tornadus-Therian|Knock Off|p1a: Rotom-Wash
|-damage|p1a: Rotom-Wash|105\/303
|-enditem|p1a: Rotom-Wash|Leftovers|[from] move: Knock Off|[of] p2a: Tornadus-Therian
|
|turn|20
|c| daftmau5|you'll be drinking a fk ton of beer
|c| daftmau5|you'll learn to like it
|c| Escavalier|i know but i will have to wait
|c| Escavalier|until then i'll be drinking piss
|
|move|p2a: Tornadus-Therian|U-turn|p1a: Rotom-Wash
|-damage|p1a: Rotom-Wash|62\/303
|c| daftmau5|What did you have?
|
|switch|p2a: Gengar|Gengar, F|261\/261
|move|p1a: Rotom-Wash|Volt Switch|p2a: Gengar
|-damage|p2a: Gengar|149\/261
|c| Escavalier|tooheys
|c| daftmau5|yeah tooheys is pretty ass
|
|switch|p1a: Talonflame|Talonflame, M|319\/319
|
|turn|21
|c| daftmau5|not a fan
|c| Escavalier|ive had other beer too and i didnt like it
|
|switch|p2a: Starmie|Starmie|147\/323
|move|p1a: Talonflame|Brave Bird|p2a: Starmie
|-damage|p2a: Starmie|0 fnt
|-damage|p1a: Talonflame|270\/319|[from] recoil|[of] p2a: Starmie
|faint|p2a: Starmie
|
|
|switch|p2a: Hippowdon|Hippowdon, M|173\/419
|-weather|Sandstorm
|turn|22
|
|switch|p1a: Latios|Latios, M|225\/299
|move|p2a: Hippowdon|Slack Off|p2a: Hippowdon
|-heal|p2a: Hippowdon|383\/419
|
|-weather|Sandstorm|[upkeep]
|-damage|p1a: Latios|207\/299|[from] sandstorm
|-heal|p2a: Hippowdon|409\/419|[from] item: Leftovers
|turn|23
|
|move|p1a: Latios|Draco Meteor|p2a: Hippowdon
|-damage|p2a: Hippowdon|115\/419
|-unboost|p1a: Latios|spa|2
|-damage|p1a: Latios|178\/299|[from] item: Life Orb
|move|p2a: Hippowdon|Slack Off|p2a: Hippowdon
|-heal|p2a: Hippowdon|325\/419
|
|-weather|Sandstorm|[upkeep]
|-damage|p1a: Latios|160\/299|[from] sandstorm
|-heal|p2a: Hippowdon|351\/419|[from] item: Leftovers
|turn|24
|
|move|p1a: Latios|Recover|p1a: Latios
|-heal|p1a: Latios|299\/299
|move|p2a: Hippowdon|Stealth Rock|p1a: Latios
|-sidestart|p1: Cienight|move: Stealth Rock
|
|-weather|Sandstorm|[upkeep]
|-damage|p1a: Latios|281\/299|[from] sandstorm
|-heal|p2a: Hippowdon|377\/419|[from] item: Leftovers
|turn|25
|join|I Iike Squirtles
|
|move|p1a: Latios|Defog|p2a: Hippowdon
|-unboost|p2a: Hippowdon|evasion|1
|-sideend|p1: Cienight|Stealth Rock|[from] move: Defog|[of] p1a: Latios
|move|p2a: Hippowdon|Whirlwind|p1a: Latios
|drag|p1a: Gallade|Gallade, M|277\/277
|
|-weather|Sandstorm|[upkeep]
|-damage|p1a: Gallade|260\/277|[from] sandstorm
|-heal|p2a: Hippowdon|403\/419|[from] item: Leftovers
|turn|26
|
|detailschange|p1a: Gallade|Gallade-Mega, M
|-mega|p1a: Gallade|Gallade|Galladite
|move|p1a: Gallade|Swords Dance|p1a: Gallade
|-boost|p1a: Gallade|atk|2
|move|p2a: Hippowdon|Stealth Rock|p1a: Gallade
|-sidestart|p1: Cienight|move: Stealth Rock
|
|-weather|none
|-heal|p2a: Hippowdon|419\/419|[from] item: Leftovers
|turn|27
|
|move|p1a: Gallade|Close Combat|p2a: Hippowdon
|-damage|p2a: Hippowdon|0 fnt
|-unboost|p1a: Gallade|def|1
|-unboost|p1a: Gallade|spd|1
|faint|p2a: Hippowdon
|
|c| Escavalier|the worst think is i have a mad headache too
|
|switch|p2a: Gengar|Gengar, F|149\/261
|turn|28
|c| Escavalier|*thing
|
|move|p2a: Gengar|Shadow Ball|p1a: Gallade
|-supereffective|p1a: Gallade
|-damage|p1a: Gallade|0 fnt
|faint|p1a: Gallade
|
|c| daftmau5|from 1 beer?
|c| daftmau5|it's probably something else. Toohey's is fairly clean
|
|switch|p1a: Talonflame|Talonflame, M|270\/319
|-damage|p1a: Talonflame|111\/319|[from] Stealth Rock
|turn|29
|
|switch|p2a: Charizard|Charizard, M|133\/333
|move|p1a: Talonflame|Brave Bird|p2a: Charizard
|-damage|p2a: Charizard|0 fnt
|-damage|p1a: Talonflame|67\/319|[from] recoil|[of] p2a: Charizard
|faint|p2a: Charizard
|
|
|switch|p2a: Tornadus-Therian|Tornadus-Therian, M|211\/331
|turn|30
|
|move|p1a: Talonflame|Roost|p1a: Talonflame
|-heal|p1a: Talonflame|227\/319
|move|p2a: Tornadus-Therian|Knock Off|p1a: Talonflame
|-damage|p1a: Talonflame|134\/319
|-enditem|p1a: Talonflame|Sharp Beak|[from] move: Knock Off|[of] p2a: Tornadus-Therian
|
|turn|31
|join|Erzkrieger
|
|move|p1a: Talonflame|Brave Bird|p2a: Tornadus-Therian
|-damage|p2a: Tornadus-Therian|13\/331
|-damage|p1a: Talonflame|69\/319|[from] recoil|[of] p2a: Tornadus-Therian
|move|p2a: Tornadus-Therian|Hurricane|p1a: Talonflame
|-damage|p1a: Talonflame|0 fnt
|faint|p1a: Talonflame
|
|c|âTheUberTherian|gg
|c|âCienight|I just got
|c|âCienight|a min roll
|c|âCienight|rofl
|leave|Cienight
|player|p1
|leave|looiiyut
|join|looiiyut
|leave|looiiyut
|leave|daftmau5
|leave|Erzkrieger
|leave|I Iike Squirtles
|join|I Iike Squirtles
|leave|I Iike Squirtles
|join|I Iike Squirtles
|leave|I Iike Squirtles
|join|I Iike Squirtles
|leave|I Iike Squirtles
|join|TheJFrenzy1
|join|I Iike Squirtles
|leave|I Iike Squirtles
|join|I Iike Squirtles
|leave|I Iike Squirtles
|-message|Player 1 lost due to inactivity.
|
|win|TheUberTherian
|leave|Escavalier
|join|Escavalier
|leave|Escavalier