|join|Pokeplays777
|join|Cienight
|player|p1|Pokeplays777|290
|player|p2|Cienight|84
|gametype|singles
|gen|6
|tier|OU (suspect test)
|rated
|clearpoke
|poke|p1|Tornadus-Therian, M, shiny
|poke|p1|Slowbro, F
|poke|p1|Amoonguss, M
|poke|p1|Skarmory, F
|poke|p1|Heatran, M, shiny
|poke|p1|Swampert, M
|poke|p2|Azumarill, F
|poke|p2|Ferrothorn, F
|poke|p2|Landorus-Therian, M
|poke|p2|Latias, F
|poke|p2|Charizard, M
|poke|p2|Mew
|rule|Swagger Clause: Swagger is banned
|rule|Baton Pass Clause: Limit one PokÃ©mon knowing Baton Pass
|rule|Sleep Clause Mod: Limit one foe put to sleep
|rule|Species Clause: Limit one of each PokÃ©mon
|rule|OHKO Clause: OHKO moves are banned
|rule|Moody Clause: Moody is banned
|rule|Evasion Moves Clause: Evasion moves are banned
|rule|Endless Battle Clause: Forcing endless battles is banned
|rule|HP Percentage Mod: HP is shown in percentages
|teampreview
|
|start
|switch|p1a: Tornadus-Therian|Tornadus-Therian, M, shiny|332\/332
|switch|p2a: Mew|Mew|403\/403
|turn|1
|
|move|p1a: Tornadus-Therian|Knock Off|p2a: Mew
|-supereffective|p2a: Mew
|-damage|p2a: Mew|247\/403
|-enditem|p2a: Mew|Leftovers|[from] move: Knock Off|[of] p1a: Tornadus-Therian
|move|p2a: Mew|Knock Off|p1a: Tornadus-Therian
|-damage|p1a: Tornadus-Therian|236\/332
|-enditem|p1a: Tornadus-Therian|Assault Vest|[from] move: Knock Off|[of] p2a: Mew
|
|turn|2
|
|switch|p1a: Heatran|Heatran, M, shiny|323\/323
|move|p2a: Mew|Roost|p2a: Mew
|-heal|p2a: Mew|403\/403
|
|turn|3
|
|move|p1a: Heatran|Taunt|p2a: Mew
|-start|p2a: Mew|move: Taunt
|cant|p2a: Mew|move: Taunt|Taunt
|
|turn|4
|
|move|p1a: Heatran|Magma Storm|p2a: Mew
|-damage|p2a: Mew|247\/403
|-activate|p2a: Mew|move: Magma Storm|[of] p1a: Heatran
|move|p2a: Mew|Knock Off|p1a: Heatran
|-damage|p1a: Heatran|253\/323
|-enditem|p1a: Heatran|Power Herb|[from] move: Knock Off|[of] p2a: Mew
|
|-damage|p2a: Mew|197\/403|[from] move: Magma Storm|[partiallytrapped]
|turn|5
|
|move|p1a: Heatran|Magma Storm|p2a: Mew|[miss]
|-miss|p1a: Heatran|p2a: Mew
|move|p2a: Mew|Knock Off|p1a: Heatran
|-damage|p1a: Heatran|204\/323
|
|-damage|p2a: Mew|147\/403|[from] move: Magma Storm|[partiallytrapped]
|-end|p2a: Mew|move: Taunt
|turn|6
|
|move|p1a: Heatran|Taunt|p2a: Mew
|-start|p2a: Mew|move: Taunt
|move|p2a: Mew|Knock Off|p1a: Heatran
|-damage|p1a: Heatran|154\/323
|
|-damage|p2a: Mew|97\/403|[from] move: Magma Storm|[partiallytrapped]
|turn|7
|
|move|p1a: Heatran|Magma Storm|p2a: Mew|[miss]
|-miss|p1a: Heatran|p2a: Mew
|move|p2a: Mew|Knock Off|p1a: Heatran
|-damage|p1a: Heatran|109\/323
|
|-damage|p2a: Mew|47\/403|[from] move: Magma Storm|[partiallytrapped]
|turn|8
|
|move|p1a: Heatran|Earth Power|p2a: Mew
|-damage|p2a: Mew|0 fnt
|faint|p2a: Mew
|
|
|switch|p2a: Azumarill|Azumarill, F|381\/381
|turn|9
|
|switch|p1a: Skarmory|Skarmory, F|334\/334
|move|p2a: Azumarill|Waterfall|p1a: Skarmory
|-damage|p1a: Skarmory|181\/334
|-damage|p2a: Azumarill|318\/381|[from] item: Rocky Helmet|[of] p1a: Skarmory
|
|turn|10
|
|move|p2a: Azumarill|Waterfall|p1a: Skarmory
|-damage|p1a: Skarmory|25\/334
|-damage|p2a: Azumarill|255\/381|[from] item: Rocky Helmet|[of] p1a: Skarmory
|move|p1a: Skarmory|Counter|p2a: Azumarill
|-damage|p2a: Azumarill|0 fnt
|faint|p2a: Azumarill
|
|join|Yuttt.ttttt
|
|switch|p2a: Latias|Latias, F|301\/301
|turn|11
|c| Yuttt.ttttt|mega latias
|join|Chuppar
|c| Yuttt.ttttt|sweeeep
|c|âCienight|I don't get what kind of team
|c|âCienight|that is
|c|âCienight|fake stall
|c|âCienight|?
|c| Yuttt.ttttt|mega swampert .-.
|c|âCienight|assuming it is
|c| Yuttt.ttttt|uhhh some sort of rain team
|c|âCienight|mega pert
|leave|Chuppar
|
|switch|p1a: Tornadus-Therian|Tornadus-Therian, M, shiny|332\/332
|move|p2a: Latias|Thunderbolt|p1a: Tornadus-Therian
|-supereffective|p1a: Tornadus-Therian
|-damage|p1a: Tornadus-Therian|64\/332
|-damage|p2a: Latias|271\/301|[from] item: Life Orb
|
|turn|12
|
|switch|p2a: Charizard|Charizard, M|315\/315
|move|p1a: Tornadus-Therian|Knock Off|p2a: Charizard
|-damage|p2a: Charizard|249\/315
|
|turn|13
|c| Yuttt.ttttt|zarichard!
|c| Yuttt.ttttt|i choose you!
|c|âCienight|zanzichard
|
|switch|p1a: Slowbro|Slowbro, F|394\/394
|detailschange|p2a: Charizard|Charizard-Mega-X, M
|-mega|p2a: Charizard|Charizard|Charizardite X
|move|p2a: Charizard|Dragon Claw|p1a: Slowbro
|-damage|p1a: Slowbro|253\/394
|
|-heal|p1a: Slowbro|277\/394|[from] item: Leftovers
|turn|14
|c|âCienight|that did
|c|âCienight|a lot
|c|âCienight|spdef slowbro
|
|switch|p2a: Ferrothorn|Ferrothorn, F|349\/349
|move|p1a: Slowbro|Scald|p2a: Ferrothorn
|-resisted|p2a: Ferrothorn
|-damage|p2a: Ferrothorn|316\/349
|
|-heal|p1a: Slowbro|301\/394|[from] item: Leftovers
|-heal|p2a: Ferrothorn|337\/349|[from] item: Leftovers
|turn|15
|c|âCienight|?
|c| Yuttt.ttttt|obviously offensive rain dance
|c| Yuttt.ttttt|for swampert support
|c|âCienight|means
|c|âCienight|I'm eating
|c|âCienight|a fire blast
|c|âCienight|rn
|c|âCienight|np
|c|âCienight|I doge this
|
|switch|p1a: Skarmory|Skarmory, F|25\/334
|move|p2a: Ferrothorn|Stealth Rock|p1a: Skarmory
|-sidestart|p1: Pokeplays777|move: Stealth Rock
|
|-heal|p2a: Ferrothorn|349\/349|[from] item: Leftovers
|turn|16
|
|move|p1a: Skarmory|Defog|p2a: Ferrothorn
|-unboost|p2a: Ferrothorn|evasion|1
|-sideend|p1: Pokeplays777|Stealth Rock|[from] move: Defog|[of] p1a: Skarmory
|move|p2a: Ferrothorn|Leech Seed|p1a: Skarmory
|-start|p1a: Skarmory|move: Leech Seed
|
|-damage|p1a: Skarmory|0 fnt|[from] Leech Seed|[of] p2a: Ferrothorn
|faint|p1a: Skarmory
|
|switch|p1a: Heatran|Heatran, M, shiny|109\/323
|turn|17
|c|âCienight|should I doge
|c|âCienight|the miss
|c|âCienight|predict
|c| Yuttt.ttttt|reveal
|c|âCienight|*
|c| Yuttt.ttttt|the occa
|c|âCienight|or just got into
|c|âCienight|zard X
|c| Yuttt.ttttt|stay in on toxic
|
|switch|p2a: Landorus-Therian|Landorus-Therian, M|325\/325
|-ability|p2a: Landorus-Therian|Intimidate|[of] p1a: Heatran
|-unboost|p1a: Heatran|atk|1
|move|p1a: Heatran|Magma Storm|p2a: Landorus-Therian
|-damage|p2a: Landorus-Therian|100\/325
|-activate|p2a: Landorus-Therian|move: Magma Storm|[of] p1a: Heatran
|
|-damage|p2a: Landorus-Therian|60\/325|[from] move: Magma Storm|[partiallytrapped]
|turn|18
|
|move|p2a: Landorus-Therian|U-turn|p1a: Heatran
|-resisted|p1a: Heatran
|-damage|p1a: Heatran|89\/323
|c|âCienight|explanations
|c| Yuttt.ttttt|wrecked?!
|c|âCienight|here
|
|switch|p2a: Latias|Latias, F|271\/301
|move|p1a: Heatran|Magma Storm|p2a: Latias|[miss]
|-miss|p1a: Heatran|p2a: Latias
|
|turn|19
|c| Yuttt.ttttt|skillful dodge
|c|âCienight|^
|
|switch|p1a: Amoonguss|Amoonguss, M|432\/432
|move|p2a: Latias|Thunderbolt|p1a: Amoonguss
|-resisted|p1a: Amoonguss
|-damage|p1a: Amoonguss|376\/432
|-damage|p2a: Latias|241\/301|[from] item: Life Orb
|
|-heal|p1a: Amoonguss|403\/432|[from] item: Black Sludge
|turn|20
|c| Yuttt.ttttt|timerstall
|c| Yuttt.ttttt|stkillful strategy
|c| Yuttt.ttttt|amoonguss
|c| Yuttt.ttttt|the latias counter
|c|âCienight|skilful
|c|âCienight|timerstall
|c|âCienight|making me bored
|c|âCienight|it works tho
|
|switch|p2a: Ferrothorn|Ferrothorn, F|349\/349
|switch|p1a: Slowbro|Slowbro, F|394\/394
|
|turn|21
|
|switch|p1a: Tornadus-Therian|Tornadus-Therian, M, shiny|174\/332
|move|p2a: Ferrothorn|Stealth Rock|p1a: Tornadus-Therian
|-sidestart|p1: Pokeplays777|move: Stealth Rock
|
|turn|22
|
|move|p1a: Tornadus-Therian|Heat Wave|p2a: Ferrothorn
|-supereffective|p2a: Ferrothorn
|-damage|p2a: Ferrothorn|61\/349
|move|p2a: Ferrothorn|Gyro Ball|p1a: Tornadus-Therian
|-damage|p1a: Tornadus-Therian|0 fnt
|faint|p1a: Tornadus-Therian
|
|-heal|p2a: Ferrothorn|82\/349|[from] item: Leftovers
|c| Yuttt.ttttt|werth it?!
|
|switch|p1a: Swampert|Swampert, M|341\/341
|-damage|p1a: Swampert|320\/341|[from] Stealth Rock
|turn|23
|c| Yuttt.ttttt|swampert the ferrothorn couner
|c|âCienight|I mean
|join|gyarad0site
|
|detailschange|p1a: Swampert|Swampert-Mega, M
|-mega|p1a: Swampert|Swampert|Swampertite
|move|p1a: Swampert|Rain Dance|p1a: Swampert
|-weather|RainDance
|move|p2a: Ferrothorn|Power Whip|p1a: Swampert
|-supereffective|p1a: Swampert
|-damage|p1a: Swampert|0 fnt
|faint|p1a: Swampert
|
|-weather|RainDance|[upkeep]
|-heal|p2a: Ferrothorn|103\/349|[from] item: Leftovers
|c|âCienight|I would predict
|c|âCienight|a play here
|c|âCienight|yus
|c| Yuttt.ttttt|...
|c|âCienight|I swear
|c| Yuttt.ttttt|nice counter
|c|âCienight|I predicted
|c|âCienight|that
|
|switch|p1a: Heatran|Heatran, M, shiny|89\/323
|-damage|p1a: Heatran|49\/323|[from] Stealth Rock
|turn|24
|-message|Pokeplays777 forfeited.
|leave|Pokeplays777
|
|win|Cienight
|raw|Ladder updating...
|player|p1
|raw|Pokeplays777's rating: 1212 &rarr; <strong>1182<\/strong><br \/>(-30 for losing)
|raw|Cienight's rating: 1149 &rarr; <strong>1178<\/strong><br \/>(+29 for winning)
|leave|Cienight
|player|p2
|leave|Yuttt.ttttt
|leave|gyarad0site