|join|Cienight
|join|Endekey
|player|p1|Cienight|84
|player|p2|Endekey|120
|gametype|singles
|gen|6
|tier|OU (suspect test)
|rated
|clearpoke
|poke|p1|Azumarill, F
|poke|p1|Ferrothorn, F
|poke|p1|Landorus-Therian, M, shiny
|poke|p1|Latias, F
|poke|p1|Charizard, M
|poke|p1|Mew
|poke|p2|Scizor, M
|poke|p2|Garchomp, M
|poke|p2|Bisharp, M
|poke|p2|Sylveon, F
|poke|p2|Landorus, M
|poke|p2|Rotom-Wash
|rule|Swagger Clause: Swagger is banned
|rule|Baton Pass Clause: Limit one PokÃ©mon knowing Baton Pass
|rule|Sleep Clause Mod: Limit one foe put to sleep
|rule|Species Clause: Limit one of each PokÃ©mon
|rule|OHKO Clause: OHKO moves are banned
|rule|Moody Clause: Moody is banned
|rule|Evasion Moves Clause: Evasion moves are banned
|rule|Endless Battle Clause: Forcing endless battles is banned
|rule|HP Percentage Mod: HP is shown in percentages
|teampreview
|c|âEndekey|gl
|c|âCienight|u2
|
|start
|switch|p1a: Landorus-Therian|Landorus-Therian, M, shiny|325\/325
|switch|p2a: Guerrilla|Sylveon, F|393\/393
|-ability|p1a: Landorus-Therian|Intimidate|[of] p2a: Guerrilla
|-unboost|p2a: Guerrilla|atk|1
|turn|1
|
|move|p1a: Landorus-Therian|U-turn|p2a: Guerrilla
|-resisted|p2a: Guerrilla
|-damage|p2a: Guerrilla|333\/393
|
|switch|p1a: Ferrothorn|Ferrothorn, F|349\/349
|move|p2a: Guerrilla|Hyper Voice|p1a: Ferrothorn
|-resisted|p1a: Ferrothorn
|-damage|p1a: Ferrothorn|229\/349
|
|-heal|p1a: Ferrothorn|250\/349|[from] item: Leftovers
|turn|2
|
|switch|p2a: Nuke|Landorus, M|319\/319
|move|p1a: Ferrothorn|Leech Seed|p2a: Nuke
|-start|p2a: Nuke|move: Leech Seed
|
|-heal|p1a: Ferrothorn|271\/349|[from] item: Leftovers
|-damage|p2a: Nuke|280\/319|[from] Leech Seed|[of] p1a: Ferrothorn
|-heal|p1a: Ferrothorn|310\/349|[silent]
|turn|3
|
|switch|p1a: Latias|Latias, F|301\/301
|move|p2a: Nuke|Stealth Rock|p1a: Latias
|-sidestart|p1: Cienight|move: Stealth Rock
|
|-damage|p2a: Nuke|241\/319|[from] Leech Seed|[of] p1a: Latias
|turn|4
|
|switch|p2a: Gunsmoke|Scizor, M|309\/309
|move|p1a: Latias|Draco Meteor|p2a: Gunsmoke
|-resisted|p2a: Gunsmoke
|-damage|p2a: Gunsmoke|137\/309
|-unboost|p1a: Latias|spa|2
|-damage|p1a: Latias|271\/301|[from] item: Life Orb
|
|turn|5
|
|switch|p1a: Ferrothorn|Ferrothorn, F|310\/349
|-damage|p1a: Ferrothorn|289\/349|[from] Stealth Rock
|detailschange|p2a: Gunsmoke|Scizor-Mega, M
|-mega|p2a: Gunsmoke|Scizor|Scizorite
|move|p2a: Gunsmoke|Bug Bite|p1a: Ferrothorn
|-crit|p1a: Ferrothorn
|-damage|p1a: Ferrothorn|102\/349
|-damage|p2a: Gunsmoke|99\/309|[from] ability: Iron Barbs|[of] p1a: Ferrothorn
|
|-heal|p1a: Ferrothorn|123\/349|[from] item: Leftovers
|turn|6
|
|switch|p1a: Landorus-Therian|Landorus-Therian, M, shiny|325\/325
|-damage|p1a: Landorus-Therian|285\/325|[from] Stealth Rock
|-ability|p1a: Landorus-Therian|Intimidate|[of] p2a: Gunsmoke
|-unboost|p2a: Gunsmoke|atk|1
|move|p2a: Gunsmoke|Superpower|p1a: Landorus-Therian
|-resisted|p1a: Landorus-Therian
|-damage|p1a: Landorus-Therian|225\/325
|-unboost|p2a: Gunsmoke|atk|1
|-unboost|p2a: Gunsmoke|def|1
|
|turn|7
|
|switch|p2a: Blitzkrieg|Garchomp, M|357\/357
|move|p1a: Landorus-Therian|U-turn|p2a: Blitzkrieg
|-damage|p2a: Blitzkrieg|267\/357
|-damage|p1a: Landorus-Therian|185\/325|[from] ability: Rough Skin|[of] p2a: Blitzkrieg
|
|switch|p1a: Azumarill|Azumarill, F|381\/381
|-damage|p1a: Azumarill|334\/381|[from] Stealth Rock
|
|turn|8
|
|move|p2a: Blitzkrieg|Earthquake|p1a: Azumarill
|-damage|p1a: Azumarill|108\/381
|move|p1a: Azumarill|Play Rough|p2a: Blitzkrieg
|-supereffective|p2a: Blitzkrieg
|-damage|p2a: Blitzkrieg|0 fnt
|-damage|p1a: Azumarill|61\/381|[from] ability: Rough Skin|[of] p2a: Blitzkrieg
|faint|p2a: Blitzkrieg
|
|
|switch|p2a: Curfew|Rotom-Wash|303\/303
|turn|9
|
|switch|p1a: Mew|Mew|403\/403
|-damage|p1a: Mew|353\/403|[from] Stealth Rock
|move|p2a: Curfew|Volt Switch|p1a: Mew
|-crit|p1a: Mew
|-damage|p1a: Mew|248\/403
|
|switch|p2a: Versus|Bisharp, M|272\/272
|
|-heal|p1a: Mew|273\/403|[from] item: Leftovers
|turn|10
|
|move|p1a: Mew|Will-O-Wisp|p2a: Versus
|-status|p2a: Versus|brn
|move|p2a: Versus|Knock Off|p1a: Mew
|-supereffective|p1a: Mew
|-damage|p1a: Mew|70\/403
|-enditem|p1a: Mew|Leftovers|[from] move: Knock Off|[of] p2a: Versus
|-damage|p2a: Versus|245\/272 brn|[from] item: Life Orb
|
|-damage|p2a: Versus|211\/272 brn|[from] brn
|turn|11
|
|move|p1a: Mew|Roost|p1a: Mew
|-heal|p1a: Mew|272\/403
|move|p2a: Versus|Swords Dance|p2a: Versus
|-boost|p2a: Versus|atk|2
|
|-damage|p2a: Versus|177\/272 brn|[from] brn
|turn|12
|
|move|p1a: Mew|Roost|p1a: Mew
|-heal|p1a: Mew|403\/403
|move|p2a: Versus|Knock Off|p1a: Mew
|-supereffective|p1a: Mew
|-damage|p1a: Mew|104\/403
|-damage|p2a: Versus|150\/272 brn|[from] item: Life Orb
|
|-damage|p2a: Versus|116\/272 brn|[from] brn
|turn|13
|
|switch|p1a: Ferrothorn|Ferrothorn, F|123\/349
|-damage|p1a: Ferrothorn|102\/349|[from] Stealth Rock
|move|p2a: Versus|Knock Off|p1a: Ferrothorn
|-damage|p1a: Ferrothorn|0 fnt
|-damage|p2a: Versus|82\/272 brn|[from] ability: Iron Barbs|[of] p1a: Ferrothorn
|-enditem|p1a: Ferrothorn|Leftovers|[from] move: Knock Off|[of] p2a: Versus
|-damage|p2a: Versus|55\/272 brn|[from] item: Life Orb
|faint|p1a: Ferrothorn
|
|-damage|p2a: Versus|21\/272 brn|[from] brn
|
|switch|p1a: Charizard|Charizard, M|315\/315
|-damage|p1a: Charizard|158\/315|[from] Stealth Rock
|turn|14
|
|detailschange|p1a: Charizard|Charizard-Mega-X, M
|-mega|p1a: Charizard|Charizard|Charizardite X
|move|p1a: Charizard|Roost|p1a: Charizard
|-heal|p1a: Charizard|315\/315
|move|p2a: Versus|Knock Off|p1a: Charizard
|-damage|p1a: Charizard|182\/315
|-damage|p2a: Versus|0 fnt|[from] item: Life Orb
|faint|p2a: Versus
|
|
|switch|p2a: Nuke|Landorus, M|241\/319
|turn|15
|
|switch|p1a: Latias|Latias, F|271\/301
|-damage|p1a: Latias|234\/301|[from] Stealth Rock
|move|p2a: Nuke|Hidden Power|p1a: Latias
|-supereffective|p1a: Latias
|-damage|p1a: Latias|101\/301
|-damage|p2a: Nuke|210\/319|[from] item: Life Orb
|
|turn|16
|
|move|p1a: Latias|Defog|p2a: Nuke
|-unboost|p2a: Nuke|evasion|1
|-sideend|p1: Cienight|Stealth Rock|[from] move: Defog|[of] p1a: Latias
|move|p2a: Nuke|Hidden Power|p1a: Latias
|-supereffective|p1a: Latias
|-damage|p1a: Latias|0 fnt
|-damage|p2a: Nuke|179\/319|[from] item: Life Orb
|faint|p1a: Latias
|
|
|switch|p1a: Azumarill|Azumarill, F|61\/381
|turn|17
|
|switch|p2a: Curfew|Rotom-Wash|303\/303
|move|p1a: Azumarill|Aqua Jet|p2a: Curfew
|-resisted|p2a: Curfew
|-damage|p2a: Curfew|258\/303
|
|-heal|p2a: Curfew|276\/303|[from] item: Leftovers
|turn|18
|
|switch|p1a: Landorus-Therian|Landorus-Therian, M, shiny|185\/325
|-ability|p1a: Landorus-Therian|Intimidate|[of] p2a: Curfew
|-unboost|p2a: Curfew|atk|1
|move|p2a: Curfew|Volt Switch|p1a: Landorus-Therian
|-immune|p1a: Landorus-Therian|[msg]
|
|-heal|p2a: Curfew|294\/303|[from] item: Leftovers
|turn|19
|
|move|p1a: Landorus-Therian|U-turn|p2a: Curfew
|-crit|p2a: Curfew
|-damage|p2a: Curfew|200\/303
|
|switch|p1a: Charizard|Charizard-Mega-X, M|182\/315
|move|p2a: Curfew|Volt Switch|p1a: Charizard
|-resisted|p1a: Charizard
|-damage|p1a: Charizard|129\/315
|
|switch|p2a: Nuke|Landorus, M|179\/319
|
|turn|20
|
|switch|p1a: Landorus-Therian|Landorus-Therian, M, shiny|185\/325
|-ability|p1a: Landorus-Therian|Intimidate|[of] p2a: Nuke
|-unboost|p2a: Nuke|atk|1
|move|p2a: Nuke|Psychic|p1a: Landorus-Therian
|-damage|p1a: Landorus-Therian|0 fnt
|faint|p1a: Landorus-Therian
|
|
|switch|p1a: Azumarill|Azumarill, F|61\/381
|turn|21
|
|move|p2a: Nuke|Psychic|p1a: Azumarill
|-damage|p1a: Azumarill|0 fnt
|faint|p1a: Azumarill
|
|c|âEndekey|gg
|-message|Cienight forfeited.
|
|win|Endekey
|raw|Ladder updating...
|leave|Cienight
|player|p1
|raw|Cienight's rating: 1594 &rarr; <strong>1572<\/strong><br \/>(-22 for losing)
|raw|Endekey's rating: 1572 &rarr; <strong>1593<\/strong><br \/>(+21 for winning)