|join|Cienight
|join|EyeOfPein
|player|p1|Cienight|84
|player|p2|EyeOfPein|169
|gametype|singles
|gen|6
|tier|OU (suspect test)
|rated
|clearpoke
|poke|p1|Azumarill, F
|poke|p1|Ferrothorn, M
|poke|p1|Landorus-Therian, M, shiny
|poke|p1|Latias, F
|poke|p1|Charizard, M
|poke|p1|Mew
|poke|p2|Infernape, M
|poke|p2|Thundurus, M
|poke|p2|Metagross
|poke|p2|Bisharp, M
|poke|p2|Dragonite, M
|poke|p2|Keldeo-Resolute
|rule|Swagger Clause: Swagger is banned
|rule|Baton Pass Clause: Limit one PokÃ©mon knowing Baton Pass
|rule|Sleep Clause Mod: Limit one foe put to sleep
|rule|Species Clause: Limit one of each PokÃ©mon
|rule|OHKO Clause: OHKO moves are banned
|rule|Moody Clause: Moody is banned
|rule|Evasion Moves Clause: Evasion moves are banned
|rule|Endless Battle Clause: Forcing endless battles is banned
|rule|HP Percentage Mod: HP is shown in percentages
|teampreview
|join|Alexlmz
|
|start
|switch|p1a: Landorus-Therian|Landorus-Therian, M, shiny|325\/325
|switch|p2a: Infernape|Infernape, M|293\/293
|-ability|p1a: Landorus-Therian|Intimidate|[of] p2a: Infernape
|-unboost|p2a: Infernape|atk|1
|turn|1
|
|move|p1a: Landorus-Therian|U-turn|p2a: Infernape
|-resisted|p2a: Infernape
|-damage|p2a: Infernape|264\/293
|join|sdtyfugihkjln
|
|switch|p1a: Azumarill|Azumarill, F|381\/381
|move|p2a: Infernape|Stealth Rock|p1a: Azumarill
|-sidestart|p1: Cienight|move: Stealth Rock
|
|turn|2
|
|move|p2a: Infernape|Fire Blast|p1a: Azumarill|[miss]
|-miss|p2a: Infernape|p1a: Azumarill
|move|p1a: Azumarill|Play Rough|p2a: Infernape
|-damage|p2a: Infernape|0 fnt
|faint|p2a: Infernape
|
|
|switch|p2a: Thundurus|Thundurus, M|299\/299
|turn|3
|
|switch|p2a: Bisharp|Bisharp, M|271\/271
|switch|p1a: Ferrothorn|Ferrothorn, M|349\/349
|-damage|p1a: Ferrothorn|328\/349|[from] Stealth Rock
|
|-heal|p1a: Ferrothorn|349\/349|[from] item: Leftovers
|turn|4
|
|switch|p1a: Mew|Mew|403\/403
|-damage|p1a: Mew|353\/403|[from] Stealth Rock
|move|p2a: Bisharp|Swords Dance|p2a: Bisharp
|-boost|p2a: Bisharp|atk|2
|
|-heal|p1a: Mew|378\/403|[from] item: Leftovers
|turn|5
|
|move|p1a: Mew|Will-O-Wisp|p2a: Bisharp
|-status|p2a: Bisharp|brn
|move|p2a: Bisharp|Knock Off|p1a: Mew
|-supereffective|p1a: Mew
|-damage|p1a: Mew|0 fnt
|-enditem|p1a: Mew|Leftovers|[from] move: Knock Off|[of] p2a: Bisharp
|-damage|p2a: Bisharp|244\/271 brn|[from] item: Life Orb
|faint|p1a: Mew
|
|-damage|p2a: Bisharp|211\/271 brn|[from] brn
|
|switch|p1a: Ferrothorn|Ferrothorn, M|349\/349
|-damage|p1a: Ferrothorn|328\/349|[from] Stealth Rock
|turn|6
|
|move|p2a: Bisharp|Knock Off|p1a: Ferrothorn
|-crit|p1a: Ferrothorn
|-damage|p1a: Ferrothorn|86\/349
|-damage|p2a: Bisharp|178\/271 brn|[from] ability: Iron Barbs|[of] p1a: Ferrothorn
|-enditem|p1a: Ferrothorn|Leftovers|[from] move: Knock Off|[of] p2a: Bisharp
|-damage|p2a: Bisharp|151\/271 brn|[from] item: Life Orb
|move|p1a: Ferrothorn|Stealth Rock|p2a: Bisharp
|-sidestart|p2: EyeOfPein|move: Stealth Rock
|
|-damage|p2a: Bisharp|118\/271 brn|[from] brn
|turn|7
|
|move|p2a: Bisharp|Knock Off|p1a: Ferrothorn
|-damage|p1a: Ferrothorn|0 fnt
|-damage|p2a: Bisharp|85\/271 brn|[from] ability: Iron Barbs|[of] p1a: Ferrothorn
|-damage|p2a: Bisharp|58\/271 brn|[from] item: Life Orb
|faint|p1a: Ferrothorn
|
|-damage|p2a: Bisharp|25\/271 brn|[from] brn
|join|IAmGingy
|
|switch|p1a: Charizard|Charizard, M|315\/315
|-damage|p1a: Charizard|158\/315|[from] Stealth Rock
|turn|8
|
|detailschange|p1a: Charizard|Charizard-Mega-X, M
|-mega|p1a: Charizard|Charizard|Charizardite X
|move|p1a: Charizard|Roost|p1a: Charizard
|-heal|p1a: Charizard|315\/315
|move|p2a: Bisharp|Knock Off|p1a: Charizard
|-damage|p1a: Charizard|173\/315
|-damage|p2a: Bisharp|0 fnt|[from] item: Life Orb
|faint|p2a: Bisharp
|
|
|switch|p2a: Keldeo-Resolute|Keldeo-Resolute|323\/323
|-damage|p2a: Keldeo-Resolute|303\/323|[from] Stealth Rock
|turn|9
|
|switch|p1a: Latias|Latias, F|301\/301
|-damage|p1a: Latias|264\/301|[from] Stealth Rock
|move|p2a: Keldeo-Resolute|Scald|p1a: Latias
|-resisted|p1a: Latias
|-damage|p1a: Latias|176\/301
|
|turn|10
|
|switch|p2a: Metagross|Metagross|301\/301
|-damage|p2a: Metagross|283\/301|[from] Stealth Rock
|move|p1a: Latias|Thunderbolt|p2a: Metagross
|-damage|p2a: Metagross|141\/301
|-damage|p1a: Latias|146\/301|[from] item: Life Orb
|
|turn|11
|
|switch|p1a: Charizard|Charizard-Mega-X, M|173\/315
|-damage|p1a: Charizard|95\/315|[from] Stealth Rock
|detailschange|p2a: Metagross|Metagross-Mega
|-mega|p2a: Metagross|Metagross|Metagrossite
|move|p2a: Metagross|Meteor Mash|p1a: Charizard
|-resisted|p1a: Charizard
|-damage|p1a: Charizard|0 fnt
|faint|p1a: Charizard
|
|join|Omegasization
|
|switch|p1a: Landorus-Therian|Landorus-Therian, M, shiny|325\/325
|-damage|p1a: Landorus-Therian|285\/325|[from] Stealth Rock
|-ability|p1a: Landorus-Therian|Intimidate|[of] p2a: Metagross
|-unboost|p2a: Metagross|atk|1
|turn|12
|
|move|p1a: Landorus-Therian|U-turn|p2a: Metagross
|-damage|p2a: Metagross|81\/301
|
|switch|p1a: Azumarill|Azumarill, F|381\/381
|-damage|p1a: Azumarill|334\/381|[from] Stealth Rock
|move|p2a: Metagross|Meteor Mash|p1a: Azumarill
|-damage|p1a: Azumarill|147\/381
|
|turn|13
|c| IAmGingy|that team
|c| IAmGingy|has such a good matchup
|
|move|p1a: Azumarill|Aqua Jet|p2a: Metagross
|-damage|p2a: Metagross|0 fnt
|faint|p2a: Metagross
|
|c| IAmGingy|vs u
|c|âEyeOfPein|yy
|c| IAmGingy|lol
|c|âCienight|I know
|
|switch|p2a: Thundurus|Thundurus, M|299\/299
|-damage|p2a: Thundurus|225\/299|[from] Stealth Rock
|turn|14
|join|TyranitarTerror
|
|switch|p1a: Landorus-Therian|Landorus-Therian, M, shiny|285\/325
|-damage|p1a: Landorus-Therian|245\/325|[from] Stealth Rock
|-ability|p1a: Landorus-Therian|Intimidate|[of] p2a: Thundurus
|-unboost|p2a: Thundurus|atk|1
|move|p2a: Thundurus|Hidden Power|p1a: Landorus-Therian
|-supereffective|p1a: Landorus-Therian
|-damage|p1a: Landorus-Therian|0 fnt
|-damage|p2a: Thundurus|196\/299|[from] item: Life Orb
|faint|p1a: Landorus-Therian
|
|c|âCienight|he risked
|c| IAmGingy|;;;
|c|âEyeOfPein|yp
|c|âCienight|his win con
|c|âCienight|like that
|c|âCienight|lol
|c|âEyeOfPein|i knew
|c|âEyeOfPein|u would risk and only play is go to lando
|c|âCienight|still an awful play+Ã¹
|-message|Cienight forfeited.
|leave|Cienight
|
|win|EyeOfPein
|raw|Ladder updating...
|player|p1
|raw|Cienight's rating: 1488 &rarr; <strong>1460<\/strong><br \/>(-28 for losing)
|raw|EyeOfPein's rating: 1345 &rarr; <strong>1373<\/strong><br \/>(+28 for winning)
|leave|IAmGingy
|leave|Omegasization