|join|Cienight
|join|hateladdder
|player|p1|Cienight|84
|player|p2|hateladdder|33
|gametype|singles
|gen|6
|tier|OU (suspect test)
|rated
|clearpoke
|poke|p1|Azumarill, F
|poke|p1|Ferrothorn, M
|poke|p1|Landorus-Therian, M, shiny
|poke|p1|Latias, F
|poke|p1|Charizard, M
|poke|p1|Mew
|poke|p2|Thundurus, M
|poke|p2|Landorus, M
|poke|p2|Keldeo
|poke|p2|Bisharp, M
|poke|p2|Metagross
|poke|p2|Garchomp, M
|rule|Swagger Clause: Swagger is banned
|rule|Baton Pass Clause: Limit one PokÃ©mon knowing Baton Pass
|rule|Sleep Clause Mod: Limit one foe put to sleep
|rule|Species Clause: Limit one of each PokÃ©mon
|rule|OHKO Clause: OHKO moves are banned
|rule|Moody Clause: Moody is banned
|rule|Evasion Moves Clause: Evasion moves are banned
|rule|Endless Battle Clause: Forcing endless battles is banned
|rule|HP Percentage Mod: HP is shown in percentages
|teampreview
|
|start
|switch|p1a: Mew|Mew|403\/403
|switch|p2a: Garchomp|Garchomp, M|357\/357
|turn|1
|
|move|p2a: Garchomp|Swords Dance|p2a: Garchomp
|-boost|p2a: Garchomp|atk|2
|move|p1a: Mew|Will-O-Wisp|p2a: Garchomp
|-status|p2a: Garchomp|brn
|-enditem|p2a: Garchomp|Lum Berry|[eat]
|-curestatus|p2a: Garchomp|brn
|
|turn|2
|
|move|p2a: Garchomp|Earthquake|p1a: Mew
|-damage|p1a: Mew|61\/403
|move|p1a: Mew|Will-O-Wisp|p2a: Garchomp
|-status|p2a: Garchomp|brn
|
|-heal|p1a: Mew|86\/403|[from] item: Leftovers
|-damage|p2a: Garchomp|313\/357 brn|[from] brn
|turn|3
|
|move|p2a: Garchomp|Stealth Rock|p1a: Mew
|-sidestart|p1: Cienight|move: Stealth Rock
|move|p1a: Mew|Roost|p1a: Mew
|-heal|p1a: Mew|288\/403
|
|-heal|p1a: Mew|313\/403|[from] item: Leftovers
|-damage|p2a: Garchomp|269\/357 brn|[from] brn
|turn|4
|
|move|p2a: Garchomp|Swords Dance|p2a: Garchomp
|-boost|p2a: Garchomp|atk|2
|move|p1a: Mew|Roost|p1a: Mew
|-heal|p1a: Mew|403\/403
|
|-damage|p2a: Garchomp|225\/357 brn|[from] brn
|turn|5
|
|switch|p1a: Ferrothorn|Ferrothorn, M|349\/349
|-damage|p1a: Ferrothorn|328\/349|[from] Stealth Rock
|move|p2a: Garchomp|Outrage|p1a: Ferrothorn
|-resisted|p1a: Ferrothorn
|-damage|p1a: Ferrothorn|227\/349
|-damage|p2a: Garchomp|181\/357 brn|[from] ability: Iron Barbs|[of] p1a: Ferrothorn
|
|-heal|p1a: Ferrothorn|248\/349|[from] item: Leftovers
|-damage|p2a: Garchomp|137\/357 brn|[from] brn
|turn|6
|
|move|p2a: Garchomp|Outrage|p1a: Ferrothorn
|-resisted|p1a: Ferrothorn
|-damage|p1a: Ferrothorn|147\/349
|-damage|p2a: Garchomp|93\/357 brn|[from] ability: Iron Barbs|[of] p1a: Ferrothorn
|move|p1a: Ferrothorn|Leech Seed|p2a: Garchomp
|-start|p2a: Garchomp|move: Leech Seed
|
|-heal|p1a: Ferrothorn|168\/349|[from] item: Leftovers
|-damage|p2a: Garchomp|49\/357 brn|[from] Leech Seed|[of] p1a: Ferrothorn
|-heal|p1a: Ferrothorn|212\/349|[silent]
|-damage|p2a: Garchomp|5\/357 brn|[from] brn
|turn|7
|
|switch|p1a: Azumarill|Azumarill, F|381\/381
|-damage|p1a: Azumarill|334\/381|[from] Stealth Rock
|move|p2a: Garchomp|Outrage|p1a: Azumarill
|-immune|p1a: Azumarill|[msg]
|
|-end|p2a: Garchomp|rampage
|-start|p2a: Garchomp|confusion
|-damage|p2a: Garchomp|0 fnt|[from] Leech Seed|[of] p1a: Azumarill
|-heal|p1a: Azumarill|339\/381|[silent]
|faint|p2a: Garchomp
|
|switch|p2a: Thundurus|Thundurus, M|299\/299
|turn|8
|
|switch|p1a: Ferrothorn|Ferrothorn, M|212\/349
|-damage|p1a: Ferrothorn|191\/349|[from] Stealth Rock
|move|p2a: Thundurus|Thunderbolt|p1a: Ferrothorn
|-resisted|p1a: Ferrothorn
|-damage|p1a: Ferrothorn|134\/349
|
|-heal|p1a: Ferrothorn|155\/349|[from] item: Leftovers
|turn|9
|
|move|p2a: Thundurus|Nasty Plot|p2a: Thundurus
|-boost|p2a: Thundurus|spa|2
|move|p1a: Ferrothorn|Leech Seed|p2a: Thundurus
|-start|p2a: Thundurus|move: Leech Seed
|
|-heal|p1a: Ferrothorn|176\/349|[from] item: Leftovers
|-damage|p2a: Thundurus|262\/299|[from] Leech Seed|[of] p1a: Ferrothorn
|-heal|p1a: Ferrothorn|213\/349|[silent]
|turn|10
|
|move|p2a: Thundurus|Thunderbolt|p1a: Ferrothorn
|-resisted|p1a: Ferrothorn
|-damage|p1a: Ferrothorn|81\/349
|-status|p1a: Ferrothorn|par
|cant|p1a: Ferrothorn|par
|
|-heal|p2a: Thundurus|280\/299|[from] item: Leftovers
|-heal|p1a: Ferrothorn|102\/349 par|[from] item: Leftovers
|-damage|p2a: Thundurus|243\/299|[from] Leech Seed|[of] p1a: Ferrothorn
|-heal|p1a: Ferrothorn|139\/349 par|[silent]
|turn|11
|
|switch|p1a: Landorus-Therian|Landorus-Therian, M, shiny|325\/325
|-damage|p1a: Landorus-Therian|285\/325|[from] Stealth Rock
|-ability|p1a: Landorus-Therian|Intimidate|[of] p2a: Thundurus
|-unboost|p2a: Thundurus|atk|1
|move|p2a: Thundurus|Hidden Power|p1a: Landorus-Therian
|-crit|p1a: Landorus-Therian
|-supereffective|p1a: Landorus-Therian
|-damage|p1a: Landorus-Therian|0 fnt
|faint|p1a: Landorus-Therian
|
|-heal|p2a: Thundurus|261\/299|[from] item: Leftovers
|
|switch|p1a: Latias|Latias, F|301\/301
|-damage|p1a: Latias|264\/301|[from] Stealth Rock
|turn|12
|
|switch|p2a: Bisharp|Bisharp, M|271\/271
|move|p1a: Latias|Draco Meteor|p2a: Bisharp
|-resisted|p2a: Bisharp
|-damage|p2a: Bisharp|106\/271
|-unboost|p1a: Latias|spa|2
|-damage|p1a: Latias|234\/301|[from] item: Life Orb
|
|turn|13
|
|move|p1a: Latias|Defog|p2a: Bisharp
|-unboost|p2a: Bisharp|evasion|1
|-boost|p2a: Bisharp|atk|2|[from] ability: Defiant
|-sideend|p1: Cienight|Stealth Rock|[from] move: Defog|[of] p1a: Latias
|move|p2a: Bisharp|Knock Off|p1a: Latias
|-supereffective|p1a: Latias
|-damage|p1a: Latias|0 fnt
|-enditem|p1a: Latias|Life Orb|[from] move: Knock Off|[of] p2a: Bisharp
|-damage|p2a: Bisharp|79\/271|[from] item: Life Orb
|faint|p1a: Latias
|
|
|switch|p1a: Azumarill|Azumarill, F|339\/381
|turn|14
|
|move|p1a: Azumarill|Aqua Jet|p2a: Bisharp
|-damage|p2a: Bisharp|0 fnt
|faint|p2a: Bisharp
|
|
|switch|p2a: Thundurus|Thundurus, M|261\/299
|turn|15
|
|switch|p1a: Mew|Mew|403\/403
|move|p2a: Thundurus|Thunderbolt|p1a: Mew
|-damage|p1a: Mew|265\/403
|
|-heal|p2a: Thundurus|279\/299|[from] item: Leftovers
|-heal|p1a: Mew|290\/403|[from] item: Leftovers
|turn|16
|
|switch|p1a: Charizard|Charizard, M|315\/315
|move|p2a: Thundurus|Nasty Plot|p2a: Thundurus
|-boost|p2a: Thundurus|spa|2
|
|-heal|p2a: Thundurus|297\/299|[from] item: Leftovers
|turn|17
|
|detailschange|p1a: Charizard|Charizard-Mega-X, M
|-mega|p1a: Charizard|Charizard|Charizardite X
|move|p2a: Thundurus|Thunder Wave|p1a: Charizard
|-status|p1a: Charizard|par
|move|p1a: Charizard|Flare Blitz|p2a: Thundurus
|-damage|p2a: Thundurus|0 fnt
|-damage|p1a: Charizard|217\/315 par|[from] recoil|[of] p2a: Thundurus
|faint|p2a: Thundurus
|
|
|switch|p2a: Landorus|Landorus, M|319\/319
|turn|18
|
|move|p2a: Landorus|Earth Power|p1a: Charizard
|-supereffective|p1a: Charizard
|-damage|p1a: Charizard|0 fnt
|faint|p1a: Charizard
|
|
|switch|p1a: Azumarill|Azumarill, F|339\/381
|turn|19
|
|move|p2a: Landorus|Sludge Wave|p1a: Azumarill
|-supereffective|p1a: Azumarill
|-damage|p1a: Azumarill|0 fnt
|faint|p1a: Azumarill
|
|-message|Cienight forfeited.
|
|win|hateladdder
|raw|Ladder updating...
|leave|Cienight
|player|p1
|raw|Cienight's rating: 1527 &rarr; <strong>1504<\/strong><br \/>(-23 for losing)
|raw|hateladdder's rating: 1489 &rarr; <strong>1511<\/strong><br \/>(+22 for winning)
|c|âhateladdder|gg