|join|Cienight
|join|Little Simz
|player|p1|Cienight|84
|player|p2|Little Simz|1
|gametype|singles
|gen|6
|tier|OU (suspect test)
|rated
|clearpoke
|poke|p1|Azumarill, F
|poke|p1|Ferrothorn, F
|poke|p1|Landorus-Therian, M, shiny
|poke|p1|Latias, F
|poke|p1|Charizard, M
|poke|p1|Mew
|poke|p2|Metagross
|poke|p2|Landorus-Therian, M
|poke|p2|Latios, M
|poke|p2|Keldeo
|poke|p2|Talonflame, M
|poke|p2|Garchomp, M
|rule|Swagger Clause: Swagger is banned
|rule|Baton Pass Clause: Limit one PokÃ©mon knowing Baton Pass
|rule|Sleep Clause Mod: Limit one foe put to sleep
|rule|Species Clause: Limit one of each PokÃ©mon
|rule|OHKO Clause: OHKO moves are banned
|rule|Moody Clause: Moody is banned
|rule|Evasion Moves Clause: Evasion moves are banned
|rule|Endless Battle Clause: Forcing endless battles is banned
|rule|HP Percentage Mod: HP is shown in percentages
|teampreview
|join|TheEnder
|join|Tintorera
|
|start
|switch|p1a: Azumarill|Azumarill, F|381\/381
|switch|p2a: Latios|Latios, M|299\/299
|turn|1
|
|move|p2a: Latios|Psychic|p1a: Azumarill
|-damage|p1a: Azumarill|131\/381
|-damage|p2a: Latios|270\/299|[from] item: Life Orb
|move|p1a: Azumarill|Play Rough|p2a: Latios
|-supereffective|p2a: Latios
|-damage|p2a: Latios|0 fnt
|faint|p2a: Latios
|
|join|IAmGingy
|
|switch|p2a: Metagross|Metagross|301\/301
|turn|2
|
|switch|p1a: Ferrothorn|Ferrothorn, F|349\/349
|detailschange|p2a: Metagross|Metagross-Mega
|-mega|p2a: Metagross|Metagross|Metagrossite
|move|p2a: Metagross|Meteor Mash|p1a: Ferrothorn
|-crit|p1a: Ferrothorn
|-resisted|p1a: Ferrothorn
|-damage|p1a: Ferrothorn|234\/349
|-damage|p2a: Metagross|264\/301|[from] ability: Iron Barbs|[of] p1a: Ferrothorn
|
|-heal|p1a: Ferrothorn|255\/349|[from] item: Leftovers
|turn|3
|
|switch|p2a: Keldeo|Keldeo|323\/323
|move|p1a: Ferrothorn|Stealth Rock|p2a: Keldeo
|-sidestart|p2: Little Simz|move: Stealth Rock
|
|-heal|p1a: Ferrothorn|276\/349|[from] item: Leftovers
|turn|4
|c|âLittle Simz|wtf
|c|âLittle Simz|are you playin
|c|âLittle Simz|scrub
|c|âLittle Simz|really
|
|switch|p2a: Garchomp|Garchomp, M|357\/357
|-damage|p2a: Garchomp|335\/357|[from] Stealth Rock
|switch|p1a: Latias|Latias, F|301\/301
|
|turn|5
|c|âCienight|?
|
|switch|p2a: Metagross|Metagross-Mega|264\/301
|-damage|p2a: Metagross|246\/301|[from] Stealth Rock
|move|p1a: Latias|Draco Meteor|p2a: Metagross
|-resisted|p2a: Metagross
|-damage|p2a: Metagross|99\/301
|-unboost|p1a: Latias|spa|2
|-damage|p1a: Latias|271\/301|[from] item: Life Orb
|
|turn|6
|
|switch|p2a: Garchomp|Garchomp, M|335\/357
|-damage|p2a: Garchomp|313\/357|[from] Stealth Rock
|switch|p1a: Ferrothorn|Ferrothorn, F|276\/349
|
|-heal|p1a: Ferrothorn|297\/349|[from] item: Leftovers
|turn|7
|
|move|p2a: Garchomp|Stealth Rock|p1a: Ferrothorn
|-sidestart|p1: Cienight|move: Stealth Rock
|move|p1a: Ferrothorn|Leech Seed|p2a: Garchomp
|-start|p2a: Garchomp|move: Leech Seed
|
|-heal|p1a: Ferrothorn|318\/349|[from] item: Leftovers
|-damage|p2a: Garchomp|269\/357|[from] Leech Seed|[of] p1a: Ferrothorn
|-heal|p1a: Ferrothorn|349\/349|[silent]
|turn|8
|
|switch|p2a: Keldeo|Keldeo|323\/323
|-damage|p2a: Keldeo|303\/323|[from] Stealth Rock
|move|p1a: Ferrothorn|Gyro Ball|p2a: Keldeo
|-resisted|p2a: Keldeo
|-damage|p2a: Keldeo|210\/323
|
|turn|9
|join|XperimentTeams
|
|switch|p1a: Latias|Latias, F|271\/301
|-damage|p1a: Latias|234\/301|[from] Stealth Rock
|move|p2a: Keldeo|Scald|p1a: Latias
|-resisted|p1a: Latias
|-damage|p1a: Latias|177\/301
|
|turn|10
|
|switch|p2a: Metagross|Metagross-Mega|99\/301
|-damage|p2a: Metagross|81\/301|[from] Stealth Rock
|move|p1a: Latias|Defog|p2a: Metagross
|-unboost|p2a: Metagross|evasion|1
|-sideend|p2: Little Simz|Stealth Rock|[from] move: Defog|[of] p2a: Metagross
|-sideend|p1: Cienight|Stealth Rock|[from] move: Defog|[of] p1a: Latias
|
|turn|11
|
|switch|p1a: Ferrothorn|Ferrothorn, F|349\/349
|move|p2a: Metagross|Meteor Mash|p1a: Ferrothorn
|-resisted|p1a: Ferrothorn
|-damage|p1a: Ferrothorn|269\/349
|-damage|p2a: Metagross|44\/301|[from] ability: Iron Barbs|[of] p1a: Ferrothorn
|
|-heal|p1a: Ferrothorn|290\/349|[from] item: Leftovers
|turn|12
|
|move|p2a: Metagross|Hammer Arm|p1a: Ferrothorn
|-supereffective|p1a: Ferrothorn
|-damage|p1a: Ferrothorn|72\/349
|-damage|p2a: Metagross|7\/301|[from] ability: Iron Barbs|[of] p1a: Ferrothorn
|-unboost|p2a: Metagross|spe|1
|move|p1a: Ferrothorn|Stealth Rock|p2a: Metagross
|-sidestart|p2: Little Simz|move: Stealth Rock
|
|-heal|p1a: Ferrothorn|93\/349|[from] item: Leftovers
|turn|13
|
|move|p2a: Metagross|Meteor Mash|p1a: Ferrothorn
|-crit|p1a: Ferrothorn
|-resisted|p1a: Ferrothorn
|-damage|p1a: Ferrothorn|0 fnt
|-damage|p2a: Metagross|0 fnt|[from] ability: Iron Barbs|[of] p1a: Ferrothorn
|faint|p2a: Metagross
|faint|p1a: Ferrothorn
|
|
|switch|p2a: Keldeo|Keldeo|210\/323
|switch|p1a: Landorus-Therian|Landorus-Therian, M, shiny|325\/325
|-damage|p2a: Keldeo|190\/323|[from] Stealth Rock
|-ability|p1a: Landorus-Therian|Intimidate|[of] p2a: Keldeo
|-unboost|p2a: Keldeo|atk|1
|turn|14
|
|switch|p1a: Latias|Latias, F|177\/301
|move|p2a: Keldeo|Scald|p1a: Latias
|-resisted|p1a: Latias
|-damage|p1a: Latias|123\/301
|
|turn|15
|
|move|p2a: Keldeo|Scald|p1a: Latias
|-crit|p1a: Latias
|-resisted|p1a: Latias
|-damage|p1a: Latias|30\/301
|move|p1a: Latias|Draco Meteor|p2a: Keldeo
|-damage|p2a: Keldeo|0 fnt
|-unboost|p1a: Latias|spa|2
|-damage|p1a: Latias|0 fnt|[from] item: Life Orb
|faint|p2a: Keldeo
|faint|p1a: Latias
|
|
|switch|p2a: Garchomp|Garchomp, M|269\/357
|switch|p1a: Charizard|Charizard, M|315\/315
|-damage|p2a: Garchomp|247\/357|[from] Stealth Rock
|turn|16
|
|move|p2a: Garchomp|Stealth Rock|p1a: Charizard
|-sidestart|p1: Cienight|move: Stealth Rock
|move|p1a: Charizard|Dragon Dance|p1a: Charizard
|-boost|p1a: Charizard|atk|1
|-boost|p1a: Charizard|spe|1
|
|turn|17
|
|detailschange|p1a: Charizard|Charizard-Mega-X, M
|-mega|p1a: Charizard|Charizard|Charizardite X
|move|p1a: Charizard|Dragon Claw|p2a: Garchomp
|-supereffective|p2a: Garchomp
|-damage|p2a: Garchomp|0 fnt
|-damage|p1a: Charizard|276\/315|[from] ability: Rough Skin|[of] p2a: Garchomp
|faint|p2a: Garchomp
|
|
|switch|p2a: Landorus-Therian|Landorus-Therian, M|333\/333
|-damage|p2a: Landorus-Therian|292\/333|[from] Stealth Rock
|-ability|p2a: Landorus-Therian|Intimidate|[of] p1a: Charizard
|-unboost|p1a: Charizard|atk|1
|turn|18
|
|move|p1a: Charizard|Flare Blitz|p2a: Landorus-Therian
|-damage|p2a: Landorus-Therian|0 fnt
|-damage|p1a: Charizard|180\/315|[from] recoil|[of] p2a: Landorus-Therian
|faint|p2a: Landorus-Therian
|
|
|switch|p2a: Talonflame|Talonflame, M|313\/313
|-damage|p2a: Talonflame|157\/313|[from] Stealth Rock
|turn|19
|
|move|p2a: Talonflame|Brave Bird|p1a: Charizard
|-damage|p1a: Charizard|42\/315
|-damage|p2a: Talonflame|111\/313|[from] recoil|[of] p1a: Charizard
|move|p1a: Charizard|Dragon Claw|p2a: Talonflame
|-damage|p2a: Talonflame|0 fnt
|faint|p2a: Talonflame
|
|win|Cienight
|raw|Ladder updating...
|raw|Cienight's rating: 1517 &rarr; <strong>1534<\/strong><br \/>(+17 for winning)
|raw|Little Simz's rating: 1450 &rarr; <strong>1433<\/strong><br \/>(-17 for losing)
|c|âLittle Simz|poopyhead
|leave|Little Simz
|leave|Cienight