|join|Cienight
|join|TFL
|player|p1|Cienight|84
|player|p2|TFL|263
|gametype|singles
|gen|6
|tier|OU (suspect test)
|clearpoke
|poke|p1|Azumarill, F
|poke|p1|Ferrothorn, M
|poke|p1|Landorus-Therian, M, shiny
|poke|p1|Latias, F
|poke|p1|Charizard, M
|poke|p1|Mew
|poke|p2|Jirachi
|poke|p2|Rotom-Wash
|poke|p2|Latias, F
|poke|p2|Heatran, F
|poke|p2|Pidgeot, M
|poke|p2|Dugtrio, M
|rule|Swagger Clause: Swagger is banned
|rule|Baton Pass Clause: Limit one PokÃ©mon knowing Baton Pass
|rule|Sleep Clause Mod: Limit one foe put to sleep
|rule|Species Clause: Limit one of each PokÃ©mon
|rule|OHKO Clause: OHKO moves are banned
|rule|Moody Clause: Moody is banned
|rule|Evasion Moves Clause: Evasion moves are banned
|rule|Endless Battle Clause: Forcing endless battles is banned
|rule|HP Percentage Mod: HP is shown in percentages
|teampreview
|c|âTFL|herrooo
|c|âCienight|hola
|
|start
|switch|p1a: Landorus-Therian|Landorus-Therian, M, shiny|325\/325
|switch|p2a: Heatran|Heatran, F|324\/324
|-ability|p1a: Landorus-Therian|Intimidate|[of] p2a: Heatran
|-unboost|p2a: Heatran|atk|1
|turn|1
|join|s5d
|
|move|p1a: Landorus-Therian|U-turn|p2a: Heatran
|-resisted|p2a: Heatran
|-damage|p2a: Heatran|301\/324
|
|switch|p1a: Azumarill|Azumarill, F|381\/381
|move|p2a: Heatran|Magma Storm|p1a: Azumarill
|-resisted|p1a: Azumarill
|-damage|p1a: Azumarill|267\/381
|-activate|p1a: Azumarill|move: Magma Storm|[of] p2a: Heatran
|
|-damage|p1a: Azumarill|220\/381|[from] move: Magma Storm|[partiallytrapped]
|turn|2
|
|move|p2a: Heatran|Solar Beam|p1a: Azumarill|[still]
|-prepare|p2a: Heatran|Solar Beam|p1a: Azumarill
|-enditem|p2a: Heatran|Power Herb
|-anim|p2a: Heatran|Solar Beam|p1a: Azumarill
|-supereffective|p1a: Azumarill
|-damage|p1a: Azumarill|0 fnt
|faint|p1a: Azumarill
|
|c|âCienight|what is
|c|âCienight|life
|
|switch|p1a: Landorus-Therian|Landorus-Therian, M, shiny|325\/325
|-ability|p1a: Landorus-Therian|Intimidate|[of] p2a: Heatran
|-unboost|p2a: Heatran|atk|1
|turn|3
|c|âTFL|k killed the threat
|c|âCienight|y you did
|
|move|p1a: Landorus-Therian|U-turn|p2a: Heatran
|-resisted|p2a: Heatran
|-damage|p2a: Heatran|278\/324
|c|âTFL|plz
|
|switch|p1a: Charizard|Charizard, M|315\/315
|move|p2a: Heatran|Magma Storm|p1a: Charizard
|-resisted|p1a: Charizard
|-damage|p1a: Charizard|210\/315
|-activate|p1a: Charizard|move: Magma Storm|[of] p2a: Heatran
|
|-damage|p1a: Charizard|171\/315|[from] move: Magma Storm|[partiallytrapped]
|turn|4
|c|âCienight|I'm gonna
|c|âCienight|beat
|c|âCienight|your ass
|c|âCienight|also why does this thing do
|c|âCienight|so fking much
|c|âCienight|hello
|c|âTFL|base 100 with extra 6%
|c|âTFL|and modest max
|c|âCienight|aka
|c|âCienight|fgt
|
|switch|p2a: Dugtrio|Dugtrio, M|212\/212
|detailschange|p1a: Charizard|Charizard-Mega-X, M
|-mega|p1a: Charizard|Charizard|Charizardite X
|move|p1a: Charizard|Roost|p1a: Charizard
|-heal|p1a: Charizard|315\/315
|
|-end|p1a: Charizard|Magma Storm|[partiallytrapped]
|turn|5
|c|âTFL|ahh the counter
|
|move|p2a: Dugtrio|Earthquake|p1a: Charizard
|-supereffective|p1a: Charizard
|-damage|p1a: Charizard|67\/315
|move|p1a: Charizard|Dragon Claw|p2a: Dugtrio
|-enditem|p2a: Dugtrio|Focus Sash
|-damage|p2a: Dugtrio|1\/212
|
|turn|6
|c|âCienight|is that dmg
|c|âCienight|to u
|c|âTFL|y
|
|move|p2a: Dugtrio|Earthquake|p1a: Charizard
|-supereffective|p1a: Charizard
|-damage|p1a: Charizard|0 fnt
|faint|p1a: Charizard
|
|c|âCienight|what if I told u
|c|âCienight|I can still win
|
|switch|p1a: Landorus-Therian|Landorus-Therian, M, shiny|325\/325
|-ability|p1a: Landorus-Therian|Intimidate|[of] p2a: Dugtrio
|-unboost|p2a: Dugtrio|atk|1
|turn|7
|c|âCienight|?
|c|âCienight|?
|c|âCienight|?
|c|âTFL|i dunbelieb it
|
|move|p1a: Landorus-Therian|U-turn|p2a: Dugtrio
|-damage|p2a: Dugtrio|0 fnt
|faint|p2a: Dugtrio
|c|âCienight|I'm clicking smack down
|c|âTFL|n ._.
|
|switch|p1a: Latias|Latias, F|301\/301
|
|c|âCienight|or surf
|c|âCienight|with latias
|c|âCienight|up to you
|
|switch|p2a: Jirachi|Jirachi|342\/342
|turn|8
|c|âTFL|dont worry. the counter is here
|join|yuruuu
|c|âCienight|nice counter team
|c|âCienight|fgt
|c|âTFL|ima uturn here
|
|switch|p1a: Ferrothorn|Ferrothorn, M|349\/349
|move|p2a: Jirachi|U-turn|p1a: Ferrothorn
|-damage|p1a: Ferrothorn|301\/349
|-damage|p2a: Jirachi|300\/342|[from] ability: Iron Barbs|[of] p1a: Ferrothorn
|c|âCienight|predicted
|c|âCienight|fuck
|
|switch|p2a: Pidgeot|Pidgeot, M|307\/307
|
|-heal|p1a: Ferrothorn|322\/349|[from] item: Leftovers
|turn|9
|c|âCienight|I predict
|c|âCienight|your miss
|c|âCienight|here
|c|âTFL|i almost twaved there
|c|âTFL|phew
|
|switch|p1a: Mew|Mew|403\/403
|detailschange|p2a: Pidgeot|Pidgeot-Mega, M
|-mega|p2a: Pidgeot|Pidgeot|Pidgeotite
|move|p2a: Pidgeot|Heat Wave|p1a: Mew
|-damage|p1a: Mew|306\/403
|
|-heal|p1a: Mew|331\/403|[from] item: Leftovers
|turn|10
|
|move|p2a: Pidgeot|Hurricane|p1a: Mew
|-damage|p1a: Mew|162\/403
|move|p1a: Mew|Roost|p1a: Mew
|-heal|p1a: Mew|364\/403
|
|-heal|p1a: Mew|389\/403|[from] item: Leftovers
|turn|11
|join|BHARATHTHEBEST
|c|âCienight|zzz
|c|âCienight|all I had to do was
|c|âCienight|eq tran
|c|âCienight|and win with mew
|c|âCienight|zzz
|c|âTFL|:)
|
|move|p2a: Pidgeot|Hurricane|p1a: Mew
|-damage|p1a: Mew|232\/403
|-start|p1a: Mew|confusion
|-activate|p1a: Mew|confusion
|move|p1a: Mew|Knock Off|p2a: Pidgeot
|-damage|p2a: Pidgeot|249\/307
|
|-heal|p1a: Mew|257\/403|[from] item: Leftovers
|turn|12
|c|âCienight|ZZZZZ
|c|âCienight|wow
|c|âCienight|fishing for hax
|
|move|p2a: Pidgeot|Hurricane|p1a: Mew
|-damage|p1a: Mew|89\/403
|-end|p1a: Mew|confusion
|move|p1a: Mew|Roost|p1a: Mew
|-heal|p1a: Mew|291\/403
|
|-heal|p1a: Mew|316\/403|[from] item: Leftovers
|turn|13
|c|âTFL|give me more confusion plz
|
|move|p2a: Pidgeot|Hurricane|p1a: Mew
|-damage|p1a: Mew|163\/403
|move|p1a: Mew|Roost|p1a: Mew
|-heal|p1a: Mew|365\/403
|
|-heal|p1a: Mew|390\/403|[from] item: Leftovers
|turn|14
|
|move|p2a: Pidgeot|U-turn|p1a: Mew
|-supereffective|p1a: Mew
|-damage|p1a: Mew|310\/403
|c|âCienight|if you go
|c|âCienight|tran
|c|âCienight|I swear
|c|âTFL|:))))
|
|switch|p2a: Heatran|Heatran, F|278\/324
|move|p1a: Mew|Will-O-Wisp|p2a: Heatran
|-start|p2a: Heatran|ability: Flash Fire
|
|-heal|p1a: Mew|335\/403|[from] item: Leftovers
|turn|15
|c|âCienight|I SWEAR
|c|âCienight|DONT
|c|âCienight|CMON
|c|âCienight|DONT
|c|âCienight|U WHORE
|c|âTFL|PREDICTED
|c|âCienight|I HATE U
|
|switch|p1a: Landorus-Therian|Landorus-Therian, M, shiny|325\/325
|-ability|p1a: Landorus-Therian|Intimidate|[of] p2a: Heatran
|-unboost|p2a: Heatran|atk|1
|move|p2a: Heatran|Magma Storm|p1a: Landorus-Therian
|-damage|p1a: Landorus-Therian|0 fnt
|faint|p1a: Landorus-Therian
|
|c|âCienight|NO WAIT
|c|âCienight|THIS WAs
|c|âCienight|A MISSCLICK
|c|âCienight|FUCK
|c|âTFL|lolol
|leave|Cienight
|player|p1
|leave|BHARATHTHEBEST
|join|Croven
|join|IAmGingy
|c| IAmGingy|HAHAHA
|leave|Croven
|c| IAmGingy|rv me
|c| IAmGingy|i can win
|c|âTFL|watch the first few turns
IAmGingy was promoted to Room Voice by TFL.
|join|ApplepieFTW
|player|p1|IAmGingy|52
|c|âIAmGingy|i can this
|
|switch|p1a: Mew|Mew|335\/403
|turn|16
|c|âIAmGingy|HELLO?
|c|âTFL|hi
|c|âIAmGingy|nice lag,,,
|
|switch|p1a: Latias|Latias, F|301\/301
|move|p2a: Heatran|Magma Storm|p1a: Latias
|-resisted|p1a: Latias
|-damage|p1a: Latias|190\/301
|-activate|p1a: Latias|move: Magma Storm|[of] p2a: Heatran
|
|-damage|p1a: Latias|153\/301|[from] move: Magma Storm|[partiallytrapped]
|turn|17
|c|âIAmGingy|ur so luckE
|c|âIAmGingy|jaja
|c|âTFL|4 for 4
|c|âTFL|notbad
|
|switch|p2a: Jirachi|Jirachi|300\/342
|move|p1a: Latias|Thunderbolt|p2a: Jirachi
|-damage|p2a: Jirachi|169\/342
|-damage|p1a: Latias|123\/301|[from] item: Life Orb
|
|-end|p1a: Latias|Magma Storm|[partiallytrapped]
|turn|18
|c|âIAmGingy|oh u actually tokk
|c|âIAmGingy|my scarf rachi suggestion
|c|âIAmGingy|w\/ the core
|c|âIAmGingy|nice
|c|âTFL|y
|
|switch|p1a: Ferrothorn|Ferrothorn, M|322\/349
|move|p2a: Jirachi|U-turn|p1a: Ferrothorn
|-damage|p1a: Ferrothorn|274\/349
|-damage|p2a: Jirachi|127\/342|[from] ability: Iron Barbs|[of] p1a: Ferrothorn
|c|âIAmGingy|has it been working well?
|
|switch|p2a: Pidgeot|Pidgeot-Mega, M|249\/307
|
|-heal|p1a: Ferrothorn|295\/349|[from] item: Leftovers
|turn|19
|c|âTFL|if i play well its good
|
|move|p2a: Pidgeot|Heat Wave|p1a: Ferrothorn
|-supereffective|p1a: Ferrothorn
|-damage|p1a: Ferrothorn|0 fnt
|faint|p1a: Ferrothorn
|
|c|âTFL|no one expects scarf twave rachi
|c|âIAmGingy|lol
|c|âIAmGingy|ur succh a mexican
|
|switch|p1a: Mew|Mew|335\/403
|turn|20
|c|âTFL|xD
|
|move|p2a: Pidgeot|Hurricane|p1a: Mew
|-crit|p1a: Mew
|-damage|p1a: Mew|67\/403
|-start|p1a: Mew|confusion
|-activate|p1a: Mew|confusion
|-damage|p1a: Mew|35\/403|[from] confusion
|
|-heal|p1a: Mew|60\/403|[from] item: Leftovers
|turn|21
|c|âTFL|NOT BAD
|c|âIAmGingy|jajaja
|
|move|p2a: Pidgeot|Hurricane|p1a: Mew
|-damage|p1a: Mew|0 fnt
|faint|p1a: Mew
|
|join|Appreciation
|
|switch|p1a: Latias|Latias, F|123\/301
|turn|22
|c|âTFL|GET 5-0ED BY PDGEIT
|c| Appreciation|GO GINGY
|join|CleanerThanRotom-W
|c|âTFL|CIEN
|c|âIAmGingy|trice this isnt my game
|leave|CleanerThanRotom-W
|c| Appreciation|u still got dis..
|c|âIAmGingy|:[
|c|âIAmGingy|its cienights
|c|âIAmGingy|so bad
|c| Appreciation|oh
|c| Appreciation|what
|c| Appreciation|lel
|
|move|p2a: Pidgeot|Hurricane|p1a: Latias
|-damage|p1a: Latias|0 fnt
|faint|p1a: Latias
|
|win|TFL
|c| Appreciation|bg
|c|âIAmGingy|WHERE WAS
|c|âIAmGingy|THE
|c|âIAmGingy|HYPERBEAM
|leave|Appreciation
|c|âIAmGingy|PIDGEOT
|c|âTFL|i has roost
|c|âIAmGingy|jajaja
|c|âTFL|i havent used it
|c|âTFL|yet
|c|âTFL|for some
|c|âTFL|reason
|c|âIAmGingy|ima watch the instant replay
|c|âIAmGingy|so i can see the hax
|c|âTFL|kayy
|join|Cienight
|c|âCienight|GINGY
|c|âCienight|DONT
|c|âCienight|GINGY
|c|âCienight|NO
|c|âCienight|GINGEEEEEEEEEEY
|leave|Cienight
|c|âIAmGingy|HAHAHAHA
|c|âIAmGingy|THAT GAME
|c|âIAmGingy|LOL
|c|âIAmGingy|LOLOOOOOOOOOOOOOOOOOL
|c|âIAmGingy|LOOOOOOOOOOOOOOOOOOOOOOOOOOL
|c|âTFL|:)))