|join|Cienight
|join|RawAvocado
|player|p1|Cienight|84
|player|p2|RawAvocado|2
|gametype|singles
|gen|6
|tier|OU (suspect test)
|rated
|clearpoke
|poke|p1|Azumarill, F
|poke|p1|Ferrothorn, M
|poke|p1|Landorus-Therian, M, shiny
|poke|p1|Latias, F
|poke|p1|Charizard, M
|poke|p1|Mew
|poke|p2|Sceptile, F
|poke|p2|Heatran, F
|poke|p2|Rotom-Wash
|poke|p2|Scizor, F
|poke|p2|Kyurem-Black
|poke|p2|Latios, M
|rule|Swagger Clause: Swagger is banned
|rule|Baton Pass Clause: Limit one PokÃ©mon knowing Baton Pass
|rule|Sleep Clause Mod: Limit one foe put to sleep
|rule|Species Clause: Limit one of each PokÃ©mon
|rule|OHKO Clause: OHKO moves are banned
|rule|Moody Clause: Moody is banned
|rule|Evasion Moves Clause: Evasion moves are banned
|rule|Endless Battle Clause: Forcing endless battles is banned
|rule|HP Percentage Mod: HP is shown in percentages
|teampreview
|
|start
|switch|p1a: Mew|Mew|403\/403
|switch|p2a: Latios|Latios, M|302\/302
|turn|1
|join|Srn
|
|switch|p1a: Azumarill|Azumarill, F|381\/381
|move|p2a: Latios|Draco Meteor|p1a: Azumarill
|-immune|p1a: Azumarill|[msg]
|
|turn|2
|
|switch|p2a: Rotom-Wash|Rotom-Wash|304\/304
|move|p1a: Azumarill|Superpower|p2a: Rotom-Wash
|-damage|p2a: Rotom-Wash|123\/304
|-unboost|p1a: Azumarill|atk|1
|-unboost|p1a: Azumarill|def|1
|
|-heal|p2a: Rotom-Wash|142\/304|[from] item: Leftovers
|turn|3
|join|Bulky Deoxys-A
|
|switch|p1a: Latias|Latias, F|301\/301
|move|p2a: Rotom-Wash|Pain Split|p1a: Latias
|-sethp|p1a: Latias|221\/301|p2a: Rotom-Wash|221\/304|[from] move: Pain Split
|
|-heal|p2a: Rotom-Wash|240\/304|[from] item: Leftovers
|turn|4
|
|switch|p2a: Heatran|Heatran, F|386\/386
|move|p1a: Latias|Thunderbolt|p2a: Heatran
|-damage|p2a: Heatran|300\/386
|-damage|p1a: Latias|191\/301|[from] item: Life Orb
|
|-heal|p2a: Heatran|324\/386|[from] item: Leftovers
|turn|5
|join|hgjfhgfgfj
|
|switch|p1a: Azumarill|Azumarill, F|381\/381
|move|p2a: Heatran|Stealth Rock|p1a: Azumarill
|-sidestart|p1: Cienight|move: Stealth Rock
|
|-heal|p2a: Heatran|348\/386|[from] item: Leftovers
|turn|6
|leave|Bulky Deoxys-A
|
|switch|p2a: Rotom-Wash|Rotom-Wash|240\/304
|move|p1a: Azumarill|Superpower|p2a: Rotom-Wash
|-damage|p2a: Rotom-Wash|59\/304
|-unboost|p1a: Azumarill|atk|1
|-unboost|p1a: Azumarill|def|1
|
|-heal|p2a: Rotom-Wash|78\/304|[from] item: Leftovers
|turn|7
|
|switch|p1a: Latias|Latias, F|191\/301
|-damage|p1a: Latias|154\/301|[from] Stealth Rock
|move|p2a: Rotom-Wash|Pain Split|p1a: Latias
|-sethp|p1a: Latias|116\/301|p2a: Rotom-Wash|116\/304|[from] move: Pain Split
|
|-heal|p2a: Rotom-Wash|135\/304|[from] item: Leftovers
|turn|8
|
|switch|p2a: Heatran|Heatran, F|348\/386
|move|p1a: Latias|Defog|p2a: Heatran
|-unboost|p2a: Heatran|evasion|1
|-sideend|p1: Cienight|Stealth Rock|[from] move: Defog|[of] p1a: Latias
|
|-heal|p2a: Heatran|372\/386|[from] item: Leftovers
|turn|9
|
|switch|p1a: Azumarill|Azumarill, F|381\/381
|move|p2a: Heatran|Toxic|p1a: Azumarill
|-status|p1a: Azumarill|tox
|
|-heal|p2a: Heatran|386\/386|[from] item: Leftovers
|-damage|p1a: Azumarill|358\/381 tox|[from] psn
|turn|10
|
|switch|p2a: Rotom-Wash|Rotom-Wash|135\/304
|move|p1a: Azumarill|Superpower|p2a: Rotom-Wash
|-damage|p2a: Rotom-Wash|0 fnt
|-unboost|p1a: Azumarill|atk|1
|-unboost|p1a: Azumarill|def|1
|faint|p2a: Rotom-Wash
|
|-damage|p1a: Azumarill|312\/381 tox|[from] psn
|
|switch|p2a: Sceptile|Sceptile, F|282\/282
|turn|11
|
|switch|p1a: Mew|Mew|403\/403
|detailschange|p2a: Sceptile|Sceptile-Mega, F
|-mega|p2a: Sceptile|Sceptile|Sceptilite
|move|p2a: Sceptile|Dragon Pulse|p1a: Mew
|-damage|p1a: Mew|241\/403
|
|-heal|p1a: Mew|266\/403|[from] item: Leftovers
|turn|12
|
|move|p2a: Sceptile|Dragon Pulse|p1a: Mew
|-damage|p1a: Mew|128\/403
|move|p1a: Mew|Roost|p1a: Mew
|-heal|p1a: Mew|330\/403
|
|-heal|p1a: Mew|355\/403|[from] item: Leftovers
|turn|13
|
|switch|p2a: Heatran|Heatran, F|386\/386
|move|p1a: Mew|Knock Off|p2a: Heatran
|-damage|p2a: Heatran|317\/386
|-enditem|p2a: Heatran|Leftovers|[from] move: Knock Off|[of] p1a: Mew
|
|-heal|p1a: Mew|380\/403|[from] item: Leftovers
|turn|14
|
|move|p1a: Mew|Taunt|p2a: Heatran
|-start|p2a: Heatran|move: Taunt
|cant|p2a: Heatran|move: Taunt|Toxic
|
|-heal|p1a: Mew|403\/403|[from] item: Leftovers
|turn|15
|
|switch|p1a: Azumarill|Azumarill, F|312\/381 tox
|move|p2a: Heatran|Lava Plume|p1a: Azumarill
|-resisted|p1a: Azumarill
|-damage|p1a: Azumarill|242\/381 tox
|
|-damage|p1a: Azumarill|219\/381 tox|[from] psn
|turn|16
|
|switch|p2a: Scizor|Scizor, F|343\/343
|move|p1a: Azumarill|Waterfall|p2a: Scizor
|-damage|p2a: Scizor|87\/343
|
|-damage|p1a: Azumarill|173\/381 tox|[from] psn
|turn|17
|
|switch|p1a: Landorus-Therian|Landorus-Therian, M, shiny|325\/325
|-ability|p1a: Landorus-Therian|Intimidate|[of] p2a: Scizor
|-unboost|p2a: Scizor|atk|1
|move|p2a: Scizor|U-turn|p1a: Landorus-Therian
|-resisted|p1a: Landorus-Therian
|-damage|p1a: Landorus-Therian|253\/325
|
|switch|p2a: Kyurem-Black|Kyurem-Black|391\/391
|-ability|p2a: Kyurem-Black|Teravolt
|
|turn|18
|
|switch|p1a: Mew|Mew|403\/403
|move|p2a: Kyurem-Black|Ice Beam|p1a: Mew
|-damage|p1a: Mew|289\/403
|
|-heal|p1a: Mew|314\/403|[from] item: Leftovers
|turn|19
|
|switch|p2a: Heatran|Heatran, F|317\/386
|move|p1a: Mew|Knock Off|p2a: Heatran
|-damage|p2a: Heatran|271\/386
|
|-heal|p1a: Mew|339\/403|[from] item: Leftovers
|turn|20
|
|move|p1a: Mew|Taunt|p2a: Heatran
|-start|p2a: Heatran|move: Taunt
|move|p2a: Heatran|Lava Plume|p1a: Mew
|-damage|p1a: Mew|249\/403
|-status|p1a: Mew|brn
|
|-heal|p1a: Mew|274\/403 brn|[from] item: Leftovers
|-damage|p1a: Mew|224\/403 brn|[from] brn
|turn|21
|
|switch|p1a: Latias|Latias, F|116\/301
|switch|p2a: Sceptile|Sceptile-Mega, F|282\/282
|
|turn|22
|
|switch|p1a: Ferrothorn|Ferrothorn, M|349\/349
|move|p2a: Sceptile|Dragon Pulse|p1a: Ferrothorn
|-resisted|p1a: Ferrothorn
|-damage|p1a: Ferrothorn|279\/349
|
|-heal|p1a: Ferrothorn|300\/349|[from] item: Leftovers
|turn|23
|
|switch|p2a: Heatran|Heatran, F|271\/386
|move|p1a: Ferrothorn|Stealth Rock|p2a: Heatran
|-sidestart|p2: RawAvocado|move: Stealth Rock
|
|-heal|p1a: Ferrothorn|321\/349|[from] item: Leftovers
|turn|24
|
|switch|p1a: Latias|Latias, F|116\/301
|move|p2a: Heatran|Stealth Rock|p1a: Latias
|-sidestart|p1: Cienight|move: Stealth Rock
|
|turn|25
|
|move|p1a: Latias|Healing Wish|p1a: Latias
|faint|p1a: Latias
|move|p2a: Heatran|Toxic|p1: Latias|[notarget]
|-notarget
|
|
|switch|p1a: Azumarill|Azumarill, F|173\/381 tox
|-heal|p1a: Azumarill|381\/381|[from] move: Healing Wish
|-damage|p1a: Azumarill|334\/381|[from] Stealth Rock
|turn|26
|
|switch|p2a: Scizor|Scizor, F|87\/343
|-damage|p2a: Scizor|45\/343|[from] Stealth Rock
|move|p1a: Azumarill|Waterfall|p2a: Scizor
|-damage|p2a: Scizor|0 fnt
|faint|p2a: Scizor
|
|
|switch|p2a: Sceptile|Sceptile-Mega, F|282\/282
|-damage|p2a: Sceptile|247\/282|[from] Stealth Rock
|turn|27
|
|switch|p1a: Ferrothorn|Ferrothorn, M|321\/349
|-damage|p1a: Ferrothorn|300\/349|[from] Stealth Rock
|move|p2a: Sceptile|Focus Blast|p1a: Ferrothorn
|-supereffective|p1a: Ferrothorn
|-damage|p1a: Ferrothorn|52\/349
|
|-heal|p1a: Ferrothorn|73\/349|[from] item: Leftovers
|turn|28
|
|move|p2a: Sceptile|Focus Blast|p1a: Ferrothorn|[miss]
|-miss|p2a: Sceptile|p1a: Ferrothorn
|move|p1a: Ferrothorn|Gyro Ball|p2a: Sceptile
|-damage|p2a: Sceptile|39\/282
|
|-heal|p1a: Ferrothorn|94\/349|[from] item: Leftovers
|turn|29
|
|move|p2a: Sceptile|Focus Blast|p1a: Ferrothorn
|-supereffective|p1a: Ferrothorn
|-damage|p1a: Ferrothorn|0 fnt
|faint|p1a: Ferrothorn
|
|
|switch|p1a: Landorus-Therian|Landorus-Therian, M, shiny|253\/325
|-damage|p1a: Landorus-Therian|213\/325|[from] Stealth Rock
|-ability|p1a: Landorus-Therian|Intimidate|[of] p2a: Sceptile
|-unboost|p2a: Sceptile|atk|1
|turn|30
|
|move|p2a: Sceptile|Protect|p2a: Sceptile
|-singleturn|p2a: Sceptile|Protect
|move|p1a: Landorus-Therian|U-turn|p2a: Sceptile
|-activate|p2a: Sceptile|Protect
|
|turn|31
|
|switch|p2a: Heatran|Heatran, F|271\/386
|-damage|p2a: Heatran|223\/386|[from] Stealth Rock
|move|p1a: Landorus-Therian|U-turn|p2a: Heatran
|-resisted|p2a: Heatran
|-damage|p2a: Heatran|201\/386
|
|switch|p1a: Azumarill|Azumarill, F|334\/381
|-damage|p1a: Azumarill|287\/381|[from] Stealth Rock
|
|turn|32
|
|move|p2a: Heatran|Lava Plume|p1a: Azumarill
|-crit|p1a: Azumarill
|-resisted|p1a: Azumarill
|-damage|p1a: Azumarill|182\/381
|move|p1a: Azumarill|Waterfall|p2a: Heatran
|-supereffective|p2a: Heatran
|-damage|p2a: Heatran|0 fnt
|faint|p2a: Heatran
|
|
|switch|p2a: Sceptile|Sceptile-Mega, F|39\/282
|-damage|p2a: Sceptile|4\/282|[from] Stealth Rock
|turn|33
|
|switch|p1a: Charizard|Charizard, M|315\/315
|-damage|p1a: Charizard|158\/315|[from] Stealth Rock
|move|p2a: Sceptile|Leaf Storm|p1a: Charizard
|-resisted|p1a: Charizard
|-damage|p1a: Charizard|83\/315
|-unboost|p2a: Sceptile|spa|2
|
|turn|34
|
|move|p2a: Sceptile|Dragon Pulse|p1a: Charizard
|-damage|p1a: Charizard|0 fnt
|faint|p1a: Charizard
|
|
|switch|p1a: Landorus-Therian|Landorus-Therian, M, shiny|213\/325
|-damage|p1a: Landorus-Therian|173\/325|[from] Stealth Rock
|-ability|p1a: Landorus-Therian|Intimidate|[of] p2a: Sceptile
|-unboost|p2a: Sceptile|atk|1
|turn|35
|
|move|p1a: Landorus-Therian|U-turn|p2a: Sceptile
|-supereffective|p2a: Sceptile
|-damage|p2a: Sceptile|0 fnt
|faint|p2a: Sceptile
|
|switch|p1a: Azumarill|Azumarill, F|182\/381
|-damage|p1a: Azumarill|135\/381|[from] Stealth Rock
|
|
|switch|p2a: Latios|Latios, M|302\/302
|-damage|p2a: Latios|265\/302|[from] Stealth Rock
|turn|36
|
|move|p1a: Azumarill|Aqua Jet|p2a: Latios
|-crit|p2a: Latios
|-resisted|p2a: Latios
|-damage|p2a: Latios|154\/302
|move|p2a: Latios|Psyshock|p1a: Azumarill
|-damage|p1a: Azumarill|0 fnt
|-damage|p2a: Latios|124\/302|[from] item: Life Orb
|faint|p1a: Azumarill
|
|
|switch|p1a: Landorus-Therian|Landorus-Therian, M, shiny|173\/325
|-damage|p1a: Landorus-Therian|133\/325|[from] Stealth Rock
|-ability|p1a: Landorus-Therian|Intimidate|[of] p2a: Latios
|-unboost|p2a: Latios|atk|1
|turn|37
|
|move|p1a: Landorus-Therian|U-turn|p2a: Latios
|-supereffective|p2a: Latios
|-damage|p2a: Latios|0 fnt
|faint|p2a: Latios
|
|switch|p1a: Mew|Mew|224\/403 brn
|-damage|p1a: Mew|174\/403 brn|[from] Stealth Rock
|
|-heal|p1a: Mew|199\/403 brn|[from] item: Leftovers
|-damage|p1a: Mew|149\/403 brn|[from] brn
|
|switch|p2a: Kyurem-Black|Kyurem-Black|391\/391
|-damage|p2a: Kyurem-Black|294\/391|[from] Stealth Rock
|-ability|p2a: Kyurem-Black|Teravolt
|turn|38
|
|move|p2a: Kyurem-Black|Outrage|p1a: Mew
|-damage|p1a: Mew|0 fnt
|faint|p1a: Mew
|
|
|switch|p1a: Landorus-Therian|Landorus-Therian, M, shiny|133\/325
|-damage|p1a: Landorus-Therian|93\/325|[from] Stealth Rock
|-ability|p1a: Landorus-Therian|Intimidate|[of] p2a: Kyurem-Black
|-unboost|p2a: Kyurem-Black|atk|1
|turn|39
|
|move|p2a: Kyurem-Black|Outrage|p1a: Landorus-Therian
|-damage|p1a: Landorus-Therian|0 fnt
|faint|p1a: Landorus-Therian
|
|win|RawAvocado
|raw|Ladder updating...
|c|âRawAvocado|gg
|raw|Cienight's rating: 1537 &rarr; <strong>1511<\/strong><br \/>(-26 for losing)
|raw|RawAvocado's rating: 1424 &rarr; <strong>1451<\/strong><br \/>(+27 for winning)
|c|âCienight|nope
|c|âCienight|I choked
|leave|Cienight
|player|p1