|join|benito camelo
|join|BigSpore's Alt
|player|p1|benito camelo|209
|player|p2|BigSpore's Alt|93
|gametype|singles
|gen|1
|tier|[Gen 1] OU (beta)
|rule|Freeze Clause: Limit one foe frozen
|rule|Sleep Clause Mod: Limit one foe put to sleep
|rule|Species Clause: Limit one of each PokÃ©mon
|rule|OHKO Clause: OHKO moves are banned
|rule|Evasion Moves Clause: Evasion moves are banned
|rule|HP Percentage Mod: HP is shown in percentages
|
|start
|switch|p1a: psycosex|Alakazam|313\/313
|switch|p2a: Grape|Pinsir|333\/333
|turn|1
|
|switch|p2a: Blowsro|Slowbro|393\/393
|move|p1a: psycosex|Psychic|p2a: Blowsro
|-crit|p2a: Blowsro
|-resisted|p2a: Blowsro
|-damage|p2a: Blowsro|239\/393
|
|turn|2
|
|switch|p1a: hello baby|Zapdos|383\/383
|move|p2a: Blowsro|Amnesia|p2a: Blowsro
|-boost|p2a: Blowsro|spd|2
|-boost|p2a: Blowsro|spa|2
|
|turn|3
|
|switch|p2a: Drug Dealer|Venusaur|363\/363
|move|p1a: hello baby|Thunderbolt|p2a: Drug Dealer
|-resisted|p2a: Drug Dealer
|-damage|p2a: Drug Dealer|297\/363
|-status|p2a: Drug Dealer|par
|
|turn|4
|
|move|p1a: hello baby|Drill Peck|p2a: Drug Dealer
|-supereffective|p2a: Drug Dealer
|-damage|p2a: Drug Dealer|88\/363 par
|move|p2a: Drug Dealer|Sleep Powder|p1a: hello baby
|-status|p1a: hello baby|slp
|
|turn|5
|c|âbenito camelo|nooo
|c|âBigSpore's Alt|mira esa hax
|
|switch|p1a: psycosex|Alakazam|313\/313
|move|p2a: Drug Dealer|Leech Seed|p1a: psycosex
|-start|p1a: psycosex|move: Leech Seed
|
|turn|6
|c|âBigSpore's Alt|EWE
|c|âBigSpore's Alt|NO CHUPABAN EL PRIMER TURNO
|c|âbenito camelo|JAJAJAJAJ
|c|âBigSpore's Alt|CON RAZÃN NO ERAN META
|c|âBigSpore's Alt|AHAHAHAHA
|c|âbenito camelo|DAT GEN
|
|switch|p2a: Blowsro|Slowbro|239\/393
|move|p1a: psycosex|Psychic|p2a: Blowsro
|-resisted|p2a: Blowsro
|-damage|p2a: Blowsro|168\/393
|-unboost|p2a: Blowsro|spd|1
|-unboost|p2a: Blowsro|spa|1
|-damage|p1a: psycosex|294\/313|[from] Leech Seed|[of] p2a: Blowsro
|-heal|p2a: Blowsro|187\/393|[silent]
|
|turn|7
|c|âbenito camelo|olo
|c|âbenito camelo|6
|c|âBigSpore's Alt|HAHAHA
|c|âbenito camelo|JAJAJAJA
|c|âbenito camelo|esta mas usseles
|c|âBigSpore's Alt|CURA MÃS UN PEDO
|c|âbenito camelo|AJAJAJAJ SIMOON
|
|move|p1a: psycosex|Seismic Toss|p2a: Blowsro
|-damage|p2a: Blowsro|87\/393
|-damage|p1a: psycosex|275\/313|[from] Leech Seed|[of] p2a: Blowsro
|-heal|p2a: Blowsro|106\/393|[silent]
|move|p2a: Blowsro|Thunder Wave|p1a: psycosex
|-status|p1a: psycosex|par
|
|turn|8
|c|âBigSpore's Alt|COME VERGA
|
|move|p2a: Blowsro|Rest|p2a: Blowsro
|-status|p2a: Blowsro|slp
|-heal|p2a: Blowsro|393\/393 slp|[silent]
|-status|p2a: Blowsro|slp|[from] move: Rest
|move|p1a: psycosex|Seismic Toss|p2a: Blowsro
|-damage|p2a: Blowsro|293\/393 slp
|-damage|p1a: psycosex|256\/313 par|[from] Leech Seed|[of] p2a: Blowsro
|-heal|p2a: Blowsro|312\/393 slp|[silent]
|
|turn|9
|
|switch|p1a: the rock pony|Rhydon|413\/413
|cant|p2a: Blowsro|slp
|
|turn|10
|
|move|p1a: the rock pony|Substitute|p1a: the rock pony
|-start|p1a: the rock pony|Substitute
|-damage|p1a: the rock pony|310\/413
|cant|p2a: Blowsro|slp
|-curestatus|p2a: Blowsro|slp
|
|turn|11
|c|âBigSpore's Alt|EWE
|c|âBigSpore's Alt|ME DESPIERTO Y NO ATACO
|c|âBigSpore's Alt|NO RECORDABA
|c|âBigSpore's Alt|AHAHAHAHA
|
|move|p1a: the rock pony|Earthquake|p2a: Blowsro
|-damage|p2a: Blowsro|183\/393
|move|p2a: Blowsro|Surf|p1a: the rock pony
|-supereffective|p1a: the rock pony
|-end|p1a: the rock pony|Substitute
|
|turn|12
|c|âbenito camelo|noob
|
|switch|p1a: toxic is for scrub|Chansey|703\/703
|move|p2a: Blowsro|Surf|p1a: toxic is for scrub
|-damage|p1a: toxic is for scrub|635\/703
|
|turn|13
|c|âbenito camelo|ewe
|c|âbenito camelo|no peudo
|c|âbenito camelo|pensar bien
|c|âbenito camelo|con el miedo
|c|âbenito camelo|al
|c|âbenito camelo|dragonite
|c|âbenito camelo|xD
|c|âBigSpore's Alt|ewe
|c|âBigSpore's Alt|estÃ¡ bien puerco
|
|move|p1a: toxic is for scrub|Seismic Toss|p2a: Blowsro
|-damage|p2a: Blowsro|83\/393
|move|p2a: Blowsro|Rest|p2a: Blowsro
|-status|p2a: Blowsro|slp
|-heal|p2a: Blowsro|393\/393 slp|[silent]
|-status|p2a: Blowsro|slp|[from] move: Rest
|
|turn|14
|
|switch|p2a: Grape|Pinsir|333\/333
|move|p1a: toxic is for scrub|Seismic Toss|p2a: Grape
|-damage|p2a: Grape|233\/333
|
|turn|15
|
|move|p2a: Grape|Swords Dance|p2a: Grape
|-boost|p2a: Grape|atk|2
|move|p1a: toxic is for scrub|Seismic Toss|p2a: Grape
|-damage|p2a: Grape|133\/333
|
|turn|16
|c|âBigSpore's Alt|YA BALISTE BERENJENA
|c|âBigSpore's Alt|AHAHAHA
|
|switch|p1a: the rock pony|Rhydon|310\/413
|move|p2a: Grape|Submission|p1a: the rock pony
|-crit|p1a: the rock pony
|-supereffective|p1a: the rock pony
|-damage|p1a: the rock pony|78\/413
|-damage|p2a: Grape|75\/333|[from] recoil|[of] p1a: the rock pony
|
|turn|17
|c|âBigSpore's Alt|COME VERGA
|c|âbenito camelo|nooo
|c|âBigSpore's Alt|RHYDON
|c|âbenito camelo|xD
|c|âBigSpore's Alt|AHAHAHAHA
|
|move|p2a: Grape|Submission|p1a: the rock pony
|-supereffective|p1a: the rock pony
|-damage|p1a: the rock pony|0 fnt
|-damage|p2a: Grape|55\/333|[from] recoil|[of] p1a: the rock pony
|faint|p1a: the rock pony
|c|âBigSpore's Alt|NO TE HIZO NADA
|
|switch|p1a: you are a scrub|Tauros|353\/353
|turn|18
|c|âBigSpore's Alt|QUE PUERCO EL RHYDON
|c|âBigSpore's Alt|HAHAHAHA
|
|move|p1a: you are a scrub|Body Slam|p2a: Grape
|-damage|p2a: Grape|0 fnt
|faint|p2a: Grape
|c|âBigSpore's Alt|EWE
|c|âBigSpore's Alt|TAUROS
|c|âBigSpore's Alt|DON CRITIQUIN
|c|âBigSpore's Alt|SAIS
|c|âBigSpore's Alt|SABES QUE SIGNIFICA ESTA KILL?
|
|switch|p2a: Dickwrap|Dragonite|385\/385
|turn|19
|
|move|p1a: you are a scrub|Blizzard|p2a: Dickwrap|[miss]
|-miss|p1a: you are a scrub
|move|p2a: Dickwrap|Agility|p2a: Dickwrap
|-boost|p2a: Dickwrap|spe|2
|
|turn|20
|c|âbenito camelo|NOOOOO
|c|âBigSpore's Alt|AHAHAHHA
|c|âbenito camelo|sajldnsaldslka
|c|âbenito camelo|porque
|c|âbenito camelo|XD
|c|âbenito camelo|d
|
|move|p2a: Dickwrap|Wrap|p1a: you are a scrub
|-damage|p1a: you are a scrub|336\/353
|-activate|p1a: you are a scrub|move: Wrap|[of] p2a: Dickwrap
|cant|p1a: you are a scrub|partiallytrapped
|
|turn|21
|c|âBigSpore's Alt|COMEME LOS EMCOS
|c|âBigSpore's Alt|AAAAAAAAAAAAAAAA
|
|switch|p1a: psycosex|Alakazam|256\/313 par
|move|p2a: Dickwrap|Wrap|p1a: psycosex
|-damage|p1a: psycosex|232\/313 par
|-activate|p1a: psycosex|move: Wrap|[of] p2a: Dickwrap
|
|turn|22
|
|move|p2a: Dickwrap|Wrap|p1a: psycosex
|-damage|p1a: psycosex|215\/313 par
|cant|p1a: psycosex|partiallytrapped
|
|turn|23
|
|move|p2a: Dickwrap|Wrap|p1a: psycosex
|-damage|p1a: psycosex|198\/313 par
|cant|p1a: psycosex|partiallytrapped
|
|turn|24
|
|move|p2a: Dickwrap|Wrap|p1a: psycosex
|-damage|p1a: psycosex|181\/313 par
|cant|p1a: psycosex|partiallytrapped
|
|-end|p1a: psycosex|Wrap|[partiallytrapped]
|turn|25
|c|âbenito camelo|como
|c|âbenito camelo|es que no es uber xD?
|
|move|p2a: Dickwrap|Wrap|p1a: psycosex
|-damage|p1a: psycosex|159\/313 par
|-activate|p1a: psycosex|move: Wrap|[of] p2a: Dickwrap
|cant|p1a: psycosex|par
|
|turn|26
|c|âBigSpore's Alt|ewe
|c|âBigSpore's Alt|la neta no sÃ© AHAHA
|
|move|p2a: Dickwrap|Wrap|p1a: psycosex
|-damage|p1a: psycosex|137\/313 par
|cant|p1a: psycosex|partiallytrapped
|
|turn|27
|c|âBigSpore's Alt|de seguro
|c|âBigSpore's Alt|porque si eras roca
|c|âBigSpore's Alt|si aguantabas creo
|c|âBigSpore's Alt|no sÃ©
|
|move|p2a: Dickwrap|Wrap|p1a: psycosex
|-damage|p1a: psycosex|115\/313 par
|cant|p1a: psycosex|par
|
|-end|p1a: psycosex|Wrap|[partiallytrapped]
|turn|28
|c|âbenito camelo|si
|c|âbenito camelo|te hubiera
|c|âbenito camelo|pegado
|c|âbenito camelo|blizzard
|c|âbenito camelo|tambien
|
|move|p2a: Dickwrap|Wrap|p1a: psycosex
|-damage|p1a: psycosex|90\/313 par
|-activate|p1a: psycosex|move: Wrap|[of] p2a: Dickwrap
|cant|p1a: psycosex|par
|
|turn|29
|c|âBigSpore's Alt|O porque no outspedeaba muchyas cosas
|c|âBigSpore's Alt|por eso ocupaba agility
|
|move|p2a: Dickwrap|Wrap|p1a: psycosex
|-damage|p1a: psycosex|65\/313 par
|cant|p1a: psycosex|partiallytrapped
|
|turn|30
|
|move|p2a: Dickwrap|Wrap|p1a: psycosex
|-damage|p1a: psycosex|40\/313 par
|cant|p1a: psycosex|partiallytrapped
|
|-end|p1a: psycosex|Wrap|[partiallytrapped]
|turn|31
|
|move|p2a: Dickwrap|Wrap|p1a: psycosex
|-damage|p1a: psycosex|17\/313 par
|-activate|p1a: psycosex|move: Wrap|[of] p2a: Dickwrap
|cant|p1a: psycosex|par
|
|turn|32
|c|âbenito camelo|que mentira
|c|âbenito camelo|ese bilard
|c|âbenito camelo|blizzard
|
|move|p2a: Dickwrap|Wrap|p1a: psycosex
|-damage|p1a: psycosex|0 fnt
|faint|p1a: psycosex
|c|âBigSpore's Alt|AHAHAHA
|c|âBigSpore's Alt|PINCHES
|
|switch|p1a: the monster of nes|Lapras|463\/463
|turn|33
|c|âBigSpore's Alt|ESIGMAS
|c|âBigSpore's Alt|AHAHAHAHA
|
|move|p2a: Dickwrap|Wrap|p1a: the monster of nes
|-damage|p1a: the monster of nes|446\/463
|-activate|p1a: the monster of nes|move: Wrap|[of] p2a: Dickwrap
|cant|p1a: the monster of nes|partiallytrapped
|
|turn|34
|c|âBigSpore's Alt|Te duele a a verga
|c|âBigSpore's Alt|cada wrap es un copo de nieve que fallÃ³ en ese turn
|
|move|p2a: Dickwrap|Wrap|p1a: the monster of nes
|-damage|p1a: the monster of nes|423\/463
|cant|p1a: the monster of nes|partiallytrapped
|
|-end|p1a: the monster of nes|Wrap|[partiallytrapped]
|turn|35
|c|âbenito camelo|ya se
|c|âbenito camelo|estoy llorando
|c|âbenito camelo|EWE
|c|âbenito camelo|cuantos pp
|c|âbenito camelo|tienes
|c|âbenito camelo|?
|
|move|p2a: Dickwrap|Wrap|p1a: the monster of nes
|-damage|p1a: the monster of nes|407\/463
|-activate|p1a: the monster of nes|move: Wrap|[of] p2a: Dickwrap
|cant|p1a: the monster of nes|partiallytrapped
|
|turn|36
|c|âBigSpore's Alt|tengo
|c|âBigSpore's Alt|25
|
|move|p2a: Dickwrap|Wrap|p1a: the monster of nes
|-damage|p1a: the monster of nes|391\/463
|cant|p1a: the monster of nes|partiallytrapped
|
|-end|p1a: the monster of nes|Wrap|[partiallytrapped]
|turn|37
|
|move|p2a: Dickwrap|Wrap|p1a: the monster of nes
|-crit|p1a: the monster of nes
|-damage|p1a: the monster of nes|359\/463
|-activate|p1a: the monster of nes|move: Wrap|[of] p2a: Dickwrap
|cant|p1a: the monster of nes|partiallytrapped
|
|turn|38
|c|âBigSpore's Alt|24
|
|move|p2a: Dickwrap|Wrap|p1a: the monster of nes
|-damage|p1a: the monster of nes|327\/463
|cant|p1a: the monster of nes|partiallytrapped
|
|turn|39
|
|move|p2a: Dickwrap|Wrap|p1a: the monster of nes
|-damage|p1a: the monster of nes|295\/463
|cant|p1a: the monster of nes|partiallytrapped
|
|-end|p1a: the monster of nes|Wrap|[partiallytrapped]
|turn|40
|
|move|p2a: Dickwrap|Wrap|p1a: the monster of nes
|-damage|p1a: the monster of nes|279\/463
|-activate|p1a: the monster of nes|move: Wrap|[of] p2a: Dickwrap
|cant|p1a: the monster of nes|partiallytrapped
|
|turn|41
|c|âBigSpore's Alt|23
|
|move|p2a: Dickwrap|Wrap|p1a: the monster of nes
|-damage|p1a: the monster of nes|263\/463
|cant|p1a: the monster of nes|partiallytrapped
|
|turn|42
|
|switch|p1a: hello baby|Zapdos|383\/383 slp
|move|p2a: Dickwrap|Wrap|p1a: hello baby
|-damage|p1a: hello baby|365\/383 slp
|-activate|p1a: hello baby|move: Wrap|[of] p2a: Dickwrap
|
|turn|43
|
|move|p2a: Dickwrap|Wrap|p1a: hello baby
|-damage|p1a: hello baby|349\/383 slp
|cant|p1a: hello baby|slp
|
|turn|44
|c|âBigSpore's Alt|ewe te puedes despertar
|c|âBigSpore's Alt|AHAHAHA
|
|move|p2a: Dickwrap|Wrap|p1a: hello baby
|-damage|p1a: hello baby|333\/383 slp
|cant|p1a: hello baby|slp
|
|-end|p1a: hello baby|Wrap|[partiallytrapped]
|turn|45
|c|âBigSpore's Alt|Ya sÃ© como
|c|âBigSpore's Alt|puedes counterear
|c|âBigSpore's Alt|wrap
|
|move|p2a: Dickwrap|Wrap|p1a: hello baby
|-damage|p1a: hello baby|315\/383 slp
|-activate|p1a: hello baby|move: Wrap|[of] p2a: Dickwrap
|cant|p1a: hello baby|slp
|
|turn|46
|c|âbenito camelo|yo igual
|
|move|p2a: Dickwrap|Wrap|p1a: hello baby
|-damage|p1a: hello baby|297\/383 slp
|cant|p1a: hello baby|slp
|
|turn|47
|
|move|p2a: Dickwrap|Wrap|p1a: hello baby
|-damage|p1a: hello baby|279\/383 slp
|cant|p1a: hello baby|slp
|
|turn|48
|c|âBigSpore's Alt|TODO HUEVÃN EL ZAPDOS AHAHA
|
|move|p2a: Dickwrap|Wrap|p1a: hello baby
|-damage|p1a: hello baby|261\/383 slp
|cant|p1a: hello baby|slp
|-curestatus|p1a: hello baby|slp
|
|turn|49
|c|âbenito camelo|ewe
|c|âbenito camelo|cuantos
|c|âbenito camelo|pp xd?
|
|move|p2a: Dickwrap|Wrap|p1a: hello baby
|-damage|p1a: hello baby|243\/383
|cant|p1a: hello baby|partiallytrapped
|
|-end|p1a: hello baby|Wrap|[partiallytrapped]
|turn|50
|c|âBigSpore's Alt|21
|
|move|p2a: Dickwrap|Wrap|p1a: hello baby
|-damage|p1a: hello baby|226\/383
|-activate|p1a: hello baby|move: Wrap|[of] p2a: Dickwrap
|cant|p1a: hello baby|partiallytrapped
|
|turn|51
|
|move|p2a: Dickwrap|Wrap|p1a: hello baby
|-damage|p1a: hello baby|209\/383
|cant|p1a: hello baby|partiallytrapped
|
|-end|p1a: hello baby|Wrap|[partiallytrapped]
|turn|52
|
|move|p2a: Dickwrap|Wrap|p1a: hello baby
|-damage|p1a: hello baby|191\/383
|-activate|p1a: hello baby|move: Wrap|[of] p2a: Dickwrap
|cant|p1a: hello baby|partiallytrapped
|
|turn|53
|c|âbenito camelo|y asi eran los torneso?
|
|move|p2a: Dickwrap|Wrap|p1a: hello baby
|-damage|p1a: hello baby|173\/383
|cant|p1a: hello baby|partiallytrapped
|
|turn|54
|c|âBigSpore's Alt|Supongo
|c|âBigSpore's Alt|AHAHAHA
|c|âBigSpore's Alt|Que hueva
|c|âBigSpore's Alt|Ah
|c|âBigSpore's Alt|klos fantasma
|c|âBigSpore's Alt|son inmunes al wrap
|c|âbenito camelo|ya se
|
|move|p2a: Dickwrap|Wrap|p1a: hello baby
|-damage|p1a: hello baby|155\/383
|cant|p1a: hello baby|partiallytrapped
|
|-end|p1a: hello baby|Wrap|[partiallytrapped]
|turn|55
|c|âBigSpore's Alt|Y PORQUE NO LLEVAS LLENGAR
|c|âbenito camelo|acabo
|c|âbenito camelo|de hacer un cambio
|c|âbenito camelo|meti a gengar
|c|âbenito camelo|te queria
|c|âbenito camelo|llegar
|c|âbenito camelo|por la espadla
|c|âbenito camelo|;$$$$
|
|move|p2a: Dickwrap|Wrap|p1a: hello baby
|-crit|p1a: hello baby
|-damage|p1a: hello baby|124\/383
|-activate|p1a: hello baby|move: Wrap|[of] p2a: Dickwrap
|cant|p1a: hello baby|partiallytrapped
|
|turn|56
|c|âBigSpore's Alt|AHAHAHA
|
|move|p2a: Dickwrap|Wrap|p1a: hello baby
|-damage|p1a: hello baby|93\/383
|cant|p1a: hello baby|partiallytrapped
|
|turn|57
|
|move|p2a: Dickwrap|Wrap|p1a: hello baby
|-damage|p1a: hello baby|62\/383
|cant|p1a: hello baby|partiallytrapped
|
|-end|p1a: hello baby|Wrap|[partiallytrapped]
|turn|58
|c|âBigSpore's Alt|sais
|c|âBigSpore's Alt|que mal pedo
|c|âBigSpore's Alt|pero asÃ­ te voy a ganr
|
|move|p2a: Dickwrap|Wrap|p1a: hello baby
|-damage|p1a: hello baby|46\/383
|-activate|p1a: hello baby|move: Wrap|[of] p2a: Dickwrap
|cant|p1a: hello baby|partiallytrapped
|
|turn|59
|c|âBigSpore's Alt|AHAHAHA
|
|move|p2a: Dickwrap|Wrap|p1a: hello baby
|-damage|p1a: hello baby|30\/383
|cant|p1a: hello baby|partiallytrapped
|
|turn|60
|
|move|p2a: Dickwrap|Wrap|p1a: hello baby
|-damage|p1a: hello baby|14\/383
|cant|p1a: hello baby|partiallytrapped
|
|-end|p1a: hello baby|Wrap|[partiallytrapped]
|turn|61
|c|âbenito camelo|juguemos primera gen decian
|c|âbenito camelo|sera divertido decian
|c|âbenito camelo|mucha accion
|
|move|p2a: Dickwrap|Wrap|p1a: hello baby
|-damage|p1a: hello baby|0 fnt
|faint|p1a: hello baby
|c|âbenito camelo|xD
|c|âBigSpore's Alt|AHAHAHA
|c|âBigSpore's Alt|"puro atacar"
|
|switch|p1a: toxic is for scrub|Chansey|635\/703
|turn|62
|
|move|p2a: Dickwrap|Wrap|p1a: toxic is for scrub
|-crit|p1a: toxic is for scrub
|-damage|p1a: toxic is for scrub|550\/703
|-activate|p1a: toxic is for scrub|move: Wrap|[of] p2a: Dickwrap
|cant|p1a: toxic is for scrub|partiallytrapped
|
|turn|63
|c|âBigSpore's Alt|EWE
|c|âbenito camelo|...
|c|âBigSpore's Alt|EL CRIT
|c|âBigSpore's Alt|CHANSEY = REKT
|
|move|p2a: Dickwrap|Wrap|p1a: toxic is for scrub
|-damage|p1a: toxic is for scrub|536\/703
|cant|p1a: toxic is for scrub|partiallytrapped
|
|turn|64
|
|move|p2a: Dickwrap|Wrap|p1a: toxic is for scrub
|-damage|p1a: toxic is for scrub|522\/703
|cant|p1a: toxic is for scrub|partiallytrapped
|
|-end|p1a: toxic is for scrub|Wrap|[partiallytrapped]
|turn|65
|c|âBigSpore's Alt|16 sais
|c|âBigSpore's Alt|ya mero
|c|âbenito camelo|y ya
|c|âbenito camelo|podre jugar?
|c|âBigSpore's Alt|AHAHAHAHAHA
|
|move|p2a: Dickwrap|Wrap|p1a: toxic is for scrub
|-damage|p1a: toxic is for scrub|484\/703
|-activate|p1a: toxic is for scrub|move: Wrap|[of] p2a: Dickwrap
|cant|p1a: toxic is for scrub|partiallytrapped
|
|turn|66
|
|move|p2a: Dickwrap|Wrap|p1a: toxic is for scrub
|-damage|p1a: toxic is for scrub|446\/703
|cant|p1a: toxic is for scrub|partiallytrapped
|
|-end|p1a: toxic is for scrub|Wrap|[partiallytrapped]
|turn|67
|
|move|p2a: Dickwrap|Wrap|p1a: toxic is for scrub
|-crit|p1a: toxic is for scrub
|-damage|p1a: toxic is for scrub|374\/703
|-activate|p1a: toxic is for scrub|move: Wrap|[of] p2a: Dickwrap
|cant|p1a: toxic is for scrub|partiallytrapped
|
|turn|68
|
|switch|p1a: the monster of nes|Lapras|263\/463
|move|p2a: Dickwrap|Wrap|p1a: the monster of nes
|-damage|p1a: the monster of nes|247\/463
|-activate|p1a: the monster of nes|move: Wrap|[of] p2a: Dickwrap
|
|turn|69
|c|âBigSpore's Alt|AH
|c|âBigSpore's Alt|CON QUE ESAS MAMADAS
|
|move|p2a: Dickwrap|Wrap|p1a: the monster of nes
|-damage|p1a: the monster of nes|175\/463
|cant|p1a: the monster of nes|partiallytrapped
|
|turn|70
|c|âBigSpore's Alt|WTF
|c|âbenito camelo|si cambio
|c|âbenito camelo|te obliga
|c|âbenito camelo|a tirar un pp?
|c|âBigSpore's Alt|SÃ­
|
|switch|p1a: toxic is for scrub|Chansey|374\/703
|move|p2a: Dickwrap|Wrap|p1a: toxic is for scrub
|-damage|p1a: toxic is for scrub|334\/703
|-activate|p1a: toxic is for scrub|move: Wrap|[of] p2a: Dickwrap
|
|turn|71
|c|âBigSpore's Alt|esa es la forma
|c|âBigSpore's Alt|que te decÃ­a
|
|switch|p1a: the monster of nes|Lapras|175\/463
|move|p2a: Dickwrap|Wrap|p1a: the monster of nes
|-damage|p1a: the monster of nes|159\/463
|-activate|p1a: the monster of nes|move: Wrap|[of] p2a: Dickwrap
|
|turn|72
|c|âBigSpore's Alt|Y no puedo dejar de ahcer wrap
|
|switch|p1a: toxic is for scrub|Chansey|334\/703
|move|p2a: Dickwrap|Wrap|p1a: toxic is for scrub
|-damage|p1a: toxic is for scrub|296\/703
|-activate|p1a: toxic is for scrub|move: Wrap|[of] p2a: Dickwrap
|
|turn|73
|
|switch|p1a: the monster of nes|Lapras|159\/463
|move|p2a: Dickwrap|Wrap|p1a: the monster of nes
|-damage|p1a: the monster of nes|143\/463
|-activate|p1a: the monster of nes|move: Wrap|[of] p2a: Dickwrap
|
|turn|74
|
|switch|p1a: toxic is for scrub|Chansey|296\/703
|move|p2a: Dickwrap|Wrap|p1a: toxic is for scrub
|-damage|p1a: toxic is for scrub|256\/703
|-activate|p1a: toxic is for scrub|move: Wrap|[of] p2a: Dickwrap
|
|turn|75
|
|switch|p1a: the monster of nes|Lapras|143\/463
|move|p2a: Dickwrap|Wrap|p1a: the monster of nes
|-crit|p1a: the monster of nes
|-damage|p1a: the monster of nes|111\/463
|-activate|p1a: the monster of nes|move: Wrap|[of] p2a: Dickwrap
|
|turn|76
|
|switch|p1a: toxic is for scrub|Chansey|256\/703
|move|p2a: Dickwrap|Wrap|p1a: toxic is for scrub
|-damage|p1a: toxic is for scrub|213\/703
|-activate|p1a: toxic is for scrub|move: Wrap|[of] p2a: Dickwrap
|
|turn|77
|c|âBigSpore's Alt|7
|
|switch|p1a: the monster of nes|Lapras|111\/463
|move|p2a: Dickwrap|Wrap|p1a: the monster of nes
|-damage|p1a: the monster of nes|92\/463
|-activate|p1a: the monster of nes|move: Wrap|[of] p2a: Dickwrap
|
|turn|78
|c|âBigSpore's Alt|6
|c|âBigSpore's Alt|5
|
|switch|p1a: toxic is for scrub|Chansey|213\/703
|move|p2a: Dickwrap|Wrap|p1a: toxic is for scrub
|-damage|p1a: toxic is for scrub|174\/703
|-activate|p1a: toxic is for scrub|move: Wrap|[of] p2a: Dickwrap
|
|turn|79
|
|switch|p1a: the monster of nes|Lapras|92\/463
|move|p2a: Dickwrap|Wrap|p1a: the monster of nes
|-damage|p1a: the monster of nes|76\/463
|-activate|p1a: the monster of nes|move: Wrap|[of] p2a: Dickwrap
|
|turn|80
|
|switch|p1a: toxic is for scrub|Chansey|174\/703
|move|p2a: Dickwrap|Wrap|p1a: toxic is for scrub
|-damage|p1a: toxic is for scrub|136\/703
|-activate|p1a: toxic is for scrub|move: Wrap|[of] p2a: Dickwrap
|
|turn|81
|c|âbenito camelo|reglame
|c|âbenito camelo|un icno
|c|âbenito camelo|de poro
|c|âbenito camelo|maricon
|
|switch|p1a: the monster of nes|Lapras|76\/463
|move|p2a: Dickwrap|Wrap|p1a: the monster of nes
|-damage|p1a: the monster of nes|60\/463
|-activate|p1a: the monster of nes|move: Wrap|[of] p2a: Dickwrap
|
|turn|82
|c|âbenito camelo|nomas
|c|âbenito camelo|sirve
|c|âBigSpore's Alt|N entro al lol
|c|âBigSpore's Alt|AHAHAH
|c|âbenito camelo|esta semana
|c|âbenito camelo|aprovecha
|
|switch|p1a: toxic is for scrub|Chansey|136\/703
|move|p2a: Dickwrap|Wrap|p1a: toxic is for scrub
|-crit|p1a: toxic is for scrub
|-damage|p1a: toxic is for scrub|56\/703
|-activate|p1a: toxic is for scrub|move: Wrap|[of] p2a: Dickwrap
|
|turn|83
|
|switch|p1a: the monster of nes|Lapras|60\/463
|move|p2a: Dickwrap|Wrap|p1a: the monster of nes
|-damage|p1a: the monster of nes|43\/463
|-activate|p1a: the monster of nes|move: Wrap|[of] p2a: Dickwrap
|
|turn|84
|c|âBigSpore's Alt|ewe
|c|âBigSpore's Alt|WRAP
|c|âBigSpore's Alt|CON PP 0
|c|âBigSpore's Alt|EWE
|c|âBigSpore's Alt|TENGO
|c|âBigSpore's Alt|63
|c|âBigSpore's Alt|P DE WRAP
|c|âBigSpore's Alt|QUE
|c|âBigSpore's Alt|AHHAHAHA
|c|âbenito camelo|como?
|c|âBigSpore's Alt|lleguÃ© a 0
|c|âBigSpore's Alt|Lo volvÃ­ a usar
|c|âBigSpore's Alt|y ahroa tengo 63
|c|âBigSpore's Alt|AHAHAHA
|c|âBigSpore's Alt|http:\/\/prntscr.com\/5i40np
|
|move|p2a: Dickwrap|Wrap|p1a: the monster of nes
|-damage|p1a: the monster of nes|0 fnt
|faint|p1a: the monster of nes
|c|âBigSpore's Alt|SI PUEDO SEGUIR
|c|âBigSpore's Alt|ASCO
|c|âBigSpore's Alt|AHAHAHAHAHA
|
|switch|p1a: toxic is for scrub|Chansey|56\/703
|turn|85
|c|âbenito camelo|com?
|
|move|p2a: Dickwrap|Wrap|p1a: toxic is for scrub
|-damage|p1a: toxic is for scrub|14\/703
|-activate|p1a: toxic is for scrub|move: Wrap|[of] p2a: Dickwrap
|cant|p1a: toxic is for scrub|partiallytrapped
|
|turn|86
|c|âBigSpore's Alt|com?o?
|
|move|p2a: Dickwrap|Wrap|p1a: toxic is for scrub
|-damage|p1a: toxic is for scrub|0 fnt
|faint|p1a: toxic is for scrub
|
|switch|p1a: you are a scrub|Tauros|336\/353
|turn|87
|c|âbenito camelo|como?
|
|move|p2a: Dickwrap|Wrap|p1a: you are a scrub
|-damage|p1a: you are a scrub|319\/353
|-activate|p1a: you are a scrub|move: Wrap|[of] p2a: Dickwrap
|cant|p1a: you are a scrub|partiallytrapped
|
|turn|88
|c|âBigSpore's Alt|como que
|
|move|p2a: Dickwrap|Wrap|p1a: you are a scrub
|-damage|p1a: you are a scrub|247\/353
|cant|p1a: you are a scrub|partiallytrapped
|
|-end|p1a: you are a scrub|Wrap|[partiallytrapped]
|turn|89
|c|âbenito camelo|comoc
|c|âbenito camelo|que
|c|âbenito camelo|63\/32
|
|move|p2a: Dickwrap|Hyper Beam|p1a: you are a scrub
|-damage|p1a: you are a scrub|97\/353
|move|p1a: you are a scrub|Blizzard|p2a: Dickwrap
|-crit|p2a: Dickwrap
|-supereffective|p2a: Dickwrap
|-damage|p2a: Dickwrap|0 fnt
|faint|p2a: Dickwrap
|c|âBigSpore's Alt|ewe
|c|âBigSpore's Alt|te dije
|c|âBigSpore's Alt|llegÃ³ a pp 0
|c|âbenito camelo|y si no se detiene
|
|switch|p2a: Nigger4Life|Machamp|383\/383
|turn|90
|c|âbenito camelo|le peudes seguir
|c|âbenito camelo|o que paso xD?
|c|âBigSpore's Alt|Sepa we
|c|âBigSpore's Alt|AHAHAHA
|c|âbenito camelo|paralizado
|
|move|p1a: you are a scrub|Body Slam|p2a: Nigger4Life
|-damage|p2a: Nigger4Life|275\/383
|move|p2a: Nigger4Life|Submission|p1a: you are a scrub
|-supereffective|p1a: you are a scrub
|-damage|p1a: you are a scrub|0 fnt
|-damage|p2a: Nigger4Life|251\/383|[from] recoil|[of] p1a: you are a scrub
|faint|p1a: you are a scrub
|
|win|BigSpore's Alt
|c|âbenito camelo|y no atacas
|c|âbenito camelo|te menti