|join|floetted
|join|benito camelo
|player|p1|floetted|70
|player|p2|benito camelo|209
|gametype|singles
|gen|5
|tier|[Gen 5] OU
|rated
|rule|Evasion Abilities Clause: Evasion abilities are banned
|clearpoke
|poke|p1|Keldeo
|poke|p1|Tyranitar, M
|poke|p1|Latias, F
|poke|p1|Breloom, M
|poke|p1|Thundurus-Therian, M
|poke|p1|Heatran, M
|poke|p2|Politoed, F, shiny
|poke|p2|Gliscor, M
|poke|p2|Scizor, M, shiny
|poke|p2|Tornadus, M, shiny
|poke|p2|Tentacruel, F, shiny
|poke|p2|Ferrothorn, F, shiny
|rule|Sleep Clause Mod: Limit one foe put to sleep
|rule|Species Clause: Limit one of each PokÃ©mon
|rule|OHKO Clause: OHKO moves are banned
|rule|Moody Clause: Moody is banned
|rule|Evasion Moves Clause: Evasion moves are banned
|rule|Endless Battle Clause: Forcing endless battles is banned
|rule|HP Percentage Mod: HP is shown in percentages
|teampreview
|c|âfloetted|gl
|c|âbenito camelo|C:
|c|âbenito camelo|thanks
|c|âbenito camelo|you to
|c|âfloetted|:]
|
|start
|switch|p1a: Thundurus-Therian|Thundurus-Therian, M|299\/299
|switch|p2a: what you gonna do?|Tornadus, M, shiny|299\/299
|turn|1
|
|move|p2a: what you gonna do?|U-turn|p1a: Thundurus-Therian
|-resisted|p1a: Thundurus-Therian
|-damage|p1a: Thundurus-Therian|256\/299
|
|switch|p2a: hit me baby|Ferrothorn, F, shiny|352\/352
|move|p1a: Thundurus-Therian|Hidden Power|p2a: hit me baby
|-damage|p2a: hit me baby|278\/352
|
|-heal|p1a: Thundurus-Therian|274\/299|[from] item: Leftovers
|-heal|p2a: hit me baby|300\/352|[from] item: Leftovers
|turn|2
|
|switch|p1a: Heatran|Heatran, M|386\/386
|move|p2a: hit me baby|Leech Seed|p1a: Heatran|[miss]
|-miss|p2a: hit me baby|p1a: Heatran
|
|-heal|p2a: hit me baby|322\/352|[from] item: Leftovers
|turn|3
|
|switch|p2a: do you like rain?|Politoed, F, shiny|384\/384
|-weather|RainDance|[from] ability: Drizzle|[of] p2a: do you like rain?
|move|p1a: Heatran|Stealth Rock|p2a: do you like rain?
|-sidestart|p2: benito camelo|move: Stealth Rock
|
|-weather|RainDance|[upkeep]
|turn|4
|c|âbenito camelo|:\/
|
|switch|p1a: Latias|Latias, F|301\/301
|move|p2a: do you like rain?|Toxic|p1a: Latias
|-status|p1a: Latias|tox
|
|-weather|RainDance|[upkeep]
|-damage|p1a: Latias|283\/301 tox|[from] psn
|turn|5
|
|switch|p1a: Keldeo|Keldeo|323\/323
|switch|p2a: hit me baby|Ferrothorn, F, shiny|322\/352
|-damage|p2a: hit me baby|300\/352|[from] Stealth Rock
|
|-weather|RainDance|[upkeep]
|-heal|p2a: hit me baby|322\/352|[from] item: Leftovers
|turn|6
|
|switch|p1a: Breloom|Breloom, M|262\/262
|move|p2a: hit me baby|Leech Seed|p1a: Breloom
|-immune|p1a: Breloom|[msg]
|
|-weather|RainDance|[upkeep]
|-heal|p2a: hit me baby|344\/352|[from] item: Leftovers
|turn|7
|
|move|p1a: Breloom|Spore|p2a: hit me baby
|-status|p2a: hit me baby|slp
|cant|p2a: hit me baby|slp
|
|-weather|RainDance|[upkeep]
|-heal|p2a: hit me baby|352\/352 slp|[from] item: Leftovers
|turn|8
|
|switch|p2a: jelly|Tentacruel, F, shiny|364\/364
|-damage|p2a: jelly|319\/364|[from] Stealth Rock
|move|p1a: Breloom|Bullet Seed|p2a: jelly
|-damage|p2a: jelly|241\/364
|-damage|p2a: jelly|155\/364
|-hitcount|p2a: jelly|2
|-damage|p1a: Breloom|236\/262|[from] item: Life Orb
|
|-weather|RainDance|[upkeep]
|-heal|p2a: jelly|177\/364|[from] ability: Rain Dish
|-heal|p2a: jelly|199\/364|[from] item: Black Sludge
|turn|9
|
|move|p2a: jelly|Protect|p2a: jelly
|-singleturn|p2a: jelly|Protect
|move|p1a: Breloom|Bullet Seed|p2a: jelly
|-activate|p2a: jelly|Protect
|
|-weather|RainDance|[upkeep]
|-heal|p2a: jelly|221\/364|[from] ability: Rain Dish
|-heal|p2a: jelly|243\/364|[from] item: Black Sludge
|turn|10
|
|move|p1a: Breloom|Swords Dance|p1a: Breloom
|-boost|p1a: Breloom|atk|2
|move|p2a: jelly|Scald|p1a: Breloom
|-crit|p1a: Breloom
|-resisted|p1a: Breloom
|-damage|p1a: Breloom|70\/262
|-status|p1a: Breloom|brn
|
|-weather|RainDance|[upkeep]
|-heal|p2a: jelly|265\/364|[from] ability: Rain Dish
|-heal|p2a: jelly|287\/364|[from] item: Black Sludge
|-damage|p1a: Breloom|38\/262 brn|[from] brn
|turn|11
|c|âbenito camelo|yhea
|c|âbenito camelo|sorry for critical
|
|move|p2a: jelly|Protect|p2a: jelly
|-singleturn|p2a: jelly|Protect
|move|p1a: Breloom|Swords Dance|p1a: Breloom
|-boost|p1a: Breloom|atk|2
|
|-weather|RainDance|[upkeep]
|-heal|p2a: jelly|309\/364|[from] ability: Rain Dish
|-heal|p2a: jelly|331\/364|[from] item: Black Sludge
|-damage|p1a: Breloom|6\/262 brn|[from] brn
|turn|12
|c|âfloetted|:[
|
|move|p1a: Breloom|Mach Punch|p2a: jelly
|-resisted|p2a: jelly
|-damage|p2a: jelly|226\/364
|-damage|p1a: Breloom|0 fnt|[from] item: Life Orb
|faint|p1a: Breloom
|move|p2a: jelly|Rapid Spin|p1: Breloom|[notarget]
|-notarget
|
|-weather|RainDance|[upkeep]
|-heal|p2a: jelly|248\/364|[from] ability: Rain Dish
|-heal|p2a: jelly|270\/364|[from] item: Black Sludge
|
|switch|p1a: Thundurus-Therian|Thundurus-Therian, M|274\/299
|turn|13
|
|move|p2a: jelly|Protect|p2a: jelly
|-singleturn|p2a: jelly|Protect
|move|p1a: Thundurus-Therian|Thunderbolt|p2a: jelly
|-activate|p2a: jelly|Protect
|
|-weather|RainDance|[upkeep]
|-heal|p2a: jelly|292\/364|[from] ability: Rain Dish
|-heal|p1a: Thundurus-Therian|292\/299|[from] item: Leftovers
|-heal|p2a: jelly|314\/364|[from] item: Black Sludge
|turn|14
|
|switch|p2a: toxic me?|Gliscor, M|354\/354
|-damage|p2a: toxic me?|310\/354|[from] Stealth Rock
|move|p1a: Thundurus-Therian|Superpower|p2a: toxic me?
|-resisted|p2a: toxic me?
|-damage|p2a: toxic me?|277\/354
|-unboost|p1a: Thundurus-Therian|atk|1
|-unboost|p1a: Thundurus-Therian|def|1
|
|-weather|RainDance|[upkeep]
|-heal|p1a: Thundurus-Therian|299\/299|[from] item: Leftovers
|-status|p2a: toxic me?|tox|[from] item: Toxic Orb
|turn|15
|
|switch|p2a: i got to rape you|Scizor, M, shiny|281\/281
|-damage|p2a: i got to rape you|246\/281|[from] Stealth Rock
|move|p1a: Thundurus-Therian|Hidden Power|p2a: i got to rape you
|-resisted|p2a: i got to rape you
|-damage|p2a: i got to rape you|187\/281
|
|-weather|RainDance|[upkeep]
|turn|16
|
|move|p2a: i got to rape you|Bullet Punch|p1a: Thundurus-Therian
|-resisted|p1a: Thundurus-Therian
|-damage|p1a: Thundurus-Therian|107\/299
|move|p1a: Thundurus-Therian|U-turn|p2a: i got to rape you
|-resisted|p2a: i got to rape you
|-damage|p2a: i got to rape you|169\/281
|
|switch|p1a: Keldeo|Keldeo|323\/323
|
|-weather|RainDance|[upkeep]
|turn|17
|
|switch|p1a: Tyranitar|Tyranitar, M|385\/385
|-weather|Sandstorm|[from] ability: Sand Stream|[of] p1a: Tyranitar
|switch|p2a: do you like rain?|Politoed, F, shiny|384\/384
|-damage|p2a: do you like rain?|336\/384|[from] Stealth Rock
|-weather|RainDance|[from] ability: Drizzle|[of] p2a: do you like rain?
|
|-weather|RainDance|[upkeep]
|-heal|p2a: do you like rain?|360\/384|[from] item: Leftovers
|turn|18
|
|switch|p1a: Latias|Latias, F|283\/301 tox
|move|p2a: do you like rain?|Hydro Pump|p1a: Latias
|-resisted|p1a: Latias
|-damage|p1a: Latias|209\/301 tox
|
|-weather|RainDance|[upkeep]
|-heal|p1a: Latias|227\/301 tox|[from] item: Leftovers
|-heal|p2a: do you like rain?|384\/384|[from] item: Leftovers
|-damage|p1a: Latias|209\/301 tox|[from] psn
|turn|19
|
|switch|p1a: Heatran|Heatran, M|386\/386
|switch|p2a: hit me baby|Ferrothorn, F, shiny|352\/352 slp
|-damage|p2a: hit me baby|330\/352 slp|[from] Stealth Rock
|
|-weather|RainDance|[upkeep]
|-heal|p2a: hit me baby|352\/352 slp|[from] item: Leftovers
|turn|20
|
|switch|p1a: Tyranitar|Tyranitar, M|385\/385
|-weather|Sandstorm|[from] ability: Sand Stream|[of] p1a: Tyranitar
|switch|p2a: jelly|Tentacruel, F, shiny|314\/364
|-damage|p2a: jelly|269\/364|[from] Stealth Rock
|
|-weather|Sandstorm|[upkeep]
|-damage|p2a: jelly|247\/364|[from] sandstorm
|-heal|p2a: jelly|269\/364|[from] item: Black Sludge
|turn|21
|
|move|p2a: jelly|Scald|p1a: Tyranitar
|-supereffective|p1a: Tyranitar
|-damage|p1a: Tyranitar|287\/385
|move|p1a: Tyranitar|Stone Edge|p2a: jelly
|-damage|p2a: jelly|0 fnt
|faint|p2a: jelly
|
|-weather|Sandstorm|[upkeep]
|
|switch|p2a: do you like rain?|Politoed, F, shiny|384\/384
|-damage|p2a: do you like rain?|336\/384|[from] Stealth Rock
|-weather|RainDance|[from] ability: Drizzle|[of] p2a: do you like rain?
|turn|22
|
|switch|p1a: Heatran|Heatran, M|386\/386
|move|p2a: do you like rain?|Toxic|p1a: Heatran
|-fail|p1a: Heatran
|
|-weather|RainDance|[upkeep]
|-heal|p2a: do you like rain?|360\/384|[from] item: Leftovers
|turn|23
|
|switch|p1a: Latias|Latias, F|209\/301 tox
|move|p2a: do you like rain?|Hydro Pump|p1a: Latias
|-resisted|p1a: Latias
|-damage|p1a: Latias|129\/301 tox
|
|-weather|RainDance|[upkeep]
|-heal|p1a: Latias|147\/301 tox|[from] item: Leftovers
|-heal|p2a: do you like rain?|384\/384|[from] item: Leftovers
|-damage|p1a: Latias|129\/301 tox|[from] psn
|turn|24
|
|move|p2a: do you like rain?|Protect|p2a: do you like rain?
|-singleturn|p2a: do you like rain?|Protect
|move|p1a: Latias|Recover|p1a: Latias
|-heal|p1a: Latias|280\/301 tox
|
|-weather|RainDance|[upkeep]
|-heal|p1a: Latias|298\/301 tox|[from] item: Leftovers
|-damage|p1a: Latias|262\/301 tox|[from] psn
|turn|25
|
|switch|p1a: Heatran|Heatran, M|386\/386
|move|p2a: do you like rain?|Hydro Pump|p1a: Heatran|[miss]
|-miss|p2a: do you like rain?|p1a: Heatran
|
|-weather|RainDance|[upkeep]
|turn|26
|c|âbenito camelo|:\/
|
|switch|p1a: Latias|Latias, F|262\/301 tox
|move|p2a: do you like rain?|Hydro Pump|p1a: Latias
|-crit|p1a: Latias
|-resisted|p1a: Latias
|-damage|p1a: Latias|100\/301 tox
|
|-weather|RainDance|[upkeep]
|-heal|p1a: Latias|118\/301 tox|[from] item: Leftovers
|-damage|p1a: Latias|100\/301 tox|[from] psn
|turn|27
|
|move|p1a: Latias|Draco Meteor|p2a: do you like rain?
|-damage|p2a: do you like rain?|171\/384
|-unboost|p1a: Latias|spa|2
|move|p2a: do you like rain?|Hydro Pump|p1a: Latias
|-resisted|p1a: Latias
|-damage|p1a: Latias|22\/301 tox
|
|-weather|RainDance|[upkeep]
|-heal|p1a: Latias|40\/301 tox|[from] item: Leftovers
|-heal|p2a: do you like rain?|195\/384|[from] item: Leftovers
|-damage|p1a: Latias|4\/301 tox|[from] psn
|turn|28
|
|switch|p2a: what you gonna do?|Tornadus, M, shiny|299\/299
|-damage|p2a: what you gonna do?|225\/299|[from] Stealth Rock
|move|p1a: Latias|Recover|p1a: Latias
|-heal|p1a: Latias|155\/301 tox
|
|-weather|RainDance|[upkeep]
|-heal|p1a: Latias|173\/301 tox|[from] item: Leftovers
|-damage|p1a: Latias|119\/301 tox|[from] psn
|turn|29
|
|switch|p1a: Heatran|Heatran, M|386\/386
|move|p2a: what you gonna do?|U-turn|p1a: Heatran
|-resisted|p1a: Heatran
|-damage|p1a: Heatran|372\/386
|
|switch|p2a: toxic me?|Gliscor, M|277\/354 tox
|-damage|p2a: toxic me?|233\/354 tox|[from] Stealth Rock
|
|-weather|RainDance|[upkeep]
|-heal|p1a: Heatran|386\/386|[from] item: Leftovers
|-heal|p2a: toxic me?|277\/354 tox|[from] ability: Poison Heal
|turn|30
|
|switch|p2a: i got to rape you|Scizor, M, shiny|169\/281
|-damage|p2a: i got to rape you|134\/281|[from] Stealth Rock
|switch|p1a: Thundurus-Therian|Thundurus-Therian, M|107\/299
|
|-weather|RainDance|[upkeep]
|-heal|p1a: Thundurus-Therian|125\/299|[from] item: Leftovers
|turn|31
|
|move|p1a: Thundurus-Therian|Thunderbolt|p2a: i got to rape you
|-damage|p2a: i got to rape you|0 fnt
|faint|p2a: i got to rape you
|
|-weather|RainDance|[upkeep]
|-heal|p1a: Thundurus-Therian|143\/299|[from] item: Leftovers
|
|switch|p2a: what you gonna do?|Tornadus, M, shiny|225\/299
|-damage|p2a: what you gonna do?|151\/299|[from] Stealth Rock
|turn|32
|
|switch|p1a: Heatran|Heatran, M|386\/386
|move|p2a: what you gonna do?|Hurricane|p1a: Heatran
|-resisted|p1a: Heatran
|-damage|p1a: Heatran|281\/386
|
|-weather|RainDance|[upkeep]
|-heal|p1a: Heatran|305\/386|[from] item: Leftovers
|turn|33
|
|switch|p2a: do you like rain?|Politoed, F, shiny|195\/384
|-damage|p2a: do you like rain?|147\/384|[from] Stealth Rock
|move|p1a: Heatran|Protect|p1a: Heatran
|-fail|p1a: Heatran
|
|-weather|RainDance|[upkeep]
|-heal|p1a: Heatran|329\/386|[from] item: Leftovers
|-heal|p2a: do you like rain?|171\/384|[from] item: Leftovers
|turn|34
|
|move|p1a: Heatran|Lava Plume|p2a: do you like rain?
|-resisted|p2a: do you like rain?
|-damage|p2a: do you like rain?|141\/384
|move|p2a: do you like rain?|Hydro Pump|p1a: Heatran|[miss]
|-miss|p2a: do you like rain?|p1a: Heatran
|
|-weather|RainDance|[upkeep]
|-heal|p1a: Heatran|353\/386|[from] item: Leftovers
|-heal|p2a: do you like rain?|165\/384|[from] item: Leftovers
|turn|35
|c|âbenito camelo|xD
|c|âbenito camelo|dats boring
|
|move|p1a: Heatran|Lava Plume|p2a: do you like rain?
|-resisted|p2a: do you like rain?
|-damage|p2a: do you like rain?|133\/384
|move|p2a: do you like rain?|Hydro Pump|p1a: Heatran
|-supereffective|p1a: Heatran
|-damage|p1a: Heatran|71\/386
|
|-weather|RainDance|[upkeep]
|-heal|p1a: Heatran|95\/386|[from] item: Leftovers
|-heal|p2a: do you like rain?|157\/384|[from] item: Leftovers
|turn|36
|
|move|p1a: Heatran|Lava Plume|p2a: do you like rain?
|-resisted|p2a: do you like rain?
|-damage|p2a: do you like rain?|126\/384
|-status|p2a: do you like rain?|brn
|move|p2a: do you like rain?|Toxic|p1a: Heatran
|-fail|p1a: Heatran
|
|-weather|RainDance|[upkeep]
|-heal|p1a: Heatran|119\/386|[from] item: Leftovers
|-heal|p2a: do you like rain?|150\/384 brn|[from] item: Leftovers
|-damage|p2a: do you like rain?|102\/384 brn|[from] brn
|turn|37
|
|move|p2a: do you like rain?|Hydro Pump|p1a: Heatran
|-supereffective|p1a: Heatran
|-damage|p1a: Heatran|0 fnt
|faint|p1a: Heatran
|
|-weather|RainDance|[upkeep]
|-heal|p2a: do you like rain?|126\/384 brn|[from] item: Leftovers
|-damage|p2a: do you like rain?|78\/384 brn|[from] brn
|
|switch|p1a: Keldeo|Keldeo|323\/323
|turn|38
|
|move|p1a: Keldeo|Surf|p2a: do you like rain?
|-resisted|p2a: do you like rain?
|-damage|p2a: do you like rain?|0 fnt
|faint|p2a: do you like rain?
|
|-weather|RainDance|[upkeep]
|
|switch|p2a: what you gonna do?|Tornadus, M, shiny|151\/299
|-damage|p2a: what you gonna do?|77\/299|[from] Stealth Rock
|turn|39
|
|move|p1a: Keldeo|Surf|p2a: what you gonna do?
|-damage|p2a: what you gonna do?|0 fnt
|faint|p2a: what you gonna do?
|
|-weather|RainDance|[upkeep]
|c|âbenito camelo|gg
|
|switch|p2a: hit me baby|Ferrothorn, F, shiny|352\/352 slp
|-damage|p2a: hit me baby|330\/352 slp|[from] Stealth Rock
|turn|40
|c|âfloetted|gg
|
|switch|p1a: Tyranitar|Tyranitar, M|287\/385
|-weather|Sandstorm|[from] ability: Sand Stream|[of] p1a: Tyranitar
|cant|p2a: hit me baby|slp
|
|-weather|Sandstorm|[upkeep]
|-heal|p2a: hit me baby|352\/352 slp|[from] item: Leftovers
|turn|41
|
|switch|p1a: Keldeo|Keldeo|323\/323
|cant|p2a: hit me baby|slp
|
|-weather|Sandstorm|[upkeep]
|-damage|p1a: Keldeo|303\/323|[from] sandstorm
|turn|42
|
|cant|p2a: hit me baby|slp
|move|p1a: Keldeo|Secret Sword|p2a: hit me baby
|-supereffective|p2a: hit me baby
|-damage|p2a: hit me baby|146\/352 slp
|
|-weather|Sandstorm|[upkeep]
|-damage|p1a: Keldeo|283\/323|[from] sandstorm
|-heal|p2a: hit me baby|168\/352 slp|[from] item: Leftovers
|turn|43
|
|-curestatus|p2a: hit me baby|slp
|move|p2a: hit me baby|Protect|p2a: hit me baby
|-singleturn|p2a: hit me baby|Protect
|move|p1a: Keldeo|Secret Sword|p2a: hit me baby
|-activate|p2a: hit me baby|Protect
|
|-weather|Sandstorm|[upkeep]
|-damage|p1a: Keldeo|263\/323|[from] sandstorm
|-heal|p2a: hit me baby|190\/352|[from] item: Leftovers
|turn|44
|
|switch|p2a: toxic me?|Gliscor, M|277\/354 tox
|-damage|p2a: toxic me?|233\/354 tox|[from] Stealth Rock
|move|p1a: Keldeo|Secret Sword|p2a: toxic me?
|-resisted|p2a: toxic me?
|-damage|p2a: toxic me?|183\/354 tox
|
|-weather|Sandstorm|[upkeep]
|-damage|p1a: Keldeo|243\/323|[from] sandstorm
|-heal|p2a: toxic me?|227\/354 tox|[from] ability: Poison Heal
|turn|45
|
|switch|p1a: Latias|Latias, F|119\/301 tox
|move|p2a: toxic me?|Substitute|p2a: toxic me?
|-start|p2a: toxic me?|Substitute
|-damage|p2a: toxic me?|139\/354 tox
|
|-weather|Sandstorm|[upkeep]
|-damage|p1a: Latias|101\/301 tox|[from] sandstorm
|-heal|p1a: Latias|119\/301 tox|[from] item: Leftovers
|-damage|p1a: Latias|101\/301 tox|[from] psn
|-heal|p2a: toxic me?|183\/354 tox|[from] ability: Poison Heal
|turn|46
|
|move|p2a: toxic me?|Protect|p2a: toxic me?
|-singleturn|p2a: toxic me?|Protect
|move|p1a: Latias|Psyshock|p2a: toxic me?
|-activate|p2a: toxic me?|Protect
|
|-weather|Sandstorm|[upkeep]
|-damage|p1a: Latias|83\/301 tox|[from] sandstorm
|-heal|p1a: Latias|101\/301 tox|[from] item: Leftovers
|-damage|p1a: Latias|65\/301 tox|[from] psn
|-heal|p2a: toxic me?|227\/354 tox|[from] ability: Poison Heal
|turn|47
|
|move|p1a: Latias|Psyshock|p2a: toxic me?
|-activate|p2a: toxic me?|Substitute|[damage]
|move|p2a: toxic me?|Substitute|p2a: toxic me?
|-fail|p2a: toxic me?|move: Substitute
|
|-weather|Sandstorm|[upkeep]
|-damage|p1a: Latias|47\/301 tox|[from] sandstorm
|-heal|p1a: Latias|65\/301 tox|[from] item: Leftovers
|-damage|p1a: Latias|11\/301 tox|[from] psn
|-heal|p2a: toxic me?|271\/354 tox|[from] ability: Poison Heal
|turn|48
|c|âbenito camelo|lol
|c|âbenito camelo|xD
|
|move|p1a: Latias|Draco Meteor|p2a: toxic me?|[miss]
|-miss|p1a: Latias|p2a: toxic me?
|move|p2a: toxic me?|Substitute|p2a: toxic me?
|-fail|p2a: toxic me?|move: Substitute
|
|-weather|Sandstorm|[upkeep]
|-damage|p1a: Latias|0 fnt|[from] sandstorm
|-heal|p2a: toxic me?|315\/354 tox|[from] ability: Poison Heal
|faint|p1a: Latias
|c|âbenito camelo|lol
|c|âbenito camelo|xd
|
|switch|p1a: Thundurus-Therian|Thundurus-Therian, M|143\/299
|turn|49
|
|move|p1a: Thundurus-Therian|Hidden Power|p2a: toxic me?
|-supereffective|p2a: toxic me?
|-end|p2a: toxic me?|Substitute
|move|p2a: toxic me?|Toxic|p1a: Thundurus-Therian
|-status|p1a: Thundurus-Therian|tox
|
|-weather|Sandstorm|[upkeep]
|-damage|p1a: Thundurus-Therian|125\/299 tox|[from] sandstorm
|-heal|p1a: Thundurus-Therian|143\/299 tox|[from] item: Leftovers
|-damage|p1a: Thundurus-Therian|125\/299 tox|[from] psn
|-heal|p2a: toxic me?|354\/354 tox|[from] ability: Poison Heal
|turn|50
|
|move|p2a: toxic me?|Protect|p2a: toxic me?
|-singleturn|p2a: toxic me?|Protect
|move|p1a: Thundurus-Therian|Hidden Power|p2a: toxic me?
|-activate|p2a: toxic me?|Protect
|
|-weather|Sandstorm|[upkeep]
|-damage|p1a: Thundurus-Therian|107\/299 tox|[from] sandstorm
|-heal|p1a: Thundurus-Therian|125\/299 tox|[from] item: Leftovers
|-damage|p1a: Thundurus-Therian|89\/299 tox|[from] psn
|turn|51
|
|switch|p2a: hit me baby|Ferrothorn, F, shiny|190\/352
|-damage|p2a: hit me baby|168\/352|[from] Stealth Rock
|move|p1a: Thundurus-Therian|Hidden Power|p2a: hit me baby
|-damage|p2a: hit me baby|95\/352
|
|-weather|Sandstorm|[upkeep]
|-damage|p1a: Thundurus-Therian|71\/299 tox|[from] sandstorm
|-heal|p1a: Thundurus-Therian|89\/299 tox|[from] item: Leftovers
|-heal|p2a: hit me baby|117\/352|[from] item: Leftovers
|-damage|p1a: Thundurus-Therian|35\/299 tox|[from] psn
|turn|52
|
|switch|p1a: Keldeo|Keldeo|243\/323
|move|p2a: hit me baby|Gyro Ball|p1a: Keldeo
|-resisted|p1a: Keldeo
|-damage|p1a: Keldeo|148\/323
|
|-weather|Sandstorm|[upkeep]
|-damage|p1a: Keldeo|128\/323|[from] sandstorm
|-heal|p2a: hit me baby|139\/352|[from] item: Leftovers
|turn|53
|
|move|p2a: hit me baby|Protect|p2a: hit me baby
|-singleturn|p2a: hit me baby|Protect
|move|p1a: Keldeo|Secret Sword|p2a: hit me baby
|-activate|p2a: hit me baby|Protect
|
|-weather|Sandstorm|[upkeep]
|-damage|p1a: Keldeo|108\/323|[from] sandstorm
|-heal|p2a: hit me baby|161\/352|[from] item: Leftovers
|turn|54
|
|switch|p1a: Thundurus-Therian|Thundurus-Therian, M|35\/299 tox
|switch|p2a: toxic me?|Gliscor, M|354\/354 tox
|-damage|p2a: toxic me?|310\/354 tox|[from] Stealth Rock
|
|-weather|Sandstorm|[upkeep]
|-damage|p1a: Thundurus-Therian|17\/299 tox|[from] sandstorm
|-heal|p1a: Thundurus-Therian|35\/299 tox|[from] item: Leftovers
|-damage|p1a: Thundurus-Therian|17\/299 tox|[from] psn
|-heal|p2a: toxic me?|354\/354 tox|[from] ability: Poison Heal
|turn|55
|
|switch|p1a: Keldeo|Keldeo|108\/323
|move|p2a: toxic me?|Protect|p2a: toxic me?
|-fail|p2a: toxic me?
|
|-weather|Sandstorm|[upkeep]
|-damage|p1a: Keldeo|88\/323|[from] sandstorm
|turn|56
|
|move|p2a: toxic me?|Protect|p2a: toxic me?
|-singleturn|p2a: toxic me?|Protect
|move|p1a: Keldeo|Hidden Power|p2a: toxic me?
|-activate|p2a: toxic me?|Protect
|
|-weather|Sandstorm|[upkeep]
|-damage|p1a: Keldeo|68\/323|[from] sandstorm
|turn|57
|
|switch|p2a: hit me baby|Ferrothorn, F, shiny|161\/352
|-damage|p2a: hit me baby|139\/352|[from] Stealth Rock
|move|p1a: Keldeo|Hidden Power|p2a: hit me baby
|-damage|p2a: hit me baby|75\/352
|
|-weather|Sandstorm|[upkeep]
|-damage|p1a: Keldeo|48\/323|[from] sandstorm
|-heal|p2a: hit me baby|97\/352|[from] item: Leftovers
|turn|58
|
|switch|p1a: Tyranitar|Tyranitar, M|287\/385
|move|p2a: hit me baby|Leech Seed|p1a: Tyranitar
|-start|p1a: Tyranitar|move: Leech Seed
|
|-weather|Sandstorm|[upkeep]
|-heal|p2a: hit me baby|119\/352|[from] item: Leftovers
|-damage|p1a: Tyranitar|239\/385|[from] Leech Seed|[of] p2a: hit me baby
|-heal|p2a: hit me baby|167\/352|[silent]
|turn|59
|
|move|p1a: Tyranitar|Superpower|p2a: hit me baby
|-supereffective|p2a: hit me baby
|-damage|p2a: hit me baby|0 fnt
|-damage|p1a: Tyranitar|191\/385|[from] ability: Iron Barbs|[of] p2a: hit me baby
|-unboost|p1a: Tyranitar|atk|1
|-unboost|p1a: Tyranitar|def|1
|faint|p2a: hit me baby
|
|-weather|Sandstorm|[upkeep]
|
|switch|p2a: toxic me?|Gliscor, M|354\/354 tox
|-damage|p2a: toxic me?|310\/354 tox|[from] Stealth Rock
|turn|60
|
|move|p2a: toxic me?|Substitute|p2a: toxic me?
|-start|p2a: toxic me?|Substitute
|-damage|p2a: toxic me?|222\/354 tox
|move|p1a: Tyranitar|Superpower|p2a: toxic me?
|-resisted|p2a: toxic me?
|-activate|p2a: toxic me?|Substitute|[damage]
|-unboost|p1a: Tyranitar|atk|1
|-unboost|p1a: Tyranitar|def|1
|
|-weather|Sandstorm|[upkeep]
|-damage|p1a: Tyranitar|143\/385|[from] Leech Seed|[of] p2a: toxic me?
|-heal|p2a: toxic me?|270\/354 tox|[silent]
|-heal|p2a: toxic me?|314\/354 tox|[from] ability: Poison Heal
|turn|61
|
|move|p2a: toxic me?|Protect|p2a: toxic me?
|-singleturn|p2a: toxic me?|Protect
|move|p1a: Tyranitar|Superpower|p2a: toxic me?
|-activate|p2a: toxic me?|Protect
|
|-weather|Sandstorm|[upkeep]
|-damage|p1a: Tyranitar|95\/385|[from] Leech Seed|[of] p2a: toxic me?
|-heal|p2a: toxic me?|354\/354 tox|[silent]
|turn|62
|c|âbenito camelo|gg
|
|switch|p1a: Thundurus-Therian|Thundurus-Therian, M|17\/299 tox
|move|p2a: toxic me?|Earthquake|p1a: Thundurus-Therian
|-immune|p1a: Thundurus-Therian|[msg]
|
|-weather|Sandstorm|[upkeep]
|-damage|p1a: Thundurus-Therian|0 fnt|[from] sandstorm
|faint|p1a: Thundurus-Therian
|-message|floetted forfeited.
|
|win|benito camelo
|raw|Ladder updating...
|leave|floetted
|player|p1
|raw|floetted's rating: 1257 &rarr; <strong>1230<\/strong><br \/>(-27 for losing)
|raw|benito camelo's rating: 1222 &rarr; <strong>1249<\/strong><br \/>(+27 for winning)