|join|potato14798
|join|benito camelo
|player|p1|potato14798|290
|player|p2|benito camelo|209
|gametype|singles
|gen|6
|tier|ORAS OU
|rated
|rule|Sleep Clause Mod: Limit one foe put to sleep
|rule|Species Clause: Limit one of each PokÃ©mon
|rule|OHKO Clause: OHKO moves are banned
|rule|Moody Clause: Moody is banned
|rule|Evasion Moves Clause: Evasion moves are banned
|rule|Endless Battle Clause: Forcing endless battles is banned
|rule|HP Percentage Mod: HP is shown in percentages
|clearpoke
|poke|p1|Gallade, M
|poke|p1|Diggersby, M
|poke|p1|Raikou
|poke|p1|Bisharp, M
|poke|p1|Greninja, F
|poke|p1|Weavile, F
|poke|p2|Landorus-Therian, M, shiny
|poke|p2|Latias, F
|poke|p2|Rotom-Wash
|poke|p2|Medicham, M, shiny
|poke|p2|Scizor, M, shiny
|poke|p2|Gengar, F, shiny
|rule|Swagger Clause: Swagger is banned
|rule|Baton Pass Clause: Limit one PokÃ©mon knowing Baton Pass
|teampreview
|
|start
|switch|p1a: Raikou|Raikou|321\/321
|switch|p2a: bloody mary|Gengar, F, shiny|273\/273
|-ability|p1a: Raikou|Pressure
|turn|1
|
|switch|p2a: lolipop|Landorus-Therian, M, shiny|382\/382
|-ability|p2a: lolipop|Intimidate|[of] p1a: Raikou
|-unboost|p1a: Raikou|atk|1
|move|p1a: Raikou|Shadow Ball|p2a: lolipop
|-damage|p2a: lolipop|282\/382
|
|-heal|p2a: lolipop|305\/382|[from] item: Leftovers
|turn|2
|
|move|p1a: Raikou|Hidden Power|p2a: lolipop
|-supereffective|p2a: lolipop
|-damage|p2a: lolipop|9\/382
|move|p2a: lolipop|Earthquake|p1a: Raikou
|-supereffective|p1a: Raikou
|-damage|p1a: Raikou|0 fnt
|faint|p1a: Raikou
|
|-heal|p2a: lolipop|32\/382|[from] item: Leftovers
|
|switch|p1a: Diggersby|Diggersby, M|311\/311
|turn|3
|
|move|p1a: Diggersby|Quick Attack|p2a: lolipop
|-damage|p2a: lolipop|0 fnt
|-damage|p1a: Diggersby|280\/311|[from] item: Life Orb
|faint|p2a: lolipop
|
|
|switch|p2a: gocowash|Rotom-Wash|241\/241
|turn|4
|
|move|p2a: gocowash|Hydro Pump|p1a: Diggersby|[miss]
|-miss|p2a: gocowash|p1a: Diggersby
|move|p1a: Diggersby|Return|p2a: gocowash
|-damage|p2a: gocowash|107\/241
|-damage|p1a: Diggersby|249\/311|[from] item: Life Orb
|
|turn|5
|c|âbenito camelo|:(
|
|move|p2a: gocowash|Hydro Pump|p1a: Diggersby|[miss]
|-miss|p2a: gocowash|p1a: Diggersby
|move|p1a: Diggersby|Return|p2a: gocowash
|-crit|p2a: gocowash
|-damage|p2a: gocowash|0 fnt
|-damage|p1a: Diggersby|218\/311|[from] item: Life Orb
|faint|p2a: gocowash
|
|c|âbenito camelo|JAJAAJAAJ
|c|âbenito camelo|GG
|
|switch|p2a: bloody mary|Gengar, F, shiny|273\/273
|turn|6
|
|move|p1a: Diggersby|Quick Attack|p2a: bloody mary
|-immune|p2a: bloody mary|[msg]
|move|p2a: bloody mary|Will-O-Wisp|p1a: Diggersby
|-status|p1a: Diggersby|brn
|
|-damage|p1a: Diggersby|180\/311 brn|[from] brn
|turn|7
|
|move|p2a: bloody mary|Substitute|p2a: bloody mary
|-start|p2a: bloody mary|Substitute
|-damage|p2a: bloody mary|205\/273
|move|p1a: Diggersby|Earthquake|p2a: bloody mary
|-immune|p2a: bloody mary|[msg]
|
|-heal|p2a: bloody mary|222\/273|[from] item: Black Sludge
|-damage|p1a: Diggersby|142\/311 brn|[from] brn
|turn|8
|-message|potato14798 forfeited.
|
|win|benito camelo
|raw|Ladder updating...
|leave|potato14798
|player|p1
|raw|potato14798's rating: 1000 &rarr; <strong>1000<\/strong><br \/>(+0 for losing)
|raw|benito camelo's rating: 1000 &rarr; <strong>1040<\/strong><br \/>(+40 for winning)