|join|lalaralala2
|join|benito camelo
|player|p1|lalaralala2|169
|player|p2|benito camelo|209
|gametype|singles
|gen|6
|tier|OU
|rated
|clearpoke
|poke|p1|Scizor, F
|poke|p1|Slowbro, F
|poke|p1|Latios, M
|poke|p1|Heatran, F
|poke|p1|Clefable, F
|poke|p1|Landorus-Therian, M
|poke|p2|Venusaur, F
|poke|p2|Excadrill, M
|poke|p2|Rotom-Wash
|poke|p2|Heatran, F
|poke|p2|Azumarill, F
|poke|p2|Clefable, F
|rule|Swagger Clause: Swagger is banned
|rule|Baton Pass Clause: Limit one PokÃ©mon knowing Baton Pass
|rule|Sleep Clause Mod: Limit one foe put to sleep
|rule|Species Clause: Limit one of each PokÃ©mon
|rule|OHKO Clause: OHKO moves are banned
|rule|Moody Clause: Moody is banned
|rule|Evasion Moves Clause: Evasion moves are banned
|rule|Endless Battle Clause: Forcing endless battles is banned
|rule|HP Percentage Mod: HP is reported as percentages
|teampreview
|
|start
|switch|p1a: Landorus-Therian|Landorus-Therian, M|319\/319
|switch|p2a: Venusaur|Venusaur, F|364\/364
|-ability|p1a: Landorus-Therian|Intimidate|[of] p2a: Venusaur
|-unboost|p2a: Venusaur|atk|1
|turn|1
|
|detailschange|p2a: Venusaur|Venusaur-Mega, F
|message|Venusaur has Mega Evolved into Mega Venusaur!
|move|p1a: Landorus-Therian|U-turn|p2a: Venusaur
|-damage|p2a: Venusaur|302\/364
|
|switch|p1a: Heatran|Heatran, F|383\/383
|move|p2a: Venusaur|Sleep Powder|p1a: Heatran
|-status|p1a: Heatran|slp
|
|turn|2
|
|switch|p2a: Azumarill|Azumarill, F|383\/383
|switch|p1a: Latios|Latios, M|302\/302
|
|turn|3
|
|switch|p1a: Slowbro|Slowbro, F|394\/394
|switch|p2a: Clefable|Clefable, F|394\/394
|
|turn|4
|
|move|p2a: Clefable|Moonblast|p1a: Slowbro
|-damage|p1a: Slowbro|255\/394
|-unboost|p1a: Slowbro|spa|1
|move|p1a: Slowbro|Thunder Wave|p2a: Clefable
|-status|p2a: Clefable|par
|
|-heal|p1a: Slowbro|279\/394|[from] item: Leftovers
|turn|5
|
|switch|p1a: Scizor|Scizor, F|343\/343
|move|p2a: Clefable|Heal Bell|p2a: Clefable
|-cureteam|p2a: Clefable|[from] move: HealBell
|
|turn|6
|
|switch|p2a: Heatran|Heatran, F|385\/385
|detailschange|p1a: Scizor|Scizor-Mega, F
|message|Scizor has Mega Evolved into Mega Scizor!
|move|p1a: Scizor|Knock Off|p2a: Heatran
|-damage|p2a: Heatran|270\/385
|-enditem|p2a: Heatran|Leftovers|[from] move: Knock Off|[of] p1a: Scizor
|
|turn|7
|
|switch|p1a: Landorus-Therian|Landorus-Therian, M|319\/319
|-ability|p1a: Landorus-Therian|Intimidate|[of] p2a: Heatran
|-unboost|p2a: Heatran|atk|1
|move|p2a: Heatran|Lava Plume|p1a: Landorus-Therian
|-damage|p1a: Landorus-Therian|189\/319
|
|turn|8
|
|switch|p2a: Rotom-Wash|Rotom-Wash|241\/241
|move|p1a: Landorus-Therian|U-turn|p2a: Rotom-Wash
|-damage|p2a: Rotom-Wash|159\/241
|
|switch|p1a: Clefable|Clefable, F|394\/394
|
|turn|9
|
|move|p2a: Rotom-Wash|Volt Switch|p1a: Clefable
|-damage|p1a: Clefable|295\/394
|
|switch|p2a: Venusaur|Venusaur-Mega, F|302\/364
|move|p1a: Clefable|Moonblast|p2a: Venusaur
|-resisted|p2a: Venusaur
|-damage|p2a: Venusaur|257\/364
|-unboost|p2a: Venusaur|spa|1
|
|-heal|p1a: Clefable|319\/394|[from] item: Leftovers
|turn|10
|
|switch|p2a: Excadrill|Excadrill, M|391\/391
|-ability|p2a: Excadrill|Mold Breaker
|switch|p1a: Scizor|Scizor-Mega, F|343\/343
|
|turn|11
|
|move|p2a: Excadrill|Earthquake|p1a: Scizor
|-damage|p1a: Scizor|220\/343
|move|p1a: Scizor|Knock Off|p2a: Excadrill
|-damage|p2a: Excadrill|217\/391
|-enditem|p2a: Excadrill|Assault Vest|[from] move: Knock Off|[of] p1a: Scizor
|
|turn|12
|
|switch|p2a: Heatran|Heatran, F|270\/385
|move|p1a: Scizor|Roost|p1a: Scizor
|-heal|p1a: Scizor|343\/343
|
|turn|13
|
|switch|p1a: Slowbro|Slowbro, F|394\/394
|move|p2a: Heatran|Stealth Rock|p1a: Slowbro
|-sidestart|p1: lalaralala2|move: Stealth Rock
|
|turn|14
|
|switch|p2a: Clefable|Clefable, F|394\/394
|move|p1a: Slowbro|Thunder Wave|p2a: Clefable
|-status|p2a: Clefable|par
|
|turn|15
|
|switch|p1a: Scizor|Scizor-Mega, F|343\/343
|-damage|p1a: Scizor|301\/343|[from] Stealth Rock
|move|p2a: Clefable|Wish|p2a: Clefable
|
|turn|16
|
|switch|p2a: Heatran|Heatran, F|270\/385
|move|p1a: Scizor|Knock Off|p2a: Heatran
|-damage|p2a: Heatran|188\/385
|
|-heal|p2a: Heatran|385\/385|[from] move: Wish|[wisher] Clefable
|turn|17
|
|switch|p1a: Slowbro|Slowbro, F|394\/394
|-damage|p1a: Slowbro|345\/394|[from] Stealth Rock
|move|p2a: Heatran|Toxic|p1a: Slowbro
|-status|p1a: Slowbro|tox
|
|-heal|p1a: Slowbro|369\/394 tox|[from] item: Leftovers
|-damage|p1a: Slowbro|345\/394 tox|[from] psn
|turn|18
|
|move|p2a: Heatran|Protect|p2a: Heatran
|-singleturn|p2a: Heatran|Protect
|move|p1a: Slowbro|Scald|p2a: Heatran
|-activate|p2a: Heatran|Protect
|
|-heal|p1a: Slowbro|369\/394 tox|[from] item: Leftovers
|-damage|p1a: Slowbro|321\/394 tox|[from] psn
|turn|19
|
|switch|p2a: Clefable|Clefable, F|394\/394 par
|move|p1a: Slowbro|Thunder Wave|p2a: Clefable
|-fail|p2a: Clefable|par
|
|-heal|p1a: Slowbro|345\/394 tox|[from] item: Leftovers
|-damage|p1a: Slowbro|273\/394 tox|[from] psn
|turn|20
|
|switch|p1a: Clefable|Clefable, F|319\/394
|move|p2a: Clefable|Wish|p2a: Clefable
|
|-heal|p1a: Clefable|343\/394|[from] item: Leftovers
|turn|21
|
|switch|p2a: Excadrill|Excadrill, M|217\/391
|-ability|p2a: Excadrill|Mold Breaker
|move|p1a: Clefable|Flamethrower|p2a: Excadrill
|-supereffective|p2a: Excadrill
|-damage|p2a: Excadrill|23\/391
|
|-heal|p2a: Excadrill|220\/391|[from] move: Wish|[wisher] Clefable
|-heal|p1a: Clefable|367\/394|[from] item: Leftovers
|turn|22
|chat|benito camelo|lol
|chat|benito camelo|no assault vest
|chat|lalaralala2|well that was close lol
|
|switch|p1a: Landorus-Therian|Landorus-Therian, M|189\/319
|-damage|p1a: Landorus-Therian|150\/319|[from] Stealth Rock
|-ability|p1a: Landorus-Therian|Intimidate|[of] p2a: Excadrill
|-unboost|p2a: Excadrill|atk|1
|move|p2a: Excadrill|Iron Head|p1a: Landorus-Therian
|-damage|p1a: Landorus-Therian|38\/319
|
|turn|23
|
|switch|p2a: Venusaur|Venusaur-Mega, F|257\/364
|move|p1a: Landorus-Therian|Superpower|p2a: Venusaur
|-resisted|p2a: Venusaur
|-damage|p2a: Venusaur|209\/364
|-unboost|p1a: Landorus-Therian|atk|1
|-unboost|p1a: Landorus-Therian|def|1
|
|turn|24
|
|switch|p1a: Latios|Latios, M|302\/302
|-damage|p1a: Latios|265\/302|[from] Stealth Rock
|move|p2a: Venusaur|Giga Drain|p1a: Latios
|-crit|p1a: Latios
|-resisted|p1a: Latios
|-damage|p1a: Latios|193\/302
|-heal|p2a: Venusaur|245\/364|[from] drain|[of] p1a: Latios
|
|turn|25
|
|switch|p2a: Clefable|Clefable, F|394\/394 par
|move|p1a: Latios|Trick|p2a: Clefable
|-activate|p1a: Latios|move: Trick|[of] p2a: Clefable
|-item|p2a: Clefable|Choice Scarf|[from] move: Trick
|-item|p1a: Latios|Leftovers|[from] move: Trick
|
|-heal|p1a: Latios|211\/302|[from] item: Leftovers
|turn|26
|
|switch|p1a: Heatran|Heatran, F|383\/383 slp
|-damage|p1a: Heatran|336\/383 slp|[from] Stealth Rock
|move|p2a: Clefable|Heal Bell|p2a: Clefable
|-cureteam|p2a: Clefable|[from] move: HealBell
|
|-heal|p1a: Heatran|359\/383 slp|[from] item: Leftovers
|turn|27
|
|switch|p2a: Azumarill|Azumarill, F|383\/383
|switch|p1a: Landorus-Therian|Landorus-Therian, M|38\/319
|-damage|p1a: Landorus-Therian|0 fnt|[from] Stealth Rock
|faint|p1a: Landorus-Therian
|
|chat|benito camelo|lel
|
|switch|p1a: Slowbro|Slowbro, F|394\/394 tox
|-damage|p1a: Slowbro|345\/394 tox|[from] Stealth Rock
|turn|28
|
|switch|p2a: Rotom-Wash|Rotom-Wash|159\/241
|move|p1a: Slowbro|Thunder Wave|p2a: Rotom-Wash
|-fail|p2a: Rotom-Wash
|
|-heal|p1a: Slowbro|369\/394 tox|[from] item: Leftovers
|-damage|p1a: Slowbro|345\/394 tox|[from] psn
|turn|29
|
|switch|p1a: Clefable|Clefable, F|367\/394
|move|p2a: Rotom-Wash|Volt Switch|p1a: Clefable
|-crit|p1a: Clefable
|-damage|p1a: Clefable|223\/394
|
|switch|p2a: Excadrill|Excadrill, M|220\/391
|-ability|p2a: Excadrill|Mold Breaker
|
|-heal|p1a: Clefable|247\/394|[from] item: Leftovers
|turn|30
|
|switch|p1a: Heatran|Heatran, F|359\/383 slp
|-damage|p1a: Heatran|312\/383 slp|[from] Stealth Rock
|move|p2a: Excadrill|Iron Head|p1a: Heatran
|-resisted|p1a: Heatran
|-damage|p1a: Heatran|275\/383 slp
|
|-heal|p1a: Heatran|298\/383 slp|[from] item: Leftovers
|turn|31
|
|move|p2a: Excadrill|Earthquake|p1a: Heatran
|-supereffective|p1a: Heatran
|-damage|p1a: Heatran|0 fnt
|faint|p1a: Heatran
|
|chat|benito camelo|XD
|
|switch|p1a: Scizor|Scizor-Mega, F|301\/343
|-damage|p1a: Scizor|259\/343|[from] Stealth Rock
|turn|32
|
|switch|p2a: Heatran|Heatran, F|385\/385
|switch|p1a: Slowbro|Slowbro, F|394\/394 tox
|-damage|p1a: Slowbro|345\/394 tox|[from] Stealth Rock
|
|-heal|p1a: Slowbro|369\/394 tox|[from] item: Leftovers
|-damage|p1a: Slowbro|345\/394 tox|[from] psn
|turn|33
|
|move|p2a: Heatran|Protect|p2a: Heatran
|-singleturn|p2a: Heatran|Protect
|move|p1a: Slowbro|Scald|p2a: Heatran
|-activate|p2a: Heatran|Protect
|
|-heal|p1a: Slowbro|369\/394 tox|[from] item: Leftovers
|-damage|p1a: Slowbro|321\/394 tox|[from] psn
|turn|34
|
|switch|p2a: Venusaur|Venusaur-Mega, F|245\/364
|move|p1a: Slowbro|Psyshock|p2a: Venusaur
|-supereffective|p2a: Venusaur
|-damage|p2a: Venusaur|131\/364
|
|-heal|p1a: Slowbro|345\/394 tox|[from] item: Leftovers
|-damage|p1a: Slowbro|273\/394 tox|[from] psn
|turn|35
|chat|benito camelo|D:
|
|switch|p1a: Latios|Latios, M|211\/302
|-damage|p1a: Latios|174\/302|[from] Stealth Rock
|move|p2a: Venusaur|Synthesis|p2a: Venusaur
|-heal|p2a: Venusaur|313\/364
|
|-heal|p1a: Latios|192\/302|[from] item: Leftovers
|turn|36
|
|switch|p2a: Clefable|Clefable, F|394\/394
|move|p1a: Latios|Defog|p2a: Clefable
|-unboost|p2a: Clefable|evasion|1
|-sideend|p1: lalaralala2|Stealth Rock|[from] move: Defog|[of] p1a: Latios
|
|-heal|p1a: Latios|210\/302|[from] item: Leftovers
|turn|37
|
|move|p1a: Latios|Psyshock|p2a: Clefable
|-damage|p2a: Clefable|276\/394
|move|p2a: Clefable|Moonblast|p1a: Latios
|-supereffective|p1a: Latios
|-damage|p1a: Latios|0 fnt
|faint|p1a: Latios
|
|chat|lalaralala2|hahaha lol
|chat|lalaralala2|gg
|
|switch|p1a: Clefable|Clefable, F|247\/394
|turn|38
|chat|benito camelo|GG
|chat|benito camelo|x33
|
|switch|p2a: Venusaur|Venusaur-Mega, F|313\/364
|move|p1a: Clefable|Soft-Boiled|p1a: Clefable
|-heal|p1a: Clefable|394\/394
|
|turn|39
|
|switch|p1a: Scizor|Scizor-Mega, F|259\/343
|move|p2a: Venusaur|Sludge Bomb|p1a: Scizor
|-immune|p1a: Scizor|[msg]
|
|turn|40
|
|switch|p2a: Heatran|Heatran, F|385\/385
|move|p1a: Scizor|Knock Off|p2a: Heatran
|-damage|p2a: Heatran|306\/385
|
|turn|41
|
|switch|p1a: Slowbro|Slowbro, F|394\/394 tox
|move|p2a: Heatran|Stealth Rock|p1a: Slowbro
|-sidestart|p1: lalaralala2|move: Stealth Rock
|
|-damage|p1a: Slowbro|370\/394 tox|[from] psn
|turn|42
|
|move|p2a: Heatran|Protect|p2a: Heatran
|-singleturn|p2a: Heatran|Protect
|move|p1a: Slowbro|Scald|p2a: Heatran
|-activate|p2a: Heatran|Protect
|
|-heal|p1a: Slowbro|394\/394 tox|[from] item: Leftovers
|-damage|p1a: Slowbro|346\/394 tox|[from] psn
|turn|43
|
|switch|p2a: Rotom-Wash|Rotom-Wash|159\/241
|move|p1a: Slowbro|Psyshock|p2a: Rotom-Wash
|-damage|p2a: Rotom-Wash|77\/241
|
|-heal|p1a: Slowbro|370\/394 tox|[from] item: Leftovers
|-damage|p1a: Slowbro|298\/394 tox|[from] psn
|turn|44
|
|move|p2a: Rotom-Wash|Volt Switch|p1a: Slowbro
|-supereffective|p1a: Slowbro
|-damage|p1a: Slowbro|32\/394 tox
|
|switch|p2a: Clefable|Clefable, F|276\/394
|move|p1a: Slowbro|Slack Off|p1a: Slowbro
|-heal|p1a: Slowbro|229\/394 tox
|
|-heal|p1a: Slowbro|253\/394 tox|[from] item: Leftovers
|-damage|p1a: Slowbro|157\/394 tox|[from] psn
|turn|45
|
|switch|p1a: Scizor|Scizor-Mega, F|259\/343
|-damage|p1a: Scizor|217\/343|[from] Stealth Rock
|move|p2a: Clefable|Moonblast|p1a: Scizor
|-resisted|p1a: Scizor
|-damage|p1a: Scizor|168\/343
|
|turn|46
|
|move|p2a: Clefable|Moonblast|p1a: Scizor
|-resisted|p1a: Scizor
|-damage|p1a: Scizor|117\/343
|move|p1a: Scizor|Roost|p1a: Scizor
|-heal|p1a: Scizor|289\/343
|
|turn|47
|chat|benito camelo|fuck xD
|chat|benito camelo|knock off
|chat|benito camelo|plz:c
|
|switch|p2a: Venusaur|Venusaur-Mega, F|313\/364
|move|p1a: Scizor|Bullet Punch|p2a: Venusaur
|-damage|p2a: Venusaur|234\/364
|
|turn|48
|
|move|p2a: Venusaur|Sleep Powder|p1a: Scizor
|-status|p1a: Scizor|slp
|cant|p1a: Scizor|slp
|
|turn|49
|
|switch|p2a: Heatran|Heatran, F|306\/385
|-curestatus|p1a: Scizor|slp
|move|p1a: Scizor|Swords Dance|p1a: Scizor
|-boost|p1a: Scizor|atk|2
|
|turn|50
|
|switch|p1a: Clefable|Clefable, F|394\/394
|move|p2a: Heatran|Lava Plume|p1a: Clefable
|-damage|p1a: Clefable|283\/394
|
|-heal|p1a: Clefable|307\/394|[from] item: Leftovers
|turn|51
|
|move|p2a: Heatran|Lava Plume|p1a: Clefable
|-damage|p1a: Clefable|195\/394
|-status|p1a: Clefable|brn
|move|p1a: Clefable|Calm Mind|p1a: Clefable
|-boost|p1a: Clefable|spa|1
|-boost|p1a: Clefable|spd|1
|
|-heal|p1a: Clefable|219\/394 brn|[from] item: Leftovers
|turn|52
|
|switch|p2a: Rotom-Wash|Rotom-Wash|77\/241
|move|p1a: Clefable|Soft-Boiled|p1a: Clefable
|-heal|p1a: Clefable|394\/394 brn
|
|turn|53
|
|move|p2a: Rotom-Wash|Trick|p1a: Clefable
|-activate|p2a: Rotom-Wash|move: Trick|[of] p1a: Clefable
|-item|p1a: Clefable|Choice Scarf|[from] move: Trick
|-item|p2a: Rotom-Wash|Leftovers|[from] move: Trick
|move|p1a: Clefable|Moonblast|p2a: Rotom-Wash
|-damage|p2a: Rotom-Wash|0 fnt
|faint|p2a: Rotom-Wash
|
|
|switch|p2a: Excadrill|Excadrill, M|220\/391
|-ability|p2a: Excadrill|Mold Breaker
|turn|54
|
|switch|p1a: Slowbro|Slowbro, F|288\/394 tox
|-damage|p1a: Slowbro|239\/394 tox|[from] Stealth Rock
|move|p2a: Excadrill|Iron Head|p1a: Slowbro
|-resisted|p1a: Slowbro
|-damage|p1a: Slowbro|185\/394 tox
|
|-heal|p1a: Slowbro|209\/394 tox|[from] item: Leftovers
|-damage|p1a: Slowbro|185\/394 tox|[from] psn
|turn|55
|
|switch|p2a: Clefable|Clefable, F|276\/394
|move|p1a: Slowbro|Scald|p2a: Clefable
|-damage|p2a: Clefable|165\/394
|
|-heal|p1a: Slowbro|209\/394 tox|[from] item: Leftovers
|-damage|p1a: Slowbro|161\/394 tox|[from] psn
|turn|56
|
|move|p2a: Clefable|Wish|p2a: Clefable
|move|p1a: Slowbro|Slack Off|p1a: Slowbro
|-heal|p1a: Slowbro|358\/394 tox
|
|-heal|p1a: Slowbro|382\/394 tox|[from] item: Leftovers
|-damage|p1a: Slowbro|310\/394 tox|[from] psn
|turn|57
|
|move|p2a: Clefable|Wish|p2a: Clefable
|-fail|p2a: Clefable
|move|p1a: Slowbro|Thunder Wave|p2a: Clefable
|-status|p2a: Clefable|par
|
|-heal|p2a: Clefable|362\/394 par|[from] move: Wish|[wisher] Clefable
|-heal|p1a: Slowbro|334\/394 tox|[from] item: Leftovers
|-damage|p1a: Slowbro|238\/394 tox|[from] psn
|turn|58
|
|move|p1a: Slowbro|Psyshock|p2a: Clefable
|-damage|p2a: Clefable|277\/394 par
|cant|p2a: Clefable|par
|
|-heal|p1a: Slowbro|262\/394 tox|[from] item: Leftovers
|-damage|p1a: Slowbro|142\/394 tox|[from] psn
|turn|59
|
|move|p1a: Slowbro|Slack Off|p1a: Slowbro
|-heal|p1a: Slowbro|339\/394 tox
|cant|p2a: Clefable|par
|
|-heal|p1a: Slowbro|363\/394 tox|[from] item: Leftovers
|-damage|p1a: Slowbro|219\/394 tox|[from] psn
|turn|60
|
|switch|p1a: Scizor|Scizor-Mega, F|289\/343
|-damage|p1a: Scizor|247\/343|[from] Stealth Rock
|move|p2a: Clefable|Wish|p2a: Clefable
|
|turn|61
|
|switch|p2a: Heatran|Heatran, F|306\/385
|move|p1a: Scizor|Swords Dance|p1a: Scizor
|-boost|p1a: Scizor|atk|2
|
|-heal|p2a: Heatran|385\/385|[from] move: Wish|[wisher] Clefable
|turn|62
|
|switch|p1a: Slowbro|Slowbro, F|350\/394 tox
|-damage|p1a: Slowbro|301\/394 tox|[from] Stealth Rock
|move|p2a: Heatran|Lava Plume|p1a: Slowbro
|-resisted|p1a: Slowbro
|-damage|p1a: Slowbro|235\/394 tox
|
|-heal|p1a: Slowbro|259\/394 tox|[from] item: Leftovers
|-damage|p1a: Slowbro|235\/394 tox|[from] psn
|turn|63
|
|move|p2a: Heatran|Protect|p2a: Heatran
|-singleturn|p2a: Heatran|Protect
|move|p1a: Slowbro|Slack Off|p1a: Slowbro
|-heal|p1a: Slowbro|394\/394 tox
|
|-damage|p1a: Slowbro|346\/394 tox|[from] psn
|turn|64
|chat|benito camelo|die plz :'c
|
|move|p2a: Heatran|Lava Plume|p1a: Slowbro
|-resisted|p1a: Slowbro
|-damage|p1a: Slowbro|271\/394 tox
|move|p1a: Slowbro|Scald|p2a: Heatran
|-supereffective|p2a: Heatran
|-damage|p2a: Heatran|247\/385
|
|-heal|p1a: Slowbro|295\/394 tox|[from] item: Leftovers
|-damage|p1a: Slowbro|223\/394 tox|[from] psn
|turn|65
|
|move|p2a: Heatran|Protect|p2a: Heatran
|-singleturn|p2a: Heatran|Protect
|move|p1a: Slowbro|Slack Off|p1a: Slowbro
|-heal|p1a: Slowbro|394\/394 tox
|
|-damage|p1a: Slowbro|298\/394 tox|[from] psn
|turn|66
|
|switch|p2a: Clefable|Clefable, F|277\/394 par
|move|p1a: Slowbro|Scald|p2a: Clefable
|-damage|p2a: Clefable|180\/394 par
|
|-heal|p1a: Slowbro|322\/394 tox|[from] item: Leftovers
|-damage|p1a: Slowbro|202\/394 tox|[from] psn
|turn|67
|
|switch|p1a: Scizor|Scizor-Mega, F|247\/343
|-damage|p1a: Scizor|205\/343|[from] Stealth Rock
|move|p2a: Clefable|Moonblast|p1a: Scizor
|-resisted|p1a: Scizor
|-damage|p1a: Scizor|155\/343
|
|turn|68
|
|switch|p2a: Heatran|Heatran, F|247\/385
|move|p1a: Scizor|Knock Off|p2a: Heatran
|-damage|p2a: Heatran|170\/385
|
|turn|69
|
|switch|p1a: Slowbro|Slowbro, F|333\/394 tox
|-damage|p1a: Slowbro|284\/394 tox|[from] Stealth Rock
|move|p2a: Heatran|Lava Plume|p1a: Slowbro
|-resisted|p1a: Slowbro
|-damage|p1a: Slowbro|215\/394 tox
|
|-heal|p1a: Slowbro|239\/394 tox|[from] item: Leftovers
|-damage|p1a: Slowbro|215\/394 tox|[from] psn
|turn|70
|
|switch|p2a: Venusaur|Venusaur-Mega, F|234\/364
|move|p1a: Slowbro|Thunder Wave|p2a: Venusaur
|-status|p2a: Venusaur|par
|
|-heal|p1a: Slowbro|239\/394 tox|[from] item: Leftovers
|-damage|p1a: Slowbro|191\/394 tox|[from] psn
|turn|71
|chat|benito camelo|variation xD
|
|move|p1a: Slowbro|Psyshock|p2a: Venusaur
|-supereffective|p2a: Venusaur
|-damage|p2a: Venusaur|114\/364 par
|cant|p2a: Venusaur|par
|
|-heal|p1a: Slowbro|215\/394 tox|[from] item: Leftovers
|-damage|p1a: Slowbro|143\/394 tox|[from] psn
|turn|72
|
|move|p1a: Slowbro|Psyshock|p2a: Venusaur
|-supereffective|p2a: Venusaur
|-damage|p2a: Venusaur|0 fnt
|faint|p2a: Venusaur
|
|-heal|p1a: Slowbro|167\/394 tox|[from] item: Leftovers
|-damage|p1a: Slowbro|71\/394 tox|[from] psn
|
|switch|p2a: Excadrill|Excadrill, M|220\/391
|-ability|p2a: Excadrill|Mold Breaker
|turn|73
|chat|benito camelo|DIE
|
|switch|p1a: Clefable|Clefable, F|394\/394 brn
|move|p2a: Excadrill|Earthquake|p1a: Clefable
|-damage|p1a: Clefable|196\/394 brn
|
|turn|74
|
|move|p2a: Excadrill|Earthquake|p1a: Clefable
|-damage|p1a: Clefable|0 fnt
|faint|p1a: Clefable
|
|
|switch|p1a: Scizor|Scizor-Mega, F|155\/343
|-damage|p1a: Scizor|113\/343|[from] Stealth Rock
|turn|75
|
|move|p2a: Excadrill|Earthquake|p1a: Scizor
|-damage|p1a: Scizor|0 fnt
|faint|p1a: Scizor
|
|chat|benito camelo|GG
|
|switch|p1a: Slowbro|Slowbro, F|202\/394 tox
|-damage|p1a: Slowbro|153\/394 tox|[from] Stealth Rock
|turn|76
|
|move|p2a: Excadrill|Earthquake|p1a: Slowbro
|-damage|p1a: Slowbro|17\/394 tox
|move|p1a: Slowbro|Scald|p2a: Excadrill
|-supereffective|p2a: Excadrill
|-damage|p2a: Excadrill|0 fnt
|faint|p2a: Excadrill
|
|-heal|p1a: Slowbro|41\/394 tox|[from] item: Leftovers
|-damage|p1a: Slowbro|17\/394 tox|[from] psn
|
|switch|p2a: Azumarill|Azumarill, F|383\/383
|turn|77
|
|move|p2a: Azumarill|Waterfall|p1a: Slowbro
|-resisted|p1a: Slowbro
|-damage|p1a: Slowbro|0 fnt
|faint|p1a: Slowbro
|
|win|benito camelo
|raw|Ladder updating...
|chat|benito camelo|realy good game
|raw|lalaralala2's rating: 1478 &rarr; <strong>1458<\/strong><br \/>(-20 for losing)
|raw|benito camelo's rating: 1471 &rarr; <strong>1491<\/strong><br \/>(+20 for winning)
|chat|lalaralala2|gg
|chat|lalaralala2|eres espaÃ±ol? xD
|chat|benito camelo|yhea
|chat|benito camelo|a no manches xd
|chat|lalaralala2|jajaja
|chat|lalaralala2|bueno, gg
|chat|benito camelo|GG
|leave|benito camelo
|player|p2
|chat|lalaralala2|perdona por dar tanta guerra xD
|chat|lalaralala2|ciao!
|leave|lalaralala2
|player|p1
|join|benito camelo