|join|Impersonatrix
|join|benito camelo
|player|p1|Impersonatrix|167
|player|p2|benito camelo|209
|gametype|singles
|gen|6
|tier|OU
|rated
|clearpoke
|poke|p1|Diggersby, M
|poke|p1|Azumarill, M
|poke|p1|Gardevoir, F
|poke|p1|Magnezone
|poke|p1|Mamoswine, M
|poke|p1|Mew
|poke|p2|Landorus-Therian, M, shiny
|poke|p2|Latias, F
|poke|p2|Rotom-Wash
|poke|p2|Medicham, M, shiny
|poke|p2|Scizor, M, shiny
|poke|p2|Gengar, F, shiny
|rule|Swagger Clause: Swagger is banned
|rule|Baton Pass Clause: Limit one PokÃ©mon knowing Baton Pass
|rule|Sleep Clause Mod: Limit one foe put to sleep
|rule|Species Clause: Limit one of each PokÃ©mon
|rule|OHKO Clause: OHKO moves are banned
|rule|Moody Clause: Moody is banned
|rule|Evasion Moves Clause: Evasion moves are banned
|rule|Endless Battle Clause: Forcing endless battles is banned
|rule|HP Percentage Mod: HP is shown in percentages
|teampreview
|
|start
|switch|p1a: Gardevoir|Gardevoir, F|277\/277
|switch|p2a: gocowash|Rotom-Wash|241\/241
|-ability|p1a: Gardevoir|Levitate|[from] ability: Trace|[of] p2a: gocowash
|turn|1
|
|detailschange|p1a: Gardevoir|Gardevoir-Mega, F
|message|Gardevoir has Mega Evolved into Mega Gardevoir!
|move|p2a: gocowash|Volt Switch|p1a: Gardevoir
|-damage|p1a: Gardevoir|187\/277
|
|switch|p2a: Scizor|Scizor, M, shiny|343\/343
|move|p1a: Gardevoir|Will-O-Wisp|p2a: Scizor
|-status|p2a: Scizor|brn
|
|-damage|p2a: Scizor|301\/343 brn|[from] brn
|turn|2
|
|switch|p1a: Mew|Mew|404\/404
|move|p2a: Scizor|U-turn|p1a: Mew
|-supereffective|p1a: Mew
|-damage|p1a: Mew|234\/404
|
|switch|p2a: bloody mary|Gengar, F, shiny|273\/273
|
|-heal|p1a: Mew|259\/404|[from] item: Leftovers
|turn|3
|
|move|p2a: bloody mary|Shadow Ball|p1a: Mew
|-supereffective|p1a: Mew
|-damage|p1a: Mew|0 fnt
|faint|p1a: Mew
|
|
|switch|p1a: Mamoswine|Mamoswine, M|361\/361
|turn|4
|
|switch|p2a: Scizor|Scizor, M, shiny|301\/343 brn
|move|p1a: Mamoswine|Icicle Spear|p2a: Scizor
|-resisted|p2a: Scizor
|-damage|p2a: Scizor|277\/343 brn
|-crit|p2a: Scizor
|-resisted|p2a: Scizor
|-damage|p2a: Scizor|245\/343 brn
|-resisted|p2a: Scizor
|-damage|p2a: Scizor|224\/343 brn
|-resisted|p2a: Scizor
|-damage|p2a: Scizor|203\/343 brn
|-hitcount|p2a: Scizor|4
|
|-damage|p2a: Scizor|161\/343 brn|[from] brn
|turn|5
|
|move|p1a: Mamoswine|Stealth Rock|p2a: Scizor
|-sidestart|p2: benito camelo|move: Stealth Rock
|move|p2a: Scizor|Superpower|p1a: Mamoswine
|-supereffective|p1a: Mamoswine
|-damage|p1a: Mamoswine|89\/361
|-unboost|p2a: Scizor|atk|1
|-unboost|p2a: Scizor|def|1
|
|-damage|p2a: Scizor|119\/343 brn|[from] brn
|turn|6
|
|move|p1a: Mamoswine|Ice Shard|p2a: Scizor
|-resisted|p2a: Scizor
|-damage|p2a: Scizor|67\/343 brn
|move|p2a: Scizor|Superpower|p1a: Mamoswine
|-supereffective|p1a: Mamoswine
|-damage|p1a: Mamoswine|0 fnt
|-unboost|p2a: Scizor|atk|1
|-unboost|p2a: Scizor|def|1
|faint|p1a: Mamoswine
|
|-damage|p2a: Scizor|25\/343 brn|[from] brn
|
|switch|p1a: Magnezone|Magnezone|281\/281
|turn|7
|
|move|p1a: Magnezone|Volt Switch|p2a: Scizor
|-damage|p2a: Scizor|0 fnt
|faint|p2a: Scizor
|
|switch|p1a: Diggersby|Diggersby, M|312\/312
|
|
|switch|p2a: gocowash|Rotom-Wash|241\/241
|-damage|p2a: gocowash|211\/241|[from] Stealth Rock
|turn|8
|
|switch|p1a: Azumarill|Azumarill, M|401\/401
|move|p2a: gocowash|Volt Switch|p1a: Azumarill
|-supereffective|p1a: Azumarill
|-damage|p1a: Azumarill|231\/401
|
|switch|p2a: bloody mary|Gengar, F, shiny|273\/273
|-damage|p2a: bloody mary|239\/273|[from] Stealth Rock
|
|-heal|p2a: bloody mary|256\/273|[from] item: Black Sludge
|turn|9
|
|move|p1a: Azumarill|Aqua Jet|p2a: bloody mary
|-damage|p2a: bloody mary|118\/273
|move|p2a: bloody mary|Sludge Wave|p1a: Azumarill
|-supereffective|p1a: Azumarill
|-damage|p1a: Azumarill|0 fnt
|faint|p1a: Azumarill
|
|-heal|p2a: bloody mary|135\/273|[from] item: Black Sludge
|
|switch|p1a: Magnezone|Magnezone|281\/281
|turn|10
|
|switch|p2a: lolipop|Landorus-Therian, M, shiny|382\/382
|-damage|p2a: lolipop|335\/382|[from] Stealth Rock
|-ability|p2a: lolipop|Intimidate|[of] p1a: Magnezone
|-unboost|p1a: Magnezone|atk|1
|move|p1a: Magnezone|Volt Switch|p2a: lolipop
|-immune|p2a: lolipop|[msg]
|
|-heal|p2a: lolipop|358\/382|[from] item: Leftovers
|turn|11
|
|switch|p1a: Diggersby|Diggersby, M|312\/312
|move|p2a: lolipop|Earthquake|p1a: Diggersby
|-damage|p1a: Diggersby|102\/312
|
|-heal|p2a: lolipop|381\/382|[from] item: Leftovers
|turn|12
|
|move|p1a: Diggersby|Return|p2a: lolipop
|-damage|p2a: lolipop|192\/382
|move|p2a: lolipop|Earthquake|p1a: Diggersby
|-damage|p1a: Diggersby|0 fnt
|faint|p1a: Diggersby
|
|-heal|p2a: lolipop|215\/382|[from] item: Leftovers
|
|switch|p1a: Magnezone|Magnezone|281\/281
|turn|13
|
|switch|p2a: gocowash|Rotom-Wash|211\/241
|-damage|p2a: gocowash|181\/241|[from] Stealth Rock
|move|p1a: Magnezone|Flash Cannon|p2a: gocowash
|-resisted|p2a: gocowash
|-damage|p2a: gocowash|147\/241
|
|turn|14
|
|move|p2a: gocowash|Hydro Pump|p1a: Magnezone
|-damage|p1a: Magnezone|100\/281
|move|p1a: Magnezone|Flash Cannon|p2a: gocowash
|-resisted|p2a: gocowash
|-damage|p2a: gocowash|112\/241
|
|turn|15
|
|move|p2a: gocowash|Hydro Pump|p1a: Magnezone
|-damage|p1a: Magnezone|0 fnt
|faint|p1a: Magnezone
|
|-message|Impersonatrix forfeited.
|
|win|benito camelo
|raw|Ladder updating...
|raw|Impersonatrix's rating: 1455 &rarr; <strong>1434<\/strong><br \/>(-21 for losing)
|raw|benito camelo's rating: 1435 &rarr; <strong>1456<\/strong><br \/>(+21 for winning)
|leave|Impersonatrix
|player|p1