|join|benito camelo
|join|Gackto15
|player|p1|benito camelo|209
|player|p2|Gackto15|153
|gametype|singles
|gen|6
|tier|OU
|rated
|clearpoke
|poke|p1|Greninja, M, shiny
|poke|p1|Venusaur, M
|poke|p1|Heatran, M
|poke|p1|Mandibuzz, F
|poke|p1|Bisharp, M
|poke|p1|Chansey, F
|poke|p2|Miltank, F
|poke|p2|Dusclops, F
|poke|p2|Charizard, F
|poke|p2|Nidoking, M, shiny
|poke|p2|Heracross, F
|poke|p2|Haxorus, M, shiny
|rule|Sleep Clause Mod: Limit one foe put to sleep
|rule|Species Clause: Limit one of each Pokemon
|rule|OHKO Clause: OHKO moves are banned
|rule|Moody Clause: Moody is banned
|rule|Evasion Moves Clause: Evasion moves are banned
|rule|Endless Battle Clause: Forcing endless battles is banned.
|rule|HP Percentage Mod: HP is reported as percentages
|teampreview
|
|start
|switch|p1a: Bisharp|Bisharp, M|272\/272
|switch|p2a: Haxorus|Haxorus, M, shiny|294\/294
|-ability|p2a: Haxorus|Mold Breaker
|turn|1
|
|switch|p1a: Mandibuzz|Mandibuzz, F|424\/424
|move|p2a: Haxorus|Dragon Dance|p2a: Haxorus
|-boost|p2a: Haxorus|atk|1
|-boost|p2a: Haxorus|spe|1
|
|turn|2
|
|move|p2a: Haxorus|Dragon Dance|p2a: Haxorus
|-boost|p2a: Haxorus|atk|1
|-boost|p2a: Haxorus|spe|1
|move|p1a: Mandibuzz|Taunt|p2a: Haxorus
|-start|p2a: Haxorus|move: Taunt
|
|turn|3
|
|move|p2a: Haxorus|Dragon Claw|p1a: Mandibuzz
|-damage|p1a: Mandibuzz|135\/424
|-damage|p2a: Haxorus|265\/294|[from] item: Life Orb
|move|p1a: Mandibuzz|Foul Play|p2a: Haxorus
|-damage|p2a: Haxorus|0 fnt
|faint|p2a: Haxorus
|
|-heal|p1a: Mandibuzz|161\/424|[from] item: Leftovers
|chat|benito camelo|hu3hu3h3
|
|switch|p2a: Charizard|Charizard, F|298\/298
|turn|4
|
|switch|p1a: Heatran|Heatran, M|386\/386
|detailschange|p2a: Charizard|Charizard-Mega-Y, F
|message|Charizard has Mega Evolved into Mega Charizard!
|-weather|SunnyDay
|move|p2a: Charizard|Ancient Power|p1a: Heatran
|-damage|p1a: Heatran|328\/386
|
|-weather|SunnyDay|[upkeep]
|-heal|p1a: Heatran|352\/386|[from] item: Leftovers
|turn|5
|
|move|p2a: Charizard|Air Slash|p1a: Heatran
|-resisted|p1a: Heatran
|-damage|p1a: Heatran|294\/386
|cant|p1a: Heatran|flinch
|
|-weather|SunnyDay|[upkeep]
|-heal|p1a: Heatran|318\/386|[from] item: Leftovers
|turn|6
|
|move|p2a: Charizard|Ancient Power|p1a: Heatran
|-damage|p1a: Heatran|258\/386
|move|p1a: Heatran|Toxic|p2a: Charizard|[miss]
|-miss|p1a: Heatran|p2a: Charizard
|
|-weather|SunnyDay|[upkeep]
|-heal|p1a: Heatran|282\/386|[from] item: Leftovers
|turn|7
|chat|benito camelo|3e_e
|
|move|p2a: Charizard|Air Slash|p1a: Heatran
|-resisted|p1a: Heatran
|-damage|p1a: Heatran|230\/386
|cant|p1a: Heatran|flinch
|
|-weather|SunnyDay|[upkeep]
|-heal|p1a: Heatran|254\/386|[from] item: Leftovers
|turn|8
|
|switch|p2a: Nidoking|Nidoking, M, shiny|304\/304
|move|p1a: Heatran|Toxic|p2a: Nidoking
|-fail|p2a: Nidoking
|
|-weather|none
|-heal|p1a: Heatran|278\/386|[from] item: Leftovers
|turn|9
|chat|benito camelo|lel
|
|move|p1a: Heatran|Protect|p1a: Heatran
|-singleturn|p1a: Heatran|Protect
|move|p2a: Nidoking|Thunderbolt|p1a: Heatran
|-activate|p1a: Heatran|Protect
|
|-heal|p1a: Heatran|302\/386|[from] item: Leftovers
|turn|10
|
|switch|p1a: Chansey|Chansey, F|704\/704
|move|p2a: Nidoking|Earth Power|p1a: Chansey
|-damage|p1a: Chansey|574\/704
|
|turn|11
|
|move|p2a: Nidoking|Sludge Wave|p1a: Chansey
|-damage|p1a: Chansey|438\/704
|move|p1a: Chansey|Seismic Toss|p2a: Nidoking
|-damage|p2a: Nidoking|204\/304
|
|turn|12
|
|switch|p2a: Dusclops|Dusclops, F|284\/284
|-item|p1a: Chansey|Eviolite|[from] ability: Frisk|[of] p2a: Dusclops|[identify]
|move|p1a: Chansey|Soft-Boiled|p1a: Chansey
|-heal|p1a: Chansey|704\/704
|
|turn|13
|
|move|p1a: Chansey|Toxic|p2a: Dusclops
|-status|p2a: Dusclops|tox
|move|p2a: Dusclops|Night Shade|p1a: Chansey
|-immune|p1a: Chansey|[msg]
|
|-damage|p2a: Dusclops|267\/284 tox|[from] psn
|turn|14
|chat|benito camelo|:3
|
|switch|p1a: Venusaur|Venusaur, M|364\/364
|move|p2a: Dusclops|Toxic|p1a: Venusaur
|-fail|p1a: Venusaur
|
|-damage|p2a: Dusclops|233\/284 tox|[from] psn
|turn|15
|
|detailschange|p1a: Venusaur|Venusaur-Mega, M
|message|Venusaur has Mega Evolved into Mega Venusaur!
|move|p1a: Venusaur|Sleep Powder|p2a: Dusclops|[miss]
|-miss|p1a: Venusaur|p2a: Dusclops
|move|p2a: Dusclops|Will-O-Wisp|p1a: Venusaur
|-status|p1a: Venusaur|brn
|
|-damage|p1a: Venusaur|319\/364 brn|[from] brn
|-damage|p2a: Dusclops|182\/284 tox|[from] psn
|turn|16
|
|move|p1a: Venusaur|Sludge Bomb|p2a: Dusclops
|-resisted|p2a: Dusclops
|-damage|p2a: Dusclops|143\/284 tox
|move|p2a: Dusclops|Pain Split|p1a: Venusaur
|-sethp|p1a: Venusaur|231\/364 brn|p2a: Dusclops|231\/284 tox|[from] move: Pain Split
|
|-damage|p1a: Venusaur|186\/364 brn|[from] brn
|-damage|p2a: Dusclops|163\/284 tox|[from] psn
|turn|17
|
|move|p1a: Venusaur|Synthesis|p1a: Venusaur
|-heal|p1a: Venusaur|364\/364 brn
|move|p2a: Dusclops|Night Shade|p1a: Venusaur
|-damage|p1a: Venusaur|264\/364 brn
|
|-damage|p1a: Venusaur|219\/364 brn|[from] brn
|-damage|p2a: Dusclops|78\/284 tox|[from] psn
|turn|18
|
|switch|p2a: Charizard|Charizard-Mega-Y, F|298\/298
|-weather|SunnyDay
|move|p1a: Venusaur|Giga Drain|p2a: Charizard
|-resisted|p2a: Charizard
|-damage|p2a: Charizard|266\/298
|-heal|p1a: Venusaur|235\/364 brn|[from] drain|[of] p2a: Charizard
|
|-weather|SunnyDay|[upkeep]
|-damage|p1a: Venusaur|190\/364 brn|[from] brn
|turn|19
|
|switch|p1a: Chansey|Chansey, F|704\/704
|move|p2a: Charizard|Air Slash|p1a: Chansey
|-damage|p1a: Chansey|608\/704
|
|-weather|SunnyDay|[upkeep]
|turn|20
|
|move|p2a: Charizard|Flamethrower|p1a: Chansey
|-damage|p1a: Chansey|419\/704
|move|p1a: Chansey|Toxic|p2a: Charizard
|-status|p2a: Charizard|tox
|
|-weather|SunnyDay|[upkeep]
|-damage|p2a: Charizard|248\/298 tox|[from] psn
|turn|21
|
|switch|p2a: Heracross|Heracross, F|302\/302
|switch|p1a: Heatran|Heatran, M|302\/386
|
|-weather|SunnyDay|[upkeep]
|-heal|p1a: Heatran|326\/386|[from] item: Leftovers
|turn|22
|
|move|p1a: Heatran|Protect|p1a: Heatran
|-singleturn|p1a: Heatran|Protect
|move|p2a: Heracross|Close Combat|p1a: Heatran
|-activate|p1a: Heatran|Protect
|
|-weather|none
|-heal|p1a: Heatran|350\/386|[from] item: Leftovers
|turn|23
|
|move|p2a: Heracross|Close Combat|p1a: Heatran
|-supereffective|p1a: Heatran
|-damage|p1a: Heatran|0 fnt
|-unboost|p2a: Heracross|def|1
|-unboost|p2a: Heracross|spd|1
|faint|p1a: Heatran
|-boost|p2a: Heracross|atk|1|[from] ability: Moxie
|
|
|switch|p1a: Mandibuzz|Mandibuzz, F|161\/424
|turn|24
|
|move|p2a: Heracross|Close Combat|p1a: Mandibuzz
|-damage|p1a: Mandibuzz|0 fnt
|-unboost|p2a: Heracross|def|1
|-unboost|p2a: Heracross|spd|1
|faint|p1a: Mandibuzz
|-boost|p2a: Heracross|atk|1|[from] ability: Moxie
|
|
|switch|p1a: Venusaur|Venusaur-Mega, M|190\/364 brn
|turn|25
|
|move|p2a: Heracross|Close Combat|p1a: Venusaur
|-resisted|p1a: Venusaur
|-damage|p1a: Venusaur|0 fnt
|-unboost|p2a: Heracross|def|1
|-unboost|p2a: Heracross|spd|1
|faint|p1a: Venusaur
|-boost|p2a: Heracross|atk|1|[from] ability: Moxie
|
|
|switch|p1a: Bisharp|Bisharp, M|272\/272
|turn|26
|
|switch|p2a: Miltank|Miltank, F|384\/384
|move|p1a: Bisharp|Sucker Punch|p2a: Miltank
|-fail|p2a: Miltank
|
|turn|27
|
|move|p1a: Bisharp|Knock Off|p2a: Miltank
|-damage|p2a: Miltank|223\/384
|-enditem|p2a: Miltank|Leftovers|[from] move: Knock Off|[of] p1a: Bisharp
|-damage|p1a: Bisharp|245\/272|[from] item: Life Orb
|move|p2a: Miltank|Heal Bell|p2a: Miltank
|-cureteam|p2a: Miltank|[from] move: HealBell
|
|turn|28
|
|move|p1a: Bisharp|Swords Dance|p1a: Bisharp
|-boost|p1a: Bisharp|atk|2
|move|p2a: Miltank|Body Slam|p1a: Bisharp
|-resisted|p1a: Bisharp
|-damage|p1a: Bisharp|201\/272
|
|turn|29
|
|move|p1a: Bisharp|Iron Head|p2a: Miltank
|-damage|p2a: Miltank|0 fnt
|-damage|p1a: Bisharp|174\/272|[from] item: Life Orb
|faint|p2a: Miltank
|
|
|switch|p2a: Heracross|Heracross, F|302\/302
|turn|30
|
|move|p1a: Bisharp|Sucker Punch|p2a: Heracross
|-resisted|p2a: Heracross
|-damage|p2a: Heracross|77\/302
|-damage|p1a: Bisharp|147\/272|[from] item: Life Orb
|move|p2a: Heracross|Close Combat|p1a: Bisharp
|-crit|p1a: Bisharp
|-supereffective|p1a: Bisharp
|-damage|p1a: Bisharp|0 fnt
|-unboost|p2a: Heracross|def|1
|-unboost|p2a: Heracross|spd|1
|faint|p1a: Bisharp
|-boost|p2a: Heracross|atk|1|[from] ability: Moxie
|
|
|switch|p1a: Greninja|Greninja, M, shiny|285\/285
|turn|31
|
|-start|p1a: Greninja|typechange|Ghost|[from] Protean
|move|p1a: Greninja|Shadow Sneak|p2a: Heracross
|-damage|p2a: Heracross|0 fnt
|-damage|p1a: Greninja|257\/285|[from] item: Life Orb
|faint|p2a: Heracross
|
|chat|Gackto15|the only greninja physical attack i find lols
|
|switch|p2a: Charizard|Charizard-Mega-Y, F|248\/298
|-weather|SunnyDay
|turn|32
|chat|benito camelo|lel
|
|-start|p1a: Greninja|typechange|Bug|[from] Protean
|move|p1a: Greninja|U-turn|p2a: Charizard
|-resisted|p2a: Charizard
|-damage|p2a: Charizard|221\/298
|-damage|p1a: Greninja|229\/285|[from] item: Life Orb
|
|switch|p1a: Chansey|Chansey, F|419\/704
|move|p2a: Charizard|Flamethrower|p1a: Chansey
|-damage|p1a: Chansey|232\/704
|
|-weather|SunnyDay|[upkeep]
|turn|33
|
|move|p2a: Charizard|Flamethrower|p1a: Chansey
|-damage|p1a: Chansey|64\/704
|move|p1a: Chansey|Soft-Boiled|p1a: Chansey
|-heal|p1a: Chansey|416\/704
|
|-weather|SunnyDay|[upkeep]
|turn|34
|
|move|p2a: Charizard|Air Slash|p1a: Chansey
|-damage|p1a: Chansey|311\/704
|move|p1a: Chansey|Soft-Boiled|p1a: Chansey
|-heal|p1a: Chansey|663\/704
|
|-weather|SunnyDay|[upkeep]
|turn|35
|
|move|p2a: Charizard|Ancient Power|p1a: Chansey
|-damage|p1a: Chansey|607\/704
|move|p1a: Chansey|Toxic|p2a: Charizard
|-status|p2a: Charizard|tox
|
|-weather|SunnyDay|[upkeep]
|-damage|p2a: Charizard|203\/298 tox|[from] psn
|turn|36
|
|switch|p2a: Nidoking|Nidoking, M, shiny|204\/304
|move|p1a: Chansey|Seismic Toss|p2a: Nidoking
|-damage|p2a: Nidoking|104\/304
|
|-weather|none
|turn|37
|
|move|p2a: Nidoking|Sludge Wave|p1a: Chansey
|-damage|p1a: Chansey|477\/704
|move|p1a: Chansey|Seismic Toss|p2a: Nidoking
|-damage|p2a: Nidoking|4\/304
|
|turn|38
|
|move|p2a: Nidoking|Sludge Wave|p1a: Chansey
|-damage|p1a: Chansey|337\/704
|move|p1a: Chansey|Seismic Toss|p2a: Nidoking
|-damage|p2a: Nidoking|0 fnt
|faint|p2a: Nidoking
|
|
|switch|p2a: Dusclops|Dusclops, F|78\/284
|-item|p1a: Chansey|Eviolite|[from] ability: Frisk|[of] p2a: Dusclops|[identify]
|turn|39
|
|move|p1a: Chansey|Toxic|p2a: Dusclops
|-status|p2a: Dusclops|tox
|move|p2a: Dusclops|Pain Split|p1a: Chansey
|-sethp|p1a: Chansey|207\/704|p2a: Dusclops|207\/284 tox|[from] move: Pain Split
|
|-damage|p2a: Dusclops|190\/284 tox|[from] psn
|turn|40
|
|move|p1a: Chansey|Soft-Boiled|p1a: Chansey
|-heal|p1a: Chansey|559\/704
|move|p2a: Dusclops|Toxic|p1a: Chansey
|-status|p1a: Chansey|tox
|
|-damage|p1a: Chansey|515\/704 tox|[from] psn
|-damage|p2a: Dusclops|156\/284 tox|[from] psn
|turn|41
|
|switch|p2a: Charizard|Charizard-Mega-Y, F|203\/298 tox
|-weather|SunnyDay
|move|p1a: Chansey|Aromatherapy|p1a: Chansey
|-cureteam|p1a: Chansey|[from] move: Aromatherapy
|
|-weather|SunnyDay|[upkeep]
|-damage|p2a: Charizard|185\/298 tox|[from] psn
|turn|42
|
|move|p2a: Charizard|Air Slash|p1a: Chansey
|-damage|p1a: Chansey|410\/704
|move|p1a: Chansey|Seismic Toss|p2a: Charizard
|-damage|p2a: Charizard|85\/298 tox
|
|-weather|SunnyDay|[upkeep]
|-damage|p2a: Charizard|49\/298 tox|[from] psn
|turn|43
|chat|Gackto15|gg
|-message|Gackto15 forfeited.
|
|win|benito camelo
|raw|Ladder updating...
|leave|Gackto15
|player|p2
|raw|benito camelo's rating: 1404 &rarr; <strong>1425<\/strong><br \/>(+21 for winning)
|raw|Gackto15's rating: 1408 &rarr; <strong>1388<\/strong><br \/>(-20 for losing)