|join|BigSpore
|join|benito camelo
|player|p1|BigSpore|93
|player|p2|benito camelo|209
|gametype|singles
|gen|6
|tier|OU
|clearpoke
|poke|p1|Heatran, M
|poke|p1|Mandibuzz, F
|poke|p1|Venusaur, M
|poke|p1|Terrakion
|poke|p1|Sylveon, F
|poke|p1|Landorus, M
|poke|p2|Azumarill, F
|poke|p2|Bisharp, F
|poke|p2|Mandibuzz, F
|poke|p2|Charizard, F
|poke|p2|Latias, F
|poke|p2|Chansey, F
|rule|Sleep Clause Mod: Limit one foe put to sleep
|rule|Species Clause: Limit one of each Pokemon
|rule|OHKO Clause: OHKO moves are banned
|rule|Moody Clause: Moody is banned
|rule|Evasion Moves Clause: Evasion moves are banned
|rule|Endless Battle Clause: Forcing endless battles is banned.
|rule|HP Percentage Mod: HP is reported as percentages
|teampreview
|chat|BigSpore|MIRA PINCHE SAIS
|
|start
|switch|p1a: Punnybitch|Sylveon, F|394\/394
|switch|p2a: finally in OU|Charizard, F|298\/298
|turn|1
|chat|benito camelo|miro:3
|chat|BigSpore|Si en esta me culeas igual de feo
|chat|BigSpore|me retiro 4ver
|chat|BigSpore|a la vega
|chat|BigSpore|AHAHA
|chat|benito camelo|xD
|
|-formechange|p2a: finally in OU|Charizard-Mega-Y
|message|Charizard has Mega Evolved into Mega Charizard!
|-weather|SunnyDay
|move|p2a: finally in OU|Earthquake|p1a: Punnybitch
|-damage|p1a: Punnybitch|282\/394
|move|p1a: Punnybitch|Hyper Voice|p2a: finally in OU
|-resisted|p2a: finally in OU
|-damage|p2a: finally in OU|233\/298
|
|-weather|SunnyDay|[upkeep]
|-heal|p1a: Punnybitch|306\/394|[from] item: Leftovers
|turn|2
|chat|BigSpore|lol
|chat|benito camelo|cambia a heatran plz :c
|chat|BigSpore|u weak ass nigga
|
|move|p2a: finally in OU|Fire Blast|p1a: Punnybitch|[miss]
|-miss|p2a: finally in OU|p1a: Punnybitch
|move|p1a: Punnybitch|Hyper Voice|p2a: finally in OU
|-resisted|p2a: finally in OU
|-damage|p2a: finally in OU|161\/298
|
|-weather|SunnyDay|[upkeep]
|-heal|p1a: Punnybitch|330\/394|[from] item: Leftovers
|turn|3
|chat|BigSpore|QUE BUENO A LA VERGA AHAHA
|
|move|p2a: finally in OU|Roost|p2a: finally in OU
|-heal|p2a: finally in OU|298\/298
|move|p1a: Punnybitch|Hyper Voice|p2a: finally in OU
|-resisted|p2a: finally in OU
|-damage|p2a: finally in OU|235\/298
|
|-weather|SunnyDay|[upkeep]
|-heal|p1a: Punnybitch|354\/394|[from] item: Leftovers
|turn|4
|chat|BigSpore|TIME 2 FAK U UP SON
|
|switch|p2a: the madafaker|Bisharp, F|334\/334
|move|p1a: Punnybitch|Hyper Voice|p2a: the madafaker
|-damage|p2a: the madafaker|147\/334
|
|-weather|SunnyDay|[upkeep]
|-heal|p2a: the madafaker|167\/334|[from] item: Leftovers
|-heal|p1a: Punnybitch|378\/394|[from] item: Leftovers
|turn|5
|chat|benito camelo|alv XD
|
|move|p2a: the madafaker|Iron Head|p1a: Punnybitch
|-crit|p1a: Punnybitch
|-supereffective|p1a: Punnybitch
|-damage|p1a: Punnybitch|0 fnt
|faint|p1a: Punnybitch
|
|-weather|none
|-heal|p2a: the madafaker|187\/334|[from] item: Leftovers
|chat|BigSpore|Ponle MegamanX
|chat|BigSpore|ewe que loco
|chat|benito camelo|no se me abia ocurrido XD
|chat|BigSpore|si me outspedea
|chat|benito camelo|jajajajaj
|chat|BigSpore|lo recordaba super lento
|chat|BigSpore|Pero asquerosamente lento
|chat|benito camelo|y super riaton:3
|
|switch|p1a: Time2Sweep|Terrakion|323\/323
|turn|6
|chat|BigSpore|WHAT TIME IS IT
|
|move|p1a: Time2Sweep|Close Combat|p2a: the madafaker
|-supereffective|p2a: the madafaker
|-damage|p2a: the madafaker|0 fnt
|-unboost|p1a: Time2Sweep|def|1
|-unboost|p1a: Time2Sweep|spd|1
|faint|p2a: the madafaker
|
|chat|benito camelo|u_u
|chat|benito camelo|no funciono el no pensar ahora xD
|chat|BigSpore|Y el sucker punch?
|
|switch|p2a: sexy lady|Latias, F|301\/301
|turn|7
|chat|benito camelo|te aumenta el ataque
|chat|benito camelo|ni qeu fuera tonto xD
|
|switch|p1a: Foundry|Heatran, M|386\/386
|move|p2a: sexy lady|Surf|p1a: Foundry
|-crit|p1a: Foundry
|-supereffective|p1a: Foundry
|-damage|p1a: Foundry|126\/386
|-damage|p2a: sexy lady|271\/301|[from] item: Life Orb
|
|-heal|p1a: Foundry|150\/386|[from] item: Leftovers
|turn|8
|chat|benito camelo|hu3hu3hu3
|chat|BigSpore|ewe que mamÃ³n AHAHAHA
|
|switch|p1a: Froot Loop|Venusaur, M|364\/364
|move|p2a: sexy lady|Surf|p1a: Froot Loop
|-resisted|p1a: Froot Loop
|-damage|p1a: Froot Loop|300\/364
|-damage|p2a: sexy lady|241\/301|[from] item: Life Orb
|
|turn|9
|chat|benito camelo|xDDD
|
|switch|p2a: this is not big ma|Mandibuzz, F|424\/424
|-formechange|p1a: Froot Loop|Venusaur-Mega
|message|Venusaur has Mega Evolved into Mega Venusaur!
|move|p1a: Froot Loop|Sludge Bomb|p2a: this is not big ma
|-damage|p2a: this is not big ma|258\/424
|-status|p2a: this is not big ma|psn
|
|-heal|p2a: this is not big ma|284\/424 psn|[from] item: Leftovers
|-damage|p2a: this is not big ma|231\/424 psn|[from] psn
|turn|10
|chat|BigSpore|KE BUENO
|chat|BigSpore|POR PUTO
|chat|BigSpore|ESA NO ES BIG MAMA
|chat|BigSpore|BIG MAMA ES AMOR
|chat|BigSpore|BIG MAMA ES VIDA
|
|switch|p1a: Foundry|Heatran, M|150\/386
|move|p2a: this is not big ma|Taunt|p1a: Foundry
|-start|p1a: Foundry|move: Taunt
|
|-heal|p2a: this is not big ma|257\/424 psn|[from] item: Leftovers
|-heal|p1a: Foundry|174\/386|[from] item: Leftovers
|-damage|p2a: this is not big ma|204\/424 psn|[from] psn
|turn|11
|chat|BigSpore|no 1 gives a fak
|
|switch|p2a: i am fat :(|Chansey, F|704\/704
|move|p1a: Foundry|Lava Plume|p2a: i am fat :(
|-damage|p2a: i am fat :(|635\/704
|
|-heal|p1a: Foundry|198\/386|[from] item: Leftovers
|turn|12
|
|switch|p1a: Big Mama|Mandibuzz, F|424\/424
|move|p2a: i am fat :(|Thunder Wave|p1a: Big Mama
|-status|p1a: Big Mama|par
|
|turn|13
|chat|BigSpore|ewe sais
|chat|BigSpore|nuestros equipos se counterean
|chat|benito camelo|mande;*
|chat|BigSpore|so hard
|chat|benito camelo|lol xD
|
|switch|p2a: swag rat|Azumarill, F|404\/404
|cant|p1a: Big Mama|par
|
|turn|14
|chat|BigSpore|swag fag
|
|switch|p1a: Froot Loop|Venusaur, M|300\/364
|-formechange|p1a: Froot Loop|Venusaur-Mega
|move|p2a: swag rat|Play Rough|p1a: Froot Loop
|-resisted|p1a: Froot Loop
|-damage|p1a: Froot Loop|176\/364
|
|turn|15
|chat|BigSpore|Ponle
|chat|BigSpore|sais puto
|chat|benito camelo|que buen nombre u_u
|
|switch|p2a: this is not big ma|Mandibuzz, F|204\/424 psn
|move|p1a: Froot Loop|Synthesis|p1a: Froot Loop
|-heal|p1a: Froot Loop|358\/364
|
|-heal|p2a: this is not big ma|230\/424 psn|[from] item: Leftovers
|-damage|p2a: this is not big ma|177\/424 psn|[from] psn
|turn|16
|
|move|p2a: this is not big ma|Taunt|p1a: Froot Loop
|-start|p1a: Froot Loop|move: Taunt
|move|p1a: Froot Loop|Sludge Bomb|p2a: this is not big ma
|-damage|p2a: this is not big ma|0 fnt
|faint|p2a: this is not big ma
|
|chat|BigSpore|A latias ponle como mi latias
|chat|BigSpore|te presto el nombre
|chat|BigSpore|Strawberry u_U
|chat|benito camelo|oki u_u
|
|switch|p2a: finally in OU|Charizard, F|235\/298
|-formechange|p2a: finally in OU|Charizard-Mega-Y
|-weather|SunnyDay
|turn|17
|chat|benito camelo|;*
|
|move|p2a: finally in OU|Earthquake|p1a: Froot Loop
|-crit|p1a: Froot Loop
|-damage|p1a: Froot Loop|265\/364
|move|p1a: Froot Loop|Sludge Bomb|p2a: finally in OU
|-damage|p2a: finally in OU|97\/298
|
|-weather|SunnyDay|[upkeep]
|turn|18
|chat|BigSpore|sais
|chat|benito camelo|come caca u_u
|chat|BigSpore|a megavenusaur
|chat|BigSpore|le valn verga tuss mamadas
|
|move|p2a: finally in OU|Fire Blast|p1a: Froot Loop
|-supereffective|p1a: Froot Loop
|-damage|p1a: Froot Loop|0 fnt
|faint|p1a: Froot Loop
|
|-weather|SunnyDay|[upkeep]
|chat|BigSpore|ESA VERGA
|chat|benito camelo|ya se :c
|chat|BigSpore|Ah
|chat|BigSpore|es que
|chat|BigSpore|si te lo vive
|chat|BigSpore|pero le faltaba un chingo de hp
|chat|BigSpore|ahaha
|
|switch|p1a: Time2Sweep|Terrakion|323\/323
|turn|19
|chat|BigSpore|WHAT TIME IS IT
|
|switch|p2a: swag rat|Azumarill, F|404\/404
|move|p1a: Time2Sweep|Stone Edge|p2a: swag rat|[miss]
|-miss|p1a: Time2Sweep|p2a: swag rat
|
|-weather|SunnyDay|[upkeep]
|turn|20
|chat|benito camelo|time to sex cam
|chat|BigSpore|EWE
|chat|BigSpore|PINCHE
|chat|BigSpore|MADRE
|chat|BigSpore|QUE PASA HOY
|
|switch|p1a: Big Mama|Mandibuzz, F|424\/424 par
|move|p2a: swag rat|Waterfall|p1a: Big Mama
|-damage|p1a: Big Mama|325\/424 par
|
|-weather|SunnyDay|[upkeep]
|-heal|p1a: Big Mama|351\/424 par|[from] item: Leftovers
|turn|21
|chat|benito camelo|che sun
|chat|benito camelo|termina xD
|
|switch|p2a: finally in OU|Charizard, F|97\/298
|-formechange|p2a: finally in OU|Charizard-Mega-Y
|move|p1a: Big Mama|Foul Play|p2a: finally in OU
|-damage|p2a: finally in OU|0 fnt
|faint|p2a: finally in OU
|
|-weather|none
|-heal|p1a: Big Mama|377\/424 par|[from] item: Leftovers
|chat|BigSpore|Mejor saca al Azumarill
|chat|BigSpore|te la caga el sol
|
|switch|p2a: swag rat|Azumarill, F|404\/404
|turn|22
|chat|benito camelo|que meto u_u
|chat|BigSpore|uuuh
|chat|BigSpore|otra big mama
|chat|benito camelo|lel xD
|
|switch|p1a: Foundry|Heatran, M|198\/386
|move|p2a: swag rat|Waterfall|p1a: Foundry
|-supereffective|p1a: Foundry
|-damage|p1a: Foundry|0 fnt
|faint|p1a: Foundry
|
|
|switch|p1a: Big Mama|Mandibuzz, F|377\/424 par
|turn|23
|chat|BigSpore|ewe
|chat|BigSpore|ya no sÃ© como voy a parar a esa verga
|chat|benito camelo|there is not big mama u_u
|chat|benito camelo|con amor:3
|chat|BigSpore|u_U
|
|switch|p2a: i am fat :(|Chansey, F|635\/704
|cant|p1a: Big Mama|par
|
|-heal|p1a: Big Mama|403\/424 par|[from] item: Leftovers
|turn|24
|chat|BigSpore|ewe puta amdre AHAHA
|
|switch|p2a: swag rat|Azumarill, F|404\/404
|switch|p1a: YOGURT|Landorus, M|320\/320
|
|turn|25
|chat|BigSpore|YA SÃ COMO
|chat|BigSpore|EWE NO
|chat|benito camelo|xDDD
|
|switch|p1a: Big Mama|Mandibuzz, F|403\/424 par
|move|p2a: swag rat|Play Rough|p1a: Big Mama
|-supereffective|p1a: Big Mama
|-damage|p1a: Big Mama|31\/424 par
|
|-heal|p1a: Big Mama|57\/424 par|[from] item: Leftovers
|turn|26
|chat|BigSpore|AAAAAAAAAAAAAAAAAAAAAAAAAAA
|
|move|p2a: swag rat|Play Rough|p1a: Big Mama
|-supereffective|p1a: Big Mama
|-damage|p1a: Big Mama|0 fnt
|faint|p1a: Big Mama
|
|chat|BigSpore|sais no mames
|chat|BigSpore|chinga
|chat|BigSpore|tu
|chat|BigSpore|madre
|chat|BigSpore|puto
|
|switch|p1a: Time2Sweep|Terrakion|323\/323
|turn|27
|chat|benito camelo|u_u
|chat|BigSpore|time 2 spam
|
|switch|p2a: i am fat :(|Chansey, F|635\/704
|move|p1a: Time2Sweep|Stone Edge|p2a: i am fat :(
|-damage|p2a: i am fat :(|281\/704
|
|turn|28
|chat|BigSpore|HEHEHEHEHE
|chat|benito camelo|ni le dolio we
|chat|BigSpore|YA GANASTE
|
|move|p1a: Time2Sweep|Stone Edge|p2a: i am fat :(|[miss]
|-miss|p1a: Time2Sweep|p2a: i am fat :(
|move|p2a: i am fat :(|Thunder Wave|p1a: Time2Sweep
|-status|p1a: Time2Sweep|par
|
|turn|29
|chat|BigSpore|EWE QUE MAMÃN
|chat|BigSpore|A LA VERGA
|chat|BigSpore|AHAHAHA
|chat|benito camelo|JAJAJAJAJ XDDD
|
|move|p2a: i am fat :(|Stealth Rock|p1a: Time2Sweep
|-sidestart|p1: BigSpore|move: Stealth Rock
|move|p1a: Time2Sweep|Stone Edge|p2a: i am fat :(
|-damage|p2a: i am fat :(|0 fnt
|faint|p2a: i am fat :(
|
|chat|BigSpore|gg sais comevergas
|
|switch|p2a: sexy lady|Latias, F|241\/301
|turn|30
|chat|benito camelo|strawberry u_u
|chat|benito camelo|para maÃ±ana:3
|
|move|p2a: sexy lady|Psyshock|p1a: Time2Sweep
|-supereffective|p1a: Time2Sweep
|-damage|p1a: Time2Sweep|0 fnt
|-damage|p2a: sexy lady|211\/301|[from] item: Life Orb
|faint|p1a: Time2Sweep
|
|
|switch|p1a: YOGURT|Landorus, M|320\/320
|-damage|p1a: YOGURT|280\/320|[from] Stealth Rock
|turn|31
|chat|BigSpore|si no hubiera sacrificado tan pendejo  venusaur
|chat|BigSpore|a calar daÃ±o
|chat|benito camelo|esta cosa aprende defog
|chat|benito camelo|lo usare
|chat|BigSpore|Ya sÃ©
|chat|benito camelo|un 
|chat|benito camelo|huuu
|chat|benito camelo|algo defensivo
|chat|BigSpore|mejor Ãºsalo en big mama
|chat|BigSpore|e sirve mÃ¡s
|chat|benito camelo|esta bien xD
|
|move|p2a: sexy lady|Surf|p1a: YOGURT
|-supereffective|p1a: YOGURT
|-damage|p1a: YOGURT|0 fnt
|-damage|p2a: sexy lady|181\/301|[from] item: Life Orb
|faint|p1a: YOGURT
|
|win|benito camelo
|leave|BigSpore
|player|p1