|join|Eslott
|join|benito camelo
|player|p1|Eslott|92
|player|p2|benito camelo|209
|gametype|singles
|gen|6
|tier|OU
|clearpoke
|poke|p1|Latios, M
|poke|p1|Talonflame, F
|poke|p1|Charizard, M
|poke|p1|Azumarill, F
|poke|p1|Scizor, M
|poke|p1|Snorlax, F
|poke|p2|Scolipede, M
|poke|p2|Smeargle, M
|poke|p2|Gliscor, F
|poke|p2|Zapdos
|poke|p2|Mawile, M
|poke|p2|Espeon, F
|rule|Sleep Clause Mod: Limit one foe put to sleep
|rule|Species Clause: Limit one of each Pokemon
|rule|OHKO Clause: OHKO moves are banned
|rule|Moody Clause: Moody is banned
|rule|Evasion Moves Clause: Evasion moves are banned
|rule|Endless Battle Clause: Forcing endless battles is banned.
|rule|HP Percentage Mod: HP is reported as percentages
|teampreview
|
|start
|switch|p1a: Latios|Latios, M|301\/301
|switch|p2a: Espeon|Espeon, F|272\/272
|turn|1
|
|move|p2a: Espeon|Calm Mind|p2a: Espeon
|-boost|p2a: Espeon|spa|1
|-boost|p2a: Espeon|spd|1
|move|p1a: Latios|Whirlpool|p2a: Espeon
|-damage|p2a: Espeon|243\/272
|-activate|p2a: Espeon|move: Whirlpool|[of] p1a: Latios
|
|-heal|p2a: Espeon|260\/272|[from] item: Leftovers
|-damage|p2a: Espeon|226\/272|[from] move: Whirlpool|[partiallytrapped]
|turn|2
|
|move|p2a: Espeon|Calm Mind|p2a: Espeon
|-boost|p2a: Espeon|spa|1
|-boost|p2a: Espeon|spd|1
|move|p1a: Latios|Dragon Pulse|p2a: Espeon
|-damage|p2a: Espeon|147\/272
|
|-heal|p2a: Espeon|164\/272|[from] item: Leftovers
|-damage|p2a: Espeon|130\/272|[from] move: Whirlpool|[partiallytrapped]
|turn|3
|
|move|p2a: Espeon|Baton Pass|p2a: Espeon
|
|switch|p2a: Smeargle|Smeargle, M|314\/314
|move|p1a: Latios|Dragon Pulse|p2a: Smeargle
|-damage|p2a: Smeargle|185\/314
|
|-heal|p2a: Smeargle|204\/314|[from] item: Leftovers
|-damage|p2a: Smeargle|165\/314|[from] move: Whirlpool|[partiallytrapped]
|turn|4
|
|move|p1a: Latios|Whirlpool|p2a: Smeargle
|-damage|p2a: Smeargle|129\/314
|move|p2a: Smeargle|Baton Pass|p2a: Smeargle
|
|switch|p2a: Scolipede|Scolipede, M|323\/323
|
|-damage|p2a: Scolipede|283\/323|[from] move: Whirlpool|[partiallytrapped]
|turn|5
|
|move|p2a: Scolipede|Protect|p2a: Scolipede
|-singleturn|p2a: Scolipede|Protect
|move|p1a: Latios|Whirlpool|p2a: Scolipede
|-activate|p2a: Scolipede|Protect
|
|-heal|p2a: Scolipede|303\/323|[from] item: Leftovers
|-damage|p2a: Scolipede|263\/323|[from] move: Whirlpool|[partiallytrapped]
|-boost|p2a: Scolipede|spe|1|[from] ability: Speed Boost
|turn|6
|
|move|p2a: Scolipede|Substitute|p2a: Scolipede
|-start|p2a: Scolipede|Substitute
|-damage|p2a: Scolipede|183\/323
|move|p1a: Latios|Whirlpool|p2a: Scolipede
|-activate|p2a: Scolipede|Substitute|[damage]
|
|-heal|p2a: Scolipede|203\/323|[from] item: Leftovers
|-boost|p2a: Scolipede|spe|1|[from] ability: Speed Boost
|turn|7
|
|move|p2a: Scolipede|Iron Defense|p2a: Scolipede
|-boost|p2a: Scolipede|def|2
|move|p1a: Latios|Psychic|p2a: Scolipede
|-supereffective|p2a: Scolipede
|-end|p2a: Scolipede|Substitute
|
|-heal|p2a: Scolipede|223\/323|[from] item: Leftovers
|-boost|p2a: Scolipede|spe|1|[from] ability: Speed Boost
|turn|8
|
|move|p2a: Scolipede|Substitute|p2a: Scolipede
|-start|p2a: Scolipede|Substitute
|-damage|p2a: Scolipede|143\/323
|move|p1a: Latios|Psych Up|p2a: Scolipede
|-copyboost|p1a: Latios|p2a: Scolipede|[from] move: Psych Up
|
|-heal|p2a: Scolipede|163\/323|[from] item: Leftovers
|-boost|p2a: Scolipede|spe|1|[from] ability: Speed Boost
|turn|9
|
|move|p2a: Scolipede|Baton Pass|p2a: Scolipede
|
|switch|p2a: Smeargle|Smeargle, M|129\/314
|move|p1a: Latios|Psychic|p2a: Smeargle
|-end|p2a: Smeargle|Substitute
|
|-heal|p2a: Smeargle|148\/314|[from] item: Leftovers
|turn|10
|
|move|p1a: Latios|Psychic|p2a: Smeargle
|-damage|p2a: Smeargle|0 fnt
|faint|p2a: Smeargle
|
|
|switch|p2a: Mawile|Mawile, M|304\/304
|turn|11
|
|detailschange|p2a: Mawile|Mawile-Mega, M
|message|Mawile has Mega Evolved into Mega Mawile!
|move|p1a: Latios|Whirlpool|p2a: Mawile
|-damage|p2a: Mawile|214\/304
|-activate|p2a: Mawile|move: Whirlpool|[of] p1a: Latios
|move|p2a: Mawile|Crunch|p1a: Latios
|-supereffective|p1a: Latios
|-damage|p1a: Latios|101\/301
|
|-heal|p1a: Latios|119\/301|[from] item: Leftovers
|-damage|p2a: Mawile|176\/304|[from] move: Whirlpool|[partiallytrapped]
|turn|12
|
|move|p1a: Latios|Psychic|p2a: Mawile
|-resisted|p2a: Mawile
|-damage|p2a: Mawile|0 fnt
|faint|p2a: Mawile
|
|-heal|p1a: Latios|137\/301|[from] item: Leftovers
|join|Poe-w-
|
|switch|p2a: Zapdos|Zapdos|384\/384
|-ability|p2a: Zapdos|Pressure
|turn|13
|chat|Poe-w-|ganale Tony
|
|move|p1a: Latios|Psychic|p2a: Zapdos
|-damage|p2a: Zapdos|51\/384
|-enditem|p2a: Zapdos|Sitrus Berry|[eat]
|-heal|p2a: Zapdos|147\/384|[from] item: Sitrus Berry
|move|p2a: Zapdos|Agility|p2a: Zapdos
|-boost|p2a: Zapdos|spe|2
|
|-heal|p1a: Latios|155\/301|[from] item: Leftovers
|turn|14
|
|move|p1a: Latios|Psychic|p2a: Zapdos
|-damage|p2a: Zapdos|0 fnt
|faint|p2a: Zapdos
|
|-heal|p1a: Latios|173\/301|[from] item: Leftovers
|chat|benito camelo|>:C
|chat|Poe-w-|ganale wn qliao
|chat|benito camelo|la wea fome
|
|switch|p2a: Espeon|Espeon, F|130\/272
|turn|15
|chat|benito camelo|un chileno D:
|
|move|p1a: Latios|Psychic|p2a: Espeon
|-resisted|p2a: Espeon
|-damage|p2a: Espeon|0 fnt
|faint|p2a: Espeon
|
|-heal|p1a: Latios|191\/301|[from] item: Leftovers
|chat|Poe-w-|hagkagfsjgfQliao woan
|leave|benito camelo
|player|p2
|chat|Poe-w-|la fome wea
|join|benito camelo
|player|p2|benito camelo|209
|chat|benito camelo|eni mi mente yo gane
|chat|Poe-w-|jajajajajaja
|chat|Poe-w-|xD
|leave|benito camelo
|player|p2
|chat|Eslott|soy tan bueno que hasta los chilenos me apoyan
|chat|Poe-w-|soy que? xD
|chat|Poe-w-|moreno? xD
|leave|Poe-w-
|join|Poe-w-
|chat|Eslott|que lloron entra y termina la batalla
|chat|Poe-w-|esta cosa se esta traduciendo feo xD
|leave|Poe-w-
|join|benito camelo
|player|p2|benito camelo|209
|
|switch|p2a: Gliscor|Gliscor, F|354\/354
|turn|16
|
|move|p1a: Latios|Psychic|p2a: Gliscor
|-damage|p2a: Gliscor|0 fnt
|faint|p2a: Gliscor
|
|-heal|p1a: Latios|209\/301|[from] item: Leftovers
|
|switch|p2a: Scolipede|Scolipede, M|163\/323
|turn|17
|
|move|p1a: Latios|Psychic|p2a: Scolipede
|-supereffective|p2a: Scolipede
|-damage|p2a: Scolipede|0 fnt
|faint|p2a: Scolipede
|
|win|Eslott