|join|eslott
|join|benito camelo
|player|p1|eslott|92
|player|p2|benito camelo|209
|gametype|singles
|gen|6
|tier|OU
|clearpoke
|poke|p1|Magnezone
|poke|p1|Snorlax, M
|poke|p1|Whimsicott, M
|poke|p1|Aegislash, M
|poke|p1|Garchomp, M
|poke|p1|Delphox, F
|poke|p2|Greninja, F
|poke|p2|Mawile, M
|poke|p2|Mandibuzz, F
|poke|p2|Heatran, M
|poke|p2|Chansey, F
|poke|p2|Conkeldurr, F
|rule|Sleep Clause Mod: Limit one foe put to sleep
|rule|Species Clause: Limit one of each Pokemon
|rule|OHKO Clause: OHKO moves are banned
|rule|Moody Clause: Moody is banned
|rule|Evasion Moves Clause: Evasion moves are banned
|rule|Endless Battle Clause: Forcing endless battles is banned.
|rule|HP Percentage Mod: HP is reported as percentages
|teampreview
|
|start
|switch|p1a: Garchomp|Garchomp, M|357\/357
|switch|p2a: Conkeldurr|Conkeldurr, F|414\/414
|turn|1
|
|detailschange|p1a: Garchomp|Garchomp-Mega, M
|message|Garchomp has Mega Evolved into Mega Garchomp!
|move|p1a: Garchomp|Earthquake|p2a: Conkeldurr
|-damage|p2a: Conkeldurr|204\/414
|move|p2a: Conkeldurr|Ice Punch|p1a: Garchomp
|-supereffective|p1a: Garchomp
|-damage|p1a: Garchomp|0 fnt
|-damage|p2a: Conkeldurr|163\/414|[from] item: Life Orb
|faint|p1a: Garchomp
|
|
|switch|p1a: Delphox|Delphox, F|291\/291
|turn|2
|
|switch|p2a: Greninja|Greninja, F|285\/285
|move|p1a: Delphox|Psychic|p2a: Greninja
|-immune|p2a: Greninja|[msg]
|
|turn|3
|
|-start|p2a: Greninja|typechange|Water|[from] Protean
|move|p2a: Greninja|Hydro Pump|p1a: Delphox
|-supereffective|p1a: Delphox
|-damage|p1a: Delphox|0 fnt
|-damage|p2a: Greninja|257\/285|[from] item: Life Orb
|faint|p1a: Delphox
|
|
|switch|p1a: Whimsicott|Whimsicott, M|286\/286
|turn|4
|
|move|p1a: Whimsicott|Stun Spore|p2a: Greninja|[miss]
|-miss|p1a: Whimsicott|p2a: Greninja
|-start|p2a: Greninja|typechange|Ice|[from] Protean
|move|p2a: Greninja|Ice Beam|p1a: Whimsicott
|-supereffective|p1a: Whimsicott
|-enditem|p1a: Whimsicott|Focus Sash
|-damage|p1a: Whimsicott|1\/286
|-damage|p2a: Greninja|229\/285|[from] item: Life Orb
|
|turn|5
|
|-start|p2a: Greninja|typechange|Ghost|[from] Protean
|move|p2a: Greninja|Shadow Sneak|p1a: Whimsicott
|-damage|p1a: Whimsicott|0 fnt
|-damage|p2a: Greninja|201\/285|[from] item: Life Orb
|faint|p1a: Whimsicott
|
|
|switch|p1a: Magnezone|Magnezone|281\/281
|turn|6
|
|switch|p2a: Heatran|Heatran, M|386\/386
|move|p1a: Magnezone|Thunder Wave|p2a: Heatran
|-status|p2a: Heatran|par
|
|turn|7
|
|move|p1a: Magnezone|Hidden Power|p2a: Heatran
|-supereffective|p2a: Heatran
|-damage|p2a: Heatran|186\/386 par
|cant|p2a: Heatran|par
|
|-heal|p2a: Heatran|210\/386 par|[from] item: Leftovers
|turn|8
|
|cant|p2a: Heatran|par
|move|p1a: Magnezone|Hidden Power|p2a: Heatran
|-supereffective|p2a: Heatran
|-damage|p2a: Heatran|0 fnt
|faint|p2a: Heatran
|
|
|switch|p2a: Mawile|Mawile, M|304\/304
|turn|9
|
|detailschange|p2a: Mawile|Mawile-Mega, M
|message|Mawile has Mega Evolved into Mega Mawile!
|move|p1a: Magnezone|Thunder Wave|p2a: Mawile
|-status|p2a: Mawile|par
|cant|p2a: Mawile|par
|
|turn|10
|
|move|p1a: Magnezone|Hidden Power|p2a: Mawile
|-supereffective|p2a: Mawile
|-damage|p2a: Mawile|144\/304 par
|cant|p2a: Mawile|par
|
|turn|11
|
|cant|p2a: Mawile|par
|move|p1a: Magnezone|Hidden Power|p2a: Mawile
|-supereffective|p2a: Mawile
|-damage|p2a: Mawile|0 fnt
|faint|p2a: Mawile
|
|
|switch|p2a: Conkeldurr|Conkeldurr, F|163\/414
|turn|12
|
|move|p1a: Magnezone|Thunderbolt|p2a: Conkeldurr
|-damage|p2a: Conkeldurr|0 fnt
|faint|p2a: Conkeldurr
|
|
|switch|p2a: Chansey|Chansey, F|704\/704
|turn|13
|
|move|p1a: Magnezone|Thunder Wave|p2a: Chansey
|-status|p2a: Chansey|par
|move|p2a: Chansey|Seismic Toss|p1a: Magnezone
|-damage|p1a: Magnezone|181\/281
|
|turn|14
|
|move|p1a: Magnezone|Thunderbolt|p2a: Chansey
|-damage|p2a: Chansey|584\/704 par
|cant|p2a: Chansey|par
|
|turn|15
|
|move|p1a: Magnezone|Flash Cannon|p2a: Chansey
|-crit|p2a: Chansey
|-damage|p2a: Chansey|445\/704 par
|move|p2a: Chansey|Seismic Toss|p1a: Magnezone
|-damage|p1a: Magnezone|81\/281
|
|turn|16
|
|switch|p1a: Aegislash|Aegislash, M|324\/324
|move|p2a: Chansey|Seismic Toss|p1a: Aegislash
|-immune|p1a: Aegislash|[msg]
|
|turn|17
|
|switch|p2a: Mandibuzz|Mandibuzz, F|424\/424
|move|p1a: Aegislash|Swords Dance|p1a: Aegislash
|-boost|p1a: Aegislash|atk|2
|
|turn|18
|
|switch|p1a: Magnezone|Magnezone|81\/281
|move|p2a: Mandibuzz|Foul Play|p1a: Magnezone
|-damage|p1a: Magnezone|18\/281
|
|turn|19
|
|switch|p2a: Chansey|Chansey, F|445\/704
|move|p1a: Magnezone|Thunderbolt|p2a: Chansey
|-damage|p2a: Chansey|337\/704
|
|turn|20
|
|switch|p1a: Aegislash|Aegislash, M|324\/324
|move|p2a: Chansey|Soft-Boiled|p2a: Chansey
|-heal|p2a: Chansey|689\/704
|
|turn|21
|
|switch|p2a: Mandibuzz|Mandibuzz, F|424\/424
|-formechange|p1a: Aegislash|Aegislash-Blade
|move|p1a: Aegislash|Sacred Sword|p2a: Mandibuzz
|-damage|p2a: Mandibuzz|328\/424
|
|-heal|p2a: Mandibuzz|354\/424|[from] item: Leftovers
|turn|22
|
|switch|p1a: Magnezone|Magnezone|18\/281
|move|p2a: Mandibuzz|Foul Play|p1a: Magnezone
|-damage|p1a: Magnezone|0 fnt
|faint|p1a: Magnezone
|
|-heal|p2a: Mandibuzz|380\/424|[from] item: Leftovers
|
|switch|p1a: Snorlax|Snorlax, M|524\/524
|turn|23
|
|move|p2a: Mandibuzz|Taunt|p1a: Snorlax
|-start|p1a: Snorlax|move: Taunt
|cant|p1a: Snorlax|move: Taunt|Yawn
|
|-heal|p2a: Mandibuzz|406\/424|[from] item: Leftovers
|turn|24
|
|move|p2a: Mandibuzz|Foul Play|p1a: Snorlax
|-damage|p1a: Snorlax|407\/524
|move|p1a: Snorlax|Body Slam|p2a: Mandibuzz
|-damage|p2a: Mandibuzz|328\/424
|
|-heal|p2a: Mandibuzz|354\/424|[from] item: Leftovers
|-heal|p1a: Snorlax|439\/524|[from] item: Leftovers
|turn|25
|
|move|p2a: Mandibuzz|Foul Play|p1a: Snorlax
|-damage|p1a: Snorlax|325\/524
|move|p1a: Snorlax|Body Slam|p2a: Mandibuzz
|-damage|p2a: Mandibuzz|282\/424
|
|-heal|p2a: Mandibuzz|308\/424|[from] item: Leftovers
|-heal|p1a: Snorlax|357\/524|[from] item: Leftovers
|-end|p1a: Snorlax|move: Taunt
|turn|26
|
|move|p2a: Mandibuzz|Taunt|p1a: Snorlax
|-start|p1a: Snorlax|move: Taunt
|move|p1a: Snorlax|Body Slam|p2a: Mandibuzz
|-damage|p2a: Mandibuzz|238\/424
|
|-heal|p2a: Mandibuzz|264\/424|[from] item: Leftovers
|-heal|p1a: Snorlax|389\/524|[from] item: Leftovers
|turn|27
|
|move|p2a: Mandibuzz|Foul Play|p1a: Snorlax
|-damage|p1a: Snorlax|271\/524
|move|p1a: Snorlax|Body Slam|p2a: Mandibuzz
|-damage|p2a: Mandibuzz|192\/424
|
|-heal|p2a: Mandibuzz|218\/424|[from] item: Leftovers
|-heal|p1a: Snorlax|303\/524|[from] item: Leftovers
|turn|28
|
|move|p2a: Mandibuzz|Roost|p2a: Mandibuzz
|-heal|p2a: Mandibuzz|424\/424
|move|p1a: Snorlax|Body Slam|p2a: Mandibuzz
|-damage|p2a: Mandibuzz|345\/424
|
|-heal|p2a: Mandibuzz|371\/424|[from] item: Leftovers
|-heal|p1a: Snorlax|335\/524|[from] item: Leftovers
|-end|p1a: Snorlax|move: Taunt
|turn|29
|
|move|p2a: Mandibuzz|Taunt|p1a: Snorlax
|-start|p1a: Snorlax|move: Taunt
|move|p1a: Snorlax|Body Slam|p2a: Mandibuzz
|-damage|p2a: Mandibuzz|295\/424
|
|-heal|p2a: Mandibuzz|321\/424|[from] item: Leftovers
|-heal|p1a: Snorlax|367\/524|[from] item: Leftovers
|turn|30
|
|move|p2a: Mandibuzz|Foul Play|p1a: Snorlax
|-damage|p1a: Snorlax|255\/524
|move|p1a: Snorlax|Body Slam|p2a: Mandibuzz
|-damage|p2a: Mandibuzz|242\/424
|-status|p2a: Mandibuzz|par
|
|-heal|p1a: Snorlax|287\/524|[from] item: Leftovers
|-heal|p2a: Mandibuzz|268\/424 par|[from] item: Leftovers
|turn|31
|
|switch|p2a: Chansey|Chansey, F|689\/704
|move|p1a: Snorlax|Body Slam|p2a: Chansey
|-damage|p2a: Chansey|547\/704
|-status|p2a: Chansey|par
|
|-heal|p1a: Snorlax|319\/524|[from] item: Leftovers
|-end|p1a: Snorlax|move: Taunt
|turn|32
|
|move|p1a: Snorlax|Curse|p1a: Snorlax
|-boost|p1a: Snorlax|atk|1
|-boost|p1a: Snorlax|def|1
|-unboost|p1a: Snorlax|spe|1
|move|p2a: Chansey|Aromatherapy|p2a: Chansey
|-cureteam|p2a: Chansey|[from] move: Aromatherapy
|
|-heal|p1a: Snorlax|351\/524|[from] item: Leftovers
|turn|33
|
|move|p2a: Chansey|Seismic Toss|p1a: Snorlax
|-damage|p1a: Snorlax|251\/524
|move|p1a: Snorlax|Yawn|p2a: Chansey
|-start|p2a: Chansey|move: Yawn|[of] p1a: Snorlax
|
|-heal|p1a: Snorlax|283\/524|[from] item: Leftovers
|turn|34
|
|switch|p2a: Greninja|Greninja, F|201\/285
|move|p1a: Snorlax|Body Slam|p2a: Greninja
|-damage|p2a: Greninja|0 fnt
|faint|p2a: Greninja
|
|-heal|p1a: Snorlax|315\/524|[from] item: Leftovers
|
|switch|p2a: Mandibuzz|Mandibuzz, F|268\/424
|turn|35
|
|move|p2a: Mandibuzz|Taunt|p1a: Snorlax
|-start|p1a: Snorlax|move: Taunt
|move|p1a: Snorlax|Body Slam|p2a: Mandibuzz
|-damage|p2a: Mandibuzz|150\/424
|
|-heal|p2a: Mandibuzz|176\/424|[from] item: Leftovers
|-heal|p1a: Snorlax|347\/524|[from] item: Leftovers
|turn|36
|
|move|p2a: Mandibuzz|Foul Play|p1a: Snorlax
|-damage|p1a: Snorlax|235\/524
|move|p1a: Snorlax|Body Slam|p2a: Mandibuzz
|-damage|p2a: Mandibuzz|70\/424
|-status|p2a: Mandibuzz|par
|
|-heal|p1a: Snorlax|267\/524|[from] item: Leftovers
|-heal|p2a: Mandibuzz|96\/424 par|[from] item: Leftovers
|turn|37
|
|move|p1a: Snorlax|Body Slam|p2a: Mandibuzz
|-damage|p2a: Mandibuzz|0 fnt
|faint|p2a: Mandibuzz
|
|-heal|p1a: Snorlax|299\/524|[from] item: Leftovers
|-end|p1a: Snorlax|move: Taunt
|
|switch|p2a: Chansey|Chansey, F|547\/704
|turn|38
|
|move|p2a: Chansey|Seismic Toss|p1a: Snorlax
|-damage|p1a: Snorlax|199\/524
|move|p1a: Snorlax|Yawn|p2a: Chansey
|-start|p2a: Chansey|move: Yawn|[of] p1a: Snorlax
|
|-heal|p1a: Snorlax|231\/524|[from] item: Leftovers
|turn|39
|
|move|p2a: Chansey|Seismic Toss|p1a: Snorlax
|-damage|p1a: Snorlax|131\/524
|move|p1a: Snorlax|Body Slam|p2a: Chansey
|-damage|p2a: Chansey|325\/704
|
|-status|p2a: Chansey|slp
|-heal|p1a: Snorlax|163\/524|[from] item: Leftovers
|turn|40
|
|cant|p2a: Chansey|slp
|move|p1a: Snorlax|Earthquake|p2a: Chansey
|-damage|p2a: Chansey|142\/704 slp
|
|-heal|p1a: Snorlax|195\/524|[from] item: Leftovers
|turn|41
|
|cant|p2a: Chansey|slp
|move|p1a: Snorlax|Earthquake|p2a: Chansey
|-damage|p2a: Chansey|0 fnt
|faint|p2a: Chansey
|
|win|eslott
|leave|benito camelo
|player|p2