|join|elpapineitor30000
|join|Yyum's Huge Cock
|player|p1|elpapineitor30000|209
|player|p2|Yyum's Huge Cock|126
|gametype|singles
|gen|6
|tier|OU
|rated
|clearpoke
|poke|p1|Zapdos
|poke|p1|Bisharp, F
|poke|p1|Garchomp, M
|poke|p1|Gardevoir, F
|poke|p1|Talonflame, F
|poke|p1|Chansey, F
|poke|p2|Aerodactyl, F
|poke|p2|Azumarill, M
|poke|p2|Bisharp, F
|poke|p2|Dragonite, M
|poke|p2|Greninja, F
|poke|p2|Manectric, F
|rule|Swagger Clause: Swagger is banned
|rule|Baton Pass Clause: Limit one PokÃ©mon knowing Baton Pass
|rule|Sleep Clause Mod: Limit one foe put to sleep
|rule|Species Clause: Limit one of each PokÃ©mon
|rule|OHKO Clause: OHKO moves are banned
|rule|Moody Clause: Moody is banned
|rule|Evasion Moves Clause: Evasion moves are banned
|rule|Endless Battle Clause: Forcing endless battles is banned
|rule|HP Percentage Mod: HP is shown in percentages
|teampreview
|join|ananas test
|join|Slutty Bisharp
|join|Yyum
|
|start
|switch|p1a: Garchomp|Garchomp, M|358\/358
|switch|p2a: rriv|Aerodactyl, F|301\/301
|-ability|p2a: rriv|Pressure
|turn|1
|
|move|p2a: rriv|Taunt|p1a: Garchomp
|-start|p1a: Garchomp|move: Taunt
|cant|p1a: Garchomp|move: Taunt|Stealth Rock
|
|turn|2
|
|move|p2a: rriv|Stealth Rock|p1a: Garchomp
|-sidestart|p1: elpapineitor30000|move: Stealth Rock
|move|p1a: Garchomp|Outrage|p2a: rriv
|-damage|p2a: rriv|36\/301
|
|turn|3
|
|switch|p2a: rriv|Azumarill, M|360\/360
|move|p1a: Garchomp|Outrage|p2a: rriv
|-immune|p2a: rriv|[msg]
|
|-end|p1a: Garchomp|rampage
|-start|p1a: Garchomp|confusion
|-end|p1a: Garchomp|move: Taunt
|-enditem|p1a: Garchomp|Lum Berry|[eat]
|-end|p1a: Garchomp|confusion
|turn|4
|
|switch|p1a: Zapdos|Zapdos|384\/384
|-damage|p1a: Zapdos|288\/384|[from] Stealth Rock
|-ability|p1a: Zapdos|Pressure
|move|p2a: rriv|Play Rough|p1a: Zapdos|[miss]
|-miss|p2a: rriv|p1a: Zapdos
|
|-heal|p1a: Zapdos|312\/384|[from] item: Leftovers
|turn|5
|
|switch|p2a: rriv|Aerodactyl, F|36\/301
|-ability|p2a: rriv|Pressure
|move|p1a: Zapdos|Defog|p2a: rriv
|-unboost|p2a: rriv|evasion|1
|-sideend|p1: elpapineitor30000|Stealth Rock|[from] move: Defog|[of] p1a: Zapdos
|
|-heal|p1a: Zapdos|336\/384|[from] item: Leftovers
|turn|6
|
|move|p2a: rriv|Stealth Rock|p1a: Zapdos
|-sidestart|p1: elpapineitor30000|move: Stealth Rock
|move|p1a: Zapdos|Thunderbolt|p2a: rriv
|-supereffective|p2a: rriv
|-damage|p2a: rriv|0 fnt
|faint|p2a: rriv
|
|-heal|p1a: Zapdos|360\/384|[from] item: Leftovers
|
|switch|p2a: rriv|Greninja, F|285\/285
|turn|7
|
|switch|p1a: Chansey|Chansey, F|704\/704
|-damage|p1a: Chansey|616\/704|[from] Stealth Rock
|move|p2a: rriv|Ice Beam|p1a: Chansey
|-start|p2a: rriv|typechange|Ice|[from] Protean
|-damage|p1a: Chansey|509\/704
|-damage|p2a: rriv|257\/285|[from] item: Life Orb
|
|turn|8
|
|move|p2a: rriv|U-turn|p1a: Chansey
|-start|p2a: rriv|typechange|Bug|[from] Protean
|-crit|p1a: Chansey
|-damage|p1a: Chansey|314\/704
|-damage|p2a: rriv|229\/285|[from] item: Life Orb
|
|switch|p2a: rriv|Bisharp, F|271\/271
|move|p1a: Chansey|Seismic Toss|p2a: rriv
|-damage|p2a: rriv|171\/271
|
|turn|9
|
|switch|p2a: rriv|Greninja, F|229\/285
|move|p1a: Chansey|Seismic Toss|p2a: rriv
|-damage|p2a: rriv|129\/285
|
|turn|10
|
|switch|p2a: rriv|Bisharp, F|171\/271
|move|p1a: Chansey|Soft-Boiled|p1a: Chansey
|-heal|p1a: Chansey|666\/704
|
|turn|11
|
|switch|p1a: Zapdos|Zapdos|360\/384
|-damage|p1a: Zapdos|264\/384|[from] Stealth Rock
|-ability|p1a: Zapdos|Pressure
|move|p2a: rriv|Knock Off|p1a: Zapdos
|-damage|p1a: Zapdos|25\/384
|-enditem|p1a: Zapdos|Leftovers|[from] move: Knock Off|[of] p2a: rriv
|-damage|p2a: rriv|144\/271|[from] item: Life Orb
|
|turn|12
|
|move|p1a: Zapdos|Roost|p1a: Zapdos
|-heal|p1a: Zapdos|217\/384
|move|p2a: rriv|Knock Off|p1a: Zapdos
|-crit|p1a: Zapdos
|-damage|p1a: Zapdos|0 fnt
|-damage|p2a: rriv|117\/271|[from] item: Life Orb
|faint|p1a: Zapdos
|
|leave|Slutty Bisharp
|
|switch|p1a: Garchomp|Garchomp, M|358\/358
|-damage|p1a: Garchomp|336\/358|[from] Stealth Rock
|turn|13
|
|move|p1a: Garchomp|Stealth Rock|p2a: rriv
|-sidestart|p2: Yyum's Huge Cock|move: Stealth Rock
|move|p2a: rriv|Iron Head|p1a: Garchomp
|-damage|p1a: Garchomp|125\/358
|-damage|p2a: rriv|84\/271|[from] ability: Rough Skin|[of] p1a: Garchomp
|-damage|p2a: rriv|57\/271|[from] item: Life Orb
|
|turn|14
|
|move|p2a: rriv|Sucker Punch|p1a: Garchomp
|-damage|p1a: Garchomp|0 fnt
|-damage|p2a: rriv|24\/271|[from] ability: Rough Skin|[of] p1a: Garchomp
|-damage|p2a: rriv|0 fnt|[from] item: Life Orb
|faint|p1a: Garchomp
|faint|p2a: rriv
|
|
|switch|p2a: rriv|Manectric, F|281\/281
|-damage|p2a: rriv|246\/281|[from] Stealth Rock
|switch|p1a: Gardevoir|Gardevoir, F|277\/277
|-damage|p1a: Gardevoir|243\/277|[from] Stealth Rock
|turn|15
|
|switch|p1a: Chansey|Chansey, F|666\/704
|-damage|p1a: Chansey|578\/704|[from] Stealth Rock
|detailschange|p2a: rriv|Manectric-Mega, F
|message|Manectric has Mega Evolved into Mega Manectric!
|-ability|p2a: rriv|Intimidate|[of] p1a: Chansey
|-unboost|p1a: Chansey|atk|1
|move|p2a: rriv|Volt Switch|p1a: Chansey
|-damage|p1a: Chansey|491\/704
|
|switch|p2a: rriv|Azumarill, M|360\/360
|-damage|p2a: rriv|315\/360|[from] Stealth Rock
|
|turn|16
|
|move|p2a: rriv|Belly Drum|p2a: rriv
|-damage|p2a: rriv|135\/360
|-setboost|p2a: rriv|atk|6|[from] move: Belly Drum
|-enditem|p2a: rriv|Sitrus Berry|[eat]
|-heal|p2a: rriv|225\/360|[from] item: Sitrus Berry
|move|p1a: Chansey|Soft-Boiled|p1a: Chansey
|-heal|p1a: Chansey|704\/704
|
|turn|17
|
|move|p2a: rriv|Waterfall|p1a: Chansey
|-damage|p1a: Chansey|0 fnt
|faint|p1a: Chansey
|
|
|switch|p1a: Talonflame|Talonflame, F|298\/298
|-damage|p1a: Talonflame|149\/298|[from] Stealth Rock
|turn|18
|c|âelpapineitor30000|;)
|
|move|p1a: Talonflame|Brave Bird|p2a: rriv
|-damage|p2a: rriv|0 fnt
|-damage|p1a: Talonflame|75\/298|[from] recoil|[of] p2a: rriv
|-damage|p1a: Talonflame|46\/298|[from] item: Life Orb
|faint|p2a: rriv
|
|
|switch|p2a: rriv|Manectric-Mega, F|246\/281
|-damage|p2a: rriv|211\/281|[from] Stealth Rock
|-ability|p2a: rriv|Intimidate|[of] p1a: Talonflame
|-unboost|p1a: Talonflame|atk|1
|turn|19
|
|move|p2a: rriv|Thunderbolt|p1a: Talonflame
|-supereffective|p1a: Talonflame
|-damage|p1a: Talonflame|0 fnt
|faint|p1a: Talonflame
|
|
|switch|p1a: Gardevoir|Gardevoir, F|243\/277
|-damage|p1a: Gardevoir|209\/277|[from] Stealth Rock
|turn|20
|
|detailschange|p1a: Gardevoir|Gardevoir-Mega, F
|message|Gardevoir has Mega Evolved into Mega Gardevoir!
|move|p2a: rriv|Thunderbolt|p1a: Gardevoir
|-damage|p1a: Gardevoir|88\/277
|move|p1a: Gardevoir|Hyper Voice|p2a: rriv
|-damage|p2a: rriv|0 fnt
|faint|p2a: rriv
|
|
|switch|p2a: rriv|Greninja, F|129\/285
|-damage|p2a: rriv|94\/285|[from] Stealth Rock
|turn|21
|
|move|p2a: rriv|U-turn|p1a: Gardevoir
|-start|p2a: rriv|typechange|Bug|[from] Protean
|-damage|p1a: Gardevoir|0 fnt
|-damage|p2a: rriv|66\/285|[from] item: Life Orb
|faint|p1a: Gardevoir
|
|switch|p2a: rriv|Dragonite, M|323\/323
|-damage|p2a: rriv|243\/323|[from] Stealth Rock
|
|
|switch|p1a: Bisharp|Bisharp, F|272\/272
|-damage|p1a: Bisharp|255\/272|[from] Stealth Rock
|turn|22
|
|move|p1a: Bisharp|Iron Head|p2a: rriv
|-damage|p2a: rriv|5\/323
|-damage|p1a: Bisharp|228\/272|[from] item: Life Orb
|move|p2a: rriv|Superpower|p1a: Bisharp
|-supereffective|p1a: Bisharp
|-damage|p1a: Bisharp|0 fnt
|-unboost|p2a: rriv|atk|1
|-unboost|p2a: rriv|def|1
|-damage|p2a: rriv|0 fnt|[from] item: Life Orb
|faint|p1a: Bisharp
|faint|p2a: rriv
|
|win|Yyum's Huge Cock
|raw|Ladder updating...
|raw|elpapineitor30000's rating: 1000 &rarr; <strong>1000<\/strong><br \/>(+0 for losing)
|raw|Yyum&apos;s Huge Cock's rating: 1000 &rarr; <strong>1040<\/strong><br \/>(+40 for winning)
|c|âelpapineitor30000|gg
|leave|Yyum's Huge Cock
|player|p2
|leave|Yyum
|leave|elpapineitor30000
|player|p1
|join|Yyum
|leave|Yyum