|join|benito camelo
|join|Neonxx
|player|p1|benito camelo|209
|player|p2|Neonxx|34
|gametype|singles
|gen|6
|tier|OU
|clearpoke
|poke|p1|Zapdos
|poke|p1|Bisharp, M
|poke|p1|Heatran, F
|poke|p1|Gardevoir, F
|poke|p1|Clefable, F
|poke|p1|Keldeo
|poke|p2|Charizard, F
|poke|p2|Ferrothorn, F
|poke|p2|Landorus-Therian, M
|poke|p2|Greninja, M
|poke|p2|Latias, F
|poke|p2|Rotom-Wash
|rule|Swagger Clause: Swagger is banned
|rule|Baton Pass Clause: Limit one PokÃ©mon knowing Baton Pass
|rule|Sleep Clause Mod: Limit one foe put to sleep
|rule|Species Clause: Limit one of each PokÃ©mon
|rule|OHKO Clause: OHKO moves are banned
|rule|Moody Clause: Moody is banned
|rule|Evasion Moves Clause: Evasion moves are banned
|rule|Endless Battle Clause: Forcing endless battles is banned
|rule|HP Percentage Mod: HP is shown in percentages
|teampreview
|
|start
|switch|p1a: Keldeo|Keldeo|323\/323
|switch|p2a: Rotom-Wash|Rotom-Wash|304\/304
|turn|1
|c|âNeonxx|Esa berga de cleafable :c
|
|switch|p1a: Zapdos|Zapdos|384\/384
|-ability|p1a: Zapdos|Pressure
|move|p2a: Rotom-Wash|Volt Switch|p1a: Zapdos
|-damage|p1a: Zapdos|284\/384
|
|switch|p2a: Charizard|Charizard, F|297\/297
|
|-heal|p1a: Zapdos|308\/384|[from] item: Leftovers
|turn|2
|
|detailschange|p2a: Charizard|Charizard-Mega-X, F
|message|Charizard has Mega Evolved into Mega Charizard!
|move|p2a: Charizard|Dragon Dance|p2a: Charizard
|-boost|p2a: Charizard|atk|1
|-boost|p2a: Charizard|spe|1
|move|p1a: Zapdos|Thunderbolt|p2a: Charizard
|-resisted|p2a: Charizard
|-damage|p2a: Charizard|224\/297
|
|-heal|p1a: Zapdos|332\/384|[from] item: Leftovers
|turn|3
|
|switch|p1a: Keldeo|Keldeo|323\/323
|move|p2a: Charizard|Dragon Dance|p2a: Charizard
|-boost|p2a: Charizard|atk|1
|-boost|p2a: Charizard|spe|1
|
|turn|4
|
|move|p2a: Charizard|Dragon Claw|p1a: Keldeo
|-damage|p1a: Keldeo|0 fnt
|faint|p1a: Keldeo
|
|
|switch|p1a: Heatran|Heatran, F|385\/385
|turn|5
|
|move|p1a: Heatran|Protect|p1a: Heatran
|-singleturn|p1a: Heatran|Protect
|move|p2a: Charizard|Earthquake|p1a: Heatran
|-activate|p1a: Heatran|Protect
|
|turn|6
|
|switch|p1a: Zapdos|Zapdos|332\/384
|-ability|p1a: Zapdos|Pressure
|move|p2a: Charizard|Dragon Dance|p2a: Charizard
|-boost|p2a: Charizard|atk|1
|-boost|p2a: Charizard|spe|1
|
|-heal|p1a: Zapdos|356\/384|[from] item: Leftovers
|turn|7
|c|âbenito camelo|ya me la pele
|c|âNeonxx|e_e
|c|âbenito camelo|xD
|c|âNeonxx|el chorizo :v
|
|move|p2a: Charizard|Dragon Claw|p1a: Zapdos
|-damage|p1a: Zapdos|0 fnt
|faint|p1a: Zapdos
|
|
|switch|p1a: Gardevoir|Gardevoir, F|277\/277
|turn|8
|
|detailschange|p1a: Gardevoir|Gardevoir-Mega, F
|message|Gardevoir has Mega Evolved into Mega Gardevoir!
|move|p2a: Charizard|Fire Punch|p1a: Gardevoir
|-damage|p1a: Gardevoir|0 fnt
|faint|p1a: Gardevoir
|
|
|switch|p1a: Clefable|Clefable, F|394\/394
|turn|9
|
|move|p2a: Charizard|Fire Punch|p1a: Clefable
|-damage|p1a: Clefable|213\/394
|move|p1a: Clefable|Moonblast|p2a: Charizard
|-damage|p2a: Charizard|91\/297
|
|-heal|p1a: Clefable|237\/394|[from] item: Leftovers
|turn|10
|c|âbenito camelo|de haber sabido
|
|move|p2a: Charizard|Fire Punch|p1a: Clefable
|-damage|p1a: Clefable|75\/394
|move|p1a: Clefable|Wish|p1a: Clefable
|
|-heal|p1a: Clefable|99\/394|[from] item: Leftovers
|turn|11
|
|move|p1a: Clefable|Protect|p1a: Clefable
|-singleturn|p1a: Clefable|Protect
|move|p2a: Charizard|Fire Punch|p1a: Clefable
|-activate|p1a: Clefable|Protect
|
|-heal|p1a: Clefable|296\/394|[from] move: Wish|[wisher] Clefable
|-heal|p1a: Clefable|320\/394|[from] item: Leftovers
|turn|12
|
|move|p2a: Charizard|Fire Punch|p1a: Clefable
|-damage|p1a: Clefable|137\/394
|move|p1a: Clefable|Moonblast|p2a: Charizard
|-damage|p2a: Charizard|0 fnt
|faint|p2a: Charizard
|
|-heal|p1a: Clefable|161\/394|[from] item: Leftovers
|c|âbenito camelo|bueno
|c|âbenito camelo|jugue bine caca xD
|
|switch|p2a: Latias|Latias, F|301\/301
|turn|13
|
|move|p1a: Clefable|Protect|p1a: Clefable
|-singleturn|p1a: Clefable|Protect
|move|p2a: Latias|Psyshock|p1a: Clefable
|-activate|p1a: Clefable|Protect
|
|-heal|p1a: Clefable|185\/394|[from] item: Leftovers
|turn|14
|c|âNeonxx|Si xD
|
|move|p2a: Latias|Psyshock|p1a: Clefable
|-damage|p1a: Clefable|29\/394
|-damage|p2a: Latias|271\/301|[from] item: Life Orb
|move|p1a: Clefable|Wish|p1a: Clefable
|
|-heal|p1a: Clefable|53\/394|[from] item: Leftovers
|turn|15
|c|âbenito camelo|plox
|
|switch|p2a: Landorus-Therian|Landorus-Therian, M|379\/379
|-ability|p2a: Landorus-Therian|Intimidate|[of] p1a: Clefable
|-unboost|p1a: Clefable|atk|1
|move|p1a: Clefable|Protect|p1a: Clefable
|-fail|p1a: Clefable
|
|-heal|p1a: Clefable|250\/394|[from] move: Wish|[wisher] Clefable
|-heal|p1a: Clefable|274\/394|[from] item: Leftovers
|turn|16
|
|move|p1a: Clefable|Protect|p1a: Clefable
|-singleturn|p1a: Clefable|Protect
|move|p2a: Landorus-Therian|Rock Slide|p1a: Clefable
|-activate|p1a: Clefable|Protect
|
|-heal|p1a: Clefable|298\/394|[from] item: Leftovers
|turn|17
|c|âNeonxx|flinch
|c|âNeonxx|:c
|
|move|p2a: Landorus-Therian|Rock Slide|p1a: Clefable
|-damage|p1a: Clefable|222\/394
|move|p1a: Clefable|Wish|p1a: Clefable
|
|-heal|p1a: Clefable|246\/394|[from] item: Leftovers
|turn|18
|
|move|p2a: Landorus-Therian|Earthquake|p1a: Clefable
|-damage|p1a: Clefable|113\/394
|move|p1a: Clefable|Wish|p1a: Clefable
|-fail|p1a: Clefable
|
|-heal|p1a: Clefable|310\/394|[from] move: Wish|[wisher] Clefable
|-heal|p1a: Clefable|334\/394|[from] item: Leftovers
|turn|19
|c|âbenito camelo|click
|c|âbenito camelo|miss
|c|âbenito camelo|xD
|
|move|p2a: Landorus-Therian|Stealth Rock|p1a: Clefable
|-sidestart|p1: benito camelo|move: Stealth Rock
|move|p1a: Clefable|Wish|p1a: Clefable
|
|-heal|p1a: Clefable|358\/394|[from] item: Leftovers
|turn|20
|
|switch|p2a: Rotom-Wash|Rotom-Wash|304\/304
|move|p1a: Clefable|Moonblast|p2a: Rotom-Wash
|-damage|p2a: Rotom-Wash|207\/304
|
|-heal|p1a: Clefable|394\/394|[from] move: Wish|[wisher] Clefable
|-heal|p2a: Rotom-Wash|226\/304|[from] item: Leftovers
|turn|21
|
|move|p1a: Clefable|Protect|p1a: Clefable
|-singleturn|p1a: Clefable|Protect
|move|p2a: Rotom-Wash|Will-O-Wisp|p1a: Clefable
|-activate|p1a: Clefable|Protect
|
|-heal|p2a: Rotom-Wash|245\/304|[from] item: Leftovers
|turn|22
|
|move|p2a: Rotom-Wash|Will-O-Wisp|p1a: Clefable
|-status|p1a: Clefable|brn
|move|p1a: Clefable|Moonblast|p2a: Rotom-Wash
|-damage|p2a: Rotom-Wash|151\/304
|
|-heal|p2a: Rotom-Wash|170\/304|[from] item: Leftovers
|-damage|p1a: Clefable|345\/394 brn|[from] brn
|turn|23
|
|move|p2a: Rotom-Wash|Volt Switch|p1a: Clefable
|-damage|p1a: Clefable|248\/394 brn
|
|switch|p2a: Ferrothorn|Ferrothorn, F|349\/349
|move|p1a: Clefable|Aromatherapy|p1a: Clefable
|-cureteam|p1a: Clefable|[from] move: Aromatherapy
|
|-heal|p1a: Clefable|272\/394|[from] item: Leftovers
|turn|24
|
|move|p1a: Clefable|Wish|p1a: Clefable
|move|p2a: Ferrothorn|Leech Seed|p1a: Clefable
|-start|p1a: Clefable|move: Leech Seed
|
|-heal|p1a: Clefable|296\/394|[from] item: Leftovers
|-damage|p1a: Clefable|247\/394|[from] Leech Seed|[of] p2a: Ferrothorn
|turn|25
|
|switch|p1a: Heatran|Heatran, F|385\/385
|-damage|p1a: Heatran|337\/385|[from] Stealth Rock
|switch|p2a: Landorus-Therian|Landorus-Therian, M|379\/379
|-ability|p2a: Landorus-Therian|Intimidate|[of] p1a: Heatran
|-unboost|p1a: Heatran|atk|1
|
|-heal|p1a: Heatran|385\/385|[from] move: Wish|[wisher] Clefable
|turn|26
|c|âNeonxx|ozhe cÃ½
|c|âbenito camelo|lol
|c|âbenito camelo|xD
|
|move|p1a: Heatran|Protect|p1a: Heatran
|-singleturn|p1a: Heatran|Protect
|move|p2a: Landorus-Therian|Earthquake|p1a: Heatran
|-activate|p1a: Heatran|Protect
|
|turn|27
|
|move|p2a: Landorus-Therian|Earthquake|p1a: Heatran
|-supereffective|p1a: Heatran
|-damage|p1a: Heatran|0 fnt
|faint|p1a: Heatran
|
|
|switch|p1a: Clefable|Clefable, F|247\/394
|-damage|p1a: Clefable|198\/394|[from] Stealth Rock
|turn|28
|
|move|p2a: Landorus-Therian|U-turn|p1a: Clefable
|-resisted|p1a: Clefable
|-damage|p1a: Clefable|163\/394
|
|switch|p2a: Ferrothorn|Ferrothorn, F|349\/349
|move|p1a: Clefable|Wish|p1a: Clefable
|
|-heal|p1a: Clefable|187\/394|[from] item: Leftovers
|turn|29
|c|âNeonxx|ferro puede swepear c:
|
|move|p1a: Clefable|Protect|p1a: Clefable
|-singleturn|p1a: Clefable|Protect
|move|p2a: Ferrothorn|Leech Seed|p1a: Clefable
|-activate|p1a: Clefable|Protect
|
|-heal|p1a: Clefable|384\/394|[from] move: Wish|[wisher] Clefable
|-heal|p1a: Clefable|394\/394|[from] item: Leftovers
|turn|30
|
|move|p1a: Clefable|Wish|p1a: Clefable
|move|p2a: Ferrothorn|Leech Seed|p1a: Clefable
|-start|p1a: Clefable|move: Leech Seed
|
|-damage|p1a: Clefable|345\/394|[from] Leech Seed|[of] p2a: Ferrothorn
|turn|31
|
|switch|p1a: Bisharp|Bisharp, M|272\/272
|-damage|p1a: Bisharp|255\/272|[from] Stealth Rock
|move|p2a: Ferrothorn|Gyro Ball|p1a: Bisharp
|-resisted|p1a: Bisharp
|-damage|p1a: Bisharp|168\/272
|
|-heal|p1a: Bisharp|272\/272|[from] move: Wish|[wisher] Clefable
|turn|32
|
|move|p1a: Bisharp|Swords Dance|p1a: Bisharp
|-boost|p1a: Bisharp|atk|2
|move|p2a: Ferrothorn|Leech Seed|p1a: Bisharp
|-start|p1a: Bisharp|move: Leech Seed
|
|-damage|p1a: Bisharp|238\/272|[from] Leech Seed|[of] p2a: Ferrothorn
|turn|33
|
|move|p1a: Bisharp|Swords Dance|p1a: Bisharp
|-boost|p1a: Bisharp|atk|2
|move|p2a: Ferrothorn|Power Whip|p1a: Bisharp|[miss]
|-miss|p2a: Ferrothorn|p1a: Bisharp
|
|-damage|p1a: Bisharp|204\/272|[from] Leech Seed|[of] p2a: Ferrothorn
|turn|34
|
|move|p1a: Bisharp|Knock Off|p2a: Ferrothorn
|-damage|p2a: Ferrothorn|0 fnt
|-damage|p1a: Bisharp|170\/272|[from] ability: Iron Barbs|[of] p2a: Ferrothorn
|-enditem|p2a: Ferrothorn|Leftovers|[from] move: Knock Off|[of] p1a: Bisharp
|-damage|p1a: Bisharp|143\/272|[from] item: Life Orb
|faint|p2a: Ferrothorn
|
|c|âNeonxx|ciego ewe
|
|switch|p2a: Greninja|Greninja, M|285\/285
|turn|35
|c|âbenito camelo|xD
|
|move|p1a: Bisharp|Sucker Punch|p2a: Greninja
|-resisted|p2a: Greninja
|-damage|p2a: Greninja|0 fnt
|-damage|p1a: Bisharp|116\/272|[from] item: Life Orb
|faint|p2a: Greninja
|
|c|âNeonxx|ya gg :v
|c|âbenito camelo|no mames
|c|âbenito camelo|xD
|
|switch|p2a: Landorus-Therian|Landorus-Therian, M|379\/379
|-ability|p2a: Landorus-Therian|Intimidate|[of] p1a: Bisharp
|-unboost|p1a: Bisharp|atk|1
|-boost|p1a: Bisharp|atk|2|[from] ability: Defiant
|turn|36
|c|âbenito camelo|AJAJAJAJ
|
|move|p1a: Bisharp|Iron Head|p2a: Landorus-Therian
|-damage|p2a: Landorus-Therian|0 fnt
|-damage|p1a: Bisharp|89\/272|[from] item: Life Orb
|faint|p2a: Landorus-Therian
|
|c|âbenito camelo|lol
|c|âbenito camelo|soy mas rapido
|
|switch|p2a: Rotom-Wash|Rotom-Wash|170\/304
|turn|37
|c|âbenito camelo|hiciste
|c|âNeonxx|bisharp puto :c
|c|âbenito camelo|stela rock
|c|âbenito camelo|no?
|
|move|p1a: Bisharp|Knock Off|p2a: Rotom-Wash
|-damage|p2a: Rotom-Wash|0 fnt
|-enditem|p2a: Rotom-Wash|Leftovers|[from] move: Knock Off|[of] p1a: Bisharp
|-damage|p1a: Bisharp|62\/272|[from] item: Life Orb
|faint|p2a: Rotom-Wash
|
|c|âNeonxx|si
|c|âNeonxx|supuse que seria mas rapido
|
|switch|p2a: Latias|Latias, F|271\/301
|turn|38
|
|move|p2a: Latias|Roost|p2a: Latias
|-heal|p2a: Latias|301\/301
|move|p1a: Bisharp|Knock Off|p2a: Latias
|-supereffective|p2a: Latias
|-damage|p2a: Latias|0 fnt
|-enditem|p2a: Latias|Life Orb|[from] move: Knock Off|[of] p1a: Bisharp
|-damage|p1a: Bisharp|35\/272|[from] item: Life Orb
|faint|p2a: Latias
|
|win|benito camelo
|c|âbenito camelo|GG
|c|âbenito camelo|izi
|c|âbenito camelo|noob
|c|âNeonxx|supuse eso :v
|c|âbenito camelo|okno
|c|âbenito camelo|xD
|c|âNeonxx|xD
|c|âNeonxx|GG :v
|c|âbenito camelo|no se ni como gane
|c|âbenito camelo|AJAJAJ
|c|âbenito camelo|xd
|c|âNeonxx|mierda de bisharp ya no me ama 
|c|âbenito camelo|y sin hax
|c|âbenito camelo|para que digas
|c|âbenito camelo|uwu
|c|âbenito camelo|xD
|c|âNeonxx|xd
|c|âNeonxx|No huvo hax
|c|âNeonxx|solo el ferro ciego
|c|âNeonxx|xD
|c|âNeonxx|aun asi me ggeaba 
|c|âNeonxx|gg c:
|leave|Neonxx
|player|p2