|join|BigSpore
|join|benito camelo
|player|p1|BigSpore|93
|player|p2|benito camelo|209
|gametype|singles
|gen|6
|tier|OU
|clearpoke
|poke|p1|Pinsir, F, shiny
|poke|p1|Latios, M
|poke|p1|Magnezone
|poke|p1|Diggersby, F, shiny
|poke|p1|Clefable, M
|poke|p1|Rotom-Wash, shiny
|poke|p2|Zapdos
|poke|p2|Bisharp, F
|poke|p2|Heatran, M
|poke|p2|Gardevoir, F
|poke|p2|Clefable, F
|poke|p2|Keldeo
|rule|Swagger Clause: Swagger is banned
|rule|Baton Pass Clause: Limit one PokÃ©mon knowing Baton Pass
|rule|Sleep Clause Mod: Limit one foe put to sleep
|rule|Species Clause: Limit one of each PokÃ©mon
|rule|OHKO Clause: OHKO moves are banned
|rule|Moody Clause: Moody is banned
|rule|Evasion Moves Clause: Evasion moves are banned
|rule|Endless Battle Clause: Forcing endless battles is banned
|rule|HP Percentage Mod: HP is shown in percentages
|teampreview
|c|âbenito camelo|el pedo
|c|âbenito camelo|es que nos e que cambio
|c|âbenito camelo|hacerles
|
|start
|switch|p1a: Big Daddy|Diggersby, F, shiny|311\/311
|switch|p2a: Heatran|Heatran, M|385\/385
|turn|1
|
|move|p2a: Heatran|Protect|p2a: Heatran
|-singleturn|p2a: Heatran|Protect
|move|p1a: Big Daddy|Earthquake|p2a: Heatran
|-activate|p2a: Heatran|Protect
|
|turn|2
|c|âbenito camelo|andas empezando bien mamon
|
|switch|p2a: Clefable|Clefable, F|394\/394
|move|p1a: Big Daddy|Earthquake|p2a: Clefable
|-damage|p2a: Clefable|198\/394
|
|-heal|p2a: Clefable|222\/394|[from] item: Leftovers
|turn|3
|
|switch|p1a: NoNeedEvs|Latios, M|302\/302
|move|p2a: Clefable|Moonblast|p1a: NoNeedEvs
|-supereffective|p1a: NoNeedEvs
|-damage|p1a: NoNeedEvs|96\/302
|-unboost|p1a: NoNeedEvs|spa|1
|
|-heal|p2a: Clefable|246\/394|[from] item: Leftovers
|turn|4
|c|âBigSpore|ewe
|c|âbenito camelo|:3
|c|âBigSpore|missclick AHAAHHA
|c|âbenito camelo|DIE
|c|âbenito camelo|te odio
|c|âBigSpore|SAID DE MIERDA JUEPUTA
|c|âbenito camelo|muere
|
|switch|p1a: Pussy Pull|Magnezone|282\/282
|move|p2a: Clefable|Moonblast|p1a: Pussy Pull
|-resisted|p1a: Pussy Pull
|-damage|p1a: Pussy Pull|219\/282
|
|-heal|p2a: Clefable|270\/394|[from] item: Leftovers
|turn|5
|
|move|p2a: Clefable|Protect|p2a: Clefable
|-singleturn|p2a: Clefable|Protect
|move|p1a: Pussy Pull|Flash Cannon|p2a: Clefable
|-activate|p2a: Clefable|Protect
|
|-heal|p2a: Clefable|294\/394|[from] item: Leftovers
|turn|6
|c|âbenito camelo|e we
|c|âbenito camelo|no
|
|switch|p1a: Big Daddy|Diggersby, F, shiny|311\/311
|switch|p2a: Keldeo|Keldeo|323\/323
|
|turn|7
|c|âbenito camelo|le atine
|c|âbenito camelo|MUAJAJAAJ
|
|switch|p1a: NoNeedEvs|Latios, M|96\/302
|move|p2a: Keldeo|Hydro Pump|p1a: NoNeedEvs
|-resisted|p1a: NoNeedEvs
|-damage|p1a: NoNeedEvs|4\/302
|
|turn|8
|
|move|p2a: Keldeo|Hydro Pump|p1a: NoNeedEvs
|-resisted|p1a: NoNeedEvs
|-damage|p1a: NoNeedEvs|0 fnt
|faint|p1a: NoNeedEvs
|
|c|âbenito camelo|.i.
|c|âBigSpore|Esos trucos pedorros
|c|âBigSpore|no se puede pegar dos hydro pump seguidos
|
|switch|p1a: FUZZ WUZZ|Rotom-Wash, shiny|304\/304
|turn|9
|c|âbenito camelo|mmm
|c|âbenito camelo|rotom
|c|âbenito camelo|que aras
|
|switch|p2a: Clefable|Clefable, F|294\/394
|move|p1a: FUZZ WUZZ|Volt Switch|p2a: Clefable
|-damage|p2a: Clefable|197\/394
|c|âBigSpore|:^)
|
|switch|p1a: Darwin was right|Pinsir, F, shiny|271\/271
|
|-heal|p2a: Clefable|221\/394|[from] item: Leftovers
|turn|10
|c|âBigSpore|ADIVINA
|
|switch|p2a: Zapdos|Zapdos|384\/384
|-ability|p2a: Zapdos|Pressure
|detailschange|p1a: Darwin was right|Pinsir-Mega, F, shiny
|message|Pinsir has Mega Evolved into Mega Pinsir!
|move|p1a: Darwin was right|Return|p2a: Zapdos
|-resisted|p2a: Zapdos
|-damage|p2a: Zapdos|249\/384
|
|-heal|p2a: Zapdos|273\/384|[from] item: Leftovers
|turn|11
|
|switch|p1a: Big Daddy|Diggersby, F, shiny|311\/311
|move|p2a: Zapdos|Thunderbolt|p1a: Big Daddy
|-immune|p1a: Big Daddy|[msg]
|
|-heal|p2a: Zapdos|297\/384|[from] item: Leftovers
|turn|12
|c|âbenito camelo|dejalo we
|c|âbenito camelo|no le pasa nada
|c|âbenito camelo|xd
|
|move|p1a: Big Daddy|Return|p2a: Zapdos
|-damage|p2a: Zapdos|81\/384
|move|p2a: Zapdos|Roost|p2a: Zapdos
|-heal|p2a: Zapdos|273\/384
|
|-heal|p2a: Zapdos|297\/384|[from] item: Leftovers
|turn|13
|
|switch|p1a: FUZZ WUZZ|Rotom-Wash, shiny|304\/304
|switch|p2a: Heatran|Heatran, M|385\/385
|
|turn|14
|c|âbenito camelo|ya se que item
|c|âbenito camelo|trae
|c|âBigSpore|Que
|c|âbenito camelo|band
|c|âbenito camelo|o scarf
|c|âbenito camelo|o no we
|c|âBigSpore|Â¿seguro?
|c|âbenito camelo|specs
|c|âBigSpore|:^)
|
|move|p1a: FUZZ WUZZ|Hydro Pump|p2a: Heatran
|-supereffective|p2a: Heatran
|-damage|p2a: Heatran|161\/385
|move|p2a: Heatran|Stealth Rock|p1a: FUZZ WUZZ
|-sidestart|p1: BigSpore|move: Stealth Rock
|
|-heal|p2a: Heatran|185\/385|[from] item: Leftovers
|turn|15
|c|âbenito camelo|que pedo
|c|âbenito camelo|D:
|c|âbenito camelo|no caes en mis trucos
|c|âbenito camelo|de no hacer nada
|c|âbenito camelo|we
|c|âbenito camelo|ya no puedo contigo
|c|âbenito camelo|GG
|c|âBigSpore|AHAHAHAH
|c|âBigSpore|ES QUE USO HACKS
|
|move|p2a: Heatran|Protect|p2a: Heatran
|-singleturn|p2a: Heatran|Protect
|move|p1a: FUZZ WUZZ|Volt Switch|p2a: Heatran
|-activate|p2a: Heatran|Protect
|
|-heal|p2a: Heatran|209\/385|[from] item: Leftovers
|turn|16
|c|âBigSpore|PARA VER DONDE TIENES EL MOUSE
|
|switch|p2a: Gardevoir|Gardevoir, F|277\/277
|move|p1a: FUZZ WUZZ|Hydro Pump|p2a: Gardevoir
|-damage|p2a: Gardevoir|163\/277
|
|turn|17
|
|detailschange|p2a: Gardevoir|Gardevoir-Mega, F
|message|Gardevoir has Mega Evolved into Mega Gardevoir!
|move|p2a: Gardevoir|Hyper Voice|p1a: FUZZ WUZZ
|-damage|p1a: FUZZ WUZZ|66\/304
|move|p1a: FUZZ WUZZ|Volt Switch|p2a: Gardevoir
|-damage|p2a: Gardevoir|102\/277
|
|switch|p1a: Pussy Pull|Magnezone|219\/282
|-damage|p1a: Pussy Pull|202\/282|[from] Stealth Rock
|
|turn|18
|
|switch|p2a: Heatran|Heatran, M|209\/385
|move|p1a: Pussy Pull|Thunderbolt|p2a: Heatran
|-damage|p2a: Heatran|89\/385
|
|-heal|p2a: Heatran|113\/385|[from] item: Leftovers
|turn|19
|c|âBigSpore|Ahora sÃ­ verguiza swag
|
|switch|p1a: FUZZ WUZZ|Rotom-Wash, shiny|66\/304
|-damage|p1a: FUZZ WUZZ|28\/304|[from] Stealth Rock
|move|p2a: Heatran|Protect|p2a: Heatran
|-fail|p2a: Heatran
|
|-heal|p1a: FUZZ WUZZ|47\/304|[from] item: Leftovers
|-heal|p2a: Heatran|137\/385|[from] item: Leftovers
|turn|20
|
|switch|p2a: Clefable|Clefable, F|221\/394
|move|p1a: FUZZ WUZZ|Hydro Pump|p2a: Clefable
|-damage|p2a: Clefable|77\/394
|
|-heal|p1a: FUZZ WUZZ|66\/304|[from] item: Leftovers
|-heal|p2a: Clefable|101\/394|[from] item: Leftovers
|turn|21
|
|move|p1a: FUZZ WUZZ|Hydro Pump|p2a: Clefable
|-damage|p2a: Clefable|0 fnt
|faint|p2a: Clefable
|
|-heal|p1a: FUZZ WUZZ|85\/304|[from] item: Leftovers
|
|switch|p2a: Gardevoir|Gardevoir-Mega, F|102\/277
|turn|22
|c|âbenito camelo|falla
|c|âbenito camelo|que pedo
|c|âbenito camelo|mis hacks
|c|âbenito camelo|no andan funcionando
|c|âBigSpore|AHAHAHAHA
|
|move|p2a: Gardevoir|Focus Blast|p1a: FUZZ WUZZ
|-damage|p1a: FUZZ WUZZ|0 fnt
|faint|p1a: FUZZ WUZZ
|
|c|âBigSpore|QUE TE PASA
|c|âBigSpore|AHAHAHAHA
|
|switch|p1a: Pussy Pull|Magnezone|202\/282
|-damage|p1a: Pussy Pull|185\/282|[from] Stealth Rock
|turn|23
|
|switch|p2a: Zapdos|Zapdos|297\/384
|-ability|p2a: Zapdos|Pressure
|move|p1a: Pussy Pull|Thunderbolt|p2a: Zapdos
|-damage|p2a: Zapdos|123\/384
|
|-heal|p2a: Zapdos|147\/384|[from] item: Leftovers
|turn|24
|
|move|p1a: Pussy Pull|Thunderbolt|p2a: Zapdos
|-crit|p2a: Zapdos
|-damage|p2a: Zapdos|0 fnt
|faint|p2a: Zapdos
|
|
|switch|p2a: Keldeo|Keldeo|323\/323
|turn|25
|c|âbenito camelo|pudrete
|
|switch|p1a: Abomination|Clefable, M|394\/394
|move|p2a: Keldeo|Secret Sword|p1a: Abomination
|-resisted|p1a: Abomination
|-damage|p1a: Abomination|316\/394
|
|-heal|p1a: Abomination|340\/394|[from] item: Leftovers
|turn|26
|
|switch|p2a: Gardevoir|Gardevoir-Mega, F|102\/277
|move|p1a: Abomination|Stealth Rock|p2a: Gardevoir
|-sidestart|p2: benito camelo|move: Stealth Rock
|
|-heal|p1a: Abomination|364\/394|[from] item: Leftovers
|turn|27
|
|move|p2a: Gardevoir|Psyshock|p1a: Abomination
|-damage|p1a: Abomination|199\/394
|move|p1a: Abomination|Moonblast|p2a: Gardevoir
|-damage|p2a: Gardevoir|17\/277
|
|-heal|p1a: Abomination|223\/394|[from] item: Leftovers
|turn|28
|
|move|p2a: Gardevoir|Focus Blast|p1a: Abomination|[miss]
|-miss|p2a: Gardevoir|p1a: Abomination
|move|p1a: Abomination|Moonblast|p2a: Gardevoir
|-damage|p2a: Gardevoir|0 fnt
|faint|p2a: Gardevoir
|
|-heal|p1a: Abomination|247\/394|[from] item: Leftovers
|c|âBigSpore|QUE PEDO
|c|âbenito camelo|click miss
|c|âBigSpore|AHAHAHAHA
|c|âbenito camelo|xD
|c|âBigSpore|ah
|
|switch|p2a: Bisharp|Bisharp, F|272\/272
|-damage|p2a: Bisharp|255\/272|[from] Stealth Rock
|turn|29
|c|âbenito camelo|time to
|c|âbenito camelo|macanas
|
|switch|p1a: Pussy Pull|Magnezone|185\/282
|-damage|p1a: Pussy Pull|168\/282|[from] Stealth Rock
|move|p2a: Bisharp|Iron Head|p1a: Pussy Pull
|-resisted|p1a: Pussy Pull
|-damage|p1a: Pussy Pull|124\/282
|-damage|p2a: Bisharp|228\/272|[from] item: Life Orb
|
|turn|30
|c|âBigSpore|time 2 sais
|
|move|p2a: Bisharp|Sucker Punch|p1a: Pussy Pull
|-crit|p1a: Pussy Pull
|-damage|p1a: Pussy Pull|0 fnt
|-damage|p2a: Bisharp|201\/272|[from] item: Life Orb
|faint|p1a: Pussy Pull
|
|c|âBigSpore|ESOS HAX PEDORROS
|
|switch|p1a: Big Daddy|Diggersby, F, shiny|311\/311
|-damage|p1a: Big Daddy|292\/311|[from] Stealth Rock
|turn|31
|
|switch|p2a: Heatran|Heatran, M|137\/385
|-damage|p2a: Heatran|89\/385|[from] Stealth Rock
|move|p1a: Big Daddy|Earthquake|p2a: Heatran
|-supereffective|p2a: Heatran
|-damage|p2a: Heatran|0 fnt
|faint|p2a: Heatran
|
|c|âbenito camelo|que epdo
|c|âbenito camelo|si mi heatrean
|c|âbenito camelo|trae levitate
|c|âBigSpore|USÃ UN ANTI HAX PUTO NOOB
|
|switch|p2a: Keldeo|Keldeo|323\/323
|-damage|p2a: Keldeo|303\/323|[from] Stealth Rock
|turn|32
|
|switch|p1a: Abomination|Clefable, M|247\/394
|move|p2a: Keldeo|Hydro Pump|p1a: Abomination
|-damage|p1a: Abomination|85\/394
|
|-heal|p1a: Abomination|109\/394|[from] item: Leftovers
|turn|33
|c|âbenito camelo|no falles
|c|âbenito camelo|eso
|c|âbenito camelo|otra mas
|c|âBigSpore|alamierda
|c|âbenito camelo|te amo keldeo
|
|move|p2a: Keldeo|Hydro Pump|p1a: Abomination
|-damage|p1a: Abomination|0 fnt
|faint|p1a: Abomination
|
|c|âbenito camelo|siiii
|
|switch|p1a: Darwin was right|Pinsir-Mega, F, shiny|271\/271
|-damage|p1a: Darwin was right|136\/271|[from] Stealth Rock
|turn|34
|
|move|p1a: Darwin was right|Quick Attack|p2a: Keldeo
|-supereffective|p2a: Keldeo
|-damage|p2a: Keldeo|61\/323
|move|p2a: Keldeo|Hydro Pump|p1a: Darwin was right
|-damage|p1a: Darwin was right|0 fnt
|faint|p1a: Darwin was right
|
|c|âbenito camelo|GG
|c|âBigSpore|EWE
|c|âBigSpore|ASXCO AHAHAHA
|
|switch|p1a: Big Daddy|Diggersby, F, shiny|292\/311
|-damage|p1a: Big Daddy|273\/311|[from] Stealth Rock
|turn|35
|c|âbenito camelo|noob
|c|âBigSpore|FALLA ESTA MIERDA
|
|move|p2a: Keldeo|Hydro Pump|p1a: Big Daddy
|-supereffective|p1a: Big Daddy
|-damage|p1a: Big Daddy|0 fnt
|faint|p1a: Big Daddy
|
|win|benito camelo
|c|âBigSpore|ASCO AHAHAHAHA
|c|âbenito camelo|jajajaja
|c|âbenito camelo|jugare lol
|c|âBigSpore|gg sais
|c|âbenito camelo|hace ocmo 10 min
|c|âBigSpore|arre
|c|âbenito camelo|que empeze
|c|âbenito camelo|y estoy aqui
|c|âbenito camelo|xd
|c|âBigSpore|HAHAHAHA
|c|âBigSpore|suerte
|c|âBigSpore|n00b
|leave|BigSpore
|player|p1