|join|benito camelo
|join|BigSpore
|player|p1|benito camelo|209
|player|p2|BigSpore|93
|gametype|singles
|gen|6
|tier|OU
|clearpoke
|poke|p1|Klefki, M
|poke|p1|Heatran, M
|poke|p1|Gliscor, F
|poke|p1|Landorus-Therian, M
|poke|p1|Venusaur, M
|poke|p1|Togekiss, M
|poke|p2|Heatran, M
|poke|p2|Mandibuzz, F
|poke|p2|Venusaur, M
|poke|p2|Terrakion
|poke|p2|Sylveon, M, shiny
|poke|p2|Landorus, M
|rule|Sleep Clause Mod: Limit one foe put to sleep
|rule|Species Clause: Limit one of each Pokemon
|rule|OHKO Clause: OHKO moves are banned
|rule|Moody Clause: Moody is banned
|rule|Evasion Moves Clause: Evasion moves are banned
|rule|Endless Battle Clause: Forcing endless battles is banned.
|rule|HP Percentage Mod: HP is reported as percentages
|teampreview
|chat|BigSpore|keflki
|chat|BigSpore|deberÃ­a darte vergÃ¼enza sais
|chat|benito camelo|la riatamon
|chat|BigSpore|ewe que enfadoso tu equipo
|chat|benito camelo|es 2 pkmn favorito de la6 gen
|chat|benito camelo|u_u
|
|start
|switch|p1a: Landorus-Therian|Landorus-Therian, M|320\/320
|switch|p2a: Waffles|Sylveon, M, shiny|394\/394
|-ability|p1a: Landorus-Therian|Intimidate|[of] p2a: Waffles
|-unboost|p2a: Waffles|atk|1
|turn|1
|
|move|p1a: Landorus-Therian|Knock Off|p2a: Waffles
|-resisted|p2a: Waffles
|-damage|p2a: Waffles|311\/394
|-enditem|p2a: Waffles|Leftovers|[from] move: Knock Off|[of] p1a: Landorus-Therian
|move|p2a: Waffles|Wish|p2a: Waffles
|
|turn|2
|chat|BigSpore|ESA MADRE
|chat|BigSpore|KNOFKC OFF LANDORUS?
|chat|BigSpore|SAIS
|chat|BigSpore|ERES UN GENIO
|chat|benito camelo|xDD
|chat|BigSpore|en buen pedo
|chat|BigSpore|te la rifaste
|
|switch|p1a: keyblade|Klefki, M|318\/318
|move|p2a: Waffles|Hyper Voice|p1a: keyblade
|-resisted|p1a: keyblade
|-damage|p1a: keyblade|240\/318
|
|-heal|p2a: Waffles|394\/394|[from] move: Wish|[wisher] Waffles
|-heal|p1a: keyblade|259\/318|[from] item: Leftovers
|turn|3
|chat|BigSpore|sais
|chat|BigSpore|Que
|chat|BigSpore|chingaos
|chat|BigSpore|hago
|chat|BigSpore|contra Klefki
|
|move|p1a: keyblade|Swagger|p2a: Waffles
|-boost|p2a: Waffles|atk|2
|-start|p2a: Waffles|confusion
|-activate|p2a: Waffles|confusion
|move|p2a: Waffles|Hyper Voice|p1a: keyblade
|-resisted|p1a: keyblade
|-damage|p1a: keyblade|168\/318
|
|-heal|p1a: keyblade|187\/318|[from] item: Leftovers
|turn|4
|chat|BigSpore|AAAAAAAAAAAAAAAAAAAAAAAA
|chat|benito camelo|llorar
|chat|benito camelo|Â¿Â¿??
|
|move|p1a: keyblade|Thunder Wave|p2a: Waffles
|-status|p2a: Waffles|par
|-end|p2a: Waffles|confusion
|move|p2a: Waffles|Hyper Voice|p1a: keyblade
|-resisted|p1a: keyblade
|-damage|p1a: keyblade|108\/318
|
|-heal|p1a: keyblade|127\/318|[from] item: Leftovers
|turn|5
|chat|BigSpore|ewe 
|chat|BigSpore|no traes substitue?
|chat|benito camelo|si
|chat|benito camelo|pero
|chat|benito camelo|para qeu?
|chat|benito camelo|si hyper
|chat|BigSpore|Pinche Sylveon
|chat|benito camelo|lo pasa
|chat|BigSpore|Le valiÃ³ verga el confused
|chat|BigSpore|Y lo paralizado
|chat|BigSpore|AHAHAHA
|
|switch|p1a: Togekiss|Togekiss, M|374\/374
|cant|p2a: Waffles|par
|
|turn|6
|
|switch|p2a: Foundry|Heatran, M|386\/386
|move|p1a: Togekiss|Air Slash|p2a: Foundry
|-crit|p2a: Foundry
|-resisted|p2a: Foundry
|-damage|p2a: Foundry|318\/386
|
|-heal|p2a: Foundry|342\/386|[from] item: Leftovers
|turn|7
|
|switch|p1a: Gliscor|Gliscor, F|352\/352
|move|p2a: Foundry|Stealth Rock|p1a: Gliscor
|-sidestart|p1: benito camelo|move: Stealth Rock
|
|-heal|p2a: Foundry|366\/386|[from] item: Leftovers
|-status|p1a: Gliscor|tox|[from] item: Toxic Orb
|turn|8
|chat|BigSpore|flame burst incoming
|
|switch|p1a: Togekiss|Togekiss, M|374\/374
|-damage|p1a: Togekiss|281\/374|[from] Stealth Rock
|switch|p2a: Froot Loop|Venusaur, M|364\/364
|
|-heal|p1a: Togekiss|304\/374|[from] item: Leftovers
|turn|9
|
|-formechange|p2a: Froot Loop|Venusaur-Mega
|message|Venusaur has Mega Evolved into Mega Venusaur!
|move|p1a: Togekiss|Defog|p2a: Froot Loop
|-unboost|p2a: Froot Loop|evasion|1
|-sideend|p1: benito camelo|Stealth Rock|[from] move: Defog|[of] p1a: Togekiss
|move|p2a: Froot Loop|Sleep Powder|p1a: Togekiss
|-status|p1a: Togekiss|slp
|
|-heal|p1a: Togekiss|327\/374 slp|[from] item: Leftovers
|turn|10
|chat|benito camelo|pense que volverias a heatran u_u
|chat|BigSpore|Sais pls
|
|switch|p1a: Heatran|Heatran, M|386\/386
|switch|p2a: Time2Sweep|Terrakion|323\/323
|
|turn|11
|chat|BigSpore|Mega Venusaur es mi pastor, nada me faltarÃ¡
|
|switch|p1a: Landorus-Therian|Landorus-Therian, M|320\/320
|-ability|p1a: Landorus-Therian|Intimidate|[of] p2a: Time2Sweep
|-unboost|p2a: Time2Sweep|atk|1
|move|p2a: Time2Sweep|Close Combat|p1a: Landorus-Therian
|-resisted|p1a: Landorus-Therian
|-damage|p1a: Landorus-Therian|211\/320
|-unboost|p2a: Time2Sweep|def|1
|-unboost|p2a: Time2Sweep|spd|1
|
|turn|12
|
|switch|p2a: Waffles|Sylveon, M, shiny|394\/394 par
|move|p1a: Landorus-Therian|Stone Edge|p2a: Waffles
|-damage|p2a: Waffles|200\/394 par
|
|turn|13
|
|switch|p1a: Venusaur|Venusaur, M|364\/364
|cant|p2a: Waffles|par
|
|turn|14
|
|switch|p2a: Big Mama|Mandibuzz, F|424\/424
|-formechange|p1a: Venusaur|Venusaur-Mega
|message|Venusaur has Mega Evolved into Mega Venusaur!
|move|p1a: Venusaur|Leech Seed|p2a: Big Mama
|-start|p2a: Big Mama|move: Leech Seed
|
|-damage|p2a: Big Mama|371\/424|[from] Leech Seed|[of] p1a: Venusaur
|turn|15
|chat|BigSpore|el venusaur salero
|chat|BigSpore|Adivina a quien le vale verga
|
|switch|p1a: Landorus-Therian|Landorus-Therian, M|211\/320
|-ability|p1a: Landorus-Therian|Intimidate|[of] p2a: Big Mama
|-unboost|p2a: Big Mama|atk|1
|move|p2a: Big Mama|Taunt|p1a: Landorus-Therian
|-start|p1a: Landorus-Therian|move: Taunt
|
|-heal|p2a: Big Mama|397\/424|[from] item: Leftovers
|-damage|p2a: Big Mama|344\/424|[from] Leech Seed|[of] p1a: Landorus-Therian
|-heal|p1a: Landorus-Therian|264\/320|[silent]
|turn|16
|chat|BigSpore|hehehehehe
|chat|BigSpore|HEHEHEHEHE
|
|switch|p2a: Time2Sweep|Terrakion|323\/323
|move|p1a: Landorus-Therian|Knock Off|p2a: Time2Sweep
|-resisted|p2a: Time2Sweep
|-damage|p2a: Time2Sweep|252\/323
|-boost|p2a: Time2Sweep|atk|1|[from] ability: Justified
|-enditem|p2a: Time2Sweep|Choice Band|[from] move: Knock Off|[of] p1a: Landorus-Therian
|
|turn|17
|chat|benito camelo|no we
|chat|benito camelo|:c
|chat|BigSpore|si sais
|
|switch|p1a: Venusaur|Venusaur, M|364\/364
|-formechange|p1a: Venusaur|Venusaur-Mega
|move|p2a: Time2Sweep|Stone Edge|p1a: Venusaur
|-damage|p1a: Venusaur|157\/364
|
|turn|18
|chat|benito camelo|alm xD
|
|switch|p1a: Landorus-Therian|Landorus-Therian, M|264\/320
|-ability|p1a: Landorus-Therian|Intimidate|[of] p2a: Time2Sweep
|-unboost|p2a: Time2Sweep|atk|1
|move|p2a: Time2Sweep|Stone Edge|p1a: Landorus-Therian
|-damage|p1a: Landorus-Therian|83\/320
|
|turn|19
|chat|BigSpore|WHAT TIME IS IT
|
|switch|p2a: Big Mama|Mandibuzz, F|344\/424
|move|p1a: Landorus-Therian|Earthquake|p2a: Big Mama
|-immune|p2a: Big Mama|[msg]
|
|-heal|p2a: Big Mama|370\/424|[from] item: Leftovers
|turn|20
|chat|benito camelo|no se u_u
|chat|benito camelo|u_u
|chat|BigSpore|time 2 sweep
|
|switch|p1a: Heatran|Heatran, M|386\/386
|move|p2a: Big Mama|Taunt|p1a: Heatran
|-start|p1a: Heatran|move: Taunt
|
|-heal|p2a: Big Mama|396\/424|[from] item: Leftovers
|turn|21
|
|switch|p2a: Waffles|Sylveon, M, shiny|200\/394 par
|switch|p1a: Landorus-Therian|Landorus-Therian, M|83\/320
|-ability|p1a: Landorus-Therian|Intimidate|[of] p2a: Waffles
|-unboost|p2a: Waffles|atk|1
|
|turn|22
|
|move|p1a: Landorus-Therian|U-turn|p2a: Waffles
|-resisted|p2a: Waffles
|-damage|p2a: Waffles|134\/394 par
|
|switch|p1a: Venusaur|Venusaur, M|157\/364
|-formechange|p1a: Venusaur|Venusaur-Mega
|cant|p2a: Waffles|par
|
|turn|23
|
|move|p1a: Venusaur|Leech Seed|p2a: Waffles
|-start|p2a: Waffles|move: Leech Seed
|move|p2a: Waffles|Wish|p2a: Waffles
|
|-damage|p2a: Waffles|85\/394 par|[from] Leech Seed|[of] p1a: Venusaur
|-heal|p1a: Venusaur|206\/364|[silent]
|turn|24
|chat|benito camelo|paralisis
|chat|benito camelo|we
|chat|benito camelo|GG
|
|move|p1a: Venusaur|Sleep Powder|p2a: Waffles|[miss]
|-miss|p1a: Venusaur|p2a: Waffles
|move|p2a: Waffles|Heal Bell|p2a: Waffles
|-cureteam|p2a: Waffles|[from] move: HealBell
|
|-heal|p2a: Waffles|282\/394|[from] move: Wish|[wisher] Waffles
|-damage|p2a: Waffles|233\/394|[from] Leech Seed|[of] p1a: Venusaur
|-heal|p1a: Venusaur|255\/364|[silent]
|turn|25
|chat|BigSpore|kp2 sais AHAHAH
|chat|benito camelo|cambia we :c
|
|switch|p2a: Froot Loop|Venusaur, M|364\/364
|-formechange|p2a: Froot Loop|Venusaur-Mega
|move|p1a: Venusaur|Giga Drain|p2a: Froot Loop
|-resisted|p2a: Froot Loop
|-damage|p2a: Froot Loop|341\/364
|-heal|p1a: Venusaur|267\/364|[from] drain|[of] p2a: Froot Loop
|
|turn|26
|chat|BigSpore|NEVUR
|chat|BigSpore|TIME 2 SWEEP
|chat|benito camelo|adivina a quien le vale caca tu venasaur u_u
|
|switch|p1a: Heatran|Heatran, M|386\/386
|move|p2a: Froot Loop|Sludge Bomb|p1a: Heatran
|-immune|p1a: Heatran|[msg]
|
|turn|27
|chat|BigSpore|Ya sÃ©
|chat|BigSpore|heatran best counter 2 benusaur
|chat|BigSpore|Menos el Venusaur fÃ­sico
|
|switch|p1a: Landorus-Therian|Landorus-Therian, M|83\/320
|-ability|p1a: Landorus-Therian|Intimidate|[of] p2a: Froot Loop
|-unboost|p2a: Froot Loop|atk|1
|move|p2a: Froot Loop|Sleep Powder|p1a: Landorus-Therian|[miss]
|-miss|p2a: Froot Loop|p1a: Landorus-Therian
|
|turn|28
|chat|BigSpore|De hecho me daba miedo sacar al Heatran porque quien quite el tuyo era fisico
|chat|benito camelo|lol xD
|
|move|p1a: Landorus-Therian|U-turn|p2a: Froot Loop
|-damage|p2a: Froot Loop|270\/364
|
|switch|p1a: Heatran|Heatran, M|386\/386
|move|p2a: Froot Loop|Giga Drain|p1a: Heatran
|-resisted|p1a: Heatran
|-damage|p1a: Heatran|362\/386
|-heal|p2a: Froot Loop|282\/364|[from] drain|[of] p1a: Heatran
|
|-heal|p1a: Heatran|386\/386|[from] item: Leftovers
|turn|29
|chat|BigSpore|Primero querÃ­a ver kp2
|chat|BigSpore|ME CURO UN CHINGO SAIS
|
|move|p2a: Froot Loop|Sleep Powder|p1a: Heatran
|-message|Sleep Clause Mod activated.
|-fail|p1a: Heatran
|move|p1a: Heatran|Lava Plume|p2a: Froot Loop
|-supereffective|p2a: Froot Loop
|-damage|p2a: Froot Loop|184\/364
|-status|p2a: Froot Loop|brn
|
|-damage|p2a: Froot Loop|139\/364 brn|[from] brn
|turn|30
|chat|benito camelo|:D
|chat|BigSpore|WTF
|chat|BigSpore|QUIEN ANDA DORMIDO?
|chat|BigSpore|AHAHAHAHAH
|chat|BigSpore|TOGEKISS
|chat|benito camelo|tu:3
|chat|BigSpore|YA GANASTE SAIS
|
|switch|p2a: Waffles|Sylveon, M, shiny|233\/394
|move|p1a: Heatran|Lava Plume|p2a: Waffles
|-damage|p2a: Waffles|163\/394
|
|turn|31
|chat|BigSpore|DORMI A DOS
|chat|benito camelo|ya se u_u
|chat|BigSpore|oy el rulo
|
|move|p1a: Heatran|Stealth Rock|p2a: Waffles
|-sidestart|p2: BigSpore|move: Stealth Rock
|move|p2a: Waffles|Heal Bell|p2a: Waffles
|-cureteam|p2a: Waffles|[from] move: HealBell
|
|turn|32
|chat|benito camelo|che rulo anda con todo u_u
|
|move|p1a: Heatran|Toxic|p2a: Waffles
|-status|p2a: Waffles|tox
|move|p2a: Waffles|Wish|p2a: Waffles
|
|-damage|p2a: Waffles|139\/394 tox|[from] psn
|turn|33
|
|switch|p2a: Froot Loop|Venusaur, M|139\/364
|-formechange|p2a: Froot Loop|Venusaur-Mega
|-damage|p2a: Froot Loop|94\/364|[from] Stealth Rock
|move|p1a: Heatran|Lava Plume|p2a: Froot Loop
|-supereffective|p2a: Froot Loop
|-damage|p2a: Froot Loop|0 fnt
|faint|p2a: Froot Loop
|
|chat|BigSpore|AAAAAAAAAAAAA
|chat|BigSpore|SAIS PENDEJO
|chat|BigSpore|Y SI DEJABA A WAFFLES?
|
|switch|p2a: YOGURT|Landorus, M|320\/320
|-damage|p2a: YOGURT|280\/320|[from] Stealth Rock
|turn|34
|chat|BigSpore|YA VALISTE VERGA
|chat|benito camelo|me vale caca
|chat|benito camelo|no lo dejaste
|chat|benito camelo|nuv u_u
|chat|benito camelo|.i.
|chat|benito camelo|no se que hacer we
|
|switch|p1a: Togekiss|Togekiss, M|327\/374 slp
|move|p2a: YOGURT|Rock Polish|p2a: YOGURT
|-boost|p2a: YOGURT|spe|2
|
|-heal|p1a: Togekiss|350\/374 slp|[from] item: Leftovers
|turn|35
|chat|BigSpore|llora
|chat|BigSpore|time to sweep
|
|move|p2a: YOGURT|Hidden Power|p1a: Togekiss
|-supereffective|p1a: Togekiss
|-damage|p1a: Togekiss|204\/374 slp
|-damage|p2a: YOGURT|248\/320|[from] item: Life Orb
|cant|p1a: Togekiss|slp
|
|-heal|p1a: Togekiss|227\/374 slp|[from] item: Leftovers
|turn|36
|chat|benito camelo|lol
|
|move|p2a: YOGURT|Hidden Power|p1a: Togekiss
|-supereffective|p1a: Togekiss
|-damage|p1a: Togekiss|66\/374 slp
|-damage|p2a: YOGURT|216\/320|[from] item: Life Orb
|cant|p1a: Togekiss|slp
|
|-heal|p1a: Togekiss|89\/374 slp|[from] item: Leftovers
|turn|37
|chat|BigSpore|7 turnos va a andar dormido tu togekiss meco
|chat|benito camelo|nooo u_u
|chat|benito camelo|ya se we
|chat|benito camelo|si hubera despertado
|chat|benito camelo|te cul**
|chat|benito camelo|bien rico
|chat|BigSpore|Ya sÃ©
|
|move|p2a: YOGURT|Hidden Power|p1a: Togekiss
|-supereffective|p1a: Togekiss
|-damage|p1a: Togekiss|0 fnt
|-damage|p2a: YOGURT|184\/320|[from] item: Life Orb
|faint|p1a: Togekiss
|
|chat|BigSpore|AHHAHA
|
|switch|p1a: keyblade|Klefki, M|127\/318
|turn|38
|chat|benito camelo|mi unica esperanza we u_u
|
|move|p1a: keyblade|Swagger|p2a: YOGURT
|-boost|p2a: YOGURT|atk|2
|-start|p2a: YOGURT|confusion
|-activate|p2a: YOGURT|confusion
|-damage|p2a: YOGURT|92\/320|[from] confusion
|
|-heal|p1a: keyblade|146\/318|[from] item: Leftovers
|turn|39
|chat|BigSpore|AAAAAAAAAAAAAAAA
|chat|BigSpore|AAAAAAAAAAAAAAA
|chat|benito camelo|juas jaus jaus xDDD
|
|move|p1a: keyblade|Substitute|p1a: keyblade
|-start|p1a: keyblade|Substitute
|-damage|p1a: keyblade|67\/318
|-activate|p2a: YOGURT|confusion
|move|p2a: YOGURT|Earth Power|p1a: keyblade
|-crit|p1a: keyblade
|-supereffective|p1a: keyblade
|-end|p1a: keyblade|Substitute
|
|-heal|p1a: keyblade|86\/318|[from] item: Leftovers
|turn|40
|chat|BigSpore|AAAAAAAAAAAA
|
|move|p1a: keyblade|Substitute|p1a: keyblade
|-start|p1a: keyblade|Substitute
|-damage|p1a: keyblade|7\/318
|-end|p2a: YOGURT|confusion
|move|p2a: YOGURT|Earth Power|p1a: keyblade
|-supereffective|p1a: keyblade
|-end|p1a: keyblade|Substitute
|
|-heal|p1a: keyblade|26\/318|[from] item: Leftovers
|turn|41
|chat|benito camelo|PEGATE
|chat|BigSpore|FOUL PLAY SAIS
|chat|benito camelo|noooo D:
|chat|benito camelo|no estas paralizado we
|chat|benito camelo|me pegas primero
|
|move|p1a: keyblade|Swagger|p2a: YOGURT
|-boost|p2a: YOGURT|atk|2
|-start|p2a: YOGURT|confusion
|-activate|p2a: YOGURT|confusion
|move|p2a: YOGURT|Earth Power|p1a: keyblade
|-supereffective|p1a: keyblade
|-damage|p1a: keyblade|0 fnt
|faint|p1a: keyblade
|
|chat|BigSpore|ES LO BERGA
|chat|BigSpore|SIIIII
|chat|benito camelo|que mamon
|chat|BigSpore|AAAAAAAAAAAAAAAA
|chat|benito camelo|xD
|
|switch|p1a: Gliscor|Gliscor, F|352\/352 tox
|turn|42
|
|switch|p1a: Heatran|Heatran, M|386\/386
|-activate|p2a: YOGURT|confusion
|-damage|p2a: YOGURT|0 fnt|[from] confusion
|faint|p2a: YOGURT
|
|chat|BigSpore|ese si es tu Ãºnica esperanza
|chat|BigSpore|AHAHAHAHA
|
|switch|p2a: Time2Sweep|Terrakion|252\/323
|-damage|p2a: Time2Sweep|232\/323|[from] Stealth Rock
|turn|43
|chat|BigSpore|time 2 waffles
|
|switch|p1a: Gliscor|Gliscor, F|352\/352 tox
|move|p2a: Time2Sweep|Stone Edge|p1a: Gliscor
|-damage|p1a: Gliscor|250\/352 tox
|
|-heal|p1a: Gliscor|294\/352 tox|[from] ability: Poison Heal
|turn|44
|
|switch|p2a: Foundry|Heatran, M|366\/386
|-damage|p2a: Foundry|318\/386|[from] Stealth Rock
|move|p1a: Gliscor|Earthquake|p2a: Foundry
|-supereffective|p2a: Foundry
|-damage|p2a: Foundry|0 fnt
|faint|p2a: Foundry
|
|-heal|p1a: Gliscor|338\/352 tox|[from] ability: Poison Heal
|
|switch|p2a: Big Mama|Mandibuzz, F|396\/424
|-damage|p2a: Big Mama|290\/424|[from] Stealth Rock
|turn|45
|chat|benito camelo|no pienses
|chat|benito camelo|wey
|chat|benito camelo|:3
|
|move|p1a: Gliscor|Toxic|p2a: Big Mama
|-status|p2a: Big Mama|tox
|move|p2a: Big Mama|Taunt|p1a: Gliscor
|-start|p1a: Gliscor|move: Taunt
|
|-heal|p2a: Big Mama|316\/424 tox|[from] item: Leftovers
|-heal|p1a: Gliscor|352\/352 tox|[from] ability: Poison Heal
|-damage|p2a: Big Mama|290\/424 tox|[from] psn
|turn|46
|chat|BigSpore|alaberga me outspedea
|chat|BigSpore|Sais, que bueno que me culeaste este equpo
|chat|benito camelo|esta cosa
|chat|benito camelo|outspeedea a todos
|chat|BigSpore|ya querÃ­a cambiarlo
|chat|BigSpore|A ver que meto
|chat|BigSpore|sais comepijas
|chat|benito camelo|meteme esa *-*
|chat|BigSpore|Klefki nunca me dio ganas de usarlo
|chat|BigSpore|aunque estÃ© bien roto
|chat|benito camelo|a m me encanta xD
|chat|BigSpore|a ver, harÃ© otro equipo a ver que hacer
|leave|BigSpore
|player|p2
|-message|Player 2 lost due to inactivity.
|
|win|benito camelo