|join|benito camelo
|join|Smoking
|player|p1|benito camelo|209
|player|p2|Smoking|52
|gametype|singles
|gen|6
|tier|OU
|rated
|clearpoke
|poke|p1|Venusaur, M
|poke|p1|Excadrill, M
|poke|p1|Rotom-Wash
|poke|p1|Heatran, F
|poke|p1|Azumarill, M
|poke|p1|Clefable, M
|poke|p2|Greninja, M
|poke|p2|Dragonite, F
|poke|p2|Skarmory, F
|poke|p2|Venusaur, M
|poke|p2|Rotom-Wash
|poke|p2|Excadrill, F
|rule|Swagger Clause: Swagger is banned
|rule|Baton Pass Clause: Limit one PokÃ©mon knowing Baton Pass
|rule|Sleep Clause Mod: Limit one foe put to sleep
|rule|Species Clause: Limit one of each PokÃ©mon
|rule|OHKO Clause: OHKO moves are banned
|rule|Moody Clause: Moody is banned
|rule|Evasion Moves Clause: Evasion moves are banned
|rule|Endless Battle Clause: Forcing endless battles is banned
|rule|HP Percentage Mod: HP is shown in percentages
|teampreview
|
|start
|switch|p1a: Rotom-Wash|Rotom-Wash|241\/241
|switch|p2a: Rotom-Wash|Rotom-Wash|304\/304
|turn|1
|
|move|p1a: Rotom-Wash|Volt Switch|p2a: Rotom-Wash
|-damage|p2a: Rotom-Wash|226\/304
|
|switch|p1a: Venusaur|Venusaur, M|364\/364
|move|p2a: Rotom-Wash|Volt Switch|p1a: Venusaur
|-resisted|p1a: Venusaur
|-damage|p1a: Venusaur|324\/364
|
|switch|p2a: Skarmory|Skarmory, F|327\/327
|
|turn|2
|
|detailschange|p1a: Venusaur|Venusaur-Mega, M
|message|Venusaur has Mega Evolved into Mega Venusaur!
|move|p1a: Venusaur|Sleep Powder|p2a: Skarmory
|-status|p2a: Skarmory|slp
|cant|p2a: Skarmory|slp
|
|turn|3
|
|switch|p1a: Heatran|Heatran, F|385\/385
|cant|p2a: Skarmory|slp
|
|turn|4
|
|switch|p2a: Rotom-Wash|Rotom-Wash|226\/304
|move|p1a: Heatran|Stealth Rock|p2a: Rotom-Wash
|-sidestart|p2: Smoking|move: Stealth Rock
|
|turn|5
|
|move|p1a: Heatran|Protect|p1a: Heatran
|-singleturn|p1a: Heatran|Protect
|move|p2a: Rotom-Wash|Volt Switch|p1a: Heatran
|-activate|p1a: Heatran|Protect
|
|turn|6
|
|move|p2a: Rotom-Wash|Volt Switch|p1a: Heatran
|-damage|p1a: Heatran|327\/385
|
|switch|p2a: Greninja|Greninja, M|285\/285
|-damage|p2a: Greninja|250\/285|[from] Stealth Rock
|move|p1a: Heatran|Lava Plume|p2a: Greninja
|-resisted|p2a: Greninja
|-damage|p2a: Greninja|173\/285
|-status|p2a: Greninja|brn
|
|-heal|p1a: Heatran|351\/385|[from] item: Leftovers
|-damage|p2a: Greninja|138\/285 brn|[from] brn
|turn|7
|c|âbenito camelo|hu3hu3
|
|switch|p1a: Venusaur|Venusaur-Mega, M|324\/364
|move|p2a: Greninja|Scald|p1a: Venusaur
|-start|p2a: Greninja|typechange|Water|[from] Protean
|-resisted|p1a: Venusaur
|-damage|p1a: Venusaur|260\/364
|-status|p1a: Venusaur|brn
|-damage|p2a: Greninja|110\/285 brn|[from] item: Life Orb
|
|-damage|p2a: Greninja|75\/285 brn|[from] brn
|-damage|p1a: Venusaur|215\/364 brn|[from] brn
|turn|8
|
|switch|p2a: Skarmory|Skarmory, F|327\/327 slp
|-damage|p2a: Skarmory|287\/327 slp|[from] Stealth Rock
|switch|p1a: Heatran|Heatran, F|351\/385
|
|-heal|p1a: Heatran|375\/385|[from] item: Leftovers
|-heal|p2a: Skarmory|307\/327 slp|[from] item: Leftovers
|turn|9
|
|switch|p2a: Rotom-Wash|Rotom-Wash|226\/304
|-damage|p2a: Rotom-Wash|188\/304|[from] Stealth Rock
|move|p1a: Heatran|Lava Plume|p2a: Rotom-Wash
|-resisted|p2a: Rotom-Wash
|-damage|p2a: Rotom-Wash|146\/304
|
|-heal|p1a: Heatran|385\/385|[from] item: Leftovers
|turn|10
|
|move|p1a: Heatran|Protect|p1a: Heatran
|-singleturn|p1a: Heatran|Protect
|move|p2a: Rotom-Wash|Hydro Pump|p1a: Heatran
|-activate|p1a: Heatran|Protect
|
|turn|11
|
|switch|p1a: Rotom-Wash|Rotom-Wash|241\/241
|move|p2a: Rotom-Wash|Hydro Pump|p1a: Rotom-Wash
|-resisted|p1a: Rotom-Wash
|-damage|p1a: Rotom-Wash|178\/241
|
|turn|12
|
|move|p1a: Rotom-Wash|Volt Switch|p2a: Rotom-Wash
|-damage|p2a: Rotom-Wash|64\/304
|
|switch|p1a: Venusaur|Venusaur-Mega, M|215\/364 brn
|move|p2a: Rotom-Wash|Will-O-Wisp|p1a: Venusaur|[miss]
|-miss|p2a: Rotom-Wash|p1a: Venusaur
|
|-damage|p1a: Venusaur|170\/364 brn|[from] brn
|turn|13
|
|switch|p2a: Skarmory|Skarmory, F|307\/327 slp
|-damage|p2a: Skarmory|267\/327 slp|[from] Stealth Rock
|move|p1a: Venusaur|Synthesis|p1a: Venusaur
|-heal|p1a: Venusaur|352\/364 brn
|
|-heal|p2a: Skarmory|287\/327 slp|[from] item: Leftovers
|-damage|p1a: Venusaur|307\/364 brn|[from] brn
|turn|14
|
|switch|p1a: Heatran|Heatran, F|385\/385
|-curestatus|p2a: Skarmory|slp
|move|p2a: Skarmory|Stealth Rock|p1a: Heatran
|-sidestart|p1: benito camelo|move: Stealth Rock
|
|-heal|p2a: Skarmory|307\/327|[from] item: Leftovers
|turn|15
|
|switch|p2a: Rotom-Wash|Rotom-Wash|64\/304
|-damage|p2a: Rotom-Wash|26\/304|[from] Stealth Rock
|move|p1a: Heatran|Lava Plume|p2a: Rotom-Wash
|-resisted|p2a: Rotom-Wash
|-damage|p2a: Rotom-Wash|0 fnt
|faint|p2a: Rotom-Wash
|
|
|switch|p2a: Excadrill|Excadrill, F|362\/362
|-damage|p2a: Excadrill|351\/362|[from] Stealth Rock
|-ability|p2a: Excadrill|Mold Breaker
|turn|16
|
|move|p1a: Heatran|Protect|p1a: Heatran
|-singleturn|p1a: Heatran|Protect
|move|p2a: Excadrill|Rapid Spin|p1a: Heatran
|-activate|p1a: Heatran|Protect
|
|turn|17
|
|move|p2a: Excadrill|Rapid Spin|p1a: Heatran
|-resisted|p1a: Heatran
|-damage|p1a: Heatran|373\/385
|-sideend|p2: Smoking|Stealth Rock|[from] move: Rapid Spin|[of] p2a: Excadrill
|move|p1a: Heatran|Lava Plume|p2a: Excadrill
|-supereffective|p2a: Excadrill
|-damage|p2a: Excadrill|9\/362
|
|-heal|p1a: Heatran|385\/385|[from] item: Leftovers
|turn|18
|
|switch|p2a: Greninja|Greninja, M|75\/285 brn
|switch|p1a: Venusaur|Venusaur-Mega, M|307\/364 brn
|-damage|p1a: Venusaur|262\/364 brn|[from] Stealth Rock
|
|-damage|p2a: Greninja|40\/285 brn|[from] brn
|-damage|p1a: Venusaur|217\/364 brn|[from] brn
|turn|19
|
|switch|p1a: Clefable|Clefable, M|394\/394
|-damage|p1a: Clefable|345\/394|[from] Stealth Rock
|move|p2a: Greninja|Ice Beam|p1a: Clefable
|-start|p2a: Greninja|typechange|Ice|[from] Protean
|-damage|p1a: Clefable|162\/394
|-damage|p2a: Greninja|12\/285 brn|[from] item: Life Orb
|
|-heal|p1a: Clefable|186\/394|[from] item: Leftovers
|-damage|p2a: Greninja|0 fnt|[from] brn
|faint|p2a: Greninja
|
|switch|p2a: Excadrill|Excadrill, F|9\/362
|-ability|p2a: Excadrill|Mold Breaker
|turn|20
|
|switch|p1a: Rotom-Wash|Rotom-Wash|178\/241
|-damage|p1a: Rotom-Wash|148\/241|[from] Stealth Rock
|move|p2a: Excadrill|Earthquake|p1a: Rotom-Wash
|-supereffective|p1a: Rotom-Wash
|-damage|p1a: Rotom-Wash|0 fnt
|faint|p1a: Rotom-Wash
|
|
|switch|p1a: Azumarill|Azumarill, M|383\/383
|-damage|p1a: Azumarill|336\/383|[from] Stealth Rock
|turn|21
|
|switch|p2a: Venusaur|Venusaur, M|357\/357
|move|p1a: Azumarill|Aqua Jet|p2a: Venusaur
|-resisted|p2a: Venusaur
|-damage|p2a: Venusaur|288\/357
|
|turn|22
|
|switch|p1a: Heatran|Heatran, F|385\/385
|-damage|p1a: Heatran|337\/385|[from] Stealth Rock
|detailschange|p2a: Venusaur|Venusaur-Mega, M
|message|Venusaur has Mega Evolved into Mega Venusaur!
|move|p2a: Venusaur|Sleep Powder|p1a: Heatran
|-status|p1a: Heatran|slp
|
|-heal|p1a: Heatran|361\/385 slp|[from] item: Leftovers
|turn|23
|
|switch|p2a: Excadrill|Excadrill, F|9\/362
|-ability|p2a: Excadrill|Mold Breaker
|cant|p1a: Heatran|slp
|
|-heal|p1a: Heatran|385\/385 slp|[from] item: Leftovers
|turn|24
|
|switch|p1a: Venusaur|Venusaur-Mega, M|217\/364 brn
|-damage|p1a: Venusaur|172\/364 brn|[from] Stealth Rock
|move|p2a: Excadrill|Earthquake|p1a: Venusaur
|-damage|p1a: Venusaur|48\/364 brn
|
|-damage|p1a: Venusaur|3\/364 brn|[from] brn
|turn|25
|
|move|p2a: Excadrill|Earthquake|p1a: Venusaur
|-damage|p1a: Venusaur|0 fnt
|faint|p1a: Venusaur
|
|
|switch|p1a: Azumarill|Azumarill, M|336\/383
|-damage|p1a: Azumarill|289\/383|[from] Stealth Rock
|turn|26
|
|switch|p2a: Venusaur|Venusaur-Mega, M|288\/357
|switch|p1a: Clefable|Clefable, M|186\/394
|-damage|p1a: Clefable|137\/394|[from] Stealth Rock
|
|-heal|p1a: Clefable|161\/394|[from] item: Leftovers
|turn|27
|
|move|p2a: Venusaur|Sludge Bomb|p1a: Clefable
|-supereffective|p1a: Clefable
|-damage|p1a: Clefable|0 fnt
|faint|p1a: Clefable
|
|
|switch|p1a: Heatran|Heatran, F|385\/385 slp
|-damage|p1a: Heatran|337\/385 slp|[from] Stealth Rock
|turn|28
|c|âbenito camelo|GG
|c|âSmoking|gg
|
|switch|p2a: Excadrill|Excadrill, F|9\/362
|-ability|p2a: Excadrill|Mold Breaker
|cant|p1a: Heatran|slp
|
|-heal|p1a: Heatran|361\/385 slp|[from] item: Leftovers
|turn|29
|
|switch|p1a: Azumarill|Azumarill, M|289\/383
|-damage|p1a: Azumarill|242\/383|[from] Stealth Rock
|move|p2a: Excadrill|Earthquake|p1a: Azumarill
|-damage|p1a: Azumarill|7\/383
|
|turn|30
|
|switch|p2a: Venusaur|Venusaur-Mega, M|288\/357
|switch|p1a: Excadrill|Excadrill, M|391\/391
|-damage|p1a: Excadrill|379\/391|[from] Stealth Rock
|-ability|p1a: Excadrill|Mold Breaker
|
|turn|31
|
|move|p1a: Excadrill|Rapid Spin|p2a: Venusaur
|-damage|p2a: Venusaur|267\/357
|-sideend|p1: benito camelo|Stealth Rock|[from] move: Rapid Spin|[of] p1a: Excadrill
|move|p2a: Venusaur|Giga Drain|p1a: Excadrill
|-damage|p1a: Excadrill|283\/391
|-heal|p2a: Venusaur|315\/357|[from] drain|[of] p1a: Excadrill
|
|turn|32
|
|switch|p1a: Heatran|Heatran, F|361\/385 slp
|move|p2a: Venusaur|Giga Drain|p1a: Heatran
|-resisted|p1a: Heatran
|-damage|p1a: Heatran|342\/385 slp
|-heal|p2a: Venusaur|325\/357|[from] drain|[of] p1a: Heatran
|
|-heal|p1a: Heatran|366\/385 slp|[from] item: Leftovers
|turn|33
|
|switch|p1a: Excadrill|Excadrill, M|283\/391
|-ability|p1a: Excadrill|Mold Breaker
|move|p2a: Venusaur|Sleep Powder|p1a: Excadrill|[miss]
|-miss|p2a: Venusaur|p1a: Excadrill
|
|turn|34
|
|switch|p2a: Skarmory|Skarmory, F|307\/327
|move|p1a: Excadrill|Earthquake|p2a: Skarmory
|-immune|p2a: Skarmory|[msg]
|
|-heal|p2a: Skarmory|327\/327|[from] item: Leftovers
|turn|35
|
|move|p1a: Excadrill|Rock Slide|p2a: Skarmory
|-damage|p2a: Skarmory|275\/327
|move|p2a: Skarmory|Stealth Rock|p1a: Excadrill
|-sidestart|p1: benito camelo|move: Stealth Rock
|
|-heal|p2a: Skarmory|295\/327|[from] item: Leftovers
|turn|36
|
|move|p1a: Excadrill|Rapid Spin|p2a: Skarmory
|-resisted|p2a: Skarmory
|-damage|p2a: Skarmory|287\/327
|-sideend|p1: benito camelo|Stealth Rock|[from] move: Rapid Spin|[of] p1a: Excadrill
|move|p2a: Skarmory|Whirlwind|p1a: Excadrill
|drag|p1a: Heatran|Heatran, F|366\/385 slp
|
|-heal|p1a: Heatran|385\/385 slp|[from] item: Leftovers
|-heal|p2a: Skarmory|307\/327|[from] item: Leftovers
|turn|37
|
|cant|p1a: Heatran|slp
|move|p2a: Skarmory|Stealth Rock|p1a: Heatran
|-sidestart|p1: benito camelo|move: Stealth Rock
|
|-heal|p2a: Skarmory|327\/327|[from] item: Leftovers
|turn|38
|c|âbenito camelo|wakeup
|c|âbenito camelo|plz
|
|-curestatus|p1a: Heatran|slp
|move|p1a: Heatran|Lava Plume|p2a: Skarmory
|-supereffective|p2a: Skarmory
|-damage|p2a: Skarmory|37\/327
|-status|p2a: Skarmory|brn
|move|p2a: Skarmory|Whirlwind|p1a: Heatran
|drag|p1a: Azumarill|Azumarill, M|7\/383
|-damage|p1a: Azumarill|0 fnt|[from] Stealth Rock
|faint|p1a: Azumarill
|
|-heal|p2a: Skarmory|57\/327 brn|[from] item: Leftovers
|-damage|p2a: Skarmory|17\/327 brn|[from] brn
|
|switch|p1a: Heatran|Heatran, F|385\/385
|-damage|p1a: Heatran|337\/385|[from] Stealth Rock
|turn|39
|
|move|p1a: Heatran|Stealth Rock|p2a: Skarmory
|-sidestart|p2: Smoking|move: Stealth Rock
|move|p2a: Skarmory|Roost|p2a: Skarmory
|-heal|p2a: Skarmory|181\/327 brn
|
|-heal|p1a: Heatran|361\/385|[from] item: Leftovers
|-heal|p2a: Skarmory|201\/327 brn|[from] item: Leftovers
|-damage|p2a: Skarmory|161\/327 brn|[from] brn
|turn|40
|
|move|p1a: Heatran|Lava Plume|p2a: Skarmory
|-supereffective|p2a: Skarmory
|-damage|p2a: Skarmory|0 fnt
|faint|p2a: Skarmory
|
|-heal|p1a: Heatran|385\/385|[from] item: Leftovers
|
|switch|p2a: Dragonite|Dragonite, F|324\/324
|-damage|p2a: Dragonite|243\/324|[from] Stealth Rock
|turn|41
|
|move|p2a: Dragonite|Superpower|p1a: Heatran
|-supereffective|p1a: Heatran
|-damage|p1a: Heatran|0 fnt
|-unboost|p2a: Dragonite|atk|1
|-unboost|p2a: Dragonite|def|1
|faint|p1a: Heatran
|
|
|switch|p1a: Excadrill|Excadrill, M|283\/391
|-damage|p1a: Excadrill|271\/391|[from] Stealth Rock
|-ability|p1a: Excadrill|Mold Breaker
|turn|42
|c|âbenito camelo|lol
|c|âbenito camelo|xD
|
|move|p1a: Excadrill|Rock Slide|p2a: Dragonite
|-supereffective|p2a: Dragonite
|-damage|p2a: Dragonite|0 fnt
|faint|p2a: Dragonite
|
|
|switch|p2a: Venusaur|Venusaur-Mega, M|325\/357
|-damage|p2a: Venusaur|281\/357|[from] Stealth Rock
|turn|43
|
|move|p1a: Excadrill|Iron Head|p2a: Venusaur
|-damage|p2a: Venusaur|155\/357
|cant|p2a: Venusaur|flinch
|
|turn|44
|
|move|p1a: Excadrill|Earthquake|p2a: Venusaur
|-damage|p2a: Venusaur|0 fnt
|faint|p2a: Venusaur
|
|c|âbenito camelo|GG
|c|âbenito camelo|AJAJAJ
|c|âSmoking|lucky
|c|âbenito camelo|;)
|-message|Smoking forfeited.
|
|win|benito camelo
|raw|Ladder updating...
|leave|Smoking
|player|p2
|raw|benito camelo's rating: 1513 &rarr; <strong>1532<\/strong><br \/>(+19 for winning)
|raw|Smoking's rating: 1490 &rarr; <strong>1471<\/strong><br \/>(-19 for losing)