|join|Eslott
|join|benito camelo
|player|p1|Eslott|92
|player|p2|benito camelo|209
|gametype|singles
|gen|6
|tier|OU
|clearpoke
|poke|p1|Magnezone
|poke|p1|Snorlax, M
|poke|p1|Aerodactyl, M
|poke|p1|Aegislash, F
|poke|p1|Gliscor, F
|poke|p1|Delphox, F
|poke|p2|Greninja, F
|poke|p2|Mawile, M
|poke|p2|Mandibuzz, F
|poke|p2|Heatran, M
|poke|p2|Chansey, F
|poke|p2|Conkeldurr, M
|rule|Sleep Clause Mod: Limit one foe put to sleep
|rule|Species Clause: Limit one of each Pokemon
|rule|OHKO Clause: OHKO moves are banned
|rule|Moody Clause: Moody is banned
|rule|Evasion Moves Clause: Evasion moves are banned
|rule|Endless Battle Clause: Forcing endless battles is banned.
|rule|HP Percentage Mod: HP is reported as percentages
|teampreview
|
|start
|switch|p1a: Magnezone|Magnezone|281\/281
|switch|p2a: Heatran|Heatran, M|386\/386
|turn|1
|
|switch|p1a: Gliscor|Gliscor, F|291\/291
|move|p2a: Heatran|Lava Plume|p1a: Gliscor
|-damage|p1a: Gliscor|150\/291
|
|-status|p1a: Gliscor|tox|[from] item: Toxic Orb
|turn|2
|
|switch|p2a: Mandibuzz|Mandibuzz, F|424\/424
|move|p1a: Gliscor|Swords Dance|p1a: Gliscor
|-boost|p1a: Gliscor|atk|2
|
|-heal|p1a: Gliscor|186\/291 tox|[from] ability: Poison Heal
|turn|3
|
|move|p1a: Gliscor|Protect|p1a: Gliscor
|-singleturn|p1a: Gliscor|Protect
|move|p2a: Mandibuzz|Taunt|p1a: Gliscor
|-activate|p1a: Gliscor|Protect
|
|-heal|p1a: Gliscor|222\/291 tox|[from] ability: Poison Heal
|turn|4
|
|move|p1a: Gliscor|Stone Edge|p2a: Mandibuzz
|-supereffective|p2a: Mandibuzz
|-damage|p2a: Mandibuzz|162\/424
|move|p2a: Mandibuzz|Taunt|p1a: Gliscor
|-start|p1a: Gliscor|move: Taunt
|
|-heal|p2a: Mandibuzz|188\/424|[from] item: Leftovers
|-heal|p1a: Gliscor|258\/291 tox|[from] ability: Poison Heal
|turn|5
|
|move|p1a: Gliscor|Stone Edge|p2a: Mandibuzz
|-supereffective|p2a: Mandibuzz
|-damage|p2a: Mandibuzz|0 fnt
|faint|p2a: Mandibuzz
|
|-heal|p1a: Gliscor|291\/291 tox|[from] ability: Poison Heal
|
|switch|p2a: Greninja|Greninja, F|285\/285
|turn|6
|
|-start|p2a: Greninja|typechange|Ice|[from] Protean
|move|p2a: Greninja|Ice Beam|p1a: Gliscor
|-supereffective|p1a: Gliscor
|-damage|p1a: Gliscor|0 fnt
|-damage|p2a: Greninja|257\/285|[from] item: Life Orb
|faint|p1a: Gliscor
|
|
|switch|p1a: Aerodactyl|Aerodactyl, M|301\/301
|turn|7
|
|switch|p2a: Chansey|Chansey, F|704\/704
|detailschange|p1a: Aerodactyl|Aerodactyl-Mega, M
|message|Aerodactyl has Mega Evolved into Mega Aerodactyl!
|move|p1a: Aerodactyl|Stone Edge|p2a: Chansey|[miss]
|-miss|p1a: Aerodactyl|p2a: Chansey
|
|turn|8
|
|switch|p1a: Aegislash|Aegislash, F|324\/324
|move|p2a: Chansey|Toxic|p1a: Aegislash
|-fail|p1a: Aegislash
|
|turn|9
|
|switch|p2a: Mawile|Mawile, M|304\/304
|-formechange|p1a: Aegislash|Aegislash-Blade
|move|p1a: Aegislash|Sacred Sword|p2a: Mawile
|-damage|p2a: Mawile|152\/304
|
|turn|10
|
|detailschange|p2a: Mawile|Mawile-Mega, M
|message|Mawile has Mega Evolved into Mega Mawile!
|move|p2a: Mawile|Sucker Punch|p1a: Aegislash
|-supereffective|p1a: Aegislash
|-damage|p1a: Aegislash|0 fnt
|faint|p1a: Aegislash
|
|
|switch|p1a: Delphox|Delphox, F|291\/291
|turn|11
|
|switch|p1a: Snorlax|Snorlax, M|524\/524
|switch|p2a: Heatran|Heatran, M|386\/386
|
|turn|12
|
|move|p2a: Heatran|Stealth Rock|p1a: Snorlax
|-sidestart|p1: Eslott|move: Stealth Rock
|move|p1a: Snorlax|Yawn|p2a: Heatran
|-start|p2a: Heatran|move: Yawn|[of] p1a: Snorlax
|
|turn|13
|
|switch|p2a: Conkeldurr|Conkeldurr, M|414\/414
|move|p1a: Snorlax|Earthquake|p2a: Conkeldurr
|-damage|p2a: Conkeldurr|325\/414
|
|turn|14
|
|move|p2a: Conkeldurr|Drain Punch|p1a: Snorlax
|-supereffective|p1a: Snorlax
|-damage|p1a: Snorlax|38\/524
|-heal|p2a: Conkeldurr|414\/414|[from] drain|[of] p1a: Snorlax
|-damage|p2a: Conkeldurr|373\/414|[from] item: Life Orb
|move|p1a: Snorlax|Body Slam|p2a: Conkeldurr
|-damage|p2a: Conkeldurr|265\/414
|
|-heal|p1a: Snorlax|70\/524|[from] item: Leftovers
|turn|15
|
|move|p2a: Conkeldurr|Knock Off|p1a: Snorlax
|-damage|p1a: Snorlax|0 fnt
|-damage|p2a: Conkeldurr|224\/414|[from] item: Life Orb
|faint|p1a: Snorlax
|
|
|switch|p1a: Aerodactyl|Aerodactyl-Mega, M|301\/301
|-damage|p1a: Aerodactyl|226\/301|[from] Stealth Rock
|turn|16
|
|move|p2a: Conkeldurr|Mach Punch|p1a: Aerodactyl
|-damage|p1a: Aerodactyl|73\/301
|-damage|p2a: Conkeldurr|183\/414|[from] item: Life Orb
|move|p1a: Aerodactyl|Aerial Ace|p2a: Conkeldurr
|-supereffective|p2a: Conkeldurr
|-damage|p2a: Conkeldurr|0 fnt
|faint|p2a: Conkeldurr
|
|
|switch|p2a: Mawile|Mawile-Mega, M|152\/304
|turn|17
|
|switch|p1a: Magnezone|Magnezone|281\/281
|-damage|p1a: Magnezone|264\/281|[from] Stealth Rock
|move|p2a: Mawile|Sucker Punch|p1a: Magnezone
|-fail|p1a: Magnezone
|
|turn|18
|
|move|p2a: Mawile|Sucker Punch|p1a: Magnezone
|-fail|p1a: Magnezone
|move|p1a: Magnezone|Thunder Wave|p2a: Mawile
|-status|p2a: Mawile|par
|
|turn|19
|
|move|p2a: Mawile|Sucker Punch|p1a: Magnezone
|-damage|p1a: Magnezone|109\/281
|move|p1a: Magnezone|Hidden Power|p2a: Mawile
|-supereffective|p2a: Mawile
|-damage|p2a: Mawile|0 fnt
|faint|p2a: Mawile
|
|
|switch|p2a: Greninja|Greninja, F|257\/285
|turn|20
|
|-start|p2a: Greninja|typechange|Water|[from] Protean
|move|p2a: Greninja|Hydro Pump|p1a: Magnezone|[miss]
|-miss|p2a: Greninja|p1a: Magnezone
|move|p1a: Magnezone|Thunderbolt|p2a: Greninja
|-supereffective|p2a: Greninja
|-damage|p2a: Greninja|0 fnt
|faint|p2a: Greninja
|
|
|switch|p2a: Heatran|Heatran, M|386\/386
|turn|21
|
|move|p1a: Magnezone|Hidden Power|p2a: Heatran
|-supereffective|p2a: Heatran
|-damage|p2a: Heatran|174\/386
|move|p2a: Heatran|Lava Plume|p1a: Magnezone
|-supereffective|p1a: Magnezone
|-enditem|p1a: Magnezone|Occa Berry|[eat]
|-damage|p1a: Magnezone|0 fnt
|faint|p1a: Magnezone
|
|-heal|p2a: Heatran|198\/386|[from] item: Leftovers
|
|switch|p1a: Aerodactyl|Aerodactyl-Mega, M|73\/301
|-damage|p1a: Aerodactyl|0 fnt|[from] Stealth Rock
|faint|p1a: Aerodactyl
|
|switch|p1a: Delphox|Delphox, F|291\/291
|-damage|p1a: Delphox|219\/291|[from] Stealth Rock
|turn|22
|
|move|p1a: Delphox|Psychic|p2a: Heatran
|-resisted|p2a: Heatran
|-damage|p2a: Heatran|141\/386
|move|p2a: Heatran|Toxic|p1a: Delphox
|-status|p1a: Delphox|tox
|
|-heal|p2a: Heatran|165\/386|[from] item: Leftovers
|-damage|p1a: Delphox|201\/291 tox|[from] psn
|turn|23
|
|move|p2a: Heatran|Protect|p2a: Heatran
|-singleturn|p2a: Heatran|Protect
|move|p1a: Delphox|Hidden Power|p2a: Heatran
|-activate|p2a: Heatran|Protect
|
|-heal|p2a: Heatran|189\/386|[from] item: Leftovers
|-damage|p1a: Delphox|165\/291 tox|[from] psn
|turn|24
|
|move|p1a: Delphox|Hidden Power|p2a: Heatran
|-supereffective|p2a: Heatran
|-damage|p2a: Heatran|0 fnt
|faint|p2a: Heatran
|
|-damage|p1a: Delphox|111\/291 tox|[from] psn
|
|switch|p2a: Chansey|Chansey, F|704\/704
|turn|25
|
|move|p1a: Delphox|Flamethrower|p2a: Chansey
|-damage|p2a: Chansey|601\/704
|move|p2a: Chansey|Seismic Toss|p1a: Delphox
|-damage|p1a: Delphox|11\/291 tox
|
|-damage|p1a: Delphox|0 fnt|[from] psn
|faint|p1a: Delphox
|
|win|benito camelo