|join|BigSpore
|join|benito camelo
|player|p1|BigSpore|93
|player|p2|benito camelo|209
|gametype|singles
|gen|6
|tier|OU
|clearpoke
|poke|p1|Medicham, M, shiny
|poke|p1|Latios, M
|poke|p1|Breloom, M, shiny
|poke|p1|Landorus-Therian, M
|poke|p1|Gengar, M, shiny
|poke|p1|Azumarill, F, shiny
|poke|p2|Landorus-Therian, M, shiny
|poke|p2|Latias, F
|poke|p2|Rotom-Wash
|poke|p2|Medicham, M, shiny
|poke|p2|Scizor, M, shiny
|poke|p2|Gengar, F, shiny
|rule|Swagger Clause: Swagger is banned
|rule|Baton Pass Clause: Limit one PokÃ©mon knowing Baton Pass
|rule|Sleep Clause Mod: Limit one foe put to sleep
|rule|Species Clause: Limit one of each PokÃ©mon
|rule|OHKO Clause: OHKO moves are banned
|rule|Moody Clause: Moody is banned
|rule|Evasion Moves Clause: Evasion moves are banned
|rule|Endless Battle Clause: Forcing endless battles is banned
|rule|HP Percentage Mod: HP is shown in percentages
|teampreview
|c|âbenito camelo|we
|c|âBigSpore|y ese equipo
|c|âBigSpore|estÃ¡ hecho mierda
|c|âbenito camelo|ya reorde poeque no queria meder medicham
|c|âBigSpore|said
|c|âbenito camelo|ni gengar
|c|âBigSpore|es casi mirror esta madre
|c|âBigSpore|AHAHAHAH
|c|âbenito camelo|porque seria el mismo team que el tuyo
|c|âbenito camelo|xD
|c|âBigSpore|ewe es que tienen una sinergia curada
|
|start
|switch|p1a: Tittylegs|Medicham, M, shiny|261\/261
|switch|p2a: lolipop|Landorus-Therian, M, shiny|382\/382
|-ability|p2a: lolipop|Intimidate|[of] p1a: Tittylegs
|-unboost|p1a: Tittylegs|atk|1
|turn|1
|c|âBigSpore|NomÃ¡s que tÃº si paras a Taloonflame mÃ¡s rÃ¡pido
|
|detailschange|p1a: Tittylegs|Medicham-Mega, M, shiny
|message|Medicham has Mega Evolved into Mega Medicham!
|move|p1a: Tittylegs|Fake Out|p2a: lolipop
|-damage|p2a: lolipop|337\/382
|cant|p2a: lolipop|flinch
|
|-heal|p2a: lolipop|360\/382|[from] item: Leftovers
|turn|2
|c|âBigSpore|fu8cking rekt
|c|âBigSpore|lolipop
|c|âBigSpore|que pedo
|c|âBigSpore|AAHAHHAAHHA
|c|âbenito camelo|que we
|c|âBigSpore|El Lollipop es otro que no?
|c|âbenito camelo|e we
|
|switch|p1a: Yogurt|Landorus-Therian, M|382\/382
|-ability|p1a: Yogurt|Intimidate|[of] p2a: lolipop
|-unboost|p2a: lolipop|atk|1
|move|p2a: lolipop|U-turn|p1a: Yogurt
|-resisted|p1a: Yogurt
|-damage|p1a: Yogurt|362\/382
|c|âbenito camelo|el scisor
|c|âbenito camelo|le puse *mega-scisor*
|c|âbenito camelo|y no me lo tomo
|c|âbenito camelo|XD
|
|switch|p2a: gocowash|Rotom-Wash|241\/241
|
|-heal|p1a: Yogurt|382\/382|[from] item: Leftovers
|turn|3
|c|âBigSpore|ewe es que es el nombre de un pokÃ©mon
|
|switch|p1a: Latios|Latios, M|302\/302
|move|p2a: gocowash|Hidden Power|p1a: Latios
|-supereffective|p1a: Latios
|-damage|p1a: Latios|188\/302
|
|turn|4
|c|âBigSpore|aush ;$
|c|âbenito camelo|casi te amta
|
|switch|p2a: Scizor|Scizor, M, shiny|343\/343
|move|p1a: Latios|Draco Meteor|p2a: Scizor
|-resisted|p2a: Scizor
|-damage|p2a: Scizor|175\/343
|-unboost|p1a: Latios|spa|2
|-damage|p1a: Latios|158\/302|[from] item: Life Orb
|
|turn|5
|c|âBigSpore|Ya sÃ© AAHAHAHA
|c|âBigSpore|igual a ti
|c|âbenito camelo|esto
|c|âbenito camelo|te va a gustar
|c|âbenito camelo|*3*
|c|âBigSpore|roost
|c|âBigSpore|pursuit
|c|âBigSpore|u-turn
|c|âBigSpore|chintatumadresais
|c|âbenito camelo|adovina
|c|âbenito camelo|cual duele mas
|c|âbenito camelo|:3
|
|switch|p1a: Yogurt|Landorus-Therian, M|382\/382
|-ability|p1a: Yogurt|Intimidate|[of] p2a: Scizor
|-unboost|p2a: Scizor|atk|1
|move|p2a: Scizor|U-turn|p1a: Yogurt
|-resisted|p1a: Yogurt
|-damage|p1a: Yogurt|331\/382
|c|âbenito camelo|te mentu
|c|âBigSpore|Ya sÃ© que eres de band
|
|switch|p2a: gocowash|Rotom-Wash|241\/241
|
|-heal|p1a: Yogurt|354\/382|[from] item: Leftovers
|turn|6
|c|âBigSpore|meco
|c|âBigSpore|AHAHA
|c|âbenito camelo|pero, podria traer pursuit
|c|âbenito camelo|y adios latios
|c|âBigSpore|De hecho
|c|âBigSpore|deberÃ­as
|c|âBigSpore|sais n00b
|
|switch|p1a: Sitrus Berry|Azumarill, F, shiny|404\/404
|move|p2a: gocowash|Volt Switch|p1a: Sitrus Berry
|-supereffective|p1a: Sitrus Berry
|-damage|p1a: Sitrus Berry|230\/404
|c|âbenito camelo|;3
|c|âBigSpore|PUTO ENFERMO
|c|âBigSpore|AHAHAHAHA
|
|switch|p2a: dance this cumbia|Medicham, M, shiny|265\/265
|
|turn|7
|c|âBigSpore|EL NOMBRE
|c|âBigSpore|AHAHAHAHAHA
|
|detailschange|p2a: dance this cumbia|Medicham-Mega, M, shiny
|message|Medicham has Mega Evolved into Mega Medicham!
|move|p2a: dance this cumbia|Zen Headbutt|p1a: Sitrus Berry
|-damage|p1a: Sitrus Berry|0 fnt
|faint|p1a: Sitrus Berry
|
|c|âbenito camelo|cambia al gengar
|c|âbenito camelo|maldita sea
|c|âBigSpore|que loco
|
|switch|p1a: Yogurt|Landorus-Therian, M|354\/382
|-ability|p1a: Yogurt|Intimidate|[of] p2a: dance this cumbia
|-unboost|p2a: dance this cumbia|atk|1
|turn|8
|
|switch|p2a: mother|Latias, F|319\/319
|move|p1a: Yogurt|Stealth Rock|p2a: mother
|-sidestart|p2: benito camelo|move: Stealth Rock
|
|-heal|p1a: Yogurt|377\/382|[from] item: Leftovers
|turn|9
|c|âbenito camelo|e we
|c|âbenito camelo|le iba a cambiar el nombre
|c|âbenito camelo|y lo deje asi
|c|âbenito camelo|porque me tuve que ir
|c|âbenito camelo|xD
|c|âBigSpore|meco
|c|âbenito camelo|we
|c|âbenito camelo|latios
|c|âbenito camelo|y latias
|c|âbenito camelo|le pegan rico
|c|âbenito camelo|a tu team
|
|move|p2a: mother|Draco Meteor|p1a: Yogurt
|-damage|p1a: Yogurt|81\/382
|-unboost|p2a: mother|spa|2
|-damage|p2a: mother|288\/319|[from] item: Life Orb
|move|p1a: Yogurt|U-turn|p2a: mother
|-supereffective|p2a: mother
|-damage|p2a: mother|130\/319
|c|âBigSpore|ME LA PELA
|
|switch|p1a: Tittylegs|Medicham-Mega, M, shiny|261\/261
|
|turn|10
|
|move|p2a: mother|Roost|p2a: mother
|-heal|p2a: mother|290\/319
|move|p1a: Tittylegs|Zen Headbutt|p2a: mother
|-crit|p2a: mother
|-resisted|p2a: mother
|-damage|p2a: mother|64\/319
|
|turn|11
|c|âbenito camelo|asco
|c|âBigSpore|No suelo tener problemas con ellos
|c|âBigSpore|ALAMIERDA
|c|âBigSpore|AHAHAHAHA
|
|switch|p2a: lolipop|Landorus-Therian, M, shiny|360\/382
|-damage|p2a: lolipop|313\/382|[from] Stealth Rock
|-ability|p2a: lolipop|Intimidate|[of] p1a: Tittylegs
|-unboost|p1a: Tittylegs|atk|1
|move|p1a: Tittylegs|Bullet Punch|p2a: lolipop
|-crit|p2a: lolipop
|-damage|p2a: lolipop|210\/382
|
|-heal|p2a: lolipop|233\/382|[from] item: Leftovers
|turn|12
|c|âbenito camelo|asco
|c|âbenito camelo|esos criticos
|c|âbenito camelo|hax pedorros
|c|âBigSpore|hacks
|c|âbenito camelo|la neta
|c|âbenito camelo|ya no jeugo
|c|âBigSpore|AHAHAHA
|
|switch|p1a: Poe|Gengar, M, shiny|273\/273
|move|p2a: lolipop|U-turn|p1a: Poe
|-resisted|p1a: Poe
|-damage|p1a: Poe|243\/273
|
|switch|p2a: mother|Latias, F|64\/319
|-damage|p2a: mother|25\/319|[from] Stealth Rock
|
|-heal|p1a: Poe|260\/273|[from] item: Black Sludge
|turn|13
|c|âbenito camelo|ahora si
|c|âbenito camelo|macana
|
|move|p2a: mother|Draco Meteor|p1a: Poe
|-damage|p1a: Poe|0 fnt
|-unboost|p2a: mother|spa|2
|-damage|p2a: mother|0 fnt|[from] item: Life Orb
|faint|p1a: Poe
|faint|p2a: mother
|
|c|âBigSpore|ASCO
|c|âBigSpore|QUE FLSO
|c|âbenito camelo|el qeu sea
|c|âbenito camelo|llegale
|c|âbenito camelo|noob
|c|âBigSpore|de hecho batallo bastante contra scizor
|c|âBigSpore|con este equipo
|c|âbenito camelo|xD
|c|âBigSpore|Si se hace un swords dance me puede sweepear
|
|switch|p1a: Latios|Latios, M|158\/302
|switch|p2a: bloody mary|Gengar, F, shiny|273\/273
|-damage|p2a: bloody mary|239\/273|[from] Stealth Rock
|turn|14
|c|âbenito camelo|e we
|c|âbenito camelo|saca
|c|âBigSpore|EWE
|c|âbenito camelo|al
|c|âBigSpore|ME LA CORTO
|c|âbenito camelo|es hembra
|c|âbenito camelo|uwu
|c|âBigSpore|QUE ME OUTSPEEDEAS
|c|âBigSpore|ME GANAS EL TIE
|c|âbenito camelo|no te outspedeo
|
|move|p1a: Latios|Psyshock|p2a: bloody mary
|-supereffective|p2a: bloody mary
|-damage|p2a: bloody mary|0 fnt
|-damage|p1a: Latios|128\/302|[from] item: Life Orb
|faint|p2a: bloody mary
|
|
|switch|p2a: Scizor|Scizor, M, shiny|175\/343
|-damage|p2a: Scizor|133\/343|[from] Stealth Rock
|turn|15
|c|âBigSpore|EA
|c|âBigSpore|ASCO
|
|move|p2a: Scizor|Bullet Punch|p1a: Latios
|-damage|p1a: Latios|0 fnt
|faint|p1a: Latios
|
|c|âBigSpore|COME VERGA SAIS AHAHAHAHAH
|c|âbenito camelo|:3
|
|switch|p1a: Tittylegs|Medicham-Mega, M, shiny|261\/261
|turn|16
|c|âBigSpore|DEBES CAER EN MIS TRAMPAS PUTO NOOB
|
|move|p1a: Tittylegs|Fake Out|p2a: Scizor
|-resisted|p2a: Scizor
|-damage|p2a: Scizor|86\/343
|cant|p2a: Scizor|flinch
|
|turn|17
|c|âbenito camelo|calmate
|c|âbenito camelo|we
|c|âbenito camelo|la neta
|c|âBigSpore|YA BALISTE BERENJENA BAKA
|c|âbenito camelo|le voy a decir
|c|âbenito camelo|a mi mamÃ¡
|c|âbenito camelo|y al umio
|c|âbenito camelo|de tus hacks
|
|move|p2a: Scizor|Bullet Punch|p1a: Tittylegs
|-damage|p1a: Tittylegs|42\/261
|move|p1a: Tittylegs|Zen Headbutt|p2a: Scizor
|-resisted|p2a: Scizor
|-damage|p2a: Scizor|0 fnt
|faint|p2a: Scizor
|
|c|âBigSpore|el umico AHAHAHA
|
|switch|p2a: gocowash|Rotom-Wash|241\/241
|-damage|p2a: gocowash|211\/241|[from] Stealth Rock
|turn|18
|c|âbenito camelo|holi
|
|switch|p1a: Yogurt|Landorus-Therian, M|81\/382
|-ability|p1a: Yogurt|Intimidate|[of] p2a: gocowash
|-unboost|p2a: gocowash|atk|1
|move|p2a: gocowash|Hidden Power|p1a: Yogurt
|-supereffective|p1a: Yogurt
|-damage|p1a: Yogurt|0 fnt
|faint|p1a: Yogurt
|
|c|âBigSpore|OLAAA
|c|âBigSpore|AAAAAAAAAAAAAAAAAAAA
|
|switch|p1a: Froot Loop|Breloom, M, shiny|262\/262
|turn|19
|c|âbenito camelo|HAAAAAAAAAAa
|
|move|p2a: gocowash|Hidden Power|p1a: Froot Loop
|-supereffective|p1a: Froot Loop
|-damage|p1a: Froot Loop|66\/262
|move|p1a: Froot Loop|Bullet Seed|p2a: gocowash
|-supereffective|p2a: gocowash
|-damage|p2a: gocowash|77\/241
|-supereffective|p2a: gocowash
|-damage|p2a: gocowash|0 fnt
|-hitcount|p2a: gocowash|2
|faint|p2a: gocowash
|
|c|âBigSpore|PUTO HACKER
|c|âBigSpore|TOMA ESO
|
|switch|p2a: dance this cumbia|Medicham-Mega, M, shiny|265\/265
|-damage|p2a: dance this cumbia|249\/265|[from] Stealth Rock
|turn|20
|c|âbenito camelo|ahora
|c|âBigSpore|MI JUSTICIA ANTI JAKZ
|c|âbenito camelo|si
|c|âbenito camelo|te cargo
|c|âbenito camelo|el said bomba
|c|âbenito camelo|xD
|c|âBigSpore|AHAHAHA
|c|âBigSpore|gg
|
|move|p2a: dance this cumbia|Fake Out|p1a: Froot Loop
|-damage|p1a: Froot Loop|0 fnt
|faint|p1a: Froot Loop
|
|c|âBigSpore|Pura suerte
|c|âbenito camelo|no te digo
|
|switch|p1a: Tittylegs|Medicham-Mega, M, shiny|42\/261
|turn|21
|c|âbenito camelo|este bato esta tan roto
|c|âBigSpore|eres
|c|âbenito camelo|que merece una cumbia
|c|âBigSpore|adamant o jolly?
|c|âbenito camelo|calm
|
|switch|p2a: lolipop|Landorus-Therian, M, shiny|233\/382
|-damage|p2a: lolipop|186\/382|[from] Stealth Rock
|-ability|p2a: lolipop|Intimidate|[of] p1a: Tittylegs
|-unboost|p1a: Tittylegs|atk|1
|move|p1a: Tittylegs|Fake Out|p2a: lolipop
|-damage|p2a: lolipop|144\/382
|
|-heal|p2a: lolipop|167\/382|[from] item: Leftovers
|turn|22
|c|âBigSpore|ea
|c|âbenito camelo|igual
|c|âbenito camelo|pelas
|c|âBigSpore|COMETE UNA VERGA
|c|âbenito camelo|gracias a esto
|c|âBigSpore|TE RETO
|c|âbenito camelo|xD
|c|âBigSpore|A QUE METAS
|c|âBigSpore|AL
|c|âBigSpore|MEDICHAM
|c|âBigSpore|NO TE ATREVES
|c|âBigSpore|MECO
|c|âbenito camelo|arre
|
|move|p1a: Tittylegs|Zen Headbutt|p2a: lolipop
|-crit|p2a: lolipop
|-damage|p2a: lolipop|0 fnt
|faint|p2a: lolipop
|
|c|âBigSpore|AHAHAHAH
|
|switch|p2a: dance this cumbia|Medicham-Mega, M, shiny|249\/265
|-damage|p2a: dance this cumbia|233\/265|[from] Stealth Rock
|turn|23
|c|âBigSpore|revancha
|c|âBigSpore|si te ganaba
|c|âBigSpore|si no hubiera hecho tantas pendejadas
|c|âBigSpore|y no hubieras usado tus trucos pedorros
|
|move|p2a: dance this cumbia|Fake Out|p1a: Tittylegs
|-damage|p1a: Tittylegs|0 fnt
|faint|p1a: Tittylegs
|
|win|benito camelo
|c|âbenito camelo|JAJAJA
|leave|BigSpore
|player|p1