|join|Appert
|join|benito camelo
|player|p1|Appert|87
|player|p2|benito camelo|209
|gametype|singles
|gen|6
|tier|OU
|rated
|clearpoke
|poke|p1|Forretress, M
|poke|p1|Rotom-Wash
|poke|p1|Scizor, F
|poke|p1|Thundurus, M
|poke|p1|Gliscor, M
|poke|p1|Charizard, F
|poke|p2|Ferrothorn, M, shiny
|poke|p2|Slowbro, F, shiny
|poke|p2|Bisharp, M, shiny
|poke|p2|Manectric, M, shiny
|poke|p2|Mew, shiny
|poke|p2|Landorus-Therian, M, shiny
|rule|Swagger Clause: Swagger is banned
|rule|Baton Pass Clause: Limit one PokÃ©mon knowing Baton Pass
|rule|Sleep Clause Mod: Limit one foe put to sleep
|rule|Species Clause: Limit one of each PokÃ©mon
|rule|OHKO Clause: OHKO moves are banned
|rule|Moody Clause: Moody is banned
|rule|Evasion Moves Clause: Evasion moves are banned
|rule|Endless Battle Clause: Forcing endless battles is banned
|rule|HP Percentage Mod: HP is shown in percentages
|teampreview
|
|start
|switch|p1a: Rotom-Wash|Rotom-Wash|304\/304
|switch|p2a: Mew|Mew, shiny|404\/404
|turn|1
|
|move|p2a: Mew|Knock Off|p1a: Rotom-Wash
|-damage|p1a: Rotom-Wash|250\/304
|-enditem|p1a: Rotom-Wash|Leftovers|[from] move: Knock Off|[of] p2a: Mew
|move|p1a: Rotom-Wash|Volt Switch|p2a: Mew
|-damage|p2a: Mew|319\/404
|
|switch|p1a: Charizard|Charizard, F|297\/297
|
|-heal|p2a: Mew|344\/404|[from] item: Leftovers
|turn|2
|
|switch|p2a: lolipop 3.0|Landorus-Therian, M, shiny|319\/319
|-ability|p2a: lolipop 3.0|Intimidate|[of] p1a: Charizard
|-unboost|p1a: Charizard|atk|1
|detailschange|p1a: Charizard|Charizard-Mega-X, F
|-mega|p1a: Charizard|Charizard|Charizardite X
|move|p1a: Charizard|Dragon Claw|p2a: lolipop 3.0
|-crit|p2a: lolipop 3.0
|-damage|p2a: lolipop 3.0|0 fnt
|faint|p2a: lolipop 3.0
|
|c|âbenito camelo|;_;
|
|switch|p2a: Slowbro|Slowbro, F, shiny|394\/394
|turn|3
|
|move|p1a: Charizard|Dragon Dance|p1a: Charizard
|-boost|p1a: Charizard|atk|1
|-boost|p1a: Charizard|spe|1
|move|p2a: Slowbro|Thunder Wave|p1a: Charizard
|-status|p1a: Charizard|par
|
|turn|4
|
|move|p1a: Charizard|Dragon Dance|p1a: Charizard
|-boost|p1a: Charizard|atk|1
|-boost|p1a: Charizard|spe|1
|move|p2a: Slowbro|Scald|p1a: Charizard
|-damage|p1a: Charizard|192\/297 par
|
|turn|5
|
|move|p1a: Charizard|Dragon Claw|p2a: Slowbro
|-damage|p2a: Slowbro|163\/394
|move|p2a: Slowbro|Scald|p1a: Charizard
|-damage|p1a: Charizard|81\/297 par
|
|-heal|p2a: Slowbro|187\/394|[from] item: Leftovers
|turn|6
|
|move|p1a: Charizard|Roost|p1a: Charizard
|-heal|p1a: Charizard|230\/297 par
|move|p2a: Slowbro|Scald|p1a: Charizard
|-damage|p1a: Charizard|127\/297 par
|
|-heal|p2a: Slowbro|211\/394|[from] item: Leftovers
|turn|7
|
|move|p1a: Charizard|Dragon Claw|p2a: Slowbro
|-damage|p2a: Slowbro|1\/394
|move|p2a: Slowbro|Scald|p1a: Charizard
|-damage|p1a: Charizard|16\/297 par
|
|-heal|p2a: Slowbro|25\/394|[from] item: Leftovers
|turn|8
|
|move|p1a: Charizard|Flare Blitz|p2a: Slowbro
|-resisted|p2a: Slowbro
|-damage|p2a: Slowbro|0 fnt
|-damage|p1a: Charizard|8\/297 par|[from] recoil|[of] p2a: Slowbro
|faint|p2a: Slowbro
|
|
|switch|p2a: Manectric|Manectric, M, shiny|281\/281
|turn|9
|
|switch|p1a: Forretress|Forretress, M|354\/354
|detailschange|p2a: Manectric|Manectric-Mega, M, shiny
|-mega|p2a: Manectric|Manectric|Manectite
|-ability|p2a: Manectric|Intimidate|[of] p1a: Forretress
|-unboost|p1a: Forretress|atk|1
|move|p2a: Manectric|Volt Switch|p1a: Forretress
|-damage|p1a: Forretress|155\/354
|
|switch|p2a: Bisharp|Bisharp, M, shiny|271\/271
|
|-heal|p1a: Forretress|177\/354|[from] item: Leftovers
|turn|10
|
|move|p2a: Bisharp|Knock Off|p1a: Forretress
|-damage|p1a: Forretress|63\/354
|-enditem|p1a: Forretress|Leftovers|[from] move: Knock Off|[of] p2a: Bisharp
|-damage|p2a: Bisharp|244\/271|[from] item: Life Orb
|move|p1a: Forretress|Volt Switch|p2a: Bisharp
|-damage|p2a: Bisharp|199\/271
|
|switch|p1a: Scizor|Scizor, F|301\/301
|
|turn|11
|
|move|p2a: Bisharp|Knock Off|p1a: Scizor
|-damage|p1a: Scizor|63\/301
|-enditem|p1a: Scizor|Choice Band|[from] move: Knock Off|[of] p2a: Bisharp
|-damage|p2a: Bisharp|172\/271|[from] item: Life Orb
|move|p1a: Scizor|Superpower|p2a: Bisharp
|-supereffective|p2a: Bisharp
|-damage|p2a: Bisharp|0 fnt
|-unboost|p1a: Scizor|atk|1
|-unboost|p1a: Scizor|def|1
|faint|p2a: Bisharp
|
|
|switch|p2a: Manectric|Manectric-Mega, M, shiny|281\/281
|-ability|p2a: Manectric|Intimidate|[of] p1a: Scizor
|-unboost|p1a: Scizor|atk|1
|turn|12
|
|switch|p1a: Forretress|Forretress, M|63\/354
|move|p2a: Manectric|Thunderbolt|p1a: Forretress
|-damage|p1a: Forretress|0 fnt
|faint|p1a: Forretress
|
|
|switch|p1a: Thundurus|Thundurus, M|299\/299
|turn|13
|
|move|p2a: Manectric|Volt Switch|p1a: Thundurus
|-damage|p1a: Thundurus|137\/299
|
|switch|p2a: Ferrothorn|Ferrothorn, M, shiny|352\/352
|move|p1a: Thundurus|Superpower|p2a: Ferrothorn
|-supereffective|p2a: Ferrothorn
|-damage|p2a: Ferrothorn|141\/352
|-damage|p1a: Thundurus|100\/299|[from] ability: Iron Barbs|[of] p2a: Ferrothorn
|-unboost|p1a: Thundurus|atk|1
|-unboost|p1a: Thundurus|def|1
|-damage|p1a: Thundurus|71\/299|[from] item: Life Orb
|
|-heal|p2a: Ferrothorn|163\/352|[from] item: Leftovers
|turn|14
|
|switch|p1a: Gliscor|Gliscor, M|353\/353
|move|p2a: Ferrothorn|Protect|p2a: Ferrothorn
|-fail|p2a: Ferrothorn
|
|-heal|p2a: Ferrothorn|185\/352|[from] item: Leftovers
|-status|p1a: Gliscor|tox|[from] item: Toxic Orb
|turn|15
|
|move|p1a: Gliscor|Knock Off|p2a: Ferrothorn
|-damage|p2a: Ferrothorn|136\/352
|-damage|p1a: Gliscor|309\/353 tox|[from] ability: Iron Barbs|[of] p2a: Ferrothorn
|-enditem|p2a: Ferrothorn|Leftovers|[from] move: Knock Off|[of] p1a: Gliscor
|move|p2a: Ferrothorn|Stealth Rock|p1a: Gliscor
|-sidestart|p1: Appert|move: Stealth Rock
|
|-heal|p1a: Gliscor|353\/353 tox|[from] ability: Poison Heal
|turn|16
|
|move|p1a: Gliscor|Earthquake|p2a: Ferrothorn
|-damage|p2a: Ferrothorn|64\/352
|move|p2a: Ferrothorn|Leech Seed|p1a: Gliscor
|-start|p1a: Gliscor|move: Leech Seed
|
|-damage|p1a: Gliscor|309\/353 tox|[from] Leech Seed|[of] p2a: Ferrothorn
|-heal|p2a: Ferrothorn|108\/352|[silent]
|-heal|p1a: Gliscor|353\/353 tox|[from] ability: Poison Heal
|turn|17
|
|move|p1a: Gliscor|Earthquake|p2a: Ferrothorn
|-damage|p2a: Ferrothorn|26\/352
|move|p2a: Ferrothorn|Gyro Ball|p1a: Gliscor
|-damage|p1a: Gliscor|241\/353 tox
|
|-damage|p1a: Gliscor|197\/353 tox|[from] Leech Seed|[of] p2a: Ferrothorn
|-heal|p2a: Ferrothorn|70\/352|[silent]
|-heal|p1a: Gliscor|241\/353 tox|[from] ability: Poison Heal
|turn|18
|
|move|p2a: Ferrothorn|Protect|p2a: Ferrothorn
|-singleturn|p2a: Ferrothorn|Protect
|move|p1a: Gliscor|Earthquake|p2a: Ferrothorn
|-activate|p2a: Ferrothorn|Protect
|
|-damage|p1a: Gliscor|197\/353 tox|[from] Leech Seed|[of] p2a: Ferrothorn
|-heal|p2a: Ferrothorn|114\/352|[silent]
|-heal|p1a: Gliscor|241\/353 tox|[from] ability: Poison Heal
|turn|19
|
|move|p1a: Gliscor|Earthquake|p2a: Ferrothorn
|-damage|p2a: Ferrothorn|35\/352
|move|p2a: Ferrothorn|Gyro Ball|p1a: Gliscor
|-damage|p1a: Gliscor|139\/353 tox
|
|-damage|p1a: Gliscor|95\/353 tox|[from] Leech Seed|[of] p2a: Ferrothorn
|-heal|p2a: Ferrothorn|79\/352|[silent]
|-heal|p1a: Gliscor|139\/353 tox|[from] ability: Poison Heal
|turn|20
|
|move|p1a: Gliscor|Roost|p1a: Gliscor
|-heal|p1a: Gliscor|316\/353 tox
|move|p2a: Ferrothorn|Gyro Ball|p1a: Gliscor
|-damage|p1a: Gliscor|205\/353 tox
|
|-damage|p1a: Gliscor|161\/353 tox|[from] Leech Seed|[of] p2a: Ferrothorn
|-heal|p2a: Ferrothorn|123\/352|[silent]
|-heal|p1a: Gliscor|205\/353 tox|[from] ability: Poison Heal
|turn|21
|
|move|p1a: Gliscor|Earthquake|p2a: Ferrothorn
|-damage|p2a: Ferrothorn|41\/352
|move|p2a: Ferrothorn|Gyro Ball|p1a: Gliscor
|-damage|p1a: Gliscor|97\/353 tox
|
|-damage|p1a: Gliscor|53\/353 tox|[from] Leech Seed|[of] p2a: Ferrothorn
|-heal|p2a: Ferrothorn|85\/352|[silent]
|-heal|p1a: Gliscor|97\/353 tox|[from] ability: Poison Heal
|turn|22
|
|move|p1a: Gliscor|Roost|p1a: Gliscor
|-heal|p1a: Gliscor|274\/353 tox
|move|p2a: Ferrothorn|Gyro Ball|p1a: Gliscor
|-damage|p1a: Gliscor|163\/353 tox
|
|-damage|p1a: Gliscor|119\/353 tox|[from] Leech Seed|[of] p2a: Ferrothorn
|-heal|p2a: Ferrothorn|129\/352|[silent]
|-heal|p1a: Gliscor|163\/353 tox|[from] ability: Poison Heal
|turn|23
|
|switch|p1a: Charizard|Charizard-Mega-X, F|8\/297 par
|-damage|p1a: Charizard|0 fnt|[from] Stealth Rock
|faint|p1a: Charizard
|move|p2a: Ferrothorn|Gyro Ball|p1: Charizard|[notarget]
|-notarget
|
|
|switch|p1a: Gliscor|Gliscor, M|163\/353 tox
|-damage|p1a: Gliscor|119\/353 tox|[from] Stealth Rock
|turn|24
|
|move|p1a: Gliscor|Earthquake|p2a: Ferrothorn
|-damage|p2a: Ferrothorn|59\/352
|move|p2a: Ferrothorn|Gyro Ball|p1a: Gliscor
|-damage|p1a: Gliscor|13\/353 tox
|
|-heal|p1a: Gliscor|57\/353 tox|[from] ability: Poison Heal
|turn|25
|
|move|p1a: Gliscor|Earthquake|p2a: Ferrothorn
|-damage|p2a: Ferrothorn|0 fnt
|faint|p2a: Ferrothorn
|
|-heal|p1a: Gliscor|101\/353 tox|[from] ability: Poison Heal
|
|switch|p2a: Manectric|Manectric-Mega, M, shiny|281\/281
|-ability|p2a: Manectric|Intimidate|[of] p1a: Gliscor
|-unboost|p1a: Gliscor|atk|1
|turn|26
|
|switch|p1a: Thundurus|Thundurus, M|71\/299
|-damage|p1a: Thundurus|0 fnt|[from] Stealth Rock
|faint|p1a: Thundurus
|move|p2a: Manectric|Hidden Power|p1: Thundurus|[notarget]
|-notarget
|
|
|switch|p1a: Rotom-Wash|Rotom-Wash|250\/304
|-damage|p1a: Rotom-Wash|212\/304|[from] Stealth Rock
|turn|27
|
|move|p2a: Manectric|Thunderbolt|p1a: Rotom-Wash
|-damage|p1a: Rotom-Wash|47\/304
|move|p1a: Rotom-Wash|Pain Split|p2a: Manectric
|-sethp|p2a: Manectric|164\/281|p1a: Rotom-Wash|164\/304|[from] move: Pain Split
|
|turn|28
|
|move|p2a: Manectric|Volt Switch|p1a: Rotom-Wash
|-damage|p1a: Rotom-Wash|50\/304
|
|switch|p2a: Mew|Mew, shiny|344\/404
|move|p1a: Rotom-Wash|Hydro Pump|p2a: Mew
|-damage|p2a: Mew|215\/404
|
|-heal|p2a: Mew|240\/404|[from] item: Leftovers
|turn|29
|
|move|p2a: Mew|Knock Off|p1a: Rotom-Wash
|-damage|p1a: Rotom-Wash|15\/304
|move|p1a: Rotom-Wash|Pain Split|p2a: Mew
|-sethp|p2a: Mew|127\/404|p1a: Rotom-Wash|127\/304|[from] move: Pain Split
|
|-heal|p2a: Mew|152\/404|[from] item: Leftovers
|turn|30
|
|move|p2a: Mew|Will-O-Wisp|p1a: Rotom-Wash
|-status|p1a: Rotom-Wash|brn
|move|p1a: Rotom-Wash|Hydro Pump|p2a: Mew|[miss]
|-miss|p1a: Rotom-Wash|p2a: Mew
|
|-heal|p2a: Mew|177\/404|[from] item: Leftovers
|-damage|p1a: Rotom-Wash|89\/304 brn|[from] brn
|turn|31
|-message|Appert forfeited.
|leave|Appert
|
|win|benito camelo
|raw|Ladder updating...
|player|p1
|raw|Appert's rating: 1498 &rarr; <strong>1479<\/strong><br \/>(-19 for losing)
|raw|benito camelo's rating: 1516 &rarr; <strong>1535<\/strong><br \/>(+19 for winning)