|join|Disenchanted
|join|benito camelo
|player|p1|Disenchanted|34
|player|p2|benito camelo|209
|gametype|singles
|gen|6
|tier|OU
|rated
|clearpoke
|poke|p1|Azelf
|poke|p1|Azumarill, F
|poke|p1|Landorus, M
|poke|p1|Thundurus, M
|poke|p1|Keldeo
|poke|p1|Metagross
|poke|p2|Landorus-Therian, M, shiny
|poke|p2|Latias, F
|poke|p2|Rotom-Wash
|poke|p2|Medicham, M, shiny
|poke|p2|Scizor, M, shiny
|poke|p2|Gengar, F, shiny
|rule|Swagger Clause: Swagger is banned
|rule|Baton Pass Clause: Limit one PokÃ©mon knowing Baton Pass
|rule|Sleep Clause Mod: Limit one foe put to sleep
|rule|Species Clause: Limit one of each PokÃ©mon
|rule|OHKO Clause: OHKO moves are banned
|rule|Moody Clause: Moody is banned
|rule|Evasion Moves Clause: Evasion moves are banned
|rule|Endless Battle Clause: Forcing endless battles is banned
|rule|HP Percentage Mod: HP is shown in percentages
|teampreview
|
|start
|switch|p1a: Azelf|Azelf|291\/291
|switch|p2a: gocowash|Rotom-Wash|241\/241
|turn|1
|
|move|p2a: gocowash|Hydro Pump|p1a: Azelf
|-damage|p1a: Azelf|33\/291
|move|p1a: Azelf|Stealth Rock|p2a: gocowash
|-sidestart|p2: benito camelo|move: Stealth Rock
|
|turn|2
|
|move|p2a: gocowash|Hydro Pump|p1a: Azelf
|-damage|p1a: Azelf|0 fnt
|faint|p1a: Azelf
|
|
|switch|p1a: Azumarill|Azumarill, F|358\/358
|turn|3
|
|switch|p2a: kha zix|Scizor, M, shiny|343\/343
|-damage|p2a: kha zix|301\/343|[from] Stealth Rock
|move|p1a: Azumarill|Knock Off|p2a: kha zix
|-damage|p2a: kha zix|163\/343
|-enditem|p2a: kha zix|Choice Band|[from] move: Knock Off|[of] p1a: Azumarill
|
|turn|4
|
|switch|p1a: Metagross|Metagross|301\/301
|move|p2a: kha zix|U-turn|p1a: Metagross
|-damage|p1a: Metagross|187\/301
|
|switch|p2a: lolipop|Landorus-Therian, M, shiny|382\/382
|-damage|p2a: lolipop|335\/382|[from] Stealth Rock
|-ability|p2a: lolipop|Intimidate|[of] p1a: Metagross
|-fail|p1a: Metagross|unboost|[from] ability: Clear Body|[of] p1a: Metagross
|
|-heal|p2a: lolipop|358\/382|[from] item: Leftovers
|turn|5
|
|switch|p1a: Landorus|Landorus, M|319\/319
|move|p2a: lolipop|Stone Edge|p1a: Landorus|[miss]
|-miss|p2a: lolipop|p1a: Landorus
|
|-heal|p2a: lolipop|381\/382|[from] item: Leftovers
|turn|6
|c|âbenito camelo|lel
|
|switch|p1a: Keldeo|Keldeo|323\/323
|switch|p2a: gocowash|Rotom-Wash|241\/241
|-damage|p2a: gocowash|211\/241|[from] Stealth Rock
|
|turn|7
|
|move|p2a: gocowash|Volt Switch|p1a: Keldeo
|-supereffective|p1a: Keldeo
|-damage|p1a: Keldeo|75\/323
|
|switch|p2a: sasha grey|Latias, F|319\/319
|-damage|p2a: sasha grey|280\/319|[from] Stealth Rock
|move|p1a: Keldeo|Scald|p2a: sasha grey
|-resisted|p2a: sasha grey
|-damage|p2a: sasha grey|199\/319
|
|turn|8
|c|âDisenchanted|nice nick
|
|switch|p1a: Metagross|Metagross|187\/301
|move|p2a: sasha grey|Defog|p1a: Metagross
|-fail|p1a: Metagross|unboost|[from] ability: Clear Body|[of] p1a: Metagross
|-sideend|p2: benito camelo|Stealth Rock|[from] move: Defog|[of] p2a: sasha grey
|
|turn|9
|
|detailschange|p1a: Metagross|Metagross-Mega
|-mega|p1a: Metagross|Metagross|Metagrossite
|move|p1a: Metagross|Pursuit|p2a: sasha grey|[from]Pursuit
|-supereffective|p2a: sasha grey
|-damage|p2a: sasha grey|0 fnt
|faint|p2a: sasha grey
|
|
|switch|p2a: lolipop|Landorus-Therian, M, shiny|381\/382
|-ability|p2a: lolipop|Intimidate|[of] p1a: Metagross
|-unboost|p1a: Metagross|atk|1
|turn|10
|
|move|p1a: Metagross|Meteor Mash|p2a: lolipop
|-damage|p2a: lolipop|264\/382
|move|p2a: lolipop|Stealth Rock|p1a: Metagross
|-sidestart|p1: Disenchanted|move: Stealth Rock
|
|-heal|p2a: lolipop|287\/382|[from] item: Leftovers
|turn|11
|
|move|p1a: Metagross|Meteor Mash|p2a: lolipop
|-crit|p2a: lolipop
|-damage|p2a: lolipop|0 fnt
|-boost|p1a: Metagross|atk|1
|faint|p2a: lolipop
|
|c|âbenito camelo|seriusly?
|c|âDisenchanted|sry
|
|switch|p2a: gocowash|Rotom-Wash|211\/241
|turn|12
|
|move|p2a: gocowash|Hydro Pump|p1a: Metagross
|-damage|p1a: Metagross|33\/301
|move|p1a: Metagross|Zen Headbutt|p2a: gocowash
|-damage|p2a: gocowash|28\/241
|
|turn|13
|
|switch|p2a: kha zix|Scizor, M, shiny|163\/343
|move|p1a: Metagross|Zen Headbutt|p2a: kha zix
|-resisted|p2a: kha zix
|-damage|p2a: kha zix|55\/343
|
|turn|14
|c|âbenito camelo|no bullet punch?
|
|move|p2a: kha zix|Bullet Punch|p1a: Metagross
|-resisted|p1a: Metagross
|-damage|p1a: Metagross|0 fnt
|faint|p1a: Metagross
|
|
|switch|p1a: Landorus|Landorus, M|319\/319
|-damage|p1a: Landorus|280\/319|[from] Stealth Rock
|turn|15
|
|move|p2a: kha zix|Bullet Punch|p1a: Landorus
|-damage|p1a: Landorus|148\/319
|move|p1a: Landorus|Rock Polish|p1a: Landorus
|-boost|p1a: Landorus|spe|2
|
|turn|16
|
|move|p2a: kha zix|Bullet Punch|p1a: Landorus
|-crit|p1a: Landorus
|-damage|p1a: Landorus|0 fnt
|faint|p1a: Landorus
|
|
|switch|p1a: Keldeo|Keldeo|75\/323
|-damage|p1a: Keldeo|55\/323|[from] Stealth Rock
|turn|17
|
|move|p2a: kha zix|Bullet Punch|p1a: Keldeo
|-resisted|p1a: Keldeo
|-damage|p1a: Keldeo|0 fnt
|faint|p1a: Keldeo
|
|c|âbenito camelo|lol
|
|switch|p1a: Thundurus|Thundurus, M|299\/299
|-damage|p1a: Thundurus|225\/299|[from] Stealth Rock
|turn|18
|
|move|p2a: kha zix|Bullet Punch|p1a: Thundurus
|-resisted|p1a: Thundurus
|-damage|p1a: Thundurus|151\/299
|move|p1a: Thundurus|Thunderbolt|p2a: kha zix
|-damage|p2a: kha zix|0 fnt
|-damage|p1a: Thundurus|122\/299|[from] item: Life Orb
|faint|p2a: kha zix
|
|c|âDisenchanted|i've lost anyways
|c|âbenito camelo|lel
|c|âbenito camelo|xD
|
|switch|p2a: gocowash|Rotom-Wash|28\/241
|turn|19
|
|move|p2a: gocowash|Volt Switch|p1a: Thundurus
|-damage|p1a: Thundurus|0 fnt
|faint|p1a: Thundurus
|
|switch|p2a: bloody mary|Gengar, F, shiny|273\/273
|
|
|switch|p1a: Azumarill|Azumarill, F|358\/358
|-damage|p1a: Azumarill|314\/358|[from] Stealth Rock
|turn|20
|
|move|p2a: bloody mary|Sludge Wave|p1a: Azumarill
|-supereffective|p1a: Azumarill
|-damage|p1a: Azumarill|0 fnt
|faint|p1a: Azumarill
|
|win|benito camelo
|raw|Ladder updating...
|c|âbenito camelo|GG
|c|âbenito camelo|m8
|raw|Disenchanted's rating: 1438 &rarr; <strong>1418<\/strong><br \/>(-20 for losing)
|raw|benito camelo's rating: 1444 &rarr; <strong>1464<\/strong><br \/>(+20 for winning)
|leave|Disenchanted
|join|Death God Anubis