|join|Gaezz
|join|benito camelo
|player|p1|Gaezz|266
|player|p2|benito camelo|209
|gametype|singles
|gen|6
|tier|OU
|clearpoke
|poke|p1|Garchomp, M
|poke|p1|Hippowdon, M
|poke|p1|Excadrill, M
|poke|p1|Talonflame, M
|poke|p1|Rotom-Wash
|poke|p1|Magnezone
|poke|p2|Zoroark, M
|poke|p2|Scizor, M
|poke|p2|Clefable, M
|poke|p2|Azumarill, F
|poke|p2|Kyurem-Black
|poke|p2|Gengar, F, shiny
|rule|Swagger Clause: Swagger is banned
|rule|Baton Pass Clause: Limit one PokÃ©mon knowing Baton Pass
|rule|Sleep Clause Mod: Limit one foe put to sleep
|rule|Species Clause: Limit one of each PokÃ©mon
|rule|OHKO Clause: OHKO moves are banned
|rule|Moody Clause: Moody is banned
|rule|Evasion Moves Clause: Evasion moves are banned
|rule|Endless Battle Clause: Forcing endless battles is banned
|rule|HP Percentage Mod: HP is shown in percentages
|teampreview
|
|start
|switch|p1a: Pumba|Hippowdon, M|420\/420
|switch|p2a: la wea fome|Azumarill, F|363\/363
|-weather|Sandstorm
|turn|1
|c|âGaezz|te odio tanto
|c|âbenito camelo|:^)
|
|switch|p1a: la lavodra|Rotom-Wash|304\/304
|move|p2a: la wea fome|Waterfall|p1a: la lavodra
|-crit|p1a: la lavodra
|-resisted|p1a: la lavodra
|-damage|p1a: la lavodra|106\/304
|
|-weather|Sandstorm|[upkeep]
|-damage|p1a: la lavodra|87\/304|[from] sandstorm
|-damage|p2a: la wea fome|341\/363|[from] sandstorm
|turn|2
|c|âbenito camelo|QEU SE SIENTE SER HAXEADO
|c|âbenito camelo|HAAAAAAAAAAAAAAAAAAAAAAAAAAA
|c|âGaezz|pasate de lansa
|c|âGaezz|le das dogchao?
|
|switch|p2a: time2destroy|Kyurem-Black|391\/391
|-ability|p2a: time2destroy|Teravolt
|move|p1a: la lavodra|Volt Switch|p2a: time2destroy
|-resisted|p2a: time2destroy
|-damage|p2a: time2destroy|325\/391
|c|âbenito camelo|pero, es una rata
|c|âGaezz|parese un huevo con orejas
|
|switch|p1a: Garchomp|Garchomp, M|357\/357
|
|-weather|Sandstorm|[upkeep]
|-damage|p2a: time2destroy|301\/391|[from] sandstorm
|turn|3
|join|BigSpore
|c| BigSpore|oye Jairo
|c| BigSpore|ese equipo si se ve OU
|c|âGaezz|que
|c| BigSpore|felicidades
|c| BigSpore|WTF
|
|switch|p2a: Clefable|Clefable, M|394\/394
|detailschange|p1a: Garchomp|Garchomp-Mega, M
|-mega|p1a: Garchomp|Garchomp|Garchompite
|move|p1a: Garchomp|Dragon Claw|p2a: Clefable
|-immune|p2a: Clefable|[msg]
|
|-weather|Sandstorm|[upkeep]
|turn|4
|c| BigSpore|MEGA
|c|âbenito camelo|ten una galleta
|c| BigSpore|CHOMP
|c| BigSpore|ESTÃS
|c| BigSpore|LOCO
|c|âGaezz|asi de loco
|
|move|p1a: Garchomp|Iron Head|p2a: Clefable
|-supereffective|p2a: Clefable
|-damage|p2a: Clefable|68\/394
|move|p2a: Clefable|Stealth Rock|p1a: Garchomp
|-sidestart|p1: Gaezz|move: Stealth Rock
|
|-weather|Sandstorm|[upkeep]
|-heal|p2a: Clefable|92\/394|[from] item: Leftovers
|turn|5
|c| BigSpore|AHAHAHAHA
|c| BigSpore|EWE
|c| BigSpore|SE ME OLVIDABA
|c| BigSpore|TAMBIÂ´PEN BUFFEA ACERO
|c| BigSpore|AHAHAHAHA
|c|âbenito camelo|:C
|c| BigSpore|Buena esa J
|c|âGaezz|peor no muere el ingrato
|c| BigSpore|iGUAL
|c| BigSpore|Ya lo forzaste a darme un beso
|
|switch|p2a: mecha kha zix|Scizor, M|344\/344
|move|p1a: Garchomp|Iron Head|p2a: mecha kha zix
|-crit|p2a: mecha kha zix
|-resisted|p2a: mecha kha zix
|-damage|p2a: mecha kha zix|261\/344
|
|-weather|Sandstorm|[upkeep]
|turn|6
|c|âbenito camelo|eso es lo que queria
|c|âbenito camelo|*3*
|
|switch|p1a: ufo|Magnezone|281\/281
|-damage|p1a: ufo|264\/281|[from] Stealth Rock
|-item|p1a: ufo|Air Balloon
|detailschange|p2a: mecha kha zix|Scizor-Mega, M
|-mega|p2a: mecha kha zix|Scizor|Scizorite
|move|p2a: mecha kha zix|Superpower|p1a: ufo
|-supereffective|p1a: ufo
|-damage|p1a: ufo|30\/281
|-enditem|p1a: ufo|Air Balloon
|-unboost|p2a: mecha kha zix|atk|1
|-unboost|p2a: mecha kha zix|def|1
|
|-weather|Sandstorm|[upkeep]
|turn|7
|c|âbenito camelo|GG
|c| BigSpore|EEWEEE
|c| BigSpore|AAHAHHAHAAHHAAHAHHA
|c|âbenito camelo|ewe
|c| BigSpore|Buena esa J
|c|âbenito camelo|no
|c|âbenito camelo|XD
|c| BigSpore|said
|c| BigSpore|bp
|c| BigSpore|si te lo clavas
|c|âbenito camelo|eso are
|c|âbenito camelo|xD
|
|move|p2a: mecha kha zix|Bullet Punch|p1a: ufo
|-resisted|p1a: ufo
|-damage|p1a: ufo|15\/281
|move|p1a: ufo|Hidden Power|p2a: mecha kha zix
|-supereffective|p2a: mecha kha zix
|-damage|p2a: mecha kha zix|0 fnt
|faint|p2a: mecha kha zix
|
|-weather|Sandstorm|[upkeep]
|c|âbenito camelo|nooo
|c|âbenito camelo|xD
|c| BigSpore|AHAHAHAHAHAHAHAHAHAHAHAHAHAHAHHA
|c|âGaezz|jajajajja
|c| BigSpore|Ewe
|c| BigSpore|se me olvidaba
|c| BigSpore|lo resiste x4
|
|switch|p2a: 2spooky|Gengar, F, shiny|261\/261
|turn|8
|c| BigSpore|:^)
|
|move|p2a: 2spooky|Focus Blast|p1a: ufo|[miss]
|-miss|p2a: 2spooky|p1a: ufo
|move|p1a: ufo|Thunderbolt|p2a: 2spooky
|replace|p2a: chuck testa|Zoroark, M|261\/261
|-damage|p2a: chuck testa|14\/261
|
|-weather|none
|-heal|p2a: chuck testa|30\/261|[from] item: Leftovers
|turn|9
|c|âbenito camelo|xD
|c|âbenito camelo|que baboso estoy
|c|âGaezz|lol
|c|âGaezz|chuck testa
|
|move|p2a: chuck testa|Flamethrower|p1a: ufo
|-supereffective|p1a: ufo
|-damage|p1a: ufo|0 fnt
|faint|p1a: ufo
|
|-heal|p2a: chuck testa|46\/261|[from] item: Leftovers
|
|switch|p1a: Pumba|Hippowdon, M|420\/420
|-damage|p1a: Pumba|394\/420|[from] Stealth Rock
|-weather|Sandstorm
|turn|10
|
|switch|p2a: la wea fome|Azumarill, F|341\/363
|move|p1a: Pumba|Ice Fang|p2a: la wea fome
|-resisted|p2a: la wea fome
|-damage|p2a: la wea fome|306\/363
|-status|p2a: la wea fome|frz
|
|-weather|Sandstorm|[upkeep]
|-damage|p2a: la wea fome|284\/363 frz|[from] sandstorm
|turn|11
|c|âbenito camelo|vale
|c|âbenito camelo|nalga
|c|âbenito camelo|xD
|c|âGaezz|por que?
|
|switch|p1a: Excadrill|Excadrill, M|362\/362
|-damage|p1a: Excadrill|351\/362|[from] Stealth Rock
|cant|p2a: la wea fome|frz
|
|-weather|Sandstorm|[upkeep]
|-damage|p2a: la wea fome|262\/363 frz|[from] sandstorm
|turn|12
|c|âbenito camelo|me congelaste
|c|âbenito camelo|justo tenias que congelar
|c|âGaezz|YOLO
|c|âbenito camelo|al que tumba
|
|cant|p2a: la wea fome|frz
|move|p1a: Excadrill|Swords Dance|p1a: Excadrill
|-boost|p1a: Excadrill|atk|2
|
|-weather|Sandstorm|[upkeep]
|-damage|p2a: la wea fome|240\/363 frz|[from] sandstorm
|turn|13
|c|âbenito camelo|a excadrill
|c| BigSpore|AHAHAHAHAHAHAHA
|c| BigSpore|PREPARE 2 GET
|
|cant|p2a: la wea fome|frz
|move|p1a: Excadrill|Iron Head|p2a: la wea fome
|-damage|p2a: la wea fome|0 fnt
|-damage|p1a: Excadrill|315\/362|[from] item: Life Orb
|faint|p2a: la wea fome
|
|-weather|Sandstorm|[upkeep]
|c| BigSpore|r0kt
|c|âbenito camelo|GG
|c| BigSpore|AHAHAHAHAHAHAH
|c| BigSpore|SAID
|c| BigSpore|QUE UNIVERSO ES ESTE
|c|âbenito camelo|jairo es el nuevo koms
|c| BigSpore|aÃºn puedes ganar
|c|âbenito camelo|xD
|c| BigSpore|:^)
|
|switch|p2a: Clefable|Clefable, M|92\/394
|turn|14
|c|âGaezz|simon soy jario
|c| BigSpore|Piensa
|
|move|p1a: Excadrill|Iron Head|p2a: Clefable
|-supereffective|p2a: Clefable
|-damage|p2a: Clefable|0 fnt
|-damage|p1a: Excadrill|279\/362|[from] item: Life Orb
|faint|p2a: Clefable
|
|-weather|Sandstorm|[upkeep]
|
|switch|p2a: 2spooky|Gengar, F, shiny|46\/261
|turn|15
|c| BigSpore|Ya casi sais
|
|move|p1a: Excadrill|Iron Head|p2a: 2spooky
|replace|p2a: chuck testa|Zoroark, M|46\/261
|-damage|p2a: chuck testa|0 fnt
|-damage|p1a: Excadrill|243\/362|[from] item: Life Orb
|faint|p2a: chuck testa
|
|-weather|Sandstorm|[upkeep]
|c| BigSpore|zoroark se clava
|c| BigSpore|a todo su equipo
|c| BigSpore|go :^)
|
|switch|p2a: 2spooky|Gengar, F, shiny|273\/273
|turn|16
|c|âbenito camelo|si se peude
|c|âbenito camelo|:^)
|c| BigSpore|EWE
|c| BigSpore|OTRO GENGAR
|c|âGaezz|jajajaja
|c| BigSpore|jairo
|c| BigSpore|JAIRO
|c|âbenito camelo|tira terremoto
|c| BigSpore|TIA SWORDS DANCE
|c| BigSpore|NO TE ATREVES
|c|âGaezz|es unn  reto
|c|âbenito camelo|HUUUUUUUU
|c|âbenito camelo|te reta
|
|move|p1a: Excadrill|Iron Head|p2a: 2spooky
|-damage|p2a: 2spooky|0 fnt
|-damage|p1a: Excadrill|207\/362|[from] item: Life Orb
|faint|p2a: 2spooky
|
|-weather|Sandstorm|[upkeep]
|c| BigSpore|AHAHAHAHAHAHAHAH
|c|âGaezz|no lo pude canselar si no si
|c| BigSpore|AHAHAHAHA
|c| BigSpore|said
|c| BigSpore|ni modo
|c| BigSpore|a veces ganas
|
|switch|p2a: time2destroy|Kyurem-Black|301\/391
|-ability|p2a: time2destroy|Teravolt
|turn|17
|c|âbenito camelo|aveces
|c|âbenito camelo|te congelan
|c| BigSpore|a veces te rektea el jairo
|c|âbenito camelo|u_u
|c|âbenito camelo|xD
|c|âbenito camelo|no tiras
|c|âbenito camelo|SD
|c|âbenito camelo|sword dance
|
|move|p1a: Excadrill|Earthquake|p2a: time2destroy
|-damage|p2a: time2destroy|0 fnt
|-damage|p1a: Excadrill|171\/362|[from] item: Life Orb
|faint|p2a: time2destroy
|
|win|Gaezz
|c|âbenito camelo|xD
|c|âGaezz|gg
|c|âbenito camelo|GG
|c|âGaezz|sasi nob