|join|benito camelo
|join|alka
|player|p1|benito camelo|209
|player|p2|alka|101
|gametype|singles
|gen|6
|tier|OU
|clearpoke
|poke|p1|Ferrothorn, M, shiny
|poke|p1|Slowbro, F, shiny
|poke|p1|Bisharp, M, shiny
|poke|p1|Manectric, M, shiny
|poke|p1|Mew, shiny
|poke|p1|Landorus-Therian, M, shiny
|poke|p2|Chansey, F
|poke|p2|Slowbro, M
|poke|p2|Breloom, M
|poke|p2|Manectric, M
|poke|p2|Talonflame, F
|poke|p2|Mandibuzz, F
|rule|Swagger Clause: Swagger is banned
|rule|Baton Pass Clause: Limit one PokÃ©mon knowing Baton Pass
|rule|Sleep Clause Mod: Limit one foe put to sleep
|rule|Species Clause: Limit one of each PokÃ©mon
|rule|OHKO Clause: OHKO moves are banned
|rule|Moody Clause: Moody is banned
|rule|Evasion Moves Clause: Evasion moves are banned
|rule|Endless Battle Clause: Forcing endless battles is banned
|rule|HP Percentage Mod: HP is shown in percentages
|teampreview
|c|âbenito camelo|xD
|c|âbenito camelo|lol
|c|âalka|mismo mega
|
|start
|switch|p1a: mega man|Bisharp, M, shiny|271\/271
|switch|p2a: Chansey|Chansey, F|704\/704
|turn|1
|
|move|p1a: mega man|Knock Off|p2a: Chansey
|-crit|p2a: Chansey
|-damage|p2a: Chansey|263\/704
|-enditem|p2a: Chansey|Eviolite|[from] move: Knock Off|[of] p1a: mega man
|-damage|p1a: mega man|244\/271|[from] item: Life Orb
|move|p2a: Chansey|Counter|p1a: mega man
|-damage|p1a: mega man|0 fnt
|faint|p1a: mega man
|
|
|switch|p1a: lolipop 3.0|Landorus-Therian, M, shiny|319\/319
|-ability|p1a: lolipop 3.0|Intimidate|[of] p2a: Chansey
|-unboost|p2a: Chansey|atk|1
|turn|2
|c|âbenito camelo|esto es malo
|c|âbenito camelo|xD
|c|âalka|critical
|
|move|p1a: lolipop 3.0|Superpower|p2a: Chansey
|-supereffective|p2a: Chansey
|-damage|p2a: Chansey|0 fnt
|-unboost|p1a: lolipop 3.0|atk|1
|-unboost|p1a: lolipop 3.0|def|1
|faint|p2a: Chansey
|
|
|switch|p2a: Breloom|Breloom, M|324\/324
|turn|3
|
|switch|p1a: hit me|Ferrothorn, M, shiny|352\/352
|move|p2a: Breloom|Drain Punch|p1a: hit me
|-supereffective|p1a: hit me
|-damage|p1a: hit me|194\/352
|-damage|p2a: Breloom|284\/324|[from] ability: Iron Barbs|[of] p1a: hit me
|
|-heal|p1a: hit me|216\/352|[from] item: Leftovers
|-status|p2a: Breloom|tox|[from] item: Toxic Orb
|turn|4
|
|move|p2a: Breloom|Drain Punch|p1a: hit me
|-supereffective|p1a: hit me
|-damage|p1a: hit me|52\/352
|-heal|p2a: Breloom|324\/324 tox|[from] drain|[of] p1a: hit me
|-damage|p2a: Breloom|284\/324 tox|[from] ability: Iron Barbs|[of] p1a: hit me
|move|p1a: hit me|Gyro Ball|p2a: Breloom
|-damage|p2a: Breloom|149\/324 tox
|
|-heal|p1a: hit me|74\/352|[from] item: Leftovers
|-heal|p2a: Breloom|189\/324 tox|[from] ability: Poison Heal
|turn|5
|
|switch|p1a: lolipop 3.0|Landorus-Therian, M, shiny|319\/319
|-ability|p1a: lolipop 3.0|Intimidate|[of] p2a: Breloom
|-unboost|p2a: Breloom|atk|1
|move|p2a: Breloom|Spore|p1a: lolipop 3.0
|-status|p1a: lolipop 3.0|slp
|
|-heal|p2a: Breloom|229\/324 tox|[from] ability: Poison Heal
|turn|6
|c|âbenito camelo|aplicada
|
|switch|p1a: foolbro|Slowbro, F, shiny|394\/394
|move|p2a: Breloom|Leech Seed|p1a: foolbro
|-start|p1a: foolbro|move: Leech Seed
|
|-damage|p1a: foolbro|345\/394|[from] Leech Seed|[of] p2a: Breloom
|-heal|p2a: Breloom|278\/324 tox|[silent]
|-heal|p2a: Breloom|318\/324 tox|[from] ability: Poison Heal
|turn|7
|
|move|p2a: Breloom|Leech Seed|p1a: foolbro
|-fail|p1a: foolbro
|move|p1a: foolbro|Psyshock|p2a: Breloom
|-supereffective|p2a: Breloom
|-damage|p2a: Breloom|76\/324 tox
|
|-heal|p1a: foolbro|369\/394|[from] item: Leftovers
|-damage|p1a: foolbro|320\/394|[from] Leech Seed|[of] p2a: Breloom
|-heal|p2a: Breloom|125\/324 tox|[silent]
|-heal|p2a: Breloom|165\/324 tox|[from] ability: Poison Heal
|turn|8
|
|switch|p2a: Slowbro|Slowbro, M|394\/394
|switch|p1a: bold|Manectric, M, shiny|281\/281
|
|turn|9
|
|detailschange|p1a: bold|Manectric-Mega, M, shiny
|-mega|p1a: bold|Manectric|Manectite
|-ability|p1a: bold|Intimidate|[of] p2a: Slowbro
|-unboost|p2a: Slowbro|atk|1
|move|p1a: bold|Volt Switch|p2a: Slowbro
|-supereffective|p2a: Slowbro
|-damage|p2a: Slowbro|68\/394
|
|switch|p1a: hit me|Ferrothorn, M, shiny|74\/352
|move|p2a: Slowbro|Scald|p1a: hit me
|-resisted|p1a: hit me
|-damage|p1a: hit me|38\/352
|
|-heal|p1a: hit me|60\/352|[from] item: Leftovers
|turn|10
|
|move|p2a: Slowbro|Scald|p1a: hit me
|-resisted|p1a: hit me
|-damage|p1a: hit me|26\/352
|-status|p1a: hit me|brn
|move|p1a: hit me|Leech Seed|p2a: Slowbro
|-start|p2a: Slowbro|move: Leech Seed
|
|-heal|p1a: hit me|48\/352 brn|[from] item: Leftovers
|-damage|p2a: Slowbro|19\/394|[from] Leech Seed|[of] p1a: hit me
|-heal|p1a: hit me|97\/352 brn|[silent]
|-damage|p1a: hit me|53\/352 brn|[from] brn
|turn|11
|
|switch|p2a: Mandibuzz|Mandibuzz, F|423\/423
|switch|p1a: bold|Manectric-Mega, M, shiny|281\/281
|-ability|p1a: bold|Intimidate|[of] p2a: Mandibuzz
|-unboost|p2a: Mandibuzz|atk|1
|
|turn|12
|
|move|p1a: bold|Overheat|p2a: Mandibuzz
|-damage|p2a: Mandibuzz|266\/423
|-unboost|p1a: bold|spa|2
|move|p2a: Mandibuzz|Roost|p2a: Mandibuzz
|-heal|p2a: Mandibuzz|423\/423
|
|turn|13
|
|switch|p1a: biocat|Mew, shiny|404\/404
|switch|p2a: Breloom|Breloom, M|165\/324 tox
|
|-heal|p2a: Breloom|205\/324 tox|[from] ability: Poison Heal
|turn|14
|
|move|p1a: biocat|Knock Off|p2a: Breloom
|-resisted|p2a: Breloom
|-damage|p2a: Breloom|161\/324 tox
|-enditem|p2a: Breloom|Toxic Orb|[from] move: Knock Off|[of] p1a: biocat
|move|p2a: Breloom|Leech Seed|p1a: biocat
|-start|p1a: biocat|move: Leech Seed
|
|-damage|p1a: biocat|354\/404|[from] Leech Seed|[of] p2a: Breloom
|-heal|p2a: Breloom|211\/324 tox|[silent]
|-heal|p2a: Breloom|251\/324 tox|[from] ability: Poison Heal
|turn|15
|
|switch|p1a: foolbro|Slowbro, F, shiny|394\/394
|move|p2a: Breloom|Drain Punch|p1a: foolbro
|-resisted|p1a: foolbro
|-damage|p1a: foolbro|357\/394
|-heal|p2a: Breloom|270\/324 tox|[from] drain|[of] p1a: foolbro
|
|-heal|p1a: foolbro|381\/394|[from] item: Leftovers
|-heal|p2a: Breloom|310\/324 tox|[from] ability: Poison Heal
|turn|16
|
|move|p2a: Breloom|Leech Seed|p1a: foolbro
|-start|p1a: foolbro|move: Leech Seed
|move|p1a: foolbro|Psyshock|p2a: Breloom
|-supereffective|p2a: Breloom
|-damage|p2a: Breloom|82\/324 tox
|
|-heal|p1a: foolbro|394\/394|[from] item: Leftovers
|-damage|p1a: foolbro|345\/394|[from] Leech Seed|[of] p2a: Breloom
|-heal|p2a: Breloom|131\/324 tox|[silent]
|-heal|p2a: Breloom|171\/324 tox|[from] ability: Poison Heal
|turn|17
|
|move|p2a: Breloom|Protect|p2a: Breloom
|-singleturn|p2a: Breloom|Protect
|move|p1a: foolbro|Psyshock|p2a: Breloom
|-activate|p2a: Breloom|Protect
|
|-heal|p1a: foolbro|369\/394|[from] item: Leftovers
|-damage|p1a: foolbro|320\/394|[from] Leech Seed|[of] p2a: Breloom
|-heal|p2a: Breloom|220\/324 tox|[silent]
|-heal|p2a: Breloom|260\/324 tox|[from] ability: Poison Heal
|turn|18
|c|âbenito camelo|xD
|c|âalka|buskas un critical
|
|move|p2a: Breloom|Drain Punch|p1a: foolbro
|-resisted|p1a: foolbro
|-damage|p1a: foolbro|283\/394
|-heal|p2a: Breloom|279\/324 tox|[from] drain|[of] p1a: foolbro
|move|p1a: foolbro|Psyshock|p2a: Breloom
|-supereffective|p2a: Breloom
|-damage|p2a: Breloom|63\/324 tox
|
|-heal|p1a: foolbro|307\/394|[from] item: Leftovers
|-damage|p1a: foolbro|258\/394|[from] Leech Seed|[of] p2a: Breloom
|-heal|p2a: Breloom|112\/324 tox|[silent]
|-heal|p2a: Breloom|152\/324 tox|[from] ability: Poison Heal
|turn|19
|
|switch|p2a: Slowbro|Slowbro, M|150\/394
|switch|p1a: bold|Manectric-Mega, M, shiny|281\/281
|-ability|p1a: bold|Intimidate|[of] p2a: Slowbro
|-unboost|p2a: Slowbro|atk|1
|
|turn|20
|
|switch|p2a: Breloom|Breloom, M|152\/324 tox
|move|p1a: bold|Volt Switch|p2a: Breloom
|-resisted|p2a: Breloom
|-damage|p2a: Breloom|93\/324 tox
|
|switch|p1a: foolbro|Slowbro, F, shiny|389\/394
|
|-heal|p1a: foolbro|394\/394|[from] item: Leftovers
|-heal|p2a: Breloom|133\/324 tox|[from] ability: Poison Heal
|turn|21
|
|move|p2a: Breloom|Protect|p2a: Breloom
|-singleturn|p2a: Breloom|Protect
|move|p1a: foolbro|Psyshock|p2a: Breloom
|-activate|p2a: Breloom|Protect
|
|-heal|p2a: Breloom|173\/324 tox|[from] ability: Poison Heal
|turn|22
|
|switch|p2a: Slowbro|Slowbro, M|281\/394
|move|p1a: foolbro|Psyshock|p2a: Slowbro
|-resisted|p2a: Slowbro
|-damage|p2a: Slowbro|247\/394
|
|turn|23
|
|move|p1a: foolbro|Thunder Wave|p2a: Slowbro
|-status|p2a: Slowbro|par
|-enditem|p2a: Slowbro|Lum Berry|[eat]
|-curestatus|p2a: Slowbro|par
|move|p2a: Slowbro|Scald|p1a: foolbro
|-resisted|p1a: foolbro
|-damage|p1a: foolbro|339\/394
|
|-heal|p1a: foolbro|363\/394|[from] item: Leftovers
|turn|24
|
|switch|p1a: biocat|Mew, shiny|354\/404
|switch|p2a: Manectric|Manectric, M|281\/281
|
|-heal|p1a: biocat|379\/404|[from] item: Leftovers
|turn|25
|
|move|p2a: Manectric|Volt Switch|p1a: biocat
|-damage|p1a: biocat|270\/404
|
|switch|p2a: Breloom|Breloom, M|173\/324 tox
|move|p1a: biocat|Will-O-Wisp|p2a: Breloom
|-fail|p2a: Breloom
|
|-heal|p1a: biocat|295\/404|[from] item: Leftovers
|-heal|p2a: Breloom|213\/324 tox|[from] ability: Poison Heal
|turn|26
|
|switch|p1a: foolbro|Slowbro, F, shiny|394\/394
|move|p2a: Breloom|Leech Seed|p1a: foolbro
|-start|p1a: foolbro|move: Leech Seed
|
|-damage|p1a: foolbro|345\/394|[from] Leech Seed|[of] p2a: Breloom
|-heal|p2a: Breloom|262\/324 tox|[silent]
|-heal|p2a: Breloom|302\/324 tox|[from] ability: Poison Heal
|turn|27
|
|switch|p1a: bold|Manectric-Mega, M, shiny|281\/281
|-ability|p1a: bold|Intimidate|[of] p2a: Breloom
|-unboost|p2a: Breloom|atk|1
|move|p2a: Breloom|Drain Punch|p1a: bold
|-damage|p1a: bold|199\/281
|-heal|p2a: Breloom|324\/324 tox|[from] drain|[of] p1a: bold
|
|turn|28
|
|move|p2a: Breloom|Protect|p2a: Breloom
|-singleturn|p2a: Breloom|Protect
|move|p1a: bold|Thunderbolt|p2a: Breloom
|-activate|p2a: Breloom|Protect
|
|turn|29
|
|switch|p2a: Manectric|Manectric, M|281\/281
|move|p1a: bold|Overheat|p2a: Manectric
|-damage|p2a: Manectric|49\/281
|-unboost|p1a: bold|spa|2
|
|turn|30
|
|switch|p1a: biocat|Mew, shiny|295\/404
|move|p2a: Manectric|Volt Switch|p1a: biocat
|-damage|p1a: biocat|186\/404
|
|switch|p2a: Breloom|Breloom, M|324\/324 tox
|
|-heal|p1a: biocat|211\/404|[from] item: Leftovers
|turn|31
|
|move|p1a: biocat|Soft-Boiled|p1a: biocat
|-heal|p1a: biocat|404\/404
|move|p2a: Breloom|Leech Seed|p1a: biocat
|-start|p1a: biocat|move: Leech Seed
|
|-damage|p1a: biocat|354\/404|[from] Leech Seed|[of] p2a: Breloom
|turn|32
|
|switch|p1a: foolbro|Slowbro, F, shiny|394\/394
|move|p2a: Breloom|Drain Punch|p1a: foolbro
|-resisted|p1a: foolbro
|-damage|p1a: foolbro|357\/394
|
|-heal|p1a: foolbro|381\/394|[from] item: Leftovers
|turn|33
|
|move|p2a: Breloom|Leech Seed|p1a: foolbro
|-start|p1a: foolbro|move: Leech Seed
|move|p1a: foolbro|Psyshock|p2a: Breloom
|-supereffective|p2a: Breloom
|-damage|p2a: Breloom|112\/324 tox
|
|-heal|p1a: foolbro|394\/394|[from] item: Leftovers
|-damage|p1a: foolbro|345\/394|[from] Leech Seed|[of] p2a: Breloom
|-heal|p2a: Breloom|161\/324 tox|[silent]
|-heal|p2a: Breloom|201\/324 tox|[from] ability: Poison Heal
|turn|34
|
|switch|p1a: bold|Manectric-Mega, M, shiny|199\/281
|-ability|p1a: bold|Intimidate|[of] p2a: Breloom
|-unboost|p2a: Breloom|atk|1
|move|p2a: Breloom|Drain Punch|p1a: bold
|-damage|p1a: bold|112\/281
|-heal|p2a: Breloom|245\/324 tox|[from] drain|[of] p1a: bold
|
|-heal|p2a: Breloom|285\/324 tox|[from] ability: Poison Heal
|turn|35
|
|move|p1a: bold|Hidden Power|p2a: Breloom
|-supereffective|p2a: Breloom
|-damage|p2a: Breloom|151\/324 tox
|move|p2a: Breloom|Leech Seed|p1a: bold
|-start|p1a: bold|move: Leech Seed
|
|-damage|p1a: bold|77\/281|[from] Leech Seed|[of] p2a: Breloom
|-heal|p2a: Breloom|186\/324 tox|[silent]
|-heal|p2a: Breloom|226\/324 tox|[from] ability: Poison Heal
|turn|36
|
|switch|p1a: foolbro|Slowbro, F, shiny|394\/394
|move|p2a: Breloom|Protect|p2a: Breloom
|-fail|p2a: Breloom
|
|-heal|p2a: Breloom|266\/324 tox|[from] ability: Poison Heal
|turn|37
|c|âbenito camelo|ya vlaio caca
|c|âbenito camelo|xD
|
|switch|p2a: Mandibuzz|Mandibuzz, F|423\/423
|move|p1a: foolbro|Psyshock|p2a: Mandibuzz
|-immune|p2a: Mandibuzz|[msg]
|
|turn|38
|
|move|p2a: Mandibuzz|Knock Off|p1a: foolbro
|-supereffective|p1a: foolbro
|-damage|p1a: foolbro|286\/394
|-enditem|p1a: foolbro|Leftovers|[from] move: Knock Off|[of] p2a: Mandibuzz
|move|p1a: foolbro|Thunder Wave|p2a: Mandibuzz
|-status|p2a: Mandibuzz|par
|
|turn|39
|
|move|p1a: foolbro|Scald|p2a: Mandibuzz
|-damage|p2a: Mandibuzz|332\/423 par
|move|p2a: Mandibuzz|Toxic|p1a: foolbro
|-status|p1a: foolbro|tox
|
|-heal|p2a: Mandibuzz|358\/423 par|[from] item: Leftovers
|-damage|p1a: foolbro|262\/394 tox|[from] psn
|turn|40
|
|switch|p1a: hit me|Ferrothorn, M, shiny|53\/352 brn
|cant|p2a: Mandibuzz|par
|
|-heal|p2a: Mandibuzz|384\/423 par|[from] item: Leftovers
|-heal|p1a: hit me|75\/352 brn|[from] item: Leftovers
|-damage|p1a: hit me|31\/352 brn|[from] brn
|turn|41
|
|move|p2a: Mandibuzz|Defog|p1a: hit me
|-unboost|p1a: hit me|evasion|1
|move|p1a: hit me|Stealth Rock|p2a: Mandibuzz
|-sidestart|p2: alka|move: Stealth Rock
|
|-heal|p2a: Mandibuzz|410\/423 par|[from] item: Leftovers
|-heal|p1a: hit me|53\/352 brn|[from] item: Leftovers
|-damage|p1a: hit me|9\/352 brn|[from] brn
|turn|42
|
|move|p1a: hit me|Protect|p1a: hit me
|-singleturn|p1a: hit me|Protect
|move|p2a: Mandibuzz|Defog|p1a: hit me
|-activate|p1a: hit me|Protect
|
|-heal|p2a: Mandibuzz|423\/423 par|[from] item: Leftovers
|-heal|p1a: hit me|31\/352 brn|[from] item: Leftovers
|-damage|p1a: hit me|0 fnt|[from] brn
|faint|p1a: hit me
|
|switch|p1a: bold|Manectric-Mega, M, shiny|77\/281
|-ability|p1a: bold|Intimidate|[of] p2a: Mandibuzz
|-unboost|p2a: Mandibuzz|atk|1
|turn|43
|c|âalka|jhajhjaj mamon
|
|move|p1a: bold|Thunderbolt|p2a: Mandibuzz
|-crit|p2a: Mandibuzz
|-supereffective|p2a: Mandibuzz
|-damage|p2a: Mandibuzz|0 fnt
|faint|p2a: Mandibuzz
|
|c|âbenito camelo|;3
|c|âbenito camelo|hu3hu3hu3
|
|switch|p2a: Talonflame|Talonflame, F|297\/297
|-damage|p2a: Talonflame|149\/297|[from] Stealth Rock
|turn|44
|
|switch|p1a: lolipop 3.0|Landorus-Therian, M, shiny|319\/319 slp
|-ability|p1a: lolipop 3.0|Intimidate|[of] p2a: Talonflame
|-unboost|p2a: Talonflame|atk|1
|move|p2a: Talonflame|Brave Bird|p1a: lolipop 3.0
|-damage|p1a: lolipop 3.0|163\/319 slp
|-damage|p2a: Talonflame|98\/297|[from] recoil|[of] p1a: lolipop 3.0
|-damage|p2a: Talonflame|69\/297|[from] item: Life Orb
|
|turn|45
|
|switch|p1a: foolbro|Slowbro, F, shiny|393\/394 tox
|move|p2a: Talonflame|Roost|p2a: Talonflame
|-heal|p2a: Talonflame|218\/297
|
|-damage|p1a: foolbro|369\/394 tox|[from] psn
|turn|46
|
|move|p2a: Talonflame|Roost|p2a: Talonflame
|-heal|p2a: Talonflame|297\/297
|move|p1a: foolbro|Psyshock|p2a: Talonflame
|-crit|p2a: Talonflame
|-damage|p2a: Talonflame|101\/297
|
|-damage|p1a: foolbro|321\/394 tox|[from] psn
|turn|47
|
|move|p2a: Talonflame|Roost|p2a: Talonflame
|-heal|p2a: Talonflame|250\/297
|move|p1a: foolbro|Scald|p2a: Talonflame
|-supereffective|p2a: Talonflame
|-damage|p2a: Talonflame|0 fnt
|faint|p2a: Talonflame
|
|-damage|p1a: foolbro|249\/394 tox|[from] psn
|c|âbenito camelo|que pensabas xD?
|c|âalka|no se
|c|âalka|xD
|
|switch|p2a: Manectric|Manectric, M|49\/281
|-damage|p2a: Manectric|14\/281|[from] Stealth Rock
|turn|48
|
|switch|p1a: lolipop 3.0|Landorus-Therian, M, shiny|163\/319 slp
|-ability|p1a: lolipop 3.0|Intimidate|[of] p2a: Manectric
|-unboost|p2a: Manectric|atk|1
|detailschange|p2a: Manectric|Manectric-Mega, M
|-mega|p2a: Manectric|Manectric|Manectite
|-ability|p2a: Manectric|Intimidate|[of] p1a: lolipop 3.0
|-unboost|p1a: lolipop 3.0|atk|1
|move|p2a: Manectric|Thunderbolt|p1a: lolipop 3.0
|-immune|p1a: lolipop 3.0|[msg]
|
|turn|49
|
|switch|p1a: biocat|Mew, shiny|354\/404
|move|p2a: Manectric|Hidden Power|p1a: biocat
|-damage|p1a: biocat|279\/404
|
|-heal|p1a: biocat|304\/404|[from] item: Leftovers
|turn|50
|c|âbenito camelo|MUERE
|
|move|p2a: Manectric|Thunderbolt|p1a: biocat
|-damage|p1a: biocat|150\/404
|move|p1a: biocat|Knock Off|p2a: Manectric
|-damage|p2a: Manectric|0 fnt
|faint|p2a: Manectric
|
|-heal|p1a: biocat|175\/404|[from] item: Leftovers
|
|switch|p2a: Slowbro|Slowbro, M|378\/394
|-damage|p2a: Slowbro|329\/394|[from] Stealth Rock
|turn|51
|
|move|p1a: biocat|Soft-Boiled|p1a: biocat
|-heal|p1a: biocat|377\/404
|move|p2a: Slowbro|Scald|p1a: biocat
|-damage|p1a: biocat|287\/404
|
|-heal|p1a: biocat|312\/404|[from] item: Leftovers
|turn|52
|
|move|p1a: biocat|Will-O-Wisp|p2a: Slowbro
|-status|p2a: Slowbro|brn
|move|p2a: Slowbro|Calm Mind|p2a: Slowbro
|-boost|p2a: Slowbro|spa|1
|-boost|p2a: Slowbro|spd|1
|
|-heal|p1a: biocat|337\/404|[from] item: Leftovers
|-damage|p2a: Slowbro|280\/394 brn|[from] brn
|turn|53
|c|âalka|ptm
|
|move|p1a: biocat|Knock Off|p2a: Slowbro
|-supereffective|p2a: Slowbro
|-damage|p2a: Slowbro|214\/394 brn
|move|p2a: Slowbro|Scald|p1a: biocat
|-crit|p1a: biocat
|-damage|p1a: biocat|109\/404
|
|-heal|p1a: biocat|134\/404|[from] item: Leftovers
|-damage|p2a: Slowbro|165\/394 brn|[from] brn
|turn|54
|
|move|p1a: biocat|Knock Off|p2a: Slowbro
|-supereffective|p2a: Slowbro
|-damage|p2a: Slowbro|89\/394 brn
|move|p2a: Slowbro|Slack Off|p2a: Slowbro
|-heal|p2a: Slowbro|286\/394 brn
|
|-heal|p1a: biocat|159\/404|[from] item: Leftovers
|-damage|p2a: Slowbro|237\/394 brn|[from] brn
|turn|55
|
|move|p1a: biocat|Knock Off|p2a: Slowbro
|-supereffective|p2a: Slowbro
|-damage|p2a: Slowbro|165\/394 brn
|move|p2a: Slowbro|Slack Off|p2a: Slowbro
|-heal|p2a: Slowbro|362\/394 brn
|
|-heal|p1a: biocat|184\/404|[from] item: Leftovers
|-damage|p2a: Slowbro|313\/394 brn|[from] brn
|turn|56
|
|move|p1a: biocat|Knock Off|p2a: Slowbro
|-supereffective|p2a: Slowbro
|-damage|p2a: Slowbro|245\/394 brn
|move|p2a: Slowbro|Slack Off|p2a: Slowbro
|-heal|p2a: Slowbro|394\/394 brn
|
|-heal|p1a: biocat|209\/404|[from] item: Leftovers
|-damage|p2a: Slowbro|345\/394 brn|[from] brn
|turn|57
|
|move|p1a: biocat|Knock Off|p2a: Slowbro
|-supereffective|p2a: Slowbro
|-damage|p2a: Slowbro|273\/394 brn
|move|p2a: Slowbro|Calm Mind|p2a: Slowbro
|-boost|p2a: Slowbro|spa|1
|-boost|p2a: Slowbro|spd|1
|
|-heal|p1a: biocat|234\/404|[from] item: Leftovers
|-damage|p2a: Slowbro|224\/394 brn|[from] brn
|turn|58
|c|âalka|vas por el critical o ke?
|c|âbenito camelo|sip
|
|move|p1a: biocat|Knock Off|p2a: Slowbro
|-supereffective|p2a: Slowbro
|-damage|p2a: Slowbro|158\/394 brn
|move|p2a: Slowbro|Scald|p1a: biocat
|-damage|p1a: biocat|47\/404
|
|-heal|p1a: biocat|72\/404|[from] item: Leftovers
|-damage|p2a: Slowbro|109\/394 brn|[from] brn
|turn|59
|
|switch|p1a: bold|Manectric-Mega, M, shiny|77\/281
|-ability|p1a: bold|Intimidate|[of] p2a: Slowbro
|-unboost|p2a: Slowbro|atk|1
|move|p2a: Slowbro|Slack Off|p2a: Slowbro
|-heal|p2a: Slowbro|306\/394 brn
|
|-damage|p2a: Slowbro|257\/394 brn|[from] brn
|turn|60
|c|âbenito camelo|a ver
|c|âbenito camelo|aqui depende todo
|c|âbenito camelo|u_u
|
|move|p1a: bold|Thunderbolt|p2a: Slowbro
|-supereffective|p2a: Slowbro
|-damage|p2a: Slowbro|57\/394 brn
|move|p2a: Slowbro|Scald|p1a: bold
|-damage|p1a: bold|0 fnt
|faint|p1a: bold
|
|-damage|p2a: Slowbro|8\/394 brn|[from] brn
|c|âalka|gg
|
|switch|p1a: biocat|Mew, shiny|72\/404
|turn|61
|
|switch|p2a: Breloom|Breloom, M|266\/324 tox
|-damage|p2a: Breloom|246\/324 tox|[from] Stealth Rock
|move|p1a: biocat|Knock Off|p2a: Breloom
|-resisted|p2a: Breloom
|-damage|p2a: Breloom|216\/324 tox
|
|-heal|p1a: biocat|97\/404|[from] item: Leftovers
|-heal|p2a: Breloom|256\/324 tox|[from] ability: Poison Heal
|turn|62
|
|switch|p1a: lolipop 3.0|Landorus-Therian, M, shiny|163\/319 slp
|-ability|p1a: lolipop 3.0|Intimidate|[of] p2a: Breloom
|-unboost|p2a: Breloom|atk|1
|move|p2a: Breloom|Leech Seed|p1a: lolipop 3.0
|-start|p1a: lolipop 3.0|move: Leech Seed
|
|-damage|p1a: lolipop 3.0|124\/319 slp|[from] Leech Seed|[of] p2a: Breloom
|-heal|p2a: Breloom|295\/324 tox|[silent]
|-heal|p2a: Breloom|324\/324 tox|[from] ability: Poison Heal
|turn|63
|
|switch|p1a: foolbro|Slowbro, F, shiny|380\/394 tox
|move|p2a: Breloom|Leech Seed|p1a: foolbro
|-start|p1a: foolbro|move: Leech Seed
|
|-damage|p1a: foolbro|331\/394 tox|[from] Leech Seed|[of] p2a: Breloom
|-damage|p1a: foolbro|307\/394 tox|[from] psn
|turn|64
|
|move|p2a: Breloom|Protect|p2a: Breloom
|-singleturn|p2a: Breloom|Protect
|move|p1a: foolbro|Slack Off|p1a: foolbro
|-heal|p1a: foolbro|394\/394 tox
|
|-damage|p1a: foolbro|345\/394 tox|[from] Leech Seed|[of] p2a: Breloom
|-damage|p1a: foolbro|297\/394 tox|[from] psn
|turn|65
|
|move|p2a: Breloom|Leech Seed|p1a: foolbro|[miss]
|-miss|p2a: Breloom|p1a: foolbro
|move|p1a: foolbro|Psyshock|p2a: Breloom
|-supereffective|p2a: Breloom
|-damage|p2a: Breloom|88\/324 tox
|
|-damage|p1a: foolbro|248\/394 tox|[from] Leech Seed|[of] p2a: Breloom
|-heal|p2a: Breloom|137\/324 tox|[silent]
|-heal|p2a: Breloom|177\/324 tox|[from] ability: Poison Heal
|-damage|p1a: foolbro|176\/394 tox|[from] psn
|turn|66
|
|move|p2a: Breloom|Protect|p2a: Breloom
|-singleturn|p2a: Breloom|Protect
|move|p1a: foolbro|Slack Off|p1a: foolbro
|-heal|p1a: foolbro|373\/394 tox
|
|-damage|p1a: foolbro|324\/394 tox|[from] Leech Seed|[of] p2a: Breloom
|-heal|p2a: Breloom|226\/324 tox|[silent]
|-heal|p2a: Breloom|266\/324 tox|[from] ability: Poison Heal
|-damage|p1a: foolbro|228\/394 tox|[from] psn
|turn|67
|
|move|p2a: Breloom|Protect|p2a: Breloom
|-fail|p2a: Breloom
|move|p1a: foolbro|Psyshock|p2a: Breloom
|-supereffective|p2a: Breloom
|-damage|p2a: Breloom|56\/324 tox
|
|-damage|p1a: foolbro|179\/394 tox|[from] Leech Seed|[of] p2a: Breloom
|-heal|p2a: Breloom|105\/324 tox|[silent]
|-heal|p2a: Breloom|145\/324 tox|[from] ability: Poison Heal
|-damage|p1a: foolbro|59\/394 tox|[from] psn
|turn|68
|
|move|p2a: Breloom|Protect|p2a: Breloom
|-singleturn|p2a: Breloom|Protect
|move|p1a: foolbro|Psyshock|p2a: Breloom
|-activate|p2a: Breloom|Protect
|
|-damage|p1a: foolbro|10\/394 tox|[from] Leech Seed|[of] p2a: Breloom
|-heal|p2a: Breloom|194\/324 tox|[silent]
|-heal|p2a: Breloom|234\/324 tox|[from] ability: Poison Heal
|-damage|p1a: foolbro|0 fnt|[from] psn
|faint|p1a: foolbro
|c|âbenito camelo|GG
|c|âbenito camelo|me tenog que ir
|c|âbenito camelo|xD
|c|âalka|te mate feo :D!!
|c|âbenito camelo|xD
|leave|benito camelo
|c|âalka|ya asia rato ke no te ganaba
|player|p1
|-message|Player 1 lost due to inactivity.
|
|win|alka