|join|Brucky
|join|benito camelo
|player|p1|Brucky|56
|player|p2|benito camelo|209
|gametype|singles
|gen|6
|tier|OU
|rated
|clearpoke
|poke|p1|Bisharp, M
|poke|p1|Azumarill, F
|poke|p1|Venusaur, M
|poke|p1|Garchomp, M
|poke|p1|Heatran, F
|poke|p1|Thundurus, M
|poke|p2|Landorus-Therian, M, shiny
|poke|p2|Latias, F
|poke|p2|Rotom-Wash
|poke|p2|Medicham, M, shiny
|poke|p2|Scizor, M, shiny
|poke|p2|Gengar, F, shiny
|rule|Swagger Clause: Swagger is banned
|rule|Baton Pass Clause: Limit one PokÃ©mon knowing Baton Pass
|rule|Sleep Clause Mod: Limit one foe put to sleep
|rule|Species Clause: Limit one of each PokÃ©mon
|rule|OHKO Clause: OHKO moves are banned
|rule|Moody Clause: Moody is banned
|rule|Evasion Moves Clause: Evasion moves are banned
|rule|Endless Battle Clause: Forcing endless battles is banned
|rule|HP Percentage Mod: HP is shown in percentages
|teampreview
|
|start
|switch|p1a: Venusaur|Venusaur, M|364\/364
|switch|p2a: dance this cumbia|Medicham, M, shiny|265\/265
|turn|1
|
|switch|p1a: Garchomp|Garchomp, M|357\/357
|detailschange|p2a: dance this cumbia|Medicham-Mega, M, shiny
|-mega|p2a: dance this cumbia|Medicham|Medichamite
|move|p2a: dance this cumbia|Zen Headbutt|p1a: Garchomp
|-damage|p1a: Garchomp|80\/357
|-damage|p2a: dance this cumbia|232\/265|[from] ability: Rough Skin|[of] p1a: Garchomp
|
|turn|2
|
|switch|p2a: lolipop|Landorus-Therian, M, shiny|382\/382
|-ability|p2a: lolipop|Intimidate|[of] p1a: Garchomp
|-unboost|p1a: Garchomp|atk|1
|move|p1a: Garchomp|Outrage|p2a: lolipop
|-damage|p2a: lolipop|250\/382
|
|-heal|p2a: lolipop|273\/382|[from] item: Leftovers
|turn|3
|
|move|p1a: Garchomp|Outrage|p2a: lolipop
|-damage|p2a: lolipop|147\/382
|move|p2a: lolipop|Stealth Rock|p1a: Garchomp
|-sidestart|p1: Brucky|move: Stealth Rock
|
|-heal|p2a: lolipop|170\/382|[from] item: Leftovers
|turn|4
|
|move|p1a: Garchomp|Outrage|p2a: lolipop
|-damage|p2a: lolipop|40\/382
|move|p2a: lolipop|Earthquake|p1a: Garchomp
|-damage|p1a: Garchomp|0 fnt
|faint|p1a: Garchomp
|
|-heal|p2a: lolipop|63\/382|[from] item: Leftovers
|
|switch|p1a: Venusaur|Venusaur, M|364\/364
|-damage|p1a: Venusaur|319\/364|[from] Stealth Rock
|turn|5
|
|detailschange|p1a: Venusaur|Venusaur-Mega, M
|-mega|p1a: Venusaur|Venusaur|Venusaurite
|move|p2a: lolipop|Earthquake|p1a: Venusaur
|-crit|p1a: Venusaur
|-damage|p1a: Venusaur|120\/364
|move|p1a: Venusaur|Sludge Bomb|p2a: lolipop
|-resisted|p2a: lolipop
|-damage|p2a: lolipop|0 fnt
|faint|p2a: lolipop
|
|
|switch|p2a: bloody mary|Gengar, F, shiny|273\/273
|turn|6
|
|switch|p1a: Bisharp|Bisharp, M|272\/272
|-damage|p1a: Bisharp|255\/272|[from] Stealth Rock
|move|p2a: bloody mary|Shadow Ball|p1a: Bisharp
|-resisted|p1a: Bisharp
|-damage|p1a: Bisharp|165\/272
|
|turn|7
|
|move|p2a: bloody mary|Will-O-Wisp|p1a: Bisharp|[miss]
|-miss|p2a: bloody mary|p1a: Bisharp
|move|p1a: Bisharp|Knock Off|p2a: bloody mary
|-crit|p2a: bloody mary
|-supereffective|p2a: bloody mary
|-damage|p2a: bloody mary|0 fnt
|-enditem|p2a: bloody mary|Black Sludge|[from] move: Knock Off|[of] p1a: Bisharp
|-damage|p1a: Bisharp|138\/272|[from] item: Life Orb
|faint|p2a: bloody mary
|
|
|switch|p2a: kha zix|Scizor, M, shiny|343\/343
|turn|8
|
|switch|p1a: Heatran|Heatran, F|344\/344
|-damage|p1a: Heatran|301\/344|[from] Stealth Rock
|move|p2a: kha zix|U-turn|p1a: Heatran
|-resisted|p1a: Heatran
|-damage|p1a: Heatran|253\/344
|
|switch|p2a: gocowash|Rotom-Wash|241\/241
|
|-heal|p1a: Heatran|274\/344|[from] item: Leftovers
|turn|9
|
|move|p2a: gocowash|Volt Switch|p1a: Heatran
|-damage|p1a: Heatran|178\/344
|
|switch|p2a: dance this cumbia|Medicham-Mega, M, shiny|232\/265
|move|p1a: Heatran|Toxic|p2a: dance this cumbia
|-status|p2a: dance this cumbia|tox
|
|-heal|p1a: Heatran|199\/344|[from] item: Leftovers
|-damage|p2a: dance this cumbia|216\/265 tox|[from] psn
|turn|10
|
|switch|p1a: Azumarill|Azumarill, F|404\/404
|-damage|p1a: Azumarill|354\/404|[from] Stealth Rock
|move|p2a: dance this cumbia|Fake Out|p1a: Azumarill
|-damage|p1a: Azumarill|255\/404
|
|-damage|p2a: dance this cumbia|184\/265 tox|[from] psn
|turn|11
|
|switch|p2a: gocowash|Rotom-Wash|241\/241
|move|p1a: Azumarill|Play Rough|p2a: gocowash
|-damage|p2a: gocowash|72\/241
|-unboost|p2a: gocowash|atk|1
|
|turn|12
|
|switch|p1a: Thundurus|Thundurus, M|299\/299
|-damage|p1a: Thundurus|225\/299|[from] Stealth Rock
|move|p2a: gocowash|Volt Switch|p1a: Thundurus
|-damage|p1a: Thundurus|92\/299
|
|switch|p2a: dance this cumbia|Medicham-Mega, M, shiny|184\/265 tox
|
|-damage|p2a: dance this cumbia|168\/265 tox|[from] psn
|turn|13
|
|move|p2a: dance this cumbia|Fake Out|p1a: Thundurus
|-damage|p1a: Thundurus|0 fnt
|faint|p1a: Thundurus
|
|-damage|p2a: dance this cumbia|136\/265 tox|[from] psn
|
|switch|p1a: Azumarill|Azumarill, F|255\/404
|-damage|p1a: Azumarill|205\/404|[from] Stealth Rock
|turn|14
|
|switch|p2a: kha zix|Scizor, M, shiny|343\/343
|move|p1a: Azumarill|Aqua Jet|p2a: kha zix
|-damage|p2a: kha zix|256\/343
|
|turn|15
|
|move|p2a: kha zix|U-turn|p1a: Azumarill
|-resisted|p1a: Azumarill
|-damage|p1a: Azumarill|86\/404
|
|switch|p2a: sasha grey|Latias, F|319\/319
|-enditem|p1a: Azumarill|Sitrus Berry|[eat]
|-heal|p1a: Azumarill|187\/404|[from] item: Sitrus Berry
|move|p1a: Azumarill|Knock Off|p2a: sasha grey
|-supereffective|p2a: sasha grey
|-damage|p2a: sasha grey|25\/319
|-enditem|p2a: sasha grey|Life Orb|[from] move: Knock Off|[of] p1a: Azumarill
|
|turn|16
|
|move|p1a: Azumarill|Aqua Jet|p2a: sasha grey
|-resisted|p2a: sasha grey
|-damage|p2a: sasha grey|0 fnt
|faint|p2a: sasha grey
|
|
|switch|p2a: kha zix|Scizor, M, shiny|256\/343
|turn|17
|
|switch|p1a: Venusaur|Venusaur-Mega, M|120\/364
|-damage|p1a: Venusaur|75\/364|[from] Stealth Rock
|move|p2a: kha zix|Bullet Punch|p1a: Venusaur
|-damage|p1a: Venusaur|0 fnt
|faint|p1a: Venusaur
|
|
|switch|p1a: Heatran|Heatran, F|199\/344
|-damage|p1a: Heatran|156\/344|[from] Stealth Rock
|turn|18
|
|switch|p2a: gocowash|Rotom-Wash|72\/241
|move|p1a: Heatran|Lava Plume|p2a: gocowash
|-resisted|p2a: gocowash
|-damage|p2a: gocowash|18\/241
|
|-heal|p1a: Heatran|177\/344|[from] item: Leftovers
|turn|19
|
|switch|p1a: Azumarill|Azumarill, F|187\/404
|-damage|p1a: Azumarill|137\/404|[from] Stealth Rock
|move|p2a: gocowash|Hydro Pump|p1a: Azumarill
|-resisted|p1a: Azumarill
|-damage|p1a: Azumarill|44\/404
|
|turn|20
|
|switch|p2a: kha zix|Scizor, M, shiny|256\/343
|move|p1a: Azumarill|Aqua Jet|p2a: kha zix
|-damage|p2a: kha zix|163\/343
|
|turn|21
|
|move|p1a: Azumarill|Aqua Jet|p2a: kha zix
|-damage|p2a: kha zix|79\/343
|move|p2a: kha zix|U-turn|p1a: Azumarill
|-resisted|p1a: Azumarill
|-damage|p1a: Azumarill|0 fnt
|faint|p1a: Azumarill
|
|switch|p2a: gocowash|Rotom-Wash|18\/241
|
|
|switch|p1a: Bisharp|Bisharp, M|138\/272
|-damage|p1a: Bisharp|121\/272|[from] Stealth Rock
|turn|22
|
|move|p2a: gocowash|Trick|p1a: Bisharp
|-activate|p2a: gocowash|move: Trick|[of] p1a: Bisharp
|-item|p1a: Bisharp|Choice Scarf|[from] move: Trick
|-item|p2a: gocowash|Life Orb|[from] move: Trick
|move|p1a: Bisharp|Knock Off|p2a: gocowash
|-damage|p2a: gocowash|0 fnt
|-enditem|p2a: gocowash|Life Orb|[from] move: Knock Off|[of] p1a: Bisharp
|faint|p2a: gocowash
|
|
|switch|p2a: kha zix|Scizor, M, shiny|79\/343
|turn|23
|
|move|p2a: kha zix|Bullet Punch|p1a: Bisharp
|-resisted|p1a: Bisharp
|-damage|p1a: Bisharp|34\/272
|move|p1a: Bisharp|Knock Off|p2a: kha zix
|-damage|p2a: kha zix|0 fnt
|-enditem|p2a: kha zix|Choice Band|[from] move: Knock Off|[of] p1a: Bisharp
|faint|p2a: kha zix
|
|c|âBrucky|what the.. why give me speed
|c|âbenito camelo|xD
|
|switch|p2a: dance this cumbia|Medicham-Mega, M, shiny|136\/265 tox
|turn|24
|
|switch|p1a: Heatran|Heatran, F|177\/344
|-damage|p1a: Heatran|134\/344|[from] Stealth Rock
|move|p2a: dance this cumbia|Fake Out|p1a: Heatran
|-resisted|p1a: Heatran
|-damage|p1a: Heatran|93\/344
|
|-heal|p1a: Heatran|114\/344|[from] item: Leftovers
|-damage|p2a: dance this cumbia|120\/265 tox|[from] psn
|turn|25
|
|move|p2a: dance this cumbia|Zen Headbutt|p1a: Heatran
|-resisted|p1a: Heatran
|-damage|p1a: Heatran|10\/344
|move|p1a: Heatran|Lava Plume|p2a: dance this cumbia
|-crit|p2a: dance this cumbia
|-damage|p2a: dance this cumbia|0 fnt
|faint|p2a: dance this cumbia
|
|win|Brucky
|raw|Ladder updating...
|c|âbenito camelo|NOOOOOOOOOOO
|raw|Brucky's rating: 1469 &rarr; <strong>1488<\/strong><br \/>(+19 for winning)
|raw|benito camelo's rating: 1464 &rarr; <strong>1444<\/strong><br \/>(-20 for losing)
|c|âBrucky|gg
|c|âbenito camelo|dont have protec?
|c|âBrucky|nah
|c|âBrucky|I have roar
|c|âbenito camelo|lol gg
|c|âbenito camelo|bad prediction for my side
|c|âBrucky|yeah, close game
|c|âBrucky|do you have bullet punch
|c|âbenito camelo|yhea
|c|âBrucky|oh well, gg anyway
|c|âbenito camelo|gg
|leave|benito camelo
|player|p2