|join|benito camelo
|join|Gaezz
|c|âbenito camelo|YOLO
|player|p1|benito camelo|209
|player|p2|Gaezz|101
|gametype|singles
|gen|6
|tier|OU
|clearpoke
|poke|p1|Talonflame, M, shiny
|poke|p1|Staraptor, F, shiny
|poke|p1|Honchkrow, F
|poke|p1|Braviary, M, shiny
|poke|p1|Scizor, F
|poke|p1|Gliscor, F
|poke|p2|Politoed, F
|poke|p2|Swampert, M
|poke|p2|Kabutops, M
|poke|p2|Toxicroak, F
|poke|p2|Talonflame, F
|poke|p2|Magnezone
|rule|Swagger Clause: Swagger is banned
|rule|Baton Pass Clause: Limit one PokÃ©mon knowing Baton Pass
|rule|Sleep Clause Mod: Limit one foe put to sleep
|rule|Species Clause: Limit one of each PokÃ©mon
|rule|OHKO Clause: OHKO moves are banned
|rule|Moody Clause: Moody is banned
|rule|Evasion Moves Clause: Evasion moves are banned
|rule|Endless Battle Clause: Forcing endless battles is banned
|rule|HP Percentage Mod: HP is shown in percentages
|teampreview
|c|âGaezz|neta
|
|start
|switch|p1a: brave bird 2|Staraptor, F, shiny|311\/311
|switch|p2a: Politoed|Politoed, F|364\/364
|-weather|RainDance
|turn|1
|c|âGaezz|usaras el atake qeu uso el oz?
|c|âbenito camelo|USARE TODO
|
|switch|p2a: Swampert|Swampert, M|341\/341
|move|p1a: brave bird 2|Brave Bird|p2a: Swampert
|-crit|p2a: Swampert
|-damage|p2a: Swampert|0 fnt
|-damage|p1a: brave bird 2|198\/311|[from] recoil|[of] p2a: Swampert
|faint|p2a: Swampert
|
|-weather|RainDance|[upkeep]
|
|switch|p2a: Kabutops|Kabutops, M|262\/262
|turn|2
|
|switch|p1a: mecha kha zix|Scizor, F|344\/344
|move|p2a: Kabutops|Stone Edge|p1a: mecha kha zix
|-damage|p1a: mecha kha zix|172\/344
|-damage|p2a: Kabutops|236\/262|[from] item: Life Orb
|
|-weather|RainDance|[upkeep]
|turn|3
|
|detailschange|p1a: mecha kha zix|Scizor-Mega, F
|-mega|p1a: mecha kha zix|Scizor|Scizorite
|move|p1a: mecha kha zix|Bullet Punch|p2a: Kabutops
|-damage|p2a: Kabutops|139\/262
|move|p2a: Kabutops|Stone Edge|p1a: mecha kha zix|[miss]
|-miss|p2a: Kabutops|p1a: mecha kha zix
|
|-weather|RainDance|[upkeep]
|turn|4
|c|âGaezz|dem
|c|âGaezz|no se cancelo
|
|switch|p2a: Magnezone|Magnezone|343\/343
|-item|p2a: Magnezone|Air Balloon
|switch|p1a: not brave bird|Gliscor, F|354\/354
|
|-weather|RainDance|[upkeep]
|-status|p1a: not brave bird|tox|[from] item: Toxic Orb
|turn|5
|c|âGaezz|estas en el wiiiu o pÃ²r qeu tan callado
|c|âbenito camelo|BRAVE BIRD
|
|switch|p2a: Politoed|Politoed, F|364\/364
|move|p1a: not brave bird|Stealth Rock|p2a: Politoed
|-sidestart|p2: Gaezz|move: Stealth Rock
|
|-weather|RainDance|[upkeep]
|turn|6
|
|switch|p1a: brave bird 4|Braviary, M, shiny|341\/341
|move|p2a: Politoed|Ice Beam|p1a: brave bird 4
|-supereffective|p1a: brave bird 4
|-damage|p1a: brave bird 4|121\/341
|
|-weather|RainDance|[upkeep]
|turn|7
|c|âbenito camelo|TIME 2
|c|âbenito camelo|BRAVE BIRD
|
|switch|p2a: Magnezone|Magnezone|343\/343
|-damage|p2a: Magnezone|322\/343|[from] Stealth Rock
|-item|p2a: Magnezone|Air Balloon
|move|p1a: brave bird 4|Brave Bird|p2a: Magnezone
|-resisted|p2a: Magnezone
|-damage|p2a: Magnezone|280\/343
|-enditem|p2a: Magnezone|Air Balloon
|-damage|p1a: brave bird 4|107\/341|[from] recoil|[of] p2a: Magnezone
|
|-weather|RainDance|[upkeep]
|turn|8
|c|âbenito camelo|MARICA
|
|switch|p1a: not brave bird|Gliscor, F|354\/354 tox
|move|p2a: Magnezone|Thunder|p1a: not brave bird
|-immune|p1a: not brave bird|[msg]
|
|-weather|none
|turn|9
|c|âGaezz|eso es trampa
|
|switch|p2a: Politoed|Politoed, F|364\/364
|-damage|p2a: Politoed|319\/364|[from] Stealth Rock
|-weather|RainDance
|move|p1a: not brave bird|Toxic|p2a: Politoed
|-status|p2a: Politoed|tox
|
|-weather|RainDance|[upkeep]
|-damage|p2a: Politoed|297\/364 tox|[from] psn
|turn|10
|
|switch|p1a: mecha kha zix|Scizor-Mega, F|172\/344
|move|p2a: Politoed|Ice Beam|p1a: mecha kha zix
|-resisted|p1a: mecha kha zix
|-damage|p1a: mecha kha zix|123\/344
|
|-weather|RainDance|[upkeep]
|-damage|p2a: Politoed|253\/364 tox|[from] psn
|turn|11
|
|switch|p2a: Magnezone|Magnezone|280\/343
|-damage|p2a: Magnezone|259\/343|[from] Stealth Rock
|move|p1a: mecha kha zix|Roost|p1a: mecha kha zix
|-heal|p1a: mecha kha zix|295\/344
|
|-weather|RainDance|[upkeep]
|turn|12
|c|âGaezz|neta eso aprende roost
|
|move|p1a: mecha kha zix|Superpower|p2a: Magnezone
|-crit|p2a: Magnezone
|-supereffective|p2a: Magnezone
|-damage|p2a: Magnezone|0 fnt
|-unboost|p1a: mecha kha zix|atk|1
|-unboost|p1a: mecha kha zix|def|1
|faint|p2a: Magnezone
|
|-weather|RainDance|[upkeep]
|c|âbenito camelo|HAAAAAAAAAAa
|c|âGaezz|te odio tanto
|c|âbenito camelo|has pensado en llevarlo scarf?
|c|âbenito camelo|xD
|c|âGaezz|quisiera
|c|âGaezz|pero
|c|âGaezz|como que
|c|âGaezz|no tengo mas movimientos
|
|switch|p2a: Tiburonsin|Toxicroak, F|307\/307
|-damage|p2a: Tiburonsin|288\/307|[from] Stealth Rock
|turn|13
|
|move|p1a: mecha kha zix|Bullet Punch|p2a: Tiburonsin
|-damage|p2a: Tiburonsin|200\/307
|move|p2a: Tiburonsin|Swords Dance|p2a: Tiburonsin
|-boost|p2a: Tiburonsin|atk|2
|
|-weather|RainDance|[upkeep]
|-heal|p2a: Tiburonsin|238\/307|[from] ability: Dry Skin
|-heal|p2a: Tiburonsin|257\/307|[from] item: Black Sludge
|turn|14
|
|switch|p1a: not brave bird|Gliscor, F|354\/354 tox
|move|p2a: Tiburonsin|Drain Punch|p1a: not brave bird
|-crit|p1a: not brave bird
|-resisted|p1a: not brave bird
|-damage|p1a: not brave bird|240\/354 tox
|-heal|p2a: Tiburonsin|307\/307|[from] drain|[of] p1a: not brave bird
|
|-weather|RainDance|[upkeep]
|-heal|p1a: not brave bird|284\/354 tox|[from] ability: Poison Heal
|turn|15
|c|âbenito camelo|staph plox
|c|âbenito camelo|STAPH
|c|âbenito camelo|NOOOOOOO
|
|move|p2a: Tiburonsin|Sucker Punch|p1a: not brave bird
|-damage|p1a: not brave bird|186\/354 tox
|move|p1a: not brave bird|Earthquake|p2a: Tiburonsin
|-supereffective|p2a: Tiburonsin
|-damage|p2a: Tiburonsin|0 fnt
|faint|p2a: Tiburonsin
|
|-weather|RainDance|[upkeep]
|-heal|p1a: not brave bird|230\/354 tox|[from] ability: Poison Heal
|c|âbenito camelo|no tiene ice punch xD?
|c|âGaezz|no
|c|âbenito camelo|yo ya me hacia sweepiado
|c|âGaezz|lo puse como venia en smogon
|c|âGaezz|no lo cambie
|c|âbenito camelo|lel
|c|âGaezz|como la ultima ves que lo use
|c|âbenito camelo|debe ser por la introduccion
|c|âbenito camelo|de fairys
|
|switch|p2a: Kabutops|Kabutops, M|139\/262
|-damage|p2a: Kabutops|107\/262|[from] Stealth Rock
|turn|16
|c|âGaezz|el paleleo
|c|âbenito camelo|que metieron un ataque veneno en vez del ice punch
|
|switch|p1a: mecha kha zix|Scizor-Mega, F|295\/344
|move|p2a: Kabutops|Waterfall|p1a: mecha kha zix
|-crit|p1a: mecha kha zix
|-damage|p1a: mecha kha zix|60\/344
|-damage|p2a: Kabutops|81\/262|[from] item: Life Orb
|
|-weather|none
|turn|17
|c|âbenito camelo|ADIVINA QUE HORA ES?
|
|move|p2a: Kabutops|Aqua Jet|p1a: mecha kha zix
|-damage|p1a: mecha kha zix|9\/344
|-damage|p2a: Kabutops|55\/262|[from] item: Life Orb
|move|p1a: mecha kha zix|Bullet Punch|p2a: Kabutops
|-damage|p2a: Kabutops|0 fnt
|faint|p2a: Kabutops
|
|c|âGaezz|hora de jax
|c|âGaezz|net
|c|âbenito camelo|HORA DE BRAVE BIRD
|c|âGaezz|neta
|
|switch|p2a: Talonflame|Talonflame, F|297\/297
|-damage|p2a: Talonflame|149\/297|[from] Stealth Rock
|turn|18
|
|move|p1a: mecha kha zix|Bullet Punch|p2a: Talonflame
|-resisted|p2a: Talonflame
|-damage|p2a: Talonflame|83\/297
|move|p2a: Talonflame|Flare Blitz|p1a: mecha kha zix
|-supereffective|p1a: mecha kha zix
|-damage|p1a: mecha kha zix|0 fnt
|-damage|p2a: Talonflame|80\/297|[from] recoil|[of] p1a: mecha kha zix
|-damage|p2a: Talonflame|51\/297|[from] item: Life Orb
|faint|p1a: mecha kha zix
|
|c|âbenito camelo|elige
|c|âbenito camelo|uno de los 4 pajaros
|
|switch|p1a: breve bird 3|Honchkrow, F|341\/341
|turn|19
|
|move|p2a: Talonflame|U-turn|p1a: breve bird 3
|-damage|p1a: breve bird 3|199\/341
|-damage|p2a: Talonflame|22\/297|[from] item: Life Orb
|c|âGaezz|bum
|
|switch|p2a: Politoed|Politoed, F|253\/364 tox
|-damage|p2a: Politoed|208\/364 tox|[from] Stealth Rock
|-weather|RainDance
|move|p1a: breve bird 3|Brave Bird|p2a: Politoed
|-damage|p2a: Politoed|0 fnt
|-damage|p1a: breve bird 3|130\/341|[from] recoil|[of] p2a: Politoed
|-damage|p1a: breve bird 3|96\/341|[from] item: Life Orb
|faint|p2a: Politoed
|-boost|p1a: breve bird 3|atk|1|[from] ability: Moxie
|
|-weather|RainDance|[upkeep]
|c|âbenito camelo|aaaa
|c|âbenito camelo|yolo el bato
|
|switch|p2a: Talonflame|Talonflame, F|22\/297
|-damage|p2a: Talonflame|0 fnt|[from] Stealth Rock
|faint|p2a: Talonflame
|
|win|benito camelo
|c|âGaezz|YOLO
|c|âGaezz|asi
|c|âGaezz|mero
|c|âGaezz|te odio tanto
|c|âGaezz|todo por un ice puch
|leave|Gaezz
|player|p2
|leave|benito camelo
|player|p1
|join|benito camelo