|join|Rollout Shuckle
|join|benito camelo
|player|p1|Rollout Shuckle|146
|player|p2|benito camelo|209
|gametype|singles
|gen|6
|tier|OU
|rated
|clearpoke
|poke|p1|Greninja, F
|poke|p1|Conkeldurr, M
|poke|p1|Gothitelle, F
|poke|p1|Ferrothorn, F
|poke|p1|Houndoom, F
|poke|p1|Klefki, M
|poke|p2|Altaria, F
|poke|p2|Heatran, F, shiny
|poke|p2|Keldeo
|poke|p2|Skarmory, M
|poke|p2|Landorus-Therian, M, shiny
|poke|p2|Gothitelle, M, shiny
|rule|Swagger Clause: Swagger is banned
|rule|Baton Pass Clause: Limit one PokÃ©mon knowing Baton Pass
|rule|Sleep Clause Mod: Limit one foe put to sleep
|rule|Species Clause: Limit one of each PokÃ©mon
|rule|OHKO Clause: OHKO moves are banned
|rule|Moody Clause: Moody is banned
|rule|Evasion Moves Clause: Evasion moves are banned
|rule|Endless Battle Clause: Forcing endless battles is banned
|rule|HP Percentage Mod: HP is shown in percentages
|teampreview
|
|start
|switch|p1a: 2fastforbanhammer|Greninja, F|285\/285
|switch|p2a: lolipop 2.0|Landorus-Therian, M, shiny|369\/369
|-ability|p2a: lolipop 2.0|Intimidate|[of] p1a: 2fastforbanhammer
|-unboost|p1a: 2fastforbanhammer|atk|1
|turn|1
|
|switch|p1a: ConkBlonk|Conkeldurr, M|414\/414
|switch|p2a: my little pony|Keldeo|323\/323
|
|turn|2
|
|switch|p2a: hit me hard|Skarmory, M|334\/334
|move|p1a: ConkBlonk|Drain Punch|p2a: hit me hard
|-damage|p2a: hit me hard|213\/334
|-damage|p1a: ConkBlonk|345\/414|[from] item: Rocky Helmet|[of] p2a: hit me hard
|-damage|p1a: ConkBlonk|304\/414|[from] item: Life Orb
|
|turn|3
|
|switch|p1a: Ferrothorn|Ferrothorn, F|352\/352
|move|p2a: hit me hard|Roost|p2a: hit me hard
|-heal|p2a: hit me hard|334\/334
|
|turn|4
|
|switch|p2a: dont touch isotopo|Heatran, F, shiny|386\/386
|move|p1a: Ferrothorn|Leech Seed|p2a: dont touch isotopo
|-start|p2a: dont touch isotopo|move: Leech Seed
|
|-damage|p2a: dont touch isotopo|338\/386|[from] Leech Seed|[of] p1a: Ferrothorn
|turn|5
|
|switch|p1a: ConkBlonk|Conkeldurr, M|304\/414
|move|p2a: dont touch isotopo|Stealth Rock|p1a: ConkBlonk
|-sidestart|p1: Rollout Shuckle|move: Stealth Rock
|
|-heal|p2a: dont touch isotopo|362\/386|[from] item: Leftovers
|-damage|p2a: dont touch isotopo|314\/386|[from] Leech Seed|[of] p1a: ConkBlonk
|-heal|p1a: ConkBlonk|352\/414|[silent]
|turn|6
|
|switch|p2a: TE COJI WEY|Gothitelle, M, shiny|281\/281
|move|p1a: ConkBlonk|Drain Punch|p2a: TE COJI WEY
|-resisted|p2a: TE COJI WEY
|-damage|p2a: TE COJI WEY|184\/281
|-heal|p1a: ConkBlonk|401\/414|[from] drain|[of] p2a: TE COJI WEY
|-damage|p1a: ConkBlonk|360\/414|[from] item: Life Orb
|
|turn|7
|
|move|p2a: TE COJI WEY|Psychic|p1a: ConkBlonk
|-supereffective|p1a: ConkBlonk
|-damage|p1a: ConkBlonk|0 fnt
|faint|p1a: ConkBlonk
|
|
|switch|p1a: FLASH|Gothitelle, F|344\/344
|-damage|p1a: FLASH|301\/344|[from] Stealth Rock
|turn|8
|
|switch|p2a: dont touch isotopo|Heatran, F, shiny|314\/386
|move|p1a: FLASH|Flash|p2a: dont touch isotopo
|-unboost|p2a: dont touch isotopo|accuracy|1
|
|-heal|p2a: dont touch isotopo|338\/386|[from] item: Leftovers
|-heal|p1a: FLASH|322\/344|[from] item: Leftovers
|turn|9
|
|move|p2a: dont touch isotopo|Taunt|p1a: FLASH
|-start|p1a: FLASH|move: Taunt
|cant|p1a: FLASH|move: Taunt|Flash
|
|-heal|p2a: dont touch isotopo|362\/386|[from] item: Leftovers
|-heal|p1a: FLASH|343\/344|[from] item: Leftovers
|turn|10
|-message|Rollout Shuckle forfeited.
|leave|Rollout Shuckle
|
|win|benito camelo
|raw|Ladder updating...
|player|p1
|raw|Rollout Shuckle's rating: 1232 &rarr; <strong>1211<\/strong><br \/>(-21 for losing)
|raw|benito camelo's rating: 1289 &rarr; <strong>1310<\/strong><br \/>(+21 for winning)