|join|Vaerris
|join|benito camelo
|player|p1|Vaerris|101
|player|p2|benito camelo|209
|gametype|singles
|gen|6
|tier|OU
|rated
|clearpoke
|poke|p1|Aegislash, M, shiny
|poke|p1|Skarmory, F
|poke|p1|Gastrodon, M
|poke|p1|Heatran, M
|poke|p1|Mandibuzz, F
|poke|p1|Alakazam, M
|poke|p2|Azumarill, M
|poke|p2|Bisharp, F
|poke|p2|Skarmory, M
|poke|p2|Charizard, M
|poke|p2|Manaphy
|poke|p2|Chansey, F
|rule|Sleep Clause Mod: Limit one foe put to sleep
|rule|Species Clause: Limit one of each Pokemon
|rule|OHKO Clause: OHKO moves are banned
|rule|Moody Clause: Moody is banned
|rule|Evasion Moves Clause: Evasion moves are banned
|rule|Endless Battle Clause: Forcing endless battles is banned.
|rule|HP Percentage Mod: HP is reported as percentages
|teampreview
|
|start
|switch|p1a: Heatran|Heatran, M|385\/385
|switch|p2a: Bisharp|Bisharp, F|334\/334
|turn|1
|
|switch|p2a: Azumarill|Azumarill, M|404\/404
|move|p1a: Heatran|Stealth Rock|p2a: Azumarill
|-sidestart|p2: benito camelo|move: Stealth Rock
|
|turn|2
|
|switch|p1a: Gastrodon|Gastrodon, M|426\/426
|move|p2a: Azumarill|Superpower|p1a: Gastrodon
|-damage|p1a: Gastrodon|195\/426
|-unboost|p2a: Azumarill|atk|1
|-unboost|p2a: Azumarill|def|1
|
|-heal|p1a: Gastrodon|221\/426|[from] item: Leftovers
|turn|3
|
|switch|p2a: Chansey|Chansey, F|704\/704
|-damage|p2a: Chansey|616\/704|[from] Stealth Rock
|move|p1a: Gastrodon|Recover|p1a: Gastrodon
|-heal|p1a: Gastrodon|426\/426
|
|turn|4
|
|switch|p1a: Aegislash|Aegislash, M, shiny|322\/322
|move|p2a: Chansey|Stealth Rock|p1a: Aegislash
|-sidestart|p1: Vaerris|move: Stealth Rock
|
|turn|5
|
|switch|p2a: Bisharp|Bisharp, F|334\/334
|-damage|p2a: Bisharp|314\/334|[from] Stealth Rock
|move|p1a: Aegislash|Substitute|p1a: Aegislash
|-start|p1a: Aegislash|Substitute
|-damage|p1a: Aegislash|242\/322
|
|-heal|p2a: Bisharp|334\/334|[from] item: Leftovers
|-heal|p1a: Aegislash|262\/322|[from] item: Leftovers
|turn|6
|
|move|p2a: Bisharp|Knock Off|p1a: Aegislash
|-supereffective|p1a: Aegislash
|-end|p1a: Aegislash|Substitute
|-formechange|p1a: Aegislash|Aegislash-Blade
|move|p1a: Aegislash|Shadow Ball|p2a: Bisharp
|-resisted|p2a: Bisharp
|-damage|p2a: Bisharp|223\/334
|-unboost|p2a: Bisharp|spd|1
|-boost|p2a: Bisharp|atk|2|[from] ability: Defiant
|
|-heal|p2a: Bisharp|243\/334|[from] item: Leftovers
|-heal|p1a: Aegislash|282\/322|[from] item: Leftovers
|turn|7
|
|-formechange|p1a: Aegislash|Aegislash
|move|p1a: Aegislash|King's Shield|p1a: Aegislash
|-singleturn|p1a: Aegislash|Protect
|move|p2a: Bisharp|Substitute|p2a: Bisharp
|-start|p2a: Bisharp|Substitute
|-damage|p2a: Bisharp|160\/334
|
|-heal|p2a: Bisharp|180\/334|[from] item: Leftovers
|-heal|p1a: Aegislash|302\/322|[from] item: Leftovers
|turn|8
|chat|benito camelo|(8
|
|switch|p1a: Skarmory|Skarmory, F|334\/334
|-damage|p1a: Skarmory|293\/334|[from] Stealth Rock
|move|p2a: Bisharp|Knock Off|p1a: Skarmory
|-damage|p1a: Skarmory|85\/334
|-enditem|p1a: Skarmory|Leftovers|[from] move: Knock Off|[of] p2a: Bisharp
|
|-heal|p2a: Bisharp|200\/334|[from] item: Leftovers
|turn|9
|
|move|p2a: Bisharp|Knock Off|p1a: Skarmory
|-damage|p1a: Skarmory|0 fnt
|faint|p1a: Skarmory
|
|-heal|p2a: Bisharp|220\/334|[from] item: Leftovers
|-message|Vaerris forfeited.
|
|win|benito camelo
|raw|Ladder updating...
|leave|Vaerris
|player|p1
|raw|Vaerris's rating: 1393 &rarr; <strong>1372<\/strong><br \/>(-21 for losing)
|raw|benito camelo's rating: 1385 &rarr; <strong>1406<\/strong><br \/>(+21 for winning)