|join|benito camelo
|join|BigSpore
|player|p1|benito camelo|209
|player|p2|BigSpore|93
|gametype|singles
|gen|6
|tier|OU
|clearpoke
|poke|p1|Azumarill, M
|poke|p1|Bisharp, M
|poke|p1|Skarmory, M
|poke|p1|Charizard, F
|poke|p1|Manaphy
|poke|p1|Chansey, F
|poke|p2|Heatran, F
|poke|p2|Mandibuzz, F
|poke|p2|Pinsir, M
|poke|p2|Azumarill, M
|poke|p2|Sylveon, M
|poke|p2|Landorus, M
|rule|Sleep Clause Mod: Limit one foe put to sleep
|rule|Species Clause: Limit one of each Pokemon
|rule|OHKO Clause: OHKO moves are banned
|rule|Moody Clause: Moody is banned
|rule|Evasion Moves Clause: Evasion moves are banned
|rule|Endless Battle Clause: Forcing endless battles is banned.
|rule|HP Percentage Mod: HP is reported as percentages
|teampreview
|chat|benito camelo|e we
|chat|BigSpore|AHORA SI
|chat|benito camelo|no me hagas esto U_U
|chat|BigSpore|TELABAS A PELAR SAIS
|chat|BigSpore|HUEUHEUHE
|chat|BigSpore|GO
|chat|benito camelo|me va a violar tu team U_U
|chat|BigSpore|FEAR ME FGT
|
|start
|switch|p1a: Azumarill|Azumarill, M|404\/404
|switch|p2a: Satan|Azumarill, M|404\/404
|turn|1
|chat|BigSpore|A VER CUAL LLORA PRIMERO
|
|switch|p2a: Big Mama|Mandibuzz, F|424\/424
|move|p1a: Azumarill|Waterfall|p2a: Big Mama
|-damage|p2a: Big Mama|246\/424
|
|-heal|p2a: Big Mama|272\/424|[from] item: Leftovers
|turn|2
|chat|BigSpore|BIG MAMA IN DA HOUSE FGT
|
|switch|p1a: Skarmory|Skarmory, M|334\/334
|move|p2a: Big Mama|Foul Play|p1a: Skarmory
|-damage|p1a: Skarmory|282\/334
|-damage|p2a: Big Mama|202\/424|[from] item: Rocky Helmet|[of] p1a: Skarmory
|
|-heal|p2a: Big Mama|228\/424|[from] item: Leftovers
|turn|3
|chat|benito camelo|lol XDDD
|
|move|p2a: Big Mama|Taunt|p1a: Skarmory
|-start|p1a: Skarmory|move: Taunt
|cant|p1a: Skarmory|move: Taunt|Stealth Rock
|
|-heal|p2a: Big Mama|254\/424|[from] item: Leftovers
|turn|4
|chat|BigSpore|HUE
|
|switch|p1a: Azumarill|Azumarill, M|404\/404
|move|p2a: Big Mama|Roost|p2a: Big Mama
|-heal|p2a: Big Mama|424\/424
|
|turn|5
|
|switch|p2a: Foundry|Heatran, F|386\/386
|move|p1a: Azumarill|Play Rough|p2a: Foundry
|-resisted|p2a: Foundry
|-damage|p2a: Foundry|314\/386
|-unboost|p2a: Foundry|atk|1
|
|-heal|p2a: Foundry|338\/386|[from] item: Leftovers
|turn|6
|chat|BigSpore|G
|chat|benito camelo|deja ver cuanto te quita:C
|chat|BigSpore|pura verga
|
|switch|p1a: Chansey|Chansey, F|704\/704
|move|p2a: Foundry|Stealth Rock|p1a: Chansey
|-sidestart|p1: benito camelo|move: Stealth Rock
|
|-heal|p2a: Foundry|362\/386|[from] item: Leftovers
|turn|7
|chat|BigSpore|ahorita calamos
|chat|BigSpore|porue tambien me gustarÃ­a saber
|
|move|p2a: Foundry|Toxic|p1a: Chansey|[miss]
|-miss|p2a: Foundry|p1a: Chansey
|move|p1a: Chansey|Seismic Toss|p2a: Foundry
|-damage|p2a: Foundry|262\/386
|
|-heal|p2a: Foundry|286\/386|[from] item: Leftovers
|turn|8
|chat|BigSpore|AHAHA QUE ECMO HEATAN
|
|move|p2a: Foundry|Toxic|p1a: Chansey
|-status|p1a: Chansey|tox
|move|p1a: Chansey|Seismic Toss|p2a: Foundry
|-damage|p2a: Foundry|186\/386
|
|-heal|p2a: Foundry|210\/386|[from] item: Leftovers
|-damage|p1a: Chansey|660\/704 tox|[from] psn
|turn|9
|
|move|p2a: Foundry|Protect|p2a: Foundry
|-singleturn|p2a: Foundry|Protect
|move|p1a: Chansey|Aromatherapy|p1a: Chansey
|-cureteam|p1a: Chansey|[from] move: Aromatherapy
|
|-heal|p2a: Foundry|234\/386|[from] item: Leftovers
|turn|10
|
|switch|p2a: D!ckPinch|Pinsir, M|271\/271
|move|p1a: Chansey|Seismic Toss|p2a: D!ckPinch
|-damage|p2a: D!ckPinch|171\/271
|
|turn|11
|chat|BigSpore|SAIS
|chat|BigSpore|VAS A VER
|chat|BigSpore|AL PINCHE MUNDO QUEMARSE
|
|switch|p1a: Skarmory|Skarmory, M|282\/334
|-damage|p1a: Skarmory|241\/334|[from] Stealth Rock
|-formechange|p2a: D!ckPinch|Pinsir-Mega
|message|Pinsir has Mega Evolved into Mega Pinsir!
|move|p2a: D!ckPinch|Return|p1a: Skarmory
|-resisted|p1a: Skarmory
|-damage|p1a: Skarmory|160\/334
|-damage|p2a: D!ckPinch|126\/271|[from] item: Rocky Helmet|[of] p1a: Skarmory
|
|turn|12
|chat|benito camelo|nmm XD
|
|move|p2a: D!ckPinch|Swords Dance|p2a: D!ckPinch
|-boost|p2a: D!ckPinch|atk|2
|move|p1a: Skarmory|Roost|p1a: Skarmory
|-heal|p1a: Skarmory|327\/334
|
|turn|13
|
|move|p2a: D!ckPinch|Return|p1a: Skarmory
|-resisted|p1a: Skarmory
|-damage|p1a: Skarmory|170\/334
|-damage|p2a: D!ckPinch|81\/271|[from] item: Rocky Helmet|[of] p1a: Skarmory
|move|p1a: Skarmory|Brave Bird|p2a: D!ckPinch
|-supereffective|p2a: D!ckPinch
|-damage|p2a: D!ckPinch|0 fnt
|-damage|p1a: Skarmory|143\/334|[from] recoil|[of] p2a: D!ckPinch
|faint|p2a: D!ckPinch
|
|chat|BigSpore|alaberga
|chat|BigSpore|siempre si quita
|chat|BigSpore|pinsir
|chat|benito camelo|ya se
|chat|BigSpore|ok sais
|chat|benito camelo|no dejes que te maten al mega tan facil
|chat|BigSpore|mÃ¡s vale que vayas sacando al pinche Bishop
|
|switch|p2a: Satan|Azumarill, M|404\/404
|turn|14
|chat|benito camelo|es el principal sweeper XD
|
|move|p2a: Satan|Waterfall|p1a: Skarmory
|-damage|p1a: Skarmory|26\/334
|-damage|p2a: Satan|337\/404|[from] item: Rocky Helmet|[of] p1a: Skarmory
|move|p1a: Skarmory|Whirlwind|p2a: Satan
|drag|p2a: Foundry|Heatran, F|234\/386
|
|-heal|p2a: Foundry|258\/386|[from] item: Leftovers
|turn|15
|chat|benito camelo|lol XD
|chat|BigSpore|ASCO SAIS
|chat|BigSpore|COMEPJAS
|chat|BigSpore|PENSASTE
|chat|BigSpore|QUE IBA A HACER BELLY DROOM?
|chat|benito camelo|si xd
|chat|BigSpore|ESÃS PENDJEO 
|chat|BigSpore|ENFRENTE DE SKARMOY? AHAHAHA
|chat|BigSpore|A HUEVO QUE LO SACABAS AL AZU
|
|switch|p1a: Azumarill|Azumarill, M|404\/404
|-damage|p1a: Azumarill|354\/404|[from] Stealth Rock
|move|p2a: Foundry|Lava Plume|p1a: Azumarill
|-resisted|p1a: Azumarill
|-damage|p1a: Azumarill|288\/404
|
|-heal|p2a: Foundry|282\/386|[from] item: Leftovers
|turn|16
|
|move|p2a: Foundry|Protect|p2a: Foundry
|-singleturn|p2a: Foundry|Protect
|move|p1a: Azumarill|Superpower|p2a: Foundry
|-activate|p2a: Foundry|Protect
|
|-heal|p2a: Foundry|306\/386|[from] item: Leftovers
|turn|17
|chat|BigSpore|alaberga
|chat|BigSpore|con eso no se juega
|
|switch|p2a: Big Mama|Mandibuzz, F|424\/424
|switch|p1a: Manaphy|Manaphy|341\/341
|-damage|p1a: Manaphy|299\/341|[from] Stealth Rock
|
|-heal|p1a: Manaphy|320\/341|[from] item: Leftovers
|turn|18
|chat|benito camelo|:3
|
|move|p1a: Manaphy|Tail Glow|p1a: Manaphy
|-boost|p1a: Manaphy|spa|3
|move|p2a: Big Mama|Taunt|p1a: Manaphy
|-start|p1a: Manaphy|move: Taunt
|
|-heal|p1a: Manaphy|341\/341|[from] item: Leftovers
|turn|19
|chat|BigSpore|sais kemiedo
|
|switch|p2a: Punnybitch|Sylveon, M|394\/394
|move|p1a: Manaphy|Ice Beam|p2a: Punnybitch
|-damage|p2a: Punnybitch|265\/394
|
|-heal|p2a: Punnybitch|289\/394|[from] item: Leftovers
|turn|20
|chat|BigSpore|AAAAAAAAAAAAA
|chat|BigSpore|TIME
|chat|BigSpore|2 SWEEEEEP
|chat|BigSpore|AAAAAAAAAAAAA
|chat|benito camelo|esta vez no estara el aumento de hyper voice e.e
|
|move|p1a: Manaphy|Surf|p2a: Punnybitch
|-damage|p2a: Punnybitch|94\/394
|move|p2a: Punnybitch|Wish|p2a: Punnybitch
|
|-heal|p2a: Punnybitch|118\/394|[from] item: Leftovers
|turn|21
|chat|BigSpore|QUE LE IMPORTA
|chat|BigSpore|AL SYLVEON
|
|switch|p2a: Satan|Azumarill, M|337\/404
|move|p1a: Manaphy|Surf|p2a: Satan
|-resisted|p2a: Satan
|-damage|p2a: Satan|150\/404
|
|-heal|p2a: Satan|347\/404|[from] move: Wish|[wisher] Punnybitch
|-end|p1a: Manaphy|move: Taunt
|turn|22
|chat|BigSpore|AHORA SI MACANA
|chat|BigSpore|A LLORAR
|
|move|p1a: Manaphy|Energy Ball|p2a: Satan
|-supereffective|p2a: Satan
|-damage|p2a: Satan|0 fnt
|faint|p2a: Satan
|
|chat|benito camelo|lol xD
|chat|BigSpore|ASCO
|chat|BigSpore|AHAHAHAHAH
|chat|BigSpore|Que pasado de verga estÃ¡ manaphy
|chat|BigSpore|por algo es uber
|chat|BigSpore|el macana
|chat|benito camelo|ya se xD
|chat|benito camelo|era uber en 5
|
|switch|p2a: YOGURT|Landorus, M|320\/320
|turn|23
|chat|BigSpore|Y en 4ta
|chat|benito camelo|ahora sin la lluvia eterna xD
|
|move|p2a: YOGURT|Earth Power|p1a: Manaphy
|-damage|p1a: Manaphy|76\/341
|move|p1a: Manaphy|Ice Beam|p2a: YOGURT
|-supereffective|p2a: YOGURT
|-damage|p2a: YOGURT|0 fnt
|faint|p2a: YOGURT
|
|-heal|p1a: Manaphy|97\/341|[from] item: Leftovers
|chat|BigSpore|OMG
|chat|BigSpore|AHAHAHAH PINCHE LANDRU
|chat|BigSpore|PEG AUN PUTERO
|chat|benito camelo|xD
|chat|BigSpore|SE ME OLVIDABA
|chat|BigSpore|AHAHAHAHA
|chat|BigSpore|PINCHE UBER
|chat|benito camelo|ya se 
|
|switch|p2a: Big Mama|Mandibuzz, F|424\/424
|turn|24
|chat|benito camelo|tornadus-t esta en OU
|chat|benito camelo|rain dance
|chat|BigSpore|DILE ADÃS A LA VIDA
|chat|benito camelo|hurricane
|chat|benito camelo|se me antoja 
|chat|benito camelo|XD
|
|move|p1a: Manaphy|Ice Beam|p2a: Big Mama
|-supereffective|p2a: Big Mama
|-damage|p2a: Big Mama|0 fnt
|faint|p2a: Big Mama
|
|-heal|p1a: Manaphy|118\/341|[from] item: Leftovers
|chat|benito camelo|que pasado esta manaphy
|chat|benito camelo|eso de que le aumente +3
|chat|BigSpore|Ya sÃ©
|chat|benito camelo|el tail
|chat|BigSpore|pinches
|chat|BigSpore|Por algo eran ubers
|chat|BigSpore|tail en lluvia
|chat|BigSpore|era una pendejada
|chat|benito camelo|ya se
|chat|benito camelo|te sweepeaba todo
|chat|BigSpore|a ver
|chat|BigSpore|haremos otro
|chat|BigSpore|para calar daÃ±o
|leave|BigSpore
|player|p2
|-message|Player 2 lost due to inactivity.
|
|win|benito camelo