|join|mini117
|join|H2test
|player|p1|mini117|281
|player|p2|H2test|290
|gametype|singles
|gen|6
|tier|UU
|rated
|rule|Sleep Clause Mod: Limit one foe put to sleep
|rule|Species Clause: Limit one of each PokÃ©mon
|rule|OHKO Clause: OHKO moves are banned
|rule|Moody Clause: Moody is banned
|rule|Evasion Moves Clause: Evasion moves are banned
|rule|Endless Battle Clause: Forcing endless battles is banned
|rule|HP Percentage Mod: HP is shown in percentages
|clearpoke
|poke|p1|Whimsicott, F
|poke|p1|Ampharos, M
|poke|p1|Chandelure, F
|poke|p1|Krookodile, M
|poke|p1|Starmie
|poke|p1|Mienshao, F
|poke|p2|Krookodile, F, shiny
|poke|p2|Roserade, M
|poke|p2|Mienshao, F
|poke|p2|Azelf
|poke|p2|Beedrill, F
|poke|p2|Rotom-Heat
|rule|Swagger Clause: Swagger is banned
|rule|Baton Pass Clause: Limit one PokÃ©mon knowing Baton Pass
|teampreview
|
|start
|switch|p1a: Krookodile|Krookodile, M|331\/331
|switch|p2a: Azelf|Azelf|291\/291
|-ability|p1a: Krookodile|Intimidate|[of] p2a: Azelf
|-unboost|p2a: Azelf|atk|1
|turn|1
|
|move|p2a: Azelf|Taunt|p1a: Krookodile
|-start|p1a: Krookodile|move: Taunt
|move|p1a: Krookodile|Pursuit|p2a: Azelf
|-supereffective|p2a: Azelf
|-damage|p2a: Azelf|63\/291
|
|turn|2
|
|move|p2a: Azelf|Stealth Rock|p1a: Krookodile
|-sidestart|p1: mini117|move: Stealth Rock
|move|p1a: Krookodile|Pursuit|p2a: Azelf
|-supereffective|p2a: Azelf
|-damage|p2a: Azelf|0 fnt
|faint|p2a: Azelf
|
|
|switch|p2a: Mienshao|Mienshao, F|271\/271
|turn|3
|
|switch|p1a: Starmie|Starmie|323\/323
|-damage|p1a: Starmie|283\/323|[from] Stealth Rock
|move|p2a: Mienshao|U-turn|p1a: Starmie
|-supereffective|p1a: Starmie
|-damage|p1a: Starmie|49\/323
|-damage|p2a: Mienshao|244\/271|[from] item: Life Orb
|
|switch|p2a: Beedrill|Beedrill, F|271\/271
|
|-heal|p1a: Starmie|69\/323|[from] item: Leftovers
|turn|4
|
|detailschange|p2a: Beedrill|Beedrill-Mega, F
|message|Beedrill has Mega Evolved into Mega Beedrill!
|move|p2a: Beedrill|Protect|p2a: Beedrill
|-singleturn|p2a: Beedrill|Protect
|move|p1a: Starmie|Recover|p1a: Starmie
|-heal|p1a: Starmie|231\/323
|
|-heal|p1a: Starmie|251\/323|[from] item: Leftovers
|turn|5
|
|switch|p1a: Chandelure|Chandelure, F|261\/261
|-damage|p1a: Chandelure|196\/261|[from] Stealth Rock
|move|p2a: Beedrill|U-turn|p1a: Chandelure
|-resisted|p1a: Chandelure
|-damage|p1a: Chandelure|143\/261
|
|switch|p2a: Krookodile|Krookodile, F, shiny|331\/331
|-ability|p2a: Krookodile|Intimidate|[of] p1a: Chandelure
|-unboost|p1a: Chandelure|atk|1
|
|turn|6
|
|move|p2a: Krookodile|Knock Off|p1a: Chandelure
|-supereffective|p1a: Chandelure
|-damage|p1a: Chandelure|0 fnt
|-enditem|p1a: Chandelure|Choice Specs|[from] move: Knock Off|[of] p2a: Krookodile
|faint|p1a: Chandelure
|
|
|switch|p1a: Whimsicott|Whimsicott, F|261\/261
|-damage|p1a: Whimsicott|229\/261|[from] Stealth Rock
|turn|7
|
|switch|p2a: Roserade|Roserade, M|261\/261
|move|p1a: Whimsicott|U-turn|p2a: Roserade
|-damage|p2a: Roserade|213\/261
|
|switch|p1a: Starmie|Starmie|251\/323
|-damage|p1a: Starmie|211\/323|[from] Stealth Rock
|
|-heal|p1a: Starmie|231\/323|[from] item: Leftovers
|turn|8
|
|move|p1a: Starmie|Psyshock|p2a: Roserade
|-supereffective|p2a: Roserade
|-damage|p2a: Roserade|0 fnt
|faint|p2a: Roserade
|
|-heal|p1a: Starmie|251\/323|[from] item: Leftovers
|
|switch|p2a: Beedrill|Beedrill-Mega, F|271\/271
|turn|9
|
|switch|p1a: Mienshao|Mienshao, F|271\/271
|-damage|p1a: Mienshao|255\/271|[from] Stealth Rock
|move|p2a: Beedrill|Knock Off|p1a: Mienshao
|-resisted|p1a: Mienshao
|-damage|p1a: Mienshao|159\/271
|-enditem|p1a: Mienshao|Choice Scarf|[from] move: Knock Off|[of] p2a: Beedrill
|
|turn|10
|
|move|p2a: Beedrill|Poison Jab|p1a: Mienshao
|-damage|p1a: Mienshao|0 fnt
|faint|p1a: Mienshao
|
|
|switch|p1a: Whimsicott|Whimsicott, F|229\/261
|-damage|p1a: Whimsicott|197\/261|[from] Stealth Rock
|turn|11
|
|switch|p2a: Rotom-Heat|Rotom-Heat|241\/241
|move|p1a: Whimsicott|Stun Spore|p2a: Rotom-Heat
|-fail|p2a: Rotom-Heat
|
|-heal|p1a: Whimsicott|213\/261|[from] item: Leftovers
|turn|12
|
|move|p2a: Rotom-Heat|Overheat|p1a: Whimsicott
|-supereffective|p1a: Whimsicott
|-damage|p1a: Whimsicott|0 fnt
|-unboost|p2a: Rotom-Heat|spa|2
|faint|p1a: Whimsicott
|
|
|switch|p1a: Starmie|Starmie|251\/323
|-damage|p1a: Starmie|211\/323|[from] Stealth Rock
|turn|13
|
|move|p2a: Rotom-Heat|Overheat|p1a: Starmie
|-resisted|p1a: Starmie
|-damage|p1a: Starmie|159\/323
|-unboost|p2a: Rotom-Heat|spa|2
|move|p1a: Starmie|Scald|p2a: Rotom-Heat
|-supereffective|p2a: Rotom-Heat
|-damage|p2a: Rotom-Heat|47\/241
|
|-heal|p1a: Starmie|179\/323|[from] item: Leftovers
|turn|14
|
|move|p2a: Rotom-Heat|Overheat|p1a: Starmie
|-resisted|p1a: Starmie
|-damage|p1a: Starmie|140\/323
|-unboost|p2a: Rotom-Heat|spa|2
|move|p1a: Starmie|Rapid Spin|p2a: Rotom-Heat
|-damage|p2a: Rotom-Heat|35\/241
|-sideend|p1: mini117|Stealth Rock|[from] move: Rapid Spin|[of] p1a: Starmie
|
|-heal|p1a: Starmie|160\/323|[from] item: Leftovers
|turn|15
|
|move|p2a: Rotom-Heat|Overheat|p1a: Starmie
|-resisted|p1a: Starmie
|-damage|p1a: Starmie|132\/323
|move|p1a: Starmie|Scald|p2a: Rotom-Heat
|-supereffective|p2a: Rotom-Heat
|-damage|p2a: Rotom-Heat|0 fnt
|faint|p2a: Rotom-Heat
|
|-heal|p1a: Starmie|152\/323|[from] item: Leftovers
|
|switch|p2a: Beedrill|Beedrill-Mega, F|271\/271
|turn|16
|
|switch|p1a: Krookodile|Krookodile, M|331\/331
|-ability|p1a: Krookodile|Intimidate|[of] p2a: Beedrill
|-unboost|p2a: Beedrill|atk|1
|move|p2a: Beedrill|Poison Jab|p1a: Krookodile
|-resisted|p1a: Krookodile
|-damage|p1a: Krookodile|245\/331
|
|turn|17
|
|switch|p2a: Krookodile|Krookodile, F, shiny|331\/331
|-ability|p2a: Krookodile|Intimidate|[of] p1a: Krookodile
|-unboost|p1a: Krookodile|atk|1
|move|p1a: Krookodile|Earthquake|p2a: Krookodile
|-damage|p2a: Krookodile|195\/331
|
|turn|18
|
|move|p2a: Krookodile|Earthquake|p1a: Krookodile
|-damage|p1a: Krookodile|50\/331
|move|p1a: Krookodile|Stealth Rock|p2a: Krookodile
|-sidestart|p2: H2test|move: Stealth Rock
|
|turn|19
|
|move|p2a: Krookodile|Earthquake|p1a: Krookodile
|-damage|p1a: Krookodile|0 fnt
|faint|p1a: Krookodile
|
|
|switch|p1a: Starmie|Starmie|152\/323
|turn|20
|
|move|p1a: Starmie|Scald|p2a: Krookodile
|-supereffective|p2a: Krookodile
|-damage|p2a: Krookodile|0 fnt
|faint|p2a: Krookodile
|
|-heal|p1a: Starmie|172\/323|[from] item: Leftovers
|
|switch|p2a: Beedrill|Beedrill-Mega, F|271\/271
|-damage|p2a: Beedrill|204\/271|[from] Stealth Rock
|turn|21
|
|move|p2a: Beedrill|U-turn|p1a: Starmie
|-supereffective|p1a: Starmie
|-damage|p1a: Starmie|0 fnt
|faint|p1a: Starmie
|
|switch|p2a: Mienshao|Mienshao, F|271\/271
|-damage|p2a: Mienshao|255\/271|[from] Stealth Rock
|
|
|switch|p1a: Ampharos|Ampharos, M|363\/363
|turn|22
|
|detailschange|p1a: Ampharos|Ampharos-Mega, M
|message|Ampharos has Mega Evolved into Mega Ampharos!
|-ability|p1a: Ampharos|Mold Breaker
|move|p1a: Ampharos|Protect|p1a: Ampharos
|-singleturn|p1a: Ampharos|Protect
|move|p2a: Mienshao|High Jump Kick|p1a: Ampharos
|-activate|p1a: Ampharos|Protect
|-damage|p2a: Mienshao|120\/271|[from] highjumpkick
|
|turn|23
|
|move|p2a: Mienshao|Knock Off|p1a: Ampharos
|-damage|p1a: Ampharos|266\/363
|-damage|p2a: Mienshao|93\/271|[from] item: Life Orb
|move|p1a: Ampharos|Thunderbolt|p2a: Mienshao
|-damage|p2a: Mienshao|0 fnt
|faint|p2a: Mienshao
|
|
|switch|p2a: Beedrill|Beedrill-Mega, F|204\/271
|-damage|p2a: Beedrill|137\/271|[from] Stealth Rock
|turn|24
|
|move|p2a: Beedrill|Poison Jab|p1a: Ampharos
|-damage|p1a: Ampharos|62\/363
|move|p1a: Ampharos|Thunderbolt|p2a: Beedrill
|-damage|p2a: Beedrill|0 fnt
|faint|p2a: Beedrill
|
|win|mini117
|raw|Ladder updating...
|raw|mini117's rating: 1303 &rarr; <strong>1317<\/strong><br \/>(+14 for winning)
|raw|H2test's rating: 1195 &rarr; <strong>1177<\/strong><br \/>(-18 for losing)
|c|âmini117|gg
|leave|H2test
|player|p2