|join|VnS.DarkViolet
|join|mini117
|player|p1|VnS.DarkViolet|23
|player|p2|mini117|281
|gametype|singles
|gen|6
|tier|UU
|rated
|rule|Sleep Clause Mod: Limit one foe put to sleep
|rule|Species Clause: Limit one of each PokÃ©mon
|rule|OHKO Clause: OHKO moves are banned
|rule|Moody Clause: Moody is banned
|rule|Evasion Moves Clause: Evasion moves are banned
|rule|Endless Battle Clause: Forcing endless battles is banned
|rule|HP Percentage Mod: HP is shown in percentages
|clearpoke
|poke|p1|Darmanitan, F
|poke|p1|Zygarde
|poke|p1|Blastoise, M
|poke|p1|Jirachi
|poke|p1|Gligar, M
|poke|p1|Roserade, M
|poke|p2|Whimsicott, F
|poke|p2|Ampharos, M
|poke|p2|Chandelure, M
|poke|p2|Krookodile, F
|poke|p2|Starmie
|poke|p2|Mienshao, M
|rule|Swagger Clause: Swagger is banned
|rule|Baton Pass Clause: Limit one PokÃ©mon knowing Baton Pass
|teampreview
|
|start
|switch|p1a: Gligar|Gligar, M|334\/334
|switch|p2a: Krookodile|Krookodile, F|331\/331
|-ability|p2a: Krookodile|Intimidate|[of] p1a: Gligar
|-unboost|p1a: Gligar|atk|1
|turn|1
|
|move|p2a: Krookodile|Knock Off|p1a: Gligar
|-damage|p1a: Gligar|234\/334
|-enditem|p1a: Gligar|Eviolite|[from] move: Knock Off|[of] p2a: Krookodile
|move|p1a: Gligar|Stealth Rock|p2a: Krookodile
|-sidestart|p2: mini117|move: Stealth Rock
|
|turn|2
|
|move|p2a: Krookodile|Stealth Rock|p1a: Gligar
|-sidestart|p1: VnS.DarkViolet|move: Stealth Rock
|move|p1a: Gligar|U-turn|p2a: Krookodile
|-supereffective|p2a: Krookodile
|-damage|p2a: Krookodile|261\/331
|
|switch|p1a: Roserade|Roserade, M|324\/324
|-damage|p1a: Roserade|284\/324|[from] Stealth Rock
|
|-heal|p1a: Roserade|304\/324|[from] item: Black Sludge
|turn|3
|
|move|p2a: Krookodile|Knock Off|p1a: Roserade
|-damage|p1a: Roserade|45\/324
|-enditem|p1a: Roserade|Black Sludge|[from] move: Knock Off|[of] p2a: Krookodile
|move|p1a: Roserade|Sleep Powder|p2a: Krookodile
|-status|p2a: Krookodile|slp
|
|turn|4
|
|cant|p2a: Krookodile|slp
|move|p1a: Roserade|Giga Drain|p2a: Krookodile
|-supereffective|p2a: Krookodile
|-damage|p2a: Krookodile|0 fnt
|-heal|p1a: Roserade|176\/324|[from] drain|[of] p2a: Krookodile
|faint|p2a: Krookodile
|
|
|switch|p2a: Starmie|Starmie|323\/323
|-damage|p2a: Starmie|283\/323|[from] Stealth Rock
|turn|5
|
|switch|p1a: Jirachi|Jirachi|341\/341
|-damage|p1a: Jirachi|320\/341|[from] Stealth Rock
|move|p2a: Starmie|Psyshock|p1a: Jirachi
|-resisted|p1a: Jirachi
|-damage|p1a: Jirachi|295\/341
|
|-heal|p2a: Starmie|303\/323|[from] item: Leftovers
|turn|6
|
|move|p1a: Jirachi|U-turn|p2a: Starmie
|-supereffective|p2a: Starmie
|-damage|p2a: Starmie|157\/323
|
|switch|p1a: Blastoise|Blastoise, M|322\/322
|-damage|p1a: Blastoise|282\/322|[from] Stealth Rock
|move|p2a: Starmie|Scald|p1a: Blastoise
|-resisted|p1a: Blastoise
|-damage|p1a: Blastoise|236\/322
|
|-heal|p2a: Starmie|177\/323|[from] item: Leftovers
|turn|7
|
|detailschange|p1a: Blastoise|Blastoise-Mega, M
|message|Blastoise has Mega Evolved into Mega Blastoise!
|move|p2a: Starmie|Recover|p2a: Starmie
|-heal|p2a: Starmie|323\/323
|move|p1a: Blastoise|Rapid Spin|p2a: Starmie
|-damage|p2a: Starmie|305\/323
|-sideend|p1: VnS.DarkViolet|Stealth Rock|[from] move: Rapid Spin|[of] p1a: Blastoise
|
|-heal|p2a: Starmie|323\/323|[from] item: Leftovers
|turn|8
|
|move|p2a: Starmie|Rapid Spin|p1a: Blastoise
|-damage|p1a: Blastoise|225\/322
|-sideend|p2: mini117|Stealth Rock|[from] move: Rapid Spin|[of] p2a: Starmie
|move|p1a: Blastoise|Dark Pulse|p2a: Starmie
|-supereffective|p2a: Starmie
|-damage|p2a: Starmie|0 fnt
|faint|p2a: Starmie
|
|
|switch|p2a: Whimsicott|Whimsicott, F|261\/261
|turn|9
|
|switch|p1a: Roserade|Roserade, M|176\/324
|move|p2a: Whimsicott|U-turn|p1a: Roserade
|-damage|p1a: Roserade|124\/324
|
|switch|p2a: Mienshao|Mienshao, M|271\/271
|
|turn|10
|
|move|p2a: Mienshao|Stone Edge|p1a: Roserade
|-crit|p1a: Roserade
|-damage|p1a: Roserade|0 fnt
|faint|p1a: Roserade
|
|
|switch|p1a: Gligar|Gligar, M|234\/334
|turn|11
|
|move|p2a: Mienshao|Stone Edge|p1a: Gligar|[miss]
|-miss|p2a: Mienshao|p1a: Gligar
|move|p1a: Gligar|Stealth Rock|p2a: Mienshao
|-sidestart|p2: mini117|move: Stealth Rock
|
|turn|12
|
|switch|p2a: Whimsicott|Whimsicott, F|261\/261
|-damage|p2a: Whimsicott|229\/261|[from] Stealth Rock
|move|p1a: Gligar|Roost|p1a: Gligar
|-heal|p1a: Gligar|334\/334
|
|-heal|p2a: Whimsicott|245\/261|[from] item: Leftovers
|turn|13
|
|move|p2a: Whimsicott|Stun Spore|p1a: Gligar|[miss]
|-miss|p2a: Whimsicott|p1a: Gligar
|move|p1a: Gligar|U-turn|p2a: Whimsicott
|-damage|p2a: Whimsicott|192\/261
|
|switch|p1a: Darmanitan|Darmanitan, F|351\/351
|
|-heal|p2a: Whimsicott|208\/261|[from] item: Leftovers
|turn|14
|
|move|p2a: Whimsicott|Stun Spore|p1a: Darmanitan
|-status|p1a: Darmanitan|par
|move|p1a: Darmanitan|U-turn|p2a: Whimsicott
|-damage|p2a: Whimsicott|54\/261
|
|switch|p1a: Zygarde|Zygarde|404\/404
|-ability|p1a: Zygarde|Aura Break
|
|-heal|p2a: Whimsicott|70\/261|[from] item: Leftovers
|turn|15
|
|move|p2a: Whimsicott|Moonblast|p1a: Zygarde
|-supereffective|p1a: Zygarde
|-damage|p1a: Zygarde|152\/404
|move|p1a: Zygarde|Substitute|p1a: Zygarde
|-start|p1a: Zygarde|Substitute
|-damage|p1a: Zygarde|51\/404
|
|-heal|p2a: Whimsicott|86\/261|[from] item: Leftovers
|-heal|p1a: Zygarde|76\/404|[from] item: Leftovers
|turn|16
|
|move|p2a: Whimsicott|Giga Drain|p1a: Zygarde
|-activate|p1a: Zygarde|Substitute|[damage]
|-heal|p2a: Whimsicott|133\/261|[from] drain|[of] p1a: Zygarde
|move|p1a: Zygarde|Earthquake|p2a: Whimsicott
|-resisted|p2a: Whimsicott
|-damage|p2a: Whimsicott|63\/261
|
|-heal|p2a: Whimsicott|79\/261|[from] item: Leftovers
|-heal|p1a: Zygarde|101\/404|[from] item: Leftovers
|turn|17
|
|move|p2a: Whimsicott|Giga Drain|p1a: Zygarde
|-end|p1a: Zygarde|Substitute
|-heal|p2a: Whimsicott|83\/261|[from] drain|[of] p1a: Zygarde
|move|p1a: Zygarde|Earthquake|p2a: Whimsicott
|-resisted|p2a: Whimsicott
|-damage|p2a: Whimsicott|20\/261
|
|-heal|p2a: Whimsicott|36\/261|[from] item: Leftovers
|-heal|p1a: Zygarde|126\/404|[from] item: Leftovers
|turn|18
|
|move|p2a: Whimsicott|Moonblast|p1a: Zygarde
|-supereffective|p1a: Zygarde
|-damage|p1a: Zygarde|0 fnt
|faint|p1a: Zygarde
|
|-heal|p2a: Whimsicott|52\/261|[from] item: Leftovers
|
|switch|p1a: Blastoise|Blastoise-Mega, M|225\/322
|turn|19
|
|move|p2a: Whimsicott|Giga Drain|p1a: Blastoise
|-supereffective|p1a: Blastoise
|-damage|p1a: Blastoise|33\/322
|-heal|p2a: Whimsicott|148\/261|[from] drain|[of] p1a: Blastoise
|move|p1a: Blastoise|Ice Beam|p2a: Whimsicott
|-supereffective|p2a: Whimsicott
|-damage|p2a: Whimsicott|0 fnt
|faint|p2a: Whimsicott
|
|
|switch|p2a: Mienshao|Mienshao, M|271\/271
|-damage|p2a: Mienshao|255\/271|[from] Stealth Rock
|turn|20
|
|move|p2a: Mienshao|U-turn|p1a: Blastoise
|-damage|p1a: Blastoise|0 fnt
|faint|p1a: Blastoise
|
|switch|p2a: Ampharos|Ampharos, M|363\/363
|-damage|p2a: Ampharos|318\/363|[from] Stealth Rock
|
|
|switch|p1a: Darmanitan|Darmanitan, F|351\/351 par
|turn|21
|
|detailschange|p2a: Ampharos|Ampharos-Mega, M
|message|Ampharos has Mega Evolved into Mega Ampharos!
|-ability|p2a: Ampharos|Mold Breaker
|move|p2a: Ampharos|Thunderbolt|p1a: Darmanitan
|-damage|p1a: Darmanitan|8\/351 par
|move|p1a: Darmanitan|Earthquake|p2a: Ampharos
|-supereffective|p2a: Ampharos
|-damage|p2a: Ampharos|0 fnt
|faint|p2a: Ampharos
|
|
|switch|p2a: Chandelure|Chandelure, M|261\/261
|-damage|p2a: Chandelure|196\/261|[from] Stealth Rock
|turn|22
|
|move|p2a: Chandelure|Shadow Ball|p1a: Darmanitan
|-damage|p1a: Darmanitan|0 fnt
|faint|p1a: Darmanitan
|
|
|switch|p1a: Gligar|Gligar, M|334\/334
|turn|23
|
|move|p2a: Chandelure|Shadow Ball|p1a: Gligar
|-damage|p1a: Gligar|31\/334
|-unboost|p1a: Gligar|spd|1
|move|p1a: Gligar|Earthquake|p2a: Chandelure
|-supereffective|p2a: Chandelure
|-damage|p2a: Chandelure|0 fnt
|faint|p2a: Chandelure
|
|
|switch|p2a: Mienshao|Mienshao, M|271\/271
|-damage|p2a: Mienshao|255\/271|[from] Stealth Rock
|turn|24
|
|move|p2a: Mienshao|Knock Off|p1a: Gligar
|-damage|p1a: Gligar|0 fnt
|faint|p1a: Gligar
|
|
|switch|p1a: Jirachi|Jirachi|295\/341
|turn|25
|
|move|p2a: Mienshao|Knock Off|p1a: Jirachi
|-supereffective|p1a: Jirachi
|-damage|p1a: Jirachi|61\/341
|-enditem|p1a: Jirachi|Choice Scarf|[from] move: Knock Off|[of] p2a: Mienshao
|move|p1a: Jirachi|Iron Head|p2a: Mienshao
|-damage|p2a: Mienshao|65\/271
|
|turn|26
|
|move|p2a: Mienshao|Knock Off|p1a: Jirachi
|-supereffective|p1a: Jirachi
|-damage|p1a: Jirachi|0 fnt
|faint|p1a: Jirachi
|
|win|mini117
|raw|Ladder updating...
|raw|VnS.DarkViolet's rating: 1246 &rarr; <strong>1221<\/strong><br \/>(-25 for losing)
|raw|mini117's rating: 1251 &rarr; <strong>1275<\/strong><br \/>(+24 for winning)
|c|âmini117|gg
|leave|VnS.DarkViolet
|player|p1