|join|mini117
|join|Rubbery
|player|p1|mini117|169
|player|p2|Rubbery|2
|gametype|singles
|gen|6
|tier|UU
|rated
|rule|Sleep Clause Mod: Limit one foe put to sleep
|rule|Species Clause: Limit one of each PokÃ©mon
|rule|OHKO Clause: OHKO moves are banned
|rule|Moody Clause: Moody is banned
|rule|Evasion Moves Clause: Evasion moves are banned
|rule|Endless Battle Clause: Forcing endless battles is banned
|rule|HP Percentage Mod: HP is reported as percentages
|clearpoke
|poke|p1|Raikou, shiny
|poke|p1|Crobat, M
|poke|p1|Blastoise, F
|poke|p1|Victini
|poke|p1|Hippowdon, M
|poke|p1|Florges, F
|poke|p2|Swampert, M
|poke|p2|Raikou
|poke|p2|Florges, F
|poke|p2|Victini
|poke|p2|Haxorus, M
|poke|p2|Blastoise, M
|rule|Swagger Clause: Swagger is banned
|rule|Baton Pass Clause: Limit one PokÃ©mon knowing Baton Pass
|teampreview
|
|start
|switch|p1a: Blastoise|Blastoise, F|359\/359
|switch|p2a: Victini|Victini|341\/341
|turn|1
|
|switch|p1a: Hippowdon|Hippowdon, M|420\/420
|-weather|Sandstorm
|move|p2a: Victini|Bolt Strike|p1a: Hippowdon
|-immune|p1a: Hippowdon|[msg]
|
|-weather|Sandstorm|[upkeep]
|-damage|p2a: Victini|320\/341|[from] sandstorm
|turn|2
|
|switch|p2a: Swampert|Swampert, M|404\/404
|move|p1a: Hippowdon|Stealth Rock|p2a: Swampert
|-sidestart|p2: Rubbery|move: Stealth Rock
|
|-weather|Sandstorm|[upkeep]
|turn|3
|
|move|p2a: Swampert|Stealth Rock|p1a: Hippowdon
|-sidestart|p1: mini117|move: Stealth Rock
|move|p1a: Hippowdon|Toxic|p2a: Swampert
|-status|p2a: Swampert|tox
|
|-weather|Sandstorm|[upkeep]
|-damage|p2a: Swampert|379\/404 tox|[from] psn
|turn|4
|
|move|p2a: Swampert|Earthquake|p1a: Hippowdon
|-damage|p1a: Hippowdon|333\/420
|move|p1a: Hippowdon|Slack Off|p1a: Hippowdon
|-heal|p1a: Hippowdon|420\/420
|
|-weather|Sandstorm|[upkeep]
|-heal|p2a: Swampert|404\/404 tox|[from] item: Leftovers
|-damage|p2a: Swampert|354\/404 tox|[from] psn
|turn|5
|
|switch|p2a: Florges|Florges, F|360\/360
|-damage|p2a: Florges|315\/360|[from] Stealth Rock
|move|p1a: Hippowdon|Slack Off|p1a: Hippowdon
|-fail|p1a: Hippowdon
|
|-weather|none
|-heal|p2a: Florges|337\/360|[from] item: Leftovers
|turn|6
|
|move|p2a: Florges|Protect|p2a: Florges
|-singleturn|p2a: Florges|Protect
|move|p1a: Hippowdon|Earthquake|p2a: Florges
|-activate|p2a: Florges|Protect
|
|-heal|p2a: Florges|359\/360|[from] item: Leftovers
|turn|7
|
|move|p2a: Florges|Aromatherapy|p2a: Florges
|-cureteam|p2a: Florges|[from] move: Aromatherapy
|move|p1a: Hippowdon|Earthquake|p2a: Florges
|-damage|p2a: Florges|166\/360
|
|-heal|p2a: Florges|188\/360|[from] item: Leftovers
|turn|8
|
|move|p2a: Florges|Protect|p2a: Florges
|-singleturn|p2a: Florges|Protect
|move|p1a: Hippowdon|Earthquake|p2a: Florges
|-activate|p2a: Florges|Protect
|
|-heal|p2a: Florges|210\/360|[from] item: Leftovers
|turn|9
|
|switch|p2a: Swampert|Swampert, M|354\/404
|-damage|p2a: Swampert|329\/404|[from] Stealth Rock
|switch|p1a: Crobat|Crobat, M|354\/354
|-damage|p1a: Crobat|266\/354|[from] Stealth Rock
|
|-heal|p1a: Crobat|288\/354|[from] item: Black Sludge
|-heal|p2a: Swampert|354\/404|[from] item: Leftovers
|turn|10
|
|move|p1a: Crobat|U-turn|p2a: Swampert
|-damage|p2a: Swampert|311\/404
|
|switch|p1a: Blastoise|Blastoise, F|359\/359
|-damage|p1a: Blastoise|315\/359|[from] Stealth Rock
|move|p2a: Swampert|Ice Beam|p1a: Blastoise
|-resisted|p1a: Blastoise
|-damage|p1a: Blastoise|284\/359
|
|-heal|p2a: Swampert|336\/404|[from] item: Leftovers
|turn|11
|
|detailschange|p1a: Blastoise|Blastoise-Mega, F
|message|Blastoise has Mega Evolved into Mega Blastoise!
|move|p1a: Blastoise|Water Pulse|p2a: Swampert
|-damage|p2a: Swampert|143\/404
|move|p2a: Swampert|Earthquake|p1a: Blastoise
|-damage|p1a: Blastoise|182\/359
|
|-heal|p2a: Swampert|168\/404|[from] item: Leftovers
|turn|12
|
|switch|p2a: Florges|Florges, F|210\/360
|-damage|p2a: Florges|165\/360|[from] Stealth Rock
|move|p1a: Blastoise|Water Pulse|p2a: Florges
|-damage|p2a: Florges|81\/360
|
|-heal|p2a: Florges|103\/360|[from] item: Leftovers
|turn|13
|
|switch|p1a: Crobat|Crobat, M|288\/354
|-damage|p1a: Crobat|200\/354|[from] Stealth Rock
|move|p2a: Florges|Wish|p2a: Florges
|
|-heal|p1a: Crobat|222\/354|[from] item: Black Sludge
|-heal|p2a: Florges|125\/360|[from] item: Leftovers
|turn|14
|
|switch|p2a: Swampert|Swampert, M|168\/404
|-damage|p2a: Swampert|143\/404|[from] Stealth Rock
|move|p1a: Crobat|Defog|p2a: Swampert
|-unboost|p2a: Swampert|evasion|1
|-sideend|p2: Rubbery|Stealth Rock|[from] move: Defog|[of] p2a: Swampert
|-sideend|p1: mini117|Stealth Rock|[from] move: Defog|[of] p1a: Crobat
|
|-heal|p2a: Swampert|323\/404|[from] move: Wish|[wisher] Florges
|-heal|p1a: Crobat|244\/354|[from] item: Black Sludge
|-heal|p2a: Swampert|348\/404|[from] item: Leftovers
|turn|15
|
|switch|p2a: Raikou|Raikou|322\/322
|-ability|p2a: Raikou|Pressure
|move|p1a: Crobat|Brave Bird|p2a: Raikou
|-resisted|p2a: Raikou
|-damage|p2a: Raikou|232\/322
|-damage|p1a: Crobat|214\/354|[from] recoil|[of] p2a: Raikou
|
|-heal|p1a: Crobat|236\/354|[from] item: Black Sludge
|turn|16
|
|switch|p1a: Hippowdon|Hippowdon, M|420\/420
|-weather|Sandstorm
|move|p2a: Raikou|Extrasensory|p1a: Hippowdon
|-damage|p1a: Hippowdon|259\/420
|-damage|p2a: Raikou|200\/322|[from] item: Life Orb
|
|-weather|Sandstorm|[upkeep]
|-damage|p2a: Raikou|180\/322|[from] sandstorm
|-heal|p1a: Hippowdon|285\/420|[from] item: Leftovers
|turn|17
|
|switch|p2a: Blastoise|Blastoise, M|362\/362
|move|p1a: Hippowdon|Slack Off|p1a: Hippowdon
|-heal|p1a: Hippowdon|420\/420
|
|-weather|Sandstorm|[upkeep]
|-damage|p2a: Blastoise|340\/362|[from] sandstorm
|turn|18
|
|switch|p1a: Florges|Florges, F|359\/359
|detailschange|p2a: Blastoise|Blastoise-Mega, M
|message|Blastoise has Mega Evolved into Mega Blastoise!
|move|p2a: Blastoise|Water Pulse|p1a: Florges
|-damage|p1a: Florges|269\/359
|
|-weather|Sandstorm|[upkeep]
|-damage|p2a: Blastoise|318\/362|[from] sandstorm
|-damage|p1a: Florges|247\/359|[from] sandstorm
|-heal|p1a: Florges|269\/359|[from] item: Leftovers
|turn|19
|
|switch|p2a: Victini|Victini|320\/341
|move|p1a: Florges|Wish|p1a: Florges
|
|-weather|Sandstorm|[upkeep]
|-damage|p2a: Victini|299\/341|[from] sandstorm
|-damage|p1a: Florges|247\/359|[from] sandstorm
|-heal|p1a: Florges|269\/359|[from] item: Leftovers
|turn|20
|
|move|p1a: Florges|Protect|p1a: Florges
|-singleturn|p1a: Florges|Protect
|move|p2a: Victini|V-create|p1a: Florges
|-activate|p1a: Florges|Protect
|
|-weather|none
|-heal|p1a: Florges|359\/359|[from] move: Wish|[wisher] Florges
|turn|21
|
|switch|p1a: Hippowdon|Hippowdon, M|420\/420
|-weather|Sandstorm
|move|p2a: Victini|V-create|p1a: Hippowdon
|-damage|p1a: Hippowdon|237\/420
|-unboost|p2a: Victini|def|1
|-unboost|p2a: Victini|spd|1
|-unboost|p2a: Victini|spe|1
|
|-weather|Sandstorm|[upkeep]
|-damage|p2a: Victini|278\/341|[from] sandstorm
|-heal|p1a: Hippowdon|263\/420|[from] item: Leftovers
|turn|22
|
|switch|p2a: Swampert|Swampert, M|348\/404
|move|p1a: Hippowdon|Stealth Rock|p2a: Swampert
|-sidestart|p2: Rubbery|move: Stealth Rock
|
|-weather|Sandstorm|[upkeep]
|-heal|p2a: Swampert|373\/404|[from] item: Leftovers
|-heal|p1a: Hippowdon|289\/420|[from] item: Leftovers
|turn|23
|
|switch|p1a: Blastoise|Blastoise-Mega, F|182\/359
|move|p2a: Swampert|Scald|p1a: Blastoise
|-resisted|p1a: Blastoise
|-damage|p1a: Blastoise|144\/359
|-status|p1a: Blastoise|brn
|
|-weather|Sandstorm|[upkeep]
|-damage|p1a: Blastoise|122\/359 brn|[from] sandstorm
|-heal|p2a: Swampert|398\/404|[from] item: Leftovers
|-damage|p1a: Blastoise|78\/359 brn|[from] brn
|turn|24
|
|switch|p1a: Crobat|Crobat, M|236\/354
|move|p2a: Swampert|Earthquake|p1a: Crobat
|-immune|p1a: Crobat|[msg]
|
|-weather|Sandstorm|[upkeep]
|-damage|p1a: Crobat|214\/354|[from] sandstorm
|-heal|p1a: Crobat|236\/354|[from] item: Black Sludge
|-heal|p2a: Swampert|404\/404|[from] item: Leftovers
|turn|25
|
|move|p1a: Crobat|Brave Bird|p2a: Swampert
|-damage|p2a: Swampert|287\/404
|-damage|p1a: Crobat|197\/354|[from] recoil|[of] p2a: Swampert
|move|p2a: Swampert|Stealth Rock|p1a: Crobat
|-sidestart|p1: mini117|move: Stealth Rock
|
|-weather|none
|-heal|p1a: Crobat|219\/354|[from] item: Black Sludge
|-heal|p2a: Swampert|312\/404|[from] item: Leftovers
|turn|26
|
|move|p1a: Crobat|Roost|p1a: Crobat
|-heal|p1a: Crobat|354\/354
|move|p2a: Swampert|Scald|p1a: Crobat
|-damage|p1a: Crobat|251\/354
|
|-heal|p1a: Crobat|273\/354|[from] item: Black Sludge
|-heal|p2a: Swampert|337\/404|[from] item: Leftovers
|turn|27
|
|move|p1a: Crobat|Brave Bird|p2a: Swampert
|-damage|p2a: Swampert|225\/404
|-damage|p1a: Crobat|236\/354|[from] recoil|[of] p2a: Swampert
|move|p2a: Swampert|Ice Beam|p1a: Crobat
|-supereffective|p1a: Crobat
|-damage|p1a: Crobat|92\/354
|
|-heal|p1a: Crobat|114\/354|[from] item: Black Sludge
|-heal|p2a: Swampert|250\/404|[from] item: Leftovers
|turn|28
|
|move|p1a: Crobat|Roost|p1a: Crobat
|-heal|p1a: Crobat|291\/354
|move|p2a: Swampert|Earthquake|p1a: Crobat
|-supereffective|p1a: Crobat
|-damage|p1a: Crobat|0 fnt
|faint|p1a: Crobat
|
|-heal|p2a: Swampert|275\/404|[from] item: Leftovers
|
|switch|p1a: Victini|Victini|341\/341
|-damage|p1a: Victini|256\/341|[from] Stealth Rock
|turn|29
|
|move|p1a: Victini|Zen Headbutt|p2a: Swampert
|-damage|p2a: Swampert|142\/404
|cant|p2a: Swampert|flinch
|
|-heal|p2a: Swampert|167\/404|[from] item: Leftovers
|turn|30
|
|move|p1a: Victini|Zen Headbutt|p2a: Swampert
|-damage|p2a: Swampert|35\/404
|cant|p2a: Swampert|flinch
|
|-heal|p2a: Swampert|60\/404|[from] item: Leftovers
|turn|31
|chat|Rubbery|wow
|chat|Rubbery|what
|
|switch|p2a: Victini|Victini|278\/341
|-damage|p2a: Victini|193\/341|[from] Stealth Rock
|move|p1a: Victini|Zen Headbutt|p2a: Victini
|-resisted|p2a: Victini
|-damage|p2a: Victini|94\/341
|
|turn|32
|
|move|p2a: Victini|Bolt Strike|p1a: Victini
|-damage|p1a: Victini|132\/341
|-status|p1a: Victini|par
|cant|p1a: Victini|par
|
|turn|33
|
|switch|p2a: Blastoise|Blastoise-Mega, M|318\/362
|-damage|p2a: Blastoise|273\/362|[from] Stealth Rock
|move|p1a: Victini|Zen Headbutt|p2a: Blastoise
|-damage|p2a: Blastoise|120\/362
|
|turn|34
|
|switch|p1a: Florges|Florges, F|359\/359
|-damage|p1a: Florges|315\/359|[from] Stealth Rock
|move|p2a: Blastoise|Water Pulse|p1a: Florges
|-damage|p1a: Florges|218\/359
|-start|p1a: Florges|confusion
|
|-heal|p1a: Florges|240\/359|[from] item: Leftovers
|turn|35
|
|move|p2a: Blastoise|Rapid Spin|p1a: Florges
|-damage|p1a: Florges|220\/359
|-sideend|p2: Rubbery|Stealth Rock|[from] move: Rapid Spin|[of] p2a: Blastoise
|-activate|p1a: Florges|confusion
|-damage|p1a: Florges|190\/359|[from] confusion
|
|-heal|p1a: Florges|212\/359|[from] item: Leftovers
|turn|36
|
|move|p2a: Blastoise|Water Pulse|p1a: Florges
|-damage|p1a: Florges|113\/359
|-activate|p1a: Florges|confusion
|-damage|p1a: Florges|86\/359|[from] confusion
|
|-heal|p1a: Florges|108\/359|[from] item: Leftovers
|turn|37
|
|move|p2a: Blastoise|Water Pulse|p1a: Florges
|-damage|p1a: Florges|15\/359
|-end|p1a: Florges|confusion
|move|p1a: Florges|Wish|p1a: Florges
|
|-heal|p1a: Florges|37\/359|[from] item: Leftovers
|turn|38
|
|switch|p2a: Haxorus|Haxorus, M|302\/302
|-ability|p2a: Haxorus|Mold Breaker
|move|p1a: Florges|Protect|p1a: Florges
|-fail|p1a: Florges
|
|-heal|p1a: Florges|216\/359|[from] move: Wish|[wisher] Florges
|-heal|p1a: Florges|238\/359|[from] item: Leftovers
|turn|39
|
|switch|p1a: Hippowdon|Hippowdon, M|289\/420
|-damage|p1a: Hippowdon|263\/420|[from] Stealth Rock
|-weather|Sandstorm
|move|p2a: Haxorus|Poison Jab|p1a: Hippowdon
|-resisted|p1a: Hippowdon
|-damage|p1a: Hippowdon|225\/420
|
|-weather|Sandstorm|[upkeep]
|-damage|p2a: Haxorus|284\/302|[from] sandstorm
|-heal|p1a: Hippowdon|251\/420|[from] item: Leftovers
|turn|40
|
|move|p2a: Haxorus|Dragon Claw|p1a: Hippowdon
|-crit|p1a: Hippowdon
|-damage|p1a: Hippowdon|89\/420
|move|p1a: Hippowdon|Earthquake|p2a: Haxorus
|-damage|p2a: Haxorus|133\/302
|
|-weather|Sandstorm|[upkeep]
|-damage|p2a: Haxorus|115\/302|[from] sandstorm
|-heal|p1a: Hippowdon|115\/420|[from] item: Leftovers
|turn|41
|
|move|p2a: Haxorus|Dragon Claw|p1a: Hippowdon
|-damage|p1a: Hippowdon|1\/420
|move|p1a: Hippowdon|Slack Off|p1a: Hippowdon
|-heal|p1a: Hippowdon|211\/420
|
|-weather|Sandstorm|[upkeep]
|-damage|p2a: Haxorus|97\/302|[from] sandstorm
|-heal|p1a: Hippowdon|237\/420|[from] item: Leftovers
|turn|42
|chat|Rubbery|so lucky this game
|
|move|p2a: Haxorus|Dragon Claw|p1a: Hippowdon
|-damage|p1a: Hippowdon|122\/420
|move|p1a: Hippowdon|Slack Off|p1a: Hippowdon
|-heal|p1a: Hippowdon|332\/420
|
|-weather|Sandstorm|[upkeep]
|-damage|p2a: Haxorus|79\/302|[from] sandstorm
|-heal|p1a: Hippowdon|358\/420|[from] item: Leftovers
|turn|43
|
|move|p2a: Haxorus|Dragon Claw|p1a: Hippowdon
|-damage|p1a: Hippowdon|240\/420
|move|p1a: Hippowdon|Earthquake|p2a: Haxorus
|-damage|p2a: Haxorus|0 fnt
|faint|p2a: Haxorus
|
|-weather|none
|-heal|p1a: Hippowdon|266\/420|[from] item: Leftovers
|
|switch|p2a: Swampert|Swampert, M|60\/404
|turn|44
|
|move|p2a: Swampert|Scald|p1a: Hippowdon
|-supereffective|p1a: Hippowdon
|-damage|p1a: Hippowdon|0 fnt
|faint|p1a: Hippowdon
|
|-heal|p2a: Swampert|85\/404|[from] item: Leftovers
|
|switch|p1a: Blastoise|Blastoise-Mega, F|78\/359 brn
|-damage|p1a: Blastoise|34\/359 brn|[from] Stealth Rock
|turn|45
|
|switch|p2a: Florges|Florges, F|125\/360
|move|p1a: Blastoise|Water Pulse|p2a: Florges
|-damage|p2a: Florges|38\/360
|
|-heal|p2a: Florges|60\/360|[from] item: Leftovers
|-damage|p1a: Blastoise|0 fnt|[from] brn
|faint|p1a: Blastoise
|
|switch|p1a: Raikou|Raikou, shiny|322\/322
|-damage|p1a: Raikou|282\/322|[from] Stealth Rock
|-ability|p1a: Raikou|Pressure
|turn|46
|
|move|p2a: Florges|Protect|p2a: Florges
|-singleturn|p2a: Florges|Protect
|move|p1a: Raikou|Thunderbolt|p2a: Florges
|-activate|p2a: Florges|Protect
|
|-heal|p2a: Florges|82\/360|[from] item: Leftovers
|turn|47
|
|switch|p2a: Swampert|Swampert, M|85\/404
|move|p1a: Raikou|Thunderbolt|p2a: Swampert
|-immune|p2a: Swampert|[msg]
|
|-heal|p2a: Swampert|110\/404|[from] item: Leftovers
|turn|48
|
|switch|p1a: Florges|Florges, F|238\/359
|-damage|p1a: Florges|194\/359|[from] Stealth Rock
|move|p2a: Swampert|Earthquake|p1a: Florges
|-damage|p1a: Florges|8\/359
|
|-heal|p1a: Florges|30\/359|[from] item: Leftovers
|-heal|p2a: Swampert|135\/404|[from] item: Leftovers
|turn|49
|
|move|p1a: Florges|Moonblast|p2a: Swampert
|-damage|p2a: Swampert|0 fnt
|faint|p2a: Swampert
|
|-heal|p1a: Florges|52\/359|[from] item: Leftovers
|
|switch|p2a: Raikou|Raikou|180\/322
|-ability|p2a: Raikou|Pressure
|turn|50
|
|move|p1a: Florges|Protect|p1a: Florges
|-singleturn|p1a: Florges|Protect
|move|p2a: Raikou|Thunderbolt|p1a: Florges
|-activate|p1a: Florges|Protect
|
|-heal|p1a: Florges|74\/359|[from] item: Leftovers
|turn|51
|
|switch|p1a: Raikou|Raikou, shiny|282\/322
|-damage|p1a: Raikou|242\/322|[from] Stealth Rock
|-ability|p1a: Raikou|Pressure
|move|p2a: Raikou|Thunderbolt|p1a: Raikou
|-resisted|p1a: Raikou
|-damage|p1a: Raikou|137\/322
|-damage|p2a: Raikou|148\/322|[from] item: Life Orb
|
|turn|52
|
|move|p1a: Raikou|Aura Sphere|p2a: Raikou
|-damage|p2a: Raikou|51\/322
|move|p2a: Raikou|Extrasensory|p1a: Raikou
|-damage|p1a: Raikou|8\/322
|-damage|p2a: Raikou|19\/322|[from] item: Life Orb
|
|turn|53
|
|move|p1a: Raikou|Aura Sphere|p2a: Raikou
|-damage|p2a: Raikou|0 fnt
|faint|p2a: Raikou
|
|
|switch|p2a: Florges|Florges, F|82\/360
|turn|54
|
|move|p1a: Raikou|Aura Sphere|p2a: Florges
|-resisted|p2a: Florges
|-damage|p2a: Florges|57\/360
|move|p2a: Florges|Wish|p2a: Florges
|
|-heal|p2a: Florges|79\/360|[from] item: Leftovers
|turn|55
|
|move|p1a: Raikou|Aura Sphere|p2a: Florges
|-resisted|p2a: Florges
|-damage|p2a: Florges|52\/360
|move|p2a: Florges|Moonblast|p1a: Raikou
|-crit|p1a: Raikou
|-damage|p1a: Raikou|0 fnt
|faint|p1a: Raikou
|
|-heal|p2a: Florges|232\/360|[from] move: Wish|[wisher] Florges
|-heal|p2a: Florges|254\/360|[from] item: Leftovers
|
|switch|p1a: Victini|Victini|132\/341 par
|-damage|p1a: Victini|47\/341 par|[from] Stealth Rock
|turn|56
|
|move|p2a: Florges|Protect|p2a: Florges
|-singleturn|p2a: Florges|Protect
|move|p1a: Victini|V-create|p2a: Florges
|-activate|p2a: Florges|Protect
|
|-heal|p2a: Florges|276\/360|[from] item: Leftovers
|turn|57
|
|move|p2a: Florges|Moonblast|p1a: Victini
|-resisted|p1a: Victini
|-damage|p1a: Victini|0 fnt
|faint|p1a: Victini
|
|-heal|p2a: Florges|298\/360|[from] item: Leftovers
|
|switch|p1a: Florges|Florges, F|74\/359
|-damage|p1a: Florges|30\/359|[from] Stealth Rock
|turn|58
|
|move|p1a: Florges|Protect|p1a: Florges
|-singleturn|p1a: Florges|Protect
|move|p2a: Florges|Moonblast|p1a: Florges
|-activate|p1a: Florges|Protect
|
|-heal|p1a: Florges|52\/359|[from] item: Leftovers
|-heal|p2a: Florges|320\/360|[from] item: Leftovers
|turn|59
|
|move|p1a: Florges|Protect|p1a: Florges
|-singleturn|p1a: Florges|Protect
|move|p2a: Florges|Moonblast|p1a: Florges
|-activate|p1a: Florges|Protect
|
|-heal|p2a: Florges|342\/360|[from] item: Leftovers
|-heal|p1a: Florges|74\/359|[from] item: Leftovers
|turn|60
|
|move|p1a: Florges|Wish|p1a: Florges
|move|p2a: Florges|Moonblast|p1a: Florges
|-damage|p1a: Florges|5\/359
|-unboost|p1a: Florges|spa|1
|
|-heal|p2a: Florges|360\/360|[from] item: Leftovers
|-heal|p1a: Florges|27\/359|[from] item: Leftovers
|turn|61
|
|move|p1a: Florges|Protect|p1a: Florges
|-singleturn|p1a: Florges|Protect
|move|p2a: Florges|Moonblast|p1a: Florges
|-activate|p1a: Florges|Protect
|
|-heal|p1a: Florges|206\/359|[from] move: Wish|[wisher] Florges
|-heal|p1a: Florges|228\/359|[from] item: Leftovers
|turn|62
|
|move|p1a: Florges|Wish|p1a: Florges
|move|p2a: Florges|Moonblast|p1a: Florges
|-damage|p1a: Florges|164\/359
|
|-heal|p1a: Florges|186\/359|[from] item: Leftovers
|turn|63
|
|move|p1a: Florges|Moonblast|p2a: Florges
|-damage|p2a: Florges|317\/360
|-unboost|p2a: Florges|spa|1
|move|p2a: Florges|Moonblast|p1a: Florges
|-damage|p1a: Florges|143\/359
|
|-heal|p1a: Florges|322\/359|[from] move: Wish|[wisher] Florges
|-heal|p1a: Florges|344\/359|[from] item: Leftovers
|-heal|p2a: Florges|339\/360|[from] item: Leftovers
|turn|64
|
|move|p2a: Florges|Wish|p2a: Florges
|move|p1a: Florges|Moonblast|p2a: Florges
|-damage|p2a: Florges|296\/360
|
|-heal|p1a: Florges|359\/359|[from] item: Leftovers
|-heal|p2a: Florges|318\/360|[from] item: Leftovers
|turn|65
|
|switch|p2a: Victini|Victini|94\/341
|move|p1a: Florges|Moonblast|p2a: Victini
|-resisted|p2a: Victini
|-damage|p2a: Victini|52\/341
|
|-heal|p2a: Victini|232\/341|[from] move: Wish|[wisher] Florges
|turn|66
|
|move|p2a: Victini|V-create|p1a: Florges
|-damage|p1a: Florges|0 fnt
|-unboost|p2a: Victini|def|1
|-unboost|p2a: Victini|spd|1
|-unboost|p2a: Victini|spe|1
|faint|p1a: Florges
|
|win|Rubbery
|raw|Ladder updating...
|raw|mini117's rating: 1482 &rarr; <strong>1456<\/strong><br \/>(-26 for losing)
|raw|Rubbery's rating: 1373 &rarr; <strong>1399<\/strong><br \/>(+26 for winning)
|leave|mini117
|player|p1