|join|Average Potato
|join|mini117
|player|p1|Average Potato|165
|player|p2|mini117|102
|gametype|singles
|gen|6
|tier|UU
|rated
|rule|Sleep Clause Mod: Limit one foe put to sleep
|rule|Species Clause: Limit one of each PokÃ©mon
|rule|OHKO Clause: OHKO moves are banned
|rule|Moody Clause: Moody is banned
|rule|Evasion Moves Clause: Evasion moves are banned
|rule|Endless Battle Clause: Forcing endless battles is banned
|rule|HP Percentage Mod: HP is reported as percentages
|clearpoke
|poke|p1|Trevenant, M
|poke|p1|Milotic, M
|poke|p1|Hydreigon, F
|poke|p1|Honchkrow, F
|poke|p1|Chandelure, M
|poke|p1|Blastoise, M
|poke|p2|Metagross
|poke|p2|Alakazam, F
|poke|p2|Darmanitan, M
|poke|p2|Forretress, M
|poke|p2|Blastoise, M
|poke|p2|Swampert, M
|rule|Swagger Clause: Swagger is banned
|rule|Baton Pass Clause: Limit one PokÃ©mon knowing Baton Pass
|teampreview
|
|start
|switch|p1a: Hydreigon|Hydreigon, F|325\/325
|switch|p2a: Darmanitan|Darmanitan, M|352\/352
|turn|1
|
|move|p2a: Darmanitan|Superpower|p1a: Hydreigon
|-supereffective|p1a: Hydreigon
|-damage|p1a: Hydreigon|0 fnt
|-unboost|p2a: Darmanitan|atk|1
|-unboost|p2a: Darmanitan|def|1
|faint|p1a: Hydreigon
|
|
|switch|p1a: Milotic|Milotic, M|352\/352
|turn|2
|
|switch|p2a: Blastoise|Blastoise, M|300\/300
|move|p1a: Milotic|Toxic|p2a: Blastoise|[miss]
|-miss|p1a: Milotic|p2a: Blastoise
|
|-status|p1a: Milotic|brn|[from] item: Flame Orb
|turn|3
|
|detailschange|p2a: Blastoise|Blastoise-Mega, M
|message|Blastoise has Mega Evolved into Mega Blastoise!
|move|p2a: Blastoise|Dark Pulse|p1a: Milotic
|-damage|p1a: Milotic|239\/352 brn
|move|p1a: Milotic|Toxic|p2a: Blastoise
|-status|p2a: Blastoise|tox
|
|-damage|p2a: Blastoise|282\/300 tox|[from] psn
|-damage|p1a: Milotic|195\/352 brn|[from] brn
|turn|4
|
|move|p2a: Blastoise|Dark Pulse|p1a: Milotic
|-damage|p1a: Milotic|74\/352 brn
|move|p1a: Milotic|Recover|p1a: Milotic
|-heal|p1a: Milotic|250\/352 brn
|
|-damage|p2a: Blastoise|246\/300 tox|[from] psn
|-damage|p1a: Milotic|206\/352 brn|[from] brn
|turn|5
|
|switch|p2a: Alakazam|Alakazam, F|252\/252
|move|p1a: Milotic|Recover|p1a: Milotic
|-heal|p1a: Milotic|352\/352 brn
|
|-damage|p1a: Milotic|308\/352 brn|[from] brn
|turn|6
|
|move|p2a: Alakazam|Shadow Ball|p1a: Milotic
|-damage|p1a: Milotic|232\/352 brn
|move|p1a: Milotic|Toxic|p2a: Alakazam
|-status|p2a: Alakazam|tox
|
|-damage|p1a: Milotic|188\/352 brn|[from] brn
|turn|7
|
|move|p2a: Alakazam|Energy Ball|p1a: Milotic
|-supereffective|p1a: Milotic
|-damage|p1a: Milotic|28\/352 brn
|move|p1a: Milotic|Recover|p1a: Milotic
|-heal|p1a: Milotic|204\/352 brn
|
|-damage|p1a: Milotic|160\/352 brn|[from] brn
|turn|8
|
|move|p2a: Alakazam|Energy Ball|p1a: Milotic
|-supereffective|p1a: Milotic
|-damage|p1a: Milotic|0 fnt
|faint|p1a: Milotic
|
|
|switch|p1a: Honchkrow|Honchkrow, F|404\/404
|turn|9
|
|switch|p2a: Forretress|Forretress, M|354\/354
|move|p1a: Honchkrow|Night Slash|p2a: Forretress
|-crit|p2a: Forretress
|-damage|p2a: Forretress|230\/354
|-damage|p1a: Honchkrow|337\/404|[from] item: Rocky Helmet|[of] p2a: Forretress
|
|-heal|p1a: Honchkrow|362\/404|[from] item: Leftovers
|turn|10
|
|move|p1a: Honchkrow|Night Slash|p2a: Forretress
|-damage|p2a: Forretress|152\/354
|-damage|p1a: Honchkrow|295\/404|[from] item: Rocky Helmet|[of] p2a: Forretress
|move|p2a: Forretress|Stealth Rock|p1a: Honchkrow
|-sidestart|p1: Average Potato|move: Stealth Rock
|
|-heal|p1a: Honchkrow|320\/404|[from] item: Leftovers
|turn|11
|
|move|p1a: Honchkrow|Night Slash|p2a: Forretress
|-damage|p2a: Forretress|80\/354
|-damage|p1a: Honchkrow|253\/404|[from] item: Rocky Helmet|[of] p2a: Forretress
|move|p2a: Forretress|Toxic Spikes|p1a: Honchkrow
|-sidestart|p1: Average Potato|move: Toxic Spikes
|
|-heal|p1a: Honchkrow|278\/404|[from] item: Leftovers
|turn|12
|
|move|p1a: Honchkrow|Brave Bird|p2a: Forretress
|-damage|p2a: Forretress|0 fnt
|-damage|p1a: Honchkrow|211\/404|[from] item: Rocky Helmet|[of] p2a: Forretress
|-damage|p1a: Honchkrow|185\/404|[from] recoil|[of] p2a: Forretress
|faint|p2a: Forretress
|-boost|p1a: Honchkrow|atk|1|[from] ability: Moxie
|
|-heal|p1a: Honchkrow|210\/404|[from] item: Leftovers
|
|switch|p2a: Blastoise|Blastoise-Mega, M|246\/300 tox
|turn|13
|
|move|p1a: Honchkrow|Sucker Punch|p2a: Blastoise
|-damage|p2a: Blastoise|48\/300 tox
|move|p2a: Blastoise|Ice Beam|p1a: Honchkrow
|-crit|p1a: Honchkrow
|-supereffective|p1a: Honchkrow
|-damage|p1a: Honchkrow|0 fnt
|faint|p1a: Honchkrow
|
|-damage|p2a: Blastoise|30\/300 tox|[from] psn
|
|switch|p1a: Blastoise|Blastoise, M|362\/362
|-damage|p1a: Blastoise|317\/362|[from] Stealth Rock
|-status|p1a: Blastoise|psn
|turn|14
|
|detailschange|p1a: Blastoise|Blastoise-Mega, M
|message|Blastoise has Mega Evolved into Mega Blastoise!
|move|p2a: Blastoise|Dark Pulse|p1a: Blastoise
|-damage|p1a: Blastoise|182\/362 psn
|move|p1a: Blastoise|Rapid Spin|p2a: Blastoise
|-damage|p2a: Blastoise|16\/300 tox
|-sideend|p1: Average Potato|Toxic Spikes|[from] move: Rapid Spin|[of] p1a: Blastoise
|-sideend|p1: Average Potato|Stealth Rock|[from] move: Rapid Spin|[of] p1a: Blastoise
|
|-damage|p2a: Blastoise|0 fnt|[from] psn
|-damage|p1a: Blastoise|137\/362 psn|[from] psn
|faint|p2a: Blastoise
|
|switch|p2a: Alakazam|Alakazam, F|252\/252 tox
|turn|15
|
|move|p2a: Alakazam|Shadow Ball|p1a: Blastoise
|-damage|p1a: Blastoise|44\/362 psn
|move|p1a: Blastoise|Water Pulse|p2a: Alakazam
|-damage|p2a: Alakazam|47\/252 tox
|
|-damage|p1a: Blastoise|0 fnt|[from] psn
|faint|p1a: Blastoise
|
|switch|p1a: Chandelure|Chandelure, M|324\/324
|turn|16
|
|move|p2a: Alakazam|Shadow Ball|p1a: Chandelure
|-supereffective|p1a: Chandelure
|-damage|p1a: Chandelure|120\/324
|move|p1a: Chandelure|Shadow Ball|p2a: Alakazam
|-supereffective|p2a: Alakazam
|-damage|p2a: Alakazam|0 fnt
|faint|p2a: Alakazam
|
|
|switch|p2a: Swampert|Swampert, M|404\/404
|turn|17
|
|switch|p1a: Trevenant|Trevenant, M|374\/374
|move|p2a: Swampert|Waterfall|p1a: Trevenant
|-resisted|p1a: Trevenant
|-damage|p1a: Trevenant|305\/374
|
|turn|18
|
|switch|p2a: Darmanitan|Darmanitan, M|352\/352
|move|p1a: Trevenant|Substitute|p1a: Trevenant
|-start|p1a: Trevenant|Substitute
|-damage|p1a: Trevenant|212\/374
|
|turn|19
|
|move|p2a: Darmanitan|U-turn|p1a: Trevenant
|-end|p1a: Trevenant|Substitute
|
|switch|p2a: Swampert|Swampert, M|404\/404
|move|p1a: Trevenant|Shadow Claw|p2a: Swampert
|-damage|p2a: Swampert|308\/404
|
|-heal|p2a: Swampert|333\/404|[from] item: Leftovers
|turn|20
|
|move|p2a: Swampert|Ice Punch|p1a: Trevenant
|-supereffective|p1a: Trevenant
|-damage|p1a: Trevenant|28\/374
|-enditem|p1a: Trevenant|Sitrus Berry|[eat]
|-heal|p1a: Trevenant|121\/374|[from] item: Sitrus Berry
|move|p1a: Trevenant|Shadow Claw|p2a: Swampert
|-crit|p2a: Swampert
|-damage|p2a: Swampert|185\/404
|
|-heal|p2a: Swampert|210\/404|[from] item: Leftovers
|-item|p1a: Trevenant|Sitrus Berry|[from] ability: Harvest
|-enditem|p1a: Trevenant|Sitrus Berry|[eat]
|-heal|p1a: Trevenant|214\/374|[from] item: Sitrus Berry
|turn|21
|
|move|p2a: Swampert|Ice Punch|p1a: Trevenant
|-supereffective|p1a: Trevenant
|-damage|p1a: Trevenant|30\/374
|move|p1a: Trevenant|Horn Leech|p2a: Swampert
|-supereffective|p2a: Swampert
|-damage|p2a: Swampert|0 fnt
|-heal|p1a: Trevenant|135\/374|[from] drain|[of] p2a: Swampert
|faint|p2a: Swampert
|
|-item|p1a: Trevenant|Sitrus Berry|[from] ability: Harvest
|
|switch|p2a: Darmanitan|Darmanitan, M|352\/352
|-enditem|p1a: Trevenant|Sitrus Berry|[eat]
|-heal|p1a: Trevenant|228\/374|[from] item: Sitrus Berry
|turn|22
|
|switch|p1a: Chandelure|Chandelure, M|120\/324
|move|p2a: Darmanitan|Flare Blitz|p1a: Chandelure
|-start|p1a: Chandelure|ability: Flash Fire
|
|turn|23
|
|switch|p2a: Metagross|Metagross|302\/302
|move|p1a: Chandelure|Shadow Ball|p2a: Metagross
|-supereffective|p2a: Metagross
|-damage|p2a: Metagross|0 fnt
|faint|p2a: Metagross
|
|
|switch|p2a: Darmanitan|Darmanitan, M|352\/352
|turn|24
|
|move|p2a: Darmanitan|Earthquake|p1a: Chandelure
|-supereffective|p1a: Chandelure
|-damage|p1a: Chandelure|0 fnt
|faint|p1a: Chandelure
|
|
|switch|p1a: Trevenant|Trevenant, M|228\/374
|turn|25
|
|move|p2a: Darmanitan|Earthquake|p1a: Trevenant
|-resisted|p1a: Trevenant
|-damage|p1a: Trevenant|147\/374
|move|p1a: Trevenant|Substitute|p1a: Trevenant
|-start|p1a: Trevenant|Substitute
|-damage|p1a: Trevenant|54\/374
|
|turn|26
|
|move|p2a: Darmanitan|Earthquake|p1a: Trevenant
|-resisted|p1a: Trevenant
|-activate|p1a: Trevenant|Substitute|[damage]
|move|p1a: Trevenant|Shadow Claw|p2a: Darmanitan
|-damage|p2a: Darmanitan|213\/352
|
|turn|27
|
|move|p2a: Darmanitan|Earthquake|p1a: Trevenant
|-resisted|p1a: Trevenant
|-end|p1a: Trevenant|Substitute
|move|p1a: Trevenant|Shadow Claw|p2a: Darmanitan
|-damage|p2a: Darmanitan|78\/352
|
|-item|p1a: Trevenant|Sitrus Berry|[from] ability: Harvest
|-enditem|p1a: Trevenant|Sitrus Berry|[eat]
|-heal|p1a: Trevenant|147\/374|[from] item: Sitrus Berry
|turn|28
|
|move|p2a: Darmanitan|Earthquake|p1a: Trevenant
|-resisted|p1a: Trevenant
|-damage|p1a: Trevenant|67\/374
|move|p1a: Trevenant|Shadow Claw|p2a: Darmanitan
|-damage|p2a: Darmanitan|0 fnt
|faint|p2a: Darmanitan
|
|win|Average Potato
|raw|Ladder updating...
|raw|Average Potato's rating: 1144 &rarr; <strong>1173<\/strong><br \/>(+29 for winning)
|raw|mini117's rating: 1207 &rarr; <strong>1178<\/strong><br \/>(-29 for losing)
|chat|Average Potato|gg
|chat|mini117|gg
|leave|mini117
|player|p2