|join|mini117
|join|Saumbohdhe
|player|p1|mini117|281
|player|p2|Saumbohdhe|196
|gametype|singles
|gen|6
|tier|UU
|rated
|rule|Sleep Clause Mod: Limit one foe put to sleep
|rule|Species Clause: Limit one of each PokÃ©mon
|rule|OHKO Clause: OHKO moves are banned
|rule|Moody Clause: Moody is banned
|rule|Evasion Moves Clause: Evasion moves are banned
|rule|Endless Battle Clause: Forcing endless battles is banned
|rule|HP Percentage Mod: HP is shown in percentages
|clearpoke
|poke|p1|Crobat, F
|poke|p1|Blastoise, F
|poke|p1|Raikou, shiny
|poke|p1|Florges, F
|poke|p1|Hippowdon, F
|poke|p2|Dugtrio, M
|poke|p2|Lucario, F
|poke|p2|Forretress, M
|poke|p2|Gastrodon, M
|poke|p2|Raikou, shiny
|poke|p2|Snorlax, F, shiny
|rule|Swagger Clause: Swagger is banned
|rule|Baton Pass Clause: Limit one PokÃ©mon knowing Baton Pass
|teampreview
|
|start
|switch|p1a: Blastoise|Blastoise, F|359\/359
|switch|p2a: Gastrodon|Gastrodon, M|426\/426
|turn|1
|
|detailschange|p1a: Blastoise|Blastoise-Mega, F
|message|Blastoise has Mega Evolved into Mega Blastoise!
|move|p1a: Blastoise|Dark Pulse|p2a: Gastrodon
|-damage|p2a: Gastrodon|247\/426
|move|p2a: Gastrodon|Scald|p1a: Blastoise
|-resisted|p1a: Blastoise
|-damage|p1a: Blastoise|323\/359
|
|-heal|p2a: Gastrodon|273\/426|[from] item: Leftovers
|turn|2
|
|move|p1a: Blastoise|Dark Pulse|p2a: Gastrodon
|-crit|p2a: Gastrodon
|-damage|p2a: Gastrodon|5\/426
|move|p2a: Gastrodon|Recover|p2a: Gastrodon
|-heal|p2a: Gastrodon|218\/426
|
|-heal|p2a: Gastrodon|244\/426|[from] item: Leftovers
|turn|3
|
|switch|p2a: Lucario|Lucario, F|281\/281
|move|p1a: Blastoise|Dark Pulse|p2a: Lucario
|-crit|p2a: Lucario
|-resisted|p2a: Lucario
|-damage|p2a: Lucario|111\/281
|-boost|p2a: Lucario|atk|1|[from] ability: Justified
|
|turn|4
|
|move|p2a: Lucario|Close Combat|p1a: Blastoise
|-damage|p1a: Blastoise|0 fnt
|-unboost|p2a: Lucario|def|1
|-unboost|p2a: Lucario|spd|1
|-damage|p2a: Lucario|83\/281|[from] item: Life Orb
|faint|p1a: Blastoise
|
|
|switch|p1a: Raikou|Raikou, shiny|322\/322
|-ability|p1a: Raikou|Pressure
|turn|5
|
|move|p2a: Lucario|Extreme Speed|p1a: Raikou
|-damage|p1a: Raikou|98\/322
|-damage|p2a: Lucario|55\/281|[from] item: Life Orb
|move|p1a: Raikou|Aura Sphere|p2a: Lucario
|-supereffective|p2a: Lucario
|-damage|p2a: Lucario|0 fnt
|faint|p2a: Lucario
|
|
|switch|p2a: Dugtrio|Dugtrio, M|212\/212
|turn|6
|
|move|p1a: Raikou|Aura Sphere|p2a: Dugtrio
|-damage|p2a: Dugtrio|73\/212
|move|p2a: Dugtrio|Earthquake|p1a: Raikou
|-supereffective|p1a: Raikou
|-damage|p1a: Raikou|0 fnt
|faint|p1a: Raikou
|
|
|switch|p1a: Crobat|Crobat, F|354\/354
|turn|7
|
|switch|p2a: Forretress|Forretress, M|354\/354
|move|p1a: Crobat|U-turn|p2a: Forretress
|-resisted|p2a: Forretress
|-damage|p2a: Forretress|339\/354
|
|switch|p1a: Hippowdon|Hippowdon, F|420\/420
|-weather|Sandstorm
|
|-weather|Sandstorm|[upkeep]
|-heal|p2a: Forretress|354\/354|[from] item: Leftovers
|turn|8
|
|move|p1a: Hippowdon|Stealth Rock|p2a: Forretress
|-sidestart|p2: Saumbohdhe|move: Stealth Rock
|move|p2a: Forretress|Stealth Rock|p1a: Hippowdon
|-sidestart|p1: mini117|move: Stealth Rock
|
|-weather|Sandstorm|[upkeep]
|turn|9
|
|move|p1a: Hippowdon|Earthquake|p2a: Forretress
|-damage|p2a: Forretress|279\/354
|move|p2a: Forretress|Toxic Spikes|p1a: Hippowdon
|-sidestart|p1: mini117|move: Toxic Spikes
|
|-weather|Sandstorm|[upkeep]
|-heal|p2a: Forretress|301\/354|[from] item: Leftovers
|turn|10
|
|move|p1a: Hippowdon|Earthquake|p2a: Forretress
|-damage|p2a: Forretress|229\/354
|move|p2a: Forretress|Rapid Spin|p1a: Hippowdon
|-damage|p1a: Hippowdon|410\/420
|-sideend|p2: Saumbohdhe|Stealth Rock|[from] move: Rapid Spin|[of] p2a: Forretress
|
|-weather|Sandstorm|[upkeep]
|-heal|p1a: Hippowdon|420\/420|[from] item: Leftovers
|-heal|p2a: Forretress|251\/354|[from] item: Leftovers
|turn|11
|
|move|p1a: Hippowdon|Earthquake|p2a: Forretress
|-damage|p2a: Forretress|184\/354
|move|p2a: Forretress|Gyro Ball|p1a: Hippowdon
|-damage|p1a: Hippowdon|390\/420
|
|-weather|none
|-heal|p1a: Hippowdon|416\/420|[from] item: Leftovers
|-heal|p2a: Forretress|206\/354|[from] item: Leftovers
|turn|12
|
|switch|p2a: Dugtrio|Dugtrio, M|73\/212
|move|p1a: Hippowdon|Earthquake|p2a: Dugtrio
|-damage|p2a: Dugtrio|0 fnt
|faint|p2a: Dugtrio
|
|-heal|p1a: Hippowdon|420\/420|[from] item: Leftovers
|
|switch|p2a: Gastrodon|Gastrodon, M|244\/426
|turn|13
|
|move|p1a: Hippowdon|Earthquake|p2a: Gastrodon
|-damage|p2a: Gastrodon|120\/426
|move|p2a: Gastrodon|Scald|p1a: Hippowdon
|-supereffective|p1a: Hippowdon
|-damage|p1a: Hippowdon|178\/420
|-status|p1a: Hippowdon|brn
|
|-heal|p1a: Hippowdon|204\/420 brn|[from] item: Leftovers
|-heal|p2a: Gastrodon|146\/426|[from] item: Leftovers
|-damage|p1a: Hippowdon|152\/420 brn|[from] brn
|turn|14
|
|move|p1a: Hippowdon|Toxic|p2a: Gastrodon|[miss]
|-miss|p1a: Hippowdon|p2a: Gastrodon
|move|p2a: Gastrodon|Recover|p2a: Gastrodon
|-heal|p2a: Gastrodon|359\/426
|
|-heal|p1a: Hippowdon|178\/420 brn|[from] item: Leftovers
|-heal|p2a: Gastrodon|385\/426|[from] item: Leftovers
|-damage|p1a: Hippowdon|126\/420 brn|[from] brn
|turn|15
|
|move|p1a: Hippowdon|Toxic|p2a: Gastrodon
|-status|p2a: Gastrodon|tox
|move|p2a: Gastrodon|Scald|p1a: Hippowdon
|-supereffective|p1a: Hippowdon
|-damage|p1a: Hippowdon|0 fnt
|faint|p1a: Hippowdon
|
|-heal|p2a: Gastrodon|411\/426 tox|[from] item: Leftovers
|-damage|p2a: Gastrodon|385\/426 tox|[from] psn
|
|switch|p1a: Crobat|Crobat, F|354\/354
|-damage|p1a: Crobat|266\/354|[from] Stealth Rock
|turn|16
|
|move|p1a: Crobat|Defog|p2a: Gastrodon
|-unboost|p2a: Gastrodon|evasion|1
|-sideend|p1: mini117|Toxic Spikes|[from] move: Defog|[of] p1a: Crobat
|-sideend|p1: mini117|Stealth Rock|[from] move: Defog|[of] p1a: Crobat
|move|p2a: Gastrodon|Ice Beam|p1a: Crobat
|-supereffective|p1a: Crobat
|-damage|p1a: Crobat|106\/354
|
|-heal|p1a: Crobat|128\/354|[from] item: Black Sludge
|-heal|p2a: Gastrodon|411\/426 tox|[from] item: Leftovers
|-damage|p2a: Gastrodon|359\/426 tox|[from] psn
|turn|17
|
|move|p1a: Crobat|Roost|p1a: Crobat
|-heal|p1a: Crobat|305\/354
|move|p2a: Gastrodon|Scald|p1a: Crobat
|-damage|p1a: Crobat|208\/354
|-status|p1a: Crobat|brn
|
|-heal|p1a: Crobat|230\/354 brn|[from] item: Black Sludge
|-heal|p2a: Gastrodon|385\/426 tox|[from] item: Leftovers
|-damage|p1a: Crobat|186\/354 brn|[from] brn
|-damage|p2a: Gastrodon|307\/426 tox|[from] psn
|turn|18
|
|switch|p2a: Forretress|Forretress, M|206\/354
|move|p1a: Crobat|Roost|p1a: Crobat
|-heal|p1a: Crobat|354\/354 brn
|
|-heal|p2a: Forretress|228\/354|[from] item: Leftovers
|-damage|p1a: Crobat|310\/354 brn|[from] brn
|turn|19
|
|move|p1a: Crobat|Brave Bird|p2a: Forretress
|-damage|p2a: Forretress|182\/354
|-damage|p1a: Crobat|295\/354 brn|[from] recoil|[of] p2a: Forretress
|move|p2a: Forretress|Gyro Ball|p1a: Crobat
|-damage|p1a: Crobat|136\/354 brn
|
|-heal|p1a: Crobat|158\/354 brn|[from] item: Black Sludge
|-heal|p2a: Forretress|204\/354|[from] item: Leftovers
|-damage|p1a: Crobat|114\/354 brn|[from] brn
|turn|20
|
|move|p1a: Crobat|Brave Bird|p2a: Forretress
|-damage|p2a: Forretress|164\/354
|-damage|p1a: Crobat|101\/354 brn|[from] recoil|[of] p2a: Forretress
|move|p2a: Forretress|Gyro Ball|p1a: Crobat
|-damage|p1a: Crobat|0 fnt
|faint|p1a: Crobat
|
|-heal|p2a: Forretress|186\/354|[from] item: Leftovers
|
|switch|p1a: Florges|Florges, F|360\/360
|turn|21
|
|move|p1a: Florges|Moonblast|p2a: Forretress
|-resisted|p2a: Forretress
|-damage|p2a: Forretress|90\/354
|move|p2a: Forretress|Gyro Ball|p1a: Florges
|-supereffective|p1a: Florges
|-damage|p1a: Florges|192\/360
|
|-heal|p1a: Florges|214\/360|[from] item: Leftovers
|-heal|p2a: Forretress|112\/354|[from] item: Leftovers
|turn|22
|
|move|p1a: Florges|Wish|p1a: Florges
|move|p2a: Forretress|Gyro Ball|p1a: Florges
|-supereffective|p1a: Florges
|-damage|p1a: Florges|28\/360
|
|-heal|p1a: Florges|50\/360|[from] item: Leftovers
|-heal|p2a: Forretress|134\/354|[from] item: Leftovers
|turn|23
|
|move|p1a: Florges|Moonblast|p2a: Forretress
|-resisted|p2a: Forretress
|-damage|p2a: Forretress|44\/354
|move|p2a: Forretress|Gyro Ball|p1a: Florges
|-supereffective|p1a: Florges
|-damage|p1a: Florges|0 fnt
|faint|p1a: Florges
|
|win|Saumbohdhe
|raw|Ladder updating...
|raw|mini117's rating: 1373 &rarr; <strong>1356<\/strong><br \/>(-17 for losing)
|raw|Saumbohdhe's rating: 1429 &rarr; <strong>1445<\/strong><br \/>(+16 for winning)
|c|âSaumbohdhe|gg
|leave|mini117
|player|p1