|join|ULT Peru
|join|mini117
|player|p1|ULT Peru|174
|player|p2|mini117|1
|gametype|singles
|gen|6
|tier|UU
|rated
|rule|Sleep Clause Mod: Limit one foe put to sleep
|rule|Species Clause: Limit one of each PokÃ©mon
|rule|OHKO Clause: OHKO moves are banned
|rule|Moody Clause: Moody is banned
|rule|Evasion Moves Clause: Evasion moves are banned
|rule|Endless Battle Clause: Forcing endless battles is banned
|rule|HP Percentage Mod: HP is shown in percentages
|clearpoke
|poke|p1|Vaporeon, M
|poke|p1|Forretress, F
|poke|p1|Dugtrio, M
|poke|p1|Togekiss, M
|poke|p1|Hydreigon, F
|poke|p1|Raikou
|poke|p2|Crobat, M
|poke|p2|Blastoise, M
|poke|p2|Raikou, shiny
|poke|p2|Florges, F
|poke|p2|Victini
|poke|p2|Hippowdon, F
|rule|Swagger Clause: Swagger is banned
|rule|Baton Pass Clause: Limit one PokÃ©mon knowing Baton Pass
|teampreview
|
|start
|switch|p1a: meru|Vaporeon, M|451\/451
|switch|p2a: Raikou|Raikou, shiny|322\/322
|-ability|p2a: Raikou|Pressure
|turn|1
|
|move|p2a: Raikou|Aura Sphere|p1a: meru
|-crit|p1a: meru
|-damage|p1a: meru|314\/451
|move|p1a: meru|Baton Pass|p1a: meru
|
|switch|p1a: Forretress|Forretress, F|354\/354
|
|turn|2
|
|switch|p2a: Blastoise|Blastoise, M|359\/359
|move|p1a: Forretress|Volt Switch|p2a: Blastoise
|-supereffective|p2a: Blastoise
|-damage|p2a: Blastoise|283\/359
|
|switch|p1a: air miss|Togekiss, M|311\/311
|
|turn|3
|
|switch|p2a: Raikou|Raikou, shiny|322\/322
|-ability|p2a: Raikou|Pressure
|move|p1a: air miss|Air Slash|p2a: Raikou|[miss]
|-miss|p1a: air miss|p2a: Raikou
|
|turn|4
|c|âULT Peru|x_X
|
|switch|p2a: Hippowdon|Hippowdon, F|420\/420
|-weather|Sandstorm
|move|p1a: air miss|Roost|p1a: air miss
|-fail|p1a: air miss
|
|-weather|Sandstorm|[upkeep]
|-damage|p1a: air miss|292\/311|[from] sandstorm
|-heal|p1a: air miss|311\/311|[from] item: Leftovers
|turn|5
|
|move|p1a: air miss|Nasty Plot|p1a: air miss
|-boost|p1a: air miss|spa|2
|move|p2a: Hippowdon|Toxic|p1a: air miss
|-status|p1a: air miss|tox
|
|-weather|Sandstorm|[upkeep]
|-damage|p1a: air miss|292\/311 tox|[from] sandstorm
|-heal|p1a: air miss|311\/311 tox|[from] item: Leftovers
|-damage|p1a: air miss|292\/311 tox|[from] psn
|turn|6
|
|move|p1a: air miss|Air Slash|p2a: Hippowdon
|-damage|p2a: Hippowdon|66\/420
|move|p2a: Hippowdon|Stealth Rock|p1a: air miss
|-sidestart|p1: ULT Peru|move: Stealth Rock
|
|-weather|Sandstorm|[upkeep]
|-damage|p1a: air miss|273\/311 tox|[from] sandstorm
|-heal|p1a: air miss|292\/311 tox|[from] item: Leftovers
|-heal|p2a: Hippowdon|92\/420|[from] item: Leftovers
|-damage|p1a: air miss|254\/311 tox|[from] psn
|turn|7
|
|switch|p2a: Raikou|Raikou, shiny|322\/322
|-ability|p2a: Raikou|Pressure
|move|p1a: air miss|Heal Bell|p1a: air miss
|-cureteam|p1a: air miss|[from] move: HealBell
|
|-weather|Sandstorm|[upkeep]
|-damage|p2a: Raikou|302\/322|[from] sandstorm
|-damage|p1a: air miss|235\/311|[from] sandstorm
|-heal|p1a: air miss|254\/311|[from] item: Leftovers
|turn|8
|join|Choke on this Nerd
|
|switch|p2a: Blastoise|Blastoise, M|283\/359
|move|p1a: air miss|Roost|p1a: air miss
|-heal|p1a: air miss|311\/311
|
|-weather|none
|turn|9
|
|switch|p2a: Raikou|Raikou, shiny|302\/322
|-ability|p2a: Raikou|Pressure
|move|p1a: air miss|Air Slash|p2a: Raikou
|-resisted|p2a: Raikou
|-damage|p2a: Raikou|169\/322
|
|turn|10
|
|switch|p2a: Blastoise|Blastoise, M|283\/359
|switch|p1a: thuggy|Dugtrio, M|211\/211
|-damage|p1a: thuggy|198\/211|[from] Stealth Rock
|
|turn|11
|c| Choke on this Nerd|p-p-pow
|
|detailschange|p2a: Blastoise|Blastoise-Mega, M
|message|Blastoise has Mega Evolved into Mega Blastoise!
|move|p1a: thuggy|Earthquake|p2a: Blastoise
|-damage|p2a: Blastoise|117\/359
|move|p2a: Blastoise|Ice Beam|p1a: thuggy
|-supereffective|p1a: thuggy
|-damage|p1a: thuggy|0 fnt
|faint|p1a: thuggy
|
|c|âULT Peru|uh
|c|âULT Peru|oops
|
|switch|p1a: Raikou|Raikou|321\/321
|-damage|p1a: Raikou|281\/321|[from] Stealth Rock
|-ability|p1a: Raikou|Pressure
|turn|12
|c| Choke on this Nerd|is vap
|c| Choke on this Nerd|not a switch in then
|c| Choke on this Nerd|hmm
|c|âULT Peru|no it is
|c|âULT Peru|idk why i just
|c|âULT Peru|sacced my
|c|âULT Peru|duggy
|c| Choke on this Nerd|y
|c|âULT Peru|when victini
|c|âULT Peru|is around
|c|âULT Peru|lolll
|
|switch|p2a: Hippowdon|Hippowdon, F|92\/420
|-weather|Sandstorm
|move|p1a: Raikou|Volt Switch|p2a: Hippowdon
|-immune|p2a: Hippowdon|[msg]
|
|-weather|Sandstorm|[upkeep]
|-damage|p1a: Raikou|261\/321|[from] sandstorm
|-heal|p2a: Hippowdon|118\/420|[from] item: Leftovers
|turn|13
|
|move|p1a: Raikou|Hidden Power|p2a: Hippowdon
|-supereffective|p2a: Hippowdon
|-damage|p2a: Hippowdon|0 fnt
|faint|p2a: Hippowdon
|
|-weather|Sandstorm|[upkeep]
|-damage|p1a: Raikou|241\/321|[from] sandstorm
|c| Choke on this Nerd|who even runs specs
|c| Choke on this Nerd|smh
|
|switch|p2a: Florges|Florges, F|360\/360
|turn|14
|
|move|p1a: Raikou|Volt Switch|p2a: Florges
|-damage|p2a: Florges|302\/360
|
|switch|p1a: Forretress|Forretress, F|354\/354
|-damage|p1a: Forretress|310\/354|[from] Stealth Rock
|move|p2a: Florges|Wish|p2a: Florges
|
|-weather|Sandstorm|[upkeep]
|-damage|p2a: Florges|280\/360|[from] sandstorm
|-heal|p2a: Florges|302\/360|[from] item: Leftovers
|-heal|p1a: Forretress|332\/354|[from] item: Leftovers
|turn|15
|
|switch|p2a: Raikou|Raikou, shiny|169\/322
|-ability|p2a: Raikou|Pressure
|move|p1a: Forretress|Rapid Spin|p2a: Raikou
|-damage|p2a: Raikou|149\/322
|-sideend|p1: ULT Peru|Stealth Rock|[from] move: Rapid Spin|[of] p1a: Forretress
|
|-weather|Sandstorm|[upkeep]
|-damage|p2a: Raikou|129\/322|[from] sandstorm
|-heal|p2a: Raikou|309\/322|[from] move: Wish|[wisher] Florges
|-heal|p1a: Forretress|354\/354|[from] item: Leftovers
|turn|16
|
|move|p2a: Raikou|Thunderbolt|p1a: Forretress
|-crit|p1a: Forretress
|-damage|p1a: Forretress|62\/354
|move|p1a: Forretress|Volt Switch|p2a: Raikou
|-resisted|p2a: Raikou
|-damage|p2a: Raikou|289\/322
|c|âULT Peru|ofc
|
|switch|p1a: Hydreigon|Hydreigon, F|325\/325
|
|-weather|none
|turn|17
|
|switch|p2a: Blastoise|Blastoise-Mega, M|117\/359
|move|p1a: Hydreigon|U-turn|p2a: Blastoise
|-damage|p2a: Blastoise|74\/359
|
|switch|p1a: meru|Vaporeon, M|314\/451
|
|-heal|p1a: meru|342\/451|[from] item: Leftovers
|turn|18
|
|move|p2a: Blastoise|Dark Pulse|p1a: meru
|-damage|p1a: meru|196\/451
|move|p1a: meru|Wish|p1a: meru
|
|-heal|p1a: meru|224\/451|[from] item: Leftovers
|turn|19
|
|move|p2a: Blastoise|Dark Pulse|p1a: meru
|-damage|p1a: meru|73\/451
|move|p1a: meru|Scald|p2a: Blastoise
|-resisted|p2a: Blastoise
|-damage|p2a: Blastoise|31\/359
|-status|p2a: Blastoise|brn
|
|-heal|p1a: meru|298\/451|[from] move: Wish|[wisher] meru
|-heal|p1a: meru|326\/451|[from] item: Leftovers
|-damage|p2a: Blastoise|0 fnt|[from] brn
|faint|p2a: Blastoise
|
|switch|p2a: Raikou|Raikou, shiny|289\/322
|-ability|p2a: Raikou|Pressure
|turn|20
|
|move|p1a: meru|Protect|p1a: meru
|-singleturn|p1a: meru|Protect
|move|p2a: Raikou|Thunderbolt|p1a: meru
|-activate|p1a: meru|Protect
|
|-heal|p1a: meru|354\/451|[from] item: Leftovers
|turn|21
|c| Choke on this Nerd|y kou weakness
|c| Choke on this Nerd|is real
|c|âULT Peru|?
|c|âULT Peru|only cuz I lost duggy
|c|âULT Peru|hello
|
|switch|p1a: Hydreigon|Hydreigon, F|325\/325
|move|p2a: Raikou|Thunderbolt|p1a: Hydreigon
|-resisted|p1a: Hydreigon
|-damage|p1a: Hydreigon|235\/325
|
|turn|22
|c| Choke on this Nerd|i know
|c| Choke on this Nerd|but reliance on one mon
|
|switch|p2a: Crobat|Crobat, M|354\/354
|move|p1a: Hydreigon|U-turn|p2a: Crobat
|-resisted|p2a: Crobat
|-damage|p2a: Crobat|338\/354
|c| Choke on this Nerd|for something which is barely a threat
|c|âULT Peru|raikou and hydrei both check it
|
|switch|p1a: Forretress|Forretress, F|62\/354
|
|-heal|p2a: Crobat|354\/354|[from] item: Black Sludge
|-heal|p1a: Forretress|84\/354|[from] item: Leftovers
|turn|23
|c| Choke on this Nerd|hyd i guess y
|
|switch|p1a: meru|Vaporeon, M|354\/451
|move|p2a: Crobat|Brave Bird|p1a: meru
|-damage|p1a: meru|192\/451
|-damage|p2a: Crobat|301\/354|[from] recoil|[of] p1a: meru
|
|-heal|p2a: Crobat|323\/354|[from] item: Black Sludge
|-heal|p1a: meru|220\/451|[from] item: Leftovers
|turn|24
|
|move|p2a: Crobat|Brave Bird|p1a: meru
|-damage|p1a: meru|72\/451
|-damage|p2a: Crobat|274\/354|[from] recoil|[of] p1a: meru
|move|p1a: meru|Wish|p1a: meru
|
|-heal|p2a: Crobat|296\/354|[from] item: Black Sludge
|-heal|p1a: meru|100\/451|[from] item: Leftovers
|turn|25
|
|move|p1a: meru|Protect|p1a: meru
|-singleturn|p1a: meru|Protect
|move|p2a: Crobat|Brave Bird|p1a: meru
|-activate|p1a: meru|Protect
|
|-heal|p1a: meru|325\/451|[from] move: Wish|[wisher] meru
|-heal|p2a: Crobat|318\/354|[from] item: Black Sludge
|-heal|p1a: meru|353\/451|[from] item: Leftovers
|turn|26
|
|move|p2a: Crobat|Brave Bird|p1a: meru
|-damage|p1a: meru|205\/451
|-damage|p2a: Crobat|269\/354|[from] recoil|[of] p1a: meru
|move|p1a: meru|Wish|p1a: meru
|
|-heal|p2a: Crobat|291\/354|[from] item: Black Sludge
|-heal|p1a: meru|233\/451|[from] item: Leftovers
|turn|27
|
|move|p2a: Crobat|U-turn|p1a: meru
|-damage|p1a: meru|173\/451
|
|switch|p2a: Florges|Florges, F|302\/360
|move|p1a: meru|Scald|p2a: Florges
|-damage|p2a: Florges|247\/360
|
|-heal|p1a: meru|398\/451|[from] move: Wish|[wisher] meru
|-heal|p2a: Florges|269\/360|[from] item: Leftovers
|-heal|p1a: meru|426\/451|[from] item: Leftovers
|turn|28
|
|switch|p2a: Crobat|Crobat, M|291\/354
|move|p1a: meru|Wish|p1a: meru
|
|-heal|p2a: Crobat|313\/354|[from] item: Black Sludge
|-heal|p1a: meru|451\/451|[from] item: Leftovers
|turn|29
|c|âULT Peru|also relying on a mon to check another mon is fine when uh hello
|join|Executive Shinra
|c|âULT Peru|its a trapper
|
|move|p2a: Crobat|Brave Bird|p1a: meru
|-damage|p1a: meru|279\/451
|-damage|p2a: Crobat|256\/354|[from] recoil|[of] p1a: meru
|move|p1a: meru|Baton Pass|p1a: meru
|
|switch|p1a: Forretress|Forretress, F|84\/354
|
|-heal|p1a: Forretress|309\/354|[from] move: Wish|[wisher] meru
|-heal|p2a: Crobat|278\/354|[from] item: Black Sludge
|-heal|p1a: Forretress|331\/354|[from] item: Leftovers
|turn|30
|
|move|p2a: Crobat|U-turn|p1a: Forretress
|-resisted|p1a: Forretress
|-damage|p1a: Forretress|314\/354
|
|switch|p2a: Victini|Victini|341\/341
|move|p1a: Forretress|Volt Switch|p2a: Victini
|-damage|p2a: Victini|303\/341
|
|switch|p1a: Hydreigon|Hydreigon, F|235\/325
|
|turn|31
|
|switch|p2a: Crobat|Crobat, M|278\/354
|move|p1a: Hydreigon|Dark Pulse|p2a: Crobat
|-damage|p2a: Crobat|110\/354
|
|-heal|p2a: Crobat|132\/354|[from] item: Black Sludge
|turn|32
|
|switch|p2a: Florges|Florges, F|269\/360
|move|p1a: Hydreigon|Dark Pulse|p2a: Florges
|-resisted|p2a: Florges
|-damage|p2a: Florges|232\/360
|
|-heal|p2a: Florges|254\/360|[from] item: Leftovers
|turn|33
|
|switch|p1a: Forretress|Forretress, F|314\/354
|move|p2a: Florges|Wish|p2a: Florges
|
|-heal|p2a: Florges|276\/360|[from] item: Leftovers
|-heal|p1a: Forretress|336\/354|[from] item: Leftovers
|turn|34
|c| Choke on this Nerd|predict tin idouble
|c| Choke on this Nerd|smh
|
|switch|p2a: Crobat|Crobat, M|132\/354
|move|p1a: Forretress|Volt Switch|p2a: Crobat
|-supereffective|p2a: Crobat
|-damage|p2a: Crobat|44\/354
|
|switch|p1a: meru|Vaporeon, M|279\/451
|
|-heal|p2a: Crobat|224\/354|[from] move: Wish|[wisher] Florges
|-heal|p2a: Crobat|246\/354|[from] item: Black Sludge
|-heal|p1a: meru|307\/451|[from] item: Leftovers
|turn|35
|
|move|p2a: Crobat|U-turn|p1a: meru
|-damage|p1a: meru|245\/451
|
|switch|p2a: Raikou|Raikou, shiny|289\/322
|-ability|p2a: Raikou|Pressure
|move|p1a: meru|Wish|p1a: meru
|
|-heal|p1a: meru|273\/451|[from] item: Leftovers
|turn|36
|
|switch|p1a: Raikou|Raikou|241\/321
|-ability|p1a: Raikou|Pressure
|move|p2a: Raikou|Volt Switch|p1a: Raikou
|-resisted|p1a: Raikou
|-damage|p1a: Raikou|176\/321
|
|switch|p2a: Crobat|Crobat, M|246\/354
|
|-heal|p1a: Raikou|321\/321|[from] move: Wish|[wisher] meru
|-heal|p2a: Crobat|268\/354|[from] item: Black Sludge
|turn|37
|
|move|p2a: Crobat|U-turn|p1a: Raikou
|-damage|p1a: Raikou|248\/321
|
|switch|p2a: Raikou|Raikou, shiny|289\/322
|-ability|p2a: Raikou|Pressure
|move|p1a: Raikou|Volt Switch|p2a: Raikou
|-resisted|p2a: Raikou
|-damage|p2a: Raikou|222\/322
|
|switch|p1a: meru|Vaporeon, M|273\/451
|
|-heal|p1a: meru|301\/451|[from] item: Leftovers
|turn|38
|
|move|p1a: meru|Protect|p1a: meru
|-singleturn|p1a: meru|Protect
|move|p2a: Raikou|Volt Switch|p1a: meru
|-activate|p1a: meru|Protect
|
|-heal|p1a: meru|329\/451|[from] item: Leftovers
|turn|39
|
|move|p2a: Raikou|Volt Switch|p1a: meru
|-supereffective|p1a: meru
|-damage|p1a: meru|89\/451
|
|switch|p2a: Crobat|Crobat, M|268\/354
|move|p1a: meru|Wish|p1a: meru
|
|-heal|p2a: Crobat|290\/354|[from] item: Black Sludge
|-heal|p1a: meru|117\/451|[from] item: Leftovers
|turn|40
|join|Lixx
|
|move|p1a: meru|Protect|p1a: meru
|-singleturn|p1a: meru|Protect
|move|p2a: Crobat|Brave Bird|p1a: meru
|-activate|p1a: meru|Protect
|
|-heal|p1a: meru|342\/451|[from] move: Wish|[wisher] meru
|-heal|p2a: Crobat|312\/354|[from] item: Black Sludge
|-heal|p1a: meru|370\/451|[from] item: Leftovers
|turn|41
|
|move|p2a: Crobat|Brave Bird|p1a: meru
|-damage|p1a: meru|201\/451
|-damage|p2a: Crobat|256\/354|[from] recoil|[of] p1a: meru
|move|p1a: meru|Wish|p1a: meru
|
|-heal|p2a: Crobat|278\/354|[from] item: Black Sludge
|-heal|p1a: meru|229\/451|[from] item: Leftovers
|turn|42
|
|move|p2a: Crobat|Roost|p2a: Crobat
|-heal|p2a: Crobat|354\/354
|move|p1a: meru|Scald|p2a: Crobat
|-damage|p2a: Crobat|237\/354
|
|-heal|p1a: meru|451\/451|[from] move: Wish|[wisher] meru
|-heal|p2a: Crobat|259\/354|[from] item: Black Sludge
|turn|43
|
|move|p2a: Crobat|U-turn|p1a: meru
|-damage|p1a: meru|389\/451
|
|switch|p2a: Florges|Florges, F|276\/360
|move|p1a: meru|Wish|p1a: meru
|
|-heal|p2a: Florges|298\/360|[from] item: Leftovers
|-heal|p1a: meru|417\/451|[from] item: Leftovers
|turn|44
|join|Its_KNIGHTime
|join|RU is Shit Tier
|join|BenzMafia
|
|move|p2a: Florges|Wish|p2a: Florges
|move|p1a: meru|Baton Pass|p1a: meru
|
|switch|p1a: Raikou|Raikou|248\/321
|-ability|p1a: Raikou|Pressure
|
|-heal|p1a: Raikou|321\/321|[from] move: Wish|[wisher] meru
|-heal|p2a: Florges|320\/360|[from] item: Leftovers
|turn|45
|c| RU is Shit Tier|trap it
|c| RU is Shit Tier|!!!
|
|move|p1a: Raikou|Volt Switch|p2a: Florges
|-damage|p2a: Florges|259\/360
|
|switch|p1a: Forretress|Forretress, F|336\/354
|move|p2a: Florges|Moonblast|p1a: Forretress
|-resisted|p1a: Forretress
|-damage|p1a: Forretress|253\/354
|
|-heal|p2a: Florges|360\/360|[from] move: Wish|[wisher] Florges
|-heal|p1a: Forretress|275\/354|[from] item: Leftovers
|turn|46
|
|move|p2a: Florges|Wish|p2a: Florges
|move|p1a: Forretress|Volt Switch|p2a: Florges
|-damage|p2a: Florges|339\/360
|
|switch|p1a: meru|Vaporeon, M|417\/451
|
|-heal|p2a: Florges|360\/360|[from] item: Leftovers
|-heal|p1a: meru|445\/451|[from] item: Leftovers
|turn|47
|
|switch|p2a: Raikou|Raikou, shiny|222\/322
|-ability|p2a: Raikou|Pressure
|move|p1a: meru|Scald|p2a: Raikou
|-damage|p2a: Raikou|98\/322
|
|-heal|p2a: Raikou|278\/322|[from] move: Wish|[wisher] Florges
|-heal|p1a: meru|451\/451|[from] item: Leftovers
|turn|48
|
|move|p2a: Raikou|Thunderbolt|p1a: meru
|-supereffective|p1a: meru
|-damage|p1a: meru|155\/451
|move|p1a: meru|Wish|p1a: meru
|
|-heal|p1a: meru|183\/451|[from] item: Leftovers
|turn|49
|join|Gareth de Voir
|
|switch|p1a: Hydreigon|Hydreigon, F|235\/325
|move|p2a: Raikou|Thunderbolt|p1a: Hydreigon
|-resisted|p1a: Hydreigon
|-damage|p1a: Hydreigon|144\/325
|
|-heal|p1a: Hydreigon|325\/325|[from] move: Wish|[wisher] meru
|turn|50
|leave|Gareth de Voir
|
|switch|p2a: Florges|Florges, F|360\/360
|move|p1a: Hydreigon|U-turn|p2a: Florges
|-resisted|p2a: Florges
|-damage|p2a: Florges|328\/360
|
|switch|p1a: Forretress|Forretress, F|275\/354
|
|-heal|p2a: Florges|350\/360|[from] item: Leftovers
|-heal|p1a: Forretress|297\/354|[from] item: Leftovers
|turn|51
|
|move|p2a: Florges|Moonblast|p1a: Forretress
|-resisted|p1a: Forretress
|-damage|p1a: Forretress|218\/354
|move|p1a: Forretress|Spikes|p2a: Florges
|-sidestart|p2: mini117|Spikes
|
|-heal|p2a: Florges|360\/360|[from] item: Leftovers
|-heal|p1a: Forretress|240\/354|[from] item: Leftovers
|turn|52
|
|move|p2a: Florges|Wish|p2a: Florges
|move|p1a: Forretress|Volt Switch|p2a: Florges
|-damage|p2a: Florges|341\/360
|
|switch|p1a: meru|Vaporeon, M|183\/451
|
|-heal|p2a: Florges|360\/360|[from] item: Leftovers
|-heal|p1a: meru|211\/451|[from] item: Leftovers
|turn|53
|
|switch|p2a: Raikou|Raikou, shiny|278\/322
|-damage|p2a: Raikou|238\/322|[from] Spikes
|-ability|p2a: Raikou|Pressure
|move|p1a: meru|Wish|p1a: meru
|
|-heal|p2a: Raikou|322\/322|[from] move: Wish|[wisher] Florges
|-heal|p1a: meru|239\/451|[from] item: Leftovers
|turn|54
|join|Killerbeepokemon
|
|switch|p1a: Raikou|Raikou|321\/321
|-ability|p1a: Raikou|Pressure
|move|p2a: Raikou|Thunderbolt|p1a: Raikou
|-resisted|p1a: Raikou
|-damage|p1a: Raikou|245\/321
|
|-heal|p1a: Raikou|321\/321|[from] move: Wish|[wisher] meru
|turn|55
|c| Killerbeepokemon|raikou?
|c| Killerbeepokemon|more like rekyou
|
|move|p2a: Raikou|Thunderbolt|p1a: Raikou
|-resisted|p1a: Raikou
|-damage|p1a: Raikou|241\/321
|move|p1a: Raikou|Volt Switch|p2a: Raikou
|-resisted|p2a: Raikou
|-damage|p2a: Raikou|262\/322
|c| RU is Shit Tier|wait
|c| RU is Shit Tier|are you rocks dugtrio
|leave|Lixx
|c|âULT Peru|i switched to cb i was gonna try it out
|c|âULT Peru|forgot to put rocks on
|c|âULT Peru|might just do rocks forry
|c|âULT Peru|cuz idk if I need spikes
|c| RU is Shit Tier|y i wud
|join|moonie54
|c| RU is Shit Tier|why not dual hazards
|c| RU is Shit Tier|whats your last slot
|
|switch|p1a: Hydreigon|Hydreigon, F|325\/325
|
|turn|56
|join|lucky & bad
|c|âULT Peru|gyro
|c|âULT Peru|for maero
|c| RU is Shit Tier|ah
|
|switch|p2a: Florges|Florges, F|360\/360
|-damage|p2a: Florges|315\/360|[from] Spikes
|move|p1a: Hydreigon|Dark Pulse|p2a: Florges
|-resisted|p2a: Florges
|-damage|p2a: Florges|282\/360
|
|-heal|p2a: Florges|304\/360|[from] item: Leftovers
|turn|57
|c| RU is Shit Tier|sp def vap?
|
|switch|p1a: meru|Vaporeon, M|239\/451
|move|p2a: Florges|Wish|p2a: Florges
|
|-heal|p2a: Florges|326\/360|[from] item: Leftovers
|-heal|p1a: meru|267\/451|[from] item: Leftovers
|turn|58
|c|âULT Peru|not spdef
|c|âULT Peru|mixed
|join|It Was I Dio!
|c| RU is Shit Tier|oh
|
|switch|p2a: Crobat|Crobat, M|259\/354
|move|p1a: meru|Wish|p1a: meru
|
|-heal|p2a: Crobat|354\/354|[from] move: Wish|[wisher] Florges
|-heal|p1a: meru|295\/451|[from] item: Leftovers
|turn|59
|join|Ballahu Backbar
|c|âULT Peru|also can i get a fucking scald burn
|
|switch|p1a: Forretress|Forretress, F|240\/354
|move|p2a: Crobat|Defog|p1a: Forretress
|-unboost|p1a: Forretress|evasion|1
|-sideend|p2: mini117|Spikes|[from] move: Defog|[of] p2a: Crobat
|
|-heal|p1a: Forretress|354\/354|[from] move: Wish|[wisher] meru
|turn|60
|
|move|p2a: Crobat|U-turn|p1a: Forretress
|-resisted|p1a: Forretress
|-damage|p1a: Forretress|335\/354
|c| RU is Shit Tier|rocks forrey is needed
|c| RU is Shit Tier|on this team#
|
|switch|p2a: Victini|Victini|303\/341
|move|p1a: Forretress|Volt Switch|p2a: Victini
|-damage|p2a: Victini|266\/341
|
|switch|p1a: meru|Vaporeon, M|295\/451
|
|-heal|p1a: meru|323\/451|[from] item: Leftovers
|turn|61
|
|move|p2a: Victini|U-turn|p1a: meru
|-damage|p1a: meru|216\/451
|
|switch|p2a: Raikou|Raikou, shiny|262\/322
|-ability|p2a: Raikou|Pressure
|move|p1a: meru|Scald|p2a: Raikou
|-damage|p2a: Raikou|142\/322
|
|-heal|p1a: meru|244\/451|[from] item: Leftovers
|turn|62
|c| RU is Shit Tier|kek
|c|âULT Peru|this vap
|c|âULT Peru|doesnt burn
|
|move|p1a: meru|Protect|p1a: meru
|-singleturn|p1a: meru|Protect
|move|p2a: Raikou|Thunderbolt|p1a: meru
|-activate|p1a: meru|Protect
|
|-heal|p1a: meru|272\/451|[from] item: Leftovers
|turn|63
|
|switch|p1a: Raikou|Raikou|241\/321
|-ability|p1a: Raikou|Pressure
|move|p2a: Raikou|Thunderbolt|p1a: Raikou
|-resisted|p1a: Raikou
|-damage|p1a: Raikou|167\/321
|
|turn|64
|
|move|p2a: Raikou|Thunderbolt|p1a: Raikou
|-resisted|p1a: Raikou
|-damage|p1a: Raikou|83\/321
|move|p1a: Raikou|Volt Switch|p2a: Raikou
|-crit|p2a: Raikou
|-resisted|p2a: Raikou
|-damage|p2a: Raikou|48\/322
|leave|lucky & bad
|c| RU is Shit Tier|not sure if scarf kou
|
|switch|p1a: Hydreigon|Hydreigon, F|325\/325
|
|turn|65
|c|âULT Peru|it is
|
|switch|p2a: Florges|Florges, F|326\/360
|move|p1a: Hydreigon|U-turn|p2a: Florges
|-resisted|p2a: Florges
|-damage|p2a: Florges|290\/360
|leave|It Was I Dio!
|
|switch|p1a: air miss|Togekiss, M|311\/311
|
|-heal|p2a: Florges|312\/360|[from] item: Leftovers
|turn|66
|
|move|p1a: air miss|Air Slash|p2a: Florges
|-damage|p2a: Florges|243\/360
|move|p2a: Florges|Wish|p2a: Florges
|
|-heal|p2a: Florges|265\/360|[from] item: Leftovers
|turn|67
|leave|RU is Shit Tier
|
|switch|p2a: Crobat|Crobat, M|354\/354
|move|p1a: air miss|Air Slash|p2a: Crobat
|-damage|p2a: Crobat|192\/354
|
|-heal|p2a: Crobat|354\/354|[from] move: Wish|[wisher] Florges
|turn|68
|c|âULT Peru|not going to tini?
|
|move|p2a: Crobat|Brave Bird|p1a: air miss
|-damage|p1a: air miss|142\/311
|-damage|p2a: Crobat|298\/354|[from] recoil|[of] p1a: air miss
|move|p1a: air miss|Air Slash|p2a: Crobat
|-damage|p2a: Crobat|145\/354
|
|-heal|p2a: Crobat|167\/354|[from] item: Black Sludge
|-heal|p1a: air miss|161\/311|[from] item: Leftovers
|turn|69
|
|move|p2a: Crobat|Brave Bird|p1a: air miss
|-damage|p1a: air miss|0 fnt
|-damage|p2a: Crobat|114\/354|[from] recoil|[of] p1a: air miss
|faint|p1a: air miss
|
|-heal|p2a: Crobat|136\/354|[from] item: Black Sludge
|c|âULT Peru|fking
|c|âULT Peru|blah
|
|switch|p1a: Forretress|Forretress, F|335\/354
|turn|70
|c|âULT Peru|SR forry
|c|âULT Peru|it is
|-message|ULT Peru forfeited.
|
|win|mini117
|raw|Ladder updating...
|leave|ULT Peru
|player|p1
|raw|ULT Peru's rating: 1561 &rarr; <strong>1533<\/strong><br \/>(-28 for losing)
|raw|mini117's rating: 1422 &rarr; <strong>1449<\/strong><br \/>(+27 for winning)
|leave|Killerbeepokemon
|leave|BenzMafia
|leave|mini117
|player|p2
|leave|Ballahu Backbar
|leave|moonie54
|leave|Its_KNIGHTime
|join|moonie54