|join|MrPrince123
|join|mini117
|player|p1|MrPrince123|169
|player|p2|mini117|169
|gametype|singles
|gen|6
|tier|UU
|rated
|rule|Sleep Clause Mod: Limit one foe put to sleep
|rule|Species Clause: Limit one of each PokÃ©mon
|rule|OHKO Clause: OHKO moves are banned
|rule|Moody Clause: Moody is banned
|rule|Evasion Moves Clause: Evasion moves are banned
|rule|Endless Battle Clause: Forcing endless battles is banned
|rule|HP Percentage Mod: HP is shown in percentages
|clearpoke
|poke|p1|Infernape, M
|poke|p1|Swampert, M
|poke|p1|Amoonguss, M
|poke|p1|Blissey, F
|poke|p1|Honchkrow, M
|poke|p1|Starmie
|poke|p2|Crobat, M
|poke|p2|Arcanine, M
|poke|p2|Cradily, F
|poke|p2|Hippowdon, F
|poke|p2|Nidoking, M
|poke|p2|Raikou
|rule|Swagger Clause: Swagger is banned
|rule|Baton Pass Clause: Limit one PokÃ©mon knowing Baton Pass
|teampreview
|
|start
|switch|p1a: Infernape|Infernape, M|293\/293
|switch|p2a: Cradily|Cradily, F|376\/376
|turn|1
|
|move|p1a: Infernape|Taunt|p2a: Cradily
|-start|p2a: Cradily|move: Taunt
|cant|p2a: Cradily|move: Taunt|Stealth Rock
|
|turn|2
|
|switch|p2a: Crobat|Crobat, M|359\/359
|move|p1a: Infernape|Stealth Rock|p2a: Crobat
|-sidestart|p2: mini117|move: Stealth Rock
|
|turn|3
|
|switch|p1a: Swampert|Swampert, M|392\/392
|move|p2a: Crobat|Brave Bird|p1a: Swampert
|-damage|p1a: Swampert|247\/392
|-damage|p2a: Crobat|311\/359|[from] recoil|[of] p1a: Swampert
|
|-heal|p2a: Crobat|333\/359|[from] item: Black Sludge
|turn|4
|
|move|p2a: Crobat|Defog|p1a: Swampert
|-unboost|p1a: Swampert|evasion|1
|-sideend|p2: mini117|Stealth Rock|[from] move: Defog|[of] p2a: Crobat
|move|p1a: Swampert|Ice Punch|p2a: Crobat
|-crit|p2a: Crobat
|-supereffective|p2a: Crobat
|-damage|p2a: Crobat|0 fnt
|faint|p2a: Crobat
|
|
|switch|p2a: Cradily|Cradily, F|376\/376
|turn|5
|
|switch|p1a: Infernape|Infernape, M|293\/293
|move|p2a: Cradily|Stealth Rock|p1a: Infernape
|-sidestart|p1: MrPrince123|move: Stealth Rock
|
|turn|6
|
|move|p1a: Infernape|Stealth Rock|p2a: Cradily
|-sidestart|p2: mini117|move: Stealth Rock
|move|p2a: Cradily|Toxic|p1a: Infernape
|-status|p1a: Infernape|tox
|
|-damage|p1a: Infernape|275\/293 tox|[from] psn
|turn|7
|
|switch|p2a: Hippowdon|Hippowdon, F|420\/420
|-damage|p2a: Hippowdon|394\/420|[from] Stealth Rock
|-weather|Sandstorm
|move|p1a: Infernape|U-turn|p2a: Hippowdon
|-damage|p2a: Hippowdon|330\/420
|-damage|p1a: Infernape|246\/293 tox|[from] item: Life Orb
|
|switch|p1a: Amoonguss|Amoonguss, M|432\/432
|-damage|p1a: Amoonguss|378\/432|[from] Stealth Rock
|
|-weather|Sandstorm|[upkeep]
|-damage|p1a: Amoonguss|351\/432|[from] sandstorm
|-heal|p2a: Hippowdon|356\/420|[from] item: Leftovers
|-heal|p1a: Amoonguss|378\/432|[from] item: Black Sludge
|turn|8
|
|switch|p2a: Cradily|Cradily, F|376\/376
|-damage|p2a: Cradily|329\/376|[from] Stealth Rock
|move|p1a: Amoonguss|Giga Drain|p2a: Cradily
|-damage|p2a: Cradily|295\/376
|-heal|p1a: Amoonguss|395\/432|[from] drain|[of] p2a: Cradily
|
|-weather|Sandstorm|[upkeep]
|-damage|p1a: Amoonguss|368\/432|[from] sandstorm
|-heal|p2a: Cradily|318\/376|[from] item: Leftovers
|-heal|p1a: Amoonguss|395\/432|[from] item: Black Sludge
|turn|9
|
|move|p2a: Cradily|Toxic|p1a: Amoonguss
|-fail|p1a: Amoonguss
|move|p1a: Amoonguss|Foul Play|p2a: Cradily
|-damage|p2a: Cradily|263\/376
|
|-weather|Sandstorm|[upkeep]
|-damage|p1a: Amoonguss|368\/432|[from] sandstorm
|-heal|p2a: Cradily|286\/376|[from] item: Leftovers
|-heal|p1a: Amoonguss|395\/432|[from] item: Black Sludge
|turn|10
|
|move|p2a: Cradily|Recover|p2a: Cradily
|-heal|p2a: Cradily|376\/376
|move|p1a: Amoonguss|Sludge Bomb|p2a: Cradily
|-damage|p2a: Cradily|333\/376
|
|-weather|Sandstorm|[upkeep]
|-damage|p1a: Amoonguss|368\/432|[from] sandstorm
|-heal|p2a: Cradily|356\/376|[from] item: Leftovers
|-heal|p1a: Amoonguss|395\/432|[from] item: Black Sludge
|turn|11
|
|move|p2a: Cradily|Giga Drain|p1a: Amoonguss
|-resisted|p1a: Amoonguss
|-damage|p1a: Amoonguss|377\/432
|-heal|p2a: Cradily|365\/376|[from] drain|[of] p1a: Amoonguss
|move|p1a: Amoonguss|Sludge Bomb|p2a: Cradily
|-damage|p2a: Cradily|320\/376
|
|-weather|none
|-heal|p2a: Cradily|343\/376|[from] item: Leftovers
|-heal|p1a: Amoonguss|404\/432|[from] item: Black Sludge
|turn|12
|
|switch|p2a: Nidoking|Nidoking, M|304\/304
|-damage|p2a: Nidoking|285\/304|[from] Stealth Rock
|move|p1a: Amoonguss|Spore|p2a: Nidoking
|-status|p2a: Nidoking|slp
|
|-heal|p1a: Amoonguss|431\/432|[from] item: Black Sludge
|turn|13
|
|switch|p1a: Swampert|Swampert, M|247\/392
|-damage|p1a: Swampert|223\/392|[from] Stealth Rock
|cant|p2a: Nidoking|slp
|
|turn|14
|
|-curestatus|p2a: Nidoking|slp
|move|p2a: Nidoking|Ice Beam|p1a: Swampert
|-damage|p1a: Swampert|118\/392
|move|p1a: Swampert|Earthquake|p2a: Nidoking
|-supereffective|p2a: Nidoking
|-damage|p2a: Nidoking|0 fnt
|faint|p2a: Nidoking
|
|
|switch|p2a: Hippowdon|Hippowdon, F|356\/420
|-damage|p2a: Hippowdon|330\/420|[from] Stealth Rock
|-weather|Sandstorm
|turn|15
|
|move|p1a: Swampert|Earthquake|p2a: Hippowdon
|-damage|p2a: Hippowdon|162\/420
|move|p2a: Hippowdon|Earthquake|p1a: Swampert
|-damage|p1a: Swampert|0 fnt
|faint|p1a: Swampert
|
|-weather|Sandstorm|[upkeep]
|-heal|p2a: Hippowdon|188\/420|[from] item: Leftovers
|
|switch|p1a: Starmie|Starmie|261\/261
|-damage|p1a: Starmie|229\/261|[from] Stealth Rock
|turn|16
|
|move|p1a: Starmie|Ice Beam|p2a: Hippowdon
|-supereffective|p2a: Hippowdon
|-damage|p2a: Hippowdon|0 fnt
|faint|p2a: Hippowdon
|
|-weather|Sandstorm|[upkeep]
|-damage|p1a: Starmie|213\/261|[from] sandstorm
|
|switch|p2a: Raikou|Raikou|322\/322
|-damage|p2a: Raikou|282\/322|[from] Stealth Rock
|-ability|p2a: Raikou|Pressure
|turn|17
|
|switch|p1a: Amoonguss|Amoonguss, M|432\/432
|-damage|p1a: Amoonguss|378\/432|[from] Stealth Rock
|move|p2a: Raikou|Thunderbolt|p1a: Amoonguss
|-resisted|p1a: Amoonguss
|-damage|p1a: Amoonguss|281\/432
|-damage|p2a: Raikou|250\/322|[from] item: Life Orb
|
|-weather|Sandstorm|[upkeep]
|-damage|p2a: Raikou|230\/322|[from] sandstorm
|-damage|p1a: Amoonguss|254\/432|[from] sandstorm
|-heal|p1a: Amoonguss|281\/432|[from] item: Black Sludge
|turn|18
|
|move|p2a: Raikou|Shadow Ball|p1a: Amoonguss
|-damage|p1a: Amoonguss|165\/432
|-damage|p2a: Raikou|198\/322|[from] item: Life Orb
|move|p1a: Amoonguss|Spore|p2a: Raikou
|-status|p2a: Raikou|slp
|
|-weather|Sandstorm|[upkeep]
|-damage|p2a: Raikou|178\/322 slp|[from] sandstorm
|-damage|p1a: Amoonguss|138\/432|[from] sandstorm
|-heal|p1a: Amoonguss|165\/432|[from] item: Black Sludge
|turn|19
|
|switch|p1a: Blissey|Blissey, F|714\/714
|-damage|p1a: Blissey|625\/714|[from] Stealth Rock
|cant|p2a: Raikou|slp
|
|-weather|none
|-heal|p1a: Blissey|669\/714|[from] item: Leftovers
|turn|20
|
|-curestatus|p2a: Raikou|slp
|move|p2a: Raikou|Calm Mind|p2a: Raikou
|-boost|p2a: Raikou|spa|1
|-boost|p2a: Raikou|spd|1
|move|p1a: Blissey|Heal Bell|p1a: Blissey
|-cureteam|p1a: Blissey|[from] move: HealBell
|
|-heal|p1a: Blissey|713\/714|[from] item: Leftovers
|turn|21
|
|move|p2a: Raikou|Volt Switch|p1a: Blissey
|-damage|p1a: Blissey|548\/714
|-damage|p2a: Raikou|146\/322|[from] item: Life Orb
|
|switch|p2a: Arcanine|Arcanine, M|384\/384
|-damage|p2a: Arcanine|288\/384|[from] Stealth Rock
|-ability|p2a: Arcanine|Intimidate|[of] p1a: Blissey
|-unboost|p1a: Blissey|atk|1
|move|p1a: Blissey|Toxic|p2a: Arcanine
|-status|p2a: Arcanine|tox
|
|-heal|p2a: Arcanine|312\/384 tox|[from] item: Leftovers
|-heal|p1a: Blissey|592\/714|[from] item: Leftovers
|-damage|p2a: Arcanine|288\/384 tox|[from] psn
|turn|22
|
|move|p2a: Arcanine|Flare Blitz|p1a: Blissey
|-damage|p1a: Blissey|237\/714
|-damage|p2a: Arcanine|171\/384 tox|[from] recoil|[of] p1a: Blissey
|move|p1a: Blissey|Soft-Boiled|p1a: Blissey
|-heal|p1a: Blissey|594\/714
|
|-heal|p2a: Arcanine|195\/384 tox|[from] item: Leftovers
|-heal|p1a: Blissey|638\/714|[from] item: Leftovers
|-damage|p2a: Arcanine|147\/384 tox|[from] psn
|turn|23
|
|move|p2a: Arcanine|Close Combat|p1a: Blissey
|-supereffective|p1a: Blissey
|-damage|p1a: Blissey|110\/714
|-unboost|p2a: Arcanine|def|1
|-unboost|p2a: Arcanine|spd|1
|move|p1a: Blissey|Soft-Boiled|p1a: Blissey
|-heal|p1a: Blissey|467\/714
|
|-heal|p2a: Arcanine|171\/384 tox|[from] item: Leftovers
|-heal|p1a: Blissey|511\/714|[from] item: Leftovers
|-damage|p2a: Arcanine|99\/384 tox|[from] psn
|turn|24
|
|switch|p1a: Amoonguss|Amoonguss, M|309\/432
|-damage|p1a: Amoonguss|255\/432|[from] Stealth Rock
|move|p2a: Arcanine|Close Combat|p1a: Amoonguss
|-resisted|p1a: Amoonguss
|-damage|p1a: Amoonguss|186\/432
|-unboost|p2a: Arcanine|def|1
|-unboost|p2a: Arcanine|spd|1
|
|-heal|p2a: Arcanine|123\/384 tox|[from] item: Leftovers
|-heal|p1a: Amoonguss|213\/432|[from] item: Black Sludge
|-damage|p2a: Arcanine|27\/384 tox|[from] psn
|turn|25
|
|move|p2a: Arcanine|Will-O-Wisp|p1a: Amoonguss
|-status|p1a: Amoonguss|brn
|move|p1a: Amoonguss|Spore|p2a: Arcanine
|-fail|p2a: Arcanine
|
|-heal|p2a: Arcanine|51\/384 tox|[from] item: Leftovers
|-heal|p1a: Amoonguss|240\/432 brn|[from] item: Black Sludge
|-damage|p2a: Arcanine|0 fnt|[from] psn
|-damage|p1a: Amoonguss|186\/432 brn|[from] brn
|faint|p2a: Arcanine
|
|switch|p2a: Raikou|Raikou|146\/322
|-damage|p2a: Raikou|106\/322|[from] Stealth Rock
|-ability|p2a: Raikou|Pressure
|turn|26
|
|switch|p1a: Blissey|Blissey, F|511\/714
|-damage|p1a: Blissey|422\/714|[from] Stealth Rock
|move|p2a: Raikou|Shadow Ball|p1a: Blissey
|-immune|p1a: Blissey|[msg]
|
|-heal|p1a: Blissey|466\/714|[from] item: Leftovers
|turn|27
|
|move|p2a: Raikou|Thunderbolt|p1a: Blissey
|-damage|p1a: Blissey|330\/714
|-damage|p2a: Raikou|74\/322|[from] item: Life Orb
|move|p1a: Blissey|Soft-Boiled|p1a: Blissey
|-heal|p1a: Blissey|687\/714
|
|-heal|p1a: Blissey|714\/714|[from] item: Leftovers
|turn|28
|
|move|p2a: Raikou|Calm Mind|p2a: Raikou
|-boost|p2a: Raikou|spa|1
|-boost|p2a: Raikou|spd|1
|move|p1a: Blissey|Toxic|p2a: Raikou|[miss]
|-miss|p1a: Blissey|p2a: Raikou
|
|turn|29
|
|move|p2a: Raikou|Volt Switch|p1a: Blissey
|-damage|p1a: Blissey|529\/714
|-damage|p2a: Raikou|42\/322|[from] item: Life Orb
|
|switch|p2a: Cradily|Cradily, F|343\/376
|-damage|p2a: Cradily|296\/376|[from] Stealth Rock
|move|p1a: Blissey|Toxic|p2a: Cradily|[miss]
|-miss|p1a: Blissey|p2a: Cradily
|
|-heal|p1a: Blissey|573\/714|[from] item: Leftovers
|-heal|p2a: Cradily|319\/376|[from] item: Leftovers
|turn|30
|
|move|p1a: Blissey|Toxic|p2a: Cradily
|-status|p2a: Cradily|tox
|move|p2a: Cradily|Toxic|p1a: Blissey
|-status|p1a: Blissey|tox
|
|-heal|p1a: Blissey|617\/714 tox|[from] item: Leftovers
|-heal|p2a: Cradily|342\/376 tox|[from] item: Leftovers
|-damage|p1a: Blissey|573\/714 tox|[from] psn
|-damage|p2a: Cradily|319\/376 tox|[from] psn
|turn|31
|
|move|p1a: Blissey|Heal Bell|p1a: Blissey
|-cureteam|p1a: Blissey|[from] move: HealBell
|move|p2a: Cradily|Giga Drain|p1a: Blissey
|-damage|p1a: Blissey|512\/714
|-heal|p2a: Cradily|350\/376 tox|[from] drain|[of] p1a: Blissey
|
|-heal|p1a: Blissey|556\/714|[from] item: Leftovers
|-heal|p2a: Cradily|373\/376 tox|[from] item: Leftovers
|-damage|p2a: Cradily|327\/376 tox|[from] psn
|turn|32
|c|âmini117|gg
|-message|mini117 forfeited.
|
|win|MrPrince123
|raw|Ladder updating...
|c|âMrPrince123|gg
|leave|mini117
|player|p2
|raw|MrPrince123's rating: 1383 &rarr; <strong>1401<\/strong><br \/>(+18 for winning)
|raw|mini117's rating: 1355 &rarr; <strong>1337<\/strong><br \/>(-18 for losing)