|join|ULT Klein Bottle
|join|mini117
|player|p1|ULT Klein Bottle|93
|player|p2|mini117|169
|gametype|singles
|gen|6
|tier|UU
|rated
|rule|Sleep Clause Mod: Limit one foe put to sleep
|rule|Species Clause: Limit one of each PokÃ©mon
|rule|OHKO Clause: OHKO moves are banned
|rule|Moody Clause: Moody is banned
|rule|Evasion Moves Clause: Evasion moves are banned
|rule|Endless Battle Clause: Forcing endless battles is banned
|rule|HP Percentage Mod: HP is shown in percentages
|clearpoke
|poke|p1|Pangoro, M
|poke|p1|Crobat, F
|poke|p1|Sceptile, M
|poke|p1|Diancie
|poke|p1|Darmanitan, F
|poke|p1|Slowking, F
|poke|p2|Entei, shiny
|poke|p2|Donphan, M
|poke|p2|Empoleon, M
|poke|p2|Doublade, M
|poke|p2|Hydreigon, M
|poke|p2|Virizion
|rule|Swagger Clause: Swagger is banned
|rule|Baton Pass Clause: Limit one PokÃ©mon knowing Baton Pass
|teampreview
|
|start
|switch|p1a: Darmanitan|Darmanitan, F|351\/351
|switch|p2a: Hydreigon|Hydreigon, M|325\/325
|turn|1
|
|move|p2a: Hydreigon|U-turn|p1a: Darmanitan
|-resisted|p1a: Darmanitan
|-damage|p1a: Darmanitan|305\/351
|
|switch|p2a: Entei|Entei, shiny|371\/371
|-ability|p2a: Entei|Pressure
|move|p1a: Darmanitan|U-turn|p2a: Entei
|-crit|p2a: Entei
|-resisted|p2a: Entei
|-damage|p2a: Entei|289\/371
|
|switch|p1a: Slowking|Slowking, F|393\/393
|
|turn|2
|
|switch|p2a: Empoleon|Empoleon, M|371\/371
|move|p1a: Slowking|Fire Blast|p2a: Empoleon
|-damage|p2a: Empoleon|251\/371
|
|-heal|p2a: Empoleon|274\/371|[from] item: Leftovers
|turn|3
|
|switch|p1a: Pangoro|Pangoro, M|331\/331
|move|p2a: Empoleon|Knock Off|p1a: Pangoro
|-resisted|p1a: Pangoro
|-damage|p1a: Pangoro|311\/331
|-enditem|p1a: Pangoro|Choice Band|[from] move: Knock Off|[of] p2a: Empoleon
|
|-heal|p2a: Empoleon|297\/371|[from] item: Leftovers
|turn|4
|
|switch|p2a: Virizion|Virizion|385\/385
|move|p1a: Pangoro|Hammer Arm|p2a: Virizion
|-damage|p2a: Virizion|87\/385
|-unboost|p1a: Pangoro|spe|1
|
|-heal|p2a: Virizion|111\/385|[from] item: Leftovers
|turn|5
|
|switch|p1a: Crobat|Crobat, F|373\/373
|move|p2a: Virizion|Synthesis|p2a: Virizion
|-heal|p2a: Virizion|303\/385
|
|-heal|p2a: Virizion|327\/385|[from] item: Leftovers
|turn|6
|
|switch|p2a: Empoleon|Empoleon, M|297\/371
|move|p1a: Crobat|U-turn|p2a: Empoleon
|-resisted|p2a: Empoleon
|-damage|p2a: Empoleon|267\/371
|
|switch|p1a: Pangoro|Pangoro, M|311\/331
|
|-heal|p2a: Empoleon|290\/371|[from] item: Leftovers
|turn|7
|
|move|p1a: Pangoro|Hammer Arm|p2a: Empoleon
|-supereffective|p2a: Empoleon
|-damage|p2a: Empoleon|0 fnt
|-unboost|p1a: Pangoro|spe|1
|faint|p2a: Empoleon
|
|
|switch|p2a: Donphan|Donphan, M|383\/383
|turn|8
|
|move|p1a: Pangoro|Knock Off|p2a: Donphan
|-damage|p2a: Donphan|232\/383
|-enditem|p2a: Donphan|Assault Vest|[from] move: Knock Off|[of] p1a: Pangoro
|move|p2a: Donphan|Earthquake|p1a: Pangoro
|-damage|p1a: Pangoro|80\/331
|
|turn|9
|
|switch|p1a: Sceptile|Sceptile, M|281\/281
|move|p2a: Donphan|Earthquake|p1a: Sceptile
|-resisted|p1a: Sceptile
|-damage|p1a: Sceptile|156\/281
|
|turn|10
|
|switch|p2a: Virizion|Virizion|327\/385
|move|p1a: Sceptile|Giga Drain|p2a: Virizion
|-resisted|p2a: Virizion
|-damage|p2a: Virizion|284\/385
|-heal|p1a: Sceptile|178\/281|[from] drain|[of] p2a: Virizion
|
|-heal|p2a: Virizion|308\/385|[from] item: Leftovers
|turn|11
|
|switch|p2a: Entei|Entei, shiny|289\/371
|-ability|p2a: Entei|Pressure
|detailschange|p1a: Sceptile|Sceptile-Mega, M
|-mega|p1a: Sceptile|Sceptile|Sceptilite
|move|p1a: Sceptile|Dragon Pulse|p2a: Entei
|-damage|p2a: Entei|87\/371
|
|turn|12
|
|move|p2a: Entei|Extreme Speed|p1a: Sceptile
|-damage|p1a: Sceptile|0 fnt
|faint|p1a: Sceptile
|
|
|switch|p1a: Crobat|Crobat, F|373\/373
|turn|13
|
|switch|p2a: Doublade|Doublade, M|321\/321
|move|p1a: Crobat|Brave Bird|p2a: Doublade
|-resisted|p2a: Doublade
|-damage|p2a: Doublade|287\/321
|-damage|p1a: Crobat|362\/373|[from] recoil|[of] p2a: Doublade
|
|-heal|p1a: Crobat|373\/373|[from] item: Black Sludge
|turn|14
|
|switch|p1a: Darmanitan|Darmanitan, F|305\/351
|move|p2a: Doublade|Swords Dance|p2a: Doublade
|-boost|p2a: Doublade|atk|2
|
|turn|15
|
|move|p2a: Doublade|Shadow Sneak|p1a: Darmanitan
|-damage|p1a: Darmanitan|71\/351
|move|p1a: Darmanitan|Flare Blitz|p2a: Doublade
|-supereffective|p2a: Doublade
|-damage|p2a: Doublade|23\/321
|-damage|p1a: Darmanitan|0 fnt|[from] recoil|[of] p2a: Doublade
|faint|p1a: Darmanitan
|
|
|switch|p1a: Crobat|Crobat, F|373\/373
|turn|16
|
|move|p2a: Doublade|Shadow Sneak|p1a: Crobat
|-damage|p1a: Crobat|205\/373
|move|p1a: Crobat|Brave Bird|p2a: Doublade
|-resisted|p2a: Doublade
|-damage|p2a: Doublade|0 fnt
|-damage|p1a: Crobat|197\/373|[from] recoil|[of] p2a: Doublade
|faint|p2a: Doublade
|
|-heal|p1a: Crobat|220\/373|[from] item: Black Sludge
|
|switch|p2a: Donphan|Donphan, M|232\/383
|turn|17
|
|switch|p1a: Slowking|Slowking, F|393\/393
|move|p2a: Donphan|Knock Off|p1a: Slowking
|-supereffective|p1a: Slowking
|-damage|p1a: Slowking|123\/393
|-enditem|p1a: Slowking|Choice Specs|[from] move: Knock Off|[of] p2a: Donphan
|
|turn|18
|
|switch|p2a: Hydreigon|Hydreigon, M|325\/325
|move|p1a: Slowking|Scald|p2a: Hydreigon
|-resisted|p2a: Hydreigon
|-damage|p2a: Hydreigon|258\/325
|-status|p2a: Hydreigon|brn
|
|-damage|p2a: Hydreigon|218\/325 brn|[from] brn
|turn|19
|
|switch|p1a: Diancie|Diancie|303\/303
|move|p2a: Hydreigon|U-turn|p1a: Diancie
|-crit|p1a: Diancie
|-resisted|p1a: Diancie
|-damage|p1a: Diancie|291\/303
|
|switch|p2a: Donphan|Donphan, M|232\/383
|
|turn|20
|
|move|p2a: Donphan|Knock Off|p1a: Diancie
|-crit|p1a: Diancie
|-resisted|p1a: Diancie
|-damage|p1a: Diancie|245\/303
|-enditem|p1a: Diancie|Chesto Berry|[from] move: Knock Off|[of] p2a: Donphan
|move|p1a: Diancie|Moonblast|p2a: Donphan
|-damage|p2a: Donphan|70\/383
|
|turn|21
|
|switch|p1a: Crobat|Crobat, F|220\/373
|move|p2a: Donphan|Earthquake|p1a: Crobat
|-immune|p1a: Crobat|[msg]
|
|-heal|p1a: Crobat|243\/373|[from] item: Black Sludge
|turn|22
|
|move|p2a: Donphan|Ice Shard|p1a: Crobat
|-supereffective|p1a: Crobat
|-damage|p1a: Crobat|117\/373
|move|p1a: Crobat|Brave Bird|p2a: Donphan
|-damage|p2a: Donphan|0 fnt
|-damage|p1a: Crobat|94\/373|[from] recoil|[of] p2a: Donphan
|faint|p2a: Donphan
|
|-heal|p1a: Crobat|117\/373|[from] item: Black Sludge
|
|switch|p2a: Entei|Entei, shiny|87\/371
|-ability|p2a: Entei|Pressure
|turn|23
|
|switch|p1a: Diancie|Diancie|245\/303
|move|p2a: Entei|Sacred Fire|p1a: Diancie
|-resisted|p1a: Diancie
|-damage|p1a: Diancie|178\/303
|-status|p1a: Diancie|brn
|
|-damage|p1a: Diancie|141\/303 brn|[from] brn
|turn|24
|
|move|p2a: Entei|Sacred Fire|p1a: Diancie
|-resisted|p1a: Diancie
|-damage|p1a: Diancie|64\/303 brn
|move|p1a: Diancie|Moonblast|p2a: Entei
|-resisted|p2a: Entei
|-damage|p2a: Entei|21\/371
|-unboost|p2a: Entei|spa|1
|
|-damage|p1a: Diancie|27\/303 brn|[from] brn
|turn|25
|
|move|p2a: Entei|Sacred Fire|p1a: Diancie
|-resisted|p1a: Diancie
|-damage|p1a: Diancie|0 fnt
|faint|p1a: Diancie
|
|
|switch|p1a: Slowking|Slowking, F|254\/393
|turn|26
|
|switch|p2a: Virizion|Virizion|308\/385
|move|p1a: Slowking|Scald|p2a: Virizion
|-resisted|p2a: Virizion
|-damage|p2a: Virizion|259\/385
|-status|p2a: Virizion|brn
|
|-heal|p2a: Virizion|283\/385 brn|[from] item: Leftovers
|-damage|p2a: Virizion|235\/385 brn|[from] brn
|turn|27
|
|switch|p1a: Crobat|Crobat, F|117\/373
|move|p2a: Virizion|Calm Mind|p2a: Virizion
|-boost|p2a: Virizion|spa|1
|-boost|p2a: Virizion|spd|1
|
|-heal|p1a: Crobat|140\/373|[from] item: Black Sludge
|-heal|p2a: Virizion|259\/385 brn|[from] item: Leftovers
|-damage|p2a: Virizion|211\/385 brn|[from] brn
|turn|28
|
|move|p1a: Crobat|Roost|p1a: Crobat
|-heal|p1a: Crobat|327\/373
|move|p2a: Virizion|Giga Drain|p1a: Crobat
|-resisted|p1a: Crobat
|-damage|p1a: Crobat|234\/373
|-heal|p2a: Virizion|258\/385 brn|[from] drain|[of] p1a: Crobat
|
|-heal|p1a: Crobat|257\/373|[from] item: Black Sludge
|-heal|p2a: Virizion|282\/385 brn|[from] item: Leftovers
|-damage|p2a: Virizion|234\/385 brn|[from] brn
|turn|29
|
|move|p1a: Crobat|Brave Bird|p2a: Virizion
|-supereffective|p2a: Virizion
|-damage|p2a: Virizion|0 fnt
|-damage|p1a: Crobat|180\/373|[from] recoil|[of] p2a: Virizion
|faint|p2a: Virizion
|
|-heal|p1a: Crobat|203\/373|[from] item: Black Sludge
|
|switch|p2a: Hydreigon|Hydreigon, M|218\/325 brn
|turn|30
|
|switch|p1a: Pangoro|Pangoro, M|80\/331
|move|p2a: Hydreigon|Dark Pulse|p1a: Pangoro
|-resisted|p1a: Pangoro
|-damage|p1a: Pangoro|35\/331
|
|-damage|p2a: Hydreigon|178\/325 brn|[from] brn
|turn|31
|
|move|p2a: Hydreigon|Dark Pulse|p1a: Pangoro
|-resisted|p1a: Pangoro
|-damage|p1a: Pangoro|0 fnt
|faint|p1a: Pangoro
|
|-damage|p2a: Hydreigon|138\/325 brn|[from] brn
|
|switch|p1a: Crobat|Crobat, F|203\/373
|turn|32
|
|switch|p2a: Entei|Entei, shiny|21\/371
|-ability|p2a: Entei|Pressure
|move|p1a: Crobat|Brave Bird|p2a: Entei
|-damage|p2a: Entei|0 fnt
|-damage|p1a: Crobat|196\/373|[from] recoil|[of] p2a: Entei
|faint|p2a: Entei
|
|-heal|p1a: Crobat|219\/373|[from] item: Black Sludge
|
|switch|p2a: Hydreigon|Hydreigon, M|138\/325 brn
|turn|33
|
|move|p2a: Hydreigon|Draco Meteor|p1a: Crobat
|-crit|p1a: Crobat
|-damage|p1a: Crobat|0 fnt
|-unboost|p2a: Hydreigon|spa|2
|faint|p1a: Crobat
|
|-damage|p2a: Hydreigon|98\/325 brn|[from] brn
|
|switch|p1a: Slowking|Slowking, F|385\/393
|turn|34
|
|move|p2a: Hydreigon|Draco Meteor|p1a: Slowking|[miss]
|-miss|p2a: Hydreigon|p1a: Slowking
|move|p1a: Slowking|Scald|p2a: Hydreigon
|-resisted|p2a: Hydreigon
|-damage|p2a: Hydreigon|29\/325 brn
|
|-damage|p2a: Hydreigon|0 fnt|[from] brn
|faint|p2a: Hydreigon
|
|win|ULT Klein Bottle
|raw|Ladder updating...
|raw|ULT Klein Bottle's rating: 1461 &rarr; <strong>1484<\/strong><br \/>(+23 for winning)
|raw|mini117's rating: 1502 &rarr; <strong>1479<\/strong><br \/>(-23 for losing)
|c|âmini117|gg
|c|âULT Klein Bottle|gg
|leave|ULT Klein Bottle