|join|mini117
|join|Nekoomancer
|player|p1|mini117|206
|player|p2|Nekoomancer|169
|gametype|singles
|gen|6
|tier|UU
|rated
|rule|Sleep Clause Mod: Limit one foe put to sleep
|rule|Species Clause: Limit one of each PokÃ©mon
|rule|OHKO Clause: OHKO moves are banned
|rule|Moody Clause: Moody is banned
|rule|Evasion Moves Clause: Evasion moves are banned
|rule|Endless Battle Clause: Forcing endless battles is banned
|rule|HP Percentage Mod: HP is shown in percentages
|clearpoke
|poke|p1|Azelf
|poke|p1|Raikou
|poke|p1|Forretress, M
|poke|p1|Seismitoad, M
|poke|p1|Infernape, F
|poke|p1|Sharpedo, M
|poke|p2|Medicham, M
|poke|p2|Articuno
|poke|p2|Porygon-Z
|poke|p2|Arcanine, F
|poke|p2|Crobat, M
|poke|p2|Serperior, F
|rule|Swagger Clause: Swagger is banned
|rule|Baton Pass Clause: Limit one PokÃ©mon knowing Baton Pass
|teampreview
|
|start
|switch|p1a: Azelf|Azelf|291\/291
|switch|p2a: Arcanine|Arcanine, F|321\/321
|turn|1
|
|move|p1a: Azelf|Stealth Rock|p2a: Arcanine
|-sidestart|p2: Nekoomancer|move: Stealth Rock
|move|p2a: Arcanine|Crunch|p1a: Azelf
|-supereffective|p1a: Azelf
|-damage|p1a: Azelf|10\/291
|-damage|p2a: Arcanine|289\/321|[from] item: Life Orb
|
|turn|2
|
|move|p2a: Arcanine|Extreme Speed|p1a: Azelf
|-damage|p1a: Azelf|0 fnt
|-damage|p2a: Arcanine|257\/321|[from] item: Life Orb
|faint|p1a: Azelf
|
|
|switch|p1a: Seismitoad|Seismitoad, M|414\/414
|turn|3
|
|move|p2a: Arcanine|Close Combat|p1a: Seismitoad
|-damage|p1a: Seismitoad|223\/414
|-unboost|p2a: Arcanine|def|1
|-unboost|p2a: Arcanine|spd|1
|-damage|p2a: Arcanine|225\/321|[from] item: Life Orb
|move|p1a: Seismitoad|Knock Off|p2a: Arcanine
|-damage|p2a: Arcanine|94\/321
|-enditem|p2a: Arcanine|Life Orb|[from] move: Knock Off|[of] p1a: Seismitoad
|
|-heal|p1a: Seismitoad|248\/414|[from] item: Leftovers
|turn|4
|
|move|p2a: Arcanine|Close Combat|p1a: Seismitoad
|-damage|p1a: Seismitoad|87\/414
|-unboost|p2a: Arcanine|def|1
|-unboost|p2a: Arcanine|spd|1
|move|p1a: Seismitoad|Scald|p2a: Arcanine
|-supereffective|p2a: Arcanine
|-damage|p2a: Arcanine|0 fnt
|faint|p2a: Arcanine
|
|-heal|p1a: Seismitoad|112\/414|[from] item: Leftovers
|
|switch|p2a: Serperior|Serperior, F|291\/291
|-damage|p2a: Serperior|255\/291|[from] Stealth Rock
|turn|5
|
|switch|p1a: Forretress|Forretress, M|353\/353
|move|p2a: Serperior|Leaf Storm|p1a: Forretress|[miss]
|-miss|p2a: Serperior|p1a: Forretress
|
|turn|6
|
|switch|p2a: Medicham|Medicham, M|323\/323
|-damage|p2a: Medicham|303\/323|[from] Stealth Rock
|move|p1a: Forretress|Volt Switch|p2a: Medicham
|-damage|p2a: Medicham|261\/323
|
|switch|p1a: Sharpedo|Sharpedo, M|281\/281
|
|turn|7
|
|detailschange|p2a: Medicham|Medicham-Mega, M
|-mega|p2a: Medicham|Medicham|Medichamite
|move|p1a: Sharpedo|Protect|p1a: Sharpedo
|-singleturn|p1a: Sharpedo|Protect
|move|p2a: Medicham|Drain Punch|p1a: Sharpedo
|-activate|p1a: Sharpedo|Protect
|
|-boost|p1a: Sharpedo|spe|1|[from] ability: Speed Boost
|turn|8
|
|detailschange|p1a: Sharpedo|Sharpedo-Mega, M
|-mega|p1a: Sharpedo|Sharpedo|Sharpedonite
|move|p1a: Sharpedo|Crunch|p2a: Medicham
|-damage|p2a: Medicham|32\/323
|-unboost|p2a: Medicham|def|1
|move|p2a: Medicham|Drain Punch|p1a: Sharpedo
|-supereffective|p1a: Sharpedo
|-damage|p1a: Sharpedo|0 fnt
|-heal|p2a: Medicham|173\/323|[from] drain|[of] p1a: Sharpedo
|faint|p1a: Sharpedo
|
|
|switch|p1a: Raikou|Raikou|321\/321
|-ability|p1a: Raikou|Pressure
|turn|9
|
|switch|p2a: Serperior|Serperior, F|255\/291
|-damage|p2a: Serperior|219\/291|[from] Stealth Rock
|move|p1a: Raikou|Volt Switch|p2a: Serperior
|-resisted|p2a: Serperior
|-damage|p2a: Serperior|132\/291
|
|switch|p1a: Forretress|Forretress, M|353\/353
|
|turn|10
|
|switch|p2a: Medicham|Medicham-Mega, M|173\/323
|-damage|p2a: Medicham|153\/323|[from] Stealth Rock
|move|p1a: Forretress|Gyro Ball|p2a: Medicham
|-damage|p2a: Medicham|57\/323
|
|turn|11
|
|move|p2a: Medicham|Drain Punch|p1a: Forretress
|-damage|p1a: Forretress|223\/353
|-heal|p2a: Medicham|122\/323|[from] drain|[of] p1a: Forretress
|-damage|p2a: Medicham|69\/323|[from] item: Rocky Helmet|[of] p1a: Forretress
|move|p1a: Forretress|Volt Switch|p2a: Medicham
|-damage|p2a: Medicham|29\/323
|
|switch|p1a: Raikou|Raikou|321\/321
|-ability|p1a: Raikou|Pressure
|
|turn|12
|
|move|p2a: Medicham|Bullet Punch|p1a: Raikou
|-resisted|p1a: Raikou
|-damage|p1a: Raikou|266\/321
|move|p1a: Raikou|Volt Switch|p2a: Medicham
|-damage|p2a: Medicham|0 fnt
|faint|p2a: Medicham
|
|switch|p1a: Forretress|Forretress, M|223\/353
|
|
|switch|p2a: Articuno|Articuno|383\/383
|-damage|p2a: Articuno|192\/383|[from] Stealth Rock
|-ability|p2a: Articuno|Pressure
|turn|13
|
|move|p2a: Articuno|Hurricane|p1a: Forretress|[miss]
|-miss|p2a: Articuno|p1a: Forretress
|move|p1a: Forretress|Gyro Ball|p2a: Articuno
|-supereffective|p2a: Articuno
|-damage|p2a: Articuno|36\/383
|
|-heal|p2a: Articuno|59\/383|[from] item: Leftovers
|turn|14
|
|switch|p1a: Seismitoad|Seismitoad, M|112\/414
|move|p2a: Articuno|Hurricane|p1a: Seismitoad|[miss]
|-miss|p2a: Articuno|p1a: Seismitoad
|
|-heal|p2a: Articuno|82\/383|[from] item: Leftovers
|-heal|p1a: Seismitoad|137\/414|[from] item: Leftovers
|turn|15
|c|âNekoomancer|...
|
|move|p2a: Articuno|Roost|p2a: Articuno
|-heal|p2a: Articuno|274\/383
|move|p1a: Seismitoad|Knock Off|p2a: Articuno
|-damage|p2a: Articuno|201\/383
|-enditem|p2a: Articuno|Leftovers|[from] move: Knock Off|[of] p1a: Seismitoad
|
|-heal|p1a: Seismitoad|162\/414|[from] item: Leftovers
|turn|16
|
|move|p2a: Articuno|Roost|p2a: Articuno
|-heal|p2a: Articuno|383\/383
|move|p1a: Seismitoad|Toxic|p2a: Articuno
|-status|p2a: Articuno|tox
|
|-heal|p1a: Seismitoad|187\/414|[from] item: Leftovers
|-damage|p2a: Articuno|360\/383 tox|[from] psn
|turn|17
|
|move|p2a: Articuno|Freeze-Dry|p1a: Seismitoad
|-supereffective|p1a: Seismitoad
|-damage|p1a: Seismitoad|0 fnt
|faint|p1a: Seismitoad
|
|-damage|p2a: Articuno|314\/383 tox|[from] psn
|
|switch|p1a: Raikou|Raikou|266\/321
|-ability|p1a: Raikou|Pressure
|turn|18
|
|switch|p2a: Serperior|Serperior, F|132\/291
|-damage|p2a: Serperior|96\/291|[from] Stealth Rock
|move|p1a: Raikou|Volt Switch|p2a: Serperior
|-resisted|p2a: Serperior
|-damage|p2a: Serperior|2\/291
|
|switch|p1a: Forretress|Forretress, M|223\/353
|
|turn|19
|
|move|p2a: Serperior|Dragon Pulse|p1a: Forretress
|-resisted|p1a: Forretress
|-damage|p1a: Forretress|161\/353
|-damage|p2a: Serperior|0 fnt|[from] item: Life Orb
|faint|p2a: Serperior
|move|p1a: Forretress|Volt Switch|p2: Serperior|[notarget]
|-notarget
|
|
|switch|p2a: Articuno|Articuno|314\/383 tox
|-damage|p2a: Articuno|123\/383 tox|[from] Stealth Rock
|-ability|p2a: Articuno|Pressure
|turn|20
|
|move|p2a: Articuno|Hurricane|p1a: Forretress
|-damage|p1a: Forretress|0 fnt
|faint|p1a: Forretress
|
|-damage|p2a: Articuno|100\/383 tox|[from] psn
|
|switch|p1a: Raikou|Raikou|266\/321
|-ability|p1a: Raikou|Pressure
|turn|21
|
|move|p1a: Raikou|Thunderbolt|p2a: Articuno
|-supereffective|p2a: Articuno
|-damage|p2a: Articuno|0 fnt
|faint|p2a: Articuno
|
|
|switch|p2a: Porygon-Z|Porygon-Z|311\/311
|-damage|p2a: Porygon-Z|273\/311|[from] Stealth Rock
|-boost|p2a: Porygon-Z|atk|1|[from] ability: Download
|turn|22
|
|switch|p1a: Infernape|Infernape, F|293\/293
|move|p2a: Porygon-Z|Tri Attack|p1a: Infernape
|-damage|p1a: Infernape|43\/293
|-status|p1a: Infernape|par
|-damage|p2a: Porygon-Z|242\/311|[from] item: Life Orb
|
|turn|23
|c|âNekoomancer|KKKKKKKKKKKKKKKKKKKKKKK
|
|move|p2a: Porygon-Z|Psychic|p1a: Infernape
|-supereffective|p1a: Infernape
|-damage|p1a: Infernape|0 fnt
|-damage|p2a: Porygon-Z|211\/311|[from] item: Life Orb
|faint|p1a: Infernape
|
|
|switch|p1a: Raikou|Raikou|266\/321
|-ability|p1a: Raikou|Pressure
|turn|24
|
|move|p1a: Raikou|Thunderbolt|p2a: Porygon-Z
|-damage|p2a: Porygon-Z|0 fnt
|faint|p2a: Porygon-Z
|
|
|switch|p2a: Crobat|Crobat, M|311\/311
|-damage|p2a: Crobat|234\/311|[from] Stealth Rock
|turn|25
|
|move|p2a: Crobat|Toxic|p1a: Raikou
|-status|p1a: Raikou|tox
|move|p1a: Raikou|Thunderbolt|p2a: Crobat
|-supereffective|p2a: Crobat
|-damage|p2a: Crobat|0 fnt
|faint|p2a: Crobat
|
|win|mini117
|raw|Ladder updating...
|raw|mini117's rating: 1250 &rarr; <strong>1270<\/strong><br \/>(+20 for winning)
|raw|Nekoomancer's rating: 1182 &rarr; <strong>1162<\/strong><br \/>(-20 for losing)
|leave|mini117
|player|p1