|join|BHARATH_THEBEST
|join|zappo_dracula
|player|p1|BHARATH_THEBEST|290
|player|p2|zappo_dracula|150
|gametype|singles
|gen|6
|tier|ORAS OU
|rated
|rule|Sleep Clause Mod: Limit one foe put to sleep
|rule|Species Clause: Limit one of each PokÃ©mon
|rule|OHKO Clause: OHKO moves are banned
|rule|Moody Clause: Moody is banned
|rule|Evasion Moves Clause: Evasion moves are banned
|rule|Endless Battle Clause: Forcing endless battles is banned
|rule|HP Percentage Mod: HP is shown in percentages
|clearpoke
|poke|p1|Salamence, M
|poke|p1|Jirachi
|poke|p1|Mamoswine, M
|poke|p1|Greninja, F
|poke|p1|Ferrothorn, F
|poke|p1|Kyurem-Black
|poke|p2|Diggersby, M
|poke|p2|Magnezone
|poke|p2|Pinsir, F
|poke|p2|Azumarill, F
|poke|p2|Garchomp, F
|poke|p2|Latias, F
|rule|Swagger Clause: Swagger is banned
|rule|Baton Pass Clause: Limit one PokÃ©mon knowing Baton Pass
|teampreview
|
|start
|switch|p1a: Mamoswine|Mamoswine, M|361\/361
|switch|p2a: Azumarill|Azumarill, F|404\/404
|turn|1
|
|move|p1a: Mamoswine|Stealth Rock|p2a: Azumarill
|-sidestart|p2: zappo_dracula|move: Stealth Rock
|move|p2a: Azumarill|Knock Off|p1a: Mamoswine
|-damage|p1a: Mamoswine|195\/361
|-enditem|p1a: Mamoswine|Focus Sash|[from] move: Knock Off|[of] p2a: Azumarill
|
|turn|2
|
|switch|p1a: Ferrothorn|Ferrothorn, F|352\/352
|move|p2a: Azumarill|Play Rough|p1a: Ferrothorn
|-resisted|p1a: Ferrothorn
|-damage|p1a: Ferrothorn|288\/352
|-damage|p2a: Azumarill|354\/404|[from] ability: Iron Barbs|[of] p1a: Ferrothorn
|
|-heal|p1a: Ferrothorn|310\/352|[from] item: Leftovers
|turn|3
|
|switch|p2a: Magnezone|Magnezone|281\/281
|-damage|p2a: Magnezone|264\/281|[from] Stealth Rock
|switch|p1a: Salamence|Salamence, M|377\/377
|-ability|p1a: Salamence|Intimidate|[of] p2a: Magnezone
|-unboost|p2a: Magnezone|atk|1
|
|turn|4
|
|detailschange|p1a: Salamence|Salamence-Mega, M
|message|Salamence has Mega Evolved into Mega Salamence!
|move|p2a: Magnezone|Volt Switch|p1a: Salamence
|-damage|p1a: Salamence|251\/377
|
|switch|p2a: Azumarill|Azumarill, F|354\/404
|-damage|p2a: Azumarill|304\/404|[from] Stealth Rock
|move|p1a: Salamence|Dragon Dance|p1a: Salamence
|-boost|p1a: Salamence|atk|1
|-boost|p1a: Salamence|spe|1
|
|turn|5
|
|move|p1a: Salamence|Frustration|p2a: Azumarill
|-damage|p2a: Azumarill|0 fnt
|faint|p2a: Azumarill
|
|
|switch|p2a: Latias|Latias, F|319\/319
|-damage|p2a: Latias|280\/319|[from] Stealth Rock
|turn|6
|
|move|p1a: Salamence|Frustration|p2a: Latias
|-damage|p2a: Latias|0 fnt
|faint|p2a: Latias
|
|
|switch|p2a: Magnezone|Magnezone|264\/281
|-damage|p2a: Magnezone|247\/281|[from] Stealth Rock
|turn|7
|
|move|p1a: Salamence|Earthquake|p2a: Magnezone
|-supereffective|p2a: Magnezone
|-damage|p2a: Magnezone|0 fnt
|faint|p2a: Magnezone
|
|
|switch|p2a: Diggersby|Diggersby, M|312\/312
|-damage|p2a: Diggersby|293\/312|[from] Stealth Rock
|turn|8
|
|move|p1a: Salamence|Frustration|p2a: Diggersby
|-damage|p2a: Diggersby|0 fnt
|faint|p2a: Diggersby
|
|
|switch|p2a: Garchomp|Garchomp, F|358\/358
|-damage|p2a: Garchomp|336\/358|[from] Stealth Rock
|turn|9
|
|move|p1a: Salamence|Frustration|p2a: Garchomp
|-damage|p2a: Garchomp|0 fnt
|-damage|p1a: Salamence|204\/377|[from] ability: Rough Skin|[of] p2a: Garchomp
|faint|p2a: Garchomp
|
|
|switch|p2a: Pinsir|Pinsir, F|271\/271
|-damage|p2a: Pinsir|204\/271|[from] Stealth Rock
|turn|10
|
|detailschange|p2a: Pinsir|Pinsir-Mega, F
|message|Pinsir has Mega Evolved into Mega Pinsir!
|move|p2a: Pinsir|Quick Attack|p1a: Salamence
|-damage|p1a: Salamence|111\/377
|move|p1a: Salamence|Frustration|p2a: Pinsir
|-supereffective|p2a: Pinsir
|-damage|p2a: Pinsir|0 fnt
|faint|p2a: Pinsir
|
|win|BHARATH_THEBEST
|raw|Ladder updating...
|raw|BHARATH_THEBEST's rating: 1399 &rarr; <strong>1414<\/strong><br \/>(+15 for winning)
|raw|zappo_dracula's rating: 1300 &rarr; <strong>1286<\/strong><br \/>(-14 for losing)
|leave|zappo_dracula
|player|p2