|join|orne
|join|BHARATH_THEBEST
|player|p1|orne|102
|player|p2|BHARATH_THEBEST|290
|gametype|singles
|gen|6
|tier|ORAS OU
|rated
|rule|Sleep Clause Mod: Limit one foe put to sleep
|rule|Species Clause: Limit one of each PokÃ©mon
|rule|OHKO Clause: OHKO moves are banned
|rule|Moody Clause: Moody is banned
|rule|Evasion Moves Clause: Evasion moves are banned
|rule|Endless Battle Clause: Forcing endless battles is banned
|rule|HP Percentage Mod: HP is shown in percentages
|clearpoke
|poke|p1|Gallade, M
|poke|p1|Victini
|poke|p1|Mandibuzz, F
|poke|p1|Ferrothorn, F
|poke|p1|Thundurus, M
|poke|p1|Vaporeon, F
|poke|p2|Scizor, F
|poke|p2|Kyurem-Black
|poke|p2|Mew
|poke|p2|Landorus-Therian, M
|poke|p2|Entei, shiny
|poke|p2|Thundurus, M
|rule|Swagger Clause: Swagger is banned
|rule|Baton Pass Clause: Limit one PokÃ©mon knowing Baton Pass
|teampreview
|
|start
|switch|p1a: Mandibuzz|Mandibuzz, F|423\/423
|switch|p2a: Entei|Entei, shiny|371\/371
|-ability|p2a: Entei|Pressure
|turn|1
|
|switch|p1a: Vaporeon|Vaporeon, F|464\/464
|move|p2a: Entei|Sacred Fire|p1a: Vaporeon
|-resisted|p1a: Vaporeon
|-damage|p1a: Vaporeon|338\/464
|-status|p1a: Vaporeon|brn
|
|-heal|p1a: Vaporeon|367\/464 brn|[from] item: Leftovers
|-damage|p1a: Vaporeon|309\/464 brn|[from] brn
|turn|2
|
|switch|p2a: Thundurus|Thundurus, M|299\/299
|move|p1a: Vaporeon|Toxic|p2a: Thundurus|[miss]
|-miss|p1a: Vaporeon|p2a: Thundurus
|
|-heal|p1a: Vaporeon|338\/464 brn|[from] item: Leftovers
|-damage|p1a: Vaporeon|280\/464 brn|[from] brn
|turn|3
|
|switch|p1a: Ferrothorn|Ferrothorn, F|352\/352
|move|p2a: Thundurus|Knock Off|p1a: Ferrothorn
|-damage|p1a: Ferrothorn|277\/352
|-damage|p2a: Thundurus|262\/299|[from] ability: Iron Barbs|[of] p1a: Ferrothorn
|-enditem|p1a: Ferrothorn|Leftovers|[from] move: Knock Off|[of] p2a: Thundurus
|-damage|p2a: Thundurus|233\/299|[from] item: Life Orb
|
|turn|4
|
|move|p2a: Thundurus|Superpower|p1a: Ferrothorn
|-crit|p1a: Ferrothorn
|-supereffective|p1a: Ferrothorn
|-damage|p1a: Ferrothorn|1\/352
|-damage|p2a: Thundurus|196\/299|[from] ability: Iron Barbs|[of] p1a: Ferrothorn
|-unboost|p2a: Thundurus|atk|1
|-unboost|p2a: Thundurus|def|1
|-damage|p2a: Thundurus|167\/299|[from] item: Life Orb
|move|p1a: Ferrothorn|Stealth Rock|p2a: Thundurus
|-sidestart|p2: BHARATH_THEBEST|move: Stealth Rock
|
|turn|5
|
|move|p2a: Thundurus|Thunderbolt|p1a: Ferrothorn
|-resisted|p1a: Ferrothorn
|-damage|p1a: Ferrothorn|0 fnt
|-damage|p2a: Thundurus|138\/299|[from] item: Life Orb
|faint|p1a: Ferrothorn
|
|
|switch|p1a: Thundurus|Thundurus, M|299\/299
|turn|6
|
|move|p1a: Thundurus|Hidden Power|p2a: Thundurus
|-supereffective|p2a: Thundurus
|-damage|p2a: Thundurus|0 fnt
|-damage|p1a: Thundurus|270\/299|[from] item: Life Orb
|faint|p2a: Thundurus
|
|
|switch|p2a: Mew|Mew|403\/403
|-damage|p2a: Mew|353\/403|[from] Stealth Rock
|turn|7
|
|switch|p1a: Vaporeon|Vaporeon, F|280\/464 brn
|move|p2a: Mew|Knock Off|p1a: Vaporeon
|-damage|p1a: Vaporeon|203\/464 brn
|-enditem|p1a: Vaporeon|Leftovers|[from] move: Knock Off|[of] p2a: Mew
|
|-heal|p2a: Mew|378\/403|[from] item: Leftovers
|-damage|p1a: Vaporeon|145\/464 brn|[from] brn
|turn|8
|
|move|p2a: Mew|Taunt|p1a: Vaporeon
|-start|p1a: Vaporeon|move: Taunt
|cant|p1a: Vaporeon|move: Taunt|Toxic
|
|-heal|p2a: Mew|403\/403|[from] item: Leftovers
|-damage|p1a: Vaporeon|87\/464 brn|[from] brn
|turn|9
|
|move|p2a: Mew|Knock Off|p1a: Vaporeon
|-damage|p1a: Vaporeon|41\/464 brn
|move|p1a: Vaporeon|Scald|p2a: Mew
|-damage|p2a: Mew|327\/403
|-status|p2a: Mew|brn
|
|-heal|p2a: Mew|352\/403 brn|[from] item: Leftovers
|-damage|p2a: Mew|302\/403 brn|[from] brn
|-damage|p1a: Vaporeon|0 fnt|[from] brn
|faint|p1a: Vaporeon
|
|switch|p1a: Gallade|Gallade, M|277\/277
|turn|10
|
|switch|p1a: Victini|Victini|365\/365
|move|p2a: Mew|Will-O-Wisp|p1a: Victini
|-fail|p1a: Victini
|
|-heal|p2a: Mew|327\/403 brn|[from] item: Leftovers
|-damage|p2a: Mew|277\/403 brn|[from] brn
|turn|11
|
|move|p1a: Victini|Substitute|p1a: Victini
|-start|p1a: Victini|Substitute
|-damage|p1a: Victini|274\/365
|move|p2a: Mew|Roost|p2a: Mew
|-heal|p2a: Mew|403\/403 brn
|
|-heal|p1a: Victini|296\/365|[from] item: Leftovers
|-damage|p2a: Mew|353\/403 brn|[from] brn
|turn|12
|
|move|p1a: Victini|Power-Up Punch|p2a: Mew
|-resisted|p2a: Mew
|-damage|p2a: Mew|333\/403 brn
|-boost|p1a: Victini|atk|1
|move|p2a: Mew|Knock Off|p1a: Victini
|-supereffective|p1a: Victini
|-activate|p1a: Victini|Substitute|[damage]
|
|-heal|p1a: Victini|318\/365|[from] item: Leftovers
|-heal|p2a: Mew|358\/403 brn|[from] item: Leftovers
|-damage|p2a: Mew|308\/403 brn|[from] brn
|turn|13
|
|move|p1a: Victini|Power-Up Punch|p2a: Mew
|-resisted|p2a: Mew
|-damage|p2a: Mew|276\/403 brn
|-boost|p1a: Victini|atk|1
|move|p2a: Mew|Knock Off|p1a: Victini
|-supereffective|p1a: Victini
|-end|p1a: Victini|Substitute
|
|-heal|p1a: Victini|340\/365|[from] item: Leftovers
|-heal|p2a: Mew|301\/403 brn|[from] item: Leftovers
|-damage|p2a: Mew|251\/403 brn|[from] brn
|turn|14
|
|move|p1a: Victini|Substitute|p1a: Victini
|-start|p1a: Victini|Substitute
|-damage|p1a: Victini|249\/365
|move|p2a: Mew|Taunt|p1a: Victini
|-start|p1a: Victini|move: Taunt
|
|-heal|p1a: Victini|271\/365|[from] item: Leftovers
|-heal|p2a: Mew|276\/403 brn|[from] item: Leftovers
|-damage|p2a: Mew|226\/403 brn|[from] brn
|turn|15
|
|move|p1a: Victini|Bolt Strike|p2a: Mew
|-damage|p2a: Mew|0 fnt
|faint|p2a: Mew
|
|-heal|p1a: Victini|293\/365|[from] item: Leftovers
|
|switch|p2a: Entei|Entei, shiny|371\/371
|-damage|p2a: Entei|279\/371|[from] Stealth Rock
|-ability|p2a: Entei|Pressure
|turn|16
|
|move|p2a: Entei|Extreme Speed|p1a: Victini
|-end|p1a: Victini|Substitute
|move|p1a: Victini|Bolt Strike|p2a: Entei
|-damage|p2a: Entei|0 fnt
|faint|p2a: Entei
|
|-heal|p1a: Victini|315\/365|[from] item: Leftovers
|
|switch|p2a: Kyurem-Black|Kyurem-Black|391\/391
|-damage|p2a: Kyurem-Black|294\/391|[from] Stealth Rock
|-ability|p2a: Kyurem-Black|Teravolt
|turn|17
|
|switch|p1a: Mandibuzz|Mandibuzz, F|423\/423
|move|p2a: Kyurem-Black|Outrage|p1a: Mandibuzz
|-damage|p1a: Mandibuzz|218\/423
|-damage|p2a: Kyurem-Black|229\/391|[from] item: Rocky Helmet|[of] p1a: Mandibuzz
|
|turn|18
|
|move|p2a: Kyurem-Black|Outrage|p1a: Mandibuzz
|-damage|p1a: Mandibuzz|5\/423
|-damage|p2a: Kyurem-Black|164\/391|[from] item: Rocky Helmet|[of] p1a: Mandibuzz
|move|p1a: Mandibuzz|Foul Play|p2a: Kyurem-Black
|-damage|p2a: Kyurem-Black|0 fnt
|faint|p2a: Kyurem-Black
|
|
|switch|p2a: Landorus-Therian|Landorus-Therian, M|381\/381
|-damage|p2a: Landorus-Therian|334\/381|[from] Stealth Rock
|-ability|p2a: Landorus-Therian|Intimidate|[of] p1a: Mandibuzz
|-unboost|p1a: Mandibuzz|atk|1
|turn|19
|
|move|p2a: Landorus-Therian|U-turn|p1a: Mandibuzz
|-damage|p1a: Mandibuzz|0 fnt
|-damage|p2a: Landorus-Therian|271\/381|[from] item: Rocky Helmet|[of] p1a: Mandibuzz
|faint|p1a: Mandibuzz
|
|switch|p2a: Scizor|Scizor, F|341\/341
|-damage|p2a: Scizor|299\/341|[from] Stealth Rock
|
|
|switch|p1a: Victini|Victini|315\/365
|turn|20
|
|detailschange|p2a: Scizor|Scizor-Mega, F
|message|Scizor has Mega Evolved into Mega Scizor!
|move|p2a: Scizor|Bullet Punch|p1a: Victini
|-resisted|p1a: Victini
|-damage|p1a: Victini|255\/365
|move|p1a: Victini|Substitute|p1a: Victini
|-start|p1a: Victini|Substitute
|-damage|p1a: Victini|164\/365
|
|-heal|p1a: Victini|186\/365|[from] item: Leftovers
|turn|21
|-message|BHARATH_THEBEST forfeited.
|
|win|orne
|raw|Ladder updating...
|leave|BHARATH_THEBEST
|player|p2
|raw|orne's rating: 1344 &rarr; <strong>1361<\/strong><br \/>(+17 for winning)
|raw|BHARATH_THEBEST's rating: 1290 &rarr; <strong>1269<\/strong><br \/>(-21 for losing)