|join|Lyndislol
|join|BHARATH_THEBEST
|player|p1|Lyndislol|48
|player|p2|BHARATH_THEBEST|290
|gametype|singles
|gen|6
|tier|OU
|rated
|clearpoke
|poke|p1|Smeargle, M
|poke|p1|Scolipede, M
|poke|p1|Vaporeon, F
|poke|p1|Espeon, M
|poke|p1|Sylveon, F
|poke|p1|Zapdos
|poke|p2|Rotom-Wash
|poke|p2|Excadrill, M
|poke|p2|Latios, M
|poke|p2|Entei, shiny
|poke|p2|Mawile, M
|poke|p2|Terrakion
|rule|Sleep Clause Mod: Limit one foe put to sleep
|rule|Species Clause: Limit one of each Pokemon
|rule|OHKO Clause: OHKO moves are banned
|rule|Moody Clause: Moody is banned
|rule|Evasion Moves Clause: Evasion moves are banned
|rule|Endless Battle Clause: Forcing endless battles is banned.
|rule|HP Percentage Mod: HP is reported as percentages
|teampreview
|
|start
|switch|p1a: Scolipede|Scolipede, M|321\/321
|switch|p2a: Mawile|Mawile, M|258\/258
|-ability|p2a: Mawile|Intimidate|[of] p1a: Scolipede
|-unboost|p1a: Scolipede|atk|1
|turn|1
|
|detailschange|p2a: Mawile|Mawile-Mega, M
|message|Mawile has Mega Evolved into Mega Mawile!
|move|p1a: Scolipede|Iron Defense|p1a: Scolipede
|-boost|p1a: Scolipede|def|2
|move|p2a: Mawile|Fire Fang|p1a: Scolipede
|-supereffective|p1a: Scolipede
|-damage|p1a: Scolipede|169\/321
|
|-boost|p1a: Scolipede|spe|1|[from] ability: Speed Boost
|turn|2
|
|move|p1a: Scolipede|Iron Defense|p1a: Scolipede
|-boost|p1a: Scolipede|def|2
|move|p2a: Mawile|Swords Dance|p2a: Mawile
|-boost|p2a: Mawile|atk|2
|
|-boost|p1a: Scolipede|spe|1|[from] ability: Speed Boost
|turn|3
|
|move|p1a: Scolipede|Substitute|p1a: Scolipede
|-start|p1a: Scolipede|Substitute
|-damage|p1a: Scolipede|89\/321
|move|p2a: Mawile|Swords Dance|p2a: Mawile
|-boost|p2a: Mawile|atk|2
|
|-boost|p1a: Scolipede|spe|1|[from] ability: Speed Boost
|turn|4
|
|move|p1a: Scolipede|Baton Pass|p1a: Scolipede
|
|switch|p1a: Smeargle|Smeargle, M|273\/273
|move|p2a: Mawile|Play Rough|p1a: Smeargle
|-end|p1a: Smeargle|Substitute
|
|turn|5
|
|move|p1a: Smeargle|Spore|p2a: Mawile
|-status|p2a: Mawile|slp
|cant|p2a: Mawile|slp
|
|turn|6
|
|move|p1a: Smeargle|Ingrain|p1a: Smeargle
|-start|p1a: Smeargle|move: Ingrain
|cant|p2a: Mawile|slp
|
|turn|7
|
|move|p1a: Smeargle|Baton Pass|p1a: Smeargle
|
|switch|p1a: Vaporeon|Vaporeon, F|449\/449
|cant|p2a: Mawile|slp
|
|turn|8
|
|-curestatus|p2a: Mawile|slp
|move|p2a: Mawile|Play Rough|p1a: Vaporeon
|-damage|p1a: Vaporeon|169\/449
|move|p1a: Vaporeon|Roar|p2a: Mawile
|drag|p2a: Latios|Latios, M|302\/302
|
|-heal|p1a: Vaporeon|197\/449|[from] item: Leftovers
|-heal|p1a: Vaporeon|225\/449|[from] Ingrain
|turn|9
|
|move|p1a: Vaporeon|Baton Pass|p1a: Vaporeon
|
|switch|p1a: Sylveon|Sylveon, F|385\/385
|move|p2a: Latios|Draco Meteor|p1a: Sylveon
|-immune|p1a: Sylveon|[msg]
|
|turn|10
|
|switch|p2a: Rotom-Wash|Rotom-Wash|261\/261
|move|p1a: Sylveon|Calm Mind|p1a: Sylveon
|-boost|p1a: Sylveon|spa|1
|-boost|p1a: Sylveon|spd|1
|
|turn|11
|
|move|p1a: Sylveon|Baton Pass|p1a: Sylveon
|
|switch|p1a: Espeon|Espeon, M|334\/334
|move|p2a: Rotom-Wash|Trick|p1a: Espeon
|-activate|p2a: Rotom-Wash|move: Trick|[of] p1a: Espeon
|-item|p1a: Espeon|Choice Scarf|[from] move: Trick
|-item|p2a: Rotom-Wash|Leftovers|[from] move: Trick
|
|turn|12
|
|move|p1a: Espeon|Stored Power|p2a: Rotom-Wash
|-damage|p2a: Rotom-Wash|0 fnt
|faint|p2a: Rotom-Wash
|
|
|switch|p2a: Mawile|Mawile-Mega, M|258\/258
|turn|13
|
|move|p1a: Espeon|Stored Power|p2a: Mawile
|-resisted|p2a: Mawile
|-damage|p2a: Mawile|26\/258
|move|p2a: Mawile|Play Rough|p1a: Espeon
|-damage|p1a: Espeon|172\/334
|
|-heal|p1a: Espeon|192\/334|[from] Ingrain
|turn|14
|
|move|p2a: Mawile|Sucker Punch|p1a: Espeon
|-supereffective|p1a: Espeon
|-damage|p1a: Espeon|10\/334
|move|p1a: Espeon|Stored Power|p2a: Mawile
|-resisted|p2a: Mawile
|-damage|p2a: Mawile|0 fnt
|faint|p2a: Mawile
|
|-heal|p1a: Espeon|30\/334|[from] Ingrain
|
|switch|p2a: Entei|Entei, shiny|372\/372
|-ability|p2a: Entei|Pressure
|turn|15
|
|move|p2a: Entei|Extreme Speed|p1a: Espeon
|-crit|p1a: Espeon
|-damage|p1a: Espeon|0 fnt
|faint|p1a: Espeon
|
|
|switch|p1a: Smeargle|Smeargle, M|273\/273
|turn|16
|
|move|p2a: Entei|Extreme Speed|p1a: Smeargle
|-damage|p1a: Smeargle|43\/273
|move|p1a: Smeargle|Spore|p2a: Entei
|-status|p2a: Entei|slp
|
|turn|17
|
|switch|p2a: Terrakion|Terrakion|323\/323
|move|p1a: Smeargle|Ingrain|p1a: Smeargle
|-start|p1a: Smeargle|move: Ingrain
|
|-heal|p1a: Smeargle|60\/273|[from] Ingrain
|turn|18
|
|move|p2a: Terrakion|Stealth Rock|p1a: Smeargle
|-sidestart|p1: Lyndislol|move: Stealth Rock
|move|p1a: Smeargle|Baton Pass|p1a: Smeargle
|
|switch|p1a: Scolipede|Scolipede, M|89\/321
|-damage|p1a: Scolipede|9\/321|[from] Stealth Rock
|
|-heal|p1a: Scolipede|29\/321|[from] Ingrain
|turn|19
|
|move|p1a: Scolipede|Protect|p1a: Scolipede
|-singleturn|p1a: Scolipede|Protect
|move|p2a: Terrakion|Stone Edge|p1a: Scolipede
|-activate|p1a: Scolipede|Protect
|
|-heal|p1a: Scolipede|49\/321|[from] Ingrain
|-boost|p1a: Scolipede|spe|1|[from] ability: Speed Boost
|turn|20
|
|move|p1a: Scolipede|Baton Pass|p1a: Scolipede
|
|switch|p1a: Sylveon|Sylveon, F|385\/385
|-damage|p1a: Sylveon|337\/385|[from] Stealth Rock
|move|p2a: Terrakion|Close Combat|p1a: Sylveon
|-resisted|p1a: Sylveon
|-damage|p1a: Sylveon|199\/385
|-unboost|p2a: Terrakion|def|1
|-unboost|p2a: Terrakion|spd|1
|
|-heal|p1a: Sylveon|223\/385|[from] item: Leftovers
|-heal|p1a: Sylveon|247\/385|[from] Ingrain
|turn|21
|
|move|p2a: Terrakion|Stone Edge|p1a: Sylveon
|-damage|p1a: Sylveon|0 fnt
|faint|p1a: Sylveon
|
|
|switch|p1a: Zapdos|Zapdos|384\/384
|-damage|p1a: Zapdos|288\/384|[from] Stealth Rock
|-ability|p1a: Zapdos|Pressure
|turn|22
|-message|Lyndislol forfeited.
|leave|Lyndislol
|
|win|BHARATH_THEBEST
|raw|Ladder updating...
|player|p1
|raw|Lyndislol's rating: 1636 &rarr; <strong>1612<\/strong><br \/>(-24 for losing)
|raw|BHARATH_THEBEST's rating: 1568 &rarr; <strong>1592<\/strong><br \/>(+24 for winning)
|chat|BHARATH_THEBEST|fucki u