|join|BHARATH_THEBEST
|join|NameAlreadyTaken2
|player|p1|BHARATH_THEBEST|290
|player|p2|NameAlreadyTaken2|170
|gametype|singles
|gen|6
|tier|OU
|rated
|clearpoke
|poke|p1|Tyranitar, M
|poke|p1|Excadrill, M
|poke|p1|Latios, M
|poke|p1|Mawile, F
|poke|p1|Talonflame, M
|poke|p1|Dragonite, M
|poke|p2|Espeon, M
|poke|p2|Mew
|poke|p2|Umbreon, F
|poke|p2|Scolipede, F
|poke|p2|Cresselia, F
|poke|p2|Smeargle, F
|rule|Sleep Clause Mod: Limit one foe put to sleep
|rule|Species Clause: Limit one of each Pokemon
|rule|OHKO Clause: OHKO moves are banned
|rule|Moody Clause: Moody is banned
|rule|Evasion Moves Clause: Evasion moves are banned
|rule|Endless Battle Clause: Forcing endless battles is banned.
|rule|HP Percentage Mod: HP is reported as percentages
|teampreview
|
|start
|switch|p1a: SNIP|Mawile, F|245\/245
|switch|p2a: Cresselia|Cresselia, F|444\/444
|-ability|p1a: SNIP|Intimidate|[of] p2a: Cresselia
|-unboost|p2a: Cresselia|atk|1
|turn|1
|
|detailschange|p1a: SNIP|Mawile-Mega, F
|message|Mawile has Mega Evolved into Mega Mawile!
|move|p2a: Cresselia|Thunder Wave|p1a: SNIP
|-status|p1a: SNIP|par
|cant|p1a: SNIP|par
|
|turn|2
|
|move|p2a: Cresselia|Reflect|p2a: Cresselia
|-sidestart|p2: NameAlreadyTaken2|Reflect
|move|p1a: SNIP|Play Rough|p2a: Cresselia
|-damage|p2a: Cresselia|336\/444
|
|turn|3
|
|switch|p2a: Scolipede|Scolipede, F|324\/324
|move|p1a: SNIP|Swords Dance|p1a: SNIP
|-boost|p1a: SNIP|atk|2
|
|turn|4
|
|move|p2a: Scolipede|Iron Defense|p2a: Scolipede
|-boost|p2a: Scolipede|def|2
|cant|p1a: SNIP|par
|
|-boost|p2a: Scolipede|spe|1|[from] ability: Speed Boost
|turn|5
|
|move|p2a: Scolipede|Iron Defense|p2a: Scolipede
|-boost|p2a: Scolipede|def|2
|move|p1a: SNIP|Swords Dance|p1a: SNIP
|-boost|p1a: SNIP|atk|2
|
|-boost|p2a: Scolipede|spe|1|[from] ability: Speed Boost
|turn|6
|
|move|p2a: Scolipede|Iron Defense|p2a: Scolipede
|-boost|p2a: Scolipede|def|2
|move|p1a: SNIP|Swords Dance|p1a: SNIP
|-boost|p1a: SNIP|atk|2
|
|-boost|p2a: Scolipede|spe|1|[from] ability: Speed Boost
|turn|7
|
|move|p2a: Scolipede|Substitute|p2a: Scolipede
|-start|p2a: Scolipede|Substitute
|-damage|p2a: Scolipede|243\/324
|cant|p1a: SNIP|par
|
|-boost|p2a: Scolipede|spe|1|[from] ability: Speed Boost
|turn|8
|
|move|p2a: Scolipede|Baton Pass|p2a: Scolipede
|
|switch|p2a: Smeargle|Smeargle, F|314\/314
|move|p1a: SNIP|Fire Fang|p2a: Smeargle
|-end|p2a: Smeargle|Substitute
|
|turn|9
|
|move|p2a: Smeargle|Geomancy|p2a: Smeargle|[still]
|-prepare|p2a: Smeargle|Geomancy|p2a: Smeargle
|-enditem|p2a: Smeargle|Power Herb
|-anim|p2a: Smeargle|Geomancy|p2a: Smeargle
|-boost|p2a: Smeargle|spa|2
|-boost|p2a: Smeargle|spd|2
|-boost|p2a: Smeargle|spe|2
|cant|p1a: SNIP|par
|
|-sideend|p2: NameAlreadyTaken2|Reflect
|turn|10
|
|move|p2a: Smeargle|Baton Pass|p2a: Smeargle
|
|switch|p2a: Umbreon|Umbreon, F|394\/394
|move|p1a: SNIP|Play Rough|p2a: Umbreon
|-supereffective|p2a: Umbreon
|-damage|p2a: Umbreon|0 fnt
|faint|p2a: Umbreon
|
|chat|BHARATH_THEBEST|lol
|
|switch|p2a: Cresselia|Cresselia, F|336\/444
|turn|11
|
|move|p2a: Cresselia|Reflect|p2a: Cresselia
|-sidestart|p2: NameAlreadyTaken2|Reflect
|move|p1a: SNIP|Play Rough|p2a: Cresselia
|-damage|p2a: Cresselia|0 fnt
|faint|p2a: Cresselia
|
|chat|NameAlreadyTaken2|ouch
|
|switch|p2a: Mew|Mew|404\/404
|turn|12
|
|move|p2a: Mew|Barrier|p2a: Mew
|-boost|p2a: Mew|def|2
|move|p1a: SNIP|Play Rough|p2a: Mew
|-damage|p2a: Mew|128\/404
|
|turn|13
|
|move|p2a: Mew|Roost|p2a: Mew
|-heal|p2a: Mew|330\/404
|move|p1a: SNIP|Play Rough|p2a: Mew
|-damage|p2a: Mew|80\/404
|-unboost|p2a: Mew|atk|1
|
|turn|14
|
|move|p2a: Mew|Roost|p2a: Mew
|-heal|p2a: Mew|282\/404
|move|p1a: SNIP|Play Rough|p2a: Mew
|-damage|p2a: Mew|21\/404
|
|turn|15
|-message|NameAlreadyTaken2 forfeited.
|
|win|BHARATH_THEBEST
|raw|Ladder updating...
|leave|NameAlreadyTaken2
|player|p2
|raw|BHARATH_THEBEST's rating: 1729 &rarr; <strong>1752<\/strong><br \/>(+23 for winning)
|raw|NameAlreadyTaken2's rating: 1772 &rarr; <strong>1749<\/strong><br \/>(-23 for losing)