|join|BHARATH_THEBEST
|join|just forfeit dude
|player|p1|BHARATH_THEBEST|290
|player|p2|just forfeit dude|265
|gametype|singles
|gen|6
|tier|OU
|rated
|clearpoke
|poke|p1|Gardevoir, M
|poke|p1|Keldeo
|poke|p1|Tyranitar, M
|poke|p1|Excadrill, F
|poke|p1|Magnezone
|poke|p1|Latios, M
|poke|p2|Hawlucha, F
|poke|p2|Landorus-Therian, M
|poke|p2|Sylveon, F
|poke|p2|Entei, shiny
|poke|p2|Starmie
|poke|p2|Alakazam, F
|rule|Swagger Clause: Swagger is banned
|rule|Baton Pass Clause: Limit one PokÃ©mon knowing Baton Pass
|rule|Sleep Clause Mod: Limit one foe put to sleep
|rule|Species Clause: Limit one of each PokÃ©mon
|rule|OHKO Clause: OHKO moves are banned
|rule|Moody Clause: Moody is banned
|rule|Evasion Moves Clause: Evasion moves are banned
|rule|Endless Battle Clause: Forcing endless battles is banned
|rule|HP Percentage Mod: HP is shown in percentages
|teampreview
|
|start
|switch|p1a: Shiver|Tyranitar, M|403\/403
|switch|p2a: Landorus-Therian|Landorus-Therian, M|369\/369
|-ability|p2a: Landorus-Therian|Intimidate|[of] p1a: Shiver
|-unboost|p1a: Shiver|atk|1
|-weather|Sandstorm
|turn|1
|
|move|p2a: Landorus-Therian|Stealth Rock|p1a: Shiver
|-sidestart|p1: BHARATH_THEBEST|move: Stealth Rock
|move|p1a: Shiver|Stealth Rock|p2a: Landorus-Therian
|-sidestart|p2: just forfeit dude|move: Stealth Rock
|
|-weather|Sandstorm|[upkeep]
|turn|2
|
|move|p2a: Landorus-Therian|U-turn|p1a: Shiver
|-supereffective|p1a: Shiver
|-damage|p1a: Shiver|255\/403
|
|switch|p2a: Sylveon|Sylveon, F|385\/385
|-damage|p2a: Sylveon|337\/385|[from] Stealth Rock
|move|p1a: Shiver|Ice Beam|p2a: Sylveon
|-damage|p2a: Sylveon|280\/385
|
|-weather|Sandstorm|[upkeep]
|-damage|p2a: Sylveon|256\/385|[from] sandstorm
|-heal|p2a: Sylveon|280\/385|[from] item: Leftovers
|turn|3
|
|switch|p1a: Such a Rush|Excadrill, F|361\/361
|-damage|p1a: Such a Rush|350\/361|[from] Stealth Rock
|-item|p1a: Such a Rush|Air Balloon
|move|p2a: Sylveon|Baton Pass|p2a: Sylveon
|
|switch|p2a: Hawlucha|Hawlucha, F|304\/304
|-damage|p2a: Hawlucha|266\/304|[from] Stealth Rock
|
|-weather|Sandstorm|[upkeep]
|-damage|p2a: Hawlucha|247\/304|[from] sandstorm
|turn|4
|
|move|p1a: Such a Rush|Iron Head|p2a: Hawlucha
|-damage|p2a: Hawlucha|57\/304
|-enditem|p2a: Hawlucha|Sitrus Berry|[eat]
|-heal|p2a: Hawlucha|133\/304|[from] item: Sitrus Berry
|move|p2a: Hawlucha|Swords Dance|p2a: Hawlucha
|-boost|p2a: Hawlucha|atk|2
|
|-weather|Sandstorm|[upkeep]
|-damage|p2a: Hawlucha|114\/304|[from] sandstorm
|turn|5
|
|move|p2a: Hawlucha|High Jump Kick|p1a: Such a Rush
|-supereffective|p1a: Such a Rush
|-damage|p1a: Such a Rush|0 fnt
|-enditem|p1a: Such a Rush|Air Balloon
|faint|p1a: Such a Rush
|
|-weather|Sandstorm|[upkeep]
|-damage|p2a: Hawlucha|95\/304|[from] sandstorm
|
|switch|p1a: Magnezone|Magnezone|282\/282
|-damage|p1a: Magnezone|265\/282|[from] Stealth Rock
|turn|6
|
|move|p2a: Hawlucha|High Jump Kick|p1a: Magnezone
|-supereffective|p1a: Magnezone
|-damage|p1a: Magnezone|0 fnt
|faint|p1a: Magnezone
|
|-weather|Sandstorm|[upkeep]
|-damage|p2a: Hawlucha|76\/304|[from] sandstorm
|
|switch|p1a: High Speed|Latios, M|299\/299
|-damage|p1a: High Speed|262\/299|[from] Stealth Rock
|turn|7
|
|move|p2a: Hawlucha|Acrobatics|p1a: High Speed
|-damage|p1a: High Speed|0 fnt
|faint|p1a: High Speed
|
|-weather|Sandstorm|[upkeep]
|-damage|p2a: Hawlucha|57\/304|[from] sandstorm
|-message|BHARATH_THEBEST forfeited.
|
|win|just forfeit dude
|raw|Ladder updating...
|raw|BHARATH_THEBEST's rating: 1631 &rarr; <strong>1609<\/strong><br \/>(-22 for losing)
|raw|just forfeit dude's rating: 1610 &rarr; <strong>1631<\/strong><br \/>(+21 for winning)
|leave|BHARATH_THEBEST
|player|p1