|join|BHARATH_THEBEST
|join|WendyPinkMarvell
|player|p1|BHARATH_THEBEST|290
|player|p2|WendyPinkMarvell|97
|gametype|singles
|gen|6
|tier|OU
|rated
|clearpoke
|poke|p1|Mew
|poke|p1|Landorus-Therian, M
|poke|p1|Dugtrio, M
|poke|p1|Rotom-Wash
|poke|p1|Latias, F
|poke|p1|Pinsir, M
|poke|p2|Alomomola, F
|poke|p2|Ditto, shiny
|poke|p2|Gardevoir, M
|poke|p2|Landorus-Therian, M
|poke|p2|Chansey, F, shiny
|poke|p2|Doublade, F
|rule|Swagger Clause: Swagger is banned
|rule|Baton Pass Clause: Limit one PokÃ©mon knowing Baton Pass
|rule|Sleep Clause Mod: Limit one foe put to sleep
|rule|Species Clause: Limit one of each PokÃ©mon
|rule|OHKO Clause: OHKO moves are banned
|rule|Moody Clause: Moody is banned
|rule|Evasion Moves Clause: Evasion moves are banned
|rule|Endless Battle Clause: Forcing endless battles is banned
|rule|HP Percentage Mod: HP is shown in percentages
|teampreview
|
|start
|switch|p1a: Rotom-Wash|Rotom-Wash|302\/302
|switch|p2a: Landorus-Therian|Landorus-Therian, M|382\/382
|-ability|p2a: Landorus-Therian|Intimidate|[of] p1a: Rotom-Wash
|-unboost|p1a: Rotom-Wash|atk|1
|turn|1
|
|switch|p2a: Levioleur|Chansey, F, shiny|704\/704
|move|p1a: Rotom-Wash|Will-O-Wisp|p2a: Levioleur
|-status|p2a: Levioleur|brn
|
|-damage|p2a: Levioleur|616\/704 brn|[from] brn
|turn|2
|
|move|p1a: Rotom-Wash|Volt Switch|p2a: Levioleur
|-damage|p2a: Levioleur|556\/704 brn
|
|switch|p1a: Mew|Mew|403\/403
|move|p2a: Levioleur|Seismic Toss|p1a: Mew
|-damage|p1a: Mew|303\/403
|
|-heal|p1a: Mew|328\/403|[from] item: Leftovers
|-damage|p2a: Levioleur|468\/704 brn|[from] brn
|turn|3
|
|switch|p2a: Landorus-Therian|Landorus-Therian, M|382\/382
|-ability|p2a: Landorus-Therian|Intimidate|[of] p1a: Mew
|-unboost|p1a: Mew|atk|1
|move|p1a: Mew|Taunt|p2a: Landorus-Therian
|-start|p2a: Landorus-Therian|move: Taunt
|
|-heal|p1a: Mew|353\/403|[from] item: Leftovers
|turn|4
|
|switch|p1a: Pinsir|Pinsir, M|271\/271
|move|p2a: Landorus-Therian|U-turn|p1a: Pinsir
|-damage|p1a: Pinsir|198\/271
|
|switch|p2a: Doublade|Doublade, F|322\/322
|
|turn|5
|
|switch|p1a: Rotom-Wash|Rotom-Wash|302\/302
|move|p2a: Doublade|Toxic|p1a: Rotom-Wash
|-status|p1a: Rotom-Wash|tox
|
|-damage|p1a: Rotom-Wash|284\/302 tox|[from] psn
|turn|6
|
|switch|p2a: Levioleur|Chansey, F, shiny|468\/704
|move|p1a: Rotom-Wash|Volt Switch|p2a: Levioleur
|-damage|p2a: Levioleur|411\/704
|
|switch|p1a: Mew|Mew|353\/403
|
|-heal|p1a: Mew|378\/403|[from] item: Leftovers
|turn|7
|join|JeromeSeiko
|
|move|p1a: Mew|Knock Off|p2a: Levioleur
|-damage|p2a: Levioleur|318\/704
|-enditem|p2a: Levioleur|Eviolite|[from] move: Knock Off|[of] p1a: Mew
|move|p2a: Levioleur|Seismic Toss|p1a: Mew
|-damage|p1a: Mew|278\/403
|
|-heal|p1a: Mew|303\/403|[from] item: Leftovers
|turn|8
|
|switch|p2a: Gardevoir|Gardevoir, M|277\/277
|-ability|p2a: Gardevoir|Synchronize|[from] ability: Trace|[of] p1a: Mew
|move|p1a: Mew|Taunt|p2a: Gardevoir
|-start|p2a: Gardevoir|move: Taunt
|
|-heal|p1a: Mew|328\/403|[from] item: Leftovers
|turn|9
|
|detailschange|p2a: Gardevoir|Gardevoir-Mega, M
|message|Gardevoir has Mega Evolved into Mega Gardevoir!
|move|p2a: Gardevoir|Hyper Voice|p1a: Mew
|-damage|p1a: Mew|126\/403
|move|p1a: Mew|Will-O-Wisp|p2a: Gardevoir|[miss]
|-miss|p1a: Mew|p2a: Gardevoir
|
|-heal|p1a: Mew|151\/403|[from] item: Leftovers
|turn|10
|
|switch|p1a: Pinsir|Pinsir, M|198\/271
|move|p2a: Gardevoir|Hyper Voice|p1a: Pinsir
|-damage|p1a: Pinsir|0 fnt
|faint|p1a: Pinsir
|
|
|switch|p1a: Dugtrio|Dugtrio, M|211\/211
|turn|11
|
|move|p1a: Dugtrio|Earthquake|p2a: Gardevoir
|-damage|p2a: Gardevoir|82\/277
|move|p2a: Gardevoir|Hyper Voice|p1a: Dugtrio
|-enditem|p1a: Dugtrio|Focus Sash
|-damage|p1a: Dugtrio|1\/211
|
|-end|p2a: Gardevoir|move: Taunt
|turn|12
|
|move|p1a: Dugtrio|Earthquake|p2a: Gardevoir
|-damage|p2a: Gardevoir|0 fnt
|faint|p2a: Gardevoir
|
|
|switch|p2a: Landorus-Therian|Landorus-Therian, M|382\/382
|-ability|p2a: Landorus-Therian|Intimidate|[of] p1a: Dugtrio
|-unboost|p1a: Dugtrio|atk|1
|turn|13
|
|switch|p1a: Landorus-Therian|Landorus-Therian, M|320\/320
|-ability|p1a: Landorus-Therian|Intimidate|[of] p2a: Landorus-Therian
|-unboost|p2a: Landorus-Therian|atk|1
|move|p2a: Landorus-Therian|Stealth Rock|p1a: Landorus-Therian
|-sidestart|p1: BHARATH_THEBEST|move: Stealth Rock
|
|turn|14
|
|move|p1a: Landorus-Therian|Explosion|p2a: Landorus-Therian
|-damage|p2a: Landorus-Therian|136\/382
|faint|p1a: Landorus-Therian
|move|p2a: Landorus-Therian|U-turn|p1: Landorus-Therian|[notarget]
|-notarget
|
|-heal|p2a: Landorus-Therian|159\/382|[from] item: Leftovers
|
|switch|p1a: Mew|Mew|151\/403
|-damage|p1a: Mew|101\/403|[from] Stealth Rock
|turn|15
|
|move|p1a: Mew|Roost|p1a: Mew
|-heal|p1a: Mew|303\/403
|move|p2a: Landorus-Therian|Earthquake|p1a: Mew
|-damage|p1a: Mew|195\/403
|
|-heal|p1a: Mew|220\/403|[from] item: Leftovers
|-heal|p2a: Landorus-Therian|182\/382|[from] item: Leftovers
|turn|16
|c| JeromeSeiko|tiens un landorus explosion
|
|move|p1a: Mew|Will-O-Wisp|p2a: Landorus-Therian
|-status|p2a: Landorus-Therian|brn
|move|p2a: Landorus-Therian|U-turn|p1a: Mew
|-supereffective|p1a: Mew
|-damage|p1a: Mew|172\/403
|
|switch|p2a: 719|Ditto, shiny|300\/300
|-transform|p2a: 719|p1a: Mew
|
|-heal|p1a: Mew|197\/403|[from] item: Leftovers
|turn|17
|
|move|p2a: 719|Taunt|p1a: Mew
|-start|p1a: Mew|move: Taunt
|cant|p1a: Mew|move: Taunt|Roost
|
|-heal|p1a: Mew|222\/403|[from] item: Leftovers
|turn|18
|
|switch|p2a: Levioleur|Chansey, F, shiny|318\/704
|move|p1a: Mew|Knock Off|p2a: Levioleur
|-damage|p2a: Levioleur|208\/704
|
|-heal|p1a: Mew|247\/403|[from] item: Leftovers
|turn|19
|
|move|p1a: Mew|Knock Off|p2a: Levioleur
|-damage|p2a: Levioleur|105\/704
|move|p2a: Levioleur|Soft-Boiled|p2a: Levioleur
|-heal|p2a: Levioleur|457\/704
|
|-heal|p1a: Mew|272\/403|[from] item: Leftovers
|-end|p1a: Mew|move: Taunt
|turn|20
|
|move|p1a: Mew|Taunt|p2a: Levioleur
|-start|p2a: Levioleur|move: Taunt
|move|p2a: Levioleur|Seismic Toss|p1a: Mew
|-damage|p1a: Mew|172\/403
|
|-heal|p1a: Mew|197\/403|[from] item: Leftovers
|turn|21
|
|switch|p2a: Doublade|Doublade, F|322\/322
|move|p1a: Mew|Will-O-Wisp|p2a: Doublade
|-status|p2a: Doublade|brn
|
|-heal|p1a: Mew|222\/403|[from] item: Leftovers
|-damage|p2a: Doublade|282\/322 brn|[from] brn
|turn|22
|
|move|p1a: Mew|Knock Off|p2a: Doublade
|-supereffective|p2a: Doublade
|-damage|p2a: Doublade|220\/322 brn
|-enditem|p2a: Doublade|Eviolite|[from] move: Knock Off|[of] p1a: Mew
|move|p2a: Doublade|Toxic|p1a: Mew
|-status|p1a: Mew|tox
|
|-heal|p1a: Mew|247\/403 tox|[from] item: Leftovers
|-damage|p1a: Mew|222\/403 tox|[from] psn
|-damage|p2a: Doublade|180\/322 brn|[from] brn
|turn|23
|
|switch|p2a: Levioleur|Chansey, F, shiny|457\/704
|move|p1a: Mew|Roost|p1a: Mew
|-heal|p1a: Mew|403\/403 tox
|
|-damage|p1a: Mew|353\/403 tox|[from] psn
|turn|24
|
|move|p1a: Mew|Taunt|p2a: Levioleur
|-start|p2a: Levioleur|move: Taunt
|move|p2a: Levioleur|Seismic Toss|p1a: Mew
|-damage|p1a: Mew|253\/403 tox
|
|-heal|p1a: Mew|278\/403 tox|[from] item: Leftovers
|-damage|p1a: Mew|203\/403 tox|[from] psn
|turn|25
|
|switch|p1a: Latias|Latias, F|319\/319
|-damage|p1a: Latias|280\/319|[from] Stealth Rock
|move|p2a: Levioleur|Seismic Toss|p1a: Latias
|-damage|p1a: Latias|180\/319
|
|turn|26
|
|switch|p2a: Landorus-Therian|Landorus-Therian, M|182\/382 brn
|-ability|p2a: Landorus-Therian|Intimidate|[of] p1a: Latias
|-unboost|p1a: Latias|atk|1
|move|p1a: Latias|Defog|p2a: Landorus-Therian
|-unboost|p2a: Landorus-Therian|evasion|1
|-sideend|p1: BHARATH_THEBEST|Stealth Rock|[from] move: Defog|[of] p1a: Latias
|
|-heal|p2a: Landorus-Therian|205\/382 brn|[from] item: Leftovers
|-damage|p2a: Landorus-Therian|158\/382 brn|[from] brn
|turn|27
|
|move|p1a: Latias|Psyshock|p2a: Landorus-Therian
|-damage|p2a: Landorus-Therian|40\/382 brn
|-damage|p1a: Latias|149\/319|[from] item: Life Orb
|move|p2a: Landorus-Therian|U-turn|p1a: Latias
|-supereffective|p1a: Latias
|-damage|p1a: Latias|59\/319
|
|switch|p2a: Doublade|Doublade, F|180\/322 brn
|
|-damage|p2a: Doublade|140\/322 brn|[from] brn
|turn|28
|
|switch|p1a: Rotom-Wash|Rotom-Wash|284\/302 tox
|move|p2a: Doublade|Shadow Sneak|p1a: Rotom-Wash
|-damage|p1a: Rotom-Wash|262\/302 tox
|
|-heal|p1a: Rotom-Wash|280\/302 tox|[from] item: Leftovers
|-damage|p1a: Rotom-Wash|262\/302 tox|[from] psn
|-damage|p2a: Doublade|100\/322 brn|[from] brn
|turn|29
|
|move|p1a: Rotom-Wash|Volt Switch|p2a: Doublade
|-damage|p2a: Doublade|0 fnt
|faint|p2a: Doublade
|
|switch|p1a: Latias|Latias, F|59\/319
|
|
|switch|p2a: 719|Ditto, shiny|300\/300
|-transform|p2a: 719|p1a: Latias
|turn|30
|
|switch|p1a: Dugtrio|Dugtrio, M|1\/211
|move|p2a: 719|Draco Meteor|p1a: Dugtrio
|-damage|p1a: Dugtrio|0 fnt
|-unboost|p2a: 719|spa|2
|faint|p1a: Dugtrio
|
|
|switch|p1a: Mew|Mew|203\/403 tox
|turn|31
|c| JeromeSeiko|T'as dÃ©jÃ  pensÃ© Ã  une team ORAS sinon ?
|c|âWendyPinkMarvell|Non pas vraiment
|c|âWendyPinkMarvell|c'est quoi les menaces de ce tiers ?
|
|switch|p2a: Landorus-Therian|Landorus-Therian, M|40\/382 brn
|-ability|p2a: Landorus-Therian|Intimidate|[of] p1a: Mew
|-unboost|p1a: Mew|atk|1
|move|p1a: Mew|Roost|p1a: Mew
|-heal|p1a: Mew|403\/403 tox
|
|-heal|p2a: Landorus-Therian|63\/382 brn|[from] item: Leftovers
|-damage|p1a: Mew|378\/403 tox|[from] psn
|-damage|p2a: Landorus-Therian|16\/382 brn|[from] brn
|turn|32
|
|move|p1a: Mew|Knock Off|p2a: Landorus-Therian
|-damage|p2a: Landorus-Therian|0 fnt
|-enditem|p2a: Landorus-Therian|Leftovers|[from] move: Knock Off|[of] p1a: Mew
|faint|p2a: Landorus-Therian
|
|-heal|p1a: Mew|403\/403 tox|[from] item: Leftovers
|-damage|p1a: Mew|353\/403 tox|[from] psn
|
|switch|p2a: Levioleur|Chansey, F, shiny|457\/704
|turn|33
|
|move|p1a: Mew|Taunt|p2a: Levioleur
|-start|p2a: Levioleur|move: Taunt
|move|p2a: Levioleur|Seismic Toss|p1a: Mew
|-damage|p1a: Mew|253\/403 tox
|
|-heal|p1a: Mew|278\/403 tox|[from] item: Leftovers
|-damage|p1a: Mew|203\/403 tox|[from] psn
|turn|34
|
|move|p1a: Mew|Will-O-Wisp|p2a: Levioleur
|-status|p2a: Levioleur|brn
|move|p2a: Levioleur|Seismic Toss|p1a: Mew
|-damage|p1a: Mew|103\/403 tox
|
|-heal|p1a: Mew|128\/403 tox|[from] item: Leftovers
|-damage|p1a: Mew|28\/403 tox|[from] psn
|-damage|p2a: Levioleur|369\/704 brn|[from] brn
|turn|35
|
|switch|p2a: 719|Ditto, shiny|300\/300
|-transform|p2a: 719|p1a: Mew
|move|p1a: Mew|Roost|p1a: Mew
|-heal|p1a: Mew|230\/403 tox
|
|-heal|p1a: Mew|255\/403 tox|[from] item: Leftovers
|-damage|p1a: Mew|130\/403 tox|[from] psn
|turn|36
|
|switch|p1a: Rotom-Wash|Rotom-Wash|262\/302 tox
|move|p2a: 719|Knock Off|p1a: Rotom-Wash
|-damage|p1a: Rotom-Wash|225\/302 tox
|-enditem|p1a: Rotom-Wash|Leftovers|[from] move: Knock Off|[of] p2a: 719
|
|-damage|p1a: Rotom-Wash|207\/302 tox|[from] psn
|turn|37
|
|move|p2a: 719|Knock Off|p1a: Rotom-Wash
|-damage|p1a: Rotom-Wash|179\/302 tox
|move|p1a: Rotom-Wash|Will-O-Wisp|p2a: 719
|-status|p2a: 719|brn
|
|-damage|p2a: 719|263\/300 brn|[from] brn
|-damage|p1a: Rotom-Wash|143\/302 tox|[from] psn
|turn|38
|
|switch|p2a: Levioleur|Chansey, F, shiny|369\/704
|move|p1a: Rotom-Wash|Pain Split|p2a: Levioleur
|-sethp|p2a: Levioleur|256\/704|p1a: Rotom-Wash|256\/302 tox|[from] move: Pain Split
|
|-damage|p1a: Rotom-Wash|202\/302 tox|[from] psn
|turn|39
|
|move|p1a: Rotom-Wash|Volt Switch|p2a: Levioleur
|-damage|p2a: Levioleur|174\/704
|
|switch|p1a: Latias|Latias, F|59\/319
|move|p2a: Levioleur|Soft-Boiled|p2a: Levioleur
|-heal|p2a: Levioleur|526\/704
|
|turn|40
|c|âWendyPinkMarvell|merde
|c| JeromeSeiko|bah j'ai pas trop jouÃ© pour l'instant juste quelques combat vite fait
|
|switch|p2a: 719|Ditto, shiny|263\/300 brn
|-transform|p2a: 719|p1a: Latias
|move|p1a: Latias|Healing Wish|p1a: Latias
|faint|p1a: Latias
|
|-damage|p2a: 719|226\/300 brn|[from] brn
|
|switch|p1a: Mew|Mew|130\/403 tox
|-heal|p1a: Mew|403\/403|[from] move: Healing Wish
|turn|41
|c|âWendyPinkMarvell|je dÃ©teste cette attaque
|c| JeromeSeiko|y'a mega salamence, mais je pense qu'il restera pas longtemps en OU lui de toute faÃ§on
|
|move|p2a: 719|Draco Meteor|p1a: Mew
|-damage|p1a: Mew|250\/403
|-unboost|p2a: 719|spa|2
|move|p1a: Mew|Knock Off|p2a: 719
|-supereffective|p2a: 719
|-damage|p2a: 719|72\/300 brn
|-enditem|p2a: 719|Choice Scarf|[from] move: Knock Off|[of] p1a: Mew
|
|-heal|p1a: Mew|275\/403|[from] item: Leftovers
|-damage|p2a: 719|35\/300 brn|[from] brn
|turn|42
|
|switch|p2a: Alomomola|Alomomola, F|534\/534
|move|p1a: Mew|Roost|p1a: Mew
|-heal|p1a: Mew|403\/403
|
|turn|43
|
|move|p1a: Mew|Taunt|p2a: Alomomola
|-start|p2a: Alomomola|move: Taunt
|cant|p2a: Alomomola|move: Taunt|Toxic
|
|turn|44
|
|move|p1a: Mew|Knock Off|p2a: Alomomola
|-damage|p2a: Alomomola|476\/534
|-enditem|p2a: Alomomola|Leftovers|[from] move: Knock Off|[of] p1a: Mew
|move|p2a: Alomomola|Scald|p1a: Mew
|-damage|p1a: Mew|363\/403
|
|-heal|p1a: Mew|388\/403|[from] item: Leftovers
|turn|45
|
|move|p1a: Mew|Will-O-Wisp|p2a: Alomomola
|-status|p2a: Alomomola|brn
|move|p2a: Alomomola|Scald|p1a: Mew
|-damage|p1a: Mew|351\/403
|
|-heal|p1a: Mew|376\/403|[from] item: Leftovers
|-damage|p2a: Alomomola|410\/534 brn|[from] brn
|-end|p2a: Alomomola|move: Taunt
|turn|46
|
|move|p1a: Mew|Taunt|p2a: Alomomola
|-start|p2a: Alomomola|move: Taunt
|move|p2a: Alomomola|Scald|p1a: Mew
|-damage|p1a: Mew|336\/403
|
|-heal|p1a: Mew|361\/403|[from] item: Leftovers
|-damage|p2a: Alomomola|344\/534 brn|[from] brn
|turn|47
|
|switch|p1a: Rotom-Wash|Rotom-Wash|202\/302 tox
|switch|p2a: Levioleur|Chansey, F, shiny|526\/704
|
|-damage|p1a: Rotom-Wash|184\/302 tox|[from] psn
|turn|48
|
|move|p1a: Rotom-Wash|Will-O-Wisp|p2a: Levioleur
|-status|p2a: Levioleur|brn
|move|p2a: Levioleur|Aromatherapy|p2a: Levioleur
|-cureteam|p2a: Levioleur|[from] move: Aromatherapy
|
|-damage|p1a: Rotom-Wash|148\/302 tox|[from] psn
|turn|49
|
|switch|p2a: 719|Ditto, shiny|35\/300
|-transform|p2a: 719|p1a: Rotom-Wash
|move|p1a: Rotom-Wash|Will-O-Wisp|p2a: 719
|-status|p2a: 719|brn
|
|-damage|p2a: 719|0 fnt|[from] brn
|-damage|p1a: Rotom-Wash|94\/302 tox|[from] psn
|faint|p2a: 719
|
|switch|p2a: Levioleur|Chansey, F, shiny|526\/704
|turn|50
|
|move|p1a: Rotom-Wash|Pain Split|p2a: Levioleur
|-sethp|p2a: Levioleur|310\/704|p1a: Rotom-Wash|302\/302 tox|[from] move: Pain Split
|move|p2a: Levioleur|Seismic Toss|p1a: Rotom-Wash
|-damage|p1a: Rotom-Wash|202\/302 tox
|
|-damage|p1a: Rotom-Wash|130\/302 tox|[from] psn
|turn|51
|
|switch|p1a: Mew|Mew|361\/403
|move|p2a: Levioleur|Soft-Boiled|p2a: Levioleur
|-heal|p2a: Levioleur|662\/704
|
|-heal|p1a: Mew|386\/403|[from] item: Leftovers
|turn|52
|
|move|p1a: Mew|Taunt|p2a: Levioleur
|-start|p2a: Levioleur|move: Taunt
|move|p2a: Levioleur|Seismic Toss|p1a: Mew
|-damage|p1a: Mew|286\/403
|
|-heal|p1a: Mew|311\/403|[from] item: Leftovers
|turn|53
|
|move|p1a: Mew|Will-O-Wisp|p2a: Levioleur|[miss]
|-miss|p1a: Mew|p2a: Levioleur
|move|p2a: Levioleur|Seismic Toss|p1a: Mew
|-damage|p1a: Mew|211\/403
|
|-heal|p1a: Mew|236\/403|[from] item: Leftovers
|turn|54
|
|move|p1a: Mew|Will-O-Wisp|p2a: Levioleur
|-status|p2a: Levioleur|brn
|move|p2a: Levioleur|Seismic Toss|p1a: Mew
|-damage|p1a: Mew|136\/403
|
|-heal|p1a: Mew|161\/403|[from] item: Leftovers
|-damage|p2a: Levioleur|574\/704 brn|[from] brn
|-end|p2a: Levioleur|move: Taunt
|turn|55
|
|move|p1a: Mew|Taunt|p2a: Levioleur
|-start|p2a: Levioleur|move: Taunt
|move|p2a: Levioleur|Seismic Toss|p1a: Mew
|-damage|p1a: Mew|61\/403
|
|-heal|p1a: Mew|86\/403|[from] item: Leftovers
|-damage|p2a: Levioleur|486\/704 brn|[from] brn
|turn|56
|
|switch|p2a: Alomomola|Alomomola, F|522\/534
|move|p1a: Mew|Roost|p1a: Mew
|-heal|p1a: Mew|288\/403
|
|-heal|p1a: Mew|313\/403|[from] item: Leftovers
|turn|57
|
|move|p1a: Mew|Taunt|p2a: Alomomola
|-start|p2a: Alomomola|move: Taunt
|move|p2a: Alomomola|Scald|p1a: Mew
|-damage|p1a: Mew|273\/403
|-status|p1a: Mew|brn
|-status|p2a: Alomomola|brn
|
|-heal|p1a: Mew|298\/403 brn|[from] item: Leftovers
|-damage|p1a: Mew|248\/403 brn|[from] brn
|-damage|p2a: Alomomola|456\/534 brn|[from] brn
|turn|58
|
|move|p1a: Mew|Knock Off|p2a: Alomomola
|-damage|p2a: Alomomola|433\/534 brn
|move|p2a: Alomomola|Scald|p1a: Mew
|-damage|p1a: Mew|208\/403 brn
|
|-heal|p1a: Mew|233\/403 brn|[from] item: Leftovers
|-damage|p1a: Mew|183\/403 brn|[from] brn
|-damage|p2a: Alomomola|367\/534 brn|[from] brn
|turn|59
|
|switch|p2a: Levioleur|Chansey, F, shiny|486\/704
|move|p1a: Mew|Roost|p1a: Mew
|-heal|p1a: Mew|385\/403 brn
|
|-heal|p1a: Mew|403\/403 brn|[from] item: Leftovers
|-damage|p1a: Mew|353\/403 brn|[from] brn
|turn|60
|
|move|p1a: Mew|Taunt|p2a: Levioleur
|-start|p2a: Levioleur|move: Taunt
|move|p2a: Levioleur|Seismic Toss|p1a: Mew
|-damage|p1a: Mew|253\/403 brn
|
|-heal|p1a: Mew|278\/403 brn|[from] item: Leftovers
|-damage|p1a: Mew|228\/403 brn|[from] brn
|turn|61
|
|switch|p2a: Alomomola|Alomomola, F|534\/534 brn
|move|p1a: Mew|Will-O-Wisp|p2a: Alomomola
|-fail|p2a: Alomomola|brn
|
|-heal|p1a: Mew|253\/403 brn|[from] item: Leftovers
|-damage|p1a: Mew|203\/403 brn|[from] brn
|-damage|p2a: Alomomola|468\/534 brn|[from] brn
|turn|62
|
|switch|p1a: Rotom-Wash|Rotom-Wash|130\/302 tox
|move|p2a: Alomomola|Wish|p2a: Alomomola
|
|-damage|p1a: Rotom-Wash|112\/302 tox|[from] psn
|-damage|p2a: Alomomola|402\/534 brn|[from] brn
|turn|63
|
|switch|p2a: Levioleur|Chansey, F, shiny|486\/704
|move|p1a: Rotom-Wash|Volt Switch|p2a: Levioleur
|-damage|p2a: Levioleur|392\/704
|
|switch|p1a: Mew|Mew|203\/403 brn
|
|-heal|p2a: Levioleur|659\/704|[from] move: Wish|[wisher] Alomomola
|-heal|p1a: Mew|228\/403 brn|[from] item: Leftovers
|-damage|p1a: Mew|178\/403 brn|[from] brn
|turn|64
|
|move|p1a: Mew|Taunt|p2a: Levioleur
|-start|p2a: Levioleur|move: Taunt
|move|p2a: Levioleur|Seismic Toss|p1a: Mew
|-damage|p1a: Mew|78\/403 brn
|
|-heal|p1a: Mew|103\/403 brn|[from] item: Leftovers
|-damage|p1a: Mew|53\/403 brn|[from] brn
|turn|65
|
|move|p1a: Mew|Roost|p1a: Mew
|-heal|p1a: Mew|255\/403 brn
|move|p2a: Levioleur|Seismic Toss|p1a: Mew
|-damage|p1a: Mew|155\/403 brn
|
|-heal|p1a: Mew|180\/403 brn|[from] item: Leftovers
|-damage|p1a: Mew|130\/403 brn|[from] brn
|turn|66
|
|move|p1a: Mew|Roost|p1a: Mew
|-heal|p1a: Mew|332\/403 brn
|move|p2a: Levioleur|Seismic Toss|p1a: Mew
|-damage|p1a: Mew|232\/403 brn
|
|-heal|p1a: Mew|257\/403 brn|[from] item: Leftovers
|-damage|p1a: Mew|207\/403 brn|[from] brn
|-end|p2a: Levioleur|move: Taunt
|turn|67
|
|move|p1a: Mew|Will-O-Wisp|p2a: Levioleur
|-status|p2a: Levioleur|brn
|move|p2a: Levioleur|Seismic Toss|p1a: Mew
|-damage|p1a: Mew|107\/403 brn
|
|-heal|p1a: Mew|132\/403 brn|[from] item: Leftovers
|-damage|p1a: Mew|82\/403 brn|[from] brn
|-damage|p2a: Levioleur|571\/704 brn|[from] brn
|turn|68
|
|switch|p2a: Alomomola|Alomomola, F|534\/534 brn
|move|p1a: Mew|Taunt|p2a: Alomomola
|-start|p2a: Alomomola|move: Taunt
|
|-heal|p1a: Mew|107\/403 brn|[from] item: Leftovers
|-damage|p1a: Mew|57\/403 brn|[from] brn
|-damage|p2a: Alomomola|468\/534 brn|[from] brn
|turn|69
|
|switch|p2a: Levioleur|Chansey, F, shiny|571\/704
|move|p1a: Mew|Roost|p1a: Mew
|-heal|p1a: Mew|259\/403 brn
|
|-heal|p1a: Mew|284\/403 brn|[from] item: Leftovers
|-damage|p1a: Mew|234\/403 brn|[from] brn
|turn|70
|
|move|p1a: Mew|Will-O-Wisp|p2a: Levioleur
|-status|p2a: Levioleur|brn
|move|p2a: Levioleur|Seismic Toss|p1a: Mew
|-damage|p1a: Mew|134\/403 brn
|
|-heal|p1a: Mew|159\/403 brn|[from] item: Leftovers
|-damage|p1a: Mew|109\/403 brn|[from] brn
|-damage|p2a: Levioleur|483\/704 brn|[from] brn
|turn|71
|
|move|p1a: Mew|Roost|p1a: Mew
|-heal|p1a: Mew|311\/403 brn
|move|p2a: Levioleur|Seismic Toss|p1a: Mew
|-damage|p1a: Mew|211\/403 brn
|
|-heal|p1a: Mew|236\/403 brn|[from] item: Leftovers
|-damage|p1a: Mew|186\/403 brn|[from] brn
|-damage|p2a: Levioleur|395\/704 brn|[from] brn
|turn|72
|
|move|p1a: Mew|Taunt|p2a: Levioleur
|-start|p2a: Levioleur|move: Taunt
|cant|p2a: Levioleur|move: Taunt|Aromatherapy
|
|-heal|p1a: Mew|211\/403 brn|[from] item: Leftovers
|-damage|p1a: Mew|161\/403 brn|[from] brn
|-damage|p2a: Levioleur|307\/704 brn|[from] brn
|turn|73
|
|switch|p2a: Alomomola|Alomomola, F|534\/534 brn
|move|p1a: Mew|Roost|p1a: Mew
|-heal|p1a: Mew|363\/403 brn
|
|-heal|p1a: Mew|388\/403 brn|[from] item: Leftovers
|-damage|p1a: Mew|338\/403 brn|[from] brn
|-damage|p2a: Alomomola|468\/534 brn|[from] brn
|turn|74
|
|move|p1a: Mew|Taunt|p2a: Alomomola
|-start|p2a: Alomomola|move: Taunt
|move|p2a: Alomomola|Scald|p1a: Mew
|-damage|p1a: Mew|296\/403 brn
|
|-heal|p1a: Mew|321\/403 brn|[from] item: Leftovers
|-damage|p1a: Mew|271\/403 brn|[from] brn
|-damage|p2a: Alomomola|402\/534 brn|[from] brn
|turn|75
|
|move|p1a: Mew|Will-O-Wisp|p2a: Alomomola
|-fail|p2a: Alomomola|brn
|move|p2a: Alomomola|Scald|p1a: Mew
|-damage|p1a: Mew|232\/403 brn
|
|-heal|p1a: Mew|257\/403 brn|[from] item: Leftovers
|-damage|p1a: Mew|207\/403 brn|[from] brn
|-damage|p2a: Alomomola|336\/534 brn|[from] brn
|turn|76
|
|switch|p2a: Levioleur|Chansey, F, shiny|307\/704
|move|p1a: Mew|Roost|p1a: Mew
|-heal|p1a: Mew|403\/403 brn
|
|-damage|p1a: Mew|353\/403 brn|[from] brn
|turn|77
|c| JeromeSeiko|levioleur va gÃ©rÃ©, mais cette fin de match risque d'Ãªtre longue ^^
|
|move|p1a: Mew|Taunt|p2a: Levioleur
|-start|p2a: Levioleur|move: Taunt
|move|p2a: Levioleur|Seismic Toss|p1a: Mew
|-damage|p1a: Mew|253\/403 brn
|
|-heal|p1a: Mew|278\/403 brn|[from] item: Leftovers
|-damage|p1a: Mew|228\/403 brn|[from] brn
|turn|78
|
|switch|p1a: Rotom-Wash|Rotom-Wash|112\/302 tox
|switch|p2a: Alomomola|Alomomola, F|514\/534 brn
|
|-damage|p1a: Rotom-Wash|94\/302 tox|[from] psn
|-damage|p2a: Alomomola|448\/534 brn|[from] brn
|turn|79
|
|switch|p2a: Levioleur|Chansey, F, shiny|307\/704
|move|p1a: Rotom-Wash|Volt Switch|p2a: Levioleur
|-damage|p2a: Levioleur|225\/704
|
|switch|p1a: Mew|Mew|228\/403 brn
|
|-heal|p1a: Mew|253\/403 brn|[from] item: Leftovers
|-damage|p1a: Mew|203\/403 brn|[from] brn
|turn|80
|c|âWendyPinkMarvell|je sais pas
|c|âWendyPinkMarvell|Ã§a risque d'etre dur
|
|move|p1a: Mew|Taunt|p2a: Levioleur
|-start|p2a: Levioleur|move: Taunt
|move|p2a: Levioleur|Seismic Toss|p1a: Mew
|-damage|p1a: Mew|103\/403 brn
|
|-heal|p1a: Mew|128\/403 brn|[from] item: Leftovers
|-damage|p1a: Mew|78\/403 brn|[from] brn
|turn|81
|
|move|p1a: Mew|Roost|p1a: Mew
|-heal|p1a: Mew|280\/403 brn
|move|p2a: Levioleur|Seismic Toss|p1a: Mew
|-damage|p1a: Mew|180\/403 brn
|
|-heal|p1a: Mew|205\/403 brn|[from] item: Leftovers
|-damage|p1a: Mew|155\/403 brn|[from] brn
|turn|82
|
|switch|p2a: Alomomola|Alomomola, F|534\/534 brn
|move|p1a: Mew|Will-O-Wisp|p2a: Alomomola
|-fail|p2a: Alomomola|brn
|
|-heal|p1a: Mew|180\/403 brn|[from] item: Leftovers
|-damage|p1a: Mew|130\/403 brn|[from] brn
|-damage|p2a: Alomomola|468\/534 brn|[from] brn
|turn|83
|
|move|p1a: Mew|Taunt|p2a: Alomomola
|-start|p2a: Alomomola|move: Taunt
|cant|p2a: Alomomola|move: Taunt|Wish
|
|-heal|p1a: Mew|155\/403 brn|[from] item: Leftovers
|-damage|p1a: Mew|105\/403 brn|[from] brn
|-damage|p2a: Alomomola|402\/534 brn|[from] brn
|turn|84
|
|move|p1a: Mew|Roost|p1a: Mew
|-heal|p1a: Mew|307\/403 brn
|move|p2a: Alomomola|Scald|p1a: Mew
|-damage|p1a: Mew|270\/403 brn
|
|-heal|p1a: Mew|295\/403 brn|[from] item: Leftovers
|-damage|p1a: Mew|245\/403 brn|[from] brn
|-damage|p2a: Alomomola|336\/534 brn|[from] brn
|turn|85
|
|move|p1a: Mew|Will-O-Wisp|p2a: Alomomola
|-fail|p2a: Alomomola|brn
|move|p2a: Alomomola|Scald|p1a: Mew
|-damage|p1a: Mew|203\/403 brn
|
|-heal|p1a: Mew|228\/403 brn|[from] item: Leftovers
|-damage|p1a: Mew|178\/403 brn|[from] brn
|-damage|p2a: Alomomola|270\/534 brn|[from] brn
|-end|p2a: Alomomola|move: Taunt
|turn|86
|
|switch|p2a: Levioleur|Chansey, F, shiny|225\/704
|move|p1a: Mew|Will-O-Wisp|p2a: Levioleur
|-status|p2a: Levioleur|brn
|
|-heal|p1a: Mew|203\/403 brn|[from] item: Leftovers
|-damage|p1a: Mew|153\/403 brn|[from] brn
|-damage|p2a: Levioleur|137\/704 brn|[from] brn
|turn|87
|
|switch|p2a: Alomomola|Alomomola, F|448\/534 brn
|move|p1a: Mew|Taunt|p2a: Alomomola
|-start|p2a: Alomomola|move: Taunt
|
|-heal|p1a: Mew|178\/403 brn|[from] item: Leftovers
|-damage|p1a: Mew|128\/403 brn|[from] brn
|-damage|p2a: Alomomola|382\/534 brn|[from] brn
|turn|88
|c| JeromeSeiko|ha oui ca va etre chaud quand mÃªme
|
|move|p1a: Mew|Roost|p1a: Mew
|-heal|p1a: Mew|330\/403 brn
|move|p2a: Alomomola|Scald|p1a: Mew
|-damage|p1a: Mew|288\/403 brn
|
|-heal|p1a: Mew|313\/403 brn|[from] item: Leftovers
|-damage|p1a: Mew|263\/403 brn|[from] brn
|-damage|p2a: Alomomola|316\/534 brn|[from] brn
|turn|89
|c|âWendyPinkMarvell|Ã§a va se jouÃ© sur un mind
|c|âWendyPinkMarvell|je tente de faire un truc
|c|âWendyPinkMarvell|lÃ 
|
|switch|p1a: Rotom-Wash|Rotom-Wash|94\/302 tox
|move|p2a: Alomomola|Scald|p1a: Rotom-Wash
|-crit|p1a: Rotom-Wash
|-resisted|p1a: Rotom-Wash
|-damage|p1a: Rotom-Wash|63\/302 tox
|
|-damage|p1a: Rotom-Wash|45\/302 tox|[from] psn
|-damage|p2a: Alomomola|250\/534 brn|[from] brn
|turn|90
|
|switch|p2a: Levioleur|Chansey, F, shiny|137\/704
|move|p1a: Rotom-Wash|Volt Switch|p2a: Levioleur
|-damage|p2a: Levioleur|40\/704
|
|switch|p1a: Mew|Mew|263\/403 brn
|
|-heal|p1a: Mew|288\/403 brn|[from] item: Leftovers
|-damage|p1a: Mew|238\/403 brn|[from] brn
|turn|91
|
|switch|p2a: Alomomola|Alomomola, F|428\/534 brn
|move|p1a: Mew|Taunt|p2a: Alomomola
|-start|p2a: Alomomola|move: Taunt
|
|-heal|p1a: Mew|263\/403 brn|[from] item: Leftovers
|-damage|p1a: Mew|213\/403 brn|[from] brn
|-damage|p2a: Alomomola|362\/534 brn|[from] brn
|turn|92
|
|move|p1a: Mew|Knock Off|p2a: Alomomola
|-damage|p2a: Alomomola|339\/534 brn
|move|p2a: Alomomola|Scald|p1a: Mew
|-crit|p1a: Mew
|-damage|p1a: Mew|155\/403 brn
|
|-heal|p1a: Mew|180\/403 brn|[from] item: Leftovers
|-damage|p1a: Mew|130\/403 brn|[from] brn
|-damage|p2a: Alomomola|273\/534 brn|[from] brn
|turn|93
|c|âWendyPinkMarvell|Faut voir il lui reste cmb
|c|âWendyPinkMarvell|de PP
|
|move|p1a: Mew|Knock Off|p2a: Alomomola
|-damage|p2a: Alomomola|252\/534 brn
|move|p2a: Alomomola|Scald|p1a: Mew
|-damage|p1a: Mew|88\/403 brn
|
|-heal|p1a: Mew|113\/403 brn|[from] item: Leftovers
|-damage|p1a: Mew|63\/403 brn|[from] brn
|-damage|p2a: Alomomola|186\/534 brn|[from] brn
|turn|94
|
|switch|p2a: Levioleur|Chansey, F, shiny|40\/704
|move|p1a: Mew|Knock Off|p2a: Levioleur
|-damage|p2a: Levioleur|0 fnt
|faint|p2a: Levioleur
|
|-heal|p1a: Mew|88\/403 brn|[from] item: Leftovers
|-damage|p1a: Mew|38\/403 brn|[from] brn
|
|switch|p2a: Alomomola|Alomomola, F|364\/534 brn
|turn|95
|
|move|p1a: Mew|Taunt|p2a: Alomomola
|-start|p2a: Alomomola|move: Taunt
|cant|p2a: Alomomola|move: Taunt|Wish
|
|-heal|p1a: Mew|63\/403 brn|[from] item: Leftovers
|-damage|p1a: Mew|13\/403 brn|[from] brn
|-damage|p2a: Alomomola|298\/534 brn|[from] brn
|turn|96
|c| JeromeSeiko|allez alomomola
|c|âWendyPinkMarvell|foutu
|c|âWendyPinkMarvell|il ma mind
|
|move|p1a: Mew|Knock Off|p2a: Alomomola
|-damage|p2a: Alomomola|276\/534 brn
|move|p2a: Alomomola|Scald|p1a: Mew
|-damage|p1a: Mew|0 fnt
|faint|p1a: Mew
|
|-damage|p2a: Alomomola|210\/534 brn|[from] brn
|
|switch|p1a: Rotom-Wash|Rotom-Wash|45\/302 tox
|turn|97
|
|move|p1a: Rotom-Wash|Volt Switch|p2a: Alomomola
|-supereffective|p2a: Alomomola
|-damage|p2a: Alomomola|0 fnt
|faint|p2a: Alomomola
|
|win|BHARATH_THEBEST
|raw|Ladder updating...
|raw|BHARATH_THEBEST's rating: 1623 &rarr; <strong>1644<\/strong><br \/>(+21 for winning)
|raw|WendyPinkMarvell's rating: 1637 &rarr; <strong>1616<\/strong><br \/>(-21 for losing)
|c|âWendyPinkMarvell|gg
|c|âBHARATH_THEBEST|gg
|c|âWendyPinkMarvell|Jsuis deg
|c|âWendyPinkMarvell|mdr