|join|wish killer
|join|BHARATH_THEBEST
|player|p1|wish killer|102
|player|p2|BHARATH_THEBEST|290
|gametype|singles
|gen|6
|tier|OU
|rated
|clearpoke
|poke|p1|Chansey, F
|poke|p1|Keldeo
|poke|p1|Heatran, M
|poke|p1|Skarmory, F
|poke|p1|Bisharp, M
|poke|p1|Venusaur, F
|poke|p2|Slowbro, F
|poke|p2|Chansey, F
|poke|p2|Clefable, F
|poke|p2|Kyurem-Black
|poke|p2|Scizor, F
|poke|p2|Hippowdon, F
|rule|Baton Pass Clause: Limit 3 pokemon knowing Baton Pass
|rule|Sleep Clause Mod: Limit one foe put to sleep
|rule|Species Clause: Limit one of each Pokemon
|rule|OHKO Clause: OHKO moves are banned
|rule|Moody Clause: Moody is banned
|rule|Evasion Moves Clause: Evasion moves are banned
|rule|Endless Battle Clause: Forcing endless battles is banned
|rule|HP Percentage Mod: HP is reported as percentages
|teampreview
|
|start
|switch|p1a: Heatran|Heatran, M|340\/340
|switch|p2a: Kyurem-Black|Kyurem-Black|405\/405
|-item|p1a: Heatran|Air Balloon
|-ability|p2a: Kyurem-Black|Teravolt
|turn|1
|
|move|p1a: Heatran|Stealth Rock|p2a: Kyurem-Black
|-sidestart|p2: BHARATH_THEBEST|move: Stealth Rock
|move|p2a: Kyurem-Black|Substitute|p2a: Kyurem-Black
|-start|p2a: Kyurem-Black|Substitute
|-damage|p2a: Kyurem-Black|304\/405
|
|-heal|p2a: Kyurem-Black|329\/405|[from] item: Leftovers
|turn|2
|
|switch|p1a: Chansey|Chansey, F|685\/685
|move|p2a: Kyurem-Black|Fusion Bolt|p1a: Chansey
|-damage|p1a: Chansey|514\/685
|
|-heal|p2a: Kyurem-Black|354\/405|[from] item: Leftovers
|turn|3
|
|move|p2a: Kyurem-Black|Fusion Bolt|p1a: Chansey
|-damage|p1a: Chansey|337\/685
|move|p1a: Chansey|Soft-Boiled|p1a: Chansey
|-heal|p1a: Chansey|680\/685
|
|-heal|p2a: Kyurem-Black|379\/405|[from] item: Leftovers
|turn|4
|
|move|p2a: Kyurem-Black|Ice Beam|p1a: Chansey
|-damage|p1a: Chansey|589\/685
|move|p1a: Chansey|Seismic Toss|p2a: Kyurem-Black
|-activate|p2a: Kyurem-Black|Substitute|[damage]
|
|-heal|p2a: Kyurem-Black|404\/405|[from] item: Leftovers
|turn|5
|
|move|p2a: Kyurem-Black|Ice Beam|p1a: Chansey
|-damage|p1a: Chansey|486\/685
|move|p1a: Chansey|Seismic Toss|p2a: Kyurem-Black
|-end|p2a: Kyurem-Black|Substitute
|
|-heal|p2a: Kyurem-Black|405\/405|[from] item: Leftovers
|turn|6
|
|switch|p2a: Clefable|Clefable, F|394\/394
|move|p1a: Chansey|Soft-Boiled|p1a: Chansey
|-heal|p1a: Chansey|685\/685
|
|turn|7
|
|move|p2a: Clefable|Calm Mind|p2a: Clefable
|-boost|p2a: Clefable|spa|1
|-boost|p2a: Clefable|spd|1
|move|p1a: Chansey|Thunder Wave|p2a: Clefable
|-status|p2a: Clefable|par
|
|turn|8
|
|move|p1a: Chansey|Seismic Toss|p2a: Clefable
|-damage|p2a: Clefable|294\/394 par
|move|p2a: Clefable|Moonblast|p1a: Chansey
|-damage|p1a: Chansey|585\/685
|
|-heal|p2a: Clefable|318\/394 par|[from] item: Leftovers
|turn|9
|
|move|p1a: Chansey|Seismic Toss|p2a: Clefable
|-damage|p2a: Clefable|218\/394 par
|move|p2a: Clefable|Calm Mind|p2a: Clefable
|-boost|p2a: Clefable|spa|1
|-boost|p2a: Clefable|spd|1
|
|-heal|p2a: Clefable|242\/394 par|[from] item: Leftovers
|turn|10
|
|move|p1a: Chansey|Seismic Toss|p2a: Clefable
|-damage|p2a: Clefable|142\/394 par
|move|p2a: Clefable|Soft-Boiled|p2a: Clefable
|-heal|p2a: Clefable|339\/394 par
|
|-heal|p2a: Clefable|363\/394 par|[from] item: Leftovers
|turn|11
|
|switch|p2a: Chansey|Chansey, F|704\/704
|-damage|p2a: Chansey|616\/704|[from] Stealth Rock
|move|p1a: Chansey|Seismic Toss|p2a: Chansey
|-damage|p2a: Chansey|516\/704
|
|turn|12
|
|switch|p1a: Skarmory|Skarmory, F|334\/334
|move|p2a: Chansey|Heal Bell|p2a: Chansey
|-cureteam|p2a: Chansey|[from] move: HealBell
|
|turn|13
|join|Denis is GARBAGE
|
|switch|p2a: Kyurem-Black|Kyurem-Black|405\/405
|-damage|p2a: Kyurem-Black|304\/405|[from] Stealth Rock
|-ability|p2a: Kyurem-Black|Teravolt
|move|p1a: Skarmory|Spikes|p2a: Kyurem-Black
|-sidestart|p2: BHARATH_THEBEST|Spikes
|
|-heal|p2a: Kyurem-Black|329\/405|[from] item: Leftovers
|turn|14
|
|switch|p1a: Chansey|Chansey, F|585\/685
|move|p2a: Kyurem-Black|Ice Beam|p1a: Chansey
|-damage|p1a: Chansey|486\/685
|
|-heal|p2a: Kyurem-Black|354\/405|[from] item: Leftovers
|turn|15
|join|Cunty Vibes
|
|move|p2a: Kyurem-Black|Substitute|p2a: Kyurem-Black
|-start|p2a: Kyurem-Black|Substitute
|-damage|p2a: Kyurem-Black|253\/405
|move|p1a: Chansey|Seismic Toss|p2a: Kyurem-Black
|-activate|p2a: Kyurem-Black|Substitute|[damage]
|
|-heal|p2a: Kyurem-Black|278\/405|[from] item: Leftovers
|turn|16
|
|move|p2a: Kyurem-Black|Fusion Bolt|p1a: Chansey
|-damage|p1a: Chansey|309\/685
|move|p1a: Chansey|Soft-Boiled|p1a: Chansey
|-heal|p1a: Chansey|652\/685
|
|-heal|p2a: Kyurem-Black|303\/405|[from] item: Leftovers
|turn|17
|leave|Cunty Vibes
|
|move|p2a: Kyurem-Black|Earth Power|p1a: Chansey
|-damage|p1a: Chansey|591\/685
|-unboost|p1a: Chansey|spd|1
|move|p1a: Chansey|Seismic Toss|p2a: Kyurem-Black
|-end|p2a: Kyurem-Black|Substitute
|
|-heal|p2a: Kyurem-Black|328\/405|[from] item: Leftovers
|turn|18
|
|move|p2a: Kyurem-Black|Ice Beam|p1a: Chansey
|-damage|p1a: Chansey|455\/685
|move|p1a: Chansey|Seismic Toss|p2a: Kyurem-Black
|-damage|p2a: Kyurem-Black|228\/405
|
|-heal|p2a: Kyurem-Black|253\/405|[from] item: Leftovers
|turn|19
|
|move|p2a: Kyurem-Black|Substitute|p2a: Kyurem-Black
|-start|p2a: Kyurem-Black|Substitute
|-damage|p2a: Kyurem-Black|152\/405
|move|p1a: Chansey|Soft-Boiled|p1a: Chansey
|-heal|p1a: Chansey|685\/685
|
|-heal|p2a: Kyurem-Black|177\/405|[from] item: Leftovers
|turn|20
|
|switch|p1a: Heatran|Heatran, M|340\/340
|-item|p1a: Heatran|Air Balloon
|move|p2a: Kyurem-Black|Earth Power|p1a: Heatran
|-immune|p1a: Heatran|[msg]
|
|-heal|p2a: Kyurem-Black|202\/405|[from] item: Leftovers
|turn|21
|
|switch|p1a: Chansey|Chansey, F|685\/685
|move|p2a: Kyurem-Black|Ice Beam|p1a: Chansey
|-damage|p1a: Chansey|582\/685
|
|-heal|p2a: Kyurem-Black|227\/405|[from] item: Leftovers
|turn|22
|chat|Denis is GARBAGE|i don't understand that play
|chat|Denis is GARBAGE|lol
|
|move|p2a: Kyurem-Black|Ice Beam|p1a: Chansey
|-damage|p1a: Chansey|488\/685
|move|p1a: Chansey|Seismic Toss|p2a: Kyurem-Black
|-activate|p2a: Kyurem-Black|Substitute|[damage]
|
|-heal|p2a: Kyurem-Black|252\/405|[from] item: Leftovers
|turn|23
|
|move|p2a: Kyurem-Black|Earth Power|p1a: Chansey
|-damage|p1a: Chansey|425\/685
|move|p1a: Chansey|Soft-Boiled|p1a: Chansey
|-heal|p1a: Chansey|685\/685
|
|-heal|p2a: Kyurem-Black|277\/405|[from] item: Leftovers
|turn|24
|
|move|p2a: Kyurem-Black|Earth Power|p1a: Chansey
|-damage|p1a: Chansey|617\/685
|move|p1a: Chansey|Seismic Toss|p2a: Kyurem-Black
|-end|p2a: Kyurem-Black|Substitute
|
|-heal|p2a: Kyurem-Black|302\/405|[from] item: Leftovers
|turn|25
|-message|BHARATH_THEBEST forfeited.
|
|win|wish killer
|raw|Ladder updating...
|leave|BHARATH_THEBEST
|player|p2
|raw|wish killer's rating: 1972 &rarr; <strong>1980<\/strong><br \/>(+8 for winning)
|raw|BHARATH_THEBEST's rating: 1743 &rarr; <strong>1734<\/strong><br \/>(-9 for losing)