|join|Octavius12
|join|BHARATH_THEBEST
|player|p1|Octavius12|170
|player|p2|BHARATH_THEBEST|290
|gametype|singles
|gen|6
|tier|OU
|rated
|clearpoke
|poke|p1|Deoxys-Defense
|poke|p1|Keldeo
|poke|p1|Aegislash, M
|poke|p1|Bisharp, F
|poke|p1|Azumarill, F
|poke|p1|Thundurus, M
|poke|p2|Mawile, F
|poke|p2|Aegislash, F
|poke|p2|Kyurem-Black
|poke|p2|Azumarill, M
|poke|p2|Zapdos
|poke|p2|Landorus-Therian, M
|rule|Baton Pass Clause: Limit 3 pokemon knowing Baton Pass
|rule|Sleep Clause Mod: Limit one foe put to sleep
|rule|Species Clause: Limit one of each Pokemon
|rule|OHKO Clause: OHKO moves are banned
|rule|Moody Clause: Moody is banned
|rule|Evasion Moves Clause: Evasion moves are banned
|rule|Endless Battle Clause: Forcing endless battles is banned
|rule|HP Percentage Mod: HP is reported as percentages
|teampreview
|
|start
|switch|p1a: Deoxys-Defense|Deoxys-Defense|304\/304
|switch|p2a: Aegislash|Aegislash, F|261\/261
|-ability|p1a: Deoxys-Defense|Pressure
|turn|1
|
|move|p1a: Deoxys-Defense|Stealth Rock|p2a: Aegislash
|-sidestart|p2: BHARATH_THEBEST|move: Stealth Rock
|-formechange|p2a: Aegislash|Aegislash-Blade
|move|p2a: Aegislash|Shadow Ball|p1a: Deoxys-Defense
|-supereffective|p1a: Deoxys-Defense
|-damage|p1a: Deoxys-Defense|0 fnt
|-damage|p2a: Aegislash|235\/261|[from] item: Life Orb
|faint|p1a: Deoxys-Defense
|
|
|switch|p1a: Bisharp|Bisharp, F|271\/271
|turn|2
|
|-formechange|p2a: Aegislash|Aegislash
|move|p2a: Aegislash|King's Shield|p2a: Aegislash
|-singleturn|p2a: Aegislash|Protect
|move|p1a: Bisharp|Sucker Punch|p2a: Aegislash
|-fail|p2a: Aegislash
|
|turn|3
|
|move|p1a: Bisharp|Sucker Punch|p2a: Aegislash
|-supereffective|p2a: Aegislash
|-damage|p2a: Aegislash|0 fnt
|-damage|p1a: Bisharp|244\/271|[from] item: Life Orb
|faint|p2a: Aegislash
|
|
|switch|p2a: Zapdos|Zapdos|384\/384
|-damage|p2a: Zapdos|288\/384|[from] Stealth Rock
|-ability|p2a: Zapdos|Pressure
|turn|4
|
|switch|p1a: Keldeo|Keldeo|322\/322
|move|p2a: Zapdos|Heat Wave|p1a: Keldeo
|-resisted|p1a: Keldeo
|-damage|p1a: Keldeo|274\/322
|
|-heal|p2a: Zapdos|312\/384|[from] item: Leftovers
|turn|5
|
|move|p1a: Keldeo|Hydro Pump|p2a: Zapdos
|-damage|p2a: Zapdos|0 fnt
|faint|p2a: Zapdos
|
|
|switch|p2a: Azumarill|Azumarill, M|404\/404
|-damage|p2a: Azumarill|354\/404|[from] Stealth Rock
|turn|6
|
|switch|p1a: Aegislash|Aegislash, M|322\/322
|-item|p1a: Aegislash|Air Balloon
|move|p2a: Azumarill|Knock Off|p1a: Aegislash
|-supereffective|p1a: Aegislash
|-damage|p1a: Aegislash|118\/322
|-enditem|p1a: Aegislash|Air Balloon
|
|turn|7
|
|switch|p2a: Kyurem-Black|Kyurem-Black|405\/405
|-damage|p2a: Kyurem-Black|304\/405|[from] Stealth Rock
|-ability|p2a: Kyurem-Black|Teravolt
|move|p1a: Aegislash|King's Shield|p1a: Aegislash
|-fail|p1a: Aegislash
|
|-heal|p2a: Kyurem-Black|329\/405|[from] item: Leftovers
|turn|8
|
|move|p2a: Kyurem-Black|Substitute|p2a: Kyurem-Black
|-start|p2a: Kyurem-Black|Substitute
|-damage|p2a: Kyurem-Black|228\/405
|-formechange|p1a: Aegislash|Aegislash-Blade
|move|p1a: Aegislash|Sacred Sword|p2a: Kyurem-Black
|-crit|p2a: Kyurem-Black
|-supereffective|p2a: Kyurem-Black
|-end|p2a: Kyurem-Black|Substitute
|
|-heal|p2a: Kyurem-Black|253\/405|[from] item: Leftovers
|turn|9
|
|move|p1a: Aegislash|Shadow Sneak|p2a: Kyurem-Black
|-damage|p2a: Kyurem-Black|175\/405
|move|p2a: Kyurem-Black|Earth Power|p1a: Aegislash
|-supereffective|p1a: Aegislash
|-damage|p1a: Aegislash|0 fnt
|faint|p1a: Aegislash
|
|-heal|p2a: Kyurem-Black|200\/405|[from] item: Leftovers
|
|switch|p1a: Keldeo|Keldeo|274\/322
|turn|10
|
|switch|p2a: Landorus-Therian|Landorus-Therian, M|382\/382
|-damage|p2a: Landorus-Therian|335\/382|[from] Stealth Rock
|-ability|p2a: Landorus-Therian|Intimidate|[of] p1a: Keldeo
|-unboost|p1a: Keldeo|atk|1
|move|p1a: Keldeo|Hydro Pump|p2a: Landorus-Therian
|-supereffective|p2a: Landorus-Therian
|-damage|p2a: Landorus-Therian|0 fnt
|faint|p2a: Landorus-Therian
|
|
|switch|p2a: Azumarill|Azumarill, M|354\/404
|-damage|p2a: Azumarill|304\/404|[from] Stealth Rock
|turn|11
|
|switch|p1a: Azumarill|Azumarill, F|342\/342
|move|p2a: Azumarill|Play Rough|p1a: Azumarill
|-damage|p1a: Azumarill|108\/342
|-enditem|p1a: Azumarill|Sitrus Berry|[eat]
|-heal|p1a: Azumarill|193\/342|[from] item: Sitrus Berry
|
|turn|12
|join|hk-gb
|
|move|p1a: Azumarill|Play Rough|p2a: Azumarill
|-damage|p2a: Azumarill|58\/404
|move|p2a: Azumarill|Play Rough|p1a: Azumarill
|-damage|p1a: Azumarill|0 fnt
|faint|p1a: Azumarill
|
|
|switch|p1a: Thundurus|Thundurus, M|299\/299
|turn|13
|
|move|p2a: Azumarill|Aqua Jet|p1a: Thundurus
|-damage|p1a: Thundurus|188\/299
|move|p1a: Thundurus|Thunderbolt|p2a: Azumarill
|-supereffective|p2a: Azumarill
|-damage|p2a: Azumarill|0 fnt
|faint|p2a: Azumarill
|
|-heal|p1a: Thundurus|206\/299|[from] item: Leftovers
|
|switch|p2a: Kyurem-Black|Kyurem-Black|200\/405
|-damage|p2a: Kyurem-Black|99\/405|[from] Stealth Rock
|-ability|p2a: Kyurem-Black|Teravolt
|turn|14
|
|move|p1a: Thundurus|Thunderbolt|p2a: Kyurem-Black
|-resisted|p2a: Kyurem-Black
|-damage|p2a: Kyurem-Black|13\/405
|move|p2a: Kyurem-Black|Ice Beam|p1a: Thundurus
|-supereffective|p1a: Thundurus
|-damage|p1a: Thundurus|0 fnt
|faint|p1a: Thundurus
|
|-heal|p2a: Kyurem-Black|38\/405|[from] item: Leftovers
|
|switch|p1a: Bisharp|Bisharp, F|244\/271
|turn|15
|
|move|p1a: Bisharp|Sucker Punch|p2a: Kyurem-Black
|-fail|p2a: Kyurem-Black
|move|p2a: Kyurem-Black|Substitute|p2a: Kyurem-Black
|-fail|p2a: Kyurem-Black|move: Substitute|[weak]
|
|-heal|p2a: Kyurem-Black|63\/405|[from] item: Leftovers
|turn|16
|
|move|p1a: Bisharp|Sucker Punch|p2a: Kyurem-Black
|-fail|p2a: Kyurem-Black
|move|p2a: Kyurem-Black|Substitute|p2a: Kyurem-Black
|-fail|p2a: Kyurem-Black|move: Substitute|[weak]
|
|-heal|p2a: Kyurem-Black|88\/405|[from] item: Leftovers
|turn|17
|
|move|p2a: Kyurem-Black|Earth Power|p1a: Bisharp
|-crit|p1a: Bisharp
|-supereffective|p1a: Bisharp
|-damage|p1a: Bisharp|0 fnt
|faint|p1a: Bisharp
|
|-heal|p2a: Kyurem-Black|113\/405|[from] item: Leftovers
|
|switch|p1a: Keldeo|Keldeo|274\/322
|turn|18
|
|move|p1a: Keldeo|Hydro Pump|p2a: Kyurem-Black|[miss]
|-miss|p1a: Keldeo|p2a: Kyurem-Black
|move|p2a: Kyurem-Black|Fusion Bolt|p1a: Keldeo
|-supereffective|p1a: Keldeo
|-damage|p1a: Keldeo|0 fnt
|faint|p1a: Keldeo
|
|win|BHARATH_THEBEST
|raw|Ladder updating...
|raw|Octavius12's rating: 1724 &rarr; <strong>1702<\/strong><br \/>(-22 for losing)
|raw|BHARATH_THEBEST's rating: 1688 &rarr; <strong>1710<\/strong><br \/>(+22 for winning)
|chat|BHARATH_THEBEST|gg
|leave|Octavius12
|player|p1
|leave|BHARATH_THEBEST
|player|p2
|leave|hk-gb
|join|BHARATH_THEBEST