|join|mastermind15
|join|BHARATH_THEBEST
|player|p1|mastermind15|33
|player|p2|BHARATH_THEBEST|290
|gametype|singles
|gen|6
|tier|OU
|rated
|clearpoke
|poke|p1|Slowbro, M, shiny
|poke|p1|Ditto
|poke|p1|Mandibuzz, F
|poke|p1|Amoonguss, F, shiny
|poke|p1|Mawile, F
|poke|p1|Tyranitar, M
|poke|p2|Deoxys-Speed
|poke|p2|Diggersby, M
|poke|p2|Gardevoir, F
|poke|p2|Aegislash, F
|poke|p2|Dragonite, M
|poke|p2|Weavile, F
|rule|Baton Pass Clause: Limit 3 pokemon knowing Baton Pass
|rule|Sleep Clause Mod: Limit one foe put to sleep
|rule|Species Clause: Limit one of each Pokemon
|rule|OHKO Clause: OHKO moves are banned
|rule|Moody Clause: Moody is banned
|rule|Swagger Clause: Swagger is banned
|rule|Evasion Moves Clause: Evasion moves are banned
|rule|Endless Battle Clause: Forcing endless battles is banned
|rule|HP Percentage Mod: HP is reported as percentages
|teampreview
|
|start
|switch|p1a: Agatha|Mandibuzz, F|423\/423
|switch|p2a: Aegislash|Aegislash, F|261\/261
|turn|1
|
|switch|p2a: Weavile|Weavile, F|282\/282
|-ability|p2a: Weavile|Pressure
|move|p1a: Agatha|Foul Play|p2a: Weavile
|-resisted|p2a: Weavile
|-damage|p2a: Weavile|170\/282
|
|turn|2
|
|switch|p1a: Delilah|Mawile, F|274\/274
|-ability|p1a: Delilah|Intimidate|[of] p2a: Weavile
|-unboost|p2a: Weavile|atk|1
|move|p2a: Weavile|Ice Punch|p1a: Delilah
|-resisted|p1a: Delilah
|-damage|p1a: Delilah|206\/274
|-damage|p2a: Weavile|142\/282|[from] item: Life Orb
|
|turn|3
|
|switch|p2a: Aegislash|Aegislash, F|261\/261
|detailschange|p1a: Delilah|Mawile-Mega, F
|message|Mawile has Mega Evolved into Mega Mawile!
|move|p1a: Delilah|Play Rough|p2a: Aegislash
|-resisted|p2a: Aegislash
|-damage|p2a: Aegislash|154\/261
|
|turn|4
|
|-formechange|p2a: Aegislash|Aegislash-Blade
|move|p2a: Aegislash|Shadow Sneak|p1a: Delilah
|-damage|p1a: Delilah|123\/274
|-damage|p2a: Aegislash|128\/261|[from] item: Life Orb
|move|p1a: Delilah|Sucker Punch|p2a: Aegislash
|-fail|p2a: Aegislash
|
|turn|5
|
|switch|p1a: Agatha|Mandibuzz, F|423\/423
|move|p2a: Aegislash|Shadow Sneak|p1a: Agatha
|-crit|p1a: Agatha
|-resisted|p1a: Agatha
|-damage|p1a: Agatha|375\/423
|-damage|p2a: Aegislash|102\/261|[from] item: Life Orb
|
|-heal|p1a: Agatha|401\/423|[from] item: Leftovers
|turn|6
|
|switch|p2a: Gardevoir|Gardevoir, F|278\/278
|-ability|p2a: Gardevoir|Overcoat|[from] ability: Trace|[of] p1a: Agatha
|move|p1a: Agatha|Foul Play|p2a: Gardevoir
|-damage|p2a: Gardevoir|173\/278
|
|-heal|p1a: Agatha|423\/423|[from] item: Leftovers
|turn|7
|
|switch|p1a: Penelope|Amoonguss, F, shiny|432\/432
|detailschange|p2a: Gardevoir|Gardevoir-Mega, F
|message|Gardevoir has Mega Evolved into Mega Gardevoir!
|move|p2a: Gardevoir|Hyper Voice|p1a: Penelope
|-resisted|p1a: Penelope
|-damage|p1a: Penelope|329\/432
|
|-heal|p1a: Penelope|356\/432|[from] item: Black Sludge
|turn|8
|
|switch|p1a: Sam|Tyranitar, M|341\/341
|-weather|Sandstorm
|move|p2a: Gardevoir|Psyshock|p1a: Sam
|-immune|p1a: Sam|[msg]
|
|-weather|Sandstorm|[upkeep]
|-damage|p2a: Gardevoir|156\/278|[from] sandstorm
|turn|9
|
|move|p2a: Gardevoir|Focus Blast|p1a: Sam
|-supereffective|p1a: Sam
|-damage|p1a: Sam|133\/341
|move|p1a: Sam|Crunch|p2a: Gardevoir
|-damage|p2a: Gardevoir|0 fnt
|faint|p2a: Gardevoir
|
|-weather|Sandstorm|[upkeep]
|chat|BHARATH_THEBEST|av
|chat|mastermind15|yep
|chat|BHARATH_THEBEST|wow
|
|switch|p2a: Weavile|Weavile, F|142\/282
|-ability|p2a: Weavile|Pressure
|turn|10
|
|switch|p1a: Delilah|Mawile-Mega, F|123\/274
|move|p2a: Weavile|Brick Break|p1a: Delilah
|-damage|p1a: Delilah|40\/274
|-damage|p2a: Weavile|114\/282|[from] item: Life Orb
|
|-weather|Sandstorm|[upkeep]
|-damage|p2a: Weavile|97\/282|[from] sandstorm
|turn|11
|
|switch|p1a: Agatha|Mandibuzz, F|423\/423
|move|p2a: Weavile|Ice Shard|p1a: Agatha
|-supereffective|p1a: Agatha
|-damage|p1a: Agatha|290\/423
|-damage|p2a: Weavile|69\/282|[from] item: Life Orb
|
|-weather|Sandstorm|[upkeep]
|-damage|p2a: Weavile|52\/282|[from] sandstorm
|-heal|p1a: Agatha|316\/423|[from] item: Leftovers
|turn|12
|
|switch|p1a: Delilah|Mawile-Mega, F|40\/274
|move|p2a: Weavile|Knock Off|p1a: Delilah
|-resisted|p1a: Delilah
|-damage|p1a: Delilah|0 fnt
|-damage|p2a: Weavile|24\/282|[from] item: Life Orb
|faint|p1a: Delilah
|
|-weather|none
|
|switch|p1a: Kevin|Ditto|300\/300
|-transform|p1a: Kevin|p2a: Weavile
|-ability|p1a: Kevin|Pressure
|turn|13
|
|move|p2a: Weavile|Ice Shard|p1a: Kevin
|-resisted|p1a: Kevin
|-damage|p1a: Kevin|242\/300
|-damage|p2a: Weavile|0 fnt|[from] item: Life Orb
|faint|p2a: Weavile
|move|p1a: Kevin|Knock Off|p2: Weavile|[notarget]
|-notarget
|
|
|switch|p2a: Dragonite|Dragonite, M|324\/324
|turn|14
|
|switch|p1a: Sam|Tyranitar, M|133\/341
|-weather|Sandstorm
|move|p2a: Dragonite|Extreme Speed|p1a: Sam
|-resisted|p1a: Sam
|-damage|p1a: Sam|58\/341
|
|-weather|Sandstorm|[upkeep]
|-damage|p2a: Dragonite|304\/324|[from] sandstorm
|turn|15
|
|switch|p1a: Bill|Slowbro, M, shiny|394\/394
|move|p2a: Dragonite|Extreme Speed|p1a: Bill
|-crit|p1a: Bill
|-damage|p1a: Bill|235\/394
|
|-weather|Sandstorm|[upkeep]
|-damage|p2a: Dragonite|284\/324|[from] sandstorm
|-damage|p1a: Bill|211\/394|[from] sandstorm
|turn|16
|
|switch|p2a: Deoxys-Speed|Deoxys-Speed|241\/241
|-ability|p2a: Deoxys-Speed|Pressure
|move|p1a: Bill|Ice Beam|p2a: Deoxys-Speed
|-damage|p2a: Deoxys-Speed|163\/241
|
|-weather|Sandstorm|[upkeep]
|-damage|p2a: Deoxys-Speed|148\/241|[from] sandstorm
|-damage|p1a: Bill|187\/394|[from] sandstorm
|turn|17
|
|switch|p1a: Sam|Tyranitar, M|58\/341
|move|p2a: Deoxys-Speed|Stealth Rock|p1a: Sam
|-sidestart|p1: mastermind15|move: Stealth Rock
|
|-weather|Sandstorm|[upkeep]
|-damage|p2a: Deoxys-Speed|133\/241|[from] sandstorm
|turn|18
|
|move|p2a: Deoxys-Speed|Superpower|p1a: Sam
|-supereffective|p1a: Sam
|-damage|p1a: Sam|0 fnt
|-unboost|p2a: Deoxys-Speed|atk|1
|-unboost|p2a: Deoxys-Speed|def|1
|-damage|p2a: Deoxys-Speed|109\/241|[from] item: Life Orb
|faint|p1a: Sam
|
|-weather|none
|
|switch|p1a: Kevin|Ditto|242\/300
|-damage|p1a: Kevin|205\/300|[from] Stealth Rock
|-transform|p1a: Kevin|p2a: Deoxys-Speed
|-ability|p1a: Kevin|Pressure
|turn|19
|
|switch|p2a: Aegislash|Aegislash, F|102\/261
|move|p1a: Kevin|Psycho Boost|p2a: Aegislash|[miss]
|-miss|p1a: Kevin|p2a: Aegislash
|
|turn|20
|
|switch|p1a: Agatha|Mandibuzz, F|316\/423
|-damage|p1a: Agatha|211\/423|[from] Stealth Rock
|switch|p2a: Deoxys-Speed|Deoxys-Speed|109\/241
|-ability|p2a: Deoxys-Speed|Pressure
|
|-heal|p1a: Agatha|237\/423|[from] item: Leftovers
|turn|21
|
|switch|p1a: Bill|Slowbro, M, shiny|318\/394
|-damage|p1a: Bill|269\/394|[from] Stealth Rock
|move|p2a: Deoxys-Speed|Ice Beam|p1a: Bill
|-resisted|p1a: Bill
|-damage|p1a: Bill|221\/394
|-damage|p2a: Deoxys-Speed|85\/241|[from] item: Life Orb
|
|turn|22
|
|switch|p2a: Aegislash|Aegislash, F|102\/261
|move|p1a: Bill|Fire Blast|p2a: Aegislash
|-supereffective|p2a: Aegislash
|-damage|p2a: Aegislash|0 fnt
|faint|p2a: Aegislash
|
|
|switch|p2a: Dragonite|Dragonite, M|284\/324
|turn|23
|
|switch|p1a: Agatha|Mandibuzz, F|237\/423
|-damage|p1a: Agatha|132\/423|[from] Stealth Rock
|move|p2a: Dragonite|Outrage|p1a: Agatha
|-damage|p1a: Agatha|0 fnt
|faint|p1a: Agatha
|
|
|switch|p1a: Kevin|Ditto|205\/300
|-damage|p1a: Kevin|168\/300|[from] Stealth Rock
|-transform|p1a: Kevin|p2a: Dragonite
|turn|24
|
|move|p1a: Kevin|Outrage|p2a: Dragonite
|-supereffective|p2a: Dragonite
|-damage|p2a: Dragonite|0 fnt
|faint|p2a: Dragonite
|
|
|switch|p2a: Deoxys-Speed|Deoxys-Speed|85\/241
|-ability|p2a: Deoxys-Speed|Pressure
|turn|25
|
|move|p2a: Deoxys-Speed|Ice Beam|p1a: Kevin
|-supereffective|p1a: Kevin
|-damage|p1a: Kevin|0 fnt
|-damage|p2a: Deoxys-Speed|61\/241|[from] item: Life Orb
|faint|p1a: Kevin
|
|
|switch|p1a: Bill|Slowbro, M, shiny|352\/394
|-damage|p1a: Bill|303\/394|[from] Stealth Rock
|turn|26
|chat|mastermind15|is that scarfed?
|chat|BHARATH_THEBEST|diggersby
|chat|mastermind15|no deo
|chat|BHARATH_THEBEST|nah its lo
|
|move|p2a: Deoxys-Speed|Psycho Boost|p1a: Bill
|-resisted|p1a: Bill
|-damage|p1a: Bill|206\/394
|-unboost|p2a: Deoxys-Speed|spa|2
|-damage|p2a: Deoxys-Speed|37\/241|[from] item: Life Orb
|move|p1a: Bill|Scald|p2a: Deoxys-Speed
|-damage|p2a: Deoxys-Speed|0 fnt
|faint|p2a: Deoxys-Speed
|
|chat|mastermind15|lol i am an idiot
|
|switch|p2a: Diggersby|Diggersby, M|312\/312
|turn|27
|chat|mastermind15|just surprised by how fast
|
|move|p2a: Diggersby|Swords Dance|p2a: Diggersby
|-boost|p2a: Diggersby|atk|2
|move|p1a: Bill|Scald|p2a: Diggersby
|-supereffective|p2a: Diggersby
|-damage|p2a: Diggersby|60\/312
|
|turn|28
|chat|BHARATH_THEBEST|gg
|
|switch|p1a: Penelope|Amoonguss, F, shiny|432\/432
|-damage|p1a: Penelope|378\/432|[from] Stealth Rock
|move|p2a: Diggersby|Return|p1a: Penelope
|-crit|p1a: Penelope
|-damage|p1a: Penelope|0 fnt
|-damage|p2a: Diggersby|29\/312|[from] item: Life Orb
|faint|p1a: Penelope
|
|chat|BHARATH_THEBEST|i guess
|
|switch|p1a: Bill|Slowbro, M, shiny|337\/394
|-damage|p1a: Bill|288\/394|[from] Stealth Rock
|turn|29
|chat|BHARATH_THEBEST|draw
|chat|mastermind15|tie maybe
|
|move|p2a: Diggersby|Return|p1a: Bill
|-damage|p1a: Bill|0 fnt
|-damage|p2a: Diggersby|0 fnt|[from] item: Life Orb
|faint|p1a: Bill
|faint|p2a: Diggersby
|
|win|BHARATH_THEBEST
|raw|Ladder updating...
|raw|mastermind15's rating: 1805 &rarr; <strong>1778<\/strong><br \/>(-27 for losing)
|raw|BHARATH_THEBEST's rating: 1669 &rarr; <strong>1696<\/strong><br \/>(+27 for winning)
|chat|BHARATH_THEBEST|wat
|chat|BHARATH_THEBEST|no
|chat|mastermind15|how?
|chat|BHARATH_THEBEST|it was tie
|chat|mastermind15|this game hates me lol
|chat|BHARATH_THEBEST|need to check
|chat|BHARATH_THEBEST|with someone
|chat|mastermind15|lemme know
|chat|BHARATH_THEBEST|k
|chat|BHARATH_THEBEST|bye dude
|chat|BHARATH_THEBEST|gg
|chat|mastermind15|pm me gg
|leave|BHARATH_THEBEST
|player|p2
|join|BHARATH_THEBEST