|join|Aka DH
|join|BHARATH_THEBEST
|player|p1|Aka DH|266
|player|p2|BHARATH_THEBEST|290
|gametype|singles
|gen|6
|tier|OU
|rated
|clearpoke
|poke|p1|Chansey, F
|poke|p1|Keldeo
|poke|p1|Heatran, F
|poke|p1|Skarmory, F
|poke|p1|Bisharp, F
|poke|p1|Venusaur, M
|poke|p2|Tyranitar, M
|poke|p2|Clefable, M
|poke|p2|Excadrill, M
|poke|p2|Garchomp, F
|poke|p2|Talonflame, F
|poke|p2|Azumarill, F
|rule|Swagger Clause: Swagger is banned
|rule|Baton Pass Clause: Limit three PokÃ©mon knowing Baton Pass
|rule|Sleep Clause Mod: Limit one foe put to sleep
|rule|Species Clause: Limit one of each PokÃ©mon
|rule|OHKO Clause: OHKO moves are banned
|rule|Moody Clause: Moody is banned
|rule|Evasion Moves Clause: Evasion moves are banned
|rule|Endless Battle Clause: Forcing endless battles is banned
|rule|HP Percentage Mod: HP is reported as percentages
|teampreview
|
|start
|switch|p1a: Heatran|Heatran, F|340\/340
|switch|p2a: Garchomp|Garchomp, F|357\/357
|-item|p1a: Heatran|Air Balloon
|turn|1
|
|move|p2a: Garchomp|Stealth Rock|p1a: Heatran
|-sidestart|p1: Aka DH|move: Stealth Rock
|move|p1a: Heatran|Toxic|p2a: Garchomp
|-status|p2a: Garchomp|tox
|
|-damage|p2a: Garchomp|335\/357 tox|[from] psn
|turn|2
|
|move|p2a: Garchomp|Draco Meteor|p1a: Heatran|[miss]
|-miss|p2a: Garchomp|p1a: Heatran
|move|p1a: Heatran|Stealth Rock|p2a: Garchomp
|-sidestart|p2: BHARATH_THEBEST|move: Stealth Rock
|
|-damage|p2a: Garchomp|291\/357 tox|[from] psn
|turn|3
|
|switch|p1a: Skarmory|Skarmory, F|334\/334
|-damage|p1a: Skarmory|293\/334|[from] Stealth Rock
|move|p2a: Garchomp|Fire Blast|p1a: Skarmory
|-supereffective|p1a: Skarmory
|-damage|p1a: Skarmory|49\/334
|-damage|p2a: Garchomp|256\/357 tox|[from] item: Life Orb
|
|-damage|p2a: Garchomp|190\/357 tox|[from] psn
|turn|4
|
|move|p2a: Garchomp|Draco Meteor|p1a: Skarmory
|-resisted|p1a: Skarmory
|-damage|p1a: Skarmory|0 fnt
|-unboost|p2a: Garchomp|spa|2
|-damage|p2a: Garchomp|155\/357 tox|[from] item: Life Orb
|faint|p1a: Skarmory
|
|-damage|p2a: Garchomp|67\/357 tox|[from] psn
|
|switch|p1a: Keldeo|Keldeo|323\/323
|-damage|p1a: Keldeo|303\/323|[from] Stealth Rock
|turn|5
|
|move|p1a: Keldeo|Secret Sword|p2a: Garchomp
|-crit|p2a: Garchomp
|-damage|p2a: Garchomp|0 fnt
|faint|p2a: Garchomp
|
|-heal|p1a: Keldeo|323\/323|[from] item: Leftovers
|
|switch|p2a: Azumarill|Azumarill, F|401\/401
|-damage|p2a: Azumarill|351\/401|[from] Stealth Rock
|turn|6
|
|switch|p2a: Excadrill|Excadrill, M|362\/362
|-damage|p2a: Excadrill|351\/362|[from] Stealth Rock
|-item|p2a: Excadrill|Air Balloon
|move|p1a: Keldeo|Secret Sword|p2a: Excadrill
|-supereffective|p2a: Excadrill
|-damage|p2a: Excadrill|0 fnt
|-enditem|p2a: Excadrill|Air Balloon
|faint|p2a: Excadrill
|
|
|switch|p2a: Clefable|Clefable, M|394\/394
|turn|7
|
|switch|p1a: Chansey|Chansey, F|685\/685
|-damage|p1a: Chansey|600\/685|[from] Stealth Rock
|move|p2a: Clefable|Calm Mind|p2a: Clefable
|-boost|p2a: Clefable|spa|1
|-boost|p2a: Clefable|spd|1
|
|turn|8
|
|move|p2a: Clefable|Calm Mind|p2a: Clefable
|-boost|p2a: Clefable|spa|1
|-boost|p2a: Clefable|spd|1
|move|p1a: Chansey|Thunder Wave|p2a: Clefable
|-status|p2a: Clefable|par
|
|turn|9
|-message|BHARATH_THEBEST forfeited.
|
|win|Aka DH
|raw|Ladder updating...
|leave|BHARATH_THEBEST
|player|p2
|raw|Aka DH's rating: 1940 &rarr; <strong>1953<\/strong><br \/>(+13 for winning)
|raw|BHARATH_THEBEST's rating: 1814 &rarr; <strong>1801<\/strong><br \/>(-13 for losing)