|join|loyal shot
|join|BHARATH_THEBEST
|player|p1|loyal shot|2
|player|p2|BHARATH_THEBEST|290
|gametype|singles
|gen|6
|tier|OU
|rated
|clearpoke
|poke|p1|Krookodile, M
|poke|p1|Venusaur, M
|poke|p1|Skarmory, M
|poke|p1|Chansey, F
|poke|p1|Gengar, M
|poke|p1|Quagsire, M
|poke|p2|Tyranitar, F
|poke|p2|Excadrill, M
|poke|p2|Aegislash, F
|poke|p2|Pinsir, M
|poke|p2|Dragonite, F
|poke|p2|Latios, M
|rule|Sleep Clause Mod: Limit one foe put to sleep
|rule|Species Clause: Limit one of each Pokemon
|rule|OHKO Clause: OHKO moves are banned
|rule|Moody Clause: Moody is banned
|rule|Evasion Moves Clause: Evasion moves are banned
|rule|Endless Battle Clause: Forcing endless battles is banned.
|rule|HP Percentage Mod: HP is reported as percentages
|teampreview
|
|start
|switch|p1a: Krookodile|Krookodile, M|394\/394
|switch|p2a: Aegislash|Aegislash, F|261\/261
|-ability|p1a: Krookodile|Intimidate|[of] p2a: Aegislash
|-unboost|p2a: Aegislash|atk|1
|turn|1
|
|switch|p2a: Latios|Latios, M|302\/302
|move|p1a: Krookodile|Stealth Rock|p2a: Latios
|-sidestart|p2: BHARATH_THEBEST|move: Stealth Rock
|
|turn|2
|
|switch|p1a: Chansey|Chansey, F|701\/701
|move|p2a: Latios|Draco Meteor|p1a: Chansey
|-damage|p1a: Chansey|522\/701
|-unboost|p2a: Latios|spa|2
|-damage|p2a: Latios|272\/302|[from] item: Life Orb
|
|turn|3
|
|switch|p1a: Krookodile|Krookodile, M|394\/394
|-ability|p1a: Krookodile|Intimidate|[of] p2a: Latios
|-unboost|p2a: Latios|atk|1
|move|p2a: Latios|Defog|p1a: Krookodile
|-unboost|p1a: Krookodile|evasion|1
|-sideend|p2: BHARATH_THEBEST|Stealth Rock|[from] move: Defog|[of] p2a: Latios
|
|turn|4
|
|move|p2a: Latios|Draco Meteor|p1a: Krookodile
|-damage|p1a: Krookodile|174\/394
|-unboost|p2a: Latios|spa|2
|-damage|p2a: Latios|242\/302|[from] item: Life Orb
|move|p1a: Krookodile|Stealth Rock|p2a: Latios
|-sidestart|p2: BHARATH_THEBEST|move: Stealth Rock
|
|-heal|p1a: Krookodile|198\/394|[from] item: Leftovers
|turn|5
|
|switch|p2a: Pinsir|Pinsir, M|272\/272
|-damage|p2a: Pinsir|204\/272|[from] Stealth Rock
|move|p1a: Krookodile|Stealth Rock|p2a: Pinsir
|-fail|p2a: Pinsir
|
|-heal|p1a: Krookodile|222\/394|[from] item: Leftovers
|turn|6
|
|switch|p1a: Skarmory|Skarmory, M|333\/333
|detailschange|p2a: Pinsir|Pinsir-Mega, M
|message|Pinsir has Mega Evolved into Mega Pinsir!
|move|p2a: Pinsir|Return|p1a: Skarmory
|-resisted|p1a: Skarmory
|-damage|p1a: Skarmory|250\/333
|-damage|p2a: Pinsir|159\/272|[from] item: Rocky Helmet|[of] p1a: Skarmory
|
|turn|7
|
|switch|p2a: Latios|Latios, M|242\/302
|-damage|p2a: Latios|205\/302|[from] Stealth Rock
|move|p1a: Skarmory|Taunt|p2a: Latios
|-start|p2a: Latios|move: Taunt
|
|turn|8
|
|switch|p1a: Chansey|Chansey, F|522\/701
|move|p2a: Latios|Hidden Power|p1a: Chansey
|-damage|p1a: Chansey|470\/701
|-damage|p2a: Latios|175\/302|[from] item: Life Orb
|
|turn|9
|
|move|p2a: Latios|Psyshock|p1a: Chansey
|-damage|p1a: Chansey|192\/701
|-damage|p2a: Latios|145\/302|[from] item: Life Orb
|move|p1a: Chansey|Soft-Boiled|p1a: Chansey
|-heal|p1a: Chansey|543\/701
|
|turn|10
|
|move|p2a: Latios|Psyshock|p1a: Chansey
|-damage|p1a: Chansey|286\/701
|-damage|p2a: Latios|115\/302|[from] item: Life Orb
|move|p1a: Chansey|Soft-Boiled|p1a: Chansey
|-heal|p1a: Chansey|637\/701
|
|-end|p2a: Latios|move: Taunt
|turn|11
|
|move|p2a: Latios|Defog|p1a: Chansey
|-unboost|p1a: Chansey|evasion|1
|-sideend|p2: BHARATH_THEBEST|Stealth Rock|[from] move: Defog|[of] p2a: Latios
|move|p1a: Chansey|Seismic Toss|p2a: Latios
|-damage|p2a: Latios|15\/302
|
|turn|12
|
|switch|p2a: Aegislash|Aegislash, F|261\/261
|move|p1a: Chansey|Wish|p1a: Chansey
|
|turn|13
|
|switch|p1a: Krookodile|Krookodile, M|222\/394
|-ability|p1a: Krookodile|Intimidate|[of] p2a: Aegislash
|-unboost|p2a: Aegislash|atk|1
|-formechange|p2a: Aegislash|Aegislash-Blade
|move|p2a: Aegislash|Sacred Sword|p1a: Krookodile
|-supereffective|p1a: Krookodile
|-damage|p1a: Krookodile|69\/394
|-damage|p2a: Aegislash|235\/261|[from] item: Life Orb
|
|-heal|p1a: Krookodile|394\/394|[from] move: Wish|[wisher] Chansey
|turn|14
|
|switch|p2a: Pinsir|Pinsir-Mega, M|159\/272
|move|p1a: Krookodile|Stealth Rock|p2a: Pinsir
|-sidestart|p2: BHARATH_THEBEST|move: Stealth Rock
|
|turn|15
|
|switch|p1a: Skarmory|Skarmory, M|250\/333
|move|p2a: Pinsir|Swords Dance|p2a: Pinsir
|-boost|p2a: Pinsir|atk|2
|
|turn|16
|
|move|p2a: Pinsir|Return|p1a: Skarmory
|-resisted|p1a: Skarmory
|-damage|p1a: Skarmory|91\/333
|-damage|p2a: Pinsir|114\/272|[from] item: Rocky Helmet|[of] p1a: Skarmory
|move|p1a: Skarmory|Roost|p1a: Skarmory
|-heal|p1a: Skarmory|258\/333
|
|turn|17
|
|move|p2a: Pinsir|Swords Dance|p2a: Pinsir
|-boost|p2a: Pinsir|atk|2
|move|p1a: Skarmory|Roost|p1a: Skarmory
|-heal|p1a: Skarmory|333\/333
|
|turn|18
|
|move|p2a: Pinsir|Return|p1a: Skarmory
|-resisted|p1a: Skarmory
|-damage|p1a: Skarmory|100\/333
|-damage|p2a: Pinsir|69\/272|[from] item: Rocky Helmet|[of] p1a: Skarmory
|move|p1a: Skarmory|Counter|p2a: Pinsir
|-damage|p2a: Pinsir|0 fnt
|faint|p2a: Pinsir
|
|
|switch|p2a: Aegislash|Aegislash, F|235\/261
|-damage|p2a: Aegislash|219\/261|[from] Stealth Rock
|turn|19
|-message|BHARATH_THEBEST forfeited.
|
|win|loyal shot
|raw|Ladder updating...
|leave|BHARATH_THEBEST
|player|p2
|raw|loyal shot's rating: 1850 &rarr; <strong>1870<\/strong><br \/>(+20 for winning)
|raw|BHARATH_THEBEST's rating: 1851 &rarr; <strong>1831<\/strong><br \/>(-20 for losing)