|join|elawsomo
|join|BHARATH_THEBEST
|player|p1|elawsomo|21
|player|p2|BHARATH_THEBEST|290
|gametype|singles
|gen|6
|tier|OU
|rated
|clearpoke
|poke|p1|Forretress, F
|poke|p1|Tyranitar, F
|poke|p1|Rotom-Wash
|poke|p1|Trevenant, M
|poke|p1|Clefable, M
|poke|p1|Garchomp, M
|poke|p2|Deoxys-Speed
|poke|p2|Diggersby, F
|poke|p2|Gardevoir, M
|poke|p2|Aegislash, M
|poke|p2|Dragonite, M
|poke|p2|Weavile, F
|rule|Baton Pass Clause: Limit 3 pokemon knowing Baton Pass
|rule|Sleep Clause Mod: Limit one foe put to sleep
|rule|Species Clause: Limit one of each Pokemon
|rule|OHKO Clause: OHKO moves are banned
|rule|Moody Clause: Moody is banned
|rule|Swagger Clause: Swagger is banned
|rule|Evasion Moves Clause: Evasion moves are banned
|rule|Endless Battle Clause: Forcing endless battles is banned
|rule|HP Percentage Mod: HP is reported as percentages
|teampreview
|
|start
|switch|p1a: Trevenant|Trevenant, M|374\/374
|switch|p2a: Diggersby|Diggersby, F|312\/312
|turn|1
|
|switch|p2a: Weavile|Weavile, F|282\/282
|-ability|p2a: Weavile|Pressure
|move|p1a: Trevenant|Substitute|p1a: Trevenant
|-start|p1a: Trevenant|Substitute
|-damage|p1a: Trevenant|281\/374
|
|turn|2
|
|switch|p2a: Deoxys-Speed|Deoxys-Speed|241\/241
|-ability|p2a: Deoxys-Speed|Pressure
|move|p1a: Trevenant|Leech Seed|p2a: Deoxys-Speed
|-start|p2a: Deoxys-Speed|move: Leech Seed
|
|-damage|p2a: Deoxys-Speed|211\/241|[from] Leech Seed|[of] p1a: Trevenant
|-heal|p1a: Trevenant|311\/374|[silent]
|turn|3
|
|move|p2a: Deoxys-Speed|Ice Beam|p1a: Trevenant
|-supereffective|p1a: Trevenant
|-end|p1a: Trevenant|Substitute
|-damage|p2a: Deoxys-Speed|187\/241|[from] item: Life Orb
|move|p1a: Trevenant|Shadow Claw|p2a: Deoxys-Speed
|-supereffective|p2a: Deoxys-Speed
|-damage|p2a: Deoxys-Speed|0 fnt
|faint|p2a: Deoxys-Speed
|
|
|switch|p2a: Weavile|Weavile, F|282\/282
|-ability|p2a: Weavile|Pressure
|turn|4
|
|switch|p1a: Forretress|Forretress, F|354\/354
|move|p2a: Weavile|Knock Off|p1a: Forretress
|-crit|p1a: Forretress
|-damage|p1a: Forretress|166\/354
|-enditem|p1a: Forretress|Leftovers|[from] move: Knock Off|[of] p2a: Weavile
|-damage|p2a: Weavile|254\/282|[from] item: Life Orb
|
|turn|5
|
|switch|p2a: Diggersby|Diggersby, F|312\/312
|move|p1a: Forretress|Stealth Rock|p2a: Diggersby
|-sidestart|p2: BHARATH_THEBEST|move: Stealth Rock
|
|turn|6
|
|move|p2a: Diggersby|Swords Dance|p2a: Diggersby
|-boost|p2a: Diggersby|atk|2
|move|p1a: Forretress|Spikes|p2a: Diggersby
|-sidestart|p2: BHARATH_THEBEST|Spikes
|
|turn|7
|
|move|p2a: Diggersby|Swords Dance|p2a: Diggersby
|-boost|p2a: Diggersby|atk|2
|move|p1a: Forretress|Spikes|p2a: Diggersby
|-sidestart|p2: BHARATH_THEBEST|Spikes
|
|turn|8
|
|move|p2a: Diggersby|Swords Dance|p2a: Diggersby
|-boost|p2a: Diggersby|atk|2
|move|p1a: Forretress|Gyro Ball|p2a: Diggersby
|-damage|p2a: Diggersby|203\/312
|
|turn|9
|
|move|p2a: Diggersby|Earthquake|p1a: Forretress
|-damage|p1a: Forretress|0 fnt
|-damage|p2a: Diggersby|172\/312|[from] item: Life Orb
|faint|p1a: Forretress
|
|
|switch|p1a: Trevenant|Trevenant, M|311\/374
|turn|10
|
|move|p2a: Diggersby|Earthquake|p1a: Trevenant
|-resisted|p1a: Trevenant
|-damage|p1a: Trevenant|0 fnt
|-damage|p2a: Diggersby|141\/312|[from] item: Life Orb
|faint|p1a: Trevenant
|
|
|switch|p1a: Garchomp|Garchomp, M|358\/358
|turn|11
|
|move|p2a: Diggersby|Quick Attack|p1a: Garchomp
|-damage|p1a: Garchomp|0 fnt
|-damage|p2a: Diggersby|102\/312|[from] ability: Rough Skin|[of] p1a: Garchomp
|-damage|p2a: Diggersby|71\/312|[from] item: Life Orb
|faint|p1a: Garchomp
|
|
|switch|p1a: Rotom-Wash|Rotom-Wash|299\/299
|turn|12
|
|move|p2a: Diggersby|Return|p1a: Rotom-Wash
|-damage|p1a: Rotom-Wash|0 fnt
|-damage|p2a: Diggersby|40\/312|[from] item: Life Orb
|faint|p1a: Rotom-Wash
|
|
|switch|p1a: Tyranitar|Tyranitar, F|342\/342
|-weather|Sandstorm
|turn|13
|
|move|p2a: Diggersby|Earthquake|p1a: Tyranitar
|-supereffective|p1a: Tyranitar
|-damage|p1a: Tyranitar|0 fnt
|-damage|p2a: Diggersby|9\/312|[from] item: Life Orb
|faint|p1a: Tyranitar
|
|-weather|Sandstorm|[upkeep]
|chat|elawsomo|gg
|
|switch|p1a: Clefable|Clefable, M|394\/394
|turn|14
|chat|BHARATH_THEBEST|gg
|
|move|p2a: Diggersby|Return|p1a: Clefable
|-damage|p1a: Clefable|0 fnt
|-damage|p2a: Diggersby|0 fnt|[from] item: Life Orb
|faint|p1a: Clefable
|faint|p2a: Diggersby
|
|win|BHARATH_THEBEST
|raw|Ladder updating...
|raw|elawsomo's rating: 1548 &rarr; <strong>1531<\/strong><br \/>(-17 for losing)
|raw|BHARATH_THEBEST's rating: 1600 &rarr; <strong>1617<\/strong><br \/>(+17 for winning)
|leave|elawsomo
|player|p1