|join|DingleBerry
|join|BHARATH_THEBEST
|player|p1|DingleBerry|247
|player|p2|BHARATH_THEBEST|290
|gametype|singles
|gen|6
|tier|OU
|rated
|clearpoke
|poke|p1|Diggersby, F
|poke|p1|Klefki, F
|poke|p1|Garchomp, F
|poke|p1|Mew
|poke|p1|Manectric, F
|poke|p1|Clefable, F
|poke|p2|Tyranitar, M
|poke|p2|Clefable, M
|poke|p2|Excadrill, M
|poke|p2|Garchomp, F
|poke|p2|Talonflame, M
|poke|p2|Azumarill, M
|rule|Swagger Clause: Swagger is banned
|rule|Baton Pass Clause: Limit three PokÃ©mon knowing Baton Pass
|rule|Sleep Clause Mod: Limit one foe put to sleep
|rule|Species Clause: Limit one of each PokÃ©mon
|rule|OHKO Clause: OHKO moves are banned
|rule|Moody Clause: Moody is banned
|rule|Evasion Moves Clause: Evasion moves are banned
|rule|Endless Battle Clause: Forcing endless battles is banned
|rule|HP Percentage Mod: HP is reported as percentages
|teampreview
|
|start
|switch|p1a: Diggersby|Diggersby, F|311\/311
|switch|p2a: Garchomp|Garchomp, F|357\/357
|turn|1
|
|move|p2a: Garchomp|Earthquake|p1a: Diggersby
|-damage|p1a: Diggersby|52\/311
|-damage|p2a: Garchomp|322\/357|[from] item: Life Orb
|move|p1a: Diggersby|Earthquake|p2a: Garchomp
|-damage|p2a: Garchomp|0 fnt
|faint|p2a: Garchomp
|
|
|switch|p2a: Talonflame|Talonflame, M|297\/297
|turn|2
|
|switch|p1a: Klefki|Klefki, F|318\/318
|move|p2a: Talonflame|Brave Bird|p1a: Klefki
|-resisted|p1a: Klefki
|-damage|p1a: Klefki|225\/318
|-damage|p2a: Talonflame|266\/297|[from] recoil|[of] p1a: Klefki
|
|-heal|p1a: Klefki|244\/318|[from] item: Leftovers
|turn|3
|
|switch|p2a: Excadrill|Excadrill, M|362\/362
|-item|p2a: Excadrill|Air Balloon
|move|p1a: Klefki|Spikes|p2a: Excadrill
|-sidestart|p2: BHARATH_THEBEST|Spikes
|
|-heal|p1a: Klefki|263\/318|[from] item: Leftovers
|turn|4
|
|switch|p1a: Mew|Mew|404\/404
|move|p2a: Excadrill|Earthquake|p1a: Mew
|-damage|p1a: Mew|206\/404
|
|-heal|p1a: Mew|231\/404|[from] item: Leftovers
|turn|5
|
|switch|p2a: Clefable|Clefable, M|394\/394
|move|p1a: Mew|Will-O-Wisp|p2a: Clefable
|-status|p2a: Clefable|brn
|
|-heal|p1a: Mew|256\/404|[from] item: Leftovers
|turn|6
|
|move|p1a: Mew|U-turn|p2a: Clefable
|-resisted|p2a: Clefable
|-damage|p2a: Clefable|370\/394 brn
|
|switch|p1a: Clefable|Clefable, F|394\/394
|move|p2a: Clefable|Calm Mind|p2a: Clefable
|-boost|p2a: Clefable|spa|1
|-boost|p2a: Clefable|spd|1
|
|-heal|p2a: Clefable|394\/394 brn|[from] item: Leftovers
|turn|7
|
|move|p2a: Clefable|Moonblast|p1a: Clefable
|-damage|p1a: Clefable|225\/394
|-unboost|p1a: Clefable|spa|1
|move|p1a: Clefable|Moonblast|p2a: Clefable
|-crit|p2a: Clefable
|-damage|p2a: Clefable|90\/394 brn
|
|-heal|p2a: Clefable|114\/394 brn|[from] item: Leftovers
|turn|8
|
|move|p2a: Clefable|Soft-Boiled|p2a: Clefable
|-heal|p2a: Clefable|311\/394 brn
|move|p1a: Clefable|Moonblast|p2a: Clefable
|-crit|p2a: Clefable
|-damage|p2a: Clefable|13\/394 brn
|
|-heal|p2a: Clefable|37\/394 brn|[from] item: Leftovers
|turn|9
|
|switch|p1a: Diggersby|Diggersby, F|52\/311
|move|p2a: Clefable|Soft-Boiled|p2a: Clefable
|-heal|p2a: Clefable|234\/394 brn
|
|-heal|p2a: Clefable|258\/394 brn|[from] item: Leftovers
|turn|10
|chat|BHARATH_THEBEST|wtf 
|
|move|p1a: Diggersby|Return|p2a: Clefable
|-crit|p2a: Clefable
|-damage|p2a: Clefable|0 fnt
|faint|p2a: Clefable
|
|
|switch|p2a: Talonflame|Talonflame, M|266\/297
|turn|11
|chat|DingleBerry|thats rough
|
|switch|p1a: Garchomp|Garchomp, F|357\/357
|move|p2a: Talonflame|Brave Bird|p1a: Garchomp
|-damage|p1a: Garchomp|134\/357
|-damage|p2a: Talonflame|229\/297|[from] ability: Rough Skin|[of] p1a: Garchomp
|-damage|p2a: Talonflame|155\/297|[from] recoil|[of] p1a: Garchomp
|
|turn|12
|chat|BHARATH_THEBEST|3 crits
|chat|BHARATH_THEBEST|in a row
|
|switch|p1a: Klefki|Klefki, F|263\/318
|move|p2a: Talonflame|Brave Bird|p1a: Klefki
|-resisted|p1a: Klefki
|-damage|p1a: Klefki|173\/318
|-damage|p2a: Talonflame|125\/297|[from] recoil|[of] p1a: Klefki
|
|-heal|p1a: Klefki|192\/318|[from] item: Leftovers
|turn|13
|chat|DingleBerry|i train my pokemon well
|
|switch|p2a: Excadrill|Excadrill, M|362\/362
|-item|p2a: Excadrill|Air Balloon
|switch|p1a: Garchomp|Garchomp, F|134\/357
|
|turn|14
|
|move|p1a: Garchomp|Fire Blast|p2a: Excadrill
|-supereffective|p2a: Excadrill
|-damage|p2a: Excadrill|148\/362
|-enditem|p2a: Excadrill|Air Balloon
|move|p2a: Excadrill|Rapid Spin|p1a: Garchomp
|-damage|p1a: Garchomp|106\/357
|-damage|p2a: Excadrill|103\/362|[from] ability: Rough Skin|[of] p1a: Garchomp
|-sideend|p2: BHARATH_THEBEST|Spikes|[from] move: Rapid Spin|[of] p2a: Excadrill
|
|turn|15
|
|switch|p2a: Azumarill|Azumarill, M|401\/401
|move|p1a: Garchomp|Stealth Rock|p2a: Azumarill
|-sidestart|p2: BHARATH_THEBEST|move: Stealth Rock
|
|turn|16
|
|move|p1a: Garchomp|Earthquake|p2a: Azumarill
|-damage|p2a: Azumarill|205\/401
|move|p2a: Azumarill|Waterfall|p1a: Garchomp
|-damage|p1a: Garchomp|0 fnt
|-damage|p2a: Azumarill|155\/401|[from] ability: Rough Skin|[of] p1a: Garchomp
|faint|p1a: Garchomp
|
|
|switch|p1a: Manectric|Manectric, F|281\/281
|turn|17
|
|detailschange|p1a: Manectric|Manectric-Mega, F
|message|Manectric has Mega Evolved into Mega Manectric!
|-ability|p1a: Manectric|Intimidate|[of] p2a: Azumarill
|-unboost|p2a: Azumarill|atk|1
|move|p2a: Azumarill|Aqua Jet|p1a: Manectric
|-damage|p1a: Manectric|209\/281
|move|p1a: Manectric|Thunderbolt|p2a: Azumarill
|-supereffective|p2a: Azumarill
|-damage|p2a: Azumarill|0 fnt
|faint|p2a: Azumarill
|
|
|switch|p2a: Tyranitar|Tyranitar, M|342\/342
|-damage|p2a: Tyranitar|300\/342|[from] Stealth Rock
|-weather|Sandstorm
|turn|18
|
|detailschange|p2a: Tyranitar|Tyranitar-Mega, M
|message|Tyranitar has Mega Evolved into Mega Tyranitar!
|move|p1a: Manectric|Volt Switch|p2a: Tyranitar
|-crit|p2a: Tyranitar
|-damage|p2a: Tyranitar|186\/342
|chat|BHARATH_THEBEST|fuck off
|
|switch|p1a: Klefki|Klefki, F|192\/318
|move|p2a: Tyranitar|Earthquake|p1a: Klefki
|-supereffective|p1a: Klefki
|-damage|p1a: Klefki|0 fnt
|faint|p1a: Klefki
|
|-weather|Sandstorm|[upkeep]
|
|switch|p1a: Mew|Mew|256\/404
|turn|19
|
|switch|p2a: Excadrill|Excadrill, M|103\/362
|-damage|p2a: Excadrill|92\/362|[from] Stealth Rock
|move|p1a: Mew|Will-O-Wisp|p2a: Excadrill
|-status|p2a: Excadrill|brn
|
|-weather|Sandstorm|[upkeep]
|-damage|p1a: Mew|231\/404|[from] sandstorm
|-heal|p1a: Mew|256\/404|[from] item: Leftovers
|-damage|p2a: Excadrill|47\/362 brn|[from] brn
|turn|20
|
|move|p2a: Excadrill|Rapid Spin|p1a: Mew
|-damage|p1a: Mew|243\/404
|-sideend|p2: BHARATH_THEBEST|Stealth Rock|[from] move: Rapid Spin|[of] p2a: Excadrill
|move|p1a: Mew|U-turn|p2a: Excadrill
|-resisted|p2a: Excadrill
|-damage|p2a: Excadrill|4\/362 brn
|
|switch|p1a: Diggersby|Diggersby, F|52\/311
|
|-weather|Sandstorm|[upkeep]
|-damage|p2a: Excadrill|0 fnt|[from] brn
|faint|p2a: Excadrill
|
|switch|p2a: Talonflame|Talonflame, M|125\/297
|turn|21
|
|move|p2a: Talonflame|Brave Bird|p1a: Diggersby
|-damage|p1a: Diggersby|0 fnt
|-damage|p2a: Talonflame|108\/297|[from] recoil|[of] p1a: Diggersby
|faint|p1a: Diggersby
|
|-weather|Sandstorm|[upkeep]
|-damage|p2a: Talonflame|90\/297|[from] sandstorm
|
|switch|p1a: Manectric|Manectric-Mega, F|209\/281
|-ability|p1a: Manectric|Intimidate|[of] p2a: Talonflame
|-unboost|p2a: Talonflame|atk|1
|turn|22
|
|move|p2a: Talonflame|Brave Bird|p1a: Manectric
|-resisted|p1a: Manectric
|-damage|p1a: Manectric|120\/281
|-damage|p2a: Talonflame|61\/297|[from] recoil|[of] p1a: Manectric
|move|p1a: Manectric|Thunderbolt|p2a: Talonflame
|-supereffective|p2a: Talonflame
|-damage|p2a: Talonflame|0 fnt
|faint|p2a: Talonflame
|
|-weather|none
|
|switch|p2a: Tyranitar|Tyranitar-Mega, M|186\/342
|-weather|Sandstorm
|turn|23
|
|move|p1a: Manectric|Thunderbolt|p2a: Tyranitar
|-damage|p2a: Tyranitar|90\/342
|move|p2a: Tyranitar|Dragon Dance|p2a: Tyranitar
|-boost|p2a: Tyranitar|atk|1
|-boost|p2a: Tyranitar|spe|1
|
|-weather|Sandstorm|[upkeep]
|-damage|p1a: Manectric|103\/281|[from] sandstorm
|turn|24
|
|move|p1a: Manectric|Thunderbolt|p2a: Tyranitar
|-damage|p2a: Tyranitar|0 fnt
|faint|p2a: Tyranitar
|
|win|DingleBerry
|raw|Ladder updating...
|raw|DingleBerry's rating: 1705 &rarr; <strong>1730<\/strong><br \/>(+25 for winning)
|raw|BHARATH_THEBEST's rating: 1779 &rarr; <strong>1755<\/strong><br \/>(-24 for losing)
|leave|DingleBerry
|player|p1