|join|BHARATH_THEBEST
|join|SilviuSantos
|player|p1|BHARATH_THEBEST|290
|player|p2|SilviuSantos|186
|gametype|singles
|gen|6
|tier|OU
|rated
|clearpoke
|poke|p1|Alomomola, F
|poke|p1|Raikou
|poke|p1|Landorus-Therian, M
|poke|p1|Kyurem-Black
|poke|p1|Charizard, F
|poke|p1|Latias, F
|poke|p2|Ferrothorn, F
|poke|p2|Azumarill, M
|poke|p2|Excadrill, M
|poke|p2|Raikou
|poke|p2|Mew
|poke|p2|Charizard, M
|rule|Swagger Clause: Swagger is banned
|rule|Baton Pass Clause: Limit one PokÃ©mon knowing Baton Pass
|rule|Sleep Clause Mod: Limit one foe put to sleep
|rule|Species Clause: Limit one of each PokÃ©mon
|rule|OHKO Clause: OHKO moves are banned
|rule|Moody Clause: Moody is banned
|rule|Evasion Moves Clause: Evasion moves are banned
|rule|Endless Battle Clause: Forcing endless battles is banned
|rule|HP Percentage Mod: HP is shown in percentages
|teampreview
|
|start
|switch|p1a: Charizard|Charizard, F|311\/311
|switch|p2a: Ferrothorn|Ferrothorn, F|352\/352
|turn|1
|
|switch|p2a: Mew|Mew|404\/404
|detailschange|p1a: Charizard|Charizard-Mega-X, F
|message|Charizard has Mega Evolved into Mega Charizard!
|move|p1a: Charizard|Flare Blitz|p2a: Mew
|-damage|p2a: Mew|89\/404
|-damage|p1a: Charizard|207\/311|[from] recoil|[of] p2a: Mew
|
|-heal|p2a: Mew|114\/404|[from] item: Leftovers
|turn|2
|
|move|p1a: Charizard|Flare Blitz|p2a: Mew
|-damage|p2a: Mew|0 fnt
|-damage|p1a: Charizard|169\/311|[from] recoil|[of] p2a: Mew
|faint|p2a: Mew
|
|
|switch|p2a: Azumarill|Azumarill, M|404\/404
|turn|3
|
|switch|p1a: Alomomola|Alomomola, F|529\/529
|move|p2a: Azumarill|Waterfall|p1a: Alomomola
|-resisted|p1a: Alomomola
|-damage|p1a: Alomomola|435\/529
|
|-heal|p1a: Alomomola|468\/529|[from] item: Leftovers
|turn|4
|
|switch|p1a: Charizard|Charizard-Mega-X, F|169\/311
|switch|p2a: Ferrothorn|Ferrothorn, F|352\/352
|
|turn|5
|
|switch|p2a: Azumarill|Azumarill, M|404\/404
|move|p1a: Charizard|Flare Blitz|p2a: Azumarill
|-resisted|p2a: Azumarill
|-damage|p2a: Azumarill|213\/404
|-damage|p1a: Charizard|106\/311|[from] recoil|[of] p2a: Azumarill
|
|turn|6
|
|switch|p1a: Alomomola|Alomomola, F|529\/529
|move|p2a: Azumarill|Knock Off|p1a: Alomomola
|-damage|p1a: Alomomola|356\/529
|-enditem|p1a: Alomomola|Leftovers|[from] move: Knock Off|[of] p2a: Azumarill
|
|turn|7
|
|move|p1a: Alomomola|Scald|p2a: Azumarill
|-resisted|p2a: Azumarill
|-damage|p2a: Azumarill|193\/404
|move|p2a: Azumarill|Play Rough|p1a: Alomomola
|-damage|p1a: Alomomola|122\/529
|
|turn|8
|
|switch|p1a: Landorus-Therian|Landorus-Therian, M|382\/382
|-ability|p1a: Landorus-Therian|Intimidate|[of] p2a: Azumarill
|-unboost|p2a: Azumarill|atk|1
|move|p2a: Azumarill|Waterfall|p1a: Landorus-Therian
|-supereffective|p1a: Landorus-Therian
|-damage|p1a: Landorus-Therian|154\/382
|
|-heal|p1a: Landorus-Therian|177\/382|[from] item: Leftovers
|turn|9
|
|switch|p2a: Ferrothorn|Ferrothorn, F|352\/352
|move|p1a: Landorus-Therian|Earthquake|p2a: Ferrothorn
|-damage|p2a: Ferrothorn|250\/352
|
|-heal|p1a: Landorus-Therian|200\/382|[from] item: Leftovers
|-heal|p2a: Ferrothorn|272\/352|[from] item: Leftovers
|turn|10
|
|switch|p1a: Charizard|Charizard-Mega-X, F|106\/311
|move|p2a: Ferrothorn|Thunder Wave|p1a: Charizard
|-status|p1a: Charizard|par
|
|-heal|p2a: Ferrothorn|294\/352|[from] item: Leftovers
|turn|11
|
|switch|p2a: Charizard|Charizard, M|297\/297
|move|p1a: Charizard|Roost|p1a: Charizard
|-heal|p1a: Charizard|262\/311 par
|
|turn|12
|
|switch|p1a: Raikou|Raikou|321\/321
|-ability|p1a: Raikou|Pressure
|detailschange|p2a: Charizard|Charizard-Mega-Y, M
|message|Charizard has Mega Evolved into Mega Charizard!
|-weather|SunnyDay
|move|p2a: Charizard|Focus Blast|p1a: Raikou
|-damage|p1a: Raikou|169\/321
|
|-weather|SunnyDay|[upkeep]
|turn|13
|
|switch|p1a: Kyurem-Black|Kyurem-Black|391\/391
|-ability|p1a: Kyurem-Black|Teravolt
|switch|p2a: Raikou|Raikou|321\/321
|-ability|p2a: Raikou|Pressure
|
|-weather|SunnyDay|[upkeep]
|turn|14
|
|move|p1a: Kyurem-Black|Hidden Power|p2a: Raikou
|-damage|p2a: Raikou|261\/321
|move|p2a: Raikou|Volt Switch|p1a: Kyurem-Black
|-resisted|p1a: Kyurem-Black
|-damage|p1a: Kyurem-Black|319\/391
|
|switch|p2a: Charizard|Charizard-Mega-Y, M|297\/297
|
|-weather|SunnyDay|[upkeep]
|turn|15
|
|switch|p1a: Charizard|Charizard-Mega-X, F|262\/311 par
|move|p2a: Charizard|Fire Blast|p1a: Charizard
|-resisted|p1a: Charizard
|-damage|p1a: Charizard|168\/311 par
|
|-weather|SunnyDay|[upkeep]
|turn|16
|
|move|p2a: Charizard|Focus Blast|p1a: Charizard
|-damage|p1a: Charizard|0 fnt
|faint|p1a: Charizard
|
|-weather|none
|
|switch|p1a: Latias|Latias, F|319\/319
|turn|17
|
|switch|p2a: Ferrothorn|Ferrothorn, F|294\/352
|move|p1a: Latias|Draco Meteor|p2a: Ferrothorn
|-resisted|p2a: Ferrothorn
|-damage|p2a: Ferrothorn|190\/352
|-unboost|p1a: Latias|spa|2
|-damage|p1a: Latias|288\/319|[from] item: Life Orb
|
|-heal|p2a: Ferrothorn|212\/352|[from] item: Leftovers
|turn|18
|
|switch|p1a: Landorus-Therian|Landorus-Therian, M|200\/382
|-ability|p1a: Landorus-Therian|Intimidate|[of] p2a: Ferrothorn
|-unboost|p2a: Ferrothorn|atk|1
|move|p2a: Ferrothorn|Leech Seed|p1a: Landorus-Therian
|-start|p1a: Landorus-Therian|move: Leech Seed
|
|-heal|p1a: Landorus-Therian|223\/382|[from] item: Leftovers
|-heal|p2a: Ferrothorn|234\/352|[from] item: Leftovers
|-damage|p1a: Landorus-Therian|176\/382|[from] Leech Seed|[of] p2a: Ferrothorn
|-heal|p2a: Ferrothorn|281\/352|[silent]
|turn|19
|
|move|p1a: Landorus-Therian|Stealth Rock|p2a: Ferrothorn
|-sidestart|p2: SilviuSantos|move: Stealth Rock
|move|p2a: Ferrothorn|Power Whip|p1a: Landorus-Therian
|-damage|p1a: Landorus-Therian|91\/382
|
|-heal|p1a: Landorus-Therian|114\/382|[from] item: Leftovers
|-heal|p2a: Ferrothorn|303\/352|[from] item: Leftovers
|-damage|p1a: Landorus-Therian|67\/382|[from] Leech Seed|[of] p2a: Ferrothorn
|-heal|p2a: Ferrothorn|350\/352|[silent]
|turn|20
|
|move|p1a: Landorus-Therian|Earthquake|p2a: Ferrothorn
|-damage|p2a: Ferrothorn|247\/352
|move|p2a: Ferrothorn|Thunder Wave|p1a: Landorus-Therian
|-immune|p1a: Landorus-Therian|[msg]
|
|-heal|p1a: Landorus-Therian|90\/382|[from] item: Leftovers
|-heal|p2a: Ferrothorn|269\/352|[from] item: Leftovers
|-damage|p1a: Landorus-Therian|43\/382|[from] Leech Seed|[of] p2a: Ferrothorn
|-heal|p2a: Ferrothorn|316\/352|[silent]
|turn|21
|
|switch|p2a: Excadrill|Excadrill, M|361\/361
|-damage|p2a: Excadrill|350\/361|[from] Stealth Rock
|-ability|p2a: Excadrill|Mold Breaker
|-item|p2a: Excadrill|Air Balloon
|move|p1a: Landorus-Therian|Earthquake|p2a: Excadrill
|-immune|p2a: Excadrill|[msg]
|
|-heal|p1a: Landorus-Therian|66\/382|[from] item: Leftovers
|-damage|p1a: Landorus-Therian|19\/382|[from] Leech Seed|[of] p2a: Excadrill
|-heal|p2a: Excadrill|361\/361|[silent]
|turn|22
|
|move|p2a: Excadrill|Rapid Spin|p1a: Landorus-Therian
|-damage|p1a: Landorus-Therian|0 fnt
|-sideend|p2: SilviuSantos|Stealth Rock|[from] move: Rapid Spin|[of] p2a: Excadrill
|faint|p1a: Landorus-Therian
|
|
|switch|p1a: Alomomola|Alomomola, F|298\/529
|turn|23
|
|move|p2a: Excadrill|Stealth Rock|p1a: Alomomola
|-sidestart|p1: BHARATH_THEBEST|move: Stealth Rock
|move|p1a: Alomomola|Scald|p2a: Excadrill
|-supereffective|p2a: Excadrill
|-damage|p2a: Excadrill|229\/361
|-enditem|p2a: Excadrill|Air Balloon
|-status|p2a: Excadrill|brn
|
|-damage|p2a: Excadrill|184\/361 brn|[from] brn
|turn|24
|
|switch|p1a: Latias|Latias, F|288\/319
|-damage|p1a: Latias|249\/319|[from] Stealth Rock
|move|p2a: Excadrill|Earthquake|p1a: Latias
|-damage|p1a: Latias|140\/319
|
|-damage|p2a: Excadrill|139\/361 brn|[from] brn
|turn|25
|
|move|p1a: Latias|Defog|p2a: Excadrill
|-unboost|p2a: Excadrill|evasion|1
|-sideend|p1: BHARATH_THEBEST|Stealth Rock|[from] move: Defog|[of] p1a: Latias
|move|p2a: Excadrill|Earthquake|p1a: Latias
|-damage|p1a: Latias|37\/319
|
|-damage|p2a: Excadrill|94\/361 brn|[from] brn
|turn|26
|
|switch|p2a: Ferrothorn|Ferrothorn, F|316\/352
|move|p1a: Latias|Roost|p1a: Latias
|-heal|p1a: Latias|197\/319
|
|-heal|p2a: Ferrothorn|338\/352|[from] item: Leftovers
|turn|27
|
|move|p1a: Latias|Draco Meteor|p2a: Ferrothorn
|-resisted|p2a: Ferrothorn
|-damage|p2a: Ferrothorn|230\/352
|-unboost|p1a: Latias|spa|2
|-damage|p1a: Latias|166\/319|[from] item: Life Orb
|move|p2a: Ferrothorn|Leech Seed|p1a: Latias
|-start|p1a: Latias|move: Leech Seed
|
|-heal|p2a: Ferrothorn|252\/352|[from] item: Leftovers
|-damage|p1a: Latias|127\/319|[from] Leech Seed|[of] p2a: Ferrothorn
|-heal|p2a: Ferrothorn|291\/352|[silent]
|turn|28
|
|switch|p1a: Kyurem-Black|Kyurem-Black|319\/391
|-ability|p1a: Kyurem-Black|Teravolt
|move|p2a: Ferrothorn|Thunder Wave|p1a: Kyurem-Black
|-status|p1a: Kyurem-Black|par
|
|-heal|p2a: Ferrothorn|313\/352|[from] item: Leftovers
|turn|29
|
|switch|p2a: Charizard|Charizard-Mega-Y, M|297\/297
|-weather|SunnyDay
|cant|p1a: Kyurem-Black|par
|
|-weather|SunnyDay|[upkeep]
|turn|30
|
|move|p2a: Charizard|Fire Blast|p1a: Kyurem-Black|[miss]
|-miss|p2a: Charizard|p1a: Kyurem-Black
|cant|p1a: Kyurem-Black|par
|
|-weather|SunnyDay|[upkeep]
|turn|31
|
|move|p2a: Charizard|Fire Blast|p1a: Kyurem-Black|[miss]
|-miss|p2a: Charizard|p1a: Kyurem-Black
|move|p1a: Kyurem-Black|Fusion Bolt|p2a: Charizard
|-supereffective|p2a: Charizard
|-damage|p2a: Charizard|0 fnt
|faint|p2a: Charizard
|
|-weather|SunnyDay|[upkeep]
|
|switch|p2a: Excadrill|Excadrill, M|94\/361 brn
|-ability|p2a: Excadrill|Mold Breaker
|turn|32
|
|switch|p1a: Alomomola|Alomomola, F|474\/529
|move|p2a: Excadrill|Stealth Rock|p1a: Alomomola
|-sidestart|p1: BHARATH_THEBEST|move: Stealth Rock
|
|-weather|SunnyDay|[upkeep]
|-damage|p2a: Excadrill|49\/361 brn|[from] brn
|turn|33
|
|move|p2a: Excadrill|Earthquake|p1a: Alomomola
|-damage|p1a: Alomomola|363\/529
|move|p1a: Alomomola|Wish|p1a: Alomomola
|
|-weather|none
|-damage|p2a: Excadrill|4\/361 brn|[from] brn
|turn|34
|
|switch|p1a: Kyurem-Black|Kyurem-Black|319\/391 par
|-damage|p1a: Kyurem-Black|222\/391 par|[from] Stealth Rock
|-ability|p1a: Kyurem-Black|Teravolt
|move|p2a: Excadrill|Earthquake|p1a: Kyurem-Black
|-damage|p1a: Kyurem-Black|135\/391 par
|
|-heal|p1a: Kyurem-Black|391\/391 par|[from] move: Wish|[wisher] Alomomola
|-damage|p2a: Excadrill|0 fnt|[from] brn
|faint|p2a: Excadrill
|
|switch|p2a: Azumarill|Azumarill, M|193\/404
|turn|35
|
|move|p2a: Azumarill|Play Rough|p1a: Kyurem-Black|[miss]
|-miss|p2a: Azumarill|p1a: Kyurem-Black
|cant|p1a: Kyurem-Black|par
|
|turn|36
|
|switch|p1a: Alomomola|Alomomola, F|529\/529
|-damage|p1a: Alomomola|463\/529|[from] Stealth Rock
|move|p2a: Azumarill|Play Rough|p1a: Alomomola
|-damage|p1a: Alomomola|237\/529
|
|turn|37
|
|move|p1a: Alomomola|Toxic|p2a: Azumarill
|-status|p2a: Azumarill|tox
|move|p2a: Azumarill|Play Rough|p1a: Alomomola
|-damage|p1a: Alomomola|27\/529
|
|-damage|p2a: Azumarill|168\/404 tox|[from] psn
|turn|38
|
|switch|p2a: Raikou|Raikou|261\/321
|-ability|p2a: Raikou|Pressure
|move|p1a: Alomomola|Protect|p1a: Alomomola
|-fail|p1a: Alomomola
|
|turn|39
|
|move|p2a: Raikou|Extrasensory|p1a: Alomomola
|-damage|p1a: Alomomola|0 fnt
|faint|p1a: Alomomola
|
|
|switch|p1a: Raikou|Raikou|169\/321
|-damage|p1a: Raikou|129\/321|[from] Stealth Rock
|-ability|p1a: Raikou|Pressure
|turn|40
|
|move|p1a: Raikou|Shadow Ball|p2a: Raikou
|-damage|p2a: Raikou|169\/321
|move|p2a: Raikou|Extrasensory|p1a: Raikou
|-damage|p1a: Raikou|48\/321
|
|turn|41
|
|move|p1a: Raikou|Shadow Ball|p2a: Raikou
|-damage|p2a: Raikou|88\/321
|move|p2a: Raikou|Extrasensory|p1a: Raikou
|-damage|p1a: Raikou|0 fnt
|faint|p1a: Raikou
|
|
|switch|p1a: Kyurem-Black|Kyurem-Black|391\/391 par
|-damage|p1a: Kyurem-Black|294\/391 par|[from] Stealth Rock
|-ability|p1a: Kyurem-Black|Teravolt
|turn|42
|
|move|p2a: Raikou|Volt Switch|p1a: Kyurem-Black
|-resisted|p1a: Kyurem-Black
|-damage|p1a: Kyurem-Black|227\/391 par
|
|switch|p2a: Ferrothorn|Ferrothorn, F|313\/352
|cant|p1a: Kyurem-Black|par
|
|-heal|p2a: Ferrothorn|335\/352|[from] item: Leftovers
|turn|43
|
|cant|p1a: Kyurem-Black|par
|move|p2a: Ferrothorn|Power Whip|p1a: Kyurem-Black
|-resisted|p1a: Kyurem-Black
|-damage|p1a: Kyurem-Black|164\/391 par
|
|-heal|p2a: Ferrothorn|352\/352|[from] item: Leftovers
|turn|44
|
|switch|p2a: Azumarill|Azumarill, M|168\/404 tox
|cant|p1a: Kyurem-Black|par
|
|-damage|p2a: Azumarill|143\/404 tox|[from] psn
|turn|45
|
|move|p2a: Azumarill|Knock Off|p1a: Kyurem-Black
|-damage|p1a: Kyurem-Black|26\/391 par
|-enditem|p1a: Kyurem-Black|Choice Scarf|[from] move: Knock Off|[of] p2a: Azumarill
|move|p1a: Kyurem-Black|Fusion Bolt|p2a: Azumarill
|-supereffective|p2a: Azumarill
|-damage|p2a: Azumarill|0 fnt
|faint|p2a: Azumarill
|
|
|switch|p2a: Raikou|Raikou|88\/321
|-ability|p2a: Raikou|Pressure
|turn|46
|
|move|p2a: Raikou|Extrasensory|p1a: Kyurem-Black
|-damage|p1a: Kyurem-Black|0 fnt
|faint|p1a: Kyurem-Black
|
|
|switch|p1a: Latias|Latias, F|127\/319
|-damage|p1a: Latias|88\/319|[from] Stealth Rock
|turn|47
|
|move|p2a: Raikou|Hidden Power|p1a: Latias
|-supereffective|p1a: Latias
|-damage|p1a: Latias|0 fnt
|faint|p1a: Latias
|
|win|SilviuSantos
|raw|Ladder updating...
|raw|BHARATH_THEBEST's rating: 1542 &rarr; <strong>1515<\/strong><br \/>(-27 for losing)
|raw|SilviuSantos's rating: 1414 &rarr; <strong>1441<\/strong><br \/>(+27 for winning)
|c|âSilviuSantos|gg
|c|âBHARATH_THEBEST|gg
|leave|BHARATH_THEBEST
|player|p1
|leave|SilviuSantos
|player|p2
|join|SilviuSantos