|join|BHARATH_THEBEST
|join|poasoo
|player|p1|BHARATH_THEBEST|290
|player|p2|poasoo|266
|gametype|singles
|gen|6
|tier|OU
|rated
|clearpoke
|poke|p1|Tyranitar, M
|poke|p1|Clefable, F
|poke|p1|Excadrill, F
|poke|p1|Garchomp, M
|poke|p1|Talonflame, F
|poke|p1|Azumarill, M
|poke|p2|Aegislash, F
|poke|p2|Chansey, F
|poke|p2|Venusaur, F
|poke|p2|Skarmory, M
|poke|p2|Keldeo
|poke|p2|Landorus-Therian, M
|rule|Swagger Clause: Swagger is banned
|rule|Baton Pass Clause: Limit three PokÃ©mon knowing Baton Pass
|rule|Sleep Clause Mod: Limit one foe put to sleep
|rule|Species Clause: Limit one of each PokÃ©mon
|rule|OHKO Clause: OHKO moves are banned
|rule|Moody Clause: Moody is banned
|rule|Evasion Moves Clause: Evasion moves are banned
|rule|Endless Battle Clause: Forcing endless battles is banned
|rule|HP Percentage Mod: HP is reported as percentages
|teampreview
|
|start
|switch|p1a: Garchomp|Garchomp, M|357\/357
|switch|p2a: Landorus-Therian|Landorus-Therian, M|321\/321
|-ability|p2a: Landorus-Therian|Intimidate|[of] p1a: Garchomp
|-unboost|p1a: Garchomp|atk|1
|turn|1
|
|move|p2a: Landorus-Therian|U-turn|p1a: Garchomp
|-damage|p1a: Garchomp|258\/357
|-damage|p2a: Landorus-Therian|281\/321|[from] ability: Rough Skin|[of] p1a: Garchomp
|
|switch|p2a: Skarmory|Skarmory, M|334\/334
|move|p1a: Garchomp|Stealth Rock|p2a: Skarmory
|-sidestart|p2: poasoo|move: Stealth Rock
|
|turn|2
|
|move|p1a: Garchomp|Fire Blast|p2a: Skarmory
|-crit|p2a: Skarmory
|-supereffective|p2a: Skarmory
|-activate|p2a: Skarmory|Sturdy
|-damage|p2a: Skarmory|1\/334
|-damage|p1a: Garchomp|223\/357|[from] item: Life Orb
|move|p2a: Skarmory|Defog|p1a: Garchomp
|-unboost|p1a: Garchomp|evasion|1
|-sideend|p2: poasoo|Stealth Rock|[from] move: Defog|[of] p2a: Skarmory
|
|turn|3
|
|switch|p2a: Chansey|Chansey, F|704\/704
|move|p1a: Garchomp|Stealth Rock|p2a: Chansey
|-sidestart|p2: poasoo|move: Stealth Rock
|
|turn|4
|
|switch|p1a: Clefable|Clefable, F|394\/394
|move|p2a: Chansey|Stealth Rock|p1a: Clefable
|-sidestart|p1: BHARATH_THEBEST|move: Stealth Rock
|
|turn|5
|
|move|p1a: Clefable|Calm Mind|p1a: Clefable
|-boost|p1a: Clefable|spa|1
|-boost|p1a: Clefable|spd|1
|move|p2a: Chansey|Thunder Wave|p1a: Clefable
|-status|p1a: Clefable|par
|
|turn|6
|
|move|p2a: Chansey|Seismic Toss|p1a: Clefable
|-damage|p1a: Clefable|294\/394 par
|cant|p1a: Clefable|par
|
|-heal|p1a: Clefable|318\/394 par|[from] item: Leftovers
|turn|7
|
|move|p2a: Chansey|Seismic Toss|p1a: Clefable
|-damage|p1a: Clefable|218\/394 par
|move|p1a: Clefable|Calm Mind|p1a: Clefable
|-boost|p1a: Clefable|spa|1
|-boost|p1a: Clefable|spd|1
|
|-heal|p1a: Clefable|242\/394 par|[from] item: Leftovers
|turn|8
|
|switch|p2a: Landorus-Therian|Landorus-Therian, M|281\/321
|-damage|p2a: Landorus-Therian|241\/321|[from] Stealth Rock
|-ability|p2a: Landorus-Therian|Intimidate|[of] p1a: Clefable
|-unboost|p1a: Clefable|atk|1
|move|p1a: Clefable|Soft-Boiled|p1a: Clefable
|-heal|p1a: Clefable|394\/394 par
|
|turn|9
|
|move|p2a: Landorus-Therian|Knock Off|p1a: Clefable
|-resisted|p1a: Clefable
|-damage|p1a: Clefable|336\/394 par
|-enditem|p1a: Clefable|Leftovers|[from] move: Knock Off|[of] p2a: Landorus-Therian
|move|p1a: Clefable|Moonblast|p2a: Landorus-Therian
|-damage|p2a: Landorus-Therian|0 fnt
|faint|p2a: Landorus-Therian
|
|
|switch|p2a: Chansey|Chansey, F|704\/704
|-damage|p2a: Chansey|616\/704|[from] Stealth Rock
|turn|10
|
|move|p2a: Chansey|Seismic Toss|p1a: Clefable
|-damage|p1a: Clefable|236\/394 par
|move|p1a: Clefable|Calm Mind|p1a: Clefable
|-boost|p1a: Clefable|spa|1
|-boost|p1a: Clefable|spd|1
|
|turn|11
|
|move|p2a: Chansey|Seismic Toss|p1a: Clefable
|-damage|p1a: Clefable|136\/394 par
|move|p1a: Clefable|Soft-Boiled|p1a: Clefable
|-heal|p1a: Clefable|333\/394 par
|
|turn|12
|
|move|p2a: Chansey|Seismic Toss|p1a: Clefable
|-damage|p1a: Clefable|233\/394 par
|cant|p1a: Clefable|par
|
|turn|13
|
|move|p2a: Chansey|Seismic Toss|p1a: Clefable
|-damage|p1a: Clefable|133\/394 par
|move|p1a: Clefable|Soft-Boiled|p1a: Clefable
|-heal|p1a: Clefable|330\/394 par
|
|turn|14
|
|move|p2a: Chansey|Seismic Toss|p1a: Clefable
|-damage|p1a: Clefable|230\/394 par
|move|p1a: Clefable|Calm Mind|p1a: Clefable
|-boost|p1a: Clefable|spa|1
|-boost|p1a: Clefable|spd|1
|
|turn|15
|
|move|p2a: Chansey|Seismic Toss|p1a: Clefable
|-damage|p1a: Clefable|130\/394 par
|move|p1a: Clefable|Soft-Boiled|p1a: Clefable
|-heal|p1a: Clefable|327\/394 par
|
|turn|16
|
|move|p2a: Chansey|Seismic Toss|p1a: Clefable
|-damage|p1a: Clefable|227\/394 par
|move|p1a: Clefable|Moonblast|p2a: Chansey
|-damage|p2a: Chansey|411\/704
|
|turn|17
|
|move|p2a: Chansey|Seismic Toss|p1a: Clefable
|-damage|p1a: Clefable|127\/394 par
|move|p1a: Clefable|Soft-Boiled|p1a: Clefable
|-heal|p1a: Clefable|324\/394 par
|
|turn|18
|
|move|p2a: Chansey|Soft-Boiled|p2a: Chansey
|-heal|p2a: Chansey|704\/704
|cant|p1a: Clefable|par
|
|turn|19
|
|move|p2a: Chansey|Seismic Toss|p1a: Clefable
|-damage|p1a: Clefable|224\/394 par
|cant|p1a: Clefable|par
|
|turn|20
|
|move|p2a: Chansey|Seismic Toss|p1a: Clefable
|-damage|p1a: Clefable|124\/394 par
|move|p1a: Clefable|Soft-Boiled|p1a: Clefable
|-heal|p1a: Clefable|321\/394 par
|
|turn|21
|
|move|p2a: Chansey|Seismic Toss|p1a: Clefable
|-damage|p1a: Clefable|221\/394 par
|move|p1a: Clefable|Calm Mind|p1a: Clefable
|-boost|p1a: Clefable|spa|1
|-boost|p1a: Clefable|spd|1
|
|turn|22
|
|move|p2a: Chansey|Seismic Toss|p1a: Clefable
|-damage|p1a: Clefable|121\/394 par
|cant|p1a: Clefable|par
|
|turn|23
|
|move|p2a: Chansey|Seismic Toss|p1a: Clefable
|-damage|p1a: Clefable|21\/394 par
|move|p1a: Clefable|Soft-Boiled|p1a: Clefable
|-heal|p1a: Clefable|218\/394 par
|
|turn|24
|
|move|p2a: Chansey|Seismic Toss|p1a: Clefable
|-damage|p1a: Clefable|118\/394 par
|move|p1a: Clefable|Soft-Boiled|p1a: Clefable
|-heal|p1a: Clefable|315\/394 par
|
|turn|25
|
|move|p2a: Chansey|Seismic Toss|p1a: Clefable
|-damage|p1a: Clefable|215\/394 par
|move|p1a: Clefable|Soft-Boiled|p1a: Clefable
|-heal|p1a: Clefable|394\/394 par
|
|turn|26
|
|move|p2a: Chansey|Seismic Toss|p1a: Clefable
|-damage|p1a: Clefable|294\/394 par
|move|p1a: Clefable|Calm Mind|p1a: Clefable
|-boost|p1a: Clefable|spa|1
|-boost|p1a: Clefable|spd|1
|
|turn|27
|
|move|p2a: Chansey|Seismic Toss|p1a: Clefable
|-damage|p1a: Clefable|194\/394 par
|move|p1a: Clefable|Flamethrower|p2a: Chansey
|-damage|p2a: Chansey|526\/704
|
|turn|28
|
|move|p2a: Chansey|Seismic Toss|p1a: Clefable
|-damage|p1a: Clefable|94\/394 par
|cant|p1a: Clefable|par
|
|turn|29
|
|move|p2a: Chansey|Seismic Toss|p1a: Clefable
|-damage|p1a: Clefable|0 fnt
|faint|p1a: Clefable
|
|
|switch|p1a: Excadrill|Excadrill, F|362\/362
|-damage|p1a: Excadrill|351\/362|[from] Stealth Rock
|-item|p1a: Excadrill|Air Balloon
|turn|30
|
|switch|p1a: Tyranitar|Tyranitar, M|342\/342
|-damage|p1a: Tyranitar|300\/342|[from] Stealth Rock
|-weather|Sandstorm
|switch|p2a: Skarmory|Skarmory, M|1\/334
|-damage|p2a: Skarmory|0 fnt|[from] Stealth Rock
|faint|p2a: Skarmory
|
|-weather|Sandstorm|[upkeep]
|
|switch|p2a: Keldeo|Keldeo|323\/323
|-damage|p2a: Keldeo|303\/323|[from] Stealth Rock
|turn|31
|
|switch|p1a: Azumarill|Azumarill, M|401\/401
|-damage|p1a: Azumarill|351\/401|[from] Stealth Rock
|move|p2a: Keldeo|Secret Sword|p1a: Azumarill
|-resisted|p1a: Azumarill
|-damage|p1a: Azumarill|210\/401
|
|-weather|Sandstorm|[upkeep]
|-damage|p2a: Keldeo|283\/323|[from] sandstorm
|-damage|p1a: Azumarill|185\/401|[from] sandstorm
|turn|32
|
|switch|p2a: Aegislash|Aegislash, F|322\/322
|-damage|p2a: Aegislash|302\/322|[from] Stealth Rock
|move|p1a: Azumarill|Knock Off|p2a: Aegislash
|-supereffective|p2a: Aegislash
|-damage|p2a: Aegislash|100\/322
|-enditem|p2a: Aegislash|Leftovers|[from] move: Knock Off|[of] p1a: Azumarill
|
|-weather|Sandstorm|[upkeep]
|-damage|p1a: Azumarill|160\/401|[from] sandstorm
|turn|33
|
|switch|p1a: Excadrill|Excadrill, F|351\/362
|-damage|p1a: Excadrill|340\/362|[from] Stealth Rock
|-item|p1a: Excadrill|Air Balloon
|move|p2a: Aegislash|King's Shield|p2a: Aegislash
|-fail|p2a: Aegislash
|
|-weather|Sandstorm|[upkeep]
|turn|34
|
|move|p1a: Excadrill|Earthquake|p2a: Aegislash
|-supereffective|p2a: Aegislash
|-damage|p2a: Aegislash|0 fnt
|faint|p2a: Aegislash
|
|-weather|none
|
|switch|p2a: Keldeo|Keldeo|283\/323
|-damage|p2a: Keldeo|263\/323|[from] Stealth Rock
|turn|35
|
|move|p2a: Keldeo|Secret Sword|p1a: Excadrill
|-supereffective|p1a: Excadrill
|-damage|p1a: Excadrill|0 fnt
|-enditem|p1a: Excadrill|Air Balloon
|faint|p1a: Excadrill
|
|
|switch|p1a: Talonflame|Talonflame, F|297\/297
|-damage|p1a: Talonflame|149\/297|[from] Stealth Rock
|turn|36
|
|switch|p2a: Chansey|Chansey, F|526\/704
|-damage|p2a: Chansey|438\/704|[from] Stealth Rock
|move|p1a: Talonflame|Brave Bird|p2a: Chansey
|-damage|p2a: Chansey|152\/704
|-damage|p1a: Talonflame|55\/297|[from] recoil|[of] p2a: Chansey
|
|turn|37
|
|move|p1a: Talonflame|Brave Bird|p2a: Chansey
|-damage|p2a: Chansey|0 fnt
|-damage|p1a: Talonflame|5\/297|[from] recoil|[of] p2a: Chansey
|faint|p2a: Chansey
|
|
|switch|p2a: Venusaur|Venusaur, F|364\/364
|-damage|p2a: Venusaur|319\/364|[from] Stealth Rock
|turn|38
|
|detailschange|p2a: Venusaur|Venusaur-Mega, F
|message|Venusaur has Mega Evolved into Mega Venusaur!
|move|p1a: Talonflame|Brave Bird|p2a: Venusaur
|-supereffective|p2a: Venusaur
|-damage|p2a: Venusaur|0 fnt
|-damage|p1a: Talonflame|0 fnt|[from] recoil|[of] p2a: Venusaur
|faint|p2a: Venusaur
|faint|p1a: Talonflame
|
|
|switch|p2a: Keldeo|Keldeo|263\/323
|-damage|p2a: Keldeo|243\/323|[from] Stealth Rock
|switch|p1a: Azumarill|Azumarill, M|160\/401
|-damage|p1a: Azumarill|110\/401|[from] Stealth Rock
|turn|39
|
|move|p1a: Azumarill|Aqua Jet|p2a: Keldeo
|-resisted|p2a: Keldeo
|-damage|p2a: Keldeo|194\/323
|move|p2a: Keldeo|Secret Sword|p1a: Azumarill
|-crit|p1a: Azumarill
|-resisted|p1a: Azumarill
|-damage|p1a: Azumarill|0 fnt
|faint|p1a: Azumarill
|
|
|switch|p1a: Garchomp|Garchomp, M|223\/357
|-damage|p1a: Garchomp|201\/357|[from] Stealth Rock
|turn|40
|
|move|p2a: Keldeo|Secret Sword|p1a: Garchomp
|-damage|p1a: Garchomp|0 fnt
|faint|p1a: Garchomp
|
|
|switch|p1a: Tyranitar|Tyranitar, M|300\/342
|-damage|p1a: Tyranitar|258\/342|[from] Stealth Rock
|-weather|Sandstorm
|turn|41
|chat|BHARATH_THEBEST|gg
|
|detailschange|p1a: Tyranitar|Tyranitar-Mega, M
|message|Tyranitar has Mega Evolved into Mega Tyranitar!
|move|p2a: Keldeo|Secret Sword|p1a: Tyranitar
|-supereffective|p1a: Tyranitar
|-damage|p1a: Tyranitar|0 fnt
|faint|p1a: Tyranitar
|
|win|poasoo
|raw|Ladder updating...
|raw|BHARATH_THEBEST's rating: 1710 &rarr; <strong>1686<\/strong><br \/>(-24 for losing)
|raw|poasoo's rating: 1632 &rarr; <strong>1656<\/strong><br \/>(+24 for winning)
|chat|poasoo|damn
|chat|poasoo|gg