|join|BHARATH_THEBEST
|join|FlashyZoey
|player|p1|BHARATH_THEBEST|290
|player|p2|FlashyZoey|33
|gametype|singles
|gen|6
|tier|OU
|rated
|clearpoke
|poke|p1|Tyranitar, M
|poke|p1|Excadrill, M
|poke|p1|Latios, M
|poke|p1|Mawile, M
|poke|p1|Talonflame, F
|poke|p1|Dragonite, M
|poke|p2|Talonflame, M
|poke|p2|Latias, F
|poke|p2|Ditto
|poke|p2|Magnezone
|poke|p2|Dugtrio, F
|poke|p2|Manaphy
|rule|Swagger Clause: Swagger is banned
|rule|Baton Pass Clause: Limit one PokÃ©mon knowing Baton Pass
|rule|Sleep Clause Mod: Limit one foe put to sleep
|rule|Species Clause: Limit one of each PokÃ©mon
|rule|OHKO Clause: OHKO moves are banned
|rule|Moody Clause: Moody is banned
|rule|Evasion Moves Clause: Evasion moves are banned
|rule|Endless Battle Clause: Forcing endless battles is banned
|rule|HP Percentage Mod: HP is shown in percentages
|teampreview
|
|start
|switch|p1a: FABULOUS|Talonflame, F|298\/298
|switch|p2a: Ditto|Ditto|299\/299
|-transform|p2a: Ditto|p1a: FABULOUS
|turn|1
|
|move|p1a: FABULOUS|Brave Bird|p2a: Ditto
|-damage|p2a: Ditto|16\/299
|-damage|p1a: FABULOUS|205\/298|[from] recoil|[of] p2a: Ditto
|move|p2a: Ditto|U-turn|p1a: FABULOUS
|-resisted|p1a: FABULOUS
|-damage|p1a: FABULOUS|185\/298
|
|switch|p2a: Magnezone|Magnezone|281\/281
|
|turn|2
|
|switch|p1a: tyranitard|Tyranitar, M|404\/404
|-weather|Sandstorm
|move|p2a: Magnezone|Volt Switch|p1a: tyranitard
|-damage|p1a: tyranitard|314\/404
|
|switch|p2a: Dugtrio|Dugtrio, F|207\/207
|
|-weather|Sandstorm|[upkeep]
|turn|3
|
|move|p2a: Dugtrio|Earthquake|p1a: tyranitard
|-supereffective|p1a: tyranitard
|-damage|p1a: tyranitard|56\/404
|move|p1a: tyranitard|Stealth Rock|p2a: Dugtrio
|-sidestart|p2: FlashyZoey|move: Stealth Rock
|
|-weather|Sandstorm|[upkeep]
|turn|4
|
|move|p2a: Dugtrio|Earthquake|p1a: tyranitard
|-supereffective|p1a: tyranitard
|-damage|p1a: tyranitard|0 fnt
|faint|p1a: tyranitard
|
|-weather|Sandstorm|[upkeep]
|
|switch|p1a: monty mole|Excadrill, M|362\/362
|-item|p1a: monty mole|Air Balloon
|turn|5
|
|move|p1a: monty mole|Iron Head|p2a: Dugtrio
|-crit|p2a: Dugtrio
|-enditem|p2a: Dugtrio|Focus Sash
|-damage|p2a: Dugtrio|1\/207
|move|p2a: Dugtrio|Reversal|p1a: monty mole
|-supereffective|p1a: monty mole
|-damage|p1a: monty mole|0 fnt
|-enditem|p1a: monty mole|Air Balloon
|faint|p1a: monty mole
|
|-weather|Sandstorm|[upkeep]
|
|switch|p1a: FABULOUS|Talonflame, F|185\/298
|turn|6
|
|switch|p2a: Manaphy|Manaphy|404\/404
|-damage|p2a: Manaphy|354\/404|[from] Stealth Rock
|move|p1a: FABULOUS|U-turn|p2a: Manaphy
|-damage|p2a: Manaphy|283\/404
|
|switch|p1a: SNIP|Mawile, M|270\/270
|-ability|p1a: SNIP|Intimidate|[of] p2a: Manaphy
|-unboost|p2a: Manaphy|atk|1
|
|-weather|Sandstorm|[upkeep]
|-damage|p2a: Manaphy|258\/404|[from] sandstorm
|-heal|p2a: Manaphy|283\/404|[from] item: Leftovers
|turn|7
|
|detailschange|p1a: SNIP|Mawile-Mega, M
|message|Mawile has Mega Evolved into Mega Mawile!
|move|p2a: Manaphy|Scald|p1a: SNIP
|-damage|p1a: SNIP|167\/270
|-status|p1a: SNIP|brn
|move|p1a: SNIP|Play Rough|p2a: Manaphy
|-damage|p2a: Manaphy|178\/404
|
|-weather|Sandstorm|[upkeep]
|-damage|p2a: Manaphy|153\/404|[from] sandstorm
|-heal|p2a: Manaphy|178\/404|[from] item: Leftovers
|-damage|p1a: SNIP|134\/270 brn|[from] brn
|turn|8
|
|move|p2a: Manaphy|Rain Dance|p2a: Manaphy
|-weather|RainDance
|move|p1a: SNIP|Swords Dance|p1a: SNIP
|-boost|p1a: SNIP|atk|2
|
|-weather|RainDance|[upkeep]
|-heal|p2a: Manaphy|203\/404|[from] item: Leftovers
|-damage|p1a: SNIP|101\/270 brn|[from] brn
|turn|9
|
|move|p2a: Manaphy|Scald|p1a: SNIP
|-damage|p1a: SNIP|0 fnt
|faint|p1a: SNIP
|
|-weather|RainDance|[upkeep]
|-heal|p2a: Manaphy|228\/404|[from] item: Leftovers
|
|switch|p1a: ZAPPY|Dragonite, M|324\/324
|turn|10
|
|move|p1a: ZAPPY|Outrage|p2a: Manaphy
|-crit|p2a: Manaphy
|-damage|p2a: Manaphy|0 fnt
|faint|p2a: Manaphy
|
|-weather|RainDance|[upkeep]
|
|switch|p2a: Latias|Latias, F|301\/301
|-damage|p2a: Latias|264\/301|[from] Stealth Rock
|turn|11
|
|move|p2a: Latias|Defog|p1a: ZAPPY
|-unboost|p1a: ZAPPY|evasion|1
|-sideend|p2: FlashyZoey|Stealth Rock|[from] move: Defog|[of] p2a: Latias
|move|p1a: ZAPPY|Outrage|p2a: Latias
|-supereffective|p2a: Latias
|-damage|p2a: Latias|0 fnt
|faint|p2a: Latias
|
|-end|p1a: ZAPPY|rampage
|-start|p1a: ZAPPY|confusion
|-weather|RainDance|[upkeep]
|
|switch|p2a: Ditto|Ditto|16\/299
|-transform|p2a: Ditto|p1a: ZAPPY
|turn|12
|
|switch|p1a: PAIN PLANE|Latios, M|302\/302
|move|p2a: Ditto|Outrage|p1a: PAIN PLANE
|-supereffective|p1a: PAIN PLANE
|-damage|p1a: PAIN PLANE|0 fnt
|faint|p1a: PAIN PLANE
|
|-weather|none
|
|switch|p1a: FABULOUS|Talonflame, F|185\/298
|turn|13
|
|move|p2a: Ditto|Outrage|p1a: FABULOUS
|-damage|p1a: FABULOUS|0 fnt
|faint|p1a: FABULOUS
|
|
|switch|p1a: ZAPPY|Dragonite, M|324\/324
|turn|14
|
|move|p2a: Ditto|Outrage|p1a: ZAPPY
|-supereffective|p1a: ZAPPY
|-damage|p1a: ZAPPY|68\/324
|move|p1a: ZAPPY|Outrage|p2a: Ditto
|-supereffective|p2a: Ditto
|-damage|p2a: Ditto|0 fnt
|faint|p2a: Ditto
|
|chat|FlashyZoey|gg
|chat|BHARATH_THEBEST|gg
|
|switch|p2a: Dugtrio|Dugtrio, F|1\/207
|turn|15
|
|move|p2a: Dugtrio|Stone Edge|p1a: ZAPPY
|-supereffective|p1a: ZAPPY
|-damage|p1a: ZAPPY|0 fnt
|faint|p1a: ZAPPY
|
|win|FlashyZoey
|raw|Ladder updating...
|raw|BHARATH_THEBEST's rating: 1747 &rarr; <strong>1727<\/strong><br \/>(-20 for losing)
|raw|FlashyZoey's rating: 1753 &rarr; <strong>1773<\/strong><br \/>(+20 for winning)
|leave|BHARATH_THEBEST
|player|p1