|join|BHARATH_THEBEST
|join|cherios
|player|p1|BHARATH_THEBEST|290
|player|p2|cherios|80
|gametype|singles
|gen|6
|tier|OU
|rated
|clearpoke
|poke|p1|Gardevoir, M
|poke|p1|Chansey, F
|poke|p1|Amoonguss, M
|poke|p1|Mandibuzz, F
|poke|p1|Heatran, F
|poke|p1|Keldeo-Resolute
|poke|p2|Mamoswine, F
|poke|p2|Aegislash, M
|poke|p2|Rotom-Wash
|poke|p2|Tentacruel, M
|poke|p2|Pinsir, F, shiny
|poke|p2|Thundurus, M
|rule|Swagger Clause: Swagger is banned
|rule|Baton Pass Clause: Limit one PokÃ©mon knowing Baton Pass
|rule|Sleep Clause Mod: Limit one foe put to sleep
|rule|Species Clause: Limit one of each PokÃ©mon
|rule|OHKO Clause: OHKO moves are banned
|rule|Moody Clause: Moody is banned
|rule|Evasion Moves Clause: Evasion moves are banned
|rule|Endless Battle Clause: Forcing endless battles is banned
|rule|HP Percentage Mod: HP is reported as percentages
|teampreview
|
|start
|switch|p1a: Keldeo-Resolute|Keldeo-Resolute|323\/323
|switch|p2a: Mamoswine|Mamoswine, F|424\/424
|turn|1
|chat|cherios|gl hf
|chat|BHARATH_THEBEST|same to u
|
|move|p1a: Keldeo-Resolute|Scald|p2a: Mamoswine
|-supereffective|p2a: Mamoswine
|-enditem|p2a: Mamoswine|Focus Sash
|-damage|p2a: Mamoswine|1\/424
|-status|p2a: Mamoswine|brn
|move|p2a: Mamoswine|Stealth Rock|p1a: Keldeo-Resolute
|-sidestart|p1: BHARATH_THEBEST|move: Stealth Rock
|
|-damage|p2a: Mamoswine|0 fnt|[from] brn
|faint|p2a: Mamoswine
|
|switch|p2a: Pinsir|Pinsir, F, shiny|272\/272
|turn|2
|
|detailschange|p2a: Pinsir|Pinsir-Mega, F, shiny
|message|Pinsir has Mega Evolved into Mega Pinsir!
|move|p1a: Keldeo-Resolute|Scald|p2a: Pinsir
|-damage|p2a: Pinsir|34\/272
|move|p2a: Pinsir|Return|p1a: Keldeo-Resolute
|-supereffective|p1a: Keldeo-Resolute
|-damage|p1a: Keldeo-Resolute|0 fnt
|faint|p1a: Keldeo-Resolute
|
|
|switch|p1a: Mandibuzz|Mandibuzz, F|424\/424
|-damage|p1a: Mandibuzz|318\/424|[from] Stealth Rock
|turn|3
|
|move|p2a: Pinsir|Return|p1a: Mandibuzz
|-damage|p1a: Mandibuzz|87\/424
|move|p1a: Mandibuzz|Defog|p2a: Pinsir
|-unboost|p2a: Pinsir|evasion|1
|-sideend|p1: BHARATH_THEBEST|Stealth Rock|[from] move: Defog|[of] p1a: Mandibuzz
|
|-heal|p1a: Mandibuzz|113\/424|[from] item: Leftovers
|turn|4
|
|switch|p1a: Heatran|Heatran, F|386\/386
|move|p2a: Pinsir|Return|p1a: Heatran
|-resisted|p1a: Heatran
|-damage|p1a: Heatran|253\/386
|
|-heal|p1a: Heatran|277\/386|[from] item: Leftovers
|turn|5
|
|switch|p1a: Mandibuzz|Mandibuzz, F|113\/424
|move|p2a: Pinsir|Earthquake|p1a: Mandibuzz
|-immune|p1a: Mandibuzz|[msg]
|
|-heal|p1a: Mandibuzz|139\/424|[from] item: Leftovers
|turn|6
|
|move|p2a: Pinsir|Return|p1a: Mandibuzz
|-damage|p1a: Mandibuzz|0 fnt
|faint|p1a: Mandibuzz
|
|
|switch|p1a: Chansey|Chansey, F|704\/704
|turn|7
|
|switch|p2a: Thundurus|Thundurus, M|300\/300
|move|p1a: Chansey|Seismic Toss|p2a: Thundurus
|-damage|p2a: Thundurus|200\/300
|
|turn|8
|
|switch|p1a: Amoonguss|Amoonguss, M|432\/432
|move|p2a: Thundurus|Thunder Wave|p1a: Amoonguss
|-status|p1a: Amoonguss|par
|
|turn|9
|
|move|p2a: Thundurus|Hidden Power|p1a: Amoonguss
|-supereffective|p1a: Amoonguss
|-damage|p1a: Amoonguss|211\/432 par
|-damage|p2a: Thundurus|170\/300|[from] item: Life Orb
|cant|p1a: Amoonguss|par
|
|-heal|p1a: Amoonguss|238\/432 par|[from] item: Black Sludge
|turn|10
|
|switch|p1a: Heatran|Heatran, F|277\/386
|move|p2a: Thundurus|Focus Blast|p1a: Heatran
|-crit|p1a: Heatran
|-supereffective|p1a: Heatran
|-damage|p1a: Heatran|0 fnt
|-damage|p2a: Thundurus|140\/300|[from] item: Life Orb
|faint|p1a: Heatran
|
|
|switch|p1a: Chansey|Chansey, F|704\/704
|turn|11
|
|move|p2a: Thundurus|Thunder Wave|p1a: Chansey
|-status|p1a: Chansey|par
|cant|p1a: Chansey|par
|
|turn|12
|
|switch|p2a: Aegislash|Aegislash, M|324\/324
|-item|p2a: Aegislash|Air Balloon
|move|p1a: Chansey|Heal Bell|p1a: Chansey
|-cureteam|p1a: Chansey|[from] move: HealBell
|
|turn|13
|
|-formechange|p2a: Aegislash|Aegislash-Blade
|move|p2a: Aegislash|Sacred Sword|p1a: Chansey
|-supereffective|p1a: Chansey
|-damage|p1a: Chansey|414\/704
|move|p1a: Chansey|Wish|p1a: Chansey
|
|turn|14
|
|switch|p1a: Amoonguss|Amoonguss, M|382\/432
|move|p2a: Aegislash|Sacred Sword|p1a: Amoonguss
|-resisted|p1a: Amoonguss
|-damage|p1a: Amoonguss|336\/432
|
|-heal|p1a: Amoonguss|432\/432|[from] move: Wish|[wisher] Chansey
|turn|15
|
|switch|p2a: Tentacruel|Tentacruel, M|364\/364
|move|p1a: Amoonguss|Hidden Power|p2a: Tentacruel
|-resisted|p2a: Tentacruel
|-damage|p2a: Tentacruel|351\/364
|
|-heal|p2a: Tentacruel|364\/364|[from] item: Black Sludge
|turn|16
|
|switch|p1a: Chansey|Chansey, F|414\/704
|move|p2a: Tentacruel|Ice Beam|p1a: Chansey
|-crit|p1a: Chansey
|-damage|p1a: Chansey|355\/704
|
|turn|17
|
|switch|p2a: Rotom-Wash|Rotom-Wash|304\/304
|move|p1a: Chansey|Soft-Boiled|p1a: Chansey
|-heal|p1a: Chansey|704\/704
|
|turn|18
|
|switch|p1a: Amoonguss|Amoonguss, M|432\/432
|move|p2a: Rotom-Wash|Hydro Pump|p1a: Amoonguss
|-resisted|p1a: Amoonguss
|-damage|p1a: Amoonguss|349\/432
|
|-heal|p1a: Amoonguss|376\/432|[from] item: Black Sludge
|turn|19
|
|switch|p1a: Gardevoir|Gardevoir, M|277\/277
|-ability|p1a: Gardevoir|Levitate|[from] ability: Trace|[of] p2a: Rotom-Wash
|move|p2a: Rotom-Wash|Volt Switch|p1a: Gardevoir
|-damage|p1a: Gardevoir|202\/277
|
|switch|p2a: Aegislash|Aegislash, M|324\/324
|-item|p2a: Aegislash|Air Balloon
|
|turn|20
|
|switch|p1a: Amoonguss|Amoonguss, M|432\/432
|-formechange|p2a: Aegislash|Aegislash-Blade
|move|p2a: Aegislash|Sacred Sword|p1a: Amoonguss
|-resisted|p1a: Amoonguss
|-damage|p1a: Amoonguss|382\/432
|
|-heal|p1a: Amoonguss|409\/432|[from] item: Black Sludge
|turn|21
|
|switch|p2a: Tentacruel|Tentacruel, M|364\/364
|move|p1a: Amoonguss|Spore|p2a: Tentacruel
|-status|p2a: Tentacruel|slp
|
|-heal|p1a: Amoonguss|432\/432|[from] item: Black Sludge
|turn|22
|chat|cherios|sorry i took awile
|chat|cherios|a wile*
|chat|BHARATH_THEBEST|its k
|chat|cherios|while*
|chat|cherios|someone fell down the stairs
|chat|BHARATH_THEBEST|oh
|
|cant|p2a: Tentacruel|slp
|move|p1a: Amoonguss|Hidden Power|p2a: Tentacruel
|-resisted|p2a: Tentacruel
|-damage|p2a: Tentacruel|351\/364 slp
|
|-heal|p2a: Tentacruel|364\/364 slp|[from] item: Black Sludge
|turn|23
|chat|BHARATH_THEBEST|np
|
|switch|p1a: Gardevoir|Gardevoir, M|202\/277
|-ability|p1a: Gardevoir|Liquid Ooze|[from] ability: Trace|[of] p2a: Tentacruel
|-curestatus|p2a: Tentacruel|slp
|move|p2a: Tentacruel|Ice Beam|p1a: Gardevoir
|-damage|p1a: Gardevoir|146\/277
|
|turn|24
|
|detailschange|p1a: Gardevoir|Gardevoir-Mega, M
|message|Gardevoir has Mega Evolved into Mega Gardevoir!
|move|p1a: Gardevoir|Psychic|p2a: Tentacruel
|-supereffective|p2a: Tentacruel
|-damage|p2a: Tentacruel|124\/364
|move|p2a: Tentacruel|Sludge Wave|p1a: Gardevoir
|-supereffective|p1a: Gardevoir
|-damage|p1a: Gardevoir|0 fnt
|faint|p1a: Gardevoir
|
|-heal|p2a: Tentacruel|146\/364|[from] item: Black Sludge
|
|switch|p1a: Chansey|Chansey, F|704\/704
|turn|25
|
|switch|p2a: Rotom-Wash|Rotom-Wash|304\/304
|switch|p1a: Amoonguss|Amoonguss, M|432\/432
|
|turn|26
|
|move|p2a: Rotom-Wash|Will-O-Wisp|p1a: Amoonguss|[miss]
|-miss|p2a: Rotom-Wash|p1a: Amoonguss
|move|p1a: Amoonguss|Giga Drain|p2a: Rotom-Wash
|-supereffective|p2a: Rotom-Wash
|-damage|p2a: Rotom-Wash|196\/304
|
|-heal|p2a: Rotom-Wash|215\/304|[from] item: Leftovers
|turn|27
|
|move|p2a: Rotom-Wash|Will-O-Wisp|p1a: Amoonguss|[miss]
|-miss|p2a: Rotom-Wash|p1a: Amoonguss
|move|p1a: Amoonguss|Giga Drain|p2a: Rotom-Wash
|-supereffective|p2a: Rotom-Wash
|-damage|p2a: Rotom-Wash|101\/304
|
|-heal|p2a: Rotom-Wash|120\/304|[from] item: Leftovers
|turn|28
|chat|BHARATH_THEBEST|sry
|chat|cherios|its ok
|
|switch|p1a: Chansey|Chansey, F|704\/704
|move|p2a: Rotom-Wash|Will-O-Wisp|p1a: Chansey
|-status|p1a: Chansey|brn
|
|-heal|p2a: Rotom-Wash|139\/304|[from] item: Leftovers
|-damage|p1a: Chansey|616\/704 brn|[from] brn
|turn|29
|chat|cherios|lol
|chat|cherios|the time i hit X.X
|chat|BHARATH_THEBEST|pain split
|chat|cherios|nope
|
|move|p2a: Rotom-Wash|Volt Switch|p1a: Chansey
|-damage|p1a: Chansey|558\/704 brn
|
|switch|p2a: Thundurus|Thundurus, M|140\/300
|move|p1a: Chansey|Seismic Toss|p2a: Thundurus
|-damage|p2a: Thundurus|40\/300
|
|-damage|p1a: Chansey|470\/704 brn|[from] brn
|turn|30
|
|move|p2a: Thundurus|Hidden Power|p1a: Chansey
|-crit|p1a: Chansey
|-damage|p1a: Chansey|389\/704 brn
|-damage|p2a: Thundurus|10\/300|[from] item: Life Orb
|move|p1a: Chansey|Soft-Boiled|p1a: Chansey
|-heal|p1a: Chansey|704\/704 brn
|
|-damage|p1a: Chansey|616\/704 brn|[from] brn
|turn|31
|chat|cherios|i predicted switch :P
|
|move|p2a: Thundurus|Focus Blast|p1a: Chansey
|-crit|p1a: Chansey
|-supereffective|p1a: Chansey
|-damage|p1a: Chansey|252\/704 brn
|-damage|p2a: Thundurus|0 fnt|[from] item: Life Orb
|faint|p2a: Thundurus
|move|p1a: Chansey|Soft-Boiled|p1a: Chansey
|-heal|p1a: Chansey|604\/704 brn
|
|-damage|p1a: Chansey|516\/704 brn|[from] brn
|
|switch|p2a: Pinsir|Pinsir-Mega, F, shiny|34\/272
|turn|32
|
|move|p2a: Pinsir|Return|p1a: Chansey
|-crit|p1a: Chansey
|-damage|p1a: Chansey|0 fnt
|faint|p1a: Chansey
|
|chat|cherios|srry
|chat|cherios|:\/
|chat|BHARATH_THEBEST|i think its gg
|
|switch|p1a: Amoonguss|Amoonguss, M|432\/432
|turn|33
|chat|cherios|yeah
|chat|cherios|gg bro
|
|move|p2a: Pinsir|Return|p1a: Amoonguss
|-supereffective|p1a: Amoonguss
|-damage|p1a: Amoonguss|0 fnt
|faint|p1a: Amoonguss
|
|win|cherios
|raw|Ladder updating...
|raw|BHARATH_THEBEST's rating: 1588 &rarr; <strong>1568<\/strong><br \/>(-20 for losing)
|raw|cherios's rating: 1587 &rarr; <strong>1607<\/strong><br \/>(+20 for winning)
|chat|BHARATH_THEBEST|gg dude