|join|BHARATH_THEBEST
|join|mexicanprincess93
|player|p1|BHARATH_THEBEST|290
|player|p2|mexicanprincess93|143
|gametype|singles
|gen|6
|tier|OU
|rated
|clearpoke
|poke|p1|Tyranitar, F
|poke|p1|Clefable, M
|poke|p1|Excadrill, F
|poke|p1|Garchomp, M
|poke|p1|Talonflame, M
|poke|p1|Azumarill, F
|poke|p2|Pinsir, M, shiny
|poke|p2|Tyranitar, M
|poke|p2|Deoxys-Speed
|poke|p2|Rotom-Wash, shiny
|poke|p2|Garchomp, M, shiny
|poke|p2|Excadrill, M
|rule|Swagger Clause: Swagger is banned
|rule|Baton Pass Clause: Limit three PokÃ©mon knowing Baton Pass
|rule|Sleep Clause Mod: Limit one foe put to sleep
|rule|Species Clause: Limit one of each PokÃ©mon
|rule|OHKO Clause: OHKO moves are banned
|rule|Moody Clause: Moody is banned
|rule|Evasion Moves Clause: Evasion moves are banned
|rule|Endless Battle Clause: Forcing endless battles is banned
|rule|HP Percentage Mod: HP is reported as percentages
|teampreview
|join|kungfu pancham
|
|start
|switch|p1a: Talonflame|Talonflame, M|297\/297
|switch|p2a: Pivot Thrust|Rotom-Wash, shiny|304\/304
|turn|1
|chat|kungfu pancham|sweeperella op
|
|switch|p1a: Garchomp|Garchomp, M|357\/357
|move|p2a: Pivot Thrust|Hydro Pump|p1a: Garchomp
|-damage|p1a: Garchomp|183\/357
|
|turn|2
|chat|mexicanprincess93|:]
|
|move|p1a: Garchomp|Stealth Rock|p2a: Pivot Thrust
|-sidestart|p2: mexicanprincess93|move: Stealth Rock
|move|p2a: Pivot Thrust|Will-O-Wisp|p1a: Garchomp
|-status|p1a: Garchomp|brn
|
|-damage|p1a: Garchomp|139\/357 brn|[from] brn
|turn|3
|
|move|p1a: Garchomp|Draco Meteor|p2a: Pivot Thrust
|-damage|p2a: Pivot Thrust|92\/304
|-unboost|p1a: Garchomp|spa|2
|-damage|p1a: Garchomp|104\/357 brn|[from] item: Life Orb
|move|p2a: Pivot Thrust|Hydro Pump|p1a: Garchomp
|-damage|p1a: Garchomp|0 fnt
|faint|p1a: Garchomp
|
|-heal|p2a: Pivot Thrust|111\/304|[from] item: Leftovers
|chat|mexicanprincess93|That draco :o
|chat|mexicanprincess93|:]
|
|switch|p1a: Tyranitar|Tyranitar, F|342\/342
|-weather|Sandstorm
|turn|4
|
|switch|p1a: Talonflame|Talonflame, M|297\/297
|move|p2a: Pivot Thrust|Volt Switch|p1a: Talonflame
|-supereffective|p1a: Talonflame
|-damage|p1a: Talonflame|67\/297
|
|switch|p2a: Spinning Thrust|Excadrill, M|361\/361
|-damage|p2a: Spinning Thrust|350\/361|[from] Stealth Rock
|-item|p2a: Spinning Thrust|Air Balloon
|
|-weather|Sandstorm|[upkeep]
|-damage|p1a: Talonflame|49\/297|[from] sandstorm
|turn|5
|
|move|p1a: Talonflame|Brave Bird|p2a: Spinning Thrust
|-resisted|p2a: Spinning Thrust
|-damage|p2a: Spinning Thrust|162\/361
|-enditem|p2a: Spinning Thrust|Air Balloon
|-damage|p1a: Talonflame|0 fnt|[from] recoil|[of] p2a: Spinning Thrust
|faint|p1a: Talonflame
|move|p2a: Spinning Thrust|Iron Head|p1: Talonflame|[notarget]
|-notarget
|
|-weather|Sandstorm|[upkeep]
|
|switch|p1a: Excadrill|Excadrill, F|362\/362
|-item|p1a: Excadrill|Air Balloon
|turn|6
|
|move|p2a: Spinning Thrust|Iron Head|p1a: Excadrill
|-resisted|p1a: Excadrill
|-damage|p1a: Excadrill|230\/362
|-enditem|p1a: Excadrill|Air Balloon
|move|p1a: Excadrill|Earthquake|p2a: Spinning Thrust
|-supereffective|p2a: Spinning Thrust
|-damage|p2a: Spinning Thrust|0 fnt
|faint|p2a: Spinning Thrust
|
|-weather|Sandstorm|[upkeep]
|
|switch|p2a: Rough Thrust|Garchomp, M, shiny|357\/357
|-damage|p2a: Rough Thrust|335\/357|[from] Stealth Rock
|turn|7
|
|move|p1a: Excadrill|Iron Head|p2a: Rough Thrust
|-damage|p2a: Rough Thrust|176\/357
|-damage|p1a: Excadrill|185\/362|[from] ability: Rough Skin|[of] p2a: Rough Thrust
|move|p2a: Rough Thrust|Earthquake|p1a: Excadrill
|-supereffective|p1a: Excadrill
|-damage|p1a: Excadrill|0 fnt
|faint|p1a: Excadrill
|
|-weather|Sandstorm|[upkeep]
|
|switch|p1a: Azumarill|Azumarill, F|401\/401
|turn|8
|
|move|p2a: Rough Thrust|Earthquake|p1a: Azumarill
|-damage|p1a: Azumarill|169\/401
|move|p1a: Azumarill|Play Rough|p2a: Rough Thrust
|-supereffective|p2a: Rough Thrust
|-damage|p2a: Rough Thrust|0 fnt
|-damage|p1a: Azumarill|119\/401|[from] ability: Rough Skin|[of] p2a: Rough Thrust
|faint|p2a: Rough Thrust
|
|-weather|none
|
|switch|p2a: Pivot Thrust|Rotom-Wash, shiny|111\/304
|-damage|p2a: Pivot Thrust|73\/304|[from] Stealth Rock
|turn|9
|
|move|p2a: Pivot Thrust|Pain Split|p1a: Azumarill
|-sethp|p1a: Azumarill|96\/401|p2a: Pivot Thrust|96\/304|[from] move: Pain Split
|move|p1a: Azumarill|Knock Off|p2a: Pivot Thrust
|-damage|p2a: Pivot Thrust|0 fnt
|-enditem|p2a: Pivot Thrust|Leftovers|[from] move: Knock Off|[of] p1a: Azumarill
|faint|p2a: Pivot Thrust
|
|
|switch|p2a: Thrustzilla|Tyranitar, M|391\/391
|-damage|p2a: Thrustzilla|343\/391|[from] Stealth Rock
|-weather|Sandstorm
|turn|10
|
|move|p1a: Azumarill|Aqua Jet|p2a: Thrustzilla
|-supereffective|p2a: Thrustzilla
|-damage|p2a: Thrustzilla|197\/391
|move|p2a: Thrustzilla|Earthquake|p1a: Azumarill
|-damage|p1a: Azumarill|0 fnt
|faint|p1a: Azumarill
|
|-weather|Sandstorm|[upkeep]
|
|switch|p1a: Clefable|Clefable, M|394\/394
|turn|11
|
|move|p2a: Thrustzilla|Earthquake|p1a: Clefable
|-damage|p1a: Clefable|226\/394
|move|p1a: Clefable|Calm Mind|p1a: Clefable
|-boost|p1a: Clefable|spa|1
|-boost|p1a: Clefable|spd|1
|
|-weather|Sandstorm|[upkeep]
|-heal|p1a: Clefable|250\/394|[from] item: Leftovers
|turn|12
|chat|kungfu pancham|sweeperella sweeping
|
|move|p2a: Thrustzilla|Earthquake|p1a: Clefable
|-damage|p1a: Clefable|84\/394
|move|p1a: Clefable|Soft-Boiled|p1a: Clefable
|-heal|p1a: Clefable|281\/394
|
|-weather|Sandstorm|[upkeep]
|-heal|p1a: Clefable|305\/394|[from] item: Leftovers
|turn|13
|
|move|p2a: Thrustzilla|Earthquake|p1a: Clefable
|-damage|p1a: Clefable|143\/394
|move|p1a: Clefable|Soft-Boiled|p1a: Clefable
|-heal|p1a: Clefable|340\/394
|
|-weather|Sandstorm|[upkeep]
|-heal|p1a: Clefable|364\/394|[from] item: Leftovers
|turn|14
|
|move|p2a: Thrustzilla|Earthquake|p1a: Clefable
|-damage|p1a: Clefable|209\/394
|move|p1a: Clefable|Moonblast|p2a: Thrustzilla
|-supereffective|p2a: Thrustzilla
|-damage|p2a: Thrustzilla|0 fnt
|faint|p2a: Thrustzilla
|
|-weather|none
|-heal|p1a: Clefable|233\/394|[from] item: Leftovers
|
|switch|p2a: Thrust Sir?|Pinsir, M, shiny|271\/271
|-damage|p2a: Thrust Sir?|204\/271|[from] Stealth Rock
|turn|15
|
|detailschange|p2a: Thrust Sir?|Pinsir-Mega, M, shiny
|message|Pinsir has Mega Evolved into Mega Pinsir!
|move|p2a: Thrust Sir?|Return|p1a: Clefable
|-damage|p1a: Clefable|5\/394
|move|p1a: Clefable|Flamethrower|p2a: Thrust Sir?
|-supereffective|p2a: Thrust Sir?
|-damage|p2a: Thrust Sir?|0 fnt
|faint|p2a: Thrust Sir?
|
|-heal|p1a: Clefable|29\/394|[from] item: Leftovers
|
|switch|p2a: Fast Thrust|Deoxys-Speed|241\/241
|-damage|p2a: Fast Thrust|211\/241|[from] Stealth Rock
|-ability|p2a: Fast Thrust|Pressure
|turn|16
|
|switch|p1a: Tyranitar|Tyranitar, F|342\/342
|-weather|Sandstorm
|move|p2a: Fast Thrust|Ice Beam|p1a: Tyranitar
|-damage|p1a: Tyranitar|276\/342
|-damage|p2a: Fast Thrust|187\/241|[from] item: Life Orb
|
|-weather|Sandstorm|[upkeep]
|-damage|p2a: Fast Thrust|172\/241|[from] sandstorm
|turn|17
|
|switch|p1a: Clefable|Clefable, M|29\/394
|move|p2a: Fast Thrust|Superpower|p1a: Clefable
|-resisted|p1a: Clefable
|-damage|p1a: Clefable|0 fnt
|-unboost|p2a: Fast Thrust|atk|1
|-unboost|p2a: Fast Thrust|def|1
|-damage|p2a: Fast Thrust|148\/241|[from] item: Life Orb
|faint|p1a: Clefable
|
|-weather|Sandstorm|[upkeep]
|-damage|p2a: Fast Thrust|133\/241|[from] sandstorm
|
|switch|p1a: Tyranitar|Tyranitar, F|276\/342
|turn|18
|chat|kungfu pancham|nice
|chat|mexicanprincess93|ouch
|
|detailschange|p1a: Tyranitar|Tyranitar-Mega, F
|message|Tyranitar has Mega Evolved into Mega Tyranitar!
|move|p2a: Fast Thrust|Superpower|p1a: Tyranitar
|-supereffective|p1a: Tyranitar
|-damage|p1a: Tyranitar|58\/342
|-unboost|p2a: Fast Thrust|atk|1
|-unboost|p2a: Fast Thrust|def|1
|-damage|p2a: Fast Thrust|109\/241|[from] item: Life Orb
|move|p1a: Tyranitar|Earthquake|p2a: Fast Thrust
|-damage|p2a: Fast Thrust|0 fnt
|faint|p2a: Fast Thrust
|
|win|BHARATH_THEBEST
|raw|Ladder updating...
|chat|mexicanprincess93|gg
|raw|BHARATH_THEBEST's rating: 1786 &rarr; <strong>1805<\/strong><br \/>(+19 for winning)
|raw|mexicanprincess93's rating: 1759 &rarr; <strong>1741<\/strong><br \/>(-18 for losing)
|leave|mexicanprincess93
|player|p2
|chat|BHARATH_THEBEST|gg
|chat|kungfu pancham|pros