|join|BHARATH_THEBEST
|join|Hogback_fosh_men
|player|p1|BHARATH_THEBEST|290
|player|p2|Hogback_fosh_men|2
|gametype|singles
|gen|6
|tier|OU
|rated
|clearpoke
|poke|p1|Breloom, M
|poke|p1|Terrakion
|poke|p1|Excadrill, M
|poke|p1|Latios, M
|poke|p1|Talonflame, M
|poke|p1|Pinsir, F
|poke|p2|Pinsir, F
|poke|p2|Gengar, M, shiny
|poke|p2|Rotom-Wash
|poke|p2|Ferrothorn, M
|poke|p2|Heatran, M
|poke|p2|Conkeldurr, M, shiny
|rule|Swagger Clause: Swagger is banned
|rule|Baton Pass Clause: Limit one PokÃ©mon knowing Baton Pass
|rule|Sleep Clause Mod: Limit one foe put to sleep
|rule|Species Clause: Limit one of each PokÃ©mon
|rule|OHKO Clause: OHKO moves are banned
|rule|Moody Clause: Moody is banned
|rule|Evasion Moves Clause: Evasion moves are banned
|rule|Endless Battle Clause: Forcing endless battles is banned
|rule|HP Percentage Mod: HP is shown in percentages
|teampreview
|
|start
|switch|p1a: Terrakion|Terrakion|323\/323
|switch|p2a: Nightmare|Gengar, M, shiny|262\/262
|turn|1
|
|move|p2a: Nightmare|Shadow Ball|p1a: Terrakion
|-crit|p1a: Terrakion
|-enditem|p1a: Terrakion|Focus Sash
|-damage|p1a: Terrakion|1\/323
|-unboost|p1a: Terrakion|spd|1
|move|p1a: Terrakion|Stealth Rock|p2a: Nightmare
|-sidestart|p2: Hogback_fosh_men|move: Stealth Rock
|
|turn|2
|
|switch|p1a: Excadrill|Excadrill, M|391\/391
|-ability|p1a: Excadrill|Mold Breaker
|move|p2a: Nightmare|Shadow Ball|p1a: Excadrill
|-damage|p1a: Excadrill|231\/391
|
|turn|3
|
|switch|p2a: Ferrothorn|Ferrothorn, M|352\/352
|-damage|p2a: Ferrothorn|330\/352|[from] Stealth Rock
|move|p1a: Excadrill|Earthquake|p2a: Ferrothorn
|-damage|p2a: Ferrothorn|207\/352
|
|turn|4
|
|switch|p1a: Terrakion|Terrakion|1\/323
|move|p2a: Ferrothorn|Stealth Rock|p1a: Terrakion
|-sidestart|p1: BHARATH_THEBEST|move: Stealth Rock
|
|turn|5
|
|switch|p2a: Nightmare|Gengar, M, shiny|262\/262
|-damage|p2a: Nightmare|230\/262|[from] Stealth Rock
|move|p1a: Terrakion|Close Combat|p2a: Nightmare
|-immune|p2a: Nightmare|[msg]
|
|turn|6
|
|move|p2a: Nightmare|Shadow Ball|p1a: Terrakion
|-damage|p1a: Terrakion|0 fnt
|faint|p1a: Terrakion
|
|
|switch|p1a: Excadrill|Excadrill, M|231\/391
|-damage|p1a: Excadrill|219\/391|[from] Stealth Rock
|-ability|p1a: Excadrill|Mold Breaker
|turn|7
|
|switch|p2a: Ferrothorn|Ferrothorn, M|207\/352
|-damage|p2a: Ferrothorn|185\/352|[from] Stealth Rock
|move|p1a: Excadrill|Earthquake|p2a: Ferrothorn
|-damage|p2a: Ferrothorn|55\/352
|
|turn|8
|
|move|p1a: Excadrill|Rapid Spin|p2a: Ferrothorn
|-resisted|p2a: Ferrothorn
|-damage|p2a: Ferrothorn|46\/352
|-damage|p1a: Excadrill|171\/391|[from] ability: Iron Barbs|[of] p2a: Ferrothorn
|-damage|p1a: Excadrill|106\/391|[from] item: Rocky Helmet|[of] p2a: Ferrothorn
|-sideend|p1: BHARATH_THEBEST|Stealth Rock|[from] move: Rapid Spin|[of] p1a: Excadrill
|move|p2a: Ferrothorn|Stealth Rock|p1a: Excadrill
|-sidestart|p1: BHARATH_THEBEST|move: Stealth Rock
|
|turn|9
|
|move|p1a: Excadrill|Earthquake|p2a: Ferrothorn
|-damage|p2a: Ferrothorn|0 fnt
|faint|p2a: Ferrothorn
|
|
|switch|p2a: Nightmare|Gengar, M, shiny|230\/262
|-damage|p2a: Nightmare|198\/262|[from] Stealth Rock
|turn|10
|
|move|p2a: Nightmare|Shadow Ball|p1a: Excadrill
|-damage|p1a: Excadrill|0 fnt
|faint|p1a: Excadrill
|
|
|switch|p1a: Pinsir|Pinsir, F|272\/272
|-damage|p1a: Pinsir|204\/272|[from] Stealth Rock
|turn|11
|
|detailschange|p1a: Pinsir|Pinsir-Mega, F
|message|Pinsir has Mega Evolved into Mega Pinsir!
|move|p2a: Nightmare|Shadow Ball|p1a: Pinsir
|-damage|p1a: Pinsir|0 fnt
|faint|p1a: Pinsir
|
|
|switch|p1a: Latios|Latios, M|302\/302
|-damage|p1a: Latios|265\/302|[from] Stealth Rock
|turn|12
|
|move|p2a: Nightmare|Shadow Ball|p1a: Latios
|-supereffective|p1a: Latios
|-damage|p1a: Latios|0 fnt
|faint|p1a: Latios
|
|-message|BHARATH_THEBEST forfeited.
|
|win|Hogback_fosh_men
|raw|Ladder updating...
|leave|BHARATH_THEBEST
|player|p1
|raw|BHARATH_THEBEST's rating: 1749 &rarr; <strong>1725<\/strong><br \/>(-24 for losing)
|raw|Hogback_fosh_men's rating: 1687 &rarr; <strong>1710<\/strong><br \/>(+23 for winning)