|join|collywobbles
|join|BHARATH_THEBEST
|player|p1|collywobbles|42
|player|p2|BHARATH_THEBEST|290
|gametype|singles
|gen|6
|tier|OU
|rated
|clearpoke
|poke|p1|Scolipede, M
|poke|p1|Espeon, F
|poke|p1|Smeargle, F
|poke|p1|Vaporeon, F
|poke|p1|Zapdos
|poke|p1|Sylveon, F
|poke|p2|Sableye, M
|poke|p2|Bisharp, M
|poke|p2|Latios, M
|poke|p2|Entei, shiny
|poke|p2|Pinsir, M
|poke|p2|Terrakion
|rule|Sleep Clause Mod: Limit one foe put to sleep
|rule|Species Clause: Limit one of each Pokemon
|rule|OHKO Clause: OHKO moves are banned
|rule|Moody Clause: Moody is banned
|rule|Evasion Moves Clause: Evasion moves are banned
|rule|Endless Battle Clause: Forcing endless battles is banned.
|rule|HP Percentage Mod: HP is reported as percentages
|teampreview
|
|start
|switch|p1a: Scolipede|Scolipede, M|324\/324
|switch|p2a: Pinsir|Pinsir, M|272\/272
|turn|1
|
|detailschange|p2a: Pinsir|Pinsir-Mega, M
|message|Pinsir has Mega Evolved into Mega Pinsir!
|move|p2a: Pinsir|Return|p1a: Scolipede
|-supereffective|p1a: Scolipede
|-damage|p1a: Scolipede|0 fnt
|faint|p1a: Scolipede
|
|
|switch|p1a: Vaporeon|Vaporeon, F|463\/463
|turn|2
|
|move|p2a: Pinsir|Return|p1a: Vaporeon
|-damage|p1a: Vaporeon|181\/463
|move|p1a: Vaporeon|Acid Armor|p1a: Vaporeon
|-boost|p1a: Vaporeon|def|2
|
|-heal|p1a: Vaporeon|209\/463|[from] item: Leftovers
|turn|3
|
|move|p2a: Pinsir|Swords Dance|p2a: Pinsir
|-boost|p2a: Pinsir|atk|2
|move|p1a: Vaporeon|Baton Pass|p1a: Vaporeon
|
|switch|p1a: Zapdos|Zapdos|383\/383
|-ability|p1a: Zapdos|Pressure
|
|turn|4
|
|switch|p2a: Terrakion|Terrakion|323\/323
|move|p1a: Zapdos|Thunderbolt|p2a: Terrakion
|-damage|p2a: Terrakion|130\/323
|
|turn|5
|
|move|p2a: Terrakion|Stone Edge|p1a: Zapdos|[miss]
|-miss|p2a: Terrakion|p1a: Zapdos
|move|p1a: Zapdos|Thunderbolt|p2a: Terrakion
|-damage|p2a: Terrakion|0 fnt
|faint|p2a: Terrakion
|
|
|switch|p2a: Sableye|Sableye, M|304\/304
|turn|6
|
|move|p2a: Sableye|Taunt|p1a: Zapdos
|-start|p1a: Zapdos|move: Taunt
|move|p1a: Zapdos|Thunderbolt|p2a: Sableye
|-damage|p2a: Sableye|138\/304
|
|-heal|p2a: Sableye|157\/304|[from] item: Leftovers
|turn|7
|
|move|p2a: Sableye|Will-O-Wisp|p1a: Zapdos
|-status|p1a: Zapdos|brn
|move|p1a: Zapdos|Thunderbolt|p2a: Sableye
|-damage|p2a: Sableye|0 fnt
|faint|p2a: Sableye
|
|-damage|p1a: Zapdos|336\/383 brn|[from] brn
|
|switch|p2a: Latios|Latios, M|302\/302
|turn|8
|
|move|p2a: Latios|Draco Meteor|p1a: Zapdos
|-damage|p1a: Zapdos|32\/383 brn
|-unboost|p2a: Latios|spa|2
|-damage|p2a: Latios|272\/302|[from] item: Life Orb
|move|p1a: Zapdos|Hidden Power|p2a: Latios
|-supereffective|p2a: Latios
|-damage|p2a: Latios|130\/302
|
|-heal|p1a: Zapdos|55\/383 brn|[from] item: Leftovers
|-damage|p1a: Zapdos|8\/383 brn|[from] brn
|-end|p1a: Zapdos|move: Taunt
|turn|9
|
|move|p2a: Latios|Psyshock|p1a: Zapdos
|-damage|p1a: Zapdos|0 fnt
|-damage|p2a: Latios|100\/302|[from] item: Life Orb
|faint|p1a: Zapdos
|
|
|switch|p1a: Sylveon|Sylveon, F|394\/394
|turn|10
|
|switch|p2a: Entei|Entei, shiny|372\/372
|-ability|p2a: Entei|Pressure
|move|p1a: Sylveon|Substitute|p1a: Sylveon
|-start|p1a: Sylveon|Substitute
|-damage|p1a: Sylveon|296\/394
|
|-heal|p1a: Sylveon|320\/394|[from] item: Leftovers
|turn|11
|
|move|p2a: Entei|Sacred Fire|p1a: Sylveon
|-end|p1a: Sylveon|Substitute
|move|p1a: Sylveon|Calm Mind|p1a: Sylveon
|-boost|p1a: Sylveon|spa|1
|-boost|p1a: Sylveon|spd|1
|
|-heal|p1a: Sylveon|344\/394|[from] item: Leftovers
|turn|12
|
|move|p2a: Entei|Sacred Fire|p1a: Sylveon
|-damage|p1a: Sylveon|106\/394
|-status|p1a: Sylveon|brn
|move|p1a: Sylveon|Baton Pass|p1a: Sylveon
|
|switch|p1a: Vaporeon|Vaporeon, F|209\/463
|
|-heal|p1a: Vaporeon|237\/463|[from] item: Leftovers
|turn|13
|
|move|p2a: Entei|Sacred Fire|p1a: Vaporeon
|-resisted|p1a: Vaporeon
|-damage|p1a: Vaporeon|105\/463
|-status|p1a: Vaporeon|brn
|move|p1a: Vaporeon|Acid Armor|p1a: Vaporeon
|-boost|p1a: Vaporeon|def|2
|
|-heal|p1a: Vaporeon|133\/463 brn|[from] item: Leftovers
|-damage|p1a: Vaporeon|76\/463 brn|[from] brn
|turn|14
|
|move|p2a: Entei|Sacred Fire|p1a: Vaporeon
|-resisted|p1a: Vaporeon
|-damage|p1a: Vaporeon|4\/463 brn
|move|p1a: Vaporeon|Baton Pass|p1a: Vaporeon
|
|switch|p1a: Smeargle|Smeargle, F|314\/314
|
|turn|15
|
|move|p2a: Entei|Sacred Fire|p1a: Smeargle
|-damage|p1a: Smeargle|16\/314
|move|p1a: Smeargle|Quiver Dance|p1a: Smeargle
|-boost|p1a: Smeargle|spa|1
|-boost|p1a: Smeargle|spd|1
|-boost|p1a: Smeargle|spe|1
|
|turn|16
|
|switch|p2a: Bisharp|Bisharp, M|272\/272
|move|p1a: Smeargle|Spore|p2a: Bisharp
|-status|p2a: Bisharp|slp
|
|turn|17
|
|switch|p2a: Entei|Entei, shiny|372\/372
|-ability|p2a: Entei|Pressure
|move|p1a: Smeargle|Baton Pass|p1a: Smeargle
|
|switch|p1a: Espeon|Espeon, F|334\/334
|
|turn|18
|
|move|p1a: Espeon|Stored Power|p2a: Entei
|-damage|p2a: Entei|0 fnt
|faint|p2a: Entei
|
|
|switch|p2a: Pinsir|Pinsir-Mega, M|272\/272
|turn|19
|
|move|p1a: Espeon|Stored Power|p2a: Pinsir
|-damage|p2a: Pinsir|0 fnt
|faint|p2a: Pinsir
|
|
|switch|p2a: Bisharp|Bisharp, M|272\/272 slp
|turn|20
|
|move|p1a: Espeon|Baton Pass|p1a: Espeon
|
|switch|p1a: Sylveon|Sylveon, F|106\/394 brn
|cant|p2a: Bisharp|slp
|
|-heal|p1a: Sylveon|130\/394 brn|[from] item: Leftovers
|-damage|p1a: Sylveon|81\/394 brn|[from] brn
|turn|21
|
|cant|p2a: Bisharp|slp
|move|p1a: Sylveon|Hyper Voice|p2a: Bisharp
|-damage|p2a: Bisharp|0 fnt
|faint|p2a: Bisharp
|
|-heal|p1a: Sylveon|105\/394 brn|[from] item: Leftovers
|-damage|p1a: Sylveon|56\/394 brn|[from] brn
|
|switch|p2a: Latios|Latios, M|100\/302
|turn|22
|
|move|p2a: Latios|Psyshock|p1a: Sylveon
|-damage|p1a: Sylveon|0 fnt
|-damage|p2a: Latios|70\/302|[from] item: Life Orb
|faint|p1a: Sylveon
|
|
|switch|p1a: Smeargle|Smeargle, F|16\/314
|turn|23
|
|switch|p1a: Vaporeon|Vaporeon, F|4\/463 brn
|move|p2a: Latios|Psyshock|p1a: Vaporeon
|-damage|p1a: Vaporeon|0 fnt
|-damage|p2a: Latios|40\/302|[from] item: Life Orb
|faint|p1a: Vaporeon
|
|
|switch|p1a: Smeargle|Smeargle, F|16\/314
|turn|24
|
|move|p2a: Latios|Draco Meteor|p1a: Smeargle
|-crit|p1a: Smeargle
|-damage|p1a: Smeargle|0 fnt
|-unboost|p2a: Latios|spa|2
|-damage|p2a: Latios|10\/302|[from] item: Life Orb
|faint|p1a: Smeargle
|
|
|switch|p1a: Espeon|Espeon, F|334\/334
|turn|25
|
|move|p2a: Latios|Draco Meteor|p1a: Espeon
|-crit|p1a: Espeon
|-damage|p1a: Espeon|0 fnt
|-unboost|p2a: Latios|spa|2
|-damage|p2a: Latios|0 fnt|[from] item: Life Orb
|faint|p1a: Espeon
|faint|p2a: Latios
|
|tie
|raw|Ladder updating...
|raw|collywobbles's rating: 1570 &rarr; <strong>1573<\/strong><br \/>(+3 for tying)
|raw|BHARATH_THEBEST's rating: 1617 &rarr; <strong>1614<\/strong><br \/>(-3 for tying)
|chat|BHARATH_THEBEST|gg
|leave|collywobbles
|player|p1