|join|tuRkizzle
|join|Doouchebag
|player|p1|tuRkizzle|115
|player|p2|Doouchebag|170
|gametype|singles
|gen|6
|tier|UU
|rated
|rule|Sleep Clause Mod: Limit one foe put to sleep
|rule|Species Clause: Limit one of each PokÃ©mon
|rule|OHKO Clause: OHKO moves are banned
|rule|Moody Clause: Moody is banned
|rule|Evasion Moves Clause: Evasion moves are banned
|rule|Endless Battle Clause: Forcing endless battles is banned
|rule|HP Percentage Mod: HP is shown in percentages
|clearpoke
|poke|p1|Jirachi
|poke|p1|Krookodile, F
|poke|p1|Honchkrow, F
|poke|p1|Raikou
|poke|p1|Blastoise, F
|poke|p1|Mienshao, M
|poke|p2|Lucario, F
|poke|p2|Porygon-Z
|poke|p2|Swampert, M
|poke|p2|Umbreon, F
|poke|p2|Crobat, M
|poke|p2|Mienshao, M
|rule|Swagger Clause: Swagger is banned
|rule|Baton Pass Clause: Limit one PokÃ©mon knowing Baton Pass
|teampreview
|
|start
|switch|p1a: Blastoise|Blastoise, F|334\/334
|switch|p2a: Crobat|Crobat, M|373\/373
|turn|1
|
|detailschange|p1a: Blastoise|Blastoise-Mega, F
|message|Blastoise has Mega Evolved into Mega Blastoise!
|move|p2a: Crobat|U-turn|p1a: Blastoise
|-damage|p1a: Blastoise|287\/334
|
|switch|p2a: Porygon-Z|Porygon-Z|311\/311
|move|p1a: Blastoise|Scald|p2a: Porygon-Z
|-crit|p2a: Porygon-Z
|-damage|p2a: Porygon-Z|2\/311
|
|turn|2
|c|âDoouchebag|first turn hax 
|
|switch|p1a: Raikou|Raikou|322\/322
|-ability|p1a: Raikou|Pressure
|move|p2a: Porygon-Z|Tri Attack|p1a: Raikou
|-damage|p1a: Raikou|2\/322
|-status|p1a: Raikou|brn
|
|-damage|p1a: Raikou|0 fnt|[from] brn
|faint|p1a: Raikou
|c|âDoouchebag|gresat
|c|âDoouchebag|YES!!
|
|switch|p1a: Jirachi|Jirachi|341\/341
|turn|3
|
|switch|p2a: Swampert|Swampert, M|404\/404
|move|p1a: Jirachi|U-turn|p2a: Swampert
|-damage|p2a: Swampert|351\/404
|
|switch|p1a: Blastoise|Blastoise-Mega, F|287\/334
|
|-heal|p2a: Swampert|376\/404|[from] item: Leftovers
|turn|4
|
|switch|p2a: Umbreon|Umbreon, F|394\/394
|move|p1a: Blastoise|Dragon Pulse|p2a: Umbreon
|-damage|p2a: Umbreon|293\/394
|
|-heal|p2a: Umbreon|317\/394|[from] item: Leftovers
|turn|5
|
|switch|p1a: Honchkrow|Honchkrow, F|341\/341
|move|p2a: Umbreon|Wish|p2a: Umbreon
|
|-heal|p2a: Umbreon|341\/394|[from] item: Leftovers
|turn|6
|
|switch|p2a: Swampert|Swampert, M|376\/404
|move|p1a: Honchkrow|Substitute|p1a: Honchkrow
|-start|p1a: Honchkrow|Substitute
|-damage|p1a: Honchkrow|256\/341
|
|-heal|p2a: Swampert|404\/404|[from] move: Wish|[wisher] Umbreon
|turn|7
|
|move|p1a: Honchkrow|Brave Bird|p2a: Swampert
|-damage|p2a: Swampert|170\/404
|-damage|p1a: Honchkrow|179\/341|[from] recoil|[of] p2a: Swampert
|-damage|p1a: Honchkrow|145\/341|[from] item: Life Orb
|move|p2a: Swampert|Roar|p1a: Honchkrow
|drag|p1a: Blastoise|Blastoise-Mega, F|287\/334
|
|-heal|p2a: Swampert|195\/404|[from] item: Leftovers
|turn|8
|
|switch|p2a: Umbreon|Umbreon, F|341\/394
|move|p1a: Blastoise|Dragon Pulse|p2a: Umbreon
|-damage|p2a: Umbreon|239\/394
|
|-heal|p2a: Umbreon|263\/394|[from] item: Leftovers
|turn|9
|
|switch|p1a: Krookodile|Krookodile, F|393\/393
|-ability|p1a: Krookodile|Intimidate|[of] p2a: Umbreon
|-unboost|p2a: Umbreon|atk|1
|move|p2a: Umbreon|Wish|p2a: Umbreon
|
|-heal|p2a: Umbreon|287\/394|[from] item: Leftovers
|turn|10
|
|switch|p2a: Swampert|Swampert, M|195\/404
|move|p1a: Krookodile|Stealth Rock|p2a: Swampert
|-sidestart|p2: Doouchebag|move: Stealth Rock
|
|-heal|p2a: Swampert|392\/404|[from] move: Wish|[wisher] Umbreon
|-heal|p2a: Swampert|404\/404|[from] item: Leftovers
|turn|11
|
|move|p1a: Krookodile|Taunt|p2a: Swampert
|-start|p2a: Swampert|move: Taunt
|move|p2a: Swampert|Scald|p1a: Krookodile
|-supereffective|p1a: Krookodile
|-damage|p1a: Krookodile|163\/393
|
|-heal|p1a: Krookodile|187\/393|[from] item: Leftovers
|turn|12
|
|switch|p1a: Blastoise|Blastoise-Mega, F|287\/334
|move|p2a: Swampert|Scald|p1a: Blastoise
|-resisted|p1a: Blastoise
|-damage|p1a: Blastoise|248\/334
|-status|p1a: Blastoise|brn
|
|-damage|p1a: Blastoise|207\/334 brn|[from] brn
|turn|13
|
|switch|p1a: Mienshao|Mienshao, M|271\/271
|switch|p2a: Umbreon|Umbreon, F|287\/394
|-damage|p2a: Umbreon|238\/394|[from] Stealth Rock
|
|-heal|p2a: Umbreon|262\/394|[from] item: Leftovers
|turn|14
|
|move|p2a: Umbreon|Protect|p2a: Umbreon
|-singleturn|p2a: Umbreon|Protect
|move|p1a: Mienshao|U-turn|p2a: Umbreon
|-activate|p2a: Umbreon|Protect
|
|-heal|p2a: Umbreon|286\/394|[from] item: Leftovers
|turn|15
|
|switch|p2a: Crobat|Crobat, M|373\/373
|-damage|p2a: Crobat|280\/373|[from] Stealth Rock
|move|p1a: Mienshao|U-turn|p2a: Crobat
|-resisted|p2a: Crobat
|-damage|p2a: Crobat|255\/373
|
|switch|p1a: Jirachi|Jirachi|341\/341
|
|-heal|p2a: Crobat|278\/373|[from] item: Black Sludge
|turn|16
|
|move|p1a: Jirachi|U-turn|p2a: Crobat
|-resisted|p2a: Crobat
|-damage|p2a: Crobat|259\/373
|
|switch|p1a: Honchkrow|Honchkrow, F|145\/341
|move|p2a: Crobat|U-turn|p1a: Honchkrow
|-damage|p1a: Honchkrow|44\/341
|
|switch|p2a: Mienshao|Mienshao, M|271\/271
|-damage|p2a: Mienshao|255\/271|[from] Stealth Rock
|
|turn|17
|
|move|p1a: Honchkrow|Sucker Punch|p2a: Mienshao
|-resisted|p2a: Mienshao
|-damage|p2a: Mienshao|99\/271
|-damage|p1a: Honchkrow|10\/341|[from] item: Life Orb
|move|p2a: Mienshao|U-turn|p1a: Honchkrow
|-crit|p1a: Honchkrow
|-damage|p1a: Honchkrow|0 fnt
|faint|p1a: Honchkrow
|
|switch|p2a: Swampert|Swampert, M|404\/404
|-damage|p2a: Swampert|379\/404|[from] Stealth Rock
|
|-heal|p2a: Swampert|404\/404|[from] item: Leftovers
|
|switch|p1a: Blastoise|Blastoise-Mega, F|207\/334 brn
|turn|18
|
|switch|p2a: Umbreon|Umbreon, F|286\/394
|-damage|p2a: Umbreon|237\/394|[from] Stealth Rock
|move|p1a: Blastoise|Dragon Pulse|p2a: Umbreon
|-damage|p2a: Umbreon|133\/394
|
|-heal|p2a: Umbreon|157\/394|[from] item: Leftovers
|-damage|p1a: Blastoise|166\/334 brn|[from] brn
|turn|19
|
|move|p1a: Blastoise|Scald|p2a: Umbreon
|-damage|p2a: Umbreon|57\/394
|move|p2a: Umbreon|Wish|p2a: Umbreon
|
|-heal|p2a: Umbreon|81\/394|[from] item: Leftovers
|-damage|p1a: Blastoise|125\/334 brn|[from] brn
|turn|20
|
|switch|p1a: Jirachi|Jirachi|341\/341
|move|p2a: Umbreon|Protect|p2a: Umbreon
|-fail|p2a: Umbreon
|
|-heal|p2a: Umbreon|278\/394|[from] move: Wish|[wisher] Umbreon
|-heal|p2a: Umbreon|302\/394|[from] item: Leftovers
|turn|21
|
|move|p2a: Umbreon|Protect|p2a: Umbreon
|-singleturn|p2a: Umbreon|Protect
|move|p1a: Jirachi|U-turn|p2a: Umbreon
|-activate|p2a: Umbreon|Protect
|
|-heal|p2a: Umbreon|326\/394|[from] item: Leftovers
|turn|22
|
|move|p1a: Jirachi|U-turn|p2a: Umbreon
|-supereffective|p2a: Umbreon
|-damage|p2a: Umbreon|204\/394
|
|switch|p1a: Mienshao|Mienshao, M|271\/271
|move|p2a: Umbreon|Foul Play|p1a: Mienshao
|-resisted|p1a: Mienshao
|-damage|p1a: Mienshao|141\/271
|
|-heal|p2a: Umbreon|228\/394|[from] item: Leftovers
|turn|23
|
|move|p2a: Umbreon|Protect|p2a: Umbreon
|-singleturn|p2a: Umbreon|Protect
|move|p1a: Mienshao|U-turn|p2a: Umbreon
|-activate|p2a: Umbreon|Protect
|
|-heal|p2a: Umbreon|252\/394|[from] item: Leftovers
|turn|24
|
|switch|p2a: Mienshao|Mienshao, M|189\/271
|-damage|p2a: Mienshao|173\/271|[from] Stealth Rock
|move|p1a: Mienshao|U-turn|p2a: Mienshao
|-crit|p2a: Mienshao
|-resisted|p2a: Mienshao
|-damage|p2a: Mienshao|84\/271
|
|switch|p1a: Jirachi|Jirachi|341\/341
|
|turn|25
|
|move|p2a: Mienshao|U-turn|p1a: Jirachi
|-damage|p1a: Jirachi|262\/341
|
|switch|p2a: Swampert|Swampert, M|404\/404
|-damage|p2a: Swampert|379\/404|[from] Stealth Rock
|move|p1a: Jirachi|Iron Head|p2a: Swampert
|-resisted|p2a: Swampert
|-damage|p2a: Swampert|334\/404
|
|-heal|p2a: Swampert|359\/404|[from] item: Leftovers
|turn|26
|
|switch|p1a: Blastoise|Blastoise-Mega, F|125\/334 brn
|move|p2a: Swampert|Earthquake|p1a: Blastoise
|-damage|p1a: Blastoise|10\/334 brn
|
|-heal|p2a: Swampert|384\/404|[from] item: Leftovers
|-damage|p1a: Blastoise|0 fnt|[from] brn
|faint|p1a: Blastoise
|
|switch|p1a: Mienshao|Mienshao, M|141\/271
|turn|27
|
|move|p1a: Mienshao|High Jump Kick|p2a: Swampert|[miss]
|-miss|p1a: Mienshao|p2a: Swampert
|-damage|p1a: Mienshao|6\/271|[from] highjumpkick
|move|p2a: Swampert|Scald|p1a: Mienshao
|-damage|p1a: Mienshao|0 fnt
|faint|p1a: Mienshao
|
|-heal|p2a: Swampert|404\/404|[from] item: Leftovers
|-message|tuRkizzle forfeited.
|
|win|Doouchebag
|raw|Ladder updating...
|raw|tuRkizzle's rating: 1514 &rarr; <strong>1486<\/strong><br \/>(-28 for losing)
|raw|Doouchebag's rating: 1368 &rarr; <strong>1396<\/strong><br \/>(+28 for winning)
|leave|tuRkizzle
|player|p1