|join|tuRkizzle
|join|Ac44
|player|p1|tuRkizzle|115
|player|p2|Ac44|53
|gametype|singles
|gen|6
|tier|UU
|rated
|rule|Sleep Clause Mod: Limit one foe put to sleep
|rule|Species Clause: Limit one of each PokÃ©mon
|rule|OHKO Clause: OHKO moves are banned
|rule|Moody Clause: Moody is banned
|rule|Evasion Moves Clause: Evasion moves are banned
|rule|Endless Battle Clause: Forcing endless battles is banned
|rule|HP Percentage Mod: HP is shown in percentages
|clearpoke
|poke|p1|Gligar, M
|poke|p1|Ampharos, F
|poke|p1|Suicune
|poke|p1|Hydreigon, F
|poke|p1|Victini
|poke|p1|Lucario, F
|poke|p2|Mienshao, M
|poke|p2|Blissey, F
|poke|p2|Gligar, F
|poke|p2|Blastoise, M
|poke|p2|Darmanitan, M
|poke|p2|Chandelure, M
|rule|Swagger Clause: Swagger is banned
|rule|Baton Pass Clause: Limit one PokÃ©mon knowing Baton Pass
|teampreview
|
|start
|switch|p1a: Gligar|Gligar, M|334\/334
|switch|p2a: Gligar|Gligar, F|334\/334
|turn|1
|
|switch|p2a: Blastoise|Blastoise, M|362\/362
|move|p1a: Gligar|Knock Off|p2a: Blastoise
|-damage|p2a: Blastoise|324\/362
|
|turn|2
|
|switch|p1a: Suicune|Suicune|404\/404
|-ability|p1a: Suicune|Pressure
|detailschange|p2a: Blastoise|Blastoise-Mega, M
|message|Blastoise has Mega Evolved into Mega Blastoise!
|move|p2a: Blastoise|Water Pulse|p1a: Suicune
|-resisted|p1a: Suicune
|-damage|p1a: Suicune|318\/404
|
|-heal|p1a: Suicune|343\/404|[from] item: Leftovers
|turn|3
|
|switch|p2a: Blissey|Blissey, F|659\/659
|move|p1a: Suicune|Calm Mind|p1a: Suicune
|-boost|p1a: Suicune|spa|1
|-boost|p1a: Suicune|spd|1
|
|-heal|p1a: Suicune|368\/404|[from] item: Leftovers
|turn|4
|
|move|p1a: Suicune|Calm Mind|p1a: Suicune
|-boost|p1a: Suicune|spa|1
|-boost|p1a: Suicune|spd|1
|move|p2a: Blissey|Thunder Wave|p1a: Suicune
|-status|p1a: Suicune|par
|
|-heal|p1a: Suicune|393\/404 par|[from] item: Leftovers
|turn|5
|
|switch|p2a: Chandelure|Chandelure, M|324\/324
|move|p1a: Suicune|Rest|p1a: Suicune
|-status|p1a: Suicune|slp
|-heal|p1a: Suicune|404\/404 slp|[silent]
|-status|p1a: Suicune|slp|[from] move: Rest
|
|turn|6
|
|cant|p1a: Suicune|slp
|move|p1a: Suicune|Sleep Talk|p1a: Suicune
|move|p1a: Suicune|Rest|p1a: Suicune|[from]Sleep Talk
|-fail|p1a: Suicune
|move|p2a: Chandelure|Trick|p1a: Suicune
|-activate|p2a: Chandelure|move: Trick|[of] p1a: Suicune
|-item|p1a: Suicune|Choice Specs|[from] move: Trick
|-item|p2a: Chandelure|Leftovers|[from] move: Trick
|
|turn|7
|
|switch|p2a: Blissey|Blissey, F|659\/659
|cant|p1a: Suicune|slp
|
|turn|8
|
|-curestatus|p1a: Suicune|slp
|move|p1a: Suicune|Scald|p2a: Blissey
|-damage|p2a: Blissey|482\/659
|move|p2a: Blissey|Thunder Wave|p1a: Suicune
|-status|p1a: Suicune|par
|
|-heal|p2a: Blissey|523\/659|[from] item: Leftovers
|turn|9
|
|switch|p2a: Blastoise|Blastoise-Mega, M|324\/362
|move|p1a: Suicune|Scald|p2a: Blastoise
|-resisted|p2a: Blastoise
|-damage|p2a: Blastoise|219\/362
|
|turn|10
|
|move|p2a: Blastoise|Dark Pulse|p1a: Suicune
|-damage|p1a: Suicune|332\/404 par
|move|p1a: Suicune|Scald|p2a: Blastoise
|-crit|p2a: Blastoise
|-resisted|p2a: Blastoise
|-damage|p2a: Blastoise|59\/362
|
|turn|11
|
|switch|p2a: Blissey|Blissey, F|523\/659
|move|p1a: Suicune|Scald|p2a: Blissey
|-damage|p2a: Blissey|346\/659
|
|-heal|p2a: Blissey|387\/659|[from] item: Leftovers
|turn|12
|
|move|p2a: Blissey|Soft-Boiled|p2a: Blissey
|-heal|p2a: Blissey|659\/659
|move|p1a: Suicune|Scald|p2a: Blissey
|-damage|p2a: Blissey|499\/659
|
|-heal|p2a: Blissey|540\/659|[from] item: Leftovers
|turn|13
|
|move|p2a: Blissey|Soft-Boiled|p2a: Blissey
|-heal|p2a: Blissey|659\/659
|move|p1a: Suicune|Scald|p2a: Blissey
|-damage|p2a: Blissey|490\/659
|
|-heal|p2a: Blissey|531\/659|[from] item: Leftovers
|turn|14
|
|move|p2a: Blissey|Seismic Toss|p1a: Suicune
|-damage|p1a: Suicune|232\/404 par
|cant|p1a: Suicune|par
|
|-heal|p2a: Blissey|572\/659|[from] item: Leftovers
|turn|15
|
|move|p2a: Blissey|Seismic Toss|p1a: Suicune
|-damage|p1a: Suicune|132\/404 par
|cant|p1a: Suicune|par
|
|-heal|p2a: Blissey|613\/659|[from] item: Leftovers
|turn|16
|
|switch|p1a: Gligar|Gligar, M|334\/334
|move|p2a: Blissey|Seismic Toss|p1a: Gligar
|-damage|p1a: Gligar|234\/334
|
|-heal|p2a: Blissey|654\/659|[from] item: Leftovers
|turn|17
|
|switch|p2a: Blastoise|Blastoise-Mega, M|59\/362
|move|p1a: Gligar|Stealth Rock|p2a: Blastoise
|-sidestart|p2: Ac44|move: Stealth Rock
|
|turn|18
|
|switch|p1a: Ampharos|Ampharos, F|369\/369
|move|p2a: Blastoise|Rapid Spin|p1a: Ampharos
|-damage|p1a: Ampharos|350\/369
|-sideend|p2: Ac44|Stealth Rock|[from] move: Rapid Spin|[of] p2a: Blastoise
|
|turn|19
|
|switch|p2a: Blissey|Blissey, F|654\/659
|detailschange|p1a: Ampharos|Ampharos-Mega, F
|message|Ampharos has Mega Evolved into Mega Ampharos!
|-ability|p1a: Ampharos|Mold Breaker
|move|p1a: Ampharos|Dragon Pulse|p2a: Blissey
|-damage|p2a: Blissey|536\/659
|
|-heal|p2a: Blissey|577\/659|[from] item: Leftovers
|turn|20
|
|move|p2a: Blissey|Thunder Wave|p1a: Ampharos
|-fail|p1a: Ampharos
|move|p1a: Ampharos|Volt Switch|p2a: Blissey
|-damage|p2a: Blissey|462\/659
|
|switch|p1a: Gligar|Gligar, M|234\/334
|
|-heal|p2a: Blissey|503\/659|[from] item: Leftovers
|turn|21
|
|switch|p2a: Blastoise|Blastoise-Mega, M|59\/362
|move|p1a: Gligar|Knock Off|p2a: Blastoise
|-damage|p2a: Blastoise|23\/362
|
|turn|22
|
|move|p1a: Gligar|Knock Off|p2a: Blastoise
|-damage|p2a: Blastoise|0 fnt
|faint|p2a: Blastoise
|
|
|switch|p2a: Mienshao|Mienshao, M|271\/271
|turn|23
|
|move|p2a: Mienshao|Fake Out|p1a: Gligar
|-damage|p1a: Gligar|203\/334
|-damage|p2a: Mienshao|244\/271|[from] item: Life Orb
|cant|p1a: Gligar|flinch
|
|turn|24
|
|move|p2a: Mienshao|Knock Off|p1a: Gligar
|-damage|p1a: Gligar|135\/334
|-enditem|p1a: Gligar|Eviolite|[from] move: Knock Off|[of] p2a: Mienshao
|-damage|p2a: Mienshao|217\/271|[from] item: Life Orb
|move|p1a: Gligar|Roost|p1a: Gligar
|-heal|p1a: Gligar|302\/334
|
|turn|25
|
|move|p2a: Mienshao|U-turn|p1a: Gligar
|-resisted|p1a: Gligar
|-damage|p1a: Gligar|266\/334
|-damage|p2a: Mienshao|190\/271|[from] item: Life Orb
|
|switch|p2a: Chandelure|Chandelure, M|324\/324
|move|p1a: Gligar|Stealth Rock|p2a: Chandelure
|-sidestart|p2: Ac44|move: Stealth Rock
|
|turn|26
|
|move|p1a: Gligar|Knock Off|p2a: Chandelure
|-supereffective|p2a: Chandelure
|-damage|p2a: Chandelure|198\/324
|-enditem|p2a: Chandelure|Leftovers|[from] move: Knock Off|[of] p1a: Gligar
|move|p2a: Chandelure|Fire Blast|p1a: Gligar
|-damage|p1a: Gligar|0 fnt
|faint|p1a: Gligar
|
|
|switch|p1a: Suicune|Suicune|132\/404 par
|-ability|p1a: Suicune|Pressure
|turn|27
|
|move|p2a: Chandelure|Energy Ball|p1a: Suicune
|-supereffective|p1a: Suicune
|-damage|p1a: Suicune|0 fnt
|faint|p1a: Suicune
|
|
|switch|p1a: Ampharos|Ampharos-Mega, F|350\/369
|-ability|p1a: Ampharos|Mold Breaker
|turn|28
|
|move|p2a: Chandelure|Shadow Ball|p1a: Ampharos
|-damage|p1a: Ampharos|205\/369
|move|p1a: Ampharos|Volt Switch|p2a: Chandelure
|-damage|p2a: Chandelure|20\/324
|
|switch|p1a: Hydreigon|Hydreigon, F|325\/325
|
|turn|29
|
|move|p1a: Hydreigon|Dark Pulse|p2a: Chandelure
|-supereffective|p2a: Chandelure
|-damage|p2a: Chandelure|0 fnt
|faint|p2a: Chandelure
|
|
|switch|p2a: Blissey|Blissey, F|503\/659
|-damage|p2a: Blissey|421\/659|[from] Stealth Rock
|turn|30
|
|switch|p1a: Ampharos|Ampharos-Mega, F|205\/369
|-ability|p1a: Ampharos|Mold Breaker
|move|p2a: Blissey|Thunder Wave|p1a: Ampharos
|-fail|p1a: Ampharos
|
|-heal|p2a: Blissey|462\/659|[from] item: Leftovers
|turn|31
|
|move|p2a: Blissey|Seismic Toss|p1a: Ampharos
|-damage|p1a: Ampharos|105\/369
|move|p1a: Ampharos|Thunderbolt|p2a: Blissey
|-damage|p2a: Blissey|315\/659
|
|-heal|p2a: Blissey|356\/659|[from] item: Leftovers
|turn|32
|
|move|p2a: Blissey|Soft-Boiled|p2a: Blissey
|-heal|p2a: Blissey|659\/659
|move|p1a: Ampharos|Volt Switch|p2a: Blissey
|-damage|p2a: Blissey|554\/659
|
|switch|p1a: Lucario|Lucario, F|281\/281
|
|-heal|p2a: Blissey|595\/659|[from] item: Leftovers
|turn|33
|
|switch|p2a: Gligar|Gligar, F|334\/334
|-damage|p2a: Gligar|293\/334|[from] Stealth Rock
|move|p1a: Lucario|Close Combat|p2a: Gligar
|-resisted|p2a: Gligar
|-damage|p2a: Gligar|235\/334
|-unboost|p1a: Lucario|def|1
|-unboost|p1a: Lucario|spd|1
|-damage|p1a: Lucario|253\/281|[from] item: Life Orb
|
|turn|34
|
|switch|p1a: Hydreigon|Hydreigon, F|325\/325
|move|p2a: Gligar|Stealth Rock|p1a: Hydreigon
|-sidestart|p1: tuRkizzle|move: Stealth Rock
|
|turn|35
|
|switch|p2a: Blissey|Blissey, F|595\/659
|-damage|p2a: Blissey|513\/659|[from] Stealth Rock
|move|p1a: Hydreigon|U-turn|p2a: Blissey
|-damage|p2a: Blissey|413\/659
|
|switch|p1a: Victini|Victini|341\/341
|-damage|p1a: Victini|256\/341|[from] Stealth Rock
|
|-heal|p2a: Blissey|454\/659|[from] item: Leftovers
|turn|36
|
|switch|p2a: Gligar|Gligar, F|235\/334
|-damage|p2a: Gligar|194\/334|[from] Stealth Rock
|move|p1a: Victini|V-create|p2a: Gligar
|-crit|p2a: Gligar
|-damage|p2a: Gligar|0 fnt
|-unboost|p1a: Victini|def|1
|-unboost|p1a: Victini|spd|1
|-unboost|p1a: Victini|spe|1
|faint|p2a: Gligar
|
|
|switch|p2a: Mienshao|Mienshao, M|271\/271
|-damage|p2a: Mienshao|255\/271|[from] Stealth Rock
|turn|37
|
|switch|p1a: Ampharos|Ampharos-Mega, F|105\/369
|-damage|p1a: Ampharos|59\/369|[from] Stealth Rock
|-ability|p1a: Ampharos|Mold Breaker
|move|p2a: Mienshao|Knock Off|p1a: Ampharos
|-damage|p1a: Ampharos|0 fnt
|-damage|p2a: Mienshao|228\/271|[from] item: Life Orb
|faint|p1a: Ampharos
|
|
|switch|p1a: Victini|Victini|256\/341
|-damage|p1a: Victini|171\/341|[from] Stealth Rock
|turn|38
|
|move|p2a: Mienshao|Knock Off|p1a: Victini
|-supereffective|p1a: Victini
|-damage|p1a: Victini|0 fnt
|-enditem|p1a: Victini|Choice Band|[from] move: Knock Off|[of] p2a: Mienshao
|-damage|p2a: Mienshao|201\/271|[from] item: Life Orb
|faint|p1a: Victini
|
|
|switch|p1a: Lucario|Lucario, F|253\/281
|-damage|p1a: Lucario|245\/281|[from] Stealth Rock
|turn|39
|
|move|p1a: Lucario|Extreme Speed|p2a: Mienshao
|-damage|p2a: Mienshao|13\/271
|-damage|p1a: Lucario|217\/281|[from] item: Life Orb
|move|p2a: Mienshao|High Jump Kick|p1a: Lucario
|-supereffective|p1a: Lucario
|-damage|p1a: Lucario|0 fnt
|-damage|p2a: Mienshao|0 fnt|[from] item: Life Orb
|faint|p1a: Lucario
|faint|p2a: Mienshao
|
|
|switch|p1a: Hydreigon|Hydreigon, F|325\/325
|-damage|p1a: Hydreigon|285\/325|[from] Stealth Rock
|switch|p2a: Blissey|Blissey, F|454\/659
|-damage|p2a: Blissey|372\/659|[from] Stealth Rock
|turn|40
|
|move|p1a: Hydreigon|Dark Pulse|p2a: Blissey
|-damage|p2a: Blissey|276\/659
|move|p2a: Blissey|Thunder Wave|p1a: Hydreigon
|-status|p1a: Hydreigon|par
|
|-heal|p2a: Blissey|317\/659|[from] item: Leftovers
|turn|41
|
|move|p2a: Blissey|Soft-Boiled|p2a: Blissey
|-heal|p2a: Blissey|647\/659
|move|p1a: Hydreigon|Dark Pulse|p2a: Blissey
|-damage|p2a: Blissey|563\/659
|
|-heal|p2a: Blissey|604\/659|[from] item: Leftovers
|turn|42
|join|LLLeeo
|-message|tuRkizzle forfeited.
|
|win|Ac44
|raw|Ladder updating...
|raw|tuRkizzle's rating: 1639 &rarr; <strong>1605<\/strong><br \/>(-34 for losing)
|raw|Ac44's rating: 1339 &rarr; <strong>1373<\/strong><br \/>(+34 for winning)
|leave|tuRkizzle
|player|p1
|leave|LLLeeo