|join|riahisama
|join|tuRkizzle
|player|p1|riahisama|163
|player|p2|tuRkizzle|238
|gametype|singles
|gen|6
|tier|UU
|rated
|rule|Sleep Clause Mod: Limit one foe put to sleep
|rule|Species Clause: Limit one of each Pokemon
|rule|OHKO Clause: OHKO moves are banned
|rule|Moody Clause: Moody is banned
|rule|Evasion Moves Clause: Evasion moves are banned
|rule|Endless Battle Clause: Forcing endless battles is banned.
|rule|HP Percentage Mod: HP is reported as percentages
|clearpoke
|poke|p1|Blastoise, M, shiny
|poke|p1|Mienshao, F, shiny
|poke|p1|Jirachi
|poke|p1|Shaymin
|poke|p1|Flygon, M, shiny
|poke|p1|Florges, F
|poke|p2|Nidoking, M
|poke|p2|Snorlax, M
|poke|p2|Victini
|poke|p2|Florges, F
|poke|p2|Blastoise, M
|poke|p2|Hydreigon, F
|teampreview
|
|start
|switch|p1a: Flygon|Flygon, M, shiny|301\/301
|switch|p2a: Blastoise|Blastoise, M|362\/362
|turn|1
|
|detailschange|p2a: Blastoise|Blastoise-Mega, M
|message|Blastoise has Mega Evolved into Mega Blastoise!
|move|p1a: Flygon|U-turn|p2a: Blastoise
|-damage|p2a: Blastoise|313\/362
|
|switch|p1a: Grace|Shaymin|341\/341
|move|p2a: Blastoise|Scald|p1a: Grace
|-resisted|p1a: Grace
|-damage|p1a: Grace|279\/341
|-status|p1a: Grace|brn
|
|-damage|p1a: Grace|237\/341 brn|[from] brn
|turn|2
|
|switch|p2a: Florges|Florges, F|360\/360
|move|p1a: Grace|Seed Flare|p2a: Florges|[miss]
|-miss|p1a: Grace|p2a: Florges
|
|-damage|p1a: Grace|195\/341 brn|[from] brn
|turn|3
|
|move|p1a: Grace|Rest|p1a: Grace
|-status|p1a: Grace|slp
|-heal|p1a: Grace|341\/341 slp|[silent]
|-status|p1a: Grace|slp|[from] move: Rest
|move|p2a: Florges|Moonblast|p1a: Grace
|-damage|p1a: Grace|221\/341 slp
|-unboost|p1a: Grace|spa|1
|
|turn|4
|
|switch|p1a: Jinpachi|Jirachi|341\/341
|move|p2a: Florges|Moonblast|p1a: Jinpachi
|-resisted|p1a: Jinpachi
|-damage|p1a: Jinpachi|276\/341
|
|-heal|p1a: Jinpachi|297\/341|[from] item: Leftovers
|turn|5
|
|switch|p2a: Victini|Victini|342\/342
|move|p1a: Jinpachi|Stealth Rock|p2a: Victini
|-sidestart|p2: tuRkizzle|move: Stealth Rock
|
|-heal|p1a: Jinpachi|318\/341|[from] item: Leftovers
|turn|6
|
|switch|p1a: Flygon|Flygon, M, shiny|301\/301
|move|p2a: Victini|Will-O-Wisp|p1a: Flygon
|-status|p1a: Flygon|brn
|
|-damage|p1a: Flygon|264\/301 brn|[from] brn
|turn|7
|
|switch|p2a: Florges|Florges, F|360\/360
|-damage|p2a: Florges|315\/360|[from] Stealth Rock
|move|p1a: Flygon|U-turn|p2a: Florges
|-resisted|p2a: Florges
|-damage|p2a: Florges|288\/360
|
|switch|p1a: Jinpachi|Jirachi|318\/341
|
|-heal|p1a: Jinpachi|339\/341|[from] item: Leftovers
|-heal|p2a: Florges|310\/360|[from] item: Leftovers
|turn|8
|
|switch|p2a: Blastoise|Blastoise-Mega, M|313\/362
|-damage|p2a: Blastoise|268\/362|[from] Stealth Rock
|move|p1a: Jinpachi|Body Slam|p2a: Blastoise
|-damage|p2a: Blastoise|211\/362
|
|-heal|p1a: Jinpachi|341\/341|[from] item: Leftovers
|turn|9
|
|move|p1a: Jinpachi|Body Slam|p2a: Blastoise
|-damage|p2a: Blastoise|157\/362
|move|p2a: Blastoise|Rapid Spin|p1a: Jinpachi
|-resisted|p1a: Jinpachi
|-damage|p1a: Jinpachi|334\/341
|-sideend|p2: tuRkizzle|Stealth Rock|[from] move: Rapid Spin|[of] p2a: Blastoise
|
|-heal|p1a: Jinpachi|341\/341|[from] item: Leftovers
|turn|10
|
|switch|p1a: Flora|Florges, F|359\/359
|move|p2a: Blastoise|Scald|p1a: Flora
|-damage|p1a: Flora|284\/359
|
|-heal|p1a: Flora|306\/359|[from] item: Leftovers
|turn|11
|
|move|p2a: Blastoise|Scald|p1a: Flora
|-damage|p1a: Flora|239\/359
|move|p1a: Flora|Aromatherapy|p1a: Flora
|-cureteam|p1a: Flora|[from] move: Aromatherapy
|
|-heal|p1a: Flora|261\/359|[from] item: Leftovers
|turn|12
|
|move|p2a: Blastoise|Scald|p1a: Flora
|-damage|p1a: Flora|191\/359
|move|p1a: Flora|Moonblast|p2a: Blastoise
|-damage|p2a: Blastoise|51\/362
|
|-heal|p1a: Flora|213\/359|[from] item: Leftovers
|turn|13
|
|move|p2a: Blastoise|Scald|p1a: Flora
|-damage|p1a: Flora|134\/359
|-status|p1a: Flora|brn
|move|p1a: Flora|Wish|p1a: Flora
|
|-heal|p1a: Flora|156\/359 brn|[from] item: Leftovers
|-damage|p1a: Flora|112\/359 brn|[from] brn
|turn|14
|
|switch|p2a: Nidoking|Nidoking, M|303\/303
|move|p1a: Flora|Moonblast|p2a: Nidoking
|-resisted|p2a: Nidoking
|-damage|p2a: Nidoking|231\/303
|
|-heal|p1a: Flora|291\/359 brn|[from] move: Wish|[wisher] Flora
|-heal|p1a: Flora|313\/359 brn|[from] item: Leftovers
|-damage|p1a: Flora|269\/359 brn|[from] brn
|turn|15
|
|switch|p1a: Flygon|Flygon, M, shiny|264\/301
|move|p2a: Nidoking|Sludge Wave|p1a: Flygon
|-resisted|p1a: Flygon
|-damage|p1a: Flygon|139\/301
|
|turn|16
|
|move|p1a: Flygon|U-turn|p2a: Nidoking
|-resisted|p2a: Nidoking
|-damage|p2a: Nidoking|182\/303
|
|switch|p1a: Jinpachi|Jirachi|341\/341
|move|p2a: Nidoking|Ice Beam|p1a: Jinpachi
|-resisted|p1a: Jinpachi
|-damage|p1a: Jinpachi|270\/341
|
|-heal|p1a: Jinpachi|291\/341|[from] item: Leftovers
|turn|17
|
|switch|p1a: Flygon|Flygon, M, shiny|139\/301
|switch|p2a: Hydreigon|Hydreigon, F|326\/326
|
|turn|18
|
|move|p1a: Flygon|Dragon Claw|p2a: Hydreigon
|-supereffective|p2a: Hydreigon
|-damage|p2a: Hydreigon|44\/326
|move|p2a: Hydreigon|Draco Meteor|p1a: Flygon
|-supereffective|p1a: Flygon
|-damage|p1a: Flygon|0 fnt
|-unboost|p2a: Hydreigon|spa|2
|faint|p1a: Flygon
|
|
|switch|p1a: konan|Mienshao, F, shiny|271\/271
|turn|19
|
|switch|p2a: Blastoise|Blastoise-Mega, M|51\/362
|move|p1a: konan|U-turn|p2a: Blastoise
|-damage|p2a: Blastoise|0 fnt
|-damage|p1a: konan|244\/271|[from] item: Life Orb
|faint|p2a: Blastoise
|
|switch|p1a: Blastoise|Blastoise, M, shiny|361\/361
|
|
|switch|p2a: Victini|Victini|342\/342
|turn|20
|
|detailschange|p1a: Blastoise|Blastoise-Mega, M, shiny
|message|Blastoise has Mega Evolved into Mega Blastoise!
|move|p2a: Victini|Will-O-Wisp|p1a: Blastoise
|-status|p1a: Blastoise|brn
|move|p1a: Blastoise|Scald|p2a: Victini
|-supereffective|p2a: Victini
|-damage|p2a: Victini|76\/342
|
|-damage|p1a: Blastoise|316\/361 brn|[from] brn
|turn|21
|
|switch|p2a: Hydreigon|Hydreigon, F|44\/326
|move|p1a: Blastoise|Scald|p2a: Hydreigon
|-resisted|p2a: Hydreigon
|-damage|p2a: Hydreigon|0 fnt
|faint|p2a: Hydreigon
|
|-damage|p1a: Blastoise|271\/361 brn|[from] brn
|
|switch|p2a: Snorlax|Snorlax, M|478\/478
|turn|22
|
|move|p1a: Blastoise|Scald|p2a: Snorlax
|-damage|p2a: Snorlax|394\/478
|-status|p2a: Snorlax|brn
|move|p2a: Snorlax|Curse|p2a: Snorlax
|-boost|p2a: Snorlax|atk|1
|-boost|p2a: Snorlax|def|1
|-unboost|p2a: Snorlax|spe|1
|
|-heal|p2a: Snorlax|423\/478 brn|[from] item: Leftovers
|-damage|p1a: Blastoise|226\/361 brn|[from] brn
|-damage|p2a: Snorlax|364\/478 brn|[from] brn
|turn|23
|
|switch|p1a: konan|Mienshao, F, shiny|271\/271
|move|p2a: Snorlax|Curse|p2a: Snorlax
|-boost|p2a: Snorlax|atk|1
|-boost|p2a: Snorlax|def|1
|-unboost|p2a: Snorlax|spe|1
|
|-heal|p2a: Snorlax|393\/478 brn|[from] item: Leftovers
|-damage|p2a: Snorlax|334\/478 brn|[from] brn
|turn|24
|
|move|p1a: konan|Fake Out|p2a: Snorlax
|-damage|p2a: Snorlax|299\/478 brn
|-damage|p1a: konan|244\/271|[from] item: Life Orb
|cant|p2a: Snorlax|flinch
|
|-heal|p2a: Snorlax|328\/478 brn|[from] item: Leftovers
|-damage|p2a: Snorlax|269\/478 brn|[from] brn
|turn|25
|
|move|p1a: konan|High Jump Kick|p2a: Snorlax
|-supereffective|p2a: Snorlax
|-damage|p2a: Snorlax|0 fnt
|-damage|p1a: konan|217\/271|[from] item: Life Orb
|faint|p2a: Snorlax
|
|
|switch|p2a: Victini|Victini|76\/342
|turn|26
|
|move|p2a: Victini|V-create|p1a: konan
|-damage|p1a: konan|0 fnt
|-unboost|p2a: Victini|def|1
|-unboost|p2a: Victini|spd|1
|-unboost|p2a: Victini|spe|1
|faint|p1a: konan
|
|
|switch|p1a: Grace|Shaymin|221\/341
|turn|27
|
|move|p1a: Grace|Earth Power|p2a: Victini
|-supereffective|p2a: Victini
|-damage|p2a: Victini|0 fnt
|-damage|p1a: Grace|187\/341|[from] item: Life Orb
|faint|p2a: Victini
|
|
|switch|p2a: Nidoking|Nidoking, M|182\/303
|turn|28
|
|move|p1a: Grace|Psychic|p2a: Nidoking
|-supereffective|p2a: Nidoking
|-damage|p2a: Nidoking|0 fnt
|-damage|p1a: Grace|153\/341|[from] item: Life Orb
|faint|p2a: Nidoking
|
|-message|tuRkizzle forfeited.
|
|win|riahisama
|raw|Ladder updating...
|leave|tuRkizzle
|player|p2
|raw|riahisama's rating: 1397 &rarr; <strong>1408<\/strong><br \/>(+11 for winning)
|raw|tuRkizzle's rating: 1218 &rarr; <strong>1205<\/strong><br \/>(-13 for losing)