|join|tbarber2312
|join|tuRkizzle
|player|p1|tbarber2312|214
|player|p2|tuRkizzle|238
|gametype|singles
|gen|6
|tier|UU
|rated
|rule|Sleep Clause Mod: Limit one foe put to sleep
|rule|Species Clause: Limit one of each Pokemon
|rule|OHKO Clause: OHKO moves are banned
|rule|Moody Clause: Moody is banned
|rule|Evasion Moves Clause: Evasion moves are banned
|rule|Endless Battle Clause: Forcing endless battles is banned.
|rule|HP Percentage Mod: HP is reported as percentages
|clearpoke
|poke|p1|Toxicroak, M
|poke|p1|Donphan, M
|poke|p1|Milotic, F
|poke|p1|Noivern, F
|poke|p1|Honchkrow, F
|poke|p1|Manectric, F
|poke|p2|Forretress, M
|poke|p2|Suicune
|poke|p2|Jolteon, M
|poke|p2|Florges, F
|poke|p2|Victini, shiny
|poke|p2|Hydreigon, F
|teampreview
|
|start
|switch|p1a: Noivern|Noivern, F|312\/312
|switch|p2a: Victini|Victini, shiny|342\/342
|turn|1
|
|move|p2a: Victini|U-turn|p1a: Noivern
|-resisted|p1a: Noivern
|-damage|p1a: Noivern|270\/312
|
|switch|p2a: Jolteon|Jolteon, M|272\/272
|move|p1a: Noivern|Dark Pulse|p2a: Jolteon
|-damage|p2a: Jolteon|197\/272
|
|turn|2
|
|switch|p1a: Donphan|Donphan, M|384\/384
|move|p2a: Jolteon|Iron Tail|p1a: Donphan
|-damage|p1a: Donphan|340\/384
|-damage|p2a: Jolteon|170\/272|[from] item: Life Orb
|
|-heal|p1a: Donphan|364\/384|[from] item: Leftovers
|turn|3
|
|switch|p2a: Suicune|Suicune|404\/404
|-ability|p2a: Suicune|Pressure
|move|p1a: Donphan|Stealth Rock|p2a: Suicune
|-sidestart|p2: tuRkizzle|move: Stealth Rock
|
|-heal|p1a: Donphan|384\/384|[from] item: Leftovers
|turn|4
|join|deadeyebug
|
|switch|p1a: Toxicroak|Toxicroak, M|308\/308
|move|p2a: Suicune|Scald|p1a: Toxicroak
|-immune|p1a: Toxicroak|[msg]
|
|turn|5
|
|switch|p2a: Forretress|Forretress, M|354\/354
|-damage|p2a: Forretress|310\/354|[from] Stealth Rock
|move|p1a: Toxicroak|Swords Dance|p1a: Toxicroak
|-boost|p1a: Toxicroak|atk|2
|
|-heal|p2a: Forretress|332\/354|[from] item: Leftovers
|turn|6
|
|move|p1a: Toxicroak|Drain Punch|p2a: Forretress
|-damage|p2a: Forretress|197\/354
|move|p2a: Forretress|Stealth Rock|p1a: Toxicroak
|-sidestart|p1: tbarber2312|move: Stealth Rock
|
|-heal|p2a: Forretress|219\/354|[from] item: Leftovers
|turn|7
|
|switch|p2a: Victini|Victini, shiny|342\/342
|-damage|p2a: Victini|257\/342|[from] Stealth Rock
|move|p1a: Toxicroak|Drain Punch|p2a: Victini
|-resisted|p2a: Victini
|-damage|p2a: Victini|127\/342
|
|turn|8
|
|move|p1a: Toxicroak|Sucker Punch|p2a: Victini
|-supereffective|p2a: Victini
|-damage|p2a: Victini|0 fnt
|faint|p2a: Victini
|
|
|switch|p2a: Hydreigon|Hydreigon, F|325\/325
|-damage|p2a: Hydreigon|285\/325|[from] Stealth Rock
|turn|9
|
|move|p2a: Hydreigon|Earthquake|p1a: Toxicroak
|-supereffective|p1a: Toxicroak
|-damage|p1a: Toxicroak|88\/308
|move|p1a: Toxicroak|Drain Punch|p2a: Hydreigon
|-supereffective|p2a: Hydreigon
|-damage|p2a: Hydreigon|0 fnt
|-heal|p1a: Toxicroak|231\/308|[from] drain|[of] p2a: Hydreigon
|faint|p2a: Hydreigon
|
|
|switch|p2a: Jolteon|Jolteon, M|170\/272
|-damage|p2a: Jolteon|136\/272|[from] Stealth Rock
|turn|10
|
|move|p1a: Toxicroak|Sucker Punch|p2a: Jolteon
|-damage|p2a: Jolteon|0 fnt
|faint|p2a: Jolteon
|
|
|switch|p2a: Florges|Florges, F|353\/353
|-damage|p2a: Florges|309\/353|[from] Stealth Rock
|turn|11
|
|move|p1a: Toxicroak|Poison Jab|p2a: Florges
|-supereffective|p2a: Florges
|-damage|p2a: Florges|0 fnt
|faint|p2a: Florges
|
|-message|tuRkizzle forfeited.
|
|win|tbarber2312
|raw|Ladder updating...
|raw|tbarber2312's rating: 1167 &rarr; <strong>1195<\/strong><br \/>(+28 for winning)
|raw|tuRkizzle's rating: 1217 &rarr; <strong>1188<\/strong><br \/>(-29 for losing)
|leave|tuRkizzle
|player|p2