|join|ULT Mael
|join|tuRkizzle
|player|p1|ULT Mael|285
|player|p2|tuRkizzle|115
|gametype|singles
|gen|6
|tier|UU
|rated
|rule|Sleep Clause Mod: Limit one foe put to sleep
|rule|Species Clause: Limit one of each PokÃ©mon
|rule|OHKO Clause: OHKO moves are banned
|rule|Moody Clause: Moody is banned
|rule|Evasion Moves Clause: Evasion moves are banned
|rule|Endless Battle Clause: Forcing endless battles is banned
|rule|HP Percentage Mod: HP is shown in percentages
|clearpoke
|poke|p1|Hippowdon, M
|poke|p1|Stoutland, M
|poke|p1|Crobat, F
|poke|p1|Vaporeon, F
|poke|p1|Celebi
|poke|p1|Chandelure, M
|poke|p2|Togekiss, M
|poke|p2|Ampharos, F
|poke|p2|Suicune
|poke|p2|Hydreigon, F
|poke|p2|Victini
|poke|p2|Lucario, F
|rule|Swagger Clause: Swagger is banned
|rule|Baton Pass Clause: Limit one PokÃ©mon knowing Baton Pass
|teampreview
|
|start
|switch|p1a: be smart friend|Chandelure, M|281\/281
|switch|p2a: Ampharos|Ampharos, F|369\/369
|turn|1
|
|detailschange|p2a: Ampharos|Ampharos-Mega, F
|message|Ampharos has Mega Evolved into Mega Ampharos!
|-ability|p2a: Ampharos|Mold Breaker
|move|p1a: be smart friend|Shadow Ball|p2a: Ampharos
|-damage|p2a: Ampharos|135\/369
|-unboost|p2a: Ampharos|spd|1
|move|p2a: Ampharos|Dragon Pulse|p1a: be smart friend
|-damage|p1a: be smart friend|46\/281
|
|turn|2
|
|switch|p2a: Togekiss|Togekiss, M|374\/374
|move|p1a: be smart friend|Shadow Ball|p2a: Togekiss
|-damage|p2a: Togekiss|152\/374
|-unboost|p2a: Togekiss|spd|1
|
|-heal|p2a: Togekiss|175\/374|[from] item: Leftovers
|turn|3
|
|move|p1a: be smart friend|Shadow Ball|p2a: Togekiss
|-damage|p2a: Togekiss|0 fnt
|faint|p2a: Togekiss
|
|
|switch|p2a: Hydreigon|Hydreigon, F|325\/325
|turn|4
|
|switch|p1a: sincerely nice|Vaporeon, F|463\/463
|move|p2a: Hydreigon|U-turn|p1a: sincerely nice
|-damage|p1a: sincerely nice|382\/463
|
|switch|p2a: Ampharos|Ampharos-Mega, F|135\/369
|-ability|p2a: Ampharos|Mold Breaker
|
|-heal|p1a: sincerely nice|410\/463|[from] item: Leftovers
|turn|5
|
|move|p1a: sincerely nice|Wish|p1a: sincerely nice
|move|p2a: Ampharos|Hidden Power|p1a: sincerely nice
|-supereffective|p1a: sincerely nice
|-damage|p1a: sincerely nice|260\/463
|
|-heal|p1a: sincerely nice|288\/463|[from] item: Leftovers
|turn|6
|
|move|p1a: sincerely nice|Ice Beam|p2a: Ampharos
|-supereffective|p2a: Ampharos
|-damage|p2a: Ampharos|0 fnt
|faint|p2a: Ampharos
|
|-heal|p1a: sincerely nice|463\/463|[from] move: Wish|[wisher] sincerely nice
|
|switch|p2a: Suicune|Suicune|404\/404
|-ability|p2a: Suicune|Pressure
|turn|7
|
|switch|p1a: lets play jokes|Celebi|341\/341
|move|p2a: Suicune|Calm Mind|p2a: Suicune
|-boost|p2a: Suicune|spa|1
|-boost|p2a: Suicune|spd|1
|
|turn|8
|
|move|p1a: lets play jokes|Nasty Plot|p1a: lets play jokes
|-boost|p1a: lets play jokes|spa|2
|move|p2a: Suicune|Scald|p1a: lets play jokes
|-resisted|p1a: lets play jokes
|-damage|p1a: lets play jokes|275\/341
|
|turn|9
|
|move|p1a: lets play jokes|Giga Drain|p2a: Suicune
|-supereffective|p2a: Suicune
|-damage|p2a: Suicune|158\/404
|-heal|p1a: lets play jokes|341\/341|[from] drain|[of] p2a: Suicune
|move|p2a: Suicune|Scald|p1a: lets play jokes
|-resisted|p1a: lets play jokes
|-damage|p1a: lets play jokes|281\/341
|-status|p1a: lets play jokes|brn
|
|-heal|p2a: Suicune|183\/404|[from] item: Leftovers
|-damage|p1a: lets play jokes|239\/341 brn|[from] brn
|turn|10
|
|switch|p2a: Victini|Victini|341\/341
|move|p1a: lets play jokes|Giga Drain|p2a: Victini
|-resisted|p2a: Victini
|-damage|p2a: Victini|232\/341
|-heal|p1a: lets play jokes|294\/341 brn|[from] drain|[of] p2a: Victini
|
|-damage|p1a: lets play jokes|252\/341 brn|[from] brn
|turn|11
|
|switch|p1a: be smart friend|Chandelure, M|46\/281
|move|p2a: Victini|U-turn|p1a: be smart friend
|-resisted|p1a: be smart friend
|-damage|p1a: be smart friend|16\/281
|
|switch|p2a: Hydreigon|Hydreigon, F|325\/325
|
|turn|12
|
|move|p2a: Hydreigon|U-turn|p1a: be smart friend
|-resisted|p1a: be smart friend
|-damage|p1a: be smart friend|1\/281
|
|switch|p2a: Suicune|Suicune|183\/404
|-ability|p2a: Suicune|Pressure
|move|p1a: be smart friend|Shadow Ball|p2a: Suicune
|-damage|p2a: Suicune|0 fnt
|faint|p2a: Suicune
|
|
|switch|p2a: Hydreigon|Hydreigon, F|325\/325
|turn|13
|
|move|p2a: Hydreigon|U-turn|p1a: be smart friend
|-resisted|p1a: be smart friend
|-damage|p1a: be smart friend|0 fnt
|faint|p1a: be smart friend
|
|switch|p2a: Victini|Victini|232\/341
|
|
|switch|p1a: i give my blood|Hippowdon, M|420\/420
|-weather|Sandstorm
|turn|14
|
|move|p2a: Victini|Trick|p1a: i give my blood
|-activate|p2a: Victini|move: Trick|[of] p1a: i give my blood
|-item|p1a: i give my blood|Choice Band|[from] move: Trick
|-item|p2a: Victini|Smooth Rock|[from] move: Trick
|move|p1a: i give my blood|Stealth Rock|p2a: Victini
|-sidestart|p2: tuRkizzle|move: Stealth Rock
|
|-weather|Sandstorm|[upkeep]
|-damage|p2a: Victini|211\/341|[from] sandstorm
|turn|15
|
|switch|p1a: looking out|Crobat, F|373\/373
|move|p2a: Victini|V-create|p1a: looking out
|-damage|p1a: looking out|57\/373
|-unboost|p2a: Victini|def|1
|-unboost|p2a: Victini|spd|1
|-unboost|p2a: Victini|spe|1
|
|-weather|Sandstorm|[upkeep]
|-damage|p1a: looking out|34\/373|[from] sandstorm
|-damage|p2a: Victini|190\/341|[from] sandstorm
|-heal|p1a: looking out|57\/373|[from] item: Leftovers
|turn|16
|
|move|p1a: looking out|Brave Bird|p2a: Victini
|-damage|p2a: Victini|0 fnt
|-damage|p1a: looking out|0 fnt|[from] recoil|[of] p2a: Victini
|faint|p2a: Victini
|faint|p1a: looking out
|
|-weather|Sandstorm|[upkeep]
|
|switch|p2a: Hydreigon|Hydreigon, F|325\/325
|-damage|p2a: Hydreigon|285\/325|[from] Stealth Rock
|switch|p1a: i care for you|Stoutland, M|311\/311
|turn|17
|
|move|p1a: i care for you|Superpower|p2a: Hydreigon
|-supereffective|p2a: Hydreigon
|-damage|p2a: Hydreigon|0 fnt
|-unboost|p1a: i care for you|atk|1
|-unboost|p1a: i care for you|def|1
|faint|p2a: Hydreigon
|
|-weather|Sandstorm|[upkeep]
|
|switch|p2a: Lucario|Lucario, F|281\/281
|-damage|p2a: Lucario|273\/281|[from] Stealth Rock
|turn|18
|
|move|p1a: i care for you|Superpower|p2a: Lucario
|-crit|p2a: Lucario
|-supereffective|p2a: Lucario
|-damage|p2a: Lucario|0 fnt
|-unboost|p1a: i care for you|atk|1
|-unboost|p1a: i care for you|def|1
|faint|p2a: Lucario
|
|win|ULT Mael
|raw|Ladder updating...
|raw|ULT Mael's rating: 1561 &rarr; <strong>1580<\/strong><br \/>(+19 for winning)
|raw|tuRkizzle's rating: 1547 &rarr; <strong>1528<\/strong><br \/>(-19 for losing)
|leave|tuRkizzle
|player|p2