|join|tuRkizzle
|join|Haxxhatred
|player|p1|tuRkizzle|115
|player|p2|Haxxhatred|169
|gametype|singles
|gen|6
|tier|UU
|rated
|rule|Sleep Clause Mod: Limit one foe put to sleep
|rule|Species Clause: Limit one of each PokÃ©mon
|rule|OHKO Clause: OHKO moves are banned
|rule|Moody Clause: Moody is banned
|rule|Evasion Moves Clause: Evasion moves are banned
|rule|Endless Battle Clause: Forcing endless battles is banned
|rule|HP Percentage Mod: HP is reported as percentages
|clearpoke
|poke|p1|Lucario, F
|poke|p1|Suicune
|poke|p1|Snorlax, M
|poke|p1|Darmanitan, F
|poke|p1|Hydreigon, F
|poke|p1|Mew
|poke|p2|Chandelure, F
|poke|p2|Hydreigon, F
|poke|p2|Starmie
|poke|p2|Vanilluxe, M
|poke|p2|Krookodile, M
|poke|p2|Aggron, F
|rule|Swagger Clause: Swagger is banned
|rule|Baton Pass Clause: Limit one PokÃ©mon knowing Baton Pass
|teampreview
|
|start
|switch|p1a: Mew|Mew|404\/404
|switch|p2a: Hydreigon|Hydreigon, F|355\/355
|turn|1
|
|move|p2a: Hydreigon|Taunt|p1a: Mew
|-start|p1a: Mew|move: Taunt
|move|p1a: Mew|Knock Off|p2a: Hydreigon
|-resisted|p2a: Hydreigon
|-damage|p2a: Hydreigon|327\/355
|-enditem|p2a: Hydreigon|Leftovers|[from] move: Knock Off|[of] p1a: Mew
|
|turn|2
|
|switch|p2a: Krookodile|Krookodile, M|353\/353
|-ability|p2a: Krookodile|Intimidate|[of] p1a: Mew
|-unboost|p1a: Mew|atk|1
|switch|p1a: Suicune|Suicune|404\/404
|-ability|p1a: Suicune|Pressure
|
|turn|3
|
|switch|p2a: Starmie|Starmie|302\/302
|move|p1a: Suicune|Calm Mind|p1a: Suicune
|-boost|p1a: Suicune|spa|1
|-boost|p1a: Suicune|spd|1
|
|turn|4
|
|move|p2a: Starmie|Trick|p1a: Suicune
|-activate|p2a: Starmie|move: Trick|[of] p1a: Suicune
|-item|p1a: Suicune|Choice Scarf|[from] move: Trick
|-item|p2a: Starmie|Leftovers|[from] move: Trick
|move|p1a: Suicune|Scald|p2a: Starmie
|-resisted|p2a: Starmie
|-damage|p2a: Starmie|227\/302
|-status|p2a: Starmie|brn
|
|-heal|p2a: Starmie|245\/302 brn|[from] item: Leftovers
|-damage|p2a: Starmie|208\/302 brn|[from] brn
|turn|5
|
|move|p1a: Suicune|Scald|p2a: Starmie
|-resisted|p2a: Starmie
|-damage|p2a: Starmie|135\/302 brn
|move|p2a: Starmie|Psyshock|p1a: Suicune
|-damage|p1a: Suicune|319\/404
|
|-heal|p2a: Starmie|153\/302 brn|[from] item: Leftovers
|-damage|p2a: Starmie|116\/302 brn|[from] brn
|turn|6
|
|move|p1a: Suicune|Scald|p2a: Starmie
|-resisted|p2a: Starmie
|-damage|p2a: Starmie|44\/302 brn
|move|p2a: Starmie|Hydro Pump|p1a: Suicune
|-resisted|p1a: Suicune
|-damage|p1a: Suicune|265\/404
|
|-heal|p2a: Starmie|62\/302 brn|[from] item: Leftovers
|-damage|p2a: Starmie|25\/302 brn|[from] brn
|turn|7
|
|switch|p2a: Hydreigon|Hydreigon, F|327\/355
|move|p1a: Suicune|Scald|p2a: Hydreigon
|-resisted|p2a: Hydreigon
|-damage|p2a: Hydreigon|257\/355
|-status|p2a: Hydreigon|brn
|
|-damage|p2a: Hydreigon|213\/355 brn|[from] brn
|turn|8
|
|move|p1a: Suicune|Scald|p2a: Hydreigon
|-resisted|p2a: Hydreigon
|-damage|p2a: Hydreigon|144\/355 brn
|move|p2a: Hydreigon|Dragon Pulse|p1a: Suicune
|-damage|p1a: Suicune|186\/404
|
|-damage|p2a: Hydreigon|100\/355 brn|[from] brn
|turn|9
|
|move|p1a: Suicune|Scald|p2a: Hydreigon
|-resisted|p2a: Hydreigon
|-damage|p2a: Hydreigon|28\/355 brn
|move|p2a: Hydreigon|Roost|p2a: Hydreigon
|-heal|p2a: Hydreigon|206\/355 brn
|
|-damage|p2a: Hydreigon|162\/355 brn|[from] brn
|turn|10
|
|move|p1a: Suicune|Scald|p2a: Hydreigon
|-resisted|p2a: Hydreigon
|-damage|p2a: Hydreigon|91\/355 brn
|move|p2a: Hydreigon|Roost|p2a: Hydreigon
|-heal|p2a: Hydreigon|269\/355 brn
|
|-damage|p2a: Hydreigon|225\/355 brn|[from] brn
|turn|11
|
|move|p1a: Suicune|Scald|p2a: Hydreigon
|-resisted|p2a: Hydreigon
|-damage|p2a: Hydreigon|157\/355 brn
|move|p2a: Hydreigon|Roost|p2a: Hydreigon
|-heal|p2a: Hydreigon|335\/355 brn
|
|-damage|p2a: Hydreigon|291\/355 brn|[from] brn
|turn|12
|
|move|p1a: Suicune|Scald|p2a: Hydreigon
|-resisted|p2a: Hydreigon
|-damage|p2a: Hydreigon|220\/355 brn
|move|p2a: Hydreigon|Dragon Pulse|p1a: Suicune
|-crit|p1a: Suicune
|-damage|p1a: Suicune|26\/404
|
|-damage|p2a: Hydreigon|176\/355 brn|[from] brn
|turn|13
|
|move|p1a: Suicune|Scald|p2a: Hydreigon
|-resisted|p2a: Hydreigon
|-damage|p2a: Hydreigon|104\/355 brn
|move|p2a: Hydreigon|Roost|p2a: Hydreigon
|-heal|p2a: Hydreigon|282\/355 brn
|
|-damage|p2a: Hydreigon|238\/355 brn|[from] brn
|turn|14
|
|move|p1a: Suicune|Scald|p2a: Hydreigon
|-resisted|p2a: Hydreigon
|-damage|p2a: Hydreigon|174\/355 brn
|move|p2a: Hydreigon|Roost|p2a: Hydreigon
|-heal|p2a: Hydreigon|352\/355 brn
|
|-damage|p2a: Hydreigon|308\/355 brn|[from] brn
|turn|15
|
|move|p1a: Suicune|Scald|p2a: Hydreigon
|-resisted|p2a: Hydreigon
|-damage|p2a: Hydreigon|235\/355 brn
|move|p2a: Hydreigon|Dragon Pulse|p1a: Suicune
|-damage|p1a: Suicune|0 fnt
|faint|p1a: Suicune
|
|-damage|p2a: Hydreigon|191\/355 brn|[from] brn
|
|switch|p1a: Hydreigon|Hydreigon, F|325\/325
|turn|16
|
|switch|p2a: Aggron|Aggron, F|328\/328
|move|p1a: Hydreigon|Draco Meteor|p2a: Aggron
|-resisted|p2a: Aggron
|-damage|p2a: Aggron|71\/328
|-unboost|p1a: Hydreigon|spa|2
|
|turn|17
|
|switch|p2a: Starmie|Starmie|25\/302
|move|p1a: Hydreigon|Draco Meteor|p2a: Starmie
|-damage|p2a: Starmie|0 fnt
|-unboost|p1a: Hydreigon|spa|2
|faint|p2a: Starmie
|
|
|switch|p2a: Aggron|Aggron, F|71\/328
|turn|18
|
|detailschange|p2a: Aggron|Aggron-Mega, F
|message|Aggron has Mega Evolved into Mega Aggron!
|move|p1a: Hydreigon|Draco Meteor|p2a: Aggron
|-resisted|p2a: Aggron
|-damage|p2a: Aggron|0 fnt
|-unboost|p1a: Hydreigon|spa|2
|faint|p2a: Aggron
|
|
|switch|p2a: Krookodile|Krookodile, M|353\/353
|-ability|p2a: Krookodile|Intimidate|[of] p1a: Hydreigon
|-unboost|p1a: Hydreigon|atk|1
|turn|19
|
|switch|p1a: Darmanitan|Darmanitan, F|352\/352
|move|p2a: Krookodile|Earthquake|p1a: Darmanitan
|-supereffective|p1a: Darmanitan
|-damage|p1a: Darmanitan|0 fnt
|-damage|p2a: Krookodile|318\/353|[from] item: Life Orb
|faint|p1a: Darmanitan
|
|
|switch|p1a: Mew|Mew|404\/404
|turn|20
|
|move|p2a: Krookodile|Taunt|p1a: Mew
|-start|p1a: Mew|move: Taunt
|move|p1a: Mew|Knock Off|p2a: Krookodile
|-resisted|p2a: Krookodile
|-damage|p2a: Krookodile|273\/353
|-enditem|p2a: Krookodile|Life Orb|[from] move: Knock Off|[of] p1a: Mew
|
|turn|21
|
|switch|p1a: Lucario|Lucario, F|281\/281
|move|p2a: Krookodile|Knock Off|p1a: Lucario
|-resisted|p1a: Lucario
|-damage|p1a: Lucario|161\/281
|-boost|p1a: Lucario|atk|1|[from] ability: Justified
|-enditem|p1a: Lucario|Life Orb|[from] move: Knock Off|[of] p2a: Krookodile
|
|turn|22
|
|switch|p2a: Chandelure|Chandelure, F|315\/315
|move|p1a: Lucario|Close Combat|p2a: Chandelure
|-immune|p2a: Chandelure|[msg]
|
|turn|23
|
|move|p1a: Lucario|Crunch|p2a: Chandelure
|-supereffective|p2a: Chandelure
|-damage|p2a: Chandelure|65\/315
|move|p2a: Chandelure|Shadow Ball|p1a: Lucario
|-damage|p1a: Lucario|0 fnt
|-damage|p2a: Chandelure|34\/315|[from] item: Life Orb
|faint|p1a: Lucario
|
|
|switch|p1a: Hydreigon|Hydreigon, F|325\/325
|turn|24
|
|move|p1a: Hydreigon|U-turn|p2a: Chandelure
|-resisted|p2a: Chandelure
|-damage|p2a: Chandelure|21\/315
|
|switch|p1a: Snorlax|Snorlax, M|524\/524
|move|p2a: Chandelure|Fire Blast|p1a: Snorlax
|-damage|p1a: Snorlax|433\/524
|-status|p1a: Snorlax|brn
|-damage|p2a: Chandelure|0 fnt|[from] item: Life Orb
|faint|p2a: Chandelure
|
|-heal|p1a: Snorlax|465\/524 brn|[from] item: Leftovers
|-damage|p1a: Snorlax|400\/524 brn|[from] brn
|
|switch|p2a: Hydreigon|Hydreigon, F|191\/355 brn
|turn|25
|
|move|p2a: Hydreigon|Taunt|p1a: Snorlax
|-start|p1a: Snorlax|move: Taunt
|cant|p1a: Snorlax|move: Taunt|Rest
|
|-heal|p1a: Snorlax|432\/524 brn|[from] item: Leftovers
|-damage|p2a: Hydreigon|147\/355 brn|[from] brn
|-damage|p1a: Snorlax|367\/524 brn|[from] brn
|turn|26
|
|move|p2a: Hydreigon|Dark Pulse|p1a: Snorlax
|-damage|p1a: Snorlax|280\/524 brn
|move|p1a: Snorlax|Body Slam|p2a: Hydreigon
|-damage|p2a: Hydreigon|107\/355 brn
|
|-heal|p1a: Snorlax|312\/524 brn|[from] item: Leftovers
|-damage|p2a: Hydreigon|63\/355 brn|[from] brn
|-damage|p1a: Snorlax|247\/524 brn|[from] brn
|turn|27
|
|switch|p1a: Hydreigon|Hydreigon, F|325\/325
|move|p2a: Hydreigon|Dragon Pulse|p1a: Hydreigon
|-supereffective|p1a: Hydreigon
|-damage|p1a: Hydreigon|55\/325
|
|-damage|p2a: Hydreigon|19\/355 brn|[from] brn
|turn|28
|
|switch|p2a: Vanilluxe|Vanilluxe, M|302\/302
|move|p1a: Hydreigon|U-turn|p2a: Vanilluxe
|-damage|p2a: Vanilluxe|247\/302
|-boost|p2a: Vanilluxe|spe|1|[from] ability: Weak Armor
|-unboost|p2a: Vanilluxe|def|1|[from] ability: Weak Armor
|
|switch|p1a: Snorlax|Snorlax, M|247\/524 brn
|
|-heal|p1a: Snorlax|279\/524 brn|[from] item: Leftovers
|-damage|p1a: Snorlax|214\/524 brn|[from] brn
|turn|29
|
|move|p2a: Vanilluxe|Taunt|p1a: Snorlax
|-start|p1a: Snorlax|move: Taunt
|cant|p1a: Snorlax|move: Taunt|Rest
|
|-heal|p1a: Snorlax|246\/524 brn|[from] item: Leftovers
|-damage|p1a: Snorlax|181\/524 brn|[from] brn
|turn|30
|
|switch|p1a: Hydreigon|Hydreigon, F|55\/325
|move|p2a: Vanilluxe|Freeze-Dry|p1a: Hydreigon
|-supereffective|p1a: Hydreigon
|-damage|p1a: Hydreigon|0 fnt
|-damage|p2a: Vanilluxe|217\/302|[from] item: Life Orb
|faint|p1a: Hydreigon
|
|
|switch|p1a: Mew|Mew|404\/404
|turn|31
|
|move|p2a: Vanilluxe|Explosion|p1a: Mew
|-damage|p1a: Mew|53\/404
|faint|p2a: Vanilluxe
|move|p1a: Mew|Knock Off|p2: Vanilluxe|[notarget]
|-notarget
|
|-heal|p1a: Mew|78\/404|[from] item: Leftovers
|-message|tuRkizzle forfeited.
|
|win|Haxxhatred
|raw|Ladder updating...
|leave|tuRkizzle
|player|p1
|raw|tuRkizzle's rating: 1455 &rarr; <strong>1430<\/strong><br \/>(-25 for losing)
|raw|Haxxhatred's rating: 1358 &rarr; <strong>1384<\/strong><br \/>(+26 for winning)