|join|chuckacola addict
|join|tuRkizzle
|player|p1|chuckacola addict|265
|player|p2|tuRkizzle|115
|gametype|singles
|gen|6
|tier|UU
|rated
|rule|Sleep Clause Mod: Limit one foe put to sleep
|rule|Species Clause: Limit one of each PokÃ©mon
|rule|OHKO Clause: OHKO moves are banned
|rule|Moody Clause: Moody is banned
|rule|Evasion Moves Clause: Evasion moves are banned
|rule|Endless Battle Clause: Forcing endless battles is banned
|rule|HP Percentage Mod: HP is shown in percentages
|clearpoke
|poke|p1|Jirachi, shiny
|poke|p1|Forretress, M
|poke|p1|Entei, shiny
|poke|p1|Porygon2, shiny
|poke|p1|Zygarde
|poke|p1|Sharpedo, F, shiny
|poke|p2|Jirachi
|poke|p2|Lucario, F
|poke|p2|Krookodile, M
|poke|p2|Zygarde
|poke|p2|Blastoise, M
|poke|p2|Raikou
|rule|Swagger Clause: Swagger is banned
|rule|Baton Pass Clause: Limit one PokÃ©mon knowing Baton Pass
|teampreview
|
|start
|switch|p1a: Zygarde|Zygarde|358\/358
|switch|p2a: Krookizzle|Krookodile, M|331\/331
|-ability|p2a: Krookizzle|Intimidate|[of] p1a: Zygarde
|-unboost|p1a: Zygarde|atk|1
|-ability|p1a: Zygarde|Aura Break
|turn|1
|
|move|p2a: Krookizzle|Earthquake|p1a: Zygarde
|-damage|p1a: Zygarde|142\/358
|move|p1a: Zygarde|Dragon Dance|p1a: Zygarde
|-boost|p1a: Zygarde|atk|1
|-boost|p1a: Zygarde|spe|1
|
|turn|2
|
|switch|p2a: Jirizzle|Jirachi|341\/341
|move|p1a: Zygarde|Outrage|p2a: Jirizzle
|-resisted|p2a: Jirizzle
|-damage|p2a: Jirizzle|239\/341
|
|turn|3
|
|move|p2a: Jirizzle|Iron Head|p1a: Zygarde
|-damage|p1a: Zygarde|36\/358
|cant|p1a: Zygarde|flinch
|
|-end|p1a: Zygarde|rampage
|-start|p1a: Zygarde|confusion
|-enditem|p1a: Zygarde|Lum Berry|[eat]
|-end|p1a: Zygarde|confusion
|turn|4
|
|switch|p1a: Forretress|Forretress, M|354\/354
|move|p2a: Jirizzle|Iron Head|p1a: Forretress
|-resisted|p1a: Forretress
|-damage|p1a: Forretress|319\/354
|
|-heal|p1a: Forretress|341\/354|[from] item: Leftovers
|turn|5
|
|switch|p2a: Blastizzle|Blastoise, M|333\/333
|move|p1a: Forretress|Stealth Rock|p2a: Blastizzle
|-sidestart|p2: tuRkizzle|move: Stealth Rock
|
|-heal|p1a: Forretress|354\/354|[from] item: Leftovers
|turn|6
|
|detailschange|p2a: Blastizzle|Blastoise-Mega, M
|message|Blastoise has Mega Evolved into Mega Blastoise!
|move|p2a: Blastizzle|Scald|p1a: Forretress
|-crit|p1a: Forretress
|-activate|p1a: Forretress|Sturdy
|-damage|p1a: Forretress|1\/354
|-status|p1a: Forretress|brn
|move|p1a: Forretress|Volt Switch|p2a: Blastizzle
|-supereffective|p2a: Blastizzle
|-damage|p2a: Blastizzle|265\/333
|
|switch|p1a: Porygon2|Porygon2, shiny|311\/311
|-ability|p1a: Porygon2|Mega Launcher|[from] ability: Trace|[of] p2a: Blastizzle
|
|turn|7
|
|move|p2a: Blastizzle|Rapid Spin|p1a: Porygon2
|-damage|p1a: Porygon2|303\/311
|-sideend|p2: tuRkizzle|Stealth Rock|[from] move: Rapid Spin|[of] p2a: Blastizzle
|move|p1a: Porygon2|Toxic|p2a: Blastizzle
|-status|p2a: Blastizzle|tox
|
|-damage|p2a: Blastizzle|245\/333 tox|[from] psn
|turn|8
|
|switch|p2a: Zyizzle|Zygarde|403\/403
|-ability|p2a: Zyizzle|Aura Break
|move|p1a: Porygon2|Tri Attack|p2a: Zyizzle
|-damage|p2a: Zyizzle|309\/403
|
|-heal|p2a: Zyizzle|334\/403|[from] item: Leftovers
|turn|9
|
|move|p2a: Zyizzle|Substitute|p2a: Zyizzle
|-start|p2a: Zyizzle|Substitute
|-damage|p2a: Zyizzle|234\/403
|move|p1a: Porygon2|Ice Beam|p2a: Zyizzle
|-supereffective|p2a: Zyizzle
|-end|p2a: Zyizzle|Substitute
|
|-heal|p2a: Zyizzle|259\/403|[from] item: Leftovers
|turn|10
|
|switch|p2a: Jirizzle|Jirachi|239\/341
|move|p1a: Porygon2|Ice Beam|p2a: Jirizzle
|-resisted|p2a: Jirizzle
|-damage|p2a: Jirizzle|203\/341
|
|turn|11
|
|switch|p1a: Forretress|Forretress, M|1\/354 brn
|move|p2a: Jirizzle|U-turn|p1a: Forretress
|-resisted|p1a: Forretress
|-damage|p1a: Forretress|0 fnt
|faint|p1a: Forretress
|
|switch|p2a: Lucizzle|Lucario, F|281\/281
|
|
|switch|p1a: Entei|Entei, shiny|372\/372
|-ability|p1a: Entei|Pressure
|turn|12
|
|switch|p2a: Zyizzle|Zygarde|259\/403
|-ability|p2a: Zyizzle|Aura Break
|move|p1a: Entei|Sacred Fire|p2a: Zyizzle
|-resisted|p2a: Zyizzle
|-damage|p2a: Zyizzle|136\/403
|
|-heal|p2a: Zyizzle|161\/403|[from] item: Leftovers
|turn|13
|
|move|p2a: Zyizzle|Earthquake|p1a: Entei
|-supereffective|p1a: Entei
|-damage|p1a: Entei|84\/372
|move|p1a: Entei|Sacred Fire|p2a: Zyizzle
|-resisted|p2a: Zyizzle
|-damage|p2a: Zyizzle|53\/403
|-status|p2a: Zyizzle|brn
|
|-heal|p2a: Zyizzle|78\/403 brn|[from] item: Leftovers
|-damage|p2a: Zyizzle|28\/403 brn|[from] brn
|turn|14
|
|switch|p1a: Porygon2|Porygon2, shiny|303\/311
|-ability|p1a: Porygon2|Aura Break|[from] ability: Trace|[of] p2a: Zyizzle
|-ability|p1a: Porygon2|Aura Break
|move|p2a: Zyizzle|Earthquake|p1a: Porygon2
|-damage|p1a: Porygon2|273\/311
|
|-heal|p2a: Zyizzle|53\/403 brn|[from] item: Leftovers
|-damage|p2a: Zyizzle|3\/403 brn|[from] brn
|turn|15
|
|move|p2a: Zyizzle|Toxic|p1a: Porygon2
|-status|p1a: Porygon2|tox
|move|p1a: Porygon2|Recover|p1a: Porygon2
|-heal|p1a: Porygon2|311\/311 tox
|
|-heal|p2a: Zyizzle|28\/403 brn|[from] item: Leftovers
|-damage|p2a: Zyizzle|0 fnt|[from] brn
|-damage|p1a: Porygon2|292\/311 tox|[from] psn
|faint|p2a: Zyizzle
|
|switch|p2a: Lucizzle|Lucario, F|281\/281
|turn|16
|
|switch|p1a: Zygarde|Zygarde|36\/358
|-ability|p1a: Zygarde|Aura Break
|move|p2a: Lucizzle|Swords Dance|p2a: Lucizzle
|-boost|p2a: Lucizzle|atk|2
|
|turn|17
|
|move|p1a: Zygarde|Extreme Speed|p2a: Lucizzle
|-resisted|p2a: Lucizzle
|-damage|p2a: Lucizzle|219\/281
|move|p2a: Lucizzle|Extreme Speed|p1a: Zygarde
|-damage|p1a: Zygarde|0 fnt
|-damage|p2a: Lucizzle|191\/281|[from] item: Life Orb
|faint|p1a: Zygarde
|
|
|switch|p1a: Jirachi|Jirachi, shiny|341\/341
|turn|18
|
|move|p1a: Jirachi|U-turn|p2a: Lucizzle
|-resisted|p2a: Lucizzle
|-damage|p2a: Lucizzle|169\/281
|
|switch|p1a: Porygon2|Porygon2, shiny|292\/311 tox
|-ability|p1a: Porygon2|Justified|[from] ability: Trace|[of] p2a: Lucizzle
|move|p2a: Lucizzle|Crunch|p1a: Porygon2
|-damage|p1a: Porygon2|165\/311 tox
|-boost|p1a: Porygon2|atk|1|[from] ability: Justified
|-damage|p2a: Lucizzle|141\/281|[from] item: Life Orb
|
|-damage|p1a: Porygon2|146\/311 tox|[from] psn
|turn|19
|
|move|p2a: Lucizzle|Close Combat|p1a: Porygon2
|-supereffective|p1a: Porygon2
|-damage|p1a: Porygon2|0 fnt
|-unboost|p2a: Lucizzle|def|1
|-unboost|p2a: Lucizzle|spd|1
|-damage|p2a: Lucizzle|113\/281|[from] item: Life Orb
|faint|p1a: Porygon2
|
|
|switch|p1a: Jirachi|Jirachi, shiny|341\/341
|turn|20
|
|move|p1a: Jirachi|Iron Head|p2a: Lucizzle
|-resisted|p2a: Lucizzle
|-damage|p2a: Lucizzle|0 fnt
|faint|p2a: Lucizzle
|
|
|switch|p2a: Krookizzle|Krookodile, M|331\/331
|-ability|p2a: Krookizzle|Intimidate|[of] p1a: Jirachi
|-unboost|p1a: Jirachi|atk|1
|turn|21
|
|switch|p1a: Entei|Entei, shiny|84\/372
|-ability|p1a: Entei|Pressure
|move|p2a: Krookizzle|Earthquake|p1a: Entei
|-supereffective|p1a: Entei
|-damage|p1a: Entei|0 fnt
|faint|p1a: Entei
|
|
|switch|p1a: Sharpedo|Sharpedo, F, shiny|281\/281
|turn|22
|
|switch|p2a: Jirizzle|Jirachi|203\/341
|move|p1a: Sharpedo|Protect|p1a: Sharpedo
|-fail|p1a: Sharpedo
|
|-boost|p1a: Sharpedo|spe|1|[from] ability: Speed Boost
|turn|23
|
|move|p1a: Sharpedo|Protect|p1a: Sharpedo
|-singleturn|p1a: Sharpedo|Protect
|move|p2a: Jirizzle|Healing Wish|p2a: Jirizzle
|faint|p2a: Jirizzle
|
|-boost|p1a: Sharpedo|spe|1|[from] ability: Speed Boost
|
|switch|p2a: Blastizzle|Blastoise-Mega, M|245\/333 tox
|-heal|p2a: Blastizzle|333\/333|[from] move: Healing Wish
|turn|24
|
|switch|p1a: Jirachi|Jirachi, shiny|341\/341
|move|p2a: Blastizzle|Scald|p1a: Jirachi
|-crit|p1a: Jirachi
|-damage|p1a: Jirachi|110\/341
|
|turn|25
|
|switch|p2a: Krookizzle|Krookodile, M|331\/331
|-ability|p2a: Krookizzle|Intimidate|[of] p1a: Jirachi
|-unboost|p1a: Jirachi|atk|1
|move|p1a: Jirachi|Iron Head|p2a: Krookizzle
|-damage|p2a: Krookizzle|241\/331
|
|turn|26
|
|move|p1a: Jirachi|Iron Head|p2a: Krookizzle
|-damage|p2a: Krookizzle|151\/331
|cant|p2a: Krookizzle|flinch
|
|turn|27
|
|switch|p2a: Raikizzle|Raikou|322\/322
|-ability|p2a: Raikizzle|Pressure
|move|p1a: Jirachi|Iron Head|p2a: Raikizzle
|-resisted|p2a: Raikizzle
|-damage|p2a: Raikizzle|268\/322
|
|turn|28
|
|move|p1a: Jirachi|Iron Head|p2a: Raikizzle
|-resisted|p2a: Raikizzle
|-damage|p2a: Raikizzle|220\/322
|move|p2a: Raikizzle|Thunderbolt|p1a: Jirachi
|-damage|p1a: Jirachi|0 fnt
|faint|p1a: Jirachi
|
|
|switch|p1a: Sharpedo|Sharpedo, F, shiny|281\/281
|turn|29
|
|move|p1a: Sharpedo|Protect|p1a: Sharpedo
|-singleturn|p1a: Sharpedo|Protect
|move|p2a: Raikizzle|Thunderbolt|p1a: Sharpedo
|-activate|p1a: Sharpedo|Protect
|
|-boost|p1a: Sharpedo|spe|1|[from] ability: Speed Boost
|turn|30
|
|switch|p2a: Krookizzle|Krookodile, M|151\/331
|-ability|p2a: Krookizzle|Intimidate|[of] p1a: Sharpedo
|-unboost|p1a: Sharpedo|atk|1
|move|p1a: Sharpedo|Crunch|p2a: Krookizzle
|-resisted|p2a: Krookizzle
|-damage|p2a: Krookizzle|94\/331
|-unboost|p2a: Krookizzle|def|1
|
|-boost|p1a: Sharpedo|spe|1|[from] ability: Speed Boost
|turn|31
|
|switch|p2a: Raikizzle|Raikou|220\/322
|-ability|p2a: Raikizzle|Pressure
|move|p1a: Sharpedo|Waterfall|p2a: Raikizzle
|-damage|p2a: Raikizzle|90\/322
|
|-boost|p1a: Sharpedo|spe|1|[from] ability: Speed Boost
|turn|32
|
|switch|p2a: Krookizzle|Krookodile, M|94\/331
|-ability|p2a: Krookizzle|Intimidate|[of] p1a: Sharpedo
|-unboost|p1a: Sharpedo|atk|1
|detailschange|p1a: Sharpedo|Sharpedo-Mega, F, shiny
|message|Sharpedo has Mega Evolved into Mega Sharpedo!
|move|p1a: Sharpedo|Crunch|p2a: Krookizzle
|-resisted|p2a: Krookizzle
|-damage|p2a: Krookizzle|25\/331
|
|turn|33
|
|switch|p2a: Raikizzle|Raikou|90\/322
|-ability|p2a: Raikizzle|Pressure
|move|p1a: Sharpedo|Waterfall|p2a: Raikizzle
|-damage|p2a: Raikizzle|0 fnt
|faint|p2a: Raikizzle
|
|
|switch|p2a: Krookizzle|Krookodile, M|25\/331
|-ability|p2a: Krookizzle|Intimidate|[of] p1a: Sharpedo
|-unboost|p1a: Sharpedo|atk|1
|turn|34
|
|move|p1a: Sharpedo|Waterfall|p2a: Krookizzle
|-supereffective|p2a: Krookizzle
|-damage|p2a: Krookizzle|0 fnt
|faint|p2a: Krookizzle
|
|
|switch|p2a: Blastizzle|Blastoise-Mega, M|333\/333
|turn|35
|
|move|p1a: Sharpedo|Crunch|p2a: Blastizzle
|-damage|p2a: Blastizzle|246\/333
|-unboost|p2a: Blastizzle|def|1
|move|p2a: Blastizzle|Scald|p1a: Sharpedo
|-resisted|p1a: Sharpedo
|-damage|p1a: Sharpedo|162\/281
|
|turn|36
|
|move|p1a: Sharpedo|Crunch|p2a: Blastizzle
|-damage|p2a: Blastizzle|126\/333
|move|p2a: Blastizzle|Scald|p1a: Sharpedo
|-resisted|p1a: Sharpedo
|-damage|p1a: Sharpedo|54\/281
|-status|p1a: Sharpedo|brn
|
|-damage|p1a: Sharpedo|19\/281 brn|[from] brn
|turn|37
|
|move|p1a: Sharpedo|Crunch|p2a: Blastizzle
|-damage|p2a: Blastizzle|66\/333
|move|p2a: Blastizzle|Dark Pulse|p1a: Sharpedo
|-crit|p1a: Sharpedo
|-resisted|p1a: Sharpedo
|-damage|p1a: Sharpedo|0 fnt
|faint|p1a: Sharpedo
|
|win|tuRkizzle
|raw|Ladder updating...
|raw|chuckacola addict's rating: 1432 &rarr; <strong>1410<\/strong><br \/>(-22 for losing)
|raw|tuRkizzle's rating: 1387 &rarr; <strong>1409<\/strong><br \/>(+22 for winning)