|join|Stab of winter
|join|tuRkizzle
|player|p1|Stab of winter|266
|player|p2|tuRkizzle|115
|gametype|singles
|gen|6
|tier|UU
|rated
|rule|Sleep Clause Mod: Limit one foe put to sleep
|rule|Species Clause: Limit one of each PokÃ©mon
|rule|OHKO Clause: OHKO moves are banned
|rule|Moody Clause: Moody is banned
|rule|Evasion Moves Clause: Evasion moves are banned
|rule|Endless Battle Clause: Forcing endless battles is banned
|rule|HP Percentage Mod: HP is reported as percentages
|clearpoke
|poke|p1|Houndoom, M
|poke|p1|Doublade, F
|poke|p1|Aromatisse, M
|poke|p1|Infernape, M
|poke|p1|Empoleon, M
|poke|p1|Flygon, M
|poke|p2|Lucario, F
|poke|p2|Suicune
|poke|p2|Darmanitan, M
|poke|p2|Tornadus, M
|poke|p2|Hydreigon, F
|poke|p2|Sableye, M
|rule|Swagger Clause: Swagger is banned
|rule|Baton Pass Clause: Limit one PokÃ©mon knowing Baton Pass
|teampreview
|
|start
|switch|p1a: Empoleon|Empoleon, M|372\/372
|switch|p2a: Sableye|Sableye, M|242\/242
|turn|1
|
|move|p2a: Sableye|Taunt|p1a: Empoleon
|-start|p1a: Empoleon|move: Taunt
|cant|p1a: Empoleon|move: Taunt|Stealth Rock
|
|turn|2
|
|switch|p1a: Houndoom|Houndoom, M|292\/292
|move|p2a: Sableye|Will-O-Wisp|p1a: Houndoom
|-start|p1a: Houndoom|ability: Flash Fire
|
|turn|3
|
|switch|p2a: Suicune|Suicune|404\/404
|-ability|p2a: Suicune|Pressure
|detailschange|p1a: Houndoom|Houndoom-Mega, M
|message|Houndoom has Mega Evolved into Mega Houndoom!
|move|p1a: Houndoom|Fire Blast|p2a: Suicune
|-crit|p2a: Suicune
|-resisted|p2a: Suicune
|-damage|p2a: Suicune|199\/404
|
|-heal|p2a: Suicune|224\/404|[from] item: Leftovers
|turn|4
|
|move|p1a: Houndoom|Dark Pulse|p2a: Suicune
|-damage|p2a: Suicune|86\/404
|cant|p2a: Suicune|flinch
|
|-heal|p2a: Suicune|111\/404|[from] item: Leftovers
|turn|5
|
|switch|p2a: Lucario|Lucario, F|281\/281
|move|p1a: Houndoom|Fire Blast|p2a: Lucario
|-supereffective|p2a: Lucario
|-damage|p2a: Lucario|0 fnt
|faint|p2a: Lucario
|
|
|switch|p2a: Darmanitan|Darmanitan, M|351\/351
|turn|6
|
|switch|p1a: Aromatisse|Aromatisse, M|406\/406
|move|p2a: Darmanitan|Superpower|p1a: Aromatisse
|-resisted|p1a: Aromatisse
|-damage|p1a: Aromatisse|343\/406
|-unboost|p2a: Darmanitan|atk|1
|-unboost|p2a: Darmanitan|def|1
|
|-heal|p1a: Aromatisse|368\/406|[from] item: Leftovers
|turn|7
|
|switch|p2a: Tornadus|Tornadus, M|362\/362
|move|p1a: Aromatisse|Moonblast|p2a: Tornadus
|-damage|p2a: Tornadus|268\/362
|-unboost|p2a: Tornadus|spa|1
|
|-heal|p1a: Aromatisse|393\/406|[from] item: Leftovers
|turn|8
|
|move|p2a: Tornadus|Bulk Up|p2a: Tornadus
|-boost|p2a: Tornadus|atk|1
|-boost|p2a: Tornadus|def|1
|move|p1a: Aromatisse|Wish|p1a: Aromatisse
|
|-heal|p1a: Aromatisse|406\/406|[from] item: Leftovers
|turn|9
|
|switch|p1a: Empoleon|Empoleon, M|372\/372
|move|p2a: Tornadus|Bulk Up|p2a: Tornadus
|-boost|p2a: Tornadus|atk|1
|-boost|p2a: Tornadus|def|1
|
|turn|10
|
|move|p2a: Tornadus|Acrobatics|p1a: Empoleon
|-resisted|p1a: Empoleon
|-damage|p1a: Empoleon|233\/372
|move|p1a: Empoleon|Stealth Rock|p2a: Tornadus
|-sidestart|p2: tuRkizzle|move: Stealth Rock
|
|-heal|p1a: Empoleon|256\/372|[from] item: Leftovers
|turn|11
|
|move|p2a: Tornadus|Acrobatics|p1a: Empoleon
|-resisted|p1a: Empoleon
|-damage|p1a: Empoleon|100\/372
|move|p1a: Empoleon|Roar|p2a: Tornadus
|drag|p2a: Hydreigon|Hydreigon, F|325\/325
|-damage|p2a: Hydreigon|285\/325|[from] Stealth Rock
|
|-heal|p1a: Empoleon|123\/372|[from] item: Leftovers
|turn|12
|
|switch|p1a: Aromatisse|Aromatisse, M|406\/406
|move|p2a: Hydreigon|U-turn|p1a: Aromatisse
|-resisted|p1a: Aromatisse
|-damage|p1a: Aromatisse|382\/406
|
|switch|p2a: Tornadus|Tornadus, M|268\/362
|-damage|p2a: Tornadus|178\/362|[from] Stealth Rock
|
|-heal|p1a: Aromatisse|406\/406|[from] item: Leftovers
|turn|13
|
|move|p2a: Tornadus|Bulk Up|p2a: Tornadus
|-boost|p2a: Tornadus|atk|1
|-boost|p2a: Tornadus|def|1
|move|p1a: Aromatisse|Wish|p1a: Aromatisse
|
|turn|14
|
|switch|p1a: Empoleon|Empoleon, M|123\/372
|move|p2a: Tornadus|Acrobatics|p1a: Empoleon
|-resisted|p1a: Empoleon
|-damage|p1a: Empoleon|18\/372
|
|-heal|p1a: Empoleon|221\/372|[from] move: Wish|[wisher] Aromatisse
|-heal|p1a: Empoleon|244\/372|[from] item: Leftovers
|turn|15
|
|move|p2a: Tornadus|Acrobatics|p1a: Empoleon
|-resisted|p1a: Empoleon
|-damage|p1a: Empoleon|130\/372
|move|p1a: Empoleon|Roar|p2a: Tornadus
|drag|p2a: Suicune|Suicune|111\/404
|-damage|p2a: Suicune|61\/404|[from] Stealth Rock
|-ability|p2a: Suicune|Pressure
|
|-heal|p2a: Suicune|86\/404|[from] item: Leftovers
|-heal|p1a: Empoleon|153\/372|[from] item: Leftovers
|turn|16
|
|move|p2a: Suicune|Rest|p2a: Suicune
|-status|p2a: Suicune|slp
|-heal|p2a: Suicune|404\/404 slp|[silent]
|-status|p2a: Suicune|slp|[from] move: Rest
|move|p1a: Empoleon|Roar|p2a: Suicune
|drag|p2a: Darmanitan|Darmanitan, M|351\/351
|-damage|p2a: Darmanitan|264\/351|[from] Stealth Rock
|
|-heal|p1a: Empoleon|176\/372|[from] item: Leftovers
|turn|17
|
|switch|p1a: Flygon|Flygon, M|301\/301
|move|p2a: Darmanitan|Flare Blitz|p1a: Flygon
|-resisted|p1a: Flygon
|-damage|p1a: Flygon|116\/301
|-damage|p2a: Darmanitan|203\/351|[from] recoil|[of] p1a: Flygon
|
|turn|18
|
|move|p1a: Flygon|Earthquake|p2a: Darmanitan
|-supereffective|p2a: Darmanitan
|-damage|p2a: Darmanitan|0 fnt
|faint|p2a: Darmanitan
|
|
|switch|p2a: Tornadus|Tornadus, M|178\/362
|-damage|p2a: Tornadus|88\/362|[from] Stealth Rock
|turn|19
|
|switch|p1a: Empoleon|Empoleon, M|176\/372
|move|p2a: Tornadus|Bulk Up|p2a: Tornadus
|-boost|p2a: Tornadus|atk|1
|-boost|p2a: Tornadus|def|1
|
|-heal|p1a: Empoleon|199\/372|[from] item: Leftovers
|turn|20
|
|move|p2a: Tornadus|Rest|p2a: Tornadus
|-status|p2a: Tornadus|slp
|-heal|p2a: Tornadus|362\/362 slp|[silent]
|-status|p2a: Tornadus|slp|[from] move: Rest
|move|p1a: Empoleon|Scald|p2a: Tornadus
|-damage|p2a: Tornadus|280\/362 slp
|
|-heal|p1a: Empoleon|222\/372|[from] item: Leftovers
|turn|21
|
|cant|p2a: Tornadus|slp
|move|p2a: Tornadus|Sleep Talk|p2a: Tornadus
|move|p2a: Tornadus|Rest|p2a: Tornadus|[from]Sleep Talk
|-fail|p2a: Tornadus
|move|p1a: Empoleon|Roar|p2a: Tornadus
|drag|p2a: Sableye|Sableye, M|242\/242
|-damage|p2a: Sableye|212\/242|[from] Stealth Rock
|
|-heal|p1a: Empoleon|245\/372|[from] item: Leftovers
|-heal|p2a: Sableye|227\/242|[from] item: Leftovers
|turn|22
|
|move|p2a: Sableye|Taunt|p1a: Empoleon
|-start|p1a: Empoleon|move: Taunt
|move|p1a: Empoleon|Scald|p2a: Sableye
|-damage|p2a: Sableye|124\/242
|-status|p2a: Sableye|brn
|
|-heal|p1a: Empoleon|268\/372|[from] item: Leftovers
|-heal|p2a: Sableye|139\/242 brn|[from] item: Leftovers
|-damage|p2a: Sableye|109\/242 brn|[from] brn
|turn|23
|
|switch|p1a: Houndoom|Houndoom-Mega, M|292\/292
|switch|p2a: Tornadus|Tornadus, M|280\/362 slp
|-damage|p2a: Tornadus|190\/362 slp|[from] Stealth Rock
|
|turn|24
|
|cant|p2a: Tornadus|slp
|move|p2a: Tornadus|Sleep Talk|p2a: Tornadus
|move|p2a: Tornadus|Acrobatics|p1a: Houndoom|[from]Sleep Talk
|-damage|p1a: Houndoom|133\/292
|move|p1a: Houndoom|Fire Blast|p2a: Tornadus
|-damage|p2a: Tornadus|13\/362 slp
|
|turn|25
|
|switch|p1a: Doublade|Doublade, F|322\/322
|-curestatus|p2a: Tornadus|slp|[from] slp
|move|p2a: Tornadus|Rest|p2a: Tornadus
|-status|p2a: Tornadus|slp
|-heal|p2a: Tornadus|362\/362 slp|[silent]
|-status|p2a: Tornadus|slp|[from] move: Rest
|
|turn|26
|
|cant|p2a: Tornadus|slp
|move|p2a: Tornadus|Sleep Talk|p2a: Tornadus
|move|p2a: Tornadus|Bulk Up|p2a: Tornadus|[from]Sleep Talk
|-boost|p2a: Tornadus|atk|1
|-boost|p2a: Tornadus|def|1
|move|p1a: Doublade|Swords Dance|p1a: Doublade
|-boost|p1a: Doublade|atk|2
|
|turn|27
|
|cant|p2a: Tornadus|slp
|move|p2a: Tornadus|Sleep Talk|p2a: Tornadus
|move|p2a: Tornadus|Acrobatics|p1a: Doublade|[from]Sleep Talk
|-resisted|p1a: Doublade
|-damage|p1a: Doublade|271\/322
|move|p1a: Doublade|Swords Dance|p1a: Doublade
|-boost|p1a: Doublade|atk|2
|
|turn|28
|
|-curestatus|p2a: Tornadus|slp|[from] slp
|move|p2a: Tornadus|Bulk Up|p2a: Tornadus
|-boost|p2a: Tornadus|atk|1
|-boost|p2a: Tornadus|def|1
|move|p1a: Doublade|Iron Head|p2a: Tornadus
|-damage|p2a: Tornadus|91\/362
|
|turn|29
|
|move|p2a: Tornadus|Rest|p2a: Tornadus
|-status|p2a: Tornadus|slp
|-heal|p2a: Tornadus|362\/362 slp|[silent]
|-status|p2a: Tornadus|slp|[from] move: Rest
|move|p1a: Doublade|Shadow Sneak|p2a: Tornadus
|-damage|p2a: Tornadus|220\/362 slp
|
|turn|30
|
|switch|p2a: Sableye|Sableye, M|109\/242 brn
|-damage|p2a: Sableye|79\/242 brn|[from] Stealth Rock
|move|p1a: Doublade|Iron Head|p2a: Sableye
|-damage|p2a: Sableye|0 fnt
|faint|p2a: Sableye
|
|
|switch|p2a: Hydreigon|Hydreigon, F|285\/325
|-damage|p2a: Hydreigon|245\/325|[from] Stealth Rock
|turn|31
|
|switch|p1a: Aromatisse|Aromatisse, M|406\/406
|move|p2a: Hydreigon|Dark Pulse|p1a: Aromatisse
|-resisted|p1a: Aromatisse
|-damage|p1a: Aromatisse|316\/406
|
|-heal|p1a: Aromatisse|341\/406|[from] item: Leftovers
|turn|32
|
|switch|p2a: Tornadus|Tornadus, M|220\/362 slp
|-damage|p2a: Tornadus|130\/362 slp|[from] Stealth Rock
|move|p1a: Aromatisse|Moonblast|p2a: Tornadus
|-crit|p2a: Tornadus
|-damage|p2a: Tornadus|0 fnt
|faint|p2a: Tornadus
|
|-heal|p1a: Aromatisse|366\/406|[from] item: Leftovers
|
|switch|p2a: Hydreigon|Hydreigon, F|245\/325
|-damage|p2a: Hydreigon|205\/325|[from] Stealth Rock
|turn|33
|
|move|p1a: Aromatisse|Protect|p1a: Aromatisse
|-singleturn|p1a: Aromatisse|Protect
|move|p2a: Hydreigon|Dark Pulse|p1a: Aromatisse
|-activate|p1a: Aromatisse|Protect
|
|-heal|p1a: Aromatisse|391\/406|[from] item: Leftovers
|turn|34
|
|move|p2a: Hydreigon|Dark Pulse|p1a: Aromatisse
|-resisted|p1a: Aromatisse
|-damage|p1a: Aromatisse|300\/406
|cant|p1a: Aromatisse|flinch
|
|-heal|p1a: Aromatisse|325\/406|[from] item: Leftovers
|turn|35
|
|move|p2a: Hydreigon|Dark Pulse|p1a: Aromatisse
|-resisted|p1a: Aromatisse
|-damage|p1a: Aromatisse|242\/406
|move|p1a: Aromatisse|Wish|p1a: Aromatisse
|
|-heal|p1a: Aromatisse|267\/406|[from] item: Leftovers
|turn|36
|
|switch|p1a: Infernape|Infernape, M|293\/293
|move|p2a: Hydreigon|Dark Pulse|p1a: Infernape
|-resisted|p1a: Infernape
|-damage|p1a: Infernape|199\/293
|
|-heal|p1a: Infernape|293\/293|[from] move: Wish|[wisher] Aromatisse
|turn|37
|
|move|p2a: Hydreigon|Dark Pulse|p1a: Infernape
|-resisted|p1a: Infernape
|-damage|p1a: Infernape|191\/293
|move|p1a: Infernape|Swords Dance|p1a: Infernape
|-boost|p1a: Infernape|atk|2
|
|turn|38
|
|move|p1a: Infernape|Mach Punch|p2a: Hydreigon
|-supereffective|p2a: Hydreigon
|-damage|p2a: Hydreigon|0 fnt
|-damage|p1a: Infernape|162\/293|[from] item: Life Orb
|faint|p2a: Hydreigon
|
|
|switch|p2a: Suicune|Suicune|404\/404 slp
|-damage|p2a: Suicune|354\/404 slp|[from] Stealth Rock
|-ability|p2a: Suicune|Pressure
|turn|39
|
|move|p1a: Infernape|Thunder Punch|p2a: Suicune
|-supereffective|p2a: Suicune
|-damage|p2a: Suicune|58\/404 slp
|-damage|p1a: Infernape|133\/293|[from] item: Life Orb
|cant|p2a: Suicune|slp
|move|p2a: Suicune|Sleep Talk|p2a: Suicune
|move|p2a: Suicune|Calm Mind|p2a: Suicune|[from]Sleep Talk
|-boost|p2a: Suicune|spa|1
|-boost|p2a: Suicune|spd|1
|
|-heal|p2a: Suicune|83\/404 slp|[from] item: Leftovers
|turn|40
|-message|tuRkizzle forfeited.
|
|win|Stab of winter
|raw|Ladder updating...
|leave|tuRkizzle
|player|p2
|raw|Stab of winter's rating: 1686 &rarr; <strong>1698<\/strong><br \/>(+12 for winning)
|raw|tuRkizzle's rating: 1536 &rarr; <strong>1524<\/strong><br \/>(-12 for losing)