|join|tuRkizzle
|join|MoreEvilDeeds
|player|p1|tuRkizzle|115
|player|p2|MoreEvilDeeds|80
|gametype|singles
|gen|6
|tier|UU
|rated
|rule|Sleep Clause Mod: Limit one foe put to sleep
|rule|Species Clause: Limit one of each PokÃ©mon
|rule|OHKO Clause: OHKO moves are banned
|rule|Moody Clause: Moody is banned
|rule|Evasion Moves Clause: Evasion moves are banned
|rule|Endless Battle Clause: Forcing endless battles is banned
|rule|HP Percentage Mod: HP is reported as percentages
|clearpoke
|poke|p1|Lucario, F
|poke|p1|Suicune
|poke|p1|Snorlax, M
|poke|p1|Darmanitan, M
|poke|p1|Hydreigon, F
|poke|p1|Mew
|poke|p2|Lucario, F
|poke|p2|Haxorus, M
|poke|p2|Kingdra, F
|poke|p2|Shuckle, F
|poke|p2|Florges, F
|poke|p2|Crobat, F
|rule|Swagger Clause: Swagger is banned
|rule|Baton Pass Clause: Limit one PokÃ©mon knowing Baton Pass
|teampreview
|
|start
|switch|p1a: Mew|Mew|404\/404
|switch|p2a: Shuckle|Shuckle, F|244\/244
|turn|1
|
|move|p1a: Mew|Knock Off|p2a: Shuckle
|-damage|p2a: Shuckle|214\/244
|-enditem|p2a: Shuckle|Mental Herb|[from] move: Knock Off|[of] p1a: Mew
|move|p2a: Shuckle|Toxic|p1a: Mew
|-status|p1a: Mew|tox
|-status|p2a: Shuckle|tox
|
|-damage|p1a: Mew|379\/404 tox|[from] psn
|-damage|p2a: Shuckle|199\/244 tox|[from] psn
|turn|2
|
|switch|p1a: Suicune|Suicune|404\/404
|-ability|p1a: Suicune|Pressure
|move|p2a: Shuckle|Sticky Web|p1a: Suicune
|-sidestart|p1: tuRkizzle|move: Sticky Web
|
|-damage|p2a: Shuckle|169\/244 tox|[from] psn
|turn|3
|
|move|p1a: Suicune|Calm Mind|p1a: Suicune
|-boost|p1a: Suicune|spa|1
|-boost|p1a: Suicune|spd|1
|move|p2a: Shuckle|Encore|p1a: Suicune
|-start|p1a: Suicune|Encore
|
|-damage|p2a: Shuckle|124\/244 tox|[from] psn
|turn|4
|
|switch|p2a: Lucario|Lucario, F|281\/281
|move|p1a: Suicune|Calm Mind|p1a: Suicune
|-boost|p1a: Suicune|spa|1
|-boost|p1a: Suicune|spd|1
|
|turn|5
|
|move|p2a: Lucario|Swords Dance|p2a: Lucario
|-boost|p2a: Lucario|atk|2
|move|p1a: Suicune|Calm Mind|p1a: Suicune
|-boost|p1a: Suicune|spa|1
|-boost|p1a: Suicune|spd|1
|
|turn|6
|
|move|p2a: Lucario|Swords Dance|p2a: Lucario
|-boost|p2a: Lucario|atk|2
|move|p1a: Suicune|Calm Mind|p1a: Suicune
|-boost|p1a: Suicune|spa|1
|-boost|p1a: Suicune|spd|1
|
|-end|p1a: Suicune|Encore
|turn|7
|
|move|p2a: Lucario|Close Combat|p1a: Suicune
|-damage|p1a: Suicune|0 fnt
|-unboost|p2a: Lucario|def|1
|-unboost|p2a: Lucario|spd|1
|-damage|p2a: Lucario|253\/281|[from] item: Life Orb
|faint|p1a: Suicune
|
|
|switch|p1a: Mew|Mew|379\/404 tox
|-activate|p1a: Mew|move: Sticky Web
|-unboost|p1a: Mew|spe|1
|turn|8
|
|move|p2a: Lucario|Crunch|p1a: Mew
|-supereffective|p1a: Mew
|-damage|p1a: Mew|0 fnt
|-damage|p2a: Lucario|225\/281|[from] item: Life Orb
|faint|p1a: Mew
|
|
|switch|p1a: Lucario|Lucario, F|281\/281
|-activate|p1a: Lucario|move: Sticky Web
|-unboost|p1a: Lucario|spe|1
|turn|9
|chat|tuRkizzle|gg
|
|move|p1a: Lucario|Extreme Speed|p2a: Lucario
|-resisted|p2a: Lucario
|-damage|p2a: Lucario|108\/281
|-damage|p1a: Lucario|253\/281|[from] item: Life Orb
|move|p2a: Lucario|Close Combat|p1a: Lucario
|-supereffective|p1a: Lucario
|-damage|p1a: Lucario|0 fnt
|-unboost|p2a: Lucario|def|1
|-unboost|p2a: Lucario|spd|1
|-damage|p2a: Lucario|80\/281|[from] item: Life Orb
|faint|p1a: Lucario
|
|chat|MoreEvilDeeds|gg
|
|switch|p1a: Hydreigon|Hydreigon, F|325\/325
|turn|10
|
|move|p2a: Lucario|Extreme Speed|p1a: Hydreigon
|-damage|p1a: Hydreigon|0 fnt
|-damage|p2a: Lucario|52\/281|[from] item: Life Orb
|faint|p1a: Hydreigon
|
|
|switch|p1a: Darmanitan|Darmanitan, M|351\/351
|-activate|p1a: Darmanitan|move: Sticky Web
|-unboost|p1a: Darmanitan|spe|1
|turn|11
|
|move|p2a: Lucario|Extreme Speed|p1a: Darmanitan
|-damage|p1a: Darmanitan|0 fnt
|-damage|p2a: Lucario|24\/281|[from] item: Life Orb
|faint|p1a: Darmanitan
|
|
|switch|p1a: Snorlax|Snorlax, M|524\/524
|-activate|p1a: Snorlax|move: Sticky Web
|-unboost|p1a: Snorlax|spe|1
|turn|12
|
|move|p2a: Lucario|Close Combat|p1a: Snorlax
|-supereffective|p1a: Snorlax
|-damage|p1a: Snorlax|0 fnt
|-unboost|p2a: Lucario|def|1
|-unboost|p2a: Lucario|spd|1
|-damage|p2a: Lucario|0 fnt|[from] item: Life Orb
|faint|p1a: Snorlax
|faint|p2a: Lucario
|
|win|MoreEvilDeeds
|raw|Ladder updating...
|raw|tuRkizzle's rating: 1550 &rarr; <strong>1519<\/strong><br \/>(-31 for losing)
|raw|MoreEvilDeeds's rating: 1333 &rarr; <strong>1364<\/strong><br \/>(+31 for winning)
|leave|tuRkizzle
|player|p1