|join|tuRkizzle
|join|banbanbansema
|player|p1|tuRkizzle|115
|player|p2|banbanbansema|102
|gametype|singles
|gen|6
|tier|UU
|rated
|rule|Sleep Clause Mod: Limit one foe put to sleep
|rule|Species Clause: Limit one of each PokÃ©mon
|rule|OHKO Clause: OHKO moves are banned
|rule|Moody Clause: Moody is banned
|rule|Evasion Moves Clause: Evasion moves are banned
|rule|Endless Battle Clause: Forcing endless battles is banned
|rule|HP Percentage Mod: HP is reported as percentages
|clearpoke
|poke|p1|Lucario, M
|poke|p1|Suicune
|poke|p1|Snorlax, F
|poke|p1|Mienshao, F
|poke|p1|Hydreigon, M
|poke|p1|Mew
|poke|p2|Ampharos, F
|poke|p2|Arcanine, F
|poke|p2|Tornadus, M
|poke|p2|Suicune
|poke|p2|Donphan, M
|poke|p2|Chesnaught, M
|rule|Swagger Clause: Swagger is banned
|rule|Baton Pass Clause: Limit one PokÃ©mon knowing Baton Pass
|teampreview
|
|start
|switch|p1a: Mew|Mew|404\/404
|switch|p2a: Donphan|Donphan, M|384\/384
|turn|1
|
|move|p1a: Mew|Will-O-Wisp|p2a: Donphan
|-status|p2a: Donphan|brn
|move|p2a: Donphan|Knock Off|p1a: Mew
|-supereffective|p1a: Mew
|-damage|p1a: Mew|314\/404
|-enditem|p1a: Mew|Leftovers|[from] move: Knock Off|[of] p2a: Donphan
|
|-damage|p2a: Donphan|336\/384 brn|[from] brn
|turn|2
|
|move|p1a: Mew|Knock Off|p2a: Donphan
|-damage|p2a: Donphan|291\/384 brn
|-enditem|p2a: Donphan|Leftovers|[from] move: Knock Off|[of] p1a: Mew
|move|p2a: Donphan|Stealth Rock|p1a: Mew
|-sidestart|p1: tuRkizzle|move: Stealth Rock
|
|-damage|p2a: Donphan|243\/384 brn|[from] brn
|turn|3
|
|switch|p2a: Tornadus|Tornadus, M|362\/362
|move|p1a: Mew|Defog|p2a: Tornadus
|-unboost|p2a: Tornadus|evasion|1
|-sideend|p1: tuRkizzle|Stealth Rock|[from] move: Defog|[of] p1a: Mew
|
|turn|4
|
|move|p2a: Tornadus|Bulk Up|p2a: Tornadus
|-boost|p2a: Tornadus|atk|1
|-boost|p2a: Tornadus|def|1
|move|p1a: Mew|Will-O-Wisp|p2a: Tornadus
|-status|p2a: Tornadus|brn
|
|-damage|p2a: Tornadus|317\/362 brn|[from] brn
|turn|5
|
|move|p2a: Tornadus|Bulk Up|p2a: Tornadus
|-boost|p2a: Tornadus|atk|1
|-boost|p2a: Tornadus|def|1
|move|p1a: Mew|Roost|p1a: Mew
|-heal|p1a: Mew|404\/404
|
|-damage|p2a: Tornadus|272\/362 brn|[from] brn
|turn|6
|
|switch|p1a: Suicune|Suicune|404\/404
|-ability|p1a: Suicune|Pressure
|move|p2a: Tornadus|Rest|p2a: Tornadus
|-status|p2a: Tornadus|slp
|-heal|p2a: Tornadus|362\/362 slp|[silent]
|-status|p2a: Tornadus|slp|[from] move: Rest
|-enditem|p2a: Tornadus|Chesto Berry|[eat]
|-curestatus|p2a: Tornadus|slp
|
|turn|7
|
|move|p2a: Tornadus|Acrobatics|p1a: Suicune
|-damage|p1a: Suicune|197\/404
|move|p1a: Suicune|Calm Mind|p1a: Suicune
|-boost|p1a: Suicune|spa|1
|-boost|p1a: Suicune|spd|1
|
|-heal|p1a: Suicune|222\/404|[from] item: Leftovers
|turn|8
|
|move|p2a: Tornadus|Acrobatics|p1a: Suicune
|-damage|p1a: Suicune|35\/404
|move|p1a: Suicune|Rest|p1a: Suicune
|-status|p1a: Suicune|slp
|-heal|p1a: Suicune|404\/404 slp|[silent]
|-status|p1a: Suicune|slp|[from] move: Rest
|
|turn|9
|
|move|p2a: Tornadus|Bulk Up|p2a: Tornadus
|-boost|p2a: Tornadus|atk|1
|-boost|p2a: Tornadus|def|1
|cant|p1a: Suicune|slp
|move|p1a: Suicune|Sleep Talk|p1a: Suicune
|move|p1a: Suicune|Calm Mind|p1a: Suicune|[from]Sleep Talk
|-boost|p1a: Suicune|spa|1
|-boost|p1a: Suicune|spd|1
|
|turn|10
|
|move|p2a: Tornadus|Acrobatics|p1a: Suicune
|-damage|p1a: Suicune|166\/404 slp
|cant|p1a: Suicune|slp
|move|p1a: Suicune|Sleep Talk|p1a: Suicune
|move|p1a: Suicune|Calm Mind|p1a: Suicune|[from]Sleep Talk
|-boost|p1a: Suicune|spa|1
|-boost|p1a: Suicune|spd|1
|
|-heal|p1a: Suicune|191\/404 slp|[from] item: Leftovers
|turn|11
|
|move|p2a: Tornadus|Acrobatics|p1a: Suicune
|-damage|p1a: Suicune|0 fnt
|faint|p1a: Suicune
|
|
|switch|p1a: Hydreigon|Hydreigon, M|325\/325
|turn|12
|
|move|p1a: Hydreigon|Draco Meteor|p2a: Tornadus
|-damage|p2a: Tornadus|148\/362
|-unboost|p1a: Hydreigon|spa|2
|move|p2a: Tornadus|Acrobatics|p1a: Hydreigon
|-crit|p1a: Hydreigon
|-damage|p1a: Hydreigon|0 fnt
|faint|p1a: Hydreigon
|
|chat|banbanbansema|sry
|
|switch|p1a: Mienshao|Mienshao, F|272\/272
|turn|13
|
|move|p2a: Tornadus|Rest|p2a: Tornadus
|-status|p2a: Tornadus|slp
|-heal|p2a: Tornadus|362\/362 slp|[silent]
|-status|p2a: Tornadus|slp|[from] move: Rest
|move|p1a: Mienshao|Stone Edge|p2a: Tornadus
|-crit|p2a: Tornadus
|-supereffective|p2a: Tornadus
|-damage|p2a: Tornadus|0 fnt
|-damage|p1a: Mienshao|245\/272|[from] item: Life Orb
|faint|p2a: Tornadus
|
|
|switch|p2a: Arcanine|Arcanine, F|384\/384
|-ability|p2a: Arcanine|Intimidate|[of] p1a: Mienshao
|-unboost|p1a: Mienshao|atk|1
|turn|14
|
|move|p1a: Mienshao|U-turn|p2a: Arcanine
|-resisted|p2a: Arcanine
|-damage|p2a: Arcanine|355\/384
|-damage|p1a: Mienshao|218\/272|[from] item: Life Orb
|
|switch|p1a: Mew|Mew|404\/404
|move|p2a: Arcanine|Will-O-Wisp|p1a: Mew
|-status|p1a: Mew|brn
|
|-heal|p2a: Arcanine|379\/384|[from] item: Leftovers
|-damage|p1a: Mew|354\/404 brn|[from] brn
|turn|15
|
|move|p1a: Mew|Knock Off|p2a: Arcanine
|-damage|p2a: Arcanine|345\/384
|-enditem|p2a: Arcanine|Leftovers|[from] move: Knock Off|[of] p1a: Mew
|move|p2a: Arcanine|Flare Blitz|p1a: Mew
|-damage|p1a: Mew|212\/404 brn
|-damage|p2a: Arcanine|298\/384|[from] recoil|[of] p1a: Mew
|
|-damage|p1a: Mew|162\/404 brn|[from] brn
|turn|16
|
|move|p1a: Mew|Roost|p1a: Mew
|-heal|p1a: Mew|364\/404 brn
|move|p2a: Arcanine|Morning Sun|p2a: Arcanine
|-heal|p2a: Arcanine|384\/384
|
|-damage|p1a: Mew|314\/404 brn|[from] brn
|turn|17
|
|switch|p1a: Snorlax|Snorlax, F|524\/524
|switch|p2a: Donphan|Donphan, M|243\/384 brn
|
|-damage|p2a: Donphan|195\/384 brn|[from] brn
|turn|18
|
|move|p2a: Donphan|Knock Off|p1a: Snorlax
|-damage|p1a: Snorlax|461\/524
|-enditem|p1a: Snorlax|Leftovers|[from] move: Knock Off|[of] p2a: Donphan
|move|p1a: Snorlax|Curse|p1a: Snorlax
|-boost|p1a: Snorlax|atk|1
|-boost|p1a: Snorlax|def|1
|-unboost|p1a: Snorlax|spe|1
|
|-damage|p2a: Donphan|147\/384 brn|[from] brn
|turn|19
|
|switch|p2a: Arcanine|Arcanine, F|384\/384
|-ability|p2a: Arcanine|Intimidate|[of] p1a: Snorlax
|-unboost|p1a: Snorlax|atk|1
|move|p1a: Snorlax|Curse|p1a: Snorlax
|-boost|p1a: Snorlax|atk|1
|-boost|p1a: Snorlax|def|1
|-unboost|p1a: Snorlax|spe|1
|
|turn|20
|
|move|p2a: Arcanine|Will-O-Wisp|p1a: Snorlax|[miss]
|-miss|p2a: Arcanine|p1a: Snorlax
|move|p1a: Snorlax|Body Slam|p2a: Arcanine
|-damage|p2a: Arcanine|237\/384
|
|turn|21
|
|move|p2a: Arcanine|Will-O-Wisp|p1a: Snorlax
|-status|p1a: Snorlax|brn
|move|p1a: Snorlax|Curse|p1a: Snorlax
|-boost|p1a: Snorlax|atk|1
|-boost|p1a: Snorlax|def|1
|-unboost|p1a: Snorlax|spe|1
|
|-damage|p1a: Snorlax|396\/524 brn|[from] brn
|turn|22
|
|switch|p2a: Ampharos|Ampharos, F|376\/376
|move|p1a: Snorlax|Curse|p1a: Snorlax
|-boost|p1a: Snorlax|atk|1
|-boost|p1a: Snorlax|def|1
|-unboost|p1a: Snorlax|spe|1
|
|-damage|p1a: Snorlax|331\/524 brn|[from] brn
|turn|23
|
|detailschange|p2a: Ampharos|Ampharos-Mega, F
|message|Ampharos has Mega Evolved into Mega Ampharos!
|-ability|p2a: Ampharos|Mold Breaker
|move|p2a: Ampharos|Focus Blast|p1a: Snorlax
|-supereffective|p1a: Snorlax
|-damage|p1a: Snorlax|99\/524 brn
|move|p1a: Snorlax|Rest|p1a: Snorlax
|-status|p1a: Snorlax|slp
|-heal|p1a: Snorlax|524\/524 slp|[silent]
|-status|p1a: Snorlax|slp|[from] move: Rest
|
|turn|24
|
|move|p2a: Ampharos|Focus Blast|p1a: Snorlax
|-crit|p1a: Snorlax
|-supereffective|p1a: Snorlax
|-damage|p1a: Snorlax|140\/524 slp
|cant|p1a: Snorlax|slp
|move|p1a: Snorlax|Sleep Talk|p1a: Snorlax
|move|p1a: Snorlax|Curse|p1a: Snorlax|[from]Sleep Talk
|-boost|p1a: Snorlax|atk|1
|-boost|p1a: Snorlax|def|1
|-unboost|p1a: Snorlax|spe|1
|
|turn|25
|
|move|p2a: Ampharos|Dragon Pulse|p1a: Snorlax
|-damage|p1a: Snorlax|8\/524 slp
|cant|p1a: Snorlax|slp
|move|p1a: Snorlax|Sleep Talk|p1a: Snorlax
|move|p1a: Snorlax|Curse|p1a: Snorlax|[from]Sleep Talk
|-boost|p1a: Snorlax|atk|1
|-boost|p1a: Snorlax|def|1
|-unboost|p1a: Snorlax|spe|1
|
|turn|26
|
|move|p2a: Ampharos|Volt Switch|p1a: Snorlax
|-damage|p1a: Snorlax|0 fnt
|faint|p1a: Snorlax
|
|switch|p2a: Donphan|Donphan, M|147\/384 brn
|
|-damage|p2a: Donphan|99\/384 brn|[from] brn
|
|switch|p1a: Mienshao|Mienshao, F|272\/272
|turn|27
|
|move|p1a: Mienshao|Knock Off|p2a: Donphan
|-damage|p2a: Donphan|38\/384 brn
|-damage|p1a: Mienshao|245\/272|[from] item: Life Orb
|move|p2a: Donphan|Knock Off|p1a: Mienshao
|-resisted|p1a: Mienshao
|-damage|p1a: Mienshao|210\/272
|-enditem|p1a: Mienshao|Life Orb|[from] move: Knock Off|[of] p2a: Donphan
|
|-damage|p2a: Donphan|0 fnt|[from] brn
|faint|p2a: Donphan
|
|switch|p2a: Arcanine|Arcanine, F|237\/384
|-ability|p2a: Arcanine|Intimidate|[of] p1a: Mienshao
|-unboost|p1a: Mienshao|atk|1
|turn|28
|
|move|p1a: Mienshao|Stone Edge|p2a: Arcanine|[miss]
|-miss|p1a: Mienshao|p2a: Arcanine
|move|p2a: Arcanine|Morning Sun|p2a: Arcanine
|-heal|p2a: Arcanine|384\/384
|
|turn|29
|
|move|p1a: Mienshao|Stone Edge|p2a: Arcanine
|-crit|p2a: Arcanine
|-supereffective|p2a: Arcanine
|-damage|p2a: Arcanine|108\/384
|move|p2a: Arcanine|Will-O-Wisp|p1a: Mienshao
|-status|p1a: Mienshao|brn
|
|-damage|p1a: Mienshao|176\/272 brn|[from] brn
|turn|30
|-message|tuRkizzle forfeited.
|
|win|banbanbansema
|raw|Ladder updating...
|leave|tuRkizzle
|player|p1
|raw|tuRkizzle's rating: 1515 &rarr; <strong>1490<\/strong><br \/>(-25 for losing)
|raw|banbanbansema's rating: 1423 &rarr; <strong>1448<\/strong><br \/>(+25 for winning)