|join|I like eating poop
|join|tuRkizzle
|player|p1|I like eating poop|266
|player|p2|tuRkizzle|170
|gametype|singles
|gen|6
|tier|UU
|rated
|rule|Sleep Clause Mod: Limit one foe put to sleep
|rule|Species Clause: Limit one of each Pokemon
|rule|OHKO Clause: OHKO moves are banned
|rule|Moody Clause: Moody is banned
|rule|Evasion Moves Clause: Evasion moves are banned
|rule|Endless Battle Clause: Forcing endless battles is banned.
|rule|HP Percentage Mod: HP is reported as percentages
|clearpoke
|poke|p1|Uxie
|poke|p1|Aggron, F
|poke|p1|Entei, shiny
|poke|p1|Sceptile, M
|poke|p1|Feraligatr, M
|poke|p1|Manectric, F
|poke|p2|Florges, F
|poke|p2|Chandelure, F, shiny
|poke|p2|Rotom-Mow
|poke|p2|Crobat, F, shiny
|poke|p2|Blastoise, M, shiny
|poke|p2|Bronzong
|teampreview
|
|start
|switch|p1a: Richard|Entei, shiny|372\/372
|switch|p2a: Chandelure|Chandelure, F, shiny|291\/291
|-ability|p1a: Richard|Pressure
|turn|1
|
|move|p1a: Richard|Stone Edge|p2a: Chandelure
|-supereffective|p2a: Chandelure
|-damage|p2a: Chandelure|0 fnt
|faint|p2a: Chandelure
|
|
|switch|p2a: Blastoise|Blastoise, M, shiny|362\/362
|turn|2
|
|switch|p1a: Elizabeth|Uxie|354\/354
|move|p2a: Blastoise|Toxic|p1a: Elizabeth|[miss]
|-miss|p2a: Blastoise|p1a: Elizabeth
|
|turn|3
|
|move|p1a: Elizabeth|Trick|p2a: Blastoise
|-activate|p1a: Elizabeth|move: Trick|[of] p2a: Blastoise
|-item|p2a: Blastoise|Choice Scarf|[from] move: Trick
|-item|p1a: Elizabeth|Leftovers|[from] move: Trick
|move|p2a: Blastoise|Toxic|p1a: Elizabeth
|-status|p1a: Elizabeth|tox
|
|-damage|p1a: Elizabeth|332\/354 tox|[from] psn
|turn|4
|
|switch|p2a: Bronzong|Bronzong|338\/338
|move|p1a: Elizabeth|Thunder Wave|p2a: Bronzong
|-status|p2a: Bronzong|par
|
|-heal|p1a: Elizabeth|354\/354 tox|[from] item: Leftovers
|-damage|p1a: Elizabeth|310\/354 tox|[from] psn
|turn|5
|
|move|p1a: Elizabeth|U-turn|p2a: Bronzong
|-damage|p2a: Bronzong|311\/338 par
|
|switch|p1a: Richard|Entei, shiny|372\/372
|-ability|p1a: Richard|Pressure
|move|p2a: Bronzong|Stealth Rock|p1a: Richard
|-sidestart|p1: I like eating poop|move: Stealth Rock
|
|turn|6
|
|switch|p2a: Blastoise|Blastoise, M, shiny|362\/362
|move|p1a: Richard|Stone Edge|p2a: Blastoise|[miss]
|-miss|p1a: Richard|p2a: Blastoise
|
|turn|7
|
|switch|p1a: Robert|Sceptile, M|281\/281
|-damage|p1a: Robert|246\/281|[from] Stealth Rock
|move|p2a: Blastoise|Scald|p1a: Robert
|-resisted|p1a: Robert
|-damage|p1a: Robert|201\/281
|
|turn|8
|
|switch|p2a: Bronzong|Bronzong|311\/338 par
|move|p1a: Robert|Hidden Power|p2a: Bronzong
|-resisted|p2a: Bronzong
|-damage|p2a: Bronzong|279\/338 par
|-damage|p1a: Robert|173\/281|[from] item: Life Orb
|
|turn|9
|
|move|p1a: Robert|Giga Drain|p2a: Bronzong
|-resisted|p2a: Bronzong
|-damage|p2a: Bronzong|218\/338 par
|-heal|p1a: Robert|204\/281|[from] drain|[of] p2a: Bronzong
|-damage|p1a: Robert|176\/281|[from] item: Life Orb
|move|p2a: Bronzong|Light Screen|p2a: Bronzong
|-sidestart|p2: tuRkizzle|move: Light Screen
|
|turn|10
|
|move|p1a: Robert|Focus Blast|p2a: Bronzong|[miss]
|-miss|p1a: Robert|p2a: Bronzong
|cant|p2a: Bronzong|par
|
|turn|11
|
|move|p1a: Robert|Focus Blast|p2a: Bronzong
|-damage|p2a: Bronzong|146\/338 par
|-damage|p1a: Robert|148\/281|[from] item: Life Orb
|move|p2a: Bronzong|Reflect|p2a: Bronzong
|-sidestart|p2: tuRkizzle|Reflect
|
|turn|12
|
|switch|p1a: Elizabeth|Uxie|310\/354 tox
|-damage|p1a: Elizabeth|266\/354 tox|[from] Stealth Rock
|switch|p2a: Crobat|Crobat, F, shiny|355\/355
|
|-heal|p1a: Elizabeth|288\/354 tox|[from] item: Leftovers
|-damage|p1a: Elizabeth|266\/354 tox|[from] psn
|turn|13
|
|move|p2a: Crobat|Brave Bird|p1a: Elizabeth
|-damage|p1a: Elizabeth|155\/354 tox
|-damage|p2a: Crobat|318\/355|[from] recoil|[of] p1a: Elizabeth
|move|p1a: Elizabeth|Thunder Wave|p2a: Crobat
|-status|p2a: Crobat|par
|
|-heal|p1a: Elizabeth|177\/354 tox|[from] item: Leftovers
|-heal|p2a: Crobat|340\/355 par|[from] item: Leftovers
|-damage|p1a: Elizabeth|133\/354 tox|[from] psn
|turn|14
|
|move|p1a: Elizabeth|U-turn|p2a: Crobat
|-crit|p2a: Crobat
|-resisted|p2a: Crobat
|-damage|p2a: Crobat|321\/355 par
|
|switch|p1a: Edward|Aggron, F|291\/291
|-damage|p1a: Edward|273\/291|[from] Stealth Rock
|move|p2a: Crobat|U-turn|p1a: Edward
|-resisted|p1a: Edward
|-damage|p1a: Edward|253\/291
|
|switch|p2a: Florges|Florges, F|360\/360
|
|-heal|p1a: Edward|271\/291|[from] item: Leftovers
|turn|15
|
|move|p1a: Edward|Substitute|p1a: Edward
|-start|p1a: Edward|Substitute
|-damage|p1a: Edward|199\/291
|move|p2a: Florges|Aromatherapy|p2a: Florges
|-cureteam|p2a: Florges|[from] move: Aromatherapy
|
|-heal|p1a: Edward|217\/291|[from] item: Leftovers
|turn|16
|
|-singleturn|p1a: Edward|move: Focus Punch
|switch|p2a: Blastoise|Blastoise, M, shiny|362\/362
|move|p1a: Edward|Focus Punch|p2a: Blastoise
|-crit|p2a: Blastoise
|-damage|p2a: Blastoise|184\/362
|
|-heal|p1a: Edward|235\/291|[from] item: Leftovers
|-sideend|p2: tuRkizzle|move: Light Screen
|turn|17
|
|-singleturn|p1a: Edward|move: Focus Punch
|move|p1a: Edward|Focus Punch|p2a: Blastoise
|-damage|p2a: Blastoise|127\/362
|move|p2a: Blastoise|Roar|p1a: Edward
|drag|p1a: Elizabeth|Uxie|133\/354 tox
|-damage|p1a: Elizabeth|89\/354 tox|[from] Stealth Rock
|
|-heal|p1a: Elizabeth|111\/354 tox|[from] item: Leftovers
|-damage|p1a: Elizabeth|89\/354 tox|[from] psn
|turn|18
|
|move|p1a: Elizabeth|Thunder Wave|p2a: Blastoise
|-status|p2a: Blastoise|par
|cant|p2a: Blastoise|par
|
|-heal|p1a: Elizabeth|111\/354 tox|[from] item: Leftovers
|-damage|p1a: Elizabeth|67\/354 tox|[from] psn
|-sideend|p2: tuRkizzle|Reflect
|turn|19
|
|switch|p2a: Florges|Florges, F|360\/360
|move|p1a: Elizabeth|Stealth Rock|p2a: Florges
|-sidestart|p2: tuRkizzle|move: Stealth Rock
|
|-heal|p1a: Elizabeth|89\/354 tox|[from] item: Leftovers
|-damage|p1a: Elizabeth|23\/354 tox|[from] psn
|turn|20
|
|move|p1a: Elizabeth|U-turn|p2a: Florges
|-resisted|p2a: Florges
|-damage|p2a: Florges|338\/360
|
|switch|p1a: Edward|Aggron, F|235\/291
|-damage|p1a: Edward|217\/291|[from] Stealth Rock
|move|p2a: Florges|Aromatherapy|p2a: Florges
|-cureteam|p2a: Florges|[from] move: Aromatherapy
|
|-heal|p1a: Edward|235\/291|[from] item: Leftovers
|-heal|p2a: Florges|360\/360|[from] item: Leftovers
|turn|21
|
|move|p1a: Edward|Substitute|p1a: Edward
|-start|p1a: Edward|Substitute
|-damage|p1a: Edward|163\/291
|move|p2a: Florges|Wish|p2a: Florges
|
|-heal|p1a: Edward|181\/291|[from] item: Leftovers
|turn|22
|
|-singleturn|p1a: Edward|move: Focus Punch
|switch|p2a: Blastoise|Blastoise, M, shiny|127\/362
|-damage|p2a: Blastoise|82\/362|[from] Stealth Rock
|move|p1a: Edward|Focus Punch|p2a: Blastoise
|-damage|p2a: Blastoise|0 fnt
|faint|p2a: Blastoise
|
|-heal|p1a: Edward|199\/291|[from] item: Leftovers
|
|switch|p2a: Rotom-Mow|Rotom-Mow|241\/241
|-damage|p2a: Rotom-Mow|211\/241|[from] Stealth Rock
|turn|23
|
|-singleturn|p1a: Edward|move: Focus Punch
|move|p2a: Rotom-Mow|Hidden Power|p1a: Edward
|-end|p1a: Edward|Substitute
|move|p1a: Edward|Focus Punch|p2a: Rotom-Mow
|-damage|p2a: Rotom-Mow|74\/241
|
|-heal|p1a: Edward|217\/291|[from] item: Leftovers
|turn|24
|
|move|p2a: Rotom-Mow|Hidden Power|p1a: Edward
|-damage|p1a: Edward|121\/291
|move|p1a: Edward|Head Smash|p2a: Rotom-Mow
|-damage|p2a: Rotom-Mow|0 fnt
|faint|p2a: Rotom-Mow
|
|-heal|p1a: Edward|139\/291|[from] item: Leftovers
|
|switch|p2a: Florges|Florges, F|360\/360
|-damage|p2a: Florges|315\/360|[from] Stealth Rock
|turn|25
|
|move|p1a: Edward|Head Smash|p2a: Florges|[miss]
|-miss|p1a: Edward|p2a: Florges
|move|p2a: Florges|Moonblast|p1a: Edward
|-resisted|p1a: Edward
|-damage|p1a: Edward|49\/291
|
|-heal|p1a: Edward|67\/291|[from] item: Leftovers
|-heal|p2a: Florges|337\/360|[from] item: Leftovers
|turn|26
|
|move|p1a: Edward|Head Smash|p2a: Florges|[miss]
|-miss|p1a: Edward|p2a: Florges
|move|p2a: Florges|Moonblast|p1a: Edward
|-resisted|p1a: Edward
|-damage|p1a: Edward|0 fnt
|faint|p1a: Edward
|
|-heal|p2a: Florges|359\/360|[from] item: Leftovers
|
|switch|p1a: Robert|Sceptile, M|148\/281
|-damage|p1a: Robert|113\/281|[from] Stealth Rock
|turn|27
|
|move|p2a: Florges|Protect|p2a: Florges
|-singleturn|p2a: Florges|Protect
|move|p1a: Robert|Giga Drain|p2a: Florges
|-activate|p2a: Florges|Protect
|
|-heal|p2a: Florges|360\/360|[from] item: Leftovers
|turn|28
|
|switch|p2a: Crobat|Crobat, F, shiny|321\/355
|-damage|p2a: Crobat|233\/355|[from] Stealth Rock
|move|p1a: Robert|Giga Drain|p2a: Crobat
|-crit|p2a: Crobat
|-resisted|p2a: Crobat
|-damage|p2a: Crobat|163\/355
|-heal|p1a: Robert|148\/281|[from] drain|[of] p2a: Crobat
|-damage|p1a: Robert|120\/281|[from] item: Life Orb
|
|-heal|p2a: Crobat|185\/355|[from] item: Leftovers
|turn|29
|
|switch|p1a: Nathaniel|Manectric, F|282\/282
|-damage|p1a: Nathaniel|247\/282|[from] Stealth Rock
|move|p2a: Crobat|Roost|p2a: Crobat
|-heal|p2a: Crobat|355\/355
|
|turn|30
|
|switch|p2a: Florges|Florges, F|360\/360
|-damage|p2a: Florges|315\/360|[from] Stealth Rock
|move|p1a: Nathaniel|Overheat|p2a: Florges
|-damage|p2a: Florges|235\/360
|-unboost|p1a: Nathaniel|spa|2
|
|-heal|p2a: Florges|257\/360|[from] item: Leftovers
|turn|31
|
|switch|p1a: Marcus|Feraligatr, M|348\/348
|-damage|p1a: Marcus|305\/348|[from] Stealth Rock
|move|p2a: Florges|Moonblast|p1a: Marcus
|-damage|p1a: Marcus|167\/348
|
|-heal|p1a: Marcus|188\/348|[from] item: Leftovers
|-heal|p2a: Florges|279\/360|[from] item: Leftovers
|turn|32
|
|move|p1a: Marcus|Frustration|p2a: Florges
|-damage|p2a: Florges|147\/360
|move|p2a: Florges|Moonblast|p1a: Marcus
|-damage|p1a: Marcus|49\/348
|
|-heal|p1a: Marcus|70\/348|[from] item: Leftovers
|-heal|p2a: Florges|169\/360|[from] item: Leftovers
|turn|33
|
|move|p1a: Marcus|Waterfall|p2a: Florges
|-damage|p2a: Florges|0 fnt
|faint|p2a: Florges
|
|-heal|p1a: Marcus|91\/348|[from] item: Leftovers
|
|switch|p2a: Crobat|Crobat, F, shiny|355\/355
|-damage|p2a: Crobat|267\/355|[from] Stealth Rock
|turn|34
|
|move|p1a: Marcus|Aqua Jet|p2a: Crobat
|-damage|p2a: Crobat|155\/355
|move|p2a: Crobat|Brave Bird|p1a: Marcus
|-crit|p1a: Marcus
|-damage|p1a: Marcus|0 fnt
|-damage|p2a: Crobat|125\/355|[from] recoil|[of] p1a: Marcus
|faint|p1a: Marcus
|
|-heal|p2a: Crobat|147\/355|[from] item: Leftovers
|
|switch|p1a: Nathaniel|Manectric, F|247\/282
|-damage|p1a: Nathaniel|212\/282|[from] Stealth Rock
|turn|35
|
|move|p1a: Nathaniel|Volt Switch|p2a: Crobat
|-supereffective|p2a: Crobat
|-damage|p2a: Crobat|0 fnt
|faint|p2a: Crobat
|
|switch|p1a: Richard|Entei, shiny|372\/372
|-damage|p1a: Richard|279\/372|[from] Stealth Rock
|-ability|p1a: Richard|Pressure
|
|chat|tuRkizzle|gg
|-message|tuRkizzle forfeited.
|
|win|I like eating poop
|raw|Ladder updating...
|leave|tuRkizzle
|player|p2
|raw|I like eating poop's rating: 1071 &rarr; <strong>1102<\/strong><br \/>(+31 for winning)
|raw|tuRkizzle's rating: 1097 &rarr; <strong>1071<\/strong><br \/>(-26 for losing)