|join|hodges
|join|tuRkizzle
|player|p1|hodges|53
|player|p2|tuRkizzle|238
|gametype|singles
|gen|6
|tier|UU
|rated
|rule|Sleep Clause Mod: Limit one foe put to sleep
|rule|Species Clause: Limit one of each Pokemon
|rule|OHKO Clause: OHKO moves are banned
|rule|Moody Clause: Moody is banned
|rule|Evasion Moves Clause: Evasion moves are banned
|rule|Endless Battle Clause: Forcing endless battles is banned.
|rule|HP Percentage Mod: HP is reported as percentages
|clearpoke
|poke|p1|Alakazam, M
|poke|p1|Infernape, F
|poke|p1|Blissey, F
|poke|p1|Lucario, F
|poke|p1|Slowbro, M
|poke|p1|Donphan, M
|poke|p2|Nidoking, M
|poke|p2|Snorlax, F
|poke|p2|Victini
|poke|p2|Florges, F
|poke|p2|Forretress, M
|poke|p2|Hydreigon, M
|teampreview
|
|start
|switch|p1a: Infernape|Infernape, F|293\/293
|switch|p2a: Hydreigon|Hydreigon, M|326\/326
|turn|1
|
|move|p2a: Hydreigon|Draco Meteor|p1a: Infernape|[miss]
|-miss|p2a: Hydreigon|p1a: Infernape
|move|p1a: Infernape|Close Combat|p2a: Hydreigon
|-supereffective|p2a: Hydreigon
|-damage|p2a: Hydreigon|0 fnt
|-unboost|p1a: Infernape|def|1
|-unboost|p1a: Infernape|spd|1
|faint|p2a: Hydreigon
|
|
|switch|p2a: Nidoking|Nidoking, M|303\/303
|turn|2
|
|switch|p1a: Blissey|Blissey, F|714\/714
|move|p2a: Nidoking|Earthquake|p1a: Blissey
|-damage|p1a: Blissey|464\/714
|-damage|p2a: Nidoking|273\/303|[from] item: Life Orb
|
|-heal|p1a: Blissey|508\/714|[from] item: Leftovers
|turn|3
|
|move|p2a: Nidoking|Sludge Wave|p1a: Blissey
|-damage|p1a: Blissey|355\/714
|move|p1a: Blissey|Seismic Toss|p2a: Nidoking
|-damage|p2a: Nidoking|173\/303
|
|-heal|p1a: Blissey|399\/714|[from] item: Leftovers
|turn|4
|
|switch|p2a: Snorlax|Snorlax, F|478\/478
|move|p1a: Blissey|Soft-Boiled|p1a: Blissey
|-heal|p1a: Blissey|714\/714
|
|turn|5
|
|move|p1a: Blissey|Toxic|p2a: Snorlax
|-status|p2a: Snorlax|tox
|move|p2a: Snorlax|Curse|p2a: Snorlax
|-boost|p2a: Snorlax|atk|1
|-boost|p2a: Snorlax|def|1
|-unboost|p2a: Snorlax|spe|1
|
|-damage|p2a: Snorlax|449\/478 tox|[from] psn
|turn|6
|
|switch|p1a: Lucario|Lucario, F|281\/281
|move|p2a: Snorlax|Body Slam|p1a: Lucario
|-resisted|p1a: Lucario
|-damage|p1a: Lucario|168\/281
|
|-heal|p2a: Snorlax|478\/478 tox|[from] item: Leftovers
|-damage|p2a: Snorlax|420\/478 tox|[from] psn
|turn|7
|
|move|p1a: Lucario|Nasty Plot|p1a: Lucario
|-boost|p1a: Lucario|spa|2
|move|p2a: Snorlax|Body Slam|p1a: Lucario
|-resisted|p1a: Lucario
|-damage|p1a: Lucario|69\/281
|-status|p1a: Lucario|par
|
|-heal|p2a: Snorlax|449\/478 tox|[from] item: Leftovers
|-damage|p2a: Snorlax|362\/478 tox|[from] psn
|turn|8
|
|move|p1a: Lucario|Vacuum Wave|p2a: Snorlax
|-supereffective|p2a: Snorlax
|-damage|p2a: Snorlax|136\/478 tox
|-damage|p1a: Lucario|41\/281 par|[from] item: Life Orb
|move|p2a: Snorlax|Body Slam|p1a: Lucario
|-resisted|p1a: Lucario
|-damage|p1a: Lucario|0 fnt
|faint|p1a: Lucario
|
|-heal|p2a: Snorlax|165\/478 tox|[from] item: Leftovers
|-damage|p2a: Snorlax|49\/478 tox|[from] psn
|
|switch|p1a: Alakazam|Alakazam, M|251\/251
|turn|9
|
|detailschange|p1a: Alakazam|Alakazam-Mega, M
|message|Alakazam has Mega Evolved into Mega Alakazam!
|-ability|p1a: Alakazam|Thick Fat|[from] ability: Trace|[of] p2a: Snorlax
|move|p1a: Alakazam|Charge Beam|p2a: Snorlax
|-damage|p2a: Snorlax|0 fnt
|-boost|p1a: Alakazam|spa|1
|faint|p2a: Snorlax
|
|
|switch|p2a: Victini|Victini|342\/342
|turn|10
|
|move|p2a: Victini|U-turn|p1a: Alakazam
|-supereffective|p1a: Alakazam
|-damage|p1a: Alakazam|59\/251
|
|switch|p2a: Forretress|Forretress, M|354\/354
|move|p1a: Alakazam|Shadow Ball|p2a: Forretress
|-damage|p2a: Forretress|88\/354
|
|-heal|p2a: Forretress|110\/354|[from] item: Leftovers
|turn|11
|
|move|p1a: Alakazam|Shadow Ball|p2a: Forretress
|-damage|p2a: Forretress|0 fnt
|faint|p2a: Forretress
|
|
|switch|p2a: Victini|Victini|342\/342
|turn|12
|
|switch|p1a: Donphan|Donphan, M|352\/352
|move|p2a: Victini|U-turn|p1a: Donphan
|-damage|p1a: Donphan|302\/352
|
|switch|p2a: Nidoking|Nidoking, M|173\/303
|
|-heal|p1a: Donphan|324\/352|[from] item: Leftovers
|turn|13
|
|move|p2a: Nidoking|Earthquake|p1a: Donphan
|-damage|p1a: Donphan|223\/352
|-damage|p2a: Nidoking|143\/303|[from] item: Life Orb
|move|p1a: Donphan|Earthquake|p2a: Nidoking
|-supereffective|p2a: Nidoking
|-damage|p2a: Nidoking|0 fnt
|faint|p2a: Nidoking
|
|-heal|p1a: Donphan|245\/352|[from] item: Leftovers
|
|switch|p2a: Florges|Florges, F|360\/360
|turn|14
|
|move|p2a: Florges|Moonblast|p1a: Donphan
|-damage|p1a: Donphan|112\/352
|move|p1a: Donphan|Stealth Rock|p2a: Florges
|-sidestart|p2: tuRkizzle|move: Stealth Rock
|
|-heal|p1a: Donphan|134\/352|[from] item: Leftovers
|turn|15
|
|switch|p1a: Blissey|Blissey, F|714\/714
|move|p2a: Florges|Moonblast|p1a: Blissey
|-damage|p1a: Blissey|620\/714
|
|-heal|p1a: Blissey|664\/714|[from] item: Leftovers
|turn|16
|
|switch|p2a: Victini|Victini|342\/342
|-damage|p2a: Victini|257\/342|[from] Stealth Rock
|move|p1a: Blissey|Toxic|p2a: Victini
|-status|p2a: Victini|tox
|
|-heal|p1a: Blissey|708\/714|[from] item: Leftovers
|-damage|p2a: Victini|236\/342 tox|[from] psn
|turn|17
|
|move|p2a: Victini|V-create|p1a: Blissey
|-damage|p1a: Blissey|248\/714
|-unboost|p2a: Victini|def|1
|-unboost|p2a: Victini|spd|1
|-unboost|p2a: Victini|spe|1
|move|p1a: Blissey|Seismic Toss|p2a: Victini
|-damage|p2a: Victini|136\/342 tox
|
|-heal|p1a: Blissey|292\/714|[from] item: Leftovers
|-damage|p2a: Victini|94\/342 tox|[from] psn
|turn|18
|
|move|p2a: Victini|V-create|p1a: Blissey
|-crit|p1a: Blissey
|-damage|p1a: Blissey|0 fnt
|-unboost|p2a: Victini|def|1
|-unboost|p2a: Victini|spd|1
|-unboost|p2a: Victini|spe|1
|faint|p1a: Blissey
|
|-damage|p2a: Victini|31\/342 tox|[from] psn
|
|switch|p1a: Alakazam|Alakazam-Mega, M|59\/251
|-ability|p1a: Alakazam|Victory Star|[from] ability: Trace|[of] p2a: Victini
|turn|19
|
|switch|p2a: Florges|Florges, F|360\/360
|-damage|p2a: Florges|315\/360|[from] Stealth Rock
|move|p1a: Alakazam|Charge Beam|p2a: Florges
|-damage|p2a: Florges|275\/360
|-boost|p1a: Alakazam|spa|1
|
|-heal|p2a: Florges|297\/360|[from] item: Leftovers
|turn|20
|
|move|p1a: Alakazam|Psyshock|p2a: Florges
|-damage|p2a: Florges|0 fnt
|faint|p2a: Florges
|
|
|switch|p2a: Victini|Victini|31\/342 tox
|-damage|p2a: Victini|0 fnt|[from] Stealth Rock
|faint|p2a: Victini
|
|win|hodges
|raw|Ladder updating...
|raw|hodges's rating: 1092 &rarr; <strong>1124<\/strong><br \/>(+32 for winning)
|raw|tuRkizzle's rating: 1174 &rarr; <strong>1143<\/strong><br \/>(-31 for losing)
|leave|tuRkizzle
|player|p2