|join|gjjsdsdfsd
|join|tuRkizzle
|player|p1|gjjsdsdfsd|169
|player|p2|tuRkizzle|115
|gametype|singles
|gen|6
|tier|UU
|rated
|rule|Sleep Clause Mod: Limit one foe put to sleep
|rule|Species Clause: Limit one of each Pokemon
|rule|OHKO Clause: OHKO moves are banned
|rule|Moody Clause: Moody is banned
|rule|Evasion Moves Clause: Evasion moves are banned
|rule|Endless Battle Clause: Forcing endless battles is banned
|rule|HP Percentage Mod: HP is reported as percentages
|clearpoke
|poke|p1|Azelf
|poke|p1|Staraptor, F
|poke|p1|Lucario, F
|poke|p1|Rotom-Heat
|poke|p1|Mienshao, M
|poke|p1|Ampharos, M
|poke|p2|Mienshao, F
|poke|p2|Suicune
|poke|p2|Snorlax, M
|poke|p2|Darmanitan, F
|poke|p2|Hydreigon, M
|poke|p2|Mew
|rule|Baton Pass Clause: Limit 3 pokemon knowing Baton Pass
|teampreview
|
|start
|switch|p1a: Azelf|Azelf|291\/291
|switch|p2a: Mew|Mew|404\/404
|turn|1
|
|move|p1a: Azelf|Taunt|p2a: Mew
|-start|p2a: Mew|move: Taunt
|move|p2a: Mew|Knock Off|p1a: Azelf
|-supereffective|p1a: Azelf
|-damage|p1a: Azelf|73\/291
|-enditem|p1a: Azelf|Focus Sash|[from] move: Knock Off|[of] p2a: Mew
|
|turn|2
|
|move|p1a: Azelf|Stealth Rock|p2a: Mew
|-sidestart|p2: tuRkizzle|move: Stealth Rock
|move|p2a: Mew|Knock Off|p1a: Azelf
|-supereffective|p1a: Azelf
|-damage|p1a: Azelf|0 fnt
|faint|p1a: Azelf
|
|
|switch|p1a: Lucario|Lucario, F|281\/281
|turn|3
|
|move|p1a: Lucario|Swords Dance|p1a: Lucario
|-boost|p1a: Lucario|atk|2
|move|p2a: Mew|Knock Off|p1a: Lucario
|-resisted|p1a: Lucario
|-damage|p1a: Lucario|229\/281
|-boost|p1a: Lucario|atk|1|[from] ability: Justified
|-enditem|p1a: Lucario|Life Orb|[from] move: Knock Off|[of] p2a: Mew
|
|-end|p2a: Mew|move: Taunt
|turn|4
|
|move|p1a: Lucario|Crunch|p2a: Mew
|-supereffective|p2a: Mew
|-damage|p2a: Mew|0 fnt
|faint|p2a: Mew
|
|
|switch|p2a: Darmanitan|Darmanitan, F|351\/351
|-damage|p2a: Darmanitan|264\/351|[from] Stealth Rock
|turn|5
|
|move|p1a: Lucario|Extreme Speed|p2a: Darmanitan
|-damage|p2a: Darmanitan|0 fnt
|faint|p2a: Darmanitan
|
|
|switch|p2a: Suicune|Suicune|404\/404
|-damage|p2a: Suicune|354\/404|[from] Stealth Rock
|-ability|p2a: Suicune|Pressure
|turn|6
|
|move|p1a: Lucario|Close Combat|p2a: Suicune
|-damage|p2a: Suicune|36\/404
|-unboost|p1a: Lucario|def|1
|-unboost|p1a: Lucario|spd|1
|move|p2a: Suicune|Scald|p1a: Lucario
|-crit|p1a: Lucario
|-damage|p1a: Lucario|0 fnt
|faint|p1a: Lucario
|
|-heal|p2a: Suicune|61\/404|[from] item: Leftovers
|
|switch|p1a: Mienshao|Mienshao, M|271\/271
|turn|7
|
|move|p1a: Mienshao|High Jump Kick|p2a: Suicune
|-damage|p2a: Suicune|0 fnt
|faint|p2a: Suicune
|
|
|switch|p2a: Mienshao|Mienshao, F|271\/271
|-damage|p2a: Mienshao|255\/271|[from] Stealth Rock
|turn|8
|
|move|p2a: Mienshao|Fake Out|p1a: Mienshao
|-crit|p1a: Mienshao
|-damage|p1a: Mienshao|145\/271
|-damage|p2a: Mienshao|228\/271|[from] item: Life Orb
|cant|p1a: Mienshao|flinch
|
|turn|9
|
|move|p1a: Mienshao|High Jump Kick|p2a: Mienshao
|-damage|p2a: Mienshao|0 fnt
|faint|p2a: Mienshao
|
|
|switch|p2a: Hydreigon|Hydreigon, M|325\/325
|-damage|p2a: Hydreigon|285\/325|[from] Stealth Rock
|turn|10
|
|move|p1a: Mienshao|High Jump Kick|p2a: Hydreigon
|-supereffective|p2a: Hydreigon
|-damage|p2a: Hydreigon|0 fnt
|faint|p2a: Hydreigon
|
|chat|gjjsdsdfsd|gg
|
|switch|p2a: Snorlax|Snorlax, M|524\/524
|-damage|p2a: Snorlax|459\/524|[from] Stealth Rock
|turn|11
|
|move|p1a: Mienshao|High Jump Kick|p2a: Snorlax
|-crit|p2a: Snorlax
|-supereffective|p2a: Snorlax
|-damage|p2a: Snorlax|0 fnt
|faint|p2a: Snorlax
|
|win|gjjsdsdfsd
|raw|Ladder updating...
|raw|gjjsdsdfsd's rating: 1404 &rarr; <strong>1422<\/strong><br \/>(+18 for winning)
|raw|tuRkizzle's rating: 1361 &rarr; <strong>1344<\/strong><br \/>(-17 for losing)