|join|tuRkizzle
|join|Alpha1234
|player|p1|tuRkizzle|115
|player|p2|Alpha1234|96
|gametype|singles
|gen|6
|tier|UU
|rated
|rule|Sleep Clause Mod: Limit one foe put to sleep
|rule|Species Clause: Limit one of each PokÃ©mon
|rule|OHKO Clause: OHKO moves are banned
|rule|Moody Clause: Moody is banned
|rule|Evasion Moves Clause: Evasion moves are banned
|rule|Endless Battle Clause: Forcing endless battles is banned
|rule|HP Percentage Mod: HP is shown in percentages
|clearpoke
|poke|p1|Goodra, F
|poke|p1|Krookodile, F
|poke|p1|Honchkrow, M
|poke|p1|Jirachi
|poke|p1|Blastoise, M
|poke|p1|Mienshao, M
|poke|p2|Porygon-Z
|poke|p2|Galvantula, M
|poke|p2|Cacturne, M
|poke|p2|Cresselia, F
|poke|p2|Krookodile, F
|poke|p2|Ambipom, F
|rule|Swagger Clause: Swagger is banned
|rule|Baton Pass Clause: Limit one PokÃ©mon knowing Baton Pass
|teampreview
|
|start
|switch|p1a: Jirachi|Jirachi|341\/341
|switch|p2a: Cresselia|Cresselia, F|444\/444
|turn|1
|
|move|p1a: Jirachi|U-turn|p2a: Cresselia
|-crit|p2a: Cresselia
|-supereffective|p2a: Cresselia
|-damage|p2a: Cresselia|294\/444
|
|switch|p1a: Honchkrow|Honchkrow, M|341\/341
|move|p2a: Cresselia|Thunder Wave|p1a: Honchkrow
|-status|p1a: Honchkrow|par
|
|-heal|p2a: Cresselia|321\/444|[from] item: Leftovers
|turn|2
|
|move|p2a: Cresselia|Moonlight|p2a: Cresselia
|-heal|p2a: Cresselia|444\/444
|cant|p1a: Honchkrow|par
|
|turn|3
|
|move|p2a: Cresselia|Moonblast|p1a: Honchkrow
|-supereffective|p1a: Honchkrow
|-damage|p1a: Honchkrow|161\/341 par
|cant|p1a: Honchkrow|par
|
|turn|4
|
|move|p2a: Cresselia|Moonblast|p1a: Honchkrow
|-supereffective|p1a: Honchkrow
|-damage|p1a: Honchkrow|0 fnt
|faint|p1a: Honchkrow
|
|
|switch|p1a: Krookodile|Krookodile, F|393\/393
|-ability|p1a: Krookodile|Intimidate|[of] p2a: Cresselia
|-unboost|p2a: Cresselia|atk|1
|turn|5
|
|switch|p2a: Cacturne|Cacturne, M|343\/343
|move|p1a: Krookodile|Knock Off|p2a: Cacturne
|-resisted|p2a: Cacturne
|-damage|p2a: Cacturne|247\/343
|-enditem|p2a: Cacturne|Leftovers|[from] move: Knock Off|[of] p1a: Krookodile
|
|turn|6
|
|move|p1a: Krookodile|Stealth Rock|p2a: Cacturne
|-sidestart|p2: Alpha1234|move: Stealth Rock
|move|p2a: Cacturne|Substitute|p2a: Cacturne
|-start|p2a: Cacturne|Substitute
|-damage|p2a: Cacturne|162\/343
|
|turn|7
|
|move|p1a: Krookodile|Knock Off|p2a: Cacturne
|-resisted|p2a: Cacturne
|-activate|p2a: Cacturne|Substitute|[damage]
|move|p2a: Cacturne|Swords Dance|p2a: Cacturne
|-boost|p2a: Cacturne|atk|2
|
|turn|8
|
|switch|p1a: Jirachi|Jirachi|341\/341
|move|p2a: Cacturne|Seed Bomb|p1a: Jirachi
|-resisted|p1a: Jirachi
|-damage|p1a: Jirachi|193\/341
|
|turn|9
|
|move|p2a: Cacturne|Sucker Punch|p1a: Jirachi
|-supereffective|p1a: Jirachi
|-damage|p1a: Jirachi|0 fnt
|faint|p1a: Jirachi
|
|
|switch|p1a: Krookodile|Krookodile, F|393\/393
|-activate|p2a: Cacturne|Substitute|ability: Intimidate|[of] p1a: Krookodile
|turn|10
|
|move|p1a: Krookodile|Knock Off|p2a: Cacturne
|-resisted|p2a: Cacturne
|-end|p2a: Cacturne|Substitute
|move|p2a: Cacturne|Seed Bomb|p1a: Krookodile
|-supereffective|p1a: Krookodile
|-damage|p1a: Krookodile|0 fnt
|faint|p1a: Krookodile
|
|
|switch|p1a: Goodra|Goodra, F|373\/373
|turn|11
|
|move|p2a: Cacturne|Sucker Punch|p1a: Goodra
|-damage|p1a: Goodra|0 fnt
|faint|p1a: Goodra
|
|
|switch|p1a: Mienshao|Mienshao, M|271\/271
|turn|12
|
|move|p2a: Cacturne|Sucker Punch|p1a: Mienshao
|-resisted|p1a: Mienshao
|-damage|p1a: Mienshao|46\/271
|move|p1a: Mienshao|U-turn|p2a: Cacturne
|-supereffective|p2a: Cacturne
|-damage|p2a: Cacturne|0 fnt
|faint|p2a: Cacturne
|
|switch|p1a: Blastoise|Blastoise, M|334\/334
|
|
|switch|p2a: Galvantula|Galvantula, M|281\/281
|-damage|p2a: Galvantula|211\/281|[from] Stealth Rock
|turn|13
|
|detailschange|p1a: Blastoise|Blastoise-Mega, M
|message|Blastoise has Mega Evolved into Mega Blastoise!
|move|p2a: Galvantula|Thunder|p1a: Blastoise
|-supereffective|p1a: Blastoise
|-damage|p1a: Blastoise|0 fnt
|faint|p1a: Blastoise
|
|
|switch|p1a: Mienshao|Mienshao, M|46\/271
|turn|14
|
|move|p1a: Mienshao|High Jump Kick|p2a: Galvantula
|-resisted|p2a: Galvantula
|-damage|p2a: Galvantula|0 fnt
|faint|p2a: Galvantula
|
|
|switch|p2a: Ambipom|Ambipom, F|291\/291
|-damage|p2a: Ambipom|255\/291|[from] Stealth Rock
|turn|15
|
|move|p2a: Ambipom|Fake Out|p1a: Mienshao
|-damage|p1a: Mienshao|0 fnt
|-damage|p2a: Ambipom|226\/291|[from] item: Life Orb
|faint|p1a: Mienshao
|
|win|Alpha1234
|raw|Ladder updating...
|raw|tuRkizzle's rating: 1430 &rarr; <strong>1408<\/strong><br \/>(-22 for losing)
|raw|Alpha1234's rating: 1401 &rarr; <strong>1423<\/strong><br \/>(+22 for winning)
|leave|tuRkizzle
|player|p1