|join|tuRkizzle
|join|fcip
|player|p1|tuRkizzle|115
|player|p2|fcip|265
|gametype|singles
|gen|6
|tier|UU
|rated
|rule|Sleep Clause Mod: Limit one foe put to sleep
|rule|Species Clause: Limit one of each PokÃ©mon
|rule|OHKO Clause: OHKO moves are banned
|rule|Moody Clause: Moody is banned
|rule|Evasion Moves Clause: Evasion moves are banned
|rule|Endless Battle Clause: Forcing endless battles is banned
|rule|HP Percentage Mod: HP is reported as percentages
|clearpoke
|poke|p1|Tornadus, M
|poke|p1|Slowbro, F
|poke|p1|Snorlax, M
|poke|p1|Lucario, M
|poke|p1|Mew
|poke|p1|Chandelure, F
|poke|p2|Rotom-Heat
|poke|p2|Empoleon, F
|poke|p2|Krookodile, F
|poke|p2|Absol, M
|poke|p2|Noivern, F
|poke|p2|Chandelure, F
|rule|Swagger Clause: Swagger is banned
|rule|Baton Pass Clause: Limit one PokÃ©mon knowing Baton Pass
|teampreview
|
|start
|switch|p1a: Chandelure|Chandelure, F|261\/261
|switch|p2a: Krookodile|Krookodile, F|332\/332
|turn|1
|
|move|p2a: Krookodile|Knock Off|p1a: Chandelure
|-supereffective|p1a: Chandelure
|-damage|p1a: Chandelure|0 fnt
|-enditem|p1a: Chandelure|Choice Specs|[from] move: Knock Off|[of] p2a: Krookodile
|faint|p1a: Chandelure
|-boost|p2a: Krookodile|atk|1|[from] ability: Moxie
|
|
|switch|p1a: Lucario|Lucario, M|281\/281
|turn|2
|
|switch|p2a: Rotom-Heat|Rotom-Heat|303\/303
|move|p1a: Lucario|Swords Dance|p1a: Lucario
|-boost|p1a: Lucario|atk|2
|
|turn|3
|
|move|p1a: Lucario|Extreme Speed|p2a: Rotom-Heat
|-damage|p2a: Rotom-Heat|154\/303
|-damage|p1a: Lucario|253\/281|[from] item: Life Orb
|move|p2a: Rotom-Heat|Overheat|p1a: Lucario
|-supereffective|p1a: Lucario
|-damage|p1a: Lucario|0 fnt
|-unboost|p2a: Rotom-Heat|spa|2
|faint|p1a: Lucario
|
|-heal|p2a: Rotom-Heat|172\/303|[from] item: Leftovers
|
|switch|p1a: Tornadus|Tornadus, M|362\/362
|turn|4
|
|switch|p2a: Empoleon|Empoleon, F|371\/371
|move|p1a: Tornadus|Bulk Up|p1a: Tornadus
|-boost|p1a: Tornadus|atk|1
|-boost|p1a: Tornadus|def|1
|
|turn|5
|
|move|p1a: Tornadus|Bulk Up|p1a: Tornadus
|-boost|p1a: Tornadus|atk|1
|-boost|p1a: Tornadus|def|1
|move|p2a: Empoleon|Roar|p1a: Tornadus
|drag|p1a: Mew|Mew|400\/400
|
|turn|6
|
|move|p1a: Mew|Knock Off|p2a: Empoleon
|-damage|p2a: Empoleon|283\/371
|-enditem|p2a: Empoleon|Leftovers|[from] move: Knock Off|[of] p1a: Mew
|move|p2a: Empoleon|Stealth Rock|p1a: Mew
|-sidestart|p1: tuRkizzle|move: Stealth Rock
|
|turn|7
|
|switch|p2a: Rotom-Heat|Rotom-Heat|172\/303
|move|p1a: Mew|Defog|p2a: Rotom-Heat
|-unboost|p2a: Rotom-Heat|evasion|1
|-sideend|p1: tuRkizzle|Stealth Rock|[from] move: Defog|[of] p1a: Mew
|
|-heal|p2a: Rotom-Heat|190\/303|[from] item: Leftovers
|turn|8
|
|move|p1a: Mew|Knock Off|p2a: Rotom-Heat
|-damage|p2a: Rotom-Heat|140\/303
|-enditem|p2a: Rotom-Heat|Leftovers|[from] move: Knock Off|[of] p1a: Mew
|move|p2a: Rotom-Heat|Will-O-Wisp|p1a: Mew
|-status|p1a: Mew|brn
|
|-damage|p1a: Mew|350\/400 brn|[from] brn
|turn|9
|
|move|p1a: Mew|Knock Off|p2a: Rotom-Heat
|-damage|p2a: Rotom-Heat|121\/303
|move|p2a: Rotom-Heat|Pain Split|p1a: Mew
|-sethp|p1a: Mew|235\/400 brn|p2a: Rotom-Heat|235\/303|[from] move: Pain Split
|
|-heal|p1a: Mew|260\/400 brn|[from] item: Leftovers
|-damage|p1a: Mew|210\/400 brn|[from] brn
|turn|10
|
|switch|p1a: Tornadus|Tornadus, M|362\/362
|move|p2a: Rotom-Heat|Volt Switch|p1a: Tornadus
|-supereffective|p1a: Tornadus
|-damage|p1a: Tornadus|210\/362
|
|switch|p2a: Krookodile|Krookodile, F|332\/332
|
|turn|11
|
|move|p1a: Tornadus|Bulk Up|p1a: Tornadus
|-boost|p1a: Tornadus|atk|1
|-boost|p1a: Tornadus|def|1
|move|p2a: Krookodile|Knock Off|p1a: Tornadus
|-damage|p1a: Tornadus|108\/362
|
|turn|12
|
|move|p1a: Tornadus|Bulk Up|p1a: Tornadus
|-boost|p1a: Tornadus|atk|1
|-boost|p1a: Tornadus|def|1
|move|p2a: Krookodile|Knock Off|p1a: Tornadus
|-damage|p1a: Tornadus|39\/362
|
|turn|13
|
|move|p1a: Tornadus|Rest|p1a: Tornadus
|-status|p1a: Tornadus|slp
|-heal|p1a: Tornadus|362\/362 slp|[silent]
|-status|p1a: Tornadus|slp|[from] move: Rest
|move|p2a: Krookodile|Knock Off|p1a: Tornadus
|-damage|p1a: Tornadus|287\/362 slp
|
|turn|14
|
|switch|p2a: Noivern|Noivern, F|311\/311
|cant|p1a: Tornadus|slp
|move|p1a: Tornadus|Sleep Talk|p1a: Tornadus
|move|p1a: Tornadus|Acrobatics|p2a: Noivern|[from]Sleep Talk
|-damage|p2a: Noivern|0 fnt
|faint|p2a: Noivern
|
|
|switch|p2a: Rotom-Heat|Rotom-Heat|235\/303
|turn|15
|
|cant|p1a: Tornadus|slp
|move|p1a: Tornadus|Sleep Talk|p1a: Tornadus
|move|p1a: Tornadus|Acrobatics|p2a: Rotom-Heat|[from]Sleep Talk
|-resisted|p2a: Rotom-Heat
|-damage|p2a: Rotom-Heat|136\/303
|move|p2a: Rotom-Heat|Volt Switch|p1a: Tornadus
|-supereffective|p1a: Tornadus
|-damage|p1a: Tornadus|147\/362 slp
|
|switch|p2a: Krookodile|Krookodile, F|332\/332
|
|turn|16
|
|-curestatus|p1a: Tornadus|slp
|move|p1a: Tornadus|Rest|p1a: Tornadus
|-status|p1a: Tornadus|slp
|-heal|p1a: Tornadus|362\/362 slp|[silent]
|-status|p1a: Tornadus|slp|[from] move: Rest
|move|p2a: Krookodile|Stone Edge|p1a: Tornadus|[miss]
|-miss|p2a: Krookodile|p1a: Tornadus
|
|turn|17
|
|switch|p2a: Rotom-Heat|Rotom-Heat|136\/303
|cant|p1a: Tornadus|slp
|move|p1a: Tornadus|Sleep Talk|p1a: Tornadus
|move|p1a: Tornadus|Acrobatics|p2a: Rotom-Heat|[from]Sleep Talk
|-resisted|p2a: Rotom-Heat
|-damage|p2a: Rotom-Heat|26\/303
|
|turn|18
|
|cant|p1a: Tornadus|slp
|move|p1a: Tornadus|Sleep Talk|p1a: Tornadus
|move|p1a: Tornadus|Acrobatics|p2a: Rotom-Heat|[from]Sleep Talk
|-resisted|p2a: Rotom-Heat
|-damage|p2a: Rotom-Heat|0 fnt
|faint|p2a: Rotom-Heat
|
|
|switch|p2a: Empoleon|Empoleon, F|283\/371
|turn|19
|
|-curestatus|p1a: Tornadus|slp
|move|p1a: Tornadus|Acrobatics|p2a: Empoleon
|-resisted|p2a: Empoleon
|-damage|p2a: Empoleon|119\/371
|move|p2a: Empoleon|Roar|p1a: Tornadus
|drag|p1a: Mew|Mew|210\/400 brn
|
|-heal|p1a: Mew|235\/400 brn|[from] item: Leftovers
|-damage|p1a: Mew|185\/400 brn|[from] brn
|turn|20
|
|move|p1a: Mew|Roost|p1a: Mew
|-heal|p1a: Mew|385\/400 brn
|move|p2a: Empoleon|Stealth Rock|p1a: Mew
|-sidestart|p1: tuRkizzle|move: Stealth Rock
|
|-heal|p1a: Mew|400\/400 brn|[from] item: Leftovers
|-damage|p1a: Mew|350\/400 brn|[from] brn
|turn|21
|
|switch|p2a: Chandelure|Chandelure, F|261\/261
|move|p1a: Mew|Will-O-Wisp|p2a: Chandelure
|-start|p2a: Chandelure|ability: Flash Fire
|
|-heal|p1a: Mew|375\/400 brn|[from] item: Leftovers
|-damage|p1a: Mew|325\/400 brn|[from] brn
|turn|22
|
|move|p2a: Chandelure|Substitute|p2a: Chandelure
|-start|p2a: Chandelure|Substitute
|-damage|p2a: Chandelure|196\/261
|move|p1a: Mew|Knock Off|p2a: Chandelure
|-supereffective|p2a: Chandelure
|-end|p2a: Chandelure|Substitute
|
|-heal|p2a: Chandelure|212\/261|[from] item: Leftovers
|-heal|p1a: Mew|350\/400 brn|[from] item: Leftovers
|-damage|p1a: Mew|300\/400 brn|[from] brn
|turn|23
|
|move|p2a: Chandelure|Shadow Ball|p1a: Mew
|-supereffective|p1a: Mew
|-damage|p1a: Mew|60\/400 brn
|move|p1a: Mew|Knock Off|p2a: Chandelure
|-supereffective|p2a: Chandelure
|-damage|p2a: Chandelure|118\/261
|-enditem|p2a: Chandelure|Leftovers|[from] move: Knock Off|[of] p1a: Mew
|
|-heal|p1a: Mew|85\/400 brn|[from] item: Leftovers
|-damage|p1a: Mew|35\/400 brn|[from] brn
|turn|24
|
|move|p2a: Chandelure|Substitute|p2a: Chandelure
|-start|p2a: Chandelure|Substitute
|-damage|p2a: Chandelure|53\/261
|move|p1a: Mew|Roost|p1a: Mew
|-heal|p1a: Mew|235\/400 brn
|
|-heal|p1a: Mew|260\/400 brn|[from] item: Leftovers
|-damage|p1a: Mew|210\/400 brn|[from] brn
|turn|25
|
|move|p2a: Chandelure|Shadow Ball|p1a: Mew
|-supereffective|p1a: Mew
|-damage|p1a: Mew|0 fnt
|faint|p1a: Mew
|
|
|switch|p1a: Slowbro|Slowbro, F|394\/394
|-damage|p1a: Slowbro|345\/394|[from] Stealth Rock
|turn|26
|
|move|p2a: Chandelure|Pain Split|p1a: Slowbro
|-sethp|p1a: Slowbro|199\/394|p2a: Chandelure|199\/261|[from] move: Pain Split
|move|p1a: Slowbro|Calm Mind|p1a: Slowbro
|-boost|p1a: Slowbro|spa|1
|-boost|p1a: Slowbro|spd|1
|
|-heal|p1a: Slowbro|223\/394|[from] item: Leftovers
|turn|27
|
|move|p2a: Chandelure|Shadow Ball|p1a: Slowbro
|-supereffective|p1a: Slowbro
|-damage|p1a: Slowbro|0 fnt
|faint|p1a: Slowbro
|
|
|switch|p1a: Tornadus|Tornadus, M|362\/362
|-damage|p1a: Tornadus|272\/362|[from] Stealth Rock
|turn|28
|
|move|p2a: Chandelure|Flamethrower|p1a: Tornadus
|-damage|p1a: Tornadus|43\/362
|move|p1a: Tornadus|Acrobatics|p2a: Chandelure
|-end|p2a: Chandelure|Substitute
|
|turn|29
|
|move|p1a: Tornadus|Rest|p1a: Tornadus
|-status|p1a: Tornadus|slp
|-heal|p1a: Tornadus|362\/362 slp|[silent]
|-status|p1a: Tornadus|slp|[from] move: Rest
|move|p2a: Chandelure|Flamethrower|p1a: Tornadus
|-damage|p1a: Tornadus|133\/362 slp
|
|turn|30
|
|cant|p1a: Tornadus|slp
|move|p1a: Tornadus|Sleep Talk|p1a: Tornadus
|move|p1a: Tornadus|Bulk Up|p1a: Tornadus|[from]Sleep Talk
|-boost|p1a: Tornadus|atk|1
|-boost|p1a: Tornadus|def|1
|move|p2a: Chandelure|Flamethrower|p1a: Tornadus
|-damage|p1a: Tornadus|0 fnt
|faint|p1a: Tornadus
|
|chat|fcip|nice set man
|chat|tuRkizzle|thanks man still developing the team
|
|switch|p1a: Snorlax|Snorlax, M|524\/524
|-damage|p1a: Snorlax|459\/524|[from] Stealth Rock
|turn|31
|
|move|p2a: Chandelure|Flamethrower|p1a: Snorlax
|-damage|p1a: Snorlax|359\/524
|move|p1a: Snorlax|Curse|p1a: Snorlax
|-boost|p1a: Snorlax|atk|1
|-boost|p1a: Snorlax|def|1
|-unboost|p1a: Snorlax|spe|1
|
|-heal|p1a: Snorlax|391\/524|[from] item: Leftovers
|turn|32
|
|move|p2a: Chandelure|Flamethrower|p1a: Snorlax
|-damage|p1a: Snorlax|286\/524
|move|p1a: Snorlax|Curse|p1a: Snorlax
|-boost|p1a: Snorlax|atk|1
|-boost|p1a: Snorlax|def|1
|-unboost|p1a: Snorlax|spe|1
|
|-heal|p1a: Snorlax|318\/524|[from] item: Leftovers
|turn|33
|
|move|p2a: Chandelure|Flamethrower|p1a: Snorlax
|-damage|p1a: Snorlax|227\/524
|move|p1a: Snorlax|Curse|p1a: Snorlax
|-boost|p1a: Snorlax|atk|1
|-boost|p1a: Snorlax|def|1
|-unboost|p1a: Snorlax|spe|1
|
|-heal|p1a: Snorlax|259\/524|[from] item: Leftovers
|turn|34
|chat|tuRkizzle|gg wont waste your time
|chat|fcip|gg
|-message|tuRkizzle forfeited.
|
|win|fcip
|raw|Ladder updating...
|leave|tuRkizzle
|player|p1
|raw|tuRkizzle's rating: 1565 &rarr; <strong>1541<\/strong><br \/>(-24 for losing)
|raw|fcip's rating: 1491 &rarr; <strong>1515<\/strong><br \/>(+24 for winning)