|join|bucador
|join|tuRkizzle
|player|p1|bucador|266
|player|p2|tuRkizzle|115
|gametype|singles
|gen|6
|tier|UU
|rated
|rule|Sleep Clause Mod: Limit one foe put to sleep
|rule|Species Clause: Limit one of each PokÃ©mon
|rule|OHKO Clause: OHKO moves are banned
|rule|Moody Clause: Moody is banned
|rule|Evasion Moves Clause: Evasion moves are banned
|rule|Endless Battle Clause: Forcing endless battles is banned
|rule|HP Percentage Mod: HP is reported as percentages
|clearpoke
|poke|p1|Empoleon, F
|poke|p1|Ampharos, F
|poke|p1|Whimsicott, M
|poke|p1|Honchkrow, F
|poke|p1|Swampert, F
|poke|p1|Dugtrio, F
|poke|p2|Lucario, M
|poke|p2|Suicune
|poke|p2|Snorlax, M
|poke|p2|Darmanitan, F
|poke|p2|Hydreigon, F
|poke|p2|Mew
|rule|Swagger Clause: Swagger is banned
|rule|Baton Pass Clause: Limit one PokÃ©mon knowing Baton Pass
|teampreview
|
|start
|switch|p1a: Ampharos|Ampharos, F|384\/384
|switch|p2a: Darmanitan|Darmanitan, F|352\/352
|turn|1
|
|detailschange|p1a: Ampharos|Ampharos-Mega, F
|message|Ampharos has Mega Evolved into Mega Ampharos!
|-ability|p1a: Ampharos|Mold Breaker
|move|p2a: Darmanitan|U-turn|p1a: Ampharos
|-damage|p1a: Ampharos|312\/384
|
|switch|p2a: Mew|Mew|404\/404
|move|p1a: Ampharos|Volt Switch|p2a: Mew
|-damage|p2a: Mew|317\/404
|
|switch|p1a: Whimsicott|Whimsicott, M|324\/324
|
|-heal|p2a: Mew|342\/404|[from] item: Leftovers
|turn|2
|
|move|p1a: Whimsicott|Taunt|p2a: Mew
|-start|p2a: Mew|move: Taunt
|move|p2a: Mew|Knock Off|p1a: Whimsicott
|-resisted|p1a: Whimsicott
|-damage|p1a: Whimsicott|295\/324
|-enditem|p1a: Whimsicott|Leftovers|[from] move: Knock Off|[of] p2a: Mew
|
|-heal|p2a: Mew|367\/404|[from] item: Leftovers
|turn|3
|
|switch|p2a: Darmanitan|Darmanitan, F|352\/352
|move|p1a: Whimsicott|U-turn|p2a: Darmanitan
|-resisted|p2a: Darmanitan
|-damage|p2a: Darmanitan|322\/352
|
|switch|p1a: Dugtrio|Dugtrio, F|211\/211
|
|turn|4
|
|move|p2a: Darmanitan|Flare Blitz|p1a: Dugtrio
|-enditem|p1a: Dugtrio|Focus Sash
|-damage|p1a: Dugtrio|1\/211
|-damage|p2a: Darmanitan|253\/352|[from] recoil|[of] p1a: Dugtrio
|move|p1a: Dugtrio|Earthquake|p2a: Darmanitan
|-supereffective|p2a: Darmanitan
|-damage|p2a: Darmanitan|0 fnt
|faint|p2a: Darmanitan
|
|
|switch|p2a: Lucario|Lucario, M|281\/281
|turn|5
|
|switch|p1a: Whimsicott|Whimsicott, M|295\/324
|move|p2a: Lucario|Extreme Speed|p1a: Whimsicott
|-damage|p1a: Whimsicott|214\/324
|-damage|p2a: Lucario|253\/281|[from] item: Life Orb
|
|turn|6
|
|switch|p2a: Snorlax|Snorlax, M|524\/524
|move|p1a: Whimsicott|Encore|p2a: Snorlax
|-fail|p2a: Snorlax
|
|turn|7
|
|move|p1a: Whimsicott|Leech Seed|p2a: Snorlax
|-start|p2a: Snorlax|move: Leech Seed
|move|p2a: Snorlax|Body Slam|p1a: Whimsicott
|-damage|p1a: Whimsicott|133\/324
|
|-damage|p2a: Snorlax|459\/524|[from] Leech Seed|[of] p1a: Whimsicott
|-heal|p1a: Whimsicott|198\/324|[silent]
|turn|8
|
|move|p1a: Whimsicott|U-turn|p2a: Snorlax
|-damage|p2a: Snorlax|403\/524
|
|switch|p1a: Empoleon|Empoleon, F|372\/372
|move|p2a: Snorlax|Body Slam|p1a: Empoleon
|-resisted|p1a: Empoleon
|-damage|p1a: Empoleon|308\/372
|-status|p1a: Empoleon|par
|
|-heal|p2a: Snorlax|435\/524|[from] item: Leftovers
|-heal|p1a: Empoleon|331\/372 par|[from] item: Leftovers
|-damage|p2a: Snorlax|370\/524|[from] Leech Seed|[of] p1a: Empoleon
|-heal|p1a: Empoleon|372\/372 par|[silent]
|turn|9
|
|switch|p2a: Hydreigon|Hydreigon, F|325\/325
|move|p1a: Empoleon|Stealth Rock|p2a: Hydreigon
|-sidestart|p2: tuRkizzle|move: Stealth Rock
|
|turn|10
|
|move|p2a: Hydreigon|Dark Pulse|p1a: Empoleon
|-damage|p1a: Empoleon|228\/372 par
|move|p1a: Empoleon|Knock Off|p2a: Hydreigon
|-resisted|p2a: Hydreigon
|-damage|p2a: Hydreigon|296\/325
|-enditem|p2a: Hydreigon|Choice Specs|[from] move: Knock Off|[of] p1a: Empoleon
|
|-heal|p1a: Empoleon|251\/372 par|[from] item: Leftovers
|turn|11
|
|move|p2a: Hydreigon|Dark Pulse|p1a: Empoleon
|-damage|p1a: Empoleon|155\/372 par
|move|p1a: Empoleon|Scald|p2a: Hydreigon
|-resisted|p2a: Hydreigon
|-damage|p2a: Hydreigon|238\/325
|
|-heal|p1a: Empoleon|178\/372 par|[from] item: Leftovers
|turn|12
|
|move|p2a: Hydreigon|Draco Meteor|p1a: Empoleon
|-resisted|p1a: Empoleon
|-damage|p1a: Empoleon|92\/372 par
|-unboost|p2a: Hydreigon|spa|2
|move|p1a: Empoleon|Scald|p2a: Hydreigon
|-crit|p2a: Hydreigon
|-resisted|p2a: Hydreigon
|-damage|p2a: Hydreigon|101\/325
|-status|p2a: Hydreigon|brn
|
|-heal|p1a: Empoleon|115\/372 par|[from] item: Leftovers
|-damage|p2a: Hydreigon|61\/325 brn|[from] brn
|turn|13
|
|switch|p2a: Mew|Mew|367\/404
|-damage|p2a: Mew|317\/404|[from] Stealth Rock
|move|p1a: Empoleon|Scald|p2a: Mew
|-damage|p2a: Mew|202\/404
|
|-heal|p2a: Mew|227\/404|[from] item: Leftovers
|-heal|p1a: Empoleon|138\/372 par|[from] item: Leftovers
|turn|14
|
|move|p2a: Mew|Defog|p1a: Empoleon
|-unboost|p1a: Empoleon|evasion|1
|-sideend|p2: tuRkizzle|Stealth Rock|[from] move: Defog|[of] p2a: Mew
|move|p1a: Empoleon|Knock Off|p2a: Mew
|-supereffective|p2a: Mew
|-damage|p2a: Mew|113\/404
|-enditem|p2a: Mew|Leftovers|[from] move: Knock Off|[of] p1a: Empoleon
|
|-heal|p1a: Empoleon|161\/372 par|[from] item: Leftovers
|turn|15
|
|move|p2a: Mew|Knock Off|p1a: Empoleon
|-damage|p1a: Empoleon|82\/372 par
|-enditem|p1a: Empoleon|Leftovers|[from] move: Knock Off|[of] p2a: Mew
|move|p1a: Empoleon|Stealth Rock|p2a: Mew
|-sidestart|p2: tuRkizzle|move: Stealth Rock
|
|turn|16
|
|move|p2a: Mew|Defog|p1a: Empoleon
|-unboost|p1a: Empoleon|evasion|1
|-sideend|p2: tuRkizzle|Stealth Rock|[from] move: Defog|[of] p2a: Mew
|cant|p1a: Empoleon|par
|
|turn|17
|
|move|p2a: Mew|Roost|p2a: Mew
|-heal|p2a: Mew|315\/404
|move|p1a: Empoleon|Scald|p2a: Mew
|-damage|p2a: Mew|197\/404
|
|turn|18
|
|move|p2a: Mew|Knock Off|p1a: Empoleon
|-damage|p1a: Empoleon|29\/372 par
|cant|p1a: Empoleon|par
|
|turn|19
|
|move|p2a: Mew|Knock Off|p1a: Empoleon
|-damage|p1a: Empoleon|0 fnt
|faint|p1a: Empoleon
|
|
|switch|p1a: Ampharos|Ampharos-Mega, F|312\/384
|-ability|p1a: Ampharos|Mold Breaker
|turn|20
|
|move|p2a: Mew|Roost|p2a: Mew
|-heal|p2a: Mew|399\/404
|move|p1a: Ampharos|Volt Switch|p2a: Mew
|-damage|p2a: Mew|314\/404
|
|switch|p1a: Whimsicott|Whimsicott, M|198\/324
|
|turn|21
|
|move|p1a: Whimsicott|U-turn|p2a: Mew
|-supereffective|p2a: Mew
|-damage|p2a: Mew|234\/404
|
|switch|p1a: Ampharos|Ampharos-Mega, F|312\/384
|-ability|p1a: Ampharos|Mold Breaker
|move|p2a: Mew|Will-O-Wisp|p1a: Ampharos|[miss]
|-miss|p2a: Mew|p1a: Ampharos
|
|turn|22
|
|move|p2a: Mew|Will-O-Wisp|p1a: Ampharos
|-status|p1a: Ampharos|brn
|move|p1a: Ampharos|Volt Switch|p2a: Mew
|-damage|p2a: Mew|147\/404
|
|switch|p1a: Whimsicott|Whimsicott, M|198\/324
|
|turn|23
|
|move|p1a: Whimsicott|Taunt|p2a: Mew
|-start|p2a: Mew|move: Taunt
|cant|p2a: Mew|move: Taunt|Roost
|
|turn|24
|
|move|p1a: Whimsicott|U-turn|p2a: Mew
|-supereffective|p2a: Mew
|-damage|p2a: Mew|65\/404
|
|switch|p1a: Ampharos|Ampharos-Mega, F|312\/384 brn
|-ability|p1a: Ampharos|Mold Breaker
|move|p2a: Mew|Knock Off|p1a: Ampharos
|-damage|p1a: Ampharos|275\/384 brn
|
|-damage|p1a: Ampharos|227\/384 brn|[from] brn
|turn|25
|
|switch|p2a: Hydreigon|Hydreigon, F|61\/325 brn
|move|p1a: Ampharos|Volt Switch|p2a: Hydreigon
|-resisted|p2a: Hydreigon
|-damage|p2a: Hydreigon|0 fnt
|faint|p2a: Hydreigon
|
|switch|p1a: Honchkrow|Honchkrow, F|341\/341
|
|
|switch|p2a: Suicune|Suicune|404\/404
|-ability|p2a: Suicune|Pressure
|turn|26
|
|switch|p1a: Whimsicott|Whimsicott, M|198\/324
|move|p2a: Suicune|Calm Mind|p2a: Suicune
|-boost|p2a: Suicune|spa|1
|-boost|p2a: Suicune|spd|1
|
|turn|27
|
|move|p1a: Whimsicott|Encore|p2a: Suicune
|-start|p2a: Suicune|Encore
|move|p2a: Suicune|Calm Mind|p2a: Suicune
|-boost|p2a: Suicune|spa|1
|-boost|p2a: Suicune|spd|1
|
|turn|28
|
|move|p1a: Whimsicott|U-turn|p2a: Suicune
|-damage|p2a: Suicune|377\/404
|
|switch|p1a: Ampharos|Ampharos-Mega, F|227\/384 brn
|-ability|p1a: Ampharos|Mold Breaker
|move|p2a: Suicune|Calm Mind|p2a: Suicune
|-boost|p2a: Suicune|spa|1
|-boost|p2a: Suicune|spd|1
|
|-heal|p2a: Suicune|402\/404|[from] item: Leftovers
|-damage|p1a: Ampharos|179\/384 brn|[from] brn
|turn|29
|
|move|p2a: Suicune|Calm Mind|p2a: Suicune
|-boost|p2a: Suicune|spa|1
|-boost|p2a: Suicune|spd|1
|move|p1a: Ampharos|Volt Switch|p2a: Suicune
|-supereffective|p2a: Suicune
|-damage|p2a: Suicune|318\/404
|
|switch|p1a: Whimsicott|Whimsicott, M|198\/324
|
|-heal|p2a: Suicune|343\/404|[from] item: Leftovers
|-end|p2a: Suicune|Encore
|turn|30
|
|move|p1a: Whimsicott|Encore|p2a: Suicune
|-start|p2a: Suicune|Encore
|move|p2a: Suicune|Calm Mind|p2a: Suicune
|-boost|p2a: Suicune|spa|1
|-boost|p2a: Suicune|spd|1
|
|-heal|p2a: Suicune|368\/404|[from] item: Leftovers
|turn|31
|
|move|p1a: Whimsicott|Leech Seed|p2a: Suicune
|-start|p2a: Suicune|move: Leech Seed
|move|p2a: Suicune|Calm Mind|p2a: Suicune
|-boost|p2a: Suicune|spa|1
|-boost|p2a: Suicune|spd|1
|
|-heal|p2a: Suicune|393\/404|[from] item: Leftovers
|-damage|p2a: Suicune|343\/404|[from] Leech Seed|[of] p1a: Whimsicott
|-heal|p1a: Whimsicott|248\/324|[silent]
|turn|32
|
|move|p1a: Whimsicott|Leech Seed|p2a: Suicune
|-fail|p2a: Suicune
|move|p2a: Suicune|Calm Mind|p2a: Suicune
|-fail|p2a: Suicune
|
|-heal|p2a: Suicune|368\/404|[from] item: Leftovers
|-damage|p2a: Suicune|318\/404|[from] Leech Seed|[of] p1a: Whimsicott
|-heal|p1a: Whimsicott|298\/324|[silent]
|-end|p2a: Suicune|Encore
|turn|33
|
|switch|p2a: Snorlax|Snorlax, M|370\/524
|move|p1a: Whimsicott|Encore|p2a: Snorlax
|-fail|p2a: Snorlax
|
|-heal|p2a: Snorlax|402\/524|[from] item: Leftovers
|turn|34
|
|move|p1a: Whimsicott|Leech Seed|p2a: Snorlax|[miss]
|-miss|p1a: Whimsicott|p2a: Snorlax
|move|p2a: Snorlax|Body Slam|p1a: Whimsicott
|-damage|p1a: Whimsicott|204\/324
|
|-heal|p2a: Snorlax|434\/524|[from] item: Leftovers
|turn|35
|
|move|p1a: Whimsicott|Leech Seed|p2a: Snorlax
|-start|p2a: Snorlax|move: Leech Seed
|move|p2a: Snorlax|Body Slam|p1a: Whimsicott
|-damage|p1a: Whimsicott|114\/324
|
|-heal|p2a: Snorlax|466\/524|[from] item: Leftovers
|-damage|p2a: Snorlax|401\/524|[from] Leech Seed|[of] p1a: Whimsicott
|-heal|p1a: Whimsicott|179\/324|[silent]
|turn|36
|
|move|p1a: Whimsicott|U-turn|p2a: Snorlax
|-damage|p2a: Snorlax|346\/524
|
|switch|p1a: Ampharos|Ampharos-Mega, F|179\/384 brn
|-ability|p1a: Ampharos|Mold Breaker
|move|p2a: Snorlax|Body Slam|p1a: Ampharos
|-damage|p1a: Ampharos|101\/384 brn
|
|-heal|p2a: Snorlax|378\/524|[from] item: Leftovers
|-damage|p2a: Snorlax|313\/524|[from] Leech Seed|[of] p1a: Ampharos
|-heal|p1a: Ampharos|166\/384 brn|[silent]
|-damage|p1a: Ampharos|118\/384 brn|[from] brn
|turn|37
|
|switch|p2a: Mew|Mew|65\/404
|move|p1a: Ampharos|Rest|p1a: Ampharos
|-status|p1a: Ampharos|slp
|-heal|p1a: Ampharos|384\/384 slp|[silent]
|-status|p1a: Ampharos|slp|[from] move: Rest
|
|turn|38
|
|move|p2a: Mew|Roost|p2a: Mew
|-heal|p2a: Mew|267\/404
|cant|p1a: Ampharos|slp
|move|p1a: Ampharos|Sleep Talk|p1a: Ampharos
|move|p1a: Ampharos|Rest|p1a: Ampharos|[from]Sleep Talk
|-fail|p1a: Ampharos
|
|turn|39
|
|switch|p2a: Snorlax|Snorlax, M|313\/524
|cant|p1a: Ampharos|slp
|move|p1a: Ampharos|Sleep Talk|p1a: Ampharos
|move|p1a: Ampharos|Dragon Pulse|p2a: Snorlax|[from]Sleep Talk
|-damage|p2a: Snorlax|208\/524
|
|-heal|p2a: Snorlax|240\/524|[from] item: Leftovers
|turn|40
|
|-curestatus|p1a: Ampharos|slp
|move|p1a: Ampharos|Volt Switch|p2a: Snorlax
|-damage|p2a: Snorlax|156\/524
|
|switch|p1a: Whimsicott|Whimsicott, M|179\/324
|move|p2a: Snorlax|Rest|p2a: Snorlax
|-status|p2a: Snorlax|slp
|-heal|p2a: Snorlax|524\/524 slp|[silent]
|-status|p2a: Snorlax|slp|[from] move: Rest
|
|turn|41
|
|move|p1a: Whimsicott|Leech Seed|p2a: Snorlax
|-start|p2a: Snorlax|move: Leech Seed
|cant|p2a: Snorlax|slp
|move|p2a: Snorlax|Sleep Talk|p2a: Snorlax
|move|p2a: Snorlax|Body Slam|p1a: Whimsicott|[from]Sleep Talk
|-damage|p1a: Whimsicott|97\/324
|
|-damage|p2a: Snorlax|459\/524 slp|[from] Leech Seed|[of] p1a: Whimsicott
|-heal|p1a: Whimsicott|162\/324|[silent]
|turn|42
|
|switch|p2a: Mew|Mew|267\/404
|move|p1a: Whimsicott|Taunt|p2a: Mew
|-start|p2a: Mew|move: Taunt
|
|turn|43
|
|switch|p2a: Snorlax|Snorlax, M|459\/524 slp
|move|p1a: Whimsicott|Leech Seed|p2a: Snorlax
|-start|p2a: Snorlax|move: Leech Seed
|
|-heal|p2a: Snorlax|491\/524 slp|[from] item: Leftovers
|-damage|p2a: Snorlax|426\/524 slp|[from] Leech Seed|[of] p1a: Whimsicott
|-heal|p1a: Whimsicott|227\/324|[silent]
|turn|44
|
|switch|p2a: Lucario|Lucario, M|253\/281
|move|p1a: Whimsicott|U-turn|p2a: Lucario
|-resisted|p2a: Lucario
|-damage|p2a: Lucario|239\/281
|
|switch|p1a: Ampharos|Ampharos-Mega, F|384\/384
|-ability|p1a: Ampharos|Mold Breaker
|
|turn|45
|
|move|p2a: Lucario|Swords Dance|p2a: Lucario
|-boost|p2a: Lucario|atk|2
|move|p1a: Ampharos|Volt Switch|p2a: Lucario
|-damage|p2a: Lucario|68\/281
|
|switch|p1a: Whimsicott|Whimsicott, M|227\/324
|
|turn|46
|
|move|p2a: Lucario|Extreme Speed|p1a: Whimsicott
|-damage|p1a: Whimsicott|40\/324
|-damage|p2a: Lucario|40\/281|[from] item: Life Orb
|move|p1a: Whimsicott|Encore|p2a: Lucario
|-start|p2a: Lucario|Encore
|
|turn|47
|
|move|p2a: Lucario|Extreme Speed|p1a: Whimsicott
|-damage|p1a: Whimsicott|0 fnt
|-damage|p2a: Lucario|12\/281|[from] item: Life Orb
|faint|p1a: Whimsicott
|
|
|switch|p1a: Ampharos|Ampharos-Mega, F|384\/384
|-ability|p1a: Ampharos|Mold Breaker
|turn|48
|
|move|p2a: Lucario|Extreme Speed|p1a: Ampharos
|-damage|p1a: Ampharos|207\/384
|-damage|p2a: Lucario|0 fnt|[from] item: Life Orb
|faint|p2a: Lucario
|move|p1a: Ampharos|Volt Switch|p2: Lucario|[notarget]
|-notarget
|
|
|switch|p2a: Snorlax|Snorlax, M|426\/524 slp
|turn|49
|
|move|p1a: Ampharos|Volt Switch|p2a: Snorlax
|-damage|p2a: Snorlax|344\/524 slp
|
|switch|p1a: Swampert|Swampert, F|404\/404
|cant|p2a: Snorlax|slp
|move|p2a: Snorlax|Sleep Talk|p2a: Snorlax
|move|p2a: Snorlax|Curse|p2a: Snorlax|[from]Sleep Talk
|-boost|p2a: Snorlax|atk|1
|-boost|p2a: Snorlax|def|1
|-unboost|p2a: Snorlax|spe|1
|
|-heal|p2a: Snorlax|376\/524 slp|[from] item: Leftovers
|turn|50
|
|move|p1a: Swampert|Curse|p1a: Swampert
|-boost|p1a: Swampert|atk|1
|-boost|p1a: Swampert|def|1
|-unboost|p1a: Swampert|spe|1
|-curestatus|p2a: Snorlax|slp
|move|p2a: Snorlax|Body Slam|p1a: Swampert
|-damage|p1a: Swampert|280\/404
|
|-heal|p1a: Swampert|305\/404|[from] item: Leftovers
|-heal|p2a: Snorlax|408\/524|[from] item: Leftovers
|turn|51
|
|move|p1a: Swampert|Waterfall|p2a: Snorlax
|-damage|p2a: Snorlax|272\/524
|move|p2a: Snorlax|Body Slam|p1a: Swampert
|-damage|p1a: Swampert|181\/404
|
|-heal|p1a: Swampert|206\/404|[from] item: Leftovers
|-heal|p2a: Snorlax|304\/524|[from] item: Leftovers
|turn|52
|
|move|p1a: Swampert|Waterfall|p2a: Snorlax
|-damage|p2a: Snorlax|156\/524
|move|p2a: Snorlax|Body Slam|p1a: Swampert
|-damage|p1a: Swampert|92\/404
|
|-heal|p1a: Swampert|117\/404|[from] item: Leftovers
|-heal|p2a: Snorlax|188\/524|[from] item: Leftovers
|turn|53
|
|switch|p1a: Dugtrio|Dugtrio, F|1\/211
|move|p2a: Snorlax|Rest|p2a: Snorlax
|-status|p2a: Snorlax|slp
|-heal|p2a: Snorlax|524\/524 slp|[silent]
|-status|p2a: Snorlax|slp|[from] move: Rest
|
|turn|54
|
|move|p1a: Dugtrio|Reversal|p2a: Snorlax
|-supereffective|p2a: Snorlax
|-damage|p2a: Snorlax|172\/524 slp
|cant|p2a: Snorlax|slp
|move|p2a: Snorlax|Sleep Talk|p2a: Snorlax
|move|p2a: Snorlax|Rest|p2a: Snorlax|[from]Sleep Talk
|-fail|p2a: Snorlax
|
|-heal|p2a: Snorlax|204\/524 slp|[from] item: Leftovers
|turn|55
|
|move|p1a: Dugtrio|Reversal|p2a: Snorlax
|-supereffective|p2a: Snorlax
|-damage|p2a: Snorlax|0 fnt
|faint|p2a: Snorlax
|
|
|switch|p2a: Mew|Mew|267\/404
|turn|56
|
|switch|p1a: Ampharos|Ampharos-Mega, F|207\/384
|-ability|p1a: Ampharos|Mold Breaker
|move|p2a: Mew|Will-O-Wisp|p1a: Ampharos
|-status|p1a: Ampharos|brn
|
|-damage|p1a: Ampharos|159\/384 brn|[from] brn
|turn|57
|
|move|p2a: Mew|Knock Off|p1a: Ampharos
|-damage|p1a: Ampharos|122\/384 brn
|move|p1a: Ampharos|Volt Switch|p2a: Mew
|-damage|p2a: Mew|171\/404
|
|switch|p1a: Honchkrow|Honchkrow, F|341\/341
|
|turn|58
|
|move|p2a: Mew|Roost|p2a: Mew
|-heal|p2a: Mew|373\/404
|move|p1a: Honchkrow|Brave Bird|p2a: Mew
|-damage|p2a: Mew|84\/404
|-damage|p1a: Honchkrow|246\/341|[from] recoil|[of] p2a: Mew
|-damage|p1a: Honchkrow|212\/341|[from] item: Life Orb
|
|turn|59
|
|move|p2a: Mew|Will-O-Wisp|p1a: Honchkrow
|-status|p1a: Honchkrow|brn
|move|p1a: Honchkrow|Brave Bird|p2a: Mew
|-damage|p2a: Mew|0 fnt
|-damage|p1a: Honchkrow|184\/341 brn|[from] recoil|[of] p2a: Mew
|-damage|p1a: Honchkrow|150\/341 brn|[from] item: Life Orb
|faint|p2a: Mew
|-boost|p1a: Honchkrow|atk|1|[from] ability: Moxie
|
|-damage|p1a: Honchkrow|108\/341 brn|[from] brn
|
|switch|p2a: Suicune|Suicune|318\/404
|-ability|p2a: Suicune|Pressure
|turn|60
|
|move|p1a: Honchkrow|Brave Bird|p2a: Suicune
|-damage|p2a: Suicune|172\/404
|-damage|p1a: Honchkrow|60\/341 brn|[from] recoil|[of] p2a: Suicune
|-damage|p1a: Honchkrow|26\/341 brn|[from] item: Life Orb
|move|p2a: Suicune|Calm Mind|p2a: Suicune
|-boost|p2a: Suicune|spa|1
|-boost|p2a: Suicune|spd|1
|
|-heal|p2a: Suicune|197\/404|[from] item: Leftovers
|-damage|p1a: Honchkrow|0 fnt|[from] brn
|faint|p1a: Honchkrow
|
|switch|p1a: Ampharos|Ampharos-Mega, F|122\/384 brn
|-ability|p1a: Ampharos|Mold Breaker
|turn|61
|
|move|p2a: Suicune|Scald|p1a: Ampharos
|-resisted|p1a: Ampharos
|-damage|p1a: Ampharos|64\/384 brn
|move|p1a: Ampharos|Volt Switch|p2a: Suicune
|-supereffective|p2a: Suicune
|-damage|p2a: Suicune|45\/404
|
|switch|p1a: Dugtrio|Dugtrio, F|1\/211
|
|-heal|p2a: Suicune|70\/404|[from] item: Leftovers
|turn|62
|
|move|p1a: Dugtrio|Reversal|p2a: Suicune
|-damage|p2a: Suicune|0 fnt
|faint|p2a: Suicune
|
|win|bucador
|raw|Ladder updating...
|raw|bucador's rating: 1466 &rarr; <strong>1491<\/strong><br \/>(+25 for winning)
|raw|tuRkizzle's rating: 1547 &rarr; <strong>1522<\/strong><br \/>(-25 for losing)
|chat|tuRkizzle|gg
|chat|bucador|gg
|leave|tuRkizzle
|player|p2