|join|BurstStream
|join|tuRkizzle
|player|p1|BurstStream|99
|player|p2|tuRkizzle|115
|gametype|singles
|gen|6
|tier|UU
|rated
|rule|Sleep Clause Mod: Limit one foe put to sleep
|rule|Species Clause: Limit one of each PokÃ©mon
|rule|OHKO Clause: OHKO moves are banned
|rule|Moody Clause: Moody is banned
|rule|Evasion Moves Clause: Evasion moves are banned
|rule|Endless Battle Clause: Forcing endless battles is banned
|rule|HP Percentage Mod: HP is shown in percentages
|clearpoke
|poke|p1|Honchkrow, M
|poke|p1|Entei, shiny
|poke|p1|Whimsicott, F
|poke|p1|Tentacruel, F
|poke|p1|Aggron, M
|poke|p1|Cresselia, F
|poke|p2|Jirachi
|poke|p2|Lucario, F
|poke|p2|Krookodile, M
|poke|p2|Zygarde
|poke|p2|Blastoise, M
|poke|p2|Raikou
|rule|Swagger Clause: Swagger is banned
|rule|Baton Pass Clause: Limit one PokÃ©mon knowing Baton Pass
|teampreview
|
|start
|switch|p1a: Aggron|Aggron, M|344\/344
|switch|p2a: Blastizzle|Blastoise, M|333\/333
|turn|1
|
|switch|p1a: Whimsicott|Whimsicott, F|261\/261
|detailschange|p2a: Blastizzle|Blastoise-Mega, M
|-mega|p2a: Blastizzle|Blastoise|Blastoisinite
|move|p2a: Blastizzle|Scald|p1a: Whimsicott
|-resisted|p1a: Whimsicott
|-damage|p1a: Whimsicott|153\/261
|
|turn|2
|
|move|p1a: Whimsicott|U-turn|p2a: Blastizzle
|-damage|p2a: Blastizzle|309\/333
|
|switch|p1a: Tentacruel|Tentacruel, F|364\/364
|move|p2a: Blastizzle|Ice Beam|p1a: Tentacruel
|-resisted|p1a: Tentacruel
|-damage|p1a: Tentacruel|308\/364
|-status|p1a: Tentacruel|frz
|
|-heal|p1a: Tentacruel|330\/364 frz|[from] item: Black Sludge
|turn|3
|c|âBurstStream|Man I`m good with my predictions
|c|âBurstStream|I was like go into tenta on ice beam and get frozen
|
|switch|p1a: Cresselia|Cresselia, F|444\/444
|move|p2a: Blastizzle|Dark Pulse|p1a: Cresselia
|-supereffective|p1a: Cresselia
|-damage|p1a: Cresselia|256\/444
|
|-heal|p1a: Cresselia|283\/444|[from] item: Leftovers
|turn|4
|
|switch|p1a: Whimsicott|Whimsicott, F|153\/261
|move|p2a: Blastizzle|Dark Pulse|p1a: Whimsicott
|-resisted|p1a: Whimsicott
|-damage|p1a: Whimsicott|50\/261
|
|turn|5
|
|switch|p2a: Jirizzle|Jirachi|341\/341
|move|p1a: Whimsicott|Giga Drain|p2a: Jirizzle
|-resisted|p2a: Jirizzle
|-damage|p2a: Jirizzle|277\/341
|-heal|p1a: Whimsicott|82\/261|[from] drain|[of] p2a: Jirizzle
|
|turn|6
|
|switch|p1a: Aggron|Aggron, M|344\/344
|move|p2a: Jirizzle|U-turn|p1a: Aggron
|-resisted|p1a: Aggron
|-damage|p1a: Aggron|328\/344
|
|switch|p2a: Blastizzle|Blastoise-Mega, M|309\/333
|
|turn|7
|
|detailschange|p1a: Aggron|Aggron-Mega, M
|-mega|p1a: Aggron|Aggron|Aggronite
|move|p2a: Blastizzle|Dark Pulse|p1a: Aggron
|-damage|p1a: Aggron|157\/344
|cant|p1a: Aggron|flinch
|
|turn|8
|
|switch|p1a: Tentacruel|Tentacruel, F|330\/364 frz
|move|p2a: Blastizzle|Dark Pulse|p1a: Tentacruel
|-damage|p1a: Tentacruel|189\/364 frz
|
|-heal|p1a: Tentacruel|211\/364 frz|[from] item: Black Sludge
|turn|9
|
|cant|p1a: Tentacruel|frz
|move|p2a: Blastizzle|Dark Pulse|p1a: Tentacruel
|-damage|p1a: Tentacruel|74\/364 frz
|
|-heal|p1a: Tentacruel|96\/364 frz|[from] item: Black Sludge
|turn|10
|
|cant|p1a: Tentacruel|frz
|move|p2a: Blastizzle|Dark Pulse|p1a: Tentacruel
|-damage|p1a: Tentacruel|0 fnt
|faint|p1a: Tentacruel
|
|
|switch|p1a: Whimsicott|Whimsicott, F|82\/261
|turn|11
|
|switch|p2a: Jirizzle|Jirachi|277\/341
|move|p1a: Whimsicott|Giga Drain|p2a: Jirizzle
|-resisted|p2a: Jirizzle
|-damage|p2a: Jirizzle|205\/341
|-heal|p1a: Whimsicott|118\/261|[from] drain|[of] p2a: Jirizzle
|
|turn|12
|
|switch|p1a: Aggron|Aggron-Mega, M|157\/344
|move|p2a: Jirizzle|U-turn|p1a: Aggron
|-resisted|p1a: Aggron
|-damage|p1a: Aggron|142\/344
|
|switch|p2a: Lucizzle|Lucario, F|281\/281
|
|turn|13
|
|move|p2a: Lucizzle|Close Combat|p1a: Aggron
|-crit|p1a: Aggron
|-supereffective|p1a: Aggron
|-damage|p1a: Aggron|0 fnt
|-unboost|p2a: Lucizzle|def|1
|-unboost|p2a: Lucizzle|spd|1
|-damage|p2a: Lucizzle|253\/281|[from] item: Life Orb
|faint|p1a: Aggron
|
|
|switch|p1a: Entei|Entei, shiny|371\/371
|-ability|p1a: Entei|Pressure
|turn|14
|
|switch|p2a: Blastizzle|Blastoise-Mega, M|309\/333
|move|p1a: Entei|Sacred Fire|p2a: Blastizzle
|-crit|p2a: Blastizzle
|-resisted|p2a: Blastizzle
|-damage|p2a: Blastizzle|140\/333
|-status|p2a: Blastizzle|brn
|
|-damage|p2a: Blastizzle|99\/333 brn|[from] brn
|turn|15
|
|switch|p2a: Krookizzle|Krookodile, M|331\/331
|-ability|p2a: Krookizzle|Intimidate|[of] p1a: Entei
|-unboost|p1a: Entei|atk|1
|move|p1a: Entei|Sacred Fire|p2a: Krookizzle
|-damage|p2a: Krookizzle|120\/331
|-status|p2a: Krookizzle|brn
|
|-damage|p2a: Krookizzle|79\/331 brn|[from] brn
|turn|16
|
|move|p2a: Krookizzle|Knock Off|p1a: Entei
|-damage|p1a: Entei|239\/371
|-enditem|p1a: Entei|Choice Band|[from] move: Knock Off|[of] p2a: Krookizzle
|move|p1a: Entei|Sacred Fire|p2a: Krookizzle
|-damage|p2a: Krookizzle|0 fnt
|faint|p2a: Krookizzle
|
|
|switch|p2a: Raikizzle|Raikou|322\/322
|-ability|p2a: Raikizzle|Pressure
|turn|17
|
|switch|p1a: Cresselia|Cresselia, F|283\/444
|move|p2a: Raikizzle|Thunderbolt|p1a: Cresselia
|-damage|p1a: Cresselia|151\/444
|-status|p1a: Cresselia|par
|
|-heal|p1a: Cresselia|178\/444 par|[from] item: Leftovers
|turn|18
|
|switch|p2a: Lucizzle|Lucario, F|253\/281
|move|p1a: Cresselia|Lunar Dance|p1a: Cresselia
|faint|p1a: Cresselia
|
|
|switch|p1a: Whimsicott|Whimsicott, F|118\/261
|-heal|p1a: Whimsicott|261\/261|[from] move: Lunar Dance
|turn|19
|
|move|p1a: Whimsicott|Moonblast|p2a: Lucizzle
|-damage|p2a: Lucizzle|0 fnt
|faint|p2a: Lucizzle
|
|
|switch|p2a: Jirizzle|Jirachi|205\/341
|turn|20
|
|switch|p1a: Entei|Entei, shiny|239\/371
|-ability|p1a: Entei|Pressure
|move|p2a: Jirizzle|U-turn|p1a: Entei
|-resisted|p1a: Entei
|-damage|p1a: Entei|200\/371
|
|switch|p2a: Raikizzle|Raikou|322\/322
|-ability|p2a: Raikizzle|Pressure
|
|turn|21
|
|move|p1a: Entei|Extreme Speed|p2a: Raikizzle
|-crit|p2a: Raikizzle
|-damage|p2a: Raikizzle|137\/322
|move|p2a: Raikizzle|Thunderbolt|p1a: Entei
|-damage|p1a: Entei|0 fnt
|faint|p1a: Entei
|
|
|switch|p1a: Whimsicott|Whimsicott, F|261\/261
|turn|22
|
|move|p1a: Whimsicott|Moonblast|p2a: Raikizzle
|-damage|p2a: Raikizzle|0 fnt
|faint|p2a: Raikizzle
|
|
|switch|p2a: Jirizzle|Jirachi|205\/341
|turn|23
|
|switch|p1a: Honchkrow|Honchkrow, M|341\/341
|move|p2a: Jirizzle|Iron Head|p1a: Honchkrow
|-crit|p1a: Honchkrow
|-damage|p1a: Honchkrow|52\/341
|
|turn|24
|
|switch|p2a: Blastizzle|Blastoise-Mega, M|99\/333 brn
|move|p1a: Honchkrow|Sucker Punch|p2a: Blastizzle
|-fail|p2a: Blastizzle
|
|-damage|p2a: Blastizzle|58\/333 brn|[from] brn
|turn|25
|
|switch|p2a: Zyizzle|Zygarde|404\/404
|-ability|p2a: Zyizzle|Aura Break
|move|p1a: Honchkrow|Sucker Punch|p2a: Zyizzle
|-fail|p2a: Zyizzle
|
|turn|26
|
|move|p2a: Zyizzle|Toxic|p1a: Honchkrow
|-status|p1a: Honchkrow|tox
|move|p1a: Honchkrow|Roost|p1a: Honchkrow
|-heal|p1a: Honchkrow|223\/341 tox
|
|-damage|p1a: Honchkrow|202\/341 tox|[from] psn
|turn|27
|
|switch|p1a: Whimsicott|Whimsicott, F|261\/261
|move|p2a: Zyizzle|Coil|p2a: Zyizzle
|-boost|p2a: Zyizzle|atk|1
|-boost|p2a: Zyizzle|def|1
|-boost|p2a: Zyizzle|accuracy|1
|
|turn|28
|
|switch|p2a: Blastizzle|Blastoise-Mega, M|58\/333 brn
|move|p1a: Whimsicott|Moonblast|p2a: Blastizzle
|-damage|p2a: Blastizzle|0 fnt
|faint|p2a: Blastizzle
|
|
|switch|p2a: Jirizzle|Jirachi|205\/341
|turn|29
|
|move|p2a: Jirizzle|Iron Head|p1a: Whimsicott
|-supereffective|p1a: Whimsicott
|-damage|p1a: Whimsicott|0 fnt
|faint|p1a: Whimsicott
|
|
|switch|p1a: Honchkrow|Honchkrow, M|202\/341 tox
|turn|30
|
|switch|p2a: Zyizzle|Zygarde|404\/404
|-ability|p2a: Zyizzle|Aura Break
|move|p1a: Honchkrow|Brave Bird|p2a: Zyizzle
|-damage|p2a: Zyizzle|143\/404
|-damage|p1a: Honchkrow|116\/341 tox|[from] recoil|[of] p2a: Zyizzle
|-damage|p1a: Honchkrow|82\/341 tox|[from] item: Life Orb
|
|-heal|p2a: Zyizzle|168\/404|[from] item: Leftovers
|-damage|p1a: Honchkrow|61\/341 tox|[from] psn
|turn|31
|
|move|p2a: Zyizzle|Earthquake|p1a: Honchkrow
|-immune|p1a: Honchkrow|[msg]
|move|p1a: Honchkrow|Roost|p1a: Honchkrow
|-heal|p1a: Honchkrow|232\/341 tox
|
|-heal|p2a: Zyizzle|193\/404|[from] item: Leftovers
|-damage|p1a: Honchkrow|190\/341 tox|[from] psn
|turn|32
|
|move|p2a: Zyizzle|Coil|p2a: Zyizzle
|-boost|p2a: Zyizzle|atk|1
|-boost|p2a: Zyizzle|def|1
|-boost|p2a: Zyizzle|accuracy|1
|move|p1a: Honchkrow|Brave Bird|p2a: Zyizzle
|-damage|p2a: Zyizzle|33\/404
|-damage|p1a: Honchkrow|137\/341 tox|[from] recoil|[of] p2a: Zyizzle
|-damage|p1a: Honchkrow|103\/341 tox|[from] item: Life Orb
|
|-heal|p2a: Zyizzle|58\/404|[from] item: Leftovers
|-damage|p1a: Honchkrow|40\/341 tox|[from] psn
|turn|33
|
|move|p2a: Zyizzle|Coil|p2a: Zyizzle
|-boost|p2a: Zyizzle|atk|1
|-boost|p2a: Zyizzle|def|1
|-boost|p2a: Zyizzle|accuracy|1
|move|p1a: Honchkrow|Roost|p1a: Honchkrow
|-heal|p1a: Honchkrow|211\/341 tox
|
|-heal|p2a: Zyizzle|83\/404|[from] item: Leftovers
|-damage|p1a: Honchkrow|127\/341 tox|[from] psn
|turn|34
|
|move|p1a: Honchkrow|Sucker Punch|p2a: Zyizzle
|-fail|p2a: Zyizzle
|move|p2a: Zyizzle|Coil|p2a: Zyizzle
|-boost|p2a: Zyizzle|atk|1
|-boost|p2a: Zyizzle|def|1
|-boost|p2a: Zyizzle|accuracy|1
|
|-heal|p2a: Zyizzle|108\/404|[from] item: Leftovers
|-damage|p1a: Honchkrow|22\/341 tox|[from] psn
|turn|35
|
|move|p1a: Honchkrow|Sucker Punch|p2a: Zyizzle
|-fail|p2a: Zyizzle
|move|p2a: Zyizzle|Substitute|p2a: Zyizzle
|-start|p2a: Zyizzle|Substitute
|-damage|p2a: Zyizzle|7\/404
|
|-heal|p2a: Zyizzle|32\/404|[from] item: Leftovers
|-damage|p1a: Honchkrow|0 fnt|[from] psn
|faint|p1a: Honchkrow
|
|win|tuRkizzle
|raw|Ladder updating...
|raw|BurstStream's rating: 1486 &rarr; <strong>1470<\/strong><br \/>(-16 for losing)
|raw|tuRkizzle's rating: 1560 &rarr; <strong>1575<\/strong><br \/>(+15 for winning)
|c|âtuRkizzle|gg
|leave|tuRkizzle
|player|p2
|join|SadPierrot
|leave|SadPierrot
|join|SadPierrot
|leave|SadPierrot
|join|Yellow Skarmory
|leave|Yellow Skarmory