|join|Bl153
|join|tuRkizzle
|player|p1|Bl153|101
|player|p2|tuRkizzle|115
|gametype|singles
|gen|6
|tier|UU
|rated
|rule|Sleep Clause Mod: Limit one foe put to sleep
|rule|Species Clause: Limit one of each PokÃ©mon
|rule|OHKO Clause: OHKO moves are banned
|rule|Moody Clause: Moody is banned
|rule|Evasion Moves Clause: Evasion moves are banned
|rule|Endless Battle Clause: Forcing endless battles is banned
|rule|HP Percentage Mod: HP is shown in percentages
|clearpoke
|poke|p1|Hydreigon, M
|poke|p1|Metagross
|poke|p1|Mienshao, M
|poke|p1|Blastoise, M
|poke|p1|Florges, F
|poke|p1|Hippowdon, M
|poke|p2|Crobat, F
|poke|p2|Jirachi
|poke|p2|Ampharos, F
|poke|p2|Hydreigon, F
|poke|p2|Mienshao, M
|poke|p2|Lucario, F
|rule|Swagger Clause: Swagger is banned
|rule|Baton Pass Clause: Limit one PokÃ©mon knowing Baton Pass
|teampreview
|c|âBl153|gl hf
|c|âtuRkizzle|u2
|
|start
|switch|p1a: Hippowdon|Hippowdon, M|420\/420
|switch|p2a: Ampharos|Ampharos, F|369\/369
|turn|1
|
|detailschange|p2a: Ampharos|Ampharos-Mega, F
|message|Ampharos has Mega Evolved into Mega Ampharos!
|-ability|p2a: Ampharos|Mold Breaker
|move|p2a: Ampharos|Dragon Pulse|p1a: Hippowdon
|-damage|p1a: Hippowdon|188\/420
|move|p1a: Hippowdon|Stealth Rock|p2a: Ampharos
|-sidestart|p2: tuRkizzle|move: Stealth Rock
|
|-heal|p1a: Hippowdon|214\/420|[from] item: Leftovers
|turn|2
|
|switch|p1a: Florges|Florges, F|360\/360
|move|p2a: Ampharos|Volt Switch|p1a: Florges
|-damage|p1a: Florges|251\/360
|
|switch|p2a: Crobat|Crobat, F|311\/311
|-damage|p2a: Crobat|234\/311|[from] Stealth Rock
|
|-heal|p1a: Florges|273\/360|[from] item: Leftovers
|turn|3
|
|move|p2a: Crobat|Brave Bird|p1a: Florges
|-damage|p1a: Florges|0 fnt
|-damage|p2a: Crobat|144\/311|[from] recoil|[of] p1a: Florges
|faint|p1a: Florges
|
|
|switch|p1a: Hippowdon|Hippowdon, M|214\/420
|turn|4
|
|move|p2a: Crobat|Brave Bird|p1a: Hippowdon
|-damage|p1a: Hippowdon|12\/420
|-damage|p2a: Crobat|77\/311|[from] recoil|[of] p1a: Hippowdon
|move|p1a: Hippowdon|Slack Off|p1a: Hippowdon
|-heal|p1a: Hippowdon|222\/420
|
|-heal|p1a: Hippowdon|248\/420|[from] item: Leftovers
|turn|5
|
|move|p2a: Crobat|Brave Bird|p1a: Hippowdon
|-damage|p1a: Hippowdon|74\/420
|-damage|p2a: Crobat|20\/311|[from] recoil|[of] p1a: Hippowdon
|move|p1a: Hippowdon|Slack Off|p1a: Hippowdon
|-heal|p1a: Hippowdon|284\/420
|
|-heal|p1a: Hippowdon|310\/420|[from] item: Leftovers
|turn|6
|
|switch|p2a: Hydreigon|Hydreigon, F|325\/325
|-damage|p2a: Hydreigon|285\/325|[from] Stealth Rock
|move|p1a: Hippowdon|Slack Off|p1a: Hippowdon
|-heal|p1a: Hippowdon|420\/420
|
|turn|7
|
|move|p2a: Hydreigon|Dark Pulse|p1a: Hippowdon
|-damage|p1a: Hippowdon|264\/420
|move|p1a: Hippowdon|Slack Off|p1a: Hippowdon
|-heal|p1a: Hippowdon|420\/420
|
|turn|8
|
|switch|p1a: Hydreigon|Hydreigon, M|325\/325
|move|p2a: Hydreigon|Dark Pulse|p1a: Hydreigon
|-resisted|p1a: Hydreigon
|-damage|p1a: Hydreigon|256\/325
|
|turn|9
|
|switch|p2a: Crobat|Crobat, F|20\/311
|-damage|p2a: Crobat|0 fnt|[from] Stealth Rock
|faint|p2a: Crobat
|move|p1a: Hydreigon|Fire Blast|p2: Crobat|[notarget]
|-notarget
|
|
|switch|p2a: Ampharos|Ampharos-Mega, F|369\/369
|-damage|p2a: Ampharos|323\/369|[from] Stealth Rock
|-ability|p2a: Ampharos|Mold Breaker
|turn|10
|
|switch|p1a: Metagross|Metagross|363\/363
|move|p2a: Ampharos|Dragon Pulse|p1a: Metagross
|-resisted|p1a: Metagross
|-damage|p1a: Metagross|285\/363
|
|turn|11
|
|move|p1a: Metagross|Meteor Mash|p2a: Ampharos
|-resisted|p2a: Ampharos
|-damage|p2a: Ampharos|233\/369
|move|p2a: Ampharos|Thunderbolt|p1a: Metagross
|-damage|p1a: Metagross|143\/363
|
|turn|12
|
|switch|p2a: Hydreigon|Hydreigon, F|285\/325
|-damage|p2a: Hydreigon|245\/325|[from] Stealth Rock
|move|p1a: Metagross|Earthquake|p2a: Hydreigon
|-immune|p2a: Hydreigon|[msg]
|
|turn|13
|
|switch|p1a: Hippowdon|Hippowdon, M|420\/420
|move|p2a: Hydreigon|Dark Pulse|p1a: Hippowdon
|-damage|p1a: Hippowdon|260\/420
|
|-heal|p1a: Hippowdon|286\/420|[from] item: Leftovers
|turn|14
|
|move|p2a: Hydreigon|Dark Pulse|p1a: Hippowdon
|-damage|p1a: Hippowdon|129\/420
|move|p1a: Hippowdon|Slack Off|p1a: Hippowdon
|-heal|p1a: Hippowdon|339\/420
|
|-heal|p1a: Hippowdon|365\/420|[from] item: Leftovers
|turn|15
|
|switch|p1a: Mienshao|Mienshao, M|271\/271
|move|p2a: Hydreigon|Dark Pulse|p1a: Mienshao
|-resisted|p1a: Mienshao
|-damage|p1a: Mienshao|158\/271
|
|turn|16
|
|switch|p2a: Ampharos|Ampharos-Mega, F|233\/369
|-damage|p2a: Ampharos|187\/369|[from] Stealth Rock
|-ability|p2a: Ampharos|Mold Breaker
|move|p1a: Mienshao|High Jump Kick|p2a: Ampharos
|-damage|p2a: Ampharos|0 fnt
|faint|p2a: Ampharos
|
|
|switch|p2a: Lucario|Lucario, F|281\/281
|-damage|p2a: Lucario|273\/281|[from] Stealth Rock
|turn|17
|
|move|p2a: Lucario|Extreme Speed|p1a: Mienshao
|-damage|p1a: Mienshao|0 fnt
|-damage|p2a: Lucario|245\/281|[from] item: Life Orb
|faint|p1a: Mienshao
|
|
|switch|p1a: Blastoise|Blastoise, M|361\/361
|turn|18
|
|detailschange|p1a: Blastoise|Blastoise-Mega, M
|message|Blastoise has Mega Evolved into Mega Blastoise!
|move|p2a: Lucario|Close Combat|p1a: Blastoise
|-damage|p1a: Blastoise|147\/361
|-unboost|p2a: Lucario|def|1
|-unboost|p2a: Lucario|spd|1
|-damage|p2a: Lucario|217\/281|[from] item: Life Orb
|move|p1a: Blastoise|Water Pulse|p2a: Lucario
|-damage|p2a: Lucario|0 fnt
|faint|p2a: Lucario
|
|
|switch|p2a: Mienshao|Mienshao, M|271\/271
|-damage|p2a: Mienshao|255\/271|[from] Stealth Rock
|turn|19
|
|move|p2a: Mienshao|High Jump Kick|p1a: Blastoise
|-damage|p1a: Blastoise|0 fnt
|faint|p1a: Blastoise
|
|
|switch|p1a: Hippowdon|Hippowdon, M|365\/420
|turn|20
|
|switch|p2a: Hydreigon|Hydreigon, F|245\/325
|-damage|p2a: Hydreigon|205\/325|[from] Stealth Rock
|move|p1a: Hippowdon|Slack Off|p1a: Hippowdon
|-heal|p1a: Hippowdon|420\/420
|
|turn|21
|
|move|p2a: Hydreigon|Dark Pulse|p1a: Hippowdon
|-damage|p1a: Hippowdon|255\/420
|move|p1a: Hippowdon|Slack Off|p1a: Hippowdon
|-heal|p1a: Hippowdon|420\/420
|
|turn|22
|
|move|p2a: Hydreigon|Dark Pulse|p1a: Hippowdon
|-damage|p1a: Hippowdon|260\/420
|move|p1a: Hippowdon|Whirlwind|p2a: Hydreigon
|drag|p2a: Mienshao|Mienshao, M|255\/271
|-damage|p2a: Mienshao|239\/271|[from] Stealth Rock
|
|-heal|p1a: Hippowdon|286\/420|[from] item: Leftovers
|turn|23
|
|move|p2a: Mienshao|High Jump Kick|p1a: Hippowdon
|-damage|p1a: Hippowdon|108\/420
|move|p1a: Hippowdon|Slack Off|p1a: Hippowdon
|-heal|p1a: Hippowdon|318\/420
|
|-heal|p1a: Hippowdon|344\/420|[from] item: Leftovers
|turn|24
|
|switch|p2a: Hydreigon|Hydreigon, F|205\/325
|-damage|p2a: Hydreigon|165\/325|[from] Stealth Rock
|move|p1a: Hippowdon|Slack Off|p1a: Hippowdon
|-heal|p1a: Hippowdon|420\/420
|
|turn|25
|
|move|p2a: Hydreigon|Dark Pulse|p1a: Hippowdon
|-damage|p1a: Hippowdon|267\/420
|move|p1a: Hippowdon|Slack Off|p1a: Hippowdon
|-heal|p1a: Hippowdon|420\/420
|
|turn|26
|
|move|p2a: Hydreigon|Dark Pulse|p1a: Hippowdon
|-damage|p1a: Hippowdon|263\/420
|cant|p1a: Hippowdon|flinch
|
|-heal|p1a: Hippowdon|289\/420|[from] item: Leftovers
|turn|27
|
|move|p2a: Hydreigon|Dark Pulse|p1a: Hippowdon
|-damage|p1a: Hippowdon|117\/420
|move|p1a: Hippowdon|Slack Off|p1a: Hippowdon
|-heal|p1a: Hippowdon|327\/420
|
|-heal|p1a: Hippowdon|353\/420|[from] item: Leftovers
|turn|28
|
|move|p2a: Hydreigon|Dark Pulse|p1a: Hippowdon
|-damage|p1a: Hippowdon|197\/420
|move|p1a: Hippowdon|Slack Off|p1a: Hippowdon
|-heal|p1a: Hippowdon|407\/420
|
|-heal|p1a: Hippowdon|420\/420|[from] item: Leftovers
|turn|29
|
|move|p2a: Hydreigon|Dark Pulse|p1a: Hippowdon
|-damage|p1a: Hippowdon|251\/420
|move|p1a: Hippowdon|Whirlwind|p2a: Hydreigon
|drag|p2a: Mienshao|Mienshao, M|239\/271
|-damage|p2a: Mienshao|223\/271|[from] Stealth Rock
|
|-heal|p1a: Hippowdon|277\/420|[from] item: Leftovers
|turn|30
|
|move|p2a: Mienshao|Knock Off|p1a: Hippowdon
|-damage|p1a: Hippowdon|195\/420
|-enditem|p1a: Hippowdon|Leftovers|[from] move: Knock Off|[of] p2a: Mienshao
|move|p1a: Hippowdon|Earthquake|p2a: Mienshao
|-damage|p2a: Mienshao|33\/271
|
|turn|31
|
|switch|p2a: Hydreigon|Hydreigon, F|165\/325
|-damage|p2a: Hydreigon|125\/325|[from] Stealth Rock
|move|p1a: Hippowdon|Slack Off|p1a: Hippowdon
|-heal|p1a: Hippowdon|405\/420
|
|turn|32
|
|move|p2a: Hydreigon|Dark Pulse|p1a: Hippowdon
|-damage|p1a: Hippowdon|231\/420
|move|p1a: Hippowdon|Whirlwind|p2a: Hydreigon
|drag|p2a: Mienshao|Mienshao, M|33\/271
|-damage|p2a: Mienshao|17\/271|[from] Stealth Rock
|
|turn|33
|
|move|p2a: Mienshao|High Jump Kick|p1a: Hippowdon
|-damage|p1a: Hippowdon|44\/420
|move|p1a: Hippowdon|Earthquake|p2a: Mienshao
|-damage|p2a: Mienshao|0 fnt
|faint|p2a: Mienshao
|
|
|switch|p2a: Jirachi|Jirachi|341\/341
|-damage|p2a: Jirachi|320\/341|[from] Stealth Rock
|turn|34
|
|move|p2a: Jirachi|Iron Head|p1a: Hippowdon
|-damage|p1a: Hippowdon|0 fnt
|faint|p1a: Hippowdon
|
|
|switch|p1a: Hydreigon|Hydreigon, M|256\/325
|turn|35
|
|move|p2a: Jirachi|Iron Head|p1a: Hydreigon
|-damage|p1a: Hydreigon|136\/325
|cant|p1a: Hydreigon|flinch
|
|turn|36
|
|move|p2a: Jirachi|Iron Head|p1a: Hydreigon
|-damage|p1a: Hydreigon|15\/325
|cant|p1a: Hydreigon|flinch
|
|turn|37
|
|switch|p1a: Metagross|Metagross|143\/363
|move|p2a: Jirachi|Iron Head|p1a: Metagross
|-resisted|p1a: Metagross
|-damage|p1a: Metagross|95\/363
|
|turn|38
|c|âBl153|YEAH three scarfers thats normal...
|c|âBl153|said no one ever...
|
|move|p2a: Jirachi|Iron Head|p1a: Metagross
|-resisted|p1a: Metagross
|-damage|p1a: Metagross|46\/363
|move|p1a: Metagross|Meteor Mash|p2a: Jirachi|[miss]
|-miss|p1a: Metagross|p2a: Jirachi
|
|turn|39
|
|move|p2a: Jirachi|Iron Head|p1a: Metagross
|-resisted|p1a: Metagross
|-damage|p1a: Metagross|0 fnt
|faint|p1a: Metagross
|
|
|switch|p1a: Hydreigon|Hydreigon, M|15\/325
|turn|40
|
|move|p2a: Jirachi|Iron Head|p1a: Hydreigon
|-damage|p1a: Hydreigon|0 fnt
|faint|p1a: Hydreigon
|
|win|tuRkizzle
|raw|Ladder updating...
|raw|Bl153's rating: 1464 &rarr; <strong>1447<\/strong><br \/>(-17 for losing)
|raw|tuRkizzle's rating: 1515 &rarr; <strong>1532<\/strong><br \/>(+17 for winning)
|leave|tuRkizzle
|player|p2
|c|âBl153|....gg YEAH right... such bs WTF