|join|TNBM
|join|tuRkizzle
|player|p1|TNBM|92
|player|p2|tuRkizzle|238
|gametype|singles
|gen|6
|tier|UU
|rated
|rule|Sleep Clause Mod: Limit one foe put to sleep
|rule|Species Clause: Limit one of each Pokemon
|rule|OHKO Clause: OHKO moves are banned
|rule|Moody Clause: Moody is banned
|rule|Evasion Moves Clause: Evasion moves are banned
|rule|Endless Battle Clause: Forcing endless battles is banned.
|rule|HP Percentage Mod: HP is reported as percentages
|clearpoke
|poke|p1|Claydol
|poke|p1|Porygon2
|poke|p1|Gligar, M
|poke|p1|Sableye, F
|poke|p1|Suicune
|poke|p1|Umbreon, F
|poke|p2|Mienshao, F
|poke|p2|Snorlax, F
|poke|p2|Victini
|poke|p2|Mew
|poke|p2|Umbreon, M, shiny
|poke|p2|Hydreigon, F
|teampreview
|
|start
|switch|p1a: Claydol|Claydol|324\/324
|switch|p2a: Mew|Mew|404\/404
|turn|1
|
|move|p2a: Mew|Will-O-Wisp|p1a: Claydol
|-status|p1a: Claydol|brn
|move|p1a: Claydol|Stealth Rock|p2a: Mew
|-sidestart|p2: tuRkizzle|move: Stealth Rock
|
|-damage|p1a: Claydol|284\/324 brn|[from] brn
|turn|2
|
|move|p2a: Mew|Knock Off|p1a: Claydol
|-supereffective|p1a: Claydol
|-damage|p1a: Claydol|174\/324 brn
|-enditem|p1a: Claydol|Leftovers|[from] move: Knock Off|[of] p2a: Mew
|move|p1a: Claydol|Toxic|p2a: Mew
|-status|p2a: Mew|tox
|
|-damage|p2a: Mew|379\/404 tox|[from] psn
|-damage|p1a: Claydol|134\/324 brn|[from] brn
|turn|3
|
|switch|p1a: Umbreon|Umbreon, F|394\/394
|move|p2a: Mew|Defog|p1a: Umbreon
|-unboost|p1a: Umbreon|evasion|1
|-sideend|p2: tuRkizzle|Stealth Rock|[from] move: Defog|[of] p2a: Mew
|
|-heal|p2a: Mew|404\/404 tox|[from] item: Leftovers
|-damage|p2a: Mew|354\/404 tox|[from] psn
|turn|4
|
|switch|p2a: Mienshao|Mienshao, F|271\/271
|move|p1a: Umbreon|Protect|p1a: Umbreon
|-fail|p1a: Umbreon
|
|turn|5
|
|move|p1a: Umbreon|Protect|p1a: Umbreon
|-singleturn|p1a: Umbreon|Protect
|move|p2a: Mienshao|Fake Out|p1a: Umbreon
|-activate|p1a: Umbreon|Protect
|
|turn|6
|
|switch|p1a: Sableye|Sableye, F|304\/304
|move|p2a: Mienshao|Knock Off|p1a: Sableye
|-damage|p1a: Sableye|142\/304
|-enditem|p1a: Sableye|Leftovers|[from] move: Knock Off|[of] p2a: Mienshao
|-damage|p2a: Mienshao|244\/271|[from] item: Life Orb
|
|turn|7
|
|move|p1a: Sableye|Will-O-Wisp|p2a: Mienshao
|-status|p2a: Mienshao|brn
|move|p2a: Mienshao|Knock Off|p1a: Sableye
|-damage|p1a: Sableye|91\/304
|-damage|p2a: Mienshao|217\/271 brn|[from] item: Life Orb
|
|-damage|p2a: Mienshao|184\/271 brn|[from] brn
|turn|8
|
|switch|p2a: Umbreon|Umbreon, M, shiny|394\/394
|move|p1a: Sableye|Recover|p1a: Sableye
|-heal|p1a: Sableye|243\/304
|
|turn|9
|
|move|p1a: Sableye|Taunt|p2a: Umbreon
|-start|p2a: Umbreon|move: Taunt
|cant|p2a: Umbreon|move: Taunt|Heal Bell
|
|turn|10
|
|switch|p1a: Umbreon|Umbreon, F|394\/394
|move|p2a: Umbreon|Foul Play|p1a: Umbreon
|-resisted|p1a: Umbreon
|-damage|p1a: Umbreon|363\/394
|
|-heal|p1a: Umbreon|387\/394|[from] item: Leftovers
|turn|11
|
|move|p2a: Umbreon|Foul Play|p1a: Umbreon
|-resisted|p1a: Umbreon
|-damage|p1a: Umbreon|354\/394
|move|p1a: Umbreon|Wish|p1a: Umbreon
|
|-heal|p1a: Umbreon|378\/394|[from] item: Leftovers
|-end|p2a: Umbreon|move: Taunt
|turn|12
|
|switch|p1a: Claydol|Claydol|134\/324 brn
|move|p2a: Umbreon|Heal Bell|p2a: Umbreon
|-cureteam|p2a: Umbreon|[from] move: HealBell
|
|-heal|p1a: Claydol|324\/324 brn|[from] move: Wish|[wisher] Umbreon
|-damage|p1a: Claydol|284\/324 brn|[from] brn
|turn|13
|
|move|p1a: Claydol|Stealth Rock|p2a: Umbreon
|-sidestart|p2: tuRkizzle|move: Stealth Rock
|move|p2a: Umbreon|Foul Play|p1a: Claydol
|-supereffective|p1a: Claydol
|-damage|p1a: Claydol|188\/324 brn
|
|-damage|p1a: Claydol|148\/324 brn|[from] brn
|turn|14
|
|switch|p1a: Sableye|Sableye, F|243\/304
|move|p2a: Umbreon|Wish|p2a: Umbreon
|
|turn|15
|
|move|p1a: Sableye|Will-O-Wisp|p2a: Umbreon
|-status|p2a: Umbreon|brn
|-status|p1a: Sableye|brn
|move|p2a: Umbreon|Toxic|p1a: Sableye
|-fail|p1a: Sableye
|
|-damage|p2a: Umbreon|345\/394 brn|[from] brn
|-damage|p1a: Sableye|205\/304 brn|[from] brn
|turn|16
|
|move|p1a: Sableye|Taunt|p2a: Umbreon
|-start|p2a: Umbreon|move: Taunt
|cant|p2a: Umbreon|move: Taunt|Heal Bell
|
|-heal|p2a: Umbreon|369\/394 brn|[from] item: Leftovers
|-damage|p2a: Umbreon|320\/394 brn|[from] brn
|-damage|p1a: Sableye|167\/304 brn|[from] brn
|turn|17
|
|switch|p2a: Victini|Victini|342\/342
|-damage|p2a: Victini|257\/342|[from] Stealth Rock
|move|p1a: Sableye|Recover|p1a: Sableye
|-heal|p1a: Sableye|304\/304 brn
|
|-damage|p1a: Sableye|266\/304 brn|[from] brn
|turn|18
|
|switch|p1a: Gligar|Gligar, M|334\/334
|move|p2a: Victini|V-create|p1a: Gligar
|-damage|p1a: Gligar|204\/334
|-unboost|p2a: Victini|def|1
|-unboost|p2a: Victini|spd|1
|-unboost|p2a: Victini|spe|1
|
|turn|19
|
|switch|p2a: Umbreon|Umbreon, M, shiny|320\/394 brn
|-damage|p2a: Umbreon|271\/394 brn|[from] Stealth Rock
|move|p1a: Gligar|Roost|p1a: Gligar
|-heal|p1a: Gligar|334\/334
|
|-heal|p2a: Umbreon|295\/394 brn|[from] item: Leftovers
|-damage|p2a: Umbreon|246\/394 brn|[from] brn
|turn|20
|
|move|p1a: Gligar|Substitute|p1a: Gligar
|-start|p1a: Gligar|Substitute
|-damage|p1a: Gligar|251\/334
|move|p2a: Umbreon|Toxic|p1a: Gligar
|
|-heal|p2a: Umbreon|270\/394 brn|[from] item: Leftovers
|-damage|p2a: Umbreon|221\/394 brn|[from] brn
|turn|21
|
|move|p1a: Gligar|Aerial Ace|p2a: Umbreon
|-damage|p2a: Umbreon|172\/394 brn
|move|p2a: Umbreon|Heal Bell|p2a: Umbreon
|-cureteam|p2a: Umbreon|[from] move: HealBell
|
|-heal|p2a: Umbreon|196\/394|[from] item: Leftovers
|turn|22
|
|move|p1a: Gligar|Toxic|p2a: Umbreon
|-status|p2a: Umbreon|tox
|move|p2a: Umbreon|Wish|p2a: Umbreon
|
|-heal|p2a: Umbreon|220\/394 tox|[from] item: Leftovers
|-damage|p2a: Umbreon|196\/394 tox|[from] psn
|turn|23
|
|move|p1a: Gligar|Roost|p1a: Gligar
|-heal|p1a: Gligar|334\/334
|move|p2a: Umbreon|Heal Bell|p2a: Umbreon
|-cureteam|p2a: Umbreon|[from] move: HealBell
|
|-heal|p2a: Umbreon|393\/394|[from] move: Wish|[wisher] Umbreon
|-heal|p2a: Umbreon|394\/394|[from] item: Leftovers
|turn|24
|
|move|p1a: Gligar|Toxic|p2a: Umbreon
|-status|p2a: Umbreon|tox
|move|p2a: Umbreon|Foul Play|p1a: Gligar
|-activate|p1a: Gligar|Substitute|[damage]
|
|-damage|p2a: Umbreon|370\/394 tox|[from] psn
|turn|25
|
|switch|p2a: Snorlax|Snorlax, F|478\/478
|-damage|p2a: Snorlax|419\/478|[from] Stealth Rock
|move|p1a: Gligar|Aerial Ace|p2a: Snorlax
|-damage|p2a: Snorlax|361\/478
|
|-heal|p2a: Snorlax|390\/478|[from] item: Leftovers
|turn|26
|
|move|p1a: Gligar|Toxic|p2a: Snorlax
|-status|p2a: Snorlax|tox
|move|p2a: Snorlax|Curse|p2a: Snorlax
|-boost|p2a: Snorlax|atk|1
|-boost|p2a: Snorlax|def|1
|-unboost|p2a: Snorlax|spe|1
|
|-heal|p2a: Snorlax|419\/478 tox|[from] item: Leftovers
|-damage|p2a: Snorlax|390\/478 tox|[from] psn
|turn|27
|
|move|p1a: Gligar|Aerial Ace|p2a: Snorlax
|-damage|p2a: Snorlax|345\/478 tox
|move|p2a: Snorlax|Curse|p2a: Snorlax
|-boost|p2a: Snorlax|atk|1
|-boost|p2a: Snorlax|def|1
|-unboost|p2a: Snorlax|spe|1
|
|-heal|p2a: Snorlax|374\/478 tox|[from] item: Leftovers
|-damage|p2a: Snorlax|316\/478 tox|[from] psn
|turn|28
|
|move|p1a: Gligar|Aerial Ace|p2a: Snorlax
|-damage|p2a: Snorlax|285\/478 tox
|move|p2a: Snorlax|Rest|p2a: Snorlax
|-status|p2a: Snorlax|slp
|-heal|p2a: Snorlax|478\/478 slp|[silent]
|-status|p2a: Snorlax|slp|[from] move: Rest
|
|turn|29
|
|switch|p1a: Suicune|Suicune|404\/404
|-ability|p1a: Suicune|Pressure
|cant|p2a: Snorlax|slp
|move|p2a: Snorlax|Sleep Talk|p2a: Snorlax
|move|p2a: Snorlax|Rest|p2a: Snorlax|[from]Sleep Talk
|-fail|p2a: Snorlax
|
|turn|30
|
|cant|p2a: Snorlax|slp
|move|p2a: Snorlax|Sleep Talk|p2a: Snorlax
|move|p2a: Snorlax|Rest|p2a: Snorlax|[from]Sleep Talk
|-fail|p2a: Snorlax
|move|p1a: Suicune|Roar|p2a: Snorlax
|drag|p2a: Mienshao|Mienshao, F|184\/271
|-damage|p2a: Mienshao|168\/271|[from] Stealth Rock
|
|turn|31
|
|switch|p1a: Sableye|Sableye, F|266\/304 brn
|move|p2a: Mienshao|Fake Out|p1a: Sableye
|-immune|p1a: Sableye|[msg]
|
|-damage|p1a: Sableye|228\/304 brn|[from] brn
|turn|32
|
|switch|p1a: Gligar|Gligar, M|334\/334
|move|p2a: Mienshao|Knock Off|p1a: Gligar
|-damage|p1a: Gligar|263\/334
|-enditem|p1a: Gligar|Eviolite|[from] move: Knock Off|[of] p2a: Mienshao
|-damage|p2a: Mienshao|141\/271|[from] item: Life Orb
|
|turn|33
|
|move|p2a: Mienshao|High Jump Kick|p1a: Gligar
|-resisted|p1a: Gligar
|-damage|p1a: Gligar|143\/334
|-damage|p2a: Mienshao|114\/271|[from] item: Life Orb
|move|p1a: Gligar|Aerial Ace|p2a: Mienshao
|-supereffective|p2a: Mienshao
|-damage|p2a: Mienshao|0 fnt
|faint|p2a: Mienshao
|
|
|switch|p2a: Mew|Mew|354\/404
|-damage|p2a: Mew|304\/404|[from] Stealth Rock
|turn|34
|
|move|p2a: Mew|Defog|p1a: Gligar
|-unboost|p1a: Gligar|evasion|1
|-sideend|p2: tuRkizzle|Stealth Rock|[from] move: Defog|[of] p2a: Mew
|move|p1a: Gligar|Roost|p1a: Gligar
|-heal|p1a: Gligar|310\/334
|
|-heal|p2a: Mew|329\/404|[from] item: Leftovers
|turn|35
|
|move|p2a: Mew|Will-O-Wisp|p1a: Gligar
|-status|p1a: Gligar|brn
|move|p1a: Gligar|Toxic|p2a: Mew|[miss]
|-miss|p1a: Gligar|p2a: Mew
|
|-heal|p2a: Mew|354\/404|[from] item: Leftovers
|-damage|p1a: Gligar|269\/334 brn|[from] brn
|turn|36
|
|switch|p2a: Umbreon|Umbreon, M, shiny|370\/394 tox
|switch|p1a: Umbreon|Umbreon, F|378\/394
|
|-heal|p2a: Umbreon|394\/394 tox|[from] item: Leftovers
|-heal|p1a: Umbreon|394\/394|[from] item: Leftovers
|-damage|p2a: Umbreon|370\/394 tox|[from] psn
|turn|37
|
|move|p1a: Umbreon|Heal Bell|p1a: Umbreon
|-cureteam|p1a: Umbreon|[from] move: HealBell
|move|p2a: Umbreon|Heal Bell|p2a: Umbreon
|-cureteam|p2a: Umbreon|[from] move: HealBell
|
|-heal|p2a: Umbreon|394\/394|[from] item: Leftovers
|turn|38
|
|move|p1a: Umbreon|Wish|p1a: Umbreon
|move|p2a: Umbreon|Wish|p2a: Umbreon
|
|turn|39
|
|switch|p2a: Victini|Victini|257\/342
|switch|p1a: Claydol|Claydol|148\/324
|
|-heal|p2a: Victini|342\/342|[from] move: Wish|[wisher] Umbreon
|-heal|p1a: Claydol|324\/324|[from] move: Wish|[wisher] Umbreon
|turn|40
|
|move|p2a: Victini|V-create|p1a: Claydol
|-damage|p1a: Claydol|138\/324
|-unboost|p2a: Victini|def|1
|-unboost|p2a: Victini|spd|1
|-unboost|p2a: Victini|spe|1
|move|p1a: Claydol|Stealth Rock|p2a: Victini
|-sidestart|p2: tuRkizzle|move: Stealth Rock
|
|turn|41
|
|switch|p1a: Suicune|Suicune|404\/404
|-ability|p1a: Suicune|Pressure
|move|p2a: Victini|V-create|p1a: Suicune
|-resisted|p1a: Suicune
|-damage|p1a: Suicune|291\/404
|-unboost|p2a: Victini|def|1
|-unboost|p2a: Victini|spd|1
|-unboost|p2a: Victini|spe|1
|
|-heal|p1a: Suicune|316\/404|[from] item: Leftovers
|turn|42
|
|switch|p2a: Umbreon|Umbreon, M, shiny|394\/394
|-damage|p2a: Umbreon|345\/394|[from] Stealth Rock
|move|p1a: Suicune|Roar|p2a: Umbreon
|drag|p2a: Victini|Victini|342\/342
|-damage|p2a: Victini|257\/342|[from] Stealth Rock
|
|-heal|p1a: Suicune|341\/404|[from] item: Leftovers
|turn|43
|
|switch|p1a: Gligar|Gligar, M|269\/334
|move|p2a: Victini|Bolt Strike|p1a: Gligar
|-immune|p1a: Gligar|[msg]
|
|turn|44
|
|switch|p2a: Umbreon|Umbreon, M, shiny|345\/394
|-damage|p2a: Umbreon|296\/394|[from] Stealth Rock
|move|p1a: Gligar|Substitute|p1a: Gligar
|-start|p1a: Gligar|Substitute
|-damage|p1a: Gligar|186\/334
|
|-heal|p2a: Umbreon|320\/394|[from] item: Leftovers
|turn|45
|
|move|p1a: Gligar|Toxic|p2a: Umbreon
|-status|p2a: Umbreon|tox
|move|p2a: Umbreon|Wish|p2a: Umbreon
|
|-heal|p2a: Umbreon|344\/394 tox|[from] item: Leftovers
|-damage|p2a: Umbreon|320\/394 tox|[from] psn
|turn|46
|
|switch|p2a: Mew|Mew|354\/404
|-damage|p2a: Mew|304\/404|[from] Stealth Rock
|move|p1a: Gligar|Aerial Ace|p2a: Mew
|-damage|p2a: Mew|247\/404
|
|-heal|p2a: Mew|404\/404|[from] move: Wish|[wisher] Umbreon
|turn|47
|
|move|p2a: Mew|Defog|p1a: Gligar
|-sideend|p2: tuRkizzle|Stealth Rock|[from] move: Defog|[of] p2a: Mew
|move|p1a: Gligar|Toxic|p2a: Mew
|-status|p2a: Mew|tox
|
|-damage|p2a: Mew|379\/404 tox|[from] psn
|turn|48
|
|move|p2a: Mew|Knock Off|p1a: Gligar
|-crit|p1a: Gligar
|-activate|p1a: Gligar|Substitute|[damage]
|move|p1a: Gligar|Roost|p1a: Gligar
|-heal|p1a: Gligar|334\/334
|
|-heal|p2a: Mew|404\/404 tox|[from] item: Leftovers
|-damage|p2a: Mew|354\/404 tox|[from] psn
|turn|49
|
|switch|p2a: Snorlax|Snorlax, F|478\/478
|move|p1a: Gligar|Substitute|p1a: Gligar
|-fail|p1a: Gligar|move: Substitute
|
|turn|50
|
|switch|p1a: Sableye|Sableye, F|228\/304
|move|p2a: Snorlax|Curse|p2a: Snorlax
|-boost|p2a: Snorlax|atk|1
|-boost|p2a: Snorlax|def|1
|-unboost|p2a: Snorlax|spe|1
|
|turn|51
|
|switch|p2a: Umbreon|Umbreon, M, shiny|320\/394 tox
|move|p1a: Sableye|Taunt|p2a: Umbreon
|-start|p2a: Umbreon|move: Taunt
|
|-heal|p2a: Umbreon|344\/394 tox|[from] item: Leftovers
|-damage|p2a: Umbreon|320\/394 tox|[from] psn
|turn|52
|
|switch|p2a: Victini|Victini|257\/342
|move|p1a: Sableye|Will-O-Wisp|p2a: Victini|[miss]
|-miss|p1a: Sableye|p2a: Victini
|
|turn|53
|
|switch|p1a: Gligar|Gligar, M|334\/334
|move|p2a: Victini|V-create|p1a: Gligar
|-crit|p1a: Gligar
|-damage|p1a: Gligar|72\/334
|-unboost|p2a: Victini|def|1
|-unboost|p2a: Victini|spd|1
|-unboost|p2a: Victini|spe|1
|
|turn|54
|
|switch|p1a: Suicune|Suicune|341\/404
|-ability|p1a: Suicune|Pressure
|move|p2a: Victini|V-create|p1a: Suicune
|-resisted|p1a: Suicune
|-damage|p1a: Suicune|236\/404
|-unboost|p2a: Victini|def|1
|-unboost|p2a: Victini|spd|1
|-unboost|p2a: Victini|spe|1
|
|-heal|p1a: Suicune|261\/404|[from] item: Leftovers
|turn|55
|
|switch|p2a: Snorlax|Snorlax, F|478\/478
|switch|p1a: Gligar|Gligar, M|72\/334
|
|turn|56
|
|move|p1a: Gligar|Roost|p1a: Gligar
|-heal|p1a: Gligar|239\/334
|move|p2a: Snorlax|Body Slam|p1a: Gligar
|-damage|p1a: Gligar|164\/334
|
|turn|57
|
|switch|p1a: Sableye|Sableye, F|228\/304
|move|p2a: Snorlax|Body Slam|p1a: Sableye
|-immune|p1a: Sableye|[msg]
|
|turn|58
|
|switch|p2a: Hydreigon|Hydreigon, F|326\/326
|move|p1a: Sableye|Will-O-Wisp|p2a: Hydreigon
|-status|p2a: Hydreigon|brn
|
|-damage|p2a: Hydreigon|286\/326 brn|[from] brn
|turn|59
|
|switch|p1a: Porygon2|Porygon2|374\/374
|-ability|p1a: Porygon2|Levitate|[from] ability: Trace|[of] p2a: Hydreigon
|move|p2a: Hydreigon|Dark Pulse|p1a: Porygon2
|-damage|p1a: Porygon2|275\/374
|
|-damage|p2a: Hydreigon|246\/326 brn|[from] brn
|turn|60
|
|switch|p2a: Umbreon|Umbreon, M, shiny|320\/394 tox
|move|p1a: Porygon2|Ice Beam|p2a: Umbreon
|-damage|p2a: Umbreon|272\/394 tox
|
|-heal|p2a: Umbreon|296\/394 tox|[from] item: Leftovers
|-damage|p2a: Umbreon|272\/394 tox|[from] psn
|turn|61
|
|move|p1a: Porygon2|Recover|p1a: Porygon2
|-heal|p1a: Porygon2|374\/374
|move|p2a: Umbreon|Heal Bell|p2a: Umbreon
|-cureteam|p2a: Umbreon|[from] move: HealBell
|
|-heal|p2a: Umbreon|296\/394|[from] item: Leftovers
|turn|62
|
|move|p1a: Porygon2|Toxic|p2a: Umbreon
|-status|p2a: Umbreon|tox
|-status|p1a: Porygon2|tox
|move|p2a: Umbreon|Wish|p2a: Umbreon
|
|-heal|p2a: Umbreon|320\/394 tox|[from] item: Leftovers
|-damage|p1a: Porygon2|351\/374 tox|[from] psn
|-damage|p2a: Umbreon|296\/394 tox|[from] psn
|turn|63
|
|move|p1a: Porygon2|Ice Beam|p2a: Umbreon
|-damage|p2a: Umbreon|253\/394 tox
|move|p2a: Umbreon|Foul Play|p1a: Porygon2
|-damage|p1a: Porygon2|303\/374 tox
|
|-heal|p2a: Umbreon|394\/394 tox|[from] move: Wish|[wisher] Umbreon
|-damage|p1a: Porygon2|257\/374 tox|[from] psn
|-damage|p2a: Umbreon|346\/394 tox|[from] psn
|turn|64
|
|switch|p1a: Umbreon|Umbreon, F|394\/394
|switch|p2a: Victini|Victini|257\/342
|
|turn|65
|
|move|p1a: Umbreon|Protect|p1a: Umbreon
|-singleturn|p1a: Umbreon|Protect
|move|p2a: Victini|V-create|p1a: Umbreon
|-activate|p1a: Umbreon|Protect
|
|turn|66
|
|switch|p2a: Mew|Mew|354\/404
|move|p1a: Umbreon|Wish|p1a: Umbreon
|
|-heal|p2a: Mew|379\/404|[from] item: Leftovers
|turn|67
|
|move|p2a: Mew|Knock Off|p1a: Umbreon
|-resisted|p1a: Umbreon
|-damage|p1a: Umbreon|359\/394
|-enditem|p1a: Umbreon|Leftovers|[from] move: Knock Off|[of] p2a: Mew
|move|p1a: Umbreon|Payback|p2a: Mew
|-supereffective|p2a: Mew
|-damage|p2a: Mew|203\/404
|
|-heal|p1a: Umbreon|394\/394|[from] move: Wish|[wisher] Umbreon
|-heal|p2a: Mew|228\/404|[from] item: Leftovers
|turn|68
|
|switch|p2a: Victini|Victini|257\/342
|move|p1a: Umbreon|Payback|p2a: Victini
|-supereffective|p2a: Victini
|-damage|p2a: Victini|173\/342
|
|turn|69
|
|move|p1a: Umbreon|Protect|p1a: Umbreon
|-singleturn|p1a: Umbreon|Protect
|move|p2a: Victini|Bolt Strike|p1a: Umbreon
|-activate|p1a: Umbreon|Protect
|
|turn|70
|
|switch|p1a: Claydol|Claydol|138\/324
|move|p2a: Victini|Bolt Strike|p1a: Claydol
|-immune|p1a: Claydol|[msg]
|
|turn|71
|
|switch|p2a: Hydreigon|Hydreigon, F|246\/326
|move|p1a: Claydol|Stealth Rock|p2a: Hydreigon
|-sidestart|p2: tuRkizzle|move: Stealth Rock
|
|turn|72
|
|switch|p1a: Umbreon|Umbreon, F|394\/394
|move|p2a: Hydreigon|Dark Pulse|p1a: Umbreon
|-resisted|p1a: Umbreon
|-damage|p1a: Umbreon|349\/394
|
|turn|73
|
|switch|p2a: Mew|Mew|228\/404
|-damage|p2a: Mew|178\/404|[from] Stealth Rock
|move|p1a: Umbreon|Wish|p1a: Umbreon
|
|-heal|p2a: Mew|203\/404|[from] item: Leftovers
|turn|74
|
|switch|p1a: Claydol|Claydol|138\/324
|move|p2a: Mew|Defog|p1a: Claydol
|-unboost|p1a: Claydol|evasion|1
|-sideend|p2: tuRkizzle|Stealth Rock|[from] move: Defog|[of] p2a: Mew
|
|-heal|p1a: Claydol|324\/324|[from] move: Wish|[wisher] Umbreon
|-heal|p2a: Mew|228\/404|[from] item: Leftovers
|turn|75
|
|switch|p1a: Sableye|Sableye, F|228\/304
|move|p2a: Mew|Knock Off|p1a: Sableye
|-damage|p1a: Sableye|172\/304
|
|-heal|p2a: Mew|253\/404|[from] item: Leftovers
|turn|76
|chat|TNBM|cancel button <.<
|
|switch|p2a: Hydreigon|Hydreigon, F|246\/326
|move|p1a: Sableye|Recover|p1a: Sableye
|-heal|p1a: Sableye|304\/304
|
|turn|77
|
|move|p2a: Hydreigon|Earth Power|p1a: Sableye
|-damage|p1a: Sableye|177\/304
|move|p1a: Sableye|Night Shade|p2a: Hydreigon
|-damage|p2a: Hydreigon|146\/326
|
|turn|78
|
|move|p1a: Sableye|Recover|p1a: Sableye
|-heal|p1a: Sableye|304\/304
|move|p2a: Hydreigon|Earth Power|p1a: Sableye
|-damage|p1a: Sableye|172\/304
|
|turn|79
|
|switch|p1a: Claydol|Claydol|324\/324
|move|p2a: Hydreigon|Earth Power|p1a: Claydol
|-immune|p1a: Claydol|[msg]
|
|turn|80
|
|switch|p2a: Umbreon|Umbreon, M, shiny|346\/394 tox
|move|p1a: Claydol|Stealth Rock|p2a: Umbreon
|-sidestart|p2: tuRkizzle|move: Stealth Rock
|
|-heal|p2a: Umbreon|370\/394 tox|[from] item: Leftovers
|-damage|p2a: Umbreon|346\/394 tox|[from] psn
|turn|81
|
|switch|p1a: Sableye|Sableye, F|172\/304
|move|p2a: Umbreon|Wish|p2a: Umbreon
|
|-heal|p2a: Umbreon|370\/394 tox|[from] item: Leftovers
|-damage|p2a: Umbreon|322\/394 tox|[from] psn
|turn|82
|
|switch|p2a: Hydreigon|Hydreigon, F|146\/326
|-damage|p2a: Hydreigon|106\/326|[from] Stealth Rock
|move|p1a: Sableye|Taunt|p2a: Hydreigon
|-start|p2a: Hydreigon|move: Taunt
|
|-heal|p2a: Hydreigon|303\/326|[from] move: Wish|[wisher] Umbreon
|turn|83
|
|move|p1a: Sableye|Recover|p1a: Sableye
|-heal|p1a: Sableye|304\/304
|move|p2a: Hydreigon|Dark Pulse|p1a: Sableye
|-crit|p1a: Sableye
|-damage|p1a: Sableye|24\/304
|
|turn|84
|
|move|p1a: Sableye|Recover|p1a: Sableye
|-heal|p1a: Sableye|176\/304
|move|p2a: Hydreigon|Dark Pulse|p1a: Sableye
|-damage|p1a: Sableye|4\/304
|
|turn|85
|
|switch|p1a: Umbreon|Umbreon, F|349\/394
|move|p2a: Hydreigon|Dark Pulse|p1a: Umbreon
|-resisted|p1a: Umbreon
|-damage|p1a: Umbreon|299\/394
|
|-end|p2a: Hydreigon|move: Taunt
|turn|86
|
|switch|p2a: Victini|Victini|173\/342
|-damage|p2a: Victini|88\/342|[from] Stealth Rock
|switch|p1a: Sableye|Sableye, F|4\/304
|
|turn|87
|
|switch|p1a: Suicune|Suicune|261\/404
|-ability|p1a: Suicune|Pressure
|move|p2a: Victini|Psychic|p1a: Suicune
|-damage|p1a: Suicune|192\/404
|
|-heal|p1a: Suicune|217\/404|[from] item: Leftovers
|turn|88
|
|switch|p2a: Mew|Mew|253\/404
|-damage|p2a: Mew|203\/404|[from] Stealth Rock
|move|p1a: Suicune|Scald|p2a: Mew
|-damage|p2a: Mew|142\/404
|-status|p2a: Mew|brn
|-status|p1a: Suicune|brn
|
|-heal|p2a: Mew|167\/404 brn|[from] item: Leftovers
|-heal|p1a: Suicune|242\/404 brn|[from] item: Leftovers
|-damage|p2a: Mew|117\/404 brn|[from] brn
|-damage|p1a: Suicune|192\/404 brn|[from] brn
|turn|89
|
|switch|p1a: Sableye|Sableye, F|4\/304
|move|p2a: Mew|Roost|p2a: Mew
|-heal|p2a: Mew|319\/404 brn
|
|-heal|p2a: Mew|344\/404 brn|[from] item: Leftovers
|-damage|p2a: Mew|294\/404 brn|[from] brn
|turn|90
|
|move|p1a: Sableye|Recover|p1a: Sableye
|-heal|p1a: Sableye|156\/304
|move|p2a: Mew|Will-O-Wisp|p1a: Sableye
|-status|p1a: Sableye|brn
|
|-heal|p2a: Mew|319\/404 brn|[from] item: Leftovers
|-damage|p2a: Mew|269\/404 brn|[from] brn
|-damage|p1a: Sableye|118\/304 brn|[from] brn
|turn|91
|
|switch|p2a: Hydreigon|Hydreigon, F|303\/326
|-damage|p2a: Hydreigon|263\/326|[from] Stealth Rock
|switch|p1a: Umbreon|Umbreon, F|299\/394
|
|turn|92
|
|move|p2a: Hydreigon|Earth Power|p1a: Umbreon
|-damage|p1a: Umbreon|233\/394
|move|p1a: Umbreon|Wish|p1a: Umbreon
|
|turn|93
|
|move|p2a: Hydreigon|Earth Power|p1a: Umbreon
|-damage|p1a: Umbreon|167\/394
|move|p1a: Umbreon|Heal Bell|p1a: Umbreon
|-cureteam|p1a: Umbreon|[from] move: HealBell
|
|-heal|p1a: Umbreon|364\/394|[from] move: Wish|[wisher] Umbreon
|turn|94
|
|move|p2a: Hydreigon|Earth Power|p1a: Umbreon
|-damage|p1a: Umbreon|293\/394
|move|p1a: Umbreon|Wish|p1a: Umbreon
|
|turn|95
|
|switch|p1a: Gligar|Gligar, M|164\/334
|move|p2a: Hydreigon|Earth Power|p1a: Gligar
|-immune|p1a: Gligar|[msg]
|
|-heal|p1a: Gligar|334\/334|[from] move: Wish|[wisher] Umbreon
|turn|96
|
|switch|p2a: Umbreon|Umbreon, M, shiny|322\/394 tox
|-damage|p2a: Umbreon|273\/394 tox|[from] Stealth Rock
|move|p1a: Gligar|Substitute|p1a: Gligar
|-start|p1a: Gligar|Substitute
|-damage|p1a: Gligar|251\/334
|
|-heal|p2a: Umbreon|297\/394 tox|[from] item: Leftovers
|-damage|p2a: Umbreon|273\/394 tox|[from] psn
|turn|97
|
|move|p1a: Gligar|Aerial Ace|p2a: Umbreon
|-damage|p2a: Umbreon|221\/394 tox
|move|p2a: Umbreon|Heal Bell|p2a: Umbreon
|-cureteam|p2a: Umbreon|[from] move: HealBell
|
|-heal|p2a: Umbreon|245\/394|[from] item: Leftovers
|turn|98
|
|switch|p2a: Snorlax|Snorlax, F|478\/478
|-damage|p2a: Snorlax|419\/478|[from] Stealth Rock
|move|p1a: Gligar|Toxic|p2a: Snorlax
|-status|p2a: Snorlax|tox
|
|-heal|p2a: Snorlax|448\/478 tox|[from] item: Leftovers
|-damage|p2a: Snorlax|419\/478 tox|[from] psn
|turn|99
|
|switch|p1a: Sableye|Sableye, F|118\/304
|move|p2a: Snorlax|Curse|p2a: Snorlax
|-boost|p2a: Snorlax|atk|1
|-boost|p2a: Snorlax|def|1
|-unboost|p2a: Snorlax|spe|1
|
|-heal|p2a: Snorlax|448\/478 tox|[from] item: Leftovers
|-damage|p2a: Snorlax|390\/478 tox|[from] psn
|turn|100
|join|Hlaalu
|
|switch|p2a: Umbreon|Umbreon, M, shiny|245\/394
|-damage|p2a: Umbreon|196\/394|[from] Stealth Rock
|move|p1a: Sableye|Taunt|p2a: Umbreon
|-start|p2a: Umbreon|move: Taunt
|
|-heal|p2a: Umbreon|220\/394|[from] item: Leftovers
|turn|101
|chat|Hlaalu|Oh, wow
|
|move|p1a: Sableye|Recover|p1a: Sableye
|-heal|p1a: Sableye|270\/304
|move|p2a: Umbreon|Foul Play|p1a: Sableye
|-damage|p1a: Sableye|203\/304
|
|-heal|p2a: Umbreon|244\/394|[from] item: Leftovers
|turn|102
|chat|TNBM|i know right
|
|move|p2a: Umbreon|Foul Play|p1a: Sableye
|-damage|p1a: Sableye|134\/304
|move|p1a: Sableye|Night Shade|p2a: Umbreon
|-damage|p2a: Umbreon|144\/394
|
|-heal|p2a: Umbreon|168\/394|[from] item: Leftovers
|turn|103
|
|move|p1a: Sableye|Will-O-Wisp|p2a: Umbreon
|-status|p2a: Umbreon|brn
|-status|p1a: Sableye|brn
|move|p2a: Umbreon|Foul Play|p1a: Sableye
|-damage|p1a: Sableye|98\/304 brn
|
|-heal|p2a: Umbreon|192\/394 brn|[from] item: Leftovers
|-damage|p2a: Umbreon|143\/394 brn|[from] brn
|-damage|p1a: Sableye|60\/304 brn|[from] brn
|-end|p2a: Umbreon|move: Taunt
|turn|104
|
|move|p1a: Sableye|Recover|p1a: Sableye
|-heal|p1a: Sableye|212\/304 brn
|move|p2a: Umbreon|Wish|p2a: Umbreon
|
|-heal|p2a: Umbreon|167\/394 brn|[from] item: Leftovers
|-damage|p2a: Umbreon|118\/394 brn|[from] brn
|-damage|p1a: Sableye|174\/304 brn|[from] brn
|turn|105
|
|switch|p2a: Victini|Victini|88\/342
|-damage|p2a: Victini|3\/342|[from] Stealth Rock
|move|p1a: Sableye|Taunt|p2a: Victini
|-start|p2a: Victini|move: Taunt
|
|-heal|p2a: Victini|200\/342|[from] move: Wish|[wisher] Umbreon
|-damage|p1a: Sableye|136\/304 brn|[from] brn
|turn|106
|
|move|p1a: Sableye|Recover|p1a: Sableye
|-heal|p1a: Sableye|288\/304 brn
|move|p2a: Victini|Bolt Strike|p1a: Sableye
|-damage|p1a: Sableye|164\/304 brn
|
|-damage|p1a: Sableye|126\/304 brn|[from] brn
|turn|107
|
|switch|p2a: Umbreon|Umbreon, M, shiny|118\/394 brn
|-damage|p2a: Umbreon|69\/394 brn|[from] Stealth Rock
|switch|p1a: Gligar|Gligar, M|251\/334
|
|-heal|p2a: Umbreon|93\/394 brn|[from] item: Leftovers
|-damage|p2a: Umbreon|44\/394 brn|[from] brn
|turn|108
|
|move|p1a: Gligar|Aerial Ace|p2a: Umbreon
|-damage|p2a: Umbreon|0 fnt
|faint|p2a: Umbreon
|
|
|switch|p2a: Mew|Mew|269\/404
|-damage|p2a: Mew|219\/404|[from] Stealth Rock
|turn|109
|
|move|p2a: Mew|Will-O-Wisp|p1a: Gligar
|-status|p1a: Gligar|brn
|move|p1a: Gligar|Toxic|p2a: Mew
|-status|p2a: Mew|tox
|
|-heal|p2a: Mew|244\/404 tox|[from] item: Leftovers
|-damage|p2a: Mew|219\/404 tox|[from] psn
|-damage|p1a: Gligar|210\/334 brn|[from] brn
|turn|110
|
|switch|p1a: Umbreon|Umbreon, F|293\/394
|move|p2a: Mew|Defog|p1a: Umbreon
|-unboost|p1a: Umbreon|evasion|1
|-sideend|p2: tuRkizzle|Stealth Rock|[from] move: Defog|[of] p2a: Mew
|
|-heal|p2a: Mew|244\/404 tox|[from] item: Leftovers
|-damage|p2a: Mew|194\/404 tox|[from] psn
|turn|111
|
|switch|p2a: Victini|Victini|200\/342
|move|p1a: Umbreon|Payback|p2a: Victini
|-supereffective|p2a: Victini
|-damage|p2a: Victini|110\/342
|
|turn|112
|
|move|p1a: Umbreon|Protect|p1a: Umbreon
|-singleturn|p1a: Umbreon|Protect
|move|p2a: Victini|Will-O-Wisp|p1a: Umbreon
|-activate|p1a: Umbreon|Protect
|
|turn|113
|
|move|p2a: Victini|Will-O-Wisp|p1a: Umbreon
|-status|p1a: Umbreon|brn
|move|p1a: Umbreon|Payback|p2a: Victini
|-supereffective|p2a: Victini
|-damage|p2a: Victini|24\/342
|
|-damage|p1a: Umbreon|244\/394 brn|[from] brn
|turn|114
|
|switch|p2a: Hydreigon|Hydreigon, F|263\/326
|move|p1a: Umbreon|Heal Bell|p1a: Umbreon
|-cureteam|p1a: Umbreon|[from] move: HealBell
|
|turn|115
|
|move|p1a: Umbreon|Protect|p1a: Umbreon
|-singleturn|p1a: Umbreon|Protect
|move|p2a: Hydreigon|Draco Meteor|p1a: Umbreon
|-activate|p1a: Umbreon|Protect
|
|turn|116
|
|switch|p1a: Claydol|Claydol|324\/324
|move|p2a: Hydreigon|Draco Meteor|p1a: Claydol
|-damage|p1a: Claydol|120\/324
|-unboost|p2a: Hydreigon|spa|2
|
|turn|117
|
|switch|p1a: Porygon2|Porygon2|257\/374
|-ability|p1a: Porygon2|Levitate|[from] ability: Trace|[of] p2a: Hydreigon
|move|p2a: Hydreigon|Draco Meteor|p1a: Porygon2
|-damage|p1a: Porygon2|176\/374
|-unboost|p2a: Hydreigon|spa|2
|
|turn|118
|
|switch|p2a: Snorlax|Snorlax, F|390\/478 tox
|move|p1a: Porygon2|Recover|p1a: Porygon2
|-heal|p1a: Porygon2|363\/374
|
|-heal|p2a: Snorlax|419\/478 tox|[from] item: Leftovers
|-damage|p2a: Snorlax|390\/478 tox|[from] psn
|turn|119
|
|switch|p1a: Suicune|Suicune|192\/404
|-ability|p1a: Suicune|Pressure
|move|p2a: Snorlax|Body Slam|p1a: Suicune
|-damage|p1a: Suicune|93\/404
|
|-heal|p1a: Suicune|118\/404|[from] item: Leftovers
|-heal|p2a: Snorlax|419\/478 tox|[from] item: Leftovers
|-damage|p2a: Snorlax|361\/478 tox|[from] psn
|turn|120
|
|move|p1a: Suicune|Rest|p1a: Suicune
|-status|p1a: Suicune|slp
|-heal|p1a: Suicune|404\/404 slp|[silent]
|-status|p1a: Suicune|slp|[from] move: Rest
|move|p2a: Snorlax|Body Slam|p1a: Suicune
|-damage|p1a: Suicune|317\/404 slp
|
|-heal|p1a: Suicune|342\/404 slp|[from] item: Leftovers
|-heal|p2a: Snorlax|390\/478 tox|[from] item: Leftovers
|-damage|p2a: Snorlax|303\/478 tox|[from] psn
|turn|121
|
|move|p2a: Snorlax|Curse|p2a: Snorlax
|-boost|p2a: Snorlax|atk|1
|-boost|p2a: Snorlax|def|1
|-unboost|p2a: Snorlax|spe|1
|cant|p1a: Suicune|slp
|
|-heal|p1a: Suicune|367\/404 slp|[from] item: Leftovers
|-heal|p2a: Snorlax|332\/478 tox|[from] item: Leftovers
|-damage|p2a: Snorlax|216\/478 tox|[from] psn
|turn|122
|
|switch|p1a: Porygon2|Porygon2|363\/374
|-ability|p1a: Porygon2|Thick Fat|[from] ability: Trace|[of] p2a: Snorlax
|move|p2a: Snorlax|Rest|p2a: Snorlax
|-status|p2a: Snorlax|slp
|-heal|p2a: Snorlax|478\/478 slp|[silent]
|-status|p2a: Snorlax|slp|[from] move: Rest
|
|turn|123
|
|switch|p1a: Sableye|Sableye, F|126\/304
|cant|p2a: Snorlax|slp
|move|p2a: Snorlax|Sleep Talk|p2a: Snorlax
|move|p2a: Snorlax|Body Slam|p1a: Sableye|[from]Sleep Talk
|-immune|p1a: Sableye|[msg]
|
|turn|124
|leave|Hlaalu
|
|switch|p2a: Victini|Victini|24\/342
|move|p1a: Sableye|Night Shade|p2a: Victini
|-damage|p2a: Victini|0 fnt
|faint|p2a: Victini
|
|
|switch|p2a: Hydreigon|Hydreigon, F|263\/326
|turn|125
|
|move|p1a: Sableye|Recover|p1a: Sableye
|-heal|p1a: Sableye|278\/304
|move|p2a: Hydreigon|Dark Pulse|p1a: Sableye
|-damage|p1a: Sableye|103\/304
|
|turn|126
|
|switch|p1a: Porygon2|Porygon2|363\/374
|-ability|p1a: Porygon2|Levitate|[from] ability: Trace|[of] p2a: Hydreigon
|move|p2a: Hydreigon|Dark Pulse|p1a: Porygon2
|-damage|p1a: Porygon2|261\/374
|
|turn|127
|
|switch|p2a: Snorlax|Snorlax, F|478\/478 slp
|move|p1a: Porygon2|Ice Beam|p2a: Snorlax
|-damage|p2a: Snorlax|454\/478 slp
|
|-heal|p2a: Snorlax|478\/478 slp|[from] item: Leftovers
|turn|128
|
|switch|p1a: Sableye|Sableye, F|103\/304
|cant|p2a: Snorlax|slp
|move|p2a: Snorlax|Sleep Talk|p2a: Snorlax
|move|p2a: Snorlax|Curse|p2a: Snorlax|[from]Sleep Talk
|-boost|p2a: Snorlax|atk|1
|-boost|p2a: Snorlax|def|1
|-unboost|p2a: Snorlax|spe|1
|
|turn|129
|
|switch|p2a: Mew|Mew|194\/404 tox
|move|p1a: Sableye|Taunt|p2a: Mew
|-start|p2a: Mew|move: Taunt
|
|-heal|p2a: Mew|219\/404 tox|[from] item: Leftovers
|-damage|p2a: Mew|194\/404 tox|[from] psn
|turn|130
|
|switch|p2a: Hydreigon|Hydreigon, F|263\/326
|move|p1a: Sableye|Recover|p1a: Sableye
|-heal|p1a: Sableye|255\/304
|
|turn|131
|
|move|p2a: Hydreigon|Draco Meteor|p1a: Sableye
|-damage|p1a: Sableye|0 fnt
|-unboost|p2a: Hydreigon|spa|2
|faint|p1a: Sableye
|
|chat|tuRkizzle|finally
|
|switch|p1a: Umbreon|Umbreon, F|244\/394
|turn|132
|
|switch|p2a: Mew|Mew|194\/404 tox
|move|p1a: Umbreon|Payback|p2a: Mew
|-crit|p2a: Mew
|-supereffective|p2a: Mew
|-damage|p2a: Mew|68\/404 tox
|
|-heal|p2a: Mew|93\/404 tox|[from] item: Leftovers
|-damage|p2a: Mew|68\/404 tox|[from] psn
|turn|133
|
|move|p2a: Mew|Will-O-Wisp|p1a: Umbreon|[miss]
|-miss|p2a: Mew|p1a: Umbreon
|move|p1a: Umbreon|Payback|p2a: Mew
|-supereffective|p2a: Mew
|-damage|p2a: Mew|0 fnt
|faint|p2a: Mew
|
|
|switch|p2a: Hydreigon|Hydreigon, F|263\/326
|turn|134
|
|move|p1a: Umbreon|Protect|p1a: Umbreon
|-singleturn|p1a: Umbreon|Protect
|move|p2a: Hydreigon|Draco Meteor|p1a: Umbreon
|-activate|p1a: Umbreon|Protect
|
|turn|135
|
|move|p2a: Hydreigon|Draco Meteor|p1a: Umbreon|[miss]
|-miss|p2a: Hydreigon|p1a: Umbreon
|move|p1a: Umbreon|Wish|p1a: Umbreon
|
|turn|136
|
|move|p2a: Hydreigon|Draco Meteor|p1a: Umbreon
|-damage|p1a: Umbreon|81\/394
|-unboost|p2a: Hydreigon|spa|2
|move|p1a: Umbreon|Heal Bell|p1a: Umbreon
|-cureteam|p1a: Umbreon|[from] move: HealBell
|
|-heal|p1a: Umbreon|278\/394|[from] move: Wish|[wisher] Umbreon
|turn|137
|
|switch|p2a: Snorlax|Snorlax, F|478\/478 slp
|switch|p1a: Claydol|Claydol|120\/324
|
|turn|138
|
|move|p1a: Claydol|Stealth Rock|p2a: Snorlax
|-sidestart|p2: tuRkizzle|move: Stealth Rock
|-curestatus|p2a: Snorlax|slp
|move|p2a: Snorlax|Curse|p2a: Snorlax
|-boost|p2a: Snorlax|atk|1
|-boost|p2a: Snorlax|def|1
|-unboost|p2a: Snorlax|spe|1
|
|turn|139
|
|move|p1a: Claydol|Toxic|p2a: Snorlax
|-status|p2a: Snorlax|tox
|move|p2a: Snorlax|Body Slam|p1a: Claydol
|-damage|p1a: Claydol|15\/324
|
|-damage|p2a: Snorlax|449\/478 tox|[from] psn
|turn|140
|
|switch|p1a: Suicune|Suicune|367\/404
|-ability|p1a: Suicune|Pressure
|move|p2a: Snorlax|Body Slam|p1a: Suicune
|-damage|p1a: Suicune|235\/404
|-status|p1a: Suicune|par
|
|-heal|p2a: Snorlax|478\/478 tox|[from] item: Leftovers
|-heal|p1a: Suicune|260\/404 par|[from] item: Leftovers
|-damage|p2a: Snorlax|420\/478 tox|[from] psn
|turn|141
|
|move|p2a: Snorlax|Body Slam|p1a: Suicune
|-damage|p1a: Suicune|115\/404 par
|move|p1a: Suicune|Roar|p2a: Snorlax
|drag|p2a: Hydreigon|Hydreigon, F|263\/326
|-damage|p2a: Hydreigon|223\/326|[from] Stealth Rock
|
|-heal|p1a: Suicune|140\/404 par|[from] item: Leftovers
|turn|142
|
|switch|p1a: Claydol|Claydol|15\/324
|move|p2a: Hydreigon|Dark Pulse|p1a: Claydol
|-crit|p1a: Claydol
|-supereffective|p1a: Claydol
|-damage|p1a: Claydol|0 fnt
|faint|p1a: Claydol
|
|
|switch|p1a: Umbreon|Umbreon, F|278\/394
|turn|143
|
|switch|p2a: Snorlax|Snorlax, F|420\/478 tox
|-damage|p2a: Snorlax|361\/478 tox|[from] Stealth Rock
|move|p1a: Umbreon|Wish|p1a: Umbreon
|
|-heal|p2a: Snorlax|390\/478 tox|[from] item: Leftovers
|-damage|p2a: Snorlax|361\/478 tox|[from] psn
|turn|144
|
|move|p1a: Umbreon|Payback|p2a: Snorlax
|-damage|p2a: Snorlax|310\/478 tox
|move|p2a: Snorlax|Curse|p2a: Snorlax
|-boost|p2a: Snorlax|atk|1
|-boost|p2a: Snorlax|def|1
|-unboost|p2a: Snorlax|spe|1
|
|-heal|p1a: Umbreon|394\/394|[from] move: Wish|[wisher] Umbreon
|-heal|p2a: Snorlax|339\/478 tox|[from] item: Leftovers
|-damage|p2a: Snorlax|281\/478 tox|[from] psn
|turn|145
|
|move|p1a: Umbreon|Heal Bell|p1a: Umbreon
|-cureteam|p1a: Umbreon|[from] move: HealBell
|move|p2a: Snorlax|Rest|p2a: Snorlax
|-status|p2a: Snorlax|slp
|-heal|p2a: Snorlax|478\/478 slp|[silent]
|-status|p2a: Snorlax|slp|[from] move: Rest
|
|turn|146
|chat|tuRkizzle|seriously but what a game
|
|switch|p1a: Gligar|Gligar, M|210\/334
|cant|p2a: Snorlax|slp
|move|p2a: Snorlax|Sleep Talk|p2a: Snorlax
|move|p2a: Snorlax|Body Slam|p1a: Gligar|[from]Sleep Talk
|-damage|p1a: Gligar|98\/334
|-status|p1a: Gligar|par
|
|turn|147
|chat|TNBM|Yeah
|
|switch|p1a: Suicune|Suicune|140\/404
|-ability|p1a: Suicune|Pressure
|cant|p2a: Snorlax|slp
|move|p2a: Snorlax|Sleep Talk|p2a: Snorlax
|move|p2a: Snorlax|Curse|p2a: Snorlax|[from]Sleep Talk
|-boost|p2a: Snorlax|atk|1
|-boost|p2a: Snorlax|def|1
|-unboost|p2a: Snorlax|spe|1
|
|-heal|p1a: Suicune|165\/404|[from] item: Leftovers
|turn|148
|
|move|p1a: Suicune|Rest|p1a: Suicune
|-status|p1a: Suicune|slp
|-heal|p1a: Suicune|404\/404 slp|[silent]
|-status|p1a: Suicune|slp|[from] move: Rest
|-curestatus|p2a: Snorlax|slp
|move|p2a: Snorlax|Body Slam|p1a: Suicune
|-damage|p1a: Suicune|227\/404 slp
|
|-heal|p1a: Suicune|252\/404 slp|[from] item: Leftovers
|turn|149
|
|cant|p1a: Suicune|slp
|move|p1a: Suicune|Sleep Talk|p1a: Suicune
|move|p1a: Suicune|Scald|p2a: Snorlax|[from]Sleep Talk
|-damage|p2a: Snorlax|423\/478
|move|p2a: Snorlax|Body Slam|p1a: Suicune
|-damage|p1a: Suicune|84\/404 slp
|
|-heal|p1a: Suicune|109\/404 slp|[from] item: Leftovers
|-heal|p2a: Snorlax|452\/478|[from] item: Leftovers
|turn|150
|
|cant|p1a: Suicune|slp
|move|p1a: Suicune|Sleep Talk|p1a: Suicune
|move|p1a: Suicune|Scald|p2a: Snorlax|[from]Sleep Talk
|-damage|p2a: Snorlax|392\/478
|-status|p2a: Snorlax|brn
|move|p2a: Snorlax|Body Slam|p1a: Suicune
|-damage|p1a: Suicune|24\/404 slp
|
|-heal|p1a: Suicune|49\/404 slp|[from] item: Leftovers
|-heal|p2a: Snorlax|421\/478 brn|[from] item: Leftovers
|-damage|p2a: Snorlax|362\/478 brn|[from] brn
|turn|151
|chat|tuRkizzle|wow
|chat|TNBM|Had to get either burn og roar
|
|-curestatus|p1a: Suicune|slp
|move|p1a: Suicune|Rest|p1a: Suicune
|-status|p1a: Suicune|slp
|-heal|p1a: Suicune|404\/404 slp|[silent]
|-status|p1a: Suicune|slp|[from] move: Rest
|move|p2a: Snorlax|Curse|p2a: Snorlax
|-boost|p2a: Snorlax|atk|1
|-boost|p2a: Snorlax|def|1
|-unboost|p2a: Snorlax|spe|1
|
|-heal|p2a: Snorlax|391\/478 brn|[from] item: Leftovers
|-damage|p2a: Snorlax|332\/478 brn|[from] brn
|turn|152
|
|cant|p1a: Suicune|slp
|move|p1a: Suicune|Sleep Talk|p1a: Suicune
|move|p1a: Suicune|Scald|p2a: Snorlax|[from]Sleep Talk
|-damage|p2a: Snorlax|278\/478 brn
|move|p2a: Snorlax|Rest|p2a: Snorlax
|-status|p2a: Snorlax|slp
|-heal|p2a: Snorlax|478\/478 slp|[silent]
|-status|p2a: Snorlax|slp|[from] move: Rest
|
|turn|153
|
|cant|p1a: Suicune|slp
|move|p1a: Suicune|Sleep Talk|p1a: Suicune
|move|p1a: Suicune|Rest|p1a: Suicune|[from]Sleep Talk
|-fail|p1a: Suicune
|cant|p2a: Snorlax|slp
|move|p2a: Snorlax|Sleep Talk|p2a: Snorlax
|move|p2a: Snorlax|Curse|p2a: Snorlax|[from]Sleep Talk
|-boost|p2a: Snorlax|atk|1
|-boost|p2a: Snorlax|def|1
|-unboost|p2a: Snorlax|spe|1
|
|turn|154
|
|-curestatus|p1a: Suicune|slp
|move|p1a: Suicune|Sleep Talk|p1a: Suicune
|-fail|p1a: Suicune
|cant|p2a: Snorlax|slp
|move|p2a: Snorlax|Sleep Talk|p2a: Snorlax
|move|p2a: Snorlax|Rest|p2a: Snorlax|[from]Sleep Talk
|-fail|p2a: Snorlax
|
|turn|155
|
|-curestatus|p2a: Snorlax|slp
|move|p2a: Snorlax|Body Slam|p1a: Suicune
|-damage|p1a: Suicune|121\/404
|move|p1a: Suicune|Roar|p2a: Snorlax
|drag|p2a: Hydreigon|Hydreigon, F|223\/326
|-damage|p2a: Hydreigon|183\/326|[from] Stealth Rock
|
|-heal|p1a: Suicune|146\/404|[from] item: Leftovers
|turn|156
|
|switch|p2a: Snorlax|Snorlax, F|478\/478
|-damage|p2a: Snorlax|419\/478|[from] Stealth Rock
|switch|p1a: Umbreon|Umbreon, F|394\/394
|
|-heal|p2a: Snorlax|448\/478|[from] item: Leftovers
|turn|157
|
|move|p1a: Umbreon|Wish|p1a: Umbreon
|move|p2a: Snorlax|Curse|p2a: Snorlax
|-boost|p2a: Snorlax|atk|1
|-boost|p2a: Snorlax|def|1
|-unboost|p2a: Snorlax|spe|1
|
|-heal|p2a: Snorlax|477\/478|[from] item: Leftovers
|turn|158
|
|switch|p1a: Suicune|Suicune|146\/404
|-ability|p1a: Suicune|Pressure
|move|p2a: Snorlax|Body Slam|p1a: Suicune
|-damage|p1a: Suicune|8\/404
|
|-heal|p1a: Suicune|205\/404|[from] move: Wish|[wisher] Umbreon
|-heal|p1a: Suicune|230\/404|[from] item: Leftovers
|-heal|p2a: Snorlax|478\/478|[from] item: Leftovers
|turn|159
|
|move|p2a: Snorlax|Body Slam|p1a: Suicune
|-damage|p1a: Suicune|98\/404
|move|p1a: Suicune|Roar|p2a: Snorlax
|drag|p2a: Hydreigon|Hydreigon, F|183\/326
|-damage|p2a: Hydreigon|143\/326|[from] Stealth Rock
|
|-heal|p1a: Suicune|123\/404|[from] item: Leftovers
|turn|160
|
|switch|p1a: Umbreon|Umbreon, F|394\/394
|move|p2a: Hydreigon|Draco Meteor|p1a: Umbreon|[miss]
|-miss|p2a: Hydreigon|p1a: Umbreon
|
|turn|161
|
|switch|p1a: Suicune|Suicune|123\/404
|-ability|p1a: Suicune|Pressure
|-activate|p2a: Hydreigon|move: Struggle
|move|p2a: Hydreigon|Struggle|p1a: Suicune
|-crit|p1a: Suicune
|-damage|p1a: Suicune|73\/404
|-damage|p2a: Hydreigon|62\/326
|
|-heal|p1a: Suicune|98\/404|[from] item: Leftovers
|turn|162
|
|-activate|p2a: Hydreigon|move: Struggle
|move|p2a: Hydreigon|Struggle|p1a: Suicune
|-damage|p1a: Suicune|66\/404
|-damage|p2a: Hydreigon|0 fnt
|faint|p2a: Hydreigon
|move|p1a: Suicune|Rest|p1a: Suicune
|-status|p1a: Suicune|slp
|-heal|p1a: Suicune|404\/404 slp|[silent]
|-status|p1a: Suicune|slp|[from] move: Rest
|
|
|switch|p2a: Snorlax|Snorlax, F|478\/478
|-damage|p2a: Snorlax|419\/478|[from] Stealth Rock
|turn|163
|chat|tuRkizzle|reckon we will hit 200 turns?
|chat|TNBM|190+
|
|switch|p1a: Umbreon|Umbreon, F|394\/394
|move|p2a: Snorlax|Curse|p2a: Snorlax
|-boost|p2a: Snorlax|atk|1
|-boost|p2a: Snorlax|def|1
|-unboost|p2a: Snorlax|spe|1
|
|-heal|p2a: Snorlax|448\/478|[from] item: Leftovers
|turn|164
|
|move|p1a: Umbreon|Heal Bell|p1a: Umbreon
|-cureteam|p1a: Umbreon|[from] move: HealBell
|move|p2a: Snorlax|Curse|p2a: Snorlax
|-boost|p2a: Snorlax|atk|1
|-boost|p2a: Snorlax|def|1
|-unboost|p2a: Snorlax|spe|1
|
|-heal|p2a: Snorlax|477\/478|[from] item: Leftovers
|turn|165
|
|move|p1a: Umbreon|Wish|p1a: Umbreon
|move|p2a: Snorlax|Curse|p2a: Snorlax
|-boost|p2a: Snorlax|atk|1
|-boost|p2a: Snorlax|def|1
|-unboost|p2a: Snorlax|spe|1
|
|-heal|p2a: Snorlax|478\/478|[from] item: Leftovers
|turn|166
|
|switch|p1a: Porygon2|Porygon2|261\/374
|-ability|p1a: Porygon2|Thick Fat|[from] ability: Trace|[of] p2a: Snorlax
|move|p2a: Snorlax|Curse|p2a: Snorlax
|-boost|p2a: Snorlax|atk|1
|-boost|p2a: Snorlax|def|1
|-unboost|p2a: Snorlax|spe|1
|
|-heal|p1a: Porygon2|374\/374|[from] move: Wish|[wisher] Umbreon
|turn|167
|
|move|p1a: Porygon2|Toxic|p2a: Snorlax
|-status|p2a: Snorlax|tox
|move|p2a: Snorlax|Curse|p2a: Snorlax
|-boost|p2a: Snorlax|atk|1
|-boost|p2a: Snorlax|def|1
|-unboost|p2a: Snorlax|spe|1
|
|-damage|p2a: Snorlax|449\/478 tox|[from] psn
|turn|168
|
|move|p1a: Porygon2|Discharge|p2a: Snorlax
|-damage|p2a: Snorlax|402\/478 tox
|move|p2a: Snorlax|Rest|p2a: Snorlax
|-status|p2a: Snorlax|slp
|-heal|p2a: Snorlax|478\/478 slp|[silent]
|-status|p2a: Snorlax|slp|[from] move: Rest
|
|turn|169
|
|switch|p1a: Gligar|Gligar, M|98\/334
|cant|p2a: Snorlax|slp
|move|p2a: Snorlax|Sleep Talk|p2a: Snorlax
|move|p2a: Snorlax|Rest|p2a: Snorlax|[from]Sleep Talk
|-fail|p2a: Snorlax
|
|turn|170
|
|move|p1a: Gligar|Substitute|p1a: Gligar
|-start|p1a: Gligar|Substitute
|-damage|p1a: Gligar|15\/334
|cant|p2a: Snorlax|slp
|move|p2a: Snorlax|Sleep Talk|p2a: Snorlax
|move|p2a: Snorlax|Curse|p2a: Snorlax|[from]Sleep Talk
|-boost|p2a: Snorlax|atk|1
|-boost|p2a: Snorlax|def|1
|-unboost|p2a: Snorlax|spe|1
|
|turn|171
|
|move|p1a: Gligar|Roost|p1a: Gligar
|-heal|p1a: Gligar|182\/334
|-curestatus|p2a: Snorlax|slp
|move|p2a: Snorlax|Rest|p2a: Snorlax
|-fail|p2a: Snorlax
|
|turn|172
|
|move|p1a: Gligar|Toxic|p2a: Snorlax
|-status|p2a: Snorlax|tox
|move|p2a: Snorlax|Sleep Talk|p2a: Snorlax
|-fail|p2a: Snorlax
|
|-damage|p2a: Snorlax|449\/478 tox|[from] psn
|turn|173
|
|move|p1a: Gligar|Roost|p1a: Gligar
|-heal|p1a: Gligar|334\/334
|move|p2a: Snorlax|Sleep Talk|p2a: Snorlax
|-fail|p2a: Snorlax
|
|-heal|p2a: Snorlax|478\/478 tox|[from] item: Leftovers
|-damage|p2a: Snorlax|420\/478 tox|[from] psn
|turn|174
|
|move|p1a: Gligar|Aerial Ace|p2a: Snorlax
|-damage|p2a: Snorlax|401\/478 tox
|move|p2a: Snorlax|Rest|p2a: Snorlax
|-status|p2a: Snorlax|slp
|-heal|p2a: Snorlax|478\/478 slp|[silent]
|-status|p2a: Snorlax|slp|[from] move: Rest
|
|turn|175
|
|switch|p1a: Suicune|Suicune|404\/404
|-ability|p1a: Suicune|Pressure
|cant|p2a: Snorlax|slp
|move|p2a: Snorlax|Sleep Talk|p2a: Snorlax
|move|p2a: Snorlax|Rest|p2a: Snorlax|[from]Sleep Talk
|-fail|p2a: Snorlax
|
|turn|176
|
|move|p1a: Suicune|Scald|p2a: Snorlax
|-crit|p2a: Snorlax
|-damage|p2a: Snorlax|396\/478 slp
|cant|p2a: Snorlax|slp
|move|p2a: Snorlax|Sleep Talk|p2a: Snorlax
|move|p2a: Snorlax|Curse|p2a: Snorlax|[from]Sleep Talk
|
|-heal|p2a: Snorlax|425\/478 slp|[from] item: Leftovers
|turn|177
|
|move|p1a: Suicune|Scald|p2a: Snorlax
|-damage|p2a: Snorlax|367\/478 slp
|-curestatus|p2a: Snorlax|slp
|move|p2a: Snorlax|Body Slam|p1a: Suicune
|-damage|p1a: Suicune|19\/404
|-status|p1a: Suicune|par
|
|-heal|p1a: Suicune|44\/404 par|[from] item: Leftovers
|-heal|p2a: Snorlax|396\/478|[from] item: Leftovers
|turn|178
|
|move|p1a: Suicune|Rest|p1a: Suicune
|-status|p1a: Suicune|slp
|-heal|p1a: Suicune|404\/404 slp|[silent]
|-status|p1a: Suicune|slp|[from] move: Rest
|move|p2a: Snorlax|Rest|p2a: Snorlax
|-status|p2a: Snorlax|slp
|-heal|p2a: Snorlax|478\/478 slp|[silent]
|-status|p2a: Snorlax|slp|[from] move: Rest
|
|turn|179
|
|cant|p1a: Suicune|slp
|move|p1a: Suicune|Sleep Talk|p1a: Suicune
|move|p1a: Suicune|Rest|p1a: Suicune|[from]Sleep Talk
|-fail|p1a: Suicune
|cant|p2a: Snorlax|slp
|move|p2a: Snorlax|Sleep Talk|p2a: Snorlax
|move|p2a: Snorlax|Body Slam|p1a: Suicune|[from]Sleep Talk
|-crit|p1a: Suicune
|-damage|p1a: Suicune|0 fnt
|faint|p1a: Suicune
|
|chat|TNBM|honestly how much Pp do you have left
|
|switch|p1a: Gligar|Gligar, M|334\/334
|turn|180
|
|move|p1a: Gligar|Substitute|p1a: Gligar
|-start|p1a: Gligar|Substitute
|-damage|p1a: Gligar|251\/334
|cant|p2a: Snorlax|slp
|
|turn|181
|chat|tuRkizzle|how many toxics do you have?
|chat|tuRkizzle|ill tell you how many rests i have
|
|move|p1a: Gligar|Aerial Ace|p2a: Snorlax
|-damage|p2a: Snorlax|460\/478 slp
|-curestatus|p2a: Snorlax|slp
|move|p2a: Snorlax|Sleep Talk|p2a: Snorlax
|-fail|p2a: Snorlax
|
|-heal|p2a: Snorlax|478\/478|[from] item: Leftovers
|turn|182
|chat|TNBM|you answer mine first and ill answer yours
|
|move|p1a: Gligar|Toxic|p2a: Snorlax
|-status|p2a: Snorlax|tox
|move|p2a: Snorlax|Rest|p2a: Snorlax
|-fail|p2a: Snorlax
|
|-damage|p2a: Snorlax|449\/478 tox|[from] psn
|turn|183
|chat|tuRkizzle|7
|chat|TNBM|I got more than that with gligar and P2 knowing toxic
|
|move|p1a: Gligar|Aerial Ace|p2a: Snorlax
|-crit|p2a: Snorlax
|-damage|p2a: Snorlax|362\/478 tox
|move|p2a: Snorlax|Rest|p2a: Snorlax
|-status|p2a: Snorlax|slp
|-heal|p2a: Snorlax|478\/478 slp|[silent]
|-status|p2a: Snorlax|slp|[from] move: Rest
|
|turn|184
|chat|tuRkizzle|so gg then
|chat|tuRkizzle|but i want to see the end
|chat|TNBM|kk
|
|move|p1a: Gligar|Aerial Ace|p2a: Snorlax
|-damage|p2a: Snorlax|462\/478 slp
|cant|p2a: Snorlax|slp
|
|-heal|p2a: Snorlax|478\/478 slp|[from] item: Leftovers
|turn|185
|
|move|p1a: Gligar|Aerial Ace|p2a: Snorlax
|-damage|p2a: Snorlax|462\/478 slp
|cant|p2a: Snorlax|slp
|
|-heal|p2a: Snorlax|478\/478 slp|[from] item: Leftovers
|turn|186
|
|move|p1a: Gligar|Aerial Ace|p2a: Snorlax
|-damage|p2a: Snorlax|459\/478 slp
|-curestatus|p2a: Snorlax|slp
|move|p2a: Snorlax|Rest|p2a: Snorlax
|-status|p2a: Snorlax|slp
|-heal|p2a: Snorlax|478\/478 slp|[silent]
|-status|p2a: Snorlax|slp|[from] move: Rest
|
|turn|187
|chat|tuRkizzle|how many aerial aces?
|chat|TNBM|18
|
|move|p1a: Gligar|Aerial Ace|p2a: Snorlax
|-damage|p2a: Snorlax|462\/478 slp
|cant|p2a: Snorlax|slp
|
|-heal|p2a: Snorlax|478\/478 slp|[from] item: Leftovers
|turn|188
|chat|tuRkizzle|we gon be here a while
|chat|tuRkizzle|200 plus
|
|move|p1a: Gligar|Aerial Ace|p2a: Snorlax
|-damage|p2a: Snorlax|462\/478 slp
|cant|p2a: Snorlax|slp
|
|-heal|p2a: Snorlax|478\/478 slp|[from] item: Leftovers
|turn|189
|
|move|p1a: Gligar|Substitute|p1a: Gligar
|-fail|p1a: Gligar|move: Substitute
|-curestatus|p2a: Snorlax|slp
|move|p2a: Snorlax|Rest|p2a: Snorlax
|-fail|p2a: Snorlax
|
|turn|190
|chat|TNBM|You have 4-5 rests and what else
|
|move|p1a: Gligar|Toxic|p2a: Snorlax
|-status|p2a: Snorlax|tox
|move|p2a: Snorlax|Rest|p2a: Snorlax
|-fail|p2a: Snorlax
|
|-damage|p2a: Snorlax|449\/478 tox|[from] psn
|turn|191
|chat|tuRkizzle|thats it
|chat|TNBM|But you said we would stay here a while
|
|move|p1a: Gligar|Aerial Ace|p2a: Snorlax
|-damage|p2a: Snorlax|431\/478 tox
|move|p2a: Snorlax|Rest|p2a: Snorlax
|-status|p2a: Snorlax|slp
|-heal|p2a: Snorlax|478\/478 slp|[silent]
|-status|p2a: Snorlax|slp|[from] move: Rest
|
|turn|192
|chat|tuRkizzle|3 left, but they last 2 turns each
|chat|TNBM|Thank god for pressure suicune
|
|move|p1a: Gligar|Aerial Ace|p2a: Snorlax
|-damage|p2a: Snorlax|460\/478 slp
|cant|p2a: Snorlax|slp
|
|-heal|p2a: Snorlax|478\/478 slp|[from] item: Leftovers
|turn|193
|
|move|p1a: Gligar|Aerial Ace|p2a: Snorlax
|-damage|p2a: Snorlax|460\/478 slp
|cant|p2a: Snorlax|slp
|
|-heal|p2a: Snorlax|478\/478 slp|[from] item: Leftovers
|turn|194
|chat|tuRkizzle|will struggle take you out?
|
|move|p1a: Gligar|Aerial Ace|p2a: Snorlax
|-damage|p2a: Snorlax|460\/478 slp
|-curestatus|p2a: Snorlax|slp
|move|p2a: Snorlax|Rest|p2a: Snorlax
|-status|p2a: Snorlax|slp
|-heal|p2a: Snorlax|478\/478 slp|[silent]
|-status|p2a: Snorlax|slp|[from] move: Rest
|
|turn|195
|chat|TNBM|Thats what I want to see
|chat|TNBM|Its all Im really waiting for
|chat|tuRkizzle|well 1 rest left
|chat|TNBM|I think it will do around half
|
|move|p1a: Gligar|Aerial Ace|p2a: Snorlax
|-damage|p2a: Snorlax|460\/478 slp
|cant|p2a: Snorlax|slp
|
|-heal|p2a: Snorlax|478\/478 slp|[from] item: Leftovers
|turn|196
|
|move|p1a: Gligar|Substitute|p1a: Gligar
|-fail|p1a: Gligar|move: Substitute
|cant|p2a: Snorlax|slp
|
|turn|197
|
|move|p1a: Gligar|Aerial Ace|p2a: Snorlax
|-damage|p2a: Snorlax|460\/478 slp
|-curestatus|p2a: Snorlax|slp
|move|p2a: Snorlax|Rest|p2a: Snorlax
|-status|p2a: Snorlax|slp
|-heal|p2a: Snorlax|478\/478 slp|[silent]
|-status|p2a: Snorlax|slp|[from] move: Rest
|
|turn|198
|chat|tuRkizzle|told you 200 plus
|
|move|p1a: Gligar|Roost|p1a: Gligar
|-heal|p1a: Gligar|334\/334
|cant|p2a: Snorlax|slp
|
|turn|199
|chat|TNBM|Yeh it be decided on Pp
|chat|TNBM|didnt think youd still have PP by R200
|
|move|p1a: Gligar|Substitute|p1a: Gligar
|-fail|p1a: Gligar|move: Substitute
|cant|p2a: Snorlax|slp
|
|turn|200
|
|move|p1a: Gligar|Aerial Ace|p2a: Snorlax
|-damage|p2a: Snorlax|462\/478 slp
|-curestatus|p2a: Snorlax|slp
|-activate|p2a: Snorlax|move: Struggle
|move|p2a: Snorlax|Struggle|p1a: Gligar
|-end|p1a: Gligar|Substitute
|-damage|p2a: Snorlax|343\/478
|
|-heal|p2a: Snorlax|372\/478|[from] item: Leftovers
|turn|201
|chat|tuRkizzle|dont think anyone would have thought
|
|move|p1a: Gligar|Toxic|p2a: Snorlax
|-status|p2a: Snorlax|tox
|-activate|p2a: Snorlax|move: Struggle
|move|p2a: Snorlax|Struggle|p1a: Gligar
|-damage|p1a: Gligar|208\/334
|-damage|p2a: Snorlax|253\/478 tox
|
|-heal|p2a: Snorlax|282\/478 tox|[from] item: Leftovers
|-damage|p2a: Snorlax|253\/478 tox|[from] psn
|turn|202
|chat|tuRkizzle|its done
|
|move|p1a: Gligar|Roost|p1a: Gligar
|-heal|p1a: Gligar|334\/334
|-activate|p2a: Snorlax|move: Struggle
|move|p2a: Snorlax|Struggle|p1a: Gligar
|-damage|p1a: Gligar|213\/334
|-damage|p2a: Snorlax|134\/478 tox
|
|-heal|p2a: Snorlax|163\/478 tox|[from] item: Leftovers
|-damage|p2a: Snorlax|105\/478 tox|[from] psn
|turn|203
|chat|TNBM|I wanna see it go down
|
|move|p1a: Gligar|Substitute|p1a: Gligar
|-start|p1a: Gligar|Substitute
|-damage|p1a: Gligar|130\/334
|-activate|p2a: Snorlax|move: Struggle
|move|p2a: Snorlax|Struggle|p1a: Gligar
|-end|p1a: Gligar|Substitute
|-damage|p2a: Snorlax|0 fnt
|faint|p2a: Snorlax
|
|win|TNBM
|raw|Ladder updating...
|raw|TNBM's rating: 1158 &rarr; <strong>1186<\/strong><br \/>(+28 for winning)
|raw|tuRkizzle's rating: 1203 &rarr; <strong>1174<\/strong><br \/>(-29 for losing)
|chat|tuRkizzle|wow
|chat|TNBM|GG man
|chat|tuRkizzle|gg
|leave|TNBM
|player|p1
|leave|tuRkizzle
|player|p2
|join|TNBM
|leave|TNBM
|join|TNBM
|leave|TNBM
|join|TNBM
|leave|TNBM
|join|TNBM