|join|tuRkizzle
|join|Crisol
|player|p1|tuRkizzle|115
|player|p2|Crisol|102
|gametype|singles
|gen|6
|tier|UU
|rated
|rule|Sleep Clause Mod: Limit one foe put to sleep
|rule|Species Clause: Limit one of each PokÃ©mon
|rule|OHKO Clause: OHKO moves are banned
|rule|Moody Clause: Moody is banned
|rule|Evasion Moves Clause: Evasion moves are banned
|rule|Endless Battle Clause: Forcing endless battles is banned
|rule|HP Percentage Mod: HP is reported as percentages
|clearpoke
|poke|p1|Lucario, M
|poke|p1|Suicune
|poke|p1|Darmanitan, M
|poke|p1|Tornadus, M
|poke|p1|Hydreigon, F
|poke|p1|Mew
|poke|p2|Scrafty, F
|poke|p2|Suicune
|poke|p2|Bronzong
|poke|p2|Porygon-Z
|poke|p2|Entei, shiny
|poke|p2|Roserade, M
|rule|Swagger Clause: Swagger is banned
|rule|Baton Pass Clause: Limit one PokÃ©mon knowing Baton Pass
|teampreview
|
|start
|switch|p1a: Mew|Mew|404\/404
|switch|p2a: Bronzong|Bronzong|338\/338
|turn|1
|
|move|p1a: Mew|Knock Off|p2a: Bronzong
|-supereffective|p2a: Bronzong
|-damage|p2a: Bronzong|220\/338
|-enditem|p2a: Bronzong|Leftovers|[from] move: Knock Off|[of] p1a: Mew
|move|p2a: Bronzong|Toxic|p1a: Mew|[miss]
|-miss|p2a: Bronzong|p1a: Mew
|
|turn|2
|
|move|p1a: Mew|Will-O-Wisp|p2a: Bronzong
|-status|p2a: Bronzong|brn
|move|p2a: Bronzong|Stealth Rock|p1a: Mew
|-sidestart|p1: tuRkizzle|move: Stealth Rock
|
|-damage|p2a: Bronzong|199\/338 brn|[from] brn
|turn|3
|
|move|p1a: Mew|Defog|p2a: Bronzong
|-unboost|p2a: Bronzong|evasion|1
|-sideend|p1: tuRkizzle|Stealth Rock|[from] move: Defog|[of] p1a: Mew
|move|p2a: Bronzong|Toxic|p1a: Mew|[miss]
|-miss|p2a: Bronzong|p1a: Mew
|
|-damage|p2a: Bronzong|178\/338 brn|[from] brn
|turn|4
|
|move|p1a: Mew|Knock Off|p2a: Bronzong
|-supereffective|p2a: Bronzong
|-damage|p2a: Bronzong|98\/338 brn
|move|p2a: Bronzong|Toxic|p1a: Mew
|-status|p1a: Mew|tox
|
|-damage|p1a: Mew|379\/404 tox|[from] psn
|-damage|p2a: Bronzong|77\/338 brn|[from] brn
|turn|5
|
|move|p1a: Mew|Knock Off|p2a: Bronzong
|-supereffective|p2a: Bronzong
|-damage|p2a: Bronzong|5\/338 brn
|move|p2a: Bronzong|Stealth Rock|p1a: Mew
|-sidestart|p1: tuRkizzle|move: Stealth Rock
|
|-heal|p1a: Mew|404\/404 tox|[from] item: Leftovers
|-damage|p1a: Mew|354\/404 tox|[from] psn
|-damage|p2a: Bronzong|0 fnt|[from] brn
|faint|p2a: Bronzong
|
|switch|p2a: Scrafty|Scrafty, F|334\/334
|turn|6
|
|move|p1a: Mew|Defog|p2a: Scrafty
|-unboost|p2a: Scrafty|evasion|1
|-sideend|p1: tuRkizzle|Stealth Rock|[from] move: Defog|[of] p1a: Mew
|move|p2a: Scrafty|Knock Off|p1a: Mew
|-supereffective|p1a: Mew
|-damage|p1a: Mew|142\/404 tox
|-enditem|p1a: Mew|Leftovers|[from] move: Knock Off|[of] p2a: Scrafty
|
|-damage|p1a: Mew|67\/404 tox|[from] psn
|turn|7
|
|switch|p1a: Lucario|Lucario, M|281\/281
|move|p2a: Scrafty|Bulk Up|p2a: Scrafty
|-boost|p2a: Scrafty|atk|1
|-boost|p2a: Scrafty|def|1
|
|turn|8
|
|move|p1a: Lucario|Close Combat|p2a: Scrafty
|-supereffective|p2a: Scrafty
|-damage|p2a: Scrafty|53\/334
|-unboost|p1a: Lucario|def|1
|-unboost|p1a: Lucario|spd|1
|-damage|p1a: Lucario|253\/281|[from] item: Life Orb
|move|p2a: Scrafty|Drain Punch|p1a: Lucario
|-supereffective|p1a: Lucario
|-damage|p1a: Lucario|0 fnt
|-heal|p2a: Scrafty|180\/334|[from] drain|[of] p1a: Lucario
|faint|p1a: Lucario
|
|-heal|p2a: Scrafty|200\/334|[from] item: Leftovers
|
|switch|p1a: Tornadus|Tornadus, M|362\/362
|turn|9
|
|switch|p2a: Suicune|Suicune|404\/404
|-ability|p2a: Suicune|Pressure
|move|p1a: Tornadus|Bulk Up|p1a: Tornadus
|-boost|p1a: Tornadus|atk|1
|-boost|p1a: Tornadus|def|1
|
|turn|10
|
|move|p1a: Tornadus|Bulk Up|p1a: Tornadus
|-boost|p1a: Tornadus|atk|1
|-boost|p1a: Tornadus|def|1
|move|p2a: Suicune|Ice Beam|p1a: Tornadus
|-supereffective|p1a: Tornadus
|-damage|p1a: Tornadus|254\/362
|
|turn|11
|
|move|p1a: Tornadus|Bulk Up|p1a: Tornadus
|-boost|p1a: Tornadus|atk|1
|-boost|p1a: Tornadus|def|1
|move|p2a: Suicune|Calm Mind|p2a: Suicune
|-boost|p2a: Suicune|spa|1
|-boost|p2a: Suicune|spd|1
|
|turn|12
|
|move|p1a: Tornadus|Acrobatics|p2a: Suicune
|-damage|p2a: Suicune|163\/404
|move|p2a: Suicune|Ice Beam|p1a: Tornadus
|-supereffective|p1a: Tornadus
|-damage|p1a: Tornadus|80\/362
|
|-heal|p2a: Suicune|188\/404|[from] item: Leftovers
|turn|13
|
|move|p1a: Tornadus|Acrobatics|p2a: Suicune
|-damage|p2a: Suicune|0 fnt
|faint|p2a: Suicune
|
|
|switch|p2a: Porygon-Z|Porygon-Z|312\/312
|turn|14
|
|move|p1a: Tornadus|Rest|p1a: Tornadus
|-status|p1a: Tornadus|slp
|-heal|p1a: Tornadus|362\/362 slp|[silent]
|-status|p1a: Tornadus|slp|[from] move: Rest
|move|p2a: Porygon-Z|Tri Attack|p1a: Tornadus
|-damage|p1a: Tornadus|176\/362 slp
|
|turn|15
|
|cant|p1a: Tornadus|slp
|move|p1a: Tornadus|Sleep Talk|p1a: Tornadus
|move|p1a: Tornadus|Rest|p1a: Tornadus|[from]Sleep Talk
|-fail|p1a: Tornadus
|move|p2a: Porygon-Z|Tri Attack|p1a: Tornadus
|-damage|p1a: Tornadus|0 fnt
|faint|p1a: Tornadus
|
|
|switch|p1a: Suicune|Suicune|404\/404
|-ability|p1a: Suicune|Pressure
|turn|16
|
|switch|p2a: Roserade|Roserade, M|261\/261
|move|p1a: Suicune|Calm Mind|p1a: Suicune
|-boost|p1a: Suicune|spa|1
|-boost|p1a: Suicune|spd|1
|
|turn|17
|
|move|p2a: Roserade|Sleep Powder|p1a: Suicune
|-status|p1a: Suicune|slp
|cant|p1a: Suicune|slp
|
|turn|18
|
|move|p2a: Roserade|Spikes|p1a: Suicune
|-sidestart|p1: tuRkizzle|Spikes
|cant|p1a: Suicune|slp
|move|p1a: Suicune|Sleep Talk|p1a: Suicune
|move|p1a: Suicune|Scald|p2a: Roserade|[from]Sleep Talk
|-resisted|p2a: Roserade
|-damage|p2a: Roserade|215\/261
|-status|p2a: Roserade|brn
|
|-heal|p2a: Roserade|231\/261 brn|[from] item: Leftovers
|-damage|p2a: Roserade|199\/261 brn|[from] brn
|turn|19
|
|move|p2a: Roserade|Spikes|p1a: Suicune
|-sidestart|p1: tuRkizzle|Spikes
|cant|p1a: Suicune|slp
|move|p1a: Suicune|Sleep Talk|p1a: Suicune
|move|p1a: Suicune|Calm Mind|p1a: Suicune|[from]Sleep Talk
|-boost|p1a: Suicune|spa|1
|-boost|p1a: Suicune|spd|1
|
|-heal|p2a: Roserade|215\/261 brn|[from] item: Leftovers
|-damage|p2a: Roserade|183\/261 brn|[from] brn
|turn|20
|
|switch|p2a: Porygon-Z|Porygon-Z|312\/312
|-curestatus|p1a: Suicune|slp|[from] slp
|move|p1a: Suicune|Scald|p2a: Porygon-Z
|-damage|p2a: Porygon-Z|95\/312
|
|turn|21
|
|move|p2a: Porygon-Z|Trick|p1a: Suicune
|-activate|p2a: Porygon-Z|move: Trick|[of] p1a: Suicune
|-item|p1a: Suicune|Choice Scarf|[from] move: Trick
|-item|p2a: Porygon-Z|Leftovers|[from] move: Trick
|move|p1a: Suicune|Scald|p2a: Porygon-Z
|-damage|p2a: Porygon-Z|0 fnt
|faint|p2a: Porygon-Z
|
|
|switch|p2a: Scrafty|Scrafty, F|200\/334
|turn|22
|
|move|p1a: Suicune|Scald|p2a: Scrafty
|-damage|p2a: Scrafty|86\/334
|move|p2a: Scrafty|Rest|p2a: Scrafty
|-status|p2a: Scrafty|slp
|-heal|p2a: Scrafty|334\/334 slp|[silent]
|-status|p2a: Scrafty|slp|[from] move: Rest
|
|-activate|p2a: Scrafty|ability: Shed Skin
|-curestatus|p2a: Scrafty|slp|[from] ability: Shed Skin
|turn|23
|
|move|p1a: Suicune|Scald|p2a: Scrafty
|-damage|p2a: Scrafty|211\/334
|move|p2a: Scrafty|Bulk Up|p2a: Scrafty
|-boost|p2a: Scrafty|atk|1
|-boost|p2a: Scrafty|def|1
|
|-heal|p2a: Scrafty|231\/334|[from] item: Leftovers
|turn|24
|
|move|p1a: Suicune|Scald|p2a: Scrafty
|-damage|p2a: Scrafty|114\/334
|move|p2a: Scrafty|Drain Punch|p1a: Suicune
|-damage|p1a: Suicune|325\/404
|-heal|p2a: Scrafty|154\/334|[from] drain|[of] p1a: Suicune
|
|-heal|p2a: Scrafty|174\/334|[from] item: Leftovers
|turn|25
|
|move|p1a: Suicune|Scald|p2a: Scrafty
|-damage|p2a: Scrafty|69\/334
|move|p2a: Scrafty|Rest|p2a: Scrafty
|-status|p2a: Scrafty|slp
|-heal|p2a: Scrafty|334\/334 slp|[silent]
|-status|p2a: Scrafty|slp|[from] move: Rest
|
|-activate|p2a: Scrafty|ability: Shed Skin
|-curestatus|p2a: Scrafty|slp|[from] ability: Shed Skin
|turn|26
|
|move|p1a: Suicune|Scald|p2a: Scrafty
|-damage|p2a: Scrafty|222\/334
|move|p2a: Scrafty|Bulk Up|p2a: Scrafty
|-boost|p2a: Scrafty|atk|1
|-boost|p2a: Scrafty|def|1
|
|-heal|p2a: Scrafty|242\/334|[from] item: Leftovers
|turn|27
|
|move|p1a: Suicune|Scald|p2a: Scrafty
|-damage|p2a: Scrafty|119\/334
|-status|p2a: Scrafty|brn
|move|p2a: Scrafty|Drain Punch|p1a: Suicune
|-damage|p1a: Suicune|268\/404
|-heal|p2a: Scrafty|148\/334 brn|[from] drain|[of] p1a: Suicune
|
|-heal|p2a: Scrafty|168\/334 brn|[from] item: Leftovers
|-damage|p2a: Scrafty|127\/334 brn|[from] brn
|turn|28
|
|move|p1a: Suicune|Scald|p2a: Scrafty
|-damage|p2a: Scrafty|4\/334 brn
|move|p2a: Scrafty|Rest|p2a: Scrafty
|-status|p2a: Scrafty|slp
|-heal|p2a: Scrafty|334\/334 slp|[silent]
|-status|p2a: Scrafty|slp|[from] move: Rest
|
|-activate|p2a: Scrafty|ability: Shed Skin
|-curestatus|p2a: Scrafty|slp|[from] ability: Shed Skin
|turn|29
|
|move|p1a: Suicune|Scald|p2a: Scrafty
|-damage|p2a: Scrafty|228\/334
|move|p2a: Scrafty|Bulk Up|p2a: Scrafty
|-boost|p2a: Scrafty|atk|1
|-boost|p2a: Scrafty|def|1
|
|-heal|p2a: Scrafty|248\/334|[from] item: Leftovers
|turn|30
|
|move|p1a: Suicune|Scald|p2a: Scrafty
|-damage|p2a: Scrafty|145\/334
|move|p2a: Scrafty|Drain Punch|p1a: Suicune
|-damage|p1a: Suicune|141\/404
|-heal|p2a: Scrafty|209\/334|[from] drain|[of] p1a: Suicune
|
|-heal|p2a: Scrafty|229\/334|[from] item: Leftovers
|turn|31
|
|move|p1a: Suicune|Scald|p2a: Scrafty
|-damage|p2a: Scrafty|124\/334
|move|p2a: Scrafty|Drain Punch|p1a: Suicune
|-damage|p1a: Suicune|18\/404
|-heal|p2a: Scrafty|186\/334|[from] drain|[of] p1a: Suicune
|
|-heal|p2a: Scrafty|206\/334|[from] item: Leftovers
|turn|32
|
|move|p1a: Suicune|Scald|p2a: Scrafty
|-damage|p2a: Scrafty|94\/334
|move|p2a: Scrafty|Rest|p2a: Scrafty
|-status|p2a: Scrafty|slp
|-heal|p2a: Scrafty|334\/334 slp|[silent]
|-status|p2a: Scrafty|slp|[from] move: Rest
|
|turn|33
|
|move|p1a: Suicune|Scald|p2a: Scrafty
|-damage|p2a: Scrafty|226\/334 slp
|cant|p2a: Scrafty|slp
|
|-activate|p2a: Scrafty|ability: Shed Skin
|-curestatus|p2a: Scrafty|slp|[from] ability: Shed Skin
|-heal|p2a: Scrafty|246\/334|[from] item: Leftovers
|turn|34
|
|move|p1a: Suicune|Scald|p2a: Scrafty
|-damage|p2a: Scrafty|129\/334
|move|p2a: Scrafty|Bulk Up|p2a: Scrafty
|-boost|p2a: Scrafty|atk|1
|-boost|p2a: Scrafty|def|1
|
|-heal|p2a: Scrafty|149\/334|[from] item: Leftovers
|turn|35
|
|move|p1a: Suicune|Scald|p2a: Scrafty
|-damage|p2a: Scrafty|35\/334
|move|p2a: Scrafty|Rest|p2a: Scrafty
|-status|p2a: Scrafty|slp
|-heal|p2a: Scrafty|334\/334 slp|[silent]
|-status|p2a: Scrafty|slp|[from] move: Rest
|
|-activate|p2a: Scrafty|ability: Shed Skin
|-curestatus|p2a: Scrafty|slp|[from] ability: Shed Skin
|turn|36
|
|move|p1a: Suicune|Scald|p2a: Scrafty
|-damage|p2a: Scrafty|228\/334
|move|p2a: Scrafty|Drain Punch|p1a: Suicune
|-damage|p1a: Suicune|0 fnt
|-heal|p2a: Scrafty|237\/334|[from] drain|[of] p1a: Suicune
|faint|p1a: Suicune
|
|-heal|p2a: Scrafty|257\/334|[from] item: Leftovers
|
|switch|p1a: Hydreigon|Hydreigon, F|325\/325
|turn|37
|
|move|p1a: Hydreigon|Draco Meteor|p2a: Scrafty
|-damage|p2a: Scrafty|100\/334
|-unboost|p1a: Hydreigon|spa|2
|move|p2a: Scrafty|Drain Punch|p1a: Hydreigon
|-supereffective|p1a: Hydreigon
|-damage|p1a: Hydreigon|0 fnt
|-heal|p2a: Scrafty|263\/334|[from] drain|[of] p1a: Hydreigon
|faint|p1a: Hydreigon
|
|-heal|p2a: Scrafty|283\/334|[from] item: Leftovers
|
|switch|p1a: Mew|Mew|67\/404 tox
|-damage|p1a: Mew|0 fnt|[from] Spikes
|faint|p1a: Mew
|
|switch|p1a: Darmanitan|Darmanitan, M|351\/351
|-damage|p1a: Darmanitan|293\/351|[from] Spikes
|turn|38
|
|move|p1a: Darmanitan|Superpower|p2a: Scrafty
|-supereffective|p2a: Scrafty
|-damage|p2a: Scrafty|201\/334
|-unboost|p1a: Darmanitan|atk|1
|-unboost|p1a: Darmanitan|def|1
|move|p2a: Scrafty|Drain Punch|p1a: Darmanitan
|-damage|p1a: Darmanitan|0 fnt
|-heal|p2a: Scrafty|334\/334|[from] drain|[of] p1a: Darmanitan
|faint|p1a: Darmanitan
|
|win|Crisol
|raw|Ladder updating...
|raw|tuRkizzle's rating: 1614 &rarr; <strong>1587<\/strong><br \/>(-27 for losing)
|raw|Crisol's rating: 1494 &rarr; <strong>1521<\/strong><br \/>(+27 for winning)
|leave|tuRkizzle
|player|p1
|join|Marfrito