|join|tuRkizzle
|join|A Fungus
|player|p1|tuRkizzle|115
|player|p2|A Fungus|211
|gametype|singles
|gen|6
|tier|UU
|rated
|rule|Sleep Clause Mod: Limit one foe put to sleep
|rule|Species Clause: Limit one of each PokÃ©mon
|rule|OHKO Clause: OHKO moves are banned
|rule|Moody Clause: Moody is banned
|rule|Evasion Moves Clause: Evasion moves are banned
|rule|Endless Battle Clause: Forcing endless battles is banned
|rule|HP Percentage Mod: HP is reported as percentages
|clearpoke
|poke|p1|Lucario, F
|poke|p1|Suicune
|poke|p1|Mienshao, M
|poke|p1|Tornadus, M
|poke|p1|Hydreigon, F
|poke|p1|Mew
|poke|p2|Darmanitan, F
|poke|p2|Rotom-Mow
|poke|p2|Blastoise, M
|poke|p2|Hippowdon, F
|poke|p2|Blissey, F
|poke|p2|Scyther, F
|rule|Swagger Clause: Swagger is banned
|rule|Baton Pass Clause: Limit one PokÃ©mon knowing Baton Pass
|teampreview
|
|start
|switch|p1a: Mienshao|Mienshao, M|292\/292
|switch|p2a: Darmanitan|Darmanitan, F|351\/351
|turn|1
|
|move|p1a: Mienshao|Fake Out|p2a: Darmanitan
|-crit|p2a: Darmanitan
|-damage|p2a: Darmanitan|225\/351
|-damage|p1a: Mienshao|263\/292|[from] item: Life Orb
|cant|p2a: Darmanitan|flinch
|
|turn|2
|
|switch|p1a: Suicune|Suicune|404\/404
|-ability|p1a: Suicune|Pressure
|move|p2a: Darmanitan|Flare Blitz|p1a: Suicune
|-resisted|p1a: Suicune
|-damage|p1a: Suicune|304\/404
|-damage|p2a: Darmanitan|192\/351|[from] recoil|[of] p1a: Suicune
|
|-heal|p1a: Suicune|329\/404|[from] item: Leftovers
|turn|3
|
|switch|p2a: Rotom-Mow|Rotom-Mow|241\/241
|move|p1a: Suicune|Calm Mind|p1a: Suicune
|-boost|p1a: Suicune|spa|1
|-boost|p1a: Suicune|spd|1
|
|-heal|p1a: Suicune|354\/404|[from] item: Leftovers
|turn|4
|
|move|p2a: Rotom-Mow|Trick|p1a: Suicune
|-activate|p2a: Rotom-Mow|move: Trick|[of] p1a: Suicune
|-item|p1a: Suicune|Choice Scarf|[from] move: Trick
|-item|p2a: Rotom-Mow|Leftovers|[from] move: Trick
|move|p1a: Suicune|Scald|p2a: Rotom-Mow
|-resisted|p2a: Rotom-Mow
|-damage|p2a: Rotom-Mow|180\/241
|
|-heal|p2a: Rotom-Mow|195\/241|[from] item: Leftovers
|turn|5
|
|move|p1a: Suicune|Scald|p2a: Rotom-Mow
|-resisted|p2a: Rotom-Mow
|-damage|p2a: Rotom-Mow|136\/241
|move|p2a: Rotom-Mow|Volt Switch|p1a: Suicune
|-supereffective|p1a: Suicune
|-damage|p1a: Suicune|228\/404
|
|switch|p2a: Blissey|Blissey, F|666\/666
|
|turn|6
|
|switch|p1a: Tornadus|Tornadus, M|362\/362
|move|p2a: Blissey|Wish|p2a: Blissey
|
|turn|7
|
|switch|p2a: Blastoise|Blastoise, M|362\/362
|move|p1a: Tornadus|Bulk Up|p1a: Tornadus
|-boost|p1a: Tornadus|atk|1
|-boost|p1a: Tornadus|def|1
|
|turn|8
|
|detailschange|p2a: Blastoise|Blastoise-Mega, M
|message|Blastoise has Mega Evolved into Mega Blastoise!
|move|p1a: Tornadus|Bulk Up|p1a: Tornadus
|-boost|p1a: Tornadus|atk|1
|-boost|p1a: Tornadus|def|1
|move|p2a: Blastoise|Water Pulse|p1a: Tornadus
|-damage|p1a: Tornadus|206\/362
|
|turn|9
|
|move|p1a: Tornadus|Acrobatics|p2a: Blastoise
|-damage|p2a: Blastoise|106\/362
|move|p2a: Blastoise|Water Pulse|p1a: Tornadus
|-damage|p1a: Tornadus|61\/362
|
|turn|10
|
|move|p1a: Tornadus|Acrobatics|p2a: Blastoise
|-damage|p2a: Blastoise|0 fnt
|faint|p2a: Blastoise
|
|
|switch|p2a: Darmanitan|Darmanitan, F|192\/351
|turn|11
|
|move|p1a: Tornadus|Rest|p1a: Tornadus
|-status|p1a: Tornadus|slp
|-heal|p1a: Tornadus|362\/362 slp|[silent]
|-status|p1a: Tornadus|slp|[from] move: Rest
|move|p2a: Darmanitan|Flare Blitz|p1a: Tornadus
|-damage|p1a: Tornadus|166\/362 slp
|-damage|p2a: Darmanitan|127\/351|[from] recoil|[of] p1a: Tornadus
|
|turn|12
|
|cant|p1a: Tornadus|slp
|move|p1a: Tornadus|Sleep Talk|p1a: Tornadus
|move|p1a: Tornadus|Bulk Up|p1a: Tornadus|[from]Sleep Talk
|-boost|p1a: Tornadus|atk|1
|-boost|p1a: Tornadus|def|1
|move|p2a: Darmanitan|Flare Blitz|p1a: Tornadus
|-damage|p1a: Tornadus|1\/362 slp
|-damage|p2a: Darmanitan|73\/351|[from] recoil|[of] p1a: Tornadus
|
|turn|13
|
|cant|p1a: Tornadus|slp
|move|p1a: Tornadus|Sleep Talk|p1a: Tornadus
|move|p1a: Tornadus|Bulk Up|p1a: Tornadus|[from]Sleep Talk
|-boost|p1a: Tornadus|atk|1
|-boost|p1a: Tornadus|def|1
|move|p2a: Darmanitan|Flare Blitz|p1a: Tornadus
|-damage|p1a: Tornadus|0 fnt
|-damage|p2a: Darmanitan|72\/351|[from] recoil|[of] p1a: Tornadus
|faint|p1a: Tornadus
|
|
|switch|p1a: Mienshao|Mienshao, M|292\/292
|turn|14
|
|switch|p2a: Hippowdon|Hippowdon, F|420\/420
|move|p1a: Mienshao|Fake Out|p2a: Hippowdon
|-damage|p2a: Hippowdon|385\/420
|-damage|p1a: Mienshao|263\/292|[from] item: Life Orb
|
|-heal|p2a: Hippowdon|411\/420|[from] item: Leftovers
|turn|15
|
|move|p1a: Mienshao|Knock Off|p2a: Hippowdon
|-damage|p2a: Hippowdon|332\/420
|-enditem|p2a: Hippowdon|Leftovers|[from] move: Knock Off|[of] p1a: Mienshao
|-damage|p1a: Mienshao|234\/292|[from] item: Life Orb
|move|p2a: Hippowdon|Stealth Rock|p1a: Mienshao
|-sidestart|p1: tuRkizzle|move: Stealth Rock
|
|turn|16
|
|move|p1a: Mienshao|U-turn|p2a: Hippowdon
|-crit|p2a: Hippowdon
|-damage|p2a: Hippowdon|244\/420
|-damage|p1a: Mienshao|205\/292|[from] item: Life Orb
|
|switch|p1a: Mew|Mew|404\/404
|-damage|p1a: Mew|354\/404|[from] Stealth Rock
|move|p2a: Hippowdon|Slack Off|p2a: Hippowdon
|-heal|p2a: Hippowdon|420\/420
|
|-heal|p1a: Mew|379\/404|[from] item: Leftovers
|turn|17
|
|move|p1a: Mew|Defog|p2a: Hippowdon
|-unboost|p2a: Hippowdon|evasion|1
|-sideend|p1: tuRkizzle|Stealth Rock|[from] move: Defog|[of] p1a: Mew
|move|p2a: Hippowdon|Whirlwind|p1a: Mew
|drag|p1a: Mienshao|Mienshao, M|292\/292
|
|turn|18
|
|move|p1a: Mienshao|Fake Out|p2a: Hippowdon
|-damage|p2a: Hippowdon|385\/420
|-damage|p1a: Mienshao|263\/292|[from] item: Life Orb
|cant|p2a: Hippowdon|flinch
|
|turn|19
|
|switch|p2a: Scyther|Scyther, F|281\/281
|move|p1a: Mienshao|U-turn|p2a: Scyther
|-resisted|p2a: Scyther
|-damage|p2a: Scyther|246\/281
|-damage|p1a: Mienshao|234\/292|[from] item: Life Orb
|
|switch|p1a: Hydreigon|Hydreigon, F|325\/325
|
|turn|20
|
|switch|p2a: Blissey|Blissey, F|666\/666
|move|p1a: Hydreigon|Dark Pulse|p2a: Blissey
|-damage|p2a: Blissey|567\/666
|
|-heal|p2a: Blissey|608\/666|[from] item: Leftovers
|turn|21
|
|switch|p1a: Lucario|Lucario, F|281\/281
|move|p2a: Blissey|Thunder Wave|p1a: Lucario
|-status|p1a: Lucario|par
|
|-heal|p2a: Blissey|649\/666|[from] item: Leftovers
|turn|22
|
|switch|p2a: Hippowdon|Hippowdon, F|385\/420
|move|p1a: Lucario|Swords Dance|p1a: Lucario
|-boost|p1a: Lucario|atk|2
|
|turn|23
|
|move|p2a: Hippowdon|Earthquake|p1a: Lucario
|-supereffective|p1a: Lucario
|-damage|p1a: Lucario|0 fnt
|faint|p1a: Lucario
|
|
|switch|p1a: Suicune|Suicune|228\/404
|-ability|p1a: Suicune|Pressure
|turn|24
|
|switch|p2a: Rotom-Mow|Rotom-Mow|136\/241
|move|p1a: Suicune|Scald|p2a: Rotom-Mow
|-resisted|p2a: Rotom-Mow
|-damage|p2a: Rotom-Mow|96\/241
|
|-heal|p2a: Rotom-Mow|111\/241|[from] item: Leftovers
|turn|25
|
|move|p1a: Suicune|Scald|p2a: Rotom-Mow
|-resisted|p2a: Rotom-Mow
|-damage|p2a: Rotom-Mow|70\/241
|move|p2a: Rotom-Mow|Volt Switch|p1a: Suicune
|-supereffective|p1a: Suicune
|-damage|p1a: Suicune|40\/404
|
|switch|p2a: Darmanitan|Darmanitan, F|72\/351
|
|turn|26
|
|move|p2a: Darmanitan|U-turn|p1a: Suicune
|-damage|p1a: Suicune|0 fnt
|faint|p1a: Suicune
|
|switch|p2a: Rotom-Mow|Rotom-Mow|70\/241
|
|-heal|p2a: Rotom-Mow|85\/241|[from] item: Leftovers
|
|switch|p1a: Mienshao|Mienshao, M|292\/292
|turn|27
|
|switch|p2a: Hippowdon|Hippowdon, F|385\/420
|move|p1a: Mienshao|Fake Out|p2a: Hippowdon
|-damage|p2a: Hippowdon|350\/420
|-damage|p1a: Mienshao|263\/292|[from] item: Life Orb
|
|turn|28
|
|move|p1a: Mienshao|Drain Punch|p2a: Hippowdon
|-damage|p2a: Hippowdon|255\/420
|-heal|p1a: Mienshao|292\/292|[from] drain|[of] p2a: Hippowdon
|-damage|p1a: Mienshao|263\/292|[from] item: Life Orb
|move|p2a: Hippowdon|Stealth Rock|p1a: Mienshao
|-sidestart|p1: tuRkizzle|move: Stealth Rock
|
|turn|29
|
|move|p1a: Mienshao|U-turn|p2a: Hippowdon
|-damage|p2a: Hippowdon|199\/420
|-damage|p1a: Mienshao|234\/292|[from] item: Life Orb
|
|switch|p1a: Hydreigon|Hydreigon, F|325\/325
|-damage|p1a: Hydreigon|285\/325|[from] Stealth Rock
|move|p2a: Hippowdon|Slack Off|p2a: Hippowdon
|-heal|p2a: Hippowdon|409\/420
|
|turn|30
|
|move|p1a: Hydreigon|U-turn|p2a: Hippowdon
|-damage|p2a: Hippowdon|373\/420
|
|switch|p1a: Mew|Mew|379\/404
|-damage|p1a: Mew|329\/404|[from] Stealth Rock
|move|p2a: Hippowdon|Whirlwind|p1a: Mew
|drag|p1a: Hydreigon|Hydreigon, F|285\/325
|-damage|p1a: Hydreigon|245\/325|[from] Stealth Rock
|
|turn|31
|
|move|p1a: Hydreigon|Dark Pulse|p2a: Hippowdon
|-damage|p2a: Hippowdon|189\/420
|move|p2a: Hippowdon|Slack Off|p2a: Hippowdon
|-heal|p2a: Hippowdon|399\/420
|
|turn|32
|
|switch|p1a: Mienshao|Mienshao, M|292\/292
|-damage|p1a: Mienshao|274\/292|[from] Stealth Rock
|switch|p2a: Blissey|Blissey, F|649\/666
|
|-heal|p2a: Blissey|666\/666|[from] item: Leftovers
|turn|33
|
|switch|p2a: Scyther|Scyther, F|246\/281
|move|p1a: Mienshao|Fake Out|p2a: Scyther
|-damage|p2a: Scyther|203\/281
|-damage|p1a: Mienshao|245\/292|[from] item: Life Orb
|
|turn|34
|
|move|p2a: Scyther|Swords Dance|p2a: Scyther
|-boost|p2a: Scyther|atk|2
|move|p1a: Mienshao|Knock Off|p2a: Scyther
|-damage|p2a: Scyther|106\/281
|-enditem|p2a: Scyther|Eviolite|[from] move: Knock Off|[of] p1a: Mienshao
|-damage|p1a: Mienshao|216\/292|[from] item: Life Orb
|
|turn|35
|
|move|p2a: Scyther|Aerial Ace|p1a: Mienshao
|-supereffective|p1a: Mienshao
|-damage|p1a: Mienshao|0 fnt
|faint|p1a: Mienshao
|
|
|switch|p1a: Hydreigon|Hydreigon, F|245\/325
|-damage|p1a: Hydreigon|205\/325|[from] Stealth Rock
|turn|36
|
|move|p1a: Hydreigon|U-turn|p2a: Scyther
|-resisted|p2a: Scyther
|-damage|p2a: Scyther|75\/281
|-message|tuRkizzle forfeited.
|
|win|A Fungus
|raw|Ladder updating...
|leave|tuRkizzle
|player|p1
|raw|tuRkizzle's rating: 1487 &rarr; <strong>1461<\/strong><br \/>(-26 for losing)
|raw|A Fungus's rating: 1377 &rarr; <strong>1403<\/strong><br \/>(+26 for winning)