|join|tuRkizzle
|join|IcyFireDelta
|player|p1|tuRkizzle|115
|player|p2|IcyFireDelta|274
|gametype|singles
|gen|6
|tier|UU
|rated
|rule|Sleep Clause Mod: Limit one foe put to sleep
|rule|Species Clause: Limit one of each PokÃ©mon
|rule|OHKO Clause: OHKO moves are banned
|rule|Moody Clause: Moody is banned
|rule|Evasion Moves Clause: Evasion moves are banned
|rule|Endless Battle Clause: Forcing endless battles is banned
|rule|HP Percentage Mod: HP is shown in percentages
|clearpoke
|poke|p1|Jirachi
|poke|p1|Krookodile, F
|poke|p1|Honchkrow, F
|poke|p1|Lucario, F
|poke|p1|Blastoise, M
|poke|p1|Mienshao, F
|poke|p2|Honchkrow, M
|poke|p2|Aerodactyl, F
|poke|p2|Crobat, M
|poke|p2|Rotom-Heat
|poke|p2|Lucario, F
|poke|p2|Trevenant, M
|rule|Swagger Clause: Swagger is banned
|rule|Baton Pass Clause: Limit one PokÃ©mon knowing Baton Pass
|teampreview
|
|start
|switch|p1a: Krookodile|Krookodile, F|393\/393
|switch|p2a: Rotom-Heat|Rotom-Heat|241\/241
|-ability|p1a: Krookodile|Intimidate|[of] p2a: Rotom-Heat
|-unboost|p2a: Rotom-Heat|atk|1
|turn|1
|
|move|p1a: Krookodile|Stealth Rock|p2a: Rotom-Heat
|-sidestart|p2: IcyFireDelta|move: Stealth Rock
|move|p2a: Rotom-Heat|Hidden Power|p1a: Krookodile
|-supereffective|p1a: Krookodile
|-damage|p1a: Krookodile|143\/393
|-damage|p2a: Rotom-Heat|217\/241|[from] item: Life Orb
|
|-heal|p1a: Krookodile|167\/393|[from] item: Leftovers
|turn|2
|
|switch|p1a: Blastoise|Blastoise, M|334\/334
|move|p2a: Rotom-Heat|Hidden Power|p1a: Blastoise
|-supereffective|p1a: Blastoise
|-damage|p1a: Blastoise|170\/334
|-damage|p2a: Rotom-Heat|193\/241|[from] item: Life Orb
|
|turn|3
|join|the369
|
|detailschange|p1a: Blastoise|Blastoise-Mega, M
|message|Blastoise has Mega Evolved into Mega Blastoise!
|move|p1a: Blastoise|Scald|p2a: Rotom-Heat
|-supereffective|p2a: Rotom-Heat
|-damage|p2a: Rotom-Heat|0 fnt
|faint|p2a: Rotom-Heat
|
|
|switch|p2a: Lucario|Lucario, F|282\/282
|-damage|p2a: Lucario|274\/282|[from] Stealth Rock
|turn|4
|
|move|p2a: Lucario|Close Combat|p1a: Blastoise
|-crit|p1a: Blastoise
|-damage|p1a: Blastoise|0 fnt
|-unboost|p2a: Lucario|def|1
|-unboost|p2a: Lucario|spd|1
|faint|p1a: Blastoise
|
|
|switch|p1a: Jirachi|Jirachi|341\/341
|turn|5
|
|move|p1a: Jirachi|Iron Head|p2a: Lucario
|-resisted|p2a: Lucario
|-damage|p2a: Lucario|160\/282
|move|p2a: Lucario|Close Combat|p1a: Jirachi
|-damage|p1a: Jirachi|47\/341
|-unboost|p2a: Lucario|def|1
|-unboost|p2a: Lucario|spd|1
|
|turn|6
|
|switch|p2a: Trevenant|Trevenant, M|374\/374
|-damage|p2a: Trevenant|328\/374|[from] Stealth Rock
|move|p1a: Jirachi|Iron Head|p2a: Trevenant
|-damage|p2a: Trevenant|172\/374
|-enditem|p2a: Trevenant|Sitrus Berry|[eat]
|-heal|p2a: Trevenant|265\/374|[from] item: Sitrus Berry
|
|-item|p2a: Trevenant|Sitrus Berry|[from] ability: Harvest
|turn|7
|
|move|p1a: Jirachi|Iron Head|p2a: Trevenant
|-damage|p2a: Trevenant|123\/374
|-enditem|p2a: Trevenant|Sitrus Berry|[eat]
|-heal|p2a: Trevenant|216\/374|[from] item: Sitrus Berry
|cant|p2a: Trevenant|flinch
|
|turn|8
|
|move|p2a: Trevenant|Protect|p2a: Trevenant
|-singleturn|p2a: Trevenant|Protect
|move|p1a: Jirachi|Iron Head|p2a: Trevenant
|-activate|p2a: Trevenant|Protect
|
|-item|p2a: Trevenant|Sitrus Berry|[from] ability: Harvest
|turn|9
|
|move|p1a: Jirachi|Iron Head|p2a: Trevenant
|-damage|p2a: Trevenant|57\/374
|-enditem|p2a: Trevenant|Sitrus Berry|[eat]
|-heal|p2a: Trevenant|150\/374|[from] item: Sitrus Berry
|cant|p2a: Trevenant|flinch
|
|-item|p2a: Trevenant|Sitrus Berry|[from] ability: Harvest
|-enditem|p2a: Trevenant|Sitrus Berry|[eat]
|-heal|p2a: Trevenant|243\/374|[from] item: Sitrus Berry
|turn|10
|
|move|p2a: Trevenant|Protect|p2a: Trevenant
|-singleturn|p2a: Trevenant|Protect
|move|p1a: Jirachi|Iron Head|p2a: Trevenant
|-activate|p2a: Trevenant|Protect
|
|-item|p2a: Trevenant|Sitrus Berry|[from] ability: Harvest
|turn|11
|
|move|p1a: Jirachi|Iron Head|p2a: Trevenant
|-damage|p2a: Trevenant|105\/374
|-enditem|p2a: Trevenant|Sitrus Berry|[eat]
|-heal|p2a: Trevenant|198\/374|[from] item: Sitrus Berry
|move|p2a: Trevenant|Will-O-Wisp|p1a: Jirachi
|-status|p1a: Jirachi|brn
|
|-damage|p1a: Jirachi|5\/341 brn|[from] brn
|turn|12
|
|switch|p1a: Honchkrow|Honchkrow, F|341\/341
|move|p2a: Trevenant|Substitute|p2a: Trevenant
|-start|p2a: Trevenant|Substitute
|-damage|p2a: Trevenant|105\/374
|
|turn|13
|
|move|p1a: Honchkrow|Substitute|p1a: Honchkrow
|-start|p1a: Honchkrow|Substitute
|-damage|p1a: Honchkrow|256\/341
|move|p2a: Trevenant|Will-O-Wisp|p1a: Honchkrow
|
|-item|p2a: Trevenant|Sitrus Berry|[from] ability: Harvest
|-enditem|p2a: Trevenant|Sitrus Berry|[eat]
|-heal|p2a: Trevenant|198\/374|[from] item: Sitrus Berry
|turn|14
|
|switch|p2a: Honchkrow|Honchkrow, M|342\/342
|-damage|p2a: Honchkrow|257\/342|[from] Stealth Rock
|move|p1a: Honchkrow|Brave Bird|p2a: Honchkrow
|-damage|p2a: Honchkrow|0 fnt
|-damage|p1a: Honchkrow|171\/341|[from] recoil|[of] p2a: Honchkrow
|-damage|p1a: Honchkrow|137\/341|[from] item: Life Orb
|faint|p2a: Honchkrow
|-boost|p1a: Honchkrow|atk|1|[from] ability: Moxie
|
|
|switch|p2a: Trevenant|Trevenant, M|198\/374
|-damage|p2a: Trevenant|152\/374|[from] Stealth Rock
|turn|15
|
|move|p1a: Honchkrow|Brave Bird|p2a: Trevenant
|-supereffective|p2a: Trevenant
|-damage|p2a: Trevenant|0 fnt
|-damage|p1a: Honchkrow|87\/341|[from] recoil|[of] p2a: Trevenant
|-damage|p1a: Honchkrow|53\/341|[from] item: Life Orb
|faint|p2a: Trevenant
|-boost|p1a: Honchkrow|atk|1|[from] ability: Moxie
|
|
|switch|p2a: Crobat|Crobat, M|312\/312
|-damage|p2a: Crobat|234\/312|[from] Stealth Rock
|turn|16
|
|move|p2a: Crobat|U-turn|p1a: Honchkrow
|-damage|p1a: Honchkrow|0 fnt
|faint|p1a: Honchkrow
|
|switch|p2a: Aerodactyl|Aerodactyl, F|302\/302
|-damage|p2a: Aerodactyl|227\/302|[from] Stealth Rock
|-ability|p2a: Aerodactyl|Unnerve|p1: tuRkizzle
|
|
|switch|p1a: Jirachi|Jirachi|5\/341 brn
|turn|17
|
|switch|p2a: Lucario|Lucario, F|160\/282
|-damage|p2a: Lucario|152\/282|[from] Stealth Rock
|move|p1a: Jirachi|Iron Head|p2a: Lucario
|-crit|p2a: Lucario
|-resisted|p2a: Lucario
|-damage|p2a: Lucario|96\/282
|
|-damage|p1a: Jirachi|0 fnt|[from] brn
|faint|p1a: Jirachi
|
|switch|p1a: Mienshao|Mienshao, F|271\/271
|turn|18
|
|switch|p2a: Crobat|Crobat, M|234\/312
|-damage|p2a: Crobat|156\/312|[from] Stealth Rock
|move|p1a: Mienshao|U-turn|p2a: Crobat
|-resisted|p2a: Crobat
|-damage|p2a: Crobat|133\/312
|
|switch|p1a: Lucario|Lucario, F|281\/281
|
|turn|19
|
|move|p1a: Lucario|Extreme Speed|p2a: Crobat
|-damage|p2a: Crobat|0 fnt
|-damage|p1a: Lucario|253\/281|[from] item: Life Orb
|faint|p2a: Crobat
|
|
|switch|p2a: Aerodactyl|Aerodactyl, F|227\/302
|-damage|p2a: Aerodactyl|152\/302|[from] Stealth Rock
|-ability|p2a: Aerodactyl|Unnerve|p1: tuRkizzle
|turn|20
|
|switch|p1a: Krookodile|Krookodile, F|167\/393
|-ability|p1a: Krookodile|Intimidate|[of] p2a: Aerodactyl
|-unboost|p2a: Aerodactyl|atk|1
|detailschange|p2a: Aerodactyl|Aerodactyl-Mega, F
|message|Aerodactyl has Mega Evolved into Mega Aerodactyl!
|move|p2a: Aerodactyl|Earthquake|p1a: Krookodile
|-damage|p1a: Krookodile|105\/393
|
|-heal|p1a: Krookodile|129\/393|[from] item: Leftovers
|turn|21
|
|move|p2a: Aerodactyl|Ice Fang|p1a: Krookodile
|-supereffective|p1a: Krookodile
|-damage|p1a: Krookodile|1\/393
|-status|p1a: Krookodile|frz
|cant|p1a: Krookodile|frz
|
|-heal|p1a: Krookodile|25\/393 frz|[from] item: Leftovers
|turn|22
|c|âtuRkizzle|kek
|
|move|p2a: Aerodactyl|Ice Fang|p1a: Krookodile
|-supereffective|p1a: Krookodile
|-damage|p1a: Krookodile|0 fnt
|faint|p1a: Krookodile
|
|
|switch|p1a: Mienshao|Mienshao, F|271\/271
|turn|23
|
|move|p1a: Mienshao|Stone Edge|p2a: Aerodactyl|[miss]
|-miss|p1a: Mienshao|p2a: Aerodactyl
|move|p2a: Aerodactyl|Ice Fang|p1a: Mienshao
|-damage|p1a: Mienshao|166\/271
|
|turn|24
|
|switch|p2a: Lucario|Lucario, F|96\/282
|-damage|p2a: Lucario|88\/282|[from] Stealth Rock
|move|p1a: Mienshao|Stone Edge|p2a: Lucario
|-resisted|p2a: Lucario
|-damage|p2a: Lucario|50\/282
|
|turn|25
|
|move|p1a: Mienshao|Stone Edge|p2a: Lucario
|-resisted|p2a: Lucario
|-damage|p2a: Lucario|11\/282
|move|p2a: Lucario|Close Combat|p1a: Mienshao
|-crit|p1a: Mienshao
|-damage|p1a: Mienshao|0 fnt
|-unboost|p2a: Lucario|def|1
|-unboost|p2a: Lucario|spd|1
|faint|p1a: Mienshao
|
|
|switch|p1a: Lucario|Lucario, F|253\/281
|turn|26
|
|move|p1a: Lucario|Extreme Speed|p2a: Lucario
|-resisted|p2a: Lucario
|-damage|p2a: Lucario|0 fnt
|-damage|p1a: Lucario|225\/281|[from] item: Life Orb
|faint|p2a: Lucario
|
|
|switch|p2a: Aerodactyl|Aerodactyl-Mega, F|152\/302
|-damage|p2a: Aerodactyl|77\/302|[from] Stealth Rock
|turn|27
|
|move|p1a: Lucario|Extreme Speed|p2a: Aerodactyl
|-resisted|p2a: Aerodactyl
|-damage|p2a: Aerodactyl|11\/302
|-damage|p1a: Lucario|197\/281|[from] item: Life Orb
|move|p2a: Aerodactyl|Earthquake|p1a: Lucario
|-supereffective|p1a: Lucario
|-damage|p1a: Lucario|0 fnt
|faint|p1a: Lucario
|
|win|IcyFireDelta
|raw|Ladder updating...
|raw|tuRkizzle's rating: 1527 &rarr; <strong>1498<\/strong><br \/>(-29 for losing)
|raw|IcyFireDelta's rating: 1362 &rarr; <strong>1391<\/strong><br \/>(+29 for winning)