|join|tuRkizzle
|join|Colonel Twelveinch
|player|p1|tuRkizzle|238
|player|p2|Colonel Twelveinch|252
|gametype|singles
|gen|6
|tier|UU
|rated
|rule|Sleep Clause Mod: Limit one foe put to sleep
|rule|Species Clause: Limit one of each Pokemon
|rule|OHKO Clause: OHKO moves are banned
|rule|Moody Clause: Moody is banned
|rule|Evasion Moves Clause: Evasion moves are banned
|rule|Endless Battle Clause: Forcing endless battles is banned.
|rule|HP Percentage Mod: HP is reported as percentages
|clearpoke
|poke|p1|Forretress, M
|poke|p1|Suicune
|poke|p1|Manectric, F
|poke|p1|Florges, F
|poke|p1|Victini, shiny
|poke|p1|Flygon, M
|poke|p2|Absol, F
|poke|p2|Jirachi
|poke|p2|Mienshao, M
|poke|p2|Hydreigon, F
|poke|p2|Armaldo, F
|poke|p2|Roserade, F
|teampreview
|
|start
|switch|p1a: Victini|Victini, shiny|342\/342
|switch|p2a: Karate Weasel|Mienshao, M|271\/271
|turn|1
|
|move|p2a: Karate Weasel|Fake Out|p1a: Victini
|-damage|p1a: Victini|282\/342
|-damage|p2a: Karate Weasel|244\/271|[from] item: Life Orb
|cant|p1a: Victini|flinch
|
|turn|2
|
|switch|p2a: Arnold|Armaldo, F|354\/354
|move|p1a: Victini|V-create|p2a: Arnold
|-damage|p2a: Arnold|150\/354
|-unboost|p1a: Victini|def|1
|-unboost|p1a: Victini|spd|1
|-unboost|p1a: Victini|spe|1
|
|-heal|p2a: Arnold|172\/354|[from] item: Leftovers
|turn|3
|
|move|p2a: Arnold|Aqua Jet|p1a: Victini
|-supereffective|p1a: Victini
|-damage|p1a: Victini|168\/342
|move|p1a: Victini|V-create|p2a: Arnold
|-damage|p2a: Arnold|0 fnt
|-unboost|p1a: Victini|def|1
|-unboost|p1a: Victini|spd|1
|-unboost|p1a: Victini|spe|1
|faint|p2a: Arnold
|
|
|switch|p2a: Fabulousol|Absol, F|271\/271
|turn|4
|
|switch|p1a: Suicune|Suicune|404\/404
|-ability|p1a: Suicune|Pressure
|detailschange|p2a: Fabulousol|Absol-Mega, F
|message|Absol has Mega Evolved into Mega Absol!
|move|p2a: Fabulousol|Substitute|p2a: Fabulousol
|-start|p2a: Fabulousol|Substitute
|-damage|p2a: Fabulousol|204\/271
|
|turn|5
|
|move|p2a: Fabulousol|Swords Dance|p2a: Fabulousol
|-boost|p2a: Fabulousol|atk|2
|move|p1a: Suicune|Calm Mind|p1a: Suicune
|-boost|p1a: Suicune|spa|1
|-boost|p1a: Suicune|spd|1
|
|turn|6
|
|move|p2a: Fabulousol|Swords Dance|p2a: Fabulousol
|-boost|p2a: Fabulousol|atk|2
|move|p1a: Suicune|Calm Mind|p1a: Suicune
|-boost|p1a: Suicune|spa|1
|-boost|p1a: Suicune|spd|1
|
|turn|7
|
|move|p2a: Fabulousol|Swords Dance|p2a: Fabulousol
|-boost|p2a: Fabulousol|atk|2
|move|p1a: Suicune|Calm Mind|p1a: Suicune
|-boost|p1a: Suicune|spa|1
|-boost|p1a: Suicune|spd|1
|
|turn|8
|
|move|p2a: Fabulousol|Play Rough|p1a: Suicune
|-damage|p1a: Suicune|40\/404
|move|p1a: Suicune|Calm Mind|p1a: Suicune
|-boost|p1a: Suicune|spa|1
|-boost|p1a: Suicune|spd|1
|
|-heal|p1a: Suicune|65\/404|[from] item: Leftovers
|turn|9
|
|move|p2a: Fabulousol|Play Rough|p1a: Suicune
|-damage|p1a: Suicune|0 fnt
|faint|p1a: Suicune
|
|
|switch|p1a: Florges|Florges, F|353\/353
|turn|10
|
|move|p2a: Fabulousol|Play Rough|p1a: Florges
|-damage|p1a: Florges|0 fnt
|faint|p1a: Florges
|
|
|switch|p1a: Victini|Victini, shiny|168\/342
|turn|11
|
|move|p2a: Fabulousol|Sucker Punch|p1a: Victini
|-supereffective|p1a: Victini
|-damage|p1a: Victini|0 fnt
|faint|p1a: Victini
|
|-message|tuRkizzle forfeited.
|
|win|Colonel Twelveinch
|raw|Ladder updating...
|leave|tuRkizzle
|player|p1
|raw|tuRkizzle's rating: 1290 &rarr; <strong>1264<\/strong><br \/>(-26 for losing)
|raw|Colonel Twelveinch's rating: 1283 &rarr; <strong>1309<\/strong><br \/>(+26 for winning)