|join|tuRkizzle
|join|TofuTroll
|player|p1|tuRkizzle|115
|player|p2|TofuTroll|124
|gametype|singles
|gen|6
|tier|UU
|rated
|rule|Sleep Clause Mod: Limit one foe put to sleep
|rule|Species Clause: Limit one of each PokÃ©mon
|rule|OHKO Clause: OHKO moves are banned
|rule|Moody Clause: Moody is banned
|rule|Evasion Moves Clause: Evasion moves are banned
|rule|Endless Battle Clause: Forcing endless battles is banned
|rule|HP Percentage Mod: HP is shown in percentages
|clearpoke
|poke|p1|Goodra, M
|poke|p1|Jirachi
|poke|p1|Blastoise, F
|poke|p1|Hydreigon, F
|poke|p1|Mienshao, M
|poke|p1|Lucario, F
|poke|p2|Jirachi
|poke|p2|Hydreigon, M
|poke|p2|Umbreon, M
|poke|p2|Chesnaught, M
|poke|p2|Suicune
|poke|p2|Lucario, M
|rule|Swagger Clause: Swagger is banned
|rule|Baton Pass Clause: Limit one PokÃ©mon knowing Baton Pass
|teampreview
|
|start
|switch|p1a: Mienshao|Mienshao, M|271\/271
|switch|p2a: Jirachi|Jirachi|342\/342
|turn|1
|
|switch|p2a: Chesnaught|Chesnaught, M|380\/380
|move|p1a: Mienshao|High Jump Kick|p2a: Chesnaught
|-damage|p2a: Chesnaught|206\/380
|
|-heal|p2a: Chesnaught|229\/380|[from] item: Leftovers
|turn|2
|
|switch|p1a: Goodra|Goodra, M|373\/373
|move|p2a: Chesnaught|Spiky Shield|p2a: Chesnaught
|-fail|p2a: Chesnaught
|
|-heal|p2a: Chesnaught|252\/380|[from] item: Leftovers
|turn|3
|
|move|p2a: Chesnaught|Spiky Shield|p2a: Chesnaught
|-singleturn|p2a: Chesnaught|move: Protect
|move|p1a: Goodra|Outrage|p2a: Chesnaught
|-activate|p2a: Chesnaught|move: Protect
|-damage|p1a: Goodra|327\/373|[from] Spiky Shield|[of] p2a: Chesnaught
|
|-heal|p2a: Chesnaught|275\/380|[from] item: Leftovers
|turn|4
|
|switch|p1a: Mienshao|Mienshao, M|271\/271
|move|p2a: Chesnaught|Leech Seed|p1a: Mienshao
|-start|p1a: Mienshao|move: Leech Seed
|
|-heal|p2a: Chesnaught|298\/380|[from] item: Leftovers
|-damage|p1a: Mienshao|238\/271|[from] Leech Seed|[of] p2a: Chesnaught
|-heal|p2a: Chesnaught|331\/380|[silent]
|turn|5
|
|switch|p1a: Goodra|Goodra, M|327\/373
|move|p2a: Chesnaught|Leech Seed|p1a: Goodra
|-boost|p1a: Goodra|atk|1|[from] ability: Sap Sipper
|
|-heal|p2a: Chesnaught|354\/380|[from] item: Leftovers
|turn|6
|
|move|p2a: Chesnaught|Spiky Shield|p2a: Chesnaught
|-singleturn|p2a: Chesnaught|move: Protect
|move|p1a: Goodra|Outrage|p2a: Chesnaught
|-activate|p2a: Chesnaught|move: Protect
|-damage|p1a: Goodra|281\/373|[from] Spiky Shield|[of] p2a: Chesnaught
|
|-heal|p2a: Chesnaught|377\/380|[from] item: Leftovers
|turn|7
|
|switch|p2a: Jirachi|Jirachi|342\/342
|move|p1a: Goodra|Outrage|p2a: Jirachi
|-resisted|p2a: Jirachi
|-damage|p2a: Jirachi|105\/342
|
|turn|8
|
|move|p2a: Jirachi|Iron Head|p1a: Goodra
|-damage|p1a: Goodra|118\/373
|move|p1a: Goodra|Outrage|p2a: Jirachi
|-resisted|p2a: Jirachi
|-damage|p2a: Jirachi|0 fnt
|faint|p2a: Jirachi
|
|
|switch|p2a: Lucario|Lucario, M|282\/282
|turn|9
|
|move|p2a: Lucario|Close Combat|p1a: Goodra
|-damage|p1a: Goodra|0 fnt
|-unboost|p2a: Lucario|def|1
|-unboost|p2a: Lucario|spd|1
|-damage|p2a: Lucario|254\/282|[from] item: Life Orb
|faint|p1a: Goodra
|
|
|switch|p1a: Mienshao|Mienshao, M|238\/271
|turn|10
|
|switch|p2a: Chesnaught|Chesnaught, M|377\/380
|move|p1a: Mienshao|High Jump Kick|p2a: Chesnaught
|-damage|p2a: Chesnaught|212\/380
|
|-heal|p2a: Chesnaught|235\/380|[from] item: Leftovers
|turn|11
|
|move|p1a: Mienshao|High Jump Kick|p2a: Chesnaught
|-damage|p2a: Chesnaught|55\/380
|move|p2a: Chesnaught|Leech Seed|p1a: Mienshao
|-start|p1a: Mienshao|move: Leech Seed
|
|-heal|p2a: Chesnaught|78\/380|[from] item: Leftovers
|-damage|p1a: Mienshao|205\/271|[from] Leech Seed|[of] p2a: Chesnaught
|-heal|p2a: Chesnaught|111\/380|[silent]
|turn|12
|
|switch|p1a: Blastoise|Blastoise, F|334\/334
|move|p2a: Chesnaught|Leech Seed|p1a: Blastoise
|-start|p1a: Blastoise|move: Leech Seed
|
|-heal|p2a: Chesnaught|134\/380|[from] item: Leftovers
|-damage|p1a: Blastoise|293\/334|[from] Leech Seed|[of] p2a: Chesnaught
|-heal|p2a: Chesnaught|175\/380|[silent]
|turn|13
|
|switch|p1a: Lucario|Lucario, F|281\/281
|move|p2a: Chesnaught|Spiky Shield|p2a: Chesnaught
|-fail|p2a: Chesnaught
|
|-heal|p2a: Chesnaught|198\/380|[from] item: Leftovers
|turn|14
|
|move|p1a: Lucario|Swords Dance|p1a: Lucario
|-boost|p1a: Lucario|atk|2
|move|p2a: Chesnaught|Hammer Arm|p1a: Lucario
|-supereffective|p1a: Lucario
|-damage|p1a: Lucario|0 fnt
|-unboost|p2a: Chesnaught|spe|1
|faint|p1a: Lucario
|
|-heal|p2a: Chesnaught|221\/380|[from] item: Leftovers
|
|switch|p1a: Blastoise|Blastoise, F|293\/334
|turn|15
|
|detailschange|p1a: Blastoise|Blastoise-Mega, F
|message|Blastoise has Mega Evolved into Mega Blastoise!
|move|p2a: Chesnaught|Spiky Shield|p2a: Chesnaught
|-singleturn|p2a: Chesnaught|move: Protect
|move|p1a: Blastoise|Dragon Pulse|p2a: Chesnaught
|-activate|p2a: Chesnaught|move: Protect
|
|-heal|p2a: Chesnaught|244\/380|[from] item: Leftovers
|turn|16
|
|switch|p1a: Mienshao|Mienshao, M|205\/271
|move|p2a: Chesnaught|Leech Seed|p1a: Mienshao
|-start|p1a: Mienshao|move: Leech Seed
|
|-heal|p2a: Chesnaught|267\/380|[from] item: Leftovers
|-damage|p1a: Mienshao|172\/271|[from] Leech Seed|[of] p2a: Chesnaught
|-heal|p2a: Chesnaught|300\/380|[silent]
|turn|17
|
|move|p2a: Chesnaught|Spiky Shield|p2a: Chesnaught
|-singleturn|p2a: Chesnaught|move: Protect
|move|p1a: Mienshao|High Jump Kick|p2a: Chesnaught
|-activate|p2a: Chesnaught|move: Protect
|-damage|p1a: Mienshao|139\/271|[from] Spiky Shield|[of] p2a: Chesnaught
|-damage|p1a: Mienshao|4\/271|[from] highjumpkick
|
|-heal|p2a: Chesnaught|323\/380|[from] item: Leftovers
|-damage|p1a: Mienshao|0 fnt|[from] Leech Seed|[of] p2a: Chesnaught
|-heal|p2a: Chesnaught|327\/380|[silent]
|faint|p1a: Mienshao
|-message|tuRkizzle forfeited.
|
|win|TofuTroll
|raw|Ladder updating...
|leave|tuRkizzle
|player|p1
|raw|tuRkizzle's rating: 1499 &rarr; <strong>1474<\/strong><br \/>(-25 for losing)
|raw|TofuTroll's rating: 1405 &rarr; <strong>1431<\/strong><br \/>(+26 for winning)