|join|natsu234dragneel
|join|FuckHaxx3
|player|p1|natsu234dragneel|266
|player|p2|FuckHaxx3|274
|gametype|singles
|gen|6
|tier|UU
|rated
|rule|Sleep Clause Mod: Limit one foe put to sleep
|rule|Species Clause: Limit one of each PokÃ©mon
|rule|OHKO Clause: OHKO moves are banned
|rule|Moody Clause: Moody is banned
|rule|Evasion Moves Clause: Evasion moves are banned
|rule|Endless Battle Clause: Forcing endless battles is banned
|rule|HP Percentage Mod: HP is shown in percentages
|clearpoke
|poke|p1|Beedrill, M
|poke|p1|Donphan, F
|poke|p1|Florges, F
|poke|p1|Darmanitan, M, shiny
|poke|p1|Nidoking, M
|poke|p1|Lucario, F, shiny
|poke|p2|Beedrill, M
|poke|p2|Rotom-Heat
|poke|p2|Suicune
|poke|p2|Goodra, M
|poke|p2|Donphan, M
|poke|p2|Bronzong
|rule|Swagger Clause: Swagger is banned
|rule|Baton Pass Clause: Limit one PokÃ©mon knowing Baton Pass
|teampreview
|
|start
|switch|p1a: Stingmon|Beedrill, M|272\/272
|switch|p2a: Rotom-Heat|Rotom-Heat|273\/273
|turn|1
|
|detailschange|p1a: Stingmon|Beedrill-Mega, M
|-mega|p1a: Stingmon|Beedrill|Beedrillite
|move|p1a: Stingmon|Protect|p1a: Stingmon
|-singleturn|p1a: Stingmon|Protect
|move|p2a: Rotom-Heat|Overheat|p1a: Stingmon
|-activate|p1a: Stingmon|Protect
|
|turn|2
|
|switch|p1a: Poison Ivy|Florges, F|360\/360
|move|p2a: Rotom-Heat|Overheat|p1a: Poison Ivy
|-damage|p1a: Poison Ivy|261\/360
|-unboost|p2a: Rotom-Heat|spa|2
|
|-heal|p1a: Poison Ivy|283\/360|[from] item: Leftovers
|turn|3
|
|switch|p2a: Bronzong|Bronzong|338\/338
|move|p1a: Poison Ivy|Toxic|p2a: Bronzong
|-fail|p2a: Bronzong
|
|-heal|p1a: Poison Ivy|305\/360|[from] item: Leftovers
|turn|4
|
|switch|p1a: Elephant-Gun|Donphan, F|384\/384
|move|p2a: Bronzong|Reflect|p2a: Bronzong
|-sidestart|p2: FuckHaxx3|Reflect
|
|turn|5
|
|move|p1a: Elephant-Gun|Stealth Rock|p2a: Bronzong
|-sidestart|p2: FuckHaxx3|move: Stealth Rock
|move|p2a: Bronzong|Toxic|p1a: Elephant-Gun
|-status|p1a: Elephant-Gun|tox
|
|-damage|p1a: Elephant-Gun|360\/384 tox|[from] psn
|turn|6
|
|switch|p1a: Igneel|Darmanitan, M, shiny|352\/352
|switch|p2a: Donphan|Donphan, M|384\/384
|-damage|p2a: Donphan|360\/384|[from] Stealth Rock
|
|-heal|p2a: Donphan|384\/384|[from] item: Leftovers
|turn|7
|
|switch|p1a: Elephant-Gun|Donphan, F|360\/384 tox
|move|p2a: Donphan|Rapid Spin|p1a: Elephant-Gun
|-damage|p1a: Elephant-Gun|347\/384 tox
|-sideend|p2: FuckHaxx3|Stealth Rock|[from] move: Rapid Spin|[of] p2a: Donphan
|
|-heal|p1a: Elephant-Gun|371\/384 tox|[from] item: Leftovers
|-damage|p1a: Elephant-Gun|347\/384 tox|[from] psn
|turn|8
|
|switch|p2a: Goodra|Goodra, M|383\/383
|move|p1a: Elephant-Gun|Rapid Spin|p2a: Goodra
|-damage|p2a: Goodra|371\/383
|-unboost|p1a: Elephant-Gun|spe|1
|
|-heal|p1a: Elephant-Gun|371\/384 tox|[from] item: Leftovers
|-damage|p1a: Elephant-Gun|323\/384 tox|[from] psn
|-sideend|p2: FuckHaxx3|Reflect
|turn|9
|
|switch|p2a: Beedrill|Beedrill, M|271\/271
|move|p1a: Elephant-Gun|Stealth Rock|p2a: Beedrill
|-sidestart|p2: FuckHaxx3|move: Stealth Rock
|
|-heal|p1a: Elephant-Gun|347\/384 tox|[from] item: Leftovers
|-damage|p1a: Elephant-Gun|275\/384 tox|[from] psn
|turn|10
|
|move|p2a: Beedrill|U-turn|p1a: Elephant-Gun
|-damage|p1a: Elephant-Gun|212\/384 tox
|c|ânatsu234dragneel|fasteeer
|
|switch|p2a: Donphan|Donphan, M|384\/384
|-damage|p2a: Donphan|360\/384|[from] Stealth Rock
|move|p1a: Elephant-Gun|Earthquake|p2a: Donphan
|-damage|p2a: Donphan|270\/384
|
|-heal|p2a: Donphan|294\/384|[from] item: Leftovers
|-heal|p1a: Elephant-Gun|236\/384 tox|[from] item: Leftovers
|-damage|p1a: Elephant-Gun|140\/384 tox|[from] psn
|turn|11
|
|switch|p1a: Cobra|Nidoking, M|304\/304
|move|p2a: Donphan|Rapid Spin|p1a: Cobra
|-damage|p1a: Cobra|281\/304
|-sideend|p2: FuckHaxx3|Stealth Rock|[from] move: Rapid Spin|[of] p2a: Donphan
|
|-heal|p2a: Donphan|318\/384|[from] item: Leftovers
|turn|12
|
|switch|p2a: Goodra|Goodra, M|371\/383
|move|p1a: Cobra|Ice Beam|p2a: Goodra
|-supereffective|p2a: Goodra
|-damage|p2a: Goodra|244\/383
|
|turn|13
|
|move|p1a: Cobra|Ice Beam|p2a: Goodra
|-supereffective|p2a: Goodra
|-damage|p2a: Goodra|122\/383
|move|p2a: Goodra|Draco Meteor|p1a: Cobra
|-damage|p1a: Cobra|8\/304
|-unboost|p2a: Goodra|spa|2
|
|turn|14
|
|switch|p2a: Suicune|Suicune|404\/404
|-ability|p2a: Suicune|Pressure
|move|p1a: Cobra|Sludge Wave|p2a: Suicune
|-damage|p2a: Suicune|208\/404
|
|-heal|p2a: Suicune|233\/404|[from] item: Leftovers
|turn|15
|
|move|p1a: Cobra|Sludge Wave|p2a: Suicune
|-damage|p2a: Suicune|54\/404
|move|p2a: Suicune|Scald|p1a: Cobra
|-supereffective|p1a: Cobra
|-damage|p1a: Cobra|0 fnt
|faint|p1a: Cobra
|
|-heal|p2a: Suicune|79\/404|[from] item: Leftovers
|
|switch|p1a: Stingmon|Beedrill-Mega, M|272\/272
|turn|16
|
|switch|p2a: Rotom-Heat|Rotom-Heat|273\/273
|move|p1a: Stingmon|Knock Off|p2a: Rotom-Heat
|-damage|p2a: Rotom-Heat|152\/273
|-enditem|p2a: Rotom-Heat|Choice Scarf|[from] move: Knock Off|[of] p1a: Stingmon
|
|turn|17
|
|switch|p2a: Bronzong|Bronzong|338\/338
|move|p1a: Stingmon|U-turn|p2a: Bronzong
|-damage|p2a: Bronzong|184\/338
|c|ânatsu234dragneel|no scarfer?
|c|ânatsu234dragneel|hmmm\
|
|switch|p1a: Igneel|Darmanitan, M, shiny|352\/352
|
|-heal|p2a: Bronzong|205\/338|[from] item: Leftovers
|turn|18
|
|switch|p2a: Suicune|Suicune|79\/404
|-ability|p2a: Suicune|Pressure
|move|p1a: Igneel|Flare Blitz|p2a: Suicune
|-resisted|p2a: Suicune
|-damage|p2a: Suicune|0 fnt
|-damage|p1a: Igneel|326\/352|[from] recoil|[of] p2a: Suicune
|faint|p2a: Suicune
|
|
|switch|p2a: Donphan|Donphan, M|318\/384
|turn|19
|
|move|p1a: Igneel|Flare Blitz|p2a: Donphan
|-damage|p2a: Donphan|96\/384
|-damage|p1a: Igneel|253\/352|[from] recoil|[of] p2a: Donphan
|move|p2a: Donphan|Stealth Rock|p1a: Igneel
|-sidestart|p1: natsu234dragneel|move: Stealth Rock
|
|-heal|p2a: Donphan|120\/384|[from] item: Leftovers
|turn|20
|
|move|p1a: Igneel|Flare Blitz|p2a: Donphan
|-damage|p2a: Donphan|0 fnt
|-damage|p1a: Igneel|213\/352|[from] recoil|[of] p2a: Donphan
|faint|p2a: Donphan
|
|c|ânatsu234dragneel|sweep?
|
|switch|p2a: Rotom-Heat|Rotom-Heat|152\/273
|turn|21
|c|âFuckHaxx3|Tg :(
|
|switch|p1a: Elephant-Gun|Donphan, F|140\/384 tox
|-damage|p1a: Elephant-Gun|116\/384 tox|[from] Stealth Rock
|move|p2a: Rotom-Heat|Volt Switch|p1a: Elephant-Gun
|-immune|p1a: Elephant-Gun|[msg]
|
|-heal|p1a: Elephant-Gun|140\/384 tox|[from] item: Leftovers
|-damage|p1a: Elephant-Gun|116\/384 tox|[from] psn
|turn|22
|c|ânatsu234dragneel|??
|
|move|p2a: Rotom-Heat|Trick|p1a: Elephant-Gun
|-activate|p2a: Rotom-Heat|move: Trick|[of] p1a: Elephant-Gun
|-item|p2a: Rotom-Heat|Leftovers|[from] move: Trick
|move|p1a: Elephant-Gun|Rapid Spin|p2a: Rotom-Heat
|-damage|p2a: Rotom-Heat|132\/273
|-sideend|p1: natsu234dragneel|Stealth Rock|[from] move: Rapid Spin|[of] p1a: Elephant-Gun
|
|-heal|p2a: Rotom-Heat|149\/273|[from] item: Leftovers
|-damage|p1a: Elephant-Gun|68\/384 tox|[from] psn
|turn|23
|
|switch|p2a: Beedrill|Beedrill, M|271\/271
|move|p1a: Elephant-Gun|Stealth Rock|p2a: Beedrill
|-sidestart|p2: FuckHaxx3|move: Stealth Rock
|
|-damage|p1a: Elephant-Gun|0 fnt|[from] psn
|faint|p1a: Elephant-Gun
|
|switch|p1a: Igneel|Darmanitan, M, shiny|213\/352
|turn|24
|
|switch|p2a: Goodra|Goodra, M|122\/383
|-damage|p2a: Goodra|75\/383|[from] Stealth Rock
|move|p1a: Igneel|Flare Blitz|p2a: Goodra
|-resisted|p2a: Goodra
|-damage|p2a: Goodra|0 fnt
|-unboost|p1a: Igneel|spe|1
|-damage|p1a: Igneel|188\/352|[from] recoil|[of] p2a: Goodra
|faint|p2a: Goodra
|
|
|switch|p2a: Beedrill|Beedrill, M|271\/271
|-damage|p2a: Beedrill|204\/271|[from] Stealth Rock
|turn|25
|
|switch|p1a: Poison Ivy|Florges, F|305\/360
|detailschange|p2a: Beedrill|Beedrill-Mega, M
|-mega|p2a: Beedrill|Beedrill|Beedrillite
|move|p2a: Beedrill|Drill Run|p1a: Poison Ivy
|-damage|p1a: Poison Ivy|166\/360
|
|-heal|p1a: Poison Ivy|188\/360|[from] item: Leftovers
|turn|26
|
|move|p2a: Beedrill|Poison Jab|p1a: Poison Ivy
|-supereffective|p1a: Poison Ivy
|-damage|p1a: Poison Ivy|0 fnt
|faint|p1a: Poison Ivy
|
|
|switch|p1a: Igneel|Darmanitan, M, shiny|188\/352
|turn|27
|c|âFuckHaxx3|Choice band oO
|c|ânatsu234dragneel|yes
|
|move|p1a: Igneel|Flare Blitz|p2a: Beedrill
|-supereffective|p2a: Beedrill
|-damage|p2a: Beedrill|0 fnt
|-damage|p1a: Igneel|121\/352|[from] recoil|[of] p2a: Beedrill
|faint|p2a: Beedrill
|
|c|âFuckHaxx3|Fuck
|c|ânatsu234dragneel|scarfed sorry
|c|âFuckHaxx3|Menteur de Merde
|-message|FuckHaxx3 forfeited.
|leave|FuckHaxx3
|
|switch|p2a: Rotom-Heat|Rotom-Heat|149\/273
|-damage|p2a: Rotom-Heat|81\/273|[from] Stealth Rock
|turn|28
|
|win|natsu234dragneel
|raw|Ladder updating...
|player|p2
|raw|natsu234dragneel's rating: 1366 &rarr; <strong>1381<\/strong><br \/>(+15 for winning)
|raw|FuckHaxx3's rating: 1279 &rarr; <strong>1260<\/strong><br \/>(-19 for losing)