|join|Ollstar
|join|FuckHaxx3
|player|p1|Ollstar|221
|player|p2|FuckHaxx3|33
|gametype|singles
|gen|6
|tier|UU
|rated
|rule|Sleep Clause Mod: Limit one foe put to sleep
|rule|Species Clause: Limit one of each PokÃ©mon
|rule|OHKO Clause: OHKO moves are banned
|rule|Moody Clause: Moody is banned
|rule|Evasion Moves Clause: Evasion moves are banned
|rule|Endless Battle Clause: Forcing endless battles is banned
|rule|HP Percentage Mod: HP is shown in percentages
|clearpoke
|poke|p1|Sharpedo, M
|poke|p1|Snorlax, F, shiny
|poke|p1|Donphan, F
|poke|p1|Porygon-Z
|poke|p1|Lucario, M
|poke|p1|Trevenant, M, shiny
|poke|p2|Blastoise, F, shiny
|poke|p2|Haxorus, F
|poke|p2|Forretress, F
|poke|p2|Rotom-Heat
|poke|p2|Chesnaught, F
|poke|p2|Empoleon, F
|rule|Swagger Clause: Swagger is banned
|rule|Baton Pass Clause: Limit one PokÃ©mon knowing Baton Pass
|teampreview
|
|start
|switch|p1a: Virus.exe|Porygon-Z|311\/311
|switch|p2a: Empoleon|Empoleon, F|372\/372
|turn|1
|
|switch|p2a: Rotom-Heat|Rotom-Heat|304\/304
|move|p1a: Virus.exe|Thunderbolt|p2a: Rotom-Heat
|-resisted|p2a: Rotom-Heat
|-damage|p2a: Rotom-Heat|267\/304
|
|-heal|p2a: Rotom-Heat|286\/304|[from] item: Leftovers
|turn|2
|
|move|p1a: Virus.exe|Thunderbolt|p2a: Rotom-Heat
|-resisted|p2a: Rotom-Heat
|-damage|p2a: Rotom-Heat|246\/304
|move|p2a: Rotom-Heat|Will-O-Wisp|p1a: Virus.exe
|-status|p1a: Virus.exe|brn
|
|-heal|p2a: Rotom-Heat|265\/304|[from] item: Leftovers
|-damage|p1a: Virus.exe|273\/311 brn|[from] brn
|turn|3
|
|switch|p1a: Big Mama|Snorlax, F, shiny|523\/523
|move|p2a: Rotom-Heat|Will-O-Wisp|p1a: Big Mama
|-status|p1a: Big Mama|brn
|
|-heal|p2a: Rotom-Heat|284\/304|[from] item: Leftovers
|-damage|p1a: Big Mama|458\/523 brn|[from] brn
|turn|4
|c|âFuckHaxx3|good name
|c|âFuckHaxx3|:)
|
|move|p2a: Rotom-Heat|Volt Switch|p1a: Big Mama
|-damage|p1a: Big Mama|404\/523 brn
|
|switch|p2a: Chesnaught|Chesnaught, F|379\/379
|move|p1a: Big Mama|Curse|p1a: Big Mama
|-boost|p1a: Big Mama|atk|1
|-boost|p1a: Big Mama|def|1
|-unboost|p1a: Big Mama|spe|1
|
|-heal|p1a: Big Mama|436\/523 brn|[from] item: Leftovers
|-damage|p1a: Big Mama|371\/523 brn|[from] brn
|turn|5
|
|move|p2a: Chesnaught|Drain Punch|p1a: Big Mama
|-supereffective|p1a: Big Mama
|-damage|p1a: Big Mama|189\/523 brn
|move|p1a: Big Mama|Curse|p1a: Big Mama
|-boost|p1a: Big Mama|atk|1
|-boost|p1a: Big Mama|def|1
|-unboost|p1a: Big Mama|spe|1
|
|-heal|p1a: Big Mama|221\/523 brn|[from] item: Leftovers
|-damage|p1a: Big Mama|156\/523 brn|[from] brn
|turn|6
|
|move|p2a: Chesnaught|Drain Punch|p1a: Big Mama
|-supereffective|p1a: Big Mama
|-damage|p1a: Big Mama|16\/523 brn
|move|p1a: Big Mama|Rest|p1a: Big Mama
|-status|p1a: Big Mama|slp
|-heal|p1a: Big Mama|523\/523 slp|[silent]
|-status|p1a: Big Mama|slp|[from] move: Rest
|
|turn|7
|
|move|p2a: Chesnaught|Leech Seed|p1a: Big Mama
|-start|p1a: Big Mama|move: Leech Seed
|cant|p1a: Big Mama|slp
|move|p1a: Big Mama|Sleep Talk|p1a: Big Mama
|move|p1a: Big Mama|Crunch|p2a: Chesnaught|[from]Sleep Talk
|-crit|p2a: Chesnaught
|-resisted|p2a: Chesnaught
|-damage|p2a: Chesnaught|311\/379
|-damage|p1a: Big Mama|436\/523 slp|[from] item: Rocky Helmet|[of] p2a: Chesnaught
|
|-heal|p1a: Big Mama|468\/523 slp|[from] item: Leftovers
|-damage|p1a: Big Mama|403\/523 slp|[from] Leech Seed|[of] p2a: Chesnaught
|-heal|p2a: Chesnaught|376\/379|[silent]
|turn|8
|
|switch|p2a: Blastoise|Blastoise, F, shiny|361\/361
|switch|p1a: Slender|Trevenant, M, shiny|373\/373
|
|turn|9
|
|detailschange|p2a: Blastoise|Blastoise-Mega, F, shiny
|-mega|p2a: Blastoise|Blastoise|Blastoisinite
|move|p2a: Blastoise|Dark Pulse|p1a: Slender
|-supereffective|p1a: Slender
|-damage|p1a: Slender|97\/373
|move|p1a: Slender|Horn Leech|p2a: Blastoise
|-supereffective|p2a: Blastoise
|-damage|p2a: Blastoise|209\/361
|-heal|p1a: Slender|173\/373|[from] drain|[of] p2a: Blastoise
|
|turn|10
|
|move|p2a: Blastoise|Dark Pulse|p1a: Slender
|-supereffective|p1a: Slender
|-damage|p1a: Slender|0 fnt
|faint|p1a: Slender
|
|join|Lucario powa
|
|switch|p1a: Virus.exe|Porygon-Z|273\/311 brn
|turn|11
|
|switch|p2a: Rotom-Heat|Rotom-Heat|284\/304
|move|p1a: Virus.exe|Tri Attack|p2a: Rotom-Heat
|-damage|p2a: Rotom-Heat|140\/304
|
|-heal|p2a: Rotom-Heat|159\/304|[from] item: Leftovers
|-damage|p1a: Virus.exe|235\/311 brn|[from] brn
|turn|12
|c| Lucario powa|t'es weak combat :v
|c|âFuckHaxx3|I prefere ''error404'' :)
|c|âFuckHaxx3|non
|c|âFuckHaxx3|j'ai le moyen de les gerer
|c|âFuckHaxx3|Machamp me fait rien
|c|âFuckHaxx3|quand il est band il me fais moins de 40% sur chesnaught
|c| Lucario powa|lucario close ocmbat LO ?
|c|âFuckHaxx3|j'ai 4ct
|c|âFuckHaxx3|2 revenge kill
|
|move|p1a: Virus.exe|Tri Attack|p2a: Rotom-Heat
|-crit|p2a: Rotom-Heat
|-damage|p2a: Rotom-Heat|0 fnt
|faint|p2a: Rotom-Heat
|
|-damage|p1a: Virus.exe|197\/311 brn|[from] brn
|c| Lucario powa|dat crit ever
|c|âOllstar|sorry
|
|switch|p2a: Empoleon|Empoleon, F|372\/372
|turn|13
|c|âFuckHaxx3|no problem
|
|switch|p1a: Big Mama|Snorlax, F, shiny|403\/523 slp
|move|p2a: Empoleon|Stealth Rock|p1a: Big Mama
|-sidestart|p1: Ollstar|move: Stealth Rock
|
|-heal|p1a: Big Mama|435\/523 slp|[from] item: Leftovers
|turn|14
|
|switch|p2a: Blastoise|Blastoise-Mega, F, shiny|209\/361
|cant|p1a: Big Mama|slp
|move|p1a: Big Mama|Sleep Talk|p1a: Big Mama
|move|p1a: Big Mama|Crunch|p2a: Blastoise|[from]Sleep Talk
|-damage|p2a: Blastoise|147\/361
|
|-heal|p1a: Big Mama|467\/523 slp|[from] item: Leftovers
|turn|15
|
|move|p2a: Blastoise|Aura Sphere|p1a: Big Mama
|-crit|p1a: Big Mama
|-supereffective|p1a: Big Mama
|-damage|p1a: Big Mama|157\/523 slp
|-curestatus|p1a: Big Mama|slp
|move|p1a: Big Mama|Curse|p1a: Big Mama
|-boost|p1a: Big Mama|atk|1
|-boost|p1a: Big Mama|def|1
|-unboost|p1a: Big Mama|spe|1
|
|-heal|p1a: Big Mama|189\/523|[from] item: Leftovers
|turn|16
|c|âFuckHaxx3|oups ^^
|
|move|p2a: Blastoise|Aura Sphere|p1a: Big Mama
|-supereffective|p1a: Big Mama
|-damage|p1a: Big Mama|0 fnt
|faint|p1a: Big Mama
|
|
|switch|p1a: Ultimate Fighter|Lucario, M|281\/281
|-damage|p1a: Ultimate Fighter|273\/281|[from] Stealth Rock
|turn|17
|
|move|p1a: Ultimate Fighter|Close Combat|p2a: Blastoise
|-damage|p2a: Blastoise|0 fnt
|-unboost|p1a: Ultimate Fighter|def|1
|-unboost|p1a: Ultimate Fighter|spd|1
|faint|p2a: Blastoise
|
|c|âFuckHaxx3|scarf...
|c|âFuckHaxx3|mhhhh
|
|switch|p2a: Chesnaught|Chesnaught, F|376\/379
|turn|18
|
|switch|p1a: Donphan|Donphan, F|383\/383
|-damage|p1a: Donphan|360\/383|[from] Stealth Rock
|move|p2a: Chesnaught|Drain Punch|p1a: Donphan
|-damage|p1a: Donphan|302\/383
|-heal|p2a: Chesnaught|379\/379|[from] drain|[of] p1a: Donphan
|
|-heal|p1a: Donphan|325\/383|[from] item: Leftovers
|turn|19
|
|move|p2a: Chesnaught|Leech Seed|p1a: Donphan|[miss]
|-miss|p2a: Chesnaught|p1a: Donphan
|move|p1a: Donphan|Knock Off|p2a: Chesnaught
|-resisted|p2a: Chesnaught
|-damage|p2a: Chesnaught|351\/379
|-damage|p1a: Donphan|262\/383|[from] item: Rocky Helmet|[of] p2a: Chesnaught
|-enditem|p2a: Chesnaught|Rocky Helmet|[from] move: Knock Off|[of] p1a: Donphan
|
|-heal|p1a: Donphan|285\/383|[from] item: Leftovers
|turn|20
|c|âFuckHaxx3|chesnaught finira ce combat
|
|move|p2a: Chesnaught|Leech Seed|p1a: Donphan
|-start|p1a: Donphan|move: Leech Seed
|move|p1a: Donphan|Rapid Spin|p2a: Chesnaught
|-damage|p2a: Chesnaught|338\/379
|-end|p1a: Donphan|Leech Seed|[from] move: Rapid Spin|[of] p1a: Donphan
|-sideend|p1: Ollstar|Stealth Rock|[from] move: Rapid Spin|[of] p1a: Donphan
|
|-heal|p1a: Donphan|308\/383|[from] item: Leftovers
|turn|21
|
|move|p2a: Chesnaught|Seed Bomb|p1a: Donphan
|-supereffective|p1a: Donphan
|-damage|p1a: Donphan|176\/383
|move|p1a: Donphan|Stealth Rock|p2a: Chesnaught
|-sidestart|p2: FuckHaxx3|move: Stealth Rock
|
|-heal|p1a: Donphan|199\/383|[from] item: Leftovers
|turn|22
|
|switch|p1a: Ultimate Fighter|Lucario, M|273\/281
|move|p2a: Chesnaught|Drain Punch|p1a: Ultimate Fighter
|-supereffective|p1a: Ultimate Fighter
|-damage|p1a: Ultimate Fighter|3\/281
|-heal|p2a: Chesnaught|379\/379|[from] drain|[of] p1a: Ultimate Fighter
|
|turn|23
|
|move|p2a: Chesnaught|Spiky Shield|p2a: Chesnaught
|-singleturn|p2a: Chesnaught|move: Protect
|move|p1a: Ultimate Fighter|Close Combat|p2a: Chesnaught
|-activate|p2a: Chesnaught|move: Protect
|-damage|p1a: Ultimate Fighter|0 fnt|[from] Spiky Shield|[of] p2a: Chesnaught
|faint|p1a: Ultimate Fighter
|
|
|switch|p1a: Virus.exe|Porygon-Z|197\/311 brn
|turn|24
|c|âFuckHaxx3|tu as ta rÃ©ponse lucario ?
|
|switch|p2a: Empoleon|Empoleon, F|372\/372
|-damage|p2a: Empoleon|349\/372|[from] Stealth Rock
|move|p1a: Virus.exe|Ice Beam|p2a: Empoleon
|-resisted|p2a: Empoleon
|-damage|p2a: Empoleon|326\/372
|
|-heal|p2a: Empoleon|349\/372|[from] item: Leftovers
|-damage|p1a: Virus.exe|159\/311 brn|[from] brn
|turn|25
|c|âOllstar|english?
|c|âFuckHaxx3|I can speak english and french :)
|
|switch|p1a: Donphan|Donphan, F|199\/383
|switch|p2a: Chesnaught|Chesnaught, F|379\/379
|-damage|p2a: Chesnaught|356\/379|[from] Stealth Rock
|
|-heal|p1a: Donphan|222\/383|[from] item: Leftovers
|turn|26
|c|âOllstar|mon francais est mal
|
|move|p1a: Donphan|Ice Shard|p2a: Chesnaught
|-supereffective|p2a: Chesnaught
|-damage|p2a: Chesnaught|310\/379
|move|p2a: Chesnaught|Seed Bomb|p1a: Donphan
|-supereffective|p1a: Donphan
|-damage|p1a: Donphan|94\/383
|
|-heal|p1a: Donphan|117\/383|[from] item: Leftovers
|turn|27
|c|âFuckHaxx3|aha, no problem
|
|move|p1a: Donphan|Ice Shard|p2a: Chesnaught
|-supereffective|p2a: Chesnaught
|-damage|p2a: Chesnaught|264\/379
|move|p2a: Chesnaught|Seed Bomb|p1a: Donphan
|-supereffective|p1a: Donphan
|-damage|p1a: Donphan|0 fnt
|faint|p1a: Donphan
|
|
|switch|p1a: Kill or Die|Sharpedo, M|281\/281
|turn|28
|
|move|p1a: Kill or Die|Protect|p1a: Kill or Die
|-singleturn|p1a: Kill or Die|Protect
|move|p2a: Chesnaught|Spiky Shield|p2a: Chesnaught
|-fail|p2a: Chesnaught
|
|-boost|p1a: Kill or Die|spe|1|[from] ability: Speed Boost
|turn|29
|
|detailschange|p1a: Kill or Die|Sharpedo-Mega, M
|-mega|p1a: Kill or Die|Sharpedo|Sharpedonite
|move|p1a: Kill or Die|Ice Fang|p2a: Chesnaught
|-supereffective|p2a: Chesnaught
|-damage|p2a: Chesnaught|94\/379
|cant|p2a: Chesnaught|flinch
|
|turn|30
|c|âFuckHaxx3|ce hacc
|c|âFuckHaxx3|haxx*
|c|âFuckHaxx3|dat haxx
|c|âOllstar|its 10% freeze, 20% flinch and 6,7% crit
|c|âFuckHaxx3|pfff
|c|âOllstar|its not that unrealistic
|
|move|p1a: Kill or Die|Protect|p1a: Kill or Die
|-singleturn|p1a: Kill or Die|Protect
|move|p2a: Chesnaught|Spiky Shield|p2a: Chesnaught
|-fail|p2a: Chesnaught
|
|turn|31
|c|âFuckHaxx3|10% to flinch
|
|move|p2a: Chesnaught|Spiky Shield|p2a: Chesnaught
|-singleturn|p2a: Chesnaught|move: Protect
|move|p1a: Kill or Die|Ice Fang|p2a: Chesnaught
|-activate|p2a: Chesnaught|move: Protect
|-damage|p1a: Kill or Die|246\/281|[from] Spiky Shield|[of] p2a: Chesnaught
|
|turn|32
|c| Lucario powa|no fair play
|c|âOllstar|oh, ur right
|
|switch|p2a: Empoleon|Empoleon, F|349\/372
|-damage|p2a: Empoleon|326\/372|[from] Stealth Rock
|move|p1a: Kill or Die|Ice Fang|p2a: Empoleon
|-crit|p2a: Empoleon
|-resisted|p2a: Empoleon
|-damage|p2a: Empoleon|275\/372
|-status|p2a: Empoleon|frz
|
|-heal|p2a: Empoleon|298\/372 frz|[from] item: Leftovers
|turn|33
|c| Lucario powa|omg
|c|âFuckHaxx3|You win with this haxx
|c|âFuckHaxx3|OMG
|c|âFuckHaxx3|--'
|c|âFuckHaxx3|Can you forfeit ?
|c|âOllstar|probably doesnt matter
|c|âOllstar|ur spec def
|
|move|p1a: Kill or Die|Earthquake|p2a: Empoleon
|-supereffective|p2a: Empoleon
|-damage|p2a: Empoleon|0 fnt
|faint|p2a: Empoleon
|
|
|switch|p2a: Forretress|Forretress, F|354\/354
|-damage|p2a: Forretress|310\/354|[from] Stealth Rock
|turn|34
|c|âOllstar|that kills anyway
|c|âFuckHaxx3|so bad player...
|
|move|p1a: Kill or Die|Crunch|p2a: Forretress
|-damage|p2a: Forretress|168\/354
|move|p2a: Forretress|Gyro Ball|p1a: Kill or Die
|-resisted|p1a: Kill or Die
|-damage|p1a: Kill or Die|130\/281
|
|-heal|p2a: Forretress|190\/354|[from] item: Leftovers
|turn|35
|
|move|p1a: Kill or Die|Crunch|p2a: Forretress
|-crit|p2a: Forretress
|-damage|p2a: Forretress|0 fnt
|faint|p2a: Forretress
|
|c|âFuckHaxx3|oO
|c|âFuckHaxx3|STOP
|c| Lucario powa|crit ; flinch and freeze pls
|c|âOllstar|that matteres
|c|âFuckHaxx3|STOP THIS MATCH
|c|âOllstar|sry
|c|âFuckHaxx3|.\/forfeit
|c|âOllstar|never
|c|âFuckHaxx3|If you don't do this action, you're so bad player
|c|âFuckHaxx3|no gg
|
|switch|p2a: Haxorus|Haxorus, F|294\/294
|-damage|p2a: Haxorus|258\/294|[from] Stealth Rock
|-ability|p2a: Haxorus|Mold Breaker
|turn|36
|c|âFuckHaxx3|You're so happy ? Tchang
|c|âOllstar|not accepting haxx as part of the game makes u a bad player
|c|âOllstar|and i would have lived a second gyroball and one more spiky shield anyway
|
|move|p1a: Kill or Die|Ice Fang|p2a: Haxorus
|-supereffective|p2a: Haxorus
|-damage|p2a: Haxorus|0 fnt
|faint|p2a: Haxorus
|
|c|âFuckHaxx3|If you want, I win without this haxx
|c|âFuckHaxx3|fuck you
|
|switch|p2a: Chesnaught|Chesnaught, F|94\/379
|-damage|p2a: Chesnaught|71\/379|[from] Stealth Rock
|turn|37
|
|move|p1a: Kill or Die|Ice Fang|p2a: Chesnaught
|-supereffective|p2a: Chesnaught
|-damage|p2a: Chesnaught|0 fnt
|faint|p2a: Chesnaught
|
|win|Ollstar
|raw|Ladder updating...
|raw|Ollstar's rating: 1329 &rarr; <strong>1351<\/strong><br \/>(+22 for winning)
|raw|FuckHaxx3's rating: 1349 &rarr; <strong>1328<\/strong><br \/>(-21 for losing)
|c|âFuckHaxx3|no gg
|c|âFuckHaxx3|so bad
|leave|Ollstar
|player|p1
|c| Lucario powa|rude de ce faire haxx par un noov