|join|FuckHaxx3
|join|M103
|player|p1|FuckHaxx3|274
|player|p2|M103|170
|gametype|singles
|gen|6
|tier|UU
|rated
|rule|Sleep Clause Mod: Limit one foe put to sleep
|rule|Species Clause: Limit one of each PokÃ©mon
|rule|OHKO Clause: OHKO moves are banned
|rule|Moody Clause: Moody is banned
|rule|Evasion Moves Clause: Evasion moves are banned
|rule|Endless Battle Clause: Forcing endless battles is banned
|rule|HP Percentage Mod: HP is shown in percentages
|clearpoke
|poke|p1|Snorlax, M, shiny
|poke|p1|Crobat, F
|poke|p1|Alomomola, M
|poke|p1|Houndoom, M
|poke|p1|Amoonguss, F
|poke|p1|Krookodile, F
|poke|p2|Raikou
|poke|p2|Rotom-Heat
|poke|p2|Mienshao, F
|poke|p2|Porygon-Z
|poke|p2|Donphan, M
|poke|p2|Umbreon, M
|rule|Swagger Clause: Swagger is banned
|rule|Baton Pass Clause: Limit one PokÃ©mon knowing Baton Pass
|teampreview
|
|start
|switch|p1a: Biatch|Krookodile, F|332\/332
|switch|p2a: Rotom-Heat|Rotom-Heat|241\/241
|-ability|p1a: Biatch|Intimidate|[of] p2a: Rotom-Heat
|-unboost|p2a: Rotom-Heat|atk|1
|turn|1
|
|switch|p1a: Ytreza|Snorlax, M, shiny|524\/524
|move|p2a: Rotom-Heat|Overheat|p1a: Ytreza
|-damage|p1a: Ytreza|445\/524
|-unboost|p2a: Rotom-Heat|spa|2
|
|-heal|p1a: Ytreza|477\/524|[from] item: Leftovers
|turn|2
|
|switch|p2a: Mienshao|Mienshao, F|271\/271
|move|p1a: Ytreza|Frustration|p2a: Mienshao
|-damage|p2a: Mienshao|22\/271
|
|-heal|p1a: Ytreza|509\/524|[from] item: Leftovers
|turn|3
|
|switch|p2a: Rotom-Heat|Rotom-Heat|241\/241
|switch|p1a: Brain fuck..|Alomomola, M|533\/533
|
|turn|4
|
|switch|p1a: Ytreza|Snorlax, M, shiny|509\/524
|move|p2a: Rotom-Heat|Will-O-Wisp|p1a: Ytreza
|-status|p1a: Ytreza|brn
|
|-heal|p1a: Ytreza|524\/524 brn|[from] item: Leftovers
|-damage|p1a: Ytreza|459\/524 brn|[from] brn
|turn|5
|
|switch|p2a: Donphan|Donphan, M|364\/364
|move|p1a: Ytreza|Rest|p1a: Ytreza
|-status|p1a: Ytreza|slp
|-heal|p1a: Ytreza|524\/524 slp|[silent]
|-status|p1a: Ytreza|slp|[from] move: Rest
|
|turn|6
|
|move|p2a: Donphan|Stealth Rock|p1a: Ytreza
|-sidestart|p1: FuckHaxx3|move: Stealth Rock
|cant|p1a: Ytreza|slp
|move|p1a: Ytreza|Sleep Talk|p1a: Ytreza
|move|p1a: Ytreza|Curse|p1a: Ytreza|[from]Sleep Talk
|-boost|p1a: Ytreza|atk|1
|-boost|p1a: Ytreza|def|1
|-unboost|p1a: Ytreza|spe|1
|
|turn|7
|
|switch|p2a: Rotom-Heat|Rotom-Heat|241\/241
|cant|p1a: Ytreza|slp
|move|p1a: Ytreza|Sleep Talk|p1a: Ytreza
|move|p1a: Ytreza|Curse|p1a: Ytreza|[from]Sleep Talk
|-boost|p1a: Ytreza|atk|1
|-boost|p1a: Ytreza|def|1
|-unboost|p1a: Ytreza|spe|1
|
|turn|8
|join|Zzrime
|
|move|p2a: Rotom-Heat|Trick|p1a: Ytreza
|-activate|p2a: Rotom-Heat|move: Trick|[of] p1a: Ytreza
|-item|p1a: Ytreza|Choice Scarf|[from] move: Trick
|-item|p2a: Rotom-Heat|Leftovers|[from] move: Trick
|-curestatus|p1a: Ytreza|slp
|move|p1a: Ytreza|Frustration|p2a: Rotom-Heat
|-damage|p2a: Rotom-Heat|0 fnt
|faint|p2a: Rotom-Heat
|
|c|âFuckHaxx3|rip
|c| Zzrime|Han se combo alomomola \/ Amoonguss
|c|âFuckHaxx3|xD
|
|switch|p2a: Porygon-Z|Porygon-Z|311\/311
|turn|9
|c|âFuckHaxx3|tellement pupute
|c| Zzrime|y
|c|âFuckHaxx3|je me suis dis que je devais me vanger de toute ses defaites pour rien
|
|move|p2a: Porygon-Z|Tri Attack|p1a: Ytreza
|-damage|p1a: Ytreza|352\/524
|move|p1a: Ytreza|Frustration|p2a: Porygon-Z
|-damage|p2a: Porygon-Z|0 fnt
|faint|p2a: Porygon-Z
|
|c| Zzrime|:o
|c|âFuckHaxx3|Voici ma revanche mon cher
|c| Zzrime|lol
|
|switch|p2a: Mienshao|Mienshao, F|112\/271
|turn|10
|
|switch|p1a: Eboola|Crobat, F|374\/374
|-damage|p1a: Eboola|281\/374|[from] Stealth Rock
|move|p2a: Mienshao|High Jump Kick|p1a: Eboola|[miss]
|-miss|p2a: Mienshao|p1a: Eboola
|-damage|p2a: Mienshao|0 fnt|[from] highjumpkick
|faint|p2a: Mienshao
|
|-heal|p1a: Eboola|304\/374|[from] item: Black Sludge
|
|switch|p2a: Raikou|Raikou|322\/322
|-ability|p2a: Raikou|Pressure
|turn|11
|
|switch|p1a: ploplo|Amoonguss, F|432\/432
|-damage|p1a: ploplo|378\/432|[from] Stealth Rock
|move|p2a: Raikou|Hidden Power|p1a: ploplo
|-resisted|p1a: ploplo
|-damage|p1a: ploplo|356\/432
|
|-heal|p1a: ploplo|383\/432|[from] item: Black Sludge
|turn|12
|-message|M103 forfeited.
|leave|M103
|
|win|FuckHaxx3
|raw|Ladder updating...
|player|p2
|raw|FuckHaxx3's rating: 1307 &rarr; <strong>1325<\/strong><br \/>(+18 for winning)
|raw|M103's rating: 1269 &rarr; <strong>1247<\/strong><br \/>(-22 for losing)
|c| Zzrime|Eboola :O
|c|âFuckHaxx3|mddr