|join|ultimateturky
|join|FuckHaxx3
|player|p1|ultimateturky|265
|player|p2|FuckHaxx3|274
|gametype|singles
|gen|6
|tier|UU
|rated
|rule|Sleep Clause Mod: Limit one foe put to sleep
|rule|Species Clause: Limit one of each PokÃ©mon
|rule|OHKO Clause: OHKO moves are banned
|rule|Moody Clause: Moody is banned
|rule|Evasion Moves Clause: Evasion moves are banned
|rule|Endless Battle Clause: Forcing endless battles is banned
|rule|HP Percentage Mod: HP is shown in percentages
|clearpoke
|poke|p1|Sharpedo, M, shiny
|poke|p1|Doublade, F, shiny
|poke|p1|Rotom-Heat
|poke|p1|Mienshao, F
|poke|p1|Donphan, M, shiny
|poke|p1|Alakazam, M
|poke|p2|Aerodactyl, F
|poke|p2|Chesnaught, M
|poke|p2|Cofagrigus, M
|poke|p2|Umbreon, F
|poke|p2|Rotom-Heat
|poke|p2|Empoleon, M
|rule|Swagger Clause: Swagger is banned
|rule|Baton Pass Clause: Limit one PokÃ©mon knowing Baton Pass
|teampreview
|
|start
|switch|p1a: Faker|Mienshao, F|271\/271
|switch|p2a: Rotom-Heat|Rotom-Heat|280\/280
|turn|1
|join|Linkoooooo45
|join|Winiarz4ever
|
|switch|p2a: Cofagrigus|Cofagrigus, M|320\/320
|move|p1a: Faker|Fake Out|p2a: Cofagrigus
|-immune|p2a: Cofagrigus|[msg]
|
|turn|2
|c|âultimateturky|R these ur friends
|c| Linkoooooo45|hello
|c|âultimateturky|Hi
|c|âFuckHaxx3|Hi!
|c| Winiarz4ever|hellort
|c|âFuckHaxx3|Lol ^^
|
|switch|p1a: EZ|Rotom-Heat|303\/303
|move|p2a: Cofagrigus|Will-O-Wisp|p1a: EZ
|-fail|p1a: EZ
|
|turn|3
|c| Winiarz4ever|why you laugh at me
|
|switch|p2a: Rotom-Heat|Rotom-Heat|280\/280
|move|p1a: EZ|Volt Switch|p2a: Rotom-Heat
|-resisted|p2a: Rotom-Heat
|-damage|p2a: Rotom-Heat|241\/280
|c| Winiarz4ever|i just say hellort that not funny
|c|âultimateturky|That not funny?
|c|âFuckHaxx3|Hellort it's my dog, Sorry ^^
|c| Winiarz4ever|why you make fun of me ?
|c| Winiarz4ever|is it because i foreign?
|c|âultimateturky|Sorry that not funny
|c|âFuckHaxx3|Hey, don't mad!
|
|switch|p1a: Phanny|Donphan, M, shiny|383\/383
|
|turn|4
|c| Winiarz4ever|thanks you for apologize
|
|move|p2a: Rotom-Heat|Will-O-Wisp|p1a: Phanny
|-status|p1a: Phanny|brn
|move|p1a: Phanny|Stealth Rock|p2a: Rotom-Heat
|-sidestart|p2: FuckHaxx3|move: Stealth Rock
|
|-damage|p1a: Phanny|336\/383 brn|[from] brn
|turn|5
|c| Winiarz4ever|you cannot harm
|c|âFuckHaxx3|Zzz
|
|switch|p2a: Chesnaught|Chesnaught, M|380\/380
|-damage|p2a: Chesnaught|357\/380|[from] Stealth Rock
|move|p1a: Phanny|Earthquake|p2a: Chesnaught
|-resisted|p2a: Chesnaught
|-damage|p2a: Chesnaught|337\/380
|
|-heal|p1a: Phanny|359\/383 brn|[from] item: Leftovers
|-damage|p1a: Phanny|312\/383 brn|[from] brn
|turn|6
|c| Winiarz4ever|what zzz mean ?
|c|âFuckHaxx3|Rhalala... pourquoi le prendre mal...?
|c|âultimateturky|What?
|c| Winiarz4ever|what you say ?
|
|switch|p1a: Thirsty|Doublade, F, shiny|321\/321
|move|p2a: Chesnaught|Leech Seed|p1a: Thirsty
|-start|p1a: Thirsty|move: Leech Seed
|
|-damage|p1a: Thirsty|281\/321|[from] Leech Seed|[of] p2a: Chesnaught
|-heal|p2a: Chesnaught|377\/380|[silent]
|turn|7
|c|âFuckHaxx3|You don't know?
|c| Winiarz4ever|are you make fun of me because i foreign ?
|c| Winiarz4ever|this is harm
|
|switch|p2a: Empoleon|Empoleon, M|372\/372
|-damage|p2a: Empoleon|349\/372|[from] Stealth Rock
|move|p1a: Thirsty|Sacred Sword|p2a: Empoleon
|-supereffective|p2a: Empoleon
|-damage|p2a: Empoleon|167\/372
|
|-heal|p2a: Empoleon|190\/372|[from] item: Leftovers
|-damage|p1a: Thirsty|241\/321|[from] Leech Seed|[of] p2a: Empoleon
|-heal|p2a: Empoleon|230\/372|[silent]
|turn|8
|c| Winiarz4ever|i shall report you
|c|âultimateturky|K
|c| Winiarz4ever|L
|c|âultimateturky|No one cares
|c| Winiarz4ever|i care because you harm
|c|âultimateturky|this is pokemon
|c|âFuckHaxx3|You detest when The people is happy?
|c|âultimateturky|You harm lol
|
|switch|p1a: EZ|Rotom-Heat|303\/303
|move|p2a: Empoleon|Defog|p1a: EZ
|-unboost|p1a: EZ|evasion|1
|-sideend|p2: FuckHaxx3|Stealth Rock|[from] move: Defog|[of] p2a: Empoleon
|
|-heal|p2a: Empoleon|253\/372|[from] item: Leftovers
|turn|9
|c| Winiarz4ever|i shall report you name for harm
|c|âFuckHaxx3|Harm?
|c| Winiarz4ever|you harmed me
|c|âultimateturky|You name?
|c| Winiarz4ever|FuckHaxx3 name is harm
|c|âFuckHaxx3|How? What The fuck...?
|c|âFuckHaxx3|It's not a harm?
|c| Winiarz4ever|that name is harm
|c|âFuckHaxx3|Tu cherche peut Ãªtre les ennuis?
|c|âultimateturky|Ew french
|c|âFuckHaxx3|For you? Not for a lots of people
|c|âultimateturky|greasy ass
|c| Winiarz4ever|watch you language
|c|âultimateturky|Take a shower
|c|âFuckHaxx3|I have this name because i dislike The haxx...
|c| Winiarz4ever|you could just say " harmhaxx3 "
|
|switch|p2a: Umbreon|Umbreon, F|394\/394
|move|p1a: EZ|Will-O-Wisp|p2a: Umbreon
|-status|p2a: Umbreon|brn
|
|-damage|p2a: Umbreon|345\/394 brn|[from] brn
|turn|10
|c|âFuckHaxx3|Hoho, nope! Occupe toi de tes affaires, je ne suis pas la pour avvoir des blem avec toi!
|c| Winiarz4ever|what is harm
|
|move|p1a: EZ|Volt Switch|p2a: Umbreon
|-damage|p2a: Umbreon|296\/394 brn
|leave|Winiarz4ever
|
|switch|p1a: Faker|Mienshao, F|271\/271
|move|p2a: Umbreon|Heal Bell|p2a: Umbreon
|-cureteam|p2a: Umbreon|[from] move: HealBell
|
|-heal|p2a: Umbreon|320\/394|[from] item: Leftovers
|turn|11
|c|âFuckHaxx3|Ultimateturky, do you know this man?
|c|âultimateturky|No
|
|move|p1a: Faker|Knock Off|p2a: Umbreon
|-resisted|p2a: Umbreon
|-damage|p2a: Umbreon|256\/394
|-enditem|p2a: Umbreon|Leftovers|[from] move: Knock Off|[of] p1a: Faker
|-damage|p1a: Faker|244\/271|[from] item: Life Orb
|move|p2a: Umbreon|Heal Bell|p2a: Umbreon
|-cureteam|p2a: Umbreon|[from] move: HealBell
|
|turn|12
|c|âFuckHaxx3|My name is Ã  harm?
|c|âultimateturky|No
|c|âFuckHaxx3|Thanks you....
|
|switch|p2a: Chesnaught|Chesnaught, M|377\/380
|move|p1a: Faker|Knock Off|p2a: Chesnaught
|-resisted|p2a: Chesnaught
|-damage|p2a: Chesnaught|329\/380
|-damage|p1a: Faker|199\/271|[from] item: Rocky Helmet|[of] p2a: Chesnaught
|-enditem|p2a: Chesnaught|Rocky Helmet|[from] move: Knock Off|[of] p1a: Faker
|-damage|p1a: Faker|172\/271|[from] item: Life Orb
|
|turn|13
|
|move|p1a: Faker|U-turn|p2a: Chesnaught
|-damage|p2a: Chesnaught|260\/380
|-damage|p1a: Faker|145\/271|[from] item: Life Orb
|
|switch|p1a: Alakazam|Alakazam, M|251\/251
|move|p2a: Chesnaught|Leech Seed|p1a: Alakazam
|-start|p1a: Alakazam|move: Leech Seed
|
|turn|14
|
|move|p2a: Chesnaught|Spiky Shield|p2a: Chesnaught
|-singleturn|p2a: Chesnaught|move: Protect
|move|p1a: Alakazam|Dazzling Gleam|p2a: Chesnaught
|-activate|p2a: Chesnaught|move: Protect
|
|turn|15
|
|switch|p2a: Umbreon|Umbreon, F|256\/394
|move|p1a: Alakazam|Energy Ball|p2a: Umbreon
|-damage|p2a: Umbreon|195\/394
|
|turn|16
|
|move|p2a: Umbreon|Protect|p2a: Umbreon
|-singleturn|p2a: Umbreon|Protect
|move|p1a: Alakazam|Dazzling Gleam|p2a: Umbreon
|-activate|p2a: Umbreon|Protect
|
|turn|17
|join|Panure
|c| Panure|ur name is boloÃ§
|leave|Panure
|c|âFuckHaxx3|Aha
|
|move|p1a: Alakazam|Dazzling Gleam|p2a: Umbreon
|-supereffective|p2a: Umbreon
|-damage|p2a: Umbreon|71\/394
|move|p2a: Umbreon|Wish|p2a: Umbreon
|
|turn|18
|c|âFuckHaxx3|Panure = friend
|c|âultimateturky|What?
|
|move|p2a: Umbreon|Protect|p2a: Umbreon
|-singleturn|p2a: Umbreon|Protect
|move|p1a: Alakazam|Dazzling Gleam|p2a: Umbreon
|-activate|p2a: Umbreon|Protect
|
|-heal|p2a: Umbreon|268\/394|[from] move: Wish|[wisher] Umbreon
|turn|19
|
|move|p1a: Alakazam|Dazzling Gleam|p2a: Umbreon
|-supereffective|p2a: Umbreon
|-damage|p2a: Umbreon|144\/394
|move|p2a: Umbreon|Wish|p2a: Umbreon
|
|turn|20
|
|switch|p1a: Faker|Mienshao, F|235\/271
|move|p2a: Umbreon|Protect|p2a: Umbreon
|-fail|p2a: Umbreon
|
|-heal|p2a: Umbreon|341\/394|[from] move: Wish|[wisher] Umbreon
|turn|21
|c|âultimateturky|Turn 20 no pokemon dead
|c|âFuckHaxx3|Sorry, can you stop The timer please
|c|âFuckHaxx3|?
|c|âFuckHaxx3|Sorry for The time
|c|âultimateturky|Y
|c|âFuckHaxx3|Thank you
|
|move|p2a: Umbreon|Protect|p2a: Umbreon
|-singleturn|p2a: Umbreon|Protect
|move|p1a: Faker|Fake Out|p2a: Umbreon
|-activate|p2a: Umbreon|Protect
|
|turn|22
|
|switch|p2a: Cofagrigus|Cofagrigus, M|320\/320
|move|p1a: Faker|Knock Off|p2a: Cofagrigus
|-supereffective|p2a: Cofagrigus
|-damage|p2a: Cofagrigus|167\/320
|-endability|p1a: Faker|regenerator|[from] Mummy
|-ability|p1a: Faker|Mummy|[from] Mummy
|-enditem|p2a: Cofagrigus|Leftovers|[from] move: Knock Off|[of] p1a: Faker
|-damage|p1a: Faker|208\/271|[from] item: Life Orb
|
|turn|23
|
|move|p1a: Faker|U-turn|p2a: Cofagrigus
|-resisted|p2a: Cofagrigus
|-damage|p2a: Cofagrigus|136\/320
|-damage|p1a: Faker|181\/271|[from] item: Life Orb
|
|switch|p1a: Phanny|Donphan, M, shiny|312\/383 brn
|move|p2a: Cofagrigus|Will-O-Wisp|p1a: Phanny
|-fail|p1a: Phanny|brn
|
|-heal|p1a: Phanny|335\/383 brn|[from] item: Leftovers
|-damage|p1a: Phanny|288\/383 brn|[from] brn
|turn|24
|leave|Linkoooooo45
|
|move|p1a: Phanny|Earthquake|p2a: Cofagrigus
|-damage|p2a: Cofagrigus|99\/320
|move|p2a: Cofagrigus|Hex|p1a: Phanny
|-damage|p1a: Phanny|51\/383 brn
|
|-heal|p1a: Phanny|74\/383 brn|[from] item: Leftovers
|-damage|p1a: Phanny|27\/383 brn|[from] brn
|turn|25
|
|move|p1a: Phanny|Earthquake|p2a: Cofagrigus
|-damage|p2a: Cofagrigus|62\/320
|move|p2a: Cofagrigus|Calm Mind|p2a: Cofagrigus
|-boost|p2a: Cofagrigus|spa|1
|-boost|p2a: Cofagrigus|spd|1
|
|-heal|p1a: Phanny|50\/383 brn|[from] item: Leftovers
|-damage|p1a: Phanny|3\/383 brn|[from] brn
|turn|26
|c|âultimateturky|1%
|
|move|p1a: Phanny|Earthquake|p2a: Cofagrigus
|-damage|p2a: Cofagrigus|25\/320
|move|p2a: Cofagrigus|Rest|p2a: Cofagrigus
|-status|p2a: Cofagrigus|slp
|-heal|p2a: Cofagrigus|320\/320 slp|[silent]
|-status|p2a: Cofagrigus|slp|[from] move: Rest
|
|-heal|p1a: Phanny|26\/383 brn|[from] item: Leftovers
|-damage|p1a: Phanny|0 fnt|[from] brn
|faint|p1a: Phanny
|c|âFuckHaxx3|Lol
|
|switch|p1a: BlackPplDieFirst|Sharpedo, M, shiny|281\/281
|turn|27
|c|âFuckHaxx3|1st killed
|
|switch|p2a: Chesnaught|Chesnaught, M|260\/380
|move|p1a: BlackPplDieFirst|Protect|p1a: BlackPplDieFirst
|-fail|p1a: BlackPplDieFirst
|
|-boost|p1a: BlackPplDieFirst|spe|1|[from] ability: Speed Boost
|turn|28
|
|move|p1a: BlackPplDieFirst|Protect|p1a: BlackPplDieFirst
|-singleturn|p1a: BlackPplDieFirst|Protect
|move|p2a: Chesnaught|Spiky Shield|p2a: Chesnaught
|-fail|p2a: Chesnaught
|
|-boost|p1a: BlackPplDieFirst|spe|1|[from] ability: Speed Boost
|turn|29
|
|switch|p1a: Alakazam|Alakazam, M|251\/251
|move|p2a: Chesnaught|Spiky Shield|p2a: Chesnaught
|-fail|p2a: Chesnaught
|
|turn|30
|
|switch|p2a: Umbreon|Umbreon, F|341\/394
|move|p1a: Alakazam|Dazzling Gleam|p2a: Umbreon
|-supereffective|p2a: Umbreon
|-damage|p2a: Umbreon|225\/394
|
|turn|31
|
|switch|p1a: Thirsty|Doublade, F, shiny|241\/321
|move|p2a: Umbreon|Foul Play|p1a: Thirsty
|-supereffective|p1a: Thirsty
|-damage|p1a: Thirsty|143\/321
|
|turn|32
|
|move|p2a: Umbreon|Protect|p2a: Umbreon
|-singleturn|p2a: Umbreon|Protect
|move|p1a: Thirsty|Swords Dance|p1a: Thirsty
|-boost|p1a: Thirsty|atk|2
|
|turn|33
|
|switch|p2a: Chesnaught|Chesnaught, M|260\/380
|move|p1a: Thirsty|Sacred Sword|p2a: Chesnaught
|-damage|p2a: Chesnaught|165\/380
|
|turn|34
|
|move|p2a: Chesnaught|Leech Seed|p1a: Thirsty
|-start|p1a: Thirsty|move: Leech Seed
|move|p1a: Thirsty|Swords Dance|p1a: Thirsty
|-boost|p1a: Thirsty|atk|2
|
|-damage|p1a: Thirsty|103\/321|[from] Leech Seed|[of] p2a: Chesnaught
|-heal|p2a: Chesnaught|205\/380|[silent]
|turn|35
|
|move|p2a: Chesnaught|Spiky Shield|p2a: Chesnaught
|-singleturn|p2a: Chesnaught|move: Protect
|move|p1a: Thirsty|Swords Dance|p1a: Thirsty
|-boost|p1a: Thirsty|atk|2
|
|-damage|p1a: Thirsty|63\/321|[from] Leech Seed|[of] p2a: Chesnaught
|-heal|p2a: Chesnaught|245\/380|[silent]
|turn|36
|c|âFuckHaxx3|Good...
|
|move|p2a: Chesnaught|Spiky Shield|p2a: Chesnaught
|-fail|p2a: Chesnaught
|move|p1a: Thirsty|Sacred Sword|p2a: Chesnaught
|-damage|p2a: Chesnaught|44\/380
|
|-damage|p1a: Thirsty|23\/321|[from] Leech Seed|[of] p2a: Chesnaught
|-heal|p2a: Chesnaught|84\/380|[silent]
|turn|37
|
|switch|p1a: EZ|Rotom-Heat|303\/303
|move|p2a: Chesnaught|Spiky Shield|p2a: Chesnaught
|-fail|p2a: Chesnaught
|
|turn|38
|
|switch|p2a: Rotom-Heat|Rotom-Heat|241\/280
|move|p1a: EZ|Overheat|p2a: Rotom-Heat
|-resisted|p2a: Rotom-Heat
|-damage|p2a: Rotom-Heat|170\/280
|-unboost|p1a: EZ|spa|2
|
|turn|39
|
|move|p2a: Rotom-Heat|Volt Switch|p1a: EZ
|-resisted|p1a: EZ
|-damage|p1a: EZ|266\/303
|
|switch|p2a: Cofagrigus|Cofagrigus, M|320\/320 slp
|move|p1a: EZ|Volt Switch|p2a: Cofagrigus
|-damage|p2a: Cofagrigus|275\/320 slp
|c|âultimateturky|Longest game ever
|
|switch|p1a: BlackPplDieFirst|Sharpedo, M, shiny|281\/281
|
|turn|40
|
|detailschange|p1a: BlackPplDieFirst|Sharpedo-Mega, M, shiny
|-mega|p1a: BlackPplDieFirst|Sharpedo|Sharpedonite
|move|p1a: BlackPplDieFirst|Crunch|p2a: Cofagrigus
|-supereffective|p2a: Cofagrigus
|-damage|p2a: Cofagrigus|5\/320 slp
|-endability|p1a: BlackPplDieFirst|strongjaw|[from] Mummy
|-ability|p1a: BlackPplDieFirst|Mummy|[from] Mummy
|-unboost|p2a: Cofagrigus|def|1
|cant|p2a: Cofagrigus|slp
|
|turn|41
|
|switch|p2a: Chesnaught|Chesnaught, M|84\/380
|move|p1a: BlackPplDieFirst|Crunch|p2a: Chesnaught
|-resisted|p2a: Chesnaught
|-damage|p2a: Chesnaught|33\/380
|
|turn|42
|
|move|p1a: BlackPplDieFirst|Ice Fang|p2a: Chesnaught
|-supereffective|p2a: Chesnaught
|-damage|p2a: Chesnaught|0 fnt
|faint|p2a: Chesnaught
|
|
|switch|p2a: Aerodactyl|Aerodactyl, F|302\/302
|turn|43
|
|detailschange|p2a: Aerodactyl|Aerodactyl-Mega, F
|-mega|p2a: Aerodactyl|Aerodactyl|Aerodactylite
|move|p2a: Aerodactyl|Aerial Ace|p1a: BlackPplDieFirst
|-damage|p1a: BlackPplDieFirst|79\/281
|-endability|p2a: Aerodactyl|toughclaws|[from] Mummy
|-ability|p2a: Aerodactyl|Mummy|[from] Mummy
|move|p1a: BlackPplDieFirst|Waterfall|p2a: Aerodactyl
|-supereffective|p2a: Aerodactyl
|-damage|p2a: Aerodactyl|0 fnt
|faint|p2a: Aerodactyl
|
|
|switch|p2a: Rotom-Heat|Rotom-Heat|170\/280
|turn|44
|
|move|p2a: Rotom-Heat|Volt Switch|p1a: BlackPplDieFirst
|-crit|p1a: BlackPplDieFirst
|-supereffective|p1a: BlackPplDieFirst
|-damage|p1a: BlackPplDieFirst|0 fnt
|faint|p1a: BlackPplDieFirst
|
|switch|p2a: Cofagrigus|Cofagrigus, M|5\/320 slp
|
|
|switch|p1a: Thirsty|Doublade, F, shiny|23\/321
|turn|45
|
|move|p1a: Thirsty|Shadow Sneak|p2a: Cofagrigus
|-supereffective|p2a: Cofagrigus
|-damage|p2a: Cofagrigus|0 fnt
|-endability|p1a: Thirsty|noguard|[from] Mummy
|-ability|p1a: Thirsty|Mummy|[from] Mummy
|faint|p2a: Cofagrigus
|
|
|switch|p2a: Rotom-Heat|Rotom-Heat|170\/280
|turn|46
|
|move|p1a: Thirsty|Shadow Sneak|p2a: Rotom-Heat
|-damage|p2a: Rotom-Heat|119\/280
|move|p2a: Rotom-Heat|Volt Switch|p1a: Thirsty
|-damage|p1a: Thirsty|0 fnt
|faint|p1a: Thirsty
|
|switch|p2a: Umbreon|Umbreon, F|225\/394
|
|
|switch|p1a: Faker|Mienshao, F|181\/271
|turn|47
|
|move|p2a: Umbreon|Protect|p2a: Umbreon
|-singleturn|p2a: Umbreon|Protect
|move|p1a: Faker|Fake Out|p2a: Umbreon
|-activate|p2a: Umbreon|Protect
|
|turn|48
|
|switch|p2a: Empoleon|Empoleon, M|253\/372
|move|p1a: Faker|High Jump Kick|p2a: Empoleon
|-supereffective|p2a: Empoleon
|-damage|p2a: Empoleon|0 fnt
|-damage|p1a: Faker|154\/271|[from] item: Life Orb
|faint|p2a: Empoleon
|
|
|switch|p2a: Rotom-Heat|Rotom-Heat|119\/280
|turn|49
|
|move|p2a: Rotom-Heat|Overheat|p1a: Faker|[miss]
|-miss|p2a: Rotom-Heat|p1a: Faker
|move|p1a: Faker|High Jump Kick|p2a: Rotom-Heat
|-damage|p2a: Rotom-Heat|0 fnt
|-damage|p1a: Faker|127\/271|[from] item: Life Orb
|faint|p2a: Rotom-Heat
|
|c|âFuckHaxx3|Fuck
|c|âFuckHaxx3|Haxx
|c|âultimateturky|Damn
|c|âultimateturky|fuck hax right?
|
|switch|p2a: Umbreon|Umbreon, F|225\/394
|turn|50
|
|move|p1a: Faker|High Jump Kick|p2a: Umbreon
|-supereffective|p2a: Umbreon
|-damage|p2a: Umbreon|0 fnt
|-damage|p1a: Faker|100\/271|[from] item: Life Orb
|faint|p2a: Umbreon
|
|win|ultimateturky
|raw|Ladder updating...
|raw|ultimateturky's rating: 1242 &rarr; <strong>1273<\/strong><br \/>(+31 for winning)
|raw|FuckHaxx3's rating: 1328 &rarr; <strong>1303<\/strong><br \/>(-25 for losing)
|c|âultimateturky|Gg tho
|leave|ultimateturky
|player|p1