|join|FuckHaxx3
|join|majaspic22
|join|BlazingDark
|player|p1|FuckHaxx3|33
|player|p2|majaspic22|93
|gametype|singles
|gen|6
|tier|UU
|rule|Sleep Clause Mod: Limit one foe put to sleep
|rule|Species Clause: Limit one of each PokÃ©mon
|rule|OHKO Clause: OHKO moves are banned
|rule|Moody Clause: Moody is banned
|rule|Evasion Moves Clause: Evasion moves are banned
|rule|Endless Battle Clause: Forcing endless battles is banned
|rule|HP Percentage Mod: HP is shown in percentages
|clearpoke
|poke|p1|Snorlax, M, shiny
|poke|p1|Crobat, F
|poke|p1|Alomomola, F
|poke|p1|Houndoom, F
|poke|p1|Amoonguss, F
|poke|p1|Krookodile, F
|poke|p2|Cresselia, F
|poke|p2|Mienshao, M
|poke|p2|Krookodile, M
|poke|p2|Raikou
|poke|p2|Beedrill, M
|poke|p2|Haxorus, M
|rule|Swagger Clause: Swagger is banned
|rule|Baton Pass Clause: Limit one PokÃ©mon knowing Baton Pass
|teampreview
|c|âFuckHaxx3|d'accord, je vois..
|c|âFuckHaxx3|Have fun alors
|c|âmajaspic22|hf
|
|start
|switch|p1a: Krookodile|Krookodile, F|332\/332
|switch|p2a: Cresselia|Cresselia, F|444\/444
|-ability|p1a: Krookodile|Intimidate|[of] p2a: Cresselia
|-unboost|p2a: Cresselia|atk|1
|turn|1
|
|move|p1a: Krookodile|Taunt|p2a: Cresselia
|-start|p2a: Cresselia|move: Taunt
|cant|p2a: Cresselia|move: Taunt|Calm Mind
|
|turn|2
|
|switch|p2a: Mienshao|Mienshao, M|271\/271
|move|p1a: Krookodile|Stealth Rock|p2a: Mienshao
|-sidestart|p2: majaspic22|move: Stealth Rock
|
|turn|3
|
|switch|p1a: Eboola|Crobat, F|374\/374
|move|p2a: Mienshao|U-turn|p1a: Eboola
|-resisted|p1a: Eboola
|-damage|p1a: Eboola|351\/374
|
|switch|p2a: Raikou|Raikou|321\/321
|-damage|p2a: Raikou|281\/321|[from] Stealth Rock
|-ability|p2a: Raikou|Pressure
|
|-heal|p1a: Eboola|374\/374|[from] item: Black Sludge
|turn|4
|
|switch|p1a: Ytreza|Snorlax, M, shiny|524\/524
|move|p2a: Raikou|Extrasensory|p1a: Ytreza
|-damage|p1a: Ytreza|416\/524
|
|-heal|p1a: Ytreza|448\/524|[from] item: Leftovers
|turn|5
|
|switch|p2a: Mienshao|Mienshao, M|271\/271
|-damage|p2a: Mienshao|255\/271|[from] Stealth Rock
|move|p1a: Ytreza|Frustration|p2a: Mienshao
|-damage|p2a: Mienshao|6\/271
|
|-heal|p1a: Ytreza|480\/524|[from] item: Leftovers
|turn|6
|
|switch|p1a: Alomomola|Alomomola, F|533\/533
|move|p2a: Mienshao|Stone Edge|p1a: Alomomola|[miss]
|-miss|p2a: Mienshao|p1a: Alomomola
|
|turn|7
|c|âFuckHaxx3|dÃ©solÃ©
|
|move|p2a: Mienshao|Stone Edge|p1a: Alomomola|[miss]
|-miss|p2a: Mienshao|p1a: Alomomola
|move|p1a: Alomomola|Toxic|p2a: Mienshao
|-status|p2a: Mienshao|tox
|
|-damage|p2a: Mienshao|0 fnt|[from] psn
|faint|p2a: Mienshao
|c|âmajaspic22|ce type de team
|c|âmajaspic22|c'est typiquement solide sur le papier
|c|âmajaspic22|et Ã§a ne marche jamais en compet
|c|âFuckHaxx3|...
|
|switch|p2a: Raikou|Raikou|281\/321
|-damage|p2a: Raikou|241\/321|[from] Stealth Rock
|-ability|p2a: Raikou|Pressure
|turn|8
|
|move|p1a: Alomomola|Protect|p1a: Alomomola
|-singleturn|p1a: Alomomola|Protect
|move|p2a: Raikou|Volt Switch|p1a: Alomomola
|-activate|p1a: Alomomola|Protect
|
|turn|9
|
|switch|p2a: Haxorus|Haxorus, M|293\/293
|-damage|p2a: Haxorus|257\/293|[from] Stealth Rock
|-ability|p2a: Haxorus|Mold Breaker
|switch|p1a: Krookodile|Krookodile, F|332\/332
|-ability|p1a: Krookodile|Intimidate|[of] p2a: Haxorus
|-unboost|p2a: Haxorus|atk|1
|
|turn|10
|
|switch|p2a: Cresselia|Cresselia, F|444\/444
|-damage|p2a: Cresselia|389\/444|[from] Stealth Rock
|move|p1a: Krookodile|Knock Off|p2a: Cresselia
|-supereffective|p2a: Cresselia
|-damage|p2a: Cresselia|116\/444
|-enditem|p2a: Cresselia|Leftovers|[from] move: Knock Off|[of] p1a: Krookodile
|-damage|p1a: Krookodile|299\/332|[from] item: Life Orb
|
|turn|11
|
|move|p1a: Krookodile|Knock Off|p2a: Cresselia
|-supereffective|p2a: Cresselia
|-damage|p2a: Cresselia|0 fnt
|-damage|p1a: Krookodile|266\/332|[from] item: Life Orb
|faint|p2a: Cresselia
|
|c|âFuckHaxx3|j'y crois pas
|
|switch|p2a: Beedrill|Beedrill, M|271\/271
|-damage|p2a: Beedrill|204\/271|[from] Stealth Rock
|turn|12
|c|âFuckHaxx3|je stress...
|
|switch|p1a: Eboola|Crobat, F|374\/374
|detailschange|p2a: Beedrill|Beedrill-Mega, M
|-mega|p2a: Beedrill|Beedrill|Beedrillite
|move|p2a: Beedrill|U-turn|p1a: Eboola
|-crit|p1a: Eboola
|-resisted|p1a: Eboola
|-damage|p1a: Eboola|289\/374
|c|âmajaspic22|en vrai t'as un bon mach up
|
|switch|p2a: Haxorus|Haxorus, M|257\/293
|-damage|p2a: Haxorus|221\/293|[from] Stealth Rock
|-ability|p2a: Haxorus|Mold Breaker
|
|-heal|p1a: Eboola|312\/374|[from] item: Black Sludge
|turn|13
|
|move|p1a: Eboola|Brave Bird|p2a: Haxorus
|-damage|p2a: Haxorus|58\/293
|-damage|p1a: Eboola|258\/374|[from] recoil|[of] p2a: Haxorus
|move|p2a: Haxorus|Outrage|p1a: Eboola
|-damage|p1a: Eboola|0 fnt
|faint|p1a: Eboola
|
|c|âmajaspic22|da fuck
|c|âmajaspic22|no taunt
|c|âmajaspic22|j'avais win, c trist
|c|âFuckHaxx3|Ã§a reviens au meme
|c|âmajaspic22|non
|c|âmajaspic22|si je dd
|c|âmajaspic22|t'as quasi perdu
|
|switch|p1a: Alomomola|Alomomola, F|533\/533
|turn|14
|
|move|p2a: Haxorus|Outrage|p1a: Alomomola
|-damage|p1a: Alomomola|334\/533
|-damage|p2a: Haxorus|10\/293|[from] item: Rocky Helmet|[of] p1a: Alomomola
|move|p1a: Alomomola|Wish|p1a: Alomomola
|
|turn|15
|
|move|p2a: Haxorus|Outrage|p1a: Alomomola
|-damage|p1a: Alomomola|102\/533
|-damage|p2a: Haxorus|0 fnt|[from] item: Rocky Helmet|[of] p1a: Alomomola
|faint|p2a: Haxorus
|move|p1a: Alomomola|Scald|p2: Haxorus|[notarget]
|-notarget
|
|-heal|p1a: Alomomola|368\/533|[from] move: Wish|[wisher] Alomomola
|c|âmajaspic22|bon gg
|-message|majaspic22 forfeited.
|
|win|FuckHaxx3
|c|âFuckHaxx3|attends..
|c|âFuckHaxx3|je peux te poser une question ?
|c|âmajaspic22|y ?
|c|âFuckHaxx3|Tu crois que j'ai une chance de in le fcl ?
|c|âmajaspic22|in oui
|c|âmajaspic22|Ãªtre pris idk
|c|âmajaspic22|mais fait des tryouts
|c|âFuckHaxx3|dequoi ?
|c|âmajaspic22|pg
|c| BlazingDark|Faut surtout ce faire remarquer
|c|âmajaspic22|y
|c| BlazingDark|Et prouver aux autres qu'on vaut le coup d'Ãªtre prus
|c|âFuckHaxx3|Faut que je fasse ma revanche sur le match de chirac
|c| BlazingDark|pris *
|c|âmajaspic22|aprÃ¨s lÃ  j'ai un match up en bois
|c|âmajaspic22|mon wallbreaker peut pas se placer
|c|âmajaspic22|+ t'as des pdr immu Ã©lec
|c|âFuckHaxx3|Pourtant, krookodile, nostenfer, alo\/guss sont trÃ¨s courant
|c|âmajaspic22|faut se dire que c'est pas parce qu'on gagne un match qu'on est au dessus du mec en face, je connais des mecs que j'ai double rape en UU qui sont excellent
|c|âmajaspic22|ik
|c|âmajaspic22|mais krook lo non
|c|âmajaspic22|et nostenfer j'arrive Ã  le check
|c|âmajaspic22|mais les 4 ensemble non
|c|âFuckHaxx3|mhhh...
|c|âmajaspic22|alo guss je peux faire pas mal de volt turn
|c|âmajaspic22|alo guss + elec immu + pdr je peux plus
|c|âFuckHaxx3|aha
|c|âmajaspic22|alord que lÃ  je sors n'importe laquelle de mes teams XY UU Ã§a tourne en anal rape