|join|FuckHaxx3
|join|pam
|c|âFuckHaxx3|Have fun
pam turned on modjoin.
|raw|<div class="broadcast-red"><b>Moderated chat was set to +!<\/b><br \/>Only users of rank + and higher can talk.<\/div>
pam made this room hidden.
|player|p1|FuckHaxx3|13
|player|p2|pam|75
|gametype|singles
|gen|6
|tier|UU
|rule|Sleep Clause Mod: Limit one foe put to sleep
|rule|Species Clause: Limit one of each PokÃ©mon
|rule|OHKO Clause: OHKO moves are banned
|rule|Moody Clause: Moody is banned
|rule|Evasion Moves Clause: Evasion moves are banned
|rule|Endless Battle Clause: Forcing endless battles is banned
|rule|HP Percentage Mod: HP is shown in percentages
|clearpoke
|poke|p1|Amoonguss, F
|poke|p1|Houndoom, M
|poke|p1|Alomomola, F
|poke|p1|Snorlax, F, shiny
|poke|p1|Crobat, M
|poke|p1|Krookodile, F
|poke|p2|Suicune
|poke|p2|Absol, F
|poke|p2|Gligar, F
|poke|p2|Blissey, F
|poke|p2|Mienshao, F
|poke|p2|Raikou
|rule|Swagger Clause: Swagger is banned
|rule|Baton Pass Clause: Limit one PokÃ©mon knowing Baton Pass
|teampreview
|c|âpam|le soucis des tryout
|c|âpam|c'est que je suis cancer dans ce tier
|c|âFuckHaxx3|Moi aussi xD
|
|start
|switch|p1a: Krookodile|Krookodile, F|332\/332
|switch|p2a: Mienshao|Mienshao, F|271\/271
|-ability|p1a: Krookodile|Intimidate|[of] p2a: Mienshao
|-unboost|p2a: Mienshao|atk|1
|turn|1
|
|switch|p2a: Gligar|Gligar, F|332\/332
|switch|p1a: Alomomola|Alomomola, F|533\/533
|
|turn|2
|c|âpam|dÃ©solÃ© j'suis Ã  la recherche de mon manga
|c|âFuckHaxx3|?
|
|switch|p2a: Blissey|Blissey, F|652\/652
|move|p1a: Alomomola|Scald|p2a: Blissey
|-damage|p2a: Blissey|619\/652
|
|-heal|p2a: Blissey|652\/652|[from] item: Leftovers
|turn|3
|c|âpam|nozoki ana
|c|âpam|c'est un hentai
|
|switch|p1a: Amoonguss|Amoonguss, F|432\/432
|move|p2a: Blissey|Toxic|p1a: Amoonguss
|-fail|p1a: Amoonguss
|
|turn|4
|
|switch|p1a: Snorlax|Snorlax, F, shiny|524\/524
|move|p2a: Blissey|Seismic Toss|p1a: Snorlax
|-damage|p1a: Snorlax|424\/524
|
|-heal|p1a: Snorlax|456\/524|[from] item: Leftovers
|turn|5
|
|move|p2a: Blissey|Toxic|p1a: Snorlax
|-status|p1a: Snorlax|tox
|move|p1a: Snorlax|Frustration|p2a: Blissey
|-damage|p2a: Blissey|367\/652
|
|-heal|p2a: Blissey|407\/652|[from] item: Leftovers
|-heal|p1a: Snorlax|488\/524 tox|[from] item: Leftovers
|-damage|p1a: Snorlax|456\/524 tox|[from] psn
|turn|6
|
|switch|p2a: Gligar|Gligar, F|332\/332
|move|p1a: Snorlax|Curse|p1a: Snorlax
|-boost|p1a: Snorlax|atk|1
|-boost|p1a: Snorlax|def|1
|-unboost|p1a: Snorlax|spe|1
|
|-heal|p1a: Snorlax|488\/524 tox|[from] item: Leftovers
|-damage|p1a: Snorlax|424\/524 tox|[from] psn
|turn|7
|
|switch|p2a: Mienshao|Mienshao, F|271\/271
|move|p1a: Snorlax|Frustration|p2a: Mienshao
|-damage|p2a: Mienshao|0 fnt
|faint|p2a: Mienshao
|
|-heal|p1a: Snorlax|456\/524 tox|[from] item: Leftovers
|-damage|p1a: Snorlax|360\/524 tox|[from] psn
|c|âFuckHaxx3|Rude xD
|c|âFuckHaxx3|J'ai senti dans ton hÃ©sitation
|c|âpam|le dÃ©faut de faire des tryout
|
|switch|p2a: Absol|Absol, F|271\/271
|turn|8
|c|âpam|dans un tier ou on a un niveau cancer
|
|switch|p1a: Crobat|Crobat, M|374\/374
|detailschange|p2a: Absol|Absol-Mega, F
|-mega|p2a: Absol|Absol|Absolite
|move|p2a: Absol|Knock Off|p1a: Crobat
|-damage|p1a: Crobat|124\/374
|-enditem|p1a: Crobat|Black Sludge|[from] move: Knock Off|[of] p2a: Absol
|
|turn|9
|c|âpam|c'est que mÃªme avec une bonne team on devient pas un pgm
|
|move|p2a: Absol|Sucker Punch|p1a: Crobat
|-fail|p2a: Absol
|move|p1a: Crobat|Roost|p1a: Crobat
|-heal|p1a: Crobat|311\/374
|
|turn|10
|c|âFuckHaxx3|Pgm?
|
|switch|p2a: Gligar|Gligar, F|332\/332
|move|p1a: Crobat|U-turn|p2a: Gligar
|-resisted|p2a: Gligar
|-damage|p2a: Gligar|320\/332
|
|switch|p1a: Krookodile|Krookodile, F|332\/332
|-ability|p1a: Krookodile|Intimidate|[of] p2a: Gligar
|-fail|p2a: Gligar|unboost|Attack|[from] ability: Hyper Cutter|[of] p2a: Gligar
|
|turn|11
|
|switch|p2a: Suicune|Suicune|404\/404
|-ability|p2a: Suicune|Pressure
|move|p1a: Krookodile|Taunt|p2a: Suicune
|-start|p2a: Suicune|move: Taunt
|
|turn|12
|
|switch|p1a: Snorlax|Snorlax, F, shiny|360\/524 tox
|move|p2a: Suicune|Scald|p1a: Snorlax
|-damage|p1a: Snorlax|293\/524 tox
|
|-heal|p1a: Snorlax|325\/524 tox|[from] item: Leftovers
|-damage|p1a: Snorlax|293\/524 tox|[from] psn
|turn|13
|c|âFuckHaxx3|Je ne sais pa si tu savais,
|
|move|p2a: Suicune|Scald|p1a: Snorlax
|-damage|p1a: Snorlax|229\/524 tox
|move|p1a: Snorlax|Rest|p1a: Snorlax
|-status|p1a: Snorlax|slp
|-heal|p1a: Snorlax|524\/524 slp|[silent]
|-status|p1a: Snorlax|slp|[from] move: Rest
|
|turn|14
|c|âFuckHaxx3|Mais BlazingDark m'a citÃ© de me faire remarquer au fcl en battant des joueur de haut niveau en UU, j'ai battu sacri et maja
|
|switch|p2a: Absol|Absol-Mega, F|271\/271
|cant|p1a: Snorlax|slp
|move|p1a: Snorlax|Sleep Talk|p1a: Snorlax
|move|p1a: Snorlax|Rest|p1a: Snorlax|[from]Sleep Talk
|-fail|p1a: Snorlax
|
|turn|15
|
|switch|p1a: Alomomola|Alomomola, F|533\/533
|move|p2a: Absol|Swords Dance|p2a: Absol
|-boost|p2a: Absol|atk|2
|
|turn|16
|
|move|p2a: Absol|Knock Off|p1a: Alomomola
|-damage|p1a: Alomomola|227\/533
|-damage|p2a: Absol|226\/271|[from] item: Rocky Helmet|[of] p1a: Alomomola
|-enditem|p1a: Alomomola|Rocky Helmet|[from] move: Knock Off|[of] p2a: Absol
|move|p1a: Alomomola|Scald|p2a: Absol
|-damage|p2a: Absol|151\/271
|
|turn|17
|
|move|p2a: Absol|Swords Dance|p2a: Absol
|-boost|p2a: Absol|atk|2
|move|p1a: Alomomola|Wish|p1a: Alomomola
|
|turn|18
|
|move|p2a: Absol|Swords Dance|p2a: Absol
|-boost|p2a: Absol|atk|2
|move|p1a: Alomomola|Scald|p2a: Absol
|-damage|p2a: Absol|78\/271
|-status|p2a: Absol|brn
|
|-heal|p1a: Alomomola|493\/533|[from] move: Wish|[wisher] Alomomola
|-damage|p2a: Absol|45\/271 brn|[from] brn
|turn|19
|c|âFuckHaxx3|Huuu
|c|âpam|mouais
|c|âFuckHaxx3|C'est chaud de jouer avec?me feu
|
|move|p1a: Alomomola|Protect|p1a: Alomomola
|-singleturn|p1a: Alomomola|Protect
|move|p2a: Absol|Knock Off|p1a: Alomomola
|-activate|p1a: Alomomola|Protect
|
|-damage|p2a: Absol|12\/271 brn|[from] brn
|turn|20
|c|âFuckHaxx3|Je ne le souhaite pas d'habitude, mais quadri tu vois ce pok.. ^^
|c|âFuckHaxx3|Je l'aime beaucoup, meme mixed
|c|âpam|j'suis un fuck tard
|c|âpam|j'aurai eu des  lÃ©gÃ¨res connaissance
|c|âpam|sur la meta
|
|move|p2a: Absol|Knock Off|p1a: Alomomola
|-damage|p1a: Alomomola|267\/533
|move|p1a: Alomomola|Scald|p2a: Absol
|-damage|p2a: Absol|0 fnt
|faint|p2a: Absol
|
|c|âpam|je me serais rendu comtpe que il se faisait ta team san ssoucis en faite
|c|âpam|Donc bon
|c|âFuckHaxx3|Non
|c|âFuckHaxx3|J'ai son contre
|
|switch|p2a: Raikou|Raikou|321\/321
|-ability|p2a: Raikou|Pressure
|turn|21
|c|âpam|j'ai pu le set up
|c|âpam|et tu aurais pas burn j'avais win
|c|âpam|tu veux quoi de plus ??
|c|âFuckHaxx3|Meme si tu mettais k.o alo', j'avais son contre
|c|âpam|...
|c|âFuckHaxx3|Tu vas voir ce que c'est
|
|move|p1a: Alomomola|Protect|p1a: Alomomola
|-singleturn|p1a: Alomomola|Protect
|move|p2a: Raikou|Hidden Power|p1a: Alomomola
|-activate|p1a: Alomomola|Protect
|
|turn|22
|c|âFuckHaxx3|Avant que tu quitte le combat, ne quitte pas, faut que je te demande u truc :$
|
|switch|p1a: Crobat|Crobat, M|311\/374
|move|p2a: Raikou|Hidden Power|p1a: Crobat
|-resisted|p1a: Crobat
|-damage|p1a: Crobat|280\/374
|
|turn|23
|
|switch|p2a: Suicune|Suicune|404\/404
|-ability|p2a: Suicune|Pressure
|move|p1a: Crobat|U-turn|p2a: Suicune
|-damage|p2a: Suicune|368\/404
|
|switch|p1a: Snorlax|Snorlax, F, shiny|524\/524 slp
|
|-heal|p2a: Suicune|393\/404|[from] item: Leftovers
|turn|24
|
|move|p2a: Suicune|Calm Mind|p2a: Suicune
|-boost|p2a: Suicune|spa|1
|-boost|p2a: Suicune|spd|1
|cant|p1a: Snorlax|slp
|move|p1a: Snorlax|Sleep Talk|p1a: Snorlax
|move|p1a: Snorlax|Rest|p1a: Snorlax|[from]Sleep Talk
|-fail|p1a: Snorlax
|
|-heal|p2a: Suicune|404\/404|[from] item: Leftovers
|turn|25
|
|move|p2a: Suicune|Calm Mind|p2a: Suicune
|-boost|p2a: Suicune|spa|1
|-boost|p2a: Suicune|spd|1
|-curestatus|p1a: Snorlax|slp
|move|p1a: Snorlax|Curse|p1a: Snorlax
|-boost|p1a: Snorlax|atk|1
|-boost|p1a: Snorlax|def|1
|-unboost|p1a: Snorlax|spe|1
|
|turn|26
|
|move|p2a: Suicune|Scald|p1a: Snorlax
|-damage|p1a: Snorlax|385\/524
|move|p1a: Snorlax|Curse|p1a: Snorlax
|-boost|p1a: Snorlax|atk|1
|-boost|p1a: Snorlax|def|1
|-unboost|p1a: Snorlax|spe|1
|
|-heal|p1a: Snorlax|417\/524|[from] item: Leftovers
|turn|27
|
|move|p2a: Suicune|Calm Mind|p2a: Suicune
|-boost|p2a: Suicune|spa|1
|-boost|p2a: Suicune|spd|1
|move|p1a: Snorlax|Frustration|p2a: Suicune
|-damage|p2a: Suicune|196\/404
|
|-heal|p2a: Suicune|221\/404|[from] item: Leftovers
|-heal|p1a: Snorlax|449\/524|[from] item: Leftovers
|turn|28
|
|move|p2a: Suicune|Scald|p1a: Snorlax
|-damage|p1a: Snorlax|289\/524
|move|p1a: Snorlax|Frustration|p2a: Suicune
|-damage|p2a: Suicune|26\/404
|
|-heal|p2a: Suicune|51\/404|[from] item: Leftovers
|-heal|p1a: Snorlax|321\/524|[from] item: Leftovers
|turn|29
|c|âFuckHaxx3|Je ne finirais pas ta team en spam frustration
|
|move|p2a: Suicune|Scald|p1a: Snorlax
|-damage|p1a: Snorlax|161\/524
|move|p1a: Snorlax|Curse|p1a: Snorlax
|-boost|p1a: Snorlax|atk|1
|-boost|p1a: Snorlax|def|1
|-unboost|p1a: Snorlax|spe|1
|
|-heal|p2a: Suicune|76\/404|[from] item: Leftovers
|-heal|p1a: Snorlax|193\/524|[from] item: Leftovers
|turn|30
|
|move|p2a: Suicune|Scald|p1a: Snorlax
|-damage|p1a: Snorlax|33\/524
|move|p1a: Snorlax|Frustration|p2a: Suicune
|-damage|p2a: Suicune|0 fnt
|faint|p2a: Suicune
|
|-heal|p1a: Snorlax|65\/524|[from] item: Leftovers
|
|switch|p2a: Blissey|Blissey, F|407\/652
|turn|31
|
|switch|p1a: Alomomola|Alomomola, F|444\/533
|move|p2a: Blissey|Seismic Toss|p1a: Alomomola
|-damage|p1a: Alomomola|344\/533
|
|-heal|p2a: Blissey|447\/652|[from] item: Leftovers
|turn|32
|
|move|p1a: Alomomola|Wish|p1a: Alomomola
|move|p2a: Blissey|Toxic|p1a: Alomomola
|-status|p1a: Alomomola|tox
|
|-heal|p2a: Blissey|487\/652|[from] item: Leftovers
|-damage|p1a: Alomomola|311\/533 tox|[from] psn
|turn|33
|
|switch|p1a: Krookodile|Krookodile, F|332\/332
|-ability|p1a: Krookodile|Intimidate|[of] p2a: Blissey
|-unboost|p2a: Blissey|atk|1
|move|p2a: Blissey|Seismic Toss|p1a: Krookodile
|-damage|p1a: Krookodile|232\/332
|
|-heal|p1a: Krookodile|332\/332|[from] move: Wish|[wisher] Alomomola
|-heal|p2a: Blissey|527\/652|[from] item: Leftovers
|turn|34
|
|move|p1a: Krookodile|Stealth Rock|p2a: Blissey
|-sidestart|p2: pam|move: Stealth Rock
|move|p2a: Blissey|Seismic Toss|p1a: Krookodile
|-damage|p1a: Krookodile|232\/332
|
|-heal|p2a: Blissey|567\/652|[from] item: Leftovers
|turn|35
|
|move|p1a: Krookodile|Knock Off|p2a: Blissey
|-damage|p2a: Blissey|172\/652
|-enditem|p2a: Blissey|Leftovers|[from] move: Knock Off|[of] p1a: Krookodile
|-damage|p1a: Krookodile|199\/332|[from] item: Life Orb
|move|p2a: Blissey|Seismic Toss|p1a: Krookodile
|-damage|p1a: Krookodile|99\/332
|
|turn|36
|
|switch|p2a: Gligar|Gligar, F|320\/332
|-damage|p2a: Gligar|279\/332|[from] Stealth Rock
|move|p1a: Krookodile|Knock Off|p2a: Gligar
|-damage|p2a: Gligar|176\/332
|-enditem|p2a: Gligar|Eviolite|[from] move: Knock Off|[of] p1a: Krookodile
|-damage|p1a: Krookodile|66\/332|[from] item: Life Orb
|
|turn|37
|
|switch|p1a: Amoonguss|Amoonguss, F|432\/432
|move|p2a: Gligar|Stealth Rock|p1a: Amoonguss
|-sidestart|p1: FuckHaxx3|move: Stealth Rock
|
|turn|38
|
|move|p2a: Gligar|Earthquake|p1a: Amoonguss
|-damage|p1a: Amoonguss|315\/432
|move|p1a: Amoonguss|Spore|p2a: Gligar
|-status|p2a: Gligar|slp
|
|-heal|p1a: Amoonguss|342\/432|[from] item: Black Sludge
|turn|39
|
|switch|p2a: Raikou|Raikou|321\/321
|-damage|p2a: Raikou|281\/321|[from] Stealth Rock
|-ability|p2a: Raikou|Pressure
|switch|p1a: Crobat|Crobat, M|280\/374
|-damage|p1a: Crobat|187\/374|[from] Stealth Rock
|
|turn|40
|
|switch|p1a: Amoonguss|Amoonguss, F|432\/432
|-damage|p1a: Amoonguss|378\/432|[from] Stealth Rock
|move|p2a: Raikou|Hidden Power|p1a: Amoonguss
|-resisted|p1a: Amoonguss
|-damage|p1a: Amoonguss|357\/432
|
|-heal|p1a: Amoonguss|384\/432|[from] item: Black Sludge
|turn|41
|
|switch|p2a: Blissey|Blissey, F|172\/652
|-damage|p2a: Blissey|91\/652|[from] Stealth Rock
|move|p1a: Amoonguss|Foul Play|p2a: Blissey
|-damage|p2a: Blissey|61\/652
|
|-heal|p1a: Amoonguss|411\/432|[from] item: Black Sludge
|turn|42
|
|switch|p1a: Crobat|Crobat, M|187\/374
|-damage|p1a: Crobat|94\/374|[from] Stealth Rock
|move|p2a: Blissey|Wish|p2a: Blissey
|
|turn|43
|
|move|p2a: Blissey|Protect|p2a: Blissey
|-singleturn|p2a: Blissey|Protect
|move|p1a: Crobat|Roost|p1a: Crobat
|-heal|p1a: Crobat|281\/374
|
|-heal|p2a: Blissey|387\/652|[from] move: Wish|[wisher] Blissey
|turn|44
|
|switch|p2a: Raikou|Raikou|281\/321
|-damage|p2a: Raikou|241\/321|[from] Stealth Rock
|-ability|p2a: Raikou|Pressure
|move|p1a: Crobat|Defog|p2a: Raikou
|-unboost|p2a: Raikou|evasion|1
|-sideend|p2: pam|Stealth Rock|[from] move: Defog|[of] p2a: Raikou
|-sideend|p1: FuckHaxx3|Stealth Rock|[from] move: Defog|[of] p1a: Crobat
|
|turn|45
|
|switch|p1a: Houndoom|Houndoom, M|292\/292
|move|p2a: Raikou|Extrasensory|p1a: Houndoom
|-immune|p1a: Houndoom|[msg]
|
|turn|46
|c|âFuckHaxx3|Je l'attendais!
|c|âpam|t'sais que au final
|
|switch|p2a: Blissey|Blissey, F|387\/652
|detailschange|p1a: Houndoom|Houndoom-Mega, M
|-mega|p1a: Houndoom|Houndoom|Houndoominite
|move|p1a: Houndoom|Fire Blast|p2a: Blissey
|-damage|p2a: Blissey|255\/652
|
|turn|47
|c|âpam|Sans le burn rien ne tenait absol hein
|c|âFuckHaxx3|Houndoom
|c|âpam|LOl
|c|âFuckHaxx3|Destiny bond
|c|âpam|tu fais comment pour taper avant ?
|c|âpam|merci bien
|
|move|p1a: Houndoom|Nasty Plot|p1a: Houndoom
|-boost|p1a: Houndoom|spa|2
|move|p2a: Blissey|Wish|p2a: Blissey
|
|turn|48
|
|move|p1a: Houndoom|Fire Blast|p2a: Blissey
|-damage|p2a: Blissey|0 fnt
|faint|p2a: Blissey
|
|c|âpam|stop Ãªtre niais
|c|âFuckHaxx3|Hmmm...
|c|âpam|tu as pariÃ© le match sur un 50\/0
|c|âpam|50\/50
|c|âpam|2 tentatives de burn Ã  30%
|c|âpam|c'est plus ou moins un 50\/50
|c|âpam|stop Ãªtre niais Ã  me dire
|c|âpam|j'pouvais faire un truc
|
|switch|p2a: Raikou|Raikou|241\/321
|-ability|p2a: Raikou|Pressure
|turn|49
|c|âFuckHaxx3|Ah Ouai... je viens de voir, mais. Ne mets pas le ''haxx'' pour cause du match
|c|âpam|c'est pas une histoire de haxx
|
|move|p2a: Raikou|Volt Switch|p1a: Houndoom
|-damage|p1a: Houndoom|117\/292
|c|âpam|juste tu as assume un 30 %
|
|switch|p2a: Gligar|Gligar, F|176\/332 slp
|move|p1a: Houndoom|Dark Pulse|p2a: Gligar
|-damage|p2a: Gligar|0 fnt
|faint|p2a: Gligar
|
|
|switch|p2a: Raikou|Raikou|241\/321
|-ability|p2a: Raikou|Pressure
|turn|50
|c|âpam|Si tu es pas capable de dire
|c|âpam|j'avais pas de solution san sl eburn
|c|âpam|c'est genre trÃ¨s niais
|
|switch|p1a: Amoonguss|Amoonguss, F|432\/432
|move|p2a: Raikou|Thunderbolt|p1a: Amoonguss
|-resisted|p1a: Amoonguss
|-damage|p1a: Amoonguss|342\/432
|
|-heal|p1a: Amoonguss|369\/432|[from] item: Black Sludge
|turn|51
|leave|pam
|player|p2
|c|âFuckHaxx3|Ouai, j'Ã©tais tellement concentrÃ© sur le destiny, que je n'ai pas rÃ©flÃ©chi
|-message|Player 2 lost due to inactivity.
|
|win|FuckHaxx3