|join|ojb
|join|Linck129
|player|p1|ojb|265
|player|p2|Linck129|169
|gametype|singles
|gen|6
|tier|ORAS OU
|rated
|rule|Sleep Clause Mod: Limit one foe put to sleep
|rule|Species Clause: Limit one of each PokÃ©mon
|rule|OHKO Clause: OHKO moves are banned
|rule|Moody Clause: Moody is banned
|rule|Evasion Moves Clause: Evasion moves are banned
|rule|Endless Battle Clause: Forcing endless battles is banned
|rule|HP Percentage Mod: HP is shown in percentages
|clearpoke
|poke|p1|Gengar, M
|poke|p1|Charizard, M
|poke|p1|Skarmory, M
|poke|p1|Bisharp, M
|poke|p1|Azumarill, M
|poke|p1|Garchomp, M
|poke|p2|Salamence, M
|poke|p2|Heatran, M
|poke|p2|Mamoswine, M
|poke|p2|Rotom-Wash
|poke|p2|Landorus-Therian, M
|poke|p2|Amoonguss, F
|rule|Swagger Clause: Swagger is banned
|rule|Baton Pass Clause: Limit one PokÃ©mon knowing Baton Pass
|teampreview
|
|start
|switch|p1a: Skarmory|Skarmory, M|271\/271
|switch|p2a: Rotom-Wash|Rotom-Wash|304\/304
|turn|1
|
|move|p1a: Skarmory|Stealth Rock|p2a: Rotom-Wash
|-sidestart|p2: Linck129|move: Stealth Rock
|move|p2a: Rotom-Wash|Will-O-Wisp|p1a: Skarmory
|-status|p1a: Skarmory|brn
|
|-damage|p1a: Skarmory|238\/271 brn|[from] brn
|turn|2
|
|move|p1a: Skarmory|Spikes|p2a: Rotom-Wash
|-sidestart|p2: Linck129|Spikes
|move|p2a: Rotom-Wash|Volt Switch|p1a: Skarmory
|-supereffective|p1a: Skarmory
|-damage|p1a: Skarmory|14\/271 brn
|
|switch|p2a: Landorus-Therian|Landorus-Therian, M|382\/382
|-damage|p2a: Landorus-Therian|335\/382|[from] Stealth Rock
|-ability|p2a: Landorus-Therian|Intimidate|[of] p1a: Skarmory
|-unboost|p1a: Skarmory|atk|1
|
|-heal|p2a: Landorus-Therian|358\/382|[from] item: Leftovers
|-damage|p1a: Skarmory|0 fnt|[from] brn
|faint|p1a: Skarmory
|
|switch|p1a: Azumarill|Azumarill, M|364\/364
|turn|3
|
|switch|p2a: Rotom-Wash|Rotom-Wash|304\/304
|-damage|p2a: Rotom-Wash|266\/304|[from] Stealth Rock
|move|p1a: Azumarill|Belly Drum|p1a: Azumarill
|-damage|p1a: Azumarill|182\/364
|-setboost|p1a: Azumarill|atk|6|[from] move: Belly Drum
|-enditem|p1a: Azumarill|Sitrus Berry|[eat]
|-heal|p1a: Azumarill|273\/364|[from] item: Sitrus Berry
|
|-heal|p2a: Rotom-Wash|285\/304|[from] item: Leftovers
|turn|4
|
|move|p2a: Rotom-Wash|Will-O-Wisp|p1a: Azumarill|[miss]
|-miss|p2a: Rotom-Wash|p1a: Azumarill
|move|p1a: Azumarill|Play Rough|p2a: Rotom-Wash
|-damage|p2a: Rotom-Wash|0 fnt
|faint|p2a: Rotom-Wash
|
|
|switch|p2a: Landorus-Therian|Landorus-Therian, M|358\/382
|-damage|p2a: Landorus-Therian|311\/382|[from] Stealth Rock
|-ability|p2a: Landorus-Therian|Intimidate|[of] p1a: Azumarill
|-unboost|p1a: Azumarill|atk|1
|turn|5
|
|switch|p2a: Salamence|Salamence, M|381\/381
|-damage|p2a: Salamence|286\/381|[from] Stealth Rock
|-ability|p2a: Salamence|Intimidate|[of] p1a: Azumarill
|-unboost|p1a: Azumarill|atk|1
|move|p1a: Azumarill|Aqua Jet|p2a: Salamence
|-resisted|p2a: Salamence
|-damage|p2a: Salamence|129\/381
|
|turn|6
|
|detailschange|p2a: Salamence|Salamence-Mega, M
|message|Salamence has Mega Evolved into Mega Salamence!
|move|p1a: Azumarill|Aqua Jet|p2a: Salamence
|-resisted|p2a: Salamence
|-damage|p2a: Salamence|34\/381
|move|p2a: Salamence|Roost|p2a: Salamence
|-heal|p2a: Salamence|225\/381
|
|turn|7
|
|move|p2a: Salamence|Frustration|p1a: Azumarill
|-damage|p1a: Azumarill|0 fnt
|faint|p1a: Azumarill
|
|
|switch|p1a: Gengar|Gengar, M|262\/262
|turn|8
|
|switch|p2a: Amoonguss|Amoonguss, F|432\/432
|-damage|p2a: Amoonguss|378\/432|[from] Stealth Rock
|-damage|p2a: Amoonguss|324\/432|[from] Spikes
|move|p1a: Gengar|Sludge Wave|p2a: Amoonguss
|-damage|p2a: Amoonguss|136\/432
|-damage|p1a: Gengar|236\/262|[from] item: Life Orb
|
|-heal|p2a: Amoonguss|163\/432|[from] item: Black Sludge
|turn|9
|
|switch|p2a: Heatran|Heatran, M|323\/323
|-damage|p2a: Heatran|283\/323|[from] Stealth Rock
|-damage|p2a: Heatran|243\/323|[from] Spikes
|move|p1a: Gengar|Shadow Ball|p2a: Heatran
|-damage|p2a: Heatran|79\/323
|-damage|p1a: Gengar|210\/262|[from] item: Life Orb
|
|turn|10
|
|switch|p1a: Charizard|Charizard, M|298\/298
|move|p2a: Heatran|Flash Cannon|p1a: Charizard
|-resisted|p1a: Charizard
|-damage|p1a: Charizard|223\/298
|
|turn|11
|
|switch|p2a: Landorus-Therian|Landorus-Therian, M|311\/382
|-damage|p2a: Landorus-Therian|264\/382|[from] Stealth Rock
|-ability|p2a: Landorus-Therian|Intimidate|[of] p1a: Charizard
|-unboost|p1a: Charizard|atk|1
|detailschange|p1a: Charizard|Charizard-Mega-X, M
|message|Charizard has Mega Evolved into Mega Charizard!
|move|p1a: Charizard|Dragon Dance|p1a: Charizard
|-boost|p1a: Charizard|atk|1
|-boost|p1a: Charizard|spe|1
|
|-heal|p2a: Landorus-Therian|287\/382|[from] item: Leftovers
|turn|12
|
|switch|p2a: Heatran|Heatran, M|79\/323
|-damage|p2a: Heatran|39\/323|[from] Stealth Rock
|-damage|p2a: Heatran|0 fnt|[from] Spikes
|faint|p2a: Heatran
|move|p1a: Charizard|Flare Blitz|p2: Heatran|[notarget]
|-notarget
|
|
|switch|p2a: Landorus-Therian|Landorus-Therian, M|287\/382
|-damage|p2a: Landorus-Therian|240\/382|[from] Stealth Rock
|-ability|p2a: Landorus-Therian|Intimidate|[of] p1a: Charizard
|-unboost|p1a: Charizard|atk|1
|turn|13
|
|switch|p1a: Gengar|Gengar, M|210\/262
|move|p2a: Landorus-Therian|Earthquake|p1a: Gengar
|-immune|p1a: Gengar|[msg]
|
|-heal|p2a: Landorus-Therian|263\/382|[from] item: Leftovers
|turn|14
|
|move|p1a: Gengar|Hidden Power|p2a: Landorus-Therian
|-supereffective|p2a: Landorus-Therian
|-damage|p2a: Landorus-Therian|0 fnt
|-damage|p1a: Gengar|184\/262|[from] item: Life Orb
|faint|p2a: Landorus-Therian
|
|
|switch|p2a: Mamoswine|Mamoswine, M|361\/361
|-damage|p2a: Mamoswine|316\/361|[from] Spikes
|-damage|p2a: Mamoswine|271\/361|[from] Stealth Rock
|turn|15
|
|switch|p1a: Bisharp|Bisharp, M|272\/272
|move|p2a: Mamoswine|Ice Shard|p1a: Bisharp
|-resisted|p1a: Bisharp
|-damage|p1a: Bisharp|225\/272
|-damage|p2a: Mamoswine|235\/361|[from] item: Life Orb
|
|turn|16
|
|switch|p2a: Amoonguss|Amoonguss, F|307\/432
|-damage|p2a: Amoonguss|253\/432|[from] Stealth Rock
|-damage|p2a: Amoonguss|199\/432|[from] Spikes
|move|p1a: Bisharp|Knock Off|p2a: Amoonguss
|-crit|p2a: Amoonguss
|-damage|p2a: Amoonguss|0 fnt
|-enditem|p2a: Amoonguss|Black Sludge|[from] move: Knock Off|[of] p1a: Bisharp
|-damage|p1a: Bisharp|198\/272|[from] item: Life Orb
|faint|p2a: Amoonguss
|
|
|switch|p2a: Salamence|Salamence-Mega, M|225\/381
|-damage|p2a: Salamence|130\/381|[from] Stealth Rock
|turn|17
|
|move|p2a: Salamence|Roost|p2a: Salamence
|-heal|p2a: Salamence|321\/381
|move|p1a: Bisharp|Iron Head|p2a: Salamence
|-damage|p2a: Salamence|165\/381
|-damage|p1a: Bisharp|171\/272|[from] item: Life Orb
|
|turn|18
|
|move|p2a: Salamence|Dragon Dance|p2a: Salamence
|-boost|p2a: Salamence|atk|1
|-boost|p2a: Salamence|spe|1
|move|p1a: Bisharp|Swords Dance|p1a: Bisharp
|-boost|p1a: Bisharp|atk|2
|
|turn|19
|
|move|p1a: Bisharp|Sucker Punch|p2a: Salamence
|-fail|p2a: Salamence
|move|p2a: Salamence|Roost|p2a: Salamence
|-heal|p2a: Salamence|356\/381
|
|turn|20
|
|move|p2a: Salamence|Substitute|p2a: Salamence
|-start|p2a: Salamence|Substitute
|-damage|p2a: Salamence|261\/381
|move|p1a: Bisharp|Swords Dance|p1a: Bisharp
|-boost|p1a: Bisharp|atk|2
|
|turn|21
|
|move|p1a: Bisharp|Sucker Punch|p2a: Salamence
|-end|p2a: Salamence|Substitute
|-damage|p1a: Bisharp|144\/272|[from] item: Life Orb
|move|p2a: Salamence|Frustration|p1a: Bisharp
|-resisted|p1a: Bisharp
|-damage|p1a: Bisharp|0 fnt
|faint|p1a: Bisharp
|
|
|switch|p1a: Gengar|Gengar, M|184\/262
|turn|22
|
|move|p2a: Salamence|Frustration|p1a: Gengar
|-damage|p1a: Gengar|0 fnt
|faint|p1a: Gengar
|
|c|âojb|what?
|
|switch|p1a: Garchomp|Garchomp, M|358\/358
|turn|23
|
|move|p2a: Salamence|Frustration|p1a: Garchomp
|-damage|p1a: Garchomp|0 fnt
|-damage|p2a: Salamence|214\/381|[from] ability: Rough Skin|[of] p1a: Garchomp
|faint|p1a: Garchomp
|
|
|switch|p1a: Charizard|Charizard-Mega-X, M|223\/298
|turn|24
|c|âLinck129|gg
|
|move|p2a: Salamence|Frustration|p1a: Charizard
|-damage|p1a: Charizard|0 fnt
|faint|p1a: Charizard
|
|win|Linck129
|raw|Ladder updating...
|raw|ojb's rating: 1286 &rarr; <strong>1254<\/strong><br \/>(-32 for losing)
|raw|Linck129's rating: 1186 &rarr; <strong>1218<\/strong><br \/>(+32 for winning)