|join|Linck129
|join|Pyrogon
|player|p1|Linck129|170
|player|p2|Pyrogon|99
|gametype|singles
|gen|6
|tier|OU
|rated
|clearpoke
|poke|p1|Weezing, M
|poke|p1|Medicham, F
|poke|p1|Bisharp, F
|poke|p1|Landorus-Therian, M
|poke|p1|Latios, M
|poke|p1|Alomomola, F
|poke|p2|Hippowdon, F
|poke|p2|Ferrothorn, F
|poke|p2|Latios, M
|poke|p2|Heracross, M
|poke|p2|Talonflame, M
|poke|p2|Rotom-Wash
|rule|Swagger Clause: Swagger is banned
|rule|Baton Pass Clause: Limit one PokÃ©mon knowing Baton Pass
|rule|Sleep Clause Mod: Limit one foe put to sleep
|rule|Species Clause: Limit one of each PokÃ©mon
|rule|OHKO Clause: OHKO moves are banned
|rule|Moody Clause: Moody is banned
|rule|Evasion Moves Clause: Evasion moves are banned
|rule|Endless Battle Clause: Forcing endless battles is banned
|rule|HP Percentage Mod: HP is shown in percentages
|teampreview
|c|âPyrogon|LOL
|c|âLinck129|MDR
|c|âPyrogon|putain :')
|
|start
|switch|p1a: Weezing|Weezing, M|334\/334
|switch|p2a: Rotom-Wash|Rotom-Wash|304\/304
|turn|1
|
|move|p2a: Rotom-Wash|Will-O-Wisp|p1a: Weezing
|-status|p1a: Weezing|brn
|move|p1a: Weezing|Will-O-Wisp|p2a: Rotom-Wash|[miss]
|-miss|p1a: Weezing|p2a: Rotom-Wash
|
|-damage|p1a: Weezing|293\/334 brn|[from] brn
|turn|2
|c|âPyrogon|refait
|c|âLinck129|uer
|c|âPyrogon|je wow
|
|move|p2a: Rotom-Wash|Will-O-Wisp|p1a: Weezing|[miss]
|-miss|p2a: Rotom-Wash|p1a: Weezing
|move|p1a: Weezing|Will-O-Wisp|p2a: Rotom-Wash
|-status|p2a: Rotom-Wash|brn
|
|-heal|p1a: Weezing|313\/334 brn|[from] item: Black Sludge
|-damage|p2a: Rotom-Wash|266\/304 brn|[from] brn
|-damage|p1a: Weezing|272\/334 brn|[from] brn
|turn|3
|c|âLinck129|thx
|
|move|p2a: Rotom-Wash|Volt Switch|p1a: Weezing
|-damage|p1a: Weezing|194\/334 brn
|c|âPyrogon|np
|
|switch|p2a: Talonflame|Talonflame, M|359\/359
|move|p1a: Weezing|Sludge Bomb|p2a: Talonflame
|-damage|p2a: Talonflame|275\/359
|
|-heal|p2a: Talonflame|297\/359|[from] item: Leftovers
|-heal|p1a: Weezing|214\/334 brn|[from] item: Black Sludge
|-damage|p1a: Weezing|173\/334 brn|[from] brn
|turn|4
|c|âLinck129|wow such bulk
|c|âPyrogon|trÃ¨s
|
|move|p2a: Talonflame|Bulk Up|p2a: Talonflame
|-boost|p2a: Talonflame|atk|1
|-boost|p2a: Talonflame|def|1
|move|p1a: Weezing|Sludge Bomb|p2a: Talonflame
|-damage|p2a: Talonflame|216\/359
|
|-heal|p2a: Talonflame|238\/359|[from] item: Leftovers
|-heal|p1a: Weezing|193\/334 brn|[from] item: Black Sludge
|-damage|p1a: Weezing|152\/334 brn|[from] brn
|turn|5
|
|move|p2a: Talonflame|Brave Bird|p1a: Weezing
|-damage|p1a: Weezing|0 fnt
|-damage|p2a: Talonflame|188\/359|[from] recoil|[of] p1a: Weezing
|faint|p1a: Weezing
|
|-heal|p2a: Talonflame|210\/359|[from] item: Leftovers
|
|switch|p1a: Landorus-Therian|Landorus-Therian, M|320\/320
|-ability|p1a: Landorus-Therian|Intimidate|[of] p2a: Talonflame
|-unboost|p2a: Talonflame|atk|1
|turn|6
|
|switch|p2a: Heracross|Heracross, M|301\/301
|move|p1a: Landorus-Therian|U-turn|p2a: Heracross
|-resisted|p2a: Heracross
|-damage|p2a: Heracross|240\/301
|
|switch|p1a: Medicham|Medicham, F|261\/261
|
|turn|7
|
|switch|p2a: Ferrothorn|Ferrothorn, F|352\/352
|detailschange|p1a: Medicham|Medicham-Mega, F
|message|Medicham has Mega Evolved into Mega Medicham!
|move|p1a: Medicham|Zen Headbutt|p2a: Ferrothorn
|-resisted|p2a: Ferrothorn
|-damage|p2a: Ferrothorn|264\/352
|-damage|p1a: Medicham|229\/261|[from] ability: Iron Barbs|[of] p2a: Ferrothorn
|
|-heal|p2a: Ferrothorn|286\/352|[from] item: Leftovers
|turn|8
|
|move|p1a: Medicham|Substitute|p1a: Medicham
|-start|p1a: Medicham|Substitute
|-damage|p1a: Medicham|164\/261
|move|p2a: Ferrothorn|Thunder Wave|p1a: Medicham
|
|-heal|p2a: Ferrothorn|308\/352|[from] item: Leftovers
|turn|9
|c|âPyrogon|ugh
|
|move|p1a: Medicham|Drain Punch|p2a: Ferrothorn
|-supereffective|p2a: Ferrothorn
|-damage|p2a: Ferrothorn|0 fnt
|-heal|p1a: Medicham|261\/261|[from] drain|[of] p2a: Ferrothorn
|-damage|p1a: Medicham|229\/261|[from] ability: Iron Barbs|[of] p2a: Ferrothorn
|faint|p2a: Ferrothorn
|
|c|âPyrogon|rude
|c|âPyrogon|en fait
|c|âLinck129|tu vas subir sa puissance
|c|âPyrogon|j'aurais pu pin missil
|c|âPyrogon|et kill medi
|c|âPyrogon|j'ai fear le fake out
|c|âLinck129|un monstre comme lui entre mes mins et je suis invincible hahaha
|
|switch|p2a: Talonflame|Talonflame, M|210\/359
|turn|10
|c|âLinck129|bah non jte kill sur zen headbut
|
|move|p2a: Talonflame|Brave Bird|p1a: Medicham
|-supereffective|p1a: Medicham
|-end|p1a: Medicham|Substitute
|-damage|p2a: Talonflame|189\/359|[from] recoil|[of] p1a: Medicham
|move|p1a: Medicham|Zen Headbutt|p2a: Talonflame
|-damage|p2a: Talonflame|0 fnt
|faint|p2a: Talonflame
|
|c|âPyrogon|j'outspeed
|c|âPyrogon|!data heracross
|c|~|\/data-pokemon Heracross

|c|âLinck129|je po
|c|âPyrogon|!data medicham
|c|~|\/data-pokemon Medicham

|
|switch|p2a: Latios|Latios, M|301\/301
|turn|11
|
|switch|p2a: Heracross|Heracross, M|240\/301
|switch|p1a: Bisharp|Bisharp, F|271\/271
|
|turn|12
|
|switch|p1a: Alomomola|Alomomola, F|534\/534
|detailschange|p2a: Heracross|Heracross-Mega, M
|message|Heracross has Mega Evolved into Mega Heracross!
|move|p2a: Heracross|Substitute|p2a: Heracross
|-start|p2a: Heracross|Substitute
|-damage|p2a: Heracross|165\/301
|
|turn|13
|
|switch|p1a: Latios|Latios, M|302\/302
|move|p2a: Heracross|Pin Missile|p1a: Latios
|-supereffective|p1a: Latios
|-damage|p1a: Latios|168\/302
|-supereffective|p1a: Latios
|-damage|p1a: Latios|36\/302
|-supereffective|p1a: Latios
|-damage|p1a: Latios|0 fnt
|-hitcount|p1a: Latios|3
|faint|p1a: Latios
|
|c|âLinck129|noooon
|c|âPyrogon|oO
|
|switch|p1a: Landorus-Therian|Landorus-Therian, M|320\/320
|-activate|p2a: Heracross|Substitute|ability: Intimidate|[of] p1a: Landorus-Therian
|turn|14
|
|move|p1a: Landorus-Therian|U-turn|p2a: Heracross
|-resisted|p2a: Heracross
|-activate|p2a: Heracross|Substitute|[damage]
|c|âPyrogon|ok ce bulk
|
|switch|p1a: Bisharp|Bisharp, F|271\/271
|move|p2a: Heracross|Rock Blast|p1a: Bisharp
|-resisted|p1a: Bisharp
|-damage|p1a: Bisharp|253\/271
|-resisted|p1a: Bisharp
|-damage|p1a: Bisharp|234\/271
|-resisted|p1a: Bisharp
|-damage|p1a: Bisharp|215\/271
|-resisted|p1a: Bisharp
|-damage|p1a: Bisharp|197\/271
|-resisted|p1a: Bisharp
|-damage|p1a: Bisharp|176\/271
|-hitcount|p1a: Bisharp|5
|
|turn|15
|
|switch|p1a: Landorus-Therian|Landorus-Therian, M|320\/320
|-activate|p2a: Heracross|Substitute|ability: Intimidate|[of] p1a: Landorus-Therian
|move|p2a: Heracross|Pin Missile|p1a: Landorus-Therian
|-resisted|p1a: Landorus-Therian
|-damage|p1a: Landorus-Therian|286\/320
|-resisted|p1a: Landorus-Therian
|-damage|p1a: Landorus-Therian|253\/320
|-resisted|p1a: Landorus-Therian
|-damage|p1a: Landorus-Therian|222\/320
|-resisted|p1a: Landorus-Therian
|-damage|p1a: Landorus-Therian|192\/320
|-crit|p1a: Landorus-Therian
|-resisted|p1a: Landorus-Therian
|-damage|p1a: Landorus-Therian|142\/320
|-hitcount|p1a: Landorus-Therian|5
|
|turn|16
|
|move|p1a: Landorus-Therian|Earthquake|p2a: Heracross
|-resisted|p2a: Heracross
|-end|p2a: Heracross|Substitute
|move|p2a: Heracross|Substitute|p2a: Heracross
|-start|p2a: Heracross|Substitute
|-damage|p2a: Heracross|90\/301
|
|turn|17
|
|move|p1a: Landorus-Therian|Earthquake|p2a: Heracross
|-resisted|p2a: Heracross
|-end|p2a: Heracross|Substitute
|move|p2a: Heracross|Pin Missile|p1a: Landorus-Therian
|-resisted|p1a: Landorus-Therian
|-damage|p1a: Landorus-Therian|111\/320
|-resisted|p1a: Landorus-Therian
|-damage|p1a: Landorus-Therian|79\/320
|-resisted|p1a: Landorus-Therian
|-damage|p1a: Landorus-Therian|50\/320
|-resisted|p1a: Landorus-Therian
|-damage|p1a: Landorus-Therian|17\/320
|-resisted|p1a: Landorus-Therian
|-damage|p1a: Landorus-Therian|0 fnt
|-hitcount|p1a: Landorus-Therian|5
|faint|p1a: Landorus-Therian
|
|c|âLinck129|sacrÃ© crit
|
|switch|p1a: Medicham|Medicham-Mega, F|229\/261
|turn|18
|c|âPyrogon|je 2hko sans
|c|âLinck129|je po
|c|âPyrogon|10% a chaque fois
|c|âLinck129|Ã§a se joue sur des dmg rolls osef
|c|âLinck129|tu faisais 9 parfois
|c|âPyrogon|y
|
|switch|p2a: Latios|Latios, M|301\/301
|move|p1a: Medicham|Ice Punch|p2a: Latios
|-supereffective|p2a: Latios
|-damage|p2a: Latios|0 fnt
|faint|p2a: Latios
|
|c|âLinck129|merci
|c|âPyrogon|ok gg
|
|switch|p2a: Hippowdon|Hippowdon, F|420\/420
|-weather|Sandstorm
|turn|19
|c|âPyrogon|j'ai fais n'imp la
|
|move|p1a: Medicham|Ice Punch|p2a: Hippowdon
|-supereffective|p2a: Hippowdon
|-damage|p2a: Hippowdon|220\/420
|move|p2a: Hippowdon|Earthquake|p1a: Medicham
|-damage|p1a: Medicham|72\/261
|
|-weather|Sandstorm|[upkeep]
|-damage|p1a: Medicham|56\/261|[from] sandstorm
|-heal|p2a: Hippowdon|246\/420|[from] item: Leftovers
|turn|20
|c|âPyrogon|!
|
|move|p1a: Medicham|Drain Punch|p2a: Hippowdon
|-damage|p2a: Hippowdon|98\/420
|-heal|p1a: Medicham|130\/261|[from] drain|[of] p2a: Hippowdon
|move|p2a: Hippowdon|Earthquake|p1a: Medicham
|-damage|p1a: Medicham|0 fnt
|faint|p1a: Medicham
|
|-weather|Sandstorm|[upkeep]
|-heal|p2a: Hippowdon|124\/420|[from] item: Leftovers
|
|switch|p1a: Bisharp|Bisharp, F|176\/271
|turn|21
|c|âLinck129|moi aussi il semblerait
|
|move|p1a: Bisharp|Knock Off|p2a: Hippowdon
|-damage|p2a: Hippowdon|4\/420
|-enditem|p2a: Hippowdon|Leftovers|[from] move: Knock Off|[of] p1a: Bisharp
|move|p2a: Hippowdon|Earthquake|p1a: Bisharp
|-supereffective|p1a: Bisharp
|-damage|p1a: Bisharp|0 fnt
|faint|p1a: Bisharp
|
|-weather|Sandstorm|[upkeep]
|c|âLinck129|mdrrrrrrr
|c|âPyrogon|ouais mdr
|c|âLinck129|vasy j'en ai marre
|c|âPyrogon|donc je choke
|-message|Linck129 forfeited.
|
|win|Pyrogon
|raw|Ladder updating...
|c|âPyrogon|mais tu choke aussi
|raw|Linck129's rating: 1687 &rarr; <strong>1666<\/strong><br \/>(-21 for losing)
|raw|Pyrogon's rating: 1667 &rarr; <strong>1688<\/strong><br \/>(+21 for winning)
|c|âPyrogon|x)
|c|âPyrogon|gg