|join|Linck129
|join|Eddy
|player|p1|Linck129|118
|player|p2|Eddy|161
|gametype|singles
|gen|6
|tier|OU
|rated
|clearpoke
|poke|p1|Medicham, M
|poke|p1|Azelf
|poke|p1|Cacturne, M
|poke|p1|Thundurus, M
|poke|p1|Heatran, F
|poke|p1|Latios, M
|poke|p2|Tyranitar, F
|poke|p2|Excadrill, M
|poke|p2|Greninja, F
|poke|p2|Pinsir, M
|poke|p2|Talonflame, M
|poke|p2|Dragonite, M
|rule|Swagger Clause: Swagger is banned
|rule|Baton Pass Clause: Limit one PokÃ©mon knowing Baton Pass
|rule|Sleep Clause Mod: Limit one foe put to sleep
|rule|Species Clause: Limit one of each PokÃ©mon
|rule|OHKO Clause: OHKO moves are banned
|rule|Moody Clause: Moody is banned
|rule|Evasion Moves Clause: Evasion moves are banned
|rule|Endless Battle Clause: Forcing endless battles is banned
|rule|HP Percentage Mod: HP is reported as percentages
|teampreview
|join|hiomate
|join|DarkRising50
|join|PB
|join|garboyum
|
|start
|switch|p1a: Medicham|Medicham, M|261\/261
|switch|p2a: 1|Tyranitar, F|341\/341
|-weather|Sandstorm
|turn|1
|
|detailschange|p1a: Medicham|Medicham-Mega, M
|message|Medicham has Mega Evolved into Mega Medicham!
|move|p1a: Medicham|Drain Punch|p2a: 1
|-crit|p2a: 1
|-supereffective|p2a: 1
|-enditem|p2a: 1|Focus Sash
|-damage|p2a: 1|1\/341
|move|p2a: 1|Stealth Rock|p1a: Medicham
|-sidestart|p1: Linck129|move: Stealth Rock
|
|-weather|Sandstorm|[upkeep]
|-damage|p1a: Medicham|245\/261|[from] sandstorm
|turn|2
|
|move|p1a: Medicham|Drain Punch|p2a: 1
|-supereffective|p2a: 1
|-damage|p2a: 1|0 fnt
|-heal|p1a: Medicham|246\/261|[from] drain|[of] p2a: 1
|faint|p2a: 1
|
|-weather|Sandstorm|[upkeep]
|-damage|p1a: Medicham|230\/261|[from] sandstorm
|
|switch|p2a: 5|Talonflame, M|309\/309
|turn|3
|
|move|p2a: 5|U-turn|p1a: Medicham
|-damage|p1a: Medicham|114\/261
|
|switch|p2a: 2|Excadrill, M|369\/369
|move|p1a: Medicham|Drain Punch|p2a: 2
|-supereffective|p2a: 2
|-damage|p2a: 2|0 fnt
|-heal|p1a: Medicham|261\/261|[from] drain|[of] p2a: 2
|faint|p2a: 2
|
|-weather|Sandstorm|[upkeep]
|-damage|p1a: Medicham|245\/261|[from] sandstorm
|chat|Linck129|yes
|
|switch|p2a: 5|Talonflame, M|309\/309
|turn|4
|
|switch|p1a: Heatran|Heatran, F|386\/386
|-damage|p1a: Heatran|338\/386|[from] Stealth Rock
|move|p2a: 5|Brave Bird|p1a: Heatran
|-resisted|p1a: Heatran
|-damage|p1a: Heatran|208\/386
|-damage|p2a: 5|266\/309|[from] recoil|[of] p1a: Heatran
|
|-weather|Sandstorm|[upkeep]
|-damage|p2a: 5|247\/309|[from] sandstorm
|-heal|p1a: Heatran|232\/386|[from] item: Leftovers
|turn|5
|leave|garboyum
|
|switch|p2a: 3|Greninja, F|286\/286
|move|p1a: Heatran|Magma Storm|p2a: 3
|-resisted|p2a: 3
|-damage|p2a: 3|182\/286
|-activate|p2a: 3|move: Magma Storm|[of] p1a: Heatran
|
|-weather|none
|-heal|p1a: Heatran|256\/386|[from] item: Leftovers
|-damage|p2a: 3|147\/286|[from] move: Magma Storm|[partiallytrapped]
|turn|6
|
|move|p1a: Heatran|Protect|p1a: Heatran
|-singleturn|p1a: Heatran|Protect
|move|p2a: 3|Hydro Pump|p1a: Heatran
|-start|p2a: 3|typechange|Water|[from] Protean
|-activate|p1a: Heatran|Protect
|
|-heal|p1a: Heatran|280\/386|[from] item: Leftovers
|-damage|p2a: 3|112\/286|[from] move: Magma Storm|[partiallytrapped]
|turn|7
|
|switch|p1a: Cacturne|Cacturne, M|281\/281
|-damage|p1a: Cacturne|246\/281|[from] Stealth Rock
|move|p2a: 3|Hydro Pump|p1a: Cacturne
|-heal|p1a: Cacturne|281\/281|[from] ability: Water Absorb|[of] p2a: 3
|
|-end|p2a: 3|Magma Storm|[partiallytrapped]
|turn|8
|
|switch|p1a: Latios|Latios, M|302\/302
|-damage|p1a: Latios|265\/302|[from] Stealth Rock
|move|p2a: 3|Ice Beam|p1a: Latios
|-start|p2a: 3|typechange|Ice|[from] Protean
|-supereffective|p1a: Latios
|-damage|p1a: Latios|0 fnt
|-damage|p2a: 3|84\/286|[from] item: Life Orb
|faint|p1a: Latios
|
|
|switch|p1a: Cacturne|Cacturne, M|281\/281
|-damage|p1a: Cacturne|246\/281|[from] Stealth Rock
|turn|9
|
|move|p1a: Cacturne|Sucker Punch|p2a: 3
|-damage|p2a: 3|0 fnt
|-damage|p1a: Cacturne|218\/281|[from] item: Life Orb
|faint|p2a: 3
|
|
|switch|p2a: 4|Pinsir, M|271\/271
|turn|10
|
|detailschange|p2a: 4|Pinsir-Mega, M
|message|Pinsir has Mega Evolved into Mega Pinsir!
|move|p2a: 4|Swords Dance|p2a: 4
|-boost|p2a: 4|atk|2
|move|p1a: Cacturne|Hidden Power|p2a: 4
|-supereffective|p2a: 4
|-damage|p2a: 4|89\/271
|-damage|p1a: Cacturne|190\/281|[from] item: Life Orb
|
|turn|11
|
|move|p2a: 4|Quick Attack|p1a: Cacturne
|-supereffective|p1a: Cacturne
|-damage|p1a: Cacturne|0 fnt
|faint|p1a: Cacturne
|
|
|switch|p1a: Thundurus|Thundurus, M|300\/300
|-damage|p1a: Thundurus|225\/300|[from] Stealth Rock
|turn|12
|
|move|p2a: 4|Quick Attack|p1a: Thundurus
|-resisted|p1a: Thundurus
|-damage|p1a: Thundurus|81\/300
|move|p1a: Thundurus|Thunderbolt|p2a: 4
|-supereffective|p2a: 4
|-damage|p2a: 4|0 fnt
|faint|p2a: 4
|
|-heal|p1a: Thundurus|99\/300|[from] item: Leftovers
|join|Marza
|leave|Marza
|
|switch|p2a: 5|Talonflame, M|247\/309
|turn|13
|
|move|p1a: Thundurus|Thunder Wave|p2a: 5
|-status|p2a: 5|par
|move|p2a: 5|Brave Bird|p1a: Thundurus
|-resisted|p1a: Thundurus
|-damage|p1a: Thundurus|0 fnt
|-damage|p2a: 5|214\/309 par|[from] recoil|[of] p1a: Thundurus
|faint|p1a: Thundurus
|
|chat|DarkRising50|...
|
|switch|p1a: Heatran|Heatran, F|280\/386
|-damage|p1a: Heatran|232\/386|[from] Stealth Rock
|turn|14
|
|move|p2a: 5|Brave Bird|p1a: Heatran
|-resisted|p1a: Heatran
|-damage|p1a: Heatran|105\/386
|-damage|p2a: 5|172\/309 par|[from] recoil|[of] p1a: Heatran
|move|p1a: Heatran|Taunt|p2a: 5
|-start|p2a: 5|move: Taunt
|
|-heal|p1a: Heatran|129\/386|[from] item: Leftovers
|turn|15
|
|cant|p2a: 5|par
|move|p1a: Heatran|Magma Storm|p2a: 5
|-resisted|p2a: 5
|-damage|p2a: 5|77\/309 par
|-activate|p2a: 5|move: Magma Storm|[of] p1a: Heatran
|
|-heal|p1a: Heatran|153\/386|[from] item: Leftovers
|-damage|p2a: 5|39\/309 par|[from] move: Magma Storm|[partiallytrapped]
|turn|16
|
|move|p1a: Heatran|Protect|p1a: Heatran
|-singleturn|p1a: Heatran|Protect
|move|p2a: 5|Brave Bird|p1a: Heatran
|-activate|p1a: Heatran|Protect
|
|-heal|p1a: Heatran|177\/386|[from] item: Leftovers
|-damage|p2a: 5|1\/309 par|[from] move: Magma Storm|[partiallytrapped]
|turn|17
|leave|PB
|
|switch|p1a: Azelf|Azelf|291\/291
|-damage|p1a: Azelf|255\/291|[from] Stealth Rock
|move|p2a: 5|Brave Bird|p1a: Azelf
|-damage|p1a: Azelf|0 fnt
|-damage|p2a: 5|0 fnt|[from] recoil|[of] p1a: Azelf
|faint|p1a: Azelf
|faint|p2a: 5
|
|
|switch|p1a: Medicham|Medicham-Mega, M|245\/261
|-damage|p1a: Medicham|229\/261|[from] Stealth Rock
|switch|p2a: 6|Dragonite, M|323\/323
|turn|18
|
|move|p1a: Medicham|Ice Punch|p2a: 6
|-supereffective|p2a: 6
|-damage|p2a: 6|7\/323
|move|p2a: 6|Outrage|p1a: Medicham
|-damage|p1a: Medicham|0 fnt
|faint|p1a: Medicham
|
|chat|Linck129|damn it
|
|switch|p1a: Heatran|Heatran, F|177\/386
|-damage|p1a: Heatran|129\/386|[from] Stealth Rock
|turn|19
|
|move|p1a: Heatran|Protect|p1a: Heatran
|-singleturn|p1a: Heatran|Protect
|move|p2a: 6|Outrage|p1a: Heatran
|-activate|p1a: Heatran|Protect
|
|-heal|p1a: Heatran|153\/386|[from] item: Leftovers
|turn|20
|
|move|p2a: 6|Outrage|p1a: Heatran
|-resisted|p1a: Heatran
|-damage|p1a: Heatran|0 fnt
|faint|p1a: Heatran
|
|win|Eddy
|raw|Ladder updating...