|join|y4's son
|join|Linck129
|player|p1|y4's son|13
|player|p2|Linck129|170
|gametype|singles
|gen|6
|tier|OU
|rated
|clearpoke
|poke|p1|Mew
|poke|p1|Mandibuzz, F
|poke|p1|Charizard, F
|poke|p1|Gyarados, F
|poke|p1|Heatran, F
|poke|p1|Landorus, M
|poke|p2|Conkeldurr, M
|poke|p2|Azumarill, F
|poke|p2|Magnezone
|poke|p2|Pinsir, M
|poke|p2|Empoleon, F
|poke|p2|Landorus-Therian, M
|rule|Swagger Clause: Swagger is banned
|rule|Baton Pass Clause: Limit one PokÃ©mon knowing Baton Pass
|rule|Sleep Clause Mod: Limit one foe put to sleep
|rule|Species Clause: Limit one of each PokÃ©mon
|rule|OHKO Clause: OHKO moves are banned
|rule|Moody Clause: Moody is banned
|rule|Evasion Moves Clause: Evasion moves are banned
|rule|Endless Battle Clause: Forcing endless battles is banned
|rule|HP Percentage Mod: HP is shown in percentages
|teampreview
|join|DatJoint
|c| DatJoint|HEY LINCK
|c| DatJoint|lol
|join|y4
|
|start
|switch|p1a: Charizard|Charizard, F|360\/360
|switch|p2a: Landorus-Therian|Landorus-Therian, M|325\/325
|-ability|p2a: Landorus-Therian|Intimidate|[of] p1a: Charizard
|-unboost|p1a: Charizard|atk|1
|turn|1
|join|muh camerupt hype
|c|ây4's son|OHKO
|c| y4|it's
|c|ây4's son|OHKO
|c| y4|scarf lando
|c| y4|AND ROCKS
|c| y4|PINSIR
|c|ây4's son|OHKO
|c| y4|KID
|c|ây4's son|FIREBLAST
|c|ây4's son|OHKO
|c| y4|DONT BE FOOLED
|
|detailschange|p1a: Charizard|Charizard-Mega-Y, F
|message|Charizard has Mega Evolved into Mega Charizard!
|-weather|SunnyDay
|move|p2a: Landorus-Therian|U-turn|p1a: Charizard
|-resisted|p1a: Charizard
|-damage|p1a: Charizard|333\/360
|c| y4|;,GFASDKIGNM3J54GH
|c|ây4's son|here it comes
|c|ây4's son|solar
|c|ây4's son|BEAM
|
|switch|p2a: Azumarill|Azumarill, F|363\/363
|move|p1a: Charizard|Will-O-Wisp|p2a: Azumarill
|-status|p2a: Azumarill|brn
|
|-weather|SunnyDay|[upkeep]
|-damage|p2a: Azumarill|318\/363 brn|[from] brn
|turn|2
|c|ây4's son|jk fireblast
|c| y4|ah
|c| muh camerupt hype|;)
|
|switch|p2a: Magnezone|Magnezone|281\/281
|move|p1a: Charizard|Will-O-Wisp|p2a: Magnezone
|-status|p2a: Magnezone|brn
|
|-weather|SunnyDay|[upkeep]
|-damage|p2a: Magnezone|246\/281 brn|[from] brn
|turn|3
|c| y4|ah
|c|ây4's son|burn everything
|c| muh camerupt hype|destroyed
|c|ây4's son|shall i reveal the seismic toss
|c| y4|ye
|
|switch|p1a: Mew|Mew|365\/365
|move|p2a: Magnezone|Volt Switch|p1a: Mew
|-damage|p1a: Mew|275\/365
|c|ây4's son|mew practically
|c|ây4's son|solos his team
|c| y4|practically?
|c|ây4's son|boom lando
|c|ây4's son|will handle
|c|ây4's son|cock off conk
|
|switch|p2a: Conkeldurr|Conkeldurr, M|351\/351
|
|-weather|SunnyDay|[upkeep]
|-heal|p1a: Mew|297\/365|[from] item: Leftovers
|turn|4
|
|move|p1a: Mew|Reflect Type|p2a: Conkeldurr
|-start|p1a: Mew|typechange|Fighting|[from] move: Reflect Type|[of] p2a: Conkeldurr
|move|p2a: Conkeldurr|Knock Off|p1a: Mew
|-resisted|p1a: Mew
|-damage|p1a: Mew|241\/365
|-enditem|p1a: Mew|Leftovers|[from] move: Knock Off|[of] p2a: Conkeldurr
|
|-weather|SunnyDay|[upkeep]
|turn|5
|c| y4|huh.
|c|ây4's son|rofl
|c| DatJoint|lol
|c|ây4's son|rekt
|c|ây4's son|the first chapter
|
|switch|p1a: Mandibuzz|Mandibuzz, F|424\/424
|switch|p2a: Magnezone|Magnezone|246\/281 brn
|
|-weather|none
|-damage|p2a: Magnezone|211\/281 brn|[from] brn
|turn|6
|c| y4|dont
|c|ây4's son|im staying
|c|ây4's son|in
|c| y4|do what ur about to do
|
|switch|p1a: Landorus|Landorus, M|320\/320
|move|p2a: Magnezone|Flash Cannon|p1a: Landorus
|-damage|p1a: Landorus|154\/320
|
|-damage|p2a: Magnezone|176\/281 brn|[from] brn
|turn|7
|c| y4|IDIOT
|c|ây4's son|aw
|c|ây4's son|WHO SAW THAT
|c| y4|I DID
|
|switch|p2a: Pinsir|Pinsir, M|271\/271
|switch|p1a: Heatran|Heatran, F|323\/323
|
|turn|8
|
|switch|p1a: Mandibuzz|Mandibuzz, F|424\/424
|detailschange|p2a: Pinsir|Pinsir-Mega, M
|message|Pinsir has Mega Evolved into Mega Pinsir!
|move|p2a: Pinsir|Earthquake|p1a: Mandibuzz
|-immune|p1a: Mandibuzz|[msg]
|
|turn|9
|
|switch|p1a: Heatran|Heatran, F|323\/323
|move|p2a: Pinsir|Substitute|p2a: Pinsir
|-start|p2a: Pinsir|Substitute
|-damage|p2a: Pinsir|204\/271
|
|turn|10
|c|ây4's son|omg
|c| y4|??????????????????????????????
|c| y4|IT'S
|c| y4|SUB
|
|switch|p1a: Mandibuzz|Mandibuzz, F|424\/424
|move|p2a: Pinsir|Earthquake|p1a: Mandibuzz
|-immune|p1a: Mandibuzz|[msg]
|
|turn|11
|c| y4|FLAIL
|c|ây4's son|its so nub
|c|ây4's son|i cant even
|
|move|p2a: Pinsir|Frustration|p1a: Mandibuzz
|-damage|p1a: Mandibuzz|246\/424
|move|p1a: Mandibuzz|Foul Play|p2a: Pinsir
|-end|p2a: Pinsir|Substitute
|
|-heal|p1a: Mandibuzz|272\/424|[from] item: Leftovers
|turn|12
|
|move|p2a: Pinsir|Substitute|p2a: Pinsir
|-start|p2a: Pinsir|Substitute
|-damage|p2a: Pinsir|137\/271
|move|p1a: Mandibuzz|Foul Play|p2a: Pinsir
|-end|p2a: Pinsir|Substitute
|
|-heal|p1a: Mandibuzz|298\/424|[from] item: Leftovers
|turn|13
|c| y4|simply
|c| y4|epic
|c| y4|simply epic.
|
|move|p2a: Pinsir|Substitute|p2a: Pinsir
|-start|p2a: Pinsir|Substitute
|-damage|p2a: Pinsir|70\/271
|move|p1a: Mandibuzz|Foul Play|p2a: Pinsir
|-end|p2a: Pinsir|Substitute
|
|-heal|p1a: Mandibuzz|324\/424|[from] item: Leftovers
|turn|14
|
|move|p2a: Pinsir|Substitute|p2a: Pinsir
|-start|p2a: Pinsir|Substitute
|-damage|p2a: Pinsir|3\/271
|move|p1a: Mandibuzz|Foul Play|p2a: Pinsir
|-end|p2a: Pinsir|Substitute
|
|-heal|p1a: Mandibuzz|350\/424|[from] item: Leftovers
|turn|15
|c| y4|nothin is faster than thuis
|c| y4|u just lost
|c| y4|LOL
|c|ây4's son|no...
|
|move|p2a: Pinsir|Flail|p1a: Mandibuzz
|-damage|p1a: Mandibuzz|0 fnt
|faint|p1a: Mandibuzz
|
|
|switch|p1a: Landorus|Landorus, M|154\/320
|turn|16
|
|move|p2a: Pinsir|Flail|p1a: Landorus
|-damage|p1a: Landorus|0 fnt
|faint|p1a: Landorus
|
|
|switch|p1a: Gyarados|Gyarados, F|332\/332
|turn|17
|c| y4|oLo
|c| y4|___
|leave|y4
|c|ây4's son|o no intimidiate
|
|move|p2a: Pinsir|Flail|p1a: Gyarados
|-damage|p1a: Gyarados|0 fnt
|faint|p1a: Gyarados
|
|c|âLinck129|LOL
|c|ây4's son|that
|c|âLinck129|that was easy
|c|ây4's son|is
|c|ây4's son|outrageous
|c|ây4's son|whats
|c|ây4's son|flail
|c|ây4's son|bp
|c|âLinck129|200
|c| DatJoint|wow
|c|ây4's son|christ
|-message|y4's son forfeited.
|
|win|Linck129
|raw|Ladder updating...
|c|ây4's son|zzz
|raw|y4&apos;s son's rating: 1706 &rarr; <strong>1686<\/strong><br \/>(-20 for losing)
|raw|Linck129's rating: 1706 &rarr; <strong>1726<\/strong><br \/>(+20 for winning)
|leave|y4's son
|player|p1