|join|Yake~
|join|Linck129
|player|p1|Yake~|282
|player|p2|Linck129|118
|gametype|singles
|gen|6
|tier|OU
|rated
|clearpoke
|poke|p1|Dragonite, F
|poke|p1|Pinsir, M, shiny
|poke|p1|Keldeo
|poke|p1|Empoleon, M
|poke|p1|Sylveon, F
|poke|p1|Conkeldurr, F
|poke|p2|Garchomp, F
|poke|p2|Toxicroak, F
|poke|p2|Terrakion
|poke|p2|Empoleon, M
|poke|p2|Breloom, M
|poke|p2|Clefable, M
|rule|Swagger Clause: Swagger is banned
|rule|Baton Pass Clause: Limit one PokÃ©mon knowing Baton Pass
|rule|Sleep Clause Mod: Limit one foe put to sleep
|rule|Species Clause: Limit one of each PokÃ©mon
|rule|OHKO Clause: OHKO moves are banned
|rule|Moody Clause: Moody is banned
|rule|Evasion Moves Clause: Evasion moves are banned
|rule|Endless Battle Clause: Forcing endless battles is banned
|rule|HP Percentage Mod: HP is shown in percentages
|teampreview
|
|start
|switch|p1a: Conkeldurr|Conkeldurr, F|351\/351
|switch|p2a: Breloom|Breloom, M|324\/324
|turn|1
|
|move|p2a: Breloom|Spore|p1a: Conkeldurr
|-status|p1a: Conkeldurr|slp
|cant|p1a: Conkeldurr|slp
|
|-status|p2a: Breloom|tox|[from] item: Toxic Orb
|turn|2
|
|switch|p1a: Sylveon|Sylveon, F|392\/392
|move|p2a: Breloom|Substitute|p2a: Breloom
|-start|p2a: Breloom|Substitute
|-damage|p2a: Breloom|243\/324 tox
|
|-heal|p2a: Breloom|283\/324 tox|[from] ability: Poison Heal
|turn|3
|
|switch|p2a: Empoleon|Empoleon, M|339\/339
|move|p1a: Sylveon|Hyper Voice|p2a: Empoleon
|-resisted|p2a: Empoleon
|-damage|p2a: Empoleon|187\/339
|
|turn|4
|
|switch|p2a: Clefable|Clefable, M|394\/394
|move|p1a: Sylveon|Hyper Voice|p2a: Clefable
|-damage|p2a: Clefable|54\/394
|
|turn|5
|
|move|p1a: Sylveon|Hyper Voice|p2a: Clefable
|-damage|p2a: Clefable|0 fnt
|faint|p2a: Clefable
|
|
|switch|p2a: Empoleon|Empoleon, M|187\/339
|turn|6
|
|move|p2a: Empoleon|Hydro Pump|p1a: Sylveon
|-damage|p1a: Sylveon|224\/392
|move|p1a: Sylveon|Hyper Voice|p2a: Empoleon
|-crit|p2a: Empoleon
|-resisted|p2a: Empoleon
|-damage|p2a: Empoleon|0 fnt
|faint|p2a: Empoleon
|
|
|switch|p2a: Terrakion|Terrakion|323\/323
|turn|7
|
|move|p2a: Terrakion|Stone Edge|p1a: Sylveon
|-damage|p1a: Sylveon|0 fnt
|faint|p1a: Sylveon
|
|
|switch|p1a: Dragonite|Dragonite, F|323\/323
|turn|8
|
|move|p2a: Terrakion|Substitute|p2a: Terrakion
|-start|p2a: Terrakion|Substitute
|-damage|p2a: Terrakion|243\/323
|move|p1a: Dragonite|Outrage|p2a: Terrakion
|-end|p2a: Terrakion|Substitute
|
|turn|9
|
|move|p2a: Terrakion|Substitute|p2a: Terrakion
|-start|p2a: Terrakion|Substitute
|-damage|p2a: Terrakion|163\/323
|move|p1a: Dragonite|Outrage|p2a: Terrakion
|-crit|p2a: Terrakion
|-end|p2a: Terrakion|Substitute
|
|-end|p1a: Dragonite|rampage
|-start|p1a: Dragonite|confusion
|turn|10
|
|switch|p1a: Conkeldurr|Conkeldurr, F|351\/351 slp
|move|p2a: Terrakion|Substitute|p2a: Terrakion
|-start|p2a: Terrakion|Substitute
|-damage|p2a: Terrakion|83\/323
|
|turn|11
|
|cant|p1a: Conkeldurr|slp
|move|p2a: Terrakion|Swords Dance|p2a: Terrakion
|-boost|p2a: Terrakion|atk|2
|
|turn|12
|join|10co
|
|cant|p1a: Conkeldurr|slp
|move|p2a: Terrakion|Close Combat|p1a: Conkeldurr
|-damage|p1a: Conkeldurr|0 fnt
|-unboost|p2a: Terrakion|def|1
|-unboost|p2a: Terrakion|spd|1
|faint|p1a: Conkeldurr
|
|c|âLinck129|t'as aussi fail terra
|
|switch|p1a: Dragonite|Dragonite, F|323\/323
|turn|13
|c|âLinck129|aucun respect
|c| 10co|mdr
|
|move|p1a: Dragonite|Extreme Speed|p2a: Terrakion
|-resisted|p2a: Terrakion
|-end|p2a: Terrakion|Substitute
|move|p2a: Terrakion|Substitute|p2a: Terrakion
|-start|p2a: Terrakion|Substitute
|-damage|p2a: Terrakion|3\/323
|-enditem|p2a: Terrakion|Salac Berry|[eat]
|-boost|p2a: Terrakion|spe|1|[from] item: Salac Berry
|
|turn|14
|
|move|p1a: Dragonite|Extreme Speed|p2a: Terrakion
|-resisted|p2a: Terrakion
|-end|p2a: Terrakion|Substitute
|move|p2a: Terrakion|Stone Edge|p1a: Dragonite
|-supereffective|p1a: Dragonite
|-damage|p1a: Dragonite|0 fnt
|faint|p1a: Dragonite
|
|
|switch|p1a: Pinsir|Pinsir, M, shiny|272\/272
|turn|15
|c| 10co|c'Ã©tait pour voir si tu suivais
|c| 10co|j'ai fait exprÃ¨s!
|c|âLinck129|jvais surtt perdre
|
|detailschange|p1a: Pinsir|Pinsir-Mega, M, shiny
|message|Pinsir has Mega Evolved into Mega Pinsir!
|move|p1a: Pinsir|Feint|p2a: Terrakion
|-damage|p2a: Terrakion|0 fnt
|faint|p2a: Terrakion
|
|
|switch|p2a: Garchomp|Garchomp, F|375\/375
|turn|16
|
|move|p1a: Pinsir|Return|p2a: Garchomp
|-damage|p2a: Garchomp|98\/375
|-damage|p1a: Pinsir|238\/272|[from] ability: Rough Skin|[of] p2a: Garchomp
|-damage|p1a: Pinsir|193\/272|[from] item: Rocky Helmet|[of] p2a: Garchomp
|move|p2a: Garchomp|Fire Blast|p1a: Pinsir
|-supereffective|p1a: Pinsir
|-damage|p1a: Pinsir|0 fnt
|faint|p1a: Pinsir
|
|
|switch|p1a: Keldeo|Keldeo|324\/324
|turn|17
|c| 10co|non
|c|âLinck129|et bim !
|
|switch|p2a: Toxicroak|Toxicroak, F|337\/337
|move|p1a: Keldeo|Secret Sword|p2a: Toxicroak
|-resisted|p2a: Toxicroak
|-damage|p2a: Toxicroak|184\/337
|
|turn|18
|
|move|p1a: Keldeo|Secret Sword|p2a: Toxicroak
|-resisted|p2a: Toxicroak
|-damage|p2a: Toxicroak|13\/337
|-enditem|p2a: Toxicroak|Salac Berry|[eat]
|-boost|p2a: Toxicroak|spe|1|[from] item: Salac Berry
|move|p2a: Toxicroak|Nasty Plot|p2a: Toxicroak
|-boost|p2a: Toxicroak|spa|2
|
|turn|19
|
|move|p2a: Toxicroak|Belch|p1a: Keldeo
|-damage|p1a: Keldeo|0 fnt
|faint|p1a: Keldeo
|
|c|âLinck129|propre
|c| 10co|oui
|
|switch|p1a: Empoleon|Empoleon, M|372\/372
|turn|20
|
|move|p2a: Toxicroak|Focus Blast|p1a: Empoleon
|-supereffective|p1a: Empoleon
|-damage|p1a: Empoleon|0 fnt
|faint|p1a: Empoleon
|
|win|Linck129
|raw|Ladder updating...
|c| 10co|mdr ce match
|raw|Yake~'s rating: 1593 &rarr; <strong>1571<\/strong><br \/>(-22 for losing)
|raw|Linck129's rating: 1572 &rarr; <strong>1593<\/strong><br \/>(+21 for winning)
|leave|Yake~
|player|p1
|c|âLinck129|lol