|join|slowgood
|join|Linck129
|player|p1|slowgood|170
|player|p2|Linck129|170
|gametype|singles
|gen|6
|tier|OU
|rated
|clearpoke
|poke|p1|Pinsir, M
|poke|p1|Magnezone
|poke|p1|Tyranitar, F
|poke|p1|Excadrill, F
|poke|p1|Talonflame, F
|poke|p1|Rotom-Wash
|poke|p2|Weezing, M
|poke|p2|Medicham, M
|poke|p2|Bisharp, M
|poke|p2|Landorus-Therian, M
|poke|p2|Latios, M
|poke|p2|Alomomola, F
|rule|Swagger Clause: Swagger is banned
|rule|Baton Pass Clause: Limit one PokÃ©mon knowing Baton Pass
|rule|Sleep Clause Mod: Limit one foe put to sleep
|rule|Species Clause: Limit one of each PokÃ©mon
|rule|OHKO Clause: OHKO moves are banned
|rule|Moody Clause: Moody is banned
|rule|Evasion Moves Clause: Evasion moves are banned
|rule|Endless Battle Clause: Forcing endless battles is banned
|rule|HP Percentage Mod: HP is shown in percentages
|teampreview
|
|start
|switch|p1a: Talonflame|Talonflame, F|298\/298
|switch|p2a: Medicham|Medicham, M|261\/261
|turn|1
|
|switch|p2a: Landorus-Therian|Landorus-Therian, M|320\/320
|-ability|p2a: Landorus-Therian|Intimidate|[of] p1a: Talonflame
|-unboost|p1a: Talonflame|atk|1
|move|p1a: Talonflame|U-turn|p2a: Landorus-Therian
|-resisted|p2a: Landorus-Therian
|-damage|p2a: Landorus-Therian|282\/320
|
|switch|p1a: Rotom-Wash|Rotom-Wash|304\/304
|
|turn|2
|
|move|p2a: Landorus-Therian|U-turn|p1a: Rotom-Wash
|-damage|p1a: Rotom-Wash|239\/304
|
|switch|p2a: Weezing|Weezing, M|334\/334
|move|p1a: Rotom-Wash|Volt Switch|p2a: Weezing
|-damage|p2a: Weezing|253\/334
|
|switch|p1a: Talonflame|Talonflame, F|298\/298
|
|-heal|p2a: Weezing|273\/334|[from] item: Black Sludge
|turn|3
|
|move|p1a: Talonflame|Brave Bird|p2a: Weezing
|-damage|p2a: Weezing|54\/334
|-damage|p1a: Talonflame|226\/298|[from] recoil|[of] p2a: Weezing
|move|p2a: Weezing|Sludge Bomb|p1a: Talonflame
|-damage|p1a: Talonflame|103\/298
|
|-heal|p2a: Weezing|74\/334|[from] item: Black Sludge
|turn|4
|
|move|p1a: Talonflame|Brave Bird|p2a: Weezing
|-damage|p2a: Weezing|0 fnt
|-damage|p1a: Talonflame|79\/298|[from] recoil|[of] p2a: Weezing
|faint|p2a: Weezing
|
|
|switch|p2a: Bisharp|Bisharp, M|271\/271
|turn|5
|
|move|p1a: Talonflame|Brave Bird|p2a: Bisharp
|-resisted|p2a: Bisharp
|-damage|p2a: Bisharp|148\/271
|-damage|p1a: Talonflame|38\/298|[from] recoil|[of] p2a: Bisharp
|move|p2a: Bisharp|Pursuit|p1a: Talonflame
|-damage|p1a: Talonflame|0 fnt
|faint|p1a: Talonflame
|
|
|switch|p1a: Magnezone|Magnezone|282\/282
|turn|6
|
|move|p1a: Magnezone|Thunderbolt|p2a: Bisharp
|-damage|p2a: Bisharp|24\/271
|move|p2a: Bisharp|Knock Off|p1a: Magnezone
|-damage|p1a: Magnezone|110\/282
|-enditem|p1a: Magnezone|Choice Scarf|[from] move: Knock Off|[of] p2a: Bisharp
|
|turn|7
|
|switch|p1a: Pinsir|Pinsir, M|271\/271
|move|p2a: Bisharp|Sucker Punch|p1a: Pinsir
|-fail|p1a: Pinsir
|
|turn|8
|
|detailschange|p1a: Pinsir|Pinsir-Mega, M
|message|Pinsir has Mega Evolved into Mega Pinsir!
|move|p1a: Pinsir|Return|p2a: Bisharp
|-resisted|p2a: Bisharp
|-damage|p2a: Bisharp|0 fnt
|faint|p2a: Bisharp
|
|
|switch|p2a: Landorus-Therian|Landorus-Therian, M|282\/320
|-ability|p2a: Landorus-Therian|Intimidate|[of] p1a: Pinsir
|-unboost|p1a: Pinsir|atk|1
|turn|9
|
|switch|p1a: Magnezone|Magnezone|110\/282
|move|p2a: Landorus-Therian|U-turn|p1a: Magnezone
|-resisted|p1a: Magnezone
|-damage|p1a: Magnezone|64\/282
|
|switch|p2a: Latios|Latios, M|302\/302
|
|turn|10
|
|move|p2a: Latios|Calm Mind|p2a: Latios
|-boost|p2a: Latios|spa|1
|-boost|p2a: Latios|spd|1
|move|p1a: Magnezone|Volt Switch|p2a: Latios
|-resisted|p2a: Latios
|-damage|p2a: Latios|266\/302
|
|switch|p1a: Tyranitar|Tyranitar, F|404\/404
|-weather|Sandstorm
|
|-weather|Sandstorm|[upkeep]
|-damage|p2a: Latios|248\/302|[from] sandstorm
|turn|11
|
|move|p2a: Latios|Draco Meteor|p1a: Tyranitar
|-damage|p1a: Tyranitar|196\/404
|-unboost|p2a: Latios|spa|2
|-damage|p2a: Latios|218\/302|[from] item: Life Orb
|move|p1a: Tyranitar|Pursuit|p2a: Latios
|-supereffective|p2a: Latios
|-damage|p2a: Latios|80\/302
|
|-weather|Sandstorm|[upkeep]
|-damage|p2a: Latios|62\/302|[from] sandstorm
|-heal|p1a: Tyranitar|221\/404|[from] item: Leftovers
|turn|12
|
|move|p2a: Latios|Draco Meteor|p1a: Tyranitar
|-damage|p1a: Tyranitar|127\/404
|-unboost|p2a: Latios|spa|2
|-damage|p2a: Latios|32\/302|[from] item: Life Orb
|move|p1a: Tyranitar|Pursuit|p2a: Latios
|-supereffective|p2a: Latios
|-damage|p2a: Latios|0 fnt
|faint|p2a: Latios
|
|-weather|Sandstorm|[upkeep]
|-heal|p1a: Tyranitar|152\/404|[from] item: Leftovers
|
|switch|p2a: Medicham|Medicham, M|261\/261
|turn|13
|
|switch|p1a: Magnezone|Magnezone|64\/282
|detailschange|p2a: Medicham|Medicham-Mega, M
|message|Medicham has Mega Evolved into Mega Medicham!
|move|p2a: Medicham|Drain Punch|p1a: Magnezone
|-supereffective|p1a: Magnezone
|-damage|p1a: Magnezone|0 fnt
|faint|p1a: Magnezone
|
|-weather|Sandstorm|[upkeep]
|-damage|p2a: Medicham|245\/261|[from] sandstorm
|
|switch|p1a: Pinsir|Pinsir-Mega, M|271\/271
|turn|14
|
|switch|p2a: Alomomola|Alomomola, F|534\/534
|move|p1a: Pinsir|Return|p2a: Alomomola
|-damage|p2a: Alomomola|189\/534
|
|-weather|none
|-heal|p2a: Alomomola|222\/534|[from] item: Leftovers
|turn|15
|
|move|p1a: Pinsir|Return|p2a: Alomomola
|-damage|p2a: Alomomola|0 fnt
|faint|p2a: Alomomola
|
|
|switch|p2a: Landorus-Therian|Landorus-Therian, M|282\/320
|-ability|p2a: Landorus-Therian|Intimidate|[of] p1a: Pinsir
|-unboost|p1a: Pinsir|atk|1
|turn|16
|
|switch|p1a: Tyranitar|Tyranitar, F|152\/404
|-weather|Sandstorm
|move|p2a: Landorus-Therian|U-turn|p1a: Tyranitar
|-supereffective|p1a: Tyranitar
|-damage|p1a: Tyranitar|0 fnt
|faint|p1a: Tyranitar
|
|switch|p2a: Medicham|Medicham-Mega, M|245\/261
|
|-weather|Sandstorm|[upkeep]
|-damage|p2a: Medicham|229\/261|[from] sandstorm
|
|switch|p1a: Excadrill|Excadrill, F|362\/362
|turn|17
|
|move|p1a: Excadrill|Iron Head|p2a: Medicham
|-crit|p2a: Medicham
|-damage|p2a: Medicham|0 fnt
|-damage|p1a: Excadrill|326\/362|[from] item: Life Orb
|faint|p2a: Medicham
|
|-weather|Sandstorm|[upkeep]
|
|switch|p2a: Landorus-Therian|Landorus-Therian, M|282\/320
|-ability|p2a: Landorus-Therian|Intimidate|[of] p1a: Excadrill
|-unboost|p1a: Excadrill|atk|1
|turn|18
|
|move|p1a: Excadrill|Iron Head|p2a: Landorus-Therian
|-damage|p2a: Landorus-Therian|121\/320
|-damage|p1a: Excadrill|290\/362|[from] item: Life Orb
|move|p2a: Landorus-Therian|Knock Off|p1a: Excadrill
|-damage|p1a: Excadrill|68\/362
|-enditem|p1a: Excadrill|Life Orb|[from] move: Knock Off|[of] p2a: Landorus-Therian
|
|-weather|Sandstorm|[upkeep]
|turn|19
|
|move|p1a: Excadrill|Iron Head|p2a: Landorus-Therian
|-damage|p2a: Landorus-Therian|9\/320
|move|p2a: Landorus-Therian|Knock Off|p1a: Excadrill
|-damage|p1a: Excadrill|0 fnt
|faint|p1a: Excadrill
|
|-weather|Sandstorm|[upkeep]
|-message|Linck129 forfeited.
|
|win|slowgood
|raw|Ladder updating...
|leave|Linck129
|player|p2
|raw|slowgood's rating: 1533 &rarr; <strong>1557<\/strong><br \/>(+24 for winning)
|raw|Linck129's rating: 1598 &rarr; <strong>1575<\/strong><br \/>(-23 for losing)