|join|snackfriend
|join|Linck129
|player|p1|snackfriend|269
|player|p2|Linck129|2
|gametype|singles
|gen|6
|tier|OU
|rated
|clearpoke
|poke|p1|Chansey, F
|poke|p1|Skarmory, F
|poke|p1|Charizard, M
|poke|p1|Amoonguss, M
|poke|p1|Quagsire, F
|poke|p1|Gothitelle, M
|poke|p2|Empoleon, F
|poke|p2|Rhyperior, M
|poke|p2|Yanmega, F
|poke|p2|Gardevoir, M
|poke|p2|Breloom, F
|poke|p2|Bisharp, F
|rule|Baton Pass Clause: Limit 3 pokemon knowing Baton Pass
|rule|Sleep Clause Mod: Limit one foe put to sleep
|rule|Species Clause: Limit one of each Pokemon
|rule|OHKO Clause: OHKO moves are banned
|rule|Moody Clause: Moody is banned
|rule|Evasion Moves Clause: Evasion moves are banned
|rule|Endless Battle Clause: Forcing endless battles is banned
|rule|HP Percentage Mod: HP is reported as percentages
|teampreview
|
|start
|switch|p1a: Charizard|Charizard, M|298\/298
|switch|p2a: Gardevoir|Gardevoir, M|277\/277
|-ability|p2a: Gardevoir|Blaze|[from] ability: Trace|[of] p1a: Charizard
|turn|1
|
|detailschange|p1a: Charizard|Charizard-Mega-Y, M
|message|Charizard has Mega Evolved into Mega Charizard!
|-weather|SunnyDay
|detailschange|p2a: Gardevoir|Gardevoir-Mega, M
|message|Gardevoir has Mega Evolved into Mega Gardevoir!
|move|p1a: Charizard|Fire Blast|p2a: Gardevoir
|-damage|p2a: Gardevoir|18\/277
|move|p2a: Gardevoir|Psyshock|p1a: Charizard
|-damage|p1a: Charizard|90\/298
|
|-weather|SunnyDay|[upkeep]
|turn|2
|
|switch|p1a: Gothitelle|Gothitelle, M|301\/301
|move|p2a: Gardevoir|Psyshock|p1a: Gothitelle
|-resisted|p1a: Gothitelle
|-damage|p1a: Gothitelle|205\/301
|
|-weather|SunnyDay|[upkeep]
|turn|3
|
|move|p1a: Gothitelle|Psychic|p2a: Gardevoir
|-resisted|p2a: Gardevoir
|-damage|p2a: Gardevoir|0 fnt
|faint|p2a: Gardevoir
|
|-weather|SunnyDay|[upkeep]
|
|switch|p2a: Bisharp|Bisharp, F|272\/272
|turn|4
|
|move|p2a: Bisharp|Pursuit|p1a: Gothitelle|[from]Pursuit
|-supereffective|p1a: Gothitelle
|-damage|p1a: Gothitelle|0 fnt
|-damage|p2a: Bisharp|245\/272|[from] item: Life Orb
|faint|p1a: Gothitelle
|
|-weather|SunnyDay|[upkeep]
|
|switch|p1a: Charizard|Charizard-Mega-Y, M|90\/298
|turn|5
|
|move|p1a: Charizard|Roost|p1a: Charizard
|-heal|p1a: Charizard|239\/298
|move|p2a: Bisharp|Knock Off|p1a: Charizard
|-damage|p1a: Charizard|39\/298
|-damage|p2a: Bisharp|218\/272|[from] item: Life Orb
|
|-weather|none
|turn|6
|
|move|p2a: Bisharp|Sucker Punch|p1a: Charizard
|-fail|p1a: Charizard
|move|p1a: Charizard|Roost|p1a: Charizard
|-heal|p1a: Charizard|188\/298
|
|turn|7
|
|move|p2a: Bisharp|Sucker Punch|p1a: Charizard
|-damage|p1a: Charizard|0 fnt
|-damage|p2a: Bisharp|191\/272|[from] item: Life Orb
|faint|p1a: Charizard
|
|
|switch|p1a: Skarmory|Skarmory, F|334\/334
|turn|8
|chat|snackfriend|fu
|
|move|p2a: Bisharp|Knock Off|p1a: Skarmory
|-damage|p1a: Skarmory|192\/334
|-damage|p2a: Bisharp|146\/272|[from] item: Rocky Helmet|[of] p1a: Skarmory
|-enditem|p1a: Skarmory|Rocky Helmet|[from] move: Knock Off|[of] p2a: Bisharp
|-damage|p2a: Bisharp|119\/272|[from] item: Life Orb
|move|p1a: Skarmory|Stealth Rock|p2a: Bisharp
|-sidestart|p2: Linck129|move: Stealth Rock
|
|turn|9
|
|switch|p2a: Empoleon|Empoleon, F|372\/372
|-damage|p2a: Empoleon|349\/372|[from] Stealth Rock
|move|p1a: Skarmory|Roost|p1a: Skarmory
|-heal|p1a: Skarmory|334\/334
|
|-heal|p2a: Empoleon|372\/372|[from] item: Leftovers
|turn|10
|
|switch|p1a: Chansey|Chansey, F|642\/642
|move|p2a: Empoleon|Defog|p1a: Chansey
|-unboost|p1a: Chansey|evasion|1
|-sideend|p2: Linck129|Stealth Rock|[from] move: Defog|[of] p2a: Empoleon
|
|turn|11
|
|move|p2a: Empoleon|Knock Off|p1a: Chansey
|-damage|p1a: Chansey|571\/642
|-enditem|p1a: Chansey|Eviolite|[from] move: Knock Off|[of] p2a: Empoleon
|move|p1a: Chansey|Toxic|p2a: Empoleon
|-fail|p2a: Empoleon
|
|turn|12
|chat|snackfriend|knock off on empoleon
|chat|Linck129|yep
|
|switch|p2a: Breloom|Breloom, F|324\/324
|move|p1a: Chansey|Seismic Toss|p2a: Breloom
|-damage|p2a: Breloom|224\/324
|
|-status|p2a: Breloom|tox|[from] item: Toxic Orb
|turn|13
|chat|snackfriend|you're playing so bad, not prediction, stay in against charizard
|chat|snackfriend|and still winning
|chat|Linck129|lol
|chat|Linck129|i just predicted you
|chat|Linck129|but yeah
|chat|Linck129|i'm so bad
|chat|snackfriend|I am faster than your mega gardevoir
|chat|snackfriend|why do you stay in
|chat|Linck129|nop
|chat|snackfriend|i could kill you easy
|chat|Linck129|mega g has 308 speed
|chat|Linck129|^^
|chat|snackfriend|char got 309
|chat|Linck129|if timid
|chat|Linck129|but most players play it modest
|chat|Linck129|^^
|chat|snackfriend|mine is timid
|
|switch|p2a: Yanmega|Yanmega, F|345\/345
|switch|p1a: Amoonguss|Amoonguss, M|432\/432
|
|turn|14
|chat|snackfriend|and 99% are timid
|chat|Linck129|good you you bro
|chat|Linck129|*for
|
|switch|p1a: Skarmory|Skarmory, F|334\/334
|move|p2a: Yanmega|Air Slash|p1a: Skarmory
|-resisted|p1a: Skarmory
|-damage|p1a: Skarmory|212\/334
|-damage|p2a: Yanmega|311\/345|[from] item: Life Orb
|
|-boost|p2a: Yanmega|spe|1|[from] ability: Speed Boost
|turn|15
|
|switch|p2a: Empoleon|Empoleon, F|372\/372
|move|p1a: Skarmory|Stealth Rock|p2a: Empoleon
|-sidestart|p2: Linck129|move: Stealth Rock
|
|turn|16
|
|switch|p1a: Quagsire|Quagsire, F|394\/394
|move|p2a: Empoleon|Scald|p1a: Quagsire
|-damage|p1a: Quagsire|255\/394
|
|-heal|p1a: Quagsire|279\/394|[from] item: Leftovers
|turn|17
|
|move|p2a: Empoleon|Knock Off|p1a: Quagsire
|-damage|p1a: Quagsire|235\/394
|-enditem|p1a: Quagsire|Leftovers|[from] move: Knock Off|[of] p2a: Empoleon
|move|p1a: Quagsire|Scald|p2a: Empoleon
|-resisted|p2a: Empoleon
|-damage|p2a: Empoleon|348\/372
|
|-heal|p2a: Empoleon|371\/372|[from] item: Leftovers
|turn|18
|
|move|p2a: Empoleon|Defog|p1a: Quagsire
|-unboost|p1a: Quagsire|evasion|1
|-sideend|p2: Linck129|Stealth Rock|[from] move: Defog|[of] p2a: Empoleon
|move|p1a: Quagsire|Recover|p1a: Quagsire
|-heal|p1a: Quagsire|394\/394
|
|-heal|p2a: Empoleon|372\/372|[from] item: Leftovers
|turn|19
|chat|Linck129|wow
|chat|Linck129|i'm playing so bad
|chat|Linck129|oO
|
|move|p2a: Empoleon|Scald|p1a: Quagsire
|-damage|p1a: Quagsire|241\/394
|-status|p1a: Quagsire|brn
|move|p1a: Quagsire|Scald|p2a: Empoleon
|-resisted|p2a: Empoleon
|-damage|p2a: Empoleon|348\/372
|
|-heal|p2a: Empoleon|371\/372|[from] item: Leftovers
|-damage|p1a: Quagsire|192\/394 brn|[from] brn
|turn|20
|
|switch|p2a: Breloom|Breloom, F|224\/324 tox
|move|p1a: Quagsire|Recover|p1a: Quagsire
|-heal|p1a: Quagsire|389\/394 brn
|
|-heal|p2a: Breloom|264\/324 tox|[from] ability: Poison Heal
|-damage|p1a: Quagsire|340\/394 brn|[from] brn
|turn|21
|chat|snackfriend|can i have the burn too please
|
|switch|p1a: Amoonguss|Amoonguss, M|432\/432
|move|p2a: Breloom|Leech Seed|p1a: Amoonguss|[miss]
|-miss|p2a: Breloom|p1a: Amoonguss
|
|-heal|p2a: Breloom|304\/324 tox|[from] ability: Poison Heal
|turn|22
|
|move|p2a: Breloom|Substitute|p2a: Breloom
|-start|p2a: Breloom|Substitute
|-damage|p2a: Breloom|223\/324 tox
|move|p1a: Amoonguss|Spore|p2a: Breloom
|-fail|p2a: Breloom
|
|-heal|p2a: Breloom|263\/324 tox|[from] ability: Poison Heal
|turn|23
|chat|snackfriend|amoonguss is poison .-.
|chat|Linck129|^^
|
|-singleturn|p2a: Breloom|move: Focus Punch
|move|p1a: Amoonguss|Sludge Bomb|p2a: Breloom
|-supereffective|p2a: Breloom
|-end|p2a: Breloom|Substitute
|move|p2a: Breloom|Focus Punch|p1a: Amoonguss
|-resisted|p1a: Amoonguss
|-damage|p1a: Amoonguss|260\/432
|
|-heal|p1a: Amoonguss|287\/432|[from] item: Black Sludge
|-heal|p2a: Breloom|303\/324 tox|[from] ability: Poison Heal
|turn|24
|
|switch|p2a: Empoleon|Empoleon, F|371\/372
|move|p1a: Amoonguss|Sludge Bomb|p2a: Empoleon
|-immune|p2a: Empoleon|[msg]
|
|-heal|p2a: Empoleon|372\/372|[from] item: Leftovers
|-heal|p1a: Amoonguss|314\/432|[from] item: Black Sludge
|turn|25
|
|switch|p1a: Quagsire|Quagsire, F|340\/394 brn
|move|p2a: Empoleon|Knock Off|p1a: Quagsire
|-damage|p1a: Quagsire|311\/394 brn
|
|-damage|p1a: Quagsire|262\/394 brn|[from] brn
|turn|26
|
|move|p2a: Empoleon|Scald|p1a: Quagsire
|-damage|p1a: Quagsire|103\/394 brn
|move|p1a: Quagsire|Recover|p1a: Quagsire
|-heal|p1a: Quagsire|300\/394 brn
|
|-damage|p1a: Quagsire|251\/394 brn|[from] brn
|turn|27
|
|move|p2a: Empoleon|Scald|p1a: Quagsire
|-damage|p1a: Quagsire|92\/394 brn
|move|p1a: Quagsire|Recover|p1a: Quagsire
|-heal|p1a: Quagsire|289\/394 brn
|
|-damage|p1a: Quagsire|240\/394 brn|[from] brn
|turn|28
|
|switch|p1a: Chansey|Chansey, F|571\/642
|move|p2a: Empoleon|Scald|p1a: Chansey
|-damage|p1a: Chansey|493\/642
|
|turn|29
|
|switch|p2a: Rhyperior|Rhyperior, M|434\/434
|move|p1a: Chansey|Aromatherapy|p1a: Chansey
|-cureteam|p1a: Chansey|[from] move: Aromatherapy
|
|turn|30
|
|switch|p1a: Skarmory|Skarmory, F|212\/334
|move|p2a: Rhyperior|Stealth Rock|p1a: Skarmory
|-sidestart|p1: snackfriend|move: Stealth Rock
|
|turn|31
|
|move|p1a: Skarmory|Defog|p2a: Rhyperior
|-unboost|p2a: Rhyperior|evasion|1
|-sideend|p1: snackfriend|Stealth Rock|[from] move: Defog|[of] p1a: Skarmory
|move|p2a: Rhyperior|Stone Edge|p1a: Skarmory
|-damage|p1a: Skarmory|125\/334
|
|turn|32
|
|move|p1a: Skarmory|Roost|p1a: Skarmory
|-heal|p1a: Skarmory|292\/334
|move|p2a: Rhyperior|Earthquake|p1a: Skarmory
|-supereffective|p1a: Skarmory
|-damage|p1a: Skarmory|100\/334
|
|turn|33
|
|move|p1a: Skarmory|Stealth Rock|p2a: Rhyperior
|-sidestart|p2: Linck129|move: Stealth Rock
|move|p2a: Rhyperior|Stealth Rock|p1a: Skarmory
|-sidestart|p1: snackfriend|move: Stealth Rock
|
|turn|34
|
|move|p1a: Skarmory|Roost|p1a: Skarmory
|-heal|p1a: Skarmory|267\/334
|move|p2a: Rhyperior|Earthquake|p1a: Skarmory
|-supereffective|p1a: Skarmory
|-damage|p1a: Skarmory|69\/334
|
|turn|35
|
|move|p1a: Skarmory|Roost|p1a: Skarmory
|-heal|p1a: Skarmory|236\/334
|move|p2a: Rhyperior|Earthquake|p1a: Skarmory
|-supereffective|p1a: Skarmory
|-damage|p1a: Skarmory|56\/334
|
|turn|36
|
|move|p1a: Skarmory|Defog|p2a: Rhyperior
|-unboost|p2a: Rhyperior|evasion|1
|-sideend|p2: Linck129|Stealth Rock|[from] move: Defog|[of] p2a: Rhyperior
|-sideend|p1: snackfriend|Stealth Rock|[from] move: Defog|[of] p1a: Skarmory
|move|p2a: Rhyperior|Earthquake|p1a: Skarmory
|-immune|p1a: Skarmory|[msg]
|
|turn|37
|
|move|p1a: Skarmory|Roost|p1a: Skarmory
|-heal|p1a: Skarmory|223\/334
|move|p2a: Rhyperior|Earthquake|p1a: Skarmory
|-supereffective|p1a: Skarmory
|-damage|p1a: Skarmory|37\/334
|
|turn|38
|
|move|p1a: Skarmory|Roost|p1a: Skarmory
|-heal|p1a: Skarmory|204\/334
|move|p2a: Rhyperior|Stone Edge|p1a: Skarmory
|-resisted|p1a: Skarmory
|-damage|p1a: Skarmory|156\/334
|
|turn|39
|
|move|p1a: Skarmory|Stealth Rock|p2a: Rhyperior
|-sidestart|p2: Linck129|move: Stealth Rock
|move|p2a: Rhyperior|Stealth Rock|p1a: Skarmory
|-sidestart|p1: snackfriend|move: Stealth Rock
|
|turn|40
|
|move|p1a: Skarmory|Defog|p2a: Rhyperior
|-unboost|p2a: Rhyperior|evasion|1
|-sideend|p2: Linck129|Stealth Rock|[from] move: Defog|[of] p2a: Rhyperior
|-sideend|p1: snackfriend|Stealth Rock|[from] move: Defog|[of] p1a: Skarmory
|move|p2a: Rhyperior|Stone Edge|p1a: Skarmory
|-damage|p1a: Skarmory|62\/334
|
|turn|41
|
|move|p1a: Skarmory|Roost|p1a: Skarmory
|-heal|p1a: Skarmory|229\/334
|move|p2a: Rhyperior|Earthquake|p1a: Skarmory
|-crit|p1a: Skarmory
|-supereffective|p1a: Skarmory
|-damage|p1a: Skarmory|0 fnt
|faint|p1a: Skarmory
|
|-message|snackfriend forfeited.
|
|win|Linck129
|raw|Ladder updating...
|leave|snackfriend
|player|p1
|raw|snackfriend's rating: 1696 &rarr; <strong>1667<\/strong><br \/>(-29 for losing)
|raw|Linck129's rating: 1532 &rarr; <strong>1561<\/strong><br \/>(+29 for winning)