|join|Linck129
|join|Twin Citiez
|player|p1|Linck129|265
|player|p2|Twin Citiez|135
|gametype|singles
|gen|6
|tier|OU
|clearpoke
|poke|p1|Hariyama, M
|poke|p1|Latios, M
|poke|p1|Kyurem-Black
|poke|p1|Snorlax, M
|poke|p1|Magnezone
|poke|p1|Landorus-Therian, M
|poke|p2|Latios, M
|poke|p2|Keldeo
|poke|p2|Landorus-Therian, M
|poke|p2|Zapdos
|poke|p2|Venusaur, M
|poke|p2|Bisharp, M, shiny
|rule|Baton Pass Clause: Limit 3 pokemon knowing Baton Pass
|rule|Sleep Clause Mod: Limit one foe put to sleep
|rule|Species Clause: Limit one of each Pokemon
|rule|OHKO Clause: OHKO moves are banned
|rule|Moody Clause: Moody is banned
|rule|Swagger Clause: Swagger is banned
|rule|Evasion Moves Clause: Evasion moves are banned
|rule|Endless Battle Clause: Forcing endless battles is banned
|rule|HP Percentage Mod: HP is reported as percentages
|teampreview
|chat|Linck129|qu'est-ce ?
Twin Citiez made this room private.
|chat|Twin Citiez|testing oO
|chat|Twin Citiez|h_f
|chat|Linck129|ue
|
|start
|switch|p1a: Kyurem-Black|Kyurem-Black|391\/391
|switch|p2a: Keldeo|Keldeo|322\/322
|-ability|p1a: Kyurem-Black|Teravolt
|turn|1
|
|move|p2a: Keldeo|Secret Sword|p1a: Kyurem-Black
|-supereffective|p1a: Kyurem-Black
|-damage|p1a: Kyurem-Black|0 fnt
|faint|p1a: Kyurem-Black
|
|
|switch|p1a: Latios|Latios, M|302\/302
|turn|2
|
|switch|p2a: Bisharp|Bisharp, M, shiny|290\/290
|move|p1a: Latios|Thunderbolt|p2a: Bisharp
|-crit|p2a: Bisharp
|-damage|p2a: Bisharp|87\/290
|-damage|p1a: Latios|272\/302|[from] item: Life Orb
|
|turn|3
|chat|Twin Citiez|mias fuk
|
|move|p1a: Latios|Thunderbolt|p2a: Bisharp
|-damage|p2a: Bisharp|0 fnt
|-damage|p1a: Latios|242\/302|[from] item: Life Orb
|faint|p2a: Bisharp
|
|chat|Linck129|tester une team et etre latios weak
|chat|Linck129|:\/
|chat|Twin Citiez|je suis AV a la base
|chat|Linck129|Ã§a fait environ 48% sans le crit
|chat|Twin Citiez|oui
|chat|Linck129|1chance sur 2 de ken latios si j'avais placÃ© les pdr
|chat|Linck129|bof
|chat|Twin Citiez|j'ai pursiut
|chat|Linck129|je sais*
|chat|Linck129|je suis restÃ© pour Ã§a d'ailleurs
|
|switch|p2a: Zapdos|Zapdos|375\/375
|-ability|p2a: Zapdos|Pressure
|turn|4
|chat|Linck129|une team aussi weak Ã  latios ne peut qu'avoir un trapper pour le niquer
|
|switch|p1a: Magnezone|Magnezone|281\/281
|move|p2a: Zapdos|Roost|p2a: Zapdos
|-fail|p2a: Zapdos
|
|turn|5
|chat|Twin Citiez|ui
|
|move|p2a: Zapdos|Heat Wave|p1a: Magnezone
|-supereffective|p1a: Magnezone
|-damage|p1a: Magnezone|101\/281
|move|p1a: Magnezone|Volt Switch|p2a: Zapdos
|-damage|p2a: Zapdos|252\/375
|
|switch|p1a: Latios|Latios, M|242\/302
|
|-heal|p2a: Zapdos|275\/375|[from] item: Leftovers
|turn|6
|
|move|p1a: Latios|Draco Meteor|p2a: Zapdos
|-damage|p2a: Zapdos|24\/375
|-unboost|p1a: Latios|spa|2
|-damage|p1a: Latios|212\/302|[from] item: Life Orb
|move|p2a: Zapdos|Roost|p2a: Zapdos
|-heal|p2a: Zapdos|212\/375
|
|-heal|p2a: Zapdos|235\/375|[from] item: Leftovers
|turn|7
|chat|Linck129|oh god
|
|switch|p1a: Landorus-Therian|Landorus-Therian, M|382\/382
|-ability|p1a: Landorus-Therian|Intimidate|[of] p2a: Zapdos
|-unboost|p2a: Zapdos|atk|1
|move|p2a: Zapdos|Roost|p2a: Zapdos
|-heal|p2a: Zapdos|375\/375
|
|turn|8
|chat|Twin Citiez|yh
|
|switch|p2a: Keldeo|Keldeo|322\/322
|move|p1a: Landorus-Therian|U-turn|p2a: Keldeo
|-crit|p2a: Keldeo
|-resisted|p2a: Keldeo
|-damage|p2a: Keldeo|245\/322
|
|switch|p1a: Latios|Latios, M|212\/302
|
|turn|9
|chat|Linck129|re
|
|switch|p2a: Latios|Latios, M|302\/302
|move|p1a: Latios|Draco Meteor|p2a: Latios
|-supereffective|p2a: Latios
|-damage|p2a: Latios|0 fnt
|-unboost|p1a: Latios|spa|2
|-damage|p1a: Latios|182\/302|[from] item: Life Orb
|faint|p2a: Latios
|
|chat|Twin Citiez|.sad
|chat|Linck129|facile
|
|switch|p2a: Landorus-Therian|Landorus-Therian, M|371\/371
|-ability|p2a: Landorus-Therian|Intimidate|[of] p1a: Latios
|-unboost|p1a: Latios|atk|1
|turn|10
|
|switch|p1a: Magnezone|Magnezone|101\/281
|move|p2a: Landorus-Therian|Stealth Rock|p1a: Magnezone
|-sidestart|p1: Linck129|move: Stealth Rock
|
|turn|11
|
|switch|p1a: Landorus-Therian|Landorus-Therian, M|382\/382
|-damage|p1a: Landorus-Therian|335\/382|[from] Stealth Rock
|-ability|p1a: Landorus-Therian|Intimidate|[of] p2a: Landorus-Therian
|-unboost|p2a: Landorus-Therian|atk|1
|move|p2a: Landorus-Therian|Earthquake|p1a: Landorus-Therian
|-immune|p1a: Landorus-Therian|[msg]
|
|-heal|p1a: Landorus-Therian|358\/382|[from] item: Leftovers
|turn|12
|
|move|p2a: Landorus-Therian|U-turn|p1a: Landorus-Therian
|-resisted|p1a: Landorus-Therian
|-damage|p1a: Landorus-Therian|330\/382
|
|switch|p2a: Keldeo|Keldeo|245\/322
|move|p1a: Landorus-Therian|Knock Off|p2a: Keldeo
|-resisted|p2a: Keldeo
|-damage|p2a: Keldeo|164\/322
|-boost|p2a: Keldeo|atk|1|[from] ability: Justified
|-enditem|p2a: Keldeo|Choice Specs|[from] move: Knock Off|[of] p1a: Landorus-Therian
|
|-heal|p1a: Landorus-Therian|353\/382|[from] item: Leftovers
|turn|13
|chat|Linck129|yeah
|
|switch|p1a: Hariyama|Hariyama, M|429\/429
|-damage|p1a: Hariyama|403\/429|[from] Stealth Rock
|move|p2a: Keldeo|Scald|p1a: Hariyama
|-damage|p1a: Hariyama|280\/429
|-status|p1a: Hariyama|brn
|
|-damage|p1a: Hariyama|227\/429 brn|[from] brn
|turn|14
|chat|Twin Citiez|rofl
|chat|Linck129|koi
|
|switch|p2a: Landorus-Therian|Landorus-Therian, M|371\/371
|-ability|p2a: Landorus-Therian|Intimidate|[of] p1a: Hariyama
|-unboost|p1a: Hariyama|atk|1
|move|p1a: Hariyama|Ice Punch|p2a: Landorus-Therian
|-supereffective|p2a: Landorus-Therian
|-damage|p2a: Landorus-Therian|43\/371
|
|-heal|p2a: Landorus-Therian|66\/371|[from] item: Leftovers
|-damage|p1a: Hariyama|174\/429 brn|[from] brn
|turn|15
|chat|Linck129|t'aimes pas les gros ?
|chat|Twin Citiez|mdr
|
|move|p1a: Hariyama|Bullet Punch|p2a: Landorus-Therian
|-damage|p2a: Landorus-Therian|22\/371
|move|p2a: Landorus-Therian|Earthquake|p1a: Hariyama
|-damage|p1a: Hariyama|0 fnt
|faint|p1a: Hariyama
|
|-heal|p2a: Landorus-Therian|45\/371|[from] item: Leftovers
|chat|Twin Citiez|weak
|
|switch|p1a: Latios|Latios, M|182\/302
|-damage|p1a: Latios|145\/302|[from] Stealth Rock
|turn|16
|chat|Linck129|ouais
|chat|Linck129|mais t'es dÃ©fensif
|chat|Linck129|:\/
|
|move|p1a: Latios|Psyshock|p2a: Landorus-Therian
|-crit|p2a: Landorus-Therian
|-damage|p2a: Landorus-Therian|0 fnt
|-damage|p1a: Latios|115\/302|[from] item: Life Orb
|faint|p2a: Landorus-Therian
|
|
|switch|p2a: Zapdos|Zapdos|375\/375
|-ability|p2a: Zapdos|Pressure
|turn|17
|
|move|p1a: Latios|Defog|p2a: Zapdos
|-unboost|p2a: Zapdos|evasion|1
|-sideend|p1: Linck129|Stealth Rock|[from] move: Defog|[of] p1a: Latios
|move|p2a: Zapdos|Roost|p2a: Zapdos
|-fail|p2a: Zapdos
|
|turn|18
|
|switch|p1a: Landorus-Therian|Landorus-Therian, M|353\/382
|-ability|p1a: Landorus-Therian|Intimidate|[of] p2a: Zapdos
|-unboost|p2a: Zapdos|atk|1
|move|p2a: Zapdos|Discharge|p1a: Landorus-Therian
|-immune|p1a: Landorus-Therian|[msg]
|
|-heal|p1a: Landorus-Therian|376\/382|[from] item: Leftovers
|turn|19
|
|move|p2a: Zapdos|Heat Wave|p1a: Landorus-Therian
|-crit|p1a: Landorus-Therian
|-damage|p1a: Landorus-Therian|201\/382
|move|p1a: Landorus-Therian|U-turn|p2a: Zapdos
|-resisted|p2a: Zapdos
|-damage|p2a: Zapdos|328\/375
|
|switch|p1a: Snorlax|Snorlax, M|493\/493
|
|-heal|p2a: Zapdos|351\/375|[from] item: Leftovers
|turn|20
|
|move|p2a: Zapdos|Discharge|p1a: Snorlax
|-damage|p1a: Snorlax|402\/493
|move|p1a: Snorlax|Body Slam|p2a: Zapdos
|-damage|p2a: Zapdos|239\/375
|
|-heal|p2a: Zapdos|262\/375|[from] item: Leftovers
|-heal|p1a: Snorlax|432\/493|[from] item: Leftovers
|turn|21
|
|move|p2a: Zapdos|Discharge|p1a: Snorlax
|-damage|p1a: Snorlax|335\/493
|move|p1a: Snorlax|Body Slam|p2a: Zapdos
|-damage|p2a: Zapdos|148\/375
|
|-heal|p2a: Zapdos|171\/375|[from] item: Leftovers
|-heal|p1a: Snorlax|365\/493|[from] item: Leftovers
|turn|22
|
|move|p2a: Zapdos|Roost|p2a: Zapdos
|-heal|p2a: Zapdos|359\/375
|move|p1a: Snorlax|Curse|p1a: Snorlax
|-boost|p1a: Snorlax|atk|1
|-boost|p1a: Snorlax|def|1
|-unboost|p1a: Snorlax|spe|1
|
|-heal|p2a: Zapdos|375\/375|[from] item: Leftovers
|-heal|p1a: Snorlax|395\/493|[from] item: Leftovers
|turn|23
|
|move|p2a: Zapdos|Discharge|p1a: Snorlax
|-damage|p1a: Snorlax|298\/493
|-status|p1a: Snorlax|par
|cant|p1a: Snorlax|par
|
|-heal|p1a: Snorlax|328\/493 par|[from] item: Leftovers
|turn|24
|chat|Linck129|:\/
|
|move|p2a: Zapdos|Discharge|p1a: Snorlax
|-damage|p1a: Snorlax|235\/493 par
|move|p1a: Snorlax|Curse|p1a: Snorlax
|-boost|p1a: Snorlax|atk|1
|-boost|p1a: Snorlax|def|1
|-unboost|p1a: Snorlax|spe|1
|
|-heal|p1a: Snorlax|265\/493 par|[from] item: Leftovers
|turn|25
|
|switch|p2a: Keldeo|Keldeo|164\/322
|move|p1a: Snorlax|Curse|p1a: Snorlax
|-boost|p1a: Snorlax|atk|1
|-boost|p1a: Snorlax|def|1
|-unboost|p1a: Snorlax|spe|1
|
|-heal|p1a: Snorlax|295\/493 par|[from] item: Leftovers
|turn|26
|
|move|p2a: Keldeo|Secret Sword|p1a: Snorlax
|-supereffective|p1a: Snorlax
|-damage|p1a: Snorlax|175\/493 par
|move|p1a: Snorlax|Body Slam|p2a: Keldeo
|-damage|p2a: Keldeo|0 fnt
|faint|p2a: Keldeo
|
|-heal|p1a: Snorlax|205\/493 par|[from] item: Leftovers
|
|switch|p2a: Venusaur|Venusaur, M|364\/364
|turn|27
|
|detailschange|p2a: Venusaur|Venusaur-Mega, M
|message|Venusaur has Mega Evolved into Mega Venusaur!
|move|p2a: Venusaur|Sludge Bomb|p1a: Snorlax
|-damage|p1a: Snorlax|91\/493 par
|cant|p1a: Snorlax|par
|
|-heal|p1a: Snorlax|121\/493 par|[from] item: Leftovers
|turn|28
|chat|Linck129|pls
|chat|Twin Citiez|ez
|
|move|p2a: Venusaur|Sludge Bomb|p1a: Snorlax
|-damage|p1a: Snorlax|1\/493 par
|move|p1a: Snorlax|Rest|p1a: Snorlax
|-status|p1a: Snorlax|slp
|-heal|p1a: Snorlax|493\/493 slp|[silent]
|-status|p1a: Snorlax|slp|[from] move: Rest
|
|turn|29
|chat|Linck129|voilÃ 
|chat|Twin Citiez|pff
|
|move|p2a: Venusaur|Sludge Bomb|p1a: Snorlax
|-damage|p1a: Snorlax|376\/493 slp
|cant|p1a: Snorlax|slp
|
|-heal|p1a: Snorlax|406\/493 slp|[from] item: Leftovers
|turn|30
|chat|Linck129|la p800 de snorlax
|
|move|p2a: Venusaur|Sludge Bomb|p1a: Snorlax
|-crit|p1a: Snorlax
|-damage|p1a: Snorlax|247\/493 slp
|cant|p1a: Snorlax|slp
|
|-heal|p1a: Snorlax|277\/493 slp|[from] item: Leftovers
|turn|31
|chat|Linck129|personne ne le joue et pourtant ...
|
|move|p2a: Venusaur|Sludge Bomb|p1a: Snorlax
|-damage|p1a: Snorlax|159\/493 slp
|-curestatus|p1a: Snorlax|slp
|move|p1a: Snorlax|Body Slam|p2a: Venusaur
|-damage|p2a: Venusaur|190\/364
|
|-heal|p1a: Snorlax|189\/493|[from] item: Leftovers
|turn|32
|chat|Twin Citiez|hum
|
|move|p2a: Venusaur|Sleep Powder|p1a: Snorlax
|-status|p1a: Snorlax|slp
|cant|p1a: Snorlax|slp
|
|-heal|p1a: Snorlax|219\/493 slp|[from] item: Leftovers
|turn|33
|
|move|p2a: Venusaur|Sludge Bomb|p1a: Snorlax
|-damage|p1a: Snorlax|114\/493 slp
|-curestatus|p1a: Snorlax|slp
|move|p1a: Snorlax|Rest|p1a: Snorlax
|-status|p1a: Snorlax|slp
|-heal|p1a: Snorlax|493\/493 slp|[silent]
|-status|p1a: Snorlax|slp|[from] move: Rest
|
|turn|34
|chat|Twin Citiez|MIAS
|chat|Twin Citiez|MAIS
|chat|Twin Citiez|MAIS
|chat|Linck129|je me serai rÃ©veillÃ© au T3 au pire
|chat|Twin Citiez|g_g
|chat|Linck129|gg
|-message|Twin Citiez forfeited.
|
|win|Linck129
|leave|Twin Citiez
|player|p2