|join|Linck129
|join|LT2A ASUYA
|player|p1|Linck129|170
|player|p2|LT2A ASUYA|257
|gametype|singles
|gen|6
|tier|OU
|rated
|clearpoke
|poke|p1|Weezing, M
|poke|p1|Medicham, F
|poke|p1|Bisharp, F
|poke|p1|Landorus-Therian, M
|poke|p1|Latios, M
|poke|p1|Alomomola, F
|poke|p2|Azumarill, M
|poke|p2|Dragonite, M
|poke|p2|Heracross, M
|poke|p2|Landorus-Therian, M
|poke|p2|Terrakion
|poke|p2|Starmie
|rule|Swagger Clause: Swagger is banned
|rule|Baton Pass Clause: Limit one PokÃ©mon knowing Baton Pass
|rule|Sleep Clause Mod: Limit one foe put to sleep
|rule|Species Clause: Limit one of each PokÃ©mon
|rule|OHKO Clause: OHKO moves are banned
|rule|Moody Clause: Moody is banned
|rule|Evasion Moves Clause: Evasion moves are banned
|rule|Endless Battle Clause: Forcing endless battles is banned
|rule|HP Percentage Mod: HP is shown in percentages
|teampreview
|
|start
|switch|p1a: Landorus-Therian|Landorus-Therian, M|320\/320
|switch|p2a: Azumarill|Azumarill, M|381\/381
|-ability|p1a: Landorus-Therian|Intimidate|[of] p2a: Azumarill
|-unboost|p2a: Azumarill|atk|1
|turn|1
|
|move|p1a: Landorus-Therian|U-turn|p2a: Azumarill
|-resisted|p2a: Azumarill
|-damage|p2a: Azumarill|316\/381
|
|switch|p1a: Weezing|Weezing, M|334\/334
|move|p2a: Azumarill|Play Rough|p1a: Weezing
|-resisted|p1a: Weezing
|-damage|p1a: Weezing|247\/334
|
|-heal|p1a: Weezing|267\/334|[from] item: Black Sludge
|turn|2
|join|Pitebullo
|c| Pitebullo|ke kaz
|c| Pitebullo|ancora gente con teams di merda?fg
|
|switch|p2a: Starmie|Starmie|261\/261
|move|p1a: Weezing|Will-O-Wisp|p2a: Starmie|[miss]
|-miss|p1a: Weezing|p2a: Starmie
|
|-heal|p1a: Weezing|287\/334|[from] item: Black Sludge
|turn|3
|
|switch|p1a: Bisharp|Bisharp, F|271\/271
|move|p2a: Starmie|Hydro Pump|p1a: Bisharp
|-damage|p1a: Bisharp|118\/271
|-damage|p2a: Starmie|235\/261|[from] item: Life Orb
|
|turn|4
|c| Pitebullo|#coinflips
|
|move|p1a: Bisharp|Pursuit|p2a: Starmie|[from]Pursuit
|-supereffective|p2a: Starmie
|-damage|p2a: Starmie|0 fnt
|faint|p2a: Starmie
|
|
|switch|p2a: Terrakion|Terrakion|323\/323
|turn|5
|
|move|p2a: Terrakion|Stone Edge|p1a: Bisharp
|-crit|p1a: Bisharp
|-resisted|p1a: Bisharp
|-damage|p1a: Bisharp|0 fnt
|-damage|p2a: Terrakion|291\/323|[from] item: Life Orb
|faint|p1a: Bisharp
|
|c|âLinck129|lol
|c|âLinck129|ofc
|
|switch|p1a: Landorus-Therian|Landorus-Therian, M|320\/320
|-ability|p1a: Landorus-Therian|Intimidate|[of] p2a: Terrakion
|-unboost|p2a: Terrakion|atk|1
|turn|6
|
|switch|p2a: Landorus-Therian|Landorus-Therian, M|337\/337
|-ability|p2a: Landorus-Therian|Intimidate|[of] p1a: Landorus-Therian
|-unboost|p1a: Landorus-Therian|atk|1
|move|p1a: Landorus-Therian|U-turn|p2a: Landorus-Therian
|-resisted|p2a: Landorus-Therian
|-damage|p2a: Landorus-Therian|303\/337
|
|switch|p1a: Weezing|Weezing, M|287\/334
|
|-heal|p2a: Landorus-Therian|324\/337|[from] item: Leftovers
|-heal|p1a: Weezing|307\/334|[from] item: Black Sludge
|turn|7
|
|move|p2a: Landorus-Therian|Knock Off|p1a: Weezing
|-damage|p1a: Weezing|192\/334
|-enditem|p1a: Weezing|Black Sludge|[from] move: Knock Off|[of] p2a: Landorus-Therian
|move|p1a: Weezing|Will-O-Wisp|p2a: Landorus-Therian
|-status|p2a: Landorus-Therian|brn
|
|-heal|p2a: Landorus-Therian|337\/337 brn|[from] item: Leftovers
|-damage|p2a: Landorus-Therian|295\/337 brn|[from] brn
|turn|8
|
|switch|p1a: Medicham|Medicham, F|261\/261
|move|p2a: Landorus-Therian|Stealth Rock|p1a: Medicham
|-sidestart|p1: Linck129|move: Stealth Rock
|
|-heal|p2a: Landorus-Therian|316\/337 brn|[from] item: Leftovers
|-damage|p2a: Landorus-Therian|274\/337 brn|[from] brn
|turn|9
|
|switch|p2a: Azumarill|Azumarill, M|316\/381
|detailschange|p1a: Medicham|Medicham-Mega, F
|message|Medicham has Mega Evolved into Mega Medicham!
|move|p1a: Medicham|Substitute|p1a: Medicham
|-start|p1a: Medicham|Substitute
|-damage|p1a: Medicham|196\/261
|
|turn|10
|
|move|p2a: Azumarill|Aqua Jet|p1a: Medicham
|-end|p1a: Medicham|Substitute
|move|p1a: Medicham|Zen Headbutt|p2a: Azumarill
|-damage|p2a: Azumarill|0 fnt
|faint|p2a: Azumarill
|
|
|switch|p2a: Dragonite|Dragonite, M|323\/323
|turn|11
|
|move|p2a: Dragonite|Extreme Speed|p1a: Medicham
|-damage|p1a: Medicham|0 fnt
|faint|p1a: Medicham
|
|
|switch|p1a: Latios|Latios, M|302\/302
|-damage|p1a: Latios|265\/302|[from] Stealth Rock
|turn|12
|
|switch|p2a: Landorus-Therian|Landorus-Therian, M|274\/337 brn
|-ability|p2a: Landorus-Therian|Intimidate|[of] p1a: Latios
|-unboost|p1a: Latios|atk|1
|move|p1a: Latios|Psyshock|p2a: Landorus-Therian
|-damage|p2a: Landorus-Therian|54\/337 brn
|-damage|p1a: Latios|235\/302|[from] item: Life Orb
|
|-heal|p2a: Landorus-Therian|75\/337 brn|[from] item: Leftovers
|-damage|p2a: Landorus-Therian|33\/337 brn|[from] brn
|turn|13
|
|move|p1a: Latios|Psyshock|p2a: Landorus-Therian
|-damage|p2a: Landorus-Therian|0 fnt
|-damage|p1a: Latios|205\/302|[from] item: Life Orb
|faint|p2a: Landorus-Therian
|
|
|switch|p2a: Dragonite|Dragonite, M|323\/323
|turn|14
|
|move|p2a: Dragonite|Extreme Speed|p1a: Latios
|-damage|p1a: Latios|7\/302
|move|p1a: Latios|Draco Meteor|p2a: Dragonite
|-supereffective|p2a: Dragonite
|-damage|p2a: Dragonite|21\/323
|-unboost|p1a: Latios|spa|2
|-damage|p1a: Latios|0 fnt|[from] item: Life Orb
|faint|p1a: Latios
|
|
|switch|p1a: Landorus-Therian|Landorus-Therian, M|320\/320
|-damage|p1a: Landorus-Therian|280\/320|[from] Stealth Rock
|-ability|p1a: Landorus-Therian|Intimidate|[of] p2a: Dragonite
|-unboost|p2a: Dragonite|atk|1
|turn|15
|
|move|p2a: Dragonite|Extreme Speed|p1a: Landorus-Therian
|-damage|p1a: Landorus-Therian|165\/320
|move|p1a: Landorus-Therian|U-turn|p2a: Dragonite
|-resisted|p2a: Dragonite
|-damage|p2a: Dragonite|0 fnt
|faint|p2a: Dragonite
|
|switch|p1a: Weezing|Weezing, M|192\/334
|-damage|p1a: Weezing|151\/334|[from] Stealth Rock
|
|
|switch|p2a: Terrakion|Terrakion|291\/323
|turn|16
|
|move|p2a: Terrakion|Stone Edge|p1a: Weezing|[miss]
|-miss|p2a: Terrakion|p1a: Weezing
|move|p1a: Weezing|Will-O-Wisp|p2a: Terrakion
|-status|p2a: Terrakion|brn
|
|-damage|p2a: Terrakion|251\/323 brn|[from] brn
|turn|17
|
|move|p2a: Terrakion|Stone Edge|p1a: Weezing
|-damage|p1a: Weezing|60\/334
|-damage|p2a: Terrakion|219\/323 brn|[from] item: Life Orb
|move|p1a: Weezing|Pain Split|p2a: Terrakion
|-sethp|p2a: Terrakion|139\/323 brn|p1a: Weezing|139\/334|[from] move: Pain Split
|
|-damage|p2a: Terrakion|99\/323 brn|[from] brn
|turn|18
|
|move|p2a: Terrakion|Swords Dance|p2a: Terrakion
|-boost|p2a: Terrakion|atk|2
|move|p1a: Weezing|Sludge Bomb|p2a: Terrakion
|-resisted|p2a: Terrakion
|-damage|p2a: Terrakion|47\/323 brn
|
|-damage|p2a: Terrakion|7\/323 brn|[from] brn
|turn|19
|
|switch|p1a: Alomomola|Alomomola, F|534\/534
|-damage|p1a: Alomomola|468\/534|[from] Stealth Rock
|move|p2a: Terrakion|Stone Edge|p1a: Alomomola
|-damage|p1a: Alomomola|215\/534
|-damage|p2a: Terrakion|0 fnt|[from] item: Life Orb
|faint|p2a: Terrakion
|
|-heal|p1a: Alomomola|248\/534|[from] item: Leftovers
|
|switch|p2a: Heracross|Heracross, M|301\/301
|turn|20
|
|detailschange|p2a: Heracross|Heracross-Mega, M
|message|Heracross has Mega Evolved into Mega Heracross!
|move|p2a: Heracross|Swords Dance|p2a: Heracross
|-boost|p2a: Heracross|atk|2
|move|p1a: Alomomola|Scald|p2a: Heracross
|-damage|p2a: Heracross|256\/301
|
|-heal|p1a: Alomomola|281\/534|[from] item: Leftovers
|turn|21
|
|move|p2a: Heracross|Bullet Seed|p1a: Alomomola
|-crit|p1a: Alomomola
|-supereffective|p1a: Alomomola
|-damage|p1a: Alomomola|0 fnt
|-hitcount|p1a: Alomomola|1
|faint|p1a: Alomomola
|
|
|switch|p1a: Landorus-Therian|Landorus-Therian, M|165\/320
|-damage|p1a: Landorus-Therian|125\/320|[from] Stealth Rock
|-ability|p1a: Landorus-Therian|Intimidate|[of] p2a: Heracross
|-unboost|p2a: Heracross|atk|1
|turn|22
|
|move|p1a: Landorus-Therian|U-turn|p2a: Heracross
|-resisted|p2a: Heracross
|-damage|p2a: Heracross|208\/301
|c| Pitebullo|ugh
|
|switch|p1a: Weezing|Weezing, M|139\/334
|-damage|p1a: Weezing|98\/334|[from] Stealth Rock
|move|p2a: Heracross|Bullet Seed|p1a: Weezing
|-resisted|p1a: Weezing
|-damage|p1a: Weezing|68\/334
|-resisted|p1a: Weezing
|-damage|p1a: Weezing|39\/334
|-resisted|p1a: Weezing
|-damage|p1a: Weezing|12\/334
|-resisted|p1a: Weezing
|-damage|p1a: Weezing|0 fnt
|-hitcount|p1a: Weezing|4
|faint|p1a: Weezing
|
|
|switch|p1a: Landorus-Therian|Landorus-Therian, M|125\/320
|-damage|p1a: Landorus-Therian|85\/320|[from] Stealth Rock
|-ability|p1a: Landorus-Therian|Intimidate|[of] p2a: Heracross
|-unboost|p2a: Heracross|atk|1
|turn|23
|
|move|p1a: Landorus-Therian|Stone Edge|p2a: Heracross
|-damage|p2a: Heracross|77\/301
|move|p2a: Heracross|Bullet Seed|p1a: Landorus-Therian
|-damage|p1a: Landorus-Therian|34\/320
|-damage|p1a: Landorus-Therian|0 fnt
|-hitcount|p1a: Landorus-Therian|2
|faint|p1a: Landorus-Therian
|
|win|LT2A ASUYA
|raw|Ladder updating...
|raw|Linck129's rating: 1680 &rarr; <strong>1653<\/strong><br \/>(-27 for losing)
|raw|LT2A ASUYA's rating: 1557 &rarr; <strong>1583<\/strong><br \/>(+26 for winning)
|c|âLT2A ASUYA|gg
|leave|Linck129
|player|p1