|join|Linck129
|join|St.Dinnes
|player|p1|Linck129|2
|player|p2|St.Dinnes|265
|gametype|singles
|gen|6
|tier|OU
|rated
|clearpoke
|poke|p1|Empoleon, F
|poke|p1|Rhyperior, M
|poke|p1|Yanmega, F
|poke|p1|Gardevoir, M
|poke|p1|Breloom, M
|poke|p1|Bisharp, F
|poke|p2|Chesnaught, M
|poke|p2|Latias, F
|poke|p2|Keldeo
|poke|p2|Heatran, M
|poke|p2|Aegislash, M
|poke|p2|Thundurus, M
|rule|Baton Pass Clause: Limit 3 pokemon knowing Baton Pass
|rule|Sleep Clause Mod: Limit one foe put to sleep
|rule|Species Clause: Limit one of each Pokemon
|rule|OHKO Clause: OHKO moves are banned
|rule|Moody Clause: Moody is banned
|rule|Evasion Moves Clause: Evasion moves are banned
|rule|Endless Battle Clause: Forcing endless battles is banned
|rule|HP Percentage Mod: HP is reported as percentages
|teampreview
|join|xRangerHDx
|leave|xRangerHDx
|
|start
|switch|p1a: Rhyperior|Rhyperior, M|434\/434
|switch|p2a: Keldeo|Keldeo|322\/322
|turn|1
|
|switch|p1a: Empoleon|Empoleon, F|372\/372
|move|p2a: Keldeo|Scald|p1a: Empoleon
|-resisted|p1a: Empoleon
|-damage|p1a: Empoleon|289\/372
|-status|p1a: Empoleon|brn
|
|-heal|p1a: Empoleon|312\/372 brn|[from] item: Leftovers
|-damage|p1a: Empoleon|266\/372 brn|[from] brn
|turn|2
|
|switch|p2a: Chesnaught|Chesnaught, M|380\/380
|switch|p1a: Gardevoir|Gardevoir, M|277\/277
|-ability|p1a: Gardevoir|Bulletproof|[from] ability: Trace|[of] p2a: Chesnaught
|
|turn|3
|
|switch|p2a: Heatran|Heatran, M|386\/386
|detailschange|p1a: Gardevoir|Gardevoir-Mega, M
|message|Gardevoir has Mega Evolved into Mega Gardevoir!
|move|p1a: Gardevoir|Will-O-Wisp|p2a: Heatran
|-start|p2a: Heatran|ability: Flash Fire
|
|turn|4
|
|move|p1a: Gardevoir|Focus Blast|p2a: Heatran|[miss]
|-miss|p1a: Gardevoir|p2a: Heatran
|move|p2a: Heatran|Stealth Rock|p1a: Gardevoir
|-sidestart|p1: Linck129|move: Stealth Rock
|
|turn|5
|
|move|p1a: Gardevoir|Focus Blast|p2a: Heatran
|-supereffective|p2a: Heatran
|-damage|p2a: Heatran|148\/386
|move|p2a: Heatran|Toxic|p1a: Gardevoir
|-status|p1a: Gardevoir|tox
|
|-heal|p2a: Heatran|172\/386|[from] item: Leftovers
|-damage|p1a: Gardevoir|260\/277 tox|[from] psn
|turn|6
|
|move|p2a: Heatran|Protect|p2a: Heatran
|-singleturn|p2a: Heatran|Protect
|move|p1a: Gardevoir|Will-O-Wisp|p2a: Heatran
|-activate|p2a: Heatran|Protect
|
|-heal|p2a: Heatran|196\/386|[from] item: Leftovers
|-damage|p1a: Gardevoir|226\/277 tox|[from] psn
|turn|7
|
|switch|p1a: Empoleon|Empoleon, F|266\/372 brn
|-damage|p1a: Empoleon|243\/372 brn|[from] Stealth Rock
|switch|p2a: Aegislash|Aegislash, M|313\/313
|
|-heal|p1a: Empoleon|266\/372 brn|[from] item: Leftovers
|-damage|p1a: Empoleon|220\/372 brn|[from] brn
|turn|8
|
|move|p1a: Empoleon|Defog|p2a: Aegislash
|-unboost|p2a: Aegislash|evasion|1
|-sideend|p1: Linck129|Stealth Rock|[from] move: Defog|[of] p1a: Empoleon
|-formechange|p2a: Aegislash|Aegislash-Blade
|move|p2a: Aegislash|Sacred Sword|p1a: Empoleon
|-supereffective|p1a: Empoleon
|-damage|p1a: Empoleon|16\/372 brn
|
|-heal|p1a: Empoleon|39\/372 brn|[from] item: Leftovers
|-damage|p1a: Empoleon|0 fnt|[from] brn
|faint|p1a: Empoleon
|
|switch|p1a: Bisharp|Bisharp, F|272\/272
|turn|9
|
|move|p1a: Bisharp|Pursuit|p2a: Aegislash|[from]Pursuit
|-supereffective|p2a: Aegislash
|-damage|p2a: Aegislash|0 fnt
|-damage|p1a: Bisharp|245\/272|[from] item: Life Orb
|faint|p2a: Aegislash
|
|
|switch|p2a: Chesnaught|Chesnaught, M|380\/380
|turn|10
|
|switch|p1a: Gardevoir|Gardevoir-Mega, M|226\/277 tox
|move|p2a: Chesnaught|Leech Seed|p1a: Gardevoir
|-start|p1a: Gardevoir|move: Leech Seed
|
|-damage|p1a: Gardevoir|192\/277 tox|[from] Leech Seed|[of] p2a: Chesnaught
|-damage|p1a: Gardevoir|175\/277 tox|[from] psn
|turn|11
|
|switch|p1a: Yanmega|Yanmega, F|345\/345
|move|p2a: Chesnaught|Spiky Shield|p2a: Chesnaught
|-fail|p2a: Chesnaught
|
|turn|12
|
|switch|p1a: Rhyperior|Rhyperior, M|434\/434
|switch|p2a: Heatran|Heatran, M|196\/386
|
|-heal|p2a: Heatran|220\/386|[from] item: Leftovers
|turn|13
|
|switch|p2a: Latias|Latias, F|302\/302
|move|p1a: Rhyperior|Stealth Rock|p2a: Latias
|-sidestart|p2: St.Dinnes|move: Stealth Rock
|
|turn|14
|
|switch|p1a: Bisharp|Bisharp, F|245\/272
|move|p2a: Latias|Defog|p1a: Bisharp
|-unboost|p1a: Bisharp|evasion|1
|-boost|p1a: Bisharp|atk|2|[from] ability: Defiant
|-sideend|p2: St.Dinnes|Stealth Rock|[from] move: Defog|[of] p2a: Latias
|
|turn|15
|
|switch|p2a: Chesnaught|Chesnaught, M|380\/380
|move|p1a: Bisharp|Knock Off|p2a: Chesnaught
|-crit|p2a: Chesnaught
|-resisted|p2a: Chesnaught
|-damage|p2a: Chesnaught|162\/380
|-enditem|p2a: Chesnaught|Leftovers|[from] move: Knock Off|[of] p1a: Bisharp
|-damage|p1a: Bisharp|218\/272|[from] item: Life Orb
|
|turn|16
|
|move|p2a: Chesnaught|Spiky Shield|p2a: Chesnaught
|-singleturn|p2a: Chesnaught|move: Protect
|move|p1a: Bisharp|Iron Head|p2a: Chesnaught
|-activate|p2a: Chesnaught|move: Protect
|-damage|p1a: Bisharp|184\/272|[from] Spiky Shield|[of] p2a: Chesnaught
|
|turn|17
|
|switch|p2a: Latias|Latias, F|302\/302
|move|p1a: Bisharp|Iron Head|p2a: Latias
|-damage|p2a: Latias|0 fnt
|-damage|p1a: Bisharp|157\/272|[from] item: Life Orb
|faint|p2a: Latias
|
|
|switch|p2a: Keldeo|Keldeo|322\/322
|turn|18
|
|switch|p1a: Breloom|Breloom, M|324\/324
|move|p2a: Keldeo|Scald|p1a: Breloom
|-resisted|p1a: Breloom
|-damage|p1a: Breloom|163\/324
|
|-status|p1a: Breloom|tox|[from] item: Toxic Orb
|turn|19
|
|-singleturn|p1a: Breloom|move: Focus Punch
|switch|p2a: Chesnaught|Chesnaught, M|162\/380
|move|p1a: Breloom|Focus Punch|p2a: Chesnaught
|-damage|p2a: Chesnaught|17\/380
|
|-heal|p1a: Breloom|203\/324 tox|[from] ability: Poison Heal
|turn|20
|
|move|p2a: Chesnaught|Spiky Shield|p2a: Chesnaught
|-singleturn|p2a: Chesnaught|move: Protect
|move|p1a: Breloom|Substitute|p1a: Breloom
|-start|p1a: Breloom|Substitute
|-damage|p1a: Breloom|122\/324 tox
|
|-heal|p1a: Breloom|162\/324 tox|[from] ability: Poison Heal
|turn|21
|chat|Linck129|gg
|
|-singleturn|p1a: Breloom|move: Focus Punch
|move|p2a: Chesnaught|Hammer Arm|p1a: Breloom
|-end|p1a: Breloom|Substitute
|-unboost|p2a: Chesnaught|spe|1
|move|p1a: Breloom|Focus Punch|p2a: Chesnaught
|-damage|p2a: Chesnaught|0 fnt
|faint|p2a: Chesnaught
|
|-heal|p1a: Breloom|202\/324 tox|[from] ability: Poison Heal
|
|switch|p2a: Keldeo|Keldeo|322\/322
|turn|22
|
|switch|p1a: Rhyperior|Rhyperior, M|434\/434
|move|p2a: Keldeo|Secret Sword|p1a: Rhyperior
|-supereffective|p1a: Rhyperior
|-damage|p1a: Rhyperior|248\/434
|
|-heal|p1a: Rhyperior|275\/434|[from] item: Leftovers
|turn|23
|
|move|p2a: Keldeo|Secret Sword|p1a: Rhyperior
|-supereffective|p1a: Rhyperior
|-damage|p1a: Rhyperior|77\/434
|move|p1a: Rhyperior|Stealth Rock|p2a: Keldeo
|-sidestart|p2: St.Dinnes|move: Stealth Rock
|
|-heal|p1a: Rhyperior|104\/434|[from] item: Leftovers
|turn|24
|
|move|p1a: Rhyperior|Protect|p1a: Rhyperior
|-singleturn|p1a: Rhyperior|Protect
|move|p2a: Keldeo|Secret Sword|p1a: Rhyperior
|-activate|p1a: Rhyperior|Protect
|
|-heal|p1a: Rhyperior|131\/434|[from] item: Leftovers
|turn|25
|
|switch|p1a: Yanmega|Yanmega, F|345\/345
|move|p2a: Keldeo|Secret Sword|p1a: Yanmega
|-crit|p1a: Yanmega
|-resisted|p1a: Yanmega
|-damage|p1a: Yanmega|249\/345
|
|turn|26
|
|switch|p2a: Heatran|Heatran, M|220\/386
|-damage|p2a: Heatran|172\/386|[from] Stealth Rock
|switch|p1a: Bisharp|Bisharp, F|157\/272
|
|-heal|p2a: Heatran|196\/386|[from] item: Leftovers
|turn|27
|
|move|p2a: Heatran|Protect|p2a: Heatran
|-singleturn|p2a: Heatran|Protect
|move|p1a: Bisharp|Knock Off|p2a: Heatran
|-activate|p2a: Heatran|Protect
|
|-heal|p2a: Heatran|220\/386|[from] item: Leftovers
|turn|28
|
|switch|p2a: Keldeo|Keldeo|322\/322
|-damage|p2a: Keldeo|302\/322|[from] Stealth Rock
|move|p1a: Bisharp|Knock Off|p2a: Keldeo
|-resisted|p2a: Keldeo
|-damage|p2a: Keldeo|168\/322
|-boost|p2a: Keldeo|atk|1|[from] ability: Justified
|-enditem|p2a: Keldeo|Choice Specs|[from] move: Knock Off|[of] p1a: Bisharp
|-damage|p1a: Bisharp|130\/272|[from] item: Life Orb
|
|turn|29
|
|switch|p1a: Rhyperior|Rhyperior, M|131\/434
|move|p2a: Keldeo|Secret Sword|p1a: Rhyperior
|-supereffective|p1a: Rhyperior
|-damage|p1a: Rhyperior|1\/434
|
|-heal|p1a: Rhyperior|28\/434|[from] item: Leftovers
|turn|30
|
|move|p2a: Keldeo|Scald|p1a: Rhyperior
|-supereffective|p1a: Rhyperior
|-damage|p1a: Rhyperior|0 fnt
|faint|p1a: Rhyperior
|
|
|switch|p1a: Breloom|Breloom, M|202\/324 tox
|turn|31
|
|switch|p1a: Bisharp|Bisharp, F|130\/272
|move|p2a: Keldeo|Hidden Power|p1a: Bisharp
|-resisted|p1a: Bisharp
|-damage|p1a: Bisharp|85\/272
|
|turn|32
|
|switch|p1a: Yanmega|Yanmega, F|249\/345
|move|p2a: Keldeo|Scald|p1a: Yanmega
|-damage|p1a: Yanmega|39\/345
|
|turn|33
|
|switch|p2a: Heatran|Heatran, M|220\/386
|-damage|p2a: Heatran|172\/386|[from] Stealth Rock
|move|p1a: Yanmega|Protect|p1a: Yanmega
|-fail|p1a: Yanmega
|
|-heal|p2a: Heatran|196\/386|[from] item: Leftovers
|-boost|p1a: Yanmega|spe|1|[from] ability: Speed Boost
|turn|34
|
|switch|p1a: Bisharp|Bisharp, F|85\/272
|move|p2a: Heatran|Stealth Rock|p1a: Bisharp
|-sidestart|p1: Linck129|move: Stealth Rock
|
|-heal|p2a: Heatran|220\/386|[from] item: Leftovers
|turn|35
|
|move|p1a: Bisharp|Knock Off|p2a: Heatran
|-crit|p2a: Heatran
|-damage|p2a: Heatran|0 fnt
|-damage|p1a: Bisharp|58\/272|[from] item: Life Orb
|faint|p2a: Heatran
|
|
|switch|p2a: Keldeo|Keldeo|168\/322
|-damage|p2a: Keldeo|148\/322|[from] Stealth Rock
|turn|36
|
|switch|p1a: Yanmega|Yanmega, F|39\/345
|-damage|p1a: Yanmega|0 fnt|[from] Stealth Rock
|faint|p1a: Yanmega
|move|p2a: Keldeo|Scald|p1: Yanmega|[notarget]
|-notarget
|
|
|switch|p1a: Gardevoir|Gardevoir-Mega, M|175\/277 tox
|-damage|p1a: Gardevoir|141\/277 tox|[from] Stealth Rock
|turn|37
|
|move|p2a: Keldeo|Hydro Pump|p1a: Gardevoir
|-damage|p1a: Gardevoir|0 fnt
|faint|p1a: Gardevoir
|
|
|switch|p1a: Bisharp|Bisharp, F|58\/272
|-damage|p1a: Bisharp|41\/272|[from] Stealth Rock
|turn|38
|
|move|p1a: Bisharp|Sucker Punch|p2a: Keldeo
|-resisted|p2a: Keldeo
|-damage|p2a: Keldeo|47\/322
|-boost|p2a: Keldeo|atk|1|[from] ability: Justified
|-damage|p1a: Bisharp|14\/272|[from] item: Life Orb
|move|p2a: Keldeo|Secret Sword|p1a: Bisharp
|-supereffective|p1a: Bisharp
|-damage|p1a: Bisharp|0 fnt
|faint|p1a: Bisharp
|
|chat|St.Dinnes|saying gg and losing
|chat|St.Dinnes|nice
|-message|Linck129 forfeited.
|
|win|St.Dinnes
|raw|Ladder updating...
|leave|Linck129
|player|p1
|raw|Linck129's rating: 1580 &rarr; <strong>1563<\/strong><br \/>(-17 for losing)
|raw|St.Dinnes's rating: 1627 &rarr; <strong>1644<\/strong><br \/>(+17 for winning)
|leave|St.Dinnes
|player|p2
|join|St.Dinnes
|join|St.Dennis
|leave|St.Dennis
|join|St.Dennis