|join|Linck129
|join|S.Z-Style
|player|p1|Linck129|118
|player|p2|S.Z-Style|166
|gametype|singles
|gen|6
|tier|OU
|rated
|clearpoke
|poke|p1|Medicham, F
|poke|p1|Azelf
|poke|p1|Cacturne, F
|poke|p1|Thundurus, M
|poke|p1|Heatran, M
|poke|p1|Latios, M
|poke|p2|Togekiss, F, shiny
|poke|p2|Ampharos, F, shiny
|poke|p2|Latios, M, shiny
|poke|p2|Excadrill, M, shiny
|poke|p2|Landorus-Therian, M
|poke|p2|Keldeo
|rule|Swagger Clause: Swagger is banned
|rule|Baton Pass Clause: Limit one PokÃ©mon knowing Baton Pass
|rule|Sleep Clause Mod: Limit one foe put to sleep
|rule|Species Clause: Limit one of each PokÃ©mon
|rule|OHKO Clause: OHKO moves are banned
|rule|Moody Clause: Moody is banned
|rule|Evasion Moves Clause: Evasion moves are banned
|rule|Endless Battle Clause: Forcing endless battles is banned
|rule|HP Percentage Mod: HP is reported as percentages
|teampreview
|
|start
|switch|p1a: Azelf|Azelf|291\/291
|switch|p2a: Keldeo|Keldeo|323\/323
|turn|1
|
|move|p2a: Keldeo|Hydro Pump|p1a: Azelf|[miss]
|-miss|p2a: Keldeo|p1a: Azelf
|move|p1a: Azelf|Stealth Rock|p2a: Keldeo
|-sidestart|p2: S.Z-Style|move: Stealth Rock
|
|turn|2
|
|switch|p2a: Togekiss|Togekiss, F, shiny|374\/374
|-damage|p2a: Togekiss|281\/374|[from] Stealth Rock
|move|p1a: Azelf|Psychic|p2a: Togekiss
|-damage|p2a: Togekiss|169\/374
|
|-heal|p2a: Togekiss|192\/374|[from] item: Leftovers
|turn|3
|
|switch|p1a: Thundurus|Thundurus, M|300\/300
|move|p2a: Togekiss|Nasty Plot|p2a: Togekiss
|-boost|p2a: Togekiss|spa|2
|
|-heal|p2a: Togekiss|215\/374|[from] item: Leftovers
|turn|4
|
|move|p1a: Thundurus|Thunderbolt|p2a: Togekiss
|-supereffective|p2a: Togekiss
|-damage|p2a: Togekiss|0 fnt
|faint|p2a: Togekiss
|
|
|switch|p2a: Excadrill|Excadrill, M, shiny|362\/362
|-damage|p2a: Excadrill|351\/362|[from] Stealth Rock
|-ability|p2a: Excadrill|Mold Breaker
|turn|5
|
|move|p2a: Excadrill|Rock Slide|p1a: Thundurus
|-supereffective|p1a: Thundurus
|-damage|p1a: Thundurus|52\/300
|cant|p1a: Thundurus|flinch
|
|-heal|p1a: Thundurus|70\/300|[from] item: Leftovers
|turn|6
|join|Zenadark
|chat|S.Z-Style|DÃ©solÃ©
|leave|Zenadark
|join|Ulquirra
|
|switch|p1a: Medicham|Medicham, F|261\/261
|move|p2a: Excadrill|Rock Slide|p1a: Medicham
|-crit|p1a: Medicham
|-resisted|p1a: Medicham
|-damage|p1a: Medicham|171\/261
|
|turn|7
|chat|Linck129|jmen tape
|
|switch|p2a: Landorus-Therian|Landorus-Therian, M|364\/364
|-damage|p2a: Landorus-Therian|319\/364|[from] Stealth Rock
|-ability|p2a: Landorus-Therian|Intimidate|[of] p1a: Medicham
|-unboost|p1a: Medicham|atk|1
|detailschange|p1a: Medicham|Medicham-Mega, F
|message|Medicham has Mega Evolved into Mega Medicham!
|move|p1a: Medicham|Ice Punch|p2a: Landorus-Therian
|-supereffective|p2a: Landorus-Therian
|-damage|p2a: Landorus-Therian|0 fnt
|faint|p2a: Landorus-Therian
|
|
|switch|p2a: Keldeo|Keldeo|323\/323
|-damage|p2a: Keldeo|303\/323|[from] Stealth Rock
|turn|8
|chat|Linck129|dÃ©solÃ©
|
|switch|p1a: Cacturne|Cacturne, F|281\/281
|move|p2a: Keldeo|Scald|p1a: Cacturne
|-immune|p1a: Cacturne|[msg]
|
|turn|9
|
|switch|p2a: Latios|Latios, M, shiny|301\/301
|-damage|p2a: Latios|264\/301|[from] Stealth Rock
|switch|p1a: Azelf|Azelf|291\/291
|
|turn|10
|
|move|p1a: Azelf|Knock Off|p2a: Latios
|-supereffective|p2a: Latios
|-damage|p2a: Latios|62\/301
|-enditem|p2a: Latios|Life Orb|[from] move: Knock Off|[of] p1a: Azelf
|move|p2a: Latios|Draco Meteor|p1a: Azelf
|-enditem|p1a: Azelf|Focus Sash
|-damage|p1a: Azelf|1\/291
|-unboost|p2a: Latios|spa|2
|
|turn|11
|
|switch|p2a: Keldeo|Keldeo|303\/323
|-damage|p2a: Keldeo|283\/323|[from] Stealth Rock
|move|p1a: Azelf|Psychic|p2a: Keldeo
|-supereffective|p2a: Keldeo
|-damage|p2a: Keldeo|0 fnt
|faint|p2a: Keldeo
|
|chat|Linck129|:\/
|
|switch|p2a: Excadrill|Excadrill, M, shiny|351\/362
|-damage|p2a: Excadrill|340\/362|[from] Stealth Rock
|-ability|p2a: Excadrill|Mold Breaker
|turn|12
|chat|Ulquirra|quel homme ce linck
|chat|S.Z-Style|Tu fais le focus sur cacturne ?
|
|move|p2a: Excadrill|Iron Head|p1a: Azelf
|-damage|p1a: Azelf|0 fnt
|faint|p1a: Azelf
|
|chat|Linck129|je l'ai crÃ©e
|chat|Linck129|mdrrr
|chat|Linck129| jasper c'est un pd
|chat|Linck129|tout le mode pense qu'il fait ses focus
|chat|Linck129|alors qu'en rÃ©alitÃ© c'est fildrong\/pride (co) et moi mdrr
|
|switch|p1a: Heatran|Heatran, M|386\/386
|turn|13
|chat|Linck129|bref
|
|switch|p2a: Ampharos|Ampharos, F, shiny|321\/321
|-damage|p2a: Ampharos|281\/321|[from] Stealth Rock
|move|p1a: Heatran|Magma Storm|p2a: Ampharos
|-damage|p2a: Ampharos|119\/321
|-activate|p2a: Ampharos|move: Magma Storm|[of] p1a: Heatran
|
|-damage|p2a: Ampharos|79\/321|[from] move: Magma Storm|[partiallytrapped]
|turn|14
|
|detailschange|p2a: Ampharos|Ampharos-Mega, F, shiny
|message|Ampharos has Mega Evolved into Mega Ampharos!
|-ability|p2a: Ampharos|Mold Breaker
|move|p2a: Ampharos|Focus Blast|p1a: Heatran
|-supereffective|p1a: Heatran
|-damage|p1a: Heatran|168\/386
|move|p1a: Heatran|Toxic|p2a: Ampharos
|-status|p2a: Ampharos|tox
|
|-heal|p1a: Heatran|192\/386|[from] item: Leftovers
|-damage|p2a: Ampharos|59\/321 tox|[from] psn
|-damage|p2a: Ampharos|19\/321 tox|[from] move: Magma Storm|[partiallytrapped]
|turn|15
|join|HamletDuFromage
|
|move|p1a: Heatran|Protect|p1a: Heatran
|-singleturn|p1a: Heatran|Protect
|move|p2a: Ampharos|Focus Blast|p1a: Heatran
|-activate|p1a: Heatran|Protect
|
|-heal|p1a: Heatran|216\/386|[from] item: Leftovers
|-damage|p2a: Ampharos|0 fnt|[from] psn
|faint|p2a: Ampharos
|chat|Linck129|cc pierre
|
|switch|p2a: Excadrill|Excadrill, M, shiny|340\/362
|-damage|p2a: Excadrill|329\/362|[from] Stealth Rock
|-ability|p2a: Excadrill|Mold Breaker
|turn|16
|
|switch|p1a: Latios|Latios, M|302\/302
|move|p2a: Excadrill|Rock Slide|p1a: Latios
|-damage|p1a: Latios|185\/302
|
|turn|17
|chat|HamletDuFromage|cc
|
|move|p2a: Excadrill|Rock Slide|p1a: Latios
|-damage|p1a: Latios|80\/302
|cant|p1a: Latios|flinch
|
|turn|18
|
|move|p2a: Excadrill|Rock Slide|p1a: Latios
|-damage|p1a: Latios|0 fnt
|faint|p1a: Latios
|
|
|switch|p1a: Medicham|Medicham-Mega, F|171\/261
|turn|19
|
|switch|p2a: Latios|Latios, M, shiny|62\/301
|-damage|p2a: Latios|25\/301|[from] Stealth Rock
|move|p1a: Medicham|Drain Punch|p2a: Latios
|-resisted|p2a: Latios
|-damage|p2a: Latios|0 fnt
|-heal|p1a: Medicham|184\/261|[from] drain|[of] p2a: Latios
|faint|p2a: Latios
|
|
|switch|p2a: Excadrill|Excadrill, M, shiny|329\/362
|-damage|p2a: Excadrill|318\/362|[from] Stealth Rock
|-ability|p2a: Excadrill|Mold Breaker
|turn|20
|
|move|p2a: Excadrill|Earthquake|p1a: Medicham
|-damage|p1a: Medicham|0 fnt
|faint|p1a: Medicham
|
|
|switch|p1a: Cacturne|Cacturne, F|281\/281
|turn|21
|
|move|p2a: Excadrill|Earthquake|p1a: Cacturne
|-resisted|p1a: Cacturne
|-damage|p1a: Cacturne|143\/281
|move|p1a: Cacturne|Low Kick|p2a: Excadrill
|-supereffective|p2a: Excadrill
|-damage|p2a: Excadrill|84\/362
|-damage|p1a: Cacturne|115\/281|[from] item: Life Orb
|
|turn|22
|chat|Linck129|gg
|chat|S.Z-Style|gg
|
|move|p1a: Cacturne|Sucker Punch|p2a: Excadrill
|-damage|p2a: Excadrill|0 fnt
|-damage|p1a: Cacturne|87\/281|[from] item: Life Orb
|faint|p2a: Excadrill
|
|win|Linck129
|raw|Ladder updating...
|raw|Linck129's rating: 1675 &rarr; <strong>1691<\/strong><br \/>(+16 for winning)
|raw|S.Z-Style's rating: 1604 &rarr; <strong>1588<\/strong><br \/>(-16 for losing)
|leave|Ulquirra
|leave|HamletDuFromage
|join|HamletDuFromage