|join|Reverb
|join|Linck129
|player|p1|Reverb|#reverb
|player|p2|Linck129|101
|gametype|singles
|gen|6
|tier|OU
|rated
|clearpoke
|poke|p1|Lopunny, F
|poke|p1|Clefable, F
|poke|p1|Tyranitar, F
|poke|p1|Keldeo
|poke|p1|Landorus-Therian, M
|poke|p1|Empoleon, F
|poke|p2|Serperior, F
|poke|p2|Metagross
|poke|p2|Landorus-Therian, M
|poke|p2|Rotom-Wash
|poke|p2|Latios, M
|poke|p2|Volcarona, M
|rule|Swagger Clause: Swagger is banned
|rule|Baton Pass Clause: Limit one PokÃ©mon knowing Baton Pass
|rule|Sleep Clause Mod: Limit one foe put to sleep
|rule|Species Clause: Limit one of each PokÃ©mon
|rule|OHKO Clause: OHKO moves are banned
|rule|Moody Clause: Moody is banned
|rule|Evasion Moves Clause: Evasion moves are banned
|rule|Endless Battle Clause: Forcing endless battles is banned
|rule|HP Percentage Mod: HP is shown in percentages
|teampreview
|join|gobosox
|join|falsdjfjka
|c| falsdjfjka|get rid of emp
|c| falsdjfjka|makes no sense
|c|âReverb|lel
|c|âReverb|pls
|c| falsdjfjka|?
|c|âReverb|emp is great
|join|96 Exp
|
|start
|switch|p1a: Landorus-Therian|Landorus-Therian, M|327\/327
|switch|p2a: Landorus-Therian|Landorus-Therian, M|382\/382
|-ability|p1a: Landorus-Therian|Intimidate|[of] p2a: Landorus-Therian
|-unboost|p2a: Landorus-Therian|atk|1
|-ability|p2a: Landorus-Therian|Intimidate|[of] p1a: Landorus-Therian
|-unboost|p1a: Landorus-Therian|atk|1
|turn|1
|join|fartwife
|c| falsdjfjka|Emp is great I agree.. But not on this team
|
|move|p1a: Landorus-Therian|U-turn|p2a: Landorus-Therian
|-resisted|p2a: Landorus-Therian
|-damage|p2a: Landorus-Therian|350\/382
|
|switch|p1a: Empoleon|Empoleon, F|371\/371
|move|p2a: Landorus-Therian|Knock Off|p1a: Empoleon
|-damage|p1a: Empoleon|291\/371
|-enditem|p1a: Empoleon|Leftovers|[from] move: Knock Off|[of] p2a: Landorus-Therian
|
|-heal|p2a: Landorus-Therian|373\/382|[from] item: Leftovers
|turn|2
|
|switch|p2a: Rotom-Wash|Rotom-Wash|304\/304
|move|p1a: Empoleon|Stealth Rock|p2a: Rotom-Wash
|-sidestart|p2: Linck129|move: Stealth Rock
|
|turn|3
|
|switch|p1a: Clefable|Clefable, F|394\/394
|move|p2a: Rotom-Wash|Will-O-Wisp|p1a: Clefable
|-status|p1a: Clefable|brn
|
|turn|4
|
|move|p2a: Rotom-Wash|Volt Switch|p1a: Clefable
|-damage|p1a: Clefable|312\/394 brn
|
|switch|p2a: Metagross|Metagross|301\/301
|-damage|p2a: Metagross|283\/301|[from] Stealth Rock
|move|p1a: Clefable|Flamethrower|p2a: Metagross
|-supereffective|p2a: Metagross
|-damage|p2a: Metagross|107\/301
|
|-heal|p1a: Clefable|336\/394 brn|[from] item: Leftovers
|turn|5
|
|switch|p1a: Empoleon|Empoleon, F|291\/371
|detailschange|p2a: Metagross|Metagross-Mega
|-mega|p2a: Metagross|Metagross|Metagrossite
|move|p2a: Metagross|Meteor Mash|p1a: Empoleon
|-resisted|p1a: Empoleon
|-damage|p1a: Empoleon|244\/371
|
|turn|6
|
|switch|p1a: Landorus-Therian|Landorus-Therian, M|327\/327
|-ability|p1a: Landorus-Therian|Intimidate|[of] p2a: Metagross
|-unboost|p2a: Metagross|atk|1
|move|p2a: Metagross|Zen Headbutt|p1a: Landorus-Therian
|-damage|p1a: Landorus-Therian|188\/327
|
|turn|7
|
|switch|p2a: Rotom-Wash|Rotom-Wash|304\/304
|-damage|p2a: Rotom-Wash|266\/304|[from] Stealth Rock
|move|p1a: Landorus-Therian|U-turn|p2a: Rotom-Wash
|-damage|p2a: Rotom-Wash|205\/304
|
|switch|p1a: Lopunny|Lopunny, F|271\/271
|
|-heal|p2a: Rotom-Wash|224\/304|[from] item: Leftovers
|turn|8
|
|switch|p2a: Landorus-Therian|Landorus-Therian, M|373\/382
|-damage|p2a: Landorus-Therian|326\/382|[from] Stealth Rock
|-ability|p2a: Landorus-Therian|Intimidate|[of] p1a: Lopunny
|-unboost|p1a: Lopunny|atk|1
|detailschange|p1a: Lopunny|Lopunny-Mega, F
|-mega|p1a: Lopunny|Lopunny|Lopunnite
|move|p1a: Lopunny|Fake Out|p2a: Landorus-Therian
|-damage|p2a: Landorus-Therian|271\/382
|
|-heal|p2a: Landorus-Therian|294\/382|[from] item: Leftovers
|turn|9
|
|move|p1a: Lopunny|Ice Punch|p2a: Landorus-Therian
|-supereffective|p2a: Landorus-Therian
|-damage|p2a: Landorus-Therian|26\/382
|move|p2a: Landorus-Therian|Earthquake|p1a: Lopunny
|-damage|p1a: Lopunny|37\/271
|
|-heal|p2a: Landorus-Therian|49\/382|[from] item: Leftovers
|turn|10
|
|move|p1a: Lopunny|Return|p2a: Landorus-Therian
|-damage|p2a: Landorus-Therian|0 fnt
|faint|p2a: Landorus-Therian
|
|
|switch|p2a: Rotom-Wash|Rotom-Wash|224\/304
|-damage|p2a: Rotom-Wash|186\/304|[from] Stealth Rock
|turn|11
|join|Druides
|
|move|p1a: Lopunny|Return|p2a: Rotom-Wash
|-damage|p2a: Rotom-Wash|102\/304
|move|p2a: Rotom-Wash|Volt Switch|p1a: Lopunny
|-damage|p1a: Lopunny|0 fnt
|faint|p1a: Lopunny
|
|switch|p2a: Latios|Latios, M|301\/301
|-damage|p2a: Latios|264\/301|[from] Stealth Rock
|
|c|âReverb|misclick
|
|switch|p1a: Tyranitar|Tyranitar, F|383\/383
|-weather|Sandstorm
|turn|12
|
|move|p2a: Latios|Defog|p1a: Tyranitar
|-unboost|p1a: Tyranitar|evasion|1
|-sideend|p2: Linck129|Stealth Rock|[from] move: Defog|[of] p2a: Latios
|move|p1a: Tyranitar|Pursuit|p2a: Latios
|-supereffective|p2a: Latios
|-damage|p2a: Latios|0 fnt
|faint|p2a: Latios
|
|-weather|Sandstorm|[upkeep]
|
|switch|p2a: Metagross|Metagross-Mega|107\/301
|turn|13
|
|switch|p1a: Empoleon|Empoleon, F|244\/371
|move|p2a: Metagross|Meteor Mash|p1a: Empoleon
|-resisted|p1a: Empoleon
|-damage|p1a: Empoleon|200\/371
|-boost|p2a: Metagross|atk|1
|
|-weather|Sandstorm|[upkeep]
|turn|14
|
|move|p2a: Metagross|Earthquake|p1a: Empoleon
|-supereffective|p1a: Empoleon
|-damage|p1a: Empoleon|0 fnt
|faint|p1a: Empoleon
|
|-weather|Sandstorm|[upkeep]
|
|switch|p1a: Landorus-Therian|Landorus-Therian, M|188\/327
|-ability|p1a: Landorus-Therian|Intimidate|[of] p2a: Metagross
|-unboost|p2a: Metagross|atk|1
|turn|15
|c| falsdjfjka|nice emp
|
|switch|p2a: Rotom-Wash|Rotom-Wash|102\/304
|move|p1a: Landorus-Therian|Earthquake|p2a: Rotom-Wash
|-immune|p2a: Rotom-Wash|[msg]
|
|-weather|Sandstorm|[upkeep]
|-damage|p2a: Rotom-Wash|83\/304|[from] sandstorm
|-heal|p2a: Rotom-Wash|102\/304|[from] item: Leftovers
|turn|16
|
|switch|p1a: Clefable|Clefable, F|336\/394 brn
|move|p2a: Rotom-Wash|Volt Switch|p1a: Clefable
|-damage|p1a: Clefable|252\/394 brn
|
|switch|p2a: Metagross|Metagross-Mega|107\/301
|
|-weather|none
|-heal|p1a: Clefable|276\/394 brn|[from] item: Leftovers
|turn|17
|
|switch|p1a: Landorus-Therian|Landorus-Therian, M|188\/327
|-ability|p1a: Landorus-Therian|Intimidate|[of] p2a: Metagross
|-unboost|p2a: Metagross|atk|1
|move|p2a: Metagross|Meteor Mash|p1a: Landorus-Therian
|-damage|p1a: Landorus-Therian|5\/327
|
|turn|18
|
|move|p1a: Landorus-Therian|U-turn|p2a: Metagross
|-damage|p2a: Metagross|40\/301
|
|switch|p1a: Keldeo|Keldeo|323\/323
|move|p2a: Metagross|Meteor Mash|p1a: Keldeo
|-resisted|p1a: Keldeo
|-damage|p1a: Keldeo|237\/323
|
|turn|19
|
|move|p2a: Metagross|Meteor Mash|p1a: Keldeo
|-resisted|p1a: Keldeo
|-damage|p1a: Keldeo|156\/323
|-boost|p2a: Metagross|atk|1
|move|p1a: Keldeo|Scald|p2a: Metagross
|-damage|p2a: Metagross|0 fnt
|faint|p2a: Metagross
|
|
|switch|p2a: Serperior|Serperior, F|291\/291
|turn|20
|
|move|p2a: Serperior|Leaf Storm|p1a: Keldeo
|-supereffective|p1a: Keldeo
|-damage|p1a: Keldeo|0 fnt
|-boost|p2a: Serperior|spa|2
|-damage|p2a: Serperior|262\/291|[from] item: Life Orb
|faint|p1a: Keldeo
|
|
|switch|p1a: Landorus-Therian|Landorus-Therian, M|5\/327
|-ability|p1a: Landorus-Therian|Intimidate|[of] p2a: Serperior
|-boost|p2a: Serperior|atk|1
|turn|21
|
|move|p1a: Landorus-Therian|U-turn|p2a: Serperior
|-supereffective|p2a: Serperior
|-damage|p2a: Serperior|74\/291
|
|switch|p1a: Clefable|Clefable, F|276\/394 brn
|move|p2a: Serperior|Synthesis|p2a: Serperior
|-heal|p2a: Serperior|219\/291
|
|-heal|p1a: Clefable|300\/394 brn|[from] item: Leftovers
|turn|22
|
|move|p2a: Serperior|Leaf Storm|p1a: Clefable
|-damage|p1a: Clefable|0 fnt
|-boost|p2a: Serperior|spa|2
|-damage|p2a: Serperior|190\/291|[from] item: Life Orb
|faint|p1a: Clefable
|
|
|switch|p1a: Landorus-Therian|Landorus-Therian, M|5\/327
|-ability|p1a: Landorus-Therian|Intimidate|[of] p2a: Serperior
|-boost|p2a: Serperior|atk|1
|turn|23
|
|move|p1a: Landorus-Therian|U-turn|p2a: Serperior
|-supereffective|p2a: Serperior
|-damage|p2a: Serperior|0 fnt
|faint|p2a: Serperior
|
|switch|p1a: Tyranitar|Tyranitar, F|383\/383
|-weather|Sandstorm
|
|-weather|Sandstorm|[upkeep]
|
|switch|p2a: Rotom-Wash|Rotom-Wash|102\/304
|turn|24
|
|move|p2a: Rotom-Wash|Pain Split|p1a: Tyranitar
|-sethp|p1a: Tyranitar|242\/383|p2a: Rotom-Wash|242\/304|[from] move: Pain Split
|move|p1a: Tyranitar|Stone Edge|p2a: Rotom-Wash
|-damage|p2a: Rotom-Wash|19\/304
|
|-weather|Sandstorm|[upkeep]
|-damage|p2a: Rotom-Wash|0 fnt|[from] sandstorm
|faint|p2a: Rotom-Wash
|
|switch|p2a: Volcarona|Volcarona, M|374\/374
|turn|25
|
|move|p2a: Volcarona|Quiver Dance|p2a: Volcarona
|-boost|p2a: Volcarona|spa|1
|-boost|p2a: Volcarona|spd|1
|-boost|p2a: Volcarona|spe|1
|move|p1a: Tyranitar|Stone Edge|p2a: Volcarona
|-supereffective|p2a: Volcarona
|-damage|p2a: Volcarona|0 fnt
|faint|p2a: Volcarona
|
|win|Reverb
|raw|Ladder updating...
|raw|Reverb's rating: 1686 &rarr; <strong>1698<\/strong><br \/>(+12 for winning)
|raw|Linck129's rating: 1545 &rarr; <strong>1533<\/strong><br \/>(-12 for losing)
|c|âReverb|gg
|leave|Linck129
|player|p2