|join|Linck129
|join|Joe121128
|player|p1|Linck129|1
|player|p2|Joe121128|129
|gametype|singles
|gen|6
|tier|OU
|rated
|clearpoke
|poke|p1|Serperior, M
|poke|p1|Metagross
|poke|p1|Landorus-Therian, M
|poke|p1|Rotom-Wash
|poke|p1|Latios, M
|poke|p1|Volcarona, F
|poke|p2|Jirachi
|poke|p2|Pidgeot, M
|poke|p2|Volcarona, F
|poke|p2|Dugtrio, F
|poke|p2|Rotom-Wash
|poke|p2|Latias, F
|rule|Swagger Clause: Swagger is banned
|rule|Baton Pass Clause: Limit one PokÃ©mon knowing Baton Pass
|rule|Sleep Clause Mod: Limit one foe put to sleep
|rule|Species Clause: Limit one of each PokÃ©mon
|rule|OHKO Clause: OHKO moves are banned
|rule|Moody Clause: Moody is banned
|rule|Evasion Moves Clause: Evasion moves are banned
|rule|Endless Battle Clause: Forcing endless battles is banned
|rule|HP Percentage Mod: HP is shown in percentages
|teampreview
|c|âJoe121128|gl
|
|start
|switch|p1a: Landorus-Therian|Landorus-Therian, M|382\/382
|switch|p2a: Jirachi|Jirachi|404\/404
|-ability|p1a: Landorus-Therian|Intimidate|[of] p2a: Jirachi
|-unboost|p2a: Jirachi|atk|1
|turn|1
|
|switch|p2a: Rotom-Wash|Rotom-Wash|303\/303
|move|p1a: Landorus-Therian|Knock Off|p2a: Rotom-Wash
|-damage|p2a: Rotom-Wash|206\/303
|-enditem|p2a: Rotom-Wash|Leftovers|[from] move: Knock Off|[of] p1a: Landorus-Therian
|
|turn|2
|
|switch|p1a: Latios|Latios, M|301\/301
|move|p2a: Rotom-Wash|Pain Split|p1a: Latios
|-sethp|p1a: Latios|253\/301|p2a: Rotom-Wash|253\/303|[from] move: Pain Split
|
|turn|3
|
|switch|p1a: Landorus-Therian|Landorus-Therian, M|382\/382
|-ability|p1a: Landorus-Therian|Intimidate|[of] p2a: Rotom-Wash
|-unboost|p2a: Rotom-Wash|atk|1
|switch|p2a: Jirachi|Jirachi|404\/404
|
|turn|4
|
|move|p2a: Jirachi|Fire Punch|p1a: Landorus-Therian
|-damage|p1a: Landorus-Therian|311\/382
|move|p1a: Landorus-Therian|Stealth Rock|p2a: Jirachi
|-sidestart|p2: Joe121128|move: Stealth Rock
|
|-heal|p1a: Landorus-Therian|334\/382|[from] item: Leftovers
|turn|5
|
|switch|p2a: Rotom-Wash|Rotom-Wash|253\/303
|-damage|p2a: Rotom-Wash|216\/303|[from] Stealth Rock
|move|p1a: Landorus-Therian|Knock Off|p2a: Rotom-Wash
|-damage|p2a: Rotom-Wash|153\/303
|
|-heal|p1a: Landorus-Therian|357\/382|[from] item: Leftovers
|turn|6
|
|switch|p1a: Latios|Latios, M|253\/301
|move|p2a: Rotom-Wash|Volt Switch|p1a: Latios
|-resisted|p1a: Latios
|-damage|p1a: Latios|211\/301
|
|switch|p2a: Jirachi|Jirachi|404\/404
|-damage|p2a: Jirachi|379\/404|[from] Stealth Rock
|
|-heal|p2a: Jirachi|404\/404|[from] item: Leftovers
|turn|7
|
|switch|p1a: Volcarona|Volcarona, F|374\/374
|move|p2a: Jirachi|Substitute|p2a: Jirachi
|-start|p2a: Jirachi|Substitute
|-damage|p2a: Jirachi|303\/404
|
|-heal|p2a: Jirachi|328\/404|[from] item: Leftovers
|turn|8
|
|switch|p1a: Rotom-Wash|Rotom-Wash|304\/304
|move|p2a: Jirachi|Toxic|p1a: Rotom-Wash
|-status|p1a: Rotom-Wash|tox
|
|-heal|p2a: Jirachi|353\/404|[from] item: Leftovers
|-damage|p1a: Rotom-Wash|285\/304 tox|[from] psn
|turn|9
|
|switch|p2a: Latias|Latias, F|301\/301
|-damage|p2a: Latias|264\/301|[from] Stealth Rock
|move|p1a: Rotom-Wash|Hydro Pump|p2a: Latias
|-resisted|p2a: Latias
|-damage|p2a: Latias|206\/301
|
|-heal|p1a: Rotom-Wash|304\/304 tox|[from] item: Leftovers
|-damage|p1a: Rotom-Wash|266\/304 tox|[from] psn
|turn|10
|
|move|p2a: Latias|Defog|p1a: Rotom-Wash
|-unboost|p1a: Rotom-Wash|evasion|1
|-sideend|p2: Joe121128|Stealth Rock|[from] move: Defog|[of] p2a: Latias
|move|p1a: Rotom-Wash|Volt Switch|p2a: Latias
|-resisted|p2a: Latias
|-damage|p2a: Latias|174\/301
|
|switch|p1a: Metagross|Metagross|301\/301
|
|turn|11
|
|switch|p2a: Rotom-Wash|Rotom-Wash|153\/303
|detailschange|p1a: Metagross|Metagross-Mega
|-mega|p1a: Metagross|Metagross|Metagrossite
|move|p1a: Metagross|Meteor Mash|p2a: Rotom-Wash|[miss]
|-miss|p1a: Metagross|p2a: Rotom-Wash
|
|turn|12
|c|âLinck129|lol
|
|switch|p1a: Volcarona|Volcarona, F|374\/374
|move|p2a: Rotom-Wash|Volt Switch|p1a: Volcarona
|-damage|p1a: Volcarona|292\/374
|
|switch|p2a: Pidgeot|Pidgeot, M|307\/307
|
|-heal|p1a: Volcarona|315\/374|[from] item: Leftovers
|turn|13
|
|detailschange|p2a: Pidgeot|Pidgeot-Mega, M
|-mega|p2a: Pidgeot|Pidgeot|Pidgeotite
|move|p2a: Pidgeot|Hurricane|p1a: Volcarona
|-supereffective|p1a: Volcarona
|-damage|p1a: Volcarona|0 fnt
|faint|p1a: Volcarona
|
|
|switch|p1a: Metagross|Metagross-Mega|301\/301
|turn|14
|
|move|p2a: Pidgeot|U-turn|p1a: Metagross
|-damage|p1a: Metagross|277\/301
|
|switch|p2a: Jirachi|Jirachi|353\/404
|move|p1a: Metagross|Zen Headbutt|p2a: Jirachi
|-resisted|p2a: Jirachi
|-damage|p2a: Jirachi|300\/404
|
|-heal|p2a: Jirachi|325\/404|[from] item: Leftovers
|turn|15
|
|move|p1a: Metagross|Zen Headbutt|p2a: Jirachi
|-resisted|p2a: Jirachi
|-damage|p2a: Jirachi|278\/404
|cant|p2a: Jirachi|flinch
|
|-heal|p2a: Jirachi|303\/404|[from] item: Leftovers
|turn|16
|
|move|p1a: Metagross|Earthquake|p2a: Jirachi
|-supereffective|p2a: Jirachi
|-damage|p2a: Jirachi|63\/404
|move|p2a: Jirachi|Fire Punch|p1a: Metagross
|-supereffective|p1a: Metagross
|-damage|p1a: Metagross|175\/301
|
|-heal|p2a: Jirachi|88\/404|[from] item: Leftovers
|turn|17
|
|move|p1a: Metagross|Meteor Mash|p2a: Jirachi
|-resisted|p2a: Jirachi
|-damage|p2a: Jirachi|0 fnt
|-boost|p1a: Metagross|atk|1
|faint|p2a: Jirachi
|
|
|switch|p2a: Pidgeot|Pidgeot-Mega, M|307\/307
|turn|18
|
|move|p2a: Pidgeot|Heat Wave|p1a: Metagross
|-supereffective|p1a: Metagross
|-damage|p1a: Metagross|0 fnt
|faint|p1a: Metagross
|
|
|switch|p1a: Landorus-Therian|Landorus-Therian, M|357\/382
|-ability|p1a: Landorus-Therian|Intimidate|[of] p2a: Pidgeot
|-unboost|p2a: Pidgeot|atk|1
|turn|19
|
|move|p2a: Pidgeot|Hurricane|p1a: Landorus-Therian
|-damage|p1a: Landorus-Therian|122\/382
|-start|p1a: Landorus-Therian|confusion
|-activate|p1a: Landorus-Therian|confusion
|-damage|p1a: Landorus-Therian|56\/382|[from] confusion
|
|-heal|p1a: Landorus-Therian|79\/382|[from] item: Leftovers
|turn|20
|c|âLinck129|COME ON
|c|âLinck129|always the same shit
|-message|Linck129 forfeited.
|leave|Linck129
|
|win|Joe121128
|raw|Ladder updating...
|player|p1
|raw|Linck129's rating: 1404 &rarr; <strong>1383<\/strong><br \/>(-21 for losing)
|raw|Joe121128's rating: 1383 &rarr; <strong>1404<\/strong><br \/>(+21 for winning)
|c|âJoe121128|smh fools think they had a chance