|join|lhan
|join|Linck129
|player|p1|lhan|1
|player|p2|Linck129|118
|gametype|singles
|gen|6
|tier|OU (suspect test)
|rated
|clearpoke
|poke|p1|Gallade, M
|poke|p1|Clefable, M
|poke|p1|Heatran, F
|poke|p1|Scolipede, M
|poke|p1|Keldeo
|poke|p1|Slowbro, F
|poke|p2|Slowbro, F
|poke|p2|Dragonite, F
|poke|p2|Magnezone
|poke|p2|Beedrill, F
|poke|p2|Landorus, M
|poke|p2|Latios, M
|rule|Swagger Clause: Swagger is banned
|rule|Baton Pass Clause: Limit one PokÃ©mon knowing Baton Pass
|rule|Sleep Clause Mod: Limit one foe put to sleep
|rule|Species Clause: Limit one of each PokÃ©mon
|rule|OHKO Clause: OHKO moves are banned
|rule|Moody Clause: Moody is banned
|rule|Evasion Moves Clause: Evasion moves are banned
|rule|Endless Battle Clause: Forcing endless battles is banned
|rule|HP Percentage Mod: HP is shown in percentages
|teampreview
|
|start
|switch|p1a: Gallade|Gallade, M|277\/277
|switch|p2a: Landorus|Landorus, M|319\/319
|turn|1
|
|detailschange|p1a: Gallade|Gallade-Mega, M
|-mega|p1a: Gallade|Gallade|Galladite
|move|p2a: Landorus|Earth Power|p1a: Gallade
|-damage|p1a: Gallade|112\/277
|move|p1a: Gallade|Knock Off|p2a: Landorus
|-damage|p2a: Landorus|174\/319
|-enditem|p2a: Landorus|Focus Sash|[from] move: Knock Off|[of] p1a: Gallade
|
|turn|2
|
|switch|p2a: Slowbro|Slowbro, F|394\/394
|move|p1a: Gallade|Zen Headbutt|p2a: Slowbro
|-resisted|p2a: Slowbro
|-damage|p2a: Slowbro|337\/394
|
|-heal|p2a: Slowbro|361\/394|[from] item: Leftovers
|turn|3
|join|Eltilt
|
|move|p1a: Gallade|Knock Off|p2a: Slowbro
|-supereffective|p2a: Slowbro
|-damage|p2a: Slowbro|163\/394
|-enditem|p2a: Slowbro|Leftovers|[from] move: Knock Off|[of] p1a: Gallade
|move|p2a: Slowbro|Thunder Wave|p1a: Gallade
|-status|p1a: Gallade|par
|
|turn|4
|
|switch|p2a: Landorus|Landorus, M|174\/319
|move|p1a: Gallade|Swords Dance|p1a: Gallade
|-boost|p1a: Gallade|atk|2
|
|turn|5
|
|move|p2a: Landorus|Earth Power|p1a: Gallade
|-damage|p1a: Gallade|0 fnt
|faint|p1a: Gallade
|
|join|Akkeshi
|
|switch|p1a: Keldeo|Keldeo|323\/323
|turn|6
|join|REV Troy
|
|move|p1a: Keldeo|Scald|p2a: Landorus
|-supereffective|p2a: Landorus
|-damage|p2a: Landorus|0 fnt
|faint|p2a: Landorus
|
|
|switch|p2a: Dragonite|Dragonite, F|341\/341
|turn|7
|
|switch|p2a: Beedrill|Beedrill, F|271\/271
|move|p1a: Keldeo|Scald|p2a: Beedrill
|-damage|p2a: Beedrill|0 fnt
|faint|p2a: Beedrill
|
|join|Outrageous Fortune
|
|switch|p2a: Slowbro|Slowbro, F|294\/394
|turn|8
|
|switch|p1a: Clefable|Clefable, M|394\/394
|switch|p2a: Magnezone|Magnezone|331\/331
|
|turn|9
|
|switch|p1a: Heatran|Heatran, F|385\/385
|move|p2a: Magnezone|Thunderbolt|p1a: Heatran
|-damage|p1a: Heatran|267\/385
|
|-heal|p1a: Heatran|291\/385|[from] item: Leftovers
|turn|10
|
|switch|p2a: Latios|Latios, M|301\/301
|move|p1a: Heatran|Stealth Rock|p2a: Latios
|-sidestart|p2: Linck129|move: Stealth Rock
|
|-heal|p1a: Heatran|315\/385|[from] item: Leftovers
|turn|11
|
|move|p2a: Latios|Defog|p1a: Heatran
|-unboost|p1a: Heatran|evasion|1
|-sideend|p2: Linck129|Stealth Rock|[from] move: Defog|[of] p2a: Latios
|move|p1a: Heatran|Toxic|p2a: Latios
|-status|p2a: Latios|tox
|
|-heal|p1a: Heatran|339\/385|[from] item: Leftovers
|-damage|p2a: Latios|283\/301 tox|[from] psn
|turn|12
|leave|Akkeshi
|
|move|p2a: Latios|Psyshock|p1a: Heatran
|-resisted|p1a: Heatran
|-damage|p1a: Heatran|257\/385
|-damage|p2a: Latios|253\/301 tox|[from] item: Life Orb
|move|p1a: Heatran|Stealth Rock|p2a: Latios
|-sidestart|p2: Linck129|move: Stealth Rock
|
|-heal|p1a: Heatran|281\/385|[from] item: Leftovers
|-damage|p2a: Latios|217\/301 tox|[from] psn
|turn|13
|
|move|p2a: Latios|Psyshock|p1a: Heatran
|-resisted|p1a: Heatran
|-damage|p1a: Heatran|195\/385
|-damage|p2a: Latios|187\/301 tox|[from] item: Life Orb
|move|p1a: Heatran|Flash Cannon|p2a: Latios
|-damage|p2a: Latios|69\/301 tox
|
|-heal|p1a: Heatran|219\/385|[from] item: Leftovers
|-damage|p2a: Latios|15\/301 tox|[from] psn
|turn|14
|
|move|p2a: Latios|Defog|p1a: Heatran
|-unboost|p1a: Heatran|evasion|1
|-sideend|p2: Linck129|Stealth Rock|[from] move: Defog|[of] p2a: Latios
|move|p1a: Heatran|Stealth Rock|p2a: Latios
|-sidestart|p2: Linck129|move: Stealth Rock
|
|-heal|p1a: Heatran|243\/385|[from] item: Leftovers
|-damage|p2a: Latios|0 fnt|[from] psn
|faint|p2a: Latios
|-message|Linck129 forfeited.
|
|win|lhan
|raw|Ladder updating...
|leave|Linck129
|player|p2
|raw|lhan's rating: 1260 &rarr; <strong>1280<\/strong><br \/>(+20 for winning)
|raw|Linck129's rating: 1184 &rarr; <strong>1164<\/strong><br \/>(-20 for losing)
|leave|Outrageous Fortune