|join|HaloOverCOD
|join|Mr.Saints
|player|p1|HaloOverCOD|266
|player|p2|Mr.Saints|248
|gametype|singles
|gen|6
|tier|OU
|rated
|clearpoke
|poke|p1|Metagross
|poke|p1|Greninja, M
|poke|p1|Diggersby, M
|poke|p1|Breloom, M
|poke|p1|Latios, M
|poke|p1|Heatran, F
|poke|p2|Gyarados, M
|poke|p2|Bisharp, M
|poke|p2|Honchkrow, M
|poke|p2|Sableye, M
|poke|p2|Krookodile, M
|poke|p2|Greninja, M, shiny
|rule|Swagger Clause: Swagger is banned
|rule|Baton Pass Clause: Limit one PokÃ©mon knowing Baton Pass
|rule|Sleep Clause Mod: Limit one foe put to sleep
|rule|Species Clause: Limit one of each PokÃ©mon
|rule|OHKO Clause: OHKO moves are banned
|rule|Moody Clause: Moody is banned
|rule|Evasion Moves Clause: Evasion moves are banned
|rule|Endless Battle Clause: Forcing endless battles is banned
|rule|HP Percentage Mod: HP is shown in percentages
|teampreview
|c|âHaloOverCOD|that tripple pursuit
|
|start
|switch|p1a: Heatran|Heatran, F|325\/325
|switch|p2a: Krookodile|Krookodile, M|394\/394
|-ability|p2a: Krookodile|Intimidate|[of] p1a: Heatran
|-unboost|p1a: Heatran|atk|1
|-item|p1a: Heatran|Air Balloon
|turn|1
|c|âMr.Saints|lol
|
|move|p2a: Krookodile|Taunt|p1a: Heatran
|-start|p1a: Heatran|move: Taunt
|cant|p1a: Heatran|move: Taunt|Stealth Rock
|
|turn|2
|
|move|p2a: Krookodile|Knock Off|p1a: Heatran
|-damage|p1a: Heatran|204\/325
|-enditem|p1a: Heatran|Air Balloon
|move|p1a: Heatran|Fire Blast|p2a: Krookodile
|-damage|p2a: Krookodile|144\/394
|
|turn|3
|
|move|p2a: Krookodile|Stealth Rock|p1a: Heatran
|-sidestart|p1: HaloOverCOD|move: Stealth Rock
|move|p1a: Heatran|Fire Blast|p2a: Krookodile
|-damage|p2a: Krookodile|0 fnt
|faint|p2a: Krookodile
|
|-end|p1a: Heatran|move: Taunt
|
|switch|p2a: Greninja|Greninja, M, shiny|285\/285
|turn|4
|
|switch|p1a: Latios|Latios, M|301\/301
|-damage|p1a: Latios|264\/301|[from] Stealth Rock
|move|p2a: Greninja|Hydro Pump|p1a: Latios|[miss]
|-start|p2a: Greninja|typechange|Water|[from] Protean
|-miss|p2a: Greninja|p1a: Latios
|
|turn|5
|
|move|p1a: Latios|Draco Meteor|p2a: Greninja
|-damage|p2a: Greninja|0 fnt
|-unboost|p1a: Latios|spa|2
|faint|p2a: Greninja
|
|
|switch|p2a: Bisharp|Bisharp, M|272\/272
|turn|6
|
|switch|p1a: Breloom|Breloom, M|261\/261
|-damage|p1a: Breloom|245\/261|[from] Stealth Rock
|move|p2a: Bisharp|Swords Dance|p2a: Bisharp
|-boost|p2a: Bisharp|atk|2
|
|turn|7
|
|move|p1a: Breloom|Mach Punch|p2a: Bisharp
|-supereffective|p2a: Bisharp
|-enditem|p2a: Bisharp|Focus Sash
|-damage|p2a: Bisharp|1\/272
|move|p2a: Bisharp|Iron Head|p1a: Breloom
|-damage|p1a: Breloom|0 fnt
|faint|p1a: Breloom
|
|
|switch|p1a: Latios|Latios, M|264\/301
|-damage|p1a: Latios|227\/301|[from] Stealth Rock
|turn|8
|
|move|p1a: Latios|Trick|p2a: Bisharp
|-activate|p1a: Latios|move: Trick|[of] p2a: Bisharp
|-item|p2a: Bisharp|Choice Scarf|[from] move: Trick
|move|p2a: Bisharp|Knock Off|p1a: Latios
|-supereffective|p1a: Latios
|-damage|p1a: Latios|0 fnt
|faint|p1a: Latios
|
|
|switch|p1a: Diggersby|Diggersby, M|311\/311
|-damage|p1a: Diggersby|292\/311|[from] Stealth Rock
|turn|9
|
|switch|p2a: Sableye|Sableye, M|304\/304
|move|p1a: Diggersby|Quick Attack|p2a: Sableye
|-immune|p2a: Sableye|[msg]
|
|turn|10
|
|switch|p1a: Heatran|Heatran, F|204\/325
|-damage|p1a: Heatran|164\/325|[from] Stealth Rock
|switch|p2a: Gyarados|Gyarados, M|331\/331
|-ability|p2a: Gyarados|Intimidate|[of] p1a: Heatran
|-unboost|p1a: Heatran|atk|1
|
|turn|11
|
|detailschange|p2a: Gyarados|Gyarados-Mega, M
|-mega|p2a: Gyarados|Gyarados|Gyaradosite
|-ability|p2a: Gyarados|Mold Breaker
|move|p1a: Heatran|Taunt|p2a: Gyarados
|-start|p2a: Gyarados|move: Taunt
|cant|p2a: Gyarados|move: Taunt|Dragon Dance
|
|turn|12
|
|move|p1a: Heatran|Stealth Rock|p2a: Gyarados
|-sidestart|p2: Mr.Saints|move: Stealth Rock
|move|p2a: Gyarados|Earthquake|p1a: Heatran
|-supereffective|p1a: Heatran
|-damage|p1a: Heatran|0 fnt
|faint|p1a: Heatran
|
|
|switch|p1a: Metagross|Metagross|301\/301
|-damage|p1a: Metagross|283\/301|[from] Stealth Rock
|turn|13
|
|switch|p2a: Bisharp|Bisharp, M|1\/272
|-damage|p2a: Bisharp|0 fnt|[from] Stealth Rock
|faint|p2a: Bisharp
|detailschange|p1a: Metagross|Metagross-Mega
|-mega|p1a: Metagross|Metagross|Metagrossite
|move|p1a: Metagross|Hammer Arm|p2: Bisharp|[notarget]
|-notarget
|
|
|switch|p2a: Sableye|Sableye, M|304\/304
|-damage|p2a: Sableye|266\/304|[from] Stealth Rock
|turn|14
|
|switch|p1a: Greninja|Greninja, M|285\/285
|-damage|p1a: Greninja|250\/285|[from] Stealth Rock
|move|p2a: Sableye|Will-O-Wisp|p1a: Greninja
|-status|p1a: Greninja|brn
|
|-heal|p2a: Sableye|285\/304|[from] item: Leftovers
|-damage|p1a: Greninja|215\/285 brn|[from] brn
|turn|15
|
|move|p1a: Greninja|Surf|p2a: Sableye
|-start|p1a: Greninja|typechange|Water|[from] Protean
|-damage|p2a: Sableye|112\/304
|-damage|p1a: Greninja|187\/285 brn|[from] item: Life Orb
|move|p2a: Sableye|Snarl|p1a: Greninja
|-miss|p2a: Sableye|p1a: Greninja
|
|-heal|p2a: Sableye|131\/304|[from] item: Leftovers
|-damage|p1a: Greninja|152\/285 brn|[from] brn
|turn|16
|
|move|p2a: Sableye|Recover|p2a: Sableye
|-heal|p2a: Sableye|283\/304
|move|p1a: Greninja|Ice Beam|p2a: Sableye
|-start|p1a: Greninja|typechange|Ice|[from] Protean
|-damage|p2a: Sableye|114\/304
|-damage|p1a: Greninja|124\/285 brn|[from] item: Life Orb
|
|-heal|p2a: Sableye|133\/304|[from] item: Leftovers
|-damage|p1a: Greninja|89\/285 brn|[from] brn
|turn|17
|
|move|p2a: Sableye|Recover|p2a: Sableye
|-heal|p2a: Sableye|285\/304
|move|p1a: Greninja|Ice Beam|p2a: Sableye
|-damage|p2a: Sableye|124\/304
|-damage|p1a: Greninja|61\/285 brn|[from] item: Life Orb
|
|-heal|p2a: Sableye|143\/304|[from] item: Leftovers
|-damage|p1a: Greninja|26\/285 brn|[from] brn
|turn|18
|
|move|p2a: Sableye|Recover|p2a: Sableye
|-heal|p2a: Sableye|295\/304
|move|p1a: Greninja|Surf|p2a: Sableye
|-start|p1a: Greninja|typechange|Water|[from] Protean
|-damage|p2a: Sableye|142\/304
|-damage|p1a: Greninja|0 fnt|[from] item: Life Orb
|faint|p1a: Greninja
|
|-heal|p2a: Sableye|161\/304|[from] item: Leftovers
|
|switch|p1a: Diggersby|Diggersby, M|292\/311
|-damage|p1a: Diggersby|273\/311|[from] Stealth Rock
|turn|19
|
|move|p2a: Sableye|Taunt|p1a: Diggersby
|-start|p1a: Diggersby|move: Taunt
|move|p1a: Diggersby|Earthquake|p2a: Sableye
|-damage|p2a: Sableye|0 fnt
|faint|p2a: Sableye
|
|
|switch|p2a: Gyarados|Gyarados-Mega, M|331\/331
|-damage|p2a: Gyarados|290\/331|[from] Stealth Rock
|-ability|p2a: Gyarados|Mold Breaker
|turn|20
|
|move|p2a: Gyarados|Dragon Dance|p2a: Gyarados
|-boost|p2a: Gyarados|atk|1
|-boost|p2a: Gyarados|spe|1
|move|p1a: Diggersby|Return|p2a: Gyarados
|-damage|p2a: Gyarados|61\/331
|
|turn|21
|
|move|p1a: Diggersby|Quick Attack|p2a: Gyarados
|-damage|p2a: Gyarados|0 fnt
|faint|p2a: Gyarados
|
|-end|p1a: Diggersby|move: Taunt
|
|switch|p2a: Honchkrow|Honchkrow, M|341\/341
|-damage|p2a: Honchkrow|256\/341|[from] Stealth Rock
|turn|22
|c|âMr.Saints|played that so bad
|c|âMr.Saints|gg
|c|âHaloOverCOD|gg
|
|move|p2a: Honchkrow|Brave Bird|p1a: Diggersby
|-damage|p1a: Diggersby|0 fnt
|-damage|p2a: Honchkrow|166\/341|[from] recoil|[of] p1a: Diggersby
|faint|p1a: Diggersby
|-boost|p2a: Honchkrow|atk|1|[from] ability: Moxie
|
|
|switch|p1a: Metagross|Metagross-Mega|283\/301
|-damage|p1a: Metagross|265\/301|[from] Stealth Rock
|turn|23
|
|move|p2a: Honchkrow|Sucker Punch|p1a: Metagross
|-supereffective|p1a: Metagross
|-damage|p1a: Metagross|0 fnt
|faint|p1a: Metagross
|-boost|p2a: Honchkrow|atk|1|[from] ability: Moxie
|
|win|Mr.Saints
|raw|Ladder updating...
|raw|HaloOverCOD's rating: 1561 &rarr; <strong>1540<\/strong><br \/>(-21 for losing)
|raw|Mr.Saints's rating: 1546 &rarr; <strong>1566<\/strong><br \/>(+20 for winning)
|leave|HaloOverCOD