|join|Hammering Man
|join|duntdropdatdenden
|player|p1|Hammering Man|246
|player|p2|duntdropdatdenden|265
|gametype|singles
|gen|6
|tier|ORAS OU
|rated
|rule|Sleep Clause Mod: Limit one foe put to sleep
|rule|Species Clause: Limit one of each PokÃ©mon
|rule|OHKO Clause: OHKO moves are banned
|rule|Moody Clause: Moody is banned
|rule|Evasion Moves Clause: Evasion moves are banned
|rule|Endless Battle Clause: Forcing endless battles is banned
|rule|HP Percentage Mod: HP is shown in percentages
|clearpoke
|poke|p1|Gyarados, M
|poke|p1|Sceptile, M
|poke|p1|Clefable, F
|poke|p1|Skarmory, F
|poke|p1|Heatran, M
|poke|p1|Greninja, M
|poke|p2|Conkeldurr, F
|poke|p2|Salamence, F
|poke|p2|Quagsire, M
|poke|p2|Ferrothorn, F
|poke|p2|Keldeo-Resolute
|poke|p2|Tyranitar, F
|rule|Swagger Clause: Swagger is banned
|rule|Baton Pass Clause: Limit one PokÃ©mon knowing Baton Pass
|teampreview
|
|start
|switch|p1a: Clefable|Clefable, F|394\/394
|switch|p2a: Conkeldurr|Conkeldurr, F|414\/414
|turn|1
|
|switch|p2a: Ferrothorn|Ferrothorn, F|352\/352
|move|p1a: Clefable|Stealth Rock|p2a: Ferrothorn
|-sidestart|p2: duntdropdatdenden|move: Stealth Rock
|
|turn|2
|
|move|p1a: Clefable|Flamethrower|p2a: Ferrothorn
|-supereffective|p2a: Ferrothorn
|-damage|p2a: Ferrothorn|188\/352
|move|p2a: Ferrothorn|Bulldoze|p1a: Clefable
|-damage|p1a: Clefable|324\/394
|-unboost|p1a: Clefable|spe|1
|
|-heal|p1a: Clefable|348\/394|[from] item: Leftovers
|turn|3
|
|move|p1a: Clefable|Moonblast|p2a: Ferrothorn
|-resisted|p2a: Ferrothorn
|-damage|p2a: Ferrothorn|158\/352
|-unboost|p2a: Ferrothorn|spa|1
|move|p2a: Ferrothorn|Explosion|p1a: Clefable
|-damage|p1a: Clefable|80\/394
|faint|p2a: Ferrothorn
|
|-heal|p1a: Clefable|104\/394|[from] item: Leftovers
|
|switch|p2a: Keldeo-Resolute|Keldeo-Resolute|323\/323
|-damage|p2a: Keldeo-Resolute|303\/323|[from] Stealth Rock
|turn|4
|
|switch|p1a: Gyarados|Gyarados, M|393\/393
|-ability|p1a: Gyarados|Intimidate|[of] p2a: Keldeo-Resolute
|-unboost|p2a: Keldeo-Resolute|atk|1
|move|p2a: Keldeo-Resolute|Scald|p1a: Gyarados
|-resisted|p1a: Gyarados
|-damage|p1a: Gyarados|345\/393
|
|-heal|p2a: Keldeo-Resolute|323\/323|[from] item: Leftovers
|-heal|p1a: Gyarados|369\/393|[from] item: Leftovers
|turn|5
|
|move|p2a: Keldeo-Resolute|Scald|p1a: Gyarados
|-resisted|p1a: Gyarados
|-damage|p1a: Gyarados|320\/393
|move|p1a: Gyarados|Toxic|p2a: Keldeo-Resolute|[miss]
|-miss|p1a: Gyarados|p2a: Keldeo-Resolute
|
|-heal|p1a: Gyarados|344\/393|[from] item: Leftovers
|turn|6
|
|move|p2a: Keldeo-Resolute|Substitute|p2a: Keldeo-Resolute
|-start|p2a: Keldeo-Resolute|Substitute
|-damage|p2a: Keldeo-Resolute|243\/323
|move|p1a: Gyarados|Toxic|p2a: Keldeo-Resolute
|
|-heal|p2a: Keldeo-Resolute|263\/323|[from] item: Leftovers
|-heal|p1a: Gyarados|368\/393|[from] item: Leftovers
|turn|7
|
|move|p2a: Keldeo-Resolute|Scald|p1a: Gyarados
|-resisted|p1a: Gyarados
|-damage|p1a: Gyarados|312\/393
|move|p1a: Gyarados|Dragon Tail|p2a: Keldeo-Resolute
|-activate|p2a: Keldeo-Resolute|Substitute|[damage]
|
|-heal|p2a: Keldeo-Resolute|283\/323|[from] item: Leftovers
|-heal|p1a: Gyarados|336\/393|[from] item: Leftovers
|turn|8
|
|move|p2a: Keldeo-Resolute|Scald|p1a: Gyarados
|-resisted|p1a: Gyarados
|-damage|p1a: Gyarados|285\/393
|move|p1a: Gyarados|Dragon Tail|p2a: Keldeo-Resolute|[miss]
|-miss|p1a: Gyarados|p2a: Keldeo-Resolute
|
|-heal|p2a: Keldeo-Resolute|303\/323|[from] item: Leftovers
|-heal|p1a: Gyarados|309\/393|[from] item: Leftovers
|turn|9
|
|move|p2a: Keldeo-Resolute|Scald|p1a: Gyarados
|-resisted|p1a: Gyarados
|-damage|p1a: Gyarados|258\/393
|-status|p1a: Gyarados|brn
|move|p1a: Gyarados|Dragon Tail|p2a: Keldeo-Resolute
|-end|p2a: Keldeo-Resolute|Substitute
|
|-heal|p2a: Keldeo-Resolute|323\/323|[from] item: Leftovers
|-heal|p1a: Gyarados|282\/393 brn|[from] item: Leftovers
|-damage|p1a: Gyarados|233\/393 brn|[from] brn
|turn|10
|
|switch|p1a: Clefable|Clefable, F|104\/394
|move|p2a: Keldeo-Resolute|Substitute|p2a: Keldeo-Resolute
|-start|p2a: Keldeo-Resolute|Substitute
|-damage|p2a: Keldeo-Resolute|243\/323
|
|-heal|p2a: Keldeo-Resolute|263\/323|[from] item: Leftovers
|-heal|p1a: Clefable|128\/394|[from] item: Leftovers
|turn|11
|
|move|p2a: Keldeo-Resolute|Scald|p1a: Clefable
|-damage|p1a: Clefable|0 fnt
|faint|p1a: Clefable
|
|-heal|p2a: Keldeo-Resolute|283\/323|[from] item: Leftovers
|
|switch|p1a: Sceptile|Sceptile, M|281\/281
|turn|12
|
|detailschange|p1a: Sceptile|Sceptile-Mega, M
|message|Sceptile has Mega Evolved into Mega Sceptile!
|move|p1a: Sceptile|Leaf Blade|p2a: Keldeo-Resolute
|-supereffective|p2a: Keldeo-Resolute
|-end|p2a: Keldeo-Resolute|Substitute
|move|p2a: Keldeo-Resolute|Icy Wind|p1a: Sceptile
|-supereffective|p1a: Sceptile
|-damage|p1a: Sceptile|0 fnt
|faint|p1a: Sceptile
|
|-heal|p2a: Keldeo-Resolute|303\/323|[from] item: Leftovers
|
|switch|p1a: Greninja|Greninja, M|285\/285
|turn|13
|
|switch|p2a: Tyranitar|Tyranitar, F|404\/404
|-damage|p2a: Tyranitar|354\/404|[from] Stealth Rock
|-weather|Sandstorm
|move|p1a: Greninja|Gunk Shot|p2a: Tyranitar
|-start|p1a: Greninja|typechange|Poison|[from] Protean
|-resisted|p2a: Tyranitar
|-damage|p2a: Tyranitar|276\/404
|-status|p2a: Tyranitar|psn
|-damage|p1a: Greninja|257\/285|[from] item: Life Orb
|
|-weather|Sandstorm|[upkeep]
|-damage|p1a: Greninja|240\/285|[from] sandstorm
|-damage|p2a: Tyranitar|226\/404 psn|[from] psn
|turn|14
|
|move|p1a: Greninja|Hydro Pump|p2a: Tyranitar|[miss]
|-start|p1a: Greninja|typechange|Water|[from] Protean
|-miss|p1a: Greninja|p2a: Tyranitar
|move|p2a: Tyranitar|Pursuit|p1a: Greninja
|-damage|p1a: Greninja|128\/285
|
|-weather|Sandstorm|[upkeep]
|-damage|p1a: Greninja|111\/285|[from] sandstorm
|-damage|p2a: Tyranitar|176\/404 psn|[from] psn
|turn|15
|c|âHammering Man|hax everywhere
|
|move|p1a: Greninja|Hydro Pump|p2a: Tyranitar|[miss]
|-miss|p1a: Greninja|p2a: Tyranitar
|move|p2a: Tyranitar|Pursuit|p1a: Greninja
|-damage|p1a: Greninja|6\/285
|
|-weather|Sandstorm|[upkeep]
|-damage|p1a: Greninja|0 fnt|[from] sandstorm
|-damage|p2a: Tyranitar|126\/404 psn|[from] psn
|faint|p1a: Greninja
|-message|Hammering Man forfeited.
|
|win|duntdropdatdenden
|raw|Ladder updating...
|leave|Hammering Man
|player|p1
|raw|Hammering Man's rating: 1479 &rarr; <strong>1453<\/strong><br \/>(-26 for losing)
|raw|duntdropdatdenden's rating: 1369 &rarr; <strong>1395<\/strong><br \/>(+26 for winning)