|join|Gumball Gus
|join|hammering man
|player|p1|Gumball Gus|105
|player|p2|hammering man|246
|gametype|singles
|gen|6
|tier|ORAS OU
|rated
|rule|Sleep Clause Mod: Limit one foe put to sleep
|rule|Species Clause: Limit one of each PokÃ©mon
|rule|OHKO Clause: OHKO moves are banned
|rule|Moody Clause: Moody is banned
|rule|Evasion Moves Clause: Evasion moves are banned
|rule|Endless Battle Clause: Forcing endless battles is banned
|rule|HP Percentage Mod: HP is shown in percentages
|clearpoke
|poke|p1|Alomomola, F
|poke|p1|Landorus-Therian, M
|poke|p1|Jirachi
|poke|p1|Latios, M
|poke|p1|Camerupt, M
|poke|p1|Celebi
|poke|p2|Beedrill, F
|poke|p2|Skarmory, F
|poke|p2|Rotom-Wash
|poke|p2|Landorus-Therian, M
|poke|p2|Latios, M
|poke|p2|Bisharp, M
|rule|Swagger Clause: Swagger is banned
|rule|Baton Pass Clause: Limit one PokÃ©mon knowing Baton Pass
|teampreview
|
|start
|switch|p1a: Landorus-Therian|Landorus-Therian, M|381\/381
|switch|p2a: Rotom-Wash|Rotom-Wash|303\/303
|-ability|p1a: Landorus-Therian|Intimidate|[of] p2a: Rotom-Wash
|-unboost|p2a: Rotom-Wash|atk|1
|turn|1
|
|move|p2a: Rotom-Wash|Hidden Power|p1a: Landorus-Therian
|-supereffective|p1a: Landorus-Therian
|-damage|p1a: Landorus-Therian|149\/381
|move|p1a: Landorus-Therian|U-turn|p2a: Rotom-Wash
|-damage|p2a: Rotom-Wash|238\/303
|
|switch|p1a: Celebi|Celebi|404\/404
|
|-heal|p2a: Rotom-Wash|256\/303|[from] item: Leftovers
|turn|2
|
|switch|p2a: Bisharp|Bisharp, M|291\/291
|move|p1a: Celebi|Nasty Plot|p1a: Celebi
|-boost|p1a: Celebi|spa|2
|
|turn|3
|
|move|p2a: Bisharp|Sucker Punch|p1a: Celebi
|-fail|p1a: Celebi
|move|p1a: Celebi|Baton Pass|p1a: Celebi
|
|switch|p1a: Camerupt|Camerupt, M|344\/344
|
|turn|4
|
|detailschange|p1a: Camerupt|Camerupt-Mega, M
|message|Camerupt has Mega Evolved into Mega Camerupt!
|move|p2a: Bisharp|Sucker Punch|p1a: Camerupt
|-damage|p1a: Camerupt|182\/344
|move|p1a: Camerupt|Fire Blast|p2a: Bisharp
|-supereffective|p2a: Bisharp
|-damage|p2a: Bisharp|0 fnt
|faint|p2a: Bisharp
|
|
|switch|p2a: Latios|Latios, M|301\/301
|turn|5
|
|switch|p1a: Jirachi|Jirachi|341\/341
|move|p2a: Latios|Draco Meteor|p1a: Jirachi
|-resisted|p1a: Jirachi
|-damage|p1a: Jirachi|216\/341
|-unboost|p2a: Latios|spa|2
|
|turn|6
|
|switch|p2a: Landorus-Therian|Landorus-Therian, M|381\/381
|-ability|p2a: Landorus-Therian|Intimidate|[of] p1a: Jirachi
|-unboost|p1a: Jirachi|atk|1
|move|p1a: Jirachi|U-turn|p2a: Landorus-Therian
|-resisted|p2a: Landorus-Therian
|-damage|p2a: Landorus-Therian|362\/381
|
|switch|p1a: Alomomola|Alomomola, F|534\/534
|
|-heal|p2a: Landorus-Therian|381\/381|[from] item: Leftovers
|turn|7
|
|switch|p2a: Rotom-Wash|Rotom-Wash|256\/303
|move|p1a: Alomomola|Scald|p2a: Rotom-Wash
|-resisted|p2a: Rotom-Wash
|-damage|p2a: Rotom-Wash|232\/303
|
|-heal|p2a: Rotom-Wash|250\/303|[from] item: Leftovers
|turn|8
|
|move|p2a: Rotom-Wash|Will-O-Wisp|p1a: Alomomola
|-status|p1a: Alomomola|brn
|move|p1a: Alomomola|Wish|p1a: Alomomola
|
|-heal|p2a: Rotom-Wash|268\/303|[from] item: Leftovers
|-damage|p1a: Alomomola|468\/534 brn|[from] brn
|turn|9
|
|move|p2a: Rotom-Wash|Hydro Pump|p1a: Alomomola
|-resisted|p1a: Alomomola
|-damage|p1a: Alomomola|333\/534 brn
|move|p1a: Alomomola|Scald|p2a: Rotom-Wash
|-resisted|p2a: Rotom-Wash
|-damage|p2a: Rotom-Wash|246\/303
|
|-heal|p1a: Alomomola|534\/534 brn|[from] move: Wish|[wisher] Alomomola
|-heal|p2a: Rotom-Wash|264\/303|[from] item: Leftovers
|-damage|p1a: Alomomola|468\/534 brn|[from] brn
|turn|10
|
|move|p2a: Rotom-Wash|Volt Switch|p1a: Alomomola
|-supereffective|p1a: Alomomola
|-damage|p1a: Alomomola|174\/534 brn
|
|switch|p2a: Beedrill|Beedrill, F|271\/271
|move|p1a: Alomomola|Wish|p1a: Alomomola
|
|-heal|p1a: Alomomola|207\/534 brn|[from] item: Leftovers
|-damage|p1a: Alomomola|141\/534 brn|[from] brn
|turn|11
|
|detailschange|p2a: Beedrill|Beedrill-Mega, F
|message|Beedrill has Mega Evolved into Mega Beedrill!
|move|p1a: Alomomola|Protect|p1a: Alomomola
|-singleturn|p1a: Alomomola|Protect
|move|p2a: Beedrill|Poison Jab|p1a: Alomomola
|-activate|p1a: Alomomola|Protect
|
|-heal|p1a: Alomomola|408\/534 brn|[from] move: Wish|[wisher] Alomomola
|-heal|p1a: Alomomola|441\/534 brn|[from] item: Leftovers
|-damage|p1a: Alomomola|375\/534 brn|[from] brn
|turn|12
|
|move|p2a: Beedrill|U-turn|p1a: Alomomola
|-damage|p1a: Alomomola|209\/534 brn
|
|switch|p2a: Rotom-Wash|Rotom-Wash|264\/303
|move|p1a: Alomomola|Scald|p2a: Rotom-Wash
|-resisted|p2a: Rotom-Wash
|-damage|p2a: Rotom-Wash|241\/303
|
|-heal|p2a: Rotom-Wash|259\/303|[from] item: Leftovers
|-heal|p1a: Alomomola|242\/534 brn|[from] item: Leftovers
|-damage|p1a: Alomomola|176\/534 brn|[from] brn
|turn|13
|
|switch|p1a: Celebi|Celebi|404\/404
|move|p2a: Rotom-Wash|Volt Switch|p1a: Celebi
|-resisted|p1a: Celebi
|-damage|p1a: Celebi|362\/404
|
|switch|p2a: Beedrill|Beedrill-Mega, F|271\/271
|
|-heal|p1a: Celebi|387\/404|[from] item: Leftovers
|turn|14
|
|switch|p1a: Landorus-Therian|Landorus-Therian, M|149\/381
|-ability|p1a: Landorus-Therian|Intimidate|[of] p2a: Beedrill
|-unboost|p2a: Beedrill|atk|1
|move|p2a: Beedrill|U-turn|p1a: Landorus-Therian
|-resisted|p1a: Landorus-Therian
|-damage|p1a: Landorus-Therian|78\/381
|
|switch|p2a: Rotom-Wash|Rotom-Wash|259\/303
|
|-heal|p2a: Rotom-Wash|277\/303|[from] item: Leftovers
|-heal|p1a: Landorus-Therian|101\/381|[from] item: Leftovers
|turn|15
|
|move|p1a: Landorus-Therian|Stealth Rock|p2a: Rotom-Wash
|-sidestart|p2: hammering man|move: Stealth Rock
|move|p2a: Rotom-Wash|Hidden Power|p1a: Landorus-Therian
|-supereffective|p1a: Landorus-Therian
|-damage|p1a: Landorus-Therian|0 fnt
|faint|p1a: Landorus-Therian
|
|-heal|p2a: Rotom-Wash|295\/303|[from] item: Leftovers
|
|switch|p1a: Celebi|Celebi|387\/404
|turn|16
|
|switch|p2a: Skarmory|Skarmory, F|334\/334
|-damage|p2a: Skarmory|293\/334|[from] Stealth Rock
|move|p1a: Celebi|Baton Pass|p1a: Celebi
|
|switch|p1a: Camerupt|Camerupt-Mega, M|182\/344
|
|turn|17
|
|switch|p2a: Rotom-Wash|Rotom-Wash|295\/303
|-damage|p2a: Rotom-Wash|258\/303|[from] Stealth Rock
|move|p1a: Camerupt|Fire Blast|p2a: Rotom-Wash
|-resisted|p2a: Rotom-Wash
|-damage|p2a: Rotom-Wash|116\/303
|
|-heal|p2a: Rotom-Wash|134\/303|[from] item: Leftovers
|turn|18
|
|switch|p1a: Latios|Latios, M|302\/302
|move|p2a: Rotom-Wash|Hydro Pump|p1a: Latios
|-resisted|p1a: Latios
|-damage|p1a: Latios|242\/302
|
|-heal|p2a: Rotom-Wash|152\/303|[from] item: Leftovers
|turn|19
|
|switch|p2a: Skarmory|Skarmory, F|293\/334
|-damage|p2a: Skarmory|252\/334|[from] Stealth Rock
|move|p1a: Latios|Trick|p2a: Skarmory
|-activate|p1a: Latios|move: Trick|[of] p2a: Skarmory
|-item|p2a: Skarmory|Choice Scarf|[from] move: Trick
|-item|p1a: Latios|Shed Shell|[from] move: Trick
|
|turn|20
|
|switch|p1a: Alomomola|Alomomola, F|354\/534 brn
|move|p2a: Skarmory|Spikes|p1a: Alomomola
|-sidestart|p1: Gumball Gus|Spikes
|
|-heal|p1a: Alomomola|387\/534 brn|[from] item: Leftovers
|-damage|p1a: Alomomola|321\/534 brn|[from] brn
|turn|21
|
|switch|p2a: Rotom-Wash|Rotom-Wash|152\/303
|-damage|p2a: Rotom-Wash|115\/303|[from] Stealth Rock
|move|p1a: Alomomola|Wish|p1a: Alomomola
|
|-heal|p2a: Rotom-Wash|133\/303|[from] item: Leftovers
|-heal|p1a: Alomomola|354\/534 brn|[from] item: Leftovers
|-damage|p1a: Alomomola|288\/534 brn|[from] brn
|turn|22
|
|move|p1a: Alomomola|Protect|p1a: Alomomola
|-singleturn|p1a: Alomomola|Protect
|move|p2a: Rotom-Wash|Hydro Pump|p1a: Alomomola
|-activate|p1a: Alomomola|Protect
|
|-heal|p1a: Alomomola|534\/534 brn|[from] move: Wish|[wisher] Alomomola
|-heal|p2a: Rotom-Wash|151\/303|[from] item: Leftovers
|-damage|p1a: Alomomola|468\/534 brn|[from] brn
|turn|23
|
|move|p2a: Rotom-Wash|Hydro Pump|p1a: Alomomola|[miss]
|-miss|p2a: Rotom-Wash|p1a: Alomomola
|move|p1a: Alomomola|Scald|p2a: Rotom-Wash
|-resisted|p2a: Rotom-Wash
|-damage|p2a: Rotom-Wash|130\/303
|
|-heal|p2a: Rotom-Wash|148\/303|[from] item: Leftovers
|-heal|p1a: Alomomola|501\/534 brn|[from] item: Leftovers
|-damage|p1a: Alomomola|435\/534 brn|[from] brn
|turn|24
|
|move|p2a: Rotom-Wash|Volt Switch|p1a: Alomomola
|-supereffective|p1a: Alomomola
|-damage|p1a: Alomomola|87\/534 brn
|
|switch|p2a: Latios|Latios, M|301\/301
|-damage|p2a: Latios|264\/301|[from] Stealth Rock
|move|p1a: Alomomola|Toxic|p2a: Latios
|-status|p2a: Latios|tox
|
|-heal|p1a: Alomomola|120\/534 brn|[from] item: Leftovers
|-damage|p2a: Latios|246\/301 tox|[from] psn
|-damage|p1a: Alomomola|54\/534 brn|[from] brn
|turn|25
|
|switch|p2a: Landorus-Therian|Landorus-Therian, M|381\/381
|-damage|p2a: Landorus-Therian|334\/381|[from] Stealth Rock
|-ability|p2a: Landorus-Therian|Intimidate|[of] p1a: Alomomola
|-unboost|p1a: Alomomola|atk|1
|move|p1a: Alomomola|Protect|p1a: Alomomola
|-fail|p1a: Alomomola
|
|-heal|p2a: Landorus-Therian|357\/381|[from] item: Leftovers
|-heal|p1a: Alomomola|87\/534 brn|[from] item: Leftovers
|-damage|p1a: Alomomola|21\/534 brn|[from] brn
|turn|26
|
|move|p2a: Landorus-Therian|Earthquake|p1a: Alomomola
|-damage|p1a: Alomomola|0 fnt
|faint|p1a: Alomomola
|
|-heal|p2a: Landorus-Therian|380\/381|[from] item: Leftovers
|
|switch|p1a: Latios|Latios, M|242\/302
|turn|27
|
|switch|p1a: Camerupt|Camerupt-Mega, M|182\/344
|-damage|p1a: Camerupt|139\/344|[from] Spikes
|switch|p2a: Skarmory|Skarmory, F|252\/334
|-damage|p2a: Skarmory|211\/334|[from] Stealth Rock
|
|turn|28
|
|move|p2a: Skarmory|Spikes|p1a: Camerupt
|-sidestart|p1: Gumball Gus|Spikes
|move|p1a: Camerupt|Fire Blast|p2a: Skarmory
|-supereffective|p2a: Skarmory
|-damage|p2a: Skarmory|0 fnt
|faint|p2a: Skarmory
|
|
|switch|p2a: Rotom-Wash|Rotom-Wash|148\/303
|-damage|p2a: Rotom-Wash|111\/303|[from] Stealth Rock
|turn|29
|
|switch|p1a: Celebi|Celebi|387\/404
|-damage|p1a: Celebi|320\/404|[from] Spikes
|move|p2a: Rotom-Wash|Hydro Pump|p1a: Celebi
|-crit|p1a: Celebi
|-resisted|p1a: Celebi
|-damage|p1a: Celebi|214\/404
|
|-heal|p1a: Celebi|239\/404|[from] item: Leftovers
|-heal|p2a: Rotom-Wash|129\/303|[from] item: Leftovers
|turn|30
|
|move|p1a: Celebi|Recover|p1a: Celebi
|-heal|p1a: Celebi|404\/404
|move|p2a: Rotom-Wash|Will-O-Wisp|p1a: Celebi
|-status|p1a: Celebi|brn
|
|-heal|p2a: Rotom-Wash|147\/303|[from] item: Leftovers
|-damage|p1a: Celebi|354\/404 brn|[from] brn
|turn|31
|
|move|p1a: Celebi|Giga Drain|p2a: Rotom-Wash
|-supereffective|p2a: Rotom-Wash
|-damage|p2a: Rotom-Wash|0 fnt
|-heal|p1a: Celebi|404\/404 brn|[from] drain|[of] p2a: Rotom-Wash
|faint|p2a: Rotom-Wash
|
|-damage|p1a: Celebi|354\/404 brn|[from] brn
|
|switch|p2a: Beedrill|Beedrill-Mega, F|271\/271
|-damage|p2a: Beedrill|204\/271|[from] Stealth Rock
|turn|32
|
|switch|p1a: Camerupt|Camerupt-Mega, M|139\/344
|-damage|p1a: Camerupt|82\/344|[from] Spikes
|move|p2a: Beedrill|U-turn|p1a: Camerupt
|-resisted|p1a: Camerupt
|-damage|p1a: Camerupt|0 fnt
|faint|p1a: Camerupt
|
|switch|p2a: Latios|Latios, M|246\/301 tox
|-damage|p2a: Latios|209\/301 tox|[from] Stealth Rock
|
|-damage|p2a: Latios|191\/301 tox|[from] psn
|
|switch|p1a: Jirachi|Jirachi|216\/341
|-damage|p1a: Jirachi|160\/341|[from] Spikes
|turn|33
|
|switch|p2a: Landorus-Therian|Landorus-Therian, M|380\/381
|-damage|p2a: Landorus-Therian|333\/381|[from] Stealth Rock
|-ability|p2a: Landorus-Therian|Intimidate|[of] p1a: Jirachi
|-unboost|p1a: Jirachi|atk|1
|move|p1a: Jirachi|Ice Punch|p2a: Landorus-Therian
|-supereffective|p2a: Landorus-Therian
|-damage|p2a: Landorus-Therian|177\/381
|
|-heal|p2a: Landorus-Therian|200\/381|[from] item: Leftovers
|turn|34
|
|switch|p1a: Celebi|Celebi|354\/404
|-damage|p1a: Celebi|287\/404|[from] Spikes
|move|p2a: Landorus-Therian|Earthquake|p1a: Celebi
|-resisted|p1a: Celebi
|-damage|p1a: Celebi|224\/404
|
|-heal|p1a: Celebi|249\/404|[from] item: Leftovers
|-heal|p2a: Landorus-Therian|223\/381|[from] item: Leftovers
|turn|35
|
|move|p1a: Celebi|Giga Drain|p2a: Landorus-Therian
|-damage|p2a: Landorus-Therian|108\/381
|-heal|p1a: Celebi|307\/404|[from] drain|[of] p2a: Landorus-Therian
|move|p2a: Landorus-Therian|U-turn|p1a: Celebi
|-supereffective|p1a: Celebi
|-damage|p1a: Celebi|55\/404
|
|switch|p2a: Beedrill|Beedrill-Mega, F|204\/271
|-damage|p2a: Beedrill|137\/271|[from] Stealth Rock
|
|-heal|p1a: Celebi|80\/404|[from] item: Leftovers
|turn|36
|
|move|p2a: Beedrill|Poison Jab|p1a: Celebi
|-supereffective|p1a: Celebi
|-damage|p1a: Celebi|0 fnt
|faint|p1a: Celebi
|
|
|switch|p1a: Jirachi|Jirachi|160\/341
|-damage|p1a: Jirachi|104\/341|[from] Spikes
|turn|37
|
|move|p1a: Jirachi|Iron Head|p2a: Beedrill
|-damage|p2a: Beedrill|0 fnt
|faint|p2a: Beedrill
|
|
|switch|p2a: Latios|Latios, M|191\/301 tox
|-damage|p2a: Latios|154\/301 tox|[from] Stealth Rock
|turn|38
|
|move|p2a: Latios|Draco Meteor|p1a: Jirachi
|-resisted|p1a: Jirachi
|-damage|p1a: Jirachi|0 fnt
|-unboost|p2a: Latios|spa|2
|faint|p1a: Jirachi
|
|-damage|p2a: Latios|136\/301 tox|[from] psn
|
|switch|p1a: Latios|Latios, M|242\/302
|turn|39
|
|switch|p2a: Landorus-Therian|Landorus-Therian, M|108\/381
|-damage|p2a: Landorus-Therian|61\/381|[from] Stealth Rock
|-ability|p2a: Landorus-Therian|Intimidate|[of] p1a: Latios
|-unboost|p1a: Latios|atk|1
|move|p1a: Latios|Draco Meteor|p2a: Landorus-Therian
|-damage|p2a: Landorus-Therian|0 fnt
|-unboost|p1a: Latios|spa|2
|faint|p2a: Landorus-Therian
|
|
|switch|p2a: Latios|Latios, M|136\/301 tox
|-damage|p2a: Latios|99\/301 tox|[from] Stealth Rock
|turn|40
|
|move|p2a: Latios|Draco Meteor|p1a: Latios|[miss]
|-miss|p2a: Latios|p1a: Latios
|move|p1a: Latios|Draco Meteor|p2a: Latios
|-supereffective|p2a: Latios
|-damage|p2a: Latios|0 fnt
|-unboost|p1a: Latios|spa|2
|faint|p2a: Latios
|
|win|Gumball Gus
|raw|Ladder updating...
|raw|Gumball Gus's rating: 1259 &rarr; <strong>1294<\/strong><br \/>(+35 for winning)
|raw|hammering man's rating: 1415 &rarr; <strong>1386<\/strong><br \/>(-29 for losing)
|c|âGumball Gus|sorry about that
|c|âGumball Gus|gg
|c|âhammering man|gg
|leave|hammering man