|join|hammering man
|join|Guesst_50790
|player|p1|hammering man|277
|player|p2|Guesst_50790|294
|gametype|singles
|gen|6
|tier|OU
|rated
|clearpoke
|poke|p1|Scizor, F
|poke|p1|Gothitelle, M
|poke|p1|Azumarill, M
|poke|p1|Heatran, M
|poke|p1|Raikou
|poke|p1|Landorus-Therian, M
|poke|p2|Politoed, M
|poke|p2|Kabutops, M
|poke|p2|Ferrothorn, M
|poke|p2|Kingdra, F
|poke|p2|Medicham, M
|poke|p2|Tornadus-Therian, M
|rule|Swagger Clause: Swagger is banned
|rule|Baton Pass Clause: Limit one PokÃ©mon knowing Baton Pass
|rule|Sleep Clause Mod: Limit one foe put to sleep
|rule|Species Clause: Limit one of each PokÃ©mon
|rule|OHKO Clause: OHKO moves are banned
|rule|Moody Clause: Moody is banned
|rule|Evasion Moves Clause: Evasion moves are banned
|rule|Endless Battle Clause: Forcing endless battles is banned
|rule|HP Percentage Mod: HP is shown in percentages
|teampreview
|
|start
|switch|p1a: Raikou|Raikou|321\/321
|switch|p2a: Medicham|Medicham, M|261\/261
|-ability|p1a: Raikou|Pressure
|turn|1
|
|detailschange|p2a: Medicham|Medicham-Mega, M
|message|Medicham has Mega Evolved into Mega Medicham!
|move|p1a: Raikou|Volt Switch|p2a: Medicham
|-crit|p2a: Medicham
|-damage|p2a: Medicham|66\/261
|
|switch|p1a: Landorus-Therian|Landorus-Therian, M|381\/381
|-ability|p1a: Landorus-Therian|Intimidate|[of] p2a: Medicham
|-unboost|p2a: Medicham|atk|1
|move|p2a: Medicham|High Jump Kick|p1a: Landorus-Therian
|-resisted|p1a: Landorus-Therian
|-damage|p1a: Landorus-Therian|267\/381
|
|-heal|p1a: Landorus-Therian|290\/381|[from] item: Leftovers
|turn|2
|
|switch|p1a: Scizor|Scizor, F|343\/343
|move|p2a: Medicham|High Jump Kick|p1a: Scizor
|-damage|p1a: Scizor|102\/343
|
|turn|3
|
|switch|p2a: Ferrothorn|Ferrothorn, M|352\/352
|detailschange|p1a: Scizor|Scizor-Mega, F
|message|Scizor has Mega Evolved into Mega Scizor!
|move|p1a: Scizor|Bullet Punch|p2a: Ferrothorn
|-resisted|p2a: Ferrothorn
|-damage|p2a: Ferrothorn|317\/352
|-damage|p1a: Scizor|60\/343|[from] ability: Iron Barbs|[of] p2a: Ferrothorn
|-damage|p1a: Scizor|3\/343|[from] item: Rocky Helmet|[of] p2a: Ferrothorn
|
|turn|4
|
|move|p1a: Scizor|Roost|p1a: Scizor
|-heal|p1a: Scizor|175\/343
|move|p2a: Ferrothorn|Stealth Rock|p1a: Scizor
|-sidestart|p1: hammering man|move: Stealth Rock
|
|turn|5
|
|move|p1a: Scizor|Roost|p1a: Scizor
|-heal|p1a: Scizor|343\/343
|move|p2a: Ferrothorn|Leech Seed|p1a: Scizor
|-start|p1a: Scizor|move: Leech Seed
|
|-damage|p1a: Scizor|301\/343|[from] Leech Seed|[of] p2a: Ferrothorn
|-heal|p2a: Ferrothorn|352\/352|[silent]
|turn|6
|
|switch|p1a: Gothitelle|Gothitelle, M|302\/302
|-damage|p1a: Gothitelle|265\/302|[from] Stealth Rock
|move|p2a: Ferrothorn|Spikes|p1a: Gothitelle
|-sidestart|p1: hammering man|Spikes
|
|turn|7
|
|move|p1a: Gothitelle|Hidden Power|p2a: Ferrothorn
|-supereffective|p2a: Ferrothorn
|-damage|p2a: Ferrothorn|0 fnt
|faint|p2a: Ferrothorn
|
|
|switch|p2a: Politoed|Politoed, M|384\/384
|-weather|RainDance
|turn|8
|
|switch|p1a: Azumarill|Azumarill, M|388\/388
|-damage|p1a: Azumarill|340\/388|[from] Spikes
|-damage|p1a: Azumarill|292\/388|[from] Stealth Rock
|move|p2a: Politoed|Scald|p1a: Azumarill
|-resisted|p1a: Azumarill
|-damage|p1a: Azumarill|242\/388
|-status|p1a: Azumarill|brn
|
|-weather|RainDance|[upkeep]
|-damage|p1a: Azumarill|194\/388 brn|[from] brn
|turn|9
|
|switch|p2a: Tornadus-Therian|Tornadus-Therian, M|299\/299
|move|p1a: Azumarill|Play Rough|p2a: Tornadus-Therian
|-damage|p2a: Tornadus-Therian|179\/299
|
|-weather|RainDance|[upkeep]
|-damage|p1a: Azumarill|146\/388 brn|[from] brn
|turn|10
|
|move|p2a: Tornadus-Therian|Hurricane|p1a: Azumarill
|-damage|p1a: Azumarill|14\/388 brn
|move|p1a: Azumarill|Waterfall|p2a: Tornadus-Therian
|-damage|p2a: Tornadus-Therian|2\/299
|
|-weather|RainDance|[upkeep]
|-damage|p1a: Azumarill|0 fnt|[from] brn
|faint|p1a: Azumarill
|
|switch|p1a: Raikou|Raikou|321\/321
|-damage|p1a: Raikou|281\/321|[from] Spikes
|-damage|p1a: Raikou|241\/321|[from] Stealth Rock
|-ability|p1a: Raikou|Pressure
|turn|11
|
|switch|p2a: Medicham|Medicham-Mega, M|66\/261
|move|p1a: Raikou|Volt Switch|p2a: Medicham
|-damage|p2a: Medicham|0 fnt
|faint|p2a: Medicham
|
|switch|p1a: Scizor|Scizor-Mega, F|301\/343
|-damage|p1a: Scizor|259\/343|[from] Spikes
|-damage|p1a: Scizor|217\/343|[from] Stealth Rock
|
|-weather|RainDance|[upkeep]
|
|switch|p2a: Kingdra|Kingdra, F|291\/291
|turn|12
|
|move|p2a: Kingdra|Hydro Pump|p1a: Scizor
|-damage|p1a: Scizor|0 fnt
|faint|p1a: Scizor
|
|-weather|RainDance|[upkeep]
|-message|hammering man forfeited.
|
|win|Guesst_50790
|raw|Ladder updating...
|leave|hammering man
|player|p1