|join|Sukemon
|join|hammering man
|player|p1|Sukemon|239
|player|p2|hammering man|277
|gametype|singles
|gen|6
|tier|OU
|rated
|clearpoke
|poke|p1|Kyurem-Black
|poke|p1|Mew
|poke|p1|Heatran, M
|poke|p1|Scizor, F, shiny
|poke|p1|Rotom-Wash
|poke|p1|Gliscor, F, shiny
|poke|p2|Breloom, F
|poke|p2|Latias, F
|poke|p2|Mew
|poke|p2|Landorus, M
|poke|p2|Medicham, F
|poke|p2|Heatran, M
|rule|Swagger Clause: Swagger is banned
|rule|Baton Pass Clause: Limit one PokÃ©mon knowing Baton Pass
|rule|Sleep Clause Mod: Limit one foe put to sleep
|rule|Species Clause: Limit one of each PokÃ©mon
|rule|OHKO Clause: OHKO moves are banned
|rule|Moody Clause: Moody is banned
|rule|Evasion Moves Clause: Evasion moves are banned
|rule|Endless Battle Clause: Forcing endless battles is banned
|rule|HP Percentage Mod: HP is shown in percentages
|teampreview
|
|start
|switch|p1a: Fenrir|Gliscor, F, shiny|352\/352
|switch|p2a: Mew|Mew|403\/403
|turn|1
|
|move|p1a: Fenrir|Taunt|p2a: Mew
|-start|p2a: Mew|move: Taunt
|move|p2a: Mew|Knock Off|p1a: Fenrir
|-damage|p1a: Fenrir|296\/352
|-enditem|p1a: Fenrir|Toxic Orb|[from] move: Knock Off|[of] p2a: Mew
|
|turn|2
|
|switch|p2a: Landorus|Landorus, M|319\/319
|move|p1a: Fenrir|Stealth Rock|p2a: Landorus
|-sidestart|p2: hammering man|move: Stealth Rock
|
|turn|3
|
|switch|p1a: Shiva|Rotom-Wash|304\/304
|move|p2a: Landorus|Hidden Power|p1a: Shiva
|-resisted|p1a: Shiva
|-damage|p1a: Shiva|277\/304
|-damage|p2a: Landorus|288\/319|[from] item: Life Orb
|
|-heal|p1a: Shiva|296\/304|[from] item: Leftovers
|turn|4
|
|switch|p2a: Mew|Mew|403\/403
|-damage|p2a: Mew|353\/403|[from] Stealth Rock
|move|p1a: Shiva|Volt Switch|p2a: Mew
|-damage|p2a: Mew|275\/403
|
|switch|p1a: Fenrir|Gliscor, F, shiny|296\/352
|
|-heal|p2a: Mew|300\/403|[from] item: Leftovers
|turn|5
|
|move|p1a: Fenrir|U-turn|p2a: Mew
|-supereffective|p2a: Mew
|-damage|p2a: Mew|190\/403
|
|switch|p1a: Ifrit|Heatran, M|386\/386
|move|p2a: Mew|Will-O-Wisp|p1a: Ifrit
|-start|p1a: Ifrit|ability: Flash Fire
|
|-heal|p2a: Mew|215\/403|[from] item: Leftovers
|turn|6
|
|move|p2a: Mew|Soft-Boiled|p2a: Mew
|-heal|p2a: Mew|403\/403
|move|p1a: Ifrit|Taunt|p2a: Mew
|-start|p2a: Mew|move: Taunt
|
|turn|7
|
|switch|p1a: Fenrir|Gliscor, F, shiny|296\/352
|switch|p2a: Heatran|Heatran, M|385\/385
|-damage|p2a: Heatran|337\/385|[from] Stealth Rock
|
|-heal|p2a: Heatran|361\/385|[from] item: Leftovers
|turn|8
|
|move|p1a: Fenrir|Earthquake|p2a: Heatran
|-supereffective|p2a: Heatran
|-damage|p2a: Heatran|49\/385
|move|p2a: Heatran|Stealth Rock|p1a: Fenrir
|-sidestart|p1: Sukemon|move: Stealth Rock
|
|-heal|p2a: Heatran|73\/385|[from] item: Leftovers
|turn|9
|
|switch|p2a: Landorus|Landorus, M|288\/319
|-damage|p2a: Landorus|249\/319|[from] Stealth Rock
|move|p1a: Fenrir|U-turn|p2a: Landorus
|-resisted|p2a: Landorus
|-damage|p2a: Landorus|219\/319
|
|switch|p1a: Shiva|Rotom-Wash|296\/304
|-damage|p1a: Shiva|258\/304|[from] Stealth Rock
|
|-heal|p1a: Shiva|277\/304|[from] item: Leftovers
|turn|10
|
|switch|p2a: Mew|Mew|403\/403
|-damage|p2a: Mew|353\/403|[from] Stealth Rock
|move|p1a: Shiva|Hydro Pump|p2a: Mew
|-damage|p2a: Mew|235\/403
|
|-heal|p2a: Mew|260\/403|[from] item: Leftovers
|-heal|p1a: Shiva|296\/304|[from] item: Leftovers
|turn|11
|
|switch|p1a: Fenrir|Gliscor, F, shiny|296\/352
|-damage|p1a: Fenrir|252\/352|[from] Stealth Rock
|move|p2a: Mew|Knock Off|p1a: Fenrir
|-damage|p1a: Fenrir|214\/352
|
|-heal|p2a: Mew|285\/403|[from] item: Leftovers
|turn|12
|
|move|p1a: Fenrir|Taunt|p2a: Mew
|-start|p2a: Mew|move: Taunt
|cant|p2a: Mew|move: Taunt|Soft-Boiled
|
|-heal|p2a: Mew|310\/403|[from] item: Leftovers
|turn|13
|
|move|p1a: Fenrir|U-turn|p2a: Mew
|-crit|p2a: Mew
|-supereffective|p2a: Mew
|-damage|p2a: Mew|148\/403
|
|switch|p1a: Odin|Scizor, F, shiny|343\/343
|-damage|p1a: Odin|301\/343|[from] Stealth Rock
|move|p2a: Mew|Knock Off|p1a: Odin
|-damage|p1a: Odin|257\/343
|
|-heal|p2a: Mew|173\/403|[from] item: Leftovers
|turn|14
|
|switch|p2a: Heatran|Heatran, M|73\/385
|-damage|p2a: Heatran|25\/385|[from] Stealth Rock
|detailschange|p1a: Odin|Scizor-Mega, F, shiny
|message|Scizor has Mega Evolved into Mega Scizor!
|move|p1a: Odin|Swords Dance|p1a: Odin
|-boost|p1a: Odin|atk|2
|
|-heal|p2a: Heatran|49\/385|[from] item: Leftovers
|turn|15
|
|move|p1a: Odin|Bullet Punch|p2a: Heatran
|-resisted|p2a: Heatran
|-damage|p2a: Heatran|9\/385
|move|p2a: Heatran|Lava Plume|p1a: Odin
|-supereffective|p1a: Odin
|-damage|p1a: Odin|0 fnt
|faint|p1a: Odin
|
|-heal|p2a: Heatran|33\/385|[from] item: Leftovers
|chat|Sukemon|nice
|chat|Sukemon|+2 44+ Atk Technician Mega Scizor Bullet Punch vs. 248 HP \/ 0 Def Heatran: 49-58 (12.7 - 15%) -- possibly the worst move ever
|
|switch|p1a: Fenrir|Gliscor, F, shiny|214\/352
|-damage|p1a: Fenrir|170\/352|[from] Stealth Rock
|turn|16
|chat|hammering man|i have def investment 
|chat|Sukemon|hence why I said nice
|chat|hammering man|ok
|chat|Sukemon|because I calced for no defense
|
|move|p1a: Fenrir|Earthquake|p2a: Heatran
|-supereffective|p2a: Heatran
|-damage|p2a: Heatran|0 fnt
|faint|p2a: Heatran
|
|
|switch|p2a: Medicham|Medicham, F|261\/261
|-damage|p2a: Medicham|245\/261|[from] Stealth Rock
|turn|17
|
|switch|p1a: Carbuncle|Mew|404\/404
|-damage|p1a: Carbuncle|354\/404|[from] Stealth Rock
|detailschange|p2a: Medicham|Medicham-Mega, F
|message|Medicham has Mega Evolved into Mega Medicham!
|move|p2a: Medicham|Substitute|p2a: Medicham
|-start|p2a: Medicham|Substitute
|-damage|p2a: Medicham|180\/261
|
|-heal|p1a: Carbuncle|379\/404|[from] item: Leftovers
|turn|18
|
|move|p2a: Medicham|Ice Punch|p1a: Carbuncle
|-damage|p1a: Carbuncle|238\/404
|move|p1a: Carbuncle|Knock Off|p2a: Medicham
|-activate|p2a: Medicham|Substitute|[damage]
|
|-heal|p1a: Carbuncle|263\/404|[from] item: Leftovers
|turn|19
|
|move|p2a: Medicham|Ice Punch|p1a: Carbuncle
|-damage|p1a: Carbuncle|107\/404
|move|p1a: Carbuncle|Roost|p1a: Carbuncle
|-heal|p1a: Carbuncle|309\/404
|
|-heal|p1a: Carbuncle|334\/404|[from] item: Leftovers
|turn|20
|
|move|p2a: Medicham|High Jump Kick|p1a: Carbuncle|[miss]
|-miss|p2a: Medicham|p1a: Carbuncle
|-damage|p2a: Medicham|50\/261|[from] highjumpkick
|move|p1a: Carbuncle|Roost|p1a: Carbuncle
|-heal|p1a: Carbuncle|404\/404
|
|turn|21
|
|move|p2a: Medicham|High Jump Kick|p1a: Carbuncle
|-resisted|p1a: Carbuncle
|-damage|p1a: Carbuncle|211\/404
|move|p1a: Carbuncle|Knock Off|p2a: Medicham
|-end|p2a: Medicham|Substitute
|
|-heal|p1a: Carbuncle|236\/404|[from] item: Leftovers
|turn|22
|
|switch|p2a: Landorus|Landorus, M|219\/319
|-damage|p2a: Landorus|180\/319|[from] Stealth Rock
|move|p1a: Carbuncle|Roost|p1a: Carbuncle
|-heal|p1a: Carbuncle|404\/404
|
|turn|23
|
|switch|p1a: Shiva|Rotom-Wash|296\/304
|-damage|p1a: Shiva|258\/304|[from] Stealth Rock
|move|p2a: Landorus|Earth Power|p1a: Shiva
|-immune|p1a: Shiva|[msg]
|
|-heal|p1a: Shiva|277\/304|[from] item: Leftovers
|turn|24
|
|switch|p2a: Latias|Latias, F|320\/320
|-damage|p2a: Latias|280\/320|[from] Stealth Rock
|move|p1a: Shiva|Volt Switch|p2a: Latias
|-resisted|p2a: Latias
|-damage|p2a: Latias|244\/320
|
|switch|p1a: Bahamut|Kyurem-Black|391\/391
|-damage|p1a: Bahamut|294\/391|[from] Stealth Rock
|-ability|p1a: Bahamut|Teravolt
|
|turn|25
|
|move|p1a: Bahamut|Outrage|p2a: Latias
|-supereffective|p2a: Latias
|-damage|p2a: Latias|0 fnt
|faint|p2a: Latias
|
|
|switch|p2a: Breloom|Breloom, F|261\/261
|-damage|p2a: Breloom|245\/261|[from] Stealth Rock
|turn|26
|
|move|p2a: Breloom|Mach Punch|p1a: Bahamut
|-supereffective|p1a: Bahamut
|-damage|p1a: Bahamut|66\/391
|move|p1a: Bahamut|Outrage|p2a: Breloom
|-damage|p2a: Breloom|0 fnt
|faint|p2a: Breloom
|
|-end|p1a: Bahamut|rampage
|-start|p1a: Bahamut|confusion
|
|switch|p2a: Medicham|Medicham-Mega, F|50\/261
|-damage|p2a: Medicham|34\/261|[from] Stealth Rock
|turn|27
|
|switch|p1a: Carbuncle|Mew|404\/404
|-damage|p1a: Carbuncle|354\/404|[from] Stealth Rock
|move|p2a: Medicham|High Jump Kick|p1a: Carbuncle|[miss]
|-miss|p2a: Medicham|p1a: Carbuncle
|-damage|p2a: Medicham|0 fnt|[from] highjumpkick
|faint|p2a: Medicham
|
|-heal|p1a: Carbuncle|379\/404|[from] item: Leftovers
|-message|hammering man forfeited.
|
|win|Sukemon
|raw|Ladder updating...
|chat|Sukemon|sorry :(
|leave|hammering man
|player|p2
|raw|Sukemon's rating: 1705 &rarr; <strong>1722<\/strong><br \/>(+17 for winning)
|raw|hammering man's rating: 1649 &rarr; <strong>1632<\/strong><br \/>(-17 for losing)