|join|Dragonuser Lance
|join|Hammering Man
|player|p1|Dragonuser Lance|153
|player|p2|Hammering Man|157
|gametype|singles
|gen|6
|tier|OU
|rated
|clearpoke
|poke|p1|Magnezone
|poke|p1|Scizor, F
|poke|p1|Latias, F
|poke|p1|Kyurem-Black
|poke|p1|Aerodactyl, M
|poke|p1|Azumarill, F
|poke|p2|Tyranitar, M
|poke|p2|Excadrill, M
|poke|p2|Talonflame, M
|poke|p2|Azumarill, F
|poke|p2|Ferrothorn, F
|poke|p2|Magnezone
|rule|Swagger Clause: Swagger is banned
|rule|Baton Pass Clause: Limit one PokÃ©mon knowing Baton Pass
|rule|Sleep Clause Mod: Limit one foe put to sleep
|rule|Species Clause: Limit one of each PokÃ©mon
|rule|OHKO Clause: OHKO moves are banned
|rule|Moody Clause: Moody is banned
|rule|Evasion Moves Clause: Evasion moves are banned
|rule|Endless Battle Clause: Forcing endless battles is banned
|rule|HP Percentage Mod: HP is shown in percentages
|teampreview
|
|start
|switch|p1a: Aerodactyl|Aerodactyl, M|301\/301
|switch|p2a: Azumarill|Azumarill, F|403\/403
|-ability|p1a: Aerodactyl|Unnerve|p2: Hammering Man
|turn|1
|
|switch|p2a: Magnezone|Magnezone|312\/312
|move|p1a: Aerodactyl|Stealth Rock|p2a: Magnezone
|-sidestart|p2: Hammering Man|move: Stealth Rock
|
|turn|2
|
|move|p1a: Aerodactyl|Earthquake|p2a: Magnezone
|-supereffective|p2a: Magnezone
|-damage|p2a: Magnezone|0 fnt
|faint|p2a: Magnezone
|
|
|switch|p2a: Ferrothorn|Ferrothorn, F|352\/352
|-damage|p2a: Ferrothorn|330\/352|[from] Stealth Rock
|turn|3
|
|move|p1a: Aerodactyl|Taunt|p2a: Ferrothorn
|-start|p2a: Ferrothorn|move: Taunt
|cant|p2a: Ferrothorn|move: Taunt|Leech Seed
|
|-heal|p2a: Ferrothorn|352\/352|[from] item: Leftovers
|turn|4
|join|fev'
|
|move|p1a: Aerodactyl|Earthquake|p2a: Ferrothorn
|-damage|p2a: Ferrothorn|275\/352
|move|p2a: Ferrothorn|Gyro Ball|p1a: Aerodactyl
|-supereffective|p1a: Aerodactyl
|-enditem|p1a: Aerodactyl|Focus Sash
|-damage|p1a: Aerodactyl|1\/301
|
|-heal|p2a: Ferrothorn|297\/352|[from] item: Leftovers
|turn|5
|
|switch|p2a: Azumarill|Azumarill, F|403\/403
|-damage|p2a: Azumarill|353\/403|[from] Stealth Rock
|move|p1a: Aerodactyl|Earthquake|p2a: Azumarill
|-damage|p2a: Azumarill|237\/403
|
|turn|6
|
|move|p2a: Azumarill|Aqua Jet|p1a: Aerodactyl
|-supereffective|p1a: Aerodactyl
|-damage|p1a: Aerodactyl|0 fnt
|faint|p1a: Aerodactyl
|
|
|switch|p1a: Kyurem-Black|Kyurem-Black|391\/391
|-ability|p1a: Kyurem-Black|Teravolt
|turn|7
|join|lil manaphy
|
|move|p1a: Kyurem-Black|Fusion Bolt|p2a: Azumarill
|-supereffective|p2a: Azumarill
|-damage|p2a: Azumarill|0 fnt
|-damage|p1a: Kyurem-Black|352\/391|[from] item: Life Orb
|faint|p2a: Azumarill
|
|
|switch|p2a: Ferrothorn|Ferrothorn, F|297\/352
|-damage|p2a: Ferrothorn|275\/352|[from] Stealth Rock
|turn|8
|join|Laschero
|
|switch|p1a: Magnezone|Magnezone|282\/282
|move|p2a: Ferrothorn|Stealth Rock|p1a: Magnezone
|-sidestart|p1: Dragonuser Lance|move: Stealth Rock
|
|-heal|p2a: Ferrothorn|297\/352|[from] item: Leftovers
|turn|9
|
|move|p1a: Magnezone|Hidden Power|p2a: Ferrothorn
|-supereffective|p2a: Ferrothorn
|-damage|p2a: Ferrothorn|77\/352
|move|p2a: Ferrothorn|Leech Seed|p1a: Magnezone|[miss]
|-miss|p2a: Ferrothorn|p1a: Magnezone
|
|-heal|p2a: Ferrothorn|99\/352|[from] item: Leftovers
|turn|10
|
|move|p1a: Magnezone|Hidden Power|p2a: Ferrothorn
|-supereffective|p2a: Ferrothorn
|-damage|p2a: Ferrothorn|0 fnt
|faint|p2a: Ferrothorn
|
|
|switch|p2a: Tyranitar|Tyranitar, M|341\/341
|-damage|p2a: Tyranitar|299\/341|[from] Stealth Rock
|-weather|Sandstorm
|turn|11
|join|LardTruffles
|
|switch|p1a: Azumarill|Azumarill, F|364\/364
|-damage|p1a: Azumarill|319\/364|[from] Stealth Rock
|detailschange|p2a: Tyranitar|Tyranitar-Mega, M
|message|Tyranitar has Mega Evolved into Mega Tyranitar!
|move|p2a: Tyranitar|Dragon Dance|p2a: Tyranitar
|-boost|p2a: Tyranitar|atk|1
|-boost|p2a: Tyranitar|spe|1
|
|-weather|Sandstorm|[upkeep]
|-damage|p1a: Azumarill|297\/364|[from] sandstorm
|turn|12
|join|G123Rocks
|leave|G123Rocks
|
|move|p2a: Tyranitar|Stone Edge|p1a: Azumarill
|-damage|p1a: Azumarill|0 fnt
|faint|p1a: Azumarill
|
|-weather|Sandstorm|[upkeep]
|
|switch|p1a: Scizor|Scizor, F|281\/281
|-damage|p1a: Scizor|246\/281|[from] Stealth Rock
|turn|13
|
|detailschange|p1a: Scizor|Scizor-Mega, F
|message|Scizor has Mega Evolved into Mega Scizor!
|move|p1a: Scizor|Bullet Punch|p2a: Tyranitar
|-supereffective|p2a: Tyranitar
|-damage|p2a: Tyranitar|123\/341
|move|p2a: Tyranitar|Stone Edge|p1a: Scizor
|-damage|p1a: Scizor|26\/281
|
|-weather|Sandstorm|[upkeep]
|turn|14
|
|switch|p2a: Excadrill|Excadrill, M|361\/361
|-damage|p2a: Excadrill|350\/361|[from] Stealth Rock
|move|p1a: Scizor|Bullet Punch|p2a: Excadrill
|-resisted|p2a: Excadrill
|-damage|p2a: Excadrill|258\/361
|
|-weather|Sandstorm|[upkeep]
|turn|15
|
|move|p2a: Excadrill|Iron Head|p1a: Scizor
|-resisted|p1a: Scizor
|-damage|p1a: Scizor|0 fnt
|-damage|p2a: Excadrill|222\/361|[from] item: Life Orb
|faint|p1a: Scizor
|
|-weather|none
|leave|LardTruffles
|
|switch|p1a: Magnezone|Magnezone|282\/282
|-damage|p1a: Magnezone|265\/282|[from] Stealth Rock
|turn|16
|
|move|p1a: Magnezone|Hidden Power|p2a: Excadrill
|-supereffective|p2a: Excadrill
|-damage|p2a: Excadrill|34\/361
|move|p2a: Excadrill|Earthquake|p1a: Magnezone
|-supereffective|p1a: Magnezone
|-damage|p1a: Magnezone|0 fnt
|-damage|p2a: Excadrill|0 fnt|[from] item: Life Orb
|faint|p1a: Magnezone
|faint|p2a: Excadrill
|
|
|switch|p1a: Kyurem-Black|Kyurem-Black|352\/391
|-damage|p1a: Kyurem-Black|255\/391|[from] Stealth Rock
|switch|p2a: Tyranitar|Tyranitar-Mega, M|123\/341
|-damage|p2a: Tyranitar|81\/341|[from] Stealth Rock
|-ability|p1a: Kyurem-Black|Teravolt
|-weather|Sandstorm
|turn|17
|join|ELLIE HAZARD
|
|move|p1a: Kyurem-Black|Iron Head|p2a: Tyranitar
|-supereffective|p2a: Tyranitar
|-damage|p2a: Tyranitar|0 fnt
|-damage|p1a: Kyurem-Black|216\/391|[from] item: Life Orb
|faint|p2a: Tyranitar
|
|-weather|Sandstorm|[upkeep]
|-damage|p1a: Kyurem-Black|192\/391|[from] sandstorm
|
|switch|p2a: Talonflame|Talonflame, M|319\/319
|-damage|p2a: Talonflame|160\/319|[from] Stealth Rock
|turn|18
|
|move|p2a: Talonflame|Brave Bird|p1a: Kyurem-Black
|-damage|p1a: Kyurem-Black|0 fnt
|-damage|p2a: Talonflame|97\/319|[from] recoil|[of] p1a: Kyurem-Black
|faint|p1a: Kyurem-Black
|
|-weather|Sandstorm|[upkeep]
|-damage|p2a: Talonflame|78\/319|[from] sandstorm
|
|switch|p1a: Latias|Latias, F|301\/301
|-damage|p1a: Latias|264\/301|[from] Stealth Rock
|turn|19
|
|move|p2a: Talonflame|Brave Bird|p1a: Latias
|-damage|p1a: Latias|50\/301
|-damage|p2a: Talonflame|7\/319|[from] recoil|[of] p1a: Latias
|move|p1a: Latias|Psyshock|p2a: Talonflame
|-damage|p2a: Talonflame|0 fnt
|-damage|p1a: Latias|20\/301|[from] item: Life Orb
|faint|p2a: Talonflame
|
|win|Dragonuser Lance
|raw|Ladder updating...
|raw|Dragonuser Lance's rating: 1762 &rarr; <strong>1779<\/strong><br \/>(+17 for winning)
|raw|Hammering Man's rating: 1710 &rarr; <strong>1693<\/strong><br \/>(-17 for losing)
|c|âHammering Man|gg
|leave|ELLIE HAZARD
|c|âDragonuser Lance|gg
|leave|fev'
|leave|Hammering Man
|player|p2
|leave|lil manaphy
|leave|Laschero