|join|MoB Barley
|join|hammering man
|join|chomperstomper
|player|p1|MoB Barley|161
|player|p2|hammering man|285
|gametype|singles
|gen|6
|tier|OU
|rated
|clearpoke
|poke|p1|Victini
|poke|p1|Keldeo-Resolute
|poke|p1|Bisharp, M, shiny
|poke|p1|Lopunny, F, shiny
|poke|p1|Azumarill, M
|poke|p1|Latios, M
|poke|p2|Lopunny, F
|poke|p2|Landorus, M
|poke|p2|Heatran, M
|poke|p2|Slowbro, M
|poke|p2|Latios, M
|poke|p2|Bisharp, M
|rule|Swagger Clause: Swagger is banned
|rule|Baton Pass Clause: Limit one PokÃ©mon knowing Baton Pass
|rule|Sleep Clause Mod: Limit one foe put to sleep
|rule|Species Clause: Limit one of each PokÃ©mon
|rule|OHKO Clause: OHKO moves are banned
|rule|Moody Clause: Moody is banned
|rule|Evasion Moves Clause: Evasion moves are banned
|rule|Endless Battle Clause: Forcing endless battles is banned
|rule|HP Percentage Mod: HP is shown in percentages
|teampreview
|join|Time Stall
|c| Time Stall|yo
|join|jake5
|join|Arcanine is Regal
|join|cosine180
|join|AlbertDaEinstein
|join|pepe g.
|leave|pepe g.
|c| cosine180|aids matchup,,
|c| cosine180|for mob
|c| jake5|shame that punny gets walled by any phy wall but rek ho
|leave|Time Stall
|join|I'm Bi...sharp
|join|Agilis
|
|start
|switch|p1a: Playboy|Lopunny, F, shiny|271\/271
|switch|p2a: Lopunny|Lopunny, F|271\/271
|turn|1
|c| Agilis|That is why Lopunny + Manaphy is a thing.
|join|Fabio96
|
|detailschange|p1a: Playboy|Lopunny-Mega, F, shiny
|-mega|p1a: Playboy|Lopunny|Lopunnite
|detailschange|p2a: Lopunny|Lopunny-Mega, F
|-mega|p2a: Lopunny|Lopunny|Lopunnite
|move|p1a: Playboy|Fake Out|p2a: Lopunny
|-damage|p2a: Lopunny|198\/271
|cant|p2a: Lopunny|flinch
|
|turn|2
|join|RayDalio
|leave|Fabio96
|
|switch|p2a: Slowbro|Slowbro, M|394\/394
|move|p1a: Playboy|High Jump Kick|p2a: Slowbro
|-resisted|p2a: Slowbro
|-damage|p2a: Slowbro|319\/394
|
|-heal|p2a: Slowbro|343\/394|[from] item: Leftovers
|turn|3
|join|rumkugeln
|c| cosine180|lopunny + gengar is so good o.O
|c| Arcanine is Regal|gengar is so good
|c| jake5|^
|
|switch|p1a: Destructo Disc|Victini|341\/341
|move|p2a: Slowbro|Thunder Wave|p1a: Destructo Disc
|-status|p1a: Destructo Disc|par
|
|-heal|p2a: Slowbro|367\/394|[from] item: Leftovers
|turn|4
|c|âMoB Barley|gengar smashes fable+slowbro
|c| cosine180|yup
|
|switch|p2a: Heatran|Heatran, M|386\/386
|move|p1a: Destructo Disc|Trick|p2a: Heatran
|-activate|p1a: Destructo Disc|move: Trick|[of] p2a: Heatran
|-item|p2a: Heatran|Choice Band|[from] move: Trick
|-item|p1a: Destructo Disc|Leftovers|[from] move: Trick
|
|turn|5
|join|Sober Thoughts
|c| jake5|and hardyl anything on balanced can switch into it
|c| cosine180|and switches into any move scarflando goes for vs lopunny
|join|Omegasization
|
|switch|p1a: AC130|Latios, M|301\/301
|move|p2a: Heatran|Stealth Rock|p1a: AC130
|-sidestart|p1: MoB Barley|move: Stealth Rock
|
|turn|6
|c| jake5|probably but its gonna u-turn most of the time anyway
|c| jake5|so doesnt really matter
|
|switch|p2a: Bisharp|Bisharp, M|290\/290
|move|p1a: AC130|Earthquake|p2a: Bisharp
|-supereffective|p2a: Bisharp
|-damage|p2a: Bisharp|111\/290
|-damage|p1a: AC130|271\/301|[from] item: Life Orb
|
|turn|7
|
|move|p2a: Bisharp|Sucker Punch|p1a: AC130
|-fail|p1a: AC130
|move|p1a: AC130|Defog|p2a: Bisharp
|-unboost|p2a: Bisharp|evasion|1
|-boost|p2a: Bisharp|atk|2|[from] ability: Defiant
|-sideend|p1: MoB Barley|Stealth Rock|[from] move: Defog|[of] p1a: AC130
|
|turn|8
|c| Agilis|lol
|c| jake5|it doesnt matter
|c| cosine180|pursuit
|c| cosine180|gogogo
|
|switch|p1a: Playboy|Lopunny-Mega, F, shiny|271\/271
|move|p2a: Bisharp|Sucker Punch|p1a: Playboy
|-fail|p1a: Playboy
|
|turn|9
|join|hashtag fabulous
|
|switch|p2a: Slowbro|Slowbro, M|394\/394
|move|p1a: Playboy|Fake Out|p2a: Slowbro
|-crit|p2a: Slowbro
|-damage|p2a: Slowbro|316\/394
|
|-heal|p2a: Slowbro|340\/394|[from] item: Leftovers
|turn|10
|
|switch|p1a: AC130|Latios, M|271\/301
|switch|p2a: Lopunny|Lopunny-Mega, F|198\/271
|
|turn|11
|
|switch|p1a: Destructo Disc|Victini|341\/341 par
|move|p2a: Lopunny|Fake Out|p1a: Destructo Disc
|-damage|p1a: Destructo Disc|265\/341 par
|
|-heal|p1a: Destructo Disc|286\/341 par|[from] item: Leftovers
|turn|12
|
|switch|p2a: Heatran|Heatran, M|386\/386
|move|p1a: Destructo Disc|Bolt Strike|p2a: Heatran
|-damage|p2a: Heatran|240\/386
|
|-heal|p1a: Destructo Disc|307\/341 par|[from] item: Leftovers
|turn|13
|leave|Sober Thoughts
|leave|Arcanine is Regal
|
|switch|p1a: AC130|Latios, M|271\/301
|move|p2a: Heatran|Stealth Rock|p1a: AC130
|-sidestart|p1: MoB Barley|move: Stealth Rock
|
|turn|14
|
|move|p1a: AC130|Defog|p2a: Heatran
|-unboost|p2a: Heatran|evasion|1
|-sideend|p1: MoB Barley|Stealth Rock|[from] move: Defog|[of] p1a: AC130
|move|p2a: Heatran|Stealth Rock|p1a: AC130
|-sidestart|p1: MoB Barley|move: Stealth Rock
|
|turn|15
|
|move|p1a: AC130|Defog|p2a: Heatran
|-unboost|p2a: Heatran|evasion|1
|-sideend|p1: MoB Barley|Stealth Rock|[from] move: Defog|[of] p1a: AC130
|move|p2a: Heatran|Stealth Rock|p1a: AC130
|-sidestart|p1: MoB Barley|move: Stealth Rock
|
|turn|16
|
|move|p1a: AC130|Earthquake|p2a: Heatran
|-supereffective|p2a: Heatran
|-damage|p2a: Heatran|0 fnt
|-damage|p1a: AC130|241\/301|[from] item: Life Orb
|faint|p2a: Heatran
|
|
|switch|p2a: Lopunny|Lopunny-Mega, F|198\/271
|turn|17
|
|switch|p1a: Destructo Disc|Victini|307\/341 par
|-damage|p1a: Destructo Disc|222\/341 par|[from] Stealth Rock
|move|p2a: Lopunny|Fake Out|p1a: Destructo Disc
|-damage|p1a: Destructo Disc|155\/341 par
|
|-heal|p1a: Destructo Disc|176\/341 par|[from] item: Leftovers
|turn|18
|leave|Omegasization
|join|ugotslowbro'ed
|
|switch|p2a: Landorus|Landorus, M|319\/319
|move|p1a: Destructo Disc|Bolt Strike|p2a: Landorus
|-immune|p2a: Landorus|[msg]
|
|-heal|p1a: Destructo Disc|197\/341 par|[from] item: Leftovers
|turn|19
|
|switch|p2a: Lopunny|Lopunny-Mega, F|198\/271
|cant|p1a: Destructo Disc|par
|
|-heal|p1a: Destructo Disc|218\/341 par|[from] item: Leftovers
|turn|20
|
|switch|p1a: Pwny|Keldeo-Resolute|323\/323
|-damage|p1a: Pwny|303\/323|[from] Stealth Rock
|move|p2a: Lopunny|Fake Out|p1a: Pwny
|-damage|p1a: Pwny|224\/323
|
|turn|21
|
|switch|p2a: Latios|Latios, M|301\/301
|move|p1a: Pwny|Scald|p2a: Latios
|-resisted|p2a: Latios
|-damage|p2a: Latios|235\/301
|-status|p2a: Latios|brn
|
|-damage|p2a: Latios|198\/301 brn|[from] brn
|turn|22
|
|switch|p1a: Destructo Disc|Victini|218\/341 par
|-damage|p1a: Destructo Disc|133\/341 par|[from] Stealth Rock
|switch|p2a: Lopunny|Lopunny-Mega, F|198\/271
|
|-heal|p1a: Destructo Disc|154\/341 par|[from] item: Leftovers
|turn|23
|
|move|p2a: Lopunny|Return|p1a: Destructo Disc
|-damage|p1a: Destructo Disc|0 fnt
|faint|p1a: Destructo Disc
|
|
|switch|p1a: Water Bomb|Azumarill, M|360\/360
|-damage|p1a: Water Bomb|315\/360|[from] Stealth Rock
|turn|24
|join|Panda Problems
|leave|Panda Problems
|join|PhobiaBB
|
|move|p2a: Lopunny|Return|p1a: Water Bomb
|-damage|p1a: Water Bomb|69\/360
|-enditem|p1a: Water Bomb|Sitrus Berry|[eat]
|-heal|p1a: Water Bomb|159\/360|[from] item: Sitrus Berry
|move|p1a: Water Bomb|Play Rough|p2a: Lopunny
|-supereffective|p2a: Lopunny
|-damage|p2a: Lopunny|0 fnt
|faint|p2a: Lopunny
|
|
|switch|p2a: Latios|Latios, M|198\/301 brn
|turn|25
|
|switch|p1a: AC130|Latios, M|241\/301
|-damage|p1a: AC130|204\/301|[from] Stealth Rock
|move|p2a: Latios|Psyshock|p1a: AC130
|-resisted|p1a: AC130
|-damage|p1a: AC130|90\/301
|-damage|p2a: Latios|168\/301 brn|[from] item: Life Orb
|
|-damage|p2a: Latios|131\/301 brn|[from] brn
|turn|26
|join|Pure Demize
|leave|Pure Demize
|c|âMoB Barley|idk why i did that
|c|âMoB Barley|I'm just blit so
|c|âMoB Barley|if ur wondering
|
|switch|p1a: Water Bomb|Azumarill, M|159\/360
|-damage|p1a: Water Bomb|114\/360|[from] Stealth Rock
|move|p2a: Latios|Draco Meteor|p1a: Water Bomb
|-immune|p1a: Water Bomb|[msg]
|
|-damage|p2a: Latios|94\/301 brn|[from] brn
|turn|27
|
|move|p1a: Water Bomb|Aqua Jet|p2a: Latios
|-resisted|p2a: Latios
|-damage|p2a: Latios|40\/301 brn
|move|p2a: Latios|Psyshock|p1a: Water Bomb
|-damage|p1a: Water Bomb|0 fnt
|-damage|p2a: Latios|10\/301 brn|[from] item: Life Orb
|faint|p1a: Water Bomb
|
|-damage|p2a: Latios|0 fnt|[from] brn
|faint|p2a: Latios
|join|TheLegendOfKiller
|leave|cosine180
|
|switch|p1a: Pwny|Keldeo-Resolute|224\/323
|switch|p2a: Bisharp|Bisharp, M|111\/290
|-damage|p1a: Pwny|204\/323|[from] Stealth Rock
|turn|28
|leave|PhobiaBB
|
|switch|p1a: AC130|Latios, M|90\/301
|-damage|p1a: AC130|53\/301|[from] Stealth Rock
|switch|p2a: Slowbro|Slowbro, M|394\/394
|
|turn|29
|join|1017GUWOP
|
|switch|p2a: Bisharp|Bisharp, M|111\/290
|move|p1a: AC130|Defog|p2a: Bisharp
|-unboost|p2a: Bisharp|evasion|1
|-boost|p2a: Bisharp|atk|2|[from] ability: Defiant
|-sideend|p1: MoB Barley|Stealth Rock|[from] move: Defog|[of] p1a: AC130
|
|turn|30
|leave|TheLegendOfKiller
|
|switch|p1a: Playboy|Lopunny-Mega, F, shiny|271\/271
|move|p2a: Bisharp|Iron Head|p1a: Playboy
|-damage|p1a: Playboy|0 fnt
|faint|p1a: Playboy
|
|
|switch|p1a: Pwny|Keldeo-Resolute|204\/323
|turn|31
|join|TheLegendOfKiller
|
|switch|p2a: Slowbro|Slowbro, M|394\/394
|move|p1a: Pwny|Scald|p2a: Slowbro
|-resisted|p2a: Slowbro
|-damage|p2a: Slowbro|302\/394
|-status|p2a: Slowbro|brn
|
|-heal|p2a: Slowbro|326\/394 brn|[from] item: Leftovers
|-damage|p2a: Slowbro|277\/394 brn|[from] brn
|turn|32
|
|switch|p1a: Prioritize|Bisharp, M, shiny|271\/271
|move|p2a: Slowbro|Scald|p1a: Prioritize
|-damage|p1a: Prioritize|145\/271
|
|-heal|p2a: Slowbro|301\/394 brn|[from] item: Leftovers
|-damage|p2a: Slowbro|252\/394 brn|[from] brn
|turn|33
|join|iplaytennislol
|
|move|p1a: Prioritize|Knock Off|p2a: Slowbro
|-supereffective|p2a: Slowbro
|-damage|p2a: Slowbro|0 fnt
|-enditem|p2a: Slowbro|Leftovers|[from] move: Knock Off|[of] p1a: Prioritize
|faint|p2a: Slowbro
|
|
|switch|p2a: Landorus|Landorus, M|319\/319
|turn|34
|
|move|p2a: Landorus|Calm Mind|p2a: Landorus
|-boost|p2a: Landorus|spa|1
|-boost|p2a: Landorus|spd|1
|move|p1a: Prioritize|Knock Off|p2a: Landorus
|-damage|p2a: Landorus|133\/319
|-enditem|p2a: Landorus|Life Orb|[from] move: Knock Off|[of] p1a: Prioritize
|
|turn|35
|-message|hammering man forfeited.
|leave|hammering man
|c| iplaytennislol|rip
|
|win|MoB Barley
|raw|Ladder updating...
|player|p2
|raw|MoB Barley's rating: 1787 &rarr; <strong>1798<\/strong><br \/>(+11 for winning)
|raw|hammering man's rating: 1605 &rarr; <strong>1595<\/strong><br \/>(-10 for losing)