|join|ForgottenGreninja
|join|hammering man
|player|p1|ForgottenGreninja|169
|player|p2|hammering man|285
|gametype|singles
|gen|6
|tier|OU
|rated
|clearpoke
|poke|p1|Serperior, F
|poke|p1|Slowbro, F
|poke|p1|Jirachi
|poke|p1|Azelf
|poke|p1|Terrakion
|poke|p1|Rotom-Wash
|poke|p2|Raikou, shiny
|poke|p2|Scizor, M
|poke|p2|Keldeo-Resolute
|poke|p2|Azumarill, M
|poke|p2|Landorus-Therian, M
|poke|p2|Dragonite, F
|rule|Swagger Clause: Swagger is banned
|rule|Baton Pass Clause: Limit one PokÃ©mon knowing Baton Pass
|rule|Sleep Clause Mod: Limit one foe put to sleep
|rule|Species Clause: Limit one of each PokÃ©mon
|rule|OHKO Clause: OHKO moves are banned
|rule|Moody Clause: Moody is banned
|rule|Evasion Moves Clause: Evasion moves are banned
|rule|Endless Battle Clause: Forcing endless battles is banned
|rule|HP Percentage Mod: HP is shown in percentages
|teampreview
|
|start
|switch|p1a: Azelf|Azelf|292\/292
|switch|p2a: Landorus-Therian|Landorus-Therian, M|382\/382
|-ability|p2a: Landorus-Therian|Intimidate|[of] p1a: Azelf
|-unboost|p1a: Azelf|atk|1
|turn|1
|
|move|p1a: Azelf|Taunt|p2a: Landorus-Therian
|-start|p2a: Landorus-Therian|move: Taunt
|move|p2a: Landorus-Therian|U-turn|p1a: Azelf
|-supereffective|p1a: Azelf
|-damage|p1a: Azelf|78\/292
|
|switch|p2a: Scizor|Scizor, M|343\/343
|
|turn|2
|
|switch|p1a: Rotom-Wash|Rotom-Wash|304\/304
|detailschange|p2a: Scizor|Scizor-Mega, M
|-mega|p2a: Scizor|Scizor|Scizorite
|move|p2a: Scizor|Bullet Punch|p1a: Rotom-Wash
|-crit|p1a: Rotom-Wash
|-resisted|p1a: Rotom-Wash
|-damage|p1a: Rotom-Wash|279\/304
|
|-heal|p1a: Rotom-Wash|298\/304|[from] item: Leftovers
|turn|3
|
|move|p1a: Rotom-Wash|Will-O-Wisp|p2a: Scizor
|-status|p2a: Scizor|brn
|move|p2a: Scizor|U-turn|p1a: Rotom-Wash
|-damage|p1a: Rotom-Wash|258\/304
|
|switch|p2a: Raikou|Raikou, shiny|321\/321
|-ability|p2a: Raikou|Pressure
|
|-heal|p1a: Rotom-Wash|277\/304|[from] item: Leftovers
|turn|4
|
|move|p2a: Raikou|Thunderbolt|p1a: Rotom-Wash
|-damage|p1a: Rotom-Wash|76\/304
|move|p1a: Rotom-Wash|Volt Switch|p2a: Raikou
|-resisted|p2a: Raikou
|-damage|p2a: Raikou|282\/321
|
|switch|p1a: Serperior|Serperior, F|292\/292
|
|turn|5
|
|switch|p2a: Scizor|Scizor-Mega, M|343\/343 brn
|move|p1a: Serperior|Leaf Storm|p2a: Scizor|[miss]
|-miss|p1a: Serperior|p2a: Scizor
|
|-damage|p2a: Scizor|301\/343 brn|[from] brn
|turn|6
|
|switch|p1a: Rotom-Wash|Rotom-Wash|76\/304
|move|p2a: Scizor|U-turn|p1a: Rotom-Wash
|-damage|p1a: Rotom-Wash|34\/304
|
|switch|p2a: Raikou|Raikou, shiny|282\/321
|-ability|p2a: Raikou|Pressure
|
|-heal|p1a: Rotom-Wash|53\/304|[from] item: Leftovers
|turn|7
|
|move|p2a: Raikou|Volt Switch|p1a: Rotom-Wash
|-damage|p1a: Rotom-Wash|0 fnt
|faint|p1a: Rotom-Wash
|
|switch|p2a: Dragonite|Dragonite, F|323\/323
|
|
|switch|p1a: Slowbro|Slowbro, F|394\/394
|turn|8
|
|switch|p2a: Raikou|Raikou, shiny|282\/321
|-ability|p2a: Raikou|Pressure
|detailschange|p1a: Slowbro|Slowbro-Mega, F
|-mega|p1a: Slowbro|Slowbro|Slowbronite
|move|p1a: Slowbro|Scald|p2a: Raikou
|-damage|p2a: Raikou|120\/321
|
|turn|9
|
|switch|p1a: Serperior|Serperior, F|292\/292
|move|p2a: Raikou|Thunderbolt|p1a: Serperior
|-resisted|p1a: Serperior
|-damage|p1a: Serperior|175\/292
|
|turn|10
|
|switch|p2a: Scizor|Scizor-Mega, M|301\/343 brn
|move|p1a: Serperior|Leaf Storm|p2a: Scizor
|-resisted|p2a: Scizor
|-damage|p2a: Scizor|263\/343 brn
|-boost|p1a: Serperior|spa|2
|
|-damage|p2a: Scizor|221\/343 brn|[from] brn
|turn|11
|
|move|p1a: Serperior|Giga Drain|p2a: Scizor
|-resisted|p2a: Scizor
|-damage|p2a: Scizor|173\/343 brn
|-heal|p1a: Serperior|199\/292|[from] drain|[of] p2a: Scizor
|move|p2a: Scizor|U-turn|p1a: Serperior
|-supereffective|p1a: Serperior
|-damage|p1a: Serperior|79\/292
|
|switch|p2a: Raikou|Raikou, shiny|120\/321
|-ability|p2a: Raikou|Pressure
|
|turn|12
|
|move|p2a: Raikou|Thunderbolt|p1a: Serperior
|-resisted|p1a: Serperior
|-damage|p1a: Serperior|0 fnt
|faint|p1a: Serperior
|
|
|switch|p1a: Terrakion|Terrakion|324\/324
|turn|13
|
|switch|p2a: Landorus-Therian|Landorus-Therian, M|382\/382
|-ability|p2a: Landorus-Therian|Intimidate|[of] p1a: Terrakion
|-unboost|p1a: Terrakion|atk|1
|move|p1a: Terrakion|Stealth Rock|p2a: Landorus-Therian
|-sidestart|p2: hammering man|move: Stealth Rock
|
|turn|14
|
|switch|p1a: Slowbro|Slowbro-Mega, F|394\/394
|move|p2a: Landorus-Therian|Stealth Rock|p1a: Slowbro
|-sidestart|p1: ForgottenGreninja|move: Stealth Rock
|
|turn|15
|
|move|p2a: Landorus-Therian|U-turn|p1a: Slowbro
|-supereffective|p1a: Slowbro
|-damage|p1a: Slowbro|306\/394
|
|switch|p2a: Scizor|Scizor-Mega, M|173\/343 brn
|-damage|p2a: Scizor|131\/343 brn|[from] Stealth Rock
|move|p1a: Slowbro|Scald|p2a: Scizor
|-damage|p2a: Scizor|0 fnt
|faint|p2a: Scizor
|
|
|switch|p2a: Raikou|Raikou, shiny|120\/321
|-damage|p2a: Raikou|80\/321|[from] Stealth Rock
|-ability|p2a: Raikou|Pressure
|turn|16
|
|switch|p1a: Azelf|Azelf|78\/292
|-damage|p1a: Azelf|42\/292|[from] Stealth Rock
|move|p2a: Raikou|Thunderbolt|p1a: Azelf
|-damage|p1a: Azelf|0 fnt
|faint|p1a: Azelf
|
|
|switch|p1a: Jirachi|Jirachi|342\/342
|-damage|p1a: Jirachi|321\/342|[from] Stealth Rock
|turn|17
|
|switch|p2a: Keldeo-Resolute|Keldeo-Resolute|323\/323
|-damage|p2a: Keldeo-Resolute|303\/323|[from] Stealth Rock
|move|p1a: Jirachi|Zen Headbutt|p2a: Keldeo-Resolute
|-supereffective|p2a: Keldeo-Resolute
|-damage|p2a: Keldeo-Resolute|37\/323
|
|-heal|p2a: Keldeo-Resolute|57\/323|[from] item: Leftovers
|turn|18
|
|switch|p2a: Landorus-Therian|Landorus-Therian, M|382\/382
|-damage|p2a: Landorus-Therian|335\/382|[from] Stealth Rock
|-ability|p2a: Landorus-Therian|Intimidate|[of] p1a: Jirachi
|-unboost|p1a: Jirachi|atk|1
|move|p1a: Jirachi|Zen Headbutt|p2a: Landorus-Therian
|-damage|p2a: Landorus-Therian|262\/382
|
|-heal|p2a: Landorus-Therian|285\/382|[from] item: Leftovers
|turn|19
|
|move|p1a: Jirachi|Zen Headbutt|p2a: Landorus-Therian
|-damage|p2a: Landorus-Therian|210\/382
|cant|p2a: Landorus-Therian|flinch
|
|-heal|p2a: Landorus-Therian|233\/382|[from] item: Leftovers
|turn|20
|
|switch|p1a: Slowbro|Slowbro-Mega, F|306\/394
|-damage|p1a: Slowbro|257\/394|[from] Stealth Rock
|move|p2a: Landorus-Therian|Earthquake|p1a: Slowbro
|-damage|p1a: Slowbro|169\/394
|
|-heal|p2a: Landorus-Therian|256\/382|[from] item: Leftovers
|turn|21
|
|move|p2a: Landorus-Therian|U-turn|p1a: Slowbro
|-supereffective|p1a: Slowbro
|-damage|p1a: Slowbro|69\/394
|
|switch|p2a: Dragonite|Dragonite, F|323\/323
|-damage|p2a: Dragonite|243\/323|[from] Stealth Rock
|move|p1a: Slowbro|Slack Off|p1a: Slowbro
|-heal|p1a: Slowbro|266\/394
|
|turn|22
|
|move|p2a: Dragonite|Outrage|p1a: Slowbro
|-damage|p1a: Slowbro|49\/394
|move|p1a: Slowbro|Thunder Wave|p2a: Dragonite
|-status|p2a: Dragonite|par
|
|turn|23
|
|move|p1a: Slowbro|Slack Off|p1a: Slowbro
|-heal|p1a: Slowbro|246\/394
|move|p2a: Dragonite|Outrage|p1a: Slowbro
|-damage|p1a: Slowbro|29\/394
|
|-end|p2a: Dragonite|rampage
|-start|p2a: Dragonite|confusion
|turn|24
|
|switch|p2a: Raikou|Raikou, shiny|80\/321
|-damage|p2a: Raikou|40\/321|[from] Stealth Rock
|-ability|p2a: Raikou|Pressure
|move|p1a: Slowbro|Slack Off|p1a: Slowbro
|-heal|p1a: Slowbro|226\/394
|
|turn|25
|
|switch|p1a: Jirachi|Jirachi|321\/342
|-damage|p1a: Jirachi|300\/342|[from] Stealth Rock
|move|p2a: Raikou|Thunderbolt|p1a: Jirachi
|-damage|p1a: Jirachi|81\/342
|
|turn|26
|
|move|p1a: Jirachi|Zen Headbutt|p2a: Raikou
|-damage|p2a: Raikou|0 fnt
|faint|p2a: Raikou
|
|
|switch|p2a: Azumarill|Azumarill, M|403\/403
|-damage|p2a: Azumarill|353\/403|[from] Stealth Rock
|turn|27
|
|move|p1a: Jirachi|Zen Headbutt|p2a: Azumarill
|-damage|p2a: Azumarill|194\/403
|move|p2a: Azumarill|Play Rough|p1a: Jirachi
|-crit|p1a: Jirachi
|-resisted|p1a: Jirachi
|-damage|p1a: Jirachi|0 fnt
|faint|p1a: Jirachi
|
|
|switch|p1a: Terrakion|Terrakion|324\/324
|-damage|p1a: Terrakion|304\/324|[from] Stealth Rock
|turn|28
|
|move|p2a: Azumarill|Aqua Jet|p1a: Terrakion
|-supereffective|p1a: Terrakion
|-damage|p1a: Terrakion|116\/324
|move|p1a: Terrakion|Stone Edge|p2a: Azumarill
|-crit|p2a: Azumarill
|-damage|p2a: Azumarill|0 fnt
|faint|p2a: Azumarill
|
|
|switch|p2a: Landorus-Therian|Landorus-Therian, M|256\/382
|-damage|p2a: Landorus-Therian|209\/382|[from] Stealth Rock
|-ability|p2a: Landorus-Therian|Intimidate|[of] p1a: Terrakion
|-unboost|p1a: Terrakion|atk|1
|turn|29
|
|move|p1a: Terrakion|Stone Edge|p2a: Landorus-Therian
|-damage|p2a: Landorus-Therian|67\/382
|move|p2a: Landorus-Therian|Earthquake|p1a: Terrakion
|-supereffective|p1a: Terrakion
|-damage|p1a: Terrakion|0 fnt
|faint|p1a: Terrakion
|
|-heal|p2a: Landorus-Therian|90\/382|[from] item: Leftovers
|
|switch|p1a: Slowbro|Slowbro-Mega, F|226\/394
|-damage|p1a: Slowbro|177\/394|[from] Stealth Rock
|turn|30
|
|move|p2a: Landorus-Therian|Earthquake|p1a: Slowbro
|-damage|p1a: Slowbro|87\/394
|move|p1a: Slowbro|Slack Off|p1a: Slowbro
|-heal|p1a: Slowbro|284\/394
|
|-heal|p2a: Landorus-Therian|113\/382|[from] item: Leftovers
|turn|31
|
|move|p2a: Landorus-Therian|Earthquake|p1a: Slowbro
|-damage|p1a: Slowbro|194\/394
|move|p1a: Slowbro|Slack Off|p1a: Slowbro
|-heal|p1a: Slowbro|391\/394
|
|-heal|p2a: Landorus-Therian|136\/382|[from] item: Leftovers
|turn|32
|
|move|p2a: Landorus-Therian|Earthquake|p1a: Slowbro
|-damage|p1a: Slowbro|301\/394
|move|p1a: Slowbro|Scald|p2a: Landorus-Therian
|-supereffective|p2a: Landorus-Therian
|-damage|p2a: Landorus-Therian|0 fnt
|faint|p2a: Landorus-Therian
|
|
|switch|p2a: Keldeo-Resolute|Keldeo-Resolute|57\/323
|-damage|p2a: Keldeo-Resolute|37\/323|[from] Stealth Rock
|turn|33
|
|move|p2a: Keldeo-Resolute|Scald|p1a: Slowbro
|-resisted|p1a: Slowbro
|-damage|p1a: Slowbro|211\/394
|move|p1a: Slowbro|Scald|p2a: Keldeo-Resolute
|-resisted|p2a: Keldeo-Resolute
|-damage|p2a: Keldeo-Resolute|0 fnt
|faint|p2a: Keldeo-Resolute
|
|
|switch|p2a: Dragonite|Dragonite, F|243\/323 par
|-damage|p2a: Dragonite|163\/323 par|[from] Stealth Rock
|turn|34
|
|move|p1a: Slowbro|Slack Off|p1a: Slowbro
|-heal|p1a: Slowbro|394\/394
|move|p2a: Dragonite|Outrage|p1a: Slowbro
|-damage|p1a: Slowbro|193\/394
|
|turn|35
|
|move|p1a: Slowbro|Slack Off|p1a: Slowbro
|-heal|p1a: Slowbro|390\/394
|move|p2a: Dragonite|Outrage|p1a: Slowbro
|-damage|p1a: Slowbro|186\/394
|
|turn|36
|
|move|p1a: Slowbro|Slack Off|p1a: Slowbro
|-heal|p1a: Slowbro|383\/394
|move|p2a: Dragonite|Outrage|p1a: Slowbro
|-damage|p1a: Slowbro|158\/394
|
|-end|p2a: Dragonite|rampage
|-start|p2a: Dragonite|confusion
|turn|37
|
|move|p1a: Slowbro|Slack Off|p1a: Slowbro
|-heal|p1a: Slowbro|355\/394
|-activate|p2a: Dragonite|confusion
|-damage|p2a: Dragonite|86\/323 par|[from] confusion
|
|turn|38
|-message|hammering man forfeited.
|
|win|ForgottenGreninja
|raw|Ladder updating...
|leave|hammering man
|player|p2
|raw|ForgottenGreninja's rating: 1599 &rarr; <strong>1617<\/strong><br \/>(+18 for winning)
|raw|hammering man's rating: 1574 &rarr; <strong>1555<\/strong><br \/>(-19 for losing)