|join|Vinsader
|join|hammering man
|player|p1|Vinsader|169
|player|p2|hammering man|16
|gametype|singles
|tier|OU
|rated
|clearpoke
|poke|p1|Tyranitar, F
|poke|p1|Sableye, M
|poke|p1|Mandibuzz, F
|poke|p1|Talonflame, M
|poke|p1|Garchomp, M
|poke|p1|Venusaur, M
|poke|p2|Lanturn, M
|poke|p2|Chesnaught, F
|poke|p2|Mawile, M
|poke|p2|Noivern, F
|poke|p2|Lapras, F
|poke|p2|Malamar, M
|rule|Sleep Clause Mod: Limit one foe put to sleep
|rule|Species Clause: Limit one of each Pokemon
|rule|OHKO Clause: OHKO moves are banned
|rule|Moody Clause: Moody is banned
|rule|Evasion Moves Clause: Evasion moves are banned
|rule|Endless Battle Clause: Forcing endless battles is banned.
|rule|HP Percentage Mod: HP is reported as percentages
|teampreview
|callback|decision
|
|start
|switch|p1a: Sableye|Sableye, M|304\/304
|switch|p2a: Chesnaught|Chesnaught, F|380\/380
|turn|1
|callback|decision
|
|switch|p2a: Lanturn|Lanturn, M|454\/454
|move|p1a: Sableye|Will-O-Wisp|p2a: Lanturn
|-status|p2a: Lanturn|brn
|
|-damage|p2a: Lanturn|398\/454 brn|[from] brn
|turn|2
|callback|decision
|
|move|p1a: Sableye|Taunt|p2a: Lanturn
|-start|p2a: Lanturn|move: Taunt
|cant|p2a: Lanturn|move: Taunt|Toxic
|
|-damage|p2a: Lanturn|342\/454 brn|[from] brn
|turn|3
|callback|decision
|
|move|p2a: Lanturn|Volt Switch|p1a: Sableye
|-damage|p1a: Sableye|255\/304
|callback|decision
|
|switch|p2a: Noivern|Noivern, F|312\/312
|move|p1a: Sableye|Foul Play|p2a: Noivern
|-damage|p2a: Noivern|216\/312
|
|-heal|p1a: Sableye|274\/304|[from] item: Leftovers
|turn|4
|callback|decision
|
|switch|p1a: Tyranitar|Tyranitar, F|404\/404
|-weather|Sandstorm
|move|p2a: Noivern|Draco Meteor|p1a: Tyranitar
|-damage|p1a: Tyranitar|287\/404
|-unboost|p2a: Noivern|spa|2
|-damage|p2a: Noivern|185\/312|[from] item: Life Orb
|
|-weather|Sandstorm|[upkeep]
|-damage|p2a: Noivern|166\/312|[from] sandstorm
|turn|5
|callback|decision
|
|move|p1a: Tyranitar|Pursuit|p2a: Noivern|[from]Pursuit
|-damage|p2a: Noivern|0 fnt
|faint|p2a: Noivern
|
|-weather|Sandstorm|[upkeep]
|callback|decision
|
|switch|p2a: Malamar|Malamar, M|376\/376
|turn|6
|callback|decision
|
|switch|p1a: Sableye|Sableye, M|274\/304
|move|p2a: Malamar|Superpower|p1a: Sableye
|-immune|p1a: Sableye|[msg]
|
|-weather|Sandstorm|[upkeep]
|-damage|p1a: Sableye|255\/304|[from] sandstorm
|-damage|p2a: Malamar|353\/376|[from] sandstorm
|-heal|p1a: Sableye|274\/304|[from] item: Leftovers
|turn|7
|callback|decision
|
|switch|p2a: Lanturn|Lanturn, M|342\/454 brn
|move|p1a: Sableye|Will-O-Wisp|p2a: Lanturn
|-fail|p2a: Lanturn|brn
|
|-weather|Sandstorm|[upkeep]
|-damage|p2a: Lanturn|314\/454 brn|[from] sandstorm
|-damage|p1a: Sableye|255\/304|[from] sandstorm
|-heal|p1a: Sableye|274\/304|[from] item: Leftovers
|-damage|p2a: Lanturn|258\/454 brn|[from] brn
|turn|8
|callback|decision
|
|move|p1a: Sableye|Taunt|p2a: Lanturn
|-start|p2a: Lanturn|move: Taunt
|move|p2a: Lanturn|Volt Switch|p1a: Sableye
|-damage|p1a: Sableye|225\/304
|callback|decision
|
|switch|p2a: Lapras|Lapras, F|464\/464
|
|-weather|none
|-heal|p1a: Sableye|244\/304|[from] item: Leftovers
|turn|9
|callback|decision
|
|move|p1a: Sableye|Will-O-Wisp|p2a: Lapras
|-status|p2a: Lapras|brn
|move|p2a: Lapras|Surf|p1a: Sableye
|-damage|p1a: Sableye|123\/304
|
|-heal|p1a: Sableye|142\/304|[from] item: Leftovers
|-damage|p2a: Lapras|406\/464 brn|[from] brn
|turn|10
|callback|decision
|
|switch|p1a: Tyranitar|Tyranitar, F|287\/404
|-weather|Sandstorm
|move|p2a: Lapras|Surf|p1a: Tyranitar
|-supereffective|p1a: Tyranitar
|-damage|p1a: Tyranitar|159\/404
|
|-weather|Sandstorm|[upkeep]
|-damage|p2a: Lapras|377\/464 brn|[from] sandstorm
|-damage|p2a: Lapras|319\/464 brn|[from] brn
|turn|11
|callback|decision
|
|switch|p2a: Chesnaught|Chesnaught, F|380\/380
|move|p1a: Tyranitar|Stone Edge|p2a: Chesnaught
|-crit|p2a: Chesnaught
|-resisted|p2a: Chesnaught
|-damage|p2a: Chesnaught|301\/380
|
|-weather|Sandstorm|[upkeep]
|-damage|p2a: Chesnaught|278\/380|[from] sandstorm
|-heal|p2a: Chesnaught|301\/380|[from] item: Leftovers
|turn|12
|callback|decision
|
|switch|p1a: Venusaur|Venusaur, M|364\/364
|move|p2a: Chesnaught|Leech Seed|p1a: Venusaur
|-immune|p1a: Venusaur|[msg]
|
|-weather|Sandstorm|[upkeep]
|-damage|p1a: Venusaur|342\/364|[from] sandstorm
|-damage|p2a: Chesnaught|278\/380|[from] sandstorm
|-heal|p2a: Chesnaught|301\/380|[from] item: Leftovers
|turn|13
|callback|decision
|
|switch|p2a: Lanturn|Lanturn, M|258\/454 brn
|-formechange|p1a: Venusaur|Venusaur-Mega
|message|Venusaur has Mega Evolved into Mega Venusaur!
|move|p1a: Venusaur|Giga Drain|p2a: Lanturn
|-supereffective|p2a: Lanturn
|-damage|p2a: Lanturn|28\/454 brn
|-heal|p1a: Venusaur|364\/364|[from] drain|[of] p2a: Lanturn
|
|-weather|Sandstorm|[upkeep]
|-damage|p1a: Venusaur|342\/364|[from] sandstorm
|-damage|p2a: Lanturn|0 fnt|[from] sandstorm
|faint|p2a: Lanturn
|callback|decision
|
|switch|p2a: Mawile|Mawile, M|304\/304
|turn|14
|callback|decision
|
|-formechange|p2a: Mawile|Mawile-Mega
|message|Mawile has Mega Evolved into Mega Mawile!
|move|p1a: Venusaur|Earthquake|p2a: Mawile
|-supereffective|p2a: Mawile
|-damage|p2a: Mawile|160\/304
|move|p2a: Mawile|Iron Head|p1a: Venusaur
|-damage|p1a: Venusaur|98\/364
|
|-weather|none
|turn|15
|callback|decision
|
|move|p1a: Venusaur|Leech Seed|p2a: Mawile|[miss]
|-miss|p1a: Venusaur|p2a: Mawile
|move|p2a: Mawile|Swords Dance|p2a: Mawile
|-boost|p2a: Mawile|atk|2
|
|turn|16
|callback|decision
|
|move|p2a: Mawile|Sucker Punch|p1a: Venusaur
|-damage|p1a: Venusaur|0 fnt
|faint|p1a: Venusaur
|
|callback|decision
|
|switch|p1a: Sableye|Sableye, M|142\/304
|turn|17
|callback|decision
|
|move|p1a: Sableye|Will-O-Wisp|p2a: Mawile
|-status|p2a: Mawile|brn
|move|p2a: Mawile|Play Rough|p1a: Sableye|[miss]
|-miss|p2a: Mawile|p1a: Sableye
|
|-heal|p1a: Sableye|161\/304|[from] item: Leftovers
|-damage|p2a: Mawile|122\/304 brn|[from] brn
|turn|18
|callback|decision
|
|move|p2a: Mawile|Play Rough|p1a: Sableye
|-supereffective|p1a: Sableye
|-damage|p1a: Sableye|0 fnt
|faint|p1a: Sableye
|
|-damage|p2a: Mawile|84\/304 brn|[from] brn
|callback|decision
|
|switch|p1a: Garchomp|Garchomp, M|358\/358
|turn|19
|callback|decision
|
|move|p2a: Mawile|Sucker Punch|p1a: Garchomp
|-damage|p1a: Garchomp|174\/358
|-damage|p2a: Mawile|46\/304 brn|[from] ability: Rough Skin|[of] p1a: Garchomp
|move|p1a: Garchomp|Earthquake|p2a: Mawile
|-supereffective|p2a: Mawile
|-damage|p2a: Mawile|0 fnt
|faint|p2a: Mawile
|
|callback|decision
|
|switch|p2a: Chesnaught|Chesnaught, F|301\/380
|turn|20
|callback|decision
|
|switch|p1a: Mandibuzz|Mandibuzz, F|423\/423
|move|p2a: Chesnaught|Leech Seed|p1a: Mandibuzz
|-start|p1a: Mandibuzz|move: Leech Seed
|
|-heal|p2a: Chesnaught|324\/380|[from] item: Leftovers
|-damage|p1a: Mandibuzz|371\/423|[from] Leech Seed|[of] p2a: Chesnaught
|-heal|p2a: Chesnaught|376\/380|[silent]
|turn|21
|callback|decision
|
|switch|p2a: Lapras|Lapras, F|319\/464 brn
|move|p1a: Mandibuzz|Taunt|p2a: Lapras
|-start|p2a: Lapras|move: Taunt
|
|-heal|p1a: Mandibuzz|397\/423|[from] item: Leftovers
|-damage|p1a: Mandibuzz|345\/423|[from] Leech Seed|[of] p2a: Lapras
|-heal|p2a: Lapras|371\/464 brn|[silent]
|-damage|p2a: Lapras|313\/464 brn|[from] brn
|turn|22
|callback|decision
|
|switch|p1a: Tyranitar|Tyranitar, F|159\/404
|-weather|Sandstorm
|move|p2a: Lapras|Freeze Dry|p1a: Tyranitar
|-damage|p1a: Tyranitar|116\/404
|
|-weather|Sandstorm|[upkeep]
|-damage|p2a: Lapras|284\/464 brn|[from] sandstorm
|-damage|p2a: Lapras|226\/464 brn|[from] brn
|turn|23
|callback|decision
|
|move|p2a: Lapras|Surf|p1a: Tyranitar
|-supereffective|p1a: Tyranitar
|-damage|p1a: Tyranitar|0 fnt
|faint|p1a: Tyranitar
|
|-weather|Sandstorm|[upkeep]
|-damage|p2a: Lapras|197\/464 brn|[from] sandstorm
|-damage|p2a: Lapras|139\/464 brn|[from] brn
|callback|decision
|
|switch|p1a: Talonflame|Talonflame, M|345\/345
|turn|24
|callback|decision
|
|move|p1a: Talonflame|Brave Bird|p2a: Lapras
|-damage|p2a: Lapras|0 fnt
|-damage|p1a: Talonflame|299\/345|[from] recoil|[of] p2a: Lapras
|faint|p2a: Lapras
|
|-weather|Sandstorm|[upkeep]
|-damage|p1a: Talonflame|278\/345|[from] sandstorm
|callback|decision
|
|switch|p2a: Chesnaught|Chesnaught, F|376\/380
|turn|25
|callback|decision
|
|move|p2a: Chesnaught|Spiky Shield|p2a: Chesnaught
|-singleturn|p2a: Chesnaught|Spiky Shield
|move|p1a: Talonflame|Brave Bird|p2a: Chesnaught
|-activate|p2a: Chesnaught|Spiky Shield
|-damage|p1a: Talonflame|235\/345|[from] Spiky Shield|[of] p2a: Chesnaught
|
|-weather|Sandstorm|[upkeep]
|-damage|p1a: Talonflame|214\/345|[from] sandstorm
|-damage|p2a: Chesnaught|353\/380|[from] sandstorm
|-heal|p2a: Chesnaught|376\/380|[from] item: Leftovers
|turn|26
|callback|decision
|
|move|p1a: Talonflame|Brave Bird|p2a: Chesnaught
|-supereffective|p2a: Chesnaught
|-damage|p2a: Chesnaught|0 fnt
|-damage|p1a: Talonflame|90\/345|[from] recoil|[of] p2a: Chesnaught
|faint|p2a: Chesnaught
|
|-weather|none
|callback|decision
|
|switch|p2a: Malamar|Malamar, M|353\/376
|turn|27
|callback|decision
|
|move|p1a: Talonflame|Brave Bird|p2a: Malamar
|-damage|p2a: Malamar|113\/376
|-damage|p1a: Talonflame|11\/345|[from] recoil|[of] p2a: Malamar
|-enditem|p2a: Malamar|Sitrus Berry|[eat]
|-heal|p2a: Malamar|207\/376|[from] item: Sitrus Berry
|move|p2a: Malamar|Superpower|p1a: Talonflame
|-resisted|p1a: Talonflame
|-damage|p1a: Talonflame|0 fnt
|-boost|p2a: Malamar|atk|1
|-boost|p2a: Malamar|def|1
|faint|p1a: Talonflame
|
|callback|decision
|
|switch|p1a: Mandibuzz|Mandibuzz, F|345\/423
|turn|28
|callback|decision
|
|move|p1a: Mandibuzz|Foul Play|p2a: Malamar
|-damage|p2a: Malamar|53\/376
|move|p2a: Malamar|Superpower|p1a: Mandibuzz
|-damage|p1a: Mandibuzz|207\/423
|-boost|p2a: Malamar|atk|1
|-boost|p2a: Malamar|def|1
|
|-heal|p1a: Mandibuzz|233\/423|[from] item: Leftovers
|turn|29
|callback|decision
|
|move|p1a: Mandibuzz|Foul Play|p2a: Malamar
|-damage|p2a: Malamar|0 fnt
|faint|p2a: Malamar
|
|win|Vinsader
|raw|Ladder updating...
|raw|Vinsader's rating: 1746 &rarr; <strong>1863<\/strong><br \/>(+117 for winning)
|raw|hammering man's rating: 1679 &rarr; <strong>1661<\/strong><br \/>(-18 for losing)
|chat|Vinsader|gg
|chat|hammering man|gg
|leave|hammering man
|player|p2