|join|VenoX
|join|hammering man
|player|p1|VenoX|102
|player|p2|hammering man|120
|gametype|singles
|tier|Pokebank OU (beta)
|rated
|clearpoke
|poke|p1|Absol, M
|poke|p1|Sableye, M
|poke|p1|Forretress, M
|poke|p1|Heatran, M, shiny
|poke|p1|Heliolisk, M
|poke|p1|Zygarde
|poke|p2|Zapdos, shiny
|poke|p2|Heatran, F
|poke|p2|Staraptor, F, shiny
|poke|p2|Ampharos, M
|poke|p2|Blastoise, M
|poke|p2|Diggersby, F
|rule|Sleep Clause Mod: Limit one foe put to sleep
|rule|Species Clause: Limit one of each Pokemon
|rule|Moody Clause: Moody is banned
|rule|OHKO Clause: OHKO moves are banned
|rule|Evasion Moves Clause: Evasion moves are banned
|rule|HP Percentage Mod: HP is reported as percentages
|teampreview
|callback|decision
|
|start
|switch|p1a: Forretress|Forretress, M|350\/350
|switch|p2a: Heatran|Heatran, F|386\/386
|turn|1
|callback|decision
|
|move|p2a: Heatran|Lava Plume|p1a: Forretress
|-supereffective|p1a: Forretress
|-activate|p1a: Forretress|Sturdy
|-damage|p1a: Forretress|1\/350
|-status|p1a: Forretress|brn
|move|p1a: Forretress|Stealth Rock|p2a: Heatran
|-sidestart|p2: hammering man|move: Stealth Rock
|
|-damage|p1a: Forretress|0 fnt|[from] brn
|faint|p1a: Forretress
|callback|decision
|
|switch|p1a: Heatran|Heatran, M, shiny|323\/323
|turn|2
|callback|decision
|
|switch|p2a: Zapdos|Zapdos, shiny|384\/384
|-damage|p2a: Zapdos|288\/384|[from] Stealth Rock
|-ability|p2a: Zapdos|Pressure
|move|p1a: Heatran|Earth Power|p2a: Zapdos
|-immune|p2a: Zapdos|[msg]
|
|-heal|p2a: Zapdos|312\/384|[from] item: Leftovers
|turn|3
|callback|decision
|
|switch|p1a: Zygarde|Zygarde|358\/358
|-ability|p1a: Zygarde|Aura Break
|move|p2a: Zapdos|Tailwind|p2a: Zapdos
|-sidestart|p2: hammering man|move: Tailwind
|
|-heal|p2a: Zapdos|336\/384|[from] item: Leftovers
|turn|4
|callback|decision
|
|switch|p2a: Diggersby|Diggersby, F|312\/312
|-damage|p2a: Diggersby|293\/312|[from] Stealth Rock
|move|p1a: Zygarde|Dragon Dance|p1a: Zygarde
|-boost|p1a: Zygarde|atk|1
|-boost|p1a: Zygarde|spe|1
|
|turn|5
|callback|decision
|
|move|p2a: Diggersby|Return|p1a: Zygarde
|-damage|p1a: Zygarde|81\/358
|-damage|p2a: Diggersby|262\/312|[from] item: Life Orb
|move|p1a: Zygarde|Outrage|p2a: Diggersby
|-damage|p2a: Diggersby|0 fnt
|faint|p2a: Diggersby
|
|-heal|p1a: Zygarde|103\/358|[from] item: Leftovers
|callback|decision
|
|switch|p2a: Heatran|Heatran, F|386\/386
|-damage|p2a: Heatran|338\/386|[from] Stealth Rock
|turn|6
|callback|decision
|
|move|p1a: Zygarde|Outrage|p2a: Heatran
|-resisted|p2a: Heatran
|-damage|p2a: Heatran|194\/386
|move|p2a: Heatran|Earth Power|p1a: Zygarde
|-crit|p1a: Zygarde
|-damage|p1a: Zygarde|0 fnt
|faint|p1a: Zygarde
|
|-heal|p2a: Heatran|218\/386|[from] item: Leftovers
|-sideend|p2: hammering man|move: Tailwind
|callback|decision
|
|switch|p1a: Heatran|Heatran, M, shiny|323\/323
|turn|7
|callback|decision
|
|move|p1a: Heatran|Overheat|p2a: Heatran
|-start|p2a: Heatran|ability: Flash Fire
|move|p2a: Heatran|Earth Power|p1a: Heatran
|-crit|p1a: Heatran
|-supereffective|p1a: Heatran
|-damage|p1a: Heatran|0 fnt
|faint|p1a: Heatran
|
|-heal|p2a: Heatran|242\/386|[from] item: Leftovers
|callback|decision
|
|switch|p1a: Heliolisk|Heliolisk, M|300\/300
|turn|8
|callback|decision
|
|move|p1a: Heliolisk|Surf|p2a: Heatran
|-supereffective|p2a: Heatran
|-damage|p2a: Heatran|118\/386
|move|p2a: Heatran|Earth Power|p1a: Heliolisk
|-supereffective|p1a: Heliolisk
|-damage|p1a: Heliolisk|126\/300
|
|-heal|p1a: Heliolisk|144\/300|[from] item: Leftovers
|-heal|p2a: Heatran|142\/386|[from] item: Leftovers
|turn|9
|callback|decision
|
|move|p1a: Heliolisk|Surf|p2a: Heatran
|-supereffective|p2a: Heatran
|-damage|p2a: Heatran|14\/386
|move|p2a: Heatran|Earth Power|p1a: Heliolisk
|-supereffective|p1a: Heliolisk
|-damage|p1a: Heliolisk|0 fnt
|faint|p1a: Heliolisk
|
|-heal|p2a: Heatran|38\/386|[from] item: Leftovers
|callback|decision
|
|switch|p1a: Absolute|Absol, M|271\/271
|turn|10
|callback|decision
|
|-formechange|p1a: Absolute|Absol-Mega
|message|Absol has Mega Evolved into Mega Absol!
|move|p1a: Absolute|Night Slash|p2a: Heatran
|-damage|p2a: Heatran|0 fnt
|faint|p2a: Heatran
|
|callback|decision
|
|switch|p2a: Blastoise|Blastoise, M|299\/299
|-damage|p2a: Blastoise|262\/299|[from] Stealth Rock
|turn|11
|callback|decision
|
|move|p2a: Blastoise|Water Spout|p1a: Absolute
|-damage|p1a: Absolute|27\/271
|move|p1a: Absolute|Swords Dance|p1a: Absolute
|-boost|p1a: Absolute|atk|2
|
|turn|12
|callback|decision
|
|move|p1a: Absolute|Sucker Punch|p2a: Blastoise
|-damage|p2a: Blastoise|0 fnt
|faint|p2a: Blastoise
|
|callback|decision
|
|switch|p2a: Zapdos|Zapdos, shiny|336\/384
|-damage|p2a: Zapdos|240\/384|[from] Stealth Rock
|-ability|p2a: Zapdos|Pressure
|turn|13
|callback|decision
|
|move|p1a: Absolute|Sucker Punch|p2a: Zapdos
|-damage|p2a: Zapdos|0 fnt
|faint|p2a: Zapdos
|
|callback|decision
|
|switch|p2a: Ampharos|Ampharos, M|321\/321
|-damage|p2a: Ampharos|281\/321|[from] Stealth Rock
|turn|14
|callback|decision
|
|-formechange|p2a: Ampharos|Ampharos-Mega
|message|Ampharos has Mega Evolved into Mega Ampharos!
|-ability|p2a: Ampharos|Mold Breaker
|move|p1a: Absolute|Sucker Punch|p2a: Ampharos
|-damage|p2a: Ampharos|0 fnt
|faint|p2a: Ampharos
|
|callback|decision
|
|switch|p2a: Staraptor|Staraptor, F, shiny|312\/312
|-damage|p2a: Staraptor|234\/312|[from] Stealth Rock
|turn|15
|callback|decision
|
|move|p1a: Absolute|Sucker Punch|p2a: Staraptor
|-damage|p2a: Staraptor|0 fnt
|faint|p2a: Staraptor
|
|win|VenoX
|raw|Ladder updating...
|raw|VenoX's rating: 1440 &rarr; <strong>1454<\/strong><br \/>(+14 for winning)
|raw|hammering man's rating: 1581 &rarr; <strong>1572<\/strong><br \/>(-9 for losing)
|chat|VenoX|Gg
|chat|hammering man|gg
|leave|hammering man
|player|p2