|join|MrMars
|join|Merve
|player|p1|MrMars|124
|player|p2|Merve|291
|gametype|singles
|gen|6
|tier|UU
|rated
|rule|Sleep Clause Mod: Limit one foe put to sleep
|rule|Species Clause: Limit one of each PokÃ©mon
|rule|OHKO Clause: OHKO moves are banned
|rule|Moody Clause: Moody is banned
|rule|Evasion Moves Clause: Evasion moves are banned
|rule|Endless Battle Clause: Forcing endless battles is banned
|rule|HP Percentage Mod: HP is shown in percentages
|clearpoke
|poke|p1|Darmanitan, M
|poke|p1|Lucario, F
|poke|p1|Hydreigon, F
|poke|p1|Raikou, shiny
|poke|p1|Beedrill, M
|poke|p1|Aerodactyl, M
|poke|p2|Beedrill, M
|poke|p2|Darmanitan, F
|poke|p2|Magneton
|poke|p2|Starmie
|poke|p2|Nidoqueen, F
|poke|p2|Whimsicott, M
|rule|Swagger Clause: Swagger is banned
|rule|Baton Pass Clause: Limit one PokÃ©mon knowing Baton Pass
|teampreview
|c|âMerve|hai
|
|start
|switch|p1a: Aerodactyl|Aerodactyl, M|364\/364
|switch|p2a: Beedrill|Beedrill, M|271\/271
|-ability|p1a: Aerodactyl|Pressure
|turn|1
|c|âMrMars|hello
|
|detailschange|p2a: Beedrill|Beedrill-Mega, M
|message|Beedrill has Mega Evolved into Mega Beedrill!
|move|p2a: Beedrill|Protect|p2a: Beedrill
|-singleturn|p2a: Beedrill|Protect
|move|p1a: Aerodactyl|Stealth Rock|p2a: Beedrill
|-sidestart|p2: Merve|move: Stealth Rock
|
|turn|2
|
|move|p2a: Beedrill|U-turn|p1a: Aerodactyl
|-crit|p1a: Aerodactyl
|-resisted|p1a: Aerodactyl
|-damage|p1a: Aerodactyl|153\/364
|
|switch|p2a: Starmie|Starmie|324\/324
|-damage|p2a: Starmie|284\/324|[from] Stealth Rock
|move|p1a: Aerodactyl|Earthquake|p2a: Starmie
|-damage|p2a: Starmie|218\/324
|
|-heal|p2a: Starmie|238\/324|[from] item: Leftovers
|turn|3
|
|switch|p1a: Raikou|Raikou, shiny|322\/322
|-ability|p1a: Raikou|Pressure
|move|p2a: Starmie|Recover|p2a: Starmie
|-heal|p2a: Starmie|324\/324
|
|turn|4
|
|switch|p2a: Nidoqueen|Nidoqueen, F|383\/383
|-damage|p2a: Nidoqueen|360\/383|[from] Stealth Rock
|move|p1a: Raikou|Hidden Power|p2a: Nidoqueen
|-damage|p2a: Nidoqueen|252\/383
|-damage|p1a: Raikou|290\/322|[from] item: Life Orb
|
|-heal|p2a: Nidoqueen|275\/383|[from] item: Leftovers
|turn|5
|
|switch|p1a: Aerodactyl|Aerodactyl, M|153\/364
|-ability|p1a: Aerodactyl|Pressure
|switch|p2a: Magneton|Magneton|268\/268
|-damage|p2a: Magneton|252\/268|[from] Stealth Rock
|
|turn|6
|
|switch|p2a: Starmie|Starmie|324\/324
|-damage|p2a: Starmie|284\/324|[from] Stealth Rock
|move|p1a: Aerodactyl|Earthquake|p2a: Starmie
|-damage|p2a: Starmie|218\/324
|
|-heal|p2a: Starmie|238\/324|[from] item: Leftovers
|turn|7
|
|switch|p1a: Hydreigon|Hydreigon, F|325\/325
|move|p2a: Starmie|Rapid Spin|p1a: Hydreigon
|-damage|p1a: Hydreigon|310\/325
|-sideend|p2: Merve|Stealth Rock|[from] move: Rapid Spin|[of] p2a: Starmie
|
|-heal|p2a: Starmie|258\/324|[from] item: Leftovers
|turn|8
|
|switch|p2a: Whimsicott|Whimsicott, M|323\/323
|move|p1a: Hydreigon|U-turn|p2a: Whimsicott
|-damage|p2a: Whimsicott|254\/323
|
|switch|p1a: Darmanitan|Darmanitan, M|414\/414
|
|-heal|p2a: Whimsicott|274\/323|[from] item: Leftovers
|turn|9
|
|switch|p2a: Starmie|Starmie|258\/324
|move|p1a: Darmanitan|Flare Blitz|p2a: Starmie
|-resisted|p2a: Starmie
|-damage|p2a: Starmie|58\/324
|-damage|p1a: Darmanitan|348\/414|[from] recoil|[of] p2a: Starmie
|
|-heal|p2a: Starmie|78\/324|[from] item: Leftovers
|turn|10
|c|âMrMars|whoremie
|c|âMrMars|nice set
|
|switch|p1a: Hydreigon|Hydreigon, F|310\/325
|move|p2a: Starmie|Recover|p2a: Starmie
|-heal|p2a: Starmie|240\/324
|
|-heal|p2a: Starmie|260\/324|[from] item: Leftovers
|turn|11
|
|switch|p2a: Whimsicott|Whimsicott, M|274\/323
|move|p1a: Hydreigon|U-turn|p2a: Whimsicott
|-damage|p2a: Whimsicott|212\/323
|
|switch|p1a: Beedrill|Beedrill, M|272\/272
|
|-heal|p2a: Whimsicott|232\/323|[from] item: Leftovers
|turn|12
|
|switch|p2a: Nidoqueen|Nidoqueen, F|275\/383
|detailschange|p1a: Beedrill|Beedrill-Mega, M
|message|Beedrill has Mega Evolved into Mega Beedrill!
|move|p1a: Beedrill|Knock Off|p2a: Nidoqueen
|-damage|p2a: Nidoqueen|180\/383
|-enditem|p2a: Nidoqueen|Leftovers|[from] move: Knock Off|[of] p1a: Beedrill
|
|turn|13
|
|move|p1a: Beedrill|Drill Run|p2a: Nidoqueen
|-supereffective|p2a: Nidoqueen
|-damage|p2a: Nidoqueen|20\/383
|move|p2a: Nidoqueen|Ice Beam|p1a: Beedrill
|-damage|p1a: Beedrill|178\/272
|
|turn|14
|
|move|p1a: Beedrill|Knock Off|p2a: Nidoqueen
|-damage|p2a: Nidoqueen|0 fnt
|faint|p2a: Nidoqueen
|
|
|switch|p2a: Darmanitan|Darmanitan, F|351\/351
|turn|15
|
|switch|p1a: Aerodactyl|Aerodactyl, M|153\/364
|-ability|p1a: Aerodactyl|Pressure
|move|p2a: Darmanitan|Rock Slide|p1a: Aerodactyl
|-supereffective|p1a: Aerodactyl
|-damage|p1a: Aerodactyl|0 fnt
|faint|p1a: Aerodactyl
|
|
|switch|p1a: Raikou|Raikou, shiny|290\/322
|-ability|p1a: Raikou|Pressure
|turn|16
|
|switch|p2a: Magneton|Magneton|252\/268
|move|p1a: Raikou|Signal Beam|p2a: Magneton
|-resisted|p2a: Magneton
|-damage|p2a: Magneton|201\/268
|-start|p2a: Magneton|confusion
|-damage|p1a: Raikou|258\/322|[from] item: Life Orb
|
|turn|17
|
|move|p1a: Raikou|Aura Sphere|p2a: Magneton
|-supereffective|p2a: Magneton
|-damage|p2a: Magneton|0 fnt
|-damage|p1a: Raikou|226\/322|[from] item: Life Orb
|faint|p2a: Magneton
|
|
|switch|p2a: Beedrill|Beedrill-Mega, M|271\/271
|turn|18
|
|move|p2a: Beedrill|U-turn|p1a: Raikou
|-damage|p1a: Raikou|0 fnt
|faint|p1a: Raikou
|
|switch|p2a: Darmanitan|Darmanitan, F|351\/351
|
|
|switch|p1a: Hydreigon|Hydreigon, F|310\/325
|turn|19
|
|switch|p2a: Whimsicott|Whimsicott, M|232\/323
|move|p1a: Hydreigon|Draco Meteor|p2a: Whimsicott
|-immune|p2a: Whimsicott|[msg]
|
|-heal|p2a: Whimsicott|252\/323|[from] item: Leftovers
|turn|20
|
|switch|p1a: Darmanitan|Darmanitan, M|348\/414
|switch|p2a: Darmanitan|Darmanitan, F|351\/351
|
|turn|21
|
|move|p2a: Darmanitan|Rock Slide|p1a: Darmanitan
|-crit|p1a: Darmanitan
|-supereffective|p1a: Darmanitan
|-damage|p1a: Darmanitan|0 fnt
|faint|p1a: Darmanitan
|
|
|switch|p1a: Lucario|Lucario, F|281\/281
|turn|22
|
|switch|p2a: Whimsicott|Whimsicott, M|252\/323
|move|p1a: Lucario|Nasty Plot|p1a: Lucario
|-boost|p1a: Lucario|spa|2
|
|-heal|p2a: Whimsicott|272\/323|[from] item: Leftovers
|turn|23
|
|move|p2a: Whimsicott|Stun Spore|p1a: Lucario
|-status|p1a: Lucario|par
|move|p1a: Lucario|Flash Cannon|p2a: Whimsicott
|-crit|p2a: Whimsicott
|-supereffective|p2a: Whimsicott
|-damage|p2a: Whimsicott|0 fnt
|-damage|p1a: Lucario|253\/281 par|[from] item: Life Orb
|faint|p2a: Whimsicott
|
|
|switch|p2a: Darmanitan|Darmanitan, F|351\/351
|turn|24
|
|move|p1a: Lucario|Vacuum Wave|p2a: Darmanitan
|-damage|p2a: Darmanitan|81\/351
|-damage|p1a: Lucario|225\/281 par|[from] item: Life Orb
|move|p2a: Darmanitan|Flare Blitz|p1a: Lucario
|-supereffective|p1a: Lucario
|-damage|p1a: Lucario|0 fnt
|-damage|p2a: Darmanitan|7\/351|[from] recoil|[of] p1a: Lucario
|faint|p1a: Lucario
|
|
|switch|p1a: Hydreigon|Hydreigon, F|310\/325
|turn|25
|
|switch|p2a: Starmie|Starmie|260\/324
|move|p1a: Hydreigon|U-turn|p2a: Starmie
|-crit|p2a: Starmie
|-supereffective|p2a: Starmie
|-damage|p2a: Starmie|130\/324
|
|switch|p1a: Beedrill|Beedrill-Mega, M|178\/272
|
|-heal|p2a: Starmie|150\/324|[from] item: Leftovers
|turn|26
|
|move|p1a: Beedrill|U-turn|p2a: Starmie
|-supereffective|p2a: Starmie
|-damage|p2a: Starmie|0 fnt
|faint|p2a: Starmie
|
|switch|p1a: Hydreigon|Hydreigon, F|310\/325
|
|
|switch|p2a: Beedrill|Beedrill-Mega, M|271\/271
|turn|27
|
|move|p2a: Beedrill|Protect|p2a: Beedrill
|-singleturn|p2a: Beedrill|Protect
|move|p1a: Hydreigon|Draco Meteor|p2a: Beedrill
|-activate|p2a: Beedrill|Protect
|
|turn|28
|
|switch|p2a: Darmanitan|Darmanitan, F|7\/351
|move|p1a: Hydreigon|Draco Meteor|p2a: Darmanitan
|-damage|p2a: Darmanitan|0 fnt
|-unboost|p1a: Hydreigon|spa|2
|faint|p2a: Darmanitan
|
|
|switch|p2a: Beedrill|Beedrill-Mega, M|271\/271
|turn|29
|
|switch|p1a: Beedrill|Beedrill-Mega, M|178\/272
|move|p2a: Beedrill|U-turn|p1a: Beedrill
|-resisted|p1a: Beedrill
|-damage|p1a: Beedrill|0 fnt
|faint|p1a: Beedrill
|
|
|switch|p1a: Hydreigon|Hydreigon, F|310\/325
|turn|30
|
|move|p2a: Beedrill|Protect|p2a: Beedrill
|-singleturn|p2a: Beedrill|Protect
|move|p1a: Hydreigon|Draco Meteor|p2a: Beedrill
|-activate|p2a: Beedrill|Protect
|
|turn|31
|c|âMerve|gg
|
|move|p1a: Hydreigon|Draco Meteor|p2a: Beedrill
|-damage|p2a: Beedrill|6\/271
|-unboost|p1a: Hydreigon|spa|2
|move|p2a: Beedrill|U-turn|p1a: Hydreigon
|-supereffective|p1a: Hydreigon
|-damage|p1a: Hydreigon|0 fnt
|faint|p1a: Hydreigon
|
|win|Merve
|raw|Ladder updating...
|c|âMrMars|my god
|c|âMerve|bulkdrill
|c|âMrMars|buuulk
|c|âMerve|lmao
|c|âMrMars|gg
|raw|MrMars's rating: 1341 &rarr; <strong>1324<\/strong><br \/>(-17 for losing)
|raw|Merve's rating: 1397 &rarr; <strong>1414<\/strong><br \/>(+17 for winning)
|c|âMerve|i thought i lost
|c|âMerve|wow
|c|âMerve|gg
|c|âMrMars|great game tbh
|c|âMerve|yes
|c|âMrMars|very fast paced