|join|dzc4627
|join|Mira21
|player|p1|dzc4627|137
|player|p2|Mira21|101
|gametype|singles
|gen|6
|tier|OU
|rated
|clearpoke
|poke|p1|Pinsir, M
|poke|p1|Manaphy
|poke|p1|Wobbuffet, M
|poke|p1|Shuckle, M
|poke|p1|Bisharp, M
|poke|p1|Gengar, M
|poke|p2|Diancie
|poke|p2|Rotom-Wash
|poke|p2|Mamoswine, F
|poke|p2|Entei, shiny
|poke|p2|Klefki, F
|poke|p2|Celebi
|rule|Swagger Clause: Swagger is banned
|rule|Baton Pass Clause: Limit one PokÃ©mon knowing Baton Pass
|rule|Sleep Clause Mod: Limit one foe put to sleep
|rule|Species Clause: Limit one of each PokÃ©mon
|rule|OHKO Clause: OHKO moves are banned
|rule|Moody Clause: Moody is banned
|rule|Evasion Moves Clause: Evasion moves are banned
|rule|Endless Battle Clause: Forcing endless battles is banned
|rule|HP Percentage Mod: HP is shown in percentages
|teampreview
|
|start
|switch|p1a: Wobbuffet|Wobbuffet, M|534\/534
|switch|p2a: Diancie|Diancie|241\/241
|turn|1
|
|move|p2a: Diancie|Moonblast|p1a: Wobbuffet
|-damage|p1a: Wobbuffet|341\/534
|move|p1a: Wobbuffet|Encore|p2a: Diancie
|-start|p2a: Diancie|Encore
|
|turn|2
|
|move|p2a: Diancie|Moonblast|p1a: Wobbuffet
|-damage|p1a: Wobbuffet|160\/534
|-enditem|p1a: Wobbuffet|Sitrus Berry|[eat]
|-heal|p1a: Wobbuffet|293\/534|[from] item: Sitrus Berry
|move|p1a: Wobbuffet|Mirror Coat|p2a: Diancie
|-damage|p2a: Diancie|0 fnt
|faint|p2a: Diancie
|
|
|switch|p2a: Klefki|Klefki, F|318\/318
|turn|3
|
|move|p2a: Klefki|Spikes|p1a: Wobbuffet
|-sidestart|p1: dzc4627|Spikes
|move|p1a: Wobbuffet|Safeguard|p1a: Wobbuffet
|-sidestart|p1: dzc4627|Safeguard
|
|turn|4
|
|move|p2a: Klefki|Spikes|p1a: Wobbuffet
|-sidestart|p1: dzc4627|Spikes
|move|p1a: Wobbuffet|Encore|p2a: Klefki
|-start|p2a: Klefki|Encore
|
|turn|5
|
|switch|p1a: Manaphy|Manaphy|353\/353
|-damage|p1a: Manaphy|295\/353|[from] Spikes
|move|p2a: Klefki|Spikes|p1a: Manaphy
|-sidestart|p1: dzc4627|Spikes
|
|-heal|p1a: Manaphy|317\/353|[from] item: Leftovers
|turn|6
|
|switch|p2a: Rotom-Wash|Rotom-Wash|304\/304
|move|p1a: Manaphy|Tail Glow|p1a: Manaphy
|-boost|p1a: Manaphy|spa|3
|
|-heal|p1a: Manaphy|339\/353|[from] item: Leftovers
|turn|7
|
|switch|p2a: Klefki|Klefki, F|318\/318
|move|p1a: Manaphy|Energy Ball|p2a: Klefki
|-resisted|p2a: Klefki
|-damage|p2a: Klefki|227\/318
|
|-heal|p1a: Manaphy|353\/353|[from] item: Leftovers
|-heal|p2a: Klefki|246\/318|[from] item: Leftovers
|-sideend|p1: dzc4627|Safeguard
|turn|8
|
|move|p2a: Klefki|Thunder Wave|p1a: Manaphy
|-status|p1a: Manaphy|par
|move|p1a: Manaphy|Scald|p2a: Klefki
|-damage|p2a: Klefki|0 fnt
|faint|p2a: Klefki
|
|
|switch|p2a: Rotom-Wash|Rotom-Wash|304\/304
|turn|9
|
|move|p2a: Rotom-Wash|Volt Switch|p1a: Manaphy
|-supereffective|p1a: Manaphy
|-damage|p1a: Manaphy|189\/353 par
|
|switch|p2a: Celebi|Celebi|404\/404
|move|p1a: Manaphy|Scald|p2a: Celebi
|-resisted|p2a: Celebi
|-damage|p2a: Celebi|273\/404
|
|-heal|p2a: Celebi|298\/404|[from] item: Leftovers
|-heal|p1a: Manaphy|211\/353 par|[from] item: Leftovers
|turn|10
|
|move|p2a: Celebi|Giga Drain|p1a: Manaphy
|-supereffective|p1a: Manaphy
|-damage|p1a: Manaphy|0 fnt
|-heal|p2a: Celebi|404\/404|[from] drain|[of] p1a: Manaphy
|faint|p1a: Manaphy
|
|
|switch|p1a: Bisharp|Bisharp, M|272\/272
|-damage|p1a: Bisharp|204\/272|[from] Spikes
|turn|11
|
|move|p1a: Bisharp|Knock Off|p2a: Celebi
|-supereffective|p2a: Celebi
|-damage|p2a: Celebi|0 fnt
|-enditem|p2a: Celebi|Leftovers|[from] move: Knock Off|[of] p1a: Bisharp
|-damage|p1a: Bisharp|177\/272|[from] item: Life Orb
|faint|p2a: Celebi
|
|
|switch|p2a: Entei|Entei, shiny|371\/371
|-ability|p2a: Entei|Pressure
|turn|12
|
|switch|p1a: Shuckle|Shuckle, M|244\/244
|-damage|p1a: Shuckle|183\/244|[from] Spikes
|move|p2a: Entei|Sacred Fire|p1a: Shuckle|[miss]
|-miss|p2a: Entei|p1a: Shuckle
|
|turn|13
|
|move|p2a: Entei|Sacred Fire|p1a: Shuckle
|-damage|p1a: Shuckle|75\/244
|-status|p1a: Shuckle|brn
|move|p1a: Shuckle|Sticky Web|p2a: Entei
|-sidestart|p2: Mira21|move: Sticky Web
|
|-damage|p1a: Shuckle|45\/244 brn|[from] brn
|turn|14
|
|move|p2a: Entei|Sacred Fire|p1a: Shuckle
|-damage|p1a: Shuckle|0 fnt
|faint|p1a: Shuckle
|
|
|switch|p1a: Wobbuffet|Wobbuffet, M|293\/534
|-damage|p1a: Wobbuffet|160\/534|[from] Spikes
|turn|15
|
|move|p2a: Entei|Sacred Fire|p1a: Wobbuffet
|-damage|p1a: Wobbuffet|0 fnt
|faint|p1a: Wobbuffet
|
|
|switch|p1a: Gengar|Gengar, M|261\/261
|turn|16
|
|switch|p2a: Rotom-Wash|Rotom-Wash|304\/304
|move|p1a: Gengar|Destiny Bond|p1a: Gengar
|-singlemove|p1a: Gengar|Destiny Bond
|
|turn|17
|
|move|p1a: Gengar|Destiny Bond|p1a: Gengar
|-singlemove|p1a: Gengar|Destiny Bond
|move|p2a: Rotom-Wash|Will-O-Wisp|p1a: Gengar
|-status|p1a: Gengar|brn
|
|-damage|p1a: Gengar|229\/261 brn|[from] brn
|turn|18
|
|move|p1a: Gengar|Destiny Bond|p1a: Gengar
|-singlemove|p1a: Gengar|Destiny Bond
|move|p2a: Rotom-Wash|Hydro Pump|p1a: Gengar
|-crit|p1a: Gengar
|-damage|p1a: Gengar|0 fnt
|faint|p1a: Gengar
|-activate|p1a: Gengar|Destiny Bond
|faint|p2a: Rotom-Wash
|
|c|âMira21|T_T
|
|switch|p2a: Entei|Entei, shiny|371\/371
|switch|p1a: Bisharp|Bisharp, M|177\/272
|-activate|p2a: Entei|move: Sticky Web
|-unboost|p2a: Entei|spe|1
|-ability|p2a: Entei|Pressure
|-damage|p1a: Bisharp|109\/272|[from] Spikes
|turn|19
|
|move|p1a: Bisharp|Knock Off|p2a: Entei
|-damage|p2a: Entei|124\/371
|-enditem|p2a: Entei|Choice Band|[from] move: Knock Off|[of] p1a: Bisharp
|-damage|p1a: Bisharp|82\/272|[from] item: Life Orb
|move|p2a: Entei|Sacred Fire|p1a: Bisharp
|-crit|p1a: Bisharp
|-supereffective|p1a: Bisharp
|-damage|p1a: Bisharp|0 fnt
|faint|p1a: Bisharp
|
|
|switch|p1a: Pinsir|Pinsir, M|271\/271
|-damage|p1a: Pinsir|204\/271|[from] Spikes
|turn|20
|
|detailschange|p1a: Pinsir|Pinsir-Mega, M
|-mega|p1a: Pinsir|Pinsir|Pinsirite
|move|p2a: Entei|Extreme Speed|p1a: Pinsir
|-damage|p1a: Pinsir|116\/271
|move|p1a: Pinsir|Quick Attack|p2a: Entei
|-damage|p2a: Entei|10\/371
|
|turn|21
|
|move|p2a: Entei|Extreme Speed|p1a: Pinsir
|-damage|p1a: Pinsir|36\/271
|move|p1a: Pinsir|Quick Attack|p2a: Entei
|-crit|p2a: Entei
|-damage|p2a: Entei|0 fnt
|faint|p2a: Entei
|
|
|switch|p2a: Mamoswine|Mamoswine, F|361\/361
|-activate|p2a: Mamoswine|move: Sticky Web
|-unboost|p2a: Mamoswine|spe|1
|turn|22
|c|âMira21|gg
|
|move|p1a: Pinsir|Quick Attack|p2a: Mamoswine
|-damage|p2a: Mamoswine|241\/361
|move|p2a: Mamoswine|Ice Shard|p1a: Pinsir
|-supereffective|p1a: Pinsir
|-damage|p1a: Pinsir|0 fnt
|faint|p1a: Pinsir
|
|win|Mira21
|raw|Ladder updating...
|raw|dzc4627's rating: 1409 &rarr; <strong>1390<\/strong><br \/>(-19 for losing)
|raw|Mira21's rating: 1430 &rarr; <strong>1449<\/strong><br \/>(+19 for winning)
|leave|dzc4627
|player|p1