|join|dzc4627
|join|JackTheBreloom
|player|p1|dzc4627|137
|player|p2|JackTheBreloom|10
|gametype|singles
|gen|6
|tier|OU
|rated
|clearpoke
|poke|p1|Pinsir, M
|poke|p1|Manaphy
|poke|p1|Wobbuffet, M
|poke|p1|Shuckle, M
|poke|p1|Bisharp, M
|poke|p1|Gengar, M
|poke|p2|Slowbro, F
|poke|p2|Thundurus-Therian, M
|poke|p2|Scizor, F
|poke|p2|Tyranitar, F
|poke|p2|Sylveon, F
|poke|p2|Arcanine, F
|rule|Swagger Clause: Swagger is banned
|rule|Baton Pass Clause: Limit one PokÃ©mon knowing Baton Pass
|rule|Sleep Clause Mod: Limit one foe put to sleep
|rule|Species Clause: Limit one of each PokÃ©mon
|rule|OHKO Clause: OHKO moves are banned
|rule|Moody Clause: Moody is banned
|rule|Evasion Moves Clause: Evasion moves are banned
|rule|Endless Battle Clause: Forcing endless battles is banned
|rule|HP Percentage Mod: HP is shown in percentages
|teampreview
|
|start
|switch|p1a: Shuckle|Shuckle, M|244\/244
|switch|p2a: Scizor|Scizor, F|343\/343
|turn|1
|
|move|p2a: Scizor|Knock Off|p1a: Shuckle
|-damage|p1a: Shuckle|206\/244
|-enditem|p1a: Shuckle|Mental Herb|[from] move: Knock Off|[of] p2a: Scizor
|move|p1a: Shuckle|Sticky Web|p2a: Scizor
|-sidestart|p2: JackTheBreloom|move: Sticky Web
|
|turn|2
|
|move|p2a: Scizor|Knock Off|p1a: Shuckle
|-damage|p1a: Shuckle|180\/244
|move|p1a: Shuckle|Stealth Rock|p2a: Scizor
|-sidestart|p2: JackTheBreloom|move: Stealth Rock
|
|turn|3
|
|move|p2a: Scizor|Defog|p1a: Shuckle
|-unboost|p1a: Shuckle|evasion|1
|-sideend|p2: JackTheBreloom|Stealth Rock|[from] move: Defog|[of] p2a: Scizor
|-sideend|p2: JackTheBreloom|Sticky Web|[from] move: Defog|[of] p2a: Scizor
|move|p1a: Shuckle|Infestation|p2a: Scizor
|-resisted|p2a: Scizor
|-damage|p2a: Scizor|340\/343
|-activate|p2a: Scizor|move: Infestation|[of] p1a: Shuckle
|
|-heal|p2a: Scizor|343\/343|[from] item: Leftovers
|-damage|p2a: Scizor|301\/343|[from] move: Infestation|[partiallytrapped]
|turn|4
|
|move|p2a: Scizor|U-turn|p1a: Shuckle
|-damage|p1a: Shuckle|135\/244
|
|switch|p2a: Slowbro|Slowbro, F|394\/394
|move|p1a: Shuckle|Encore|p2a: Slowbro
|-fail|p2a: Slowbro
|
|turn|5
|
|detailschange|p2a: Slowbro|Slowbro-Mega, F
|-mega|p2a: Slowbro|Slowbro|Slowbronite
|move|p2a: Slowbro|Scald|p1a: Shuckle
|-supereffective|p1a: Shuckle
|-damage|p1a: Shuckle|0 fnt
|faint|p1a: Shuckle
|
|
|switch|p1a: Gengar|Gengar, M|261\/261
|turn|6
|
|switch|p2a: Tyranitar|Tyranitar, F|403\/403
|-weather|Sandstorm
|move|p1a: Gengar|Shadow Ball|p2a: Tyranitar
|-resisted|p2a: Tyranitar
|-damage|p2a: Tyranitar|373\/403
|
|-weather|Sandstorm|[upkeep]
|-damage|p1a: Gengar|245\/261|[from] sandstorm
|turn|7
|
|switch|p1a: Bisharp|Bisharp, M|272\/272
|move|p2a: Tyranitar|Crunch|p1a: Bisharp
|-resisted|p1a: Bisharp
|-damage|p1a: Bisharp|194\/272
|
|-weather|Sandstorm|[upkeep]
|turn|8
|
|switch|p2a: Arcanine|Arcanine, F|383\/383
|-ability|p2a: Arcanine|Intimidate|[of] p1a: Bisharp
|-unboost|p1a: Bisharp|atk|1
|-boost|p1a: Bisharp|atk|2|[from] ability: Defiant
|move|p1a: Bisharp|Knock Off|p2a: Arcanine
|-damage|p2a: Arcanine|0 fnt
|-enditem|p2a: Arcanine|Choice Band|[from] move: Knock Off|[of] p1a: Bisharp
|-damage|p1a: Bisharp|167\/272|[from] item: Life Orb
|faint|p2a: Arcanine
|
|-weather|Sandstorm|[upkeep]
|
|switch|p2a: Slowbro|Slowbro-Mega, F|394\/394
|turn|9
|
|switch|p1a: Wobbuffet|Wobbuffet, M|534\/534
|move|p2a: Slowbro|Scald|p1a: Wobbuffet
|-damage|p1a: Wobbuffet|347\/534
|-status|p1a: Wobbuffet|brn
|
|-weather|Sandstorm|[upkeep]
|-damage|p1a: Wobbuffet|314\/534 brn|[from] sandstorm
|-damage|p2a: Slowbro|370\/394|[from] sandstorm
|-damage|p1a: Wobbuffet|248\/534 brn|[from] brn
|-enditem|p1a: Wobbuffet|Sitrus Berry|[eat]
|-heal|p1a: Wobbuffet|381\/534 brn|[from] item: Sitrus Berry
|turn|10
|
|move|p2a: Slowbro|Psyshock|p1a: Wobbuffet
|-resisted|p1a: Wobbuffet
|-damage|p1a: Wobbuffet|304\/534 brn
|move|p1a: Wobbuffet|Mirror Coat|p2a: Slowbro
|-damage|p2a: Slowbro|216\/394
|
|-weather|none
|-damage|p1a: Wobbuffet|238\/534 brn|[from] brn
|turn|11
|
|move|p1a: Wobbuffet|Encore|p2a: Slowbro
|-start|p2a: Slowbro|Encore
|move|p2a: Slowbro|Psyshock|p1a: Wobbuffet
|-resisted|p1a: Wobbuffet
|-damage|p1a: Wobbuffet|158\/534 brn
|
|-damage|p1a: Wobbuffet|92\/534 brn|[from] brn
|turn|12
|
|move|p2a: Slowbro|Psyshock|p1a: Wobbuffet
|-resisted|p1a: Wobbuffet
|-damage|p1a: Wobbuffet|7\/534 brn
|move|p1a: Wobbuffet|Mirror Coat|p2a: Slowbro
|-damage|p2a: Slowbro|46\/394
|
|-damage|p1a: Wobbuffet|0 fnt|[from] brn
|faint|p1a: Wobbuffet
|
|switch|p1a: Bisharp|Bisharp, M|167\/272
|turn|13
|
|switch|p2a: Scizor|Scizor, F|301\/343
|move|p1a: Bisharp|Knock Off|p2a: Scizor
|-damage|p2a: Scizor|136\/343
|-enditem|p2a: Scizor|Leftovers|[from] move: Knock Off|[of] p1a: Bisharp
|-damage|p1a: Bisharp|140\/272|[from] item: Life Orb
|
|turn|14
|
|move|p1a: Bisharp|Low Kick|p2a: Scizor
|-damage|p2a: Scizor|26\/343
|-damage|p1a: Bisharp|113\/272|[from] item: Life Orb
|move|p2a: Scizor|Roost|p2a: Scizor
|-heal|p2a: Scizor|198\/343
|
|turn|15
|
|switch|p1a: Manaphy|Manaphy|353\/353
|move|p2a: Scizor|Roost|p2a: Scizor
|-heal|p2a: Scizor|343\/343
|
|turn|16
|
|move|p1a: Manaphy|Scald|p2a: Scizor
|-damage|p2a: Scizor|196\/343
|-status|p2a: Scizor|brn
|move|p2a: Scizor|U-turn|p1a: Manaphy
|-damage|p1a: Manaphy|304\/353
|
|switch|p2a: Thundurus-Therian|Thundurus-Therian, M|299\/299
|
|-heal|p1a: Manaphy|326\/353|[from] item: Leftovers
|turn|17
|
|move|p2a: Thundurus-Therian|Thunderbolt|p1a: Manaphy
|-supereffective|p1a: Manaphy
|-damage|p1a: Manaphy|0 fnt
|faint|p1a: Manaphy
|
|
|switch|p1a: Gengar|Gengar, M|245\/261
|turn|18
|
|switch|p2a: Tyranitar|Tyranitar, F|373\/403
|-weather|Sandstorm
|move|p1a: Gengar|Shadow Ball|p2a: Tyranitar
|-resisted|p2a: Tyranitar
|-damage|p2a: Tyranitar|342\/403
|-unboost|p2a: Tyranitar|spd|1
|
|-weather|Sandstorm|[upkeep]
|-damage|p1a: Gengar|229\/261|[from] sandstorm
|turn|19
|
|switch|p1a: Pinsir|Pinsir, M|271\/271
|move|p2a: Tyranitar|Earthquake|p1a: Pinsir
|-resisted|p1a: Pinsir
|-damage|p1a: Pinsir|207\/271
|
|-weather|Sandstorm|[upkeep]
|-damage|p1a: Pinsir|191\/271|[from] sandstorm
|turn|20
|
|switch|p2a: Sylveon|Sylveon, F|393\/393
|detailschange|p1a: Pinsir|Pinsir-Mega, M
|-mega|p1a: Pinsir|Pinsir|Pinsirite
|move|p1a: Pinsir|Return|p2a: Sylveon
|-damage|p2a: Sylveon|120\/393
|
|-weather|Sandstorm|[upkeep]
|-damage|p1a: Pinsir|175\/271|[from] sandstorm
|-damage|p2a: Sylveon|96\/393|[from] sandstorm
|-heal|p2a: Sylveon|120\/393|[from] item: Leftovers
|turn|21
|
|move|p2a: Sylveon|Protect|p2a: Sylveon
|-singleturn|p2a: Sylveon|Protect
|move|p1a: Pinsir|Return|p2a: Sylveon
|-activate|p2a: Sylveon|Protect
|
|-weather|Sandstorm|[upkeep]
|-damage|p1a: Pinsir|159\/271|[from] sandstorm
|-damage|p2a: Sylveon|96\/393|[from] sandstorm
|-heal|p2a: Sylveon|120\/393|[from] item: Leftovers
|turn|22
|c|âdzc4627|ugh
|
|switch|p2a: Slowbro|Slowbro-Mega, F|46\/394
|move|p1a: Pinsir|Return|p2a: Slowbro
|-damage|p2a: Slowbro|0 fnt
|faint|p2a: Slowbro
|
|-weather|none
|join|barnnaby
|
|switch|p2a: Thundurus-Therian|Thundurus-Therian, M|299\/299
|turn|23
|
|move|p2a: Thundurus-Therian|Volt Switch|p1a: Pinsir
|-supereffective|p1a: Pinsir
|-damage|p1a: Pinsir|0 fnt
|faint|p1a: Pinsir
|
|switch|p2a: Scizor|Scizor, F|196\/343 brn
|
|-damage|p2a: Scizor|154\/343 brn|[from] brn
|
|switch|p1a: Gengar|Gengar, M|229\/261
|turn|24
|
|move|p1a: Gengar|Focus Blast|p2a: Scizor
|-damage|p2a: Scizor|0 fnt
|faint|p2a: Scizor
|
|
|switch|p2a: Tyranitar|Tyranitar, F|342\/403
|-weather|Sandstorm
|turn|25
|
|move|p1a: Gengar|Focus Blast|p2a: Tyranitar
|-supereffective|p2a: Tyranitar
|-damage|p2a: Tyranitar|86\/403
|move|p2a: Tyranitar|Crunch|p1a: Gengar
|-supereffective|p1a: Gengar
|-damage|p1a: Gengar|0 fnt
|faint|p1a: Gengar
|
|-weather|Sandstorm|[upkeep]
|
|switch|p1a: Bisharp|Bisharp, M|113\/272
|turn|26
|
|move|p1a: Bisharp|Iron Head|p2a: Tyranitar
|-supereffective|p2a: Tyranitar
|-damage|p2a: Tyranitar|0 fnt
|-damage|p1a: Bisharp|86\/272|[from] item: Life Orb
|faint|p2a: Tyranitar
|
|-weather|Sandstorm|[upkeep]
|
|switch|p2a: Thundurus-Therian|Thundurus-Therian, M|299\/299
|turn|27
|
|move|p1a: Bisharp|Sucker Punch|p2a: Thundurus-Therian
|-damage|p2a: Thundurus-Therian|73\/299
|-damage|p1a: Bisharp|59\/272|[from] item: Life Orb
|move|p2a: Thundurus-Therian|Thunderbolt|p1a: Bisharp
|-damage|p1a: Bisharp|0 fnt
|faint|p1a: Bisharp
|
|win|JackTheBreloom
|raw|Ladder updating...
|raw|dzc4627's rating: 1443 &rarr; <strong>1425<\/strong><br \/>(-18 for losing)
|raw|JackTheBreloom's rating: 1468 &rarr; <strong>1487<\/strong><br \/>(+19 for winning)
|leave|dzc4627
|player|p1
|c|âJackTheBreloom|gg