|join|dzc4627
|join|Ascendant Justice
|player|p1|dzc4627|137
|player|p2|Ascendant Justice|288
|gametype|singles
|gen|6
|tier|OU
|rated
|clearpoke
|poke|p1|Pinsir, M
|poke|p1|Manaphy
|poke|p1|Wobbuffet, M
|poke|p1|Shuckle, M
|poke|p1|Bisharp, M
|poke|p1|Gengar, M
|poke|p2|Gengar, F
|poke|p2|Thundurus, M
|poke|p2|Keldeo-Resolute
|poke|p2|Metagross
|poke|p2|Landorus, M
|poke|p2|Alakazam, F
|rule|Swagger Clause: Swagger is banned
|rule|Baton Pass Clause: Limit one PokÃ©mon knowing Baton Pass
|rule|Sleep Clause Mod: Limit one foe put to sleep
|rule|Species Clause: Limit one of each PokÃ©mon
|rule|OHKO Clause: OHKO moves are banned
|rule|Moody Clause: Moody is banned
|rule|Evasion Moves Clause: Evasion moves are banned
|rule|Endless Battle Clause: Forcing endless battles is banned
|rule|HP Percentage Mod: HP is shown in percentages
|teampreview
|c|âAscendant Justice|gl
|
|start
|switch|p1a: Shuckle|Shuckle, M|244\/244
|switch|p2a: Keldeo-Resolute|Keldeo-Resolute|323\/323
|turn|1
|
|move|p2a: Keldeo-Resolute|Substitute|p2a: Keldeo-Resolute
|-start|p2a: Keldeo-Resolute|Substitute
|-damage|p2a: Keldeo-Resolute|243\/323
|move|p1a: Shuckle|Sticky Web|p2a: Keldeo-Resolute
|-sidestart|p2: Ascendant Justice|move: Sticky Web
|
|-heal|p2a: Keldeo-Resolute|263\/323|[from] item: Leftovers
|turn|2
|
|move|p2a: Keldeo-Resolute|Calm Mind|p2a: Keldeo-Resolute
|-boost|p2a: Keldeo-Resolute|spa|1
|-boost|p2a: Keldeo-Resolute|spd|1
|move|p1a: Shuckle|Encore|p2a: Keldeo-Resolute
|-start|p2a: Keldeo-Resolute|Encore
|
|-heal|p2a: Keldeo-Resolute|283\/323|[from] item: Leftovers
|turn|3
|
|switch|p1a: Pinsir|Pinsir, M|271\/271
|move|p2a: Keldeo-Resolute|Calm Mind|p2a: Keldeo-Resolute
|-boost|p2a: Keldeo-Resolute|spa|1
|-boost|p2a: Keldeo-Resolute|spd|1
|
|-heal|p2a: Keldeo-Resolute|303\/323|[from] item: Leftovers
|turn|4
|
|detailschange|p1a: Pinsir|Pinsir-Mega, M
|-mega|p1a: Pinsir|Pinsir|Pinsirite
|move|p2a: Keldeo-Resolute|Calm Mind|p2a: Keldeo-Resolute
|-boost|p2a: Keldeo-Resolute|spa|1
|-boost|p2a: Keldeo-Resolute|spd|1
|move|p1a: Pinsir|Return|p2a: Keldeo-Resolute
|-supereffective|p2a: Keldeo-Resolute
|-end|p2a: Keldeo-Resolute|Substitute
|
|-heal|p2a: Keldeo-Resolute|323\/323|[from] item: Leftovers
|turn|5
|
|switch|p2a: Metagross|Metagross|302\/302
|-activate|p2a: Metagross|move: Sticky Web
|-fail|p2a: Metagross|unboost|[from] ability: Clear Body|[of] p2a: Metagross
|move|p1a: Pinsir|Return|p2a: Metagross
|-resisted|p2a: Metagross
|-damage|p2a: Metagross|195\/302
|
|turn|6
|
|switch|p1a: Shuckle|Shuckle, M|244\/244
|switch|p2a: Gengar|Gengar, F|261\/261
|
|turn|7
|
|move|p2a: Gengar|Substitute|p2a: Gengar
|-start|p2a: Gengar|Substitute
|-damage|p2a: Gengar|196\/261
|move|p1a: Shuckle|Stealth Rock|p2a: Gengar
|-sidestart|p2: Ascendant Justice|move: Stealth Rock
|
|turn|8
|
|move|p2a: Gengar|Shadow Ball|p1a: Shuckle
|-damage|p1a: Shuckle|150\/244
|-damage|p2a: Gengar|170\/261|[from] item: Life Orb
|move|p1a: Shuckle|Encore|p2a: Gengar
|-start|p2a: Gengar|Encore
|
|turn|9
|
|switch|p1a: Bisharp|Bisharp, M|272\/272
|move|p2a: Gengar|Shadow Ball|p1a: Bisharp
|-resisted|p1a: Bisharp
|-damage|p1a: Bisharp|139\/272
|-unboost|p1a: Bisharp|spd|1
|-boost|p1a: Bisharp|atk|2|[from] ability: Defiant
|-damage|p2a: Gengar|144\/261|[from] item: Life Orb
|
|turn|10
|
|move|p2a: Gengar|Shadow Ball|p1a: Bisharp
|-resisted|p1a: Bisharp
|-damage|p1a: Bisharp|0 fnt
|-damage|p2a: Gengar|118\/261|[from] item: Life Orb
|faint|p1a: Bisharp
|
|
|switch|p1a: Shuckle|Shuckle, M|150\/244
|turn|11
|
|move|p2a: Gengar|Shadow Ball|p1a: Shuckle
|-damage|p1a: Shuckle|68\/244
|-damage|p2a: Gengar|92\/261|[from] item: Life Orb
|move|p1a: Shuckle|Infestation|p2a: Gengar
|-resisted|p2a: Gengar
|-activate|p2a: Gengar|Substitute|[damage]
|
|-end|p2a: Gengar|Encore
|turn|12
|
|move|p2a: Gengar|Shadow Ball|p1a: Shuckle
|-damage|p1a: Shuckle|0 fnt
|-damage|p2a: Gengar|66\/261|[from] item: Life Orb
|faint|p1a: Shuckle
|
|
|switch|p1a: Manaphy|Manaphy|353\/353
|turn|13
|
|move|p2a: Gengar|Sludge Wave|p1a: Manaphy
|-damage|p1a: Manaphy|150\/353
|-damage|p2a: Gengar|40\/261|[from] item: Life Orb
|move|p1a: Manaphy|Ice Beam|p2a: Gengar
|-end|p2a: Gengar|Substitute
|
|-heal|p1a: Manaphy|172\/353|[from] item: Leftovers
|turn|14
|
|move|p2a: Gengar|Sludge Wave|p1a: Manaphy
|-damage|p1a: Manaphy|0 fnt
|-damage|p2a: Gengar|14\/261|[from] item: Life Orb
|faint|p1a: Manaphy
|
|
|switch|p1a: Gengar|Gengar, M|261\/261
|turn|15
|
|move|p1a: Gengar|Shadow Ball|p2a: Gengar
|-supereffective|p2a: Gengar
|-damage|p2a: Gengar|0 fnt
|faint|p2a: Gengar
|
|
|switch|p2a: Landorus|Landorus, M|319\/319
|-damage|p2a: Landorus|280\/319|[from] Stealth Rock
|turn|16
|
|switch|p1a: Wobbuffet|Wobbuffet, M|534\/534
|move|p2a: Landorus|Knock Off|p1a: Wobbuffet
|-supereffective|p1a: Wobbuffet
|-damage|p1a: Wobbuffet|297\/534
|-enditem|p1a: Wobbuffet|Sitrus Berry|[from] move: Knock Off|[of] p2a: Landorus
|-damage|p2a: Landorus|249\/319|[from] item: Life Orb
|
|turn|17
|
|move|p2a: Landorus|Stealth Rock|p1a: Wobbuffet
|-sidestart|p1: dzc4627|move: Stealth Rock
|move|p1a: Wobbuffet|Mirror Coat|p2a: Landorus
|-fail|p2a: Landorus
|
|turn|18
|
|move|p2a: Landorus|Knock Off|p1a: Wobbuffet
|-supereffective|p1a: Wobbuffet
|-damage|p1a: Wobbuffet|133\/534
|-damage|p2a: Landorus|218\/319|[from] item: Life Orb
|move|p1a: Wobbuffet|Counter|p2a: Landorus
|-damage|p2a: Landorus|0 fnt
|faint|p2a: Landorus
|
|
|switch|p2a: Thundurus|Thundurus, M|299\/299
|-damage|p2a: Thundurus|225\/299|[from] Stealth Rock
|turn|19
|
|move|p2a: Thundurus|Thunderbolt|p1a: Wobbuffet
|-damage|p1a: Wobbuffet|0 fnt
|-damage|p2a: Thundurus|196\/299|[from] item: Life Orb
|faint|p1a: Wobbuffet
|
|
|switch|p1a: Gengar|Gengar, M|261\/261
|-damage|p1a: Gengar|229\/261|[from] Stealth Rock
|turn|20
|
|move|p1a: Gengar|Shadow Ball|p2a: Thundurus
|-damage|p2a: Thundurus|13\/299
|move|p2a: Thundurus|Thunderbolt|p1a: Gengar
|-damage|p1a: Gengar|0 fnt
|-damage|p2a: Thundurus|0 fnt|[from] item: Life Orb
|faint|p1a: Gengar
|faint|p2a: Thundurus
|
|
|switch|p1a: Pinsir|Pinsir-Mega, M|271\/271
|switch|p2a: Metagross|Metagross|195\/302
|-damage|p1a: Pinsir|136\/271|[from] Stealth Rock
|-damage|p2a: Metagross|177\/302|[from] Stealth Rock
|-activate|p2a: Metagross|move: Sticky Web
|-fail|p2a: Metagross|unboost|[from] ability: Clear Body|[of] p2a: Metagross
|turn|21
|
|detailschange|p2a: Metagross|Metagross-Mega
|-mega|p2a: Metagross|Metagross|Metagrossite
|move|p1a: Pinsir|Close Combat|p2a: Metagross
|-damage|p2a: Metagross|60\/302
|-unboost|p1a: Pinsir|def|1
|-unboost|p1a: Pinsir|spd|1
|move|p2a: Metagross|Ice Punch|p1a: Pinsir
|-supereffective|p1a: Pinsir
|-damage|p1a: Pinsir|0 fnt
|faint|p1a: Pinsir
|
|win|Ascendant Justice
|raw|Ladder updating...
|raw|dzc4627's rating: 1423 &rarr; <strong>1402<\/strong><br \/>(-21 for losing)
|raw|Ascendant Justice's rating: 1397 &rarr; <strong>1419<\/strong><br \/>(+22 for winning)
|c|âAscendant Justice|gg
|leave|dzc4627
|player|p1
|c|âAscendant Justice|gg!