|join|gneo
|join|dzc4627
|player|p1|gneo|260
|player|p2|dzc4627|137
|gametype|singles
|gen|6
|tier|OU
|rated
|clearpoke
|poke|p1|Charizard, M
|poke|p1|Latios, M
|poke|p1|Landorus, M
|poke|p1|Mamoswine, M
|poke|p1|Jirachi
|poke|p1|Ferrothorn, M
|poke|p2|Pinsir, M
|poke|p2|Manaphy
|poke|p2|Wobbuffet, M
|poke|p2|Shuckle, M
|poke|p2|Bisharp, M
|poke|p2|Gengar, M
|rule|Swagger Clause: Swagger is banned
|rule|Baton Pass Clause: Limit one PokÃ©mon knowing Baton Pass
|rule|Sleep Clause Mod: Limit one foe put to sleep
|rule|Species Clause: Limit one of each PokÃ©mon
|rule|OHKO Clause: OHKO moves are banned
|rule|Moody Clause: Moody is banned
|rule|Evasion Moves Clause: Evasion moves are banned
|rule|Endless Battle Clause: Forcing endless battles is banned
|rule|HP Percentage Mod: HP is shown in percentages
|teampreview
|
|start
|switch|p1a: Jirachi|Jirachi|404\/404
|switch|p2a: Shuckle|Shuckle, M|244\/244
|turn|1
|
|move|p1a: Jirachi|Body Slam|p2a: Shuckle
|-resisted|p2a: Shuckle
|-damage|p2a: Shuckle|232\/244
|move|p2a: Shuckle|Stealth Rock|p1a: Jirachi
|-sidestart|p1: gneo|move: Stealth Rock
|
|turn|2
|
|move|p1a: Jirachi|Iron Head|p2a: Shuckle
|-supereffective|p2a: Shuckle
|-damage|p2a: Shuckle|154\/244
|cant|p2a: Shuckle|flinch
|
|turn|3
|
|move|p1a: Jirachi|Body Slam|p2a: Shuckle
|-crit|p2a: Shuckle
|-resisted|p2a: Shuckle
|-damage|p2a: Shuckle|134\/244
|-status|p2a: Shuckle|par
|move|p2a: Shuckle|Encore|p1a: Jirachi
|-start|p1a: Jirachi|Encore
|
|turn|4
|
|switch|p1a: Landorus|Landorus, M|319\/319
|-damage|p1a: Landorus|280\/319|[from] Stealth Rock
|move|p2a: Shuckle|Sticky Web|p1a: Landorus
|-sidestart|p1: gneo|move: Sticky Web
|
|turn|5
|
|move|p1a: Landorus|Calm Mind|p1a: Landorus
|-boost|p1a: Landorus|spa|1
|-boost|p1a: Landorus|spd|1
|cant|p2a: Shuckle|par
|
|turn|6
|
|move|p1a: Landorus|Earth Power|p2a: Shuckle
|-damage|p2a: Shuckle|0 fnt
|faint|p2a: Shuckle
|
|
|switch|p2a: Manaphy|Manaphy|353\/353
|turn|7
|
|move|p1a: Landorus|Earth Power|p2a: Manaphy
|-damage|p2a: Manaphy|6\/353
|move|p2a: Manaphy|Ice Beam|p1a: Landorus
|-supereffective|p1a: Landorus
|-damage|p1a: Landorus|16\/319
|-status|p1a: Landorus|frz
|
|-heal|p2a: Manaphy|28\/353|[from] item: Leftovers
|turn|8
|
|cant|p1a: Landorus|frz
|move|p2a: Manaphy|Scald|p1a: Landorus
|-supereffective|p1a: Landorus
|-damage|p1a: Landorus|0 fnt
|faint|p1a: Landorus
|
|-heal|p2a: Manaphy|50\/353|[from] item: Leftovers
|
|switch|p1a: Latios|Latios, M|301\/301
|-damage|p1a: Latios|264\/301|[from] Stealth Rock
|turn|9
|
|move|p1a: Latios|Defog|p2a: Manaphy
|-unboost|p2a: Manaphy|evasion|1
|-sideend|p1: gneo|Stealth Rock|[from] move: Defog|[of] p1a: Latios
|-sideend|p1: gneo|Sticky Web|[from] move: Defog|[of] p1a: Latios
|move|p2a: Manaphy|Ice Beam|p1a: Latios
|-supereffective|p1a: Latios
|-damage|p1a: Latios|98\/301
|
|-heal|p2a: Manaphy|72\/353|[from] item: Leftovers
|turn|10
|
|switch|p1a: Jirachi|Jirachi|404\/404
|move|p2a: Manaphy|Ice Beam|p1a: Jirachi
|-resisted|p1a: Jirachi
|-damage|p1a: Jirachi|372\/404
|
|-heal|p2a: Manaphy|94\/353|[from] item: Leftovers
|-heal|p1a: Jirachi|397\/404|[from] item: Leftovers
|turn|11
|
|move|p2a: Manaphy|Scald|p1a: Jirachi
|-damage|p1a: Jirachi|312\/404
|move|p1a: Jirachi|Body Slam|p2a: Manaphy
|-damage|p2a: Manaphy|25\/353
|-status|p2a: Manaphy|par
|
|-heal|p1a: Jirachi|337\/404|[from] item: Leftovers
|-heal|p2a: Manaphy|47\/353 par|[from] item: Leftovers
|turn|12
|
|move|p1a: Jirachi|Iron Head|p2a: Manaphy
|-resisted|p2a: Manaphy
|-damage|p2a: Manaphy|1\/353 par
|move|p2a: Manaphy|Scald|p1a: Jirachi
|-damage|p1a: Jirachi|253\/404
|-status|p1a: Jirachi|brn
|
|-heal|p1a: Jirachi|278\/404 brn|[from] item: Leftovers
|-heal|p2a: Manaphy|23\/353 par|[from] item: Leftovers
|-damage|p1a: Jirachi|228\/404 brn|[from] brn
|turn|13
|
|move|p1a: Jirachi|Iron Head|p2a: Manaphy
|-resisted|p2a: Manaphy
|-damage|p2a: Manaphy|0 fnt
|faint|p2a: Manaphy
|
|-heal|p1a: Jirachi|253\/404 brn|[from] item: Leftovers
|-damage|p1a: Jirachi|203\/404 brn|[from] brn
|
|switch|p2a: Bisharp|Bisharp, M|272\/272
|turn|14
|
|move|p2a: Bisharp|Knock Off|p1a: Jirachi
|-supereffective|p1a: Jirachi
|-damage|p1a: Jirachi|0 fnt
|-enditem|p1a: Jirachi|Leftovers|[from] move: Knock Off|[of] p2a: Bisharp
|-damage|p2a: Bisharp|245\/272|[from] item: Life Orb
|faint|p1a: Jirachi
|
|
|switch|p1a: Mamoswine|Mamoswine, M|361\/361
|turn|15
|
|switch|p2a: Wobbuffet|Wobbuffet, M|534\/534
|move|p1a: Mamoswine|Stealth Rock|p2a: Wobbuffet
|-sidestart|p2: dzc4627|move: Stealth Rock
|
|turn|16
|
|move|p1a: Mamoswine|Icicle Crash|p2a: Wobbuffet|[miss]
|-miss|p1a: Mamoswine|p2a: Wobbuffet
|move|p2a: Wobbuffet|Counter|p1a: Mamoswine
|-fail|p1a: Mamoswine
|
|turn|17
|
|move|p1a: Mamoswine|Icicle Crash|p2a: Wobbuffet
|-damage|p2a: Wobbuffet|392\/534
|move|p2a: Wobbuffet|Counter|p1a: Mamoswine
|-damage|p1a: Mamoswine|77\/361
|
|turn|18
|
|move|p1a: Mamoswine|Icicle Crash|p2a: Wobbuffet
|-damage|p2a: Wobbuffet|232\/534
|-enditem|p2a: Wobbuffet|Sitrus Berry|[eat]
|-heal|p2a: Wobbuffet|365\/534|[from] item: Sitrus Berry
|move|p2a: Wobbuffet|Counter|p1a: Mamoswine
|-damage|p1a: Mamoswine|0 fnt
|faint|p1a: Mamoswine
|
|
|switch|p1a: Latios|Latios, M|98\/301
|turn|19
|
|move|p1a: Latios|Trick|p2a: Wobbuffet
|-activate|p1a: Latios|move: Trick|[of] p2a: Wobbuffet
|-item|p2a: Wobbuffet|Choice Scarf|[from] move: Trick
|move|p2a: Wobbuffet|Mirror Coat|p1a: Latios
|-fail|p1a: Latios
|
|turn|20
|
|move|p1a: Latios|Draco Meteor|p2a: Wobbuffet
|-damage|p2a: Wobbuffet|107\/534
|-unboost|p1a: Latios|spa|2
|move|p2a: Wobbuffet|Mirror Coat|p1a: Latios
|-damage|p1a: Latios|0 fnt
|faint|p1a: Latios
|
|
|switch|p1a: Charizard|Charizard, M|333\/333
|turn|21
|
|detailschange|p1a: Charizard|Charizard-Mega-X, M
|-mega|p1a: Charizard|Charizard|Charizardite X
|move|p1a: Charizard|Dragon Dance|p1a: Charizard
|-boost|p1a: Charizard|atk|1
|-boost|p1a: Charizard|spe|1
|move|p2a: Wobbuffet|Mirror Coat|p1a: Charizard
|-fail|p1a: Charizard
|
|turn|22
|
|switch|p2a: Bisharp|Bisharp, M|245\/272
|-damage|p2a: Bisharp|228\/272|[from] Stealth Rock
|move|p1a: Charizard|Dragon Dance|p1a: Charizard
|-boost|p1a: Charizard|atk|1
|-boost|p1a: Charizard|spe|1
|
|turn|23
|
|move|p2a: Bisharp|Sucker Punch|p1a: Charizard
|-damage|p1a: Charizard|169\/333
|-damage|p2a: Bisharp|201\/272|[from] item: Life Orb
|move|p1a: Charizard|Flare Blitz|p2a: Bisharp
|-supereffective|p2a: Bisharp
|-damage|p2a: Bisharp|0 fnt
|-damage|p1a: Charizard|103\/333|[from] recoil|[of] p2a: Bisharp
|faint|p2a: Bisharp
|
|
|switch|p2a: Wobbuffet|Wobbuffet, M|107\/534
|-damage|p2a: Wobbuffet|41\/534|[from] Stealth Rock
|turn|24
|
|move|p1a: Charizard|Dragon Claw|p2a: Wobbuffet
|-damage|p2a: Wobbuffet|0 fnt
|faint|p2a: Wobbuffet
|
|
|switch|p2a: Pinsir|Pinsir, M|271\/271
|-damage|p2a: Pinsir|204\/271|[from] Stealth Rock
|turn|25
|
|detailschange|p2a: Pinsir|Pinsir-Mega, M
|-mega|p2a: Pinsir|Pinsir|Pinsirite
|move|p2a: Pinsir|Quick Attack|p1a: Charizard
|-damage|p1a: Charizard|1\/333
|move|p1a: Charizard|Dragon Claw|p2a: Pinsir
|-damage|p2a: Pinsir|0 fnt
|faint|p2a: Pinsir
|
|
|switch|p2a: Gengar|Gengar, M|261\/261
|-damage|p2a: Gengar|229\/261|[from] Stealth Rock
|turn|26
|
|move|p1a: Charizard|Dragon Claw|p2a: Gengar
|-damage|p2a: Gengar|0 fnt
|faint|p2a: Gengar
|
|win|gneo
|raw|Ladder updating...
|raw|gneo's rating: 1411 &rarr; <strong>1428<\/strong><br \/>(+17 for winning)
|raw|dzc4627's rating: 1366 &rarr; <strong>1349<\/strong><br \/>(-17 for losing)
|c|âgneo|gg
|leave|dzc4627
|player|p2