|join|watch me do
|join|dzc4627
|player|p1|watch me do|97
|player|p2|dzc4627|137
|gametype|singles
|gen|6
|tier|OU
|rated
|clearpoke
|poke|p1|Espeon, F, shiny
|poke|p1|Dragonite, M
|poke|p1|Gyarados, M
|poke|p1|Thundurus, M
|poke|p1|Metagross
|poke|p1|Azelf
|poke|p2|Landorus-Therian, M
|poke|p2|Sharpedo, M
|poke|p2|Scizor, M
|poke|p2|Klefki, M
|poke|p2|Raikou
|poke|p2|Latios, M
|rule|Swagger Clause: Swagger is banned
|rule|Baton Pass Clause: Limit one PokÃ©mon knowing Baton Pass
|rule|Sleep Clause Mod: Limit one foe put to sleep
|rule|Species Clause: Limit one of each PokÃ©mon
|rule|OHKO Clause: OHKO moves are banned
|rule|Moody Clause: Moody is banned
|rule|Evasion Moves Clause: Evasion moves are banned
|rule|Endless Battle Clause: Forcing endless battles is banned
|rule|HP Percentage Mod: HP is shown in percentages
|teampreview
|
|start
|switch|p1a: Sanic|Azelf|291\/291
|switch|p2a: Sharpedo|Sharpedo, M|281\/281
|turn|1
|
|move|p1a: Sanic|Stealth Rock|p2a: Sharpedo
|-sidestart|p2: dzc4627|move: Stealth Rock
|move|p2a: Sharpedo|Crunch|p1a: Sanic
|-supereffective|p1a: Sanic
|-enditem|p1a: Sanic|Focus Sash
|-damage|p1a: Sanic|1\/291
|
|-boost|p2a: Sharpedo|spe|1|[from] ability: Speed Boost
|turn|2
|
|move|p2a: Sharpedo|Crunch|p1a: Sanic
|-supereffective|p1a: Sanic
|-damage|p1a: Sanic|0 fnt
|faint|p1a: Sanic
|
|-boost|p2a: Sharpedo|spe|1|[from] ability: Speed Boost
|
|switch|p1a: Neon|Espeon, F, shiny|334\/334
|turn|3
|
|switch|p1a: Let Me Down|Gyarados, M|357\/357
|-ability|p1a: Let Me Down|Intimidate|[of] p2a: Sharpedo
|-unboost|p2a: Sharpedo|atk|1
|detailschange|p2a: Sharpedo|Sharpedo-Mega, M
|-mega|p2a: Sharpedo|Sharpedo|Sharpedonite
|move|p2a: Sharpedo|Crunch|p1a: Let Me Down
|-damage|p1a: Let Me Down|147\/357
|
|turn|4
|
|switch|p1a: Neon|Espeon, F, shiny|334\/334
|move|p2a: Sharpedo|Crunch|p1a: Neon
|-supereffective|p1a: Neon
|-damage|p1a: Neon|0 fnt
|faint|p1a: Neon
|
|
|switch|p1a: Let Me Down|Gyarados, M|147\/357
|-ability|p1a: Let Me Down|Intimidate|[of] p2a: Sharpedo
|-unboost|p2a: Sharpedo|atk|1
|turn|5
|
|detailschange|p1a: Let Me Down|Gyarados-Mega, M
|-mega|p1a: Let Me Down|Gyarados|Gyaradosite
|-ability|p1a: Let Me Down|Mold Breaker
|move|p2a: Sharpedo|Crunch|p1a: Let Me Down
|-resisted|p1a: Let Me Down
|-damage|p1a: Let Me Down|96\/357
|move|p1a: Let Me Down|Waterfall|p2a: Sharpedo
|-resisted|p2a: Sharpedo
|-damage|p2a: Sharpedo|171\/281
|
|turn|6
|
|move|p2a: Sharpedo|Poison Jab|p1a: Let Me Down
|-damage|p1a: Let Me Down|48\/357
|-status|p1a: Let Me Down|psn
|move|p1a: Let Me Down|Dragon Dance|p1a: Let Me Down
|-boost|p1a: Let Me Down|atk|1
|-boost|p1a: Let Me Down|spe|1
|
|-damage|p1a: Let Me Down|4\/357 psn|[from] psn
|turn|7
|
|move|p2a: Sharpedo|Crunch|p1a: Let Me Down
|-resisted|p1a: Let Me Down
|-damage|p1a: Let Me Down|0 fnt
|faint|p1a: Let Me Down
|
|
|switch|p1a: Respect|Dragonite, M|323\/323
|turn|8
|
|switch|p2a: scarf|Landorus-Therian, M|337\/337
|-damage|p2a: scarf|295\/337|[from] Stealth Rock
|-ability|p2a: scarf|Intimidate|[of] p1a: Respect
|-unboost|p1a: Respect|atk|1
|move|p1a: Respect|Dragon Dance|p1a: Respect
|-boost|p1a: Respect|atk|1
|-boost|p1a: Respect|spe|1
|
|turn|9
|
|move|p1a: Respect|Dragon Dance|p1a: Respect
|-boost|p1a: Respect|atk|1
|-boost|p1a: Respect|spe|1
|move|p2a: scarf|Smack Down|p1a: Respect
|-supereffective|p1a: Respect
|-damage|p1a: Respect|250\/323
|-start|p1a: Respect|Smack Down
|
|turn|10
|
|move|p1a: Respect|Outrage|p2a: scarf
|-damage|p2a: scarf|0 fnt
|faint|p2a: scarf
|
|
|switch|p2a: Klefki|Klefki, M|317\/317
|-damage|p2a: Klefki|298\/317|[from] Stealth Rock
|turn|11
|
|move|p2a: Klefki|Thunder Wave|p1a: Respect
|-status|p1a: Respect|par
|-enditem|p1a: Respect|Lum Berry|[eat]
|-curestatus|p1a: Respect|par
|move|p1a: Respect|Outrage|p2a: Klefki
|-immune|p2a: Klefki|[msg]
|
|turn|12
|
|switch|p1a: Pervert|Thundurus, M|299\/299
|move|p2a: Klefki|Thunder Wave|p1a: Pervert
|-fail|p1a: Pervert
|
|turn|13
|
|move|p2a: Klefki|Spikes|p1a: Pervert
|-sidestart|p1: watch me do|Spikes
|move|p1a: Pervert|Thunderbolt|p2a: Klefki
|-damage|p2a: Klefki|154\/317
|-damage|p1a: Pervert|270\/299|[from] item: Life Orb
|-enditem|p2a: Klefki|Sitrus Berry|[eat]
|-heal|p2a: Klefki|233\/317|[from] item: Sitrus Berry
|
|turn|14
|
|move|p2a: Klefki|Spikes|p1a: Pervert
|-sidestart|p1: watch me do|Spikes
|move|p1a: Pervert|Thunderbolt|p2a: Klefki
|-damage|p2a: Klefki|73\/317
|-damage|p1a: Pervert|241\/299|[from] item: Life Orb
|
|turn|15
|
|move|p2a: Klefki|Spikes|p1a: Pervert
|-sidestart|p1: watch me do|Spikes
|move|p1a: Pervert|Thunderbolt|p2a: Klefki
|-damage|p2a: Klefki|0 fnt
|-damage|p1a: Pervert|212\/299|[from] item: Life Orb
|faint|p2a: Klefki
|
|
|switch|p2a: Raikou|Raikou|321\/321
|-damage|p2a: Raikou|281\/321|[from] Stealth Rock
|-ability|p2a: Raikou|Pressure
|turn|16
|
|switch|p1a: Respect|Dragonite, M|250\/323
|move|p2a: Raikou|Thunderbolt|p1a: Respect
|-damage|p1a: Respect|30\/323
|
|turn|17
|
|move|p1a: Respect|Extreme Speed|p2a: Raikou
|-damage|p2a: Raikou|145\/321
|move|p2a: Raikou|Thunderbolt|p1a: Respect
|-damage|p1a: Respect|0 fnt
|faint|p1a: Respect
|
|
|switch|p1a: X|Metagross|301\/301
|-damage|p1a: X|226\/301|[from] Spikes
|turn|18
|
|move|p1a: X|Explosion|p2a: Raikou
|-damage|p2a: Raikou|0 fnt
|faint|p1a: X
|faint|p2a: Raikou
|
|
|switch|p1a: Pervert|Thundurus, M|212\/299
|switch|p2a: Sharpedo|Sharpedo-Mega, M|171\/281
|-damage|p2a: Sharpedo|136\/281|[from] Stealth Rock
|turn|19
|
|move|p1a: Pervert|Thunderbolt|p2a: Sharpedo
|-supereffective|p2a: Sharpedo
|-damage|p2a: Sharpedo|0 fnt
|-damage|p1a: Pervert|183\/299|[from] item: Life Orb
|faint|p2a: Sharpedo
|
|
|switch|p2a: Scizor|Scizor, M|289\/289
|-damage|p2a: Scizor|253\/289|[from] Stealth Rock
|turn|20
|
|move|p2a: Scizor|Bullet Punch|p1a: Pervert
|-resisted|p1a: Pervert
|-damage|p1a: Pervert|78\/299
|-damage|p2a: Scizor|225\/289|[from] item: Life Orb
|move|p1a: Pervert|Thunderbolt|p2a: Scizor
|-damage|p2a: Scizor|0 fnt
|-damage|p1a: Pervert|49\/299|[from] item: Life Orb
|faint|p2a: Scizor
|
|
|switch|p2a: Latios|Latios, M|309\/309
|-damage|p2a: Latios|271\/309|[from] Stealth Rock
|turn|21
|c|âwatch me do|holy shit i won?
|
|move|p1a: Pervert|Knock Off|p2a: Latios
|-supereffective|p2a: Latios
|-damage|p2a: Latios|0 fnt
|-enditem|p2a: Latios|Life Orb|[from] move: Knock Off|[of] p1a: Pervert
|-damage|p1a: Pervert|20\/299|[from] item: Life Orb
|faint|p2a: Latios
|
|win|watch me do
|raw|Ladder updating...
|raw|watch me do's rating: 1358 &rarr; <strong>1378<\/strong><br \/>(+20 for winning)
|raw|dzc4627's rating: 1353 &rarr; <strong>1333<\/strong><br \/>(-20 for losing)