|join|dzc4627
|join|I'mSoooSorry
|player|p1|dzc4627|137
|player|p2|I'mSoooSorry|288
|gametype|singles
|gen|6
|tier|OU
|rated
|clearpoke
|poke|p1|Pinsir, M
|poke|p1|Manaphy
|poke|p1|Wobbuffet, M
|poke|p1|Shuckle, M
|poke|p1|Bisharp, M
|poke|p1|Gengar, M
|poke|p2|Gardevoir, F, shiny
|poke|p2|Bisharp, F
|poke|p2|Keldeo
|poke|p2|Landorus-Therian, M
|poke|p2|Gyarados, F
|poke|p2|Garchomp, F
|rule|Swagger Clause: Swagger is banned
|rule|Baton Pass Clause: Limit one PokÃ©mon knowing Baton Pass
|rule|Sleep Clause Mod: Limit one foe put to sleep
|rule|Species Clause: Limit one of each PokÃ©mon
|rule|OHKO Clause: OHKO moves are banned
|rule|Moody Clause: Moody is banned
|rule|Evasion Moves Clause: Evasion moves are banned
|rule|Endless Battle Clause: Forcing endless battles is banned
|rule|HP Percentage Mod: HP is shown in percentages
|teampreview
|
|start
|switch|p1a: Pinsir|Pinsir, M|271\/271
|switch|p2a: Gardevoir|Gardevoir, F, shiny|277\/277
|-ability|p2a: Gardevoir|Hyper Cutter|[from] ability: Trace|[of] p1a: Pinsir
|turn|1
|
|switch|p2a: Landorus-Therian|Landorus-Therian, M|367\/367
|-ability|p2a: Landorus-Therian|Intimidate|[of] p1a: Pinsir
|-fail|p1a: Pinsir|unboost|Attack|[from] ability: Hyper Cutter|[of] p1a: Pinsir
|move|p1a: Pinsir|Return|p2a: Landorus-Therian
|-damage|p2a: Landorus-Therian|276\/367
|
|-heal|p2a: Landorus-Therian|298\/367|[from] item: Leftovers
|turn|2
|
|detailschange|p1a: Pinsir|Pinsir-Mega, M
|-mega|p1a: Pinsir|Pinsir|Pinsirite
|move|p1a: Pinsir|Return|p2a: Landorus-Therian
|-damage|p2a: Landorus-Therian|78\/367
|move|p2a: Landorus-Therian|Stealth Rock|p1a: Pinsir
|-sidestart|p1: dzc4627|move: Stealth Rock
|
|-heal|p2a: Landorus-Therian|100\/367|[from] item: Leftovers
|turn|3
|
|switch|p2a: Gyarados|Gyarados, F|353\/353
|-ability|p2a: Gyarados|Intimidate|[of] p1a: Pinsir
|-unboost|p1a: Pinsir|atk|1
|move|p1a: Pinsir|Return|p2a: Gyarados
|-damage|p2a: Gyarados|121\/353
|
|-heal|p2a: Gyarados|143\/353|[from] item: Leftovers
|turn|4
|c|âI'mSoooSorry|dam
|c|âdzc4627|yeah
|c|âI'mSoooSorry|thas powa
|
|switch|p2a: Landorus-Therian|Landorus-Therian, M|100\/367
|-ability|p2a: Landorus-Therian|Intimidate|[of] p1a: Pinsir
|-unboost|p1a: Pinsir|atk|1
|move|p1a: Pinsir|Return|p2a: Landorus-Therian
|-damage|p2a: Landorus-Therian|0 fnt
|faint|p2a: Landorus-Therian
|
|
|switch|p2a: Gardevoir|Gardevoir, F, shiny|277\/277
|-ability|p2a: Gardevoir|Aerilate|[from] ability: Trace|[of] p1a: Pinsir
|turn|5
|
|detailschange|p2a: Gardevoir|Gardevoir-Mega, F, shiny
|-mega|p2a: Gardevoir|Gardevoir|Gardevoirite
|move|p1a: Pinsir|Swords Dance|p1a: Pinsir
|-boost|p1a: Pinsir|atk|2
|move|p2a: Gardevoir|Hyper Voice|p1a: Pinsir
|-damage|p1a: Pinsir|0 fnt
|faint|p1a: Pinsir
|
|c|âdzc4627|thats power too ahah
|
|switch|p1a: Wobbuffet|Wobbuffet, M|534\/534
|-damage|p1a: Wobbuffet|468\/534|[from] Stealth Rock
|turn|6
|
|move|p2a: Gardevoir|Taunt|p1a: Wobbuffet
|-start|p1a: Wobbuffet|move: Taunt
|move|p1a: Wobbuffet|Mirror Coat|p2a: Gardevoir
|-fail|p2a: Gardevoir
|
|turn|7
|
|move|p2a: Gardevoir|Taunt|p1a: Wobbuffet
|-fail|p1a: Wobbuffet
|move|p1a: Wobbuffet|Mirror Coat|p2a: Gardevoir
|-fail|p2a: Gardevoir
|
|turn|8
|
|move|p2a: Gardevoir|Taunt|p1a: Wobbuffet
|-fail|p1a: Wobbuffet
|move|p1a: Wobbuffet|Mirror Coat|p2a: Gardevoir
|-fail|p2a: Gardevoir
|
|-end|p1a: Wobbuffet|move: Taunt
|turn|9
|
|move|p2a: Gardevoir|Taunt|p1a: Wobbuffet
|-start|p1a: Wobbuffet|move: Taunt
|move|p1a: Wobbuffet|Counter|p2a: Gardevoir
|-fail|p2a: Gardevoir
|
|turn|10
|
|move|p2a: Gardevoir|Taunt|p1a: Wobbuffet
|-fail|p1a: Wobbuffet
|move|p1a: Wobbuffet|Mirror Coat|p2a: Gardevoir
|-fail|p2a: Gardevoir
|
|turn|11
|c|âI'mSoooSorry|well ya
|c|âdzc4627|!dt taunt
|c|~|\/data-move Taunt
|raw|<font size="1"><font color=#585858>Priority:<\/font> 0&nbsp;|&ThickSpace;<font color=#585858><font color=black>&#10003; Blocked by Protect<\/font><\/font>&nbsp;|&ThickSpace;<font color=#585858><font color=black>&#10003; Ignores substitutes<\/font><\/font>&nbsp;|&ThickSpace;<font color=#585858><font color=black>&#10003; Bounceable<\/font><\/font>&nbsp;|&ThickSpace;<font color=#585858>Target:<\/font> One Adjacent Pokemon<\/font>
|c|âI'mSoooSorry|i guess
|c|âI'mSoooSorry|i cant avoid this
|c|âI'mSoooSorry|lol
|c|âI'mSoooSorry|bye gardevoir :(
|
|move|p2a: Gardevoir|Hyper Voice|p1a: Wobbuffet
|-damage|p1a: Wobbuffet|140\/534
|-enditem|p1a: Wobbuffet|Sitrus Berry|[eat]
|-heal|p1a: Wobbuffet|273\/534|[from] item: Sitrus Berry
|move|p1a: Wobbuffet|Mirror Coat|p2a: Gardevoir
|-damage|p2a: Gardevoir|0 fnt
|faint|p2a: Gardevoir
|
|-end|p1a: Wobbuffet|move: Taunt
|
|switch|p2a: Bisharp|Bisharp, F|271\/271
|turn|12
|
|switch|p1a: Shuckle|Shuckle, M|244\/244
|-damage|p1a: Shuckle|183\/244|[from] Stealth Rock
|move|p2a: Bisharp|Knock Off|p1a: Shuckle
|-damage|p1a: Shuckle|104\/244
|-enditem|p1a: Shuckle|Mental Herb|[from] move: Knock Off|[of] p2a: Bisharp
|
|turn|13
|
|move|p2a: Bisharp|Iron Head|p1a: Shuckle
|-supereffective|p1a: Shuckle
|-damage|p1a: Shuckle|0 fnt
|faint|p1a: Shuckle
|
|
|switch|p1a: Bisharp|Bisharp, M|272\/272
|-damage|p1a: Bisharp|255\/272|[from] Stealth Rock
|turn|14
|
|switch|p2a: Keldeo|Keldeo|323\/323
|move|p1a: Bisharp|Low Kick|p2a: Keldeo
|-damage|p2a: Keldeo|222\/323
|-damage|p1a: Bisharp|228\/272|[from] item: Life Orb
|
|-heal|p2a: Keldeo|242\/323|[from] item: Leftovers
|turn|15
|
|switch|p1a: Gengar|Gengar, M|261\/261
|-damage|p1a: Gengar|229\/261|[from] Stealth Rock
|move|p2a: Keldeo|Scald|p1a: Gengar
|-damage|p1a: Gengar|46\/261
|
|-heal|p2a: Keldeo|262\/323|[from] item: Leftovers
|turn|16
|
|switch|p2a: Gyarados|Gyarados, F|143\/353
|-ability|p2a: Gyarados|Intimidate|[of] p1a: Gengar
|-unboost|p1a: Gengar|atk|1
|move|p1a: Gengar|Destiny Bond|p1a: Gengar
|-singlemove|p1a: Gengar|Destiny Bond
|
|-heal|p2a: Gyarados|165\/353|[from] item: Leftovers
|turn|17
|
|move|p1a: Gengar|Destiny Bond|p1a: Gengar
|-singlemove|p1a: Gengar|Destiny Bond
|move|p2a: Gyarados|Dragon Dance|p2a: Gyarados
|-boost|p2a: Gyarados|atk|1
|-boost|p2a: Gyarados|spe|1
|
|-heal|p2a: Gyarados|187\/353|[from] item: Leftovers
|turn|18
|
|switch|p1a: Bisharp|Bisharp, M|228\/272
|-damage|p1a: Bisharp|211\/272|[from] Stealth Rock
|move|p2a: Gyarados|Waterfall|p1a: Bisharp
|-damage|p1a: Bisharp|0 fnt
|faint|p1a: Bisharp
|
|-heal|p2a: Gyarados|209\/353|[from] item: Leftovers
|
|switch|p1a: Gengar|Gengar, M|46\/261
|-damage|p1a: Gengar|14\/261|[from] Stealth Rock
|turn|19
|
|move|p1a: Gengar|Sludge Bomb|p2a: Gyarados
|-damage|p2a: Gyarados|52\/353
|-status|p2a: Gyarados|psn
|move|p2a: Gyarados|Waterfall|p1a: Gengar
|-damage|p1a: Gengar|0 fnt
|faint|p1a: Gengar
|
|-heal|p2a: Gyarados|74\/353 psn|[from] item: Leftovers
|-damage|p2a: Gyarados|30\/353 psn|[from] psn
|
|switch|p1a: Wobbuffet|Wobbuffet, M|273\/534
|-damage|p1a: Wobbuffet|207\/534|[from] Stealth Rock
|turn|20
|
|move|p2a: Gyarados|Waterfall|p1a: Wobbuffet
|-damage|p1a: Wobbuffet|0 fnt
|faint|p1a: Wobbuffet
|
|-heal|p2a: Gyarados|52\/353 psn|[from] item: Leftovers
|-damage|p2a: Gyarados|8\/353 psn|[from] psn
|
|switch|p1a: Manaphy|Manaphy|353\/353
|-damage|p1a: Manaphy|309\/353|[from] Stealth Rock
|turn|21
|
|move|p2a: Gyarados|Waterfall|p1a: Manaphy
|-resisted|p1a: Manaphy
|-damage|p1a: Manaphy|204\/353
|cant|p1a: Manaphy|flinch
|
|-heal|p2a: Gyarados|30\/353 psn|[from] item: Leftovers
|-heal|p1a: Manaphy|226\/353|[from] item: Leftovers
|-damage|p2a: Gyarados|0 fnt|[from] psn
|faint|p2a: Gyarados
|
|switch|p2a: Garchomp|Garchomp, F|358\/358
|turn|22
|
|move|p2a: Garchomp|Outrage|p1a: Manaphy
|-damage|p1a: Manaphy|0 fnt
|faint|p1a: Manaphy
|
|win|I'mSoooSorry
|raw|Ladder updating...
|raw|dzc4627's rating: 1388 &rarr; <strong>1369<\/strong><br \/>(-19 for losing)
|raw|I&apos;mSoooSorry's rating: 1408 &rarr; <strong>1427<\/strong><br \/>(+19 for winning)
|leave|dzc4627
|player|p1