|join|dzc4627
|join|Lameflame
|player|p1|dzc4627|137
|player|p2|Lameflame|264
|gametype|singles
|gen|6
|tier|OU
|rated
|clearpoke
|poke|p1|Gallade, M
|poke|p1|Manaphy
|poke|p1|Wobbuffet, M
|poke|p1|Shuckle, M
|poke|p1|Bisharp, M
|poke|p1|Gengar, M
|poke|p2|Landorus-Therian, M
|poke|p2|Chesnaught, F
|poke|p2|Heatran, F
|poke|p2|Mew
|poke|p2|Manectric, F
|poke|p2|Suicune
|rule|Swagger Clause: Swagger is banned
|rule|Baton Pass Clause: Limit one PokÃ©mon knowing Baton Pass
|rule|Sleep Clause Mod: Limit one foe put to sleep
|rule|Species Clause: Limit one of each PokÃ©mon
|rule|OHKO Clause: OHKO moves are banned
|rule|Moody Clause: Moody is banned
|rule|Evasion Moves Clause: Evasion moves are banned
|rule|Endless Battle Clause: Forcing endless battles is banned
|rule|HP Percentage Mod: HP is shown in percentages
|teampreview
|
|start
|switch|p1a: Shuckle|Shuckle, M|244\/244
|switch|p2a: Heatran|Heatran, F|373\/373
|turn|1
|
|move|p2a: Heatran|Taunt|p1a: Shuckle
|-start|p1a: Shuckle|move: Taunt
|-enditem|p1a: Shuckle|Mental Herb
|-end|p1a: Shuckle|move: Taunt
|move|p1a: Shuckle|Sticky Web|p2a: Heatran
|-sidestart|p2: Lameflame|move: Sticky Web
|
|turn|2
|
|move|p2a: Heatran|Stealth Rock|p1a: Shuckle
|-sidestart|p1: dzc4627|move: Stealth Rock
|move|p1a: Shuckle|Infestation|p2a: Heatran
|-resisted|p2a: Heatran
|-damage|p2a: Heatran|372\/373
|-activate|p2a: Heatran|move: Infestation|[of] p1a: Shuckle
|
|-heal|p2a: Heatran|373\/373|[from] item: Leftovers
|-damage|p2a: Heatran|327\/373|[from] move: Infestation|[partiallytrapped]
|turn|3
|
|move|p2a: Heatran|Taunt|p1a: Shuckle
|-start|p1a: Shuckle|move: Taunt
|cant|p1a: Shuckle|move: Taunt|Stealth Rock
|
|-heal|p2a: Heatran|350\/373|[from] item: Leftovers
|-damage|p2a: Heatran|304\/373|[from] move: Infestation|[partiallytrapped]
|turn|4
|
|move|p1a: Shuckle|Infestation|p2a: Heatran
|-resisted|p2a: Heatran
|-damage|p2a: Heatran|303\/373
|move|p2a: Heatran|Roar|p1a: Shuckle
|drag|p1a: Manaphy|Manaphy|353\/353
|-damage|p1a: Manaphy|309\/353|[from] Stealth Rock
|
|-heal|p1a: Manaphy|331\/353|[from] item: Leftovers
|-heal|p2a: Heatran|326\/373|[from] item: Leftovers
|-end|p2a: Heatran|Infestation|[partiallytrapped]
|turn|5
|
|move|p1a: Manaphy|Scald|p2a: Heatran
|-supereffective|p2a: Heatran
|-damage|p2a: Heatran|158\/373
|move|p2a: Heatran|Roar|p1a: Manaphy
|drag|p1a: Gallade|Gallade, M|277\/277
|-damage|p1a: Gallade|260\/277|[from] Stealth Rock
|
|-heal|p2a: Heatran|181\/373|[from] item: Leftovers
|turn|6
|
|detailschange|p1a: Gallade|Gallade-Mega, M
|-mega|p1a: Gallade|Gallade|Galladite
|move|p1a: Gallade|Swords Dance|p1a: Gallade
|-boost|p1a: Gallade|atk|2
|move|p2a: Heatran|Lava Plume|p1a: Gallade
|-damage|p1a: Gallade|154\/277
|
|-heal|p2a: Heatran|204\/373|[from] item: Leftovers
|turn|7
|
|switch|p2a: Landorus-T|Landorus-Therian, M|319\/319
|-ability|p2a: Landorus-T|Intimidate|[of] p1a: Gallade
|-unboost|p1a: Gallade|atk|1
|move|p1a: Gallade|Close Combat|p2a: Landorus-T
|-resisted|p2a: Landorus-T
|-damage|p2a: Landorus-T|98\/319
|-unboost|p1a: Gallade|def|1
|-unboost|p1a: Gallade|spd|1
|
|turn|8
|
|switch|p1a: Shuckle|Shuckle, M|244\/244
|-damage|p1a: Shuckle|183\/244|[from] Stealth Rock
|move|p2a: Landorus-T|Earthquake|p1a: Shuckle
|-damage|p1a: Shuckle|104\/244
|
|turn|9
|
|switch|p2a: Mew|Mew|403\/403
|-activate|p2a: Mew|move: Sticky Web
|-unboost|p2a: Mew|spe|1
|move|p1a: Shuckle|Stealth Rock|p2a: Mew
|-sidestart|p2: Lameflame|move: Stealth Rock
|
|turn|10
|
|move|p2a: Mew|Will-O-Wisp|p1a: Shuckle
|-status|p1a: Shuckle|brn
|move|p1a: Shuckle|Encore|p2a: Mew
|-start|p2a: Mew|Encore
|
|-damage|p1a: Shuckle|74\/244 brn|[from] brn
|turn|11
|
|switch|p2a: Chesnaught|Chesnaught, F|379\/379
|-activate|p2a: Chesnaught|move: Sticky Web
|-unboost|p2a: Chesnaught|spe|1
|-damage|p2a: Chesnaught|356\/379|[from] Stealth Rock
|move|p1a: Shuckle|Infestation|p2a: Chesnaught
|-damage|p2a: Chesnaught|349\/379
|-activate|p2a: Chesnaught|move: Infestation|[of] p1a: Shuckle
|
|-heal|p2a: Chesnaught|372\/379|[from] item: Leftovers
|-damage|p1a: Shuckle|44\/244 brn|[from] brn
|-damage|p2a: Chesnaught|325\/379|[from] move: Infestation|[partiallytrapped]
|turn|12
|
|move|p2a: Chesnaught|Spikes|p1a: Shuckle
|-sidestart|p1: dzc4627|Spikes
|move|p1a: Shuckle|Encore|p2a: Chesnaught
|-start|p2a: Chesnaught|Encore
|
|-heal|p2a: Chesnaught|348\/379|[from] item: Leftovers
|-damage|p1a: Shuckle|14\/244 brn|[from] brn
|-damage|p2a: Chesnaught|301\/379|[from] move: Infestation|[partiallytrapped]
|turn|13
|
|switch|p1a: Gallade|Gallade-Mega, M|154\/277
|-damage|p1a: Gallade|120\/277|[from] Spikes
|-damage|p1a: Gallade|103\/277|[from] Stealth Rock
|move|p2a: Chesnaught|Spikes|p1a: Gallade
|-sidestart|p1: dzc4627|Spikes
|
|-heal|p2a: Chesnaught|324\/379|[from] item: Leftovers
|-end|p2a: Chesnaught|Infestation|[partiallytrapped]
|turn|14
|
|switch|p2a: Heatran|Heatran, F|204\/373
|-activate|p2a: Heatran|move: Sticky Web
|-unboost|p2a: Heatran|spe|1
|-damage|p2a: Heatran|158\/373|[from] Stealth Rock
|move|p1a: Gallade|Zen Headbutt|p2a: Heatran
|-resisted|p2a: Heatran
|-damage|p2a: Heatran|76\/373
|
|-heal|p2a: Heatran|99\/373|[from] item: Leftovers
|turn|15
|
|move|p1a: Gallade|Close Combat|p2a: Heatran
|-supereffective|p2a: Heatran
|-damage|p2a: Heatran|0 fnt
|-unboost|p1a: Gallade|def|1
|-unboost|p1a: Gallade|spd|1
|faint|p2a: Heatran
|
|
|switch|p2a: Landorus-T|Landorus-Therian, M|98\/319
|-damage|p2a: Landorus-T|59\/319|[from] Stealth Rock
|-ability|p2a: Landorus-T|Intimidate|[of] p1a: Gallade
|-unboost|p1a: Gallade|atk|1
|turn|16
|
|switch|p1a: Shuckle|Shuckle, M|14\/244 brn
|-damage|p1a: Shuckle|0 fnt|[from] Spikes
|faint|p1a: Shuckle
|move|p2a: Landorus-T|U-turn|p1: Shuckle|[notarget]
|-notarget
|
|
|switch|p1a: Wobbuffet|Wobbuffet, M|534\/534
|-damage|p1a: Wobbuffet|445\/534|[from] Spikes
|-damage|p1a: Wobbuffet|379\/534|[from] Stealth Rock
|turn|17
|
|move|p2a: Landorus-T|U-turn|p1a: Wobbuffet
|-supereffective|p1a: Wobbuffet
|-damage|p1a: Wobbuffet|193\/534
|
|switch|p2a: Chesnaught|Chesnaught, F|324\/379
|-enditem|p1a: Wobbuffet|Sitrus Berry|[eat]
|-heal|p1a: Wobbuffet|326\/534|[from] item: Sitrus Berry
|-activate|p2a: Chesnaught|move: Sticky Web
|-unboost|p2a: Chesnaught|spe|1
|-damage|p2a: Chesnaught|301\/379|[from] Stealth Rock
|move|p1a: Wobbuffet|Counter|p2a: Chesnaught
|-damage|p2a: Chesnaught|0 fnt
|faint|p2a: Chesnaught
|
|
|switch|p2a: Mew|Mew|403\/403
|-damage|p2a: Mew|353\/403|[from] Stealth Rock
|-activate|p2a: Mew|move: Sticky Web
|-unboost|p2a: Mew|spe|1
|turn|18
|
|move|p2a: Mew|Will-O-Wisp|p1a: Wobbuffet
|-status|p1a: Wobbuffet|brn
|move|p1a: Wobbuffet|Encore|p2a: Mew
|-start|p2a: Mew|Encore
|
|-heal|p2a: Mew|378\/403|[from] item: Leftovers
|-damage|p1a: Wobbuffet|260\/534 brn|[from] brn
|turn|19
|
|move|p2a: Mew|Will-O-Wisp|p1a: Wobbuffet
|-fail|p1a: Wobbuffet|brn
|move|p1a: Wobbuffet|Safeguard|p1a: Wobbuffet
|-sidestart|p1: dzc4627|Safeguard
|
|-heal|p2a: Mew|403\/403|[from] item: Leftovers
|-damage|p1a: Wobbuffet|194\/534 brn|[from] brn
|turn|20
|
|switch|p1a: Manaphy|Manaphy|331\/353
|-damage|p1a: Manaphy|287\/353|[from] Stealth Rock
|-damage|p1a: Manaphy|229\/353|[from] Spikes
|move|p2a: Mew|Will-O-Wisp|p1a: Manaphy
|-fail|p1a: Manaphy
|
|-heal|p1a: Manaphy|251\/353|[from] item: Leftovers
|turn|21
|
|switch|p2a: Landorus-T|Landorus-Therian, M|59\/319
|-damage|p2a: Landorus-T|20\/319|[from] Stealth Rock
|-ability|p2a: Landorus-T|Intimidate|[of] p1a: Manaphy
|-unboost|p1a: Manaphy|atk|1
|move|p1a: Manaphy|Scald|p2a: Landorus-T
|-supereffective|p2a: Landorus-T
|-damage|p2a: Landorus-T|0 fnt
|faint|p2a: Landorus-T
|
|-heal|p1a: Manaphy|273\/353|[from] item: Leftovers
|
|switch|p2a: Manectric|Manectric, F|281\/281
|-damage|p2a: Manectric|246\/281|[from] Stealth Rock
|-activate|p2a: Manectric|move: Sticky Web
|-unboost|p2a: Manectric|spe|1
|turn|22
|
|switch|p1a: Wobbuffet|Wobbuffet, M|194\/534 brn
|-damage|p1a: Wobbuffet|128\/534 brn|[from] Stealth Rock
|-damage|p1a: Wobbuffet|39\/534 brn|[from] Spikes
|detailschange|p2a: Manectric|Manectric-Mega, F
|-mega|p2a: Manectric|Manectric|Manectite
|-ability|p2a: Manectric|Intimidate|[of] p1a: Wobbuffet
|-unboost|p1a: Wobbuffet|atk|1
|move|p2a: Manectric|Volt Switch|p1a: Wobbuffet
|-damage|p1a: Wobbuffet|0 fnt
|faint|p1a: Wobbuffet
|
|switch|p2a: Suicune|Suicune|403\/403
|-activate|p2a: Suicune|move: Sticky Web
|-unboost|p2a: Suicune|spe|1
|-damage|p2a: Suicune|353\/403|[from] Stealth Rock
|-ability|p2a: Suicune|Pressure
|
|-heal|p2a: Suicune|378\/403|[from] item: Leftovers
|
|switch|p1a: Manaphy|Manaphy|273\/353
|-damage|p1a: Manaphy|229\/353|[from] Stealth Rock
|-damage|p1a: Manaphy|171\/353|[from] Spikes
|turn|23
|
|switch|p2a: Mew|Mew|403\/403
|-damage|p2a: Mew|353\/403|[from] Stealth Rock
|-activate|p2a: Mew|move: Sticky Web
|-unboost|p2a: Mew|spe|1
|move|p1a: Manaphy|Tail Glow|p1a: Manaphy
|-boost|p1a: Manaphy|spa|3
|
|-heal|p1a: Manaphy|193\/353|[from] item: Leftovers
|-heal|p2a: Mew|378\/403|[from] item: Leftovers
|-sideend|p1: dzc4627|Safeguard
|turn|24
|
|move|p1a: Manaphy|Scald|p2a: Mew
|-damage|p2a: Mew|158\/403
|move|p2a: Mew|Defog|p1a: Manaphy
|-unboost|p1a: Manaphy|evasion|1
|-sideend|p1: dzc4627|Spikes|[from] move: Defog|[of] p1a: Manaphy
|-sideend|p1: dzc4627|Stealth Rock|[from] move: Defog|[of] p1a: Manaphy
|-sideend|p2: Lameflame|Stealth Rock|[from] move: Defog|[of] p2a: Mew
|-sideend|p2: Lameflame|Sticky Web|[from] move: Defog|[of] p2a: Mew
|
|-heal|p1a: Manaphy|215\/353|[from] item: Leftovers
|-heal|p2a: Mew|183\/403|[from] item: Leftovers
|turn|25
|
|move|p1a: Manaphy|Scald|p2a: Mew
|-damage|p2a: Mew|0 fnt
|faint|p2a: Mew
|
|-heal|p1a: Manaphy|237\/353|[from] item: Leftovers
|
|switch|p2a: Manectric|Manectric-Mega, F|246\/281
|-ability|p2a: Manectric|Intimidate|[of] p1a: Manaphy
|-unboost|p1a: Manaphy|atk|1
|turn|26
|
|move|p2a: Manectric|Thunderbolt|p1a: Manaphy
|-supereffective|p1a: Manaphy
|-damage|p1a: Manaphy|0 fnt
|faint|p1a: Manaphy
|
|
|switch|p1a: Gengar|Gengar, M|261\/261
|turn|27
|
|move|p1a: Gengar|Sludge Bomb|p2a: Manectric
|-damage|p2a: Manectric|59\/281
|-status|p2a: Manectric|psn
|move|p2a: Manectric|Volt Switch|p1a: Gengar
|-crit|p1a: Gengar
|-damage|p1a: Gengar|36\/261
|
|switch|p2a: Suicune|Suicune|378\/403
|-ability|p2a: Suicune|Pressure
|
|-heal|p2a: Suicune|403\/403|[from] item: Leftovers
|turn|28
|
|move|p1a: Gengar|Sludge Bomb|p2a: Suicune
|-damage|p2a: Suicune|267\/403
|-status|p2a: Suicune|psn
|move|p2a: Suicune|Scald|p1a: Gengar
|-damage|p1a: Gengar|0 fnt
|faint|p1a: Gengar
|
|-heal|p2a: Suicune|292\/403 psn|[from] item: Leftovers
|-damage|p2a: Suicune|242\/403 psn|[from] psn
|
|switch|p1a: Gallade|Gallade-Mega, M|103\/277
|turn|29
|
|switch|p2a: Manectric|Manectric-Mega, F|59\/281 psn
|-ability|p2a: Manectric|Intimidate|[of] p1a: Gallade
|-unboost|p1a: Gallade|atk|1
|move|p1a: Gallade|Close Combat|p2a: Manectric
|-damage|p2a: Manectric|0 fnt
|-unboost|p1a: Gallade|def|1
|-unboost|p1a: Gallade|spd|1
|faint|p2a: Manectric
|
|
|switch|p2a: Suicune|Suicune|242\/403 psn
|-ability|p2a: Suicune|Pressure
|turn|30
|
|move|p1a: Gallade|Close Combat|p2a: Suicune
|-damage|p2a: Suicune|130\/403 psn
|-unboost|p1a: Gallade|def|1
|-unboost|p1a: Gallade|spd|1
|move|p2a: Suicune|Rest|p2a: Suicune
|-status|p2a: Suicune|slp
|-heal|p2a: Suicune|403\/403 slp|[silent]
|-status|p2a: Suicune|slp|[from] move: Rest
|
|turn|31
|
|move|p1a: Gallade|Swords Dance|p1a: Gallade
|-boost|p1a: Gallade|atk|2
|cant|p2a: Suicune|slp
|move|p2a: Suicune|Sleep Talk|p2a: Suicune
|move|p2a: Suicune|Calm Mind|p2a: Suicune|[from]Sleep Talk
|-boost|p2a: Suicune|spa|1
|-boost|p2a: Suicune|spd|1
|
|turn|32
|
|move|p1a: Gallade|Swords Dance|p1a: Gallade
|-boost|p1a: Gallade|atk|2
|cant|p2a: Suicune|slp
|move|p2a: Suicune|Sleep Talk|p2a: Suicune
|move|p2a: Suicune|Scald|p1a: Gallade|[from]Sleep Talk
|-damage|p1a: Gallade|0 fnt
|faint|p1a: Gallade
|
|
|switch|p1a: Bisharp|Bisharp, M|272\/272
|turn|33
|
|move|p1a: Bisharp|Knock Off|p2a: Suicune
|-damage|p2a: Suicune|251\/403 slp
|-enditem|p2a: Suicune|Leftovers|[from] move: Knock Off|[of] p1a: Bisharp
|-damage|p1a: Bisharp|245\/272|[from] item: Life Orb
|-curestatus|p2a: Suicune|slp
|move|p2a: Suicune|Scald|p1a: Bisharp
|-damage|p1a: Bisharp|62\/272
|
|turn|34
|
|move|p1a: Bisharp|Sucker Punch|p2a: Suicune
|-damage|p2a: Suicune|133\/403
|-damage|p1a: Bisharp|35\/272|[from] item: Life Orb
|move|p2a: Suicune|Scald|p1a: Bisharp
|-damage|p1a: Bisharp|0 fnt
|faint|p1a: Bisharp
|
|win|Lameflame
|raw|Ladder updating...
|raw|dzc4627's rating: 1418 &rarr; <strong>1397<\/strong><br \/>(-21 for losing)
|raw|Lameflame's rating: 1401 &rarr; <strong>1422<\/strong><br \/>(+21 for winning)
|c|âLameflame|gg
|c|âdzc4627|gg
|leave|dzc4627