|join|dzc4627
|join|apokemonkid
|player|p1|dzc4627|137
|player|p2|apokemonkid|129
|gametype|singles
|gen|6
|tier|OU
|rated
|clearpoke
|poke|p1|Gallade, M
|poke|p1|Manaphy
|poke|p1|Wobbuffet, M
|poke|p1|Shuckle, M
|poke|p1|Bisharp, M
|poke|p1|Gengar, M
|poke|p2|Talonflame, M
|poke|p2|Metagross
|poke|p2|Crawdaunt, F
|poke|p2|Empoleon, M
|poke|p2|Gliscor, M
|poke|p2|Sylveon, F
|rule|Swagger Clause: Swagger is banned
|rule|Baton Pass Clause: Limit one PokÃ©mon knowing Baton Pass
|rule|Sleep Clause Mod: Limit one foe put to sleep
|rule|Species Clause: Limit one of each PokÃ©mon
|rule|OHKO Clause: OHKO moves are banned
|rule|Moody Clause: Moody is banned
|rule|Evasion Moves Clause: Evasion moves are banned
|rule|Endless Battle Clause: Forcing endless battles is banned
|rule|HP Percentage Mod: HP is shown in percentages
|teampreview
|
|start
|switch|p1a: Shuckle|Shuckle, M|244\/244
|switch|p2a: Crawdaunt|Crawdaunt, F|329\/329
|turn|1
|
|move|p2a: Crawdaunt|Waterfall|p1a: Shuckle
|-supereffective|p1a: Shuckle
|-damage|p1a: Shuckle|41\/244
|-damage|p2a: Crawdaunt|297\/329|[from] item: Life Orb
|cant|p1a: Shuckle|flinch
|
|turn|2
|
|move|p2a: Crawdaunt|Waterfall|p1a: Shuckle
|-supereffective|p1a: Shuckle
|-damage|p1a: Shuckle|0 fnt
|-damage|p2a: Crawdaunt|265\/329|[from] item: Life Orb
|faint|p1a: Shuckle
|
|
|switch|p1a: Wobbuffet|Wobbuffet, M|534\/534
|turn|3
|
|move|p2a: Crawdaunt|Knock Off|p1a: Wobbuffet
|-supereffective|p1a: Wobbuffet
|-damage|p1a: Wobbuffet|0 fnt
|-enditem|p1a: Wobbuffet|Sitrus Berry|[from] move: Knock Off|[of] p2a: Crawdaunt
|-damage|p2a: Crawdaunt|233\/329|[from] item: Life Orb
|faint|p1a: Wobbuffet
|
|
|switch|p1a: Gallade|Gallade, M|277\/277
|turn|4
|
|switch|p2a: Gliscor|Gliscor, M|353\/353
|detailschange|p1a: Gallade|Gallade-Mega, M
|-mega|p1a: Gallade|Gallade|Galladite
|move|p1a: Gallade|Knock Off|p2a: Gliscor
|-damage|p2a: Gliscor|266\/353
|-enditem|p2a: Gliscor|Toxic Orb|[from] move: Knock Off|[of] p1a: Gallade
|
|turn|5
|
|move|p1a: Gallade|Swords Dance|p1a: Gallade
|-boost|p1a: Gallade|atk|2
|move|p2a: Gliscor|Toxic|p1a: Gallade|[miss]
|-miss|p2a: Gliscor|p1a: Gallade
|
|turn|6
|
|move|p1a: Gallade|Zen Headbutt|p2a: Gliscor|[miss]
|-miss|p1a: Gallade|p2a: Gliscor
|move|p2a: Gliscor|Toxic|p1a: Gallade
|-status|p1a: Gallade|tox
|
|-damage|p1a: Gallade|260\/277 tox|[from] psn
|turn|7
|
|move|p2a: Gliscor|Protect|p2a: Gliscor
|-singleturn|p2a: Gliscor|Protect
|move|p1a: Gallade|Zen Headbutt|p2a: Gliscor
|-activate|p2a: Gliscor|Protect
|
|-damage|p1a: Gallade|226\/277 tox|[from] psn
|turn|8
|
|switch|p2a: Crawdaunt|Crawdaunt, F|233\/329
|move|p1a: Gallade|Zen Headbutt|p2a: Crawdaunt
|-immune|p2a: Crawdaunt|[msg]
|
|-damage|p1a: Gallade|175\/277 tox|[from] psn
|turn|9
|
|switch|p2a: Gliscor|Gliscor, M|266\/353
|move|p1a: Gallade|Close Combat|p2a: Gliscor
|-resisted|p2a: Gliscor
|-damage|p2a: Gliscor|104\/353
|-unboost|p1a: Gallade|def|1
|-unboost|p1a: Gallade|spd|1
|
|-damage|p1a: Gallade|107\/277 tox|[from] psn
|turn|10
|
|move|p2a: Gliscor|Protect|p2a: Gliscor
|-singleturn|p2a: Gliscor|Protect
|move|p1a: Gallade|Close Combat|p2a: Gliscor
|-activate|p2a: Gliscor|Protect
|
|-damage|p1a: Gallade|22\/277 tox|[from] psn
|turn|11
|
|move|p2a: Gliscor|Protect|p2a: Gliscor
|-singleturn|p2a: Gliscor|Protect
|move|p1a: Gallade|Close Combat|p2a: Gliscor
|-activate|p2a: Gliscor|Protect
|
|-damage|p1a: Gallade|0 fnt|[from] psn
|faint|p1a: Gallade
|c|âdzc4627|ugh
|
|switch|p1a: Manaphy|Manaphy|353\/353
|turn|12
|c|âapokemonkid|lol this is useless anyways but i felt like saving it
|c|âdzc4627|toxic stall seems bad doesn't it
|
|move|p1a: Manaphy|Scald|p2a: Gliscor
|-supereffective|p2a: Gliscor
|-damage|p2a: Gliscor|0 fnt
|faint|p2a: Gliscor
|
|
|switch|p2a: Sylveon|Sylveon, F|394\/394
|turn|13
|
|move|p1a: Manaphy|Tail Glow|p1a: Manaphy
|-boost|p1a: Manaphy|spa|3
|move|p2a: Sylveon|Hyper Voice|p1a: Manaphy
|-damage|p1a: Manaphy|208\/353
|
|-heal|p1a: Manaphy|230\/353|[from] item: Leftovers
|turn|14
|
|move|p1a: Manaphy|Scald|p2a: Sylveon
|-damage|p2a: Sylveon|228\/394
|-status|p2a: Sylveon|brn
|move|p2a: Sylveon|Hyper Voice|p1a: Manaphy
|-damage|p1a: Manaphy|82\/353
|
|-heal|p1a: Manaphy|104\/353|[from] item: Leftovers
|-heal|p2a: Sylveon|252\/394 brn|[from] item: Leftovers
|-damage|p2a: Sylveon|203\/394 brn|[from] brn
|turn|15
|c|âapokemonkid|nice bulky sylveon
|
|move|p1a: Manaphy|Scald|p2a: Sylveon
|-damage|p2a: Sylveon|22\/394 brn
|move|p2a: Sylveon|Hyper Voice|p1a: Manaphy
|-damage|p1a: Manaphy|0 fnt
|faint|p1a: Manaphy
|
|-heal|p2a: Sylveon|46\/394 brn|[from] item: Leftovers
|-damage|p2a: Sylveon|0 fnt|[from] brn
|faint|p2a: Sylveon
|
|switch|p2a: Talonflame|Talonflame, M|297\/297
|switch|p1a: Bisharp|Bisharp, M|272\/272
|turn|16
|
|switch|p2a: Crawdaunt|Crawdaunt, F|233\/329
|move|p1a: Bisharp|Knock Off|p2a: Crawdaunt
|-crit|p2a: Crawdaunt
|-resisted|p2a: Crawdaunt
|-damage|p2a: Crawdaunt|60\/329
|-enditem|p2a: Crawdaunt|Life Orb|[from] move: Knock Off|[of] p1a: Bisharp
|-damage|p1a: Bisharp|245\/272|[from] item: Life Orb
|
|turn|17
|
|move|p2a: Crawdaunt|Aqua Jet|p1a: Bisharp
|-damage|p1a: Bisharp|149\/272
|move|p1a: Bisharp|Knock Off|p2a: Crawdaunt
|-resisted|p2a: Crawdaunt
|-damage|p2a: Crawdaunt|0 fnt
|-damage|p1a: Bisharp|122\/272|[from] item: Life Orb
|faint|p2a: Crawdaunt
|
|
|switch|p2a: Empoleon|Empoleon, M|372\/372
|turn|18
|
|move|p1a: Bisharp|Low Kick|p2a: Empoleon
|-supereffective|p2a: Empoleon
|-damage|p2a: Empoleon|187\/372
|-damage|p1a: Bisharp|95\/272|[from] item: Life Orb
|move|p2a: Empoleon|Scald|p1a: Bisharp
|-damage|p1a: Bisharp|0 fnt
|faint|p1a: Bisharp
|
|-heal|p2a: Empoleon|210\/372|[from] item: Leftovers
|
|switch|p1a: Gengar|Gengar, M|261\/261
|turn|19
|
|move|p1a: Gengar|Trick|p2a: Empoleon
|-activate|p1a: Gengar|move: Trick|[of] p2a: Empoleon
|-item|p2a: Empoleon|Choice Scarf|[from] move: Trick
|-item|p1a: Gengar|Leftovers|[from] move: Trick
|move|p2a: Empoleon|Scald|p1a: Gengar
|-damage|p1a: Gengar|141\/261
|-status|p1a: Gengar|brn
|
|-heal|p1a: Gengar|157\/261 brn|[from] item: Leftovers
|-damage|p1a: Gengar|125\/261 brn|[from] brn
|turn|20
|
|move|p1a: Gengar|Shadow Ball|p2a: Empoleon
|-damage|p2a: Empoleon|63\/372
|move|p2a: Empoleon|Scald|p1a: Gengar
|-damage|p1a: Gengar|0 fnt
|faint|p1a: Gengar
|
|win|apokemonkid
|raw|Ladder updating...
|raw|dzc4627's rating: 1537 &rarr; <strong>1516<\/strong><br \/>(-21 for losing)
|raw|apokemonkid's rating: 1527 &rarr; <strong>1548<\/strong><br \/>(+21 for winning)
|c|âapokemonkid|gg
|c|âdzc4627|gg
|leave|dzc4627
|player|p1