|join|dzc4627
|join|angel0mike
|player|p1|dzc4627|137
|player|p2|angel0mike|144
|gametype|singles
|gen|6
|tier|OU
|rated
|clearpoke
|poke|p1|Pinsir, M
|poke|p1|Manaphy
|poke|p1|Wobbuffet, M
|poke|p1|Shuckle, M
|poke|p1|Bisharp, M
|poke|p1|Gengar, M
|poke|p2|Manaphy
|poke|p2|Scizor, F
|poke|p2|Thundurus, M
|poke|p2|Landorus-Therian, M
|poke|p2|Rotom-Wash
|poke|p2|Diggersby, M
|rule|Swagger Clause: Swagger is banned
|rule|Baton Pass Clause: Limit one PokÃ©mon knowing Baton Pass
|rule|Sleep Clause Mod: Limit one foe put to sleep
|rule|Species Clause: Limit one of each PokÃ©mon
|rule|OHKO Clause: OHKO moves are banned
|rule|Moody Clause: Moody is banned
|rule|Evasion Moves Clause: Evasion moves are banned
|rule|Endless Battle Clause: Forcing endless battles is banned
|rule|HP Percentage Mod: HP is shown in percentages
|teampreview
angel0mike made this room hidden.
|
|start
|switch|p1a: Shuckle|Shuckle, M|244\/244
|switch|p2a: Rotom-Wash|Rotom-Wash|252\/252
|turn|1
|
|move|p2a: Rotom-Wash|Hydro Pump|p1a: Shuckle|[miss]
|-miss|p2a: Rotom-Wash|p1a: Shuckle
|move|p1a: Shuckle|Sticky Web|p2a: Rotom-Wash
|-sidestart|p2: angel0mike|move: Sticky Web
|
|turn|2
|
|move|p2a: Rotom-Wash|Hydro Pump|p1a: Shuckle
|-supereffective|p1a: Shuckle
|-activate|p1a: Shuckle|Sturdy
|-damage|p1a: Shuckle|1\/244
|move|p1a: Shuckle|Stealth Rock|p2a: Rotom-Wash
|-sidestart|p2: angel0mike|move: Stealth Rock
|
|turn|3
|
|move|p2a: Rotom-Wash|Hydro Pump|p1a: Shuckle
|-supereffective|p1a: Shuckle
|-damage|p1a: Shuckle|0 fnt
|faint|p1a: Shuckle
|
|
|switch|p1a: Wobbuffet|Wobbuffet, M|534\/534
|turn|4
|
|move|p2a: Rotom-Wash|Hydro Pump|p1a: Wobbuffet|[miss]
|-miss|p2a: Rotom-Wash|p1a: Wobbuffet
|move|p1a: Wobbuffet|Mirror Coat|p2a: Rotom-Wash
|-fail|p2a: Rotom-Wash
|
|turn|5
|
|move|p2a: Rotom-Wash|Hydro Pump|p1a: Wobbuffet|[miss]
|-miss|p2a: Rotom-Wash|p1a: Wobbuffet
|move|p1a: Wobbuffet|Mirror Coat|p2a: Rotom-Wash
|-fail|p2a: Rotom-Wash
|
|turn|6
|c|âangel0mike|my luck
|c|âdzc4627|haha
|c|âdzc4627|refreshing seeing an offensive rotom for once
|
|move|p2a: Rotom-Wash|Hydro Pump|p1a: Wobbuffet
|-damage|p1a: Wobbuffet|203\/534
|-enditem|p1a: Wobbuffet|Sitrus Berry|[eat]
|-heal|p1a: Wobbuffet|336\/534|[from] item: Sitrus Berry
|move|p1a: Wobbuffet|Mirror Coat|p2a: Rotom-Wash
|-damage|p2a: Rotom-Wash|0 fnt
|faint|p2a: Rotom-Wash
|
|
|switch|p2a: Scizor|Scizor, F|343\/343
|-activate|p2a: Scizor|move: Sticky Web
|-unboost|p2a: Scizor|spe|1
|-damage|p2a: Scizor|301\/343|[from] Stealth Rock
|turn|7
|
|detailschange|p2a: Scizor|Scizor-Mega, F
|-mega|p2a: Scizor|Scizor|Scizorite
|move|p2a: Scizor|U-turn|p1a: Wobbuffet
|-supereffective|p1a: Wobbuffet
|-damage|p1a: Wobbuffet|52\/534
|
|switch|p2a: Manaphy|Manaphy|365\/365
|-damage|p2a: Manaphy|320\/365|[from] Stealth Rock
|-activate|p2a: Manaphy|move: Sticky Web
|-unboost|p2a: Manaphy|spe|1
|move|p1a: Wobbuffet|Encore|p2a: Manaphy
|-fail|p2a: Manaphy
|
|-heal|p2a: Manaphy|342\/365|[from] item: Leftovers
|turn|8
|
|move|p2a: Manaphy|Scald|p1a: Wobbuffet
|-damage|p1a: Wobbuffet|0 fnt
|faint|p1a: Wobbuffet
|
|-heal|p2a: Manaphy|364\/365|[from] item: Leftovers
|
|switch|p1a: Manaphy|Manaphy|353\/353
|turn|9
|
|move|p1a: Manaphy|Tail Glow|p1a: Manaphy
|-boost|p1a: Manaphy|spa|3
|move|p2a: Manaphy|Tail Glow|p2a: Manaphy
|-boost|p2a: Manaphy|spa|3
|
|-heal|p2a: Manaphy|365\/365|[from] item: Leftovers
|turn|10
|
|move|p1a: Manaphy|Energy Ball|p2a: Manaphy
|-supereffective|p2a: Manaphy
|-damage|p2a: Manaphy|0 fnt
|faint|p2a: Manaphy
|
|
|switch|p2a: Thundurus|Thundurus, M|299\/299
|-damage|p2a: Thundurus|225\/299|[from] Stealth Rock
|turn|11
|
|move|p2a: Thundurus|Volt Switch|p1a: Manaphy
|-supereffective|p1a: Manaphy
|-damage|p1a: Manaphy|129\/353
|
|switch|p2a: Landorus-Therian|Landorus-Therian, M|381\/381
|-damage|p2a: Landorus-Therian|334\/381|[from] Stealth Rock
|-ability|p2a: Landorus-Therian|Intimidate|[of] p1a: Manaphy
|-unboost|p1a: Manaphy|atk|1
|move|p1a: Manaphy|Ice Beam|p2a: Landorus-Therian
|-supereffective|p2a: Landorus-Therian
|-damage|p2a: Landorus-Therian|0 fnt
|faint|p2a: Landorus-Therian
|
|-heal|p1a: Manaphy|151\/353|[from] item: Leftovers
|
|switch|p2a: Thundurus|Thundurus, M|225\/299
|-damage|p2a: Thundurus|151\/299|[from] Stealth Rock
|turn|12
|
|move|p2a: Thundurus|Volt Switch|p1a: Manaphy
|-supereffective|p1a: Manaphy
|-damage|p1a: Manaphy|0 fnt
|faint|p1a: Manaphy
|
|switch|p2a: Diggersby|Diggersby, M|311\/311
|-damage|p2a: Diggersby|292\/311|[from] Stealth Rock
|-activate|p2a: Diggersby|move: Sticky Web
|-unboost|p2a: Diggersby|spe|1
|
|
|switch|p1a: Pinsir|Pinsir, M|271\/271
|turn|13
|
|detailschange|p1a: Pinsir|Pinsir-Mega, M
|-mega|p1a: Pinsir|Pinsir|Pinsirite
|move|p1a: Pinsir|Return|p2a: Diggersby
|-damage|p2a: Diggersby|0 fnt
|faint|p2a: Diggersby
|
|
|switch|p2a: Thundurus|Thundurus, M|151\/299
|-damage|p2a: Thundurus|77\/299|[from] Stealth Rock
|turn|14
|c|âangel0mike|gg
|
|move|p2a: Thundurus|Thunder Wave|p1a: Pinsir
|-status|p1a: Pinsir|par
|move|p1a: Pinsir|Quick Attack|p2a: Thundurus
|-resisted|p2a: Thundurus
|-damage|p2a: Thundurus|4\/299
|
|-heal|p2a: Thundurus|22\/299|[from] item: Leftovers
|turn|15
|
|switch|p2a: Scizor|Scizor-Mega, F|301\/343
|-activate|p2a: Scizor|move: Sticky Web
|-unboost|p2a: Scizor|spe|1
|-damage|p2a: Scizor|259\/343|[from] Stealth Rock
|move|p1a: Pinsir|Quick Attack|p2a: Scizor
|-damage|p2a: Scizor|177\/343
|
|turn|16
|
|move|p2a: Scizor|Roost|p2a: Scizor
|-heal|p2a: Scizor|343\/343
|cant|p1a: Pinsir|par
|
|turn|17
|
|move|p2a: Scizor|Bullet Punch|p1a: Pinsir
|-damage|p1a: Pinsir|163\/271 par
|move|p1a: Pinsir|Return|p2a: Scizor
|-damage|p2a: Scizor|157\/343
|
|turn|18
|
|switch|p1a: Bisharp|Bisharp, M|272\/272
|move|p2a: Scizor|Roost|p2a: Scizor
|-heal|p2a: Scizor|329\/343
|
|turn|19
|
|move|p1a: Bisharp|Low Kick|p2a: Scizor
|-damage|p2a: Scizor|215\/343
|-damage|p1a: Bisharp|245\/272|[from] item: Life Orb
|move|p2a: Scizor|Superpower|p1a: Bisharp
|-supereffective|p1a: Bisharp
|-damage|p1a: Bisharp|0 fnt
|-unboost|p2a: Scizor|atk|1
|-unboost|p2a: Scizor|def|1
|faint|p1a: Bisharp
|
|
|switch|p1a: Pinsir|Pinsir-Mega, M|163\/271 par
|turn|20
|
|switch|p2a: Thundurus|Thundurus, M|22\/299
|-damage|p2a: Thundurus|0 fnt|[from] Stealth Rock
|faint|p2a: Thundurus
|cant|p1a: Pinsir|par
|
|
|switch|p2a: Scizor|Scizor-Mega, F|215\/343
|-damage|p2a: Scizor|173\/343|[from] Stealth Rock
|-activate|p2a: Scizor|move: Sticky Web
|-unboost|p2a: Scizor|spe|1
|turn|21
|
|switch|p1a: Gengar|Gengar, M|261\/261
|move|p2a: Scizor|Roost|p2a: Scizor
|-heal|p2a: Scizor|343\/343
|
|turn|22
|
|move|p2a: Scizor|Bullet Punch|p1a: Gengar
|-damage|p1a: Gengar|75\/261
|move|p1a: Gengar|Destiny Bond|p1a: Gengar
|-singlemove|p1a: Gengar|Destiny Bond
|
|turn|23
|
|move|p1a: Gengar|Destiny Bond|p1a: Gengar
|-singlemove|p1a: Gengar|Destiny Bond
|move|p2a: Scizor|Roost|p2a: Scizor
|-fail|p2a: Scizor
|
|turn|24
|c|âangel0mike|!data destiny bond
|c|~|\/data-move Destiny Bond

|c|âangel0mike|:]
|
|move|p1a: Gengar|Destiny Bond|p1a: Gengar
|-singlemove|p1a: Gengar|Destiny Bond
|move|p2a: Scizor|Roost|p2a: Scizor
|-fail|p2a: Scizor
|
|turn|25
|
|switch|p1a: Pinsir|Pinsir-Mega, M|163\/271 par
|move|p2a: Scizor|Roost|p2a: Scizor
|-fail|p2a: Scizor
|
|turn|26
|
|move|p2a: Scizor|Bullet Punch|p1a: Pinsir
|-damage|p1a: Pinsir|67\/271 par
|move|p1a: Pinsir|Swords Dance|p1a: Pinsir
|-boost|p1a: Pinsir|atk|2
|
|turn|27
|
|move|p2a: Scizor|Bullet Punch|p1a: Pinsir
|-damage|p1a: Pinsir|0 fnt
|faint|p1a: Pinsir
|
|
|switch|p1a: Gengar|Gengar, M|75\/261
|turn|28
|c|âdzc4627|gg
|
|move|p2a: Scizor|Bullet Punch|p1a: Gengar
|-damage|p1a: Gengar|0 fnt
|faint|p1a: Gengar
|
|win|angel0mike
|raw|Ladder updating...
|c|âangel0mike|gg
|raw|dzc4627's rating: 1589 &rarr; <strong>1566<\/strong><br \/>(-23 for losing)
|raw|angel0mike's rating: 1522 &rarr; <strong>1546<\/strong><br \/>(+24 for winning)