|join|dzc4627
|join|jf65445
|player|p1|dzc4627|137
|player|p2|jf65445|27
|gametype|singles
|gen|6
|tier|OU (suspect test)
|rated
|clearpoke
|poke|p1|Bisharp, M
|poke|p1|Gallade, M
|poke|p1|Landorus-Therian, M
|poke|p1|Latias, F
|poke|p1|Clefable, F
|poke|p1|Keldeo-Resolute
|poke|p2|Amoonguss, F
|poke|p2|Cresselia, F
|poke|p2|Skarmory, F, shiny
|poke|p2|Gothitelle, F
|poke|p2|Chansey, F
|poke|p2|Quagsire, F
|rule|Swagger Clause: Swagger is banned
|rule|Baton Pass Clause: Limit one PokÃ©mon knowing Baton Pass
|rule|Sleep Clause Mod: Limit one foe put to sleep
|rule|Species Clause: Limit one of each PokÃ©mon
|rule|OHKO Clause: OHKO moves are banned
|rule|Moody Clause: Moody is banned
|rule|Evasion Moves Clause: Evasion moves are banned
|rule|Endless Battle Clause: Forcing endless battles is banned
|rule|HP Percentage Mod: HP is shown in percentages
|teampreview
|
|start
|switch|p1a: Landorus-Therian|Landorus-Therian, M|381\/381
|switch|p2a: Skarmory|Skarmory, F, shiny|333\/333
|-ability|p1a: Landorus-Therian|Intimidate|[of] p2a: Skarmory
|-unboost|p2a: Skarmory|atk|1
|turn|1
|
|move|p1a: Landorus-Therian|Stealth Rock|p2a: Skarmory
|-sidestart|p2: jf65445|move: Stealth Rock
|move|p2a: Skarmory|Spikes|p1a: Landorus-Therian
|-sidestart|p1: dzc4627|Spikes
|
|turn|2
|
|move|p1a: Landorus-Therian|Stone Edge|p2a: Skarmory
|-damage|p2a: Skarmory|275\/333
|move|p2a: Skarmory|Defog|p1a: Landorus-Therian
|-unboost|p1a: Landorus-Therian|evasion|1
|-sideend|p1: dzc4627|Spikes|[from] move: Defog|[of] p1a: Landorus-Therian
|-sideend|p2: jf65445|Stealth Rock|[from] move: Defog|[of] p2a: Skarmory
|
|turn|3
|
|move|p1a: Landorus-Therian|Stone Edge|p2a: Skarmory
|-damage|p2a: Skarmory|212\/333
|move|p2a: Skarmory|Spikes|p1a: Landorus-Therian
|-sidestart|p1: dzc4627|Spikes
|
|turn|4
|
|switch|p1a: Gallade|Gallade, M|277\/277
|-damage|p1a: Gallade|243\/277|[from] Spikes
|move|p2a: Skarmory|Spikes|p1a: Gallade
|-sidestart|p1: dzc4627|Spikes
|
|turn|5
|
|detailschange|p1a: Gallade|Gallade-Mega, M
|-mega|p1a: Gallade|Gallade|Galladite
|move|p1a: Gallade|Swords Dance|p1a: Gallade
|-boost|p1a: Gallade|atk|2
|move|p2a: Skarmory|Roost|p2a: Skarmory
|-heal|p2a: Skarmory|333\/333
|
|turn|6
|
|move|p1a: Gallade|Taunt|p2a: Skarmory
|-start|p2a: Skarmory|move: Taunt
|move|p2a: Skarmory|Brave Bird|p1a: Gallade
|-supereffective|p1a: Gallade
|-damage|p1a: Gallade|85\/277
|-damage|p2a: Skarmory|281\/333|[from] recoil|[of] p1a: Gallade
|
|turn|7
|
|move|p1a: Gallade|Close Combat|p2a: Skarmory
|-damage|p2a: Skarmory|0 fnt
|-unboost|p1a: Gallade|def|1
|-unboost|p1a: Gallade|spd|1
|faint|p2a: Skarmory
|
|
|switch|p2a: Gothitelle|Gothitelle, F|301\/301
|turn|8
|
|move|p2a: Gothitelle|Psyshock|p1a: Gallade
|-damage|p1a: Gallade|0 fnt
|faint|p1a: Gallade
|
|
|switch|p1a: Bisharp|Bisharp, M|271\/271
|-damage|p1a: Bisharp|226\/271|[from] Spikes
|turn|9
|
|switch|p2a: Quagsire|Quagsire, F|394\/394
|move|p1a: Bisharp|Swords Dance|p1a: Bisharp
|-boost|p1a: Bisharp|atk|2
|
|turn|10
|
|move|p1a: Bisharp|Knock Off|p2a: Quagsire
|-damage|p2a: Quagsire|240\/394
|-enditem|p2a: Quagsire|Leftovers|[from] move: Knock Off|[of] p1a: Bisharp
|move|p2a: Quagsire|Scald|p1a: Bisharp
|-damage|p1a: Bisharp|132\/271
|-status|p1a: Bisharp|brn
|-enditem|p1a: Bisharp|Lum Berry|[eat]
|-curestatus|p1a: Bisharp|brn
|
|turn|11
|
|move|p1a: Bisharp|Swords Dance|p1a: Bisharp
|-boost|p1a: Bisharp|atk|2
|move|p2a: Quagsire|Recover|p2a: Quagsire
|-heal|p2a: Quagsire|394\/394
|
|turn|12
|
|move|p1a: Bisharp|Swords Dance|p1a: Bisharp
|-boost|p1a: Bisharp|atk|2
|move|p2a: Quagsire|Earthquake|p1a: Bisharp
|-crit|p1a: Bisharp
|-supereffective|p1a: Bisharp
|-damage|p1a: Bisharp|0 fnt
|faint|p1a: Bisharp
|
|c|âjf65445|!dt quagsire
|c|~|\/data-pokemon Quagsire
|raw|<font size="1"><font color=#585858>Dex#:<\/font> 195&nbsp;|&ThickSpace;<font color=#585858>Height:<\/font> 1.4 m&nbsp;|&ThickSpace;<font color=#585858>Weight:<\/font> 75 kg <em>(80 BP)<\/em>&nbsp;|&ThickSpace;<font color=#585858>Dex Colour:<\/font> Blue&nbsp;|&ThickSpace;<font color=#585858>Egg Group(s):<\/font> Water 1, Field&nbsp;|&ThickSpace;<font color=#585858><font color=#585858>Does Not Evolve<\/font><\/font><\/font>
|c|âdzc4627|unaware aahhh!!!
|
|switch|p1a: Clefable|Clefable, F|394\/394
|turn|13
|
|switch|p2a: Chansey|Chansey, F|703\/703
|move|p1a: Clefable|Thunder Wave|p2a: Chansey
|-status|p2a: Chansey|par
|
|turn|14
|
|switch|p1a: Landorus-Therian|Landorus-Therian, M|381\/381
|-ability|p1a: Landorus-Therian|Intimidate|[of] p2a: Chansey
|-unboost|p2a: Chansey|atk|1
|move|p2a: Chansey|Stealth Rock|p1a: Landorus-Therian
|-sidestart|p1: dzc4627|move: Stealth Rock
|
|turn|15
|
|switch|p2a: Quagsire|Quagsire, F|394\/394
|move|p1a: Landorus-Therian|Earthquake|p2a: Quagsire
|-damage|p2a: Quagsire|265\/394
|
|turn|16
|
|move|p1a: Landorus-Therian|Stealth Rock|p2a: Quagsire
|-sidestart|p2: jf65445|move: Stealth Rock
|move|p2a: Quagsire|Scald|p1a: Landorus-Therian
|-supereffective|p1a: Landorus-Therian
|-damage|p1a: Landorus-Therian|223\/381
|-status|p1a: Landorus-Therian|brn
|
|-heal|p1a: Landorus-Therian|246\/381 brn|[from] item: Leftovers
|-damage|p1a: Landorus-Therian|199\/381 brn|[from] brn
|turn|17
|c|âdzc4627|gah both scalds are burned
|
|move|p1a: Landorus-Therian|Earthquake|p2a: Quagsire
|-damage|p2a: Quagsire|205\/394
|move|p2a: Quagsire|Recover|p2a: Quagsire
|-heal|p2a: Quagsire|394\/394
|
|-heal|p1a: Landorus-Therian|222\/381 brn|[from] item: Leftovers
|-damage|p1a: Landorus-Therian|175\/381 brn|[from] brn
|turn|18
|c|âjf65445|game prior to this i was burnless in 10 scalds
|
|switch|p1a: Clefable|Clefable, F|394\/394
|move|p2a: Quagsire|Scald|p1a: Clefable
|-damage|p1a: Clefable|331\/394
|-status|p1a: Clefable|brn
|
|-heal|p1a: Clefable|355\/394 brn|[from] item: Leftovers
|turn|19
|c|âdzc4627|woah
|c|âdzc4627|3
|c|âdzc4627|ahaha
|
|switch|p2a: Amoonguss|Amoonguss, F|432\/432
|-damage|p2a: Amoonguss|378\/432|[from] Stealth Rock
|move|p1a: Clefable|Moonblast|p2a: Amoonguss
|-resisted|p2a: Amoonguss
|-damage|p2a: Amoonguss|321\/432
|-unboost|p2a: Amoonguss|spa|1
|
|-heal|p1a: Clefable|379\/394 brn|[from] item: Leftovers
|-heal|p2a: Amoonguss|348\/432|[from] item: Leftovers
|turn|20
|c|âjf65445|i actually wish that one didn't
|c|âjf65445|lol
|c|âdzc4627|cause now you can't spore
|
|move|p1a: Clefable|Thunder Wave|p2a: Amoonguss
|-status|p2a: Amoonguss|par
|move|p2a: Amoonguss|Spore|p1a: Clefable
|-fail|p1a: Clefable
|
|-heal|p1a: Clefable|394\/394 brn|[from] item: Leftovers
|-heal|p2a: Amoonguss|375\/432 par|[from] item: Leftovers
|turn|21
|
|move|p1a: Clefable|Fire Blast|p2a: Amoonguss
|-supereffective|p2a: Amoonguss
|-damage|p2a: Amoonguss|203\/432 par
|move|p2a: Amoonguss|Spore|p1a: Clefable
|-fail|p1a: Clefable
|
|-heal|p2a: Amoonguss|230\/432 par|[from] item: Leftovers
|turn|22
|
|switch|p2a: Chansey|Chansey, F|703\/703
|-damage|p2a: Chansey|616\/703|[from] Stealth Rock
|move|p1a: Clefable|Fire Blast|p2a: Chansey
|-damage|p2a: Chansey|564\/703
|-status|p2a: Chansey|brn
|
|-damage|p2a: Chansey|477\/703 brn|[from] brn
|turn|23
|
|move|p1a: Clefable|Moonblast|p2a: Chansey
|-damage|p2a: Chansey|405\/703 brn
|move|p2a: Chansey|Soft-Boiled|p2a: Chansey
|-heal|p2a: Chansey|703\/703 brn
|
|-damage|p2a: Chansey|616\/703 brn|[from] brn
|turn|24
|
|switch|p2a: Amoonguss|Amoonguss, F|374\/432 par
|-damage|p2a: Amoonguss|320\/432 par|[from] Stealth Rock
|move|p1a: Clefable|Moonblast|p2a: Amoonguss
|-resisted|p2a: Amoonguss
|-damage|p2a: Amoonguss|266\/432 par
|-unboost|p2a: Amoonguss|spa|1
|
|-heal|p2a: Amoonguss|293\/432 par|[from] item: Leftovers
|turn|25
|
|switch|p2a: Gothitelle|Gothitelle, F|301\/301
|-damage|p2a: Gothitelle|264\/301|[from] Stealth Rock
|move|p1a: Clefable|Fire Blast|p2a: Gothitelle
|-damage|p2a: Gothitelle|186\/301
|
|turn|26
|
|move|p2a: Gothitelle|Trick|p1a: Clefable
|-activate|p2a: Gothitelle|move: Trick|[of] p1a: Clefable
|-item|p1a: Clefable|Choice Scarf|[from] move: Trick
|-item|p2a: Gothitelle|Leftovers|[from] move: Trick
|move|p1a: Clefable|Thunder Wave|p2a: Gothitelle
|-status|p2a: Gothitelle|par
|
|-heal|p2a: Gothitelle|204\/301 par|[from] item: Leftovers
|turn|27
|c|âdzc4627|ouch
|
|move|p1a: Clefable|Thunder Wave|p2a: Gothitelle
|-fail|p2a: Gothitelle|par
|move|p2a: Gothitelle|Calm Mind|p2a: Gothitelle
|-boost|p2a: Gothitelle|spa|1
|-boost|p2a: Gothitelle|spd|1
|
|-heal|p2a: Gothitelle|222\/301 par|[from] item: Leftovers
|turn|28
|
|move|p1a: Clefable|Thunder Wave|p2a: Gothitelle
|-fail|p2a: Gothitelle|par
|move|p2a: Gothitelle|Calm Mind|p2a: Gothitelle
|-boost|p2a: Gothitelle|spa|1
|-boost|p2a: Gothitelle|spd|1
|
|-heal|p2a: Gothitelle|240\/301 par|[from] item: Leftovers
|turn|29
|
|move|p1a: Clefable|Thunder Wave|p2a: Gothitelle
|-fail|p2a: Gothitelle|par
|move|p2a: Gothitelle|Rest|p2a: Gothitelle
|-status|p2a: Gothitelle|slp
|-heal|p2a: Gothitelle|301\/301 slp|[silent]
|-status|p2a: Gothitelle|slp|[from] move: Rest
|
|turn|30
|
|cant|p2a: Gothitelle|slp
|move|p1a: Clefable|Thunder Wave|p2a: Gothitelle
|-fail|p2a: Gothitelle
|
|turn|31
|
|cant|p2a: Gothitelle|slp
|move|p1a: Clefable|Thunder Wave|p2a: Gothitelle
|-fail|p2a: Gothitelle
|
|turn|32
|
|-curestatus|p2a: Gothitelle|slp
|move|p2a: Gothitelle|Calm Mind|p2a: Gothitelle
|-boost|p2a: Gothitelle|spa|1
|-boost|p2a: Gothitelle|spd|1
|move|p1a: Clefable|Thunder Wave|p2a: Gothitelle
|-status|p2a: Gothitelle|par
|
|turn|33
|c|âjf65445|!dt thunder wave
|c|~|\/data-move Thunder Wave
|raw|<font size="1"><font color=#585858>Priority:<\/font> 0&nbsp;|&ThickSpace;<font color=#585858><font color=black>&#10003; Blocked by Protect<\/font><\/font>&nbsp;|&ThickSpace;<font color=#585858><font color=black>&#10003; Bounceable<\/font><\/font>&nbsp;|&ThickSpace;<font color=#585858>Target:<\/font> One Adjacent Pokemon<\/font>
|
|move|p1a: Clefable|Thunder Wave|p2a: Gothitelle
|-fail|p2a: Gothitelle|par
|move|p2a: Gothitelle|Calm Mind|p2a: Gothitelle
|-boost|p2a: Gothitelle|spa|1
|-boost|p2a: Gothitelle|spd|1
|
|turn|34
|
|move|p1a: Clefable|Thunder Wave|p2a: Gothitelle
|-fail|p2a: Gothitelle|par
|move|p2a: Gothitelle|Calm Mind|p2a: Gothitelle
|-boost|p2a: Gothitelle|spa|1
|-boost|p2a: Gothitelle|spd|1
|
|turn|35
|
|move|p1a: Clefable|Thunder Wave|p2a: Gothitelle
|-fail|p2a: Gothitelle|par
|move|p2a: Gothitelle|Calm Mind|p2a: Gothitelle
|-boost|p2a: Gothitelle|spa|1
|-boost|p2a: Gothitelle|spd|1
|
|turn|36
|
|move|p1a: Clefable|Thunder Wave|p2a: Gothitelle
|-fail|p2a: Gothitelle|par
|move|p2a: Gothitelle|Calm Mind|p2a: Gothitelle
|-fail|p2a: Gothitelle
|
|turn|37
|
|move|p1a: Clefable|Thunder Wave|p2a: Gothitelle
|-fail|p2a: Gothitelle|par
|cant|p2a: Gothitelle|par
|
|turn|38
|
|move|p1a: Clefable|Thunder Wave|p2a: Gothitelle
|-fail|p2a: Gothitelle|par
|cant|p2a: Gothitelle|par
|
|turn|39
|
|move|p1a: Clefable|Thunder Wave|p2a: Gothitelle
|-fail|p2a: Gothitelle|par
|move|p2a: Gothitelle|Calm Mind|p2a: Gothitelle
|-fail|p2a: Gothitelle
|
|turn|40
|
|move|p1a: Clefable|Thunder Wave|p2a: Gothitelle
|-fail|p2a: Gothitelle|par
|move|p2a: Gothitelle|Calm Mind|p2a: Gothitelle
|-fail|p2a: Gothitelle
|
|turn|41
|
|move|p1a: Clefable|Thunder Wave|p2a: Gothitelle
|-fail|p2a: Gothitelle|par
|move|p2a: Gothitelle|Calm Mind|p2a: Gothitelle
|-fail|p2a: Gothitelle
|
|turn|42
|c|âjf65445|im sorry
|c|âdzc4627|hmm?
|c|âdzc4627|dont you have psyshock
|
|move|p1a: Clefable|Thunder Wave|p2a: Gothitelle
|-fail|p2a: Gothitelle|par
|move|p2a: Gothitelle|Calm Mind|p2a: Gothitelle
|-fail|p2a: Gothitelle
|
|turn|43
|c|âjf65445|yes
|
|move|p1a: Clefable|Thunder Wave|p2a: Gothitelle
|-fail|p2a: Gothitelle|par
|move|p2a: Gothitelle|Calm Mind|p2a: Gothitelle
|-fail|p2a: Gothitelle
|
|turn|44
|c|âdzc4627|then uh
|
|move|p1a: Clefable|Thunder Wave|p2a: Gothitelle
|-fail|p2a: Gothitelle|par
|move|p2a: Gothitelle|Calm Mind|p2a: Gothitelle
|-fail|p2a: Gothitelle
|
|turn|45
|c|âdzc4627|pp stall?
|
|move|p1a: Clefable|Thunder Wave|p2a: Gothitelle
|-fail|p2a: Gothitelle|par
|move|p2a: Gothitelle|Calm Mind|p2a: Gothitelle
|-fail|p2a: Gothitelle
|
|turn|46
|
|move|p1a: Clefable|Thunder Wave|p2a: Gothitelle
|-fail|p2a: Gothitelle|par
|move|p2a: Gothitelle|Calm Mind|p2a: Gothitelle
|-fail|p2a: Gothitelle
|
|turn|47
|c|âdzc4627|but you could just ko me...
|
|move|p1a: Clefable|Thunder Wave|p2a: Gothitelle
|-fail|p2a: Gothitelle|par
|cant|p2a: Gothitelle|par
|
|turn|48
|
|move|p1a: Clefable|Thunder Wave|p2a: Gothitelle
|-fail|p2a: Gothitelle|par
|move|p2a: Gothitelle|Calm Mind|p2a: Gothitelle
|-fail|p2a: Gothitelle
|
|turn|49
|
|move|p1a: Clefable|Thunder Wave|p2a: Gothitelle
|-fail|p2a: Gothitelle|par
|move|p2a: Gothitelle|Calm Mind|p2a: Gothitelle
|-fail|p2a: Gothitelle
|
|turn|50
|
|move|p1a: Clefable|Thunder Wave|p2a: Gothitelle
|-fail|p2a: Gothitelle|par
|move|p2a: Gothitelle|Rest|p2a: Gothitelle
|-fail|p2a: Gothitelle
|
|turn|51
|
|move|p1a: Clefable|Thunder Wave|p2a: Gothitelle
|-fail|p2a: Gothitelle|par
|move|p2a: Gothitelle|Rest|p2a: Gothitelle
|-fail|p2a: Gothitelle
|
|turn|52
|
|move|p1a: Clefable|Thunder Wave|p2a: Gothitelle
|-fail|p2a: Gothitelle|par
|move|p2a: Gothitelle|Rest|p2a: Gothitelle
|-fail|p2a: Gothitelle
|
|turn|53
|c|âdzc4627|oh
|c|âdzc4627|if i struggle
|c|âdzc4627|and do damage to you
|c|âdzc4627|you can rest
|c|âjf65445|:)
|c|âdzc4627|and get rid of para
|c|âdzc4627|!
|
|move|p1a: Clefable|Thunder Wave|p2a: Gothitelle
|-fail|p2a: Gothitelle|par
|move|p2a: Gothitelle|Rest|p2a: Gothitelle
|-fail|p2a: Gothitelle
|
|turn|54
|c|âdzc4627|i feel like a detective
|c|âjf65445|but im not sure the order of it all, or if it's even possible
|
|move|p1a: Clefable|Thunder Wave|p2a: Gothitelle
|-fail|p2a: Gothitelle|par
|move|p2a: Gothitelle|Rest|p2a: Gothitelle
|-fail|p2a: Gothitelle
|
|turn|55
|c|âjf65445|lol just curious is all
|
|move|p1a: Clefable|Thunder Wave|p2a: Gothitelle
|-fail|p2a: Gothitelle|par
|cant|p2a: Gothitelle|par
|
|turn|56
|c|âdzc4627|funny how different batttling is in the metagame as opposed to any movie or show
|c|âdzc4627|try to imagine this
|
|move|p1a: Clefable|Struggle|p2a: Gothitelle
|-damage|p2a: Gothitelle|288\/301 par
|-damage|p1a: Clefable|296\/394 brn
|move|p2a: Gothitelle|Rest|p2a: Gothitelle
|-status|p2a: Gothitelle|slp
|-heal|p2a: Gothitelle|301\/301 slp|[silent]
|-status|p2a: Gothitelle|slp|[from] move: Rest
|
|turn|57
|
|cant|p2a: Gothitelle|slp
|move|p1a: Clefable|Struggle|p2a: Gothitelle
|-crit|p2a: Gothitelle
|-damage|p2a: Gothitelle|280\/301 slp
|-damage|p1a: Clefable|198\/394 brn
|
|-heal|p2a: Gothitelle|298\/301 slp|[from] item: Leftovers
|turn|58
|
|cant|p2a: Gothitelle|slp
|move|p1a: Clefable|Struggle|p2a: Gothitelle
|-damage|p2a: Gothitelle|285\/301 slp
|-damage|p1a: Clefable|100\/394 brn
|
|-heal|p2a: Gothitelle|301\/301 slp|[from] item: Leftovers
|turn|59
|c|âjf65445|yeah haha
|
|-curestatus|p2a: Gothitelle|slp
|move|p2a: Gothitelle|Trick|p1a: Clefable
|-activate|p2a: Gothitelle|move: Trick|[of] p1a: Clefable
|-item|p1a: Clefable|Leftovers|[from] move: Trick
|-item|p2a: Gothitelle|Choice Scarf|[from] move: Trick
|move|p1a: Clefable|Struggle|p2a: Gothitelle
|-damage|p2a: Gothitelle|285\/301
|-damage|p1a: Clefable|2\/394 brn
|
|-heal|p1a: Clefable|26\/394 brn|[from] item: Leftovers
|turn|60
|
|move|p2a: Gothitelle|Psyshock|p1a: Clefable
|-damage|p1a: Clefable|0 fnt
|faint|p1a: Clefable
|
|
|switch|p1a: Keldeo-Resolute|Keldeo-Resolute|323\/323
|-damage|p1a: Keldeo-Resolute|270\/323|[from] Spikes
|-damage|p1a: Keldeo-Resolute|250\/323|[from] Stealth Rock
|turn|61
|
|move|p1a: Keldeo-Resolute|Icy Wind|p2a: Gothitelle
|-damage|p2a: Gothitelle|269\/301
|-unboost|p2a: Gothitelle|spe|1
|move|p2a: Gothitelle|Psyshock|p1a: Keldeo-Resolute
|-supereffective|p1a: Keldeo-Resolute
|-damage|p1a: Keldeo-Resolute|0 fnt
|faint|p1a: Keldeo-Resolute
|
|
|switch|p1a: Landorus-Therian|Landorus-Therian, M|175\/381 brn
|-damage|p1a: Landorus-Therian|128\/381 brn|[from] Stealth Rock
|-ability|p1a: Landorus-Therian|Intimidate|[of] p2a: Gothitelle
|-unboost|p2a: Gothitelle|atk|1
|turn|62
|
|move|p2a: Gothitelle|Psyshock|p1a: Landorus-Therian
|-damage|p1a: Landorus-Therian|0 fnt
|faint|p1a: Landorus-Therian
|
|
|switch|p1a: Latias|Latias, F|301\/301
|-damage|p1a: Latias|264\/301|[from] Stealth Rock
|turn|63
|
|move|p1a: Latias|Psyshock|p2a: Gothitelle
|-resisted|p2a: Gothitelle
|-damage|p2a: Gothitelle|177\/301
|-damage|p1a: Latias|234\/301|[from] item: Life Orb
|move|p2a: Gothitelle|Psyshock|p1a: Latias
|-resisted|p1a: Latias
|-damage|p1a: Latias|0 fnt
|faint|p1a: Latias
|
|win|jf65445
|raw|Ladder updating...
|raw|dzc4627's rating: 1198 &rarr; <strong>1170<\/strong><br \/>(-28 for losing)
|raw|jf65445's rating: 1152 &rarr; <strong>1180<\/strong><br \/>(+28 for winning)
|c|âjf65445|good game, sorry i wasted so much of your time. have a good one
|c|âdzc4627|good game
|c|âdzc4627|no prooblem
|leave|dzc4627