|join|Funazistic
|join|dzc4627
|player|p1|Funazistic|97
|player|p2|dzc4627|137
|gametype|singles
|gen|6
|tier|OU (suspect test)
|rated
|clearpoke
|poke|p1|Slurpuff, F
|poke|p1|Chatot, F
|poke|p1|Empoleon, M
|poke|p1|Entei, shiny
|poke|p1|Altaria, M
|poke|p1|Roserade, F
|poke|p2|Bisharp, M
|poke|p2|Heracross, M
|poke|p2|Landorus-Therian, M
|poke|p2|Latias, F
|poke|p2|Clefable, F
|poke|p2|Keldeo-Resolute
|rule|Swagger Clause: Swagger is banned
|rule|Baton Pass Clause: Limit one PokÃ©mon knowing Baton Pass
|rule|Sleep Clause Mod: Limit one foe put to sleep
|rule|Species Clause: Limit one of each PokÃ©mon
|rule|OHKO Clause: OHKO moves are banned
|rule|Moody Clause: Moody is banned
|rule|Evasion Moves Clause: Evasion moves are banned
|rule|Endless Battle Clause: Forcing endless battles is banned
|rule|HP Percentage Mod: HP is shown in percentages
|teampreview
|
|start
|switch|p1a: Chatot|Chatot, F|293\/293
|switch|p2a: Ai L. Yuu|Bisharp, M|271\/271
|turn|1
|
|move|p1a: Chatot|Chatter|p2a: Ai L. Yuu
|-resisted|p2a: Ai L. Yuu
|-damage|p2a: Ai L. Yuu|211\/271
|-start|p2a: Ai L. Yuu|confusion
|-enditem|p2a: Ai L. Yuu|Lum Berry|[eat]
|-end|p2a: Ai L. Yuu|confusion
|move|p2a: Ai L. Yuu|Swords Dance|p2a: Ai L. Yuu
|-boost|p2a: Ai L. Yuu|atk|2
|
|turn|2
|
|move|p2a: Ai L. Yuu|Sucker Punch|p1a: Chatot
|-enditem|p1a: Chatot|Focus Sash
|-damage|p1a: Chatot|1\/293
|move|p1a: Chatot|Chatter|p2a: Ai L. Yuu
|-resisted|p2a: Ai L. Yuu
|-damage|p2a: Ai L. Yuu|149\/271
|-start|p2a: Ai L. Yuu|confusion
|
|turn|3
|
|-activate|p2a: Ai L. Yuu|confusion
|move|p2a: Ai L. Yuu|Sucker Punch|p1a: Chatot
|-damage|p1a: Chatot|0 fnt
|faint|p1a: Chatot
|
|
|switch|p1a: Slurpuff|Slurpuff, F|306\/306
|turn|4
|
|move|p1a: Slurpuff|Belly Drum|p1a: Slurpuff
|-damage|p1a: Slurpuff|153\/306
|-setboost|p1a: Slurpuff|atk|6|[from] move: Belly Drum
|-enditem|p1a: Slurpuff|Sitrus Berry|[eat]
|-heal|p1a: Slurpuff|229\/306|[from] item: Sitrus Berry
|-activate|p2a: Ai L. Yuu|confusion
|move|p2a: Ai L. Yuu|Iron Head|p1a: Slurpuff
|-supereffective|p1a: Slurpuff
|-damage|p1a: Slurpuff|0 fnt
|faint|p1a: Slurpuff
|
|
|switch|p1a: Altaria|Altaria, M|354\/354
|turn|5
|
|-activate|p2a: Ai L. Yuu|confusion
|move|p2a: Ai L. Yuu|Sucker Punch|p1a: Altaria
|-fail|p1a: Altaria
|move|p1a: Altaria|Dragon Dance|p1a: Altaria
|-boost|p1a: Altaria|atk|1
|-boost|p1a: Altaria|spe|1
|
|turn|6
|
|detailschange|p1a: Altaria|Altaria-Mega, M
|-mega|p1a: Altaria|Altaria|Altarianite
|move|p1a: Altaria|Dragon Dance|p1a: Altaria
|-boost|p1a: Altaria|atk|1
|-boost|p1a: Altaria|spe|1
|-activate|p2a: Ai L. Yuu|confusion
|-damage|p2a: Ai L. Yuu|44\/271|[from] confusion
|
|turn|7
|
|-end|p2a: Ai L. Yuu|confusion
|move|p2a: Ai L. Yuu|Sucker Punch|p1a: Altaria
|-resisted|p1a: Altaria
|-damage|p1a: Altaria|243\/354
|move|p1a: Altaria|Return|p2a: Ai L. Yuu
|-damage|p2a: Ai L. Yuu|0 fnt
|faint|p2a: Ai L. Yuu
|
|
|switch|p2a: lizard|Keldeo-Resolute|323\/323
|turn|8
|
|move|p2a: lizard|Icy Wind|p1a: Altaria
|-miss|p2a: lizard|p1a: Altaria
|move|p1a: Altaria|Return|p2a: lizard
|-supereffective|p2a: lizard
|-damage|p2a: lizard|0 fnt
|faint|p2a: lizard
|
|
|switch|p2a: butter|Clefable, F|394\/394
|turn|9
|
|move|p1a: Altaria|Return|p2a: butter
|-damage|p2a: butter|0 fnt
|faint|p2a: butter
|
|
|switch|p2a: looker|Landorus-Therian, M|381\/381
|-ability|p2a: looker|Intimidate|[of] p1a: Altaria
|-unboost|p1a: Altaria|atk|1
|turn|10
|
|move|p1a: Altaria|Dragon Dance|p1a: Altaria
|-boost|p1a: Altaria|atk|1
|-boost|p1a: Altaria|spe|1
|move|p2a: looker|Earthquake|p1a: Altaria
|-damage|p1a: Altaria|117\/354
|
|turn|11
|
|move|p1a: Altaria|Roost|p1a: Altaria
|-heal|p1a: Altaria|294\/354
|move|p2a: looker|Earthquake|p1a: Altaria
|-damage|p1a: Altaria|182\/354
|
|turn|12
|
|move|p1a: Altaria|Return|p2a: looker
|-damage|p2a: looker|92\/381
|move|p2a: looker|Stone Edge|p1a: Altaria
|-crit|p1a: Altaria
|-damage|p1a: Altaria|54\/354
|
|-heal|p2a: looker|115\/381|[from] item: Leftovers
|turn|13
|
|move|p1a: Altaria|Return|p2a: looker
|-damage|p2a: looker|0 fnt
|faint|p2a: looker
|
|
|switch|p2a: Heracross|Heracross, M|302\/302
|turn|14
|
|move|p1a: Altaria|Return|p2a: Heracross
|-supereffective|p2a: Heracross
|-damage|p2a: Heracross|0 fnt
|faint|p2a: Heracross
|
|
|switch|p2a: memely|Latias, F|301\/301
|turn|15
|
|move|p1a: Altaria|Return|p2a: memely
|-supereffective|p2a: memely
|-damage|p2a: memely|0 fnt
|faint|p2a: memely
|
|win|Funazistic
|raw|Ladder updating...
|raw|Funazistic's rating: 1301 &rarr; <strong>1316<\/strong><br \/>(+15 for winning)
|raw|dzc4627's rating: 1212 &rarr; <strong>1193<\/strong><br \/>(-19 for losing)
|leave|dzc4627
|player|p2