|join|Hamderlei
|join|vbbv3
|player|p1|Hamderlei|4
|player|p2|vbbv3|29
|gametype|singles
|gen|6
|tier|UU
|rated
|rule|Sleep Clause Mod: Limit one foe put to sleep
|rule|Species Clause: Limit one of each PokÃ©mon
|rule|OHKO Clause: OHKO moves are banned
|rule|Moody Clause: Moody is banned
|rule|Evasion Moves Clause: Evasion moves are banned
|rule|Endless Battle Clause: Forcing endless battles is banned
|rule|HP Percentage Mod: HP is shown in percentages
|clearpoke
|poke|p1|Swampert, F
|poke|p1|Gallade, M
|poke|p1|Hydreigon, M
|poke|p1|Crobat, M
|poke|p1|Mienshao, F
|poke|p1|Roserade, M
|poke|p2|Jirachi
|poke|p2|Rotom-Heat
|poke|p2|Vaporeon, M
|poke|p2|Shaymin
|poke|p2|Hippowdon, M
|poke|p2|Haxorus, F
|rule|Swagger Clause: Swagger is banned
|rule|Baton Pass Clause: Limit one PokÃ©mon knowing Baton Pass
|teampreview
|
|start
|switch|p1a: Hydreigon|Hydreigon, M|325\/325
|switch|p2a: Rotom-Heat|Rotom-Heat|241\/241
|turn|1
|
|switch|p2a: Vaporeon|Vaporeon, M|463\/463
|move|p1a: Hydreigon|Dark Pulse|p2a: Vaporeon
|-damage|p2a: Vaporeon|329\/463
|-damage|p1a: Hydreigon|293\/325|[from] item: Life Orb
|
|-heal|p2a: Vaporeon|357\/463|[from] item: Leftovers
|turn|2
|
|move|p1a: Hydreigon|Taunt|p2a: Vaporeon
|-start|p2a: Vaporeon|move: Taunt
|move|p2a: Vaporeon|Scald|p1a: Hydreigon
|-resisted|p1a: Hydreigon
|-damage|p1a: Hydreigon|239\/325
|
|-heal|p2a: Vaporeon|385\/463|[from] item: Leftovers
|turn|3
|
|switch|p1a: Roserade|Roserade, M|262\/262
|move|p2a: Vaporeon|Scald|p1a: Roserade
|-resisted|p1a: Roserade
|-damage|p1a: Roserade|217\/262
|
|-heal|p2a: Vaporeon|413\/463|[from] item: Leftovers
|turn|4
|
|switch|p2a: Rotom-Heat|Rotom-Heat|241\/241
|move|p1a: Roserade|Shadow Ball|p2a: Rotom-Heat
|-damage|p2a: Rotom-Heat|111\/241
|
|turn|5
|
|switch|p1a: Swampert|Swampert, F|404\/404
|move|p2a: Rotom-Heat|Overheat|p1a: Swampert
|-crit|p1a: Swampert
|-resisted|p1a: Swampert
|-damage|p1a: Swampert|238\/404
|-unboost|p2a: Rotom-Heat|spa|2
|
|-heal|p1a: Swampert|263\/404|[from] item: Leftovers
|turn|6
|
|switch|p2a: Shaymin|Shaymin|341\/341
|move|p1a: Swampert|Stealth Rock|p2a: Shaymin
|-sidestart|p2: vbbv3|move: Stealth Rock
|
|-heal|p1a: Swampert|288\/404|[from] item: Leftovers
|turn|7
|
|switch|p1a: Crobat|Crobat, M|373\/373
|move|p2a: Shaymin|Psychic|p1a: Crobat
|-supereffective|p1a: Crobat
|-damage|p1a: Crobat|113\/373
|-damage|p2a: Shaymin|307\/341|[from] item: Life Orb
|
|turn|8
|
|switch|p2a: Hippowdon|Hippowdon, M|419\/419
|-damage|p2a: Hippowdon|393\/419|[from] Stealth Rock
|move|p1a: Crobat|Roost|p1a: Crobat
|-heal|p1a: Crobat|300\/373
|
|-heal|p2a: Hippowdon|419\/419|[from] item: Leftovers
|turn|9
|
|move|p1a: Crobat|U-turn|p2a: Hippowdon
|-damage|p2a: Hippowdon|387\/419
|
|switch|p1a: Roserade|Roserade, M|217\/262
|move|p2a: Hippowdon|Stealth Rock|p1a: Roserade
|-sidestart|p1: Hamderlei|move: Stealth Rock
|
|-heal|p2a: Hippowdon|413\/419|[from] item: Leftovers
|turn|10
|
|switch|p2a: Jirachi|Jirachi|404\/404
|-damage|p2a: Jirachi|379\/404|[from] Stealth Rock
|move|p1a: Roserade|Leaf Storm|p2a: Jirachi
|-resisted|p2a: Jirachi
|-damage|p2a: Jirachi|220\/404
|-unboost|p1a: Roserade|spa|2
|
|-heal|p2a: Jirachi|245\/404|[from] item: Leftovers
|turn|11
|
|switch|p1a: Swampert|Swampert, F|288\/404
|-damage|p1a: Swampert|263\/404|[from] Stealth Rock
|move|p2a: Jirachi|Fire Punch|p1a: Swampert
|-resisted|p1a: Swampert
|-damage|p1a: Swampert|237\/404
|-status|p1a: Swampert|brn
|
|-heal|p2a: Jirachi|270\/404|[from] item: Leftovers
|-heal|p1a: Swampert|262\/404 brn|[from] item: Leftovers
|-damage|p1a: Swampert|212\/404 brn|[from] brn
|turn|12
|
|switch|p2a: Vaporeon|Vaporeon, M|413\/463
|-damage|p2a: Vaporeon|356\/463|[from] Stealth Rock
|move|p1a: Swampert|Roar|p2a: Vaporeon
|drag|p2a: Jirachi|Jirachi|270\/404
|-damage|p2a: Jirachi|245\/404|[from] Stealth Rock
|
|-heal|p2a: Jirachi|270\/404|[from] item: Leftovers
|-heal|p1a: Swampert|237\/404 brn|[from] item: Leftovers
|-damage|p1a: Swampert|187\/404 brn|[from] brn
|turn|13
|
|move|p2a: Jirachi|Iron Head|p1a: Swampert
|-resisted|p1a: Swampert
|-damage|p1a: Swampert|143\/404 brn
|cant|p1a: Swampert|flinch
|
|-heal|p2a: Jirachi|295\/404|[from] item: Leftovers
|-heal|p1a: Swampert|168\/404 brn|[from] item: Leftovers
|-damage|p1a: Swampert|118\/404 brn|[from] brn
|turn|14
|
|move|p2a: Jirachi|Iron Head|p1a: Swampert
|-resisted|p1a: Swampert
|-damage|p1a: Swampert|75\/404 brn
|move|p1a: Swampert|Scald|p2a: Jirachi
|-damage|p2a: Jirachi|174\/404
|
|-heal|p2a: Jirachi|199\/404|[from] item: Leftovers
|-heal|p1a: Swampert|100\/404 brn|[from] item: Leftovers
|-damage|p1a: Swampert|50\/404 brn|[from] brn
|turn|15
|
|switch|p2a: Vaporeon|Vaporeon, M|356\/463
|-damage|p2a: Vaporeon|299\/463|[from] Stealth Rock
|move|p1a: Swampert|Roar|p2a: Vaporeon
|drag|p2a: Jirachi|Jirachi|199\/404
|-damage|p2a: Jirachi|174\/404|[from] Stealth Rock
|
|-heal|p2a: Jirachi|199\/404|[from] item: Leftovers
|-heal|p1a: Swampert|75\/404 brn|[from] item: Leftovers
|-damage|p1a: Swampert|25\/404 brn|[from] brn
|turn|16
|
|move|p2a: Jirachi|Iron Head|p1a: Swampert
|-resisted|p1a: Swampert
|-damage|p1a: Swampert|0 fnt
|faint|p1a: Swampert
|
|-heal|p2a: Jirachi|224\/404|[from] item: Leftovers
|
|switch|p1a: Hydreigon|Hydreigon, M|239\/325
|-damage|p1a: Hydreigon|199\/325|[from] Stealth Rock
|turn|17
|
|switch|p2a: Vaporeon|Vaporeon, M|299\/463
|-damage|p2a: Vaporeon|242\/463|[from] Stealth Rock
|move|p1a: Hydreigon|Dark Pulse|p2a: Vaporeon
|-damage|p2a: Vaporeon|102\/463
|-damage|p1a: Hydreigon|167\/325|[from] item: Life Orb
|
|-heal|p2a: Vaporeon|130\/463|[from] item: Leftovers
|turn|18
|
|move|p2a: Vaporeon|Protect|p2a: Vaporeon
|-singleturn|p2a: Vaporeon|Protect
|move|p1a: Hydreigon|Dragon Pulse|p2a: Vaporeon
|-activate|p2a: Vaporeon|Protect
|
|-heal|p2a: Vaporeon|158\/463|[from] item: Leftovers
|turn|19
|
|move|p1a: Hydreigon|Taunt|p2a: Vaporeon
|-start|p2a: Vaporeon|move: Taunt
|cant|p2a: Vaporeon|move: Taunt|Wish
|
|-heal|p2a: Vaporeon|186\/463|[from] item: Leftovers
|turn|20
|
|move|p1a: Hydreigon|Roost|p1a: Hydreigon
|-heal|p1a: Hydreigon|325\/325
|move|p2a: Vaporeon|Scald|p1a: Hydreigon
|-resisted|p1a: Hydreigon
|-damage|p1a: Hydreigon|270\/325
|-status|p1a: Hydreigon|brn
|
|-heal|p2a: Vaporeon|214\/463|[from] item: Leftovers
|-damage|p1a: Hydreigon|230\/325 brn|[from] brn
|turn|21
|
|move|p1a: Hydreigon|Dark Pulse|p2a: Vaporeon
|-damage|p2a: Vaporeon|84\/463
|-damage|p1a: Hydreigon|198\/325 brn|[from] item: Life Orb
|move|p2a: Vaporeon|Scald|p1a: Hydreigon
|-resisted|p1a: Hydreigon
|-damage|p1a: Hydreigon|143\/325 brn
|
|-heal|p2a: Vaporeon|112\/463|[from] item: Leftovers
|-damage|p1a: Hydreigon|103\/325 brn|[from] brn
|-end|p2a: Vaporeon|move: Taunt
|turn|22
|
|move|p2a: Vaporeon|Protect|p2a: Vaporeon
|-singleturn|p2a: Vaporeon|Protect
|move|p1a: Hydreigon|Roost|p1a: Hydreigon
|-heal|p1a: Hydreigon|266\/325 brn
|
|-heal|p2a: Vaporeon|140\/463|[from] item: Leftovers
|-damage|p1a: Hydreigon|226\/325 brn|[from] brn
|turn|23
|
|move|p1a: Hydreigon|Dragon Pulse|p2a: Vaporeon
|-damage|p2a: Vaporeon|0 fnt
|-damage|p1a: Hydreigon|194\/325 brn|[from] item: Life Orb
|faint|p2a: Vaporeon
|
|-damage|p1a: Hydreigon|154\/325 brn|[from] brn
|
|switch|p2a: Shaymin|Shaymin|307\/341
|-damage|p2a: Shaymin|265\/341|[from] Stealth Rock
|turn|24
|
|move|p2a: Shaymin|Dazzling Gleam|p1a: Hydreigon
|-supereffective|p1a: Hydreigon
|-damage|p1a: Hydreigon|0 fnt
|-damage|p2a: Shaymin|231\/341|[from] item: Life Orb
|faint|p1a: Hydreigon
|
|
|switch|p1a: Crobat|Crobat, M|300\/373
|-damage|p1a: Crobat|207\/373|[from] Stealth Rock
|turn|25
|
|switch|p2a: Hippowdon|Hippowdon, M|413\/419
|-damage|p2a: Hippowdon|387\/419|[from] Stealth Rock
|move|p1a: Crobat|U-turn|p2a: Hippowdon
|-damage|p2a: Hippowdon|357\/419
|
|switch|p1a: Gallade|Gallade, M|340\/340
|-damage|p1a: Gallade|319\/340|[from] Stealth Rock
|
|-heal|p2a: Hippowdon|383\/419|[from] item: Leftovers
|turn|26
|
|detailschange|p1a: Gallade|Gallade-Mega, M
|message|Gallade has Mega Evolved into Mega Gallade!
|move|p1a: Gallade|Bulk Up|p1a: Gallade
|-boost|p1a: Gallade|atk|1
|-boost|p1a: Gallade|def|1
|move|p2a: Hippowdon|Slack Off|p2a: Hippowdon
|-heal|p2a: Hippowdon|419\/419
|
|turn|27
|
|move|p1a: Gallade|Taunt|p2a: Hippowdon
|-start|p2a: Hippowdon|move: Taunt
|cant|p2a: Hippowdon|move: Taunt|Whirlwind
|
|turn|28
|
|move|p1a: Gallade|Bulk Up|p1a: Gallade
|-boost|p1a: Gallade|atk|1
|-boost|p1a: Gallade|def|1
|move|p2a: Hippowdon|Earthquake|p1a: Gallade
|-damage|p1a: Gallade|247\/340
|
|turn|29
|
|switch|p2a: Rotom-Heat|Rotom-Heat|111\/241
|-damage|p2a: Rotom-Heat|51\/241|[from] Stealth Rock
|move|p1a: Gallade|Drain Punch|p2a: Rotom-Heat
|-damage|p2a: Rotom-Heat|0 fnt
|-heal|p1a: Gallade|273\/340|[from] drain|[of] p2a: Rotom-Heat
|faint|p2a: Rotom-Heat
|
|
|switch|p2a: Shaymin|Shaymin|231\/341
|-damage|p2a: Shaymin|189\/341|[from] Stealth Rock
|turn|30
|
|move|p1a: Gallade|Drain Punch|p2a: Shaymin
|-damage|p2a: Shaymin|0 fnt
|-heal|p1a: Gallade|340\/340|[from] drain|[of] p2a: Shaymin
|faint|p2a: Shaymin
|
|
|switch|p2a: Hippowdon|Hippowdon, M|419\/419
|-damage|p2a: Hippowdon|393\/419|[from] Stealth Rock
|turn|31
|
|move|p1a: Gallade|Taunt|p2a: Hippowdon
|-start|p2a: Hippowdon|move: Taunt
|move|p2a: Hippowdon|Earthquake|p1a: Gallade
|-damage|p1a: Gallade|270\/340
|
|-heal|p2a: Hippowdon|419\/419|[from] item: Leftovers
|turn|32
|
|move|p1a: Gallade|Bulk Up|p1a: Gallade
|-boost|p1a: Gallade|atk|1
|-boost|p1a: Gallade|def|1
|move|p2a: Hippowdon|Earthquake|p1a: Gallade
|-damage|p1a: Gallade|212\/340
|
|turn|33
|
|move|p1a: Gallade|Drain Punch|p2a: Hippowdon
|-damage|p2a: Hippowdon|217\/419
|-heal|p1a: Gallade|313\/340|[from] drain|[of] p2a: Hippowdon
|move|p2a: Hippowdon|Earthquake|p1a: Gallade
|-damage|p1a: Gallade|261\/340
|
|-heal|p2a: Hippowdon|243\/419|[from] item: Leftovers
|-end|p2a: Hippowdon|move: Taunt
|turn|34
|
|move|p1a: Gallade|Taunt|p2a: Hippowdon
|-start|p2a: Hippowdon|move: Taunt
|move|p2a: Hippowdon|Earthquake|p1a: Gallade
|-damage|p1a: Gallade|206\/340
|
|-heal|p2a: Hippowdon|269\/419|[from] item: Leftovers
|turn|35
|
|move|p1a: Gallade|Drain Punch|p2a: Hippowdon
|-damage|p2a: Hippowdon|59\/419
|-heal|p1a: Gallade|311\/340|[from] drain|[of] p2a: Hippowdon
|move|p2a: Hippowdon|Earthquake|p1a: Gallade
|-damage|p1a: Gallade|259\/340
|
|-heal|p2a: Hippowdon|85\/419|[from] item: Leftovers
|turn|36
|-message|vbbv3 forfeited.
|
|win|Hamderlei
|raw|Ladder updating...
|leave|vbbv3
|player|p2
|raw|Hamderlei's rating: 1445 &rarr; <strong>1459<\/strong><br \/>(+14 for winning)
|raw|vbbv3's rating: 1331 &rarr; <strong>1317<\/strong><br \/>(-14 for losing)