|join|beardy man
|join|OddishOG
|player|p1|beardy man|1
|player|p2|OddishOG|175
|gametype|singles
|gen|6
|tier|ORAS OU
|rated
|rule|Sleep Clause Mod: Limit one foe put to sleep
|rule|Species Clause: Limit one of each PokÃ©mon
|rule|OHKO Clause: OHKO moves are banned
|rule|Moody Clause: Moody is banned
|rule|Evasion Moves Clause: Evasion moves are banned
|rule|Endless Battle Clause: Forcing endless battles is banned
|rule|HP Percentage Mod: HP is shown in percentages
|clearpoke
|poke|p1|Salamence, F, shiny
|poke|p1|Magnezone
|poke|p1|Conkeldurr, M
|poke|p1|Donphan, F
|poke|p1|Espeon, F
|poke|p1|Wobbuffet, F
|poke|p2|Slowbro, F
|poke|p2|Bisharp, F
|poke|p2|Heatran, M
|poke|p2|Chesnaught, M
|poke|p2|Rhyperior, F
|poke|p2|Gengar, M, shiny
|rule|Swagger Clause: Swagger is banned
|rule|Baton Pass Clause: Limit one PokÃ©mon knowing Baton Pass
|teampreview
|
|start
|switch|p1a: Donphan|Donphan, F|383\/383
|switch|p2a: Rhyperior|Rhyperior, F|420\/420
|turn|1
|
|move|p1a: Donphan|Stealth Rock|p2a: Rhyperior
|-sidestart|p2: OddishOG|move: Stealth Rock
|move|p2a: Rhyperior|Stealth Rock|p1a: Donphan
|-sidestart|p1: beardy man|move: Stealth Rock
|
|turn|2
|
|move|p1a: Donphan|Rapid Spin|p2a: Rhyperior
|-resisted|p2a: Rhyperior
|-damage|p2a: Rhyperior|413\/420
|-sideend|p1: beardy man|Stealth Rock|[from] move: Rapid Spin|[of] p1a: Donphan
|move|p2a: Rhyperior|Ice Punch|p1a: Donphan
|-supereffective|p1a: Donphan
|-damage|p1a: Donphan|239\/383
|
|-heal|p1a: Donphan|262\/383|[from] item: Leftovers
|-heal|p2a: Rhyperior|420\/420|[from] item: Leftovers
|turn|3
|
|move|p1a: Donphan|Earthquake|p2a: Rhyperior
|-supereffective|p2a: Rhyperior
|-damage|p2a: Rhyperior|267\/420
|move|p2a: Rhyperior|Stealth Rock|p1a: Donphan
|-sidestart|p1: beardy man|move: Stealth Rock
|
|-heal|p1a: Donphan|285\/383|[from] item: Leftovers
|-heal|p2a: Rhyperior|293\/420|[from] item: Leftovers
|turn|4
|
|move|p1a: Donphan|Earthquake|p2a: Rhyperior
|-supereffective|p2a: Rhyperior
|-damage|p2a: Rhyperior|149\/420
|move|p2a: Rhyperior|Ice Punch|p1a: Donphan
|-supereffective|p1a: Donphan
|-damage|p1a: Donphan|147\/383
|-status|p1a: Donphan|frz
|
|-heal|p1a: Donphan|170\/383 frz|[from] item: Leftovers
|-heal|p2a: Rhyperior|175\/420|[from] item: Leftovers
|turn|5
|
|switch|p2a: Gengar|Gengar, M, shiny|262\/262
|-damage|p2a: Gengar|230\/262|[from] Stealth Rock
|cant|p1a: Donphan|frz
|
|-heal|p1a: Donphan|193\/383 frz|[from] item: Leftovers
|turn|6
|
|switch|p1a: Conkeldurr|Conkeldurr, M|414\/414
|-damage|p1a: Conkeldurr|389\/414|[from] Stealth Rock
|move|p2a: Gengar|Shadow Ball|p1a: Conkeldurr
|-damage|p1a: Conkeldurr|260\/414
|
|turn|7
|
|switch|p2a: Slowbro|Slowbro, F|394\/394
|-damage|p2a: Slowbro|345\/394|[from] Stealth Rock
|move|p1a: Conkeldurr|Knock Off|p2a: Slowbro
|-supereffective|p2a: Slowbro
|-damage|p2a: Slowbro|225\/394
|
|turn|8
|
|switch|p1a: Magnezone|Magnezone|323\/323
|-damage|p1a: Magnezone|303\/323|[from] Stealth Rock
|detailschange|p2a: Slowbro|Slowbro-Mega, F
|message|Slowbro has Mega Evolved into Mega Slowbro!
|move|p2a: Slowbro|Rest|p2a: Slowbro
|-status|p2a: Slowbro|slp
|-heal|p2a: Slowbro|394\/394 slp|[silent]
|-status|p2a: Slowbro|slp|[from] move: Rest
|
|turn|9
|
|switch|p2a: Chesnaught|Chesnaught, M|380\/380
|-damage|p2a: Chesnaught|357\/380|[from] Stealth Rock
|move|p1a: Magnezone|Volt Switch|p2a: Chesnaught
|-resisted|p2a: Chesnaught
|-damage|p2a: Chesnaught|225\/380
|
|switch|p1a: Espeon|Espeon, F|334\/334
|-damage|p1a: Espeon|293\/334|[from] Stealth Rock
|
|-heal|p2a: Chesnaught|248\/380|[from] item: Leftovers
|turn|10
|
|move|p2a: Chesnaught|Spiky Shield|p2a: Chesnaught
|-singleturn|p2a: Chesnaught|move: Protect
|move|p1a: Espeon|Reflect|p1a: Espeon
|-sidestart|p1: beardy man|Reflect
|
|-heal|p2a: Chesnaught|271\/380|[from] item: Leftovers
|turn|11
|
|move|p1a: Espeon|Dazzling Gleam|p2a: Chesnaught
|-supereffective|p2a: Chesnaught
|-damage|p2a: Chesnaught|85\/380
|move|p2a: Chesnaught|Super Fang|p1a: Espeon
|-damage|p1a: Espeon|147\/334
|
|-heal|p2a: Chesnaught|108\/380|[from] item: Leftovers
|turn|12
|
|switch|p2a: Heatran|Heatran, M|386\/386
|-damage|p2a: Heatran|338\/386|[from] Stealth Rock
|move|p1a: Espeon|Light Screen|p1a: Espeon
|-sidestart|p1: beardy man|move: Light Screen
|
|-heal|p2a: Heatran|362\/386|[from] item: Leftovers
|turn|13
|
|switch|p1a: Conkeldurr|Conkeldurr, M|260\/414
|-damage|p1a: Conkeldurr|235\/414|[from] Stealth Rock
|move|p2a: Heatran|Fire Blast|p1a: Conkeldurr
|-damage|p1a: Conkeldurr|158\/414
|
|-heal|p2a: Heatran|386\/386|[from] item: Leftovers
|turn|14
|
|switch|p2a: Slowbro|Slowbro-Mega, F|394\/394 slp
|-damage|p2a: Slowbro|345\/394 slp|[from] Stealth Rock
|move|p1a: Conkeldurr|Drain Punch|p2a: Slowbro
|-resisted|p2a: Slowbro
|-damage|p2a: Slowbro|308\/394 slp
|-heal|p1a: Conkeldurr|177\/414|[from] drain|[of] p2a: Slowbro
|
|turn|15
|
|switch|p1a: Wobbuffet|Wobbuffet, F|528\/528
|-damage|p1a: Wobbuffet|462\/528|[from] Stealth Rock
|cant|p2a: Slowbro|slp
|move|p2a: Slowbro|Sleep Talk|p2a: Slowbro
|move|p2a: Slowbro|Scald|p1a: Wobbuffet|[from]Sleep Talk
|-damage|p1a: Wobbuffet|396\/528
|-status|p1a: Wobbuffet|brn
|
|-damage|p1a: Wobbuffet|330\/528 brn|[from] brn
|turn|16
|
|move|p1a: Wobbuffet|Encore|p2a: Slowbro
|-start|p2a: Slowbro|Encore
|cant|p2a: Slowbro|slp
|move|p2a: Slowbro|Sleep Talk|p2a: Slowbro
|move|p2a: Slowbro|Scald|p1a: Wobbuffet|[from]Sleep Talk
|-damage|p1a: Wobbuffet|270\/528 brn
|
|-damage|p1a: Wobbuffet|204\/528 brn|[from] brn
|-enditem|p1a: Wobbuffet|Sitrus Berry|[eat]
|-heal|p1a: Wobbuffet|336\/528 brn|[from] item: Sitrus Berry
|turn|17
|
|switch|p1a: Salamence|Salamence, F, shiny|393\/393
|-damage|p1a: Salamence|295\/393|[from] Stealth Rock
|-ability|p1a: Salamence|Intimidate|[of] p2a: Slowbro
|-unboost|p2a: Slowbro|atk|1
|-curestatus|p2a: Slowbro|slp
|move|p2a: Slowbro|Sleep Talk|p2a: Slowbro
|-fail|p2a: Slowbro
|
|-sideend|p1: beardy man|Reflect
|turn|18
|
|switch|p2a: Rhyperior|Rhyperior, F|175\/420
|-damage|p2a: Rhyperior|149\/420|[from] Stealth Rock
|detailschange|p1a: Salamence|Salamence-Mega, F, shiny
|message|Salamence has Mega Evolved into Mega Salamence!
|move|p1a: Salamence|Frustration|p2a: Rhyperior
|-resisted|p2a: Rhyperior
|-damage|p2a: Rhyperior|54\/420
|
|-heal|p2a: Rhyperior|80\/420|[from] item: Leftovers
|turn|19
|
|move|p1a: Salamence|Frustration|p2a: Rhyperior
|-resisted|p2a: Rhyperior
|-damage|p2a: Rhyperior|0 fnt
|faint|p2a: Rhyperior
|
|-sideend|p1: beardy man|move: Light Screen
|
|switch|p2a: Heatran|Heatran, M|386\/386
|-damage|p2a: Heatran|338\/386|[from] Stealth Rock
|turn|20
|
|switch|p1a: Donphan|Donphan, F|193\/383 frz
|-damage|p1a: Donphan|170\/383 frz|[from] Stealth Rock
|move|p2a: Heatran|Roar|p1a: Donphan
|drag|p1a: Magnezone|Magnezone|303\/323
|-damage|p1a: Magnezone|283\/323|[from] Stealth Rock
|
|-heal|p2a: Heatran|362\/386|[from] item: Leftovers
|turn|21
|
|move|p2a: Heatran|Fire Blast|p1a: Magnezone
|-supereffective|p1a: Magnezone
|-damage|p1a: Magnezone|0 fnt
|faint|p1a: Magnezone
|
|-heal|p2a: Heatran|386\/386|[from] item: Leftovers
|
|switch|p1a: Wobbuffet|Wobbuffet, F|336\/528 brn
|-damage|p1a: Wobbuffet|270\/528 brn|[from] Stealth Rock
|turn|22
|
|move|p1a: Wobbuffet|Encore|p2a: Heatran
|-start|p2a: Heatran|Encore
|move|p2a: Heatran|Fire Blast|p1a: Wobbuffet
|-damage|p1a: Wobbuffet|104\/528 brn
|
|-damage|p1a: Wobbuffet|38\/528 brn|[from] brn
|turn|23
|
|move|p2a: Heatran|Fire Blast|p1a: Wobbuffet|[miss]
|-miss|p2a: Heatran|p1a: Wobbuffet
|move|p1a: Wobbuffet|Mirror Coat|p2a: Heatran
|-fail|p2a: Heatran
|
|-damage|p1a: Wobbuffet|0 fnt|[from] brn
|faint|p1a: Wobbuffet
|
|switch|p1a: Conkeldurr|Conkeldurr, M|177\/414
|-damage|p1a: Conkeldurr|152\/414|[from] Stealth Rock
|turn|24
|
|switch|p2a: Slowbro|Slowbro-Mega, F|308\/394
|-damage|p2a: Slowbro|259\/394|[from] Stealth Rock
|move|p1a: Conkeldurr|Knock Off|p2a: Slowbro
|-supereffective|p2a: Slowbro
|-damage|p2a: Slowbro|169\/394
|
|turn|25
|
|switch|p1a: Salamence|Salamence-Mega, F, shiny|295\/393
|-damage|p1a: Salamence|197\/393|[from] Stealth Rock
|move|p2a: Slowbro|Rest|p2a: Slowbro
|-status|p2a: Slowbro|slp
|-heal|p2a: Slowbro|394\/394 slp|[silent]
|-status|p2a: Slowbro|slp|[from] move: Rest
|
|turn|26
|
|move|p1a: Salamence|Substitute|p1a: Salamence
|-start|p1a: Salamence|Substitute
|-damage|p1a: Salamence|99\/393
|cant|p2a: Slowbro|slp
|move|p2a: Slowbro|Sleep Talk|p2a: Slowbro
|move|p2a: Slowbro|Calm Mind|p2a: Slowbro|[from]Sleep Talk
|-boost|p2a: Slowbro|spa|1
|-boost|p2a: Slowbro|spd|1
|
|turn|27
|
|switch|p2a: Heatran|Heatran, M|386\/386
|-damage|p2a: Heatran|338\/386|[from] Stealth Rock
|move|p1a: Salamence|Roost|p1a: Salamence
|-heal|p1a: Salamence|296\/393
|
|-heal|p2a: Heatran|362\/386|[from] item: Leftovers
|turn|28
|
|move|p1a: Salamence|Frustration|p2a: Heatran
|-resisted|p2a: Heatran
|-damage|p2a: Heatran|242\/386
|move|p2a: Heatran|Roar|p1a: Salamence
|drag|p1a: Espeon|Espeon, F|147\/334
|-damage|p1a: Espeon|106\/334|[from] Stealth Rock
|
|-heal|p2a: Heatran|266\/386|[from] item: Leftovers
|turn|29
|
|move|p1a: Espeon|Light Screen|p1a: Espeon
|-sidestart|p1: beardy man|move: Light Screen
|move|p2a: Heatran|Fire Blast|p1a: Espeon
|-damage|p1a: Espeon|22\/334
|
|-heal|p2a: Heatran|290\/386|[from] item: Leftovers
|turn|30
|
|move|p1a: Espeon|Reflect|p1a: Espeon
|-sidestart|p1: beardy man|Reflect
|move|p2a: Heatran|Earth Power|p1a: Espeon
|-damage|p1a: Espeon|0 fnt
|faint|p1a: Espeon
|
|-heal|p2a: Heatran|314\/386|[from] item: Leftovers
|
|switch|p1a: Conkeldurr|Conkeldurr, M|152\/414
|-damage|p1a: Conkeldurr|127\/414|[from] Stealth Rock
|turn|31
|
|switch|p2a: Slowbro|Slowbro-Mega, F|394\/394 slp
|-damage|p2a: Slowbro|345\/394 slp|[from] Stealth Rock
|switch|p1a: Salamence|Salamence-Mega, F, shiny|296\/393
|-damage|p1a: Salamence|198\/393|[from] Stealth Rock
|
|turn|32
|
|switch|p2a: Heatran|Heatran, M|314\/386
|-damage|p2a: Heatran|266\/386|[from] Stealth Rock
|move|p1a: Salamence|Frustration|p2a: Heatran
|-resisted|p2a: Heatran
|-damage|p2a: Heatran|130\/386
|
|-heal|p2a: Heatran|154\/386|[from] item: Leftovers
|turn|33
|
|move|p1a: Salamence|Substitute|p1a: Salamence
|-start|p1a: Salamence|Substitute
|-damage|p1a: Salamence|100\/393
|move|p2a: Heatran|Toxic|p1a: Salamence
|
|-heal|p2a: Heatran|178\/386|[from] item: Leftovers
|turn|34
|
|move|p1a: Salamence|Roost|p1a: Salamence
|-heal|p1a: Salamence|297\/393
|move|p2a: Heatran|Roar|p1a: Salamence
|drag|p1a: Donphan|Donphan, F|170\/383 frz
|-damage|p1a: Donphan|147\/383 frz|[from] Stealth Rock
|
|-heal|p2a: Heatran|202\/386|[from] item: Leftovers
|-heal|p1a: Donphan|170\/383 frz|[from] item: Leftovers
|turn|35
|
|cant|p1a: Donphan|frz
|move|p2a: Heatran|Roar|p1a: Donphan
|drag|p1a: Salamence|Salamence-Mega, F, shiny|297\/393
|-damage|p1a: Salamence|199\/393|[from] Stealth Rock
|
|-heal|p2a: Heatran|226\/386|[from] item: Leftovers
|turn|36
|
|move|p1a: Salamence|Frustration|p2a: Heatran
|-resisted|p2a: Heatran
|-damage|p2a: Heatran|101\/386
|move|p2a: Heatran|Roar|p1a: Salamence
|drag|p1a: Donphan|Donphan, F|170\/383 frz
|-damage|p1a: Donphan|147\/383 frz|[from] Stealth Rock
|
|-heal|p2a: Heatran|125\/386|[from] item: Leftovers
|-heal|p1a: Donphan|170\/383 frz|[from] item: Leftovers
|-sideend|p1: beardy man|move: Light Screen
|turn|37
|
|move|p2a: Heatran|Fire Blast|p1a: Donphan|[miss]
|-miss|p2a: Heatran|p1a: Donphan
|cant|p1a: Donphan|frz
|
|-heal|p2a: Heatran|149\/386|[from] item: Leftovers
|-heal|p1a: Donphan|193\/383 frz|[from] item: Leftovers
|-sideend|p1: beardy man|Reflect
|turn|38
|
|-curestatus|p1a: Donphan|frz
|move|p1a: Donphan|Earthquake|p2a: Heatran
|-supereffective|p2a: Heatran
|-damage|p2a: Heatran|0 fnt
|faint|p2a: Heatran
|
|-heal|p1a: Donphan|216\/383|[from] item: Leftovers
|
|switch|p2a: Chesnaught|Chesnaught, M|108\/380
|-damage|p2a: Chesnaught|85\/380|[from] Stealth Rock
|turn|39
|
|move|p1a: Donphan|Ice Shard|p2a: Chesnaught
|-supereffective|p2a: Chesnaught
|-damage|p2a: Chesnaught|33\/380
|move|p2a: Chesnaught|Leech Seed|p1a: Donphan
|-start|p1a: Donphan|move: Leech Seed
|
|-heal|p2a: Chesnaught|56\/380|[from] item: Leftovers
|-heal|p1a: Donphan|239\/383|[from] item: Leftovers
|-damage|p1a: Donphan|192\/383|[from] Leech Seed|[of] p2a: Chesnaught
|-heal|p2a: Chesnaught|103\/380|[silent]
|turn|40
|
|move|p2a: Chesnaught|Spiky Shield|p2a: Chesnaught
|-singleturn|p2a: Chesnaught|move: Protect
|move|p1a: Donphan|Rapid Spin|p2a: Chesnaught
|-activate|p2a: Chesnaught|move: Protect
|-damage|p1a: Donphan|145\/383|[from] Spiky Shield|[of] p2a: Chesnaught
|
|-heal|p2a: Chesnaught|126\/380|[from] item: Leftovers
|-heal|p1a: Donphan|168\/383|[from] item: Leftovers
|-damage|p1a: Donphan|121\/383|[from] Leech Seed|[of] p2a: Chesnaught
|-heal|p2a: Chesnaught|173\/380|[silent]
|turn|41
|
|switch|p2a: Gengar|Gengar, M, shiny|230\/262
|-damage|p2a: Gengar|198\/262|[from] Stealth Rock
|move|p1a: Donphan|Rapid Spin|p2a: Gengar
|-immune|p2a: Gengar|[msg]
|
|-heal|p1a: Donphan|144\/383|[from] item: Leftovers
|-damage|p1a: Donphan|97\/383|[from] Leech Seed|[of] p2a: Gengar
|-heal|p2a: Gengar|245\/262|[silent]
|turn|42
|
|move|p1a: Donphan|Ice Shard|p2a: Gengar
|-damage|p2a: Gengar|184\/262
|move|p2a: Gengar|Dazzling Gleam|p1a: Donphan
|-damage|p1a: Donphan|0 fnt
|faint|p1a: Donphan
|
|
|switch|p1a: Conkeldurr|Conkeldurr, M|127\/414
|-damage|p1a: Conkeldurr|102\/414|[from] Stealth Rock
|turn|43
|-message|beardy man forfeited.
|
|win|OddishOG
|raw|Ladder updating...
|leave|beardy man
|player|p1
|raw|beardy man's rating: 1388 &rarr; <strong>1364<\/strong><br \/>(-24 for losing)
|raw|OddishOG's rating: 1327 &rarr; <strong>1350<\/strong><br \/>(+23 for winning)