|join|beardy man
|join|Giakka
|player|p1|beardy man|266
|player|p2|Giakka|169
|gametype|singles
|gen|6
|tier|ORAS OU
|rated
|rule|Sleep Clause Mod: Limit one foe put to sleep
|rule|Species Clause: Limit one of each PokÃ©mon
|rule|OHKO Clause: OHKO moves are banned
|rule|Moody Clause: Moody is banned
|rule|Evasion Moves Clause: Evasion moves are banned
|rule|Endless Battle Clause: Forcing endless battles is banned
|rule|HP Percentage Mod: HP is shown in percentages
|clearpoke
|poke|p1|Salamence, F, shiny
|poke|p1|Magnezone
|poke|p1|Greninja, M
|poke|p1|Donphan, F
|poke|p1|Cresselia, F
|poke|p1|Wobbuffet, F, shiny
|poke|p2|Altaria, F
|poke|p2|Gyarados, M
|poke|p2|Delphox, F
|poke|p2|Empoleon, M
|poke|p2|Heracross, M
|poke|p2|Sylveon, F
|rule|Swagger Clause: Swagger is banned
|rule|Baton Pass Clause: Limit one PokÃ©mon knowing Baton Pass
|teampreview
|
|start
|switch|p1a: Donphan|Donphan, F|383\/383
|switch|p2a: Heracross|Heracross, M|302\/302
|turn|1
|
|move|p2a: Heracross|Knock Off|p1a: Donphan
|-damage|p1a: Donphan|299\/383
|-enditem|p1a: Donphan|Leftovers|[from] move: Knock Off|[of] p2a: Heracross
|move|p1a: Donphan|Stealth Rock|p2a: Heracross
|-sidestart|p2: Giakka|move: Stealth Rock
|
|turn|2
|
|switch|p2a: Sylveon|Sylveon, F|394\/394
|-damage|p2a: Sylveon|345\/394|[from] Stealth Rock
|move|p1a: Donphan|Earthquake|p2a: Sylveon
|-damage|p2a: Sylveon|215\/394
|
|-heal|p2a: Sylveon|239\/394|[from] item: Leftovers
|turn|3
|
|switch|p1a: Magnezone|Magnezone|323\/323
|move|p2a: Sylveon|Wish|p2a: Sylveon
|
|-heal|p2a: Sylveon|263\/394|[from] item: Leftovers
|turn|4
|
|move|p2a: Sylveon|Protect|p2a: Sylveon
|-singleturn|p2a: Sylveon|Protect
|move|p1a: Magnezone|Flash Cannon|p2a: Sylveon
|-activate|p2a: Sylveon|Protect
|
|-heal|p2a: Sylveon|394\/394|[from] move: Wish|[wisher] Sylveon
|turn|5
|
|switch|p1a: Cresselia|Cresselia, F|444\/444
|switch|p2a: Empoleon|Empoleon, M|372\/372
|-damage|p2a: Empoleon|349\/372|[from] Stealth Rock
|
|-heal|p2a: Empoleon|372\/372|[from] item: Leftovers
|turn|6
|
|move|p1a: Cresselia|Thunder Wave|p2a: Empoleon
|-status|p2a: Empoleon|par
|move|p2a: Empoleon|Defog|p1a: Cresselia
|-unboost|p1a: Cresselia|evasion|1
|-sideend|p2: Giakka|Stealth Rock|[from] move: Defog|[of] p2a: Empoleon
|
|turn|7
|
|switch|p1a: Magnezone|Magnezone|323\/323
|cant|p2a: Empoleon|par
|
|turn|8
|
|move|p1a: Magnezone|Volt Switch|p2a: Empoleon
|-supereffective|p2a: Empoleon
|-damage|p2a: Empoleon|100\/372 par
|
|switch|p1a: Cresselia|Cresselia, F|444\/444
|cant|p2a: Empoleon|par
|
|-heal|p2a: Empoleon|123\/372 par|[from] item: Leftovers
|turn|9
|
|switch|p2a: Sylveon|Sylveon, F|394\/394
|move|p1a: Cresselia|Light Screen|p1a: Cresselia
|-sidestart|p1: beardy man|move: Light Screen
|
|turn|10
|
|move|p1a: Cresselia|Thunder Wave|p2a: Sylveon
|-status|p2a: Sylveon|par
|cant|p2a: Sylveon|par
|
|turn|11
|
|switch|p1a: mega KFC|Wobbuffet, F, shiny|528\/528
|move|p2a: Sylveon|Heal Bell|p2a: Sylveon
|-cureteam|p2a: Sylveon|[from] move: HealBell
|
|turn|12
|
|move|p2a: Sylveon|Hyper Voice|p1a: mega KFC
|-damage|p1a: mega KFC|450\/528
|move|p1a: mega KFC|Encore|p2a: Sylveon
|-start|p2a: Sylveon|Encore
|
|turn|13
|
|move|p2a: Sylveon|Hyper Voice|p1a: mega KFC
|-damage|p1a: mega KFC|367\/528
|move|p1a: mega KFC|Mirror Coat|p2a: Sylveon
|-damage|p2a: Sylveon|228\/394
|
|-heal|p2a: Sylveon|252\/394|[from] item: Leftovers
|turn|14
|
|move|p2a: Sylveon|Hyper Voice|p1a: mega KFC
|-damage|p1a: mega KFC|287\/528
|move|p1a: mega KFC|Mirror Coat|p2a: Sylveon
|-damage|p2a: Sylveon|92\/394
|
|-heal|p2a: Sylveon|116\/394|[from] item: Leftovers
|turn|15
|
|move|p2a: Sylveon|Hyper Voice|p1a: mega KFC
|-damage|p1a: mega KFC|204\/528
|-enditem|p1a: mega KFC|Sitrus Berry|[eat]
|-heal|p1a: mega KFC|336\/528|[from] item: Sitrus Berry
|move|p1a: mega KFC|Mirror Coat|p2a: Sylveon
|-damage|p2a: Sylveon|0 fnt
|faint|p2a: Sylveon
|
|
|switch|p2a: Altaria|Altaria, F|291\/291
|-ability|p2a: Altaria|Cloud Nine
|turn|16
|
|detailschange|p2a: Altaria|Altaria-Mega, F
|message|Altaria has Mega Evolved into Mega Altaria!
|move|p2a: Altaria|Dragon Dance|p2a: Altaria
|-boost|p2a: Altaria|atk|1
|-boost|p2a: Altaria|spe|1
|move|p1a: mega KFC|Encore|p2a: Altaria
|-start|p2a: Altaria|Encore
|
|-sideend|p1: beardy man|move: Light Screen
|turn|17
|
|switch|p1a: Greninja|Greninja, M|285\/285
|move|p2a: Altaria|Dragon Dance|p2a: Altaria
|-boost|p2a: Altaria|atk|1
|-boost|p2a: Altaria|spe|1
|
|turn|18
|
|switch|p2a: Empoleon|Empoleon, M|123\/372
|move|p1a: Greninja|Ice Beam|p2a: Empoleon
|-start|p1a: Greninja|typechange|Ice|[from] Protean
|-crit|p2a: Empoleon
|-resisted|p2a: Empoleon
|-damage|p2a: Empoleon|80\/372
|-damage|p1a: Greninja|257\/285|[from] item: Life Orb
|
|-heal|p2a: Empoleon|103\/372|[from] item: Leftovers
|turn|19
|
|move|p1a: Greninja|Dark Pulse|p2a: Empoleon
|-start|p1a: Greninja|typechange|Dark|[from] Protean
|-damage|p2a: Empoleon|0 fnt
|-damage|p1a: Greninja|229\/285|[from] item: Life Orb
|faint|p2a: Empoleon
|
|
|switch|p2a: Delphox|Delphox, F|292\/292
|turn|20
|
|switch|p1a: Cresselia|Cresselia, F|444\/444
|move|p2a: Delphox|Fire Blast|p1a: Cresselia
|-damage|p1a: Cresselia|324\/444
|
|turn|21
|
|switch|p2a: Gyarados|Gyarados, M|394\/394
|-ability|p2a: Gyarados|Intimidate|[of] p1a: Cresselia
|-unboost|p1a: Cresselia|atk|1
|move|p1a: Cresselia|Thunder Wave|p2a: Gyarados
|-status|p2a: Gyarados|par
|
|turn|22
|
|move|p1a: Cresselia|Reflect|p1a: Cresselia
|-sidestart|p1: beardy man|Reflect
|move|p2a: Gyarados|Earthquake|p1a: Cresselia
|-immune|p1a: Cresselia|[msg]
|
|turn|23
|
|switch|p2a: Delphox|Delphox, F|292\/292
|move|p1a: Cresselia|Light Screen|p1a: Cresselia
|-sidestart|p1: beardy man|move: Light Screen
|
|turn|24
|
|move|p2a: Delphox|Switcheroo|p1a: Cresselia
|-activate|p2a: Delphox|move: Trick|[of] p1a: Cresselia
|-item|p1a: Cresselia|Choice Scarf|[from] Trick
|-item|p2a: Delphox|Light Clay|[from] Trick
|move|p1a: Cresselia|Thunder Wave|p2a: Delphox
|-status|p2a: Delphox|par
|
|turn|25
|
|switch|p1a: mega KFC|Wobbuffet, F, shiny|336\/528
|move|p2a: Delphox|Will-O-Wisp|p1a: mega KFC
|-status|p1a: mega KFC|brn
|
|-damage|p1a: mega KFC|270\/528 brn|[from] brn
|turn|26
|
|move|p1a: mega KFC|Encore|p2a: Delphox
|-start|p2a: Delphox|Encore
|move|p2a: Delphox|Will-O-Wisp|p1a: mega KFC
|-fail|p1a: mega KFC|brn
|
|-damage|p1a: mega KFC|204\/528 brn|[from] brn
|turn|27
|
|move|p1a: mega KFC|Safeguard|p1a: mega KFC
|-sidestart|p1: beardy man|Safeguard
|move|p2a: Delphox|Will-O-Wisp|p1a: mega KFC|[miss]
|-miss|p2a: Delphox|p1a: mega KFC
|
|-damage|p1a: mega KFC|138\/528 brn|[from] brn
|turn|28
|
|switch|p1a: Salamence|Salamence, F, shiny|393\/393
|-ability|p1a: Salamence|Intimidate|[of] p2a: Delphox
|-unboost|p2a: Delphox|atk|1
|cant|p2a: Delphox|par
|
|-end|p2a: Delphox|Encore
|turn|29
|
|switch|p2a: Gyarados|Gyarados, M|394\/394 par
|-ability|p2a: Gyarados|Intimidate|[of] p1a: Salamence
|-unboost|p1a: Salamence|atk|1
|detailschange|p1a: Salamence|Salamence-Mega, F, shiny
|message|Salamence has Mega Evolved into Mega Salamence!
|move|p1a: Salamence|Substitute|p1a: Salamence
|-start|p1a: Salamence|Substitute
|-damage|p1a: Salamence|295\/393
|
|-sideend|p1: beardy man|Reflect
|turn|30
|
|move|p1a: Salamence|Dragon Dance|p1a: Salamence
|-boost|p1a: Salamence|atk|1
|-boost|p1a: Salamence|spe|1
|cant|p2a: Gyarados|par
|
|-sideend|p1: beardy man|move: Light Screen
|turn|31
|
|move|p1a: Salamence|Frustration|p2a: Gyarados
|-damage|p2a: Gyarados|181\/394 par
|move|p2a: Gyarados|Roar|p1a: Salamence
|drag|p1a: Greninja|Greninja, M|229\/285
|
|-heal|p2a: Gyarados|205\/394 par|[from] item: Leftovers
|-sideend|p1: beardy man|Safeguard
|turn|32
|
|move|p1a: Greninja|Ice Beam|p2a: Gyarados
|-start|p1a: Greninja|typechange|Ice|[from] Protean
|-damage|p2a: Gyarados|24\/394 par
|-damage|p1a: Greninja|201\/285|[from] item: Life Orb
|move|p2a: Gyarados|Thunder Wave|p1a: Greninja
|-status|p1a: Greninja|par
|
|-heal|p2a: Gyarados|48\/394 par|[from] item: Leftovers
|turn|33
|
|switch|p2a: Heracross|Heracross, M|302\/302
|move|p1a: Greninja|Ice Beam|p2a: Heracross
|-damage|p2a: Heracross|99\/302
|-damage|p1a: Greninja|173\/285 par|[from] item: Life Orb
|
|turn|34
|
|switch|p1a: Donphan|Donphan, F|299\/383
|move|p2a: Heracross|Megahorn|p1a: Donphan
|-damage|p1a: Donphan|160\/383
|
|turn|35
|
|switch|p2a: Delphox|Delphox, F|292\/292 par
|move|p1a: Donphan|Stealth Rock|p2a: Delphox
|-sidestart|p2: Giakka|move: Stealth Rock
|
|turn|36
|
|move|p1a: Donphan|Earthquake|p2a: Delphox
|-crit|p2a: Delphox
|-supereffective|p2a: Delphox
|-damage|p2a: Delphox|0 fnt
|faint|p2a: Delphox
|
|
|switch|p2a: Altaria|Altaria-Mega, F|291\/291
|-damage|p2a: Altaria|255\/291|[from] Stealth Rock
|turn|37
|
|switch|p1a: Magnezone|Magnezone|323\/323
|move|p2a: Altaria|Dragon Dance|p2a: Altaria
|-boost|p2a: Altaria|atk|1
|-boost|p2a: Altaria|spe|1
|
|turn|38
|
|move|p2a: Altaria|Earthquake|p1a: Magnezone
|-supereffective|p1a: Magnezone
|-damage|p1a: Magnezone|0 fnt
|faint|p1a: Magnezone
|
|
|switch|p1a: Cresselia|Cresselia, F|324\/444
|turn|39
|
|move|p2a: Altaria|Dragon Dance|p2a: Altaria
|-boost|p2a: Altaria|atk|1
|-boost|p2a: Altaria|spe|1
|move|p1a: Cresselia|Thunder Wave|p2a: Altaria
|-status|p2a: Altaria|par
|
|turn|40
|
|switch|p1a: Donphan|Donphan, F|160\/383
|move|p2a: Altaria|Return|p1a: Donphan
|-damage|p1a: Donphan|0 fnt
|faint|p1a: Donphan
|
|
|switch|p1a: Salamence|Salamence-Mega, F, shiny|295\/393
|turn|41
|
|move|p1a: Salamence|Frustration|p2a: Altaria
|-damage|p2a: Altaria|24\/291 par
|move|p2a: Altaria|Return|p1a: Salamence
|-supereffective|p1a: Salamence
|-damage|p1a: Salamence|0 fnt
|faint|p1a: Salamence
|
|
|switch|p1a: Cresselia|Cresselia, F|324\/444
|turn|42
|
|move|p1a: Cresselia|Reflect|p1a: Cresselia
|-sidestart|p1: beardy man|Reflect
|move|p2a: Altaria|Return|p1a: Cresselia
|-damage|p1a: Cresselia|139\/444
|
|turn|43
|
|switch|p1a: mega KFC|Wobbuffet, F, shiny|138\/528 brn
|cant|p2a: Altaria|par
|
|-damage|p1a: mega KFC|72\/528 brn|[from] brn
|turn|44
|
|move|p2a: Altaria|Return|p1a: mega KFC
|-damage|p1a: mega KFC|0 fnt
|faint|p1a: mega KFC
|
|
|switch|p1a: Greninja|Greninja, M|173\/285 par
|turn|45
|
|move|p2a: Altaria|Return|p1a: Greninja
|-supereffective|p1a: Greninja
|-damage|p1a: Greninja|0 fnt
|faint|p1a: Greninja
|
|-message|beardy man forfeited.
|
|win|Giakka
|raw|Ladder updating...
|leave|beardy man
|player|p1
|raw|beardy man's rating: 1523 &rarr; <strong>1497<\/strong><br \/>(-26 for losing)
|raw|Giakka's rating: 1418 &rarr; <strong>1444<\/strong><br \/>(+26 for winning)