|join|lil manaphy
|join|beardy man
|player|p1|lil manaphy|9
|player|p2|beardy man|265
|gametype|singles
|gen|6
|tier|ORAS OU
|rated
|rule|Sleep Clause Mod: Limit one foe put to sleep
|rule|Species Clause: Limit one of each PokÃ©mon
|rule|OHKO Clause: OHKO moves are banned
|rule|Moody Clause: Moody is banned
|rule|Evasion Moves Clause: Evasion moves are banned
|rule|Endless Battle Clause: Forcing endless battles is banned
|rule|HP Percentage Mod: HP is shown in percentages
|clearpoke
|poke|p1|Sableye, M
|poke|p1|Tentacruel, M
|poke|p1|Chansey, F
|poke|p1|Rotom-Wash
|poke|p1|Landorus-Therian, M
|poke|p1|Greninja, F
|poke|p2|Salamence, F, shiny
|poke|p2|Magnezone
|poke|p2|Greninja, F
|poke|p2|Donphan, M
|poke|p2|Cresselia, F
|poke|p2|Wobbuffet, F, shiny
|rule|Swagger Clause: Swagger is banned
|rule|Baton Pass Clause: Limit one PokÃ©mon knowing Baton Pass
|teampreview
|
|start
|switch|p1a: Sableye|Sableye, M|304\/304
|switch|p2a: Magnezone|Magnezone|323\/323
|turn|1
|
|switch|p1a: Landorus-Therian|Landorus-Therian, M|382\/382
|-ability|p1a: Landorus-Therian|Intimidate|[of] p2a: Magnezone
|-unboost|p2a: Magnezone|atk|1
|move|p2a: Magnezone|Thunderbolt|p1a: Landorus-Therian
|-immune|p1a: Landorus-Therian|[msg]
|
|turn|2
|join|Alldaalts
|
|move|p1a: Landorus-Therian|U-turn|p2a: Magnezone
|-resisted|p2a: Magnezone
|-damage|p2a: Magnezone|291\/323
|
|switch|p1a: Rotom-Wash|Rotom-Wash|303\/303
|move|p2a: Magnezone|Thunderbolt|p1a: Rotom-Wash
|-damage|p1a: Rotom-Wash|74\/303
|
|-heal|p1a: Rotom-Wash|92\/303|[from] item: Leftovers
|turn|3
|
|switch|p1a: Landorus-Therian|Landorus-Therian, M|382\/382
|-ability|p1a: Landorus-Therian|Intimidate|[of] p2a: Magnezone
|-unboost|p2a: Magnezone|atk|1
|move|p2a: Magnezone|Thunderbolt|p1a: Landorus-Therian
|-immune|p1a: Landorus-Therian|[msg]
|
|turn|4
|
|switch|p2a: Donphan|Donphan, M|383\/383
|move|p1a: Landorus-Therian|Stealth Rock|p2a: Donphan
|-sidestart|p2: beardy man|move: Stealth Rock
|
|turn|5
|
|switch|p2a: Magnezone|Magnezone|291\/323
|-damage|p2a: Magnezone|271\/323|[from] Stealth Rock
|move|p1a: Landorus-Therian|U-turn|p2a: Magnezone
|-resisted|p2a: Magnezone
|-damage|p2a: Magnezone|237\/323
|
|switch|p1a: Rotom-Wash|Rotom-Wash|92\/303
|
|-heal|p1a: Rotom-Wash|110\/303|[from] item: Leftovers
|turn|6
|
|move|p1a: Rotom-Wash|Volt Switch|p2a: Magnezone
|-resisted|p2a: Magnezone
|-damage|p2a: Magnezone|190\/323
|
|switch|p1a: Landorus-Therian|Landorus-Therian, M|382\/382
|-ability|p1a: Landorus-Therian|Intimidate|[of] p2a: Magnezone
|-unboost|p2a: Magnezone|atk|1
|move|p2a: Magnezone|Volt Switch|p1a: Landorus-Therian
|-immune|p1a: Landorus-Therian|[msg]
|
|turn|7
|
|switch|p2a: Donphan|Donphan, M|383\/383
|-damage|p2a: Donphan|360\/383|[from] Stealth Rock
|move|p1a: Landorus-Therian|Earthquake|p2a: Donphan
|-damage|p2a: Donphan|252\/383
|
|-heal|p2a: Donphan|275\/383|[from] item: Leftovers
|turn|8
|
|move|p1a: Landorus-Therian|U-turn|p2a: Donphan
|-damage|p2a: Donphan|226\/383
|
|switch|p1a: Sableye|Sableye, M|304\/304
|move|p2a: Donphan|Stealth Rock|p1a: Sableye
|-sidestart|p1: lil manaphy|move: Stealth Rock
|
|-heal|p2a: Donphan|249\/383|[from] item: Leftovers
|turn|9
|
|switch|p2a: Magnezone|Magnezone|190\/323
|-damage|p2a: Magnezone|170\/323|[from] Stealth Rock
|move|p1a: Sableye|Will-O-Wisp|p2a: Magnezone
|-status|p2a: Magnezone|brn
|
|-damage|p2a: Magnezone|130\/323 brn|[from] brn
|turn|10
|
|switch|p1a: Tentacruel|Tentacruel, M|361\/361
|-damage|p1a: Tentacruel|316\/361|[from] Stealth Rock
|move|p2a: Magnezone|Flash Cannon|p1a: Tentacruel
|-resisted|p1a: Tentacruel
|-damage|p1a: Tentacruel|237\/361
|
|-heal|p1a: Tentacruel|259\/361|[from] item: Black Sludge
|-damage|p2a: Magnezone|90\/323 brn|[from] brn
|turn|11
|
|switch|p2a: Salamence|Salamence, F, shiny|393\/393
|-damage|p2a: Salamence|295\/393|[from] Stealth Rock
|-ability|p2a: Salamence|Intimidate|[of] p1a: Tentacruel
|-unboost|p1a: Tentacruel|atk|1
|move|p1a: Tentacruel|Rapid Spin|p2a: Salamence
|-damage|p2a: Salamence|285\/393
|-sideend|p1: lil manaphy|Stealth Rock|[from] move: Rapid Spin|[of] p1a: Tentacruel
|
|-heal|p1a: Tentacruel|281\/361|[from] item: Black Sludge
|turn|12
|
|switch|p1a: Greninja|Greninja, F|285\/285
|detailschange|p2a: Salamence|Salamence-Mega, F, shiny
|message|Salamence has Mega Evolved into Mega Salamence!
|move|p2a: Salamence|Substitute|p2a: Salamence
|-start|p2a: Salamence|Substitute
|-damage|p2a: Salamence|187\/393
|
|turn|13
|join|I ABR I
|c| I ABR I|yoooo
|
|move|p1a: Greninja|Ice Beam|p2a: Salamence
|-start|p1a: Greninja|typechange|Ice|[from] Protean
|-supereffective|p2a: Salamence
|-end|p2a: Salamence|Substitute
|-damage|p1a: Greninja|257\/285|[from] item: Life Orb
|move|p2a: Salamence|Frustration|p1a: Greninja
|-crit|p1a: Greninja
|-damage|p1a: Greninja|0 fnt
|faint|p1a: Greninja
|
|
|switch|p1a: Sableye|Sableye, M|304\/304
|turn|14
|c| I ABR I|beardy man
|
|switch|p2a: Magnezone|Magnezone|90\/323 brn
|-damage|p2a: Magnezone|70\/323 brn|[from] Stealth Rock
|move|p1a: Sableye|Will-O-Wisp|p2a: Magnezone
|-fail|p2a: Magnezone|brn
|
|-damage|p2a: Magnezone|30\/323 brn|[from] brn
|turn|15
|c| I ABR I|answer me
|
|switch|p1a: Landorus-Therian|Landorus-Therian, M|382\/382
|-ability|p1a: Landorus-Therian|Intimidate|[of] p2a: Magnezone
|-unboost|p2a: Magnezone|atk|1
|move|p2a: Magnezone|Flash Cannon|p1a: Landorus-Therian
|-damage|p1a: Landorus-Therian|121\/382
|
|-heal|p1a: Landorus-Therian|144\/382|[from] item: Leftovers
|-damage|p2a: Magnezone|0 fnt|[from] brn
|faint|p2a: Magnezone
|c|âbeardy man|wut.
|c| Alldaalts|lol
|c| I ABR I|hi
|
|switch|p2a: Greninja|Greninja, F|285\/285
|-damage|p2a: Greninja|250\/285|[from] Stealth Rock
|turn|16
|c| I ABR I|miss u 
|
|move|p2a: Greninja|Ice Beam|p1a: Landorus-Therian
|-start|p2a: Greninja|typechange|Ice|[from] Protean
|-supereffective|p1a: Landorus-Therian
|-damage|p1a: Landorus-Therian|0 fnt
|-damage|p2a: Greninja|222\/285|[from] item: Life Orb
|faint|p1a: Landorus-Therian
|
|c|âbeardy man|lol
|
|switch|p1a: Sableye|Sableye, M|304\/304
|turn|17
|
|detailschange|p1a: Sableye|Sableye-Mega, M
|message|Sableye has Mega Evolved into Mega Sableye!
|move|p1a: Sableye|Calm Mind|p1a: Sableye
|-boost|p1a: Sableye|spa|1
|-boost|p1a: Sableye|spd|1
|move|p2a: Greninja|Dark Pulse|p1a: Sableye
|-start|p2a: Greninja|typechange|Dark|[from] Protean
|-damage|p1a: Sableye|217\/304
|-damage|p2a: Greninja|194\/285|[from] item: Life Orb
|
|turn|18
|c| I ABR I|lil mana
|c| I ABR I|r u mixed def
|
|move|p2a: Greninja|Dark Pulse|p1a: Sableye
|-damage|p1a: Sableye|120\/304
|-damage|p2a: Greninja|166\/285|[from] item: Life Orb
|move|p1a: Sableye|Recover|p1a: Sableye
|-heal|p1a: Sableye|272\/304
|
|turn|19
|
|move|p2a: Greninja|Dark Pulse|p1a: Sableye
|-damage|p1a: Sableye|173\/304
|-damage|p2a: Greninja|138\/285|[from] item: Life Orb
|cant|p1a: Sableye|flinch
|
|turn|20
|
|switch|p2a: Salamence|Salamence-Mega, F, shiny|187\/393
|-damage|p2a: Salamence|89\/393|[from] Stealth Rock
|move|p1a: Sableye|Recover|p1a: Sableye
|-heal|p1a: Sableye|304\/304
|
|turn|21
|
|move|p2a: Salamence|Frustration|p1a: Sableye
|-damage|p1a: Sableye|132\/304
|move|p1a: Sableye|Will-O-Wisp|p2a: Salamence
|-status|p2a: Salamence|brn
|
|-damage|p2a: Salamence|40\/393 brn|[from] brn
|turn|22
|
|move|p2a: Salamence|Frustration|p1a: Sableye
|-damage|p1a: Sableye|56\/304
|move|p1a: Sableye|Recover|p1a: Sableye
|-heal|p1a: Sableye|208\/304
|
|-damage|p2a: Salamence|0 fnt|[from] brn
|faint|p2a: Salamence
|c|âlil manaphy|no
|c|âlil manaphy|im not
|c| I ABR I|oh that dpulse did 0
|
|switch|p2a: Donphan|Donphan, M|249\/383
|-damage|p2a: Donphan|226\/383|[from] Stealth Rock
|turn|23
|
|move|p2a: Donphan|Earthquake|p1a: Sableye
|-damage|p1a: Sableye|126\/304
|move|p1a: Sableye|Recover|p1a: Sableye
|-heal|p1a: Sableye|278\/304
|
|-heal|p2a: Donphan|249\/383|[from] item: Leftovers
|turn|24
|c|âbeardy man|gg
|c|âlil manaphy|gg
|-message|beardy man forfeited.
|
|win|lil manaphy
|raw|Ladder updating...
|leave|beardy man
|player|p2
|raw|lil manaphy's rating: 1669 &rarr; <strong>1683<\/strong><br \/>(+14 for winning)
|raw|beardy man's rating: 1546 &rarr; <strong>1533<\/strong><br \/>(-13 for losing)
|leave|I ABR I