|join|beardy man
|join|Echoed Soul
|player|p1|beardy man|265
|player|p2|Echoed Soul|80
|gametype|singles
|gen|6
|tier|ORAS OU
|rated
|rule|Sleep Clause Mod: Limit one foe put to sleep
|rule|Species Clause: Limit one of each PokÃ©mon
|rule|OHKO Clause: OHKO moves are banned
|rule|Moody Clause: Moody is banned
|rule|Evasion Moves Clause: Evasion moves are banned
|rule|Endless Battle Clause: Forcing endless battles is banned
|rule|HP Percentage Mod: HP is shown in percentages
|clearpoke
|poke|p1|Salamence, M, shiny
|poke|p1|Magnezone
|poke|p1|Greninja, F
|poke|p1|Donphan, F
|poke|p1|Cresselia, F
|poke|p1|Wobbuffet, F, shiny
|poke|p2|Beedrill, F
|poke|p2|Magnezone
|poke|p2|Latias, F
|poke|p2|Keldeo-Resolute
|poke|p2|Landorus-Therian, M
|poke|p2|Greninja, F
|rule|Swagger Clause: Swagger is banned
|rule|Baton Pass Clause: Limit one PokÃ©mon knowing Baton Pass
|teampreview
|join|ImmortalTiger
|
|start
|switch|p1a: Donphan|Donphan, F|383\/383
|switch|p2a: Beedrill|Beedrill, F|271\/271
|turn|1
|
|detailschange|p2a: Beedrill|Beedrill-Mega, F
|message|Beedrill has Mega Evolved into Mega Beedrill!
|move|p2a: Beedrill|U-turn|p1a: Donphan
|-damage|p1a: Donphan|259\/383
|
|switch|p2a: Keldeo-Resolute|Keldeo-Resolute|323\/323
|move|p1a: Donphan|Stealth Rock|p2a: Keldeo-Resolute
|-sidestart|p2: Echoed Soul|move: Stealth Rock
|
|-heal|p1a: Donphan|282\/383|[from] item: Leftovers
|turn|2
|
|switch|p1a: Cresselia|Cresselia, F|444\/444
|move|p2a: Keldeo-Resolute|Scald|p1a: Cresselia
|-damage|p1a: Cresselia|362\/444
|
|turn|3
|
|switch|p2a: Latias|Latias, F|319\/319
|-damage|p2a: Latias|280\/319|[from] Stealth Rock
|move|p1a: Cresselia|Light Screen|p1a: Cresselia
|-sidestart|p1: beardy man|move: Light Screen
|
|turn|4
|
|move|p2a: Latias|Defog|p1a: Cresselia
|-unboost|p1a: Cresselia|evasion|1
|-sideend|p1: beardy man|move: Light Screen
|-sideend|p1: beardy man|Light Screen|[from] move: Defog|[of] p1a: Cresselia
|-sideend|p2: Echoed Soul|Stealth Rock|[from] move: Defog|[of] p2a: Latias
|move|p1a: Cresselia|Thunder Wave|p2a: Latias
|-status|p2a: Latias|par
|
|turn|5
|
|switch|p2a: Beedrill|Beedrill-Mega, F|271\/271
|move|p1a: Cresselia|Light Screen|p1a: Cresselia
|-sidestart|p1: beardy man|move: Light Screen
|
|turn|6
|
|switch|p1a: Donphan|Donphan, F|282\/383
|move|p2a: Beedrill|U-turn|p1a: Donphan
|-damage|p1a: Donphan|154\/383
|
|switch|p2a: Keldeo-Resolute|Keldeo-Resolute|323\/323
|
|-heal|p1a: Donphan|177\/383|[from] item: Leftovers
|turn|7
|
|switch|p1a: Cresselia|Cresselia, F|362\/444
|move|p2a: Keldeo-Resolute|Scald|p1a: Cresselia
|-damage|p1a: Cresselia|317\/444
|-status|p1a: Cresselia|brn
|
|-damage|p1a: Cresselia|262\/444 brn|[from] brn
|turn|8
|
|switch|p2a: Latias|Latias, F|280\/319 par
|move|p1a: Cresselia|Thunder Wave|p2a: Latias
|-fail|p2a: Latias|par
|
|-damage|p1a: Cresselia|207\/444 brn|[from] brn
|turn|9
|
|move|p1a: Cresselia|Moonlight|p1a: Cresselia
|-heal|p1a: Cresselia|429\/444 brn
|move|p2a: Latias|Defog|p1a: Cresselia
|-unboost|p1a: Cresselia|evasion|1
|-sideend|p1: beardy man|move: Light Screen
|-sideend|p1: beardy man|Light Screen|[from] move: Defog|[of] p1a: Cresselia
|
|-damage|p1a: Cresselia|374\/444 brn|[from] brn
|turn|10
|
|switch|p2a: Landorus-Therian|Landorus-Therian, M|381\/381
|-ability|p2a: Landorus-Therian|Intimidate|[of] p1a: Cresselia
|-unboost|p1a: Cresselia|atk|1
|move|p1a: Cresselia|Reflect|p1a: Cresselia
|-sidestart|p1: beardy man|Reflect
|
|-damage|p1a: Cresselia|319\/444 brn|[from] brn
|turn|11
|
|move|p2a: Landorus-Therian|Stealth Rock|p1a: Cresselia
|-sidestart|p1: beardy man|move: Stealth Rock
|move|p1a: Cresselia|Light Screen|p1a: Cresselia
|-sidestart|p1: beardy man|move: Light Screen
|
|-damage|p1a: Cresselia|264\/444 brn|[from] brn
|turn|12
|
|move|p2a: Landorus-Therian|U-turn|p1a: Cresselia
|-supereffective|p1a: Cresselia
|-damage|p1a: Cresselia|189\/444 brn
|
|switch|p2a: Beedrill|Beedrill-Mega, F|271\/271
|move|p1a: Cresselia|Thunder Wave|p2a: Beedrill
|-status|p2a: Beedrill|par
|
|-damage|p1a: Cresselia|134\/444 brn|[from] brn
|turn|13
|
|switch|p1a: Donphan|Donphan, F|177\/383
|-damage|p1a: Donphan|154\/383|[from] Stealth Rock
|cant|p2a: Beedrill|par
|
|-heal|p1a: Donphan|177\/383|[from] item: Leftovers
|turn|14
|
|switch|p2a: Keldeo-Resolute|Keldeo-Resolute|323\/323
|move|p1a: Donphan|Rapid Spin|p2a: Keldeo-Resolute
|-damage|p2a: Keldeo-Resolute|302\/323
|-sideend|p1: beardy man|Stealth Rock|[from] move: Rapid Spin|[of] p1a: Donphan
|
|-heal|p1a: Donphan|200\/383|[from] item: Leftovers
|turn|15
|
|move|p2a: Keldeo-Resolute|Hydro Pump|p1a: Donphan
|-supereffective|p1a: Donphan
|-damage|p1a: Donphan|0 fnt
|faint|p1a: Donphan
|
|
|switch|p1a: mega KFC|Wobbuffet, F, shiny|528\/528
|turn|16
|
|move|p2a: Keldeo-Resolute|Scald|p1a: mega KFC
|-damage|p1a: mega KFC|448\/528
|move|p1a: mega KFC|Mirror Coat|p2a: Keldeo-Resolute
|-damage|p2a: Keldeo-Resolute|142\/323
|
|turn|17
|
|move|p2a: Keldeo-Resolute|Icy Wind|p1a: mega KFC
|-damage|p1a: mega KFC|413\/528
|-unboost|p1a: mega KFC|spe|1
|move|p1a: mega KFC|Mirror Coat|p2a: Keldeo-Resolute
|-damage|p2a: Keldeo-Resolute|72\/323
|
|-sideend|p1: beardy man|Reflect
|turn|18
|
|move|p2a: Keldeo-Resolute|Icy Wind|p1a: mega KFC
|-damage|p1a: mega KFC|378\/528
|-unboost|p1a: mega KFC|spe|1
|move|p1a: mega KFC|Mirror Coat|p2a: Keldeo-Resolute
|-damage|p2a: Keldeo-Resolute|2\/323
|
|-sideend|p1: beardy man|move: Light Screen
|turn|19
|
|move|p2a: Keldeo-Resolute|Scald|p1a: mega KFC
|-damage|p1a: mega KFC|231\/528
|-status|p1a: mega KFC|brn
|-enditem|p1a: mega KFC|Sitrus Berry|[eat]
|-heal|p1a: mega KFC|363\/528 brn|[from] item: Sitrus Berry
|move|p1a: mega KFC|Mirror Coat|p2a: Keldeo-Resolute
|-damage|p2a: Keldeo-Resolute|0 fnt
|faint|p2a: Keldeo-Resolute
|
|-damage|p1a: mega KFC|297\/528 brn|[from] brn
|
|switch|p2a: Landorus-Therian|Landorus-Therian, M|381\/381
|-ability|p2a: Landorus-Therian|Intimidate|[of] p1a: mega KFC
|-unboost|p1a: mega KFC|atk|1
|turn|20
|
|move|p2a: Landorus-Therian|Stealth Rock|p1a: mega KFC
|-sidestart|p1: beardy man|move: Stealth Rock
|move|p1a: mega KFC|Encore|p2a: Landorus-Therian
|-start|p2a: Landorus-Therian|Encore
|
|-damage|p1a: mega KFC|231\/528 brn|[from] brn
|turn|21
|
|switch|p1a: Greninja|Greninja, F|285\/285
|-damage|p1a: Greninja|250\/285|[from] Stealth Rock
|move|p2a: Landorus-Therian|Stealth Rock|p1a: Greninja
|-fail|p1a: Greninja
|
|turn|22
|
|switch|p2a: Magnezone|Magnezone|324\/324
|move|p1a: Greninja|Dark Pulse|p2a: Magnezone
|-start|p1a: Greninja|typechange|Dark|[from] Protean
|-damage|p2a: Magnezone|149\/324
|-damage|p1a: Greninja|222\/285|[from] item: Life Orb
|
|turn|23
|
|move|p1a: Greninja|Dark Pulse|p2a: Magnezone
|-damage|p2a: Magnezone|0 fnt
|-damage|p1a: Greninja|194\/285|[from] item: Life Orb
|faint|p2a: Magnezone
|
|
|switch|p2a: Greninja|Greninja, F|285\/285
|turn|24
|
|switch|p1a: Cresselia|Cresselia, F|134\/444 brn
|-damage|p1a: Cresselia|79\/444 brn|[from] Stealth Rock
|move|p2a: Greninja|Hydro Pump|p1a: Cresselia
|-start|p2a: Greninja|typechange|Water|[from] Protean
|-damage|p1a: Cresselia|0 fnt
|faint|p1a: Cresselia
|
|
|switch|p1a: Magnezone|Magnezone|323\/323
|-damage|p1a: Magnezone|303\/323|[from] Stealth Rock
|turn|25
|
|switch|p2a: Landorus-Therian|Landorus-Therian, M|381\/381
|-ability|p2a: Landorus-Therian|Intimidate|[of] p1a: Magnezone
|-unboost|p1a: Magnezone|atk|1
|move|p1a: Magnezone|Flash Cannon|p2a: Landorus-Therian
|-damage|p2a: Landorus-Therian|102\/381
|
|-heal|p2a: Landorus-Therian|125\/381|[from] item: Leftovers
|turn|26
|
|move|p2a: Landorus-Therian|Earthquake|p1a: Magnezone
|-supereffective|p1a: Magnezone
|-damage|p1a: Magnezone|0 fnt
|faint|p1a: Magnezone
|
|-heal|p2a: Landorus-Therian|148\/381|[from] item: Leftovers
|
|switch|p1a: Salamence|Salamence, M, shiny|393\/393
|-damage|p1a: Salamence|295\/393|[from] Stealth Rock
|-ability|p1a: Salamence|Intimidate|[of] p2a: Landorus-Therian
|-unboost|p2a: Landorus-Therian|atk|1
|turn|27
|
|detailschange|p1a: Salamence|Salamence-Mega, M, shiny
|message|Salamence has Mega Evolved into Mega Salamence!
|move|p1a: Salamence|Dragon Dance|p1a: Salamence
|-boost|p1a: Salamence|atk|1
|-boost|p1a: Salamence|spe|1
|move|p2a: Landorus-Therian|U-turn|p1a: Salamence
|-resisted|p1a: Salamence
|-damage|p1a: Salamence|273\/393
|
|switch|p2a: Greninja|Greninja, F|285\/285
|
|turn|28
|
|move|p2a: Greninja|Ice Beam|p1a: Salamence
|-start|p2a: Greninja|typechange|Ice|[from] Protean
|-supereffective|p1a: Salamence
|-damage|p1a: Salamence|0 fnt
|faint|p1a: Salamence
|
|
|switch|p1a: mega KFC|Wobbuffet, F, shiny|231\/528 brn
|-damage|p1a: mega KFC|165\/528 brn|[from] Stealth Rock
|turn|29
|
|move|p2a: Greninja|Ice Beam|p1a: mega KFC
|-damage|p1a: mega KFC|8\/528 brn
|move|p1a: mega KFC|Mirror Coat|p2a: Greninja
|-damage|p2a: Greninja|0 fnt
|faint|p2a: Greninja
|
|-damage|p1a: mega KFC|0 fnt|[from] brn
|faint|p1a: mega KFC
|
|switch|p1a: Greninja|Greninja, F|194\/285
|-damage|p1a: Greninja|159\/285|[from] Stealth Rock
|switch|p2a: Latias|Latias, F|280\/319 par
|turn|30
|
|move|p1a: Greninja|Ice Beam|p2a: Latias
|-start|p1a: Greninja|typechange|Ice|[from] Protean
|-supereffective|p2a: Latias
|-damage|p2a: Latias|15\/319 par
|-damage|p1a: Greninja|131\/285|[from] item: Life Orb
|move|p2a: Latias|Healing Wish|p2a: Latias
|faint|p2a: Latias
|
|
|switch|p2a: Beedrill|Beedrill-Mega, F|271\/271 par
|-heal|p2a: Beedrill|271\/271|[from] move: Healing Wish
|turn|31
|
|move|p2a: Beedrill|U-turn|p1a: Greninja
|-damage|p1a: Greninja|0 fnt
|faint|p1a: Greninja
|
|win|Echoed Soul
|raw|Ladder updating...
|raw|beardy man's rating: 1542 &rarr; <strong>1517<\/strong><br \/>(-25 for losing)
|raw|Echoed Soul's rating: 1459 &rarr; <strong>1484<\/strong><br \/>(+25 for winning)
|c|âEchoed Soul|gg
|leave|beardy man
|player|p1