|join|beardy man
|join|Quantum Fields
|player|p1|beardy man|170
|player|p2|Quantum Fields|284
|gametype|singles
|gen|6
|tier|OU
|rated
|clearpoke
|poke|p1|Metagross
|poke|p1|Keldeo
|poke|p1|Talonflame, F
|poke|p1|Rotom-Wash
|poke|p1|Landorus-Therian, M
|poke|p1|Latias, F
|poke|p2|Altaria, M, shiny
|poke|p2|Tornadus-Therian, M, shiny
|poke|p2|Ferrothorn, M
|poke|p2|Keldeo-Resolute
|poke|p2|Heatran, F
|poke|p2|Volbeat, M
|rule|Swagger Clause: Swagger is banned
|rule|Baton Pass Clause: Limit one PokÃ©mon knowing Baton Pass
|rule|Sleep Clause Mod: Limit one foe put to sleep
|rule|Species Clause: Limit one of each PokÃ©mon
|rule|OHKO Clause: OHKO moves are banned
|rule|Moody Clause: Moody is banned
|rule|Evasion Moves Clause: Evasion moves are banned
|rule|Endless Battle Clause: Forcing endless battles is banned
|rule|HP Percentage Mod: HP is shown in percentages
|teampreview
|
|start
|switch|p1a: Landorus-Therian|Landorus-Therian, M|381\/381
|switch|p2a: Hug Me|Ferrothorn, M|351\/351
|-ability|p1a: Landorus-Therian|Intimidate|[of] p2a: Hug Me
|-unboost|p2a: Hug Me|atk|1
|turn|1
|
|move|p1a: Landorus-Therian|Stealth Rock|p2a: Hug Me
|-sidestart|p2: Quantum Fields|move: Stealth Rock
|move|p2a: Hug Me|Leech Seed|p1a: Landorus-Therian
|-start|p1a: Landorus-Therian|move: Leech Seed
|
|-damage|p1a: Landorus-Therian|334\/381|[from] Leech Seed|[of] p2a: Hug Me
|turn|2
|
|switch|p1a: Talonflame|Talonflame, F|297\/297
|move|p2a: Hug Me|Spikes|p1a: Talonflame
|-sidestart|p1: beardy man|Spikes
|
|turn|3
|
|switch|p2a: Bane of Existence|Heatran, F|386\/386
|-damage|p2a: Bane of Existence|338\/386|[from] Stealth Rock
|move|p1a: Talonflame|Swords Dance|p1a: Talonflame
|-boost|p1a: Talonflame|atk|2
|
|-heal|p2a: Bane of Existence|362\/386|[from] item: Leftovers
|turn|4
|
|move|p1a: Talonflame|Brave Bird|p2a: Bane of Existence
|-resisted|p2a: Bane of Existence
|-damage|p2a: Bane of Existence|175\/386
|-damage|p1a: Talonflame|235\/297|[from] recoil|[of] p2a: Bane of Existence
|move|p2a: Bane of Existence|Ancient Power|p1a: Talonflame
|-supereffective|p1a: Talonflame
|-damage|p1a: Talonflame|0 fnt
|faint|p1a: Talonflame
|
|-heal|p2a: Bane of Existence|199\/386|[from] item: Leftovers
|
|switch|p1a: Keldeo|Keldeo|323\/323
|-damage|p1a: Keldeo|283\/323|[from] Spikes
|turn|5
|
|switch|p2a: Rise to Ou|Volbeat, M|334\/334
|-damage|p2a: Rise to Ou|251\/334|[from] Stealth Rock
|move|p1a: Keldeo|Scald|p2a: Rise to Ou
|-damage|p2a: Rise to Ou|134\/334
|
|-heal|p1a: Keldeo|303\/323|[from] item: Leftovers
|-heal|p2a: Rise to Ou|154\/334|[from] item: Leftovers
|turn|6
|
|move|p2a: Rise to Ou|Tail Glow|p2a: Rise to Ou
|-boost|p2a: Rise to Ou|spa|3
|move|p1a: Keldeo|Calm Mind|p1a: Keldeo
|-boost|p1a: Keldeo|spa|1
|-boost|p1a: Keldeo|spd|1
|
|-heal|p1a: Keldeo|323\/323|[from] item: Leftovers
|-heal|p2a: Rise to Ou|174\/334|[from] item: Leftovers
|turn|7
|
|move|p2a: Rise to Ou|Encore|p1a: Keldeo
|-start|p1a: Keldeo|Encore
|move|p1a: Keldeo|Calm Mind|p1a: Keldeo
|-boost|p1a: Keldeo|spa|1
|-boost|p1a: Keldeo|spd|1
|
|-heal|p2a: Rise to Ou|194\/334|[from] item: Leftovers
|turn|8
|
|move|p2a: Rise to Ou|Baton Pass|p2a: Rise to Ou
|
|switch|p2a: GOD|Altaria, M, shiny|318\/318
|-damage|p2a: GOD|239\/318|[from] Stealth Rock
|move|p1a: Keldeo|Calm Mind|p1a: Keldeo
|-boost|p1a: Keldeo|spa|1
|-boost|p1a: Keldeo|spd|1
|
|turn|9
|
|switch|p1a: Metagross|Metagross|301\/301
|-damage|p1a: Metagross|264\/301|[from] Spikes
|detailschange|p2a: GOD|Altaria-Mega, M, shiny
|-mega|p2a: GOD|Altaria|Altarianite
|move|p2a: GOD|Fire Blast|p1a: Metagross
|-supereffective|p1a: Metagross
|-damage|p1a: Metagross|0 fnt
|faint|p1a: Metagross
|
|-message|beardy man forfeited.
|leave|beardy man
|
|win|Quantum Fields
|raw|Ladder updating...
|player|p1
|raw|beardy man's rating: 1540 &rarr; <strong>1515<\/strong><br \/>(-25 for losing)
|raw|Quantum Fields's rating: 1453 &rarr; <strong>1478<\/strong><br \/>(+25 for winning)