|join|beardy man
|join|AUREO
|player|p1|beardy man|1
|player|p2|AUREO|145
|gametype|singles
|gen|6
|tier|OU
|rated
|clearpoke
|poke|p1|Metagross
|poke|p1|Keldeo
|poke|p1|Talonflame, F
|poke|p1|Rotom-Wash
|poke|p1|Landorus-Therian, M
|poke|p1|Latias, F
|poke|p2|Manaphy
|poke|p2|Scizor, M
|poke|p2|Thundurus, M
|poke|p2|Landorus-Therian, M
|poke|p2|Rotom-Wash
|poke|p2|Diggersby, F
|rule|Swagger Clause: Swagger is banned
|rule|Baton Pass Clause: Limit one PokÃ©mon knowing Baton Pass
|rule|Sleep Clause Mod: Limit one foe put to sleep
|rule|Species Clause: Limit one of each PokÃ©mon
|rule|OHKO Clause: OHKO moves are banned
|rule|Moody Clause: Moody is banned
|rule|Evasion Moves Clause: Evasion moves are banned
|rule|Endless Battle Clause: Forcing endless battles is banned
|rule|HP Percentage Mod: HP is shown in percentages
|teampreview
|
|start
|switch|p1a: Latias|Latias, F|301\/301
|switch|p2a: Manaphy|Manaphy|365\/365
|turn|1
|
|switch|p2a: Scizor|Scizor, M|343\/343
|move|p1a: Latias|Psyshock|p2a: Scizor
|-resisted|p2a: Scizor
|-damage|p2a: Scizor|259\/343
|-damage|p1a: Latias|271\/301|[from] item: Life Orb
|
|turn|2
|
|switch|p1a: Keldeo|Keldeo|323\/323
|detailschange|p2a: Scizor|Scizor-Mega, M
|-mega|p2a: Scizor|Scizor|Scizorite
|move|p2a: Scizor|U-turn|p1a: Keldeo
|-resisted|p1a: Keldeo
|-damage|p1a: Keldeo|254\/323
|
|switch|p2a: Rotom-Wash|Rotom-Wash|252\/252
|
|-heal|p1a: Keldeo|274\/323|[from] item: Leftovers
|turn|3
|
|switch|p1a: Landorus-Therian|Landorus-Therian, M|381\/381
|-ability|p1a: Landorus-Therian|Intimidate|[of] p2a: Rotom-Wash
|-unboost|p2a: Rotom-Wash|atk|1
|move|p2a: Rotom-Wash|Volt Switch|p1a: Landorus-Therian
|-immune|p1a: Landorus-Therian|[msg]
|
|turn|4
|
|move|p2a: Rotom-Wash|Hydro Pump|p1a: Landorus-Therian
|-supereffective|p1a: Landorus-Therian
|-damage|p1a: Landorus-Therian|0 fnt
|faint|p1a: Landorus-Therian
|
|
|switch|p1a: Latias|Latias, F|271\/301
|turn|5
|
|switch|p2a: Scizor|Scizor-Mega, M|259\/343
|move|p1a: Latias|Draco Meteor|p2a: Scizor
|-resisted|p2a: Scizor
|-damage|p2a: Scizor|162\/343
|-unboost|p1a: Latias|spa|2
|-damage|p1a: Latias|241\/301|[from] item: Life Orb
|
|turn|6
|
|switch|p1a: Rotom-Wash|Rotom-Wash|304\/304
|move|p2a: Scizor|Roost|p2a: Scizor
|-heal|p2a: Scizor|334\/343
|
|turn|7
|
|switch|p2a: Rotom-Wash|Rotom-Wash|252\/252
|move|p1a: Rotom-Wash|Will-O-Wisp|p2a: Rotom-Wash
|-status|p2a: Rotom-Wash|brn
|
|-damage|p2a: Rotom-Wash|221\/252 brn|[from] brn
|turn|8
|
|move|p2a: Rotom-Wash|Volt Switch|p1a: Rotom-Wash
|-damage|p1a: Rotom-Wash|186\/304
|
|switch|p2a: Diggersby|Diggersby, F|311\/311
|move|p1a: Rotom-Wash|Volt Switch|p2a: Diggersby
|-immune|p2a: Diggersby|[msg]
|
|-heal|p1a: Rotom-Wash|205\/304|[from] item: Leftovers
|turn|9
|
|move|p2a: Diggersby|Return|p1a: Rotom-Wash
|-damage|p1a: Rotom-Wash|57\/304
|move|p1a: Rotom-Wash|Volt Switch|p2a: Diggersby
|-immune|p2a: Diggersby|[msg]
|
|-heal|p1a: Rotom-Wash|76\/304|[from] item: Leftovers
|turn|10
|-message|beardy man forfeited.
|leave|beardy man
|
|win|AUREO
|raw|Ladder updating...
|player|p1
|raw|beardy man's rating: 1667 &rarr; <strong>1639<\/strong><br \/>(-28 for losing)
|raw|AUREO's rating: 1528 &rarr; <strong>1556<\/strong><br \/>(+28 for winning)