|join|beardy man
|join|G00NY
|player|p1|beardy man|170
|player|p2|G00NY|156
|gametype|singles
|gen|6
|tier|OU
|rated
|clearpoke
|poke|p1|Metagross
|poke|p1|Keldeo
|poke|p1|Talonflame, M
|poke|p1|Rotom-Wash
|poke|p1|Landorus-Therian, M
|poke|p1|Latias, F
|poke|p2|Tornadus-Therian, M
|poke|p2|Bisharp, F, shiny
|poke|p2|Gengar, F
|poke|p2|Zapdos
|poke|p2|Landorus-Therian, M
|poke|p2|Altaria, F
|rule|Swagger Clause: Swagger is banned
|rule|Baton Pass Clause: Limit one PokÃ©mon knowing Baton Pass
|rule|Sleep Clause Mod: Limit one foe put to sleep
|rule|Species Clause: Limit one of each PokÃ©mon
|rule|OHKO Clause: OHKO moves are banned
|rule|Moody Clause: Moody is banned
|rule|Evasion Moves Clause: Evasion moves are banned
|rule|Endless Battle Clause: Forcing endless battles is banned
|rule|HP Percentage Mod: HP is shown in percentages
|teampreview
|
|start
|switch|p1a: Latias|Latias, F|301\/301
|switch|p2a: Bisharp|Bisharp, F, shiny|271\/271
|turn|1
|
|move|p1a: Latias|Earthquake|p2a: Bisharp
|-supereffective|p2a: Bisharp
|-damage|p2a: Bisharp|86\/271
|-damage|p1a: Latias|271\/301|[from] item: Life Orb
|move|p2a: Bisharp|Knock Off|p1a: Latias
|-supereffective|p1a: Latias
|-damage|p1a: Latias|0 fnt
|-enditem|p1a: Latias|Life Orb|[from] move: Knock Off|[of] p2a: Bisharp
|faint|p1a: Latias
|
|
|switch|p1a: Keldeo|Keldeo|323\/323
|turn|2
|
|move|p1a: Keldeo|Substitute|p1a: Keldeo
|-start|p1a: Keldeo|Substitute
|-damage|p1a: Keldeo|243\/323
|move|p2a: Bisharp|Knock Off|p1a: Keldeo
|-crit|p1a: Keldeo
|-resisted|p1a: Keldeo
|-end|p1a: Keldeo|Substitute
|
|-heal|p1a: Keldeo|263\/323|[from] item: Leftovers
|turn|3
|
|switch|p2a: Tornadus-Therian|Tornadus-Therian, M|311\/311
|move|p1a: Keldeo|Substitute|p1a: Keldeo
|-start|p1a: Keldeo|Substitute
|-damage|p1a: Keldeo|183\/323
|
|-heal|p1a: Keldeo|203\/323|[from] item: Leftovers
|turn|4
|
|move|p2a: Tornadus-Therian|Hurricane|p1a: Keldeo
|-supereffective|p1a: Keldeo
|-end|p1a: Keldeo|Substitute
|move|p1a: Keldeo|Scald|p2a: Tornadus-Therian
|-damage|p2a: Tornadus-Therian|208\/311
|
|-heal|p1a: Keldeo|223\/323|[from] item: Leftovers
|turn|5
|
|switch|p1a: Rotom-Wash|Rotom-Wash|304\/304
|move|p2a: Tornadus-Therian|U-turn|p1a: Rotom-Wash
|-damage|p1a: Rotom-Wash|266\/304
|
|switch|p2a: Bisharp|Bisharp, F, shiny|86\/271
|
|-heal|p1a: Rotom-Wash|285\/304|[from] item: Leftovers
|turn|6
|
|move|p2a: Bisharp|Knock Off|p1a: Rotom-Wash
|-damage|p1a: Rotom-Wash|170\/304
|-enditem|p1a: Rotom-Wash|Leftovers|[from] move: Knock Off|[of] p2a: Bisharp
|move|p1a: Rotom-Wash|Hydro Pump|p2a: Bisharp|[miss]
|-miss|p1a: Rotom-Wash|p2a: Bisharp
|
|turn|7
|
|move|p2a: Bisharp|Knock Off|p1a: Rotom-Wash
|-damage|p1a: Rotom-Wash|89\/304
|move|p1a: Rotom-Wash|Volt Switch|p2a: Bisharp
|-damage|p2a: Bisharp|0 fnt
|faint|p2a: Bisharp
|
|switch|p1a: Landorus-Therian|Landorus-Therian, M|381\/381
|
|
|switch|p2a: Zapdos|Zapdos|383\/383
|-ability|p2a: Zapdos|Pressure
|turn|8
|
|move|p1a: Landorus-Therian|Toxic|p2a: Zapdos|[miss]
|-miss|p1a: Landorus-Therian|p2a: Zapdos
|move|p2a: Zapdos|Discharge|p1a: Landorus-Therian
|-immune|p1a: Landorus-Therian|[msg]
|
|turn|9
|
|move|p1a: Landorus-Therian|Stealth Rock|p2a: Zapdos
|-sidestart|p2: G00NY|move: Stealth Rock
|move|p2a: Zapdos|Hidden Power|p1a: Landorus-Therian
|-supereffective|p1a: Landorus-Therian
|-damage|p1a: Landorus-Therian|65\/381
|
|-heal|p1a: Landorus-Therian|88\/381|[from] item: Leftovers
|turn|10
|
|move|p1a: Landorus-Therian|Toxic|p2a: Zapdos
|-status|p2a: Zapdos|tox
|move|p2a: Zapdos|Discharge|p1a: Landorus-Therian
|-immune|p1a: Landorus-Therian|[msg]
|
|-heal|p1a: Landorus-Therian|111\/381|[from] item: Leftovers
|-damage|p2a: Zapdos|360\/383 tox|[from] psn
|turn|11
|
|move|p1a: Landorus-Therian|U-turn|p2a: Zapdos
|-resisted|p2a: Zapdos
|-damage|p2a: Zapdos|326\/383 tox
|-damage|p1a: Landorus-Therian|48\/381|[from] item: Rocky Helmet|[of] p2a: Zapdos
|
|switch|p1a: Rotom-Wash|Rotom-Wash|89\/304
|move|p2a: Zapdos|Discharge|p1a: Rotom-Wash
|-damage|p1a: Rotom-Wash|0 fnt
|faint|p1a: Rotom-Wash
|
|-damage|p2a: Zapdos|280\/383 tox|[from] psn
|
|switch|p1a: Metagross|Metagross|301\/301
|turn|12
|
|detailschange|p1a: Metagross|Metagross-Mega
|-mega|p1a: Metagross|Metagross|Metagrossite
|move|p1a: Metagross|Ice Punch|p2a: Zapdos
|-supereffective|p2a: Zapdos
|-damage|p2a: Zapdos|40\/383 tox
|-damage|p1a: Metagross|251\/301|[from] item: Rocky Helmet|[of] p2a: Zapdos
|move|p2a: Zapdos|Defog|p1a: Metagross
|-unboost|p1a: Metagross|evasion|1
|-sideend|p2: G00NY|Stealth Rock|[from] move: Defog|[of] p2a: Zapdos
|
|-damage|p2a: Zapdos|0 fnt|[from] psn
|faint|p2a: Zapdos
|
|switch|p2a: Landorus-Therian|Landorus-Therian, M|359\/359
|-ability|p2a: Landorus-Therian|Intimidate|[of] p1a: Metagross
|-unboost|p1a: Metagross|atk|1
|turn|13
|
|switch|p1a: Landorus-Therian|Landorus-Therian, M|48\/381
|-ability|p1a: Landorus-Therian|Intimidate|[of] p2a: Landorus-Therian
|-unboost|p2a: Landorus-Therian|atk|1
|move|p2a: Landorus-Therian|Knock Off|p1a: Landorus-Therian
|-damage|p1a: Landorus-Therian|0 fnt
|-enditem|p1a: Landorus-Therian|Leftovers|[from] move: Knock Off|[of] p2a: Landorus-Therian
|faint|p1a: Landorus-Therian
|
|
|switch|p1a: Talonflame|Talonflame, M|297\/297
|turn|14
|
|switch|p2a: Gengar|Gengar, F|261\/261
|move|p1a: Talonflame|Swords Dance|p1a: Talonflame
|-boost|p1a: Talonflame|atk|2
|
|turn|15
|
|move|p1a: Talonflame|Brave Bird|p2a: Gengar
|-damage|p2a: Gengar|0 fnt
|-damage|p1a: Talonflame|211\/297|[from] recoil|[of] p2a: Gengar
|faint|p2a: Gengar
|
|
|switch|p2a: Landorus-Therian|Landorus-Therian, M|359\/359
|-ability|p2a: Landorus-Therian|Intimidate|[of] p1a: Talonflame
|-unboost|p1a: Talonflame|atk|1
|turn|16
|
|switch|p1a: Keldeo|Keldeo|223\/323
|move|p2a: Landorus-Therian|Knock Off|p1a: Keldeo
|-resisted|p1a: Keldeo
|-damage|p1a: Keldeo|153\/323
|-boost|p1a: Keldeo|atk|1|[from] ability: Justified
|-enditem|p1a: Keldeo|Leftovers|[from] move: Knock Off|[of] p2a: Landorus-Therian
|
|turn|17
|
|switch|p2a: Altaria|Altaria, F|353\/353
|move|p1a: Keldeo|Substitute|p1a: Keldeo
|-start|p1a: Keldeo|Substitute
|-damage|p1a: Keldeo|73\/323
|
|turn|18
|
|detailschange|p2a: Altaria|Altaria-Mega, F
|-mega|p2a: Altaria|Altaria|Altarianite
|move|p1a: Keldeo|Scald|p2a: Altaria
|-resisted|p2a: Altaria
|-damage|p2a: Altaria|279\/353
|move|p2a: Altaria|Return|p1a: Keldeo
|-supereffective|p1a: Keldeo
|-end|p1a: Keldeo|Substitute
|
|turn|19
|
|move|p1a: Keldeo|Scald|p2a: Altaria
|-crit|p2a: Altaria
|-resisted|p2a: Altaria
|-damage|p2a: Altaria|182\/353
|move|p2a: Altaria|Dragon Dance|p2a: Altaria
|-boost|p2a: Altaria|atk|1
|-boost|p2a: Altaria|spe|1
|
|turn|20
|
|move|p2a: Altaria|Return|p1a: Keldeo
|-supereffective|p1a: Keldeo
|-damage|p1a: Keldeo|0 fnt
|faint|p1a: Keldeo
|
|
|switch|p1a: Talonflame|Talonflame, M|211\/297
|turn|21
|
|move|p1a: Talonflame|Brave Bird|p2a: Altaria
|-damage|p2a: Altaria|23\/353
|-damage|p1a: Talonflame|159\/297|[from] recoil|[of] p2a: Altaria
|move|p2a: Altaria|Roost|p2a: Altaria
|-heal|p2a: Altaria|200\/353
|
|turn|22
|
|move|p1a: Talonflame|Roost|p1a: Talonflame
|-heal|p1a: Talonflame|297\/297
|move|p2a: Altaria|Earthquake|p1a: Talonflame
|-supereffective|p1a: Talonflame
|-damage|p1a: Talonflame|0 fnt
|faint|p1a: Talonflame
|
|
|switch|p1a: Metagross|Metagross-Mega|251\/301
|turn|23
|c|âG00NY|out
|c|âG00NY|played
|
|move|p2a: Altaria|Earthquake|p1a: Metagross
|-supereffective|p1a: Metagross
|-damage|p1a: Metagross|71\/301
|move|p1a: Metagross|Meteor Mash|p2a: Altaria
|-supereffective|p2a: Altaria
|-damage|p2a: Altaria|0 fnt
|faint|p2a: Altaria
|
|c|âG00NY|LOL
|
|switch|p2a: Landorus-Therian|Landorus-Therian, M|359\/359
|-ability|p2a: Landorus-Therian|Intimidate|[of] p1a: Metagross
|-unboost|p1a: Metagross|atk|1
|turn|24
|-message|beardy man forfeited.
|
|win|G00NY
|raw|Ladder updating...
|leave|beardy man
|player|p1
|raw|beardy man's rating: 1515 &rarr; <strong>1491<\/strong><br \/>(-24 for losing)
|raw|G00NY's rating: 1439 &rarr; <strong>1463<\/strong><br \/>(+24 for winning)