|join|Sexy.Sadie
|join|ahyueah
|player|p1|Sexy.Sadie|66
|player|p2|ahyueah|1
|gametype|singles
|gen|6
|tier|UU
|rated
|rule|Sleep Clause Mod: Limit one foe put to sleep
|rule|Species Clause: Limit one of each PokÃ©mon
|rule|OHKO Clause: OHKO moves are banned
|rule|Moody Clause: Moody is banned
|rule|Evasion Moves Clause: Evasion moves are banned
|rule|Endless Battle Clause: Forcing endless battles is banned
|rule|HP Percentage Mod: HP is shown in percentages
|clearpoke
|poke|p1|Jirachi
|poke|p1|Tentacruel, M
|poke|p1|Hydreigon, M
|poke|p1|Dugtrio, F
|poke|p1|Whimsicott, M
|poke|p1|Chandelure, F
|poke|p2|Haxorus, M
|poke|p2|Lucario, M
|poke|p2|Jirachi
|poke|p2|Aerodactyl, F
|poke|p2|Vaporeon, M
|poke|p2|Gligar, M
|rule|Swagger Clause: Swagger is banned
|rule|Baton Pass Clause: Limit one PokÃ©mon knowing Baton Pass
|teampreview
|
|start
|switch|p1a: Nemo|Tentacruel, M|361\/361
|switch|p2a: Gligar|Gligar, M|334\/334
|turn|1
|
|switch|p2a: Haxorus|Haxorus, M|356\/356
|-ability|p2a: Haxorus|Mold Breaker
|move|p1a: Nemo|Scald|p2a: Haxorus
|-resisted|p2a: Haxorus
|-damage|p2a: Haxorus|303\/356
|
|-heal|p2a: Haxorus|325\/356|[from] item: Leftovers
|turn|2
|
|switch|p2a: Gligar|Gligar, M|334\/334
|move|p1a: Nemo|Knock Off|p2a: Gligar
|-damage|p2a: Gligar|302\/334
|-enditem|p2a: Gligar|Eviolite|[from] move: Knock Off|[of] p1a: Nemo
|
|turn|3
|
|switch|p2a: Vaporeon|Vaporeon, M|464\/464
|move|p1a: Nemo|Scald|p2a: Vaporeon
|-immune|p2a: Vaporeon|[msg]
|
|turn|4
|
|move|p1a: Nemo|Toxic Spikes|p2a: Vaporeon
|-sidestart|p2: ahyueah|move: Toxic Spikes
|move|p2a: Vaporeon|Scald|p1a: Nemo
|-resisted|p1a: Nemo
|-damage|p1a: Nemo|319\/361
|-status|p1a: Nemo|brn
|
|-heal|p1a: Nemo|341\/361 brn|[from] item: Black Sludge
|-damage|p1a: Nemo|296\/361 brn|[from] brn
|turn|5
|
|move|p1a: Nemo|Knock Off|p2a: Vaporeon
|-damage|p2a: Vaporeon|432\/464
|-enditem|p2a: Vaporeon|Leftovers|[from] move: Knock Off|[of] p1a: Nemo
|move|p2a: Vaporeon|Wish|p2a: Vaporeon
|
|-heal|p1a: Nemo|318\/361 brn|[from] item: Black Sludge
|-damage|p1a: Nemo|273\/361 brn|[from] brn
|turn|6
|join|dsq575
|
|switch|p2a: Gligar|Gligar, M|302\/334
|move|p1a: Nemo|Scald|p2a: Gligar
|-supereffective|p2a: Gligar
|-damage|p2a: Gligar|158\/334
|-status|p2a: Gligar|brn
|
|-heal|p2a: Gligar|334\/334 brn|[from] move: Wish|[wisher] Vaporeon
|-heal|p1a: Nemo|295\/361 brn|[from] item: Black Sludge
|-damage|p1a: Nemo|250\/361 brn|[from] brn
|-damage|p2a: Gligar|293\/334 brn|[from] brn
|turn|7
|
|move|p1a: Nemo|Scald|p2a: Gligar
|-supereffective|p2a: Gligar
|-damage|p2a: Gligar|147\/334 brn
|move|p2a: Gligar|Defog|p1a: Nemo
|-unboost|p1a: Nemo|evasion|1
|-sideend|p2: ahyueah|Toxic Spikes|[from] move: Defog|[of] p2a: Gligar
|
|-heal|p1a: Nemo|272\/361 brn|[from] item: Black Sludge
|-damage|p1a: Nemo|227\/361 brn|[from] brn
|-damage|p2a: Gligar|106\/334 brn|[from] brn
|turn|8
|
|move|p1a: Nemo|Toxic Spikes|p2a: Gligar
|-sidestart|p2: ahyueah|move: Toxic Spikes
|move|p2a: Gligar|Defog|p1a: Nemo
|-unboost|p1a: Nemo|evasion|1
|-sideend|p2: ahyueah|Toxic Spikes|[from] move: Defog|[of] p2a: Gligar
|
|-heal|p1a: Nemo|249\/361 brn|[from] item: Black Sludge
|-damage|p1a: Nemo|204\/361 brn|[from] brn
|-damage|p2a: Gligar|65\/334 brn|[from] brn
|turn|9
|
|move|p1a: Nemo|Scald|p2a: Gligar
|-supereffective|p2a: Gligar
|-damage|p2a: Gligar|0 fnt
|faint|p2a: Gligar
|
|-heal|p1a: Nemo|226\/361 brn|[from] item: Black Sludge
|-damage|p1a: Nemo|181\/361 brn|[from] brn
|
|switch|p2a: Aerodactyl|Aerodactyl, F|301\/301
|-ability|p2a: Aerodactyl|Pressure
|turn|10
|
|switch|p1a: Harvey Dent|Hydreigon, M|325\/325
|detailschange|p2a: Aerodactyl|Aerodactyl-Mega, F
|message|Aerodactyl has Mega Evolved into Mega Aerodactyl!
|move|p2a: Aerodactyl|Aerial Ace|p1a: Harvey Dent
|-damage|p1a: Harvey Dent|156\/325
|
|turn|11
|c| dsq575|jarachi vs jarachi......... Nice
|
|switch|p2a: Jirachi|Jirachi|341\/341
|move|p1a: Harvey Dent|U-turn|p2a: Jirachi
|-damage|p2a: Jirachi|290\/341
|
|switch|p1a: Green Day|Dugtrio, F|211\/211
|
|turn|12
|
|switch|p1a: Argus Flinch|Jirachi|371\/371
|move|p2a: Jirachi|U-turn|p1a: Argus Flinch
|-damage|p1a: Argus Flinch|299\/371
|
|switch|p2a: Haxorus|Haxorus, M|325\/356
|-ability|p2a: Haxorus|Mold Breaker
|
|-heal|p1a: Argus Flinch|322\/371|[from] item: Leftovers
|-heal|p2a: Haxorus|347\/356|[from] item: Leftovers
|turn|13
|
|switch|p2a: Jirachi|Jirachi|290\/341
|move|p1a: Argus Flinch|Iron Head|p2a: Jirachi
|-resisted|p2a: Jirachi
|-damage|p2a: Jirachi|235\/341
|
|-heal|p1a: Argus Flinch|345\/371|[from] item: Leftovers
|turn|14
|
|move|p2a: Jirachi|U-turn|p1a: Argus Flinch
|-damage|p1a: Argus Flinch|276\/371
|
|switch|p2a: Aerodactyl|Aerodactyl-Mega, F|301\/301
|move|p1a: Argus Flinch|Stealth Rock|p2a: Aerodactyl
|-sidestart|p2: ahyueah|move: Stealth Rock
|
|-heal|p1a: Argus Flinch|299\/371|[from] item: Leftovers
|turn|15
|
|move|p2a: Aerodactyl|Pursuit|p1a: Argus Flinch
|-supereffective|p1a: Argus Flinch
|-damage|p1a: Argus Flinch|159\/371
|move|p1a: Argus Flinch|Iron Head|p2a: Aerodactyl
|-supereffective|p2a: Aerodactyl
|-damage|p2a: Aerodactyl|17\/301
|
|-heal|p1a: Argus Flinch|182\/371|[from] item: Leftovers
|turn|16
|c| dsq575|you're about to catch a bunch of iron heads!!!!!!!
|c|âahyueah|cool!!!
|
|switch|p1a: Nemo|Tentacruel, M|181\/361 brn
|move|p2a: Aerodactyl|Aqua Tail|p1a: Nemo|[miss]
|-miss|p2a: Aerodactyl|p1a: Nemo
|
|-heal|p1a: Nemo|203\/361 brn|[from] item: Black Sludge
|-damage|p1a: Nemo|158\/361 brn|[from] brn
|turn|17
|c|âahyueah|also u r hnc yn
|
|move|p2a: Aerodactyl|Aerial Ace|p1a: Nemo
|-damage|p1a: Nemo|16\/361 brn
|move|p1a: Nemo|Scald|p2a: Aerodactyl
|-supereffective|p2a: Aerodactyl
|-damage|p2a: Aerodactyl|0 fnt
|faint|p2a: Aerodactyl
|
|-heal|p1a: Nemo|38\/361 brn|[from] item: Black Sludge
|-damage|p1a: Nemo|0 fnt|[from] brn
|faint|p1a: Nemo
|
|switch|p1a: Disney|Chandelure, F|289\/289
|switch|p2a: Vaporeon|Vaporeon, M|432\/464
|-damage|p2a: Vaporeon|374\/464|[from] Stealth Rock
|turn|18
|
|switch|p1a: Johnny Bravo|Whimsicott, M|262\/262
|move|p2a: Vaporeon|Scald|p1a: Johnny Bravo
|-resisted|p1a: Johnny Bravo
|-damage|p1a: Johnny Bravo|192\/262
|
|turn|19
|
|switch|p2a: Lucario|Lucario, M|281\/281
|-damage|p2a: Lucario|273\/281|[from] Stealth Rock
|move|p1a: Johnny Bravo|Energy Ball|p2a: Lucario
|-resisted|p2a: Lucario
|-damage|p2a: Lucario|151\/281
|
|turn|20
|c| dsq575|hnc yn???
|
|switch|p1a: Disney|Chandelure, F|289\/289
|move|p2a: Lucario|Flash Cannon|p1a: Disney
|-resisted|p1a: Disney
|-damage|p1a: Disney|188\/289
|-unboost|p1a: Disney|spd|1
|
|-heal|p1a: Disney|206\/289|[from] item: Leftovers
|turn|21
|
|move|p2a: Lucario|Flash Cannon|p1a: Disney
|-resisted|p1a: Disney
|-damage|p1a: Disney|32\/289
|move|p1a: Disney|Shadow Ball|p2a: Lucario
|-damage|p2a: Lucario|0 fnt
|faint|p2a: Lucario
|
|-heal|p1a: Disney|50\/289|[from] item: Leftovers
|
|switch|p2a: Jirachi|Jirachi|235\/341
|-damage|p2a: Jirachi|214\/341|[from] Stealth Rock
|turn|22
|
|move|p2a: Jirachi|Iron Head|p1a: Disney
|-resisted|p1a: Disney
|-damage|p1a: Disney|0 fnt
|faint|p1a: Disney
|
|
|switch|p1a: Green Day|Dugtrio, F|211\/211
|turn|23
|
|move|p1a: Green Day|Sucker Punch|p2a: Jirachi
|-supereffective|p2a: Jirachi
|-damage|p2a: Jirachi|20\/341
|move|p2a: Jirachi|Iron Head|p1a: Green Day
|-damage|p1a: Green Day|16\/211
|
|turn|24
|
|move|p1a: Green Day|Sucker Punch|p2a: Jirachi
|-supereffective|p2a: Jirachi
|-damage|p2a: Jirachi|0 fnt
|faint|p2a: Jirachi
|
|
|switch|p2a: Haxorus|Haxorus, M|347\/356
|-damage|p2a: Haxorus|303\/356|[from] Stealth Rock
|-ability|p2a: Haxorus|Mold Breaker
|turn|25
|
|switch|p1a: Harvey Dent|Hydreigon, M|156\/325
|move|p2a: Haxorus|Dragon Dance|p2a: Haxorus
|-boost|p2a: Haxorus|atk|1
|-boost|p2a: Haxorus|spe|1
|
|-heal|p2a: Haxorus|325\/356|[from] item: Leftovers
|turn|26
|
|switch|p2a: Vaporeon|Vaporeon, M|374\/464
|-damage|p2a: Vaporeon|316\/464|[from] Stealth Rock
|move|p1a: Harvey Dent|Draco Meteor|p2a: Vaporeon
|-damage|p2a: Vaporeon|118\/464
|-unboost|p1a: Harvey Dent|spa|2
|
|turn|27
|
|switch|p1a: Green Day|Dugtrio, F|16\/211
|move|p2a: Vaporeon|Wish|p2a: Vaporeon
|
|turn|28
|
|move|p2a: Vaporeon|Protect|p2a: Vaporeon
|-singleturn|p2a: Vaporeon|Protect
|move|p1a: Green Day|Earthquake|p2a: Vaporeon
|-activate|p2a: Vaporeon|Protect
|
|-heal|p2a: Vaporeon|350\/464|[from] move: Wish|[wisher] Vaporeon
|turn|29
|
|move|p1a: Green Day|Earthquake|p2a: Vaporeon
|-damage|p2a: Vaporeon|128\/464
|move|p2a: Vaporeon|Wish|p2a: Vaporeon
|
|turn|30
|
|switch|p1a: Johnny Bravo|Whimsicott, M|192\/262
|move|p2a: Vaporeon|Protect|p2a: Vaporeon
|-fail|p2a: Vaporeon
|
|-heal|p2a: Vaporeon|360\/464|[from] move: Wish|[wisher] Vaporeon
|turn|31
|
|move|p1a: Johnny Bravo|Switcheroo|p2a: Vaporeon
|-activate|p1a: Johnny Bravo|move: Trick|[of] p2a: Vaporeon
|-item|p2a: Vaporeon|Choice Specs|[from] Trick
|move|p2a: Vaporeon|Wish|p2a: Vaporeon
|
|turn|32
|c|âahyueah|geeeegeeee
|
|move|p1a: Johnny Bravo|Moonblast|p2a: Vaporeon
|-damage|p2a: Vaporeon|242\/464
|move|p2a: Vaporeon|Wish|p2a: Vaporeon
|-fail|p2a: Vaporeon
|
|-heal|p2a: Vaporeon|464\/464|[from] move: Wish|[wisher] Vaporeon
|turn|33
|
|move|p1a: Johnny Bravo|Moonblast|p2a: Vaporeon
|-damage|p2a: Vaporeon|350\/464
|move|p2a: Vaporeon|Wish|p2a: Vaporeon
|
|turn|34
|
|move|p1a: Johnny Bravo|Energy Ball|p2a: Vaporeon
|-supereffective|p2a: Vaporeon
|-damage|p2a: Vaporeon|120\/464
|move|p2a: Vaporeon|Wish|p2a: Vaporeon
|-fail|p2a: Vaporeon
|
|-heal|p2a: Vaporeon|352\/464|[from] move: Wish|[wisher] Vaporeon
|turn|35
|
|move|p1a: Johnny Bravo|Energy Ball|p2a: Vaporeon
|-supereffective|p2a: Vaporeon
|-damage|p2a: Vaporeon|124\/464
|move|p2a: Vaporeon|Wish|p2a: Vaporeon
|
|turn|36
|
|move|p1a: Johnny Bravo|Moonblast|p2a: Vaporeon
|-damage|p2a: Vaporeon|19\/464
|-unboost|p2a: Vaporeon|spa|1
|move|p2a: Vaporeon|Wish|p2a: Vaporeon
|-fail|p2a: Vaporeon
|
|-heal|p2a: Vaporeon|251\/464|[from] move: Wish|[wisher] Vaporeon
|turn|37
|
|move|p1a: Johnny Bravo|Energy Ball|p2a: Vaporeon
|-supereffective|p2a: Vaporeon
|-damage|p2a: Vaporeon|33\/464
|move|p2a: Vaporeon|Wish|p2a: Vaporeon
|
|turn|38
|
|move|p1a: Johnny Bravo|Moonblast|p2a: Vaporeon
|-damage|p2a: Vaporeon|0 fnt
|faint|p2a: Vaporeon
|
|
|switch|p2a: Haxorus|Haxorus, M|325\/356
|-damage|p2a: Haxorus|281\/356|[from] Stealth Rock
|-ability|p2a: Haxorus|Mold Breaker
|turn|39
|
|move|p1a: Johnny Bravo|Moonblast|p2a: Haxorus
|-supereffective|p2a: Haxorus
|-damage|p2a: Haxorus|0 fnt
|faint|p2a: Haxorus
|
|win|Sexy.Sadie
|raw|Ladder updating...
|c|âSexy.Sadie|gg
|raw|Sexy.Sadie's rating: 1732 &rarr; <strong>1742<\/strong><br \/>(+10 for winning)
|raw|ahyueah's rating: 1534 &rarr; <strong>1524<\/strong><br \/>(-10 for losing)
|leave|Sexy.Sadie
|player|p1
|leave|ahyueah
|player|p2
|leave|dsq575
|join|ahyueah