|join|dudman
|join|Billy Shears
|player|p1|dudman|171
|player|p2|Billy Shears|66
|gametype|singles
|gen|6
|tier|UU
|rated
|rule|Sleep Clause Mod: Limit one foe put to sleep
|rule|Species Clause: Limit one of each PokÃ©mon
|rule|OHKO Clause: OHKO moves are banned
|rule|Moody Clause: Moody is banned
|rule|Evasion Moves Clause: Evasion moves are banned
|rule|Endless Battle Clause: Forcing endless battles is banned
|rule|HP Percentage Mod: HP is shown in percentages
|clearpoke
|poke|p1|Roserade, M
|poke|p1|Krookodile, F
|poke|p1|Infernape, M
|poke|p1|Lucario, F
|poke|p1|Blastoise, F
|poke|p1|Sableye, M
|poke|p2|Empoleon, M
|poke|p2|Flygon, F
|poke|p2|Cresselia, F
|poke|p2|Toxicroak, F
|poke|p2|Whimsicott, F
|poke|p2|Houndoom, F
|rule|Swagger Clause: Swagger is banned
|rule|Baton Pass Clause: Limit one PokÃ©mon knowing Baton Pass
|teampreview
|
|start
|switch|p1a: Krookodile|Krookodile, F|394\/394
|switch|p2a: Flygon|Flygon, F|301\/301
|-ability|p1a: Krookodile|Intimidate|[of] p2a: Flygon
|-unboost|p2a: Flygon|atk|1
|turn|1
|
|move|p2a: Flygon|U-turn|p1a: Krookodile
|-supereffective|p1a: Krookodile
|-damage|p1a: Krookodile|288\/394
|
|switch|p2a: Houndoom|Houndoom, F|291\/291
|move|p1a: Krookodile|Stealth Rock|p2a: Houndoom
|-sidestart|p2: Billy Shears|move: Stealth Rock
|
|-heal|p1a: Krookodile|312\/394|[from] item: Leftovers
|turn|2
|
|switch|p2a: Flygon|Flygon, F|301\/301
|-damage|p2a: Flygon|283\/301|[from] Stealth Rock
|move|p1a: Krookodile|Earthquake|p2a: Flygon
|-immune|p2a: Flygon|[msg]
|
|-heal|p1a: Krookodile|336\/394|[from] item: Leftovers
|turn|3
|
|move|p2a: Flygon|U-turn|p1a: Krookodile
|-supereffective|p1a: Krookodile
|-damage|p1a: Krookodile|156\/394
|
|switch|p2a: Whimsicott|Whimsicott, F|261\/261
|-damage|p2a: Whimsicott|229\/261|[from] Stealth Rock
|move|p1a: Krookodile|Knock Off|p2a: Whimsicott
|-resisted|p2a: Whimsicott
|-damage|p2a: Whimsicott|143\/261
|-enditem|p2a: Whimsicott|Choice Specs|[from] move: Knock Off|[of] p1a: Krookodile
|
|-heal|p1a: Krookodile|180\/394|[from] item: Leftovers
|turn|4
|
|switch|p1a: Roserade|Roserade, M|261\/261
|move|p2a: Whimsicott|Psychic|p1a: Roserade
|-crit|p1a: Roserade
|-supereffective|p1a: Roserade
|-damage|p1a: Roserade|41\/261
|-unboost|p1a: Roserade|spd|1
|
|-heal|p1a: Roserade|57\/261|[from] item: Black Sludge
|turn|5
|
|move|p2a: Whimsicott|Psychic|p1a: Roserade
|-supereffective|p1a: Roserade
|-damage|p1a: Roserade|0 fnt
|faint|p1a: Roserade
|
|
|switch|p1a: Infernape|Infernape, M|293\/293
|turn|6
|
|move|p2a: Whimsicott|Psychic|p1a: Infernape
|-supereffective|p1a: Infernape
|-damage|p1a: Infernape|81\/293
|move|p1a: Infernape|U-turn|p2a: Whimsicott
|-damage|p2a: Whimsicott|17\/261
|
|switch|p1a: Lucario|Lucario, F|281\/281
|
|turn|7
|
|move|p2a: Whimsicott|Psychic|p1a: Lucario
|-damage|p1a: Lucario|171\/281
|move|p1a: Lucario|Flash Cannon|p2a: Whimsicott
|-supereffective|p2a: Whimsicott
|-damage|p2a: Whimsicott|0 fnt
|-damage|p1a: Lucario|143\/281|[from] item: Life Orb
|faint|p2a: Whimsicott
|
|
|switch|p2a: Flygon|Flygon, F|283\/301
|-damage|p2a: Flygon|265\/301|[from] Stealth Rock
|turn|8
|join|alomomomomomomola
|
|switch|p1a: Krookodile|Krookodile, F|180\/394
|-ability|p1a: Krookodile|Intimidate|[of] p2a: Flygon
|-unboost|p2a: Flygon|atk|1
|move|p2a: Flygon|U-turn|p1a: Krookodile
|-supereffective|p1a: Krookodile
|-damage|p1a: Krookodile|64\/394
|
|switch|p2a: Houndoom|Houndoom, F|291\/291
|-damage|p2a: Houndoom|219\/291|[from] Stealth Rock
|
|-heal|p1a: Krookodile|88\/394|[from] item: Leftovers
|turn|9
|
|detailschange|p2a: Houndoom|Houndoom-Mega, F
|message|Houndoom has Mega Evolved into Mega Houndoom!
|move|p2a: Houndoom|Flamethrower|p1a: Krookodile
|-damage|p1a: Krookodile|0 fnt
|faint|p1a: Krookodile
|
|
|switch|p1a: Blastoise|Blastoise, F|326\/326
|turn|10
|
|switch|p2a: Empoleon|Empoleon, M|372\/372
|-damage|p2a: Empoleon|349\/372|[from] Stealth Rock
|detailschange|p1a: Blastoise|Blastoise-Mega, F
|message|Blastoise has Mega Evolved into Mega Blastoise!
|move|p1a: Blastoise|Dragon Pulse|p2a: Empoleon
|-resisted|p2a: Empoleon
|-damage|p2a: Empoleon|288\/372
|
|-heal|p2a: Empoleon|311\/372|[from] item: Leftovers
|turn|11
|
|move|p1a: Blastoise|Dark Pulse|p2a: Empoleon
|-damage|p2a: Empoleon|201\/372
|move|p2a: Empoleon|Defog|p1a: Blastoise
|-unboost|p1a: Blastoise|evasion|1
|-sideend|p2: Billy Shears|Stealth Rock|[from] move: Defog|[of] p2a: Empoleon
|
|-heal|p2a: Empoleon|224\/372|[from] item: Leftovers
|turn|12
|
|switch|p2a: Toxicroak|Toxicroak, F|307\/307
|move|p1a: Blastoise|Dark Pulse|p2a: Toxicroak
|-resisted|p2a: Toxicroak
|-damage|p2a: Toxicroak|184\/307
|
|turn|13
|
|switch|p1a: Sableye|Sableye, M|304\/304
|move|p2a: Toxicroak|Drain Punch|p1a: Sableye
|-immune|p1a: Sableye|[msg]
|
|turn|14
|
|switch|p2a: Houndoom|Houndoom-Mega, F|219\/291
|switch|p1a: Blastoise|Blastoise-Mega, F|326\/326
|
|turn|15
|
|switch|p2a: Empoleon|Empoleon, M|224\/372
|move|p1a: Blastoise|Dragon Pulse|p2a: Empoleon
|-resisted|p2a: Empoleon
|-damage|p2a: Empoleon|168\/372
|
|-heal|p2a: Empoleon|191\/372|[from] item: Leftovers
|turn|16
|
|move|p1a: Blastoise|Dark Pulse|p2a: Empoleon
|-damage|p2a: Empoleon|84\/372
|move|p2a: Empoleon|Stealth Rock|p1a: Blastoise
|-sidestart|p1: dudman|move: Stealth Rock
|
|-heal|p2a: Empoleon|107\/372|[from] item: Leftovers
|turn|17
|
|switch|p2a: Toxicroak|Toxicroak, F|184\/307
|move|p1a: Blastoise|Dark Pulse|p2a: Toxicroak
|-crit|p2a: Toxicroak
|-resisted|p2a: Toxicroak
|-damage|p2a: Toxicroak|26\/307
|
|turn|18
|
|move|p2a: Toxicroak|Drain Punch|p1a: Blastoise
|-damage|p1a: Blastoise|178\/326
|-heal|p2a: Toxicroak|100\/307|[from] drain|[of] p1a: Blastoise
|-damage|p2a: Toxicroak|70\/307|[from] item: Life Orb
|move|p1a: Blastoise|Dragon Pulse|p2a: Toxicroak
|-damage|p2a: Toxicroak|0 fnt
|faint|p2a: Toxicroak
|
|
|switch|p2a: Flygon|Flygon, F|265\/301
|turn|19
|
|move|p2a: Flygon|U-turn|p1a: Blastoise
|-damage|p1a: Blastoise|122\/326
|
|switch|p2a: Empoleon|Empoleon, M|107\/372
|move|p1a: Blastoise|Dragon Pulse|p2a: Empoleon
|-resisted|p2a: Empoleon
|-damage|p2a: Empoleon|43\/372
|
|-heal|p2a: Empoleon|66\/372|[from] item: Leftovers
|turn|20
|
|move|p1a: Blastoise|Rapid Spin|p2a: Empoleon
|-resisted|p2a: Empoleon
|-damage|p2a: Empoleon|58\/372
|-sideend|p1: dudman|Stealth Rock|[from] move: Rapid Spin|[of] p1a: Blastoise
|move|p2a: Empoleon|Scald|p1a: Blastoise
|-resisted|p1a: Blastoise
|-damage|p1a: Blastoise|58\/326
|
|-heal|p2a: Empoleon|81\/372|[from] item: Leftovers
|turn|21
|
|move|p1a: Blastoise|Dark Pulse|p2a: Empoleon
|-damage|p2a: Empoleon|0 fnt
|faint|p2a: Empoleon
|
|
|switch|p2a: Houndoom|Houndoom-Mega, F|219\/291
|turn|22
|
|move|p2a: Houndoom|Dark Pulse|p1a: Blastoise
|-damage|p1a: Blastoise|0 fnt
|faint|p1a: Blastoise
|
|
|switch|p1a: Lucario|Lucario, F|143\/281
|turn|23
|
|switch|p2a: Cresselia|Cresselia, F|444\/444
|move|p1a: Lucario|Vacuum Wave|p2a: Cresselia
|-resisted|p2a: Cresselia
|-damage|p2a: Cresselia|408\/444
|-damage|p1a: Lucario|115\/281|[from] item: Life Orb
|
|-heal|p2a: Cresselia|435\/444|[from] item: Leftovers
|turn|24
|
|move|p1a: Lucario|Nasty Plot|p1a: Lucario
|-boost|p1a: Lucario|spa|2
|move|p2a: Cresselia|Calm Mind|p2a: Cresselia
|-boost|p2a: Cresselia|spa|1
|-boost|p2a: Cresselia|spd|1
|
|-heal|p2a: Cresselia|444\/444|[from] item: Leftovers
|turn|25
|
|move|p1a: Lucario|Flash Cannon|p2a: Cresselia
|-damage|p2a: Cresselia|244\/444
|-damage|p1a: Lucario|87\/281|[from] item: Life Orb
|move|p2a: Cresselia|Psyshock|p1a: Lucario
|-damage|p1a: Lucario|0 fnt
|faint|p1a: Lucario
|
|-heal|p2a: Cresselia|271\/444|[from] item: Leftovers
|-message|dudman forfeited.
|
|win|Billy Shears
|raw|Ladder updating...
|leave|dudman
|player|p1
|leave|alomomomomomomola
|raw|Ladder (probably) updated, but score could not be retrieved (timeout).
|raw|Ladder (probably) updated, but score could not be retrieved (Error: socket hang up).