|join|Billy Shears
|join|Donkii
|player|p1|Billy Shears|66
|player|p2|Donkii|239
|gametype|singles
|gen|6
|tier|UU
|rated
|rule|Sleep Clause Mod: Limit one foe put to sleep
|rule|Species Clause: Limit one of each PokÃ©mon
|rule|OHKO Clause: OHKO moves are banned
|rule|Moody Clause: Moody is banned
|rule|Evasion Moves Clause: Evasion moves are banned
|rule|Endless Battle Clause: Forcing endless battles is banned
|rule|HP Percentage Mod: HP is shown in percentages
|clearpoke
|poke|p1|Jirachi
|poke|p1|Crobat, F
|poke|p1|Blastoise, M
|poke|p1|Entei, shiny
|poke|p1|Whimsicott, F
|poke|p1|Krookodile, F
|poke|p2|Nidoking, M, shiny
|poke|p2|Aerodactyl, M
|poke|p2|Hydreigon, F
|poke|p2|Empoleon, M
|poke|p2|Cofagrigus, F, shiny
|poke|p2|Whimsicott, F
|rule|Swagger Clause: Swagger is banned
|rule|Baton Pass Clause: Limit one PokÃ©mon knowing Baton Pass
|teampreview
|
|start
|switch|p1a: Blastoise|Blastoise, M|362\/362
|switch|p2a: Cofagrigus|Cofagrigus, F, shiny|319\/319
|turn|1
|
|switch|p2a: Whimsicott|Whimsicott, F|261\/261
|detailschange|p1a: Blastoise|Blastoise-Mega, M
|-mega|p1a: Blastoise|Blastoise|Blastoisinite
|move|p1a: Blastoise|Scald|p2a: Whimsicott
|-resisted|p2a: Whimsicott
|-damage|p2a: Whimsicott|172\/261
|
|turn|2
|
|switch|p1a: Jirachi|Jirachi|341\/341
|move|p2a: Whimsicott|Leech Seed|p1a: Jirachi
|-start|p1a: Jirachi|move: Leech Seed
|
|-damage|p1a: Jirachi|299\/341|[from] Leech Seed|[of] p2a: Whimsicott
|-heal|p2a: Whimsicott|214\/261|[silent]
|turn|3
|
|switch|p1a: Whimsicott|Whimsicott, F|263\/263
|move|p2a: Whimsicott|Giga Drain|p1a: Whimsicott
|-resisted|p1a: Whimsicott
|-damage|p1a: Whimsicott|179\/263
|-heal|p2a: Whimsicott|256\/261|[from] drain|[of] p1a: Whimsicott
|-damage|p2a: Whimsicott|230\/261|[from] item: Life Orb
|
|-heal|p1a: Whimsicott|195\/263|[from] item: Leftovers
|turn|4
|
|move|p1a: Whimsicott|Moonblast|p2a: Whimsicott
|-damage|p2a: Whimsicott|67\/261
|move|p2a: Whimsicott|Moonblast|p1a: Whimsicott
|-damage|p1a: Whimsicott|12\/263
|-unboost|p1a: Whimsicott|spa|1
|-damage|p2a: Whimsicott|41\/261|[from] item: Life Orb
|
|-heal|p1a: Whimsicott|28\/263|[from] item: Leftovers
|turn|5
|
|move|p1a: Whimsicott|U-turn|p2a: Whimsicott
|-damage|p2a: Whimsicott|0 fnt
|faint|p2a: Whimsicott
|
|switch|p1a: Blastoise|Blastoise-Mega, M|362\/362
|
|
|switch|p2a: Nidoking|Nidoking, M, shiny|303\/303
|turn|6
|
|move|p2a: Nidoking|Sludge Wave|p1a: Blastoise
|-damage|p1a: Blastoise|163\/362
|move|p1a: Blastoise|Scald|p2a: Nidoking
|-supereffective|p2a: Nidoking
|-damage|p2a: Nidoking|0 fnt
|faint|p2a: Nidoking
|
|
|switch|p2a: Hydreigon|Hydreigon, F|325\/325
|turn|7
|
|move|p2a: Hydreigon|Draco Meteor|p1a: Blastoise
|-damage|p1a: Blastoise|0 fnt
|-unboost|p2a: Hydreigon|spa|2
|faint|p1a: Blastoise
|
|
|switch|p1a: Entei|Entei, shiny|371\/371
|-ability|p1a: Entei|Pressure
|turn|8
|
|move|p2a: Hydreigon|Dark Pulse|p1a: Entei
|-damage|p1a: Entei|283\/371
|move|p1a: Entei|Sacred Fire|p2a: Hydreigon|[miss]
|-miss|p1a: Entei|p2a: Hydreigon
|
|turn|9
|
|move|p2a: Hydreigon|Dark Pulse|p1a: Entei
|-damage|p1a: Entei|201\/371
|cant|p1a: Entei|flinch
|
|turn|10
|
|switch|p1a: Krookodile|Krookodile, F|355\/355
|-ability|p1a: Krookodile|Intimidate|[of] p2a: Hydreigon
|-unboost|p2a: Hydreigon|atk|1
|move|p2a: Hydreigon|Dark Pulse|p1a: Krookodile
|-resisted|p1a: Krookodile
|-damage|p1a: Krookodile|310\/355
|
|-heal|p1a: Krookodile|332\/355|[from] item: Leftovers
|turn|11
|
|move|p2a: Hydreigon|Taunt|p1a: Krookodile
|-start|p1a: Krookodile|move: Taunt
|move|p1a: Krookodile|Knock Off|p2a: Hydreigon
|-resisted|p2a: Hydreigon
|-damage|p2a: Hydreigon|244\/325
|-enditem|p2a: Hydreigon|Draco Plate|[from] move: Knock Off|[of] p1a: Krookodile
|
|-heal|p1a: Krookodile|354\/355|[from] item: Leftovers
|turn|12
|
|switch|p2a: Empoleon|Empoleon, M|371\/371
|switch|p1a: Crobat|Crobat, F|331\/331
|
|turn|13
|
|move|p1a: Crobat|U-turn|p2a: Empoleon
|-resisted|p2a: Empoleon
|-damage|p2a: Empoleon|338\/371
|
|switch|p1a: Whimsicott|Whimsicott, F|28\/263
|move|p2a: Empoleon|Scald|p1a: Whimsicott
|-resisted|p1a: Whimsicott
|-damage|p1a: Whimsicott|0 fnt
|faint|p1a: Whimsicott
|
|-heal|p2a: Empoleon|361\/371|[from] item: Leftovers
|
|switch|p1a: Krookodile|Krookodile, F|354\/355
|-ability|p1a: Krookodile|Intimidate|[of] p2a: Empoleon
|-unboost|p2a: Empoleon|atk|1
|turn|14
|
|move|p1a: Krookodile|Earthquake|p2a: Empoleon
|-supereffective|p2a: Empoleon
|-damage|p2a: Empoleon|67\/371
|move|p2a: Empoleon|Scald|p1a: Krookodile
|-crit|p1a: Krookodile
|-supereffective|p1a: Krookodile
|-damage|p1a: Krookodile|0 fnt
|faint|p1a: Krookodile
|
|-heal|p2a: Empoleon|90\/371|[from] item: Leftovers
|
|switch|p1a: Entei|Entei, shiny|201\/371
|-ability|p1a: Entei|Pressure
|turn|15
|
|move|p1a: Entei|Sacred Fire|p2a: Empoleon
|-damage|p2a: Empoleon|0 fnt
|faint|p2a: Empoleon
|
|
|switch|p2a: Aerodactyl|Aerodactyl, M|301\/301
|-ability|p2a: Aerodactyl|Unnerve|p1: Billy Shears
|turn|16
|
|detailschange|p2a: Aerodactyl|Aerodactyl-Mega, M
|-mega|p2a: Aerodactyl|Aerodactyl|Aerodactylite
|move|p2a: Aerodactyl|Earthquake|p1a: Entei
|-supereffective|p1a: Entei
|-damage|p1a: Entei|0 fnt
|faint|p1a: Entei
|
|c|âBilly Shears|gg
|-message|Billy Shears forfeited.
|
|win|Donkii
|raw|Ladder updating...
|leave|Billy Shears
|player|p1
|c|âDonkii|gg
|raw|Billy Shears's rating: 1643 &rarr; <strong>1617<\/strong><br \/>(-26 for losing)
|raw|Donkii's rating: 1536 &rarr; <strong>1562<\/strong><br \/>(+26 for winning)