|join|hairy toenail
|join|Billy Shears
|player|p1|hairy toenail|147
|player|p2|Billy Shears|66
|gametype|singles
|gen|6
|tier|UU
|rated
|rule|Sleep Clause Mod: Limit one foe put to sleep
|rule|Species Clause: Limit one of each PokÃ©mon
|rule|OHKO Clause: OHKO moves are banned
|rule|Moody Clause: Moody is banned
|rule|Evasion Moves Clause: Evasion moves are banned
|rule|Endless Battle Clause: Forcing endless battles is banned
|rule|HP Percentage Mod: HP is shown in percentages
|clearpoke
|poke|p1|Snorlax, M
|poke|p1|Whimsicott, F
|poke|p1|Hydreigon, F
|poke|p1|Doublade, F, shiny
|poke|p1|Cobalion
|poke|p1|Tentacruel, F
|poke|p2|Jirachi
|poke|p2|Crobat, M
|poke|p2|Blastoise, F
|poke|p2|Entei, shiny
|poke|p2|Whimsicott, F
|poke|p2|Krookodile, F
|rule|Swagger Clause: Swagger is banned
|rule|Baton Pass Clause: Limit one PokÃ©mon knowing Baton Pass
|teampreview
|c|âhairy toenail|glhf
|c|âBilly Shears|you too!
|
|start
|switch|p1a: nichze|Tentacruel, F|363\/363
|switch|p2a: Crobat|Crobat, M|331\/331
|turn|1
|
|move|p2a: Crobat|Brave Bird|p1a: nichze
|-damage|p1a: nichze|161\/363
|-damage|p2a: Crobat|264\/331|[from] recoil|[of] p1a: nichze
|move|p1a: nichze|Toxic Spikes|p2a: Crobat
|-sidestart|p2: Billy Shears|move: Toxic Spikes
|
|-heal|p1a: nichze|183\/363|[from] item: Black Sludge
|turn|2
|
|switch|p2a: Jirachi|Jirachi|341\/341
|switch|p1a: SlashinLikeAnAxew|Doublade, F, shiny|321\/321
|
|turn|3
|
|move|p2a: Jirachi|Shadow Ball|p1a: SlashinLikeAnAxew
|-supereffective|p1a: SlashinLikeAnAxew
|-damage|p1a: SlashinLikeAnAxew|149\/321
|-unboost|p1a: SlashinLikeAnAxew|spd|1
|move|p1a: SlashinLikeAnAxew|Pursuit|p2a: Jirachi
|-supereffective|p2a: Jirachi
|-damage|p2a: Jirachi|251\/341
|
|-heal|p2a: Jirachi|272\/341|[from] item: Leftovers
|turn|4
|
|switch|p2a: Crobat|Crobat, M|264\/331
|switch|p1a: Dr. Dreigon|Hydreigon, F|325\/325
|
|turn|5
|
|move|p2a: Crobat|U-turn|p1a: Dr. Dreigon
|-supereffective|p1a: Dr. Dreigon
|-damage|p1a: Dr. Dreigon|169\/325
|
|switch|p2a: Whimsicott|Whimsicott, F|263\/263
|-status|p2a: Whimsicott|psn
|move|p1a: Dr. Dreigon|Dark Pulse|p2a: Whimsicott
|-resisted|p2a: Whimsicott
|-damage|p2a: Whimsicott|170\/263 psn
|
|-heal|p2a: Whimsicott|186\/263 psn|[from] item: Leftovers
|-damage|p2a: Whimsicott|154\/263 psn|[from] psn
|turn|6
|
|move|p1a: Dr. Dreigon|Dark Pulse|p2a: Whimsicott
|-resisted|p2a: Whimsicott
|-damage|p2a: Whimsicott|72\/263 psn
|move|p2a: Whimsicott|U-turn|p1a: Dr. Dreigon
|-supereffective|p1a: Dr. Dreigon
|-damage|p1a: Dr. Dreigon|91\/325
|
|switch|p2a: Crobat|Crobat, M|264\/331
|
|turn|7
|
|switch|p1a: Simba|Cobalion|370\/370
|move|p2a: Crobat|U-turn|p1a: Simba
|-resisted|p1a: Simba
|-damage|p1a: Simba|356\/370
|
|switch|p2a: Blastoise|Blastoise, F|362\/362
|-status|p2a: Blastoise|psn
|
|-heal|p1a: Simba|370\/370|[from] item: Leftovers
|-damage|p2a: Blastoise|317\/362 psn|[from] psn
|turn|8
|
|detailschange|p2a: Blastoise|Blastoise-Mega, F
|-mega|p2a: Blastoise|Blastoise|Blastoisinite
|move|p1a: Simba|Volt Switch|p2a: Blastoise
|-supereffective|p2a: Blastoise
|-damage|p2a: Blastoise|237\/362 psn
|
|switch|p1a: Tu Madre|Snorlax, M|497\/497
|move|p2a: Blastoise|Rapid Spin|p1a: Tu Madre
|-crit|p1a: Tu Madre
|-damage|p1a: Tu Madre|471\/497
|-sideend|p2: Billy Shears|Toxic Spikes|[from] move: Rapid Spin|[of] p2a: Blastoise
|
|-heal|p1a: Tu Madre|497\/497|[from] item: Leftovers
|-damage|p2a: Blastoise|192\/362 psn|[from] psn
|turn|9
|
|switch|p2a: Krookodile|Krookodile, F|355\/355
|-ability|p2a: Krookodile|Intimidate|[of] p1a: Tu Madre
|-unboost|p1a: Tu Madre|atk|1
|move|p1a: Tu Madre|Body Slam|p2a: Krookodile
|-damage|p2a: Krookodile|276\/355
|-status|p2a: Krookodile|par
|
|-heal|p2a: Krookodile|298\/355 par|[from] item: Leftovers
|turn|10
|
|switch|p1a: Simba|Cobalion|370\/370
|move|p2a: Krookodile|Stealth Rock|p1a: Simba
|-sidestart|p1: hairy toenail|move: Stealth Rock
|
|-heal|p2a: Krookodile|320\/355 par|[from] item: Leftovers
|turn|11
|
|move|p1a: Simba|Stealth Rock|p2a: Krookodile
|-sidestart|p2: Billy Shears|move: Stealth Rock
|move|p2a: Krookodile|Earthquake|p1a: Simba
|-supereffective|p1a: Simba
|-damage|p1a: Simba|106\/370
|
|-heal|p1a: Simba|129\/370|[from] item: Leftovers
|-heal|p2a: Krookodile|342\/355 par|[from] item: Leftovers
|turn|12
|
|switch|p1a: Cotton Pickin'|Whimsicott, F|261\/261
|-damage|p1a: Cotton Pickin'|229\/261|[from] Stealth Rock
|switch|p2a: Crobat|Crobat, M|264\/331
|-damage|p2a: Crobat|182\/331|[from] Stealth Rock
|
|-heal|p1a: Cotton Pickin'|245\/261|[from] item: Leftovers
|turn|13
|
|switch|p1a: Simba|Cobalion|129\/370
|-damage|p1a: Simba|118\/370|[from] Stealth Rock
|move|p2a: Crobat|Brave Bird|p1a: Simba
|-damage|p1a: Simba|0 fnt
|-damage|p2a: Crobat|143\/331|[from] recoil|[of] p1a: Simba
|faint|p1a: Simba
|
|
|switch|p1a: SlashinLikeAnAxew|Doublade, F, shiny|149\/321
|-damage|p1a: SlashinLikeAnAxew|129\/321|[from] Stealth Rock
|turn|14
|
|move|p2a: Crobat|Brave Bird|p1a: SlashinLikeAnAxew
|-resisted|p1a: SlashinLikeAnAxew
|-damage|p1a: SlashinLikeAnAxew|83\/321
|-damage|p2a: Crobat|128\/331|[from] recoil|[of] p1a: SlashinLikeAnAxew
|move|p1a: SlashinLikeAnAxew|Pursuit|p2a: Crobat
|-damage|p2a: Crobat|70\/331
|
|turn|15
|
|move|p1a: SlashinLikeAnAxew|Shadow Sneak|p2a: Crobat
|-damage|p2a: Crobat|0 fnt
|faint|p2a: Crobat
|
|join|waiv
|
|switch|p2a: Krookodile|Krookodile, F|342\/355 par
|-damage|p2a: Krookodile|320\/355 par|[from] Stealth Rock
|-ability|p2a: Krookodile|Intimidate|[of] p1a: SlashinLikeAnAxew
|-unboost|p1a: SlashinLikeAnAxew|atk|1
|turn|16
|
|switch|p1a: Cotton Pickin'|Whimsicott, F|245\/261
|-damage|p1a: Cotton Pickin'|213\/261|[from] Stealth Rock
|move|p2a: Krookodile|Knock Off|p1a: Cotton Pickin'
|-resisted|p1a: Cotton Pickin'
|-damage|p1a: Cotton Pickin'|115\/261
|-enditem|p1a: Cotton Pickin'|Leftovers|[from] move: Knock Off|[of] p2a: Krookodile
|
|-heal|p2a: Krookodile|342\/355 par|[from] item: Leftovers
|turn|17
|
|switch|p2a: Jirachi|Jirachi|272\/341
|-damage|p2a: Jirachi|251\/341|[from] Stealth Rock
|move|p1a: Cotton Pickin'|Giga Drain|p2a: Jirachi
|-resisted|p2a: Jirachi
|-damage|p2a: Jirachi|206\/341
|-heal|p1a: Cotton Pickin'|138\/261|[from] drain|[of] p2a: Jirachi
|
|-heal|p2a: Jirachi|227\/341|[from] item: Leftovers
|turn|18
|c| waiv|billy shears who r u again
|c| waiv|i always forget
|
|move|p1a: Cotton Pickin'|U-turn|p2a: Jirachi
|-damage|p2a: Jirachi|191\/341
|
|switch|p1a: Tu Madre|Snorlax, M|497\/497
|-damage|p1a: Tu Madre|435\/497|[from] Stealth Rock
|move|p2a: Jirachi|Shadow Ball|p1a: Tu Madre
|-immune|p1a: Tu Madre|[msg]
|
|-heal|p2a: Jirachi|212\/341|[from] item: Leftovers
|-heal|p1a: Tu Madre|466\/497|[from] item: Leftovers
|turn|19
|c|âBilly Shears|ironbullet b
|c|âBilly Shears|sup man :)
|c| waiv|oh ye
|
|switch|p2a: Krookodile|Krookodile, F|342\/355 par
|-damage|p2a: Krookodile|320\/355 par|[from] Stealth Rock
|-ability|p2a: Krookodile|Intimidate|[of] p1a: Tu Madre
|-unboost|p1a: Tu Madre|atk|1
|move|p1a: Tu Madre|Curse|p1a: Tu Madre
|-boost|p1a: Tu Madre|atk|1
|-boost|p1a: Tu Madre|def|1
|-unboost|p1a: Tu Madre|spe|1
|
|-heal|p2a: Krookodile|342\/355 par|[from] item: Leftovers
|-heal|p1a: Tu Madre|497\/497|[from] item: Leftovers
|turn|20
|c| waiv|long time no see my frienddd
|c|âBilly Shears|yeah!
|c|âhairy toenail|oh ib
|c| waiv|<3 how are you!!!
|c|âBilly Shears|im good bro you?
|
|move|p2a: Krookodile|Knock Off|p1a: Tu Madre
|-damage|p1a: Tu Madre|376\/497
|-enditem|p1a: Tu Madre|Leftovers|[from] move: Knock Off|[of] p2a: Krookodile
|move|p1a: Tu Madre|Curse|p1a: Tu Madre
|-boost|p1a: Tu Madre|atk|1
|-boost|p1a: Tu Madre|def|1
|-unboost|p1a: Tu Madre|spe|1
|
|-heal|p2a: Krookodile|355\/355 par|[from] item: Leftovers
|turn|21
|c| waiv|pretty good :)
|c|âBilly Shears|haha y hairy toenail
|c|âBilly Shears|slow lax
|c|âhairy toenail|yeh haha
|c|âhairy toenail|youre in spl right?
|c|âBilly Shears|ye
|
|move|p2a: Krookodile|Taunt|p1a: Tu Madre
|-start|p1a: Tu Madre|move: Taunt
|cant|p1a: Tu Madre|move: Taunt|Curse
|
|turn|22
|
|cant|p2a: Krookodile|par
|move|p1a: Tu Madre|Body Slam|p2a: Krookodile
|-damage|p2a: Krookodile|144\/355 par
|
|-heal|p2a: Krookodile|166\/355 par|[from] item: Leftovers
|turn|23
|
|move|p2a: Krookodile|Earthquake|p1a: Tu Madre
|-damage|p1a: Tu Madre|274\/497
|move|p1a: Tu Madre|Body Slam|p2a: Krookodile
|-damage|p2a: Krookodile|0 fnt
|faint|p2a: Krookodile
|
|-end|p1a: Tu Madre|move: Taunt
|c| waiv|last time i played you, i was regular user in UU room now i am driver keke time flies
|c|âBilly Shears|haha nice one
|c| waiv|have you played any spl yet?
|c|âBilly Shears|nop
|join|UniterFlash
|
|switch|p2a: Blastoise|Blastoise-Mega, F|192\/362 psn
|-damage|p2a: Blastoise|147\/362 psn|[from] Stealth Rock
|turn|24
|
|move|p1a: Tu Madre|Rest|p1a: Tu Madre
|-status|p1a: Tu Madre|slp
|-heal|p1a: Tu Madre|497\/497 slp|[silent]
|-status|p1a: Tu Madre|slp|[from] move: Rest
|move|p2a: Blastoise|Roar|p1a: Tu Madre
|drag|p1a: SlashinLikeAnAxew|Doublade, F, shiny|83\/321
|-damage|p1a: SlashinLikeAnAxew|63\/321|[from] Stealth Rock
|
|-damage|p2a: Blastoise|102\/362 psn|[from] psn
|turn|25
|c| waiv|well i'm looking forward to the watching your matches :)
|
|switch|p1a: nichze|Tentacruel, F|183\/363
|-damage|p1a: nichze|138\/363|[from] Stealth Rock
|move|p2a: Blastoise|Dark Pulse|p1a: nichze
|-damage|p1a: nichze|16\/363
|
|-heal|p1a: nichze|38\/363|[from] item: Black Sludge
|-damage|p2a: Blastoise|57\/362 psn|[from] psn
|turn|26
|c|âBilly Shears|thanks man :)
|c| UniterFlash|awe
|c| UniterFlash|:)
|
|move|p1a: nichze|Rapid Spin|p2a: Blastoise
|-crit|p2a: Blastoise
|-damage|p2a: Blastoise|46\/362 psn
|-sideend|p1: hairy toenail|Stealth Rock|[from] move: Rapid Spin|[of] p1a: nichze
|move|p2a: Blastoise|Rapid Spin|p1a: nichze
|-damage|p1a: nichze|21\/363
|-sideend|p2: Billy Shears|Stealth Rock|[from] move: Rapid Spin|[of] p2a: Blastoise
|
|-heal|p1a: nichze|43\/363|[from] item: Black Sludge
|-damage|p2a: Blastoise|1\/362 psn|[from] psn
|turn|27
|
|move|p1a: nichze|Toxic Spikes|p2a: Blastoise
|-sidestart|p2: Billy Shears|move: Toxic Spikes
|move|p2a: Blastoise|Rapid Spin|p1a: nichze
|-damage|p1a: nichze|27\/363
|-sideend|p2: Billy Shears|Toxic Spikes|[from] move: Rapid Spin|[of] p2a: Blastoise
|
|-heal|p1a: nichze|49\/363|[from] item: Black Sludge
|-damage|p2a: Blastoise|0 fnt|[from] psn
|faint|p2a: Blastoise
|
|switch|p2a: Jirachi|Jirachi|212\/341
|turn|28
|leave|UniterFlash
|
|move|p2a: Jirachi|Energy Ball|p1a: nichze
|-damage|p1a: nichze|0 fnt
|faint|p1a: nichze
|
|-heal|p2a: Jirachi|233\/341|[from] item: Leftovers
|
|switch|p1a: Dr. Dreigon|Hydreigon, F|91\/325
|turn|29
|
|switch|p2a: Whimsicott|Whimsicott, F|72\/263 psn
|move|p1a: Dr. Dreigon|Dark Pulse|p2a: Whimsicott
|-resisted|p2a: Whimsicott
|-damage|p2a: Whimsicott|0 fnt
|faint|p2a: Whimsicott
|
|
|switch|p2a: Entei|Entei, shiny|371\/371
|-ability|p2a: Entei|Pressure
|turn|30
|join|Catsarenice
|
|switch|p1a: Cotton Pickin'|Whimsicott, F|138\/261
|move|p2a: Entei|Sacred Fire|p1a: Cotton Pickin'
|-supereffective|p1a: Cotton Pickin'
|-damage|p1a: Cotton Pickin'|0 fnt
|faint|p1a: Cotton Pickin'
|
|leave|Catsarenice
|
|switch|p1a: Tu Madre|Snorlax, M|497\/497 slp
|turn|31
|
|move|p2a: Entei|Sacred Fire|p1a: Tu Madre|[miss]
|-miss|p2a: Entei|p1a: Tu Madre
|cant|p1a: Tu Madre|slp
|move|p1a: Tu Madre|Sleep Talk|p1a: Tu Madre
|move|p1a: Tu Madre|Rest|p1a: Tu Madre|[from]Sleep Talk
|-fail|p1a: Tu Madre
|
|turn|32
|join|Truth In Lies
|
|move|p2a: Entei|Sacred Fire|p1a: Tu Madre
|-damage|p1a: Tu Madre|326\/497 slp
|cant|p1a: Tu Madre|slp
|move|p1a: Tu Madre|Sleep Talk|p1a: Tu Madre
|move|p1a: Tu Madre|Body Slam|p2a: Entei|[from]Sleep Talk
|-damage|p2a: Entei|253\/371
|
|turn|33
|join|StarmeiJR
|
|move|p2a: Entei|Sacred Fire|p1a: Tu Madre
|-damage|p1a: Tu Madre|160\/497 slp
|-curestatus|p1a: Tu Madre|slp
|move|p1a: Tu Madre|Rest|p1a: Tu Madre
|-status|p1a: Tu Madre|slp
|-heal|p1a: Tu Madre|497\/497 slp|[silent]
|-status|p1a: Tu Madre|slp|[from] move: Rest
|
|turn|34
|
|switch|p2a: Jirachi|Jirachi|233\/341
|cant|p1a: Tu Madre|slp
|move|p1a: Tu Madre|Sleep Talk|p1a: Tu Madre
|move|p1a: Tu Madre|Rest|p1a: Tu Madre|[from]Sleep Talk
|-fail|p1a: Tu Madre
|
|-heal|p2a: Jirachi|254\/341|[from] item: Leftovers
|turn|35
|
|switch|p1a: Dr. Dreigon|Hydreigon, F|91\/325
|move|p2a: Jirachi|Calm Mind|p2a: Jirachi
|-boost|p2a: Jirachi|spa|1
|-boost|p2a: Jirachi|spd|1
|
|-heal|p2a: Jirachi|275\/341|[from] item: Leftovers
|turn|36
|
|move|p1a: Dr. Dreigon|Dark Pulse|p2a: Jirachi
|-supereffective|p2a: Jirachi
|-damage|p2a: Jirachi|81\/341
|move|p2a: Jirachi|Shadow Ball|p1a: Dr. Dreigon
|-crit|p1a: Dr. Dreigon
|-resisted|p1a: Dr. Dreigon
|-damage|p1a: Dr. Dreigon|0 fnt
|faint|p1a: Dr. Dreigon
|
|-heal|p2a: Jirachi|102\/341|[from] item: Leftovers
|
|switch|p1a: SlashinLikeAnAxew|Doublade, F, shiny|63\/321
|turn|37
|
|switch|p2a: Entei|Entei, shiny|253\/371
|-ability|p2a: Entei|Pressure
|move|p1a: SlashinLikeAnAxew|Shadow Sneak|p2a: Entei
|-damage|p2a: Entei|177\/371
|
|turn|38
|
|switch|p1a: Tu Madre|Snorlax, M|497\/497 slp
|move|p2a: Entei|Flare Blitz|p1a: Tu Madre
|-damage|p1a: Tu Madre|307\/497 slp
|-damage|p2a: Entei|114\/371|[from] recoil|[of] p1a: Tu Madre
|
|turn|39
|
|move|p2a: Entei|Flare Blitz|p1a: Tu Madre
|-crit|p1a: Tu Madre
|-damage|p1a: Tu Madre|0 fnt
|-damage|p2a: Entei|13\/371|[from] recoil|[of] p1a: Tu Madre
|faint|p1a: Tu Madre
|
|
|switch|p1a: SlashinLikeAnAxew|Doublade, F, shiny|63\/321
|turn|40
|c|âBilly Shears|gg
|
|move|p1a: SlashinLikeAnAxew|Shadow Sneak|p2a: Entei
|-damage|p2a: Entei|0 fnt
|faint|p2a: Entei
|
|
|switch|p2a: Jirachi|Jirachi|102\/341
|turn|41
|
|move|p1a: SlashinLikeAnAxew|Shadow Sneak|p2a: Jirachi
|-supereffective|p2a: Jirachi
|-damage|p2a: Jirachi|0 fnt
|faint|p2a: Jirachi
|
|win|hairy toenail
|raw|Ladder updating...
|c|âhairy toenail|gg!
|leave|Billy Shears
|player|p2
|raw|hairy toenail's rating: 1583 &rarr; <strong>1605<\/strong><br \/>(+22 for winning)
|raw|Billy Shears's rating: 1617 &rarr; <strong>1595<\/strong><br \/>(-22 for losing)
|c| waiv|:o
|leave|hairy toenail
|player|p1