|join|Woodpile
|join|PPOB
|player|p1|Woodpile|65
|player|p2|PPOB|167
|gametype|singles
|gen|6
|tier|UU
|rated
|rule|Sleep Clause Mod: Limit one foe put to sleep
|rule|Species Clause: Limit one of each PokÃ©mon
|rule|OHKO Clause: OHKO moves are banned
|rule|Moody Clause: Moody is banned
|rule|Evasion Moves Clause: Evasion moves are banned
|rule|Endless Battle Clause: Forcing endless battles is banned
|rule|HP Percentage Mod: HP is shown in percentages
|clearpoke
|poke|p1|Sceptile, F
|poke|p1|Empoleon, M
|poke|p1|Mienshao, F
|poke|p1|Florges, F
|poke|p1|Snorlax, F
|poke|p1|Honchkrow, M
|poke|p2|Zygarde
|poke|p2|Roserade, F
|poke|p2|Swampert, F
|poke|p2|Florges, F
|poke|p2|Hydreigon, M
|poke|p2|Jirachi
|rule|Swagger Clause: Swagger is banned
|rule|Baton Pass Clause: Limit one PokÃ©mon knowing Baton Pass
|teampreview
|c|âPPOB|gl
|c|âWoodpile|gl
|
|start
|switch|p1a: Mienshao|Mienshao, F|271\/271
|switch|p2a: Swampert|Swampert, F|404\/404
|turn|1
|join|Licor43
|
|move|p1a: Mienshao|U-turn|p2a: Swampert
|-damage|p2a: Swampert|344\/404
|
|switch|p1a: Sceptile|Sceptile, F|281\/281
|move|p2a: Swampert|Stealth Rock|p1a: Sceptile
|-sidestart|p1: Woodpile|move: Stealth Rock
|
|-heal|p2a: Swampert|369\/404|[from] item: Leftovers
|turn|2
|
|switch|p2a: Roserade|Roserade, F|323\/323
|detailschange|p1a: Sceptile|Sceptile-Mega, F
|message|Sceptile has Mega Evolved into Mega Sceptile!
|move|p1a: Sceptile|Substitute|p1a: Sceptile
|-start|p1a: Sceptile|Substitute
|-damage|p1a: Sceptile|211\/281
|
|turn|3
|
|move|p1a: Sceptile|Dragon Pulse|p2a: Roserade
|-damage|p2a: Roserade|209\/323
|move|p2a: Roserade|Sludge Bomb|p1a: Sceptile
|-supereffective|p1a: Sceptile
|-end|p1a: Sceptile|Substitute
|
|-heal|p2a: Roserade|229\/323|[from] item: Black Sludge
|turn|4
|
|switch|p1a: Empoleon|Empoleon, M|372\/372
|-damage|p1a: Empoleon|349\/372|[from] Stealth Rock
|move|p2a: Roserade|Giga Drain|p1a: Empoleon
|-damage|p1a: Empoleon|237\/372
|-heal|p2a: Roserade|285\/323|[from] drain|[of] p1a: Empoleon
|
|-heal|p2a: Roserade|305\/323|[from] item: Black Sludge
|-heal|p1a: Empoleon|260\/372|[from] item: Leftovers
|turn|5
|join|Error403
|
|move|p2a: Roserade|Giga Drain|p1a: Empoleon
|-crit|p1a: Empoleon
|-damage|p1a: Empoleon|107\/372
|-heal|p2a: Roserade|323\/323|[from] drain|[of] p1a: Empoleon
|move|p1a: Empoleon|Defog|p2a: Roserade
|-unboost|p2a: Roserade|evasion|1
|-sideend|p1: Woodpile|Stealth Rock|[from] move: Defog|[of] p1a: Empoleon
|
|-heal|p1a: Empoleon|130\/372|[from] item: Leftovers
|turn|6
|leave|Error403
|
|switch|p1a: Snorlax|Snorlax, F|524\/524
|move|p2a: Roserade|Spikes|p1a: Snorlax
|-sidestart|p1: Woodpile|Spikes
|
|turn|7
|
|switch|p2a: Swampert|Swampert, F|369\/404
|move|p1a: Snorlax|Body Slam|p2a: Swampert
|-damage|p2a: Swampert|281\/404
|
|-heal|p2a: Swampert|306\/404|[from] item: Leftovers
|turn|8
|
|move|p2a: Swampert|Stealth Rock|p1a: Snorlax
|-sidestart|p1: Woodpile|move: Stealth Rock
|move|p1a: Snorlax|Body Slam|p2a: Swampert
|-damage|p2a: Swampert|221\/404
|
|-heal|p2a: Swampert|246\/404|[from] item: Leftovers
|turn|9
|
|move|p2a: Swampert|Scald|p1a: Snorlax
|-crit|p1a: Snorlax
|-damage|p1a: Snorlax|445\/524
|move|p1a: Snorlax|Curse|p1a: Snorlax
|-boost|p1a: Snorlax|atk|1
|-boost|p1a: Snorlax|def|1
|-unboost|p1a: Snorlax|spe|1
|
|-heal|p2a: Swampert|271\/404|[from] item: Leftovers
|-heal|p1a: Snorlax|477\/524|[from] item: Leftovers
|turn|10
|
|move|p1a: Snorlax|Curse|p1a: Snorlax
|-boost|p1a: Snorlax|atk|1
|-boost|p1a: Snorlax|def|1
|-unboost|p1a: Snorlax|spe|1
|move|p2a: Swampert|Roar|p1a: Snorlax
|drag|p1a: Florges|Florges, F|360\/360
|-damage|p1a: Florges|315\/360|[from] Stealth Rock
|-damage|p1a: Florges|270\/360|[from] Spikes
|
|-heal|p1a: Florges|292\/360|[from] item: Leftovers
|-heal|p2a: Swampert|296\/404|[from] item: Leftovers
|turn|11
|
|switch|p2a: Roserade|Roserade, F|323\/323
|move|p1a: Florges|Wish|p1a: Florges
|
|-heal|p1a: Florges|314\/360|[from] item: Leftovers
|turn|12
|
|switch|p1a: Honchkrow|Honchkrow, M|362\/362
|-damage|p1a: Honchkrow|272\/362|[from] Stealth Rock
|move|p2a: Roserade|Giga Drain|p1a: Honchkrow
|-resisted|p1a: Honchkrow
|-damage|p1a: Honchkrow|197\/362
|
|-heal|p1a: Honchkrow|362\/362|[from] move: Wish|[wisher] Florges
|turn|13
|
|switch|p2a: Jirachi|Jirachi|341\/341
|move|p1a: Honchkrow|Superpower|p2a: Jirachi
|-damage|p2a: Jirachi|168\/341
|-unboost|p1a: Honchkrow|atk|1
|-unboost|p1a: Honchkrow|def|1
|-damage|p1a: Honchkrow|326\/362|[from] item: Life Orb
|
|turn|14
|
|switch|p2a: Swampert|Swampert, F|296\/404
|switch|p1a: Snorlax|Snorlax, F|477\/524
|-damage|p1a: Snorlax|412\/524|[from] Stealth Rock
|-damage|p1a: Snorlax|347\/524|[from] Spikes
|
|-heal|p2a: Swampert|321\/404|[from] item: Leftovers
|-heal|p1a: Snorlax|379\/524|[from] item: Leftovers
|turn|15
|
|move|p2a: Swampert|Scald|p1a: Snorlax
|-damage|p1a: Snorlax|325\/524
|-status|p1a: Snorlax|brn
|move|p1a: Snorlax|Body Slam|p2a: Swampert
|-damage|p2a: Swampert|281\/404
|
|-heal|p2a: Swampert|306\/404|[from] item: Leftovers
|-heal|p1a: Snorlax|357\/524 brn|[from] item: Leftovers
|-damage|p1a: Snorlax|292\/524 brn|[from] brn
|turn|16
|
|switch|p2a: Roserade|Roserade, F|323\/323
|move|p1a: Snorlax|Rest|p1a: Snorlax
|-status|p1a: Snorlax|slp
|-heal|p1a: Snorlax|524\/524 slp|[silent]
|-status|p1a: Snorlax|slp|[from] move: Rest
|
|turn|17
|
|move|p2a: Roserade|Spikes|p1a: Snorlax
|-sidestart|p1: Woodpile|Spikes
|cant|p1a: Snorlax|slp
|move|p1a: Snorlax|Sleep Talk|p1a: Snorlax
|move|p1a: Snorlax|Curse|p1a: Snorlax|[from]Sleep Talk
|-boost|p1a: Snorlax|atk|1
|-boost|p1a: Snorlax|def|1
|-unboost|p1a: Snorlax|spe|1
|
|turn|18
|
|move|p2a: Roserade|Spikes|p1a: Snorlax
|-sidestart|p1: Woodpile|Spikes
|cant|p1a: Snorlax|slp
|move|p1a: Snorlax|Sleep Talk|p1a: Snorlax
|move|p1a: Snorlax|Body Slam|p2a: Roserade|[from]Sleep Talk
|-crit|p2a: Roserade
|-damage|p2a: Roserade|0 fnt
|faint|p2a: Roserade
|
|
|switch|p2a: Swampert|Swampert, F|306\/404
|turn|19
|
|-curestatus|p1a: Snorlax|slp
|move|p1a: Snorlax|Body Slam|p2a: Swampert
|-damage|p2a: Swampert|186\/404
|-status|p2a: Swampert|par
|move|p2a: Swampert|Roar|p1a: Snorlax
|drag|p1a: Honchkrow|Honchkrow, M|326\/362
|-damage|p1a: Honchkrow|236\/362|[from] Stealth Rock
|
|-heal|p2a: Swampert|211\/404 par|[from] item: Leftovers
|turn|20
|
|move|p1a: Honchkrow|Brave Bird|p2a: Swampert
|-damage|p2a: Swampert|26\/404 par
|-damage|p1a: Honchkrow|175\/362|[from] recoil|[of] p2a: Swampert
|-damage|p1a: Honchkrow|139\/362|[from] item: Life Orb
|move|p2a: Swampert|Scald|p1a: Honchkrow
|-crit|p1a: Honchkrow
|-damage|p1a: Honchkrow|0 fnt
|faint|p1a: Honchkrow
|
|-heal|p2a: Swampert|51\/404 par|[from] item: Leftovers
|
|switch|p1a: Empoleon|Empoleon, M|130\/372
|-damage|p1a: Empoleon|37\/372|[from] Spikes
|-damage|p1a: Empoleon|14\/372|[from] Stealth Rock
|turn|21
|c|âPPOB|im retard lol
|c|âPPOB|why am i so bad :[
|
|move|p1a: Empoleon|Defog|p2a: Swampert
|-unboost|p2a: Swampert|evasion|1
|-sideend|p1: Woodpile|Spikes|[from] move: Defog|[of] p1a: Empoleon
|-sideend|p1: Woodpile|Stealth Rock|[from] move: Defog|[of] p1a: Empoleon
|cant|p2a: Swampert|par
|
|-heal|p1a: Empoleon|37\/372|[from] item: Leftovers
|-heal|p2a: Swampert|76\/404 par|[from] item: Leftovers
|turn|22
|c|âWoodpile|me too :[ fren
|
|switch|p2a: Hydreigon|Hydreigon, M|325\/325
|move|p1a: Empoleon|Scald|p2a: Hydreigon
|-resisted|p2a: Hydreigon
|-damage|p2a: Hydreigon|236\/325
|-status|p2a: Hydreigon|brn
|
|-heal|p1a: Empoleon|60\/372|[from] item: Leftovers
|-damage|p2a: Hydreigon|196\/325 brn|[from] brn
|turn|23
|
|move|p2a: Hydreigon|Dark Pulse|p1a: Empoleon
|-damage|p1a: Empoleon|0 fnt
|-damage|p2a: Hydreigon|164\/325 brn|[from] item: Life Orb
|faint|p1a: Empoleon
|
|-damage|p2a: Hydreigon|124\/325 brn|[from] brn
|
|switch|p1a: Mienshao|Mienshao, F|271\/271
|turn|24
|
|switch|p2a: Florges|Florges, F|359\/359
|move|p1a: Mienshao|U-turn|p2a: Florges
|-resisted|p2a: Florges
|-damage|p2a: Florges|323\/359
|
|switch|p1a: Snorlax|Snorlax, F|524\/524
|
|-heal|p2a: Florges|345\/359|[from] item: Leftovers
|turn|25
|
|switch|p2a: Zygarde|Zygarde|404\/404
|-ability|p2a: Zygarde|Aura Break
|move|p1a: Snorlax|Body Slam|p2a: Zygarde
|-damage|p2a: Zygarde|316\/404
|
|-heal|p2a: Zygarde|341\/404|[from] item: Leftovers
|turn|26
|
|move|p2a: Zygarde|Substitute|p2a: Zygarde
|-start|p2a: Zygarde|Substitute
|-damage|p2a: Zygarde|240\/404
|move|p1a: Snorlax|Body Slam|p2a: Zygarde
|-activate|p2a: Zygarde|Substitute|[damage]
|
|-heal|p2a: Zygarde|265\/404|[from] item: Leftovers
|turn|27
|
|switch|p1a: Florges|Florges, F|314\/360
|move|p2a: Zygarde|Coil|p2a: Zygarde
|-boost|p2a: Zygarde|atk|1
|-boost|p2a: Zygarde|def|1
|-boost|p2a: Zygarde|accuracy|1
|
|-heal|p2a: Zygarde|290\/404|[from] item: Leftovers
|-heal|p1a: Florges|336\/360|[from] item: Leftovers
|turn|28
|c|âPPOB|needed the hazards up
|c|âPPOB|fuck
|
|move|p2a: Zygarde|Earthquake|p1a: Florges
|-damage|p1a: Florges|152\/360
|move|p1a: Florges|Moonblast|p2a: Zygarde
|-supereffective|p2a: Zygarde
|-end|p2a: Zygarde|Substitute
|
|-heal|p2a: Zygarde|315\/404|[from] item: Leftovers
|-heal|p1a: Florges|174\/360|[from] item: Leftovers
|turn|29
|
|move|p2a: Zygarde|Substitute|p2a: Zygarde
|-start|p2a: Zygarde|Substitute
|-damage|p2a: Zygarde|214\/404
|move|p1a: Florges|Moonblast|p2a: Zygarde
|-supereffective|p2a: Zygarde
|-end|p2a: Zygarde|Substitute
|
|-heal|p2a: Zygarde|239\/404|[from] item: Leftovers
|-heal|p1a: Florges|196\/360|[from] item: Leftovers
|turn|30
|
|switch|p2a: Jirachi|Jirachi|168\/341
|move|p1a: Florges|Moonblast|p2a: Jirachi
|-resisted|p2a: Jirachi
|-damage|p2a: Jirachi|103\/341
|
|-heal|p1a: Florges|218\/360|[from] item: Leftovers
|turn|31
|
|move|p1a: Florges|Protect|p1a: Florges
|-singleturn|p1a: Florges|Protect
|move|p2a: Jirachi|Iron Head|p1a: Florges
|-activate|p1a: Florges|Protect
|
|-heal|p1a: Florges|240\/360|[from] item: Leftovers
|turn|32
|
|switch|p1a: Mienshao|Mienshao, F|271\/271
|move|p2a: Jirachi|Iron Head|p1a: Mienshao
|-damage|p1a: Mienshao|88\/271
|
|turn|33
|
|switch|p2a: Florges|Florges, F|345\/359
|move|p1a: Mienshao|High Jump Kick|p2a: Florges
|-resisted|p2a: Florges
|-damage|p2a: Florges|229\/359
|
|-heal|p2a: Florges|251\/359|[from] item: Leftovers
|turn|34
|
|switch|p1a: Snorlax|Snorlax, F|524\/524
|move|p2a: Florges|Wish|p2a: Florges
|
|-heal|p2a: Florges|273\/359|[from] item: Leftovers
|turn|35
|
|switch|p2a: Swampert|Swampert, F|76\/404 par
|switch|p1a: Mienshao|Mienshao, F|88\/271
|
|-heal|p2a: Swampert|255\/404 par|[from] move: Wish|[wisher] Florges
|-heal|p2a: Swampert|280\/404 par|[from] item: Leftovers
|turn|36
|
|move|p1a: Mienshao|U-turn|p2a: Swampert
|-damage|p2a: Swampert|220\/404 par
|
|switch|p1a: Sceptile|Sceptile-Mega, F|211\/281
|move|p2a: Swampert|Stealth Rock|p1a: Sceptile
|-sidestart|p1: Woodpile|move: Stealth Rock
|
|-heal|p2a: Swampert|245\/404 par|[from] item: Leftovers
|turn|37
|
|switch|p2a: Hydreigon|Hydreigon, M|124\/325 brn
|move|p1a: Sceptile|Leaf Storm|p2a: Hydreigon|[miss]
|-miss|p1a: Sceptile|p2a: Hydreigon
|
|-damage|p2a: Hydreigon|84\/325 brn|[from] brn
|turn|38
|
|switch|p1a: Snorlax|Snorlax, F|524\/524
|-damage|p1a: Snorlax|459\/524|[from] Stealth Rock
|move|p2a: Hydreigon|Dark Pulse|p1a: Snorlax
|-damage|p1a: Snorlax|338\/524
|-damage|p2a: Hydreigon|52\/325 brn|[from] item: Life Orb
|
|-heal|p1a: Snorlax|370\/524|[from] item: Leftovers
|-damage|p2a: Hydreigon|12\/325 brn|[from] brn
|turn|39
|
|move|p2a: Hydreigon|Draco Meteor|p1a: Snorlax
|-damage|p1a: Snorlax|185\/524
|-unboost|p2a: Hydreigon|spa|2
|-damage|p2a: Hydreigon|0 fnt|[from] item: Life Orb
|faint|p2a: Hydreigon
|move|p1a: Snorlax|Rest|p1a: Snorlax
|-status|p1a: Snorlax|slp
|-heal|p1a: Snorlax|524\/524 slp|[silent]
|-status|p1a: Snorlax|slp|[from] move: Rest
|
|
|switch|p2a: Zygarde|Zygarde|239\/404
|-ability|p2a: Zygarde|Aura Break
|turn|40
|
|switch|p1a: Florges|Florges, F|240\/360
|-damage|p1a: Florges|195\/360|[from] Stealth Rock
|move|p2a: Zygarde|Substitute|p2a: Zygarde
|-start|p2a: Zygarde|Substitute
|-damage|p2a: Zygarde|138\/404
|
|-heal|p2a: Zygarde|163\/404|[from] item: Leftovers
|-heal|p1a: Florges|217\/360|[from] item: Leftovers
|turn|41
|
|move|p2a: Zygarde|Earthquake|p1a: Florges
|-damage|p1a: Florges|105\/360
|move|p1a: Florges|Moonblast|p2a: Zygarde
|-supereffective|p2a: Zygarde
|-end|p2a: Zygarde|Substitute
|
|-heal|p2a: Zygarde|188\/404|[from] item: Leftovers
|-heal|p1a: Florges|127\/360|[from] item: Leftovers
|turn|42
|
|switch|p2a: Jirachi|Jirachi|103\/341
|switch|p1a: Mienshao|Mienshao, F|88\/271
|-damage|p1a: Mienshao|72\/271|[from] Stealth Rock
|
|turn|43
|
|switch|p2a: Swampert|Swampert, F|245\/404 par
|move|p1a: Mienshao|High Jump Kick|p2a: Swampert
|-damage|p2a: Swampert|34\/404 par
|
|-heal|p2a: Swampert|59\/404 par|[from] item: Leftovers
|turn|44
|
|move|p1a: Mienshao|High Jump Kick|p2a: Swampert
|-damage|p2a: Swampert|0 fnt
|faint|p2a: Swampert
|
|
|switch|p2a: Florges|Florges, F|273\/359
|turn|45
|
|switch|p1a: Snorlax|Snorlax, F|524\/524 slp
|-damage|p1a: Snorlax|459\/524 slp|[from] Stealth Rock
|move|p2a: Florges|Wish|p2a: Florges
|
|-heal|p2a: Florges|295\/359|[from] item: Leftovers
|-heal|p1a: Snorlax|491\/524 slp|[from] item: Leftovers
|turn|46
|
|switch|p2a: Zygarde|Zygarde|188\/404
|-ability|p2a: Zygarde|Aura Break
|switch|p1a: Sceptile|Sceptile-Mega, F|211\/281
|-damage|p1a: Sceptile|176\/281|[from] Stealth Rock
|
|-heal|p2a: Zygarde|367\/404|[from] move: Wish|[wisher] Florges
|-heal|p2a: Zygarde|392\/404|[from] item: Leftovers
|turn|47
|
|switch|p2a: Florges|Florges, F|295\/359
|move|p1a: Sceptile|Leaf Storm|p2a: Florges
|-damage|p2a: Florges|136\/359
|-unboost|p1a: Sceptile|spa|2
|
|-heal|p2a: Florges|158\/359|[from] item: Leftovers
|turn|48
|
|switch|p1a: Snorlax|Snorlax, F|491\/524 slp
|-damage|p1a: Snorlax|426\/524 slp|[from] Stealth Rock
|switch|p2a: Zygarde|Zygarde|392\/404
|-ability|p2a: Zygarde|Aura Break
|
|-heal|p2a: Zygarde|404\/404|[from] item: Leftovers
|-heal|p1a: Snorlax|458\/524 slp|[from] item: Leftovers
|turn|49
|
|switch|p1a: Florges|Florges, F|127\/360
|-damage|p1a: Florges|82\/360|[from] Stealth Rock
|move|p2a: Zygarde|Substitute|p2a: Zygarde
|-start|p2a: Zygarde|Substitute
|-damage|p2a: Zygarde|303\/404
|
|-heal|p2a: Zygarde|328\/404|[from] item: Leftovers
|-heal|p1a: Florges|104\/360|[from] item: Leftovers
|turn|50
|
|move|p2a: Zygarde|Coil|p2a: Zygarde
|-boost|p2a: Zygarde|atk|1
|-boost|p2a: Zygarde|def|1
|-boost|p2a: Zygarde|accuracy|1
|move|p1a: Florges|Moonblast|p2a: Zygarde
|-supereffective|p2a: Zygarde
|-end|p2a: Zygarde|Substitute
|
|-heal|p2a: Zygarde|353\/404|[from] item: Leftovers
|-heal|p1a: Florges|126\/360|[from] item: Leftovers
|turn|51
|
|move|p2a: Zygarde|Earthquake|p1a: Florges
|-damage|p1a: Florges|0 fnt
|faint|p1a: Florges
|
|-heal|p2a: Zygarde|378\/404|[from] item: Leftovers
|
|switch|p1a: Sceptile|Sceptile-Mega, F|176\/281
|-damage|p1a: Sceptile|141\/281|[from] Stealth Rock
|turn|52
|
|move|p1a: Sceptile|Dragon Pulse|p2a: Zygarde
|-supereffective|p2a: Zygarde
|-damage|p2a: Zygarde|58\/404
|move|p2a: Zygarde|Dragon Tail|p1a: Sceptile
|-supereffective|p1a: Sceptile
|-damage|p1a: Sceptile|0 fnt
|faint|p1a: Sceptile
|
|-heal|p2a: Zygarde|83\/404|[from] item: Leftovers
|
|switch|p1a: Mienshao|Mienshao, F|72\/271
|-damage|p1a: Mienshao|56\/271|[from] Stealth Rock
|turn|53
|
|switch|p2a: Florges|Florges, F|158\/359
|move|p1a: Mienshao|High Jump Kick|p2a: Florges
|-resisted|p2a: Florges
|-damage|p2a: Florges|32\/359
|
|-heal|p2a: Florges|54\/359|[from] item: Leftovers
|turn|54
|
|move|p2a: Florges|Protect|p2a: Florges
|-singleturn|p2a: Florges|Protect
|move|p1a: Mienshao|High Jump Kick|p2a: Florges
|-activate|p2a: Florges|Protect
|-damage|p1a: Mienshao|0 fnt|[from] highjumpkick
|faint|p1a: Mienshao
|
|-heal|p2a: Florges|76\/359|[from] item: Leftovers
|c|âWoodpile|I'm so dumb
|
|switch|p1a: Snorlax|Snorlax, F|458\/524 slp
|-damage|p1a: Snorlax|393\/524 slp|[from] Stealth Rock
|turn|55
|
|switch|p2a: Jirachi|Jirachi|103\/341
|cant|p1a: Snorlax|slp
|move|p1a: Snorlax|Sleep Talk|p1a: Snorlax
|move|p1a: Snorlax|Body Slam|p2a: Jirachi|[from]Sleep Talk
|-resisted|p2a: Jirachi
|-damage|p2a: Jirachi|44\/341
|-status|p2a: Jirachi|par
|
|-heal|p1a: Snorlax|425\/524 slp|[from] item: Leftovers
|turn|56
|c|âPPOB|FUCK LOL
|c|âPPOB|THAT
|c|âPPOB|GIVE YOU
|c|âPPOB|THE GAME
|c|âPPOB|OMFG
|c|âPPOB|WHY PARA
|c|âPPOB|WHY
|c|âPPOB|this is fucking stupid
|c|âPPOB|gg anyway
|
|move|p2a: Jirachi|Healing Wish|p2a: Jirachi
|faint|p2a: Jirachi
|cant|p1a: Snorlax|slp
|move|p1a: Snorlax|Sleep Talk|p1a: Snorlax
|move|p1a: Snorlax|Rest|p1a: Snorlax|[from]Sleep Talk
|-fail|p1a: Snorlax
|
|-heal|p1a: Snorlax|457\/524 slp|[from] item: Leftovers
|c|âPPOB|oh
|c|âPPOB|outspeed
|c|âPPOB|anyway
|c|âPPOB|gg fren
|
|switch|p2a: Zygarde|Zygarde|83\/404
|-heal|p2a: Zygarde|404\/404|[from] move: Healing Wish
|-ability|p2a: Zygarde|Aura Break
|turn|57
|c|âPPOB|anyway
|c|âPPOB|do I win this?
|c|âWoodpile|gg
|c|âWoodpile|I think the first to crit?
|
|move|p2a: Zygarde|Substitute|p2a: Zygarde
|-start|p2a: Zygarde|Substitute
|-damage|p2a: Zygarde|303\/404
|-curestatus|p1a: Snorlax|slp
|move|p1a: Snorlax|Curse|p1a: Snorlax
|-boost|p1a: Snorlax|atk|1
|-boost|p1a: Snorlax|def|1
|-unboost|p1a: Snorlax|spe|1
|
|-heal|p2a: Zygarde|328\/404|[from] item: Leftovers
|-heal|p1a: Snorlax|489\/524|[from] item: Leftovers
|turn|58
|c|âPPOB|I have more chance of crit
|c|âPPOB|cause sub
|
|move|p2a: Zygarde|Coil|p2a: Zygarde
|-boost|p2a: Zygarde|atk|1
|-boost|p2a: Zygarde|def|1
|-boost|p2a: Zygarde|accuracy|1
|move|p1a: Snorlax|Curse|p1a: Snorlax
|-boost|p1a: Snorlax|atk|1
|-boost|p1a: Snorlax|def|1
|-unboost|p1a: Snorlax|spe|1
|
|-heal|p2a: Zygarde|353\/404|[from] item: Leftovers
|-heal|p1a: Snorlax|521\/524|[from] item: Leftovers
|turn|59
|c|âPPOB|idk
|c|âWoodpile|yeah I think it's in your favor
|
|move|p2a: Zygarde|Coil|p2a: Zygarde
|-boost|p2a: Zygarde|atk|1
|-boost|p2a: Zygarde|def|1
|-boost|p2a: Zygarde|accuracy|1
|move|p1a: Snorlax|Curse|p1a: Snorlax
|-boost|p1a: Snorlax|atk|1
|-boost|p1a: Snorlax|def|1
|-unboost|p1a: Snorlax|spe|1
|
|-heal|p2a: Zygarde|378\/404|[from] item: Leftovers
|-heal|p1a: Snorlax|524\/524|[from] item: Leftovers
|turn|60
|
|move|p2a: Zygarde|Coil|p2a: Zygarde
|-boost|p2a: Zygarde|atk|1
|-boost|p2a: Zygarde|def|1
|-boost|p2a: Zygarde|accuracy|1
|move|p1a: Snorlax|Curse|p1a: Snorlax
|-boost|p1a: Snorlax|atk|1
|-boost|p1a: Snorlax|def|1
|-unboost|p1a: Snorlax|spe|1
|
|-heal|p2a: Zygarde|403\/404|[from] item: Leftovers
|turn|61
|c|âPPOB|it was a great match anyway
|c|âWoodpile|for sure
|c|âWoodpile|the throws on both sides were great
|c|âWoodpile|:]
|c|âPPOB|:]
|
|move|p2a: Zygarde|Coil|p2a: Zygarde
|-boost|p2a: Zygarde|atk|1
|-boost|p2a: Zygarde|def|1
|-boost|p2a: Zygarde|accuracy|1
|move|p1a: Snorlax|Curse|p1a: Snorlax
|-boost|p1a: Snorlax|atk|1
|-boost|p1a: Snorlax|def|1
|-unboost|p1a: Snorlax|spe|1
|
|-heal|p2a: Zygarde|404\/404|[from] item: Leftovers
|turn|62
|
|move|p2a: Zygarde|Coil|p2a: Zygarde
|-boost|p2a: Zygarde|atk|1
|-boost|p2a: Zygarde|def|1
|-boost|p2a: Zygarde|accuracy|1
|move|p1a: Snorlax|Curse|p1a: Snorlax
|-boost|p1a: Snorlax|atk|1
|-boost|p1a: Snorlax|def|1
|-unboost|p1a: Snorlax|spe|1
|
|turn|63
|
|move|p2a: Zygarde|Coil|p2a: Zygarde
|-boost|p2a: Zygarde|atk|1
|-boost|p2a: Zygarde|def|1
|-boost|p2a: Zygarde|accuracy|1
|move|p1a: Snorlax|Body Slam|p2a: Zygarde
|-activate|p2a: Zygarde|Substitute|[damage]
|
|turn|64
|
|move|p1a: Snorlax|Body Slam|p2a: Zygarde
|-end|p2a: Zygarde|Substitute
|move|p2a: Zygarde|Dragon Tail|p1a: Snorlax
|-damage|p1a: Snorlax|424\/524
|
|-heal|p1a: Snorlax|456\/524|[from] item: Leftovers
|turn|65
|
|move|p2a: Zygarde|Substitute|p2a: Zygarde
|-start|p2a: Zygarde|Substitute
|-damage|p2a: Zygarde|303\/404
|move|p1a: Snorlax|Body Slam|p2a: Zygarde
|-activate|p2a: Zygarde|Substitute|[damage]
|
|-heal|p2a: Zygarde|328\/404|[from] item: Leftovers
|-heal|p1a: Snorlax|488\/524|[from] item: Leftovers
|turn|66
|
|move|p2a: Zygarde|Earthquake|p1a: Snorlax
|-damage|p1a: Snorlax|307\/524
|move|p1a: Snorlax|Body Slam|p2a: Zygarde
|-end|p2a: Zygarde|Substitute
|
|-heal|p2a: Zygarde|353\/404|[from] item: Leftovers
|-heal|p1a: Snorlax|339\/524|[from] item: Leftovers
|turn|67
|
|move|p2a: Zygarde|Earthquake|p1a: Snorlax
|-damage|p1a: Snorlax|182\/524
|move|p1a: Snorlax|Body Slam|p2a: Zygarde
|-damage|p2a: Zygarde|259\/404
|-status|p2a: Zygarde|par
|
|-heal|p2a: Zygarde|284\/404 par|[from] item: Leftovers
|-heal|p1a: Snorlax|214\/524|[from] item: Leftovers
|turn|68
|
|move|p2a: Zygarde|Earthquake|p1a: Snorlax
|-damage|p1a: Snorlax|58\/524
|move|p1a: Snorlax|Rest|p1a: Snorlax
|-status|p1a: Snorlax|slp
|-heal|p1a: Snorlax|524\/524 slp|[silent]
|-status|p1a: Snorlax|slp|[from] move: Rest
|
|-heal|p2a: Zygarde|309\/404 par|[from] item: Leftovers
|turn|69
|
|move|p2a: Zygarde|Substitute|p2a: Zygarde
|-start|p2a: Zygarde|Substitute
|-damage|p2a: Zygarde|208\/404 par
|cant|p1a: Snorlax|slp
|move|p1a: Snorlax|Sleep Talk|p1a: Snorlax
|move|p1a: Snorlax|Curse|p1a: Snorlax|[from]Sleep Talk
|
|-heal|p2a: Zygarde|233\/404 par|[from] item: Leftovers
|turn|70
|
|move|p2a: Zygarde|Earthquake|p1a: Snorlax
|-damage|p1a: Snorlax|353\/524 slp
|cant|p1a: Snorlax|slp
|move|p1a: Snorlax|Sleep Talk|p1a: Snorlax
|move|p1a: Snorlax|Body Slam|p2a: Zygarde|[from]Sleep Talk
|-end|p2a: Zygarde|Substitute
|
|-heal|p2a: Zygarde|258\/404 par|[from] item: Leftovers
|-heal|p1a: Snorlax|385\/524 slp|[from] item: Leftovers
|turn|71
|c|âPPOB|it sucks that may be I'm not reaching top 20 cause this  sittuation xD
|
|cant|p2a: Zygarde|par
|-curestatus|p1a: Snorlax|slp
|move|p1a: Snorlax|Body Slam|p2a: Zygarde
|-damage|p2a: Zygarde|171\/404 par
|
|-heal|p2a: Zygarde|196\/404 par|[from] item: Leftovers
|-heal|p1a: Snorlax|417\/524|[from] item: Leftovers
|turn|72
|
|move|p2a: Zygarde|Earthquake|p1a: Snorlax
|-damage|p1a: Snorlax|248\/524
|move|p1a: Snorlax|Body Slam|p2a: Zygarde
|-damage|p2a: Zygarde|94\/404 par
|
|-heal|p2a: Zygarde|119\/404 par|[from] item: Leftovers
|-heal|p1a: Snorlax|280\/524|[from] item: Leftovers
|turn|73
|c|âPPOB|anyway
|c|âPPOB|gg
|c|âPPOB|unless I crit here
|
|move|p2a: Zygarde|Earthquake|p1a: Snorlax
|-damage|p1a: Snorlax|99\/524
|move|p1a: Snorlax|Body Slam|p2a: Zygarde
|-damage|p2a: Zygarde|19\/404 par
|
|-heal|p2a: Zygarde|44\/404 par|[from] item: Leftovers
|-heal|p1a: Snorlax|131\/524|[from] item: Leftovers
|turn|74
|c|âPPOB|wait
|c|âPPOB|why
|c|âPPOB|no rest
|c|âWoodpile|wait
|c|âPPOB|lol
|c|âWoodpile|I fucked up
|c|âWoodpile|lol
|c|âWoodpile|haha
|c|âPPOB|well
|c|âWoodpile|:]
|c|âWoodpile|gg
|c|âPPOB|this is gonna be fun haha
|
|move|p2a: Zygarde|Earthquake|p1a: Snorlax
|-damage|p1a: Snorlax|0 fnt
|faint|p1a: Snorlax
|
|win|PPOB
|raw|Ladder updating...
|raw|Woodpile's rating: 1271 &rarr; <strong>1262<\/strong><br \/>(-9 for losing)
|raw|PPOB's rating: 1520 &rarr; <strong>1528<\/strong><br \/>(+8 for winning)
|c|âPPOB|gg
|c| Licor43|XDDDDD
|c|âWoodpile|gg
|c|âWoodpile|wp
|c| Licor43|el choke
|c| Licor43|rico rico
|c|âPPOB|wp :]