|join|what3
|join|bange
|player|p1|what3|1
|player|p2|bange|142
|gametype|singles
|gen|6
|tier|OU
|rated
|clearpoke
|poke|p1|Manectric, M
|poke|p1|Clefable, F
|poke|p1|Gengar, M
|poke|p1|Azumarill, M
|poke|p1|Thundurus, M
|poke|p1|Heatran, F
|poke|p2|Delphox, M
|poke|p2|Latias, F
|poke|p2|Skarmory, F
|poke|p2|Gyarados, M, shiny
|poke|p2|Sylveon, F, shiny
|poke|p2|Landorus, M
|rule|Swagger Clause: Swagger is banned
|rule|Baton Pass Clause: Limit one PokÃ©mon knowing Baton Pass
|rule|Sleep Clause Mod: Limit one foe put to sleep
|rule|Species Clause: Limit one of each PokÃ©mon
|rule|OHKO Clause: OHKO moves are banned
|rule|Moody Clause: Moody is banned
|rule|Evasion Moves Clause: Evasion moves are banned
|rule|Endless Battle Clause: Forcing endless battles is banned
|rule|HP Percentage Mod: HP is shown in percentages
|teampreview
|
|start
|switch|p1a: Heatran|Heatran, F|386\/386
|switch|p2a: Landorus|Landorus, M|320\/320
|-item|p1a: Heatran|Air Balloon
|turn|1
|
|move|p2a: Landorus|U-turn|p1a: Heatran
|-resisted|p1a: Heatran
|-damage|p1a: Heatran|366\/386
|-enditem|p1a: Heatran|Air Balloon
|
|switch|p2a: Latias|Latias, F|364\/364
|move|p1a: Heatran|Stealth Rock|p2a: Latias
|-sidestart|p2: bange|move: Stealth Rock
|
|turn|2
|
|switch|p1a: Azumarill|Azumarill, M|404\/404
|move|p2a: Latias|Defog|p1a: Azumarill
|-unboost|p1a: Azumarill|evasion|1
|-sideend|p2: bange|Stealth Rock|[from] move: Defog|[of] p2a: Latias
|
|turn|3
|
|switch|p2a: Skarmory|Skarmory, F|334\/334
|move|p1a: Azumarill|Belly Drum|p1a: Azumarill
|-damage|p1a: Azumarill|202\/404
|-setboost|p1a: Azumarill|atk|6|[from] move: Belly Drum
|-enditem|p1a: Azumarill|Sitrus Berry|[eat]
|-heal|p1a: Azumarill|303\/404|[from] item: Sitrus Berry
|
|turn|4
|
|move|p1a: Azumarill|Waterfall|p2a: Skarmory
|-activate|p2a: Skarmory|Sturdy
|-damage|p2a: Skarmory|1\/334
|-damage|p1a: Azumarill|236\/404|[from] item: Rocky Helmet|[of] p2a: Skarmory
|move|p2a: Skarmory|Counter|p1a: Azumarill
|-damage|p1a: Azumarill|0 fnt
|faint|p1a: Azumarill
|
|
|switch|p1a: Heatran|Heatran, F|366\/386
|turn|5
|
|move|p1a: Heatran|Stealth Rock|p2a: Skarmory
|-sidestart|p2: bange|move: Stealth Rock
|move|p2a: Skarmory|Stealth Rock|p1a: Heatran
|-sidestart|p1: what3|move: Stealth Rock
|
|turn|6
|
|switch|p2a: Latias|Latias, F|364\/364
|-damage|p2a: Latias|319\/364|[from] Stealth Rock
|move|p1a: Heatran|Roar|p2a: Latias
|drag|p2a: Landorus|Landorus, M|320\/320
|-damage|p2a: Landorus|280\/320|[from] Stealth Rock
|
|turn|7
|
|move|p2a: Landorus|U-turn|p1a: Heatran
|-resisted|p1a: Heatran
|-damage|p1a: Heatran|346\/386
|
|switch|p2a: Latias|Latias, F|319\/364
|-damage|p2a: Latias|274\/364|[from] Stealth Rock
|move|p1a: Heatran|Roar|p2a: Latias
|drag|p2a: Gyarados|Gyarados, M, shiny|332\/332
|-damage|p2a: Gyarados|249\/332|[from] Stealth Rock
|-ability|p2a: Gyarados|Intimidate|[of] p1a: Heatran
|-unboost|p1a: Heatran|atk|1
|
|turn|8
|
|detailschange|p2a: Gyarados|Gyarados-Mega, M, shiny
|message|Gyarados has Mega Evolved into Mega Gyarados!
|-ability|p2a: Gyarados|Mold Breaker
|move|p2a: Gyarados|Waterfall|p1a: Heatran
|-supereffective|p1a: Heatran
|-damage|p1a: Heatran|0 fnt
|faint|p1a: Heatran
|
|
|switch|p1a: Manectric|Manectric, M|281\/281
|-damage|p1a: Manectric|246\/281|[from] Stealth Rock
|turn|9
|
|switch|p2a: Sylveon|Sylveon, F, shiny|394\/394
|-damage|p2a: Sylveon|345\/394|[from] Stealth Rock
|detailschange|p1a: Manectric|Manectric-Mega, M
|message|Manectric has Mega Evolved into Mega Manectric!
|-ability|p1a: Manectric|Intimidate|[of] p2a: Sylveon
|-unboost|p2a: Sylveon|atk|1
|move|p1a: Manectric|Hidden Power|p2a: Sylveon
|-damage|p2a: Sylveon|292\/394
|
|-heal|p2a: Sylveon|316\/394|[from] item: Leftovers
|turn|10
|
|switch|p2a: Landorus|Landorus, M|280\/320
|-damage|p2a: Landorus|240\/320|[from] Stealth Rock
|move|p1a: Manectric|Volt Switch|p2a: Landorus
|-immune|p2a: Landorus|[msg]
|
|turn|11
|
|move|p2a: Landorus|Earthquake|p1a: Manectric
|-supereffective|p1a: Manectric
|-damage|p1a: Manectric|0 fnt
|faint|p1a: Manectric
|
|
|switch|p1a: Clefable|Clefable, F|394\/394
|turn|12
|
|switch|p2a: Delphox|Delphox, M|292\/292
|-damage|p2a: Delphox|219\/292|[from] Stealth Rock
|move|p1a: Clefable|Reflect|p1a: Clefable
|-sidestart|p1: what3|Reflect
|
|turn|13
|
|move|p2a: Delphox|Calm Mind|p2a: Delphox
|-boost|p2a: Delphox|spa|1
|-boost|p2a: Delphox|spd|1
|move|p1a: Clefable|Calm Mind|p1a: Clefable
|-boost|p1a: Clefable|spa|1
|-boost|p1a: Clefable|spd|1
|
|turn|14
|
|move|p2a: Delphox|Calm Mind|p2a: Delphox
|-boost|p2a: Delphox|spa|1
|-boost|p2a: Delphox|spd|1
|move|p1a: Clefable|Calm Mind|p1a: Clefable
|-boost|p1a: Clefable|spa|1
|-boost|p1a: Clefable|spd|1
|
|turn|15
|
|move|p2a: Delphox|Psyshock|p1a: Clefable
|-damage|p1a: Clefable|81\/394
|-damage|p2a: Delphox|190\/292|[from] item: Life Orb
|move|p1a: Clefable|Calm Mind|p1a: Clefable
|-boost|p1a: Clefable|spa|1
|-boost|p1a: Clefable|spd|1
|
|-heal|p1a: Clefable|105\/394|[from] item: Leftovers
|turn|16
|
|move|p2a: Delphox|Psyshock|p1a: Clefable
|-damage|p1a: Clefable|0 fnt
|-damage|p2a: Delphox|161\/292|[from] item: Life Orb
|faint|p1a: Clefable
|
|-sideend|p1: what3|Reflect
|
|switch|p1a: Gengar|Gengar, M|262\/262
|-damage|p1a: Gengar|230\/262|[from] Stealth Rock
|turn|17
|
|move|p1a: Gengar|Confuse Ray|p2a: Delphox
|-start|p2a: Delphox|confusion
|-activate|p2a: Delphox|confusion
|-damage|p2a: Delphox|132\/292|[from] confusion
|
|-heal|p1a: Gengar|246\/262|[from] item: Black Sludge
|turn|18
|
|move|p1a: Gengar|Substitute|p1a: Gengar
|-start|p1a: Gengar|Substitute
|-damage|p1a: Gengar|181\/262
|-activate|p2a: Delphox|confusion
|-damage|p2a: Delphox|101\/292|[from] confusion
|
|-heal|p1a: Gengar|197\/262|[from] item: Black Sludge
|turn|19
|
|move|p1a: Gengar|Shadow Ball|p2a: Delphox
|-supereffective|p2a: Delphox
|-damage|p2a: Delphox|0 fnt
|faint|p2a: Delphox
|
|-heal|p1a: Gengar|213\/262|[from] item: Black Sludge
|
|switch|p2a: Sylveon|Sylveon, F, shiny|316\/394
|-damage|p2a: Sylveon|267\/394|[from] Stealth Rock
|turn|20
|
|move|p1a: Gengar|Confuse Ray|p2a: Sylveon
|-start|p2a: Sylveon|confusion
|-activate|p2a: Sylveon|confusion
|-damage|p2a: Sylveon|246\/394|[from] confusion
|
|-heal|p1a: Gengar|229\/262|[from] item: Black Sludge
|-heal|p2a: Sylveon|270\/394|[from] item: Leftovers
|turn|21
|
|move|p1a: Gengar|Sludge Bomb|p2a: Sylveon
|-supereffective|p2a: Sylveon
|-damage|p2a: Sylveon|66\/394
|-activate|p2a: Sylveon|confusion
|-damage|p2a: Sylveon|46\/394|[from] confusion
|
|-heal|p1a: Gengar|245\/262|[from] item: Black Sludge
|-heal|p2a: Sylveon|70\/394|[from] item: Leftovers
|turn|22
|
|-end|p2a: Sylveon|confusion
|move|p2a: Sylveon|Protect|p2a: Sylveon
|-singleturn|p2a: Sylveon|Protect
|move|p1a: Gengar|Sludge Bomb|p2a: Sylveon
|-activate|p2a: Sylveon|Protect
|
|-heal|p1a: Gengar|261\/262|[from] item: Black Sludge
|-heal|p2a: Sylveon|94\/394|[from] item: Leftovers
|turn|23
|
|switch|p2a: Skarmory|Skarmory, F|1\/334
|-damage|p2a: Skarmory|0 fnt|[from] Stealth Rock
|faint|p2a: Skarmory
|move|p1a: Gengar|Shadow Ball|p2: Skarmory|[notarget]
|-notarget
|
|-heal|p1a: Gengar|262\/262|[from] item: Black Sludge
|
|switch|p2a: Latias|Latias, F|274\/364
|-damage|p2a: Latias|229\/364|[from] Stealth Rock
|turn|24
|
|move|p1a: Gengar|Shadow Ball|p2a: Latias
|-supereffective|p2a: Latias
|-damage|p2a: Latias|19\/364
|move|p2a: Latias|Psychic|p1a: Gengar
|-supereffective|p1a: Gengar
|-end|p1a: Gengar|Substitute
|
|turn|25
|
|move|p1a: Gengar|Shadow Ball|p2a: Latias
|-supereffective|p2a: Latias
|-damage|p2a: Latias|0 fnt
|faint|p2a: Latias
|
|
|switch|p2a: Gyarados|Gyarados-Mega, M, shiny|249\/332
|-damage|p2a: Gyarados|208\/332|[from] Stealth Rock
|-ability|p2a: Gyarados|Mold Breaker
|turn|26
|
|move|p1a: Gengar|Confuse Ray|p2a: Gyarados
|-start|p2a: Gyarados|confusion
|-activate|p2a: Gyarados|confusion
|-damage|p2a: Gyarados|155\/332|[from] confusion
|
|turn|27
|
|move|p1a: Gengar|Sludge Bomb|p2a: Gyarados
|-damage|p2a: Gyarados|23\/332
|-status|p2a: Gyarados|psn
|-end|p2a: Gyarados|confusion
|move|p2a: Gyarados|Waterfall|p1a: Gengar
|-damage|p1a: Gengar|9\/262
|
|-heal|p1a: Gengar|25\/262|[from] item: Black Sludge
|-damage|p2a: Gyarados|0 fnt|[from] psn
|faint|p2a: Gyarados
|
|switch|p2a: Landorus|Landorus, M|240\/320
|-damage|p2a: Landorus|200\/320|[from] Stealth Rock
|turn|28
|
|move|p2a: Landorus|Rock Slide|p1a: Gengar
|-damage|p1a: Gengar|0 fnt
|faint|p1a: Gengar
|
|
|switch|p1a: Thundurus|Thundurus, M|300\/300
|-damage|p1a: Thundurus|225\/300|[from] Stealth Rock
|turn|29
|
|move|p2a: Landorus|Rock Slide|p1a: Thundurus
|-supereffective|p1a: Thundurus
|-damage|p1a: Thundurus|0 fnt
|faint|p1a: Thundurus
|
|win|bange
|raw|Ladder updating...
|raw|what3's rating: 1559 &rarr; <strong>1540<\/strong><br \/>(-19 for losing)
|raw|bange's rating: 1590 &rarr; <strong>1608<\/strong><br \/>(+18 for winning)
|leave|what3
|player|p1