|join|Sir Spenc
|join|bange
|player|p1|Sir Spenc|293
|player|p2|bange|266
|gametype|singles
|tier|OU
|rated
|rule|Evasion Abilities Clause: Evasion abilities are banned
|clearpoke
|poke|p1|Blastoise, M
|poke|p1|Exploud, M, shiny
|poke|p1|Politoed, F, shiny
|poke|p1|Forretress, M
|poke|p1|Garchomp, M, shiny
|poke|p1|Conkeldurr, M
|poke|p2|Virizion, shiny
|poke|p2|Hydreigon, M
|poke|p2|Gliscor, M
|poke|p2|Tentacruel, F, shiny
|poke|p2|Absol, F
|poke|p2|Magmortar, M
|rule|Sleep Clause Mod: Limit one foe put to sleep
|rule|Species Clause: Limit one of each Pokemon
|rule|OHKO Clause: OHKO moves are banned
|rule|Moody Clause: Moody is banned
|rule|Evasion Moves Clause: Evasion moves are banned
|rule|HP Percentage Mod: HP is reported as percentages
|teampreview
|callback|decision
|
|start
|switch|p1a: Politoed|Politoed, F, shiny|384\/384
|switch|p2a: Virizion|Virizion, shiny|324\/324
|-weather|RainDance|[from] ability: Drizzle|[of] p1a: Politoed
|turn|1
|callback|decision
|
|move|p1a: Politoed|Protect|p1a: Politoed
|-singleturn|p1a: Politoed|Protect
|move|p2a: Virizion|Substitute|p2a: Virizion
|-start|p2a: Virizion|Substitute
|-damage|p2a: Virizion|243\/324
|
|-weather|RainDance|[upkeep]
|turn|2
|callback|decision
|
|move|p2a: Virizion|Leaf Blade|p1a: Politoed
|-supereffective|p1a: Politoed
|-damage|p1a: Politoed|0 fnt
|-damage|p2a: Virizion|211\/324|[from] item: Life Orb
|faint|p1a: Politoed
|
|-weather|RainDance|[upkeep]
|callback|decision
|
|switch|p1a: Garchomp|Garchomp, M, shiny|358\/358
|turn|3
|callback|decision
|
|move|p2a: Virizion|Close Combat|p1a: Garchomp
|-damage|p1a: Garchomp|114\/358
|-damage|p2a: Virizion|171\/324|[from] ability: Rough Skin|[of] p1a: Garchomp
|-unboost|p2a: Virizion|def|1
|-unboost|p2a: Virizion|spd|1
|-damage|p2a: Virizion|139\/324|[from] item: Life Orb
|move|p1a: Garchomp|Outrage|p2a: Virizion
|-end|p2a: Virizion|Substitute
|
|-weather|RainDance|[upkeep]
|turn|4
|callback|decision
|
|move|p2a: Virizion|Close Combat|p1a: Garchomp
|-damage|p1a: Garchomp|0 fnt
|-damage|p2a: Virizion|99\/324|[from] ability: Rough Skin|[of] p1a: Garchomp
|-unboost|p2a: Virizion|def|1
|-unboost|p2a: Virizion|spd|1
|-damage|p2a: Virizion|67\/324|[from] item: Life Orb
|faint|p1a: Garchomp
|
|-weather|RainDance|[upkeep]
|callback|decision
|
|switch|p1a: Conkeldurr|Conkeldurr, M|383\/383
|turn|5
|callback|decision
|
|switch|p2a: Tentacruel|Tentacruel, F, shiny|364\/364
|move|p1a: Conkeldurr|Mach Punch|p2a: Tentacruel
|-resisted|p2a: Tentacruel
|-damage|p2a: Tentacruel|301\/364
|
|-weather|RainDance|[upkeep]
|-heal|p2a: Tentacruel|323\/364|[from] item: Black Sludge
|-activate|p1a: Conkeldurr|item: Flame Orb
|-status|p1a: Conkeldurr|brn
|turn|6
|callback|decision
|
|move|p2a: Tentacruel|Scald|p1a: Conkeldurr
|-damage|p1a: Conkeldurr|238\/383 brn
|move|p1a: Conkeldurr|Facade|p2a: Tentacruel
|-damage|p2a: Tentacruel|0 fnt
|faint|p2a: Tentacruel
|
|-weather|RainDance|[upkeep]
|-damage|p1a: Conkeldurr|191\/383 brn|[from] brn
|callback|decision
|
|switch|p2a: Gliscor|Gliscor, M|354\/354
|turn|7
|callback|decision
|
|move|p2a: Gliscor|Protect|p2a: Gliscor
|-singleturn|p2a: Gliscor|Protect
|move|p1a: Conkeldurr|Facade|p2a: Gliscor
|-activate|p2a: Gliscor|Protect
|
|-weather|RainDance|[upkeep]
|-damage|p1a: Conkeldurr|144\/383 brn|[from] brn
|-activate|p2a: Gliscor|item: Toxic Orb
|-status|p2a: Gliscor|tox
|turn|8
|callback|decision
|
|move|p2a: Gliscor|Substitute|p2a: Gliscor
|-start|p2a: Gliscor|Substitute
|-damage|p2a: Gliscor|266\/354 tox
|move|p1a: Conkeldurr|Facade|p2a: Gliscor
|-end|p2a: Gliscor|Substitute
|
|-weather|RainDance|[upkeep]
|-heal|p2a: Gliscor|310\/354 tox|[from] ability: Poison Heal
|-damage|p1a: Conkeldurr|97\/383 brn|[from] brn
|turn|9
|callback|decision
|
|move|p2a: Gliscor|Protect|p2a: Gliscor
|-singleturn|p2a: Gliscor|Protect
|move|p1a: Conkeldurr|Facade|p2a: Gliscor
|-activate|p2a: Gliscor|Protect
|
|-weather|RainDance|[upkeep]
|-heal|p2a: Gliscor|354\/354 tox|[from] ability: Poison Heal
|-damage|p1a: Conkeldurr|50\/383 brn|[from] brn
|turn|10
|callback|decision
|
|move|p2a: Gliscor|Earthquake|p1a: Conkeldurr
|-damage|p1a: Conkeldurr|0 fnt
|faint|p1a: Conkeldurr
|
|-weather|RainDance|[upkeep]
|callback|decision
|
|switch|p1a: Blastoise|Blastoise, M|300\/300
|turn|11
|callback|decision
|
|move|p2a: Gliscor|Protect|p2a: Gliscor
|-singleturn|p2a: Gliscor|Protect
|move|p1a: Blastoise|Water Spout|p2a: Gliscor
|-activate|p2a: Gliscor|Protect
|
|-weather|RainDance|[upkeep]
|turn|12
|callback|decision
|
|switch|p1a: Forretress|Forretress, M|354\/354
|switch|p2a: Absol|Absol, F|271\/271
|
|-weather|RainDance|[upkeep]
|turn|13
|callback|decision
|
|move|p2a: Absol|Fire Blast|p1a: Forretress
|-supereffective|p1a: Forretress
|-damage|p1a: Forretress|110\/354
|move|p1a: Forretress|Toxic Spikes|p2a: Absol
|-sidestart|p2: bange|move: Toxic Spikes
|
|-weather|RainDance|[upkeep]
|-heal|p1a: Forretress|132\/354|[from] item: Leftovers
|turn|14
|callback|decision
|
|move|p2a: Absol|Fire Blast|p1a: Forretress
|-crit|p1a: Forretress
|-supereffective|p1a: Forretress
|-damage|p1a: Forretress|0 fnt
|faint|p1a: Forretress
|
|-weather|RainDance|[upkeep]
|callback|decision
|
|switch|p1a: Blastoise|Blastoise, M|300\/300
|turn|15
|callback|decision
|
|move|p2a: Absol|Sucker Punch|p1a: Blastoise
|-damage|p1a: Blastoise|144\/300
|move|p1a: Blastoise|Water Spout|p2a: Absol
|-crit|p2a: Absol
|-enditem|p2a: Absol|Focus Sash
|-damage|p2a: Absol|1\/271
|
|-weather|RainDance|[upkeep]
|turn|16
|callback|decision
|
|switch|p1a: Exploud|Exploud, M, shiny|412\/412
|move|p2a: Absol|Sucker Punch|p1a: Exploud
|-fail|p1a: Exploud
|
|-weather|RainDance|[upkeep]
|turn|17
|callback|decision
|
|move|p2a: Absol|Superpower|p1a: Exploud
|-supereffective|p1a: Exploud
|-damage|p1a: Exploud|0 fnt
|-unboost|p2a: Absol|atk|1
|-unboost|p2a: Absol|def|1
|faint|p1a: Exploud
|
|-weather|RainDance|[upkeep]
|callback|decision
|
|switch|p1a: Blastoise|Blastoise, M|144\/300
|turn|18
|callback|decision
|
|move|p2a: Absol|Sucker Punch|p1a: Blastoise
|-damage|p1a: Blastoise|45\/300
|move|p1a: Blastoise|Ice Beam|p2a: Absol
|-damage|p2a: Absol|0 fnt
|faint|p2a: Absol
|
|-weather|RainDance|[upkeep]
|callback|decision
|
|switch|p2a: Magmortar|Magmortar, M|292\/292
|-item|p2a: Magmortar|Air Balloon
|turn|19
|callback|decision
|
|move|p1a: Blastoise|Ice Beam|p2a: Magmortar
|-resisted|p2a: Magmortar
|-damage|p2a: Magmortar|246\/292
|-enditem|p2a: Magmortar|Air Balloon
|move|p2a: Magmortar|Thunderbolt|p1a: Blastoise
|-supereffective|p1a: Blastoise
|-damage|p1a: Blastoise|0 fnt
|faint|p1a: Blastoise
|
|win|bange
|raw|Ladder updating...
|raw|Sir Spenc's rating: 1473 &rarr; <strong>1471<\/strong><br \/>(-2 for losing)
|raw|bange's rating: 1618 &rarr; <strong>1623<\/strong><br \/>(+5 for winning)
|chat|Sir Spenc|gg
|leave|Sir Spenc
|player|p1