|join|bange
|join|3e332
|player|p1|bange|102
|player|p2|3e332|265
|gametype|singles
|tier|OU
|rated
|rule|Evasion Abilities Clause: Evasion abilities are banned
|clearpoke
|poke|p1|Jolteon, F
|poke|p1|Amoonguss, M
|poke|p1|Slowbro, M
|poke|p1|Conkeldurr, M, shiny
|poke|p1|Terrakion
|poke|p1|Umbreon, F, shiny
|poke|p2|Politoed, M
|poke|p2|Keldeo-Resolute
|poke|p2|Tornadus, M
|poke|p2|Scizor, F
|poke|p2|Rotom-Wash
|poke|p2|Landorus-Therian, M
|rule|Sleep Clause: Limit one foe put to sleep
|rule|Species Clause: Limit one of each Pokemon
|rule|OHKO Clause: OHKO moves are banned
|rule|Moody Clause: Moody is banned
|rule|Evasion Moves Clause: Evasion moves are banned
|teampreview
|callback|decision
|
|start
|switch|p1a: Jolteon|Jolteon, F|272\/272
|switch|p2a: Politoed|Politoed, M|322\/322
|-weather|RainDance|[from] ability: Drizzle|[of] p2a: Politoed
|turn|1
|callback|decision
|
|switch|p2a: Rotom-Wash|Rotom-Wash|241\/241
|move|p1a: Jolteon|Thunder|p2a: Rotom-Wash
|-damage|p2a: Rotom-Wash|31\/241
|
|-weather|RainDance|[upkeep]
|turn|2
|callback|decision
|
|move|p1a: Jolteon|Thunder|p2a: Rotom-Wash
|-damage|p2a: Rotom-Wash|0 fnt
|faint|p2a: Rotom-Wash
|
|-weather|RainDance|[upkeep]
|callback|decision
|
|switch|p2a: Landorus-Therian|Landorus-Therian, M|382\/382
|-ability|p2a: Landorus-Therian|Intimidate|[of] p1a: Jolteon
|-unboost|p1a: Jolteon|atk|1
|turn|3
|callback|decision
|
|switch|p1a: Slowbro|Slowbro, M|394\/394
|move|p2a: Landorus-Therian|Stealth Rock|p1a: Slowbro
|-sidestart|p1: bange|move: Stealth Rock
|
|-weather|RainDance|[upkeep]
|turn|4
|callback|decision
|
|move|p2a: Landorus-Therian|U-turn|p1a: Slowbro
|-supereffective|p1a: Slowbro
|-damage|p1a: Slowbro|270\/394
|-damage|p2a: Landorus-Therian|319\/382|[from] item: Rocky Helmet|[of] p1a: Slowbro
|callback|decision
|
|switch|p2a: Politoed|Politoed, M|322\/322
|move|p1a: Slowbro|Thunder Wave|p2a: Politoed
|-status|p2a: Politoed|par
|
|-weather|RainDance|[upkeep]
|turn|5
|callback|decision
|
|switch|p1a: Amoonguss|Amoonguss, M|432\/432
|-damage|p1a: Amoonguss|378\/432|[from] Stealth Rock
|move|p2a: Politoed|Ice Beam|p1a: Amoonguss
|-supereffective|p1a: Amoonguss
|-damage|p1a: Amoonguss|180\/432
|-status|p1a: Amoonguss|frz
|
|-weather|RainDance|[upkeep]
|-heal|p1a: Amoonguss|207\/432 frz|[from] item: Black Sludge
|turn|6
|callback|decision
|
|switch|p1a: Slowbro|Slowbro, M|394\/394
|-damage|p1a: Slowbro|345\/394|[from] Stealth Rock
|switch|p2a: Tornadus|Tornadus, M|300\/300
|
|-weather|RainDance|[upkeep]
|turn|7
|callback|decision
|
|move|p2a: Tornadus|Hurricane|p1a: Slowbro
|-damage|p1a: Slowbro|0 fnt
|faint|p1a: Slowbro
|
|-weather|RainDance|[upkeep]
|callback|decision
|
|switch|p1a: Jolteon|Jolteon, F|272\/272
|-damage|p1a: Jolteon|238\/272|[from] Stealth Rock
|turn|8
|callback|decision
|
|switch|p2a: Landorus-Therian|Landorus-Therian, M|319\/382
|-ability|p2a: Landorus-Therian|Intimidate|[of] p1a: Jolteon
|-unboost|p1a: Jolteon|atk|1
|move|p1a: Jolteon|Hidden Power|p2a: Landorus-Therian
|-supereffective|p2a: Landorus-Therian
|-damage|p2a: Landorus-Therian|0 fnt
|faint|p2a: Landorus-Therian
|
|-weather|RainDance|[upkeep]
|callback|decision
|
|switch|p2a: Tornadus|Tornadus, M|300\/300
|turn|9
|callback|decision
|
|switch|p1a: Umbreon|Umbreon, F, shiny|394\/394
|-damage|p1a: Umbreon|345\/394|[from] Stealth Rock
|move|p2a: Tornadus|Hurricane|p1a: Umbreon
|-damage|p1a: Umbreon|114\/394
|
|-weather|RainDance|[upkeep]
|-heal|p1a: Umbreon|138\/394|[from] item: Leftovers
|turn|10
|callback|decision
|
|move|p2a: Tornadus|Hurricane|p1a: Umbreon
|-crit|p1a: Umbreon
|-damage|p1a: Umbreon|0 fnt
|faint|p1a: Umbreon
|
|-weather|RainDance|[upkeep]
|callback|decision
|
|switch|p1a: Jolteon|Jolteon, F|238\/272
|-damage|p1a: Jolteon|204\/272|[from] Stealth Rock
|turn|11
|callback|decision
|
|switch|p2a: Politoed|Politoed, M|322\/322 par
|move|p1a: Jolteon|Thunder|p2a: Politoed
|-supereffective|p2a: Politoed
|-damage|p2a: Politoed|0 fnt
|faint|p2a: Politoed
|
|-weather|RainDance|[upkeep]
|callback|decision
|
|switch|p2a: Scizor|Scizor, F|344\/344
|turn|12
|callback|decision
|
|switch|p1a: Amoonguss|Amoonguss, M|351\/432 frz
|-damage|p1a: Amoonguss|297\/432 frz|[from] Stealth Rock
|move|p2a: Scizor|U-turn|p1a: Amoonguss
|-damage|p1a: Amoonguss|72\/432 frz
|callback|decision
|
|switch|p2a: Keldeo-Resolute|Keldeo-Resolute|323\/323
|
|-weather|RainDance|[upkeep]
|-heal|p1a: Amoonguss|99\/432 frz|[from] item: Black Sludge
|turn|13
|callback|decision
|
|move|p2a: Keldeo-Resolute|Substitute|p2a: Keldeo-Resolute
|-start|p2a: Keldeo-Resolute|Substitute
|-damage|p2a: Keldeo-Resolute|243\/323
|cant|p1a: Amoonguss|frz
|
|-weather|RainDance|[upkeep]
|-heal|p1a: Amoonguss|126\/432 frz|[from] item: Black Sludge
|turn|14
|callback|decision
|
|move|p2a: Keldeo-Resolute|Hidden Power|p1a: Amoonguss
|-supereffective|p1a: Amoonguss
|-damage|p1a: Amoonguss|0 fnt
|-damage|p2a: Keldeo-Resolute|211\/323|[from] item: Life Orb
|faint|p1a: Amoonguss
|
|-weather|RainDance|[upkeep]
|callback|decision
|
|switch|p1a: Jolteon|Jolteon, F|204\/272
|-damage|p1a: Jolteon|170\/272|[from] Stealth Rock
|turn|15
|callback|decision
|
|move|p1a: Jolteon|Volt Switch|p2a: Keldeo-Resolute
|-supereffective|p2a: Keldeo-Resolute
|-end|p2a: Keldeo-Resolute|Substitute
|callback|decision
|
|switch|p1a: Terrakion|Terrakion|324\/324
|-damage|p1a: Terrakion|304\/324|[from] Stealth Rock
|move|p2a: Keldeo-Resolute|Surf|p1a: Terrakion
|-supereffective|p1a: Terrakion
|-damage|p1a: Terrakion|0 fnt
|-damage|p2a: Keldeo-Resolute|179\/323|[from] item: Life Orb
|faint|p1a: Terrakion
|
|-weather|RainDance|[upkeep]
|callback|decision
|
|switch|p1a: Jolteon|Jolteon, F|170\/272
|-damage|p1a: Jolteon|136\/272|[from] Stealth Rock
|turn|16
|callback|decision
|
|move|p1a: Jolteon|Thunder|p2a: Keldeo-Resolute
|-supereffective|p2a: Keldeo-Resolute
|-damage|p2a: Keldeo-Resolute|0 fnt
|faint|p2a: Keldeo-Resolute
|
|-weather|RainDance|[upkeep]
|callback|decision
|
|switch|p2a: Scizor|Scizor, F|344\/344
|turn|17
|callback|decision
|
|move|p1a: Jolteon|Thunder|p2a: Scizor
|-damage|p2a: Scizor|106\/344
|-status|p2a: Scizor|par
|cant|p2a: Scizor|par
|
|-weather|RainDance|[upkeep]
|turn|18
|callback|decision
|
|move|p2a: Scizor|Bullet Punch|p1a: Jolteon
|-resisted|p1a: Jolteon
|-damage|p1a: Jolteon|13\/272
|move|p1a: Jolteon|Thunder|p2a: Scizor
|-damage|p2a: Scizor|0 fnt
|faint|p2a: Scizor
|
|-weather|RainDance|[upkeep]
|callback|decision
|
|switch|p2a: Tornadus|Tornadus, M|300\/300
|turn|19
|callback|decision
|
|move|p1a: Jolteon|Thunder|p2a: Tornadus
|-supereffective|p2a: Tornadus
|-damage|p2a: Tornadus|0 fnt
|faint|p2a: Tornadus
|
|win|bange
|raw|Ladder updating...
|raw|bange's rating: 1618 &rarr; <strong>1635<\/strong><br \/>(+17 for winning)
|raw|3e332's rating: 1671 &rarr; <strong>1668<\/strong><br \/>(-3 for losing)