|join|bange
|join|Yoghurts
|player|p1|bange|142
|player|p2|Yoghurts|238
|gametype|singles
|gen|6
|tier|OU
|rated
|clearpoke
|poke|p1|Delphox, M
|poke|p1|Latias, F
|poke|p1|Skarmory, F
|poke|p1|Gyarados, M, shiny
|poke|p1|Sylveon, F, shiny
|poke|p1|Landorus, M
|poke|p2|Latios, M
|poke|p2|Rotom-Wash, shiny
|poke|p2|Heatran, F
|poke|p2|Thundurus, M
|poke|p2|Landorus-Therian, M
|poke|p2|Scizor, M
|rule|Swagger Clause: Swagger is banned
|rule|Baton Pass Clause: Limit one PokÃ©mon knowing Baton Pass
|rule|Sleep Clause Mod: Limit one foe put to sleep
|rule|Species Clause: Limit one of each PokÃ©mon
|rule|OHKO Clause: OHKO moves are banned
|rule|Moody Clause: Moody is banned
|rule|Evasion Moves Clause: Evasion moves are banned
|rule|Endless Battle Clause: Forcing endless battles is banned
|rule|HP Percentage Mod: HP is shown in percentages
|teampreview
|
|start
|switch|p1a: Landorus|Landorus, M|320\/320
|switch|p2a: Calgon|Rotom-Wash, shiny|304\/304
|turn|1
|
|move|p1a: Landorus|U-turn|p2a: Calgon
|-damage|p2a: Calgon|230\/304
|
|switch|p1a: Latias|Latias, F|364\/364
|move|p2a: Calgon|Will-O-Wisp|p1a: Latias|[miss]
|-miss|p2a: Calgon|p1a: Latias
|
|turn|2
|
|move|p1a: Latias|Psychic|p2a: Calgon
|-damage|p2a: Calgon|154\/304
|-unboost|p2a: Calgon|spd|1
|move|p2a: Calgon|Will-O-Wisp|p1a: Latias
|-status|p1a: Latias|brn
|
|-damage|p1a: Latias|319\/364 brn|[from] brn
|turn|3
|
|switch|p1a: Landorus|Landorus, M|320\/320
|switch|p2a: Demon D|Heatran, F|386\/386
|
|turn|4
|
|switch|p2a: Banshee|Landorus-Therian, M|382\/382
|-ability|p2a: Banshee|Intimidate|[of] p1a: Landorus
|-unboost|p1a: Landorus|atk|1
|move|p1a: Landorus|U-turn|p2a: Banshee
|-resisted|p2a: Banshee
|-damage|p2a: Banshee|358\/382
|
|switch|p1a: Gyarados|Gyarados, M, shiny|332\/332
|-ability|p1a: Gyarados|Intimidate|[of] p2a: Banshee
|-unboost|p2a: Banshee|atk|1
|
|-heal|p2a: Banshee|381\/382|[from] item: Leftovers
|turn|5
|
|move|p1a: Gyarados|Dragon Dance|p1a: Gyarados
|-boost|p1a: Gyarados|atk|1
|-boost|p1a: Gyarados|spe|1
|move|p2a: Banshee|U-turn|p1a: Gyarados
|-resisted|p1a: Gyarados
|-damage|p1a: Gyarados|302\/332
|
|switch|p2a: Calgon|Rotom-Wash, shiny|154\/304
|
|turn|6
|
|detailschange|p1a: Gyarados|Gyarados-Mega, M, shiny
|message|Gyarados has Mega Evolved into Mega Gyarados!
|-ability|p1a: Gyarados|Mold Breaker
|move|p1a: Gyarados|Earthquake|p2a: Calgon
|-crit|p2a: Calgon
|-supereffective|p2a: Calgon
|-damage|p2a: Calgon|0 fnt
|faint|p2a: Calgon
|
|
|switch|p2a: Havocc|Thundurus, M|300\/300
|turn|7
|
|move|p1a: Gyarados|Waterfall|p2a: Havocc
|-damage|p2a: Havocc|0 fnt
|faint|p2a: Havocc
|
|
|switch|p2a: Banshee|Landorus-Therian, M|381\/382
|-ability|p2a: Banshee|Intimidate|[of] p1a: Gyarados
|-unboost|p1a: Gyarados|atk|1
|turn|8
|
|switch|p2a: Hysteria|Latios, M|302\/302
|move|p1a: Gyarados|Waterfall|p2a: Hysteria
|-resisted|p2a: Hysteria
|-damage|p2a: Hysteria|183\/302
|
|turn|9
|
|switch|p2a: Banshee|Landorus-Therian, M|381\/382
|-ability|p2a: Banshee|Intimidate|[of] p1a: Gyarados
|-unboost|p1a: Gyarados|atk|1
|move|p1a: Gyarados|Earthquake|p2a: Banshee
|-immune|p2a: Banshee|[msg]
|
|-heal|p2a: Banshee|382\/382|[from] item: Leftovers
|turn|10
|
|switch|p1a: Skarmory|Skarmory, F|334\/334
|move|p2a: Banshee|U-turn|p1a: Skarmory
|-resisted|p1a: Skarmory
|-damage|p1a: Skarmory|324\/334
|-damage|p2a: Banshee|319\/382|[from] item: Rocky Helmet|[of] p1a: Skarmory
|
|switch|p2a: Demon D|Heatran, F|386\/386
|
|turn|11
|
|switch|p1a: Sylveon|Sylveon, F, shiny|394\/394
|move|p2a: Demon D|Lava Plume|p1a: Sylveon
|-damage|p1a: Sylveon|318\/394
|
|-heal|p1a: Sylveon|342\/394|[from] item: Leftovers
|turn|12
|
|move|p2a: Demon D|Toxic|p1a: Sylveon
|-status|p1a: Sylveon|tox
|move|p1a: Sylveon|Heal Bell|p1a: Sylveon
|-cureteam|p1a: Sylveon|[from] move: HealBell
|
|-heal|p1a: Sylveon|366\/394|[from] item: Leftovers
|turn|13
|
|switch|p1a: Landorus|Landorus, M|320\/320
|move|p2a: Demon D|Lava Plume|p1a: Landorus
|-damage|p1a: Landorus|188\/320
|
|turn|14
|
|move|p1a: Landorus|U-turn|p2a: Demon D
|-resisted|p2a: Demon D
|-damage|p2a: Demon D|369\/386
|
|switch|p1a: Gyarados|Gyarados-Mega, M, shiny|302\/332
|-ability|p1a: Gyarados|Mold Breaker
|move|p2a: Demon D|Lava Plume|p1a: Gyarados
|-resisted|p1a: Gyarados
|-damage|p1a: Gyarados|251\/332
|
|-heal|p2a: Demon D|386\/386|[from] item: Leftovers
|turn|15
|
|move|p1a: Gyarados|Dragon Dance|p1a: Gyarados
|-boost|p1a: Gyarados|atk|1
|-boost|p1a: Gyarados|spe|1
|move|p2a: Demon D|Toxic|p1a: Gyarados
|-status|p1a: Gyarados|tox
|
|-damage|p1a: Gyarados|231\/332 tox|[from] psn
|turn|16
|
|move|p2a: Demon D|Protect|p2a: Demon D
|-singleturn|p2a: Demon D|Protect
|move|p1a: Gyarados|Waterfall|p2a: Demon D
|-activate|p2a: Demon D|Protect
|
|-damage|p1a: Gyarados|191\/332 tox|[from] psn
|turn|17
|
|switch|p2a: Banshee|Landorus-Therian, M|319\/382
|-ability|p2a: Banshee|Intimidate|[of] p1a: Gyarados
|-unboost|p1a: Gyarados|atk|1
|move|p1a: Gyarados|Earthquake|p2a: Banshee
|-immune|p2a: Banshee|[msg]
|
|-heal|p2a: Banshee|342\/382|[from] item: Leftovers
|-damage|p1a: Gyarados|131\/332 tox|[from] psn
|turn|18
|
|switch|p1a: Sylveon|Sylveon, F, shiny|366\/394
|switch|p2a: Hysteria|Latios, M|183\/302
|
|-heal|p1a: Sylveon|390\/394|[from] item: Leftovers
|turn|19
|
|switch|p2a: Demon D|Heatran, F|386\/386
|move|p1a: Sylveon|Protect|p1a: Sylveon
|-fail|p1a: Sylveon
|
|-heal|p1a: Sylveon|394\/394|[from] item: Leftovers
|turn|20
|
|move|p2a: Demon D|Lava Plume|p1a: Sylveon
|-damage|p1a: Sylveon|310\/394
|-status|p1a: Sylveon|brn
|move|p1a: Sylveon|Heal Bell|p1a: Sylveon
|-cureteam|p1a: Sylveon|[from] move: HealBell
|
|-heal|p1a: Sylveon|334\/394|[from] item: Leftovers
|turn|21
|
|move|p2a: Demon D|Toxic|p1a: Sylveon
|-status|p1a: Sylveon|tox
|move|p1a: Sylveon|Wish|p1a: Sylveon
|
|-heal|p1a: Sylveon|358\/394 tox|[from] item: Leftovers
|-damage|p1a: Sylveon|334\/394 tox|[from] psn
|turn|22
|
|switch|p1a: Gyarados|Gyarados-Mega, M, shiny|131\/332
|-ability|p1a: Gyarados|Mold Breaker
|move|p2a: Demon D|Toxic|p1a: Gyarados
|-status|p1a: Gyarados|tox
|
|-heal|p1a: Gyarados|328\/332 tox|[from] move: Wish|[wisher] Sylveon
|-damage|p1a: Gyarados|308\/332 tox|[from] psn
|turn|23
|
|switch|p2a: Banshee|Landorus-Therian, M|342\/382
|-ability|p2a: Banshee|Intimidate|[of] p1a: Gyarados
|-unboost|p1a: Gyarados|atk|1
|move|p1a: Gyarados|Dragon Dance|p1a: Gyarados
|-boost|p1a: Gyarados|atk|1
|-boost|p1a: Gyarados|spe|1
|
|-heal|p2a: Banshee|365\/382|[from] item: Leftovers
|-damage|p1a: Gyarados|268\/332 tox|[from] psn
|turn|24
|
|move|p1a: Gyarados|Waterfall|p2a: Banshee
|-supereffective|p2a: Banshee
|-damage|p2a: Banshee|29\/382
|cant|p2a: Banshee|flinch
|
|-heal|p2a: Banshee|52\/382|[from] item: Leftovers
|-damage|p1a: Gyarados|208\/332 tox|[from] psn
|turn|25
|
|switch|p2a: Hysteria|Latios, M|183\/302
|move|p1a: Gyarados|Waterfall|p2a: Hysteria
|-resisted|p2a: Hysteria
|-damage|p2a: Hysteria|73\/302
|
|-damage|p1a: Gyarados|128\/332 tox|[from] psn
|turn|26
|
|move|p1a: Gyarados|Waterfall|p2a: Hysteria
|-resisted|p2a: Hysteria
|-damage|p2a: Hysteria|0 fnt
|faint|p2a: Hysteria
|
|-damage|p1a: Gyarados|28\/332 tox|[from] psn
|
|switch|p2a: Str8 Rippin|Scizor, M|342\/342
|turn|27
|
|detailschange|p2a: Str8 Rippin|Scizor-Mega, M
|message|Scizor has Mega Evolved into Mega Scizor!
|move|p2a: Str8 Rippin|Bullet Punch|p1a: Gyarados
|-resisted|p1a: Gyarados
|-damage|p1a: Gyarados|0 fnt
|faint|p1a: Gyarados
|
|
|switch|p1a: Delphox|Delphox, M|292\/292
|turn|28
|
|move|p2a: Str8 Rippin|Pursuit|p1a: Delphox|[from]Pursuit
|-supereffective|p1a: Delphox
|-damage|p1a: Delphox|0 fnt
|faint|p1a: Delphox
|
|
|switch|p1a: Skarmory|Skarmory, F|324\/334
|turn|29
|
|switch|p2a: Demon D|Heatran, F|386\/386
|move|p1a: Skarmory|Stealth Rock|p2a: Demon D
|-sidestart|p2: Yoghurts|move: Stealth Rock
|
|turn|30
|
|switch|p1a: Sylveon|Sylveon, F, shiny|334\/394 tox
|move|p2a: Demon D|Lava Plume|p1a: Sylveon
|-damage|p1a: Sylveon|246\/394 tox
|
|-heal|p1a: Sylveon|270\/394 tox|[from] item: Leftovers
|-damage|p1a: Sylveon|246\/394 tox|[from] psn
|turn|31
|
|switch|p2a: Banshee|Landorus-Therian, M|52\/382
|-damage|p2a: Banshee|5\/382|[from] Stealth Rock
|-ability|p2a: Banshee|Intimidate|[of] p1a: Sylveon
|-unboost|p1a: Sylveon|atk|1
|move|p1a: Sylveon|Heal Bell|p1a: Sylveon
|-cureteam|p1a: Sylveon|[from] move: HealBell
|
|-heal|p2a: Banshee|28\/382|[from] item: Leftovers
|-heal|p1a: Sylveon|270\/394|[from] item: Leftovers
|turn|32
|
|move|p2a: Banshee|Stealth Rock|p1a: Sylveon
|-sidestart|p1: bange|move: Stealth Rock
|move|p1a: Sylveon|Hyper Voice|p2a: Banshee
|-damage|p2a: Banshee|0 fnt
|faint|p2a: Banshee
|
|-heal|p1a: Sylveon|294\/394|[from] item: Leftovers
|
|switch|p2a: Str8 Rippin|Scizor-Mega, M|342\/342
|-damage|p2a: Str8 Rippin|300\/342|[from] Stealth Rock
|turn|33
|
|switch|p1a: Skarmory|Skarmory, F|324\/334
|-damage|p1a: Skarmory|283\/334|[from] Stealth Rock
|move|p2a: Str8 Rippin|Swords Dance|p2a: Str8 Rippin
|-boost|p2a: Str8 Rippin|atk|2
|
|turn|34
|
|move|p2a: Str8 Rippin|Swords Dance|p2a: Str8 Rippin
|-boost|p2a: Str8 Rippin|atk|2
|move|p1a: Skarmory|Roost|p1a: Skarmory
|-heal|p1a: Skarmory|334\/334
|
|turn|35
|
|move|p2a: Str8 Rippin|Pursuit|p1a: Skarmory
|-crit|p1a: Skarmory
|-damage|p1a: Skarmory|103\/334
|-damage|p2a: Str8 Rippin|243\/342|[from] item: Rocky Helmet|[of] p1a: Skarmory
|move|p1a: Skarmory|Counter|p2a: Str8 Rippin
|-damage|p2a: Str8 Rippin|0 fnt
|faint|p2a: Str8 Rippin
|
|
|switch|p2a: Demon D|Heatran, F|386\/386
|-damage|p2a: Demon D|338\/386|[from] Stealth Rock
|turn|36
|
|move|p2a: Demon D|Lava Plume|p1a: Skarmory
|-supereffective|p1a: Skarmory
|-damage|p1a: Skarmory|0 fnt
|faint|p1a: Skarmory
|
|-heal|p2a: Demon D|362\/386|[from] item: Leftovers
|
|switch|p1a: Latias|Latias, F|319\/364
|-damage|p1a: Latias|274\/364|[from] Stealth Rock
|turn|37
|
|move|p1a: Latias|Earthquake|p2a: Demon D
|-supereffective|p2a: Demon D
|-damage|p2a: Demon D|118\/386
|move|p2a: Demon D|Toxic|p1a: Latias
|-status|p1a: Latias|tox
|
|-heal|p2a: Demon D|142\/386|[from] item: Leftovers
|-damage|p1a: Latias|252\/364 tox|[from] psn
|turn|38
|
|move|p2a: Demon D|Protect|p2a: Demon D
|-singleturn|p2a: Demon D|Protect
|move|p1a: Latias|Recover|p1a: Latias
|-heal|p1a: Latias|364\/364 tox
|
|-heal|p2a: Demon D|166\/386|[from] item: Leftovers
|-damage|p1a: Latias|320\/364 tox|[from] psn
|turn|39
|
|move|p2a: Demon D|Protect|p2a: Demon D
|-fail|p2a: Demon D
|move|p1a: Latias|Earthquake|p2a: Demon D
|-supereffective|p2a: Demon D
|-damage|p2a: Demon D|0 fnt
|faint|p2a: Demon D
|
|win|bange
|raw|Ladder updating...
|raw|bange's rating: 1548 &rarr; <strong>1566<\/strong><br \/>(+18 for winning)
|raw|Yoghurts's rating: 1521 &rarr; <strong>1502<\/strong><br \/>(-19 for losing)
|leave|Yoghurts
|player|p2