|join|rayquazateam
|join|Bange
|player|p1|rayquazateam|169
|player|p2|Bange|101
|gametype|singles
|tier|OU
|rated
|rule|Evasion Abilities Clause: Evasion abilities are banned
|clearpoke
|poke|p1|Kyurem-Black, shiny
|poke|p1|Gengar, M, shiny
|poke|p1|Volcarona, F, shiny
|poke|p1|Swampert, M, shiny
|poke|p1|Cloyster, M, shiny
|poke|p1|Lucario, F
|poke|p2|Darmanitan, F, shiny
|poke|p2|Empoleon, M
|poke|p2|Blissey, F
|poke|p2|Cofagrigus, M
|poke|p2|Tangrowth, M
|poke|p2|Garchomp, F
|rule|Sleep Clause Mod: Limit one foe put to sleep
|rule|Species Clause: Limit one of each Pokemon
|rule|OHKO Clause: OHKO moves are banned
|rule|Moody Clause: Moody is banned
|rule|Evasion Moves Clause: Evasion moves are banned
|rule|HP Percentage Mod: HP is reported as percentages
|teampreview
|callback|decision
|
|start
|switch|p1a: Swampert|Swampert, M, shiny|404\/404
|switch|p2a: Darmanitan|Darmanitan, F, shiny|352\/352
|turn|1
|callback|decision
|
|move|p2a: Darmanitan|U-turn|p1a: Swampert
|-damage|p1a: Swampert|272\/404
|-damage|p2a: Darmanitan|317\/352|[from] item: Life Orb
|callback|decision
|
|switch|p2a: Tangrowth|Tangrowth, M|404\/404
|move|p1a: Swampert|Earthquake|p2a: Tangrowth
|-resisted|p2a: Tangrowth
|-damage|p2a: Tangrowth|366\/404
|
|turn|2
|callback|decision
|
|switch|p1a: Volcarona|Volcarona, F, shiny|312\/312
|-item|p1a: Volcarona|Air Balloon
|move|p2a: Tangrowth|Leech Seed|p1a: Volcarona
|-start|p1a: Volcarona|move: Leech Seed
|
|-damage|p1a: Volcarona|273\/312|[from] Leech Seed|[of] p2a: Tangrowth
|-heal|p2a: Tangrowth|404\/404|[silent]
|turn|3
|callback|decision
|
|switch|p2a: Darmanitan|Darmanitan, F, shiny|317\/352
|move|p1a: Volcarona|Fiery Dance|p2a: Darmanitan
|-resisted|p2a: Darmanitan
|-damage|p2a: Darmanitan|189\/352
|-boost|p1a: Volcarona|spa|1
|
|-damage|p1a: Volcarona|234\/312|[from] Leech Seed|[of] p2a: Darmanitan
|-heal|p2a: Darmanitan|228\/352|[silent]
|turn|4
|callback|decision
|
|switch|p1a: Swampert|Swampert, M, shiny|272\/404
|move|p2a: Darmanitan|Rock Slide|p1a: Swampert
|-resisted|p1a: Swampert
|-damage|p1a: Swampert|181\/404
|
|turn|5
|callback|decision
|
|move|p2a: Darmanitan|Superpower|p1a: Swampert
|-damage|p1a: Swampert|0 fnt
|-unboost|p2a: Darmanitan|atk|1
|-unboost|p2a: Darmanitan|def|1
|-damage|p2a: Darmanitan|193\/352|[from] item: Life Orb
|faint|p1a: Swampert
|
|callback|decision
|
|switch|p1a: Gengar|Gengar, M, shiny|261\/261
|turn|6
|callback|decision
|
|switch|p2a: Blissey|Blissey, F|714\/714
|move|p1a: Gengar|Sludge Bomb|p2a: Blissey
|-damage|p2a: Blissey|600\/714
|-status|p2a: Blissey|psn
|-enditem|p2a: Blissey|Eject Button
|callback|decision
|
|switch|p2a: Garchomp|Garchomp, F|357\/357
|
|turn|7
|callback|decision
|
|move|p2a: Garchomp|Dual Chop|p1a: Gengar
|-damage|p1a: Gengar|137\/261
|-damage|p1a: Gengar|14\/261
|-hitcount|p1a: Gengar|2
|move|p1a: Gengar|Hypnosis|p2a: Garchomp
|-status|p2a: Garchomp|slp
|
|-heal|p1a: Gengar|30\/261|[from] item: Leftovers
|turn|8
|callback|decision
|
|switch|p2a: Blissey|Blissey, F|600\/714
|switch|p1a: Kyurem-Black|Kyurem-Black, shiny|454\/454
|-ability|p1a: Kyurem-Black|Teravolt
|
|turn|9
|callback|decision
|
|switch|p2a: Cofagrigus|Cofagrigus, M|320\/320
|move|p1a: Kyurem-Black|Earth Power|p2a: Cofagrigus
|-damage|p2a: Cofagrigus|249\/320
|-unboost|p2a: Cofagrigus|spd|1
|
|-heal|p2a: Cofagrigus|269\/320|[from] item: Leftovers
|turn|10
|callback|decision
|
|switch|p2a: Blissey|Blissey, F|600\/714
|move|p1a: Kyurem-Black|Outrage|p2a: Blissey
|-damage|p2a: Blissey|0 fnt
|faint|p2a: Blissey
|
|callback|decision
|
|switch|p2a: Darmanitan|Darmanitan, F, shiny|193\/352
|turn|11
|callback|decision
|
|move|p2a: Darmanitan|Rock Slide|p1a: Kyurem-Black
|-supereffective|p1a: Kyurem-Black
|-damage|p1a: Kyurem-Black|108\/454
|move|p1a: Kyurem-Black|Outrage|p2a: Darmanitan
|-damage|p2a: Darmanitan|0 fnt
|faint|p2a: Darmanitan
|
|callback|decision
|
|switch|p2a: Empoleon|Empoleon, M|317\/317
|-item|p2a: Empoleon|Air Balloon
|turn|12
|callback|decision
|
|move|p1a: Kyurem-Black|Outrage|p2a: Empoleon
|-resisted|p2a: Empoleon
|-damage|p2a: Empoleon|165\/317
|-enditem|p2a: Empoleon|Air Balloon
|move|p2a: Empoleon|Agility|p2a: Empoleon
|-boost|p2a: Empoleon|spe|2
|
|-end|p1a: Kyurem-Black|rampage
|-start|p1a: Kyurem-Black|confusion
|-enditem|p1a: Kyurem-Black|Persim Berry|[eat]
|-end|p1a: Kyurem-Black|confusion
|turn|13
|callback|decision
|
|move|p2a: Empoleon|Ice Beam|p1a: Kyurem-Black
|-damage|p1a: Kyurem-Black|0 fnt
|faint|p1a: Kyurem-Black
|
|callback|decision
|
|switch|p1a: Lucario|Lucario, F|281\/281
|-item|p1a: Lucario|Air Balloon
|turn|14
|callback|decision
|
|move|p2a: Empoleon|Hydro Pump|p1a: Lucario
|-damage|p1a: Lucario|0 fnt
|-enditem|p1a: Lucario|Air Balloon
|faint|p1a: Lucario
|
|callback|decision
|
|switch|p1a: Cloyster|Cloyster, M, shiny|304\/304
|turn|15
|callback|decision
|
|move|p2a: Empoleon|Hidden Power|p1a: Cloyster
|-supereffective|p1a: Cloyster
|-damage|p1a: Cloyster|72\/304
|move|p1a: Cloyster|Rock Blast|p2a: Empoleon
|-resisted|p2a: Empoleon
|-damage|p2a: Empoleon|155\/317
|-resisted|p2a: Empoleon
|-damage|p2a: Empoleon|144\/317
|-resisted|p2a: Empoleon
|-damage|p2a: Empoleon|134\/317
|-resisted|p2a: Empoleon
|-damage|p2a: Empoleon|123\/317
|-resisted|p2a: Empoleon
|-damage|p2a: Empoleon|112\/317
|-hitcount|p2a: Empoleon|5
|
|turn|16
|callback|decision
|
|switch|p1a: Gengar|Gengar, M, shiny|30\/261
|move|p2a: Empoleon|Hidden Power|p1a: Gengar
|-damage|p1a: Gengar|0 fnt
|faint|p1a: Gengar
|
|callback|decision
|
|switch|p1a: Volcarona|Volcarona, F, shiny|234\/312
|-item|p1a: Volcarona|Air Balloon
|turn|17
|callback|decision
|
|move|p2a: Empoleon|Hydro Pump|p1a: Volcarona|[miss]
|-miss|p2a: Empoleon|p1a: Volcarona
|move|p1a: Volcarona|Giga Drain|p2a: Empoleon
|-damage|p2a: Empoleon|26\/317
|-heal|p1a: Volcarona|277\/312|[from] drain|[of] p2a: Empoleon
|
|turn|18
|callback|decision
|
|move|p2a: Empoleon|Hydro Pump|p1a: Volcarona
|-supereffective|p1a: Volcarona
|-damage|p1a: Volcarona|0 fnt
|-enditem|p1a: Volcarona|Air Balloon
|faint|p1a: Volcarona
|
|callback|decision
|
|switch|p1a: Cloyster|Cloyster, M, shiny|72\/304
|turn|19
|callback|decision
|
|move|p2a: Empoleon|Hidden Power|p1a: Cloyster
|-supereffective|p1a: Cloyster
|-damage|p1a: Cloyster|0 fnt
|faint|p1a: Cloyster
|
|win|Bange
|raw|Ladder updating...
|raw|rayquazateam's rating: 1110 &rarr; <strong>1094<\/strong><br \/>(-16 for losing)
|raw|Bange's rating: 1266 &rarr; <strong>1373<\/strong><br \/>(+107 for winning)
|leave|rayquazateam
|player|p1