|join|Reverb
|join|bange
|player|p1|Reverb|#reverb
|player|p2|bange|142
|gametype|singles
|gen|6
|tier|OU
|rated
|clearpoke
|poke|p1|Infernape, F
|poke|p1|Azumarill, F
|poke|p1|Gastrodon, M
|poke|p1|Landorus, M
|poke|p1|Thundurus, M
|poke|p1|Metagross
|poke|p2|Heatran, F
|poke|p2|Gliscor, M
|poke|p2|Gengar, F
|poke|p2|Seismitoad, M, shiny
|poke|p2|Azelf
|poke|p2|Terrakion
|rule|Swagger Clause: Swagger is banned
|rule|Baton Pass Clause: Limit one PokÃ©mon knowing Baton Pass
|rule|Sleep Clause Mod: Limit one foe put to sleep
|rule|Species Clause: Limit one of each PokÃ©mon
|rule|OHKO Clause: OHKO moves are banned
|rule|Moody Clause: Moody is banned
|rule|Evasion Moves Clause: Evasion moves are banned
|rule|Endless Battle Clause: Forcing endless battles is banned
|rule|HP Percentage Mod: HP is shown in percentages
|teampreview
|join|habajiga
|
|start
|switch|p1a: Azumarill|Azumarill, F|360\/360
|switch|p2a: Azelf|Azelf|291\/291
|turn|1
|join|Paul Gilbert
|
|move|p2a: Azelf|Trick|p1a: Azumarill
|-activate|p2a: Azelf|move: Trick|[of] p1a: Azumarill
|-item|p1a: Azumarill|Choice Scarf|[from] move: Trick
|-item|p2a: Azelf|Sitrus Berry|[from] move: Trick
|move|p1a: Azumarill|Knock Off|p2a: Azelf
|-supereffective|p2a: Azelf
|-damage|p2a: Azelf|0 fnt
|-enditem|p2a: Azelf|Sitrus Berry|[from] move: Knock Off|[of] p1a: Azumarill
|faint|p2a: Azelf
|
|
|switch|p2a: Terrakion|Terrakion|323\/323
|turn|2
|
|switch|p1a: Gastrodon|Gastrodon, M|426\/426
|move|p2a: Terrakion|Close Combat|p1a: Gastrodon
|-damage|p1a: Gastrodon|240\/426
|-unboost|p2a: Terrakion|def|1
|-unboost|p2a: Terrakion|spd|1
|
|-heal|p1a: Gastrodon|266\/426|[from] item: Leftovers
|turn|3
|join|ox the box
|join|ur el bad
|
|switch|p2a: Gengar|Gengar, F|261\/261
|move|p1a: Gastrodon|Toxic|p2a: Gengar
|-fail|p2a: Gengar
|
|-heal|p1a: Gastrodon|292\/426|[from] item: Leftovers
|turn|4
|join|Cienight
|
|switch|p1a: Thundurus|Thundurus, M|299\/299
|move|p2a: Gengar|Shadow Ball|p1a: Thundurus
|-damage|p1a: Thundurus|92\/299
|-damage|p2a: Gengar|235\/261|[from] item: Life Orb
|
|turn|5
|
|switch|p1a: Infernape|Infernape, F|294\/294
|switch|p2a: Seismitoad|Seismitoad, M, shiny|414\/414
|
|turn|6
|join|haunter
|
|move|p1a: Infernape|Taunt|p2a: Seismitoad
|-start|p2a: Seismitoad|move: Taunt
|cant|p2a: Seismitoad|move: Taunt|Stealth Rock
|
|turn|7
|
|move|p1a: Infernape|Stealth Rock|p2a: Seismitoad
|-sidestart|p2: bange|move: Stealth Rock
|move|p2a: Seismitoad|Earthquake|p1a: Infernape
|-supereffective|p1a: Infernape
|-enditem|p1a: Infernape|Focus Sash
|-damage|p1a: Infernape|1\/294
|
|turn|8
|
|move|p1a: Infernape|Fire Blast|p2a: Seismitoad|[miss]
|-miss|p1a: Infernape|p2a: Seismitoad
|move|p2a: Seismitoad|Earthquake|p1a: Infernape
|-supereffective|p1a: Infernape
|-damage|p1a: Infernape|0 fnt
|faint|p1a: Infernape
|
|-end|p2a: Seismitoad|move: Taunt
|
|switch|p1a: Azumarill|Azumarill, F|360\/360
|turn|9
|
|move|p1a: Azumarill|Belly Drum|p1a: Azumarill
|-damage|p1a: Azumarill|180\/360
|-setboost|p1a: Azumarill|atk|6|[from] move: Belly Drum
|move|p2a: Seismitoad|Stealth Rock|p1a: Azumarill
|-sidestart|p1: Reverb|move: Stealth Rock
|
|turn|10
|join|not prem
|join|el capitan grande
|c|âReverb|oh yeah
|c|âReverb|..........
|
|switch|p1a: Gastrodon|Gastrodon, M|292\/426
|-damage|p1a: Gastrodon|266\/426|[from] Stealth Rock
|switch|p2a: Gengar|Gengar, F|235\/261
|-damage|p2a: Gengar|203\/261|[from] Stealth Rock
|
|-heal|p1a: Gastrodon|292\/426|[from] item: Leftovers
|turn|11
|c|~haunter|lel
|c| Paul Gilbert|WHat!
|c| Paul Gilbert|You just swept with azu haha
|c|âReverb|he tricked me a scarf
|c| Paul Gilbert|ahh yeah
|c|âReverb|and i forgot
|
|move|p2a: Gengar|Shadow Ball|p1a: Gastrodon
|-damage|p1a: Gastrodon|81\/426
|-unboost|p1a: Gastrodon|spd|1
|-damage|p2a: Gengar|177\/261|[from] item: Life Orb
|move|p1a: Gastrodon|Scald|p2a: Gengar
|-damage|p2a: Gengar|71\/261
|
|-heal|p1a: Gastrodon|107\/426|[from] item: Leftovers
|turn|12
|c| Paul Gilbert|I forgot also
|
|move|p2a: Gengar|Shadow Ball|p1a: Gastrodon
|-damage|p1a: Gastrodon|0 fnt
|-damage|p2a: Gengar|45\/261|[from] item: Life Orb
|faint|p1a: Gastrodon
|
|join|Death God Anubis
|
|switch|p1a: Thundurus|Thundurus, M|92\/299
|-damage|p1a: Thundurus|18\/299|[from] Stealth Rock
|turn|13
|c|âReverb|i also overpredicted
|c| Paul Gilbert|with infernape
|c|âReverb|and didnt endeavor his seismitoad
|c| Paul Gilbert|expected gengar
|
|switch|p2a: Heatran|Heatran, F|323\/323
|-damage|p2a: Heatran|283\/323|[from] Stealth Rock
|move|p1a: Thundurus|Hidden Power|p2a: Heatran
|-resisted|p2a: Heatran
|-damage|p2a: Heatran|270\/323
|-damage|p1a: Thundurus|0 fnt|[from] item: Life Orb
|faint|p1a: Thundurus
|
|c|âReverb|ye
|c| Paul Gilbert|I would have done the same thing
|
|switch|p1a: Landorus|Landorus, M|319\/319
|-damage|p1a: Landorus|280\/319|[from] Stealth Rock
|turn|14
|
|switch|p2a: Seismitoad|Seismitoad, M, shiny|414\/414
|-damage|p2a: Seismitoad|389\/414|[from] Stealth Rock
|move|p1a: Landorus|Earth Power|p2a: Seismitoad
|-damage|p2a: Seismitoad|154\/414
|
|-heal|p2a: Seismitoad|179\/414|[from] item: Leftovers
|turn|15
|
|move|p1a: Landorus|Earth Power|p2a: Seismitoad
|-damage|p2a: Seismitoad|0 fnt
|faint|p2a: Seismitoad
|
|
|switch|p2a: Gengar|Gengar, F|45\/261
|-damage|p2a: Gengar|13\/261|[from] Stealth Rock
|turn|16
|
|switch|p1a: Azumarill|Azumarill, F|180\/360
|-damage|p1a: Azumarill|135\/360|[from] Stealth Rock
|move|p2a: Gengar|Destiny Bond|p2a: Gengar
|-singlemove|p2a: Gengar|Destiny Bond
|
|turn|17
|c| Paul Gilbert|that paid off well
|
|move|p1a: Azumarill|Aqua Jet|p2a: Gengar
|-damage|p2a: Gengar|0 fnt
|faint|p2a: Gengar
|-activate|p2a: Gengar|Destiny Bond
|faint|p1a: Azumarill
|
|
|switch|p1a: Metagross|Metagross|301\/301
|switch|p2a: Gliscor|Gliscor, M|354\/354
|-damage|p1a: Metagross|283\/301|[from] Stealth Rock
|-damage|p2a: Gliscor|310\/354|[from] Stealth Rock
|turn|18
|
|detailschange|p1a: Metagross|Metagross-Mega
|-mega|p1a: Metagross|Metagross|Metagrossite
|move|p1a: Metagross|Ice Punch|p2a: Gliscor
|-supereffective|p2a: Gliscor
|-damage|p2a: Gliscor|0 fnt
|faint|p2a: Gliscor
|
|
|switch|p2a: Terrakion|Terrakion|323\/323
|-damage|p2a: Terrakion|303\/323|[from] Stealth Rock
|turn|19
|
|move|p1a: Metagross|Meteor Mash|p2a: Terrakion
|-supereffective|p2a: Terrakion
|-damage|p2a: Terrakion|0 fnt
|faint|p2a: Terrakion
|
|
|switch|p2a: Heatran|Heatran, F|270\/323
|-damage|p2a: Heatran|230\/323|[from] Stealth Rock
|turn|20
|c|âReverb|what set was terra btw?
|
|move|p1a: Metagross|Hammer Arm|p2a: Heatran
|-supereffective|p2a: Heatran
|-damage|p2a: Heatran|0 fnt
|-unboost|p1a: Metagross|spe|1
|faint|p2a: Heatran
|
|win|Reverb
|raw|Ladder updating...
|raw|Reverb's rating: 1727 &rarr; <strong>1745<\/strong><br \/>(+18 for winning)
|raw|bange's rating: 1689 &rarr; <strong>1671<\/strong><br \/>(-18 for losing)
|c|âReverb|gg
|leave|bange
|player|p2
|leave|not prem