|join|dfgdg
|join|bange
|player|p1|dfgdg|266
|player|p2|bange|142
|gametype|singles
|tier|OU
|rated
|rule|Evasion Abilities Clause: Evasion abilities are banned
|clearpoke
|poke|p1|Thundurus-Therian, M
|poke|p1|Yanmega, F
|poke|p1|Landorus-Therian, M
|poke|p1|Meloetta
|poke|p1|Terrakion
|poke|p1|Espeon, M
|poke|p2|Mamoswine, M
|poke|p2|Scizor, F
|poke|p2|Latios, M
|poke|p2|Jellicent, F
|poke|p2|Conkeldurr, M
|poke|p2|Tyranitar, M
|rule|Sleep Clause Mod: Limit one foe put to sleep
|rule|Species Clause: Limit one of each Pokemon
|rule|OHKO Clause: OHKO moves are banned
|rule|Moody Clause: Moody is banned
|rule|Evasion Moves Clause: Evasion moves are banned
|rule|HP Percentage Mod: HP is reported as percentages
|teampreview
|callback|decision
|
|start
|switch|p1a: Meloetta|Meloetta|341\/341
|switch|p2a: Mamoswine|Mamoswine, M|362\/362
|turn|1
|callback|decision
|
|move|p1a: Meloetta|U-turn|p2a: Mamoswine
|-damage|p2a: Mamoswine|309\/362
|callback|decision
|
|switch|p1a: Espeon|Espeon, M|301\/301
|move|p2a: Mamoswine|Stealth Rock|p1a: Espeon
|move|p1a: Espeon|Stealth Rock|p2a: Mamoswine|[from]Magic Bounce
|-sidestart|p2: bange|move: Stealth Rock
|
|turn|2
|callback|decision
|
|move|p1a: Espeon|Reflect|p1a: Espeon
|-sidestart|p1: dfgdg|Reflect
|move|p2a: Mamoswine|Icicle Spear|p1a: Espeon
|-damage|p1a: Espeon|271\/301
|-crit|p1a: Espeon
|-damage|p1a: Espeon|157\/301
|-hitcount|p1a: Espeon|2
|
|-heal|p1a: Espeon|175\/301|[from] item: Leftovers
|turn|3
|callback|decision
|
|move|p1a: Espeon|Psyshock|p2a: Mamoswine
|-damage|p2a: Mamoswine|159\/362
|move|p2a: Mamoswine|Earthquake|p1a: Espeon
|-damage|p1a: Espeon|71\/301
|
|-heal|p1a: Espeon|89\/301|[from] item: Leftovers
|turn|4
|callback|decision
|
|move|p1a: Espeon|Psyshock|p2a: Mamoswine
|-damage|p2a: Mamoswine|17\/362
|move|p2a: Mamoswine|Icicle Spear|p1a: Espeon
|-damage|p1a: Espeon|61\/301
|-damage|p1a: Espeon|34\/301
|-damage|p1a: Espeon|7\/301
|-hitcount|p1a: Espeon|3
|
|-heal|p1a: Espeon|25\/301|[from] item: Leftovers
|turn|5
|callback|decision
|
|move|p2a: Mamoswine|Ice Shard|p1a: Espeon
|-damage|p1a: Espeon|0 fnt
|faint|p1a: Espeon
|
|callback|decision
|
|switch|p1a: Meloetta|Meloetta|341\/341
|turn|6
|callback|decision
|
|move|p2a: Mamoswine|Ice Shard|p1a: Meloetta
|-damage|p1a: Meloetta|294\/341
|move|p1a: Meloetta|U-turn|p2a: Mamoswine
|-damage|p2a: Mamoswine|0 fnt
|faint|p2a: Mamoswine
|callback|decision
|
|switch|p1a: Terrakion|Terrakion|323\/323
|
|-sideend|p1: dfgdg|Reflect
|callback|decision
|
|switch|p2a: Jellicent|Jellicent, F|379\/379
|-damage|p2a: Jellicent|332\/379|[from] Stealth Rock
|turn|7
|callback|decision
|
|switch|p1a: Meloetta|Meloetta|294\/341
|move|p2a: Jellicent|Trick Room|p2a: Jellicent
|-fieldstart|move: Trick Room|[of] p2a: Jellicent
|
|turn|8
|callback|decision
|
|move|p2a: Jellicent|Hydro Pump|p1a: Meloetta
|-damage|p1a: Meloetta|87\/341
|-damage|p2a: Jellicent|295\/379|[from] item: Life Orb
|move|p1a: Meloetta|Psychic|p2a: Jellicent
|-damage|p2a: Jellicent|139\/379
|
|turn|9
|callback|decision
|
|move|p2a: Jellicent|Ice Beam|p1a: Meloetta
|-damage|p1a: Meloetta|0 fnt
|-damage|p2a: Jellicent|102\/379|[from] item: Life Orb
|faint|p1a: Meloetta
|
|callback|decision
|
|switch|p1a: Yanmega|Yanmega, F|313\/313
|turn|10
|callback|decision
|
|switch|p1a: Terrakion|Terrakion|323\/323
|move|p2a: Jellicent|Ice Beam|p1a: Terrakion
|-damage|p1a: Terrakion|201\/323
|-damage|p2a: Jellicent|65\/379|[from] item: Life Orb
|
|turn|11
|callback|decision
|
|switch|p1a: Yanmega|Yanmega, F|313\/313
|move|p2a: Jellicent|Hydro Pump|p1a: Yanmega
|-damage|p1a: Yanmega|0 fnt
|-damage|p2a: Jellicent|28\/379|[from] item: Life Orb
|faint|p1a: Yanmega
|
|-fieldend|move: Trick Room
|callback|decision
|
|switch|p1a: Thundurus-Therian|Thundurus-Therian, M|301\/301
|turn|12
|callback|decision
|
|move|p1a: Thundurus-Therian|Thunderbolt|p2a: Jellicent
|-supereffective|p2a: Jellicent
|-damage|p2a: Jellicent|0 fnt
|faint|p2a: Jellicent
|
|callback|decision
|
|switch|p2a: Tyranitar|Tyranitar, M|342\/342
|-damage|p2a: Tyranitar|300\/342|[from] Stealth Rock
|-weather|Sandstorm|[from] ability: Sand Stream|[of] p2a: Tyranitar
|turn|13
|callback|decision
|
|switch|p1a: Landorus-Therian|Landorus-Therian, M|334\/334
|-ability|p1a: Landorus-Therian|Intimidate|[of] p2a: Tyranitar
|-unboost|p2a: Tyranitar|atk|1
|move|p2a: Tyranitar|Dragon Dance|p2a: Tyranitar
|-boost|p2a: Tyranitar|atk|1
|-boost|p2a: Tyranitar|spe|1
|
|-weather|Sandstorm|[upkeep]
|turn|14
|callback|decision
|
|move|p2a: Tyranitar|Stone Edge|p1a: Landorus-Therian|[miss]
|-miss|p2a: Tyranitar|p1a: Landorus-Therian
|move|p1a: Landorus-Therian|Rock Polish|p1a: Landorus-Therian
|-boost|p1a: Landorus-Therian|spe|2
|
|-weather|Sandstorm|[upkeep]
|turn|15
|callback|decision
|
|move|p1a: Landorus-Therian|Swords Dance|p1a: Landorus-Therian
|-boost|p1a: Landorus-Therian|atk|2
|move|p2a: Tyranitar|Stone Edge|p1a: Landorus-Therian
|-damage|p1a: Landorus-Therian|130\/334
|
|-weather|Sandstorm|[upkeep]
|-heal|p1a: Landorus-Therian|150\/334|[from] item: Leftovers
|turn|16
|callback|decision
|
|move|p1a: Landorus-Therian|Earthquake|p2a: Tyranitar
|-supereffective|p2a: Tyranitar
|-damage|p2a: Tyranitar|0 fnt
|faint|p2a: Tyranitar
|
|-weather|Sandstorm|[upkeep]
|-heal|p1a: Landorus-Therian|170\/334|[from] item: Leftovers
|callback|decision
|
|switch|p2a: Scizor|Scizor, F|302\/302
|-damage|p2a: Scizor|265\/302|[from] Stealth Rock
|turn|17
|callback|decision
|
|move|p2a: Scizor|Bullet Punch|p1a: Landorus-Therian
|-damage|p1a: Landorus-Therian|0 fnt
|faint|p1a: Landorus-Therian
|
|-weather|Sandstorm|[upkeep]
|callback|decision
|
|switch|p1a: Thundurus-Therian|Thundurus-Therian, M|301\/301
|turn|18
|callback|decision
|
|switch|p2a: Latios|Latios, M|302\/302
|-damage|p2a: Latios|265\/302|[from] Stealth Rock
|move|p1a: Thundurus-Therian|Nasty Plot|p1a: Thundurus-Therian
|-boost|p1a: Thundurus-Therian|spa|2
|
|-weather|Sandstorm|[upkeep]
|-damage|p2a: Latios|247\/302|[from] sandstorm
|-damage|p1a: Thundurus-Therian|283\/301|[from] sandstorm
|-heal|p1a: Thundurus-Therian|301\/301|[from] item: Leftovers
|turn|19
|callback|decision
|
|move|p2a: Latios|Draco Meteor|p1a: Thundurus-Therian
|-damage|p1a: Thundurus-Therian|0 fnt
|-unboost|p2a: Latios|spa|2
|faint|p1a: Thundurus-Therian
|
|-weather|Sandstorm|[upkeep]
|-damage|p2a: Latios|229\/302|[from] sandstorm
|callback|decision
|
|switch|p1a: Terrakion|Terrakion|201\/323
|turn|20
|callback|decision
|
|move|p1a: Terrakion|Close Combat|p2a: Latios
|-resisted|p2a: Latios
|-damage|p2a: Latios|91\/302
|-unboost|p1a: Terrakion|def|1
|-unboost|p1a: Terrakion|spd|1
|move|p2a: Latios|Draco Meteor|p1a: Terrakion|[miss]
|-miss|p2a: Latios|p1a: Terrakion
|
|-weather|Sandstorm|[upkeep]
|-damage|p2a: Latios|73\/302|[from] sandstorm
|turn|21
|callback|decision
|
|move|p1a: Terrakion|Close Combat|p2a: Latios
|-resisted|p2a: Latios
|-damage|p2a: Latios|0 fnt
|-unboost|p1a: Terrakion|def|1
|-unboost|p1a: Terrakion|spd|1
|faint|p2a: Latios
|
|-weather|Sandstorm|[upkeep]
|callback|decision
|
|switch|p2a: Scizor|Scizor, F|265\/302
|-damage|p2a: Scizor|228\/302|[from] Stealth Rock
|turn|22
|callback|decision
|-message|dfgdg forfeited.
|
|win|bange
|raw|Ladder updating...
|leave|dfgdg
|player|p1
|raw|dfgdg's rating: 1867 &rarr; <strong>1829<\/strong><br \/>(-38 for losing)
|raw|bange's rating: 1794 &rarr; <strong>1809<\/strong><br \/>(+15 for winning)