|join|bange
|join|kkdas
|player|p1|bange|142
|player|p2|kkdas|7
|gametype|singles
|tier|OU
|rule|Evasion Abilities Clause: Evasion abilities are banned
|clearpoke
|poke|p1|Togekiss, F
|poke|p1|Cloyster, M
|poke|p1|Mienshao, M
|poke|p1|Claydol
|poke|p1|Blissey, F
|poke|p1|Slowbro, M
|poke|p2|Landorus-Therian, M, shiny
|poke|p2|Heatran, M, shiny
|poke|p2|Ninetales, M
|poke|p2|Gastrodon, F
|poke|p2|Venusaur, M
|poke|p2|Starmie
|rule|Sleep Clause Mod: Limit one foe put to sleep
|rule|Species Clause: Limit one of each Pokemon
|rule|OHKO Clause: OHKO moves are banned
|rule|Moody Clause: Moody is banned
|rule|Evasion Moves Clause: Evasion moves are banned
|rule|HP Percentage Mod: HP is reported as percentages
|teampreview
|callback|decision
|chat|kkdas|í
|chat|bange|ì²´ì¸ì§><
|chat|kkdas|ì§±ìë³´ì´ë íí°;;
|
|start
|switch|p1a: Mienshao|Mienshao, M|271\/271
|switch|p2a: ë°©ì´ë°ë³´|Landorus-Therian, M, shiny|319\/319
|-ability|p2a: ë°©ì´ë°ë³´|Intimidate|[of] p1a: Mienshao
|-unboost|p1a: Mienshao|atk|1
|turn|1
|callback|decision
|chat|kkdas|ëë¬´í´ì ã ã 
|
|move|p1a: Mienshao|U-turn|p2a: ë°©ì´ë°ë³´
|-resisted|p2a: ë°©ì´ë°ë³´
|-damage|p2a: ë°©ì´ë°ë³´|292\/319
|callback|decision
|
|switch|p1a: Slowbro|Slowbro, M|394\/394
|move|p2a: ë°©ì´ë°ë³´|U-turn|p1a: Slowbro
|-supereffective|p1a: Slowbro
|-damage|p1a: Slowbro|254\/394
|-damage|p2a: ë°©ì´ë°ë³´|239\/319|[from] item: Rocky Helmet|[of] p1a: Slowbro
|callback|decision
|chat|kkdas|ë ìíí° ã¡ã¡
|
|switch|p2a: í¬ëíë¼ì´ë²|Ninetales, M|288\/288
|-weather|SunnyDay|[from] ability: Drought|[of] p2a: í¬ëíë¼ì´ë²
|
|-weather|SunnyDay|[upkeep]
|turn|2
|callback|decision
|chat|bange|ì½íë°ìã ã 
|
|switch|p1a: Blissey|Blissey, F|672\/672
|move|p2a: í¬ëíë¼ì´ë²|Overheat|p1a: Blissey
|-damage|p1a: Blissey|386\/672
|-unboost|p2a: í¬ëíë¼ì´ë²|spa|2
|
|-weather|SunnyDay|[upkeep]
|turn|3
|callback|decision
|
|switch|p2a: ì ì¬ë°¥ ã ã |Starmie|324\/324
|move|p1a: Blissey|Fire Blast|p2a: ì ì¬ë°¥ ã ã 
|-resisted|p2a: ì ì¬ë°¥ ã ã 
|-damage|p2a: ì ì¬ë°¥ ã ã |259\/324
|
|-weather|SunnyDay|[upkeep]
|turn|4
|callback|decision
|chat|kkdas|ì§¸ ìë¬ ã¡ã¡
|
|switch|p2a: ì¬ëì|Venusaur, M|301\/301
|move|p1a: Blissey|Wish|p1a: Blissey
|
|-weather|SunnyDay|[upkeep]
|turn|5
|callback|decision
|
|move|p2a: ì¬ëì|Sleep Powder|p1a: Blissey
|-status|p1a: Blissey|slp
|cant|p1a: Blissey|slp
|
|-weather|SunnyDay|[upkeep]
|-heal|p1a: Blissey|672\/672 slp|[from] move: Wish|[wisher] Blissey
|turn|6
|callback|decision
|chat|bange|ìë¼!
|
|switch|p1a: Togekiss|Togekiss, F|321\/321
|move|p2a: ì¬ëì|Sleep Powder|p1a: Togekiss
|-message|Sleep Clause Mod activated.
|-fail|p1a: Togekiss
|
|-weather|SunnyDay|[upkeep]
|turn|7
|callback|decision
|chat|kkdas|íí...
|chat|kkdas|ì ë§ì ¸
|chat|bange|ë´ì£¼ìë´ã¡ã¡
|chat|kkdas|ì¬ê¸°ë íëê° ìëì§;;
|
|switch|p2a: ã·ã·ã±|Heatran, M, shiny|386\/386
|move|p1a: Togekiss|Thunder Wave|p2a: ã·ã·ã±
|-status|p2a: ã·ã·ã±|par
|
|-weather|SunnyDay|[upkeep]
|turn|8
|callback|decision
|
|switch|p2a: ë°©ì´ë°ë³´|Landorus-Therian, M, shiny|239\/319
|-ability|p2a: ë°©ì´ë°ë³´|Intimidate|[of] p1a: Togekiss
|-unboost|p1a: Togekiss|atk|1
|move|p1a: Togekiss|Air Slash|p2a: ë°©ì´ë°ë³´
|-damage|p2a: ë°©ì´ë°ë³´|71\/319
|
|-weather|SunnyDay|[upkeep]
|turn|9
|callback|decision
|chat|kkdas|ìì¸¡ ìë©´ê°ë£¨ ã ã 
|
|switch|p1a: Slowbro|Slowbro, M|385\/394
|move|p2a: ë°©ì´ë°ë³´|Stone Edge|p1a: Slowbro|[miss]
|-miss|p2a: ë°©ì´ë°ë³´|p1a: Slowbro
|
|-weather|SunnyDay|[upkeep]
|turn|10
|callback|decision
|chat|kkdas|ì¬ìë ¥ ì¬ê¸°;;
|
|switch|p2a: í¬ëíë¼ì´ë²|Ninetales, M|288\/288
|move|p1a: Slowbro|Fire Blast|p2a: í¬ëíë¼ì´ë²
|-resisted|p2a: í¬ëíë¼ì´ë²
|-damage|p2a: í¬ëíë¼ì´ë²|219\/288
|
|-weather|SunnyDay|[upkeep]
|turn|11
|callback|decision
|
|switch|p2a: ë°©ì´ë°ë³´|Landorus-Therian, M, shiny|71\/319
|-ability|p2a: ë°©ì´ë°ë³´|Intimidate|[of] p1a: Slowbro
|-unboost|p1a: Slowbro|atk|1
|switch|p1a: Blissey|Blissey, F|672\/672 slp
|
|-weather|SunnyDay|[upkeep]
|turn|12
|callback|decision
|chat|bange|íã·ã·
|
|switch|p1a: Slowbro|Slowbro, M|394\/394
|move|p2a: ë°©ì´ë°ë³´|Stone Edge|p1a: Slowbro|[miss]
|-miss|p2a: ë°©ì´ë°ë³´|p1a: Slowbro
|
|-weather|SunnyDay|[upkeep]
|turn|13
|callback|decision
|
|switch|p2a: ì ì¬ë°¥ ã ã |Starmie|259\/324
|move|p1a: Slowbro|Psyshock|p2a: ì ì¬ë°¥ ã ã 
|-resisted|p2a: ì ì¬ë°¥ ã ã 
|-damage|p2a: ì ì¬ë°¥ ã ã |217\/324
|
|-weather|SunnyDay|[upkeep]
|turn|14
|callback|decision
|chat|kkdas|ë¤ ë¹ëê°ë¤ ã ã 
|
|switch|p2a: ì¬ëì|Venusaur, M|301\/301
|move|p1a: Slowbro|Calm Mind|p1a: Slowbro
|-boost|p1a: Slowbro|spa|1
|-boost|p1a: Slowbro|spd|1
|
|-weather|SunnyDay|[upkeep]
|turn|15
|callback|decision
|chat|kkdas|ã ã ã ã ã ã 
|
|move|p2a: ì¬ëì|Giga Drain|p1a: Slowbro
|-supereffective|p1a: Slowbro
|-damage|p1a: Slowbro|230\/394
|move|p1a: Slowbro|Fire Blast|p2a: ì¬ëì
|-supereffective|p2a: ì¬ëì
|-damage|p2a: ì¬ëì|0 fnt
|faint|p2a: ì¬ëì
|
|-weather|SunnyDay|[upkeep]
|callback|decision
|chat|bange|í´;;ë©ì´ì  ì ê±°
|chat|kkdas|í ëªì ì¼ëë;;
|
|switch|p2a: í¬ëíë¼ì´ë²|Ninetales, M|219\/288
|turn|16
|callback|decision
|
|switch|p1a: Blissey|Blissey, F|672\/672 slp
|move|p2a: í¬ëíë¼ì´ë²|SolarBeam|p1a: Blissey|[still]
|-prepare|p2a: í¬ëíë¼ì´ë²|SolarBeam|p1a: Blissey
|-anim|p2a: í¬ëíë¼ì´ë²|SolarBeam|p1a: Blissey
|-damage|p1a: Blissey|558\/672 slp
|
|-weather|SunnyDay|[upkeep]
|turn|17
|callback|decision
|
|switch|p2a: ë°©ì´ë°ë³´|Landorus-Therian, M, shiny|71\/319
|-ability|p2a: ë°©ì´ë°ë³´|Intimidate|[of] p1a: Blissey
|-unboost|p1a: Blissey|atk|1
|switch|p1a: Claydol|Claydol|324\/324
|
|-weather|SunnyDay|[upkeep]
|turn|18
|callback|decision
|chat|kkdas|ì¼ëë ë´ì¤ì¼íëê² ìì ìëê°ì?
|chat|kkdas|ã¡ã¡
|
|move|p2a: ë°©ì´ë°ë³´|U-turn|p1a: Claydol
|-supereffective|p1a: Claydol
|-damage|p1a: Claydol|156\/324
|callback|decision
|
|switch|p2a: í¬ëíë¼ì´ë²|Ninetales, M|219\/288
|-enditem|p1a: Claydol|Sitrus Berry|[eat]
|-heal|p1a: Claydol|237\/324|[from] item: Sitrus Berry
|move|p1a: Claydol|Stealth Rock|p2a: í¬ëíë¼ì´ë²
|-sidestart|p2: kkdas|move: Stealth Rock
|
|-weather|SunnyDay|[upkeep]
|turn|19
|callback|decision
|chat|bange|ããã;;ë´
|
|switch|p1a: Slowbro|Slowbro, M|361\/394
|move|p2a: í¬ëíë¼ì´ë²|Fire Blast|p1a: Slowbro|[miss]
|-miss|p2a: í¬ëíë¼ì´ë²|p1a: Slowbro
|
|-weather|SunnyDay|[upkeep]
|turn|20
|callback|decision
|
|switch|p2a: ããã|Gastrodon, F|426\/426
|-damage|p2a: ããã|400\/426|[from] Stealth Rock
|switch|p1a: Mienshao|Mienshao, M|271\/271
|
|-weather|SunnyDay|[upkeep]
|turn|21
|callback|decision
|chat|kkdas|í
|chat|kkdas|ì¤ë½ ìíë¤ ã ã 
|
|move|p1a: Mienshao|U-turn|p2a: ããã
|-damage|p2a: ããã|318\/426
|callback|decision
|chat|kkdas|ì§±ë¬´ìì´ ë¹ì¡°ë ã ã 
|
|switch|p1a: Blissey|Blissey, F|558\/672 slp
|move|p2a: ããã|Earth Power|p1a: Blissey
|-damage|p1a: Blissey|486\/672 slp
|
|-weather|SunnyDay|[upkeep]
|turn|22
|callback|decision
|
|switch|p1a: Claydol|Claydol|237\/324
|move|p2a: ããã|Earth Power|p1a: Claydol
|-immune|p1a: Claydol|[msg]
|
|-weather|SunnyDay|[upkeep]
|turn|23
|callback|decision
|chat|kkdas|gg ã ã ã 
|chat|bange|;
|
|move|p1a: Claydol|Magic Coat|p1a: Claydol
|-singleturn|p1a: Claydol|move: Magic Coat
|move|p2a: ããã|Surf|p1a: Claydol
|-supereffective|p1a: Claydol
|-damage|p1a: Claydol|151\/324
|
|-weather|SunnyDay|[upkeep]
|turn|24
|callback|decision
|chat|bange|ì
|
|switch|p1a: Blissey|Blissey, F|486\/672 slp
|move|p2a: ããã|Surf|p1a: Blissey
|-damage|p1a: Blissey|449\/672 slp
|
|-weather|SunnyDay|[upkeep]
|turn|25
|callback|decision
|chat|kkdas|ë§¤ì§ì½í¸ ë­ìì
|chat|kkdas|ì²¨ë³´ë ê¸°ì 
|chat|bange|ë§¤ì§ë¯¸ë¬ ê°ìê±°ì
|chat|bange|ë§¹ëì¸ì¤ ìê³  ëë ëë° ã ã 
|chat|kkdas|ì
|
|cant|p1a: Blissey|slp
|move|p2a: ããã|Earth Power|p1a: Blissey
|-damage|p1a: Blissey|377\/672 slp
|
|-weather|SunnyDay|[upkeep]
|turn|26
|callback|decision
|chat|kkdas|ë§ ë°ì¤ëì¹¸ì´ ë²ì¯ëª¨ ê·¸ê±¸ë¡ ì¿ë§¤ê¸°ëë°
|
|switch|p2a: ë°©ì´ë°ë³´|Landorus-Therian, M, shiny|71\/319
|-damage|p2a: ë°©ì´ë°ë³´|32\/319|[from] Stealth Rock
|-ability|p2a: ë°©ì´ë°ë³´|Intimidate|[of] p1a: Blissey
|-unboost|p1a: Blissey|atk|1
|-curestatus|p1a: Blissey|slp
|move|p1a: Blissey|Wish|p1a: Blissey
|
|-weather|SunnyDay|[upkeep]
|turn|27
|callback|decision
|chat|kkdas|ìí¬ ã ã 
|
|switch|p1a: Cloyster|Cloyster, M|242\/242
|move|p2a: ë°©ì´ë°ë³´|Earthquake|p1a: Cloyster
|-damage|p1a: Cloyster|116\/242
|
|-weather|SunnyDay|[upkeep]
|-heal|p1a: Cloyster|242\/242|[from] move: Wish|[wisher] Blissey
|turn|28
|callback|decision
|chat|kkdas|ì¤ë½ ìí¬ ã ã 
|chat|kkdas|ã±ã±?
|chat|kkdas|ë ì¸ê° ã ã 
|chat|kkdas|ãã´ãã¹
|chat|kkdas|ã´ãã¹
|chat|kkdas|ãã´ãã¹
|chat|kkdas|ã´ããã´ãã¹
|
|move|p1a: Cloyster|Ice Shard|p2a: ë°©ì´ë°ë³´
|-supereffective|p2a: ë°©ì´ë°ë³´
|-damage|p2a: ë°©ì´ë°ë³´|0 fnt
|faint|p2a: ë°©ì´ë°ë³´
|
|-weather|SunnyDay|[upkeep]
|callback|decision
|
|switch|p2a: ã·ã·ã±|Heatran, M, shiny|386\/386 par
|-damage|p2a: ã·ã·ã±|338\/386 par|[from] Stealth Rock
|turn|29
|callback|decision
|
|move|p1a: Cloyster|Shell Smash|p1a: Cloyster
|-boost|p1a: Cloyster|atk|2
|-boost|p1a: Cloyster|spa|2
|-boost|p1a: Cloyster|spe|2
|-unboost|p1a: Cloyster|def|1
|-unboost|p1a: Cloyster|spd|1
|move|p2a: ã·ã·ã±|Lava Plume|p1a: Cloyster
|-enditem|p1a: Cloyster|Focus Sash
|-damage|p1a: Cloyster|1\/242
|
|-weather|SunnyDay|[upkeep]
|-heal|p2a: ã·ã·ã±|362\/386 par|[from] item: Leftovers
|turn|30
|callback|decision
|chat|bange|ìíì´
|
|move|p1a: Cloyster|Rock Blast|p2a: ã·ã·ã±
|-damage|p2a: ã·ã·ã±|308\/386 par
|-damage|p2a: ã·ã·ã±|260\/386 par
|-damage|p2a: ã·ã·ã±|208\/386 par
|-damage|p2a: ã·ã·ã±|159\/386 par
|-damage|p2a: ã·ã·ã±|104\/386 par
|-hitcount|p2a: ã·ã·ã±|5
|move|p2a: ã·ã·ã±|Lava Plume|p1a: Cloyster
|-damage|p1a: Cloyster|0 fnt
|faint|p1a: Cloyster
|
|-weather|SunnyDay|[upkeep]
|-heal|p2a: ã·ã·ã±|128\/386 par|[from] item: Leftovers
|callback|decision
|chat|kkdas|ë©ë¡±
|
|switch|p1a: Mienshao|Mienshao, M|271\/271
|turn|31
|callback|decision
|chat|kkdas|ë©ë¡±ë©ë¡±
|
|move|p2a: ã·ã·ã±|Protect|p2a: ã·ã·ã±
|-singleturn|p2a: ã·ã·ã±|Protect
|move|p1a: Mienshao|Drain Punch|p2a: ã·ã·ã±
|-activate|p2a: ã·ã·ã±|Protect
|
|-weather|SunnyDay|[upkeep]
|-heal|p2a: ã·ã·ã±|152\/386 par|[from] item: Leftovers
|turn|32
|callback|decision
|chat|kkdas|í
|chat|kkdas|ë¬´ì°¨ê° ìëì¼
|
|switch|p2a: ì ì¬ë°¥ ã ã |Starmie|217\/324
|-damage|p2a: ì ì¬ë°¥ ã ã |177\/324|[from] Stealth Rock
|move|p1a: Mienshao|Drain Punch|p2a: ì ì¬ë°¥ ã ã 
|-resisted|p2a: ì ì¬ë°¥ ã ã 
|-damage|p2a: ì ì¬ë°¥ ã ã |119\/324
|-damage|p1a: Mienshao|226\/271|[from] item: Rocky Helmet|[of] p2a: ì ì¬ë°¥ ã ã 
|
|-weather|SunnyDay|[upkeep]
|turn|33
|callback|decision
|
|switch|p1a: Slowbro|Slowbro, M|394\/394
|move|p2a: ì ì¬ë°¥ ã ã |Rapid Spin|p1a: Slowbro
|-damage|p1a: Slowbro|385\/394
|-damage|p2a: ì ì¬ë°¥ ã ã |65\/324|[from] item: Rocky Helmet|[of] p1a: Slowbro
|-sideend|p2: kkdas|Stealth Rock|[from] move: Rapid Spin|[of] p2a: ì ì¬ë°¥ ã ã 
|
|-weather|SunnyDay|[upkeep]
|turn|34
|callback|decision
|chat|kkdas|ì¬íë¤ ã ã 
|
|move|p2a: ì ì¬ë°¥ ã ã |Recover|p2a: ì ì¬ë°¥ ã ã 
|-heal|p2a: ì ì¬ë°¥ ã ã |227\/324
|move|p1a: Slowbro|Calm Mind|p1a: Slowbro
|-boost|p1a: Slowbro|spa|1
|-boost|p1a: Slowbro|spd|1
|
|-weather|SunnyDay|[upkeep]
|turn|35
|callback|decision
|chat|kkdas|ëì´ë¥¼ ë¨¸ê·¸ë©´ ë°©ì´ëì²ë¼ ë ìììê¹? ã ã 
|
|switch|p2a: í¬ëíë¼ì´ë²|Ninetales, M|219\/288
|move|p1a: Slowbro|Psyshock|p2a: í¬ëíë¼ì´ë²
|-damage|p2a: í¬ëíë¼ì´ë²|38\/288
|
|-weather|SunnyDay|[upkeep]
|turn|36
|callback|decision
|chat|kkdas|íí°ì§ëê±° ë ì´ë ¤ìì ã ã 
|
|move|p2a: í¬ëíë¼ì´ë²|SolarBeam|p1a: Slowbro|[still]
|-prepare|p2a: í¬ëíë¼ì´ë²|SolarBeam|p1a: Slowbro
|-anim|p2a: í¬ëíë¼ì´ë²|SolarBeam|p1a: Slowbro
|-supereffective|p1a: Slowbro
|-damage|p1a: Slowbro|121\/394
|move|p1a: Slowbro|Slack Off|p1a: Slowbro
|-heal|p1a: Slowbro|318\/394
|
|-weather|SunnyDay|[upkeep]
|turn|37
|callback|decision
|chat|kkdas|ã±ã±ã±
|chat|kkdas|ë°©ì´ë íì¥ì¤ ê°ì¨ëì?
|chat|kkdas|ì¬---------ì¼
|chat|kkdas|ì---------ê°
|chat|kkdas|ë¿ì§ë¿ì§
|chat|bange|ã´ã´
|chat|kkdas|í
|chat|bange|ë ì´ìì´ì ãã
|chat|kkdas|ã·ã·?
|
|move|p2a: í¬ëíë¼ì´ë²|SolarBeam|p1a: Slowbro|[still]
|-prepare|p2a: í¬ëíë¼ì´ë²|SolarBeam|p1a: Slowbro
|-anim|p2a: í¬ëíë¼ì´ë²|SolarBeam|p1a: Slowbro
|-supereffective|p1a: Slowbro
|-damage|p1a: Slowbro|90\/394
|move|p1a: Slowbro|Psyshock|p2a: í¬ëíë¼ì´ë²
|-damage|p2a: í¬ëíë¼ì´ë²|0 fnt
|faint|p2a: í¬ëíë¼ì´ë²
|
|-weather|SunnyDay|[upkeep]
|callback|decision
|
|switch|p2a: ããã|Gastrodon, F|318\/426
|turn|38
|callback|decision
|chat|bange|ì¸íë·ì´ ë°ê³ ìë¼ì :(
|
|switch|p1a: Blissey|Blissey, F|377\/672
|move|p2a: ããã|Earth Power|p1a: Blissey
|-damage|p1a: Blissey|310\/672
|
|-weather|SunnyDay|[upkeep]
|turn|39
|callback|decision
|chat|kkdas|í ã¡ã¡
|
|move|p1a: Blissey|Wish|p1a: Blissey
|move|p2a: ããã|Toxic|p1a: Blissey
|-status|p1a: Blissey|tox
|
|-weather|SunnyDay|[upkeep]
|-damage|p1a: Blissey|268\/672 tox|[from] psn
|turn|40
|callback|decision
|chat|kkdas|ë ì¬ ì«ì ã¡ã¡
|
|move|p1a: Blissey|Heal Bell|p1a: Blissey
|-cureteam|p1a: Blissey|[from] move: HealBell
|move|p2a: ããã|Toxic|p1a: Blissey
|-status|p1a: Blissey|tox
|
|-weather|SunnyDay|[upkeep]
|-heal|p1a: Blissey|604\/672 tox|[from] move: Wish|[wisher] Blissey
|-damage|p1a: Blissey|562\/672 tox|[from] psn
|turn|41
|callback|decision
|chat|bange|íìµ
|chat|kkdas|ë§¤ë¡±
|
|move|p1a: Blissey|Wish|p1a: Blissey
|move|p2a: ããã|Toxic|p1a: Blissey
|-fail|p1a: Blissey|tox
|
|-weather|SunnyDay|[upkeep]
|-damage|p1a: Blissey|478\/672 tox|[from] psn
|turn|42
|callback|decision
|chat|kkdas|í ã ã 
|
|switch|p1a: Claydol|Claydol|151\/324
|move|p2a: ããã|Toxic|p1a: Claydol
|-status|p1a: Claydol|tox
|
|-weather|SunnyDay|[upkeep]
|-heal|p1a: Claydol|324\/324 tox|[from] move: Wish|[wisher] Blissey
|-damage|p1a: Claydol|304\/324 tox|[from] psn
|turn|43
|callback|decision
|chat|kkdas|ììëµ¤
|
|move|p1a: Claydol|Stealth Rock|p2a: ããã
|-sidestart|p2: kkdas|move: Stealth Rock
|move|p2a: ããã|Surf|p1a: Claydol
|-supereffective|p1a: Claydol
|-damage|p1a: Claydol|226\/324 tox
|
|-weather|SunnyDay|[upkeep]
|-damage|p1a: Claydol|186\/324 tox|[from] psn
|turn|44
|callback|decision
|chat|kkdas|ê° ìëì¼ ã ã 
|
|switch|p1a: Blissey|Blissey, F|478\/672 tox
|move|p2a: ããã|Toxic|p1a: Blissey
|-fail|p1a: Blissey|tox
|
|-weather|SunnyDay|[upkeep]
|-damage|p1a: Blissey|436\/672 tox|[from] psn
|turn|45
|callback|decision
|chat|kkdas|ã¡ã¡
|chat|bange|ì ë§¤ì§ì½í¸ã ã 
|chat|kkdas|ì¼ëë ë´ì¼ì£ 
|
|move|p1a: Blissey|Heal Bell|p1a: Blissey
|-cureteam|p1a: Blissey|[from] move: HealBell
|move|p2a: ããã|Earth Power|p1a: Blissey
|-damage|p1a: Blissey|372\/672
|-unboost|p1a: Blissey|spd|1
|
|-weather|SunnyDay|[upkeep]
|turn|46
|callback|decision
|chat|kkdas|í ã ã 
|
|switch|p1a: Slowbro|Slowbro, M|221\/394
|move|p2a: ããã|Earth Power|p1a: Slowbro
|-damage|p1a: Slowbro|104\/394
|
|-weather|SunnyDay|[upkeep]
|turn|47
|callback|decision
|chat|kkdas|ã³ã³
|
|move|p2a: ããã|Earth Power|p1a: Slowbro
|-damage|p1a: Slowbro|0 fnt
|faint|p1a: Slowbro
|
|-weather|SunnyDay|[upkeep]
|callback|decision
|chat|bange|ì£¼ì ê²½ê¸°ãã
|
|switch|p1a: Togekiss|Togekiss, F|321\/321
|turn|48
|callback|decision
|chat|kkdas|ì¼í ê¸°ë¶ë°ì ê¸°ë¶ ã ã 
|
|move|p1a: Togekiss|Air Slash|p2a: ããã
|-damage|p2a: ããã|165\/426
|-enditem|p2a: ããã|Sitrus Berry|[eat]
|-heal|p2a: ããã|271\/426|[from] item: Sitrus Berry
|move|p2a: ããã|Toxic|p1a: Togekiss
|-status|p1a: Togekiss|tox
|
|-weather|SunnyDay|[upkeep]
|-damage|p1a: Togekiss|301\/321 tox|[from] psn
|turn|49
|callback|decision
|chat|bange|ìë¼!
|
|switch|p1a: Blissey|Blissey, F|372\/672
|switch|p2a: ã·ã·ã±|Heatran, M, shiny|152\/386 par
|-damage|p2a: ã·ã·ã±|104\/386 par|[from] Stealth Rock
|
|-weather|SunnyDay|[upkeep]
|-heal|p2a: ã·ã·ã±|128\/386 par|[from] item: Leftovers
|turn|50
|callback|decision
|chat|kkdas|ê°ë²ë ·!
|
|move|p1a: Blissey|Heal Bell|p1a: Blissey
|-cureteam|p1a: Blissey|[from] move: HealBell
|cant|p2a: ã·ã·ã±|par
|
|-weather|SunnyDay|[upkeep]
|-heal|p2a: ã·ã·ã±|152\/386 par|[from] item: Leftovers
|turn|51
|callback|decision
|chat|kkdas|ë¿ì§!
|chat|kkdas|í
|
|move|p1a: Blissey|Wish|p1a: Blissey
|move|p2a: ã·ã·ã±|Lava Plume|p1a: Blissey
|-damage|p1a: Blissey|242\/672
|-status|p1a: Blissey|brn
|
|-weather|SunnyDay|[upkeep]
|-heal|p2a: ã·ã·ã±|176\/386 par|[from] item: Leftovers
|-damage|p1a: Blissey|158\/672 brn|[from] brn
|turn|52
|callback|decision
|
|move|p1a: Blissey|Heal Bell|p1a: Blissey
|-cureteam|p1a: Blissey|[from] move: HealBell
|cant|p2a: ã·ã·ã±|par
|
|-weather|SunnyDay|[upkeep]
|-heal|p1a: Blissey|494\/672|[from] move: Wish|[wisher] Blissey
|-heal|p2a: ã·ã·ã±|200\/386 par|[from] item: Leftovers
|turn|53
|callback|decision
|chat|kkdas|ã¡ã¡
|
|move|p1a: Blissey|Thunder|p2a: ã·ã·ã±|[miss]
|-miss|p1a: Blissey|p2a: ã·ã·ã±
|cant|p2a: ã·ã·ã±|par
|
|-weather|SunnyDay|[upkeep]
|-heal|p2a: ã·ã·ã±|224\/386 par|[from] item: Leftovers
|turn|54
|callback|decision
|chat|kkdas|ë¶ì°ê¸ìë©´ ì¡ëê±´ë
|chat|bange|ì¼ ê²½ê¸°ê° ëë¬ìì¡ë¤ì;;
|
|move|p1a: Blissey|Thunder|p2a: ã·ã·ã±|[miss]
|-miss|p1a: Blissey|p2a: ã·ã·ã±
|move|p2a: ã·ã·ã±|Lava Plume|p1a: Blissey
|-damage|p1a: Blissey|359\/672
|
|-weather|SunnyDay|[upkeep]
|-heal|p2a: ã·ã·ã±|248\/386 par|[from] item: Leftovers
|turn|55
|callback|decision
|chat|kkdas|ì°ì!
|chat|kkdas|ì¾ì²­ ë²ê°
|
|move|p1a: Blissey|Thunder|p2a: ã·ã·ã±|[miss]
|-miss|p1a: Blissey|p2a: ã·ã·ã±
|move|p2a: ã·ã·ã±|Lava Plume|p1a: Blissey
|-damage|p1a: Blissey|239\/672
|
|-weather|SunnyDay|[upkeep]
|-heal|p2a: ã·ã·ã±|272\/386 par|[from] item: Leftovers
|turn|56
|callback|decision
|chat|kkdas|ã·ã·
|
|move|p1a: Blissey|Wish|p1a: Blissey
|move|p2a: ã·ã·ã±|Toxic|p1a: Blissey|[miss]
|-miss|p2a: ã·ã·ã±|p1a: Blissey
|
|-weather|SunnyDay|[upkeep]
|-heal|p2a: ã·ã·ã±|296\/386 par|[from] item: Leftovers
|turn|57
|callback|decision
|chat|kkdas|ëªì¤ë¥  ê·¹ì
|
|switch|p1a: Claydol|Claydol|186\/324
|move|p2a: ã·ã·ã±|Toxic|p1a: Claydol
|-status|p1a: Claydol|tox
|
|-weather|SunnyDay|[upkeep]
|-heal|p1a: Claydol|324\/324 tox|[from] move: Wish|[wisher] Blissey
|-heal|p2a: ã·ã·ã±|320\/386 par|[from] item: Leftovers
|-damage|p1a: Claydol|304\/324 tox|[from] psn
|turn|58
|callback|decision
|chat|kkdas|ãë¡±
|
|switch|p2a: ì ì¬ë°¥ ã ã |Starmie|227\/324
|-damage|p2a: ì ì¬ë°¥ ã ã |187\/324|[from] Stealth Rock
|move|p1a: Claydol|Rapid Spin|p2a: ì ì¬ë°¥ ã ã 
|-damage|p2a: ì ì¬ë°¥ ã ã |179\/324
|-damage|p1a: Claydol|250\/324 tox|[from] item: Rocky Helmet|[of] p2a: ì ì¬ë°¥ ã ã 
|
|-weather|SunnyDay|[upkeep]
|-damage|p1a: Claydol|210\/324 tox|[from] psn
|turn|59
|callback|decision
|
|move|p2a: ì ì¬ë°¥ ã ã |Rapid Spin|p1a: Claydol
|-damage|p1a: Claydol|200\/324 tox
|-sideend|p2: kkdas|Stealth Rock|[from] move: Rapid Spin|[of] p2a: ì ì¬ë°¥ ã ã 
|move|p1a: Claydol|Earth Power|p2a: ì ì¬ë°¥ ã ã 
|-damage|p2a: ì ì¬ë°¥ ã ã |85\/324
|
|-weather|SunnyDay|[upkeep]
|-damage|p1a: Claydol|140\/324 tox|[from] psn
|turn|60
|callback|decision
|chat|kkdas|ë©ãããããë¡±
|
|move|p2a: ì ì¬ë°¥ ã ã |Surf|p1a: Claydol
|-supereffective|p1a: Claydol
|-damage|p1a: Claydol|50\/324 tox
|move|p1a: Claydol|Stealth Rock|p2a: ì ì¬ë°¥ ã ã 
|-sidestart|p2: kkdas|move: Stealth Rock
|
|-weather|SunnyDay|[upkeep]
|-damage|p1a: Claydol|0 fnt|[from] psn
|faint|p1a: Claydol
|callback|decision
|chat|kkdas|ã¡ã¡ã¡ã¡ã¡ã¡ã¡ã¡ã¡
|
|switch|p1a: Mienshao|Mienshao, M|271\/271
|turn|61
|callback|decision
|
|move|p1a: Mienshao|Hi Jump Kick|p2a: ì ì¬ë°¥ ã ã 
|-resisted|p2a: ì ì¬ë°¥ ã ã 
|-damage|p2a: ì ì¬ë°¥ ã ã |0 fnt
|-damage|p1a: Mienshao|226\/271|[from] item: Rocky Helmet|[of] p2a: ì ì¬ë°¥ ã ã 
|faint|p2a: ì ì¬ë°¥ ã ã 
|
|-weather|SunnyDay|[upkeep]
|callback|decision
|chat|kkdas|ì ­ì
|chat|kkdas|ã ã 
|chat|kkdas|í ëí ë¬´ì°¨ ã·ã·ã·
|
|switch|p2a: ããã|Gastrodon, F|271\/426
|-damage|p2a: ããã|245\/426|[from] Stealth Rock
|turn|62
|callback|decision
|
|move|p1a: Mienshao|Hi Jump Kick|p2a: ããã
|-damage|p2a: ããã|0 fnt
|faint|p2a: ããã
|
|-weather|SunnyDay|[upkeep]
|callback|decision
|chat|bange|íì´ì´ì´ì´ì´ì´ì´ì´ì-----ì!
|
|switch|p2a: ã·ã·ã±|Heatran, M, shiny|320\/386 par
|-damage|p2a: ã·ã·ã±|272\/386 par|[from] Stealth Rock
|turn|63
|callback|decision
|chat|kkdas|ã¡ã¡ã¡ã¡
|
|move|p1a: Mienshao|Hi Jump Kick|p2a: ã·ã·ã±
|-supereffective|p2a: ã·ã·ã±
|-damage|p2a: ã·ã·ã±|0 fnt
|faint|p2a: ã·ã·ã±
|
|win|bange
|chat|bange|;