|join|bange
|join|Electric Queen
|player|p1|bange|142
|player|p2|Electric Queen|170
|gametype|singles
|tier|OU
|rated
|rule|Evasion Abilities Clause: Evasion abilities are banned
|clearpoke
|poke|p1|Mamoswine, M
|poke|p1|Scizor, F
|poke|p1|Latios, M
|poke|p1|Jellicent, F
|poke|p1|Conkeldurr, M
|poke|p1|Tyranitar, M
|poke|p2|Jirachi
|poke|p2|Mismagius, M
|poke|p2|Lucario, F
|poke|p2|Latios, M
|poke|p2|Salamence, F
|poke|p2|Skarmory, M
|rule|Sleep Clause Mod: Limit one foe put to sleep
|rule|Species Clause: Limit one of each Pokemon
|rule|OHKO Clause: OHKO moves are banned
|rule|Moody Clause: Moody is banned
|rule|Evasion Moves Clause: Evasion moves are banned
|rule|HP Percentage Mod: HP is reported as percentages
|teampreview
|callback|decision
|
|start
|switch|p1a: Mamoswine|Mamoswine, M|362\/362
|switch|p2a: Skarmory|Skarmory, M|272\/272
|turn|1
|callback|decision
|
|move|p1a: Mamoswine|Stealth Rock|p2a: Skarmory
|-sidestart|p2: Electric Queen|move: Stealth Rock
|move|p2a: Skarmory|Stealth Rock|p1a: Mamoswine
|-sidestart|p1: bange|move: Stealth Rock
|
|turn|2
|callback|decision
|
|switch|p1a: Jellicent|Jellicent, F|379\/379
|-damage|p1a: Jellicent|332\/379|[from] Stealth Rock
|move|p2a: Skarmory|Spikes|p1a: Jellicent
|-sidestart|p1: bange|Spikes
|
|turn|3
|callback|decision
|
|move|p2a: Skarmory|Taunt|p1a: Jellicent
|-start|p1a: Jellicent|move: Taunt
|cant|p1a: Jellicent|move: Taunt|Trick Room
|
|turn|4
|callback|decision
|
|move|p2a: Skarmory|Spikes|p1a: Jellicent
|-sidestart|p1: bange|Spikes
|move|p1a: Jellicent|Hydro Pump|p2a: Skarmory|[miss]
|-miss|p1a: Jellicent|p2a: Skarmory
|
|turn|5
|callback|decision
|
|move|p2a: Skarmory|Spikes|p1a: Jellicent
|-sidestart|p1: bange|Spikes
|move|p1a: Jellicent|Ice Beam|p2a: Skarmory
|-damage|p2a: Skarmory|108\/272
|-damage|p1a: Jellicent|295\/379|[from] item: Life Orb
|
|-end|p1a: Jellicent|move: Taunt
|turn|6
|callback|decision
|
|move|p2a: Skarmory|Brave Bird|p1a: Jellicent
|-damage|p1a: Jellicent|121\/379
|-damage|p2a: Skarmory|51\/272|[from] recoil|[of] p1a: Jellicent
|move|p1a: Jellicent|Ice Beam|p2a: Skarmory
|-damage|p2a: Skarmory|0 fnt
|-damage|p1a: Jellicent|84\/379|[from] item: Life Orb
|faint|p2a: Skarmory
|
|callback|decision
|
|switch|p2a: Jirachi|Jirachi|341\/341
|-damage|p2a: Jirachi|320\/341|[from] Stealth Rock
|turn|7
|callback|decision
|
|move|p2a: Jirachi|Thunderbolt|p1a: Jellicent
|-supereffective|p1a: Jellicent
|-damage|p1a: Jellicent|0 fnt
|faint|p1a: Jellicent
|
|callback|decision
|
|switch|p1a: Mamoswine|Mamoswine, M|362\/362
|-damage|p1a: Mamoswine|272\/362|[from] Spikes
|-damage|p1a: Mamoswine|227\/362|[from] Stealth Rock
|turn|8
|callback|decision
|
|switch|p2a: Mismagius|Mismagius, M|262\/262
|-damage|p2a: Mismagius|230\/262|[from] Stealth Rock
|move|p1a: Mamoswine|Earthquake|p2a: Mismagius
|-immune|p2a: Mismagius|[msg]
|
|turn|9
|callback|decision
|
|switch|p1a: Tyranitar|Tyranitar, M|342\/342
|-damage|p1a: Tyranitar|257\/342|[from] Spikes
|-damage|p1a: Tyranitar|215\/342|[from] Stealth Rock
|-weather|Sandstorm|[from] ability: Sand Stream|[of] p1a: Tyranitar
|move|p2a: Mismagius|Hidden Power|p1a: Tyranitar
|-resisted|p1a: Tyranitar
|-damage|p1a: Tyranitar|191\/342
|
|-weather|Sandstorm|[upkeep]
|-damage|p2a: Mismagius|214\/262|[from] sandstorm
|turn|10
|callback|decision
|
|switch|p2a: Salamence|Salamence, F|332\/332
|-damage|p2a: Salamence|249\/332|[from] Stealth Rock
|move|p1a: Tyranitar|Dragon Dance|p1a: Tyranitar
|-boost|p1a: Tyranitar|atk|1
|-boost|p1a: Tyranitar|spe|1
|
|-weather|Sandstorm|[upkeep]
|-damage|p2a: Salamence|229\/332|[from] sandstorm
|turn|11
|callback|decision
|
|move|p2a: Salamence|Earthquake|p1a: Tyranitar
|-supereffective|p1a: Tyranitar
|-damage|p1a: Tyranitar|0 fnt
|faint|p1a: Tyranitar
|-boost|p2a: Salamence|atk|1|[from] ability: Moxie
|
|-weather|Sandstorm|[upkeep]
|-damage|p2a: Salamence|209\/332|[from] sandstorm
|callback|decision
|
|switch|p1a: Latios|Latios, M|302\/302
|-damage|p1a: Latios|265\/302|[from] Stealth Rock
|turn|12
|callback|decision
|
|switch|p2a: Jirachi|Jirachi|320\/341
|-damage|p2a: Jirachi|299\/341|[from] Stealth Rock
|move|p1a: Latios|Surf|p2a: Jirachi
|-damage|p2a: Jirachi|112\/341
|
|-weather|Sandstorm|[upkeep]
|-damage|p1a: Latios|247\/302|[from] sandstorm
|turn|13
|callback|decision
|
|move|p1a: Latios|Surf|p2a: Jirachi
|-damage|p2a: Jirachi|0 fnt
|faint|p2a: Jirachi
|
|-weather|Sandstorm|[upkeep]
|-damage|p1a: Latios|229\/302|[from] sandstorm
|callback|decision
|
|switch|p2a: Salamence|Salamence, F|209\/332
|-damage|p2a: Salamence|126\/332|[from] Stealth Rock
|turn|14
|callback|decision
|
|move|p2a: Salamence|Outrage|p1a: Latios
|-supereffective|p1a: Latios
|-damage|p1a: Latios|0 fnt
|faint|p1a: Latios
|-boost|p2a: Salamence|atk|1|[from] ability: Moxie
|
|-weather|Sandstorm|[upkeep]
|-damage|p2a: Salamence|106\/332|[from] sandstorm
|callback|decision
|
|switch|p1a: Scizor|Scizor, F|302\/302
|-damage|p1a: Scizor|227\/302|[from] Spikes
|-damage|p1a: Scizor|190\/302|[from] Stealth Rock
|turn|15
|callback|decision
|
|move|p1a: Scizor|Bullet Punch|p2a: Salamence
|-crit|p2a: Salamence
|-damage|p2a: Salamence|0 fnt
|faint|p2a: Salamence
|
|-weather|Sandstorm|[upkeep]
|callback|decision
|
|switch|p2a: Latios|Latios, M|302\/302
|-damage|p2a: Latios|265\/302|[from] Stealth Rock
|turn|16
|callback|decision
|
|move|p1a: Scizor|Bullet Punch|p2a: Latios
|-damage|p2a: Latios|39\/302
|move|p2a: Latios|Hidden Power|p1a: Scizor
|-supereffective|p1a: Scizor
|-damage|p1a: Scizor|0 fnt
|faint|p1a: Scizor
|
|-weather|Sandstorm|[upkeep]
|-damage|p2a: Latios|21\/302|[from] sandstorm
|callback|decision
|
|switch|p1a: Mamoswine|Mamoswine, M|227\/362
|-damage|p1a: Mamoswine|182\/362|[from] Stealth Rock
|-damage|p1a: Mamoswine|92\/362|[from] Spikes
|turn|17
|callback|decision
|
|move|p1a: Mamoswine|Ice Shard|p2a: Latios
|-supereffective|p2a: Latios
|-damage|p2a: Latios|0 fnt
|faint|p2a: Latios
|
|-weather|Sandstorm|[upkeep]
|callback|decision
|
|switch|p2a: Lucario|Lucario, F|282\/282
|-damage|p2a: Lucario|274\/282|[from] Stealth Rock
|turn|18
|callback|decision
|
|move|p2a: Lucario|Bullet Punch|p1a: Mamoswine
|-supereffective|p1a: Mamoswine
|-damage|p1a: Mamoswine|0 fnt
|-damage|p2a: Lucario|246\/282|[from] item: Life Orb
|faint|p1a: Mamoswine
|
|-weather|Sandstorm|[upkeep]
|callback|decision
|
|switch|p1a: Conkeldurr|Conkeldurr, M|374\/374
|-damage|p1a: Conkeldurr|281\/374|[from] Spikes
|-damage|p1a: Conkeldurr|258\/374|[from] Stealth Rock
|turn|19
|callback|decision
|
|move|p1a: Conkeldurr|Mach Punch|p2a: Lucario
|-supereffective|p2a: Lucario
|-damage|p2a: Lucario|0 fnt
|faint|p2a: Lucario
|
|-weather|Sandstorm|[upkeep]
|-damage|p1a: Conkeldurr|235\/374|[from] sandstorm
|callback|decision
|
|switch|p2a: Mismagius|Mismagius, M|214\/262
|-damage|p2a: Mismagius|182\/262|[from] Stealth Rock
|turn|20
|callback|decision
|
|move|p2a: Mismagius|Substitute|p2a: Mismagius
|-start|p2a: Mismagius|Substitute
|-damage|p2a: Mismagius|117\/262
|move|p1a: Conkeldurr|ThunderPunch|p2a: Mismagius
|-end|p2a: Mismagius|Substitute
|
|-weather|Sandstorm|[upkeep]
|-damage|p2a: Mismagius|101\/262|[from] sandstorm
|-damage|p1a: Conkeldurr|212\/374|[from] sandstorm
|turn|21
|callback|decision
|
|move|p2a: Mismagius|Nasty Plot|p2a: Mismagius
|-boost|p2a: Mismagius|spa|2
|move|p1a: Conkeldurr|ThunderPunch|p2a: Mismagius
|-damage|p2a: Mismagius|0 fnt
|faint|p2a: Mismagius
|
|win|bange
|raw|Ladder updating...
|raw|bange's rating: 1773 &rarr; <strong>1788<\/strong><br \/>(+15 for winning)
|raw|Electric Queen's rating: 1753 &rarr; <strong>1724<\/strong><br \/>(-29 for losing)