|join|bange
|join|Windfishie
|player|p1|bange|142
|player|p2|Windfishie|131
|gametype|singles
|tier|OU
|rated
|rule|Evasion Abilities Clause: Evasion abilities are banned
|clearpoke
|poke|p1|Mamoswine, M
|poke|p1|Scizor, F
|poke|p1|Latios, M
|poke|p1|Jellicent, F
|poke|p1|Conkeldurr, M
|poke|p1|Tyranitar, M
|poke|p2|Espeon, F
|poke|p2|Vaporeon, F
|poke|p2|Umbreon, M, shiny
|poke|p2|Jolteon, F
|poke|p2|Leafeon, M, shiny
|poke|p2|Glaceon, F, shiny
|rule|Sleep Clause Mod: Limit one foe put to sleep
|rule|Species Clause: Limit one of each Pokemon
|rule|OHKO Clause: OHKO moves are banned
|rule|Moody Clause: Moody is banned
|rule|Evasion Moves Clause: Evasion moves are banned
|rule|HP Percentage Mod: HP is reported as percentages
|teampreview
|callback|decision
|
|start
|switch|p1a: Tyranitar|Tyranitar, M|342\/342
|switch|p2a: Espeon|Espeon, F|334\/334
|-weather|Sandstorm|[from] ability: Sand Stream|[of] p1a: Tyranitar
|turn|1
|callback|decision
|
|move|p2a: Espeon|Calm Mind|p2a: Espeon
|-boost|p2a: Espeon|spa|1
|-boost|p2a: Espeon|spd|1
|move|p1a: Tyranitar|Dragon Dance|p1a: Tyranitar
|-boost|p1a: Tyranitar|atk|1
|-boost|p1a: Tyranitar|spe|1
|
|-weather|Sandstorm|[upkeep]
|-damage|p2a: Espeon|314\/334|[from] sandstorm
|-heal|p2a: Espeon|334\/334|[from] item: Leftovers
|turn|2
|callback|decision
|
|move|p1a: Tyranitar|Crunch|p2a: Espeon
|-supereffective|p2a: Espeon
|-damage|p2a: Espeon|0 fnt
|faint|p2a: Espeon
|
|-weather|Sandstorm|[upkeep]
|callback|decision
|
|switch|p2a: Vaporeon|Vaporeon, F|462\/462
|turn|3
|callback|decision
|
|move|p1a: Tyranitar|Stone Edge|p2a: Vaporeon|[miss]
|-miss|p1a: Tyranitar|p2a: Vaporeon
|move|p2a: Vaporeon|Aqua Ring|p2a: Vaporeon
|-start|p2a: Vaporeon|Aqua Ring
|
|-weather|Sandstorm|[upkeep]
|-damage|p2a: Vaporeon|434\/462|[from] sandstorm
|-heal|p2a: Vaporeon|462\/462|[from] item: Leftovers
|turn|4
|callback|decision
|
|move|p1a: Tyranitar|Stone Edge|p2a: Vaporeon|[miss]
|-miss|p1a: Tyranitar|p2a: Vaporeon
|move|p2a: Vaporeon|Scald|p1a: Tyranitar
|-supereffective|p1a: Tyranitar
|-damage|p1a: Tyranitar|214\/342
|-status|p1a: Tyranitar|brn
|-enditem|p1a: Tyranitar|Lum Berry|[eat]
|-curestatus|p1a: Tyranitar|brn
|
|-weather|Sandstorm|[upkeep]
|-damage|p2a: Vaporeon|434\/462|[from] sandstorm
|-heal|p2a: Vaporeon|462\/462|[from] item: Leftovers
|turn|5
|callback|decision
|
|move|p1a: Tyranitar|Stone Edge|p2a: Vaporeon
|-crit|p2a: Vaporeon
|-damage|p2a: Vaporeon|0 fnt
|faint|p2a: Vaporeon
|
|-weather|Sandstorm|[upkeep]
|callback|decision
|
|switch|p2a: Leafeon|Leafeon, M, shiny|291\/291
|turn|6
|callback|decision
|
|move|p1a: Tyranitar|Fire Punch|p2a: Leafeon
|-supereffective|p2a: Leafeon
|-damage|p2a: Leafeon|89\/291
|move|p2a: Leafeon|Substitute|p2a: Leafeon
|-start|p2a: Leafeon|Substitute
|-damage|p2a: Leafeon|17\/291
|
|-weather|Sandstorm|[upkeep]
|-damage|p2a: Leafeon|0 fnt|[from] sandstorm
|faint|p2a: Leafeon
|callback|decision
|
|switch|p2a: Umbreon|Umbreon, M, shiny|394\/394
|turn|7
|callback|decision
|
|move|p1a: Tyranitar|Stone Edge|p2a: Umbreon
|-damage|p2a: Umbreon|153\/394
|move|p2a: Umbreon|Curse|p2a: Umbreon
|-boost|p2a: Umbreon|atk|1
|-boost|p2a: Umbreon|def|1
|-unboost|p2a: Umbreon|spe|1
|
|-weather|Sandstorm|[upkeep]
|-damage|p2a: Umbreon|129\/394|[from] sandstorm
|-heal|p2a: Umbreon|153\/394|[from] item: Leftovers
|turn|8
|callback|decision
|
|move|p1a: Tyranitar|Stone Edge|p2a: Umbreon
|-damage|p2a: Umbreon|0 fnt
|faint|p2a: Umbreon
|
|-weather|Sandstorm|[upkeep]
|callback|decision
|
|switch|p2a: Jolteon|Jolteon, F|271\/271
|turn|9
|callback|decision
|
|move|p2a: Jolteon|Thunderbolt|p1a: Tyranitar
|-damage|p1a: Tyranitar|105\/342
|move|p1a: Tyranitar|Crunch|p2a: Jolteon
|-damage|p2a: Jolteon|0 fnt
|faint|p2a: Jolteon
|
|-weather|Sandstorm|[upkeep]
|callback|decision
|
|switch|p2a: Glaceon|Glaceon, F, shiny|271\/271
|turn|10
|callback|decision
|
|move|p1a: Tyranitar|Stone Edge|p2a: Glaceon
|-supereffective|p2a: Glaceon
|-damage|p2a: Glaceon|0 fnt
|faint|p2a: Glaceon
|
|win|bange
|raw|Ladder updating...
|raw|bange's rating: 1761 &rarr; <strong>1773<\/strong><br \/>(+12 for winning)
|raw|Windfishie's rating: 1717 &rarr; <strong>1714<\/strong><br \/>(-3 for losing)