|join|bange
|join|Joelruns
|player|p1|bange|142
|player|p2|Joelruns|163
|gametype|singles
|tier|OU
|rated
|rule|Evasion Abilities Clause: Evasion abilities are banned
|clearpoke
|poke|p1|Zoroark, M, shiny
|poke|p1|Reuniclus, M
|poke|p1|Mamoswine, M
|poke|p1|Ferrothorn, M
|poke|p1|Jellicent, M
|poke|p1|Xatu, F
|poke|p2|Jolteon, M
|poke|p2|Dragonite, M
|poke|p2|Politoed, M
|poke|p2|Conkeldurr, F
|poke|p2|Tentacruel, F
|poke|p2|Ferrothorn, M
|rule|Sleep Clause Mod: Limit one foe put to sleep
|rule|Species Clause: Limit one of each Pokemon
|rule|OHKO Clause: OHKO moves are banned
|rule|Moody Clause: Moody is banned
|rule|Evasion Moves Clause: Evasion moves are banned
|rule|HP Percentage Mod: HP is reported as percentages
|teampreview
|callback|decision
|
|start
|switch|p1a: Jellicent|Jellicent, M|262\/262
|switch|p2a: Usain Bolteon|Jolteon, M|271\/271
|turn|1
|callback|decision
|
|move|p1a: Jellicent|Sucker Punch|p2a: Usain Bolteon
|-damage|p2a: Usain Bolteon|0 fnt
|faint|p2a: Usain Bolteon
|
|callback|decision
|chat|Joelruns|wow thats awesome
|chat|Joelruns|sucker punch jellicent
|
|switch|p2a: Frog Pubes|Politoed, M|384\/384
|-weather|RainDance|[from] ability: Drizzle|[of] p2a: Frog Pubes
|turn|2
|callback|decision
|chat|bange|band zoroak XD
|
|switch|p1a: Ferrothorn|Ferrothorn, M|352\/352
|switch|p2a: Old Jewnose|Tentacruel, F|364\/364
|
|-weather|RainDance|[upkeep]
|turn|3
|callback|decision
|chat|Joelruns|oh lol
|chat|Joelruns|:(
|chat|Joelruns|u got me lol
|
|switch|p1a: Xatu|Xatu, F|327\/327
|move|p2a: Old Jewnose|Substitute|p2a: Old Jewnose
|-start|p2a: Old Jewnose|Substitute
|-damage|p2a: Old Jewnose|273\/364
|
|-weather|RainDance|[upkeep]
|-heal|p2a: Old Jewnose|295\/364|[from] ability: Rain Dish
|-heal|p2a: Old Jewnose|317\/364|[from] item: Black Sludge
|turn|4
|callback|decision
|
|move|p2a: Old Jewnose|Scald|p1a: Xatu
|-damage|p1a: Xatu|179\/327
|move|p1a: Xatu|Psychic|p2a: Old Jewnose
|-crit|p2a: Old Jewnose
|-supereffective|p2a: Old Jewnose
|-end|p2a: Old Jewnose|Substitute
|
|-weather|RainDance|[upkeep]
|-heal|p2a: Old Jewnose|339\/364|[from] ability: Rain Dish
|-heal|p2a: Old Jewnose|361\/364|[from] item: Black Sludge
|turn|5
|callback|decision
|
|switch|p2a: Butt Plug|Ferrothorn, M|352\/352
|switch|p1a: Jellicent|Jellicent, M|404\/404
|
|-weather|RainDance|[upkeep]
|turn|6
|callback|decision
|
|move|p1a: Jellicent|Taunt|p2a: Butt Plug
|-start|p2a: Butt Plug|move: Taunt
|cant|p2a: Butt Plug|move: Taunt|Leech Seed
|
|-weather|RainDance|[upkeep]
|turn|7
|callback|decision
|
|switch|p1a: Xatu|Xatu, F|179\/327
|move|p2a: Butt Plug|Power Whip|p1a: Xatu|[miss]
|-miss|p2a: Butt Plug|p1a: Xatu
|
|-weather|RainDance|[upkeep]
|turn|8
|callback|decision
|
|move|p1a: Xatu|Roost|p1a: Xatu
|-heal|p1a: Xatu|327\/327
|move|p2a: Butt Plug|Gyro Ball|p1a: Xatu
|-damage|p1a: Xatu|191\/327
|-damage|p2a: Butt Plug|294\/352|[from] item: Rocky Helmet|[of] p1a: Xatu
|
|-weather|RainDance|[upkeep]
|-heal|p2a: Butt Plug|316\/352|[from] item: Leftovers
|-end|p2a: Butt Plug|move: Taunt
|turn|9
|callback|decision
|
|move|p1a: Xatu|Heat Wave|p2a: Butt Plug
|-crit|p2a: Butt Plug
|-supereffective|p2a: Butt Plug
|-damage|p2a: Butt Plug|84\/352
|move|p2a: Butt Plug|Leech Seed|p1a: Xatu
|move|p1a: Xatu|Leech Seed|p2a: Butt Plug|[from]Magic Bounce
|-immune|p2a: Butt Plug|[msg]
|
|-weather|RainDance|[upkeep]
|-heal|p2a: Butt Plug|106\/352|[from] item: Leftovers
|turn|10
|callback|decision
|chat|Joelruns|awâ¦.
|chat|Joelruns|lol
|
|switch|p2a: Frog Pubes|Politoed, M|384\/384
|move|p1a: Xatu|Psychic|p2a: Frog Pubes
|-damage|p2a: Frog Pubes|276\/384
|
|-weather|RainDance|[upkeep]
|-heal|p2a: Frog Pubes|300\/384|[from] item: Leftovers
|turn|11
|callback|decision
|
|move|p1a: Xatu|U-turn|p2a: Frog Pubes
|-damage|p2a: Frog Pubes|266\/384
|callback|decision
|
|switch|p1a: Ferrothorn|Ferrothorn, M|352\/352
|move|p2a: Frog Pubes|Perish Song|p2a: Frog Pubes
|-fieldactivate|move: Perish Song
|
|-start|p2a: Frog Pubes|perish3
|-start|p1a: Ferrothorn|perish3
|-weather|RainDance|[upkeep]
|-heal|p2a: Frog Pubes|290\/384|[from] item: Leftovers
|turn|12
|callback|decision
|
|move|p2a: Frog Pubes|Whirlpool|p1a: Ferrothorn
|-resisted|p1a: Ferrothorn
|-damage|p1a: Ferrothorn|328\/352
|-activate|p1a: Ferrothorn|move: Whirlpool|[of] p2a: Frog Pubes
|move|p1a: Ferrothorn|Leech Seed|p2a: Frog Pubes
|-start|p2a: Frog Pubes|move: Leech Seed
|
|-start|p2a: Frog Pubes|perish2
|-start|p1a: Ferrothorn|perish2
|-weather|RainDance|[upkeep]
|-heal|p2a: Frog Pubes|314\/384|[from] item: Leftovers
|-heal|p1a: Ferrothorn|350\/352|[from] item: Leftovers
|-damage|p2a: Frog Pubes|266\/384|[from] Leech Seed|[of] p1a: Ferrothorn
|-heal|p1a: Ferrothorn|352\/352|[silent]
|-damage|p1a: Ferrothorn|330\/352|[from] move: Whirlpool|[partiallytrapped]
|turn|13
|callback|decision
|
|move|p2a: Frog Pubes|Protect|p2a: Frog Pubes
|-singleturn|p2a: Frog Pubes|Protect
|move|p1a: Ferrothorn|Leech Seed|p2a: Frog Pubes
|-activate|p2a: Frog Pubes|Protect
|
|-start|p2a: Frog Pubes|perish1
|-start|p1a: Ferrothorn|perish1
|-weather|RainDance|[upkeep]
|-heal|p2a: Frog Pubes|290\/384|[from] item: Leftovers
|-heal|p1a: Ferrothorn|352\/352|[from] item: Leftovers
|-damage|p2a: Frog Pubes|242\/384|[from] Leech Seed|[of] p1a: Ferrothorn
|-damage|p1a: Ferrothorn|330\/352|[from] move: Whirlpool|[partiallytrapped]
|turn|14
|callback|decision
|
|switch|p2a: Old Jewnose|Tentacruel, F|361\/364
|move|p1a: Ferrothorn|Leech Seed|p2a: Old Jewnose
|-start|p2a: Old Jewnose|move: Leech Seed
|
|-start|p1a: Ferrothorn|perish0
|-weather|RainDance|[upkeep]
|-heal|p2a: Old Jewnose|364\/364|[from] ability: Rain Dish
|faint|p1a: Ferrothorn
|callback|decision
|
|switch|p1a: Mamoswine|Mamoswine, M|362\/362
|turn|15
|callback|decision
|
|move|p1a: Mamoswine|Earthquake|p2a: Old Jewnose
|-supereffective|p2a: Old Jewnose
|-damage|p2a: Old Jewnose|14\/364
|move|p2a: Old Jewnose|Substitute|p2a: Old Jewnose
|-fail|p2a: Old Jewnose|move: Substitute|[weak]
|
|-weather|RainDance|[upkeep]
|-heal|p2a: Old Jewnose|36\/364|[from] ability: Rain Dish
|-heal|p2a: Old Jewnose|58\/364|[from] item: Black Sludge
|-damage|p2a: Old Jewnose|13\/364|[from] Leech Seed|[of] p1a: Mamoswine
|turn|16
|callback|decision
|chat|Joelruns|:(((((((
|chat|Joelruns|i always forget what these things can do lol
|
|move|p1a: Mamoswine|Icicle Spear|p2a: Old Jewnose
|-crit|p2a: Old Jewnose
|-resisted|p2a: Old Jewnose
|-damage|p2a: Old Jewnose|0 fnt
|-hitcount|p2a: Old Jewnose|1
|faint|p2a: Old Jewnose
|
|-weather|RainDance|[upkeep]
|callback|decision
|
|switch|p2a: D'You Even Lift|Conkeldurr, F|381\/381
|turn|17
|callback|decision
|
|switch|p1a: Xatu|Xatu, F|191\/327
|move|p2a: D'You Even Lift|Bulk Up|p2a: D'You Even Lift
|-boost|p2a: D'You Even Lift|atk|1
|-boost|p2a: D'You Even Lift|def|1
|
|-weather|RainDance|[upkeep]
|turn|18
|callback|decision
|
|move|p1a: Xatu|Psychic|p2a: D'You Even Lift
|-supereffective|p2a: D'You Even Lift
|-damage|p2a: D'You Even Lift|145\/381
|move|p2a: D'You Even Lift|Ice Punch|p1a: Xatu
|-supereffective|p1a: Xatu
|-damage|p1a: Xatu|0 fnt
|-damage|p2a: D'You Even Lift|82\/381|[from] item: Rocky Helmet|[of] p1a: Xatu
|faint|p1a: Xatu
|
|-weather|RainDance|[upkeep]
|-heal|p2a: D'You Even Lift|105\/381|[from] item: Leftovers
|callback|decision
|
|switch|p1a: Reuniclus|Reuniclus, M|366\/366
|turn|19
|callback|decision
|
|move|p2a: D'You Even Lift|Payback|p1a: Reuniclus
|-supereffective|p1a: Reuniclus
|-damage|p1a: Reuniclus|150\/366
|move|p1a: Reuniclus|Trick Room|p1a: Reuniclus
|-fieldstart|move: Trick Room|[of] p1a: Reuniclus
|
|-weather|RainDance|[upkeep]
|-heal|p2a: D'You Even Lift|128\/381|[from] item: Leftovers
|turn|20
|callback|decision
|
|switch|p2a: Butt Plug|Ferrothorn, M|106\/352
|move|p1a: Reuniclus|Psychic|p2a: Butt Plug
|-resisted|p2a: Butt Plug
|-damage|p2a: Butt Plug|16\/352
|-unboost|p2a: Butt Plug|spd|1
|
|-weather|RainDance|[upkeep]
|-heal|p2a: Butt Plug|38\/352|[from] item: Leftovers
|turn|21
|callback|decision
|
|move|p2a: Butt Plug|Gyro Ball|p1a: Reuniclus
|-damage|p1a: Reuniclus|105\/366
|move|p1a: Reuniclus|Psychic|p2a: Butt Plug
|-resisted|p2a: Butt Plug
|-damage|p2a: Butt Plug|0 fnt
|faint|p2a: Butt Plug
|
|-weather|RainDance|[upkeep]
|callback|decision
|
|switch|p2a: Frog Pubes|Politoed, M|242\/384
|turn|22
|callback|decision
|
|move|p2a: Frog Pubes|Protect|p2a: Frog Pubes
|-singleturn|p2a: Frog Pubes|Protect
|move|p1a: Reuniclus|Psychic|p2a: Frog Pubes
|-activate|p2a: Frog Pubes|Protect
|
|-weather|RainDance|[upkeep]
|-heal|p2a: Frog Pubes|266\/384|[from] item: Leftovers
|turn|23
|callback|decision
|
|move|p1a: Reuniclus|Psychic|p2a: Frog Pubes
|-damage|p2a: Frog Pubes|39\/384
|move|p2a: Frog Pubes|Scald|p1a: Reuniclus
|-damage|p1a: Reuniclus|0 fnt
|faint|p1a: Reuniclus
|
|-weather|RainDance|[upkeep]
|-heal|p2a: Frog Pubes|63\/384|[from] item: Leftovers
|-fieldend|move: Trick Room
|callback|decision
|
|switch|p1a: Mamoswine|Mamoswine, M|362\/362
|turn|24
|callback|decision
|
|move|p1a: Mamoswine|Earthquake|p2a: Frog Pubes
|-damage|p2a: Frog Pubes|0 fnt
|faint|p2a: Frog Pubes
|
|-weather|RainDance|[upkeep]
|callback|decision
|
|switch|p2a: D'You Even Lift|Conkeldurr, F|128\/381
|turn|25
|callback|decision
|
|switch|p1a: Jellicent|Jellicent, M|404\/404
|move|p2a: D'You Even Lift|Mach Punch|p1a: Jellicent
|-immune|p1a: Jellicent|[msg]
|
|-weather|RainDance|[upkeep]
|-heal|p2a: D'You Even Lift|151\/381|[from] item: Leftovers
|turn|26
|callback|decision
|
|move|p1a: Jellicent|Night Shade|p2a: D'You Even Lift
|-damage|p2a: D'You Even Lift|51\/381
|move|p2a: D'You Even Lift|Payback|p1a: Jellicent
|-supereffective|p1a: Jellicent
|-damage|p1a: Jellicent|82\/404
|-enditem|p1a: Jellicent|Sitrus Berry|[eat]
|-heal|p1a: Jellicent|183\/404|[from] item: Sitrus Berry
|
|-weather|RainDance|[upkeep]
|-heal|p2a: D'You Even Lift|74\/381|[from] item: Leftovers
|turn|27
|callback|decision
|
|switch|p2a: Dat Swagonite|Dragonite, M|323\/323
|move|p1a: Jellicent|Night Shade|p2a: Dat Swagonite
|-damage|p2a: Dat Swagonite|223\/323
|
|-weather|RainDance|[upkeep]
|-heal|p2a: Dat Swagonite|243\/323|[from] item: Leftovers
|turn|28
|callback|decision
|
|move|p2a: Dat Swagonite|Earthquake|p1a: Jellicent
|-damage|p1a: Jellicent|42\/404
|move|p1a: Jellicent|Toxic|p2a: Dat Swagonite
|-status|p2a: Dat Swagonite|tox
|
|-weather|RainDance|[upkeep]
|-heal|p2a: Dat Swagonite|263\/323 tox|[from] item: Leftovers
|-damage|p2a: Dat Swagonite|243\/323 tox|[from] psn
|turn|29
|callback|decision
|
|switch|p1a: Mamoswine|Mamoswine, M|262\/262
|move|p2a: Dat Swagonite|Earthquake|p1a: Mamoswine
|-crit|p1a: Mamoswine
|replace|p1a: Zoroark|Zoroark, M, shiny|262\/262
|-damage|p1a: Zoroark|0 fnt
|faint|p1a: Zoroark
|
|-weather|RainDance|[upkeep]
|-heal|p2a: Dat Swagonite|263\/323 tox|[from] item: Leftovers
|-damage|p2a: Dat Swagonite|223\/323 tox|[from] psn
|callback|decision
|
|switch|p1a: Mamoswine|Mamoswine, M|362\/362
|turn|30
|callback|decision
|
|move|p1a: Mamoswine|Icicle Spear|p2a: Dat Swagonite
|-supereffective|p2a: Dat Swagonite
|-damage|p2a: Dat Swagonite|43\/323 tox
|-supereffective|p2a: Dat Swagonite
|-damage|p2a: Dat Swagonite|0 fnt
|-hitcount|p2a: Dat Swagonite|2
|faint|p2a: Dat Swagonite
|
|-weather|RainDance|[upkeep]
|callback|decision
|
|switch|p2a: D'You Even Lift|Conkeldurr, F|74\/381
|turn|31
|callback|decision
|
|move|p2a: D'You Even Lift|Mach Punch|p1a: Mamoswine
|-supereffective|p1a: Mamoswine
|-damage|p1a: Mamoswine|152\/362
|move|p1a: Mamoswine|Earthquake|p2a: D'You Even Lift
|-damage|p2a: D'You Even Lift|0 fnt
|faint|p2a: D'You Even Lift
|
|win|bange
|raw|Ladder updating...
|raw|bange's rating: 1822 &rarr; <strong>1837<\/strong><br \/>(+15 for winning)
|raw|Joelruns's rating: 1767 &rarr; <strong>1760<\/strong><br \/>(-7 for losing)
|chat|Joelruns|gg
|chat|bange|gg