|join|bange
|join|kkdas
|player|p1|bange|142
|player|p2|kkdas|7
|gametype|singles
|tier|OU
|rule|Evasion Abilities Clause: Evasion abilities are banned
|clearpoke
|poke|p1|Zoroark, M, shiny
|poke|p1|Reuniclus, M
|poke|p1|Mamoswine, M
|poke|p1|Ferrothorn, M
|poke|p1|Jellicent, M
|poke|p1|Xatu, F
|poke|p2|Landorus-Therian, M, shiny
|poke|p2|Heatran, M, shiny
|poke|p2|Ninetales, F
|poke|p2|Gastrodon, M
|poke|p2|Venusaur, M
|poke|p2|Starmie
|rule|Sleep Clause Mod: Limit one foe put to sleep
|rule|Species Clause: Limit one of each Pokemon
|rule|OHKO Clause: OHKO moves are banned
|rule|Moody Clause: Moody is banned
|rule|Evasion Moves Clause: Evasion moves are banned
|rule|HP Percentage Mod: HP is reported as percentages
|teampreview
|callback|decision
|chat|kkdas|ã±ã±?
|chat|kkdas|í
|chat|kkdas|íí°ê° ë°ê¼ë¤
|
|start
|switch|p1a: Mamoswine|Mamoswine, M|262\/262
|switch|p2a: í¬ëíë¼ì´ë²|Ninetales, F|288\/288
|-weather|SunnyDay|[from] ability: Drought|[of] p2a: í¬ëíë¼ì´ë²
|turn|1
|callback|decision
|chat|bange|^^
|
|move|p1a: Mamoswine|U-turn|p2a: í¬ëíë¼ì´ë²
|-resisted|p2a: í¬ëíë¼ì´ë²
|-damage|p2a: í¬ëíë¼ì´ë²|217\/288
|callback|decision
|
|switch|p1a: Jellicent|Jellicent, M|404\/404
|move|p2a: í¬ëíë¼ì´ë²|Overheat|p1a: Jellicent
|-resisted|p1a: Jellicent
|-damage|p1a: Jellicent|212\/404
|-unboost|p2a: í¬ëíë¼ì´ë²|spa|2
|
|-weather|SunnyDay|[upkeep]
|turn|2
|callback|decision
|chat|kkdas|í ì í´?
|chat|kkdas|ë§ëª¨ê° ì í´ëë°°ì°ëì
|chat|bange|ì§±ê¹¨ëª¬ã
|chat|kkdas|ã·ã·ã·
|chat|bange|ì êµ¬ë¼ê³  ì¡°ë¡ìí¬ìì
|chat|kkdas|ì íí° ìê°ìíë¤
|chat|kkdas|ì§ì¤ì§ì¤
|
|switch|p2a: ì ì¬ë°¥ ã ã |Starmie|324\/324
|move|p1a: Jellicent|Recover|p1a: Jellicent
|-heal|p1a: Jellicent|404\/404
|
|-weather|SunnyDay|[upkeep]
|turn|3
|callback|decision
|
|switch|p2a: ì¬ëì|Venusaur, M|301\/301
|move|p1a: Jellicent|Night Shade|p2a: ì¬ëì
|-damage|p2a: ì¬ëì|201\/301
|
|-weather|SunnyDay|[upkeep]
|turn|4
|callback|decision
|
|switch|p1a: Xatu|Xatu, F|327\/327
|move|p2a: ì¬ëì|Sleep Powder|p1a: Xatu
|move|p1a: Xatu|Sleep Powder|p2a: ì¬ëì|[from]Magic Bounce|[miss]
|-miss|p1a: Xatu|p2a: ì¬ëì
|
|-weather|SunnyDay|[upkeep]
|turn|5
|callback|decision
|chat|kkdas|ì¼ì
|chat|kkdas|í°ì¹
|chat|kkdas|ê¸°ëì¸ì¤
|chat|bange|ë ì¤í¨
|chat|kkdas|ìê³  ëë ëë°
|chat|kkdas|ã ã ã 
|
|switch|p2a: ì ì¬ë°¥ ã ã |Starmie|324\/324
|move|p1a: Xatu|U-turn|p2a: ì ì¬ë°¥ ã ã 
|-supereffective|p2a: ì ì¬ë°¥ ã ã 
|-damage|p2a: ì ì¬ë°¥ ã ã |252\/324
|-damage|p1a: Xatu|273\/327|[from] item: Rocky Helmet|[of] p2a: ì ì¬ë°¥ ã ã 
|callback|decision
|
|switch|p1a: Mamoswine|Mamoswine, M|262\/262
|
|-weather|SunnyDay|[upkeep]
|turn|6
|callback|decision
|
|move|p1a: Mamoswine|Night Slash|p2a: ì ì¬ë°¥ ã ã 
|-supereffective|p2a: ì ì¬ë°¥ ã ã 
|-damage|p2a: ì ì¬ë°¥ ã ã |0 fnt
|-damage|p1a: Mamoswine|219\/262|[from] item: Rocky Helmet|[of] p2a: ì ì¬ë°¥ ã ã 
|faint|p2a: ì ì¬ë°¥ ã ã 
|
|-weather|SunnyDay|[upkeep]
|callback|decision
|chat|kkdas|ì¡°ë¡ìí¬
|chat|kkdas|ì¼ë£¨ì  ì´ì¼ í¨ê³¼ë³´ëê±°ì?
|chat|kkdas|ã·ã·
|chat|kkdas|ì²ì ë³µì¬íí¬ì¼ ê·¸ëë¡ã?
|chat|bange|6ë²ì§¸ í¬ì¼ëª¬ ëª¨ìµì¼ë¡ ë³í´ì ãã
|
|switch|p2a: ì¬ëì|Venusaur, M|201\/301
|turn|7
|callback|decision
|
|switch|p1a: Xatu|Xatu, F|273\/327
|move|p2a: ì¬ëì|Giga Drain|p1a: Xatu
|-resisted|p1a: Xatu
|-damage|p1a: Xatu|192\/327
|-heal|p2a: ì¬ëì|242\/301|[from] drain|[of] p1a: Xatu
|
|-weather|SunnyDay|[upkeep]
|turn|8
|callback|decision
|
|switch|p2a: ããã|Gastrodon, M|426\/426
|move|p1a: Xatu|U-turn|p2a: ããã
|-damage|p2a: ããã|387\/426
|callback|decision
|
|switch|p1a: Ferrothorn|Ferrothorn, M|352\/352
|
|-weather|SunnyDay|[upkeep]
|turn|9
|callback|decision
|
|switch|p2a: ì¬ëì|Venusaur, M|242\/301
|move|p1a: Ferrothorn|Leech Seed|p2a: ì¬ëì
|-immune|p2a: ì¬ëì|[msg]
|
|-weather|SunnyDay|[upkeep]
|turn|10
|callback|decision
|
|switch|p1a: Xatu|Xatu, F|192\/327
|move|p2a: ì¬ëì|Hidden Power|p1a: Xatu
|-damage|p1a: Xatu|45\/327
|
|-weather|SunnyDay|[upkeep]
|turn|11
|callback|decision
|chat|bange|í
|chat|kkdas|í¤í¤
|
|move|p2a: ì¬ëì|Hidden Power|p1a: Xatu
|-damage|p1a: Xatu|0 fnt
|faint|p1a: Xatu
|
|-weather|SunnyDay|[upkeep]
|callback|decision
|
|switch|p1a: Reuniclus|Reuniclus, M|366\/366
|turn|12
|callback|decision
|
|move|p2a: ì¬ëì|Sleep Powder|p1a: Reuniclus
|-status|p1a: Reuniclus|slp
|cant|p1a: Reuniclus|slp
|
|-weather|SunnyDay|[upkeep]
|turn|13
|callback|decision
|chat|bange|ìë¼!ã ã 
|
|switch|p2a: ë°©ì´ë°ë³´|Landorus-Therian, M, shiny|319\/319
|-ability|p2a: ë°©ì´ë°ë³´|Intimidate|[of] p1a: Reuniclus
|-unboost|p1a: Reuniclus|atk|1
|cant|p1a: Reuniclus|slp
|
|-weather|SunnyDay|[upkeep]
|turn|14
|callback|decision
|
|move|p2a: ë°©ì´ë°ë³´|Earthquake|p1a: Reuniclus
|-damage|p1a: Reuniclus|114\/366 slp
|cant|p1a: Reuniclus|slp
|
|-weather|SunnyDay|[upkeep]
|turn|15
|callback|decision
|
|move|p2a: ë°©ì´ë°ë³´|Earthquake|p1a: Reuniclus
|-damage|p1a: Reuniclus|0 fnt
|faint|p1a: Reuniclus
|
|-weather|SunnyDay|[upkeep]
|callback|decision
|chat|kkdas|ì ê¾¸ë¬ê¸°
|
|switch|p1a: Ferrothorn|Ferrothorn, M|352\/352
|turn|16
|callback|decision
|
|switch|p2a: í¬ëíë¼ì´ë²|Ninetales, F|217\/288
|move|p1a: Ferrothorn|Stealth Rock|p2a: í¬ëíë¼ì´ë²
|-sidestart|p2: kkdas|move: Stealth Rock
|
|-weather|SunnyDay|[upkeep]
|turn|17
|callback|decision
|
|move|p1a: Ferrothorn|Protect|p1a: Ferrothorn
|-singleturn|p1a: Ferrothorn|Protect
|move|p2a: í¬ëíë¼ì´ë²|SolarBeam|p1a: Ferrothorn|[still]
|-prepare|p2a: í¬ëíë¼ì´ë²|SolarBeam|p1a: Ferrothorn
|-anim|p2a: í¬ëíë¼ì´ë²|SolarBeam|p1a: Ferrothorn
|-activate|p1a: Ferrothorn|Protect
|
|-weather|SunnyDay|[upkeep]
|turn|18
|callback|decision
|chat|kkdas|í
|chat|kkdas|ì ë§ì
|chat|bange|ë´ :0
|
|switch|p2a: ì¬ëì|Venusaur, M|242\/301
|-damage|p2a: ì¬ëì|205\/301|[from] Stealth Rock
|move|p1a: Ferrothorn|Power Whip|p2a: ì¬ëì
|-resisted|p2a: ì¬ëì
|-damage|p2a: ì¬ëì|165\/301
|
|-weather|SunnyDay|[upkeep]
|turn|19
|callback|decision
|
|switch|p1a: Jellicent|Jellicent, M|404\/404
|move|p2a: ì¬ëì|Sleep Powder|p1a: Jellicent
|-status|p1a: Jellicent|slp
|
|-weather|SunnyDay|[upkeep]
|turn|20
|callback|decision
|
|switch|p1a: Ferrothorn|Ferrothorn, M|352\/352
|move|p2a: ì¬ëì|Giga Drain|p1a: Ferrothorn
|-resisted|p1a: Ferrothorn
|-damage|p1a: Ferrothorn|331\/352
|-heal|p2a: ì¬ëì|176\/301|[from] drain|[of] p1a: Ferrothorn
|
|-weather|SunnyDay|[upkeep]
|-heal|p1a: Ferrothorn|352\/352|[from] item: Leftovers
|turn|21
|callback|decision
|
|move|p2a: ì¬ëì|Hidden Power|p1a: Ferrothorn
|-supereffective|p1a: Ferrothorn
|-damage|p1a: Ferrothorn|20\/352
|move|p1a: Ferrothorn|Power Whip|p2a: ì¬ëì
|-resisted|p2a: ì¬ëì
|-damage|p2a: ì¬ëì|137\/301
|
|-weather|SunnyDay|[upkeep]
|-heal|p1a: Ferrothorn|42\/352|[from] item: Leftovers
|turn|22
|callback|decision
|chat|kkdas|ë¬´ìí ì´ê³·
|
|move|p2a: ì¬ëì|Sleep Powder|p1a: Ferrothorn|[miss]
|-miss|p2a: ì¬ëì|p1a: Ferrothorn
|move|p1a: Ferrothorn|Power Whip|p2a: ì¬ëì
|-resisted|p2a: ì¬ëì
|-damage|p2a: ì¬ëì|99\/301
|
|-weather|SunnyDay|[upkeep]
|-heal|p1a: Ferrothorn|64\/352|[from] item: Leftovers
|turn|23
|callback|decision
|
|move|p2a: ì¬ëì|Sleep Powder|p1a: Ferrothorn
|-message|Sleep Clause Mod activated.
|-fail|p1a: Ferrothorn
|move|p1a: Ferrothorn|Power Whip|p2a: ì¬ëì
|-resisted|p2a: ì¬ëì
|-damage|p2a: ì¬ëì|62\/301
|
|-weather|SunnyDay|[upkeep]
|-heal|p1a: Ferrothorn|86\/352|[from] item: Leftovers
|turn|24
|callback|decision
|chat|kkdas|ë§
|chat|bange|ãí£
|
|move|p2a: ì¬ëì|Hidden Power|p1a: Ferrothorn
|-supereffective|p1a: Ferrothorn
|-damage|p1a: Ferrothorn|0 fnt
|faint|p1a: Ferrothorn
|
|-weather|SunnyDay|[upkeep]
|callback|decision
|chat|kkdas|ì¼ë­ì ë¤ì§ ã ã 
|
|switch|p1a: Mamoswine|Mamoswine, M|362\/362
|turn|25
|callback|decision
|
|switch|p2a: ããã|Gastrodon, M|387\/426
|-damage|p2a: ããã|361\/426|[from] Stealth Rock
|move|p1a: Mamoswine|Ice Shard|p2a: ããã
|-damage|p2a: ããã|282\/426
|
|-weather|SunnyDay|[upkeep]
|turn|26
|callback|decision
|
|switch|p1a: Jellicent|Jellicent, M|404\/404 slp
|switch|p2a: ì¬ëì|Venusaur, M|62\/301
|-damage|p2a: ì¬ëì|25\/301|[from] Stealth Rock
|
|-weather|SunnyDay|[upkeep]
|turn|27
|callback|decision
|chat|kkdas|í´
|
|switch|p1a: Mamoswine|Mamoswine, M|219\/262
|move|p2a: ì¬ëì|Giga Drain|p1a: Mamoswine
|replace|p1a: Zoroark|Zoroark, M, shiny|219\/262
|-damage|p1a: Zoroark|44\/262
|-heal|p2a: ì¬ëì|113\/301|[from] drain|[of] p1a: Zoroark
|
|-weather|SunnyDay|[upkeep]
|turn|28
|callback|decision
|
|move|p1a: Zoroark|Sucker Punch|p2a: ì¬ëì
|-fail|p2a: ì¬ëì
|move|p2a: ì¬ëì|Sleep Powder|p1a: Zoroark
|-message|Sleep Clause Mod activated.
|-fail|p1a: Zoroark
|
|-weather|SunnyDay|[upkeep]
|turn|29
|callback|decision
|chat|kkdas|ì
|
|switch|p2a: ë°©ì´ë°ë³´|Landorus-Therian, M, shiny|319\/319
|-damage|p2a: ë°©ì´ë°ë³´|280\/319|[from] Stealth Rock
|-ability|p2a: ë°©ì´ë°ë³´|Intimidate|[of] p1a: Zoroark
|-unboost|p1a: Zoroark|atk|1
|switch|p1a: Mamoswine|Mamoswine, M|362\/362
|
|-weather|SunnyDay|[upkeep]
|turn|30
|callback|decision
|chat|kkdas|ê°ë
|
|move|p1a: Mamoswine|Ice Shard|p2a: ë°©ì´ë°ë³´
|-supereffective|p2a: ë°©ì´ë°ë³´
|-damage|p2a: ë°©ì´ë°ë³´|0 fnt
|faint|p2a: ë°©ì´ë°ë³´
|
|-weather|SunnyDay|[upkeep]
|callback|decision
|chat|kkdas|ê°ë
|
|switch|p2a: ããã|Gastrodon, M|282\/426
|-damage|p2a: ããã|256\/426|[from] Stealth Rock
|turn|31
|callback|decision
|
|move|p1a: Mamoswine|Earthquake|p2a: ããã
|-damage|p2a: ããã|84\/426
|-enditem|p2a: ããã|Sitrus Berry|[eat]
|-heal|p2a: ããã|190\/426|[from] item: Sitrus Berry
|move|p2a: ããã|Surf|p1a: Mamoswine
|-supereffective|p1a: Mamoswine
|-damage|p1a: Mamoswine|212\/362
|
|-weather|SunnyDay|[upkeep]
|turn|32
|callback|decision
|
|move|p1a: Mamoswine|Earthquake|p2a: ããã
|-damage|p2a: ããã|15\/426
|move|p2a: ããã|Recover|p2a: ããã
|-heal|p2a: ããã|228\/426
|
|-weather|SunnyDay|[upkeep]
|turn|33
|callback|decision
|chat|bange|í¼í¼;;
|
|move|p1a: Mamoswine|Earthquake|p2a: ããã
|-damage|p2a: ããã|45\/426
|move|p2a: ããã|Recover|p2a: ããã
|-heal|p2a: ããã|258\/426
|
|-weather|SunnyDay|[upkeep]
|turn|34
|callback|decision
|
|move|p1a: Mamoswine|Earthquake|p2a: ããã
|-damage|p2a: ããã|92\/426
|move|p2a: ããã|Surf|p1a: Mamoswine
|-crit|p1a: Mamoswine
|-supereffective|p1a: Mamoswine
|-damage|p1a: Mamoswine|0 fnt
|faint|p1a: Mamoswine
|
|-weather|SunnyDay|[upkeep]
|callback|decision
|chat|kkdas|íì¤
|chat|kkdas|ê± í¸ë¦¬ ë²ë¦¬ê³  ëì¸ì¼ë¡
|chat|kkdas|ëë¦´ë¼ íëë°
|chat|kkdas|ããããã
|chat|kkdas|ãããã
|chat|kkdas|íëì¨ëì? ã ã 
|chat|kkdas|ë°©ì´ë???
|chat|bange|ì
|chat|bange|ããì
|
|switch|p1a: Zoroark|Zoroark, M, shiny|44\/262
|turn|35
|callback|decision
|chat|bange|ë´ê±° íëë¼ ãã;;
|
|move|p1a: Zoroark|Night Slash|p2a: ããã
|-damage|p2a: ããã|0 fnt
|faint|p2a: ããã
|
|-weather|SunnyDay|[upkeep]
|callback|decision
|
|switch|p2a: ã·ã·ã±|Heatran, M, shiny|386\/386
|-damage|p2a: ã·ã·ã±|338\/386|[from] Stealth Rock
|turn|36
|callback|decision
|
|switch|p1a: Jellicent|Jellicent, M|404\/404 slp
|move|p2a: ã·ã·ã±|Lava Plume|p1a: Jellicent
|-resisted|p1a: Jellicent
|-damage|p1a: Jellicent|317\/404 slp
|
|-weather|SunnyDay|[upkeep]
|-heal|p2a: ã·ã·ã±|362\/386|[from] item: Leftovers
|turn|37
|callback|decision
|
|switch|p2a: ì¬ëì|Venusaur, M|113\/301
|-damage|p2a: ì¬ëì|76\/301|[from] Stealth Rock
|cant|p1a: Jellicent|slp
|
|-weather|SunnyDay|[upkeep]
|turn|38
|callback|decision
|chat|kkdas|ì¬ë¦¬ ã·ã·
|
|move|p2a: ì¬ëì|Giga Drain|p1a: Jellicent
|-supereffective|p1a: Jellicent
|-damage|p1a: Jellicent|123\/404 slp
|-heal|p2a: ì¬ëì|173\/301|[from] drain|[of] p1a: Jellicent
|-enditem|p1a: Jellicent|Sitrus Berry|[eat]
|-heal|p1a: Jellicent|224\/404 slp|[from] item: Sitrus Berry
|-curestatus|p1a: Jellicent|slp
|move|p1a: Jellicent|Night Shade|p2a: ì¬ëì
|-damage|p2a: ì¬ëì|73\/301
|
|-weather|SunnyDay|[upkeep]
|turn|39
|callback|decision
|chat|bange|ì´í´ ì ë§ë³´ë¤
|chat|kkdas|í´ ë§êµì±íë©´ ë§í ë»
|
|move|p2a: ì¬ëì|Giga Drain|p1a: Jellicent
|-supereffective|p1a: Jellicent
|-damage|p1a: Jellicent|18\/404
|-heal|p2a: ì¬ëì|176\/301|[from] drain|[of] p1a: Jellicent
|move|p1a: Jellicent|Night Shade|p2a: ì¬ëì
|-damage|p2a: ì¬ëì|76\/301
|
|-weather|SunnyDay|[upkeep]
|turn|40
|callback|decision
|
|move|p2a: ì¬ëì|Giga Drain|p1a: Jellicent
|-supereffective|p1a: Jellicent
|-damage|p1a: Jellicent|0 fnt
|-heal|p2a: ì¬ëì|85\/301|[from] drain|[of] p1a: Jellicent
|faint|p1a: Jellicent
|
|-weather|SunnyDay|[upkeep]
|callback|decision
|
|switch|p1a: Zoroark|Zoroark, M, shiny|44\/262
|turn|41
|callback|decision
|chat|kkdas|ìª¾ìª¾
|chat|kkdas|í
|chat|kkdas|ë°©ì´ë íëì¨ëì? ã ã 
|
|move|p2a: ì¬ëì|Sleep Powder|p1a: Zoroark
|-status|p1a: Zoroark|slp
|cant|p1a: Zoroark|slp
|
|-weather|SunnyDay|[upkeep]
|turn|42
|callback|decision
|chat|bange|ìëì;;;
|
|cant|p1a: Zoroark|slp
|move|p2a: ì¬ëì|Giga Drain|p1a: Zoroark
|-damage|p1a: Zoroark|0 fnt
|-heal|p2a: ì¬ëì|107\/301|[from] drain|[of] p1a: Zoroark
|faint|p1a: Zoroark
|
|win|kkdas
|chat|bange|ìì´ì ã ã 