|join|Sombu
|join|bange
|player|p1|Sombu|163
|player|p2|bange|169
|gametype|singles
|tier|OU (current)
|rated
|rule|Evasion Abilities Clause: Evasion abilities are banned
|clearpoke
|poke|p1|Ninetales, M
|poke|p1|Scizor, M
|poke|p1|Sawsbuck, F
|poke|p1|Heatran, M
|poke|p1|Chandelure, M
|poke|p1|Conkeldurr, F
|poke|p2|Scizor, M
|poke|p2|Skarmory, M
|poke|p2|Espeon, F
|poke|p2|Seismitoad, M, shiny
|poke|p2|Azelf
|poke|p2|Heatran, M
|rule|Sleep Clause Mod: Limit one foe put to sleep
|rule|Species Clause: Limit one of each Pokemon
|rule|OHKO Clause: OHKO moves are banned
|rule|Moody Clause: Moody is banned
|rule|Evasion Moves Clause: Evasion moves are banned
|rule|HP Percentage Mod: HP is reported as percentages
|teampreview
|callback|decision
|
|start
|switch|p1a: Ninetales|Ninetales, M|288\/288
|switch|p2a: Azelf|Azelf|291\/291
|-weather|SunnyDay|[from] ability: Drought|[of] p1a: Ninetales
|turn|1
|callback|decision
|
|move|p2a: Azelf|U-turn|p1a: Ninetales
|-resisted|p1a: Ninetales
|-damage|p1a: Ninetales|248\/288
|callback|decision
|
|switch|p2a: Heatran|Heatran, M|323\/323
|-item|p2a: Heatran|Air Balloon
|move|p1a: Ninetales|Will-O-Wisp|p2a: Heatran
|-start|p2a: Heatran|ability: Flash Fire
|
|-weather|SunnyDay|[upkeep]
|-heal|p1a: Ninetales|266\/288|[from] item: Leftovers
|turn|2
|callback|decision
|
|switch|p1a: Heatran|Heatran, M|323\/323
|-item|p1a: Heatran|Air Balloon
|move|p2a: Heatran|Hidden Power|p1a: Heatran
|-resisted|p1a: Heatran
|-damage|p1a: Heatran|305\/323
|-enditem|p1a: Heatran|Air Balloon
|
|-weather|SunnyDay|[upkeep]
|turn|3
|callback|decision
|
|switch|p1a: Conkeldurr|Conkeldurr, F|414\/414
|move|p2a: Heatran|Earth Power|p1a: Conkeldurr
|-damage|p1a: Conkeldurr|267\/414
|
|-weather|SunnyDay|[upkeep]
|-heal|p1a: Conkeldurr|292\/414|[from] item: Leftovers
|turn|4
|callback|decision
|
|move|p1a: Conkeldurr|Mach Punch|p2a: Heatran
|-supereffective|p2a: Heatran
|-damage|p2a: Heatran|143\/323
|-enditem|p2a: Heatran|Air Balloon
|move|p2a: Heatran|Fire Blast|p1a: Conkeldurr
|-damage|p1a: Conkeldurr|0 fnt
|faint|p1a: Conkeldurr
|
|-weather|SunnyDay|[upkeep]
|callback|decision
|
|switch|p1a: Sawsbuck|Sawsbuck, F|301\/301
|turn|5
|callback|decision
|
|switch|p2a: Skarmory|Skarmory, M|334\/334
|move|p1a: Sawsbuck|Jump Kick|p2a: Skarmory|[miss]
|-miss|p1a: Sawsbuck|p2a: Skarmory
|-damage|p1a: Sawsbuck|151\/301|[from] jumpkick
|
|-weather|SunnyDay|[upkeep]
|-heal|p1a: Sawsbuck|169\/301|[from] item: Leftovers
|turn|6
|callback|decision
|
|switch|p1a: Heatran|Heatran, M|305\/323
|move|p2a: Skarmory|Spikes|p1a: Heatran
|-sidestart|p1: Sombu|Spikes
|
|-weather|SunnyDay|[upkeep]
|turn|7
|callback|decision
|
|switch|p2a: Seismitoad|Seismitoad, M, shiny|414\/414
|move|p1a: Heatran|Stealth Rock|p2a: Seismitoad
|-sidestart|p2: bange|move: Stealth Rock
|
|-weather|SunnyDay|[upkeep]
|turn|8
|callback|decision
|
|switch|p1a: Sawsbuck|Sawsbuck, F|169\/301
|-damage|p1a: Sawsbuck|132\/301|[from] Spikes
|move|p2a: Seismitoad|Stealth Rock|p1a: Sawsbuck
|-sidestart|p1: Sombu|move: Stealth Rock
|
|-weather|SunnyDay|[upkeep]
|-heal|p1a: Sawsbuck|150\/301|[from] item: Leftovers
|turn|9
|callback|decision
|
|switch|p2a: Skarmory|Skarmory, M|334\/334
|-damage|p2a: Skarmory|293\/334|[from] Stealth Rock
|move|p1a: Sawsbuck|Swords Dance|p1a: Sawsbuck
|-boost|p1a: Sawsbuck|atk|2
|
|-weather|SunnyDay|[upkeep]
|-heal|p1a: Sawsbuck|168\/301|[from] item: Leftovers
|turn|10
|callback|decision
|
|move|p1a: Sawsbuck|Jump Kick|p2a: Skarmory
|-damage|p2a: Skarmory|173\/334
|-damage|p1a: Sawsbuck|118\/301|[from] item: Rocky Helmet|[of] p2a: Skarmory
|move|p2a: Skarmory|Counter|p1a: Sawsbuck
|-damage|p1a: Sawsbuck|0 fnt
|faint|p1a: Sawsbuck
|
|-weather|SunnyDay|[upkeep]
|callback|decision
|
|switch|p1a: Heatran|Heatran, M|305\/323
|-damage|p1a: Heatran|265\/323|[from] Stealth Rock
|-damage|p1a: Heatran|225\/323|[from] Spikes
|turn|11
|callback|decision
|
|switch|p2a: Seismitoad|Seismitoad, M, shiny|414\/414
|-damage|p2a: Seismitoad|389\/414|[from] Stealth Rock
|move|p1a: Heatran|Earth Power|p2a: Seismitoad
|-damage|p2a: Seismitoad|258\/414
|
|-weather|SunnyDay|[upkeep]
|-heal|p2a: Seismitoad|283\/414|[from] item: Leftovers
|turn|12
|callback|decision
|
|switch|p1a: Scizor|Scizor, M|344\/344
|-damage|p1a: Scizor|301\/344|[from] Stealth Rock
|-damage|p1a: Scizor|258\/344|[from] Spikes
|move|p2a: Seismitoad|Earth Power|p1a: Scizor
|-damage|p1a: Scizor|126\/344
|
|-weather|SunnyDay|[upkeep]
|-heal|p2a: Seismitoad|308\/414|[from] item: Leftovers
|-heal|p1a: Scizor|147\/344|[from] item: Leftovers
|turn|13
|callback|decision
|
|switch|p2a: Skarmory|Skarmory, M|173\/334
|-damage|p2a: Skarmory|132\/334|[from] Stealth Rock
|move|p1a: Scizor|Swords Dance|p1a: Scizor
|-boost|p1a: Scizor|atk|2
|
|-weather|SunnyDay|[upkeep]
|-heal|p1a: Scizor|168\/344|[from] item: Leftovers
|turn|14
|callback|decision
|
|move|p2a: Skarmory|Roost|p2a: Skarmory
|-heal|p2a: Skarmory|299\/334
|move|p1a: Scizor|Brick Break|p2a: Skarmory
|-supereffective|p2a: Skarmory
|-damage|p2a: Skarmory|63\/334
|-damage|p1a: Scizor|111\/344|[from] item: Rocky Helmet|[of] p2a: Skarmory
|
|-weather|SunnyDay|[upkeep]
|-heal|p1a: Scizor|132\/344|[from] item: Leftovers
|turn|15
|callback|decision
|
|move|p1a: Scizor|Bullet Punch|p2a: Skarmory
|-resisted|p2a: Skarmory
|-damage|p2a: Skarmory|0 fnt
|-damage|p1a: Scizor|75\/344|[from] item: Rocky Helmet|[of] p2a: Skarmory
|faint|p2a: Skarmory
|
|-weather|SunnyDay|[upkeep]
|-heal|p1a: Scizor|96\/344|[from] item: Leftovers
|callback|decision
|
|switch|p2a: Scizor|Scizor, M|303\/303
|-damage|p2a: Scizor|266\/303|[from] Stealth Rock
|turn|16
|callback|decision
|
|move|p1a: Scizor|Bullet Punch|p2a: Scizor
|-resisted|p2a: Scizor
|-damage|p2a: Scizor|142\/303
|move|p2a: Scizor|Superpower|p1a: Scizor
|-damage|p1a: Scizor|0 fnt
|-unboost|p2a: Scizor|atk|1
|-unboost|p2a: Scizor|def|1
|faint|p1a: Scizor
|
|-weather|SunnyDay|[upkeep]
|callback|decision
|
|switch|p1a: Chandelure|Chandelure, M|261\/261
|-damage|p1a: Chandelure|196\/261|[from] Stealth Rock
|-damage|p1a: Chandelure|164\/261|[from] Spikes
|turn|17
|callback|decision
|
|move|p1a: Chandelure|Shadow Ball|p2a: Scizor
|-resisted|p2a: Scizor
|-damage|p2a: Scizor|57\/303
|-unboost|p2a: Scizor|spd|1
|move|p2a: Scizor|U-turn|p1a: Chandelure
|-resisted|p1a: Chandelure
|-damage|p1a: Chandelure|140\/261
|-status|p2a: Scizor|brn
|callback|decision
|
|switch|p2a: Azelf|Azelf|291\/291
|-damage|p2a: Azelf|255\/291|[from] Stealth Rock
|
|-weather|SunnyDay|[upkeep]
|turn|18
|callback|decision
|
|move|p2a: Azelf|Psychic|p1a: Chandelure
|-damage|p1a: Chandelure|0 fnt
|faint|p1a: Chandelure
|
|-weather|SunnyDay|[upkeep]
|callback|decision
|
|switch|p1a: Heatran|Heatran, M|225\/323
|-damage|p1a: Heatran|185\/323|[from] Stealth Rock
|-damage|p1a: Heatran|145\/323|[from] Spikes
|turn|19
|callback|decision
|
|move|p2a: Azelf|Psychic|p1a: Heatran
|-resisted|p1a: Heatran
|-damage|p1a: Heatran|74\/323
|move|p1a: Heatran|Earth Power|p2a: Azelf
|-immune|p2a: Azelf|[msg]
|
|-weather|SunnyDay|[upkeep]
|turn|20
|callback|decision
|
|move|p2a: Azelf|Psychic|p1a: Heatran
|-resisted|p1a: Heatran
|-damage|p1a: Heatran|0 fnt
|faint|p1a: Heatran
|
|-weather|SunnyDay|[upkeep]
|callback|decision
|-message|Sombu forfeited.
|
|win|bange
|raw|Ladder updating...
|leave|Sombu
|player|p1
|raw|Sombu's rating: 1813 &rarr; <strong>1809<\/strong><br \/>(-4 for losing)
|raw|bange's rating: 1650 &rarr; <strong>1719<\/strong><br \/>(+69 for winning)