|join|bange
|join|Rotz
|player|p1|bange|142
|player|p2|Rotz|265
|gametype|singles
|tier|OU (current)
|rated
|rule|Evasion Abilities Clause: Evasion abilities are banned
|clearpoke
|poke|p1|Steelix, M
|poke|p1|Heracross, M
|poke|p1|Latias, F
|poke|p1|Rotom-Mow
|poke|p1|Mantine, F, shiny
|poke|p1|Claydol
|poke|p2|Tyranitar, M
|poke|p2|Ferrothorn, M
|poke|p2|Tentacruel, M
|poke|p2|Gengar, M
|poke|p2|Conkeldurr, M
|poke|p2|Heatran, M
|rule|Sleep Clause Mod: Limit one foe put to sleep
|rule|Species Clause: Limit one of each Pokemon
|rule|OHKO Clause: OHKO moves are banned
|rule|Moody Clause: Moody is banned
|rule|Evasion Moves Clause: Evasion moves are banned
|rule|HP Percentage Mod: HP is reported as percentages
|teampreview
|callback|decision
|
|start
|switch|p1a: Heracross|Heracross, M|306\/306
|switch|p2a: Tyranitar|Tyranitar, M|404\/404
|-weather|Sandstorm|[from] ability: Sand Stream|[of] p2a: Tyranitar
|turn|1
|callback|decision
|
|switch|p2a: Ferrothorn|Ferrothorn, M|352\/352
|move|p1a: Heracross|Close Combat|p2a: Ferrothorn
|-supereffective|p2a: Ferrothorn
|-damage|p2a: Ferrothorn|0 fnt
|-damage|p1a: Heracross|268\/306|[from] ability: Iron Barbs|[of] p2a: Ferrothorn
|-damage|p1a: Heracross|217\/306|[from] item: Rocky Helmet|[of] p2a: Ferrothorn
|-unboost|p1a: Heracross|def|1
|-unboost|p1a: Heracross|spd|1
|faint|p2a: Ferrothorn
|-boost|p1a: Heracross|atk|1|[from] ability: Moxie
|
|-weather|Sandstorm|[upkeep]
|-damage|p1a: Heracross|198\/306|[from] sandstorm
|callback|decision
|
|switch|p2a: Conkeldurr|Conkeldurr, M|414\/414
|turn|2
|callback|decision
|
|move|p1a: Heracross|Close Combat|p2a: Conkeldurr
|-damage|p2a: Conkeldurr|0 fnt
|-unboost|p1a: Heracross|def|1
|-unboost|p1a: Heracross|spd|1
|faint|p2a: Conkeldurr
|-boost|p1a: Heracross|atk|1|[from] ability: Moxie
|
|-weather|Sandstorm|[upkeep]
|-damage|p1a: Heracross|179\/306|[from] sandstorm
|callback|decision
|
|switch|p2a: Tentacruel|Tentacruel, M|364\/364
|turn|3
|callback|decision
|
|move|p1a: Heracross|Close Combat|p2a: Tentacruel
|-resisted|p2a: Tentacruel
|-damage|p2a: Tentacruel|93\/364
|-unboost|p1a: Heracross|def|1
|-unboost|p1a: Heracross|spd|1
|move|p2a: Tentacruel|Rapid Spin|p1a: Heracross
|-damage|p1a: Heracross|143\/306
|
|-weather|Sandstorm|[upkeep]
|-damage|p1a: Heracross|124\/306|[from] sandstorm
|-damage|p2a: Tentacruel|71\/364|[from] sandstorm
|-heal|p2a: Tentacruel|93\/364|[from] item: Leftovers
|turn|4
|callback|decision
|
|move|p1a: Heracross|Close Combat|p2a: Tentacruel
|-resisted|p2a: Tentacruel
|-damage|p2a: Tentacruel|0 fnt
|-unboost|p1a: Heracross|def|1
|-unboost|p1a: Heracross|spd|1
|faint|p2a: Tentacruel
|-boost|p1a: Heracross|atk|1|[from] ability: Moxie
|
|-weather|Sandstorm|[upkeep]
|-damage|p1a: Heracross|105\/306|[from] sandstorm
|callback|decision
|
|switch|p2a: Gengar|Gengar, M|262\/262
|turn|5
|callback|decision
|
|switch|p1a: Mantine|Mantine, F, shiny|334\/334
|move|p2a: Gengar|Substitute|p2a: Gengar
|-start|p2a: Gengar|Substitute
|-damage|p2a: Gengar|197\/262
|
|-weather|Sandstorm|[upkeep]
|-damage|p2a: Gengar|181\/262|[from] sandstorm
|-damage|p1a: Mantine|314\/334|[from] sandstorm
|-heal|p2a: Gengar|197\/262|[from] item: Black Sludge
|turn|6
|callback|decision
|
|move|p2a: Gengar|Thunderbolt|p1a: Mantine
|-supereffective|p1a: Mantine
|-damage|p1a: Mantine|54\/334
|move|p1a: Mantine|Scald|p2a: Gengar
|-end|p2a: Gengar|Substitute
|
|-weather|Sandstorm|[upkeep]
|-damage|p2a: Gengar|181\/262|[from] sandstorm
|-damage|p1a: Mantine|34\/334|[from] sandstorm
|-heal|p2a: Gengar|197\/262|[from] item: Black Sludge
|turn|7
|callback|decision
|
|move|p2a: Gengar|Shadow Ball|p1a: Mantine
|-damage|p1a: Mantine|0 fnt
|faint|p1a: Mantine
|
|-weather|Sandstorm|[upkeep]
|-damage|p2a: Gengar|181\/262|[from] sandstorm
|-heal|p2a: Gengar|197\/262|[from] item: Black Sludge
|callback|decision
|
|switch|p1a: Rotom-Mow|Rotom-Mow|242\/242
|turn|8
|callback|decision
|
|move|p1a: Rotom-Mow|Trick|p2a: Gengar
|-activate|p1a: Rotom-Mow|move: Trick|[of] p2a: Gengar
|-item|p2a: Gengar|Choice Scarf|[from] move: Trick
|-item|p1a: Rotom-Mow|Black Sludge|[from] move: Trick
|move|p2a: Gengar|Substitute|p2a: Gengar
|-start|p2a: Gengar|Substitute
|-damage|p2a: Gengar|132\/262
|
|-weather|Sandstorm|[upkeep]
|-damage|p2a: Gengar|116\/262|[from] sandstorm
|-damage|p1a: Rotom-Mow|227\/242|[from] sandstorm
|-damage|p1a: Rotom-Mow|197\/242|[from] item: Black Sludge
|turn|9
|callback|decision
|
|move|p2a: Gengar|Substitute|p2a: Gengar
|-fail|p2a: Gengar|move: Substitute
|move|p1a: Rotom-Mow|Volt Switch|p2a: Gengar
|-end|p2a: Gengar|Substitute
|callback|decision
|
|switch|p1a: Latias|Latias, F|321\/321
|
|-weather|Sandstorm|[upkeep]
|-damage|p2a: Gengar|100\/262|[from] sandstorm
|-damage|p1a: Latias|301\/321|[from] sandstorm
|-heal|p1a: Latias|321\/321|[from] item: Leftovers
|turn|10
|callback|decision
|
|switch|p2a: Tyranitar|Tyranitar, M|404\/404
|switch|p1a: Heracross|Heracross, M|105\/306
|
|-weather|Sandstorm|[upkeep]
|-damage|p1a: Heracross|86\/306|[from] sandstorm
|turn|11
|callback|decision
|
|switch|p2a: Gengar|Gengar, M|100\/262
|move|p1a: Heracross|Close Combat|p2a: Gengar
|-immune|p2a: Gengar|[msg]
|
|-weather|Sandstorm|[upkeep]
|-damage|p2a: Gengar|84\/262|[from] sandstorm
|-damage|p1a: Heracross|67\/306|[from] sandstorm
|turn|12
|callback|decision
|
|switch|p1a: Steelix|Steelix, M|354\/354
|move|p2a: Gengar|Shadow Ball|p1a: Steelix
|-resisted|p1a: Steelix
|-damage|p1a: Steelix|246\/354
|
|-weather|Sandstorm|[upkeep]
|-damage|p2a: Gengar|68\/262|[from] sandstorm
|turn|13
|callback|decision
|
|switch|p2a: Heatran|Heatran, M|386\/386
|-item|p2a: Heatran|Air Balloon
|move|p1a: Steelix|Dragon Tail|p2a: Heatran
|-resisted|p2a: Heatran
|-damage|p2a: Heatran|368\/386
|-enditem|p2a: Heatran|Air Balloon
|drag|p2a: Tyranitar|Tyranitar, M|404\/404
|
|-weather|Sandstorm|[upkeep]
|turn|14
|callback|decision
|
|move|p2a: Tyranitar|Stealth Rock|p1a: Steelix
|-sidestart|p1: bange|move: Stealth Rock
|move|p1a: Steelix|Stealth Rock|p2a: Tyranitar
|-sidestart|p2: Rotz|move: Stealth Rock
|
|-weather|Sandstorm|[upkeep]
|turn|15
|callback|decision
|
|move|p2a: Tyranitar|Superpower|p1a: Steelix
|-supereffective|p1a: Steelix
|-damage|p1a: Steelix|142\/354
|-damage|p2a: Tyranitar|337\/404|[from] item: Rocky Helmet|[of] p1a: Steelix
|-unboost|p2a: Tyranitar|atk|1
|-unboost|p2a: Tyranitar|def|1
|move|p1a: Steelix|Earthquake|p2a: Tyranitar
|-supereffective|p2a: Tyranitar
|-damage|p2a: Tyranitar|65\/404
|
|-weather|Sandstorm|[upkeep]
|-heal|p2a: Tyranitar|90\/404|[from] item: Leftovers
|turn|16
|callback|decision
|
|switch|p2a: Gengar|Gengar, M|68\/262
|-damage|p2a: Gengar|36\/262|[from] Stealth Rock
|move|p1a: Steelix|DragonBreath|p2a: Gengar
|-damage|p2a: Gengar|0 fnt
|faint|p2a: Gengar
|
|-weather|Sandstorm|[upkeep]
|callback|decision
|
|switch|p2a: Heatran|Heatran, M|368\/386
|-damage|p2a: Heatran|320\/386|[from] Stealth Rock
|turn|17
|callback|decision
|
|move|p2a: Heatran|Earth Power|p1a: Steelix
|-supereffective|p1a: Steelix
|-damage|p1a: Steelix|0 fnt
|faint|p1a: Steelix
|
|-weather|Sandstorm|[upkeep]
|callback|decision
|
|switch|p1a: Claydol|Claydol|324\/324
|-damage|p1a: Claydol|304\/324|[from] Stealth Rock
|turn|18
|callback|decision
|
|move|p2a: Heatran|Substitute|p2a: Heatran
|-start|p2a: Heatran|Substitute
|-damage|p2a: Heatran|224\/386
|move|p1a: Claydol|Earthquake|p2a: Heatran
|-supereffective|p2a: Heatran
|-end|p2a: Heatran|Substitute
|
|-weather|Sandstorm|[upkeep]
|turn|19
|callback|decision
|
|move|p2a: Heatran|Lava Plume|p1a: Claydol
|-crit|p1a: Claydol
|-damage|p1a: Claydol|43\/324
|-status|p1a: Claydol|brn
|-enditem|p1a: Claydol|Sitrus Berry|[eat]
|-heal|p1a: Claydol|124\/324 brn|[from] item: Sitrus Berry
|move|p1a: Claydol|Earthquake|p2a: Heatran
|-supereffective|p2a: Heatran
|-damage|p2a: Heatran|64\/386
|
|-weather|Sandstorm|[upkeep]
|-damage|p1a: Claydol|84\/324 brn|[from] brn
|turn|20
|callback|decision
|
|move|p2a: Heatran|Lava Plume|p1a: Claydol
|-damage|p1a: Claydol|0 fnt
|faint|p1a: Claydol
|
|-weather|Sandstorm|[upkeep]
|callback|decision
|
|switch|p1a: Rotom-Mow|Rotom-Mow|197\/242
|-damage|p1a: Rotom-Mow|167\/242|[from] Stealth Rock
|turn|21
|callback|decision
|
|move|p1a: Rotom-Mow|Volt Switch|p2a: Heatran
|-damage|p2a: Heatran|0 fnt
|faint|p2a: Heatran
|callback|decision
|
|switch|p1a: Heracross|Heracross, M|67\/306
|-damage|p1a: Heracross|29\/306|[from] Stealth Rock
|
|-weather|Sandstorm|[upkeep]
|-damage|p1a: Heracross|10\/306|[from] sandstorm
|callback|decision
|
|switch|p2a: Tyranitar|Tyranitar, M|90\/404
|-damage|p2a: Tyranitar|40\/404|[from] Stealth Rock
|turn|22
|callback|decision
|
|move|p1a: Heracross|Close Combat|p2a: Tyranitar
|-supereffective|p2a: Tyranitar
|-damage|p2a: Tyranitar|0 fnt
|-unboost|p1a: Heracross|def|1
|-unboost|p1a: Heracross|spd|1
|faint|p2a: Tyranitar
|-boost|p1a: Heracross|atk|1|[from] ability: Moxie
|
|win|bange
|raw|Ladder updating...
|raw|bange's rating: 1706 &rarr; <strong>1719<\/strong><br \/>(+13 for winning)
|raw|Rotz's rating: 1656 &rarr; <strong>1654<\/strong><br \/>(-2 for losing)