|join|LibraShadow
|join|bange
|player|p1|LibraShadow|92
|player|p2|bange|1
|gametype|singles
|tier|OU (current)
|rated
|rule|Evasion Abilities Clause: Evasion abilities are banned
|clearpoke
|poke|p1|Abomasnow, M, shiny
|poke|p1|Cloyster, M
|poke|p1|Forretress, F
|poke|p1|Walrein, F
|poke|p1|Jellicent, F, shiny
|poke|p1|Jolteon, M
|poke|p2|Lucario, F
|poke|p2|Landorus, M
|poke|p2|Probopass, M
|poke|p2|Breloom, M
|poke|p2|Jellicent, F
|poke|p2|Volcarona, F
|rule|Sleep Clause Mod: Limit one foe put to sleep
|rule|Species Clause: Limit one of each Pokemon
|rule|OHKO Clause: OHKO moves are banned
|rule|Moody Clause: Moody is banned
|rule|Evasion Moves Clause: Evasion moves are banned
|rule|HP Percentage Mod: HP is reported as percentages
|teampreview
|callback|decision
|
|start
|switch|p1a: Abomasnow|Abomasnow, M, shiny|384\/384
|switch|p2a: Probopass|Probopass, M|324\/324
|-weather|Hail|[from] ability: Snow Warning|[of] p1a: Abomasnow
|turn|1
|callback|decision
|
|move|p1a: Abomasnow|Substitute|p1a: Abomasnow
|-start|p1a: Abomasnow|Substitute
|-damage|p1a: Abomasnow|288\/384
|move|p2a: Probopass|Stealth Rock|p1a: Abomasnow
|-sidestart|p1: LibraShadow|move: Stealth Rock
|
|-weather|Hail|[upkeep]
|-damage|p2a: Probopass|304\/324|[from] hail
|-heal|p1a: Abomasnow|312\/384|[from] item: Leftovers
|-heal|p2a: Probopass|324\/324|[from] item: Leftovers
|turn|2
|callback|decision
|
|move|p1a: Abomasnow|Blizzard|p2a: Probopass
|-resisted|p2a: Probopass
|-damage|p2a: Probopass|284\/324
|move|p2a: Probopass|Volt Switch|p1a: Abomasnow
|-resisted|p1a: Abomasnow
|-activate|p1a: Abomasnow|Substitute|[damage]
|callback|decision
|
|switch|p2a: Lucario|Lucario, F|282\/282
|
|-weather|Hail|[upkeep]
|-damage|p2a: Lucario|265\/282|[from] hail
|-heal|p1a: Abomasnow|336\/384|[from] item: Leftovers
|turn|3
|callback|decision
|
|move|p2a: Lucario|ExtremeSpeed|p1a: Abomasnow
|-end|p1a: Abomasnow|Substitute
|move|p1a: Abomasnow|Focus Blast|p2a: Lucario|[miss]
|-miss|p1a: Abomasnow|p2a: Lucario
|
|-weather|Hail|[upkeep]
|-damage|p2a: Lucario|248\/282|[from] hail
|-heal|p1a: Abomasnow|360\/384|[from] item: Leftovers
|turn|4
|callback|decision
|
|switch|p1a: Jellicent|Jellicent, F, shiny|404\/404
|-damage|p1a: Jellicent|354\/404|[from] Stealth Rock
|move|p2a: Lucario|Swords Dance|p2a: Lucario
|-boost|p2a: Lucario|atk|2
|
|-weather|Hail|[upkeep]
|-damage|p2a: Lucario|231\/282|[from] hail
|-damage|p1a: Jellicent|329\/404|[from] hail
|-heal|p1a: Jellicent|354\/404|[from] item: Leftovers
|turn|5
|callback|decision
|
|move|p2a: Lucario|Crunch|p1a: Jellicent
|-supereffective|p1a: Jellicent
|-damage|p1a: Jellicent|0 fnt
|faint|p1a: Jellicent
|
|-weather|Hail|[upkeep]
|-damage|p2a: Lucario|214\/282|[from] hail
|callback|decision
|
|switch|p1a: Forretress|Forretress, F|354\/354
|-damage|p1a: Forretress|310\/354|[from] Stealth Rock
|turn|6
|callback|decision
|
|switch|p2a: Volcarona|Volcarona, F|374\/374
|move|p1a: Forretress|Rapid Spin|p2a: Volcarona
|-damage|p2a: Volcarona|352\/374
|-sideend|p1: LibraShadow|Stealth Rock|[from] move: Rapid Spin|[of] p1a: Forretress
|
|-weather|Hail|[upkeep]
|-damage|p2a: Volcarona|329\/374|[from] hail
|-heal|p1a: Forretress|332\/354|[from] item: Leftovers
|turn|7
|callback|decision
|
|switch|p1a: Walrein|Walrein, F|423\/423
|move|p2a: Volcarona|Quiver Dance|p2a: Volcarona
|-boost|p2a: Volcarona|spa|1
|-boost|p2a: Volcarona|spd|1
|-boost|p2a: Volcarona|spe|1
|
|-weather|Hail|[upkeep]
|-damage|p2a: Volcarona|306\/374|[from] hail
|turn|8
|callback|decision
|
|move|p1a: Walrein|Protect|p1a: Walrein
|-singleturn|p1a: Walrein|Protect
|move|p2a: Volcarona|Fiery Dance|p1a: Walrein
|-activate|p1a: Walrein|Protect
|
|-weather|Hail|[upkeep]
|-damage|p2a: Volcarona|283\/374|[from] hail
|turn|9
|callback|decision
|
|move|p2a: Volcarona|Fiery Dance|p1a: Walrein
|-damage|p1a: Walrein|249\/423
|move|p1a: Walrein|Substitute|p1a: Walrein
|-start|p1a: Walrein|Substitute
|-damage|p1a: Walrein|144\/423
|
|-weather|Hail|[upkeep]
|-damage|p2a: Volcarona|260\/374|[from] hail
|-heal|p1a: Walrein|170\/423|[from] ability: Ice Body
|-heal|p1a: Walrein|196\/423|[from] item: Leftovers
|turn|10
|callback|decision
|
|move|p1a: Walrein|Protect|p1a: Walrein
|-singleturn|p1a: Walrein|Protect
|move|p2a: Volcarona|Quiver Dance|p2a: Volcarona
|-boost|p2a: Volcarona|spa|1
|-boost|p2a: Volcarona|spd|1
|-boost|p2a: Volcarona|spe|1
|
|-weather|Hail|[upkeep]
|-damage|p2a: Volcarona|237\/374|[from] hail
|-heal|p1a: Walrein|222\/423|[from] ability: Ice Body
|-heal|p1a: Walrein|248\/423|[from] item: Leftovers
|turn|11
|callback|decision
|
|move|p2a: Volcarona|Fiery Dance|p1a: Walrein
|-end|p1a: Walrein|Substitute
|-boost|p2a: Volcarona|spa|1
|move|p1a: Walrein|Roar|p2a: Volcarona
|drag|p2a: Breloom|Breloom, M|262\/262
|
|-weather|Hail|[upkeep]
|-damage|p2a: Breloom|246\/262|[from] hail
|-heal|p1a: Walrein|274\/423|[from] ability: Ice Body
|-heal|p1a: Walrein|300\/423|[from] item: Leftovers
|-activate|p2a: Breloom|item: Toxic Orb
|-status|p2a: Breloom|tox
|turn|12
|callback|decision
|
|switch|p1a: Abomasnow|Abomasnow, M, shiny|360\/384
|move|p2a: Breloom|Swords Dance|p2a: Breloom
|-boost|p2a: Breloom|atk|2
|
|-weather|Hail|[upkeep]
|-damage|p2a: Breloom|230\/262 tox|[from] hail
|-heal|p1a: Abomasnow|384\/384|[from] item: Leftovers
|-heal|p2a: Breloom|262\/262 tox|[from] ability: Poison Heal
|turn|13
|callback|decision
|
|move|p2a: Breloom|Mach Punch|p1a: Abomasnow
|-supereffective|p1a: Abomasnow
|-damage|p1a: Abomasnow|52\/384
|move|p1a: Abomasnow|Blizzard|p2a: Breloom
|-supereffective|p2a: Breloom
|-damage|p2a: Breloom|0 fnt
|faint|p2a: Breloom
|
|-weather|Hail|[upkeep]
|-heal|p1a: Abomasnow|76\/384|[from] item: Leftovers
|callback|decision
|
|switch|p2a: Probopass|Probopass, M|284\/324
|turn|14
|callback|decision
|
|move|p1a: Abomasnow|Giga Drain|p2a: Probopass
|-damage|p2a: Probopass|238\/324
|-heal|p1a: Abomasnow|99\/384|[from] drain|[of] p2a: Probopass
|move|p2a: Probopass|Stealth Rock|p1a: Abomasnow
|-sidestart|p1: LibraShadow|move: Stealth Rock
|
|-weather|Hail|[upkeep]
|-damage|p2a: Probopass|218\/324|[from] hail
|-heal|p1a: Abomasnow|123\/384|[from] item: Leftovers
|-heal|p2a: Probopass|238\/324|[from] item: Leftovers
|turn|15
|callback|decision
|
|move|p1a: Abomasnow|Giga Drain|p2a: Probopass
|-damage|p2a: Probopass|189\/324
|-heal|p1a: Abomasnow|148\/384|[from] drain|[of] p2a: Probopass
|move|p2a: Probopass|Volt Switch|p1a: Abomasnow
|-resisted|p1a: Abomasnow
|-damage|p1a: Abomasnow|129\/384
|callback|decision
|
|switch|p2a: Volcarona|Volcarona, F|237\/374
|
|-weather|Hail|[upkeep]
|-damage|p2a: Volcarona|214\/374|[from] hail
|-heal|p1a: Abomasnow|153\/384|[from] item: Leftovers
|turn|16
|callback|decision
|
|move|p2a: Volcarona|Fiery Dance|p1a: Abomasnow
|-supereffective|p1a: Abomasnow
|-damage|p1a: Abomasnow|0 fnt
|faint|p1a: Abomasnow
|
|-weather|Hail|[upkeep]
|-damage|p2a: Volcarona|191\/374|[from] hail
|callback|decision
|
|switch|p1a: Walrein|Walrein, F|300\/423
|-damage|p1a: Walrein|195\/423|[from] Stealth Rock
|turn|17
|callback|decision
|
|move|p2a: Volcarona|Bug Buzz|p1a: Walrein
|-damage|p1a: Walrein|75\/423
|move|p1a: Walrein|Super Fang|p2a: Volcarona
|-damage|p2a: Volcarona|96\/374
|
|-weather|Hail|[upkeep]
|-damage|p2a: Volcarona|73\/374|[from] hail
|-heal|p1a: Walrein|101\/423|[from] ability: Ice Body
|-heal|p1a: Walrein|127\/423|[from] item: Leftovers
|turn|18
|callback|decision
|
|move|p2a: Volcarona|Fiery Dance|p1a: Walrein
|-crit|p1a: Walrein
|-damage|p1a: Walrein|0 fnt
|-boost|p2a: Volcarona|spa|1
|faint|p1a: Walrein
|
|-weather|Hail|[upkeep]
|-damage|p2a: Volcarona|50\/374|[from] hail
|callback|decision
|
|switch|p1a: Jolteon|Jolteon, M|272\/272
|-damage|p1a: Jolteon|238\/272|[from] Stealth Rock
|turn|19
|callback|decision
|
|move|p1a: Jolteon|Hidden Power|p2a: Volcarona
|-resisted|p2a: Volcarona
|-damage|p2a: Volcarona|28\/374
|-damage|p1a: Jolteon|211\/272|[from] item: Life Orb
|move|p2a: Volcarona|Fiery Dance|p1a: Jolteon
|-crit|p1a: Jolteon
|-damage|p1a: Jolteon|0 fnt
|faint|p1a: Jolteon
|
|-weather|Hail|[upkeep]
|-damage|p2a: Volcarona|5\/374|[from] hail
|callback|decision
|
|switch|p1a: Forretress|Forretress, F|332\/354
|-damage|p1a: Forretress|288\/354|[from] Stealth Rock
|turn|20
|callback|decision
|
|move|p2a: Volcarona|Fiery Dance|p1a: Forretress
|-supereffective|p1a: Forretress
|-damage|p1a: Forretress|0 fnt
|faint|p1a: Forretress
|
|-weather|Hail|[upkeep]
|-damage|p2a: Volcarona|0 fnt|[from] hail
|faint|p2a: Volcarona
|callback|decision
|
|switch|p2a: Lucario|Lucario, F|214\/282
|switch|p1a: Cloyster|Cloyster, M|242\/242
|-damage|p1a: Cloyster|182\/242|[from] Stealth Rock
|turn|21
|callback|decision
|
|move|p2a: Lucario|Close Combat|p1a: Cloyster
|-supereffective|p1a: Cloyster
|-damage|p1a: Cloyster|0 fnt
|-unboost|p2a: Lucario|def|1
|-unboost|p2a: Lucario|spd|1
|faint|p1a: Cloyster
|
|win|bange
|raw|Ladder updating...
|raw|LibraShadow's rating: 1007 &rarr; <strong>1006<\/strong><br \/>(-1 for losing)
|raw|bange's rating: 1511 &rarr; <strong>1563<\/strong><br \/>(+52 for winning)