|join|bange
|join|Gybert
|player|p1|bange|142
|player|p2|Gybert|33
|gametype|singles
|tier|OU (current)
|rated
|rule|Evasion Abilities Clause: Evasion abilities are banned
|clearpoke
|poke|p1|Steelix, M
|poke|p1|Heracross, M
|poke|p1|Latias, F
|poke|p1|Rotom-Mow
|poke|p1|Mantine, F, shiny
|poke|p1|Claydol
|poke|p2|Alakazam, M
|poke|p2|Cloyster, M
|poke|p2|Conkeldurr, M
|poke|p2|Gliscor, M
|poke|p2|Metagross
|poke|p2|Salamence, M
|rule|Sleep Clause Mod: Limit one foe put to sleep
|rule|Species Clause: Limit one of each Pokemon
|rule|OHKO Clause: OHKO moves are banned
|rule|Moody Clause: Moody is banned
|rule|Evasion Moves Clause: Evasion moves are banned
|rule|HP Percentage Mod: HP is reported as percentages
|teampreview
|callback|decision
|
|start
|switch|p1a: Steelix|Steelix, M|354\/354
|switch|p2a: Cloyster|Cloyster, M|241\/241
|turn|1
|callback|decision
|
|move|p2a: Cloyster|Shell Smash|p2a: Cloyster
|-boost|p2a: Cloyster|atk|2
|-boost|p2a: Cloyster|spa|2
|-boost|p2a: Cloyster|spe|2
|-unboost|p2a: Cloyster|def|1
|-unboost|p2a: Cloyster|spd|1
|move|p1a: Steelix|Dragon Tail|p2a: Cloyster
|-damage|p2a: Cloyster|205\/241
|drag|p2a: Gliscor|Gliscor, M|354\/354
|
|-activate|p2a: Gliscor|item: Toxic Orb
|-status|p2a: Gliscor|tox
|turn|2
|callback|decision
|
|switch|p2a: Salamence|Salamence, M|331\/331
|-ability|p2a: Salamence|Intimidate|[of] p1a: Steelix
|-unboost|p1a: Steelix|atk|1
|move|p1a: Steelix|Stealth Rock|p2a: Salamence
|-sidestart|p2: Gybert|move: Stealth Rock
|
|turn|3
|callback|decision
|
|move|p2a: Salamence|Earthquake|p1a: Steelix
|-supereffective|p1a: Steelix
|-damage|p1a: Steelix|236\/354
|move|p1a: Steelix|DragonBreath|p2a: Salamence
|-supereffective|p2a: Salamence
|-damage|p2a: Salamence|265\/331
|
|turn|4
|callback|decision
|
|move|p2a: Salamence|Fire Blast|p1a: Steelix
|-supereffective|p1a: Steelix
|-damage|p1a: Steelix|0 fnt
|faint|p1a: Steelix
|
|callback|decision
|
|switch|p1a: Latias|Latias, F|321\/321
|turn|5
|callback|decision
|
|move|p1a: Latias|Substitute|p1a: Latias
|-start|p1a: Latias|Substitute
|-damage|p1a: Latias|241\/321
|move|p2a: Salamence|Outrage|p1a: Latias
|-supereffective|p1a: Latias
|-end|p1a: Latias|Substitute
|
|-heal|p1a: Latias|261\/321|[from] item: Leftovers
|turn|6
|callback|decision
|
|move|p1a: Latias|Dragon Pulse|p2a: Salamence
|-supereffective|p2a: Salamence
|-damage|p2a: Salamence|0 fnt
|faint|p2a: Salamence
|
|-heal|p1a: Latias|281\/321|[from] item: Leftovers
|callback|decision
|
|switch|p2a: Metagross|Metagross|364\/364
|-damage|p2a: Metagross|342\/364|[from] Stealth Rock
|turn|7
|callback|decision
|
|switch|p1a: Rotom-Mow|Rotom-Mow|242\/242
|move|p2a: Metagross|Meteor Mash|p1a: Rotom-Mow|[miss]
|-miss|p2a: Metagross|p1a: Rotom-Mow
|
|-heal|p2a: Metagross|364\/364|[from] item: Leftovers
|turn|8
|callback|decision
|
|move|p1a: Rotom-Mow|Hidden Power|p2a: Metagross
|-supereffective|p2a: Metagross
|-damage|p2a: Metagross|200\/364
|move|p2a: Metagross|Meteor Mash|p1a: Rotom-Mow
|-resisted|p1a: Rotom-Mow
|-damage|p1a: Rotom-Mow|149\/242
|
|-heal|p2a: Metagross|222\/364|[from] item: Leftovers
|turn|9
|callback|decision
|
|move|p1a: Rotom-Mow|Hidden Power|p2a: Metagross
|-supereffective|p2a: Metagross
|-damage|p2a: Metagross|40\/364
|move|p2a: Metagross|Meteor Mash|p1a: Rotom-Mow
|-resisted|p1a: Rotom-Mow
|-damage|p1a: Rotom-Mow|59\/242
|-boost|p2a: Metagross|atk|1
|
|-heal|p2a: Metagross|62\/364|[from] item: Leftovers
|turn|10
|callback|decision
|
|move|p2a: Metagross|Bullet Punch|p1a: Rotom-Mow
|-resisted|p1a: Rotom-Mow
|-damage|p1a: Rotom-Mow|5\/242
|move|p1a: Rotom-Mow|Hidden Power|p2a: Metagross
|-supereffective|p2a: Metagross
|-damage|p2a: Metagross|0 fnt
|faint|p2a: Metagross
|
|callback|decision
|
|switch|p2a: Conkeldurr|Conkeldurr, M|414\/414
|-damage|p2a: Conkeldurr|389\/414|[from] Stealth Rock
|turn|11
|callback|decision
|
|switch|p1a: Claydol|Claydol|324\/324
|move|p2a: Conkeldurr|Mach Punch|p1a: Claydol
|-resisted|p1a: Claydol
|-damage|p1a: Claydol|286\/324
|
|-activate|p2a: Conkeldurr|item: Flame Orb
|-status|p2a: Conkeldurr|brn
|turn|12
|callback|decision
|
|move|p1a: Claydol|Earthquake|p2a: Conkeldurr
|-damage|p2a: Conkeldurr|302\/414 brn
|move|p2a: Conkeldurr|Drain Punch|p1a: Claydol
|-resisted|p1a: Claydol
|-damage|p1a: Claydol|178\/324
|-heal|p2a: Conkeldurr|356\/414 brn|[from] drain|[of] p1a: Claydol
|
|-damage|p2a: Conkeldurr|305\/414 brn|[from] brn
|turn|13
|callback|decision
|
|move|p1a: Claydol|Earthquake|p2a: Conkeldurr
|-damage|p2a: Conkeldurr|218\/414 brn
|move|p2a: Conkeldurr|Drain Punch|p1a: Claydol
|-resisted|p1a: Claydol
|-damage|p1a: Claydol|70\/324
|-heal|p2a: Conkeldurr|272\/414 brn|[from] drain|[of] p1a: Claydol
|-enditem|p1a: Claydol|Sitrus Berry|[eat]
|-heal|p1a: Claydol|151\/324|[from] item: Sitrus Berry
|
|-damage|p2a: Conkeldurr|221\/414 brn|[from] brn
|turn|14
|callback|decision
|
|move|p1a: Claydol|Earthquake|p2a: Conkeldurr
|-damage|p2a: Conkeldurr|134\/414 brn
|move|p2a: Conkeldurr|Drain Punch|p1a: Claydol
|-resisted|p1a: Claydol
|-damage|p1a: Claydol|52\/324
|-heal|p2a: Conkeldurr|184\/414 brn|[from] drain|[of] p1a: Claydol
|
|-damage|p2a: Conkeldurr|133\/414 brn|[from] brn
|turn|15
|callback|decision
|
|move|p1a: Claydol|Ice Beam|p2a: Conkeldurr
|-damage|p2a: Conkeldurr|46\/414 brn
|move|p2a: Conkeldurr|Drain Punch|p1a: Claydol
|-resisted|p1a: Claydol
|-damage|p1a: Claydol|0 fnt
|-heal|p2a: Conkeldurr|72\/414 brn|[from] drain|[of] p1a: Claydol
|faint|p1a: Claydol
|
|-damage|p2a: Conkeldurr|21\/414 brn|[from] brn
|callback|decision
|
|switch|p1a: Heracross|Heracross, M|306\/306
|turn|16
|callback|decision
|
|move|p2a: Conkeldurr|Mach Punch|p1a: Heracross
|-resisted|p1a: Heracross
|-damage|p1a: Heracross|225\/306
|move|p1a: Heracross|Close Combat|p2a: Conkeldurr
|-damage|p2a: Conkeldurr|0 fnt
|-unboost|p1a: Heracross|def|1
|-unboost|p1a: Heracross|spd|1
|faint|p2a: Conkeldurr
|-boost|p1a: Heracross|atk|1|[from] ability: Moxie
|
|callback|decision
|
|switch|p2a: Cloyster|Cloyster, M|205\/241
|-damage|p2a: Cloyster|145\/241|[from] Stealth Rock
|turn|17
|callback|decision
|
|move|p1a: Heracross|Close Combat|p2a: Cloyster
|-supereffective|p2a: Cloyster
|-damage|p2a: Cloyster|0 fnt
|-unboost|p1a: Heracross|def|1
|-unboost|p1a: Heracross|spd|1
|faint|p2a: Cloyster
|-boost|p1a: Heracross|atk|1|[from] ability: Moxie
|
|callback|decision
|
|switch|p2a: Gliscor|Gliscor, M|354\/354 tox
|-damage|p2a: Gliscor|310\/354 tox|[from] Stealth Rock
|turn|18
|callback|decision
|
|move|p1a: Heracross|Close Combat|p2a: Gliscor
|-resisted|p2a: Gliscor
|-damage|p2a: Gliscor|104\/354 tox
|-unboost|p1a: Heracross|def|1
|-unboost|p1a: Heracross|spd|1
|move|p2a: Gliscor|Stone Edge|p1a: Heracross
|-damage|p1a: Heracross|0 fnt
|faint|p1a: Heracross
|
|-heal|p2a: Gliscor|148\/354 tox|[from] ability: Poison Heal
|callback|decision
|
|switch|p1a: Mantine|Mantine, F, shiny|334\/334
|turn|19
|callback|decision
|
|move|p2a: Gliscor|Protect|p2a: Gliscor
|-singleturn|p2a: Gliscor|Protect
|move|p1a: Mantine|Scald|p2a: Gliscor
|-activate|p2a: Gliscor|Protect
|
|-heal|p2a: Gliscor|192\/354 tox|[from] ability: Poison Heal
|turn|20
|callback|decision
|
|switch|p2a: Alakazam|Alakazam, M|252\/252
|move|p1a: Mantine|Scald|p2a: Alakazam
|-damage|p2a: Alakazam|153\/252
|
|turn|21
|callback|decision
|
|move|p2a: Alakazam|Psychic|p1a: Mantine
|-damage|p1a: Mantine|217\/334
|-unboost|p1a: Mantine|spd|1
|move|p1a: Mantine|Scald|p2a: Alakazam
|-damage|p2a: Alakazam|59\/252
|-status|p2a: Alakazam|brn
|
|turn|22
|callback|decision
|
|move|p2a: Alakazam|Psychic|p1a: Mantine
|-damage|p1a: Mantine|40\/334
|move|p1a: Mantine|Scald|p2a: Alakazam
|-damage|p2a: Alakazam|0 fnt
|faint|p2a: Alakazam
|
|callback|decision
|
|switch|p2a: Gliscor|Gliscor, M|192\/354 tox
|-damage|p2a: Gliscor|148\/354 tox|[from] Stealth Rock
|turn|23
|callback|decision
|
|move|p2a: Gliscor|Protect|p2a: Gliscor
|-singleturn|p2a: Gliscor|Protect
|move|p1a: Mantine|Aqua Ring|p1a: Mantine
|-start|p1a: Mantine|Aqua Ring
|
|-heal|p1a: Mantine|60\/334|[from] Aqua Ring
|-heal|p2a: Gliscor|192\/354 tox|[from] ability: Poison Heal
|turn|24
|callback|decision
|
|move|p2a: Gliscor|Stone Edge|p1a: Mantine
|-supereffective|p1a: Mantine
|-damage|p1a: Mantine|0 fnt
|faint|p1a: Mantine
|
|-heal|p2a: Gliscor|236\/354 tox|[from] ability: Poison Heal
|callback|decision
|
|switch|p1a: Rotom-Mow|Rotom-Mow|5\/242
|turn|25
|callback|decision
|
|move|p2a: Gliscor|Protect|p2a: Gliscor
|-singleturn|p2a: Gliscor|Protect
|move|p1a: Rotom-Mow|Leaf Storm|p2a: Gliscor
|-activate|p2a: Gliscor|Protect
|
|-heal|p2a: Gliscor|280\/354 tox|[from] ability: Poison Heal
|turn|26
|callback|decision
|
|move|p1a: Rotom-Mow|Leaf Storm|p2a: Gliscor
|-damage|p2a: Gliscor|0 fnt
|-unboost|p1a: Rotom-Mow|spa|2
|faint|p2a: Gliscor
|
|win|bange
|raw|Ladder updating...
|raw|bange's rating: 1684 &rarr; <strong>1699<\/strong><br \/>(+15 for winning)
|raw|Gybert's rating: 1606 &rarr; <strong>1597<\/strong><br \/>(-9 for losing)