|join|bange
|join|ÃaÃaw
|player|p1|bange|142
|player|p2|ÃaÃaw|99
|gametype|singles
|tier|Pokebank OU (beta)
|rated
|clearpoke
|poke|p1|Malamar, M
|poke|p1|Noivern, F
|poke|p1|Venusaur, M
|poke|p1|Chansey, F
|poke|p1|Bastiodon, M
|poke|p1|Azumarill, F
|poke|p2|Kangaskhan, F
|poke|p2|Rotom-Wash
|poke|p2|Talonflame, M
|poke|p2|Galvantula, F
|poke|p2|Trevenant, M
|poke|p2|Excadrill, F
|rule|Sleep Clause Mod: Limit one foe put to sleep
|rule|Species Clause: Limit one of each Pokemon
|rule|Moody Clause: Moody is banned
|rule|OHKO Clause: OHKO moves are banned
|rule|Evasion Moves Clause: Evasion moves are banned
|rule|HP Percentage Mod: HP is reported as percentages
|teampreview
|callback|decision
|
|start
|switch|p1a: Bastiodon|Bastiodon, M|324\/324
|switch|p2a: Galvantula|Galvantula, F|281\/281
|turn|1
|callback|decision
|
|move|p1a: Bastiodon|Magic Coat|p1a: Bastiodon
|-singleturn|p1a: Bastiodon|move: Magic Coat
|move|p2a: Galvantula|Sticky Web|p1a: Bastiodon
|move|p1a: Bastiodon|Sticky Web|p2a: Galvantula|[from]Magic Coat
|-sidestart|p2: ÃaÃaw|move: Sticky Web
|
|turn|2
|callback|decision
|
|move|p2a: Galvantula|Sticky Web|p1a: Bastiodon
|-sidestart|p1: bange|move: Sticky Web
|move|p1a: Bastiodon|Stealth Rock|p2a: Galvantula
|-sidestart|p2: ÃaÃaw|move: Stealth Rock
|
|turn|3
|callback|decision
|
|move|p2a: Galvantula|Volt Switch|p1a: Bastiodon
|-damage|p1a: Bastiodon|248\/324
|callback|decision
|
|switch|p2a: Excadrill|Excadrill, F|365\/365
|-unboost|p2a: Excadrill|spe|1
|-damage|p2a: Excadrill|354\/365|[from] Stealth Rock
|-ability|p2a: Excadrill|Mold Breaker
|move|p1a: Bastiodon|Roar|p2a: Excadrill
|drag|p2a: Galvantula|Galvantula, F|281\/281
|-unboost|p2a: Galvantula|spe|1
|-damage|p2a: Galvantula|211\/281|[from] Stealth Rock
|
|turn|4
|callback|decision
|
|move|p2a: Galvantula|Thunder|p1a: Bastiodon
|-crit|p1a: Bastiodon
|-damage|p1a: Bastiodon|70\/324
|move|p1a: Bastiodon|Roar|p2a: Galvantula
|drag|p2a: Trevenant|Trevenant, M|374\/374
|-unboost|p2a: Trevenant|spe|1
|-damage|p2a: Trevenant|328\/374|[from] Stealth Rock
|
|turn|5
|callback|decision
|
|move|p1a: Bastiodon|Magic Coat|p1a: Bastiodon
|-singleturn|p1a: Bastiodon|move: Magic Coat
|move|p2a: Trevenant|Will-O-Wisp|p1a: Bastiodon
|move|p1a: Bastiodon|Will-O-Wisp|p2a: Trevenant|[from]Magic Coat
|-status|p2a: Trevenant|brn
|
|-damage|p2a: Trevenant|282\/374 brn|[from] brn
|turn|6
|callback|decision
|
|move|p2a: Trevenant|Leech Seed|p1a: Bastiodon
|-start|p1a: Bastiodon|move: Leech Seed
|move|p1a: Bastiodon|Roar|p2a: Trevenant
|drag|p2a: Rotom-Wash|Rotom-Wash|304\/304
|-damage|p2a: Rotom-Wash|266\/304|[from] Stealth Rock
|
|-heal|p2a: Rotom-Wash|285\/304|[from] item: Leftovers
|-damage|p1a: Bastiodon|30\/324|[from] Leech Seed|[of] p2a: Rotom-Wash
|-heal|p2a: Rotom-Wash|304\/304|[silent]
|turn|7
|callback|decision
|
|switch|p1a: Noivern|Noivern, F|311\/311
|-item|p2a: Rotom-Wash|Leftovers|[from] ability: Frisk|[of] p1a: Noivern|[identify]
|move|p2a: Rotom-Wash|Volt Switch|p1a: Noivern
|-damage|p1a: Noivern|200\/311
|callback|decision
|
|switch|p2a: Talonflame|Talonflame, M|297\/297
|-damage|p2a: Talonflame|149\/297|[from] Stealth Rock
|
|turn|8
|callback|decision
|
|switch|p1a: Bastiodon|Bastiodon, M|30\/324
|-unboost|p1a: Bastiodon|spe|1
|move|p2a: Talonflame|Brave Bird|p1a: Bastiodon
|-resisted|p1a: Bastiodon
|-damage|p1a: Bastiodon|1\/324
|-damage|p2a: Talonflame|139\/297|[from] recoil|[of] p1a: Bastiodon
|-damage|p2a: Talonflame|90\/297|[from] item: Rocky Helmet|[of] p1a: Bastiodon
|-damage|p2a: Talonflame|61\/297|[from] item: Life Orb
|
|turn|9
|callback|decision
|
|move|p2a: Talonflame|Roost|p2a: Talonflame
|-heal|p2a: Talonflame|210\/297
|move|p1a: Bastiodon|Roar|p2a: Talonflame
|drag|p2a: Galvantula|Galvantula, F|211\/281
|-unboost|p2a: Galvantula|spe|1
|-damage|p2a: Galvantula|141\/281|[from] Stealth Rock
|
|turn|10
|callback|decision
|
|move|p2a: Galvantula|Sticky Web|p1a: Bastiodon
|-fail|p1a: Bastiodon
|move|p1a: Bastiodon|Roar|p2a: Galvantula
|drag|p2a: Rotom-Wash|Rotom-Wash|304\/304
|-damage|p2a: Rotom-Wash|266\/304|[from] Stealth Rock
|
|-heal|p2a: Rotom-Wash|285\/304|[from] item: Leftovers
|turn|11
|callback|decision
|chat|ÃaÃaw|drag everything
|chat|ÃaÃaw|except the one that fucking maters
|chat|ÃaÃaw|god
|chat|ÃaÃaw|fuycking
|chat|ÃaÃaw|damn it
|
|switch|p2a: Trevenant|Trevenant, M|282\/374 brn
|-unboost|p2a: Trevenant|spe|1
|-damage|p2a: Trevenant|236\/374 brn|[from] Stealth Rock
|switch|p1a: Venusaur|Venusaur, M|324\/324
|-unboost|p1a: Venusaur|spe|1
|
|-damage|p2a: Trevenant|190\/374 brn|[from] brn
|turn|12
|callback|decision
|
|switch|p2a: Excadrill|Excadrill, F|354\/365
|-damage|p2a: Excadrill|343\/365|[from] Stealth Rock
|-unboost|p2a: Excadrill|spe|1
|-ability|p2a: Excadrill|Mold Breaker
|-formechange|p1a: Venusaur|Venusaur-Mega
|message|Venusaur has Mega Evolved into Mega Venusaur!
|move|p1a: Venusaur|Sludge Bomb|p2a: Excadrill
|-immune|p2a: Excadrill|[msg]
|
|-heal|p2a: Excadrill|365\/365|[from] item: Leftovers
|turn|13
|callback|decision
|
|move|p2a: Excadrill|Rapid Spin|p1a: Venusaur
|-damage|p1a: Venusaur|302\/324
|-sideend|p2: ÃaÃaw|Stealth Rock|[from] move: Rapid Spin|[of] p2a: Excadrill
|-sideend|p2: ÃaÃaw|Sticky Web|[from] move: Rapid Spin|[of] p2a: Excadrill
|move|p1a: Venusaur|Hidden Power|p2a: Excadrill
|-supereffective|p2a: Excadrill
|-damage|p2a: Excadrill|161\/365
|
|-heal|p2a: Excadrill|183\/365|[from] item: Leftovers
|turn|14
|callback|decision
|
|switch|p2a: Talonflame|Talonflame, M|210\/297
|move|p1a: Venusaur|Sludge Bomb|p2a: Talonflame
|-damage|p2a: Talonflame|0 fnt
|faint|p2a: Talonflame
|
|callback|decision
|
|switch|p2a: Galvantula|Galvantula, F|141\/281
|turn|15
|callback|decision
|
|switch|p1a: Bastiodon|Bastiodon, M|1\/324
|-unboost|p1a: Bastiodon|spe|1
|move|p2a: Galvantula|Bug Buzz|p1a: Bastiodon
|-crit|p1a: Bastiodon
|-resisted|p1a: Bastiodon
|-damage|p1a: Bastiodon|0 fnt
|faint|p1a: Bastiodon
|
|callback|decision
|
|switch|p1a: Malamar|Malamar, M|337\/337
|-boost|p1a: Malamar|spe|1
|turn|16
|callback|decision
|
|move|p1a: Malamar|Rock Slide|p2a: Galvantula
|-supereffective|p2a: Galvantula
|-damage|p2a: Galvantula|0 fnt
|faint|p2a: Galvantula
|
|callback|decision
|
|switch|p2a: Trevenant|Trevenant, M|190\/374 brn
|turn|17
|callback|decision
|
|move|p1a: Malamar|Substitute|p1a: Malamar
|-start|p1a: Malamar|Substitute
|-damage|p1a: Malamar|253\/337
|move|p2a: Trevenant|Will-O-Wisp|p1a: Malamar|[miss]
|-miss|p2a: Trevenant|p1a: Malamar
|
|-heal|p1a: Malamar|274\/337|[from] item: Leftovers
|-damage|p2a: Trevenant|144\/374 brn|[from] brn
|-enditem|p2a: Trevenant|Sitrus Berry|[eat]
|-heal|p2a: Trevenant|237\/374 brn|[from] item: Sitrus Berry
|turn|18
|callback|decision
|-message|ÃaÃaw forfeited.
|
|win|bange
|raw|Ladder updating...
|leave|ÃaÃaw
|player|p2
|raw|bange's rating: 1661 &rarr; <strong>1692<\/strong><br \/>(+31 for winning)
|raw|ÃaÃaw's rating: 1857 &rarr; <strong>1828<\/strong><br \/>(-29 for losing)