|join|TehReelBlue
|join|Hentai Guy
|player|p1|TehReelBlue|161
|player|p2|Hentai Guy|168
|gametype|singles
|gen|6
|tier|UU
|rated
|rule|Sleep Clause Mod: Limit one foe put to sleep
|rule|Species Clause: Limit one of each PokÃ©mon
|rule|OHKO Clause: OHKO moves are banned
|rule|Moody Clause: Moody is banned
|rule|Evasion Moves Clause: Evasion moves are banned
|rule|Endless Battle Clause: Forcing endless battles is banned
|rule|HP Percentage Mod: HP is shown in percentages
|clearpoke
|poke|p1|Feraligatr, M
|poke|p1|Lucario, M, shiny
|poke|p1|Altaria, F
|poke|p1|Goodra, F
|poke|p1|Nidoking, M, shiny
|poke|p1|Roserade, F
|poke|p2|Altaria, F
|poke|p2|Vaporeon, F
|poke|p2|Chesnaught, F
|poke|p2|Raikou
|poke|p2|Bronzong
|poke|p2|Starmie
|rule|Swagger Clause: Swagger is banned
|rule|Baton Pass Clause: Limit one PokÃ©mon knowing Baton Pass
|teampreview
|
|start
|switch|p1a: Nidoking|Nidoking, M, shiny|366\/366
|switch|p2a: Bronzong|Bronzong|338\/338
|turn|1
|
|switch|p2a: Vaporeon|Vaporeon, F|463\/463
|move|p1a: Nidoking|Earthquake|p2a: Vaporeon
|-damage|p2a: Vaporeon|253\/463
|
|-heal|p2a: Vaporeon|281\/463|[from] item: Leftovers
|turn|2
|
|switch|p2a: Bronzong|Bronzong|338\/338
|move|p1a: Nidoking|Thunder Punch|p2a: Bronzong
|-damage|p2a: Bronzong|271\/338
|
|-heal|p2a: Bronzong|292\/338|[from] item: Leftovers
|turn|3
|
|move|p1a: Nidoking|Megahorn|p2a: Bronzong
|-damage|p2a: Bronzong|177\/338
|move|p2a: Bronzong|Stealth Rock|p1a: Nidoking
|-sidestart|p1: TehReelBlue|move: Stealth Rock
|
|-heal|p2a: Bronzong|198\/338|[from] item: Leftovers
|turn|4
|
|move|p1a: Nidoking|Thunder Punch|p2a: Bronzong
|-damage|p2a: Bronzong|126\/338
|move|p2a: Bronzong|Earthquake|p1a: Nidoking
|-supereffective|p1a: Nidoking
|-damage|p1a: Nidoking|174\/366
|-enditem|p1a: Nidoking|Weakness Policy
|-boost|p1a: Nidoking|atk|2|[from] item: Weakness Policy
|-boost|p1a: Nidoking|spa|2|[from] item: Weakness Policy
|
|-heal|p2a: Bronzong|147\/338|[from] item: Leftovers
|turn|5
|
|move|p1a: Nidoking|Megahorn|p2a: Bronzong
|-damage|p2a: Bronzong|0 fnt
|faint|p2a: Bronzong
|
|
|switch|p2a: Raikou|Raikou|321\/321
|-ability|p2a: Raikou|Pressure
|turn|6
|
|move|p2a: Raikou|Extrasensory|p1a: Nidoking
|-supereffective|p1a: Nidoking
|-damage|p1a: Nidoking|0 fnt
|faint|p1a: Nidoking
|
|
|switch|p1a: Lucario|Lucario, M, shiny|281\/281
|-damage|p1a: Lucario|273\/281|[from] Stealth Rock
|turn|7
|
|move|p2a: Raikou|Extrasensory|p1a: Lucario
|-damage|p1a: Lucario|111\/281
|move|p1a: Lucario|Close Combat|p2a: Raikou
|-damage|p2a: Raikou|21\/321
|-unboost|p1a: Lucario|def|1
|-unboost|p1a: Lucario|spd|1
|-damage|p1a: Lucario|83\/281|[from] item: Life Orb
|
|turn|8
|
|move|p1a: Lucario|Extreme Speed|p2a: Raikou
|-damage|p2a: Raikou|0 fnt
|-damage|p1a: Lucario|55\/281|[from] item: Life Orb
|faint|p2a: Raikou
|
|
|switch|p2a: Altaria|Altaria, F|309\/309
|turn|9
|
|move|p1a: Lucario|Flash Cannon|p2a: Altaria
|-damage|p2a: Altaria|161\/309
|-damage|p1a: Lucario|27\/281|[from] item: Life Orb
|move|p2a: Altaria|Dragon Dance|p2a: Altaria
|-boost|p2a: Altaria|atk|1
|-boost|p2a: Altaria|spe|1
|
|turn|10
|
|detailschange|p2a: Altaria|Altaria-Mega, F
|message|Altaria has Mega Evolved into Mega Altaria!
|move|p2a: Altaria|Roost|p2a: Altaria
|-heal|p2a: Altaria|309\/309
|move|p1a: Lucario|Flash Cannon|p2a: Altaria
|-supereffective|p2a: Altaria
|-damage|p2a: Altaria|26\/309
|-damage|p1a: Lucario|0 fnt|[from] item: Life Orb
|faint|p1a: Lucario
|
|
|switch|p1a: Roserade|Roserade, F|262\/262
|-damage|p1a: Roserade|230\/262|[from] Stealth Rock
|turn|11
|
|move|p2a: Altaria|Earthquake|p1a: Roserade
|-damage|p1a: Roserade|0 fnt
|faint|p1a: Roserade
|
|c|âTehReelBlue|How was Altaria faster wtf?
|
|switch|p1a: Altaria|Altaria, F|354\/354
|-damage|p1a: Altaria|266\/354|[from] Stealth Rock
|turn|12
|
|detailschange|p1a: Altaria|Altaria-Mega, F
|message|Altaria has Mega Evolved into Mega Altaria!
|move|p2a: Altaria|Frustration|p1a: Altaria
|-supereffective|p1a: Altaria
|-damage|p1a: Altaria|0 fnt
|faint|p1a: Altaria
|
|
|switch|p1a: Goodra|Goodra, F|322\/322
|-damage|p1a: Goodra|282\/322|[from] Stealth Rock
|turn|13
|
|move|p2a: Altaria|Frustration|p1a: Goodra
|-supereffective|p1a: Goodra
|-damage|p1a: Goodra|0 fnt
|-unboost|p2a: Altaria|spe|1
|-damage|p2a: Altaria|0 fnt|[from] item: Rocky Helmet|[of] p1a: Goodra
|faint|p2a: Altaria
|faint|p1a: Goodra
|
|c|âHentai Guy|Why are you even allowed to play this game?
|c|âTehReelBlue|Because
|c|âTehReelBlue|The constitution
|
|switch|p1a: Feraligatr|Feraligatr, M|317\/317
|switch|p2a: Chesnaught|Chesnaught, F|380\/380
|-damage|p1a: Feraligatr|278\/317|[from] Stealth Rock
|turn|14
|c|âTehReelBlue|Unless you're not in US lel
|
|move|p1a: Feraligatr|Dragon Dance|p1a: Feraligatr
|-boost|p1a: Feraligatr|atk|1
|-boost|p1a: Feraligatr|spe|1
|move|p2a: Chesnaught|Drain Punch|p1a: Feraligatr
|-damage|p1a: Feraligatr|191\/317
|
|-heal|p1a: Feraligatr|210\/317|[from] item: Leftovers
|turn|15
|c|âTehReelBlue|You could've ended it right there XD
|
|move|p1a: Feraligatr|Crunch|p2a: Chesnaught
|-resisted|p2a: Chesnaught
|-damage|p2a: Chesnaught|335\/380
|move|p2a: Chesnaught|Leech Seed|p1a: Feraligatr
|-start|p1a: Feraligatr|move: Leech Seed
|
|-heal|p1a: Feraligatr|229\/317|[from] item: Leftovers
|-heal|p2a: Chesnaught|358\/380|[from] item: Leftovers
|-damage|p1a: Feraligatr|190\/317|[from] Leech Seed|[of] p2a: Chesnaught
|-heal|p2a: Chesnaught|380\/380|[silent]
|turn|16
|c|âTehReelBlue|XD
|c|âTehReelBlue|trololol
|
|move|p1a: Feraligatr|Power-Up Punch|p2a: Chesnaught
|-damage|p2a: Chesnaught|333\/380
|-boost|p1a: Feraligatr|atk|1
|move|p2a: Chesnaught|Drain Punch|p1a: Feraligatr
|-damage|p1a: Feraligatr|94\/317
|-heal|p2a: Chesnaught|380\/380|[from] drain|[of] p1a: Feraligatr
|
|-heal|p1a: Feraligatr|113\/317|[from] item: Leftovers
|-damage|p1a: Feraligatr|74\/317|[from] Leech Seed|[of] p2a: Chesnaught
|turn|17
|
|move|p1a: Feraligatr|Waterfall|p2a: Chesnaught
|-resisted|p2a: Chesnaught
|-damage|p2a: Chesnaught|237\/380
|move|p2a: Chesnaught|Drain Punch|p1a: Feraligatr
|-damage|p1a: Feraligatr|0 fnt
|-heal|p2a: Chesnaught|274\/380|[from] drain|[of] p1a: Feraligatr
|faint|p1a: Feraligatr
|
|win|Hentai Guy
|raw|Ladder updating...
|c|âTehReelBlue|You should work on your team
|c|âHentai Guy|Garbage