|join|Mystearica Aura
|join|Hentai Guy
|player|p1|Mystearica Aura|152
|player|p2|Hentai Guy|265
|gametype|singles
|gen|6
|tier|UU
|rated
|rule|Sleep Clause Mod: Limit one foe put to sleep
|rule|Species Clause: Limit one of each PokÃ©mon
|rule|OHKO Clause: OHKO moves are banned
|rule|Moody Clause: Moody is banned
|rule|Evasion Moves Clause: Evasion moves are banned
|rule|Endless Battle Clause: Forcing endless battles is banned
|rule|HP Percentage Mod: HP is shown in percentages
|clearpoke
|poke|p1|Espeon, F
|poke|p1|Gallade, M
|poke|p1|Mienshao, M
|poke|p1|Milotic, F
|poke|p1|Forretress, M
|poke|p1|Shaymin
|poke|p2|Sharpedo, F
|poke|p2|Hydreigon, F
|poke|p2|Infernape, F
|poke|p2|Nidoqueen, F
|poke|p2|Starmie
|poke|p2|Jirachi, shiny
|rule|Swagger Clause: Swagger is banned
|rule|Baton Pass Clause: Limit one PokÃ©mon knowing Baton Pass
|teampreview
|
|start
|switch|p1a: Mienshao|Mienshao, M|272\/272
|switch|p2a: Starmie|Starmie|261\/261
|turn|1
|
|move|p2a: Starmie|Psyshock|p1a: Mienshao
|-supereffective|p1a: Mienshao
|-damage|p1a: Mienshao|0 fnt
|faint|p1a: Mienshao
|
|
|switch|p1a: Espeon|Espeon, F|334\/334
|turn|2
|
|switch|p2a: Infernape|Infernape, F|293\/293
|move|p1a: Espeon|Reflect|p1a: Espeon
|-sidestart|p1: Mystearica Aura|Reflect
|
|turn|3
|
|switch|p2a: Jirachi|Jirachi, shiny|403\/403
|move|p1a: Espeon|Calm Mind|p1a: Espeon
|-boost|p1a: Espeon|spa|1
|-boost|p1a: Espeon|spd|1
|
|turn|4
|
|switch|p2a: Hydreigon|Hydreigon, F|325\/325
|move|p1a: Espeon|Calm Mind|p1a: Espeon
|-boost|p1a: Espeon|spa|1
|-boost|p1a: Espeon|spd|1
|
|turn|5
|
|move|p1a: Espeon|Baton Pass|p1a: Espeon
|
|switch|p1a: Gallade|Gallade, M|340\/340
|move|p2a: Hydreigon|Dark Pulse|p1a: Gallade
|-damage|p1a: Gallade|271\/340
|-boost|p1a: Gallade|atk|1|[from] ability: Justified
|
|turn|6
|c|âMystearica Aura|gg
|c|âMystearica Aura|lol
|
|switch|p2a: Infernape|Infernape, F|293\/293
|detailschange|p1a: Gallade|Gallade-Mega, M
|message|Gallade has Mega Evolved into Mega Gallade!
|move|p1a: Gallade|Bulk Up|p1a: Gallade
|-boost|p1a: Gallade|atk|1
|-boost|p1a: Gallade|def|1
|
|-sideend|p1: Mystearica Aura|Reflect
|turn|7
|
|move|p2a: Infernape|Fire Blast|p1a: Gallade|[miss]
|-miss|p2a: Infernape|p1a: Gallade
|move|p1a: Gallade|Drain Punch|p2a: Infernape
|-damage|p2a: Infernape|0 fnt
|-heal|p1a: Gallade|340\/340|[from] drain|[of] p2a: Infernape
|faint|p2a: Infernape
|
|
|switch|p2a: Sharpedo|Sharpedo, F|281\/281
|turn|8
|
|move|p2a: Sharpedo|Protect|p2a: Sharpedo
|-singleturn|p2a: Sharpedo|Protect
|move|p1a: Gallade|Bulk Up|p1a: Gallade
|-boost|p1a: Gallade|atk|1
|-boost|p1a: Gallade|def|1
|
|-boost|p2a: Sharpedo|spe|1|[from] ability: Speed Boost
|turn|9
|c|âHentai Guy|Gg
|c|âMystearica Aura|:3
|
|detailschange|p2a: Sharpedo|Sharpedo-Mega, F
|message|Sharpedo has Mega Evolved into Mega Sharpedo!
|move|p2a: Sharpedo|Destiny Bond|p2a: Sharpedo
|-singlemove|p2a: Sharpedo|Destiny Bond
|move|p1a: Gallade|Drain Punch|p2a: Sharpedo
|-supereffective|p2a: Sharpedo
|-damage|p2a: Sharpedo|0 fnt
|faint|p2a: Sharpedo
|-activate|p2a: Sharpedo|Destiny Bond
|faint|p1a: Gallade
|
|c|âMystearica Aura|cooooooool
|
|switch|p2a: Hydreigon|Hydreigon, F|325\/325
|switch|p1a: Forretress|Forretress, M|354\/354
|turn|10
|
|move|p2a: Hydreigon|Dark Pulse|p1a: Forretress
|-damage|p1a: Forretress|35\/354
|move|p1a: Forretress|Stealth Rock|p2a: Hydreigon
|-sidestart|p2: Hentai Guy|move: Stealth Rock
|
|-heal|p1a: Forretress|57\/354|[from] item: Leftovers
|turn|11
|
|move|p2a: Hydreigon|Dark Pulse|p1a: Forretress
|-damage|p1a: Forretress|0 fnt
|faint|p1a: Forretress
|
|
|switch|p1a: Milotic|Milotic, F|394\/394
|turn|12
|
|switch|p2a: Starmie|Starmie|261\/261
|-damage|p2a: Starmie|229\/261|[from] Stealth Rock
|move|p1a: Milotic|Coil|p1a: Milotic
|-boost|p1a: Milotic|atk|1
|-boost|p1a: Milotic|def|1
|-boost|p1a: Milotic|accuracy|1
|
|turn|13
|
|move|p2a: Starmie|Rapid Spin|p1a: Milotic
|-damage|p1a: Milotic|385\/394
|-sideend|p2: Hentai Guy|Stealth Rock|[from] move: Rapid Spin|[of] p2a: Starmie
|move|p1a: Milotic|Dragon Tail|p2a: Starmie
|-crit|p2a: Starmie
|-damage|p2a: Starmie|153\/261
|drag|p2a: Jirachi|Jirachi, shiny|403\/403
|
|-heal|p1a: Milotic|394\/394|[from] item: Leftovers
|turn|14
|
|move|p2a: Jirachi|Substitute|p2a: Jirachi
|-start|p2a: Jirachi|Substitute
|-damage|p2a: Jirachi|303\/403
|move|p1a: Milotic|Coil|p1a: Milotic
|-boost|p1a: Milotic|atk|1
|-boost|p1a: Milotic|def|1
|-boost|p1a: Milotic|accuracy|1
|
|-heal|p2a: Jirachi|328\/403|[from] item: Leftovers
|turn|15
|
|move|p2a: Jirachi|Calm Mind|p2a: Jirachi
|-boost|p2a: Jirachi|spa|1
|-boost|p2a: Jirachi|spd|1
|move|p1a: Milotic|Scald|p2a: Jirachi
|-activate|p2a: Jirachi|Substitute|[damage]
|
|-heal|p2a: Jirachi|353\/403|[from] item: Leftovers
|turn|16
|
|move|p2a: Jirachi|Calm Mind|p2a: Jirachi
|-boost|p2a: Jirachi|spa|1
|-boost|p2a: Jirachi|spd|1
|move|p1a: Milotic|Scald|p2a: Jirachi
|-end|p2a: Jirachi|Substitute
|
|-heal|p2a: Jirachi|378\/403|[from] item: Leftovers
|turn|17
|
|switch|p1a: Espeon|Espeon, F|334\/334
|move|p2a: Jirachi|Substitute|p2a: Jirachi
|-start|p2a: Jirachi|Substitute
|-damage|p2a: Jirachi|278\/403
|
|-heal|p2a: Jirachi|303\/403|[from] item: Leftovers
|turn|18
|c|âMystearica Aura|fuck my life
|
|move|p1a: Espeon|Calm Mind|p1a: Espeon
|-boost|p1a: Espeon|spa|1
|-boost|p1a: Espeon|spd|1
|move|p2a: Jirachi|Moonblast|p1a: Espeon
|-damage|p1a: Espeon|224\/334
|-unboost|p1a: Espeon|spa|1
|
|-heal|p1a: Espeon|244\/334|[from] item: Leftovers
|-heal|p2a: Jirachi|328\/403|[from] item: Leftovers
|turn|19
|
|move|p1a: Espeon|Calm Mind|p1a: Espeon
|-boost|p1a: Espeon|spa|1
|-boost|p1a: Espeon|spd|1
|move|p2a: Jirachi|Calm Mind|p2a: Jirachi
|-boost|p2a: Jirachi|spa|1
|-boost|p2a: Jirachi|spd|1
|
|-heal|p1a: Espeon|264\/334|[from] item: Leftovers
|-heal|p2a: Jirachi|353\/403|[from] item: Leftovers
|turn|20
|
|move|p1a: Espeon|Calm Mind|p1a: Espeon
|-boost|p1a: Espeon|spa|1
|-boost|p1a: Espeon|spd|1
|move|p2a: Jirachi|Psyshock|p1a: Espeon
|-resisted|p1a: Espeon
|-damage|p1a: Espeon|100\/334
|
|-heal|p1a: Espeon|120\/334|[from] item: Leftovers
|-heal|p2a: Jirachi|378\/403|[from] item: Leftovers
|turn|21
|
|move|p1a: Espeon|Baton Pass|p1a: Espeon
|
|switch|p1a: Milotic|Milotic, F|394\/394
|move|p2a: Jirachi|Psyshock|p1a: Milotic
|-damage|p1a: Milotic|87\/394
|
|-heal|p2a: Jirachi|403\/403|[from] item: Leftovers
|-heal|p1a: Milotic|111\/394|[from] item: Leftovers
|turn|22
|c|âMystearica Aura|gg
|c|âHentai Guy|Now it's gg
|c|âMystearica Aura|indeed
|c|âMystearica Aura|way to turn the tables
|c|âHentai Guy|I thought I was done for there
|c|âHentai Guy|then I remembered
|-message|Mystearica Aura forfeited.
|
|win|Hentai Guy
|raw|Ladder updating...
|leave|Mystearica Aura
|player|p1