|join|Chainer
|join|abcdefghitony
|player|p1|Chainer|265
|player|p2|abcdefghitony|170
|gametype|singles
|gen|6
|tier|OU
|rated
|clearpoke
|poke|p1|Starmie
|poke|p1|Bisharp, M
|poke|p1|Scolipede, M
|poke|p1|Cloyster, M
|poke|p1|Venusaur, F
|poke|p1|Heatran, M
|poke|p2|Gallade, M
|poke|p2|Clefable, F
|poke|p2|Skarmory, M
|poke|p2|Diggersby, M
|poke|p2|Latios, M
|poke|p2|Heatran, F
|rule|Swagger Clause: Swagger is banned
|rule|Baton Pass Clause: Limit one PokÃ©mon knowing Baton Pass
|rule|Sleep Clause Mod: Limit one foe put to sleep
|rule|Species Clause: Limit one of each PokÃ©mon
|rule|OHKO Clause: OHKO moves are banned
|rule|Moody Clause: Moody is banned
|rule|Evasion Moves Clause: Evasion moves are banned
|rule|Endless Battle Clause: Forcing endless battles is banned
|rule|HP Percentage Mod: HP is shown in percentages
|teampreview
|c|âChainer|hello
|c|âabcdefghitony|how's it going
|c|âChainer|not too bad
|c|âChainer|almost done at work
|
|start
|switch|p1a: Venusaur|Venusaur, F|364\/364
|switch|p2a: Diggersby|Diggersby, M|311\/311
|turn|1
|
|detailschange|p1a: Venusaur|Venusaur-Mega, F
|message|Venusaur has Mega Evolved into Mega Venusaur!
|move|p2a: Diggersby|U-turn|p1a: Venusaur
|-damage|p1a: Venusaur|296\/364
|
|switch|p2a: Heatran|Heatran, F|386\/386
|move|p1a: Venusaur|Leech Seed|p2a: Heatran
|-start|p2a: Heatran|move: Leech Seed
|
|-damage|p2a: Heatran|338\/386|[from] Leech Seed|[of] p1a: Venusaur
|-heal|p1a: Venusaur|344\/364|[silent]
|turn|2
|
|move|p1a: Venusaur|Giga Drain|p2a: Heatran
|-resisted|p2a: Heatran
|-damage|p2a: Heatran|319\/386
|-heal|p1a: Venusaur|354\/364|[from] drain|[of] p2a: Heatran
|move|p2a: Heatran|Lava Plume|p1a: Venusaur
|-supereffective|p1a: Venusaur
|-damage|p1a: Venusaur|274\/364
|-status|p1a: Venusaur|brn
|
|-heal|p2a: Heatran|343\/386|[from] item: Leftovers
|-damage|p2a: Heatran|295\/386|[from] Leech Seed|[of] p1a: Venusaur
|-heal|p1a: Venusaur|322\/364 brn|[silent]
|-damage|p1a: Venusaur|277\/364 brn|[from] brn
|turn|3
|
|switch|p2a: Skarmory|Skarmory, M|334\/334
|move|p1a: Venusaur|Synthesis|p1a: Venusaur
|-heal|p1a: Venusaur|364\/364 brn
|
|-damage|p1a: Venusaur|319\/364 brn|[from] brn
|turn|4
|
|move|p1a: Venusaur|Leech Seed|p2a: Skarmory|[miss]
|-miss|p1a: Venusaur|p2a: Skarmory
|move|p2a: Skarmory|Stealth Rock|p1a: Venusaur
|-sidestart|p1: Chainer|move: Stealth Rock
|
|-damage|p1a: Venusaur|274\/364 brn|[from] brn
|turn|5
|
|switch|p1a: Heatran|Heatran, M|386\/386
|-damage|p1a: Heatran|338\/386|[from] Stealth Rock
|move|p2a: Skarmory|Spikes|p1a: Heatran
|-sidestart|p1: Chainer|Spikes
|
|-heal|p1a: Heatran|362\/386|[from] item: Leftovers
|turn|6
|
|switch|p2a: Heatran|Heatran, F|295\/386
|move|p1a: Heatran|Roar|p2a: Heatran
|drag|p2a: Gallade|Gallade, M|278\/278
|
|-heal|p1a: Heatran|386\/386|[from] item: Leftovers
|turn|7
|
|detailschange|p2a: Gallade|Gallade-Mega, M
|message|Gallade has Mega Evolved into Mega Gallade!
|move|p2a: Gallade|Drain Punch|p1a: Heatran
|-supereffective|p1a: Heatran
|-damage|p1a: Heatran|122\/386
|move|p1a: Heatran|Will-O-Wisp|p2a: Gallade
|-status|p2a: Gallade|brn
|
|-heal|p1a: Heatran|146\/386|[from] item: Leftovers
|-damage|p2a: Gallade|244\/278 brn|[from] brn
|turn|8
|
|switch|p1a: Venusaur|Venusaur-Mega, F|274\/364 brn
|-damage|p1a: Venusaur|229\/364 brn|[from] Spikes
|-damage|p1a: Venusaur|184\/364 brn|[from] Stealth Rock
|move|p2a: Gallade|Swords Dance|p2a: Gallade
|-boost|p2a: Gallade|atk|2
|
|-damage|p2a: Gallade|210\/278 brn|[from] brn
|-damage|p1a: Venusaur|139\/364 brn|[from] brn
|turn|9
|
|move|p2a: Gallade|Zen Headbutt|p1a: Venusaur
|-supereffective|p1a: Venusaur
|-damage|p1a: Venusaur|0 fnt
|faint|p1a: Venusaur
|
|-damage|p2a: Gallade|176\/278 brn|[from] brn
|
|switch|p1a: Starmie|Starmie|262\/262
|-damage|p1a: Starmie|230\/262|[from] Stealth Rock
|-damage|p1a: Starmie|198\/262|[from] Spikes
|turn|10
|
|switch|p2a: Latios|Latios, M|302\/302
|move|p1a: Starmie|Rapid Spin|p2a: Latios
|-crit|p2a: Latios
|-damage|p2a: Latios|275\/302
|-sideend|p1: Chainer|Spikes|[from] move: Rapid Spin|[of] p1a: Starmie
|-sideend|p1: Chainer|Stealth Rock|[from] move: Rapid Spin|[of] p1a: Starmie
|-damage|p1a: Starmie|172\/262|[from] item: Life Orb
|
|turn|11
|
|switch|p1a: Bisharp|Bisharp, M|307\/307
|move|p2a: Latios|Thunderbolt|p1a: Bisharp
|-damage|p1a: Bisharp|125\/307
|-damage|p2a: Latios|245\/302|[from] item: Life Orb
|
|turn|12
|
|switch|p2a: Skarmory|Skarmory, M|334\/334
|move|p1a: Bisharp|Sucker Punch|p2a: Skarmory
|-fail|p2a: Skarmory
|
|turn|13
|
|move|p1a: Bisharp|Knock Off|p2a: Skarmory
|-damage|p2a: Skarmory|229\/334
|-enditem|p2a: Skarmory|Leftovers|[from] move: Knock Off|[of] p1a: Bisharp
|move|p2a: Skarmory|Stealth Rock|p1a: Bisharp
|-sidestart|p1: Chainer|move: Stealth Rock
|
|turn|14
|
|move|p1a: Bisharp|Swords Dance|p1a: Bisharp
|-boost|p1a: Bisharp|atk|2
|move|p2a: Skarmory|Spikes|p1a: Bisharp
|-sidestart|p1: Chainer|Spikes
|
|turn|15
|
|move|p1a: Bisharp|Knock Off|p2a: Skarmory
|-damage|p2a: Skarmory|79\/334
|move|p2a: Skarmory|Whirlwind|p1a: Bisharp
|drag|p1a: Cloyster|Cloyster, M|242\/242
|-damage|p1a: Cloyster|212\/242|[from] Spikes
|-damage|p1a: Cloyster|152\/242|[from] Stealth Rock
|
|turn|16
|
|move|p1a: Cloyster|Icicle Spear|p2a: Skarmory
|-damage|p2a: Skarmory|57\/334
|-damage|p2a: Skarmory|35\/334
|-damage|p2a: Skarmory|11\/334
|-damage|p2a: Skarmory|0 fnt
|-hitcount|p2a: Skarmory|4
|faint|p2a: Skarmory
|
|
|switch|p2a: Diggersby|Diggersby, M|311\/311
|turn|17
|
|move|p2a: Diggersby|Return|p1a: Cloyster
|-crit|p1a: Cloyster
|-damage|p1a: Cloyster|0 fnt
|faint|p1a: Cloyster
|
|
|switch|p1a: Starmie|Starmie|172\/262
|-damage|p1a: Starmie|140\/262|[from] Stealth Rock
|-damage|p1a: Starmie|108\/262|[from] Spikes
|turn|18
|
|move|p2a: Diggersby|Return|p1a: Starmie
|-crit|p1a: Starmie
|-damage|p1a: Starmie|0 fnt
|faint|p1a: Starmie
|
|c|âChainer|ah
|c|âChainer|do these crits matter?
|c|âabcdefghitony|scarf :P
|c|âabcdefghitony|i think the first crit did
|c|âabcdefghitony|sorry dude
|c|âChainer|np
|c|âChainer|just curious
|c|âChainer|all part of the game
|c|âChainer|aka i'm dead
|
|switch|p1a: Bisharp|Bisharp, M|125\/307
|-damage|p1a: Bisharp|87\/307|[from] Spikes
|-damage|p1a: Bisharp|68\/307|[from] Stealth Rock
|turn|19
|
|move|p1a: Bisharp|Sucker Punch|p2a: Diggersby
|-damage|p2a: Diggersby|110\/311
|move|p2a: Diggersby|Return|p1a: Bisharp
|-resisted|p1a: Bisharp
|-damage|p1a: Bisharp|0 fnt
|faint|p1a: Bisharp
|
|
|switch|p1a: Scolipede|Scolipede, M|262\/262
|-damage|p1a: Scolipede|197\/262|[from] Stealth Rock
|-damage|p1a: Scolipede|165\/262|[from] Spikes
|turn|20
|
|move|p1a: Scolipede|Protect|p1a: Scolipede
|-singleturn|p1a: Scolipede|Protect
|move|p2a: Diggersby|Return|p1a: Scolipede
|-activate|p1a: Scolipede|Protect
|
|-boost|p1a: Scolipede|spe|1|[from] ability: Speed Boost
|turn|21
|
|move|p1a: Scolipede|Earthquake|p2a: Diggersby
|-damage|p2a: Diggersby|0 fnt
|faint|p2a: Diggersby
|
|-boost|p1a: Scolipede|spe|1|[from] ability: Speed Boost
|c|âabcdefghitony|im boutta get swept
|c|âabcdefghitony|lol
|
|switch|p2a: Clefable|Clefable, F|394\/394
|turn|22
|
|switch|p2a: Heatran|Heatran, F|295\/386
|move|p1a: Scolipede|Swords Dance|p1a: Scolipede
|-boost|p1a: Scolipede|atk|2
|
|-heal|p2a: Heatran|319\/386|[from] item: Leftovers
|-boost|p1a: Scolipede|spe|1|[from] ability: Speed Boost
|turn|23
|c|âChainer|maye now you are
|
|move|p1a: Scolipede|Earthquake|p2a: Heatran
|-supereffective|p2a: Heatran
|-damage|p2a: Heatran|0 fnt
|faint|p2a: Heatran
|
|-boost|p1a: Scolipede|spe|1|[from] ability: Speed Boost
|
|switch|p2a: Latios|Latios, M|245\/302
|turn|24
|
|move|p1a: Scolipede|Poison Jab|p2a: Latios
|-damage|p2a: Latios|0 fnt
|faint|p2a: Latios
|
|-boost|p1a: Scolipede|spe|1|[from] ability: Speed Boost
|
|switch|p2a: Clefable|Clefable, F|394\/394
|turn|25
|
|move|p1a: Scolipede|Poison Jab|p2a: Clefable
|-supereffective|p2a: Clefable
|-damage|p2a: Clefable|0 fnt
|faint|p2a: Clefable
|
|-boost|p1a: Scolipede|spe|1|[from] ability: Speed Boost
|c|âabcdefghitony|gg dude
|
|switch|p2a: Gallade|Gallade-Mega, M|176\/278 brn
|turn|26
|c|âChainer|yes gg
|
|move|p1a: Scolipede|Poison Jab|p2a: Gallade
|-damage|p2a: Gallade|0 fnt
|faint|p2a: Gallade
|
|win|Chainer
|raw|Ladder updating...
|leave|abcdefghitony
|c|âChainer|i like your team
|player|p2
|raw|Chainer's rating: 1238 &rarr; <strong>1264<\/strong><br \/>(+26 for winning)
|raw|abcdefghitony's rating: 1251 &rarr; <strong>1225<\/strong><br \/>(-26 for losing)