|join|abcdefghitony
|join|zafar god
|player|p1|abcdefghitony|266
|player|p2|zafar god|102
|gametype|singles
|gen|6
|tier|OU
|rated
|clearpoke
|poke|p1|Latias, F
|poke|p1|Slowbro, F
|poke|p1|Sylveon, M
|poke|p1|Talonflame, F
|poke|p1|Beedrill, F
|poke|p1|Bisharp, M
|poke|p2|Azumarill, F
|poke|p2|Conkeldurr, F
|poke|p2|Flygon, F
|poke|p2|Gallade, M
|poke|p2|Cresselia, F
|poke|p2|Skarmory, F
|rule|Swagger Clause: Swagger is banned
|rule|Baton Pass Clause: Limit one PokÃ©mon knowing Baton Pass
|rule|Sleep Clause Mod: Limit one foe put to sleep
|rule|Species Clause: Limit one of each PokÃ©mon
|rule|OHKO Clause: OHKO moves are banned
|rule|Moody Clause: Moody is banned
|rule|Evasion Moves Clause: Evasion moves are banned
|rule|Endless Battle Clause: Forcing endless battles is banned
|rule|HP Percentage Mod: HP is shown in percentages
|teampreview
|c|âzafar god|glhf
|c|âzafar god|the dream
|c|âabcdefghitony|u2
|
|start
|switch|p1a: Bisharp|Bisharp, M|292\/292
|switch|p2a: snoop dog|Flygon, F|301\/301
|turn|1
|
|move|p2a: snoop dog|Earth Power|p1a: Bisharp
|-supereffective|p1a: Bisharp
|-damage|p1a: Bisharp|38\/292
|move|p1a: Bisharp|Knock Off|p2a: snoop dog
|-damage|p2a: snoop dog|63\/301
|-enditem|p2a: snoop dog|Choice Scarf|[from] move: Knock Off|[of] p1a: Bisharp
|-damage|p1a: Bisharp|9\/292|[from] item: Life Orb
|
|turn|2
|
|switch|p2a: muffin|Conkeldurr, F|414\/414
|move|p1a: Bisharp|Sucker Punch|p2a: muffin
|-fail|p2a: muffin
|
|turn|3
|
|move|p2a: muffin|Mach Punch|p1a: Bisharp
|-supereffective|p1a: Bisharp
|-damage|p1a: Bisharp|0 fnt
|faint|p1a: Bisharp
|
|
|switch|p1a: Beedrill|Beedrill, F|272\/272
|turn|4
|
|detailschange|p1a: Beedrill|Beedrill-Mega, F
|message|Beedrill has Mega Evolved into Mega Beedrill!
|move|p1a: Beedrill|Protect|p1a: Beedrill
|-singleturn|p1a: Beedrill|Protect
|move|p2a: muffin|Rock Slide|p1a: Beedrill
|-activate|p1a: Beedrill|Protect
|
|turn|5
|
|move|p1a: Beedrill|U-turn|p2a: muffin
|-resisted|p2a: muffin
|-damage|p2a: muffin|317\/414
|
|switch|p1a: Slowbro|Slowbro, F|394\/394
|move|p2a: muffin|Rock Slide|p1a: Slowbro
|-damage|p1a: Slowbro|325\/394
|
|-heal|p1a: Slowbro|349\/394|[from] item: Leftovers
|turn|6
|
|switch|p2a: snoop dog|Flygon, F|63\/301
|move|p1a: Slowbro|Toxic|p2a: snoop dog
|-status|p2a: snoop dog|tox
|
|-heal|p1a: Slowbro|373\/394|[from] item: Leftovers
|-damage|p2a: snoop dog|45\/301 tox|[from] psn
|turn|7
|
|move|p2a: snoop dog|Draco Meteor|p1a: Slowbro
|-damage|p1a: Slowbro|181\/394
|-unboost|p2a: snoop dog|spa|2
|move|p1a: Slowbro|Scald|p2a: snoop dog
|-damage|p2a: snoop dog|0 fnt
|faint|p2a: snoop dog
|
|-heal|p1a: Slowbro|205\/394|[from] item: Leftovers
|
|switch|p2a: Fen cannon|Gallade, M|340\/340
|turn|8
|
|detailschange|p2a: Fen cannon|Gallade-Mega, M
|message|Gallade has Mega Evolved into Mega Gallade!
|move|p2a: Fen cannon|Substitute|p2a: Fen cannon
|-start|p2a: Fen cannon|Substitute
|-damage|p2a: Fen cannon|255\/340
|move|p1a: Slowbro|Scald|p2a: Fen cannon
|-end|p2a: Fen cannon|Substitute
|
|-heal|p1a: Slowbro|229\/394|[from] item: Leftovers
|turn|9
|
|switch|p2a: muffin|Conkeldurr, F|317\/414
|move|p1a: Slowbro|Scald|p2a: muffin
|-damage|p2a: muffin|235\/414
|
|-heal|p1a: Slowbro|253\/394|[from] item: Leftovers
|turn|10
|
|move|p2a: muffin|Drain Punch|p1a: Slowbro
|-resisted|p1a: Slowbro
|-damage|p1a: Slowbro|204\/394
|-heal|p2a: muffin|260\/414|[from] drain|[of] p1a: Slowbro
|move|p1a: Slowbro|Toxic|p2a: muffin
|-status|p2a: muffin|tox
|
|-heal|p1a: Slowbro|228\/394|[from] item: Leftovers
|-damage|p2a: muffin|235\/414 tox|[from] psn
|turn|11
|
|move|p2a: muffin|Earthquake|p1a: Slowbro
|-crit|p1a: Slowbro
|-damage|p1a: Slowbro|8\/394
|move|p1a: Slowbro|Scald|p2a: muffin
|-damage|p2a: muffin|141\/414 tox
|
|-heal|p1a: Slowbro|32\/394|[from] item: Leftovers
|-damage|p2a: muffin|91\/414 tox|[from] psn
|turn|12
|
|switch|p1a: Latias|Latias, F|302\/302
|move|p2a: muffin|Drain Punch|p1a: Latias
|-resisted|p1a: Latias
|-damage|p1a: Latias|178\/302
|-heal|p2a: muffin|153\/414 tox|[from] drain|[of] p1a: Latias
|
|-damage|p2a: muffin|78\/414 tox|[from] psn
|turn|13
|
|switch|p2a: Moonface|Cresselia, F|403\/403
|move|p1a: Latias|Psyshock|p2a: Moonface
|-resisted|p2a: Moonface
|-damage|p2a: Moonface|351\/403
|-damage|p1a: Latias|148\/302|[from] item: Life Orb
|
|-heal|p2a: Moonface|376\/403|[from] item: Leftovers
|turn|14
|
|move|p1a: Latias|Draco Meteor|p2a: Moonface
|-damage|p2a: Moonface|156\/403
|-unboost|p1a: Latias|spa|2
|-damage|p1a: Latias|118\/302|[from] item: Life Orb
|move|p2a: Moonface|Calm Mind|p2a: Moonface
|-boost|p2a: Moonface|spa|1
|-boost|p2a: Moonface|spd|1
|
|-heal|p2a: Moonface|181\/403|[from] item: Leftovers
|turn|15
|
|switch|p1a: Beedrill|Beedrill-Mega, F|272\/272
|move|p2a: Moonface|Moonlight|p2a: Moonface
|-heal|p2a: Moonface|382\/403
|
|-heal|p2a: Moonface|403\/403|[from] item: Leftovers
|turn|16
|
|move|p1a: Beedrill|U-turn|p2a: Moonface
|-supereffective|p2a: Moonface
|-damage|p2a: Moonface|151\/403
|
|switch|p1a: Latias|Latias, F|118\/302
|move|p2a: Moonface|Psyshock|p1a: Latias
|-resisted|p1a: Latias
|-damage|p1a: Latias|54\/302
|
|-heal|p2a: Moonface|176\/403|[from] item: Leftovers
|turn|17
|
|switch|p2a: Bird|Skarmory, F|334\/334
|move|p1a: Latias|Draco Meteor|p2a: Bird
|-resisted|p2a: Bird
|-damage|p2a: Bird|143\/334
|-unboost|p1a: Latias|spa|2
|-damage|p1a: Latias|24\/302|[from] item: Life Orb
|
|-heal|p2a: Bird|163\/334|[from] item: Leftovers
|turn|18
|
|move|p1a: Latias|Thunderbolt|p2a: Bird
|-supereffective|p2a: Bird
|-damage|p2a: Bird|7\/334
|-damage|p1a: Latias|0 fnt|[from] item: Life Orb
|faint|p1a: Latias
|move|p2a: Bird|Stealth Rock|p1: Latias
|-sidestart|p1: abcdefghitony|move: Stealth Rock
|
|-heal|p2a: Bird|27\/334|[from] item: Leftovers
|
|switch|p1a: Sylveon|Sylveon, M|394\/394
|-damage|p1a: Sylveon|345\/394|[from] Stealth Rock
|turn|19
|
|move|p2a: Bird|Spikes|p1a: Sylveon
|-sidestart|p1: abcdefghitony|Spikes
|move|p1a: Sylveon|Hyper Voice|p2a: Bird
|-resisted|p2a: Bird
|-damage|p2a: Bird|0 fnt
|faint|p2a: Bird
|
|-heal|p1a: Sylveon|369\/394|[from] item: Leftovers
|
|switch|p2a: Moonface|Cresselia, F|176\/403
|turn|20
|
|move|p2a: Moonface|Moonlight|p2a: Moonface
|-heal|p2a: Moonface|377\/403
|move|p1a: Sylveon|Calm Mind|p1a: Sylveon
|-boost|p1a: Sylveon|spa|1
|-boost|p1a: Sylveon|spd|1
|
|-heal|p2a: Moonface|402\/403|[from] item: Leftovers
|-heal|p1a: Sylveon|393\/394|[from] item: Leftovers
|turn|21
|
|move|p2a: Moonface|Calm Mind|p2a: Moonface
|-boost|p2a: Moonface|spa|1
|-boost|p2a: Moonface|spd|1
|move|p1a: Sylveon|Calm Mind|p1a: Sylveon
|-boost|p1a: Sylveon|spa|1
|-boost|p1a: Sylveon|spd|1
|
|-heal|p2a: Moonface|403\/403|[from] item: Leftovers
|-heal|p1a: Sylveon|394\/394|[from] item: Leftovers
|turn|22
|
|move|p2a: Moonface|Calm Mind|p2a: Moonface
|-boost|p2a: Moonface|spa|1
|-boost|p2a: Moonface|spd|1
|move|p1a: Sylveon|Calm Mind|p1a: Sylveon
|-boost|p1a: Sylveon|spa|1
|-boost|p1a: Sylveon|spd|1
|
|turn|23
|c|âabcdefghitony|lol
|
|move|p2a: Moonface|Calm Mind|p2a: Moonface
|-boost|p2a: Moonface|spa|1
|-boost|p2a: Moonface|spd|1
|move|p1a: Sylveon|Calm Mind|p1a: Sylveon
|-boost|p1a: Sylveon|spa|1
|-boost|p1a: Sylveon|spd|1
|
|turn|24
|c|âzafar god|lol
|
|move|p2a: Moonface|Calm Mind|p2a: Moonface
|-boost|p2a: Moonface|spa|1
|-boost|p2a: Moonface|spd|1
|move|p1a: Sylveon|Calm Mind|p1a: Sylveon
|-boost|p1a: Sylveon|spa|1
|-boost|p1a: Sylveon|spd|1
|
|turn|25
|c|âabcdefghitony|what's the max
|c|âzafar god|5 or 6
|
|move|p2a: Moonface|Psyshock|p1a: Sylveon
|-damage|p1a: Sylveon|78\/394
|move|p1a: Sylveon|Calm Mind|p1a: Sylveon
|-boost|p1a: Sylveon|spa|1
|-boost|p1a: Sylveon|spd|1
|
|-heal|p1a: Sylveon|102\/394|[from] item: Leftovers
|turn|26
|c|âabcdefghitony|wow psyshock
|c|âabcdefghitony|that's cheating
|
|move|p2a: Moonface|Calm Mind|p2a: Moonface
|-boost|p2a: Moonface|spa|1
|-boost|p2a: Moonface|spd|1
|move|p1a: Sylveon|Hyper Voice|p2a: Moonface
|-damage|p2a: Moonface|276\/403
|
|-heal|p2a: Moonface|301\/403|[from] item: Leftovers
|-heal|p1a: Sylveon|126\/394|[from] item: Leftovers
|turn|27
|c|âzafar god|Hhaha xD Sorry bro i had to or youll win
|
|move|p2a: Moonface|Psyshock|p1a: Sylveon
|-crit|p1a: Sylveon
|-damage|p1a: Sylveon|0 fnt
|faint|p1a: Sylveon
|
|-heal|p2a: Moonface|326\/403|[from] item: Leftovers
|
|switch|p1a: Slowbro|Slowbro, F|163\/394
|-damage|p1a: Slowbro|114\/394|[from] Stealth Rock
|-damage|p1a: Slowbro|65\/394|[from] Spikes
|turn|28
|
|move|p2a: Moonface|Moonblast|p1a: Slowbro
|-damage|p1a: Slowbro|0 fnt
|faint|p1a: Slowbro
|
|-heal|p2a: Moonface|351\/403|[from] item: Leftovers
|
|switch|p1a: Beedrill|Beedrill-Mega, F|272\/272
|-damage|p1a: Beedrill|238\/272|[from] Spikes
|-damage|p1a: Beedrill|170\/272|[from] Stealth Rock
|turn|29
|c|âzafar god|Im pretty sure thats gg
|
|move|p1a: Beedrill|U-turn|p2a: Moonface
|-supereffective|p2a: Moonface
|-damage|p2a: Moonface|91\/403
|
|switch|p1a: Talonflame|Talonflame, F|298\/298
|-damage|p1a: Talonflame|149\/298|[from] Stealth Rock
|move|p2a: Moonface|Psyshock|p1a: Talonflame
|-damage|p1a: Talonflame|0 fnt
|faint|p1a: Talonflame
|
|-heal|p2a: Moonface|116\/403|[from] item: Leftovers
|c|âabcdefghitony|thought we as friends
|
|switch|p1a: Beedrill|Beedrill-Mega, F|170\/272
|-damage|p1a: Beedrill|136\/272|[from] Spikes
|-damage|p1a: Beedrill|68\/272|[from] Stealth Rock
|turn|30
|
|move|p1a: Beedrill|U-turn|p2a: Moonface
|-supereffective|p2a: Moonface
|-damage|p2a: Moonface|0 fnt
|faint|p2a: Moonface
|
|
|switch|p2a: beanbag|Azumarill, F|397\/397
|turn|31
|
|move|p2a: beanbag|Aqua Jet|p1a: Beedrill
|-crit|p1a: Beedrill
|-damage|p1a: Beedrill|0 fnt
|faint|p1a: Beedrill
|
|win|zafar god
|raw|Ladder updating...
|raw|abcdefghitony's rating: 1204 &rarr; <strong>1179<\/strong><br \/>(-25 for losing)
|raw|zafar god's rating: 1207 &rarr; <strong>1231<\/strong><br \/>(+24 for winning)
|c|âzafar god|GG
|leave|abcdefghitony
|player|p1
|c|âzafar god|Im sorry i