|join|abcdefghitony
|join|jpw234
|player|p1|abcdefghitony|266
|player|p2|jpw234|290
|gametype|singles
|gen|6
|tier|OU
|clearpoke
|poke|p1|Scizor, F
|poke|p1|Pidgeot, M
|poke|p1|Lanturn, M
|poke|p1|Conkeldurr, F
|poke|p1|Skarmory, F
|poke|p1|Dragonite, M
|poke|p2|Altaria, F
|poke|p2|Gourgeist-*, M
|poke|p2|Tentacruel, M
|poke|p2|Gliscor, M
|poke|p2|Bronzong
|poke|p2|Clefable, F
|rule|Swagger Clause: Swagger is banned
|rule|Baton Pass Clause: Limit one PokÃ©mon knowing Baton Pass
|rule|Sleep Clause Mod: Limit one foe put to sleep
|rule|Species Clause: Limit one of each PokÃ©mon
|rule|OHKO Clause: OHKO moves are banned
|rule|Moody Clause: Moody is banned
|rule|Evasion Moves Clause: Evasion moves are banned
|rule|Endless Battle Clause: Forcing endless battles is banned
|rule|HP Percentage Mod: HP is shown in percentages
|teampreview
|join|Da_Face89
|join|NegroPl0x
|join|Yankmeister
|join|julianna
|join|Hiye
|c|âjpw234|glhf
|join|Doctor Octagon
|join|Zezima Testing Alt
|join|Dunsparce2Good4OU
|join|Based Godfish
|join|hailsatangovegan
|c|âabcdefghitony|u2
|join|jeffrawr
|c|âabcdefghitony|pls no
|c|âjpw234|i lack a pidgeot counter so this is sad
|join|VanilliteCone
|c| jeffrawr|JPW HYPE
|c| Based Godfish|oh shit
|join|claudioo2
|join|testnameyo
|join|huntwave
|join|beppityboopbop
|c| Yankmeister|bird jesus is that you?
|c| hailsatangovegan|yo jpw i love ur team
|c| Based Godfish|hes running lanturn!
|join|TheObsessed
|join|the412gang
|c| Based Godfish|oml
|c| hailsatangovegan|i love both ur teams
|join|Agilis
|
|start
|switch|p1a: Swole Patrol|Conkeldurr, F|356\/356
|switch|p2a: Gourgeist-Super|Gourgeist-Super, M|374\/374
|-item|p1a: Swole Patrol|Assault Vest|[from] ability: Frisk|[of] p2a: Gourgeist-Super|[identify]
|turn|1
|join|Benallaire
|join|gamerguy1123
|c| Da_Face89|he has illuminati
|c|âabcdefghitony|wtf is that]
|c| jeffrawr|both of these teams are unoriginal garbage
|c|âabcdefghitony|LOL
|c| gamerguy1123|swole patrol
|join|DrizzleFizzle
|
|move|p2a: Gourgeist-Super|Leech Seed|p1a: Swole Patrol
|-start|p1a: Swole Patrol|move: Leech Seed
|move|p1a: Swole Patrol|Knock Off|p2a: Gourgeist-Super
|-supereffective|p2a: Gourgeist-Super
|-damage|p2a: Gourgeist-Super|214\/374
|-enditem|p2a: Gourgeist-Super|Leftovers|[from] move: Knock Off|[of] p1a: Swole Patrol
|
|-damage|p1a: Swole Patrol|312\/356|[from] Leech Seed|[of] p2a: Gourgeist-Super
|-heal|p2a: Gourgeist-Super|258\/374|[silent]
|turn|2
|join|Alldaalts
|c| Based Godfish|eating it up.
|join|EHJ
|
|move|p2a: Gourgeist-Super|Will-O-Wisp|p1a: Swole Patrol
|-status|p1a: Swole Patrol|brn
|move|p1a: Swole Patrol|Knock Off|p2a: Gourgeist-Super
|-supereffective|p2a: Gourgeist-Super
|-damage|p2a: Gourgeist-Super|74\/374
|
|-damage|p1a: Swole Patrol|268\/356 brn|[from] Leech Seed|[of] p2a: Gourgeist-Super
|-heal|p2a: Gourgeist-Super|118\/374|[silent]
|-damage|p1a: Swole Patrol|224\/356 brn|[from] brn
|turn|3
|c|âjpw234|gourgeist dgaf about conk
|c| jeffrawr|nooooooo
|c| jeffrawr|why u burn it
|join|Typhlosion1234
|join|Grumtastic
|
|move|p2a: Gourgeist-Super|Synthesis|p2a: Gourgeist-Super
|-heal|p2a: Gourgeist-Super|305\/374
|move|p1a: Swole Patrol|Knock Off|p2a: Gourgeist-Super
|-supereffective|p2a: Gourgeist-Super
|-damage|p2a: Gourgeist-Super|129\/374
|
|-damage|p1a: Swole Patrol|180\/356 brn|[from] Leech Seed|[of] p2a: Gourgeist-Super
|-heal|p2a: Gourgeist-Super|173\/374|[silent]
|-damage|p1a: Swole Patrol|136\/356 brn|[from] brn
|turn|4
|join|Dynaras
|c|âjpw234|to prove a point
|join|fACTORX3
|c|âjpw234|gourgeist dgaf
|c| jeffrawr|lmao
|c|âjpw234|about conk
|c| Based Godfish|not even bad
|c| jeffrawr|JPW SO REAL
|c| VanilliteCone|haha
|c| hailsatangovegan|THE PLAYS
|c| Yankmeister|the wittle
|
|switch|p1a: Bird Jesus|Pidgeot, M|307\/307
|move|p2a: Gourgeist-Super|Synthesis|p2a: Gourgeist-Super
|-heal|p2a: Gourgeist-Super|360\/374
|
|turn|5
|c| Da_Face89|yes
|c| hailsatangovegan|jpw have my babies
|c| Yankmeister|heres here
|join|fuck christmas
|
|switch|p2a: Bronzong|Bronzong|337\/337
|detailschange|p1a: Bird Jesus|Pidgeot-Mega, M
|message|Pidgeot has Mega Evolved into Mega Pidgeot!
|move|p1a: Bird Jesus|Heat Wave|p2a: Bronzong
|-supereffective|p2a: Bronzong
|-damage|p2a: Bronzong|183\/337
|
|-heal|p2a: Bronzong|204\/337|[from] item: Leftovers
|turn|6
|
|switch|p2a: Altaria|Altaria, F|353\/353
|move|p1a: Bird Jesus|Heat Wave|p2a: Altaria
|-crit|p2a: Altaria
|-resisted|p2a: Altaria
|-damage|p2a: Altaria|269\/353
|
|turn|7
|c| Da_Face89|it truly is him
|c| Based Godfish|and people say that stall takes no skill.....such bs :[
|c| Da_Face89|maybe
|join|Rooo
|
|detailschange|p2a: Altaria|Altaria-Mega, F
|message|Altaria has Mega Evolved into Mega Altaria!
|move|p1a: Bird Jesus|U-turn|p2a: Altaria
|-resisted|p2a: Altaria
|-damage|p2a: Altaria|255\/353
|c| VanilliteCone|must be heatproof
|
|switch|p1a: Bird|Skarmory, F|334\/334
|move|p2a: Altaria|Hyper Voice|p1a: Bird
|-resisted|p1a: Bird
|-damage|p1a: Bird|240\/334
|
|-heal|p1a: Bird|260\/334|[from] item: Leftovers
|turn|8
|c| Benallaire|heat proof lolol
|
|switch|p2a: Tentacruel|Tentacruel, M|357\/357
|move|p1a: Bird|Stealth Rock|p2a: Tentacruel
|-sidestart|p2: jpw234|move: Stealth Rock
|
|-heal|p1a: Bird|280\/334|[from] item: Leftovers
|turn|9
|
|switch|p1a: Quetzal|Dragonite, M|324\/324
|move|p2a: Tentacruel|Substitute|p2a: Tentacruel
|-start|p2a: Tentacruel|Substitute
|-damage|p2a: Tentacruel|268\/357
|
|-heal|p2a: Tentacruel|290\/357|[from] item: Leftovers
|turn|10
|c| Based Godfish|i've ran heatproof bronzong before
|c| Based Godfish|its pretty good
|
|move|p1a: Quetzal|Earthquake|p2a: Tentacruel
|-supereffective|p2a: Tentacruel
|-end|p2a: Tentacruel|Substitute
|move|p2a: Tentacruel|Rapid Spin|p1a: Quetzal
|-damage|p1a: Quetzal|318\/324
|-sideend|p2: jpw234|Stealth Rock|[from] move: Rapid Spin|[of] p2a: Tentacruel
|
|-heal|p1a: Quetzal|324\/324|[from] item: Leftovers
|-heal|p2a: Tentacruel|312\/357|[from] item: Leftovers
|turn|11
|join|LUSTY LEDDIT
|c| Zezima Testing Alt|special atk mega altaria to deal with lando-t smart jpw
|join|bsktball4ryan
|
|switch|p2a: Clefable|Clefable, F|394\/394
|move|p1a: Quetzal|Earthquake|p2a: Clefable
|-damage|p2a: Clefable|264\/394
|
|-heal|p2a: Clefable|288\/394|[from] item: Leftovers
|turn|12
|c| Grumtastic|that tenta all bulk
|
|switch|p1a: TittyTwist|Scizor, F|344\/344
|move|p2a: Clefable|Wish|p2a: Clefable
|
|-heal|p2a: Clefable|312\/394|[from] item: Leftovers
|turn|13
|c| beppityboopbop|not if sd tenta
|c| beppityboopbop|js
|
|switch|p2a: Gourgeist-Super|Gourgeist-Super, M|360\/374
|-item|p1a: TittyTwist|Choice Band|[from] ability: Frisk|[of] p2a: Gourgeist-Super|[identify]
|move|p1a: TittyTwist|Bullet Punch|p2a: Gourgeist-Super
|-damage|p2a: Gourgeist-Super|249\/374
|
|-heal|p2a: Gourgeist-Super|374\/374|[from] move: Wish|[wisher] Clefable
|turn|14
|c| Grumtastic|dnite outspead it
|c| DrizzleFizzle|he ate that up doe
|
|switch|p1a: Not Sushi|Lanturn, M|454\/454
|move|p2a: Gourgeist-Super|Will-O-Wisp|p1a: Not Sushi|[miss]
|-miss|p2a: Gourgeist-Super|p1a: Not Sushi
|
|turn|15
|join|terry41
|c| LUSTY LEDDIT|rip
|c|âjpw234|its k i forgive you for hax
|
|switch|p2a: Bronzong|Bronzong|204\/337
|move|p1a: Not Sushi|Thunder Wave|p2a: Bronzong
|-status|p2a: Bronzong|par
|
|-heal|p2a: Bronzong|225\/337 par|[from] item: Leftovers
|turn|16
|c|âabcdefghitony|lol
|leave|terry41
|c|âjpw234|im jk
|
|move|p1a: Not Sushi|Volt Switch|p2a: Bronzong
|-damage|p2a: Bronzong|185\/337 par
|
|switch|p1a: Bird Jesus|Pidgeot-Mega, M|307\/307
|move|p2a: Bronzong|Stealth Rock|p1a: Bird Jesus
|-sidestart|p1: abcdefghitony|move: Stealth Rock
|
|-heal|p2a: Bronzong|206\/337 par|[from] item: Leftovers
|turn|17
|c| Grumtastic|max attack gyro ball
|join|birdetta
|
|move|p1a: Bird Jesus|Hurricane|p2a: Bronzong
|-resisted|p2a: Bronzong
|-damage|p2a: Bronzong|141\/337 par
|cant|p2a: Bronzong|par
|
|-heal|p2a: Bronzong|162\/337 par|[from] item: Leftovers
|turn|18
|c|âabcdefghitony|rekt
|c| Yankmeister|reveal sand attack
|c| Grumtastic|in befor bronzong sweep
|c|âabcdefghitony|my b
|
|switch|p2a: Altaria|Altaria-Mega, F|255\/353
|move|p1a: Bird Jesus|Heat Wave|p2a: Altaria
|-resisted|p2a: Altaria
|-damage|p2a: Altaria|202\/353
|
|turn|19
|c| julianna|jpw your team is actually sick
|
|move|p1a: Bird Jesus|U-turn|p2a: Altaria
|-crit|p2a: Altaria
|-resisted|p2a: Altaria
|-damage|p2a: Altaria|181\/353
|
|switch|p1a: Not Sushi|Lanturn, M|454\/454
|-damage|p1a: Not Sushi|398\/454|[from] Stealth Rock
|move|p2a: Altaria|Roost|p2a: Altaria
|-heal|p2a: Altaria|353\/353
|
|-heal|p1a: Not Sushi|426\/454|[from] item: Leftovers
|turn|20
|c| jeffrawr|jpw needs to start singing fancy by iggy azaelia
|c| Da_Face89|that was a crit
|join|PhantomGaming
|c| Grumtastic|im a fan of gourgiest and altaria
|c| jeffrawr|"first thing first im the realesTTT"
|
|move|p2a: Altaria|Hyper Voice|p1a: Not Sushi
|-damage|p1a: Not Sushi|290\/454
|move|p1a: Not Sushi|Scald|p2a: Altaria
|-resisted|p2a: Altaria
|-damage|p2a: Altaria|320\/353
|
|-heal|p1a: Not Sushi|318\/454|[from] item: Leftovers
|turn|21
|leave|PhantomGaming
|
|switch|p2a: Gourgeist-Super|Gourgeist-Super, M|374\/374
|-item|p1a: Not Sushi|Leftovers|[from] ability: Frisk|[of] p2a: Gourgeist-Super|[identify]
|move|p1a: Not Sushi|Thunder Wave|p2a: Gourgeist-Super
|-status|p2a: Gourgeist-Super|par
|
|-heal|p1a: Not Sushi|346\/454|[from] item: Leftovers
|turn|22
|
|move|p1a: Not Sushi|Volt Switch|p2a: Gourgeist-Super
|-resisted|p2a: Gourgeist-Super
|-damage|p2a: Gourgeist-Super|334\/374 par
|
|switch|p1a: Bird Jesus|Pidgeot-Mega, M|307\/307
|-damage|p1a: Bird Jesus|231\/307|[from] Stealth Rock
|cant|p2a: Gourgeist-Super|par
|
|turn|23
|
|switch|p2a: Altaria|Altaria-Mega, F|320\/353
|move|p1a: Bird Jesus|Hurricane|p2a: Altaria
|-damage|p2a: Altaria|146\/353
|
|turn|24
|c| DrizzleFizzle|I think i'm going to start blending pokes from other tiers to OU
|c| LUSTY LEDDIT|lol
|join|SwAg-WiZ
|
|switch|p2a: Tentacruel|Tentacruel, M|312\/357
|move|p1a: Bird Jesus|Hurricane|p2a: Tentacruel
|-damage|p2a: Tentacruel|192\/357
|
|-heal|p2a: Tentacruel|214\/357|[from] item: Leftovers
|turn|25
|c| DrizzleFizzle|it seems fun
|
|move|p1a: Bird Jesus|U-turn|p2a: Tentacruel
|-resisted|p2a: Tentacruel
|-damage|p2a: Tentacruel|186\/357
|
|switch|p1a: TittyTwist|Scizor, F|344\/344
|-damage|p1a: TittyTwist|301\/344|[from] Stealth Rock
|move|p2a: Tentacruel|Scald|p1a: TittyTwist
|-damage|p1a: TittyTwist|205\/344
|
|-heal|p2a: Tentacruel|208\/357|[from] item: Leftovers
|turn|26
|
|switch|p2a: Gliscor|Gliscor, M|352\/352
|move|p1a: TittyTwist|U-turn|p2a: Gliscor
|-crit|p2a: Gliscor
|-resisted|p2a: Gliscor
|-damage|p2a: Gliscor|224\/352
|c| Grumtastic|i like how ss3bird is  actualy working over a stall team
|
|switch|p1a: Swole Patrol|Conkeldurr, F|136\/356 brn
|-damage|p1a: Swole Patrol|114\/356 brn|[from] Stealth Rock
|
|-damage|p1a: Swole Patrol|70\/356 brn|[from] brn
|-status|p2a: Gliscor|tox|[from] item: Toxic Orb
|turn|27
|join|luluXY
|
|switch|p2a: Clefable|Clefable, F|312\/394
|move|p1a: Swole Patrol|Ice Punch|p2a: Clefable
|-damage|p2a: Clefable|151\/394
|
|-heal|p2a: Clefable|175\/394|[from] item: Leftovers
|-damage|p1a: Swole Patrol|26\/356 brn|[from] brn
|turn|28
|
|move|p2a: Clefable|Protect|p2a: Clefable
|-singleturn|p2a: Clefable|Protect
|move|p1a: Swole Patrol|Ice Punch|p2a: Clefable
|-activate|p2a: Clefable|Protect
|
|-heal|p2a: Clefable|199\/394|[from] item: Leftovers
|-damage|p1a: Swole Patrol|0 fnt|[from] brn
|faint|p1a: Swole Patrol
|
|switch|p1a: TittyTwist|Scizor, F|205\/344
|-damage|p1a: TittyTwist|162\/344|[from] Stealth Rock
|turn|29
|
|switch|p2a: Gliscor|Gliscor, M|224\/352 tox
|move|p1a: TittyTwist|U-turn|p2a: Gliscor
|-resisted|p2a: Gliscor
|-damage|p2a: Gliscor|136\/352 tox
|
|switch|p1a: Bird Jesus|Pidgeot-Mega, M|231\/307
|-damage|p1a: Bird Jesus|155\/307|[from] Stealth Rock
|
|-heal|p2a: Gliscor|180\/352 tox|[from] ability: Poison Heal
|turn|30
|
|switch|p2a: Altaria|Altaria-Mega, F|146\/353
|move|p1a: Bird Jesus|Roost|p1a: Bird Jesus
|-heal|p1a: Bird Jesus|307\/307
|
|turn|31
|join|skuukzky S
|c| Yankmeister|playz
|leave|skuukzky S
|
|move|p1a: Bird Jesus|Hurricane|p2a: Altaria
|-damage|p2a: Altaria|0 fnt
|faint|p2a: Altaria
|
|leave|Benallaire
|c|âjpw234|your hurricane always hits :p
|c|âabcdefghitony|lol
|c|âjpw234|.\/s
|
|switch|p2a: Bronzong|Bronzong|162\/337 par
|turn|32
|c| Da_Face89|no guard
|c| Alldaalts|lol
|
|move|p1a: Bird Jesus|Heat Wave|p2a: Bronzong
|-supereffective|p2a: Bronzong
|-damage|p2a: Bronzong|8\/337 par
|move|p2a: Bronzong|Toxic|p1a: Bird Jesus
|-status|p1a: Bird Jesus|tox
|
|-heal|p2a: Bronzong|29\/337 par|[from] item: Leftovers
|-damage|p1a: Bird Jesus|288\/307 tox|[from] psn
|turn|33
|join|emexon
|
|switch|p2a: Gliscor|Gliscor, M|180\/352 tox
|move|p1a: Bird Jesus|Hurricane|p2a: Gliscor
|-damage|p2a: Gliscor|0 fnt
|faint|p2a: Gliscor
|
|-damage|p1a: Bird Jesus|250\/307 tox|[from] psn
|c| Zezima Testing Alt|rip
|c|âjpw234|gg imo
|
|switch|p2a: Clefable|Clefable, F|199\/394
|turn|34
|
|move|p2a: Clefable|Protect|p2a: Clefable
|-singleturn|p2a: Clefable|Protect
|move|p1a: Bird Jesus|U-turn|p2a: Clefable
|-activate|p2a: Clefable|Protect
|
|-heal|p2a: Clefable|223\/394|[from] item: Leftovers
|-damage|p1a: Bird Jesus|193\/307 tox|[from] psn
|turn|35
|c| Grumtastic|wall breaker jesus
|join|Enj
|
|move|p1a: Bird Jesus|U-turn|p2a: Clefable
|-resisted|p2a: Clefable
|-damage|p2a: Clefable|201\/394
|
|switch|p1a: Not Sushi|Lanturn, M|346\/454
|-damage|p1a: Not Sushi|290\/454|[from] Stealth Rock
|move|p2a: Clefable|Wish|p2a: Clefable
|
|-heal|p1a: Not Sushi|318\/454|[from] item: Leftovers
|-heal|p2a: Clefable|225\/394|[from] item: Leftovers
|turn|36
|join|epicgamekiller
|
|switch|p2a: Bronzong|Bronzong|29\/337 par
|move|p1a: Not Sushi|Heal Bell|p1a: Not Sushi
|-cureteam|p1a: Not Sushi|[from] move: HealBell
|
|-heal|p2a: Bronzong|226\/337 par|[from] move: Wish|[wisher] Clefable
|-heal|p1a: Not Sushi|346\/454|[from] item: Leftovers
|-heal|p2a: Bronzong|247\/337 par|[from] item: Leftovers
|turn|37
|c| claudioo2|Bird Jesus doesn't take no shit from stall
|
|move|p1a: Not Sushi|Volt Switch|p2a: Bronzong
|-damage|p2a: Bronzong|202\/337 par
|
|switch|p1a: Quetzal|Dragonite, M|324\/324
|-damage|p1a: Quetzal|243\/324|[from] Stealth Rock
|cant|p2a: Bronzong|par
|
|-heal|p1a: Quetzal|263\/324|[from] item: Leftovers
|-heal|p2a: Bronzong|223\/337 par|[from] item: Leftovers
|turn|38
|c| hailsatangovegan|birb jesus died for ur sins and this is how u repay him
|join|fimbu1vetr
|
|switch|p2a: Gourgeist-Super|Gourgeist-Super, M|334\/374 par
|-item|p1a: Quetzal|Leftovers|[from] ability: Frisk|[of] p2a: Gourgeist-Super|[identify]
|move|p1a: Quetzal|Dragon Dance|p1a: Quetzal
|-boost|p1a: Quetzal|atk|1
|-boost|p1a: Quetzal|spe|1
|
|-heal|p1a: Quetzal|283\/324|[from] item: Leftovers
|turn|39
|
|move|p1a: Quetzal|Dragon Claw|p2a: Gourgeist-Super
|-damage|p2a: Gourgeist-Super|181\/374 par
|move|p2a: Gourgeist-Super|Will-O-Wisp|p1a: Quetzal|[miss]
|-miss|p2a: Gourgeist-Super|p1a: Quetzal
|
|-heal|p1a: Quetzal|303\/324|[from] item: Leftovers
|turn|40
|c| Grumtastic|hax
|c| DrizzleFizzle|ooh skillful
|c|âabcdefghitony|gettin glucky af
|c| VanilliteCone|such bad luck this match
|
|switch|p2a: Clefable|Clefable, F|225\/394
|move|p1a: Quetzal|Dragon Claw|p2a: Clefable
|-immune|p2a: Clefable|[msg]
|
|-heal|p1a: Quetzal|323\/324|[from] item: Leftovers
|-heal|p2a: Clefable|249\/394|[from] item: Leftovers
|turn|41
|
|move|p1a: Quetzal|Earthquake|p2a: Clefable
|-damage|p2a: Clefable|112\/394
|move|p2a: Clefable|Wish|p2a: Clefable
|
|-heal|p1a: Quetzal|324\/324|[from] item: Leftovers
|-heal|p2a: Clefable|136\/394|[from] item: Leftovers
|turn|42
|c| DrizzleFizzle|that's not luck, it's skill
|
|move|p2a: Clefable|Protect|p2a: Clefable
|-singleturn|p2a: Clefable|Protect
|move|p1a: Quetzal|Earthquake|p2a: Clefable
|-activate|p2a: Clefable|Protect
|
|-heal|p2a: Clefable|333\/394|[from] move: Wish|[wisher] Clefable
|-heal|p2a: Clefable|357\/394|[from] item: Leftovers
|turn|43
|
|move|p1a: Quetzal|Dragon Dance|p1a: Quetzal
|-boost|p1a: Quetzal|atk|1
|-boost|p1a: Quetzal|spe|1
|move|p2a: Clefable|Moonblast|p1a: Quetzal
|-supereffective|p1a: Quetzal
|-damage|p1a: Quetzal|218\/324
|-unboost|p1a: Quetzal|spa|1
|
|-heal|p1a: Quetzal|238\/324|[from] item: Leftovers
|-heal|p2a: Clefable|381\/394|[from] item: Leftovers
|turn|44
|c|âjpw234|it's unaware lol
|
|move|p1a: Quetzal|Earthquake|p2a: Clefable
|-damage|p2a: Clefable|246\/394
|move|p2a: Clefable|Moonblast|p1a: Quetzal
|-supereffective|p1a: Quetzal
|-damage|p1a: Quetzal|8\/324
|-unboost|p1a: Quetzal|spa|1
|
|-heal|p1a: Quetzal|28\/324|[from] item: Leftovers
|-heal|p2a: Clefable|270\/394|[from] item: Leftovers
|turn|45
|
|move|p1a: Quetzal|Earthquake|p2a: Clefable
|-damage|p2a: Clefable|150\/394
|move|p2a: Clefable|Wish|p2a: Clefable
|
|-heal|p1a: Quetzal|48\/324|[from] item: Leftovers
|-heal|p2a: Clefable|174\/394|[from] item: Leftovers
|turn|46
|c| DrizzleFizzle|lol
|
|move|p2a: Clefable|Protect|p2a: Clefable
|-singleturn|p2a: Clefable|Protect
|move|p1a: Quetzal|Dragon Dance|p1a: Quetzal
|-boost|p1a: Quetzal|atk|1
|-boost|p1a: Quetzal|spe|1
|
|-heal|p2a: Clefable|371\/394|[from] move: Wish|[wisher] Clefable
|-heal|p1a: Quetzal|68\/324|[from] item: Leftovers
|-heal|p2a: Clefable|394\/394|[from] item: Leftovers
|turn|47
|c| birdetta|lmao
|c| hailsatangovegan|unaware fam
|
|move|p1a: Quetzal|Earthquake|p2a: Clefable
|-damage|p2a: Clefable|263\/394
|move|p2a: Clefable|Moonblast|p1a: Quetzal
|-supereffective|p1a: Quetzal
|-damage|p1a: Quetzal|0 fnt
|faint|p1a: Quetzal
|
|-heal|p2a: Clefable|287\/394|[from] item: Leftovers
|c| fimbu1vetr|time2crit
|c| VanilliteCone|maybe he wants to be FASTT
|leave|Typhlosion1234
|c| testnameyo|lol
|c|âabcdefghitony|yolo
|
|switch|p1a: TittyTwist|Scizor, F|162\/344
|-damage|p1a: TittyTwist|119\/344|[from] Stealth Rock
|turn|48
|c| DrizzleFizzle|lmao
|c| claudioo2|Unaware is such bullshit. Lets say someone shot you, even if you didnt know you would still die.
|c| DrizzleFizzle|this is great
|c| Grumtastic|skarms like wtf bro im right here
|
|move|p2a: Clefable|Protect|p2a: Clefable
|-singleturn|p2a: Clefable|Protect
|move|p1a: TittyTwist|U-turn|p2a: Clefable
|-activate|p2a: Clefable|Protect
|
|-heal|p2a: Clefable|311\/394|[from] item: Leftovers
|turn|49
|join|ArchPhantom
|
|move|p1a: TittyTwist|U-turn|p2a: Clefable
|-resisted|p2a: Clefable
|-damage|p2a: Clefable|217\/394
|
|switch|p1a: Bird|Skarmory, F|280\/334
|-damage|p1a: Bird|239\/334|[from] Stealth Rock
|move|p2a: Clefable|Calm Mind|p2a: Clefable
|-boost|p2a: Clefable|spa|1
|-boost|p2a: Clefable|spd|1
|
|-heal|p1a: Bird|259\/334|[from] item: Leftovers
|-heal|p2a: Clefable|241\/394|[from] item: Leftovers
|turn|50
|
|move|p2a: Clefable|Moonblast|p1a: Bird
|-resisted|p1a: Bird
|-damage|p1a: Bird|155\/334
|move|p1a: Bird|Whirlwind|p2a: Clefable
|drag|p2a: Bronzong|Bronzong|223\/337 par
|
|-heal|p1a: Bird|175\/334|[from] item: Leftovers
|-heal|p2a: Bronzong|244\/337 par|[from] item: Leftovers
|turn|51
|
|switch|p2a: Tentacruel|Tentacruel, M|208\/357
|move|p1a: Bird|Spikes|p2a: Tentacruel
|-sidestart|p2: jpw234|Spikes
|
|-heal|p2a: Tentacruel|230\/357|[from] item: Leftovers
|-heal|p1a: Bird|195\/334|[from] item: Leftovers
|turn|52
|
|switch|p1a: Bird Jesus|Pidgeot-Mega, M|193\/307
|-damage|p1a: Bird Jesus|117\/307|[from] Stealth Rock
|move|p2a: Tentacruel|Scald|p1a: Bird Jesus
|-damage|p1a: Bird Jesus|17\/307
|
|-heal|p2a: Tentacruel|252\/357|[from] item: Leftovers
|turn|53
|c| DrizzleFizzle|predict?
|leave|LUSTY LEDDIT
|c|âjpw234|pls
|c|âjpw234|NO BURN
|c|âjpw234|NO
|c|âabcdefghitony|oh snap
|
|move|p1a: Bird Jesus|Roost|p1a: Bird Jesus
|-heal|p1a: Bird Jesus|171\/307
|move|p2a: Tentacruel|Scald|p1a: Bird Jesus
|-damage|p1a: Bird Jesus|84\/307
|-status|p1a: Bird Jesus|brn
|
|-heal|p2a: Tentacruel|274\/357|[from] item: Leftovers
|-damage|p1a: Bird Jesus|46\/307 brn|[from] brn
|turn|54
|c| Agilis|claudio your comment gave me cancer.
|join|AssaultBreast
|
|move|p1a: Bird Jesus|Roost|p1a: Bird Jesus
|-heal|p1a: Bird Jesus|200\/307 brn
|move|p2a: Tentacruel|Scald|p1a: Bird Jesus
|-damage|p1a: Bird Jesus|104\/307 brn
|
|-heal|p2a: Tentacruel|296\/357|[from] item: Leftovers
|-damage|p1a: Bird Jesus|66\/307 brn|[from] brn
|turn|55
|c| Yankmeister|does jesus have to die again?!
|c| Yankmeister|never mind
|join|King Time Stall
|
|move|p1a: Bird Jesus|Roost|p1a: Bird Jesus
|-heal|p1a: Bird Jesus|220\/307 brn
|move|p2a: Tentacruel|Rapid Spin|p1a: Bird Jesus
|-damage|p1a: Bird Jesus|206\/307 brn
|-sideend|p2: jpw234|Spikes|[from] move: Rapid Spin|[of] p2a: Tentacruel
|
|-heal|p2a: Tentacruel|318\/357|[from] item: Leftovers
|-damage|p1a: Bird Jesus|168\/307 brn|[from] brn
|turn|56
|
|move|p1a: Bird Jesus|U-turn|p2a: Tentacruel
|-resisted|p2a: Tentacruel
|-damage|p2a: Tentacruel|302\/357
|
|switch|p1a: Not Sushi|Lanturn, M|346\/454
|-damage|p1a: Not Sushi|290\/454|[from] Stealth Rock
|move|p2a: Tentacruel|Scald|p1a: Not Sushi
|-resisted|p1a: Not Sushi
|-damage|p1a: Not Sushi|256\/454
|-status|p1a: Not Sushi|brn
|
|-heal|p2a: Tentacruel|324\/357|[from] item: Leftovers
|-heal|p1a: Not Sushi|284\/454 brn|[from] item: Leftovers
|-damage|p1a: Not Sushi|228\/454 brn|[from] brn
|turn|57
|c| King Time Stall|burn
|
|move|p2a: Tentacruel|Substitute|p2a: Tentacruel
|-start|p2a: Tentacruel|Substitute
|-damage|p2a: Tentacruel|235\/357
|move|p1a: Not Sushi|Heal Bell|p1a: Not Sushi
|-cureteam|p1a: Not Sushi|[from] move: HealBell
|
|-heal|p2a: Tentacruel|257\/357|[from] item: Leftovers
|-heal|p1a: Not Sushi|256\/454|[from] item: Leftovers
|turn|58
|c| jeffrawr|go hax gods
|c| King Time Stall|nice
|c| jeffrawr|go
|c| claudioo2|Nice, kill yourself to avoid the pain.
|
|move|p2a: Tentacruel|Acid Spray|p1a: Not Sushi
|-damage|p1a: Not Sushi|220\/454
|-unboost|p1a: Not Sushi|spd|2
|move|p1a: Not Sushi|Volt Switch|p2a: Tentacruel
|-supereffective|p2a: Tentacruel
|-activate|p2a: Tentacruel|Substitute|[damage]
|c| DrizzleFizzle|You should put Fly on that Pidgeot for Jesus has risen
|c|âjpw234|eat.
|c|âabcdefghitony|DAMNN
|c|âjpw234|it.
|c|âjpw234|up.
|c|âabcdefghitony|that's game man
|c| Agilis|Weeeeeak
|leave|abcdefghitony
|player|p1
|c| jeffrawr|YESSSSSSS
|c| jeffrawr|JPW FOR DRIVER
|c| King Time Stall|Fuck Christ bulk
|c|âjpw234|ppl peep mah RMT and rate\/like pls http:\/\/www.smogon.com\/forums\/threads\/harvest-season-mega-altaria-stall.3523244\/
|join|abcdefghitony
|join|bucador
|player|p1|abcdefghitony|266
|c| King Time Stall|Sure
|leave|ArchPhantom
|-message|abcdefghitony forfeited.
|
|win|jpw234
|leave|bucador
|leave|the412gang
|leave|jpw234
|player|p2
|c|âabcdefghitony|i forgot u have to type the command
|leave|Zezima Testing Alt
|leave|VanilliteCone
|c|âabcdefghitony|my b dude
|leave|hailsatangovegan
|leave|huntwave
|leave|Yankmeister
|leave|AssaultBreast
|leave|abcdefghitony
|player|p1
|leave|claudioo2
|leave|DrizzleFizzle
|join|Wheezer
|leave|NegroPl0x
|leave|Wheezer
|leave|fimbu1vetr
|leave|Doctor Octagon
|leave|jeffrawr
|leave|Agilis
|leave|beppityboopbop
|leave|Enj
|leave|emexon
|leave|Grumtastic
|leave|gamerguy1123
|leave|EHJ
|leave|testnameyo
|leave|Rooo
|leave|bsktball4ryan
|leave|Based Godfish
|join|azogue
|leave|birdetta
|leave|SwAg-WiZ
|leave|azogue
|join|Based Godfish
|leave|TheObsessed
|leave|Dunsparce2Good4OU
|leave|Based Godfish
|leave|epicgamekiller
|join|Dunsparce2Good4OU
|leave|Dunsparce2Good4OU
|leave|King Time Stall
|leave|fACTORX3
|leave|Hiye
|leave|Dynaras
|leave|julianna