|join|abcdefghitony
|join|TusaMAL
|player|p1|abcdefghitony|266
|player|p2|TusaMAL|10
|gametype|singles
|gen|6
|tier|OU
|rated
|clearpoke
|poke|p1|Scizor, F
|poke|p1|Pidgeot, F
|poke|p1|Lanturn, M
|poke|p1|Conkeldurr, M
|poke|p1|Skarmory, M
|poke|p1|Dragonite, M
|poke|p2|Charizard, M
|poke|p2|Hawlucha, M
|poke|p2|Weavile, F
|poke|p2|Dragonite, F
|poke|p2|Dragalge, F
|poke|p2|Togekiss, M
|rule|Swagger Clause: Swagger is banned
|rule|Baton Pass Clause: Limit one PokÃ©mon knowing Baton Pass
|rule|Sleep Clause Mod: Limit one foe put to sleep
|rule|Species Clause: Limit one of each PokÃ©mon
|rule|OHKO Clause: OHKO moves are banned
|rule|Moody Clause: Moody is banned
|rule|Evasion Moves Clause: Evasion moves are banned
|rule|Endless Battle Clause: Forcing endless battles is banned
|rule|HP Percentage Mod: HP is shown in percentages
|teampreview
|
|start
|switch|p1a: Skarmory|Skarmory, M|334\/334
|switch|p2a: Togekiss|Togekiss, M|311\/311
|turn|1
|
|move|p2a: Togekiss|Nasty Plot|p2a: Togekiss
|-boost|p2a: Togekiss|spa|2
|move|p1a: Skarmory|Whirlwind|p2a: Togekiss
|drag|p2a: Dragalge|Dragalge, F|334\/334
|
|turn|2
|
|move|p1a: Skarmory|Stealth Rock|p2a: Dragalge
|-sidestart|p2: TusaMAL|move: Stealth Rock
|move|p2a: Dragalge|Scald|p1a: Skarmory
|-damage|p1a: Skarmory|233\/334
|
|-heal|p1a: Skarmory|253\/334|[from] item: Leftovers
|turn|3
|
|switch|p1a: Lanturn|Lanturn, M|454\/454
|move|p2a: Dragalge|Scald|p1a: Lanturn
|-resisted|p1a: Lanturn
|-damage|p1a: Lanturn|424\/454
|
|-heal|p1a: Lanturn|452\/454|[from] item: Leftovers
|turn|4
|
|move|p1a: Lanturn|Thunder Wave|p2a: Dragalge
|-status|p2a: Dragalge|par
|move|p2a: Dragalge|Gunk Shot|p1a: Lanturn
|-damage|p1a: Lanturn|254\/454
|-status|p1a: Lanturn|psn
|
|-heal|p1a: Lanturn|282\/454 psn|[from] item: Leftovers
|-damage|p1a: Lanturn|226\/454 psn|[from] psn
|turn|5
|
|move|p1a: Lanturn|Volt Switch|p2a: Dragalge
|-resisted|p2a: Dragalge
|-damage|p2a: Dragalge|309\/334 par
|
|switch|p1a: Scizor|Scizor, F|344\/344
|cant|p2a: Dragalge|par
|
|-heal|p2a: Dragalge|329\/334 par|[from] item: Leftovers
|turn|6
|
|move|p1a: Scizor|Knock Off|p2a: Dragalge
|-damage|p2a: Dragalge|139\/334 par
|-enditem|p2a: Dragalge|Leftovers|[from] move: Knock Off|[of] p1a: Scizor
|move|p2a: Dragalge|Scald|p1a: Scizor
|-damage|p1a: Scizor|250\/344
|
|turn|7
|
|move|p1a: Scizor|Knock Off|p2a: Dragalge
|-damage|p2a: Dragalge|0 fnt
|faint|p2a: Dragalge
|
|
|switch|p2a: Charizard|Charizard, M|360\/360
|-damage|p2a: Charizard|180\/360|[from] Stealth Rock
|turn|8
|
|switch|p1a: Lanturn|Lanturn, M|226\/454 psn
|detailschange|p2a: Charizard|Charizard-Mega-X, M
|message|Charizard has Mega Evolved into Mega Charizard!
|move|p2a: Charizard|Will-O-Wisp|p1a: Lanturn
|-fail|p1a: Lanturn
|
|-heal|p1a: Lanturn|254\/454 psn|[from] item: Leftovers
|-damage|p1a: Lanturn|198\/454 psn|[from] psn
|turn|9
|
|move|p2a: Charizard|Earthquake|p1a: Lanturn
|-supereffective|p1a: Lanturn
|-damage|p1a: Lanturn|0 fnt
|faint|p1a: Lanturn
|
|
|switch|p1a: Dragonite|Dragonite, M|324\/324
|turn|10
|
|move|p1a: Dragonite|Extreme Speed|p2a: Charizard
|-damage|p2a: Charizard|97\/360
|move|p2a: Charizard|Will-O-Wisp|p1a: Dragonite
|-status|p1a: Dragonite|brn
|
|-damage|p1a: Dragonite|284\/324 brn|[from] brn
|turn|11
|
|move|p1a: Dragonite|Dragon Claw|p2a: Charizard
|-crit|p2a: Charizard
|-supereffective|p2a: Charizard
|-damage|p2a: Charizard|0 fnt
|faint|p2a: Charizard
|
|-heal|p1a: Dragonite|304\/324 brn|[from] item: Leftovers
|-damage|p1a: Dragonite|264\/324 brn|[from] brn
|c|âabcdefghitony|im faster?
|
|switch|p2a: Hawlucha|Hawlucha, M|298\/298
|-damage|p2a: Hawlucha|261\/298|[from] Stealth Rock
|turn|12
|
|move|p2a: Hawlucha|Hone Claws|p2a: Hawlucha
|-boost|p2a: Hawlucha|atk|1
|-boost|p2a: Hawlucha|accuracy|1
|move|p1a: Dragonite|Dragon Claw|p2a: Hawlucha
|-damage|p2a: Hawlucha|180\/298
|
|-heal|p1a: Dragonite|284\/324 brn|[from] item: Leftovers
|-damage|p1a: Dragonite|244\/324 brn|[from] brn
|turn|13
|
|switch|p1a: Skarmory|Skarmory, M|253\/334
|move|p2a: Hawlucha|Hone Claws|p2a: Hawlucha
|-boost|p2a: Hawlucha|atk|1
|-boost|p2a: Hawlucha|accuracy|1
|
|-heal|p1a: Skarmory|273\/334|[from] item: Leftovers
|turn|14
|
|move|p2a: Hawlucha|High Jump Kick|p1a: Skarmory
|-damage|p1a: Skarmory|36\/334
|move|p1a: Skarmory|Whirlwind|p2a: Hawlucha
|drag|p2a: Togekiss|Togekiss, M|311\/311
|-damage|p2a: Togekiss|234\/311|[from] Stealth Rock
|
|-heal|p1a: Skarmory|56\/334|[from] item: Leftovers
|turn|15
|
|move|p2a: Togekiss|Aura Sphere|p1a: Skarmory
|-damage|p1a: Skarmory|0 fnt
|faint|p1a: Skarmory
|
|
|switch|p1a: Conkeldurr|Conkeldurr, M|356\/356
|turn|16
|
|move|p2a: Togekiss|Defog|p1a: Conkeldurr
|-unboost|p1a: Conkeldurr|evasion|1
|-sideend|p2: TusaMAL|Stealth Rock|[from] move: Defog|[of] p2a: Togekiss
|move|p1a: Conkeldurr|Ice Punch|p2a: Togekiss
|-supereffective|p2a: Togekiss
|-damage|p2a: Togekiss|0 fnt
|faint|p2a: Togekiss
|
|
|switch|p2a: Hawlucha|Hawlucha, M|180\/298
|turn|17
|
|move|p1a: Conkeldurr|Mach Punch|p2a: Hawlucha
|-resisted|p2a: Hawlucha
|-damage|p2a: Hawlucha|134\/298
|-enditem|p2a: Hawlucha|Sitrus Berry|[eat]
|-heal|p2a: Hawlucha|208\/298|[from] item: Sitrus Berry
|move|p2a: Hawlucha|Hone Claws|p2a: Hawlucha
|-boost|p2a: Hawlucha|atk|1
|-boost|p2a: Hawlucha|accuracy|1
|
|turn|18
|
|move|p2a: Hawlucha|Acrobatics|p1a: Conkeldurr
|-supereffective|p1a: Conkeldurr
|-damage|p1a: Conkeldurr|0 fnt
|faint|p1a: Conkeldurr
|
|
|switch|p1a: Scizor|Scizor, F|250\/344
|turn|19
|
|move|p2a: Hawlucha|High Jump Kick|p1a: Scizor
|-damage|p1a: Scizor|0 fnt
|faint|p1a: Scizor
|
|
|switch|p1a: Pidgeot|Pidgeot, F|307\/307
|turn|20
|
|detailschange|p1a: Pidgeot|Pidgeot-Mega, F
|message|Pidgeot has Mega Evolved into Mega Pidgeot!
|move|p2a: Hawlucha|Stone Edge|p1a: Pidgeot
|-supereffective|p1a: Pidgeot
|-damage|p1a: Pidgeot|0 fnt
|faint|p1a: Pidgeot
|
|c|âabcdefghitony|gg
|
|switch|p1a: Dragonite|Dragonite, M|244\/324 brn
|turn|21
|
|move|p2a: Hawlucha|Stone Edge|p1a: Dragonite
|-supereffective|p1a: Dragonite
|-damage|p1a: Dragonite|0 fnt
|faint|p1a: Dragonite
|
|win|TusaMAL
|raw|Ladder updating...
|leave|abcdefghitony
|player|p1
|raw|abcdefghitony's rating: 1466 &rarr; <strong>1443<\/strong><br \/>(-23 for losing)
|raw|TusaMAL's rating: 1407 &rarr; <strong>1430<\/strong><br \/>(+23 for winning)