|join|fluffer115
|join|abcdefghitony
|player|p1|fluffer115|211
|player|p2|abcdefghitony|1
|gametype|singles
|gen|6
|tier|OU
|rated
|clearpoke
|poke|p1|Slowbro, F
|poke|p1|Tyranitar, M
|poke|p1|Clefable, F
|poke|p1|Landorus-Therian, M
|poke|p1|Jirachi
|poke|p1|Keldeo-Resolute
|poke|p2|Altaria, F
|poke|p2|Magnezone
|poke|p2|Starmie
|poke|p2|Ferrothorn, M
|poke|p2|Landorus-Therian, M
|poke|p2|Gyarados, M
|rule|Swagger Clause: Swagger is banned
|rule|Baton Pass Clause: Limit one PokÃ©mon knowing Baton Pass
|rule|Sleep Clause Mod: Limit one foe put to sleep
|rule|Species Clause: Limit one of each PokÃ©mon
|rule|OHKO Clause: OHKO moves are banned
|rule|Moody Clause: Moody is banned
|rule|Evasion Moves Clause: Evasion moves are banned
|rule|Endless Battle Clause: Forcing endless battles is banned
|rule|HP Percentage Mod: HP is shown in percentages
|teampreview
|c|âabcdefghitony|helllo gl
|c|âfluffer115|u 2
|
|start
|switch|p1a: Keldeo-Resolute|Keldeo-Resolute|323\/323
|switch|p2a: Altaria|Altaria, F|311\/311
|turn|1
|
|switch|p1a: Jirachi|Jirachi|403\/403
|detailschange|p2a: Altaria|Altaria-Mega, F
|-mega|p2a: Altaria|Altaria|Altarianite
|move|p2a: Altaria|Hyper Voice|p1a: Jirachi
|-crit|p1a: Jirachi
|-resisted|p1a: Jirachi
|-damage|p1a: Jirachi|283\/403
|
|-heal|p1a: Jirachi|308\/403|[from] item: Leftovers
|turn|2
|
|switch|p1a: Landorus-Therian|Landorus-Therian, M|319\/319
|-ability|p1a: Landorus-Therian|Intimidate|[of] p2a: Altaria
|-unboost|p2a: Altaria|atk|1
|switch|p2a: Landorus-Therian|Landorus-Therian, M|382\/382
|-ability|p2a: Landorus-Therian|Intimidate|[of] p1a: Landorus-Therian
|-unboost|p1a: Landorus-Therian|atk|1
|
|turn|3
|
|move|p1a: Landorus-Therian|U-turn|p2a: Landorus-Therian
|-resisted|p2a: Landorus-Therian
|-damage|p2a: Landorus-Therian|359\/382
|
|switch|p1a: Jirachi|Jirachi|308\/403
|move|p2a: Landorus-Therian|Stealth Rock|p1a: Jirachi
|-sidestart|p1: fluffer115|move: Stealth Rock
|
|-heal|p1a: Jirachi|333\/403|[from] item: Leftovers
|-heal|p2a: Landorus-Therian|382\/382|[from] item: Leftovers
|turn|4
|
|move|p1a: Jirachi|Stealth Rock|p2a: Landorus-Therian
|-sidestart|p2: abcdefghitony|move: Stealth Rock
|move|p2a: Landorus-Therian|Earthquake|p1a: Jirachi
|-supereffective|p1a: Jirachi
|-damage|p1a: Jirachi|13\/403
|
|-heal|p1a: Jirachi|38\/403|[from] item: Leftovers
|turn|5
|
|move|p1a: Jirachi|Iron Head|p2a: Landorus-Therian
|-damage|p2a: Landorus-Therian|306\/382
|cant|p2a: Landorus-Therian|flinch
|
|-heal|p1a: Jirachi|63\/403|[from] item: Leftovers
|-heal|p2a: Landorus-Therian|329\/382|[from] item: Leftovers
|turn|6
|c|âabcdefghitony|pls no
|
|move|p1a: Jirachi|Iron Head|p2a: Landorus-Therian
|-damage|p2a: Landorus-Therian|257\/382
|move|p2a: Landorus-Therian|U-turn|p1a: Jirachi
|-damage|p1a: Jirachi|0 fnt
|faint|p1a: Jirachi
|c|âabcdefghitony|yayyy
|
|switch|p2a: Ferrothorn|Ferrothorn, M|352\/352
|-damage|p2a: Ferrothorn|330\/352|[from] Stealth Rock
|
|-heal|p2a: Ferrothorn|352\/352|[from] item: Leftovers
|
|switch|p1a: Keldeo-Resolute|Keldeo-Resolute|323\/323
|-damage|p1a: Keldeo-Resolute|303\/323|[from] Stealth Rock
|turn|7
|
|move|p2a: Ferrothorn|Protect|p2a: Ferrothorn
|-singleturn|p2a: Ferrothorn|Protect
|move|p1a: Keldeo-Resolute|Substitute|p1a: Keldeo-Resolute
|-start|p1a: Keldeo-Resolute|Substitute
|-damage|p1a: Keldeo-Resolute|223\/323
|
|-heal|p1a: Keldeo-Resolute|243\/323|[from] item: Leftovers
|turn|8
|
|switch|p2a: Altaria|Altaria-Mega, F|311\/311
|-damage|p2a: Altaria|273\/311|[from] Stealth Rock
|move|p1a: Keldeo-Resolute|Secret Sword|p2a: Altaria
|-resisted|p2a: Altaria
|-damage|p2a: Altaria|202\/311
|
|-heal|p1a: Keldeo-Resolute|263\/323|[from] item: Leftovers
|turn|9
|
|switch|p1a: Clefable|Clefable, F|394\/394
|-damage|p1a: Clefable|345\/394|[from] Stealth Rock
|move|p2a: Altaria|Hyper Voice|p1a: Clefable
|-damage|p1a: Clefable|123\/394
|
|-heal|p1a: Clefable|147\/394|[from] item: Leftovers
|turn|10
|c|âfluffer115|holy crap so much damage
|c|âabcdefghitony|yea shouldn't have sac'd rachi
|c|âabcdefghitony|lol
|
|move|p2a: Altaria|Hyper Voice|p1a: Clefable
|-damage|p1a: Clefable|0 fnt
|faint|p1a: Clefable
|
|c|âfluffer115|im playing two games at once and yea i shouldnt have
|c|âabcdefghitony|ah
|c|âabcdefghitony|tryna climb I see
|c|âfluffer115|not really
|c|âfluffer115|just playing for fun
|c|âabcdefghitony|I'll turn timer off
|
|switch|p1a: Landorus-Therian|Landorus-Therian, M|319\/319
|-damage|p1a: Landorus-Therian|280\/319|[from] Stealth Rock
|-ability|p1a: Landorus-Therian|Intimidate|[of] p2a: Altaria
|-unboost|p2a: Altaria|atk|1
|turn|11
|
|switch|p2a: Ferrothorn|Ferrothorn, M|352\/352
|-damage|p2a: Ferrothorn|330\/352|[from] Stealth Rock
|move|p1a: Landorus-Therian|Earthquake|p2a: Ferrothorn
|-damage|p2a: Ferrothorn|206\/352
|
|-heal|p2a: Ferrothorn|228\/352|[from] item: Leftovers
|turn|12
|
|move|p1a: Landorus-Therian|Earthquake|p2a: Ferrothorn
|-damage|p2a: Ferrothorn|95\/352
|move|p2a: Ferrothorn|Leech Seed|p1a: Landorus-Therian
|-start|p1a: Landorus-Therian|move: Leech Seed
|
|-heal|p2a: Ferrothorn|117\/352|[from] item: Leftovers
|-damage|p1a: Landorus-Therian|241\/319|[from] Leech Seed|[of] p2a: Ferrothorn
|-heal|p2a: Ferrothorn|156\/352|[silent]
|turn|13
|
|switch|p1a: Keldeo-Resolute|Keldeo-Resolute|263\/323
|-damage|p1a: Keldeo-Resolute|243\/323|[from] Stealth Rock
|move|p2a: Ferrothorn|Spikes|p1a: Keldeo-Resolute
|-sidestart|p1: fluffer115|Spikes
|
|-heal|p1a: Keldeo-Resolute|263\/323|[from] item: Leftovers
|-heal|p2a: Ferrothorn|178\/352|[from] item: Leftovers
|turn|14
|
|switch|p2a: Starmie|Starmie|261\/261
|-damage|p2a: Starmie|229\/261|[from] Stealth Rock
|move|p1a: Keldeo-Resolute|Scald|p2a: Starmie
|-resisted|p2a: Starmie
|-damage|p2a: Starmie|144\/261
|-status|p2a: Starmie|brn
|
|-heal|p1a: Keldeo-Resolute|283\/323|[from] item: Leftovers
|-damage|p2a: Starmie|112\/261 brn|[from] brn
|turn|15
|
|move|p2a: Starmie|Rapid Spin|p1a: Keldeo-Resolute
|-damage|p1a: Keldeo-Resolute|275\/323
|-sideend|p2: abcdefghitony|Stealth Rock|[from] move: Rapid Spin|[of] p2a: Starmie
|-damage|p2a: Starmie|86\/261 brn|[from] item: Life Orb
|move|p1a: Keldeo-Resolute|Scald|p2a: Starmie
|-crit|p2a: Starmie
|-resisted|p2a: Starmie
|-damage|p2a: Starmie|0 fnt
|faint|p2a: Starmie
|
|-heal|p1a: Keldeo-Resolute|295\/323|[from] item: Leftovers
|c|âfluffer115|that altaria is gonna fuck me up
|
|switch|p2a: Altaria|Altaria-Mega, F|202\/311
|turn|16
|
|switch|p1a: Tyranitar|Tyranitar, M|341\/341
|-damage|p1a: Tyranitar|299\/341|[from] Stealth Rock
|-damage|p1a: Tyranitar|257\/341|[from] Spikes
|-weather|Sandstorm
|move|p2a: Altaria|Roost|p2a: Altaria
|-heal|p2a: Altaria|311\/311
|
|-weather|Sandstorm|[upkeep]
|-damage|p2a: Altaria|292\/311|[from] sandstorm
|turn|17
|c|âfluffer115|oh i was gonna sack
|
|switch|p2a: Ferrothorn|Ferrothorn, M|178\/352
|move|p1a: Tyranitar|Stone Edge|p2a: Ferrothorn
|-crit|p2a: Ferrothorn
|-resisted|p2a: Ferrothorn
|-damage|p2a: Ferrothorn|83\/352
|
|-weather|Sandstorm|[upkeep]
|-heal|p2a: Ferrothorn|105\/352|[from] item: Leftovers
|turn|18
|
|switch|p1a: Keldeo-Resolute|Keldeo-Resolute|295\/323
|-damage|p1a: Keldeo-Resolute|255\/323|[from] Spikes
|-damage|p1a: Keldeo-Resolute|235\/323|[from] Stealth Rock
|move|p2a: Ferrothorn|Spikes|p1a: Keldeo-Resolute
|-sidestart|p1: fluffer115|Spikes
|
|-weather|Sandstorm|[upkeep]
|-damage|p1a: Keldeo-Resolute|215\/323|[from] sandstorm
|-heal|p1a: Keldeo-Resolute|235\/323|[from] item: Leftovers
|-heal|p2a: Ferrothorn|127\/352|[from] item: Leftovers
|turn|19
|c|âabcdefghitony|it's k
|c|âabcdefghitony|i'd rather not risk the crit
|c|âabcdefghitony|jic you were scarfed
|c|âfluffer115|how did u know i was scarfed
|
|move|p1a: Keldeo-Resolute|Secret Sword|p2a: Ferrothorn
|-supereffective|p2a: Ferrothorn
|-damage|p2a: Ferrothorn|0 fnt
|faint|p2a: Ferrothorn
|
|-weather|Sandstorm|[upkeep]
|-damage|p1a: Keldeo-Resolute|215\/323|[from] sandstorm
|-heal|p1a: Keldeo-Resolute|235\/323|[from] item: Leftovers
|c|âabcdefghitony|i didn't
|c|âabcdefghitony|just in case i said
|c|âfluffer115|ah
|
|switch|p2a: Altaria|Altaria-Mega, F|292\/311
|turn|20
|c|âabcdefghitony|my b shouldn't use weird acronyms
|c|âfluffer115|dont think im winning this game lol
|
|move|p1a: Keldeo-Resolute|Scald|p2a: Altaria
|-resisted|p2a: Altaria
|-damage|p2a: Altaria|220\/311
|move|p2a: Altaria|Hyper Voice|p1a: Keldeo-Resolute
|-supereffective|p1a: Keldeo-Resolute
|-damage|p1a: Keldeo-Resolute|0 fnt
|faint|p1a: Keldeo-Resolute
|
|-weather|none
|c|âfluffer115|buh
|
|switch|p1a: Tyranitar|Tyranitar, M|257\/341
|-damage|p1a: Tyranitar|201\/341|[from] Spikes
|-damage|p1a: Tyranitar|159\/341|[from] Stealth Rock
|-weather|Sandstorm
|turn|21
|c|âfluffer115|i dont like clef on this team
|c|âfluffer115|what do u suggest as a replacement
|c|âabcdefghitony|hmm
|
|switch|p2a: Magnezone|Magnezone|281\/281
|move|p1a: Tyranitar|Superpower|p2a: Magnezone
|-supereffective|p2a: Magnezone
|-damage|p2a: Magnezone|19\/281
|-unboost|p1a: Tyranitar|atk|1
|-unboost|p1a: Tyranitar|def|1
|
|-weather|Sandstorm|[upkeep]
|turn|22
|c|âabcdefghitony|swag
|c|âabcdefghitony|um idk
|c|âabcdefghitony|do you need a wall?
|
|switch|p2a: Landorus-Therian|Landorus-Therian, M|257\/382
|-ability|p2a: Landorus-Therian|Intimidate|[of] p1a: Tyranitar
|-unboost|p1a: Tyranitar|atk|1
|move|p1a: Tyranitar|Superpower|p2a: Landorus-Therian
|-crit|p2a: Landorus-Therian
|-resisted|p2a: Landorus-Therian
|-damage|p2a: Landorus-Therian|170\/382
|-unboost|p1a: Tyranitar|atk|1
|-unboost|p1a: Tyranitar|def|1
|
|-weather|Sandstorm|[upkeep]
|-heal|p2a: Landorus-Therian|193\/382|[from] item: Leftovers
|turn|23
|c|âfluffer115|dunno... i just dont like clef its lame
|c|âabcdefghitony|lol yours is unaware right?
|c|âfluffer115|yea
|c|âabcdefghitony|sub cm keld?
|c|âfluffer115|yea
|
|switch|p1a: Landorus-Therian|Landorus-Therian, M|241\/319
|-damage|p1a: Landorus-Therian|202\/319|[from] Stealth Rock
|-ability|p1a: Landorus-Therian|Intimidate|[of] p2a: Landorus-Therian
|-unboost|p2a: Landorus-Therian|atk|1
|move|p2a: Landorus-Therian|U-turn|p1a: Landorus-Therian
|-resisted|p1a: Landorus-Therian
|-damage|p1a: Landorus-Therian|173\/319
|
|switch|p2a: Gyarados|Gyarados, M|353\/353
|-ability|p2a: Gyarados|Intimidate|[of] p1a: Landorus-Therian
|-unboost|p1a: Landorus-Therian|atk|1
|
|-weather|Sandstorm|[upkeep]
|-damage|p2a: Gyarados|331\/353|[from] sandstorm
|-heal|p2a: Gyarados|353\/353|[from] item: Leftovers
|turn|24
|
|move|p1a: Landorus-Therian|Stone Edge|p2a: Gyarados|[miss]
|-miss|p1a: Landorus-Therian|p2a: Gyarados
|move|p2a: Gyarados|Waterfall|p1a: Landorus-Therian
|-supereffective|p1a: Landorus-Therian
|-damage|p1a: Landorus-Therian|0 fnt
|faint|p1a: Landorus-Therian
|
|-weather|Sandstorm|[upkeep]
|-damage|p2a: Gyarados|331\/353|[from] sandstorm
|-heal|p2a: Gyarados|353\/353|[from] item: Leftovers
|c|âabcdefghitony|honestly idk lol
|c|âabcdefghitony|did u just randomly put it in
|c|âfluffer115|i lost bro
|c|âfluffer115|haha basically
|c|âabcdefghitony|LOL
|c|âabcdefghitony|gg man
|
|switch|p1a: Tyranitar|Tyranitar, M|159\/341
|-damage|p1a: Tyranitar|103\/341|[from] Spikes
|-damage|p1a: Tyranitar|61\/341|[from] Stealth Rock
|turn|25
|c|âfluffer115|wait does ur lando have a scarf
|c|âabcdefghitony|nah it set up rocks
|c|âabcdefghitony|and had lefties
|c|âfluffer115|if i hit all my stone edges maybe i win
|c|âfluffer115|XD
|
|move|p1a: Tyranitar|Stone Edge|p2a: Gyarados
|-supereffective|p2a: Gyarados
|-damage|p2a: Gyarados|0 fnt
|faint|p2a: Gyarados
|
|-weather|none
|c|âfluffer115|its possible
|
|switch|p2a: Landorus-Therian|Landorus-Therian, M|193\/382
|-ability|p2a: Landorus-Therian|Intimidate|[of] p1a: Tyranitar
|-unboost|p1a: Tyranitar|atk|1
|turn|26
|c|âfluffer115|jk
|c|âfluffer115|this isnt gonna do enough
|c|âfluffer115|CRIT
|c|âabcdefghitony|LOL
|c|âabcdefghitony|PLS NO
|
|move|p1a: Tyranitar|Stone Edge|p2a: Landorus-Therian|[miss]
|-miss|p1a: Tyranitar|p2a: Landorus-Therian
|move|p2a: Landorus-Therian|U-turn|p1a: Tyranitar
|-supereffective|p1a: Tyranitar
|-damage|p1a: Tyranitar|0 fnt
|faint|p1a: Tyranitar
|c|âfluffer115|COME BACK
|c|âfluffer115|aw
|
|switch|p2a: Magnezone|Magnezone|19\/281
|
|c|âabcdefghitony|:]
|c|âfluffer115|ah gg
|
|switch|p1a: Slowbro|Slowbro, F|394\/394
|-damage|p1a: Slowbro|329\/394|[from] Spikes
|-damage|p1a: Slowbro|280\/394|[from] Stealth Rock
|turn|27
|c|âabcdefghitony|gg
|c|âabcdefghitony|I'm not the best team builder man sorry
|c|âabcdefghitony|I just throw random shet together and hoep it works
|
|detailschange|p1a: Slowbro|Slowbro-Mega, F
|-mega|p1a: Slowbro|Slowbro|Slowbronite
|move|p2a: Magnezone|Thunderbolt|p1a: Slowbro
|-supereffective|p1a: Slowbro
|-damage|p1a: Slowbro|0 fnt
|faint|p1a: Slowbro
|
|win|abcdefghitony
|raw|Ladder updating...
|raw|fluffer115's rating: 1551 &rarr; <strong>1531<\/strong><br \/>(-20 for losing)
|raw|abcdefghitony's rating: 1541 &rarr; <strong>1561<\/strong><br \/>(+20 for winning)
|c|âfluffer115|haha k
|c|âfluffer115|gg
|c|âabcdefghitony|gg
|leave|abcdefghitony
|player|p2