|join|RainPB
|join|abcdefghitony
|player|p1|RainPB|283
|player|p2|abcdefghitony|170
|gametype|singles
|gen|6
|tier|OU
|rated
|clearpoke
|poke|p1|Altaria, F, shiny
|poke|p1|Victini
|poke|p1|Manaphy
|poke|p1|Shaymin
|poke|p1|Bisharp, M
|poke|p1|Latios, M
|poke|p2|Landorus, M
|poke|p2|Heatran, F
|poke|p2|Lopunny, M
|poke|p2|Slowbro, F
|poke|p2|Thundurus, M
|poke|p2|Latios, M
|rule|Swagger Clause: Swagger is banned
|rule|Baton Pass Clause: Limit one PokÃ©mon knowing Baton Pass
|rule|Sleep Clause Mod: Limit one foe put to sleep
|rule|Species Clause: Limit one of each PokÃ©mon
|rule|OHKO Clause: OHKO moves are banned
|rule|Moody Clause: Moody is banned
|rule|Evasion Moves Clause: Evasion moves are banned
|rule|Endless Battle Clause: Forcing endless battles is banned
|rule|HP Percentage Mod: HP is shown in percentages
|teampreview
|
|start
|switch|p1a: Altaria|Altaria, F, shiny|353\/353
|switch|p2a: Heatran|Heatran, F|386\/386
|-ability|p1a: Altaria|Cloud Nine
|turn|1
|
|switch|p1a: Manaphy|Manaphy|404\/404
|move|p2a: Heatran|Will-O-Wisp|p1a: Manaphy
|-status|p1a: Manaphy|brn
|
|-damage|p1a: Manaphy|354\/404 brn|[from] brn
|turn|2
|
|move|p1a: Manaphy|Rain Dance|p1a: Manaphy
|-weather|RainDance
|move|p2a: Heatran|Stealth Rock|p1a: Manaphy
|-sidestart|p1: RainPB|move: Stealth Rock
|
|-weather|RainDance|[upkeep]
|-curestatus|p1a: Manaphy|brn
|-heal|p1a: Manaphy|379\/404|[from] item: Leftovers
|turn|3
|
|switch|p2a: Latios|Latios, M|301\/301
|move|p1a: Manaphy|Scald|p2a: Latios
|-resisted|p2a: Latios
|-damage|p2a: Latios|235\/301
|-status|p2a: Latios|brn
|
|-weather|RainDance|[upkeep]
|-heal|p1a: Manaphy|404\/404|[from] item: Leftovers
|-damage|p2a: Latios|198\/301 brn|[from] brn
|turn|4
|
|switch|p2a: Lopunny|Lopunny, M|271\/271
|move|p1a: Manaphy|Rest|p1a: Manaphy
|-fail|p1a: Manaphy
|
|-weather|RainDance|[upkeep]
|turn|5
|
|detailschange|p2a: Lopunny|Lopunny-Mega, M
|-mega|p2a: Lopunny|Lopunny|Lopunnite
|move|p2a: Lopunny|Fake Out|p1a: Manaphy
|-damage|p1a: Manaphy|323\/404
|cant|p1a: Manaphy|flinch
|
|-weather|RainDance|[upkeep]
|-heal|p1a: Manaphy|348\/404|[from] item: Leftovers
|turn|6
|
|move|p2a: Lopunny|High Jump Kick|p1a: Manaphy|[miss]
|-miss|p2a: Lopunny|p1a: Manaphy
|-damage|p2a: Lopunny|136\/271|[from] highjumpkick
|move|p1a: Manaphy|Scald|p2a: Lopunny
|-damage|p2a: Lopunny|3\/271
|
|-weather|none
|-heal|p1a: Manaphy|373\/404|[from] item: Leftovers
|turn|7
|
|move|p2a: Lopunny|High Jump Kick|p1a: Manaphy
|-damage|p1a: Manaphy|141\/404
|move|p1a: Manaphy|Scald|p2a: Lopunny
|-damage|p2a: Lopunny|0 fnt
|faint|p2a: Lopunny
|
|-heal|p1a: Manaphy|166\/404|[from] item: Leftovers
|
|switch|p2a: Thundurus|Thundurus, M|299\/299
|turn|8
|
|switch|p1a: Latios|Latios, M|301\/301
|-damage|p1a: Latios|264\/301|[from] Stealth Rock
|move|p2a: Thundurus|Knock Off|p1a: Latios
|-supereffective|p1a: Latios
|-damage|p1a: Latios|0 fnt
|-enditem|p1a: Latios|Life Orb|[from] move: Knock Off|[of] p2a: Thundurus
|-damage|p2a: Thundurus|270\/299|[from] item: Life Orb
|faint|p1a: Latios
|
|
|switch|p1a: Victini|Victini|341\/341
|-damage|p1a: Victini|256\/341|[from] Stealth Rock
|turn|9
|
|switch|p2a: Heatran|Heatran, F|386\/386
|move|p1a: Victini|U-turn|p2a: Heatran
|-resisted|p2a: Heatran
|-damage|p2a: Heatran|371\/386
|
|switch|p1a: Manaphy|Manaphy|166\/404
|-damage|p1a: Manaphy|116\/404|[from] Stealth Rock
|
|-heal|p1a: Manaphy|141\/404|[from] item: Leftovers
|-heal|p2a: Heatran|386\/386|[from] item: Leftovers
|turn|10
|
|move|p1a: Manaphy|Rain Dance|p1a: Manaphy
|-weather|RainDance
|move|p2a: Heatran|Taunt|p1a: Manaphy
|-start|p1a: Manaphy|move: Taunt
|
|-weather|RainDance|[upkeep]
|-heal|p1a: Manaphy|166\/404|[from] item: Leftovers
|turn|11
|
|switch|p2a: Latios|Latios, M|198\/301 brn
|move|p1a: Manaphy|Scald|p2a: Latios
|-resisted|p2a: Latios
|-damage|p2a: Latios|129\/301 brn
|
|-weather|RainDance|[upkeep]
|-heal|p1a: Manaphy|191\/404|[from] item: Leftovers
|-damage|p2a: Latios|92\/301 brn|[from] brn
|turn|12
|
|switch|p1a: Bisharp|Bisharp, M|271\/271
|-damage|p1a: Bisharp|255\/271|[from] Stealth Rock
|move|p2a: Latios|Draco Meteor|p1a: Bisharp
|-resisted|p1a: Bisharp
|-damage|p1a: Bisharp|64\/271
|-unboost|p2a: Latios|spa|2
|-damage|p2a: Latios|62\/301 brn|[from] item: Life Orb
|
|-weather|RainDance|[upkeep]
|-damage|p2a: Latios|25\/301 brn|[from] brn
|turn|13
|
|move|p2a: Latios|Roost|p2a: Latios
|-heal|p2a: Latios|176\/301 brn
|move|p1a: Bisharp|Stealth Rock|p2a: Latios
|-sidestart|p2: abcdefghitony|move: Stealth Rock
|
|-weather|RainDance|[upkeep]
|-damage|p2a: Latios|139\/301 brn|[from] brn
|turn|14
|
|move|p1a: Bisharp|Sucker Punch|p2a: Latios
|-supereffective|p2a: Latios
|-damage|p2a: Latios|0 fnt
|faint|p2a: Latios
|
|-weather|none
|
|switch|p2a: Landorus|Landorus, M|319\/319
|-damage|p2a: Landorus|280\/319|[from] Stealth Rock
|turn|15
|
|move|p2a: Landorus|Rock Polish|p2a: Landorus
|-boost|p2a: Landorus|spe|2
|move|p1a: Bisharp|Knock Off|p2a: Landorus
|-damage|p2a: Landorus|81\/319
|-enditem|p2a: Landorus|Life Orb|[from] move: Knock Off|[of] p1a: Bisharp
|
|turn|16
|
|move|p1a: Bisharp|Sucker Punch|p2a: Landorus
|-damage|p2a: Landorus|0 fnt
|faint|p2a: Landorus
|
|c|âabcdefghitony|gettin played
|c|âabcdefghitony|LOL
|c|âRainPB|lol sorry
|
|switch|p2a: Slowbro|Slowbro, F|385\/385
|-damage|p2a: Slowbro|337\/385|[from] Stealth Rock
|turn|17
|c|âabcdefghitony|lol no need to apologize
|
|switch|p1a: Shaymin|Shaymin|341\/341
|-damage|p1a: Shaymin|299\/341|[from] Stealth Rock
|move|p2a: Slowbro|Scald|p1a: Shaymin
|-resisted|p1a: Shaymin
|-damage|p1a: Shaymin|254\/341
|
|-heal|p2a: Slowbro|361\/385|[from] item: Leftovers
|turn|18
|
|switch|p2a: Thundurus|Thundurus, M|270\/299
|-damage|p2a: Thundurus|196\/299|[from] Stealth Rock
|move|p1a: Shaymin|Seed Flare|p2a: Thundurus
|-resisted|p2a: Thundurus
|-damage|p2a: Thundurus|48\/299
|-damage|p1a: Shaymin|220\/341|[from] item: Life Orb
|
|turn|19
|
|switch|p1a: Manaphy|Manaphy|191\/404
|-damage|p1a: Manaphy|141\/404|[from] Stealth Rock
|move|p2a: Thundurus|Knock Off|p1a: Manaphy
|-damage|p1a: Manaphy|27\/404
|-enditem|p1a: Manaphy|Leftovers|[from] move: Knock Off|[of] p2a: Thundurus
|-damage|p2a: Thundurus|19\/299|[from] item: Life Orb
|
|turn|20
|-message|abcdefghitony forfeited.
|c|âabcdefghitony|gg
|
|win|RainPB
|raw|Ladder updating...
|c|âRainPB|gg
|raw|RainPB's rating: 1542 &rarr; <strong>1564<\/strong><br \/>(+22 for winning)
|raw|abcdefghitony's rating: 1588 &rarr; <strong>1565<\/strong><br \/>(-23 for losing)
|leave|abcdefghitony
|player|p2