|join|abcdefghitony
|join|caramelfalcao
|player|p1|abcdefghitony|76
|player|p2|caramelfalcao|226
|gametype|singles
|gen|6
|tier|OU
|rated
|clearpoke
|poke|p1|Landorus, M
|poke|p1|Heatran, M
|poke|p1|Lopunny, F
|poke|p1|Slowbro, F
|poke|p1|Thundurus, M
|poke|p1|Latios, M
|poke|p2|Weavile, F
|poke|p2|Starmie
|poke|p2|Pinsir, F
|poke|p2|Landorus-Therian, M
|poke|p2|Raikou
|poke|p2|Clefable, F
|rule|Swagger Clause: Swagger is banned
|rule|Baton Pass Clause: Limit one PokÃ©mon knowing Baton Pass
|rule|Sleep Clause Mod: Limit one foe put to sleep
|rule|Species Clause: Limit one of each PokÃ©mon
|rule|OHKO Clause: OHKO moves are banned
|rule|Moody Clause: Moody is banned
|rule|Evasion Moves Clause: Evasion moves are banned
|rule|Endless Battle Clause: Forcing endless battles is banned
|rule|HP Percentage Mod: HP is shown in percentages
|teampreview
|
|start
|switch|p1a: Lopunny|Lopunny, F|271\/271
|switch|p2a: Raikou|Raikou|321\/321
|-ability|p2a: Raikou|Pressure
|turn|1
|
|switch|p2a: Landorus-Therian|Landorus-Therian, M|381\/381
|-ability|p2a: Landorus-Therian|Intimidate|[of] p1a: Lopunny
|-unboost|p1a: Lopunny|atk|1
|switch|p1a: Landorus|Landorus, M|319\/319
|
|turn|2
|
|move|p1a: Landorus|Psychic|p2a: Landorus-Therian
|-damage|p2a: Landorus-Therian|148\/381
|move|p2a: Landorus-Therian|U-turn|p1a: Landorus
|-resisted|p1a: Landorus
|-damage|p1a: Landorus|281\/319
|
|switch|p2a: Weavile|Weavile, F|279\/279
|-ability|p2a: Weavile|Pressure
|
|turn|3
|
|switch|p1a: Heatran|Heatran, M|386\/386
|move|p2a: Weavile|Knock Off|p1a: Heatran
|-damage|p1a: Heatran|178\/386
|-enditem|p1a: Heatran|Leftovers|[from] move: Knock Off|[of] p2a: Weavile
|-damage|p2a: Weavile|252\/279|[from] item: Life Orb
|
|turn|4
|
|move|p2a: Weavile|Low Kick|p1a: Heatran
|-supereffective|p1a: Heatran
|-damage|p1a: Heatran|0 fnt
|-damage|p2a: Weavile|225\/279|[from] item: Life Orb
|faint|p1a: Heatran
|
|
|switch|p1a: Lopunny|Lopunny, F|271\/271
|turn|5
|
|switch|p2a: Landorus-Therian|Landorus-Therian, M|148\/381
|-ability|p2a: Landorus-Therian|Intimidate|[of] p1a: Lopunny
|-unboost|p1a: Lopunny|atk|1
|detailschange|p1a: Lopunny|Lopunny-Mega, F
|-mega|p1a: Lopunny|Lopunny|Lopunnite
|move|p1a: Lopunny|Fake Out|p2a: Landorus-Therian
|-damage|p2a: Landorus-Therian|108\/381
|-damage|p1a: Lopunny|226\/271|[from] item: Rocky Helmet|[of] p2a: Landorus-Therian
|
|turn|6
|
|move|p1a: Lopunny|Ice Punch|p2a: Landorus-Therian
|-supereffective|p2a: Landorus-Therian
|-damage|p2a: Landorus-Therian|0 fnt
|-damage|p1a: Lopunny|181\/271|[from] item: Rocky Helmet|[of] p2a: Landorus-Therian
|faint|p2a: Landorus-Therian
|
|
|switch|p2a: Pinsir|Pinsir, F|271\/271
|turn|7
|
|switch|p1a: Thundurus|Thundurus, M|299\/299
|detailschange|p2a: Pinsir|Pinsir-Mega, F
|-mega|p2a: Pinsir|Pinsir|Pinsirite
|move|p2a: Pinsir|Frustration|p1a: Thundurus
|-resisted|p1a: Thundurus
|-damage|p1a: Thundurus|100\/299
|
|turn|8
|
|switch|p2a: Raikou|Raikou|321\/321
|-ability|p2a: Raikou|Pressure
|move|p1a: Thundurus|Thunderbolt|p2a: Raikou
|-resisted|p2a: Raikou
|-damage|p2a: Raikou|257\/321
|-damage|p1a: Thundurus|71\/299|[from] item: Life Orb
|
|turn|9
|
|switch|p1a: Latios|Latios, M|301\/301
|move|p2a: Raikou|Hidden Power|p1a: Latios
|-supereffective|p1a: Latios
|-damage|p1a: Latios|189\/301
|
|turn|10
|
|move|p2a: Raikou|Volt Switch|p1a: Latios
|-resisted|p1a: Latios
|-damage|p1a: Latios|136\/301
|
|switch|p2a: Clefable|Clefable, F|394\/394
|move|p1a: Latios|Draco Meteor|p2a: Clefable
|-immune|p2a: Clefable|[msg]
|
|turn|11
|
|switch|p1a: Landorus|Landorus, M|281\/319
|move|p2a: Clefable|Moonblast|p1a: Landorus
|-damage|p1a: Landorus|143\/319
|
|turn|12
|
|move|p1a: Landorus|Sludge Wave|p2a: Clefable
|-supereffective|p2a: Clefable
|-damage|p2a: Clefable|40\/394
|move|p2a: Clefable|Moonblast|p1a: Landorus
|-damage|p1a: Landorus|2\/319
|
|-heal|p2a: Clefable|64\/394|[from] item: Leftovers
|turn|13
|
|move|p1a: Landorus|Earth Power|p2a: Clefable
|-damage|p2a: Clefable|0 fnt
|faint|p2a: Clefable
|
|-message|abcdefghitony forfeited.
|leave|abcdefghitony
|
|win|caramelfalcao
|raw|Ladder updating...
|
|switch|p2a: Raikou|Raikou|257\/321
|player|p1
|raw|abcdefghitony's rating: 1543 &rarr; <strong>1520<\/strong><br \/>(-23 for losing)
|raw|caramelfalcao's rating: 1477 &rarr; <strong>1501<\/strong><br \/>(+24 for winning)