|join|Reverb
|join|abcdefghitony
|player|p1|Reverb|#reverb
|player|p2|abcdefghitony|170
|gametype|singles
|gen|6
|tier|OU
|rated
|clearpoke
|poke|p1|Empoleon, M
|poke|p1|Tyranitar, M
|poke|p1|Charizard, M
|poke|p1|Keldeo
|poke|p1|Kyurem-Black
|poke|p1|Landorus-Therian, M
|poke|p2|Landorus, M
|poke|p2|Heatran, M
|poke|p2|Lopunny, M
|poke|p2|Slowbro, M
|poke|p2|Thundurus, M
|poke|p2|Latios, M
|rule|Swagger Clause: Swagger is banned
|rule|Baton Pass Clause: Limit one PokÃ©mon knowing Baton Pass
|rule|Sleep Clause Mod: Limit one foe put to sleep
|rule|Species Clause: Limit one of each PokÃ©mon
|rule|OHKO Clause: OHKO moves are banned
|rule|Moody Clause: Moody is banned
|rule|Evasion Moves Clause: Evasion moves are banned
|rule|Endless Battle Clause: Forcing endless battles is banned
|rule|HP Percentage Mod: HP is shown in percentages
|teampreview
|c|âabcdefghitony|hello gl
|
|start
|switch|p1a: Landorus-Therian|Landorus-Therian, M|327\/327
|switch|p2a: Lopunny|Lopunny, M|271\/271
|-ability|p1a: Landorus-Therian|Intimidate|[of] p2a: Lopunny
|-unboost|p2a: Lopunny|atk|1
|turn|1
|
|detailschange|p2a: Lopunny|Lopunny-Mega, M
|-mega|p2a: Lopunny|Lopunny|Lopunnite
|move|p2a: Lopunny|Fake Out|p1a: Landorus-Therian
|-damage|p1a: Landorus-Therian|272\/327
|cant|p1a: Landorus-Therian|flinch
|
|turn|2
|
|switch|p2a: Slowbro|Slowbro, M|385\/385
|move|p1a: Landorus-Therian|U-turn|p2a: Slowbro
|-supereffective|p2a: Slowbro
|-damage|p2a: Slowbro|263\/385
|
|switch|p1a: Empoleon|Empoleon, M|371\/371
|
|-heal|p2a: Slowbro|287\/385|[from] item: Leftovers
|turn|3
|
|switch|p2a: Thundurus|Thundurus, M|299\/299
|move|p1a: Empoleon|Stealth Rock|p2a: Thundurus
|-sidestart|p2: abcdefghitony|move: Stealth Rock
|
|turn|4
|
|switch|p1a: Kyurem-Black|Kyurem-Black|391\/391
|-ability|p1a: Kyurem-Black|Teravolt
|move|p2a: Thundurus|Knock Off|p1a: Kyurem-Black
|-damage|p1a: Kyurem-Black|277\/391
|-enditem|p1a: Kyurem-Black|Choice Scarf|[from] move: Knock Off|[of] p2a: Thundurus
|-damage|p2a: Thundurus|270\/299|[from] item: Life Orb
|
|turn|5
|
|switch|p1a: Landorus-Therian|Landorus-Therian, M|272\/327
|-ability|p1a: Landorus-Therian|Intimidate|[of] p2a: Thundurus
|-unboost|p2a: Thundurus|atk|1
|-boost|p2a: Thundurus|atk|2|[from] ability: Defiant
|move|p2a: Thundurus|Superpower|p1a: Landorus-Therian
|-resisted|p1a: Landorus-Therian
|-damage|p1a: Landorus-Therian|158\/327
|-unboost|p2a: Thundurus|atk|1
|-unboost|p2a: Thundurus|def|1
|-damage|p2a: Thundurus|241\/299|[from] item: Life Orb
|
|turn|6
|
|switch|p2a: Slowbro|Slowbro, M|385\/385
|-damage|p2a: Slowbro|337\/385|[from] Stealth Rock
|move|p1a: Landorus-Therian|U-turn|p2a: Slowbro
|-supereffective|p2a: Slowbro
|-damage|p2a: Slowbro|211\/385
|
|switch|p1a: Charizard|Charizard, M|297\/297
|
|-heal|p2a: Slowbro|235\/385|[from] item: Leftovers
|turn|7
|
|switch|p2a: Heatran|Heatran, M|386\/386
|-damage|p2a: Heatran|338\/386|[from] Stealth Rock
|detailschange|p1a: Charizard|Charizard-Mega-Y, M
|-mega|p1a: Charizard|Charizard|Charizardite Y
|-weather|SunnyDay
|move|p1a: Charizard|Solar Beam|p2a: Heatran|[still]
|-prepare|p1a: Charizard|Solar Beam|p2a: Heatran
|-anim|p1a: Charizard|Solar Beam|p2a: Heatran
|-resisted|p2a: Heatran
|-damage|p2a: Heatran|308\/386
|
|-weather|SunnyDay|[upkeep]
|-heal|p2a: Heatran|332\/386|[from] item: Leftovers
|turn|8
|
|move|p1a: Charizard|Earthquake|p2a: Heatran
|-supereffective|p2a: Heatran
|-damage|p2a: Heatran|24\/386
|move|p2a: Heatran|Will-O-Wisp|p1a: Charizard
|-fail|p1a: Charizard
|
|-weather|SunnyDay|[upkeep]
|-heal|p2a: Heatran|48\/386|[from] item: Leftovers
|turn|9
|
|move|p1a: Charizard|Earthquake|p2a: Heatran
|-supereffective|p2a: Heatran
|-damage|p2a: Heatran|0 fnt
|faint|p2a: Heatran
|
|-weather|SunnyDay|[upkeep]
|
|switch|p2a: Lopunny|Lopunny-Mega, M|271\/271
|-damage|p2a: Lopunny|255\/271|[from] Stealth Rock
|turn|10
|
|switch|p1a: Empoleon|Empoleon, M|371\/371
|move|p2a: Lopunny|Fake Out|p1a: Empoleon
|-resisted|p1a: Empoleon
|-damage|p1a: Empoleon|339\/371
|
|-weather|SunnyDay|[upkeep]
|-heal|p1a: Empoleon|362\/371|[from] item: Leftovers
|turn|11
|
|switch|p1a: Landorus-Therian|Landorus-Therian, M|158\/327
|-ability|p1a: Landorus-Therian|Intimidate|[of] p2a: Lopunny
|-unboost|p2a: Lopunny|atk|1
|move|p2a: Lopunny|High Jump Kick|p1a: Landorus-Therian
|-crit|p1a: Landorus-Therian
|-resisted|p1a: Landorus-Therian
|-damage|p1a: Landorus-Therian|0 fnt
|faint|p1a: Landorus-Therian
|
|-weather|none
|
|switch|p1a: Charizard|Charizard-Mega-Y, M|297\/297
|-weather|SunnyDay
|turn|12
|
|switch|p2a: Latios|Latios, M|301\/301
|-damage|p2a: Latios|264\/301|[from] Stealth Rock
|move|p1a: Charizard|Flamethrower|p2a: Latios
|-resisted|p2a: Latios
|-damage|p2a: Latios|127\/301
|
|-weather|SunnyDay|[upkeep]
|turn|13
|join|lil manaphy
|
|switch|p2a: Lopunny|Lopunny-Mega, M|255\/271
|-damage|p2a: Lopunny|239\/271|[from] Stealth Rock
|move|p1a: Charizard|Flamethrower|p2a: Lopunny
|-damage|p2a: Lopunny|0 fnt
|faint|p2a: Lopunny
|
|-weather|SunnyDay|[upkeep]
|
|switch|p2a: Thundurus|Thundurus, M|241\/299
|-damage|p2a: Thundurus|167\/299|[from] Stealth Rock
|turn|14
|
|switch|p1a: Tyranitar|Tyranitar, M|383\/383
|-weather|Sandstorm
|move|p2a: Thundurus|Thunderbolt|p1a: Tyranitar
|-damage|p1a: Tyranitar|253\/383
|-damage|p2a: Thundurus|138\/299|[from] item: Life Orb
|
|-weather|Sandstorm|[upkeep]
|-damage|p2a: Thundurus|120\/299|[from] sandstorm
|turn|15
|
|switch|p2a: Landorus|Landorus, M|319\/319
|-damage|p2a: Landorus|280\/319|[from] Stealth Rock
|switch|p1a: Empoleon|Empoleon, M|362\/371
|
|-weather|Sandstorm|[upkeep]
|-heal|p1a: Empoleon|371\/371|[from] item: Leftovers
|turn|16
|
|move|p2a: Landorus|Earth Power|p1a: Empoleon
|-supereffective|p1a: Empoleon
|-damage|p1a: Empoleon|0 fnt
|faint|p1a: Empoleon
|
|-weather|Sandstorm|[upkeep]
|
|switch|p1a: Charizard|Charizard-Mega-Y, M|297\/297
|-weather|SunnyDay
|turn|17
|
|switch|p2a: Latios|Latios, M|127\/301
|-damage|p2a: Latios|90\/301|[from] Stealth Rock
|move|p1a: Charizard|Flamethrower|p2a: Latios
|-resisted|p2a: Latios
|-damage|p2a: Latios|0 fnt
|faint|p2a: Latios
|
|-weather|SunnyDay|[upkeep]
|
|switch|p2a: Thundurus|Thundurus, M|120\/299
|-damage|p2a: Thundurus|46\/299|[from] Stealth Rock
|turn|18
|
|switch|p1a: Tyranitar|Tyranitar, M|253\/383
|-weather|Sandstorm
|move|p2a: Thundurus|Thunderbolt|p1a: Tyranitar
|-damage|p1a: Tyranitar|127\/383
|-damage|p2a: Thundurus|17\/299|[from] item: Life Orb
|
|-weather|Sandstorm|[upkeep]
|-damage|p2a: Thundurus|0 fnt|[from] sandstorm
|faint|p2a: Thundurus
|join|Mistaken
|
|switch|p2a: Landorus|Landorus, M|280\/319
|-damage|p2a: Landorus|241\/319|[from] Stealth Rock
|turn|19
|
|move|p2a: Landorus|Rock Polish|p2a: Landorus
|-boost|p2a: Landorus|spe|2
|move|p1a: Tyranitar|Crunch|p2a: Landorus
|-damage|p2a: Landorus|0 fnt
|faint|p2a: Landorus
|
|-weather|Sandstorm|[upkeep]
|join|LAYLEE
|-message|abcdefghitony forfeited.
|
|win|Reverb
|raw|Ladder updating...