|join|SciresM
|join|abcdefghitony
|player|p1|SciresM|170
|player|p2|abcdefghitony|1
|gametype|singles
|gen|6
|tier|OU
|rated
|clearpoke
|poke|p1|Azelf
|poke|p1|Scolipede, M
|poke|p1|Espeon, M
|poke|p1|Whimsicott, F
|poke|p1|Charizard, F
|poke|p1|Talonflame, M
|poke|p2|Altaria, M
|poke|p2|Raikou
|poke|p2|Starmie
|poke|p2|Ferrothorn, F
|poke|p2|Landorus-Therian, M
|poke|p2|Gyarados, F
|rule|Swagger Clause: Swagger is banned
|rule|Baton Pass Clause: Limit one PokÃ©mon knowing Baton Pass
|rule|Sleep Clause Mod: Limit one foe put to sleep
|rule|Species Clause: Limit one of each PokÃ©mon
|rule|OHKO Clause: OHKO moves are banned
|rule|Moody Clause: Moody is banned
|rule|Evasion Moves Clause: Evasion moves are banned
|rule|Endless Battle Clause: Forcing endless battles is banned
|rule|HP Percentage Mod: HP is shown in percentages
|teampreview
|c|âabcdefghitony|hello gl
|
|start
|switch|p1a: Azelf|Azelf|292\/292
|switch|p2a: Altaria|Altaria, M|311\/311
|turn|1
|c|âSciresM|gl hf
|
|detailschange|p2a: Altaria|Altaria-Mega, M
|-mega|p2a: Altaria|Altaria|Altarianite
|move|p1a: Azelf|Stealth Rock|p2a: Altaria
|-sidestart|p2: abcdefghitony|move: Stealth Rock
|move|p2a: Altaria|Hyper Voice|p1a: Azelf
|-damage|p1a: Azelf|24\/292
|
|turn|2
|
|switch|p2a: Ferrothorn|Ferrothorn, F|352\/352
|-damage|p2a: Ferrothorn|330\/352|[from] Stealth Rock
|move|p1a: Azelf|Explosion|p2a: Ferrothorn
|-resisted|p2a: Ferrothorn
|-damage|p2a: Ferrothorn|229\/352
|faint|p1a: Azelf
|
|-heal|p2a: Ferrothorn|251\/352|[from] item: Leftovers
|
|switch|p1a: Talonflame|Talonflame, M|359\/359
|turn|3
|
|switch|p2a: Landorus-Therian|Landorus-Therian, M|382\/382
|-damage|p2a: Landorus-Therian|335\/382|[from] Stealth Rock
|-ability|p2a: Landorus-Therian|Intimidate|[of] p1a: Talonflame
|-unboost|p1a: Talonflame|atk|1
|move|p1a: Talonflame|Taunt|p2a: Landorus-Therian
|-start|p2a: Landorus-Therian|move: Taunt
|
|-heal|p2a: Landorus-Therian|358\/382|[from] item: Leftovers
|turn|4
|
|move|p1a: Talonflame|Bulk Up|p1a: Talonflame
|-boost|p1a: Talonflame|atk|1
|-boost|p1a: Talonflame|def|1
|move|p2a: Landorus-Therian|U-turn|p1a: Talonflame
|-resisted|p1a: Talonflame
|-damage|p1a: Talonflame|344\/359
|
|switch|p2a: Raikou|Raikou|329\/329
|-damage|p2a: Raikou|288\/329|[from] Stealth Rock
|-ability|p2a: Raikou|Pressure
|
|-heal|p1a: Talonflame|359\/359|[from] item: Leftovers
|turn|5
|
|move|p1a: Talonflame|Brave Bird|p2a: Raikou
|-resisted|p2a: Raikou
|-damage|p2a: Raikou|215\/329
|-damage|p1a: Talonflame|335\/359|[from] recoil|[of] p2a: Raikou
|move|p2a: Raikou|Thunderbolt|p1a: Talonflame
|-supereffective|p1a: Talonflame
|-damage|p1a: Talonflame|51\/359
|
|-heal|p1a: Talonflame|73\/359|[from] item: Leftovers
|turn|6
|
|move|p1a: Talonflame|Roost|p1a: Talonflame
|-heal|p1a: Talonflame|253\/359
|move|p2a: Raikou|Thunderbolt|p1a: Talonflame
|-damage|p1a: Talonflame|121\/359
|
|-heal|p1a: Talonflame|143\/359|[from] item: Leftovers
|turn|7
|
|move|p1a: Talonflame|Roost|p1a: Talonflame
|-heal|p1a: Talonflame|323\/359
|move|p2a: Raikou|Volt Switch|p1a: Talonflame
|-damage|p1a: Talonflame|217\/359
|
|switch|p2a: Landorus-Therian|Landorus-Therian, M|358\/382
|-damage|p2a: Landorus-Therian|311\/382|[from] Stealth Rock
|-ability|p2a: Landorus-Therian|Intimidate|[of] p1a: Talonflame
|-unboost|p1a: Talonflame|atk|1
|
|-heal|p1a: Talonflame|239\/359|[from] item: Leftovers
|-heal|p2a: Landorus-Therian|334\/382|[from] item: Leftovers
|turn|8
|
|move|p1a: Talonflame|Bulk Up|p1a: Talonflame
|-boost|p1a: Talonflame|atk|1
|-boost|p1a: Talonflame|def|1
|move|p2a: Landorus-Therian|Stone Edge|p1a: Talonflame|[miss]
|-miss|p2a: Landorus-Therian|p1a: Talonflame
|
|-heal|p1a: Talonflame|261\/359|[from] item: Leftovers
|-heal|p2a: Landorus-Therian|357\/382|[from] item: Leftovers
|turn|9
|
|move|p1a: Talonflame|Bulk Up|p1a: Talonflame
|-boost|p1a: Talonflame|atk|1
|-boost|p1a: Talonflame|def|1
|move|p2a: Landorus-Therian|Stone Edge|p1a: Talonflame
|-supereffective|p1a: Talonflame
|-damage|p1a: Talonflame|41\/359
|
|-heal|p1a: Talonflame|63\/359|[from] item: Leftovers
|-heal|p2a: Landorus-Therian|380\/382|[from] item: Leftovers
|turn|10
|
|move|p1a: Talonflame|Brave Bird|p2a: Landorus-Therian
|-damage|p2a: Landorus-Therian|236\/382
|-damage|p1a: Talonflame|15\/359|[from] recoil|[of] p2a: Landorus-Therian
|move|p2a: Landorus-Therian|Earthquake|p1a: Talonflame
|-immune|p1a: Talonflame|[msg]
|
|-heal|p1a: Talonflame|37\/359|[from] item: Leftovers
|-heal|p2a: Landorus-Therian|259\/382|[from] item: Leftovers
|turn|11
|
|move|p1a: Talonflame|Brave Bird|p2a: Landorus-Therian
|-damage|p2a: Landorus-Therian|112\/382
|-damage|p1a: Talonflame|0 fnt|[from] recoil|[of] p2a: Landorus-Therian
|faint|p1a: Talonflame
|move|p2a: Landorus-Therian|Earthquake|p1: Talonflame|[notarget]
|-notarget
|
|-heal|p2a: Landorus-Therian|135\/382|[from] item: Leftovers
|
|switch|p1a: Charizard|Charizard, F|297\/297
|turn|12
|
|switch|p2a: Altaria|Altaria-Mega, M|311\/311
|-damage|p2a: Altaria|273\/311|[from] Stealth Rock
|detailschange|p1a: Charizard|Charizard-Mega-X, F
|-mega|p1a: Charizard|Charizard|Charizardite X
|move|p1a: Charizard|Dragon Claw|p2a: Altaria
|-immune|p2a: Altaria|[msg]
|
|turn|13
|
|move|p1a: Charizard|Dragon Dance|p1a: Charizard
|-boost|p1a: Charizard|atk|1
|-boost|p1a: Charizard|spe|1
|move|p2a: Altaria|Hyper Voice|p1a: Charizard
|-damage|p1a: Charizard|51\/297
|
|turn|14
|
|move|p1a: Charizard|Earthquake|p2a: Altaria
|-damage|p2a: Altaria|78\/311
|move|p2a: Altaria|Hyper Voice|p1a: Charizard
|-damage|p1a: Charizard|0 fnt
|faint|p1a: Charizard
|
|
|switch|p1a: Whimsicott|Whimsicott, F|323\/323
|turn|15
|
|move|p1a: Whimsicott|Memento|p2a: Altaria
|-unboost|p2a: Altaria|atk|2
|-unboost|p2a: Altaria|spa|2
|faint|p1a: Whimsicott
|move|p2a: Altaria|Fire Blast|p1: Whimsicott|[notarget]
|-notarget
|
|
|switch|p1a: Scolipede|Scolipede, M|323\/323
|turn|16
|c|âabcdefghitony|so you play normal then u bp?
|c|âabcdefghitony|sadlyfe
|c|âSciresM|nah
|c|âSciresM|it's effective
|
|switch|p2a: Gyarados|Gyarados, F|353\/353
|-damage|p2a: Gyarados|265\/353|[from] Stealth Rock
|-ability|p2a: Gyarados|Intimidate|[of] p1a: Scolipede
|-unboost|p1a: Scolipede|atk|1
|move|p1a: Scolipede|Iron Defense|p1a: Scolipede
|-boost|p1a: Scolipede|def|2
|
|-heal|p2a: Gyarados|287\/353|[from] item: Leftovers
|-boost|p1a: Scolipede|spe|1|[from] ability: Speed Boost
|turn|17
|
|move|p1a: Scolipede|Substitute|p1a: Scolipede
|-start|p1a: Scolipede|Substitute
|-damage|p1a: Scolipede|243\/323
|move|p2a: Gyarados|Substitute|p2a: Gyarados
|-start|p2a: Gyarados|Substitute
|-damage|p2a: Gyarados|199\/353
|
|-heal|p2a: Gyarados|221\/353|[from] item: Leftovers
|-boost|p1a: Scolipede|spe|1|[from] ability: Speed Boost
|turn|18
|
|move|p1a: Scolipede|Baton Pass|p1a: Scolipede
|
|switch|p1a: Espeon|Espeon, M|334\/334
|move|p2a: Gyarados|Dragon Dance|p2a: Gyarados
|-boost|p2a: Gyarados|atk|1
|-boost|p2a: Gyarados|spe|1
|
|-heal|p2a: Gyarados|243\/353|[from] item: Leftovers
|turn|19
|
|move|p1a: Espeon|Dazzling Gleam|p2a: Gyarados
|-activate|p2a: Gyarados|Substitute|[damage]
|move|p2a: Gyarados|Waterfall|p1a: Espeon
|-end|p1a: Espeon|Substitute
|
|-heal|p2a: Gyarados|265\/353|[from] item: Leftovers
|turn|20
|c|âSciresM|oh, not mega
|c|âSciresM|I'm an idiot, k
|
|move|p1a: Espeon|Stored Power|p2a: Gyarados
|-end|p2a: Gyarados|Substitute
|move|p2a: Gyarados|Dragon Dance|p2a: Gyarados
|-boost|p2a: Gyarados|atk|1
|-boost|p2a: Gyarados|spe|1
|
|-heal|p2a: Gyarados|287\/353|[from] item: Leftovers
|turn|21
|
|move|p1a: Espeon|Stored Power|p2a: Gyarados
|-crit|p2a: Gyarados
|-damage|p2a: Gyarados|67\/353
|move|p2a: Gyarados|Waterfall|p1a: Espeon
|-damage|p1a: Espeon|198\/334
|
|-heal|p1a: Espeon|218\/334|[from] item: Leftovers
|-heal|p2a: Gyarados|89\/353|[from] item: Leftovers
|turn|22
|c|âabcdefghitony|k den
|
|move|p1a: Espeon|Stored Power|p2a: Gyarados
|-damage|p2a: Gyarados|0 fnt
|faint|p2a: Gyarados
|
|-heal|p1a: Espeon|238\/334|[from] item: Leftovers
|c|âSciresM|gotta have dat def
|
|switch|p2a: Altaria|Altaria-Mega, M|78\/311
|-damage|p2a: Altaria|40\/311|[from] Stealth Rock
|turn|23
|c|âabcdefghitony|i meant the crit
|
|move|p1a: Espeon|Stored Power|p2a: Altaria
|-damage|p2a: Altaria|0 fnt
|faint|p2a: Altaria
|
|-heal|p1a: Espeon|258\/334|[from] item: Leftovers
|c|âSciresM|oh, right, that
|
|switch|p2a: Starmie|Starmie|261\/261
|-damage|p2a: Starmie|229\/261|[from] Stealth Rock
|turn|24
|c|âSciresM|the game tends to want me to win
|c|âSciresM|sorry.
|
|move|p1a: Espeon|Calm Mind|p1a: Espeon
|-boost|p1a: Espeon|spa|1
|-boost|p1a: Espeon|spd|1
|move|p2a: Starmie|Hydro Pump|p1a: Espeon|[miss]
|-miss|p2a: Starmie|p1a: Espeon
|
|-heal|p1a: Espeon|278\/334|[from] item: Leftovers
|turn|25
|c|âSciresM|^
|c|âSciresM|again
|c|âSciresM|the game likes when I win, usually
|-message|abcdefghitony forfeited.
|
|win|SciresM
|raw|Ladder updating...
|raw|SciresM's rating: 1563 &rarr; <strong>1584<\/strong><br \/>(+21 for winning)
|raw|abcdefghitony's rating: 1580 &rarr; <strong>1559<\/strong><br \/>(-21 for losing)
|c|âabcdefghitony|u have much skill
|c|âabcdefghitony|i couldn't handle it
|c|âSciresM|tyvm
|leave|abcdefghitony
|player|p2