|join|BashinTosh
|join|qq biblethump
|player|p1|BashinTosh|169
|player|p2|qq biblethump|288
|gametype|singles
|gen|6
|tier|UU
|rated
|rule|Sleep Clause Mod: Limit one foe put to sleep
|rule|Species Clause: Limit one of each PokÃ©mon
|rule|OHKO Clause: OHKO moves are banned
|rule|Moody Clause: Moody is banned
|rule|Evasion Moves Clause: Evasion moves are banned
|rule|Endless Battle Clause: Forcing endless battles is banned
|rule|HP Percentage Mod: HP is shown in percentages
|clearpoke
|poke|p1|Mienshao, M
|poke|p1|Lucario, F
|poke|p1|Chandelure, M
|poke|p1|Swampert, F
|poke|p1|Suicune
|poke|p1|Raikou, shiny
|poke|p2|Medicham, M
|poke|p2|Jirachi
|poke|p2|Nidoqueen, F
|poke|p2|Crobat, F
|poke|p2|Alomomola, F
|poke|p2|Raikou, shiny
|rule|Swagger Clause: Swagger is banned
|rule|Baton Pass Clause: Limit one PokÃ©mon knowing Baton Pass
|teampreview
|
|start
|switch|p1a: Swampert|Swampert, F|342\/342
|switch|p2a: Nidoqueen|Nidoqueen, F|384\/384
|turn|1
|
|detailschange|p1a: Swampert|Swampert-Mega, F
|-mega|p1a: Swampert|Swampert|Swampertite
|move|p1a: Swampert|Rain Dance|p1a: Swampert
|-weather|RainDance
|move|p2a: Nidoqueen|Earth Power|p1a: Swampert
|-damage|p1a: Swampert|207\/342
|
|-weather|RainDance|[upkeep]
|turn|2
|
|switch|p2a: Alomomola|Alomomola, F|497\/497
|move|p1a: Swampert|Waterfall|p2a: Alomomola
|-resisted|p2a: Alomomola
|-damage|p2a: Alomomola|391\/497
|
|-weather|RainDance|[upkeep]
|-heal|p2a: Alomomola|422\/497|[from] item: Leftovers
|turn|3
|
|switch|p1a: Lucario|Lucario, F|281\/281
|move|p2a: Alomomola|Scald|p1a: Lucario
|-damage|p1a: Lucario|196\/281
|
|-weather|RainDance|[upkeep]
|-heal|p2a: Alomomola|453\/497|[from] item: Leftovers
|turn|4
|
|move|p1a: Lucario|Swords Dance|p1a: Lucario
|-boost|p1a: Lucario|atk|2
|move|p2a: Alomomola|Scald|p1a: Lucario
|-damage|p1a: Lucario|108\/281
|
|-weather|RainDance|[upkeep]
|-heal|p2a: Alomomola|484\/497|[from] item: Leftovers
|turn|5
|
|move|p1a: Lucario|Close Combat|p2a: Alomomola
|-damage|p2a: Alomomola|81\/497
|-unboost|p1a: Lucario|def|1
|-unboost|p1a: Lucario|spd|1
|-damage|p1a: Lucario|80\/281|[from] item: Life Orb
|move|p2a: Alomomola|Scald|p1a: Lucario
|-damage|p1a: Lucario|0 fnt
|faint|p1a: Lucario
|
|-weather|none
|-heal|p2a: Alomomola|112\/497|[from] item: Leftovers
|
|switch|p1a: Swampert|Swampert-Mega, F|207\/342
|turn|6
|
|move|p2a: Alomomola|Protect|p2a: Alomomola
|-singleturn|p2a: Alomomola|Protect
|move|p1a: Swampert|Earthquake|p2a: Alomomola
|-activate|p2a: Alomomola|Protect
|
|-heal|p2a: Alomomola|143\/497|[from] item: Leftovers
|turn|7
|
|switch|p1a: Raikou|Raikou, shiny|321\/321
|-ability|p1a: Raikou|Pressure
|switch|p2a: Crobat|Crobat, F|373\/373
|
|turn|8
|join|hxhxhxhxhxhxhx
|
|move|p2a: Crobat|U-turn|p1a: Raikou
|-damage|p1a: Raikou|255\/321
|
|switch|p2a: Nidoqueen|Nidoqueen, F|384\/384
|move|p1a: Raikou|Extrasensory|p2a: Nidoqueen
|-supereffective|p2a: Nidoqueen
|-damage|p2a: Nidoqueen|76\/384
|
|-heal|p2a: Nidoqueen|100\/384|[from] item: Black Sludge
|turn|9
|
|move|p1a: Raikou|Extrasensory|p2a: Nidoqueen
|-supereffective|p2a: Nidoqueen
|-damage|p2a: Nidoqueen|0 fnt
|faint|p2a: Nidoqueen
|
|
|switch|p2a: Jirachi|Jirachi|404\/404
|turn|10
|
|switch|p1a: Swampert|Swampert-Mega, F|207\/342
|move|p2a: Jirachi|Toxic|p1a: Swampert|[miss]
|-miss|p2a: Jirachi|p1a: Swampert
|
|turn|11
|
|switch|p2a: Alomomola|Alomomola, F|308\/497
|move|p1a: Swampert|Earthquake|p2a: Alomomola
|-damage|p2a: Alomomola|116\/497
|
|-heal|p2a: Alomomola|147\/497|[from] item: Leftovers
|turn|12
|
|move|p2a: Alomomola|Protect|p2a: Alomomola
|-singleturn|p2a: Alomomola|Protect
|move|p1a: Swampert|Earthquake|p2a: Alomomola
|-activate|p2a: Alomomola|Protect
|
|-heal|p2a: Alomomola|178\/497|[from] item: Leftovers
|turn|13
|
|move|p1a: Swampert|Earthquake|p2a: Alomomola
|-damage|p2a: Alomomola|0 fnt
|faint|p2a: Alomomola
|
|
|switch|p2a: Medicham|Medicham, M|261\/261
|turn|14
|
|switch|p1a: Chandelure|Chandelure, M|301\/301
|detailschange|p2a: Medicham|Medicham-Mega, M
|-mega|p2a: Medicham|Medicham|Medichamite
|move|p2a: Medicham|Psycho Cut|p1a: Chandelure
|-damage|p1a: Chandelure|76\/301
|
|-heal|p1a: Chandelure|94\/301|[from] item: Leftovers
|turn|15
|
|move|p2a: Medicham|Psycho Cut|p1a: Chandelure
|-crit|p1a: Chandelure
|-damage|p1a: Chandelure|0 fnt
|faint|p1a: Chandelure
|
|
|switch|p1a: Mienshao|Mienshao, M|271\/271
|turn|16
|
|switch|p2a: Crobat|Crobat, F|373\/373
|move|p1a: Mienshao|U-turn|p2a: Crobat
|-resisted|p2a: Crobat
|-damage|p2a: Crobat|350\/373
|
|switch|p1a: Raikou|Raikou, shiny|255\/321
|-ability|p1a: Raikou|Pressure
|
|turn|17
|
|move|p2a: Crobat|U-turn|p1a: Raikou
|-damage|p1a: Raikou|188\/321
|
|switch|p2a: Raikou|Raikou, shiny|321\/321
|-ability|p2a: Raikou|Pressure
|move|p1a: Raikou|Volt Switch|p2a: Raikou
|-resisted|p2a: Raikou
|-damage|p2a: Raikou|232\/321
|
|switch|p1a: Swampert|Swampert-Mega, F|207\/342
|
|-heal|p2a: Raikou|252\/321|[from] item: Leftovers
|turn|18
|
|move|p2a: Raikou|Hidden Power|p1a: Swampert
|-supereffective|p1a: Swampert
|-damage|p1a: Swampert|0 fnt
|faint|p1a: Swampert
|
|-heal|p2a: Raikou|272\/321|[from] item: Leftovers
|
|switch|p1a: Mienshao|Mienshao, M|271\/271
|turn|19
|
|switch|p2a: Crobat|Crobat, F|350\/373
|move|p1a: Mienshao|High Jump Kick|p2a: Crobat
|-resisted|p2a: Crobat
|-damage|p2a: Crobat|280\/373
|
|turn|20
|
|switch|p1a: Suicune|Suicune|404\/404
|-ability|p1a: Suicune|Pressure
|move|p2a: Crobat|U-turn|p1a: Suicune
|-damage|p1a: Suicune|370\/404
|
|switch|p2a: Raikou|Raikou, shiny|272\/321
|-ability|p2a: Raikou|Pressure
|
|-heal|p2a: Raikou|292\/321|[from] item: Leftovers
|-heal|p1a: Suicune|395\/404|[from] item: Leftovers
|turn|21
|
|move|p2a: Raikou|Thunderbolt|p1a: Suicune
|-supereffective|p1a: Suicune
|-damage|p1a: Suicune|129\/404
|move|p1a: Suicune|Scald|p2a: Raikou
|-crit|p2a: Raikou
|-damage|p2a: Raikou|151\/321
|-status|p2a: Raikou|brn
|
|-heal|p2a: Raikou|171\/321 brn|[from] item: Leftovers
|-heal|p1a: Suicune|154\/404|[from] item: Leftovers
|-damage|p2a: Raikou|131\/321 brn|[from] brn
|turn|22
|
|move|p2a: Raikou|Volt Switch|p1a: Suicune
|-supereffective|p1a: Suicune
|-damage|p1a: Suicune|0 fnt
|faint|p1a: Suicune
|
|switch|p2a: Crobat|Crobat, F|280\/373
|
|
|switch|p1a: Mienshao|Mienshao, M|271\/271
|turn|23
|
|move|p1a: Mienshao|Stone Edge|p2a: Crobat
|-supereffective|p2a: Crobat
|-damage|p2a: Crobat|0 fnt
|faint|p2a: Crobat
|
|
|switch|p2a: Medicham|Medicham-Mega, M|261\/261
|turn|24
|
|move|p1a: Mienshao|Stone Edge|p2a: Medicham|[miss]
|-miss|p1a: Mienshao|p2a: Medicham
|move|p2a: Medicham|Drain Punch|p1a: Mienshao
|-damage|p1a: Mienshao|0 fnt
|faint|p1a: Mienshao
|
|-message|BashinTosh forfeited.
|leave|BashinTosh
|
|win|qq biblethump
|raw|Ladder updating...
|player|p1
|raw|BashinTosh's rating: 1420 &rarr; <strong>1395<\/strong><br \/>(-25 for losing)
|raw|qq biblethump's rating: 1336 &rarr; <strong>1361<\/strong><br \/>(+25 for winning)
|leave|hxhxhxhxhxhxhx
|join|hxhxhxhxhxhxhx
|leave|hxhxhxhxhxhxhx
|join|ahyueah
|leave|qq biblethump
|join|6 agility
|player|p2
|leave|ahyueah