|join|Blocparty
|join|Mewtwo927
|player|p1|Blocparty|265
|player|p2|Mewtwo927|27
|gametype|doubles
|gen|6
|tier|Battle Spot Doubles (VGC 2015)
|rated
|clearpoke
|poke|p1|Charizard, L50, M, shiny
|poke|p1|Garchomp, L50, M, shiny
|poke|p1|Whimsicott, L50, F, shiny
|poke|p1|Breloom, L50, F
|poke|p1|Tyranitar, L50, M
|poke|p1|Bisharp, L50, F, shiny
|poke|p2|Heatran, L50, F
|poke|p2|Cresselia, L50, F
|poke|p2|Kangaskhan, L50, F
|poke|p2|Landorus-Therian, L50, M
|poke|p2|Breloom, L50, F
|poke|p2|Aegislash, L50, F
|rule|Species Clause: Limit one of each PokÃ©mon
|rule|Item Clause: Limit one of each item
|teampreview|4
|
|start
|switch|p1a: Whimsicott|Whimsicott, L50, F, shiny|167\/167
|switch|p1b: Charizard|Charizard, L50, M, shiny|153\/153
|switch|p2a: Kangaskhan|Kangaskhan, L50, F|212\/212
|switch|p2b: Aegislash|Aegislash, L50, F|167\/167
|turn|1
|
|detailschange|p2a: Kangaskhan|Kangaskhan-Mega, L50, F
|-mega|p2a: Kangaskhan|Kangaskhan|Kangaskhanite
|move|p2a: Kangaskhan|Fake Out|p1b: Charizard
|-damage|p1b: Charizard|104\/153
|-damage|p1b: Charizard|79\/153
|-hitcount|p1b: Charizard|2
|move|p1a: Whimsicott|Taunt|p2b: Aegislash
|-start|p2b: Aegislash|move: Taunt
|cant|p1b: Charizard|flinch
|-formechange|p2b: Aegislash|Aegislash-Blade
|move|p2b: Aegislash|Flash Cannon|p1a: Whimsicott
|-supereffective|p1a: Whimsicott
|-enditem|p1a: Whimsicott|Focus Sash
|-damage|p1a: Whimsicott|1\/167
|
|turn|2
|
|switch|p2b: Heatran|Heatran, L50, F|198\/198
|move|p1b: Charizard|Protect|p1b: Charizard
|-singleturn|p1b: Charizard|Protect
|move|p1a: Whimsicott|Tailwind|p1a: Whimsicott
|-sidestart|p1: Blocparty|move: Tailwind
|move|p2a: Kangaskhan|Sucker Punch|p1b: Charizard
|-fail|p1b: Charizard
|
|turn|3
|
|switch|p1b: Tyranitar|Tyranitar, L50, M|176\/176
|-weather|Sandstorm
|move|p1a: Whimsicott|Taunt|p2b: Heatran
|-start|p2b: Heatran|move: Taunt
|move|p2a: Kangaskhan|Sucker Punch|p1b: Tyranitar
|-fail|p1b: Tyranitar
|move|p2b: Heatran|Heat Wave|p1b: Tyranitar
|-supereffective|p1a: Whimsicott
|-damage|p1a: Whimsicott|0 fnt
|-resisted|p1b: Tyranitar
|-damage|p1b: Tyranitar|152\/176
|faint|p1a: Whimsicott
|
|-weather|Sandstorm|[upkeep]
|-damage|p2a: Kangaskhan|199\/212|[from] sandstorm
|
|switch|p1a: Garchomp|Garchomp, L50, M, shiny|184\/184
|turn|4
|
|switch|p2b: Cresselia|Cresselia, L50, F|227\/227
|detailschange|p1a: Garchomp|Garchomp-Mega, L50, M, shiny
|-mega|p1a: Garchomp|Garchomp|Garchompite
|move|p1b: Tyranitar|Protect|p1b: Tyranitar
|-singleturn|p1b: Tyranitar|Protect
|move|p1a: Garchomp|Earthquake|p2b: Cresselia
|-activate|p1b: Tyranitar|Protect
|-damage|p2a: Kangaskhan|91\/212
|-immune|p2b: Cresselia|[msg]
|move|p2a: Kangaskhan|Drain Punch|p1b: Tyranitar
|-activate|p1b: Tyranitar|Protect
|
|-weather|Sandstorm|[upkeep]
|-damage|p2a: Kangaskhan|78\/212|[from] sandstorm
|-damage|p2b: Cresselia|213\/227|[from] sandstorm
|turn|5
|
|switch|p1b: Charizard|Charizard, L50, M, shiny|79\/153
|switch|p2a: Aegislash|Aegislash, L50, F|167\/167
|move|p1a: Garchomp|Rock Slide|p2b: Cresselia
|-resisted|p2a: Aegislash
|-damage|p2a: Aegislash|148\/167
|-damage|p2b: Cresselia|169\/227
|move|p2b: Cresselia|Trick Room|p2b: Cresselia
|-fieldstart|move: Trick Room|[of] p2b: Cresselia
|
|-weather|Sandstorm|[upkeep]
|-damage|p2b: Cresselia|155\/227|[from] sandstorm
|-damage|p1b: Charizard|70\/153|[from] sandstorm
|-heal|p2a: Aegislash|158\/167|[from] item: Leftovers
|-sideend|p1: Blocparty|move: Tailwind
|turn|6
|
|move|p2a: Aegislash|Substitute|p2a: Aegislash
|-start|p2a: Aegislash|Substitute
|-damage|p2a: Aegislash|117\/167
|move|p2b: Cresselia|Ice Beam|p1a: Garchomp
|-supereffective|p1a: Garchomp
|-damage|p1a: Garchomp|28\/184
|move|p1b: Charizard|Heat Wave|p2b: Cresselia
|-supereffective|p2a: Aegislash
|-end|p2a: Aegislash|Substitute
|-damage|p2b: Cresselia|109\/227
|move|p1a: Garchomp|Earthquake|p2b: Cresselia
|-immune|p1b: Charizard|[msg]
|-supereffective|p2a: Aegislash
|-damage|p2a: Aegislash|0 fnt
|-immune|p2b: Cresselia|[msg]
|faint|p2a: Aegislash
|
|-weather|Sandstorm|[upkeep]
|-damage|p2b: Cresselia|95\/227|[from] sandstorm
|-damage|p1b: Charizard|61\/153|[from] sandstorm
|
|switch|p2a: Heatran|Heatran, L50, F|198\/198
|turn|7
|
|move|p1a: Garchomp|Protect|p1a: Garchomp
|-singleturn|p1a: Garchomp|Protect
|move|p2b: Cresselia|Skill Swap|p2a: Heatran
|-activate|p2b: Cresselia|move: Skill Swap|Flash Fire|Levitate|[of] p2a: Heatran
|move|p2a: Heatran|Heat Wave|p1a: Garchomp
|-activate|p1a: Garchomp|Protect
|-resisted|p1b: Charizard
|-damage|p1b: Charizard|19\/153
|move|p1b: Charizard|Overheat|p2b: Cresselia
|-start|p2b: Cresselia|ability: Flash Fire
|
|-weather|none
|turn|8
|c|âBlocparty|wow
|c|âBlocparty|gg
|c|âMewtwo927|:0
|c|âMewtwo927|:)
|c|âBlocparty|wp
|
|switch|p1a: Tyranitar|Tyranitar, L50, M|152\/176
|-weather|Sandstorm
|move|p2b: Cresselia|Ice Beam|p1a: Tyranitar
|-damage|p1a: Tyranitar|128\/176
|move|p2a: Heatran|Heat Wave|p1b: Charizard
|-resisted|p1a: Tyranitar
|-damage|p1a: Tyranitar|106\/176
|-resisted|p1b: Charizard
|-damage|p1b: Charizard|0 fnt
|faint|p1b: Charizard
|
|-weather|Sandstorm|[upkeep]
|-damage|p2b: Cresselia|81\/227|[from] sandstorm
|
|switch|p1b: Garchomp|Garchomp-Mega, L50, M, shiny|28\/184
|turn|9
|
|move|p1a: Tyranitar|Protect|p1a: Tyranitar
|-singleturn|p1a: Tyranitar|Protect
|move|p1b: Garchomp|Protect|p1b: Garchomp
|-singleturn|p1b: Garchomp|Protect
|move|p2b: Cresselia|Energy Ball|p1a: Tyranitar
|-activate|p1a: Tyranitar|Protect
|move|p2a: Heatran|Earth Power|p1a: Tyranitar
|-activate|p1a: Tyranitar|Protect
|
|-weather|Sandstorm|[upkeep]
|-damage|p2b: Cresselia|67\/227|[from] sandstorm
|-fieldend|move: Trick Room
|turn|10
|
|move|p1b: Garchomp|Rock Slide|p2b: Cresselia
|-damage|p2a: Heatran|147\/198
|-damage|p2b: Cresselia|17\/227
|move|p1a: Tyranitar|Low Kick|p2a: Heatran
|-supereffective|p2a: Heatran
|-damage|p2a: Heatran|3\/198
|-enditem|p2a: Heatran|Sitrus Berry|[eat]
|-heal|p2a: Heatran|52\/198|[from] item: Sitrus Berry
|move|p2a: Heatran|Hidden Power|p1b: Garchomp
|-supereffective|p1b: Garchomp
|-damage|p1b: Garchomp|0 fnt
|faint|p1b: Garchomp
|move|p2b: Cresselia|Energy Ball|p1a: Tyranitar
|-supereffective|p1a: Tyranitar
|-damage|p1a: Tyranitar|56\/176
|
|-weather|Sandstorm|[upkeep]
|-damage|p2b: Cresselia|3\/227|[from] sandstorm
|turn|11
|
|move|p2a: Heatran|Protect|p2a: Heatran
|-singleturn|p2a: Heatran|Protect
|move|p1a: Tyranitar|Low Kick|p2a: Heatran
|-activate|p2a: Heatran|Protect
|move|p2b: Cresselia|Energy Ball|p1a: Tyranitar
|-supereffective|p1a: Tyranitar
|-damage|p1a: Tyranitar|6\/176
|-unboost|p1a: Tyranitar|spd|1
|
|-weather|Sandstorm|[upkeep]
|-damage|p2b: Cresselia|0 fnt|[from] sandstorm
|faint|p2b: Cresselia
|
|switch|p2b: Kangaskhan|Kangaskhan-Mega, L50, F|78\/212
|turn|12
|c|âMewtwo927|gg
|
|move|p2b: Kangaskhan|Fake Out|p1a: Tyranitar
|-resisted|p1a: Tyranitar
|-damage|p1a: Tyranitar|0 fnt
|-hitcount|p1a: Tyranitar|1
|faint|p1a: Tyranitar
|
|win|Mewtwo927
|raw|Ladder updating...
|raw|Blocparty's rating: 1079 &rarr; <strong>1062<\/strong><br \/>(-17 for losing)
|raw|Mewtwo927's rating: 1160 &rarr; <strong>1179<\/strong><br \/>(+19 for winning)
|leave|Blocparty
|player|p1