|join|volcarno129
|join|Mewtwo927
|player|p1|volcarno129|68
|player|p2|Mewtwo927|27
|gametype|singles
|gen|6
|tier|OU
|rated
|clearpoke
|poke|p1|Metagross
|poke|p1|Landorus-Therian, M
|poke|p1|Victini
|poke|p1|Keldeo
|poke|p1|Raikou
|poke|p1|Bisharp, F
|poke|p2|Sableye, M, shiny
|poke|p2|Chansey, F
|poke|p2|Skarmory, M
|poke|p2|Quagsire, F
|poke|p2|Gothitelle, F
|poke|p2|Celebi
|rule|Swagger Clause: Swagger is banned
|rule|Baton Pass Clause: Limit one PokÃ©mon knowing Baton Pass
|rule|Sleep Clause Mod: Limit one foe put to sleep
|rule|Species Clause: Limit one of each PokÃ©mon
|rule|OHKO Clause: OHKO moves are banned
|rule|Moody Clause: Moody is banned
|rule|Evasion Moves Clause: Evasion moves are banned
|rule|Endless Battle Clause: Forcing endless battles is banned
|rule|HP Percentage Mod: HP is shown in percentages
|teampreview
|
|start
|switch|p1a: Victini|Victini|341\/341
|switch|p2a: Quagsire|Quagsire, F|394\/394
|turn|1
|
|move|p1a: Victini|Final Gambit|p2a: Quagsire
|-damage|p2a: Quagsire|53\/394
|faint|p1a: Victini
|move|p2a: Quagsire|Toxic|p1: Victini|[notarget]
|-notarget
|
|-heal|p2a: Quagsire|77\/394|[from] item: Leftovers
|c|âMewtwo927|wow
|
|switch|p1a: Bisharp|Bisharp, F|271\/271
|turn|2
|c|âMewtwo927|first time seen this move on v
|join|Tspitchi
|join|Shia LaBouff
|
|move|p1a: Bisharp|Knock Off|p2a: Quagsire
|-damage|p2a: Quagsire|0 fnt
|-enditem|p2a: Quagsire|Leftovers|[from] move: Knock Off|[of] p1a: Bisharp
|-damage|p1a: Bisharp|244\/271|[from] item: Life Orb
|faint|p2a: Quagsire
|
|c| Shia LaBouff|first time seen ur mom naked
|c| Shia LaBouff|o wait
|
|switch|p2a: Sableye|Sableye, M, shiny|304\/304
|turn|3
|c| Shia LaBouff|i see her naked every week
|join|tmmh
|c|âMewtwo927|who the fuck are you
|c|âMewtwo927|get the fuk off kid
|join|Ill leave
|c|âMewtwo927|id even know u
|c|âvolcarno129|FUCK
|c|âvolcarno129|FUCKKK
|c|âvolcarno129|FUCKKKKKKKK
|
|switch|p1a: Raikou|Raikou|321\/321
|-ability|p1a: Raikou|Pressure
|detailschange|p2a: Sableye|Sableye-Mega, M, shiny
|-mega|p2a: Sableye|Sableye|Sablenite
|move|p2a: Sableye|Will-O-Wisp|p1a: Raikou|[miss]
|-miss|p2a: Sableye|p1a: Raikou
|
|turn|4
|
|switch|p2a: Chansey|Chansey, F|704\/704
|move|p1a: Raikou|Thunderbolt|p2a: Chansey
|-damage|p2a: Chansey|610\/704
|-status|p2a: Chansey|par
|
|turn|5
|c| Shia LaBouff|u should know me
|c| Shia LaBouff|im ur dad
|c| Shia LaBouff|Dinners ready btw
|c| Shia LaBouff|i made spaghetti
|c|âvolcarno129|z0m
|c|âvolcarno129|who was
|c|âvolcarno129|that kid i banned
|
|switch|p2a: Celebi|Celebi|404\/404
|move|p1a: Raikou|Volt Switch|p2a: Celebi
|-resisted|p2a: Celebi
|-damage|p2a: Celebi|361\/404
|
|switch|p1a: Bisharp|Bisharp, F|244\/271
|
|-heal|p2a: Celebi|386\/404|[from] item: Leftovers
|turn|6
|c| Shia LaBouff|uh
|c| Shia LaBouff|yourself
|
|switch|p2a: Skarmory|Skarmory, M|334\/334
|move|p1a: Bisharp|Knock Off|p2a: Skarmory
|-damage|p2a: Skarmory|205\/334
|-enditem|p2a: Skarmory|Shed Shell|[from] move: Knock Off|[of] p1a: Bisharp
|-damage|p1a: Bisharp|217\/271|[from] item: Life Orb
|
|turn|7
|c| Shia LaBouff|?
|c|âvolcarno129|the one before that
|
|switch|p1a: Raikou|Raikou|321\/321
|-ability|p1a: Raikou|Pressure
|move|p2a: Skarmory|Roost|p2a: Skarmory
|-heal|p2a: Skarmory|334\/334
|
|turn|8
|c| Shia LaBouff|killurself tmnh
|c| Shia LaBouff|tmmh*
|c|âvolcarno129|i think t
|
|switch|p2a: Chansey|Chansey, F|610\/704
|move|p1a: Raikou|Volt Switch|p2a: Chansey
|-damage|p2a: Chansey|534\/704
|c|âvolcarno129|that was kektus
|c| Shia LaBouff|it was
|
|switch|p1a: Metagross|Metagross|301\/301
|
|turn|9
|
|switch|p2a: Skarmory|Skarmory, M|334\/334
|detailschange|p1a: Metagross|Metagross-Mega
|-mega|p1a: Metagross|Metagross|Metagrossite
|move|p1a: Metagross|Meteor Mash|p2a: Skarmory
|-resisted|p2a: Skarmory
|-damage|p2a: Skarmory|267\/334
|
|turn|10
|
|move|p1a: Metagross|Stealth Rock|p2a: Skarmory
|-sidestart|p2: Mewtwo927|move: Stealth Rock
|move|p2a: Skarmory|Spikes|p1a: Metagross
|-sidestart|p1: volcarno129|Spikes
|
|turn|11
|
|switch|p1a: Raikou|Raikou|321\/321
|-damage|p1a: Raikou|281\/321|[from] Spikes
|-ability|p1a: Raikou|Pressure
|move|p2a: Skarmory|Spikes|p1a: Raikou
|-sidestart|p1: volcarno129|Spikes
|
|turn|12
|
|switch|p2a: Chansey|Chansey, F|534\/704
|-damage|p2a: Chansey|446\/704|[from] Stealth Rock
|move|p1a: Raikou|Volt Switch|p2a: Chansey
|-damage|p2a: Chansey|367\/704
|
|switch|p1a: Metagross|Metagross-Mega|301\/301
|-damage|p1a: Metagross|251\/301|[from] Spikes
|
|turn|13
|
|move|p1a: Metagross|Hammer Arm|p2a: Chansey
|-supereffective|p2a: Chansey
|-damage|p2a: Chansey|0 fnt
|-unboost|p1a: Metagross|spe|1
|faint|p2a: Chansey
|
|
|switch|p2a: Skarmory|Skarmory, M|267\/334
|-damage|p2a: Skarmory|226\/334|[from] Stealth Rock
|turn|14
|
|switch|p1a: Raikou|Raikou|281\/321
|-damage|p1a: Raikou|228\/321|[from] Spikes
|-ability|p1a: Raikou|Pressure
|move|p2a: Skarmory|Whirlwind|p1a: Raikou
|drag|p1a: Bisharp|Bisharp, F|217\/271
|-damage|p1a: Bisharp|172\/271|[from] Spikes
|
|turn|15
|
|move|p1a: Bisharp|Swords Dance|p1a: Bisharp
|-boost|p1a: Bisharp|atk|2
|move|p2a: Skarmory|Roost|p2a: Skarmory
|-heal|p2a: Skarmory|334\/334
|
|turn|16
|
|move|p1a: Bisharp|Knock Off|p2a: Skarmory
|-damage|p2a: Skarmory|155\/334
|-damage|p1a: Bisharp|145\/271|[from] item: Life Orb
|move|p2a: Skarmory|Whirlwind|p1a: Bisharp
|drag|p1a: Raikou|Raikou|228\/321
|-damage|p1a: Raikou|175\/321|[from] Spikes
|-ability|p1a: Raikou|Pressure
|
|turn|17
|
|switch|p2a: Celebi|Celebi|386\/404
|-damage|p2a: Celebi|336\/404|[from] Stealth Rock
|move|p1a: Raikou|Volt Switch|p2a: Celebi
|-resisted|p2a: Celebi
|-damage|p2a: Celebi|288\/404
|
|switch|p1a: Landorus-Therian|Landorus-Therian, M|325\/325
|-ability|p1a: Landorus-Therian|Intimidate|[of] p2a: Celebi
|-unboost|p2a: Celebi|atk|1
|
|-heal|p2a: Celebi|313\/404|[from] item: Leftovers
|turn|18
|
|switch|p2a: Skarmory|Skarmory, M|155\/334
|-damage|p2a: Skarmory|114\/334|[from] Stealth Rock
|move|p1a: Landorus-Therian|U-turn|p2a: Skarmory
|-resisted|p2a: Skarmory
|-damage|p2a: Skarmory|100\/334
|
|switch|p1a: Raikou|Raikou|175\/321
|-damage|p1a: Raikou|122\/321|[from] Spikes
|-ability|p1a: Raikou|Pressure
|
|turn|19
|
|switch|p2a: Celebi|Celebi|313\/404
|-damage|p2a: Celebi|263\/404|[from] Stealth Rock
|move|p1a: Raikou|Volt Switch|p2a: Celebi
|-resisted|p2a: Celebi
|-damage|p2a: Celebi|216\/404
|
|switch|p1a: Landorus-Therian|Landorus-Therian, M|325\/325
|-ability|p1a: Landorus-Therian|Intimidate|[of] p2a: Celebi
|-unboost|p2a: Celebi|atk|1
|
|-heal|p2a: Celebi|241\/404|[from] item: Leftovers
|turn|20
|
|switch|p2a: Skarmory|Skarmory, M|100\/334
|-damage|p2a: Skarmory|59\/334|[from] Stealth Rock
|move|p1a: Landorus-Therian|Knock Off|p2a: Skarmory
|-damage|p2a: Skarmory|7\/334
|
|turn|21
|leave|Ill leave
|
|move|p1a: Landorus-Therian|Knock Off|p2a: Skarmory
|-damage|p2a: Skarmory|0 fnt
|faint|p2a: Skarmory
|
|
|switch|p2a: Sableye|Sableye-Mega, M, shiny|304\/304
|-damage|p2a: Sableye|266\/304|[from] Stealth Rock
|turn|22
|c| Shia LaBouff|y4 is being gay
|
|switch|p1a: Raikou|Raikou|122\/321
|-damage|p1a: Raikou|69\/321|[from] Spikes
|-ability|p1a: Raikou|Pressure
|move|p2a: Sableye|Will-O-Wisp|p1a: Raikou
|-status|p1a: Raikou|brn
|
|-damage|p1a: Raikou|29\/321 brn|[from] brn
|turn|23
|
|move|p1a: Raikou|Thunderbolt|p2a: Sableye
|-crit|p2a: Sableye
|-damage|p2a: Sableye|76\/304
|move|p2a: Sableye|Recover|p2a: Sableye
|-heal|p2a: Sableye|228\/304
|
|-damage|p1a: Raikou|0 fnt|[from] brn
|faint|p1a: Raikou
|
|switch|p1a: Metagross|Metagross-Mega|251\/301
|-damage|p1a: Metagross|201\/301|[from] Spikes
|turn|24
|
|move|p1a: Metagross|Meteor Mash|p2a: Sableye
|-damage|p2a: Sableye|57\/304
|move|p2a: Sableye|Will-O-Wisp|p1a: Metagross
|-status|p1a: Metagross|brn
|
|-damage|p1a: Metagross|164\/301 brn|[from] brn
|turn|25
|
|move|p1a: Metagross|Meteor Mash|p2a: Sableye
|-damage|p2a: Sableye|0 fnt
|faint|p2a: Sableye
|
|-damage|p1a: Metagross|127\/301 brn|[from] brn
|
|switch|p2a: Gothitelle|Gothitelle, F|301\/301
|-damage|p2a: Gothitelle|264\/301|[from] Stealth Rock
|turn|26
|
|move|p2a: Gothitelle|Calm Mind|p2a: Gothitelle
|-boost|p2a: Gothitelle|spa|1
|-boost|p2a: Gothitelle|spd|1
|move|p1a: Metagross|Meteor Mash|p2a: Gothitelle
|-damage|p2a: Gothitelle|150\/301
|-boost|p1a: Metagross|atk|1
|
|-damage|p1a: Metagross|90\/301 brn|[from] brn
|turn|27
|c| Shia LaBouff|fucking retard
|c| Shia LaBouff|you choice scarfed yourself into calm mind
|c| Shia LaBouff|lol
|c|âMewtwo927|you know shia
|c|âMewtwo927|watch out when you cross the road tomorrow
|c| Shia LaBouff|um
|c| Shia LaBouff|why?
|c|âMewtwo927|casue I hacked your ip adress
|c|âvolcarno129|lol
|c| Shia LaBouff|FUCK
|c|âMewtwo927|and I know your fking address
|c| Shia LaBouff|HE HACKED MY IP ADDRESS
|c|âMewtwo927|and i wll send my car there
|c| Shia LaBouff|okay what's my address?
|c|âMewtwo927|good luck
|-message|Mewtwo927 forfeited.
|
|win|volcarno129
|raw|Ladder updating...
|leave|Mewtwo927
|player|p2
|raw|volcarno129's rating: 1654 &rarr; <strong>1668<\/strong><br \/>(+14 for winning)
|raw|Mewtwo927's rating: 1549 &rarr; <strong>1535<\/strong><br \/>(-14 for losing)
|c| Shia LaBouff|Pleast ell me
|leave|volcarno129
|player|p1