|join|goodnewsbears
|join|Mewtwo927
|player|p1|goodnewsbears|266
|player|p2|Mewtwo927|266
|gametype|singles
|gen|6
|tier|OU
|rated
|clearpoke
|poke|p1|Medicham, M
|poke|p1|Heatran, F
|poke|p1|Landorus-Therian, M
|poke|p1|Talonflame, F
|poke|p1|Latios, M
|poke|p1|Ferrothorn, F
|poke|p2|Sableye, M
|poke|p2|Quagsire, M
|poke|p2|Skarmory, F
|poke|p2|Gothitelle, F
|poke|p2|Chansey, F
|poke|p2|Bisharp, M
|rule|Swagger Clause: Swagger is banned
|rule|Baton Pass Clause: Limit one PokÃ©mon knowing Baton Pass
|rule|Sleep Clause Mod: Limit one foe put to sleep
|rule|Species Clause: Limit one of each PokÃ©mon
|rule|OHKO Clause: OHKO moves are banned
|rule|Moody Clause: Moody is banned
|rule|Evasion Moves Clause: Evasion moves are banned
|rule|Endless Battle Clause: Forcing endless battles is banned
|rule|HP Percentage Mod: HP is shown in percentages
|teampreview
|
|start
|switch|p1a: Heatran|Heatran, F|340\/340
|switch|p2a: Sableye|Sableye, M|304\/304
|turn|1
|
|detailschange|p2a: Sableye|Sableye-Mega, M
|-mega|p2a: Sableye|Sableye|Sablenite
|move|p1a: Heatran|Lava Plume|p2a: Sableye
|-damage|p2a: Sableye|207\/304
|-status|p2a: Sableye|brn
|move|p2a: Sableye|Snarl|p1a: Heatran
|-damage|p1a: Heatran|289\/340
|-unboost|p1a: Heatran|spa|1
|
|-heal|p1a: Heatran|310\/340|[from] item: Leftovers
|-damage|p2a: Sableye|169\/304 brn|[from] brn
|turn|2
|
|switch|p1a: Talonflame|Talonflame, F|319\/319
|move|p2a: Sableye|Recover|p2a: Sableye
|-heal|p2a: Sableye|304\/304 brn
|
|-damage|p2a: Sableye|266\/304 brn|[from] brn
|turn|3
|
|switch|p1a: Latios|Latios, M|301\/301
|switch|p2a: Quagsire|Quagsire, M|394\/394
|
|turn|4
|
|switch|p2a: Chansey|Chansey, F|704\/704
|move|p1a: Latios|Draco Meteor|p2a: Chansey
|-damage|p2a: Chansey|509\/704
|-unboost|p1a: Latios|spa|2
|-damage|p1a: Latios|271\/301|[from] item: Life Orb
|
|turn|5
|
|switch|p1a: Ferrothorn|Ferrothorn, F|352\/352
|move|p2a: Chansey|Stealth Rock|p1a: Ferrothorn
|-sidestart|p1: goodnewsbears|move: Stealth Rock
|
|turn|6
|
|move|p2a: Chansey|Aromatherapy|p2a: Chansey
|-cureteam|p2a: Chansey|[from] move: Aromatherapy
|move|p1a: Ferrothorn|Knock Off|p2a: Chansey
|-damage|p2a: Chansey|420\/704
|-enditem|p2a: Chansey|Eviolite|[from] move: Knock Off|[of] p1a: Ferrothorn
|
|turn|7
|
|switch|p2a: Sableye|Sableye-Mega, M|266\/304
|move|p1a: Ferrothorn|Spikes|p2a: Sableye
|move|p2a: Sableye|Spikes|p1a: Ferrothorn|[from]Magic Bounce
|-sidestart|p1: goodnewsbears|Spikes
|
|turn|8
|
|switch|p1a: Heatran|Heatran, F|310\/340
|-damage|p1a: Heatran|268\/340|[from] Spikes
|-damage|p1a: Heatran|226\/340|[from] Stealth Rock
|move|p2a: Sableye|Snarl|p1a: Heatran
|-damage|p1a: Heatran|174\/340
|-unboost|p1a: Heatran|spa|1
|
|-heal|p1a: Heatran|195\/340|[from] item: Leftovers
|turn|9
|
|move|p1a: Heatran|Lava Plume|p2a: Sableye
|-damage|p2a: Sableye|196\/304
|move|p2a: Sableye|Calm Mind|p2a: Sableye
|-boost|p2a: Sableye|spa|1
|-boost|p2a: Sableye|spd|1
|
|-heal|p1a: Heatran|216\/340|[from] item: Leftovers
|turn|10
|
|move|p1a: Heatran|Lava Plume|p2a: Sableye
|-damage|p2a: Sableye|147\/304
|move|p2a: Sableye|Recover|p2a: Sableye
|-heal|p2a: Sableye|299\/304
|
|-heal|p1a: Heatran|237\/340|[from] item: Leftovers
|turn|11
|
|move|p1a: Heatran|Lava Plume|p2a: Sableye
|-damage|p2a: Sableye|251\/304
|-status|p2a: Sableye|brn
|move|p2a: Sableye|Snarl|p1a: Heatran
|-damage|p1a: Heatran|164\/340
|-unboost|p1a: Heatran|spa|1
|
|-heal|p1a: Heatran|185\/340|[from] item: Leftovers
|-damage|p2a: Sableye|213\/304 brn|[from] brn
|turn|12
|
|switch|p1a: Latios|Latios, M|271\/301
|-damage|p1a: Latios|234\/301|[from] Stealth Rock
|switch|p2a: Quagsire|Quagsire, M|394\/394
|
|turn|13
|
|switch|p2a: Chansey|Chansey, F|420\/704
|move|p1a: Latios|Defog|p2a: Chansey
|-unboost|p2a: Chansey|evasion|1
|-sideend|p1: goodnewsbears|Spikes|[from] move: Defog|[of] p1a: Latios
|-sideend|p1: goodnewsbears|Stealth Rock|[from] move: Defog|[of] p1a: Latios
|
|turn|14
|
|move|p1a: Latios|Draco Meteor|p2a: Chansey
|-damage|p2a: Chansey|139\/704
|-unboost|p1a: Latios|spa|2
|-damage|p1a: Latios|204\/301|[from] item: Life Orb
|move|p2a: Chansey|Soft-Boiled|p2a: Chansey
|-heal|p2a: Chansey|491\/704
|
|turn|15
|
|switch|p1a: Talonflame|Talonflame, F|319\/319
|move|p2a: Chansey|Stealth Rock|p1a: Talonflame
|-sidestart|p1: goodnewsbears|move: Stealth Rock
|
|turn|16
|
|switch|p1a: Latios|Latios, M|204\/301
|-damage|p1a: Latios|167\/301|[from] Stealth Rock
|switch|p2a: Quagsire|Quagsire, M|394\/394
|
|turn|17
|
|switch|p2a: Bisharp|Bisharp, M|274\/274
|move|p1a: Latios|Draco Meteor|p2a: Bisharp
|-resisted|p2a: Bisharp
|-damage|p2a: Bisharp|71\/274
|-unboost|p1a: Latios|spa|2
|-damage|p1a: Latios|137\/301|[from] item: Life Orb
|
|-heal|p2a: Bisharp|88\/274|[from] item: Leftovers
|turn|18
|
|move|p2a: Bisharp|Sucker Punch|p1a: Latios
|-supereffective|p1a: Latios
|-damage|p1a: Latios|0 fnt
|faint|p1a: Latios
|
|-heal|p2a: Bisharp|105\/274|[from] item: Leftovers
|
|switch|p1a: Heatran|Heatran, F|185\/340
|-damage|p1a: Heatran|143\/340|[from] Stealth Rock
|turn|19
|
|move|p1a: Heatran|Lava Plume|p2a: Bisharp
|-supereffective|p2a: Bisharp
|-damage|p2a: Bisharp|0 fnt
|faint|p2a: Bisharp
|
|-heal|p1a: Heatran|164\/340|[from] item: Leftovers
|
|switch|p2a: Quagsire|Quagsire, M|394\/394
|turn|20
|
|move|p1a: Heatran|Stealth Rock|p2a: Quagsire
|-sidestart|p2: Mewtwo927|move: Stealth Rock
|move|p2a: Quagsire|Earthquake|p1a: Heatran
|-supereffective|p1a: Heatran
|-damage|p1a: Heatran|0 fnt
|faint|p1a: Heatran
|
|
|switch|p1a: Ferrothorn|Ferrothorn, F|352\/352
|-damage|p1a: Ferrothorn|330\/352|[from] Stealth Rock
|turn|21
|
|switch|p2a: Sableye|Sableye-Mega, M|213\/304 brn
|-damage|p2a: Sableye|175\/304 brn|[from] Stealth Rock
|move|p1a: Ferrothorn|Knock Off|p2a: Sableye
|-damage|p2a: Sableye|143\/304 brn
|
|-heal|p1a: Ferrothorn|352\/352|[from] item: Leftovers
|-damage|p2a: Sableye|105\/304 brn|[from] brn
|turn|22
|
|switch|p1a: Landorus-Therian|Landorus-Therian, M|319\/319
|-damage|p1a: Landorus-Therian|280\/319|[from] Stealth Rock
|-ability|p1a: Landorus-Therian|Intimidate|[of] p2a: Sableye
|-unboost|p2a: Sableye|atk|1
|move|p2a: Sableye|Recover|p2a: Sableye
|-heal|p2a: Sableye|257\/304 brn
|
|-damage|p2a: Sableye|219\/304 brn|[from] brn
|turn|23
|
|switch|p2a: Skarmory|Skarmory, F|334\/334
|-damage|p2a: Skarmory|293\/334|[from] Stealth Rock
|move|p1a: Landorus-Therian|Earthquake|p2a: Skarmory
|-immune|p2a: Skarmory|[msg]
|
|turn|24
|
|switch|p1a: Ferrothorn|Ferrothorn, F|352\/352
|-damage|p1a: Ferrothorn|330\/352|[from] Stealth Rock
|move|p2a: Skarmory|Spikes|p1a: Ferrothorn
|-sidestart|p1: goodnewsbears|Spikes
|
|-heal|p1a: Ferrothorn|352\/352|[from] item: Leftovers
|turn|25
|
|move|p2a: Skarmory|Spikes|p1a: Ferrothorn
|-sidestart|p1: goodnewsbears|Spikes
|move|p1a: Ferrothorn|Spikes|p2a: Skarmory
|-sidestart|p2: Mewtwo927|Spikes
|
|turn|26
|
|switch|p2a: Sableye|Sableye-Mega, M|219\/304 brn
|-damage|p2a: Sableye|181\/304 brn|[from] Spikes
|-damage|p2a: Sableye|143\/304 brn|[from] Stealth Rock
|move|p1a: Ferrothorn|Spikes|p2a: Sableye
|move|p2a: Sableye|Spikes|p1a: Ferrothorn|[from]Magic Bounce
|-sidestart|p1: goodnewsbears|Spikes
|
|-damage|p2a: Sableye|105\/304 brn|[from] brn
|turn|27
|
|move|p2a: Sableye|Recover|p2a: Sableye
|-heal|p2a: Sableye|257\/304 brn
|move|p1a: Ferrothorn|Gyro Ball|p2a: Sableye
|-damage|p2a: Sableye|226\/304 brn
|
|-damage|p2a: Sableye|188\/304 brn|[from] brn
|turn|28
|
|switch|p1a: Landorus-Therian|Landorus-Therian, M|280\/319
|-damage|p1a: Landorus-Therian|241\/319|[from] Stealth Rock
|-ability|p1a: Landorus-Therian|Intimidate|[of] p2a: Sableye
|-unboost|p2a: Sableye|atk|1
|move|p2a: Sableye|Recover|p2a: Sableye
|-heal|p2a: Sableye|304\/304 brn
|
|-damage|p2a: Sableye|266\/304 brn|[from] brn
|turn|29
|
|switch|p2a: Skarmory|Skarmory, F|293\/334
|-damage|p2a: Skarmory|252\/334|[from] Stealth Rock
|move|p1a: Landorus-Therian|U-turn|p2a: Skarmory
|-resisted|p2a: Skarmory
|-damage|p2a: Skarmory|238\/334
|
|switch|p1a: Talonflame|Talonflame, F|319\/319
|-damage|p1a: Talonflame|160\/319|[from] Stealth Rock
|
|turn|30
|
|switch|p2a: Quagsire|Quagsire, M|394\/394
|-damage|p2a: Quagsire|370\/394|[from] Stealth Rock
|-damage|p2a: Quagsire|321\/394|[from] Spikes
|move|p1a: Talonflame|Flare Blitz|p2a: Quagsire
|-resisted|p2a: Quagsire
|-damage|p2a: Quagsire|253\/394
|-damage|p1a: Talonflame|138\/319|[from] recoil|[of] p2a: Quagsire
|
|-heal|p2a: Quagsire|277\/394|[from] item: Leftovers
|turn|31
|
|move|p1a: Talonflame|Brave Bird|p2a: Quagsire
|-damage|p2a: Quagsire|121\/394
|-damage|p1a: Talonflame|87\/319|[from] recoil|[of] p2a: Quagsire
|move|p2a: Quagsire|Scald|p1a: Talonflame
|-supereffective|p1a: Talonflame
|-damage|p1a: Talonflame|0 fnt
|faint|p1a: Talonflame
|
|-heal|p2a: Quagsire|145\/394|[from] item: Leftovers
|
|switch|p1a: Medicham|Medicham, M|261\/261
|-damage|p1a: Medicham|196\/261|[from] Spikes
|-damage|p1a: Medicham|180\/261|[from] Stealth Rock
|turn|32
|
|detailschange|p1a: Medicham|Medicham-Mega, M
|-mega|p1a: Medicham|Medicham|Medichamite
|move|p1a: Medicham|Drain Punch|p2a: Quagsire
|-damage|p2a: Quagsire|0 fnt
|-heal|p1a: Medicham|253\/261|[from] drain|[of] p2a: Quagsire
|faint|p2a: Quagsire
|
|
|switch|p2a: Skarmory|Skarmory, F|238\/334
|-damage|p2a: Skarmory|197\/334|[from] Stealth Rock
|turn|33
|
|move|p1a: Medicham|Drain Punch|p2a: Skarmory
|-damage|p2a: Skarmory|68\/334
|-heal|p1a: Medicham|261\/261|[from] drain|[of] p2a: Skarmory
|move|p2a: Skarmory|Brave Bird|p1a: Medicham
|-supereffective|p1a: Medicham
|-damage|p1a: Medicham|13\/261
|-damage|p2a: Skarmory|0 fnt|[from] recoil|[of] p1a: Medicham
|faint|p2a: Skarmory
|
|
|switch|p2a: Gothitelle|Gothitelle, F|301\/301
|-damage|p2a: Gothitelle|264\/301|[from] Stealth Rock
|-damage|p2a: Gothitelle|227\/301|[from] Spikes
|turn|34
|
|move|p2a: Gothitelle|Psychic|p1a: Medicham
|-damage|p1a: Medicham|0 fnt
|faint|p1a: Medicham
|
|
|switch|p1a: Landorus-Therian|Landorus-Therian, M|241\/319
|-damage|p1a: Landorus-Therian|202\/319|[from] Stealth Rock
|-ability|p1a: Landorus-Therian|Intimidate|[of] p2a: Gothitelle
|-unboost|p2a: Gothitelle|atk|1
|turn|35
|
|move|p1a: Landorus-Therian|Earthquake|p2a: Gothitelle
|-damage|p2a: Gothitelle|7\/301
|move|p2a: Gothitelle|Psychic|p1a: Landorus-Therian
|-damage|p1a: Landorus-Therian|42\/319
|
|turn|36
|
|move|p1a: Landorus-Therian|Earthquake|p2a: Gothitelle
|-damage|p2a: Gothitelle|0 fnt
|faint|p2a: Gothitelle
|
|
|switch|p2a: Sableye|Sableye-Mega, M|266\/304 brn
|-damage|p2a: Sableye|228\/304 brn|[from] Spikes
|-damage|p2a: Sableye|190\/304 brn|[from] Stealth Rock
|turn|37
|
|move|p1a: Landorus-Therian|Earthquake|p2a: Sableye
|-damage|p2a: Sableye|43\/304 brn
|move|p2a: Sableye|Recover|p2a: Sableye
|-heal|p2a: Sableye|195\/304 brn
|
|-damage|p2a: Sableye|157\/304 brn|[from] brn
|turn|38
|
|move|p1a: Landorus-Therian|Earthquake|p2a: Sableye
|-damage|p2a: Sableye|24\/304 brn
|move|p2a: Sableye|Snarl|p1a: Landorus-Therian
|-damage|p1a: Landorus-Therian|0 fnt
|faint|p1a: Landorus-Therian
|
|-damage|p2a: Sableye|0 fnt|[from] brn
|faint|p2a: Sableye
|
|switch|p2a: Chansey|Chansey, F|491\/704
|switch|p1a: Ferrothorn|Ferrothorn, F|352\/352
|-damage|p2a: Chansey|403\/704|[from] Stealth Rock
|-damage|p2a: Chansey|315\/704|[from] Spikes
|-damage|p1a: Ferrothorn|264\/352|[from] Spikes
|-damage|p1a: Ferrothorn|242\/352|[from] Stealth Rock
|turn|39
|
|move|p2a: Chansey|Soft-Boiled|p2a: Chansey
|-heal|p2a: Chansey|667\/704
|move|p1a: Ferrothorn|Leech Seed|p2a: Chansey
|-start|p2a: Chansey|move: Leech Seed
|
|-heal|p1a: Ferrothorn|264\/352|[from] item: Leftovers
|-damage|p2a: Chansey|579\/704|[from] Leech Seed|[of] p1a: Ferrothorn
|-heal|p1a: Ferrothorn|352\/352|[silent]
|turn|40
|-message|Mewtwo927 forfeited.
|
|win|goodnewsbears
|raw|Ladder updating...
|leave|Mewtwo927
|player|p2
|raw|goodnewsbears's rating: 1576 &rarr; <strong>1593<\/strong><br \/>(+17 for winning)
|raw|Mewtwo927's rating: 1540 &rarr; <strong>1522<\/strong><br \/>(-18 for losing)