|join|Mewtwo927
|join|Mix01
|player|p1|Mewtwo927|36
|player|p2|Mix01|25
|gametype|singles
|gen|6
|tier|OU
|rated
|clearpoke
|poke|p1|Sableye, M
|poke|p1|Quagsire, M
|poke|p1|Skarmory, F
|poke|p1|Gothitelle, F
|poke|p1|Chansey, F
|poke|p1|Bisharp, F
|poke|p2|Chansey, F
|poke|p2|Sableye, F
|poke|p2|Rhyperior, F
|poke|p2|Skarmory, F
|poke|p2|Gothitelle, F
|poke|p2|Celebi
|rule|Swagger Clause: Swagger is banned
|rule|Baton Pass Clause: Limit one PokÃ©mon knowing Baton Pass
|rule|Sleep Clause Mod: Limit one foe put to sleep
|rule|Species Clause: Limit one of each PokÃ©mon
|rule|OHKO Clause: OHKO moves are banned
|rule|Moody Clause: Moody is banned
|rule|Evasion Moves Clause: Evasion moves are banned
|rule|Endless Battle Clause: Forcing endless battles is banned
|rule|HP Percentage Mod: HP is shown in percentages
|teampreview
|
|start
|switch|p1a: Sableye|Sableye, M|304\/304
|switch|p2a: SneakyBoner|Sableye, F|303\/303
|turn|1
|
|detailschange|p1a: Sableye|Sableye-Mega, M
|-mega|p1a: Sableye|Sableye|Sablenite
|detailschange|p2a: SneakyBoner|Sableye-Mega, F
|-mega|p2a: SneakyBoner|Sableye|Sablenite
|move|p1a: Sableye|Calm Mind|p1a: Sableye
|-boost|p1a: Sableye|spa|1
|-boost|p1a: Sableye|spd|1
|move|p2a: SneakyBoner|Calm Mind|p2a: SneakyBoner
|-boost|p2a: SneakyBoner|spa|1
|-boost|p2a: SneakyBoner|spd|1
|
|turn|2
|c|âMix01|lol
|c|âMix01|this is so gay
|c|âMewtwo927|lol
|
|move|p1a: Sableye|Calm Mind|p1a: Sableye
|-boost|p1a: Sableye|spa|1
|-boost|p1a: Sableye|spd|1
|move|p2a: SneakyBoner|Calm Mind|p2a: SneakyBoner
|-boost|p2a: SneakyBoner|spa|1
|-boost|p2a: SneakyBoner|spd|1
|
|turn|3
|
|move|p1a: Sableye|Calm Mind|p1a: Sableye
|-boost|p1a: Sableye|spa|1
|-boost|p1a: Sableye|spd|1
|move|p2a: SneakyBoner|Dark Pulse|p1a: Sableye
|-damage|p1a: Sableye|249\/304
|
|turn|4
|c|âMix01|is this going to decide our match
|c|âMix01|just whoever
|
|move|p1a: Sableye|Calm Mind|p1a: Sableye
|-boost|p1a: Sableye|spa|1
|-boost|p1a: Sableye|spd|1
|move|p2a: SneakyBoner|Calm Mind|p2a: SneakyBoner
|-boost|p2a: SneakyBoner|spa|1
|-boost|p2a: SneakyBoner|spd|1
|
|turn|5
|c|âMix01|crits
|c|âMewtwo927|maybe
|
|move|p1a: Sableye|Calm Mind|p1a: Sableye
|-boost|p1a: Sableye|spa|1
|-boost|p1a: Sableye|spd|1
|move|p2a: SneakyBoner|Calm Mind|p2a: SneakyBoner
|-boost|p2a: SneakyBoner|spa|1
|-boost|p2a: SneakyBoner|spd|1
|
|turn|6
|
|move|p1a: Sableye|Calm Mind|p1a: Sableye
|-boost|p1a: Sableye|spa|1
|-boost|p1a: Sableye|spd|1
|move|p2a: SneakyBoner|Calm Mind|p2a: SneakyBoner
|-boost|p2a: SneakyBoner|spa|1
|-boost|p2a: SneakyBoner|spd|1
|
|turn|7
|
|move|p1a: Sableye|Snarl|p2a: SneakyBoner
|-damage|p2a: SneakyBoner|249\/303
|-unboost|p2a: SneakyBoner|spa|1
|move|p2a: SneakyBoner|Calm Mind|p2a: SneakyBoner
|-boost|p2a: SneakyBoner|spa|1
|-boost|p2a: SneakyBoner|spd|1
|
|turn|8
|c|âMix01|oh yeah
|
|move|p1a: Sableye|Snarl|p2a: SneakyBoner
|-damage|p2a: SneakyBoner|203\/303
|-unboost|p2a: SneakyBoner|spa|1
|move|p2a: SneakyBoner|Dark Pulse|p1a: Sableye
|-damage|p1a: Sableye|197\/304
|
|turn|9
|
|move|p1a: Sableye|Recover|p1a: Sableye
|-heal|p1a: Sableye|304\/304
|move|p2a: SneakyBoner|Dark Pulse|p1a: Sableye
|-damage|p1a: Sableye|252\/304
|
|turn|10
|
|move|p1a: Sableye|Snarl|p2a: SneakyBoner
|-damage|p2a: SneakyBoner|151\/303
|-unboost|p2a: SneakyBoner|spa|1
|move|p2a: SneakyBoner|Calm Mind|p2a: SneakyBoner
|-boost|p2a: SneakyBoner|spa|1
|
|turn|11
|
|move|p1a: Sableye|Snarl|p2a: SneakyBoner
|-damage|p2a: SneakyBoner|99\/303
|-unboost|p2a: SneakyBoner|spa|1
|move|p2a: SneakyBoner|Recover|p2a: SneakyBoner
|-heal|p2a: SneakyBoner|251\/303
|
|turn|12
|
|move|p1a: Sableye|Snarl|p2a: SneakyBoner
|-damage|p2a: SneakyBoner|196\/303
|-unboost|p2a: SneakyBoner|spa|1
|move|p2a: SneakyBoner|Recover|p2a: SneakyBoner
|-heal|p2a: SneakyBoner|303\/303
|
|turn|13
|
|move|p1a: Sableye|Snarl|p2a: SneakyBoner
|-damage|p2a: SneakyBoner|255\/303
|-unboost|p2a: SneakyBoner|spa|1
|move|p2a: SneakyBoner|Dark Pulse|p1a: Sableye
|-damage|p1a: Sableye|225\/304
|
|turn|14
|c|âMix01|!data snarl
|c|~|\/data-move Snarl

|
|move|p1a: Sableye|Snarl|p2a: SneakyBoner
|-damage|p2a: SneakyBoner|206\/303
|-unboost|p2a: SneakyBoner|spa|1
|move|p2a: SneakyBoner|Calm Mind|p2a: SneakyBoner
|-boost|p2a: SneakyBoner|spa|1
|
|turn|15
|
|move|p1a: Sableye|Snarl|p2a: SneakyBoner
|-damage|p2a: SneakyBoner|151\/303
|-unboost|p2a: SneakyBoner|spa|1
|move|p2a: SneakyBoner|Calm Mind|p2a: SneakyBoner
|-boost|p2a: SneakyBoner|spa|1
|
|turn|16
|c|âMewtwo927|come on crit
|
|move|p1a: Sableye|Snarl|p2a: SneakyBoner
|-damage|p2a: SneakyBoner|97\/303
|-unboost|p2a: SneakyBoner|spa|1
|move|p2a: SneakyBoner|Recover|p2a: SneakyBoner
|-heal|p2a: SneakyBoner|249\/303
|
|turn|17
|c|âMix01|we are both asswholes XD
|
|move|p1a: Sableye|Snarl|p2a: SneakyBoner
|-damage|p2a: SneakyBoner|201\/303
|-unboost|p2a: SneakyBoner|spa|1
|move|p2a: SneakyBoner|Calm Mind|p2a: SneakyBoner
|-boost|p2a: SneakyBoner|spa|1
|
|turn|18
|c|âMix01|here i am pp stalling
|c|âMix01|and you hoping for a crit
|
|move|p1a: Sableye|Snarl|p2a: SneakyBoner
|-damage|p2a: SneakyBoner|149\/303
|-unboost|p2a: SneakyBoner|spa|1
|move|p2a: SneakyBoner|Recover|p2a: SneakyBoner
|-heal|p2a: SneakyBoner|301\/303
|
|turn|19
|
|move|p1a: Sableye|Snarl|p2a: SneakyBoner
|-damage|p2a: SneakyBoner|253\/303
|-unboost|p2a: SneakyBoner|spa|1
|move|p2a: SneakyBoner|Calm Mind|p2a: SneakyBoner
|-boost|p2a: SneakyBoner|spa|1
|
|turn|20
|
|move|p1a: Sableye|Snarl|p2a: SneakyBoner
|-damage|p2a: SneakyBoner|201\/303
|-unboost|p2a: SneakyBoner|spa|1
|move|p2a: SneakyBoner|Calm Mind|p2a: SneakyBoner
|-boost|p2a: SneakyBoner|spa|1
|
|turn|21
|
|move|p1a: Sableye|Snarl|p2a: SneakyBoner
|-damage|p2a: SneakyBoner|150\/303
|-unboost|p2a: SneakyBoner|spa|1
|move|p2a: SneakyBoner|Recover|p2a: SneakyBoner
|-heal|p2a: SneakyBoner|302\/303
|
|turn|22
|
|move|p1a: Sableye|Snarl|p2a: SneakyBoner
|-damage|p2a: SneakyBoner|254\/303
|-unboost|p2a: SneakyBoner|spa|1
|move|p2a: SneakyBoner|Calm Mind|p2a: SneakyBoner
|-boost|p2a: SneakyBoner|spa|1
|
|turn|23
|
|move|p1a: Sableye|Snarl|p2a: SneakyBoner
|-damage|p2a: SneakyBoner|206\/303
|-unboost|p2a: SneakyBoner|spa|1
|move|p2a: SneakyBoner|Calm Mind|p2a: SneakyBoner
|-boost|p2a: SneakyBoner|spa|1
|
|turn|24
|
|move|p1a: Sableye|Snarl|p2a: SneakyBoner
|-damage|p2a: SneakyBoner|158\/303
|-unboost|p2a: SneakyBoner|spa|1
|move|p2a: SneakyBoner|Calm Mind|p2a: SneakyBoner
|-boost|p2a: SneakyBoner|spa|1
|
|turn|25
|
|move|p1a: Sableye|Snarl|p2a: SneakyBoner
|-damage|p2a: SneakyBoner|106\/303
|-unboost|p2a: SneakyBoner|spa|1
|move|p2a: SneakyBoner|Recover|p2a: SneakyBoner
|-heal|p2a: SneakyBoner|258\/303
|
|turn|26
|
|move|p1a: Sableye|Snarl|p2a: SneakyBoner
|-damage|p2a: SneakyBoner|203\/303
|-unboost|p2a: SneakyBoner|spa|1
|move|p2a: SneakyBoner|Recover|p2a: SneakyBoner
|-heal|p2a: SneakyBoner|303\/303
|
|turn|27
|c|âMix01|how much speed do you run
|c|âMewtwo927|8
|
|move|p1a: Sableye|Snarl|p2a: SneakyBoner
|-damage|p2a: SneakyBoner|254\/303
|-unboost|p2a: SneakyBoner|spa|1
|move|p2a: SneakyBoner|Calm Mind|p2a: SneakyBoner
|-boost|p2a: SneakyBoner|spa|1
|
|turn|28
|c|âMix01|k
|c|âMix01|XD
|
|move|p1a: Sableye|Snarl|p2a: SneakyBoner
|-damage|p2a: SneakyBoner|208\/303
|-unboost|p2a: SneakyBoner|spa|1
|move|p2a: SneakyBoner|Calm Mind|p2a: SneakyBoner
|-boost|p2a: SneakyBoner|spa|1
|
|turn|29
|c|âMewtwo927|no crit :(
|c|âMix01|man my special attack is garbo
|c|âMix01|is that it
|
|switch|p1a: Bisharp|Bisharp, F|274\/274
|move|p2a: SneakyBoner|Calm Mind|p2a: SneakyBoner
|-boost|p2a: SneakyBoner|spa|1
|
|turn|30
|c|âMix01|now can we actually play XD
|
|switch|p2a: HardBoner|Skarmory, F|333\/333
|move|p1a: Bisharp|Swords Dance|p1a: Bisharp
|-boost|p1a: Bisharp|atk|2
|
|turn|31
|c|âMewtwo927|:)
|
|move|p1a: Bisharp|Knock Off|p2a: HardBoner
|-damage|p2a: HardBoner|134\/333
|-damage|p1a: Bisharp|229\/274|[from] item: Rocky Helmet|[of] p2a: HardBoner
|-enditem|p2a: HardBoner|Rocky Helmet|[from] move: Knock Off|[of] p1a: Bisharp
|move|p2a: HardBoner|Whirlwind|p1a: Bisharp
|drag|p1a: Skarmory|Skarmory, F|334\/334
|
|turn|32
|
|switch|p2a: SneakyBoner|Sableye-Mega, F|208\/303
|switch|p1a: Gothitelle|Gothitelle, F|301\/301
|
|turn|33
|c|âMix01|hi goth
|
|switch|p1a: Sableye|Sableye-Mega, M|225\/304
|move|p2a: SneakyBoner|Recover|p2a: SneakyBoner
|-heal|p2a: SneakyBoner|303\/303
|
|turn|34
|
|move|p1a: Sableye|Snarl|p2a: SneakyBoner
|-damage|p2a: SneakyBoner|254\/303
|-unboost|p2a: SneakyBoner|spa|1
|move|p2a: SneakyBoner|Calm Mind|p2a: SneakyBoner
|-boost|p2a: SneakyBoner|spa|1
|-boost|p2a: SneakyBoner|spd|1
|
|turn|35
|
|switch|p1a: Bisharp|Bisharp, F|229\/274
|move|p2a: SneakyBoner|Dark Pulse|p1a: Bisharp
|-resisted|p1a: Bisharp
|-damage|p1a: Bisharp|178\/274
|
|-heal|p1a: Bisharp|195\/274|[from] item: Leftovers
|turn|36
|
|move|p1a: Bisharp|Swords Dance|p1a: Bisharp
|-boost|p1a: Bisharp|atk|2
|move|p2a: SneakyBoner|Will-O-Wisp|p1a: Bisharp|[miss]
|-miss|p2a: SneakyBoner|p1a: Bisharp
|
|-heal|p1a: Bisharp|212\/274|[from] item: Leftovers
|turn|37
|c|âMix01|fffffffffffffffffffff
|c|âMewtwo927|lol
|
|move|p1a: Bisharp|Iron Head|p2a: SneakyBoner
|-damage|p2a: SneakyBoner|67\/303
|move|p2a: SneakyBoner|Will-O-Wisp|p1a: Bisharp|[miss]
|-miss|p2a: SneakyBoner|p1a: Bisharp
|
|-heal|p1a: Bisharp|229\/274|[from] item: Leftovers
|turn|38
|c|âMix01|fffffffffffffffffffffffffffffffffff
|c|âMewtwo927|sry
|
|switch|p2a: HardBoner|Skarmory, F|134\/333
|move|p1a: Bisharp|Knock Off|p2a: HardBoner
|-damage|p2a: HardBoner|0 fnt
|faint|p2a: HardBoner
|
|-heal|p1a: Bisharp|246\/274|[from] item: Leftovers
|c|âMix01|no your not
|c|âMix01|XD
|c|âMix01|welp
|c|âMix01|gg
|c|âMix01|i lost
|c|âMewtwo927|gg
|c|âMix01|that sucks
|
|switch|p2a: Boner|Rhyperior, F|434\/434
|turn|39
|
|move|p1a: Bisharp|Iron Head|p2a: Boner
|-supereffective|p2a: Boner
|-damage|p2a: Boner|146\/434
|move|p2a: Boner|Earthquake|p1a: Bisharp
|-supereffective|p1a: Bisharp
|-damage|p1a: Bisharp|0 fnt
|faint|p1a: Bisharp
|
|-heal|p2a: Boner|173\/434|[from] item: Leftovers
|c|âMix01|lol
|c|âMix01|rhypherior too stronk
|
|switch|p1a: Quagsire|Quagsire, M|394\/394
|turn|40
|
|switch|p2a: PedoBoner|Celebi|395\/395
|move|p1a: Quagsire|Scald|p2a: PedoBoner
|-resisted|p2a: PedoBoner
|-damage|p2a: PedoBoner|372\/395
|-status|p2a: PedoBoner|brn
|
|-heal|p2a: PedoBoner|395\/395 brn|[from] item: Leftovers
|-damage|p2a: PedoBoner|346\/395 brn|[from] brn
|turn|41
|
|switch|p1a: Gothitelle|Gothitelle, F|301\/301
|move|p2a: PedoBoner|Baton Pass|p2a: PedoBoner
|
|switch|p2a: SneakyBoner|Sableye-Mega, F|67\/303
|
|turn|42
|
|switch|p1a: Quagsire|Quagsire, M|394\/394
|move|p2a: SneakyBoner|Recover|p2a: SneakyBoner
|-heal|p2a: SneakyBoner|219\/303
|
|turn|43
|
|switch|p2a: PedoBoner|Celebi|346\/395
|move|p1a: Quagsire|Scald|p2a: PedoBoner
|-resisted|p2a: PedoBoner
|-damage|p2a: PedoBoner|323\/395
|
|-heal|p2a: PedoBoner|347\/395|[from] item: Leftovers
|turn|44
|
|move|p2a: PedoBoner|Calm Mind|p2a: PedoBoner
|-boost|p2a: PedoBoner|spa|1
|-boost|p2a: PedoBoner|spd|1
|move|p1a: Quagsire|Scald|p2a: PedoBoner
|-resisted|p2a: PedoBoner
|-damage|p2a: PedoBoner|321\/395
|
|-heal|p2a: PedoBoner|345\/395|[from] item: Leftovers
|turn|45
|
|switch|p1a: Gothitelle|Gothitelle, F|301\/301
|move|p2a: PedoBoner|Giga Drain|p1a: Gothitelle
|-damage|p1a: Gothitelle|172\/301
|-heal|p2a: PedoBoner|395\/395|[from] drain|[of] p1a: Gothitelle
|
|turn|46
|
|move|p1a: Gothitelle|Trick|p2a: PedoBoner
|-activate|p1a: Gothitelle|move: Trick|[of] p2a: PedoBoner
|-item|p2a: PedoBoner|Choice Scarf|[from] move: Trick
|-item|p1a: Gothitelle|Leftovers|[from] move: Trick
|move|p2a: PedoBoner|Baton Pass|p2a: PedoBoner
|
|switch|p2a: SneakyBoner|Sableye-Mega, F|219\/303
|
|-heal|p1a: Gothitelle|190\/301|[from] item: Leftovers
|turn|47
|
|switch|p1a: Quagsire|Quagsire, M|394\/394
|move|p2a: SneakyBoner|Dark Pulse|p1a: Quagsire
|-damage|p1a: Quagsire|289\/394
|
|-heal|p1a: Quagsire|313\/394|[from] item: Leftovers
|turn|48
|
|move|p1a: Quagsire|Scald|p2a: SneakyBoner
|-damage|p2a: SneakyBoner|162\/303
|move|p2a: SneakyBoner|Will-O-Wisp|p1a: Quagsire
|-status|p1a: Quagsire|brn
|
|-heal|p1a: Quagsire|337\/394 brn|[from] item: Leftovers
|-damage|p1a: Quagsire|288\/394 brn|[from] brn
|turn|49
|
|move|p1a: Quagsire|Scald|p2a: SneakyBoner
|-damage|p2a: SneakyBoner|102\/303
|move|p2a: SneakyBoner|Recover|p2a: SneakyBoner
|-heal|p2a: SneakyBoner|254\/303
|
|-heal|p1a: Quagsire|312\/394 brn|[from] item: Leftovers
|-damage|p1a: Quagsire|263\/394 brn|[from] brn
|turn|50
|
|switch|p2a: Bonertrap|Gothitelle, F|301\/301
|move|p1a: Quagsire|Recover|p1a: Quagsire
|-heal|p1a: Quagsire|394\/394 brn
|
|-damage|p1a: Quagsire|345\/394 brn|[from] brn
|turn|51
|
|move|p2a: Bonertrap|Trick|p1a: Quagsire
|-activate|p2a: Bonertrap|move: Trick|[of] p1a: Quagsire
|-item|p1a: Quagsire|Choice Scarf|[from] move: Trick
|-item|p2a: Bonertrap|Leftovers|[from] move: Trick
|move|p1a: Quagsire|Earthquake|p2a: Bonertrap
|-damage|p2a: Bonertrap|250\/301
|
|-heal|p2a: Bonertrap|268\/301|[from] item: Leftovers
|-damage|p1a: Quagsire|296\/394 brn|[from] brn
|turn|52
|c|âMix01|are you going to time stall
|c|âMix01|cuz if you are
|c|âMix01|i can get a mod
|c|âMewtwo927|just laggy
|
|move|p2a: Bonertrap|Calm Mind|p2a: Bonertrap
|-boost|p2a: Bonertrap|spa|1
|-boost|p2a: Bonertrap|spd|1
|move|p1a: Quagsire|Earthquake|p2a: Bonertrap
|-damage|p2a: Bonertrap|219\/301
|
|-heal|p2a: Bonertrap|237\/301|[from] item: Leftovers
|-damage|p1a: Quagsire|247\/394 brn|[from] brn
|turn|53
|c|âMix01|sorry
|c|âMix01|then
|
|move|p2a: Bonertrap|Calm Mind|p2a: Bonertrap
|-boost|p2a: Bonertrap|spa|1
|-boost|p2a: Bonertrap|spd|1
|move|p1a: Quagsire|Earthquake|p2a: Bonertrap
|-damage|p2a: Bonertrap|183\/301
|
|-heal|p2a: Bonertrap|201\/301|[from] item: Leftovers
|-damage|p1a: Quagsire|198\/394 brn|[from] brn
|turn|54
|
|move|p2a: Bonertrap|Rest|p2a: Bonertrap
|-status|p2a: Bonertrap|slp
|-heal|p2a: Bonertrap|301\/301 slp|[silent]
|-status|p2a: Bonertrap|slp|[from] move: Rest
|move|p1a: Quagsire|Earthquake|p2a: Bonertrap
|-damage|p2a: Bonertrap|246\/301 slp
|
|-heal|p2a: Bonertrap|264\/301 slp|[from] item: Leftovers
|-damage|p1a: Quagsire|149\/394 brn|[from] brn
|turn|55
|
|cant|p2a: Bonertrap|slp
|move|p1a: Quagsire|Earthquake|p2a: Bonertrap
|-damage|p2a: Bonertrap|210\/301 slp
|
|-heal|p2a: Bonertrap|228\/301 slp|[from] item: Leftovers
|-damage|p1a: Quagsire|100\/394 brn|[from] brn
|turn|56
|
|cant|p2a: Bonertrap|slp
|move|p1a: Quagsire|Earthquake|p2a: Bonertrap
|-crit|p2a: Bonertrap
|-damage|p2a: Bonertrap|156\/301 slp
|
|-heal|p2a: Bonertrap|174\/301 slp|[from] item: Leftovers
|-damage|p1a: Quagsire|51\/394 brn|[from] brn
|turn|57
|c|âMix01|damn
|
|-curestatus|p2a: Bonertrap|slp
|move|p2a: Bonertrap|Trick|p1a: Quagsire
|-activate|p2a: Bonertrap|move: Trick|[of] p1a: Quagsire
|-item|p1a: Quagsire|Leftovers|[from] move: Trick
|-item|p2a: Bonertrap|Choice Scarf|[from] move: Trick
|move|p1a: Quagsire|Earthquake|p2a: Bonertrap
|-damage|p2a: Bonertrap|122\/301
|
|-heal|p1a: Quagsire|75\/394 brn|[from] item: Leftovers
|-damage|p1a: Quagsire|26\/394 brn|[from] brn
|turn|58
|
|move|p2a: Bonertrap|Psyshock|p1a: Quagsire
|-damage|p1a: Quagsire|0 fnt
|faint|p1a: Quagsire
|
|
|switch|p1a: Gothitelle|Gothitelle, F|190\/301
|turn|59
|
|move|p2a: Bonertrap|Psyshock|p1a: Gothitelle
|-resisted|p1a: Gothitelle
|-damage|p1a: Gothitelle|86\/301
|move|p1a: Gothitelle|Calm Mind|p1a: Gothitelle
|-boost|p1a: Gothitelle|spa|1
|-boost|p1a: Gothitelle|spd|1
|
|-heal|p1a: Gothitelle|104\/301|[from] item: Leftovers
|turn|60
|
|move|p2a: Bonertrap|Psyshock|p1a: Gothitelle
|-resisted|p1a: Gothitelle
|-damage|p1a: Gothitelle|5\/301
|move|p1a: Gothitelle|Calm Mind|p1a: Gothitelle
|-boost|p1a: Gothitelle|spa|1
|-boost|p1a: Gothitelle|spd|1
|
|-heal|p1a: Gothitelle|23\/301|[from] item: Leftovers
|turn|61
|c|âMewtwo927|omh wrong click
|c|âMix01|go ahead and rest
|
|switch|p2a: SneakyBoner|Sableye-Mega, F|254\/303
|switch|p1a: Sableye|Sableye-Mega, M|225\/304
|
|turn|62
|c|âMix01|lol
|c|âMix01|we meet again brother
|
|move|p1a: Sableye|Snarl|p2a: SneakyBoner
|-damage|p2a: SneakyBoner|205\/303
|-unboost|p2a: SneakyBoner|spa|1
|move|p2a: SneakyBoner|Calm Mind|p2a: SneakyBoner
|-boost|p2a: SneakyBoner|spa|1
|-boost|p2a: SneakyBoner|spd|1
|
|turn|63
|c|âMewtwo927|lol
|c|âMix01|!data snarl
|c|~|\/data-move Snarl

|
|switch|p1a: Gothitelle|Gothitelle, F|23\/301
|move|p2a: SneakyBoner|Recover|p2a: SneakyBoner
|-heal|p2a: SneakyBoner|303\/303
|
|-heal|p1a: Gothitelle|41\/301|[from] item: Leftovers
|turn|64
|
|move|p1a: Gothitelle|Rest|p1a: Gothitelle
|-status|p1a: Gothitelle|slp
|-heal|p1a: Gothitelle|301\/301 slp|[silent]
|-status|p1a: Gothitelle|slp|[from] move: Rest
|move|p2a: SneakyBoner|Dark Pulse|p1a: Gothitelle
|-supereffective|p1a: Gothitelle
|-damage|p1a: Gothitelle|155\/301 slp
|
|-heal|p1a: Gothitelle|173\/301 slp|[from] item: Leftovers
|turn|65
|
|switch|p1a: Chansey|Chansey, F|704\/704
|move|p2a: SneakyBoner|Calm Mind|p2a: SneakyBoner
|-boost|p2a: SneakyBoner|spa|1
|-boost|p2a: SneakyBoner|spd|1
|
|turn|66
|
|switch|p2a: FatBoner|Chansey, F|703\/703
|move|p1a: Chansey|Aromatherapy|p1a: Chansey
|-cureteam|p1a: Chansey|[from] move: Aromatherapy
|
|turn|67
|
|switch|p1a: Gothitelle|Gothitelle, F|173\/301
|move|p2a: FatBoner|Wish|p2a: FatBoner
|
|-heal|p1a: Gothitelle|191\/301|[from] item: Leftovers
|turn|68
|c|âMix01|yeah crap
|
|move|p1a: Gothitelle|Calm Mind|p1a: Gothitelle
|-boost|p1a: Gothitelle|spa|1
|-boost|p1a: Gothitelle|spd|1
|move|p2a: FatBoner|Seismic Toss|p1a: Gothitelle
|-damage|p1a: Gothitelle|91\/301
|
|-heal|p1a: Gothitelle|109\/301|[from] item: Leftovers
|turn|69
|
|move|p1a: Gothitelle|Calm Mind|p1a: Gothitelle
|-boost|p1a: Gothitelle|spa|1
|-boost|p1a: Gothitelle|spd|1
|move|p2a: FatBoner|Seismic Toss|p1a: Gothitelle
|-damage|p1a: Gothitelle|9\/301
|
|-heal|p1a: Gothitelle|27\/301|[from] item: Leftovers
|turn|70
|c|âMix01|i can out pp stall you i think actually
|
|move|p1a: Gothitelle|Rest|p1a: Gothitelle
|-status|p1a: Gothitelle|slp
|-heal|p1a: Gothitelle|301\/301 slp|[silent]
|-status|p1a: Gothitelle|slp|[from] move: Rest
|move|p2a: FatBoner|Seismic Toss|p1a: Gothitelle
|-damage|p1a: Gothitelle|201\/301 slp
|
|-heal|p1a: Gothitelle|219\/301 slp|[from] item: Leftovers
|turn|71
|c|âMewtwo927|maybe
|c|âMewtwo927|a long game
|
|cant|p1a: Gothitelle|slp
|move|p2a: FatBoner|Seismic Toss|p1a: Gothitelle
|-damage|p1a: Gothitelle|119\/301 slp
|
|-heal|p1a: Gothitelle|137\/301 slp|[from] item: Leftovers
|turn|72
|c|âMix01|oh god this game
|
|cant|p1a: Gothitelle|slp
|move|p2a: FatBoner|Seismic Toss|p1a: Gothitelle
|-damage|p1a: Gothitelle|37\/301 slp
|
|-heal|p1a: Gothitelle|55\/301 slp|[from] item: Leftovers
|turn|73
|c|âMix01|!data rest
|c|~|\/data-move Rest

|
|-curestatus|p1a: Gothitelle|slp
|move|p1a: Gothitelle|Rest|p1a: Gothitelle
|-status|p1a: Gothitelle|slp
|-heal|p1a: Gothitelle|301\/301 slp|[silent]
|-status|p1a: Gothitelle|slp|[from] move: Rest
|move|p2a: FatBoner|Seismic Toss|p1a: Gothitelle
|-damage|p1a: Gothitelle|201\/301 slp
|
|-heal|p1a: Gothitelle|219\/301 slp|[from] item: Leftovers
|turn|74
|
|cant|p1a: Gothitelle|slp
|move|p2a: FatBoner|Seismic Toss|p1a: Gothitelle
|-damage|p1a: Gothitelle|119\/301 slp
|
|-heal|p1a: Gothitelle|137\/301 slp|[from] item: Leftovers
|turn|75
|
|cant|p1a: Gothitelle|slp
|move|p2a: FatBoner|Seismic Toss|p1a: Gothitelle
|-damage|p1a: Gothitelle|37\/301 slp
|
|-heal|p1a: Gothitelle|55\/301 slp|[from] item: Leftovers
|turn|76
|
|-curestatus|p1a: Gothitelle|slp
|move|p1a: Gothitelle|Rest|p1a: Gothitelle
|-status|p1a: Gothitelle|slp
|-heal|p1a: Gothitelle|301\/301 slp|[silent]
|-status|p1a: Gothitelle|slp|[from] move: Rest
|move|p2a: FatBoner|Wish|p2a: FatBoner
|
|turn|77
|
|cant|p1a: Gothitelle|slp
|move|p2a: FatBoner|Seismic Toss|p1a: Gothitelle
|-damage|p1a: Gothitelle|201\/301 slp
|
|-heal|p1a: Gothitelle|219\/301 slp|[from] item: Leftovers
|turn|78
|c|âMewtwo927|sry
|
|cant|p1a: Gothitelle|slp
|move|p2a: FatBoner|Seismic Toss|p1a: Gothitelle
|-damage|p1a: Gothitelle|119\/301 slp
|
|-heal|p1a: Gothitelle|137\/301 slp|[from] item: Leftovers
|turn|79
|c|âMix01|XD
|c|âMix01|longest game ever
|
|-curestatus|p1a: Gothitelle|slp
|move|p1a: Gothitelle|Calm Mind|p1a: Gothitelle
|-boost|p1a: Gothitelle|spa|1
|-boost|p1a: Gothitelle|spd|1
|move|p2a: FatBoner|Seismic Toss|p1a: Gothitelle
|-damage|p1a: Gothitelle|37\/301
|
|-heal|p1a: Gothitelle|55\/301|[from] item: Leftovers
|turn|80
|
|move|p2a: FatBoner|Protect|p2a: FatBoner
|-singleturn|p2a: FatBoner|Protect
|move|p1a: Gothitelle|Rest|p1a: Gothitelle
|-status|p1a: Gothitelle|slp
|-heal|p1a: Gothitelle|301\/301 slp|[silent]
|-status|p1a: Gothitelle|slp|[from] move: Rest
|
|turn|81
|
|cant|p1a: Gothitelle|slp
|move|p2a: FatBoner|Seismic Toss|p1a: Gothitelle
|-damage|p1a: Gothitelle|201\/301 slp
|
|-heal|p1a: Gothitelle|219\/301 slp|[from] item: Leftovers
|turn|82
|
|cant|p1a: Gothitelle|slp
|move|p2a: FatBoner|Seismic Toss|p1a: Gothitelle
|-damage|p1a: Gothitelle|119\/301 slp
|
|-heal|p1a: Gothitelle|137\/301 slp|[from] item: Leftovers
|turn|83
|c|âMix01|i dont think you could beat my sableye
|
|-curestatus|p1a: Gothitelle|slp
|move|p1a: Gothitelle|Calm Mind|p1a: Gothitelle
|-boost|p1a: Gothitelle|spa|1
|-boost|p1a: Gothitelle|spd|1
|move|p2a: FatBoner|Seismic Toss|p1a: Gothitelle
|-damage|p1a: Gothitelle|37\/301
|
|-heal|p1a: Gothitelle|55\/301|[from] item: Leftovers
|turn|84
|
|move|p2a: FatBoner|Protect|p2a: FatBoner
|-singleturn|p2a: FatBoner|Protect
|move|p1a: Gothitelle|Rest|p1a: Gothitelle
|-status|p1a: Gothitelle|slp
|-heal|p1a: Gothitelle|301\/301 slp|[silent]
|-status|p1a: Gothitelle|slp|[from] move: Rest
|
|turn|85
|c|âMix01|!dt rest
|c|~|\/data-move Rest
|raw|<font size="1"><font color=#585858>Priority:<\/font> 0&nbsp;|&ThickSpace;<font color=#585858>Target:<\/font> User<\/font>
|
|cant|p1a: Gothitelle|slp
|move|p2a: FatBoner|Seismic Toss|p1a: Gothitelle
|-damage|p1a: Gothitelle|201\/301 slp
|
|-heal|p1a: Gothitelle|219\/301 slp|[from] item: Leftovers
|turn|86
|
|cant|p1a: Gothitelle|slp
|move|p2a: FatBoner|Seismic Toss|p1a: Gothitelle
|-damage|p1a: Gothitelle|119\/301 slp
|
|-heal|p1a: Gothitelle|137\/301 slp|[from] item: Leftovers
|turn|87
|
|-curestatus|p1a: Gothitelle|slp
|move|p1a: Gothitelle|Calm Mind|p1a: Gothitelle
|-boost|p1a: Gothitelle|spa|1
|-boost|p1a: Gothitelle|spd|1
|move|p2a: FatBoner|Seismic Toss|p1a: Gothitelle
|-damage|p1a: Gothitelle|37\/301
|
|-heal|p1a: Gothitelle|55\/301|[from] item: Leftovers
|turn|88
|
|move|p1a: Gothitelle|Rest|p1a: Gothitelle
|-status|p1a: Gothitelle|slp
|-heal|p1a: Gothitelle|301\/301 slp|[silent]
|-status|p1a: Gothitelle|slp|[from] move: Rest
|move|p2a: FatBoner|Seismic Toss|p1a: Gothitelle
|-damage|p1a: Gothitelle|201\/301 slp
|
|-heal|p1a: Gothitelle|219\/301 slp|[from] item: Leftovers
|turn|89
|
|cant|p1a: Gothitelle|slp
|move|p2a: FatBoner|Seismic Toss|p1a: Gothitelle
|-damage|p1a: Gothitelle|119\/301 slp
|
|-heal|p1a: Gothitelle|137\/301 slp|[from] item: Leftovers
|turn|90
|
|cant|p1a: Gothitelle|slp
|move|p2a: FatBoner|Seismic Toss|p1a: Gothitelle
|-damage|p1a: Gothitelle|37\/301 slp
|
|-heal|p1a: Gothitelle|55\/301 slp|[from] item: Leftovers
|turn|91
|
|move|p2a: FatBoner|Protect|p2a: FatBoner
|-singleturn|p2a: FatBoner|Protect
|-curestatus|p1a: Gothitelle|slp
|move|p1a: Gothitelle|Rest|p1a: Gothitelle
|-status|p1a: Gothitelle|slp
|-heal|p1a: Gothitelle|301\/301 slp|[silent]
|-status|p1a: Gothitelle|slp|[from] move: Rest
|
|turn|92
|
|cant|p1a: Gothitelle|slp
|move|p2a: FatBoner|Seismic Toss|p1a: Gothitelle
|-damage|p1a: Gothitelle|201\/301 slp
|
|-heal|p1a: Gothitelle|219\/301 slp|[from] item: Leftovers
|turn|93
|
|cant|p1a: Gothitelle|slp
|move|p2a: FatBoner|Seismic Toss|p1a: Gothitelle
|-damage|p1a: Gothitelle|119\/301 slp
|
|-heal|p1a: Gothitelle|137\/301 slp|[from] item: Leftovers
|turn|94
|c|âMix01|ok can you just kill me
|
|-curestatus|p1a: Gothitelle|slp
|move|p1a: Gothitelle|Calm Mind|p1a: Gothitelle
|-boost|p1a: Gothitelle|spa|1
|-boost|p1a: Gothitelle|spd|1
|move|p2a: FatBoner|Seismic Toss|p1a: Gothitelle
|-damage|p1a: Gothitelle|37\/301
|
|-heal|p1a: Gothitelle|55\/301|[from] item: Leftovers
|turn|95
|
|move|p1a: Gothitelle|Rest|p1a: Gothitelle
|-status|p1a: Gothitelle|slp
|-heal|p1a: Gothitelle|301\/301 slp|[silent]
|-status|p1a: Gothitelle|slp|[from] move: Rest
|move|p2a: FatBoner|Wish|p2a: FatBoner
|
|turn|96
|c|âMix01|here i wont hit back
|
|move|p2a: FatBoner|Protect|p2a: FatBoner
|-singleturn|p2a: FatBoner|Protect
|cant|p1a: Gothitelle|slp
|
|turn|97
|
|cant|p1a: Gothitelle|slp
|move|p2a: FatBoner|Wish|p2a: FatBoner
|
|turn|98
|
|move|p2a: FatBoner|Protect|p2a: FatBoner
|-singleturn|p2a: FatBoner|Protect
|-curestatus|p1a: Gothitelle|slp
|move|p1a: Gothitelle|Psychic|p2a: FatBoner
|-activate|p2a: FatBoner|Protect
|
|turn|99
|
|move|p1a: Gothitelle|Psychic|p2a: FatBoner
|-damage|p2a: FatBoner|391\/703
|move|p2a: FatBoner|Wish|p2a: FatBoner
|
|turn|100
|c|âMix01|lol no way
|
|move|p2a: FatBoner|Protect|p2a: FatBoner
|-singleturn|p2a: FatBoner|Protect
|move|p1a: Gothitelle|Psychic|p2a: FatBoner
|-activate|p2a: FatBoner|Protect
|
|-heal|p2a: FatBoner|703\/703|[from] move: Wish|[wisher] FatBoner
|turn|101
|c|âMewtwo927|pp stall?
|c|âMix01|XD
|
|move|p1a: Gothitelle|Calm Mind|p1a: Gothitelle
|-fail|p1a: Gothitelle
|move|p2a: FatBoner|Seismic Toss|p1a: Gothitelle
|-damage|p1a: Gothitelle|201\/301
|
|-heal|p1a: Gothitelle|219\/301|[from] item: Leftovers
|turn|102
|c|âMix01|i can
|c|âMix01|lol
|
|move|p1a: Gothitelle|Psychic|p2a: FatBoner
|-damage|p2a: FatBoner|405\/703
|move|p2a: FatBoner|Seismic Toss|p1a: Gothitelle
|-damage|p1a: Gothitelle|119\/301
|
|-heal|p1a: Gothitelle|137\/301|[from] item: Leftovers
|turn|103
|
|move|p1a: Gothitelle|Psychic|p2a: FatBoner
|-damage|p2a: FatBoner|62\/703
|move|p2a: FatBoner|Wish|p2a: FatBoner
|
|-heal|p1a: Gothitelle|155\/301|[from] item: Leftovers
|turn|104
|
|move|p1a: Gothitelle|Rest|p1a: Gothitelle
|-status|p1a: Gothitelle|slp
|-heal|p1a: Gothitelle|301\/301 slp|[silent]
|-status|p1a: Gothitelle|slp|[from] move: Rest
|move|p2a: FatBoner|Seismic Toss|p1a: Gothitelle
|-damage|p1a: Gothitelle|201\/301 slp
|
|-heal|p2a: FatBoner|413\/703|[from] move: Wish|[wisher] FatBoner
|-heal|p1a: Gothitelle|219\/301 slp|[from] item: Leftovers
|turn|105
|
|cant|p1a: Gothitelle|slp
|move|p2a: FatBoner|Wish|p2a: FatBoner
|
|-heal|p1a: Gothitelle|237\/301 slp|[from] item: Leftovers
|turn|106
|c|âMix01|this is too funny
|
|cant|p1a: Gothitelle|slp
|move|p2a: FatBoner|Seismic Toss|p1a: Gothitelle
|-damage|p1a: Gothitelle|137\/301 slp
|
|-heal|p2a: FatBoner|703\/703|[from] move: Wish|[wisher] FatBoner
|-heal|p1a: Gothitelle|155\/301 slp|[from] item: Leftovers
|turn|107
|
|-curestatus|p1a: Gothitelle|slp
|move|p1a: Gothitelle|Rest|p1a: Gothitelle
|-status|p1a: Gothitelle|slp
|-heal|p1a: Gothitelle|301\/301 slp|[silent]
|-status|p1a: Gothitelle|slp|[from] move: Rest
|move|p2a: FatBoner|Wish|p2a: FatBoner
|
|turn|108
|
|cant|p1a: Gothitelle|slp
|move|p2a: FatBoner|Seismic Toss|p1a: Gothitelle
|-damage|p1a: Gothitelle|201\/301 slp
|
|-heal|p1a: Gothitelle|219\/301 slp|[from] item: Leftovers
|turn|109
|
|move|p2a: FatBoner|Protect|p2a: FatBoner
|-singleturn|p2a: FatBoner|Protect
|cant|p1a: Gothitelle|slp
|
|-heal|p1a: Gothitelle|237\/301 slp|[from] item: Leftovers
|turn|110
|
|-curestatus|p1a: Gothitelle|slp
|move|p1a: Gothitelle|Psychic|p2a: FatBoner
|-damage|p2a: FatBoner|402\/703
|move|p2a: FatBoner|Heal Bell|p2a: FatBoner
|-cureteam|p2a: FatBoner|[from] move: HealBell
|
|-heal|p1a: Gothitelle|255\/301|[from] item: Leftovers
|turn|111
|
|move|p1a: Gothitelle|Psychic|p2a: FatBoner
|-damage|p2a: FatBoner|72\/703
|move|p2a: FatBoner|Wish|p2a: FatBoner
|
|-heal|p1a: Gothitelle|273\/301|[from] item: Leftovers
|turn|112
|
|move|p2a: FatBoner|Protect|p2a: FatBoner
|-singleturn|p2a: FatBoner|Protect
|move|p1a: Gothitelle|Psychic|p2a: FatBoner
|-activate|p2a: FatBoner|Protect
|
|-heal|p2a: FatBoner|423\/703|[from] move: Wish|[wisher] FatBoner
|-heal|p1a: Gothitelle|291\/301|[from] item: Leftovers
|turn|113
|
|move|p1a: Gothitelle|Psychic|p2a: FatBoner
|-damage|p2a: FatBoner|86\/703
|move|p2a: FatBoner|Wish|p2a: FatBoner
|
|-heal|p1a: Gothitelle|301\/301|[from] item: Leftovers
|turn|114
|
|move|p2a: FatBoner|Protect|p2a: FatBoner
|-singleturn|p2a: FatBoner|Protect
|move|p1a: Gothitelle|Calm Mind|p1a: Gothitelle
|-fail|p1a: Gothitelle
|
|-heal|p2a: FatBoner|437\/703|[from] move: Wish|[wisher] FatBoner
|turn|115
|
|move|p1a: Gothitelle|Psychic|p2a: FatBoner
|-damage|p2a: FatBoner|110\/703
|move|p2a: FatBoner|Wish|p2a: FatBoner
|
|turn|116
|c|âMewtwo927|!data wish
|c|~|\/data-move Wish

|
|move|p1a: Gothitelle|Calm Mind|p1a: Gothitelle
|-fail|p1a: Gothitelle
|move|p2a: FatBoner|Seismic Toss|p1a: Gothitelle
|-damage|p1a: Gothitelle|201\/301
|
|-heal|p2a: FatBoner|461\/703|[from] move: Wish|[wisher] FatBoner
|-heal|p1a: Gothitelle|219\/301|[from] item: Leftovers
|turn|117
|
|move|p1a: Gothitelle|Calm Mind|p1a: Gothitelle
|-fail|p1a: Gothitelle
|move|p2a: FatBoner|Wish|p2a: FatBoner
|
|-heal|p1a: Gothitelle|237\/301|[from] item: Leftovers
|turn|118
|
|move|p2a: FatBoner|Protect|p2a: FatBoner
|-singleturn|p2a: FatBoner|Protect
|move|p1a: Gothitelle|Calm Mind|p1a: Gothitelle
|-fail|p1a: Gothitelle
|
|-heal|p2a: FatBoner|703\/703|[from] move: Wish|[wisher] FatBoner
|-heal|p1a: Gothitelle|255\/301|[from] item: Leftovers
|turn|119
|
|move|p1a: Gothitelle|Calm Mind|p1a: Gothitelle
|-fail|p1a: Gothitelle
|move|p2a: FatBoner|Seismic Toss|p1a: Gothitelle
|-damage|p1a: Gothitelle|155\/301
|
|-heal|p1a: Gothitelle|173\/301|[from] item: Leftovers
|turn|120
|
|move|p1a: Gothitelle|Calm Mind|p1a: Gothitelle
|-fail|p1a: Gothitelle
|move|p2a: FatBoner|Seismic Toss|p1a: Gothitelle
|-damage|p1a: Gothitelle|73\/301
|
|-heal|p1a: Gothitelle|91\/301|[from] item: Leftovers
|turn|121
|c|âMix01|im out
|c|âMix01|:(
|c|âMewtwo927|:(
|c|âMewtwo927|y not giving up at first
|c|âMix01|i wont heal bell
|c|âMix01|cuz
|
|move|p1a: Gothitelle|Rest|p1a: Gothitelle
|-status|p1a: Gothitelle|slp
|-heal|p1a: Gothitelle|301\/301 slp|[silent]
|-status|p1a: Gothitelle|slp|[from] move: Rest
|move|p2a: FatBoner|Seismic Toss|p1a: Gothitelle
|-damage|p1a: Gothitelle|201\/301 slp
|
|-heal|p1a: Gothitelle|219\/301 slp|[from] item: Leftovers
|turn|122
|c|âMix01|crap
|c|âMix01|XD
|c|âMix01|no fooling you
|
|cant|p1a: Gothitelle|slp
|move|p2a: FatBoner|Heal Bell|p2a: FatBoner
|-cureteam|p2a: FatBoner|[from] move: HealBell
|
|-heal|p1a: Gothitelle|237\/301 slp|[from] item: Leftovers
|turn|123
|
|cant|p1a: Gothitelle|slp
|move|p2a: FatBoner|Heal Bell|p2a: FatBoner
|-cureteam|p2a: FatBoner|[from] move: HealBell
|
|-heal|p1a: Gothitelle|255\/301 slp|[from] item: Leftovers
|turn|124
|c|âMix01|did you almost not go for rest
|
|-curestatus|p1a: Gothitelle|slp
|move|p1a: Gothitelle|Psychic|p2a: FatBoner
|-damage|p2a: FatBoner|360\/703
|move|p2a: FatBoner|Heal Bell|p2a: FatBoner
|-cureteam|p2a: FatBoner|[from] move: HealBell
|
|-heal|p1a: Gothitelle|273\/301|[from] item: Leftovers
|turn|125
|c|âMewtwo927|still 4 left
|
|move|p1a: Gothitelle|Psychic|p2a: FatBoner
|-crit|p2a: FatBoner
|-damage|p2a: FatBoner|0 fnt
|faint|p2a: FatBoner
|
|-heal|p1a: Gothitelle|291\/301|[from] item: Leftovers
|c|âMix01|there it is
|c|âMix01|XD
|
|switch|p2a: SneakyBoner|Sableye-Mega, F|303\/303
|turn|126
|
|switch|p1a: Chansey|Chansey, F|704\/704
|move|p2a: SneakyBoner|Calm Mind|p2a: SneakyBoner
|-boost|p2a: SneakyBoner|spa|1
|-boost|p2a: SneakyBoner|spd|1
|
|turn|127
|
|switch|p1a: Sableye|Sableye-Mega, M|225\/304
|switch|p2a: Bonertrap|Gothitelle, F|122\/301
|
|turn|128
|c|âMewtwo927|i think i lost
|c|âMix01|yeah
|
|switch|p2a: PedoBoner|Celebi|395\/395
|move|p1a: Sableye|Calm Mind|p1a: Sableye
|-boost|p1a: Sableye|spa|1
|-boost|p1a: Sableye|spd|1
|
|turn|129
|c|âMix01|i still have sableye
|
|move|p2a: PedoBoner|Baton Pass|p2a: PedoBoner
|
|switch|p2a: Boner|Rhyperior, F|173\/434
|move|p1a: Sableye|Calm Mind|p1a: Sableye
|-boost|p1a: Sableye|spa|1
|-boost|p1a: Sableye|spd|1
|
|-heal|p2a: Boner|200\/434|[from] item: Leftovers
|turn|130
|
|switch|p2a: SneakyBoner|Sableye-Mega, F|303\/303
|move|p1a: Sableye|Will-O-Wisp|p2a: SneakyBoner
|move|p2a: SneakyBoner|Will-O-Wisp|p1a: Sableye|[from]Magic Bounce
|-status|p1a: Sableye|brn
|
|-damage|p1a: Sableye|187\/304 brn|[from] brn
|turn|131
|
|move|p1a: Sableye|Calm Mind|p1a: Sableye
|-boost|p1a: Sableye|spa|1
|-boost|p1a: Sableye|spd|1
|move|p2a: SneakyBoner|Calm Mind|p2a: SneakyBoner
|-boost|p2a: SneakyBoner|spa|1
|-boost|p2a: SneakyBoner|spd|1
|
|-damage|p1a: Sableye|149\/304 brn|[from] brn
|turn|132
|
|move|p1a: Sableye|Recover|p1a: Sableye
|-heal|p1a: Sableye|301\/304 brn
|move|p2a: SneakyBoner|Calm Mind|p2a: SneakyBoner
|-boost|p2a: SneakyBoner|spa|1
|-boost|p2a: SneakyBoner|spd|1
|
|-damage|p1a: Sableye|263\/304 brn|[from] brn
|turn|133
|c|âMix01|did you like that
|c|âMewtwo927|no
|c|âMix01|:(
|c|âMix01|but i did it just for you
|
|move|p1a: Sableye|Calm Mind|p1a: Sableye
|-boost|p1a: Sableye|spa|1
|-boost|p1a: Sableye|spd|1
|move|p2a: SneakyBoner|Calm Mind|p2a: SneakyBoner
|-boost|p2a: SneakyBoner|spa|1
|-boost|p2a: SneakyBoner|spd|1
|
|-damage|p1a: Sableye|225\/304 brn|[from] brn
|turn|134
|
|move|p1a: Sableye|Snarl|p2a: SneakyBoner
|-miss|p1a: Sableye|p2a: SneakyBoner
|move|p2a: SneakyBoner|Calm Mind|p2a: SneakyBoner
|-boost|p2a: SneakyBoner|spa|1
|-boost|p2a: SneakyBoner|spd|1
|
|-damage|p1a: Sableye|187\/304 brn|[from] brn
|turn|135
|join|sonyfan
|join|mwmel
|c|âMewtwo927|lol
|join|Troyboyleonard18
|
|move|p1a: Sableye|Recover|p1a: Sableye
|-heal|p1a: Sableye|304\/304 brn
|move|p2a: SneakyBoner|Calm Mind|p2a: SneakyBoner
|-boost|p2a: SneakyBoner|spa|1
|-boost|p2a: SneakyBoner|spd|1
|
|-damage|p1a: Sableye|266\/304 brn|[from] brn
|turn|136
|leave|sonyfan
|
|switch|p1a: Chansey|Chansey, F|704\/704
|move|p2a: SneakyBoner|Dark Pulse|p1a: Chansey
|-damage|p1a: Chansey|517\/704
|
|turn|137
|join|Zucifer2
|c|âMewtwo927|alomst end
|c|âMix01|omg
|c|âMix01|that did nothing
|c|âMewtwo927|but still u cant kill mt chansey
|leave|mwmel
|
|move|p1a: Chansey|Soft-Boiled|p1a: Chansey
|-heal|p1a: Chansey|704\/704
|move|p2a: SneakyBoner|Calm Mind|p2a: SneakyBoner
|-boost|p2a: SneakyBoner|spa|1
|-boost|p2a: SneakyBoner|spd|1
|
|turn|138
|
|move|p1a: Chansey|Seismic Toss|p2a: SneakyBoner
|-immune|p2a: SneakyBoner|[msg]
|move|p2a: SneakyBoner|Dark Pulse|p1a: Chansey
|-damage|p1a: Chansey|485\/704
|
|turn|139
|
|move|p1a: Chansey|Seismic Toss|p2a: SneakyBoner
|-immune|p2a: SneakyBoner|[msg]
|move|p2a: SneakyBoner|Dark Pulse|p1a: Chansey
|-crit|p1a: Chansey
|-damage|p1a: Chansey|157\/704
|
|turn|140
|
|move|p1a: Chansey|Soft-Boiled|p1a: Chansey
|-heal|p1a: Chansey|509\/704
|move|p2a: SneakyBoner|Dark Pulse|p1a: Chansey
|-damage|p1a: Chansey|295\/704
|
|turn|141
|c| Troyboyleonard18|wow
|
|move|p1a: Chansey|Soft-Boiled|p1a: Chansey
|-heal|p1a: Chansey|647\/704
|move|p2a: SneakyBoner|Dark Pulse|p1a: Chansey
|-crit|p1a: Chansey
|-damage|p1a: Chansey|308\/704
|
|turn|142
|
|switch|p2a: Bonertrap|Gothitelle, F|122\/301
|move|p1a: Chansey|Soft-Boiled|p1a: Chansey
|-heal|p1a: Chansey|660\/704
|
|turn|143
|c|âMewtwo927|y did you get so many crit!
|c|âMewtwo927|oh no
|c|âMix01|muhaha
|
|move|p2a: Bonertrap|Trick|p1a: Chansey
|-activate|p2a: Bonertrap|move: Trick|[of] p1a: Chansey
|-item|p1a: Chansey|Choice Scarf|[from] move: Trick
|-item|p2a: Bonertrap|Eviolite|[from] move: Trick
|move|p1a: Chansey|Stealth Rock|p2a: Bonertrap
|-sidestart|p2: Mix01|move: Stealth Rock
|
|turn|144
|c|âMix01|lol
|c|âMewtwo927|just kill me
|
|move|p2a: Bonertrap|Calm Mind|p2a: Bonertrap
|-boost|p2a: Bonertrap|spa|1
|-boost|p2a: Bonertrap|spd|1
|move|p1a: Chansey|Stealth Rock|p2a: Bonertrap
|-fail|p2a: Bonertrap
|
|turn|145
|join|dexterliew
|
|move|p2a: Bonertrap|Calm Mind|p2a: Bonertrap
|-boost|p2a: Bonertrap|spa|1
|-boost|p2a: Bonertrap|spd|1
|move|p1a: Chansey|Stealth Rock|p2a: Bonertrap
|-fail|p2a: Bonertrap
|
|turn|146
|
|move|p2a: Bonertrap|Calm Mind|p2a: Bonertrap
|-boost|p2a: Bonertrap|spa|1
|-boost|p2a: Bonertrap|spd|1
|move|p1a: Chansey|Stealth Rock|p2a: Bonertrap
|-fail|p2a: Bonertrap
|
|turn|147
|
|move|p2a: Bonertrap|Calm Mind|p2a: Bonertrap
|-boost|p2a: Bonertrap|spa|1
|-boost|p2a: Bonertrap|spd|1
|move|p1a: Chansey|Stealth Rock|p2a: Bonertrap
|-fail|p2a: Bonertrap
|
|turn|148
|
|move|p2a: Bonertrap|Calm Mind|p2a: Bonertrap
|-boost|p2a: Bonertrap|spa|1
|-boost|p2a: Bonertrap|spd|1
|move|p1a: Chansey|Stealth Rock|p2a: Bonertrap
|-fail|p2a: Bonertrap
|
|turn|149
|
|move|p2a: Bonertrap|Calm Mind|p2a: Bonertrap
|-boost|p2a: Bonertrap|spa|1
|-boost|p2a: Bonertrap|spd|1
|move|p1a: Chansey|Stealth Rock|p2a: Bonertrap
|-fail|p2a: Bonertrap
|
|turn|150
|c|âMix01|sorry
|c|âMix01|i just want max hp
|
|move|p2a: Bonertrap|Rest|p2a: Bonertrap
|-status|p2a: Bonertrap|slp
|-heal|p2a: Bonertrap|301\/301 slp|[silent]
|-status|p2a: Bonertrap|slp|[from] move: Rest
|move|p1a: Chansey|Stealth Rock|p2a: Bonertrap
|-fail|p2a: Bonertrap
|
|turn|151
|c|âMix01|then i kill you :\/
|
|cant|p2a: Bonertrap|slp
|move|p1a: Chansey|Stealth Rock|p2a: Bonertrap
|-fail|p2a: Bonertrap
|
|turn|152
|c|âMewtwo927|i wonder how many calm mind left?
|
|cant|p2a: Bonertrap|slp
|move|p1a: Chansey|Stealth Rock|p2a: Bonertrap
|-fail|p2a: Bonertrap
|
|turn|153
|
|-curestatus|p2a: Bonertrap|slp
|move|p2a: Bonertrap|Calm Mind|p2a: Bonertrap
|-fail|p2a: Bonertrap
|move|p1a: Chansey|Stealth Rock|p2a: Bonertrap
|-fail|p2a: Bonertrap
|
|turn|154
|c|âMewtwo927|just kill me..
|c|âMewtwo927|dont pp stall
|c|âMix01|how much do you run
|c|âMewtwo927|20 more
|c|âMewtwo927|plz
|c|âMix01|no i mean hp
|c|âMix01|how much hp do you run
|c|âMix01|tell me and i wont pp stall
|c|âMewtwo927|660
|
|move|p2a: Bonertrap|Trick|p1a: Chansey
|-activate|p2a: Bonertrap|move: Trick|[of] p1a: Chansey
|-item|p1a: Chansey|Eviolite|[from] move: Trick
|-item|p2a: Bonertrap|Choice Scarf|[from] move: Trick
|move|p1a: Chansey|Stealth Rock|p2a: Bonertrap
|-fail|p2a: Bonertrap
|
|turn|155
|c|âMix01|ok
|c|âMewtwo927|i want to have my dinner buddy
|
|move|p2a: Bonertrap|Psyshock|p1a: Chansey
|-damage|p1a: Chansey|137\/704
|move|p1a: Chansey|Seismic Toss|p2a: Bonertrap
|-damage|p2a: Bonertrap|201\/301
|
|turn|156
|c|âMix01|oh crap
|c|âMix01|i calced without
|c|âMix01|oh wlel
|c|âMix01|well
|
|move|p2a: Bonertrap|Psyshock|p1a: Chansey
|-damage|p1a: Chansey|0 fnt
|faint|p1a: Chansey
|
|
|switch|p1a: Sableye|Sableye-Mega, M|266\/304 brn
|turn|157
|
|move|p2a: Bonertrap|Psyshock|p1a: Sableye
|-immune|p1a: Sableye|[msg]
|move|p1a: Sableye|Will-O-Wisp|p2a: Bonertrap
|-status|p2a: Bonertrap|brn
|
|-damage|p2a: Bonertrap|164\/301 brn|[from] brn
|-damage|p1a: Sableye|228\/304 brn|[from] brn
|turn|158
|
|switch|p2a: Boner|Rhyperior, F|200\/434
|-damage|p2a: Boner|173\/434|[from] Stealth Rock
|switch|p1a: Skarmory|Skarmory, F|334\/334
|
|-heal|p2a: Boner|200\/434|[from] item: Leftovers
|turn|159
|
|switch|p2a: Bonertrap|Gothitelle, F|164\/301 brn
|-damage|p2a: Bonertrap|127\/301 brn|[from] Stealth Rock
|move|p1a: Skarmory|Whirlwind|p2a: Bonertrap
|drag|p2a: SneakyBoner|Sableye-Mega, F|303\/303
|-damage|p2a: SneakyBoner|266\/303|[from] Stealth Rock
|
|turn|160
|
|move|p2a: SneakyBoner|Dark Pulse|p1a: Skarmory
|-damage|p1a: Skarmory|226\/334
|move|p1a: Skarmory|Whirlwind|p2a: SneakyBoner
|move|p2a: SneakyBoner|Whirlwind|p1a: Skarmory|[from]Magic Bounce
|drag|p1a: Sableye|Sableye-Mega, M|228\/304 brn
|
|-damage|p1a: Sableye|190\/304 brn|[from] brn
|turn|161
|
|move|p1a: Sableye|Recover|p1a: Sableye
|-heal|p1a: Sableye|304\/304 brn
|move|p2a: SneakyBoner|Calm Mind|p2a: SneakyBoner
|-boost|p2a: SneakyBoner|spa|1
|-boost|p2a: SneakyBoner|spd|1
|
|-damage|p1a: Sableye|266\/304 brn|[from] brn
|turn|162
|c|âMewtwo927|ok i give up gg
|c|âMix01|gg
|-message|Mewtwo927 forfeited.
|
|win|Mix01
|raw|Ladder updating...
|leave|Mewtwo927
|player|p1
|raw|Mewtwo927's rating: 1491 &rarr; <strong>1469<\/strong><br \/>(-22 for losing)
|raw|Mix01's rating: 1458 &rarr; <strong>1479<\/strong><br \/>(+21 for winning)
|c|âMix01|jeez
|leave|Zucifer2
|c|âMix01|i only had 3 more calm minds
|c|âMix01|:\/
|leave|dexterliew