|join|Mewtwo927
|join|Kama Sutra
|player|p1|Mewtwo927|27
|player|p2|Kama Sutra|79
|gametype|singles
|gen|6
|tier|OU
|rated
|clearpoke
|poke|p1|Sableye, M, shiny
|poke|p1|Chansey, F
|poke|p1|Skarmory, F
|poke|p1|Quagsire, F
|poke|p1|Gothitelle, F
|poke|p1|Celebi
|poke|p2|Alakazam, F, shiny
|poke|p2|Landorus-Therian, M
|poke|p2|Ferrothorn, M
|poke|p2|Sylveon, F
|poke|p2|Keldeo-Resolute
|poke|p2|Bisharp, F
|rule|Swagger Clause: Swagger is banned
|rule|Baton Pass Clause: Limit one PokÃ©mon knowing Baton Pass
|rule|Sleep Clause Mod: Limit one foe put to sleep
|rule|Species Clause: Limit one of each PokÃ©mon
|rule|OHKO Clause: OHKO moves are banned
|rule|Moody Clause: Moody is banned
|rule|Evasion Moves Clause: Evasion moves are banned
|rule|Endless Battle Clause: Forcing endless battles is banned
|rule|HP Percentage Mod: HP is shown in percentages
|teampreview
|
|start
|switch|p1a: Sableye|Sableye, M, shiny|304\/304
|switch|p2a: Keldeo-Resolute|Keldeo-Resolute|323\/323
|turn|1
|
|switch|p2a: Sylveon|Sylveon, F|394\/394
|detailschange|p1a: Sableye|Sableye-Mega, M, shiny
|-mega|p1a: Sableye|Sableye|Sablenite
|move|p1a: Sableye|Will-O-Wisp|p2a: Sylveon
|-status|p2a: Sylveon|brn
|
|-damage|p2a: Sylveon|345\/394 brn|[from] brn
|turn|2
|
|switch|p2a: Bisharp|Bisharp, F|271\/271
|switch|p1a: Chansey|Chansey, F|704\/704
|
|turn|3
|
|switch|p1a: Quagsire|Quagsire, F|394\/394
|move|p2a: Bisharp|Knock Off|p1a: Quagsire
|-damage|p1a: Quagsire|207\/394
|-enditem|p1a: Quagsire|Leftovers|[from] move: Knock Off|[of] p2a: Bisharp
|
|turn|4
|
|switch|p2a: Ferrothorn|Ferrothorn, M|352\/352
|move|p1a: Quagsire|Recover|p1a: Quagsire
|-heal|p1a: Quagsire|394\/394
|
|turn|5
|
|switch|p1a: Sableye|Sableye-Mega, M, shiny|304\/304
|switch|p2a: Bisharp|Bisharp, F|271\/271
|
|turn|6
|
|switch|p2a: Sylveon|Sylveon, F|345\/394 brn
|move|p1a: Sableye|Will-O-Wisp|p2a: Sylveon
|-fail|p2a: Sylveon|brn
|
|-heal|p2a: Sylveon|369\/394 brn|[from] item: Leftovers
|-damage|p2a: Sylveon|320\/394 brn|[from] brn
|turn|7
|
|switch|p1a: Gothitelle|Gothitelle, F|301\/301
|move|p2a: Sylveon|Heal Bell|p2a: Sylveon
|-cureteam|p2a: Sylveon|[from] move: HealBell
|
|-heal|p2a: Sylveon|344\/394|[from] item: Leftovers
|turn|8
|
|move|p2a: Sylveon|Protect|p2a: Sylveon
|-singleturn|p2a: Sylveon|Protect
|move|p1a: Gothitelle|Trick|p2a: Sylveon
|-activate|p2a: Sylveon|Protect
|
|-heal|p2a: Sylveon|368\/394|[from] item: Leftovers
|turn|9
|
|move|p1a: Gothitelle|Trick|p2a: Sylveon
|-activate|p1a: Gothitelle|move: Trick|[of] p2a: Sylveon
|-item|p2a: Sylveon|Choice Scarf|[from] move: Trick
|-item|p1a: Gothitelle|Leftovers|[from] move: Trick
|move|p2a: Sylveon|Hyper Voice|p1a: Gothitelle
|-damage|p1a: Gothitelle|163\/301
|
|-heal|p1a: Gothitelle|181\/301|[from] item: Leftovers
|turn|10
|
|switch|p1a: Chansey|Chansey, F|704\/704
|move|p2a: Sylveon|Hyper Voice|p1a: Chansey
|-damage|p1a: Chansey|604\/704
|
|turn|11
|
|switch|p2a: Keldeo-Resolute|Keldeo-Resolute|323\/323
|move|p1a: Chansey|Stealth Rock|p2a: Keldeo-Resolute
|-sidestart|p2: Kama Sutra|move: Stealth Rock
|
|turn|12
|
|switch|p1a: Celebi|Celebi|404\/404
|move|p2a: Keldeo-Resolute|Substitute|p2a: Keldeo-Resolute
|-start|p2a: Keldeo-Resolute|Substitute
|-damage|p2a: Keldeo-Resolute|243\/323
|
|-heal|p2a: Keldeo-Resolute|263\/323|[from] item: Leftovers
|turn|13
|
|move|p2a: Keldeo-Resolute|Calm Mind|p2a: Keldeo-Resolute
|-boost|p2a: Keldeo-Resolute|spa|1
|-boost|p2a: Keldeo-Resolute|spd|1
|move|p1a: Celebi|Giga Drain|p2a: Keldeo-Resolute
|-supereffective|p2a: Keldeo-Resolute
|-end|p2a: Keldeo-Resolute|Substitute
|
|-heal|p2a: Keldeo-Resolute|283\/323|[from] item: Leftovers
|turn|14
|
|switch|p2a: Bisharp|Bisharp, F|271\/271
|-damage|p2a: Bisharp|255\/271|[from] Stealth Rock
|move|p1a: Celebi|Giga Drain|p2a: Bisharp
|-resisted|p2a: Bisharp
|-damage|p2a: Bisharp|200\/271
|
|turn|15
|
|move|p2a: Bisharp|Pursuit|p1a: Celebi|[from]Pursuit
|-supereffective|p1a: Celebi
|-damage|p1a: Celebi|62\/404
|switch|p1a: Quagsire|Quagsire, F|394\/394
|
|turn|16
|
|switch|p2a: Keldeo-Resolute|Keldeo-Resolute|283\/323
|-damage|p2a: Keldeo-Resolute|263\/323|[from] Stealth Rock
|move|p1a: Quagsire|Scald|p2a: Keldeo-Resolute
|-resisted|p2a: Keldeo-Resolute
|-damage|p2a: Keldeo-Resolute|228\/323
|
|-heal|p2a: Keldeo-Resolute|248\/323|[from] item: Leftovers
|turn|17
|
|move|p2a: Keldeo-Resolute|Calm Mind|p2a: Keldeo-Resolute
|-boost|p2a: Keldeo-Resolute|spa|1
|-boost|p2a: Keldeo-Resolute|spd|1
|move|p1a: Quagsire|Earthquake|p2a: Keldeo-Resolute
|-damage|p2a: Keldeo-Resolute|133\/323
|
|-heal|p2a: Keldeo-Resolute|153\/323|[from] item: Leftovers
|turn|18
|
|move|p2a: Keldeo-Resolute|Scald|p1a: Quagsire
|-damage|p1a: Quagsire|208\/394
|-status|p1a: Quagsire|brn
|move|p1a: Quagsire|Earthquake|p2a: Keldeo-Resolute
|-damage|p2a: Keldeo-Resolute|96\/323
|
|-heal|p2a: Keldeo-Resolute|116\/323|[from] item: Leftovers
|-damage|p1a: Quagsire|159\/394 brn|[from] brn
|turn|19
|
|switch|p1a: Skarmory|Skarmory, F|334\/334
|move|p2a: Keldeo-Resolute|Substitute|p2a: Keldeo-Resolute
|-start|p2a: Keldeo-Resolute|Substitute
|-damage|p2a: Keldeo-Resolute|36\/323
|
|-heal|p2a: Keldeo-Resolute|56\/323|[from] item: Leftovers
|turn|20
|
|move|p2a: Keldeo-Resolute|Scald|p1a: Skarmory
|-damage|p1a: Skarmory|54\/334
|move|p1a: Skarmory|Whirlwind|p2a: Keldeo-Resolute
|drag|p2a: Bisharp|Bisharp, F|200\/271
|-damage|p2a: Bisharp|184\/271|[from] Stealth Rock
|
|turn|21
|
|move|p2a: Bisharp|Pursuit|p1a: Skarmory
|-damage|p1a: Skarmory|2\/334
|move|p1a: Skarmory|Roost|p1a: Skarmory
|-heal|p1a: Skarmory|169\/334
|
|turn|22
|
|switch|p2a: Alakazam|Alakazam, F, shiny|251\/251
|move|p1a: Skarmory|Roost|p1a: Skarmory
|-heal|p1a: Skarmory|334\/334
|
|turn|23
|
|move|p2a: Alakazam|Encore|p1a: Skarmory
|-start|p1a: Skarmory|Encore
|move|p1a: Skarmory|Roost|p1a: Skarmory
|-fail|p1a: Skarmory
|
|turn|24
|
|switch|p1a: Chansey|Chansey, F|604\/704
|move|p2a: Alakazam|Focus Blast|p1a: Chansey
|-supereffective|p1a: Chansey
|-damage|p1a: Chansey|426\/704
|
|turn|25
|
|detailschange|p2a: Alakazam|Alakazam-Mega, F, shiny
|-mega|p2a: Alakazam|Alakazam|Alakazite
|-ability|p2a: Alakazam|Natural Cure|[from] ability: Trace|[of] p1a: Chansey
|move|p2a: Alakazam|Focus Blast|p1a: Chansey|[miss]
|-miss|p2a: Alakazam|p1a: Chansey
|move|p1a: Chansey|Seismic Toss|p2a: Alakazam
|-damage|p2a: Alakazam|151\/251
|
|turn|26
|
|move|p2a: Alakazam|Psyshock|p1a: Chansey
|-damage|p1a: Chansey|170\/704
|move|p1a: Chansey|Soft-Boiled|p1a: Chansey
|-heal|p1a: Chansey|522\/704
|
|turn|27
|
|move|p2a: Alakazam|Encore|p1a: Chansey
|-start|p1a: Chansey|Encore
|move|p1a: Chansey|Soft-Boiled|p1a: Chansey
|-heal|p1a: Chansey|704\/704
|
|turn|28
|
|switch|p2a: Keldeo-Resolute|Keldeo-Resolute|56\/323
|-damage|p2a: Keldeo-Resolute|36\/323|[from] Stealth Rock
|switch|p1a: Skarmory|Skarmory, F|334\/334
|
|-heal|p2a: Keldeo-Resolute|56\/323|[from] item: Leftovers
|turn|29
|
|switch|p2a: Ferrothorn|Ferrothorn, M|352\/352
|-damage|p2a: Ferrothorn|330\/352|[from] Stealth Rock
|move|p1a: Skarmory|Brave Bird|p2a: Ferrothorn
|-damage|p2a: Ferrothorn|257\/352
|-damage|p1a: Skarmory|293\/334|[from] ability: Iron Barbs|[of] p2a: Ferrothorn
|-damage|p1a: Skarmory|269\/334|[from] recoil|[of] p2a: Ferrothorn
|
|-heal|p2a: Ferrothorn|279\/352|[from] item: Leftovers
|turn|30
|
|switch|p1a: Sableye|Sableye-Mega, M, shiny|304\/304
|switch|p2a: Keldeo-Resolute|Keldeo-Resolute|56\/323
|-damage|p2a: Keldeo-Resolute|36\/323|[from] Stealth Rock
|
|-heal|p2a: Keldeo-Resolute|56\/323|[from] item: Leftovers
|turn|31
|
|switch|p2a: Sylveon|Sylveon, F|368\/394
|-damage|p2a: Sylveon|319\/394|[from] Stealth Rock
|move|p1a: Sableye|Shadow Ball|p2a: Sylveon
|-damage|p2a: Sylveon|271\/394
|-unboost|p2a: Sylveon|spd|1
|
|turn|32
|
|switch|p1a: Chansey|Chansey, F|704\/704
|move|p2a: Sylveon|Wish|p2a: Sylveon
|
|turn|33
|
|switch|p2a: Alakazam|Alakazam-Mega, F, shiny|151\/251
|-damage|p2a: Alakazam|120\/251|[from] Stealth Rock
|-ability|p2a: Alakazam|Natural Cure|[from] ability: Trace|[of] p1a: Chansey
|move|p1a: Chansey|Aromatherapy|p1a: Chansey
|-cureteam|p1a: Chansey|[from] move: Aromatherapy
|
|-heal|p2a: Alakazam|251\/251|[from] move: Wish|[wisher] Sylveon
|turn|34
|
|switch|p2a: Sylveon|Sylveon, F|271\/394
|-damage|p2a: Sylveon|222\/394|[from] Stealth Rock
|switch|p1a: Skarmory|Skarmory, F|269\/334
|
|turn|35
|
|move|p2a: Sylveon|Wish|p2a: Sylveon
|move|p1a: Skarmory|Spikes|p2a: Sylveon
|-sidestart|p2: Kama Sutra|Spikes
|
|turn|36
|
|switch|p2a: Keldeo-Resolute|Keldeo-Resolute|56\/323
|-damage|p2a: Keldeo-Resolute|36\/323|[from] Stealth Rock
|-damage|p2a: Keldeo-Resolute|0 fnt|[from] Spikes
|faint|p2a: Keldeo-Resolute
|move|p1a: Skarmory|Whirlwind|p2: Keldeo-Resolute|[notarget]
|-notarget
|
|
|switch|p2a: Alakazam|Alakazam-Mega, F, shiny|251\/251
|-damage|p2a: Alakazam|220\/251|[from] Stealth Rock
|-damage|p2a: Alakazam|189\/251|[from] Spikes
|-ability|p2a: Alakazam|Sturdy|[from] ability: Trace|[of] p1a: Skarmory
|turn|37
|
|switch|p1a: Chansey|Chansey, F|704\/704
|move|p2a: Alakazam|Focus Blast|p1a: Chansey
|-supereffective|p1a: Chansey
|-damage|p1a: Chansey|462\/704
|
|turn|38
|
|move|p2a: Alakazam|Psyshock|p1a: Chansey
|-damage|p1a: Chansey|227\/704
|move|p1a: Chansey|Soft-Boiled|p1a: Chansey
|-heal|p1a: Chansey|579\/704
|
|turn|39
|
|move|p2a: Alakazam|Encore|p1a: Chansey
|-start|p1a: Chansey|Encore
|move|p1a: Chansey|Soft-Boiled|p1a: Chansey
|-heal|p1a: Chansey|704\/704
|
|turn|40
|
|switch|p1a: Sableye|Sableye-Mega, M, shiny|304\/304
|move|p2a: Alakazam|Psyshock|p1a: Sableye
|-immune|p1a: Sableye|[msg]
|
|turn|41
|
|move|p2a: Alakazam|Psyshock|p1a: Sableye
|-immune|p1a: Sableye|[msg]
|move|p1a: Sableye|Shadow Ball|p2a: Alakazam
|-crit|p2a: Alakazam
|-supereffective|p2a: Alakazam
|-damage|p2a: Alakazam|0 fnt
|faint|p2a: Alakazam
|
|-message|Kama Sutra forfeited.
|
|win|Mewtwo927
|raw|Ladder updating...
|leave|Kama Sutra
|player|p2
|raw|Mewtwo927's rating: 1595 &rarr; <strong>1613<\/strong><br \/>(+18 for winning)
|raw|Kama Sutra's rating: 1559 &rarr; <strong>1541<\/strong><br \/>(-18 for losing)
|leave|Mewtwo927
|player|p1