|join|NoKnuckles
|join|thedangerousdave
|player|p1|NoKnuckles|23
|player|p2|thedangerousdave|102
|gametype|singles
|gen|6
|tier|UU
|rated
|rule|Sleep Clause Mod: Limit one foe put to sleep
|rule|Species Clause: Limit one of each Pokemon
|rule|OHKO Clause: OHKO moves are banned
|rule|Moody Clause: Moody is banned
|rule|Evasion Moves Clause: Evasion moves are banned
|rule|Endless Battle Clause: Forcing endless battles is banned.
|rule|HP Percentage Mod: HP is reported as percentages
|clearpoke
|poke|p1|Alakazam, M
|poke|p1|Roserade, M
|poke|p1|Chandelure, M
|poke|p1|Tentacruel, M
|poke|p1|Honchkrow, F
|poke|p1|Slowbro, F
|poke|p2|Flygon, F
|poke|p2|Donphan, F
|poke|p2|Absol, M
|poke|p2|Porygon-Z
|poke|p2|Slowbro, M
|poke|p2|Volcarona, F
|teampreview
|
|start
|switch|p1a: Honchkrow|Honchkrow, F|341\/341
|switch|p2a: Absol|Absol, M|271\/271
|turn|1
|
|detailschange|p2a: Absol|Absol-Mega, M
|message|Absol has Mega Evolved into Mega Absol!
|move|p2a: Absol|Superpower|p1a: Honchkrow
|-damage|p1a: Honchkrow|59\/341
|-unboost|p2a: Absol|atk|1
|-unboost|p2a: Absol|def|1
|move|p1a: Honchkrow|Brave Bird|p2a: Absol
|-damage|p2a: Absol|0 fnt
|-damage|p1a: Honchkrow|0 fnt|[from] recoil|[of] p2a: Absol
|faint|p2a: Absol
|faint|p1a: Honchkrow
|
|
|switch|p1a: Tentacruel|Tentacruel, M|364\/364
|switch|p2a: Porygon-Z|Porygon-Z|374\/374
|turn|2
|
|move|p1a: Tentacruel|Toxic|p2a: Porygon-Z
|-status|p2a: Porygon-Z|tox
|move|p2a: Porygon-Z|Thunderbolt|p1a: Tentacruel
|-supereffective|p1a: Tentacruel
|-damage|p1a: Tentacruel|222\/364
|-status|p1a: Tentacruel|par
|
|-heal|p1a: Tentacruel|244\/364 par|[from] item: Black Sludge
|-damage|p2a: Porygon-Z|351\/374 tox|[from] psn
|turn|3
|
|move|p2a: Porygon-Z|Tri Attack|p1a: Tentacruel
|-damage|p1a: Tentacruel|100\/364 par
|move|p1a: Tentacruel|Toxic Spikes|p2a: Porygon-Z
|-sidestart|p2: thedangerousdave|move: Toxic Spikes
|
|-heal|p1a: Tentacruel|122\/364 par|[from] item: Black Sludge
|-damage|p2a: Porygon-Z|305\/374 tox|[from] psn
|turn|4
|
|move|p2a: Porygon-Z|Tri Attack|p1a: Tentacruel
|-damage|p1a: Tentacruel|0 fnt
|faint|p1a: Tentacruel
|
|-damage|p2a: Porygon-Z|236\/374 tox|[from] psn
|
|switch|p1a: Alakazam|Alakazam, M|252\/252
|turn|5
|
|move|p1a: Alakazam|Psyshock|p2a: Porygon-Z
|-damage|p2a: Porygon-Z|26\/374 tox
|move|p2a: Porygon-Z|Signal Beam|p1a: Alakazam
|-supereffective|p1a: Alakazam
|-damage|p1a: Alakazam|24\/252
|
|-damage|p2a: Porygon-Z|0 fnt|[from] psn
|faint|p2a: Porygon-Z
|
|switch|p2a: Flygon|Flygon, F|301\/301
|turn|6
|
|switch|p1a: Chandelure|Chandelure, M|261\/261
|move|p2a: Flygon|Earthquake|p1a: Chandelure
|-supereffective|p1a: Chandelure
|-damage|p1a: Chandelure|0 fnt
|-damage|p2a: Flygon|271\/301|[from] item: Life Orb
|faint|p1a: Chandelure
|
|
|switch|p1a: Alakazam|Alakazam, M|24\/252
|turn|7
|
|move|p1a: Alakazam|Dazzling Gleam|p2a: Flygon
|-supereffective|p2a: Flygon
|-damage|p2a: Flygon|31\/301
|move|p2a: Flygon|Earthquake|p1a: Alakazam
|-crit|p1a: Alakazam
|-damage|p1a: Alakazam|0 fnt
|-damage|p2a: Flygon|1\/301|[from] item: Life Orb
|faint|p1a: Alakazam
|
|
|switch|p1a: Slowbro|Slowbro, F|394\/394
|turn|8
|
|move|p2a: Flygon|Outrage|p1a: Slowbro
|-damage|p1a: Slowbro|250\/394
|-damage|p2a: Flygon|0 fnt|[from] item: Life Orb
|faint|p2a: Flygon
|move|p1a: Slowbro|Calm Mind|p1a: Slowbro
|-boost|p1a: Slowbro|spa|1
|-boost|p1a: Slowbro|spd|1
|
|-heal|p1a: Slowbro|274\/394|[from] item: Leftovers
|
|switch|p2a: Slowbro|Slowbro, M|394\/394
|-status|p2a: Slowbro|psn
|turn|9
|
|switch|p1a: Roserade|Roserade, M|321\/321
|move|p2a: Slowbro|Thunder Wave|p1a: Roserade
|-status|p1a: Roserade|par
|
|-damage|p2a: Slowbro|345\/394 psn|[from] psn
|turn|10
|
|switch|p2a: Volcarona|Volcarona, F|362\/362
|-status|p2a: Volcarona|psn
|move|p1a: Roserade|Leaf Storm|p2a: Volcarona
|-resisted|p2a: Volcarona
|-damage|p2a: Volcarona|305\/362 psn
|-unboost|p1a: Roserade|spa|2
|
|-heal|p2a: Volcarona|327\/362 psn|[from] item: Leftovers
|-damage|p2a: Volcarona|282\/362 psn|[from] psn
|turn|11
|
|move|p2a: Volcarona|Bug Buzz|p1a: Roserade
|-damage|p1a: Roserade|171\/321 par
|move|p1a: Roserade|Sludge Bomb|p2a: Volcarona
|-damage|p2a: Volcarona|203\/362 psn
|
|-heal|p2a: Volcarona|225\/362 psn|[from] item: Leftovers
|-heal|p1a: Roserade|191\/321 par|[from] item: Black Sludge
|-damage|p2a: Volcarona|180\/362 psn|[from] psn
|turn|12
|
|switch|p1a: Slowbro|Slowbro, F|394\/394
|move|p2a: Volcarona|Fiery Dance|p1a: Slowbro
|-resisted|p1a: Slowbro
|-damage|p1a: Slowbro|307\/394
|
|-heal|p2a: Volcarona|202\/362 psn|[from] item: Leftovers
|-heal|p1a: Slowbro|331\/394|[from] item: Leftovers
|-damage|p2a: Volcarona|157\/362 psn|[from] psn
|turn|13
|
|switch|p1a: Roserade|Roserade, M|191\/321
|move|p2a: Volcarona|Giga Drain|p1a: Roserade
|-resisted|p1a: Roserade
|-damage|p1a: Roserade|169\/321
|-heal|p2a: Volcarona|168\/362 psn|[from] drain|[of] p1a: Roserade
|
|-heal|p2a: Volcarona|190\/362 psn|[from] item: Leftovers
|-heal|p1a: Roserade|189\/321|[from] item: Black Sludge
|-damage|p2a: Volcarona|145\/362 psn|[from] psn
|turn|14
|
|move|p2a: Volcarona|Bug Buzz|p1a: Roserade
|-damage|p1a: Roserade|33\/321
|move|p1a: Roserade|Sludge Bomb|p2a: Volcarona
|-damage|p2a: Volcarona|0 fnt
|faint|p2a: Volcarona
|
|-heal|p1a: Roserade|53\/321|[from] item: Black Sludge
|
|switch|p2a: Donphan|Donphan, F|384\/384
|-status|p2a: Donphan|psn
|turn|15
|
|move|p1a: Roserade|Leaf Storm|p2a: Donphan
|-crit|p2a: Donphan
|-supereffective|p2a: Donphan
|-activate|p2a: Donphan|Sturdy
|-damage|p2a: Donphan|1\/384 psn
|-unboost|p1a: Roserade|spa|2
|move|p2a: Donphan|Knock Off|p1a: Roserade
|-damage|p1a: Roserade|0 fnt
|faint|p1a: Roserade
|
|-heal|p2a: Donphan|25\/384 psn|[from] item: Leftovers
|-damage|p2a: Donphan|0 fnt|[from] psn
|faint|p2a: Donphan
|
|switch|p1a: Slowbro|Slowbro, F|394\/394
|switch|p2a: Slowbro|Slowbro, M|394\/394 psn
|turn|16
|
|move|p1a: Slowbro|Calm Mind|p1a: Slowbro
|-boost|p1a: Slowbro|spa|1
|-boost|p1a: Slowbro|spd|1
|move|p2a: Slowbro|Thunder Wave|p1a: Slowbro
|-status|p1a: Slowbro|par
|
|-damage|p2a: Slowbro|345\/394 psn|[from] psn
|turn|17
|
|move|p2a: Slowbro|Scald|p1a: Slowbro
|-resisted|p1a: Slowbro
|-damage|p1a: Slowbro|350\/394 par
|move|p1a: Slowbro|Calm Mind|p1a: Slowbro
|-boost|p1a: Slowbro|spa|1
|-boost|p1a: Slowbro|spd|1
|
|-heal|p2a: Slowbro|369\/394 psn|[from] item: Leftovers
|-heal|p1a: Slowbro|374\/394 par|[from] item: Leftovers
|-damage|p2a: Slowbro|320\/394 psn|[from] psn
|turn|18
|
|move|p2a: Slowbro|Ice Beam|p1a: Slowbro
|-resisted|p1a: Slowbro
|-damage|p1a: Slowbro|351\/394 par
|move|p1a: Slowbro|Scald|p2a: Slowbro
|-resisted|p2a: Slowbro
|-damage|p2a: Slowbro|242\/394 psn
|
|-heal|p2a: Slowbro|266\/394 psn|[from] item: Leftovers
|-heal|p1a: Slowbro|375\/394 par|[from] item: Leftovers
|-damage|p2a: Slowbro|217\/394 psn|[from] psn
|turn|19
|
|move|p2a: Slowbro|Slack Off|p2a: Slowbro
|-heal|p2a: Slowbro|394\/394 psn
|move|p1a: Slowbro|Scald|p2a: Slowbro
|-resisted|p2a: Slowbro
|-damage|p2a: Slowbro|311\/394 psn
|
|-heal|p2a: Slowbro|335\/394 psn|[from] item: Leftovers
|-heal|p1a: Slowbro|394\/394 par|[from] item: Leftovers
|-damage|p2a: Slowbro|286\/394 psn|[from] psn
|turn|20
|-message|thedangerousdave forfeited.
|
|win|NoKnuckles
|raw|Ladder updating...
|leave|thedangerousdave
|player|p2
|raw|NoKnuckles's rating: 1379 &rarr; <strong>1393<\/strong><br \/>(+14 for winning)
|raw|thedangerousdave's rating: 1282 &rarr; <strong>1263<\/strong><br \/>(-19 for losing)