|join|NoKnuckles
|join|TypicalTuesday
|player|p1|NoKnuckles|23
|player|p2|TypicalTuesday|2
|gametype|singles
|gen|6
|tier|UU
|rated
|rule|Sleep Clause Mod: Limit one foe put to sleep
|rule|Species Clause: Limit one of each PokÃ©mon
|rule|OHKO Clause: OHKO moves are banned
|rule|Moody Clause: Moody is banned
|rule|Evasion Moves Clause: Evasion moves are banned
|rule|Endless Battle Clause: Forcing endless battles is banned
|rule|HP Percentage Mod: HP is shown in percentages
|clearpoke
|poke|p1|Tentacruel, M
|poke|p1|Aggron, M
|poke|p1|Darmanitan, F
|poke|p1|Spiritomb, M
|poke|p1|Shaymin
|poke|p1|Rhyperior, F
|poke|p2|Blastoise, M
|poke|p2|Flygon, F
|poke|p2|Hydreigon, F
|poke|p2|Darmanitan, M
|poke|p2|Raikou
|poke|p2|Galvantula, F
|rule|Swagger Clause: Swagger is banned
|rule|Baton Pass Clause: Limit one PokÃ©mon knowing Baton Pass
|teampreview
|
|start
|switch|p1a: Rhyperior|Rhyperior, F|415\/415
|switch|p2a: Blastoise|Blastoise, M|362\/362
|turn|1
|
|switch|p1a: Shaymin|Shaymin|342\/342
|detailschange|p2a: Blastoise|Blastoise-Mega, M
|message|Blastoise has Mega Evolved into Mega Blastoise!
|move|p2a: Blastoise|Dark Pulse|p1a: Shaymin
|-crit|p1a: Shaymin
|-damage|p1a: Shaymin|100\/342
|
|turn|2
|c|âTypicalTuesday|:\/
|
|switch|p2a: Galvantula|Galvantula, F|281\/281
|move|p1a: Shaymin|Seed Flare|p2a: Galvantula|[miss]
|-miss|p1a: Shaymin|p2a: Galvantula
|
|turn|3
|c|âTypicalTuesday|:\/
|
|switch|p2a: Blastoise|Blastoise-Mega, M|362\/362
|move|p1a: Shaymin|Earth Power|p2a: Blastoise
|-damage|p2a: Blastoise|245\/362
|-damage|p1a: Shaymin|66\/342|[from] item: Life Orb
|
|turn|4
|
|switch|p2a: Galvantula|Galvantula, F|281\/281
|move|p1a: Shaymin|Rest|p1a: Shaymin
|-status|p1a: Shaymin|slp
|-heal|p1a: Shaymin|342\/342 slp|[silent]
|-status|p1a: Shaymin|slp|[from] move: Rest
|
|turn|5
|
|switch|p2a: Blastoise|Blastoise-Mega, M|245\/362
|switch|p1a: Rhyperior|Rhyperior, F|415\/415
|
|turn|6
|
|switch|p1a: Tentacruel|Tentacruel, M|364\/364
|move|p2a: Blastoise|Dark Pulse|p1a: Tentacruel
|-damage|p1a: Tentacruel|260\/364
|
|-heal|p1a: Tentacruel|282\/364|[from] item: Black Sludge
|turn|7
|
|switch|p2a: Galvantula|Galvantula, F|281\/281
|move|p1a: Tentacruel|Scald|p2a: Galvantula
|-damage|p2a: Galvantula|167\/281
|
|-heal|p1a: Tentacruel|304\/364|[from] item: Black Sludge
|turn|8
|c|âTypicalTuesday|time to switch into blastoise
|
|move|p2a: Galvantula|Thunder|p1a: Tentacruel
|-supereffective|p1a: Tentacruel
|-damage|p1a: Tentacruel|100\/364
|move|p1a: Tentacruel|Toxic Spikes|p2a: Galvantula
|-sidestart|p2: TypicalTuesday|move: Toxic Spikes
|
|-heal|p1a: Tentacruel|122\/364|[from] item: Black Sludge
|turn|9
|c|âNoKnuckles|ok 
|
|switch|p2a: Flygon|Flygon, F|301\/301
|switch|p1a: Shaymin|Shaymin|342\/342
|
|turn|10
|
|switch|p1a: Aggron|Aggron, M|344\/344
|move|p2a: Flygon|U-turn|p1a: Aggron
|-resisted|p1a: Aggron
|-damage|p1a: Aggron|313\/344
|
|switch|p2a: Darmanitan|Darmanitan, M|351\/351
|-status|p2a: Darmanitan|psn
|
|-damage|p2a: Darmanitan|308\/351 psn|[from] psn
|turn|11
|
|switch|p1a: Rhyperior|Rhyperior, F|415\/415
|move|p2a: Darmanitan|Superpower|p1a: Rhyperior
|-supereffective|p1a: Rhyperior
|-damage|p1a: Rhyperior|156\/415
|-unboost|p2a: Darmanitan|atk|1
|-unboost|p2a: Darmanitan|def|1
|
|-heal|p1a: Rhyperior|181\/415|[from] item: Leftovers
|-damage|p2a: Darmanitan|265\/351 psn|[from] psn
|turn|12
|
|switch|p2a: Flygon|Flygon, F|301\/301
|move|p1a: Rhyperior|Stealth Rock|p2a: Flygon
|-sidestart|p2: TypicalTuesday|move: Stealth Rock
|
|-heal|p1a: Rhyperior|206\/415|[from] item: Leftovers
|turn|13
|c|âTypicalTuesday|danggg you're hella bulky
|c|âNoKnuckles|yeah
|
|switch|p1a: Tentacruel|Tentacruel, M|122\/364
|move|p2a: Flygon|Earthquake|p1a: Tentacruel
|-supereffective|p1a: Tentacruel
|-damage|p1a: Tentacruel|0 fnt
|faint|p1a: Tentacruel
|
|
|switch|p1a: Spiritomb|Spiritomb, M|304\/304
|turn|14
|
|move|p1a: Spiritomb|Pursuit|p2a: Flygon|[from]Pursuit
|-damage|p2a: Flygon|114\/301
|switch|p2a: Blastoise|Blastoise-Mega, M|245\/362
|-damage|p2a: Blastoise|200\/362|[from] Stealth Rock
|-status|p2a: Blastoise|psn
|
|-damage|p2a: Blastoise|155\/362 psn|[from] psn
|turn|15
|
|move|p1a: Spiritomb|Sucker Punch|p2a: Blastoise
|-damage|p2a: Blastoise|17\/362 psn
|move|p2a: Blastoise|Scald|p1a: Spiritomb
|-damage|p1a: Spiritomb|156\/304
|-status|p1a: Spiritomb|brn
|
|-damage|p2a: Blastoise|0 fnt|[from] psn
|-damage|p1a: Spiritomb|118\/304 brn|[from] brn
|faint|p2a: Blastoise
|
|switch|p2a: Hydreigon|Hydreigon, F|325\/325
|-damage|p2a: Hydreigon|285\/325|[from] Stealth Rock
|turn|16
|
|move|p1a: Spiritomb|Sucker Punch|p2a: Hydreigon
|-resisted|p2a: Hydreigon
|-damage|p2a: Hydreigon|243\/325
|move|p2a: Hydreigon|Dark Pulse|p1a: Spiritomb
|-damage|p1a: Spiritomb|0 fnt
|faint|p1a: Spiritomb
|
|
|switch|p1a: Aggron|Aggron, M|313\/344
|turn|17
|
|detailschange|p1a: Aggron|Aggron-Mega, M
|message|Aggron has Mega Evolved into Mega Aggron!
|move|p2a: Hydreigon|Dark Pulse|p1a: Aggron
|-damage|p1a: Aggron|145\/344
|move|p1a: Aggron|Heavy Slam|p2a: Hydreigon
|-damage|p2a: Hydreigon|98\/325
|
|turn|18
|
|switch|p1a: Rhyperior|Rhyperior, F|206\/415
|move|p2a: Hydreigon|Dark Pulse|p1a: Rhyperior
|-damage|p1a: Rhyperior|44\/415
|
|-heal|p1a: Rhyperior|69\/415|[from] item: Leftovers
|turn|19
|
|move|p2a: Hydreigon|Dark Pulse|p1a: Rhyperior
|-damage|p1a: Rhyperior|0 fnt
|faint|p1a: Rhyperior
|
|
|switch|p1a: Flameo|Darmanitan, F|351\/351
|turn|20
|
|switch|p2a: Galvantula|Galvantula, F|167\/281
|-status|p2a: Galvantula|psn
|-damage|p2a: Galvantula|97\/281 psn|[from] Stealth Rock
|move|p1a: Flameo|Rock Slide|p2a: Galvantula
|-supereffective|p2a: Galvantula
|-damage|p2a: Galvantula|0 fnt
|faint|p2a: Galvantula
|
|
|switch|p2a: Raikou|Raikou|322\/322
|-status|p2a: Raikou|psn
|-damage|p2a: Raikou|282\/322 psn|[from] Stealth Rock
|-ability|p2a: Raikou|Pressure
|turn|21
|
|switch|p1a: Shaymin|Shaymin|342\/342
|move|p2a: Raikou|Volt Switch|p1a: Shaymin
|-resisted|p1a: Shaymin
|-damage|p1a: Shaymin|259\/342
|
|switch|p2a: Flygon|Flygon, F|114\/301
|-damage|p2a: Flygon|96\/301|[from] Stealth Rock
|
|turn|22
|
|switch|p1a: Aggron|Aggron-Mega, M|145\/344
|move|p2a: Flygon|U-turn|p1a: Aggron
|-resisted|p1a: Aggron
|-damage|p1a: Aggron|121\/344
|
|switch|p2a: Darmanitan|Darmanitan, M|265\/351 psn
|-damage|p2a: Darmanitan|178\/351 psn|[from] Stealth Rock
|
|-damage|p2a: Darmanitan|135\/351 psn|[from] psn
|turn|23
|
|move|p2a: Darmanitan|Flare Blitz|p1a: Aggron
|-supereffective|p1a: Aggron
|-damage|p1a: Aggron|0 fnt
|-damage|p2a: Darmanitan|95\/351 psn|[from] recoil|[of] p1a: Aggron
|faint|p1a: Aggron
|
|-damage|p2a: Darmanitan|52\/351 psn|[from] psn
|
|switch|p1a: Flameo|Darmanitan, F|351\/351
|turn|24
|
|move|p1a: Flameo|Rock Slide|p2a: Darmanitan
|-supereffective|p2a: Darmanitan
|-damage|p2a: Darmanitan|0 fnt
|faint|p2a: Darmanitan
|
|
|switch|p2a: Raikou|Raikou|282\/322 psn
|-damage|p2a: Raikou|242\/322 psn|[from] Stealth Rock
|-ability|p2a: Raikou|Pressure
|turn|25
|
|move|p2a: Raikou|Volt Switch|p1a: Flameo
|-damage|p1a: Flameo|86\/351
|
|switch|p2a: Flygon|Flygon, F|96\/301
|-damage|p2a: Flygon|78\/301|[from] Stealth Rock
|move|p1a: Flameo|Flare Blitz|p2a: Flygon
|-resisted|p2a: Flygon
|-damage|p2a: Flygon|0 fnt
|-damage|p1a: Flameo|60\/351|[from] recoil|[of] p2a: Flygon
|faint|p2a: Flygon
|
|
|switch|p2a: Raikou|Raikou|242\/322 psn
|-damage|p2a: Raikou|202\/322 psn|[from] Stealth Rock
|-ability|p2a: Raikou|Pressure
|turn|26
|
|move|p2a: Raikou|Volt Switch|p1a: Flameo
|-damage|p1a: Flameo|0 fnt
|faint|p1a: Flameo
|
|switch|p2a: Hydreigon|Hydreigon, F|98\/325
|-damage|p2a: Hydreigon|58\/325|[from] Stealth Rock
|
|
|switch|p1a: Shaymin|Shaymin|259\/342
|turn|27
|
|move|p2a: Hydreigon|Draco Meteor|p1a: Shaymin
|-damage|p1a: Shaymin|37\/342
|-unboost|p2a: Hydreigon|spa|2
|move|p1a: Shaymin|Seed Flare|p2a: Hydreigon
|-resisted|p2a: Hydreigon
|-damage|p2a: Hydreigon|0 fnt
|-damage|p1a: Shaymin|3\/342|[from] item: Life Orb
|faint|p2a: Hydreigon
|
|c|âTypicalTuesday|gg
|c|âNoKnuckles|come on you can do this!
|
|switch|p2a: Raikou|Raikou|202\/322 psn
|-damage|p2a: Raikou|162\/322 psn|[from] Stealth Rock
|-ability|p2a: Raikou|Pressure
|turn|28
|c|âTypicalTuesday|lol you should have rested
|c|âNoKnuckles|yeah
|c|âNoKnuckles|thought you'd just spam dark pulse and it wouldnt matter
|c|âTypicalTuesday|nah i'm real
|c|âTypicalTuesday|haha jk i thought i'd kill
|
|move|p2a: Raikou|Volt Switch|p1a: Shaymin
|-resisted|p1a: Shaymin
|-damage|p1a: Shaymin|0 fnt
|faint|p1a: Shaymin
|
|win|TypicalTuesday
|raw|Ladder updating...
|c|âNoKnuckles|gg
|c|âTypicalTuesday|gg
|leave|NoKnuckles
|player|p1