|join|NoKnuckles
|join|Ray2108
|player|p1|NoKnuckles|23
|player|p2|Ray2108|102
|gametype|singles
|gen|6
|tier|UU
|rated
|rule|Sleep Clause Mod: Limit one foe put to sleep
|rule|Species Clause: Limit one of each PokÃ©mon
|rule|OHKO Clause: OHKO moves are banned
|rule|Moody Clause: Moody is banned
|rule|Evasion Moves Clause: Evasion moves are banned
|rule|Endless Battle Clause: Forcing endless battles is banned
|rule|HP Percentage Mod: HP is shown in percentages
|clearpoke
|poke|p1|Pidgeot, M
|poke|p1|Roserade, F
|poke|p1|Bronzong
|poke|p1|Arcanine, F
|poke|p1|Dugtrio, M
|poke|p1|Scrafty, M
|poke|p2|Snorlax, F
|poke|p2|Zygarde
|poke|p2|Jirachi
|poke|p2|Cofagrigus, F
|poke|p2|Suicune
|poke|p2|Aggron, M
|rule|Swagger Clause: Swagger is banned
|rule|Baton Pass Clause: Limit one PokÃ©mon knowing Baton Pass
|teampreview
|
|start
|switch|p1a: Sweetie Belle|Bronzong|338\/338
|switch|p2a: Aggron|Aggron, M|344\/344
|turn|1
|
|detailschange|p2a: Aggron|Aggron-Mega, M
|-mega|p2a: Aggron|Aggron|Aggronite
|move|p2a: Aggron|Stealth Rock|p1a: Sweetie Belle
|-sidestart|p1: NoKnuckles|move: Stealth Rock
|move|p1a: Sweetie Belle|Stealth Rock|p2a: Aggron
|-sidestart|p2: Ray2108|move: Stealth Rock
|
|turn|2
|
|move|p2a: Aggron|Thunder Wave|p1a: Sweetie Belle
|-status|p1a: Sweetie Belle|par
|cant|p1a: Sweetie Belle|par
|
|turn|3
|
|switch|p2a: MakeAWish|Jirachi|404\/404
|-damage|p2a: MakeAWish|379\/404|[from] Stealth Rock
|cant|p1a: Sweetie Belle|par
|
|turn|4
|
|move|p2a: MakeAWish|Trick|p1a: Sweetie Belle
|-activate|p2a: MakeAWish|move: Trick|[of] p1a: Sweetie Belle
|-item|p1a: Sweetie Belle|Choice Scarf|[from] move: Trick
|-item|p2a: MakeAWish|Leftovers|[from] move: Trick
|cant|p1a: Sweetie Belle|par
|
|-heal|p2a: MakeAWish|404\/404|[from] item: Leftovers
|turn|5
|c|âRay2108|lel
|
|move|p2a: MakeAWish|Wish|p2a: MakeAWish
|move|p1a: Sweetie Belle|Earthquake|p2a: MakeAWish
|-supereffective|p2a: MakeAWish
|-damage|p2a: MakeAWish|252\/404
|
|-heal|p2a: MakeAWish|277\/404|[from] item: Leftovers
|turn|6
|
|switch|p2a: Coilgarde|Zygarde|407\/407
|-damage|p2a: Coilgarde|382\/407|[from] Stealth Rock
|-ability|p2a: Coilgarde|Aura Break
|switch|p1a: Pammy|Roserade, F|299\/299
|-damage|p1a: Pammy|262\/299|[from] Stealth Rock
|
|-heal|p2a: Coilgarde|407\/407|[from] move: Wish|[wisher] MakeAWish
|-heal|p1a: Pammy|280\/299|[from] item: Black Sludge
|turn|7
|
|move|p1a: Pammy|Sleep Powder|p2a: Coilgarde
|-status|p2a: Coilgarde|slp
|cant|p2a: Coilgarde|slp
|
|-heal|p1a: Pammy|298\/299|[from] item: Black Sludge
|turn|8
|
|move|p1a: Pammy|Leaf Storm|p2a: Coilgarde
|-damage|p2a: Coilgarde|232\/407 slp
|-unboost|p1a: Pammy|spa|2
|cant|p2a: Coilgarde|slp
|
|-heal|p1a: Pammy|299\/299|[from] item: Black Sludge
|-heal|p2a: Coilgarde|257\/407 slp|[from] item: Leftovers
|turn|9
|
|switch|p1a: Pantzer|Scrafty, M|334\/334
|-damage|p1a: Pantzer|314\/334|[from] Stealth Rock
|-curestatus|p2a: Coilgarde|slp
|move|p2a: Coilgarde|Substitute|p2a: Coilgarde
|-start|p2a: Coilgarde|Substitute
|-damage|p2a: Coilgarde|156\/407
|
|-heal|p2a: Coilgarde|181\/407|[from] item: Leftovers
|-heal|p1a: Pantzer|334\/334|[from] item: Leftovers
|turn|10
|
|move|p2a: Coilgarde|Coil|p2a: Coilgarde
|-boost|p2a: Coilgarde|atk|1
|-boost|p2a: Coilgarde|def|1
|-boost|p2a: Coilgarde|accuracy|1
|move|p1a: Pantzer|Bulk Up|p1a: Pantzer
|-boost|p1a: Pantzer|atk|1
|-boost|p1a: Pantzer|def|1
|
|-heal|p2a: Coilgarde|206\/407|[from] item: Leftovers
|turn|11
|
|move|p2a: Coilgarde|Coil|p2a: Coilgarde
|-boost|p2a: Coilgarde|atk|1
|-boost|p2a: Coilgarde|def|1
|-boost|p2a: Coilgarde|accuracy|1
|move|p1a: Pantzer|Drain Punch|p2a: Coilgarde
|-activate|p2a: Coilgarde|Substitute|[damage]
|
|-heal|p2a: Coilgarde|231\/407|[from] item: Leftovers
|turn|12
|
|move|p1a: Pantzer|Bulk Up|p1a: Pantzer
|-boost|p1a: Pantzer|atk|1
|-boost|p1a: Pantzer|def|1
|move|p2a: Coilgarde|Dragon Tail|p1a: Pantzer
|-crit|p1a: Pantzer
|-damage|p1a: Pantzer|147\/334
|drag|p1a: Ackbarlicious|Dugtrio, M|211\/211
|-damage|p1a: Ackbarlicious|198\/211|[from] Stealth Rock
|
|-heal|p2a: Coilgarde|256\/407|[from] item: Leftovers
|turn|13
|
|move|p1a: Ackbarlicious|Earthquake|p2a: Coilgarde
|-end|p2a: Coilgarde|Substitute
|move|p2a: Coilgarde|Coil|p2a: Coilgarde
|-boost|p2a: Coilgarde|atk|1
|-boost|p2a: Coilgarde|def|1
|-boost|p2a: Coilgarde|accuracy|1
|
|-heal|p2a: Coilgarde|281\/407|[from] item: Leftovers
|turn|14
|c|âNoKnuckles|watch this do like 15 damage
|
|move|p1a: Ackbarlicious|Earthquake|p2a: Coilgarde
|-damage|p2a: Coilgarde|212\/407
|move|p2a: Coilgarde|Substitute|p2a: Coilgarde
|-start|p2a: Coilgarde|Substitute
|-damage|p2a: Coilgarde|111\/407
|
|-heal|p2a: Coilgarde|136\/407|[from] item: Leftovers
|turn|15
|
|move|p1a: Ackbarlicious|Earthquake|p2a: Coilgarde
|-activate|p2a: Coilgarde|Substitute|[damage]
|move|p2a: Coilgarde|Dragon Tail|p1a: Ackbarlicious
|-damage|p1a: Ackbarlicious|0 fnt
|faint|p1a: Ackbarlicious
|
|-heal|p2a: Coilgarde|161\/407|[from] item: Leftovers
|
|switch|p1a: Pammy|Roserade, F|299\/299
|-damage|p1a: Pammy|262\/299|[from] Stealth Rock
|turn|16
|
|move|p1a: Pammy|Extrasensory|p2a: Coilgarde
|-end|p2a: Coilgarde|Substitute
|move|p2a: Coilgarde|Earthquake|p1a: Pammy
|-crit|p1a: Pammy
|-damage|p1a: Pammy|0 fnt
|faint|p1a: Pammy
|
|-heal|p2a: Coilgarde|186\/407|[from] item: Leftovers
|
|switch|p1a: IPXBird|Pidgeot, M|307\/307
|-damage|p1a: IPXBird|231\/307|[from] Stealth Rock
|turn|17
|
|detailschange|p1a: IPXBird|Pidgeot-Mega, M
|-mega|p1a: IPXBird|Pidgeot|Pidgeotite
|move|p1a: IPXBird|Hurricane|p2a: Coilgarde
|-damage|p2a: Coilgarde|38\/407
|move|p2a: Coilgarde|Dragon Tail|p1a: IPXBird
|-damage|p1a: IPXBird|27\/307
|drag|p1a: Sweetie Belle|Bronzong|338\/338 par
|-damage|p1a: Sweetie Belle|317\/338 par|[from] Stealth Rock
|
|-heal|p2a: Coilgarde|63\/407|[from] item: Leftovers
|turn|18
|
|switch|p1a: IPXBird|Pidgeot-Mega, M|27\/307
|-damage|p1a: IPXBird|0 fnt|[from] Stealth Rock
|faint|p1a: IPXBird
|move|p2a: Coilgarde|Dragon Tail|p1: IPXBird|[notarget]
|-notarget
|
|-heal|p2a: Coilgarde|88\/407|[from] item: Leftovers
|
|switch|p1a: Pantzer|Scrafty, M|147\/334
|-damage|p1a: Pantzer|127\/334|[from] Stealth Rock
|turn|19
|
|move|p2a: Coilgarde|Earthquake|p1a: Pantzer
|-damage|p1a: Pantzer|0 fnt
|faint|p1a: Pantzer
|
|-heal|p2a: Coilgarde|113\/407|[from] item: Leftovers
|
|switch|p1a: Missile|Arcanine, F|383\/383
|-damage|p1a: Missile|288\/383|[from] Stealth Rock
|-ability|p1a: Missile|Intimidate|[of] p2a: Coilgarde
|-unboost|p2a: Coilgarde|atk|1
|turn|20
|
|move|p1a: Missile|Will-O-Wisp|p2a: Coilgarde
|-status|p2a: Coilgarde|brn
|move|p2a: Coilgarde|Dragon Tail|p1a: Missile
|-damage|p1a: Missile|230\/383
|-damage|p2a: Coilgarde|46\/407 brn|[from] item: Rocky Helmet|[of] p1a: Missile
|drag|p1a: Sweetie Belle|Bronzong|317\/338 par
|-damage|p1a: Sweetie Belle|296\/338 par|[from] Stealth Rock
|
|-heal|p2a: Coilgarde|71\/407 brn|[from] item: Leftovers
|-damage|p2a: Coilgarde|21\/407 brn|[from] brn
|turn|21
|
|cant|p1a: Sweetie Belle|par
|move|p2a: Coilgarde|Dragon Tail|p1a: Sweetie Belle
|-resisted|p1a: Sweetie Belle
|-damage|p1a: Sweetie Belle|268\/338 par
|drag|p1a: Missile|Arcanine, F|230\/383
|-damage|p1a: Missile|135\/383|[from] Stealth Rock
|-ability|p1a: Missile|Intimidate|[of] p2a: Coilgarde
|-unboost|p2a: Coilgarde|atk|1
|
|-heal|p2a: Coilgarde|46\/407 brn|[from] item: Leftovers
|-damage|p2a: Coilgarde|0 fnt|[from] brn
|faint|p2a: Coilgarde
|
|switch|p2a: Aggron|Aggron-Mega, M|344\/344
|-damage|p2a: Aggron|323\/344|[from] Stealth Rock
|turn|22
|
|move|p1a: Missile|Will-O-Wisp|p2a: Aggron
|-status|p2a: Aggron|brn
|move|p2a: Aggron|Thunder Wave|p1a: Missile
|-status|p1a: Missile|par
|
|-damage|p2a: Aggron|280\/344 brn|[from] brn
|turn|23
|
|switch|p2a: Touch Me|Cofagrigus, F|319\/319
|-damage|p2a: Touch Me|280\/319|[from] Stealth Rock
|move|p1a: Missile|Morning Sun|p1a: Missile
|-heal|p1a: Missile|326\/383 par
|
|-heal|p2a: Touch Me|299\/319|[from] item: Leftovers
|turn|24
|
|move|p2a: Touch Me|Hex|p1a: Missile
|-crit|p1a: Missile
|-damage|p1a: Missile|68\/383 par
|cant|p1a: Missile|par
|
|-heal|p2a: Touch Me|318\/319|[from] item: Leftovers
|turn|25
|
|move|p2a: Touch Me|Hex|p1a: Missile
|-damage|p1a: Missile|0 fnt
|faint|p1a: Missile
|
|-heal|p2a: Touch Me|319\/319|[from] item: Leftovers
|c|âRay2108|gg
|c|âNoKnuckles|gg
|
|switch|p1a: Sweetie Belle|Bronzong|268\/338 par
|-damage|p1a: Sweetie Belle|247\/338 par|[from] Stealth Rock
|turn|26
|
|move|p2a: Touch Me|Hex|p1a: Sweetie Belle
|-supereffective|p1a: Sweetie Belle
|-damage|p1a: Sweetie Belle|35\/338 par
|move|p1a: Sweetie Belle|Gyro Ball|p2a: Touch Me
|-damage|p2a: Touch Me|259\/319
|-endability|p1a: Sweetie Belle|levitate|[from] Mummy
|-ability|p1a: Sweetie Belle|Mummy|[from] Mummy
|
|-heal|p2a: Touch Me|278\/319|[from] item: Leftovers
|turn|27
|c|âNoKnuckles|now you can eq me
|
|move|p2a: Touch Me|Hex|p1a: Sweetie Belle
|-supereffective|p1a: Sweetie Belle
|-damage|p1a: Sweetie Belle|0 fnt
|faint|p1a: Sweetie Belle
|
|win|Ray2108
|raw|Ladder updating...
|raw|NoKnuckles's rating: 1412 &rarr; <strong>1392<\/strong><br \/>(-20 for losing)
|raw|Ray2108's rating: 1425 &rarr; <strong>1444<\/strong><br \/>(+19 for winning)
|leave|NoKnuckles
|player|p1