|join|Punnleby
|join|NoKnuckles
|player|p1|Punnleby|282
|player|p2|NoKnuckles|23
|gametype|singles
|gen|6
|tier|UU
|rated
|rule|Sleep Clause Mod: Limit one foe put to sleep
|rule|Species Clause: Limit one of each PokÃ©mon
|rule|OHKO Clause: OHKO moves are banned
|rule|Moody Clause: Moody is banned
|rule|Evasion Moves Clause: Evasion moves are banned
|rule|Endless Battle Clause: Forcing endless battles is banned
|rule|HP Percentage Mod: HP is shown in percentages
|clearpoke
|poke|p1|Sableye, F
|poke|p1|Flygon, M
|poke|p1|Milotic, M
|poke|p1|Nidoqueen, F
|poke|p1|Florges, F
|poke|p1|Snorlax, M
|poke|p2|Tentacruel, M
|poke|p2|Aggron, M
|poke|p2|Darmanitan, F
|poke|p2|Spiritomb, M
|poke|p2|Shaymin
|poke|p2|Rhyperior, F
|rule|Swagger Clause: Swagger is banned
|rule|Baton Pass Clause: Limit one PokÃ©mon knowing Baton Pass
|teampreview
|
|start
|switch|p1a: Bugs Life|Flygon, M|301\/301
|switch|p2a: Flameo|Darmanitan, F|351\/351
|turn|1
|
|switch|p2a: Shaymin|Shaymin|342\/342
|move|p1a: Bugs Life|Earthquake|p2a: Shaymin
|-resisted|p2a: Shaymin
|-damage|p2a: Shaymin|263\/342
|
|turn|2
|
|switch|p1a: Dumpling|Snorlax, M|497\/497
|move|p2a: Shaymin|Seed Flare|p1a: Dumpling
|-damage|p1a: Dumpling|309\/497
|-unboost|p1a: Dumpling|spd|2
|-damage|p2a: Shaymin|229\/342|[from] item: Life Orb
|
|-heal|p1a: Dumpling|340\/497|[from] item: Leftovers
|turn|3
|
|switch|p2a: Rhyperior|Rhyperior, F|415\/415
|switch|p1a: YNOGRASS?|Florges, F|360\/360
|
|turn|4
|
|move|p1a: YNOGRASS?|Moonblast|p2a: Rhyperior
|-damage|p2a: Rhyperior|288\/415
|move|p2a: Rhyperior|Stealth Rock|p1a: YNOGRASS?
|-sidestart|p1: Punnleby|move: Stealth Rock
|
|-heal|p2a: Rhyperior|313\/415|[from] item: Leftovers
|turn|5
|
|switch|p1a: Bugs Life|Flygon, M|301\/301
|-damage|p1a: Bugs Life|283\/301|[from] Stealth Rock
|switch|p2a: Aggron|Aggron, M|344\/344
|
|turn|6
|
|detailschange|p2a: Aggron|Aggron-Mega, M
|message|Aggron has Mega Evolved into Mega Aggron!
|move|p1a: Bugs Life|U-turn|p2a: Aggron
|-resisted|p2a: Aggron
|-damage|p2a: Aggron|326\/344
|
|switch|p1a: My Low Dick|Milotic, M|394\/394
|-damage|p1a: My Low Dick|345\/394|[from] Stealth Rock
|move|p2a: Aggron|Heavy Slam|p1a: My Low Dick
|-resisted|p1a: My Low Dick
|-damage|p1a: My Low Dick|291\/394
|
|-heal|p1a: My Low Dick|315\/394|[from] item: Leftovers
|turn|7
|
|switch|p2a: Tentacruel|Tentacruel, M|364\/364
|move|p1a: My Low Dick|Ice Beam|p2a: Tentacruel
|-resisted|p2a: Tentacruel
|-damage|p2a: Tentacruel|338\/364
|
|-heal|p2a: Tentacruel|360\/364|[from] item: Black Sludge
|-heal|p1a: My Low Dick|339\/394|[from] item: Leftovers
|turn|8
|
|move|p2a: Tentacruel|Toxic Spikes|p1a: My Low Dick
|-sidestart|p1: Punnleby|move: Toxic Spikes
|move|p1a: My Low Dick|Scald|p2a: Tentacruel
|-resisted|p2a: Tentacruel
|-damage|p2a: Tentacruel|327\/364
|-status|p2a: Tentacruel|brn
|
|-heal|p2a: Tentacruel|349\/364 brn|[from] item: Black Sludge
|-heal|p1a: My Low Dick|363\/394|[from] item: Leftovers
|-damage|p2a: Tentacruel|304\/364 brn|[from] brn
|turn|9
|
|move|p2a: Tentacruel|Knock Off|p1a: My Low Dick
|-damage|p1a: My Low Dick|339\/394
|-enditem|p1a: My Low Dick|Leftovers|[from] move: Knock Off|[of] p2a: Tentacruel
|move|p1a: My Low Dick|Scald|p2a: Tentacruel
|-resisted|p2a: Tentacruel
|-damage|p2a: Tentacruel|269\/364 brn
|
|-heal|p2a: Tentacruel|291\/364 brn|[from] item: Black Sludge
|-damage|p2a: Tentacruel|246\/364 brn|[from] brn
|turn|10
|
|switch|p2a: Shaymin|Shaymin|229\/342
|move|p1a: My Low Dick|Scald|p2a: Shaymin
|-resisted|p2a: Shaymin
|-damage|p2a: Shaymin|180\/342
|
|turn|11
|
|switch|p1a: Bugs Life|Flygon, M|283\/301
|-damage|p1a: Bugs Life|265\/301|[from] Stealth Rock
|move|p2a: Shaymin|Seed Flare|p1a: Bugs Life
|-damage|p1a: Bugs Life|0 fnt
|-damage|p2a: Shaymin|146\/342|[from] item: Life Orb
|faint|p1a: Bugs Life
|
|
|switch|p1a: Elizabeth|Nidoqueen, F|383\/383
|-sideend|p1: Punnleby|move: Toxic Spikes|[of] p1a: Elizabeth
|-damage|p1a: Elizabeth|360\/383|[from] Stealth Rock
|turn|12
|
|switch|p2a: Tentacruel|Tentacruel, M|246\/364 brn
|move|p1a: Elizabeth|Stealth Rock|p2a: Tentacruel
|-sidestart|p2: NoKnuckles|move: Stealth Rock
|
|-heal|p2a: Tentacruel|268\/364 brn|[from] item: Black Sludge
|-heal|p1a: Elizabeth|383\/383|[from] item: Black Sludge
|-damage|p2a: Tentacruel|223\/364 brn|[from] brn
|turn|13
|
|move|p2a: Tentacruel|Toxic Spikes|p1a: Elizabeth
|-sidestart|p1: Punnleby|move: Toxic Spikes
|move|p1a: Elizabeth|Earth Power|p2a: Tentacruel
|-supereffective|p2a: Tentacruel
|-damage|p2a: Tentacruel|55\/364 brn
|
|-heal|p2a: Tentacruel|77\/364 brn|[from] item: Black Sludge
|-damage|p2a: Tentacruel|32\/364 brn|[from] brn
|turn|14
|
|move|p2a: Tentacruel|Scald|p1a: Elizabeth
|-supereffective|p1a: Elizabeth
|-damage|p1a: Elizabeth|219\/383
|move|p1a: Elizabeth|Toxic Spikes|p2a: Tentacruel
|-sidestart|p2: NoKnuckles|move: Toxic Spikes
|
|-heal|p2a: Tentacruel|54\/364 brn|[from] item: Black Sludge
|-heal|p1a: Elizabeth|242\/383|[from] item: Black Sludge
|-damage|p2a: Tentacruel|9\/364 brn|[from] brn
|turn|15
|
|switch|p1a: pussydestroyer69|Sableye, F|304\/304
|-damage|p1a: pussydestroyer69|266\/304|[from] Stealth Rock
|-status|p1a: pussydestroyer69|psn
|move|p2a: Tentacruel|Rapid Spin|p1a: pussydestroyer69
|-immune|p1a: pussydestroyer69|[msg]
|
|-heal|p2a: Tentacruel|31\/364 brn|[from] item: Black Sludge
|-heal|p1a: pussydestroyer69|285\/304 psn|[from] item: Leftovers
|-damage|p2a: Tentacruel|0 fnt|[from] brn
|-damage|p1a: pussydestroyer69|247\/304 psn|[from] psn
|faint|p2a: Tentacruel
|
|switch|p2a: Flameo|Darmanitan, F|351\/351
|-status|p2a: Flameo|psn
|-damage|p2a: Flameo|264\/351 psn|[from] Stealth Rock
|turn|16
|
|move|p2a: Flameo|Rock Slide|p1a: pussydestroyer69
|-crit|p1a: pussydestroyer69
|-damage|p1a: pussydestroyer69|0 fnt
|faint|p1a: pussydestroyer69
|
|-damage|p2a: Flameo|221\/351 psn|[from] psn
|
|switch|p1a: Elizabeth|Nidoqueen, F|242\/383
|-damage|p1a: Elizabeth|219\/383|[from] Stealth Rock
|-sideend|p1: Punnleby|move: Toxic Spikes|[of] p1a: Elizabeth
|turn|17
|
|move|p2a: Flameo|Flare Blitz|p1a: Elizabeth
|-damage|p1a: Elizabeth|0 fnt
|-damage|p2a: Flameo|149\/351 psn|[from] recoil|[of] p1a: Elizabeth
|faint|p1a: Elizabeth
|
|-damage|p2a: Flameo|106\/351 psn|[from] psn
|
|switch|p1a: My Low Dick|Milotic, M|339\/394
|-damage|p1a: My Low Dick|290\/394|[from] Stealth Rock
|turn|18
|
|move|p2a: Flameo|Rock Slide|p1a: My Low Dick
|-damage|p1a: My Low Dick|150\/394
|move|p1a: My Low Dick|Ice Beam|p2a: Flameo
|-resisted|p2a: Flameo
|-damage|p2a: Flameo|54\/351 psn
|
|-damage|p2a: Flameo|11\/351 psn|[from] psn
|turn|19
|
|move|p2a: Flameo|Superpower|p1a: My Low Dick
|-damage|p1a: My Low Dick|0 fnt
|-unboost|p2a: Flameo|atk|1
|-unboost|p2a: Flameo|def|1
|-damage|p2a: Flameo|0 fnt|[from] item: Life Orb
|faint|p1a: My Low Dick
|faint|p2a: Flameo
|
|
|switch|p1a: YNOGRASS?|Florges, F|360\/360
|-damage|p1a: YNOGRASS?|315\/360|[from] Stealth Rock
|switch|p2a: Rhyperior|Rhyperior, F|313\/415
|-status|p2a: Rhyperior|psn
|-damage|p2a: Rhyperior|288\/415 psn|[from] Stealth Rock
|turn|20
|
|move|p1a: YNOGRASS?|Wish|p1a: YNOGRASS?
|move|p2a: Rhyperior|Earthquake|p1a: YNOGRASS?
|-damage|p1a: YNOGRASS?|119\/360
|
|-heal|p1a: YNOGRASS?|141\/360|[from] item: Leftovers
|-heal|p2a: Rhyperior|313\/415 psn|[from] item: Leftovers
|-damage|p2a: Rhyperior|262\/415 psn|[from] psn
|turn|21
|
|move|p1a: YNOGRASS?|Protect|p1a: YNOGRASS?
|-singleturn|p1a: YNOGRASS?|Protect
|move|p2a: Rhyperior|Dragon Tail|p1a: YNOGRASS?
|-immune|p1a: YNOGRASS?|[msg]
|
|-heal|p1a: YNOGRASS?|321\/360|[from] move: Wish|[wisher] YNOGRASS?
|-heal|p1a: YNOGRASS?|343\/360|[from] item: Leftovers
|-heal|p2a: Rhyperior|287\/415 psn|[from] item: Leftovers
|-damage|p2a: Rhyperior|236\/415 psn|[from] psn
|turn|22
|
|switch|p2a: Aggron|Aggron-Mega, M|326\/344
|-damage|p2a: Aggron|305\/344|[from] Stealth Rock
|move|p1a: YNOGRASS?|Wish|p1a: YNOGRASS?
|
|-heal|p1a: YNOGRASS?|360\/360|[from] item: Leftovers
|turn|23
|
|switch|p1a: Dumpling|Snorlax, M|340\/497
|-damage|p1a: Dumpling|278\/497|[from] Stealth Rock
|move|p2a: Aggron|Heavy Slam|p1a: Dumpling
|-damage|p1a: Dumpling|184\/497
|
|-heal|p1a: Dumpling|364\/497|[from] move: Wish|[wisher] YNOGRASS?
|-heal|p1a: Dumpling|395\/497|[from] item: Leftovers
|turn|24
|
|switch|p2a: Spiritomb|Spiritomb, M|304\/304
|-damage|p2a: Spiritomb|266\/304|[from] Stealth Rock
|-status|p2a: Spiritomb|psn
|move|p1a: Dumpling|Curse|p1a: Dumpling
|-boost|p1a: Dumpling|atk|1
|-boost|p1a: Dumpling|def|1
|-unboost|p1a: Dumpling|spe|1
|
|-heal|p1a: Dumpling|426\/497|[from] item: Leftovers
|-damage|p2a: Spiritomb|228\/304 psn|[from] psn
|turn|25
|
|move|p2a: Spiritomb|Will-O-Wisp|p1a: Dumpling
|-status|p1a: Dumpling|brn
|move|p1a: Dumpling|Curse|p1a: Dumpling
|-boost|p1a: Dumpling|atk|1
|-boost|p1a: Dumpling|def|1
|-unboost|p1a: Dumpling|spe|1
|
|-heal|p1a: Dumpling|457\/497 brn|[from] item: Leftovers
|-damage|p2a: Spiritomb|190\/304 psn|[from] psn
|-damage|p1a: Dumpling|395\/497 brn|[from] brn
|turn|26
|
|switch|p2a: Rhyperior|Rhyperior, F|236\/415 psn
|-damage|p2a: Rhyperior|211\/415 psn|[from] Stealth Rock
|move|p1a: Dumpling|Rest|p1a: Dumpling
|-status|p1a: Dumpling|slp
|-heal|p1a: Dumpling|497\/497 slp|[silent]
|-status|p1a: Dumpling|slp|[from] move: Rest
|
|-heal|p2a: Rhyperior|236\/415 psn|[from] item: Leftovers
|-damage|p2a: Rhyperior|185\/415 psn|[from] psn
|turn|27
|
|cant|p1a: Dumpling|slp
|move|p1a: Dumpling|Sleep Talk|p1a: Dumpling
|move|p1a: Dumpling|Body Slam|p2a: Rhyperior|[from]Sleep Talk
|-resisted|p2a: Rhyperior
|-damage|p2a: Rhyperior|106\/415 psn
|move|p2a: Rhyperior|Dragon Tail|p1a: Dumpling
|-damage|p1a: Dumpling|457\/497 slp
|drag|p1a: YNOGRASS?|Florges, F|360\/360
|-damage|p1a: YNOGRASS?|315\/360|[from] Stealth Rock
|
|-heal|p1a: YNOGRASS?|337\/360|[from] item: Leftovers
|-heal|p2a: Rhyperior|131\/415 psn|[from] item: Leftovers
|-damage|p2a: Rhyperior|80\/415 psn|[from] psn
|turn|28
|
|move|p1a: YNOGRASS?|Moonblast|p2a: Rhyperior
|-damage|p2a: Rhyperior|0 fnt
|faint|p2a: Rhyperior
|
|-heal|p1a: YNOGRASS?|359\/360|[from] item: Leftovers
|
|switch|p2a: Aggron|Aggron-Mega, M|305\/344
|-damage|p2a: Aggron|284\/344|[from] Stealth Rock
|turn|29
|
|move|p1a: YNOGRASS?|Protect|p1a: YNOGRASS?
|-singleturn|p1a: YNOGRASS?|Protect
|move|p2a: Aggron|Heavy Slam|p1a: YNOGRASS?
|-activate|p1a: YNOGRASS?|Protect
|
|-heal|p1a: YNOGRASS?|360\/360|[from] item: Leftovers
|turn|30
|
|switch|p1a: Dumpling|Snorlax, M|457\/497 slp
|-damage|p1a: Dumpling|395\/497 slp|[from] Stealth Rock
|switch|p2a: Shaymin|Shaymin|146\/342
|-damage|p2a: Shaymin|104\/342|[from] Stealth Rock
|-status|p2a: Shaymin|psn
|
|-heal|p1a: Dumpling|426\/497 slp|[from] item: Leftovers
|-damage|p2a: Shaymin|62\/342 psn|[from] psn
|turn|31
|
|move|p2a: Shaymin|Rest|p2a: Shaymin
|-status|p2a: Shaymin|slp
|-heal|p2a: Shaymin|342\/342 slp|[silent]
|-status|p2a: Shaymin|slp|[from] move: Rest
|cant|p1a: Dumpling|slp
|move|p1a: Dumpling|Sleep Talk|p1a: Dumpling
|move|p1a: Dumpling|Rest|p1a: Dumpling|[from]Sleep Talk
|-fail|p1a: Dumpling
|
|-heal|p1a: Dumpling|457\/497 slp|[from] item: Leftovers
|turn|32
|
|switch|p2a: Aggron|Aggron-Mega, M|284\/344
|-damage|p2a: Aggron|263\/344|[from] Stealth Rock
|-curestatus|p1a: Dumpling|slp
|move|p1a: Dumpling|Curse|p1a: Dumpling
|-boost|p1a: Dumpling|atk|1
|-boost|p1a: Dumpling|def|1
|-unboost|p1a: Dumpling|spe|1
|
|-heal|p1a: Dumpling|488\/497|[from] item: Leftovers
|turn|33
|
|switch|p2a: Shaymin|Shaymin|342\/342
|-status|p2a: Shaymin|psn
|-damage|p2a: Shaymin|300\/342 psn|[from] Stealth Rock
|move|p1a: Dumpling|Curse|p1a: Dumpling
|-boost|p1a: Dumpling|atk|1
|-boost|p1a: Dumpling|def|1
|-unboost|p1a: Dumpling|spe|1
|
|-heal|p1a: Dumpling|497\/497|[from] item: Leftovers
|-damage|p2a: Shaymin|258\/342 psn|[from] psn
|turn|34
|
|move|p2a: Shaymin|Seed Flare|p1a: Dumpling
|-damage|p1a: Dumpling|302\/497
|-damage|p2a: Shaymin|224\/342 psn|[from] item: Life Orb
|move|p1a: Dumpling|Body Slam|p2a: Shaymin
|-damage|p2a: Shaymin|0 fnt
|faint|p2a: Shaymin
|
|-heal|p1a: Dumpling|333\/497|[from] item: Leftovers
|
|switch|p2a: Aggron|Aggron-Mega, M|263\/344
|-damage|p2a: Aggron|242\/344|[from] Stealth Rock
|turn|35
|
|move|p2a: Aggron|Heavy Slam|p1a: Dumpling
|-damage|p1a: Dumpling|287\/497
|move|p1a: Dumpling|Curse|p1a: Dumpling
|-boost|p1a: Dumpling|atk|1
|-boost|p1a: Dumpling|def|1
|-unboost|p1a: Dumpling|spe|1
|
|-heal|p1a: Dumpling|318\/497|[from] item: Leftovers
|turn|36
|
|move|p2a: Aggron|Heavy Slam|p1a: Dumpling
|-damage|p1a: Dumpling|284\/497
|move|p1a: Dumpling|Curse|p1a: Dumpling
|-boost|p1a: Dumpling|atk|1
|-boost|p1a: Dumpling|def|1
|-unboost|p1a: Dumpling|spe|1
|
|-heal|p1a: Dumpling|315\/497|[from] item: Leftovers
|turn|37
|
|move|p2a: Aggron|Stone Edge|p1a: Dumpling|[miss]
|-miss|p2a: Aggron|p1a: Dumpling
|move|p1a: Dumpling|Curse|p1a: Dumpling
|-boost|p1a: Dumpling|atk|1
|-boost|p1a: Dumpling|def|1
|-unboost|p1a: Dumpling|spe|1
|
|-heal|p1a: Dumpling|346\/497|[from] item: Leftovers
|turn|38
|
|move|p2a: Aggron|Stone Edge|p1a: Dumpling
|-damage|p1a: Dumpling|305\/497
|move|p1a: Dumpling|Curse|p1a: Dumpling
|-boost|p1a: Dumpling|atk|1
|-boost|p1a: Dumpling|def|1
|-unboost|p1a: Dumpling|spe|1
|
|-heal|p1a: Dumpling|336\/497|[from] item: Leftovers
|turn|39
|
|move|p2a: Aggron|Stone Edge|p1a: Dumpling
|-damage|p1a: Dumpling|300\/497
|move|p1a: Dumpling|Body Slam|p2a: Aggron
|-resisted|p2a: Aggron
|-damage|p2a: Aggron|146\/344
|-status|p2a: Aggron|par
|
|-heal|p1a: Dumpling|331\/497|[from] item: Leftovers
|turn|40
|
|move|p2a: Aggron|Stone Edge|p1a: Dumpling
|-crit|p1a: Dumpling
|-damage|p1a: Dumpling|117\/497
|move|p1a: Dumpling|Body Slam|p2a: Aggron
|-resisted|p2a: Aggron
|-damage|p2a: Aggron|39\/344 par
|
|-heal|p1a: Dumpling|148\/497|[from] item: Leftovers
|turn|41
|
|move|p2a: Aggron|Stone Edge|p1a: Dumpling
|-crit|p1a: Dumpling
|-damage|p1a: Dumpling|0 fnt
|faint|p1a: Dumpling
|
|c|âPunnleby|omfg
|c|âNoKnuckles|i can still get para'd
|
|switch|p1a: YNOGRASS?|Florges, F|360\/360
|-damage|p1a: YNOGRASS?|315\/360|[from] Stealth Rock
|turn|42
|c|âPunnleby|i think moonblast kills and i win anyways
|
|move|p1a: YNOGRASS?|Moonblast|p2a: Aggron
|-resisted|p2a: Aggron
|-damage|p2a: Aggron|0 fnt
|faint|p2a: Aggron
|
|-heal|p1a: YNOGRASS?|337\/360|[from] item: Leftovers
|c|âNoKnuckles|ah yeah, gg
|c|âNoKnuckles|thought maybe it could survive
|
|switch|p2a: Spiritomb|Spiritomb, M|190\/304 psn
|-damage|p2a: Spiritomb|152\/304 psn|[from] Stealth Rock
|turn|43
|c|âPunnleby|but still thats bs
|
|move|p2a: Spiritomb|Shadow Sneak|p1a: YNOGRASS?
|-damage|p1a: YNOGRASS?|273\/360
|move|p1a: YNOGRASS?|Moonblast|p2a: Spiritomb
|-supereffective|p2a: Spiritomb
|-damage|p2a: Spiritomb|0 fnt
|faint|p2a: Spiritomb
|
|win|Punnleby
|raw|Ladder updating...
|c|âPunnleby|gg
|raw|Punnleby's rating: 1472 &rarr; <strong>1490<\/strong><br \/>(+18 for winning)
|raw|NoKnuckles's rating: 1436 &rarr; <strong>1418<\/strong><br \/>(-18 for losing)