|join|sniperaim
|join|NoKnuckles
|player|p1|sniperaim|220
|player|p2|NoKnuckles|23
|gametype|singles
|gen|6
|tier|UU
|rated
|rule|Sleep Clause Mod: Limit one foe put to sleep
|rule|Species Clause: Limit one of each PokÃ©mon
|rule|OHKO Clause: OHKO moves are banned
|rule|Moody Clause: Moody is banned
|rule|Evasion Moves Clause: Evasion moves are banned
|rule|Endless Battle Clause: Forcing endless battles is banned
|rule|HP Percentage Mod: HP is shown in percentages
|clearpoke
|poke|p1|Zygarde
|poke|p1|Ampharos, M
|poke|p1|Uxie
|poke|p1|Jirachi
|poke|p1|Suicune
|poke|p1|Gligar, M
|poke|p2|Pidgeot, M
|poke|p2|Roserade, M
|poke|p2|Bronzong
|poke|p2|Arcanine, M
|poke|p2|Dugtrio, F
|poke|p2|Scrafty, F
|rule|Swagger Clause: Swagger is banned
|rule|Baton Pass Clause: Limit one PokÃ©mon knowing Baton Pass
|teampreview
|
|start
|switch|p1a: High Guard|Zygarde|404\/404
|switch|p2a: Pantzer|Scrafty, F|334\/334
|-ability|p1a: High Guard|Aura Break
|turn|1
|
|move|p1a: High Guard|Coil|p1a: High Guard
|-boost|p1a: High Guard|atk|1
|-boost|p1a: High Guard|def|1
|-boost|p1a: High Guard|accuracy|1
|move|p2a: Pantzer|Knock Off|p1a: High Guard
|-damage|p1a: High Guard|343\/404
|-enditem|p1a: High Guard|Leftovers|[from] move: Knock Off|[of] p2a: Pantzer
|
|turn|2
|
|switch|p2a: Sweetie Belle|Bronzong|337\/337
|move|p1a: High Guard|Substitute|p1a: High Guard
|-start|p1a: High Guard|Substitute
|-damage|p1a: High Guard|242\/404
|
|turn|3
|join|daD s'daD
|
|move|p1a: High Guard|Coil|p1a: High Guard
|-boost|p1a: High Guard|atk|1
|-boost|p1a: High Guard|def|1
|-boost|p1a: High Guard|accuracy|1
|move|p2a: Sweetie Belle|Hidden Power|p1a: High Guard
|-supereffective|p1a: High Guard
|-end|p1a: High Guard|Substitute
|
|turn|4
|c| daD s'daD|lmoa
|
|move|p2a: Sweetie Belle|Hidden Power|p1a: High Guard
|-supereffective|p1a: High Guard
|-damage|p1a: High Guard|122\/404
|move|p1a: High Guard|Dragon Tail|p2a: Sweetie Belle
|-resisted|p2a: Sweetie Belle
|-damage|p2a: Sweetie Belle|274\/337
|drag|p2a: Pammy|Roserade, M|299\/299
|
|turn|5
|
|switch|p2a: Sweetie Belle|Bronzong|274\/337
|move|p1a: High Guard|Earthquake|p2a: Sweetie Belle
|-immune|p2a: Sweetie Belle|[msg]
|
|-heal|p2a: Sweetie Belle|295\/337|[from] item: Leftovers
|turn|6
|
|switch|p1a: Dont use dark|Uxie|354\/354
|move|p2a: Sweetie Belle|Stealth Rock|p1a: Dont use dark
|-sidestart|p1: sniperaim|move: Stealth Rock
|
|-heal|p2a: Sweetie Belle|316\/337|[from] item: Leftovers
|turn|7
|
|move|p1a: Dont use dark|Knock Off|p2a: Sweetie Belle
|-supereffective|p2a: Sweetie Belle
|-damage|p2a: Sweetie Belle|218\/337
|-enditem|p2a: Sweetie Belle|Leftovers|[from] move: Knock Off|[of] p1a: Dont use dark
|move|p2a: Sweetie Belle|Toxic|p1a: Dont use dark
|-status|p1a: Dont use dark|tox
|
|-damage|p1a: Dont use dark|332\/354 tox|[from] psn
|turn|8
|
|switch|p2a: Pammy|Roserade, M|299\/299
|move|p1a: Dont use dark|Stealth Rock|p2a: Pammy
|-sidestart|p2: NoKnuckles|move: Stealth Rock
|
|-heal|p1a: Dont use dark|354\/354 tox|[from] item: Leftovers
|-damage|p1a: Dont use dark|310\/354 tox|[from] psn
|turn|9
|
|move|p2a: Pammy|Spikes|p1a: Dont use dark
|-sidestart|p1: sniperaim|Spikes
|move|p1a: Dont use dark|Knock Off|p2a: Pammy
|-damage|p2a: Pammy|222\/299
|-enditem|p2a: Pammy|Black Sludge|[from] move: Knock Off|[of] p1a: Dont use dark
|
|-heal|p1a: Dont use dark|332\/354 tox|[from] item: Leftovers
|-damage|p1a: Dont use dark|266\/354 tox|[from] psn
|turn|10
|
|move|p2a: Pammy|Giga Drain|p1a: Dont use dark
|-damage|p1a: Dont use dark|182\/354 tox
|-heal|p2a: Pammy|264\/299|[from] drain|[of] p1a: Dont use dark
|move|p1a: Dont use dark|U-turn|p2a: Pammy
|-damage|p2a: Pammy|209\/299
|
|switch|p1a: Guess what i eat|Gligar, M|333\/333
|-damage|p1a: Guess what i eat|292\/333|[from] Stealth Rock
|
|turn|11
|
|move|p2a: Pammy|Sleep Powder|p1a: Guess what i eat
|-status|p1a: Guess what i eat|slp
|cant|p1a: Guess what i eat|slp
|
|turn|12
|
|move|p2a: Pammy|Giga Drain|p1a: Guess what i eat
|-damage|p1a: Guess what i eat|201\/333 slp
|-heal|p2a: Pammy|255\/299|[from] drain|[of] p1a: Guess what i eat
|cant|p1a: Guess what i eat|slp
|
|turn|13
|
|switch|p1a: Lmao I'm cancer|Jirachi|342\/342
|-damage|p1a: Lmao I'm cancer|321\/342|[from] Stealth Rock
|-damage|p1a: Lmao I'm cancer|279\/342|[from] Spikes
|move|p2a: Pammy|Giga Drain|p1a: Lmao I'm cancer
|-resisted|p1a: Lmao I'm cancer
|-damage|p1a: Lmao I'm cancer|211\/342
|-heal|p2a: Pammy|289\/299|[from] drain|[of] p1a: Lmao I'm cancer
|
|turn|14
|
|switch|p2a: Missile|Arcanine, M|383\/383
|-damage|p2a: Missile|288\/383|[from] Stealth Rock
|-ability|p2a: Missile|Intimidate|[of] p1a: Lmao I'm cancer
|-unboost|p1a: Lmao I'm cancer|atk|1
|move|p1a: Lmao I'm cancer|U-turn|p2a: Missile
|-crit|p2a: Missile
|-resisted|p2a: Missile
|-damage|p2a: Missile|248\/383
|-damage|p1a: Lmao I'm cancer|154\/342|[from] item: Rocky Helmet|[of] p2a: Missile
|
|switch|p1a: My hair tho|Ampharos, M|350\/350
|-damage|p1a: My hair tho|307\/350|[from] Spikes
|-damage|p1a: My hair tho|264\/350|[from] Stealth Rock
|
|turn|15
|
|detailschange|p1a: My hair tho|Ampharos-Mega, M
|-mega|p1a: My hair tho|Ampharos|Ampharosite
|-ability|p1a: My hair tho|Mold Breaker
|move|p2a: Missile|Will-O-Wisp|p1a: My hair tho
|-status|p1a: My hair tho|brn
|move|p1a: My hair tho|Dragon Pulse|p2a: Missile
|-damage|p2a: Missile|8\/383
|
|-damage|p1a: My hair tho|221\/350 brn|[from] brn
|turn|16
|
|move|p2a: Missile|Extreme Speed|p1a: My hair tho
|-damage|p1a: My hair tho|160\/350 brn
|move|p1a: My hair tho|Heal Bell|p1a: My hair tho
|-cureteam|p1a: My hair tho|[from] move: HealBell
|
|turn|17
|
|move|p2a: Missile|Extreme Speed|p1a: My hair tho
|-damage|p1a: My hair tho|94\/350
|move|p1a: My hair tho|Volt Switch|p2a: Missile
|-damage|p2a: Missile|0 fnt
|faint|p2a: Missile
|
|switch|p1a: Dont use dark|Uxie|182\/354
|-damage|p1a: Dont use dark|138\/354|[from] Stealth Rock
|
|-heal|p1a: Dont use dark|160\/354|[from] item: Leftovers
|
|switch|p2a: IPXBird|Pidgeot, M|307\/307
|-damage|p2a: IPXBird|231\/307|[from] Stealth Rock
|turn|18
|
|detailschange|p2a: IPXBird|Pidgeot-Mega, M
|-mega|p2a: IPXBird|Pidgeot|Pidgeotite
|move|p2a: IPXBird|Hurricane|p1a: Dont use dark
|-damage|p1a: Dont use dark|36\/354
|move|p1a: Dont use dark|Thunder Wave|p2a: IPXBird
|-status|p2a: IPXBird|par
|
|-heal|p1a: Dont use dark|58\/354|[from] item: Leftovers
|turn|19
|
|move|p1a: Dont use dark|Knock Off|p2a: IPXBird
|-damage|p2a: IPXBird|190\/307 par
|move|p2a: IPXBird|Hurricane|p1a: Dont use dark
|-damage|p1a: Dont use dark|0 fnt
|faint|p1a: Dont use dark
|
|
|switch|p1a: Guess what i eat|Gligar, M|201\/333
|-damage|p1a: Guess what i eat|160\/333|[from] Stealth Rock
|turn|20
|
|move|p1a: Guess what i eat|Defog|p2a: IPXBird
|-unboost|p2a: IPXBird|evasion|1
|-sideend|p2: NoKnuckles|Stealth Rock|[from] move: Defog|[of] p2a: IPXBird
|-sideend|p1: sniperaim|Spikes|[from] move: Defog|[of] p1a: Guess what i eat
|-sideend|p1: sniperaim|Stealth Rock|[from] move: Defog|[of] p1a: Guess what i eat
|cant|p2a: IPXBird|par
|
|turn|21
|
|move|p1a: Guess what i eat|Roost|p1a: Guess what i eat
|-heal|p1a: Guess what i eat|327\/333
|move|p2a: IPXBird|U-turn|p1a: Guess what i eat
|-damage|p1a: Guess what i eat|300\/333
|
|switch|p2a: Pammy|Roserade, M|289\/299
|
|turn|22
|
|move|p2a: Pammy|Spikes|p1a: Guess what i eat
|-sidestart|p1: sniperaim|Spikes
|move|p1a: Guess what i eat|Earthquake|p2a: Pammy
|-damage|p2a: Pammy|145\/299
|
|turn|23
|
|switch|p1a: High Guard|Zygarde|122\/404
|-damage|p1a: High Guard|72\/404|[from] Spikes
|-ability|p1a: High Guard|Aura Break
|move|p2a: Pammy|Sleep Powder|p1a: High Guard|[miss]
|-miss|p2a: Pammy|p1a: High Guard
|
|turn|24
|
|move|p2a: Pammy|Giga Drain|p1a: High Guard
|-damage|p1a: High Guard|0 fnt
|-heal|p2a: Pammy|181\/299|[from] drain|[of] p1a: High Guard
|faint|p1a: High Guard
|
|
|switch|p1a: Lmao I'm cancer|Jirachi|154\/342
|-damage|p1a: Lmao I'm cancer|112\/342|[from] Spikes
|turn|25
|
|switch|p2a: IPXBird|Pidgeot-Mega, M|190\/307 par
|move|p1a: Lmao I'm cancer|U-turn|p2a: IPXBird
|-resisted|p2a: IPXBird
|-damage|p2a: IPXBird|145\/307 par
|
|switch|p1a: Guess what i eat|Gligar, M|300\/333
|
|turn|26
|
|move|p1a: Guess what i eat|Earthquake|p2a: IPXBird
|-immune|p2a: IPXBird|[msg]
|move|p2a: IPXBird|Hurricane|p1a: Guess what i eat
|-damage|p1a: Guess what i eat|158\/333
|
|turn|27
|
|move|p1a: Guess what i eat|Roost|p1a: Guess what i eat
|-heal|p1a: Guess what i eat|325\/333
|move|p2a: IPXBird|U-turn|p1a: Guess what i eat
|-damage|p1a: Guess what i eat|296\/333
|
|switch|p2a: Pantzer|Scrafty, F|334\/334
|
|turn|28
|
|move|p1a: Guess what i eat|Defog|p2a: Pantzer
|-unboost|p2a: Pantzer|evasion|1
|-sideend|p1: sniperaim|Spikes|[from] move: Defog|[of] p1a: Guess what i eat
|move|p2a: Pantzer|Bulk Up|p2a: Pantzer
|-boost|p2a: Pantzer|atk|1
|-boost|p2a: Pantzer|def|1
|
|turn|29
|
|switch|p1a: Suicunenite|Suicune|356\/356
|-ability|p1a: Suicunenite|Pressure
|move|p2a: Pantzer|Knock Off|p1a: Suicunenite
|-damage|p1a: Suicunenite|218\/356
|-enditem|p1a: Suicunenite|Leftovers|[from] move: Knock Off|[of] p2a: Pantzer
|
|turn|30
|
|move|p1a: Suicunenite|Scald|p2a: Pantzer
|-crit|p2a: Pantzer
|-damage|p2a: Pantzer|213\/334
|-status|p2a: Pantzer|brn
|move|p2a: Pantzer|Bulk Up|p2a: Pantzer
|-boost|p2a: Pantzer|atk|1
|-boost|p2a: Pantzer|def|1
|
|-heal|p2a: Pantzer|233\/334 brn|[from] item: Leftovers
|-damage|p2a: Pantzer|192\/334 brn|[from] brn
|turn|31
|
|move|p1a: Suicunenite|Substitute|p1a: Suicunenite
|-start|p1a: Suicunenite|Substitute
|-damage|p1a: Suicunenite|129\/356
|move|p2a: Pantzer|Rest|p2a: Pantzer
|-status|p2a: Pantzer|slp
|-heal|p2a: Pantzer|334\/334 slp|[silent]
|-status|p2a: Pantzer|slp|[from] move: Rest
|
|turn|32
|
|move|p1a: Suicunenite|Calm Mind|p1a: Suicunenite
|-boost|p1a: Suicunenite|spa|1
|-boost|p1a: Suicunenite|spd|1
|cant|p2a: Pantzer|slp
|
|-activate|p2a: Pantzer|ability: Shed Skin
|-curestatus|p2a: Pantzer|slp
|turn|33
|
|move|p1a: Suicunenite|Scald|p2a: Pantzer
|-damage|p2a: Pantzer|220\/334
|move|p2a: Pantzer|Drain Punch|p1a: Suicunenite
|-end|p1a: Suicunenite|Substitute
|-heal|p2a: Pantzer|265\/334|[from] drain|[of] p1a: Suicunenite
|
|-heal|p2a: Pantzer|285\/334|[from] item: Leftovers
|turn|34
|
|move|p1a: Suicunenite|Scald|p2a: Pantzer
|-damage|p2a: Pantzer|165\/334
|move|p2a: Pantzer|Drain Punch|p1a: Suicunenite
|-damage|p1a: Suicunenite|0 fnt
|-heal|p2a: Pantzer|230\/334|[from] drain|[of] p1a: Suicunenite
|faint|p1a: Suicunenite
|
|-heal|p2a: Pantzer|250\/334|[from] item: Leftovers
|
|switch|p1a: Lmao I'm cancer|Jirachi|112\/342
|turn|35
|
|move|p1a: Lmao I'm cancer|Iron Head|p2a: Pantzer
|-damage|p2a: Pantzer|192\/334
|move|p2a: Pantzer|Drain Punch|p1a: Lmao I'm cancer
|-damage|p1a: Lmao I'm cancer|0 fnt
|-heal|p2a: Pantzer|248\/334|[from] drain|[of] p1a: Lmao I'm cancer
|faint|p1a: Lmao I'm cancer
|
|-heal|p2a: Pantzer|268\/334|[from] item: Leftovers
|-message|sniperaim forfeited.
|
|win|NoKnuckles
|raw|Ladder updating...
|leave|sniperaim
|raw|sniperaim's rating: 1617 &rarr; <strong>1587<\/strong><br \/>(-30 for losing)
|raw|NoKnuckles's rating: 1408 &rarr; <strong>1438<\/strong><br \/>(+30 for winning)
|player|p1
|leave|daD s'daD