|join|Pleasure Kitten
|join|NoKnuckles
|player|p1|Pleasure Kitten|116
|player|p2|NoKnuckles|23
|gametype|singles
|gen|6
|tier|UU
|rated
|rule|Sleep Clause Mod: Limit one foe put to sleep
|rule|Species Clause: Limit one of each Pokemon
|rule|OHKO Clause: OHKO moves are banned
|rule|Moody Clause: Moody is banned
|rule|Evasion Moves Clause: Evasion moves are banned
|rule|Endless Battle Clause: Forcing endless battles is banned
|rule|HP Percentage Mod: HP is reported as percentages
|clearpoke
|poke|p1|Infernape, F
|poke|p1|Azelf
|poke|p1|Jirachi
|poke|p1|Hydreigon, M
|poke|p1|Alakazam, M
|poke|p1|Blastoise, F
|poke|p2|Slowbro, F
|poke|p2|Cobalion
|poke|p2|Ampharos, F
|poke|p2|Infernape, F
|poke|p2|Starmie
|poke|p2|Roserade, F
|rule|Baton Pass Clause: Limit 3 pokemon knowing Baton Pass
|teampreview
|
|start
|switch|p1a: Azelf|Azelf|354\/354
|switch|p2a: Infernape|Infernape, F|293\/293
|turn|1
|
|switch|p2a: Slowbro|Slowbro, F|394\/394
|move|p1a: Azelf|Reflect|p1a: Azelf
|-sidestart|p1: Pleasure Kitten|Reflect
|
|turn|2
|
|move|p1a: Azelf|Taunt|p2a: Slowbro
|-start|p2a: Slowbro|move: Taunt
|move|p2a: Slowbro|Scald|p1a: Azelf
|-damage|p1a: Azelf|221\/354
|
|turn|3
|
|switch|p2a: Infernape|Infernape, F|293\/293
|move|p1a: Azelf|Light Screen|p1a: Azelf
|-sidestart|p1: Pleasure Kitten|move: Light Screen
|
|turn|4
|
|move|p2a: Infernape|U-turn|p1a: Azelf
|-supereffective|p1a: Azelf
|-damage|p1a: Azelf|129\/354
|
|switch|p2a: Slowbro|Slowbro, F|394\/394
|move|p1a: Azelf|Explosion|p2a: Slowbro
|-damage|p2a: Slowbro|234\/394
|faint|p1a: Azelf
|
|-heal|p2a: Slowbro|258\/394|[from] item: Leftovers
|
|switch|p1a: Alakazam|Alakazam, M|252\/252
|turn|5
|
|switch|p2a: Infernape|Infernape, F|293\/293
|move|p1a: Alakazam|Shadow Ball|p2a: Infernape
|-damage|p2a: Infernape|121\/293
|
|turn|6
|
|move|p2a: Infernape|U-turn|p1a: Alakazam
|-supereffective|p1a: Alakazam
|-damage|p1a: Alakazam|118\/252
|
|switch|p2a: Starmie|Starmie|261\/261
|move|p1a: Alakazam|Shadow Ball|p2a: Starmie
|-supereffective|p2a: Starmie
|-damage|p2a: Starmie|0 fnt
|faint|p2a: Starmie
|
|
|switch|p2a: Infernape|Infernape, F|121\/293
|turn|7
|
|switch|p1a: Infernape|Infernape, F|293\/293
|move|p2a: Infernape|U-turn|p1a: Infernape
|-resisted|p1a: Infernape
|-damage|p1a: Infernape|281\/293
|
|switch|p2a: Slowbro|Slowbro, F|389\/394
|
|-heal|p2a: Slowbro|394\/394|[from] item: Leftovers
|turn|8
|join|team testis
|
|move|p1a: Infernape|Nasty Plot|p1a: Infernape
|-boost|p1a: Infernape|spa|2
|move|p2a: Slowbro|Scald|p1a: Infernape
|-supereffective|p1a: Infernape
|-damage|p1a: Infernape|148\/293
|
|-sideend|p1: Pleasure Kitten|Reflect
|turn|9
|
|switch|p2a: Ampharos|Ampharos, F|384\/384
|move|p1a: Infernape|Grass Knot|p2a: Ampharos
|-damage|p2a: Ampharos|167\/384
|-damage|p1a: Infernape|119\/293|[from] item: Life Orb
|
|turn|10
|
|switch|p2a: Roserade|Roserade, F|321\/321
|move|p1a: Infernape|Close Combat|p2a: Roserade
|-resisted|p2a: Roserade
|-damage|p2a: Roserade|181\/321
|-unboost|p1a: Infernape|def|1
|-unboost|p1a: Infernape|spd|1
|-damage|p1a: Infernape|90\/293|[from] item: Life Orb
|
|-heal|p2a: Roserade|201\/321|[from] item: Black Sludge
|-sideend|p1: Pleasure Kitten|move: Light Screen
|turn|11
|
|switch|p2a: Slowbro|Slowbro, F|394\/394
|move|p1a: Infernape|Fire Blast|p2a: Slowbro
|-resisted|p2a: Slowbro
|-damage|p2a: Slowbro|7\/394
|-damage|p1a: Infernape|61\/293|[from] item: Life Orb
|
|-heal|p2a: Slowbro|31\/394|[from] item: Leftovers
|turn|12
|
|switch|p2a: Ampharos|Ampharos, F|167\/384
|move|p1a: Infernape|Close Combat|p2a: Ampharos
|-damage|p2a: Ampharos|0 fnt
|-status|p1a: Infernape|par
|-unboost|p1a: Infernape|def|1
|-unboost|p1a: Infernape|spd|1
|-damage|p1a: Infernape|32\/293 par|[from] item: Life Orb
|faint|p2a: Ampharos
|
|
|switch|p2a: Roserade|Roserade, F|201\/321
|turn|13
|
|move|p2a: Roserade|Extrasensory|p1a: Infernape
|-supereffective|p1a: Infernape
|-damage|p1a: Infernape|0 fnt
|faint|p1a: Infernape
|
|-heal|p2a: Roserade|221\/321|[from] item: Black Sludge
|
|switch|p1a: Alakazam|Alakazam, M|118\/252
|turn|14
|
|switch|p2a: Slowbro|Slowbro, F|162\/394
|move|p1a: Alakazam|Psyshock|p2a: Slowbro
|-resisted|p2a: Slowbro
|-damage|p2a: Slowbro|104\/394
|
|-heal|p2a: Slowbro|128\/394|[from] item: Leftovers
|turn|15
|chat|NoKnuckles|how am i so unprepared for zam? it's kinda important...
|leave|team testis
|
|switch|p2a: Cobalion|Cobalion|343\/343
|move|p1a: Alakazam|Dazzling Gleam|p2a: Cobalion
|-damage|p2a: Cobalion|226\/343
|
|-heal|p2a: Cobalion|247\/343|[from] item: Leftovers
|turn|16
|chat|Pleasure Kitten|lol
|
|move|p1a: Alakazam|Psyshock|p2a: Cobalion
|-damage|p2a: Cobalion|79\/343
|move|p2a: Cobalion|Thunder Wave|p1a: Alakazam
|-status|p1a: Alakazam|par
|
|-heal|p2a: Cobalion|100\/343|[from] item: Leftovers
|turn|17
|join|berd is the werd
|
|move|p2a: Cobalion|Volt Switch|p1a: Alakazam
|-damage|p1a: Alakazam|65\/252 par
|
|switch|p2a: Slowbro|Slowbro, F|259\/394
|cant|p1a: Alakazam|par
|
|-heal|p2a: Slowbro|283\/394|[from] item: Leftovers
|turn|18
|
|move|p2a: Slowbro|Scald|p1a: Alakazam
|-damage|p1a: Alakazam|0 fnt
|faint|p1a: Alakazam
|
|-heal|p2a: Slowbro|307\/394|[from] item: Leftovers
|
|switch|p1a: Blastoise|Blastoise, F|354\/354
|turn|19
|
|switch|p2a: Roserade|Roserade, F|221\/321
|detailschange|p1a: Blastoise|Blastoise-Mega, F
|message|Blastoise has Mega Evolved into Mega Blastoise!
|move|p1a: Blastoise|Water Pulse|p2a: Roserade
|-resisted|p2a: Roserade
|-damage|p2a: Roserade|135\/321
|
|-heal|p2a: Roserade|155\/321|[from] item: Black Sludge
|turn|20
|
|switch|p2a: Cobalion|Cobalion|100\/343
|switch|p1a: Jirachi|Jirachi|404\/404
|
|-heal|p2a: Cobalion|121\/343|[from] item: Leftovers
|turn|21
|
|move|p2a: Cobalion|Thunder Wave|p1a: Jirachi
|-status|p1a: Jirachi|par
|move|p1a: Jirachi|Stealth Rock|p2a: Cobalion
|-sidestart|p2: NoKnuckles|move: Stealth Rock
|
|-heal|p2a: Cobalion|142\/343|[from] item: Leftovers
|turn|22
|
|move|p2a: Cobalion|Stealth Rock|p1a: Jirachi
|-sidestart|p1: Pleasure Kitten|move: Stealth Rock
|cant|p1a: Jirachi|par
|
|-heal|p2a: Cobalion|163\/343|[from] item: Leftovers
|turn|23
|
|move|p2a: Cobalion|Volt Switch|p1a: Jirachi
|-damage|p1a: Jirachi|358\/404 par
|
|switch|p2a: Slowbro|Slowbro, F|394\/394
|-damage|p2a: Slowbro|345\/394|[from] Stealth Rock
|move|p1a: Jirachi|U-turn|p2a: Slowbro
|-supereffective|p2a: Slowbro
|-damage|p2a: Slowbro|273\/394
|
|switch|p1a: Hydreigon|Hydreigon, M|325\/325
|-damage|p1a: Hydreigon|285\/325|[from] Stealth Rock
|
|-heal|p2a: Slowbro|297\/394|[from] item: Leftovers
|turn|24
|
|switch|p2a: Cobalion|Cobalion|163\/343
|-damage|p2a: Cobalion|153\/343|[from] Stealth Rock
|move|p1a: Hydreigon|U-turn|p2a: Cobalion
|-resisted|p2a: Cobalion
|-damage|p2a: Cobalion|141\/343
|
|switch|p1a: Blastoise|Blastoise-Mega, F|354\/354
|-damage|p1a: Blastoise|310\/354|[from] Stealth Rock
|
|-heal|p2a: Cobalion|162\/343|[from] item: Leftovers
|turn|25
|
|move|p2a: Cobalion|Volt Switch|p1a: Blastoise
|-supereffective|p1a: Blastoise
|-damage|p1a: Blastoise|218\/354
|
|switch|p2a: Roserade|Roserade, F|155\/321
|-damage|p2a: Roserade|115\/321|[from] Stealth Rock
|move|p1a: Blastoise|Water Pulse|p2a: Roserade
|-resisted|p2a: Roserade
|-damage|p2a: Roserade|21\/321
|-start|p2a: Roserade|confusion
|
|-heal|p2a: Roserade|41\/321|[from] item: Black Sludge
|turn|26
|
|-activate|p2a: Roserade|confusion
|-damage|p2a: Roserade|12\/321|[from] confusion
|move|p1a: Blastoise|Dark Pulse|p2a: Roserade
|-damage|p2a: Roserade|0 fnt
|faint|p2a: Roserade
|
|
|switch|p2a: Cobalion|Cobalion|162\/343
|-damage|p2a: Cobalion|152\/343|[from] Stealth Rock
|turn|27
|
|move|p2a: Cobalion|Volt Switch|p1a: Blastoise
|-supereffective|p1a: Blastoise
|-damage|p1a: Blastoise|130\/354
|
|switch|p2a: Slowbro|Slowbro, F|394\/394
|-damage|p2a: Slowbro|345\/394|[from] Stealth Rock
|move|p1a: Blastoise|Aura Sphere|p2a: Slowbro
|-resisted|p2a: Slowbro
|-damage|p2a: Slowbro|246\/394
|
|-heal|p2a: Slowbro|270\/394|[from] item: Leftovers
|turn|28
|
|switch|p2a: Cobalion|Cobalion|152\/343
|-damage|p2a: Cobalion|142\/343|[from] Stealth Rock
|move|p1a: Blastoise|Rapid Spin|p2a: Cobalion
|-resisted|p2a: Cobalion
|-damage|p2a: Cobalion|136\/343
|-sideend|p1: Pleasure Kitten|Stealth Rock|[from] move: Rapid Spin|[of] p1a: Blastoise
|
|-heal|p2a: Cobalion|157\/343|[from] item: Leftovers
|turn|29
|
|move|p2a: Cobalion|Volt Switch|p1a: Blastoise
|-supereffective|p1a: Blastoise
|-damage|p1a: Blastoise|46\/354
|
|switch|p2a: Slowbro|Slowbro, F|394\/394
|-damage|p2a: Slowbro|345\/394|[from] Stealth Rock
|move|p1a: Blastoise|Aura Sphere|p2a: Slowbro
|-resisted|p2a: Slowbro
|-damage|p2a: Slowbro|243\/394
|
|-heal|p2a: Slowbro|267\/394|[from] item: Leftovers
|turn|30
|
|move|p1a: Blastoise|Dark Pulse|p2a: Slowbro
|-supereffective|p2a: Slowbro
|-damage|p2a: Slowbro|0 fnt
|faint|p2a: Slowbro
|
|
|switch|p2a: Cobalion|Cobalion|157\/343
|-damage|p2a: Cobalion|147\/343|[from] Stealth Rock
|turn|31
|
|move|p2a: Cobalion|Volt Switch|p1a: Blastoise
|-supereffective|p1a: Blastoise
|-damage|p1a: Blastoise|0 fnt
|faint|p1a: Blastoise
|
|switch|p2a: Infernape|Infernape, F|121\/293
|-damage|p2a: Infernape|85\/293|[from] Stealth Rock
|
|
|switch|p1a: Hydreigon|Hydreigon, M|285\/325
|turn|32
|
|move|p2a: Infernape|Close Combat|p1a: Hydreigon
|-supereffective|p1a: Hydreigon
|-damage|p1a: Hydreigon|0 fnt
|-unboost|p2a: Infernape|def|1
|-unboost|p2a: Infernape|spd|1
|faint|p1a: Hydreigon
|
|
|switch|p1a: Jirachi|Jirachi|358\/404 par
|turn|33
|
|switch|p2a: Cobalion|Cobalion|147\/343
|-damage|p2a: Cobalion|137\/343|[from] Stealth Rock
|move|p1a: Jirachi|Body Slam|p2a: Cobalion
|-resisted|p2a: Cobalion
|-damage|p2a: Cobalion|108\/343
|-status|p2a: Cobalion|par
|
|-heal|p2a: Cobalion|129\/343 par|[from] item: Leftovers
|-heal|p1a: Jirachi|383\/404 par|[from] item: Leftovers
|turn|34
|
|move|p2a: Cobalion|Focus Blast|p1a: Jirachi|[miss]
|-miss|p2a: Cobalion|p1a: Jirachi
|move|p1a: Jirachi|Iron Head|p2a: Cobalion
|-resisted|p2a: Cobalion
|-damage|p2a: Cobalion|90\/343 par
|
|-heal|p2a: Cobalion|111\/343 par|[from] item: Leftovers
|-heal|p1a: Jirachi|404\/404 par|[from] item: Leftovers
|turn|35
|
|cant|p2a: Cobalion|par
|move|p1a: Jirachi|Iron Head|p2a: Cobalion
|-resisted|p2a: Cobalion
|-damage|p2a: Cobalion|72\/343 par
|
|-heal|p2a: Cobalion|93\/343 par|[from] item: Leftovers
|turn|36
|chat|NoKnuckles|the togekiss of gen 6
|
|move|p2a: Cobalion|Focus Blast|p1a: Jirachi
|-damage|p1a: Jirachi|280\/404 par
|-unboost|p1a: Jirachi|spd|1
|move|p1a: Jirachi|Iron Head|p2a: Cobalion
|-resisted|p2a: Cobalion
|-damage|p2a: Cobalion|55\/343 par
|
|-heal|p2a: Cobalion|76\/343 par|[from] item: Leftovers
|-heal|p1a: Jirachi|305\/404 par|[from] item: Leftovers
|turn|37
|chat|Pleasure Kitten|lol
|
|move|p2a: Cobalion|Focus Blast|p1a: Jirachi|[miss]
|-miss|p2a: Cobalion|p1a: Jirachi
|move|p1a: Jirachi|Iron Head|p2a: Cobalion
|-resisted|p2a: Cobalion
|-damage|p2a: Cobalion|37\/343 par
|
|-heal|p2a: Cobalion|58\/343 par|[from] item: Leftovers
|-heal|p1a: Jirachi|330\/404 par|[from] item: Leftovers
|turn|38
|chat|Pleasure Kitten|great predictions tbh
|
|move|p2a: Cobalion|Focus Blast|p1a: Jirachi
|-damage|p1a: Jirachi|135\/404 par
|move|p1a: Jirachi|Iron Head|p2a: Cobalion
|-resisted|p2a: Cobalion
|-damage|p2a: Cobalion|22\/343 par
|
|-heal|p2a: Cobalion|43\/343 par|[from] item: Leftovers
|-heal|p1a: Jirachi|160\/404 par|[from] item: Leftovers
|turn|39
|chat|NoKnuckles|thx
|
|move|p2a: Cobalion|Focus Blast|p1a: Jirachi
|-damage|p1a: Jirachi|0 fnt
|faint|p1a: Jirachi
|
|win|NoKnuckles
|raw|Ladder updating...
|raw|Pleasure Kitten's rating: 1445 &rarr; <strong>1426<\/strong><br \/>(-19 for losing)
|raw|NoKnuckles's rating: 1466 &rarr; <strong>1484<\/strong><br \/>(+18 for winning)
|chat|NoKnuckles|gg
|leave|Pleasure Kitten
|player|p1