|join|albacore's secret
|join|shartruce2
|player|p1|albacore's secret|102
|player|p2|shartruce2|43
|gametype|singles
|gen|6
|tier|ORAS OU
|rule|Sleep Clause Mod: Limit one foe put to sleep
|rule|Species Clause: Limit one of each PokÃ©mon
|rule|OHKO Clause: OHKO moves are banned
|rule|Moody Clause: Moody is banned
|rule|Evasion Moves Clause: Evasion moves are banned
|rule|Endless Battle Clause: Forcing endless battles is banned
|rule|HP Percentage Mod: HP is shown in percentages
|clearpoke
|poke|p1|Charizard, M
|poke|p1|Keldeo
|poke|p1|Tyranitar, F
|poke|p1|Excadrill, F
|poke|p1|Clefable, M
|poke|p1|Venusaur, M
|poke|p2|Salamence, F
|poke|p2|Greninja, F
|poke|p2|Magnezone
|poke|p2|Porygon2
|poke|p2|Zapdos
|poke|p2|Rhyperior, M
|rule|Swagger Clause: Swagger is banned
|rule|Baton Pass Clause: Limit one PokÃ©mon knowing Baton Pass
|teampreview
|join|JungleBee
|join|I am time stall
|join|SLGSREDS
|join|kratebeast
|join|Coogi Down
|join|llock
|join|Ghibli
|join|dfhdfhh
|join|Uncut
|join|Felico
|join|Kiz Walifa
|join|badassninja
|c| I am time stall|gl hf
|join|Kittridge
|c|âshartruce2|u2
|c|âalbacore's secret|i thought we werent allowing mence
|c| Uncut|>protip albacore's secret is albacore
|c|âalbacore's secret|w\/e
|
|start
|switch|p1a: Keldeo|Keldeo|323\/323
|switch|p2a: Rhyperior|Rhyperior, M|432\/432
|turn|1
|c|âshartruce2|o
|join|RAAWK HAAWK
|c|âalbacore's secret|I AM NOT ALBACORE
|c|âshartruce2|we are
|c|âalbacore's secret|LOL
|c|âalbacore's secret|I SWEAR
|join|julianna
|join|sugarhigh
|c| sugarhigh|MAN
|
|switch|p2a: Porygon2|Porygon2|374\/374
|-ability|p2a: Porygon2|Justified|[from] ability: Trace|[of] p1a: Keldeo
|move|p1a: Keldeo|Scald|p2a: Porygon2
|-damage|p2a: Porygon2|284\/374
|-status|p2a: Porygon2|brn
|
|-damage|p2a: Porygon2|238\/374 brn|[from] brn
|turn|2
|c| sugarhigh|ALBACORE
|join|rapethepkmshowsmom
|c| sugarhigh|GO ALBACORE
|c| julianna|albacore secret is like victoria's secret
|c| sugarhigh|URE SO DREAMY
|leave|rapethepkmshowsmom
|c| Uncut|Albacore might actually lose tho
|c| Kiz Walifa|LOL
|leave|JungleBee
|
|switch|p1a: Clefable|Clefable, M|394\/394
|move|p2a: Porygon2|Toxic|p1a: Clefable
|-status|p1a: Clefable|tox
|
|-damage|p2a: Porygon2|192\/374 brn|[from] brn
|turn|3
|join|cawre32
|c| julianna|ding ding
|
|move|p2a: Porygon2|Recover|p2a: Porygon2
|-heal|p2a: Porygon2|374\/374 brn
|move|p1a: Clefable|Stealth Rock|p2a: Porygon2
|-sidestart|p2: shartruce2|move: Stealth Rock
|
|-damage|p2a: Porygon2|328\/374 brn|[from] brn
|turn|4
|c| Kiz Walifa|be real and fire blast
|join|Honchkrow Love
|join|tyleroakleyisbae
|
|switch|p2a: Zapdos|Zapdos|383\/383
|-damage|p2a: Zapdos|288\/383|[from] Stealth Rock
|-ability|p2a: Zapdos|Pressure
|switch|p1a: Tyranitar|Tyranitar, F|388\/388
|-weather|Sandstorm
|
|-weather|Sandstorm|[upkeep]
|-damage|p2a: Zapdos|265\/383|[from] sandstorm
|-heal|p2a: Zapdos|288\/383|[from] item: Leftovers
|turn|5
|c| Uncut|predicted
|
|switch|p2a: Rhyperior|Rhyperior, M|432\/432
|-damage|p2a: Rhyperior|405\/432|[from] Stealth Rock
|move|p1a: Tyranitar|Stone Edge|p2a: Rhyperior|[miss]
|-miss|p1a: Tyranitar|p2a: Rhyperior
|
|-weather|Sandstorm|[upkeep]
|-heal|p2a: Rhyperior|432\/432|[from] item: Leftovers
|turn|6
|
|switch|p1a: Charizard|Charizard, M|298\/298
|move|p2a: Rhyperior|Stealth Rock|p1a: Charizard
|-sidestart|p1: albacore's secret|move: Stealth Rock
|
|-weather|Sandstorm|[upkeep]
|-damage|p1a: Charizard|280\/298|[from] sandstorm
|turn|7
|c|âalbacore's secret|mence is counter
|c|âalbacore's secret|yn
|c| Uncut|n
|c| Kiz Walifa|not if bulky char x
|c| julianna|n
|join|BenBeatsTomi
|c| Uncut|inb4 assault vest max spdef solid rock
|
|switch|p2a: Porygon2|Porygon2|328\/374 brn
|-damage|p2a: Porygon2|282\/374 brn|[from] Stealth Rock
|-ability|p2a: Porygon2|Blaze|[from] ability: Trace|[of] p1a: Charizard
|detailschange|p1a: Charizard|Charizard-Mega-Y, M
|message|Charizard has Mega Evolved into Mega Charizard!
|-weather|SunnyDay
|move|p1a: Charizard|Solar Beam|p2a: Porygon2|[still]
|-prepare|p1a: Charizard|Solar Beam|p2a: Porygon2
|-anim|p1a: Charizard|Solar Beam|p2a: Porygon2
|-crit|p2a: Porygon2
|-damage|p2a: Porygon2|121\/374 brn
|
|-weather|SunnyDay|[upkeep]
|-damage|p2a: Porygon2|75\/374 brn|[from] brn
|turn|8
|c| julianna|ah crit
|c| Uncut|bye bye porygon
|join|rob
|join|IAmKira
|
|move|p1a: Charizard|Solar Beam|p2a: Porygon2|[still]
|-prepare|p1a: Charizard|Solar Beam|p2a: Porygon2
|-anim|p1a: Charizard|Solar Beam|p2a: Porygon2
|-damage|p2a: Porygon2|0 fnt
|faint|p2a: Porygon2
|
|-weather|SunnyDay|[upkeep]
|c|âalbacore's secret|ya no lo tiene
|
|switch|p2a: Salamence|Salamence, F|393\/393
|-damage|p2a: Salamence|295\/393|[from] Stealth Rock
|-ability|p2a: Salamence|Intimidate|[of] p1a: Charizard
|-unboost|p1a: Charizard|atk|1
|turn|9
|c| julianna|reveal dragon pulse
|c| Uncut|predicted the dragon dance
|c| Uncut|and go for dragon pulse
|c|âalbacore's secret|who runs non dpulse char y
|
|switch|p1a: Tyranitar|Tyranitar, F|388\/388
|-damage|p1a: Tyranitar|340\/388|[from] Stealth Rock
|-weather|Sandstorm
|detailschange|p2a: Salamence|Salamence-Mega, F
|message|Salamence has Mega Evolved into Mega Salamence!
|move|p2a: Salamence|Frustration|p1a: Tyranitar
|-resisted|p1a: Tyranitar
|-damage|p1a: Tyranitar|233\/388
|
|-weather|Sandstorm|[upkeep]
|-damage|p2a: Salamence|271\/393|[from] sandstorm
|turn|10
|c| julianna|no one
|c| IAmKira|Ever1
|c| Uncut|OoOooOooOooo the mind games
|
|switch|p2a: Rhyperior|Rhyperior, M|432\/432
|-damage|p2a: Rhyperior|405\/432|[from] Stealth Rock
|move|p1a: Tyranitar|Crunch|p2a: Rhyperior
|-damage|p2a: Rhyperior|251\/432
|
|-weather|Sandstorm|[upkeep]
|-heal|p2a: Rhyperior|278\/432|[from] item: Leftovers
|turn|11
|join|Banette is life
|
|switch|p1a: Venusaur|Venusaur, M|302\/302
|-damage|p1a: Venusaur|265\/302|[from] Stealth Rock
|move|p2a: Rhyperior|Earthquake|p1a: Venusaur
|-damage|p1a: Venusaur|72\/302
|
|-weather|Sandstorm|[upkeep]
|-damage|p1a: Venusaur|54\/302|[from] sandstorm
|-heal|p2a: Rhyperior|305\/432|[from] item: Leftovers
|turn|12
|c| julianna|power
|c| Uncut|DAYU,
|
|switch|p2a: Salamence|Salamence-Mega, F|271\/393
|-damage|p2a: Salamence|173\/393|[from] Stealth Rock
|move|p1a: Venusaur|Sleep Powder|p2a: Salamence
|-status|p2a: Salamence|slp
|
|-weather|Sandstorm|[upkeep]
|-damage|p2a: Salamence|149\/393 slp|[from] sandstorm
|-damage|p1a: Venusaur|36\/302|[from] sandstorm
|turn|13
|
|switch|p1a: Excadrill|Excadrill, F|362\/362
|-damage|p1a: Excadrill|351\/362|[from] Stealth Rock
|cant|p2a: Salamence|slp
|
|-weather|none
|turn|14
|c| julianna|saladmence is now dozing off.......
|join|fakemcfakerson
|c| fakemcfakerson|**what is albacores secret**
|c| fakemcfakerson|pls tell me
|join|wfegrseafvs
|join|the bravest birds
|
|switch|p2a: Magnezone|Magnezone|282\/282
|-damage|p2a: Magnezone|265\/282|[from] Stealth Rock
|move|p1a: Excadrill|Rock Slide|p2a: Magnezone
|-resisted|p2a: Magnezone
|-damage|p2a: Magnezone|208\/282
|-damage|p1a: Excadrill|315\/362|[from] item: Life Orb
|
|turn|15
|c| I am time stall|oh
|c| wfegrseafvs|he's gay
|join|mylittleshart
|c| Uncut|hes homo
|c| IAmKira|He likes triple weather 
|join|chechmate
|c| I am time stall|its his cousin 
|
|move|p2a: Magnezone|Hidden Power|p1a: Excadrill
|-supereffective|p1a: Excadrill
|-damage|p1a: Excadrill|127\/362
|move|p1a: Excadrill|Rapid Spin|p2a: Magnezone
|-resisted|p2a: Magnezone
|-damage|p2a: Magnezone|192\/282
|-sideend|p1: albacore's secret|Stealth Rock|[from] move: Rapid Spin|[of] p1a: Excadrill
|-damage|p1a: Excadrill|91\/362|[from] item: Life Orb
|
|turn|16
|c| sugarhigh|._.
|c| IAmKira|Dual*
|c| I am time stall|fake
|
|move|p2a: Magnezone|Hidden Power|p1a: Excadrill
|-supereffective|p1a: Excadrill
|-damage|p1a: Excadrill|0 fnt
|faint|p1a: Excadrill
|
|c| julianna|reveal magnezone lives
|join|daftmau5
|
|switch|p1a: Charizard|Charizard-Mega-Y, M|280\/298
|-weather|SunnyDay
|turn|17
|c| wfegrseafvs|zard y with that fire boom
|c| julianna|here comes the boom
|c| IAmKira|Switch ins?
|
|switch|p2a: Salamence|Salamence-Mega, F|149\/393 slp
|-damage|p2a: Salamence|51\/393 slp|[from] Stealth Rock
|move|p1a: Charizard|Fire Blast|p2a: Salamence
|-resisted|p2a: Salamence
|-damage|p2a: Salamence|0 fnt
|faint|p2a: Salamence
|
|-weather|SunnyDay|[upkeep]
|c| fakemcfakerson|hi
|c| wfegrseafvs|greninja
|c| sugarhigh|greninja
|c| julianna|bonk
|c| Uncut|greninja in
|c| sugarhigh|isnt
|c| julianna|reveal rock slide ninja
|c| sugarhigh|a switch in
|
|switch|p2a: Magnezone|Magnezone|192\/282
|-damage|p2a: Magnezone|175\/282|[from] Stealth Rock
|turn|18
|c| sugarhigh|it doesnt even
|c| sugarhigh|kill it
|c| sugarhigh|lol
|c| wfegrseafvs|thats the most useless salamence I've seen seen ORAS OU started
|
|switch|p1a: Clefable|Clefable, M|394\/394 tox
|move|p2a: Magnezone|Volt Switch|p1a: Clefable
|-damage|p1a: Clefable|273\/394 tox
|c| Uncut|LMAO
|c| Uncut|ikr
|c| I am time stall|Lol
|leave|rob
|leave|the bravest birds
|c| IAmKira|Og megas are underprepared for in iras
|c| wfegrseafvs|Might as well use a magikarp if ur using salmence like that
|c| IAmKira|oras*
|
|switch|p2a: Rhyperior|Rhyperior, M|305\/432
|-damage|p2a: Rhyperior|278\/432|[from] Stealth Rock
|
|-weather|SunnyDay|[upkeep]
|-heal|p1a: Clefable|297\/394 tox|[from] item: Leftovers
|-heal|p2a: Rhyperior|305\/432|[from] item: Leftovers
|turn|19
|join|notegeny
|join|akibukens
|
|move|p1a: Clefable|Healing Wish|p1a: Clefable
|faint|p1a: Clefable
|move|p2a: Rhyperior|Stealth Rock|p1: Clefable
|-sidestart|p1: albacore's secret|move: Stealth Rock
|
|-weather|SunnyDay|[upkeep]
|-heal|p2a: Rhyperior|332\/432|[from] item: Leftovers
|c| Uncut|No need to be so harsh
|
|switch|p1a: Venusaur|Venusaur, M|36\/302
|-heal|p1a: Venusaur|302\/302|[from] move: Healing Wish
|-damage|p1a: Venusaur|265\/302|[from] Stealth Rock
|turn|20
|c| julianna|O_O
|c| julianna|healing wish revealed
|c| IAmKira|Omg
|c| Uncut|KEK
|c| IAmKira|crucial 
|c| wfegrseafvs|venu gonna give him that good D
|c| julianna|crucial af
|
|switch|p2a: Zapdos|Zapdos|288\/383
|-damage|p2a: Zapdos|193\/383|[from] Stealth Rock
|-ability|p2a: Zapdos|Pressure
|move|p1a: Venusaur|Sleep Powder|p2a: Zapdos
|-status|p2a: Zapdos|slp
|
|-weather|SunnyDay|[upkeep]
|-heal|p2a: Zapdos|216\/383 slp|[from] item: Leftovers
|turn|21
|c| mylittleshart|secret shart imo
|join|rskillking
|c| julianna|sleepy sleepy
|c| wfegrseafvs|Its too EZ
|join|pkmn fuking suks
|
|move|p1a: Venusaur|Sludge Bomb|p2a: Zapdos
|-damage|p2a: Zapdos|8\/383 slp
|-damage|p1a: Venusaur|235\/302|[from] item: Life Orb
|cant|p2a: Zapdos|slp
|
|-weather|none
|-heal|p2a: Zapdos|31\/383 slp|[from] item: Leftovers
|turn|22
|join|Not A Gym Ldr
|c| wfegrseafvs|Sleep talk heat wave
|
|cant|p2a: Zapdos|slp
|move|p1a: Venusaur|Giga Drain|p2a: Zapdos
|-resisted|p2a: Zapdos
|-damage|p2a: Zapdos|0 fnt
|-heal|p1a: Venusaur|251\/302|[from] drain|[of] p2a: Zapdos
|-damage|p1a: Venusaur|221\/302|[from] item: Life Orb
|faint|p2a: Zapdos
|
|
|switch|p2a: Greninja|Greninja, F|285\/285
|-damage|p2a: Greninja|250\/285|[from] Stealth Rock
|turn|23
|leave|Not A Gym Ldr
|c| Uncut|ice beam
|c| Uncut|rekt
|c| IAmKira|Double to mag imo
|c| Uncut|yup
|c|âalbacore's secret|i dun squeeze mad clips at these cats for they bricks and chips
|c| Uncut|its ur only chance
|
|switch|p1a: Charizard|Charizard-Mega-Y, M|280\/298
|-damage|p1a: Charizard|131\/298|[from] Stealth Rock
|-weather|SunnyDay
|move|p2a: Greninja|Ice Beam|p1a: Charizard
|-start|p2a: Greninja|typechange|Ice|[from] Protean
|-damage|p1a: Charizard|0 fnt
|-damage|p2a: Greninja|222\/285|[from] item: Life Orb
|faint|p1a: Charizard
|
|-weather|SunnyDay|[upkeep]
|c| wfegrseafvs|In b4 tyranitar close combat
|
|switch|p1a: Venusaur|Venusaur, M|221\/302
|-damage|p1a: Venusaur|184\/302|[from] Stealth Rock
|turn|24
|c|âalbacore's secret|take it from your highness
|join|A$ap Vine
|c| Uncut|OHOHOH
|c| IAmKira|Oo stall sun 
|c| wfegrseafvs|50\/50
|
|switch|p2a: Magnezone|Magnezone|175\/282
|-damage|p2a: Magnezone|158\/282|[from] Stealth Rock
|move|p1a: Venusaur|Giga Drain|p2a: Magnezone
|-resisted|p2a: Magnezone
|-damage|p2a: Magnezone|74\/282
|-heal|p1a: Venusaur|226\/302|[from] drain|[of] p2a: Magnezone
|-damage|p1a: Venusaur|196\/302|[from] item: Life Orb
|
|-weather|SunnyDay|[upkeep]
|turn|25
|c| A$ap Vine|Step
|c| notegeny|does scarf zone outspeed keldeo
|c| wfegrseafvs|gg
|c| IAmKira|No
|c| wfegrseafvs|giga everything
|c| Uncut|lol drain kills
|c| I am time stall|ni
|c| IAmKira|non scarf keldeo yes
|
|switch|p2a: Rhyperior|Rhyperior, M|332\/432
|-damage|p2a: Rhyperior|305\/432|[from] Stealth Rock
|move|p1a: Venusaur|Giga Drain|p2a: Rhyperior
|-supereffective|p2a: Rhyperior
|-damage|p2a: Rhyperior|0 fnt
|-heal|p1a: Venusaur|302\/302|[from] drain|[of] p2a: Rhyperior
|-damage|p1a: Venusaur|272\/302|[from] item: Life Orb
|faint|p2a: Rhyperior
|
|-weather|SunnyDay|[upkeep]
|c| julianna|ding ding ding
|c|âalbacore's secret|911 its an emergency
|c| IAmKira|Brining the sun back
|
|switch|p2a: Magnezone|Magnezone|74\/282
|-damage|p2a: Magnezone|57\/282|[from] Stealth Rock
|turn|26
|c| IAmKira|i like dat 
|c| notegeny|doesn't matter anyways
|c| Uncut|LOL
|c|âalbacore's secret|cowards tried to murder me
|c| julianna|is that a growth venusaur
|c| IAmKira|Sleep powder 
|c|âalbacore's secret|hood to the burbs everyone u niggas heard of me
|c| IAmKira|three attacks 
|
|move|p1a: Venusaur|Giga Drain|p2a: Magnezone
|-resisted|p2a: Magnezone
|-damage|p2a: Magnezone|0 fnt
|-heal|p1a: Venusaur|301\/302|[from] drain|[of] p2a: Magnezone
|-damage|p1a: Venusaur|271\/302|[from] item: Life Orb
|faint|p2a: Magnezone
|
|-weather|SunnyDay|[upkeep]
|c|âalbacore's secret|shit im legendary
|c| Uncut|shart just got rekt
|
|switch|p2a: Greninja|Greninja, F|222\/285
|-damage|p2a: Greninja|187\/285|[from] Stealth Rock
|turn|27
|c| wfegrseafvs|Albacore: Sun-Sand the new meta
|c| notegeny|this is the first time i've seen chloro venu since last gen
|c|âalbacore's secret|IM NOT ALBACORE
|c| Uncut|albacore rekt u shart
|c|âalbacore's secret|ALBACORE IS NOT GOOD ENOUGH
|c|âalbacore's secret|TO BE ME
|
|move|p1a: Venusaur|Sludge Bomb|p2a: Greninja
|-damage|p2a: Greninja|0 fnt
|-damage|p1a: Venusaur|241\/302|[from] item: Life Orb
|faint|p2a: Greninja
|
|win|albacore's secret
|c| wfegrseafvs|Shots fired
|leave|tyleroakleyisbae
|leave|shartruce2
|player|p2
|leave|A$ap Vine
|c| Uncut|i forgot
|leave|Honchkrow Love
|leave|cawre32
|leave|IAmKira
|leave|dfhdfhh
|leave|I am time stall
|leave|pkmn fuking suks
|c| Uncut|hes albacore's
|leave|badassninja
|leave|SLGSREDS
|leave|rskillking
|c| Uncut|alter homosexual ego
|leave|chechmate
|leave|notegeny
|leave|Uncut
|leave|Coogi Down
|leave|sugarhigh
|leave|Felico
|leave|mylittleshart
|leave|Kiz Walifa
|leave|Ghibli