|join|shartruce2
|join|Croven
|player|p1|shartruce2|43
|player|p2|Croven|101
|gametype|singles
|gen|6
|tier|OU
|clearpoke
|poke|p1|Hippowdon, F
|poke|p1|Starmie
|poke|p1|Ferrothorn, F
|poke|p1|Talonflame, M
|poke|p1|Gyarados, F
|poke|p1|Sableye, M
|poke|p2|Greninja, F
|poke|p2|Sceptile, F
|poke|p2|Heatran, M
|poke|p2|Togekiss, F, shiny
|poke|p2|Rotom-Wash
|poke|p2|Landorus-Therian, M
|rule|Swagger Clause: Swagger is banned
|rule|Baton Pass Clause: Limit one PokÃ©mon knowing Baton Pass
|rule|Sleep Clause Mod: Limit one foe put to sleep
|rule|Species Clause: Limit one of each PokÃ©mon
|rule|OHKO Clause: OHKO moves are banned
|rule|Moody Clause: Moody is banned
|rule|Evasion Moves Clause: Evasion moves are banned
|rule|Endless Battle Clause: Forcing endless battles is banned
|rule|HP Percentage Mod: HP is shown in percentages
|teampreview
|c|âCroven|best of luck
|c|âshartruce2|u2
|
|start
|switch|p1a: Sableye|Sableye, M|304\/304
|switch|p2a: Togekiss|Togekiss, F, shiny|373\/373
|turn|1
|
|detailschange|p1a: Sableye|Sableye-Mega, M
|message|Sableye has Mega Evolved into Mega Sableye!
|move|p1a: Sableye|Calm Mind|p1a: Sableye
|-boost|p1a: Sableye|spa|1
|-boost|p1a: Sableye|spd|1
|move|p2a: Togekiss|Nasty Plot|p2a: Togekiss
|-boost|p2a: Togekiss|spa|2
|
|turn|2
|
|move|p2a: Togekiss|Nasty Plot|p2a: Togekiss
|-boost|p2a: Togekiss|spa|2
|move|p1a: Sableye|Will-O-Wisp|p2a: Togekiss
|-status|p2a: Togekiss|brn
|
|-damage|p2a: Togekiss|327\/373 brn|[from] brn
|turn|3
|
|move|p2a: Togekiss|Air Slash|p1a: Sableye
|-damage|p1a: Sableye|109\/304
|cant|p1a: Sableye|flinch
|
|-heal|p2a: Togekiss|350\/373 brn|[from] item: Leftovers
|-damage|p2a: Togekiss|304\/373 brn|[from] brn
|turn|4
|
|switch|p1a: Talonflame|Talonflame, M|359\/359
|move|p2a: Togekiss|Air Slash|p1a: Talonflame
|-damage|p1a: Talonflame|41\/359
|
|-heal|p1a: Talonflame|63\/359|[from] item: Leftovers
|-heal|p2a: Togekiss|327\/373 brn|[from] item: Leftovers
|-damage|p2a: Togekiss|281\/373 brn|[from] brn
|turn|5
|
|switch|p1a: Hippowdon|Hippowdon, F|420\/420
|-weather|Sandstorm
|move|p2a: Togekiss|Roost|p2a: Togekiss
|-heal|p2a: Togekiss|373\/373 brn
|
|-weather|Sandstorm|[upkeep]
|-damage|p2a: Togekiss|350\/373 brn|[from] sandstorm
|-heal|p2a: Togekiss|373\/373 brn|[from] item: Leftovers
|-damage|p2a: Togekiss|327\/373 brn|[from] brn
|turn|6
|
|move|p2a: Togekiss|Air Slash|p1a: Hippowdon
|-damage|p1a: Hippowdon|117\/420
|move|p1a: Hippowdon|Rock Slide|p2a: Togekiss
|-supereffective|p2a: Togekiss
|-damage|p2a: Togekiss|233\/373 brn
|
|-weather|Sandstorm|[upkeep]
|-damage|p2a: Togekiss|210\/373 brn|[from] sandstorm
|-heal|p2a: Togekiss|233\/373 brn|[from] item: Leftovers
|-heal|p1a: Hippowdon|143\/420|[from] item: Leftovers
|-damage|p2a: Togekiss|187\/373 brn|[from] brn
|turn|7
|
|move|p2a: Togekiss|Roost|p2a: Togekiss
|-heal|p2a: Togekiss|373\/373 brn
|move|p1a: Hippowdon|Earthquake|p2a: Togekiss
|-damage|p2a: Togekiss|273\/373 brn
|
|-weather|Sandstorm|[upkeep]
|-damage|p2a: Togekiss|250\/373 brn|[from] sandstorm
|-heal|p2a: Togekiss|273\/373 brn|[from] item: Leftovers
|-heal|p1a: Hippowdon|169\/420|[from] item: Leftovers
|-damage|p2a: Togekiss|227\/373 brn|[from] brn
|turn|8
|
|move|p2a: Togekiss|Roost|p2a: Togekiss
|-heal|p2a: Togekiss|373\/373 brn
|move|p1a: Hippowdon|Earthquake|p2a: Togekiss
|-damage|p2a: Togekiss|271\/373 brn
|
|-weather|Sandstorm|[upkeep]
|-damage|p2a: Togekiss|248\/373 brn|[from] sandstorm
|-heal|p2a: Togekiss|271\/373 brn|[from] item: Leftovers
|-heal|p1a: Hippowdon|195\/420|[from] item: Leftovers
|-damage|p2a: Togekiss|225\/373 brn|[from] brn
|turn|9
|
|move|p2a: Togekiss|Baton Pass|p2a: Togekiss
|
|switch|p2a: Sceptile|Sceptile, F|281\/281
|move|p1a: Hippowdon|Earthquake|p2a: Sceptile
|-resisted|p2a: Sceptile
|-damage|p2a: Sceptile|187\/281
|
|-weather|none
|-heal|p1a: Hippowdon|221\/420|[from] item: Leftovers
|turn|10
|
|detailschange|p2a: Sceptile|Sceptile-Mega, F
|message|Sceptile has Mega Evolved into Mega Sceptile!
|move|p2a: Sceptile|Substitute|p2a: Sceptile
|-start|p2a: Sceptile|Substitute
|-damage|p2a: Sceptile|117\/281
|move|p1a: Hippowdon|Earthquake|p2a: Sceptile
|-resisted|p2a: Sceptile
|-end|p2a: Sceptile|Substitute
|
|-heal|p1a: Hippowdon|247\/420|[from] item: Leftovers
|turn|11
|
|move|p2a: Sceptile|Giga Drain|p1a: Hippowdon
|-supereffective|p1a: Hippowdon
|-damage|p1a: Hippowdon|0 fnt
|-heal|p2a: Sceptile|241\/281|[from] drain|[of] p1a: Hippowdon
|faint|p1a: Hippowdon
|
|
|switch|p1a: Talonflame|Talonflame, M|63\/359
|turn|12
|
|switch|p2a: Rotom-Wash|Rotom-Wash|304\/304
|move|p1a: Talonflame|Brave Bird|p2a: Rotom-Wash
|-resisted|p2a: Rotom-Wash
|-damage|p2a: Rotom-Wash|265\/304
|-damage|p1a: Talonflame|50\/359|[from] recoil|[of] p2a: Rotom-Wash
|
|-heal|p1a: Talonflame|72\/359|[from] item: Leftovers
|-heal|p2a: Rotom-Wash|284\/304|[from] item: Leftovers
|turn|13
|
|switch|p1a: Ferrothorn|Ferrothorn, F|352\/352
|move|p2a: Rotom-Wash|Volt Switch|p1a: Ferrothorn
|-resisted|p1a: Ferrothorn
|-damage|p1a: Ferrothorn|316\/352
|
|switch|p2a: Heatran|Heatran, M|386\/386
|
|-heal|p1a: Ferrothorn|338\/352|[from] item: Leftovers
|turn|14
|
|switch|p1a: Starmie|Starmie|324\/324
|move|p2a: Heatran|Stealth Rock|p1a: Starmie
|-sidestart|p1: shartruce2|move: Stealth Rock
|
|turn|15
|
|switch|p2a: Sceptile|Sceptile-Mega, F|241\/281
|move|p1a: Starmie|Rapid Spin|p2a: Sceptile
|-crit|p2a: Sceptile
|-damage|p2a: Sceptile|217\/281
|-sideend|p1: shartruce2|Stealth Rock|[from] move: Rapid Spin|[of] p1a: Starmie
|
|turn|16
|
|switch|p1a: Ferrothorn|Ferrothorn, F|338\/352
|move|p2a: Sceptile|Substitute|p2a: Sceptile
|-start|p2a: Sceptile|Substitute
|-damage|p2a: Sceptile|147\/281
|
|-heal|p1a: Ferrothorn|352\/352|[from] item: Leftovers
|turn|17
|
|move|p2a: Sceptile|Focus Blast|p1a: Ferrothorn|[miss]
|-miss|p2a: Sceptile|p1a: Ferrothorn
|move|p1a: Ferrothorn|Gyro Ball|p2a: Sceptile
|-end|p2a: Sceptile|Substitute
|
|turn|18
|
|switch|p2a: Heatran|Heatran, M|386\/386
|move|p1a: Ferrothorn|Gyro Ball|p2a: Heatran
|-resisted|p2a: Heatran
|-damage|p2a: Heatran|345\/386
|
|-heal|p2a: Heatran|369\/386|[from] item: Leftovers
|turn|19
|
|switch|p1a: Starmie|Starmie|324\/324
|move|p2a: Heatran|Lava Plume|p1a: Starmie
|-resisted|p1a: Starmie
|-damage|p1a: Starmie|254\/324
|
|-heal|p1a: Starmie|274\/324|[from] item: Leftovers
|-heal|p2a: Heatran|386\/386|[from] item: Leftovers
|turn|20
|
|switch|p2a: Rotom-Wash|Rotom-Wash|284\/304
|move|p1a: Starmie|Scald|p2a: Rotom-Wash
|-resisted|p2a: Rotom-Wash
|-damage|p2a: Rotom-Wash|238\/304
|
|-heal|p1a: Starmie|294\/324|[from] item: Leftovers
|-heal|p2a: Rotom-Wash|257\/304|[from] item: Leftovers
|turn|21
|
|switch|p1a: Ferrothorn|Ferrothorn, F|352\/352
|move|p2a: Rotom-Wash|Volt Switch|p1a: Ferrothorn
|-resisted|p1a: Ferrothorn
|-damage|p1a: Ferrothorn|317\/352
|
|switch|p2a: Heatran|Heatran, M|386\/386
|
|-heal|p1a: Ferrothorn|339\/352|[from] item: Leftovers
|turn|22
|
|switch|p1a: Starmie|Starmie|294\/324
|move|p2a: Heatran|Lava Plume|p1a: Starmie
|-resisted|p1a: Starmie
|-damage|p1a: Starmie|229\/324
|-status|p1a: Starmie|brn
|
|-heal|p1a: Starmie|249\/324 brn|[from] item: Leftovers
|-damage|p1a: Starmie|209\/324 brn|[from] brn
|turn|23
|
|switch|p2a: Rotom-Wash|Rotom-Wash|257\/304
|move|p1a: Starmie|Scald|p2a: Rotom-Wash
|-resisted|p2a: Rotom-Wash
|-damage|p2a: Rotom-Wash|209\/304
|
|-heal|p1a: Starmie|229\/324 brn|[from] item: Leftovers
|-heal|p2a: Rotom-Wash|228\/304|[from] item: Leftovers
|-damage|p1a: Starmie|189\/324 brn|[from] brn
|turn|24
|
|switch|p1a: Ferrothorn|Ferrothorn, F|339\/352
|move|p2a: Rotom-Wash|Volt Switch|p1a: Ferrothorn
|-resisted|p1a: Ferrothorn
|-damage|p1a: Ferrothorn|301\/352
|
|switch|p2a: Heatran|Heatran, M|386\/386
|
|-heal|p1a: Ferrothorn|323\/352|[from] item: Leftovers
|turn|25
|
|switch|p1a: Starmie|Starmie|189\/324
|move|p2a: Heatran|Lava Plume|p1a: Starmie
|-resisted|p1a: Starmie
|-damage|p1a: Starmie|119\/324
|
|-heal|p1a: Starmie|139\/324|[from] item: Leftovers
|turn|26
|
|switch|p2a: Sceptile|Sceptile-Mega, F|147\/281
|move|p1a: Starmie|Recover|p1a: Starmie
|-heal|p1a: Starmie|301\/324
|
|-heal|p1a: Starmie|321\/324|[from] item: Leftovers
|turn|27
|
|switch|p1a: Gyarados|Gyarados, F|393\/393
|-ability|p1a: Gyarados|Intimidate|[of] p2a: Sceptile
|-unboost|p2a: Sceptile|atk|1
|move|p2a: Sceptile|Focus Blast|p1a: Gyarados
|-resisted|p1a: Gyarados
|-damage|p1a: Gyarados|338\/393
|
|-heal|p1a: Gyarados|362\/393|[from] item: Leftovers
|turn|28
|
|switch|p2a: Rotom-Wash|Rotom-Wash|228\/304
|switch|p1a: Ferrothorn|Ferrothorn, F|323\/352
|
|-heal|p2a: Rotom-Wash|247\/304|[from] item: Leftovers
|-heal|p1a: Ferrothorn|345\/352|[from] item: Leftovers
|turn|29
|join|Iridesc3nt
|
|move|p2a: Rotom-Wash|Volt Switch|p1a: Ferrothorn
|-resisted|p1a: Ferrothorn
|-damage|p1a: Ferrothorn|309\/352
|leave|Iridesc3nt
|
|switch|p2a: Heatran|Heatran, M|386\/386
|move|p1a: Ferrothorn|Spikes|p2a: Heatran
|-sidestart|p2: Croven|Spikes
|
|-heal|p1a: Ferrothorn|331\/352|[from] item: Leftovers
|turn|30
|
|switch|p1a: Starmie|Starmie|321\/324
|move|p2a: Heatran|Taunt|p1a: Starmie
|-start|p1a: Starmie|move: Taunt
|
|-heal|p1a: Starmie|324\/324|[from] item: Leftovers
|turn|31
|
|switch|p2a: Rotom-Wash|Rotom-Wash|247\/304
|move|p1a: Starmie|Scald|p2a: Rotom-Wash
|-resisted|p2a: Rotom-Wash
|-damage|p2a: Rotom-Wash|204\/304
|
|-heal|p2a: Rotom-Wash|223\/304|[from] item: Leftovers
|turn|32
|
|switch|p1a: Ferrothorn|Ferrothorn, F|331\/352
|move|p2a: Rotom-Wash|Volt Switch|p1a: Ferrothorn
|-crit|p1a: Ferrothorn
|-resisted|p1a: Ferrothorn
|-damage|p1a: Ferrothorn|278\/352
|
|switch|p2a: Greninja|Greninja, F|285\/285
|-damage|p2a: Greninja|250\/285|[from] Spikes
|
|-heal|p1a: Ferrothorn|300\/352|[from] item: Leftovers
|turn|33
|
|switch|p1a: Gyarados|Gyarados, F|362\/393
|-ability|p1a: Gyarados|Intimidate|[of] p2a: Greninja
|-unboost|p2a: Greninja|atk|1
|move|p2a: Greninja|Ice Beam|p1a: Gyarados
|-start|p2a: Greninja|typechange|Ice|[from] Protean
|-damage|p1a: Gyarados|244\/393
|-damage|p2a: Greninja|222\/285|[from] item: Life Orb
|
|-heal|p1a: Gyarados|268\/393|[from] item: Leftovers
|turn|34
|
|switch|p2a: Rotom-Wash|Rotom-Wash|223\/304
|move|p1a: Gyarados|Roar|p2a: Rotom-Wash
|drag|p2a: Sceptile|Sceptile-Mega, F|147\/281
|-damage|p2a: Sceptile|112\/281|[from] Spikes
|
|-heal|p1a: Gyarados|292\/393|[from] item: Leftovers
|turn|35
|
|switch|p1a: Sableye|Sableye-Mega, M|109\/304
|move|p2a: Sceptile|Giga Drain|p1a: Sableye
|-damage|p1a: Sableye|0 fnt
|-heal|p2a: Sceptile|167\/281|[from] drain|[of] p1a: Sableye
|faint|p1a: Sableye
|
|
|switch|p1a: Talonflame|Talonflame, M|72\/359
|turn|36
|
|move|p1a: Talonflame|Roost|p1a: Talonflame
|-heal|p1a: Talonflame|252\/359
|move|p2a: Sceptile|Dragon Pulse|p1a: Talonflame
|-damage|p1a: Talonflame|59\/359
|
|-heal|p1a: Talonflame|81\/359|[from] item: Leftovers
|turn|37
|
|switch|p2a: Rotom-Wash|Rotom-Wash|223\/304
|move|p1a: Talonflame|Roost|p1a: Talonflame
|-heal|p1a: Talonflame|261\/359
|
|-heal|p1a: Talonflame|283\/359|[from] item: Leftovers
|-heal|p2a: Rotom-Wash|242\/304|[from] item: Leftovers
|turn|38
|
|move|p1a: Talonflame|Roost|p1a: Talonflame
|-heal|p1a: Talonflame|359\/359
|move|p2a: Rotom-Wash|Volt Switch|p1a: Talonflame
|-damage|p1a: Talonflame|271\/359
|
|switch|p2a: Landorus-Therian|Landorus-Therian, M|319\/319
|-ability|p2a: Landorus-Therian|Intimidate|[of] p1a: Talonflame
|-unboost|p1a: Talonflame|atk|1
|
|-heal|p1a: Talonflame|293\/359|[from] item: Leftovers
|turn|39
|
|switch|p1a: Ferrothorn|Ferrothorn, F|300\/352
|move|p2a: Landorus-Therian|U-turn|p1a: Ferrothorn
|-damage|p1a: Ferrothorn|246\/352
|-damage|p2a: Landorus-Therian|280\/319|[from] ability: Iron Barbs|[of] p1a: Ferrothorn
|
|switch|p2a: Heatran|Heatran, M|386\/386
|-damage|p2a: Heatran|338\/386|[from] Spikes
|
|-heal|p2a: Heatran|362\/386|[from] item: Leftovers
|-heal|p1a: Ferrothorn|268\/352|[from] item: Leftovers
|turn|40
|
|switch|p1a: Starmie|Starmie|324\/324
|move|p2a: Heatran|Stealth Rock|p1a: Starmie
|-sidestart|p1: shartruce2|move: Stealth Rock
|
|-heal|p2a: Heatran|386\/386|[from] item: Leftovers
|turn|41
|
|switch|p2a: Togekiss|Togekiss, F, shiny|225\/373 brn
|move|p1a: Starmie|Rapid Spin|p2a: Togekiss
|-damage|p2a: Togekiss|216\/373 brn
|-sideend|p1: shartruce2|Stealth Rock|[from] move: Rapid Spin|[of] p1a: Starmie
|
|-heal|p2a: Togekiss|239\/373 brn|[from] item: Leftovers
|-damage|p2a: Togekiss|193\/373 brn|[from] brn
|turn|42
|
|switch|p1a: Talonflame|Talonflame, M|293\/359
|move|p2a: Togekiss|Roost|p2a: Togekiss
|-heal|p2a: Togekiss|373\/373 brn
|
|-heal|p1a: Talonflame|315\/359|[from] item: Leftovers
|-damage|p2a: Togekiss|327\/373 brn|[from] brn
|turn|43
|
|switch|p2a: Rotom-Wash|Rotom-Wash|242\/304
|move|p1a: Talonflame|Taunt|p2a: Rotom-Wash
|-start|p2a: Rotom-Wash|move: Taunt
|
|-heal|p1a: Talonflame|337\/359|[from] item: Leftovers
|-heal|p2a: Rotom-Wash|261\/304|[from] item: Leftovers
|turn|44
|
|switch|p1a: Ferrothorn|Ferrothorn, F|268\/352
|move|p2a: Rotom-Wash|Volt Switch|p1a: Ferrothorn
|-resisted|p1a: Ferrothorn
|-damage|p1a: Ferrothorn|228\/352
|
|switch|p2a: Heatran|Heatran, M|386\/386
|-damage|p2a: Heatran|338\/386|[from] Spikes
|
|-heal|p2a: Heatran|362\/386|[from] item: Leftovers
|-heal|p1a: Ferrothorn|250\/352|[from] item: Leftovers
|turn|45
|
|switch|p1a: Starmie|Starmie|324\/324
|move|p2a: Heatran|Lava Plume|p1a: Starmie
|-resisted|p1a: Starmie
|-damage|p1a: Starmie|261\/324
|
|-heal|p1a: Starmie|281\/324|[from] item: Leftovers
|-heal|p2a: Heatran|386\/386|[from] item: Leftovers
|turn|46
|
|switch|p2a: Rotom-Wash|Rotom-Wash|261\/304
|move|p1a: Starmie|Scald|p2a: Rotom-Wash
|-crit|p2a: Rotom-Wash
|-resisted|p2a: Rotom-Wash
|-damage|p2a: Rotom-Wash|191\/304
|-status|p2a: Rotom-Wash|brn
|
|-heal|p1a: Starmie|301\/324|[from] item: Leftovers
|-heal|p2a: Rotom-Wash|210\/304 brn|[from] item: Leftovers
|-damage|p2a: Rotom-Wash|172\/304 brn|[from] brn
|turn|47
|
|switch|p1a: Ferrothorn|Ferrothorn, F|250\/352
|move|p2a: Rotom-Wash|Will-O-Wisp|p1a: Ferrothorn
|-status|p1a: Ferrothorn|brn
|
|-heal|p2a: Rotom-Wash|191\/304 brn|[from] item: Leftovers
|-heal|p1a: Ferrothorn|272\/352 brn|[from] item: Leftovers
|-damage|p2a: Rotom-Wash|153\/304 brn|[from] brn
|-damage|p1a: Ferrothorn|228\/352 brn|[from] brn
|turn|48
|
|move|p2a: Rotom-Wash|Volt Switch|p1a: Ferrothorn
|-resisted|p1a: Ferrothorn
|-damage|p1a: Ferrothorn|192\/352 brn
|
|switch|p2a: Heatran|Heatran, M|386\/386
|-damage|p2a: Heatran|338\/386|[from] Spikes
|move|p1a: Ferrothorn|Spikes|p2a: Heatran
|-sidestart|p2: Croven|Spikes
|
|-heal|p2a: Heatran|362\/386|[from] item: Leftovers
|-heal|p1a: Ferrothorn|214\/352 brn|[from] item: Leftovers
|-damage|p1a: Ferrothorn|170\/352 brn|[from] brn
|turn|49
|
|switch|p1a: Starmie|Starmie|301\/324
|move|p2a: Heatran|Lava Plume|p1a: Starmie
|-resisted|p1a: Starmie
|-damage|p1a: Starmie|228\/324
|
|-heal|p1a: Starmie|248\/324|[from] item: Leftovers
|-heal|p2a: Heatran|386\/386|[from] item: Leftovers
|turn|50
|
|switch|p2a: Togekiss|Togekiss, F, shiny|327\/373 brn
|move|p1a: Starmie|Scald|p2a: Togekiss
|-damage|p2a: Togekiss|246\/373 brn
|
|-heal|p1a: Starmie|268\/324|[from] item: Leftovers
|-heal|p2a: Togekiss|269\/373 brn|[from] item: Leftovers
|-damage|p2a: Togekiss|223\/373 brn|[from] brn
|turn|51
|
|switch|p1a: Talonflame|Talonflame, M|337\/359
|move|p2a: Togekiss|Roost|p2a: Togekiss
|-heal|p2a: Togekiss|373\/373 brn
|
|-heal|p1a: Talonflame|359\/359|[from] item: Leftovers
|-damage|p2a: Togekiss|327\/373 brn|[from] brn
|turn|52
|
|switch|p2a: Landorus-Therian|Landorus-Therian, M|280\/319
|-ability|p2a: Landorus-Therian|Intimidate|[of] p1a: Talonflame
|-unboost|p1a: Talonflame|atk|1
|move|p1a: Talonflame|Taunt|p2a: Landorus-Therian
|-start|p2a: Landorus-Therian|move: Taunt
|
|turn|53
|
|switch|p1a: Ferrothorn|Ferrothorn, F|170\/352 brn
|move|p2a: Landorus-Therian|Stone Edge|p1a: Ferrothorn
|-crit|p1a: Ferrothorn
|-resisted|p1a: Ferrothorn
|-damage|p1a: Ferrothorn|110\/352 brn
|
|-heal|p1a: Ferrothorn|132\/352 brn|[from] item: Leftovers
|-damage|p1a: Ferrothorn|88\/352 brn|[from] brn
|turn|54
|c|âCroven|sorry about the crit
|
|switch|p2a: Heatran|Heatran, M|386\/386
|-damage|p2a: Heatran|322\/386|[from] Spikes
|move|p1a: Ferrothorn|Leech Seed|p2a: Heatran
|-start|p2a: Heatran|move: Leech Seed
|
|-heal|p2a: Heatran|346\/386|[from] item: Leftovers
|-heal|p1a: Ferrothorn|110\/352 brn|[from] item: Leftovers
|-damage|p2a: Heatran|298\/386|[from] Leech Seed|[of] p1a: Ferrothorn
|-heal|p1a: Ferrothorn|158\/352 brn|[silent]
|-damage|p1a: Ferrothorn|114\/352 brn|[from] brn
|turn|55
|
|switch|p2a: Togekiss|Togekiss, F, shiny|327\/373 brn
|switch|p1a: Starmie|Starmie|268\/324
|
|-heal|p1a: Starmie|288\/324|[from] item: Leftovers
|-heal|p2a: Togekiss|350\/373 brn|[from] item: Leftovers
|-damage|p2a: Togekiss|304\/373 brn|[from] brn
|turn|56
|
|switch|p1a: Talonflame|Talonflame, M|359\/359
|move|p2a: Togekiss|Nasty Plot|p2a: Togekiss
|-boost|p2a: Togekiss|spa|2
|
|-heal|p2a: Togekiss|327\/373 brn|[from] item: Leftovers
|-damage|p2a: Togekiss|281\/373 brn|[from] brn
|turn|57
|
|move|p1a: Talonflame|Taunt|p2a: Togekiss
|-start|p2a: Togekiss|move: Taunt
|move|p2a: Togekiss|Air Slash|p1a: Talonflame
|-damage|p1a: Talonflame|116\/359
|
|-heal|p1a: Talonflame|138\/359|[from] item: Leftovers
|-heal|p2a: Togekiss|304\/373 brn|[from] item: Leftovers
|-damage|p2a: Togekiss|258\/373 brn|[from] brn
|turn|58
|
|move|p1a: Talonflame|Roost|p1a: Talonflame
|-heal|p1a: Talonflame|318\/359
|move|p2a: Togekiss|Air Slash|p1a: Talonflame
|-damage|p1a: Talonflame|89\/359
|
|-heal|p1a: Talonflame|111\/359|[from] item: Leftovers
|-heal|p2a: Togekiss|281\/373 brn|[from] item: Leftovers
|-damage|p2a: Togekiss|235\/373 brn|[from] brn
|turn|59
|
|move|p1a: Talonflame|Roost|p1a: Talonflame
|-heal|p1a: Talonflame|291\/359
|move|p2a: Togekiss|Air Slash|p1a: Talonflame
|-damage|p1a: Talonflame|74\/359
|
|-heal|p1a: Talonflame|96\/359|[from] item: Leftovers
|-heal|p2a: Togekiss|258\/373 brn|[from] item: Leftovers
|-damage|p2a: Togekiss|212\/373 brn|[from] brn
|-end|p2a: Togekiss|move: Taunt
|turn|60
|
|move|p1a: Talonflame|Roost|p1a: Talonflame
|-heal|p1a: Talonflame|276\/359
|move|p2a: Togekiss|Air Slash|p1a: Talonflame
|-crit|p1a: Talonflame
|-damage|p1a: Talonflame|0 fnt
|faint|p1a: Talonflame
|
|-heal|p2a: Togekiss|235\/373 brn|[from] item: Leftovers
|-damage|p2a: Togekiss|189\/373 brn|[from] brn
|c|âCroven|damn sorry :\/
|
|switch|p1a: Starmie|Starmie|288\/324
|turn|61
|c|âshartruce2|well now i know toge is a threat
|c|âCroven|lol
|
|move|p1a: Starmie|Scald|p2a: Togekiss
|-crit|p2a: Togekiss
|-damage|p2a: Togekiss|53\/373 brn
|move|p2a: Togekiss|Baton Pass|p2a: Togekiss
|
|switch|p2a: Sceptile|Sceptile-Mega, F|167\/281
|-damage|p2a: Sceptile|121\/281|[from] Spikes
|
|-heal|p1a: Starmie|308\/324|[from] item: Leftovers
|turn|62
|
|move|p2a: Sceptile|Substitute|p2a: Sceptile
|-start|p2a: Sceptile|Substitute
|-damage|p2a: Sceptile|51\/281
|move|p1a: Starmie|Scald|p2a: Sceptile
|-resisted|p2a: Sceptile
|-activate|p2a: Sceptile|Substitute|[damage]
|
|-heal|p1a: Starmie|324\/324|[from] item: Leftovers
|turn|63
|
|move|p2a: Sceptile|Giga Drain|p1a: Starmie
|-supereffective|p1a: Starmie
|-damage|p1a: Starmie|0 fnt
|-heal|p2a: Sceptile|213\/281|[from] drain|[of] p1a: Starmie
|faint|p1a: Starmie
|
|
|switch|p1a: Ferrothorn|Ferrothorn, F|114\/352 brn
|turn|64
|
|move|p2a: Sceptile|Dragon Pulse|p1a: Ferrothorn
|-resisted|p1a: Ferrothorn
|-damage|p1a: Ferrothorn|0 fnt
|faint|p1a: Ferrothorn
|
|
|switch|p1a: Gyarados|Gyarados, F|292\/393
|-activate|p2a: Sceptile|Substitute|ability: Intimidate|[of] p1a: Gyarados
|turn|65
|c|âCroven|its kinda hard beating a +2 sceptile behind a sub :\/
|
|move|p2a: Sceptile|Dragon Pulse|p1a: Gyarados
|-damage|p1a: Gyarados|52\/393
|move|p1a: Gyarados|Roar|p2a: Sceptile
|drag|p2a: Togekiss|Togekiss, F, shiny|53\/373 brn
|
|-heal|p2a: Togekiss|76\/373 brn|[from] item: Leftovers
|-heal|p1a: Gyarados|76\/393|[from] item: Leftovers
|-damage|p2a: Togekiss|30\/373 brn|[from] brn
|turn|66
|c|âCroven|by the way, since ur a driver in the ou room might as well ask
|c|âCroven|i mean, togekiss worked this battle
|c|âCroven|but do you think it'd be wiser to put unaware clef over it?
|c|âCroven|since gallade is a pretty large threat, and so is gyarados
|c|âshartruce2|hm
|c|âCroven|togekiss beats stall, but clef handles a couple threatening and centralizing mons
|c|âCroven|i used clef, it was good, but toge is also good, so i'm kinda torn lol
|c|âCroven|~~imma use toge since its my favorite poke~~
|c|âshartruce2|well lando t revenges both gyara and gallade
|c|âCroven|true
|c|âshartruce2|if you want further insurance then yea clef is good
|c|âCroven|i guess it'd be better to handle stall in general
|c|âCroven|and have rly threatening sweepers lol
|c|âCroven|in ninja and sceptile
|c|âshartruce2|yea
|c|âshartruce2|your team synergizes with toge
|c|âCroven|true
|c|âCroven|a fairy is kinda helpful
|c|âCroven|it handles lopunny admirably too
|c|âshartruce2|and you dont give many set up opportunities for gyara or gallade
|c|âshartruce2|they can only really set up on tran
|c|âCroven|and if it really comes down to that, tran has roar and taunt
|c|âCroven|ok, thanks for the help!
|c|âCroven|gg man
|c|âshartruce2|ye np
|c|âshartruce2|gg
|
|move|p2a: Togekiss|Air Slash|p1a: Gyarados
|-damage|p1a: Gyarados|0 fnt
|faint|p1a: Gyarados
|
|win|Croven
|leave|shartruce2
|player|p1