|join|shartruce2
|join|jake5
|player|p1|shartruce2|43
|player|p2|jake5|290
|gametype|singles
|gen|6
|tier|OU
|clearpoke
|poke|p1|Skarmory, F
|poke|p1|Bisharp, F
|poke|p1|Aerodactyl, M
|poke|p1|Kyurem-Black
|poke|p1|Keldeo
|poke|p1|Landorus-Therian, M
|poke|p2|Azelf, shiny
|poke|p2|Greninja, M, shiny
|poke|p2|Charizard, M, shiny
|poke|p2|Landorus, M, shiny
|poke|p2|Azumarill, F, shiny
|poke|p2|Gengar, M, shiny
|rule|Swagger Clause: Swagger is banned
|rule|Baton Pass Clause: Limit one PokÃ©mon knowing Baton Pass
|rule|Sleep Clause Mod: Limit one foe put to sleep
|rule|Species Clause: Limit one of each PokÃ©mon
|rule|OHKO Clause: OHKO moves are banned
|rule|Moody Clause: Moody is banned
|rule|Evasion Moves Clause: Evasion moves are banned
|rule|Endless Battle Clause: Forcing endless battles is banned
|rule|HP Percentage Mod: HP is shown in percentages
|teampreview
|join|deathbored
|join|JDynasty
|join|dfgfh
|leave|JDynasty
|join|Dodoria
|join|JDynasty
|join|Prankster
|join|Alvok
|leave|JDynasty
|join|JDynasty
|join|theButlerdidit
|
|start
|switch|p1a: Aerodactyl|Aerodactyl, M|301\/301
|switch|p2a: Azelf|Azelf, shiny|291\/291
|turn|1
|join|Acrokid098
|join|just click ex
|
|detailschange|p1a: Aerodactyl|Aerodactyl-Mega, M
|message|Aerodactyl has Mega Evolved into Mega Aerodactyl!
|move|p1a: Aerodactyl|Taunt|p2a: Azelf
|-start|p2a: Azelf|move: Taunt
|cant|p2a: Azelf|move: Taunt|Stealth Rock
|
|turn|2
|join|daftmau5
|c| theButlerdidit|it's jake from state farm
|raw|<div class="broadcast-red"><b>Moderated chat was set to +!<\/b><br \/>Only users of rank + and higher can talk.<\/div>
|
|switch|p2a: Azumarill|Azumarill, F, shiny|403\/403
|move|p1a: Aerodactyl|Aerial Ace|p2a: Azumarill
|-damage|p2a: Azumarill|214\/403
|
|turn|3
|join|Gym Leader Sendrom
|
|switch|p1a: Skarmory|Skarmory, F|271\/271
|switch|p2a: Azelf|Azelf, shiny|291\/291
|
|turn|4
|
|switch|p1a: Landorus-Therian|Landorus-Therian, M|320\/320
|-ability|p1a: Landorus-Therian|Intimidate|[of] p2a: Azelf
|-unboost|p2a: Azelf|atk|1
|move|p2a: Azelf|Taunt|p1a: Landorus-Therian
|-start|p1a: Landorus-Therian|move: Taunt
|
|turn|5
|c|âjake5|whoever wants to get voiced pm me
|
|move|p1a: Landorus-Therian|U-turn|p2a: Azelf
|-supereffective|p2a: Azelf
|-damage|p2a: Azelf|41\/291
|
|switch|p1a: Aerodactyl|Aerodactyl-Mega, M|301\/301
|move|p2a: Azelf|Stealth Rock|p1a: Aerodactyl
|-sidestart|p1: shartruce2|move: Stealth Rock
|
|turn|6
Alvok was promoted to Room Voice by jake5.
|
|move|p1a: Aerodactyl|Aerial Ace|p2a: Azelf
|-damage|p2a: Azelf|0 fnt
|faint|p2a: Azelf
|
|c|+Alvok|:]
|
|switch|p2a: Azumarill|Azumarill, F, shiny|214\/403
|turn|7
|
|switch|p1a: Skarmory|Skarmory, F|271\/271
|-damage|p1a: Skarmory|238\/271|[from] Stealth Rock
|switch|p2a: Charizard|Charizard, M, shiny|297\/297
|
|turn|8
|leave|daftmau5
|
|detailschange|p2a: Charizard|Charizard-Mega-X, M, shiny
|message|Charizard has Mega Evolved into Mega Charizard!
|move|p2a: Charizard|Flare Blitz|p1a: Skarmory
|-supereffective|p1a: Skarmory
|-damage|p1a: Skarmory|0 fnt
|-damage|p2a: Charizard|218\/297|[from] recoil|[of] p1a: Skarmory
|faint|p1a: Skarmory
|
|
|switch|p1a: Landorus-Therian|Landorus-Therian, M|320\/320
|-damage|p1a: Landorus-Therian|280\/320|[from] Stealth Rock
|-ability|p1a: Landorus-Therian|Intimidate|[of] p2a: Charizard
|-unboost|p2a: Charizard|atk|1
|turn|9
|
|move|p1a: Landorus-Therian|U-turn|p2a: Charizard
|-resisted|p2a: Charizard
|-damage|p2a: Charizard|176\/297
|
|switch|p1a: Keldeo|Keldeo|323\/323
|-damage|p1a: Keldeo|303\/323|[from] Stealth Rock
|move|p2a: Charizard|Dragon Dance|p2a: Charizard
|-boost|p2a: Charizard|atk|1
|-boost|p2a: Charizard|spe|1
|
|turn|10
|
|move|p2a: Charizard|Outrage|p1a: Keldeo
|-crit|p1a: Keldeo
|-damage|p1a: Keldeo|0 fnt
|faint|p1a: Keldeo
|
|c|âjake5|sorry
|c|âjake5|but it was a roll
|join|fdtvytg8
|
|switch|p1a: Bisharp|Bisharp, F|271\/271
|-damage|p1a: Bisharp|255\/271|[from] Stealth Rock
|turn|11
|c|âjake5|at least i think so lol or maybe it was guaranteed
|join|Snippyro
|join|badffle
|
|move|p1a: Bisharp|Sucker Punch|p2a: Charizard
|-damage|p2a: Charizard|8\/297
|-damage|p1a: Bisharp|228\/271|[from] item: Life Orb
|move|p2a: Charizard|Outrage|p1a: Bisharp
|-resisted|p1a: Bisharp
|-damage|p1a: Bisharp|97\/271
|
|turn|12
|
|move|p1a: Bisharp|Sucker Punch|p2a: Charizard
|-damage|p2a: Charizard|0 fnt
|-damage|p1a: Bisharp|70\/271|[from] item: Life Orb
|faint|p2a: Charizard
|
|
|switch|p2a: Landorus|Landorus, M, shiny|339\/339
|turn|13
|join|HxH KilluaSenpai
|
|move|p2a: Landorus|Rock Polish|p2a: Landorus
|-boost|p2a: Landorus|spe|2
|move|p1a: Bisharp|Knock Off|p2a: Landorus
|-damage|p2a: Landorus|112\/339
|-enditem|p2a: Landorus|Life Orb|[from] move: Knock Off|[of] p1a: Bisharp
|-damage|p1a: Bisharp|43\/271|[from] item: Life Orb
|
|turn|14
|c|+Alvok|loool
|
|move|p1a: Bisharp|Sucker Punch|p2a: Landorus
|-fail|p2a: Landorus
|move|p2a: Landorus|Rock Polish|p2a: Landorus
|-boost|p2a: Landorus|spe|2
|
|turn|15
|c|âjake5|i don't see whats o funny
|c|+Alvok|setting up way too early man
|
|move|p1a: Bisharp|Sucker Punch|p2a: Landorus
|-fail|p2a: Landorus
|move|p2a: Landorus|Rock Polish|p2a: Landorus
|-boost|p2a: Landorus|spe|2
|
|turn|16
|c|âjake5|probably but its a good chance to set up
|
|move|p1a: Bisharp|Sucker Punch|p2a: Landorus
|-crit|p2a: Landorus
|-damage|p2a: Landorus|0 fnt
|-damage|p1a: Bisharp|16\/271|[from] item: Life Orb
|faint|p2a: Landorus
|
|
|switch|p2a: Greninja|Greninja, M, shiny|285\/285
|turn|17
|c|âjake5|shame
|
|move|p1a: Bisharp|Sucker Punch|p2a: Greninja
|-resisted|p2a: Greninja
|-damage|p2a: Greninja|156\/285
|-damage|p1a: Bisharp|0 fnt|[from] item: Life Orb
|faint|p1a: Bisharp
|move|p2a: Greninja|Ice Beam|p1: Bisharp|[notarget]
|-notarget
|
|
|switch|p1a: Aerodactyl|Aerodactyl-Mega, M|301\/301
|-damage|p1a: Aerodactyl|226\/301|[from] Stealth Rock
|turn|18
|
|move|p1a: Aerodactyl|Aerial Ace|p2a: Greninja
|-damage|p2a: Greninja|0 fnt
|faint|p2a: Greninja
|
|
|switch|p2a: Azumarill|Azumarill, F, shiny|214\/403
|turn|19
|
|switch|p1a: Landorus-Therian|Landorus-Therian, M|280\/320
|-damage|p1a: Landorus-Therian|240\/320|[from] Stealth Rock
|-ability|p1a: Landorus-Therian|Intimidate|[of] p2a: Azumarill
|-unboost|p2a: Azumarill|atk|1
|move|p2a: Azumarill|Waterfall|p1a: Landorus-Therian
|-supereffective|p1a: Landorus-Therian
|-damage|p1a: Landorus-Therian|4\/320
|
|turn|20
|
|move|p2a: Azumarill|Aqua Jet|p1a: Landorus-Therian
|-supereffective|p1a: Landorus-Therian
|-damage|p1a: Landorus-Therian|0 fnt
|faint|p1a: Landorus-Therian
|
|join|ShootingStarmie
|
|switch|p1a: Kyurem-Black|Kyurem-Black|391\/391
|-damage|p1a: Kyurem-Black|294\/391|[from] Stealth Rock
|-ability|p1a: Kyurem-Black|Teravolt
|turn|21
|c|+ShootingStarmie|looking like a gg ;;
|c|âjake5|well if its scarfed then probs
|c|+ShootingStarmie|even if not
|c|+ShootingStarmie|?_?
|
|switch|p2a: Gengar|Gengar, M, shiny|261\/261
|move|p1a: Kyurem-Black|Fusion Bolt|p2a: Gengar
|-damage|p2a: Gengar|45\/261
|
|turn|22
|c|âjake5|if its scarfed he's won
|c|+ShootingStarmie|rip
|c|+ShootingStarmie|looks scarf
|c|+ShootingStarmie|or ass vest
|c|âjake5|probs
|c|âjake5|could be ass vest
|c|+ShootingStarmie|does it live focus blast
|c|+ShootingStarmie|?
|c|+ShootingStarmie|kinda looks like a roll
|c|âjake5|i dunno he's probs calcing that
|c|âjake5|well its obvsnot scarfed
|c|âjake5|or he would've clicked fbolt by now
|c|âjake5|probs ass vest
|
|move|p2a: Gengar|Focus Blast|p1a: Kyurem-Black|[miss]
|-miss|p2a: Gengar|p1a: Kyurem-Black
|move|p1a: Kyurem-Black|Fusion Bolt|p2a: Gengar
|-damage|p2a: Gengar|0 fnt
|faint|p2a: Gengar
|
|c|âjake5|gg
|c|+ShootingStarmie|ah :\/
|c|+ShootingStarmie|gg 
|
|switch|p2a: Azumarill|Azumarill, F, shiny|214\/403
|turn|23
|c|+ShootingStarmie|shart did u live?
|
|move|p1a: Kyurem-Black|Fusion Bolt|p2a: Azumarill
|-supereffective|p2a: Azumarill
|-damage|p2a: Azumarill|0 fnt
|faint|p2a: Azumarill
|
|win|shartruce2
|c|âshartruce2|gg
|c|âshartruce2|idk
|c|âshartruce2|probs
|leave|dfgfh
|leave|ShootingStarmie
|c|âshartruce2|it was av
|leave|deathbored
|leave|fdtvytg8
|leave|jake5
|player|p2
|leave|Snippyro
|leave|Dodoria
|leave|Alvok
|leave|shartruce2
|player|p1
|leave|Acrokid098
|leave|theButlerdidit
|join|Reverb
|leave|Prankster
|leave|Reverb