|join|NeoJctz
|join|shartruce2
|player|p1|NeoJctz|209
|player|p2|shartruce2|43
|gametype|singles
|gen|6
|tier|OU
|clearpoke
|poke|p1|Altaria, M
|poke|p1|Magnezone
|poke|p1|Greninja, F
|poke|p1|Excadrill, F
|poke|p1|Mandibuzz, F
|poke|p1|Tyranitar, M
|poke|p2|Manaphy
|poke|p2|Hippowdon, F
|poke|p2|Celebi
|poke|p2|Talonflame, F
|poke|p2|Latias, F
|poke|p2|Granbull, M
|rule|Swagger Clause: Swagger is banned
|rule|Baton Pass Clause: Limit one PokÃ©mon knowing Baton Pass
|rule|Sleep Clause Mod: Limit one foe put to sleep
|rule|Species Clause: Limit one of each PokÃ©mon
|rule|OHKO Clause: OHKO moves are banned
|rule|Moody Clause: Moody is banned
|rule|Evasion Moves Clause: Evasion moves are banned
|rule|Endless Battle Clause: Forcing endless battles is banned
|rule|HP Percentage Mod: HP is shown in percentages
|teampreview
|join|NeoJeevz
|join|Kama Sutra
|join|thespiritinthesky
|leave|thespiritinthesky
|join|nnmkmkji
|join|cabravelha
|join|Airhorne
|join|Blame Freedom
|join|Halcyon of Light
|c| Halcyon of Light|oooo
|join|eskfsakaf
|c| Halcyon of Light|the granbull is so real
|
|start
|switch|p1a: Tyranitar|Tyranitar, M|403\/403
|switch|p2a: Hippowdon|Hippowdon, F|420\/420
|-weather|Sandstorm
|turn|1
|
|switch|p1a: Mandibuzz|Mandibuzz, F|424\/424
|move|p2a: Hippowdon|Earthquake|p1a: Mandibuzz
|-immune|p1a: Mandibuzz|[msg]
|
|-weather|Sandstorm|[upkeep]
|turn|2
|c| Halcyon of Light|joshie has this wrapped up
|c| Halcyon of Light|ez
|
|switch|p2a: Granbull|Granbull, M|384\/384
|-ability|p2a: Granbull|Intimidate|[of] p1a: Mandibuzz
|-unboost|p1a: Mandibuzz|atk|1
|move|p1a: Mandibuzz|Knock Off|p2a: Granbull
|-resisted|p2a: Granbull
|-damage|p2a: Granbull|362\/384
|-enditem|p2a: Granbull|Leftovers|[from] move: Knock Off|[of] p1a: Mandibuzz
|
|-weather|Sandstorm|[upkeep]
|-damage|p2a: Granbull|338\/384|[from] sandstorm
|turn|3
|
|switch|p1a: Magnezone|Magnezone|281\/281
|move|p2a: Granbull|Play Rough|p1a: Magnezone|[miss]
|-miss|p2a: Granbull|p1a: Magnezone
|
|-weather|Sandstorm|[upkeep]
|-damage|p2a: Granbull|314\/384|[from] sandstorm
|turn|4
|
|switch|p1a: Greninja|Greninja, F|285\/285
|switch|p2a: Celebi|Celebi|404\/404
|
|-weather|Sandstorm|[upkeep]
|-damage|p1a: Greninja|268\/285|[from] sandstorm
|-damage|p2a: Celebi|379\/404|[from] sandstorm
|-heal|p2a: Celebi|404\/404|[from] item: Leftovers
|turn|5
|
|switch|p2a: Manaphy|Manaphy|404\/404
|move|p1a: Greninja|Ice Beam|p2a: Manaphy
|-start|p1a: Greninja|typechange|Ice|[from] Protean
|-resisted|p2a: Manaphy
|-damage|p2a: Manaphy|316\/404
|-damage|p1a: Greninja|240\/285|[from] item: Life Orb
|
|-weather|Sandstorm|[upkeep]
|-damage|p1a: Greninja|223\/285|[from] sandstorm
|-damage|p2a: Manaphy|291\/404|[from] sandstorm
|-heal|p2a: Manaphy|316\/404|[from] item: Leftovers
|turn|6
|
|switch|p1a: Magnezone|Magnezone|281\/281
|move|p2a: Manaphy|Scald|p1a: Magnezone
|-damage|p1a: Magnezone|176\/281
|
|-weather|Sandstorm|[upkeep]
|-damage|p2a: Manaphy|291\/404|[from] sandstorm
|-heal|p2a: Manaphy|316\/404|[from] item: Leftovers
|turn|7
|
|switch|p2a: Celebi|Celebi|404\/404
|move|p1a: Magnezone|Volt Switch|p2a: Celebi
|-resisted|p2a: Celebi
|-damage|p2a: Celebi|353\/404
|c|âNeoJctz|man im rusty
|
|switch|p1a: Altaria|Altaria, M|292\/292
|
|-weather|Sandstorm|[upkeep]
|-damage|p2a: Celebi|328\/404|[from] sandstorm
|-damage|p1a: Altaria|274\/292|[from] sandstorm
|-heal|p2a: Celebi|353\/404|[from] item: Leftovers
|turn|8
|
|switch|p2a: Talonflame|Talonflame, F|359\/359
|detailschange|p1a: Altaria|Altaria-Mega, M
|message|Altaria has Mega Evolved into Mega Altaria!
|move|p1a: Altaria|Substitute|p1a: Altaria
|-start|p1a: Altaria|Substitute
|-damage|p1a: Altaria|201\/292
|
|-weather|none
|turn|9
|join|Luca'sTesAccount
|
|switch|p1a: Tyranitar|Tyranitar, M|403\/403
|-weather|Sandstorm
|move|p2a: Talonflame|Taunt|p1a: Tyranitar
|-start|p1a: Tyranitar|move: Taunt
|
|-weather|Sandstorm|[upkeep]
|-damage|p2a: Talonflame|337\/359|[from] sandstorm
|-heal|p2a: Talonflame|359\/359|[from] item: Leftovers
|turn|10
|
|switch|p2a: Hippowdon|Hippowdon, F|420\/420
|move|p1a: Tyranitar|Ice Beam|p2a: Hippowdon
|-supereffective|p2a: Hippowdon
|-damage|p2a: Hippowdon|252\/420
|
|-weather|Sandstorm|[upkeep]
|-heal|p2a: Hippowdon|278\/420|[from] item: Leftovers
|turn|11
|leave|Airhorne
|
|move|p1a: Tyranitar|Ice Beam|p2a: Hippowdon
|-supereffective|p2a: Hippowdon
|-damage|p2a: Hippowdon|104\/420
|move|p2a: Hippowdon|Slack Off|p2a: Hippowdon
|-heal|p2a: Hippowdon|314\/420
|
|-weather|Sandstorm|[upkeep]
|-heal|p2a: Hippowdon|340\/420|[from] item: Leftovers
|turn|12
|
|switch|p1a: Mandibuzz|Mandibuzz, F|424\/424
|move|p2a: Hippowdon|Earthquake|p1a: Mandibuzz
|-immune|p1a: Mandibuzz|[msg]
|
|-weather|Sandstorm|[upkeep]
|-heal|p2a: Hippowdon|366\/420|[from] item: Leftovers
|turn|13
|
|switch|p1a: Greninja|Greninja, F|223\/285
|switch|p2a: Granbull|Granbull, M|314\/384
|-ability|p2a: Granbull|Intimidate|[of] p1a: Greninja
|-unboost|p1a: Greninja|atk|1
|
|-weather|Sandstorm|[upkeep]
|-damage|p1a: Greninja|206\/285|[from] sandstorm
|-damage|p2a: Granbull|290\/384|[from] sandstorm
|turn|14
|
|switch|p2a: Manaphy|Manaphy|316\/404
|move|p1a: Greninja|Gunk Shot|p2a: Manaphy
|-start|p1a: Greninja|typechange|Poison|[from] Protean
|-crit|p2a: Manaphy
|-damage|p2a: Manaphy|86\/404
|-status|p2a: Manaphy|psn
|-damage|p1a: Greninja|178\/285|[from] item: Life Orb
|
|-weather|Sandstorm|[upkeep]
|-damage|p1a: Greninja|161\/285|[from] sandstorm
|-damage|p2a: Manaphy|61\/404 psn|[from] sandstorm
|-heal|p2a: Manaphy|86\/404 psn|[from] item: Leftovers
|-damage|p2a: Manaphy|36\/404 psn|[from] psn
|turn|15
|c|âNeoJctz|its real
|
|move|p1a: Greninja|Ice Beam|p2a: Manaphy
|-start|p1a: Greninja|typechange|Ice|[from] Protean
|-resisted|p2a: Manaphy
|-damage|p2a: Manaphy|0 fnt
|-damage|p1a: Greninja|133\/285|[from] item: Life Orb
|faint|p2a: Manaphy
|
|-weather|Sandstorm|[upkeep]
|-damage|p1a: Greninja|116\/285|[from] sandstorm
|
|switch|p2a: Talonflame|Talonflame, F|359\/359
|turn|16
|join|Cold Summerr
|
|switch|p1a: Mandibuzz|Mandibuzz, F|424\/424
|move|p2a: Talonflame|Brave Bird|p1a: Mandibuzz
|-damage|p1a: Mandibuzz|334\/424
|-damage|p2a: Talonflame|300\/359|[from] item: Rocky Helmet|[of] p1a: Mandibuzz
|-damage|p2a: Talonflame|270\/359|[from] recoil|[of] p1a: Mandibuzz
|
|-weather|none
|-heal|p2a: Talonflame|292\/359|[from] item: Leftovers
|turn|17
|
|move|p2a: Talonflame|Taunt|p1a: Mandibuzz
|-start|p1a: Mandibuzz|move: Taunt
|cant|p1a: Mandibuzz|move: Taunt|Roost
|
|-heal|p2a: Talonflame|314\/359|[from] item: Leftovers
|turn|18
|
|move|p2a: Talonflame|Bulk Up|p2a: Talonflame
|-boost|p2a: Talonflame|atk|1
|-boost|p2a: Talonflame|def|1
|move|p1a: Mandibuzz|Foul Play|p2a: Talonflame
|-damage|p2a: Talonflame|187\/359
|
|-heal|p2a: Talonflame|209\/359|[from] item: Leftovers
|turn|19
|
|switch|p1a: Tyranitar|Tyranitar, M|403\/403
|-weather|Sandstorm
|move|p2a: Talonflame|Roost|p2a: Talonflame
|-heal|p2a: Talonflame|359\/359
|
|-weather|Sandstorm|[upkeep]
|-damage|p2a: Talonflame|337\/359|[from] sandstorm
|-heal|p2a: Talonflame|359\/359|[from] item: Leftovers
|turn|20
|join|cloakranger1
|join|NegroPl0x
|join|UnB0lievable
|
|switch|p2a: Granbull|Granbull, M|290\/384
|-ability|p2a: Granbull|Intimidate|[of] p1a: Tyranitar
|-unboost|p1a: Tyranitar|atk|1
|move|p1a: Tyranitar|Stone Edge|p2a: Granbull|[miss]
|-miss|p1a: Tyranitar|p2a: Granbull
|
|-weather|Sandstorm|[upkeep]
|-damage|p2a: Granbull|266\/384|[from] sandstorm
|turn|21
|
|switch|p1a: Magnezone|Magnezone|176\/281
|move|p2a: Granbull|Play Rough|p1a: Magnezone|[miss]
|-miss|p2a: Granbull|p1a: Magnezone
|
|-weather|Sandstorm|[upkeep]
|-damage|p2a: Granbull|242\/384|[from] sandstorm
|turn|22
|c|âNeoJctz|lel
|c|âNeoJctz|twice
|join|SwaggBoi
|c| Halcyon of Light|._.
|
|switch|p2a: Celebi|Celebi|353\/404
|move|p1a: Magnezone|Hidden Power|p2a: Celebi
|-supereffective|p2a: Celebi
|-damage|p2a: Celebi|237\/404
|
|-weather|Sandstorm|[upkeep]
|-damage|p2a: Celebi|212\/404|[from] sandstorm
|-heal|p2a: Celebi|237\/404|[from] item: Leftovers
|turn|23
|leave|NegroPl0x
|join|bforrester16
|join|RobbysAFK
|c|âNeoJctz|missclick
|c| Halcyon of Light|laughing at hax is
|c|âNeoJctz|.-.-.
|join|Chillingtilnoon
|c| Halcyon of Light|a surefire sign of a good player
|c| Halcyon of Light|!
|join|sk8rgurl
|c|âNeoJctz|abusing me
|c|âNeoJctz|is a surefire sign you're an ass
|c|âNeoJctz|js
|c| nnmkmkji|o:
|
|switch|p1a: Mandibuzz|Mandibuzz, F|334\/424
|move|p2a: Celebi|Baton Pass|p2a: Celebi
|c| Halcyon of Light|>abusing
|c| Halcyon of Light|.-.
|
|switch|p2a: Granbull|Granbull, M|242\/384
|-ability|p2a: Granbull|Intimidate|[of] p1a: Mandibuzz
|-unboost|p1a: Mandibuzz|atk|1
|
|-weather|Sandstorm|[upkeep]
|-damage|p2a: Granbull|218\/384|[from] sandstorm
|turn|24
|c| Halcyon of Light|nice use of words
|c| Halcyon of Light|!
|leave|Cold Summerr
|c| Kama Sutra|halcyon you're missing your exclamation points
|join|crawdauntite
|
|switch|p1a: Magnezone|Magnezone|176\/281
|move|p2a: Granbull|Play Rough|p1a: Magnezone
|-resisted|p1a: Magnezone
|-damage|p1a: Magnezone|125\/281
|
|-weather|Sandstorm|[upkeep]
|-damage|p2a: Granbull|194\/384|[from] sandstorm
|turn|25
|c| Kama Sutra|idk if you've noticed
|c|âNeoJctz|^
|
|switch|p2a: Celebi|Celebi|237\/404
|move|p1a: Magnezone|Volt Switch|p2a: Celebi
|-resisted|p2a: Celebi
|-damage|p2a: Celebi|189\/404
|c| Halcyon of Light|?_?
|
|switch|p1a: Greninja|Greninja, F|116\/285
|
|-weather|Sandstorm|[upkeep]
|-damage|p1a: Greninja|99\/285|[from] sandstorm
|-damage|p2a: Celebi|164\/404|[from] sandstorm
|-heal|p2a: Celebi|189\/404|[from] item: Leftovers
|turn|26
|c| Kama Sutra|!_!
|c| Halcyon of Light|irrelevant af niggas
|c| Halcyon of Light|trying to talk to me
|join|Cold Summerr
|c| Halcyon of Light|idgi
|c|âNeoJctz|lol
|c|âNeoJctz|relevant on mons
|c| Kama Sutra|sorry for trying to talk to you my lord
|c|âNeoJctz|who cares
|c| eskfsakaf|damn edgy
|c| Halcyon of Light|yw
|
|switch|p2a: Talonflame|Talonflame, F|359\/359
|move|p1a: Greninja|Ice Beam|p2a: Talonflame
|-start|p1a: Greninja|typechange|Ice|[from] Protean
|-damage|p2a: Talonflame|176\/359
|-damage|p1a: Greninja|71\/285|[from] item: Life Orb
|
|-weather|none
|-heal|p2a: Talonflame|198\/359|[from] item: Leftovers
|turn|27
|c| Halcyon of Light|for making you relevant
|join|Sablenite
|c|âNeoJctz|spotty 14 year old in parents basement
|
|switch|p1a: Magnezone|Magnezone|125\/281
|move|p2a: Talonflame|Roost|p2a: Talonflame
|-heal|p2a: Talonflame|359\/359
|
|turn|28
|c|âNeoJctz|'i'm relevant on mons'
|c| RobbysAFK|ayy lmao
|c|âNeoJctz|k go brag
|c| Halcyon of Light|why are you referring to yourself like that
|c| UnB0lievable|guys pls
|c| Halcyon of Light|why call yourself spotty :\/
|c|âNeoJctz|cus i like my spots
|c|âNeoJctz|your wit sucks ass
|c|âNeoJctz|lie
|c| eskfsakaf|pokemon players are so cool omg
|c|âNeoJctz|like
|c|âNeoJctz|terribly
|
|switch|p2a: Hippowdon|Hippowdon, F|366\/420
|-weather|Sandstorm
|move|p1a: Magnezone|Volt Switch|p2a: Hippowdon
|-immune|p2a: Hippowdon|[msg]
|
|-weather|Sandstorm|[upkeep]
|-heal|p2a: Hippowdon|392\/420|[from] item: Leftovers
|turn|29
|join|vadifire
|join|LadderSoTall
|c| Halcyon of Light|?_?
|c| LadderSoTall|:D
|c| eskfsakaf|i love this fun gaming community
|c| cloakranger1|lol
|
|switch|p1a: Excadrill|Excadrill, F|361\/361
|-item|p1a: Excadrill|Air Balloon
|move|p2a: Hippowdon|Stealth Rock|p1a: Excadrill
|-sidestart|p1: NeoJctz|move: Stealth Rock
|
|-weather|Sandstorm|[upkeep]
|-heal|p2a: Hippowdon|418\/420|[from] item: Leftovers
|turn|30
|join|I Lose Tournaments
|leave|Blame Freedom
|leave|I Lose Tournaments
|
|move|p1a: Excadrill|Swords Dance|p1a: Excadrill
|-boost|p1a: Excadrill|atk|2
|move|p2a: Hippowdon|Rock Slide|p1a: Excadrill
|-resisted|p1a: Excadrill
|-damage|p1a: Excadrill|337\/361
|-enditem|p1a: Excadrill|Air Balloon
|
|-weather|Sandstorm|[upkeep]
|-heal|p2a: Hippowdon|420\/420|[from] item: Leftovers
|turn|31
|c| RobbysAFK|if you're on this website, chances are you're not relevant in anyway
|c| Kama Sutra|nah most people are chill
|leave|LadderSoTall
|c| Halcyon of Light|you literally have
|c| Kama Sutra|who cares about relevant
|c|âNeoJctz|^
|c| Halcyon of Light|the best matchup possible
|c| bforrester16|oh crap
|c| Halcyon of Light|and haven't won yet
|c| Halcyon of Light|.__.
|c| Kama Sutra|you're making $0 from this
|c|âNeoJctz|you're literally
|c|âNeoJctz|an asshole
|c| cloakranger1|Halcyon of Light stop being a bitch
|c|âNeoJctz|:\/
|join|testnameyo
|c| Halcyon of Light|.-.
|
|move|p1a: Excadrill|Iron Head|p2a: Hippowdon
|-damage|p2a: Hippowdon|227\/420
|move|p2a: Hippowdon|Earthquake|p1a: Excadrill
|-supereffective|p1a: Excadrill
|-damage|p1a: Excadrill|0 fnt
|faint|p1a: Excadrill
|
|-weather|Sandstorm|[upkeep]
|-heal|p2a: Hippowdon|253\/420|[from] item: Leftovers
|join|sllooot69
|c| UnB0lievable|why would you stay in
|c| Halcyon of Light|because he's bad .__.
|c| bforrester16|omg that did zero
|c| sllooot69|chat
|c| eskfsakaf|to flinch the hippowdon to death
|c| eskfsakaf|obviously
|c| RobbysAFK|>tfw i came to watch a tour battle, not to watch seventh graders fight
|c|âNeoJctz|toooo busy arguing with akid
|c| vadifire|30% to flinch
|c| NeoJeevz|jectz just stfu and finish match
|c| NeoJeevz|gogogo
|c| Kama Sutra|hey im in 8th grade
|c| vadifire|just needed two
|c| vadifire|p ez
|c|âNeoJctz|jeevs fuck you
|join|Mistakess
|c| Halcyon of Light|>tfw greentexting off of 4chan
|c| SwaggBoi|the hold upof the tournament
|
|switch|p1a: Greninja|Greninja, F|71\/285
|-damage|p1a: Greninja|36\/285|[from] Stealth Rock
|turn|32
|leave|Luca'sTesAccount
|
|switch|p2a: Talonflame|Talonflame, F|359\/359
|move|p1a: Greninja|Ice Beam|p2a: Talonflame
|-start|p1a: Greninja|typechange|Ice|[from] Protean
|-damage|p2a: Talonflame|164\/359
|-damage|p1a: Greninja|8\/285|[from] item: Life Orb
|
|-weather|none
|-heal|p2a: Talonflame|186\/359|[from] item: Leftovers
|turn|33
|join|Venancio12
|join|tyb90
|
|move|p2a: Talonflame|Brave Bird|p1a: Greninja
|-damage|p1a: Greninja|0 fnt
|-damage|p2a: Talonflame|183\/359|[from] recoil|[of] p1a: Greninja
|faint|p1a: Greninja
|
|-heal|p2a: Talonflame|205\/359|[from] item: Leftovers
|
|switch|p1a: Tyranitar|Tyranitar, M|403\/403
|-damage|p1a: Tyranitar|353\/403|[from] Stealth Rock
|-weather|Sandstorm
|turn|34
|join|DragonForce3
|join|landersonboi
|leave|DragonForce3
|join|Pure Demize
|c|âNeoJctz|today
|c| Mistakess|man on the other side the semi final is already done
|
|switch|p2a: Latias|Latias, F|364\/364
|move|p1a: Tyranitar|Stealth Rock|p2a: Latias
|-sidestart|p2: shartruce2|move: Stealth Rock
|
|-weather|Sandstorm|[upkeep]
|-damage|p2a: Latias|342\/364|[from] sandstorm
|turn|35
|c| bforrester16|the counter
|c|âNeoJctz|2bad this is a shit tar set
|c|âNeoJctz|no suit
|
|detailschange|p2a: Latias|Latias-Mega, F
|message|Latias has Mega Evolved into Mega Latias!
|move|p2a: Latias|Reflect Type|p1a: Tyranitar
|-start|p2a: Latias|typechange|[from] move: Reflect Type|[of] p1a: Tyranitar
|move|p1a: Tyranitar|Stone Edge|p2a: Latias
|-damage|p2a: Latias|215\/364
|
|-weather|Sandstorm|[upkeep]
|turn|36
|c| Pure Demize|eq latias with SD
|c| UnB0lievable|oooh
|c| bforrester16|oh crap
|c|âNeoJctz|eh ive lost
|c| Mistakess|thats fun
|c| Kama Sutra|yo reveal whirlpool
|c| Halcyon of Light|lmfao
|c| RobbysAFK|ayy lmao
|c| Kama Sutra|please
|
|switch|p1a: Mandibuzz|Mandibuzz, F|334\/424
|-damage|p1a: Mandibuzz|228\/424|[from] Stealth Rock
|move|p2a: Latias|Defog|p1a: Mandibuzz
|-unboost|p1a: Mandibuzz|evasion|1
|-sideend|p1: NeoJctz|Stealth Rock|[from] move: Defog|[of] p1a: Mandibuzz
|-sideend|p2: shartruce2|Stealth Rock|[from] move: Defog|[of] p2a: Latias
|
|-weather|Sandstorm|[upkeep]
|turn|37
|c| RobbysAFK|reveal the mist ball
|c| bforrester16|reflect type oml thats so legit
|c| Pure Demize|lol
|c| vadifire|this some ctc shit
|join|CBotfield
|
|switch|p2a: Granbull|Granbull, M|194\/384
|-ability|p2a: Granbull|Intimidate|[of] p1a: Mandibuzz
|-unboost|p1a: Mandibuzz|atk|1
|move|p1a: Mandibuzz|Roost|p1a: Mandibuzz
|-heal|p1a: Mandibuzz|424\/424
|
|-weather|Sandstorm|[upkeep]
|-damage|p2a: Granbull|170\/384|[from] sandstorm
|turn|38
|join|TheObsessed
|
|switch|p1a: Magnezone|Magnezone|125\/281
|move|p2a: Granbull|Rest|p2a: Granbull
|-status|p2a: Granbull|slp
|-heal|p2a: Granbull|384\/384 slp|[silent]
|-status|p2a: Granbull|slp|[from] move: Rest
|
|-weather|Sandstorm|[upkeep]
|-damage|p2a: Granbull|360\/384 slp|[from] sandstorm
|turn|39
|join|NegroPl0x
|join|Jack41
|
|switch|p1a: Tyranitar|Tyranitar, M|353\/403
|switch|p2a: Celebi|Celebi|189\/404
|
|-weather|Sandstorm|[upkeep]
|-damage|p2a: Celebi|164\/404|[from] sandstorm
|-heal|p2a: Celebi|189\/404|[from] item: Leftovers
|turn|40
|join|amisafk
|leave|amisafk
|
|move|p2a: Celebi|Recover|p2a: Celebi
|-heal|p2a: Celebi|391\/404
|move|p1a: Tyranitar|Stealth Rock|p2a: Celebi
|-sidestart|p2: shartruce2|move: Stealth Rock
|
|-weather|Sandstorm|[upkeep]
|-damage|p2a: Celebi|366\/404|[from] sandstorm
|-heal|p2a: Celebi|391\/404|[from] item: Leftovers
|turn|41
|c| Venancio12|they should add some space to spectators right what moves all pokemons have
|
|switch|p1a: Altaria|Altaria-Mega, M|201\/292
|move|p2a: Celebi|Giga Drain|p1a: Altaria
|-resisted|p1a: Altaria
|-damage|p1a: Altaria|155\/292
|-heal|p2a: Celebi|404\/404|[from] drain|[of] p1a: Altaria
|
|-weather|none
|turn|42
|
|move|p2a: Celebi|Baton Pass|p2a: Celebi
|c| RobbysAFK|then the spectators could reveal what each mon has
|
|switch|p2a: Granbull|Granbull, M|360\/384 slp
|-damage|p2a: Granbull|312\/384 slp|[from] Stealth Rock
|-ability|p2a: Granbull|Intimidate|[of] p1a: Altaria
|-unboost|p1a: Altaria|atk|1
|move|p1a: Altaria|Dragon Dance|p1a: Altaria
|-boost|p1a: Altaria|atk|1
|-boost|p1a: Altaria|spe|1
|
|turn|43
|
|move|p1a: Altaria|Dragon Dance|p1a: Altaria
|-boost|p1a: Altaria|atk|1
|-boost|p1a: Altaria|spe|1
|cant|p2a: Granbull|slp
|move|p2a: Granbull|Sleep Talk|p2a: Granbull
|move|p2a: Granbull|Play Rough|p1a: Altaria|[from]Sleep Talk
|-supereffective|p1a: Altaria
|-damage|p1a: Altaria|0 fnt
|faint|p1a: Altaria
|
|c| NeoJeevz|sub nub
|c|âNeoJctz|game
|c| UnB0lievable|lol
|c| vadifire|!
|c| bforrester16|LOL
|c| SwaggBoi|bop
|c| Venancio12|no, the spectator would need to write it and only him would be able to see what he wrote
|c| vadifire|!!!1
|c| bforrester16|that was funny
|c| NeoJeevz|mag flash cannon spam
|c| NeoJeevz|gogogogo
|
|switch|p1a: Magnezone|Magnezone|125\/281
|turn|44
|c|âNeoJctz|lele jeevs
|
|switch|p2a: Celebi|Celebi|404\/404
|-damage|p2a: Celebi|354\/404|[from] Stealth Rock
|move|p1a: Magnezone|Flash Cannon|p2a: Celebi
|-damage|p2a: Celebi|249\/404
|
|-heal|p2a: Celebi|274\/404|[from] item: Leftovers
|turn|45
|c| bforrester16|oml zero
|c|âNeoJctz|def drop go
|c| NegroPl0x|dang
|
|move|p1a: Magnezone|Flash Cannon|p2a: Celebi
|-damage|p2a: Celebi|160\/404
|-unboost|p2a: Celebi|spd|1
|move|p2a: Celebi|Baton Pass|p2a: Celebi
|c| vadifire|!
|c| NeoJeevz|lmao
|c| RobbysAFK|!
|
|switch|p2a: Latias|Latias-Mega, F|215\/364
|-damage|p2a: Latias|170\/364|[from] Stealth Rock
|
|turn|46
|leave|Jack41
|
|move|p1a: Magnezone|Flash Cannon|p2a: Latias
|-damage|p2a: Latias|14\/364
|-unboost|p2a: Latias|spd|1
|move|p2a: Latias|Roost|p2a: Latias
|-heal|p2a: Latias|196\/364
|
|turn|47
|c| Pure Demize|we can call our hax now?
|c| vadifire|oml
|c| NeoJeevz|kill it
|c| Pure Demize|nice
|join|Hidden Machine 02
|c| bforrester16|this thing got a spdef drop and stilll didnt die
|c|âNeoJctz|ikr
|c| Mistakess|ouch
|c| NeoJeevz|you know
|leave|Cold Summerr
|c| NeoJeevz|if mag got moon blast
|c| NeoJeevz|that'd be pretty sweet
|c| bforrester16|like 43%
|c| bforrester16|thats zero
|c| RobbysAFK|>10% to lower spdef
|c| RobbysAFK|>gets it twice
|c|âNeoJctz|2gud
|leave|testnameyo
|c| RobbysAFK|that's a well trained mag
|c|âNeoJctz|u right
|
|switch|p2a: Celebi|Celebi|160\/404
|-damage|p2a: Celebi|110\/404|[from] Stealth Rock
|move|p1a: Magnezone|Flash Cannon|p2a: Celebi
|-damage|p2a: Celebi|7\/404
|-unboost|p2a: Celebi|spd|1
|
|-heal|p2a: Celebi|32\/404|[from] item: Leftovers
|turn|48
|c|âNeoJctz|lelele
|c| Pure Demize|3
|c| vadifire|lmfao
|c| vadifire|this man
|c| vadifire|is a god
|c|âNeoJctz|zone u love it
|c| RobbysAFK|can i have this mag
|
|move|p1a: Magnezone|Flash Cannon|p2a: Celebi
|-damage|p2a: Celebi|0 fnt
|faint|p2a: Celebi
|
|c|âNeoJctz|its yours
|
|switch|p2a: Hippowdon|Hippowdon, F|253\/420
|-damage|p2a: Hippowdon|227\/420|[from] Stealth Rock
|-weather|Sandstorm
|turn|49
|c| RobbysAFK|i'll trade you my mega magikarp
|c| RobbysAFK|with sheer force
|c|âNeoJctz|mega missingo or gtfo
|c| UnB0lievable|does flash cannon kill?
|c|âNeoJctz|idk
|c| vadifire|!calc
|c|âNeoJctz|!calc
|raw|<div class="infobox">Pokemon Showdown! damage calculator. (Courtesy of Honko)<br \/>- <a href="https:\/\/pokemonshowdown.com\/damagecalc\/">Damage Calculator<\/a><\/div>
|c|âNeoJctz|someone do it
|c|âNeoJctz|2 tired
|leave|sk8rgurl
|c|âNeoJctz|fuk it
|
|switch|p1a: Mandibuzz|Mandibuzz, F|424\/424
|move|p2a: Hippowdon|Slack Off|p2a: Hippowdon
|-heal|p2a: Hippowdon|420\/420
|
|-weather|Sandstorm|[upkeep]
|turn|50
|c| Kama Sutra|your scarf
|c|âNeoJctz|no
|c|âNeoJctz|im banded
|c| Kama Sutra|its not killing
|c| bforrester16|i woulda risked it and gone for crit
|c| bforrester16|cuz im real
|
|switch|p2a: Granbull|Granbull, M|312\/384 slp
|-damage|p2a: Granbull|264\/384 slp|[from] Stealth Rock
|-ability|p2a: Granbull|Intimidate|[of] p1a: Mandibuzz
|-unboost|p1a: Mandibuzz|atk|1
|move|p1a: Mandibuzz|Knock Off|p2a: Granbull
|-resisted|p2a: Granbull
|-damage|p2a: Granbull|248\/384 slp
|
|-weather|Sandstorm|[upkeep]
|-damage|p2a: Granbull|224\/384 slp|[from] sandstorm
|turn|51
|c|âNeoJctz|im fake so
|c| UnB0lievable|timid right?
|c| Pure Demize|same
|join|PLEASE MURDER ME
|
|switch|p1a: Magnezone|Magnezone|125\/281
|switch|p2a: Hippowdon|Hippowdon, F|420\/420
|-damage|p2a: Hippowdon|394\/420|[from] Stealth Rock
|
|-weather|Sandstorm|[upkeep]
|-heal|p2a: Hippowdon|420\/420|[from] item: Leftovers
|turn|52
|c|âNeoJctz|fu
|c| NegroPl0x|the playz
|c| vadifire|!!!@#@#$#@@
|
|switch|p1a: Tyranitar|Tyranitar, M|353\/403
|move|p2a: Hippowdon|Earthquake|p1a: Tyranitar
|-supereffective|p1a: Tyranitar
|-damage|p1a: Tyranitar|177\/403
|
|-weather|Sandstorm|[upkeep]
|turn|53
|join|belgrade
|
|move|p1a: Tyranitar|Ice Beam|p2a: Hippowdon
|-supereffective|p2a: Hippowdon
|-damage|p2a: Hippowdon|260\/420
|move|p2a: Hippowdon|Earthquake|p1a: Tyranitar
|-supereffective|p1a: Tyranitar
|-damage|p1a: Tyranitar|3\/403
|
|-weather|none
|-heal|p2a: Hippowdon|286\/420|[from] item: Leftovers
|turn|54
|c| Mistakess|vadifire: rematch me
|c|âNeoJctz|ima go cry
|c|âNeoJctz|in a corner
|c|âNeoJctz|i think
|c| vadifire|freeze
|c| vadifire|him
|c|âNeoJctz|y nofreeze
|c| vadifire|u savage
|c|âNeoJctz|^
|join|teninchessoft
|c| bforrester16|u might have a chance
|c|âNeoJctz|mb
|c| Pure Demize|one more ice beam
|leave|crawdauntite
|c| Pure Demize|freeze
|c|âNeoJctz|inb4 crit
|c| Pure Demize|call it and itll happen
|
|move|p1a: Tyranitar|Ice Beam|p2a: Hippowdon
|-supereffective|p2a: Hippowdon
|-damage|p2a: Hippowdon|130\/420
|move|p2a: Hippowdon|Earthquake|p1a: Tyranitar
|-supereffective|p1a: Tyranitar
|-damage|p1a: Tyranitar|0 fnt
|faint|p1a: Tyranitar
|
|-heal|p2a: Hippowdon|156\/420|[from] item: Leftovers
|c|âNeoJctz|or freeze
|c|âNeoJctz|w.e
|c| bforrester16|its either he saks something here or hippowdown gets revenged
|c| Pure Demize|call the freeze
|
|switch|p1a: Magnezone|Magnezone|125\/281
|turn|55
|c| teninchessoft|why not just play zubat?
|c| Kama Sutra|doesn't lati just win
|c| vadifire|why is zone sweepin
|c| RobbysAFK|here comes based mag
|c| teninchessoft|zubat is so good
|c| Pure Demize|time 2 calc
|c| Mistakess|this is the only tour battle going on?
|c|âNeoJctz|he's so calcin
|c| SwaggBoi|yep
|c| bforrester16|oh ya lati is at 54%
|c| bforrester16|nvm lol
|c| NegroPl0x|gg
|c| vadifire|i hope neo wins
|c| vadifire|cuz shartruce
|c| teninchessoft|based hippo ftw?
|c| vadifire|looks al ot better
|
|move|p1a: Magnezone|Flash Cannon|p2a: Hippowdon
|-damage|p2a: Hippowdon|0 fnt
|faint|p2a: Hippowdon
|
|c| NegroPl0x|blown back
|c| teninchessoft|nah
|c|âNeoJctz|lel i choked like hell and am rusty
|
|switch|p2a: Latias|Latias-Mega, F|196\/364
|-damage|p2a: Latias|151\/364|[from] Stealth Rock
|turn|56
|c|âNeoJctz|but he probs is
|c| bforrester16|go for it
|
|move|p1a: Magnezone|Flash Cannon|p2a: Latias
|-damage|p2a: Latias|58\/364
|move|p2a: Latias|Defog|p1a: Magnezone
|-unboost|p1a: Magnezone|evasion|1
|-sideend|p2: shartruce2|Stealth Rock|[from] move: Defog|[of] p2a: Latias
|
|turn|57
|c| Mistakess|latias@eq
|c| Halcyon of Light|my nigga shart wins even when he has shit af matchup
|c| teninchessoft|mega evolutions are just a handicap
|c| eskfsakaf|xd
|c| NegroPl0x|lmfao
|
|switch|p2a: Talonflame|Talonflame, F|205\/359
|move|p1a: Magnezone|Flash Cannon|p2a: Talonflame
|-resisted|p2a: Talonflame
|-damage|p2a: Talonflame|128\/359
|
|-heal|p2a: Talonflame|150\/359|[from] item: Leftovers
|turn|58
|c| teninchessoft|omg
|c| teninchessoft|the
|c| teninchessoft|turn
|c| teninchessoft|around
|c| vadifire|no double
|
|switch|p1a: Mandibuzz|Mandibuzz, F|424\/424
|move|p2a: Talonflame|Roost|p2a: Talonflame
|-heal|p2a: Talonflame|330\/359
|
|-heal|p2a: Talonflame|352\/359|[from] item: Leftovers
|turn|59
|c| vadifire|wtf
|c| UnB0lievable|inb4 double switch
|c| vadifire|idk even know this talon
|
|switch|p1a: Magnezone|Magnezone|125\/281
|move|p2a: Talonflame|Taunt|p1a: Magnezone
|-start|p1a: Magnezone|move: Taunt
|
|-heal|p2a: Talonflame|359\/359|[from] item: Leftovers
|turn|60
|c| vadifire|is it bulk up or wisp
|c| Venancio12|inb4 band roost talonflame
|c| teninchessoft|inb4 inb4w
|c| Pure Demize|oo
|c| teninchessoft|roost op
|c| Pure Demize|he aint packing the flare blitz
|
|switch|p2a: Granbull|Granbull, M|224\/384 slp
|-ability|p2a: Granbull|Intimidate|[of] p1a: Magnezone
|-unboost|p1a: Magnezone|atk|1
|move|p1a: Magnezone|Thunderbolt|p2a: Granbull
|-damage|p2a: Granbull|0 fnt
|faint|p2a: Granbull
|
|c| vadifire|obv
|c| vadifire|if he had blitz
|c| vadifire|he wouldnt be playing around
|c| vadifire|like this
|
|switch|p2a: Latias|Latias-Mega, F|58\/364
|turn|61
|
|move|p1a: Magnezone|Thunderbolt|p2a: Latias
|-crit|p2a: Latias
|-resisted|p2a: Latias
|-damage|p2a: Latias|0 fnt
|faint|p2a: Latias
|
|c| vadifire|LOL
|c| vadifire|LOL
|c| teninchessoft|gg
|c| vadifire|LOL
|c| Kama Sutra|wow
|c| Mistakess|O
|c| Venancio12|THE CRIT
|c| Mistakess|O
|c| Halcyon of Light|wow
|c| Sablenite|but what if hippowdon is not kill
|c|âNeoJctz|aaaaaaaaa
|c| teninchessoft|ggwp
|c| UnB0lievable|wow
|c| PLEASE MURDER ME|ah aaa
|c| Mistakess|wow
|
|switch|p2a: Talonflame|Talonflame, F|359\/359
|turn|62
|c|âNeoJctz|this all happened
|c| Hidden Machine 02|crit
|c| Halcyon of Light|fags galore
|c|âNeoJctz|cus
|c| teninchessoft|get gud like me fggt
|c| Halcyon of Light|!
|c| Hidden Machine 02|nice fucking crit
|c|âNeoJctz|halcyon
|c| RobbysAFK|AYE
|c|âNeoJctz|is a dumbass
|
|move|p1a: Magnezone|Thunderbolt|p2a: Talonflame
|-supereffective|p2a: Talonflame
|-damage|p2a: Talonflame|3\/359
|move|p2a: Talonflame|Bulk Up|p2a: Talonflame
|-boost|p2a: Talonflame|atk|1
|-boost|p2a: Talonflame|def|1
|
|-heal|p2a: Talonflame|25\/359|[from] item: Leftovers
|-end|p1a: Magnezone|move: Taunt
|turn|63
|c| Halcyon of Light|lmfao
|c| Mistakess|after all this a crit decide the game
|c| Kama Sutra|LMAO
|c| Hidden Machine 02|aye i know his spread that didnt matter
|c| teninchessoft|OHHH
|c| eskfsakaf|halcyon with the epic insults
|c| Pure Demize|lol
|c| Halcyon of Light|winning with hax
|c| UnB0lievable|1%
|c| Halcyon of Light|you must be proud
|c| NegroPl0x|1 lololol
|
|move|p2a: Talonflame|Roost|p2a: Talonflame
|-heal|p2a: Talonflame|205\/359
|move|p1a: Magnezone|Thunderbolt|p2a: Talonflame
|-damage|p2a: Talonflame|36\/359
|
|-heal|p2a: Talonflame|58\/359|[from] item: Leftovers
|turn|64
|c| teninchessoft|OHHHHH
|c| vadifire|omg he can win
|c| teninchessoft|THE ROOST
|c| vadifire|jk para
|c| vadifire|inc
|c|âNeoJctz|halcyon
|c| vadifire|PARA INC
|join|AdvanceShip
|c|âNeoJctz|having no balls
|c| Pure Demize|call the para
|c| Pure Demize|call it
|c|âNeoJctz|must behard
|c| teninchessoft|DAROOST SANDSTORM
|
|move|p2a: Talonflame|Roost|p2a: Talonflame
|-heal|p2a: Talonflame|238\/359
|move|p1a: Magnezone|Thunderbolt|p2a: Talonflame
|-damage|p2a: Talonflame|78\/359
|-status|p2a: Talonflame|par
|
|-heal|p2a: Talonflame|100\/359 par|[from] item: Leftovers
|turn|65
|c| Halcyon of Light|?_?
|c| Pure Demize|youll get it
|c| Halcyon of Light|lol?
|c| vadifire|LOL
|c| Pure Demize|lol
|c| vadifire|LSOPSDFOSADODFOsda
|c| Hidden Machine 02|O SHIT
|c| RobbysAFK|inb4 parahax
|c| Hidden Machine 02|LO
|c| UnB0lievable|.....
|c|âNeoJctz|AHAHAHAHAHA
|c| Halcyon of Light|nigga wins with hax
|c| Hidden Machine 02|LOL
|c| RobbysAFK|KNEW IT
|c| Mistakess|dont matter
|c| vadifire|AND THE CHAT GOES WILD
|c| landersonboi|loooooooooooooooooool
|c| Hidden Machine 02|LOL
|c| Halcyon of Light|and says I have no balls
|c| Hidden Machine 02|OH SHIT
|c| teninchessoft|WTF
|c| bforrester16|i told u niqqa
|c| Halcyon of Light|LOL
|c| teninchessoft|WTF
|c| Mistakess|pri roost
|c| teninchessoft|WTF
|c| Halcyon of Light|k
|c| vadifire|CRIT
|
|move|p2a: Talonflame|Roost|p2a: Talonflame
|-heal|p2a: Talonflame|280\/359 par
|move|p1a: Magnezone|Thunderbolt|p2a: Talonflame
|-crit|p2a: Talonflame
|-damage|p2a: Talonflame|9\/359 par
|
|-heal|p2a: Talonflame|31\/359 par|[from] item: Leftovers
|turn|66
|c| Hidden Machine 02|tha didnt matter
|join|twibz
|c| vadifire|or parahax
|leave|PLEASE MURDER ME
|c| Hidden Machine 02|i know his spreaed
|c| bforrester16|Neo i told u u could win
|c| vadifire|LOL
|c| Hidden Machine 02|LOL;
|c| Hidden Machine 02|SFLES
|c| Pure Demize|LOL
|c| Mistakess|LOL
|c| NegroPl0x|LOOOOL
|c| eskfsakaf|i wish i was cool enough to use slurs on the internet wow
|c| Hidden Machine 02|LOL
|c| RobbysAFK|AYY LMAO
|c| teninchessoft|OMG
|c| landersonboi|game over
|c| Pure Demize|LMFAOO
|c| Hidden Machine 02|ALOL
|c| vadifire|LMAOOO
|c| UnB0lievable|and then the crit
|c| landersonboi|game over
|c| NegroPl0x|wtf is this
|c| teninchessoft|GGWP
|c| Pure Demize|LMFFFFAOOOOOOOOOOOOOOOO
|c| Hidden Machine 02|GET FKED
|c|âNeoJctz|ty bforrester
|c| teninchessoft|GGWP
|c| Hidden Machine 02|LOL
|c| bforrester16|the hax its over
|c| Mistakess|LOLOLOL
|c| eskfsakaf|get fucked loser
|c|âNeoJctz|ily
|c| RobbysAFK|REKT
|c| Pure Demize|the crit!
|
|cant|p2a: Talonflame|par
|move|p1a: Magnezone|Thunderbolt|p2a: Talonflame
|-supereffective|p2a: Talonflame
|-damage|p2a: Talonflame|0 fnt
|faint|p2a: Talonflame
|
|win|NeoJctz
|c| teninchessoft|KAPPA
|c| Hidden Machine 02|OH GOD
|c| vadifire|LOL
|c| Hidden Machine 02|LOL
|c| Mistakess|wowowoowow
|leave|eskfsakaf
|c| vadifire|LOOOOL
|c| NegroPl0x|LOOOOOOOOOOOOOOOOOOL
|c| RobbysAFK|KEK
|c| Venancio12|AND PARA TO END IT
|c| bforrester16|LOLOL
|c| Hidden Machine 02|OH
|leave|shartruce2
|player|p2
|c| Hidden Machine 02|HOW
|c| teninchessoft|LOOOOOOOOOOOOOOOOOOOOOOOOOL
|c|âNeoJctz|so much lol
|c| Hidden Machine 02|DOES
|c| Hidden Machine 02|IT FEEL
|leave|landersonboi
|c| UnB0lievable|3 hax turns
|c| teninchessoft|REKT KID
|join|TheLaughingCats
|c| SwaggBoi|lol
|leave|belgrade
|leave|Halcyon of Light
|leave|RobbysAFK
|c| vadifire|im dying
|leave|Mistakess
|c| vadifire|he did nothing but crit, para, and sp.def drop
|leave|SwaggBoi
|leave|teninchessoft
|leave|CBotfield
|c| vadifire|this whole game