|join|shartruce2
|join|Pressured
|player|p1|shartruce2|43
|player|p2|Pressured|1
|gametype|singles
|gen|6
|tier|OU
|clearpoke
|poke|p1|Azumarill, M
|poke|p1|Diggersby, M
|poke|p1|Lopunny, F
|poke|p1|Celebi
|poke|p1|Heatran, F
|poke|p1|Hippowdon, M
|poke|p2|Garchomp, F
|poke|p2|Thundurus, M
|poke|p2|Azumarill, M
|poke|p2|Landorus-Therian, M
|poke|p2|Bisharp, M
|poke|p2|Metagross, shiny
|rule|Swagger Clause: Swagger is banned
|rule|Baton Pass Clause: Limit one PokÃ©mon knowing Baton Pass
|rule|Sleep Clause Mod: Limit one foe put to sleep
|rule|Species Clause: Limit one of each PokÃ©mon
|rule|OHKO Clause: OHKO moves are banned
|rule|Moody Clause: Moody is banned
|rule|Evasion Moves Clause: Evasion moves are banned
|rule|Endless Battle Clause: Forcing endless battles is banned
|rule|HP Percentage Mod: HP is shown in percentages
|teampreview
|
|start
|switch|p1a: Lopunny|Lopunny, F|272\/272
|switch|p2a: Dogs Out|Landorus-Therian, M|325\/325
|-ability|p2a: Dogs Out|Intimidate|[of] p1a: Lopunny
|-unboost|p1a: Lopunny|atk|1
|turn|1
|
|detailschange|p1a: Lopunny|Lopunny-Mega, F
|-mega|p1a: Lopunny|Lopunny|Lopunnite
|move|p1a: Lopunny|Fake Out|p2a: Dogs Out
|-damage|p2a: Dogs Out|271\/325
|cant|p2a: Dogs Out|flinch
|
|turn|2
|
|switch|p1a: Hippowdon|Hippowdon, M|419\/419
|-weather|Sandstorm
|move|p2a: Dogs Out|U-turn|p1a: Hippowdon
|-damage|p1a: Hippowdon|364\/419
|
|switch|p2a: Azula|Azumarill, M|350\/350
|
|-weather|Sandstorm|[upkeep]
|-damage|p2a: Azula|329\/350|[from] sandstorm
|-heal|p1a: Hippowdon|390\/419|[from] item: Leftovers
|turn|3
|
|switch|p2a: Son of a Bish|Bisharp, M|271\/271
|switch|p1a: Celebi|Celebi|404\/404
|
|-weather|Sandstorm|[upkeep]
|-damage|p1a: Celebi|379\/404|[from] sandstorm
|-heal|p1a: Celebi|404\/404|[from] item: Leftovers
|turn|4
|
|move|p1a: Celebi|Baton Pass|p1a: Celebi
|
|switch|p1a: Heatran|Heatran, F|386\/386
|move|p2a: Son of a Bish|Knock Off|p1a: Heatran
|-damage|p1a: Heatran|183\/386
|-enditem|p1a: Heatran|Leftovers|[from] move: Knock Off|[of] p2a: Son of a Bish
|-damage|p2a: Son of a Bish|244\/271|[from] item: Life Orb
|
|-weather|Sandstorm|[upkeep]
|turn|5
|
|switch|p2a: Roughing It|Garchomp, F|357\/357
|move|p1a: Heatran|Stealth Rock|p2a: Roughing It
|-sidestart|p2: Pressured|move: Stealth Rock
|
|-weather|Sandstorm|[upkeep]
|turn|6
|
|switch|p1a: Hippowdon|Hippowdon, M|390\/419
|move|p2a: Roughing It|Earthquake|p1a: Hippowdon
|-damage|p1a: Hippowdon|281\/419
|
|-weather|none
|-heal|p1a: Hippowdon|307\/419|[from] item: Leftovers
|turn|7
|
|move|p2a: Roughing It|Stealth Rock|p1a: Hippowdon
|-sidestart|p1: shartruce2|move: Stealth Rock
|move|p1a: Hippowdon|Slack Off|p1a: Hippowdon
|-heal|p1a: Hippowdon|419\/419
|
|turn|8
|
|move|p2a: Roughing It|Swords Dance|p2a: Roughing It
|-boost|p2a: Roughing It|atk|2
|move|p1a: Hippowdon|Roar|p2a: Roughing It
|drag|p2a: Son of a Bish|Bisharp, M|244\/271
|-damage|p2a: Son of a Bish|228\/271|[from] Stealth Rock
|
|turn|9
|
|switch|p2a: Zeus|Thundurus, M|299\/299
|-damage|p2a: Zeus|225\/299|[from] Stealth Rock
|move|p1a: Hippowdon|Earthquake|p2a: Zeus
|-immune|p2a: Zeus|[msg]
|
|turn|10
|
|switch|p1a: Heatran|Heatran, F|183\/386
|-damage|p1a: Heatran|135\/386|[from] Stealth Rock
|move|p2a: Zeus|Hidden Power|p1a: Heatran
|-resisted|p1a: Heatran
|-damage|p1a: Heatran|114\/386
|-damage|p2a: Zeus|196\/299|[from] item: Life Orb
|
|turn|11
|
|move|p2a: Zeus|Focus Blast|p1a: Heatran|[miss]
|-miss|p2a: Zeus|p1a: Heatran
|move|p1a: Heatran|Lava Plume|p2a: Zeus
|-damage|p2a: Zeus|64\/299
|
|turn|12
|
|move|p2a: Zeus|Focus Blast|p1a: Heatran
|-supereffective|p1a: Heatran
|-damage|p1a: Heatran|0 fnt
|-damage|p2a: Zeus|35\/299|[from] item: Life Orb
|faint|p1a: Heatran
|
|
|switch|p1a: Diggersby|Diggersby, M|312\/312
|-damage|p1a: Diggersby|293\/312|[from] Stealth Rock
|turn|13
|
|switch|p2a: Roughing It|Garchomp, F|357\/357
|-damage|p2a: Roughing It|335\/357|[from] Stealth Rock
|move|p1a: Diggersby|Quick Attack|p2a: Roughing It
|-damage|p2a: Roughing It|209\/357
|-damage|p1a: Diggersby|254\/312|[from] ability: Rough Skin|[of] p2a: Roughing It
|-damage|p1a: Diggersby|202\/312|[from] item: Rocky Helmet|[of] p2a: Roughing It
|-damage|p1a: Diggersby|171\/312|[from] item: Life Orb
|
|turn|14
|
|move|p1a: Diggersby|Quick Attack|p2a: Roughing It
|-damage|p2a: Roughing It|73\/357
|-damage|p1a: Diggersby|132\/312|[from] ability: Rough Skin|[of] p2a: Roughing It
|-damage|p1a: Diggersby|80\/312|[from] item: Rocky Helmet|[of] p2a: Roughing It
|-damage|p1a: Diggersby|49\/312|[from] item: Life Orb
|move|p2a: Roughing It|Earthquake|p1a: Diggersby
|-crit|p1a: Diggersby
|-damage|p1a: Diggersby|0 fnt
|faint|p1a: Diggersby
|
|
|switch|p1a: Lopunny|Lopunny-Mega, F|272\/272
|-damage|p1a: Lopunny|255\/272|[from] Stealth Rock
|turn|15
|
|move|p1a: Lopunny|Return|p2a: Roughing It
|-damage|p2a: Roughing It|0 fnt
|-damage|p1a: Lopunny|221\/272|[from] ability: Rough Skin|[of] p2a: Roughing It
|-damage|p1a: Lopunny|176\/272|[from] item: Rocky Helmet|[of] p2a: Roughing It
|faint|p2a: Roughing It
|
|
|switch|p2a: Dogs Out|Landorus-Therian, M|271\/325
|-damage|p2a: Dogs Out|231\/325|[from] Stealth Rock
|-ability|p2a: Dogs Out|Intimidate|[of] p1a: Lopunny
|-unboost|p1a: Lopunny|atk|1
|turn|16
|
|switch|p1a: Hippowdon|Hippowdon, M|419\/419
|-damage|p1a: Hippowdon|393\/419|[from] Stealth Rock
|-weather|Sandstorm
|move|p2a: Dogs Out|U-turn|p1a: Hippowdon
|-damage|p1a: Hippowdon|333\/419
|
|switch|p2a: Azula|Azumarill, M|329\/350
|-damage|p2a: Azula|286\/350|[from] Stealth Rock
|
|-weather|Sandstorm|[upkeep]
|-damage|p2a: Azula|265\/350|[from] sandstorm
|-heal|p1a: Hippowdon|359\/419|[from] item: Leftovers
|turn|17
|
|switch|p1a: Celebi|Celebi|404\/404
|-damage|p1a: Celebi|354\/404|[from] Stealth Rock
|move|p2a: Azula|Play Rough|p1a: Celebi
|-damage|p1a: Celebi|131\/404
|
|-weather|Sandstorm|[upkeep]
|-damage|p1a: Celebi|106\/404|[from] sandstorm
|-damage|p2a: Azula|244\/350|[from] sandstorm
|-heal|p1a: Celebi|131\/404|[from] item: Leftovers
|turn|18
|
|switch|p2a: Son of a Bish|Bisharp, M|228\/271
|-damage|p2a: Son of a Bish|212\/271|[from] Stealth Rock
|move|p1a: Celebi|Recover|p1a: Celebi
|-heal|p1a: Celebi|333\/404
|
|-weather|Sandstorm|[upkeep]
|-damage|p1a: Celebi|308\/404|[from] sandstorm
|-heal|p1a: Celebi|333\/404|[from] item: Leftovers
|turn|19
|join|craing
|
|move|p1a: Celebi|Baton Pass|p1a: Celebi
|
|switch|p1a: Hippowdon|Hippowdon, M|359\/419
|-damage|p1a: Hippowdon|333\/419|[from] Stealth Rock
|move|p2a: Son of a Bish|Swords Dance|p2a: Son of a Bish
|-boost|p2a: Son of a Bish|atk|2
|
|-weather|Sandstorm|[upkeep]
|-heal|p1a: Hippowdon|359\/419|[from] item: Leftovers
|turn|20
|
|move|p2a: Son of a Bish|Knock Off|p1a: Hippowdon
|-damage|p1a: Hippowdon|65\/419
|-enditem|p1a: Hippowdon|Leftovers|[from] move: Knock Off|[of] p2a: Son of a Bish
|-damage|p2a: Son of a Bish|185\/271|[from] item: Life Orb
|move|p1a: Hippowdon|Earthquake|p2a: Son of a Bish
|-supereffective|p2a: Son of a Bish
|-damage|p2a: Son of a Bish|0 fnt
|faint|p2a: Son of a Bish
|
|-weather|none
|
|switch|p2a: Look at me now|Metagross, shiny|301\/301
|-damage|p2a: Look at me now|283\/301|[from] Stealth Rock
|turn|21
|
|detailschange|p2a: Look at me now|Metagross-Mega, shiny
|-mega|p2a: Look at me now|Metagross|Metagrossite
|move|p2a: Look at me now|Ice Punch|p1a: Hippowdon
|-supereffective|p1a: Hippowdon
|-damage|p1a: Hippowdon|0 fnt
|faint|p1a: Hippowdon
|
|join|TheEndVGC
|
|switch|p1a: Lopunny|Lopunny-Mega, F|176\/272
|-damage|p1a: Lopunny|159\/272|[from] Stealth Rock
|turn|22
|
|switch|p2a: Zeus|Thundurus, M|35\/299
|-damage|p2a: Zeus|0 fnt|[from] Stealth Rock
|faint|p2a: Zeus
|move|p1a: Lopunny|Fake Out|p2: Zeus|[notarget]
|-notarget
|
|
|switch|p2a: Dogs Out|Landorus-Therian, M|231\/325
|-damage|p2a: Dogs Out|191\/325|[from] Stealth Rock
|-ability|p2a: Dogs Out|Intimidate|[of] p1a: Lopunny
|-unboost|p1a: Lopunny|atk|1
|turn|23
|leave|TheEndVGC
|join|Semenspire
|join|who made that list
|c| who made that list|who made it
|c|âshartruce2|lol
|c|âshartruce2|who r u
|c| who made that list|who made it
|leave|who made that list
|join|that list lol
|leave|that list lol
|
|move|p2a: Dogs Out|Explosion|p1a: Lopunny
|-damage|p1a: Lopunny|0 fnt
|faint|p2a: Dogs Out
|faint|p1a: Lopunny
|
|join|Breeloom
|
|switch|p2a: Look at me now|Metagross-Mega, shiny|283\/301
|switch|p1a: Azumarill|Azumarill, M|403\/403
|-damage|p2a: Look at me now|265\/301|[from] Stealth Rock
|-damage|p1a: Azumarill|353\/403|[from] Stealth Rock
|turn|24
|
|switch|p2a: Azula|Azumarill, M|244\/350
|-damage|p2a: Azula|201\/350|[from] Stealth Rock
|move|p1a: Azumarill|Knock Off|p2a: Azula
|-resisted|p2a: Azula
|-damage|p2a: Azula|130\/350
|-enditem|p2a: Azula|Choice Band|[from] move: Knock Off|[of] p1a: Azumarill
|
|turn|25
|
|move|p2a: Azula|Aqua Jet|p1a: Azumarill
|-resisted|p1a: Azumarill
|-damage|p1a: Azumarill|302\/403
|move|p1a: Azumarill|Play Rough|p2a: Azula
|-damage|p2a: Azula|0 fnt
|faint|p2a: Azula
|
|join|asdfCookie
|
|switch|p2a: Look at me now|Metagross-Mega, shiny|265\/301
|-damage|p2a: Look at me now|247\/301|[from] Stealth Rock
|turn|26
|
|move|p2a: Look at me now|Meteor Mash|p1a: Azumarill
|-damage|p1a: Azumarill|46\/403
|move|p1a: Azumarill|Knock Off|p2a: Look at me now
|-supereffective|p2a: Look at me now
|-damage|p2a: Look at me now|117\/301
|
|turn|27
|leave|Breeloom
|c|âPressured|was that min?
|c|âshartruce2|the mmash
|c|âshartruce2|uh
|
|move|p1a: Azumarill|Aqua Jet|p2a: Look at me now
|-damage|p2a: Look at me now|56\/301
|move|p2a: Look at me now|Ice Punch|p1a: Azumarill
|-resisted|p1a: Azumarill
|-damage|p1a: Azumarill|0 fnt
|faint|p1a: Azumarill
|
|c|âshartruce2|idk
|
|switch|p1a: Celebi|Celebi|333\/404
|-damage|p1a: Celebi|283\/404|[from] Stealth Rock
|turn|28
|c|âPressured|252 Atk Tough Claws Mega Metagross Meteor Mash vs. 240 HP \/ 0 Def Azumarill: 256-303 (63.8 - 75.5%) -- guaranteed 2HKO
|c|âshartruce2|yea
|c|âshartruce2|sorry
|c|âPressured|just a game
|c|âPressured|did you leave?
|
|move|p2a: Look at me now|Ice Punch|p1a: Celebi
|-supereffective|p1a: Celebi
|-damage|p1a: Celebi|95\/404
|-status|p1a: Celebi|frz
|cant|p1a: Celebi|frz
|
|-heal|p1a: Celebi|120\/404 frz|[from] item: Leftovers
|turn|29
|c|âPressured|oh sorry
|c|âshartruce2|ah
|c|âshartruce2|oh well
|c| Semenspire|lol
|c|âshartruce2|couldnt ko anyways so more in ur favor
|c| craing|;_;7
|c|âshartruce2|gg
|
|move|p2a: Look at me now|Ice Punch|p1a: Celebi
|-supereffective|p1a: Celebi
|-damage|p1a: Celebi|0 fnt
|faint|p1a: Celebi
|
|win|Pressured
|leave|craing
|leave|asdfCookie
|leave|Semenspire
|c|âPressured|gg