|join|shartruce2
|join|MoB Barley
|join|Mistaken
|join|Closer 2 the sun
|join|Qubae
|join|Vrin
|join|Nog
|player|p1|shartruce2|43
|player|p2|MoB Barley|161
|gametype|singles
|gen|6
|tier|OU
|clearpoke
|poke|p1|Sableye, M
|poke|p1|Skarmory, F
|poke|p1|Hippowdon, F
|poke|p1|Clefable, M
|poke|p1|Gyarados, F
|poke|p1|Jirachi
|poke|p2|Diancie, shiny
|poke|p2|Hydreigon, M, shiny
|poke|p2|Magnezone
|poke|p2|Jirachi, shiny
|poke|p2|Zapdos
|poke|p2|Azumarill, M
|rule|Swagger Clause: Swagger is banned
|rule|Baton Pass Clause: Limit one PokÃ©mon knowing Baton Pass
|rule|Sleep Clause Mod: Limit one foe put to sleep
|rule|Species Clause: Limit one of each PokÃ©mon
|rule|OHKO Clause: OHKO moves are banned
|rule|Moody Clause: Moody is banned
|rule|Evasion Moves Clause: Evasion moves are banned
|rule|Endless Battle Clause: Forcing endless battles is banned
|rule|HP Percentage Mod: HP is shown in percentages
|teampreview
|join|misc all day
|join|Kawl
|join|ollopa
|join|celery27
|join|Draeden
|join|teriatzy
|c| Closer 2 the sun|ew
|c| Mistaken|good battle
|c|+Nog|LEGGO JOSHIE
|c| Draeden|^
|c| Closer 2 the sun|ew
|c| misc all day|no mega aggron no care
|join|MikeDawg
|join|asdfCookie
|join|G00NY
|join|Obey Natsu
|join|REDxLOTUS
|leave|celery27
|join|Reverend
|leave|MikeDawg
|join|A Loaf of Bread
|join|Robert Schmurda
|leave|Reverend
|c|+Nog|such plays
|c|+Nog|many moves
|c|+Nog|wow
|join|Supah Glitch
|c| Supah Glitch|My vote
|join|hi im hunter
|c| Supah Glitch|for Mob Barley
|c| Supah Glitch|<3
|join|BigBoyCupcakes
|join|Tng
|c| Supah Glitch|Shiny Swag
|c|+Nog|joooooooooooooooooooo
|c| Tng|wazguuch noggy nog
|c| Tng|i thought this was you playin
|c| Tng|mobdreigon will suffice
|c| Draeden|lol
|c|+Nog|l
|c|+Nog|lol*
|c| Tng|o that nigga brought a hydra
|c| Tng|fuckin rofl
|c|âMoB Barley|HUE HUE
|c| misc all day|\/\/rank tng
|c| Tng|na im rooting for you mob fuck anyone who uses mega sable
|c| Tng|iz broken piece of turd
|
|start
|switch|p1a: Hippowdon|Hippowdon, F|419\/419
|switch|p2a: Angel|Diancie, shiny|241\/241
|-weather|Sandstorm
|turn|1
|c| Draeden|I can't root for anyone
|c| Draeden|Both are frens
|c| Draeden|:\/
|c| misc all day|rootin for hydra
|c| Tng|shartruce is friend o ya
|c| Tng|but gaysable
|join|shadowthorn
|c| Tng|>
|c| asdfCookie|y is diancie frozen for me
|c| Draeden|I got that with an Audino earlier
|leave|Tng
|c| Draeden|It was weird as shit
|c| Supah Glitch|he's gotta gaybleye
|join|Alkov
|c| Vrin|its saving its energy for prot-i mean attacking
|c| Supah Glitch|you best be careful
|
|detailschange|p2a: Angel|Diancie-Mega, shiny
|-mega|p2a: Angel|Diancie|Diancite
|move|p2a: Angel|Protect|p2a: Angel
|-singleturn|p2a: Angel|Protect
|move|p1a: Hippowdon|Stealth Rock|p2a: Angel
|move|p2a: Angel|Stealth Rock|p1a: Hippowdon|[from]Magic Bounce
|-sidestart|p1: shartruce2|move: Stealth Rock
|
|-weather|Sandstorm|[upkeep]
|turn|2
|leave|Mistaken
|join|Johnny Tots
|c| Vrin|what the play
|c| REDxLOTUS|well then
|c| REDxLOTUS|time to leave
|c| Vrin|toxic now
|
|switch|p2a: Iluminatti|Hydreigon, M, shiny|325\/325
|move|p1a: Hippowdon|Stealth Rock|p2a: Iluminatti
|-sidestart|p2: MoB Barley|move: Stealth Rock
|
|-weather|Sandstorm|[upkeep]
|-damage|p2a: Iluminatti|305\/325|[from] sandstorm
|turn|3
|c| Vrin|then whirlwind
|c| Vrin|:(
|c|âshartruce2|i forgot ppl use protect diancie :[
|c| Supah Glitch|whirlwing
|c| Supah Glitch|*whirlwind
|
|switch|p1a: Clefable|Clefable, M|394\/394
|-damage|p1a: Clefable|345\/394|[from] Stealth Rock
|move|p2a: Iluminatti|Dark Pulse|p1a: Clefable
|-resisted|p1a: Clefable
|-damage|p1a: Clefable|237\/394
|-damage|p2a: Iluminatti|273\/325|[from] item: Life Orb
|
|-weather|Sandstorm|[upkeep]
|-damage|p2a: Iluminatti|253\/325|[from] sandstorm
|-damage|p1a: Clefable|213\/394|[from] sandstorm
|-heal|p1a: Clefable|237\/394|[from] item: Leftovers
|turn|4
|c| REDxLOTUS|stronk
|
|move|p2a: Iluminatti|Flash Cannon|p1a: Clefable
|-supereffective|p1a: Clefable
|-damage|p1a: Clefable|0 fnt
|-damage|p2a: Iluminatti|221\/325|[from] item: Life Orb
|faint|p1a: Clefable
|
|-weather|Sandstorm|[upkeep]
|-damage|p2a: Iluminatti|201\/325|[from] sandstorm
|c| Supah Glitch|ded
|c| REDxLOTUS|i like that hippo wears his stall team down xD
|
|switch|p1a: Gyarados|Gyarados, F|393\/393
|-damage|p1a: Gyarados|295\/393|[from] Stealth Rock
|-ability|p1a: Gyarados|Intimidate|[of] p2a: Iluminatti
|-unboost|p2a: Iluminatti|atk|1
|turn|5
|c| G00NY|CM M Diancie would sweep from here tbh
|
|move|p2a: Iluminatti|Draco Meteor|p1a: Gyarados
|-crit|p1a: Gyarados
|-damage|p1a: Gyarados|0 fnt
|-unboost|p2a: Iluminatti|spa|2
|-damage|p2a: Iluminatti|169\/325|[from] item: Life Orb
|faint|p1a: Gyarados
|
|-weather|none
|c|âshartruce2|o
|c| REDxLOTUS|Watch MoB switch to stall when it comes to finals
|c|âshartruce2|rip
|c| REDxLOTUS|:o
|
|switch|p1a: Jirachi|Jirachi|404\/404
|-damage|p1a: Jirachi|379\/404|[from] Stealth Rock
|turn|6
|c| G00NY|He plays this same team like every tourney
|join|Bluwing
|
|switch|p2a: Magneto|Magnezone|281\/281
|-damage|p2a: Magneto|264\/281|[from] Stealth Rock
|move|p1a: Jirachi|U-turn|p2a: Magneto
|-resisted|p2a: Magneto
|-damage|p2a: Magneto|239\/281
|c|âshartruce2|knew i shouldve used
|c|âshartruce2|triple bunny
|c|âshartruce2|:[
|c| G00NY|3b is so weird
|
|switch|p1a: Hippowdon|Hippowdon, F|419\/419
|-damage|p1a: Hippowdon|393\/419|[from] Stealth Rock
|-weather|Sandstorm
|
|-weather|Sandstorm|[upkeep]
|-heal|p1a: Hippowdon|419\/419|[from] item: Leftovers
|turn|7
|c| REDxLOTUS|I still want healing wish gone
|
|switch|p2a: Zaptwo|Zapdos|383\/383
|-damage|p2a: Zaptwo|288\/383|[from] Stealth Rock
|-ability|p2a: Zaptwo|Pressure
|move|p1a: Hippowdon|Stone Edge|p2a: Zaptwo
|-supereffective|p2a: Zaptwo
|-damage|p2a: Zaptwo|136\/383
|
|-weather|Sandstorm|[upkeep]
|-damage|p2a: Zaptwo|113\/383|[from] sandstorm
|-heal|p2a: Zaptwo|136\/383|[from] item: Leftovers
|turn|8
|join|Lick my butthole
|leave|Lick my butthole
|join|Peanut Buttah
|
|move|p2a: Zaptwo|Heat Wave|p1a: Hippowdon
|-damage|p1a: Hippowdon|300\/419
|move|p1a: Hippowdon|Earthquake|p2a: Zaptwo
|-immune|p2a: Zaptwo|[msg]
|
|-weather|Sandstorm|[upkeep]
|-damage|p2a: Zaptwo|113\/383|[from] sandstorm
|-heal|p2a: Zaptwo|136\/383|[from] item: Leftovers
|-heal|p1a: Hippowdon|326\/419|[from] item: Leftovers
|turn|9
|join|IN AGONIZING PAIN
|join|Demandred
|
|move|p2a: Zaptwo|Roost|p2a: Zaptwo
|-heal|p2a: Zaptwo|328\/383
|move|p1a: Hippowdon|Stone Edge|p2a: Zaptwo
|-damage|p2a: Zaptwo|256\/383
|
|-weather|Sandstorm|[upkeep]
|-damage|p2a: Zaptwo|233\/383|[from] sandstorm
|-heal|p2a: Zaptwo|256\/383|[from] item: Leftovers
|-heal|p1a: Hippowdon|352\/419|[from] item: Leftovers
|turn|10
|c| Vrin|the plays
|
|move|p2a: Zaptwo|Heat Wave|p1a: Hippowdon
|-miss|p2a: Zaptwo|p1a: Hippowdon
|move|p1a: Hippowdon|Stone Edge|p2a: Zaptwo
|-crit|p2a: Zaptwo
|-supereffective|p2a: Zaptwo
|-damage|p2a: Zaptwo|22\/383
|
|-weather|none
|-heal|p2a: Zaptwo|45\/383|[from] item: Leftovers
|-heal|p1a: Hippowdon|378\/419|[from] item: Leftovers
|turn|11
|join|dec19finaletears
|c| hi im hunter|dear god
|
|move|p2a: Zaptwo|Heat Wave|p1a: Hippowdon
|-damage|p1a: Hippowdon|250\/419
|move|p1a: Hippowdon|Earthquake|p2a: Zaptwo
|-immune|p2a: Zaptwo|[msg]
|
|-heal|p2a: Zaptwo|68\/383|[from] item: Leftovers
|-heal|p1a: Hippowdon|276\/419|[from] item: Leftovers
|turn|12
|c| Vrin|of all the times for sandstorm to expire, that was most convinient
|c| Bluwing|i knew it
|c| Vrin|god damn mob winning all hte 50\/50s
|
|move|p2a: Zaptwo|Heat Wave|p1a: Hippowdon
|-damage|p1a: Hippowdon|166\/419
|move|p1a: Hippowdon|Earthquake|p2a: Zaptwo
|-immune|p2a: Zaptwo|[msg]
|
|-heal|p2a: Zaptwo|91\/383|[from] item: Leftovers
|-heal|p1a: Hippowdon|192\/419|[from] item: Leftovers
|turn|13
|c| REDxLOTUS|outplaying
|join|JustB1az3
|c| Vrin|mob 2gud
|c| REDxLOTUS|he couldnt fit hp ice on his zapdos tho
|c| Bluwing|hes stone edging now
|c|+Nog|eq now
|c|+Nog|he will roost
|
|move|p2a: Zaptwo|Heat Wave|p1a: Hippowdon
|-damage|p1a: Hippowdon|79\/419
|move|p1a: Hippowdon|Earthquake|p2a: Zaptwo
|-immune|p2a: Zaptwo|[msg]
|
|-heal|p2a: Zaptwo|114\/383|[from] item: Leftovers
|-heal|p1a: Hippowdon|105\/419|[from] item: Leftovers
|turn|14
|c|+Nog|r0f
|c| Obey Natsu|lol
|c|âshartruce2|thx nog
|c|+Nog|mob ur a fag
|c| Johnny Tots|haha rekt
|c|âMoB Barley|he has one more stone
|c| Bluwing|stone edge
|c|âMoB Barley|rather bring in hydra
|c| Johnny Tots|stoney brook
|c|âMoB Barley|remove something next turn
|c| REDxLOTUS|Why listening to other people its your match.
|c| Bluwing|:{
|c|+Nog|USE EQ UNTIL MOB QUITS!
|join|Its.So.Small
|c| Bluwing|hippo is dead now lol
|join|Reverend
|c| REDxLOTUS|Zapdos has no reason to roost at all.. and it hasnt
|
|switch|p1a: Sableye|Sableye, M|304\/304
|-damage|p1a: Sableye|266\/304|[from] Stealth Rock
|move|p2a: Zaptwo|Heat Wave|p1a: Sableye
|-miss|p2a: Zaptwo|p1a: Sableye
|
|-heal|p2a: Zaptwo|137\/383|[from] item: Leftovers
|turn|15
|c|+Nog|live with one hp
|c|+Nog|:
|c|+Nog|[]
|
|detailschange|p1a: Sableye|Sableye-Mega, M
|-mega|p1a: Sableye|Sableye|Sablenite
|move|p2a: Zaptwo|Roost|p2a: Zaptwo
|-heal|p2a: Zaptwo|329\/383
|move|p1a: Sableye|Knock Off|p2a: Zaptwo
|-damage|p2a: Zaptwo|244\/383
|-enditem|p2a: Zaptwo|Leftovers|[from] move: Knock Off|[of] p1a: Sableye
|
|turn|16
|c| REDxLOTUS|now free roost and diancie switch after
|join|azsdfhgh
|c| G00NY|Yeah he doesn't need Zap to win
|
|move|p2a: Zaptwo|Defog|p1a: Sableye
|move|p1a: Sableye|Defog|p2a: Zaptwo|[from]Magic Bounce
|-unboost|p2a: Zaptwo|evasion|1
|-sideend|p2: MoB Barley|Stealth Rock|[from] move: Defog|[of] p2a: Zaptwo
|-sideend|p1: shartruce2|Stealth Rock|[from] move: Defog|[of] p1a: Sableye
|move|p1a: Sableye|Knock Off|p2a: Zaptwo
|-damage|p2a: Zaptwo|184\/383
|
|turn|17
|join|AsherNoel
|c| G00NY|at this point Zap is just free damage
|c|+Nog|oh my
|c|+Nog|dat animation o.o
|
|switch|p2a: Angel|Diancie-Mega, shiny|241\/241
|switch|p1a: Hippowdon|Hippowdon, F|105\/419
|-weather|Sandstorm
|
|-weather|Sandstorm|[upkeep]
|-heal|p1a: Hippowdon|131\/419|[from] item: Leftovers
|turn|18
|c| REDxLOTUS|not a counter
|
|switch|p1a: Jirachi|Jirachi|379\/404
|move|p2a: Angel|Moonblast|p1a: Jirachi
|-crit|p1a: Jirachi
|-resisted|p1a: Jirachi
|-damage|p1a: Jirachi|263\/404
|
|-weather|Sandstorm|[upkeep]
|-heal|p1a: Jirachi|288\/404|[from] item: Leftovers
|turn|19
|c| G00NY|I always feel really stupid when my Defog gets bounced back for some reason
|c| Bluwing|why did u blast there ?_?
|c| REDxLOTUS|in comes zap to roost up and spam heat wave once again
|join|lil manaphy
|leave|Bluwing
|c|+Nog|hi mana
|
|switch|p2a: Starburst|Jirachi, shiny|404\/404
|move|p1a: Jirachi|Iron Head|p2a: Starburst
|-resisted|p2a: Starburst
|-damage|p2a: Starburst|359\/404
|
|-weather|Sandstorm|[upkeep]
|-heal|p1a: Jirachi|313\/404|[from] item: Leftovers
|-heal|p2a: Starburst|384\/404|[from] item: Leftovers
|turn|20
|c|âMoB Barley|idk if he's sp def hippo
|
|move|p1a: Jirachi|U-turn|p2a: Starburst
|-damage|p2a: Starburst|333\/404
|
|switch|p1a: Hippowdon|Hippowdon, F|131\/419
|move|p2a: Starburst|Wish|p2a: Starburst
|
|-weather|Sandstorm|[upkeep]
|-heal|p2a: Starburst|358\/404|[from] item: Leftovers
|-heal|p1a: Hippowdon|157\/419|[from] item: Leftovers
|turn|21
|
|move|p2a: Starburst|U-turn|p1a: Hippowdon
|-damage|p1a: Hippowdon|119\/419
|
|switch|p2a: Iluminatti|Hydreigon, M, shiny|169\/325
|move|p1a: Hippowdon|Stone Edge|p2a: Iluminatti
|-damage|p2a: Iluminatti|71\/325
|
|-weather|none
|-heal|p2a: Iluminatti|273\/325|[from] move: Wish|[wisher] Starburst
|-heal|p1a: Hippowdon|145\/419|[from] item: Leftovers
|turn|22
|c| REDxLOTUS|well then.
|c|âshartruce2|gg mob
|
|switch|p1a: Skarmory|Skarmory, F|334\/334
|move|p2a: Iluminatti|Dark Pulse|p1a: Skarmory
|-damage|p1a: Skarmory|64\/334
|-damage|p2a: Iluminatti|241\/325|[from] item: Life Orb
|
|turn|23
|c|âMoB Barley|gg
|leave|shartruce2
|player|p1
|c| Its.So.Small|...
|c| REDxLOTUS|in all honesty mob
|c| REDxLOTUS|healing wish latias opd right?
|c| REDxLOTUS|;P
|leave|teriatzy
|leave|Its.So.Small
|leave|JustB1az3
|leave|Nog
|leave|Johnny Tots
|leave|IN AGONIZING PAIN
|leave|Obey Natsu
|c| Vrin|roomvoice me imo
|leave|A Loaf of Bread
|leave|hi im hunter
|leave|Peanut Buttah
|leave|AsherNoel
|leave|Demandred
|leave|G00NY
|leave|azsdfhgh
|leave|Reverend
|leave|Draeden
|leave|lil manaphy
|leave|Vrin
|-message|Player 1 lost due to inactivity.
|
|win|MoB Barley