|inactive|Battle timer is ON: inactive players will automatically lose when time's up.
|join|shartruce2
|join|Alphonse Capone
|player|p1|shartruce2|43
|player|p2|Alphonse Capone|172
|gametype|singles
|gen|6
|tier|OU
|clearpoke
|poke|p1|Tyranitar, M
|poke|p1|Excadrill, M
|poke|p1|Doublade, F
|poke|p1|Amoonguss, F
|poke|p1|Gyarados, M
|poke|p1|Charizard, F
|poke|p2|Landorus, M
|poke|p2|Tyranitar, M
|poke|p2|Keldeo
|poke|p2|Latias, F
|poke|p2|Ferrothorn, M
|poke|p2|Excadrill, M
|rule|Swagger Clause: Swagger is banned
|rule|Baton Pass Clause: Limit one PokÃ©mon knowing Baton Pass
|rule|Sleep Clause Mod: Limit one foe put to sleep
|rule|Species Clause: Limit one of each PokÃ©mon
|rule|OHKO Clause: OHKO moves are banned
|rule|Moody Clause: Moody is banned
|rule|Evasion Moves Clause: Evasion moves are banned
|rule|Endless Battle Clause: Forcing endless battles is banned
|rule|HP Percentage Mod: HP is shown in percentages
|teampreview
|join|davidTheMaster
|leave|davidTheMaster
|
|start
|switch|p1a: Excadrill|Excadrill, M|362\/362
|switch|p2a: Keldeo|Keldeo|323\/323
|turn|1
|join|Logic
|
|switch|p1a: Amoonguss|Amoonguss, F|432\/432
|move|p2a: Keldeo|Scald|p1a: Amoonguss
|-resisted|p1a: Amoonguss
|-damage|p1a: Amoonguss|310\/432
|-status|p1a: Amoonguss|brn
|
|-heal|p1a: Amoonguss|337\/432 brn|[from] item: Black Sludge
|-damage|p1a: Amoonguss|283\/432 brn|[from] brn
|turn|2
|
|switch|p2a: Ferrothorn|Ferrothorn, M|352\/352
|move|p1a: Amoonguss|Spore|p2a: Ferrothorn
|-fail|p2a: Ferrothorn
|
|-heal|p1a: Amoonguss|310\/432 brn|[from] item: Black Sludge
|-damage|p1a: Amoonguss|256\/432 brn|[from] brn
|turn|3
|
|switch|p1a: Charizard|Charizard, F|359\/359
|move|p2a: Ferrothorn|Stealth Rock|p1a: Charizard
|-sidestart|p1: shartruce2|move: Stealth Rock
|
|turn|4
|
|switch|p2a: Latias|Latias, F|321\/321
|detailschange|p1a: Charizard|Charizard-Mega-X, F
|message|Charizard has Mega Evolved into Mega Charizard!
|move|p1a: Charizard|Will-O-Wisp|p2a: Latias
|-status|p2a: Latias|brn
|
|-damage|p2a: Latias|281\/321 brn|[from] brn
|turn|5
|
|switch|p2a: Landorus|Landorus, M|319\/319
|switch|p1a: Tyranitar|Tyranitar, M|404\/404
|-damage|p1a: Tyranitar|354\/404|[from] Stealth Rock
|-weather|Sandstorm
|
|-weather|Sandstorm|[upkeep]
|turn|6
|
|switch|p1a: Gyarados|Gyarados, M|394\/394
|-damage|p1a: Gyarados|296\/394|[from] Stealth Rock
|-ability|p1a: Gyarados|Intimidate|[of] p2a: Landorus
|-unboost|p2a: Landorus|atk|1
|move|p2a: Landorus|Focus Blast|p1a: Gyarados|[miss]
|-miss|p2a: Landorus|p1a: Gyarados
|
|-weather|Sandstorm|[upkeep]
|-damage|p1a: Gyarados|272\/394|[from] sandstorm
|-heal|p1a: Gyarados|296\/394|[from] item: Leftovers
|turn|7
|leave|Alphonse Capone
|player|p2
|join|Alphonse Capone
|player|p2|Alphonse Capone|172
|
|switch|p2a: Ferrothorn|Ferrothorn, M|352\/352
|switch|p1a: Doublade|Doublade, F|322\/322
|-damage|p1a: Doublade|302\/322|[from] Stealth Rock
|
|-weather|Sandstorm|[upkeep]
|turn|8
|
|switch|p1a: Charizard|Charizard-Mega-X, F|359\/359
|-damage|p1a: Charizard|270\/359|[from] Stealth Rock
|move|p2a: Ferrothorn|Leech Seed|p1a: Charizard
|-start|p1a: Charizard|move: Leech Seed
|
|-weather|Sandstorm|[upkeep]
|-damage|p1a: Charizard|248\/359|[from] sandstorm
|-damage|p1a: Charizard|204\/359|[from] Leech Seed|[of] p2a: Ferrothorn
|turn|9
|
|switch|p2a: Keldeo|Keldeo|323\/323
|move|p1a: Charizard|Dragon Claw|p2a: Keldeo
|-damage|p2a: Keldeo|151\/323
|
|-weather|Sandstorm|[upkeep]
|-damage|p2a: Keldeo|131\/323|[from] sandstorm
|-damage|p1a: Charizard|182\/359|[from] sandstorm
|-damage|p1a: Charizard|138\/359|[from] Leech Seed|[of] p2a: Keldeo
|-heal|p2a: Keldeo|175\/323|[silent]
|turn|10
|
|switch|p1a: Amoonguss|Amoonguss, F|400\/432 brn
|-damage|p1a: Amoonguss|346\/432 brn|[from] Stealth Rock
|move|p2a: Keldeo|Scald|p1a: Amoonguss
|-resisted|p1a: Amoonguss
|-damage|p1a: Amoonguss|226\/432 brn
|
|-weather|Sandstorm|[upkeep]
|-damage|p2a: Keldeo|155\/323|[from] sandstorm
|-damage|p1a: Amoonguss|199\/432 brn|[from] sandstorm
|-heal|p1a: Amoonguss|226\/432 brn|[from] item: Black Sludge
|-damage|p1a: Amoonguss|172\/432 brn|[from] brn
|turn|11
|
|switch|p2a: Ferrothorn|Ferrothorn, M|352\/352
|switch|p1a: Doublade|Doublade, F|302\/322
|-damage|p1a: Doublade|282\/322|[from] Stealth Rock
|
|-weather|Sandstorm|[upkeep]
|turn|12
|
|move|p1a: Doublade|Sacred Sword|p2a: Ferrothorn
|-supereffective|p2a: Ferrothorn
|-damage|p2a: Ferrothorn|244\/352
|-damage|p1a: Doublade|242\/322|[from] ability: Iron Barbs|[of] p2a: Ferrothorn
|move|p2a: Ferrothorn|Leech Seed|p1a: Doublade
|-start|p1a: Doublade|move: Leech Seed
|
|-weather|none
|-heal|p2a: Ferrothorn|266\/352|[from] item: Leftovers
|-damage|p1a: Doublade|202\/322|[from] Leech Seed|[of] p2a: Ferrothorn
|-heal|p2a: Ferrothorn|306\/352|[silent]
|turn|13
|
|switch|p1a: Tyranitar|Tyranitar, M|354\/404
|-damage|p1a: Tyranitar|304\/404|[from] Stealth Rock
|-weather|Sandstorm
|move|p2a: Ferrothorn|Leech Seed|p1a: Tyranitar
|-start|p1a: Tyranitar|move: Leech Seed
|
|-weather|Sandstorm|[upkeep]
|-heal|p2a: Ferrothorn|328\/352|[from] item: Leftovers
|-damage|p1a: Tyranitar|254\/404|[from] Leech Seed|[of] p2a: Ferrothorn
|-heal|p2a: Ferrothorn|352\/352|[silent]
|turn|14
|
|switch|p2a: Keldeo|Keldeo|155\/323
|move|p1a: Tyranitar|Stealth Rock|p2a: Keldeo
|-sidestart|p2: Alphonse Capone|move: Stealth Rock
|
|-weather|Sandstorm|[upkeep]
|-damage|p2a: Keldeo|135\/323|[from] sandstorm
|-damage|p1a: Tyranitar|204\/404|[from] Leech Seed|[of] p2a: Keldeo
|-heal|p2a: Keldeo|185\/323|[silent]
|turn|15
|
|switch|p1a: Amoonguss|Amoonguss, F|316\/432 brn
|-damage|p1a: Amoonguss|262\/432 brn|[from] Stealth Rock
|move|p2a: Keldeo|Scald|p1a: Amoonguss
|-resisted|p1a: Amoonguss
|-damage|p1a: Amoonguss|127\/432 brn
|
|-weather|Sandstorm|[upkeep]
|-damage|p2a: Keldeo|165\/323|[from] sandstorm
|-damage|p1a: Amoonguss|100\/432 brn|[from] sandstorm
|-heal|p1a: Amoonguss|127\/432 brn|[from] item: Black Sludge
|-damage|p1a: Amoonguss|73\/432 brn|[from] brn
|turn|16
|
|move|p2a: Keldeo|Scald|p1a: Amoonguss
|-resisted|p1a: Amoonguss
|-damage|p1a: Amoonguss|0 fnt
|faint|p1a: Amoonguss
|
|-weather|Sandstorm|[upkeep]
|-damage|p2a: Keldeo|145\/323|[from] sandstorm
|
|switch|p1a: Excadrill|Excadrill, M|362\/362
|-damage|p1a: Excadrill|351\/362|[from] Stealth Rock
|turn|17
|
|switch|p2a: Ferrothorn|Ferrothorn, M|352\/352
|-damage|p2a: Ferrothorn|330\/352|[from] Stealth Rock
|move|p1a: Excadrill|Earthquake|p2a: Ferrothorn
|-damage|p2a: Ferrothorn|162\/352
|-damage|p1a: Excadrill|315\/362|[from] item: Life Orb
|
|-weather|Sandstorm|[upkeep]
|-heal|p2a: Ferrothorn|184\/352|[from] item: Leftovers
|turn|18
|
|move|p1a: Excadrill|Earthquake|p2a: Ferrothorn
|-crit|p2a: Ferrothorn
|-damage|p2a: Ferrothorn|0 fnt
|-damage|p1a: Excadrill|279\/362|[from] item: Life Orb
|faint|p2a: Ferrothorn
|
|-weather|Sandstorm|[upkeep]
|c|âshartruce2|ah
|c|âshartruce2|sorry
|
|switch|p2a: Landorus|Landorus, M|319\/319
|-damage|p2a: Landorus|280\/319|[from] Stealth Rock
|turn|19
|
|switch|p1a: Charizard|Charizard-Mega-X, F|138\/359
|-damage|p1a: Charizard|49\/359|[from] Stealth Rock
|move|p2a: Landorus|Earth Power|p1a: Charizard
|-supereffective|p1a: Charizard
|-damage|p1a: Charizard|0 fnt
|faint|p1a: Charizard
|
|-weather|Sandstorm|[upkeep]
|
|switch|p1a: Gyarados|Gyarados, M|296\/394
|-damage|p1a: Gyarados|198\/394|[from] Stealth Rock
|-ability|p1a: Gyarados|Intimidate|[of] p2a: Landorus
|-unboost|p2a: Landorus|atk|1
|turn|20
|
|move|p2a: Landorus|Focus Blast|p1a: Gyarados
|-resisted|p1a: Gyarados
|-damage|p1a: Gyarados|116\/394
|move|p1a: Gyarados|Rest|p1a: Gyarados
|-status|p1a: Gyarados|slp
|-heal|p1a: Gyarados|394\/394 slp|[silent]
|-status|p1a: Gyarados|slp|[from] move: Rest
|
|-weather|none
|turn|21
|
|move|p2a: Landorus|Psychic|p1a: Gyarados
|-damage|p1a: Gyarados|268\/394 slp
|cant|p1a: Gyarados|slp
|move|p1a: Gyarados|Sleep Talk|p1a: Gyarados
|move|p1a: Gyarados|Rest|p1a: Gyarados|[from]Sleep Talk
|-fail|p1a: Gyarados
|
|-heal|p1a: Gyarados|292\/394 slp|[from] item: Leftovers
|turn|22
|
|move|p2a: Landorus|Psychic|p1a: Gyarados
|-damage|p1a: Gyarados|171\/394 slp
|cant|p1a: Gyarados|slp
|move|p1a: Gyarados|Sleep Talk|p1a: Gyarados
|move|p1a: Gyarados|Roar|p2a: Landorus|[from]Sleep Talk
|drag|p2a: Excadrill|Excadrill, M|362\/362
|-damage|p2a: Excadrill|351\/362|[from] Stealth Rock
|-item|p2a: Excadrill|Air Balloon
|
|-heal|p1a: Gyarados|195\/394 slp|[from] item: Leftovers
|turn|23
|
|move|p2a: Excadrill|Rock Slide|p1a: Gyarados
|-supereffective|p1a: Gyarados
|-damage|p1a: Gyarados|0 fnt
|faint|p1a: Gyarados
|
|
|switch|p1a: Doublade|Doublade, F|202\/322
|-damage|p1a: Doublade|182\/322|[from] Stealth Rock
|turn|24
|
|switch|p2a: Latias|Latias, F|281\/321 brn
|-damage|p2a: Latias|241\/321 brn|[from] Stealth Rock
|move|p1a: Doublade|Sacred Sword|p2a: Latias
|-resisted|p2a: Latias
|-damage|p2a: Latias|197\/321 brn
|
|-damage|p2a: Latias|157\/321 brn|[from] brn
|turn|25
|
|move|p2a: Latias|Draco Meteor|p1a: Doublade
|-resisted|p1a: Doublade
|-damage|p1a: Doublade|85\/322
|-unboost|p2a: Latias|spa|2
|-damage|p2a: Latias|125\/321 brn|[from] item: Life Orb
|move|p1a: Doublade|Iron Head|p2a: Latias
|-damage|p2a: Latias|20\/321 brn
|
|-damage|p2a: Latias|0 fnt|[from] brn
|faint|p2a: Latias
|
|switch|p2a: Keldeo|Keldeo|145\/323
|-damage|p2a: Keldeo|125\/323|[from] Stealth Rock
|turn|26
|
|move|p2a: Keldeo|Scald|p1a: Doublade
|-damage|p1a: Doublade|0 fnt
|faint|p1a: Doublade
|
|
|switch|p1a: Tyranitar|Tyranitar, M|204\/404
|-damage|p1a: Tyranitar|154\/404|[from] Stealth Rock
|-weather|Sandstorm
|turn|27
|
|move|p2a: Keldeo|Scald|p1a: Tyranitar
|-supereffective|p1a: Tyranitar
|-damage|p1a: Tyranitar|0 fnt
|faint|p1a: Tyranitar
|
|-weather|Sandstorm|[upkeep]
|-damage|p2a: Keldeo|105\/323|[from] sandstorm
|
|switch|p1a: Excadrill|Excadrill, M|279\/362
|-damage|p1a: Excadrill|268\/362|[from] Stealth Rock
|turn|28
|
|move|p1a: Excadrill|Iron Head|p2a: Keldeo
|-resisted|p2a: Keldeo
|-damage|p2a: Keldeo|0 fnt
|-damage|p1a: Excadrill|232\/362|[from] item: Life Orb
|faint|p2a: Keldeo
|
|-weather|Sandstorm|[upkeep]
|
|switch|p2a: Landorus|Landorus, M|280\/319
|-damage|p2a: Landorus|241\/319|[from] Stealth Rock
|turn|29
|
|move|p1a: Excadrill|Iron Head|p2a: Landorus
|-crit|p2a: Landorus
|-damage|p2a: Landorus|0 fnt
|-damage|p1a: Excadrill|196\/362|[from] item: Life Orb
|faint|p2a: Landorus
|
|-weather|Sandstorm|[upkeep]
|
|switch|p2a: Excadrill|Excadrill, M|351\/362
|-damage|p2a: Excadrill|340\/362|[from] Stealth Rock
|-item|p2a: Excadrill|Air Balloon
|turn|30
|
|move|p1a: Excadrill|Iron Head|p2a: Excadrill
|-resisted|p2a: Excadrill
|-damage|p2a: Excadrill|180\/362
|-enditem|p2a: Excadrill|Air Balloon
|-damage|p1a: Excadrill|160\/362|[from] item: Life Orb
|move|p2a: Excadrill|Earthquake|p1a: Excadrill
|-supereffective|p1a: Excadrill
|-damage|p1a: Excadrill|0 fnt
|faint|p1a: Excadrill
|
|win|Alphonse Capone
|c|âshartruce2|gg
|leave|Alphonse Capone
|player|p2
|leave|shartruce2
|player|p1
|leave|Logic