|inactive|Battle timer is ON: inactive players will automatically lose when time's up.
|join|jira tour
|join|shartruce2
|player|p1|jira tour|101
|player|p2|shartruce2|43
|gametype|singles
|gen|6
|tier|OU
|clearpoke
|poke|p1|Tyranitar, F
|poke|p1|Landorus, M
|poke|p1|Keldeo
|poke|p1|Ferrothorn, F
|poke|p1|Medicham, F
|poke|p1|Rotom-Wash
|poke|p2|Politoed, F
|poke|p2|Kabutops, F
|poke|p2|Doublade, M
|poke|p2|Ferrothorn, M
|poke|p2|Latias, F
|poke|p2|Keldeo
|rule|Swagger Clause: Swagger is banned
|rule|Baton Pass Clause: Limit one PokÃ©mon knowing Baton Pass
|rule|Sleep Clause Mod: Limit one foe put to sleep
|rule|Species Clause: Limit one of each PokÃ©mon
|rule|OHKO Clause: OHKO moves are banned
|rule|Moody Clause: Moody is banned
|rule|Evasion Moves Clause: Evasion moves are banned
|rule|Endless Battle Clause: Forcing endless battles is banned
|rule|HP Percentage Mod: HP is shown in percentages
|teampreview
|join|yan sogeking
|join|Logic
|join|flcl
|leave|flcl
|join|McMeghan
|join|Terraquaza
|
|start
|switch|p1a: Rotom-Wash|Rotom-Wash|262\/262
|switch|p2a: Ferrothorn|Ferrothorn, M|352\/352
|turn|1
|leave|McMeghan
|
|move|p1a: Rotom-Wash|Volt Switch|p2a: Ferrothorn
|-resisted|p2a: Ferrothorn
|-damage|p2a: Ferrothorn|303\/352
|join|craing ;_;
|
|switch|p1a: Ferrothorn|Ferrothorn, F|352\/352
|move|p2a: Ferrothorn|Stealth Rock|p1a: Ferrothorn
|-sidestart|p1: jira tour|move: Stealth Rock
|
|-heal|p2a: Ferrothorn|325\/352|[from] item: Leftovers
|turn|2
|join|loooos jira!!
|
|switch|p2a: Doublade|Doublade, M|322\/322
|move|p1a: Ferrothorn|Stealth Rock|p2a: Doublade
|-sidestart|p2: shartruce2|move: Stealth Rock
|
|turn|3
|
|switch|p1a: Landorus|Landorus, M|319\/319
|-damage|p1a: Landorus|280\/319|[from] Stealth Rock
|move|p2a: Doublade|Sacred Sword|p1a: Landorus
|-resisted|p1a: Landorus
|-damage|p1a: Landorus|237\/319
|
|turn|4
|join|Moony
|leave|Moony
|
|switch|p1a: Tyranitar|Tyranitar, F|403\/403
|-damage|p1a: Tyranitar|353\/403|[from] Stealth Rock
|-weather|Sandstorm
|switch|p2a: Ferrothorn|Ferrothorn, M|325\/352
|-damage|p2a: Ferrothorn|303\/352|[from] Stealth Rock
|
|-weather|Sandstorm|[upkeep]
|-heal|p2a: Ferrothorn|325\/352|[from] item: Leftovers
|turn|5
|
|switch|p2a: Keldeo|Keldeo|323\/323
|-damage|p2a: Keldeo|303\/323|[from] Stealth Rock
|move|p1a: Tyranitar|Fire Blast|p2a: Keldeo
|-resisted|p2a: Keldeo
|-damage|p2a: Keldeo|258\/323
|
|-weather|Sandstorm|[upkeep]
|-damage|p2a: Keldeo|238\/323|[from] sandstorm
|turn|6
|
|switch|p1a: Rotom-Wash|Rotom-Wash|262\/262
|-damage|p1a: Rotom-Wash|230\/262|[from] Stealth Rock
|move|p2a: Keldeo|Secret Sword|p1a: Rotom-Wash
|-damage|p1a: Rotom-Wash|5\/262
|
|-weather|Sandstorm|[upkeep]
|-damage|p1a: Rotom-Wash|0 fnt|[from] sandstorm
|-damage|p2a: Keldeo|218\/323|[from] sandstorm
|faint|p1a: Rotom-Wash
|
|switch|p1a: Medicham|Medicham, F|261\/261
|-damage|p1a: Medicham|245\/261|[from] Stealth Rock
|turn|7
|
|switch|p2a: Doublade|Doublade, M|322\/322
|-damage|p2a: Doublade|302\/322|[from] Stealth Rock
|switch|p1a: Landorus|Landorus, M|237\/319
|-damage|p1a: Landorus|198\/319|[from] Stealth Rock
|
|-weather|Sandstorm|[upkeep]
|turn|8
|
|switch|p2a: Ferrothorn|Ferrothorn, M|325\/352
|-damage|p2a: Ferrothorn|303\/352|[from] Stealth Rock
|move|p1a: Landorus|Earth Power|p2a: Ferrothorn
|-damage|p2a: Ferrothorn|95\/352
|
|-weather|none
|-heal|p2a: Ferrothorn|117\/352|[from] item: Leftovers
|turn|9
|
|move|p1a: Landorus|Earth Power|p2a: Ferrothorn
|-damage|p2a: Ferrothorn|0 fnt
|faint|p2a: Ferrothorn
|
|
|switch|p2a: Keldeo|Keldeo|218\/323
|-damage|p2a: Keldeo|198\/323|[from] Stealth Rock
|turn|10
|
|move|p2a: Keldeo|Scald|p1a: Landorus
|-supereffective|p1a: Landorus
|-damage|p1a: Landorus|0 fnt
|faint|p1a: Landorus
|
|
|switch|p1a: Keldeo|Keldeo|323\/323
|-damage|p1a: Keldeo|303\/323|[from] Stealth Rock
|turn|11
|
|switch|p2a: Latias|Latias, F|364\/364
|-damage|p2a: Latias|319\/364|[from] Stealth Rock
|move|p1a: Keldeo|Hydro Pump|p2a: Latias
|-resisted|p2a: Latias
|-damage|p2a: Latias|199\/364
|
|-heal|p2a: Latias|221\/364|[from] item: Leftovers
|turn|12
|
|move|p2a: Latias|Roost|p2a: Latias
|-heal|p2a: Latias|364\/364
|move|p1a: Keldeo|Hydro Pump|p2a: Latias
|-resisted|p2a: Latias
|-damage|p2a: Latias|238\/364
|
|-heal|p2a: Latias|260\/364|[from] item: Leftovers
|turn|13
|
|switch|p1a: Tyranitar|Tyranitar, F|353\/403
|-damage|p1a: Tyranitar|303\/403|[from] Stealth Rock
|-weather|Sandstorm
|move|p2a: Latias|Dragon Pulse|p1a: Tyranitar
|-damage|p1a: Tyranitar|243\/403
|
|-weather|Sandstorm|[upkeep]
|-damage|p2a: Latias|238\/364|[from] sandstorm
|-heal|p2a: Latias|260\/364|[from] item: Leftovers
|turn|14
|
|move|p2a: Latias|Reflect Type|p1a: Tyranitar
|-start|p2a: Latias|typechange|Rock\/Dark|[from] move: Reflect Type|[of] p1a: Tyranitar
|move|p1a: Tyranitar|Pursuit|p2a: Latias
|-resisted|p2a: Latias
|-damage|p2a: Latias|222\/364
|
|-weather|Sandstorm|[upkeep]
|-heal|p2a: Latias|244\/364|[from] item: Leftovers
|turn|15
|
|switch|p1a: Ferrothorn|Ferrothorn, F|352\/352
|-damage|p1a: Ferrothorn|330\/352|[from] Stealth Rock
|move|p2a: Latias|Dragon Pulse|p1a: Ferrothorn
|-crit|p1a: Ferrothorn
|-resisted|p1a: Ferrothorn
|-damage|p1a: Ferrothorn|289\/352
|
|-weather|Sandstorm|[upkeep]
|-heal|p2a: Latias|266\/364|[from] item: Leftovers
|-heal|p1a: Ferrothorn|311\/352|[from] item: Leftovers
|turn|16
|
|move|p2a: Latias|Reflect Type|p1a: Ferrothorn
|-start|p2a: Latias|typechange|Grass\/Steel|[from] move: Reflect Type|[of] p1a: Ferrothorn
|move|p1a: Ferrothorn|Leech Seed|p2a: Latias
|-immune|p2a: Latias|[msg]
|
|-weather|Sandstorm|[upkeep]
|-heal|p2a: Latias|288\/364|[from] item: Leftovers
|-heal|p1a: Ferrothorn|333\/352|[from] item: Leftovers
|turn|17
|
|switch|p1a: Tyranitar|Tyranitar, F|243\/403
|-damage|p1a: Tyranitar|193\/403|[from] Stealth Rock
|move|p2a: Latias|Dragon Pulse|p1a: Tyranitar
|-damage|p1a: Tyranitar|151\/403
|
|-weather|none
|-heal|p2a: Latias|310\/364|[from] item: Leftovers
|turn|18
|join|The DragonKnight
|
|switch|p1a: Keldeo|Keldeo|303\/323
|-damage|p1a: Keldeo|283\/323|[from] Stealth Rock
|move|p2a: Latias|Reflect Type|p1a: Keldeo
|-start|p2a: Latias|typechange|Water\/Fighting|[from] move: Reflect Type|[of] p1a: Keldeo
|
|-heal|p2a: Latias|332\/364|[from] item: Leftovers
|turn|19
|
|switch|p2a: Politoed|Politoed, F|384\/384
|-damage|p2a: Politoed|336\/384|[from] Stealth Rock
|-weather|RainDance
|move|p1a: Keldeo|Hidden Power|p2a: Politoed
|-crit|p2a: Politoed
|-supereffective|p2a: Politoed
|-damage|p2a: Politoed|14\/384
|
|-weather|RainDance|[upkeep]
|turn|20
|
|switch|p2a: Latias|Latias, F|332\/364
|-damage|p2a: Latias|287\/364|[from] Stealth Rock
|move|p1a: Keldeo|Hidden Power|p2a: Latias
|-resisted|p2a: Latias
|-damage|p2a: Latias|247\/364
|
|-weather|RainDance|[upkeep]
|-heal|p2a: Latias|269\/364|[from] item: Leftovers
|turn|21
|
|switch|p1a: Ferrothorn|Ferrothorn, F|333\/352
|-damage|p1a: Ferrothorn|311\/352|[from] Stealth Rock
|move|p2a: Latias|Dragon Pulse|p1a: Ferrothorn
|-resisted|p1a: Ferrothorn
|-damage|p1a: Ferrothorn|270\/352
|
|-weather|RainDance|[upkeep]
|-heal|p2a: Latias|291\/364|[from] item: Leftovers
|-heal|p1a: Ferrothorn|292\/352|[from] item: Leftovers
|turn|22
|
|switch|p1a: Medicham|Medicham, F|245\/261
|-damage|p1a: Medicham|229\/261|[from] Stealth Rock
|move|p2a: Latias|Defog|p1a: Medicham
|-unboost|p1a: Medicham|evasion|1
|-sideend|p1: jira tour|Stealth Rock|[from] move: Defog|[of] p1a: Medicham
|-sideend|p2: shartruce2|Stealth Rock|[from] move: Defog|[of] p2a: Latias
|
|-weather|RainDance|[upkeep]
|-heal|p2a: Latias|313\/364|[from] item: Leftovers
|turn|23
|
|switch|p2a: Doublade|Doublade, M|302\/322
|switch|p1a: Tyranitar|Tyranitar, F|151\/403
|-weather|Sandstorm
|
|-weather|Sandstorm|[upkeep]
|turn|24
|
|move|p1a: Tyranitar|Crunch|p2a: Doublade
|-supereffective|p2a: Doublade
|-damage|p2a: Doublade|151\/322
|move|p2a: Doublade|Sacred Sword|p1a: Tyranitar
|-supereffective|p1a: Tyranitar
|-damage|p1a: Tyranitar|0 fnt
|faint|p1a: Tyranitar
|
|-weather|Sandstorm|[upkeep]
|
|switch|p1a: Keldeo|Keldeo|283\/323
|turn|25
|
|switch|p2a: Politoed|Politoed, F|14\/384
|-weather|RainDance
|move|p1a: Keldeo|Scald|p2a: Politoed
|-resisted|p2a: Politoed
|-damage|p2a: Politoed|0 fnt
|faint|p2a: Politoed
|
|-weather|RainDance|[upkeep]
|
|switch|p2a: Keldeo|Keldeo|198\/323
|turn|26
|
|move|p1a: Keldeo|Scald|p2a: Keldeo
|-resisted|p2a: Keldeo
|-damage|p2a: Keldeo|17\/323
|move|p2a: Keldeo|Secret Sword|p1a: Keldeo
|-damage|p1a: Keldeo|43\/323
|
|-weather|RainDance|[upkeep]
|turn|27
|
|switch|p2a: Latias|Latias, F|313\/364
|move|p1a: Keldeo|Scald|p2a: Latias
|-resisted|p2a: Latias
|-damage|p2a: Latias|187\/364
|
|-weather|RainDance|[upkeep]
|-heal|p2a: Latias|209\/364|[from] item: Leftovers
|turn|28
|join|eZ Occa
|
|switch|p1a: Ferrothorn|Ferrothorn, F|292\/352
|move|p2a: Latias|Dragon Pulse|p1a: Ferrothorn
|-resisted|p1a: Ferrothorn
|-damage|p1a: Ferrothorn|247\/352
|
|-weather|RainDance|[upkeep]
|-heal|p2a: Latias|231\/364|[from] item: Leftovers
|-heal|p1a: Ferrothorn|269\/352|[from] item: Leftovers
|turn|29
|
|move|p2a: Latias|Reflect Type|p1a: Ferrothorn
|-start|p2a: Latias|typechange|Grass\/Steel|[from] move: Reflect Type|[of] p1a: Ferrothorn
|move|p1a: Ferrothorn|Stealth Rock|p2a: Latias
|-sidestart|p2: shartruce2|move: Stealth Rock
|
|-weather|RainDance|[upkeep]
|-heal|p2a: Latias|253\/364|[from] item: Leftovers
|-heal|p1a: Ferrothorn|291\/352|[from] item: Leftovers
|turn|30
|
|move|p2a: Latias|Dragon Pulse|p1a: Ferrothorn
|-resisted|p1a: Ferrothorn
|-damage|p1a: Ferrothorn|264\/352
|move|p1a: Ferrothorn|Gyro Ball|p2a: Latias
|-resisted|p2a: Latias
|-damage|p2a: Latias|181\/364
|
|-weather|RainDance|[upkeep]
|-heal|p2a: Latias|203\/364|[from] item: Leftovers
|-heal|p1a: Ferrothorn|286\/352|[from] item: Leftovers
|turn|31
|
|switch|p1a: Medicham|Medicham, F|229\/261
|move|p2a: Latias|Roost|p2a: Latias
|-heal|p2a: Latias|364\/364
|
|-weather|RainDance|[upkeep]
|turn|32
|
|switch|p2a: Doublade|Doublade, M|151\/322
|-damage|p2a: Doublade|131\/322|[from] Stealth Rock
|detailschange|p1a: Medicham|Medicham-Mega, F
|message|Medicham has Mega Evolved into Mega Medicham!
|move|p1a: Medicham|Psycho Cut|p2a: Doublade
|-resisted|p2a: Doublade
|-damage|p2a: Doublade|82\/322
|
|-weather|none
|turn|33
|join|Jefo
|
|switch|p1a: Ferrothorn|Ferrothorn, F|286\/352
|move|p2a: Doublade|Rest|p2a: Doublade
|-status|p2a: Doublade|slp
|-heal|p2a: Doublade|322\/322 slp|[silent]
|-status|p2a: Doublade|slp|[from] move: Rest
|
|-heal|p1a: Ferrothorn|308\/352|[from] item: Leftovers
|turn|34
|join|pi3rate
|
|switch|p2a: Kabutops|Kabutops, F|262\/262
|-damage|p2a: Kabutops|230\/262|[from] Stealth Rock
|switch|p1a: Medicham|Medicham-Mega, F|229\/261
|
|turn|35
|leave|pi3rate
|
|switch|p2a: Doublade|Doublade, M|322\/322 slp
|-damage|p2a: Doublade|302\/322 slp|[from] Stealth Rock
|move|p1a: Medicham|Psycho Cut|p2a: Doublade
|-resisted|p2a: Doublade
|-damage|p2a: Doublade|257\/322 slp
|
|turn|36
|
|move|p1a: Medicham|Ice Punch|p2a: Doublade
|-resisted|p2a: Doublade
|-damage|p2a: Doublade|224\/322 slp
|cant|p2a: Doublade|slp
|
|turn|37
|
|move|p1a: Medicham|Ice Punch|p2a: Doublade
|-resisted|p2a: Doublade
|-damage|p2a: Doublade|190\/322 slp
|cant|p2a: Doublade|slp
|
|turn|38
|
|switch|p1a: Ferrothorn|Ferrothorn, F|308\/352
|-curestatus|p2a: Doublade|slp
|move|p2a: Doublade|Gyro Ball|p1a: Ferrothorn
|-resisted|p1a: Ferrothorn
|-damage|p1a: Ferrothorn|297\/352
|-damage|p2a: Doublade|150\/322|[from] ability: Iron Barbs|[of] p1a: Ferrothorn
|
|-heal|p1a: Ferrothorn|319\/352|[from] item: Leftovers
|turn|39
|leave|The DragonKnight
|
|switch|p2a: Kabutops|Kabutops, F|230\/262
|-damage|p2a: Kabutops|198\/262|[from] Stealth Rock
|move|p1a: Ferrothorn|Leech Seed|p2a: Kabutops
|-start|p2a: Kabutops|move: Leech Seed
|
|-heal|p1a: Ferrothorn|341\/352|[from] item: Leftovers
|-damage|p2a: Kabutops|166\/262|[from] Leech Seed|[of] p1a: Ferrothorn
|-heal|p1a: Ferrothorn|352\/352|[silent]
|turn|40
|
|move|p2a: Kabutops|Low Kick|p1a: Ferrothorn
|-supereffective|p1a: Ferrothorn
|-damage|p1a: Ferrothorn|144\/352
|-damage|p2a: Kabutops|134\/262|[from] ability: Iron Barbs|[of] p1a: Ferrothorn
|-damage|p2a: Kabutops|108\/262|[from] item: Life Orb
|move|p1a: Ferrothorn|Gyro Ball|p2a: Kabutops
|-damage|p2a: Kabutops|5\/262
|
|-heal|p1a: Ferrothorn|166\/352|[from] item: Leftovers
|-damage|p2a: Kabutops|0 fnt|[from] Leech Seed|[of] p1a: Ferrothorn
|-heal|p1a: Ferrothorn|171\/352|[silent]
|faint|p2a: Kabutops
|
|switch|p2a: Latias|Latias, F|364\/364
|-damage|p2a: Latias|319\/364|[from] Stealth Rock
|turn|41
|
|switch|p1a: Medicham|Medicham-Mega, F|229\/261
|move|p2a: Latias|Reflect Type|p1a: Medicham
|-start|p2a: Latias|typechange|Fighting\/Psychic|[from] move: Reflect Type|[of] p1a: Medicham
|
|-heal|p2a: Latias|341\/364|[from] item: Leftovers
|turn|42
|
|switch|p1a: Keldeo|Keldeo|43\/323
|move|p2a: Latias|Defog|p1a: Keldeo
|-unboost|p1a: Keldeo|evasion|1
|-sideend|p2: shartruce2|Stealth Rock|[from] move: Defog|[of] p2a: Latias
|
|-heal|p2a: Latias|363\/364|[from] item: Leftovers
|turn|43
|
|switch|p1a: Ferrothorn|Ferrothorn, F|171\/352
|move|p2a: Latias|Dragon Pulse|p1a: Ferrothorn
|-resisted|p1a: Ferrothorn
|-damage|p1a: Ferrothorn|143\/352
|
|-heal|p2a: Latias|364\/364|[from] item: Leftovers
|-heal|p1a: Ferrothorn|165\/352|[from] item: Leftovers
|turn|44
|
|move|p2a: Latias|Reflect Type|p1a: Ferrothorn
|-start|p2a: Latias|typechange|Grass\/Steel|[from] move: Reflect Type|[of] p1a: Ferrothorn
|move|p1a: Ferrothorn|Gyro Ball|p2a: Latias
|-resisted|p2a: Latias
|-damage|p2a: Latias|285\/364
|
|-heal|p2a: Latias|307\/364|[from] item: Leftovers
|-heal|p1a: Ferrothorn|187\/352|[from] item: Leftovers
|turn|45
|
|switch|p2a: Doublade|Doublade, M|150\/322
|move|p1a: Ferrothorn|Leech Seed|p2a: Doublade
|-start|p2a: Doublade|move: Leech Seed
|
|-heal|p1a: Ferrothorn|209\/352|[from] item: Leftovers
|-damage|p2a: Doublade|110\/322|[from] Leech Seed|[of] p1a: Ferrothorn
|-heal|p1a: Ferrothorn|249\/352|[silent]
|turn|46
|join|F4DED
|join|the Jaiho
|
|move|p2a: Doublade|Sacred Sword|p1a: Ferrothorn
|-supereffective|p1a: Ferrothorn
|-damage|p1a: Ferrothorn|151\/352
|-damage|p2a: Doublade|70\/322|[from] ability: Iron Barbs|[of] p1a: Ferrothorn
|move|p1a: Ferrothorn|Stealth Rock|p2a: Doublade
|-sidestart|p2: shartruce2|move: Stealth Rock
|
|-heal|p1a: Ferrothorn|173\/352|[from] item: Leftovers
|-damage|p2a: Doublade|30\/322|[from] Leech Seed|[of] p1a: Ferrothorn
|-heal|p1a: Ferrothorn|213\/352|[silent]
|turn|47
|
|switch|p1a: Keldeo|Keldeo|43\/323
|move|p2a: Doublade|Rest|p2a: Doublade
|-status|p2a: Doublade|slp
|-heal|p2a: Doublade|322\/322 slp|[silent]
|-status|p2a: Doublade|slp|[from] move: Rest
|
|-damage|p2a: Doublade|282\/322 slp|[from] Leech Seed|[of] p1a: Keldeo
|-heal|p1a: Keldeo|83\/323|[silent]
|turn|48
|leave|Jefo
|
|switch|p2a: Latias|Latias, F|307\/364
|-damage|p2a: Latias|262\/364|[from] Stealth Rock
|move|p1a: Keldeo|Scald|p2a: Latias
|-resisted|p2a: Latias
|-damage|p2a: Latias|179\/364
|-status|p2a: Latias|brn
|
|-heal|p2a: Latias|201\/364 brn|[from] item: Leftovers
|-damage|p2a: Latias|156\/364 brn|[from] brn
|turn|49
|
|switch|p1a: Ferrothorn|Ferrothorn, F|213\/352
|move|p2a: Latias|Defog|p1a: Ferrothorn
|-unboost|p1a: Ferrothorn|evasion|1
|-sideend|p2: shartruce2|Stealth Rock|[from] move: Defog|[of] p2a: Latias
|
|-heal|p2a: Latias|178\/364 brn|[from] item: Leftovers
|-heal|p1a: Ferrothorn|235\/352|[from] item: Leftovers
|-damage|p2a: Latias|133\/364 brn|[from] brn
|turn|50
|
|move|p2a: Latias|Reflect Type|p1a: Ferrothorn
|-start|p2a: Latias|typechange|Grass\/Steel|[from] move: Reflect Type|[of] p1a: Ferrothorn
|move|p1a: Ferrothorn|Stealth Rock|p2a: Latias
|-sidestart|p2: shartruce2|move: Stealth Rock
|
|-heal|p2a: Latias|155\/364 brn|[from] item: Leftovers
|-heal|p1a: Ferrothorn|257\/352|[from] item: Leftovers
|-damage|p2a: Latias|110\/364 brn|[from] brn
|turn|51
|
|switch|p1a: Medicham|Medicham-Mega, F|229\/261
|move|p2a: Latias|Roost|p2a: Latias
|-heal|p2a: Latias|292\/364 brn
|
|-heal|p2a: Latias|314\/364 brn|[from] item: Leftovers
|-damage|p2a: Latias|269\/364 brn|[from] brn
|turn|52
|
|switch|p2a: Doublade|Doublade, M|282\/322 slp
|-damage|p2a: Doublade|262\/322 slp|[from] Stealth Rock
|move|p1a: Medicham|Fake Out|p2a: Doublade
|-immune|p2a: Doublade|[msg]
|
|turn|53
|
|switch|p1a: Keldeo|Keldeo|83\/323
|cant|p2a: Doublade|slp
|
|turn|54
|join|jamalamadingdong
|join|bouff
|leave|bouff
|
|switch|p2a: Latias|Latias, F|269\/364 brn
|-damage|p2a: Latias|224\/364 brn|[from] Stealth Rock
|move|p1a: Keldeo|Hydro Pump|p2a: Latias|[miss]
|-miss|p1a: Keldeo|p2a: Latias
|
|-heal|p2a: Latias|246\/364 brn|[from] item: Leftovers
|-damage|p2a: Latias|201\/364 brn|[from] brn
|turn|55
|
|switch|p1a: Ferrothorn|Ferrothorn, F|257\/352
|move|p2a: Latias|Defog|p1a: Ferrothorn
|-unboost|p1a: Ferrothorn|evasion|1
|-sideend|p2: shartruce2|Stealth Rock|[from] move: Defog|[of] p2a: Latias
|
|-heal|p2a: Latias|223\/364 brn|[from] item: Leftovers
|-heal|p1a: Ferrothorn|279\/352|[from] item: Leftovers
|-damage|p2a: Latias|178\/364 brn|[from] brn
|turn|56
|join|guts over fear
|join|4trackboy
|
|switch|p2a: Doublade|Doublade, M|262\/322 slp
|move|p1a: Ferrothorn|Gyro Ball|p2a: Doublade
|-crit|p2a: Doublade
|-resisted|p2a: Doublade
|-damage|p2a: Doublade|250\/322 slp
|
|-heal|p1a: Ferrothorn|301\/352|[from] item: Leftovers
|turn|57
|join|Quicksilverr
|
|cant|p2a: Doublade|slp
|move|p1a: Ferrothorn|Leech Seed|p2a: Doublade
|-start|p2a: Doublade|move: Leech Seed
|
|-heal|p1a: Ferrothorn|323\/352|[from] item: Leftovers
|-damage|p2a: Doublade|210\/322 slp|[from] Leech Seed|[of] p1a: Ferrothorn
|-heal|p1a: Ferrothorn|352\/352|[silent]
|turn|58
|join|Biosci
|
|-curestatus|p2a: Doublade|slp
|move|p2a: Doublade|Sacred Sword|p1a: Ferrothorn
|-supereffective|p1a: Ferrothorn
|-damage|p1a: Ferrothorn|248\/352
|-damage|p2a: Doublade|170\/322|[from] ability: Iron Barbs|[of] p1a: Ferrothorn
|move|p1a: Ferrothorn|Stealth Rock|p2a: Doublade
|-sidestart|p2: shartruce2|move: Stealth Rock
|
|-heal|p1a: Ferrothorn|270\/352|[from] item: Leftovers
|-damage|p2a: Doublade|130\/322|[from] Leech Seed|[of] p1a: Ferrothorn
|-heal|p1a: Ferrothorn|310\/352|[silent]
|turn|59
|
|switch|p2a: Latias|Latias, F|178\/364 brn
|-damage|p2a: Latias|133\/364 brn|[from] Stealth Rock
|move|p1a: Ferrothorn|Leech Seed|p2a: Latias|[miss]
|-miss|p1a: Ferrothorn|p2a: Latias
|
|-heal|p2a: Latias|155\/364 brn|[from] item: Leftovers
|-heal|p1a: Ferrothorn|332\/352|[from] item: Leftovers
|-damage|p2a: Latias|110\/364 brn|[from] brn
|turn|60
|
|switch|p1a: Medicham|Medicham-Mega, F|229\/261
|move|p2a: Latias|Defog|p1a: Medicham
|-unboost|p1a: Medicham|evasion|1
|-sideend|p2: shartruce2|Stealth Rock|[from] move: Defog|[of] p2a: Latias
|
|-heal|p2a: Latias|132\/364 brn|[from] item: Leftovers
|-damage|p2a: Latias|87\/364 brn|[from] brn
|turn|61
|join|zdrup
|
|switch|p2a: Doublade|Doublade, M|130\/322
|move|p1a: Medicham|Ice Punch|p2a: Doublade
|-resisted|p2a: Doublade
|-damage|p2a: Doublade|97\/322
|
|turn|62
|join|Kim West
|
|switch|p1a: Ferrothorn|Ferrothorn, F|332\/352
|move|p2a: Doublade|Sacred Sword|p1a: Ferrothorn
|-supereffective|p1a: Ferrothorn
|-damage|p1a: Ferrothorn|226\/352
|-damage|p2a: Doublade|57\/322|[from] ability: Iron Barbs|[of] p1a: Ferrothorn
|
|-heal|p1a: Ferrothorn|248\/352|[from] item: Leftovers
|turn|63
|
|switch|p2a: Keldeo|Keldeo|17\/323
|move|p1a: Ferrothorn|Stealth Rock|p2a: Keldeo
|-sidestart|p2: shartruce2|move: Stealth Rock
|
|-heal|p1a: Ferrothorn|270\/352|[from] item: Leftovers
|turn|64
|join|reddit gold user
|join|Korby
|
|move|p1a: Ferrothorn|Protect|p1a: Ferrothorn
|-singleturn|p1a: Ferrothorn|Protect
|move|p2a: Keldeo|Secret Sword|p1a: Ferrothorn
|-activate|p1a: Ferrothorn|Protect
|
|-heal|p1a: Ferrothorn|292\/352|[from] item: Leftovers
|turn|65
|join|Beast Mode 24
|join|CAUSE & EFFECT
|
|switch|p1a: Medicham|Medicham-Mega, F|229\/261
|move|p2a: Keldeo|Secret Sword|p1a: Medicham
|-resisted|p1a: Medicham
|-damage|p1a: Medicham|97\/261
|
|turn|66
|leave|CAUSE & EFFECT
|join|Not A Gym Ldr
|
|move|p1a: Medicham|Fake Out|p2a: Keldeo
|-damage|p2a: Keldeo|0 fnt
|faint|p2a: Keldeo
|
|
|switch|p2a: Latias|Latias, F|87\/364 brn
|-damage|p2a: Latias|42\/364 brn|[from] Stealth Rock
|turn|67
|
|move|p2a: Latias|Defog|p1a: Medicham
|-unboost|p1a: Medicham|evasion|1
|-sideend|p2: shartruce2|Stealth Rock|[from] move: Defog|[of] p2a: Latias
|move|p1a: Medicham|Ice Punch|p2a: Latias
|-supereffective|p2a: Latias
|-damage|p2a: Latias|0 fnt
|faint|p2a: Latias
|
|join|mien
|
|switch|p2a: Doublade|Doublade, M|57\/322
|turn|68
|
|switch|p1a: Ferrothorn|Ferrothorn, F|292\/352
|move|p2a: Doublade|Rest|p2a: Doublade
|-status|p2a: Doublade|slp
|-heal|p2a: Doublade|322\/322 slp|[silent]
|-status|p2a: Doublade|slp|[from] move: Rest
|
|-heal|p1a: Ferrothorn|314\/352|[from] item: Leftovers
|turn|69
|leave|Logic
|
|switch|p1a: Keldeo|Keldeo|83\/323
|cant|p2a: Doublade|slp
|
|turn|70
|
|move|p1a: Keldeo|Scald|p2a: Doublade
|-damage|p2a: Doublade|180\/322 slp
|cant|p2a: Doublade|slp
|
|turn|71
|join|Dollhouse
|join|Moony
|
|switch|p1a: Ferrothorn|Ferrothorn, F|314\/352
|-curestatus|p2a: Doublade|slp
|move|p2a: Doublade|Sacred Sword|p1a: Ferrothorn
|-supereffective|p1a: Ferrothorn
|-damage|p1a: Ferrothorn|208\/352
|-damage|p2a: Doublade|140\/322|[from] ability: Iron Barbs|[of] p1a: Ferrothorn
|
|-heal|p1a: Ferrothorn|230\/352|[from] item: Leftovers
|turn|72
|
|move|p2a: Doublade|Sacred Sword|p1a: Ferrothorn
|-supereffective|p1a: Ferrothorn
|-damage|p1a: Ferrothorn|130\/352
|-damage|p2a: Doublade|100\/322|[from] ability: Iron Barbs|[of] p1a: Ferrothorn
|move|p1a: Ferrothorn|Leech Seed|p2a: Doublade
|-start|p2a: Doublade|move: Leech Seed
|
|-heal|p1a: Ferrothorn|152\/352|[from] item: Leftovers
|-damage|p2a: Doublade|60\/322|[from] Leech Seed|[of] p1a: Ferrothorn
|-heal|p1a: Ferrothorn|192\/352|[silent]
|turn|73
|
|move|p2a: Doublade|Sacred Sword|p1a: Ferrothorn
|-supereffective|p1a: Ferrothorn
|-damage|p1a: Ferrothorn|98\/352
|-damage|p2a: Doublade|20\/322|[from] ability: Iron Barbs|[of] p1a: Ferrothorn
|move|p1a: Ferrothorn|Gyro Ball|p2a: Doublade
|-resisted|p2a: Doublade
|-damage|p2a: Doublade|12\/322
|
|-heal|p1a: Ferrothorn|120\/352|[from] item: Leftovers
|-damage|p2a: Doublade|0 fnt|[from] Leech Seed|[of] p1a: Ferrothorn
|-heal|p1a: Ferrothorn|132\/352|[silent]
|faint|p2a: Doublade
|
|win|jira tour
|leave|craing ;_;
|leave|the Jaiho
|leave|Not A Gym Ldr
|c|âshartruce2|gg
|c|âjira tour|gg
|leave|F4DED
|leave|jira tour
|player|p1
|leave|jamalamadingdong
|leave|eZ Occa
|leave|shartruce2
|player|p2
|leave|Biosci
|leave|4trackboy
|leave|mien
|leave|Moony
|leave|Terraquaza
|leave|Korby
|leave|Dollhouse
|leave|Quicksilverr
|leave|loooos jira!!
|join|Brazilian Army
|leave|Brazilian Army
|leave|zdrup
|leave|reddit gold user
|leave|Kim West