|inactive|Battle timer is ON: inactive players will automatically lose when time's up.
|join|Misugi
|join|shartruce2
|player|p1|Misugi|107
|player|p2|shartruce2|43
|gametype|singles
|gen|4
|tier|[Gen 4] OU
|rule|Sleep Clause Mod: Limit one foe put to sleep
|rule|Species Clause: Limit one of each PokÃ©mon
|rule|OHKO Clause: OHKO moves are banned
|rule|Moody Clause: Moody is banned
|rule|Evasion Moves Clause: Evasion moves are banned
|rule|Endless Battle Clause: Forcing endless battles is banned
|rule|HP Percentage Mod: HP is shown in percentages
|
|start
|switch|p1a: Metagross|Metagross|364\/364
|switch|p2a: Azelf|Azelf|291\/291
|turn|1
|join|RyuKai
|join|THE_IRON_KENYAN
|join|Logic
|
|move|p2a: Azelf|Stealth Rock|p1a: Metagross
|-sidestart|p1: Misugi|move: Stealth Rock
|move|p1a: Metagross|Meteor Mash|p2a: Azelf
|-damage|p2a: Azelf|8\/291
|
|turn|2
|join|Weebl
|leave|Weebl
|
|move|p1a: Metagross|Bullet Punch|p2a: Azelf
|-damage|p2a: Azelf|0 fnt
|faint|p2a: Azelf
|
|
|switch|p2a: Shaymin|Shaymin|342\/342
|turn|3
|
|move|p2a: Shaymin|Earth Power|p1a: Metagross
|-supereffective|p1a: Metagross
|-damage|p1a: Metagross|94\/364
|-damage|p2a: Shaymin|308\/342|[from] item: Life Orb
|move|p1a: Metagross|Stealth Rock|p2a: Shaymin
|-sidestart|p2: shartruce2|move: Stealth Rock
|
|turn|4
|
|move|p1a: Metagross|Bullet Punch|p2a: Shaymin
|-damage|p2a: Shaymin|226\/342
|move|p2a: Shaymin|Earth Power|p1a: Metagross
|-supereffective|p1a: Metagross
|-damage|p1a: Metagross|0 fnt
|-damage|p2a: Shaymin|192\/342|[from] item: Life Orb
|faint|p1a: Metagross
|
|leave|THE_IRON_KENYAN
|
|switch|p1a: Heatran|Heatran, M|323\/323
|-damage|p1a: Heatran|283\/323|[from] Stealth Rock
|turn|5
|
|switch|p2a: Gyarados|Gyarados, F|353\/353
|-damage|p2a: Gyarados|265\/353|[from] Stealth Rock
|-ability|p2a: Gyarados|Intimidate|[of] p1a: Heatran
|-unboost|p1a: Heatran|atk|1
|move|p1a: Heatran|Fire Blast|p2a: Gyarados
|-resisted|p2a: Gyarados
|-damage|p2a: Gyarados|158\/353
|
|-heal|p2a: Gyarados|180\/353|[from] item: Leftovers
|turn|6
|
|switch|p1a: Shaymin|Shaymin|404\/404
|-damage|p1a: Shaymin|354\/404|[from] Stealth Rock
|move|p2a: Gyarados|Waterfall|p1a: Shaymin
|-resisted|p1a: Shaymin
|-damage|p1a: Shaymin|282\/404
|
|-heal|p1a: Shaymin|307\/404|[from] item: Leftovers
|-heal|p2a: Gyarados|202\/353|[from] item: Leftovers
|turn|7
|
|move|p1a: Shaymin|Leech Seed|p2a: Gyarados
|-start|p2a: Gyarados|move: Leech Seed
|move|p2a: Gyarados|Dragon Dance|p2a: Gyarados
|-boost|p2a: Gyarados|atk|1
|-boost|p2a: Gyarados|spe|1
|
|-heal|p2a: Gyarados|224\/353|[from] item: Leftovers
|-heal|p1a: Shaymin|332\/404|[from] item: Leftovers
|-damage|p2a: Gyarados|180\/353|[from] Leech Seed|[of] p1a: Shaymin
|-heal|p1a: Shaymin|376\/404|[silent]
|turn|8
|
|move|p2a: Gyarados|Bounce|p1a: Shaymin|[still]
|-prepare|p2a: Gyarados|Bounce|p1a: Shaymin
|move|p1a: Shaymin|Seed Flare|p2a: Gyarados|[miss]
|-miss|p1a: Shaymin|p2a: Gyarados
|
|-heal|p2a: Gyarados|202\/353|[from] item: Leftovers
|-heal|p1a: Shaymin|401\/404|[from] item: Leftovers
|-damage|p2a: Gyarados|158\/353|[from] Leech Seed|[of] p1a: Shaymin
|-heal|p1a: Shaymin|404\/404|[silent]
|turn|9
|
|move|p1a: Shaymin|Protect|p1a: Shaymin
|-singleturn|p1a: Shaymin|Protect
|move|p2a: Gyarados|Bounce|p1a: Shaymin
|-activate|p1a: Shaymin|Protect
|
|-heal|p2a: Gyarados|180\/353|[from] item: Leftovers
|-damage|p2a: Gyarados|136\/353|[from] Leech Seed|[of] p1a: Shaymin
|turn|10
|join|The DragonKnight
|
|move|p2a: Gyarados|Taunt|p1a: Shaymin
|-start|p1a: Shaymin|move: Taunt
|move|p1a: Shaymin|Seed Flare|p2a: Gyarados
|-damage|p2a: Gyarados|0 fnt
|faint|p2a: Gyarados
|
|join|Une Saucisse
|
|switch|p2a: Dragonite|Dragonite, F|323\/323
|-damage|p2a: Dragonite|243\/323|[from] Stealth Rock
|turn|11
|join|PhenomeneMarseille
|
|switch|p1a: Heatran|Heatran, M|283\/323
|-damage|p1a: Heatran|243\/323|[from] Stealth Rock
|move|p2a: Dragonite|Dragon Dance|p2a: Dragonite
|-boost|p2a: Dragonite|atk|1
|-boost|p2a: Dragonite|spe|1
|
|turn|12
|
|move|p1a: Heatran|Explosion|p2a: Dragonite
|-damage|p2a: Dragonite|0 fnt
|faint|p2a: Dragonite
|faint|p1a: Heatran
|
|join|Tri-PD
|
|switch|p2a: Shaymin|Shaymin|192\/342
|-damage|p2a: Shaymin|150\/342|[from] Stealth Rock
|switch|p1a: Machamp|Machamp, M|353\/353
|-damage|p1a: Machamp|331\/353|[from] Stealth Rock
|turn|13
|
|move|p2a: Shaymin|Seed Flare|p1a: Machamp
|-damage|p1a: Machamp|46\/353
|-damage|p2a: Shaymin|116\/342|[from] item: Life Orb
|move|p1a: Machamp|Dynamic Punch|p2a: Shaymin
|-damage|p2a: Shaymin|0 fnt
|faint|p2a: Shaymin
|
|-heal|p1a: Machamp|68\/353|[from] item: Leftovers
|
|switch|p2a: Lucario|Lucario, M|281\/281
|-damage|p2a: Lucario|273\/281|[from] Stealth Rock
|turn|14
|
|move|p2a: Lucario|Extreme Speed|p1a: Machamp
|-damage|p1a: Machamp|0 fnt
|-damage|p2a: Lucario|245\/281|[from] item: Life Orb
|faint|p1a: Machamp
|
|
|switch|p1a: Starmie|Starmie|261\/261
|-damage|p1a: Starmie|229\/261|[from] Stealth Rock
|turn|15
|
|move|p2a: Lucario|Extreme Speed|p1a: Starmie
|-damage|p1a: Starmie|100\/261
|-damage|p2a: Lucario|217\/281|[from] item: Life Orb
|move|p1a: Starmie|Hydro Pump|p2a: Lucario
|-damage|p2a: Lucario|0 fnt
|faint|p2a: Lucario
|
|-heal|p1a: Starmie|116\/261|[from] item: Leftovers
|
|switch|p2a: Rotom-Wash|Rotom-Wash|241\/241
|-damage|p2a: Rotom-Wash|211\/241|[from] Stealth Rock
|turn|16
|
|move|p2a: Rotom-Wash|Shadow Ball|p1a: Starmie
|-supereffective|p1a: Starmie
|-damage|p1a: Starmie|0 fnt
|faint|p1a: Starmie
|
|
|switch|p1a: Shaymin|Shaymin|404\/404
|-damage|p1a: Shaymin|354\/404|[from] Stealth Rock
|turn|17
|
|move|p1a: Shaymin|Protect|p1a: Shaymin
|-singleturn|p1a: Shaymin|Protect
|move|p2a: Rotom-Wash|Shadow Ball|p1a: Shaymin
|-activate|p1a: Shaymin|Protect
|
|-heal|p1a: Shaymin|379\/404|[from] item: Leftovers
|turn|18
|join|sugarhigh
|
|move|p2a: Rotom-Wash|Shadow Ball|p1a: Shaymin
|-damage|p1a: Shaymin|264\/404
|move|p1a: Shaymin|Leech Seed|p2a: Rotom-Wash
|-start|p2a: Rotom-Wash|move: Leech Seed
|
|-heal|p1a: Shaymin|289\/404|[from] item: Leftovers
|-damage|p2a: Rotom-Wash|181\/241|[from] Leech Seed|[of] p1a: Shaymin
|-heal|p1a: Shaymin|319\/404|[silent]
|turn|19
|
|move|p1a: Shaymin|Protect|p1a: Shaymin
|-singleturn|p1a: Shaymin|Protect
|move|p2a: Rotom-Wash|Shadow Ball|p1a: Shaymin
|-activate|p1a: Shaymin|Protect
|
|-heal|p1a: Shaymin|344\/404|[from] item: Leftovers
|-damage|p2a: Rotom-Wash|151\/241|[from] Leech Seed|[of] p1a: Shaymin
|-heal|p1a: Shaymin|374\/404|[silent]
|turn|20
|join|Insanity Pix
|
|move|p2a: Rotom-Wash|Shadow Ball|p1a: Shaymin
|-damage|p1a: Shaymin|253\/404
|move|p1a: Shaymin|Seed Flare|p2a: Rotom-Wash
|-crit|p2a: Rotom-Wash
|-damage|p2a: Rotom-Wash|0 fnt
|faint|p2a: Rotom-Wash
|
|win|Misugi
|c|âMisugi|gg
|c|âshartruce2|gg
|leave|Misugi
|player|p1
|leave|RyuKai
|leave|shartruce2
|player|p2