|inactive|Battle timer is ON: inactive players will automatically lose when time's up.
|join|shartruce2
|join|Laurel
|player|p1|shartruce2|43
|player|p2|Laurel|101
|gametype|singles
|gen|6
|tier|OU
|clearpoke
|poke|p1|Tyranitar, M
|poke|p1|Landorus, M
|poke|p1|Manaphy
|poke|p1|Gothitelle, F
|poke|p1|Ferrothorn, M
|poke|p1|Heatran, M
|poke|p2|Medicham, F
|poke|p2|Tyranitar, M
|poke|p2|Mandibuzz, F
|poke|p2|Rotom-Wash
|poke|p2|Azumarill, F
|poke|p2|Blissey, F
|rule|Swagger Clause: Swagger is banned
|rule|Baton Pass Clause: Limit one PokÃ©mon knowing Baton Pass
|rule|Sleep Clause Mod: Limit one foe put to sleep
|rule|Species Clause: Limit one of each PokÃ©mon
|rule|OHKO Clause: OHKO moves are banned
|rule|Moody Clause: Moody is banned
|rule|Evasion Moves Clause: Evasion moves are banned
|rule|Endless Battle Clause: Forcing endless battles is banned
|rule|HP Percentage Mod: HP is reported as percentages
|teampreview
|join|GobiGobi
|join|Moony
|join|lunarr
|join|uCan'tSeeMe
|chat|Laurel|Lol
|chat|Laurel|now you accept
|
|start
|switch|p1a: Landorus|Landorus, M|319\/319
|switch|p2a: Medicham|Medicham, F|261\/261
|turn|1
|chat|shartruce2|sorry
|join|the pdc show
|join|Honor
|
|detailschange|p2a: Medicham|Medicham-Mega, F
|message|Medicham has Mega Evolved into Mega Medicham!
|move|p2a: Medicham|Fake Out|p1a: Landorus
|-damage|p1a: Landorus|234\/319
|cant|p1a: Landorus|flinch
|
|turn|2
|
|switch|p2a: Blissey|Blissey, F|657\/657
|move|p1a: Landorus|U-turn|p2a: Blissey
|-damage|p2a: Blissey|498\/657
|
|switch|p1a: Gothitelle|Gothitelle, F|344\/344
|
|-heal|p2a: Blissey|539\/657|[from] item: Leftovers
|turn|3
|chat|Laurel|Gothitelle takes a while?
|join|trolll0rd
|
|move|p1a: Gothitelle|Calm Mind|p1a: Gothitelle
|-boost|p1a: Gothitelle|spa|1
|-boost|p1a: Gothitelle|spd|1
|move|p2a: Blissey|Stealth Rock|p1a: Gothitelle
|-sidestart|p1: shartruce2|move: Stealth Rock
|
|-heal|p2a: Blissey|580\/657|[from] item: Leftovers
|turn|4
|
|move|p1a: Gothitelle|Psyshock|p2a: Blissey
|-damage|p2a: Blissey|285\/657
|move|p2a: Blissey|Thunder Wave|p1a: Gothitelle
|-status|p1a: Gothitelle|par
|
|-heal|p2a: Blissey|326\/657|[from] item: Leftovers
|turn|5
|
|move|p2a: Blissey|Thunder Wave|p1a: Gothitelle
|-fail|p1a: Gothitelle|par
|move|p1a: Gothitelle|Psyshock|p2a: Blissey
|-damage|p2a: Blissey|8\/657
|
|-heal|p2a: Blissey|49\/657|[from] item: Leftovers
|turn|6
|chat|Laurel|not gonna stall u out of psyshocks
|
|move|p2a: Blissey|Thunder Wave|p1a: Gothitelle
|-fail|p1a: Gothitelle|par
|move|p1a: Gothitelle|Psyshock|p2a: Blissey
|-damage|p2a: Blissey|0 fnt
|faint|p2a: Blissey
|
|join|Daigoro
|
|switch|p2a: Tyranitar|Tyranitar, M|342\/342
|-weather|Sandstorm
|turn|7
|join|McMeghan
|
|move|p2a: Tyranitar|Pursuit|p1a: Gothitelle|[from]Pursuit
|-supereffective|p1a: Gothitelle
|-damage|p1a: Gothitelle|48\/344 par
|switch|p1a: Ferrothorn|Ferrothorn, M|352\/352
|-damage|p1a: Ferrothorn|330\/352|[from] Stealth Rock
|
|-weather|Sandstorm|[upkeep]
|-heal|p1a: Ferrothorn|352\/352|[from] item: Leftovers
|turn|8
|join|HOT PIECE OF MEAT
|chat|Laurel|hmm
|
|switch|p2a: Medicham|Medicham-Mega, F|261\/261
|switch|p1a: Heatran|Heatran, M|386\/386
|-damage|p1a: Heatran|338\/386|[from] Stealth Rock
|
|-weather|Sandstorm|[upkeep]
|-damage|p2a: Medicham|245\/261|[from] sandstorm
|-heal|p1a: Heatran|362\/386|[from] item: Leftovers
|turn|9
|
|switch|p1a: Gothitelle|Gothitelle, F|48\/344 par
|-damage|p1a: Gothitelle|5\/344 par|[from] Stealth Rock
|move|p2a: Medicham|Drain Punch|p1a: Gothitelle
|-resisted|p1a: Gothitelle
|-damage|p1a: Gothitelle|0 fnt
|-heal|p2a: Medicham|248\/261|[from] drain|[of] p1a: Gothitelle
|faint|p1a: Gothitelle
|
|-weather|Sandstorm|[upkeep]
|-damage|p2a: Medicham|232\/261|[from] sandstorm
|join|SolorBeam?
|
|switch|p1a: Landorus|Landorus, M|234\/319
|-damage|p1a: Landorus|195\/319|[from] Stealth Rock
|turn|10
|
|switch|p2a: Mandibuzz|Mandibuzz, F|423\/423
|move|p1a: Landorus|U-turn|p2a: Mandibuzz
|-crit|p2a: Mandibuzz
|-damage|p2a: Mandibuzz|335\/423
|join|Psycho Soldier
|
|switch|p1a: Heatran|Heatran, M|362\/386
|-damage|p1a: Heatran|314\/386|[from] Stealth Rock
|
|-weather|Sandstorm|[upkeep]
|-heal|p2a: Mandibuzz|361\/423|[from] item: Leftovers
|-heal|p1a: Heatran|338\/386|[from] item: Leftovers
|turn|11
|
|move|p2a: Mandibuzz|Knock Off|p1a: Heatran
|-damage|p1a: Heatran|274\/386
|-enditem|p1a: Heatran|Leftovers|[from] move: Knock Off|[of] p2a: Mandibuzz
|move|p1a: Heatran|Stealth Rock|p2a: Mandibuzz
|-sidestart|p2: Laurel|move: Stealth Rock
|
|-weather|none
|-heal|p2a: Mandibuzz|387\/423|[from] item: Leftovers
|turn|12
|chat|Laurel|gg
|chat|Laurel|Laurel: !usage heatran moves
|chat|Laurel|[7:52pm] TIBot_: Lava Plume 72.405% | Stealth Rock 69.491% |
|chat|Laurel|its #2
|chat|Laurel|checked or i would have taunted.
|join|JabbaTheGriffin
|join|Annoyer
|chat|shartruce2|o
|chat|shartruce2|i thought
|chat|shartruce2|we just use
|chat|Laurel|you can't use the 2 most common moves!
|chat|shartruce2|http:\/\/sweepercalc.com\/stats\/
|chat|Laurel|ill keep playing but 
|chat|Laurel|idt i can win with rocks up
|chat|McMeghan|laurel
|chat|McMeghan|it's according to the sweepercalc
|chat|Laurel|I couldn't figure out
|chat|Laurel|how to check with sweepercalc
|chat|Laurel|not every pokemon
|chat|Laurel|had a common moveset
|chat|Laurel|and some were off
|
|move|p2a: Mandibuzz|Foul Play|p1a: Heatran
|-damage|p1a: Heatran|183\/386
|move|p1a: Heatran|Toxic|p2a: Mandibuzz
|-status|p2a: Mandibuzz|tox
|
|-heal|p2a: Mandibuzz|413\/423 tox|[from] item: Leftovers
|-damage|p2a: Mandibuzz|387\/423 tox|[from] psn
|turn|13
|join|I'ma Flyy â(ââ¿ââ¿)â
|leave|SolorBeam?
|leave|Daigoro
|
|move|p2a: Mandibuzz|Foul Play|p1a: Heatran
|-damage|p1a: Heatran|93\/386
|move|p1a: Heatran|Roar|p2a: Mandibuzz
|drag|p2a: Tyranitar|Tyranitar, M|342\/342
|-damage|p2a: Tyranitar|300\/342|[from] Stealth Rock
|-weather|Sandstorm
|
|-weather|Sandstorm|[upkeep]
|turn|14
|join|Flan76
|join|SolorBeam?
|leave|SolorBeam?
|join|H-C
|chat|Laurel|I think the sweepercalc is just a reference
|
|switch|p1a: Manaphy|Manaphy|342\/342
|-damage|p1a: Manaphy|300\/342|[from] Stealth Rock
|move|p2a: Tyranitar|Superpower|p1a: Manaphy
|-damage|p1a: Manaphy|154\/342
|-unboost|p2a: Tyranitar|atk|1
|-unboost|p2a: Tyranitar|def|1
|
|-weather|Sandstorm|[upkeep]
|-damage|p1a: Manaphy|133\/342|[from] sandstorm
|-heal|p1a: Manaphy|154\/342|[from] item: Leftovers
|turn|15
|chat|Laurel|the smogon state are official
|chat|Laurel|stats***
|
|switch|p2a: Rotom-Wash|Rotom-Wash|303\/303
|-damage|p2a: Rotom-Wash|266\/303|[from] Stealth Rock
|move|p1a: Manaphy|Scald|p2a: Rotom-Wash
|-resisted|p2a: Rotom-Wash
|-damage|p2a: Rotom-Wash|204\/303
|
|-weather|Sandstorm|[upkeep]
|-damage|p1a: Manaphy|133\/342|[from] sandstorm
|-damage|p2a: Rotom-Wash|186\/303|[from] sandstorm
|-heal|p1a: Manaphy|154\/342|[from] item: Leftovers
|-heal|p2a: Rotom-Wash|204\/303|[from] item: Leftovers
|turn|16
|
|switch|p1a: Ferrothorn|Ferrothorn, M|352\/352
|-damage|p1a: Ferrothorn|330\/352|[from] Stealth Rock
|move|p2a: Rotom-Wash|Thunderbolt|p1a: Ferrothorn
|-resisted|p1a: Ferrothorn
|-damage|p1a: Ferrothorn|285\/352
|
|-weather|Sandstorm|[upkeep]
|-damage|p2a: Rotom-Wash|186\/303|[from] sandstorm
|-heal|p2a: Rotom-Wash|204\/303|[from] item: Leftovers
|-heal|p1a: Ferrothorn|307\/352|[from] item: Leftovers
|turn|17
|join|King Verlis
|
|move|p2a: Rotom-Wash|Will-O-Wisp|p1a: Ferrothorn
|-status|p1a: Ferrothorn|brn
|move|p1a: Ferrothorn|Power Whip|p2a: Rotom-Wash
|-supereffective|p2a: Rotom-Wash
|-damage|p2a: Rotom-Wash|100\/303
|
|-weather|none
|-heal|p2a: Rotom-Wash|118\/303|[from] item: Leftovers
|-heal|p1a: Ferrothorn|329\/352 brn|[from] item: Leftovers
|-damage|p1a: Ferrothorn|285\/352 brn|[from] brn
|turn|18
|
|switch|p1a: Heatran|Heatran, M|93\/386
|-damage|p1a: Heatran|45\/386|[from] Stealth Rock
|move|p2a: Rotom-Wash|Thunderbolt|p1a: Heatran
|-damage|p1a: Heatran|0 fnt
|faint|p1a: Heatran
|
|-heal|p2a: Rotom-Wash|136\/303|[from] item: Leftovers
|
|switch|p1a: Ferrothorn|Ferrothorn, M|285\/352 brn
|-damage|p1a: Ferrothorn|263\/352 brn|[from] Stealth Rock
|turn|19
|
|move|p2a: Rotom-Wash|Pain Split|p1a: Ferrothorn
|-sethp|p1a: Ferrothorn|199\/352 brn|p2a: Rotom-Wash|199\/303|[from] move: Pain Split
|move|p1a: Ferrothorn|Power Whip|p2a: Rotom-Wash
|-supereffective|p2a: Rotom-Wash
|-damage|p2a: Rotom-Wash|95\/303
|
|-heal|p2a: Rotom-Wash|113\/303|[from] item: Leftovers
|-heal|p1a: Ferrothorn|221\/352 brn|[from] item: Leftovers
|-damage|p1a: Ferrothorn|177\/352 brn|[from] brn
|turn|20
|
|move|p2a: Rotom-Wash|Thunderbolt|p1a: Ferrothorn
|-resisted|p1a: Ferrothorn
|-damage|p1a: Ferrothorn|126\/352 brn
|move|p1a: Ferrothorn|Knock Off|p2a: Rotom-Wash
|-damage|p2a: Rotom-Wash|89\/303
|-enditem|p2a: Rotom-Wash|Leftovers|[from] move: Knock Off|[of] p1a: Ferrothorn
|
|-heal|p1a: Ferrothorn|148\/352 brn|[from] item: Leftovers
|-damage|p1a: Ferrothorn|104\/352 brn|[from] brn
|turn|21
|join|Draeden BITG
|
|move|p2a: Rotom-Wash|Pain Split|p1a: Ferrothorn
|-sethp|p1a: Ferrothorn|96\/352 brn|p2a: Rotom-Wash|96\/303|[from] move: Pain Split
|move|p1a: Ferrothorn|Power Whip|p2a: Rotom-Wash
|-supereffective|p2a: Rotom-Wash
|-damage|p2a: Rotom-Wash|4\/303
|
|-heal|p1a: Ferrothorn|118\/352 brn|[from] item: Leftovers
|-damage|p1a: Ferrothorn|74\/352 brn|[from] brn
|turn|22
|leave|Annoyer
|
|move|p2a: Rotom-Wash|Hidden Power|p1a: Ferrothorn
|-resisted|p1a: Ferrothorn
|-damage|p1a: Ferrothorn|44\/352 brn
|move|p1a: Ferrothorn|Knock Off|p2a: Rotom-Wash
|-damage|p2a: Rotom-Wash|0 fnt
|faint|p2a: Rotom-Wash
|
|-heal|p1a: Ferrothorn|66\/352 brn|[from] item: Leftovers
|-damage|p1a: Ferrothorn|22\/352 brn|[from] brn
|
|switch|p2a: Medicham|Medicham-Mega, F|232\/261
|-damage|p2a: Medicham|216\/261|[from] Stealth Rock
|turn|23
|
|move|p2a: Medicham|Psycho Cut|p1a: Ferrothorn
|-resisted|p1a: Ferrothorn
|-damage|p1a: Ferrothorn|0 fnt
|faint|p1a: Ferrothorn
|
|
|switch|p1a: Landorus|Landorus, M|195\/319
|-damage|p1a: Landorus|156\/319|[from] Stealth Rock
|turn|24
|
|switch|p2a: Mandibuzz|Mandibuzz, F|387\/423 tox
|-damage|p2a: Mandibuzz|282\/423 tox|[from] Stealth Rock
|move|p1a: Landorus|Earthquake|p2a: Mandibuzz
|-immune|p2a: Mandibuzz|[msg]
|
|-heal|p2a: Mandibuzz|308\/423 tox|[from] item: Leftovers
|-damage|p2a: Mandibuzz|282\/423 tox|[from] psn
|turn|25
|
|switch|p1a: Tyranitar|Tyranitar, M|342\/342
|-damage|p1a: Tyranitar|300\/342|[from] Stealth Rock
|-weather|Sandstorm
|move|p2a: Mandibuzz|Foul Play|p1a: Tyranitar
|-resisted|p1a: Tyranitar
|-damage|p1a: Tyranitar|225\/342
|
|-weather|Sandstorm|[upkeep]
|-heal|p2a: Mandibuzz|308\/423 tox|[from] item: Leftovers
|-damage|p2a: Mandibuzz|256\/423 tox|[from] psn
|turn|26
|
|detailschange|p1a: Tyranitar|Tyranitar-Mega, M
|message|Tyranitar has Mega Evolved into Mega Tyranitar!
|move|p1a: Tyranitar|Dragon Dance|p1a: Tyranitar
|-boost|p1a: Tyranitar|atk|1
|-boost|p1a: Tyranitar|spe|1
|move|p2a: Mandibuzz|Taunt|p1a: Tyranitar
|-start|p1a: Tyranitar|move: Taunt
|
|-weather|Sandstorm|[upkeep]
|-heal|p2a: Mandibuzz|282\/423 tox|[from] item: Leftovers
|-damage|p2a: Mandibuzz|204\/423 tox|[from] psn
|turn|27
|
|move|p1a: Tyranitar|Ice Punch|p2a: Mandibuzz
|-crit|p2a: Mandibuzz
|-supereffective|p2a: Mandibuzz
|-damage|p2a: Mandibuzz|0 fnt
|faint|p2a: Mandibuzz
|
|-weather|Sandstorm|[upkeep]
|
|switch|p2a: Azumarill|Azumarill, F|399\/399
|-damage|p2a: Azumarill|350\/399|[from] Stealth Rock
|turn|28
|
|move|p1a: Tyranitar|Rock Slide|p2a: Azumarill
|-damage|p2a: Azumarill|44\/399
|move|p2a: Azumarill|Brick Break|p1a: Tyranitar
|-crit|p1a: Tyranitar
|-supereffective|p1a: Tyranitar
|-damage|p1a: Tyranitar|0 fnt
|faint|p1a: Tyranitar
|
|-weather|Sandstorm|[upkeep]
|-damage|p2a: Azumarill|20\/399|[from] sandstorm
|leave|Flan76
|leave|Draeden BITG
|
|switch|p1a: Manaphy|Manaphy|154\/342
|-damage|p1a: Manaphy|112\/342|[from] Stealth Rock
|turn|29
|
|move|p1a: Manaphy|Scald|p2a: Azumarill
|-crit|p2a: Azumarill
|-resisted|p2a: Azumarill
|-damage|p2a: Azumarill|0 fnt
|faint|p2a: Azumarill
|
|-weather|none
|-heal|p1a: Manaphy|133\/342|[from] item: Leftovers
|
|switch|p2a: Tyranitar|Tyranitar, M|300\/342
|-damage|p2a: Tyranitar|258\/342|[from] Stealth Rock
|-weather|Sandstorm
|turn|30
|
|move|p2a: Tyranitar|Rock Slide|p1a: Manaphy
|-miss|p2a: Tyranitar|p1a: Manaphy
|move|p1a: Manaphy|Scald|p2a: Tyranitar
|-supereffective|p2a: Tyranitar
|-damage|p2a: Tyranitar|88\/342
|-status|p2a: Tyranitar|brn
|
|-weather|Sandstorm|[upkeep]
|-damage|p1a: Manaphy|112\/342|[from] sandstorm
|-heal|p1a: Manaphy|133\/342|[from] item: Leftovers
|-damage|p2a: Tyranitar|46\/342 brn|[from] brn
|turn|31
|chat|Laurel|r u kidding me right now
|
|move|p2a: Tyranitar|Rock Slide|p1a: Manaphy
|-damage|p1a: Manaphy|64\/342
|cant|p1a: Manaphy|flinch
|
|-weather|Sandstorm|[upkeep]
|-damage|p1a: Manaphy|43\/342|[from] sandstorm
|-heal|p1a: Manaphy|64\/342|[from] item: Leftovers
|-damage|p2a: Tyranitar|4\/342 brn|[from] brn
|turn|32
|
|move|p2a: Tyranitar|Rock Slide|p1a: Manaphy
|-miss|p2a: Tyranitar|p1a: Manaphy
|move|p1a: Manaphy|Scald|p2a: Tyranitar
|-supereffective|p2a: Tyranitar
|-damage|p2a: Tyranitar|0 fnt
|faint|p2a: Tyranitar
|
|-weather|Sandstorm|[upkeep]
|-damage|p1a: Manaphy|43\/342|[from] sandstorm
|-heal|p1a: Manaphy|64\/342|[from] item: Leftovers
|
|switch|p2a: Medicham|Medicham-Mega, F|216\/261
|-damage|p2a: Medicham|200\/261|[from] Stealth Rock
|turn|33
|chat|Laurel|well i lose
|chat|Laurel|nice!
|
|move|p2a: Medicham|Drain Punch|p1a: Manaphy
|-damage|p1a: Manaphy|0 fnt
|-heal|p2a: Medicham|232\/261|[from] drain|[of] p1a: Manaphy
|faint|p1a: Manaphy
|
|-weather|Sandstorm|[upkeep]
|-damage|p2a: Medicham|216\/261|[from] sandstorm
|
|switch|p1a: Landorus|Landorus, M|156\/319
|-damage|p1a: Landorus|117\/319|[from] Stealth Rock
|turn|34
|
|move|p1a: Landorus|Earthquake|p2a: Medicham
|-damage|p2a: Medicham|0 fnt
|faint|p2a: Medicham
|
|win|shartruce2
|leave|JabbaTheGriffin
|leave|King Verlis
|leave|Psycho Soldier
|chat|Laurel|gg
|chat|shartruce2|gg
|leave|Laurel
|player|p2
|leave|GobiGobi
|leave|Moony
|leave|HOT PIECE OF MEAT
|leave|Honor
|join|angriest
|leave|angriest
|leave|McMeghan
|leave|lunarr
|join|Irra is sexy
|leave|Irra is sexy
|join|UbersLadder=Cancer
|leave|UbersLadder=Cancer
|leave|the pdc show
|join|Lionel Oyakata
|leave|Lionel Oyakata
|leave|uCan'tSeeMe
|join|HOT PIECE OF MEAT
|leave|HOT PIECE OF MEAT
|leave|trolll0rd
|join|the Jaiho
|join|yan sogeking
|join|ShootingStarmie
|leave|shartruce2
|player|p1
|join|Sw4g Fag