|J|the pdc show
|J|shartruce2
|player|p1|the pdc show|101
|player|p2|shartruce2|43
|gametype|singles
|gen|6
|tier|OU
|clearpoke
|poke|p1|Keldeo
|poke|p1|Landorus, M
|poke|p1|Tyranitar, M
|poke|p1|Heatran, F
|poke|p1|Clefable, F
|poke|p1|Venusaur, M
|poke|p2|Reuniclus, F
|poke|p2|Hippowdon, M
|poke|p2|Tornadus-Therian, M
|poke|p2|Starmie
|poke|p2|Charizard, M
|poke|p2|Clefable, F
|rule|Swagger Clause: Swagger is banned
|rule|Baton Pass Clause: Limit one PokÃ©mon knowing Baton Pass
|rule|Sleep Clause Mod: Limit one foe put to sleep
|rule|Species Clause: Limit one of each PokÃ©mon
|rule|OHKO Clause: OHKO moves are banned
|rule|Moody Clause: Moody is banned
|rule|Evasion Moves Clause: Evasion moves are banned
|rule|Endless Battle Clause: Forcing endless battles is banned
|rule|HP Percentage Mod: HP is shown in percentages
|teampreview
|c|âthe pdc show|u
|c|âthe pdc show|gotta be kidding me....
|J|BAIKA
|J|Mizuhime
|J|Praj.pran
|J|MoxieInfinite
|c|+Mizuhime|nice lose 
|J|Panda Queen
|J|snackwrap ladderin
|J|Yohoe
|J|aldaron
|c|âthe pdc show|this is just
|c|âthe pdc show|disgusting
|c|âthe pdc show|LOL
|c|+Mizuhime|click x go for g2
|c|âshartruce2|u got dis dw
|c|+Mizuhime|yn
|c|âthe pdc show|nah mizu
|J|I Iike Squirtles
|J|Escavalier
|c|âthe pdc show|imma fite
|J|1-800-HIT-THEX
|J|Lvn on a pryr
|c|âthe pdc show|even though i just realized i had to olt now
|c|âshartruce2|ima screw it up somehow
|J|no reqs for u
|J|The DragonKnight
|J|The Sliggo
|c|âthe pdc show|no u won't
|J|GrantHolt
|J|Trickzio
|J|xtraDOLLARshine
|c|âthe pdc show|how do i beat
|c|âthe pdc show|half ur team
|J|bro fist
|c| Panda Queen|plays
|J|Gizmo
|J|Phuck Dis Cunt
|J|McMeghan
|J|Bad Ass
|J|FAJI
|J|mega meganium x
|c| GrantHolt|go startruce2!
|c|âthe pdc show|mite as well
|J|Drake's Emotions
|c| Drake's Emotions|im here
|c|âthe pdc show|lead reuniclus t1
|J|anphonic
|c|+Bad Ass|why are u using tesungs team
|J|Raik
|J|IAmGingy
|c|+Bad Ass|im pretty sure that was tailor made for masterclass
|J|MoxieInfinite
|c|+Bad Ass|o i forgot ppl dont prepare for reun lol
|c|+Bad Ass|such a good mon
|J|moundir
|J|Evuelf
|
|start
|switch|p1a: Heatran|Heatran, F|385\/385
|switch|p2a: Tornadus-Therian|Tornadus-Therian, M|323\/323
|turn|1
|c|+Praj.pran|ttar can take reun rite?
|J|The Goomy
|c|âthe pdc show|no praj
|c|âthe pdc show|i can't....
|c|+BAIKA|can you m*therfuckers stfu
|c|+BAIKA|i want to watch an epic pokemon battle
|J|RedKingAlmighty
|c|+bro fist|rude
|
|move|p1a: Heatran|Protect|p1a: Heatran
|-singleturn|p1a: Heatran|Protect
|move|p2a: Tornadus-Therian|U-turn|p1a: Heatran
|-activate|p1a: Heatran|Protect
|
|turn|2
|J|the Jaiho
|
|move|p2a: Tornadus-Therian|U-turn|p1a: Heatran
|-resisted|p1a: Heatran
|-damage|p1a: Heatran|372\/385
|c|âthe pdc show|good thing this is specstran
|
|switch|p2a: Starmie|Starmie|321\/321
|move|p1a: Heatran|Toxic|p2a: Starmie
|-status|p2a: Starmie|tox
|
|-heal|p1a: Heatran|385\/385|[from] item: Leftovers
|-damage|p2a: Starmie|301\/321 tox|[from] psn
|turn|3
|
|switch|p2a: Hippowdon|Hippowdon, M|417\/417
|-weather|Sandstorm
|move|p1a: Heatran|Protect|p1a: Heatran
|-fail|p1a: Heatran
|
|-weather|Sandstorm|[upkeep]
|turn|4
|J|steeljackal
|J|Reanbell
|c| Ashe Maree|.
|J|Funkasaurus
|J|cbt
|c|âthe pdc show|if i stealth rock here do i get any bonus points
|J|yuy
|
|switch|p1a: Venusaur|Venusaur, M|351\/351
|move|p2a: Hippowdon|Stealth Rock|p1a: Venusaur
|-sidestart|p1: the pdc show|move: Stealth Rock
|
|-weather|Sandstorm|[upkeep]
|-damage|p1a: Venusaur|330\/351|[from] sandstorm
|turn|5
|J|Tom Bus
|c|+innovamania|pdc is this gonna be content
|c|+RedKingAlmighty|theres bonus points for dying horribly?
|c|+Tom Bus|nice Tesung teams
|
|switch|p2a: Charizard|Charizard, M|359\/359
|detailschange|p1a: Venusaur|Venusaur-Mega, M
|-mega|p1a: Venusaur|Venusaur|Venusaurite
|move|p1a: Venusaur|Sludge Bomb|p2a: Charizard
|-damage|p2a: Charizard|182\/359
|
|-weather|Sandstorm|[upkeep]
|-damage|p2a: Charizard|160\/359|[from] sandstorm
|-damage|p1a: Venusaur|309\/351|[from] sandstorm
|turn|6
|c|âthe pdc show|where is the poison
|c|âthe pdc show|good lord
|
|detailschange|p2a: Charizard|Charizard-Mega-X, M
|-mega|p2a: Charizard|Charizard|Charizardite X
|move|p2a: Charizard|Roost|p2a: Charizard
|-heal|p2a: Charizard|340\/359
|move|p1a: Venusaur|Sludge Bomb|p2a: Charizard
|-crit|p2a: Charizard
|-damage|p2a: Charizard|88\/359
|
|-weather|Sandstorm|[upkeep]
|-damage|p2a: Charizard|66\/359|[from] sandstorm
|-damage|p1a: Venusaur|288\/351|[from] sandstorm
|turn|7
|J|big girls cry
|c|+BAIKA|got em
|c|âthe pdc show|nah
|J|Sinclair
|J|Orch
|c|+Sinclair|mex!
|J|reyscarface
|c|âthe pdc show|hMMMMM
|J|ailurophilia
|J|m00n's blanket
|
|switch|p1a: Heatran|Heatran, F|385\/385
|-damage|p1a: Heatran|337\/385|[from] Stealth Rock
|move|p2a: Charizard|Roost|p2a: Charizard
|-heal|p2a: Charizard|246\/359
|
|-weather|none
|-heal|p1a: Heatran|361\/385|[from] item: Leftovers
|turn|8
|c|+Sinclair|ur boutta get eqd
|L|Ashe Maree
|c|âthe pdc show|ok
|c|+Sinclair|wat are u doin
|c|âthe pdc show|go ahead
|c|âthe pdc show|eq me
|c|âthe pdc show|sinclair i've already lost 
|
|switch|p2a: Starmie|Starmie|301\/321
|move|p1a: Heatran|Stealth Rock|p2a: Starmie
|-sidestart|p2: shartruce2|move: Stealth Rock
|
|-heal|p2a: Starmie|321\/321|[from] item: Leftovers
|-heal|p1a: Heatran|385\/385|[from] item: Leftovers
|turn|9
|J|Ashe Maree
|c|+Sinclair|i know
|c|+Sinclair|jaja
|c|âthe pdc show|:(
|c| FAJI|dont stop
|c| FAJI|believing 
|
|move|p2a: Starmie|Rapid Spin|p1a: Heatran
|-resisted|p1a: Heatran
|-damage|p1a: Heatran|380\/385
|-sideend|p2: shartruce2|Stealth Rock|[from] move: Rapid Spin|[of] p2a: Starmie
|move|p1a: Heatran|Toxic|p2a: Starmie|[miss]
|-miss|p1a: Heatran|p2a: Starmie
|
|-heal|p1a: Heatran|385\/385|[from] item: Leftovers
|turn|10
|c|âthe pdc show|sigh.
|c|+Sinclair|?
|
|switch|p1a: Clefable|Clefable, F|394\/394
|move|p2a: Starmie|Scald|p1a: Clefable
|-damage|p1a: Clefable|303\/394
|
|-heal|p1a: Clefable|327\/394|[from] item: Leftovers
|turn|11
|J|Scotti*
|J|Dread Arceus
|c|+Sinclair|now if this was cm stored power
|c|+Sinclair|gg.
|c|âthe pdc show|i still lose to reuniclus
|c|âthe pdc show|?_?
|J|Ken Valbrandur
|c|+Sinclair|nawgh
|J|TSV3CTOR
|c|+Sinclair|hes psychic
|c|+Sinclair|dw
|
|switch|p2a: Reuniclus|Reuniclus, F|416\/416
|move|p1a: Clefable|Thunder Wave|p2a: Reuniclus
|-status|p2a: Reuniclus|par
|
|-heal|p1a: Clefable|351\/394|[from] item: Leftovers
|turn|12
|J|fingerscrossed
|J|Ojama
|c|âthe pdc show|gg
|c|+fingerscrossed|whoa flens 
|c| FAJI|...
|c| FAJI|whys this guy tryna be shake
|J|windsong!!
|c|+windsong!!|woooo
|c|+fingerscrossed|im offended 
|c|+Dread Arceus|lol
|c|âthe pdc show|windsong!!!!
|c|âthe pdc show|i got a pull up bar
|c|âthe pdc show|:]
|c|+windsong!!|:]
|
|switch|p1a: Tyranitar|Tyranitar, M|342\/342
|-damage|p1a: Tyranitar|300\/342|[from] Stealth Rock
|-weather|Sandstorm
|move|p2a: Reuniclus|Focus Blast|p1a: Tyranitar|[miss]
|-miss|p2a: Reuniclus|p1a: Tyranitar
|
|-weather|Sandstorm|[upkeep]
|turn|13
|J|Zamrock
|c|âthe pdc show|luck....
|c| mega meganium x|typical palkia dialga clash
|c| FAJI|hey jirachee
|
|move|p1a: Tyranitar|Pursuit|p2a: Reuniclus
|-supereffective|p2a: Reuniclus
|-damage|p2a: Reuniclus|300\/416 par
|move|p2a: Reuniclus|Recover|p2a: Reuniclus
|-heal|p2a: Reuniclus|416\/416 par
|
|-weather|Sandstorm|[upkeep]
|turn|14
|c|+Sinclair|lol 0
|c|âthe pdc show|i just can't stop
|c|+Zamrock|you got this shart!!!
|c| mega meganium x|what's up FAJI.
|c| mega meganium x|nice name.
|c|âthe pdc show|shart has already won
|c|âthe pdc show|hello.
|L|Yohoe
|c|+Zamrock|rip
|L|Mizuhime
|
|switch|p1a: Landorus|Landorus, M|319\/319
|-damage|p1a: Landorus|280\/319|[from] Stealth Rock
|move|p2a: Reuniclus|Psyshock|p1a: Landorus
|-damage|p1a: Landorus|156\/319
|
|-weather|Sandstorm|[upkeep]
|turn|15
|c|âthe pdc show|unstoppable
|c|+Sinclair|rock slide
|
|switch|p2a: Tornadus-Therian|Tornadus-Therian, M|323\/323
|move|p1a: Landorus|Rock Slide|p2a: Tornadus-Therian
|-supereffective|p2a: Tornadus-Therian
|-damage|p2a: Tornadus-Therian|42\/323
|
|-weather|Sandstorm|[upkeep]
|-damage|p2a: Tornadus-Therian|22\/323|[from] sandstorm
|turn|16
|c|+Sinclair|the torn
|c|âthe pdc show|LOL
|c|+Sinclair|rn
|c|+Sinclair|ofuck
|c|+Sinclair|LOL
|J|H-C
|c|+MoxieInfinite|rofl
|c|+Zamrock|oshit
|c|+The DragonKnight|LOL
|c|+Zamrock|he actually
|c|+fingerscrossed|oooooooooooooooooooooooooooooooooooooooooooooooooooooooooo
|c|+Sinclair|i promise i didnt kno
|c|+Zamrock|got it
|c|+Trickzio|damn...
|c|+Zamrock|bop
|c|+Sinclair|LOL
|c| no reqs for u|LOL
|J|cosine180
|L|m00n's blanket
|c|+innovamania|got em
|
|switch|p2a: Hippowdon|Hippowdon, M|417\/417
|switch|p1a: Heatran|Heatran, F|385\/385
|-damage|p1a: Heatran|337\/385|[from] Stealth Rock
|
|-weather|none
|-heal|p1a: Heatran|361\/385|[from] item: Leftovers
|turn|17
|c| Ashe Maree|damn
|J|BIHI
|c|+Zamrock|it don't faze shart
|c|+Gizmo|tbh
|c|+Gizmo|as long as reun is still alive
|c|+Gizmo|there's hope
|J|prettymotherfvcker
|c| Ken Valbrandur|o_o
|c|+IAmGingy|thks for the insight g
|c|+Gizmo|pro insight!
|c|+Gizmo|g
|
|switch|p1a: Venusaur|Venusaur-Mega, M|288\/351
|-damage|p1a: Venusaur|245\/351|[from] Stealth Rock
|move|p2a: Hippowdon|Earthquake|p1a: Venusaur
|-damage|p1a: Venusaur|131\/351
|
|turn|18
|c| Lvn on a pryr|lets face it reun is gunns get full parad 4 times in a row
|c|âthe pdc show|thats just doing to much
|c| Lvn on a pryr|and die
|L|big girls cry
|J|big girls cry
|
|switch|p2a: Reuniclus|Reuniclus, F|416\/416 par
|move|p1a: Venusaur|Synthesis|p1a: Venusaur
|-heal|p1a: Venusaur|306\/351
|
|turn|19
|c|+Gizmo|faint*
|J|TheGary2346
|c|âthe pdc show|hmMMMMM
|J|Jukain
|J|Magnemite
|c|+Gizmo|legendary knock off venu
|c|âthe pdc show|i bet i can crit him
|J|I am Javert
|
|switch|p1a: Tyranitar|Tyranitar, M|300\/342
|-damage|p1a: Tyranitar|258\/342|[from] Stealth Rock
|-weather|Sandstorm
|move|p2a: Reuniclus|Psyshock|p1a: Tyranitar
|-immune|p1a: Tyranitar|[msg]
|
|-weather|Sandstorm|[upkeep]
|turn|20
|c| big girls cry|big girls cry when their hearts are breaking
|c|@Funkasaurus|same
|J|King & Queen
|J|mushmunkey
|J|SAM BRAZER
|J|Ninja = c- rank
|J|They Call me Good
|J|metmaver
|J|Yiffeon
|L|FAJI
|c|âthe pdc show|ttar u gotta crit here
|
|move|p1a: Tyranitar|Crunch|p2a: Reuniclus
|-supereffective|p2a: Reuniclus
|-damage|p2a: Reuniclus|162\/416 par
|-unboost|p2a: Reuniclus|def|1
|move|p2a: Reuniclus|Recover|p2a: Reuniclus
|-heal|p2a: Reuniclus|370\/416 par
|
|-weather|Sandstorm|[upkeep]
|-heal|p2a: Reuniclus|396\/416 par|[from] item: Leftovers
|turn|21
|c| big girls cry|<3 funk
|L|RedKingAlmighty
|c|@Funkasaurus|hi
|c| Lvn on a pryr|woah
|J|Baselord CTC
|c|+innovamania|show me the funk :o
|c|+windsong!!|funk!
|c|+IAmGingy|its ebelt tar gunna hitem up w\/ that pursuit
|c|+cosine180|ez psyshock y\/n
|c|+steeljackal|n.
|c|âthe pdc show|ssssh gingy
|c|âthe pdc show|don't give it away
|c|+mushmunkey|this is worse then ou chat lmop
|J|Vrille
|c|@Funkasaurus|windsong!! !
|c|+The Goomy|shut up mush
|c|@Funkasaurus|lmop!
|c| Ashe Maree|mushmunkey, shut up
|c|+Gizmo|dafuq is lmop
|
|switch|p1a: Keldeo|Keldeo|323\/323
|-damage|p1a: Keldeo|303\/323|[from] Stealth Rock
|switch|p2a: Clefable|Clefable, F|394\/394
|
|-weather|Sandstorm|[upkeep]
|-damage|p1a: Keldeo|283\/323|[from] sandstorm
|turn|22
|c| Ashe Maree|you are literally worse than Tele
|c|@Funkasaurus|ayy lmop
|J|nidvikie
|c|+cosine180|+cosine180: ez psyshock y\/n
|c|+Zamrock|lmop
|c|+mushmunkey|thanks I gues?
|J|sweet smoke
|J|Ary
|
|switch|p1a: Venusaur|Venusaur-Mega, M|306\/351
|-damage|p1a: Venusaur|263\/351|[from] Stealth Rock
|move|p2a: Clefable|Moonblast|p1a: Venusaur
|-resisted|p1a: Venusaur
|-damage|p1a: Venusaur|215\/351
|
|-weather|Sandstorm|[upkeep]
|-damage|p1a: Venusaur|194\/351|[from] sandstorm
|turn|23
|c| nidvikie|ok
|c| Ninja = c- rank|Tele is a great player, you should be honoured to even be compared to him.
|c| Ashe Maree|.
|c|+mushmunkey|yeah
|c|+cosine180|.
|c| Ninja = c- rank|And yeah, this is exactly like ou chat.
|c|+mushmunkey|I am honored 
|c| nidvikie|ok
|c|+mushmunkey|tele = ou
|c| Panda Queen|telegend
|c|+mushmunkey|he's my inspiration 
|c|+The Goomy|SHUT UP
|c|+Trickzio|^
|c|+mushmunkey|im so good coz of tele u noobs
|c|+windsong!!|lmao
|c|+Gizmo|lmop*
|c| nidvikie|ok
|c|+Updated Kanto|this is cancer
|L|TSV3CTOR
|raw|<div class="broadcast-red"><b>Moderated chat was set to +!<\/b><br \/>Only users of rank + and higher can talk.<\/div>
|
|switch|p2a: Charizard|Charizard-Mega-X, M|246\/359
|move|p1a: Venusaur|Sludge Bomb|p2a: Charizard
|-damage|p2a: Charizard|95\/359
|
|-weather|none
|turn|24
|L|Ary
|
|switch|p1a: Heatran|Heatran, F|361\/385
|-damage|p1a: Heatran|313\/385|[from] Stealth Rock
|move|p2a: Charizard|Roost|p2a: Charizard
|-heal|p2a: Charizard|275\/359
|
|-heal|p1a: Heatran|337\/385|[from] item: Leftovers
|turn|25
|J|DracoNinja
|
|switch|p2a: Starmie|Starmie|321\/321
|move|p1a: Heatran|Stealth Rock|p2a: Starmie
|-sidestart|p2: shartruce2|move: Stealth Rock
|
|-heal|p1a: Heatran|361\/385|[from] item: Leftovers
|turn|26
|c|+mushmunkey|nice modchat
|c|+mushmunkey|top kek
|L|mushmunkey
|J|MetalGross
|c|+TRC|big girls cry when their hearts are breaking :[
|
|move|p2a: Starmie|Rapid Spin|p1a: Heatran
|-resisted|p1a: Heatran
|-damage|p1a: Heatran|355\/385
|-sideend|p2: shartruce2|Stealth Rock|[from] move: Rapid Spin|[of] p2a: Starmie
|move|p1a: Heatran|Toxic|p2a: Starmie
|-status|p2a: Starmie|tox
|
|-heal|p1a: Heatran|379\/385|[from] item: Leftovers
|-damage|p2a: Starmie|301\/321 tox|[from] psn
|turn|27
|L|Praj.pran
|J|Leftiez
|c|+Sinclair|gotta ask funk mcm or aldaron
|c|+Sinclair|to set it
|c|âthe pdc show|ye
|raw|<div class="broadcast-red"><b>Moderated chat was set to %!<\/b><br \/>Only users of rank % and higher can talk.<\/div>
|
|move|p2a: Starmie|Scald|p1a: Heatran
|-supereffective|p1a: Heatran
|-damage|p1a: Heatran|229\/385
|move|p1a: Heatran|Stealth Rock|p2a: Starmie
|-sidestart|p2: shartruce2|move: Stealth Rock
|
|-heal|p2a: Starmie|321\/321 tox|[from] item: Leftovers
|-heal|p1a: Heatran|253\/385|[from] item: Leftovers
|-damage|p2a: Starmie|281\/321 tox|[from] psn
|turn|28
|J|Misery Business
|c|âthe pdc show|why do u lack taunt tesung
|c|âthe pdc show|nice clefable...
|
|move|p1a: Heatran|Protect|p1a: Heatran
|-singleturn|p1a: Heatran|Protect
|move|p2a: Starmie|Rapid Spin|p1a: Heatran
|-activate|p1a: Heatran|Protect
|
|-heal|p2a: Starmie|301\/321 tox|[from] item: Leftovers
|-heal|p1a: Heatran|277\/385|[from] item: Leftovers
|-damage|p2a: Starmie|241\/321 tox|[from] psn
|turn|29
|J|Yuttt.ninja
|J|Reud
|
|switch|p2a: Hippowdon|Hippowdon, M|417\/417
|-damage|p2a: Hippowdon|391\/417|[from] Stealth Rock
|-weather|Sandstorm
|move|p1a: Heatran|Lava Plume|p2a: Hippowdon
|-damage|p2a: Hippowdon|259\/417
|
|-weather|Sandstorm|[upkeep]
|-heal|p1a: Heatran|301\/385|[from] item: Leftovers
|-heal|p2a: Hippowdon|285\/417|[from] item: Leftovers
|turn|30
|c|âthe pdc show|NO burn
|
|switch|p1a: Landorus|Landorus, M|156\/319
|-damage|p1a: Landorus|117\/319|[from] Stealth Rock
|move|p2a: Hippowdon|Slack Off|p2a: Hippowdon
|-heal|p2a: Hippowdon|417\/417
|
|-weather|Sandstorm|[upkeep]
|turn|31
|J|Praj.pran
|
|move|p1a: Landorus|Psychic|p2a: Hippowdon
|-damage|p2a: Hippowdon|205\/417
|move|p2a: Hippowdon|Slack Off|p2a: Hippowdon
|-heal|p2a: Hippowdon|414\/417
|
|-weather|Sandstorm|[upkeep]
|-heal|p2a: Hippowdon|417\/417|[from] item: Leftovers
|turn|32
|L|xtraDOLLARshine
|J|kokoloko
|L|nidvikie
|J|nidvikie
|
|move|p1a: Landorus|Psychic|p2a: Hippowdon
|-damage|p2a: Hippowdon|231\/417
|move|p2a: Hippowdon|Stone Edge|p1a: Landorus|[miss]
|-miss|p2a: Hippowdon|p1a: Landorus
|
|-weather|Sandstorm|[upkeep]
|-heal|p2a: Hippowdon|257\/417|[from] item: Leftovers
|turn|33
|J|dominions
|J|Hayley
|J|Zephir
|L|nidvikie
|
|move|p1a: Landorus|Psychic|p2a: Hippowdon
|-damage|p2a: Hippowdon|71\/417
|move|p2a: Hippowdon|Slack Off|p2a: Hippowdon
|-heal|p2a: Hippowdon|280\/417
|
|-weather|none
|-heal|p2a: Hippowdon|306\/417|[from] item: Leftovers
|turn|34
|L|DracoNinja
|
|move|p1a: Landorus|Earth Power|p2a: Hippowdon
|-damage|p2a: Hippowdon|0 fnt
|faint|p2a: Hippowdon
|
|J|dekzeh
|c|âthe pdc show|hey me & shartruce agreed to pause the game for like 10 minutes or so as i have to leave for a short while
|c|âthe pdc show|:]
|L|reyscarface
|L|the Jaiho
|L|Reanbell
|J|Arcticblast
|c|@Funkasaurus|i bet u guys would be mad if i turned the timer on xD
|
|switch|p2a: Starmie|Starmie|241\/321
|-damage|p2a: Starmie|201\/321|[from] Stealth Rock
|turn|35
|L|Zephir
|J|I Will Remain
|L|Reud
|J|Steve Angello
|L|MoxieInfinite
|L|Evuelf
|J|CrashinBoomBang
|L|SAM BRAZER
|J|Mizuhime
|J|New Breed
|J|WormsAteMyBrain
|L|WormsAteMyBrain
|c|âthe pdc show|back
|c|âthe pdc show|sorry forthe wait
|J|Lyconik
|J|I can't poop
|L|steeljackal
|
|switch|p1a: Clefable|Clefable, F|351\/394
|move|p2a: Starmie|Scald|p1a: Clefable
|-damage|p1a: Clefable|264\/394
|-status|p1a: Clefable|brn
|
|-heal|p2a: Starmie|221\/321|[from] item: Leftovers
|-heal|p1a: Clefable|288\/394 brn|[from] item: Leftovers
|turn|36
|L|Magnemite
|J|sugarhigh
|L|iplaytennislol
|L|Raik
|L|TheGary2346
|J|reyscarface
|
|move|p2a: Starmie|Reflect Type|p1a: Clefable
|-start|p2a: Starmie|typechange|[from] move: Reflect Type|[of] p1a: Clefable
|move|p1a: Clefable|Calm Mind|p1a: Clefable
|-boost|p1a: Clefable|spa|1
|-boost|p1a: Clefable|spd|1
|
|-heal|p2a: Starmie|241\/321|[from] item: Leftovers
|-heal|p1a: Clefable|312\/394 brn|[from] item: Leftovers
|turn|37
|
|switch|p2a: Reuniclus|Reuniclus, F|396\/416 par
|move|p1a: Clefable|Calm Mind|p1a: Clefable
|-boost|p1a: Clefable|spa|1
|-boost|p1a: Clefable|spd|1
|
|-heal|p1a: Clefable|336\/394 brn|[from] item: Leftovers
|-heal|p2a: Reuniclus|416\/416 par|[from] item: Leftovers
|turn|38
|J|bouff
|c|âthe pdc show|praying 4 para
|
|move|p1a: Clefable|Moonblast|p2a: Reuniclus
|-damage|p2a: Reuniclus|193\/416 par
|-unboost|p2a: Reuniclus|spa|1
|move|p2a: Reuniclus|Calm Mind|p2a: Reuniclus
|-boost|p2a: Reuniclus|spa|1
|-boost|p2a: Reuniclus|spd|1
|
|-heal|p1a: Clefable|360\/394 brn|[from] item: Leftovers
|-heal|p2a: Reuniclus|219\/416 par|[from] item: Leftovers
|turn|39
|J|MoxieInfinite
|c|âthe pdc show|lgi!!!!!!
|
|move|p1a: Clefable|Moonblast|p2a: Reuniclus
|-damage|p2a: Reuniclus|59\/416 par
|move|p2a: Reuniclus|Recover|p2a: Reuniclus
|-heal|p2a: Reuniclus|267\/416 par
|
|-heal|p1a: Clefable|384\/394 brn|[from] item: Leftovers
|-heal|p2a: Reuniclus|293\/416 par|[from] item: Leftovers
|turn|40
|L|Praj.pran
|
|move|p1a: Clefable|Moonblast|p2a: Reuniclus
|-crit|p2a: Reuniclus
|-damage|p2a: Reuniclus|0 fnt
|faint|p2a: Reuniclus
|
|-heal|p1a: Clefable|394\/394 brn|[from] item: Leftovers
|
|switch|p2a: Clefable|Clefable, F|394\/394
|turn|41
|c|âthe pdc show|oops
|c|âthe pdc show|i am
|c|âthe pdc show|sorry
|c|âthe pdc show|thats
|c|âthe pdc show|rlly aids
|L|I am Javert
|
|move|p2a: Clefable|Calm Mind|p2a: Clefable
|-boost|p2a: Clefable|spa|1
|-boost|p2a: Clefable|spd|1
|move|p1a: Clefable|Moonblast|p2a: Clefable
|-damage|p2a: Clefable|277\/394
|
|-heal|p2a: Clefable|301\/394|[from] item: Leftovers
|turn|42
|J|Evuelf
|L|MoxieInfinite
|
|move|p2a: Clefable|Calm Mind|p2a: Clefable
|-boost|p2a: Clefable|spa|1
|-boost|p2a: Clefable|spd|1
|move|p1a: Clefable|Thunder Wave|p2a: Clefable
|-status|p2a: Clefable|par
|
|-heal|p2a: Clefable|325\/394 par|[from] item: Leftovers
|turn|43
|J|Gelly
|
|move|p1a: Clefable|Calm Mind|p1a: Clefable
|-boost|p1a: Clefable|spa|1
|-boost|p1a: Clefable|spd|1
|move|p2a: Clefable|Calm Mind|p2a: Clefable
|-boost|p2a: Clefable|spa|1
|-boost|p2a: Clefable|spd|1
|
|-heal|p2a: Clefable|349\/394 par|[from] item: Leftovers
|turn|44
|
|move|p1a: Clefable|Calm Mind|p1a: Clefable
|-boost|p1a: Clefable|spa|1
|-boost|p1a: Clefable|spd|1
|move|p2a: Clefable|Calm Mind|p2a: Clefable
|-boost|p2a: Clefable|spa|1
|-boost|p2a: Clefable|spd|1
|
|-heal|p2a: Clefable|373\/394 par|[from] item: Leftovers
|turn|45
|
|move|p1a: Clefable|Calm Mind|p1a: Clefable
|-boost|p1a: Clefable|spa|1
|-boost|p1a: Clefable|spd|1
|move|p2a: Clefable|Calm Mind|p2a: Clefable
|-boost|p2a: Clefable|spa|1
|-boost|p2a: Clefable|spd|1
|
|-heal|p2a: Clefable|394\/394 par|[from] item: Leftovers
|turn|46
|
|move|p1a: Clefable|Calm Mind|p1a: Clefable
|-boost|p1a: Clefable|spa|1
|-boost|p1a: Clefable|spd|1
|move|p2a: Clefable|Calm Mind|p2a: Clefable
|-boost|p2a: Clefable|spa|1
|-boost|p2a: Clefable|spd|1
|
|turn|47
|c|âthe pdc show|i'm gonna have to crit u
|c|âthe pdc show|i'm sorry
|
|move|p1a: Clefable|Moonblast|p2a: Clefable
|-damage|p2a: Clefable|297\/394 par
|cant|p2a: Clefable|par
|
|-heal|p2a: Clefable|321\/394 par|[from] item: Leftovers
|turn|48
|J|In Silence
|
|move|p1a: Clefable|Moonblast|p2a: Clefable
|-damage|p2a: Clefable|225\/394 par
|-unboost|p2a: Clefable|spa|1
|move|p2a: Clefable|Soft-Boiled|p2a: Clefable
|-heal|p2a: Clefable|394\/394 par
|
|turn|49
|
|move|p1a: Clefable|Moonblast|p2a: Clefable
|-damage|p2a: Clefable|303\/394 par
|cant|p2a: Clefable|par
|
|-heal|p2a: Clefable|327\/394 par|[from] item: Leftovers
|turn|50
|J|Void
|
|move|p1a: Clefable|Moonblast|p2a: Clefable
|-damage|p2a: Clefable|231\/394 par
|move|p2a: Clefable|Soft-Boiled|p2a: Clefable
|-heal|p2a: Clefable|394\/394 par
|
|turn|51
|
|move|p1a: Clefable|Moonblast|p2a: Clefable
|-damage|p2a: Clefable|298\/394 par
|move|p2a: Clefable|Calm Mind|p2a: Clefable
|-boost|p2a: Clefable|spa|1
|
|-heal|p2a: Clefable|322\/394 par|[from] item: Leftovers
|turn|52
|
|move|p1a: Clefable|Moonblast|p2a: Clefable
|-damage|p2a: Clefable|234\/394 par
|-unboost|p2a: Clefable|spa|1
|move|p2a: Clefable|Soft-Boiled|p2a: Clefable
|-heal|p2a: Clefable|394\/394 par
|
|turn|53
|c|âthe pdc show|ight
|c|âthe pdc show|clefable
|c|âthe pdc show|ur gonna crit
|c|âthe pdc show|right fucking now
|
|move|p1a: Clefable|Moonblast|p2a: Clefable
|-damage|p2a: Clefable|304\/394 par
|-unboost|p2a: Clefable|spa|1
|move|p2a: Clefable|Moonblast|p1a: Clefable
|-damage|p1a: Clefable|322\/394 brn
|
|-heal|p1a: Clefable|346\/394 brn|[from] item: Leftovers
|-heal|p2a: Clefable|328\/394 par|[from] item: Leftovers
|turn|54
|
|move|p1a: Clefable|Moonblast|p2a: Clefable
|-damage|p2a: Clefable|229\/394 par
|move|p2a: Clefable|Calm Mind|p2a: Clefable
|-boost|p2a: Clefable|spa|1
|
|-heal|p1a: Clefable|370\/394 brn|[from] item: Leftovers
|-heal|p2a: Clefable|253\/394 par|[from] item: Leftovers
|turn|55
|c|âthe pdc show|now.
|
|move|p1a: Clefable|Moonblast|p2a: Clefable
|-damage|p2a: Clefable|153\/394 par
|cant|p2a: Clefable|par
|
|-heal|p1a: Clefable|394\/394 brn|[from] item: Leftovers
|-heal|p2a: Clefable|177\/394 par|[from] item: Leftovers
|turn|56
|c|âthe pdc show|ok ur gonna para right now
|
|move|p1a: Clefable|Moonblast|p2a: Clefable
|-damage|p2a: Clefable|78\/394 par
|move|p2a: Clefable|Soft-Boiled|p2a: Clefable
|-heal|p2a: Clefable|275\/394 par
|
|-heal|p2a: Clefable|299\/394 par|[from] item: Leftovers
|turn|57
|
|move|p1a: Clefable|Moonblast|p2a: Clefable
|-damage|p2a: Clefable|205\/394 par
|-unboost|p2a: Clefable|spa|1
|move|p2a: Clefable|Soft-Boiled|p2a: Clefable
|-heal|p2a: Clefable|394\/394 par
|
|turn|58
|L|I Will Remain
|
|move|p1a: Clefable|Moonblast|p2a: Clefable
|-damage|p2a: Clefable|298\/394 par
|-unboost|p2a: Clefable|spa|1
|move|p2a: Clefable|Calm Mind|p2a: Clefable
|-boost|p2a: Clefable|spa|1
|
|-heal|p2a: Clefable|322\/394 par|[from] item: Leftovers
|turn|59
|
|move|p1a: Clefable|Moonblast|p2a: Clefable
|-damage|p2a: Clefable|220\/394 par
|move|p2a: Clefable|Calm Mind|p2a: Clefable
|-boost|p2a: Clefable|spa|1
|
|-heal|p2a: Clefable|244\/394 par|[from] item: Leftovers
|turn|60
|
|move|p1a: Clefable|Moonblast|p2a: Clefable
|-damage|p2a: Clefable|156\/394 par
|-unboost|p2a: Clefable|spa|1
|cant|p2a: Clefable|par
|
|-heal|p2a: Clefable|180\/394 par|[from] item: Leftovers
|turn|61
|c|âthe pdc show|by the power of shakeitup
|c|âthe pdc show|crit \/ para
|
|move|p1a: Clefable|Moonblast|p2a: Clefable
|-damage|p2a: Clefable|92\/394 par
|move|p2a: Clefable|Soft-Boiled|p2a: Clefable
|-heal|p2a: Clefable|289\/394 par
|
|-heal|p2a: Clefable|313\/394 par|[from] item: Leftovers
|turn|62
|
|move|p1a: Clefable|Moonblast|p2a: Clefable
|-damage|p2a: Clefable|217\/394 par
|-unboost|p2a: Clefable|spa|1
|move|p2a: Clefable|Soft-Boiled|p2a: Clefable
|-heal|p2a: Clefable|394\/394 par
|
|turn|63
|J|ggggd
|
|move|p1a: Clefable|Moonblast|p2a: Clefable
|-damage|p2a: Clefable|292\/394 par
|move|p2a: Clefable|Calm Mind|p2a: Clefable
|-boost|p2a: Clefable|spa|1
|
|-heal|p2a: Clefable|316\/394 par|[from] item: Leftovers
|turn|64
|c|âthe pdc show|crit god damnit
|
|move|p1a: Clefable|Moonblast|p2a: Clefable
|-damage|p2a: Clefable|220\/394 par
|move|p2a: Clefable|Soft-Boiled|p2a: Clefable
|-heal|p2a: Clefable|394\/394 par
|
|turn|65
|
|move|p1a: Clefable|Moonblast|p2a: Clefable
|-damage|p2a: Clefable|298\/394 par
|cant|p2a: Clefable|par
|
|-heal|p2a: Clefable|322\/394 par|[from] item: Leftovers
|turn|66
|c|âthe pdc show|1 more.....
|c|âthe pdc show|,,,,
|J|River Martini
|
|move|p1a: Clefable|Moonblast|p2a: Clefable
|-damage|p2a: Clefable|229\/394 par
|-unboost|p2a: Clefable|spa|1
|move|p2a: Clefable|Soft-Boiled|p2a: Clefable
|-heal|p2a: Clefable|394\/394 par
|
|turn|67
|c|âthe pdc show|damn
|
|move|p1a: Clefable|Thunder Wave|p2a: Clefable
|-fail|p2a: Clefable|par
|move|p2a: Clefable|Calm Mind|p2a: Clefable
|-boost|p2a: Clefable|spa|1
|
|turn|68
|
|move|p1a: Clefable|Thunder Wave|p2a: Clefable
|-fail|p2a: Clefable|par
|cant|p2a: Clefable|par
|
|turn|69
|J|I Will Remain
|L|I Iike Squirtles
|
|move|p1a: Clefable|Thunder Wave|p2a: Clefable
|-fail|p2a: Clefable|par
|move|p2a: Clefable|Calm Mind|p2a: Clefable
|-boost|p2a: Clefable|spa|1
|
|turn|70
|
|move|p1a: Clefable|Calm Mind|p1a: Clefable
|-fail|p1a: Clefable
|move|p2a: Clefable|Calm Mind|p2a: Clefable
|-boost|p2a: Clefable|spa|1
|
|turn|71
|J|transoceanic
|
|move|p1a: Clefable|Calm Mind|p1a: Clefable
|-fail|p1a: Clefable
|move|p2a: Clefable|Moonblast|p1a: Clefable
|-damage|p1a: Clefable|298\/394 brn
|-unboost|p1a: Clefable|spa|1
|
|-heal|p1a: Clefable|322\/394 brn|[from] item: Leftovers
|turn|72
|
|move|p1a: Clefable|Calm Mind|p1a: Clefable
|-boost|p1a: Clefable|spa|1
|move|p2a: Clefable|Moonblast|p1a: Clefable
|-crit|p1a: Clefable
|-damage|p1a: Clefable|0 fnt
|faint|p1a: Clefable
|
|c|âthe pdc show|good lrod.
|c|âshartruce2|o
|J|Reanbell
|c|âshartruce2|sorry
|c|âthe pdc show|nah u deserved it
|c|âthe pdc show|o k
|J|RiCH HOMiE CHRiS
|J|PROBLEMS
|J|pokeaim
|L|King & Queen
|J|craing ;_;
|J|Reymedy
|L|Reanbell
|
|switch|p1a: Landorus|Landorus, M|117\/319
|-damage|p1a: Landorus|78\/319|[from] Stealth Rock
|turn|73
|c|âthe pdc show|gotta crit at some point
|c|âthe pdc show|go ep crit!
|
|move|p1a: Landorus|Earth Power|p2a: Clefable
|-damage|p2a: Clefable|339\/394 par
|move|p2a: Clefable|Moonblast|p1a: Landorus
|-damage|p1a: Landorus|0 fnt
|faint|p1a: Landorus
|
|-heal|p2a: Clefable|363\/394 par|[from] item: Leftovers
|c|âthe pdc show|thats doing nothing...
|c|âthe pdc show|ight
|c|âthe pdc show|get para'd
|
|switch|p1a: Tyranitar|Tyranitar, M|258\/342
|-damage|p1a: Tyranitar|216\/342|[from] Stealth Rock
|-weather|Sandstorm
|turn|74
|c|âthe pdc show|crit em ttar
|
|move|p1a: Tyranitar|Stone Edge|p2a: Clefable
|-damage|p2a: Clefable|177\/394 par
|move|p2a: Clefable|Moonblast|p1a: Tyranitar
|-supereffective|p1a: Tyranitar
|-damage|p1a: Tyranitar|0 fnt
|faint|p1a: Tyranitar
|
|-weather|Sandstorm|[upkeep]
|-heal|p2a: Clefable|201\/394 par|[from] item: Leftovers
|
|switch|p1a: Venusaur|Venusaur-Mega, M|194\/351
|-damage|p1a: Venusaur|151\/351|[from] Stealth Rock
|turn|75
|
|move|p1a: Venusaur|Sludge Bomb|p2a: Clefable
|-supereffective|p2a: Clefable
|-damage|p2a: Clefable|123\/394 par
|move|p2a: Clefable|Soft-Boiled|p2a: Clefable
|-heal|p2a: Clefable|320\/394 par
|
|-weather|Sandstorm|[upkeep]
|-damage|p1a: Venusaur|130\/351|[from] sandstorm
|-heal|p2a: Clefable|344\/394 par|[from] item: Leftovers
|turn|76
|L|I Will Remain
|
|move|p1a: Venusaur|Sludge Bomb|p2a: Clefable
|-supereffective|p2a: Clefable
|-damage|p2a: Clefable|260\/394 par
|cant|p2a: Clefable|par
|
|-weather|Sandstorm|[upkeep]
|-damage|p1a: Venusaur|109\/351|[from] sandstorm
|-heal|p2a: Clefable|284\/394 par|[from] item: Leftovers
|turn|77
|
|move|p1a: Venusaur|Sludge Bomb|p2a: Clefable
|-supereffective|p2a: Clefable
|-damage|p2a: Clefable|206\/394 par
|move|p2a: Clefable|Ice Beam|p1a: Venusaur
|-crit|p1a: Venusaur
|-supereffective|p1a: Venusaur
|-damage|p1a: Venusaur|0 fnt
|faint|p1a: Venusaur
|
|-weather|Sandstorm|[upkeep]
|-heal|p2a: Clefable|230\/394 par|[from] item: Leftovers
|
|switch|p1a: Keldeo|Keldeo|283\/323
|-damage|p1a: Keldeo|263\/323|[from] Stealth Rock
|turn|78
|
|move|p1a: Keldeo|Secret Sword|p2a: Clefable
|-resisted|p2a: Clefable
|-damage|p2a: Clefable|110\/394 par
|cant|p2a: Clefable|par
|
|-weather|none
|-heal|p2a: Clefable|134\/394 par|[from] item: Leftovers
|turn|79
|L|Arcticblast
|c|âthe pdc show|GO
|c|âthe pdc show|GO
|c|âthe pdc show|GO
|
|move|p1a: Keldeo|Secret Sword|p2a: Clefable
|-resisted|p2a: Clefable
|-damage|p2a: Clefable|0 fnt
|faint|p2a: Clefable
|
|J|lanueba
|
|switch|p2a: Tornadus-Therian|Tornadus-Therian, M|129\/323
|-damage|p2a: Tornadus-Therian|49\/323|[from] Stealth Rock
|turn|80
|J|the Jaiho
|c|âthe pdc show|miss the hurricane
|c|âthe pdc show|good lord.
|J|Can-Eh-Dian
|J|iplaytennislol
|c|âthe pdc show|crit starmie on the u-turn
|c|âthe pdc show|i can feel it...
|
|move|p2a: Tornadus-Therian|U-turn|p1a: Keldeo
|-resisted|p1a: Keldeo
|-damage|p1a: Keldeo|230\/323
|J|Jorgen
|
|switch|p2a: Charizard|Charizard-Mega-X, M|275\/359
|-damage|p2a: Charizard|186\/359|[from] Stealth Rock
|move|p1a: Keldeo|Secret Sword|p2a: Charizard
|-damage|p2a: Charizard|0 fnt
|faint|p2a: Charizard
|
|J|i rekt you
|L|i rekt you
|J|flcl
|
|switch|p2a: Starmie|Starmie|241\/321
|-damage|p2a: Starmie|201\/321|[from] Stealth Rock
|turn|81
|L|Misery Business
|J|i rekt you
|J|SoulSur
|L|i rekt you
|
|move|p2a: Starmie|Recover|p2a: Starmie
|-heal|p2a: Starmie|321\/321
|move|p1a: Keldeo|Secret Sword|p2a: Starmie
|-resisted|p2a: Starmie
|-damage|p2a: Starmie|183\/321
|
|-heal|p2a: Starmie|203\/321|[from] item: Leftovers
|turn|82
|c|âthe pdc show|thats doing nothing...
|c|âthe pdc show|crit
|c|âthe pdc show|.
|
|move|p2a: Starmie|Recover|p2a: Starmie
|-heal|p2a: Starmie|321\/321
|move|p1a: Keldeo|Secret Sword|p2a: Starmie
|-resisted|p2a: Starmie
|-damage|p2a: Starmie|183\/321
|
|-heal|p2a: Starmie|203\/321|[from] item: Leftovers
|turn|83
|J|Dolph The Showoff
|J|vileman
|L|the Jaiho
|J|Dape Weeng
|
|move|p2a: Starmie|Recover|p2a: Starmie
|-heal|p2a: Starmie|321\/321
|move|p1a: Keldeo|Secret Sword|p2a: Starmie
|-resisted|p2a: Starmie
|-damage|p2a: Starmie|192\/321
|
|-heal|p2a: Starmie|212\/321|[from] item: Leftovers
|turn|84
|J|the Jaiho
|L|Leftiez
|J|CyclicCompound
|L|McMeghan
|
|switch|p1a: Heatran|Heatran, F|301\/385
|-damage|p1a: Heatran|253\/385|[from] Stealth Rock
|move|p2a: Starmie|Rapid Spin|p1a: Heatran
|-resisted|p1a: Heatran
|-damage|p1a: Heatran|248\/385
|-sideend|p2: shartruce2|Stealth Rock|[from] move: Rapid Spin|[of] p2a: Starmie
|
|-heal|p2a: Starmie|232\/321|[from] item: Leftovers
|-heal|p1a: Heatran|272\/385|[from] item: Leftovers
|turn|85
|
|move|p2a: Starmie|Scald|p1a: Heatran
|-supereffective|p1a: Heatran
|-damage|p1a: Heatran|120\/385
|move|p1a: Heatran|Toxic|p2a: Starmie
|-status|p2a: Starmie|tox
|
|-heal|p2a: Starmie|252\/321 tox|[from] item: Leftovers
|-heal|p1a: Heatran|144\/385|[from] item: Leftovers
|-damage|p2a: Starmie|232\/321 tox|[from] psn
|turn|86
|L|New Breed
|J|Under The Mask
|L|dekzeh
|c|âthe pdc show|lava plume the torn-t,,,,,
|
|switch|p2a: Tornadus-Therian|Tornadus-Therian, M|156\/323
|switch|p1a: Keldeo|Keldeo|230\/323
|-damage|p1a: Keldeo|210\/323|[from] Stealth Rock
|
|turn|87
|c|âthe pdc show|ah....
|c|âthe pdc show|ight ur gonna miss
|c|âthe pdc show|as i crit the starmie
|
|move|p2a: Tornadus-Therian|Hurricane|p1a: Keldeo|[miss]
|-miss|p2a: Tornadus-Therian|p1a: Keldeo
|move|p1a: Keldeo|Hydro Pump|p2a: Tornadus-Therian
|-damage|p2a: Tornadus-Therian|0 fnt
|faint|p2a: Tornadus-Therian
|
|c|âthe pdc show|lol i have to stop
|
|switch|p2a: Starmie|Starmie|232\/321
|turn|88
|L|Dape Weeng
|
|move|p2a: Starmie|Recover|p2a: Starmie
|-heal|p2a: Starmie|321\/321
|move|p1a: Keldeo|Hydro Pump|p2a: Starmie|[miss]
|-miss|p1a: Keldeo|p2a: Starmie
|
|turn|89
|
|move|p2a: Starmie|Scald|p1a: Keldeo
|-crit|p1a: Keldeo
|-resisted|p1a: Keldeo
|-damage|p1a: Keldeo|132\/323
|move|p1a: Keldeo|Hydro Pump|p2a: Starmie
|-resisted|p2a: Starmie
|-damage|p2a: Starmie|160\/321
|
|-heal|p2a: Starmie|180\/321|[from] item: Leftovers
|turn|90
|
|move|p2a: Starmie|Recover|p2a: Starmie
|-heal|p2a: Starmie|321\/321
|move|p1a: Keldeo|Hydro Pump|p2a: Starmie
|-resisted|p2a: Starmie
|-damage|p2a: Starmie|142\/321
|
|-heal|p2a: Starmie|162\/321|[from] item: Leftovers
|turn|91
|c|âthe pdc show|huge damage...
|
|switch|p1a: Heatran|Heatran, F|144\/385
|-damage|p1a: Heatran|96\/385|[from] Stealth Rock
|move|p2a: Starmie|Recover|p2a: Starmie
|-heal|p2a: Starmie|321\/321
|
|-heal|p1a: Heatran|120\/385|[from] item: Leftovers
|turn|92
|
|move|p1a: Heatran|Protect|p1a: Heatran
|-singleturn|p1a: Heatran|Protect
|move|p2a: Starmie|Scald|p1a: Heatran
|-activate|p1a: Heatran|Protect
|
|-heal|p1a: Heatran|144\/385|[from] item: Leftovers
|turn|93
|J|fresh two death
|c|âthe pdc show|channeling the power of shakeitup from
|c|âthe pdc show|2012
|
|move|p1a: Heatran|Protect|p1a: Heatran
|-singleturn|p1a: Heatran|Protect
|move|p2a: Starmie|Scald|p1a: Heatran
|-activate|p1a: Heatran|Protect
|
|-heal|p1a: Heatran|168\/385|[from] item: Leftovers
|turn|94
|c|âthe pdc show|ok no #3
|L|Vrille
|
|move|p2a: Starmie|Scald|p1a: Heatran
|-supereffective|p1a: Heatran
|-damage|p1a: Heatran|0 fnt
|faint|p1a: Heatran
|
|c|âthe pdc show|gg bud
|
|switch|p1a: Keldeo|Keldeo|132\/323
|-damage|p1a: Keldeo|112\/323|[from] Stealth Rock
|turn|95
|
|move|p2a: Starmie|Scald|p1a: Keldeo
|-crit|p1a: Keldeo
|-resisted|p1a: Keldeo
|-damage|p1a: Keldeo|31\/323
|move|p1a: Keldeo|Scald|p2a: Starmie
|-resisted|p2a: Starmie
|-damage|p2a: Starmie|211\/321
|
|-heal|p2a: Starmie|231\/321|[from] item: Leftovers
|turn|96
|J|Hasan Ismaik
|
|move|p2a: Starmie|Scald|p1a: Keldeo
|-crit|p1a: Keldeo
|-resisted|p1a: Keldeo
|-damage|p1a: Keldeo|0 fnt
|faint|p1a: Keldeo
|
|win|shartruce2
|L|Vileman
|c|âshartruce2|gg
|L|River Martini
|L|gelly
|c|âthe pdc show|gg
|L|kokoloko
|L|Ojama
|L|Sinclair
|L|lanueba
|L|TRC
|L|mega meganium x
|L|windsong!!
|L|craing ;_;
|L|Lvn on a pryr
|L|Trickzio
|c|âthe pdc show|96 turns
|L|Lyconik
|L|RiCH HOMiE CHRiS
|c|âthe pdc show|good lord
|L|transoceanic
|L|scotti
|L|Zamrock
|L|I can't poop
|L|the pdc show
|player|p1
|L|iplaytennislol
|L|prettymotherfvcker
|c|âshartruce2|that was
|L|Tom Bus
|L|Can-Eh-Dian
|c|âshartruce2|quite a match
|L|Ken Valbrandur
|L|the Jaiho
|L|PROBLEMS
|L|Subject 18
|L|pokeaim
|L|BAIKA
|L|The DragonKnight
|L|innovamania
|J|Subject 18
|L|IAmGingy
|L|H-C
|L|Gizmo
|L|Subject 18
|L|dominions
|L|The Goomy
|J|Vileman
|L|Void
|L|Steve Angello
|L|Orch
|L|Jorgen
|J|I can't poop
|L|Hasan Ismaik
|L|I can't poop
|L|flcl
|L|SoulSur
|L|cbt
|L|moundir
|L|Reymedy
|J|cbt
|L|fresh two death
|L|cosine180
|L|Evuelf
|L|bouff
|J|FAJI
|L|cbt
|L|metmaver
|J|fresh two death
|L|FAJI
|J|the Jaiho
|L|Dolph The Showoff
|L|fresh two death
|L|the Jaiho
|L|bro fist
|L|Jukain
|L|CyclicCompound
|L|BIHI
|J|Jorgen
|L|Jorgen
|L|Yiffeon
|L|Under The Mask
|L|Vileman
|L|Hayley
|L|Dread Arceus
|L|Bad Ass
|J|Ken Valbrandur
|L|Mizuhime
|L|yuy
|L|Ken Valbrandur
|L|aldaron
|L|ggggd