|inactive|Battle timer is ON: inactive players will automatically lose when time's up.
|join|Misugi
|join|shartruce2
|player|p1|Misugi|107
|player|p2|shartruce2|43
|gametype|singles
|gen|6
|tier|OU
|clearpoke
|poke|p1|Tyranitar, M
|poke|p1|Excadrill, M
|poke|p1|Gyarados, M
|poke|p1|Gothitelle, F
|poke|p1|Landorus, M
|poke|p1|Thundurus, M
|poke|p2|Politoed, M
|poke|p2|Kabutops, M
|poke|p2|Doublade, M
|poke|p2|Ferrothorn, M
|poke|p2|Latias, F
|poke|p2|Keldeo
|rule|Swagger Clause: Swagger is banned
|rule|Baton Pass Clause: Limit one PokÃ©mon knowing Baton Pass
|rule|Sleep Clause Mod: Limit one foe put to sleep
|rule|Species Clause: Limit one of each PokÃ©mon
|rule|OHKO Clause: OHKO moves are banned
|rule|Moody Clause: Moody is banned
|rule|Evasion Moves Clause: Evasion moves are banned
|rule|Endless Battle Clause: Forcing endless battles is banned
|rule|HP Percentage Mod: HP is shown in percentages
|teampreview
|c|âMisugi|gl hf
|join|McMeghan
|c|âshartruce2|u2
|join|Uxali
|
|start
|switch|p1a: Thundurus|Thundurus, M|299\/299
|switch|p2a: Latias|Latias, F|364\/364
|turn|1
|
|switch|p1a: Tyranitar|Tyranitar, M|403\/403
|-weather|Sandstorm
|move|p2a: Latias|Dragon Pulse|p1a: Tyranitar
|-damage|p1a: Tyranitar|333\/403
|
|-weather|Sandstorm|[upkeep]
|-damage|p2a: Latias|342\/364|[from] sandstorm
|-heal|p2a: Latias|364\/364|[from] item: Leftovers
|turn|2
|join|jpw234
|
|switch|p2a: Politoed|Politoed, M|384\/384
|-weather|RainDance
|move|p1a: Tyranitar|Stealth Rock|p2a: Politoed
|-sidestart|p2: shartruce2|move: Stealth Rock
|
|-weather|RainDance|[upkeep]
|turn|3
|leave|McMeghan
|join|RyuKai
|
|switch|p2a: Kabutops|Kabutops, M|262\/262
|-damage|p2a: Kabutops|230\/262|[from] Stealth Rock
|switch|p1a: Gothitelle|Gothitelle, F|302\/302
|
|-weather|RainDance|[upkeep]
|turn|4
|
|move|p2a: Kabutops|Waterfall|p1a: Gothitelle
|-damage|p1a: Gothitelle|0 fnt
|-damage|p2a: Kabutops|204\/262|[from] item: Life Orb
|faint|p1a: Gothitelle
|
|-weather|RainDance|[upkeep]
|
|switch|p1a: Gyarados|Gyarados, M|332\/332
|-ability|p1a: Gyarados|Intimidate|[of] p2a: Kabutops
|-unboost|p2a: Kabutops|atk|1
|turn|5
|
|switch|p2a: Ferrothorn|Ferrothorn, M|352\/352
|-damage|p2a: Ferrothorn|330\/352|[from] Stealth Rock
|switch|p1a: Landorus|Landorus, M|319\/319
|
|-weather|RainDance|[upkeep]
|-heal|p2a: Ferrothorn|352\/352|[from] item: Leftovers
|turn|6
|
|switch|p2a: Doublade|Doublade, M|322\/322
|-damage|p2a: Doublade|302\/322|[from] Stealth Rock
|move|p1a: Landorus|Earth Power|p2a: Doublade
|-supereffective|p2a: Doublade
|-damage|p2a: Doublade|0 fnt
|faint|p2a: Doublade
|
|-weather|RainDance|[upkeep]
|
|switch|p2a: Keldeo|Keldeo|323\/323
|-damage|p2a: Keldeo|303\/323|[from] Stealth Rock
|turn|7
|
|switch|p1a: Gyarados|Gyarados, M|332\/332
|-ability|p1a: Gyarados|Intimidate|[of] p2a: Keldeo
|-unboost|p2a: Keldeo|atk|1
|move|p2a: Keldeo|Scald|p1a: Gyarados
|-resisted|p1a: Gyarados
|-damage|p1a: Gyarados|160\/332
|-status|p1a: Gyarados|brn
|
|-weather|RainDance|[upkeep]
|-damage|p1a: Gyarados|119\/332 brn|[from] brn
|turn|8
|
|detailschange|p1a: Gyarados|Gyarados-Mega, M
|message|Gyarados has Mega Evolved into Mega Gyarados!
|-ability|p1a: Gyarados|Mold Breaker
|move|p2a: Keldeo|Scald|p1a: Gyarados
|-resisted|p1a: Gyarados
|-damage|p1a: Gyarados|0 fnt
|faint|p1a: Gyarados
|
|-weather|RainDance|[upkeep]
|c|âshartruce2|sorry
|c|âMisugi|np
|
|switch|p1a: Thundurus|Thundurus, M|299\/299
|turn|9
|
|switch|p2a: Latias|Latias, F|364\/364
|-damage|p2a: Latias|319\/364|[from] Stealth Rock
|move|p1a: Thundurus|Thunderbolt|p2a: Latias
|-resisted|p2a: Latias
|-damage|p2a: Latias|241\/364
|-status|p2a: Latias|par
|-damage|p1a: Thundurus|270\/299|[from] item: Life Orb
|
|-weather|none
|-heal|p2a: Latias|263\/364 par|[from] item: Leftovers
|turn|10
|c|âMisugi|sorry
|c|âshartruce2|deserved
|leave|Uxali
|
|move|p1a: Thundurus|Thunderbolt|p2a: Latias
|-resisted|p2a: Latias
|-damage|p2a: Latias|177\/364 par
|-damage|p1a: Thundurus|241\/299|[from] item: Life Orb
|move|p2a: Latias|Reflect Type|p1a: Thundurus
|-start|p2a: Latias|typechange|Electric\/Flying|[from] move: Reflect Type|[of] p1a: Thundurus
|
|-heal|p2a: Latias|199\/364 par|[from] item: Leftovers
|turn|11
|join|Mugi Gin
|
|switch|p2a: Ferrothorn|Ferrothorn, M|352\/352
|-damage|p2a: Ferrothorn|330\/352|[from] Stealth Rock
|move|p1a: Thundurus|Thunderbolt|p2a: Ferrothorn
|-resisted|p2a: Ferrothorn
|-damage|p2a: Ferrothorn|233\/352
|-damage|p1a: Thundurus|212\/299|[from] item: Life Orb
|
|-heal|p2a: Ferrothorn|255\/352|[from] item: Leftovers
|turn|12
|
|switch|p2a: Latias|Latias, F|199\/364 par
|-damage|p2a: Latias|154\/364 par|[from] Stealth Rock
|move|p1a: Thundurus|Focus Blast|p2a: Latias
|-resisted|p2a: Latias
|-damage|p2a: Latias|86\/364 par
|-damage|p1a: Thundurus|183\/299|[from] item: Life Orb
|
|-heal|p2a: Latias|108\/364 par|[from] item: Leftovers
|turn|13
|
|switch|p2a: Politoed|Politoed, M|384\/384
|-damage|p2a: Politoed|336\/384|[from] Stealth Rock
|-weather|RainDance
|move|p1a: Thundurus|Hidden Power|p2a: Politoed
|-resisted|p2a: Politoed
|-damage|p2a: Politoed|292\/384
|-damage|p1a: Thundurus|154\/299|[from] item: Life Orb
|
|-weather|RainDance|[upkeep]
|turn|14
|
|switch|p2a: Latias|Latias, F|108\/364 par
|-damage|p2a: Latias|63\/364 par|[from] Stealth Rock
|move|p1a: Thundurus|Thunderbolt|p2a: Latias
|-resisted|p2a: Latias
|-damage|p2a: Latias|0 fnt
|-damage|p1a: Thundurus|125\/299|[from] item: Life Orb
|faint|p2a: Latias
|
|-weather|RainDance|[upkeep]
|
|switch|p2a: Kabutops|Kabutops, M|204\/262
|-damage|p2a: Kabutops|172\/262|[from] Stealth Rock
|turn|15
|join|unamed
|
|move|p2a: Kabutops|Aqua Jet|p1a: Thundurus
|-damage|p1a: Thundurus|0 fnt
|-damage|p2a: Kabutops|146\/262|[from] item: Life Orb
|faint|p1a: Thundurus
|
|-weather|RainDance|[upkeep]
|
|switch|p1a: Tyranitar|Tyranitar, M|333\/403
|-weather|Sandstorm
|turn|16
|
|switch|p2a: Keldeo|Keldeo|303\/323
|-damage|p2a: Keldeo|283\/323|[from] Stealth Rock
|move|p1a: Tyranitar|Crunch|p2a: Keldeo
|-resisted|p2a: Keldeo
|-damage|p2a: Keldeo|217\/323
|-boost|p2a: Keldeo|atk|1|[from] ability: Justified
|
|-weather|Sandstorm|[upkeep]
|-damage|p2a: Keldeo|197\/323|[from] sandstorm
|turn|17
|
|move|p2a: Keldeo|Scald|p1a: Tyranitar
|-supereffective|p1a: Tyranitar
|-damage|p1a: Tyranitar|33\/403
|-status|p1a: Tyranitar|brn
|move|p1a: Tyranitar|Earthquake|p2a: Keldeo
|-damage|p2a: Keldeo|141\/323
|
|-weather|Sandstorm|[upkeep]
|-damage|p2a: Keldeo|121\/323|[from] sandstorm
|-damage|p1a: Tyranitar|0 fnt|[from] brn
|faint|p1a: Tyranitar
|
|switch|p1a: Excadrill|Excadrill, M|362\/362
|turn|18
|
|switch|p2a: Politoed|Politoed, M|292\/384
|-damage|p2a: Politoed|244\/384|[from] Stealth Rock
|-weather|RainDance
|move|p1a: Excadrill|Earthquake|p2a: Politoed
|-damage|p2a: Politoed|26\/384
|-damage|p1a: Excadrill|326\/362|[from] item: Life Orb
|
|-weather|RainDance|[upkeep]
|turn|19
|
|move|p1a: Excadrill|Earthquake|p2a: Politoed
|-damage|p2a: Politoed|0 fnt
|-damage|p1a: Excadrill|290\/362|[from] item: Life Orb
|faint|p2a: Politoed
|
|-weather|RainDance|[upkeep]
|
|switch|p2a: Kabutops|Kabutops, M|146\/262
|-damage|p2a: Kabutops|114\/262|[from] Stealth Rock
|turn|20
|
|move|p2a: Kabutops|Waterfall|p1a: Excadrill
|-supereffective|p1a: Excadrill
|-damage|p1a: Excadrill|0 fnt
|-damage|p2a: Kabutops|88\/262|[from] item: Life Orb
|faint|p1a: Excadrill
|
|-weather|RainDance|[upkeep]
|
|switch|p1a: Landorus|Landorus, M|319\/319
|turn|21
|
|move|p2a: Kabutops|Waterfall|p1a: Landorus
|-supereffective|p1a: Landorus
|-damage|p1a: Landorus|0 fnt
|-damage|p2a: Kabutops|62\/262|[from] item: Life Orb
|faint|p1a: Landorus
|
|win|shartruce2
|join|RockyRd
|c|âMisugi|gg
|c|âshartruce2|gg
|leave|Misugi
|player|p1
|leave|RockyRd
|leave|jpw234
|leave|Mugi Gin
|leave|unamed