|J|shartruce2
|J|the pdc show
|player|p1|shartruce2|43
|player|p2|the pdc show|101
|gametype|singles
|gen|6
|tier|OU
|clearpoke
|poke|p1|Suicune
|poke|p1|Scizor, M
|poke|p1|Landorus-Therian, M
|poke|p1|Heatran, M
|poke|p1|Mew
|poke|p1|Latios, M
|poke|p2|Ferrothorn, F
|poke|p2|Keldeo
|poke|p2|Landorus-Therian, M
|poke|p2|Latios, M
|poke|p2|Charizard, M
|poke|p2|Tyranitar, M
|rule|Swagger Clause: Swagger is banned
|rule|Baton Pass Clause: Limit one PokÃ©mon knowing Baton Pass
|rule|Sleep Clause Mod: Limit one foe put to sleep
|rule|Species Clause: Limit one of each PokÃ©mon
|rule|OHKO Clause: OHKO moves are banned
|rule|Moody Clause: Moody is banned
|rule|Evasion Moves Clause: Evasion moves are banned
|rule|Endless Battle Clause: Forcing endless battles is banned
|rule|HP Percentage Mod: HP is shown in percentages
|teampreview
|J|Evuelf
|J|craing ;_;
|J|innovamania
|J|cosine180
|J|RiCH HOMiE CHRiS
|J|Zamrock
|J|prettymotherfvcker
|J|metmaver
|J|CrashinBoomBang
|J|Lyconik
|J|sugarhigh
|J|fresh two death
|J|lanueba
|J|gelly
|J|pokeaim
|J|Ken Valbrandur
|J|River Martini
|J|Reymedy
|J|Void
|J|cbt
|J|bro fist
|J|mega meganium x
|J|ggggd
|J|bouff
|J|Sinclair
|J|The DragonKnight
|J|Subject 18
|J|IAmGingy
|J|Trickzio
|J|H-C
|J|The Goomy
|c| RiCH HOMiE CHRiS|:]
|L|River Martini
|J|Can-Eh-Dian
|J|River Martini
|J|iplaytennislol
|J|Orch
|c|+Void|ofc u brought this lol
|J|PROBLEMS
|c|âthe pdc show|cased lemme snapchat u real quick
|J|TRC
|J|transoceanic
|J|moundir
|J|Tom Bus
|J|McMeghan
|J|dekzeh
|J|Gizmo
|J|I Will Remain
|J|fingerscrossed
|raw|<div class="broadcast-red"><b>Moderated chat was set to %!<\/b><br \/>Only users of rank % and higher can talk.<\/div>
|
|start
|switch|p1a: Heatran|Heatran, M|385\/385
|switch|p2a: DAM THAT RIVER|Keldeo|323\/323
|turn|1
|J|FAJI
|J|Hasan Ismaik
|J|the Jaiho
|J|kokoloko
|J|Dolph The Showoff
|J|Jukain
|L|Ken Valbrandur
|J|Ken Valbrandur
|
|switch|p1a: Suicune|Suicune|401\/401
|-ability|p1a: Suicune|Pressure
|move|p2a: DAM THAT RIVER|Secret Sword|p1a: Suicune
|-damage|p1a: Suicune|253\/401
|
|-heal|p1a: Suicune|278\/401|[from] item: Leftovers
|turn|2
|J|CyclicCompound
|J|TheGary2346
|c|âthe pdc show|thats doing nothing
|L|McMeghan
|
|switch|p1a: Mew|Mew|401\/401
|move|p2a: DAM THAT RIVER|Secret Sword|p1a: Mew
|-resisted|p1a: Mew
|-damage|p1a: Mew|281\/401
|
|-heal|p1a: Mew|306\/401|[from] item: Leftovers
|turn|3
|J|NicoTheReaper
|L|NicoTheReaper
|J|NicoTheReaper
|
|switch|p2a: GOD SMACK|Charizard, M|301\/301
|switch|p1a: Latios|Latios, M|299\/299
|
|turn|4
|J|dominions
|J|Lord Moet II
|J|Funkasaurus
|c|âthe pdc show|fblast on the lando-i
|c|âthe pdc show|msut be nice
|
|switch|p2a: DIRT|Tyranitar, M|341\/341
|-weather|Sandstorm
|move|p1a: Latios|Draco Meteor|p2a: DIRT
|-damage|p2a: DIRT|123\/341
|-unboost|p1a: Latios|spa|2
|-damage|p1a: Latios|270\/299|[from] item: Life Orb
|
|-weather|Sandstorm|[upkeep]
|-damage|p1a: Latios|252\/299|[from] sandstorm
|turn|5
|
|move|p2a: DIRT|Pursuit|p1a: Latios
|-crit|p1a: Latios
|-supereffective|p1a: Latios
|-damage|p1a: Latios|0 fnt
|faint|p1a: Latios
|
|-weather|Sandstorm|[upkeep]
|
|switch|p1a: Suicune|Suicune|278\/401
|-ability|p1a: Suicune|Pressure
|turn|6
|
|switch|p2a: JUNKHEAD|Ferrothorn, F|351\/351
|move|p1a: Suicune|Scald|p2a: JUNKHEAD
|-resisted|p2a: JUNKHEAD
|-damage|p2a: JUNKHEAD|324\/351
|
|-weather|Sandstorm|[upkeep]
|-damage|p1a: Suicune|253\/401|[from] sandstorm
|-heal|p1a: Suicune|278\/401|[from] item: Leftovers
|-heal|p2a: JUNKHEAD|345\/351|[from] item: Leftovers
|turn|7
|L|the Jaiho
|
|switch|p1a: Heatran|Heatran, M|385\/385
|move|p2a: JUNKHEAD|Leech Seed|p1a: Heatran
|-start|p1a: Heatran|move: Leech Seed
|
|-weather|Sandstorm|[upkeep]
|-heal|p2a: JUNKHEAD|351\/351|[from] item: Leftovers
|-damage|p1a: Heatran|337\/385|[from] Leech Seed|[of] p2a: JUNKHEAD
|turn|8
|
|switch|p2a: THEM BONES|Landorus-Therian, M|381\/381
|-ability|p2a: THEM BONES|Intimidate|[of] p1a: Heatran
|-unboost|p1a: Heatran|atk|1
|move|p1a: Heatran|Stealth Rock|p2a: THEM BONES
|-sidestart|p2: the pdc show|move: Stealth Rock
|
|-weather|none
|-heal|p1a: Heatran|361\/385|[from] item: Leftovers
|-damage|p1a: Heatran|313\/385|[from] Leech Seed|[of] p2a: THEM BONES
|turn|9
|c|âthe pdc show|lol oops
|
|switch|p1a: Suicune|Suicune|278\/401
|-ability|p1a: Suicune|Pressure
|move|p2a: THEM BONES|Stealth Rock|p1a: Suicune
|-sidestart|p1: shartruce2|move: Stealth Rock
|
|-heal|p1a: Suicune|303\/401|[from] item: Leftovers
|turn|10
|
|move|p2a: THEM BONES|U-turn|p1a: Suicune
|-damage|p1a: Suicune|253\/401
|
|switch|p2a: JUNKHEAD|Ferrothorn, F|351\/351
|-damage|p2a: JUNKHEAD|330\/351|[from] Stealth Rock
|move|p1a: Suicune|Scald|p2a: JUNKHEAD
|-resisted|p2a: JUNKHEAD
|-damage|p2a: JUNKHEAD|300\/351
|
|-heal|p1a: Suicune|278\/401|[from] item: Leftovers
|-heal|p2a: JUNKHEAD|321\/351|[from] item: Leftovers
|turn|11
|L|Subject 18
|J|Arcticblast
|
|move|p1a: Suicune|Scald|p2a: JUNKHEAD
|-resisted|p2a: JUNKHEAD
|-damage|p2a: JUNKHEAD|291\/351
|move|p2a: JUNKHEAD|Leech Seed|p1a: Suicune|[miss]
|-miss|p2a: JUNKHEAD|p1a: Suicune
|
|-heal|p1a: Suicune|303\/401|[from] item: Leftovers
|-heal|p2a: JUNKHEAD|312\/351|[from] item: Leftovers
|turn|12
|
|switch|p1a: Heatran|Heatran, M|313\/385
|-damage|p1a: Heatran|265\/385|[from] Stealth Rock
|move|p2a: JUNKHEAD|Power Whip|p1a: Heatran
|-resisted|p1a: Heatran
|-damage|p1a: Heatran|236\/385
|
|-heal|p1a: Heatran|260\/385|[from] item: Leftovers
|-heal|p2a: JUNKHEAD|333\/351|[from] item: Leftovers
|turn|13
|J|reyscarface
|J|Under The Mask
|
|switch|p2a: DIRT|Tyranitar, M|123\/341
|-damage|p2a: DIRT|81\/341|[from] Stealth Rock
|-weather|Sandstorm
|move|p1a: Heatran|Toxic|p2a: DIRT
|-status|p2a: DIRT|tox
|
|-weather|Sandstorm|[upkeep]
|-heal|p1a: Heatran|284\/385|[from] item: Leftovers
|-damage|p2a: DIRT|60\/341 tox|[from] psn
|turn|14
|
|switch|p1a: Scizor|Scizor, M|343\/343
|-damage|p1a: Scizor|301\/343|[from] Stealth Rock
|move|p2a: DIRT|Stone Edge|p1a: Scizor
|-damage|p1a: Scizor|126\/343
|
|-weather|Sandstorm|[upkeep]
|-damage|p2a: DIRT|18\/341 tox|[from] psn
|turn|15
|
|detailschange|p1a: Scizor|Scizor-Mega, M
|-mega|p1a: Scizor|Scizor|Scizorite
|move|p1a: Scizor|Bullet Punch|p2a: DIRT
|-supereffective|p2a: DIRT
|-damage|p2a: DIRT|0 fnt
|faint|p2a: DIRT
|
|-weather|Sandstorm|[upkeep]
|
|switch|p2a: DAM THAT RIVER|Keldeo|323\/323
|-damage|p2a: DAM THAT RIVER|303\/323|[from] Stealth Rock
|turn|16
|J|Dread Arceus
|
|move|p1a: Scizor|Bullet Punch|p2a: DAM THAT RIVER
|-resisted|p2a: DAM THAT RIVER
|-damage|p2a: DAM THAT RIVER|237\/323
|move|p2a: DAM THAT RIVER|Scald|p1a: Scizor
|-damage|p1a: Scizor|0 fnt
|faint|p1a: Scizor
|
|-weather|Sandstorm|[upkeep]
|-damage|p2a: DAM THAT RIVER|217\/323|[from] sandstorm
|
|switch|p1a: Suicune|Suicune|303\/401
|-damage|p1a: Suicune|253\/401|[from] Stealth Rock
|-ability|p1a: Suicune|Pressure
|turn|17
|
|switch|p2a: JUNKHEAD|Ferrothorn, F|333\/351
|-damage|p2a: JUNKHEAD|312\/351|[from] Stealth Rock
|move|p1a: Suicune|Scald|p2a: JUNKHEAD
|-resisted|p2a: JUNKHEAD
|-damage|p2a: JUNKHEAD|280\/351
|
|-weather|none
|-heal|p1a: Suicune|278\/401|[from] item: Leftovers
|-heal|p2a: JUNKHEAD|301\/351|[from] item: Leftovers
|turn|18
|
|switch|p1a: Heatran|Heatran, M|284\/385
|-damage|p1a: Heatran|236\/385|[from] Stealth Rock
|move|p2a: JUNKHEAD|Leech Seed|p1a: Heatran
|-start|p1a: Heatran|move: Leech Seed
|
|-heal|p1a: Heatran|260\/385|[from] item: Leftovers
|-heal|p2a: JUNKHEAD|322\/351|[from] item: Leftovers
|-damage|p1a: Heatran|212\/385|[from] Leech Seed|[of] p2a: JUNKHEAD
|-heal|p2a: JUNKHEAD|351\/351|[silent]
|turn|19
|
|move|p2a: JUNKHEAD|Protect|p2a: JUNKHEAD
|-singleturn|p2a: JUNKHEAD|Protect
|move|p1a: Heatran|Lava Plume|p2a: JUNKHEAD
|-activate|p2a: JUNKHEAD|Protect
|
|-heal|p1a: Heatran|236\/385|[from] item: Leftovers
|-damage|p1a: Heatran|188\/385|[from] Leech Seed|[of] p2a: JUNKHEAD
|turn|20
|
|switch|p2a: DAM THAT RIVER|Keldeo|217\/323
|-damage|p2a: DAM THAT RIVER|197\/323|[from] Stealth Rock
|move|p1a: Heatran|Toxic|p2a: DAM THAT RIVER|[miss]
|-miss|p1a: Heatran|p2a: DAM THAT RIVER
|
|-heal|p1a: Heatran|212\/385|[from] item: Leftovers
|-damage|p1a: Heatran|164\/385|[from] Leech Seed|[of] p2a: DAM THAT RIVER
|-heal|p2a: DAM THAT RIVER|245\/323|[silent]
|turn|21
|
|switch|p1a: Mew|Mew|306\/401
|-damage|p1a: Mew|256\/401|[from] Stealth Rock
|move|p2a: DAM THAT RIVER|Secret Sword|p1a: Mew
|-resisted|p1a: Mew
|-damage|p1a: Mew|142\/401
|
|-heal|p1a: Mew|167\/401|[from] item: Leftovers
|turn|22
|L|Under The Mask
|L|I Will Remain
|J|Vileman
|
|switch|p2a: GOD SMACK|Charizard, M|301\/301
|-damage|p2a: GOD SMACK|151\/301|[from] Stealth Rock
|switch|p1a: Landorus-Therian|Landorus-Therian, M|325\/325
|-damage|p1a: Landorus-Therian|285\/325|[from] Stealth Rock
|-ability|p1a: Landorus-Therian|Intimidate|[of] p2a: GOD SMACK
|-unboost|p2a: GOD SMACK|atk|1
|
|turn|23
|c|âthe pdc show|ah....
|L|Vileman
|
|switch|p2a: THEM BONES|Landorus-Therian, M|381\/381
|-damage|p2a: THEM BONES|334\/381|[from] Stealth Rock
|-ability|p2a: THEM BONES|Intimidate|[of] p1a: Landorus-Therian
|-unboost|p1a: Landorus-Therian|atk|1
|move|p1a: Landorus-Therian|U-turn|p2a: THEM BONES
|-resisted|p2a: THEM BONES
|-damage|p2a: THEM BONES|309\/381
|
|switch|p1a: Suicune|Suicune|278\/401
|-damage|p1a: Suicune|228\/401|[from] Stealth Rock
|-ability|p1a: Suicune|Pressure
|
|-heal|p2a: THEM BONES|332\/381|[from] item: Leftovers
|-heal|p1a: Suicune|253\/401|[from] item: Leftovers
|turn|24
|L|NicoTheReaper
|
|move|p2a: THEM BONES|U-turn|p1a: Suicune
|-damage|p1a: Suicune|198\/401
|J|Jorgen
|
|switch|p2a: HATE TO FEEL|Latios, M|301\/301
|-damage|p2a: HATE TO FEEL|264\/301|[from] Stealth Rock
|move|p1a: Suicune|Scald|p2a: HATE TO FEEL
|-resisted|p2a: HATE TO FEEL
|-damage|p2a: HATE TO FEEL|225\/301
|-status|p2a: HATE TO FEEL|brn
|
|-heal|p1a: Suicune|223\/401|[from] item: Leftovers
|-damage|p2a: HATE TO FEEL|188\/301 brn|[from] brn
|turn|25
|J|I Iike Squirtles
|
|switch|p1a: Heatran|Heatran, M|164\/385
|-damage|p1a: Heatran|116\/385|[from] Stealth Rock
|move|p2a: HATE TO FEEL|Draco Meteor|p1a: Heatran
|-resisted|p1a: Heatran
|-damage|p1a: Heatran|11\/385
|-unboost|p2a: HATE TO FEEL|spa|2
|-damage|p2a: HATE TO FEEL|158\/301 brn|[from] item: Life Orb
|
|-heal|p1a: Heatran|35\/385|[from] item: Leftovers
|-damage|p2a: HATE TO FEEL|121\/301 brn|[from] brn
|turn|26
|
|move|p2a: HATE TO FEEL|Psyshock|p1a: Heatran
|-resisted|p1a: Heatran
|-damage|p1a: Heatran|0 fnt
|-damage|p2a: HATE TO FEEL|91\/301 brn|[from] item: Life Orb
|faint|p1a: Heatran
|
|-damage|p2a: HATE TO FEEL|54\/301 brn|[from] brn
|
|switch|p1a: Landorus-Therian|Landorus-Therian, M|285\/325
|-damage|p1a: Landorus-Therian|245\/325|[from] Stealth Rock
|-ability|p1a: Landorus-Therian|Intimidate|[of] p2a: HATE TO FEEL
|-unboost|p2a: HATE TO FEEL|atk|1
|turn|27
|
|switch|p2a: DAM THAT RIVER|Keldeo|245\/323
|-damage|p2a: DAM THAT RIVER|225\/323|[from] Stealth Rock
|move|p1a: Landorus-Therian|Knock Off|p2a: DAM THAT RIVER
|-resisted|p2a: DAM THAT RIVER
|-damage|p2a: DAM THAT RIVER|161\/323
|-boost|p2a: DAM THAT RIVER|atk|1|[from] ability: Justified
|-enditem|p2a: DAM THAT RIVER|Choice Specs|[from] move: Knock Off|[of] p1a: Landorus-Therian
|
|turn|28
|
|switch|p1a: Mew|Mew|167\/401
|-damage|p1a: Mew|117\/401|[from] Stealth Rock
|move|p2a: DAM THAT RIVER|Secret Sword|p1a: Mew
|-resisted|p1a: Mew
|-damage|p1a: Mew|42\/401
|
|-heal|p1a: Mew|67\/401|[from] item: Leftovers
|turn|29
|
|move|p2a: DAM THAT RIVER|Scald|p1a: Mew
|-crit|p1a: Mew
|-damage|p1a: Mew|0 fnt
|faint|p1a: Mew
|
|
|switch|p1a: Suicune|Suicune|223\/401
|-damage|p1a: Suicune|173\/401|[from] Stealth Rock
|-ability|p1a: Suicune|Pressure
|turn|30
|
|switch|p2a: HATE TO FEEL|Latios, M|54\/301 brn
|-damage|p2a: HATE TO FEEL|17\/301 brn|[from] Stealth Rock
|move|p1a: Suicune|Rest|p1a: Suicune
|-status|p1a: Suicune|slp
|-heal|p1a: Suicune|401\/401 slp|[silent]
|-status|p1a: Suicune|slp|[from] move: Rest
|
|-damage|p2a: HATE TO FEEL|0 fnt|[from] brn
|faint|p2a: HATE TO FEEL
|
|switch|p2a: JUNKHEAD|Ferrothorn, F|351\/351
|-damage|p2a: JUNKHEAD|330\/351|[from] Stealth Rock
|turn|31
|J|the Jaiho
|L|iplaytennislol
|
|switch|p1a: Landorus-Therian|Landorus-Therian, M|245\/325
|-damage|p1a: Landorus-Therian|205\/325|[from] Stealth Rock
|-ability|p1a: Landorus-Therian|Intimidate|[of] p2a: JUNKHEAD
|-unboost|p2a: JUNKHEAD|atk|1
|move|p2a: JUNKHEAD|Power Whip|p1a: Landorus-Therian|[miss]
|-miss|p2a: JUNKHEAD|p1a: Landorus-Therian
|
|-heal|p2a: JUNKHEAD|351\/351|[from] item: Leftovers
|turn|32
|L|ggggd
|J|hubbah
|
|move|p1a: Landorus-Therian|Knock Off|p2a: JUNKHEAD
|-damage|p2a: JUNKHEAD|251\/351
|-damage|p1a: Landorus-Therian|165\/325|[from] ability: Iron Barbs|[of] p2a: JUNKHEAD
|-enditem|p2a: JUNKHEAD|Leftovers|[from] move: Knock Off|[of] p1a: Landorus-Therian
|move|p2a: JUNKHEAD|Leech Seed|p1a: Landorus-Therian
|-start|p1a: Landorus-Therian|move: Leech Seed
|
|-damage|p1a: Landorus-Therian|125\/325|[from] Leech Seed|[of] p2a: JUNKHEAD
|-heal|p2a: JUNKHEAD|291\/351|[silent]
|turn|33
|
|switch|p1a: Suicune|Suicune|401\/401 slp
|-damage|p1a: Suicune|351\/401 slp|[from] Stealth Rock
|-ability|p1a: Suicune|Pressure
|move|p2a: JUNKHEAD|Power Whip|p1a: Suicune
|-supereffective|p1a: Suicune
|-damage|p1a: Suicune|237\/401 slp
|
|-heal|p1a: Suicune|262\/401 slp|[from] item: Leftovers
|turn|34
|
|cant|p1a: Suicune|slp
|move|p1a: Suicune|Sleep Talk|p1a: Suicune
|move|p1a: Suicune|Calm Mind|p1a: Suicune|[from]Sleep Talk
|-boost|p1a: Suicune|spa|1
|-boost|p1a: Suicune|spd|1
|move|p2a: JUNKHEAD|Leech Seed|p1a: Suicune
|-start|p1a: Suicune|move: Leech Seed
|
|-heal|p1a: Suicune|287\/401 slp|[from] item: Leftovers
|-damage|p1a: Suicune|237\/401 slp|[from] Leech Seed|[of] p2a: JUNKHEAD
|-heal|p2a: JUNKHEAD|341\/351|[silent]
|turn|35
|J|YOUsucke
|L|reyscarface
|
|switch|p2a: DAM THAT RIVER|Keldeo|161\/323
|-damage|p2a: DAM THAT RIVER|141\/323|[from] Stealth Rock
|cant|p1a: Suicune|slp
|move|p1a: Suicune|Sleep Talk|p1a: Suicune
|move|p1a: Suicune|Rest|p1a: Suicune|[from]Sleep Talk
|-fail|p1a: Suicune
|
|-heal|p1a: Suicune|262\/401 slp|[from] item: Leftovers
|-damage|p1a: Suicune|212\/401 slp|[from] Leech Seed|[of] p2a: DAM THAT RIVER
|-heal|p2a: DAM THAT RIVER|191\/323|[silent]
|turn|36
|
|switch|p1a: Landorus-Therian|Landorus-Therian, M|125\/325
|-damage|p1a: Landorus-Therian|85\/325|[from] Stealth Rock
|-ability|p1a: Landorus-Therian|Intimidate|[of] p2a: DAM THAT RIVER
|-unboost|p2a: DAM THAT RIVER|atk|1
|move|p2a: DAM THAT RIVER|Secret Sword|p1a: Landorus-Therian
|-resisted|p1a: Landorus-Therian
|-damage|p1a: Landorus-Therian|1\/325
|
|turn|37
|
|move|p1a: Landorus-Therian|Stone Edge|p2a: DAM THAT RIVER|[miss]
|-miss|p1a: Landorus-Therian|p2a: DAM THAT RIVER
|move|p2a: DAM THAT RIVER|Secret Sword|p1a: Landorus-Therian
|-resisted|p1a: Landorus-Therian
|-damage|p1a: Landorus-Therian|0 fnt
|faint|p1a: Landorus-Therian
|
|
|switch|p1a: Suicune|Suicune|212\/401 slp
|-damage|p1a: Suicune|162\/401 slp|[from] Stealth Rock
|-ability|p1a: Suicune|Pressure
|turn|38
|
|switch|p2a: JUNKHEAD|Ferrothorn, F|341\/351
|-damage|p2a: JUNKHEAD|320\/351|[from] Stealth Rock
|-curestatus|p1a: Suicune|slp
|move|p1a: Suicune|Rest|p1a: Suicune
|-status|p1a: Suicune|slp
|-heal|p1a: Suicune|401\/401 slp|[silent]
|-status|p1a: Suicune|slp|[from] move: Rest
|
|turn|39
|
|cant|p1a: Suicune|slp
|move|p1a: Suicune|Sleep Talk|p1a: Suicune
|move|p1a: Suicune|Calm Mind|p1a: Suicune|[from]Sleep Talk
|-boost|p1a: Suicune|spa|1
|-boost|p1a: Suicune|spd|1
|move|p2a: JUNKHEAD|Leech Seed|p1a: Suicune
|-start|p1a: Suicune|move: Leech Seed
|
|-damage|p1a: Suicune|351\/401 slp|[from] Leech Seed|[of] p2a: JUNKHEAD
|-heal|p2a: JUNKHEAD|351\/351|[silent]
|turn|40
|
|cant|p1a: Suicune|slp
|move|p1a: Suicune|Sleep Talk|p1a: Suicune
|move|p1a: Suicune|Scald|p2a: JUNKHEAD|[from]Sleep Talk
|-resisted|p2a: JUNKHEAD
|-damage|p2a: JUNKHEAD|307\/351
|move|p2a: JUNKHEAD|Power Whip|p1a: Suicune
|-supereffective|p1a: Suicune
|-damage|p1a: Suicune|159\/401 slp
|
|-heal|p1a: Suicune|184\/401 slp|[from] item: Leftovers
|-damage|p1a: Suicune|134\/401 slp|[from] Leech Seed|[of] p2a: JUNKHEAD
|-heal|p2a: JUNKHEAD|351\/351|[silent]
|turn|41
|
|-curestatus|p1a: Suicune|slp
|move|p1a: Suicune|Scald|p2a: JUNKHEAD
|-resisted|p2a: JUNKHEAD
|-damage|p2a: JUNKHEAD|308\/351
|move|p2a: JUNKHEAD|Power Whip|p1a: Suicune
|-supereffective|p1a: Suicune
|-damage|p1a: Suicune|0 fnt
|faint|p1a: Suicune
|
|win|the pdc show
|L|boudouche
|c|âthe pdc show|gg
|L|TRC
|L|PROBLEMS
|L|Lyconik
|L|lanueba
|L|Trickzio
|c|âshartruce2|gg
|L|mega meganium x
|L|Void
|L|Lord Moet II
|L|Can-Eh-Dian
|L|Sinclair
|L|the pdc show
|player|p2
|L|hubbah
|L|Arcticblast
|L|the Jaiho
|L|Gizmo
|L|fingerscrossed
|L|bouff
|L|gelly
|L|I Iike Squirtles
|L|innovamania
|L|The Goomy
|L|dekzeh
|L|prettymotherfvcker
|L|Ken Valbrandur
|L|Dolph The Showoff
|L|Dread Arceus
|J|bouff
|L|Evuelf
|L|bouff
|L|pokeaim
|L|kokoloko
|L|River Martini
|L|cosine180
|L|transoceanic
|L|Zamrock
|L|Orch
|L|The DragonKnight
|L|Tom Bus
|J|fingerscrossed
|L|YOUsucke
|L|fingerscrossed
|L|IAmGingy
|L|metmaver
|L|Funkasaurus
|J|Gizmo
|L|Gizmo
|L|sugarhigh
|J|Ken Valbrandur