|J|the pdc show
|J|shartruce2
|player|p1|the pdc show|101
|player|p2|shartruce2|43
|gametype|singles
|gen|6
|tier|OU
|clearpoke
|poke|p1|Scizor, F
|poke|p1|Latios, M
|poke|p1|Venusaur, F
|poke|p1|Tyranitar, M
|poke|p1|Hippowdon, F
|poke|p1|Manaphy
|poke|p2|Charizard, M
|poke|p2|Tyranitar, M
|poke|p2|Landorus, M
|poke|p2|Starmie
|poke|p2|Ferrothorn, F
|poke|p2|Clefable, F
|rule|Swagger Clause: Swagger is banned
|rule|Baton Pass Clause: Limit one PokÃ©mon knowing Baton Pass
|rule|Sleep Clause Mod: Limit one foe put to sleep
|rule|Species Clause: Limit one of each PokÃ©mon
|rule|OHKO Clause: OHKO moves are banned
|rule|Moody Clause: Moody is banned
|rule|Evasion Moves Clause: Evasion moves are banned
|rule|Endless Battle Clause: Forcing endless battles is banned
|rule|HP Percentage Mod: HP is shown in percentages
|teampreview
|J|Ken Valbrandur
|J|Reymedy
|J|Evuelf
|J|PROBLEMS
|J|cosine180
|J|boudouche
|J|pokeaim
|c|âthe pdc show|another clefable
|J|dekzeh
|J|Sinclair
|c|âthe pdc show|no....
|J|Void
|J|hubbah
|J|FAJI
|J|gelly
|J|I Iike Squirtles
|J|metmaver
|J|Can-Eh-Dian
|J|craing ;_;
|J|bouff
|J|kokoloko
|J|Ciele
|J|Tom Bus
|J|CrashinBoomBang
|J|The Goomy
|L|CrashinBoomBang
|J|prettymotherfvcker
|J|Subject 18
|J|IAmGingy
|J|CrashinBoomBang
|J|Dolph The Showoff
|L|FAJI
|J|transoceanic
|J|River Martini
|J|Zamrock
|
|start
|switch|p1a: DIRT|Tyranitar, M|342\/342
|switch|p2a: Landorus|Landorus, M|319\/319
|-weather|Sandstorm
|turn|1
|J|mega meganium x
|J|fingerscrossed
|
|switch|p1a: REMAIN IN LIGHT|Latios, M|301\/301
|switch|p2a: Clefable|Clefable, F|394\/394
|
|-weather|Sandstorm|[upkeep]
|-damage|p1a: REMAIN IN LIGHT|283\/301|[from] sandstorm
|turn|2
|J|YOUsucke
|J|the Jaiho
|J|Dread Arceus
|
|switch|p1a: READY TO DIE|Hippowdon, F|419\/419
|move|p2a: Clefable|Stealth Rock|p1a: READY TO DIE
|-sidestart|p1: the pdc show|move: Stealth Rock
|
|-weather|Sandstorm|[upkeep]
|turn|3
|J|sugarhigh
|J|The DragonKnight
|
|switch|p2a: Starmie|Starmie|321\/321
|move|p1a: READY TO DIE|Earthquake|p2a: Starmie
|-damage|p2a: Starmie|123\/321
|
|-weather|Sandstorm|[upkeep]
|-damage|p2a: Starmie|103\/321|[from] sandstorm
|-heal|p2a: Starmie|123\/321|[from] item: Leftovers
|turn|4
|
|switch|p2a: Ferrothorn|Ferrothorn, F|352\/352
|move|p1a: READY TO DIE|Stealth Rock|p2a: Ferrothorn
|-sidestart|p2: shartruce2|move: Stealth Rock
|
|-weather|Sandstorm|[upkeep]
|turn|5
|
|switch|p1a: LOVELESS|Venusaur, F|351\/351
|-damage|p1a: LOVELESS|308\/351|[from] Stealth Rock
|move|p2a: Ferrothorn|Spikes|p1a: LOVELESS
|-sidestart|p1: the pdc show|Spikes
|
|-weather|none
|turn|6
|L|I Iike Squirtles
|c|âthe pdc show|lando....
|
|switch|p2a: Landorus|Landorus, M|319\/319
|-damage|p2a: Landorus|280\/319|[from] Stealth Rock
|detailschange|p1a: LOVELESS|Venusaur-Mega, F
|-mega|p1a: LOVELESS|Venusaur|Venusaurite
|move|p1a: LOVELESS|Hidden Power|p2a: Landorus
|-damage|p2a: Landorus|193\/319
|
|turn|7
|J|innovamania
|c|âthe pdc show|hm
|J|Gizmo
|L|Gizmo
|
|switch|p1a: REMAIN IN LIGHT|Latios, M|283\/301
|-damage|p1a: REMAIN IN LIGHT|246\/301|[from] Stealth Rock
|move|p2a: Landorus|Sludge Wave|p1a: REMAIN IN LIGHT
|-damage|p1a: REMAIN IN LIGHT|81\/301
|
|turn|8
|
|switch|p2a: Tyranitar|Tyranitar, M|341\/341
|-damage|p2a: Tyranitar|299\/341|[from] Stealth Rock
|-weather|Sandstorm
|move|p1a: REMAIN IN LIGHT|Draco Meteor|p2a: Tyranitar
|-damage|p2a: Tyranitar|116\/341
|-unboost|p1a: REMAIN IN LIGHT|spa|2
|-damage|p1a: REMAIN IN LIGHT|51\/301|[from] item: Life Orb
|
|-weather|Sandstorm|[upkeep]
|-damage|p1a: REMAIN IN LIGHT|33\/301|[from] sandstorm
|turn|9
|J|athena
|J|SoulSur
|
|move|p2a: Tyranitar|Pursuit|p1a: REMAIN IN LIGHT
|-supereffective|p1a: REMAIN IN LIGHT
|-damage|p1a: REMAIN IN LIGHT|0 fnt
|faint|p1a: REMAIN IN LIGHT
|
|-weather|Sandstorm|[upkeep]
|J|bloo
Forcetimer is now ON: All battles will be timed. (set by bloo)
|
|switch|p1a: JAR OF FLIES|Scizor, F|343\/343
|-damage|p1a: JAR OF FLIES|301\/343|[from] Stealth Rock
|-damage|p1a: JAR OF FLIES|259\/343|[from] Spikes
|turn|10
|
|switch|p2a: Landorus|Landorus, M|193\/319
|-damage|p2a: Landorus|154\/319|[from] Stealth Rock
|move|p1a: JAR OF FLIES|Swords Dance|p1a: JAR OF FLIES
|-boost|p1a: JAR OF FLIES|atk|2
|
|-weather|Sandstorm|[upkeep]
|-heal|p1a: JAR OF FLIES|280\/343|[from] item: Leftovers
|turn|11
|c|âthe pdc show|o lol
|c|âthe pdc show|all my calcs are
|c|âthe pdc show|without tech
|c|âthe pdc show|thats aids
|
|move|p1a: JAR OF FLIES|Bullet Punch|p2a: Landorus
|-damage|p2a: Landorus|0 fnt
|faint|p2a: Landorus
|
|-weather|Sandstorm|[upkeep]
|-heal|p1a: JAR OF FLIES|301\/343|[from] item: Leftovers
|
|switch|p2a: Charizard|Charizard, M|359\/359
|-damage|p2a: Charizard|180\/359|[from] Stealth Rock
|turn|12
|
|switch|p1a: DIRT|Tyranitar, M|342\/342
|-damage|p1a: DIRT|300\/342|[from] Stealth Rock
|-damage|p1a: DIRT|258\/342|[from] Spikes
|detailschange|p2a: Charizard|Charizard-Mega-Y, M
|-mega|p2a: Charizard|Charizard|Charizardite Y
|-weather|SunnyDay
|move|p2a: Charizard|Roost|p2a: Charizard
|-heal|p2a: Charizard|359\/359
|
|-weather|SunnyDay|[upkeep]
|turn|13
|J|Trickzio
|c|âthe pdc show|ok hold on
|
|move|p1a: DIRT|Pursuit|p2a: Charizard|[from]Pursuit
|-damage|p2a: Charizard|184\/359
|switch|p2a: Tyranitar|Tyranitar, M|116\/341
|-damage|p2a: Tyranitar|74\/341|[from] Stealth Rock
|-weather|Sandstorm
|
|-weather|Sandstorm|[upkeep]
|turn|14
|J|anphonic
|J|FlamingVictini PB
|
|switch|p2a: Ferrothorn|Ferrothorn, F|352\/352
|-damage|p2a: Ferrothorn|330\/352|[from] Stealth Rock
|switch|p1a: READY TO DIE|Hippowdon, F|419\/419
|-damage|p1a: READY TO DIE|367\/419|[from] Spikes
|-damage|p1a: READY TO DIE|341\/419|[from] Stealth Rock
|
|-weather|Sandstorm|[upkeep]
|-heal|p1a: READY TO DIE|367\/419|[from] item: Leftovers
|-heal|p2a: Ferrothorn|352\/352|[from] item: Leftovers
|turn|15
|
|switch|p1a: LOVELESS|Venusaur-Mega, F|308\/351
|-damage|p1a: LOVELESS|265\/351|[from] Stealth Rock
|-damage|p1a: LOVELESS|222\/351|[from] Spikes
|move|p2a: Ferrothorn|Thunder Wave|p1a: LOVELESS
|-status|p1a: LOVELESS|par
|
|-weather|Sandstorm|[upkeep]
|-damage|p1a: LOVELESS|201\/351 par|[from] sandstorm
|turn|16
|
|switch|p2a: Tyranitar|Tyranitar, M|74\/341
|-damage|p2a: Tyranitar|32\/341|[from] Stealth Rock
|move|p1a: LOVELESS|Giga Drain|p2a: Tyranitar
|-supereffective|p2a: Tyranitar
|-damage|p2a: Tyranitar|0 fnt
|-heal|p1a: LOVELESS|217\/351 par|[from] drain|[of] p2a: Tyranitar
|faint|p2a: Tyranitar
|
|-weather|Sandstorm|[upkeep]
|-damage|p1a: LOVELESS|196\/351 par|[from] sandstorm
|
|switch|p2a: Starmie|Starmie|123\/321
|-damage|p2a: Starmie|83\/321|[from] Stealth Rock
|turn|17
|
|move|p2a: Starmie|Rapid Spin|p1a: LOVELESS
|-damage|p1a: LOVELESS|186\/351 par
|-sideend|p2: shartruce2|Stealth Rock|[from] move: Rapid Spin|[of] p2a: Starmie
|move|p1a: LOVELESS|Giga Drain|p2a: Starmie
|-supereffective|p2a: Starmie
|-damage|p2a: Starmie|0 fnt
|-heal|p1a: LOVELESS|228\/351 par|[from] drain|[of] p2a: Starmie
|faint|p2a: Starmie
|
|-weather|none
|
|switch|p2a: Charizard|Charizard-Mega-Y, M|184\/359
|-weather|SunnyDay
|turn|18
|
|switch|p1a: ILLMATIC|Manaphy|352\/352
|-damage|p1a: ILLMATIC|308\/352|[from] Stealth Rock
|-damage|p1a: ILLMATIC|264\/352|[from] Spikes
|move|p2a: Charizard|Roost|p2a: Charizard
|-heal|p2a: Charizard|359\/359
|
|-weather|SunnyDay|[upkeep]
|-heal|p1a: ILLMATIC|286\/352|[from] item: Leftovers
|turn|19
|J|Hayley
|
|switch|p2a: Ferrothorn|Ferrothorn, F|352\/352
|move|p1a: ILLMATIC|Scald|p2a: Ferrothorn
|-resisted|p2a: Ferrothorn
|-damage|p2a: Ferrothorn|326\/352
|
|-weather|SunnyDay|[upkeep]
|-heal|p1a: ILLMATIC|308\/352|[from] item: Leftovers
|-heal|p2a: Ferrothorn|348\/352|[from] item: Leftovers
|turn|20
|L|anphonic
|J|I can't poop
|J|TheGary2346
|
|move|p1a: ILLMATIC|Scald|p2a: Ferrothorn
|-resisted|p2a: Ferrothorn
|-damage|p2a: Ferrothorn|321\/352
|-status|p2a: Ferrothorn|brn
|move|p2a: Ferrothorn|Spikes|p1a: ILLMATIC
|-sidestart|p1: the pdc show|Spikes
|
|-weather|SunnyDay|[upkeep]
|-heal|p1a: ILLMATIC|330\/352|[from] item: Leftovers
|-heal|p2a: Ferrothorn|343\/352 brn|[from] item: Leftovers
|-damage|p2a: Ferrothorn|299\/352 brn|[from] brn
|turn|21
|
|move|p1a: ILLMATIC|Tail Glow|p1a: ILLMATIC
|-boost|p1a: ILLMATIC|spa|3
|move|p2a: Ferrothorn|Leech Seed|p1a: ILLMATIC
|-start|p1a: ILLMATIC|move: Leech Seed
|
|-weather|SunnyDay|[upkeep]
|-heal|p1a: ILLMATIC|352\/352|[from] item: Leftovers
|-heal|p2a: Ferrothorn|321\/352 brn|[from] item: Leftovers
|-damage|p1a: ILLMATIC|308\/352|[from] Leech Seed|[of] p2a: Ferrothorn
|-heal|p2a: Ferrothorn|352\/352 brn|[silent]
|-damage|p2a: Ferrothorn|308\/352 brn|[from] brn
|turn|22
|J|lanueba
|c|âthe pdc show|go manaphy
|L|lanueba
|
|move|p1a: ILLMATIC|Rain Dance|p1a: ILLMATIC
|-weather|RainDance
|move|p2a: Ferrothorn|Power Whip|p1a: ILLMATIC
|-supereffective|p1a: ILLMATIC
|-damage|p1a: ILLMATIC|180\/352
|
|-weather|RainDance|[upkeep]
|-heal|p1a: ILLMATIC|202\/352|[from] item: Leftovers
|-heal|p2a: Ferrothorn|330\/352 brn|[from] item: Leftovers
|-damage|p1a: ILLMATIC|158\/352|[from] Leech Seed|[of] p2a: Ferrothorn
|-heal|p2a: Ferrothorn|352\/352 brn|[silent]
|-damage|p2a: Ferrothorn|308\/352 brn|[from] brn
|turn|23
|J|King & Queen
|J|cbt
|
|switch|p2a: Charizard|Charizard-Mega-Y, M|359\/359
|-weather|SunnyDay
|move|p1a: ILLMATIC|Scald|p2a: Charizard
|-supereffective|p2a: Charizard
|-damage|p2a: Charizard|113\/359
|
|-weather|SunnyDay|[upkeep]
|-heal|p1a: ILLMATIC|180\/352|[from] item: Leftovers
|-damage|p1a: ILLMATIC|136\/352|[from] Leech Seed|[of] p2a: Charizard
|-heal|p2a: Charizard|157\/359|[silent]
|turn|24
|
|switch|p2a: Ferrothorn|Ferrothorn, F|308\/352 brn
|move|p1a: ILLMATIC|Scald|p2a: Ferrothorn
|-resisted|p2a: Ferrothorn
|-damage|p2a: Ferrothorn|248\/352 brn
|
|-weather|SunnyDay|[upkeep]
|-heal|p1a: ILLMATIC|158\/352|[from] item: Leftovers
|-heal|p2a: Ferrothorn|270\/352 brn|[from] item: Leftovers
|-damage|p1a: ILLMATIC|114\/352|[from] Leech Seed|[of] p2a: Ferrothorn
|-heal|p2a: Ferrothorn|314\/352 brn|[silent]
|-damage|p2a: Ferrothorn|270\/352 brn|[from] brn
|turn|25
|J|mattybrollic-
|
|switch|p1a: READY TO DIE|Hippowdon, F|367\/419
|-damage|p1a: READY TO DIE|341\/419|[from] Stealth Rock
|-damage|p1a: READY TO DIE|272\/419|[from] Spikes
|move|p2a: Ferrothorn|Power Whip|p1a: READY TO DIE
|-supereffective|p1a: READY TO DIE
|-damage|p1a: READY TO DIE|188\/419
|
|-weather|SunnyDay|[upkeep]
|-heal|p1a: READY TO DIE|214\/419|[from] item: Leftovers
|-heal|p2a: Ferrothorn|292\/352 brn|[from] item: Leftovers
|-damage|p2a: Ferrothorn|248\/352 brn|[from] brn
|turn|26
|L|fingerscrossed
|J|Magnemite
|J|Imanalt
|
|switch|p2a: Charizard|Charizard-Mega-Y, M|157\/359
|move|p1a: READY TO DIE|Stealth Rock|p2a: Charizard
|-sidestart|p2: shartruce2|move: Stealth Rock
|
|-weather|SunnyDay|[upkeep]
|-heal|p1a: READY TO DIE|240\/419|[from] item: Leftovers
|turn|27
|J|TRC
|L|Magnemite
|
|move|p2a: Charizard|Flamethrower|p1a: READY TO DIE
|-damage|p1a: READY TO DIE|0 fnt
|faint|p1a: READY TO DIE
|
|-weather|none
|c|âthe pdc show|gg?
|
|switch|p1a: DIRT|Tyranitar, M|258\/342
|-damage|p1a: DIRT|216\/342|[from] Stealth Rock
|-damage|p1a: DIRT|159\/342|[from] Spikes
|-weather|Sandstorm
|turn|28
|J|pepiinero
|c| pepiinero|joshe
|c| pepiinero|nog is watching
|c|âthe pdc show|tell nog pdc says hi
|
|move|p1a: DIRT|Crunch|p2a: Charizard
|-damage|p2a: Charizard|0 fnt
|faint|p2a: Charizard
|
|-weather|Sandstorm|[upkeep]
|c| pepiinero|ok
|
|switch|p2a: Clefable|Clefable, F|394\/394
|turn|29
|J|flcl
|c|âthe pdc show|cm sr clefable...
|
|move|p1a: DIRT|Crunch|p2a: Clefable
|-resisted|p2a: Clefable
|-damage|p2a: Clefable|316\/394
|move|p2a: Clefable|Moonblast|p1a: DIRT
|-supereffective|p1a: DIRT
|-damage|p1a: DIRT|9\/342
|-unboost|p1a: DIRT|spa|1
|
|-weather|Sandstorm|[upkeep]
|-heal|p2a: Clefable|340\/394|[from] item: Leftovers
|turn|30
|J|bitches brew
|
|move|p1a: DIRT|Crunch|p2a: Clefable
|-resisted|p2a: Clefable
|-damage|p2a: Clefable|262\/394
|move|p2a: Clefable|Moonblast|p1a: DIRT
|-supereffective|p1a: DIRT
|-damage|p1a: DIRT|0 fnt
|faint|p1a: DIRT
|
|-weather|Sandstorm|[upkeep]
|-heal|p2a: Clefable|286\/394|[from] item: Leftovers
|
|switch|p1a: ILLMATIC|Manaphy|114\/352
|-damage|p1a: ILLMATIC|56\/352|[from] Spikes
|-damage|p1a: ILLMATIC|12\/352|[from] Stealth Rock
|turn|31
|
|move|p1a: ILLMATIC|Scald|p2a: Clefable
|-damage|p2a: Clefable|171\/394
|move|p2a: Clefable|Moonblast|p1a: ILLMATIC
|-damage|p1a: ILLMATIC|0 fnt
|faint|p1a: ILLMATIC
|
|-weather|Sandstorm|[upkeep]
|-heal|p2a: Clefable|195\/394|[from] item: Leftovers
|J|Reanbell
|J|I am Javert
|J|BAIKA
|L|I am Javert
|
|switch|p1a: JAR OF FLIES|Scizor, F|301\/343
|-damage|p1a: JAR OF FLIES|244\/343|[from] Spikes
|-damage|p1a: JAR OF FLIES|202\/343|[from] Stealth Rock
|turn|32
|
|switch|p2a: Ferrothorn|Ferrothorn, F|248\/352 brn
|-damage|p2a: Ferrothorn|226\/352 brn|[from] Stealth Rock
|move|p1a: JAR OF FLIES|Bullet Punch|p2a: Ferrothorn
|-resisted|p2a: Ferrothorn
|-damage|p2a: Ferrothorn|196\/352 brn
|-damage|p1a: JAR OF FLIES|160\/343|[from] ability: Iron Barbs|[of] p2a: Ferrothorn
|
|-weather|none
|-heal|p1a: JAR OF FLIES|181\/343|[from] item: Leftovers
|-heal|p2a: Ferrothorn|218\/352 brn|[from] item: Leftovers
|-damage|p2a: Ferrothorn|174\/352 brn|[from] brn
|turn|33
|L|boudouche
|
|move|p1a: JAR OF FLIES|Swords Dance|p1a: JAR OF FLIES
|-boost|p1a: JAR OF FLIES|atk|2
|move|p2a: Ferrothorn|Leech Seed|p1a: JAR OF FLIES
|-start|p1a: JAR OF FLIES|move: Leech Seed
|
|-heal|p1a: JAR OF FLIES|202\/343|[from] item: Leftovers
|-heal|p2a: Ferrothorn|196\/352 brn|[from] item: Leftovers
|-damage|p1a: JAR OF FLIES|160\/343|[from] Leech Seed|[of] p2a: Ferrothorn
|-heal|p2a: Ferrothorn|238\/352 brn|[silent]
|-damage|p2a: Ferrothorn|194\/352 brn|[from] brn
|turn|34
|
|move|p1a: JAR OF FLIES|Roost|p1a: JAR OF FLIES
|-heal|p1a: JAR OF FLIES|332\/343
|move|p2a: Ferrothorn|Spikes|p1a: JAR OF FLIES
|-sidestart|p1: the pdc show|Spikes
|
|-heal|p1a: JAR OF FLIES|343\/343|[from] item: Leftovers
|-heal|p2a: Ferrothorn|216\/352 brn|[from] item: Leftovers
|-damage|p1a: JAR OF FLIES|301\/343|[from] Leech Seed|[of] p2a: Ferrothorn
|-heal|p2a: Ferrothorn|258\/352 brn|[silent]
|-damage|p2a: Ferrothorn|214\/352 brn|[from] brn
|turn|35
|L|Zamrock
|
|move|p1a: JAR OF FLIES|Swords Dance|p1a: JAR OF FLIES
|-boost|p1a: JAR OF FLIES|atk|2
|move|p2a: Ferrothorn|Thunder Wave|p1a: JAR OF FLIES
|-status|p1a: JAR OF FLIES|par
|
|-heal|p2a: Ferrothorn|236\/352 brn|[from] item: Leftovers
|-heal|p1a: JAR OF FLIES|322\/343 par|[from] item: Leftovers
|-damage|p1a: JAR OF FLIES|280\/343 par|[from] Leech Seed|[of] p2a: Ferrothorn
|-heal|p2a: Ferrothorn|278\/352 brn|[silent]
|-damage|p2a: Ferrothorn|234\/352 brn|[from] brn
|turn|36
|
|move|p2a: Ferrothorn|Thunder Wave|p1a: JAR OF FLIES
|-fail|p1a: JAR OF FLIES|par
|move|p1a: JAR OF FLIES|Knock Off|p2a: Ferrothorn
|-damage|p2a: Ferrothorn|44\/352 brn
|-damage|p1a: JAR OF FLIES|238\/343 par|[from] ability: Iron Barbs|[of] p2a: Ferrothorn
|-enditem|p2a: Ferrothorn|Leftovers|[from] move: Knock Off|[of] p1a: JAR OF FLIES
|
|-heal|p1a: JAR OF FLIES|259\/343 par|[from] item: Leftovers
|-damage|p1a: JAR OF FLIES|217\/343 par|[from] Leech Seed|[of] p2a: Ferrothorn
|-heal|p2a: Ferrothorn|86\/352 brn|[silent]
|-damage|p2a: Ferrothorn|42\/352 brn|[from] brn
|turn|37
|c|âshartruce2|gg
|c|âthe pdc show|gg
|
|move|p2a: Ferrothorn|Spikes|p1a: JAR OF FLIES
|-fail|p1a: JAR OF FLIES
|move|p1a: JAR OF FLIES|Roost|p1a: JAR OF FLIES
|-heal|p1a: JAR OF FLIES|343\/343 par
|
|-damage|p1a: JAR OF FLIES|301\/343 par|[from] Leech Seed|[of] p2a: Ferrothorn
|-heal|p2a: Ferrothorn|84\/352 brn|[silent]
|-damage|p2a: Ferrothorn|40\/352 brn|[from] brn
|turn|38
|
|cant|p1a: JAR OF FLIES|par
|move|p2a: Ferrothorn|Power Whip|p1a: JAR OF FLIES
|-resisted|p1a: JAR OF FLIES
|-damage|p1a: JAR OF FLIES|283\/343 par
|
|-heal|p1a: JAR OF FLIES|304\/343 par|[from] item: Leftovers
|-damage|p1a: JAR OF FLIES|262\/343 par|[from] Leech Seed|[of] p2a: Ferrothorn
|-heal|p2a: Ferrothorn|82\/352 brn|[silent]
|-damage|p2a: Ferrothorn|38\/352 brn|[from] brn
|turn|39
|L|CrashinBoomBang
|J|lanueba
|
|move|p2a: Ferrothorn|Leech Seed|p1a: JAR OF FLIES
|-fail|p1a: JAR OF FLIES
|cant|p1a: JAR OF FLIES|par
|
|-heal|p1a: JAR OF FLIES|283\/343 par|[from] item: Leftovers
|-damage|p1a: JAR OF FLIES|241\/343 par|[from] Leech Seed|[of] p2a: Ferrothorn
|-heal|p2a: Ferrothorn|80\/352 brn|[silent]
|-damage|p2a: Ferrothorn|36\/352 brn|[from] brn
|turn|40
|
|move|p2a: Ferrothorn|Power Whip|p1a: JAR OF FLIES|[miss]
|-miss|p2a: Ferrothorn|p1a: JAR OF FLIES
|move|p1a: JAR OF FLIES|Roost|p1a: JAR OF FLIES
|-heal|p1a: JAR OF FLIES|343\/343 par
|
|-damage|p1a: JAR OF FLIES|301\/343 par|[from] Leech Seed|[of] p2a: Ferrothorn
|-heal|p2a: Ferrothorn|78\/352 brn|[silent]
|-damage|p2a: Ferrothorn|34\/352 brn|[from] brn
|turn|41
|
|move|p1a: JAR OF FLIES|Bullet Punch|p2a: Ferrothorn
|-resisted|p2a: Ferrothorn
|-damage|p2a: Ferrothorn|0 fnt
|-damage|p1a: JAR OF FLIES|259\/343 par|[from] ability: Iron Barbs|[of] p2a: Ferrothorn
|faint|p2a: Ferrothorn
|
|-heal|p1a: JAR OF FLIES|280\/343 par|[from] item: Leftovers
|L|lanueba
|c|âthe pdc show|don't get para'd scizor
|
|switch|p2a: Clefable|Clefable, F|195\/394
|turn|42
|c|âthe pdc show|finish it...
|
|cant|p1a: JAR OF FLIES|par
|move|p2a: Clefable|Soft-Boiled|p2a: Clefable
|-heal|p2a: Clefable|392\/394
|
|-heal|p2a: Clefable|394\/394|[from] item: Leftovers
|-heal|p1a: JAR OF FLIES|301\/343 par|[from] item: Leftovers
|-damage|p1a: JAR OF FLIES|259\/343 par|[from] Leech Seed|[of] p2a: Clefable
|turn|43
|c|âthe pdc show|oh
|c|âthe pdc show|no fthrower
|J|Henry
|c|âshartruce2|i dont have flame
|L|transoceanic
|c|âthe pdc show|heh
|c|âshartruce2|:[
|c|âthe pdc show|liar.
|c|âshartruce2|lol
|J|Arcticblast
|c|âshartruce2|i already revealed my 4 moves
|c|âthe pdc show|oh
|
|move|p1a: JAR OF FLIES|Bullet Punch|p2a: Clefable
|-supereffective|p2a: Clefable
|-damage|p2a: Clefable|0 fnt
|faint|p2a: Clefable
|
|win|the pdc show
|c|âthe pdc show|i wasn't paying attention
|L|Can-Eh-Dian
|c|âthe pdc show|snapchatting cased
|c|âshartruce2|gg
|L|Ken Valbrandur
|L|Reanbell
|L|pokeaim
|c|âthe pdc show|gg
|L|prettymotherfvcker
|L|mega meganium x
|L|dekzeh
|L|Ciele