|join|Foretime
|join|Richizen
|player|p1|Foretime|170
|player|p2|Richizen|1
|gametype|singles
|gen|6
|tier|OU
|rated
|clearpoke
|poke|p1|Scizor, F
|poke|p1|Chansey, F
|poke|p1|Gliscor, F
|poke|p1|Rotom-Wash, shiny
|poke|p1|Gothitelle, F
|poke|p1|Ditto
|poke|p2|Gallade, M
|poke|p2|Bisharp, M
|poke|p2|Rotom-Wash
|poke|p2|Clefable, F, shiny
|poke|p2|Ferrothorn, M
|poke|p2|Latios, M
|rule|Swagger Clause: Swagger is banned
|rule|Baton Pass Clause: Limit one PokÃ©mon knowing Baton Pass
|rule|Sleep Clause Mod: Limit one foe put to sleep
|rule|Species Clause: Limit one of each PokÃ©mon
|rule|OHKO Clause: OHKO moves are banned
|rule|Moody Clause: Moody is banned
|rule|Evasion Moves Clause: Evasion moves are banned
|rule|Endless Battle Clause: Forcing endless battles is banned
|rule|HP Percentage Mod: HP is shown in percentages
|teampreview
|
|start
|switch|p1a: Gliscor|Gliscor, F|352\/352
|switch|p2a: Gallade|Gallade, M|277\/277
|turn|1
|
|switch|p2a: Ferrothorn|Ferrothorn, M|352\/352
|move|p1a: Gliscor|Substitute|p1a: Gliscor
|-start|p1a: Gliscor|Substitute
|-damage|p1a: Gliscor|264\/352
|
|-status|p1a: Gliscor|tox|[from] item: Toxic Orb
|turn|2
|
|switch|p1a: Gothitelle|Gothitelle, F|301\/301
|move|p2a: Ferrothorn|Stealth Rock|p1a: Gothitelle
|-sidestart|p1: Foretime|move: Stealth Rock
|
|turn|3
|
|move|p1a: Gothitelle|Trick|p2a: Ferrothorn
|-activate|p1a: Gothitelle|move: Trick|[of] p2a: Ferrothorn
|-item|p2a: Ferrothorn|Choice Scarf|[from] move: Trick
|-item|p1a: Gothitelle|Leftovers|[from] move: Trick
|move|p2a: Ferrothorn|Gyro Ball|p1a: Gothitelle
|-damage|p1a: Gothitelle|189\/301
|
|-heal|p1a: Gothitelle|207\/301|[from] item: Leftovers
|turn|4
|
|move|p1a: Gothitelle|Psychic|p2a: Ferrothorn
|-resisted|p2a: Ferrothorn
|-damage|p2a: Ferrothorn|313\/352
|move|p2a: Ferrothorn|Gyro Ball|p1a: Gothitelle
|-damage|p1a: Gothitelle|87\/301
|
|-heal|p1a: Gothitelle|105\/301|[from] item: Leftovers
|turn|5
|
|switch|p1a: Scizor|Scizor, F|343\/343
|-damage|p1a: Scizor|301\/343|[from] Stealth Rock
|move|p2a: Ferrothorn|Gyro Ball|p1a: Scizor
|-resisted|p1a: Scizor
|-damage|p1a: Scizor|264\/343
|
|turn|6
|
|switch|p2a: Rotom-Wash|Rotom-Wash|303\/303
|detailschange|p1a: Scizor|Scizor-Mega, F
|message|Scizor has Mega Evolved into Mega Scizor!
|move|p1a: Scizor|Knock Off|p2a: Rotom-Wash
|-damage|p2a: Rotom-Wash|221\/303
|-enditem|p2a: Rotom-Wash|Leftovers|[from] move: Knock Off|[of] p1a: Scizor
|
|turn|7
|
|switch|p1a: Gliscor|Gliscor, F|264\/352 tox
|-damage|p1a: Gliscor|220\/352 tox|[from] Stealth Rock
|move|p2a: Rotom-Wash|Volt Switch|p1a: Gliscor
|-immune|p1a: Gliscor|[msg]
|
|-heal|p1a: Gliscor|264\/352 tox|[from] ability: Poison Heal
|turn|8
|
|move|p1a: Gliscor|Substitute|p1a: Gliscor
|-start|p1a: Gliscor|Substitute
|-damage|p1a: Gliscor|176\/352 tox
|move|p2a: Rotom-Wash|Hydro Pump|p1a: Gliscor
|-supereffective|p1a: Gliscor
|-end|p1a: Gliscor|Substitute
|
|-heal|p1a: Gliscor|220\/352 tox|[from] ability: Poison Heal
|turn|9
|
|move|p1a: Gliscor|Substitute|p1a: Gliscor
|-start|p1a: Gliscor|Substitute
|-damage|p1a: Gliscor|132\/352 tox
|move|p2a: Rotom-Wash|Hydro Pump|p1a: Gliscor
|-supereffective|p1a: Gliscor
|-end|p1a: Gliscor|Substitute
|
|-heal|p1a: Gliscor|176\/352 tox|[from] ability: Poison Heal
|turn|10
|
|move|p1a: Gliscor|Protect|p1a: Gliscor
|-singleturn|p1a: Gliscor|Protect
|move|p2a: Rotom-Wash|Hydro Pump|p1a: Gliscor
|-activate|p1a: Gliscor|Protect
|
|-heal|p1a: Gliscor|220\/352 tox|[from] ability: Poison Heal
|turn|11
|
|switch|p2a: Clefable|Clefable, F, shiny|394\/394
|move|p1a: Gliscor|Substitute|p1a: Gliscor
|-start|p1a: Gliscor|Substitute
|-damage|p1a: Gliscor|132\/352 tox
|
|-heal|p1a: Gliscor|176\/352 tox|[from] ability: Poison Heal
|turn|12
|
|move|p1a: Gliscor|Toxic|p2a: Clefable|[miss]
|-miss|p1a: Gliscor|p2a: Clefable
|move|p2a: Clefable|Calm Mind|p2a: Clefable
|-boost|p2a: Clefable|spa|1
|-boost|p2a: Clefable|spd|1
|
|-heal|p1a: Gliscor|220\/352 tox|[from] ability: Poison Heal
|turn|13
|
|switch|p1a: Chansey|Chansey, F|703\/703
|-damage|p1a: Chansey|616\/703|[from] Stealth Rock
|move|p2a: Clefable|Flamethrower|p1a: Chansey
|-damage|p1a: Chansey|525\/703
|
|turn|14
|
|move|p2a: Clefable|Calm Mind|p2a: Clefable
|-boost|p2a: Clefable|spa|1
|-boost|p2a: Clefable|spd|1
|move|p1a: Chansey|Stealth Rock|p2a: Clefable
|-sidestart|p2: Richizen|move: Stealth Rock
|
|turn|15
|
|move|p2a: Clefable|Moonblast|p1a: Chansey
|-damage|p1a: Chansey|346\/703
|move|p1a: Chansey|Thunder Wave|p2a: Clefable
|-status|p2a: Clefable|par
|
|turn|16
|
|move|p1a: Chansey|Soft-Boiled|p1a: Chansey
|-heal|p1a: Chansey|698\/703
|move|p2a: Clefable|Flamethrower|p1a: Chansey
|-damage|p1a: Chansey|581\/703
|
|turn|17
|
|move|p1a: Chansey|Seismic Toss|p2a: Clefable
|-damage|p2a: Clefable|294\/394 par
|cant|p2a: Clefable|par
|
|turn|18
|
|move|p1a: Chansey|Seismic Toss|p2a: Clefable
|-damage|p2a: Clefable|194\/394 par
|move|p2a: Clefable|Soft-Boiled|p2a: Clefable
|-heal|p2a: Clefable|391\/394 par
|
|turn|19
|
|move|p1a: Chansey|Seismic Toss|p2a: Clefable
|-damage|p2a: Clefable|291\/394 par
|move|p2a: Clefable|Calm Mind|p2a: Clefable
|-boost|p2a: Clefable|spa|1
|-boost|p2a: Clefable|spd|1
|
|turn|20
|
|switch|p1a: Scizor|Scizor-Mega, F|264\/343
|-damage|p1a: Scizor|222\/343|[from] Stealth Rock
|move|p2a: Clefable|Moonblast|p1a: Scizor
|-resisted|p1a: Scizor
|-damage|p1a: Scizor|74\/343
|
|turn|21
|
|move|p1a: Scizor|Bullet Punch|p2a: Clefable
|-supereffective|p2a: Clefable
|-damage|p2a: Clefable|81\/394 par
|cant|p2a: Clefable|par
|
|turn|22
|
|move|p1a: Scizor|Bullet Punch|p2a: Clefable
|-supereffective|p2a: Clefable
|-damage|p2a: Clefable|0 fnt
|faint|p2a: Clefable
|
|
|switch|p2a: Rotom-Wash|Rotom-Wash|221\/303
|-damage|p2a: Rotom-Wash|184\/303|[from] Stealth Rock
|turn|23
|
|switch|p1a: Chansey|Chansey, F|581\/703
|-damage|p1a: Chansey|494\/703|[from] Stealth Rock
|move|p2a: Rotom-Wash|Hydro Pump|p1a: Chansey
|-damage|p1a: Chansey|410\/703
|
|turn|24
|
|switch|p2a: Bisharp|Bisharp, M|271\/271
|-damage|p2a: Bisharp|255\/271|[from] Stealth Rock
|switch|p1a: Gliscor|Gliscor, F|220\/352 tox
|-damage|p1a: Gliscor|176\/352 tox|[from] Stealth Rock
|
|-heal|p1a: Gliscor|220\/352 tox|[from] ability: Poison Heal
|turn|25
|
|move|p1a: Gliscor|Earthquake|p2a: Bisharp
|-supereffective|p2a: Bisharp
|-damage|p2a: Bisharp|49\/271
|move|p2a: Bisharp|Knock Off|p1a: Gliscor
|-damage|p1a: Gliscor|58\/352 tox
|-enditem|p1a: Gliscor|Toxic Orb|[from] move: Knock Off|[of] p2a: Bisharp
|
|-heal|p1a: Gliscor|102\/352 tox|[from] ability: Poison Heal
|turn|26
|
|move|p1a: Gliscor|Substitute|p1a: Gliscor
|-start|p1a: Gliscor|Substitute
|-damage|p1a: Gliscor|14\/352 tox
|move|p2a: Bisharp|Iron Head|p1a: Gliscor
|-end|p1a: Gliscor|Substitute
|
|-heal|p1a: Gliscor|58\/352 tox|[from] ability: Poison Heal
|turn|27
|
|move|p1a: Gliscor|Protect|p1a: Gliscor
|-singleturn|p1a: Gliscor|Protect
|move|p2a: Bisharp|Sucker Punch|p1a: Gliscor
|-fail|p1a: Gliscor
|
|-heal|p1a: Gliscor|102\/352 tox|[from] ability: Poison Heal
|turn|28
|
|move|p1a: Gliscor|Earthquake|p2a: Bisharp
|-crit|p2a: Bisharp
|-supereffective|p2a: Bisharp
|-damage|p2a: Bisharp|0 fnt
|faint|p2a: Bisharp
|
|-heal|p1a: Gliscor|146\/352 tox|[from] ability: Poison Heal
|
|switch|p2a: Latios|Latios, M|301\/301
|-damage|p2a: Latios|264\/301|[from] Stealth Rock
|turn|29
|
|move|p1a: Gliscor|Protect|p1a: Gliscor
|-singleturn|p1a: Gliscor|Protect
|move|p2a: Latios|Psyshock|p1a: Gliscor
|-activate|p1a: Gliscor|Protect
|
|-heal|p1a: Gliscor|190\/352 tox|[from] ability: Poison Heal
|turn|30
|
|move|p2a: Latios|Draco Meteor|p1a: Gliscor
|-damage|p1a: Gliscor|0 fnt
|-unboost|p2a: Latios|spa|2
|-damage|p2a: Latios|234\/301|[from] item: Life Orb
|faint|p1a: Gliscor
|
|
|switch|p1a: Gothitelle|Gothitelle, F|105\/301
|-damage|p1a: Gothitelle|68\/301|[from] Stealth Rock
|turn|31
|
|move|p2a: Latios|Draco Meteor|p1a: Gothitelle
|-damage|p1a: Gothitelle|0 fnt
|-unboost|p2a: Latios|spa|2
|-damage|p2a: Latios|204\/301|[from] item: Life Orb
|faint|p1a: Gothitelle
|
|
|switch|p1a: Scizor|Scizor-Mega, F|74\/343
|-damage|p1a: Scizor|32\/343|[from] Stealth Rock
|turn|32
|
|move|p2a: Latios|Earthquake|p1a: Scizor
|-damage|p1a: Scizor|0 fnt
|-damage|p2a: Latios|174\/301|[from] item: Life Orb
|faint|p1a: Scizor
|
|
|switch|p1a: Chansey|Chansey, F|410\/703
|-damage|p1a: Chansey|323\/703|[from] Stealth Rock
|turn|33
|
|switch|p2a: Ferrothorn|Ferrothorn, M|313\/352
|-damage|p2a: Ferrothorn|291\/352|[from] Stealth Rock
|move|p1a: Chansey|Thunder Wave|p2a: Ferrothorn
|-status|p2a: Ferrothorn|par
|
|turn|34
|
|move|p1a: Chansey|Soft-Boiled|p1a: Chansey
|-heal|p1a: Chansey|675\/703
|move|p2a: Ferrothorn|Leech Seed|p1a: Chansey
|-start|p1a: Chansey|move: Leech Seed
|
|-damage|p1a: Chansey|588\/703|[from] Leech Seed|[of] p2a: Ferrothorn
|-heal|p2a: Ferrothorn|352\/352 par|[silent]
|turn|35
|-message|Foretime forfeited.
|
|win|Richizen
|raw|Ladder updating...
|leave|Foretime
|player|p1