|join|smogon wolf
|join|Foretime
|player|p1|smogon wolf|247
|player|p2|Foretime|170
|gametype|singles
|gen|6
|tier|OU
|rated
|clearpoke
|poke|p1|Metagross
|poke|p1|Keldeo
|poke|p1|Thundurus, M
|poke|p1|Landorus-Therian, M
|poke|p1|Bisharp, F
|poke|p1|Garchomp, F
|poke|p2|Scizor, F
|poke|p2|Chansey, F
|poke|p2|Gliscor, F
|poke|p2|Rotom-Wash, shiny
|poke|p2|Gothitelle, F
|poke|p2|Ditto
|rule|Swagger Clause: Swagger is banned
|rule|Baton Pass Clause: Limit one PokÃ©mon knowing Baton Pass
|rule|Sleep Clause Mod: Limit one foe put to sleep
|rule|Species Clause: Limit one of each PokÃ©mon
|rule|OHKO Clause: OHKO moves are banned
|rule|Moody Clause: Moody is banned
|rule|Evasion Moves Clause: Evasion moves are banned
|rule|Endless Battle Clause: Forcing endless battles is banned
|rule|HP Percentage Mod: HP is shown in percentages
|teampreview
|
|start
|switch|p1a: Garchomp|Garchomp, F|358\/358
|switch|p2a: Gothitelle|Gothitelle, F|301\/301
|turn|1
|
|switch|p2a: Gliscor|Gliscor, F|352\/352
|move|p1a: Garchomp|Outrage|p2a: Gliscor
|-damage|p2a: Gliscor|196\/352
|
|-status|p2a: Gliscor|tox|[from] item: Toxic Orb
|turn|2
|
|switch|p2a: Scizor|Scizor, F|343\/343
|move|p1a: Garchomp|Outrage|p2a: Scizor
|-resisted|p2a: Scizor
|-damage|p2a: Scizor|253\/343
|
|-end|p1a: Garchomp|rampage
|-start|p1a: Garchomp|confusion
|-enditem|p1a: Garchomp|Lum Berry|[eat]
|-end|p1a: Garchomp|confusion
|turn|3
|
|switch|p2a: Gliscor|Gliscor, F|196\/352 tox
|move|p1a: Garchomp|Stealth Rock|p2a: Gliscor
|-sidestart|p2: Foretime|move: Stealth Rock
|
|-heal|p2a: Gliscor|240\/352 tox|[from] ability: Poison Heal
|turn|4
|
|move|p1a: Garchomp|Swords Dance|p1a: Garchomp
|-boost|p1a: Garchomp|atk|2
|move|p2a: Gliscor|Substitute|p2a: Gliscor
|-start|p2a: Gliscor|Substitute
|-damage|p2a: Gliscor|152\/352 tox
|
|-heal|p2a: Gliscor|196\/352 tox|[from] ability: Poison Heal
|turn|5
|
|move|p1a: Garchomp|Outrage|p2a: Gliscor
|-end|p2a: Gliscor|Substitute
|move|p2a: Gliscor|Toxic|p1a: Garchomp
|-status|p1a: Garchomp|tox
|
|-damage|p1a: Garchomp|336\/358 tox|[from] psn
|-heal|p2a: Gliscor|240\/352 tox|[from] ability: Poison Heal
|turn|6
|
|move|p2a: Gliscor|Protect|p2a: Gliscor
|-singleturn|p2a: Gliscor|Protect
|move|p1a: Garchomp|Outrage|p2a: Gliscor
|-activate|p2a: Gliscor|Protect
|
|-damage|p1a: Garchomp|292\/358 tox|[from] psn
|-heal|p2a: Gliscor|284\/352 tox|[from] ability: Poison Heal
|turn|7
|
|switch|p2a: Scizor|Scizor, F|253\/343
|-damage|p2a: Scizor|211\/343|[from] Stealth Rock
|move|p1a: Garchomp|Outrage|p2a: Scizor
|-resisted|p2a: Scizor
|-damage|p2a: Scizor|24\/343
|
|-damage|p1a: Garchomp|226\/358 tox|[from] psn
|turn|8
|
|detailschange|p2a: Scizor|Scizor-Mega, F
|message|Scizor has Mega Evolved into Mega Scizor!
|move|p2a: Scizor|Bullet Punch|p1a: Garchomp
|-damage|p1a: Garchomp|117\/358 tox
|-damage|p2a: Scizor|0 fnt|[from] ability: Rough Skin|[of] p1a: Garchomp
|faint|p2a: Scizor
|move|p1a: Garchomp|Outrage|p2: Scizor|[notarget]
|-notarget
|
|-end|p1a: Garchomp|rampage
|-start|p1a: Garchomp|confusion
|-damage|p1a: Garchomp|29\/358 tox|[from] psn
|
|switch|p2a: Ditto|Ditto|299\/299
|-damage|p2a: Ditto|262\/299|[from] Stealth Rock
|-transform|p2a: Ditto|p1a: Garchomp
|turn|9
|
|move|p2a: Ditto|Earthquake|p1a: Garchomp
|-damage|p1a: Garchomp|0 fnt
|faint|p1a: Garchomp
|
|
|switch|p1a: Landorus-Therian|Landorus-Therian, M|319\/319
|-ability|p1a: Landorus-Therian|Intimidate|[of] p2a: Ditto
|-unboost|p2a: Ditto|atk|1
|turn|10
|
|switch|p2a: Rotom-Wash|Rotom-Wash, shiny|304\/304
|-damage|p2a: Rotom-Wash|266\/304|[from] Stealth Rock
|move|p1a: Landorus-Therian|U-turn|p2a: Rotom-Wash
|-damage|p2a: Rotom-Wash|200\/304
|
|switch|p1a: Bisharp|Bisharp, F|271\/271
|
|-heal|p2a: Rotom-Wash|219\/304|[from] item: Leftovers
|turn|11
|
|switch|p2a: Gliscor|Gliscor, F|284\/352 tox
|-damage|p2a: Gliscor|240\/352 tox|[from] Stealth Rock
|move|p1a: Bisharp|Knock Off|p2a: Gliscor
|-damage|p2a: Gliscor|111\/352 tox
|-enditem|p2a: Gliscor|Toxic Orb|[from] move: Knock Off|[of] p1a: Bisharp
|
|-heal|p2a: Gliscor|155\/352 tox|[from] ability: Poison Heal
|turn|12
|
|move|p2a: Gliscor|Earthquake|p1a: Bisharp
|-supereffective|p1a: Bisharp
|-damage|p1a: Bisharp|25\/271
|move|p1a: Bisharp|Iron Head|p2a: Gliscor
|-damage|p2a: Gliscor|44\/352 tox
|
|-heal|p2a: Gliscor|88\/352 tox|[from] ability: Poison Heal
|turn|13
|
|switch|p1a: Keldeo|Keldeo|323\/323
|move|p2a: Gliscor|Protect|p2a: Gliscor
|-fail|p2a: Gliscor
|
|-heal|p2a: Gliscor|132\/352 tox|[from] ability: Poison Heal
|turn|14
|
|move|p2a: Gliscor|Protect|p2a: Gliscor
|-singleturn|p2a: Gliscor|Protect
|move|p1a: Keldeo|Substitute|p1a: Keldeo
|-start|p1a: Keldeo|Substitute
|-damage|p1a: Keldeo|243\/323
|
|-heal|p1a: Keldeo|263\/323|[from] item: Leftovers
|-heal|p2a: Gliscor|176\/352 tox|[from] ability: Poison Heal
|turn|15
|
|switch|p2a: Rotom-Wash|Rotom-Wash, shiny|219\/304
|-damage|p2a: Rotom-Wash|181\/304|[from] Stealth Rock
|move|p1a: Keldeo|Calm Mind|p1a: Keldeo
|-boost|p1a: Keldeo|spa|1
|-boost|p1a: Keldeo|spd|1
|
|-heal|p1a: Keldeo|283\/323|[from] item: Leftovers
|-heal|p2a: Rotom-Wash|200\/304|[from] item: Leftovers
|turn|16
|
|move|p1a: Keldeo|Secret Sword|p2a: Rotom-Wash
|-damage|p2a: Rotom-Wash|46\/304
|move|p2a: Rotom-Wash|Volt Switch|p1a: Keldeo
|-crit|p1a: Keldeo
|-supereffective|p1a: Keldeo
|-end|p1a: Keldeo|Substitute
|
|switch|p2a: Ditto|Ditto|262\/299
|-damage|p2a: Ditto|225\/299|[from] Stealth Rock
|-transform|p2a: Ditto|p1a: Keldeo
|
|-heal|p1a: Keldeo|303\/323|[from] item: Leftovers
|turn|17
|
|move|p2a: Ditto|Scald|p1a: Keldeo
|-resisted|p1a: Keldeo
|-damage|p1a: Keldeo|225\/323
|move|p1a: Keldeo|Secret Sword|p2a: Ditto
|-damage|p2a: Ditto|0 fnt
|faint|p2a: Ditto
|
|-heal|p1a: Keldeo|245\/323|[from] item: Leftovers
|
|switch|p2a: Gothitelle|Gothitelle, F|301\/301
|-damage|p2a: Gothitelle|264\/301|[from] Stealth Rock
|turn|18
|
|move|p2a: Gothitelle|Psychic|p1a: Keldeo
|-supereffective|p1a: Keldeo
|-damage|p1a: Keldeo|83\/323
|move|p1a: Keldeo|Scald|p2a: Gothitelle
|-damage|p2a: Gothitelle|51\/301
|
|-heal|p1a: Keldeo|103\/323|[from] item: Leftovers
|turn|19
|
|move|p2a: Gothitelle|Psychic|p1a: Keldeo
|-supereffective|p1a: Keldeo
|-damage|p1a: Keldeo|0 fnt
|faint|p1a: Keldeo
|
|
|switch|p1a: Bisharp|Bisharp, F|25\/271
|turn|20
|
|move|p1a: Bisharp|Pursuit|p2a: Gothitelle|[from]Pursuit
|-supereffective|p2a: Gothitelle
|-damage|p2a: Gothitelle|0 fnt
|faint|p2a: Gothitelle
|
|
|switch|p2a: Gliscor|Gliscor, F|176\/352 tox
|-damage|p2a: Gliscor|132\/352 tox|[from] Stealth Rock
|turn|21
|
|switch|p1a: Thundurus|Thundurus, M|304\/304
|move|p2a: Gliscor|Substitute|p2a: Gliscor
|-start|p2a: Gliscor|Substitute
|-damage|p2a: Gliscor|44\/352 tox
|
|-heal|p2a: Gliscor|88\/352 tox|[from] ability: Poison Heal
|turn|22
|
|move|p2a: Gliscor|Protect|p2a: Gliscor
|-singleturn|p2a: Gliscor|Protect
|move|p1a: Thundurus|Hidden Power|p2a: Gliscor
|-activate|p2a: Gliscor|Protect
|
|-heal|p2a: Gliscor|132\/352 tox|[from] ability: Poison Heal
|turn|23
|
|move|p1a: Thundurus|Nasty Plot|p1a: Thundurus
|-boost|p1a: Thundurus|spa|2
|move|p2a: Gliscor|Toxic|p1a: Thundurus
|-status|p1a: Thundurus|tox
|
|-damage|p1a: Thundurus|285\/304 tox|[from] psn
|-heal|p2a: Gliscor|176\/352 tox|[from] ability: Poison Heal
|turn|24
|
|move|p2a: Gliscor|Protect|p2a: Gliscor
|-singleturn|p2a: Gliscor|Protect
|move|p1a: Thundurus|Nasty Plot|p1a: Thundurus
|-boost|p1a: Thundurus|spa|2
|
|-damage|p1a: Thundurus|247\/304 tox|[from] psn
|-heal|p2a: Gliscor|220\/352 tox|[from] ability: Poison Heal
|turn|25
|
|move|p1a: Thundurus|Hidden Power|p2a: Gliscor
|-end|p2a: Gliscor|Substitute
|-damage|p1a: Thundurus|217\/304 tox|[from] item: Life Orb
|move|p2a: Gliscor|Substitute|p2a: Gliscor
|-start|p2a: Gliscor|Substitute
|-damage|p2a: Gliscor|132\/352 tox
|
|-damage|p1a: Thundurus|160\/304 tox|[from] psn
|-heal|p2a: Gliscor|176\/352 tox|[from] ability: Poison Heal
|turn|26
|
|move|p2a: Gliscor|Protect|p2a: Gliscor
|-singleturn|p2a: Gliscor|Protect
|move|p1a: Thundurus|Hidden Power|p2a: Gliscor
|-activate|p2a: Gliscor|Protect
|
|-damage|p1a: Thundurus|84\/304 tox|[from] psn
|-heal|p2a: Gliscor|220\/352 tox|[from] ability: Poison Heal
|turn|27
|
|move|p1a: Thundurus|Hidden Power|p2a: Gliscor
|-end|p2a: Gliscor|Substitute
|-damage|p1a: Thundurus|54\/304 tox|[from] item: Life Orb
|move|p2a: Gliscor|Substitute|p2a: Gliscor
|-start|p2a: Gliscor|Substitute
|-damage|p2a: Gliscor|132\/352 tox
|
|-damage|p1a: Thundurus|0 fnt|[from] psn
|-heal|p2a: Gliscor|176\/352 tox|[from] ability: Poison Heal
|faint|p1a: Thundurus
|
|switch|p1a: Metagross|Metagross|301\/301
|turn|28
|
|detailschange|p1a: Metagross|Metagross-Mega
|message|Metagross has Mega Evolved into Mega Metagross!
|move|p2a: Gliscor|Earthquake|p1a: Metagross
|-crit|p1a: Metagross
|-supereffective|p1a: Metagross
|-damage|p1a: Metagross|65\/301
|move|p1a: Metagross|Ice Punch|p2a: Gliscor
|-supereffective|p2a: Gliscor
|-end|p2a: Gliscor|Substitute
|
|-heal|p2a: Gliscor|220\/352 tox|[from] ability: Poison Heal
|turn|29
|
|move|p2a: Gliscor|Protect|p2a: Gliscor
|-singleturn|p2a: Gliscor|Protect
|move|p1a: Metagross|Ice Punch|p2a: Gliscor
|-activate|p2a: Gliscor|Protect
|
|-heal|p2a: Gliscor|264\/352 tox|[from] ability: Poison Heal
|turn|30
|
|switch|p2a: Rotom-Wash|Rotom-Wash, shiny|46\/304
|-damage|p2a: Rotom-Wash|8\/304|[from] Stealth Rock
|move|p1a: Metagross|Ice Punch|p2a: Rotom-Wash
|-resisted|p2a: Rotom-Wash
|-damage|p2a: Rotom-Wash|0 fnt
|faint|p2a: Rotom-Wash
|
|
|switch|p2a: Chansey|Chansey, F|703\/703
|-damage|p2a: Chansey|616\/703|[from] Stealth Rock
|turn|31
|
|switch|p1a: Landorus-Therian|Landorus-Therian, M|319\/319
|-ability|p1a: Landorus-Therian|Intimidate|[of] p2a: Chansey
|-unboost|p2a: Chansey|atk|1
|move|p2a: Chansey|Thunder Wave|p1a: Landorus-Therian
|-immune|p1a: Landorus-Therian|[msg]
|
|turn|32
|
|move|p1a: Landorus-Therian|U-turn|p2a: Chansey
|-damage|p2a: Chansey|492\/703
|
|switch|p1a: Bisharp|Bisharp, F|25\/271
|move|p2a: Chansey|Thunder Wave|p1a: Bisharp
|-status|p1a: Bisharp|par
|-enditem|p1a: Bisharp|Lum Berry|[eat]
|-curestatus|p1a: Bisharp|par
|
|turn|33
|
|switch|p1a: Metagross|Metagross-Mega|65\/301
|switch|p2a: Gliscor|Gliscor, F|264\/352 tox
|-damage|p2a: Gliscor|220\/352 tox|[from] Stealth Rock
|
|-heal|p2a: Gliscor|264\/352 tox|[from] ability: Poison Heal
|turn|34
|
|move|p2a: Gliscor|Protect|p2a: Gliscor
|-singleturn|p2a: Gliscor|Protect
|move|p1a: Metagross|Ice Punch|p2a: Gliscor
|-activate|p2a: Gliscor|Protect
|
|-heal|p2a: Gliscor|308\/352 tox|[from] ability: Poison Heal
|turn|35
|
|switch|p2a: Chansey|Chansey, F|492\/703
|-damage|p2a: Chansey|405\/703|[from] Stealth Rock
|move|p1a: Metagross|Ice Punch|p2a: Chansey
|-damage|p2a: Chansey|220\/703
|
|turn|36
|
|move|p1a: Metagross|Meteor Mash|p2a: Chansey
|-damage|p2a: Chansey|0 fnt
|-boost|p1a: Metagross|atk|1
|faint|p2a: Chansey
|
|
|switch|p2a: Gliscor|Gliscor, F|308\/352 tox
|-damage|p2a: Gliscor|264\/352 tox|[from] Stealth Rock
|turn|37
|
|move|p1a: Metagross|Ice Punch|p2a: Gliscor
|-supereffective|p2a: Gliscor
|-damage|p2a: Gliscor|0 fnt
|faint|p2a: Gliscor
|
|win|smogon wolf
|raw|Ladder updating...
|c|âsmogon wolf|gg
|leave|Foretime
|player|p2
|raw|smogon wolf's rating: 1504 &rarr; <strong>1522<\/strong><br \/>(+18 for winning)
|raw|Foretime's rating: 1465 &rarr; <strong>1447<\/strong><br \/>(-18 for losing)