|join|MoB Barley
|join|foretime
|player|p1|MoB Barley|161
|player|p2|foretime|170
|gametype|singles
|gen|6
|tier|OU
|rated
|clearpoke
|poke|p1|Victini
|poke|p1|Keldeo-Resolute
|poke|p1|Bisharp, M, shiny
|poke|p1|Lopunny, F, shiny
|poke|p1|Azumarill, M
|poke|p1|Latios, M
|poke|p2|Metagross, shiny
|poke|p2|Infernape, F
|poke|p2|Thundurus, M
|poke|p2|Landorus, M
|poke|p2|Lucario, F
|poke|p2|Azumarill, F
|rule|Swagger Clause: Swagger is banned
|rule|Baton Pass Clause: Limit one PokÃ©mon knowing Baton Pass
|rule|Sleep Clause Mod: Limit one foe put to sleep
|rule|Species Clause: Limit one of each PokÃ©mon
|rule|OHKO Clause: OHKO moves are banned
|rule|Moody Clause: Moody is banned
|rule|Evasion Moves Clause: Evasion moves are banned
|rule|Endless Battle Clause: Forcing endless battles is banned
|rule|HP Percentage Mod: HP is shown in percentages
|teampreview
|
|start
|switch|p1a: Playboy|Lopunny, F, shiny|271\/271
|switch|p2a: Metagross|Metagross, shiny|301\/301
|turn|1
|
|switch|p1a: Destructo Disc|Victini|341\/341
|detailschange|p2a: Metagross|Metagross-Mega, shiny
|-mega|p2a: Metagross|Metagross|Metagrossite
|move|p2a: Metagross|Meteor Mash|p1a: Destructo Disc
|-crit|p1a: Destructo Disc
|-resisted|p1a: Destructo Disc
|-damage|p1a: Destructo Disc|158\/341
|
|turn|2
|
|switch|p2a: Azumarill|Azumarill, F|380\/380
|move|p1a: Destructo Disc|V-create|p2a: Azumarill
|-resisted|p2a: Azumarill
|-damage|p2a: Azumarill|138\/380
|-unboost|p1a: Destructo Disc|def|1
|-unboost|p1a: Destructo Disc|spd|1
|-unboost|p1a: Destructo Disc|spe|1
|-enditem|p2a: Azumarill|Sitrus Berry|[eat]
|-heal|p2a: Azumarill|233\/380|[from] item: Sitrus Berry
|
|turn|3
|
|move|p1a: Destructo Disc|V-create|p2a: Azumarill
|-resisted|p2a: Azumarill
|-damage|p2a: Azumarill|0 fnt
|-unboost|p1a: Destructo Disc|def|1
|-unboost|p1a: Destructo Disc|spd|1
|-unboost|p1a: Destructo Disc|spe|1
|faint|p2a: Azumarill
|
|
|switch|p2a: Thundurus|Thundurus, M|298\/298
|turn|4
|join|ugotslowbro'ed
|join|kungfu pancham
|
|switch|p1a: AC130|Latios, M|301\/301
|move|p2a: Thundurus|Knock Off|p1a: AC130
|-supereffective|p1a: AC130
|-damage|p1a: AC130|28\/301
|-enditem|p1a: AC130|Life Orb|[from] move: Knock Off|[of] p2a: Thundurus
|-damage|p2a: Thundurus|269\/298|[from] item: Life Orb
|
|turn|5
|
|move|p2a: Thundurus|Thunderbolt|p1a: AC130
|-resisted|p1a: AC130
|-damage|p1a: AC130|0 fnt
|-damage|p2a: Thundurus|240\/298|[from] item: Life Orb
|faint|p1a: AC130
|
|
|switch|p1a: Prioritize|Bisharp, M, shiny|271\/271
|turn|6
|
|move|p2a: Thundurus|Thunderbolt|p1a: Prioritize
|-damage|p1a: Prioritize|12\/271
|-damage|p2a: Thundurus|211\/298|[from] item: Life Orb
|move|p1a: Prioritize|Stealth Rock|p2a: Thundurus
|-sidestart|p2: foretime|move: Stealth Rock
|
|turn|7
|join|CSS)bleachzxzx
|
|switch|p2a: Lucario|Lucario, F|281\/281
|-damage|p2a: Lucario|273\/281|[from] Stealth Rock
|move|p1a: Prioritize|Iron Head|p2a: Lucario
|-resisted|p2a: Lucario
|-damage|p2a: Lucario|180\/281
|
|turn|8
|
|move|p2a: Lucario|Extreme Speed|p1a: Prioritize
|-resisted|p1a: Prioritize
|-damage|p1a: Prioritize|0 fnt
|-damage|p2a: Lucario|152\/281|[from] item: Life Orb
|faint|p1a: Prioritize
|
|
|switch|p1a: Pwny|Keldeo-Resolute|323\/323
|turn|9
|
|switch|p2a: Infernape|Infernape, F|293\/293
|-damage|p2a: Infernape|257\/293|[from] Stealth Rock
|move|p1a: Pwny|Scald|p2a: Infernape
|-supereffective|p2a: Infernape
|-damage|p2a: Infernape|0 fnt
|faint|p2a: Infernape
|
|
|switch|p2a: Metagross|Metagross-Mega, shiny|301\/301
|-damage|p2a: Metagross|283\/301|[from] Stealth Rock
|turn|10
|
|switch|p1a: Destructo Disc|Victini|158\/341
|move|p2a: Metagross|Thunder Punch|p1a: Destructo Disc
|-damage|p1a: Destructo Disc|24\/341
|
|turn|11
|
|move|p2a: Metagross|Bullet Punch|p1a: Destructo Disc
|-resisted|p1a: Destructo Disc
|-damage|p1a: Destructo Disc|0 fnt
|faint|p1a: Destructo Disc
|
|
|switch|p1a: Playboy|Lopunny, F, shiny|271\/271
|turn|12
|join|Jefo
|join|Genesis7
|leave|Genesis7
|
|detailschange|p1a: Playboy|Lopunny-Mega, F, shiny
|-mega|p1a: Playboy|Lopunny|Lopunnite
|move|p1a: Playboy|Fake Out|p2a: Metagross
|-resisted|p2a: Metagross
|-damage|p2a: Metagross|254\/301
|cant|p2a: Metagross|flinch
|
|turn|13
|join|Alldaalts
|
|move|p1a: Playboy|High Jump Kick|p2a: Metagross
|-damage|p2a: Metagross|94\/301
|move|p2a: Metagross|Meteor Mash|p1a: Playboy
|-damage|p1a: Playboy|40\/271
|
|turn|14
|leave|Alldaalts
|
|switch|p1a: Pwny|Keldeo-Resolute|323\/323
|move|p2a: Metagross|Bullet Punch|p1a: Pwny
|-crit|p1a: Pwny
|-resisted|p1a: Pwny
|-damage|p1a: Pwny|234\/323
|
|turn|15
|
|move|p1a: Pwny|Scald|p2a: Metagross
|-damage|p2a: Metagross|0 fnt
|faint|p2a: Metagross
|
|
|switch|p2a: Thundurus|Thundurus, M|211\/298
|-damage|p2a: Thundurus|137\/298|[from] Stealth Rock
|turn|16
|
|move|p2a: Thundurus|Thunder Wave|p1a: Pwny
|-status|p1a: Pwny|par
|move|p1a: Pwny|Scald|p2a: Thundurus
|-damage|p2a: Thundurus|0 fnt
|faint|p2a: Thundurus
|
|join|Risky Chance
|
|switch|p2a: Landorus|Landorus, M|319\/319
|-damage|p2a: Landorus|280\/319|[from] Stealth Rock
|turn|17
|
|move|p2a: Landorus|Earth Power|p1a: Pwny
|-damage|p1a: Pwny|0 fnt
|faint|p1a: Pwny
|
|
|switch|p1a: Playboy|Lopunny-Mega, F, shiny|40\/271
|turn|18
|
|switch|p2a: Lucario|Lucario, F|152\/281
|-damage|p2a: Lucario|144\/281|[from] Stealth Rock
|move|p1a: Playboy|High Jump Kick|p2a: Lucario
|-supereffective|p2a: Lucario
|-damage|p2a: Lucario|0 fnt
|faint|p2a: Lucario
|
|
|switch|p2a: Landorus|Landorus, M|280\/319
|-damage|p2a: Landorus|241\/319|[from] Stealth Rock
|turn|19
|
|move|p1a: Playboy|Ice Punch|p2a: Landorus
|-supereffective|p2a: Landorus
|-damage|p2a: Landorus|0 fnt
|faint|p2a: Landorus
|
|win|MoB Barley
|raw|Ladder updating...
|raw|MoB Barley's rating: 1805 &rarr; <strong>1816<\/strong><br \/>(+11 for winning)
|raw|foretime's rating: 1648 &rarr; <strong>1637<\/strong><br \/>(-11 for losing)
|leave|MoB Barley
|player|p1