|join|Foretime
|join|nyctest
|player|p1|Foretime|170
|player|p2|nyctest|92
|gametype|singles
|gen|6
|tier|OU
|rated
|clearpoke
|poke|p1|Latias, F
|poke|p1|Gardevoir, F, shiny
|poke|p1|Bisharp, F
|poke|p1|Keldeo-Resolute
|poke|p1|Ferrothorn, F
|poke|p1|Landorus-Therian, M
|poke|p2|Landorus-Therian, M
|poke|p2|Ferrothorn, M
|poke|p2|Latias, F, shiny
|poke|p2|Keldeo-Resolute
|poke|p2|Gothitelle, F, shiny
|poke|p2|Charizard, M, shiny
|rule|Swagger Clause: Swagger is banned
|rule|Baton Pass Clause: Limit one PokÃ©mon knowing Baton Pass
|rule|Sleep Clause Mod: Limit one foe put to sleep
|rule|Species Clause: Limit one of each PokÃ©mon
|rule|OHKO Clause: OHKO moves are banned
|rule|Moody Clause: Moody is banned
|rule|Evasion Moves Clause: Evasion moves are banned
|rule|Endless Battle Clause: Forcing endless battles is banned
|rule|HP Percentage Mod: HP is shown in percentages
|teampreview
|c|âForetime|gl hf xD
|c|ânyctest|u2
|
|start
|switch|p1a: Gardevoir|Gardevoir, F, shiny|277\/277
|switch|p2a: Ferrothorn|Ferrothorn, M|352\/352
|-ability|p1a: Gardevoir|Iron Barbs|[from] ability: Trace|[of] p2a: Ferrothorn
|turn|1
|
|switch|p1a: Ferrothorn|Ferrothorn, F|352\/352
|move|p2a: Ferrothorn|Thunder Wave|p1a: Ferrothorn
|-status|p1a: Ferrothorn|par
|
|turn|2
|
|switch|p2a: Charizard|Charizard, M, shiny|319\/319
|switch|p1a: Bisharp|Bisharp, F|271\/271
|
|turn|3
|
|switch|p1a: Latias|Latias, F|301\/301
|detailschange|p2a: Charizard|Charizard-Mega-X, M, shiny
|-mega|p2a: Charizard|Charizard|Charizardite X
|move|p2a: Charizard|Flare Blitz|p1a: Latias
|-resisted|p1a: Latias
|-damage|p1a: Latias|148\/301
|-damage|p2a: Charizard|269\/319|[from] recoil|[of] p1a: Latias
|
|turn|4
|
|switch|p1a: Keldeo-Resolute|Keldeo-Resolute|323\/323
|switch|p2a: Ferrothorn|Ferrothorn, M|352\/352
|
|turn|5
|
|switch|p1a: Bisharp|Bisharp, F|271\/271
|switch|p2a: Latias|Latias, F, shiny|319\/319
|
|turn|6
|
|move|p1a: Bisharp|Pursuit|p2a: Latias|[from]Pursuit
|-supereffective|p2a: Latias
|-damage|p2a: Latias|0 fnt
|faint|p2a: Latias
|
|
|switch|p2a: Charizard|Charizard-Mega-X, M, shiny|269\/319
|turn|7
|
|switch|p1a: Landorus-Therian|Landorus-Therian, M|319\/319
|-ability|p1a: Landorus-Therian|Intimidate|[of] p2a: Charizard
|-unboost|p2a: Charizard|atk|1
|move|p2a: Charizard|Dragon Dance|p2a: Charizard
|-boost|p2a: Charizard|atk|1
|-boost|p2a: Charizard|spe|1
|
|turn|8
|
|move|p2a: Charizard|Flare Blitz|p1a: Landorus-Therian
|-damage|p1a: Landorus-Therian|0 fnt
|-damage|p2a: Charizard|164\/319|[from] recoil|[of] p1a: Landorus-Therian
|faint|p1a: Landorus-Therian
|
|c|âForetime|jolly max spd and atk?0.0
|
|switch|p1a: Keldeo-Resolute|Keldeo-Resolute|323\/323
|turn|9
|
|switch|p2a: Ferrothorn|Ferrothorn, M|352\/352
|move|p1a: Keldeo-Resolute|Scald|p2a: Ferrothorn
|-resisted|p2a: Ferrothorn
|-damage|p2a: Ferrothorn|301\/352
|
|-heal|p2a: Ferrothorn|323\/352|[from] item: Leftovers
|turn|10
|
|switch|p2a: Charizard|Charizard-Mega-X, M, shiny|164\/319
|move|p1a: Keldeo-Resolute|Substitute|p1a: Keldeo-Resolute
|-start|p1a: Keldeo-Resolute|Substitute
|-damage|p1a: Keldeo-Resolute|243\/323
|
|-heal|p1a: Keldeo-Resolute|263\/323|[from] item: Leftovers
|turn|11
|
|switch|p2a: Gothitelle|Gothitelle, F, shiny|343\/343
|move|p1a: Keldeo-Resolute|Scald|p2a: Gothitelle
|-damage|p2a: Gothitelle|216\/343
|
|-heal|p1a: Keldeo-Resolute|283\/323|[from] item: Leftovers
|turn|12
|
|move|p2a: Gothitelle|Psychic|p1a: Keldeo-Resolute
|-supereffective|p1a: Keldeo-Resolute
|-end|p1a: Keldeo-Resolute|Substitute
|move|p1a: Keldeo-Resolute|Scald|p2a: Gothitelle
|-damage|p2a: Gothitelle|86\/343
|
|-heal|p1a: Keldeo-Resolute|303\/323|[from] item: Leftovers
|turn|13
|
|move|p2a: Gothitelle|Psychic|p1a: Keldeo-Resolute
|-supereffective|p1a: Keldeo-Resolute
|-damage|p1a: Keldeo-Resolute|91\/323
|move|p1a: Keldeo-Resolute|Scald|p2a: Gothitelle
|-damage|p2a: Gothitelle|0 fnt
|faint|p2a: Gothitelle
|
|-heal|p1a: Keldeo-Resolute|111\/323|[from] item: Leftovers
|
|switch|p2a: Keldeo-Resolute|Keldeo-Resolute|323\/323
|turn|14
|
|switch|p1a: Gardevoir|Gardevoir, F, shiny|277\/277
|-ability|p1a: Gardevoir|Justified|[from] ability: Trace|[of] p2a: Keldeo-Resolute
|move|p2a: Keldeo-Resolute|Secret Sword|p1a: Gardevoir
|-resisted|p1a: Gardevoir
|-damage|p1a: Gardevoir|226\/277
|
|turn|15
|
|switch|p2a: Ferrothorn|Ferrothorn, M|323\/352
|detailschange|p1a: Gardevoir|Gardevoir-Mega, F, shiny
|-mega|p1a: Gardevoir|Gardevoir|Gardevoirite
|move|p1a: Gardevoir|Focus Blast|p2a: Ferrothorn|[miss]
|-miss|p1a: Gardevoir|p2a: Ferrothorn
|
|-heal|p2a: Ferrothorn|345\/352|[from] item: Leftovers
|turn|16
|
|move|p1a: Gardevoir|Focus Blast|p2a: Ferrothorn|[miss]
|-miss|p1a: Gardevoir|p2a: Ferrothorn
|move|p2a: Ferrothorn|Gyro Ball|p1a: Gardevoir
|-supereffective|p1a: Gardevoir
|-damage|p1a: Gardevoir|0 fnt
|faint|p1a: Gardevoir
|
|-heal|p2a: Ferrothorn|352\/352|[from] item: Leftovers
|
|switch|p1a: Keldeo-Resolute|Keldeo-Resolute|111\/323
|turn|17
|
|move|p1a: Keldeo-Resolute|Substitute|p1a: Keldeo-Resolute
|-start|p1a: Keldeo-Resolute|Substitute
|-damage|p1a: Keldeo-Resolute|31\/323
|move|p2a: Ferrothorn|Gyro Ball|p1a: Keldeo-Resolute
|-resisted|p1a: Keldeo-Resolute
|-end|p1a: Keldeo-Resolute|Substitute
|
|-heal|p1a: Keldeo-Resolute|51\/323|[from] item: Leftovers
|turn|18
|
|switch|p1a: Latias|Latias, F|148\/301
|move|p2a: Ferrothorn|Gyro Ball|p1a: Latias
|-damage|p1a: Latias|0 fnt
|faint|p1a: Latias
|
|
|switch|p1a: Ferrothorn|Ferrothorn, F|352\/352 par
|turn|19
|
|switch|p2a: Charizard|Charizard-Mega-X, M, shiny|164\/319
|switch|p1a: Keldeo-Resolute|Keldeo-Resolute|51\/323
|
|-heal|p1a: Keldeo-Resolute|71\/323|[from] item: Leftovers
|turn|20
|
|switch|p2a: Keldeo-Resolute|Keldeo-Resolute|323\/323
|move|p1a: Keldeo-Resolute|Secret Sword|p2a: Keldeo-Resolute
|-damage|p2a: Keldeo-Resolute|166\/323
|
|-heal|p1a: Keldeo-Resolute|91\/323|[from] item: Leftovers
|turn|21
|
|move|p2a: Keldeo-Resolute|Secret Sword|p1a: Keldeo-Resolute
|-damage|p1a: Keldeo-Resolute|0 fnt
|faint|p1a: Keldeo-Resolute
|
|
|switch|p1a: Bisharp|Bisharp, F|271\/271
|turn|22
|c|âForetime|gg
|c|ânyctest|gg
|
|move|p1a: Bisharp|Sucker Punch|p2a: Keldeo-Resolute
|-resisted|p2a: Keldeo-Resolute
|-damage|p2a: Keldeo-Resolute|66\/323
|-boost|p2a: Keldeo-Resolute|atk|1|[from] ability: Justified
|move|p2a: Keldeo-Resolute|Secret Sword|p1a: Bisharp
|-supereffective|p1a: Bisharp
|-damage|p1a: Bisharp|0 fnt
|faint|p1a: Bisharp
|
|
|switch|p1a: Ferrothorn|Ferrothorn, F|352\/352 par
|turn|23
|
|move|p2a: Keldeo-Resolute|Secret Sword|p1a: Ferrothorn
|-supereffective|p1a: Ferrothorn
|-damage|p1a: Ferrothorn|130\/352 par
|cant|p1a: Ferrothorn|par
|
|-heal|p1a: Ferrothorn|152\/352 par|[from] item: Leftovers
|turn|24
|
|move|p2a: Keldeo-Resolute|Secret Sword|p1a: Ferrothorn
|-supereffective|p1a: Ferrothorn
|-damage|p1a: Ferrothorn|0 fnt
|faint|p1a: Ferrothorn
|
|win|nyctest
|raw|Ladder updating...
|raw|Foretime's rating: 1612 &rarr; <strong>1592<\/strong><br \/>(-20 for losing)
|raw|nyctest's rating: 1598 &rarr; <strong>1619<\/strong><br \/>(+21 for winning)
|leave|Foretime
|player|p1