|join|xTraSmallDick
|join|Szeba
|player|p1|xTraSmallDick|1
|player|p2|Szeba|209
|gametype|singles
|gen|6
|tier|OU
|rated
|clearpoke
|poke|p1|Medicham, M
|poke|p1|Bisharp, M
|poke|p1|Talonflame, F
|poke|p1|Tyranitar, F
|poke|p1|Excadrill, M
|poke|p1|Azumarill, M
|poke|p2|Heracross, F
|poke|p2|Heatran, M
|poke|p2|Talonflame, M
|poke|p2|Roserade, M
|poke|p2|Starmie
|poke|p2|Bisharp, F
|rule|Swagger Clause: Swagger is banned
|rule|Baton Pass Clause: Limit one PokÃ©mon knowing Baton Pass
|rule|Sleep Clause Mod: Limit one foe put to sleep
|rule|Species Clause: Limit one of each PokÃ©mon
|rule|OHKO Clause: OHKO moves are banned
|rule|Moody Clause: Moody is banned
|rule|Evasion Moves Clause: Evasion moves are banned
|rule|Endless Battle Clause: Forcing endless battles is banned
|rule|HP Percentage Mod: HP is shown in percentages
|teampreview
|
|start
|switch|p1a: Medicham|Medicham, M|261\/261
|switch|p2a: Heatran|Heatran, M|386\/386
|turn|1
|
|switch|p2a: Starmie|Starmie|324\/324
|detailschange|p1a: Medicham|Medicham-Mega, M
|-mega|p1a: Medicham|Medicham|Medichamite
|move|p1a: Medicham|Fake Out|p2a: Starmie
|-damage|p2a: Starmie|261\/324
|
|-heal|p2a: Starmie|281\/324|[from] item: Leftovers
|turn|2
|
|switch|p1a: Azumarill|Azumarill, M|381\/381
|move|p2a: Starmie|Scald|p1a: Azumarill
|-resisted|p1a: Azumarill
|-damage|p1a: Azumarill|340\/381
|
|-heal|p2a: Starmie|301\/324|[from] item: Leftovers
|turn|3
|
|move|p2a: Starmie|Scald|p1a: Azumarill
|-crit|p1a: Azumarill
|-resisted|p1a: Azumarill
|-damage|p1a: Azumarill|280\/381
|-status|p1a: Azumarill|brn
|move|p1a: Azumarill|Knock Off|p2a: Starmie
|-supereffective|p2a: Starmie
|-damage|p2a: Starmie|187\/324
|-enditem|p2a: Starmie|Leftovers|[from] move: Knock Off|[of] p1a: Azumarill
|
|-damage|p1a: Azumarill|233\/381 brn|[from] brn
|turn|4
|c|âxTraSmallDick|UGH
|c|âxTraSmallDick|cunt
|
|move|p2a: Starmie|Recover|p2a: Starmie
|-heal|p2a: Starmie|324\/324
|move|p1a: Azumarill|Knock Off|p2a: Starmie
|-supereffective|p2a: Starmie
|-damage|p2a: Starmie|252\/324
|
|-damage|p1a: Azumarill|186\/381 brn|[from] brn
|turn|5
|
|move|p2a: Starmie|Scald|p1a: Azumarill
|-resisted|p1a: Azumarill
|-damage|p1a: Azumarill|148\/381 brn
|move|p1a: Azumarill|Knock Off|p2a: Starmie
|-supereffective|p2a: Starmie
|-damage|p2a: Starmie|176\/324
|
|-damage|p1a: Azumarill|101\/381 brn|[from] brn
|turn|6
|
|switch|p1a: Tyranitar|Tyranitar, F|404\/404
|-weather|Sandstorm
|move|p2a: Starmie|Scald|p1a: Tyranitar
|-supereffective|p1a: Tyranitar
|-damage|p1a: Tyranitar|318\/404
|
|-weather|Sandstorm|[upkeep]
|-damage|p2a: Starmie|156\/324|[from] sandstorm
|turn|7
|
|move|p2a: Starmie|Reflect Type|p1a: Tyranitar
|-start|p2a: Starmie|typechange|[from] move: Reflect Type|[of] p1a: Tyranitar
|move|p1a: Tyranitar|Pursuit|p2a: Starmie
|-resisted|p2a: Starmie
|-damage|p2a: Starmie|132\/324
|
|-weather|Sandstorm|[upkeep]
|turn|8
|c|âxTraSmallDick|o ya
|
|switch|p2a: Heracross|Heracross, F|301\/301
|switch|p1a: Azumarill|Azumarill, M|101\/381 brn
|
|-weather|Sandstorm|[upkeep]
|-damage|p2a: Heracross|283\/301|[from] sandstorm
|-damage|p1a: Azumarill|78\/381 brn|[from] sandstorm
|-damage|p1a: Azumarill|31\/381 brn|[from] brn
|turn|9
|
|move|p1a: Azumarill|Aqua Jet|p2a: Heracross
|-damage|p2a: Heracross|228\/301
|move|p2a: Heracross|Bullet Seed|p1a: Azumarill
|-supereffective|p1a: Azumarill
|-damage|p1a: Azumarill|0 fnt
|-hitcount|p1a: Azumarill|1
|faint|p1a: Azumarill
|-boost|p2a: Heracross|atk|1|[from] ability: Moxie
|
|-weather|Sandstorm|[upkeep]
|-damage|p2a: Heracross|210\/301|[from] sandstorm
|
|switch|p1a: Talonflame|Talonflame, F|327\/327
|turn|10
|
|switch|p1a: Medicham|Medicham-Mega, M|261\/261
|switch|p2a: Heatran|Heatran, M|386\/386
|
|-weather|Sandstorm|[upkeep]
|-damage|p1a: Medicham|245\/261|[from] sandstorm
|turn|11
|
|switch|p2a: Starmie|Starmie|132\/324
|move|p1a: Medicham|High Jump Kick|p2a: Starmie
|-resisted|p2a: Starmie
|-damage|p2a: Starmie|0 fnt
|faint|p2a: Starmie
|
|-weather|Sandstorm|[upkeep]
|-damage|p1a: Medicham|229\/261|[from] sandstorm
|
|switch|p2a: Talonflame|Talonflame, M|297\/297
|turn|12
|
|move|p2a: Talonflame|Swords Dance|p2a: Talonflame
|-boost|p2a: Talonflame|atk|2
|move|p1a: Medicham|High Jump Kick|p2a: Talonflame
|-resisted|p2a: Talonflame
|-damage|p2a: Talonflame|24\/297
|-enditem|p2a: Talonflame|Liechi Berry|[eat]
|-boost|p2a: Talonflame|atk|1|[from] item: Liechi Berry
|
|-weather|Sandstorm|[upkeep]
|-damage|p2a: Talonflame|6\/297|[from] sandstorm
|-damage|p1a: Medicham|213\/261|[from] sandstorm
|turn|13
|
|switch|p1a: Bisharp|Bisharp, M|272\/272
|move|p2a: Talonflame|Acrobatics|p1a: Bisharp
|-resisted|p1a: Bisharp
|-damage|p1a: Bisharp|83\/272
|
|-weather|none
|turn|14
|
|switch|p1a: Tyranitar|Tyranitar, F|318\/404
|-weather|Sandstorm
|move|p2a: Talonflame|Acrobatics|p1a: Tyranitar
|-resisted|p1a: Tyranitar
|-damage|p1a: Tyranitar|134\/404
|
|-weather|Sandstorm|[upkeep]
|-damage|p2a: Talonflame|0 fnt|[from] sandstorm
|faint|p2a: Talonflame
|
|switch|p2a: Heracross|Heracross, F|210\/301
|turn|15
|
|switch|p1a: Bisharp|Bisharp, M|83\/272
|detailschange|p2a: Heracross|Heracross-Mega, F
|-mega|p2a: Heracross|Heracross|Heracronite
|move|p2a: Heracross|Rock Blast|p1a: Bisharp
|-resisted|p1a: Bisharp
|-damage|p1a: Bisharp|63\/272
|-resisted|p1a: Bisharp
|-damage|p1a: Bisharp|41\/272
|-resisted|p1a: Bisharp
|-damage|p1a: Bisharp|21\/272
|-resisted|p1a: Bisharp
|-damage|p1a: Bisharp|0 fnt
|-hitcount|p1a: Bisharp|4
|faint|p1a: Bisharp
|
|-weather|Sandstorm|[upkeep]
|-damage|p2a: Heracross|192\/301|[from] sandstorm
|
|switch|p1a: Excadrill|Excadrill, M|362\/362
|turn|16
|
|switch|p2a: Bisharp|Bisharp, F|271\/271
|move|p1a: Excadrill|Iron Head|p2a: Bisharp
|-resisted|p2a: Bisharp
|-damage|p2a: Bisharp|168\/271
|-damage|p1a: Excadrill|326\/362|[from] item: Life Orb
|
|-weather|Sandstorm|[upkeep]
|turn|17
|
|move|p2a: Bisharp|Sucker Punch|p1a: Excadrill
|-crit|p1a: Excadrill
|-damage|p1a: Excadrill|0 fnt
|faint|p1a: Excadrill
|
|-weather|Sandstorm|[upkeep]
|c|âxTraSmallDick|fuck
|c|âxTraSmallDick|cunt
|
|switch|p1a: Medicham|Medicham-Mega, M|213\/261
|turn|18
|
|move|p2a: Bisharp|Sucker Punch|p1a: Medicham
|-crit|p1a: Medicham
|-damage|p1a: Medicham|0 fnt
|faint|p1a: Medicham
|
|-weather|Sandstorm|[upkeep]
|c|âxTraSmallDick|LLLLLLLLLLLLLLLLLLLLLLLLLLLLLLLLLLLLLLOOOOOOOOOOOOOOOOOOOOOOOOOOOOOOOOOOOOOOOOOOOOOOOOOOOOOOOOOOOOOOOOOOOOOOOOOOOOOOOOOOOOOOOOOOOOOOOOOOOOOOOOOOOOOOOOOOOOOOOOOOOL
|c|âxTraSmallDick|LLLLLLOOOOOOOOOOOOOOOOOOOOOOOOOOOOOOOOOOOOOOOOOOOOOOOOOOOOOOOOOOOOOOOOOOOOOOOOOOOOOOOOOOOOOOOOOOOL
|
|switch|p1a: Talonflame|Talonflame, F|327\/327
|turn|19
|
|switch|p2a: Heatran|Heatran, M|386\/386
|move|p1a: Talonflame|Swords Dance|p1a: Talonflame
|-boost|p1a: Talonflame|atk|2
|
|-weather|Sandstorm|[upkeep]
|-damage|p1a: Talonflame|307\/327|[from] sandstorm
|turn|20
|
|move|p1a: Talonflame|Brave Bird|p2a: Heatran
|-resisted|p2a: Heatran
|-damage|p2a: Heatran|208\/386
|-damage|p1a: Talonflame|248\/327|[from] recoil|[of] p2a: Heatran
|move|p2a: Heatran|Toxic|p1a: Talonflame
|-status|p1a: Talonflame|tox
|
|-weather|Sandstorm|[upkeep]
|-damage|p1a: Talonflame|228\/327 tox|[from] sandstorm
|-heal|p2a: Heatran|232\/386|[from] item: Leftovers
|-damage|p1a: Talonflame|208\/327 tox|[from] psn
|turn|21
|
|move|p1a: Talonflame|Swords Dance|p1a: Talonflame
|-boost|p1a: Talonflame|atk|2
|move|p2a: Heatran|Taunt|p1a: Talonflame
|-start|p1a: Talonflame|move: Taunt
|
|-weather|none
|-heal|p2a: Heatran|256\/386|[from] item: Leftovers
|-damage|p1a: Talonflame|168\/327 tox|[from] psn
|turn|22
|
|switch|p2a: Roserade|Roserade, M|324\/324
|move|p1a: Talonflame|Brave Bird|p2a: Roserade
|-supereffective|p2a: Roserade
|-damage|p2a: Roserade|0 fnt
|-damage|p1a: Talonflame|61\/327 tox|[from] recoil|[of] p2a: Roserade
|faint|p2a: Roserade
|
|-damage|p1a: Talonflame|1\/327 tox|[from] psn
|c|âxTraSmallDick|UR SUCH A CUNT
|
|switch|p2a: Heatran|Heatran, M|256\/386
|turn|23
|c|âxTraSmallDick|JESUS CHRIST
|c|âxTraSmallDick|FUCK YOU
|
|switch|p1a: Tyranitar|Tyranitar, F|134\/404
|-weather|Sandstorm
|move|p2a: Heatran|Lava Plume|p1a: Tyranitar
|-resisted|p1a: Tyranitar
|-damage|p1a: Tyranitar|108\/404
|
|-weather|Sandstorm|[upkeep]
|-heal|p2a: Heatran|280\/386|[from] item: Leftovers
|turn|24
|c|âxTraSmallDick|lucky fucking pussy
|
|move|p2a: Heatran|Lava Plume|p1a: Tyranitar
|-resisted|p1a: Tyranitar
|-damage|p1a: Tyranitar|80\/404
|-status|p1a: Tyranitar|brn
|move|p1a: Tyranitar|Crunch|p2a: Heatran
|-damage|p2a: Heatran|223\/386
|
|-weather|Sandstorm|[upkeep]
|-heal|p2a: Heatran|247\/386|[from] item: Leftovers
|-damage|p1a: Tyranitar|30\/404 brn|[from] brn
|turn|25
|c|âxTraSmallDick|HAHAHHAHHAH
|c|âxTraSmallDick|ur shit man
|c|âxTraSmallDick|now ur gonna wait
|
|move|p2a: Heatran|Stealth Rock|p1a: Tyranitar
|-sidestart|p1: xTraSmallDick|move: Stealth Rock
|move|p1a: Tyranitar|Crunch|p2a: Heatran
|-crit|p2a: Heatran
|-damage|p2a: Heatran|157\/386
|-unboost|p2a: Heatran|def|1
|
|-weather|Sandstorm|[upkeep]
|-heal|p2a: Heatran|181\/386|[from] item: Leftovers
|-damage|p1a: Tyranitar|0 fnt|[from] brn
|faint|p1a: Tyranitar
|-message|xTraSmallDick lost due to inactivity.
|
|win|Szeba
|raw|Ladder updating...
|raw|xTraSmallDick's rating: 1386 &rarr; <strong>1363<\/strong><br \/>(-23 for losing)
|raw|Szeba's rating: 1340 &rarr; <strong>1363<\/strong><br \/>(+23 for winning)
|leave|xTraSmallDick
|player|p1