|join|feng the bob
|join|Sacri'
|player|p1|feng the bob|23
|player|p2|Sacri'|266
|gametype|singles
|gen|6
|tier|UU
|rated
|rule|Sleep Clause Mod: Limit one foe put to sleep
|rule|Species Clause: Limit one of each PokÃ©mon
|rule|OHKO Clause: OHKO moves are banned
|rule|Moody Clause: Moody is banned
|rule|Evasion Moves Clause: Evasion moves are banned
|rule|Endless Battle Clause: Forcing endless battles is banned
|rule|HP Percentage Mod: HP is shown in percentages
|clearpoke
|poke|p1|Swampert, F
|poke|p1|Crobat, F
|poke|p1|Jirachi
|poke|p1|Suicune
|poke|p1|Zygarde
|poke|p1|Machamp, F
|poke|p2|Absol, M
|poke|p2|Raikou
|poke|p2|Nidoqueen, F
|poke|p2|Mienshao, F
|poke|p2|Whimsicott, F
|poke|p2|Crobat, F
|rule|Swagger Clause: Swagger is banned
|rule|Baton Pass Clause: Limit one PokÃ©mon knowing Baton Pass
|teampreview
|
|start
|switch|p1a: Jirachi|Jirachi|341\/341
|switch|p2a: Whimsicott|Whimsicott, F|262\/262
|turn|1
|
|switch|p2a: Crobat|Crobat, F|373\/373
|move|p1a: Jirachi|U-turn|p2a: Crobat
|-resisted|p2a: Crobat
|-damage|p2a: Crobat|351\/373
|
|switch|p1a: Swampert|Swampert, F|404\/404
|
|-heal|p2a: Crobat|373\/373|[from] item: Black Sludge
|turn|2
|
|move|p2a: Crobat|U-turn|p1a: Swampert
|-damage|p1a: Swampert|359\/404
|
|switch|p2a: Whimsicott|Whimsicott, F|262\/262
|move|p1a: Swampert|Stealth Rock|p2a: Whimsicott
|-sidestart|p2: Sacri'|move: Stealth Rock
|
|-heal|p1a: Swampert|384\/404|[from] item: Leftovers
|turn|3
|
|switch|p1a: Jirachi|Jirachi|341\/341
|move|p2a: Whimsicott|U-turn|p1a: Jirachi
|-damage|p1a: Jirachi|304\/341
|
|switch|p2a: Absol|Absol, M|271\/271
|-damage|p2a: Absol|238\/271|[from] Stealth Rock
|
|turn|4
|
|detailschange|p2a: Absol|Absol-Mega, M
|-mega|p2a: Absol|Absol|Absolite
|move|p2a: Absol|Sucker Punch|p1a: Jirachi
|-supereffective|p1a: Jirachi
|-damage|p1a: Jirachi|14\/341
|move|p1a: Jirachi|U-turn|p2a: Absol
|-supereffective|p2a: Absol
|-damage|p2a: Absol|20\/271
|
|switch|p1a: Crobat|Crobat, F|325\/325
|
|turn|5
|
|move|p2a: Absol|Sucker Punch|p1a: Crobat
|-damage|p1a: Crobat|148\/325
|move|p1a: Crobat|Brave Bird|p2a: Absol
|-damage|p2a: Absol|0 fnt
|-damage|p1a: Crobat|141\/325|[from] recoil|[of] p2a: Absol
|faint|p2a: Absol
|
|-heal|p1a: Crobat|161\/325|[from] item: Black Sludge
|
|switch|p2a: Crobat|Crobat, F|373\/373
|-damage|p2a: Crobat|280\/373|[from] Stealth Rock
|turn|6
|
|switch|p1a: Swampert|Swampert, F|384\/404
|move|p2a: Crobat|Brave Bird|p1a: Swampert
|-damage|p1a: Swampert|270\/404
|-damage|p2a: Crobat|242\/373|[from] recoil|[of] p1a: Swampert
|
|-heal|p2a: Crobat|265\/373|[from] item: Black Sludge
|-heal|p1a: Swampert|295\/404|[from] item: Leftovers
|turn|7
|
|move|p2a: Crobat|Defog|p1a: Swampert
|-unboost|p1a: Swampert|evasion|1
|-sideend|p2: Sacri'|Stealth Rock|[from] move: Defog|[of] p2a: Crobat
|move|p1a: Swampert|Scald|p2a: Crobat
|-damage|p2a: Crobat|165\/373
|
|-heal|p2a: Crobat|188\/373|[from] item: Black Sludge
|-heal|p1a: Swampert|320\/404|[from] item: Leftovers
|turn|8
|
|move|p2a: Crobat|U-turn|p1a: Swampert
|-damage|p1a: Swampert|275\/404
|
|switch|p2a: Whimsicott|Whimsicott, F|262\/262
|move|p1a: Swampert|Stealth Rock|p2a: Whimsicott
|-sidestart|p2: Sacri'|move: Stealth Rock
|
|-heal|p1a: Swampert|300\/404|[from] item: Leftovers
|turn|9
|
|switch|p1a: Crobat|Crobat, F|161\/325
|move|p2a: Whimsicott|U-turn|p1a: Crobat
|-crit|p1a: Crobat
|-resisted|p1a: Crobat
|-damage|p1a: Crobat|146\/325
|
|switch|p2a: Nidoqueen|Nidoqueen, F|384\/384
|-damage|p2a: Nidoqueen|360\/384|[from] Stealth Rock
|
|-heal|p1a: Crobat|166\/325|[from] item: Black Sludge
|turn|10
|
|switch|p1a: Jirachi|Jirachi|14\/341
|move|p2a: Nidoqueen|Earth Power|p1a: Jirachi
|-supereffective|p1a: Jirachi
|-damage|p1a: Jirachi|0 fnt
|faint|p1a: Jirachi
|
|
|switch|p1a: Machamp|Machamp, F|321\/321
|turn|11
|
|move|p1a: Machamp|Knock Off|p2a: Nidoqueen
|-damage|p2a: Nidoqueen|134\/384
|-enditem|p2a: Nidoqueen|Life Orb|[from] move: Knock Off|[of] p1a: Machamp
|move|p2a: Nidoqueen|Stealth Rock|p1a: Machamp
|-sidestart|p1: feng the bob|move: Stealth Rock
|
|turn|12
|
|move|p1a: Machamp|Knock Off|p2a: Nidoqueen
|-damage|p2a: Nidoqueen|0 fnt
|faint|p2a: Nidoqueen
|
|
|switch|p2a: Crobat|Crobat, F|188\/373
|-damage|p2a: Crobat|95\/373|[from] Stealth Rock
|turn|13
|
|move|p2a: Crobat|U-turn|p1a: Machamp
|-resisted|p1a: Machamp
|-damage|p1a: Machamp|287\/321
|
|switch|p2a: Raikou|Raikou|322\/322
|-damage|p2a: Raikou|282\/322|[from] Stealth Rock
|-ability|p2a: Raikou|Pressure
|move|p1a: Machamp|Knock Off|p2a: Raikou
|-crit|p2a: Raikou
|-damage|p2a: Raikou|0 fnt
|-enditem|p2a: Raikou|Assault Vest|[from] move: Knock Off|[of] p1a: Machamp
|faint|p2a: Raikou
|
|
|switch|p2a: Crobat|Crobat, F|95\/373
|-damage|p2a: Crobat|2\/373|[from] Stealth Rock
|turn|14
|
|move|p2a: Crobat|Roost|p2a: Crobat
|-heal|p2a: Crobat|189\/373
|move|p1a: Machamp|Knock Off|p2a: Crobat
|-damage|p2a: Crobat|0 fnt
|-enditem|p2a: Crobat|Black Sludge|[from] move: Knock Off|[of] p1a: Machamp
|faint|p2a: Crobat
|
|
|switch|p2a: Mienshao|Mienshao, F|271\/271
|-damage|p2a: Mienshao|255\/271|[from] Stealth Rock
|turn|15
|
|move|p2a: Mienshao|High Jump Kick|p1a: Machamp
|-damage|p1a: Machamp|0 fnt
|faint|p1a: Machamp
|
|
|switch|p1a: Swampert|Swampert, F|300\/404
|-damage|p1a: Swampert|275\/404|[from] Stealth Rock
|turn|16
|
|move|p2a: Mienshao|High Jump Kick|p1a: Swampert
|-damage|p1a: Swampert|73\/404
|move|p1a: Swampert|Scald|p2a: Mienshao
|-damage|p2a: Mienshao|86\/271
|
|-heal|p1a: Swampert|98\/404|[from] item: Leftovers
|turn|17
|
|move|p2a: Mienshao|High Jump Kick|p1a: Swampert|[miss]
|-miss|p2a: Mienshao|p1a: Swampert
|-damage|p2a: Mienshao|0 fnt|[from] highjumpkick
|faint|p2a: Mienshao
|move|p1a: Swampert|Scald|p2: Mienshao|[notarget]
|-notarget
|
|-heal|p1a: Swampert|123\/404|[from] item: Leftovers
|c|âSacri'|zzzz
|
|switch|p2a: Whimsicott|Whimsicott, F|262\/262
|-damage|p2a: Whimsicott|230\/262|[from] Stealth Rock
|turn|18
|
|move|p2a: Whimsicott|Moonblast|p1a: Swampert
|-damage|p1a: Swampert|0 fnt
|faint|p1a: Swampert
|
|
|switch|p1a: Crobat|Crobat, F|166\/325
|-damage|p1a: Crobat|85\/325|[from] Stealth Rock
|turn|19
|
|move|p1a: Crobat|Roost|p1a: Crobat
|-heal|p1a: Crobat|248\/325
|move|p2a: Whimsicott|Moonblast|p1a: Crobat
|-resisted|p1a: Crobat
|-damage|p1a: Crobat|146\/325
|
|-heal|p1a: Crobat|166\/325|[from] item: Black Sludge
|turn|20
|-message|Sacri' forfeited.
|
|win|feng the bob
|raw|Ladder updating...
|leave|Sacri'
|player|p2
|raw|feng the bob's rating: 1661 &rarr; <strong>1672<\/strong><br \/>(+11 for winning)
|raw|Sacri&apos;'s rating: 1494 &rarr; <strong>1483<\/strong><br \/>(-11 for losing)
|leave|feng the bob
|player|p1
|join|feng the bob