|join|feng the bob
|join|Potato818
|player|p1|feng the bob|23
|player|p2|Potato818|1
|gametype|singles
|gen|6
|tier|UU
|rated
|rule|Sleep Clause Mod: Limit one foe put to sleep
|rule|Species Clause: Limit one of each PokÃ©mon
|rule|OHKO Clause: OHKO moves are banned
|rule|Moody Clause: Moody is banned
|rule|Evasion Moves Clause: Evasion moves are banned
|rule|Endless Battle Clause: Forcing endless battles is banned
|rule|HP Percentage Mod: HP is shown in percentages
|clearpoke
|poke|p1|Jirachi
|poke|p1|Suicune
|poke|p1|Zygarde
|poke|p1|Swampert, F
|poke|p1|Crobat, M
|poke|p1|Machamp, F
|poke|p2|Scrafty, F, shiny
|poke|p2|Trevenant, M
|poke|p2|Toxicroak, M
|poke|p2|Tentacruel, M
|poke|p2|Rotom-Heat
|poke|p2|Alakazam, F
|rule|Swagger Clause: Swagger is banned
|rule|Baton Pass Clause: Limit one PokÃ©mon knowing Baton Pass
|teampreview
|
|start
|switch|p1a: Zygarde|Zygarde|357\/357
|switch|p2a: Leprechaun|Scrafty, F, shiny|333\/333
|-ability|p1a: Zygarde|Aura Break
|turn|1
|
|move|p1a: Zygarde|Dragon Dance|p1a: Zygarde
|-boost|p1a: Zygarde|atk|1
|-boost|p1a: Zygarde|spe|1
|move|p2a: Leprechaun|Bulk Up|p2a: Leprechaun
|-boost|p2a: Leprechaun|atk|1
|-boost|p2a: Leprechaun|def|1
|
|turn|2
|
|move|p1a: Zygarde|Earthquake|p2a: Leprechaun
|-damage|p2a: Leprechaun|198\/333
|move|p2a: Leprechaun|Knock Off|p1a: Zygarde
|-damage|p1a: Zygarde|164\/357
|-enditem|p1a: Zygarde|Lum Berry|[from] move: Knock Off|[of] p2a: Leprechaun
|
|-heal|p2a: Leprechaun|218\/333|[from] item: Leftovers
|turn|3
|
|switch|p1a: Crobat|Crobat, M|325\/325
|move|p2a: Leprechaun|Drain Punch|p1a: Crobat
|-resisted|p1a: Crobat
|-damage|p1a: Crobat|271\/325
|-heal|p2a: Leprechaun|245\/333|[from] drain|[of] p1a: Crobat
|
|-heal|p1a: Crobat|291\/325|[from] item: Black Sludge
|-heal|p2a: Leprechaun|265\/333|[from] item: Leftovers
|turn|4
|
|move|p1a: Crobat|Brave Bird|p2a: Leprechaun
|-supereffective|p2a: Leprechaun
|-damage|p2a: Leprechaun|73\/333
|-damage|p1a: Crobat|228\/325|[from] recoil|[of] p2a: Leprechaun
|move|p2a: Leprechaun|Knock Off|p1a: Crobat
|-damage|p1a: Crobat|0 fnt
|-enditem|p1a: Crobat|Black Sludge|[from] move: Knock Off|[of] p2a: Leprechaun
|faint|p1a: Crobat
|
|-heal|p2a: Leprechaun|93\/333|[from] item: Leftovers
|
|switch|p1a: Zygarde|Zygarde|164\/357
|-ability|p1a: Zygarde|Aura Break
|turn|5
|
|move|p1a: Zygarde|Outrage|p2a: Leprechaun
|-damage|p2a: Leprechaun|0 fnt
|faint|p2a: Leprechaun
|
|
|switch|p2a: Throat Ball|Toxicroak, M|370\/370
|turn|6
|
|move|p2a: Throat Ball|Sucker Punch|p1a: Zygarde
|-damage|p1a: Zygarde|87\/357
|move|p1a: Zygarde|Outrage|p2a: Throat Ball
|-damage|p2a: Throat Ball|105\/370
|
|-end|p1a: Zygarde|rampage
|-start|p1a: Zygarde|confusion
|turn|7
|
|switch|p2a: Toast|Rotom-Heat|241\/241
|-activate|p1a: Zygarde|confusion
|move|p1a: Zygarde|Extreme Speed|p2a: Toast
|-damage|p2a: Toast|157\/241
|
|turn|8
|
|switch|p1a: Swampert|Swampert, F|404\/404
|move|p2a: Toast|Trick|p1a: Swampert
|-activate|p2a: Toast|move: Trick|[of] p1a: Swampert
|-item|p1a: Swampert|Choice Scarf|[from] move: Trick
|-item|p2a: Toast|Leftovers|[from] move: Trick
|
|-heal|p2a: Toast|172\/241|[from] item: Leftovers
|turn|9
|
|switch|p2a: Quanza Tree|Trevenant, M|374\/374
|move|p1a: Swampert|Scald|p2a: Quanza Tree
|-resisted|p2a: Quanza Tree
|-damage|p2a: Quanza Tree|329\/374
|-status|p2a: Quanza Tree|brn
|
|-damage|p2a: Quanza Tree|283\/374 brn|[from] brn
|turn|10
|join|LessThanThreeMan
|
|switch|p1a: Machamp|Machamp, F|321\/321
|move|p2a: Quanza Tree|Leech Seed|p1a: Machamp
|-start|p1a: Machamp|move: Leech Seed
|
|-damage|p1a: Machamp|281\/321|[from] Leech Seed|[of] p2a: Quanza Tree
|-heal|p2a: Quanza Tree|323\/374 brn|[silent]
|-damage|p2a: Quanza Tree|277\/374 brn|[from] brn
|turn|11
|
|move|p1a: Machamp|Knock Off|p2a: Quanza Tree
|-supereffective|p2a: Quanza Tree
|-damage|p2a: Quanza Tree|0 fnt
|-enditem|p2a: Quanza Tree|Sitrus Berry|[from] move: Knock Off|[of] p1a: Machamp
|faint|p2a: Quanza Tree
|
|
|switch|p2a: Throat Ball|Toxicroak, M|105\/370
|turn|12
|
|switch|p1a: Swampert|Swampert, F|404\/404
|move|p2a: Throat Ball|Drain Punch|p1a: Swampert
|-damage|p1a: Swampert|307\/404
|-heal|p2a: Throat Ball|154\/370|[from] drain|[of] p1a: Swampert
|
|turn|13
|
|switch|p2a: Toast|Rotom-Heat|172\/241
|move|p1a: Swampert|Earthquake|p2a: Toast
|-immune|p2a: Toast|[msg]
|
|-heal|p2a: Toast|187\/241|[from] item: Leftovers
|turn|14
|
|move|p2a: Toast|Overheat|p1a: Swampert|[miss]
|-miss|p2a: Toast|p1a: Swampert
|move|p1a: Swampert|Earthquake|p2a: Toast
|-immune|p2a: Toast|[msg]
|
|-heal|p2a: Toast|202\/241|[from] item: Leftovers
|turn|15
|
|move|p2a: Toast|Overheat|p1a: Swampert
|-resisted|p1a: Swampert
|-damage|p1a: Swampert|208\/404
|-unboost|p2a: Toast|spa|2
|move|p1a: Swampert|Earthquake|p2a: Toast
|-immune|p2a: Toast|[msg]
|
|-heal|p2a: Toast|217\/241|[from] item: Leftovers
|turn|16
|
|switch|p1a: Zygarde|Zygarde|87\/357
|-ability|p1a: Zygarde|Aura Break
|move|p2a: Toast|Volt Switch|p1a: Zygarde
|-immune|p1a: Zygarde|[msg]
|
|-heal|p2a: Toast|232\/241|[from] item: Leftovers
|turn|17
|
|move|p2a: Toast|Dark Pulse|p1a: Zygarde
|-damage|p1a: Zygarde|45\/357
|cant|p1a: Zygarde|flinch
|
|-heal|p2a: Toast|241\/241|[from] item: Leftovers
|turn|18
|
|move|p2a: Toast|Dark Pulse|p1a: Zygarde
|-crit|p1a: Zygarde
|-damage|p1a: Zygarde|0 fnt
|faint|p1a: Zygarde
|
|
|switch|p1a: Machamp|Machamp, F|281\/321
|turn|19
|leave|LessThanThreeMan
|
|move|p2a: Toast|Volt Switch|p1a: Machamp
|-damage|p1a: Machamp|221\/321
|
|switch|p2a: Swigity-Swooty|Tentacruel, M|364\/364
|move|p1a: Machamp|Knock Off|p2a: Swigity-Swooty
|-damage|p2a: Swigity-Swooty|115\/364
|-enditem|p2a: Swigity-Swooty|Assault Vest|[from] move: Knock Off|[of] p1a: Machamp
|
|turn|20
|
|move|p2a: Swigity-Swooty|Knock Off|p1a: Machamp
|-resisted|p1a: Machamp
|-damage|p1a: Machamp|186\/321
|-enditem|p1a: Machamp|Choice Band|[from] move: Knock Off|[of] p2a: Swigity-Swooty
|move|p1a: Machamp|Knock Off|p2a: Swigity-Swooty
|-damage|p2a: Swigity-Swooty|0 fnt
|faint|p2a: Swigity-Swooty
|
|
|switch|p2a: Throat Ball|Toxicroak, M|154\/370
|turn|21
|
|move|p1a: Machamp|Heavy Slam|p2a: Throat Ball
|-damage|p2a: Throat Ball|42\/370
|move|p2a: Throat Ball|Drain Punch|p1a: Machamp
|-damage|p1a: Machamp|30\/321
|-heal|p2a: Throat Ball|120\/370|[from] drain|[of] p1a: Machamp
|
|turn|22
|
|switch|p1a: Swampert|Swampert, F|208\/404
|move|p2a: Throat Ball|Sucker Punch|p1a: Swampert
|-fail|p1a: Swampert
|
|turn|23
|
|switch|p2a: Toast|Rotom-Heat|241\/241
|move|p1a: Swampert|Earthquake|p2a: Toast
|-immune|p2a: Toast|[msg]
|
|turn|24
|
|switch|p1a: Suicune|Suicune|404\/404
|-ability|p1a: Suicune|Pressure
|move|p2a: Toast|Volt Switch|p1a: Suicune
|-supereffective|p1a: Suicune
|-damage|p1a: Suicune|224\/404
|
|switch|p2a: Throat Ball|Toxicroak, M|120\/370
|
|-heal|p1a: Suicune|249\/404|[from] item: Leftovers
|turn|25
|
|switch|p1a: Swampert|Swampert, F|208\/404
|move|p2a: Throat Ball|Drain Punch|p1a: Swampert
|-damage|p1a: Swampert|100\/404
|-heal|p2a: Throat Ball|174\/370|[from] drain|[of] p1a: Swampert
|
|turn|26
|
|move|p1a: Swampert|Stealth Rock|p2a: Throat Ball
|-sidestart|p2: Potato818|move: Stealth Rock
|move|p2a: Throat Ball|Drain Punch|p1a: Swampert
|-damage|p1a: Swampert|0 fnt
|-heal|p2a: Throat Ball|224\/370|[from] drain|[of] p1a: Swampert
|faint|p1a: Swampert
|
|
|switch|p1a: Jirachi|Jirachi|341\/341
|turn|27
|
|move|p1a: Jirachi|Iron Head|p2a: Throat Ball
|-damage|p2a: Throat Ball|53\/370
|move|p2a: Throat Ball|Earthquake|p1a: Jirachi
|-supereffective|p1a: Jirachi
|-damage|p1a: Jirachi|133\/341
|
|turn|28
|
|move|p2a: Throat Ball|Sucker Punch|p1a: Jirachi
|-supereffective|p1a: Jirachi
|-damage|p1a: Jirachi|0 fnt
|faint|p1a: Jirachi
|
|
|switch|p1a: Machamp|Machamp, F|30\/321
|turn|29
|
|move|p2a: Throat Ball|Sucker Punch|p1a: Machamp
|-resisted|p1a: Machamp
|-damage|p1a: Machamp|0 fnt
|faint|p1a: Machamp
|
|
|switch|p1a: Suicune|Suicune|249\/404
|-ability|p1a: Suicune|Pressure
|turn|30
|
|move|p2a: Throat Ball|Drain Punch|p1a: Suicune
|-damage|p1a: Suicune|168\/404
|-heal|p2a: Throat Ball|94\/370|[from] drain|[of] p1a: Suicune
|move|p1a: Suicune|Calm Mind|p1a: Suicune
|-boost|p1a: Suicune|spa|1
|-boost|p1a: Suicune|spd|1
|
|-heal|p1a: Suicune|193\/404|[from] item: Leftovers
|turn|31
|
|move|p1a: Suicune|Rest|p1a: Suicune
|-status|p1a: Suicune|slp
|-heal|p1a: Suicune|404\/404 slp|[silent]
|-status|p1a: Suicune|slp|[from] move: Rest
|move|p2a: Throat Ball|Drain Punch|p1a: Suicune
|-damage|p1a: Suicune|322\/404 slp
|-heal|p2a: Throat Ball|135\/370|[from] drain|[of] p1a: Suicune
|
|-heal|p1a: Suicune|347\/404 slp|[from] item: Leftovers
|turn|32
|c|âPotato818|Water absorb, if you're only move is scald quit now, you legit can't hit me
|
|cant|p1a: Suicune|slp
|move|p1a: Suicune|Sleep Talk|p1a: Suicune
|move|p1a: Suicune|Calm Mind|p1a: Suicune|[from]Sleep Talk
|-boost|p1a: Suicune|spa|1
|-boost|p1a: Suicune|spd|1
|move|p2a: Throat Ball|Drain Punch|p1a: Suicune
|-damage|p1a: Suicune|259\/404 slp
|-heal|p2a: Throat Ball|179\/370|[from] drain|[of] p1a: Suicune
|
|-heal|p1a: Suicune|284\/404 slp|[from] item: Leftovers
|turn|33
|c|âfeng the bob|pp stall
|c|âPotato818|You won't be able to but ok
|c|âfeng the bob|k
|
|move|p2a: Throat Ball|Poison Jab|p1a: Suicune
|-damage|p1a: Suicune|199\/404 slp
|cant|p1a: Suicune|slp
|move|p1a: Suicune|Sleep Talk|p1a: Suicune
|move|p1a: Suicune|Scald|p2a: Throat Ball|[from]Sleep Talk
|-heal|p2a: Throat Ball|271\/370|[from] ability: Dry Skin|[of] p1a: Suicune
|
|-heal|p1a: Suicune|224\/404 slp|[from] item: Leftovers
|turn|34
|c|âfeng the bob|we'll see
|
|-curestatus|p1a: Suicune|slp
|move|p1a: Suicune|Calm Mind|p1a: Suicune
|-boost|p1a: Suicune|spa|1
|-boost|p1a: Suicune|spd|1
|move|p2a: Throat Ball|Poison Jab|p1a: Suicune
|-damage|p1a: Suicune|130\/404
|-status|p1a: Suicune|psn
|
|-heal|p1a: Suicune|155\/404 psn|[from] item: Leftovers
|-damage|p1a: Suicune|105\/404 psn|[from] psn
|turn|35
|
|move|p2a: Throat Ball|Poison Jab|p1a: Suicune
|-damage|p1a: Suicune|15\/404 psn
|move|p1a: Suicune|Rest|p1a: Suicune
|-status|p1a: Suicune|slp
|-heal|p1a: Suicune|404\/404 slp|[silent]
|-status|p1a: Suicune|slp|[from] move: Rest
|
|turn|36
|
|cant|p1a: Suicune|slp
|move|p1a: Suicune|Sleep Talk|p1a: Suicune
|move|p1a: Suicune|Scald|p2a: Throat Ball|[from]Sleep Talk
|-heal|p2a: Throat Ball|363\/370|[from] ability: Dry Skin|[of] p1a: Suicune
|move|p2a: Throat Ball|Poison Jab|p1a: Suicune
|-damage|p1a: Suicune|310\/404 slp
|
|-heal|p1a: Suicune|335\/404 slp|[from] item: Leftovers
|turn|37
|
|cant|p1a: Suicune|slp
|move|p1a: Suicune|Sleep Talk|p1a: Suicune
|move|p1a: Suicune|Calm Mind|p1a: Suicune|[from]Sleep Talk
|-boost|p1a: Suicune|spa|1
|-boost|p1a: Suicune|spd|1
|move|p2a: Throat Ball|Poison Jab|p1a: Suicune
|-damage|p1a: Suicune|250\/404 slp
|
|-heal|p1a: Suicune|275\/404 slp|[from] item: Leftovers
|turn|38
|
|-curestatus|p1a: Suicune|slp
|move|p1a: Suicune|Calm Mind|p1a: Suicune
|-boost|p1a: Suicune|spa|1
|-boost|p1a: Suicune|spd|1
|move|p2a: Throat Ball|Poison Jab|p1a: Suicune
|-damage|p1a: Suicune|190\/404
|
|-heal|p1a: Suicune|215\/404|[from] item: Leftovers
|turn|39
|
|move|p2a: Throat Ball|Poison Jab|p1a: Suicune
|-damage|p1a: Suicune|121\/404
|move|p1a: Suicune|Rest|p1a: Suicune
|-status|p1a: Suicune|slp
|-heal|p1a: Suicune|404\/404 slp|[silent]
|-status|p1a: Suicune|slp|[from] move: Rest
|
|turn|40
|
|move|p2a: Throat Ball|Earthquake|p1a: Suicune
|-damage|p1a: Suicune|328\/404 slp
|cant|p1a: Suicune|slp
|move|p1a: Suicune|Sleep Talk|p1a: Suicune
|move|p1a: Suicune|Scald|p2a: Throat Ball|[from]Sleep Talk
|-heal|p2a: Throat Ball|370\/370|[from] ability: Dry Skin|[of] p1a: Suicune
|
|-heal|p1a: Suicune|353\/404 slp|[from] item: Leftovers
|turn|41
|
|move|p2a: Throat Ball|Earthquake|p1a: Suicune
|-damage|p1a: Suicune|277\/404 slp
|cant|p1a: Suicune|slp
|move|p1a: Suicune|Sleep Talk|p1a: Suicune
|move|p1a: Suicune|Calm Mind|p1a: Suicune|[from]Sleep Talk
|-boost|p1a: Suicune|spa|1
|-boost|p1a: Suicune|spd|1
|
|-heal|p1a: Suicune|302\/404 slp|[from] item: Leftovers
|turn|42
|
|switch|p2a: Weak Knees|Alakazam, F|252\/252
|-damage|p2a: Weak Knees|221\/252|[from] Stealth Rock
|-curestatus|p1a: Suicune|slp
|move|p1a: Suicune|Calm Mind|p1a: Suicune
|-fail|p1a: Suicune
|
|-heal|p1a: Suicune|327\/404|[from] item: Leftovers
|turn|43
|
|move|p2a: Weak Knees|Energy Ball|p1a: Suicune
|-supereffective|p1a: Suicune
|-damage|p1a: Suicune|271\/404
|move|p1a: Suicune|Scald|p2a: Weak Knees
|-damage|p2a: Weak Knees|0 fnt
|faint|p2a: Weak Knees
|
|-heal|p1a: Suicune|296\/404|[from] item: Leftovers
|
|switch|p2a: Toast|Rotom-Heat|241\/241
|-damage|p2a: Toast|181\/241|[from] Stealth Rock
|turn|44
|
|move|p2a: Toast|Trick|p1a: Suicune
|-activate|p2a: Toast|move: Trick|[of] p1a: Suicune
|-item|p1a: Suicune|Leftovers|[from] move: Trick
|-item|p2a: Toast|Leftovers|[from] move: Trick
|move|p1a: Suicune|Scald|p2a: Toast
|-supereffective|p2a: Toast
|-damage|p2a: Toast|0 fnt
|faint|p2a: Toast
|
|-heal|p1a: Suicune|321\/404|[from] item: Leftovers
|c|âfeng the bob|give up
|c|âPotato818|Crap, I forgot I lost my scarf lol
|
|switch|p2a: Throat Ball|Toxicroak, M|370\/370
|-damage|p2a: Throat Ball|347\/370|[from] Stealth Rock
|turn|45
|join|DatLatias
|c|âPotato818|No
|c|âfeng the bob|k
|
|move|p1a: Suicune|Calm Mind|p1a: Suicune
|-fail|p1a: Suicune
|move|p2a: Throat Ball|Earthquake|p1a: Suicune
|-damage|p1a: Suicune|246\/404
|
|-heal|p1a: Suicune|271\/404|[from] item: Leftovers
|turn|46
|c| DatLatias|is this av kroak
|c|âfeng the bob|yes
|c|âPotato818|Yep
|c| DatLatias|it
|c| DatLatias|actually
|c| DatLatias|is
|c| DatLatias|and its losing
|c| DatLatias|to suicune
|c| DatLatias|lol
|
|move|p2a: Throat Ball|Drain Punch|p1a: Suicune
|-damage|p1a: Suicune|186\/404
|-heal|p2a: Throat Ball|370\/370|[from] drain|[of] p1a: Suicune
|move|p1a: Suicune|Calm Mind|p1a: Suicune
|-fail|p1a: Suicune
|
|-heal|p1a: Suicune|211\/404|[from] item: Leftovers
|turn|47
|c| DatLatias|n
|c|âfeng the bob|sickest crocune counter
|c|âPotato818|He refuses to quit even though he legit can't hit me
|c|âfeng the bob|5ever
|
|move|p2a: Throat Ball|Earthquake|p1a: Suicune
|-damage|p1a: Suicune|139\/404
|move|p1a: Suicune|Rest|p1a: Suicune
|-status|p1a: Suicune|slp
|-heal|p1a: Suicune|404\/404 slp|[silent]
|-status|p1a: Suicune|slp|[from] move: Rest
|
|turn|48
|c|âfeng the bob|lol
|
|cant|p1a: Suicune|slp
|move|p2a: Throat Ball|Earthquake|p1a: Suicune
|-damage|p1a: Suicune|329\/404 slp
|
|-heal|p1a: Suicune|354\/404 slp|[from] item: Leftovers
|turn|49
|c| DatLatias|well he
|c| DatLatias|pp stalls
|c| DatLatias|and wins
|
|move|p2a: Throat Ball|Earthquake|p1a: Suicune
|-damage|p1a: Suicune|277\/404 slp
|cant|p1a: Suicune|slp
|
|-heal|p1a: Suicune|302\/404 slp|[from] item: Leftovers
|turn|50
|c| DatLatias|this is why we dont use av kroak lol
|c|âfeng the bob|based pressure
|c|âPotato818|In theory but still
|c|âfeng the bob|not theory
|c|âfeng the bob|reality
|c|âPotato818|why waste everyone's time?
|c| DatLatias|for a win
|c| DatLatias|tho
|
|move|p2a: Throat Ball|Earthquake|p1a: Suicune
|-damage|p1a: Suicune|231\/404 slp
|-curestatus|p1a: Suicune|slp
|move|p1a: Suicune|Calm Mind|p1a: Suicune
|-fail|p1a: Suicune
|
|-heal|p1a: Suicune|256\/404|[from] item: Leftovers
|turn|51
|c|âfeng the bob|no you're wasting my time
|
|move|p2a: Throat Ball|Earthquake|p1a: Suicune
|-damage|p1a: Suicune|179\/404
|move|p1a: Suicune|Rest|p1a: Suicune
|-status|p1a: Suicune|slp
|-heal|p1a: Suicune|404\/404 slp|[silent]
|-status|p1a: Suicune|slp|[from] move: Rest
|
|turn|52
|
|move|p2a: Throat Ball|Sucker Punch|p1a: Suicune
|-fail|p1a: Suicune
|cant|p1a: Suicune|slp
|
|turn|53
|
|move|p2a: Throat Ball|Sucker Punch|p1a: Suicune
|-fail|p1a: Suicune
|cant|p1a: Suicune|slp
|
|turn|54
|
|move|p2a: Throat Ball|Drain Punch|p1a: Suicune
|-damage|p1a: Suicune|319\/404 slp
|-curestatus|p1a: Suicune|slp
|move|p1a: Suicune|Calm Mind|p1a: Suicune
|-fail|p1a: Suicune
|
|-heal|p1a: Suicune|344\/404|[from] item: Leftovers
|turn|55
|
|move|p1a: Suicune|Calm Mind|p1a: Suicune
|-fail|p1a: Suicune
|move|p2a: Throat Ball|Drain Punch|p1a: Suicune
|-damage|p1a: Suicune|262\/404
|
|-heal|p1a: Suicune|287\/404|[from] item: Leftovers
|turn|56
|
|move|p2a: Throat Ball|Poison Jab|p1a: Suicune
|-damage|p1a: Suicune|196\/404
|move|p1a: Suicune|Calm Mind|p1a: Suicune
|-fail|p1a: Suicune
|
|-heal|p1a: Suicune|221\/404|[from] item: Leftovers
|turn|57
|
|move|p1a: Suicune|Rest|p1a: Suicune
|-status|p1a: Suicune|slp
|-heal|p1a: Suicune|404\/404 slp|[silent]
|-status|p1a: Suicune|slp|[from] move: Rest
|move|p2a: Throat Ball|Poison Jab|p1a: Suicune
|-damage|p1a: Suicune|310\/404 slp
|
|-heal|p1a: Suicune|335\/404 slp|[from] item: Leftovers
|turn|58
|
|cant|p1a: Suicune|slp
|move|p2a: Throat Ball|Poison Jab|p1a: Suicune
|-damage|p1a: Suicune|244\/404 slp
|
|-heal|p1a: Suicune|269\/404 slp|[from] item: Leftovers
|turn|59
|join|Emma Bae
|join|Wat For
|join|sniperaim
|join|DrReuniclus3
|c| Emma Bae|i wanna join
|
|cant|p1a: Suicune|slp
|move|p2a: Throat Ball|Poison Jab|p1a: Suicune
|-damage|p1a: Suicune|187\/404 slp
|
|-heal|p1a: Suicune|212\/404 slp|[from] item: Leftovers
|turn|60
|c|âfeng the bob|thats why we dont use av croak
|join|Spuun
|c| Wat For|:^]]]]]]
|c| Wat For|AV Croak losing to suicune
|c| Wat For|lmao
|c|âPotato818|That's why duck you and your no life time wasting bull shrimp
|c| Emma Bae|Lol
|
|move|p2a: Throat Ball|Poison Jab|p1a: Suicune
|-damage|p1a: Suicune|130\/404 slp
|-curestatus|p1a: Suicune|slp
|move|p1a: Suicune|Rest|p1a: Suicune
|-status|p1a: Suicune|slp
|-heal|p1a: Suicune|404\/404 slp|[silent]
|-status|p1a: Suicune|slp|[from] move: Rest
|
|turn|61
|c| DrReuniclus3|duck you bob
|c| DrReuniclus3|duck you
|c| Spuun|duckin bob
|c| DatLatias|bull
|c| DatLatias|shrimp
|c| DatLatias|imo
|c| DatLatias|new meta
|c|âfeng the bob|sick insults
|
|cant|p1a: Suicune|slp
|move|p2a: Throat Ball|Poison Jab|p1a: Suicune
|-damage|p1a: Suicune|310\/404 slp
|
|-heal|p1a: Suicune|335\/404 slp|[from] item: Leftovers
|turn|62
|
|cant|p1a: Suicune|slp
|move|p2a: Throat Ball|Poison Jab|p1a: Suicune
|-damage|p1a: Suicune|250\/404 slp
|
|-heal|p1a: Suicune|275\/404 slp|[from] item: Leftovers
|turn|63
|
|-curestatus|p1a: Suicune|slp
|move|p1a: Suicune|Rest|p1a: Suicune
|-status|p1a: Suicune|slp
|-heal|p1a: Suicune|404\/404 slp|[silent]
|-status|p1a: Suicune|slp|[from] move: Rest
|move|p2a: Throat Ball|Poison Jab|p1a: Suicune
|-damage|p1a: Suicune|313\/404 slp
|
|-heal|p1a: Suicune|338\/404 slp|[from] item: Leftovers
|turn|64
|c| Emma Bae|what a weak ass toxicroak
|c| Emma Bae|..
|
|move|p2a: Throat Ball|Poison Jab|p1a: Suicune
|-damage|p1a: Suicune|248\/404 slp
|cant|p1a: Suicune|slp
|
|-heal|p1a: Suicune|273\/404 slp|[from] item: Leftovers
|turn|65
|c|âfeng the bob|its a bulky one lol
|c| Emma Bae|..
|
|cant|p1a: Suicune|slp
|move|p2a: Throat Ball|Struggle|p1a: Suicune
|-damage|p1a: Suicune|232\/404 slp
|-damage|p2a: Throat Ball|278\/370
|
|-heal|p1a: Suicune|257\/404 slp|[from] item: Leftovers
|turn|66
|c|âPotato818|I can't believe this actually just happened
|c| Emma Bae|ayyyyyy
|c| DrReuniclus3|crit struggle imo
|
|move|p2a: Throat Ball|Struggle|p1a: Suicune
|-damage|p1a: Suicune|221\/404 slp
|-damage|p2a: Throat Ball|186\/370
|-curestatus|p1a: Suicune|slp
|move|p1a: Suicune|Rest|p1a: Suicune
|-status|p1a: Suicune|slp
|-heal|p1a: Suicune|404\/404 slp|[silent]
|-status|p1a: Suicune|slp|[from] move: Rest
|
|turn|67
|c|âfeng the bob|ayyy lmoa
|c| Spuun|scald heal
|c| Emma Bae|scald
|-message|Potato818 forfeited.
|
|win|feng the bob
|raw|Ladder updating...
|c| Wat For|Potato this wouldn't have happened if you use SD
|leave|Potato818
|player|p2
|raw|feng the bob's rating: 1434 &rarr; <strong>1441<\/strong><br \/>(+7 for winning)
|raw|Potato818's rating: 1171 &rarr; <strong>1162<\/strong><br \/>(-9 for losing)
|c| Wat For|lmoa
|c|âfeng the bob|lmoa
|leave|DatLatias
|leave|Wat For
|leave|Spuun
|leave|feng the bob
|player|p1
|leave|Emma Bae
|leave|DrReuniclus3
|join|Wat For