|join|Ollstar
|join|feng the bob
|player|p1|Ollstar|221
|player|p2|feng the bob|23
|gametype|singles
|gen|6
|tier|UU
|rated
|rule|Sleep Clause Mod: Limit one foe put to sleep
|rule|Species Clause: Limit one of each PokÃ©mon
|rule|OHKO Clause: OHKO moves are banned
|rule|Moody Clause: Moody is banned
|rule|Evasion Moves Clause: Evasion moves are banned
|rule|Endless Battle Clause: Forcing endless battles is banned
|rule|HP Percentage Mod: HP is shown in percentages
|clearpoke
|poke|p1|Sharpedo, M
|poke|p1|Snorlax, F, shiny
|poke|p1|Donphan, F
|poke|p1|Porygon-Z
|poke|p1|Lucario, M
|poke|p1|Trevenant, M, shiny
|poke|p2|Hydreigon, M
|poke|p2|Vaporeon, M
|poke|p2|Togetic, F
|poke|p2|Reuniclus, M
|poke|p2|Zygarde
|poke|p2|Aggron, F
|rule|Swagger Clause: Swagger is banned
|rule|Baton Pass Clause: Limit one PokÃ©mon knowing Baton Pass
|teampreview
|join|viaw
|c| viaw|bobo
|c| viaw|ur team needs more
|c| viaw|Alom
|
|start
|switch|p1a: Virus.exe|Porygon-Z|311\/311
|switch|p2a: Hydreigon|Hydreigon, M|325\/325
|turn|1
|c| viaw|:3
|
|switch|p2a: Aggron|Aggron, F|344\/344
|move|p1a: Virus.exe|Tri Attack|p2a: Aggron
|-resisted|p2a: Aggron
|-damage|p2a: Aggron|298\/344
|
|turn|2
|
|switch|p1a: Donphan|Donphan, F|383\/383
|detailschange|p2a: Aggron|Aggron-Mega, F
|-mega|p2a: Aggron|Aggron|Aggronite
|move|p2a: Aggron|Stealth Rock|p1a: Donphan
|-sidestart|p1: Ollstar|move: Stealth Rock
|
|turn|3
|
|switch|p2a: Vaporeon|Vaporeon, M|464\/464
|move|p1a: Donphan|Stealth Rock|p2a: Vaporeon
|-sidestart|p2: feng the bob|move: Stealth Rock
|
|turn|4
|
|switch|p1a: Slender|Trevenant, M, shiny|373\/373
|-damage|p1a: Slender|327\/373|[from] Stealth Rock
|move|p2a: Vaporeon|Scald|p1a: Slender
|-resisted|p1a: Slender
|-damage|p1a: Slender|283\/373
|
|turn|5
|
|switch|p2a: Reuniclus|Reuniclus, M|424\/424
|move|p1a: Slender|Horn Leech|p2a: Reuniclus
|-damage|p2a: Reuniclus|334\/424
|-heal|p1a: Slender|328\/373|[from] drain|[of] p2a: Reuniclus
|
|-heal|p2a: Reuniclus|360\/424|[from] item: Leftovers
|turn|6
|
|move|p1a: Slender|Shadow Claw|p2a: Reuniclus
|-supereffective|p2a: Reuniclus
|-damage|p2a: Reuniclus|196\/424
|move|p2a: Reuniclus|Calm Mind|p2a: Reuniclus
|-boost|p2a: Reuniclus|spa|1
|-boost|p2a: Reuniclus|spd|1
|
|-heal|p2a: Reuniclus|222\/424|[from] item: Leftovers
|turn|7
|
|move|p1a: Slender|Shadow Claw|p2a: Reuniclus
|-supereffective|p2a: Reuniclus
|-damage|p2a: Reuniclus|64\/424
|move|p2a: Reuniclus|Recover|p2a: Reuniclus
|-heal|p2a: Reuniclus|276\/424
|
|-heal|p2a: Reuniclus|302\/424|[from] item: Leftovers
|turn|8
|
|move|p1a: Slender|Shadow Claw|p2a: Reuniclus
|-supereffective|p2a: Reuniclus
|-damage|p2a: Reuniclus|150\/424
|move|p2a: Reuniclus|Recover|p2a: Reuniclus
|-heal|p2a: Reuniclus|362\/424
|
|-heal|p2a: Reuniclus|388\/424|[from] item: Leftovers
|turn|9
|
|switch|p1a: Kill or Die|Sharpedo, M|281\/281
|-damage|p1a: Kill or Die|246\/281|[from] Stealth Rock
|switch|p2a: Hydreigon|Hydreigon, M|325\/325
|-damage|p2a: Hydreigon|285\/325|[from] Stealth Rock
|
|turn|10
|
|switch|p2a: Aggron|Aggron-Mega, F|298\/344
|-damage|p2a: Aggron|277\/344|[from] Stealth Rock
|move|p1a: Kill or Die|Protect|p1a: Kill or Die
|-fail|p1a: Kill or Die
|
|-boost|p1a: Kill or Die|spe|1|[from] ability: Speed Boost
|turn|11
|
|switch|p1a: Donphan|Donphan, F|383\/383
|-damage|p1a: Donphan|360\/383|[from] Stealth Rock
|move|p2a: Aggron|Earthquake|p1a: Donphan
|-damage|p1a: Donphan|293\/383
|
|-heal|p1a: Donphan|316\/383|[from] item: Leftovers
|turn|12
|
|switch|p2a: Vaporeon|Vaporeon, M|464\/464
|-damage|p2a: Vaporeon|406\/464|[from] Stealth Rock
|move|p1a: Donphan|Rapid Spin|p2a: Vaporeon
|-damage|p2a: Vaporeon|388\/464
|-sideend|p1: Ollstar|Stealth Rock|[from] move: Rapid Spin|[of] p1a: Donphan
|
|-heal|p1a: Donphan|339\/383|[from] item: Leftovers
|-heal|p2a: Vaporeon|417\/464|[from] item: Leftovers
|turn|13
|
|switch|p1a: Slender|Trevenant, M, shiny|328\/373
|move|p2a: Vaporeon|Scald|p1a: Slender
|-resisted|p1a: Slender
|-damage|p1a: Slender|286\/373
|-status|p1a: Slender|brn
|-enditem|p1a: Slender|Lum Berry|[eat]
|-curestatus|p1a: Slender|brn
|
|-heal|p2a: Vaporeon|446\/464|[from] item: Leftovers
|-item|p1a: Slender|Lum Berry|[from] ability: Harvest
|turn|14
|
|switch|p2a: Zygarde|Zygarde|405\/405
|-damage|p2a: Zygarde|380\/405|[from] Stealth Rock
|-ability|p2a: Zygarde|Aura Break
|move|p1a: Slender|Will-O-Wisp|p2a: Zygarde
|-status|p2a: Zygarde|brn
|
|-heal|p2a: Zygarde|405\/405 brn|[from] item: Leftovers
|-damage|p2a: Zygarde|355\/405 brn|[from] brn
|turn|15
|
|switch|p2a: Togetic|Togetic, F|314\/314
|-damage|p2a: Togetic|236\/314|[from] Stealth Rock
|switch|p1a: Virus.exe|Porygon-Z|311\/311
|
|turn|16
|
|move|p1a: Virus.exe|Thunderbolt|p2a: Togetic
|-supereffective|p2a: Togetic
|-damage|p2a: Togetic|100\/314
|move|p2a: Togetic|Roost|p2a: Togetic
|-heal|p2a: Togetic|257\/314
|
|turn|17
|
|move|p1a: Virus.exe|Thunderbolt|p2a: Togetic
|-crit|p2a: Togetic
|-supereffective|p2a: Togetic
|-damage|p2a: Togetic|53\/314
|move|p2a: Togetic|Heal Bell|p2a: Togetic
|-cureteam|p2a: Togetic|[from] move: HealBell
|
|turn|18
|
|move|p1a: Virus.exe|Thunderbolt|p2a: Togetic
|-supereffective|p2a: Togetic
|-damage|p2a: Togetic|0 fnt
|faint|p2a: Togetic
|
|
|switch|p2a: Zygarde|Zygarde|355\/405
|-damage|p2a: Zygarde|330\/405|[from] Stealth Rock
|-ability|p2a: Zygarde|Aura Break
|turn|19
|
|switch|p1a: Donphan|Donphan, F|339\/383
|move|p2a: Zygarde|Substitute|p2a: Zygarde
|-start|p2a: Zygarde|Substitute
|-damage|p2a: Zygarde|229\/405
|
|-heal|p2a: Zygarde|254\/405|[from] item: Leftovers
|-heal|p1a: Donphan|362\/383|[from] item: Leftovers
|turn|20
|
|move|p2a: Zygarde|Coil|p2a: Zygarde
|-boost|p2a: Zygarde|atk|1
|-boost|p2a: Zygarde|def|1
|-boost|p2a: Zygarde|accuracy|1
|move|p1a: Donphan|Knock Off|p2a: Zygarde
|-activate|p2a: Zygarde|Substitute|[damage]
|
|-heal|p2a: Zygarde|279\/405|[from] item: Leftovers
|-heal|p1a: Donphan|383\/383|[from] item: Leftovers
|turn|21
|
|switch|p1a: Virus.exe|Porygon-Z|311\/311
|move|p2a: Zygarde|Coil|p2a: Zygarde
|-boost|p2a: Zygarde|atk|1
|-boost|p2a: Zygarde|def|1
|-boost|p2a: Zygarde|accuracy|1
|
|-heal|p2a: Zygarde|304\/405|[from] item: Leftovers
|turn|22
|
|move|p1a: Virus.exe|Ice Beam|p2a: Zygarde
|-supereffective|p2a: Zygarde
|-end|p2a: Zygarde|Substitute
|move|p2a: Zygarde|Earthquake|p1a: Virus.exe
|-damage|p1a: Virus.exe|23\/311
|
|-heal|p2a: Zygarde|329\/405|[from] item: Leftovers
|turn|23
|
|switch|p2a: Vaporeon|Vaporeon, M|446\/464
|-damage|p2a: Vaporeon|388\/464|[from] Stealth Rock
|move|p1a: Virus.exe|Ice Beam|p2a: Vaporeon
|-resisted|p2a: Vaporeon
|-damage|p2a: Vaporeon|333\/464
|
|-heal|p2a: Vaporeon|362\/464|[from] item: Leftovers
|turn|24
|
|switch|p1a: Slender|Trevenant, M, shiny|286\/373
|move|p2a: Vaporeon|Wish|p2a: Vaporeon
|
|-heal|p2a: Vaporeon|391\/464|[from] item: Leftovers
|turn|25
|
|move|p1a: Slender|Will-O-Wisp|p2a: Vaporeon
|-status|p2a: Vaporeon|brn
|move|p2a: Vaporeon|Baton Pass|p2a: Vaporeon
|
|switch|p2a: Zygarde|Zygarde|329\/405
|-damage|p2a: Zygarde|304\/405|[from] Stealth Rock
|-ability|p2a: Zygarde|Aura Break
|
|-heal|p2a: Zygarde|405\/405|[from] move: Wish|[wisher] Vaporeon
|turn|26
|join|Zhaf
|
|move|p2a: Zygarde|Substitute|p2a: Zygarde
|-start|p2a: Zygarde|Substitute
|-damage|p2a: Zygarde|304\/405
|move|p1a: Slender|Shadow Claw|p2a: Zygarde
|-activate|p2a: Zygarde|Substitute|[damage]
|
|-heal|p2a: Zygarde|329\/405|[from] item: Leftovers
|turn|27
|
|move|p2a: Zygarde|Coil|p2a: Zygarde
|-boost|p2a: Zygarde|atk|1
|-boost|p2a: Zygarde|def|1
|-boost|p2a: Zygarde|accuracy|1
|move|p1a: Slender|Shadow Claw|p2a: Zygarde
|-crit|p2a: Zygarde
|-end|p2a: Zygarde|Substitute
|
|-heal|p2a: Zygarde|354\/405|[from] item: Leftovers
|turn|28
|join|I'll Give It Yah
|c| waiv|crit ciity
|c| I'll Give It Yah|You want some?
|c| waiv|~_~
|
|switch|p1a: Ultimate Fighter|Lucario, M|281\/281
|move|p2a: Zygarde|Substitute|p2a: Zygarde
|-start|p2a: Zygarde|Substitute
|-damage|p2a: Zygarde|253\/405
|
|-heal|p2a: Zygarde|278\/405|[from] item: Leftovers
|turn|29
|
|move|p2a: Zygarde|Earthquake|p1a: Ultimate Fighter
|-supereffective|p1a: Ultimate Fighter
|-enditem|p1a: Ultimate Fighter|Focus Sash
|-damage|p1a: Ultimate Fighter|1\/281
|move|p1a: Ultimate Fighter|Swords Dance|p1a: Ultimate Fighter
|-boost|p1a: Ultimate Fighter|atk|2
|
|-heal|p2a: Zygarde|303\/405|[from] item: Leftovers
|turn|30
|
|move|p1a: Ultimate Fighter|Extreme Speed|p2a: Zygarde
|-activate|p2a: Zygarde|Substitute|[damage]
|move|p2a: Zygarde|Earthquake|p1a: Ultimate Fighter
|-supereffective|p1a: Ultimate Fighter
|-damage|p1a: Ultimate Fighter|0 fnt
|faint|p1a: Ultimate Fighter
|
|-heal|p2a: Zygarde|328\/405|[from] item: Leftovers
|c| I'll Give It Yah|Gee Gee
|
|switch|p1a: Kill or Die|Sharpedo, M|246\/281
|turn|31
|c| Zhaf|Holy bulk.
|raw|<div class="broadcast-red"><b>The server is restarting soon.<\/b><br \/>Please finish your battles quickly. No new battles can be started until the server resets in a few minutes.<\/div>
|raw|<div class="broadcast-red"><b>Moderated chat was set to +!<\/b><br \/>Only users of rank + and higher can talk.<\/div>
|
|move|p2a: Zygarde|Earthquake|p1a: Kill or Die
|-damage|p1a: Kill or Die|0 fnt
|faint|p1a: Kill or Die
|
|-heal|p2a: Zygarde|353\/405|[from] item: Leftovers
|
|switch|p1a: Donphan|Donphan, F|383\/383
|turn|32
|
|move|p1a: Donphan|Ice Shard|p2a: Zygarde
|-supereffective|p2a: Zygarde
|-end|p2a: Zygarde|Substitute
|move|p2a: Zygarde|Coil|p2a: Zygarde
|-boost|p2a: Zygarde|atk|1
|-boost|p2a: Zygarde|def|1
|-boost|p2a: Zygarde|accuracy|1
|
|-heal|p2a: Zygarde|378\/405|[from] item: Leftovers
|turn|33
|
|move|p2a: Zygarde|Substitute|p2a: Zygarde
|-start|p2a: Zygarde|Substitute
|-damage|p2a: Zygarde|277\/405
|move|p1a: Donphan|Knock Off|p2a: Zygarde
|-activate|p2a: Zygarde|Substitute|[damage]
|
|-heal|p2a: Zygarde|302\/405|[from] item: Leftovers
|turn|34
|
|move|p2a: Zygarde|Coil|p2a: Zygarde
|-boost|p2a: Zygarde|atk|1
|-boost|p2a: Zygarde|def|1
|-boost|p2a: Zygarde|accuracy|1
|move|p1a: Donphan|Knock Off|p2a: Zygarde
|-activate|p2a: Zygarde|Substitute|[damage]
|
|-heal|p2a: Zygarde|327\/405|[from] item: Leftovers
|turn|35
|raw|<div class="broadcast-blue"><b>Hello there, admin Joim on the speaker. I am going to restart the server as soon as battles finish. If you ask yourselves: "WHY?!", just look into your heart.<\/b><\/div>
|
|move|p2a: Zygarde|Coil|p2a: Zygarde
|-boost|p2a: Zygarde|atk|1
|-boost|p2a: Zygarde|def|1
|-boost|p2a: Zygarde|accuracy|1
|move|p1a: Donphan|Knock Off|p2a: Zygarde
|-activate|p2a: Zygarde|Substitute|[damage]
|
|-heal|p2a: Zygarde|352\/405|[from] item: Leftovers
|turn|36
|
|move|p2a: Zygarde|Coil|p2a: Zygarde
|-boost|p2a: Zygarde|atk|1
|-boost|p2a: Zygarde|def|1
|-boost|p2a: Zygarde|accuracy|1
|move|p1a: Donphan|Knock Off|p2a: Zygarde
|-end|p2a: Zygarde|Substitute
|
|-heal|p2a: Zygarde|377\/405|[from] item: Leftovers
|turn|37
|
|move|p2a: Zygarde|Substitute|p2a: Zygarde
|-start|p2a: Zygarde|Substitute
|-damage|p2a: Zygarde|276\/405
|move|p1a: Donphan|Knock Off|p2a: Zygarde
|-activate|p2a: Zygarde|Substitute|[damage]
|
|-heal|p2a: Zygarde|301\/405|[from] item: Leftovers
|turn|38
|
|move|p2a: Zygarde|Coil|p2a: Zygarde
|-boost|p2a: Zygarde|atk|1
|-boost|p2a: Zygarde|def|1
|-boost|p2a: Zygarde|accuracy|1
|move|p1a: Donphan|Knock Off|p2a: Zygarde
|-crit|p2a: Zygarde
|-end|p2a: Zygarde|Substitute
|
|-heal|p2a: Zygarde|326\/405|[from] item: Leftovers
|turn|39
|
|move|p2a: Zygarde|Substitute|p2a: Zygarde
|-start|p2a: Zygarde|Substitute
|-damage|p2a: Zygarde|225\/405
|move|p1a: Donphan|Knock Off|p2a: Zygarde
|-activate|p2a: Zygarde|Substitute|[damage]
|
|-heal|p2a: Zygarde|250\/405|[from] item: Leftovers
|turn|40
|
|move|p2a: Zygarde|Earthquake|p1a: Donphan
|-damage|p1a: Donphan|74\/383
|move|p1a: Donphan|Knock Off|p2a: Zygarde
|-activate|p2a: Zygarde|Substitute|[damage]
|
|-heal|p2a: Zygarde|275\/405|[from] item: Leftovers
|-heal|p1a: Donphan|97\/383|[from] item: Leftovers
|turn|41
|
|move|p1a: Donphan|Ice Shard|p2a: Zygarde
|-supereffective|p2a: Zygarde
|-activate|p2a: Zygarde|Substitute|[damage]
|move|p2a: Zygarde|Substitute|p2a: Zygarde
|-fail|p2a: Zygarde|move: Substitute
|
|-heal|p2a: Zygarde|300\/405|[from] item: Leftovers
|-heal|p1a: Donphan|120\/383|[from] item: Leftovers
|turn|42
|
|move|p2a: Zygarde|Substitute|p2a: Zygarde
|-fail|p2a: Zygarde|move: Substitute
|move|p1a: Donphan|Knock Off|p2a: Zygarde
|-activate|p2a: Zygarde|Substitute|[damage]
|
|-heal|p2a: Zygarde|325\/405|[from] item: Leftovers
|-heal|p1a: Donphan|143\/383|[from] item: Leftovers
|turn|43
|
|move|p1a: Donphan|Ice Shard|p2a: Zygarde
|-supereffective|p2a: Zygarde
|-end|p2a: Zygarde|Substitute
|move|p2a: Zygarde|Substitute|p2a: Zygarde
|-start|p2a: Zygarde|Substitute
|-damage|p2a: Zygarde|224\/405
|
|-heal|p2a: Zygarde|249\/405|[from] item: Leftovers
|-heal|p1a: Donphan|166\/383|[from] item: Leftovers
|turn|44
|raw|<div class="broadcast-red"><b>The server is restarting soon.<\/b><br \/>Please finish your battles quickly. No new battles can be started until the server resets in a few minutes.<\/div>
|leave|Zhaf
|raw|<div class="broadcast-blue"><b>Come on, fight faster, your fellow users are waiting for YOU to finish YOUR fights.<\/b><\/div>
|
|move|p1a: Donphan|Ice Shard|p2a: Zygarde
|-supereffective|p2a: Zygarde
|-activate|p2a: Zygarde|Substitute|[damage]
|move|p2a: Zygarde|Earthquake|p1a: Donphan
|-damage|p1a: Donphan|0 fnt
|faint|p1a: Donphan
|
|-heal|p2a: Zygarde|274\/405|[from] item: Leftovers
|join|Klarin
|
|switch|p1a: Slender|Trevenant, M, shiny|286\/373
|turn|45
|
|move|p1a: Slender|Shadow Claw|p2a: Zygarde
|-activate|p2a: Zygarde|Substitute|[damage]
|move|p2a: Zygarde|Dragon Tail|p1a: Slender
|-damage|p1a: Slender|0 fnt
|faint|p1a: Slender
|
|-heal|p2a: Zygarde|299\/405|[from] item: Leftovers
|
|switch|p1a: Virus.exe|Porygon-Z|23\/311
|turn|46
|
|move|p1a: Virus.exe|Ice Beam|p2a: Zygarde
|-supereffective|p2a: Zygarde
|-end|p2a: Zygarde|Substitute
|move|p2a: Zygarde|Earthquake|p1a: Virus.exe
|-damage|p1a: Virus.exe|0 fnt
|faint|p1a: Virus.exe
|
|-heal|p2a: Zygarde|324\/405|[from] item: Leftovers
|raw|<div class="broadcast-blue"><b>And nope, Greninja is not ubers IT'S A SUSPECT. Go play and vote "not ban" if you don't want it to be banned from OU. Jeez.<\/b><\/div>
|
|switch|p1a: Big Mama|Snorlax, F, shiny|523\/523
|turn|47
|
|move|p2a: Zygarde|Earthquake|p1a: Big Mama
|-damage|p1a: Big Mama|0 fnt
|faint|p1a: Big Mama
|
|win|feng the bob
|raw|Ladder updating...
|raw|Ollstar's rating: 1283 &rarr; <strong>1264<\/strong><br \/>(-19 for losing)
|raw|feng the bob's rating: 1365 &rarr; <strong>1380<\/strong><br \/>(+15 for winning)
|c|âOllstar|gg
|leave|feng the bob
|player|p2
|leave|Ollstar
|player|p1
|leave|Klarin
|leave|I'll Give It Yah
|join|Klarin
|leave|Klarin