|join|feng the bob
|join|LAN1234
|player|p1|feng the bob|23
|player|p2|LAN1234|1
|gametype|singles
|gen|6
|tier|UU
|rated
|rule|Sleep Clause Mod: Limit one foe put to sleep
|rule|Species Clause: Limit one of each PokÃ©mon
|rule|OHKO Clause: OHKO moves are banned
|rule|Moody Clause: Moody is banned
|rule|Evasion Moves Clause: Evasion moves are banned
|rule|Endless Battle Clause: Forcing endless battles is banned
|rule|HP Percentage Mod: HP is shown in percentages
|clearpoke
|poke|p1|Nidoking, M
|poke|p1|Vaporeon, M
|poke|p1|Togetic, M
|poke|p1|Reuniclus, F
|poke|p1|Zygarde
|poke|p1|Aggron, F
|poke|p2|Kingdra, M
|poke|p2|Uxie
|poke|p2|Cobalion
|poke|p2|Rotom-Mow
|poke|p2|Swampert, M
|poke|p2|Kabutops, F
|rule|Swagger Clause: Swagger is banned
|rule|Baton Pass Clause: Limit one PokÃ©mon knowing Baton Pass
|teampreview
|join|Dad's Dad
|join|Pixies and Faeries
|join|AlldaAlts
|
|start
|switch|p1a: Aggron|Aggron, F|344\/344
|switch|p2a: Uxie|Uxie|353\/353
|turn|1
|c| Dad's Dad|this better be critdra too
|c| Dad's Dad|i want to see you lose again
|c|âfeng the bob|oh
|join|Typhlosion271
|
|detailschange|p1a: Aggron|Aggron-Mega, F
|-mega|p1a: Aggron|Aggron|Aggronite
|move|p2a: Uxie|Magic Coat|p2a: Uxie
|-singleturn|p2a: Uxie|move: Magic Coat
|move|p1a: Aggron|Stealth Rock|p2a: Uxie
|move|p2a: Uxie|Stealth Rock|p1a: Aggron|[from]Magic Coat
|-sidestart|p1: feng the bob|move: Stealth Rock
|
|turn|2
|c| Dad's Dad|lmoa
|c| Pixies and Faeries|git rekt
|c| Dad's Dad|uxie the savage
|c| Typhlosion271|magic coat....
|c| Pixies and Faeries|coat again if huge
|c| Typhlosion271|MAGIC COAT!!!!
|c| Dad's Dad|rip me
|
|move|p2a: Uxie|Rain Dance|p2a: Uxie
|-weather|RainDance
|move|p1a: Aggron|Stealth Rock|p2a: Uxie
|-sidestart|p2: LAN1234|move: Stealth Rock
|
|-weather|RainDance|[upkeep]
|turn|3
|
|move|p2a: Uxie|Memento|p1a: Aggron
|-unboost|p1a: Aggron|atk|2
|-unboost|p1a: Aggron|spa|2
|faint|p2a: Uxie
|move|p1a: Aggron|Roar|p2: Uxie|[notarget]
|-notarget
|
|-weather|RainDance|[upkeep]
|c|âfeng the bob|rip
|c| Typhlosion271|memento!!!!!
|c| Dad's Dad|FOCUS ENERGY HERE AND WIN
|c| Pixies and Faeries|mega pert
|
|switch|p2a: Swampert|Swampert, M|361\/361
|-damage|p2a: Swampert|339\/361|[from] Stealth Rock
|turn|4
|c| Pixies and Faeries|nice bulky grass type
|c| Pixies and Faeries|:^]
|c| Dad's Dad|how does mega pert get passed vaporeon
|c| Pixies and Faeries|eq
|c| Typhlosion271|eq
|c| Pixies and Faeries|does like over half
|c| Pixies and Faeries|lol
|c| Typhlosion271|but ur fairy and vape and aggron play mind game?
|c| Dad's Dad|depends on spread lol
|
|detailschange|p2a: Swampert|Swampert-Mega, M
|-mega|p2a: Swampert|Swampert|Swampertite
|move|p2a: Swampert|Earthquake|p1a: Aggron
|-supereffective|p1a: Aggron
|-damage|p1a: Aggron|199\/344
|move|p1a: Aggron|Roar|p2a: Swampert
|drag|p2a: Cobalion|Cobalion|323\/323
|-damage|p2a: Cobalion|313\/323|[from] Stealth Rock
|
|-weather|RainDance|[upkeep]
|turn|5
|c| Pixies and Faeries|let's be real he isn't running fully phys def vape lol
|join|Exemption
|
|switch|p1a: Reuniclus|Reuniclus, F|424\/424
|move|p2a: Cobalion|Taunt|p1a: Reuniclus
|-start|p1a: Reuniclus|move: Taunt
|
|-weather|RainDance|[upkeep]
|turn|6
|
|move|p2a: Cobalion|Iron Head|p1a: Reuniclus
|-damage|p1a: Reuniclus|307\/424
|move|p1a: Reuniclus|Focus Blast|p2a: Cobalion
|-supereffective|p2a: Cobalion
|-damage|p2a: Cobalion|15\/323
|
|-weather|RainDance|[upkeep]
|-heal|p1a: Reuniclus|333\/424|[from] item: Leftovers
|turn|7
|c| Pixies and Faeries|nice rain turns
|
|move|p2a: Cobalion|Iron Head|p1a: Reuniclus
|-damage|p1a: Reuniclus|224\/424
|cant|p1a: Reuniclus|flinch
|
|-weather|RainDance|[upkeep]
|-heal|p1a: Reuniclus|250\/424|[from] item: Leftovers
|turn|8
|
|move|p2a: Cobalion|Iron Head|p1a: Reuniclus
|-damage|p1a: Reuniclus|129\/424
|move|p1a: Reuniclus|Psyshock|p2a: Cobalion
|-damage|p2a: Cobalion|0 fnt
|faint|p2a: Cobalion
|
|-weather|RainDance|[upkeep]
|-heal|p1a: Reuniclus|155\/424|[from] item: Leftovers
|-end|p1a: Reuniclus|move: Taunt
|
|switch|p2a: Swampert|Swampert-Mega, M|339\/361
|-damage|p2a: Swampert|317\/361|[from] Stealth Rock
|turn|9
|c| Pixies and Faeries|nice recover
|
|move|p2a: Swampert|Earthquake|p1a: Reuniclus
|-damage|p1a: Reuniclus|0 fnt
|faint|p1a: Reuniclus
|
|-weather|none
|c|âfeng the bob|taunted
|c|âfeng the bob|you fgt
|c| Pixies and Faeries|ik
|
|switch|p1a: Vaporeon|Vaporeon, M|464\/464
|-damage|p1a: Vaporeon|406\/464|[from] Stealth Rock
|turn|10
|
|switch|p2a: Rotom-Mow|Rotom-Mow|241\/241
|-damage|p2a: Rotom-Mow|211\/241|[from] Stealth Rock
|move|p1a: Vaporeon|Scald|p2a: Rotom-Mow
|-resisted|p2a: Rotom-Mow
|-damage|p2a: Rotom-Mow|161\/241
|
|-heal|p1a: Vaporeon|435\/464|[from] item: Leftovers
|turn|11
|
|move|p1a: Vaporeon|Protect|p1a: Vaporeon
|-singleturn|p1a: Vaporeon|Protect
|move|p2a: Rotom-Mow|Will-O-Wisp|p1a: Vaporeon
|-activate|p1a: Vaporeon|Protect
|
|-heal|p1a: Vaporeon|464\/464|[from] item: Leftovers
|turn|12
|join|waiv
|c| waiv|boboobob
|c| waiv|bobobob
|c| waiv|bobob
|c| waiv|bobo
|c| waiv|obb
|c| waiv|bboboboboobboo
|c|âfeng the bob|?
|c| waiv|hi
|c| waiv|r u
|c|âfeng the bob|hi
|c|âfeng the bob|nerd
|c| waiv|the real bob the bro
|
|move|p2a: Rotom-Mow|Thunder|p1a: Vaporeon
|-supereffective|p1a: Vaporeon
|-damage|p1a: Vaporeon|8\/464
|-status|p1a: Vaporeon|par
|move|p1a: Vaporeon|Scald|p2a: Rotom-Mow
|-resisted|p2a: Rotom-Mow
|-damage|p2a: Rotom-Mow|113\/241
|-status|p2a: Rotom-Mow|brn
|
|-heal|p1a: Vaporeon|37\/464 par|[from] item: Leftovers
|-damage|p2a: Rotom-Mow|83\/241 brn|[from] brn
|turn|13
|c| waiv|:o
|c| waiv|i'm a big fan
|c| Typhlosion271|thunder.............
|
|move|p1a: Vaporeon|Protect|p1a: Vaporeon
|-singleturn|p1a: Vaporeon|Protect
|move|p2a: Rotom-Mow|Volt Switch|p1a: Vaporeon
|-activate|p1a: Vaporeon|Protect
|
|-heal|p1a: Vaporeon|66\/464 par|[from] item: Leftovers
|-damage|p2a: Rotom-Mow|53\/241 brn|[from] brn
|turn|14
|c| Pixies and Faeries|he is rain team
|c| Pixies and Faeries|thunder makes sense
|c| Typhlosion271|THUNDER!!!!!!!!!!!!!!!!!!!!!!!!!!!!!!!!!!!!!!!!!!!!!!!!!!!!!!!!!!!!!!!!!!!!!!!!!!!!!!!!!!!!!!!!!!!!!!!!!!!!!!!!!!!!!!!!!!!!!!!!!!!!!!!!!!!!!!!!!!!!!!!!!!!!!!!!!!!!!!!!!!!!!!!!!!!!!!!!!!!!!!!!!!!!!!!!!!!!!!!!!!!!!!!!
|c| Pixies and Faeries|shut up nerd
|
|move|p2a: Rotom-Mow|Leaf Storm|p1a: Vaporeon
|-supereffective|p1a: Vaporeon
|-damage|p1a: Vaporeon|0 fnt
|-unboost|p2a: Rotom-Mow|spa|2
|faint|p1a: Vaporeon
|
|-damage|p2a: Rotom-Mow|23\/241 brn|[from] brn
|c| waiv|vape ate that up
|c| Exemption|thunder is strong
|c| Exemption|in rain never misses
|c| Typhlosion271|i know,
|
|switch|p1a: Nidoking|Nidoking, M|303\/303
|-damage|p1a: Nidoking|285\/303|[from] Stealth Rock
|turn|15
|c| waiv|thunder can still
|c| waiv|miss in rain
|
|move|p2a: Rotom-Mow|Leaf Storm|p1a: Nidoking
|-damage|p1a: Nidoking|147\/303
|-unboost|p2a: Rotom-Mow|spa|2
|move|p1a: Nidoking|Ice Beam|p2a: Rotom-Mow
|-supereffective|p2a: Rotom-Mow
|-damage|p2a: Rotom-Mow|0 fnt
|faint|p2a: Rotom-Mow
|
|c| Pixies and Faeries|it can't
|c| Pixies and Faeries|waiv
|c| waiv|yes it can
|c| Pixies and Faeries|pls
|c| Pixies and Faeries|it has - accuracy in rain
|c| waiv|bright powder
|c| Pixies and Faeries|can't evade
|c| waiv|o
|c| Pixies and Faeries|because it is - accuracy
|c| waiv|what about
|c| Pixies and Faeries|like aerial ace
|c| Typhlosion271|thunder in rain is aerial ace accurate and hit flying
|c| Pixies and Faeries|yea
|c| waiv|Ground type
|c| waiv|:o
|c| Pixies and Faeries|that is not missing
|c| Pixies and Faeries|that is immune plox
|
|switch|p2a: Swampert|Swampert-Mega, M|317\/361
|-damage|p2a: Swampert|295\/361|[from] Stealth Rock
|turn|16
|
|move|p1a: Nidoking|Earth Power|p2a: Swampert
|-damage|p2a: Swampert|162\/361
|move|p2a: Swampert|Rain Dance|p2a: Swampert
|-weather|RainDance
|
|-weather|RainDance|[upkeep]
|turn|17
|c| Pixies and Faeries|ice punch and freeze here
|c| Pixies and Faeries|ez
|c| Typhlosion271|thunder will miss if u use sunnt day while it is raining
|
|move|p1a: Nidoking|Sucker Punch|p2a: Swampert
|-damage|p2a: Swampert|63\/361
|-damage|p1a: Nidoking|117\/303|[from] item: Life Orb
|move|p2a: Swampert|Waterfall|p1a: Nidoking
|-supereffective|p1a: Nidoking
|-damage|p1a: Nidoking|0 fnt
|faint|p1a: Nidoking
|
|-weather|RainDance|[upkeep]
|
|switch|p1a: Aggron|Aggron-Mega, F|199\/344
|-damage|p1a: Aggron|178\/344|[from] Stealth Rock
|turn|18
|
|move|p2a: Swampert|Earthquake|p1a: Aggron
|-supereffective|p1a: Aggron
|-damage|p1a: Aggron|16\/344
|move|p1a: Aggron|Earthquake|p2a: Swampert
|-damage|p2a: Swampert|0 fnt
|faint|p2a: Swampert
|
|-weather|RainDance|[upkeep]
|
|switch|p2a: Kingdra|Kingdra, M|291\/291
|-damage|p2a: Kingdra|255\/291|[from] Stealth Rock
|turn|19
|c| Typhlosion271|realize abomasnow counter swampt pretty good
|c| Pixies and Faeries|and get bopped by low kick on the switch in
|c| Pixies and Faeries|lul
|c| Typhlosion271|pfft, it has bright powder and all ur atk MISS!!!
|c| Pixies and Faeries|k
|
|move|p2a: Kingdra|Hydro Pump|p1a: Aggron
|-damage|p1a: Aggron|0 fnt
|-damage|p2a: Kingdra|226\/291|[from] item: Life Orb
|faint|p1a: Aggron
|
|-weather|RainDance|[upkeep]
|
|switch|p1a: Zygarde|Zygarde|405\/405
|-damage|p1a: Zygarde|380\/405|[from] Stealth Rock
|-ability|p1a: Zygarde|Aura Break
|turn|20
|
|switch|p1a: Togetic|Togetic, M|314\/314
|-damage|p1a: Togetic|236\/314|[from] Stealth Rock
|move|p2a: Kingdra|Dragon Pulse|p1a: Togetic
|-immune|p1a: Togetic|[msg]
|
|-weather|none
|turn|21
|c| Pixies and Faeries|baiting the dragon move imo
|c| Pixies and Faeries|hydro
|c| Pixies and Faeries|rip
|
|move|p2a: Kingdra|Rain Dance|p2a: Kingdra
|-weather|RainDance
|move|p1a: Togetic|Dazzling Gleam|p2a: Kingdra
|-supereffective|p2a: Kingdra
|-damage|p2a: Kingdra|62\/291
|
|-weather|RainDance|[upkeep]
|turn|22
|
|move|p2a: Kingdra|Hydro Pump|p1a: Togetic|[miss]
|-miss|p2a: Kingdra|p1a: Togetic
|move|p1a: Togetic|Dazzling Gleam|p2a: Kingdra
|-supereffective|p2a: Kingdra
|-damage|p2a: Kingdra|0 fnt
|faint|p2a: Kingdra
|
|-weather|RainDance|[upkeep]
|c| Exemption|hydro
|c|âfeng the bob|ez
|
|switch|p2a: Kabutops|Kabutops, F|261\/261
|-damage|p2a: Kabutops|229\/261|[from] Stealth Rock
|turn|23
|
|move|p2a: Kabutops|Swords Dance|p2a: Kabutops
|-boost|p2a: Kabutops|atk|2
|move|p1a: Togetic|Dazzling Gleam|p2a: Kabutops
|-damage|p2a: Kabutops|115\/261
|
|-weather|RainDance|[upkeep]
|turn|24
|c| Exemption|dodge stone edge
|
|move|p2a: Kabutops|Waterfall|p1a: Togetic
|-damage|p1a: Togetic|0 fnt
|-damage|p2a: Kabutops|89\/261|[from] item: Life Orb
|faint|p1a: Togetic
|
|-weather|RainDance|[upkeep]
|
|switch|p1a: Zygarde|Zygarde|380\/405
|-damage|p1a: Zygarde|355\/405|[from] Stealth Rock
|-ability|p1a: Zygarde|Aura Break
|turn|25
|c| Typhlosion271|water fall crit!!!!
|c|âfeng the bob|do i eat this???
|c| Dad's Dad|rip bob
|c| Dad's Dad|i doubt it
|c|âfeng the bob|rip
|
|move|p2a: Kabutops|Waterfall|p1a: Zygarde
|-damage|p1a: Zygarde|0 fnt
|-damage|p2a: Kabutops|63\/261|[from] item: Life Orb
|faint|p1a: Zygarde
|
|win|LAN1234
|raw|Ladder updating...
|c| Dad's Dad|rekt
|c|âLAN1234|gg
|c| Typhlosion271|nope u die
|raw|feng the bob's rating: 1321 &rarr; <strong>1299<\/strong><br \/>(-22 for losing)
|raw|LAN1234's rating: 1288 &rarr; <strong>1315<\/strong><br \/>(+27 for winning)