|join|feng the bob
|join|pokemonisfun
|player|p1|feng the bob|23
|player|p2|pokemonisfun|184
|gametype|singles
|gen|6
|tier|UU
|rated
|rule|Sleep Clause Mod: Limit one foe put to sleep
|rule|Species Clause: Limit one of each PokÃ©mon
|rule|OHKO Clause: OHKO moves are banned
|rule|Moody Clause: Moody is banned
|rule|Evasion Moves Clause: Evasion moves are banned
|rule|Endless Battle Clause: Forcing endless battles is banned
|rule|HP Percentage Mod: HP is shown in percentages
|clearpoke
|poke|p1|Jirachi
|poke|p1|Suicune
|poke|p1|Zygarde
|poke|p1|Swampert, F
|poke|p1|Crobat, M
|poke|p1|Machamp, F
|poke|p2|Zygarde
|poke|p2|Darmanitan, M
|poke|p2|Absol, F
|poke|p2|Nidoqueen, F, shiny
|poke|p2|Whimsicott, F
|poke|p2|Suicune
|rule|Swagger Clause: Swagger is banned
|rule|Baton Pass Clause: Limit one PokÃ©mon knowing Baton Pass
|teampreview
|c|âfeng the bob|oh
|c|âfeng the bob|senpai
|join|Dad's Dad
|
|start
|switch|p1a: Swampert|Swampert, F|404\/404
|switch|p2a: Absol|Absol, F|271\/271
|-ability|p2a: Absol|Pressure
|turn|1
|c| Dad's Dad|oml
|c| Dad's Dad|legendary fight
|
|detailschange|p2a: Absol|Absol-Mega, F
|-mega|p2a: Absol|Absol|Absolite
|move|p2a: Absol|Knock Off|p1a: Swampert
|-damage|p1a: Swampert|257\/404
|-enditem|p1a: Swampert|Leftovers|[from] move: Knock Off|[of] p2a: Absol
|move|p1a: Swampert|Scald|p2a: Absol
|-damage|p2a: Absol|142\/271
|
|turn|2
|c| Dad's Dad|master and student locked in battle
|
|switch|p2a: Whimsicott|Whimsicott, F|261\/261
|move|p1a: Swampert|Scald|p2a: Whimsicott
|-resisted|p2a: Whimsicott
|-damage|p2a: Whimsicott|211\/261
|
|turn|3
|
|switch|p1a: Crobat|Crobat, M|325\/325
|move|p2a: Whimsicott|U-turn|p1a: Crobat
|-resisted|p1a: Crobat
|-damage|p1a: Crobat|311\/325
|-damage|p2a: Whimsicott|185\/261|[from] item: Life Orb
|
|switch|p2a: Nidoqueen|Nidoqueen, F, shiny|321\/321
|
|-heal|p1a: Crobat|325\/325|[from] item: Black Sludge
|turn|4
|
|switch|p1a: Suicune|Suicune|404\/404
|-ability|p1a: Suicune|Pressure
|move|p2a: Nidoqueen|Stealth Rock|p1a: Suicune
|-sidestart|p1: feng the bob|move: Stealth Rock
|
|turn|5
|c|âpokemonisfun|who r u
|c|âfeng the bob|ur my senpai
|
|switch|p2a: Whimsicott|Whimsicott, F|185\/261
|move|p1a: Suicune|Scald|p2a: Whimsicott
|-resisted|p2a: Whimsicott
|-damage|p2a: Whimsicott|131\/261
|
|turn|6
|c|âpokemonisfun|?
|
|move|p2a: Whimsicott|U-turn|p1a: Suicune
|-damage|p1a: Suicune|375\/404
|-damage|p2a: Whimsicott|105\/261|[from] item: Life Orb
|
|switch|p2a: Suicune|Suicune|404\/404
|-ability|p2a: Suicune|Pressure
|move|p1a: Suicune|Scald|p2a: Suicune
|-resisted|p2a: Suicune
|-damage|p2a: Suicune|364\/404
|
|-heal|p2a: Suicune|389\/404|[from] item: Leftovers
|-heal|p1a: Suicune|400\/404|[from] item: Leftovers
|turn|7
|
|switch|p1a: Jirachi|Jirachi|341\/341
|-damage|p1a: Jirachi|320\/341|[from] Stealth Rock
|move|p2a: Suicune|Calm Mind|p2a: Suicune
|-boost|p2a: Suicune|spa|1
|-boost|p2a: Suicune|spd|1
|
|-heal|p2a: Suicune|404\/404|[from] item: Leftovers
|turn|8
|
|move|p1a: Jirachi|U-turn|p2a: Suicune
|-damage|p2a: Suicune|357\/404
|
|switch|p1a: Suicune|Suicune|400\/404
|-damage|p1a: Suicune|350\/404|[from] Stealth Rock
|-ability|p1a: Suicune|Pressure
|move|p2a: Suicune|Scald|p1a: Suicune
|-resisted|p1a: Suicune
|-damage|p1a: Suicune|292\/404
|
|-heal|p2a: Suicune|382\/404|[from] item: Leftovers
|-heal|p1a: Suicune|317\/404|[from] item: Leftovers
|turn|9
|
|move|p1a: Suicune|Scald|p2a: Suicune
|-resisted|p2a: Suicune
|-damage|p2a: Suicune|356\/404
|move|p2a: Suicune|Scald|p1a: Suicune
|-resisted|p1a: Suicune
|-damage|p1a: Suicune|255\/404
|
|-heal|p2a: Suicune|381\/404|[from] item: Leftovers
|-heal|p1a: Suicune|280\/404|[from] item: Leftovers
|turn|10
|
|move|p2a: Suicune|Scald|p1a: Suicune
|-resisted|p1a: Suicune
|-damage|p1a: Suicune|227\/404
|move|p1a: Suicune|Scald|p2a: Suicune
|-resisted|p2a: Suicune
|-damage|p2a: Suicune|357\/404
|
|-heal|p2a: Suicune|382\/404|[from] item: Leftovers
|-heal|p1a: Suicune|252\/404|[from] item: Leftovers
|turn|11
|
|move|p2a: Suicune|Scald|p1a: Suicune
|-resisted|p1a: Suicune
|-damage|p1a: Suicune|191\/404
|-status|p1a: Suicune|brn
|move|p1a: Suicune|Scald|p2a: Suicune
|-resisted|p2a: Suicune
|-damage|p2a: Suicune|358\/404
|
|-heal|p1a: Suicune|216\/404 brn|[from] item: Leftovers
|-heal|p2a: Suicune|383\/404|[from] item: Leftovers
|-damage|p1a: Suicune|166\/404 brn|[from] brn
|turn|12
|
|move|p1a: Suicune|Scald|p2a: Suicune
|-resisted|p2a: Suicune
|-damage|p2a: Suicune|358\/404
|move|p2a: Suicune|Calm Mind|p2a: Suicune
|-boost|p2a: Suicune|spa|1
|-boost|p2a: Suicune|spd|1
|
|-heal|p2a: Suicune|383\/404|[from] item: Leftovers
|-heal|p1a: Suicune|191\/404 brn|[from] item: Leftovers
|-damage|p1a: Suicune|141\/404 brn|[from] brn
|turn|13
|
|move|p2a: Suicune|Extrasensory|p1a: Suicune
|-damage|p1a: Suicune|33\/404 brn
|move|p1a: Suicune|Rest|p1a: Suicune
|-status|p1a: Suicune|slp
|-heal|p1a: Suicune|404\/404 slp|[silent]
|-status|p1a: Suicune|slp|[from] move: Rest
|
|-heal|p2a: Suicune|404\/404|[from] item: Leftovers
|turn|14
|
|move|p2a: Suicune|Calm Mind|p2a: Suicune
|-boost|p2a: Suicune|spa|1
|-boost|p2a: Suicune|spd|1
|cant|p1a: Suicune|slp
|move|p1a: Suicune|Sleep Talk|p1a: Suicune
|move|p1a: Suicune|Scald|p2a: Suicune|[from]Sleep Talk
|-resisted|p2a: Suicune
|-damage|p2a: Suicune|389\/404
|-status|p2a: Suicune|brn
|
|-heal|p2a: Suicune|404\/404 brn|[from] item: Leftovers
|-damage|p2a: Suicune|354\/404 brn|[from] brn
|turn|15
|join|meowiekins
|
|cant|p1a: Suicune|slp
|move|p1a: Suicune|Sleep Talk|p1a: Suicune
|move|p1a: Suicune|Calm Mind|p1a: Suicune|[from]Sleep Talk
|-boost|p1a: Suicune|spa|1
|-boost|p1a: Suicune|spd|1
|move|p2a: Suicune|Calm Mind|p2a: Suicune
|-boost|p2a: Suicune|spa|1
|-boost|p2a: Suicune|spd|1
|
|-heal|p2a: Suicune|379\/404 brn|[from] item: Leftovers
|-damage|p2a: Suicune|329\/404 brn|[from] brn
|turn|16
|
|move|p2a: Suicune|Rest|p2a: Suicune
|-status|p2a: Suicune|slp
|-heal|p2a: Suicune|404\/404 slp|[silent]
|-status|p2a: Suicune|slp|[from] move: Rest
|-curestatus|p1a: Suicune|slp
|move|p1a: Suicune|Calm Mind|p1a: Suicune
|-boost|p1a: Suicune|spa|1
|-boost|p1a: Suicune|spd|1
|
|turn|17
|
|switch|p1a: Machamp|Machamp, F|321\/321
|-damage|p1a: Machamp|301\/321|[from] Stealth Rock
|cant|p2a: Suicune|slp
|
|turn|18
|
|move|p1a: Machamp|Close Combat|p2a: Suicune
|-damage|p2a: Suicune|167\/404 slp
|-unboost|p1a: Machamp|def|1
|-unboost|p1a: Machamp|spd|1
|cant|p2a: Suicune|slp
|
|-heal|p2a: Suicune|192\/404 slp|[from] item: Leftovers
|turn|19
|join|CarmelloTheGod
|
|switch|p2a: Nidoqueen|Nidoqueen, F, shiny|321\/321
|move|p1a: Machamp|Close Combat|p2a: Nidoqueen
|-resisted|p2a: Nidoqueen
|-damage|p2a: Nidoqueen|136\/321
|-unboost|p1a: Machamp|def|1
|-unboost|p1a: Machamp|spd|1
|
|turn|20
|
|switch|p1a: Swampert|Swampert, F|257\/404
|-damage|p1a: Swampert|232\/404|[from] Stealth Rock
|move|p2a: Nidoqueen|Sludge Wave|p1a: Swampert
|-resisted|p1a: Swampert
|-damage|p1a: Swampert|122\/404
|
|turn|21
|
|move|p2a: Nidoqueen|Ice Beam|p1a: Swampert
|-damage|p1a: Swampert|0 fnt
|faint|p1a: Swampert
|
|
|switch|p1a: Crobat|Crobat, M|325\/325
|-damage|p1a: Crobat|244\/325|[from] Stealth Rock
|turn|22
|
|move|p1a: Crobat|Brave Bird|p2a: Nidoqueen
|-damage|p2a: Nidoqueen|0 fnt
|-damage|p1a: Crobat|199\/325|[from] recoil|[of] p2a: Nidoqueen
|faint|p2a: Nidoqueen
|
|-heal|p1a: Crobat|219\/325|[from] item: Black Sludge
|
|switch|p2a: Darmanitan|Darmanitan, M|351\/351
|turn|23
|
|switch|p1a: Suicune|Suicune|404\/404
|-damage|p1a: Suicune|354\/404|[from] Stealth Rock
|-ability|p1a: Suicune|Pressure
|move|p2a: Darmanitan|Flare Blitz|p1a: Suicune
|-resisted|p1a: Suicune
|-damage|p1a: Suicune|252\/404
|-damage|p2a: Darmanitan|317\/351|[from] recoil|[of] p1a: Suicune
|
|-heal|p1a: Suicune|277\/404|[from] item: Leftovers
|turn|24
|
|switch|p2a: Suicune|Suicune|192\/404 slp
|-ability|p2a: Suicune|Pressure
|move|p1a: Suicune|Scald|p2a: Suicune
|-resisted|p2a: Suicune
|-damage|p2a: Suicune|155\/404 slp
|
|-heal|p2a: Suicune|180\/404 slp|[from] item: Leftovers
|-heal|p1a: Suicune|302\/404|[from] item: Leftovers
|turn|25
|
|switch|p1a: Machamp|Machamp, F|301\/321
|-damage|p1a: Machamp|281\/321|[from] Stealth Rock
|-curestatus|p2a: Suicune|slp
|move|p2a: Suicune|Calm Mind|p2a: Suicune
|-boost|p2a: Suicune|spa|1
|-boost|p2a: Suicune|spd|1
|
|-heal|p2a: Suicune|205\/404|[from] item: Leftovers
|turn|26
|
|move|p1a: Machamp|Close Combat|p2a: Suicune
|-damage|p2a: Suicune|0 fnt
|-unboost|p1a: Machamp|def|1
|-unboost|p1a: Machamp|spd|1
|faint|p2a: Suicune
|
|
|switch|p2a: Darmanitan|Darmanitan, M|317\/351
|turn|27
|
|switch|p1a: Zygarde|Zygarde|357\/357
|-damage|p1a: Zygarde|335\/357|[from] Stealth Rock
|-ability|p1a: Zygarde|Aura Break
|move|p2a: Darmanitan|Flare Blitz|p1a: Zygarde
|-resisted|p1a: Zygarde
|-damage|p1a: Zygarde|207\/357
|-damage|p2a: Darmanitan|275\/351|[from] recoil|[of] p1a: Zygarde
|
|turn|28
|c| Dad's Dad|pif where is blissey
|
|move|p2a: Darmanitan|Flare Blitz|p1a: Zygarde
|-resisted|p1a: Zygarde
|-damage|p1a: Zygarde|78\/357
|-damage|p2a: Darmanitan|232\/351|[from] recoil|[of] p1a: Zygarde
|move|p1a: Zygarde|Dragon Dance|p1a: Zygarde
|-boost|p1a: Zygarde|atk|1
|-boost|p1a: Zygarde|spe|1
|
|turn|29
|
|switch|p2a: snekky-snek|Zygarde|404\/404
|-ability|p2a: snekky-snek|Aura Break
|move|p1a: Zygarde|Extreme Speed|p2a: snekky-snek
|-damage|p2a: snekky-snek|302\/404
|
|-heal|p2a: snekky-snek|327\/404|[from] item: Leftovers
|turn|30
|
|switch|p2a: Absol|Absol-Mega, F|142\/271
|move|p1a: Zygarde|Outrage|p2a: Absol
|-damage|p2a: Absol|0 fnt
|faint|p2a: Absol
|
|
|switch|p2a: Whimsicott|Whimsicott, F|105\/261
|turn|31
|
|move|p1a: Zygarde|Outrage|p2a: Whimsicott
|-immune|p2a: Whimsicott|[msg]
|move|p2a: Whimsicott|Giga Drain|p1a: Zygarde
|-damage|p1a: Zygarde|0 fnt
|-heal|p2a: Whimsicott|144\/261|[from] drain|[of] p1a: Zygarde
|-damage|p2a: Whimsicott|118\/261|[from] item: Life Orb
|faint|p1a: Zygarde
|
|
|switch|p1a: Jirachi|Jirachi|320\/341
|-damage|p1a: Jirachi|299\/341|[from] Stealth Rock
|turn|32
|
|move|p1a: Jirachi|U-turn|p2a: Whimsicott
|-damage|p2a: Whimsicott|32\/261
|
|switch|p1a: Machamp|Machamp, F|281\/321
|-damage|p1a: Machamp|261\/321|[from] Stealth Rock
|move|p2a: Whimsicott|Moonblast|p1a: Machamp
|-supereffective|p1a: Machamp
|-damage|p1a: Machamp|0 fnt
|-damage|p2a: Whimsicott|6\/261|[from] item: Life Orb
|faint|p1a: Machamp
|
|
|switch|p1a: Jirachi|Jirachi|299\/341
|-damage|p1a: Jirachi|278\/341|[from] Stealth Rock
|turn|33
|
|move|p1a: Jirachi|U-turn|p2a: Whimsicott
|-damage|p2a: Whimsicott|0 fnt
|faint|p2a: Whimsicott
|
|switch|p1a: Crobat|Crobat, M|219\/325
|-damage|p1a: Crobat|138\/325|[from] Stealth Rock
|
|-heal|p1a: Crobat|158\/325|[from] item: Black Sludge
|
|switch|p2a: snekky-snek|Zygarde|327\/404
|-ability|p2a: snekky-snek|Aura Break
|turn|34
|
|move|p1a: Crobat|Toxic|p2a: snekky-snek
|-status|p2a: snekky-snek|tox
|move|p2a: snekky-snek|Coil|p2a: snekky-snek
|-boost|p2a: snekky-snek|atk|1
|-boost|p2a: snekky-snek|def|1
|-boost|p2a: snekky-snek|accuracy|1
|
|-heal|p1a: Crobat|178\/325|[from] item: Black Sludge
|-heal|p2a: snekky-snek|352\/404 tox|[from] item: Leftovers
|-damage|p2a: snekky-snek|327\/404 tox|[from] psn
|turn|35
|
|move|p2a: snekky-snek|Extreme Speed|p1a: Crobat
|-crit|p1a: Crobat
|-damage|p1a: Crobat|0 fnt
|faint|p1a: Crobat
|
|-heal|p2a: snekky-snek|352\/404 tox|[from] item: Leftovers
|-damage|p2a: snekky-snek|302\/404 tox|[from] psn
|
|switch|p1a: Suicune|Suicune|302\/404
|-damage|p1a: Suicune|252\/404|[from] Stealth Rock
|-ability|p1a: Suicune|Pressure
|turn|36
|
|move|p2a: snekky-snek|Coil|p2a: snekky-snek
|-boost|p2a: snekky-snek|atk|1
|-boost|p2a: snekky-snek|def|1
|-boost|p2a: snekky-snek|accuracy|1
|move|p1a: Suicune|Rest|p1a: Suicune
|-status|p1a: Suicune|slp
|-heal|p1a: Suicune|404\/404 slp|[silent]
|-status|p1a: Suicune|slp|[from] move: Rest
|
|-heal|p2a: snekky-snek|327\/404 tox|[from] item: Leftovers
|-damage|p2a: snekky-snek|252\/404 tox|[from] psn
|turn|37
|
|move|p2a: snekky-snek|Earthquake|p1a: Suicune
|-damage|p1a: Suicune|218\/404 slp
|cant|p1a: Suicune|slp
|move|p1a: Suicune|Sleep Talk|p1a: Suicune
|move|p1a: Suicune|Scald|p2a: snekky-snek|[from]Sleep Talk
|-damage|p2a: snekky-snek|171\/404 tox
|
|-heal|p2a: snekky-snek|196\/404 tox|[from] item: Leftovers
|-heal|p1a: Suicune|243\/404 slp|[from] item: Leftovers
|-damage|p2a: snekky-snek|96\/404 tox|[from] psn
|turn|38
|
|move|p2a: snekky-snek|Earthquake|p1a: Suicune
|-damage|p1a: Suicune|81\/404 slp
|cant|p1a: Suicune|slp
|move|p1a: Suicune|Sleep Talk|p1a: Suicune
|move|p1a: Suicune|Scald|p2a: snekky-snek|[from]Sleep Talk
|-damage|p2a: snekky-snek|9\/404 tox
|
|-heal|p2a: snekky-snek|34\/404 tox|[from] item: Leftovers
|-heal|p1a: Suicune|106\/404 slp|[from] item: Leftovers
|-damage|p2a: snekky-snek|0 fnt|[from] psn
|faint|p2a: snekky-snek
|
|switch|p2a: Darmanitan|Darmanitan, M|232\/351
|turn|39
|
|move|p2a: Darmanitan|Flare Blitz|p1a: Suicune
|-resisted|p1a: Suicune
|-damage|p1a: Suicune|10\/404 slp
|-damage|p2a: Darmanitan|200\/351|[from] recoil|[of] p1a: Suicune
|-curestatus|p1a: Suicune|slp
|move|p1a: Suicune|Rest|p1a: Suicune
|-status|p1a: Suicune|slp
|-heal|p1a: Suicune|404\/404 slp|[silent]
|-status|p1a: Suicune|slp|[from] move: Rest
|
|turn|40
|c| Dad's Dad|lmoa
|c|âpokemonisfun|G
|c|âfeng the bob|g
|-message|pokemonisfun forfeited.
|
|win|feng the bob
|raw|Ladder updating...
|leave|pokemonisfun
|player|p2
|c|âfeng the bob|senpai
|raw|feng the bob's rating: 1580 &rarr; <strong>1596<\/strong><br \/>(+16 for winning)
|raw|pokemonisfun's rating: 1516 &rarr; <strong>1500<\/strong><br \/>(-16 for losing)