|join|Sacripan'
|join|feng the bob
|player|p1|Sacripan'|265
|player|p2|feng the bob|23
|gametype|singles
|gen|6
|tier|UU
|rated
|rule|Sleep Clause Mod: Limit one foe put to sleep
|rule|Species Clause: Limit one of each PokÃ©mon
|rule|OHKO Clause: OHKO moves are banned
|rule|Moody Clause: Moody is banned
|rule|Evasion Moves Clause: Evasion moves are banned
|rule|Endless Battle Clause: Forcing endless battles is banned
|rule|HP Percentage Mod: HP is shown in percentages
|clearpoke
|poke|p1|Absol, M
|poke|p1|Raikou
|poke|p1|Nidoqueen, F
|poke|p1|Mienshao, F
|poke|p1|Whimsicott, M
|poke|p1|Crobat, M
|poke|p2|Hydreigon, M
|poke|p2|Vaporeon, F
|poke|p2|Togetic, F
|poke|p2|Reuniclus, F
|poke|p2|Zygarde
|poke|p2|Aggron, M
|rule|Swagger Clause: Swagger is banned
|rule|Baton Pass Clause: Limit one PokÃ©mon knowing Baton Pass
|teampreview
|
|start
|switch|p1a: Raikou|Raikou|322\/322
|switch|p2a: Hydreigon|Hydreigon, M|325\/325
|-ability|p1a: Raikou|Pressure
|turn|1
|
|move|p1a: Raikou|Volt Switch|p2a: Hydreigon
|-resisted|p2a: Hydreigon
|-damage|p2a: Hydreigon|267\/325
|
|switch|p1a: Whimsicott|Whimsicott, M|262\/262
|move|p2a: Hydreigon|Flamethrower|p1a: Whimsicott
|-supereffective|p1a: Whimsicott
|-damage|p1a: Whimsicott|0 fnt
|-damage|p2a: Hydreigon|235\/325|[from] item: Life Orb
|faint|p1a: Whimsicott
|
|join|I'll Give It Yah
|
|switch|p1a: Mienshao|Mienshao, F|271\/271
|turn|2
|
|switch|p2a: Togetic|Togetic, F|314\/314
|move|p1a: Mienshao|U-turn|p2a: Togetic
|-resisted|p2a: Togetic
|-damage|p2a: Togetic|303\/314
|
|switch|p1a: Nidoqueen|Nidoqueen, F|384\/384
|
|turn|3
|
|switch|p2a: Vaporeon|Vaporeon, F|464\/464
|move|p1a: Nidoqueen|Stealth Rock|p2a: Vaporeon
|-sidestart|p2: feng the bob|move: Stealth Rock
|
|turn|4
|
|switch|p1a: Raikou|Raikou|322\/322
|-ability|p1a: Raikou|Pressure
|move|p2a: Vaporeon|Scald|p1a: Raikou
|-damage|p1a: Raikou|247\/322
|
|turn|5
|
|move|p2a: Vaporeon|Protect|p2a: Vaporeon
|-singleturn|p2a: Vaporeon|Protect
|move|p1a: Raikou|Volt Switch|p2a: Vaporeon
|-activate|p2a: Vaporeon|Protect
|
|turn|6
|
|switch|p1a: Nidoqueen|Nidoqueen, F|384\/384
|move|p2a: Vaporeon|Baton Pass|p2a: Vaporeon
|
|switch|p2a: Reuniclus|Reuniclus, F|424\/424
|
|turn|7
|
|move|p1a: Nidoqueen|Sludge Wave|p2a: Reuniclus
|-damage|p2a: Reuniclus|163\/424
|move|p2a: Reuniclus|Psyshock|p1a: Nidoqueen
|-supereffective|p1a: Nidoqueen
|-damage|p1a: Nidoqueen|106\/384
|
|-heal|p2a: Reuniclus|189\/424|[from] item: Leftovers
|turn|8
|
|switch|p2a: Vaporeon|Vaporeon, F|464\/464
|-damage|p2a: Vaporeon|406\/464|[from] Stealth Rock
|move|p1a: Nidoqueen|Ice Beam|p2a: Vaporeon
|-resisted|p2a: Vaporeon
|-damage|p2a: Vaporeon|331\/464
|
|-heal|p2a: Vaporeon|360\/464|[from] item: Leftovers
|turn|9
|
|switch|p1a: Raikou|Raikou|247\/322
|-ability|p1a: Raikou|Pressure
|move|p2a: Vaporeon|Wish|p2a: Vaporeon
|
|-heal|p2a: Vaporeon|389\/464|[from] item: Leftovers
|turn|10
|
|move|p2a: Vaporeon|Protect|p2a: Vaporeon
|-singleturn|p2a: Vaporeon|Protect
|move|p1a: Raikou|Thunderbolt|p2a: Vaporeon
|-activate|p2a: Vaporeon|Protect
|
|-heal|p2a: Vaporeon|464\/464|[from] move: Wish|[wisher] Vaporeon
|turn|11
|
|switch|p1a: Mienshao|Mienshao, F|271\/271
|switch|p2a: Zygarde|Zygarde|405\/405
|-damage|p2a: Zygarde|380\/405|[from] Stealth Rock
|-ability|p2a: Zygarde|Aura Break
|
|-heal|p2a: Zygarde|405\/405|[from] item: Leftovers
|turn|12
|
|move|p1a: Mienshao|High Jump Kick|p2a: Zygarde
|-damage|p2a: Zygarde|182\/405
|move|p2a: Zygarde|Earthquake|p1a: Mienshao
|-damage|p1a: Mienshao|100\/271
|
|-heal|p2a: Zygarde|207\/405|[from] item: Leftovers
|turn|13
|
|switch|p1a: Nidoqueen|Nidoqueen, F|106\/384
|switch|p2a: Togetic|Togetic, F|303\/314
|-damage|p2a: Togetic|225\/314|[from] Stealth Rock
|
|turn|14
|
|switch|p2a: Vaporeon|Vaporeon, F|464\/464
|-damage|p2a: Vaporeon|406\/464|[from] Stealth Rock
|move|p1a: Nidoqueen|Sludge Wave|p2a: Vaporeon
|-damage|p2a: Vaporeon|159\/464
|
|-heal|p2a: Vaporeon|188\/464|[from] item: Leftovers
|turn|15
|
|move|p2a: Vaporeon|Protect|p2a: Vaporeon
|-singleturn|p2a: Vaporeon|Protect
|move|p1a: Nidoqueen|Sludge Wave|p2a: Vaporeon
|-activate|p2a: Vaporeon|Protect
|
|-heal|p2a: Vaporeon|217\/464|[from] item: Leftovers
|turn|16
|
|move|p1a: Nidoqueen|Sludge Wave|p2a: Vaporeon
|-damage|p2a: Vaporeon|0 fnt
|faint|p2a: Vaporeon
|
|
|switch|p2a: Hydreigon|Hydreigon, M|235\/325
|-damage|p2a: Hydreigon|195\/325|[from] Stealth Rock
|turn|17
|
|switch|p1a: Raikou|Raikou|247\/322
|-ability|p1a: Raikou|Pressure
|move|p2a: Hydreigon|Draco Meteor|p1a: Raikou
|-damage|p1a: Raikou|82\/322
|-unboost|p2a: Hydreigon|spa|2
|-damage|p2a: Hydreigon|163\/325|[from] item: Life Orb
|
|turn|18
|
|switch|p2a: Aggron|Aggron, M|344\/344
|-damage|p2a: Aggron|323\/344|[from] Stealth Rock
|move|p1a: Raikou|Extrasensory|p2a: Aggron
|-crit|p2a: Aggron
|-resisted|p2a: Aggron
|-damage|p2a: Aggron|259\/344
|
|turn|19
|
|detailschange|p2a: Aggron|Aggron-Mega, M
|-mega|p2a: Aggron|Aggron|Aggronite
|move|p1a: Raikou|Thunderbolt|p2a: Aggron
|-damage|p2a: Aggron|139\/344
|move|p2a: Aggron|Heavy Slam|p1a: Raikou
|-resisted|p1a: Raikou
|-damage|p1a: Raikou|20\/322
|
|turn|20
|
|move|p1a: Raikou|Thunderbolt|p2a: Aggron
|-damage|p2a: Aggron|21\/344
|move|p2a: Aggron|Heavy Slam|p1a: Raikou
|-resisted|p1a: Raikou
|-damage|p1a: Raikou|0 fnt
|faint|p1a: Raikou
|
|
|switch|p1a: Absol|Absol, M|271\/271
|turn|21
|
|detailschange|p1a: Absol|Absol-Mega, M
|-mega|p1a: Absol|Absol|Absolite
|move|p1a: Absol|Knock Off|p2a: Aggron
|-damage|p2a: Aggron|0 fnt
|faint|p2a: Aggron
|
|
|switch|p2a: Togetic|Togetic, F|225\/314
|-damage|p2a: Togetic|147\/314|[from] Stealth Rock
|turn|22
|
|move|p1a: Absol|Knock Off|p2a: Togetic
|-resisted|p2a: Togetic
|-damage|p2a: Togetic|93\/314
|-enditem|p2a: Togetic|Eviolite|[from] move: Knock Off|[of] p1a: Absol
|move|p2a: Togetic|Roost|p2a: Togetic
|-heal|p2a: Togetic|250\/314
|
|turn|23
|
|switch|p1a: Nidoqueen|Nidoqueen, F|106\/384
|move|p2a: Togetic|Dazzling Gleam|p1a: Nidoqueen
|-crit|p1a: Nidoqueen
|-resisted|p1a: Nidoqueen
|-damage|p1a: Nidoqueen|35\/384
|
|turn|24
|
|switch|p2a: Reuniclus|Reuniclus, F|189\/424
|move|p1a: Nidoqueen|Ice Beam|p2a: Reuniclus
|-damage|p2a: Reuniclus|40\/424
|
|-heal|p2a: Reuniclus|66\/424|[from] item: Leftovers
|turn|25
|
|move|p1a: Nidoqueen|Ice Beam|p2a: Reuniclus
|-damage|p2a: Reuniclus|0 fnt
|faint|p2a: Reuniclus
|
|
|switch|p2a: Hydreigon|Hydreigon, M|163\/325
|-damage|p2a: Hydreigon|123\/325|[from] Stealth Rock
|turn|26
|
|switch|p1a: Crobat|Crobat, M|373\/373
|move|p2a: Hydreigon|Crunch|p1a: Crobat
|-damage|p1a: Crobat|177\/373
|-damage|p2a: Hydreigon|91\/325|[from] item: Life Orb
|
|-heal|p1a: Crobat|200\/373|[from] item: Black Sludge
|turn|27
|
|switch|p2a: Zygarde|Zygarde|207\/405
|-damage|p2a: Zygarde|182\/405|[from] Stealth Rock
|-ability|p2a: Zygarde|Aura Break
|move|p1a: Crobat|Brave Bird|p2a: Zygarde
|-damage|p2a: Zygarde|73\/405
|-damage|p1a: Crobat|164\/373|[from] recoil|[of] p2a: Zygarde
|
|-heal|p1a: Crobat|187\/373|[from] item: Black Sludge
|-heal|p2a: Zygarde|98\/405|[from] item: Leftovers
|turn|28
|
|move|p1a: Crobat|Brave Bird|p2a: Zygarde
|-damage|p2a: Zygarde|0 fnt
|-damage|p1a: Crobat|155\/373|[from] recoil|[of] p2a: Zygarde
|faint|p2a: Zygarde
|
|-heal|p1a: Crobat|178\/373|[from] item: Black Sludge
|
|switch|p2a: Togetic|Togetic, F|250\/314
|-damage|p2a: Togetic|172\/314|[from] Stealth Rock
|turn|29
|
|move|p1a: Crobat|Brave Bird|p2a: Togetic
|-damage|p2a: Togetic|64\/314
|-damage|p1a: Crobat|142\/373|[from] recoil|[of] p2a: Togetic
|move|p2a: Togetic|Roost|p2a: Togetic
|-heal|p2a: Togetic|221\/314
|
|-heal|p1a: Crobat|165\/373|[from] item: Black Sludge
|turn|30
|
|move|p1a: Crobat|Roost|p1a: Crobat
|-heal|p1a: Crobat|352\/373
|move|p2a: Togetic|Dazzling Gleam|p1a: Crobat
|-resisted|p1a: Crobat
|-damage|p1a: Crobat|303\/373
|
|-heal|p1a: Crobat|326\/373|[from] item: Black Sludge
|turn|31
|
|move|p1a: Crobat|Brave Bird|p2a: Togetic
|-damage|p2a: Togetic|107\/314
|-damage|p1a: Crobat|288\/373|[from] recoil|[of] p2a: Togetic
|move|p2a: Togetic|Defog|p1a: Crobat
|-unboost|p1a: Crobat|evasion|1
|-sideend|p2: feng the bob|Stealth Rock|[from] move: Defog|[of] p2a: Togetic
|
|-heal|p1a: Crobat|311\/373|[from] item: Black Sludge
|turn|32
|
|move|p1a: Crobat|Brave Bird|p2a: Togetic
|-damage|p2a: Togetic|0 fnt
|-damage|p1a: Crobat|276\/373|[from] recoil|[of] p2a: Togetic
|faint|p2a: Togetic
|
|-heal|p1a: Crobat|299\/373|[from] item: Black Sludge
|c|âSacripan'|gg
|
|switch|p2a: Hydreigon|Hydreigon, M|91\/325
|turn|33
|
|move|p1a: Crobat|Brave Bird|p2a: Hydreigon
|-damage|p2a: Hydreigon|0 fnt
|-damage|p1a: Crobat|269\/373|[from] recoil|[of] p2a: Hydreigon
|faint|p2a: Hydreigon
|
|win|Sacripan'
|raw|Ladder updating...
|raw|Sacripan&apos;'s rating: 1483 &rarr; <strong>1499<\/strong><br \/>(+16 for winning)
|raw|feng the bob's rating: 1413 &rarr; <strong>1397<\/strong><br \/>(-16 for losing)
|leave|feng the bob
|player|p2