|join|feng the bob
|join|Zartres10
|player|p1|feng the bob|23
|player|p2|Zartres10|52
|gametype|singles
|gen|6
|tier|UU
|rated
|rule|Sleep Clause Mod: Limit one foe put to sleep
|rule|Species Clause: Limit one of each PokÃ©mon
|rule|OHKO Clause: OHKO moves are banned
|rule|Moody Clause: Moody is banned
|rule|Evasion Moves Clause: Evasion moves are banned
|rule|Endless Battle Clause: Forcing endless battles is banned
|rule|HP Percentage Mod: HP is shown in percentages
|clearpoke
|poke|p1|Swampert, F
|poke|p1|Crobat, M
|poke|p1|Jirachi
|poke|p1|Suicune
|poke|p1|Zygarde
|poke|p1|Machamp, M
|poke|p2|Galvantula, M
|poke|p2|Zygarde
|poke|p2|Darmanitan, F
|poke|p2|Empoleon, M
|poke|p2|Pidgeot, F
|poke|p2|Mienshao, M
|rule|Swagger Clause: Swagger is banned
|rule|Baton Pass Clause: Limit one PokÃ©mon knowing Baton Pass
|teampreview
|join|watfor
|
|start
|switch|p1a: Zygarde|Zygarde|357\/357
|switch|p2a: Galvantula|Galvantula, M|281\/281
|-ability|p1a: Zygarde|Aura Break
|turn|1
|
|move|p2a: Galvantula|Sticky Web|p1a: Zygarde
|-sidestart|p1: feng the bob|move: Sticky Web
|move|p1a: Zygarde|Dragon Dance|p1a: Zygarde
|-boost|p1a: Zygarde|atk|1
|-boost|p1a: Zygarde|spe|1
|
|turn|2
|c| watfor|hp ice gal
|c| watfor|imo
|join|SketchyEcchi
|
|switch|p2a: Zygarde|Zygarde|419\/419
|-ability|p2a: Zygarde|Aura Break
|move|p1a: Zygarde|Earthquake|p2a: Zygarde
|-damage|p2a: Zygarde|217\/419
|
|-heal|p2a: Zygarde|243\/419|[from] item: Leftovers
|turn|3
|
|move|p1a: Zygarde|Outrage|p2a: Zygarde
|-supereffective|p2a: Zygarde
|-damage|p2a: Zygarde|0 fnt
|faint|p2a: Zygarde
|
|
|switch|p2a: Empoleon|Empoleon, M|371\/371
|turn|4
|
|move|p1a: Zygarde|Outrage|p2a: Empoleon
|-resisted|p2a: Empoleon
|-damage|p2a: Empoleon|209\/371
|move|p2a: Empoleon|Ice Beam|p1a: Zygarde
|-supereffective|p1a: Zygarde
|-damage|p1a: Zygarde|0 fnt
|faint|p1a: Zygarde
|
|c|âfeng the bob|wut
|c| watfor|all the ice beam
|c| watfor|water types
|c|âZartres10|haha
|c| watfor|gives me cancer
|c| SketchyEcchi|specs imo
|c|âZartres10|unconventional
|c|âfeng the bob|this is like specs
|c|âfeng the bob|or some shit
|c|âZartres10|wat
|c| watfor|ikr
|c|âZartres10|why so many
|c| SketchyEcchi|scarf
|c|âZartres10|people???
|c|âZartres10|lol
|
|switch|p1a: Jirachi|Jirachi|341\/341
|-activate|p1a: Jirachi|move: Sticky Web
|-unboost|p1a: Jirachi|spe|1
|turn|5
|c| SketchyEcchi|ur playing BT
|c| watfor|yeah this is probly specs or max spa
|c| watfor|feng is shofu
|c|âZartres10|are these
|c|âZartres10|friends?
|c| watfor|no
|c| SketchyEcchi|y
|c| watfor|we are fans of
|c| watfor|shofu
|
|switch|p2a: Darmanitan|Darmanitan, F|413\/413
|move|p1a: Jirachi|U-turn|p2a: Darmanitan
|-resisted|p2a: Darmanitan
|-damage|p2a: Darmanitan|352\/413
|c|âfeng the bob|they my subs
|
|switch|p1a: Swampert|Swampert, F|404\/404
|-activate|p1a: Swampert|move: Sticky Web
|-unboost|p1a: Swampert|spe|1
|
|turn|6
|c| watfor|yeah
|c|âZartres10|wat
|join|waiv
|c|âZartres10|you're
|c|âZartres10|a youtuber?
|
|move|p2a: Darmanitan|U-turn|p1a: Swampert
|-damage|p1a: Swampert|285\/404
|c|âfeng the bob|y
|c| waiv|he's shofu
|c| SketchyEcchi|BT also known as Shofu
|c| waiv|u fucking idiot
|c|âZartres10|lol
|c|âZartres10|haha
|c|âZartres10|nice
|
|switch|p2a: Pidgeot|Pidgeot, F|307\/307
|move|p1a: Swampert|Scald|p2a: Pidgeot
|-damage|p2a: Pidgeot|196\/307
|
|-heal|p1a: Swampert|310\/404|[from] item: Leftovers
|turn|7
|
|detailschange|p2a: Pidgeot|Pidgeot-Mega, F
|-mega|p2a: Pidgeot|Pidgeot|Pidgeotite
|move|p2a: Pidgeot|Hurricane|p1a: Swampert
|-damage|p1a: Swampert|88\/404
|-start|p1a: Swampert|confusion
|-activate|p1a: Swampert|confusion
|-damage|p1a: Swampert|61\/404|[from] confusion
|
|-heal|p1a: Swampert|86\/404|[from] item: Leftovers
|turn|8
|c| waiv|rip
|
|move|p2a: Pidgeot|Hurricane|p1a: Swampert
|-damage|p1a: Swampert|0 fnt
|faint|p1a: Swampert
|
|c| waiv|hax 4 dayz
|c|âfeng the bob|rip
|
|switch|p1a: Crobat|Crobat, M|325\/325
|turn|9
|
|switch|p2a: Galvantula|Galvantula, M|281\/281
|move|p1a: Crobat|Brave Bird|p2a: Galvantula
|-crit|p2a: Galvantula
|-enditem|p2a: Galvantula|Focus Sash
|-damage|p2a: Galvantula|1\/281
|-damage|p1a: Crobat|233\/325|[from] recoil|[of] p2a: Galvantula
|
|-heal|p1a: Crobat|253\/325|[from] item: Black Sludge
|turn|10
|
|move|p1a: Crobat|Defog|p2a: Galvantula
|-unboost|p2a: Galvantula|evasion|1
|-sideend|p1: feng the bob|Sticky Web|[from] move: Defog|[of] p1a: Crobat
|move|p2a: Galvantula|Thunder|p1a: Crobat
|-supereffective|p1a: Crobat
|-damage|p1a: Crobat|0 fnt
|faint|p1a: Crobat
|
|
|switch|p1a: Jirachi|Jirachi|341\/341
|turn|11
|
|switch|p2a: Pidgeot|Pidgeot-Mega, F|196\/307
|move|p1a: Jirachi|U-turn|p2a: Pidgeot
|-resisted|p2a: Pidgeot
|-damage|p2a: Pidgeot|152\/307
|
|switch|p1a: Suicune|Suicune|400\/400
|-ability|p1a: Suicune|Pressure
|
|turn|12
|
|move|p2a: Pidgeot|Hurricane|p1a: Suicune
|-damage|p1a: Suicune|219\/400
|-start|p1a: Suicune|confusion
|-activate|p1a: Suicune|confusion
|move|p1a: Suicune|Calm Mind|p1a: Suicune
|-boost|p1a: Suicune|spa|1
|-boost|p1a: Suicune|spd|1
|
|-heal|p1a: Suicune|244\/400|[from] item: Leftovers
|turn|13
|c| SketchyEcchi|>hitting thru confusion
|c| SketchyEcchi|bob r u hacking m8
|c| waiv|AINT
|
|move|p2a: Pidgeot|Hurricane|p1a: Suicune
|-damage|p1a: Suicune|117\/400
|-activate|p1a: Suicune|confusion
|move|p1a: Suicune|Rest|p1a: Suicune
|-status|p1a: Suicune|slp
|-heal|p1a: Suicune|400\/400 slp|[silent]
|-status|p1a: Suicune|slp|[from] move: Rest
|
|turn|14
|c| waiv|NUFFIN 2 B CONFOOS BOUT
|c|âfeng the bob|ez
|
|move|p2a: Pidgeot|Roost|p2a: Pidgeot
|-heal|p2a: Pidgeot|306\/307
|cant|p1a: Suicune|slp
|-activate|p1a: Suicune|confusion
|move|p1a: Suicune|Sleep Talk|p1a: Suicune
|move|p1a: Suicune|Scald|p2a: Pidgeot|[from]Sleep Talk
|-damage|p2a: Pidgeot|158\/307
|-status|p2a: Pidgeot|brn
|
|-damage|p2a: Pidgeot|120\/307 brn|[from] brn
|turn|15
|c| waiv|EZ BURN
|c| watfor|ez
|c| watfor|pz
|
|switch|p2a: Galvantula|Galvantula, M|1\/281
|cant|p1a: Suicune|slp
|-end|p1a: Suicune|confusion
|move|p1a: Suicune|Sleep Talk|p1a: Suicune
|move|p1a: Suicune|Scald|p2a: Galvantula|[from]Sleep Talk
|-damage|p2a: Galvantula|0 fnt
|faint|p2a: Galvantula
|
|c|âfeng the bob|not even a crit burn
|c| SketchyEcchi|rekt
|
|switch|p2a: Mienshao|Mienshao, M|271\/271
|turn|16
|
|move|p2a: Mienshao|Knock Off|p1a: Suicune
|-damage|p1a: Suicune|304\/400 slp
|-enditem|p1a: Suicune|Leftovers|[from] move: Knock Off|[of] p2a: Mienshao
|-damage|p2a: Mienshao|244\/271|[from] item: Life Orb
|-curestatus|p1a: Suicune|slp
|move|p1a: Suicune|Scald|p2a: Mienshao
|-damage|p2a: Mienshao|66\/271
|
|turn|17
|
|move|p2a: Mienshao|U-turn|p1a: Suicune
|-damage|p1a: Suicune|229\/400
|-damage|p2a: Mienshao|39\/271|[from] item: Life Orb
|
|switch|p2a: Empoleon|Empoleon, M|209\/371
|move|p1a: Suicune|Rest|p1a: Suicune
|-status|p1a: Suicune|slp
|-heal|p1a: Suicune|400\/400 slp|[silent]
|-status|p1a: Suicune|slp|[from] move: Rest
|
|turn|18
|c|âfeng the bob|im bout to catch a grass knot arent i
|
|cant|p1a: Suicune|slp
|move|p1a: Suicune|Sleep Talk|p1a: Suicune
|move|p1a: Suicune|Scald|p2a: Empoleon|[from]Sleep Talk
|-resisted|p2a: Empoleon
|-damage|p2a: Empoleon|149\/371
|-status|p2a: Empoleon|brn
|move|p2a: Empoleon|Grass Knot|p1a: Suicune
|-supereffective|p1a: Suicune
|-damage|p1a: Suicune|208\/400 slp
|
|-damage|p2a: Empoleon|103\/371 brn|[from] brn
|turn|19
|c|âZartres10|possibly
|
|switch|p1a: Jirachi|Jirachi|341\/341
|move|p2a: Empoleon|Grass Knot|p1a: Jirachi
|-resisted|p1a: Jirachi
|-damage|p1a: Jirachi|322\/341
|
|-damage|p2a: Empoleon|57\/371 brn|[from] brn
|turn|20
|c|âZartres10|burns ;(
|
|move|p1a: Jirachi|Iron Head|p2a: Empoleon
|-resisted|p2a: Empoleon
|-damage|p2a: Empoleon|27\/371 brn
|cant|p2a: Empoleon|flinch
|
|-damage|p2a: Empoleon|0 fnt|[from] brn
|faint|p2a: Empoleon
|
|switch|p2a: Darmanitan|Darmanitan, F|352\/413
|turn|21
|
|move|p1a: Jirachi|Iron Head|p2a: Darmanitan
|-resisted|p2a: Darmanitan
|-damage|p2a: Darmanitan|263\/413
|move|p2a: Darmanitan|Superpower|p1a: Jirachi
|-damage|p1a: Jirachi|95\/341
|-unboost|p2a: Darmanitan|atk|1
|-unboost|p2a: Darmanitan|def|1
|
|turn|22
|
|switch|p2a: Pidgeot|Pidgeot-Mega, F|120\/307 brn
|move|p1a: Jirachi|Iron Head|p2a: Pidgeot
|-damage|p2a: Pidgeot|0 fnt
|faint|p2a: Pidgeot
|
|
|switch|p2a: Darmanitan|Darmanitan, F|263\/413
|turn|23
|
|switch|p1a: Machamp|Machamp, M|321\/321
|move|p2a: Darmanitan|U-turn|p1a: Machamp
|-resisted|p1a: Machamp
|-damage|p1a: Machamp|238\/321
|
|switch|p2a: Mienshao|Mienshao, M|129\/271
|
|turn|24
|
|move|p2a: Mienshao|High Jump Kick|p1a: Machamp
|-damage|p1a: Machamp|0 fnt
|-damage|p2a: Mienshao|102\/271|[from] item: Life Orb
|faint|p1a: Machamp
|
|
|switch|p1a: Jirachi|Jirachi|95\/341
|turn|25
|
|switch|p2a: Darmanitan|Darmanitan, F|263\/413
|move|p1a: Jirachi|Healing Wish|p1a: Jirachi
|faint|p1a: Jirachi
|
|
|switch|p1a: Suicune|Suicune|208\/400 slp
|-heal|p1a: Suicune|400\/400|[from] move: Healing Wish
|-ability|p1a: Suicune|Pressure
|turn|26
|
|move|p2a: Darmanitan|Rock Slide|p1a: Suicune
|-damage|p1a: Suicune|278\/400
|move|p1a: Suicune|Scald|p2a: Darmanitan
|-supereffective|p2a: Darmanitan
|-damage|p2a: Darmanitan|0 fnt
|faint|p2a: Darmanitan
|
|
|switch|p2a: Mienshao|Mienshao, M|192\/271
|turn|27
|
|move|p2a: Mienshao|High Jump Kick|p1a: Suicune
|-crit|p1a: Suicune
|-damage|p1a: Suicune|5\/400
|-damage|p2a: Mienshao|165\/271|[from] item: Life Orb
|move|p1a: Suicune|Rest|p1a: Suicune
|-status|p1a: Suicune|slp
|-heal|p1a: Suicune|400\/400 slp|[silent]
|-status|p1a: Suicune|slp|[from] move: Rest
|
|turn|28
|c|âZartres10|:(
|
|move|p2a: Mienshao|High Jump Kick|p1a: Suicune
|-damage|p1a: Suicune|212\/400 slp
|-damage|p2a: Mienshao|138\/271|[from] item: Life Orb
|cant|p1a: Suicune|slp
|move|p1a: Suicune|Sleep Talk|p1a: Suicune
|move|p1a: Suicune|Rest|p1a: Suicune|[from]Sleep Talk
|-fail|p1a: Suicune
|
|turn|29
|
|move|p2a: Mienshao|High Jump Kick|p1a: Suicune
|-damage|p1a: Suicune|24\/400 slp
|-damage|p2a: Mienshao|111\/271|[from] item: Life Orb
|cant|p1a: Suicune|slp
|move|p1a: Suicune|Sleep Talk|p1a: Suicune
|move|p1a: Suicune|Rest|p1a: Suicune|[from]Sleep Talk
|-fail|p1a: Suicune
|
|turn|30
|c|âfeng the bob|rip
|c|âZartres10|gg
|
|move|p2a: Mienshao|U-turn|p1a: Suicune
|-damage|p1a: Suicune|0 fnt
|-damage|p2a: Mienshao|84\/271|[from] item: Life Orb
|faint|p1a: Suicune
|
|win|Zartres10
|raw|Ladder updating...
|c|âZartres10|that
|raw|feng the bob's rating: 1634 &rarr; <strong>1608<\/strong><br \/>(-26 for losing)
|raw|Zartres10's rating: 1522 &rarr; <strong>1548<\/strong><br \/>(+26 for winning)
|c|âZartres10|was the best game
|c|âZartres10|i had
|c|âZartres10|for a while
|leave|SketchyEcchi
|leave|feng the bob
|player|p1