|join|Drreuniclus99
|join|klos
|player|p1|Drreuniclus99|148
|player|p2|klos|249
|gametype|singles
|gen|6
|tier|UU
|rated
|rule|Sleep Clause Mod: Limit one foe put to sleep
|rule|Species Clause: Limit one of each PokÃ©mon
|rule|OHKO Clause: OHKO moves are banned
|rule|Moody Clause: Moody is banned
|rule|Evasion Moves Clause: Evasion moves are banned
|rule|Endless Battle Clause: Forcing endless battles is banned
|rule|HP Percentage Mod: HP is shown in percentages
|clearpoke
|poke|p1|Klefki, F
|poke|p1|Lucario, M
|poke|p1|Diancie
|poke|p1|Volcarona, M
|poke|p1|Espeon, F
|poke|p1|Staraptor, F
|poke|p2|Altaria, M
|poke|p2|Crobat, M
|poke|p2|Chandelure, M
|poke|p2|Krookodile, F
|poke|p2|Bronzong
|poke|p2|Vaporeon, F
|rule|Swagger Clause: Swagger is banned
|rule|Baton Pass Clause: Limit one PokÃ©mon knowing Baton Pass
|teampreview
|c|âklos|hf
|c|âklos|gl
|c|âDrreuniclus99|u 2
|
|start
|switch|p1a: Espeon|Espeon, F|334\/334
|switch|p2a: Chandelure|Chandelure, M|261\/261
|turn|1
|
|move|p2a: Chandelure|Shadow Ball|p1a: Espeon
|-supereffective|p1a: Espeon
|-damage|p1a: Espeon|0 fnt
|faint|p1a: Espeon
|
|
|switch|p1a: Volcarona|Volcarona, M|373\/373
|turn|2
|
|switch|p2a: Altaria|Altaria, M|292\/292
|move|p1a: Volcarona|Quiver Dance|p1a: Volcarona
|-boost|p1a: Volcarona|spa|1
|-boost|p1a: Volcarona|spd|1
|-boost|p1a: Volcarona|spe|1
|
|turn|3
|
|detailschange|p2a: Altaria|Altaria-Mega, M
|message|Altaria has Mega Evolved into Mega Altaria!
|move|p1a: Volcarona|Fiery Dance|p2a: Altaria
|-resisted|p2a: Altaria
|-damage|p2a: Altaria|208\/292
|-boost|p1a: Volcarona|spa|1
|move|p2a: Altaria|Dragon Dance|p2a: Altaria
|-boost|p2a: Altaria|atk|1
|-boost|p2a: Altaria|spe|1
|
|turn|4
|
|move|p2a: Altaria|Dragon Dance|p2a: Altaria
|-boost|p2a: Altaria|atk|1
|-boost|p2a: Altaria|spe|1
|move|p1a: Volcarona|Fiery Dance|p2a: Altaria
|-resisted|p2a: Altaria
|-damage|p2a: Altaria|92\/292
|
|turn|5
|
|move|p2a: Altaria|Earthquake|p1a: Volcarona
|-damage|p1a: Volcarona|148\/373
|move|p1a: Volcarona|Quiver Dance|p1a: Volcarona
|-boost|p1a: Volcarona|spa|1
|-boost|p1a: Volcarona|spd|1
|-boost|p1a: Volcarona|spe|1
|
|turn|6
|
|move|p2a: Altaria|Earthquake|p1a: Volcarona
|-damage|p1a: Volcarona|0 fnt
|faint|p1a: Volcarona
|
|
|switch|p1a: Lucario|Lucario, M|281\/281
|turn|7
|c|âklos|u running what Spe EV?
|c|âklos|seems as jolly altaria was a good option after all
|c|âDrreuniclus99|o
|
|switch|p2a: Chandelure|Chandelure, M|261\/261
|move|p1a: Lucario|Bullet Punch|p2a: Chandelure
|-resisted|p2a: Chandelure
|-damage|p2a: Chandelure|210\/261
|-damage|p1a: Lucario|253\/281|[from] item: Life Orb
|
|turn|8
|c|âDrreuniclus99|jolly
|
|switch|p1a: Diancie|Diancie|241\/241
|move|p2a: Chandelure|Fire Blast|p1a: Diancie
|-resisted|p1a: Diancie
|-damage|p1a: Diancie|166\/241
|
|turn|9
|
|switch|p2a: Bronzong|Bronzong|337\/337
|detailschange|p1a: Diancie|Diancie-Mega
|message|Diancie has Mega Evolved into Mega Diancie!
|move|p1a: Diancie|Diamond Storm|p2a: Bronzong
|-resisted|p2a: Bronzong
|-damage|p2a: Bronzong|271\/337
|
|-heal|p2a: Bronzong|292\/337|[from] item: Leftovers
|turn|10
|
|switch|p1a: Klefki|Klefki, F|318\/318
|move|p2a: Bronzong|Gyro Ball|p1a: Klefki
|-damage|p1a: Klefki|263\/318
|
|-heal|p2a: Bronzong|313\/337|[from] item: Leftovers
|turn|11
|
|move|p1a: Klefki|Reflect|p1a: Klefki
|-sidestart|p1: Drreuniclus99|Reflect
|move|p2a: Bronzong|Stealth Rock|p1a: Klefki
|-sidestart|p1: Drreuniclus99|move: Stealth Rock
|
|-heal|p2a: Bronzong|334\/337|[from] item: Leftovers
|turn|12
|
|switch|p2a: Chandelure|Chandelure, M|210\/261
|move|p1a: Klefki|Light Screen|p1a: Klefki
|-sidestart|p1: Drreuniclus99|move: Light Screen
|
|turn|13
|
|move|p1a: Klefki|Thunder Wave|p2a: Chandelure
|-status|p2a: Chandelure|par
|move|p2a: Chandelure|Energy Ball|p1a: Klefki
|-resisted|p1a: Klefki
|-damage|p1a: Klefki|230\/318
|
|turn|14
|
|switch|p2a: Bronzong|Bronzong|334\/337
|move|p1a: Klefki|Spikes|p2a: Bronzong
|-sidestart|p2: klos|Spikes
|
|-heal|p2a: Bronzong|337\/337|[from] item: Leftovers
|turn|15
|
|switch|p2a: Krookodile|Krookodile, F|394\/394
|-damage|p2a: Krookodile|345\/394|[from] Spikes
|-ability|p2a: Krookodile|Intimidate|[of] p1a: Klefki
|-unboost|p1a: Klefki|atk|1
|move|p1a: Klefki|Spikes|p2a: Krookodile
|-sidestart|p2: klos|Spikes
|
|turn|16
|
|move|p1a: Klefki|Spikes|p2a: Krookodile
|-sidestart|p2: klos|Spikes
|move|p2a: Krookodile|Knock Off|p1a: Klefki
|-resisted|p1a: Klefki
|-damage|p1a: Klefki|188\/318
|-enditem|p1a: Klefki|Light Clay|[from] move: Knock Off|[of] p2a: Krookodile
|
|turn|17
|
|move|p1a: Klefki|Spikes|p2a: Krookodile
|-fail|p2a: Krookodile
|move|p2a: Krookodile|Earthquake|p1a: Klefki
|-crit|p1a: Klefki
|-supereffective|p1a: Klefki
|-damage|p1a: Klefki|0 fnt
|faint|p1a: Klefki
|
|
|switch|p1a: Diancie|Diancie-Mega|166\/241
|-damage|p1a: Diancie|136\/241|[from] Stealth Rock
|turn|18
|
|switch|p2a: Chandelure|Chandelure, M|210\/261 par
|-damage|p2a: Chandelure|145\/261 par|[from] Spikes
|move|p1a: Diancie|Hidden Power|p2a: Chandelure
|-start|p2a: Chandelure|ability: Flash Fire
|
|-sideend|p1: Drreuniclus99|Reflect
|turn|19
|
|move|p1a: Diancie|Diamond Storm|p2a: Chandelure
|-supereffective|p2a: Chandelure
|-damage|p2a: Chandelure|0 fnt
|faint|p2a: Chandelure
|
|-sideend|p1: Drreuniclus99|move: Light Screen
|
|switch|p2a: Bronzong|Bronzong|337\/337
|turn|20
|
|move|p1a: Diancie|Hidden Power|p2a: Bronzong
|-supereffective|p2a: Bronzong
|-damage|p2a: Bronzong|215\/337
|move|p2a: Bronzong|Earthquake|p1a: Diancie
|-supereffective|p1a: Diancie
|-damage|p1a: Diancie|0 fnt
|faint|p1a: Diancie
|
|-heal|p2a: Bronzong|236\/337|[from] item: Leftovers
|
|switch|p1a: Lucario|Lucario, M|253\/281
|-damage|p1a: Lucario|245\/281|[from] Stealth Rock
|turn|21
|
|move|p1a: Lucario|Swords Dance|p1a: Lucario
|-boost|p1a: Lucario|atk|2
|move|p2a: Bronzong|Earthquake|p1a: Lucario
|-supereffective|p1a: Lucario
|-damage|p1a: Lucario|39\/281
|
|-heal|p2a: Bronzong|257\/337|[from] item: Leftovers
|turn|22
|
|move|p1a: Lucario|Close Combat|p2a: Bronzong
|-damage|p2a: Bronzong|0 fnt
|-unboost|p1a: Lucario|def|1
|-unboost|p1a: Lucario|spd|1
|-damage|p1a: Lucario|11\/281|[from] item: Life Orb
|faint|p2a: Bronzong
|
|
|switch|p2a: Crobat|Crobat, M|373\/373
|turn|23
|
|switch|p2a: Krookodile|Krookodile, F|345\/394
|-damage|p2a: Krookodile|247\/394|[from] Spikes
|-ability|p2a: Krookodile|Intimidate|[of] p1a: Lucario
|-unboost|p1a: Lucario|atk|1
|move|p1a: Lucario|Extreme Speed|p2a: Krookodile
|-damage|p2a: Krookodile|21\/394
|-damage|p1a: Lucario|0 fnt|[from] item: Life Orb
|faint|p1a: Lucario
|
|
|switch|p1a: Staraptor|Staraptor, F|311\/311
|-damage|p1a: Staraptor|234\/311|[from] Stealth Rock
|turn|24
|
|move|p1a: Staraptor|Brave Bird|p2a: Krookodile
|-damage|p2a: Krookodile|0 fnt
|-damage|p1a: Staraptor|227\/311|[from] recoil|[of] p2a: Krookodile
|faint|p2a: Krookodile
|
|
|switch|p2a: Vaporeon|Vaporeon, F|449\/449
|-damage|p2a: Vaporeon|337\/449|[from] Spikes
|turn|25
|
|move|p2a: Vaporeon|Protect|p2a: Vaporeon
|-singleturn|p2a: Vaporeon|Protect
|move|p1a: Staraptor|Brave Bird|p2a: Vaporeon
|-activate|p2a: Vaporeon|Protect
|
|-heal|p2a: Vaporeon|365\/449|[from] item: Leftovers
|turn|26
|
|move|p1a: Staraptor|Brave Bird|p2a: Vaporeon
|-damage|p2a: Vaporeon|94\/449
|-damage|p1a: Staraptor|138\/311|[from] recoil|[of] p2a: Vaporeon
|move|p2a: Vaporeon|Scald|p1a: Staraptor
|-damage|p1a: Staraptor|0 fnt
|faint|p1a: Staraptor
|
|win|klos
|raw|Ladder updating...
|c|âDrreuniclus99|gg
|c|âklos|gg
|raw|Drreuniclus99's rating: 1414 &rarr; <strong>1394<\/strong><br \/>(-20 for losing)
|raw|klos's rating: 1409 &rarr; <strong>1429<\/strong><br \/>(+20 for winning)