|join|probs wont work
|join|klos
|player|p1|probs wont work|2
|player|p2|klos|249
|gametype|singles
|gen|6
|tier|UU
|rated
|rule|Sleep Clause Mod: Limit one foe put to sleep
|rule|Species Clause: Limit one of each PokÃ©mon
|rule|OHKO Clause: OHKO moves are banned
|rule|Moody Clause: Moody is banned
|rule|Evasion Moves Clause: Evasion moves are banned
|rule|Endless Battle Clause: Forcing endless battles is banned
|rule|HP Percentage Mod: HP is shown in percentages
|clearpoke
|poke|p1|Chandelure, M
|poke|p1|Darmanitan, F
|poke|p1|Salamence, M
|poke|p1|Blastoise, M
|poke|p1|Nidoqueen, F
|poke|p1|Klefki, M
|poke|p2|Altaria, M
|poke|p2|Crobat, F
|poke|p2|Chandelure, M
|poke|p2|Krookodile, F
|poke|p2|Bronzong
|poke|p2|Vaporeon, M
|rule|Swagger Clause: Swagger is banned
|rule|Baton Pass Clause: Limit one PokÃ©mon knowing Baton Pass
|teampreview
|c|âklos|glhf
|c|âprobs wont work|yt
|
|start
|switch|p1a: Blastoise|Blastoise, M|362\/362
|switch|p2a: Chandelure|Chandelure, M|261\/261
|turn|1
|
|switch|p2a: Vaporeon|Vaporeon, M|449\/449
|detailschange|p1a: Blastoise|Blastoise-Mega, M
|message|Blastoise has Mega Evolved into Mega Blastoise!
|move|p1a: Blastoise|Hydro Pump|p2a: Vaporeon
|-immune|p2a: Vaporeon|[msg]
|
|turn|2
|
|move|p1a: Blastoise|Dragon Pulse|p2a: Vaporeon
|-damage|p2a: Vaporeon|285\/449
|move|p2a: Vaporeon|Scald|p1a: Blastoise
|-crit|p1a: Blastoise
|-resisted|p1a: Blastoise
|-damage|p1a: Blastoise|292\/362
|
|-heal|p2a: Vaporeon|313\/449|[from] item: Leftovers
|turn|3
|
|move|p2a: Vaporeon|Protect|p2a: Vaporeon
|-singleturn|p2a: Vaporeon|Protect
|move|p1a: Blastoise|Dragon Pulse|p2a: Vaporeon
|-activate|p2a: Vaporeon|Protect
|
|-heal|p2a: Vaporeon|341\/449|[from] item: Leftovers
|turn|4
|
|move|p1a: Blastoise|Dragon Pulse|p2a: Vaporeon
|-damage|p2a: Vaporeon|182\/449
|move|p2a: Vaporeon|Scald|p1a: Blastoise
|-resisted|p1a: Blastoise
|-damage|p1a: Blastoise|247\/362
|
|-heal|p2a: Vaporeon|210\/449|[from] item: Leftovers
|turn|5
|
|move|p1a: Blastoise|Dragon Pulse|p2a: Vaporeon
|-damage|p2a: Vaporeon|63\/449
|move|p2a: Vaporeon|Wish|p2a: Vaporeon
|
|-heal|p2a: Vaporeon|91\/449|[from] item: Leftovers
|turn|6
|
|move|p2a: Vaporeon|Protect|p2a: Vaporeon
|-singleturn|p2a: Vaporeon|Protect
|move|p1a: Blastoise|Roar|p2a: Vaporeon
|drag|p2a: Bronzong|Bronzong|337\/337
|
|turn|7
|
|move|p1a: Blastoise|Dragon Pulse|p2a: Bronzong
|-resisted|p2a: Bronzong
|-damage|p2a: Bronzong|273\/337
|move|p2a: Bronzong|Toxic|p1a: Blastoise
|-status|p1a: Blastoise|tox
|
|-heal|p2a: Bronzong|294\/337|[from] item: Leftovers
|-damage|p1a: Blastoise|225\/362 tox|[from] psn
|turn|8
|
|move|p1a: Blastoise|Hydro Pump|p2a: Bronzong
|-damage|p2a: Bronzong|143\/337
|move|p2a: Bronzong|Stealth Rock|p1a: Blastoise
|-sidestart|p1: probs wont work|move: Stealth Rock
|
|-heal|p2a: Bronzong|164\/337|[from] item: Leftovers
|-damage|p1a: Blastoise|181\/362 tox|[from] psn
|turn|9
|
|switch|p2a: Vaporeon|Vaporeon, M|91\/449
|move|p1a: Blastoise|Rapid Spin|p2a: Vaporeon
|-damage|p2a: Vaporeon|76\/449
|-sideend|p1: probs wont work|Stealth Rock|[from] move: Rapid Spin|[of] p1a: Blastoise
|
|-heal|p2a: Vaporeon|104\/449|[from] item: Leftovers
|-damage|p1a: Blastoise|115\/362 tox|[from] psn
|turn|10
|
|move|p2a: Vaporeon|Protect|p2a: Vaporeon
|-singleturn|p2a: Vaporeon|Protect
|move|p1a: Blastoise|Dragon Pulse|p2a: Vaporeon
|-activate|p2a: Vaporeon|Protect
|
|-heal|p2a: Vaporeon|132\/449|[from] item: Leftovers
|-damage|p1a: Blastoise|27\/362 tox|[from] psn
|turn|11
|
|switch|p2a: Bronzong|Bronzong|164\/337
|move|p1a: Blastoise|Dragon Pulse|p2a: Bronzong
|-resisted|p2a: Bronzong
|-damage|p2a: Bronzong|100\/337
|
|-heal|p2a: Bronzong|121\/337|[from] item: Leftovers
|-damage|p1a: Blastoise|0 fnt|[from] psn
|faint|p1a: Blastoise
|
|switch|p1a: Darmanitan|Darmanitan, F|351\/351
|turn|12
|
|move|p1a: Darmanitan|Flare Blitz|p2a: Bronzong
|-supereffective|p2a: Bronzong
|-damage|p2a: Bronzong|0 fnt
|-damage|p1a: Darmanitan|311\/351|[from] recoil|[of] p2a: Bronzong
|faint|p2a: Bronzong
|
|
|switch|p2a: Chandelure|Chandelure, M|261\/261
|turn|13
|
|move|p1a: Darmanitan|Protect|p1a: Darmanitan
|-singleturn|p1a: Darmanitan|Protect
|move|p2a: Chandelure|Trick|p1a: Darmanitan
|-activate|p1a: Darmanitan|Protect
|
|turn|14
|
|switch|p1a: Salamence|Salamence, M|331\/331
|move|p2a: Chandelure|Trick|p1a: Salamence
|-activate|p2a: Chandelure|move: Trick|[of] p1a: Salamence
|-item|p1a: Salamence|Choice Scarf|[from] move: Trick
|-item|p2a: Chandelure|Choice Scarf|[from] move: Trick
|
|turn|15
|c|âklos|oh riiite
|c|âklos|zen mode darm dont
|
|move|p1a: Salamence|Dragon Claw|p2a: Chandelure
|-damage|p2a: Chandelure|111\/261
|move|p2a: Chandelure|Shadow Ball|p1a: Salamence
|-damage|p1a: Salamence|147\/331
|
|turn|16
|
|switch|p2a: Krookodile|Krookodile, F|394\/394
|-ability|p2a: Krookodile|Intimidate|[of] p1a: Salamence
|-unboost|p1a: Salamence|atk|1
|move|p1a: Salamence|Dragon Claw|p2a: Krookodile
|-damage|p2a: Krookodile|271\/394
|
|turn|17
|
|move|p2a: Krookodile|Pursuit|p1a: Salamence|[from]Pursuit
|-damage|p1a: Salamence|0 fnt
|faint|p1a: Salamence
|
|
|switch|p1a: Klefki|Klefki, M|318\/318
|turn|18
|
|move|p1a: Klefki|Reflect|p1a: Klefki
|-sidestart|p1: probs wont work|Reflect
|move|p2a: Krookodile|Knock Off|p1a: Klefki
|-resisted|p1a: Klefki
|-damage|p1a: Klefki|275\/318
|-enditem|p1a: Klefki|Light Clay|[from] move: Knock Off|[of] p2a: Krookodile
|
|turn|19
|
|switch|p2a: Chandelure|Chandelure, M|111\/261
|move|p1a: Klefki|Spikes|p2a: Chandelure
|-sidestart|p2: klos|Spikes
|
|turn|20
|
|move|p1a: Klefki|Light Screen|p1a: Klefki
|-sidestart|p1: probs wont work|move: Light Screen
|move|p2a: Chandelure|Trick|p1a: Klefki
|-activate|p2a: Chandelure|move: Trick|[of] p1a: Klefki
|-item|p1a: Klefki|Choice Scarf|[from] move: Trick
|
|turn|21
|
|move|p1a: Klefki|Thunder Wave|p2a: Chandelure
|-status|p2a: Chandelure|par
|move|p2a: Chandelure|Fire Blast|p1a: Klefki|[miss]
|-miss|p2a: Chandelure|p1a: Klefki
|
|turn|22
|
|switch|p1a: Darmanitan|Darmanitan, F|311\/351
|switch|p2a: Krookodile|Krookodile, F|271\/394
|-damage|p2a: Krookodile|222\/394|[from] Spikes
|-ability|p2a: Krookodile|Intimidate|[of] p1a: Darmanitan
|-unboost|p1a: Darmanitan|atk|1
|
|turn|23
|
|move|p1a: Darmanitan|Flare Blitz|p2a: Krookodile
|-damage|p2a: Krookodile|0 fnt
|-damage|p1a: Darmanitan|238\/351|[from] recoil|[of] p2a: Krookodile
|faint|p2a: Krookodile
|
|
|switch|p2a: Crobat|Crobat, F|373\/373
|turn|24
|
|move|p2a: Crobat|Defog|p1a: Darmanitan
|-unboost|p1a: Darmanitan|evasion|1
|-sideend|p1: probs wont work|Reflect
|-sideend|p1: probs wont work|Reflect|[from] move: Defog|[of] p1a: Darmanitan
|-sideend|p1: probs wont work|move: Light Screen
|-sideend|p1: probs wont work|Light Screen|[from] move: Defog|[of] p1a: Darmanitan
|-sideend|p2: klos|Spikes|[from] move: Defog|[of] p2a: Crobat
|move|p1a: Darmanitan|Flare Blitz|p2a: Crobat
|-damage|p2a: Crobat|79\/373
|-damage|p1a: Darmanitan|141\/351|[from] recoil|[of] p2a: Crobat
|
|-heal|p2a: Crobat|102\/373|[from] item: Black Sludge
|turn|25
|
|switch|p1a: Klefki|Klefki, M|275\/318
|move|p2a: Crobat|Brave Bird|p1a: Klefki
|-resisted|p1a: Klefki
|-damage|p1a: Klefki|225\/318
|-damage|p2a: Crobat|85\/373|[from] recoil|[of] p1a: Klefki
|
|-heal|p2a: Crobat|108\/373|[from] item: Black Sludge
|turn|26
|
|switch|p1a: Nidoqueen|Nidoqueen, F|384\/384
|move|p2a: Crobat|Roost|p2a: Crobat
|-heal|p2a: Crobat|295\/373
|
|-heal|p2a: Crobat|318\/373|[from] item: Black Sludge
|turn|27
|
|switch|p1a: Klefki|Klefki, M|225\/318
|move|p2a: Crobat|Brave Bird|p1a: Klefki
|-resisted|p1a: Klefki
|-damage|p1a: Klefki|172\/318
|-damage|p2a: Crobat|301\/373|[from] recoil|[of] p1a: Klefki
|
|-heal|p2a: Crobat|324\/373|[from] item: Black Sludge
|turn|28
|
|switch|p2a: Chandelure|Chandelure, M|111\/261 par
|move|p1a: Klefki|Thunder Wave|p2a: Chandelure
|-fail|p2a: Chandelure|par
|
|turn|29
|
|switch|p1a: Darmanitan|Darmanitan, F|141\/351
|move|p2a: Chandelure|Shadow Ball|p1a: Darmanitan
|-damage|p1a: Darmanitan|0 fnt
|faint|p1a: Darmanitan
|
|
|switch|p1a: Chandelure|Chandelure, M|261\/261
|turn|30
|
|move|p1a: Chandelure|Shadow Ball|p2a: Chandelure
|-supereffective|p2a: Chandelure
|-damage|p2a: Chandelure|0 fnt
|-damage|p1a: Chandelure|235\/261|[from] item: Life Orb
|faint|p2a: Chandelure
|
|
|switch|p2a: Altaria|Altaria, M|292\/292
|turn|31
|
|switch|p1a: Klefki|Klefki, M|172\/318
|detailschange|p2a: Altaria|Altaria-Mega, M
|message|Altaria has Mega Evolved into Mega Altaria!
|move|p2a: Altaria|Earthquake|p1a: Klefki
|-crit|p1a: Klefki
|-supereffective|p1a: Klefki
|-damage|p1a: Klefki|0 fnt
|faint|p1a: Klefki
|
|c|âprobs wont work|fuck
|
|switch|p1a: Nidoqueen|Nidoqueen, F|384\/384
|turn|32
|
|switch|p2a: Vaporeon|Vaporeon, M|132\/449
|move|p1a: Nidoqueen|Sludge Wave|p2a: Vaporeon
|-damage|p2a: Vaporeon|0 fnt
|faint|p2a: Vaporeon
|
|
|switch|p2a: Crobat|Crobat, F|324\/373
|turn|33
|
|move|p2a: Crobat|Brave Bird|p1a: Nidoqueen
|-damage|p1a: Nidoqueen|231\/384
|-damage|p2a: Crobat|274\/373|[from] recoil|[of] p1a: Nidoqueen
|move|p1a: Nidoqueen|Stealth Rock|p2a: Crobat
|-sidestart|p2: klos|move: Stealth Rock
|
|-heal|p2a: Crobat|297\/373|[from] item: Black Sludge
|turn|34
|
|move|p2a: Crobat|Brave Bird|p1a: Nidoqueen
|-damage|p1a: Nidoqueen|78\/384
|-damage|p2a: Crobat|247\/373|[from] recoil|[of] p1a: Nidoqueen
|move|p1a: Nidoqueen|Sludge Wave|p2a: Crobat
|-resisted|p2a: Crobat
|-damage|p2a: Crobat|111\/373
|
|-heal|p2a: Crobat|134\/373|[from] item: Black Sludge
|turn|35
|
|move|p2a: Crobat|Brave Bird|p1a: Nidoqueen
|-damage|p1a: Nidoqueen|0 fnt
|-damage|p2a: Crobat|108\/373|[from] recoil|[of] p1a: Nidoqueen
|faint|p1a: Nidoqueen
|
|-heal|p2a: Crobat|131\/373|[from] item: Black Sludge
|
|switch|p1a: Chandelure|Chandelure, M|235\/261
|turn|36
|
|move|p2a: Crobat|Brave Bird|p1a: Chandelure
|-damage|p1a: Chandelure|70\/261
|-damage|p2a: Crobat|77\/373|[from] recoil|[of] p1a: Chandelure
|move|p1a: Chandelure|Shadow Ball|p2a: Crobat
|-damage|p2a: Crobat|0 fnt
|-damage|p1a: Chandelure|44\/261|[from] item: Life Orb
|faint|p2a: Crobat
|
|
|switch|p2a: Altaria|Altaria-Mega, M|292\/292
|-damage|p2a: Altaria|256\/292|[from] Stealth Rock
|turn|37
|c|âklos|gg
|c|âprobs wont work|fuk need ice beam back
|
|move|p1a: Chandelure|Shadow Ball|p2a: Altaria
|-damage|p2a: Altaria|45\/292
|-damage|p1a: Chandelure|18\/261|[from] item: Life Orb
|move|p2a: Altaria|Earthquake|p1a: Chandelure
|-supereffective|p1a: Chandelure
|-damage|p1a: Chandelure|0 fnt
|faint|p1a: Chandelure
|
|win|klos
|raw|Ladder updating...
|c|âprobs wont work|fuck
|leave|probs wont work
|player|p1
|raw|probs wont work's rating: 1374 &rarr; <strong>1357<\/strong><br \/>(-17 for losing)
|raw|klos's rating: 1429 &rarr; <strong>1446<\/strong><br \/>(+17 for winning)