|join|Akkuseru
|join|klos
|player|p1|Akkuseru|251
|player|p2|klos|249
|gametype|singles
|gen|6
|tier|UU
|rated
|rule|Sleep Clause Mod: Limit one foe put to sleep
|rule|Species Clause: Limit one of each PokÃ©mon
|rule|OHKO Clause: OHKO moves are banned
|rule|Moody Clause: Moody is banned
|rule|Evasion Moves Clause: Evasion moves are banned
|rule|Endless Battle Clause: Forcing endless battles is banned
|rule|HP Percentage Mod: HP is shown in percentages
|clearpoke
|poke|p1|Espeon, F
|poke|p1|Beedrill, M
|poke|p1|Roserade, F
|poke|p1|Lanturn, M
|poke|p1|Diancie
|poke|p1|Haxorus, M
|poke|p2|Altaria, F
|poke|p2|Crobat, M
|poke|p2|Chandelure, M
|poke|p2|Krookodile, M
|poke|p2|Bronzong
|poke|p2|Vaporeon, F
|rule|Swagger Clause: Swagger is banned
|rule|Baton Pass Clause: Limit one PokÃ©mon knowing Baton Pass
|teampreview
|c|âklos|glhf
|c|âAkkuseru|you too!
|
|start
|switch|p1a: Adler|Lanturn, M|450\/450
|switch|p2a: Caetano|Bronzong|337\/337
|turn|1
|
|move|p1a: Adler|Volt Switch|p2a: Caetano
|-damage|p2a: Caetano|282\/337
|
|switch|p1a: Mirna|Espeon, F|300\/300
|move|p2a: Caetano|Stealth Rock|p1a: Mirna
|move|p1a: Mirna|Stealth Rock|p2a: Caetano|[from]Magic Bounce
|-sidestart|p2: klos|move: Stealth Rock
|
|-heal|p2a: Caetano|303\/337|[from] item: Leftovers
|turn|2
|c|âklos|oh u
|
|move|p1a: Mirna|Trick|p2a: Caetano
|-activate|p1a: Mirna|move: Trick|[of] p2a: Caetano
|-item|p2a: Caetano|Choice Scarf|[from] move: Trick
|-item|p1a: Mirna|Leftovers|[from] move: Trick
|move|p2a: Caetano|Gyro Ball|p1a: Mirna
|-damage|p1a: Mirna|147\/300
|
|-heal|p1a: Mirna|165\/300|[from] item: Leftovers
|turn|3
|join|kingvic2000
|leave|kingvic2000
|c|âAkkuseru|have we battled before? sorry, my memory is not the greatest
|
|switch|p1a: Adler|Lanturn, M|450\/450
|move|p2a: Caetano|Gyro Ball|p1a: Adler
|-resisted|p1a: Adler
|-damage|p1a: Adler|439\/450
|
|-heal|p1a: Adler|450\/450|[from] item: Leftovers
|turn|4
|c|âklos|i dont think so
|
|switch|p2a: Rita Lee|Vaporeon, F|449\/449
|-damage|p2a: Rita Lee|393\/449|[from] Stealth Rock
|move|p1a: Adler|Scald|p2a: Rita Lee
|-heal|p2a: Rita Lee|449\/449|[from] ability: Water Absorb|[of] p1a: Adler
|
|turn|5
|c|âAkkuseru|perai... BR? xD
|c|âklos|sim
|
|move|p1a: Adler|Volt Switch|p2a: Rita Lee
|-supereffective|p2a: Rita Lee
|-damage|p2a: Rita Lee|317\/449
|
|switch|p1a: Iris|Roserade, F|261\/261
|move|p2a: Rita Lee|Baton Pass|p2a: Rita Lee
|
|switch|p2a: Gil|Krookodile, M|331\/331
|-damage|p2a: Gil|311\/331|[from] Stealth Rock
|-ability|p2a: Gil|Intimidate|[of] p1a: Iris
|-unboost|p1a: Iris|atk|1
|
|turn|6
|
|move|p2a: Gil|Earthquake|p1a: Iris
|-damage|p1a: Iris|17\/261
|move|p1a: Iris|Giga Drain|p2a: Gil
|-supereffective|p2a: Gil
|-damage|p2a: Gil|0 fnt
|-heal|p1a: Iris|173\/261|[from] drain|[of] p2a: Gil
|faint|p2a: Gil
|
|-heal|p1a: Iris|189\/261|[from] item: Leftovers
|c|âklos|que raiva
|c|âAkkuseru|foi mal =P nÃ£o achei que ela ia segurar o Earthquake
|c|âklos|nao deveria
|c|âklos|mas eu uso dread plate
|c|âklos|aÃ­ o eq Ã© sÃ³ de stab, nao Ã© forte o bastante
|
|switch|p2a: Jorge Ben|Chandelure, M|261\/261
|-damage|p2a: Jorge Ben|196\/261|[from] Stealth Rock
|turn|7
|c|âAkkuseru|saquei... ainda assim quase levou
|
|switch|p1a: Calyssa|Diancie|241\/241
|move|p2a: Jorge Ben|Shadow Ball|p1a: Calyssa
|-damage|p1a: Calyssa|151\/241
|
|turn|8
|
|switch|p2a: Rita Lee|Vaporeon, F|317\/449
|-damage|p2a: Rita Lee|261\/449|[from] Stealth Rock
|move|p1a: Calyssa|Light Screen|p1a: Calyssa
|-sidestart|p1: Akkuseru|move: Light Screen
|
|-heal|p2a: Rita Lee|289\/449|[from] item: Leftovers
|turn|9
|
|move|p2a: Rita Lee|Wish|p2a: Rita Lee
|move|p1a: Calyssa|Diamond Storm|p2a: Rita Lee
|-damage|p2a: Rita Lee|181\/449
|-boost|p1a: Calyssa|def|1
|
|-heal|p2a: Rita Lee|209\/449|[from] item: Leftovers
|turn|10
|
|move|p2a: Rita Lee|Scald|p1a: Calyssa
|-supereffective|p1a: Calyssa
|-damage|p1a: Calyssa|91\/241
|-status|p1a: Calyssa|brn
|move|p1a: Calyssa|Reflect|p1a: Calyssa
|-sidestart|p1: Akkuseru|Reflect
|
|-heal|p2a: Rita Lee|433\/449|[from] move: Wish|[wisher] Rita Lee
|-heal|p2a: Rita Lee|449\/449|[from] item: Leftovers
|-damage|p1a: Calyssa|61\/241 brn|[from] brn
|turn|11
|
|switch|p1a: Adler|Lanturn, M|450\/450
|move|p2a: Rita Lee|Protect|p2a: Rita Lee
|-fail|p2a: Rita Lee
|
|turn|12
|
|move|p2a: Rita Lee|Protect|p2a: Rita Lee
|-singleturn|p2a: Rita Lee|Protect
|move|p1a: Adler|Heal Bell|p1a: Adler
|-cureteam|p1a: Adler|[from] move: HealBell
|
|turn|13
|
|move|p1a: Adler|Volt Switch|p2a: Rita Lee
|-crit|p2a: Rita Lee
|-supereffective|p2a: Rita Lee
|-damage|p2a: Rita Lee|269\/449
|c|âklos|pq as pessoas estao usando lanturns
|
|switch|p1a: Vero|Beedrill, M|271\/271
|move|p2a: Rita Lee|Scald|p1a: Vero
|-damage|p1a: Vero|214\/271
|-status|p1a: Vero|brn
|
|-heal|p2a: Rita Lee|297\/449|[from] item: Leftovers
|-damage|p1a: Vero|181\/271 brn|[from] brn
|turn|14
|c|âAkkuseru|eu nÃ£o sei, soh vi um alÃ©m do meu
|c|âAkkuseru|sempre gostei, mas nunca tentei usar mesmo
|c|âklos|vaporeon muito op
|
|detailschange|p1a: Vero|Beedrill-Mega, M
|message|Beedrill has Mega Evolved into Mega Beedrill!
|move|p2a: Rita Lee|Protect|p2a: Rita Lee
|-singleturn|p2a: Rita Lee|Protect
|move|p1a: Vero|U-turn|p2a: Rita Lee
|-activate|p2a: Rita Lee|Protect
|
|-heal|p2a: Rita Lee|325\/449|[from] item: Leftovers
|-damage|p1a: Vero|148\/271 brn|[from] brn
|turn|15
|c|âAkkuseru|sim xD
|
|move|p1a: Vero|U-turn|p2a: Rita Lee
|-damage|p2a: Rita Lee|215\/449
|
|switch|p1a: Adler|Lanturn, M|450\/450
|move|p2a: Rita Lee|Wish|p2a: Rita Lee
|
|-heal|p2a: Rita Lee|243\/449|[from] item: Leftovers
|-sideend|p1: Akkuseru|move: Light Screen
|turn|16
|
|move|p1a: Adler|Heal Bell|p1a: Adler
|-cureteam|p1a: Adler|[from] move: HealBell
|move|p2a: Rita Lee|Scald|p1a: Adler
|-resisted|p1a: Adler
|-damage|p1a: Adler|391\/450
|-status|p1a: Adler|brn
|
|-heal|p2a: Rita Lee|449\/449|[from] move: Wish|[wisher] Rita Lee
|-heal|p1a: Adler|419\/450 brn|[from] item: Leftovers
|-damage|p1a: Adler|363\/450 brn|[from] brn
|turn|17
|
|switch|p2a: Jorge Ben|Chandelure, M|196\/261
|-damage|p2a: Jorge Ben|131\/261|[from] Stealth Rock
|move|p1a: Adler|Thunder Wave|p2a: Jorge Ben
|-status|p2a: Jorge Ben|par
|
|-heal|p1a: Adler|391\/450 brn|[from] item: Leftovers
|-damage|p1a: Adler|335\/450 brn|[from] brn
|-sideend|p1: Akkuseru|Reflect
|turn|18
|
|move|p1a: Adler|Scald|p2a: Jorge Ben
|-supereffective|p2a: Jorge Ben
|-damage|p2a: Jorge Ben|0 fnt
|faint|p2a: Jorge Ben
|
|-heal|p1a: Adler|363\/450 brn|[from] item: Leftovers
|-damage|p1a: Adler|307\/450 brn|[from] brn
|
|switch|p2a: Gal|Altaria, F|292\/292
|-damage|p2a: Gal|219\/292|[from] Stealth Rock
|turn|19
|
|detailschange|p2a: Gal|Altaria-Mega, F
|message|Altaria has Mega Evolved into Mega Altaria!
|move|p2a: Gal|Dragon Dance|p2a: Gal
|-boost|p2a: Gal|atk|1
|-boost|p2a: Gal|spe|1
|move|p1a: Adler|Thunder Wave|p2a: Gal
|-status|p2a: Gal|par
|
|-heal|p1a: Adler|335\/450 brn|[from] item: Leftovers
|-damage|p1a: Adler|279\/450 brn|[from] brn
|turn|20
|
|move|p1a: Adler|Volt Switch|p2a: Gal
|-resisted|p2a: Gal
|-damage|p2a: Gal|186\/292 par
|
|switch|p1a: Calyssa|Diancie|61\/241
|move|p2a: Gal|Dragon Dance|p2a: Gal
|-boost|p2a: Gal|atk|1
|-boost|p2a: Gal|spe|1
|
|turn|21
|
|cant|p2a: Gal|par
|move|p1a: Calyssa|Reflect|p1a: Calyssa
|-sidestart|p1: Akkuseru|Reflect
|
|turn|22
|
|move|p2a: Gal|Earthquake|p1a: Calyssa
|-supereffective|p1a: Calyssa
|-damage|p1a: Calyssa|0 fnt
|faint|p1a: Calyssa
|
|
|switch|p1a: Vero|Beedrill-Mega, M|148\/271
|turn|23
|c|âklos|usa klefki pra screener
|c|âklos|ele ta sendo testado
|c|âklos|Ã© bem melhor
|
|move|p1a: Vero|Poison Jab|p2a: Gal
|-supereffective|p2a: Gal
|-damage|p2a: Gal|0 fnt
|faint|p2a: Gal
|
|
|switch|p2a: Joao Gilberto|Crobat, M|373\/373
|-damage|p2a: Joao Gilberto|280\/373|[from] Stealth Rock
|turn|24
|c|âAkkuseru|parece melhor mesmo, mas nÃ£o gosto do Klefki xD
|c|âklos|prankster >
|c|âAkkuseru|prefiro catar uns pokemons que eu gosto e ver como consigo usar eles
|
|switch|p1a: Adler|Lanturn, M|279\/450 brn
|move|p2a: Joao Gilberto|Brave Bird|p1a: Adler
|-resisted|p1a: Adler
|-damage|p1a: Adler|215\/450 brn
|-damage|p2a: Joao Gilberto|259\/373|[from] recoil|[of] p1a: Adler
|
|-heal|p2a: Joao Gilberto|282\/373|[from] item: Black Sludge
|-heal|p1a: Adler|243\/450 brn|[from] item: Leftovers
|-damage|p1a: Adler|187\/450 brn|[from] brn
|turn|25
|c|âklos|pode cre
|c|âklos|toma cuidado com o krook entao
|c|âAkkuseru|sim, sim... quando tem scarf e moxie, leva meu time todo xD
|c|âAkkuseru|nÃ£o tem anda que aguente Earthquake direito aqui
|c|âklos|exato
|
|move|p2a: Joao Gilberto|Brave Bird|p1a: Adler
|-resisted|p1a: Adler
|-damage|p1a: Adler|112\/450 brn
|-damage|p2a: Joao Gilberto|257\/373|[from] recoil|[of] p1a: Adler
|move|p1a: Adler|Thunder Wave|p2a: Joao Gilberto
|-status|p2a: Joao Gilberto|par
|
|-heal|p1a: Adler|140\/450 brn|[from] item: Leftovers
|-heal|p2a: Joao Gilberto|280\/373 par|[from] item: Black Sludge
|-damage|p1a: Adler|84\/450 brn|[from] brn
|turn|26
|c|âklos|gg
|c|âklos|to sem heal bell
|-message|klos forfeited.
|
|win|Akkuseru
|raw|Ladder updating...
|leave|klos
|player|p2
|raw|Akkuseru's rating: 1312 &rarr; <strong>1337<\/strong><br \/>(+25 for winning)
|raw|klos's rating: 1404 &rarr; <strong>1378<\/strong><br \/>(-26 for losing)