|join|klos
|join|Reddron
|player|p1|klos|249
|player|p2|Reddron|23
|gametype|singles
|gen|6
|tier|UU
|rated
|rule|Sleep Clause Mod: Limit one foe put to sleep
|rule|Species Clause: Limit one of each PokÃ©mon
|rule|OHKO Clause: OHKO moves are banned
|rule|Moody Clause: Moody is banned
|rule|Evasion Moves Clause: Evasion moves are banned
|rule|Endless Battle Clause: Forcing endless battles is banned
|rule|HP Percentage Mod: HP is shown in percentages
|clearpoke
|poke|p1|Altaria, M
|poke|p1|Crobat, M
|poke|p1|Chandelure, M
|poke|p1|Krookodile, M
|poke|p1|Bronzong
|poke|p1|Vaporeon, M
|poke|p2|Arcanine, M
|poke|p2|Florges, F
|poke|p2|Machamp, M
|poke|p2|Galvantula, M
|poke|p2|Krookodile, M
|poke|p2|Trevenant, M
|rule|Swagger Clause: Swagger is banned
|rule|Baton Pass Clause: Limit one PokÃ©mon knowing Baton Pass
|teampreview
|c|âklos|glhf
|c|âReddron|u2
|
|start
|switch|p1a: Bronzong|Bronzong|337\/337
|switch|p2a: Krookodile|Krookodile, M|332\/332
|turn|1
|join|Crowus
|
|move|p2a: Krookodile|Knock Off|p1a: Bronzong
|-supereffective|p1a: Bronzong
|-damage|p1a: Bronzong|65\/337
|-enditem|p1a: Bronzong|Leftovers|[from] move: Knock Off|[of] p2a: Krookodile
|move|p1a: Bronzong|Stealth Rock|p2a: Krookodile
|-sidestart|p2: Reddron|move: Stealth Rock
|
|turn|2
|
|switch|p1a: Krookodile|Krookodile, M|394\/394
|-ability|p1a: Krookodile|Intimidate|[of] p2a: Krookodile
|-unboost|p2a: Krookodile|atk|1
|move|p2a: Krookodile|Knock Off|p1a: Krookodile
|-resisted|p1a: Krookodile
|-damage|p1a: Krookodile|325\/394
|-enditem|p1a: Krookodile|Dread Plate|[from] move: Knock Off|[of] p2a: Krookodile
|
|turn|3
|
|switch|p2a: Machamp|Machamp, M|356\/356
|-damage|p2a: Machamp|334\/356|[from] Stealth Rock
|move|p1a: Krookodile|Knock Off|p2a: Machamp
|-resisted|p2a: Machamp
|-damage|p2a: Machamp|226\/356
|-enditem|p2a: Machamp|Assault Vest|[from] move: Knock Off|[of] p1a: Krookodile
|
|turn|4
|
|switch|p1a: Crobat|Crobat, M|373\/373
|move|p2a: Machamp|Earthquake|p1a: Crobat
|-immune|p1a: Crobat|[msg]
|
|turn|5
|
|move|p1a: Crobat|Brave Bird|p2a: Machamp
|-supereffective|p2a: Machamp
|-damage|p2a: Machamp|0 fnt
|-damage|p1a: Crobat|298\/373|[from] recoil|[of] p2a: Machamp
|faint|p2a: Machamp
|
|-heal|p1a: Crobat|321\/373|[from] item: Black Sludge
|
|switch|p2a: Krookodile|Krookodile, M|332\/332
|-damage|p2a: Krookodile|312\/332|[from] Stealth Rock
|turn|6
|
|switch|p1a: Krookodile|Krookodile, M|325\/394
|-ability|p1a: Krookodile|Intimidate|[of] p2a: Krookodile
|-unboost|p2a: Krookodile|atk|1
|switch|p2a: Trevenant|Trevenant, M|374\/374
|-damage|p2a: Trevenant|328\/374|[from] Stealth Rock
|
|turn|7
|
|move|p1a: Krookodile|Knock Off|p2a: Trevenant
|-supereffective|p2a: Trevenant
|-damage|p2a: Trevenant|28\/374
|-enditem|p2a: Trevenant|Sitrus Berry|[from] move: Knock Off|[of] p1a: Krookodile
|move|p2a: Trevenant|Will-O-Wisp|p1a: Krookodile
|-status|p1a: Krookodile|brn
|
|-damage|p1a: Krookodile|276\/394 brn|[from] brn
|turn|8
|
|move|p1a: Krookodile|Knock Off|p2a: Trevenant
|-supereffective|p2a: Trevenant
|-damage|p2a: Trevenant|0 fnt
|faint|p2a: Trevenant
|
|-damage|p1a: Krookodile|227\/394 brn|[from] brn
|
|switch|p2a: Krookodile|Krookodile, M|312\/332
|-damage|p2a: Krookodile|292\/332|[from] Stealth Rock
|turn|9
|
|switch|p1a: Bronzong|Bronzong|65\/337
|move|p2a: Krookodile|Earthquake|p1a: Bronzong
|-immune|p1a: Bronzong|[msg]
|
|turn|10
|
|move|p2a: Krookodile|Knock Off|p1a: Bronzong
|-supereffective|p1a: Bronzong
|-damage|p1a: Bronzong|0 fnt
|faint|p1a: Bronzong
|-boost|p2a: Krookodile|atk|1|[from] ability: Moxie
|
|c| Crowus|those predicts
|c|âklos|haha ikr
|c|âklos|im on those days
|
|switch|p1a: Altaria|Altaria, M|292\/292
|turn|11
|
|move|p2a: Krookodile|Earthquake|p1a: Altaria
|-immune|p1a: Altaria|[msg]
|move|p1a: Altaria|Dragon Dance|p1a: Altaria
|-boost|p1a: Altaria|atk|1
|-boost|p1a: Altaria|spe|1
|
|turn|12
|
|switch|p2a: Florges|Florges, F|360\/360
|-damage|p2a: Florges|315\/360|[from] Stealth Rock
|detailschange|p1a: Altaria|Altaria-Mega, M
|message|Altaria has Mega Evolved into Mega Altaria!
|move|p1a: Altaria|Return|p2a: Florges
|-damage|p2a: Florges|0 fnt
|faint|p2a: Florges
|
|
|switch|p2a: Arcanine|Arcanine, M|380\/380
|-damage|p2a: Arcanine|285\/380|[from] Stealth Rock
|-ability|p2a: Arcanine|Intimidate|[of] p1a: Altaria
|-unboost|p1a: Altaria|atk|1
|turn|13
|c| Crowus|jesus
|
|move|p2a: Arcanine|Extreme Speed|p1a: Altaria
|-damage|p1a: Altaria|191\/292
|move|p1a: Altaria|Earthquake|p2a: Arcanine
|-supereffective|p2a: Arcanine
|-damage|p2a: Arcanine|43\/380
|
|turn|14
|
|move|p2a: Arcanine|Extreme Speed|p1a: Altaria
|-damage|p1a: Altaria|94\/292
|move|p1a: Altaria|Earthquake|p2a: Arcanine
|-supereffective|p2a: Arcanine
|-damage|p2a: Arcanine|0 fnt
|faint|p2a: Arcanine
|
|
|switch|p2a: Krookodile|Krookodile, M|292\/332
|-damage|p2a: Krookodile|272\/332|[from] Stealth Rock
|turn|15
|
|move|p1a: Altaria|Return|p2a: Krookodile
|-supereffective|p2a: Krookodile
|-damage|p2a: Krookodile|0 fnt
|faint|p2a: Krookodile
|
|
|switch|p2a: Galvantula|Galvantula, M|282\/282
|-damage|p2a: Galvantula|212\/282|[from] Stealth Rock
|turn|16
|c|âklos|gg
|
|move|p1a: Altaria|Earthquake|p2a: Galvantula
|-crit|p2a: Galvantula
|-damage|p2a: Galvantula|0 fnt
|faint|p2a: Galvantula
|
|win|klos
|raw|Ladder updating...
|c|âReddron|gg
|c| Crowus|gg
|leave|Reddron
|player|p2
|raw|klos's rating: 1378 &rarr; <strong>1393<\/strong><br \/>(+15 for winning)
|raw|Reddron's rating: 1296 &rarr; <strong>1277<\/strong><br \/>(-19 for losing)
|leave|Crowus