|join|meowiekings
|join|klos
|player|p1|meowiekings|160
|player|p2|klos|249
|gametype|singles
|gen|6
|tier|UU
|rule|Sleep Clause Mod: Limit one foe put to sleep
|rule|Species Clause: Limit one of each PokÃ©mon
|rule|OHKO Clause: OHKO moves are banned
|rule|Moody Clause: Moody is banned
|rule|Evasion Moves Clause: Evasion moves are banned
|rule|Endless Battle Clause: Forcing endless battles is banned
|rule|HP Percentage Mod: HP is shown in percentages
|clearpoke
|poke|p1|Klefki, F
|poke|p1|Diancie
|poke|p1|Celebi
|poke|p1|Lanturn, M
|poke|p1|Cloyster, M
|poke|p1|Salamence, M
|poke|p2|Altaria, F
|poke|p2|Crobat, M
|poke|p2|Chandelure, M
|poke|p2|Krookodile, F
|poke|p2|Bronzong
|poke|p2|Vaporeon, M
|rule|Swagger Clause: Swagger is banned
|rule|Baton Pass Clause: Limit one PokÃ©mon knowing Baton Pass
|teampreview
|join|AFoolOfATook
|join|Kyla's Nightmare
|join|ANGER MANAGEMENT
|join|shhsdfgs
|join|HappyK
|join|PaulK618
|c|âklos|finals hype
|join|Can't Get Off Tilt
|
|start
|switch|p1a: Klefki|Klefki, F|318\/318
|switch|p2a: Bronzong|Bronzong|337\/337
|turn|1
|c| HappyK|hype over here
|
|move|p1a: Klefki|Reflect|p1a: Klefki
|-sidestart|p1: meowiekings|Reflect
|move|p2a: Bronzong|Stealth Rock|p1a: Klefki
|-sidestart|p1: meowiekings|move: Stealth Rock
|
|turn|2
|join|atrtr
|
|switch|p2a: Chandelure|Chandelure, M|261\/261
|move|p1a: Klefki|Light Screen|p1a: Klefki
|-sidestart|p1: meowiekings|move: Light Screen
|
|turn|3
|
|move|p1a: Klefki|Thunder Wave|p2a: Chandelure
|-status|p2a: Chandelure|par
|move|p2a: Chandelure|Trick|p1a: Klefki
|-activate|p2a: Chandelure|move: Trick|[of] p1a: Klefki
|-item|p1a: Klefki|Choice Scarf|[from] move: Trick
|-item|p2a: Chandelure|Light Clay|[from] move: Trick
|
|turn|4
|leave|atrtr
|join|Specs Cranidos
|join|DGChuck
|
|switch|p1a: Lanturn|Lanturn, M|454\/454
|-damage|p1a: Lanturn|398\/454|[from] Stealth Rock
|switch|p2a: Crobat|Crobat, M|373\/373
|
|turn|5
|
|move|p2a: Crobat|Defog|p1a: Lanturn
|-unboost|p1a: Lanturn|evasion|1
|-sideend|p1: meowiekings|Reflect
|-sideend|p1: meowiekings|Reflect|[from] move: Defog|[of] p1a: Lanturn
|-sideend|p1: meowiekings|move: Light Screen
|-sideend|p1: meowiekings|Light Screen|[from] move: Defog|[of] p1a: Lanturn
|-sideend|p1: meowiekings|Stealth Rock|[from] move: Defog|[of] p1a: Lanturn
|move|p1a: Lanturn|Hydro Pump|p2a: Crobat
|-damage|p2a: Crobat|81\/373
|
|-heal|p2a: Crobat|104\/373|[from] item: Black Sludge
|turn|6
|join|epic4eternity
|leave|AFoolOfATook
|
|move|p2a: Crobat|Roost|p2a: Crobat
|-heal|p2a: Crobat|291\/373
|move|p1a: Lanturn|Hydro Pump|p2a: Crobat
|-damage|p2a: Crobat|11\/373
|
|-heal|p2a: Crobat|34\/373|[from] item: Black Sludge
|turn|7
|join|So Dynamic
|
|move|p2a: Crobat|Roost|p2a: Crobat
|-heal|p2a: Crobat|221\/373
|move|p1a: Lanturn|Hydro Pump|p2a: Crobat
|-damage|p2a: Crobat|0 fnt
|faint|p2a: Crobat
|
|join|Mike Hunts
|c|âmeowiekings|??
|c| HappyK|die a fighter
|join|newblueshoe
|c| Mike Hunts|meowie r u in plug rn
|c| ANGER MANAGEMENT|banking on the miss
|
|switch|p2a: Altaria|Altaria, F|307\/307
|turn|8
|c|âmeowiekings|true
|c|âmeowiekings|but he could just u-turn
|c|âmeowiekings|to vap
|c|âklos|didnt realize it was locked
|c|âmeowiekings|im clearly specs
|c| HappyK|u-turn is for cowards
|c|âklos|lol
|c| ANGER MANAGEMENT|this is lanturn
|c|âklos|^
|c| ANGER MANAGEMENT|it never does that much damage otherwise
|c| ANGER MANAGEMENT|come one
|
|switch|p1a: Cloyster|Cloyster, M|241\/241
|detailschange|p2a: Altaria|Altaria-Mega, F
|message|Altaria has Mega Evolved into Mega Altaria!
|move|p2a: Altaria|Dragon Dance|p2a: Altaria
|-boost|p2a: Altaria|atk|1
|-boost|p2a: Altaria|spe|1
|
|turn|9
|c|âmeowiekings|lanturn is lord
|c| ANGER MANAGEMENT|on even
|c| Mike Hunts|meowie are you in plug
|join|Gazz
|c|âmeowiekings|not atm
|join|CrackurZz
|
|move|p2a: Altaria|Dragon Dance|p2a: Altaria
|-boost|p2a: Altaria|atk|1
|-boost|p2a: Altaria|spe|1
|move|p1a: Cloyster|Shell Smash|p1a: Cloyster
|-boost|p1a: Cloyster|atk|2
|-boost|p1a: Cloyster|spa|2
|-boost|p1a: Cloyster|spe|2
|-unboost|p1a: Cloyster|def|1
|-unboost|p1a: Cloyster|spd|1
|
|turn|10
|c|âmeowiekings|fk
|c| HappyK|ice shard ko im calling it
|c|âmeowiekings|i choked
|join|I3Magikarp
|
|move|p1a: Cloyster|Icicle Spear|p2a: Altaria
|-supereffective|p2a: Altaria
|-damage|p2a: Altaria|141\/307
|-supereffective|p2a: Altaria
|-damage|p2a: Altaria|0 fnt
|-hitcount|p2a: Altaria|2
|-damage|p1a: Cloyster|217\/241|[from] item: Life Orb
|faint|p2a: Altaria
|
|c| Mike Hunts|no sash meowie
|c|âmeowiekings|jk
|c| Mike Hunts|ooo
|c|âklos|ooo
|c|âmeowiekings|slow m alt
|leave|So Dynamic
|c|âklos|yea
|c| DGChuck|rekt
|c| HappyK|i called it
|c| ANGER MANAGEMENT|are you jolly?
|c|âklos|nope
|c|âklos|adamant
|c|âmeowiekings|ya
|c| ANGER MANAGEMENT|I meant cloy
|
|switch|p2a: Chandelure|Chandelure, M|261\/261 par
|turn|11
|c| ANGER MANAGEMENT|but ic
|
|move|p1a: Cloyster|Hydro Pump|p2a: Chandelure
|-supereffective|p2a: Chandelure
|-damage|p2a: Chandelure|0 fnt
|-damage|p1a: Cloyster|193\/241|[from] item: Life Orb
|faint|p2a: Chandelure
|
|c|âmeowiekings|well naive
|c|âmeowiekings|;]
|c| epic4eternity|you didn't call it happy k because he koed it with spear
|
|switch|p2a: Krookodile|Krookodile, F|394\/394
|-ability|p2a: Krookodile|Intimidate|[of] p1a: Cloyster
|-unboost|p1a: Cloyster|atk|1
|turn|12
|c| ANGER MANAGEMENT|well +see is needed because else
|
|move|p1a: Cloyster|Icicle Spear|p2a: Krookodile
|-supereffective|p2a: Krookodile
|-damage|p2a: Krookodile|222\/394
|-supereffective|p2a: Krookodile
|-damage|p2a: Krookodile|56\/394
|-supereffective|p2a: Krookodile
|-damage|p2a: Krookodile|0 fnt
|-hitcount|p2a: Krookodile|3
|-damage|p1a: Cloyster|169\/241|[from] item: Life Orb
|faint|p2a: Krookodile
|
|c| ANGER MANAGEMENT|mien outspeeds at +2
|c| ANGER MANAGEMENT|still
|c|âmeowiekings|you lose to drei and stuff
|c| DGChuck|why dont you go
|c| HappyK|thats what i meant, i istook the 2
|c| HappyK|i sear
|
|switch|p2a: Bronzong|Bronzong|337\/337
|turn|13
|c| DGChuck|into lord counter bronzong
|join|GoldDiggersby
|
|move|p1a: Cloyster|Hydro Pump|p2a: Bronzong
|-damage|p2a: Bronzong|126\/337
|-damage|p1a: Cloyster|145\/241|[from] item: Life Orb
|move|p2a: Bronzong|Gyro Ball|p1a: Cloyster
|-damage|p1a: Cloyster|0 fnt
|faint|p1a: Cloyster
|
|-heal|p2a: Bronzong|147\/337|[from] item: Leftovers
|c|âmeowiekings|cloyster the god
|join|Based Hanako
|c|âmeowiekings|tbh
|
|switch|p1a: Lanturn|Lanturn, M|398\/454
|turn|14
|c| Gazz|why the hell didn't you do that to begin with
|
|move|p1a: Lanturn|Thunderbolt|p2a: Bronzong
|-damage|p2a: Bronzong|11\/337
|move|p2a: Bronzong|Earthquake|p1a: Lanturn
|-supereffective|p1a: Lanturn
|-damage|p1a: Lanturn|166\/454
|
|-heal|p2a: Bronzong|32\/337|[from] item: Leftovers
|turn|15
|c|âmeowiekings|lol
|c| I3Magikarp|^^^^^
|c| epic4eternity|weak
|c|âmeowiekings|LANTURN BABY
|
|move|p1a: Lanturn|Thunderbolt|p2a: Bronzong
|-damage|p2a: Bronzong|0 fnt
|faint|p2a: Bronzong
|
|
|switch|p2a: Vaporeon|Vaporeon, M|449\/449
|turn|16
|
|move|p1a: Lanturn|Thunderbolt|p2a: Vaporeon
|-supereffective|p2a: Vaporeon
|-damage|p2a: Vaporeon|141\/449
|move|p2a: Vaporeon|Scald|p1a: Lanturn
|-resisted|p1a: Lanturn
|-damage|p1a: Lanturn|100\/454
|-status|p1a: Lanturn|brn
|
|-heal|p2a: Vaporeon|169\/449|[from] item: Leftovers
|-damage|p1a: Lanturn|44\/454 brn|[from] brn
|turn|17
|c| Mike Hunts|inb4 58%
|c| GoldDiggersby|is lanturn really viable.... or is this a joke
|c| Mike Hunts|o
|join|So Dynamic
|c|âklos|^
|c|âmeowiekings|fk
|c| DGChuck|skill
|c|âklos|joke
|leave|CrackurZz
|c| Gazz|he can win!
|
|switch|p1a: Celebi|Celebi|341\/341
|move|p2a: Vaporeon|Protect|p2a: Vaporeon
|-fail|p2a: Vaporeon
|
|-heal|p2a: Vaporeon|197\/449|[from] item: Leftovers
|turn|18
|c| DGChuck|water absorb where
|c| ANGER MANAGEMENT|I still think lanturn is meh
|c| Gazz|if celebi has no moves
|c|âklos|kek
|join|finnigans wake
|
|move|p1a: Celebi|Swords Dance|p1a: Celebi
|-boost|p1a: Celebi|atk|2
|move|p2a: Vaporeon|Wish|p2a: Vaporeon
|
|-heal|p2a: Vaporeon|225\/449|[from] item: Leftovers
|turn|19
|c|âmeowiekings|lanturn will not die
|
|move|p1a: Celebi|Swords Dance|p1a: Celebi
|-boost|p1a: Celebi|atk|2
|move|p2a: Vaporeon|Scald|p1a: Celebi
|-resisted|p1a: Celebi
|-damage|p1a: Celebi|286\/341
|
|-heal|p2a: Vaporeon|449\/449|[from] move: Wish|[wisher] Vaporeon
|turn|20
|c| Gazz|crit scald burn
|c| Gazz|triple protect
|c| Gazz|boooooooo
|c| ANGER MANAGEMENT|gobo
|c| ANGER MANAGEMENT|go for +4
|
|move|p1a: Celebi|Swords Dance|p1a: Celebi
|-boost|p1a: Celebi|atk|2
|move|p2a: Vaporeon|Scald|p1a: Celebi
|-resisted|p1a: Celebi
|-damage|p1a: Celebi|231\/341
|
|turn|21
|c| HappyK|fight the power vapo
|
|move|p1a: Celebi|Baton Pass|p1a: Celebi
|
|switch|p1a: Salamence|Salamence, M|331\/331
|-ability|p1a: Salamence|Intimidate|[of] p2a: Vaporeon
|-unboost|p2a: Vaporeon|atk|1
|move|p2a: Vaporeon|Scald|p1a: Salamence
|-resisted|p1a: Salamence
|-damage|p1a: Salamence|257\/331
|
|turn|22
|c| HappyK|you can do it
|c|âklos|holy shit
|c|âklos|mega mence
|c|âklos|burn
|c| ANGER MANAGEMENT|gobo
|c| ANGER MANAGEMENT|dd
|
|move|p1a: Salamence|Outrage|p2a: Vaporeon
|-damage|p2a: Vaporeon|0 fnt
|faint|p2a: Vaporeon
|
|win|meowiekings
|c| I3Magikarp|burn where
|c| DGChuck|mega mence
|c|âmeowiekings|gg
|c|âklos|bg
|c| finnigans wake|gobo greed paying off
|c| DGChuck|is ubers
|c| DGChuck|nerd
|leave|I3Magikarp
|leave|ANGER MANAGEMENT
|leave|newblueshoe
|leave|epic4eternity