|join|klos
|join|notr0ady
|player|p1|klos|249
|player|p2|notr0ady|142
|gametype|singles
|gen|6
|tier|UU
|rated
|rule|Sleep Clause Mod: Limit one foe put to sleep
|rule|Species Clause: Limit one of each PokÃ©mon
|rule|OHKO Clause: OHKO moves are banned
|rule|Moody Clause: Moody is banned
|rule|Evasion Moves Clause: Evasion moves are banned
|rule|Endless Battle Clause: Forcing endless battles is banned
|rule|HP Percentage Mod: HP is shown in percentages
|clearpoke
|poke|p1|Altaria, M
|poke|p1|Crobat, F
|poke|p1|Chandelure, M
|poke|p1|Krookodile, F
|poke|p1|Bronzong
|poke|p1|Vaporeon, M
|poke|p2|Glalie, M
|poke|p2|Crobat, M
|poke|p2|Whimsicott, F
|poke|p2|Hydreigon, M
|poke|p2|Zygarde
|poke|p2|Raikou
|rule|Swagger Clause: Swagger is banned
|rule|Baton Pass Clause: Limit one PokÃ©mon knowing Baton Pass
|teampreview
|c|ânotr0ady|oh hi
|c|ânotr0ady|hl
|c|ânotr0ady|gl
|c|âklos|gl roady
|c|âklos|hf
|
|start
|switch|p1a: Bronzong|Bronzong|337\/337
|switch|p2a: Glalie|Glalie, M|301\/301
|turn|1
|
|detailschange|p2a: Glalie|Glalie-Mega, M
|message|Glalie has Mega Evolved into Mega Glalie!
|move|p2a: Glalie|Super Fang|p1a: Bronzong
|-damage|p1a: Bronzong|169\/337
|move|p1a: Bronzong|Gyro Ball|p2a: Glalie
|-supereffective|p2a: Glalie
|-damage|p2a: Glalie|0 fnt
|faint|p2a: Glalie
|
|-heal|p1a: Bronzong|190\/337|[from] item: Leftovers
|c|ânotr0ady|or you can go striahgt for the attack
|c|âklos|yea
|c|ânotr0ady|that too
|
|switch|p2a: Hydreigon|Hydreigon, M|325\/325
|turn|2
|
|switch|p1a: Vaporeon|Vaporeon, M|449\/449
|move|p2a: Hydreigon|U-turn|p1a: Vaporeon
|-damage|p1a: Vaporeon|385\/449
|
|switch|p2a: Zygarde|Zygarde|404\/404
|-ability|p2a: Zygarde|Aura Break
|
|-heal|p1a: Vaporeon|413\/449|[from] item: Leftovers
|turn|3
|
|switch|p1a: Altaria|Altaria, M|292\/292
|move|p2a: Zygarde|Substitute|p2a: Zygarde
|-start|p2a: Zygarde|Substitute
|-damage|p2a: Zygarde|303\/404
|
|-heal|p2a: Zygarde|328\/404|[from] item: Leftovers
|turn|4
|
|move|p1a: Altaria|Dragon Dance|p1a: Altaria
|-boost|p1a: Altaria|atk|1
|-boost|p1a: Altaria|spe|1
|move|p2a: Zygarde|Earthquake|p1a: Altaria
|-immune|p1a: Altaria|[msg]
|
|-heal|p2a: Zygarde|353\/404|[from] item: Leftovers
|turn|5
|
|detailschange|p1a: Altaria|Altaria-Mega, M
|message|Altaria has Mega Evolved into Mega Altaria!
|move|p1a: Altaria|Return|p2a: Zygarde
|-supereffective|p2a: Zygarde
|-end|p2a: Zygarde|Substitute
|move|p2a: Zygarde|Dragon Tail|p1a: Altaria
|-immune|p1a: Altaria|[msg]
|
|-heal|p2a: Zygarde|378\/404|[from] item: Leftovers
|turn|6
|c|âklos|altaria is so great it can also play mindgames
|c|ânotr0ady|thats gg
|c|ânotr0ady|alreasdy
|c|âklos|i think
|c|ânotr0ady|and dynamic said this isnt broke lmao
|
|move|p1a: Altaria|Dragon Dance|p1a: Altaria
|-boost|p1a: Altaria|atk|1
|-boost|p1a: Altaria|spe|1
|move|p2a: Zygarde|Earthquake|p1a: Altaria
|-damage|p1a: Altaria|187\/292
|
|-heal|p2a: Zygarde|403\/404|[from] item: Leftovers
|turn|7
|
|move|p1a: Altaria|Return|p2a: Zygarde
|-supereffective|p2a: Zygarde
|-damage|p2a: Zygarde|0 fnt
|faint|p2a: Zygarde
|
|
|switch|p2a: Hydreigon|Hydreigon, M|325\/325
|turn|8
|
|move|p1a: Altaria|Return|p2a: Hydreigon
|-supereffective|p2a: Hydreigon
|-damage|p2a: Hydreigon|0 fnt
|faint|p2a: Hydreigon
|
|
|switch|p2a: Crobat|Crobat, M|374\/374
|turn|9
|
|move|p1a: Altaria|Return|p2a: Crobat
|-resisted|p2a: Crobat
|-damage|p2a: Crobat|128\/374
|move|p2a: Crobat|Brave Bird|p1a: Altaria
|-damage|p1a: Altaria|55\/292
|-damage|p2a: Crobat|84\/374|[from] recoil|[of] p1a: Altaria
|
|-heal|p2a: Crobat|107\/374|[from] item: Black Sludge
|turn|10
|
|switch|p2a: Raikou|Raikou|322\/322
|-ability|p2a: Raikou|Pressure
|move|p1a: Altaria|Return|p2a: Raikou
|-damage|p2a: Raikou|0 fnt
|faint|p2a: Raikou
|
|
|switch|p2a: Whimsicott|Whimsicott, F|262\/262
|turn|11
|
|move|p2a: Whimsicott|Tailwind|p2a: Whimsicott
|-sidestart|p2: notr0ady|move: Tailwind
|move|p1a: Altaria|Return|p2a: Whimsicott
|-damage|p2a: Whimsicott|0 fnt
|faint|p2a: Whimsicott
|
|
|switch|p2a: Crobat|Crobat, M|107\/374
|turn|12
|
|move|p2a: Crobat|Brave Bird|p1a: Altaria
|-crit|p1a: Altaria
|-damage|p1a: Altaria|0 fnt
|-damage|p2a: Crobat|89\/374|[from] recoil|[of] p1a: Altaria
|faint|p1a: Altaria
|
|-heal|p2a: Crobat|112\/374|[from] item: Black Sludge
|join|TheYellowSkarmory
|join|kexmex
|
|switch|p1a: Bronzong|Bronzong|190\/337
|turn|13
|join|Shaneee
|
|move|p2a: Crobat|Defog|p1a: Bronzong
|-unboost|p1a: Bronzong|evasion|1
|move|p1a: Bronzong|Gyro Ball|p2a: Crobat
|-damage|p2a: Crobat|0 fnt
|faint|p2a: Crobat
|
|win|klos
|raw|Ladder updating...
|raw|klos's rating: 1360 &rarr; <strong>1378<\/strong><br \/>(+18 for winning)
|raw|notr0ady's rating: 1311 &rarr; <strong>1294<\/strong><br \/>(-17 for losing)
|c|âklos|gg
|leave|TheYellowSkarmory
|c|ânotr0ady|not even
|c|ânotr0ady|lmao
|c|âklos|kek
|c|ânotr0ady|gg