|join|klos
|join|Jiminix
|player|p1|klos|101
|player|p2|Jiminix|242
|gametype|singles
|gen|6
|tier|UU
|rated
|rule|Sleep Clause Mod: Limit one foe put to sleep
|rule|Species Clause: Limit one of each PokÃ©mon
|rule|OHKO Clause: OHKO moves are banned
|rule|Moody Clause: Moody is banned
|rule|Evasion Moves Clause: Evasion moves are banned
|rule|Endless Battle Clause: Forcing endless battles is banned
|rule|HP Percentage Mod: HP is shown in percentages
|clearpoke
|poke|p1|Lopunny, M
|poke|p1|Yanmega, M
|poke|p1|Mawile, F
|poke|p1|Shaymin
|poke|p1|Tentacruel, M
|poke|p1|Gligar, F
|poke|p2|Drifblim, M
|poke|p2|Espeon, F
|poke|p2|Suicune
|poke|p2|Shuckle, F
|poke|p2|Beedrill, M
|poke|p2|Mienshao, M
|rule|Swagger Clause: Swagger is banned
|rule|Baton Pass Clause: Limit one PokÃ©mon knowing Baton Pass
|teampreview
|
|start
|switch|p1a: Mawile|Mawile, F|304\/304
|switch|p2a: Shuckle|Shuckle, F|244\/244
|-ability|p1a: Mawile|Intimidate|[of] p2a: Shuckle
|-unboost|p2a: Shuckle|atk|1
|turn|1
|
|move|p1a: Mawile|Toxic|p2a: Shuckle
|-status|p2a: Shuckle|tox
|move|p2a: Shuckle|Sticky Web|p1a: Mawile
|-sidestart|p1: klos|move: Sticky Web
|
|-damage|p2a: Shuckle|229\/244 tox|[from] psn
|turn|2
|
|move|p1a: Mawile|Stealth Rock|p2a: Shuckle
|-sidestart|p2: Jiminix|move: Stealth Rock
|move|p2a: Shuckle|Encore|p1a: Mawile
|-start|p1a: Mawile|Encore
|
|-damage|p2a: Shuckle|199\/244 tox|[from] psn
|turn|3
|
|switch|p1a: Lopunny|Lopunny, M|272\/272
|-activate|p1a: Lopunny|move: Sticky Web
|-unboost|p1a: Lopunny|spe|1
|switch|p2a: Drifblim|Drifblim, M|504\/504
|-damage|p2a: Drifblim|378\/504|[from] Stealth Rock
|
|turn|4
|
|switch|p2a: Shuckle|Shuckle, F|199\/244 tox
|-damage|p2a: Shuckle|138\/244 tox|[from] Stealth Rock
|detailschange|p1a: Lopunny|Lopunny-Mega, M
|message|Lopunny has Mega Evolved into Mega Lopunny!
|move|p1a: Lopunny|Frustration|p2a: Shuckle
|-resisted|p2a: Shuckle
|-damage|p2a: Shuckle|93\/244 tox
|
|-damage|p2a: Shuckle|78\/244 tox|[from] psn
|turn|5
|
|move|p1a: Lopunny|Substitute|p1a: Lopunny
|-start|p1a: Lopunny|Substitute
|-damage|p1a: Lopunny|204\/272
|move|p2a: Shuckle|Encore|p1a: Lopunny
|-start|p1a: Lopunny|Encore
|
|-damage|p2a: Shuckle|48\/244 tox|[from] psn
|turn|6
|
|move|p1a: Lopunny|Substitute|p1a: Lopunny
|-fail|p1a: Lopunny|move: Substitute
|move|p2a: Shuckle|Knock Off|p1a: Lopunny
|-resisted|p1a: Lopunny
|-activate|p1a: Lopunny|Substitute|[damage]
|
|-damage|p2a: Shuckle|3\/244 tox|[from] psn
|turn|7
|
|switch|p2a: Suicune|Suicune|403\/403
|-damage|p2a: Suicune|353\/403|[from] Stealth Rock
|-ability|p2a: Suicune|Pressure
|move|p1a: Lopunny|Substitute|p1a: Lopunny
|-fail|p1a: Lopunny|move: Substitute
|
|-heal|p2a: Suicune|378\/403|[from] item: Leftovers
|turn|8
|
|move|p1a: Lopunny|Substitute|p1a: Lopunny
|-fail|p1a: Lopunny|move: Substitute
|move|p2a: Suicune|Scald|p1a: Lopunny
|-end|p1a: Lopunny|Substitute
|
|-heal|p2a: Suicune|403\/403|[from] item: Leftovers
|-end|p1a: Lopunny|Encore
|turn|9
|
|switch|p1a: Shaymin|Shaymin|341\/341
|-activate|p1a: Shaymin|move: Sticky Web
|-unboost|p1a: Shaymin|spe|1
|move|p2a: Suicune|Scald|p1a: Shaymin
|-resisted|p1a: Shaymin
|-damage|p1a: Shaymin|302\/341
|
|turn|10
|
|switch|p2a: Shuckle|Shuckle, F|3\/244 tox
|-damage|p2a: Shuckle|0 fnt|[from] Stealth Rock
|faint|p2a: Shuckle
|move|p1a: Shaymin|Seed Flare|p2: Shuckle|[notarget]
|-notarget
|
|
|switch|p2a: Drifblim|Drifblim, M|378\/504
|-damage|p2a: Drifblim|252\/504|[from] Stealth Rock
|turn|11
|
|switch|p1a: Robin|Gligar, F|334\/334
|move|p2a: Drifblim|Stockpile|p2a: Drifblim
|-start|p2a: Drifblim|stockpile1
|-boost|p2a: Drifblim|def|1
|-boost|p2a: Drifblim|spd|1
|
|turn|12
|
|move|p1a: Robin|Defog|p2a: Drifblim
|-unboost|p2a: Drifblim|evasion|1
|-sideend|p2: Jiminix|Stealth Rock|[from] move: Defog|[of] p2a: Drifblim
|-sideend|p1: klos|Sticky Web|[from] move: Defog|[of] p1a: Robin
|move|p2a: Drifblim|Stockpile|p2a: Drifblim
|-start|p2a: Drifblim|stockpile2
|-boost|p2a: Drifblim|def|1
|-boost|p2a: Drifblim|spd|1
|
|turn|13
|
|move|p1a: Robin|Knock Off|p2a: Drifblim
|-supereffective|p2a: Drifblim
|-damage|p2a: Drifblim|160\/504
|-enditem|p2a: Drifblim|Weakness Policy
|-boost|p2a: Drifblim|atk|2|[from] item: Weakness Policy
|-boost|p2a: Drifblim|spa|2|[from] item: Weakness Policy
|move|p2a: Drifblim|Stockpile|p2a: Drifblim
|-start|p2a: Drifblim|stockpile3
|-boost|p2a: Drifblim|def|1
|-boost|p2a: Drifblim|spd|1
|
|turn|14
|c|âklos|fuuu
|
|move|p2a: Drifblim|Baton Pass|p2a: Drifblim
|
|switch|p2a: Espeon|Espeon, F|272\/272
|move|p1a: Robin|Knock Off|p2a: Espeon
|-supereffective|p2a: Espeon
|-damage|p2a: Espeon|198\/272
|-enditem|p2a: Espeon|Leftovers|[from] move: Knock Off|[of] p1a: Robin
|
|turn|15
|
|move|p2a: Espeon|Stored Power|p1a: Robin
|-damage|p1a: Robin|0 fnt
|faint|p1a: Robin
|
|
|switch|p1a: Mawile|Mawile, F|304\/304
|-ability|p1a: Mawile|Intimidate|[of] p2a: Espeon
|-unboost|p2a: Espeon|atk|1
|turn|16
|
|move|p2a: Espeon|Stored Power|p1a: Mawile
|-resisted|p1a: Mawile
|-damage|p1a: Mawile|0 fnt
|faint|p1a: Mawile
|
|
|switch|p1a: Megan|Yanmega, M|314\/314
|turn|17
|
|move|p1a: Megan|Protect|p1a: Megan
|-singleturn|p1a: Megan|Protect
|move|p2a: Espeon|Morning Sun|p2a: Espeon
|-heal|p2a: Espeon|272\/272
|
|-boost|p1a: Megan|spe|1|[from] ability: Speed Boost
|turn|18
|
|move|p1a: Megan|Bug Buzz|p2a: Espeon
|-supereffective|p2a: Espeon
|-damage|p2a: Espeon|98\/272
|-damage|p1a: Megan|283\/314|[from] item: Life Orb
|move|p2a: Espeon|Stored Power|p1a: Megan
|-damage|p1a: Megan|0 fnt
|faint|p1a: Megan
|
|
|switch|p1a: Lopunny|Lopunny-Mega, M|204\/272
|turn|19
|
|switch|p2a: Drifblim|Drifblim, M|160\/504
|move|p1a: Lopunny|Frustration|p2a: Drifblim
|-damage|p2a: Drifblim|0 fnt
|faint|p2a: Drifblim
|
|c|âklos|wrong
|
|switch|p2a: Suicune|Suicune|403\/403
|-ability|p2a: Suicune|Pressure
|turn|20
|
|switch|p1a: Shaymin|Shaymin|302\/341
|move|p2a: Suicune|Scald|p1a: Shaymin
|-resisted|p1a: Shaymin
|-damage|p1a: Shaymin|255\/341
|
|turn|21
|
|switch|p2a: Beedrill|Beedrill, M|272\/272
|move|p1a: Shaymin|Seed Flare|p2a: Beedrill
|-resisted|p2a: Beedrill
|-damage|p2a: Beedrill|221\/272
|-unboost|p2a: Beedrill|spd|2
|
|turn|22
|
|switch|p1a: Tentacruel|Tentacruel, M|364\/364
|detailschange|p2a: Beedrill|Beedrill-Mega, M
|message|Beedrill has Mega Evolved into Mega Beedrill!
|move|p2a: Beedrill|Protect|p2a: Beedrill
|-fail|p2a: Beedrill
|
|turn|23
|
|switch|p2a: Espeon|Espeon, F|98\/272
|move|p1a: Tentacruel|Toxic Spikes|p2a: Espeon
|move|p2a: Espeon|Toxic Spikes|p1a: Tentacruel|[from]Magic Bounce
|-sidestart|p1: klos|move: Toxic Spikes
|
|turn|24
|
|move|p2a: Espeon|Morning Sun|p2a: Espeon
|-heal|p2a: Espeon|234\/272
|move|p1a: Tentacruel|Scald|p2a: Espeon
|-damage|p2a: Espeon|152\/272
|-status|p2a: Espeon|brn
|
|-damage|p2a: Espeon|118\/272 brn|[from] brn
|turn|25
|
|move|p2a: Espeon|Morning Sun|p2a: Espeon
|-heal|p2a: Espeon|254\/272 brn
|move|p1a: Tentacruel|Rapid Spin|p2a: Espeon
|-damage|p2a: Espeon|236\/272 brn
|-sideend|p1: klos|Toxic Spikes|[from] move: Rapid Spin|[of] p1a: Tentacruel
|
|-damage|p2a: Espeon|202\/272 brn|[from] brn
|turn|26
|
|move|p2a: Espeon|Calm Mind|p2a: Espeon
|-boost|p2a: Espeon|spa|1
|-boost|p2a: Espeon|spd|1
|move|p1a: Tentacruel|Scald|p2a: Espeon
|-damage|p2a: Espeon|148\/272 brn
|
|-damage|p2a: Espeon|114\/272 brn|[from] brn
|turn|27
|
|switch|p1a: Shaymin|Shaymin|255\/341
|move|p2a: Espeon|Stored Power|p1a: Shaymin
|-damage|p1a: Shaymin|87\/341
|
|-damage|p2a: Espeon|80\/272 brn|[from] brn
|turn|28
|
|move|p1a: Shaymin|Earth Power|p2a: Espeon
|-damage|p2a: Espeon|14\/272 brn
|move|p2a: Espeon|Stored Power|p1a: Shaymin
|-damage|p1a: Shaymin|0 fnt
|faint|p1a: Shaymin
|
|-damage|p2a: Espeon|0 fnt|[from] brn
|faint|p2a: Espeon
|
|switch|p2a: Mienshao|Mienshao, M|271\/271
|switch|p1a: Tentacruel|Tentacruel, M|364\/364
|turn|29
|
|move|p2a: Mienshao|Fake Out|p1a: Tentacruel
|-damage|p1a: Tentacruel|308\/364
|-damage|p2a: Mienshao|244\/271|[from] item: Life Orb
|cant|p1a: Tentacruel|flinch
|
|-heal|p1a: Tentacruel|330\/364|[from] item: Black Sludge
|turn|30
|
|move|p2a: Mienshao|U-turn|p1a: Tentacruel
|-resisted|p1a: Tentacruel
|-damage|p1a: Tentacruel|282\/364
|-damage|p2a: Mienshao|217\/271|[from] item: Life Orb
|
|switch|p2a: Suicune|Suicune|403\/403
|-ability|p2a: Suicune|Pressure
|move|p1a: Tentacruel|Acid Spray|p2a: Suicune
|-crit|p2a: Suicune
|-damage|p2a: Suicune|352\/403
|-unboost|p2a: Suicune|spd|2
|
|-heal|p1a: Tentacruel|304\/364|[from] item: Black Sludge
|-heal|p2a: Suicune|377\/403|[from] item: Leftovers
|turn|31
|
|switch|p1a: Lopunny|Lopunny-Mega, M|204\/272
|switch|p2a: Beedrill|Beedrill-Mega, M|221\/272
|
|turn|32
|
|move|p2a: Beedrill|Poison Jab|p1a: Lopunny
|-damage|p1a: Lopunny|0 fnt
|faint|p1a: Lopunny
|
|c|âklos|gg
|c|âklos|nice squad
|c|âJiminix|gg
|c|âJiminix|u2
|-message|klos forfeited.
|
|win|Jiminix
|raw|Ladder updating...
|leave|klos
|player|p1
|raw|klos's rating: 1374 &rarr; <strong>1351<\/strong><br \/>(-23 for losing)
|raw|Jiminix's rating: 1317 &rarr; <strong>1340<\/strong><br \/>(+23 for winning)