|join|0sze0
|join|klos
|player|p1|0sze0|269
|player|p2|klos|78
|gametype|singles
|gen|6
|tier|UU
|rated
|rule|Sleep Clause Mod: Limit one foe put to sleep
|rule|Species Clause: Limit one of each PokÃ©mon
|rule|OHKO Clause: OHKO moves are banned
|rule|Moody Clause: Moody is banned
|rule|Evasion Moves Clause: Evasion moves are banned
|rule|Endless Battle Clause: Forcing endless battles is banned
|rule|HP Percentage Mod: HP is shown in percentages
|clearpoke
|poke|p1|Donphan, F
|poke|p1|Whimsicott, M
|poke|p1|Tornadus, M
|poke|p1|Chandelure, F
|poke|p1|Cloyster, M
|poke|p1|Kyurem
|poke|p2|Mienshao, F
|poke|p2|Zygarde
|poke|p2|Celebi
|poke|p2|Magneton
|poke|p2|Aerodactyl, F
|poke|p2|Blastoise, M
|rule|Swagger Clause: Swagger is banned
|rule|Baton Pass Clause: Limit one PokÃ©mon knowing Baton Pass
|teampreview
|
|start
|switch|p1a: Donphan|Donphan, F|384\/384
|switch|p2a: Aerodactyl|Aerodactyl, F|301\/301
|-ability|p2a: Aerodactyl|Unnerve|p1: 0sze0
|turn|1
|
|move|p2a: Aerodactyl|Taunt|p1a: Donphan
|-start|p1a: Donphan|move: Taunt
|cant|p1a: Donphan|move: Taunt|Stealth Rock
|
|turn|2
|
|switch|p2a: Blastoise|Blastoise, M|358\/358
|move|p1a: Donphan|Ice Shard|p2a: Blastoise
|-resisted|p2a: Blastoise
|-damage|p2a: Blastoise|335\/358
|
|turn|3
|
|switch|p1a: Whimsicott|Whimsicott, M|261\/261
|detailschange|p2a: Blastoise|Blastoise-Mega, M
|message|Blastoise has Mega Evolved into Mega Blastoise!
|move|p2a: Blastoise|Scald|p1a: Whimsicott
|-resisted|p1a: Whimsicott
|-damage|p1a: Whimsicott|144\/261
|
|turn|4
|
|switch|p2a: Magneton|Magneton|303\/303
|move|p1a: Whimsicott|U-turn|p2a: Magneton
|-resisted|p2a: Magneton
|-damage|p2a: Magneton|274\/303
|-damage|p1a: Whimsicott|118\/261|[from] item: Life Orb
|
|switch|p1a: Donphan|Donphan, F|384\/384
|
|turn|5
|
|move|p2a: Magneton|Flash Cannon|p1a: Donphan
|-damage|p1a: Donphan|51\/384
|move|p1a: Donphan|Stealth Rock|p2a: Magneton
|-sidestart|p2: klos|move: Stealth Rock
|
|-heal|p1a: Donphan|75\/384|[from] item: Leftovers
|turn|6
|
|move|p2a: Magneton|Flash Cannon|p1a: Donphan
|-damage|p1a: Donphan|0 fnt
|faint|p1a: Donphan
|
|
|switch|p1a: Cloyster|Cloyster, M|241\/241
|turn|7
|
|move|p1a: Cloyster|Shell Smash|p1a: Cloyster
|-boost|p1a: Cloyster|atk|2
|-boost|p1a: Cloyster|spa|2
|-boost|p1a: Cloyster|spe|2
|-unboost|p1a: Cloyster|def|1
|-unboost|p1a: Cloyster|spd|1
|move|p2a: Magneton|Flash Cannon|p1a: Cloyster
|-enditem|p1a: Cloyster|Focus Sash
|-damage|p1a: Cloyster|1\/241
|
|turn|8
|
|move|p1a: Cloyster|Hydro Pump|p2a: Magneton
|-damage|p2a: Magneton|0 fnt
|faint|p2a: Magneton
|
|
|switch|p2a: Zygarde|Zygarde|358\/358
|-damage|p2a: Zygarde|336\/358|[from] Stealth Rock
|-ability|p2a: Zygarde|Aura Break
|turn|9
|
|switch|p1a: Chandelure|Chandelure, F|261\/261
|move|p2a: Zygarde|Extreme Speed|p1a: Chandelure
|-immune|p1a: Chandelure|[msg]
|
|turn|10
|
|move|p2a: Zygarde|Dragon Dance|p2a: Zygarde
|-boost|p2a: Zygarde|atk|1
|-boost|p2a: Zygarde|spe|1
|move|p1a: Chandelure|Shadow Ball|p2a: Zygarde
|-damage|p2a: Zygarde|118\/358
|-damage|p1a: Chandelure|235\/261|[from] item: Life Orb
|
|turn|11
|
|move|p2a: Zygarde|Earthquake|p1a: Chandelure
|-supereffective|p1a: Chandelure
|-damage|p1a: Chandelure|0 fnt
|faint|p1a: Chandelure
|
|
|switch|p1a: Whimsicott|Whimsicott, M|118\/261
|turn|12
|
|move|p2a: Zygarde|Extreme Speed|p1a: Whimsicott
|-damage|p1a: Whimsicott|0 fnt
|faint|p1a: Whimsicott
|
|
|switch|p1a: Tornadus|Tornadus, M|300\/300
|turn|13
|
|move|p2a: Zygarde|Extreme Speed|p1a: Tornadus
|-crit|p1a: Tornadus
|-damage|p1a: Tornadus|23\/300
|move|p1a: Tornadus|Tailwind|p1a: Tornadus
|-sidestart|p1: 0sze0|move: Tailwind
|
|turn|14
|
|move|p2a: Zygarde|Extreme Speed|p1a: Tornadus
|-damage|p1a: Tornadus|0 fnt
|faint|p1a: Tornadus
|
|
|switch|p1a: Kyurem|Kyurem|450\/450
|-ability|p1a: Kyurem|Pressure
|turn|15
|
|move|p2a: Zygarde|Extreme Speed|p1a: Kyurem
|-damage|p1a: Kyurem|302\/450
|move|p1a: Kyurem|Ice Beam|p2a: Zygarde
|-supereffective|p2a: Zygarde
|-damage|p2a: Zygarde|0 fnt
|faint|p2a: Zygarde
|
|
|switch|p2a: Blastoise|Blastoise-Mega, M|335\/358
|-damage|p2a: Blastoise|291\/358|[from] Stealth Rock
|turn|16
|
|move|p1a: Kyurem|Ice Beam|p2a: Blastoise
|-resisted|p2a: Blastoise
|-damage|p2a: Blastoise|173\/358
|move|p2a: Blastoise|Aura Sphere|p1a: Kyurem
|-supereffective|p1a: Kyurem
|-damage|p1a: Kyurem|0 fnt
|faint|p1a: Kyurem
|
|-sideend|p1: 0sze0|move: Tailwind
|
|switch|p1a: Cloyster|Cloyster, M|1\/241
|turn|17
|
|move|p1a: Cloyster|Shell Smash|p1a: Cloyster
|-boost|p1a: Cloyster|atk|2
|-boost|p1a: Cloyster|spa|2
|-boost|p1a: Cloyster|spe|2
|-unboost|p1a: Cloyster|def|1
|-unboost|p1a: Cloyster|spd|1
|move|p2a: Blastoise|Aura Sphere|p1a: Cloyster
|-crit|p1a: Cloyster
|-supereffective|p1a: Cloyster
|-damage|p1a: Cloyster|0 fnt
|faint|p1a: Cloyster
|
|win|klos
|raw|Ladder updating...