|join|klos
|join|FooPossum
|player|p1|klos|169
|player|p2|FooPossum|242
|gametype|singles
|gen|6
|tier|UU
|rated
|rule|Sleep Clause Mod: Limit one foe put to sleep
|rule|Species Clause: Limit one of each PokÃ©mon
|rule|OHKO Clause: OHKO moves are banned
|rule|Moody Clause: Moody is banned
|rule|Evasion Moves Clause: Evasion moves are banned
|rule|Endless Battle Clause: Forcing endless battles is banned
|rule|HP Percentage Mod: HP is shown in percentages
|clearpoke
|poke|p1|Mienshao, M
|poke|p1|Zygarde
|poke|p1|Beedrill, F
|poke|p1|Magneton
|poke|p1|Aerodactyl, F
|poke|p1|Espeon, F
|poke|p2|Aerodactyl, M
|poke|p2|Jirachi
|poke|p2|Lucario, F
|poke|p2|Nidoqueen, F
|poke|p2|Hydreigon, F
|poke|p2|Celebi
|rule|Swagger Clause: Swagger is banned
|rule|Baton Pass Clause: Limit one PokÃ©mon knowing Baton Pass
|teampreview
|
|start
|switch|p1a: Beedrill|Beedrill, F|272\/272
|switch|p2a: Nidoqueen|Nidoqueen, F|366\/366
|turn|1
|
|detailschange|p1a: Beedrill|Beedrill-Mega, F
|message|Beedrill has Mega Evolved into Mega Beedrill!
|move|p1a: Beedrill|U-turn|p2a: Nidoqueen
|-resisted|p2a: Nidoqueen
|-damage|p2a: Nidoqueen|264\/366
|
|switch|p1a: Espeon|Espeon, F|271\/271
|move|p2a: Nidoqueen|Earth Power|p1a: Espeon
|-damage|p1a: Espeon|59\/271
|
|turn|2
|
|switch|p2a: Jirachi|Jirachi|341\/341
|move|p1a: Espeon|Psyshock|p2a: Jirachi
|-resisted|p2a: Jirachi
|-damage|p2a: Jirachi|306\/341
|
|turn|3
|
|move|p2a: Jirachi|U-turn|p1a: Espeon
|-supereffective|p1a: Espeon
|-damage|p1a: Espeon|0 fnt
|faint|p1a: Espeon
|
|switch|p2a: Nidoqueen|Nidoqueen, F|264\/366
|
|
|switch|p1a: Aerodactyl|Aerodactyl, F|301\/301
|-ability|p1a: Aerodactyl|Unnerve|p2: FooPossum
|turn|4
|
|switch|p2a: Hydreigon|Hydreigon, F|325\/325
|move|p1a: Aerodactyl|Taunt|p2a: Hydreigon
|-start|p2a: Hydreigon|move: Taunt
|
|turn|5
|
|move|p1a: Aerodactyl|Stealth Rock|p2a: Hydreigon
|-sidestart|p2: FooPossum|move: Stealth Rock
|move|p2a: Hydreigon|Draco Meteor|p1a: Aerodactyl
|-enditem|p1a: Aerodactyl|Focus Sash
|-damage|p1a: Aerodactyl|1\/301
|-unboost|p2a: Hydreigon|spa|2
|-damage|p2a: Hydreigon|293\/325|[from] item: Life Orb
|
|turn|6
|
|switch|p2a: Jirachi|Jirachi|306\/341
|-damage|p2a: Jirachi|285\/341|[from] Stealth Rock
|move|p1a: Aerodactyl|Stone Edge|p2a: Jirachi|[miss]
|-miss|p1a: Aerodactyl|p2a: Jirachi
|
|turn|7
|
|switch|p1a: Magneton|Magneton|303\/303
|move|p2a: Jirachi|U-turn|p1a: Magneton
|-resisted|p1a: Magneton
|-damage|p1a: Magneton|265\/303
|
|switch|p2a: Nidoqueen|Nidoqueen, F|264\/366
|-damage|p2a: Nidoqueen|242\/366|[from] Stealth Rock
|
|turn|8
|
|move|p2a: Nidoqueen|Stealth Rock|p1a: Magneton
|-sidestart|p1: klos|move: Stealth Rock
|move|p1a: Magneton|Flash Cannon|p2a: Nidoqueen
|-damage|p2a: Nidoqueen|0 fnt
|faint|p2a: Nidoqueen
|
|
|switch|p2a: Lucario|Lucario, F|281\/281
|-damage|p2a: Lucario|273\/281|[from] Stealth Rock
|turn|9
|
|switch|p1a: Aerodactyl|Aerodactyl, F|1\/301
|-damage|p1a: Aerodactyl|0 fnt|[from] Stealth Rock
|faint|p1a: Aerodactyl
|move|p2a: Lucario|Close Combat|p1: Aerodactyl|[notarget]
|-notarget
|
|
|switch|p1a: Mienshao|Mienshao, M|271\/271
|-damage|p1a: Mienshao|255\/271|[from] Stealth Rock
|turn|10
|
|switch|p2a: Celebi|Celebi|361\/361
|-damage|p2a: Celebi|316\/361|[from] Stealth Rock
|move|p1a: Mienshao|High Jump Kick|p2a: Celebi|[miss]
|-miss|p1a: Mienshao|p2a: Celebi
|-damage|p1a: Mienshao|120\/271|[from] highjumpkick
|
|-heal|p2a: Celebi|338\/361|[from] item: Leftovers
|turn|11
|
|switch|p1a: Magneton|Magneton|265\/303
|-damage|p1a: Magneton|247\/303|[from] Stealth Rock
|move|p2a: Celebi|Swords Dance|p2a: Celebi
|-boost|p2a: Celebi|atk|2
|
|-heal|p2a: Celebi|360\/361|[from] item: Leftovers
|turn|12
|
|move|p2a: Celebi|Sucker Punch|p1a: Magneton
|-damage|p1a: Magneton|82\/303
|move|p1a: Magneton|Flash Cannon|p2a: Celebi
|-damage|p2a: Celebi|63\/361
|-unboost|p2a: Celebi|spd|1
|
|-heal|p2a: Celebi|85\/361|[from] item: Leftovers
|turn|13
|
|move|p2a: Celebi|Sucker Punch|p1a: Magneton
|-damage|p1a: Magneton|0 fnt
|faint|p1a: Magneton
|
|-heal|p2a: Celebi|107\/361|[from] item: Leftovers
|
|switch|p1a: Zygarde|Zygarde|358\/358
|-damage|p1a: Zygarde|336\/358|[from] Stealth Rock
|-ability|p1a: Zygarde|Aura Break
|turn|14
|
|move|p1a: Zygarde|Dragon Dance|p1a: Zygarde
|-boost|p1a: Zygarde|atk|1
|-boost|p1a: Zygarde|spe|1
|move|p2a: Celebi|Seed Bomb|p1a: Zygarde
|-damage|p1a: Zygarde|114\/358
|
|-heal|p2a: Celebi|129\/361|[from] item: Leftovers
|turn|15
|
|move|p1a: Zygarde|Extreme Speed|p2a: Celebi
|-damage|p2a: Celebi|9\/361
|move|p2a: Celebi|Seed Bomb|p1a: Zygarde
|-damage|p1a: Zygarde|0 fnt
|faint|p1a: Zygarde
|
|-heal|p2a: Celebi|31\/361|[from] item: Leftovers
|
|switch|p1a: Mienshao|Mienshao, M|120\/271
|-damage|p1a: Mienshao|104\/271|[from] Stealth Rock
|turn|16
|
|move|p2a: Celebi|Sucker Punch|p1a: Mienshao
|-resisted|p1a: Mienshao
|-damage|p1a: Mienshao|0 fnt
|faint|p1a: Mienshao
|
|-heal|p2a: Celebi|53\/361|[from] item: Leftovers
|c|âklos|gg
|
|switch|p1a: Beedrill|Beedrill-Mega, F|272\/272
|-damage|p1a: Beedrill|204\/272|[from] Stealth Rock
|turn|17
|
|move|p2a: Celebi|Sucker Punch|p1a: Beedrill
|-damage|p1a: Beedrill|0 fnt
|faint|p1a: Beedrill
|
|win|FooPossum
|raw|Ladder updating...
|raw|klos's rating: 1455 &rarr; <strong>1436<\/strong><br \/>(-19 for losing)
|raw|FooPossum's rating: 1472 &rarr; <strong>1491<\/strong><br \/>(+19 for winning)
|leave|klos
|player|p1