|join|Pheonixmaster
|join|klos
|player|p1|Pheonixmaster|167
|player|p2|klos|78
|gametype|singles
|gen|6
|tier|UU
|rated
|rule|Sleep Clause Mod: Limit one foe put to sleep
|rule|Species Clause: Limit one of each PokÃ©mon
|rule|OHKO Clause: OHKO moves are banned
|rule|Moody Clause: Moody is banned
|rule|Evasion Moves Clause: Evasion moves are banned
|rule|Endless Battle Clause: Forcing endless battles is banned
|rule|HP Percentage Mod: HP is shown in percentages
|clearpoke
|poke|p1|Swampert, M
|poke|p1|Kingdra, M
|poke|p1|Toxicroak, M
|poke|p1|Tornadus, M
|poke|p1|Jirachi
|poke|p1|Chesnaught, M
|poke|p2|Mienshao, M
|poke|p2|Diancie
|poke|p2|Serperior, F
|poke|p2|Gligar, F
|poke|p2|Jirachi
|poke|p2|Snorlax, M
|rule|Swagger Clause: Swagger is banned
|rule|Baton Pass Clause: Limit one PokÃ©mon knowing Baton Pass
|teampreview
|
|start
|switch|p1a: Jirachi|Jirachi|404\/404
|switch|p2a: Serperior|Serperior, F|289\/289
|turn|1
|
|move|p2a: Serperior|Leaf Storm|p1a: Jirachi
|-resisted|p1a: Jirachi
|-damage|p1a: Jirachi|297\/404
|-boost|p2a: Serperior|spa|2
|-damage|p2a: Serperior|261\/289|[from] item: Life Orb
|move|p1a: Jirachi|U-turn|p2a: Serperior
|-supereffective|p2a: Serperior
|-damage|p2a: Serperior|147\/289
|
|switch|p1a: Chesnaught|Chesnaught, M|380\/380
|
|turn|2
|
|move|p2a: Serperior|Hidden Power|p1a: Chesnaught
|-supereffective|p1a: Chesnaught
|-damage|p1a: Chesnaught|154\/380
|-damage|p2a: Serperior|119\/289|[from] item: Life Orb
|move|p1a: Chesnaught|Drain Punch|p2a: Serperior
|-damage|p2a: Serperior|25\/289
|-heal|p1a: Chesnaught|201\/380|[from] drain|[of] p2a: Serperior
|
|-heal|p1a: Chesnaught|224\/380|[from] item: Leftovers
|turn|3
|
|switch|p1a: Swampert|Swampert, M|341\/341
|move|p2a: Serperior|Hidden Power|p1a: Swampert
|-crit|p1a: Swampert
|-resisted|p1a: Swampert
|-damage|p1a: Swampert|234\/341
|-damage|p2a: Serperior|0 fnt|[from] item: Life Orb
|faint|p2a: Serperior
|
|
|switch|p2a: Mienshao|Mienshao, M|271\/271
|turn|4
|
|switch|p1a: Tornadus|Tornadus, M|299\/299
|move|p2a: Mienshao|High Jump Kick|p1a: Tornadus
|-resisted|p1a: Tornadus
|-damage|p1a: Tornadus|122\/299
|
|turn|5
|
|move|p1a: Tornadus|Rain Dance|p1a: Tornadus
|-weather|RainDance
|move|p2a: Mienshao|High Jump Kick|p1a: Tornadus
|-resisted|p1a: Tornadus
|-damage|p1a: Tornadus|0 fnt
|faint|p1a: Tornadus
|
|-weather|RainDance|[upkeep]
|
|switch|p1a: Kingdra|Kingdra, M|291\/291
|turn|6
|
|switch|p1a: Swampert|Swampert, M|234\/341
|switch|p2a: Gligar|Gligar, F|333\/333
|
|-weather|RainDance|[upkeep]
|turn|7
|
|detailschange|p1a: Swampert|Swampert-Mega, M
|-mega|p1a: Swampert|Swampert|Swampertite
|move|p1a: Swampert|Waterfall|p2a: Gligar
|-supereffective|p2a: Gligar
|-damage|p2a: Gligar|73\/333
|move|p2a: Gligar|Stealth Rock|p1a: Swampert
|-sidestart|p1: Pheonixmaster|move: Stealth Rock
|
|-weather|RainDance|[upkeep]
|turn|8
|
|move|p1a: Swampert|Waterfall|p2a: Gligar
|-supereffective|p2a: Gligar
|-damage|p2a: Gligar|0 fnt
|faint|p2a: Gligar
|
|-weather|RainDance|[upkeep]
|
|switch|p2a: Snorlax|Snorlax, M|524\/524
|turn|9
|
|move|p1a: Swampert|Waterfall|p2a: Snorlax
|-damage|p2a: Snorlax|140\/524
|move|p2a: Snorlax|Frustration|p1a: Swampert
|-damage|p1a: Swampert|122\/341
|
|-weather|RainDance|[upkeep]
|-heal|p2a: Snorlax|172\/524|[from] item: Leftovers
|turn|10
|
|move|p1a: Swampert|Waterfall|p2a: Snorlax
|-damage|p2a: Snorlax|0 fnt
|faint|p2a: Snorlax
|
|-weather|RainDance|[upkeep]
|
|switch|p2a: Mienshao|Mienshao, M|271\/271
|turn|11
|
|move|p2a: Mienshao|Jump Kick|p1a: Swampert
|-damage|p1a: Swampert|0 fnt
|faint|p1a: Swampert
|
|-weather|RainDance|[upkeep]
|
|switch|p1a: Toxicroak|Toxicroak, M|307\/307
|-damage|p1a: Toxicroak|288\/307|[from] Stealth Rock
|turn|12
|
|switch|p2a: Diancie|Diancie|241\/241
|move|p1a: Toxicroak|Swords Dance|p1a: Toxicroak
|-boost|p1a: Toxicroak|atk|2
|
|-weather|none
|turn|13
|
|detailschange|p2a: Diancie|Diancie-Mega
|-mega|p2a: Diancie|Diancie|Diancite
|move|p1a: Toxicroak|Drain Punch|p2a: Diancie
|-crit|p2a: Diancie
|-damage|p2a: Diancie|0 fnt
|-heal|p1a: Toxicroak|307\/307|[from] drain|[of] p2a: Diancie
|-damage|p1a: Toxicroak|277\/307|[from] item: Life Orb
|faint|p2a: Diancie
|
|c|âklos|yea gg
|-message|klos forfeited.
|leave|klos
|
|win|Pheonixmaster
|raw|Ladder updating...
|player|p2
|raw|Pheonixmaster's rating: 1525 &rarr; <strong>1540<\/strong><br \/>(+15 for winning)
|raw|klos's rating: 1432 &rarr; <strong>1417<\/strong><br \/>(-15 for losing)