|join|HollowHead
|join|BroteinBraj
|player|p1|HollowHead|80
|player|p2|BroteinBraj|151
|gametype|singles
|gen|6
|tier|OU
|rated
|clearpoke
|poke|p1|Wobbuffet, F
|poke|p1|Ditto
|poke|p1|Zapdos
|poke|p1|Mawile, F
|poke|p1|Breloom, F
|poke|p1|Kyurem-Black
|poke|p2|Pinsir, M
|poke|p2|Latios, M
|poke|p2|Keldeo
|poke|p2|Landorus-Therian, M
|poke|p2|Thundurus, M
|poke|p2|Aegislash, M
|rule|Sleep Clause Mod: Limit one foe put to sleep
|rule|Species Clause: Limit one of each Pokemon
|rule|OHKO Clause: OHKO moves are banned
|rule|Moody Clause: Moody is banned
|rule|Evasion Moves Clause: Evasion moves are banned
|rule|Endless Battle Clause: Forcing endless battles is banned.
|rule|HP Percentage Mod: HP is reported as percentages
|teampreview
|join|JiangWei23
|
|start
|switch|p1a: Kyurem-Black|Kyurem-Black|391\/391
|switch|p2a: Latios|Latios, M|302\/302
|-ability|p1a: Kyurem-Black|Teravolt
|turn|1
|chat|JiangWei23|yeah ditto!
|chat|HollowHead|:D
|
|switch|p2a: Aegislash|Aegislash, M|324\/324
|switch|p1a: Mawile|Mawile, F|304\/304
|-ability|p1a: Mawile|Intimidate|[of] p2a: Aegislash
|-unboost|p2a: Aegislash|atk|1
|
|turn|2
|
|switch|p2a: Landorus-Therian|Landorus-Therian, M|382\/382
|-ability|p2a: Landorus-Therian|Intimidate|[of] p1a: Mawile
|-unboost|p1a: Mawile|atk|1
|detailschange|p1a: Mawile|Mawile-Mega, F
|message|Mawile has Mega Evolved into Mega Mawile!
|move|p1a: Mawile|Fire Fang|p2a: Landorus-Therian
|-damage|p2a: Landorus-Therian|299\/382
|
|-heal|p2a: Landorus-Therian|322\/382|[from] item: Leftovers
|turn|3
|
|switch|p1a: Ditto|Ditto|299\/299
|-transform|p1a: Ditto|p2a: Landorus-Therian
|-ability|p1a: Ditto|Intimidate|[of] p2a: Landorus-Therian
|-unboost|p2a: Landorus-Therian|atk|1
|move|p2a: Landorus-Therian|Stealth Rock|p1a: Ditto
|-sidestart|p1: HollowHead|move: Stealth Rock
|
|-heal|p2a: Landorus-Therian|345\/382|[from] item: Leftovers
|turn|4
|
|move|p1a: Ditto|Knock Off|p2a: Landorus-Therian
|-damage|p2a: Landorus-Therian|253\/382
|-enditem|p2a: Landorus-Therian|Leftovers|[from] move: Knock Off|[of] p1a: Ditto
|move|p2a: Landorus-Therian|Knock Off|p1a: Ditto
|-damage|p1a: Ditto|244\/299
|-enditem|p1a: Ditto|Sitrus Berry|[from] move: Knock Off|[of] p2a: Landorus-Therian
|
|turn|5
|
|move|p1a: Ditto|U-turn|p2a: Landorus-Therian
|-resisted|p2a: Landorus-Therian
|-damage|p2a: Landorus-Therian|223\/382
|
|switch|p1a: Zapdos|Zapdos|383\/383
|-damage|p1a: Zapdos|288\/383|[from] Stealth Rock
|-ability|p1a: Zapdos|Pressure
|move|p2a: Landorus-Therian|U-turn|p1a: Zapdos
|-crit|p1a: Zapdos
|-resisted|p1a: Zapdos
|-damage|p1a: Zapdos|243\/383
|chat|JiangWei23|great minds think alike, you two :)
|chat|JiangWei23|and a scarfless ditto...i, too, like to live dangerously
|
|switch|p2a: Keldeo|Keldeo|323\/323
|
|-heal|p1a: Zapdos|266\/383|[from] item: Leftovers
|turn|6
|chat|HollowHead|It's amazing how many mindgames scarfless ditto can cause.
|chat|HollowHead|Worse case scenario, it's on a speed tie.
|
|move|p2a: Keldeo|Hydro Pump|p1a: Zapdos|[miss]
|-miss|p2a: Keldeo|p1a: Zapdos
|move|p1a: Zapdos|Thunderbolt|p2a: Keldeo
|-supereffective|p2a: Keldeo
|-damage|p2a: Keldeo|21\/323
|
|-heal|p1a: Zapdos|289\/383|[from] item: Leftovers
|turn|7
|chat|BroteinBraj|so lame
|
|switch|p1a: Breloom|Breloom, F|262\/262
|-damage|p1a: Breloom|246\/262|[from] Stealth Rock
|move|p2a: Keldeo|Hydro Pump|p1a: Breloom
|-resisted|p1a: Breloom
|-damage|p1a: Breloom|18\/262
|
|turn|8
|chat|JiangWei23|it's risky though, which is why i never ran it. but i definitely see the possibillity
|
|switch|p2a: Aegislash|Aegislash, M|324\/324
|move|p1a: Breloom|Rock Tomb|p2a: Aegislash
|-resisted|p2a: Aegislash
|-damage|p2a: Aegislash|289\/324
|-unboost|p2a: Aegislash|spe|1
|
|-heal|p2a: Aegislash|309\/324|[from] item: Leftovers
|turn|9
|
|switch|p1a: Zapdos|Zapdos|289\/383
|-damage|p1a: Zapdos|194\/383|[from] Stealth Rock
|-ability|p1a: Zapdos|Pressure
|-formechange|p2a: Aegislash|Aegislash-Blade
|move|p2a: Aegislash|Shadow Sneak|p1a: Zapdos
|-damage|p1a: Zapdos|136\/383
|
|-heal|p1a: Zapdos|159\/383|[from] item: Leftovers
|-heal|p2a: Aegislash|324\/324|[from] item: Leftovers
|turn|10
|
|switch|p2a: Keldeo|Keldeo|21\/323
|move|p1a: Zapdos|Defog|p2a: Keldeo
|-unboost|p2a: Keldeo|evasion|1
|-sideend|p1: HollowHead|Stealth Rock|[from] move: Defog|[of] p1a: Zapdos
|
|-heal|p1a: Zapdos|182\/383|[from] item: Leftovers
|turn|11
|
|switch|p1a: Kyurem-Black|Kyurem-Black|391\/391
|-ability|p1a: Kyurem-Black|Teravolt
|move|p2a: Keldeo|Surf|p1a: Kyurem-Black
|-resisted|p1a: Kyurem-Black
|-damage|p1a: Kyurem-Black|263\/391
|
|turn|12
|
|switch|p2a: Latios|Latios, M|302\/302
|move|p1a: Kyurem-Black|Roost|p1a: Kyurem-Black
|-heal|p1a: Kyurem-Black|391\/391
|
|turn|13
|
|switch|p2a: Aegislash|Aegislash, M|324\/324
|move|p1a: Kyurem-Black|Outrage|p2a: Aegislash
|-resisted|p2a: Aegislash
|-damage|p2a: Aegislash|197\/324
|-damage|p1a: Kyurem-Black|352\/391|[from] item: Life Orb
|
|-heal|p2a: Aegislash|217\/324|[from] item: Leftovers
|turn|14
|
|move|p1a: Kyurem-Black|Outrage|p2a: Aegislash
|-resisted|p2a: Aegislash
|-damage|p2a: Aegislash|84\/324
|-damage|p1a: Kyurem-Black|313\/391|[from] item: Life Orb
|-formechange|p2a: Aegislash|Aegislash-Blade
|move|p2a: Aegislash|Iron Head|p1a: Kyurem-Black
|-supereffective|p1a: Kyurem-Black
|-damage|p1a: Kyurem-Black|13\/391
|
|-heal|p2a: Aegislash|104\/324|[from] item: Leftovers
|turn|15
|
|move|p2a: Aegislash|Shadow Sneak|p1a: Kyurem-Black
|-damage|p1a: Kyurem-Black|0 fnt
|faint|p1a: Kyurem-Black
|
|-heal|p2a: Aegislash|124\/324|[from] item: Leftovers
|
|switch|p1a: Zapdos|Zapdos|182\/383
|-ability|p1a: Zapdos|Pressure
|turn|16
|
|switch|p2a: Landorus-Therian|Landorus-Therian, M|223\/382
|-ability|p2a: Landorus-Therian|Intimidate|[of] p1a: Zapdos
|-unboost|p1a: Zapdos|atk|1
|move|p1a: Zapdos|Roost|p1a: Zapdos
|-heal|p1a: Zapdos|374\/383
|
|-heal|p1a: Zapdos|383\/383|[from] item: Leftovers
|turn|17
|
|switch|p1a: Breloom|Breloom, F|18\/262
|move|p2a: Landorus-Therian|Knock Off|p1a: Breloom
|-resisted|p1a: Breloom
|-damage|p1a: Breloom|0 fnt
|faint|p1a: Breloom
|
|
|switch|p1a: Mawile|Mawile-Mega, F|304\/304
|turn|18
|
|move|p2a: Landorus-Therian|Earthquake|p1a: Mawile
|-supereffective|p1a: Mawile
|-damage|p1a: Mawile|38\/304
|move|p1a: Mawile|Play Rough|p2a: Landorus-Therian
|-crit|p2a: Landorus-Therian
|-damage|p2a: Landorus-Therian|0 fnt
|faint|p2a: Landorus-Therian
|
|
|switch|p2a: Pinsir|Pinsir, M|271\/271
|turn|19
|
|detailschange|p2a: Pinsir|Pinsir-Mega, M
|message|Pinsir has Mega Evolved into Mega Pinsir!
|move|p2a: Pinsir|Quick Attack|p1a: Mawile
|-resisted|p1a: Mawile
|-damage|p1a: Mawile|0 fnt
|faint|p1a: Mawile
|
|
|switch|p1a: Wobbuffet|Wobbuffet, F|527\/527
|turn|20
|
|move|p2a: Pinsir|Swords Dance|p2a: Pinsir
|-boost|p2a: Pinsir|atk|2
|move|p1a: Wobbuffet|Encore|p2a: Pinsir
|-start|p2a: Pinsir|Encore
|
|turn|21
|
|move|p2a: Pinsir|Swords Dance|p2a: Pinsir
|-boost|p2a: Pinsir|atk|2
|move|p1a: Wobbuffet|Safeguard|p1a: Wobbuffet
|-sidestart|p1: HollowHead|Safeguard
|
|turn|22
|
|switch|p1a: Ditto|Ditto|244\/299
|-transform|p1a: Ditto|p2a: Pinsir
|move|p2a: Pinsir|Swords Dance|p2a: Pinsir
|-boost|p2a: Pinsir|atk|2
|
|turn|23
|
|move|p2a: Pinsir|Swords Dance|p2a: Pinsir
|-fail|p2a: Pinsir
|move|p1a: Ditto|Return|p2a: Pinsir
|-supereffective|p2a: Pinsir
|-damage|p2a: Pinsir|0 fnt
|faint|p2a: Pinsir
|
|
|switch|p2a: Thundurus|Thundurus, M|300\/300
|turn|24
|
|move|p1a: Ditto|Quick Attack|p2a: Thundurus
|-resisted|p2a: Thundurus
|-damage|p2a: Thundurus|97\/300
|move|p2a: Thundurus|Thunderbolt|p1a: Ditto
|-supereffective|p1a: Ditto
|-damage|p1a: Ditto|0 fnt
|-damage|p2a: Thundurus|67\/300|[from] item: Life Orb
|faint|p1a: Ditto
|
|
|switch|p1a: Zapdos|Zapdos|383\/383
|-ability|p1a: Zapdos|Pressure
|turn|25
|
|move|p2a: Thundurus|Thunderbolt|p1a: Zapdos
|-damage|p1a: Zapdos|156\/383
|-damage|p2a: Thundurus|37\/300|[from] item: Life Orb
|move|p1a: Zapdos|Roost|p1a: Zapdos
|-heal|p1a: Zapdos|348\/383
|
|-heal|p1a: Zapdos|371\/383|[from] item: Leftovers
|-sideend|p1: HollowHead|Safeguard
|turn|26
|
|move|p2a: Thundurus|Thunderbolt|p1a: Zapdos
|-damage|p1a: Zapdos|167\/383
|-damage|p2a: Thundurus|7\/300|[from] item: Life Orb
|move|p1a: Zapdos|Roost|p1a: Zapdos
|-heal|p1a: Zapdos|359\/383
|
|-heal|p1a: Zapdos|382\/383|[from] item: Leftovers
|turn|27
|
|move|p2a: Thundurus|Thunderbolt|p1a: Zapdos
|-damage|p1a: Zapdos|156\/383
|-damage|p2a: Thundurus|0 fnt|[from] item: Life Orb
|faint|p2a: Thundurus
|move|p1a: Zapdos|Roost|p1a: Zapdos
|-heal|p1a: Zapdos|348\/383
|
|-heal|p1a: Zapdos|371\/383|[from] item: Leftovers
|
|switch|p2a: Keldeo|Keldeo|21\/323
|turn|28
|
|move|p2a: Keldeo|Hydro Pump|p1a: Zapdos
|-damage|p1a: Zapdos|68\/383
|move|p1a: Zapdos|Thunderbolt|p2a: Keldeo
|-supereffective|p2a: Keldeo
|-damage|p2a: Keldeo|0 fnt
|faint|p2a: Keldeo
|
|-heal|p1a: Zapdos|91\/383|[from] item: Leftovers
|
|switch|p2a: Latios|Latios, M|302\/302
|turn|29
|chat|JiangWei23|i am so on edge right now
|
|move|p2a: Latios|Surf|p1a: Zapdos
|-damage|p1a: Zapdos|0 fnt
|faint|p1a: Zapdos
|
|chat|HollowHead|Me too, his thinking is getting me so afraid
|
|switch|p1a: Wobbuffet|Wobbuffet, F|527\/527
|turn|30
|
|move|p2a: Latios|Surf|p1a: Wobbuffet
|-damage|p1a: Wobbuffet|410\/527
|move|p1a: Wobbuffet|Mirror Coat|p2a: Latios
|-damage|p2a: Latios|68\/302
|
|-heal|p1a: Wobbuffet|442\/527|[from] item: Leftovers
|turn|31
|
|move|p2a: Latios|Surf|p1a: Wobbuffet
|-damage|p1a: Wobbuffet|331\/527
|move|p1a: Wobbuffet|Mirror Coat|p2a: Latios
|-damage|p2a: Latios|0 fnt
|faint|p2a: Latios
|
|-heal|p1a: Wobbuffet|363\/527|[from] item: Leftovers
|
|switch|p2a: Aegislash|Aegislash, M|124\/324
|turn|32
|chat|JiangWei23|OH GOD HERE WE GO
|chat|HollowHead|All on my prediction here
|
|-formechange|p2a: Aegislash|Aegislash-Blade
|move|p2a: Aegislash|Shadow Ball|p1a: Wobbuffet
|-supereffective|p1a: Wobbuffet
|-damage|p1a: Wobbuffet|0 fnt
|faint|p1a: Wobbuffet
|
|win|BroteinBraj
|raw|Ladder updating...
|raw|HollowHead's rating: 1824 &rarr; <strong>1796<\/strong><br \/>(-28 for losing)
|raw|BroteinBraj's rating: 1690 &rarr; <strong>1717<\/strong><br \/>(+27 for winning)
|chat|HollowHead|or
|chat|HollowHead|he ohko
|chat|HollowHead|nevermind
|chat|HollowHead|GG!
|chat|JiangWei23|gg by all
|chat|BroteinBraj|gg 
|leave|HollowHead
|player|p1
|leave|JiangWei23