|join|HollowHead
|join|RaiRaiden
|player|p1|HollowHead|80
|player|p2|RaiRaiden|237
|gametype|singles
|gen|6
|tier|OU
|rated
|clearpoke
|poke|p1|Celebi
|poke|p1|Blastoise, F
|poke|p1|Bisharp, M, shiny
|poke|p1|Latias, F
|poke|p1|Entei, shiny
|poke|p1|Mamoswine, F
|poke|p2|Skarmory, F
|poke|p2|Chansey, F
|poke|p2|Heatran, F
|poke|p2|Venusaur, M
|poke|p2|Quagsire, M
|poke|p2|Cresselia, F
|rule|Swagger Clause: Swagger is banned
|rule|Baton Pass Clause: Limit one PokÃ©mon knowing Baton Pass
|rule|Sleep Clause Mod: Limit one foe put to sleep
|rule|Species Clause: Limit one of each PokÃ©mon
|rule|OHKO Clause: OHKO moves are banned
|rule|Moody Clause: Moody is banned
|rule|Evasion Moves Clause: Evasion moves are banned
|rule|Endless Battle Clause: Forcing endless battles is banned
|rule|HP Percentage Mod: HP is reported as percentages
|teampreview
|
|start
|switch|p1a: Entei|Entei, shiny|371\/371
|switch|p2a: Heatran|Heatran, F|386\/386
|-ability|p1a: Entei|Pressure
|turn|1
|
|switch|p2a: Quagsire|Quagsire, M|394\/394
|move|p1a: Entei|Bulldoze|p2a: Quagsire
|-crit|p2a: Quagsire
|-damage|p2a: Quagsire|242\/394
|-unboost|p2a: Quagsire|spe|1
|
|-heal|p2a: Quagsire|266\/394|[from] item: Leftovers
|turn|2
|
|switch|p1a: Celebi|Celebi|396\/396
|move|p2a: Quagsire|Recover|p2a: Quagsire
|-heal|p2a: Quagsire|394\/394
|
|turn|3
|
|switch|p2a: Chansey|Chansey, F|703\/703
|move|p1a: Celebi|Calm Mind|p1a: Celebi
|-boost|p1a: Celebi|spa|1
|-boost|p1a: Celebi|spd|1
|
|turn|4
|
|move|p1a: Celebi|Calm Mind|p1a: Celebi
|-boost|p1a: Celebi|spa|1
|-boost|p1a: Celebi|spd|1
|move|p2a: Chansey|Seismic Toss|p1a: Celebi
|-damage|p1a: Celebi|296\/396
|
|-heal|p1a: Celebi|320\/396|[from] item: Leftovers
|turn|5
|
|switch|p2a: Heatran|Heatran, F|386\/386
|move|p1a: Celebi|Calm Mind|p1a: Celebi
|-boost|p1a: Celebi|spa|1
|-boost|p1a: Celebi|spd|1
|
|-heal|p1a: Celebi|344\/396|[from] item: Leftovers
|turn|6
|
|move|p1a: Celebi|Giga Drain|p2a: Heatran
|-resisted|p2a: Heatran
|-damage|p2a: Heatran|328\/386
|-heal|p1a: Celebi|373\/396|[from] drain|[of] p2a: Heatran
|move|p2a: Heatran|Roar|p1a: Celebi
|drag|p1a: Latias|Latias, F|301\/301
|
|-heal|p2a: Heatran|352\/386|[from] item: Leftovers
|turn|7
|
|switch|p1a: Mamoswine|Mamoswine, F|362\/362
|move|p2a: Heatran|Stealth Rock|p1a: Mamoswine
|-sidestart|p1: HollowHead|move: Stealth Rock
|
|-heal|p2a: Heatran|376\/386|[from] item: Leftovers
|turn|8
|
|switch|p2a: Cresselia|Cresselia, F|441\/441
|move|p1a: Mamoswine|Stealth Rock|p2a: Cresselia
|-sidestart|p2: RaiRaiden|move: Stealth Rock
|
|turn|9
|
|switch|p1a: Bisharp|Bisharp, M, shiny|334\/334
|-damage|p1a: Bisharp|314\/334|[from] Stealth Rock
|move|p2a: Cresselia|Toxic|p1a: Bisharp
|-fail|p1a: Bisharp
|
|-heal|p1a: Bisharp|334\/334|[from] item: Leftovers
|turn|10
|
|switch|p2a: Skarmory|Skarmory, F|334\/334
|-damage|p2a: Skarmory|293\/334|[from] Stealth Rock
|move|p1a: Bisharp|Swords Dance|p1a: Bisharp
|-boost|p1a: Bisharp|atk|2
|
|turn|11
|
|move|p1a: Bisharp|Swords Dance|p1a: Bisharp
|-boost|p1a: Bisharp|atk|2
|move|p2a: Skarmory|Counter|p1a: Bisharp
|-fail|p1a: Bisharp
|
|turn|12
|
|move|p1a: Bisharp|Sucker Punch|p2a: Skarmory
|-fail|p2a: Skarmory
|move|p2a: Skarmory|Roost|p2a: Skarmory
|-heal|p2a: Skarmory|334\/334
|
|turn|13
|
|move|p1a: Bisharp|Substitute|p1a: Bisharp
|-start|p1a: Bisharp|Substitute
|-damage|p1a: Bisharp|251\/334
|move|p2a: Skarmory|Counter|p1a: Bisharp
|-fail|p1a: Bisharp
|
|-heal|p1a: Bisharp|271\/334|[from] item: Leftovers
|turn|14
|
|move|p2a: Skarmory|Defog|p1a: Bisharp
|-sideend|p1: HollowHead|Stealth Rock|[from] move: Defog|[of] p1a: Bisharp
|-sideend|p2: RaiRaiden|Stealth Rock|[from] move: Defog|[of] p2a: Skarmory
|move|p1a: Bisharp|Swords Dance|p1a: Bisharp
|-boost|p1a: Bisharp|atk|2
|
|-heal|p1a: Bisharp|291\/334|[from] item: Leftovers
|turn|15
|
|move|p1a: Bisharp|Iron Head|p2a: Skarmory
|-resisted|p2a: Skarmory
|-damage|p2a: Skarmory|132\/334
|-damage|p1a: Bisharp|236\/334|[from] item: Rocky Helmet|[of] p2a: Skarmory
|cant|p2a: Skarmory|flinch
|
|-heal|p1a: Bisharp|256\/334|[from] item: Leftovers
|turn|16
|chat|RaiRaiden|....
|
|switch|p2a: Quagsire|Quagsire, M|394\/394
|move|p1a: Bisharp|Iron Head|p2a: Quagsire
|-resisted|p2a: Quagsire
|-damage|p2a: Quagsire|322\/394
|
|-heal|p1a: Bisharp|276\/334|[from] item: Leftovers
|-heal|p2a: Quagsire|346\/394|[from] item: Leftovers
|turn|17
|
|move|p1a: Bisharp|Sucker Punch|p2a: Quagsire
|-damage|p2a: Quagsire|216\/394
|move|p2a: Quagsire|Earthquake|p1a: Bisharp
|-supereffective|p1a: Bisharp
|-end|p1a: Bisharp|Substitute
|
|-heal|p1a: Bisharp|296\/334|[from] item: Leftovers
|-heal|p2a: Quagsire|240\/394|[from] item: Leftovers
|turn|18
|
|switch|p1a: Celebi|Celebi|373\/396
|move|p2a: Quagsire|Recover|p2a: Quagsire
|-heal|p2a: Quagsire|394\/394
|
|-heal|p1a: Celebi|396\/396|[from] item: Leftovers
|turn|19
|
|switch|p1a: Blastoise|Blastoise, F|362\/362
|switch|p2a: Heatran|Heatran, F|376\/386
|
|-heal|p2a: Heatran|386\/386|[from] item: Leftovers
|turn|20
|
|switch|p2a: Venusaur|Venusaur, M|359\/359
|detailschange|p1a: Blastoise|Blastoise-Mega, F
|message|Blastoise has Mega Evolved into Mega Blastoise!
|move|p1a: Blastoise|Water Spout|p2a: Venusaur
|-resisted|p2a: Venusaur
|-damage|p2a: Venusaur|204\/359
|
|turn|21
|
|switch|p1a: Celebi|Celebi|396\/396
|detailschange|p2a: Venusaur|Venusaur-Mega, M
|message|Venusaur has Mega Evolved into Mega Venusaur!
|move|p2a: Venusaur|Synthesis|p2a: Venusaur
|-heal|p2a: Venusaur|359\/359
|
|turn|22
|
|move|p1a: Celebi|Calm Mind|p1a: Celebi
|-boost|p1a: Celebi|spa|1
|-boost|p1a: Celebi|spd|1
|move|p2a: Venusaur|Sludge Bomb|p1a: Celebi
|-supereffective|p1a: Celebi
|-damage|p1a: Celebi|226\/396
|
|-heal|p1a: Celebi|250\/396|[from] item: Leftovers
|turn|23
|
|switch|p2a: Heatran|Heatran, F|386\/386
|move|p1a: Celebi|Baton Pass|p1a: Celebi
|
|switch|p1a: Blastoise|Blastoise-Mega, F|362\/362
|
|turn|24
|
|switch|p2a: Chansey|Chansey, F|703\/703
|move|p1a: Blastoise|Dark Pulse|p2a: Chansey
|-damage|p2a: Chansey|562\/703
|
|turn|25
|
|move|p1a: Blastoise|Aura Sphere|p2a: Chansey
|-supereffective|p2a: Chansey
|-damage|p2a: Chansey|254\/703
|move|p2a: Chansey|Wish|p2a: Chansey
|
|turn|26
|
|move|p2a: Chansey|Protect|p2a: Chansey
|-singleturn|p2a: Chansey|Protect
|move|p1a: Blastoise|Aura Sphere|p2a: Chansey
|-activate|p2a: Chansey|Protect
|
|-heal|p2a: Chansey|605\/703|[from] move: Wish|[wisher] Chansey
|turn|27
|
|move|p1a: Blastoise|Aura Sphere|p2a: Chansey
|-supereffective|p2a: Chansey
|-damage|p2a: Chansey|321\/703
|move|p2a: Chansey|Wish|p2a: Chansey
|
|turn|28
|
|switch|p1a: Celebi|Celebi|250\/396
|move|p2a: Chansey|Protect|p2a: Chansey
|-fail|p2a: Chansey
|
|-heal|p2a: Chansey|672\/703|[from] move: Wish|[wisher] Chansey
|-heal|p1a: Celebi|274\/396|[from] item: Leftovers
|turn|29
|
|switch|p2a: Heatran|Heatran, F|386\/386
|move|p1a: Celebi|Calm Mind|p1a: Celebi
|-boost|p1a: Celebi|spa|1
|-boost|p1a: Celebi|spd|1
|
|-heal|p1a: Celebi|298\/396|[from] item: Leftovers
|turn|30
|
|move|p1a: Celebi|Baton Pass|p1a: Celebi
|
|switch|p1a: Blastoise|Blastoise-Mega, F|362\/362
|move|p2a: Heatran|Will-O-Wisp|p1a: Blastoise
|-status|p1a: Blastoise|brn
|
|-damage|p1a: Blastoise|317\/362 brn|[from] brn
|turn|31
|
|switch|p2a: Chansey|Chansey, F|672\/703
|move|p1a: Blastoise|Aura Sphere|p2a: Chansey
|-supereffective|p2a: Chansey
|-damage|p2a: Chansey|364\/703
|
|-damage|p1a: Blastoise|272\/362 brn|[from] brn
|turn|32
|
|switch|p1a: Mamoswine|Mamoswine, F|362\/362
|move|p2a: Chansey|Wish|p2a: Chansey
|
|turn|33
|
|move|p2a: Chansey|Protect|p2a: Chansey
|-singleturn|p2a: Chansey|Protect
|move|p1a: Mamoswine|Stealth Rock|p2a: Chansey
|-sidestart|p2: RaiRaiden|move: Stealth Rock
|
|-heal|p2a: Chansey|703\/703|[from] move: Wish|[wisher] Chansey
|turn|34
|
|move|p1a: Mamoswine|Icicle Crash|p2a: Chansey
|-damage|p2a: Chansey|475\/703
|cant|p2a: Chansey|flinch
|
|turn|35
|
|switch|p2a: Quagsire|Quagsire, M|394\/394
|-damage|p2a: Quagsire|370\/394|[from] Stealth Rock
|move|p1a: Mamoswine|Icicle Crash|p2a: Quagsire
|-damage|p2a: Quagsire|243\/394
|
|-heal|p2a: Quagsire|267\/394|[from] item: Leftovers
|turn|36
|
|move|p1a: Mamoswine|Earthquake|p2a: Quagsire
|-damage|p2a: Quagsire|120\/394
|move|p2a: Quagsire|Recover|p2a: Quagsire
|-heal|p2a: Quagsire|317\/394
|
|-heal|p2a: Quagsire|341\/394|[from] item: Leftovers
|turn|37
|
|switch|p1a: Celebi|Celebi|298\/396
|move|p2a: Quagsire|Scald|p1a: Celebi
|-crit|p1a: Celebi
|-resisted|p1a: Celebi
|-damage|p1a: Celebi|247\/396
|
|-heal|p1a: Celebi|271\/396|[from] item: Leftovers
|-heal|p2a: Quagsire|365\/394|[from] item: Leftovers
|turn|38
|
|switch|p2a: Chansey|Chansey, F|475\/703
|-damage|p2a: Chansey|388\/703|[from] Stealth Rock
|move|p1a: Celebi|Baton Pass|p1a: Celebi
|
|switch|p1a: Mamoswine|Mamoswine, F|362\/362
|
|turn|39
|
|switch|p2a: Cresselia|Cresselia, F|441\/441
|-damage|p2a: Cresselia|386\/441|[from] Stealth Rock
|move|p1a: Mamoswine|Earthquake|p2a: Cresselia
|-immune|p2a: Cresselia|[msg]
|
|-heal|p2a: Cresselia|413\/441|[from] item: Leftovers
|turn|40
|
|switch|p1a: Bisharp|Bisharp, M, shiny|296\/334
|switch|p2a: Skarmory|Skarmory, F|132\/334
|-damage|p2a: Skarmory|91\/334|[from] Stealth Rock
|
|-heal|p1a: Bisharp|316\/334|[from] item: Leftovers
|turn|41
|
|switch|p1a: Entei|Entei, shiny|371\/371
|-ability|p1a: Entei|Pressure
|move|p2a: Skarmory|Roost|p2a: Skarmory
|-heal|p2a: Skarmory|258\/334
|
|turn|42
|
|switch|p2a: Quagsire|Quagsire, M|365\/394
|-damage|p2a: Quagsire|341\/394|[from] Stealth Rock
|move|p1a: Entei|Sacred Fire|p2a: Quagsire
|-resisted|p2a: Quagsire
|-damage|p2a: Quagsire|221\/394
|
|-heal|p2a: Quagsire|245\/394|[from] item: Leftovers
|turn|43
|
|move|p1a: Entei|Sacred Fire|p2a: Quagsire
|-resisted|p2a: Quagsire
|-damage|p2a: Quagsire|137\/394
|-status|p2a: Quagsire|brn
|move|p2a: Quagsire|Recover|p2a: Quagsire
|-heal|p2a: Quagsire|334\/394 brn
|
|-heal|p2a: Quagsire|358\/394 brn|[from] item: Leftovers
|-damage|p2a: Quagsire|309\/394 brn|[from] brn
|turn|44
|
|switch|p1a: Blastoise|Blastoise-Mega, F|272\/362 brn
|switch|p2a: Heatran|Heatran, F|386\/386
|-damage|p2a: Heatran|338\/386|[from] Stealth Rock
|
|-heal|p2a: Heatran|362\/386|[from] item: Leftovers
|-damage|p1a: Blastoise|227\/362 brn|[from] brn
|turn|45
|
|switch|p1a: Celebi|Celebi|271\/396
|switch|p2a: Venusaur|Venusaur-Mega, M|359\/359
|-damage|p2a: Venusaur|315\/359|[from] Stealth Rock
|
|-heal|p1a: Celebi|295\/396|[from] item: Leftovers
|turn|46
|
|move|p1a: Celebi|Psychic|p2a: Venusaur
|-supereffective|p2a: Venusaur
|-damage|p2a: Venusaur|75\/359
|move|p2a: Venusaur|Sludge Bomb|p1a: Celebi
|-supereffective|p1a: Celebi
|-damage|p1a: Celebi|31\/396
|
|-heal|p1a: Celebi|55\/396|[from] item: Leftovers
|turn|47
|
|switch|p2a: Chansey|Chansey, F|388\/703
|-damage|p2a: Chansey|301\/703|[from] Stealth Rock
|move|p1a: Celebi|Psychic|p2a: Chansey
|-crit|p2a: Chansey
|-damage|p2a: Chansey|154\/703
|
|-heal|p1a: Celebi|79\/396|[from] item: Leftovers
|turn|48
|
|move|p1a: Celebi|Giga Drain|p2a: Chansey
|-damage|p2a: Chansey|76\/703
|-heal|p1a: Celebi|118\/396|[from] drain|[of] p2a: Chansey
|move|p2a: Chansey|Wish|p2a: Chansey
|
|-heal|p1a: Celebi|142\/396|[from] item: Leftovers
|turn|49
|
|move|p2a: Chansey|Protect|p2a: Chansey
|-singleturn|p2a: Chansey|Protect
|move|p1a: Celebi|Calm Mind|p1a: Celebi
|-boost|p1a: Celebi|spa|1
|-boost|p1a: Celebi|spd|1
|
|-heal|p2a: Chansey|427\/703|[from] move: Wish|[wisher] Chansey
|-heal|p1a: Celebi|166\/396|[from] item: Leftovers
|turn|50
|
|move|p1a: Celebi|Calm Mind|p1a: Celebi
|-boost|p1a: Celebi|spa|1
|-boost|p1a: Celebi|spd|1
|move|p2a: Chansey|Heal Bell|p2a: Chansey
|-cureteam|p2a: Chansey|[from] move: HealBell
|
|-heal|p1a: Celebi|190\/396|[from] item: Leftovers
|turn|51
|
|move|p1a: Celebi|Baton Pass|p1a: Celebi
|
|switch|p1a: Blastoise|Blastoise-Mega, F|227\/362 brn
|move|p2a: Chansey|Seismic Toss|p1a: Blastoise
|-damage|p1a: Blastoise|127\/362 brn
|
|-damage|p1a: Blastoise|82\/362 brn|[from] brn
|turn|52
|
|move|p2a: Chansey|Protect|p2a: Chansey
|-singleturn|p2a: Chansey|Protect
|move|p1a: Blastoise|Dark Pulse|p2a: Chansey
|-activate|p2a: Chansey|Protect
|
|-damage|p1a: Blastoise|37\/362 brn|[from] brn
|turn|53
|
|switch|p2a: Venusaur|Venusaur-Mega, M|75\/359
|-damage|p2a: Venusaur|31\/359|[from] Stealth Rock
|move|p1a: Blastoise|Water Pulse|p2a: Venusaur
|-resisted|p2a: Venusaur
|-damage|p2a: Venusaur|0 fnt
|faint|p2a: Venusaur
|
|-damage|p1a: Blastoise|0 fnt|[from] brn
|faint|p1a: Blastoise
|
|switch|p1a: Entei|Entei, shiny|371\/371
|switch|p2a: Skarmory|Skarmory, F|258\/334
|-damage|p2a: Skarmory|217\/334|[from] Stealth Rock
|-ability|p1a: Entei|Pressure
|turn|54
|
|switch|p2a: Quagsire|Quagsire, M|309\/394
|-damage|p2a: Quagsire|285\/394|[from] Stealth Rock
|move|p1a: Entei|Sacred Fire|p2a: Quagsire
|-resisted|p2a: Quagsire
|-damage|p2a: Quagsire|176\/394
|-status|p2a: Quagsire|brn
|
|-heal|p2a: Quagsire|200\/394 brn|[from] item: Leftovers
|-damage|p2a: Quagsire|151\/394 brn|[from] brn
|turn|55
|
|switch|p1a: Mamoswine|Mamoswine, F|362\/362
|move|p2a: Quagsire|Recover|p2a: Quagsire
|-heal|p2a: Quagsire|348\/394 brn
|
|-heal|p2a: Quagsire|372\/394 brn|[from] item: Leftovers
|-damage|p2a: Quagsire|323\/394 brn|[from] brn
|turn|56
|
|switch|p1a: Celebi|Celebi|190\/396
|switch|p2a: Skarmory|Skarmory, F|217\/334
|-damage|p2a: Skarmory|176\/334|[from] Stealth Rock
|
|-heal|p1a: Celebi|214\/396|[from] item: Leftovers
|turn|57
|
|move|p1a: Celebi|Calm Mind|p1a: Celebi
|-boost|p1a: Celebi|spa|1
|-boost|p1a: Celebi|spd|1
|move|p2a: Skarmory|Defog|p1a: Celebi
|-unboost|p1a: Celebi|evasion|1
|-sideend|p2: RaiRaiden|Stealth Rock|[from] move: Defog|[of] p2a: Skarmory
|
|-heal|p1a: Celebi|238\/396|[from] item: Leftovers
|turn|58
|
|move|p1a: Celebi|Psychic|p2a: Skarmory
|-resisted|p2a: Skarmory
|-damage|p2a: Skarmory|35\/334
|move|p2a: Skarmory|Roost|p2a: Skarmory
|-heal|p2a: Skarmory|202\/334
|
|-heal|p1a: Celebi|262\/396|[from] item: Leftovers
|turn|59
|
|switch|p2a: Heatran|Heatran, F|362\/386
|move|p1a: Celebi|Calm Mind|p1a: Celebi
|-boost|p1a: Celebi|spa|1
|-boost|p1a: Celebi|spd|1
|
|-heal|p1a: Celebi|286\/396|[from] item: Leftovers
|-heal|p2a: Heatran|386\/386|[from] item: Leftovers
|turn|60
|
|move|p1a: Celebi|Psychic|p2a: Heatran
|-crit|p2a: Heatran
|-resisted|p2a: Heatran
|-damage|p2a: Heatran|208\/386
|move|p2a: Heatran|Flamethrower|p1a: Celebi
|-supereffective|p1a: Celebi
|-damage|p1a: Celebi|158\/396
|
|-heal|p1a: Celebi|182\/396|[from] item: Leftovers
|-heal|p2a: Heatran|232\/386|[from] item: Leftovers
|turn|61
|
|move|p1a: Celebi|Psychic|p2a: Heatran
|-resisted|p2a: Heatran
|-damage|p2a: Heatran|121\/386
|move|p2a: Heatran|Stealth Rock|p1a: Celebi
|-sidestart|p1: HollowHead|move: Stealth Rock
|
|-heal|p1a: Celebi|206\/396|[from] item: Leftovers
|-heal|p2a: Heatran|145\/386|[from] item: Leftovers
|turn|62
|
|move|p1a: Celebi|Psychic|p2a: Heatran
|-resisted|p2a: Heatran
|-damage|p2a: Heatran|40\/386
|move|p2a: Heatran|Roar|p1a: Celebi
|drag|p1a: Mamoswine|Mamoswine, F|362\/362
|-damage|p1a: Mamoswine|317\/362|[from] Stealth Rock
|
|-heal|p2a: Heatran|64\/386|[from] item: Leftovers
|turn|63
|
|move|p1a: Mamoswine|Stealth Rock|p2a: Heatran
|-sidestart|p2: RaiRaiden|move: Stealth Rock
|move|p2a: Heatran|Flamethrower|p1a: Mamoswine
|-supereffective|p1a: Mamoswine
|-damage|p1a: Mamoswine|107\/362
|
|-heal|p2a: Heatran|88\/386|[from] item: Leftovers
|turn|64
|
|switch|p2a: Skarmory|Skarmory, F|202\/334
|-damage|p2a: Skarmory|161\/334|[from] Stealth Rock
|move|p1a: Mamoswine|Earthquake|p2a: Skarmory
|-immune|p2a: Skarmory|[msg]
|
|turn|65
|
|move|p1a: Mamoswine|Icicle Crash|p2a: Skarmory
|-damage|p2a: Skarmory|55\/334
|move|p2a: Skarmory|Roost|p2a: Skarmory
|-heal|p2a: Skarmory|222\/334
|
|turn|66
|
|move|p1a: Mamoswine|Icicle Crash|p2a: Skarmory
|-damage|p2a: Skarmory|129\/334
|cant|p2a: Skarmory|flinch
|
|turn|67
|
|move|p1a: Mamoswine|Icicle Crash|p2a: Skarmory
|-damage|p2a: Skarmory|38\/334
|move|p2a: Skarmory|Roost|p2a: Skarmory
|-heal|p2a: Skarmory|205\/334
|
|turn|68
|
|switch|p1a: Latias|Latias, F|301\/301
|-damage|p1a: Latias|264\/301|[from] Stealth Rock
|move|p2a: Skarmory|Roost|p2a: Skarmory
|-heal|p2a: Skarmory|334\/334
|
|-heal|p1a: Latias|282\/301|[from] item: Leftovers
|turn|69
|
|switch|p2a: Chansey|Chansey, F|427\/703
|-damage|p2a: Chansey|340\/703|[from] Stealth Rock
|move|p1a: Latias|Defog|p2a: Chansey
|-unboost|p2a: Chansey|evasion|1
|-sideend|p2: RaiRaiden|Stealth Rock|[from] move: Defog|[of] p2a: Chansey
|-sideend|p1: HollowHead|Stealth Rock|[from] move: Defog|[of] p1a: Latias
|
|-heal|p1a: Latias|300\/301|[from] item: Leftovers
|turn|70
|
|switch|p1a: Entei|Entei, shiny|371\/371
|-ability|p1a: Entei|Pressure
|move|p2a: Chansey|Heal Bell|p2a: Chansey
|-cureteam|p2a: Chansey|[from] move: HealBell
|
|turn|71
|
|move|p2a: Chansey|Protect|p2a: Chansey
|-singleturn|p2a: Chansey|Protect
|move|p1a: Entei|Bulldoze|p2a: Chansey
|-activate|p2a: Chansey|Protect
|
|turn|72
|
|switch|p1a: Celebi|Celebi|206\/396
|switch|p2a: Cresselia|Cresselia, F|413\/441
|
|-heal|p1a: Celebi|230\/396|[from] item: Leftovers
|-heal|p2a: Cresselia|440\/441|[from] item: Leftovers
|turn|73
|
|move|p1a: Celebi|Calm Mind|p1a: Celebi
|-boost|p1a: Celebi|spa|1
|-boost|p1a: Celebi|spd|1
|move|p2a: Cresselia|Toxic|p1a: Celebi
|-status|p1a: Celebi|tox
|
|-heal|p1a: Celebi|254\/396 tox|[from] item: Leftovers
|-heal|p2a: Cresselia|441\/441|[from] item: Leftovers
|-damage|p1a: Celebi|230\/396 tox|[from] psn
|turn|74
|
|move|p1a: Celebi|Baton Pass|p1a: Celebi
|
|switch|p1a: Latias|Latias, F|300\/301
|move|p2a: Cresselia|Ice Beam|p1a: Latias
|-crit|p1a: Latias
|-supereffective|p1a: Latias
|-damage|p1a: Latias|170\/301
|-status|p1a: Latias|frz
|
|-heal|p1a: Latias|188\/301 frz|[from] item: Leftovers
|turn|75
|
|cant|p1a: Latias|frz
|move|p2a: Cresselia|Ice Beam|p1a: Latias
|-supereffective|p1a: Latias
|-damage|p1a: Latias|122\/301 frz
|
|-heal|p1a: Latias|140\/301 frz|[from] item: Leftovers
|turn|76
|
|cant|p1a: Latias|frz
|move|p2a: Cresselia|Ice Beam|p1a: Latias
|-supereffective|p1a: Latias
|-damage|p1a: Latias|74\/301 frz
|
|-heal|p1a: Latias|92\/301 frz|[from] item: Leftovers
|turn|77
|
|cant|p1a: Latias|frz
|move|p2a: Cresselia|Ice Beam|p1a: Latias
|-supereffective|p1a: Latias
|-damage|p1a: Latias|34\/301 frz
|
|-heal|p1a: Latias|52\/301 frz|[from] item: Leftovers
|turn|78
|
|-curestatus|p1a: Latias|frz
|move|p1a: Latias|Recover|p1a: Latias
|-heal|p1a: Latias|203\/301
|move|p2a: Cresselia|Ice Beam|p1a: Latias
|-supereffective|p1a: Latias
|-damage|p1a: Latias|139\/301
|
|-heal|p1a: Latias|157\/301|[from] item: Leftovers
|turn|79
|
|move|p1a: Latias|Recover|p1a: Latias
|-heal|p1a: Latias|301\/301
|move|p2a: Cresselia|Toxic|p1a: Latias
|-status|p1a: Latias|tox
|
|-damage|p1a: Latias|283\/301 tox|[from] psn
|turn|80
|
|move|p1a: Latias|Draco Meteor|p2a: Cresselia
|-damage|p2a: Cresselia|216\/441
|-unboost|p1a: Latias|spa|2
|move|p2a: Cresselia|Psychic|p1a: Latias
|-resisted|p1a: Latias
|-damage|p1a: Latias|259\/301 tox
|
|-heal|p1a: Latias|277\/301 tox|[from] item: Leftovers
|-heal|p2a: Cresselia|243\/441|[from] item: Leftovers
|-damage|p1a: Latias|241\/301 tox|[from] psn
|turn|81
|
|switch|p1a: Bisharp|Bisharp, M, shiny|316\/334
|move|p2a: Cresselia|Moonlight|p2a: Cresselia
|-heal|p2a: Cresselia|441\/441
|
|-heal|p1a: Bisharp|334\/334|[from] item: Leftovers
|turn|82
|
|switch|p2a: Quagsire|Quagsire, M|323\/394
|switch|p1a: Celebi|Celebi|230\/396
|
|-heal|p1a: Celebi|254\/396|[from] item: Leftovers
|-heal|p2a: Quagsire|347\/394|[from] item: Leftovers
|turn|83
|
|switch|p2a: Cresselia|Cresselia, F|441\/441
|move|p1a: Celebi|Calm Mind|p1a: Celebi
|-boost|p1a: Celebi|spa|1
|-boost|p1a: Celebi|spd|1
|
|-heal|p1a: Celebi|278\/396|[from] item: Leftovers
|turn|84
|
|move|p1a: Celebi|Calm Mind|p1a: Celebi
|-boost|p1a: Celebi|spa|1
|-boost|p1a: Celebi|spd|1
|move|p2a: Cresselia|Toxic|p1a: Celebi
|-status|p1a: Celebi|tox
|
|-heal|p1a: Celebi|302\/396 tox|[from] item: Leftovers
|-damage|p1a: Celebi|278\/396 tox|[from] psn
|turn|85
|
|move|p1a: Celebi|Giga Drain|p2a: Cresselia
|-crit|p2a: Cresselia
|-damage|p2a: Cresselia|159\/441
|-heal|p1a: Celebi|396\/396 tox|[from] drain|[of] p2a: Cresselia
|move|p2a: Cresselia|Ice Beam|p1a: Celebi
|-supereffective|p1a: Celebi
|-damage|p1a: Celebi|340\/396 tox
|
|-heal|p1a: Celebi|364\/396 tox|[from] item: Leftovers
|-heal|p2a: Cresselia|186\/441|[from] item: Leftovers
|-damage|p1a: Celebi|316\/396 tox|[from] psn
|turn|86
|chat|RaiRaiden|you are a haxer :\/
|chat|HollowHead|Dude, you got 4 turns of freeze, calm down
|
|move|p1a: Celebi|Giga Drain|p2a: Cresselia
|-damage|p2a: Cresselia|0 fnt
|-heal|p1a: Celebi|396\/396 tox|[from] drain|[of] p2a: Cresselia
|faint|p2a: Cresselia
|
|-damage|p1a: Celebi|324\/396 tox|[from] psn
|chat|RaiRaiden|butt i dont want it
|chat|RaiRaiden|i just want to do toxic
|
|switch|p2a: Chansey|Chansey, F|340\/703
|turn|87
|
|move|p1a: Celebi|Baton Pass|p1a: Celebi
|
|switch|p1a: Latias|Latias, F|241\/301 tox
|move|p2a: Chansey|Wish|p2a: Chansey
|
|-heal|p1a: Latias|259\/301 tox|[from] item: Leftovers
|-damage|p1a: Latias|241\/301 tox|[from] psn
|turn|88
|
|move|p2a: Chansey|Protect|p2a: Chansey
|-singleturn|p2a: Chansey|Protect
|move|p1a: Latias|Psyshock|p2a: Chansey
|-activate|p2a: Chansey|Protect
|
|-heal|p2a: Chansey|691\/703|[from] move: Wish|[wisher] Chansey
|-heal|p1a: Latias|259\/301 tox|[from] item: Leftovers
|-damage|p1a: Latias|223\/301 tox|[from] psn
|turn|89
|
|move|p1a: Latias|Psyshock|p2a: Chansey
|-damage|p2a: Chansey|327\/703
|move|p2a: Chansey|Wish|p2a: Chansey
|
|-heal|p1a: Latias|241\/301 tox|[from] item: Leftovers
|-damage|p1a: Latias|187\/301 tox|[from] psn
|turn|90
|
|switch|p1a: Celebi|Celebi|324\/396
|move|p2a: Chansey|Protect|p2a: Chansey
|-fail|p2a: Chansey
|
|-heal|p2a: Chansey|678\/703|[from] move: Wish|[wisher] Chansey
|-heal|p1a: Celebi|348\/396|[from] item: Leftovers
|turn|91
|
|move|p1a: Celebi|Calm Mind|p1a: Celebi
|-boost|p1a: Celebi|spa|1
|-boost|p1a: Celebi|spd|1
|move|p2a: Chansey|Wish|p2a: Chansey
|
|-heal|p1a: Celebi|372\/396|[from] item: Leftovers
|turn|92
|
|switch|p2a: Heatran|Heatran, F|88\/386
|move|p1a: Celebi|Psychic|p2a: Heatran
|-resisted|p2a: Heatran
|-damage|p2a: Heatran|12\/386
|
|-heal|p2a: Heatran|363\/386|[from] move: Wish|[wisher] Chansey
|-heal|p1a: Celebi|396\/396|[from] item: Leftovers
|-heal|p2a: Heatran|386\/386|[from] item: Leftovers
|turn|93
|
|move|p1a: Celebi|Psychic|p2a: Heatran
|-crit|p2a: Heatran
|-resisted|p2a: Heatran
|-damage|p2a: Heatran|260\/386
|move|p2a: Heatran|Will-O-Wisp|p1a: Celebi
|-status|p1a: Celebi|brn
|
|-heal|p2a: Heatran|284\/386|[from] item: Leftovers
|-damage|p1a: Celebi|347\/396 brn|[from] brn
|turn|94
|chat|RaiRaiden|._.
|
|switch|p1a: Entei|Entei, shiny|371\/371
|-ability|p1a: Entei|Pressure
|move|p2a: Heatran|Flamethrower|p1a: Entei
|-resisted|p1a: Entei
|-damage|p1a: Entei|293\/371
|
|-heal|p2a: Heatran|308\/386|[from] item: Leftovers
|turn|95
|
|switch|p1a: Mamoswine|Mamoswine, F|107\/362
|switch|p2a: Skarmory|Skarmory, F|334\/334
|
|turn|96
|
|move|p1a: Mamoswine|Stealth Rock|p2a: Skarmory
|-sidestart|p2: RaiRaiden|move: Stealth Rock
|move|p2a: Skarmory|Spikes|p1a: Mamoswine
|-sidestart|p1: HollowHead|Spikes
|
|turn|97
|
|switch|p1a: Entei|Entei, shiny|293\/371
|-damage|p1a: Entei|247\/371|[from] Spikes
|-ability|p1a: Entei|Pressure
|move|p2a: Skarmory|Spikes|p1a: Entei
|-sidestart|p1: HollowHead|Spikes
|
|turn|98
|
|switch|p1a: Latias|Latias, F|187\/301 tox
|switch|p2a: Quagsire|Quagsire, M|347\/394
|-damage|p2a: Quagsire|323\/394|[from] Stealth Rock
|
|-heal|p1a: Latias|205\/301 tox|[from] item: Leftovers
|-heal|p2a: Quagsire|347\/394|[from] item: Leftovers
|-damage|p1a: Latias|187\/301 tox|[from] psn
|turn|99
|
|switch|p2a: Heatran|Heatran, F|308\/386
|-damage|p2a: Heatran|260\/386|[from] Stealth Rock
|move|p1a: Latias|Defog|p2a: Heatran
|-unboost|p2a: Heatran|evasion|1
|-sideend|p2: RaiRaiden|Stealth Rock|[from] move: Defog|[of] p2a: Heatran
|-sideend|p1: HollowHead|Spikes|[from] move: Defog|[of] p1a: Latias
|
|-heal|p1a: Latias|205\/301 tox|[from] item: Leftovers
|-heal|p2a: Heatran|284\/386|[from] item: Leftovers
|-damage|p1a: Latias|169\/301 tox|[from] psn
|turn|100
|
|move|p1a: Latias|Recover|p1a: Latias
|-heal|p1a: Latias|301\/301 tox
|move|p2a: Heatran|Stealth Rock|p1a: Latias
|-sidestart|p1: HollowHead|move: Stealth Rock
|
|-heal|p2a: Heatran|308\/386|[from] item: Leftovers
|-damage|p1a: Latias|247\/301 tox|[from] psn
|turn|101
|
|switch|p1a: Bisharp|Bisharp, M, shiny|334\/334
|-damage|p1a: Bisharp|314\/334|[from] Stealth Rock
|move|p2a: Heatran|Flamethrower|p1a: Bisharp
|-supereffective|p1a: Bisharp
|-damage|p1a: Bisharp|0 fnt
|faint|p1a: Bisharp
|
|-heal|p2a: Heatran|332\/386|[from] item: Leftovers
|
|switch|p1a: Mamoswine|Mamoswine, F|107\/362
|-damage|p1a: Mamoswine|62\/362|[from] Stealth Rock
|turn|102
|
|switch|p2a: Skarmory|Skarmory, F|334\/334
|move|p1a: Mamoswine|Icicle Crash|p2a: Skarmory
|-damage|p2a: Skarmory|237\/334
|
|turn|103
|
|move|p1a: Mamoswine|Icicle Crash|p2a: Skarmory
|-damage|p2a: Skarmory|141\/334
|move|p2a: Skarmory|Spikes|p1a: Mamoswine
|-sidestart|p1: HollowHead|Spikes
|
|turn|104
|
|move|p1a: Mamoswine|Icicle Crash|p2a: Skarmory
|-damage|p2a: Skarmory|39\/334
|cant|p2a: Skarmory|flinch
|
|turn|105
|chat|RaiRaiden|._______:
|
|move|p1a: Mamoswine|Icicle Crash|p2a: Skarmory
|-damage|p2a: Skarmory|0 fnt
|faint|p2a: Skarmory
|
|
|switch|p2a: Quagsire|Quagsire, M|347\/394
|turn|106
|
|move|p1a: Mamoswine|Stealth Rock|p2a: Quagsire
|-sidestart|p2: RaiRaiden|move: Stealth Rock
|move|p2a: Quagsire|Scald|p1a: Mamoswine
|-supereffective|p1a: Mamoswine
|-damage|p1a: Mamoswine|0 fnt
|faint|p1a: Mamoswine
|
|-heal|p2a: Quagsire|371\/394|[from] item: Leftovers
|
|switch|p1a: Celebi|Celebi|347\/396
|-damage|p1a: Celebi|298\/396|[from] Stealth Rock
|-damage|p1a: Celebi|249\/396|[from] Spikes
|turn|107
|
|switch|p2a: Heatran|Heatran, F|332\/386
|-damage|p2a: Heatran|284\/386|[from] Stealth Rock
|move|p1a: Celebi|Calm Mind|p1a: Celebi
|-boost|p1a: Celebi|spa|1
|-boost|p1a: Celebi|spd|1
|
|-heal|p1a: Celebi|273\/396|[from] item: Leftovers
|-heal|p2a: Heatran|308\/386|[from] item: Leftovers
|turn|108
|
|move|p1a: Celebi|Calm Mind|p1a: Celebi
|-boost|p1a: Celebi|spa|1
|-boost|p1a: Celebi|spd|1
|move|p2a: Heatran|Flamethrower|p1a: Celebi
|-supereffective|p1a: Celebi
|-damage|p1a: Celebi|139\/396
|-status|p1a: Celebi|brn
|
|-heal|p1a: Celebi|163\/396 brn|[from] item: Leftovers
|-heal|p2a: Heatran|332\/386|[from] item: Leftovers
|-damage|p1a: Celebi|114\/396 brn|[from] brn
|turn|109
|
|move|p1a: Celebi|Baton Pass|p1a: Celebi
|
|switch|p1a: Latias|Latias, F|247\/301 tox
|-damage|p1a: Latias|210\/301 tox|[from] Stealth Rock
|move|p2a: Heatran|Flamethrower|p1a: Latias
|-resisted|p1a: Latias
|-damage|p1a: Latias|183\/301 tox
|
|-heal|p1a: Latias|201\/301 tox|[from] item: Leftovers
|-heal|p2a: Heatran|356\/386|[from] item: Leftovers
|-damage|p1a: Latias|183\/301 tox|[from] psn
|turn|110
|
|switch|p2a: Chansey|Chansey, F|678\/703
|-damage|p2a: Chansey|591\/703|[from] Stealth Rock
|move|p1a: Latias|Recover|p1a: Latias
|-heal|p1a: Latias|301\/301 tox
|
|-damage|p1a: Latias|265\/301 tox|[from] psn
|turn|111
|
|move|p1a: Latias|Psyshock|p2a: Chansey
|-damage|p2a: Chansey|203\/703
|move|p2a: Chansey|Wish|p2a: Chansey
|
|-heal|p1a: Latias|283\/301 tox|[from] item: Leftovers
|-damage|p1a: Latias|229\/301 tox|[from] psn
|turn|112
|
|move|p2a: Chansey|Protect|p2a: Chansey
|-singleturn|p2a: Chansey|Protect
|move|p1a: Latias|Recover|p1a: Latias
|-heal|p1a: Latias|301\/301 tox
|
|-heal|p2a: Chansey|554\/703|[from] move: Wish|[wisher] Chansey
|-damage|p1a: Latias|229\/301 tox|[from] psn
|turn|113
|
|move|p1a: Latias|Defog|p2a: Chansey
|-unboost|p2a: Chansey|evasion|1
|-sideend|p2: RaiRaiden|Stealth Rock|[from] move: Defog|[of] p2a: Chansey
|-sideend|p1: HollowHead|Spikes|[from] move: Defog|[of] p1a: Latias
|-sideend|p1: HollowHead|Stealth Rock|[from] move: Defog|[of] p1a: Latias
|move|p2a: Chansey|Wish|p2a: Chansey
|
|-heal|p1a: Latias|247\/301 tox|[from] item: Leftovers
|-damage|p1a: Latias|157\/301 tox|[from] psn
|turn|114
|
|switch|p1a: Entei|Entei, shiny|247\/371
|-ability|p1a: Entei|Pressure
|move|p2a: Chansey|Seismic Toss|p1a: Entei
|-damage|p1a: Entei|147\/371
|
|-heal|p2a: Chansey|703\/703|[from] move: Wish|[wisher] Chansey
|turn|115
|
|move|p2a: Chansey|Protect|p2a: Chansey
|-singleturn|p2a: Chansey|Protect
|move|p1a: Entei|Stone Edge|p2a: Chansey
|-activate|p2a: Chansey|Protect
|
|turn|116
|
|move|p1a: Entei|Stone Edge|p2a: Chansey
|-damage|p2a: Chansey|435\/703
|move|p2a: Chansey|Wish|p2a: Chansey
|
|turn|117
|
|switch|p1a: Celebi|Celebi|114\/396
|move|p2a: Chansey|Seismic Toss|p1a: Celebi
|-damage|p1a: Celebi|14\/396
|
|-heal|p2a: Chansey|703\/703|[from] move: Wish|[wisher] Chansey
|-heal|p1a: Celebi|38\/396|[from] item: Leftovers
|turn|118
|
|switch|p2a: Heatran|Heatran, F|356\/386
|move|p1a: Celebi|Giga Drain|p2a: Heatran
|-resisted|p2a: Heatran
|-damage|p2a: Heatran|334\/386
|-heal|p1a: Celebi|49\/396|[from] drain|[of] p2a: Heatran
|
|-heal|p1a: Celebi|73\/396|[from] item: Leftovers
|-heal|p2a: Heatran|358\/386|[from] item: Leftovers
|turn|119
|chat|RaiRaiden|you are a good player dude
|chat|HollowHead|Yeah, but looks like I'm out this game.
|
|switch|p1a: Latias|Latias, F|157\/301 tox
|move|p2a: Heatran|Flamethrower|p1a: Latias
|-resisted|p1a: Latias
|-damage|p1a: Latias|108\/301 tox
|
|-heal|p1a: Latias|126\/301 tox|[from] item: Leftovers
|-heal|p2a: Heatran|382\/386|[from] item: Leftovers
|-damage|p1a: Latias|108\/301 tox|[from] psn
|turn|120
|
|move|p1a: Latias|Recover|p1a: Latias
|-heal|p1a: Latias|259\/301 tox
|move|p2a: Heatran|Stealth Rock|p1a: Latias
|-sidestart|p1: HollowHead|move: Stealth Rock
|
|-heal|p1a: Latias|277\/301 tox|[from] item: Leftovers
|-heal|p2a: Heatran|386\/386|[from] item: Leftovers
|-damage|p1a: Latias|241\/301 tox|[from] psn
|turn|121
|chat|HollowHead|Yeah, with rocks, that's game.
|chat|HollowHead|gg!
|chat|RaiRaiden|gg
|-message|HollowHead forfeited.
|
|win|RaiRaiden
|raw|Ladder updating...
|raw|HollowHead's rating: 1681 &rarr; <strong>1659<\/strong><br \/>(-22 for losing)
|raw|RaiRaiden's rating: 1634 &rarr; <strong>1656<\/strong><br \/>(+22 for winning)
|leave|HollowHead
|player|p1