|join|HollowHead
|join|Bl153
|player|p1|HollowHead|80
|player|p2|Bl153|262
|gametype|singles
|gen|6
|tier|OU
|rated
|clearpoke
|poke|p1|Wobbuffet, M
|poke|p1|Ditto
|poke|p1|Zapdos
|poke|p1|Mawile, F
|poke|p1|Breloom, M
|poke|p1|Kyurem-Black
|poke|p2|Tyranitar, M
|poke|p2|Ferrothorn, M
|poke|p2|Goodra, M
|poke|p2|Garchomp, M
|poke|p2|Togekiss, F
|poke|p2|Gengar, M
|rule|Sleep Clause Mod: Limit one foe put to sleep
|rule|Species Clause: Limit one of each Pokemon
|rule|OHKO Clause: OHKO moves are banned
|rule|Moody Clause: Moody is banned
|rule|Evasion Moves Clause: Evasion moves are banned
|rule|Endless Battle Clause: Forcing endless battles is banned.
|rule|HP Percentage Mod: HP is reported as percentages
|teampreview
|chat|Bl153|gl hf
|chat|HollowHead|You too!
|
|start
|switch|p1a: Breloom|Breloom, M|262\/262
|switch|p2a: Togekiss|Togekiss, F|373\/373
|turn|1
|
|switch|p2a: Goodra|Goodra, M|384\/384
|move|p1a: Breloom|Rock Tomb|p2a: Goodra
|-damage|p2a: Goodra|245\/384
|-unboost|p2a: Goodra|spe|1
|
|turn|2
|
|switch|p1a: Mawile|Mawile, F|304\/304
|-ability|p1a: Mawile|Intimidate|[of] p2a: Goodra
|-unboost|p2a: Goodra|atk|1
|move|p2a: Goodra|Dragon Pulse|p1a: Mawile
|-immune|p1a: Mawile|[msg]
|
|turn|3
|
|detailschange|p1a: Mawile|Mawile-Mega, F
|message|Mawile has Mega Evolved into Mega Mawile!
|move|p1a: Mawile|Play Rough|p2a: Goodra
|-crit|p2a: Goodra
|-supereffective|p2a: Goodra
|-damage|p2a: Goodra|0 fnt
|faint|p2a: Goodra
|
|
|switch|p2a: Garchomp|Garchomp, M|357\/357
|turn|4
|
|move|p2a: Garchomp|Fire Blast|p1a: Mawile
|-supereffective|p1a: Mawile
|-damage|p1a: Mawile|60\/304
|-damage|p2a: Garchomp|322\/357|[from] item: Life Orb
|move|p1a: Mawile|Play Rough|p2a: Garchomp|[miss]
|-miss|p1a: Mawile|p2a: Garchomp
|
|turn|5
|
|move|p1a: Mawile|Sucker Punch|p2a: Garchomp
|-damage|p2a: Garchomp|124\/357
|-damage|p1a: Mawile|22\/304|[from] ability: Rough Skin|[of] p2a: Garchomp
|move|p2a: Garchomp|Earthquake|p1a: Mawile
|-supereffective|p1a: Mawile
|-damage|p1a: Mawile|0 fnt
|-damage|p2a: Garchomp|89\/357|[from] item: Life Orb
|faint|p1a: Mawile
|
|chat|Bl153|... phew
|
|switch|p1a: Breloom|Breloom, M|262\/262
|turn|6
|
|switch|p2a: Togekiss|Togekiss, F|373\/373
|move|p1a: Breloom|Mach Punch|p2a: Togekiss
|-resisted|p2a: Togekiss
|-damage|p2a: Togekiss|354\/373
|
|-heal|p2a: Togekiss|373\/373|[from] item: Leftovers
|turn|7
|
|move|p1a: Breloom|Spore|p2a: Togekiss
|-status|p2a: Togekiss|slp
|cant|p2a: Togekiss|slp
|
|turn|8
|
|move|p1a: Breloom|Rock Tomb|p2a: Togekiss
|-supereffective|p2a: Togekiss
|-damage|p2a: Togekiss|211\/373 slp
|-unboost|p2a: Togekiss|spe|1
|-curestatus|p2a: Togekiss|slp
|move|p2a: Togekiss|Thunder Wave|p1a: Breloom
|-status|p1a: Breloom|par
|
|-heal|p2a: Togekiss|234\/373|[from] item: Leftovers
|turn|9
|
|switch|p1a: Zapdos|Zapdos|383\/383
|-ability|p1a: Zapdos|Pressure
|move|p2a: Togekiss|Air Slash|p1a: Zapdos
|-resisted|p1a: Zapdos
|-damage|p1a: Zapdos|332\/383
|
|-heal|p1a: Zapdos|355\/383|[from] item: Leftovers
|-heal|p2a: Togekiss|257\/373|[from] item: Leftovers
|turn|10
|
|switch|p2a: Tyranitar|Tyranitar, M|341\/341
|-weather|Sandstorm
|move|p1a: Zapdos|Heat Wave|p2a: Tyranitar
|-resisted|p2a: Tyranitar
|-damage|p2a: Tyranitar|311\/341
|
|-weather|Sandstorm|[upkeep]
|-damage|p1a: Zapdos|332\/383|[from] sandstorm
|-heal|p1a: Zapdos|355\/383|[from] item: Leftovers
|turn|11
|
|switch|p2a: Garchomp|Garchomp, M|89\/357
|move|p1a: Zapdos|Thunderbolt|p2a: Garchomp
|-immune|p2a: Garchomp|[msg]
|
|-weather|Sandstorm|[upkeep]
|-damage|p1a: Zapdos|332\/383|[from] sandstorm
|-heal|p1a: Zapdos|355\/383|[from] item: Leftovers
|turn|12
|
|move|p2a: Garchomp|Draco Meteor|p1a: Zapdos
|-damage|p1a: Zapdos|133\/383
|-unboost|p2a: Garchomp|spa|2
|-damage|p2a: Garchomp|54\/357|[from] item: Life Orb
|move|p1a: Zapdos|Heat Wave|p2a: Garchomp
|-resisted|p2a: Garchomp
|-damage|p2a: Garchomp|0 fnt
|faint|p2a: Garchomp
|
|-weather|Sandstorm|[upkeep]
|-damage|p1a: Zapdos|110\/383|[from] sandstorm
|-heal|p1a: Zapdos|133\/383|[from] item: Leftovers
|
|switch|p2a: Gengar|Gengar, M|262\/262
|turn|13
|
|move|p2a: Gengar|Shadow Ball|p1a: Zapdos
|-damage|p1a: Zapdos|0 fnt
|faint|p1a: Zapdos
|
|-weather|Sandstorm|[upkeep]
|-damage|p2a: Gengar|246\/262|[from] sandstorm
|
|switch|p1a: Kyurem-Black|Kyurem-Black|391\/391
|-ability|p1a: Kyurem-Black|Teravolt
|turn|14
|
|switch|p2a: Ferrothorn|Ferrothorn, M|352\/352
|move|p1a: Kyurem-Black|Fusion Bolt|p2a: Ferrothorn
|-resisted|p2a: Ferrothorn
|-damage|p2a: Ferrothorn|278\/352
|-damage|p1a: Kyurem-Black|352\/391|[from] item: Life Orb
|
|-weather|none
|-heal|p2a: Ferrothorn|300\/352|[from] item: Leftovers
|turn|15
|
|switch|p1a: Wobbuffet|Wobbuffet, M|527\/527
|move|p2a: Ferrothorn|Gyro Ball|p1a: Wobbuffet
|-damage|p1a: Wobbuffet|449\/527
|
|-heal|p1a: Wobbuffet|481\/527|[from] item: Leftovers
|-heal|p2a: Ferrothorn|322\/352|[from] item: Leftovers
|turn|16
|
|move|p2a: Ferrothorn|Protect|p2a: Ferrothorn
|-singleturn|p2a: Ferrothorn|Protect
|move|p1a: Wobbuffet|Safeguard|p1a: Wobbuffet
|-sidestart|p1: HollowHead|Safeguard
|
|-heal|p1a: Wobbuffet|513\/527|[from] item: Leftovers
|-heal|p2a: Ferrothorn|344\/352|[from] item: Leftovers
|turn|17
|
|move|p1a: Wobbuffet|Encore|p2a: Ferrothorn
|-start|p2a: Ferrothorn|Encore
|move|p2a: Ferrothorn|Protect|p2a: Ferrothorn
|-fail|p2a: Ferrothorn
|
|-heal|p1a: Wobbuffet|527\/527|[from] item: Leftovers
|-heal|p2a: Ferrothorn|352\/352|[from] item: Leftovers
|turn|18
|
|switch|p1a: Kyurem-Black|Kyurem-Black|352\/391
|-ability|p1a: Kyurem-Black|Teravolt
|move|p2a: Ferrothorn|Protect|p2a: Ferrothorn
|-fail|p2a: Ferrothorn
|
|turn|19
|
|move|p2a: Ferrothorn|Protect|p2a: Ferrothorn
|-singleturn|p2a: Ferrothorn|Protect
|move|p1a: Kyurem-Black|Ice Beam|p2a: Ferrothorn
|-activate|p2a: Ferrothorn|Protect
|
|-end|p2a: Ferrothorn|Encore
|turn|20
|
|move|p1a: Kyurem-Black|Ice Beam|p2a: Ferrothorn
|-damage|p2a: Ferrothorn|245\/352
|-damage|p1a: Kyurem-Black|313\/391|[from] item: Life Orb
|move|p2a: Ferrothorn|Leech Seed|p1a: Kyurem-Black
|-start|p1a: Kyurem-Black|move: Leech Seed
|
|-heal|p2a: Ferrothorn|267\/352|[from] item: Leftovers
|-damage|p1a: Kyurem-Black|265\/391|[from] Leech Seed|[of] p2a: Ferrothorn
|-heal|p2a: Ferrothorn|315\/352|[silent]
|-sideend|p1: HollowHead|Safeguard
|turn|21
|
|switch|p1a: Wobbuffet|Wobbuffet, M|527\/527
|move|p2a: Ferrothorn|Spikes|p1a: Wobbuffet
|-sidestart|p1: HollowHead|Spikes
|
|-heal|p2a: Ferrothorn|337\/352|[from] item: Leftovers
|turn|22
|
|move|p1a: Wobbuffet|Encore|p2a: Ferrothorn
|-start|p2a: Ferrothorn|Encore
|move|p2a: Ferrothorn|Spikes|p1a: Wobbuffet
|-sidestart|p1: HollowHead|Spikes
|
|-heal|p2a: Ferrothorn|352\/352|[from] item: Leftovers
|turn|23
|
|switch|p1a: Kyurem-Black|Kyurem-Black|265\/391
|-damage|p1a: Kyurem-Black|200\/391|[from] Spikes
|-ability|p1a: Kyurem-Black|Teravolt
|move|p2a: Ferrothorn|Spikes|p1a: Kyurem-Black
|-sidestart|p1: HollowHead|Spikes
|
|turn|24
|
|move|p1a: Kyurem-Black|Ice Beam|p2a: Ferrothorn
|-damage|p2a: Ferrothorn|249\/352
|-damage|p1a: Kyurem-Black|161\/391|[from] item: Life Orb
|move|p2a: Ferrothorn|Spikes|p1a: Kyurem-Black
|-fail|p1a: Kyurem-Black
|
|-heal|p2a: Ferrothorn|271\/352|[from] item: Leftovers
|-end|p2a: Ferrothorn|Encore
|turn|25
|
|move|p1a: Kyurem-Black|Roost|p1a: Kyurem-Black
|-heal|p1a: Kyurem-Black|357\/391
|move|p2a: Ferrothorn|Leech Seed|p1a: Kyurem-Black
|-start|p1a: Kyurem-Black|move: Leech Seed
|
|-heal|p2a: Ferrothorn|293\/352|[from] item: Leftovers
|-damage|p1a: Kyurem-Black|309\/391|[from] Leech Seed|[of] p2a: Ferrothorn
|-heal|p2a: Ferrothorn|341\/352|[silent]
|turn|26
|
|switch|p2a: Togekiss|Togekiss, F|257\/373
|move|p1a: Kyurem-Black|Ice Beam|p2a: Togekiss
|-supereffective|p2a: Togekiss
|-damage|p2a: Togekiss|0 fnt
|-damage|p1a: Kyurem-Black|270\/391|[from] item: Life Orb
|faint|p2a: Togekiss
|
|
|switch|p2a: Gengar|Gengar, M|246\/262
|turn|27
|
|move|p2a: Gengar|Dazzling Gleam|p1a: Kyurem-Black
|-supereffective|p1a: Kyurem-Black
|-damage|p1a: Kyurem-Black|0 fnt
|faint|p1a: Kyurem-Black
|
|
|switch|p1a: Ditto|Ditto|299\/299
|-damage|p1a: Ditto|225\/299|[from] Spikes
|-transform|p1a: Ditto|p2a: Gengar
|turn|28
|
|switch|p2a: Tyranitar|Tyranitar, M|311\/341
|-weather|Sandstorm
|move|p1a: Ditto|Focus Blast|p2a: Tyranitar|[miss]
|-miss|p1a: Ditto|p2a: Tyranitar
|
|-weather|Sandstorm|[upkeep]
|-damage|p1a: Ditto|207\/299|[from] sandstorm
|turn|29
|
|switch|p2a: Gengar|Gengar, M|246\/262
|move|p1a: Ditto|Focus Blast|p2a: Gengar
|-immune|p2a: Gengar|[msg]
|
|-weather|Sandstorm|[upkeep]
|-damage|p2a: Gengar|230\/262|[from] sandstorm
|-damage|p1a: Ditto|189\/299|[from] sandstorm
|turn|30
|
|move|p1a: Ditto|Shadow Ball|p2a: Gengar
|-supereffective|p2a: Gengar
|-damage|p2a: Gengar|0 fnt
|faint|p2a: Gengar
|
|-weather|Sandstorm|[upkeep]
|-damage|p1a: Ditto|171\/299|[from] sandstorm
|
|switch|p2a: Tyranitar|Tyranitar, M|311\/341
|turn|31
|
|detailschange|p2a: Tyranitar|Tyranitar-Mega, M
|message|Tyranitar has Mega Evolved into Mega Tyranitar!
|move|p1a: Ditto|Dazzling Gleam|p2a: Tyranitar
|-supereffective|p2a: Tyranitar
|-damage|p2a: Tyranitar|201\/341
|move|p2a: Tyranitar|Dragon Dance|p2a: Tyranitar
|-boost|p2a: Tyranitar|atk|1
|-boost|p2a: Tyranitar|spe|1
|
|-weather|Sandstorm|[upkeep]
|-damage|p1a: Ditto|153\/299|[from] sandstorm
|turn|32
|
|move|p2a: Tyranitar|Crunch|p1a: Ditto
|-supereffective|p1a: Ditto
|-damage|p1a: Ditto|0 fnt
|faint|p1a: Ditto
|
|-weather|none
|
|switch|p1a: Breloom|Breloom, M|262\/262 par
|-damage|p1a: Breloom|197\/262 par|[from] Spikes
|turn|33
|
|switch|p2a: Ferrothorn|Ferrothorn, M|341\/352
|cant|p1a: Breloom|par
|
|-heal|p2a: Ferrothorn|352\/352|[from] item: Leftovers
|turn|34
|
|move|p1a: Breloom|Mach Punch|p2a: Ferrothorn
|-supereffective|p2a: Ferrothorn
|-damage|p2a: Ferrothorn|194\/352
|-damage|p1a: Breloom|165\/262 par|[from] ability: Iron Barbs|[of] p2a: Ferrothorn
|move|p2a: Ferrothorn|Gyro Ball|p1a: Breloom
|-damage|p1a: Breloom|111\/262 par
|
|-heal|p2a: Ferrothorn|216\/352|[from] item: Leftovers
|turn|35
|
|switch|p1a: Wobbuffet|Wobbuffet, M|527\/527
|-damage|p1a: Wobbuffet|396\/527|[from] Spikes
|move|p2a: Ferrothorn|Gyro Ball|p1a: Wobbuffet
|-damage|p1a: Wobbuffet|323\/527
|
|-heal|p1a: Wobbuffet|355\/527|[from] item: Leftovers
|-heal|p2a: Ferrothorn|238\/352|[from] item: Leftovers
|turn|36
|
|move|p2a: Ferrothorn|Protect|p2a: Ferrothorn
|-singleturn|p2a: Ferrothorn|Protect
|move|p1a: Wobbuffet|Encore|p2a: Ferrothorn
|-activate|p2a: Ferrothorn|Protect
|
|-heal|p1a: Wobbuffet|387\/527|[from] item: Leftovers
|-heal|p2a: Ferrothorn|260\/352|[from] item: Leftovers
|turn|37
|
|move|p1a: Wobbuffet|Safeguard|p1a: Wobbuffet
|-sidestart|p1: HollowHead|Safeguard
|move|p2a: Ferrothorn|Leech Seed|p1a: Wobbuffet
|-start|p1a: Wobbuffet|move: Leech Seed
|
|-heal|p1a: Wobbuffet|419\/527|[from] item: Leftovers
|-heal|p2a: Ferrothorn|282\/352|[from] item: Leftovers
|-damage|p1a: Wobbuffet|354\/527|[from] Leech Seed|[of] p2a: Ferrothorn
|-heal|p2a: Ferrothorn|347\/352|[silent]
|turn|38
|
|move|p2a: Ferrothorn|Protect|p2a: Ferrothorn
|-singleturn|p2a: Ferrothorn|Protect
|move|p1a: Wobbuffet|Encore|p2a: Ferrothorn
|-activate|p2a: Ferrothorn|Protect
|
|-heal|p1a: Wobbuffet|386\/527|[from] item: Leftovers
|-heal|p2a: Ferrothorn|352\/352|[from] item: Leftovers
|-damage|p1a: Wobbuffet|321\/527|[from] Leech Seed|[of] p2a: Ferrothorn
|turn|39
|
|move|p1a: Wobbuffet|Encore|p2a: Ferrothorn
|-start|p2a: Ferrothorn|Encore
|move|p2a: Ferrothorn|Protect|p2a: Ferrothorn
|-fail|p2a: Ferrothorn
|
|-heal|p1a: Wobbuffet|353\/527|[from] item: Leftovers
|-damage|p1a: Wobbuffet|288\/527|[from] Leech Seed|[of] p2a: Ferrothorn
|turn|40
|
|move|p2a: Ferrothorn|Protect|p2a: Ferrothorn
|-singleturn|p2a: Ferrothorn|Protect
|move|p1a: Wobbuffet|Counter|p2a: Ferrothorn
|-activate|p2a: Ferrothorn|Protect
|
|-heal|p1a: Wobbuffet|320\/527|[from] item: Leftovers
|-damage|p1a: Wobbuffet|255\/527|[from] Leech Seed|[of] p2a: Ferrothorn
|turn|41
|
|move|p2a: Ferrothorn|Protect|p2a: Ferrothorn
|-fail|p2a: Ferrothorn
|move|p1a: Wobbuffet|Counter|p2a: Ferrothorn
|-fail|p2a: Ferrothorn
|
|-heal|p1a: Wobbuffet|287\/527|[from] item: Leftovers
|-damage|p1a: Wobbuffet|222\/527|[from] Leech Seed|[of] p2a: Ferrothorn
|-end|p2a: Ferrothorn|Encore
|-sideend|p1: HollowHead|Safeguard
|turn|42
|chat|HollowHead|gg
|chat|Bl153|gg
|
|move|p2a: Ferrothorn|Gyro Ball|p1a: Wobbuffet
|-damage|p1a: Wobbuffet|153\/527
|move|p1a: Wobbuffet|Counter|p2a: Ferrothorn
|-damage|p2a: Ferrothorn|214\/352
|-damage|p1a: Wobbuffet|88\/527|[from] ability: Iron Barbs|[of] p2a: Ferrothorn
|
|-heal|p1a: Wobbuffet|120\/527|[from] item: Leftovers
|-heal|p2a: Ferrothorn|236\/352|[from] item: Leftovers
|-damage|p1a: Wobbuffet|55\/527|[from] Leech Seed|[of] p2a: Ferrothorn
|-heal|p2a: Ferrothorn|301\/352|[silent]
|turn|43
|
|move|p2a: Ferrothorn|Protect|p2a: Ferrothorn
|-singleturn|p2a: Ferrothorn|Protect
|move|p1a: Wobbuffet|Counter|p2a: Ferrothorn
|-activate|p2a: Ferrothorn|Protect
|
|-heal|p1a: Wobbuffet|87\/527|[from] item: Leftovers
|-heal|p2a: Ferrothorn|323\/352|[from] item: Leftovers
|-damage|p1a: Wobbuffet|22\/527|[from] Leech Seed|[of] p2a: Ferrothorn
|-heal|p2a: Ferrothorn|352\/352|[silent]
|turn|44
|
|move|p2a: Ferrothorn|Leech Seed|p1a: Wobbuffet
|-fail|p1a: Wobbuffet
|move|p1a: Wobbuffet|Counter|p2a: Ferrothorn
|-fail|p2a: Ferrothorn
|
|-heal|p1a: Wobbuffet|54\/527|[from] item: Leftovers
|-damage|p1a: Wobbuffet|0 fnt|[from] Leech Seed|[of] p2a: Ferrothorn
|faint|p1a: Wobbuffet
|
|switch|p1a: Breloom|Breloom, M|111\/262 par
|-damage|p1a: Breloom|46\/262 par|[from] Spikes
|turn|45
|
|move|p1a: Breloom|Bullet Seed|p2a: Ferrothorn
|-resisted|p2a: Ferrothorn
|-damage|p2a: Ferrothorn|340\/352
|-resisted|p2a: Ferrothorn
|-damage|p2a: Ferrothorn|327\/352
|-resisted|p2a: Ferrothorn
|-damage|p2a: Ferrothorn|316\/352
|-resisted|p2a: Ferrothorn
|-damage|p2a: Ferrothorn|304\/352
|-resisted|p2a: Ferrothorn
|-damage|p2a: Ferrothorn|293\/352
|-hitcount|p2a: Ferrothorn|5
|move|p2a: Ferrothorn|Gyro Ball|p1a: Breloom
|-damage|p1a: Breloom|0 fnt
|faint|p1a: Breloom
|
|win|Bl153
|raw|Ladder updating...
|chat|Bl153|gg
|raw|HollowHead's rating: 1731 &rarr; <strong>1709<\/strong><br \/>(-22 for losing)
|raw|Bl153's rating: 1688 &rarr; <strong>1710<\/strong><br \/>(+22 for winning)
|leave|HollowHead
|player|p1