|join|Kanzer2
|join|HollowHead
|player|p1|Kanzer2|25
|player|p2|HollowHead|1
|gametype|singles
|gen|6
|tier|OU
|rated
|clearpoke
|poke|p1|Gliscor, M, shiny
|poke|p1|Sableye, M
|poke|p1|Talonflame, M, shiny
|poke|p1|Greninja, M
|poke|p1|Heatran, M, shiny
|poke|p1|Pinsir, M, shiny
|poke|p2|Deoxys-Defense
|poke|p2|Landorus, M
|poke|p2|Excadrill, F
|poke|p2|Starmie
|poke|p2|Ferrothorn, M
|poke|p2|Cloyster, M
|rule|Sleep Clause Mod: Limit one foe put to sleep
|rule|Species Clause: Limit one of each Pokemon
|rule|OHKO Clause: OHKO moves are banned
|rule|Moody Clause: Moody is banned
|rule|Evasion Moves Clause: Evasion moves are banned
|rule|Endless Battle Clause: Forcing endless battles is banned.
|rule|HP Percentage Mod: HP is reported as percentages
|teampreview
|
|start
|switch|p1a: Sableye|Sableye, M|303\/303
|switch|p2a: Ferrothorn|Ferrothorn, M|352\/352
|turn|1
|
|move|p1a: Sableye|Taunt|p2a: Ferrothorn
|-start|p2a: Ferrothorn|move: Taunt
|move|p2a: Ferrothorn|Knock Off|p1a: Sableye
|-damage|p1a: Sableye|214\/303
|-enditem|p1a: Sableye|Leftovers|[from] move: Knock Off|[of] p2a: Ferrothorn
|
|turn|2
|
|switch|p2a: Starmie|Starmie|261\/261
|move|p1a: Sableye|Will-O-Wisp|p2a: Starmie
|-status|p2a: Starmie|brn
|
|-damage|p2a: Starmie|229\/261 brn|[from] brn
|turn|3
|
|move|p1a: Sableye|Recover|p1a: Sableye
|-heal|p1a: Sableye|303\/303
|move|p2a: Starmie|Hydro Pump|p1a: Sableye
|-damage|p1a: Sableye|95\/303
|-damage|p2a: Starmie|203\/261 brn|[from] item: Life Orb
|
|-damage|p2a: Starmie|171\/261 brn|[from] brn
|turn|4
|
|move|p1a: Sableye|Recover|p1a: Sableye
|-heal|p1a: Sableye|247\/303
|move|p2a: Starmie|Hydro Pump|p1a: Sableye|[miss]
|-miss|p2a: Starmie|p1a: Sableye
|
|-damage|p2a: Starmie|139\/261 brn|[from] brn
|turn|5
|
|move|p2a: Starmie|Hydro Pump|p1a: Sableye
|-damage|p1a: Sableye|51\/303
|-damage|p2a: Starmie|113\/261 brn|[from] item: Life Orb
|move|p1a: Sableye|Knock Off|p2a: Starmie
|-supereffective|p2a: Starmie
|-damage|p2a: Starmie|0 fnt
|faint|p2a: Starmie
|
|
|switch|p2a: Landorus|Landorus, M|320\/320
|turn|6
|
|switch|p1a: Gliscor|Gliscor, M, shiny|354\/354
|move|p2a: Landorus|Gravity|p2a: Landorus
|-fieldstart|move: Gravity
|
|-status|p1a: Gliscor|tox|[from] item: Toxic Orb
|turn|7
|
|move|p2a: Landorus|Earth Power|p1a: Gliscor
|-crit|p1a: Gliscor
|-damage|p1a: Gliscor|0 fnt
|faint|p1a: Gliscor
|
|
|switch|p1a: Sableye|Sableye, M|51\/303
|turn|8
|
|move|p1a: Sableye|Recover|p1a: Sableye
|-heal|p1a: Sableye|203\/303
|move|p2a: Landorus|Earth Power|p1a: Sableye
|-damage|p1a: Sableye|0 fnt
|faint|p1a: Sableye
|
|
|switch|p1a: Pinsir|Pinsir, M, shiny|271\/271
|-ability|p1a: Pinsir|Mold Breaker
|turn|9
|
|-formechange|p1a: Pinsir|Pinsir-Mega
|message|Pinsir has Mega Evolved into Mega Pinsir!
|move|p1a: Pinsir|Quick Attack|p2a: Landorus
|-damage|p2a: Landorus|197\/320
|move|p2a: Landorus|Sludge Bomb|p1a: Pinsir
|-damage|p1a: Pinsir|92\/271
|
|turn|10
|
|switch|p2a: Ferrothorn|Ferrothorn, M|352\/352
|move|p1a: Pinsir|Quick Attack|p2a: Ferrothorn
|-damage|p2a: Ferrothorn|283\/352
|-damage|p1a: Pinsir|59\/271|[from] ability: Iron Barbs|[of] p2a: Ferrothorn
|
|-heal|p2a: Ferrothorn|305\/352|[from] item: Leftovers
|-fieldend|move: Gravity
|turn|11
|
|switch|p1a: Talonflame|Talonflame, M, shiny|322\/322
|move|p2a: Ferrothorn|Thunder Wave|p1a: Talonflame
|-status|p1a: Talonflame|par
|
|-heal|p2a: Ferrothorn|327\/352|[from] item: Leftovers
|turn|12
|
|move|p1a: Talonflame|Bulk Up|p1a: Talonflame
|-boost|p1a: Talonflame|atk|1
|-boost|p1a: Talonflame|def|1
|move|p2a: Ferrothorn|Gravity|p2a: Ferrothorn
|-fieldstart|move: Gravity
|
|-heal|p2a: Ferrothorn|349\/352|[from] item: Leftovers
|turn|13
|
|switch|p2a: Deoxys-Defense|Deoxys-Defense|304\/304
|-ability|p2a: Deoxys-Defense|Pressure
|move|p1a: Talonflame|Bulk Up|p1a: Talonflame
|-boost|p1a: Talonflame|atk|1
|-boost|p1a: Talonflame|def|1
|
|turn|14
|
|move|p1a: Talonflame|Brave Bird|p2a: Deoxys-Defense
|-damage|p2a: Deoxys-Defense|69\/304
|-damage|p1a: Talonflame|244\/322 par|[from] recoil|[of] p2a: Deoxys-Defense
|-enditem|p2a: Deoxys-Defense|Red Card|[of] p1a: Talonflame
|drag|p1a: Pinsir|Pinsir, M, shiny|59\/271
|-formechange|p1a: Pinsir|Pinsir-Mega
|move|p2a: Deoxys-Defense|Stealth Rock|p1a: Pinsir
|-sidestart|p1: Kanzer2|move: Stealth Rock
|
|turn|15
|
|switch|p2a: Ferrothorn|Ferrothorn, M|349\/352
|move|p1a: Pinsir|Swords Dance|p1a: Pinsir
|-boost|p1a: Pinsir|atk|2
|
|-heal|p2a: Ferrothorn|352\/352|[from] item: Leftovers
|turn|16
|
|move|p1a: Pinsir|Earthquake|p2a: Ferrothorn
|-damage|p2a: Ferrothorn|202\/352
|move|p2a: Ferrothorn|Knock Off|p1a: Pinsir
|-damage|p1a: Pinsir|17\/271
|
|-heal|p2a: Ferrothorn|224\/352|[from] item: Leftovers
|-fieldend|move: Gravity
|turn|17
|
|move|p1a: Pinsir|Return|p2a: Ferrothorn
|-damage|p2a: Ferrothorn|0 fnt
|-damage|p1a: Pinsir|0 fnt|[from] ability: Iron Barbs|[of] p2a: Ferrothorn
|faint|p2a: Ferrothorn
|faint|p1a: Pinsir
|
|
|switch|p1a: Greninja|Greninja, M|286\/286
|-damage|p1a: Greninja|251\/286|[from] Stealth Rock
|switch|p2a: Cloyster|Cloyster, M|241\/241
|turn|18
|
|-start|p1a: Greninja|typechange|Grass|[from] Protean
|move|p1a: Greninja|Grass Knot|p2a: Cloyster
|-supereffective|p2a: Cloyster
|-damage|p2a: Cloyster|0 fnt
|-damage|p1a: Greninja|223\/286|[from] item: Life Orb
|faint|p2a: Cloyster
|
|
|switch|p2a: Deoxys-Defense|Deoxys-Defense|69\/304
|-ability|p2a: Deoxys-Defense|Pressure
|turn|19
|
|-start|p1a: Greninja|typechange|Ice|[from] Protean
|move|p1a: Greninja|Ice Beam|p2a: Deoxys-Defense
|-damage|p2a: Deoxys-Defense|0 fnt
|-damage|p1a: Greninja|195\/286|[from] item: Life Orb
|faint|p2a: Deoxys-Defense
|
|
|switch|p2a: Excadrill|Excadrill, F|424\/424
|-ability|p2a: Excadrill|Mold Breaker
|-item|p2a: Excadrill|Air Balloon
|turn|20
|
|-start|p1a: Greninja|typechange|Water|[from] Protean
|move|p1a: Greninja|Surf|p2a: Excadrill
|-supereffective|p2a: Excadrill
|-damage|p2a: Excadrill|0 fnt
|-enditem|p2a: Excadrill|Air Balloon
|-damage|p1a: Greninja|167\/286|[from] item: Life Orb
|faint|p2a: Excadrill
|
|chat|HollowHead|gg
|
|switch|p2a: Landorus|Landorus, M|197\/320
|turn|21
|
|-start|p1a: Greninja|typechange|Ice|[from] Protean
|move|p1a: Greninja|Ice Beam|p2a: Landorus
|-supereffective|p2a: Landorus
|-damage|p2a: Landorus|0 fnt
|-damage|p1a: Greninja|139\/286|[from] item: Life Orb
|faint|p2a: Landorus
|
|win|Kanzer2
|raw|Ladder updating...
|raw|Kanzer2's rating: 1425 &rarr; <strong>1447<\/strong><br \/>(+22 for winning)
|raw|HollowHead's rating: 1457 &rarr; <strong>1435<\/strong><br \/>(-22 for losing)
|chat|Kanzer2|gg
|leave|HollowHead
|player|p2