|join|HollowHead
|join|Jusselinob
|player|p1|HollowHead|101
|player|p2|Jusselinob|274
|gametype|singles
|gen|6
|tier|OU
|rated
|clearpoke
|poke|p1|Whimsicott, F, shiny
|poke|p1|Gliscor, M
|poke|p1|Kyurem-Black
|poke|p1|Medicham, M
|poke|p1|Excadrill, M
|poke|p1|Latias, F
|poke|p2|Charizard, M
|poke|p2|Volcarona, M
|poke|p2|Mandibuzz, F
|poke|p2|Florges, F
|poke|p2|Landorus-Therian, M
|poke|p2|Rotom-Wash
|rule|Sleep Clause Mod: Limit one foe put to sleep
|rule|Species Clause: Limit one of each Pokemon
|rule|OHKO Clause: OHKO moves are banned
|rule|Moody Clause: Moody is banned
|rule|Evasion Moves Clause: Evasion moves are banned
|rule|Endless Battle Clause: Forcing endless battles is banned.
|rule|HP Percentage Mod: HP is reported as percentages
|teampreview
|
|start
|switch|p1a: Latias|Latias, F|364\/364
|switch|p2a: Landorus-Therian|Landorus-Therian, M|320\/320
|-ability|p2a: Landorus-Therian|Intimidate|[of] p1a: Latias
|-unboost|p1a: Latias|atk|1
|turn|1
|
|move|p2a: Landorus-Therian|Knock Off|p1a: Latias
|-supereffective|p1a: Latias
|-damage|p1a: Latias|84\/364
|-enditem|p1a: Latias|Leftovers|[from] move: Knock Off|[of] p2a: Landorus-Therian
|move|p1a: Latias|Draco Meteor|p2a: Landorus-Therian
|-damage|p2a: Landorus-Therian|128\/320
|-unboost|p1a: Latias|spa|2
|
|turn|2
|
|switch|p1a: Medicham|Medicham, M|261\/261
|move|p2a: Landorus-Therian|Knock Off|p1a: Medicham
|-damage|p1a: Medicham|149\/261
|
|turn|3
|
|switch|p2a: Volcarona|Volcarona, M|311\/311
|-formechange|p1a: Medicham|Medicham-Mega
|message|Medicham has Mega Evolved into Mega Medicham!
|move|p1a: Medicham|Bullet Punch|p2a: Volcarona
|-resisted|p2a: Volcarona
|-damage|p2a: Volcarona|261\/311
|
|-heal|p2a: Volcarona|280\/311|[from] item: Leftovers
|turn|4
|
|switch|p1a: Whimsicott|Whimsicott, F, shiny|324\/324
|move|p2a: Volcarona|Quiver Dance|p2a: Volcarona
|-boost|p2a: Volcarona|spa|1
|-boost|p2a: Volcarona|spd|1
|-boost|p2a: Volcarona|spe|1
|
|-heal|p2a: Volcarona|299\/311|[from] item: Leftovers
|turn|5
|
|move|p1a: Whimsicott|Encore|p2a: Volcarona
|-start|p2a: Volcarona|Encore
|move|p2a: Volcarona|Quiver Dance|p2a: Volcarona
|-boost|p2a: Volcarona|spa|1
|-boost|p2a: Volcarona|spd|1
|-boost|p2a: Volcarona|spe|1
|
|-heal|p2a: Volcarona|311\/311|[from] item: Leftovers
|turn|6
|
|switch|p2a: Charizard|Charizard, M|297\/297
|move|p1a: Whimsicott|Leech Seed|p2a: Charizard
|-start|p2a: Charizard|move: Leech Seed
|
|-damage|p2a: Charizard|260\/297|[from] Leech Seed|[of] p1a: Whimsicott
|turn|7
|
|switch|p1a: Latias|Latias, F|84\/364
|-formechange|p2a: Charizard|Charizard-Mega-Y
|message|Charizard has Mega Evolved into Mega Charizard!
|-weather|SunnyDay
|move|p2a: Charizard|Fire Blast|p1a: Latias
|-resisted|p1a: Latias
|-damage|p1a: Latias|0 fnt
|faint|p1a: Latias
|
|-weather|SunnyDay|[upkeep]
|
|switch|p1a: Medicham|Medicham, M|149\/261
|-formechange|p1a: Medicham|Medicham-Mega
|turn|8
|
|move|p1a: Medicham|Psycho Cut|p2a: Charizard
|-damage|p2a: Charizard|11\/297
|move|p2a: Charizard|Fire Blast|p1a: Medicham
|-damage|p1a: Medicham|0 fnt
|faint|p1a: Medicham
|
|-weather|SunnyDay|[upkeep]
|
|switch|p1a: Gliscor|Gliscor, M|354\/354
|turn|9
|
|switch|p2a: Volcarona|Volcarona, M|311\/311
|move|p1a: Gliscor|Protect|p1a: Gliscor
|-fail|p1a: Gliscor
|
|-weather|SunnyDay|[upkeep]
|-status|p1a: Gliscor|tox|[from] item: Toxic Orb
|turn|10
|
|move|p2a: Volcarona|Fiery Dance|p1a: Gliscor
|-damage|p1a: Gliscor|69\/354 tox
|-boost|p2a: Volcarona|spa|1
|move|p1a: Gliscor|Knock Off|p2a: Volcarona
|-damage|p2a: Volcarona|224\/311
|-enditem|p2a: Volcarona|Leftovers|[from] move: Knock Off|[of] p1a: Gliscor
|
|-weather|SunnyDay|[upkeep]
|-heal|p1a: Gliscor|113\/354 tox|[from] ability: Poison Heal
|turn|11
|
|switch|p1a: Whimsicott|Whimsicott, F, shiny|324\/324
|move|p2a: Volcarona|Fiery Dance|p1a: Whimsicott
|-supereffective|p1a: Whimsicott
|-damage|p1a: Whimsicott|0 fnt
|faint|p1a: Whimsicott
|
|-weather|none
|
|switch|p1a: Kyurem-Black|Kyurem-Black|391\/391
|-ability|p1a: Kyurem-Black|Teravolt
|turn|12
|
|move|p1a: Kyurem-Black|Fusion Bolt|p2a: Volcarona
|-damage|p2a: Volcarona|0 fnt
|-damage|p1a: Kyurem-Black|352\/391|[from] item: Life Orb
|faint|p2a: Volcarona
|
|
|switch|p2a: Landorus-Therian|Landorus-Therian, M|128\/320
|-ability|p2a: Landorus-Therian|Intimidate|[of] p1a: Kyurem-Black
|-unboost|p1a: Kyurem-Black|atk|1
|turn|13
|
|switch|p1a: Gliscor|Gliscor, M|113\/354 tox
|move|p2a: Landorus-Therian|Stone Edge|p1a: Gliscor
|-damage|p1a: Gliscor|22\/354 tox
|
|-heal|p1a: Gliscor|66\/354 tox|[from] ability: Poison Heal
|turn|14
|
|switch|p2a: Charizard|Charizard, M|11\/297
|-formechange|p2a: Charizard|Charizard-Mega-Y
|-weather|SunnyDay
|move|p1a: Gliscor|Stealth Rock|p2a: Charizard
|-sidestart|p2: Jusselinob|move: Stealth Rock
|
|-weather|SunnyDay|[upkeep]
|-heal|p1a: Gliscor|110\/354 tox|[from] ability: Poison Heal
|turn|15
|
|move|p1a: Gliscor|Protect|p1a: Gliscor
|-singleturn|p1a: Gliscor|Protect
|move|p2a: Charizard|Dragon Dance|p2a: Charizard
|-boost|p2a: Charizard|atk|1
|-boost|p2a: Charizard|spe|1
|
|-weather|SunnyDay|[upkeep]
|-heal|p1a: Gliscor|154\/354 tox|[from] ability: Poison Heal
|turn|16
|
|move|p2a: Charizard|Fire Blast|p1a: Gliscor
|-damage|p1a: Gliscor|0 fnt
|faint|p1a: Gliscor
|
|-weather|SunnyDay|[upkeep]
|
|switch|p1a: Kyurem-Black|Kyurem-Black|352\/391
|-ability|p1a: Kyurem-Black|Teravolt
|turn|17
|
|move|p2a: Charizard|Fire Blast|p1a: Kyurem-Black
|-damage|p1a: Kyurem-Black|0 fnt
|faint|p1a: Kyurem-Black
|
|-weather|SunnyDay|[upkeep]
|chat|HollowHead|gg
|
|switch|p1a: Excadrill|Excadrill, M|362\/362
|-ability|p1a: Excadrill|Mold Breaker
|-item|p1a: Excadrill|Air Balloon
|turn|18
|
|move|p2a: Charizard|Fire Blast|p1a: Excadrill
|-supereffective|p1a: Excadrill
|-damage|p1a: Excadrill|0 fnt
|-enditem|p1a: Excadrill|Air Balloon
|faint|p1a: Excadrill
|
|win|Jusselinob
|raw|Ladder updating...
|chat|Jusselinob|gg
|raw|HollowHead's rating: 1586 &rarr; <strong>1564<\/strong><br \/>(-22 for losing)
|raw|Jusselinob's rating: 1557 &rarr; <strong>1579<\/strong><br \/>(+22 for winning)
|leave|HollowHead
|player|p1