|join|HollowHead
|join|Neutricity
|player|p1|HollowHead|80
|player|p2|Neutricity|52
|gametype|singles
|gen|6
|tier|OU
|rated
|clearpoke
|poke|p1|Klefki, F
|poke|p1|Gyarados, M
|poke|p1|Alakazam, M
|poke|p1|Trevenant, F
|poke|p1|Thundurus, M
|poke|p1|Garchomp, M
|poke|p2|Klefki, M
|poke|p2|Manectric, M, shiny
|poke|p2|Landorus, M
|poke|p2|Talonflame, M
|poke|p2|Donphan, M, shiny
|poke|p2|Azumarill, F
|rule|Swagger Clause: Swagger is banned
|rule|Baton Pass Clause: Limit one PokÃ©mon knowing Baton Pass
|rule|Sleep Clause Mod: Limit one foe put to sleep
|rule|Species Clause: Limit one of each PokÃ©mon
|rule|OHKO Clause: OHKO moves are banned
|rule|Moody Clause: Moody is banned
|rule|Evasion Moves Clause: Evasion moves are banned
|rule|Endless Battle Clause: Forcing endless battles is banned
|rule|HP Percentage Mod: HP is reported as percentages
|teampreview
|
|start
|switch|p1a: Alakazam|Alakazam, M|252\/252
|switch|p2a: Manectric|Manectric, M, shiny|281\/281
|turn|1
|
|switch|p2a: Ouija|Klefki, M|318\/318
|detailschange|p1a: Alakazam|Alakazam-Mega, M
|message|Alakazam has Mega Evolved into Mega Alakazam!
|-ability|p1a: Alakazam|Prankster|[from] ability: Trace|[of] p2a: Ouija
|move|p1a: Alakazam|Psychic|p2a: Ouija
|-resisted|p2a: Ouija
|-damage|p2a: Ouija|185\/318
|
|turn|2
|
|move|p1a: Alakazam|Taunt|p2a: Ouija
|-start|p2a: Ouija|move: Taunt
|cant|p2a: Ouija|move: Taunt|Light Screen
|
|turn|3
|
|move|p1a: Alakazam|Hidden Power|p2a: Ouija
|-supereffective|p2a: Ouija
|-damage|p2a: Ouija|0 fnt
|faint|p2a: Ouija
|
|
|switch|p2a: Talonflame|Talonflame, M|360\/360
|turn|4
|
|switch|p1a: Gyarados|Gyarados, M|393\/393
|-ability|p1a: Gyarados|Intimidate|[of] p2a: Talonflame
|-unboost|p2a: Talonflame|atk|1
|move|p2a: Talonflame|Brave Bird|p1a: Gyarados
|-damage|p1a: Gyarados|299\/393
|-damage|p2a: Talonflame|329\/360|[from] recoil|[of] p1a: Gyarados
|
|-heal|p2a: Talonflame|351\/360|[from] item: Leftovers
|-heal|p1a: Gyarados|323\/393|[from] item: Leftovers
|turn|5
|
|move|p2a: Talonflame|U-turn|p1a: Gyarados
|-resisted|p1a: Gyarados
|-damage|p1a: Gyarados|303\/393
|
|switch|p2a: Azumarill|Azumarill, F|404\/404
|move|p1a: Gyarados|Waterfall|p2a: Azumarill
|-resisted|p2a: Azumarill
|-damage|p2a: Azumarill|332\/404
|
|-heal|p1a: Gyarados|327\/393|[from] item: Leftovers
|turn|6
|
|switch|p1a: Trevenant|Trevenant, F|374\/374
|move|p2a: Azumarill|Belly Drum|p2a: Azumarill
|-damage|p2a: Azumarill|130\/404
|-setboost|p2a: Azumarill|atk|6|[from] move: Belly Drum
|-enditem|p2a: Azumarill|Sitrus Berry|[eat]
|-heal|p2a: Azumarill|231\/404|[from] item: Sitrus Berry
|
|turn|7
|
|move|p1a: Trevenant|Horn Leech|p2a: Azumarill
|-supereffective|p2a: Azumarill
|-damage|p2a: Azumarill|0 fnt
|faint|p2a: Azumarill
|
|
|switch|p2a: Talonflame|Talonflame, M|351\/360
|turn|8
|
|switch|p1a: Gyarados|Gyarados, M|327\/393
|-ability|p1a: Gyarados|Intimidate|[of] p2a: Talonflame
|-unboost|p2a: Talonflame|atk|1
|move|p2a: Talonflame|Flare Blitz|p1a: Gyarados
|-resisted|p1a: Gyarados
|-damage|p1a: Gyarados|277\/393
|-status|p1a: Gyarados|brn
|-damage|p2a: Talonflame|334\/360|[from] recoil|[of] p1a: Gyarados
|
|-heal|p2a: Talonflame|356\/360|[from] item: Leftovers
|-heal|p1a: Gyarados|301\/393 brn|[from] item: Leftovers
|-damage|p1a: Gyarados|252\/393 brn|[from] brn
|turn|9
|
|move|p2a: Talonflame|U-turn|p1a: Gyarados
|-resisted|p1a: Gyarados
|-damage|p1a: Gyarados|234\/393 brn
|
|switch|p2a: Donphan|Donphan, M, shiny|384\/384
|move|p1a: Gyarados|Rest|p1a: Gyarados
|-status|p1a: Gyarados|slp
|-heal|p1a: Gyarados|393\/393 slp|[silent]
|-status|p1a: Gyarados|slp|[from] move: Rest
|
|turn|10
|
|switch|p2a: Manectric|Manectric, M, shiny|281\/281
|cant|p1a: Gyarados|slp
|move|p1a: Gyarados|Sleep Talk|p1a: Gyarados
|move|p1a: Gyarados|Rest|p1a: Gyarados|[from]Sleep Talk
|-fail|p1a: Gyarados
|
|turn|11
|
|switch|p1a: Alakazam|Alakazam-Mega, M|252\/252
|-ability|p1a: Alakazam|Static|[from] ability: Trace|[of] p2a: Manectric
|detailschange|p2a: Manectric|Manectric-Mega, M, shiny
|message|Manectric has Mega Evolved into Mega Manectric!
|-ability|p2a: Manectric|Intimidate|[of] p1a: Alakazam
|-unboost|p1a: Alakazam|atk|1
|move|p2a: Manectric|Hidden Power|p1a: Alakazam
|-damage|p1a: Alakazam|169\/252
|
|turn|12
|
|move|p2a: Manectric|Overheat|p1a: Alakazam
|-damage|p1a: Alakazam|4\/252
|-unboost|p2a: Manectric|spa|2
|move|p1a: Alakazam|Psychic|p2a: Manectric
|-damage|p2a: Manectric|17\/281
|
|turn|13
|
|switch|p1a: Trevenant|Trevenant, F|374\/374
|move|p2a: Manectric|Hidden Power|p1a: Trevenant
|-supereffective|p1a: Trevenant
|-damage|p1a: Trevenant|288\/374
|
|turn|14
|
|move|p2a: Manectric|Volt Switch|p1a: Trevenant
|-resisted|p1a: Trevenant
|-damage|p1a: Trevenant|251\/374
|
|switch|p2a: Talonflame|Talonflame, M|356\/360
|move|p1a: Trevenant|Shadow Claw|p2a: Talonflame
|-damage|p2a: Talonflame|247\/360
|
|-heal|p2a: Talonflame|269\/360|[from] item: Leftovers
|turn|15
|
|switch|p1a: Thundurus|Thundurus, M|299\/299
|move|p2a: Talonflame|Flare Blitz|p1a: Thundurus
|-damage|p1a: Thundurus|58\/299
|-damage|p2a: Talonflame|189\/360|[from] recoil|[of] p1a: Thundurus
|
|-heal|p2a: Talonflame|211\/360|[from] item: Leftovers
|turn|16
|
|move|p2a: Talonflame|Brave Bird|p1a: Thundurus
|-resisted|p1a: Thundurus
|-damage|p1a: Thundurus|0 fnt
|-damage|p2a: Talonflame|192\/360|[from] recoil|[of] p1a: Thundurus
|faint|p1a: Thundurus
|
|-heal|p2a: Talonflame|214\/360|[from] item: Leftovers
|
|switch|p1a: Klefki|Klefki, F|318\/318
|turn|17
|
|move|p2a: Talonflame|Roost|p2a: Talonflame
|-heal|p2a: Talonflame|360\/360
|move|p1a: Klefki|Spikes|p2a: Talonflame
|-sidestart|p2: Neutricity|Spikes
|
|turn|18
|
|move|p1a: Klefki|Spikes|p2a: Talonflame
|-sidestart|p2: Neutricity|Spikes
|move|p2a: Talonflame|Flare Blitz|p1a: Klefki
|-supereffective|p1a: Klefki
|-damage|p1a: Klefki|52\/318
|-damage|p2a: Talonflame|272\/360|[from] recoil|[of] p1a: Klefki
|
|-heal|p2a: Talonflame|294\/360|[from] item: Leftovers
|-heal|p1a: Klefki|71\/318|[from] item: Leftovers
|turn|19
|
|move|p1a: Klefki|Thunder Wave|p2a: Talonflame
|-status|p2a: Talonflame|par
|move|p2a: Talonflame|Flare Blitz|p1a: Klefki
|-supereffective|p1a: Klefki
|-damage|p1a: Klefki|0 fnt
|-damage|p2a: Talonflame|271\/360 par|[from] recoil|[of] p1a: Klefki
|faint|p1a: Klefki
|
|-heal|p2a: Talonflame|293\/360 par|[from] item: Leftovers
|
|switch|p1a: Gyarados|Gyarados, M|393\/393 slp
|-ability|p1a: Gyarados|Intimidate|[of] p2a: Talonflame
|-unboost|p2a: Talonflame|atk|1
|turn|20
|
|switch|p2a: Donphan|Donphan, M, shiny|384\/384
|-damage|p2a: Donphan|320\/384|[from] Spikes
|cant|p1a: Gyarados|slp
|move|p1a: Gyarados|Sleep Talk|p1a: Gyarados
|move|p1a: Gyarados|Rest|p1a: Gyarados|[from]Sleep Talk
|-fail|p1a: Gyarados
|
|-heal|p2a: Donphan|344\/384|[from] item: Leftovers
|turn|21
|
|switch|p1a: Trevenant|Trevenant, F|251\/374
|move|p2a: Donphan|Stealth Rock|p1a: Trevenant
|-sidestart|p1: HollowHead|move: Stealth Rock
|
|-heal|p2a: Donphan|368\/384|[from] item: Leftovers
|turn|22
|
|switch|p2a: Landorus|Landorus, M|319\/319
|move|p1a: Trevenant|Will-O-Wisp|p2a: Landorus
|-status|p2a: Landorus|brn
|
|-damage|p2a: Landorus|280\/319 brn|[from] brn
|turn|23
|
|switch|p1a: Alakazam|Alakazam-Mega, M|4\/252
|-damage|p1a: Alakazam|0 fnt|[from] Stealth Rock
|faint|p1a: Alakazam
|-ability|p1: Alakazam|Sheer Force|[from] ability: Trace|[of] p2a: Landorus
|move|p2a: Landorus|Sludge Wave|p1: Alakazam|[notarget]
|-notarget
|-ability|p1: Alakazam|Sheer Force|[from] ability: Trace|[of] p2a: Landorus
|
|-damage|p2a: Landorus|241\/319 brn|[from] brn
|
|switch|p1a: Garchomp|Garchomp, M|357\/357
|-damage|p1a: Garchomp|335\/357|[from] Stealth Rock
|turn|24
|
|move|p1a: Garchomp|Outrage|p2a: Landorus
|-damage|p2a: Landorus|27\/319 brn
|move|p2a: Landorus|Earth Power|p1a: Garchomp
|-damage|p1a: Garchomp|22\/357
|
|-damage|p2a: Landorus|0 fnt|[from] brn
|faint|p2a: Landorus
|
|switch|p2a: Donphan|Donphan, M, shiny|368\/384
|-damage|p2a: Donphan|304\/384|[from] Spikes
|turn|25
|
|move|p1a: Garchomp|Outrage|p2a: Donphan
|-damage|p2a: Donphan|109\/384
|move|p2a: Donphan|Rapid Spin|p1a: Garchomp
|-damage|p1a: Garchomp|0 fnt
|-damage|p2a: Donphan|61\/384|[from] ability: Rough Skin|[of] p1a: Garchomp
|-sideend|p2: Neutricity|Spikes|[from] move: Rapid Spin|[of] p2a: Donphan
|faint|p1a: Garchomp
|
|-heal|p2a: Donphan|85\/384|[from] item: Leftovers
|
|switch|p1a: Trevenant|Trevenant, F|251\/374
|-damage|p1a: Trevenant|205\/374|[from] Stealth Rock
|turn|26
|
|switch|p2a: Talonflame|Talonflame, M|293\/360 par
|move|p1a: Trevenant|Rest|p1a: Trevenant
|-status|p1a: Trevenant|slp
|-heal|p1a: Trevenant|374\/374 slp|[silent]
|-status|p1a: Trevenant|slp|[from] move: Rest
|-enditem|p1a: Trevenant|Lum Berry|[eat]
|-curestatus|p1a: Trevenant|slp
|
|-heal|p2a: Talonflame|315\/360 par|[from] item: Leftovers
|-item|p1a: Trevenant|Lum Berry|[from] ability: Harvest
|turn|27
|
|switch|p1a: Gyarados|Gyarados, M|393\/393 slp
|-damage|p1a: Gyarados|295\/393 slp|[from] Stealth Rock
|-ability|p1a: Gyarados|Intimidate|[of] p2a: Talonflame
|-unboost|p2a: Talonflame|atk|1
|cant|p2a: Talonflame|par
|
|-heal|p1a: Gyarados|319\/393 slp|[from] item: Leftovers
|-heal|p2a: Talonflame|337\/360 par|[from] item: Leftovers
|turn|28
|
|move|p2a: Talonflame|Brave Bird|p1a: Gyarados
|-crit|p1a: Gyarados
|-damage|p1a: Gyarados|112\/393 slp
|-damage|p2a: Talonflame|269\/360 par|[from] recoil|[of] p1a: Gyarados
|-curestatus|p1a: Gyarados|slp
|move|p1a: Gyarados|Waterfall|p2a: Talonflame
|-supereffective|p2a: Talonflame
|-damage|p2a: Talonflame|0 fnt
|faint|p2a: Talonflame
|
|-heal|p1a: Gyarados|136\/393|[from] item: Leftovers
|
|switch|p2a: Manectric|Manectric-Mega, M, shiny|17\/281
|-ability|p2a: Manectric|Intimidate|[of] p1a: Gyarados
|-unboost|p1a: Gyarados|atk|1
|turn|29
|
|move|p2a: Manectric|Charge Beam|p1a: Gyarados
|-supereffective|p1a: Gyarados
|-damage|p1a: Gyarados|0 fnt
|faint|p1a: Gyarados
|
|
|switch|p1a: Trevenant|Trevenant, F|374\/374
|-damage|p1a: Trevenant|328\/374|[from] Stealth Rock
|turn|30
|
|move|p2a: Manectric|Overheat|p1a: Trevenant
|-supereffective|p1a: Trevenant
|-damage|p1a: Trevenant|0 fnt
|-unboost|p2a: Manectric|spa|2
|faint|p1a: Trevenant
|
|win|Neutricity
|raw|Ladder updating...
|raw|HollowHead's rating: 1833 &rarr; <strong>1804<\/strong><br \/>(-29 for losing)
|raw|Neutricity's rating: 1656 &rarr; <strong>1686<\/strong><br \/>(+30 for winning)
|chat|Neutricity|gg
|chat|HollowHead|gg
|chat|Neutricity|amazing