|join|G123Rocks
|join|HollowHead
|player|p1|G123Rocks|290
|player|p2|HollowHead|80
|gametype|singles
|gen|6
|tier|OU
|rated
|clearpoke
|poke|p1|Dragonite, M
|poke|p1|Heatran, M
|poke|p1|Skarmory, M
|poke|p1|Landorus-Therian, M
|poke|p1|Medicham, F
|poke|p1|Azumarill, F
|poke|p2|Klefki, F
|poke|p2|Bisharp, M
|poke|p2|Alakazam, M
|poke|p2|Trevenant, F
|poke|p2|Thundurus, M
|poke|p2|Garchomp, M
|rule|Swagger Clause: Swagger is banned
|rule|Baton Pass Clause: Limit one PokÃ©mon knowing Baton Pass
|rule|Sleep Clause Mod: Limit one foe put to sleep
|rule|Species Clause: Limit one of each PokÃ©mon
|rule|OHKO Clause: OHKO moves are banned
|rule|Moody Clause: Moody is banned
|rule|Evasion Moves Clause: Evasion moves are banned
|rule|Endless Battle Clause: Forcing endless battles is banned
|rule|HP Percentage Mod: HP is reported as percentages
|teampreview
|
|start
|switch|p1a: Medicham|Medicham, F|262\/262
|switch|p2a: Garchomp|Garchomp, M|357\/357
|turn|1
|
|switch|p2a: Trevenant|Trevenant, F|374\/374
|detailschange|p1a: Medicham|Medicham-Mega, F
|message|Medicham has Mega Evolved into Mega Medicham!
|move|p1a: Medicham|Fake Out|p2a: Trevenant
|-immune|p2a: Trevenant|[msg]
|
|turn|2
|
|switch|p1a: Heatran|Heatran, M|385\/385
|move|p2a: Trevenant|Shadow Claw|p1a: Heatran
|-damage|p1a: Heatran|304\/385
|
|-heal|p1a: Heatran|328\/385|[from] item: Leftovers
|turn|3
|
|switch|p2a: Garchomp|Garchomp, M|357\/357
|move|p1a: Heatran|Will-O-Wisp|p2a: Garchomp
|-status|p2a: Garchomp|brn
|
|-heal|p1a: Heatran|352\/385|[from] item: Leftovers
|-damage|p2a: Garchomp|313\/357 brn|[from] brn
|turn|4
|
|move|p2a: Garchomp|Stealth Rock|p1a: Heatran
|-sidestart|p1: G123Rocks|move: Stealth Rock
|move|p1a: Heatran|Stealth Rock|p2a: Garchomp
|-sidestart|p2: HollowHead|move: Stealth Rock
|
|-heal|p1a: Heatran|376\/385|[from] item: Leftovers
|-damage|p2a: Garchomp|269\/357 brn|[from] brn
|turn|5
|
|move|p2a: Garchomp|Earthquake|p1a: Heatran
|-supereffective|p1a: Heatran
|-damage|p1a: Heatran|28\/385
|move|p1a: Heatran|Lava Plume|p2a: Garchomp
|-crit|p2a: Garchomp
|-resisted|p2a: Garchomp
|-damage|p2a: Garchomp|149\/357 brn
|
|-heal|p1a: Heatran|52\/385|[from] item: Leftovers
|-damage|p2a: Garchomp|105\/357 brn|[from] brn
|turn|6
|
|switch|p1a: Skarmory|Skarmory, M|334\/334
|-damage|p1a: Skarmory|293\/334|[from] Stealth Rock
|move|p2a: Garchomp|Outrage|p1a: Skarmory
|-resisted|p1a: Skarmory
|-damage|p1a: Skarmory|263\/334
|
|-heal|p1a: Skarmory|283\/334|[from] item: Leftovers
|-damage|p2a: Garchomp|61\/357 brn|[from] brn
|turn|7
|
|move|p2a: Garchomp|Outrage|p1a: Skarmory
|-resisted|p1a: Skarmory
|-damage|p1a: Skarmory|254\/334
|move|p1a: Skarmory|Defog|p2a: Garchomp
|-unboost|p2a: Garchomp|evasion|1
|-sideend|p2: HollowHead|Stealth Rock|[from] move: Defog|[of] p2a: Garchomp
|-sideend|p1: G123Rocks|Stealth Rock|[from] move: Defog|[of] p1a: Skarmory
|
|-heal|p1a: Skarmory|274\/334|[from] item: Leftovers
|-damage|p2a: Garchomp|17\/357 brn|[from] brn
|turn|8
|
|move|p2a: Garchomp|Outrage|p1a: Skarmory
|-resisted|p1a: Skarmory
|-damage|p1a: Skarmory|244\/334
|move|p1a: Skarmory|Roost|p1a: Skarmory
|-heal|p1a: Skarmory|334\/334
|
|-end|p2a: Garchomp|rampage
|-start|p2a: Garchomp|confusion
|-damage|p2a: Garchomp|0 fnt|[from] brn
|faint|p2a: Garchomp
|
|switch|p2a: Thundurus|Thundurus, M|299\/299
|turn|9
|
|switch|p1a: Heatran|Heatran, M|52\/385
|move|p2a: Thundurus|Hidden Power|p1a: Heatran
|-resisted|p1a: Heatran
|-damage|p1a: Heatran|5\/385
|-damage|p2a: Thundurus|270\/299|[from] item: Life Orb
|
|-heal|p1a: Heatran|29\/385|[from] item: Leftovers
|turn|10
|
|move|p2a: Thundurus|Thunderbolt|p1a: Heatran
|-damage|p1a: Heatran|0 fnt
|-damage|p2a: Thundurus|241\/299|[from] item: Life Orb
|faint|p1a: Heatran
|
|
|switch|p1a: Medicham|Medicham-Mega, F|262\/262
|turn|11
|
|move|p2a: Thundurus|Hidden Power|p1a: Medicham
|-supereffective|p1a: Medicham
|-damage|p1a: Medicham|0 fnt
|-damage|p2a: Thundurus|212\/299|[from] item: Life Orb
|faint|p1a: Medicham
|
|
|switch|p1a: Landorus-Therian|Landorus-Therian, M|320\/320
|-ability|p1a: Landorus-Therian|Intimidate|[of] p2a: Thundurus
|-unboost|p2a: Thundurus|atk|1
|turn|12
|
|move|p1a: Landorus-Therian|Stone Edge|p2a: Thundurus
|-crit|p2a: Thundurus
|-supereffective|p2a: Thundurus
|-damage|p2a: Thundurus|0 fnt
|faint|p2a: Thundurus
|
|
|switch|p2a: Bisharp|Bisharp, M|272\/272
|turn|13
|
|move|p2a: Bisharp|Pursuit|p1a: Landorus-Therian|[from]Pursuit
|-damage|p1a: Landorus-Therian|128\/320
|switch|p1a: Skarmory|Skarmory, M|334\/334
|
|turn|14
|
|move|p2a: Bisharp|Knock Off|p1a: Skarmory
|-damage|p1a: Skarmory|214\/334
|-enditem|p1a: Skarmory|Leftovers|[from] move: Knock Off|[of] p2a: Bisharp
|move|p1a: Skarmory|Roost|p1a: Skarmory
|-heal|p1a: Skarmory|334\/334
|
|turn|15
|
|switch|p2a: Trevenant|Trevenant, F|374\/374
|move|p1a: Skarmory|Counter|p2a: Trevenant
|-immune|p2a: Trevenant|[msg]
|
|turn|16
|
|move|p2a: Trevenant|Will-O-Wisp|p1a: Skarmory
|-status|p1a: Skarmory|brn
|move|p1a: Skarmory|Roar|p2a: Trevenant
|drag|p2a: Klefki|Klefki, F|318\/318
|
|-damage|p1a: Skarmory|293\/334 brn|[from] brn
|turn|17
|
|switch|p1a: Landorus-Therian|Landorus-Therian, M|128\/320
|-ability|p1a: Landorus-Therian|Intimidate|[of] p2a: Klefki
|-unboost|p2a: Klefki|atk|1
|move|p2a: Klefki|Spikes|p1a: Landorus-Therian
|-sidestart|p1: G123Rocks|Spikes
|
|turn|18
|
|move|p2a: Klefki|Spikes|p1a: Landorus-Therian
|-sidestart|p1: G123Rocks|Spikes
|move|p1a: Landorus-Therian|Earthquake|p2a: Klefki
|-supereffective|p2a: Klefki
|-damage|p2a: Klefki|0 fnt
|faint|p2a: Klefki
|
|
|switch|p2a: Bisharp|Bisharp, M|272\/272
|turn|19
|
|switch|p1a: Skarmory|Skarmory, M|293\/334 brn
|move|p2a: Bisharp|Sucker Punch|p1a: Skarmory
|-fail|p1a: Skarmory
|
|-damage|p1a: Skarmory|252\/334 brn|[from] brn
|turn|20
|
|switch|p2a: Trevenant|Trevenant, F|374\/374
|move|p1a: Skarmory|Counter|p2a: Trevenant
|-immune|p2a: Trevenant|[msg]
|
|-damage|p1a: Skarmory|211\/334 brn|[from] brn
|turn|21
|
|move|p1a: Skarmory|Roost|p1a: Skarmory
|-heal|p1a: Skarmory|334\/334 brn
|move|p2a: Trevenant|Will-O-Wisp|p1a: Skarmory
|-fail|p1a: Skarmory|brn
|
|-damage|p1a: Skarmory|293\/334 brn|[from] brn
|turn|22
|
|move|p2a: Trevenant|Will-O-Wisp|p1a: Skarmory
|-fail|p1a: Skarmory|brn
|move|p1a: Skarmory|Counter|p2a: Trevenant
|-immune|p2a: Trevenant|[msg]
|
|-damage|p1a: Skarmory|252\/334 brn|[from] brn
|turn|23
|
|move|p1a: Skarmory|Roost|p1a: Skarmory
|-heal|p1a: Skarmory|334\/334 brn
|move|p2a: Trevenant|Shadow Claw|p1a: Skarmory
|-damage|p1a: Skarmory|280\/334 brn
|
|-damage|p1a: Skarmory|239\/334 brn|[from] brn
|turn|24
|
|move|p2a: Trevenant|Will-O-Wisp|p1a: Skarmory
|-fail|p1a: Skarmory|brn
|move|p1a: Skarmory|Counter|p2a: Trevenant
|-immune|p2a: Trevenant|[msg]
|
|-damage|p1a: Skarmory|198\/334 brn|[from] brn
|turn|25
|
|switch|p2a: Alakazam|Alakazam, M|252\/252
|move|p1a: Skarmory|Roost|p1a: Skarmory
|-heal|p1a: Skarmory|334\/334 brn
|
|-damage|p1a: Skarmory|293\/334 brn|[from] brn
|turn|26
|
|detailschange|p2a: Alakazam|Alakazam-Mega, M
|message|Alakazam has Mega Evolved into Mega Alakazam!
|-ability|p2a: Alakazam|Sturdy|[from] ability: Trace|[of] p1a: Skarmory
|move|p2a: Alakazam|Taunt|p1a: Skarmory
|-start|p1a: Skarmory|move: Taunt
|cant|p1a: Skarmory|move: Taunt|Roar
|
|-damage|p1a: Skarmory|252\/334 brn|[from] brn
|turn|27
|
|move|p2a: Alakazam|Hidden Power|p1a: Skarmory
|-supereffective|p1a: Skarmory
|-damage|p1a: Skarmory|0 fnt
|faint|p1a: Skarmory
|
|
|switch|p1a: Azumarill|Azumarill, F|404\/404
|-damage|p1a: Azumarill|337\/404|[from] Spikes
|turn|28
|
|move|p2a: Alakazam|Psychic|p1a: Azumarill
|-damage|p1a: Azumarill|148\/404
|move|p1a: Azumarill|Knock Off|p2a: Alakazam
|-supereffective|p2a: Alakazam
|-activate|p2a: Alakazam|Sturdy
|-damage|p2a: Alakazam|1\/252
|
|turn|29
|
|switch|p2a: Trevenant|Trevenant, F|374\/374
|move|p1a: Azumarill|Aqua Jet|p2a: Trevenant
|-resisted|p2a: Trevenant
|-damage|p2a: Trevenant|332\/374
|
|turn|30
|
|move|p2a: Trevenant|Will-O-Wisp|p1a: Azumarill
|-status|p1a: Azumarill|brn
|move|p1a: Azumarill|Play Rough|p2a: Trevenant
|-damage|p2a: Trevenant|247\/374
|
|-damage|p1a: Azumarill|98\/404 brn|[from] brn
|turn|31
|
|move|p2a: Trevenant|Horn Leech|p1a: Azumarill
|-supereffective|p1a: Azumarill
|-damage|p1a: Azumarill|0 fnt
|-heal|p2a: Trevenant|296\/374|[from] drain|[of] p1a: Azumarill
|faint|p1a: Azumarill
|
|
|switch|p1a: Dragonite|Dragonite, M|324\/324
|turn|32
|
|move|p2a: Trevenant|Protect|p2a: Trevenant
|-singleturn|p2a: Trevenant|Protect
|move|p1a: Dragonite|Dragon Dance|p1a: Dragonite
|-boost|p1a: Dragonite|atk|1
|-boost|p1a: Dragonite|spe|1
|
|turn|33
|
|move|p1a: Dragonite|Dragon Dance|p1a: Dragonite
|-boost|p1a: Dragonite|atk|1
|-boost|p1a: Dragonite|spe|1
|move|p2a: Trevenant|Will-O-Wisp|p1a: Dragonite|[miss]
|-miss|p2a: Trevenant|p1a: Dragonite
|
|turn|34
|chat|HollowHead|lum?
|chat|G123Rocks|ya
|chat|HollowHead|fuuu
|chat|HollowHead|welp. That's game.
|chat|G123Rocks|ya
|chat|G123Rocks|gg
|
|move|p1a: Dragonite|Outrage|p2a: Trevenant
|-damage|p2a: Trevenant|0 fnt
|faint|p2a: Trevenant
|
|chat|HollowHead|gg!
|
|switch|p2a: Bisharp|Bisharp, M|272\/272
|turn|35
|
|move|p2a: Bisharp|Sucker Punch|p1a: Dragonite
|-damage|p1a: Dragonite|236\/324
|move|p1a: Dragonite|Outrage|p2a: Bisharp
|-resisted|p2a: Bisharp
|-damage|p2a: Bisharp|44\/272
|
|-end|p1a: Dragonite|rampage
|-start|p1a: Dragonite|confusion
|-enditem|p1a: Dragonite|Lum Berry|[eat]
|-end|p1a: Dragonite|confusion
|turn|36
|
|move|p1a: Dragonite|Extreme Speed|p2a: Bisharp
|-resisted|p2a: Bisharp
|-damage|p2a: Bisharp|0 fnt
|faint|p2a: Bisharp
|
|
|switch|p2a: Alakazam|Alakazam-Mega, M|1\/252
|-ability|p2a: Alakazam|Multiscale|[from] ability: Trace|[of] p1a: Dragonite
|turn|37
|
|move|p1a: Dragonite|Outrage|p2a: Alakazam
|-damage|p2a: Alakazam|0 fnt
|faint|p2a: Alakazam
|
|win|G123Rocks
|raw|Ladder updating...
|raw|G123Rocks's rating: 1835 &rarr; <strong>1848<\/strong><br \/>(+13 for winning)
|raw|HollowHead's rating: 1705 &rarr; <strong>1692<\/strong><br \/>(-13 for losing)
|leave|HollowHead
|player|p2