|join|HollowHead
|join|BBK
|player|p1|HollowHead|169
|player|p2|BBK|25
|gametype|singles
|gen|6
|tier|OU
|rated
|clearpoke
|poke|p1|Mawile, M
|poke|p1|Dragonite, M
|poke|p1|Blissey, F
|poke|p1|Zapdos
|poke|p1|Deoxys-Speed
|poke|p1|Quagsire, M
|poke|p2|Gengar, F
|poke|p2|Mawile, F
|poke|p2|Gastrodon, M
|poke|p2|Mandibuzz, F
|poke|p2|Rotom-Wash
|poke|p2|Blissey, F
|rule|Sleep Clause Mod: Limit one foe put to sleep
|rule|Species Clause: Limit one of each Pokemon
|rule|OHKO Clause: OHKO moves are banned
|rule|Moody Clause: Moody is banned
|rule|Evasion Moves Clause: Evasion moves are banned
|rule|Endless Battle Clause: Forcing endless battles is banned.
|rule|HP Percentage Mod: HP is reported as percentages
|teampreview
|
|start
|switch|p1a: Deoxys-Speed|Deoxys-Speed|241\/241
|switch|p2a: Rotom-Wash|Rotom-Wash|304\/304
|-ability|p1a: Deoxys-Speed|Pressure
|turn|1
|
|move|p1a: Deoxys-Speed|Psycho Boost|p2a: Rotom-Wash
|-damage|p2a: Rotom-Wash|113\/304
|-unboost|p1a: Deoxys-Speed|spa|2
|-damage|p1a: Deoxys-Speed|217\/241|[from] item: Life Orb
|move|p2a: Rotom-Wash|Volt Switch|p1a: Deoxys-Speed
|-damage|p1a: Deoxys-Speed|118\/241
|
|switch|p2a: Mawile|Mawile, F|301\/301
|
|turn|2
|
|switch|p1a: Zapdos|Zapdos|383\/383
|-ability|p1a: Zapdos|Pressure
|-formechange|p2a: Mawile|Mawile-Mega
|message|Mawile has Mega Evolved into Mega Mawile!
|move|p2a: Mawile|Swords Dance|p2a: Mawile
|-boost|p2a: Mawile|atk|2
|
|turn|3
|
|move|p1a: Zapdos|Heat Wave|p2a: Mawile
|-supereffective|p2a: Mawile
|-damage|p2a: Mawile|101\/301
|move|p2a: Mawile|Play Rough|p1a: Zapdos
|-damage|p1a: Zapdos|0 fnt
|faint|p1a: Zapdos
|
|
|switch|p1a: Quagsire|Quagsire, M|394\/394
|turn|4
|
|switch|p2a: Gastrodon|Gastrodon, M|426\/426
|move|p1a: Quagsire|Earthquake|p2a: Gastrodon
|-damage|p2a: Gastrodon|338\/426
|
|-heal|p2a: Gastrodon|364\/426|[from] item: Leftovers
|turn|5
|
|move|p2a: Gastrodon|Toxic|p1a: Quagsire
|-status|p1a: Quagsire|tox
|move|p1a: Quagsire|Toxic|p2a: Gastrodon|[miss]
|-miss|p1a: Quagsire|p2a: Gastrodon
|
|-heal|p2a: Gastrodon|390\/426|[from] item: Leftovers
|-damage|p1a: Quagsire|370\/394 tox|[from] psn
|turn|6
|
|switch|p2a: Blissey|Blissey, F|714\/714
|switch|p1a: Blissey|Blissey, F|651\/651
|
|turn|7
|
|move|p1a: Blissey|Heal Bell|p1a: Blissey
|-cureteam|p1a: Blissey|[from] move: HealBell
|move|p2a: Blissey|Wish|p2a: Blissey
|
|turn|8
|chat|HollowHead|fuck
|
|switch|p1a: Dragonite|Dragonite, M|324\/324
|switch|p2a: Mawile|Mawile, F|101\/301
|-formechange|p2a: Mawile|Mawile-Mega
|
|-heal|p2a: Mawile|301\/301|[from] move: Wish|[wisher] Blissey
|turn|9
|
|move|p1a: Dragonite|Earthquake|p2a: Mawile
|-supereffective|p2a: Mawile
|-damage|p2a: Mawile|83\/301
|move|p2a: Mawile|Play Rough|p1a: Dragonite
|-supereffective|p1a: Dragonite
|-damage|p1a: Dragonite|0 fnt
|faint|p1a: Dragonite
|
|
|switch|p1a: Mawile|Mawile, M|270\/270
|-ability|p1a: Mawile|Intimidate|[of] p2a: Mawile
|-unboost|p2a: Mawile|atk|1
|turn|10
|
|switch|p2a: Rotom-Wash|Rotom-Wash|113\/304
|-formechange|p1a: Mawile|Mawile-Mega
|message|Mawile has Mega Evolved into Mega Mawile!
|move|p1a: Mawile|Substitute|p1a: Mawile
|-start|p1a: Mawile|Substitute
|-damage|p1a: Mawile|203\/270
|
|-heal|p2a: Rotom-Wash|132\/304|[from] item: Leftovers
|turn|11
|
|move|p1a: Mawile|Sucker Punch|p2a: Rotom-Wash
|-damage|p2a: Rotom-Wash|0 fnt
|faint|p2a: Rotom-Wash
|
|
|switch|p2a: Gengar|Gengar, F|262\/262
|turn|12
|
|move|p2a: Gengar|Substitute|p2a: Gengar
|-start|p2a: Gengar|Substitute
|-damage|p2a: Gengar|197\/262
|move|p1a: Mawile|Play Rough|p2a: Gengar|[miss]
|-miss|p1a: Mawile|p2a: Gengar
|
|-heal|p2a: Gengar|213\/262|[from] item: Black Sludge
|turn|13
|
|move|p2a: Gengar|Shadow Ball|p1a: Mawile
|-end|p1a: Mawile|Substitute
|move|p1a: Mawile|Play Rough|p2a: Gengar
|-resisted|p2a: Gengar
|-end|p2a: Gengar|Substitute
|
|-heal|p2a: Gengar|229\/262|[from] item: Black Sludge
|turn|14
|
|move|p2a: Gengar|Substitute|p2a: Gengar
|-start|p2a: Gengar|Substitute
|-damage|p2a: Gengar|164\/262
|move|p1a: Mawile|Substitute|p1a: Mawile
|-start|p1a: Mawile|Substitute
|-damage|p1a: Mawile|136\/270
|
|-heal|p2a: Gengar|180\/262|[from] item: Black Sludge
|turn|15
|
|move|p1a: Mawile|Sucker Punch|p2a: Gengar
|-supereffective|p2a: Gengar
|-end|p2a: Gengar|Substitute
|move|p2a: Gengar|Shadow Ball|p1a: Mawile
|-end|p1a: Mawile|Substitute
|
|-heal|p2a: Gengar|196\/262|[from] item: Black Sludge
|turn|16
|
|move|p2a: Gengar|Substitute|p2a: Gengar
|-start|p2a: Gengar|Substitute
|-damage|p2a: Gengar|131\/262
|move|p1a: Mawile|Play Rough|p2a: Gengar
|-resisted|p2a: Gengar
|-end|p2a: Gengar|Substitute
|
|-heal|p2a: Gengar|147\/262|[from] item: Black Sludge
|turn|17
|
|move|p2a: Gengar|Substitute|p2a: Gengar
|-start|p2a: Gengar|Substitute
|-damage|p2a: Gengar|82\/262
|move|p1a: Mawile|Play Rough|p2a: Gengar|[miss]
|-miss|p1a: Mawile|p2a: Gengar
|
|-heal|p2a: Gengar|98\/262|[from] item: Black Sludge
|turn|18
|
|move|p1a: Mawile|Sucker Punch|p2a: Gengar
|-supereffective|p2a: Gengar
|-end|p2a: Gengar|Substitute
|move|p2a: Gengar|Shadow Ball|p1a: Mawile
|-damage|p1a: Mawile|0 fnt
|faint|p1a: Mawile
|
|-heal|p2a: Gengar|114\/262|[from] item: Black Sludge
|
|switch|p1a: Deoxys-Speed|Deoxys-Speed|118\/241
|-ability|p1a: Deoxys-Speed|Pressure
|turn|19
|
|switch|p2a: Mandibuzz|Mandibuzz, F|424\/424
|move|p1a: Deoxys-Speed|Rock Slide|p2a: Mandibuzz
|-supereffective|p2a: Mandibuzz
|-damage|p2a: Mandibuzz|315\/424
|-damage|p1a: Deoxys-Speed|94\/241|[from] item: Life Orb
|
|-heal|p2a: Mandibuzz|341\/424|[from] item: Leftovers
|turn|20
|
|move|p1a: Deoxys-Speed|Ice Beam|p2a: Mandibuzz
|-supereffective|p2a: Mandibuzz
|-damage|p2a: Mandibuzz|89\/424
|-damage|p1a: Deoxys-Speed|70\/241|[from] item: Life Orb
|move|p2a: Mandibuzz|Knock Off|p1a: Deoxys-Speed
|-supereffective|p1a: Deoxys-Speed
|-damage|p1a: Deoxys-Speed|0 fnt
|faint|p1a: Deoxys-Speed
|
|-heal|p2a: Mandibuzz|115\/424|[from] item: Leftovers
|
|switch|p1a: Quagsire|Quagsire, M|370\/394
|turn|21
|
|move|p2a: Mandibuzz|Roost|p2a: Mandibuzz
|-heal|p2a: Mandibuzz|327\/424
|move|p1a: Quagsire|Toxic|p2a: Mandibuzz|[miss]
|-miss|p1a: Quagsire|p2a: Mandibuzz
|
|-heal|p2a: Mandibuzz|353\/424|[from] item: Leftovers
|-heal|p1a: Quagsire|394\/394|[from] item: Leftovers
|turn|22
|
|move|p2a: Mandibuzz|Knock Off|p1a: Quagsire
|-damage|p1a: Quagsire|333\/394
|-enditem|p1a: Quagsire|Leftovers|[from] move: Knock Off|[of] p2a: Mandibuzz
|move|p1a: Quagsire|Toxic|p2a: Mandibuzz
|-status|p2a: Mandibuzz|tox
|
|-heal|p2a: Mandibuzz|379\/424 tox|[from] item: Leftovers
|-damage|p2a: Mandibuzz|353\/424 tox|[from] psn
|turn|23
|
|switch|p2a: Blissey|Blissey, F|714\/714
|move|p1a: Quagsire|Scald|p2a: Blissey
|-damage|p2a: Blissey|657\/714
|-status|p2a: Blissey|brn
|
|-heal|p2a: Blissey|701\/714 brn|[from] item: Leftovers
|-damage|p2a: Blissey|612\/714 brn|[from] brn
|turn|24
|
|move|p2a: Blissey|Heal Bell|p2a: Blissey
|-cureteam|p2a: Blissey|[from] move: HealBell
|move|p1a: Quagsire|Earthquake|p2a: Blissey
|-damage|p2a: Blissey|425\/714
|
|-heal|p2a: Blissey|469\/714|[from] item: Leftovers
|turn|25
|
|move|p2a: Blissey|Wish|p2a: Blissey
|move|p1a: Quagsire|Toxic|p2a: Blissey
|-status|p2a: Blissey|tox
|
|-heal|p2a: Blissey|513\/714 tox|[from] item: Leftovers
|-damage|p2a: Blissey|469\/714 tox|[from] psn
|turn|26
|
|switch|p2a: Gengar|Gengar, F|114\/262
|move|p1a: Quagsire|Scald|p2a: Gengar
|-damage|p2a: Gengar|24\/262
|-status|p2a: Gengar|brn
|
|-heal|p2a: Gengar|262\/262 brn|[from] move: Wish|[wisher] Blissey
|-damage|p2a: Gengar|230\/262 brn|[from] brn
|turn|27
|
|switch|p1a: Blissey|Blissey, F|651\/651
|move|p2a: Gengar|Disable|p1a: Blissey
|-fail|p1a: Blissey
|
|-heal|p2a: Gengar|246\/262 brn|[from] item: Black Sludge
|-damage|p2a: Gengar|214\/262 brn|[from] brn
|turn|28
|
|switch|p2a: Mandibuzz|Mandibuzz, F|353\/424
|move|p1a: Blissey|Wish|p1a: Blissey
|
|-heal|p2a: Mandibuzz|379\/424|[from] item: Leftovers
|turn|29
|
|switch|p2a: Blissey|Blissey, F|469\/714
|move|p1a: Blissey|Toxic|p2a: Blissey
|-status|p2a: Blissey|tox
|
|-heal|p2a: Blissey|513\/714 tox|[from] item: Leftovers
|-damage|p2a: Blissey|469\/714 tox|[from] psn
|turn|30
|
|move|p1a: Blissey|Toxic|p2a: Blissey
|-fail|p2a: Blissey|tox
|move|p2a: Blissey|Wish|p2a: Blissey
|
|-heal|p2a: Blissey|513\/714 tox|[from] item: Leftovers
|-damage|p2a: Blissey|425\/714 tox|[from] psn
|turn|31
|
|switch|p1a: Quagsire|Quagsire, M|333\/394
|move|p2a: Blissey|Seismic Toss|p1a: Quagsire
|-damage|p1a: Quagsire|233\/394
|
|-heal|p2a: Blissey|714\/714 tox|[from] move: Wish|[wisher] Blissey
|-damage|p2a: Blissey|582\/714 tox|[from] psn
|turn|32
|
|move|p2a: Blissey|Heal Bell|p2a: Blissey
|-cureteam|p2a: Blissey|[from] move: HealBell
|move|p1a: Quagsire|Recover|p1a: Quagsire
|-heal|p1a: Quagsire|394\/394
|
|-heal|p2a: Blissey|626\/714|[from] item: Leftovers
|turn|33
|
|move|p2a: Blissey|Wish|p2a: Blissey
|move|p1a: Quagsire|Scald|p2a: Blissey
|-damage|p2a: Blissey|577\/714
|
|-heal|p2a: Blissey|621\/714|[from] item: Leftovers
|turn|34
|
|switch|p2a: Gastrodon|Gastrodon, M|390\/426
|move|p1a: Quagsire|Scald|p2a: Gastrodon
|-boost|p2a: Gastrodon|spa|1|[from] ability: Storm Drain
|
|-heal|p2a: Gastrodon|426\/426|[from] move: Wish|[wisher] Blissey
|turn|35
|
|move|p2a: Gastrodon|Toxic|p1a: Quagsire
|-status|p1a: Quagsire|tox
|move|p1a: Quagsire|Toxic|p2a: Gastrodon
|-status|p2a: Gastrodon|tox
|
|-damage|p2a: Gastrodon|400\/426 tox|[from] psn
|-damage|p1a: Quagsire|370\/394 tox|[from] psn
|turn|36
|
|switch|p2a: Gengar|Gengar, F|214\/262
|switch|p1a: Blissey|Blissey, F|651\/651
|
|-heal|p2a: Gengar|230\/262|[from] item: Black Sludge
|turn|37
|chat|HollowHead|No point drawing out the inevitable. You PP stall me.
|chat|HollowHead|gg.
|chat|BBK|yeah 
|chat|BBK|nice team you have
|chat|BBK|gg
|
|move|p2a: Gengar|Substitute|p2a: Gengar
|-start|p2a: Gengar|Substitute
|-damage|p2a: Gengar|165\/262
|move|p1a: Blissey|Heal Bell|p1a: Blissey
|-cureteam|p1a: Blissey|[from] move: HealBell
|
|-heal|p2a: Gengar|181\/262|[from] item: Black Sludge
|turn|38
|chat|HollowHead|Thanks. I think I might run swords dance mawile. Anyway, gg.
|-message|HollowHead forfeited.
|
|win|BBK
|raw|Ladder updating...
|raw|HollowHead's rating: 1645 &rarr; <strong>1624<\/strong><br \/>(-21 for losing)
|raw|BBK's rating: 1622 &rarr; <strong>1643<\/strong><br \/>(+21 for winning)
|leave|HollowHead
|player|p1