|join|Will-I-am2
|join|HollowHead
|player|p1|Will-I-am2|266
|player|p2|HollowHead|80
|gametype|singles
|gen|6
|tier|OU
|rated
|clearpoke
|poke|p1|Registeel
|poke|p1|Donphan, F
|poke|p1|Hydreigon, F
|poke|p1|Mandibuzz, F
|poke|p1|Mawile, F
|poke|p1|Ditto
|poke|p2|Garchomp, F, shiny
|poke|p2|Heracross, M
|poke|p2|Starmie
|poke|p2|Gliscor, M, shiny
|poke|p2|Bisharp, F
|poke|p2|Thundurus, M
|rule|Sleep Clause Mod: Limit one foe put to sleep
|rule|Species Clause: Limit one of each Pokemon
|rule|OHKO Clause: OHKO moves are banned
|rule|Moody Clause: Moody is banned
|rule|Evasion Moves Clause: Evasion moves are banned
|rule|Endless Battle Clause: Forcing endless battles is banned.
|rule|HP Percentage Mod: HP is reported as percentages
|teampreview
|
|start
|switch|p1a: Mawile|Mawile, F|296\/296
|switch|p2a: Heracross|Heracross, M|364\/364
|-ability|p1a: Mawile|Intimidate|[of] p2a: Heracross
|-unboost|p2a: Heracross|atk|1
|turn|1
|
|switch|p2a: Gliscor|Gliscor, M, shiny|354\/354
|detailschange|p1a: Mawile|Mawile-Mega, F
|message|Mawile has Mega Evolved into Mega Mawile!
|move|p1a: Mawile|Play Rough|p2a: Gliscor
|-damage|p2a: Gliscor|155\/354
|
|-status|p2a: Gliscor|tox|[from] item: Toxic Orb
|turn|2
|
|move|p2a: Gliscor|Earthquake|p1a: Mawile
|-supereffective|p1a: Mawile
|-damage|p1a: Mawile|92\/296
|move|p1a: Mawile|Play Rough|p2a: Gliscor
|-damage|p2a: Gliscor|0 fnt
|faint|p2a: Gliscor
|
|
|switch|p2a: Heracross|Heracross, M|364\/364
|turn|3
|
|switch|p1a: Mandibuzz|Mandibuzz, F|382\/382
|detailschange|p2a: Heracross|Heracross-Mega, M
|message|Heracross has Mega Evolved into Mega Heracross!
|move|p2a: Heracross|Close Combat|p1a: Mandibuzz
|-damage|p1a: Mandibuzz|103\/382
|-damage|p2a: Heracross|304\/364|[from] item: Rocky Helmet|[of] p1a: Mandibuzz
|-unboost|p2a: Heracross|def|1
|-unboost|p2a: Heracross|spd|1
|
|turn|4
|
|move|p1a: Mandibuzz|Brave Bird|p2a: Heracross
|-supereffective|p2a: Heracross
|-damage|p2a: Heracross|0 fnt
|-damage|p1a: Mandibuzz|3\/382|[from] recoil|[of] p2a: Heracross
|faint|p2a: Heracross
|
|
|switch|p2a: Thundurus|Thundurus, M|299\/299
|turn|5
|
|move|p2a: Thundurus|Hidden Power|p1a: Mandibuzz
|-crit|p1a: Mandibuzz
|-supereffective|p1a: Mandibuzz
|-damage|p1a: Mandibuzz|0 fnt
|faint|p1a: Mandibuzz
|
|
|switch|p1a: Hydreigon|Hydreigon, F|340\/340
|turn|6
|
|move|p2a: Thundurus|Hidden Power|p1a: Hydreigon
|-supereffective|p1a: Hydreigon
|-damage|p1a: Hydreigon|178\/340
|move|p1a: Hydreigon|Dark Pulse|p2a: Thundurus
|-damage|p2a: Thundurus|41\/299
|
|-heal|p2a: Thundurus|59\/299|[from] item: Leftovers
|turn|7
|
|switch|p1a: Registeel|Registeel|364\/364
|move|p2a: Thundurus|Hidden Power|p1a: Registeel
|-resisted|p1a: Registeel
|-damage|p1a: Registeel|344\/364
|
|-heal|p2a: Thundurus|77\/299|[from] item: Leftovers
|-heal|p1a: Registeel|364\/364|[from] item: Leftovers
|turn|8
|
|move|p2a: Thundurus|Taunt|p1a: Registeel
|-start|p1a: Registeel|move: Taunt
|move|p1a: Registeel|Seismic Toss|p2a: Thundurus
|-damage|p2a: Thundurus|0 fnt
|faint|p2a: Thundurus
|
|
|switch|p2a: Benigni|Garchomp, F, shiny|358\/358
|turn|9
|
|switch|p1a: Donphan|Donphan, F|384\/384
|move|p2a: Benigni|Earthquake|p1a: Donphan
|-damage|p1a: Donphan|231\/384
|
|-heal|p1a: Donphan|255\/384|[from] item: Leftovers
|turn|10
|
|switch|p2a: Starmie|Starmie|261\/261
|move|p1a: Donphan|Earthquake|p2a: Starmie
|-damage|p2a: Starmie|39\/261
|
|-heal|p1a: Donphan|279\/384|[from] item: Leftovers
|turn|11
|
|switch|p1a: Registeel|Registeel|364\/364
|move|p2a: Starmie|Hydro Pump|p1a: Registeel
|-damage|p1a: Registeel|208\/364
|-damage|p2a: Starmie|13\/261|[from] item: Life Orb
|
|-heal|p1a: Registeel|230\/364|[from] item: Leftovers
|turn|12
|
|move|p2a: Starmie|Hydro Pump|p1a: Registeel
|-damage|p1a: Registeel|109\/364
|-damage|p2a: Starmie|0 fnt|[from] item: Life Orb
|faint|p2a: Starmie
|move|p1a: Registeel|Stealth Rock|p2: Starmie
|-sidestart|p2: HollowHead|move: Stealth Rock
|
|-heal|p1a: Registeel|131\/364|[from] item: Leftovers
|
|switch|p2a: Bisharp|Bisharp, F|272\/272
|-damage|p2a: Bisharp|255\/272|[from] Stealth Rock
|turn|13
|
|move|p2a: Bisharp|Knock Off|p1a: Registeel
|-damage|p1a: Registeel|20\/364
|-enditem|p1a: Registeel|Leftovers|[from] move: Knock Off|[of] p2a: Bisharp
|move|p1a: Registeel|Thunder Wave|p2a: Bisharp
|-status|p2a: Bisharp|par
|
|turn|14
|
|move|p2a: Bisharp|Sucker Punch|p1a: Registeel
|-damage|p1a: Registeel|0 fnt
|faint|p1a: Registeel
|
|
|switch|p1a: Hydreigon|Hydreigon, F|178\/340
|turn|15
|
|move|p1a: Hydreigon|Fire Blast|p2a: Bisharp
|-supereffective|p2a: Bisharp
|-damage|p2a: Bisharp|0 fnt
|faint|p2a: Bisharp
|
|
|switch|p2a: Benigni|Garchomp, F, shiny|358\/358
|-damage|p2a: Benigni|336\/358|[from] Stealth Rock
|turn|16
|chat|HollowHead|gg
|
|move|p2a: Benigni|Stone Edge|p1a: Hydreigon
|-damage|p1a: Hydreigon|59\/340
|move|p1a: Hydreigon|Fire Blast|p2a: Benigni
|-resisted|p2a: Benigni
|-damage|p2a: Benigni|212\/358
|
|turn|17
|chat|Will-I-am2|gg
|
|move|p2a: Benigni|Stone Edge|p1a: Hydreigon
|-damage|p1a: Hydreigon|0 fnt
|faint|p1a: Hydreigon
|
|
|switch|p1a: Donphan|Donphan, F|279\/384
|turn|18
|
|move|p1a: Donphan|Ice Shard|p2a: Benigni
|-supereffective|p2a: Benigni
|-damage|p2a: Benigni|4\/358
|move|p2a: Benigni|Stone Edge|p1a: Donphan
|-resisted|p1a: Donphan
|-damage|p1a: Donphan|230\/384
|
|-heal|p1a: Donphan|254\/384|[from] item: Leftovers
|turn|19
|
|move|p1a: Donphan|Ice Shard|p2a: Benigni
|-supereffective|p2a: Benigni
|-damage|p2a: Benigni|0 fnt
|faint|p2a: Benigni
|
|win|Will-I-am2
|raw|Ladder updating...
|raw|Will-I-am2's rating: 1785 &rarr; <strong>1797<\/strong><br \/>(+12 for winning)
|raw|HollowHead's rating: 1638 &rarr; <strong>1626<\/strong><br \/>(-12 for losing)