|join|WorstBattler
|join|HollowHead
|player|p1|WorstBattler|265
|player|p2|HollowHead|170
|gametype|singles
|gen|6
|tier|OU
|rated
|clearpoke
|poke|p1|Charizard, F
|poke|p1|Skarmory, F
|poke|p1|Conkeldurr, M
|poke|p1|Rotom-Wash
|poke|p1|Scizor, M
|poke|p1|Hippowdon, M
|poke|p2|Celebi
|poke|p2|Blastoise, F
|poke|p2|Bisharp, M, shiny
|poke|p2|Latias, F
|poke|p2|Entei, shiny
|poke|p2|Mamoswine, M
|rule|Sleep Clause Mod: Limit one foe put to sleep
|rule|Species Clause: Limit one of each Pokemon
|rule|OHKO Clause: OHKO moves are banned
|rule|Moody Clause: Moody is banned
|rule|Evasion Moves Clause: Evasion moves are banned
|rule|Endless Battle Clause: Forcing endless battles is banned.
|rule|HP Percentage Mod: HP is reported as percentages
|teampreview
|
|start
|switch|p1a: Rotom-Wash|Rotom-Wash|304\/304
|switch|p2a: Celebi|Celebi|396\/396
|turn|1
|
|move|p2a: Celebi|Giga Drain|p1a: Rotom-Wash
|-supereffective|p1a: Rotom-Wash
|-damage|p1a: Rotom-Wash|118\/304
|move|p1a: Rotom-Wash|Volt Switch|p2a: Celebi
|-resisted|p2a: Celebi
|-damage|p2a: Celebi|351\/396
|
|switch|p1a: Scizor|Scizor, M|344\/344
|
|-heal|p2a: Celebi|375\/396|[from] item: Leftovers
|turn|2
|
|switch|p2a: Entei|Entei, shiny|372\/372
|-ability|p2a: Entei|Pressure
|move|p1a: Scizor|U-turn|p2a: Entei
|-resisted|p2a: Entei
|-damage|p2a: Entei|263\/372
|
|switch|p1a: Hippowdon|Hippowdon, M|420\/420
|
|turn|3
|
|switch|p2a: Latias|Latias, F|301\/301
|move|p1a: Hippowdon|Stealth Rock|p2a: Latias
|-sidestart|p2: HollowHead|move: Stealth Rock
|
|turn|4
|
|switch|p1a: Scizor|Scizor, M|344\/344
|move|p2a: Latias|Defog|p1a: Scizor
|-unboost|p1a: Scizor|evasion|1
|-sideend|p2: HollowHead|Stealth Rock|[from] move: Defog|[of] p2a: Latias
|
|turn|5
|
|move|p2a: Latias|Draco Meteor|p1a: Scizor
|-resisted|p1a: Scizor
|-damage|p1a: Scizor|219\/344
|-unboost|p2a: Latias|spa|2
|move|p1a: Scizor|U-turn|p2a: Latias
|-supereffective|p2a: Latias
|-damage|p2a: Latias|0 fnt
|faint|p2a: Latias
|
|switch|p1a: Rotom-Wash|Rotom-Wash|118\/304
|
|-heal|p1a: Rotom-Wash|137\/304|[from] item: Leftovers
|
|switch|p2a: Entei|Entei, shiny|263\/372
|-ability|p2a: Entei|Pressure
|turn|6
|
|move|p2a: Entei|Bulldoze|p1a: Rotom-Wash
|-immune|p1a: Rotom-Wash|[msg]
|move|p1a: Rotom-Wash|Volt Switch|p2a: Entei
|-damage|p2a: Entei|155\/372
|
|switch|p1a: Hippowdon|Hippowdon, M|420\/420
|
|turn|7
|
|switch|p2a: Celebi|Celebi|375\/396
|move|p1a: Hippowdon|Stealth Rock|p2a: Celebi
|-sidestart|p2: HollowHead|move: Stealth Rock
|
|-heal|p2a: Celebi|396\/396|[from] item: Leftovers
|turn|8
|
|switch|p1a: Scizor|Scizor, M|219\/344
|move|p2a: Celebi|Nasty Plot|p2a: Celebi
|-boost|p2a: Celebi|spa|2
|
|turn|9
|
|move|p2a: Celebi|Baton Pass|p2a: Celebi
|
|switch|p2a: Blastoise|Blastoise, F|362\/362
|-damage|p2a: Blastoise|317\/362|[from] Stealth Rock
|move|p1a: Scizor|U-turn|p2a: Blastoise
|-damage|p2a: Blastoise|94\/362
|
|switch|p1a: Conkeldurr|Conkeldurr, M|414\/414
|
|turn|10
|
|-formechange|p2a: Blastoise|Blastoise-Mega
|message|Blastoise has Mega Evolved into Mega Blastoise!
|move|p1a: Conkeldurr|Mach Punch|p2a: Blastoise
|-damage|p2a: Blastoise|28\/362
|move|p2a: Blastoise|Water Pulse|p1a: Conkeldurr
|-damage|p1a: Conkeldurr|60\/414
|-start|p1a: Conkeldurr|confusion
|
|turn|11
|
|-activate|p1a: Conkeldurr|confusion
|move|p1a: Conkeldurr|Mach Punch|p2a: Blastoise
|-damage|p2a: Blastoise|0 fnt
|faint|p2a: Blastoise
|
|
|switch|p2a: Bisharp|Bisharp, M, shiny|334\/334
|-damage|p2a: Bisharp|314\/334|[from] Stealth Rock
|turn|12
|
|move|p2a: Bisharp|Substitute|p2a: Bisharp
|-start|p2a: Bisharp|Substitute
|-damage|p2a: Bisharp|231\/334
|-activate|p1a: Conkeldurr|confusion
|move|p1a: Conkeldurr|Drain Punch|p2a: Bisharp
|-crit|p2a: Bisharp
|-supereffective|p2a: Bisharp
|-end|p2a: Bisharp|Substitute
|-heal|p1a: Conkeldurr|102\/414|[from] drain|[of] p2a: Bisharp
|
|-heal|p2a: Bisharp|251\/334|[from] item: Leftovers
|turn|13
|
|-activate|p1a: Conkeldurr|confusion
|move|p1a: Conkeldurr|Mach Punch|p2a: Bisharp
|-supereffective|p2a: Bisharp
|-damage|p2a: Bisharp|0 fnt
|faint|p2a: Bisharp
|
|
|switch|p2a: Celebi|Celebi|396\/396
|-damage|p2a: Celebi|347\/396|[from] Stealth Rock
|turn|14
|
|move|p2a: Celebi|Psychic|p1a: Conkeldurr
|-crit|p1a: Conkeldurr
|-supereffective|p1a: Conkeldurr
|-damage|p1a: Conkeldurr|0 fnt
|faint|p1a: Conkeldurr
|
|-heal|p2a: Celebi|371\/396|[from] item: Leftovers
|
|switch|p1a: Scizor|Scizor, M|219\/344
|turn|15
|
|move|p2a: Celebi|Psychic|p1a: Scizor
|-resisted|p1a: Scizor
|-damage|p1a: Scizor|138\/344
|move|p1a: Scizor|U-turn|p2a: Celebi
|-supereffective|p2a: Celebi
|-damage|p2a: Celebi|0 fnt
|faint|p2a: Celebi
|
|switch|p1a: Rotom-Wash|Rotom-Wash|137\/304
|
|-heal|p1a: Rotom-Wash|156\/304|[from] item: Leftovers
|
|switch|p2a: Entei|Entei, shiny|155\/372
|-damage|p2a: Entei|62\/372|[from] Stealth Rock
|-ability|p2a: Entei|Pressure
|turn|16
|
|move|p2a: Entei|Sacred Fire|p1a: Rotom-Wash
|-resisted|p1a: Rotom-Wash
|-damage|p1a: Rotom-Wash|39\/304
|move|p1a: Rotom-Wash|Hydro Pump|p2a: Entei
|-supereffective|p2a: Entei
|-damage|p2a: Entei|0 fnt
|faint|p2a: Entei
|
|-heal|p1a: Rotom-Wash|58\/304|[from] item: Leftovers
|
|switch|p2a: Mamoswine|Mamoswine, M|362\/362
|-damage|p2a: Mamoswine|317\/362|[from] Stealth Rock
|turn|17
|chat|HollowHead|gg
|
|move|p2a: Mamoswine|Icicle Crash|p1a: Rotom-Wash
|-resisted|p1a: Rotom-Wash
|-damage|p1a: Rotom-Wash|0 fnt
|faint|p1a: Rotom-Wash
|
|chat|WorstBattler|gg
|
|switch|p1a: Scizor|Scizor, M|138\/344
|turn|18
|
|move|p1a: Scizor|Bullet Punch|p2a: Mamoswine
|-supereffective|p2a: Mamoswine
|-damage|p2a: Mamoswine|0 fnt
|faint|p2a: Mamoswine
|
|win|WorstBattler
|raw|Ladder updating...
|raw|WorstBattler's rating: 1644 &rarr; <strong>1661<\/strong><br \/>(+17 for winning)
|raw|HollowHead's rating: 1594 &rarr; <strong>1577<\/strong><br \/>(-17 for losing)