|join|haterss gonna hate
|join|HollowHead
|player|p1|haterss gonna hate|289
|player|p2|HollowHead|80
|gametype|singles
|gen|6
|tier|OU
|rated
|clearpoke
|poke|p1|Chansey, F
|poke|p1|Keldeo
|poke|p1|Heatran, M
|poke|p1|Skarmory, M
|poke|p1|Bisharp, F
|poke|p1|Venusaur, M
|poke|p2|Klefki, F
|poke|p2|Bisharp, F
|poke|p2|Alakazam, F
|poke|p2|Gengar, F
|poke|p2|Thundurus, M
|poke|p2|Garchomp, F
|rule|Swagger Clause: Swagger is banned
|rule|Baton Pass Clause: Limit one PokÃ©mon knowing Baton Pass
|rule|Sleep Clause Mod: Limit one foe put to sleep
|rule|Species Clause: Limit one of each PokÃ©mon
|rule|OHKO Clause: OHKO moves are banned
|rule|Moody Clause: Moody is banned
|rule|Evasion Moves Clause: Evasion moves are banned
|rule|Endless Battle Clause: Forcing endless battles is banned
|rule|HP Percentage Mod: HP is reported as percentages
|teampreview
|
|start
|switch|p1a: Bloody Sunday|Heatran, M|340\/340
|switch|p2a: Garchomp|Garchomp, F|358\/358
|-item|p1a: Bloody Sunday|Air Balloon
|turn|1
|
|move|p2a: Garchomp|Stealth Rock|p1a: Bloody Sunday
|-sidestart|p1: haterss gonna hate|move: Stealth Rock
|move|p1a: Bloody Sunday|Toxic|p2a: Garchomp
|-status|p2a: Garchomp|tox
|
|-damage|p2a: Garchomp|336\/358 tox|[from] psn
|turn|2
|join|loverss gonna love
|
|switch|p2a: Alakazam|Alakazam, F|252\/252
|move|p1a: Bloody Sunday|Stealth Rock|p2a: Alakazam
|-sidestart|p2: HollowHead|move: Stealth Rock
|
|turn|3
|
|switch|p1a: thenewguy24imo|Chansey, F|685\/685
|-damage|p1a: thenewguy24imo|600\/685|[from] Stealth Rock
|detailschange|p2a: Alakazam|Alakazam-Mega, F
|message|Alakazam has Mega Evolved into Mega Alakazam!
|-ability|p2a: Alakazam|Natural Cure|[from] ability: Trace|[of] p1a: thenewguy24imo
|move|p2a: Alakazam|Focus Blast|p1a: thenewguy24imo|[miss]
|-miss|p2a: Alakazam|p1a: thenewguy24imo
|
|turn|4
|
|move|p2a: Alakazam|Taunt|p1a: thenewguy24imo
|-start|p1a: thenewguy24imo|move: Taunt
|move|p1a: thenewguy24imo|Seismic Toss|p2a: Alakazam
|-damage|p2a: Alakazam|152\/252
|
|turn|5
|
|switch|p2a: Gengar|Gengar, F|268\/268
|-damage|p2a: Gengar|235\/268|[from] Stealth Rock
|move|p1a: thenewguy24imo|Seismic Toss|p2a: Gengar
|-immune|p2a: Gengar|[msg]
|
|-heal|p2a: Gengar|251\/268|[from] item: Black Sludge
|turn|6
|
|move|p2a: Gengar|Substitute|p2a: Gengar
|-start|p2a: Gengar|Substitute
|-damage|p2a: Gengar|184\/268
|move|p1a: thenewguy24imo|Seismic Toss|p2a: Gengar
|-immune|p2a: Gengar|[msg]
|
|-heal|p2a: Gengar|200\/268|[from] item: Black Sludge
|-end|p1a: thenewguy24imo|move: Taunt
|turn|7
|
|move|p2a: Gengar|Shadow Ball|p1a: thenewguy24imo
|-immune|p1a: thenewguy24imo|[msg]
|move|p1a: thenewguy24imo|Seismic Toss|p2a: Gengar
|-immune|p2a: Gengar|[msg]
|
|-heal|p2a: Gengar|216\/268|[from] item: Black Sludge
|turn|8
|
|move|p2a: Gengar|Taunt|p1a: thenewguy24imo
|-start|p1a: thenewguy24imo|move: Taunt
|cant|p1a: thenewguy24imo|move: Taunt|Thunder Wave
|
|-heal|p2a: Gengar|232\/268|[from] item: Black Sludge
|turn|9
|
|move|p2a: Gengar|Disable|p1a: thenewguy24imo
|-start|p1a: thenewguy24imo|Disable|Seismic Toss
|cant|p1a: thenewguy24imo|Disable|Seismic Toss
|
|-heal|p2a: Gengar|248\/268|[from] item: Black Sludge
|turn|10
|
|move|p2a: Gengar|Shadow Ball|p1a: thenewguy24imo
|-immune|p1a: thenewguy24imo|[msg]
|-activate|p1a: thenewguy24imo|move: Struggle
|move|p1a: thenewguy24imo|Struggle|p2a: Gengar
|-activate|p2a: Gengar|Substitute|[damage]
|-damage|p1a: thenewguy24imo|429\/685
|
|-heal|p2a: Gengar|264\/268|[from] item: Black Sludge
|-end|p1a: thenewguy24imo|move: Taunt
|turn|11
|
|switch|p1a: Zenzo|Bisharp, F|334\/334
|-damage|p1a: Zenzo|314\/334|[from] Stealth Rock
|move|p2a: Gengar|Shadow Ball|p1a: Zenzo
|-resisted|p1a: Zenzo
|-damage|p1a: Zenzo|233\/334
|
|-heal|p2a: Gengar|268\/268|[from] item: Black Sludge
|-heal|p1a: Zenzo|253\/334|[from] item: Leftovers
|turn|12
|
|switch|p2a: Klefki|Klefki, F|318\/318
|-damage|p2a: Klefki|299\/318|[from] Stealth Rock
|move|p1a: Zenzo|Knock Off|p2a: Klefki
|-resisted|p2a: Klefki
|-damage|p2a: Klefki|224\/318
|-enditem|p2a: Klefki|Leftovers|[from] move: Knock Off|[of] p1a: Zenzo
|
|-heal|p1a: Zenzo|273\/334|[from] item: Leftovers
|turn|13
|
|switch|p1a: Costa|Skarmory, M|334\/334
|-damage|p1a: Costa|293\/334|[from] Stealth Rock
|move|p2a: Klefki|Spikes|p1a: Costa
|-sidestart|p1: haterss gonna hate|Spikes
|
|turn|14
|
|switch|p2a: Bisharp|Bisharp, F|272\/272
|-damage|p2a: Bisharp|255\/272|[from] Stealth Rock
|switch|p1a: Bloody Sunday|Heatran, M|340\/340
|-damage|p1a: Bloody Sunday|298\/340|[from] Stealth Rock
|-item|p1a: Bloody Sunday|Air Balloon
|
|turn|15
|join|Appreciation
|chat|Appreciation|FRIEEND
|
|move|p1a: Bloody Sunday|Fire Blast|p2a: Bisharp|[miss]
|-miss|p1a: Bloody Sunday|p2a: Bisharp
|move|p2a: Bisharp|Knock Off|p1a: Bloody Sunday
|-damage|p1a: Bloody Sunday|105\/340
|-enditem|p1a: Bloody Sunday|Air Balloon
|
|turn|16
|chat|Appreciation|:3333
|chat|Appreciation|wow hacker
|chat|haterss gonna hate|ofc
|
|move|p2a: Bisharp|Sucker Punch|p1a: Bloody Sunday
|-damage|p1a: Bloody Sunday|0 fnt
|faint|p1a: Bloody Sunday
|
|
|switch|p1a: wish killer|Keldeo|323\/323
|-damage|p1a: wish killer|283\/323|[from] Spikes
|-damage|p1a: wish killer|263\/323|[from] Stealth Rock
|turn|17
|chat|HollowHead|Sorry man.
|chat|loverss gonna love|lucky n bad
|chat|HollowHead|What does fire blast hurt that lava plume doesn't though?
|chat|HollowHead|Aegislash?
|chat|Appreciation|it has more power in general dummy
|
|switch|p2a: Klefki|Klefki, F|224\/318
|-damage|p2a: Klefki|205\/318|[from] Stealth Rock
|move|p1a: wish killer|Calm Mind|p1a: wish killer
|-boost|p1a: wish killer|spa|1
|-boost|p1a: wish killer|spd|1
|
|-heal|p1a: wish killer|283\/323|[from] item: Leftovers
|turn|18
|chat|Appreciation|:^)
|chat|Appreciation|twave inc
|
|move|p2a: Klefki|Thunder Wave|p1a: wish killer
|-status|p1a: wish killer|par
|move|p1a: wish killer|Scald|p2a: Klefki
|-damage|p2a: Klefki|7\/318
|
|-heal|p1a: wish killer|303\/323 par|[from] item: Leftovers
|turn|19
|chat|Appreciation|>
|
|move|p2a: Klefki|Dazzling Gleam|p1a: wish killer
|-crit|p1a: wish killer
|-supereffective|p1a: wish killer
|-damage|p1a: wish killer|25\/323 par
|move|p1a: wish killer|Scald|p2a: Klefki
|-damage|p2a: Klefki|0 fnt
|faint|p2a: Klefki
|
|-heal|p1a: wish killer|45\/323 par|[from] item: Leftovers
|chat|Appreciation|>
|chat|Appreciation|>>>>>>>>>>>>
|chat|haterss gonna hate|really?
|chat|loverss gonna love|loverss gonna love: lucky n bad
|
|switch|p2a: Gengar|Gengar, F|268\/268
|-damage|p2a: Gengar|235\/268|[from] Stealth Rock
|turn|20
|chat|Appreciation|kek
|
|move|p2a: Gengar|Shadow Ball|p1a: wish killer
|-damage|p1a: wish killer|0 fnt
|faint|p1a: wish killer
|
|-heal|p2a: Gengar|251\/268|[from] item: Black Sludge
|chat|Appreciation|quelle horreur
|
|switch|p1a: Zenzo|Bisharp, F|273\/334
|-damage|p1a: Zenzo|253\/334|[from] Stealth Rock
|-damage|p1a: Zenzo|212\/334|[from] Spikes
|turn|21
|chat|Appreciation|it has
|
|move|p2a: Gengar|Shadow Ball|p1a: Zenzo
|-resisted|p1a: Zenzo
|-damage|p1a: Zenzo|128\/334
|move|p1a: Zenzo|Swords Dance|p1a: Zenzo
|-boost|p1a: Zenzo|atk|2
|
|-heal|p2a: Gengar|267\/268|[from] item: Black Sludge
|-heal|p1a: Zenzo|148\/334|[from] item: Leftovers
|turn|22
|chat|Appreciation|o kek
|
|move|p1a: Zenzo|Sucker Punch|p2a: Gengar
|-fail|p2a: Gengar
|move|p2a: Gengar|Disable|p1a: Zenzo
|-start|p1a: Zenzo|Disable|Sucker Punch
|
|-heal|p2a: Gengar|268\/268|[from] item: Black Sludge
|-heal|p1a: Zenzo|168\/334|[from] item: Leftovers
|turn|23
|chat|Appreciation|plays
|
|move|p2a: Gengar|Shadow Ball|p1a: Zenzo
|-resisted|p1a: Zenzo
|-damage|p1a: Zenzo|73\/334
|-unboost|p1a: Zenzo|spd|1
|-boost|p1a: Zenzo|atk|2|[from] ability: Defiant
|move|p1a: Zenzo|Knock Off|p2a: Gengar
|-supereffective|p2a: Gengar
|-damage|p2a: Gengar|0 fnt
|-enditem|p2a: Gengar|Black Sludge|[from] move: Knock Off|[of] p1a: Zenzo
|faint|p2a: Gengar
|
|-heal|p1a: Zenzo|93\/334|[from] item: Leftovers
|chat|Appreciation|if we only had sucka now
|
|switch|p2a: Garchomp|Garchomp, F|336\/358 tox
|-damage|p2a: Garchomp|314\/358 tox|[from] Stealth Rock
|turn|24
|
|switch|p1a: Costa|Skarmory, M|293\/334
|-damage|p1a: Costa|252\/334|[from] Stealth Rock
|move|p2a: Garchomp|Earthquake|p1a: Costa
|-immune|p1a: Costa|[msg]
|
|-damage|p2a: Garchomp|292\/358 tox|[from] psn
|turn|25
|
|switch|p2a: Bisharp|Bisharp, F|255\/272
|-damage|p2a: Bisharp|238\/272|[from] Stealth Rock
|move|p1a: Costa|Spikes|p2a: Bisharp
|-sidestart|p2: HollowHead|Spikes
|
|turn|26
|
|move|p2a: Bisharp|Knock Off|p1a: Costa
|-damage|p1a: Costa|110\/334
|-damage|p2a: Bisharp|193\/272|[from] item: Rocky Helmet|[of] p1a: Costa
|-enditem|p1a: Costa|Rocky Helmet|[from] move: Knock Off|[of] p2a: Bisharp
|move|p1a: Costa|Roost|p1a: Costa
|-heal|p1a: Costa|277\/334
|
|turn|27
|
|switch|p2a: Thundurus|Thundurus, M|299\/299
|-damage|p2a: Thundurus|225\/299|[from] Stealth Rock
|move|p1a: Costa|Spikes|p2a: Thundurus
|-sidestart|p2: HollowHead|Spikes
|
|turn|28
|chat|Appreciation|btw i came from leddit, irly dunno if hes aka dh
|chat|Appreciation|when i message him through aka dh it says he off
|
|switch|p1a: Aka DH|Venusaur, M|364\/364
|-damage|p1a: Aka DH|319\/364|[from] Spikes
|-damage|p1a: Aka DH|274\/364|[from] Stealth Rock
|move|p2a: Thundurus|Nasty Plot|p2a: Thundurus
|-boost|p2a: Thundurus|spa|2
|
|turn|29
|
|switch|p1a: thenewguy24imo|Chansey, F|429\/685
|-damage|p1a: thenewguy24imo|344\/685|[from] Stealth Rock
|-damage|p1a: thenewguy24imo|259\/685|[from] Spikes
|move|p2a: Thundurus|Hidden Power|p1a: thenewguy24imo
|-damage|p1a: thenewguy24imo|113\/685
|-damage|p2a: Thundurus|196\/299|[from] item: Life Orb
|
|turn|30
|chat|loverss gonna love|mbe they're frens
|chat|Appreciation|when i message him through watch cats i get redirected to haterss gonna hate
|chat|Appreciation|._.
|chat|loverss gonna love|:]
|chat|Appreciation|>LORB NAST PLOT
|
|move|p2a: Thundurus|Thunderbolt|p1a: thenewguy24imo
|-damage|p1a: thenewguy24imo|0 fnt
|-damage|p2a: Thundurus|167\/299|[from] item: Life Orb
|faint|p1a: thenewguy24imo
|
|chat|Appreciation|>>
|
|switch|p1a: Zenzo|Bisharp, F|93\/334
|-damage|p1a: Zenzo|52\/334|[from] Spikes
|-damage|p1a: Zenzo|32\/334|[from] Stealth Rock
|turn|31
|chat|Appreciation|lorb and nasty blot
|chat|Appreciation|how bad can u b
|chat|Appreciation|:^)
|
|move|p2a: Thundurus|Nasty Plot|p2a: Thundurus
|-boost|p2a: Thundurus|spa|2
|move|p1a: Zenzo|Sucker Punch|p2a: Thundurus
|-fail|p2a: Thundurus
|
|-heal|p1a: Zenzo|52\/334|[from] item: Leftovers
|turn|32
|
|move|p1a: Zenzo|Sucker Punch|p2a: Thundurus
|-damage|p2a: Thundurus|0 fnt
|faint|p2a: Thundurus
|
|-heal|p1a: Zenzo|72\/334|[from] item: Leftovers
|chat|Appreciation|rekt
|chat|loverss gonna love|gg
|
|switch|p2a: Bisharp|Bisharp, F|193\/272
|-damage|p2a: Bisharp|176\/272|[from] Stealth Rock
|-damage|p2a: Bisharp|131\/272|[from] Spikes
|turn|33
|
|switch|p1a: Costa|Skarmory, M|277\/334
|-damage|p1a: Costa|236\/334|[from] Stealth Rock
|move|p2a: Bisharp|Knock Off|p1a: Costa
|-damage|p1a: Costa|136\/334
|
|turn|34
|chat|Appreciation|hes going for le flinch
|chat|Appreciation|y\/n
|
|switch|p2a: Alakazam|Alakazam-Mega, F|152\/252
|-damage|p2a: Alakazam|110\/252|[from] Spikes
|-damage|p2a: Alakazam|79\/252|[from] Stealth Rock
|-ability|p2a: Alakazam|Sturdy|[from] ability: Trace|[of] p1a: Costa
|move|p1a: Costa|Roost|p1a: Costa
|-heal|p1a: Costa|303\/334
|
|turn|35
|chat|Appreciation|n_n
|
|move|p2a: Alakazam|Hidden Power|p1a: Costa
|-supereffective|p1a: Costa
|-damage|p1a: Costa|95\/334
|move|p1a: Costa|Brave Bird|p2a: Alakazam
|-damage|p2a: Alakazam|0 fnt
|-damage|p1a: Costa|69\/334|[from] recoil|[of] p2a: Alakazam
|faint|p2a: Alakazam
|
|chat|Appreciation|rekt
|chat|Appreciation|banded skarm OP
|
|switch|p2a: Bisharp|Bisharp, F|131\/272
|-damage|p2a: Bisharp|114\/272|[from] Stealth Rock
|-damage|p2a: Bisharp|69\/272|[from] Spikes
|turn|36
|chat|haterss gonna hate|today is specs
|chat|Appreciation|haterss gonna hate do you wanna be my pokemon friend n_n
|
|move|p2a: Bisharp|Knock Off|p1a: Costa
|-damage|p1a: Costa|0 fnt
|faint|p1a: Costa
|
|
|switch|p1a: Aka DH|Venusaur, M|274\/364
|-damage|p1a: Aka DH|229\/364|[from] Spikes
|-damage|p1a: Aka DH|184\/364|[from] Stealth Rock
|turn|37
|
|detailschange|p1a: Aka DH|Venusaur-Mega, M
|message|Venusaur has Mega Evolved into Mega Venusaur!
|move|p2a: Bisharp|Iron Head|p1a: Aka DH
|-damage|p1a: Aka DH|91\/364
|move|p1a: Aka DH|Synthesis|p1a: Aka DH
|-heal|p1a: Aka DH|273\/364
|
|turn|38
|chat|loverss gonna love|haterss gonna hate is a one man wolf pack
|
|move|p2a: Bisharp|Iron Head|p1a: Aka DH
|-damage|p1a: Aka DH|183\/364
|move|p1a: Aka DH|Synthesis|p1a: Aka DH
|-heal|p1a: Aka DH|364\/364
|
|turn|39
|chat|Appreciation|aww
|
|move|p2a: Bisharp|Iron Head|p1a: Aka DH
|-damage|p1a: Aka DH|264\/364
|cant|p1a: Aka DH|flinch
|
|turn|40
|chat|Appreciation|>hacker
|
|move|p2a: Bisharp|Iron Head|p1a: Aka DH
|-damage|p1a: Aka DH|173\/364
|move|p1a: Aka DH|Synthesis|p1a: Aka DH
|-heal|p1a: Aka DH|355\/364
|
|turn|41
|chat|haterss gonna hate|i'm a girl loverss
|
|move|p2a: Bisharp|Iron Head|p1a: Aka DH
|-damage|p1a: Aka DH|265\/364
|move|p1a: Aka DH|Hidden Power|p2a: Bisharp
|-supereffective|p2a: Bisharp
|-damage|p2a: Bisharp|0 fnt
|faint|p2a: Bisharp
|
|chat|Appreciation|;)
|chat|Appreciation|grill
|chat|Appreciation|n_n
|
|switch|p2a: Garchomp|Garchomp, F|292\/358 tox
|-damage|p2a: Garchomp|233\/358 tox|[from] Spikes
|-damage|p2a: Garchomp|211\/358 tox|[from] Stealth Rock
|turn|42
|chat|loverss gonna love|i like girls!
|chat|Appreciation|i dont
|chat|loverss gonna love|be my gf? :D
|chat|Appreciation|:D
|chat|haterss gonna hate|maybe
|chat|Appreciation|he might not be wish killer
|chat|Appreciation|:[[[[[[[[[[[[
|
|move|p2a: Garchomp|Swords Dance|p2a: Garchomp
|-boost|p2a: Garchomp|atk|2
|move|p1a: Aka DH|Synthesis|p1a: Aka DH
|-heal|p1a: Aka DH|364\/364
|
|-damage|p2a: Garchomp|189\/358 tox|[from] psn
|turn|43
|chat|Appreciation|but how come they ever battle at the same time
|chat|Appreciation|:|
|chat|Appreciation|never*
|
|move|p2a: Garchomp|Outrage|p1a: Aka DH
|-damage|p1a: Aka DH|103\/364
|move|p1a: Aka DH|Giga Drain|p2a: Garchomp
|-crit|p2a: Garchomp
|-damage|p2a: Garchomp|23\/358 tox
|-heal|p1a: Aka DH|186\/364|[from] drain|[of] p2a: Garchomp
|
|-damage|p2a: Garchomp|0 fnt|[from] psn
|faint|p2a: Garchomp
|
|win|haterss gonna hate
|raw|Ladder updating...
|raw|haterss gonna hate's rating: 1989 &rarr; <strong>1996<\/strong><br \/>(+7 for winning)
|raw|HollowHead's rating: 1720 &rarr; <strong>1713<\/strong><br \/>(-7 for losing)
|chat|Appreciation|rekt
|chat|HollowHead|gg.
|leave|Appreciation
|chat|haterss gonna hate|gg
|leave|HollowHead
|player|p2
|chat|loverss gonna love|gg
|leave|haterss gonna hate
|player|p1