|join|lil manaphy
|join|HollowHead
|player|p1|lil manaphy|37
|player|p2|HollowHead|80
|gametype|singles
|gen|6
|tier|OU
|rated
|clearpoke
|poke|p1|Gardevoir, F, shiny
|poke|p1|Mandibuzz, F
|poke|p1|Amoonguss, F
|poke|p1|Chansey, F
|poke|p1|Keldeo
|poke|p1|Landorus-Therian, M
|poke|p2|Klefki, M
|poke|p2|Bisharp, M
|poke|p2|Alakazam, F
|poke|p2|Trevenant, F
|poke|p2|Thundurus, M
|poke|p2|Garchomp, M
|rule|Swagger Clause: Swagger is banned
|rule|Baton Pass Clause: Limit one PokÃ©mon knowing Baton Pass
|rule|Sleep Clause Mod: Limit one foe put to sleep
|rule|Species Clause: Limit one of each PokÃ©mon
|rule|OHKO Clause: OHKO moves are banned
|rule|Moody Clause: Moody is banned
|rule|Evasion Moves Clause: Evasion moves are banned
|rule|Endless Battle Clause: Forcing endless battles is banned
|rule|HP Percentage Mod: HP is reported as percentages
|teampreview
|
|start
|switch|p1a: Misty day|Gardevoir, F, shiny|277\/277
|switch|p2a: Garchomp|Garchomp, M|357\/357
|-ability|p1a: Misty day|Rough Skin|[from] ability: Trace|[of] p2a: Garchomp
|turn|1
|
|switch|p1a: Landorus-Therian|Landorus-Therian, M|382\/382
|-ability|p1a: Landorus-Therian|Intimidate|[of] p2a: Garchomp
|-unboost|p2a: Garchomp|atk|1
|move|p2a: Garchomp|Earthquake|p1a: Landorus-Therian
|-immune|p1a: Landorus-Therian|[msg]
|
|turn|2
|
|move|p2a: Garchomp|Stealth Rock|p1a: Landorus-Therian
|-sidestart|p1: lil manaphy|move: Stealth Rock
|move|p1a: Landorus-Therian|Stealth Rock|p2a: Garchomp
|-sidestart|p2: HollowHead|move: Stealth Rock
|
|turn|3
|
|move|p2a: Garchomp|Fire Blast|p1a: Landorus-Therian
|-damage|p1a: Landorus-Therian|298\/382
|move|p1a: Landorus-Therian|Earthquake|p2a: Garchomp
|-damage|p2a: Garchomp|179\/357
|
|-heal|p1a: Landorus-Therian|321\/382|[from] item: Leftovers
|turn|4
|
|move|p2a: Garchomp|Fire Blast|p1a: Landorus-Therian
|-damage|p1a: Landorus-Therian|231\/382
|move|p1a: Landorus-Therian|U-turn|p2a: Garchomp
|-damage|p2a: Garchomp|95\/357
|-damage|p1a: Landorus-Therian|184\/382|[from] ability: Rough Skin|[of] p2a: Garchomp
|
|switch|p1a: Keldeo|Keldeo|323\/323
|-damage|p1a: Keldeo|303\/323|[from] Stealth Rock
|
|-heal|p1a: Keldeo|323\/323|[from] item: Leftovers
|turn|5
|
|move|p1a: Keldeo|Scald|p2a: Garchomp
|-damage|p2a: Garchomp|0 fnt
|faint|p2a: Garchomp
|
|
|switch|p2a: Alakazam|Alakazam, F|252\/252
|turn|6
|
|switch|p1a: Chansey|Chansey, F|704\/704
|-damage|p1a: Chansey|616\/704|[from] Stealth Rock
|detailschange|p2a: Alakazam|Alakazam-Mega, F
|message|Alakazam has Mega Evolved into Mega Alakazam!
|-ability|p2a: Alakazam|Natural Cure|[from] ability: Trace|[of] p1a: Chansey
|move|p2a: Alakazam|Focus Blast|p1a: Chansey|[miss]
|-miss|p2a: Alakazam|p1a: Chansey
|
|turn|7
|
|switch|p2a: Trevenant|Trevenant, F|374\/374
|-damage|p2a: Trevenant|328\/374|[from] Stealth Rock
|move|p1a: Chansey|Seismic Toss|p2a: Trevenant
|-immune|p2a: Trevenant|[msg]
|
|turn|8
|
|move|p2a: Trevenant|Will-O-Wisp|p1a: Chansey
|-status|p1a: Chansey|brn
|move|p1a: Chansey|Wish|p1a: Chansey
|
|-damage|p1a: Chansey|528\/704 brn|[from] brn
|turn|9
|
|switch|p1a: Landorus-Therian|Landorus-Therian, M|184\/382
|-damage|p1a: Landorus-Therian|137\/382|[from] Stealth Rock
|-ability|p1a: Landorus-Therian|Intimidate|[of] p2a: Trevenant
|-unboost|p2a: Trevenant|atk|1
|move|p2a: Trevenant|Will-O-Wisp|p1a: Landorus-Therian
|-status|p1a: Landorus-Therian|brn
|
|-heal|p1a: Landorus-Therian|382\/382 brn|[from] move: Wish|[wisher] Chansey
|-damage|p1a: Landorus-Therian|335\/382 brn|[from] brn
|turn|10
|
|move|p1a: Landorus-Therian|U-turn|p2a: Trevenant
|-damage|p2a: Trevenant|295\/374
|
|switch|p1a: Zoe|Amoonguss, F|432\/432
|-damage|p1a: Zoe|378\/432|[from] Stealth Rock
|move|p2a: Trevenant|Horn Leech|p1a: Zoe
|-resisted|p1a: Zoe
|-damage|p1a: Zoe|363\/432
|-heal|p2a: Trevenant|303\/374|[from] drain|[of] p1a: Zoe
|
|-heal|p1a: Zoe|390\/432|[from] item: Black Sludge
|turn|11
|
|switch|p2a: Bisharp|Bisharp, M|272\/272
|-damage|p2a: Bisharp|255\/272|[from] Stealth Rock
|move|p1a: Zoe|Clear Smog|p2a: Bisharp
|-immune|p2a: Bisharp|[msg]
|
|-heal|p1a: Zoe|417\/432|[from] item: Black Sludge
|turn|12
|
|move|p2a: Bisharp|Knock Off|p1a: Zoe
|-damage|p1a: Zoe|227\/432
|-enditem|p1a: Zoe|Black Sludge|[from] move: Knock Off|[of] p2a: Bisharp
|move|p1a: Zoe|Spore|p2a: Bisharp
|-status|p2a: Bisharp|slp
|
|turn|13
|
|switch|p1a: Keldeo|Keldeo|323\/323
|-damage|p1a: Keldeo|303\/323|[from] Stealth Rock
|cant|p2a: Bisharp|slp
|
|-heal|p1a: Keldeo|323\/323|[from] item: Leftovers
|turn|14
|
|switch|p2a: Trevenant|Trevenant, F|303\/374
|-damage|p2a: Trevenant|257\/374|[from] Stealth Rock
|move|p1a: Keldeo|Scald|p2a: Trevenant
|-resisted|p2a: Trevenant
|-damage|p2a: Trevenant|181\/374
|
|turn|15
|
|move|p1a: Keldeo|Substitute|p1a: Keldeo
|-start|p1a: Keldeo|Substitute
|-damage|p1a: Keldeo|243\/323
|move|p2a: Trevenant|Rest|p2a: Trevenant
|-status|p2a: Trevenant|slp
|-heal|p2a: Trevenant|374\/374 slp|[silent]
|-status|p2a: Trevenant|slp|[from] move: Rest
|-enditem|p2a: Trevenant|Lum Berry|[eat]
|-curestatus|p2a: Trevenant|slp
|
|-heal|p1a: Keldeo|263\/323|[from] item: Leftovers
|turn|16
|
|move|p1a: Keldeo|Scald|p2a: Trevenant
|-resisted|p2a: Trevenant
|-damage|p2a: Trevenant|287\/374
|-status|p2a: Trevenant|brn
|move|p2a: Trevenant|Horn Leech|p1a: Keldeo
|-supereffective|p1a: Keldeo
|-end|p1a: Keldeo|Substitute
|-heal|p2a: Trevenant|327\/374 brn|[from] drain|[of] p1a: Keldeo
|
|-heal|p1a: Keldeo|283\/323|[from] item: Leftovers
|-damage|p2a: Trevenant|281\/374 brn|[from] brn
|-item|p2a: Trevenant|Lum Berry|[from] ability: Harvest
|-enditem|p2a: Trevenant|Lum Berry|[eat]
|-curestatus|p2a: Trevenant|brn
|turn|17
|join|Sugar K Leonard
|
|switch|p1a: Laveau|Mandibuzz, F|424\/424
|-damage|p1a: Laveau|318\/424|[from] Stealth Rock
|move|p2a: Trevenant|Shadow Claw|p1a: Laveau
|-resisted|p1a: Laveau
|-damage|p1a: Laveau|288\/424
|
|-heal|p1a: Laveau|314\/424|[from] item: Leftovers
|turn|18
|
|switch|p2a: Thundurus|Thundurus, M|299\/299
|-damage|p2a: Thundurus|225\/299|[from] Stealth Rock
|move|p1a: Laveau|Taunt|p2a: Thundurus
|-start|p2a: Thundurus|move: Taunt
|
|-heal|p1a: Laveau|340\/424|[from] item: Leftovers
|turn|19
|
|switch|p1a: Zoe|Amoonguss, F|371\/432
|-damage|p1a: Zoe|317\/432|[from] Stealth Rock
|move|p2a: Thundurus|Hidden Power|p1a: Zoe
|-supereffective|p1a: Zoe
|-damage|p1a: Zoe|96\/432
|-damage|p2a: Thundurus|196\/299|[from] item: Life Orb
|
|turn|20
|
|move|p2a: Thundurus|Thunderbolt|p1a: Zoe
|-resisted|p1a: Zoe
|-damage|p1a: Zoe|0 fnt
|-damage|p2a: Thundurus|167\/299|[from] item: Life Orb
|faint|p1a: Zoe
|
|
|switch|p1a: Misty day|Gardevoir, F, shiny|277\/277
|-damage|p1a: Misty day|243\/277|[from] Stealth Rock
|-ability|p1a: Misty day|Defiant|[from] ability: Trace|[of] p2a: Thundurus
|turn|21
|
|switch|p2a: Bisharp|Bisharp, M|255\/272 slp
|-damage|p2a: Bisharp|238\/272 slp|[from] Stealth Rock
|detailschange|p1a: Misty day|Gardevoir-Mega, F, shiny
|message|Gardevoir has Mega Evolved into Mega Gardevoir!
|move|p1a: Misty day|Hyper Voice|p2a: Bisharp
|-damage|p2a: Bisharp|0 fnt
|faint|p2a: Bisharp
|
|
|switch|p2a: Klefki|Klefki, M|318\/318
|-damage|p2a: Klefki|299\/318|[from] Stealth Rock
|turn|22
|
|switch|p1a: Landorus-Therian|Landorus-Therian, M|335\/382 brn
|-damage|p1a: Landorus-Therian|288\/382 brn|[from] Stealth Rock
|-ability|p1a: Landorus-Therian|Intimidate|[of] p2a: Klefki
|-unboost|p2a: Klefki|atk|1
|move|p2a: Klefki|Spikes|p1a: Landorus-Therian
|-sidestart|p1: lil manaphy|Spikes
|
|-heal|p1a: Landorus-Therian|311\/382 brn|[from] item: Leftovers
|-heal|p2a: Klefki|318\/318|[from] item: Leftovers
|-damage|p1a: Landorus-Therian|264\/382 brn|[from] brn
|turn|23
|
|switch|p2a: Trevenant|Trevenant, F|281\/374
|-damage|p2a: Trevenant|235\/374|[from] Stealth Rock
|move|p1a: Landorus-Therian|Earthquake|p2a: Trevenant
|-resisted|p2a: Trevenant
|-damage|p2a: Trevenant|194\/374
|
|-heal|p1a: Landorus-Therian|287\/382 brn|[from] item: Leftovers
|-damage|p1a: Landorus-Therian|240\/382 brn|[from] brn
|-item|p2a: Trevenant|Lum Berry|[from] ability: Harvest
|turn|24
|
|move|p1a: Landorus-Therian|U-turn|p2a: Trevenant
|-damage|p2a: Trevenant|157\/374
|
|switch|p1a: Misty day|Gardevoir-Mega, F, shiny|243\/277
|-damage|p1a: Misty day|209\/277|[from] Spikes
|-damage|p1a: Misty day|175\/277|[from] Stealth Rock
|move|p2a: Trevenant|Rest|p2a: Trevenant
|-status|p2a: Trevenant|slp
|-heal|p2a: Trevenant|374\/374 slp|[silent]
|-status|p2a: Trevenant|slp|[from] move: Rest
|-enditem|p2a: Trevenant|Lum Berry|[eat]
|-curestatus|p2a: Trevenant|slp
|
|-item|p2a: Trevenant|Lum Berry|[from] ability: Harvest
|turn|25
|
|move|p1a: Misty day|Hyper Voice|p2a: Trevenant
|-damage|p2a: Trevenant|67\/374
|move|p2a: Trevenant|Shadow Claw|p1a: Misty day
|-supereffective|p1a: Misty day
|-damage|p1a: Misty day|0 fnt
|faint|p1a: Misty day
|
|
|switch|p1a: Keldeo|Keldeo|283\/323
|-damage|p1a: Keldeo|263\/323|[from] Stealth Rock
|-damage|p1a: Keldeo|223\/323|[from] Spikes
|turn|26
|
|switch|p2a: Klefki|Klefki, M|318\/318
|-damage|p2a: Klefki|299\/318|[from] Stealth Rock
|move|p1a: Keldeo|Scald|p2a: Klefki
|-damage|p2a: Klefki|148\/318
|-status|p2a: Klefki|brn
|
|-heal|p1a: Keldeo|243\/323|[from] item: Leftovers
|-heal|p2a: Klefki|167\/318 brn|[from] item: Leftovers
|-damage|p2a: Klefki|128\/318 brn|[from] brn
|turn|27
|
|move|p2a: Klefki|Thunder Wave|p1a: Keldeo
|-status|p1a: Keldeo|par
|move|p1a: Keldeo|Substitute|p1a: Keldeo
|-start|p1a: Keldeo|Substitute
|-damage|p1a: Keldeo|163\/323 par
|
|-heal|p2a: Klefki|147\/318 brn|[from] item: Leftovers
|-heal|p1a: Keldeo|183\/323 par|[from] item: Leftovers
|-damage|p2a: Klefki|108\/318 brn|[from] brn
|turn|28
|
|move|p2a: Klefki|Dazzling Gleam|p1a: Keldeo
|-supereffective|p1a: Keldeo
|-end|p1a: Keldeo|Substitute
|move|p1a: Keldeo|Calm Mind|p1a: Keldeo
|-boost|p1a: Keldeo|spa|1
|-boost|p1a: Keldeo|spd|1
|
|-heal|p2a: Klefki|127\/318 brn|[from] item: Leftovers
|-heal|p1a: Keldeo|203\/323 par|[from] item: Leftovers
|-damage|p2a: Klefki|88\/318 brn|[from] brn
|turn|29
|
|switch|p1a: Landorus-Therian|Landorus-Therian, M|240\/382 brn
|-damage|p1a: Landorus-Therian|193\/382 brn|[from] Stealth Rock
|-ability|p1a: Landorus-Therian|Intimidate|[of] p2a: Klefki
|-unboost|p2a: Klefki|atk|1
|move|p2a: Klefki|Dazzling Gleam|p1a: Landorus-Therian
|-damage|p1a: Landorus-Therian|102\/382 brn
|
|-heal|p1a: Landorus-Therian|125\/382 brn|[from] item: Leftovers
|-heal|p2a: Klefki|107\/318 brn|[from] item: Leftovers
|-damage|p1a: Landorus-Therian|78\/382 brn|[from] brn
|-damage|p2a: Klefki|68\/318 brn|[from] brn
|turn|30
|
|move|p2a: Klefki|Spikes|p1a: Landorus-Therian
|-sidestart|p1: lil manaphy|Spikes
|move|p1a: Landorus-Therian|Earthquake|p2a: Klefki
|-supereffective|p2a: Klefki
|-damage|p2a: Klefki|0 fnt
|faint|p2a: Klefki
|
|-heal|p1a: Landorus-Therian|101\/382 brn|[from] item: Leftovers
|-damage|p1a: Landorus-Therian|54\/382 brn|[from] brn
|
|switch|p2a: Thundurus|Thundurus, M|167\/299
|-damage|p2a: Thundurus|93\/299|[from] Stealth Rock
|turn|31
|
|move|p2a: Thundurus|Hidden Power|p1a: Landorus-Therian
|-supereffective|p1a: Landorus-Therian
|-damage|p1a: Landorus-Therian|0 fnt
|-damage|p2a: Thundurus|64\/299|[from] item: Life Orb
|faint|p1a: Landorus-Therian
|
|
|switch|p1a: Chansey|Chansey, F|528\/704
|-damage|p1a: Chansey|411\/704|[from] Spikes
|-damage|p1a: Chansey|323\/704|[from] Stealth Rock
|turn|32
|
|move|p2a: Thundurus|Superpower|p1a: Chansey
|-supereffective|p1a: Chansey
|-damage|p1a: Chansey|0 fnt
|-unboost|p2a: Thundurus|atk|1
|-unboost|p2a: Thundurus|def|1
|-damage|p2a: Thundurus|35\/299|[from] item: Life Orb
|faint|p1a: Chansey
|
|-message|lil manaphy forfeited.
|
|win|HollowHead
|raw|Ladder updating...
|raw|lil manaphy's rating: 1943 &rarr; <strong>1919<\/strong><br \/>(-24 for losing)
|raw|HollowHead's rating: 1869 &rarr; <strong>1893<\/strong><br \/>(+24 for winning)
|leave|lil manaphy
|player|p1