|join|HollowHead
|join|Galardriek
|player|p1|HollowHead|80
|player|p2|Galardriek|29
|gametype|singles
|gen|6
|tier|OU
|rated
|clearpoke
|poke|p1|Klefki, M
|poke|p1|Dragonite, M
|poke|p1|Alakazam, F
|poke|p1|Trevenant, F
|poke|p1|Togekiss, F
|poke|p1|Bisharp, M
|poke|p2|Bisharp, M
|poke|p2|Sylveon, F, shiny
|poke|p2|Medicham, F
|poke|p2|Latios, M, shiny
|poke|p2|Porygon2, shiny
|poke|p2|Landorus, M
|rule|Swagger Clause: Swagger is banned
|rule|Baton Pass Clause: Limit one PokÃ©mon knowing Baton Pass
|rule|Sleep Clause Mod: Limit one foe put to sleep
|rule|Species Clause: Limit one of each PokÃ©mon
|rule|OHKO Clause: OHKO moves are banned
|rule|Moody Clause: Moody is banned
|rule|Evasion Moves Clause: Evasion moves are banned
|rule|Endless Battle Clause: Forcing endless battles is banned
|rule|HP Percentage Mod: HP is reported as percentages
|teampreview
|
|start
|switch|p1a: Bisharp|Bisharp, M|272\/272
|switch|p2a: Ying|Landorus, M|319\/319
|turn|1
|
|switch|p1a: Togekiss|Togekiss, F|373\/373
|move|p2a: Ying|Earth Power|p1a: Togekiss
|-immune|p1a: Togekiss|[msg]
|
|turn|2
|
|move|p2a: Ying|Sludge Wave|p1a: Togekiss
|-supereffective|p1a: Togekiss
|-damage|p1a: Togekiss|123\/373
|move|p1a: Togekiss|Body Slam|p2a: Ying
|-crit|p2a: Ying
|-damage|p2a: Ying|264\/319
|-status|p2a: Ying|par
|
|-heal|p1a: Togekiss|146\/373|[from] item: Leftovers
|turn|3
|
|switch|p2a: Surprise|Bisharp, M|271\/271
|move|p1a: Togekiss|Roost|p1a: Togekiss
|-heal|p1a: Togekiss|333\/373
|
|-heal|p1a: Togekiss|356\/373|[from] item: Leftovers
|turn|4
|
|switch|p1a: Bisharp|Bisharp, M|272\/272
|move|p2a: Surprise|Iron Head|p1a: Bisharp
|-resisted|p1a: Bisharp
|-damage|p1a: Bisharp|178\/272
|-damage|p2a: Surprise|244\/271|[from] item: Life Orb
|
|turn|5
|
|switch|p2a: Porygon (cos0-(1-)|Porygon2, shiny|374\/374
|-boost|p2a: Porygon (cos0-(1-)|spa|1|[from] ability: Download
|move|p1a: Bisharp|Stealth Rock|p2a: Porygon (cos0-(1-)
|-sidestart|p2: Galardriek|move: Stealth Rock
|
|turn|6
|
|move|p1a: Bisharp|Knock Off|p2a: Porygon (cos0-(1-)
|-damage|p2a: Porygon (cos0-(1-)|269\/374
|-enditem|p2a: Porygon (cos0-(1-)|Eviolite|[from] move: Knock Off|[of] p1a: Bisharp
|-damage|p1a: Bisharp|151\/272|[from] item: Life Orb
|move|p2a: Porygon (cos0-(1-)|Thunderbolt|p1a: Bisharp
|-damage|p1a: Bisharp|0 fnt
|faint|p1a: Bisharp
|
|
|switch|p1a: Alakazam|Alakazam, F|252\/252
|turn|7
|
|detailschange|p1a: Alakazam|Alakazam-Mega, F
|message|Alakazam has Mega Evolved into Mega Alakazam!
|-ability|p1a: Alakazam|Download|[from] ability: Trace|[of] p2a: Porygon (cos0-(1-)
|-boost|p1a: Alakazam|spa|1|[from] ability: Download
|move|p1a: Alakazam|Focus Blast|p2a: Porygon (cos0-(1-)|[miss]
|-miss|p1a: Alakazam|p2a: Porygon (cos0-(1-)
|move|p2a: Porygon (cos0-(1-)|Thunder Wave|p1a: Alakazam
|-status|p1a: Alakazam|par
|
|turn|8
|
|move|p2a: Porygon (cos0-(1-)|Ice Beam|p1a: Alakazam
|-damage|p1a: Alakazam|137\/252 par
|cant|p1a: Alakazam|par
|
|turn|9
|
|move|p2a: Porygon (cos0-(1-)|Thunderbolt|p1a: Alakazam
|-damage|p1a: Alakazam|31\/252 par
|cant|p1a: Alakazam|par
|
|turn|10
|
|move|p2a: Porygon (cos0-(1-)|Ice Beam|p1a: Alakazam
|-damage|p1a: Alakazam|0 fnt
|faint|p1a: Alakazam
|
|
|switch|p1a: Klefki|Klefki, M|318\/318
|turn|11
|
|switch|p2a: SHAME OF YOU|Sylveon, F, shiny|394\/394
|-damage|p2a: SHAME OF YOU|345\/394|[from] Stealth Rock
|move|p1a: Klefki|Spikes|p2a: SHAME OF YOU
|-sidestart|p2: Galardriek|Spikes
|
|-heal|p2a: SHAME OF YOU|369\/394|[from] item: Leftovers
|turn|12
|
|move|p1a: Klefki|Thunder Wave|p2a: SHAME OF YOU
|-status|p2a: SHAME OF YOU|par
|move|p2a: SHAME OF YOU|Heal Bell|p2a: SHAME OF YOU
|-cureteam|p2a: SHAME OF YOU|[from] move: HealBell
|
|-heal|p2a: SHAME OF YOU|393\/394|[from] item: Leftovers
|turn|13
|
|move|p1a: Klefki|Spikes|p2a: SHAME OF YOU
|-sidestart|p2: Galardriek|Spikes
|move|p2a: SHAME OF YOU|Wish|p2a: SHAME OF YOU
|
|-heal|p2a: SHAME OF YOU|394\/394|[from] item: Leftovers
|turn|14
|
|switch|p2a: Ying|Landorus, M|264\/319
|-damage|p2a: Ying|225\/319|[from] Stealth Rock
|move|p1a: Klefki|Foul Play|p2a: Ying
|-damage|p2a: Ying|139\/319
|
|-heal|p2a: Ying|319\/319|[from] move: Wish|[wisher] SHAME OF YOU
|turn|15
|
|move|p2a: Ying|Stealth Rock|p1a: Klefki
|-sidestart|p1: HollowHead|move: Stealth Rock
|move|p1a: Klefki|Dazzling Gleam|p2a: Ying
|-damage|p2a: Ying|216\/319
|
|turn|16
|
|switch|p1a: Togekiss|Togekiss, F|356\/373
|-damage|p1a: Togekiss|263\/373|[from] Stealth Rock
|move|p2a: Ying|Earth Power|p1a: Togekiss
|-immune|p1a: Togekiss|[msg]
|
|-heal|p1a: Togekiss|286\/373|[from] item: Leftovers
|turn|17
|
|move|p2a: Ying|Sludge Wave|p1a: Togekiss
|-supereffective|p1a: Togekiss
|-damage|p1a: Togekiss|4\/373
|move|p1a: Togekiss|Body Slam|p2a: Ying
|-damage|p2a: Ying|179\/319
|-status|p2a: Ying|par
|
|-heal|p1a: Togekiss|27\/373|[from] item: Leftovers
|turn|18
|
|move|p1a: Togekiss|Air Slash|p2a: Ying|[miss]
|-miss|p1a: Togekiss|p2a: Ying
|move|p2a: Ying|Sludge Wave|p1a: Togekiss
|-supereffective|p1a: Togekiss
|-damage|p1a: Togekiss|0 fnt
|faint|p1a: Togekiss
|
|
|switch|p1a: Dragonite|Dragonite, M|385\/385
|-damage|p1a: Dragonite|289\/385|[from] Stealth Rock
|turn|19
|
|move|p1a: Dragonite|Substitute|p1a: Dragonite
|-start|p1a: Dragonite|Substitute
|-damage|p1a: Dragonite|193\/385
|move|p2a: Ying|Sludge Wave|p1a: Dragonite
|-end|p1a: Dragonite|Substitute
|
|-heal|p1a: Dragonite|217\/385|[from] item: Leftovers
|turn|20
|
|move|p1a: Dragonite|Roost|p1a: Dragonite
|-heal|p1a: Dragonite|385\/385
|move|p2a: Ying|Sludge Wave|p1a: Dragonite
|-damage|p1a: Dragonite|332\/385
|
|-heal|p1a: Dragonite|356\/385|[from] item: Leftovers
|turn|21
|
|switch|p2a: SHAME OF YOU|Sylveon, F, shiny|394\/394
|-damage|p2a: SHAME OF YOU|345\/394|[from] Stealth Rock
|-damage|p2a: SHAME OF YOU|280\/394|[from] Spikes
|move|p1a: Dragonite|Substitute|p1a: Dragonite
|-start|p1a: Dragonite|Substitute
|-damage|p1a: Dragonite|260\/385
|
|-heal|p1a: Dragonite|284\/385|[from] item: Leftovers
|-heal|p2a: SHAME OF YOU|304\/394|[from] item: Leftovers
|turn|22
|
|move|p1a: Dragonite|Roost|p1a: Dragonite
|-heal|p1a: Dragonite|385\/385
|move|p2a: SHAME OF YOU|Hyper Voice|p1a: Dragonite
|-supereffective|p1a: Dragonite
|-damage|p1a: Dragonite|280\/385
|
|-heal|p1a: Dragonite|304\/385|[from] item: Leftovers
|-heal|p2a: SHAME OF YOU|328\/394|[from] item: Leftovers
|turn|23
|
|move|p2a: SHAME OF YOU|Hyper Voice|p1a: Dragonite
|-supereffective|p1a: Dragonite
|-damage|p1a: Dragonite|94\/385
|move|p1a: Dragonite|Roar|p2a: SHAME OF YOU
|drag|p2a: Ying|Landorus, M|179\/319 par
|-damage|p2a: Ying|140\/319 par|[from] Stealth Rock
|
|-heal|p1a: Dragonite|118\/385|[from] item: Leftovers
|turn|24
|
|switch|p2a: SHAME OF YOU|Sylveon, F, shiny|328\/394
|-damage|p2a: SHAME OF YOU|263\/394|[from] Spikes
|-damage|p2a: SHAME OF YOU|214\/394|[from] Stealth Rock
|move|p1a: Dragonite|Roost|p1a: Dragonite
|-heal|p1a: Dragonite|311\/385
|
|-heal|p1a: Dragonite|335\/385|[from] item: Leftovers
|-heal|p2a: SHAME OF YOU|238\/394|[from] item: Leftovers
|turn|25
|
|move|p1a: Dragonite|Thunder Wave|p2a: SHAME OF YOU
|-status|p2a: SHAME OF YOU|par
|move|p2a: SHAME OF YOU|Hyper Voice|p1a: Dragonite
|-supereffective|p1a: Dragonite
|-damage|p1a: Dragonite|125\/385
|
|-heal|p1a: Dragonite|149\/385|[from] item: Leftovers
|-heal|p2a: SHAME OF YOU|262\/394 par|[from] item: Leftovers
|turn|26
|
|move|p1a: Dragonite|Roost|p1a: Dragonite
|-heal|p1a: Dragonite|342\/385
|cant|p2a: SHAME OF YOU|par
|
|-heal|p1a: Dragonite|366\/385|[from] item: Leftovers
|-heal|p2a: SHAME OF YOU|286\/394 par|[from] item: Leftovers
|turn|27
|
|cant|p2a: SHAME OF YOU|par
|move|p1a: Dragonite|Roar|p2a: SHAME OF YOU
|drag|p2a: Ying|Landorus, M|140\/319 par
|-damage|p2a: Ying|101\/319 par|[from] Stealth Rock
|
|-heal|p1a: Dragonite|385\/385|[from] item: Leftovers
|turn|28
|
|cant|p2a: Ying|par
|move|p1a: Dragonite|Roar|p2a: Ying
|drag|p2a: Fucker|Medicham, F|261\/261
|-damage|p2a: Fucker|245\/261|[from] Stealth Rock
|-damage|p2a: Fucker|202\/261|[from] Spikes
|
|turn|29
|
|detailschange|p2a: Fucker|Medicham-Mega, F
|message|Medicham has Mega Evolved into Mega Medicham!
|move|p2a: Fucker|Ice Punch|p1a: Dragonite
|-supereffective|p1a: Dragonite
|-end|p1a: Dragonite|Substitute
|move|p1a: Dragonite|Thunder Wave|p2a: Fucker
|-status|p2a: Fucker|par
|
|turn|30
|
|move|p1a: Dragonite|Substitute|p1a: Dragonite
|-start|p1a: Dragonite|Substitute
|-damage|p1a: Dragonite|289\/385
|move|p2a: Fucker|Ice Punch|p1a: Dragonite
|-supereffective|p1a: Dragonite
|-end|p1a: Dragonite|Substitute
|
|-heal|p1a: Dragonite|313\/385|[from] item: Leftovers
|turn|31
|
|switch|p2a: SHAME OF YOU|Sylveon, F, shiny|286\/394 par
|-damage|p2a: SHAME OF YOU|221\/394 par|[from] Spikes
|-damage|p2a: SHAME OF YOU|172\/394 par|[from] Stealth Rock
|move|p1a: Dragonite|Substitute|p1a: Dragonite
|-start|p1a: Dragonite|Substitute
|-damage|p1a: Dragonite|217\/385
|
|-heal|p1a: Dragonite|241\/385|[from] item: Leftovers
|-heal|p2a: SHAME OF YOU|196\/394 par|[from] item: Leftovers
|turn|32
|
|move|p1a: Dragonite|Roost|p1a: Dragonite
|-heal|p1a: Dragonite|385\/385
|move|p2a: SHAME OF YOU|Heal Bell|p2a: SHAME OF YOU
|-cureteam|p2a: SHAME OF YOU|[from] move: HealBell
|
|-heal|p2a: SHAME OF YOU|220\/394|[from] item: Leftovers
|turn|33
|
|move|p2a: SHAME OF YOU|Protect|p2a: SHAME OF YOU
|-singleturn|p2a: SHAME OF YOU|Protect
|move|p1a: Dragonite|Roar|p2a: SHAME OF YOU
|drag|p2a: Fucker|Medicham-Mega, F|202\/261
|-damage|p2a: Fucker|159\/261|[from] Spikes
|-damage|p2a: Fucker|143\/261|[from] Stealth Rock
|
|turn|34
|
|move|p2a: Fucker|Psycho Cut|p1a: Dragonite
|-end|p1a: Dragonite|Substitute
|move|p1a: Dragonite|Thunder Wave|p2a: Fucker
|-status|p2a: Fucker|par
|
|turn|35
|
|move|p1a: Dragonite|Substitute|p1a: Dragonite
|-start|p1a: Dragonite|Substitute
|-damage|p1a: Dragonite|289\/385
|move|p2a: Fucker|Ice Punch|p1a: Dragonite
|-supereffective|p1a: Dragonite
|-end|p1a: Dragonite|Substitute
|
|-heal|p1a: Dragonite|313\/385|[from] item: Leftovers
|turn|36
|
|switch|p2a: Meh|Latios, M, shiny|301\/301
|-damage|p2a: Meh|264\/301|[from] Stealth Rock
|move|p1a: Dragonite|Substitute|p1a: Dragonite
|-start|p1a: Dragonite|Substitute
|-damage|p1a: Dragonite|217\/385
|
|-heal|p1a: Dragonite|241\/385|[from] item: Leftovers
|turn|37
|
|move|p2a: Meh|Draco Meteor|p1a: Dragonite
|-supereffective|p1a: Dragonite
|-end|p1a: Dragonite|Substitute
|-unboost|p2a: Meh|spa|2
|move|p1a: Dragonite|Thunder Wave|p2a: Meh
|-status|p2a: Meh|par
|
|-heal|p1a: Dragonite|265\/385|[from] item: Leftovers
|turn|38
|
|move|p1a: Dragonite|Substitute|p1a: Dragonite
|-start|p1a: Dragonite|Substitute
|-damage|p1a: Dragonite|169\/385
|move|p2a: Meh|Draco Meteor|p1a: Dragonite|[miss]
|-miss|p2a: Meh|p1a: Dragonite
|
|-heal|p1a: Dragonite|193\/385|[from] item: Leftovers
|turn|39
|
|switch|p2a: SHAME OF YOU|Sylveon, F, shiny|220\/394
|-damage|p2a: SHAME OF YOU|155\/394|[from] Spikes
|-damage|p2a: SHAME OF YOU|106\/394|[from] Stealth Rock
|move|p1a: Dragonite|Roost|p1a: Dragonite
|-heal|p1a: Dragonite|385\/385
|
|-heal|p2a: SHAME OF YOU|130\/394|[from] item: Leftovers
|turn|40
|
|move|p2a: SHAME OF YOU|Wish|p2a: SHAME OF YOU
|move|p1a: Dragonite|Roar|p2a: SHAME OF YOU
|drag|p2a: Ying|Landorus, M|101\/319
|-damage|p2a: Ying|62\/319|[from] Stealth Rock
|
|turn|41
|chat|HollowHead|sorry
|
|switch|p2a: SHAME OF YOU|Sylveon, F, shiny|130\/394
|-damage|p2a: SHAME OF YOU|65\/394|[from] Spikes
|-damage|p2a: SHAME OF YOU|16\/394|[from] Stealth Rock
|move|p1a: Dragonite|Roar|p2a: SHAME OF YOU
|drag|p2a: Fucker|Medicham-Mega, F|143\/261 par
|-damage|p2a: Fucker|127\/261 par|[from] Stealth Rock
|-damage|p2a: Fucker|84\/261 par|[from] Spikes
|
|-heal|p2a: Fucker|261\/261 par|[from] move: Wish|[wisher] SHAME OF YOU
|turn|42
|
|switch|p2a: SHAME OF YOU|Sylveon, F, shiny|16\/394
|-damage|p2a: SHAME OF YOU|0 fnt|[from] Spikes
|faint|p2a: SHAME OF YOU
|move|p1a: Dragonite|Roar|p2: SHAME OF YOU|[notarget]
|-notarget
|
|
|switch|p2a: Ying|Landorus, M|62\/319
|-damage|p2a: Ying|23\/319|[from] Stealth Rock
|turn|43
|
|move|p2a: Ying|Sludge Wave|p1a: Dragonite
|-activate|p1a: Dragonite|Substitute|[damage]
|move|p1a: Dragonite|Roar|p2a: Ying
|drag|p2a: Porygon (cos0-(1-)|Porygon2, shiny|269\/374
|-damage|p2a: Porygon (cos0-(1-)|223\/374|[from] Stealth Rock
|-damage|p2a: Porygon (cos0-(1-)|161\/374|[from] Spikes
|-boost|p2a: Porygon (cos0-(1-)|atk|1|[from] ability: Download
|
|turn|44
|
|switch|p2a: Ying|Landorus, M|23\/319
|-damage|p2a: Ying|0 fnt|[from] Stealth Rock
|faint|p2a: Ying
|move|p1a: Dragonite|Thunder Wave|p2: Ying|[notarget]
|-notarget
|
|
|switch|p2a: Porygon (cos0-(1-)|Porygon2, shiny|161\/374
|-damage|p2a: Porygon (cos0-(1-)|115\/374|[from] Stealth Rock
|-damage|p2a: Porygon (cos0-(1-)|53\/374|[from] Spikes
|-boost|p2a: Porygon (cos0-(1-)|atk|1|[from] ability: Download
|turn|45
|
|move|p1a: Dragonite|Thunder Wave|p2a: Porygon (cos0-(1-)
|-status|p2a: Porygon (cos0-(1-)|par
|move|p2a: Porygon (cos0-(1-)|Ice Beam|p1a: Dragonite
|-supereffective|p1a: Dragonite
|-end|p1a: Dragonite|Substitute
|
|turn|46
|
|move|p1a: Dragonite|Substitute|p1a: Dragonite
|-start|p1a: Dragonite|Substitute
|-damage|p1a: Dragonite|289\/385
|move|p2a: Porygon (cos0-(1-)|Ice Beam|p1a: Dragonite
|-supereffective|p1a: Dragonite
|-end|p1a: Dragonite|Substitute
|
|-heal|p1a: Dragonite|313\/385|[from] item: Leftovers
|turn|47
|
|move|p1a: Dragonite|Substitute|p1a: Dragonite
|-start|p1a: Dragonite|Substitute
|-damage|p1a: Dragonite|217\/385
|move|p2a: Porygon (cos0-(1-)|Ice Beam|p1a: Dragonite
|-supereffective|p1a: Dragonite
|-end|p1a: Dragonite|Substitute
|
|-heal|p1a: Dragonite|241\/385|[from] item: Leftovers
|turn|48
|
|move|p1a: Dragonite|Substitute|p1a: Dragonite
|-start|p1a: Dragonite|Substitute
|-damage|p1a: Dragonite|145\/385
|move|p2a: Porygon (cos0-(1-)|Ice Beam|p1a: Dragonite
|-supereffective|p1a: Dragonite
|-end|p1a: Dragonite|Substitute
|
|-heal|p1a: Dragonite|169\/385|[from] item: Leftovers
|turn|49
|
|move|p1a: Dragonite|Substitute|p1a: Dragonite
|-start|p1a: Dragonite|Substitute
|-damage|p1a: Dragonite|73\/385
|move|p2a: Porygon (cos0-(1-)|Ice Beam|p1a: Dragonite
|-supereffective|p1a: Dragonite
|-end|p1a: Dragonite|Substitute
|
|-heal|p1a: Dragonite|97\/385|[from] item: Leftovers
|turn|50
|
|move|p1a: Dragonite|Roost|p1a: Dragonite
|-heal|p1a: Dragonite|290\/385
|move|p2a: Porygon (cos0-(1-)|Ice Beam|p1a: Dragonite
|-supereffective|p1a: Dragonite
|-damage|p1a: Dragonite|178\/385
|
|-heal|p1a: Dragonite|202\/385|[from] item: Leftovers
|turn|51
|
|move|p1a: Dragonite|Roost|p1a: Dragonite
|-heal|p1a: Dragonite|385\/385
|cant|p2a: Porygon (cos0-(1-)|par
|
|turn|52
|
|move|p1a: Dragonite|Substitute|p1a: Dragonite
|-start|p1a: Dragonite|Substitute
|-damage|p1a: Dragonite|289\/385
|move|p2a: Porygon (cos0-(1-)|Ice Beam|p1a: Dragonite
|-supereffective|p1a: Dragonite
|-end|p1a: Dragonite|Substitute
|
|-heal|p1a: Dragonite|313\/385|[from] item: Leftovers
|turn|53
|
|move|p1a: Dragonite|Substitute|p1a: Dragonite
|-start|p1a: Dragonite|Substitute
|-damage|p1a: Dragonite|217\/385
|move|p2a: Porygon (cos0-(1-)|Ice Beam|p1a: Dragonite
|-supereffective|p1a: Dragonite
|-end|p1a: Dragonite|Substitute
|
|-heal|p1a: Dragonite|241\/385|[from] item: Leftovers
|turn|54
|
|move|p1a: Dragonite|Substitute|p1a: Dragonite
|-start|p1a: Dragonite|Substitute
|-damage|p1a: Dragonite|145\/385
|cant|p2a: Porygon (cos0-(1-)|par
|
|-heal|p1a: Dragonite|169\/385|[from] item: Leftovers
|turn|55
|
|move|p1a: Dragonite|Roost|p1a: Dragonite
|-heal|p1a: Dragonite|362\/385
|move|p2a: Porygon (cos0-(1-)|Ice Beam|p1a: Dragonite
|-supereffective|p1a: Dragonite
|-end|p1a: Dragonite|Substitute
|
|-heal|p1a: Dragonite|385\/385|[from] item: Leftovers
|turn|56
|
|move|p1a: Dragonite|Substitute|p1a: Dragonite
|-start|p1a: Dragonite|Substitute
|-damage|p1a: Dragonite|289\/385
|move|p2a: Porygon (cos0-(1-)|Ice Beam|p1a: Dragonite
|-supereffective|p1a: Dragonite
|-end|p1a: Dragonite|Substitute
|
|-heal|p1a: Dragonite|313\/385|[from] item: Leftovers
|turn|57
|
|move|p1a: Dragonite|Substitute|p1a: Dragonite
|-start|p1a: Dragonite|Substitute
|-damage|p1a: Dragonite|217\/385
|move|p2a: Porygon (cos0-(1-)|Ice Beam|p1a: Dragonite
|-supereffective|p1a: Dragonite
|-end|p1a: Dragonite|Substitute
|
|-heal|p1a: Dragonite|241\/385|[from] item: Leftovers
|turn|58
|
|cant|p2a: Porygon (cos0-(1-)|par
|move|p1a: Dragonite|Roar|p2a: Porygon (cos0-(1-)
|drag|p2a: Meh|Latios, M, shiny|264\/301 par
|-damage|p2a: Meh|227\/301 par|[from] Stealth Rock
|
|-heal|p1a: Dragonite|265\/385|[from] item: Leftovers
|turn|59
|
|move|p1a: Dragonite|Thunder Wave|p2a: Meh
|-fail|p2a: Meh|par
|move|p2a: Meh|Ice Beam|p1a: Dragonite
|-supereffective|p1a: Dragonite
|-damage|p1a: Dragonite|0 fnt
|faint|p1a: Dragonite
|
|
|switch|p1a: Trevenant|Trevenant, F|374\/374
|-damage|p1a: Trevenant|328\/374|[from] Stealth Rock
|turn|60
|
|move|p1a: Trevenant|Shadow Claw|p2a: Meh
|-supereffective|p2a: Meh
|-damage|p2a: Meh|15\/301 par
|move|p2a: Meh|Ice Beam|p1a: Trevenant
|-crit|p1a: Trevenant
|-supereffective|p1a: Trevenant
|-damage|p1a: Trevenant|0 fnt
|faint|p1a: Trevenant
|
|
|switch|p1a: Klefki|Klefki, M|318\/318
|-damage|p1a: Klefki|299\/318|[from] Stealth Rock
|turn|61
|chat|HollowHead|gg!
|
|move|p1a: Klefki|Foul Play|p2a: Meh
|-supereffective|p2a: Meh
|-damage|p2a: Meh|0 fnt
|faint|p2a: Meh
|
|-heal|p1a: Klefki|318\/318|[from] item: Leftovers
|
|switch|p2a: Porygon (cos0-(1-)|Porygon2, shiny|53\/374 par
|-damage|p2a: Porygon (cos0-(1-)|7\/374 par|[from] Stealth Rock
|-damage|p2a: Porygon (cos0-(1-)|0 fnt|[from] Spikes
|faint|p2a: Porygon (cos0-(1-)
|
|switch|p2a: Fucker|Medicham-Mega, F|261\/261 par
|-damage|p2a: Fucker|245\/261 par|[from] Stealth Rock
|-damage|p2a: Fucker|202\/261 par|[from] Spikes
|turn|62
|
|move|p2a: Fucker|Fake Out|p1a: Klefki
|-resisted|p1a: Klefki
|-damage|p1a: Klefki|284\/318
|cant|p1a: Klefki|flinch
|
|-heal|p1a: Klefki|303\/318|[from] item: Leftovers
|turn|63
|
|move|p1a: Klefki|Dazzling Gleam|p2a: Fucker
|-supereffective|p2a: Fucker
|-damage|p2a: Fucker|14\/261 par
|move|p2a: Fucker|Drain Punch|p1a: Klefki
|-damage|p1a: Klefki|116\/318
|-heal|p2a: Fucker|108\/261 par|[from] drain|[of] p1a: Klefki
|
|-heal|p1a: Klefki|135\/318|[from] item: Leftovers
|turn|64
|
|move|p1a: Klefki|Dazzling Gleam|p2a: Fucker
|-supereffective|p2a: Fucker
|-damage|p2a: Fucker|0 fnt
|faint|p2a: Fucker
|
|-heal|p1a: Klefki|154\/318|[from] item: Leftovers
|
|switch|p2a: Surprise|Bisharp, M|244\/271
|-damage|p2a: Surprise|199\/271|[from] Spikes
|-damage|p2a: Surprise|183\/271|[from] Stealth Rock
|turn|65
|
|move|p1a: Klefki|Thunder Wave|p2a: Surprise
|-status|p2a: Surprise|par
|cant|p2a: Surprise|par
|
|-heal|p1a: Klefki|173\/318|[from] item: Leftovers
|turn|66
|
|move|p1a: Klefki|Dazzling Gleam|p2a: Surprise
|-damage|p2a: Surprise|69\/271 par
|move|p2a: Surprise|Iron Head|p1a: Klefki
|-damage|p1a: Klefki|12\/318
|-damage|p2a: Surprise|42\/271 par|[from] item: Life Orb
|
|-heal|p1a: Klefki|31\/318|[from] item: Leftovers
|turn|67
|
|move|p2a: Surprise|Sucker Punch|p1a: Klefki
|-resisted|p1a: Klefki
|-damage|p1a: Klefki|0 fnt
|-damage|p2a: Surprise|15\/271 par|[from] item: Life Orb
|faint|p1a: Klefki
|
|win|Galardriek
|raw|Ladder updating...
|raw|HollowHead's rating: 1677 &rarr; <strong>1655<\/strong><br \/>(-22 for losing)
|raw|Galardriek's rating: 1642 &rarr; <strong>1664<\/strong><br \/>(+22 for winning)
|chat|HollowHead|gg
|chat|Galardriek|gg
|leave|HollowHead
|player|p1