|join|Halfro
|join|HollowHead
|player|p1|Halfro|68
|player|p2|HollowHead|169
|gametype|singles
|gen|6
|tier|OU
|rated
|clearpoke
|poke|p1|Rotom-Wash
|poke|p1|Latios, M
|poke|p1|Gliscor, M
|poke|p1|Gengar, M
|poke|p1|Conkeldurr, M
|poke|p1|Charizard, F
|poke|p2|Whimsicott, F, shiny
|poke|p2|Heatran, F
|poke|p2|Gyarados, M
|poke|p2|Zapdos
|poke|p2|Excadrill, F
|poke|p2|Latias, F
|rule|Sleep Clause Mod: Limit one foe put to sleep
|rule|Species Clause: Limit one of each Pokemon
|rule|OHKO Clause: OHKO moves are banned
|rule|Moody Clause: Moody is banned
|rule|Evasion Moves Clause: Evasion moves are banned
|rule|Endless Battle Clause: Forcing endless battles is banned.
|rule|HP Percentage Mod: HP is reported as percentages
|teampreview
|
|start
|switch|p1a: Rotom-Wash|Rotom-Wash|304\/304
|switch|p2a: Latias|Latias, F|302\/302
|turn|1
|
|move|p2a: Latias|Draco Meteor|p1a: Rotom-Wash
|-damage|p1a: Rotom-Wash|105\/304
|-unboost|p2a: Latias|spa|2
|move|p1a: Rotom-Wash|Thunder Wave|p2a: Latias
|-status|p2a: Latias|par
|
|-heal|p1a: Rotom-Wash|124\/304|[from] item: Leftovers
|turn|2
|
|move|p1a: Rotom-Wash|Volt Switch|p2a: Latias
|-resisted|p2a: Latias
|-damage|p2a: Latias|266\/302 par
|
|switch|p1a: Conkeldurr|Conkeldurr, M|351\/351
|move|p2a: Latias|Psyshock|p1a: Conkeldurr
|-supereffective|p1a: Conkeldurr
|-damage|p1a: Conkeldurr|225\/351
|
|-heal|p2a: Latias|284\/302 par|[from] item: Leftovers
|turn|3
|
|switch|p2a: Gyarados|Gyarados, M|393\/393
|-ability|p2a: Gyarados|Intimidate|[of] p1a: Conkeldurr
|-unboost|p1a: Conkeldurr|atk|1
|move|p1a: Conkeldurr|Knock Off|p2a: Gyarados
|-damage|p2a: Gyarados|340\/393
|
|turn|4
|
|switch|p1a: Rotom-Wash|Rotom-Wash|124\/304
|move|p2a: Gyarados|Dragon Dance|p2a: Gyarados
|-boost|p2a: Gyarados|atk|1
|-boost|p2a: Gyarados|spe|1
|
|-heal|p1a: Rotom-Wash|143\/304|[from] item: Leftovers
|turn|5
|
|-formechange|p2a: Gyarados|Gyarados-Mega
|message|Gyarados has Mega Evolved into Mega Gyarados!
|-ability|p2a: Gyarados|Mold Breaker
|move|p2a: Gyarados|Earthquake|p1a: Rotom-Wash
|-crit|p1a: Rotom-Wash
|-supereffective|p1a: Rotom-Wash
|-damage|p1a: Rotom-Wash|0 fnt
|faint|p1a: Rotom-Wash
|
|
|switch|p1a: Gengar|Gengar, M|261\/261
|turn|6
|
|move|p1a: Gengar|Destiny Bond|p1a: Gengar
|-singlemove|p1a: Gengar|Destiny Bond
|move|p2a: Gyarados|Earthquake|p1a: Gengar
|-supereffective|p1a: Gengar
|-damage|p1a: Gengar|0 fnt
|faint|p1a: Gengar
|-activate|p1a: Gengar|Destiny Bond
|faint|p2a: Gyarados
|
|chat|HollowHead|scarf bond?
|
|switch|p1a: Charizard|Charizard, F|297\/297
|switch|p2a: Latias|Latias, F|284\/302 par
|turn|7
|
|-formechange|p1a: Charizard|Charizard-Mega-X
|message|Charizard has Mega Evolved into Mega Charizard!
|move|p1a: Charizard|Dragon Claw|p2a: Latias
|-supereffective|p2a: Latias
|-damage|p2a: Latias|0 fnt
|faint|p2a: Latias
|
|
|switch|p2a: Whimsicott|Whimsicott, F, shiny|324\/324
|turn|8
|
|move|p2a: Whimsicott|Encore|p1a: Charizard
|-start|p1a: Charizard|Encore
|move|p1a: Charizard|Dragon Claw|p2a: Whimsicott
|-immune|p2a: Whimsicott|[msg]
|
|turn|9
|
|switch|p1a: Latios|Latios, M|302\/302
|move|p2a: Whimsicott|Stun Spore|p1a: Latios|[miss]
|-miss|p2a: Whimsicott|p1a: Latios
|
|turn|10
|chat|Halfro|yup scarf bond
|
|move|p2a: Whimsicott|Stun Spore|p1a: Latios|[miss]
|-miss|p2a: Whimsicott|p1a: Latios
|move|p1a: Latios|Psyshock|p2a: Whimsicott
|-damage|p2a: Whimsicott|188\/324
|-damage|p1a: Latios|272\/302|[from] item: Life Orb
|
|-heal|p2a: Whimsicott|208\/324|[from] item: Leftovers
|turn|11
|chat|HollowHead|You crazy monster you
|
|switch|p1a: Conkeldurr|Conkeldurr, M|225\/351
|move|p2a: Whimsicott|Leech Seed|p1a: Conkeldurr
|-start|p1a: Conkeldurr|move: Leech Seed
|
|-heal|p2a: Whimsicott|228\/324|[from] item: Leftovers
|-damage|p1a: Conkeldurr|182\/351|[from] Leech Seed|[of] p2a: Whimsicott
|-heal|p2a: Whimsicott|271\/324|[silent]
|turn|12
|
|move|p2a: Whimsicott|U-turn|p1a: Conkeldurr
|-resisted|p1a: Conkeldurr
|-damage|p1a: Conkeldurr|161\/351
|
|switch|p2a: Heatran|Heatran, F|386\/386
|move|p1a: Conkeldurr|Ice Punch|p2a: Heatran
|-crit|p2a: Heatran
|-resisted|p2a: Heatran
|-damage|p2a: Heatran|350\/386
|
|-heal|p2a: Heatran|374\/386|[from] item: Leftovers
|-damage|p1a: Conkeldurr|118\/351|[from] Leech Seed|[of] p2a: Heatran
|-heal|p2a: Heatran|386\/386|[silent]
|turn|13
|
|switch|p2a: Zapdos|Zapdos|384\/384
|-ability|p2a: Zapdos|Pressure
|move|p1a: Conkeldurr|Drain Punch|p2a: Zapdos
|-resisted|p2a: Zapdos
|-damage|p2a: Zapdos|323\/384
|-heal|p1a: Conkeldurr|149\/351|[from] drain|[of] p2a: Zapdos
|
|-heal|p2a: Zapdos|347\/384|[from] item: Leftovers
|-damage|p1a: Conkeldurr|106\/351|[from] Leech Seed|[of] p2a: Zapdos
|-heal|p2a: Zapdos|384\/384|[silent]
|turn|14
|
|switch|p1a: Latios|Latios, M|272\/302
|move|p2a: Zapdos|Thunderbolt|p1a: Latios
|-resisted|p1a: Latios
|-damage|p1a: Latios|216\/302
|-status|p1a: Latios|par
|
|turn|15
|
|switch|p2a: Heatran|Heatran, F|386\/386
|move|p1a: Latios|Psyshock|p2a: Heatran
|-resisted|p2a: Heatran
|-damage|p2a: Heatran|302\/386
|-damage|p1a: Latios|186\/302 par|[from] item: Life Orb
|
|-heal|p2a: Heatran|326\/386|[from] item: Leftovers
|turn|16
|
|move|p2a: Heatran|Stealth Rock|p1a: Latios
|-sidestart|p1: Halfro|move: Stealth Rock
|move|p1a: Latios|Earthquake|p2a: Heatran
|-supereffective|p2a: Heatran
|-damage|p2a: Heatran|0 fnt
|-damage|p1a: Latios|156\/302 par|[from] item: Life Orb
|faint|p2a: Heatran
|
|
|switch|p2a: Excadrill|Excadrill, F|362\/362
|-ability|p2a: Excadrill|Mold Breaker
|turn|17
|
|switch|p1a: Gliscor|Gliscor, M|354\/354
|-damage|p1a: Gliscor|310\/354|[from] Stealth Rock
|move|p2a: Excadrill|Rock Slide|p1a: Gliscor
|-miss|p2a: Excadrill|p1a: Gliscor
|
|-status|p1a: Gliscor|tox|[from] item: Toxic Orb
|turn|18
|
|switch|p2a: Whimsicott|Whimsicott, F, shiny|271\/324
|move|p1a: Gliscor|Earthquake|p2a: Whimsicott
|-resisted|p2a: Whimsicott
|-damage|p2a: Whimsicott|229\/324
|
|-heal|p2a: Whimsicott|249\/324|[from] item: Leftovers
|-heal|p1a: Gliscor|354\/354 tox|[from] ability: Poison Heal
|turn|19
|
|switch|p1a: Latios|Latios, M|156\/302 par
|-damage|p1a: Latios|119\/302 par|[from] Stealth Rock
|move|p2a: Whimsicott|Leech Seed|p1a: Latios
|-start|p1a: Latios|move: Leech Seed
|
|-heal|p2a: Whimsicott|269\/324|[from] item: Leftovers
|-damage|p1a: Latios|82\/302 par|[from] Leech Seed|[of] p2a: Whimsicott
|-heal|p2a: Whimsicott|306\/324|[silent]
|turn|20
|
|move|p2a: Whimsicott|U-turn|p1a: Latios
|-supereffective|p1a: Latios
|-damage|p1a: Latios|0 fnt
|faint|p1a: Latios
|
|switch|p2a: Excadrill|Excadrill, F|362\/362
|-ability|p2a: Excadrill|Mold Breaker
|
|
|switch|p1a: Gliscor|Gliscor, M|354\/354 tox
|-damage|p1a: Gliscor|310\/354 tox|[from] Stealth Rock
|turn|21
|
|move|p2a: Excadrill|Iron Head|p1a: Gliscor
|-damage|p1a: Gliscor|217\/354 tox
|move|p1a: Gliscor|Toxic|p2a: Excadrill
|-fail|p2a: Excadrill
|
|-heal|p1a: Gliscor|261\/354 tox|[from] ability: Poison Heal
|turn|22
|
|switch|p2a: Whimsicott|Whimsicott, F, shiny|306\/324
|move|p1a: Gliscor|Stealth Rock|p2a: Whimsicott
|-sidestart|p2: HollowHead|move: Stealth Rock
|
|-heal|p2a: Whimsicott|324\/324|[from] item: Leftovers
|-heal|p1a: Gliscor|305\/354 tox|[from] ability: Poison Heal
|turn|23
|
|switch|p1a: Conkeldurr|Conkeldurr, M|106\/351
|-damage|p1a: Conkeldurr|85\/351|[from] Stealth Rock
|move|p2a: Whimsicott|Encore|p1a: Conkeldurr
|-fail|p1a: Conkeldurr
|
|turn|24
|
|move|p2a: Whimsicott|Leech Seed|p1a: Conkeldurr
|-start|p1a: Conkeldurr|move: Leech Seed
|move|p1a: Conkeldurr|Ice Punch|p2a: Whimsicott
|-supereffective|p2a: Whimsicott
|-damage|p2a: Whimsicott|150\/324
|
|-heal|p2a: Whimsicott|170\/324|[from] item: Leftovers
|-damage|p1a: Conkeldurr|42\/351|[from] Leech Seed|[of] p2a: Whimsicott
|-heal|p2a: Whimsicott|213\/324|[silent]
|turn|25
|
|move|p2a: Whimsicott|U-turn|p1a: Conkeldurr
|-resisted|p1a: Conkeldurr
|-damage|p1a: Conkeldurr|22\/351
|
|switch|p2a: Zapdos|Zapdos|384\/384
|-damage|p2a: Zapdos|288\/384|[from] Stealth Rock
|-ability|p2a: Zapdos|Pressure
|move|p1a: Conkeldurr|Ice Punch|p2a: Zapdos
|-supereffective|p2a: Zapdos
|-damage|p2a: Zapdos|128\/384
|
|-heal|p2a: Zapdos|152\/384|[from] item: Leftovers
|-damage|p1a: Conkeldurr|0 fnt|[from] Leech Seed|[of] p2a: Zapdos
|-heal|p2a: Zapdos|174\/384|[silent]
|faint|p1a: Conkeldurr
|
|switch|p1a: Charizard|Charizard, F|297\/297
|-formechange|p1a: Charizard|Charizard-Mega-X
|-damage|p1a: Charizard|223\/297|[from] Stealth Rock
|turn|26
|
|switch|p2a: Whimsicott|Whimsicott, F, shiny|213\/324
|-damage|p2a: Whimsicott|173\/324|[from] Stealth Rock
|move|p1a: Charizard|Dragon Dance|p1a: Charizard
|-boost|p1a: Charizard|atk|1
|-boost|p1a: Charizard|spe|1
|
|-heal|p2a: Whimsicott|193\/324|[from] item: Leftovers
|turn|27
|
|switch|p1a: Gliscor|Gliscor, M|305\/354 tox
|-damage|p1a: Gliscor|261\/354 tox|[from] Stealth Rock
|move|p2a: Whimsicott|Encore|p1a: Gliscor
|-fail|p1a: Gliscor
|
|-heal|p2a: Whimsicott|213\/324|[from] item: Leftovers
|-heal|p1a: Gliscor|305\/354 tox|[from] ability: Poison Heal
|turn|28
|
|move|p2a: Whimsicott|Leech Seed|p1a: Gliscor
|-start|p1a: Gliscor|move: Leech Seed
|move|p1a: Gliscor|Toxic|p2a: Whimsicott
|-status|p2a: Whimsicott|tox
|
|-heal|p2a: Whimsicott|233\/324 tox|[from] item: Leftovers
|-damage|p1a: Gliscor|261\/354 tox|[from] Leech Seed|[of] p2a: Whimsicott
|-heal|p2a: Whimsicott|277\/324 tox|[silent]
|-damage|p2a: Whimsicott|257\/324 tox|[from] psn
|-heal|p1a: Gliscor|305\/354 tox|[from] ability: Poison Heal
|turn|29
|
|switch|p1a: Charizard|Charizard, F|223\/297
|-formechange|p1a: Charizard|Charizard-Mega-X
|-damage|p1a: Charizard|149\/297|[from] Stealth Rock
|move|p2a: Whimsicott|Encore|p1a: Charizard
|-fail|p1a: Charizard
|
|-heal|p2a: Whimsicott|277\/324 tox|[from] item: Leftovers
|-damage|p2a: Whimsicott|237\/324 tox|[from] psn
|turn|30
|
|switch|p2a: Zapdos|Zapdos|174\/384
|-damage|p2a: Zapdos|78\/384|[from] Stealth Rock
|-ability|p2a: Zapdos|Pressure
|move|p1a: Charizard|Flare Blitz|p2a: Zapdos
|-damage|p2a: Zapdos|0 fnt
|-damage|p1a: Charizard|123\/297|[from] recoil|[of] p2a: Zapdos
|faint|p2a: Zapdos
|
|
|switch|p2a: Excadrill|Excadrill, F|362\/362
|-damage|p2a: Excadrill|351\/362|[from] Stealth Rock
|-ability|p2a: Excadrill|Mold Breaker
|turn|31
|
|switch|p1a: Gliscor|Gliscor, M|305\/354 tox
|-damage|p1a: Gliscor|261\/354 tox|[from] Stealth Rock
|move|p2a: Excadrill|Rock Slide|p1a: Gliscor
|-damage|p1a: Gliscor|206\/354 tox
|
|-heal|p1a: Gliscor|250\/354 tox|[from] ability: Poison Heal
|turn|32
|
|switch|p2a: Whimsicott|Whimsicott, F, shiny|237\/324 tox
|-damage|p2a: Whimsicott|197\/324 tox|[from] Stealth Rock
|move|p1a: Gliscor|Earthquake|p2a: Whimsicott
|-resisted|p2a: Whimsicott
|-damage|p2a: Whimsicott|152\/324 tox
|
|-heal|p2a: Whimsicott|172\/324 tox|[from] item: Leftovers
|-damage|p2a: Whimsicott|152\/324 tox|[from] psn
|-heal|p1a: Gliscor|294\/354 tox|[from] ability: Poison Heal
|turn|33
|
|move|p2a: Whimsicott|Leech Seed|p1a: Gliscor
|-start|p1a: Gliscor|move: Leech Seed
|move|p1a: Gliscor|Earthquake|p2a: Whimsicott
|-resisted|p2a: Whimsicott
|-damage|p2a: Whimsicott|109\/324 tox
|
|-heal|p2a: Whimsicott|129\/324 tox|[from] item: Leftovers
|-damage|p1a: Gliscor|250\/354 tox|[from] Leech Seed|[of] p2a: Whimsicott
|-heal|p2a: Whimsicott|173\/324 tox|[silent]
|-damage|p2a: Whimsicott|133\/324 tox|[from] psn
|-heal|p1a: Gliscor|294\/354 tox|[from] ability: Poison Heal
|turn|34
|
|switch|p2a: Excadrill|Excadrill, F|351\/362
|-damage|p2a: Excadrill|340\/362|[from] Stealth Rock
|-ability|p2a: Excadrill|Mold Breaker
|move|p1a: Gliscor|Earthquake|p2a: Excadrill
|-supereffective|p2a: Excadrill
|-damage|p2a: Excadrill|0 fnt
|faint|p2a: Excadrill
|
|-heal|p1a: Gliscor|338\/354 tox|[from] ability: Poison Heal
|chat|HollowHead|gg.
|
|switch|p2a: Whimsicott|Whimsicott, F, shiny|133\/324 tox
|-damage|p2a: Whimsicott|93\/324 tox|[from] Stealth Rock
|turn|35
|chat|Halfro|gg
|
|move|p2a: Whimsicott|Leech Seed|p1a: Gliscor
|-fail|p1a: Gliscor
|move|p1a: Gliscor|Earthquake|p2a: Whimsicott
|-resisted|p2a: Whimsicott
|-damage|p2a: Whimsicott|46\/324 tox
|
|-heal|p2a: Whimsicott|66\/324 tox|[from] item: Leftovers
|-damage|p1a: Gliscor|294\/354 tox|[from] Leech Seed|[of] p2a: Whimsicott
|-heal|p2a: Whimsicott|110\/324 tox|[silent]
|-damage|p2a: Whimsicott|90\/324 tox|[from] psn
|-heal|p1a: Gliscor|338\/354 tox|[from] ability: Poison Heal
|turn|36
|
|move|p2a: Whimsicott|Encore|p1a: Gliscor
|-start|p1a: Gliscor|Encore
|move|p1a: Gliscor|Earthquake|p2a: Whimsicott
|-resisted|p2a: Whimsicott
|-damage|p2a: Whimsicott|48\/324 tox
|
|-heal|p2a: Whimsicott|68\/324 tox|[from] item: Leftovers
|-damage|p1a: Gliscor|294\/354 tox|[from] Leech Seed|[of] p2a: Whimsicott
|-heal|p2a: Whimsicott|112\/324 tox|[silent]
|-damage|p2a: Whimsicott|72\/324 tox|[from] psn
|-heal|p1a: Gliscor|338\/354 tox|[from] ability: Poison Heal
|turn|37
|
|move|p2a: Whimsicott|Stun Spore|p1a: Gliscor
|-fail|p1a: Gliscor
|move|p1a: Gliscor|Earthquake|p2a: Whimsicott
|-resisted|p2a: Whimsicott
|-damage|p2a: Whimsicott|27\/324 tox
|
|-heal|p2a: Whimsicott|47\/324 tox|[from] item: Leftovers
|-damage|p1a: Gliscor|294\/354 tox|[from] Leech Seed|[of] p2a: Whimsicott
|-heal|p2a: Whimsicott|91\/324 tox|[silent]
|-damage|p2a: Whimsicott|31\/324 tox|[from] psn
|-heal|p1a: Gliscor|338\/354 tox|[from] ability: Poison Heal
|turn|38
|
|move|p2a: Whimsicott|Stun Spore|p1a: Gliscor
|-fail|p1a: Gliscor
|move|p1a: Gliscor|Earthquake|p2a: Whimsicott
|-resisted|p2a: Whimsicott
|-damage|p2a: Whimsicott|0 fnt
|faint|p2a: Whimsicott
|
|win|Halfro
|raw|Ladder updating...
|raw|Halfro's rating: 1594 &rarr; <strong>1617<\/strong><br \/>(+23 for winning)
|raw|HollowHead's rating: 1636 &rarr; <strong>1613<\/strong><br \/>(-23 for losing)
|leave|HollowHead
|player|p2