|join|Floryous
|join|HollowHead
|player|p1|Floryous|284
|player|p2|HollowHead|80
|gametype|singles
|gen|6
|tier|OU
|rated
|clearpoke
|poke|p1|Azumarill, M
|poke|p1|Breloom, F
|poke|p1|Talonflame, F
|poke|p1|Aegislash, F
|poke|p1|Dragonite, F
|poke|p1|Scizor, F
|poke|p2|Manaphy, shiny
|poke|p2|Dragonite, M
|poke|p2|Mawile, F
|poke|p2|Deoxys-Speed
|poke|p2|Excadrill, F
|poke|p2|Chandelure, F
|rule|Sleep Clause Mod: Limit one foe put to sleep
|rule|Species Clause: Limit one of each Pokemon
|rule|OHKO Clause: OHKO moves are banned
|rule|Moody Clause: Moody is banned
|rule|Evasion Moves Clause: Evasion moves are banned
|rule|Endless Battle Clause: Forcing endless battles is banned.
|rule|HP Percentage Mod: HP is reported as percentages
|teampreview
|join|LeCoqGrande
|
|start
|switch|p1a: Aegislash|Aegislash, F|324\/324
|switch|p2a: Deoxys-Speed|Deoxys-Speed|241\/241
|-ability|p2a: Deoxys-Speed|Pressure
|turn|1
|
|move|p2a: Deoxys-Speed|Stealth Rock|p1a: Aegislash
|-sidestart|p1: Floryous|move: Stealth Rock
|-formechange|p1a: Aegislash|Aegislash-Blade
|move|p1a: Aegislash|Shadow Ball|p2a: Deoxys-Speed
|-supereffective|p2a: Deoxys-Speed
|-damage|p2a: Deoxys-Speed|0 fnt
|faint|p2a: Deoxys-Speed
|
|
|switch|p2a: Excadrill|Excadrill, F|423\/423
|-ability|p2a: Excadrill|Mold Breaker
|-item|p2a: Excadrill|Air Balloon
|turn|2
|
|-formechange|p1a: Aegislash|Aegislash
|move|p1a: Aegislash|King's Shield|p1a: Aegislash
|-singleturn|p1a: Aegislash|Protect
|move|p2a: Excadrill|Earthquake|p1a: Aegislash
|-activate|p1a: Aegislash|Protect
|
|turn|3
|
|switch|p1a: Scizor|Scizor, F|344\/344
|-damage|p1a: Scizor|301\/344|[from] Stealth Rock
|move|p2a: Excadrill|Earthquake|p1a: Scizor
|-damage|p1a: Scizor|187\/344
|
|turn|4
|
|detailschange|p1a: Scizor|Scizor-Mega, F
|message|Scizor has Mega Evolved into Mega Scizor!
|move|p2a: Excadrill|Earthquake|p1a: Scizor
|-damage|p1a: Scizor|102\/344
|move|p1a: Scizor|Defog|p2a: Excadrill
|-unboost|p2a: Excadrill|evasion|1
|-sideend|p1: Floryous|Stealth Rock|[from] move: Defog|[of] p1a: Scizor
|
|turn|5
|
|switch|p2a: Manaphy|Manaphy, shiny|342\/342
|move|p1a: Scizor|Roost|p1a: Scizor
|-heal|p1a: Scizor|274\/344
|
|turn|6
|
|move|p2a: Manaphy|Tail Glow|p2a: Manaphy
|-boost|p2a: Manaphy|spa|3
|move|p1a: Scizor|U-turn|p2a: Manaphy
|-damage|p2a: Manaphy|233\/342
|
|switch|p1a: Talonflame|Talonflame, F|298\/298
|
|-heal|p2a: Manaphy|254\/342|[from] item: Leftovers
|turn|7
|
|move|p1a: Talonflame|Brave Bird|p2a: Manaphy
|-damage|p2a: Manaphy|16\/342
|-damage|p1a: Talonflame|219\/298|[from] recoil|[of] p2a: Manaphy
|move|p2a: Manaphy|Scald|p1a: Talonflame
|-supereffective|p1a: Talonflame
|-damage|p1a: Talonflame|0 fnt
|faint|p1a: Talonflame
|
|-heal|p2a: Manaphy|37\/342|[from] item: Leftovers
|
|switch|p1a: Aegislash|Aegislash, F|324\/324
|turn|8
|
|-formechange|p1a: Aegislash|Aegislash-Blade
|move|p1a: Aegislash|Shadow Sneak|p2a: Manaphy
|-damage|p2a: Manaphy|0 fnt
|faint|p2a: Manaphy
|
|
|switch|p2a: Excadrill|Excadrill, F|423\/423
|-ability|p2a: Excadrill|Mold Breaker
|-item|p2a: Excadrill|Air Balloon
|turn|9
|
|switch|p1a: Scizor|Scizor-Mega, F|274\/344
|move|p2a: Excadrill|Earthquake|p1a: Scizor
|-damage|p1a: Scizor|180\/344
|
|turn|10
|
|switch|p2a: Mawile|Mawile, F|271\/271
|-ability|p2a: Mawile|Intimidate|[of] p1a: Scizor
|-unboost|p1a: Scizor|atk|1
|move|p1a: Scizor|U-turn|p2a: Mawile
|-resisted|p2a: Mawile
|-damage|p2a: Mawile|249\/271
|
|switch|p1a: Aegislash|Aegislash, F|324\/324
|
|turn|11
|
|detailschange|p2a: Mawile|Mawile-Mega, F
|message|Mawile has Mega Evolved into Mega Mawile!
|move|p2a: Mawile|Swords Dance|p2a: Mawile
|-boost|p2a: Mawile|atk|2
|-formechange|p1a: Aegislash|Aegislash-Blade
|move|p1a: Aegislash|Shadow Ball|p2a: Mawile
|-damage|p2a: Mawile|113\/271
|
|turn|12
|
|-formechange|p1a: Aegislash|Aegislash
|move|p1a: Aegislash|King's Shield|p1a: Aegislash
|-singleturn|p1a: Aegislash|Protect
|move|p2a: Mawile|Swords Dance|p2a: Mawile
|-boost|p2a: Mawile|atk|2
|
|turn|13
|
|move|p1a: Aegislash|King's Shield|p1a: Aegislash
|-fail|p1a: Aegislash
|move|p2a: Mawile|Play Rough|p1a: Aegislash
|-resisted|p1a: Aegislash
|-damage|p1a: Aegislash|18\/324
|-unboost|p1a: Aegislash|atk|1
|
|turn|14
|
|move|p2a: Mawile|Sucker Punch|p1a: Aegislash
|-supereffective|p1a: Aegislash
|-damage|p1a: Aegislash|0 fnt
|faint|p1a: Aegislash
|
|
|switch|p1a: Breloom|Breloom, F|262\/262
|turn|15
|
|move|p1a: Breloom|Mach Punch|p2a: Mawile
|-damage|p2a: Mawile|3\/271
|-damage|p1a: Breloom|236\/262|[from] item: Life Orb
|move|p2a: Mawile|Play Rough|p1a: Breloom
|-supereffective|p1a: Breloom
|-damage|p1a: Breloom|0 fnt
|faint|p1a: Breloom
|
|
|switch|p1a: Dragonite|Dragonite, F|386\/386
|turn|16
|
|move|p1a: Dragonite|Extreme Speed|p2a: Mawile
|-resisted|p2a: Mawile
|-damage|p2a: Mawile|0 fnt
|faint|p2a: Mawile
|
|
|switch|p2a: Chandelure|Chandelure, F|261\/261
|turn|17
|
|switch|p1a: Azumarill|Azumarill, M|404\/404
|move|p2a: Chandelure|Trick|p1a: Azumarill
|-activate|p2a: Chandelure|move: Trick|[of] p1a: Azumarill
|-item|p1a: Azumarill|Choice Scarf|[from] move: Trick
|-item|p2a: Chandelure|Sitrus Berry|[from] move: Trick
|
|turn|18
|
|move|p2a: Chandelure|Energy Ball|p1a: Azumarill
|-supereffective|p1a: Azumarill
|-damage|p1a: Azumarill|134\/404
|move|p1a: Azumarill|Waterfall|p2a: Chandelure
|-supereffective|p2a: Chandelure
|-damage|p2a: Chandelure|0 fnt
|faint|p2a: Chandelure
|
|
|switch|p2a: Dragonite|Dragonite, M|385\/385
|turn|19
|
|move|p1a: Azumarill|Waterfall|p2a: Dragonite
|-resisted|p2a: Dragonite
|-damage|p2a: Dragonite|337\/385
|move|p2a: Dragonite|Fire Punch|p1a: Azumarill
|-resisted|p1a: Azumarill
|-damage|p1a: Azumarill|48\/404
|
|turn|20
|
|move|p1a: Azumarill|Waterfall|p2a: Dragonite
|-resisted|p2a: Dragonite
|-damage|p2a: Dragonite|253\/385
|move|p2a: Dragonite|Fire Punch|p1a: Azumarill
|-resisted|p1a: Azumarill
|-damage|p1a: Azumarill|0 fnt
|faint|p1a: Azumarill
|
|
|switch|p1a: Dragonite|Dragonite, F|386\/386
|turn|21
|
|move|p1a: Dragonite|Dragon Claw|p2a: Dragonite
|-supereffective|p2a: Dragonite
|-damage|p2a: Dragonite|0 fnt
|faint|p2a: Dragonite
|
|
|switch|p2a: Excadrill|Excadrill, F|423\/423
|-ability|p2a: Excadrill|Mold Breaker
|-item|p2a: Excadrill|Air Balloon
|turn|22
|chat|HollowHead|gg.
|
|move|p2a: Excadrill|Rock Slide|p1a: Dragonite
|-supereffective|p1a: Dragonite
|-damage|p1a: Dragonite|232\/386
|move|p1a: Dragonite|Dragon Claw|p2a: Excadrill
|-resisted|p2a: Excadrill
|-damage|p2a: Excadrill|292\/423
|-enditem|p2a: Excadrill|Air Balloon
|
|turn|23
|
|move|p2a: Excadrill|Rock Slide|p1a: Dragonite
|-supereffective|p1a: Dragonite
|-damage|p1a: Dragonite|66\/386
|cant|p1a: Dragonite|flinch
|
|turn|24
|chat|Floryous|gg, but it is not over yet
|
|move|p2a: Excadrill|Iron Head|p1a: Dragonite
|-damage|p1a: Dragonite|0 fnt
|faint|p1a: Dragonite
|
|
|switch|p1a: Scizor|Scizor-Mega, F|180\/344
|turn|25
|
|move|p2a: Excadrill|Earthquake|p1a: Scizor
|-damage|p1a: Scizor|89\/344
|move|p1a: Scizor|Roost|p1a: Scizor
|-heal|p1a: Scizor|261\/344
|
|turn|26
|
|move|p2a: Excadrill|Earthquake|p1a: Scizor
|-damage|p1a: Scizor|170\/344
|move|p1a: Scizor|Roost|p1a: Scizor
|-heal|p1a: Scizor|342\/344
|
|turn|27
|
|move|p2a: Excadrill|Earthquake|p1a: Scizor
|-crit|p1a: Scizor
|-damage|p1a: Scizor|212\/344
|move|p1a: Scizor|U-turn|p2a: Excadrill
|-resisted|p2a: Excadrill
|-damage|p2a: Excadrill|227\/423
|
|turn|28
|
|move|p2a: Excadrill|Earthquake|p1a: Scizor
|-damage|p1a: Scizor|127\/344
|move|p1a: Scizor|Roost|p1a: Scizor
|-heal|p1a: Scizor|299\/344
|
|turn|29
|
|move|p2a: Excadrill|Earthquake|p1a: Scizor
|-damage|p1a: Scizor|215\/344
|move|p1a: Scizor|U-turn|p2a: Excadrill
|-resisted|p2a: Excadrill
|-damage|p2a: Excadrill|169\/423
|
|turn|30
|
|move|p2a: Excadrill|Earthquake|p1a: Scizor
|-damage|p1a: Scizor|122\/344
|move|p1a: Scizor|Roost|p1a: Scizor
|-heal|p1a: Scizor|294\/344
|
|turn|31
|
|move|p2a: Excadrill|Earthquake|p1a: Scizor
|-crit|p1a: Scizor
|-damage|p1a: Scizor|162\/344
|move|p1a: Scizor|Roost|p1a: Scizor
|-heal|p1a: Scizor|334\/344
|
|turn|32
|
|move|p2a: Excadrill|Earthquake|p1a: Scizor
|-damage|p1a: Scizor|253\/344
|move|p1a: Scizor|U-turn|p2a: Excadrill
|-resisted|p2a: Excadrill
|-damage|p2a: Excadrill|110\/423
|
|turn|33
|
|move|p2a: Excadrill|Earthquake|p1a: Scizor
|-damage|p1a: Scizor|169\/344
|move|p1a: Scizor|Roost|p1a: Scizor
|-heal|p1a: Scizor|341\/344
|
|turn|34
|
|move|p2a: Excadrill|Earthquake|p1a: Scizor
|-damage|p1a: Scizor|247\/344
|move|p1a: Scizor|U-turn|p2a: Excadrill
|-resisted|p2a: Excadrill
|-damage|p2a: Excadrill|50\/423
|
|turn|35
|
|move|p1a: Scizor|Bullet Punch|p2a: Excadrill
|-resisted|p2a: Excadrill
|-damage|p2a: Excadrill|0 fnt
|faint|p2a: Excadrill
|
|win|Floryous
|raw|Ladder updating...
|raw|Floryous's rating: 1831 &rarr; <strong>1844<\/strong><br \/>(+13 for winning)
|raw|HollowHead's rating: 1698 &rarr; <strong>1685<\/strong><br \/>(-13 for losing)
|leave|Floryous
|player|p1