|join|HollowHead
|join|Rekitfied.
|player|p1|HollowHead|80
|player|p2|Rekitfied.|257
|gametype|singles
|gen|6
|tier|OU
|rated
|clearpoke
|poke|p1|Galvantula, F
|poke|p1|Sylveon, F
|poke|p1|Bisharp, M
|poke|p1|Charizard, M
|poke|p1|Trevenant, F
|poke|p1|Tentacruel, F
|poke|p2|Ferrothorn, M
|poke|p2|Excadrill, M, shiny
|poke|p2|Suicune, shiny
|poke|p2|Medicham, M, shiny
|poke|p2|Dragonite, M
|poke|p2|Mandibuzz, F, shiny
|rule|Swagger Clause: Swagger is banned
|rule|Baton Pass Clause: Limit one PokÃ©mon knowing Baton Pass
|rule|Sleep Clause Mod: Limit one foe put to sleep
|rule|Species Clause: Limit one of each PokÃ©mon
|rule|OHKO Clause: OHKO moves are banned
|rule|Moody Clause: Moody is banned
|rule|Evasion Moves Clause: Evasion moves are banned
|rule|Endless Battle Clause: Forcing endless battles is banned
|rule|HP Percentage Mod: HP is shown in percentages
|teampreview
|
|start
|switch|p1a: Galvantula|Galvantula, F|281\/281
|switch|p2a: free kill|Excadrill, M, shiny|362\/362
|-ability|p2a: free kill|Mold Breaker
|turn|1
|c|âRekitfied.|ima fart on your cock
|
|move|p1a: Galvantula|Sticky Web|p2a: free kill
|-sidestart|p2: Rekitfied.|move: Sticky Web
|move|p2a: free kill|Earthquake|p1a: Galvantula
|-damage|p1a: Galvantula|1\/281
|
|turn|2
|
|switch|p1a: Trevenant|Trevenant, F|374\/374
|move|p2a: free kill|Rapid Spin|p1a: Trevenant
|-immune|p1a: Trevenant|[msg]
|
|turn|3
|c|âRekitfied.|your moms a whore
|
|move|p2a: free kill|Stealth Rock|p1a: Trevenant
|-sidestart|p1: HollowHead|move: Stealth Rock
|move|p1a: Trevenant|Will-O-Wisp|p2a: free kill
|-status|p2a: free kill|brn
|
|-damage|p2a: free kill|317\/362 brn|[from] brn
|turn|4
|
|move|p2a: free kill|Earthquake|p1a: Trevenant
|-resisted|p1a: Trevenant
|-damage|p1a: Trevenant|307\/374
|move|p1a: Trevenant|Will-O-Wisp|p2a: free kill
|-fail|p2a: free kill|brn
|
|-damage|p2a: free kill|272\/362 brn|[from] brn
|turn|5
|
|switch|p2a: suck my ass|Suicune, shiny|404\/404
|-activate|p2a: suck my ass|move: Sticky Web
|-unboost|p2a: suck my ass|spe|1
|-ability|p2a: suck my ass|Pressure
|move|p1a: Trevenant|Will-O-Wisp|p2a: suck my ass
|-status|p2a: suck my ass|brn
|
|-damage|p2a: suck my ass|354\/404 brn|[from] brn
|turn|6
|
|move|p1a: Trevenant|Horn Leech|p2a: suck my ass
|-supereffective|p2a: suck my ass
|-damage|p2a: suck my ass|238\/404 brn
|-heal|p1a: Trevenant|365\/374|[from] drain|[of] p2a: suck my ass
|move|p2a: suck my ass|Calm Mind|p2a: suck my ass
|-boost|p2a: suck my ass|spa|1
|-boost|p2a: suck my ass|spd|1
|
|-heal|p2a: suck my ass|263\/404 brn|[from] item: Leftovers
|-damage|p2a: suck my ass|213\/404 brn|[from] brn
|turn|7
|
|switch|p1a: Tentacruel|Tentacruel, F|361\/361
|-damage|p1a: Tentacruel|316\/361|[from] Stealth Rock
|move|p2a: suck my ass|Calm Mind|p2a: suck my ass
|-boost|p2a: suck my ass|spa|1
|-boost|p2a: suck my ass|spd|1
|
|-heal|p1a: Tentacruel|338\/361|[from] item: Black Sludge
|-heal|p2a: suck my ass|238\/404 brn|[from] item: Leftovers
|-damage|p2a: suck my ass|188\/404 brn|[from] brn
|turn|8
|c|âRekitfied.|u better rapid spin bitch
|c|âRekitfied.|cause you already lost
|
|move|p1a: Tentacruel|Rapid Spin|p2a: suck my ass
|-damage|p2a: suck my ass|179\/404 brn
|-sideend|p1: HollowHead|Stealth Rock|[from] move: Rapid Spin|[of] p1a: Tentacruel
|move|p2a: suck my ass|Rest|p2a: suck my ass
|-status|p2a: suck my ass|slp
|-heal|p2a: suck my ass|404\/404 slp|[silent]
|-status|p2a: suck my ass|slp|[from] move: Rest
|
|-heal|p1a: Tentacruel|360\/361|[from] item: Black Sludge
|turn|9
|c|âRekitfied.|and if water attacks dont work
|c|âRekitfied.|ill pp stal
|
|move|p1a: Tentacruel|Acid Spray|p2a: suck my ass
|-damage|p2a: suck my ass|385\/404 slp
|-unboost|p2a: suck my ass|spd|2
|cant|p2a: suck my ass|slp
|move|p2a: suck my ass|Sleep Talk|p2a: suck my ass
|move|p2a: suck my ass|Rest|p2a: suck my ass|[from]Sleep Talk
|-fail|p2a: suck my ass
|
|-heal|p1a: Tentacruel|361\/361|[from] item: Black Sludge
|-heal|p2a: suck my ass|404\/404 slp|[from] item: Leftovers
|turn|10
|
|move|p1a: Tentacruel|Acid Spray|p2a: suck my ass
|-damage|p2a: suck my ass|368\/404 slp
|-unboost|p2a: suck my ass|spd|2
|cant|p2a: suck my ass|slp
|move|p2a: suck my ass|Sleep Talk|p2a: suck my ass
|move|p2a: suck my ass|Scald|p1a: Tentacruel|[from]Sleep Talk
|-resisted|p1a: Tentacruel
|-damage|p1a: Tentacruel|294\/361
|
|-heal|p1a: Tentacruel|316\/361|[from] item: Black Sludge
|-heal|p2a: suck my ass|393\/404 slp|[from] item: Leftovers
|turn|11
|
|move|p1a: Tentacruel|Sludge Bomb|p2a: suck my ass
|-damage|p2a: suck my ass|242\/404 slp
|-curestatus|p2a: suck my ass|slp
|move|p2a: suck my ass|Calm Mind|p2a: suck my ass
|-boost|p2a: suck my ass|spa|1
|-boost|p2a: suck my ass|spd|1
|
|-heal|p1a: Tentacruel|338\/361|[from] item: Black Sludge
|-heal|p2a: suck my ass|267\/404|[from] item: Leftovers
|turn|12
|
|move|p1a: Tentacruel|Acid Spray|p2a: suck my ass
|-damage|p2a: suck my ass|215\/404
|-unboost|p2a: suck my ass|spd|2
|move|p2a: suck my ass|Calm Mind|p2a: suck my ass
|-boost|p2a: suck my ass|spa|1
|-boost|p2a: suck my ass|spd|1
|
|-heal|p1a: Tentacruel|360\/361|[from] item: Black Sludge
|-heal|p2a: suck my ass|240\/404|[from] item: Leftovers
|turn|13
|
|move|p1a: Tentacruel|Sludge Bomb|p2a: suck my ass
|-damage|p2a: suck my ass|83\/404
|move|p2a: suck my ass|Scald|p1a: Tentacruel
|-crit|p1a: Tentacruel
|-resisted|p1a: Tentacruel
|-damage|p1a: Tentacruel|206\/361
|
|-heal|p1a: Tentacruel|228\/361|[from] item: Black Sludge
|-heal|p2a: suck my ass|108\/404|[from] item: Leftovers
|turn|14
|
|switch|p2a: Me lose Thats Luck|Ferrothorn, M|352\/352
|-activate|p2a: Me lose Thats Luck|move: Sticky Web
|-unboost|p2a: Me lose Thats Luck|spe|1
|move|p1a: Tentacruel|Sludge Bomb|p2a: Me lose Thats Luck
|-immune|p2a: Me lose Thats Luck|[msg]
|
|-heal|p1a: Tentacruel|250\/361|[from] item: Black Sludge
|turn|15
|
|switch|p1a: Trevenant|Trevenant, F|365\/374
|move|p2a: Me lose Thats Luck|Leech Seed|p1a: Trevenant
|-immune|p1a: Trevenant|[msg]
|
|turn|16
|
|switch|p2a: Me lose Thats Luck|Mandibuzz, F, shiny|424\/424
|move|p1a: Trevenant|Will-O-Wisp|p2a: Me lose Thats Luck|[miss]
|-miss|p1a: Trevenant|p2a: Me lose Thats Luck
|
|turn|17
|
|move|p2a: Me lose Thats Luck|Defog|p1a: Trevenant
|-unboost|p1a: Trevenant|evasion|1
|-sideend|p2: Rekitfied.|Sticky Web|[from] move: Defog|[of] p2a: Me lose Thats Luck
|move|p1a: Trevenant|Leech Seed|p2a: Me lose Thats Luck|[miss]
|-miss|p1a: Trevenant|p2a: Me lose Thats Luck
|
|turn|18
|
|switch|p2a: suck my ass|Suicune, shiny|108\/404
|-ability|p2a: suck my ass|Pressure
|move|p1a: Trevenant|Leech Seed|p2a: suck my ass
|-start|p2a: suck my ass|move: Leech Seed
|
|-heal|p2a: suck my ass|133\/404|[from] item: Leftovers
|-damage|p2a: suck my ass|83\/404|[from] Leech Seed|[of] p1a: Trevenant
|-heal|p1a: Trevenant|374\/374|[silent]
|turn|19
|c|âRekitfied.|your moms a whore
|c|âRekitfied.|your moms a whore
|c|âRekitfied.|your moms a whore
|c|âRekitfied.|your moms a whore
|c|âRekitfied.|your moms a whore
|
|move|p2a: suck my ass|Rest|p2a: suck my ass
|-status|p2a: suck my ass|slp
|-heal|p2a: suck my ass|404\/404 slp|[silent]
|-status|p2a: suck my ass|slp|[from] move: Rest
|move|p1a: Trevenant|Horn Leech|p2a: suck my ass
|-supereffective|p2a: suck my ass
|-damage|p2a: suck my ass|272\/404 slp
|
|-heal|p2a: suck my ass|297\/404 slp|[from] item: Leftovers
|-damage|p2a: suck my ass|247\/404 slp|[from] Leech Seed|[of] p1a: Trevenant
|turn|20
|
|cant|p2a: suck my ass|slp
|move|p2a: suck my ass|Sleep Talk|p2a: suck my ass
|move|p2a: suck my ass|Rest|p2a: suck my ass|[from]Sleep Talk
|-fail|p2a: suck my ass
|move|p1a: Trevenant|Horn Leech|p2a: suck my ass
|-supereffective|p2a: suck my ass
|-damage|p2a: suck my ass|109\/404 slp
|
|-heal|p2a: suck my ass|134\/404 slp|[from] item: Leftovers
|-damage|p2a: suck my ass|84\/404 slp|[from] Leech Seed|[of] p1a: Trevenant
|turn|21
|
|switch|p2a: Me lose Thats Luck|Ferrothorn, M|352\/352
|move|p1a: Trevenant|Horn Leech|p2a: Me lose Thats Luck
|-resisted|p2a: Me lose Thats Luck
|-damage|p2a: Me lose Thats Luck|337\/352
|-damage|p1a: Trevenant|328\/374|[from] ability: Iron Barbs|[of] p2a: Me lose Thats Luck
|-damage|p1a: Trevenant|266\/374|[from] item: Rocky Helmet|[of] p2a: Me lose Thats Luck
|
|turn|22
|
|switch|p1a: Galvantula|Galvantula, F|1\/281
|switch|p2a: suck my ass|Suicune, shiny|84\/404 slp
|-ability|p2a: suck my ass|Pressure
|
|-heal|p2a: suck my ass|109\/404 slp|[from] item: Leftovers
|turn|23
|
|switch|p2a: free kill|Excadrill, M, shiny|272\/362 brn
|-ability|p2a: free kill|Mold Breaker
|move|p1a: Galvantula|Sticky Web|p2a: free kill
|-sidestart|p2: Rekitfied.|move: Sticky Web
|
|-damage|p2a: free kill|227\/362 brn|[from] brn
|turn|24
|
|switch|p1a: Trevenant|Trevenant, F|266\/374
|move|p2a: free kill|Stealth Rock|p1a: Trevenant
|-sidestart|p1: HollowHead|move: Stealth Rock
|
|-damage|p2a: free kill|182\/362 brn|[from] brn
|turn|25
|
|switch|p2a: suck my ass|Suicune, shiny|109\/404 slp
|-activate|p2a: suck my ass|move: Sticky Web
|-unboost|p2a: suck my ass|spe|1
|-ability|p2a: suck my ass|Pressure
|move|p1a: Trevenant|Will-O-Wisp|p2a: suck my ass
|-fail|p2a: suck my ass
|
|-heal|p2a: suck my ass|134\/404 slp|[from] item: Leftovers
|turn|26
|c|âRekitfied.|cancel button doesnt work
|c|âRekitfied.|your so lucky
|
|switch|p2a: Me lose Thats Luck|Mandibuzz, F, shiny|424\/424
|move|p1a: Trevenant|Leech Seed|p2a: Me lose Thats Luck
|-start|p2a: Me lose Thats Luck|move: Leech Seed
|
|-damage|p2a: Me lose Thats Luck|371\/424|[from] Leech Seed|[of] p1a: Trevenant
|-heal|p1a: Trevenant|319\/374|[silent]
|turn|27
|
|move|p2a: Me lose Thats Luck|Foul Play|p1a: Trevenant
|-supereffective|p1a: Trevenant
|-damage|p1a: Trevenant|31\/374
|move|p1a: Trevenant|Will-O-Wisp|p2a: Me lose Thats Luck
|-status|p2a: Me lose Thats Luck|brn
|
|-damage|p2a: Me lose Thats Luck|318\/424 brn|[from] Leech Seed|[of] p1a: Trevenant
|-heal|p1a: Trevenant|84\/374|[silent]
|-damage|p2a: Me lose Thats Luck|265\/424 brn|[from] brn
|turn|28
|c|âRekitfied.|yeah you better switch
|
|move|p1a: Trevenant|Rest|p1a: Trevenant
|-status|p1a: Trevenant|slp
|-heal|p1a: Trevenant|374\/374 slp|[silent]
|-status|p1a: Trevenant|slp|[from] move: Rest
|-enditem|p1a: Trevenant|Lum Berry|[eat]
|-curestatus|p1a: Trevenant|slp
|move|p2a: Me lose Thats Luck|Whirlwind|p1a: Trevenant
|drag|p1a: Charizard|Charizard, M|359\/359
|-damage|p1a: Charizard|180\/359|[from] Stealth Rock
|
|-damage|p2a: Me lose Thats Luck|212\/424 brn|[from] Leech Seed|[of] p1a: Charizard
|-heal|p1a: Charizard|233\/359|[silent]
|-damage|p2a: Me lose Thats Luck|159\/424 brn|[from] brn
|turn|29
|c|âRekitfied.|lmao
|c|âRekitfied.|LMAO
|c|âRekitfied.|LMAO
|c|âRekitfied.|LMAO
|c|âRekitfied.|LMAO
|c|âRekitfied.|LMAO
|c|âRekitfied.|fell for it stupid
|
|detailschange|p1a: Charizard|Charizard-Mega-X, M
|-mega|p1a: Charizard|Charizard|Charizardite X
|move|p1a: Charizard|Dragon Dance|p1a: Charizard
|-boost|p1a: Charizard|atk|1
|-boost|p1a: Charizard|spe|1
|move|p2a: Me lose Thats Luck|Roost|p2a: Me lose Thats Luck
|-heal|p2a: Me lose Thats Luck|371\/424 brn
|
|-damage|p2a: Me lose Thats Luck|318\/424 brn|[from] Leech Seed|[of] p1a: Charizard
|-heal|p1a: Charizard|286\/359|[silent]
|-damage|p2a: Me lose Thats Luck|265\/424 brn|[from] brn
|turn|30
|c|âRekitfied.|hes to weak
|
|move|p1a: Charizard|Dragon Dance|p1a: Charizard
|-boost|p1a: Charizard|atk|1
|-boost|p1a: Charizard|spe|1
|move|p2a: Me lose Thats Luck|Roost|p2a: Me lose Thats Luck
|-heal|p2a: Me lose Thats Luck|424\/424 brn
|
|-damage|p2a: Me lose Thats Luck|371\/424 brn|[from] Leech Seed|[of] p1a: Charizard
|-heal|p1a: Charizard|339\/359|[silent]
|-damage|p2a: Me lose Thats Luck|318\/424 brn|[from] brn
|turn|31
|c|âRekitfied.|still to weak
|c|âRekitfied.|your moms a whore
|c|âRekitfied.|your moms a whore
|c|âRekitfied.|your moms a whore
|c|âRekitfied.|your moms a whore
|c|âRekitfied.|your moms a whore
|c|âRekitfied.|your moms a whore
|c|âRekitfied.|your moms a whore
|c|âRekitfied.|your moms a whore
|c|âRekitfied.|your moms a whore
|c|âRekitfied.|your moms a whore
|c|âRekitfied.|your moms a whore
|c|âRekitfied.|your moms a whore
|c|âRekitfied.|your moms a whore
|c|âRekitfied.|your moms a whore
|c|âRekitfied.|your moms a whore
|c|âRekitfied.|your moms a whore
|
|move|p1a: Charizard|Dragon Claw|p2a: Me lose Thats Luck
|-damage|p2a: Me lose Thats Luck|17\/424 brn
|-damage|p1a: Charizard|280\/359|[from] item: Rocky Helmet|[of] p2a: Me lose Thats Luck
|move|p2a: Me lose Thats Luck|Foul Play|p1a: Charizard
|-damage|p1a: Charizard|100\/359
|
|-damage|p2a: Me lose Thats Luck|0 fnt|[from] Leech Seed|[of] p1a: Charizard
|-heal|p1a: Charizard|117\/359|[silent]
|faint|p2a: Me lose Thats Luck
|c|âRekitfied.|your moms a whore
|c|âRekitfied.|your moms a whore
|c|âRekitfied.|your moms a whore
|
|switch|p2a: Me lose Thats Luck|Ferrothorn, M|337\/352
|-activate|p2a: Me lose Thats Luck|move: Sticky Web
|-unboost|p2a: Me lose Thats Luck|spe|1
|turn|32
|c|âRekitfied.|c
|c|âRekitfied.|a
|c|âRekitfied.|n
|c|âRekitfied.|c
|c|âRekitfied.|cancel button
|c|âRekitfied.|really doesnt work
|c|âRekitfied.|-_-
|c|âRekitfied.|your getinglucky
|
|move|p2a: Me lose Thats Luck|Protect|p2a: Me lose Thats Luck
|-singleturn|p2a: Me lose Thats Luck|Protect
|move|p1a: Charizard|Roost|p1a: Charizard
|-heal|p1a: Charizard|297\/359
|
|turn|33
|
|move|p1a: Charizard|Fire Punch|p2a: Me lose Thats Luck
|-supereffective|p2a: Me lose Thats Luck
|-damage|p2a: Me lose Thats Luck|0 fnt
|-damage|p1a: Charizard|253\/359|[from] ability: Iron Barbs|[of] p2a: Me lose Thats Luck
|-damage|p1a: Charizard|194\/359|[from] item: Rocky Helmet|[of] p2a: Me lose Thats Luck
|faint|p2a: Me lose Thats Luck
|
|
|switch|p2a: 4 dicks in yo mom|Medicham, M, shiny|261\/261
|-activate|p2a: 4 dicks in yo mom|move: Sticky Web
|-unboost|p2a: 4 dicks in yo mom|spe|1
|turn|34
|
|detailschange|p2a: 4 dicks in yo mom|Medicham-Mega, M, shiny
|-mega|p2a: 4 dicks in yo mom|Medicham|Medichamite
|move|p2a: 4 dicks in yo mom|Fake Out|p1a: Charizard
|-damage|p1a: Charizard|121\/359
|cant|p1a: Charizard|flinch
|
|turn|35
|c|âRekitfied.|a real mega
|leave|Rekitfied.
|player|p2
|-message|rekitfied lost due to inactivity.
|
|win|HollowHead
|raw|Ladder updating...
|raw|HollowHead's rating: 1361 &rarr; <strong>1382<\/strong><br \/>(+21 for winning)
|raw|Rekitfied.'s rating: 1379 &rarr; <strong>1358<\/strong><br \/>(-21 for losing)