|join|much change
|join|HollowHead
|player|p1|much change|251
|player|p2|HollowHead|52
|gametype|singles
|gen|6
|tier|OU
|rated
|clearpoke
|poke|p1|Deoxys-Defense
|poke|p1|Pinsir, F, shiny
|poke|p1|Aegislash, M, shiny
|poke|p1|Bisharp, M, shiny
|poke|p1|Thundurus, M
|poke|p1|Garchomp, M
|poke|p2|Manaphy
|poke|p2|Darmanitan, M
|poke|p2|Skarmory, M
|poke|p2|Porygon2
|poke|p2|Breloom, M
|poke|p2|Mawile, F
|rule|Sleep Clause Mod: Limit one foe put to sleep
|rule|Species Clause: Limit one of each Pokemon
|rule|OHKO Clause: OHKO moves are banned
|rule|Moody Clause: Moody is banned
|rule|Evasion Moves Clause: Evasion moves are banned
|rule|Endless Battle Clause: Forcing endless battles is banned.
|rule|HP Percentage Mod: HP is reported as percentages
|teampreview
|
|start
|switch|p1a: Deoxys-Defense|Deoxys-Defense|304\/304
|switch|p2a: The Carpenter|Darmanitan, M|351\/351
|-ability|p1a: Deoxys-Defense|Pressure
|turn|1
|
|move|p2a: The Carpenter|Flare Blitz|p1a: Deoxys-Defense
|-damage|p1a: Deoxys-Defense|6\/304
|-damage|p2a: The Carpenter|253\/351|[from] recoil|[of] p1a: Deoxys-Defense
|move|p1a: Deoxys-Defense|Stealth Rock|p2a: The Carpenter
|-sidestart|p2: HollowHead|move: Stealth Rock
|
|turn|2
|
|move|p2a: The Carpenter|Flare Blitz|p1a: Deoxys-Defense
|-crit|p1a: Deoxys-Defense
|-damage|p1a: Deoxys-Defense|0 fnt
|-damage|p2a: The Carpenter|251\/351|[from] recoil|[of] p1a: Deoxys-Defense
|faint|p1a: Deoxys-Defense
|
|
|switch|p1a: Bisharp|Bisharp, M, shiny|269\/269
|turn|3
|
|move|p1a: Bisharp|Sucker Punch|p2a: The Carpenter
|-damage|p2a: The Carpenter|0 fnt
|-damage|p1a: Bisharp|243\/269|[from] item: Life Orb
|faint|p2a: The Carpenter
|
|
|switch|p2a: Alice|Mawile, F|241\/241
|-damage|p2a: Alice|226\/241|[from] Stealth Rock
|-ability|p2a: Alice|Intimidate|[of] p1a: Bisharp
|-unboost|p1a: Bisharp|atk|1
|-boost|p1a: Bisharp|atk|2|[from] ability: Defiant
|turn|4
|
|-formechange|p2a: Alice|Mawile-Mega
|message|Mawile has Mega Evolved into Mega Mawile!
|move|p1a: Bisharp|Iron Head|p2a: Alice
|-damage|p2a: Alice|23\/241
|-damage|p1a: Bisharp|217\/269|[from] item: Life Orb
|move|p2a: Alice|Substitute|p2a: Alice
|-fail|p2a: Alice|move: Substitute|[weak]
|
|turn|5
|
|move|p1a: Bisharp|Iron Head|p2a: Alice
|-damage|p2a: Alice|0 fnt
|-damage|p1a: Bisharp|191\/269|[from] item: Life Orb
|faint|p2a: Alice
|
|
|switch|p2a: White Rabbit|Manaphy|404\/404
|-damage|p2a: White Rabbit|354\/404|[from] Stealth Rock
|turn|6
|
|move|p2a: White Rabbit|Tail Glow|p2a: White Rabbit
|-boost|p2a: White Rabbit|spa|3
|move|p1a: Bisharp|Knock Off|p2a: White Rabbit
|-damage|p2a: White Rabbit|11\/404
|-enditem|p2a: White Rabbit|Leftovers|[from] move: Knock Off|[of] p1a: Bisharp
|-damage|p1a: Bisharp|165\/269|[from] item: Life Orb
|
|turn|7
|
|move|p1a: Bisharp|Sucker Punch|p2a: White Rabbit
|-fail|p2a: White Rabbit
|move|p2a: White Rabbit|Tail Glow|p2a: White Rabbit
|-boost|p2a: White Rabbit|spa|3
|
|turn|8
|
|move|p2a: White Rabbit|Tail Glow|p2a: White Rabbit
|-fail|p2a: White Rabbit
|move|p1a: Bisharp|Knock Off|p2a: White Rabbit
|-damage|p2a: White Rabbit|0 fnt
|-damage|p1a: Bisharp|139\/269|[from] item: Life Orb
|faint|p2a: White Rabbit
|
|
|switch|p2a: Mad Hatter|Breloom, M|323\/323
|-damage|p2a: Mad Hatter|303\/323|[from] Stealth Rock
|turn|9
|
|move|p1a: Bisharp|Iron Head|p2a: Mad Hatter
|-damage|p2a: Mad Hatter|69\/323
|-damage|p1a: Bisharp|113\/269|[from] item: Life Orb
|cant|p2a: Mad Hatter|flinch
|
|-activate|p2a: Mad Hatter|item: Toxic Orb
|-status|p2a: Mad Hatter|tox
|turn|10
|
|switch|p2a: Dodo|Skarmory, M|334\/334
|-damage|p2a: Dodo|293\/334|[from] Stealth Rock
|move|p1a: Bisharp|Knock Off|p2a: Dodo
|-damage|p2a: Dodo|90\/334
|-enditem|p2a: Dodo|Leftovers|[from] move: Knock Off|[of] p1a: Bisharp
|-damage|p1a: Bisharp|87\/269|[from] item: Life Orb
|
|turn|11
|-message|HollowHead forfeited.
|
|win|much change
|raw|Ladder updating...
|raw|much change's rating: 1585 &rarr; <strong>1600<\/strong><br \/>(+15 for winning)
|raw|HollowHead's rating: 1495 &rarr; <strong>1480<\/strong><br \/>(-15 for losing)
|leave|HollowHead
|player|p2