|join|HollowHead
|join|ttarzann
|player|p1|HollowHead|52
|player|p2|ttarzann|101
|gametype|singles
|gen|6
|tier|OU
|rated
|clearpoke
|poke|p1|Manaphy
|poke|p1|Darmanitan, M
|poke|p1|Skarmory, M
|poke|p1|Porygon2
|poke|p1|Breloom, M
|poke|p1|Mawile, F
|poke|p2|Aegislash, F
|poke|p2|Ampharos, M
|poke|p2|Hawlucha, M
|poke|p2|Alakazam, M
|poke|p2|Garchomp, F
|poke|p2|Azumarill, M
|rule|Sleep Clause Mod: Limit one foe put to sleep
|rule|Species Clause: Limit one of each Pokemon
|rule|OHKO Clause: OHKO moves are banned
|rule|Moody Clause: Moody is banned
|rule|Evasion Moves Clause: Evasion moves are banned
|rule|Endless Battle Clause: Forcing endless battles is banned.
|rule|HP Percentage Mod: HP is reported as percentages
|teampreview
|join|lvarcher
|
|start
|switch|p1a: The Carpenter|Darmanitan, M|351\/351
|switch|p2a: Queen|Garchomp, F|357\/357
|turn|1
|
|switch|p1a: Dodo|Skarmory, M|334\/334
|move|p2a: Queen|Stealth Rock|p1a: Dodo
|-sidestart|p1: HollowHead|move: Stealth Rock
|
|turn|2
|
|move|p2a: Queen|Fire Blast|p1a: Dodo
|-supereffective|p1a: Dodo
|-damage|p1a: Dodo|61\/334
|-damage|p2a: Queen|322\/357|[from] item: Life Orb
|move|p1a: Dodo|Stealth Rock|p2a: Queen
|-sidestart|p2: ttarzann|move: Stealth Rock
|
|-heal|p1a: Dodo|81\/334|[from] item: Leftovers
|turn|3
|
|switch|p1a: Card Soldier|Porygon2|374\/374
|-damage|p1a: Card Soldier|328\/374|[from] Stealth Rock
|-ability|p1a: Card Soldier|Rough Skin|[from] ability: Trace|[of] p2a: Queen
|move|p2a: Queen|Fire Blast|p1a: Card Soldier
|-damage|p1a: Card Soldier|262\/374
|-damage|p2a: Queen|287\/357|[from] item: Life Orb
|
|turn|4
|
|switch|p2a: King|Ampharos, M|380\/380
|-damage|p2a: King|333\/380|[from] Stealth Rock
|move|p1a: Card Soldier|Toxic|p2a: King
|-status|p2a: King|tox
|
|-damage|p2a: King|310\/380 tox|[from] psn
|turn|5
|
|-formechange|p2a: King|Ampharos-Mega
|message|Ampharos has Mega Evolved into Mega Ampharos!
|-ability|p2a: King|Mold Breaker
|move|p1a: Card Soldier|Recover|p1a: Card Soldier
|-heal|p1a: Card Soldier|374\/374
|move|p2a: King|Volt Switch|p1a: Card Soldier
|-damage|p1a: Card Soldier|263\/374
|
|switch|p2a: Bishop|Hawlucha, M|298\/298
|-damage|p2a: Bishop|261\/298|[from] Stealth Rock
|
|turn|6
|
|move|p2a: Bishop|High Jump Kick|p1a: Card Soldier
|-supereffective|p1a: Card Soldier
|-damage|p1a: Card Soldier|63\/374
|-damage|p2a: Bishop|224\/298|[from] ability: Rough Skin|[of] p1a: Card Soldier
|move|p1a: Card Soldier|Tri Attack|p2a: Bishop
|-damage|p2a: Bishop|73\/298
|-status|p2a: Bishop|brn
|
|-damage|p2a: Bishop|36\/298 brn|[from] brn
|turn|7
|
|move|p2a: Bishop|Sky Attack|p1a: Card Soldier|[still]
|-prepare|p2a: Bishop|Sky Attack|p1a: Card Soldier
|-enditem|p2a: Bishop|Power Herb
|-anim|p2a: Bishop|Sky Attack|p1a: Card Soldier
|-damage|p1a: Card Soldier|6\/374
|cant|p1a: Card Soldier|flinch
|
|-damage|p2a: Bishop|0 fnt|[from] brn
|faint|p2a: Bishop
|
|switch|p2a: Rook|Alakazam, M|252\/252
|turn|8
|
|move|p2a: Rook|Psyshock|p1a: Card Soldier
|-damage|p1a: Card Soldier|0 fnt
|faint|p1a: Card Soldier
|
|
|switch|p1a: Alice|Mawile, F|241\/241
|-damage|p1a: Alice|226\/241|[from] Stealth Rock
|-ability|p1a: Alice|Intimidate|[of] p2a: Rook
|-unboost|p2a: Rook|atk|1
|turn|9
|
|switch|p2a: Pawn|Azumarill, M|341\/341
|-damage|p2a: Pawn|299\/341|[from] Stealth Rock
|-formechange|p1a: Alice|Mawile-Mega
|message|Mawile has Mega Evolved into Mega Mawile!
|move|p1a: Alice|Substitute|p1a: Alice
|-start|p1a: Alice|Substitute
|-damage|p1a: Alice|166\/241
|
|turn|10
|
|move|p2a: Pawn|Waterfall|p1a: Alice
|-end|p1a: Alice|Substitute
|move|p1a: Alice|Play Rough|p2a: Pawn|[miss]
|-miss|p1a: Alice|p2a: Pawn
|
|turn|11
|
|switch|p1a: Dodo|Skarmory, M|81\/334
|-damage|p1a: Dodo|40\/334|[from] Stealth Rock
|move|p2a: Pawn|Waterfall|p1a: Dodo
|-damage|p1a: Dodo|0 fnt
|faint|p1a: Dodo
|
|
|switch|p1a: Mad Hatter|Breloom, M|323\/323
|-damage|p1a: Mad Hatter|303\/323|[from] Stealth Rock
|turn|12
|
|move|p2a: Pawn|Waterfall|p1a: Mad Hatter
|-resisted|p1a: Mad Hatter
|-damage|p1a: Mad Hatter|196\/323
|move|p1a: Mad Hatter|Spore|p2a: Pawn
|-status|p2a: Pawn|slp
|
|-activate|p1a: Mad Hatter|item: Toxic Orb
|-status|p1a: Mad Hatter|tox
|turn|13
|
|switch|p2a: Knight|Aegislash, F|321\/321
|-damage|p2a: Knight|301\/321|[from] Stealth Rock
|move|p1a: Mad Hatter|Substitute|p1a: Mad Hatter
|-start|p1a: Mad Hatter|Substitute
|-damage|p1a: Mad Hatter|116\/323 tox
|
|-heal|p2a: Knight|321\/321|[from] item: Leftovers
|-heal|p1a: Mad Hatter|156\/323 tox|[from] ability: Poison Heal
|turn|14
|
|move|p2a: Knight|Substitute|p2a: Knight
|-start|p2a: Knight|Substitute
|-damage|p2a: Knight|241\/321
|move|p1a: Mad Hatter|Leech Seed|p2a: Knight
|
|-heal|p2a: Knight|261\/321|[from] item: Leftovers
|-heal|p1a: Mad Hatter|196\/323 tox|[from] ability: Poison Heal
|turn|15
|
|switch|p1a: The Carpenter|Darmanitan, M|351\/351
|-damage|p1a: The Carpenter|264\/351|[from] Stealth Rock
|-formechange|p2a: Knight|Aegislash-Blade
|move|p2a: Knight|Shadow Ball|p1a: The Carpenter
|-damage|p1a: The Carpenter|27\/351
|
|-heal|p2a: Knight|281\/321|[from] item: Leftovers
|turn|16
|
|-formechange|p2a: Knight|Aegislash
|move|p2a: Knight|King's Shield|p2a: Knight
|-singleturn|p2a: Knight|Protect
|move|p1a: The Carpenter|Flare Blitz|p2a: Knight
|-activate|p2a: Knight|Protect
|-unboost|p1a: The Carpenter|atk|2
|
|-heal|p2a: Knight|301\/321|[from] item: Leftovers
|turn|17
|
|move|p1a: The Carpenter|Flare Blitz|p2a: Knight
|-supereffective|p2a: Knight
|-end|p2a: Knight|Substitute
|-damage|p1a: The Carpenter|1\/351|[from] recoil|[of] p2a: Knight
|move|p2a: Knight|Substitute|p2a: Knight
|-start|p2a: Knight|Substitute
|-damage|p2a: Knight|221\/321
|
|-heal|p2a: Knight|241\/321|[from] item: Leftovers
|turn|18
|
|move|p2a: Knight|King's Shield|p2a: Knight
|-singleturn|p2a: Knight|Protect
|move|p1a: The Carpenter|Flare Blitz|p2a: Knight
|-activate|p2a: Knight|Protect
|-unboost|p1a: The Carpenter|atk|2
|
|-heal|p2a: Knight|261\/321|[from] item: Leftovers
|turn|19
|leave|lvarcher
|
|move|p1a: The Carpenter|Flare Blitz|p2a: Knight
|-supereffective|p2a: Knight
|-end|p2a: Knight|Substitute
|-damage|p1a: The Carpenter|0 fnt|[from] recoil|[of] p2a: Knight
|faint|p1a: The Carpenter
|move|p2a: Knight|Substitute|p2a: Knight
|-start|p2a: Knight|Substitute
|-damage|p2a: Knight|181\/321
|
|-heal|p2a: Knight|201\/321|[from] item: Leftovers
|
|switch|p1a: White Rabbit|Manaphy|404\/404
|-damage|p1a: White Rabbit|354\/404|[from] Stealth Rock
|turn|20
|
|move|p1a: White Rabbit|Surf|p2a: Knight
|-activate|p2a: Knight|Substitute|[damage]
|move|p2a: Knight|Toxic|p1a: White Rabbit
|-status|p1a: White Rabbit|tox
|
|-heal|p1a: White Rabbit|379\/404 tox|[from] item: Leftovers
|-heal|p2a: Knight|221\/321|[from] item: Leftovers
|-damage|p1a: White Rabbit|354\/404 tox|[from] psn
|turn|21
|
|move|p2a: Knight|King's Shield|p2a: Knight
|-singleturn|p2a: Knight|Protect
|move|p1a: White Rabbit|Surf|p2a: Knight
|-activate|p2a: Knight|Protect
|
|-heal|p1a: White Rabbit|379\/404 tox|[from] item: Leftovers
|-heal|p2a: Knight|241\/321|[from] item: Leftovers
|-damage|p1a: White Rabbit|329\/404 tox|[from] psn
|turn|22
|
|move|p1a: White Rabbit|Tail Glow|p1a: White Rabbit
|-boost|p1a: White Rabbit|spa|3
|-formechange|p2a: Knight|Aegislash-Blade
|move|p2a: Knight|Shadow Ball|p1a: White Rabbit
|-damage|p1a: White Rabbit|181\/404 tox
|
|-heal|p1a: White Rabbit|206\/404 tox|[from] item: Leftovers
|-heal|p2a: Knight|261\/321|[from] item: Leftovers
|-damage|p1a: White Rabbit|131\/404 tox|[from] psn
|turn|23
|
|move|p1a: White Rabbit|Surf|p2a: Knight
|-end|p2a: Knight|Substitute
|move|p2a: Knight|Substitute|p2a: Knight
|-start|p2a: Knight|Substitute
|-damage|p2a: Knight|181\/321
|
|-heal|p1a: White Rabbit|156\/404 tox|[from] item: Leftovers
|-heal|p2a: Knight|201\/321|[from] item: Leftovers
|-damage|p1a: White Rabbit|56\/404 tox|[from] psn
|turn|24
|
|-formechange|p2a: Knight|Aegislash
|move|p2a: Knight|King's Shield|p2a: Knight
|-singleturn|p2a: Knight|Protect
|move|p1a: White Rabbit|Surf|p2a: Knight
|-activate|p2a: Knight|Protect
|
|-heal|p1a: White Rabbit|81\/404 tox|[from] item: Leftovers
|-heal|p2a: Knight|221\/321|[from] item: Leftovers
|-damage|p1a: White Rabbit|0 fnt|[from] psn
|faint|p1a: White Rabbit
|
|switch|p1a: Alice|Mawile, F|166\/241
|-formechange|p1a: Alice|Mawile-Mega
|-damage|p1a: Alice|151\/241|[from] Stealth Rock
|turn|25
|
|-formechange|p2a: Knight|Aegislash-Blade
|move|p2a: Knight|Shadow Ball|p1a: Alice
|-damage|p1a: Alice|3\/241
|move|p1a: Alice|Substitute|p1a: Alice
|-fail|p1a: Alice|move: Substitute|[weak]
|
|-heal|p2a: Knight|241\/321|[from] item: Leftovers
|turn|26
|
|move|p2a: Knight|Shadow Ball|p1a: Alice
|-damage|p1a: Alice|0 fnt
|faint|p1a: Alice
|
|-heal|p2a: Knight|261\/321|[from] item: Leftovers
|chat|HollowHead|gg
|
|switch|p1a: Mad Hatter|Breloom, M|196\/323 tox
|-damage|p1a: Mad Hatter|176\/323 tox|[from] Stealth Rock
|turn|27
|chat|ttarzann|gg man
|chat|HollowHead|Wasn't expecting that set
|
|-singleturn|p1a: Mad Hatter|move: Focus Punch
|move|p2a: Knight|Shadow Ball|p1a: Mad Hatter
|-damage|p1a: Mad Hatter|0 fnt
|faint|p1a: Mad Hatter
|
|win|ttarzann
|raw|Ladder updating...
|raw|HollowHead's rating: 1514 &rarr; <strong>1495<\/strong><br \/>(-19 for losing)
|raw|ttarzann's rating: 1521 &rarr; <strong>1541<\/strong><br \/>(+20 for winning)
|chat|ttarzann|its a very good set
|leave|HollowHead
|player|p1