|join|eggardo
|join|HollowHead
|player|p1|eggardo|265
|player|p2|HollowHead|102
|gametype|singles
|gen|6
|tier|OU
|rated
|clearpoke
|poke|p1|Tyranitar, F
|poke|p1|Bisharp, F
|poke|p1|Thundurus, M
|poke|p1|Azumarill, F
|poke|p1|Garchomp, M
|poke|p1|Deoxys-Speed
|poke|p2|Galvantula, F
|poke|p2|Tyranitar, M
|poke|p2|Garchomp, F
|poke|p2|Clefable, M
|poke|p2|Hippowdon, F
|poke|p2|Espeon, M
|rule|Sleep Clause Mod: Limit one foe put to sleep
|rule|Species Clause: Limit one of each Pokemon
|rule|OHKO Clause: OHKO moves are banned
|rule|Moody Clause: Moody is banned
|rule|Evasion Moves Clause: Evasion moves are banned
|rule|Endless Battle Clause: Forcing endless battles is banned.
|rule|HP Percentage Mod: HP is reported as percentages
|teampreview
|
|start
|switch|p1a: Deoxys-Speed|Deoxys-Speed|242\/242
|switch|p2a: Galvantula|Galvantula, F|281\/281
|-ability|p1a: Deoxys-Speed|Pressure
|turn|1
|
|switch|p1a: Tyranitar|Tyranitar, F|341\/341
|-weather|Sandstorm
|move|p2a: Galvantula|Bug Buzz|p1a: Tyranitar
|-supereffective|p1a: Tyranitar
|-damage|p1a: Tyranitar|167\/341
|
|-weather|Sandstorm|[upkeep]
|-damage|p2a: Galvantula|264\/281|[from] sandstorm
|turn|2
|
|-formechange|p1a: Tyranitar|Tyranitar-Mega
|message|Tyranitar has Mega Evolved into Mega Tyranitar!
|move|p2a: Galvantula|Bug Buzz|p1a: Tyranitar
|-supereffective|p1a: Tyranitar
|-damage|p1a: Tyranitar|17\/341
|move|p1a: Tyranitar|Dragon Dance|p1a: Tyranitar
|-boost|p1a: Tyranitar|atk|1
|-boost|p1a: Tyranitar|spe|1
|
|-weather|Sandstorm|[upkeep]
|-damage|p2a: Galvantula|247\/281|[from] sandstorm
|turn|3
|
|switch|p2a: Hippowdon|Hippowdon, F|420\/420
|move|p1a: Tyranitar|Stone Edge|p2a: Hippowdon
|-resisted|p2a: Hippowdon
|-damage|p2a: Hippowdon|324\/420
|
|-weather|Sandstorm|[upkeep]
|-heal|p2a: Hippowdon|350\/420|[from] item: Leftovers
|turn|4
|
|move|p1a: Tyranitar|Dragon Dance|p1a: Tyranitar
|-boost|p1a: Tyranitar|atk|1
|-boost|p1a: Tyranitar|spe|1
|move|p2a: Hippowdon|Earthquake|p1a: Tyranitar
|-supereffective|p1a: Tyranitar
|-damage|p1a: Tyranitar|0 fnt
|faint|p1a: Tyranitar
|
|-weather|Sandstorm|[upkeep]
|-heal|p2a: Hippowdon|376\/420|[from] item: Leftovers
|
|switch|p1a: Azumarill|Azumarill, F|404\/404
|turn|5
|
|switch|p2a: Clefable|Clefable, M|394\/394
|move|p1a: Azumarill|Waterfall|p2a: Clefable
|-damage|p2a: Clefable|160\/394
|
|-weather|none
|-heal|p2a: Clefable|184\/394|[from] item: Leftovers
|turn|6
|
|move|p2a: Clefable|Moonblast|p1a: Azumarill
|-damage|p1a: Azumarill|286\/404
|move|p1a: Azumarill|Waterfall|p2a: Clefable
|-damage|p2a: Clefable|0 fnt
|faint|p2a: Clefable
|
|
|switch|p2a: Garchomp|Garchomp, F|361\/361
|turn|7
|
|switch|p1a: Thundurus|Thundurus, M|299\/299
|-formechange|p2a: Garchomp|Garchomp-Mega
|message|Garchomp has Mega Evolved into Mega Garchomp!
|move|p2a: Garchomp|Earthquake|p1a: Thundurus
|-immune|p1a: Thundurus|[msg]
|
|turn|8
|
|switch|p2a: Tyranitar|Tyranitar, M|401\/401
|-weather|Sandstorm
|move|p1a: Thundurus|Hidden Power|p2a: Tyranitar
|-damage|p2a: Tyranitar|341\/401
|-damage|p1a: Thundurus|270\/299|[from] item: Life Orb
|
|-weather|Sandstorm|[upkeep]
|-damage|p1a: Thundurus|252\/299|[from] sandstorm
|turn|9
|
|move|p1a: Thundurus|Focus Blast|p2a: Tyranitar
|-supereffective|p2a: Tyranitar
|-damage|p2a: Tyranitar|0 fnt
|-damage|p1a: Thundurus|223\/299|[from] item: Life Orb
|faint|p2a: Tyranitar
|
|-weather|Sandstorm|[upkeep]
|-damage|p1a: Thundurus|205\/299|[from] sandstorm
|
|switch|p2a: Espeon|Espeon, M|334\/334
|turn|10
|
|move|p1a: Thundurus|Nasty Plot|p1a: Thundurus
|-boost|p1a: Thundurus|spa|2
|move|p2a: Espeon|Light Screen|p2a: Espeon
|-sidestart|p2: HollowHead|move: Light Screen
|
|-weather|Sandstorm|[upkeep]
|-damage|p1a: Thundurus|187\/299|[from] sandstorm
|-damage|p2a: Espeon|314\/334|[from] sandstorm
|turn|11
|
|move|p1a: Thundurus|Nasty Plot|p1a: Thundurus
|-boost|p1a: Thundurus|spa|2
|move|p2a: Espeon|Dazzling Gleam|p1a: Thundurus
|-damage|p1a: Thundurus|88\/299
|
|-weather|Sandstorm|[upkeep]
|-damage|p1a: Thundurus|70\/299|[from] sandstorm
|-damage|p2a: Espeon|294\/334|[from] sandstorm
|turn|12
|
|move|p1a: Thundurus|Thunderbolt|p2a: Espeon
|-damage|p2a: Espeon|3\/334
|-damage|p1a: Thundurus|41\/299|[from] item: Life Orb
|move|p2a: Espeon|Dazzling Gleam|p1a: Thundurus
|-damage|p1a: Thundurus|0 fnt
|faint|p1a: Thundurus
|
|-weather|none
|
|switch|p1a: Bisharp|Bisharp, F|271\/271
|turn|13
|
|move|p2a: Espeon|Reflect|p2a: Espeon
|-sidestart|p2: HollowHead|Reflect
|move|p1a: Bisharp|Pursuit|p2a: Espeon
|-supereffective|p2a: Espeon
|-damage|p2a: Espeon|0 fnt
|-damage|p1a: Bisharp|244\/271|[from] item: Life Orb
|faint|p2a: Espeon
|
|
|switch|p2a: Hippowdon|Hippowdon, F|376\/420
|-weather|Sandstorm
|turn|14
|
|switch|p1a: Azumarill|Azumarill, F|286\/404
|move|p2a: Hippowdon|Stealth Rock|p1a: Azumarill
|-sidestart|p1: eggardo|move: Stealth Rock
|
|-weather|Sandstorm|[upkeep]
|-damage|p1a: Azumarill|261\/404|[from] sandstorm
|-heal|p2a: Hippowdon|402\/420|[from] item: Leftovers
|turn|15
|
|move|p1a: Azumarill|Waterfall|p2a: Hippowdon
|-supereffective|p2a: Hippowdon
|-damage|p2a: Hippowdon|227\/420
|move|p2a: Hippowdon|Earthquake|p1a: Azumarill
|-damage|p1a: Azumarill|104\/404
|
|-weather|Sandstorm|[upkeep]
|-damage|p1a: Azumarill|79\/404|[from] sandstorm
|-heal|p2a: Hippowdon|253\/420|[from] item: Leftovers
|turn|16
|
|move|p1a: Azumarill|Waterfall|p2a: Hippowdon
|-supereffective|p2a: Hippowdon
|-damage|p2a: Hippowdon|96\/420
|cant|p2a: Hippowdon|flinch
|
|-weather|Sandstorm|[upkeep]
|-damage|p1a: Azumarill|54\/404|[from] sandstorm
|-heal|p2a: Hippowdon|122\/420|[from] item: Leftovers
|turn|17
|
|move|p1a: Azumarill|Waterfall|p2a: Hippowdon
|-supereffective|p2a: Hippowdon
|-damage|p2a: Hippowdon|0 fnt
|faint|p2a: Hippowdon
|
|-weather|Sandstorm|[upkeep]
|-damage|p1a: Azumarill|29\/404|[from] sandstorm
|-sideend|p2: HollowHead|move: Light Screen
|
|switch|p2a: Galvantula|Galvantula, F|247\/281
|turn|18
|
|switch|p1a: Garchomp|Garchomp, M|357\/357
|-damage|p1a: Garchomp|335\/357|[from] Stealth Rock
|move|p2a: Galvantula|Sticky Web|p1a: Garchomp
|-sidestart|p1: eggardo|move: Sticky Web
|
|-weather|none
|turn|19
|
|move|p2a: Galvantula|Bug Buzz|p1a: Garchomp
|-crit|p1a: Garchomp
|-damage|p1a: Garchomp|113\/357
|move|p1a: Garchomp|Earthquake|p2a: Galvantula
|-damage|p2a: Galvantula|103\/281
|
|turn|20
|
|move|p2a: Galvantula|Bug Buzz|p1a: Garchomp
|-damage|p1a: Garchomp|0 fnt
|faint|p1a: Garchomp
|
|-sideend|p2: HollowHead|Reflect
|
|switch|p1a: Bisharp|Bisharp, F|244\/271
|-activate|p1a: Bisharp|move: Sticky Web
|-unboost|p1a: Bisharp|spe|1
|-boost|p1a: Bisharp|atk|2|[from] ability: Defiant
|-damage|p1a: Bisharp|228\/271|[from] Stealth Rock
|turn|21
|
|move|p1a: Bisharp|Sucker Punch|p2a: Galvantula
|-fail|p2a: Galvantula
|move|p2a: Galvantula|Sticky Web|p1a: Bisharp
|-fail|p1a: Bisharp
|
|turn|22
|
|move|p1a: Bisharp|Sucker Punch|p2a: Galvantula
|-damage|p2a: Galvantula|0 fnt
|-damage|p1a: Bisharp|201\/271|[from] item: Life Orb
|faint|p2a: Galvantula
|
|
|switch|p2a: Garchomp|Garchomp, F|361\/361
|-formechange|p2a: Garchomp|Garchomp-Mega
|turn|23
|
|move|p1a: Bisharp|Sucker Punch|p2a: Garchomp
|-fail|p2a: Garchomp
|move|p2a: Garchomp|Swords Dance|p2a: Garchomp
|-boost|p2a: Garchomp|atk|2
|
|turn|24
|
|move|p1a: Bisharp|Sucker Punch|p2a: Garchomp
|-damage|p2a: Garchomp|0 fnt
|-damage|p1a: Bisharp|174\/271|[from] item: Life Orb
|faint|p2a: Garchomp
|
|win|eggardo
|raw|Ladder updating...
|raw|eggardo's rating: 1510 &rarr; <strong>1528<\/strong><br \/>(+18 for winning)
|raw|HollowHead's rating: 1468 &rarr; <strong>1450<\/strong><br \/>(-18 for losing)
|chat|HollowHead|gg
|chat|eggardo|g
|chat|eggardo|gg