|join|(CC)WingFire
|join|HollowHead
|player|p1|(CC)WingFire|163
|player|p2|HollowHead|2
|gametype|singles
|gen|6
|tier|OU
|rated
|clearpoke
|poke|p1|Medicham, M
|poke|p1|Mandibuzz, F
|poke|p1|Slowbro, F
|poke|p1|Chansey, F
|poke|p1|Skarmory, M
|poke|p1|Terrakion
|poke|p2|Galvantula, F
|poke|p2|Skarmory, M
|poke|p2|Tentacruel, M
|poke|p2|Gardevoir, F
|poke|p2|Dragonite, M
|poke|p2|Bisharp, M
|rule|Sleep Clause Mod: Limit one foe put to sleep
|rule|Species Clause: Limit one of each Pokemon
|rule|OHKO Clause: OHKO moves are banned
|rule|Moody Clause: Moody is banned
|rule|Evasion Moves Clause: Evasion moves are banned
|rule|Endless Battle Clause: Forcing endless battles is banned.
|rule|HP Percentage Mod: HP is reported as percentages
|teampreview
|
|start
|switch|p1a: Medicham|Medicham, M|261\/261
|switch|p2a: Galvantula|Galvantula, F|281\/281
|turn|1
|
|-formechange|p1a: Medicham|Medicham-Mega
|message|Medicham has Mega Evolved into Mega Medicham!
|move|p1a: Medicham|Fake Out|p2a: Galvantula
|-damage|p2a: Galvantula|138\/281
|cant|p2a: Galvantula|flinch
|
|turn|2
|
|switch|p1a: Chansey|Chansey, F|704\/704
|move|p2a: Galvantula|Volt Switch|p1a: Chansey
|-damage|p1a: Chansey|640\/704
|
|switch|p2a: Bisharp|Bisharp, M|272\/272
|
|turn|3
|
|switch|p1a: Skarmory|Skarmory, M|334\/334
|move|p2a: Bisharp|Knock Off|p1a: Skarmory
|-damage|p1a: Skarmory|208\/334
|-damage|p2a: Bisharp|227\/272|[from] item: Rocky Helmet|[of] p1a: Skarmory
|-enditem|p1a: Skarmory|Rocky Helmet|[from] move: Knock Off|[of] p2a: Bisharp
|-damage|p2a: Bisharp|200\/272|[from] item: Life Orb
|
|turn|4
|
|switch|p2a: Galvantula|Galvantula, F|138\/281
|move|p1a: Skarmory|Spikes|p2a: Galvantula
|-sidestart|p2: HollowHead|Spikes
|
|turn|5
|
|switch|p1a: Chansey|Chansey, F|640\/704
|move|p2a: Galvantula|Sticky Web|p1a: Chansey
|-sidestart|p1: (CC)WingFire|move: Sticky Web
|
|turn|6
|
|move|p2a: Galvantula|Volt Switch|p1a: Chansey
|-damage|p1a: Chansey|577\/704
|
|switch|p2a: Tentacruel|Tentacruel, M|364\/364
|-damage|p2a: Tentacruel|319\/364|[from] Spikes
|move|p1a: Chansey|Thunder Wave|p2a: Tentacruel
|-status|p2a: Tentacruel|par
|
|-heal|p2a: Tentacruel|341\/364 par|[from] item: Black Sludge
|turn|7
|
|move|p1a: Chansey|Seismic Toss|p2a: Tentacruel
|-damage|p2a: Tentacruel|241\/364 par
|move|p2a: Tentacruel|Rapid Spin|p1a: Chansey
|-damage|p1a: Chansey|562\/704
|-sideend|p2: HollowHead|Spikes|[from] move: Rapid Spin|[of] p2a: Tentacruel
|
|-heal|p2a: Tentacruel|263\/364 par|[from] item: Black Sludge
|turn|8
|
|switch|p2a: Bisharp|Bisharp, M|200\/272
|move|p1a: Chansey|Seismic Toss|p2a: Bisharp
|-damage|p2a: Bisharp|100\/272
|
|turn|9
|
|switch|p1a: Skarmory|Skarmory, M|208\/334
|move|p2a: Bisharp|Knock Off|p1a: Skarmory
|-damage|p1a: Skarmory|121\/334
|-damage|p2a: Bisharp|73\/272|[from] item: Life Orb
|
|turn|10
|
|move|p2a: Bisharp|Low Kick|p1a: Skarmory
|-damage|p1a: Skarmory|57\/334
|-damage|p2a: Bisharp|46\/272|[from] item: Life Orb
|move|p1a: Skarmory|Roost|p1a: Skarmory
|-heal|p1a: Skarmory|224\/334
|
|turn|11
|
|switch|p2a: Galvantula|Galvantula, F|138\/281
|move|p1a: Skarmory|Roost|p1a: Skarmory
|-heal|p1a: Skarmory|334\/334
|
|turn|12
|
|switch|p1a: Chansey|Chansey, F|562\/704
|-activate|p1a: Chansey|move: Sticky Web
|-unboost|p1a: Chansey|spe|1
|move|p2a: Galvantula|Thunder|p1a: Chansey
|-damage|p1a: Chansey|454\/704
|
|turn|13
|
|move|p2a: Galvantula|Volt Switch|p1a: Chansey
|-damage|p1a: Chansey|384\/704
|
|switch|p2a: Bisharp|Bisharp, M|46\/272
|move|p1a: Chansey|Seismic Toss|p2a: Bisharp
|-damage|p2a: Bisharp|0 fnt
|faint|p2a: Bisharp
|
|
|switch|p2a: Dragonite|Dragonite, M|386\/386
|turn|14
|
|move|p2a: Dragonite|Outrage|p1a: Chansey
|-damage|p1a: Chansey|0 fnt
|faint|p1a: Chansey
|
|
|switch|p1a: Skarmory|Skarmory, M|334\/334
|turn|15
|
|move|p2a: Dragonite|Outrage|p1a: Skarmory
|-resisted|p1a: Skarmory
|-damage|p1a: Skarmory|235\/334
|move|p1a: Skarmory|Spikes|p2a: Dragonite
|-sidestart|p2: HollowHead|Spikes
|
|turn|16
|
|move|p2a: Dragonite|Outrage|p1a: Skarmory
|-resisted|p1a: Skarmory
|-damage|p1a: Skarmory|131\/334
|move|p1a: Skarmory|Brave Bird|p2a: Dragonite
|-damage|p2a: Dragonite|326\/386
|-damage|p1a: Skarmory|111\/334|[from] recoil|[of] p2a: Dragonite
|
|-end|p2a: Dragonite|rampage
|-start|p2a: Dragonite|confusion
|turn|17
|
|switch|p2a: Tentacruel|Tentacruel, M|263\/364 par
|-damage|p2a: Tentacruel|218\/364 par|[from] Spikes
|move|p1a: Skarmory|Roost|p1a: Skarmory
|-heal|p1a: Skarmory|278\/334
|
|-heal|p2a: Tentacruel|240\/364 par|[from] item: Black Sludge
|turn|18
|
|switch|p1a: Mandibuzz|Mandibuzz, F|424\/424
|cant|p2a: Tentacruel|par
|
|-heal|p2a: Tentacruel|262\/364 par|[from] item: Black Sludge
|turn|19
|
|move|p1a: Mandibuzz|Defog|p2a: Tentacruel
|-unboost|p2a: Tentacruel|evasion|1
|-sideend|p2: HollowHead|Spikes|[from] move: Defog|[of] p2a: Tentacruel
|-sideend|p1: (CC)WingFire|Sticky Web|[from] move: Defog|[of] p1a: Mandibuzz
|move|p2a: Tentacruel|Rapid Spin|p1a: Mandibuzz
|-damage|p1a: Mandibuzz|416\/424
|
|-heal|p1a: Mandibuzz|424\/424|[from] item: Leftovers
|-heal|p2a: Tentacruel|284\/364 par|[from] item: Black Sludge
|turn|20
|
|move|p1a: Mandibuzz|Knock Off|p2a: Tentacruel
|-damage|p2a: Tentacruel|170\/364 par
|-enditem|p2a: Tentacruel|Black Sludge|[from] move: Knock Off|[of] p1a: Mandibuzz
|cant|p2a: Tentacruel|par
|
|turn|21
|
|switch|p2a: Skarmory|Skarmory, M|334\/334
|move|p1a: Mandibuzz|Foul Play|p2a: Skarmory
|-damage|p2a: Skarmory|282\/334
|
|-heal|p2a: Skarmory|302\/334|[from] item: Leftovers
|turn|22
|
|move|p1a: Mandibuzz|Knock Off|p2a: Skarmory
|-crit|p2a: Skarmory
|-damage|p2a: Skarmory|235\/334
|-enditem|p2a: Skarmory|Leftovers|[from] move: Knock Off|[of] p1a: Mandibuzz
|move|p2a: Skarmory|Stealth Rock|p1a: Mandibuzz
|-sidestart|p1: (CC)WingFire|move: Stealth Rock
|
|turn|23
|
|move|p1a: Mandibuzz|Defog|p2a: Skarmory
|-unboost|p2a: Skarmory|evasion|1
|-sideend|p1: (CC)WingFire|Stealth Rock|[from] move: Defog|[of] p1a: Mandibuzz
|move|p2a: Skarmory|Roost|p2a: Skarmory
|-heal|p2a: Skarmory|334\/334
|
|turn|24
|
|switch|p1a: Slowbro|Slowbro, F|394\/394
|move|p2a: Skarmory|Stealth Rock|p1a: Slowbro
|-sidestart|p1: (CC)WingFire|move: Stealth Rock
|
|turn|25
|
|move|p1a: Slowbro|Scald|p2a: Skarmory
|-crit|p2a: Skarmory
|-damage|p2a: Skarmory|147\/334
|-status|p2a: Skarmory|brn
|move|p2a: Skarmory|Whirlwind|p1a: Slowbro
|drag|p1a: Mandibuzz|Mandibuzz, F|424\/424
|-damage|p1a: Mandibuzz|318\/424|[from] Stealth Rock
|
|-heal|p1a: Mandibuzz|344\/424|[from] item: Leftovers
|-damage|p2a: Skarmory|106\/334 brn|[from] brn
|turn|26
|
|switch|p2a: Galvantula|Galvantula, F|138\/281
|move|p1a: Mandibuzz|Defog|p2a: Galvantula
|-unboost|p2a: Galvantula|evasion|1
|-sideend|p1: (CC)WingFire|Stealth Rock|[from] move: Defog|[of] p1a: Mandibuzz
|
|-heal|p1a: Mandibuzz|370\/424|[from] item: Leftovers
|turn|27
|
|switch|p1a: Skarmory|Skarmory, M|278\/334
|move|p2a: Galvantula|Thunder|p1a: Skarmory
|-supereffective|p1a: Skarmory
|-damage|p1a: Skarmory|0 fnt
|faint|p1a: Skarmory
|
|
|switch|p1a: Terrakion|Terrakion|323\/323
|turn|28
|
|switch|p2a: Tentacruel|Tentacruel, M|170\/364 par
|move|p1a: Terrakion|Stone Edge|p2a: Tentacruel
|-damage|p2a: Tentacruel|0 fnt
|-damage|p1a: Terrakion|291\/323|[from] item: Life Orb
|faint|p2a: Tentacruel
|
|
|switch|p2a: Skarmory|Skarmory, M|106\/334 brn
|turn|29
|
|move|p1a: Terrakion|Close Combat|p2a: Skarmory
|-damage|p2a: Skarmory|0 fnt
|-unboost|p1a: Terrakion|def|1
|-unboost|p1a: Terrakion|spd|1
|-damage|p1a: Terrakion|259\/323|[from] item: Life Orb
|faint|p2a: Skarmory
|
|
|switch|p2a: Galvantula|Galvantula, F|138\/281
|turn|30
|
|switch|p1a: Medicham|Medicham, M|261\/261
|-formechange|p1a: Medicham|Medicham-Mega
|move|p2a: Galvantula|Thunder|p1a: Medicham
|-damage|p1a: Medicham|65\/261
|
|turn|31
|
|switch|p2a: Dragonite|Dragonite, M|326\/386
|move|p1a: Medicham|Fake Out|p2a: Dragonite
|-damage|p2a: Dragonite|241\/386
|
|turn|32
|
|switch|p1a: Mandibuzz|Mandibuzz, F|370\/424
|move|p2a: Dragonite|Extreme Speed|p1a: Mandibuzz
|-damage|p1a: Mandibuzz|252\/424
|
|-heal|p1a: Mandibuzz|278\/424|[from] item: Leftovers
|turn|33
|
|switch|p2a: Gardevoir|Gardevoir, F|277\/277
|-ability|p2a: Gardevoir|Overcoat|[from] ability: Trace|[of] p1a: Mandibuzz
|move|p1a: Mandibuzz|Foul Play|p2a: Gardevoir
|-damage|p2a: Gardevoir|174\/277
|
|-heal|p1a: Mandibuzz|304\/424|[from] item: Leftovers
|turn|34
|
|switch|p1a: Slowbro|Slowbro, F|394\/394
|-formechange|p2a: Gardevoir|Gardevoir-Mega
|message|Gardevoir has Mega Evolved into Mega Gardevoir!
|move|p2a: Gardevoir|Hyper Voice|p1a: Slowbro
|-damage|p1a: Slowbro|178\/394
|
|turn|35
|
|move|p2a: Gardevoir|Hyper Voice|p1a: Slowbro
|-damage|p1a: Slowbro|0 fnt
|faint|p1a: Slowbro
|
|
|switch|p1a: Terrakion|Terrakion|259\/323
|turn|36
|
|move|p1a: Terrakion|Iron Head|p2a: Gardevoir
|-supereffective|p2a: Gardevoir
|-damage|p2a: Gardevoir|0 fnt
|-damage|p1a: Terrakion|227\/323|[from] item: Life Orb
|faint|p2a: Gardevoir
|
|
|switch|p2a: Galvantula|Galvantula, F|138\/281
|turn|37
|
|move|p1a: Terrakion|Earthquake|p2a: Galvantula
|-damage|p2a: Galvantula|0 fnt
|-damage|p1a: Terrakion|195\/323|[from] item: Life Orb
|faint|p2a: Galvantula
|
|chat|HollowHead|gg.
|
|switch|p2a: Dragonite|Dragonite, M|241\/386
|turn|38
|chat|(CC)WingFire|gg
|
|move|p1a: Terrakion|Iron Head|p2a: Dragonite
|-damage|p2a: Dragonite|105\/386
|-damage|p1a: Terrakion|163\/323|[from] item: Life Orb
|move|p2a: Dragonite|Outrage|p1a: Terrakion
|-damage|p1a: Terrakion|0 fnt
|faint|p1a: Terrakion
|
|
|switch|p1a: Medicham|Medicham, M|65\/261
|-formechange|p1a: Medicham|Medicham-Mega
|turn|39
|
|move|p1a: Medicham|Ice Punch|p2a: Dragonite
|-supereffective|p2a: Dragonite
|-damage|p2a: Dragonite|0 fnt
|faint|p2a: Dragonite
|
|win|(CC)WingFire
|raw|Ladder updating...
|raw|(CC)WingFire's rating: 1731 &rarr; <strong>1754<\/strong><br \/>(+23 for winning)
|raw|HollowHead's rating: 1788 &rarr; <strong>1765<\/strong><br \/>(-23 for losing)
|leave|HollowHead
|player|p2