|join|chiefgatorade
|join|HollowHead
|player|p1|chiefgatorade|265
|player|p2|HollowHead|80
|gametype|singles
|gen|6
|tier|OU (suspect test)
|rated
|clearpoke
|poke|p1|Landorus, M
|poke|p1|Charizard, F
|poke|p1|Bisharp, F
|poke|p1|Thundurus, M
|poke|p1|Conkeldurr, F
|poke|p1|Keldeo
|poke|p2|Gardevoir, M
|poke|p2|Sharpedo, F
|poke|p2|Excadrill, F
|poke|p2|Tentacruel, F
|poke|p2|Latias, F
|poke|p2|Scizor, F
|rule|Swagger Clause: Swagger is banned
|rule|Baton Pass Clause: Limit one PokÃ©mon knowing Baton Pass
|rule|Sleep Clause Mod: Limit one foe put to sleep
|rule|Species Clause: Limit one of each PokÃ©mon
|rule|OHKO Clause: OHKO moves are banned
|rule|Moody Clause: Moody is banned
|rule|Evasion Moves Clause: Evasion moves are banned
|rule|Endless Battle Clause: Forcing endless battles is banned
|rule|HP Percentage Mod: HP is reported as percentages
|teampreview
|
|start
|switch|p1a: Firchhoff|Thundurus, M|299\/299
|switch|p2a: Excadrill|Excadrill, F|362\/362
|-ability|p2a: Excadrill|Mold Breaker
|-item|p2a: Excadrill|Air Balloon
|turn|1
|
|move|p1a: Firchhoff|Superpower|p2a: Excadrill
|-supereffective|p2a: Excadrill
|-damage|p2a: Excadrill|0 fnt
|-enditem|p2a: Excadrill|Air Balloon
|-unboost|p1a: Firchhoff|atk|1
|-unboost|p1a: Firchhoff|def|1
|faint|p2a: Excadrill
|
|
|switch|p2a: Latias|Latias, F|302\/302
|turn|2
|
|switch|p1a: Fianchetto|Bisharp, F|272\/272
|move|p2a: Latias|Psyshock|p1a: Fianchetto
|-immune|p1a: Fianchetto|[msg]
|
|turn|3
|
|move|p2a: Latias|Hidden Power|p1a: Fianchetto
|-supereffective|p1a: Fianchetto
|-damage|p1a: Fianchetto|0 fnt
|-damage|p2a: Latias|272\/302|[from] item: Life Orb
|faint|p1a: Fianchetto
|
|
|switch|p1a: Einstein|Conkeldurr, F|407\/407
|turn|4
|
|switch|p2a: Tentacruel|Tentacruel, F|364\/364
|move|p1a: Einstein|Knock Off|p2a: Tentacruel
|-damage|p2a: Tentacruel|235\/364
|-enditem|p2a: Tentacruel|Black Sludge|[from] move: Knock Off|[of] p1a: Einstein
|
|turn|5
|
|switch|p1a: Obi Wan|Landorus, M|320\/320
|move|p2a: Tentacruel|Sludge Bomb|p1a: Obi Wan
|-resisted|p1a: Obi Wan
|-damage|p1a: Obi Wan|272\/320
|
|turn|6
|
|move|p1a: Obi Wan|Stealth Rock|p2a: Tentacruel
|-sidestart|p2: HollowHead|move: Stealth Rock
|move|p2a: Tentacruel|Scald|p1a: Obi Wan
|-supereffective|p1a: Obi Wan
|-damage|p1a: Obi Wan|66\/320
|-status|p1a: Obi Wan|brn
|
|-damage|p1a: Obi Wan|26\/320 brn|[from] brn
|turn|7
|
|switch|p2a: Latias|Latias, F|272\/302
|-damage|p2a: Latias|235\/302|[from] Stealth Rock
|move|p1a: Obi Wan|Psychic|p2a: Latias
|-resisted|p2a: Latias
|-damage|p2a: Latias|170\/302
|
|-damage|p1a: Obi Wan|0 fnt|[from] brn
|faint|p1a: Obi Wan
|
|switch|p1a: Firchhoff|Thundurus, M|299\/299
|turn|8
|
|move|p1a: Firchhoff|Hidden Power|p2a: Latias
|-supereffective|p2a: Latias
|-damage|p2a: Latias|38\/302
|move|p2a: Latias|Draco Meteor|p1a: Firchhoff
|-damage|p1a: Firchhoff|0 fnt
|-unboost|p2a: Latias|spa|2
|-damage|p2a: Latias|8\/302|[from] item: Life Orb
|faint|p1a: Firchhoff
|
|
|switch|p1a: Back Then|Charizard, F|327\/327
|turn|9
|
|detailschange|p1a: Back Then|Charizard-Mega-X, F
|message|Charizard has Mega Evolved into Mega Charizard!
|move|p2a: Latias|Draco Meteor|p1a: Back Then
|-supereffective|p1a: Back Then
|-damage|p1a: Back Then|15\/327
|-unboost|p2a: Latias|spa|2
|-damage|p2a: Latias|0 fnt|[from] item: Life Orb
|faint|p2a: Latias
|move|p1a: Back Then|Dragon Dance|p1a: Back Then
|-boost|p1a: Back Then|atk|1
|-boost|p1a: Back Then|spe|1
|
|
|switch|p2a: Scizor|Scizor, F|344\/344
|-damage|p2a: Scizor|301\/344|[from] Stealth Rock
|turn|10
|
|switch|p1a: Jimmy Johns|Keldeo|323\/323
|move|p2a: Scizor|Bullet Punch|p1a: Jimmy Johns
|-resisted|p1a: Jimmy Johns
|-damage|p1a: Jimmy Johns|226\/323
|
|turn|11
|
|move|p2a: Scizor|Bullet Punch|p1a: Jimmy Johns
|-resisted|p1a: Jimmy Johns
|-damage|p1a: Jimmy Johns|127\/323
|move|p1a: Jimmy Johns|Scald|p2a: Scizor
|-damage|p2a: Scizor|89\/344
|-damage|p1a: Jimmy Johns|95\/323|[from] item: Life Orb
|
|turn|12
|
|switch|p1a: Einstein|Conkeldurr, F|407\/407
|move|p2a: Scizor|Bullet Punch|p1a: Einstein
|-damage|p1a: Einstein|220\/407
|
|turn|13
|
|move|p2a: Scizor|Bullet Punch|p1a: Einstein
|-damage|p1a: Einstein|42\/407
|move|p1a: Einstein|Drain Punch|p2a: Scizor
|-damage|p2a: Scizor|0 fnt
|-heal|p1a: Einstein|87\/407|[from] drain|[of] p2a: Scizor
|faint|p2a: Scizor
|
|
|switch|p2a: Tentacruel|Tentacruel, F|235\/364
|-damage|p2a: Tentacruel|190\/364|[from] Stealth Rock
|turn|14
|
|switch|p1a: Back Then|Charizard-Mega-X, F|15\/327
|move|p2a: Tentacruel|Rapid Spin|p1a: Back Then
|-damage|p1a: Back Then|4\/327
|-sideend|p2: HollowHead|Stealth Rock|[from] move: Rapid Spin|[of] p2a: Tentacruel
|
|turn|15
|
|switch|p2a: Sharpedo|Sharpedo, F|281\/281
|move|p1a: Back Then|Roost|p1a: Back Then
|-heal|p1a: Back Then|168\/327
|
|turn|16
|
|move|p1a: Back Then|Dragon Claw|p2a: Sharpedo
|-damage|p2a: Sharpedo|0 fnt
|faint|p2a: Sharpedo
|
|
|switch|p2a: Gardevoir|Gardevoir, M|278\/278
|-ability|p2a: Gardevoir|Tough Claws|[from] ability: Trace|[of] p1a: Back Then
|turn|17
|
|detailschange|p2a: Gardevoir|Gardevoir-Mega, M
|message|Gardevoir has Mega Evolved into Mega Gardevoir!
|move|p1a: Back Then|Flare Blitz|p2a: Gardevoir
|-damage|p2a: Gardevoir|0 fnt
|-damage|p1a: Back Then|76\/327|[from] recoil|[of] p2a: Gardevoir
|faint|p2a: Gardevoir
|
|
|switch|p2a: Tentacruel|Tentacruel, F|190\/364
|turn|18
|chat|HollowHead|gg
|
|move|p1a: Back Then|Dragon Claw|p2a: Tentacruel
|-damage|p2a: Tentacruel|0 fnt
|faint|p2a: Tentacruel
|
|win|chiefgatorade
|raw|Ladder updating...
|chat|chiefgatorade|gg
|raw|chiefgatorade's rating: 1167 &rarr; <strong>1187<\/strong><br \/>(+20 for winning)
|raw|HollowHead's rating: 1098 &rarr; <strong>1078<\/strong><br \/>(-20 for losing)
|leave|HollowHead
|player|p2