|join|Disfrazdetigre
|join|MB Life
|player|p1|Disfrazdetigre|267
|player|p2|MB Life|170
|gametype|singles
|gen|6
|tier|OU
|rated
|clearpoke
|poke|p1|Absol, M
|poke|p1|Landorus-Therian, M
|poke|p1|Latias, F
|poke|p1|Mienshao, F
|poke|p1|Rotom-Wash
|poke|p1|Volcarona, M
|poke|p2|Smeargle, M
|poke|p2|Scolipede, M
|poke|p2|Charizard, M, shiny
|rule|Swagger Clause: Swagger is banned
|rule|Baton Pass Clause: Limit three PokÃ©mon knowing Baton Pass
|rule|Sleep Clause Mod: Limit one foe put to sleep
|rule|Species Clause: Limit one of each PokÃ©mon
|rule|OHKO Clause: OHKO moves are banned
|rule|Moody Clause: Moody is banned
|rule|Evasion Moves Clause: Evasion moves are banned
|rule|Endless Battle Clause: Forcing endless battles is banned
|rule|HP Percentage Mod: HP is reported as percentages
|teampreview
|
|start
|switch|p1a: Mienshao|Mienshao, F|271\/271
|switch|p2a: Scolipede|Scolipede, M|282\/282
|turn|1
|
|move|p2a: Scolipede|Protect|p2a: Scolipede
|-singleturn|p2a: Scolipede|Protect
|move|p1a: Mienshao|Rock Slide|p2a: Scolipede
|-activate|p2a: Scolipede|Protect
|
|-boost|p2a: Scolipede|spe|1|[from] ability: Speed Boost
|turn|2
|
|move|p1a: Mienshao|Rock Slide|p2a: Scolipede
|-miss|p1a: Mienshao|p2a: Scolipede
|move|p2a: Scolipede|Substitute|p2a: Scolipede
|-start|p2a: Scolipede|Substitute
|-damage|p2a: Scolipede|212\/282
|
|-heal|p2a: Scolipede|229\/282|[from] item: Leftovers
|-boost|p2a: Scolipede|spe|1|[from] ability: Speed Boost
|turn|3
|
|move|p2a: Scolipede|Iron Defense|p2a: Scolipede
|-boost|p2a: Scolipede|def|2
|move|p1a: Mienshao|Rock Slide|p2a: Scolipede
|-supereffective|p2a: Scolipede
|-end|p2a: Scolipede|Substitute
|
|-heal|p2a: Scolipede|246\/282|[from] item: Leftovers
|-boost|p2a: Scolipede|spe|1|[from] ability: Speed Boost
|turn|4
|
|switch|p1a: Volcarona|Volcarona, M|312\/312
|move|p2a: Scolipede|Substitute|p2a: Scolipede
|-start|p2a: Scolipede|Substitute
|-damage|p2a: Scolipede|176\/282
|
|-heal|p2a: Scolipede|193\/282|[from] item: Leftovers
|-boost|p2a: Scolipede|spe|1|[from] ability: Speed Boost
|turn|5
|
|move|p2a: Scolipede|Baton Pass|p2a: Scolipede
|
|switch|p2a: Smeargle|Smeargle, M|314\/314
|move|p1a: Volcarona|Quiver Dance|p1a: Volcarona
|-boost|p1a: Volcarona|spa|1
|-boost|p1a: Volcarona|spd|1
|-boost|p1a: Volcarona|spe|1
|
|turn|6
|
|move|p2a: Smeargle|Spore|p1a: Volcarona
|-status|p1a: Volcarona|slp
|cant|p1a: Volcarona|slp
|
|turn|7
|
|move|p2a: Smeargle|Topsy-Turvy|p1a: Volcarona
|-invertboost|p1a: Volcarona|[from] move: Topsy-turvy
|-curestatus|p1a: Volcarona|slp
|move|p1a: Volcarona|Quiver Dance|p1a: Volcarona
|-boost|p1a: Volcarona|spa|1
|-boost|p1a: Volcarona|spd|1
|-boost|p1a: Volcarona|spe|1
|
|turn|8
|
|move|p2a: Smeargle|Spore|p1a: Volcarona
|-status|p1a: Volcarona|slp
|cant|p1a: Volcarona|slp
|
|turn|9
|chat|Disfrazdetigre|that damn miss -.-
|
|move|p2a: Smeargle|Belly Drum|p2a: Smeargle
|-damage|p2a: Smeargle|157\/314
|-setboost|p2a: Smeargle|atk|6|[from] move: Belly Drum
|-enditem|p2a: Smeargle|Sitrus Berry|[eat]
|-heal|p2a: Smeargle|235\/314|[from] item: Sitrus Berry
|cant|p1a: Volcarona|slp
|
|turn|10
|
|move|p2a: Smeargle|Baton Pass|p2a: Smeargle
|
|switch|p2a: Charizard|Charizard, M, shiny|360\/360
|-curestatus|p1a: Volcarona|slp
|move|p1a: Volcarona|Giga Drain|p2a: Charizard
|-crit|p2a: Charizard
|-resisted|p2a: Charizard
|-activate|p2a: Charizard|Substitute|[damage]
|
|turn|11
|
|switch|p1a: Landorus-Therian|Landorus-Therian, M|382\/382
|-activate|p2a: Charizard|Substitute|ability: Intimidate|[of] p1a: Landorus-Therian
|detailschange|p2a: Charizard|Charizard-Mega-X, M, shiny
|message|Charizard has Mega Evolved into Mega Charizard!
|move|p2a: Charizard|Acrobatics|p1a: Landorus-Therian
|-crit|p1a: Landorus-Therian
|-damage|p1a: Landorus-Therian|0 fnt
|faint|p1a: Landorus-Therian
|
|
|switch|p1a: Rotom-Wash|Rotom-Wash|304\/304
|turn|12
|
|move|p2a: Charizard|Dragon Claw|p1a: Rotom-Wash
|-damage|p1a: Rotom-Wash|0 fnt
|faint|p1a: Rotom-Wash
|
|chat|Disfrazdetigre|why intimidate didnt make effect?
|chat|MB Life|Substitute -3-
|chat|Disfrazdetigre|subtitute covers it?
|
|switch|p1a: Volcarona|Volcarona, M|312\/312
|turn|13
|
|move|p2a: Charizard|Acrobatics|p1a: Volcarona
|-supereffective|p1a: Volcarona
|-damage|p1a: Volcarona|0 fnt
|faint|p1a: Volcarona
|
|
|switch|p1a: Absol|Absol, M|271\/271
|turn|14
|chat|MB Life|yes -3-
|-message|Disfrazdetigre forfeited.
|
|win|MB Life
|raw|Ladder updating...
|
|leave|Disfrazdetigre
|player|p1
|raw|Disfrazdetigre's rating: 1386 &rarr; <strong>1369<\/strong><br \/>(-17 for losing)
|raw|MB Life's rating: 1432 &rarr; <strong>1450<\/strong><br \/>(+18 for winning)