|join|Giorgans
|join|Disfrazdetigre
|player|p1|Giorgans|265
|player|p2|Disfrazdetigre|267
|gametype|singles
|gen|6
|tier|OU
|rated
|clearpoke
|poke|p1|Gyarados, M
|poke|p1|Latios, M
|poke|p1|Excadrill, M
|poke|p1|Thundurus, M
|poke|p1|Breloom, F
|poke|p1|Heatran, F
|poke|p2|Absol, F
|poke|p2|Landorus-Therian, M
|poke|p2|Latias, F
|poke|p2|Mienshao, F
|poke|p2|Rotom-Wash
|poke|p2|Volcarona, M
|rule|Swagger Clause: Swagger is banned
|rule|Baton Pass Clause: Limit three PokÃ©mon knowing Baton Pass
|rule|Sleep Clause Mod: Limit one foe put to sleep
|rule|Species Clause: Limit one of each PokÃ©mon
|rule|OHKO Clause: OHKO moves are banned
|rule|Moody Clause: Moody is banned
|rule|Evasion Moves Clause: Evasion moves are banned
|rule|Endless Battle Clause: Forcing endless battles is banned
|rule|HP Percentage Mod: HP is reported as percentages
|teampreview
|
|start
|switch|p1a: Breloom|Breloom, F|261\/261
|switch|p2a: Rotom-Wash|Rotom-Wash|304\/304
|turn|1
|
|move|p1a: Breloom|Spore|p2a: Rotom-Wash
|-status|p2a: Rotom-Wash|slp
|cant|p2a: Rotom-Wash|slp
|
|turn|2
|
|switch|p2a: Volcarona|Volcarona, M|312\/312
|move|p1a: Breloom|Rock Tomb|p2a: Volcarona
|-supereffective|p2a: Volcarona
|-damage|p2a: Volcarona|0 fnt
|faint|p2a: Volcarona
|
|
|switch|p2a: Latias|Latias, F|342\/342
|turn|3
|
|switch|p2a: Mienshao|Mienshao, F|271\/271
|switch|p1a: Gyarados|Gyarados, M|331\/331
|-ability|p1a: Gyarados|Intimidate|[of] p2a: Mienshao
|-unboost|p2a: Mienshao|atk|1
|
|turn|4
|
|detailschange|p1a: Gyarados|Gyarados-Mega, M
|message|Gyarados has Mega Evolved into Mega Gyarados!
|-ability|p1a: Gyarados|Mold Breaker
|move|p2a: Mienshao|U-turn|p1a: Gyarados
|-supereffective|p1a: Gyarados
|-damage|p1a: Gyarados|233\/331
|
|switch|p2a: Landorus-Therian|Landorus-Therian, M|382\/382
|-ability|p2a: Landorus-Therian|Intimidate|[of] p1a: Gyarados
|-unboost|p1a: Gyarados|atk|1
|move|p1a: Gyarados|Substitute|p1a: Gyarados
|-start|p1a: Gyarados|Substitute
|-damage|p1a: Gyarados|151\/331
|
|turn|5
|
|move|p1a: Gyarados|Dragon Dance|p1a: Gyarados
|-boost|p1a: Gyarados|atk|1
|-boost|p1a: Gyarados|spe|1
|move|p2a: Landorus-Therian|Earthquake|p1a: Gyarados
|-end|p1a: Gyarados|Substitute
|
|turn|6
|
|move|p1a: Gyarados|Waterfall|p2a: Landorus-Therian
|-supereffective|p2a: Landorus-Therian
|-damage|p2a: Landorus-Therian|106\/382
|move|p2a: Landorus-Therian|Earthquake|p1a: Gyarados
|-damage|p1a: Gyarados|0 fnt
|faint|p1a: Gyarados
|
|-heal|p2a: Landorus-Therian|129\/382|[from] item: Leftovers
|
|switch|p1a: Thundurus|Thundurus, M|300\/300
|turn|7
|
|switch|p2a: Latias|Latias, F|342\/342
|move|p1a: Thundurus|Hidden Power|p2a: Latias
|-supereffective|p2a: Latias
|-damage|p2a: Latias|202\/342
|-damage|p1a: Thundurus|270\/300|[from] item: Life Orb
|
|-heal|p2a: Latias|223\/342|[from] item: Leftovers
|turn|8
|
|switch|p1a: Heatran|Heatran, F|385\/385
|move|p2a: Latias|Recover|p2a: Latias
|-heal|p2a: Latias|342\/342
|
|turn|9
|
|switch|p2a: Rotom-Wash|Rotom-Wash|304\/304 slp
|move|p1a: Heatran|Toxic|p2a: Rotom-Wash|[miss]
|-miss|p1a: Heatran|p2a: Rotom-Wash
|
|turn|10
|
|switch|p1a: Excadrill|Excadrill, M|391\/391
|-ability|p1a: Excadrill|Mold Breaker
|cant|p2a: Rotom-Wash|slp
|
|turn|11
|
|switch|p2a: Landorus-Therian|Landorus-Therian, M|129\/382
|-ability|p2a: Landorus-Therian|Intimidate|[of] p1a: Excadrill
|-unboost|p1a: Excadrill|atk|1
|move|p1a: Excadrill|Earthquake|p2a: Landorus-Therian
|-immune|p2a: Landorus-Therian|[msg]
|
|-heal|p2a: Landorus-Therian|152\/382|[from] item: Leftovers
|turn|12
|
|switch|p1a: Latios|Latios, M|302\/302
|move|p2a: Landorus-Therian|U-turn|p1a: Latios
|-supereffective|p1a: Latios
|-damage|p1a: Latios|128\/302
|
|switch|p2a: Absol|Absol, F|271\/271
|
|turn|13
|
|switch|p1a: Breloom|Breloom, F|261\/261
|detailschange|p2a: Absol|Absol-Mega, F
|message|Absol has Mega Evolved into Mega Absol!
|move|p2a: Absol|Sucker Punch|p1a: Breloom
|-fail|p1a: Breloom
|
|turn|14
|
|switch|p2a: Latias|Latias, F|342\/342
|move|p1a: Breloom|Mach Punch|p2a: Latias
|-resisted|p2a: Latias
|-damage|p2a: Latias|283\/342
|
|-heal|p2a: Latias|304\/342|[from] item: Leftovers
|turn|15
|
|switch|p1a: Heatran|Heatran, F|385\/385
|move|p2a: Latias|Psyshock|p1a: Heatran
|-resisted|p1a: Heatran
|-damage|p1a: Heatran|335\/385
|
|-heal|p2a: Latias|325\/342|[from] item: Leftovers
|turn|16
|
|switch|p2a: Rotom-Wash|Rotom-Wash|304\/304 slp
|move|p1a: Heatran|Lava Plume|p2a: Rotom-Wash
|-resisted|p2a: Rotom-Wash
|-damage|p2a: Rotom-Wash|248\/304 slp
|
|turn|17
|
|-curestatus|p2a: Rotom-Wash|slp
|move|p2a: Rotom-Wash|Hydro Pump|p1a: Heatran
|-supereffective|p1a: Heatran
|-damage|p1a: Heatran|23\/385
|move|p1a: Heatran|Roar|p2a: Rotom-Wash
|drag|p2a: Landorus-Therian|Landorus-Therian, M|152\/382
|-ability|p2a: Landorus-Therian|Intimidate|[of] p1a: Heatran
|-unboost|p1a: Heatran|atk|1
|
|-heal|p2a: Landorus-Therian|175\/382|[from] item: Leftovers
|turn|18
|
|switch|p2a: Rotom-Wash|Rotom-Wash|248\/304
|move|p1a: Heatran|Toxic|p2a: Rotom-Wash
|-status|p2a: Rotom-Wash|tox
|
|-damage|p2a: Rotom-Wash|229\/304 tox|[from] psn
|turn|19
|
|move|p1a: Heatran|Protect|p1a: Heatran
|-singleturn|p1a: Heatran|Protect
|move|p2a: Rotom-Wash|Trick|p1a: Heatran
|-activate|p1a: Heatran|Protect
|
|-damage|p2a: Rotom-Wash|191\/304 tox|[from] psn
|turn|20
|
|switch|p2a: Latias|Latias, F|325\/342
|move|p1a: Heatran|Protect|p1a: Heatran
|-fail|p1a: Heatran
|
|-heal|p2a: Latias|342\/342|[from] item: Leftovers
|turn|21
|
|move|p2a: Latias|Psyshock|p1a: Heatran
|-resisted|p1a: Heatran
|-damage|p1a: Heatran|0 fnt
|faint|p1a: Heatran
|
|
|switch|p1a: Latios|Latios, M|128\/302
|turn|22
|
|switch|p2a: Landorus-Therian|Landorus-Therian, M|175\/382
|-ability|p2a: Landorus-Therian|Intimidate|[of] p1a: Latios
|-unboost|p1a: Latios|atk|1
|move|p1a: Latios|Draco Meteor|p2a: Landorus-Therian
|-damage|p2a: Landorus-Therian|0 fnt
|-unboost|p1a: Latios|spa|2
|faint|p2a: Landorus-Therian
|
|
|switch|p2a: Absol|Absol-Mega, F|271\/271
|turn|23
|
|switch|p1a: Breloom|Breloom, F|261\/261
|move|p2a: Absol|Knock Off|p1a: Breloom
|-resisted|p1a: Breloom
|-damage|p1a: Breloom|136\/261
|-enditem|p1a: Breloom|Focus Sash|[from] move: Knock Off|[of] p2a: Absol
|
|turn|24
|
|move|p1a: Breloom|Mach Punch|p2a: Absol
|-supereffective|p2a: Absol
|-damage|p2a: Absol|0 fnt
|faint|p2a: Absol
|
|
|switch|p2a: Latias|Latias, F|342\/342
|turn|25
|
|switch|p1a: Latios|Latios, M|128\/302
|move|p2a: Latias|Ice Beam|p1a: Latios
|-supereffective|p1a: Latios
|-damage|p1a: Latios|0 fnt
|faint|p1a: Latios
|
|
|switch|p1a: Thundurus|Thundurus, M|270\/300
|turn|26
|
|move|p1a: Thundurus|Hidden Power|p2a: Latias
|-supereffective|p2a: Latias
|-damage|p2a: Latias|209\/342
|-damage|p1a: Thundurus|240\/300|[from] item: Life Orb
|move|p2a: Latias|Ice Beam|p1a: Thundurus
|-supereffective|p1a: Thundurus
|-damage|p1a: Thundurus|34\/300
|
|-heal|p2a: Latias|230\/342|[from] item: Leftovers
|turn|27
|
|move|p1a: Thundurus|Hidden Power|p2a: Latias
|-supereffective|p2a: Latias
|-damage|p2a: Latias|77\/342
|-damage|p1a: Thundurus|4\/300|[from] item: Life Orb
|move|p2a: Latias|Recover|p2a: Latias
|-heal|p2a: Latias|248\/342
|
|-heal|p2a: Latias|269\/342|[from] item: Leftovers
|turn|28
|
|move|p1a: Thundurus|Hidden Power|p2a: Latias
|-supereffective|p2a: Latias
|-damage|p2a: Latias|116\/342
|-damage|p1a: Thundurus|0 fnt|[from] item: Life Orb
|faint|p1a: Thundurus
|move|p2a: Latias|Recover|p2a: Latias
|-heal|p2a: Latias|287\/342
|
|-heal|p2a: Latias|308\/342|[from] item: Leftovers
|
|switch|p1a: Excadrill|Excadrill, M|391\/391
|-ability|p1a: Excadrill|Mold Breaker
|turn|29
|
|switch|p2a: Rotom-Wash|Rotom-Wash|191\/304 tox
|move|p1a: Excadrill|Earthquake|p2a: Rotom-Wash
|-supereffective|p2a: Rotom-Wash
|-damage|p2a: Rotom-Wash|0 fnt
|faint|p2a: Rotom-Wash
|
|
|switch|p2a: Mienshao|Mienshao, F|271\/271
|turn|30
|
|move|p2a: Mienshao|High Jump Kick|p1a: Excadrill
|-supereffective|p1a: Excadrill
|-damage|p1a: Excadrill|0 fnt
|faint|p1a: Excadrill
|
|
|switch|p1a: Breloom|Breloom, F|136\/261
|turn|31
|chat|Disfrazdetigre|nice match
|
|move|p1a: Breloom|Mach Punch|p2a: Mienshao
|-crit|p2a: Mienshao
|-damage|p2a: Mienshao|43\/271
|move|p2a: Mienshao|High Jump Kick|p1a: Breloom
|-damage|p1a: Breloom|0 fnt
|faint|p1a: Breloom
|
|win|Disfrazdetigre
|raw|Ladder updating...
|raw|Giorgans's rating: 1353 &rarr; <strong>1330<\/strong><br \/>(-23 for losing)
|raw|Disfrazdetigre's rating: 1307 &rarr; <strong>1329<\/strong><br \/>(+22 for winning)
|chat|Giorgans|gg
|chat|Disfrazdetigre|gg
|leave|Giorgans
|player|p1