|join|gauchoninja
|join|disfrazdetigre
|player|p1|gauchoninja|99
|player|p2|disfrazdetigre|2
|gametype|singles
|gen|6
|tier|OU (suspect test)
|rated
|clearpoke
|poke|p1|Latios, M
|poke|p1|Bisharp, F
|poke|p1|Talonflame, F
|poke|p1|Donphan, M
|poke|p1|Whimsicott, F
|poke|p1|Accelgor, F
|poke|p2|Beedrill, M
|poke|p2|Landorus-Therian, M
|poke|p2|Magnezone
|poke|p2|Tornadus-Therian, M
|poke|p2|Hawlucha, M
|poke|p2|Tentacruel, F
|rule|Swagger Clause: Swagger is banned
|rule|Baton Pass Clause: Limit one PokÃ©mon knowing Baton Pass
|rule|Sleep Clause Mod: Limit one foe put to sleep
|rule|Species Clause: Limit one of each PokÃ©mon
|rule|OHKO Clause: OHKO moves are banned
|rule|Moody Clause: Moody is banned
|rule|Evasion Moves Clause: Evasion moves are banned
|rule|Endless Battle Clause: Forcing endless battles is banned
|rule|HP Percentage Mod: HP is shown in percentages
|teampreview
|
|start
|switch|p1a: Accelgor|Accelgor, F|364\/364
|switch|p2a: Beedrill|Beedrill, M|271\/271
|turn|1
|
|switch|p1a: Fawkes|Talonflame, F|297\/297
|detailschange|p2a: Beedrill|Beedrill-Mega, M
|-mega|p2a: Beedrill|Beedrill|Beedrillite
|move|p2a: Beedrill|U-turn|p1a: Fawkes
|-resisted|p1a: Fawkes
|-damage|p1a: Fawkes|226\/297
|
|switch|p2a: Landorus-Therian|Landorus-Therian, M|370\/370
|-ability|p2a: Landorus-Therian|Intimidate|[of] p1a: Fawkes
|-unboost|p1a: Fawkes|atk|1
|
|turn|2
|
|switch|p1a: DanteLefante|Donphan, M|383\/383
|move|p2a: Landorus-Therian|U-turn|p1a: DanteLefante
|-damage|p1a: DanteLefante|315\/383
|-damage|p2a: Landorus-Therian|309\/370|[from] item: Rocky Helmet|[of] p1a: DanteLefante
|
|switch|p2a: Tentacruel|Tentacruel, F|301\/301
|
|turn|3
|
|move|p2a: Tentacruel|Scald|p1a: DanteLefante
|-supereffective|p1a: DanteLefante
|-damage|p1a: DanteLefante|0 fnt
|faint|p1a: DanteLefante
|
|
|switch|p1a: Ryuuji|Latios, M|301\/301
|turn|4
|
|switch|p2a: Magnezone|Magnezone|281\/281
|detailschange|p1a: Ryuuji|Latios-Mega, M
|-mega|p1a: Ryuuji|Latios|Latiosite
|move|p1a: Ryuuji|Dragon Dance|p1a: Ryuuji
|-boost|p1a: Ryuuji|atk|1
|-boost|p1a: Ryuuji|spe|1
|
|turn|5
|
|move|p1a: Ryuuji|Earthquake|p2a: Magnezone
|-supereffective|p2a: Magnezone
|-damage|p2a: Magnezone|0 fnt
|faint|p2a: Magnezone
|
|
|switch|p2a: Landorus-Therian|Landorus-Therian, M|309\/370
|-ability|p2a: Landorus-Therian|Intimidate|[of] p1a: Ryuuji
|-unboost|p1a: Ryuuji|atk|1
|turn|6
|
|move|p1a: Ryuuji|Zen Headbutt|p2a: Landorus-Therian
|-damage|p2a: Landorus-Therian|185\/370
|cant|p2a: Landorus-Therian|flinch
|
|-heal|p2a: Landorus-Therian|208\/370|[from] item: Leftovers
|turn|7
|
|move|p1a: Ryuuji|Zen Headbutt|p2a: Landorus-Therian
|-damage|p2a: Landorus-Therian|73\/370
|cant|p2a: Landorus-Therian|flinch
|
|-heal|p2a: Landorus-Therian|96\/370|[from] item: Leftovers
|turn|8
|c|âgauchoninja|sorry
|c|âdisfrazdetigre|well
|c|âdisfrazdetigre|gg
|
|move|p1a: Ryuuji|Dragon Claw|p2a: Landorus-Therian
|-damage|p2a: Landorus-Therian|0 fnt
|faint|p2a: Landorus-Therian
|
|
|switch|p2a: Beedrill|Beedrill-Mega, M|271\/271
|turn|9
|
|move|p1a: Ryuuji|Zen Headbutt|p2a: Beedrill
|-supereffective|p2a: Beedrill
|-damage|p2a: Beedrill|0 fnt
|faint|p2a: Beedrill
|
|
|switch|p2a: Tornadus-Therian|Tornadus-Therian, M|299\/299
|turn|10
|
|move|p1a: Ryuuji|Dragon Claw|p2a: Tornadus-Therian
|-damage|p2a: Tornadus-Therian|112\/299
|move|p2a: Tornadus-Therian|Toxic|p1a: Ryuuji
|-status|p1a: Ryuuji|tox
|
|-damage|p1a: Ryuuji|283\/301 tox|[from] psn
|turn|11
|
|move|p1a: Ryuuji|Dragon Claw|p2a: Tornadus-Therian
|-damage|p2a: Tornadus-Therian|0 fnt
|faint|p2a: Tornadus-Therian
|
|-damage|p1a: Ryuuji|247\/301 tox|[from] psn
|
|switch|p2a: Hawlucha|Hawlucha, M|360\/360
|turn|12
|
|move|p1a: Ryuuji|Zen Headbutt|p2a: Hawlucha
|-supereffective|p2a: Hawlucha
|-damage|p2a: Hawlucha|0 fnt
|faint|p2a: Hawlucha
|
|-damage|p1a: Ryuuji|193\/301 tox|[from] psn
|
|switch|p2a: Tentacruel|Tentacruel, F|301\/301
|turn|13
|
|move|p1a: Ryuuji|Zen Headbutt|p2a: Tentacruel
|-crit|p2a: Tentacruel
|-supereffective|p2a: Tentacruel
|-damage|p2a: Tentacruel|0 fnt
|faint|p2a: Tentacruel
|
|win|gauchoninja
|raw|Ladder updating...
|raw|gauchoninja's rating: 1304 &rarr; <strong>1320<\/strong><br \/>(+16 for winning)
|raw|disfrazdetigre's rating: 1235 &rarr; <strong>1215<\/strong><br \/>(-20 for losing)
|c|âgauchoninja|gg
|leave|disfrazdetigre
|player|p2
|c|âgauchoninja|Note: The double-flinch was very lucky and definitely mattered. Even without it though, I believe I could have survived one (and only one) U-turn from Landorus, esp. since it seemed to be the Defensive variant of Landorus