|join|disfrazdetigre
|join|MR HYZ
|player|p1|disfrazdetigre|2
|player|p2|MR HYZ|101
|gametype|singles
|gen|6
|tier|OU (suspect test)
|rated
|clearpoke
|poke|p1|Steelix, F
|poke|p1|Tyranitar, F
|poke|p1|Clefable, M
|poke|p1|Slowbro, F
|poke|p1|Bisharp, M
|poke|p1|Whimsicott, F
|poke|p2|Sableye, M
|poke|p2|Gyarados, F, shiny
|poke|p2|Nidoking, M
|poke|p2|Talonflame, F
|poke|p2|Breloom, M
|poke|p2|Skarmory, M
|rule|Swagger Clause: Swagger is banned
|rule|Baton Pass Clause: Limit one PokÃ©mon knowing Baton Pass
|rule|Sleep Clause Mod: Limit one foe put to sleep
|rule|Species Clause: Limit one of each PokÃ©mon
|rule|OHKO Clause: OHKO moves are banned
|rule|Moody Clause: Moody is banned
|rule|Evasion Moves Clause: Evasion moves are banned
|rule|Endless Battle Clause: Forcing endless battles is banned
|rule|HP Percentage Mod: HP is shown in percentages
|teampreview
|
|start
|switch|p1a: Slowbro|Slowbro, F|393\/393
|switch|p2a: GodzillA|Nidoking, M|303\/303
|turn|1
|
|move|p2a: GodzillA|Thunderbolt|p1a: Slowbro
|-supereffective|p1a: Slowbro
|-damage|p1a: Slowbro|146\/393
|move|p1a: Slowbro|Scald|p2a: GodzillA
|-supereffective|p2a: GodzillA
|-damage|p2a: GodzillA|0 fnt
|faint|p2a: GodzillA
|
|
|switch|p2a: DarK SticH|Sableye, M|241\/241
|turn|2
|
|move|p2a: DarK SticH|Taunt|p1a: Slowbro
|-start|p1a: Slowbro|move: Taunt
|move|p1a: Slowbro|Scald|p2a: DarK SticH
|-damage|p2a: DarK SticH|108\/241
|
|turn|3
|
|switch|p2a: MegA ShrimP|Gyarados, F, shiny|361\/361
|-ability|p2a: MegA ShrimP|Intimidate|[of] p1a: Slowbro
|-unboost|p1a: Slowbro|atk|1
|move|p1a: Slowbro|Scald|p2a: MegA ShrimP
|-resisted|p2a: MegA ShrimP
|-damage|p2a: MegA ShrimP|297\/361
|
|turn|4
|
|switch|p1a: Whimsicott|Whimsicott, F|323\/323
|detailschange|p2a: MegA ShrimP|Gyarados-Mega, F, shiny
|-mega|p2a: MegA ShrimP|Gyarados|Gyaradosite
|-ability|p2a: MegA ShrimP|Mold Breaker
|move|p2a: MegA ShrimP|Substitute|p2a: MegA ShrimP
|-start|p2a: MegA ShrimP|Substitute
|-damage|p2a: MegA ShrimP|207\/361
|
|turn|5
|
|move|p1a: Whimsicott|Taunt|p2a: MegA ShrimP
|-start|p2a: MegA ShrimP|move: Taunt
|move|p2a: MegA ShrimP|Waterfall|p1a: Whimsicott
|-crit|p1a: Whimsicott
|-resisted|p1a: Whimsicott
|-damage|p1a: Whimsicott|244\/323
|
|-heal|p1a: Whimsicott|264\/323|[from] item: Leftovers
|turn|6
|
|switch|p1a: Slowbro|Slowbro, F|277\/393
|move|p2a: MegA ShrimP|Waterfall|p1a: Slowbro
|-resisted|p1a: Slowbro
|-damage|p1a: Slowbro|211\/393
|
|turn|7
|
|switch|p1a: Tyranitar|Tyranitar, F|404\/404
|-weather|Sandstorm
|move|p2a: MegA ShrimP|Crunch|p1a: Tyranitar
|-resisted|p1a: Tyranitar
|-damage|p1a: Tyranitar|344\/404
|
|-weather|Sandstorm|[upkeep]
|-damage|p2a: MegA ShrimP|185\/361|[from] sandstorm
|-heal|p1a: Tyranitar|369\/404|[from] item: Leftovers
|-end|p2a: MegA ShrimP|move: Taunt
|turn|8
|
|switch|p1a: Whimsicott|Whimsicott, F|264\/323
|move|p2a: MegA ShrimP|Dragon Dance|p2a: MegA ShrimP
|-boost|p2a: MegA ShrimP|atk|1
|-boost|p2a: MegA ShrimP|spe|1
|
|-weather|Sandstorm|[upkeep]
|-damage|p2a: MegA ShrimP|163\/361|[from] sandstorm
|-damage|p1a: Whimsicott|244\/323|[from] sandstorm
|-heal|p1a: Whimsicott|264\/323|[from] item: Leftovers
|turn|9
|
|move|p1a: Whimsicott|Taunt|p2a: MegA ShrimP
|-start|p2a: MegA ShrimP|move: Taunt
|move|p2a: MegA ShrimP|Waterfall|p1a: Whimsicott
|-resisted|p1a: Whimsicott
|-damage|p1a: Whimsicott|174\/323
|
|-weather|Sandstorm|[upkeep]
|-damage|p2a: MegA ShrimP|141\/361|[from] sandstorm
|-damage|p1a: Whimsicott|154\/323|[from] sandstorm
|-heal|p1a: Whimsicott|174\/323|[from] item: Leftovers
|turn|10
|
|move|p1a: Whimsicott|Substitute|p1a: Whimsicott
|-start|p1a: Whimsicott|Substitute
|-damage|p1a: Whimsicott|94\/323
|move|p2a: MegA ShrimP|Waterfall|p1a: Whimsicott
|-resisted|p1a: Whimsicott
|-end|p1a: Whimsicott|Substitute
|
|-weather|Sandstorm|[upkeep]
|-damage|p2a: MegA ShrimP|119\/361|[from] sandstorm
|-damage|p1a: Whimsicott|74\/323|[from] sandstorm
|-heal|p1a: Whimsicott|94\/323|[from] item: Leftovers
|turn|11
|
|switch|p1a: Slowbro|Slowbro, F|342\/393
|move|p2a: MegA ShrimP|Waterfall|p1a: Slowbro
|-resisted|p1a: Slowbro
|-damage|p1a: Slowbro|249\/393
|
|-weather|none
|-end|p2a: MegA ShrimP|move: Taunt
|turn|12
|
|move|p2a: MegA ShrimP|Dragon Dance|p2a: MegA ShrimP
|-boost|p2a: MegA ShrimP|atk|1
|-boost|p2a: MegA ShrimP|spe|1
|move|p1a: Slowbro|Scald|p2a: MegA ShrimP
|-resisted|p2a: MegA ShrimP
|-activate|p2a: MegA ShrimP|Substitute|[damage]
|
|turn|13
|
|switch|p1a: Tyranitar|Tyranitar, F|369\/404
|-weather|Sandstorm
|move|p2a: MegA ShrimP|Crunch|p1a: Tyranitar
|-resisted|p1a: Tyranitar
|-damage|p1a: Tyranitar|248\/404
|-unboost|p1a: Tyranitar|def|1
|
|-weather|Sandstorm|[upkeep]
|-damage|p2a: MegA ShrimP|97\/361|[from] sandstorm
|-heal|p1a: Tyranitar|273\/404|[from] item: Leftovers
|turn|14
|
|switch|p1a: Slowbro|Slowbro, F|380\/393
|move|p2a: MegA ShrimP|Dragon Dance|p2a: MegA ShrimP
|-boost|p2a: MegA ShrimP|atk|1
|-boost|p2a: MegA ShrimP|spe|1
|
|-weather|Sandstorm|[upkeep]
|-damage|p2a: MegA ShrimP|75\/361|[from] sandstorm
|-damage|p1a: Slowbro|356\/393|[from] sandstorm
|turn|15
|
|move|p2a: MegA ShrimP|Crunch|p1a: Slowbro
|-supereffective|p1a: Slowbro
|-damage|p1a: Slowbro|0 fnt
|faint|p1a: Slowbro
|
|-weather|Sandstorm|[upkeep]
|-damage|p2a: MegA ShrimP|53\/361|[from] sandstorm
|
|switch|p1a: Clefable|Clefable, M|394\/394
|turn|16
|
|move|p2a: MegA ShrimP|Waterfall|p1a: Clefable
|-damage|p1a: Clefable|0 fnt
|faint|p1a: Clefable
|
|-weather|Sandstorm|[upkeep]
|-damage|p2a: MegA ShrimP|31\/361|[from] sandstorm
|
|switch|p1a: Whimsicott|Whimsicott, F|94\/323
|turn|17
|
|move|p1a: Whimsicott|Substitute|p1a: Whimsicott
|-start|p1a: Whimsicott|Substitute
|-damage|p1a: Whimsicott|14\/323
|move|p2a: MegA ShrimP|Waterfall|p1a: Whimsicott
|-resisted|p1a: Whimsicott
|-end|p1a: Whimsicott|Substitute
|
|-weather|none
|-heal|p1a: Whimsicott|34\/323|[from] item: Leftovers
|turn|18
|c|âMR HYZ|ja maldita tormenta asquerosa
|
|switch|p1a: Tyranitar|Tyranitar, F|273\/404
|-weather|Sandstorm
|move|p2a: MegA ShrimP|Waterfall|p1a: Tyranitar
|-supereffective|p1a: Tyranitar
|-damage|p1a: Tyranitar|0 fnt
|faint|p1a: Tyranitar
|
|-weather|Sandstorm|[upkeep]
|-damage|p2a: MegA ShrimP|9\/361|[from] sandstorm
|c|âdisfrazdetigre|xD
|
|switch|p1a: Whimsicott|Whimsicott, F|34\/323
|turn|19
|
|move|p1a: Whimsicott|Stun Spore|p2a: MegA ShrimP
|move|p2a: MegA ShrimP|Waterfall|p1a: Whimsicott
|-resisted|p1a: Whimsicott
|-damage|p1a: Whimsicott|0 fnt
|faint|p1a: Whimsicott
|
|-weather|Sandstorm|[upkeep]
|-damage|p2a: MegA ShrimP|0 fnt|[from] sandstorm
|faint|p2a: MegA ShrimP
|c|âMR HYZ|me llevo a tus poke conmigo
|
|switch|p2a: DarK SticH|Sableye, M|108\/241
|switch|p1a: Steelix|Steelix, F|353\/353
|turn|20
|
|detailschange|p1a: Steelix|Steelix-Mega, F
|-mega|p1a: Steelix|Steelix|Steelixite
|move|p2a: DarK SticH|Will-O-Wisp|p1a: Steelix
|-status|p1a: Steelix|brn
|move|p1a: Steelix|Earthquake|p2a: DarK SticH
|-damage|p2a: DarK SticH|15\/241
|
|-weather|Sandstorm|[upkeep]
|-damage|p2a: DarK SticH|0 fnt|[from] sandstorm
|-damage|p1a: Steelix|309\/353 brn|[from] brn
|faint|p2a: DarK SticH
|
|switch|p2a: Skarmory|Skarmory, M|333\/333
|turn|21
|
|move|p2a: Skarmory|Stealth Rock|p1a: Steelix
|-sidestart|p1: disfrazdetigre|move: Stealth Rock
|move|p1a: Steelix|Curse|p1a: Steelix
|-boost|p1a: Steelix|atk|1
|-boost|p1a: Steelix|def|1
|-unboost|p1a: Steelix|spe|1
|
|-weather|Sandstorm|[upkeep]
|-damage|p1a: Steelix|265\/353 brn|[from] brn
|turn|22
|
|move|p1a: Steelix|Curse|p1a: Steelix
|-boost|p1a: Steelix|atk|1
|-boost|p1a: Steelix|def|1
|-unboost|p1a: Steelix|spe|1
|move|p2a: Skarmory|Whirlwind|p1a: Steelix
|drag|p1a: Bisharp|Bisharp, M|272\/272
|-damage|p1a: Bisharp|255\/272|[from] Stealth Rock
|
|-weather|none
|turn|23
|
|move|p1a: Bisharp|Knock Off|p2a: Skarmory
|-damage|p2a: Skarmory|215\/333
|-damage|p1a: Bisharp|210\/272|[from] item: Rocky Helmet|[of] p2a: Skarmory
|-enditem|p2a: Skarmory|Rocky Helmet|[from] move: Knock Off|[of] p1a: Bisharp
|move|p2a: Skarmory|Stealth Rock|p1a: Bisharp
|-fail|p1a: Bisharp
|
|turn|24
|
|move|p1a: Bisharp|Swords Dance|p1a: Bisharp
|-boost|p1a: Bisharp|atk|2
|move|p2a: Skarmory|Whirlwind|p1a: Bisharp
|drag|p1a: Steelix|Steelix-Mega, F|265\/353 brn
|-damage|p1a: Steelix|254\/353 brn|[from] Stealth Rock
|
|-damage|p1a: Steelix|210\/353 brn|[from] brn
|turn|25
|
|move|p1a: Steelix|Earthquake|p2a: Skarmory
|-immune|p2a: Skarmory|[msg]
|move|p2a: Skarmory|Whirlwind|p1a: Steelix
|drag|p1a: Bisharp|Bisharp, M|210\/272
|-damage|p1a: Bisharp|193\/272|[from] Stealth Rock
|
|turn|26
|
|move|p1a: Bisharp|Knock Off|p2a: Skarmory
|-damage|p2a: Skarmory|128\/333
|move|p2a: Skarmory|Whirlwind|p1a: Bisharp
|drag|p1a: Steelix|Steelix-Mega, F|210\/353 brn
|-damage|p1a: Steelix|199\/353 brn|[from] Stealth Rock
|
|-damage|p1a: Steelix|155\/353 brn|[from] brn
|turn|27
|c|âMR HYZ|esto es por la tormenta de arena
|
|move|p1a: Steelix|Earthquake|p2a: Skarmory
|-immune|p2a: Skarmory|[msg]
|move|p2a: Skarmory|Whirlwind|p1a: Steelix
|drag|p1a: Bisharp|Bisharp, M|193\/272
|-damage|p1a: Bisharp|176\/272|[from] Stealth Rock
|
|turn|28
|
|move|p1a: Bisharp|Iron Head|p2a: Skarmory
|-resisted|p2a: Skarmory
|-damage|p2a: Skarmory|74\/333
|move|p2a: Skarmory|Whirlwind|p1a: Bisharp
|drag|p1a: Steelix|Steelix-Mega, F|155\/353 brn
|-damage|p1a: Steelix|144\/353 brn|[from] Stealth Rock
|
|-damage|p1a: Steelix|100\/353 brn|[from] brn
|turn|29
|
|move|p1a: Steelix|Earthquake|p2a: Skarmory
|-immune|p2a: Skarmory|[msg]
|move|p2a: Skarmory|Whirlwind|p1a: Steelix
|drag|p1a: Bisharp|Bisharp, M|176\/272
|-damage|p1a: Bisharp|159\/272|[from] Stealth Rock
|
|turn|30
|
|move|p1a: Bisharp|Knock Off|p2a: Skarmory
|-crit|p2a: Skarmory
|-damage|p2a: Skarmory|0 fnt
|faint|p2a: Skarmory
|
|c|âMR HYZ|casi hago defog
|c|âMR HYZ|XD
|
|switch|p2a: ToaD|Breloom, M|261\/261
|turn|31
|
|move|p2a: ToaD|Mach Punch|p1a: Bisharp
|-supereffective|p1a: Bisharp
|-damage|p1a: Bisharp|0 fnt
|faint|p1a: Bisharp
|
|
|switch|p1a: Steelix|Steelix-Mega, F|100\/353 brn
|-damage|p1a: Steelix|89\/353 brn|[from] Stealth Rock
|turn|32
|c|âMR HYZ|GG
|
|move|p2a: ToaD|Mach Punch|p1a: Steelix
|-crit|p1a: Steelix
|-supereffective|p1a: Steelix
|-damage|p1a: Steelix|0 fnt
|faint|p1a: Steelix
|
|win|MR HYZ
|raw|Ladder updating...
|raw|disfrazdetigre's rating: 1266 &rarr; <strong>1233<\/strong><br \/>(-33 for losing)
|raw|MR HYZ's rating: 1151 &rarr; <strong>1184<\/strong><br \/>(+33 for winning)
|c|âdisfrazdetigre|gg
|leave|disfrazdetigre
|player|p1