|join|Wild Hope
|join|cowboymimi
|player|p1|Wild Hope|103
|player|p2|cowboymimi|170
|gametype|singles
|gen|6
|tier|UU
|rated
|rule|Sleep Clause Mod: Limit one foe put to sleep
|rule|Species Clause: Limit one of each PokÃ©mon
|rule|OHKO Clause: OHKO moves are banned
|rule|Moody Clause: Moody is banned
|rule|Evasion Moves Clause: Evasion moves are banned
|rule|Endless Battle Clause: Forcing endless battles is banned
|rule|HP Percentage Mod: HP is shown in percentages
|clearpoke
|poke|p1|Beedrill, M
|poke|p1|Klefki, F
|poke|p1|Starmie
|poke|p1|Jirachi
|poke|p1|Darmanitan, F
|poke|p1|Vaporeon, F
|poke|p2|Crobat, F
|poke|p2|Raikou
|poke|p2|Sharpedo, F
|poke|p2|Zygarde
|poke|p2|Doublade, F
|poke|p2|Miltank, F, shiny
|rule|Swagger Clause: Swagger is banned
|rule|Baton Pass Clause: Limit one PokÃ©mon knowing Baton Pass
|teampreview
|
|start
|switch|p1a: Klefki|Klefki, F|318\/318
|switch|p2a: Crobat|Crobat, F|373\/373
|turn|1
|
|move|p1a: Klefki|Thunder Wave|p2a: Crobat
|-status|p2a: Crobat|par
|move|p2a: Crobat|Taunt|p1a: Klefki
|-start|p1a: Klefki|move: Taunt
|
|turn|2
|c|âcowboymimi|yeah fuck you
|
|switch|p1a: Jirachi|Jirachi|404\/404
|move|p2a: Crobat|Super Fang|p1a: Jirachi
|-damage|p1a: Jirachi|202\/404
|
|-heal|p1a: Jirachi|227\/404|[from] item: Leftovers
|turn|3
|
|switch|p2a: Sharpedo|Sharpedo, F|281\/281
|move|p1a: Jirachi|Stealth Rock|p2a: Sharpedo
|-sidestart|p2: cowboymimi|move: Stealth Rock
|
|-heal|p1a: Jirachi|252\/404|[from] item: Leftovers
|turn|4
|
|switch|p1a: Klefki|Klefki, F|318\/318
|detailschange|p2a: Sharpedo|Sharpedo-Mega, F
|message|Sharpedo has Mega Evolved into Mega Sharpedo!
|move|p2a: Sharpedo|Crunch|p1a: Klefki
|-resisted|p1a: Klefki
|-damage|p1a: Klefki|194\/318
|
|-heal|p1a: Klefki|213\/318|[from] item: Leftovers
|turn|5
|
|switch|p2a: Miltank|Miltank, F, shiny|394\/394
|-damage|p2a: Miltank|345\/394|[from] Stealth Rock
|move|p1a: Klefki|Dazzling Gleam|p2a: Miltank
|-crit|p2a: Miltank
|-damage|p2a: Miltank|194\/394
|
|-heal|p2a: Miltank|218\/394|[from] item: Leftovers
|-heal|p1a: Klefki|232\/318|[from] item: Leftovers
|turn|6
|
|move|p1a: Klefki|Spikes|p2a: Miltank
|-sidestart|p2: cowboymimi|Spikes
|move|p2a: Miltank|Thunder Wave|p1a: Klefki
|-status|p1a: Klefki|par
|
|-heal|p2a: Miltank|242\/394|[from] item: Leftovers
|-heal|p1a: Klefki|251\/318 par|[from] item: Leftovers
|turn|7
|
|switch|p1a: Darmanitan|Darmanitan, F|351\/351
|move|p2a: Miltank|Heal Bell|p2a: Miltank
|-cureteam|p2a: Miltank|[from] move: HealBell
|
|-heal|p2a: Miltank|266\/394|[from] item: Leftovers
|turn|8
|
|switch|p2a: Doublade|Doublade, F|319\/319
|-damage|p2a: Doublade|300\/319|[from] Stealth Rock
|-damage|p2a: Doublade|261\/319|[from] Spikes
|move|p1a: Darmanitan|Flare Blitz|p2a: Doublade
|-supereffective|p2a: Doublade
|-damage|p2a: Doublade|1\/319
|-damage|p1a: Darmanitan|265\/351|[from] recoil|[of] p2a: Doublade
|
|turn|9
|
|switch|p1a: Klefki|Klefki, F|251\/318 par
|move|p2a: Doublade|Shadow Sneak|p1a: Klefki
|-damage|p1a: Klefki|176\/318 par
|
|-heal|p1a: Klefki|195\/318 par|[from] item: Leftovers
|turn|10
|c|âcowboymimi|welp
|
|move|p1a: Klefki|Spikes|p2a: Doublade
|-sidestart|p2: cowboymimi|Spikes
|move|p2a: Doublade|Gyro Ball|p1a: Klefki
|-damage|p1a: Klefki|161\/318 par
|
|-heal|p1a: Klefki|180\/318 par|[from] item: Leftovers
|turn|11
|
|cant|p1a: Klefki|par
|move|p2a: Doublade|Swords Dance|p2a: Doublade
|-boost|p2a: Doublade|atk|2
|
|-heal|p1a: Klefki|199\/318 par|[from] item: Leftovers
|turn|12
|
|move|p2a: Doublade|Swords Dance|p2a: Doublade
|-boost|p2a: Doublade|atk|2
|move|p1a: Klefki|Dazzling Gleam|p2a: Doublade
|-resisted|p2a: Doublade
|-damage|p2a: Doublade|0 fnt
|faint|p2a: Doublade
|
|-heal|p1a: Klefki|218\/318 par|[from] item: Leftovers
|
|switch|p2a: Crobat|Crobat, F|373\/373
|-damage|p2a: Crobat|280\/373|[from] Stealth Rock
|turn|13
|
|move|p1a: Klefki|Thunder Wave|p2a: Crobat
|-status|p2a: Crobat|par
|move|p2a: Crobat|Defog|p1a: Klefki
|-unboost|p1a: Klefki|evasion|1
|-sideend|p2: cowboymimi|Spikes|[from] move: Defog|[of] p2a: Crobat
|-sideend|p2: cowboymimi|Stealth Rock|[from] move: Defog|[of] p2a: Crobat
|
|-heal|p2a: Crobat|303\/373 par|[from] item: Black Sludge
|-heal|p1a: Klefki|237\/318 par|[from] item: Leftovers
|turn|14
|
|move|p1a: Klefki|Spikes|p2a: Crobat
|-sidestart|p2: cowboymimi|Spikes
|move|p2a: Crobat|Taunt|p1a: Klefki
|-start|p1a: Klefki|move: Taunt
|
|-heal|p2a: Crobat|326\/373 par|[from] item: Black Sludge
|-heal|p1a: Klefki|256\/318 par|[from] item: Leftovers
|turn|15
|
|switch|p1a: Jirachi|Jirachi|252\/404
|cant|p2a: Crobat|par
|
|-heal|p1a: Jirachi|277\/404|[from] item: Leftovers
|-heal|p2a: Crobat|349\/373 par|[from] item: Black Sludge
|turn|16
|
|move|p1a: Jirachi|Iron Head|p2a: Crobat
|-damage|p2a: Crobat|234\/373 par
|cant|p2a: Crobat|flinch
|
|-heal|p1a: Jirachi|302\/404|[from] item: Leftovers
|-heal|p2a: Crobat|257\/373 par|[from] item: Black Sludge
|turn|17
|
|move|p1a: Jirachi|Iron Head|p2a: Crobat
|-damage|p2a: Crobat|143\/373 par
|cant|p2a: Crobat|flinch
|
|-heal|p1a: Jirachi|327\/404|[from] item: Leftovers
|-heal|p2a: Crobat|166\/373 par|[from] item: Black Sludge
|turn|18
|
|switch|p2a: Miltank|Miltank, F, shiny|266\/394
|-damage|p2a: Miltank|217\/394|[from] Spikes
|move|p1a: Jirachi|Iron Head|p2a: Miltank
|-damage|p2a: Miltank|138\/394
|
|-heal|p1a: Jirachi|352\/404|[from] item: Leftovers
|-heal|p2a: Miltank|162\/394|[from] item: Leftovers
|turn|19
|
|move|p1a: Jirachi|Stealth Rock|p2a: Miltank
|-sidestart|p2: cowboymimi|move: Stealth Rock
|move|p2a: Miltank|Thunder Wave|p1a: Jirachi
|-status|p1a: Jirachi|par
|
|-heal|p2a: Miltank|186\/394|[from] item: Leftovers
|-heal|p1a: Jirachi|377\/404 par|[from] item: Leftovers
|turn|20
|
|switch|p1a: Darmanitan|Darmanitan, F|265\/351
|move|p2a: Miltank|Milk Drink|p2a: Miltank
|-heal|p2a: Miltank|383\/394
|
|-heal|p2a: Miltank|394\/394|[from] item: Leftovers
|turn|21
|
|move|p1a: Darmanitan|Superpower|p2a: Miltank
|-supereffective|p2a: Miltank
|-damage|p2a: Miltank|158\/394
|-unboost|p1a: Darmanitan|atk|1
|-unboost|p1a: Darmanitan|def|1
|move|p2a: Miltank|Thunder Wave|p1a: Darmanitan
|-status|p1a: Darmanitan|par
|
|-heal|p2a: Miltank|182\/394|[from] item: Leftovers
|turn|22
|
|switch|p1a: Beedrill|Beedrill, M|271\/271
|move|p2a: Miltank|Milk Drink|p2a: Miltank
|-heal|p2a: Miltank|379\/394
|
|-heal|p2a: Miltank|394\/394|[from] item: Leftovers
|turn|23
|
|detailschange|p1a: Beedrill|Beedrill-Mega, M
|message|Beedrill has Mega Evolved into Mega Beedrill!
|move|p1a: Beedrill|U-turn|p2a: Miltank
|-damage|p2a: Miltank|260\/394
|
|switch|p1a: Jirachi|Jirachi|377\/404 par
|move|p2a: Miltank|Seismic Toss|p1a: Jirachi
|-damage|p1a: Jirachi|277\/404 par
|
|-heal|p2a: Miltank|284\/394|[from] item: Leftovers
|-heal|p1a: Jirachi|302\/404 par|[from] item: Leftovers
|turn|24
|
|move|p2a: Miltank|Milk Drink|p2a: Miltank
|-heal|p2a: Miltank|394\/394
|move|p1a: Jirachi|Thunder Wave|p2a: Miltank
|-status|p2a: Miltank|par
|
|-heal|p1a: Jirachi|327\/404 par|[from] item: Leftovers
|turn|25
|
|cant|p1a: Jirachi|par
|move|p2a: Miltank|Heal Bell|p2a: Miltank
|-cureteam|p2a: Miltank|[from] move: HealBell
|
|-heal|p1a: Jirachi|352\/404 par|[from] item: Leftovers
|turn|26
|
|switch|p2a: Sharpedo|Sharpedo-Mega, F|281\/281
|-damage|p2a: Sharpedo|246\/281|[from] Stealth Rock
|-damage|p2a: Sharpedo|211\/281|[from] Spikes
|move|p1a: Jirachi|Iron Head|p2a: Sharpedo
|-resisted|p2a: Sharpedo
|-damage|p2a: Sharpedo|149\/281
|
|-heal|p1a: Jirachi|377\/404 par|[from] item: Leftovers
|turn|27
|
|switch|p1a: Klefki|Klefki, F|256\/318 par
|move|p2a: Sharpedo|Protect|p2a: Sharpedo
|-fail|p2a: Sharpedo
|
|-heal|p1a: Klefki|275\/318 par|[from] item: Leftovers
|turn|28
|
|switch|p2a: Zygarde|Zygarde|385\/385
|-damage|p2a: Zygarde|337\/385|[from] Spikes
|-damage|p2a: Zygarde|313\/385|[from] Stealth Rock
|-ability|p2a: Zygarde|Aura Break
|move|p1a: Klefki|Dazzling Gleam|p2a: Zygarde
|-supereffective|p2a: Zygarde
|-damage|p2a: Zygarde|155\/385
|
|-heal|p2a: Zygarde|179\/385|[from] item: Leftovers
|-heal|p1a: Klefki|294\/318 par|[from] item: Leftovers
|turn|29
|
|switch|p2a: Miltank|Miltank, F, shiny|394\/394
|-damage|p2a: Miltank|345\/394|[from] Stealth Rock
|-damage|p2a: Miltank|296\/394|[from] Spikes
|move|p1a: Klefki|Magnet Rise|p1a: Klefki
|-start|p1a: Klefki|Magnet Rise
|
|-heal|p2a: Miltank|320\/394|[from] item: Leftovers
|-heal|p1a: Klefki|313\/318 par|[from] item: Leftovers
|turn|30
|
|move|p1a: Klefki|Spikes|p2a: Miltank
|-sidestart|p2: cowboymimi|Spikes
|move|p2a: Miltank|Seismic Toss|p1a: Klefki
|-damage|p1a: Klefki|213\/318 par
|
|-heal|p2a: Miltank|344\/394|[from] item: Leftovers
|-heal|p1a: Klefki|232\/318 par|[from] item: Leftovers
|turn|31
|
|move|p1a: Klefki|Thunder Wave|p2a: Miltank
|-status|p2a: Miltank|par
|cant|p2a: Miltank|par
|
|-heal|p2a: Miltank|368\/394 par|[from] item: Leftovers
|-heal|p1a: Klefki|251\/318 par|[from] item: Leftovers
|turn|32
|
|switch|p1a: Jirachi|Jirachi|377\/404 par
|move|p2a: Miltank|Heal Bell|p2a: Miltank
|-cureteam|p2a: Miltank|[from] move: HealBell
|
|-heal|p2a: Miltank|392\/394|[from] item: Leftovers
|-heal|p1a: Jirachi|402\/404 par|[from] item: Leftovers
|turn|33
|
|move|p2a: Miltank|Seismic Toss|p1a: Jirachi
|-damage|p1a: Jirachi|302\/404 par
|cant|p1a: Jirachi|par
|
|-heal|p2a: Miltank|394\/394|[from] item: Leftovers
|-heal|p1a: Jirachi|327\/404 par|[from] item: Leftovers
|turn|34
|
|move|p2a: Miltank|Seismic Toss|p1a: Jirachi
|-damage|p1a: Jirachi|227\/404 par
|move|p1a: Jirachi|Thunder Wave|p2a: Miltank
|-status|p2a: Miltank|par
|
|-heal|p1a: Jirachi|252\/404 par|[from] item: Leftovers
|turn|35
|
|move|p2a: Miltank|Heal Bell|p2a: Miltank
|-cureteam|p2a: Miltank|[from] move: HealBell
|cant|p1a: Jirachi|par
|
|-heal|p1a: Jirachi|277\/404 par|[from] item: Leftovers
|turn|36
|
|move|p2a: Miltank|Seismic Toss|p1a: Jirachi
|-damage|p1a: Jirachi|177\/404 par
|move|p1a: Jirachi|Drain Punch|p2a: Miltank
|-supereffective|p2a: Miltank
|-damage|p2a: Miltank|300\/394
|-heal|p1a: Jirachi|224\/404 par|[from] drain|[of] p2a: Miltank
|
|-heal|p2a: Miltank|324\/394|[from] item: Leftovers
|-heal|p1a: Jirachi|249\/404 par|[from] item: Leftovers
|turn|37
|
|move|p2a: Miltank|Seismic Toss|p1a: Jirachi
|-damage|p1a: Jirachi|149\/404 par
|move|p1a: Jirachi|Thunder Wave|p2a: Miltank
|-status|p2a: Miltank|par
|
|-heal|p1a: Jirachi|174\/404 par|[from] item: Leftovers
|-heal|p2a: Miltank|348\/394 par|[from] item: Leftovers
|turn|38
|
|move|p2a: Miltank|Seismic Toss|p1a: Jirachi
|-damage|p1a: Jirachi|74\/404 par
|move|p1a: Jirachi|Drain Punch|p2a: Miltank
|-supereffective|p2a: Miltank
|-damage|p2a: Miltank|254\/394 par
|-heal|p1a: Jirachi|121\/404 par|[from] drain|[of] p2a: Miltank
|
|-heal|p2a: Miltank|278\/394 par|[from] item: Leftovers
|-heal|p1a: Jirachi|146\/404 par|[from] item: Leftovers
|turn|39
|
|move|p1a: Jirachi|Drain Punch|p2a: Miltank
|-supereffective|p2a: Miltank
|-damage|p2a: Miltank|192\/394 par
|-heal|p1a: Jirachi|189\/404 par|[from] drain|[of] p2a: Miltank
|cant|p2a: Miltank|par
|
|-heal|p1a: Jirachi|214\/404 par|[from] item: Leftovers
|-heal|p2a: Miltank|216\/394 par|[from] item: Leftovers
|turn|40
|
|cant|p2a: Miltank|par
|cant|p1a: Jirachi|par
|
|-heal|p1a: Jirachi|239\/404 par|[from] item: Leftovers
|-heal|p2a: Miltank|240\/394 par|[from] item: Leftovers
|turn|41
|
|move|p2a: Miltank|Milk Drink|p2a: Miltank
|-heal|p2a: Miltank|394\/394 par
|move|p1a: Jirachi|Drain Punch|p2a: Miltank
|-supereffective|p2a: Miltank
|-damage|p2a: Miltank|306\/394 par
|-heal|p1a: Jirachi|283\/404 par|[from] drain|[of] p2a: Miltank
|
|-heal|p2a: Miltank|330\/394 par|[from] item: Leftovers
|-heal|p1a: Jirachi|308\/404 par|[from] item: Leftovers
|turn|42
|
|cant|p1a: Jirachi|par
|move|p2a: Miltank|Thunder Wave|p1a: Jirachi
|-fail|p1a: Jirachi|par
|
|-heal|p2a: Miltank|354\/394 par|[from] item: Leftovers
|-heal|p1a: Jirachi|333\/404 par|[from] item: Leftovers
|turn|43
|
|move|p1a: Jirachi|Drain Punch|p2a: Miltank
|-supereffective|p2a: Miltank
|-damage|p2a: Miltank|262\/394 par
|-heal|p1a: Jirachi|379\/404 par|[from] drain|[of] p2a: Miltank
|move|p2a: Miltank|Seismic Toss|p1a: Jirachi
|-damage|p1a: Jirachi|279\/404 par
|
|-heal|p2a: Miltank|286\/394 par|[from] item: Leftovers
|-heal|p1a: Jirachi|304\/404 par|[from] item: Leftovers
|turn|44
|
|move|p2a: Miltank|Seismic Toss|p1a: Jirachi
|-damage|p1a: Jirachi|204\/404 par
|move|p1a: Jirachi|Iron Head|p2a: Miltank
|-damage|p2a: Miltank|213\/394 par
|
|-heal|p2a: Miltank|237\/394 par|[from] item: Leftovers
|-heal|p1a: Jirachi|229\/404 par|[from] item: Leftovers
|turn|45
|
|cant|p2a: Miltank|par
|move|p1a: Jirachi|Drain Punch|p2a: Miltank
|-supereffective|p2a: Miltank
|-damage|p2a: Miltank|139\/394 par
|-heal|p1a: Jirachi|278\/404 par|[from] drain|[of] p2a: Miltank
|
|-heal|p2a: Miltank|163\/394 par|[from] item: Leftovers
|-heal|p1a: Jirachi|303\/404 par|[from] item: Leftovers
|turn|46
|
|switch|p1a: Beedrill|Beedrill-Mega, M|271\/271
|move|p2a: Miltank|Milk Drink|p2a: Miltank
|-heal|p2a: Miltank|360\/394 par
|
|-heal|p2a: Miltank|384\/394 par|[from] item: Leftovers
|turn|47
|
|move|p1a: Beedrill|U-turn|p2a: Miltank
|-crit|p2a: Miltank
|-damage|p2a: Miltank|180\/394 par
|
|switch|p1a: Jirachi|Jirachi|303\/404 par
|cant|p2a: Miltank|par
|
|-heal|p1a: Jirachi|328\/404 par|[from] item: Leftovers
|-heal|p2a: Miltank|204\/394 par|[from] item: Leftovers
|turn|48
|
|move|p2a: Miltank|Seismic Toss|p1a: Jirachi
|-damage|p1a: Jirachi|228\/404 par
|cant|p1a: Jirachi|par
|
|-heal|p1a: Jirachi|253\/404 par|[from] item: Leftovers
|-heal|p2a: Miltank|228\/394 par|[from] item: Leftovers
|turn|49
|
|move|p2a: Miltank|Milk Drink|p2a: Miltank
|-heal|p2a: Miltank|394\/394 par
|cant|p1a: Jirachi|par
|
|-heal|p1a: Jirachi|278\/404 par|[from] item: Leftovers
|turn|50
|
|move|p1a: Jirachi|Drain Punch|p2a: Miltank
|-supereffective|p2a: Miltank
|-damage|p2a: Miltank|302\/394 par
|-heal|p1a: Jirachi|324\/404 par|[from] drain|[of] p2a: Miltank
|move|p2a: Miltank|Seismic Toss|p1a: Jirachi
|-damage|p1a: Jirachi|224\/404 par
|
|-heal|p1a: Jirachi|249\/404 par|[from] item: Leftovers
|-heal|p2a: Miltank|326\/394 par|[from] item: Leftovers
|turn|51
|
|cant|p2a: Miltank|par
|move|p1a: Jirachi|Drain Punch|p2a: Miltank
|-crit|p2a: Miltank
|-supereffective|p2a: Miltank
|-damage|p2a: Miltank|180\/394 par
|-heal|p1a: Jirachi|322\/404 par|[from] drain|[of] p2a: Miltank
|
|-heal|p2a: Miltank|204\/394 par|[from] item: Leftovers
|-heal|p1a: Jirachi|347\/404 par|[from] item: Leftovers
|turn|52
|
|cant|p1a: Jirachi|par
|move|p2a: Miltank|Milk Drink|p2a: Miltank
|-heal|p2a: Miltank|394\/394 par
|
|-heal|p1a: Jirachi|372\/404 par|[from] item: Leftovers
|turn|53
|
|move|p2a: Miltank|Seismic Toss|p1a: Jirachi
|-damage|p1a: Jirachi|272\/404 par
|move|p1a: Jirachi|Iron Head|p2a: Miltank
|-damage|p2a: Miltank|315\/394 par
|
|-heal|p2a: Miltank|339\/394 par|[from] item: Leftovers
|-heal|p1a: Jirachi|297\/404 par|[from] item: Leftovers
|turn|54
|
|cant|p1a: Jirachi|par
|move|p2a: Miltank|Seismic Toss|p1a: Jirachi
|-damage|p1a: Jirachi|197\/404 par
|
|-heal|p2a: Miltank|363\/394 par|[from] item: Leftovers
|-heal|p1a: Jirachi|222\/404 par|[from] item: Leftovers
|turn|55
|
|move|p2a: Miltank|Seismic Toss|p1a: Jirachi
|-damage|p1a: Jirachi|122\/404 par
|move|p1a: Jirachi|Drain Punch|p2a: Miltank
|-supereffective|p2a: Miltank
|-damage|p2a: Miltank|277\/394 par
|-heal|p1a: Jirachi|165\/404 par|[from] drain|[of] p2a: Miltank
|
|-heal|p2a: Miltank|301\/394 par|[from] item: Leftovers
|-heal|p1a: Jirachi|190\/404 par|[from] item: Leftovers
|turn|56
|
|switch|p1a: Vaporeon|Vaporeon, F|464\/464
|move|p2a: Miltank|Seismic Toss|p1a: Vaporeon
|-damage|p1a: Vaporeon|364\/464
|
|-heal|p1a: Vaporeon|393\/464|[from] item: Leftovers
|-heal|p2a: Miltank|325\/394 par|[from] item: Leftovers
|turn|57
|
|move|p1a: Vaporeon|Wish|p1a: Vaporeon
|cant|p2a: Miltank|par
|
|-heal|p1a: Vaporeon|422\/464|[from] item: Leftovers
|-heal|p2a: Miltank|349\/394 par|[from] item: Leftovers
|turn|58
|
|move|p1a: Vaporeon|Baton Pass|p1a: Vaporeon
|
|switch|p1a: Jirachi|Jirachi|190\/404 par
|move|p2a: Miltank|Thunder Wave|p1a: Jirachi
|-fail|p1a: Jirachi|par
|
|-heal|p1a: Jirachi|404\/404 par|[from] move: Wish|[wisher] Vaporeon
|-heal|p2a: Miltank|373\/394 par|[from] item: Leftovers
|turn|59
|c|âcowboymimi|yup
|c|âcowboymimi|your team is scum
|c|âcowboymimi|like actually
|
|move|p2a: Miltank|Seismic Toss|p1a: Jirachi
|-damage|p1a: Jirachi|304\/404 par
|move|p1a: Jirachi|Iron Head|p2a: Miltank
|-damage|p2a: Miltank|297\/394 par
|
|-heal|p2a: Miltank|321\/394 par|[from] item: Leftovers
|-heal|p1a: Jirachi|329\/404 par|[from] item: Leftovers
|turn|60
|
|move|p1a: Jirachi|Drain Punch|p2a: Miltank
|-supereffective|p2a: Miltank
|-damage|p2a: Miltank|229\/394 par
|-heal|p1a: Jirachi|375\/404 par|[from] drain|[of] p2a: Miltank
|cant|p2a: Miltank|par
|
|-heal|p1a: Jirachi|400\/404 par|[from] item: Leftovers
|-heal|p2a: Miltank|253\/394 par|[from] item: Leftovers
|turn|61
|
|cant|p2a: Miltank|par
|move|p1a: Jirachi|Drain Punch|p2a: Miltank
|-supereffective|p2a: Miltank
|-damage|p2a: Miltank|169\/394 par
|-heal|p1a: Jirachi|404\/404 par|[from] drain|[of] p2a: Miltank
|
|-heal|p2a: Miltank|193\/394 par|[from] item: Leftovers
|turn|62
|
|move|p1a: Jirachi|Iron Head|p2a: Miltank
|-damage|p2a: Miltank|123\/394 par
|cant|p2a: Miltank|flinch
|
|-heal|p2a: Miltank|147\/394 par|[from] item: Leftovers
|turn|63
|
|cant|p1a: Jirachi|par
|move|p2a: Miltank|Milk Drink|p2a: Miltank
|-heal|p2a: Miltank|344\/394 par
|
|-heal|p2a: Miltank|368\/394 par|[from] item: Leftovers
|turn|64
|
|move|p2a: Miltank|Seismic Toss|p1a: Jirachi
|-damage|p1a: Jirachi|304\/404 par
|move|p1a: Jirachi|Iron Head|p2a: Miltank
|-damage|p2a: Miltank|292\/394 par
|
|-heal|p1a: Jirachi|329\/404 par|[from] item: Leftovers
|-heal|p2a: Miltank|316\/394 par|[from] item: Leftovers
|turn|65
|
|move|p1a: Jirachi|Iron Head|p2a: Miltank
|-damage|p2a: Miltank|247\/394 par
|cant|p2a: Miltank|flinch
|
|-heal|p2a: Miltank|271\/394 par|[from] item: Leftovers
|-heal|p1a: Jirachi|354\/404 par|[from] item: Leftovers
|turn|66
|
|move|p2a: Miltank|Seismic Toss|p1a: Jirachi
|-damage|p1a: Jirachi|254\/404 par
|move|p1a: Jirachi|Iron Head|p2a: Miltank
|-damage|p2a: Miltank|201\/394 par
|
|-heal|p1a: Jirachi|279\/404 par|[from] item: Leftovers
|-heal|p2a: Miltank|225\/394 par|[from] item: Leftovers
|turn|67
|
|cant|p2a: Miltank|par
|move|p1a: Jirachi|Iron Head|p2a: Miltank
|-damage|p2a: Miltank|150\/394 par
|
|-heal|p2a: Miltank|174\/394 par|[from] item: Leftovers
|-heal|p1a: Jirachi|304\/404 par|[from] item: Leftovers
|turn|68
|c|âcowboymimi|this game is cancer
|
|move|p2a: Miltank|Seismic Toss|p1a: Jirachi
|-damage|p1a: Jirachi|204\/404 par
|move|p1a: Jirachi|Iron Head|p2a: Miltank
|-damage|p2a: Miltank|98\/394 par
|
|-heal|p2a: Miltank|122\/394 par|[from] item: Leftovers
|-heal|p1a: Jirachi|229\/404 par|[from] item: Leftovers
|turn|69
|
|cant|p2a: Miltank|par
|move|p1a: Jirachi|Drain Punch|p2a: Miltank
|-crit|p2a: Miltank
|-supereffective|p2a: Miltank
|-damage|p2a: Miltank|0 fnt
|-heal|p1a: Jirachi|290\/404 par|[from] drain|[of] p2a: Miltank
|faint|p2a: Miltank
|
|-heal|p1a: Jirachi|315\/404 par|[from] item: Leftovers
|
|switch|p2a: Sharpedo|Sharpedo-Mega, F|149\/281
|-damage|p2a: Sharpedo|114\/281|[from] Stealth Rock
|-damage|p2a: Sharpedo|68\/281|[from] Spikes
|turn|70
|
|switch|p1a: Klefki|Klefki, F|251\/318 par
|move|p2a: Sharpedo|Crunch|p1a: Klefki
|-resisted|p1a: Klefki
|-damage|p1a: Klefki|118\/318 par
|
|-heal|p1a: Klefki|137\/318 par|[from] item: Leftovers
|turn|71
|
|move|p1a: Klefki|Spikes|p2a: Sharpedo
|-sidestart|p2: cowboymimi|Spikes
|move|p2a: Sharpedo|Crunch|p1a: Klefki
|-crit|p1a: Klefki
|-resisted|p1a: Klefki
|-damage|p1a: Klefki|0 fnt
|faint|p1a: Klefki
|
|
|switch|p1a: Beedrill|Beedrill-Mega, M|271\/271
|turn|72
|
|move|p1a: Beedrill|Poison Jab|p2a: Sharpedo
|-damage|p2a: Sharpedo|0 fnt
|faint|p2a: Sharpedo
|
|
|switch|p2a: Crobat|Crobat, F|166\/373
|-damage|p2a: Crobat|73\/373|[from] Stealth Rock
|turn|73
|
|move|p1a: Beedrill|Knock Off|p2a: Crobat
|-damage|p2a: Crobat|0 fnt
|-enditem|p2a: Crobat|Black Sludge|[from] move: Knock Off|[of] p1a: Beedrill
|faint|p2a: Crobat
|
|
|switch|p2a: Zygarde|Zygarde|179\/385
|-damage|p2a: Zygarde|155\/385|[from] Stealth Rock
|-damage|p2a: Zygarde|59\/385|[from] Spikes
|-ability|p2a: Zygarde|Aura Break
|turn|74
|
|move|p1a: Beedrill|Knock Off|p2a: Zygarde
|-damage|p2a: Zygarde|0 fnt
|-enditem|p2a: Zygarde|Leftovers|[from] move: Knock Off|[of] p1a: Beedrill
|faint|p2a: Zygarde
|
|
|switch|p2a: Raikou|Raikou|321\/321
|-damage|p2a: Raikou|241\/321|[from] Spikes
|-damage|p2a: Raikou|201\/321|[from] Stealth Rock
|-ability|p2a: Raikou|Pressure
|turn|75
|
|move|p1a: Beedrill|Poison Jab|p2a: Raikou
|-damage|p2a: Raikou|0 fnt
|faint|p2a: Raikou
|
|win|Wild Hope
|raw|Ladder updating...
|raw|Wild Hope's rating: 1175 &rarr; <strong>1191<\/strong><br \/>(+16 for winning)
|raw|cowboymimi's rating: 1049 &rarr; <strong>1038<\/strong><br \/>(-11 for losing)
|leave|Wild Hope
|player|p1