|join|Bl153
|join|Time2GetBopped
|player|p1|Bl153|101
|player|p2|Time2GetBopped|138
|gametype|singles
|gen|6
|tier|OU
|rated
|clearpoke
|poke|p1|Altaria, F
|poke|p1|Amoonguss, M
|poke|p1|Probopass, M
|poke|p1|Diggersby, M
|poke|p1|Greninja, M
|poke|p1|Victini
|poke|p2|Tyranitar, M
|poke|p2|Excadrill, F
|poke|p2|Pinsir, F
|poke|p2|Talonflame, F
|poke|p2|Dragonite, M
|poke|p2|Greninja, F
|rule|Swagger Clause: Swagger is banned
|rule|Baton Pass Clause: Limit one PokÃ©mon knowing Baton Pass
|rule|Sleep Clause Mod: Limit one foe put to sleep
|rule|Species Clause: Limit one of each PokÃ©mon
|rule|OHKO Clause: OHKO moves are banned
|rule|Moody Clause: Moody is banned
|rule|Evasion Moves Clause: Evasion moves are banned
|rule|Endless Battle Clause: Forcing endless battles is banned
|rule|HP Percentage Mod: HP is shown in percentages
|teampreview
|c|âBl153|gl hf
|join|SpicyBoy
|c|âTime2GetBopped|hw
|c|âTime2GetBopped|u2
Time2GetBopped made this room private.
|c| SpicyBoy|glhf
|c|âBl153|hw? lol
|raw|<div class="broadcast-red"><b>Moderated chat was set to +!<\/b><br \/>Only users of rank + and higher can talk.<\/div>
|c|âBl153|u wat mate
|c|âTime2GetBopped|misclicked
|c|âBl153|time2getbopped are u a poketuber?
|c|âTime2GetBopped|whats a youtube
|c|âBl153|Or wanted by the CIA why the private room?
|
|start
|switch|p1a: Diggersby|Diggersby, M|325\/325
|switch|p2a: Bird Flu|Talonflame, F|297\/297
|turn|1
|c|âTime2GetBopped|wut is cia
|
|switch|p1a: Probopass|Probopass, M|281\/281
|move|p2a: Bird Flu|U-turn|p1a: Probopass
|-resisted|p1a: Probopass
|-damage|p1a: Probopass|243\/281
|
|switch|p2a: Pinsir|Pinsir, F|275\/275
|
|-heal|p1a: Probopass|260\/281|[from] item: Leftovers
|turn|2
|c|âBl153|dont play games... just answer the dam question
|c|âTime2GetBopped|no srs
|c|âTime2GetBopped|whats a youtube
|
|detailschange|p2a: Pinsir|Pinsir-Mega, F
|message|Pinsir has Mega Evolved into Mega Pinsir!
|move|p2a: Pinsir|Close Combat|p1a: Probopass
|-supereffective|p1a: Probopass
|-damage|p1a: Probopass|0 fnt
|-unboost|p2a: Pinsir|def|1
|-unboost|p2a: Pinsir|spd|1
|faint|p1a: Probopass
|
|
|switch|p1a: Greninja|Greninja, M|285\/285
|turn|3
|
|switch|p2a: Polio|Dragonite, M|323\/323
|move|p1a: Greninja|Ice Beam|p2a: Polio
|-start|p1a: Greninja|typechange|Ice|[from] Protean
|-supereffective|p2a: Polio
|-damage|p2a: Polio|0 fnt
|-damage|p1a: Greninja|257\/285|[from] item: Life Orb
|faint|p2a: Polio
|
|
|switch|p2a: Scientology|Tyranitar, M|341\/341
|-weather|Sandstorm
|turn|4
|
|switch|p1a: Lord Fluff|Altaria, F|305\/305
|move|p2a: Scientology|Stealth Rock|p1a: Lord Fluff
|-sidestart|p1: Bl153|move: Stealth Rock
|
|-weather|Sandstorm|[upkeep]
|-damage|p1a: Lord Fluff|286\/305|[from] sandstorm
|turn|5
|
|switch|p2a: Gonorrhea|Excadrill, F|361\/361
|detailschange|p1a: Lord Fluff|Altaria-Mega, F
|message|Altaria has Mega Evolved into Mega Altaria!
|move|p1a: Lord Fluff|Dragon Dance|p1a: Lord Fluff
|-boost|p1a: Lord Fluff|atk|1
|-boost|p1a: Lord Fluff|spe|1
|
|-weather|Sandstorm|[upkeep]
|-damage|p1a: Lord Fluff|267\/305|[from] sandstorm
|turn|6
|
|switch|p1a: Amoonguss|Amoonguss, M|429\/429
|-damage|p1a: Amoonguss|376\/429|[from] Stealth Rock
|move|p2a: Gonorrhea|Iron Head|p1a: Amoonguss
|-damage|p1a: Amoonguss|173\/429
|-damage|p2a: Gonorrhea|325\/361|[from] item: Life Orb
|
|-weather|Sandstorm|[upkeep]
|-damage|p1a: Amoonguss|147\/429|[from] sandstorm
|-heal|p1a: Amoonguss|173\/429|[from] item: Black Sludge
|turn|7
|
|move|p2a: Gonorrhea|Earthquake|p1a: Amoonguss
|-damage|p1a: Amoonguss|0 fnt
|-damage|p2a: Gonorrhea|289\/361|[from] item: Life Orb
|faint|p1a: Amoonguss
|
|-weather|Sandstorm|[upkeep]
|
|switch|p1a: Diggersby|Diggersby, M|325\/325
|-damage|p1a: Diggersby|305\/325|[from] Stealth Rock
|turn|8
|
|move|p2a: Gonorrhea|Earthquake|p1a: Diggersby
|-damage|p1a: Diggersby|7\/325
|-damage|p2a: Gonorrhea|253\/361|[from] item: Life Orb
|move|p1a: Diggersby|Return|p2a: Gonorrhea
|-resisted|p2a: Gonorrhea
|-damage|p2a: Gonorrhea|0 fnt
|faint|p2a: Gonorrhea
|
|-weather|none
|
|switch|p2a: Bird Flu|Talonflame, F|297\/297
|turn|9
|
|move|p2a: Bird Flu|Brave Bird|p1a: Diggersby
|-damage|p1a: Diggersby|0 fnt
|-damage|p2a: Bird Flu|295\/297|[from] recoil|[of] p1a: Diggersby
|faint|p1a: Diggersby
|
|
|switch|p1a: Lord Fluff|Altaria-Mega, F|267\/305
|-damage|p1a: Lord Fluff|229\/305|[from] Stealth Rock
|turn|10
|
|move|p2a: Bird Flu|Brave Bird|p1a: Lord Fluff
|-damage|p1a: Lord Fluff|0 fnt
|-damage|p2a: Bird Flu|219\/297|[from] recoil|[of] p1a: Lord Fluff
|faint|p1a: Lord Fluff
|
|
|switch|p1a: Victini|Victini|349\/349
|-damage|p1a: Victini|262\/349|[from] Stealth Rock
|turn|11
|
|move|p2a: Bird Flu|Brave Bird|p1a: Victini
|-damage|p1a: Victini|21\/349
|-damage|p2a: Bird Flu|139\/297|[from] recoil|[of] p1a: Victini
|move|p1a: Victini|Bolt Strike|p2a: Bird Flu
|-supereffective|p2a: Bird Flu
|-damage|p2a: Bird Flu|0 fnt
|faint|p2a: Bird Flu
|
|
|switch|p2a: Scientology|Tyranitar, M|341\/341
|-weather|Sandstorm
|turn|12
|
|move|p1a: Victini|Bolt Strike|p2a: Scientology
|-damage|p2a: Scientology|189\/341
|move|p2a: Scientology|Crunch|p1a: Victini
|-supereffective|p1a: Victini
|-damage|p1a: Victini|0 fnt
|faint|p1a: Victini
|
|-weather|Sandstorm|[upkeep]
|
|switch|p1a: Greninja|Greninja, M|257\/285
|-damage|p1a: Greninja|222\/285|[from] Stealth Rock
|turn|13
|
|move|p1a: Greninja|Hydro Pump|p2a: Scientology
|-start|p1a: Greninja|typechange|Water|[from] Protean
|-supereffective|p2a: Scientology
|-damage|p2a: Scientology|0 fnt
|-damage|p1a: Greninja|194\/285|[from] item: Life Orb
|faint|p2a: Scientology
|
|-weather|Sandstorm|[upkeep]
|-damage|p1a: Greninja|177\/285|[from] sandstorm
|
|switch|p2a: Diabetes|Greninja, F|285\/285
|turn|14
|
|move|p1a: Greninja|Gunk Shot|p2a: Diabetes
|-start|p1a: Greninja|typechange|Poison|[from] Protean
|-crit|p2a: Diabetes
|-damage|p2a: Diabetes|0 fnt
|-damage|p1a: Greninja|149\/285|[from] item: Life Orb
|faint|p2a: Diabetes
|
|-weather|Sandstorm|[upkeep]
|-damage|p1a: Greninja|132\/285|[from] sandstorm
|
|switch|p2a: Pinsir|Pinsir-Mega, F|275\/275
|turn|15
|
|move|p2a: Pinsir|Quick Attack|p1a: Greninja
|-crit|p1a: Greninja
|-damage|p1a: Greninja|0 fnt
|faint|p1a: Greninja
|
|win|Time2GetBopped
|raw|Ladder updating...
|raw|Bl153's rating: 1483 &rarr; <strong>1461<\/strong><br \/>(-22 for losing)
|raw|Time2GetBopped's rating: 1457 &rarr; <strong>1479<\/strong><br \/>(+22 for winning)
|c|âTime2GetBopped|sit
|c|âTime2GetBopped|sir
|c|âBl153|sit?
|c|âTime2GetBopped|i would like to wish you
|c|âTime2GetBopped|the geeist
|c|âBl153|Uhhhh hello
|c|âTime2GetBopped|of the gees
|c|âTime2GetBopped|check my stream out at
|c|âTime2GetBopped|twitch.tv\/imnotarealstreamer
|leave|Time2GetBopped
|player|p2
|c|âBl153|.... Really u think Im a dog
|c|âBl153|Oh u audacious kid
|c|âBl153|WOW