|join|Jefo
|join|Time2GetBopped
|player|p1|Jefo|78
|player|p2|Time2GetBopped|138
|gametype|singles
|gen|6
|tier|OU
|rated
|clearpoke
|poke|p1|Scizor, M
|poke|p1|Clefable, M
|poke|p1|Latios, M
|poke|p1|Slowbro, F
|poke|p1|Gengar, F
|poke|p1|Keldeo
|poke|p2|Tyranitar, M
|poke|p2|Excadrill, F
|poke|p2|Pinsir, M
|poke|p2|Talonflame, M
|poke|p2|Dragonite, M
|poke|p2|Greninja, F
|rule|Swagger Clause: Swagger is banned
|rule|Baton Pass Clause: Limit one PokÃ©mon knowing Baton Pass
|rule|Sleep Clause Mod: Limit one foe put to sleep
|rule|Species Clause: Limit one of each PokÃ©mon
|rule|OHKO Clause: OHKO moves are banned
|rule|Moody Clause: Moody is banned
|rule|Evasion Moves Clause: Evasion moves are banned
|rule|Endless Battle Clause: Forcing endless battles is banned
|rule|HP Percentage Mod: HP is reported as percentages
|teampreview
|
|start
|switch|p1a: Slowbro|Slowbro, F|394\/394
|switch|p2a: AIDS|Tyranitar, M|341\/341
|-weather|Sandstorm
|turn|1
|
|move|p2a: AIDS|Stealth Rock|p1a: Slowbro
|-sidestart|p1: Jefo|move: Stealth Rock
|move|p1a: Slowbro|Scald|p2a: AIDS
|-supereffective|p2a: AIDS
|-damage|p2a: AIDS|203\/341
|
|-weather|Sandstorm|[upkeep]
|-damage|p1a: Slowbro|370\/394|[from] sandstorm
|-heal|p1a: Slowbro|394\/394|[from] item: Leftovers
|turn|2
|
|move|p2a: AIDS|Crunch|p1a: Slowbro
|-supereffective|p1a: Slowbro
|-damage|p1a: Slowbro|230\/394
|move|p1a: Slowbro|Scald|p2a: AIDS
|-supereffective|p2a: AIDS
|-damage|p2a: AIDS|75\/341
|-status|p2a: AIDS|brn
|
|-weather|Sandstorm|[upkeep]
|-damage|p1a: Slowbro|206\/394|[from] sandstorm
|-heal|p1a: Slowbro|230\/394|[from] item: Leftovers
|-damage|p2a: AIDS|33\/341 brn|[from] brn
|turn|3
|
|switch|p2a: Diabetes|Greninja, F|285\/285
|move|p1a: Slowbro|Slack Off|p1a: Slowbro
|-heal|p1a: Slowbro|394\/394
|
|-weather|Sandstorm|[upkeep]
|-damage|p2a: Diabetes|268\/285|[from] sandstorm
|-damage|p1a: Slowbro|370\/394|[from] sandstorm
|-heal|p1a: Slowbro|394\/394|[from] item: Leftovers
|turn|4
|
|move|p2a: Diabetes|Hidden Power|p1a: Slowbro
|-start|p2a: Diabetes|typechange|Grass|[from] Protean
|-supereffective|p1a: Slowbro
|-damage|p1a: Slowbro|95\/394
|-damage|p2a: Diabetes|240\/285|[from] item: Life Orb
|move|p1a: Slowbro|Thunder Wave|p2a: Diabetes
|-status|p2a: Diabetes|par
|
|-weather|Sandstorm|[upkeep]
|-damage|p1a: Slowbro|71\/394|[from] sandstorm
|-damage|p2a: Diabetes|223\/285 par|[from] sandstorm
|-heal|p1a: Slowbro|95\/394|[from] item: Leftovers
|turn|5
|
|switch|p1a: Clefable|Clefable, M|394\/394
|move|p2a: Diabetes|Ice Beam|p1a: Clefable
|-start|p2a: Diabetes|typechange|Ice|[from] Protean
|-damage|p1a: Clefable|213\/394
|-damage|p2a: Diabetes|195\/285 par|[from] item: Life Orb
|
|-weather|none
|-heal|p1a: Clefable|237\/394|[from] item: Leftovers
|turn|6
|
|switch|p2a: AIDS|Tyranitar, M|33\/341 brn
|-weather|Sandstorm
|move|p1a: Clefable|Moonblast|p2a: AIDS
|-supereffective|p2a: AIDS
|-damage|p2a: AIDS|0 fnt
|faint|p2a: AIDS
|
|-weather|Sandstorm|[upkeep]
|-heal|p1a: Clefable|261\/394|[from] item: Leftovers
|
|switch|p2a: Gonorrhea|Excadrill, F|361\/361
|turn|7
|
|switch|p1a: Scizor|Scizor, M|344\/344
|-damage|p1a: Scizor|301\/344|[from] Stealth Rock
|move|p2a: Gonorrhea|Earthquake|p1a: Scizor
|-damage|p1a: Scizor|102\/344
|-damage|p2a: Gonorrhea|325\/361|[from] item: Life Orb
|
|-weather|Sandstorm|[upkeep]
|turn|8
|
|switch|p1a: Gengar|Gengar, F|262\/262
|-damage|p1a: Gengar|230\/262|[from] Stealth Rock
|move|p2a: Gonorrhea|Rock Slide|p1a: Gengar
|-damage|p1a: Gengar|47\/262
|-damage|p2a: Gonorrhea|289\/361|[from] item: Life Orb
|
|-weather|Sandstorm|[upkeep]
|-damage|p1a: Gengar|31\/262|[from] sandstorm
|turn|9
|
|move|p2a: Gonorrhea|Iron Head|p1a: Gengar
|-damage|p1a: Gengar|0 fnt
|-damage|p2a: Gonorrhea|253\/361|[from] item: Life Orb
|faint|p1a: Gengar
|
|-weather|Sandstorm|[upkeep]
|
|switch|p1a: Slowbro|Slowbro, F|226\/394
|-damage|p1a: Slowbro|177\/394|[from] Stealth Rock
|turn|10
|
|move|p2a: Gonorrhea|Earthquake|p1a: Slowbro
|-damage|p1a: Slowbro|0 fnt
|-damage|p2a: Gonorrhea|217\/361|[from] item: Life Orb
|faint|p1a: Slowbro
|
|-weather|none
|chat|Time2GetBopped|#Predicted
|
|switch|p1a: Keldeo|Keldeo|323\/323
|-damage|p1a: Keldeo|303\/323|[from] Stealth Rock
|turn|11
|
|move|p1a: Keldeo|Scald|p2a: Gonorrhea
|-supereffective|p2a: Gonorrhea
|-damage|p2a: Gonorrhea|0 fnt
|faint|p2a: Gonorrhea
|
|-heal|p1a: Keldeo|323\/323|[from] item: Leftovers
|
|switch|p2a: Bird Flu|Talonflame, M|297\/297
|turn|12
|
|move|p2a: Bird Flu|Brave Bird|p1a: Keldeo
|-supereffective|p1a: Keldeo
|-damage|p1a: Keldeo|0 fnt
|-damage|p2a: Bird Flu|190\/297|[from] recoil|[of] p1a: Keldeo
|faint|p1a: Keldeo
|
|
|switch|p1a: Clefable|Clefable, M|261\/394
|turn|13
|
|switch|p2a: Diabetes|Greninja, F|195\/285 par
|move|p1a: Clefable|Moonblast|p2a: Diabetes
|-supereffective|p2a: Diabetes
|-damage|p2a: Diabetes|0 fnt
|faint|p2a: Diabetes
|
|-heal|p1a: Clefable|285\/394|[from] item: Leftovers
|-message|Jefo forfeited.
|
|win|Time2GetBopped
|raw|Ladder updating...