|join|Magicblade
|join|Time2GetBopped
|player|p1|Magicblade|209
|player|p2|Time2GetBopped|138
|gametype|singles
|gen|6
|tier|OU
|rated
|clearpoke
|poke|p1|Gengar, M
|poke|p1|Meloetta, shiny
|poke|p1|Conkeldurr, M
|poke|p1|Gyarados, M
|poke|p1|Ferrothorn, M
|poke|p1|Landorus, M
|poke|p2|Tyranitar, M
|poke|p2|Excadrill, F
|poke|p2|Pinsir, M
|poke|p2|Talonflame, M
|poke|p2|Dragonite, M
|poke|p2|Greninja, M
|rule|Swagger Clause: Swagger is banned
|rule|Baton Pass Clause: Limit one PokÃ©mon knowing Baton Pass
|rule|Sleep Clause Mod: Limit one foe put to sleep
|rule|Species Clause: Limit one of each PokÃ©mon
|rule|OHKO Clause: OHKO moves are banned
|rule|Moody Clause: Moody is banned
|rule|Evasion Moves Clause: Evasion moves are banned
|rule|Endless Battle Clause: Forcing endless battles is banned
|rule|HP Percentage Mod: HP is shown in percentages
|teampreview
|
|start
|switch|p1a: Enten|Landorus, M|319\/319
|switch|p2a: Bird Flu|Talonflame, M|297\/297
|turn|1
|
|move|p2a: Bird Flu|U-turn|p1a: Enten
|-resisted|p1a: Enten
|-damage|p1a: Enten|268\/319
|
|switch|p2a: Polio|Dragonite, M|330\/330
|move|p1a: Enten|Focus Blast|p2a: Polio|[miss]
|-miss|p1a: Enten|p2a: Polio
|
|turn|2
|
|move|p1a: Enten|Knock Off|p2a: Polio
|-damage|p2a: Polio|263\/330
|-enditem|p2a: Polio|Choice Band|[from] move: Knock Off|[of] p1a: Enten
|-damage|p1a: Enten|237\/319|[from] item: Life Orb
|move|p2a: Polio|Fire Punch|p1a: Enten
|-damage|p1a: Enten|129\/319
|
|turn|3
|
|switch|p1a: Hentai|Ferrothorn, M|352\/352
|move|p2a: Polio|Outrage|p1a: Hentai
|-resisted|p1a: Hentai
|-damage|p1a: Hentai|280\/352
|-damage|p2a: Polio|222\/330|[from] ability: Iron Barbs|[of] p1a: Hentai
|-damage|p2a: Polio|167\/330|[from] item: Rocky Helmet|[of] p1a: Hentai
|
|turn|4
|
|move|p2a: Polio|Outrage|p1a: Hentai
|-resisted|p1a: Hentai
|-damage|p1a: Hentai|207\/352
|-damage|p2a: Polio|126\/330|[from] ability: Iron Barbs|[of] p1a: Hentai
|-damage|p2a: Polio|71\/330|[from] item: Rocky Helmet|[of] p1a: Hentai
|move|p1a: Hentai|Stealth Rock|p2a: Polio
|-sidestart|p2: Time2GetBopped|move: Stealth Rock
|
|-end|p2a: Polio|rampage
|-start|p2a: Polio|confusion
|turn|5
|c|âTime2GetBopped|wow ur thqat set
|
|-activate|p2a: Polio|confusion
|-damage|p2a: Polio|20\/330|[from] confusion
|move|p1a: Hentai|Leech Seed|p2a: Polio
|-start|p2a: Polio|move: Leech Seed
|
|-damage|p2a: Polio|0 fnt|[from] Leech Seed|[of] p1a: Hentai
|-heal|p1a: Hentai|227\/352|[silent]
|faint|p2a: Polio
|
|switch|p2a: AIDS|Tyranitar, M|341\/341
|-damage|p2a: AIDS|299\/341|[from] Stealth Rock
|-weather|Sandstorm
|turn|6
|c|âMagicblade|ofc
|
|switch|p1a: Enten|Landorus, M|129\/319
|move|p2a: AIDS|Stealth Rock|p1a: Enten
|-sidestart|p1: Magicblade|move: Stealth Rock
|
|-weather|Sandstorm|[upkeep]
|turn|7
|
|move|p1a: Enten|Focus Blast|p2a: AIDS
|-supereffective|p2a: AIDS
|-damage|p2a: AIDS|0 fnt
|faint|p2a: AIDS
|
|-weather|Sandstorm|[upkeep]
|
|switch|p2a: Gonorrhea|Excadrill, F|361\/361
|-damage|p2a: Gonorrhea|350\/361|[from] Stealth Rock
|turn|8
|c|âMagicblade|was there another set i did not know about
|
|move|p2a: Gonorrhea|Iron Head|p1a: Enten
|-damage|p1a: Enten|0 fnt
|-damage|p2a: Gonorrhea|314\/361|[from] item: Life Orb
|faint|p1a: Enten
|
|-weather|Sandstorm|[upkeep]
|
|switch|p1a: Hentai|Ferrothorn, M|227\/352
|-damage|p1a: Hentai|205\/352|[from] Stealth Rock
|turn|9
|
|move|p2a: Gonorrhea|Earthquake|p1a: Hentai
|-damage|p1a: Hentai|49\/352
|-damage|p2a: Gonorrhea|278\/361|[from] item: Life Orb
|move|p1a: Hentai|Leech Seed|p2a: Gonorrhea
|-start|p2a: Gonorrhea|move: Leech Seed
|
|-weather|Sandstorm|[upkeep]
|-damage|p2a: Gonorrhea|233\/361|[from] Leech Seed|[of] p1a: Hentai
|-heal|p1a: Hentai|94\/352|[silent]
|turn|10
|
|move|p1a: Hentai|Protect|p1a: Hentai
|-singleturn|p1a: Hentai|Protect
|move|p2a: Gonorrhea|Earthquake|p1a: Hentai
|-activate|p1a: Hentai|Protect
|
|-weather|none
|-damage|p2a: Gonorrhea|188\/361|[from] Leech Seed|[of] p1a: Hentai
|-heal|p1a: Hentai|139\/352|[silent]
|turn|11
|
|move|p2a: Gonorrhea|Rock Slide|p1a: Hentai
|-resisted|p1a: Hentai
|-damage|p1a: Hentai|97\/352
|-damage|p2a: Gonorrhea|152\/361|[from] item: Life Orb
|move|p1a: Hentai|Stealth Rock|p2a: Gonorrhea
|-fail|p2a: Gonorrhea
|
|-damage|p2a: Gonorrhea|107\/361|[from] Leech Seed|[of] p1a: Hentai
|-heal|p1a: Hentai|142\/352|[silent]
|turn|12
|
|move|p1a: Hentai|Protect|p1a: Hentai
|-singleturn|p1a: Hentai|Protect
|move|p2a: Gonorrhea|Rapid Spin|p1a: Hentai
|-activate|p1a: Hentai|Protect
|
|-damage|p2a: Gonorrhea|62\/361|[from] Leech Seed|[of] p1a: Hentai
|-heal|p1a: Hentai|187\/352|[silent]
|turn|13
|
|switch|p2a: Diabetes|Greninja, M|285\/285
|-damage|p2a: Diabetes|250\/285|[from] Stealth Rock
|switch|p1a: Kage|Gengar, M|262\/262
|-damage|p1a: Kage|230\/262|[from] Stealth Rock
|
|-heal|p1a: Kage|246\/262|[from] item: Black Sludge
|turn|14
|
|switch|p1a: Calamity|Meloetta, shiny|404\/404
|-damage|p1a: Calamity|354\/404|[from] Stealth Rock
|move|p2a: Diabetes|Hydro Pump|p1a: Calamity
|-start|p2a: Diabetes|typechange|Water|[from] Protean
|-damage|p1a: Calamity|181\/404
|-damage|p2a: Diabetes|222\/285|[from] item: Life Orb
|
|-heal|p1a: Calamity|206\/404|[from] item: Leftovers
|turn|15
|
|switch|p2a: Gonorrhea|Excadrill, F|62\/361
|-damage|p2a: Gonorrhea|51\/361|[from] Stealth Rock
|move|p1a: Calamity|Focus Blast|p2a: Gonorrhea
|-supereffective|p2a: Gonorrhea
|-damage|p2a: Gonorrhea|0 fnt
|faint|p2a: Gonorrhea
|
|-heal|p1a: Calamity|231\/404|[from] item: Leftovers
|
|switch|p2a: Diabetes|Greninja, M|222\/285
|-damage|p2a: Diabetes|187\/285|[from] Stealth Rock
|turn|16
|
|move|p2a: Diabetes|Hydro Pump|p1a: Calamity
|-start|p2a: Diabetes|typechange|Water|[from] Protean
|-damage|p1a: Calamity|66\/404
|-damage|p2a: Diabetes|159\/285|[from] item: Life Orb
|move|p1a: Calamity|Focus Blast|p2a: Diabetes
|-damage|p2a: Diabetes|1\/285
|
|-heal|p1a: Calamity|91\/404|[from] item: Leftovers
|turn|17
|
|move|p2a: Diabetes|Ice Beam|p1a: Calamity
|-start|p2a: Diabetes|typechange|Ice|[from] Protean
|-damage|p1a: Calamity|0 fnt
|-damage|p2a: Diabetes|0 fnt|[from] item: Life Orb
|faint|p1a: Calamity
|faint|p2a: Diabetes
|
|
|switch|p2a: Ass Cancer|Pinsir, M|289\/289
|-damage|p2a: Ass Cancer|217\/289|[from] Stealth Rock
|switch|p1a: Hentai|Ferrothorn, M|187\/352
|-damage|p1a: Hentai|165\/352|[from] Stealth Rock
|turn|18
|raw|<div class="broadcast-blue"><b>Community Mentoring is having a mentour in their room! first prize at the end of the month gets a custom tittle on smogon + room voice. thread: http:\/\/www.smogon.com\/forums\/threads\/mentorship-mentours.3516642\/#post-5710248<\/b><\/div>
|
|detailschange|p2a: Ass Cancer|Pinsir-Mega, M
|message|Pinsir has Mega Evolved into Mega Pinsir!
|move|p2a: Ass Cancer|Swords Dance|p2a: Ass Cancer
|-boost|p2a: Ass Cancer|atk|2
|move|p1a: Hentai|Gyro Ball|p2a: Ass Cancer
|-damage|p2a: Ass Cancer|73\/289
|
|turn|19
|
|move|p2a: Ass Cancer|Return|p1a: Hentai
|-damage|p1a: Hentai|0 fnt
|-damage|p2a: Ass Cancer|37\/289|[from] ability: Iron Barbs|[of] p1a: Hentai
|-damage|p2a: Ass Cancer|0 fnt|[from] item: Rocky Helmet|[of] p1a: Hentai
|faint|p2a: Ass Cancer
|faint|p1a: Hentai
|
|
|switch|p2a: Bird Flu|Talonflame, M|297\/297
|-damage|p2a: Bird Flu|149\/297|[from] Stealth Rock
|switch|p1a: Predator|Gyarados, M|331\/331
|-damage|p1a: Predator|249\/331|[from] Stealth Rock
|-ability|p1a: Predator|Intimidate|[of] p2a: Bird Flu
|-unboost|p2a: Bird Flu|atk|1
|turn|20
|
|detailschange|p1a: Predator|Gyarados-Mega, M
|message|Gyarados has Mega Evolved into Mega Gyarados!
|-ability|p1a: Predator|Mold Breaker
|move|p2a: Bird Flu|Brave Bird|p1a: Predator
|-damage|p1a: Predator|86\/331
|-damage|p2a: Bird Flu|95\/297|[from] recoil|[of] p1a: Predator
|move|p1a: Predator|Waterfall|p2a: Bird Flu
|-supereffective|p2a: Bird Flu
|-damage|p2a: Bird Flu|0 fnt
|faint|p2a: Bird Flu
|
|win|Magicblade
|raw|Ladder updating...
|raw|Magicblade's rating: 1915 &rarr; <strong>1923<\/strong><br \/>(+8 for winning)
|raw|Time2GetBopped's rating: 1667 &rarr; <strong>1659<\/strong><br \/>(-8 for losing)
|c|âMagicblade|gg
|c|âTime2GetBopped|gg
|leave|Time2GetBopped
|player|p2