|join|Time2GetBopped
|join|kh915
|player|p1|Time2GetBopped|138
|player|p2|kh915|2
|gametype|singles
|gen|6
|tier|OU
|rated
|clearpoke
|poke|p1|Tyranitar, M
|poke|p1|Excadrill, F
|poke|p1|Pinsir, F
|poke|p1|Talonflame, M
|poke|p1|Dragonite, F
|poke|p1|Greninja, F
|poke|p2|Ferrothorn, M
|poke|p2|Milotic, M
|poke|p2|Latios, M
|poke|p2|Mamoswine, F
|poke|p2|Gardevoir, F
|poke|p2|Rotom-Heat
|rule|Swagger Clause: Swagger is banned
|rule|Baton Pass Clause: Limit one PokÃ©mon knowing Baton Pass
|rule|Sleep Clause Mod: Limit one foe put to sleep
|rule|Species Clause: Limit one of each PokÃ©mon
|rule|OHKO Clause: OHKO moves are banned
|rule|Moody Clause: Moody is banned
|rule|Evasion Moves Clause: Evasion moves are banned
|rule|Endless Battle Clause: Forcing endless battles is banned
|rule|HP Percentage Mod: HP is shown in percentages
|teampreview
|
|start
|switch|p1a: Scientology|Tyranitar, M|341\/341
|switch|p2a: Mamoswine|Mamoswine, F|359\/359
|-weather|Sandstorm
|turn|1
|
|move|p2a: Mamoswine|Knock Off|p1a: Scientology
|-resisted|p1a: Scientology
|-damage|p1a: Scientology|258\/341
|-enditem|p1a: Scientology|Focus Sash|[from] move: Knock Off|[of] p2a: Mamoswine
|-damage|p2a: Mamoswine|324\/359|[from] item: Life Orb
|move|p1a: Scientology|Stealth Rock|p2a: Mamoswine
|-sidestart|p2: kh915|move: Stealth Rock
|
|-weather|Sandstorm|[upkeep]
|turn|2
|
|move|p2a: Mamoswine|Earthquake|p1a: Scientology
|-supereffective|p1a: Scientology
|-damage|p1a: Scientology|0 fnt
|-damage|p2a: Mamoswine|289\/359|[from] item: Life Orb
|faint|p1a: Scientology
|
|-weather|Sandstorm|[upkeep]
|
|switch|p1a: Diabetes|Greninja, F|285\/285
|turn|3
|
|switch|p1a: Polio|Dragonite, F|330\/330
|switch|p2a: Milotic|Milotic, M|394\/394
|-damage|p2a: Milotic|345\/394|[from] Stealth Rock
|
|-weather|Sandstorm|[upkeep]
|-damage|p1a: Polio|310\/330|[from] sandstorm
|-damage|p2a: Milotic|321\/394|[from] sandstorm
|-heal|p2a: Milotic|345\/394|[from] item: Leftovers
|turn|4
|
|move|p1a: Polio|Outrage|p2a: Milotic
|-damage|p2a: Milotic|41\/394
|move|p2a: Milotic|Toxic|p1a: Polio
|-status|p1a: Polio|tox
|
|-weather|Sandstorm|[upkeep]
|-damage|p1a: Polio|290\/330 tox|[from] sandstorm
|-damage|p2a: Milotic|17\/394|[from] sandstorm
|-heal|p2a: Milotic|41\/394|[from] item: Leftovers
|-damage|p1a: Polio|270\/330 tox|[from] psn
|turn|5
|c|âTime2GetBopped|HALLLA
|
|switch|p2a: Gardevoir|Gardevoir, F|283\/283
|-damage|p2a: Gardevoir|248\/283|[from] Stealth Rock
|-ability|p2a: Gardevoir|Multiscale|[from] ability: Trace|[of] p1a: Polio
|move|p1a: Polio|Outrage|p2a: Gardevoir
|-immune|p2a: Gardevoir|[msg]
|
|-weather|none
|-damage|p1a: Polio|230\/330 tox|[from] psn
|turn|6
|
|switch|p1a: Gonorrhea|Excadrill, F|361\/361
|detailschange|p2a: Gardevoir|Gardevoir-Mega, F
|message|Gardevoir has Mega Evolved into Mega Gardevoir!
|move|p2a: Gardevoir|Hyper Voice|p1a: Gonorrhea
|-resisted|p1a: Gonorrhea
|-damage|p1a: Gonorrhea|189\/361
|
|turn|7
|
|switch|p2a: Rotom-Heat|Rotom-Heat|304\/304
|-damage|p2a: Rotom-Heat|228\/304|[from] Stealth Rock
|move|p1a: Gonorrhea|Iron Head|p2a: Rotom-Heat
|-resisted|p2a: Rotom-Heat
|-damage|p2a: Rotom-Heat|194\/304
|-damage|p1a: Gonorrhea|153\/361|[from] item: Life Orb
|
|-heal|p2a: Rotom-Heat|213\/304|[from] item: Leftovers
|turn|8
|
|switch|p2a: Latios|Latios, M|301\/301
|-damage|p2a: Latios|264\/301|[from] Stealth Rock
|move|p1a: Gonorrhea|Rock Slide|p2a: Latios
|-damage|p2a: Latios|113\/301
|-damage|p1a: Gonorrhea|117\/361|[from] item: Life Orb
|
|turn|9
|
|move|p2a: Latios|Defog|p1a: Gonorrhea
|-unboost|p1a: Gonorrhea|evasion|1
|-sideend|p2: kh915|Stealth Rock|[from] move: Defog|[of] p2a: Latios
|move|p1a: Gonorrhea|Iron Head|p2a: Latios
|-damage|p2a: Latios|0 fnt
|-damage|p1a: Gonorrhea|81\/361|[from] item: Life Orb
|faint|p2a: Latios
|
|
|switch|p2a: Gardevoir|Gardevoir-Mega, F|248\/283
|turn|10
|
|move|p2a: Gardevoir|Psyshock|p1a: Gonorrhea
|-resisted|p1a: Gonorrhea
|-damage|p1a: Gonorrhea|0 fnt
|faint|p1a: Gonorrhea
|
|
|switch|p1a: Bird Flu|Talonflame, M|297\/297
|turn|11
|
|switch|p2a: Rotom-Heat|Rotom-Heat|213\/304
|move|p1a: Bird Flu|U-turn|p2a: Rotom-Heat
|-resisted|p2a: Rotom-Heat
|-damage|p2a: Rotom-Heat|181\/304
|
|switch|p1a: Diabetes|Greninja, F|285\/285
|
|-heal|p2a: Rotom-Heat|200\/304|[from] item: Leftovers
|turn|12
|
|switch|p2a: Ferrothorn|Ferrothorn, M|352\/352
|move|p1a: Diabetes|Hydro Pump|p2a: Ferrothorn
|-start|p1a: Diabetes|typechange|Water|[from] Protean
|-resisted|p2a: Ferrothorn
|-damage|p2a: Ferrothorn|256\/352
|-damage|p1a: Diabetes|257\/285|[from] item: Life Orb
|
|turn|13
|
|switch|p1a: Polio|Dragonite, F|230\/330 tox
|switch|p2a: Milotic|Milotic, M|41\/394
|
|-heal|p2a: Milotic|65\/394|[from] item: Leftovers
|-damage|p1a: Polio|210\/330 tox|[from] psn
|turn|14
|
|switch|p2a: Ferrothorn|Ferrothorn, M|256\/352
|move|p1a: Polio|Extreme Speed|p2a: Ferrothorn
|-resisted|p2a: Ferrothorn
|-damage|p2a: Ferrothorn|209\/352
|-damage|p1a: Polio|169\/330 tox|[from] ability: Iron Barbs|[of] p2a: Ferrothorn
|-damage|p1a: Polio|114\/330 tox|[from] item: Rocky Helmet|[of] p2a: Ferrothorn
|
|-damage|p1a: Polio|74\/330 tox|[from] psn
|turn|15
|
|switch|p1a: Bird Flu|Talonflame, M|297\/297
|move|p2a: Ferrothorn|Stealth Rock|p1a: Bird Flu
|-sidestart|p1: Time2GetBopped|move: Stealth Rock
|
|turn|16
|
|move|p1a: Bird Flu|Flare Blitz|p2a: Ferrothorn
|-supereffective|p2a: Ferrothorn
|-damage|p2a: Ferrothorn|0 fnt
|-damage|p1a: Bird Flu|260\/297|[from] ability: Iron Barbs|[of] p2a: Ferrothorn
|-damage|p1a: Bird Flu|211\/297|[from] item: Rocky Helmet|[of] p2a: Ferrothorn
|-damage|p1a: Bird Flu|142\/297|[from] recoil|[of] p2a: Ferrothorn
|faint|p2a: Ferrothorn
|
|
|switch|p2a: Rotom-Heat|Rotom-Heat|200\/304
|turn|17
|
|move|p1a: Bird Flu|Flare Blitz|p2a: Rotom-Heat
|-resisted|p2a: Rotom-Heat
|-damage|p2a: Rotom-Heat|116\/304
|-damage|p1a: Bird Flu|114\/297|[from] recoil|[of] p2a: Rotom-Heat
|move|p2a: Rotom-Heat|Volt Switch|p1a: Bird Flu
|-supereffective|p1a: Bird Flu
|-damage|p1a: Bird Flu|0 fnt
|faint|p1a: Bird Flu
|
|switch|p2a: Milotic|Milotic, M|65\/394
|
|-heal|p2a: Milotic|89\/394|[from] item: Leftovers
|
|switch|p1a: Ass Cancer|Pinsir, F|287\/287
|-damage|p1a: Ass Cancer|216\/287|[from] Stealth Rock
|turn|18
|
|detailschange|p1a: Ass Cancer|Pinsir-Mega, F
|message|Pinsir has Mega Evolved into Mega Pinsir!
|move|p1a: Ass Cancer|Return|p2a: Milotic
|-damage|p2a: Milotic|0 fnt
|faint|p2a: Milotic
|
|
|switch|p2a: Rotom-Heat|Rotom-Heat|116\/304
|turn|19
|
|switch|p1a: Polio|Dragonite, F|74\/330 tox
|-damage|p1a: Polio|0 fnt|[from] Stealth Rock
|faint|p1a: Polio
|move|p2a: Rotom-Heat|Volt Switch|p1: Polio|[notarget]
|-notarget
|
|-heal|p2a: Rotom-Heat|135\/304|[from] item: Leftovers
|
|switch|p1a: Diabetes|Greninja, F|257\/285
|-damage|p1a: Diabetes|222\/285|[from] Stealth Rock
|turn|20
|
|move|p1a: Diabetes|Hydro Pump|p2a: Rotom-Heat
|-start|p1a: Diabetes|typechange|Water|[from] Protean
|-supereffective|p2a: Rotom-Heat
|-damage|p2a: Rotom-Heat|0 fnt
|-damage|p1a: Diabetes|194\/285|[from] item: Life Orb
|faint|p2a: Rotom-Heat
|
|
|switch|p2a: Gardevoir|Gardevoir-Mega, F|248\/283
|turn|21
|
|move|p1a: Diabetes|Hydro Pump|p2a: Gardevoir
|-damage|p2a: Gardevoir|87\/283
|-damage|p1a: Diabetes|166\/285|[from] item: Life Orb
|move|p2a: Gardevoir|Hyper Voice|p1a: Diabetes
|-damage|p1a: Diabetes|0 fnt
|faint|p1a: Diabetes
|
|
|switch|p1a: Ass Cancer|Pinsir-Mega, F|216\/287
|-damage|p1a: Ass Cancer|73\/287|[from] Stealth Rock
|turn|22
|
|move|p1a: Ass Cancer|Return|p2a: Gardevoir
|-damage|p2a: Gardevoir|0 fnt
|faint|p2a: Gardevoir
|
|
|switch|p2a: Mamoswine|Mamoswine, F|289\/359
|turn|23
|
|move|p2a: Mamoswine|Ice Shard|p1a: Ass Cancer
|-supereffective|p1a: Ass Cancer
|-damage|p1a: Ass Cancer|0 fnt
|-damage|p2a: Mamoswine|254\/359|[from] item: Life Orb
|faint|p1a: Ass Cancer
|
|win|kh915
|raw|Ladder updating...
|raw|Time2GetBopped's rating: 1685 &rarr; <strong>1663<\/strong><br \/>(-22 for losing)
|raw|kh915's rating: 1647 &rarr; <strong>1669<\/strong><br \/>(+22 for winning)
|c|âTime2GetBopped|gg
|leave|Time2GetBopped
|player|p1
|c|âkh915|gg