|join|Time2GetBopped
|join|Lord Amir
|player|p1|Time2GetBopped|138
|player|p2|Lord Amir|237
|gametype|singles
|gen|6
|tier|OU (suspect test)
|rated
|clearpoke
|poke|p1|Gyarados, F
|poke|p1|Rotom-Wash
|poke|p1|Scizor, F
|poke|p1|Terrakion
|poke|p1|Latios, M
|poke|p1|Garchomp, M
|poke|p2|Sableye, F
|poke|p2|Thundurus, M
|poke|p2|Latias, F
|poke|p2|Terrakion
|poke|p2|Scizor, F
|poke|p2|Volcarona, M
|rule|Swagger Clause: Swagger is banned
|rule|Baton Pass Clause: Limit one PokÃ©mon knowing Baton Pass
|rule|Sleep Clause Mod: Limit one foe put to sleep
|rule|Species Clause: Limit one of each PokÃ©mon
|rule|OHKO Clause: OHKO moves are banned
|rule|Moody Clause: Moody is banned
|rule|Evasion Moves Clause: Evasion moves are banned
|rule|Endless Battle Clause: Forcing endless battles is banned
|rule|HP Percentage Mod: HP is shown in percentages
|teampreview
|
|start
|switch|p1a: Garchomp|Garchomp, M|358\/358
|switch|p2a: Sableye|Sableye, F|303\/303
|turn|1
|
|switch|p1a: Rotom-Wash|Rotom-Wash|304\/304
|detailschange|p2a: Sableye|Sableye-Mega, F
|-mega|p2a: Sableye|Sableye|Sablenite
|move|p2a: Sableye|Will-O-Wisp|p1a: Rotom-Wash
|-status|p1a: Rotom-Wash|brn
|
|-damage|p1a: Rotom-Wash|266\/304 brn|[from] brn
|turn|2
|
|switch|p2a: Latias|Latias, F|301\/301
|move|p1a: Rotom-Wash|Volt Switch|p2a: Latias
|-resisted|p2a: Latias
|-damage|p2a: Latias|265\/301
|
|switch|p1a: Garchomp|Garchomp, M|358\/358
|
|turn|3
|c|âTime2GetBopped|sry
|
|switch|p2a: Sableye|Sableye-Mega, F|303\/303
|move|p1a: Garchomp|Outrage|p2a: Sableye
|-damage|p2a: Sableye|173\/303
|
|turn|4
|c|âLord Amir|it's okay
|
|move|p1a: Garchomp|Outrage|p2a: Sableye
|-damage|p2a: Sableye|34\/303
|move|p2a: Sableye|Recover|p2a: Sableye
|-heal|p2a: Sableye|186\/303
|
|-end|p1a: Garchomp|rampage
|-start|p1a: Garchomp|confusion
|turn|5
|
|switch|p1a: Rotom-Wash|Rotom-Wash|266\/304 brn
|move|p2a: Sableye|Will-O-Wisp|p1a: Rotom-Wash
|-fail|p1a: Rotom-Wash|brn
|
|-heal|p1a: Rotom-Wash|285\/304 brn|[from] item: Leftovers
|-damage|p1a: Rotom-Wash|247\/304 brn|[from] brn
|turn|6
|
|switch|p2a: Latias|Latias, F|265\/301
|move|p1a: Rotom-Wash|Volt Switch|p2a: Latias
|-resisted|p2a: Latias
|-damage|p2a: Latias|229\/301
|
|switch|p1a: Garchomp|Garchomp, M|358\/358
|
|turn|7
|
|switch|p2a: Scizor|Scizor, F|343\/343
|move|p1a: Garchomp|Outrage|p2a: Scizor
|-resisted|p2a: Scizor
|-damage|p2a: Scizor|230\/343
|
|turn|8
|
|move|p1a: Garchomp|Outrage|p2a: Scizor
|-resisted|p2a: Scizor
|-damage|p2a: Scizor|117\/343
|move|p2a: Scizor|Roost|p2a: Scizor
|-heal|p2a: Scizor|289\/343
|
|turn|9
|
|move|p1a: Garchomp|Outrage|p2a: Scizor
|-resisted|p2a: Scizor
|-damage|p2a: Scizor|173\/343
|move|p2a: Scizor|Roost|p2a: Scizor
|-heal|p2a: Scizor|343\/343
|
|-end|p1a: Garchomp|rampage
|-start|p1a: Garchomp|confusion
|turn|10
|
|switch|p1a: Gyarados|Gyarados, F|393\/393
|-ability|p1a: Gyarados|Intimidate|[of] p2a: Scizor
|-unboost|p2a: Scizor|atk|1
|move|p2a: Scizor|U-turn|p1a: Gyarados
|-resisted|p1a: Gyarados
|-damage|p1a: Gyarados|346\/393
|
|switch|p2a: Thundurus|Thundurus, M|299\/299
|
|-heal|p1a: Gyarados|370\/393|[from] item: Leftovers
|turn|11
|
|switch|p1a: Garchomp|Garchomp, M|358\/358
|move|p2a: Thundurus|Nasty Plot|p2a: Thundurus
|-boost|p2a: Thundurus|spa|2
|
|turn|12
|
|switch|p2a: Scizor|Scizor, F|343\/343
|move|p1a: Garchomp|Outrage|p2a: Scizor
|-crit|p2a: Scizor
|-resisted|p2a: Scizor
|-damage|p2a: Scizor|169\/343
|
|turn|13
|
|move|p1a: Garchomp|Outrage|p2a: Scizor
|-resisted|p2a: Scizor
|-damage|p2a: Scizor|65\/343
|move|p2a: Scizor|Roost|p2a: Scizor
|-heal|p2a: Scizor|237\/343
|
|-end|p1a: Garchomp|rampage
|-start|p1a: Garchomp|confusion
|turn|14
|
|switch|p1a: Gyarados|Gyarados, F|370\/393
|-ability|p1a: Gyarados|Intimidate|[of] p2a: Scizor
|-unboost|p2a: Scizor|atk|1
|move|p2a: Scizor|Roost|p2a: Scizor
|-heal|p2a: Scizor|343\/343
|
|-heal|p1a: Gyarados|393\/393|[from] item: Leftovers
|turn|15
|
|move|p1a: Gyarados|Waterfall|p2a: Scizor
|-damage|p2a: Scizor|219\/343
|move|p2a: Scizor|U-turn|p1a: Gyarados
|-resisted|p1a: Gyarados
|-damage|p1a: Gyarados|345\/393
|
|switch|p2a: Thundurus|Thundurus, M|299\/299
|
|-heal|p1a: Gyarados|369\/393|[from] item: Leftovers
|turn|16
|
|switch|p1a: Rotom-Wash|Rotom-Wash|247\/304 brn
|move|p2a: Thundurus|Thunderbolt|p1a: Rotom-Wash
|-damage|p1a: Rotom-Wash|66\/304 brn
|-damage|p2a: Thundurus|270\/299|[from] item: Life Orb
|
|-heal|p1a: Rotom-Wash|85\/304 brn|[from] item: Leftovers
|-damage|p1a: Rotom-Wash|47\/304 brn|[from] brn
|turn|17
|
|move|p2a: Thundurus|Thunderbolt|p1a: Rotom-Wash
|-damage|p1a: Rotom-Wash|0 fnt
|-damage|p2a: Thundurus|241\/299|[from] item: Life Orb
|faint|p1a: Rotom-Wash
|
|
|switch|p1a: Garchomp|Garchomp, M|358\/358
|turn|18
|
|move|p1a: Garchomp|Outrage|p2a: Thundurus
|-damage|p2a: Thundurus|0 fnt
|faint|p2a: Thundurus
|
|
|switch|p2a: Sableye|Sableye-Mega, F|186\/303
|turn|19
|
|move|p1a: Garchomp|Outrage|p2a: Sableye
|-damage|p2a: Sableye|59\/303
|move|p2a: Sableye|Recover|p2a: Sableye
|-heal|p2a: Sableye|211\/303
|
|turn|20
|
|move|p1a: Garchomp|Outrage|p2a: Sableye
|-damage|p2a: Sableye|75\/303
|move|p2a: Sableye|Will-O-Wisp|p1a: Garchomp
|-status|p1a: Garchomp|brn
|
|-end|p1a: Garchomp|rampage
|-start|p1a: Garchomp|confusion
|-damage|p1a: Garchomp|314\/358 brn|[from] brn
|turn|21
|
|switch|p1a: Gyarados|Gyarados, F|369\/393
|-ability|p1a: Gyarados|Intimidate|[of] p2a: Sableye
|-unboost|p2a: Sableye|atk|1
|move|p2a: Sableye|Recover|p2a: Sableye
|-heal|p2a: Sableye|227\/303
|
|-heal|p1a: Gyarados|393\/393|[from] item: Leftovers
|turn|22
|
|move|p1a: Gyarados|Substitute|p1a: Gyarados
|-start|p1a: Gyarados|Substitute
|-damage|p1a: Gyarados|295\/393
|move|p2a: Sableye|Will-O-Wisp|p1a: Gyarados|[miss]
|-miss|p2a: Sableye|p1a: Gyarados
|
|-heal|p1a: Gyarados|319\/393|[from] item: Leftovers
|turn|23
|
|move|p1a: Gyarados|Dragon Dance|p1a: Gyarados
|-boost|p1a: Gyarados|atk|1
|-boost|p1a: Gyarados|spe|1
|move|p2a: Sableye|Dark Pulse|p1a: Gyarados
|-activate|p1a: Gyarados|Substitute|[damage]
|
|-heal|p1a: Gyarados|343\/393|[from] item: Leftovers
|turn|24
|c|âLord Amir|omai
|
|move|p1a: Gyarados|Bounce|p2a: Sableye|[still]
|-prepare|p1a: Gyarados|Bounce|p2a: Sableye
|move|p2a: Sableye|Dark Pulse|p1a: Gyarados|[miss]
|-miss|p2a: Sableye|p1a: Gyarados
|
|-heal|p1a: Gyarados|367\/393|[from] item: Leftovers
|turn|25
|c|âTime2GetBopped|nicen dodge
|
|move|p1a: Gyarados|Bounce|p2a: Sableye
|-damage|p2a: Sableye|119\/303
|move|p2a: Sableye|Dark Pulse|p1a: Gyarados
|-end|p1a: Gyarados|Substitute
|
|-heal|p1a: Gyarados|391\/393|[from] item: Leftovers
|turn|26
|
|switch|p2a: Latias|Latias, F|229\/301
|move|p1a: Gyarados|Substitute|p1a: Gyarados
|-start|p1a: Gyarados|Substitute
|-damage|p1a: Gyarados|293\/393
|
|-heal|p1a: Gyarados|317\/393|[from] item: Leftovers
|turn|27
|
|move|p1a: Gyarados|Dragon Dance|p1a: Gyarados
|-boost|p1a: Gyarados|atk|1
|-boost|p1a: Gyarados|spe|1
|move|p2a: Latias|Psyshock|p1a: Gyarados
|-end|p1a: Gyarados|Substitute
|-damage|p2a: Latias|199\/301|[from] item: Life Orb
|
|-heal|p1a: Gyarados|341\/393|[from] item: Leftovers
|turn|28
|
|move|p1a: Gyarados|Bounce|p2a: Latias|[still]
|-prepare|p1a: Gyarados|Bounce|p2a: Latias
|move|p2a: Latias|Recover|p2a: Latias
|-heal|p2a: Latias|301\/301
|
|-heal|p1a: Gyarados|365\/393|[from] item: Leftovers
|turn|29
|
|move|p1a: Gyarados|Bounce|p2a: Latias
|-damage|p2a: Latias|45\/301
|move|p2a: Latias|Draco Meteor|p1a: Gyarados
|-damage|p1a: Gyarados|84\/393
|-unboost|p2a: Latias|spa|2
|-damage|p2a: Latias|15\/301|[from] item: Life Orb
|
|-heal|p1a: Gyarados|108\/393|[from] item: Leftovers
|turn|30
|
|move|p1a: Gyarados|Waterfall|p2a: Latias
|-resisted|p2a: Latias
|-damage|p2a: Latias|0 fnt
|faint|p2a: Latias
|
|-heal|p1a: Gyarados|132\/393|[from] item: Leftovers
|
|switch|p2a: Terrakion|Terrakion|323\/323
|turn|31
|c|âLord Amir|gg
|
|move|p2a: Terrakion|Stone Edge|p1a: Gyarados
|-supereffective|p1a: Gyarados
|-damage|p1a: Gyarados|0 fnt
|faint|p1a: Gyarados
|
|c|âLord Amir|lol
|
|switch|p1a: Scizor|Scizor, F|281\/281
|turn|32
|
|switch|p2a: Volcarona|Volcarona, M|335\/335
|detailschange|p1a: Scizor|Scizor-Mega, F
|-mega|p1a: Scizor|Scizor|Scizorite
|move|p1a: Scizor|Superpower|p2a: Volcarona
|-resisted|p2a: Volcarona
|-damage|p2a: Volcarona|217\/335
|-status|p1a: Scizor|brn
|-unboost|p1a: Scizor|atk|1
|-unboost|p1a: Scizor|def|1
|
|-damage|p1a: Scizor|246\/281 brn|[from] brn
|turn|33
|c|âTime2GetBopped|REALLY
|c|âLord Amir|lol
|c|âTime2GetBopped|THE 30%
|c|âLord Amir|lol
|
|switch|p1a: Garchomp|Garchomp, M|314\/358 brn
|move|p2a: Volcarona|Quiver Dance|p2a: Volcarona
|-boost|p2a: Volcarona|spa|1
|-boost|p2a: Volcarona|spd|1
|-boost|p2a: Volcarona|spe|1
|
|-damage|p1a: Garchomp|270\/358 brn|[from] brn
|turn|34
|c|âLord Amir|it's the same as scald
|
|move|p1a: Garchomp|Outrage|p2a: Volcarona
|-damage|p2a: Volcarona|75\/335
|move|p2a: Volcarona|Giga Drain|p1a: Garchomp
|-damage|p1a: Garchomp|52\/358 brn
|-heal|p2a: Volcarona|184\/335|[from] drain|[of] p1a: Garchomp
|-damage|p2a: Volcarona|151\/335|[from] item: Life Orb
|
|-damage|p1a: Garchomp|8\/358 brn|[from] brn
|turn|35
|
|switch|p2a: Scizor|Scizor, F|219\/343
|move|p1a: Garchomp|Outrage|p2a: Scizor
|-crit|p2a: Scizor
|-resisted|p2a: Scizor
|-damage|p2a: Scizor|133\/343
|
|-damage|p1a: Garchomp|0 fnt|[from] brn
|faint|p1a: Garchomp
|
|switch|p1a: Scizor|Scizor-Mega, F|246\/281 brn
|turn|36
|
|move|p1a: Scizor|Swords Dance|p1a: Scizor
|-boost|p1a: Scizor|atk|2
|move|p2a: Scizor|U-turn|p1a: Scizor
|-crit|p1a: Scizor
|-resisted|p1a: Scizor
|-damage|p1a: Scizor|182\/281 brn
|
|switch|p2a: Volcarona|Volcarona, M|151\/335
|
|-damage|p1a: Scizor|147\/281 brn|[from] brn
|turn|37
|
|move|p2a: Volcarona|Fire Blast|p1a: Scizor
|-supereffective|p1a: Scizor
|-damage|p1a: Scizor|0 fnt
|-damage|p2a: Volcarona|118\/335|[from] item: Life Orb
|faint|p1a: Scizor
|
|
|switch|p1a: Latios|Latios, M|301\/301
|turn|38
|
|move|p1a: Latios|Psyshock|p2a: Volcarona
|-damage|p2a: Volcarona|0 fnt
|-damage|p1a: Latios|271\/301|[from] item: Life Orb
|faint|p2a: Volcarona
|
|
|switch|p2a: Scizor|Scizor, F|133\/343
|turn|39
|
|move|p2a: Scizor|Bullet Punch|p1a: Latios
|-damage|p1a: Latios|178\/301
|move|p1a: Latios|Draco Meteor|p2a: Scizor
|-resisted|p2a: Scizor
|-damage|p2a: Scizor|0 fnt
|-unboost|p1a: Latios|spa|2
|-damage|p1a: Latios|148\/301|[from] item: Life Orb
|faint|p2a: Scizor
|
|
|switch|p2a: Sableye|Sableye-Mega, F|119\/303
|turn|40
|
|switch|p1a: Terrakion|Terrakion|323\/323
|move|p2a: Sableye|Recover|p2a: Sableye
|-heal|p2a: Sableye|271\/303
|
|turn|41
|
|switch|p1a: Latios|Latios, M|148\/301
|move|p2a: Sableye|Will-O-Wisp|p1a: Latios
|-status|p1a: Latios|brn
|
|-damage|p1a: Latios|111\/301 brn|[from] brn
|turn|42
|
|move|p1a: Latios|Roost|p1a: Latios
|-heal|p1a: Latios|262\/301 brn
|move|p2a: Sableye|Recover|p2a: Sableye
|-heal|p2a: Sableye|303\/303
|
|-damage|p1a: Latios|225\/301 brn|[from] brn
|turn|43
|c|âLord Amir|i choked :S
|
|move|p1a: Latios|Draco Meteor|p2a: Sableye
|-damage|p2a: Sableye|17\/303
|-unboost|p1a: Latios|spa|2
|-damage|p1a: Latios|195\/301 brn|[from] item: Life Orb
|move|p2a: Sableye|Dark Pulse|p1a: Latios
|-supereffective|p1a: Latios
|-damage|p1a: Latios|45\/301 brn
|
|-damage|p1a: Latios|8\/301 brn|[from] brn
|turn|44
|
|switch|p1a: Terrakion|Terrakion|323\/323
|move|p2a: Sableye|Dark Pulse|p1a: Terrakion
|-resisted|p1a: Terrakion
|-damage|p1a: Terrakion|281\/323
|-boost|p1a: Terrakion|atk|1|[from] ability: Justified
|
|turn|45
|
|move|p1a: Terrakion|Stealth Rock|p2a: Sableye
|move|p2a: Sableye|Stealth Rock|p1a: Terrakion|[from]Magic Bounce
|-sidestart|p1: Time2GetBopped|move: Stealth Rock
|move|p2a: Sableye|Will-O-Wisp|p1a: Terrakion
|-status|p1a: Terrakion|brn
|
|-damage|p1a: Terrakion|241\/323 brn|[from] brn
|turn|46
|c|âLord Amir|gg
|
|move|p1a: Terrakion|Stone Edge|p2a: Sableye
|-crit|p2a: Sableye
|-damage|p2a: Sableye|0 fnt
|-damage|p1a: Terrakion|209\/323 brn|[from] item: Life Orb
|faint|p2a: Sableye
|
|-damage|p1a: Terrakion|169\/323 brn|[from] brn
|
|switch|p2a: Terrakion|Terrakion|323\/323
|turn|47
|c|âLord Amir|i'm scarfed btw
|
|move|p2a: Terrakion|Close Combat|p1a: Terrakion
|-supereffective|p1a: Terrakion
|-damage|p1a: Terrakion|0 fnt
|-unboost|p2a: Terrakion|def|1
|-unboost|p2a: Terrakion|spd|1
|faint|p1a: Terrakion
|
|c|âTime2GetBopped|ik
|c|âLord Amir|gg
|c|âTime2GetBopped|im not fucking dumb
|
|switch|p1a: Latios|Latios, M|8\/301 brn
|-damage|p1a: Latios|0 fnt|[from] Stealth Rock
|faint|p1a: Latios
|
|win|Lord Amir
|raw|Ladder updating...
|c|âLord Amir|lol
|leave|Time2GetBopped
|player|p1
|raw|Time2GetBopped's rating: 1286 &rarr; <strong>1262<\/strong><br \/>(-24 for losing)
|raw|Lord Amir's rating: 1307 &rarr; <strong>1325<\/strong><br \/>(+18 for winning)
|c|âLord Amir|k