|join|Time2GetBopped
|join|Politoed's Wrath
|player|p1|Time2GetBopped|138
|player|p2|Politoed's Wrath|247
|gametype|singles
|gen|6
|tier|OU (suspect test)
|rated
|clearpoke
|poke|p1|Gyarados, M
|poke|p1|Rotom-Wash
|poke|p1|Scizor, F
|poke|p1|Terrakion
|poke|p1|Latios, M
|poke|p1|Garchomp, F
|poke|p2|Politoed, M
|poke|p2|Swampert, M
|poke|p2|Kingdra, M
|poke|p2|Ferrothorn, F
|poke|p2|Kabutops, F
|poke|p2|Ludicolo, F
|rule|Swagger Clause: Swagger is banned
|rule|Baton Pass Clause: Limit one PokÃ©mon knowing Baton Pass
|rule|Sleep Clause Mod: Limit one foe put to sleep
|rule|Species Clause: Limit one of each PokÃ©mon
|rule|OHKO Clause: OHKO moves are banned
|rule|Moody Clause: Moody is banned
|rule|Evasion Moves Clause: Evasion moves are banned
|rule|Endless Battle Clause: Forcing endless battles is banned
|rule|HP Percentage Mod: HP is shown in percentages
|teampreview
|
|start
|switch|p1a: Rotom-Wash|Rotom-Wash|304\/304
|switch|p2a: Politoed|Politoed, M|383\/383
|-weather|RainDance
|turn|1
|join|realm132
|
|switch|p2a: Kingdra|Kingdra, M|291\/291
|move|p1a: Rotom-Wash|Will-O-Wisp|p2a: Kingdra
|-status|p2a: Kingdra|brn
|
|-weather|RainDance|[upkeep]
|-damage|p2a: Kingdra|255\/291 brn|[from] brn
|turn|2
|
|move|p2a: Kingdra|Draco Meteor|p1a: Rotom-Wash
|-damage|p1a: Rotom-Wash|25\/304
|-unboost|p2a: Kingdra|spa|2
|move|p1a: Rotom-Wash|Volt Switch|p2a: Kingdra
|-damage|p2a: Kingdra|158\/291 brn
|
|switch|p1a: Gyarados|Gyarados, M|393\/393
|-ability|p1a: Gyarados|Intimidate|[of] p2a: Kingdra
|-unboost|p2a: Kingdra|atk|1
|
|-weather|RainDance|[upkeep]
|-damage|p2a: Kingdra|122\/291 brn|[from] brn
|turn|3
|
|switch|p2a: Ferrothorn|Ferrothorn, F|352\/352
|move|p1a: Gyarados|Dragon Dance|p1a: Gyarados
|-boost|p1a: Gyarados|atk|1
|-boost|p1a: Gyarados|spe|1
|
|-weather|RainDance|[upkeep]
|turn|4
|
|move|p1a: Gyarados|Substitute|p1a: Gyarados
|-start|p1a: Gyarados|Substitute
|-damage|p1a: Gyarados|295\/393
|move|p2a: Ferrothorn|Stealth Rock|p1a: Gyarados
|-sidestart|p1: Time2GetBopped|move: Stealth Rock
|
|-weather|RainDance|[upkeep]
|-heal|p1a: Gyarados|319\/393|[from] item: Leftovers
|turn|5
|
|move|p1a: Gyarados|Dragon Dance|p1a: Gyarados
|-boost|p1a: Gyarados|atk|1
|-boost|p1a: Gyarados|spe|1
|move|p2a: Ferrothorn|Power Whip|p1a: Gyarados
|-end|p1a: Gyarados|Substitute
|
|-weather|RainDance|[upkeep]
|-heal|p1a: Gyarados|343\/393|[from] item: Leftovers
|turn|6
|
|move|p1a: Gyarados|Dragon Dance|p1a: Gyarados
|-boost|p1a: Gyarados|atk|1
|-boost|p1a: Gyarados|spe|1
|move|p2a: Ferrothorn|Power Whip|p1a: Gyarados
|-damage|p1a: Gyarados|192\/393
|
|-weather|RainDance|[upkeep]
|-heal|p1a: Gyarados|216\/393|[from] item: Leftovers
|turn|7
|
|move|p1a: Gyarados|Bounce|p2a: Ferrothorn|[still]
|-prepare|p1a: Gyarados|Bounce|p2a: Ferrothorn
|move|p2a: Ferrothorn|Power Whip|p1a: Gyarados|[miss]
|-miss|p2a: Ferrothorn|p1a: Gyarados
|
|-weather|RainDance|[upkeep]
|-heal|p1a: Gyarados|240\/393|[from] item: Leftovers
|turn|8
|
|move|p1a: Gyarados|Bounce|p2a: Ferrothorn
|-damage|p2a: Ferrothorn|163\/352
|-damage|p1a: Gyarados|191\/393|[from] ability: Iron Barbs|[of] p2a: Ferrothorn
|move|p2a: Ferrothorn|Leech Seed|p1a: Gyarados
|-start|p1a: Gyarados|move: Leech Seed
|
|-weather|none
|-heal|p1a: Gyarados|215\/393|[from] item: Leftovers
|-heal|p2a: Ferrothorn|185\/352|[from] item: Leftovers
|-damage|p1a: Gyarados|166\/393|[from] Leech Seed|[of] p2a: Ferrothorn
|-heal|p2a: Ferrothorn|234\/352|[silent]
|turn|9
|
|switch|p1a: Terrakion|Terrakion|323\/323
|-damage|p1a: Terrakion|303\/323|[from] Stealth Rock
|move|p2a: Ferrothorn|Spikes|p1a: Terrakion
|-sidestart|p1: Time2GetBopped|Spikes
|
|-heal|p2a: Ferrothorn|256\/352|[from] item: Leftovers
|turn|10
|
|switch|p2a: Kingdra|Kingdra, M|122\/291 brn
|move|p1a: Terrakion|Stealth Rock|p2a: Kingdra
|-sidestart|p2: Politoed's Wrath|move: Stealth Rock
|
|-damage|p2a: Kingdra|86\/291 brn|[from] brn
|turn|11
|
|move|p1a: Terrakion|Close Combat|p2a: Kingdra
|-damage|p2a: Kingdra|0 fnt
|-unboost|p1a: Terrakion|def|1
|-unboost|p1a: Terrakion|spd|1
|-damage|p1a: Terrakion|271\/323|[from] item: Life Orb
|faint|p2a: Kingdra
|
|
|switch|p2a: Politoed|Politoed, M|383\/383
|-damage|p2a: Politoed|336\/383|[from] Stealth Rock
|-weather|RainDance
|turn|12
|
|move|p1a: Terrakion|Close Combat|p2a: Politoed
|-damage|p2a: Politoed|83\/383
|-unboost|p1a: Terrakion|def|1
|-unboost|p1a: Terrakion|spd|1
|-damage|p1a: Terrakion|239\/323|[from] item: Life Orb
|move|p2a: Politoed|Scald|p1a: Terrakion
|-supereffective|p1a: Terrakion
|-damage|p1a: Terrakion|0 fnt
|faint|p1a: Terrakion
|
|-weather|RainDance|[upkeep]
|
|switch|p1a: Gyarados|Gyarados, M|166\/393
|-damage|p1a: Gyarados|68\/393|[from] Stealth Rock
|-ability|p1a: Gyarados|Intimidate|[of] p2a: Politoed
|-unboost|p2a: Politoed|atk|1
|turn|13
|
|move|p1a: Gyarados|Bounce|p2a: Politoed|[still]
|-prepare|p1a: Gyarados|Bounce|p2a: Politoed
|move|p2a: Politoed|Encore|p1a: Gyarados|[miss]
|-miss|p2a: Politoed|p1a: Gyarados
|
|-weather|RainDance|[upkeep]
|-heal|p1a: Gyarados|92\/393|[from] item: Leftovers
|turn|14
|
|switch|p2a: Ferrothorn|Ferrothorn, F|256\/352
|-damage|p2a: Ferrothorn|234\/352|[from] Stealth Rock
|move|p1a: Gyarados|Bounce|p2a: Ferrothorn
|-damage|p2a: Ferrothorn|161\/352
|-damage|p1a: Gyarados|43\/393|[from] ability: Iron Barbs|[of] p2a: Ferrothorn
|-status|p2a: Ferrothorn|par
|
|-weather|RainDance|[upkeep]
|-heal|p1a: Gyarados|67\/393|[from] item: Leftovers
|-heal|p2a: Ferrothorn|183\/352 par|[from] item: Leftovers
|turn|15
|c|âPolitoed's Wrath|oof
|c|âTime2GetBopped|its a 30% lad
|c|âPolitoed's Wrath|miss is 15
|
|move|p1a: Gyarados|Bounce|p2a: Ferrothorn|[still]
|-prepare|p1a: Gyarados|Bounce|p2a: Ferrothorn
|move|p2a: Ferrothorn|Spikes|p1a: Gyarados
|-sidestart|p1: Time2GetBopped|Spikes
|
|-weather|RainDance|[upkeep]
|-heal|p1a: Gyarados|91\/393|[from] item: Leftovers
|-heal|p2a: Ferrothorn|205\/352 par|[from] item: Leftovers
|turn|16
|
|move|p1a: Gyarados|Bounce|p2a: Ferrothorn|[miss]
|-miss|p1a: Gyarados|p2a: Ferrothorn
|move|p2a: Ferrothorn|Leech Seed|p1a: Gyarados
|-start|p1a: Gyarados|move: Leech Seed
|
|-weather|RainDance|[upkeep]
|-heal|p1a: Gyarados|115\/393|[from] item: Leftovers
|-heal|p2a: Ferrothorn|227\/352 par|[from] item: Leftovers
|-damage|p1a: Gyarados|66\/393|[from] Leech Seed|[of] p2a: Ferrothorn
|-heal|p2a: Ferrothorn|276\/352 par|[silent]
|turn|17
|
|switch|p1a: Rotom-Wash|Rotom-Wash|25\/304
|-damage|p1a: Rotom-Wash|0 fnt|[from] Stealth Rock
|faint|p1a: Rotom-Wash
|move|p2a: Ferrothorn|Leech Seed|p1: Rotom-Wash|[notarget]
|-notarget
|
|-weather|RainDance|[upkeep]
|-heal|p2a: Ferrothorn|298\/352 par|[from] item: Leftovers
|
|switch|p1a: Scizor|Scizor, F|281\/281
|-damage|p1a: Scizor|235\/281|[from] Spikes
|-damage|p1a: Scizor|200\/281|[from] Stealth Rock
|turn|18
|
|detailschange|p1a: Scizor|Scizor-Mega, F
|-mega|p1a: Scizor|Scizor|Scizorite
|move|p1a: Scizor|Swords Dance|p1a: Scizor
|-boost|p1a: Scizor|atk|2
|move|p2a: Ferrothorn|Leech Seed|p1a: Scizor
|-start|p1a: Scizor|move: Leech Seed
|
|-weather|RainDance|[upkeep]
|-heal|p2a: Ferrothorn|320\/352 par|[from] item: Leftovers
|-damage|p1a: Scizor|165\/281|[from] Leech Seed|[of] p2a: Ferrothorn
|-heal|p2a: Ferrothorn|352\/352 par|[silent]
|turn|19
|c|âTime2GetBopped|can u get fucking para
|c|âTime2GetBopped|my god
|c|âTime2GetBopped|ur never gonna fucking stay still
|
|switch|p2a: Ludicolo|Ludicolo, F|301\/301
|-damage|p2a: Ludicolo|264\/301|[from] Stealth Rock
|move|p1a: Scizor|Swords Dance|p1a: Scizor
|-boost|p1a: Scizor|atk|2
|
|-weather|none
|-damage|p1a: Scizor|130\/281|[from] Leech Seed|[of] p2a: Ludicolo
|-heal|p2a: Ludicolo|299\/301|[silent]
|turn|20
|c|âPolitoed's Wrath|hoping for hax
|c|âPolitoed's Wrath|quality noob
|c|âTime2GetBopped|expecting hax with 25% chance
|
|move|p1a: Scizor|Bug Bite|p2a: Ludicolo
|-crit|p2a: Ludicolo
|-supereffective|p2a: Ludicolo
|-damage|p2a: Ludicolo|0 fnt
|faint|p2a: Ludicolo
|
|c|âTime2GetBopped|oh yeah crit mattered
|
|switch|p2a: Politoed|Politoed, M|83\/383
|-damage|p2a: Politoed|36\/383|[from] Stealth Rock
|-weather|RainDance
|turn|21
|
|move|p1a: Scizor|Bullet Punch|p2a: Politoed
|-resisted|p2a: Politoed
|-damage|p2a: Politoed|0 fnt
|faint|p2a: Politoed
|
|-weather|RainDance|[upkeep]
|
|switch|p2a: Kabutops|Kabutops, F|261\/261
|-damage|p2a: Kabutops|229\/261|[from] Stealth Rock
|turn|22
|
|move|p1a: Scizor|Bullet Punch|p2a: Kabutops
|-damage|p2a: Kabutops|0 fnt
|faint|p2a: Kabutops
|
|-weather|RainDance|[upkeep]
|c|âTime2GetBopped|wtf
|c|âPolitoed's Wrath|fucing cancel button
|c|âPolitoed's Wrath|i clicked aqua jet
|c|âPolitoed's Wrath|omg
|c|âTime2GetBopped|lol it wouldnt have killed
|
|switch|p2a: Swampert|Swampert, M|341\/341
|-damage|p2a: Swampert|320\/341|[from] Stealth Rock
|turn|23
|c|âTime2GetBopped|even fucking banded
|c|âPolitoed's Wrath|in the rain
|c|âPolitoed's Wrath|life orb
|c|âTime2GetBopped|Ik
|c|âPolitoed's Wrath|it would knock you down enough
|c|âPolitoed's Wrath|for iron barbs
|c|âPolitoed's Wrath|and leech seed
|c| realm132|Just   saying on cartridge games there is no cancel button :D
|c|âPolitoed's Wrath|ugh
|c|âPolitoed's Wrath|a
|c|âTime2GetBopped|252+ Atk Life Orb Kabutops Aqua Jet vs. 0 HP \/ 0 Def Mega Scizor in Rain: 99-117 (35.2 - 41.6%) -- guaranteed 3HKO
|c|âTime2GetBopped|idc if i just gave u set
|c|âTime2GetBopped|XD
|
|detailschange|p2a: Swampert|Swampert-Mega, M
|-mega|p2a: Swampert|Swampert|Swampertite
|move|p1a: Scizor|Bullet Punch|p2a: Swampert
|-resisted|p2a: Swampert
|-damage|p2a: Swampert|131\/341
|move|p2a: Swampert|Waterfall|p1a: Scizor
|-damage|p1a: Scizor|0 fnt
|faint|p1a: Scizor
|
|-weather|RainDance|[upkeep]
|c|âPolitoed's Wrath|well ik your max speed
|c|âPolitoed's Wrath|LOL why'd you bp
|
|switch|p1a: Garchomp|Garchomp, F|358\/358
|-damage|p1a: Garchomp|299\/358|[from] Spikes
|-damage|p1a: Garchomp|277\/358|[from] Stealth Rock
|turn|24
|c|âTime2GetBopped|cancel button
|c|âTime2GetBopped|XDD
|c| realm132|lol
|
|move|p1a: Garchomp|Earthquake|p2a: Swampert
|-damage|p2a: Swampert|0 fnt
|faint|p2a: Swampert
|
|-weather|RainDance|[upkeep]
|
|switch|p2a: Ferrothorn|Ferrothorn, F|352\/352 par
|-damage|p2a: Ferrothorn|330\/352 par|[from] Stealth Rock
|turn|25
|c|âPolitoed's Wrath|this will be fin
|c|âPolitoed's Wrath|fun
|c|âTime2GetBopped|yup
|
|move|p1a: Garchomp|Earthquake|p2a: Ferrothorn
|-damage|p2a: Ferrothorn|221\/352 par
|move|p2a: Ferrothorn|Leech Seed|p1a: Garchomp
|-start|p1a: Garchomp|move: Leech Seed
|
|-weather|RainDance|[upkeep]
|-heal|p2a: Ferrothorn|243\/352 par|[from] item: Leftovers
|-damage|p1a: Garchomp|233\/358|[from] Leech Seed|[of] p2a: Ferrothorn
|-heal|p2a: Ferrothorn|287\/352 par|[silent]
|turn|26
|
|switch|p1a: Gyarados|Gyarados, M|66\/393
|-damage|p1a: Gyarados|0 fnt|[from] Stealth Rock
|faint|p1a: Gyarados
|move|p2a: Ferrothorn|Leech Seed|p1: Gyarados|[notarget]
|-notarget
|
|-weather|RainDance|[upkeep]
|-heal|p2a: Ferrothorn|309\/352 par|[from] item: Leftovers
|c|âPolitoed's Wrath|hp fire Lati?
|
|switch|p1a: Garchomp|Garchomp, F|233\/358
|-damage|p1a: Garchomp|174\/358|[from] Spikes
|-damage|p1a: Garchomp|152\/358|[from] Stealth Rock
|turn|27
|c|âTime2GetBopped|hopin for hax rn
|
|move|p1a: Garchomp|Earthquake|p2a: Ferrothorn
|-damage|p2a: Ferrothorn|207\/352 par
|move|p2a: Ferrothorn|Leech Seed|p1a: Garchomp
|-start|p1a: Garchomp|move: Leech Seed
|
|-weather|RainDance|[upkeep]
|-heal|p2a: Ferrothorn|229\/352 par|[from] item: Leftovers
|-damage|p1a: Garchomp|108\/358|[from] Leech Seed|[of] p2a: Ferrothorn
|-heal|p2a: Ferrothorn|273\/352 par|[silent]
|turn|28
|c|âTime2GetBopped|its not that low of a chance
|
|move|p1a: Garchomp|Earthquake|p2a: Ferrothorn
|-damage|p2a: Ferrothorn|170\/352 par
|move|p2a: Ferrothorn|Power Whip|p1a: Garchomp
|-damage|p1a: Garchomp|0 fnt
|-damage|p2a: Ferrothorn|126\/352 par|[from] ability: Rough Skin|[of] p1a: Garchomp
|faint|p1a: Garchomp
|
|-weather|none
|-heal|p2a: Ferrothorn|148\/352 par|[from] item: Leftovers
|
|switch|p1a: Latios|Latios, M|301\/301
|-damage|p1a: Latios|264\/301|[from] Stealth Rock
|turn|29
|c|âTime2GetBopped|hax here rn
|c|âPolitoed's Wrath|draco miss?
|
|move|p1a: Latios|Psyshock|p2a: Ferrothorn
|-resisted|p2a: Ferrothorn
|-damage|p2a: Ferrothorn|95\/352 par
|-damage|p1a: Latios|234\/301|[from] item: Life Orb
|move|p2a: Ferrothorn|Leech Seed|p1a: Latios
|-start|p1a: Latios|move: Leech Seed
|
|-heal|p2a: Ferrothorn|117\/352 par|[from] item: Leftovers
|-damage|p1a: Latios|197\/301|[from] Leech Seed|[of] p2a: Ferrothorn
|-heal|p2a: Ferrothorn|154\/352 par|[silent]
|turn|30
|c|âPolitoed's Wrath|ahhh
|c|âPolitoed's Wrath|nice
|c|âTime2GetBopped|like goddamn
|c|âTime2GetBopped|uve gotten so luck
|
|move|p1a: Latios|Draco Meteor|p2a: Ferrothorn
|-resisted|p2a: Ferrothorn
|-damage|p2a: Ferrothorn|18\/352 par
|-unboost|p1a: Latios|spa|2
|-damage|p1a: Latios|167\/301|[from] item: Life Orb
|cant|p2a: Ferrothorn|par
|
|-heal|p2a: Ferrothorn|40\/352 par|[from] item: Leftovers
|-damage|p1a: Latios|130\/301|[from] Leech Seed|[of] p2a: Ferrothorn
|-heal|p2a: Ferrothorn|77\/352 par|[silent]
|turn|31
|c|âPolitoed's Wrath|why didn't you draco first
|c|âTime2GetBopped|cuz this
|c|âTime2GetBopped|to make it do enough dmg
|c|âPolitoed's Wrath|you woulda killed
|
|move|p1a: Latios|Draco Meteor|p2a: Ferrothorn
|-resisted|p2a: Ferrothorn
|-damage|p2a: Ferrothorn|15\/352 par
|-unboost|p1a: Latios|spa|2
|-damage|p1a: Latios|100\/301|[from] item: Life Orb
|cant|p2a: Ferrothorn|par
|
|-heal|p2a: Ferrothorn|37\/352 par|[from] item: Leftovers
|-damage|p1a: Latios|63\/301|[from] Leech Seed|[of] p2a: Ferrothorn
|-heal|p2a: Ferrothorn|74\/352 par|[silent]
|turn|32
|c| realm132|can he crit!!
|c|âPolitoed's Wrath|there, 2 parahax
|
|move|p1a: Latios|Roost|p1a: Latios
|-heal|p1a: Latios|214\/301
|cant|p2a: Ferrothorn|par
|
|-heal|p2a: Ferrothorn|96\/352 par|[from] item: Leftovers
|-damage|p1a: Latios|177\/301|[from] Leech Seed|[of] p2a: Ferrothorn
|-heal|p2a: Ferrothorn|133\/352 par|[silent]
|turn|33
|c|âPolitoed's Wrath|OMG
|c|âPolitoed's Wrath|3 now
|c|âTime2GetBopped|Xd
|c|âTime2GetBopped|in the wrong time
|
|move|p1a: Latios|Draco Meteor|p2a: Ferrothorn
|-resisted|p2a: Ferrothorn
|-damage|p2a: Ferrothorn|88\/352 par
|-unboost|p1a: Latios|spa|2
|-damage|p1a: Latios|147\/301|[from] item: Life Orb
|move|p2a: Ferrothorn|Power Whip|p1a: Latios
|-resisted|p1a: Latios
|-damage|p1a: Latios|72\/301
|
|-heal|p2a: Ferrothorn|110\/352 par|[from] item: Leftovers
|-damage|p1a: Latios|35\/301|[from] Leech Seed|[of] p2a: Ferrothorn
|-heal|p2a: Ferrothorn|147\/352 par|[silent]
|turn|34
|c|âTime2GetBopped|tryin for dat crit
|c|âPolitoed's Wrath|its your last chance
|c|âTime2GetBopped|didnt get hax when i needed it
|c|âTime2GetBopped|now try when i need it more
|
|move|p1a: Latios|Roost|p1a: Latios
|-heal|p1a: Latios|186\/301
|move|p2a: Ferrothorn|Power Whip|p1a: Latios
|-resisted|p1a: Latios
|-damage|p1a: Latios|110\/301
|
|-heal|p2a: Ferrothorn|169\/352 par|[from] item: Leftovers
|-damage|p1a: Latios|73\/301|[from] Leech Seed|[of] p2a: Ferrothorn
|-heal|p2a: Ferrothorn|206\/352 par|[silent]
|turn|35
|c|âPolitoed's Wrath|wrong play
|c|âTime2GetBopped|ik
|c|âTime2GetBopped|cancel button
|c|âTime2GetBopped|XDD
|c|âTime2GetBopped|goddammit
|c|âPolitoed's Wrath|gg
|c|âTime2GetBopped|i realized a sec later
|c|âPolitoed's Wrath|cost me too
|
|move|p1a: Latios|Draco Meteor|p2a: Ferrothorn|[miss]
|-miss|p1a: Latios|p2a: Ferrothorn
|move|p2a: Ferrothorn|Power Whip|p1a: Latios
|-resisted|p1a: Latios
|-damage|p1a: Latios|0 fnt
|faint|p1a: Latios
|
|win|Politoed's Wrath
|raw|Ladder updating...
|raw|Time2GetBopped's rating: 1280 &rarr; <strong>1261<\/strong><br \/>(-19 for losing)
|raw|Politoed&apos;s Wrath's rating: 1360 &rarr; <strong>1376<\/strong><br \/>(+16 for winning)
|c|âTime2GetBopped|ah lad
|c|âPolitoed's Wrath|there's the ha
|leave|Time2GetBopped
|c|âPolitoed's Wrath|hax
|c| realm132|It's a MISS!!!!
|c|âPolitoed's Wrath|that was a great game
|player|p1
|c|âPolitoed's Wrath|but oh well
|c| realm132|nice fero sweep:D
|c|âPolitoed's Wrath|thx bro
|c|âPolitoed's Wrath|cya
|c| realm132|cya