|join|Mudkip Slayer
|join|Hallucination
|player|p1|Mudkip Slayer|196
|player|p2|Hallucination|2
|gametype|singles
|gen|4
|tier|[Gen 4] OU
|rule|Sleep Clause Mod: Limit one foe put to sleep
|rule|Species Clause: Limit one of each PokÃ©mon
|rule|OHKO Clause: OHKO moves are banned
|rule|Moody Clause: Moody is banned
|rule|Evasion Moves Clause: Evasion moves are banned
|rule|Endless Battle Clause: Forcing endless battles is banned
|rule|HP Percentage Mod: HP is shown in percentages
|
|start
|switch|p1a: Dragonite|Dragonite, M|323\/323
|switch|p2a: Ninjask|Ninjask, M|326\/326
|turn|1
|c|âMudkip Slayer|oh shit, BP lol
|c|âHallucination|XD
|c|âHallucination|its hard mate
|
|move|p2a: Ninjask|Substitute|p2a: Ninjask
|-start|p2a: Ninjask|Substitute
|-damage|p2a: Ninjask|245\/326
|move|p1a: Dragonite|Fire Blast|p2a: Ninjask
|-supereffective|p2a: Ninjask
|-end|p2a: Ninjask|Substitute
|
|-heal|p2a: Ninjask|265\/326|[from] item: Leftovers
|-boost|p2a: Ninjask|spe|1|[from] ability: Speed Boost
|turn|2
|
|move|p2a: Ninjask|Protect|p2a: Ninjask
|-singleturn|p2a: Ninjask|Protect
|move|p1a: Dragonite|Fire Blast|p2a: Ninjask
|-activate|p2a: Ninjask|Protect
|
|-heal|p2a: Ninjask|285\/326|[from] item: Leftovers
|-boost|p2a: Ninjask|spe|1|[from] ability: Speed Boost
|turn|3
|
|move|p2a: Ninjask|Substitute|p2a: Ninjask
|-start|p2a: Ninjask|Substitute
|-damage|p2a: Ninjask|204\/326
|move|p1a: Dragonite|Fire Blast|p2a: Ninjask|[miss]
|-miss|p1a: Dragonite|p2a: Ninjask
|
|-heal|p2a: Ninjask|224\/326|[from] item: Leftovers
|-boost|p2a: Ninjask|spe|1|[from] ability: Speed Boost
|turn|4
|
|move|p2a: Ninjask|Protect|p2a: Ninjask
|-singleturn|p2a: Ninjask|Protect
|move|p1a: Dragonite|Fire Blast|p2a: Ninjask
|-activate|p2a: Ninjask|Protect
|
|-heal|p2a: Ninjask|244\/326|[from] item: Leftovers
|-boost|p2a: Ninjask|spe|1|[from] ability: Speed Boost
|turn|5
|
|move|p2a: Ninjask|Baton Pass|p2a: Ninjask
|
|switch|p2a: Vaporeon|Vaporeon, F|464\/464
|move|p1a: Dragonite|Fire Blast|p2a: Vaporeon
|-resisted|p2a: Vaporeon
|-end|p2a: Vaporeon|Substitute
|
|turn|6
|
|move|p2a: Vaporeon|Aqua Ring|p2a: Vaporeon
|-start|p2a: Vaporeon|Aqua Ring
|move|p1a: Dragonite|Draco Meteor|p2a: Vaporeon
|-damage|p2a: Vaporeon|134\/464
|-unboost|p1a: Dragonite|spa|2
|-damage|p1a: Dragonite|291\/323|[from] item: Life Orb
|
|-heal|p2a: Vaporeon|163\/464|[from] item: Leftovers
|-heal|p2a: Vaporeon|192\/464|[from] Aqua Ring
|turn|7
|
|move|p1a: Dragonite|Extreme Speed|p2a: Vaporeon
|-damage|p2a: Vaporeon|65\/464
|-damage|p1a: Dragonite|259\/323|[from] item: Life Orb
|move|p2a: Vaporeon|Substitute|p2a: Vaporeon
|-fail|p2a: Vaporeon|move: Substitute|[weak]
|
|-heal|p2a: Vaporeon|94\/464|[from] item: Leftovers
|-heal|p2a: Vaporeon|123\/464|[from] Aqua Ring
|turn|8
|c|âHallucination|shit
|c|âMudkip Slayer|kek
|
|move|p1a: Dragonite|Extreme Speed|p2a: Vaporeon
|-damage|p2a: Vaporeon|8\/464
|-damage|p1a: Dragonite|227\/323|[from] item: Life Orb
|move|p2a: Vaporeon|Baton Pass|p2a: Vaporeon
|c|âHallucination|rekt
|c|âMudkip Slayer|damn low roll haha
|
|switch|p2a: Umbreon|Umbreon, F|394\/394
|
|turn|9
|
|move|p2a: Umbreon|Mean Look|p1a: Dragonite
|-activate|p1a: Dragonite|trapped
|move|p1a: Dragonite|Superpower|p2a: Umbreon
|-supereffective|p2a: Umbreon
|-damage|p2a: Umbreon|96\/394
|-unboost|p1a: Dragonite|atk|1
|-unboost|p1a: Dragonite|def|1
|-damage|p1a: Dragonite|195\/323|[from] item: Life Orb
|
|-heal|p2a: Umbreon|120\/394|[from] item: Leftovers
|-heal|p2a: Umbreon|144\/394|[from] Aqua Ring
|turn|10
|
|move|p2a: Umbreon|Baton Pass|p2a: Umbreon
|
|switch|p2a: Mr. Mime|Mr. Mime, F|283\/283
|move|p1a: Dragonite|Superpower|p2a: Mr. Mime
|-resisted|p2a: Mr. Mime
|-damage|p2a: Mr. Mime|221\/283
|-unboost|p1a: Dragonite|atk|1
|-unboost|p1a: Dragonite|def|1
|-damage|p1a: Dragonite|163\/323|[from] item: Life Orb
|
|-heal|p2a: Mr. Mime|238\/283|[from] item: Leftovers
|-heal|p2a: Mr. Mime|255\/283|[from] Aqua Ring
|turn|11
|
|move|p2a: Mr. Mime|Calm Mind|p2a: Mr. Mime
|-boost|p2a: Mr. Mime|spa|1
|-boost|p2a: Mr. Mime|spd|1
|move|p1a: Dragonite|Draco Meteor|p2a: Mr. Mime
|-damage|p2a: Mr. Mime|186\/283
|-unboost|p1a: Dragonite|spa|2
|-damage|p1a: Dragonite|131\/323|[from] item: Life Orb
|
|-heal|p2a: Mr. Mime|203\/283|[from] item: Leftovers
|-heal|p2a: Mr. Mime|220\/283|[from] Aqua Ring
|turn|12
|
|move|p2a: Mr. Mime|Substitute|p2a: Mr. Mime
|-start|p2a: Mr. Mime|Substitute
|-damage|p2a: Mr. Mime|150\/283
|move|p1a: Dragonite|Draco Meteor|p2a: Mr. Mime
|-activate|p2a: Mr. Mime|Substitute|[damage]
|-unboost|p1a: Dragonite|spa|2
|
|-heal|p2a: Mr. Mime|167\/283|[from] item: Leftovers
|-heal|p2a: Mr. Mime|184\/283|[from] Aqua Ring
|turn|13
|
|move|p1a: Dragonite|Extreme Speed|p2a: Mr. Mime
|-end|p2a: Mr. Mime|Substitute
|move|p2a: Mr. Mime|Calm Mind|p2a: Mr. Mime
|-boost|p2a: Mr. Mime|spa|1
|-boost|p2a: Mr. Mime|spd|1
|
|-heal|p2a: Mr. Mime|201\/283|[from] item: Leftovers
|-heal|p2a: Mr. Mime|218\/283|[from] Aqua Ring
|turn|14
|
|move|p1a: Dragonite|Extreme Speed|p2a: Mr. Mime
|-damage|p2a: Mr. Mime|153\/283
|-damage|p1a: Dragonite|99\/323|[from] item: Life Orb
|move|p2a: Mr. Mime|Substitute|p2a: Mr. Mime
|-start|p2a: Mr. Mime|Substitute
|-damage|p2a: Mr. Mime|83\/283
|
|-heal|p2a: Mr. Mime|100\/283|[from] item: Leftovers
|-heal|p2a: Mr. Mime|117\/283|[from] Aqua Ring
|turn|15
|
|move|p1a: Dragonite|Extreme Speed|p2a: Mr. Mime
|-activate|p2a: Mr. Mime|Substitute|[damage]
|move|p2a: Mr. Mime|Calm Mind|p2a: Mr. Mime
|-boost|p2a: Mr. Mime|spa|1
|-boost|p2a: Mr. Mime|spd|1
|
|-heal|p2a: Mr. Mime|134\/283|[from] item: Leftovers
|-heal|p2a: Mr. Mime|151\/283|[from] Aqua Ring
|turn|16
|
|move|p1a: Dragonite|Extreme Speed|p2a: Mr. Mime
|-end|p2a: Mr. Mime|Substitute
|move|p2a: Mr. Mime|Substitute|p2a: Mr. Mime
|-start|p2a: Mr. Mime|Substitute
|-damage|p2a: Mr. Mime|81\/283
|
|-heal|p2a: Mr. Mime|98\/283|[from] item: Leftovers
|-heal|p2a: Mr. Mime|115\/283|[from] Aqua Ring
|turn|17
|
|move|p1a: Dragonite|Extreme Speed|p2a: Mr. Mime
|-activate|p2a: Mr. Mime|Substitute|[damage]
|move|p2a: Mr. Mime|Calm Mind|p2a: Mr. Mime
|-boost|p2a: Mr. Mime|spa|1
|-boost|p2a: Mr. Mime|spd|1
|
|-heal|p2a: Mr. Mime|132\/283|[from] item: Leftovers
|-heal|p2a: Mr. Mime|149\/283|[from] Aqua Ring
|turn|18
|
|move|p2a: Mr. Mime|Baton Pass|p2a: Mr. Mime
|
|switch|p2a: Scizor|Scizor, M|344\/344
|move|p1a: Dragonite|Draco Meteor|p2a: Scizor
|-resisted|p2a: Scizor
|-activate|p2a: Scizor|Substitute|[damage]
|
|turn|19
|
|move|p1a: Dragonite|Extreme Speed|p2a: Scizor
|-resisted|p2a: Scizor
|-end|p2a: Scizor|Substitute
|move|p2a: Scizor|Iron Defense|p2a: Scizor
|-boost|p2a: Scizor|def|2
|
|turn|20
|
|move|p2a: Scizor|Substitute|p2a: Scizor
|-start|p2a: Scizor|Substitute
|-damage|p2a: Scizor|258\/344
|move|p1a: Dragonite|Fire Blast|p2a: Scizor
|-supereffective|p2a: Scizor
|-activate|p2a: Scizor|Substitute|[damage]
|
|-heal|p2a: Scizor|279\/344|[from] item: Leftovers
|-heal|p2a: Scizor|300\/344|[from] Aqua Ring
|turn|21
|
|move|p2a: Scizor|Iron Defense|p2a: Scizor
|-boost|p2a: Scizor|def|2
|move|p1a: Dragonite|Fire Blast|p2a: Scizor
|-supereffective|p2a: Scizor
|-end|p2a: Scizor|Substitute
|
|-heal|p2a: Scizor|321\/344|[from] item: Leftovers
|-heal|p2a: Scizor|342\/344|[from] Aqua Ring
|turn|22
|c|âHallucination|kekekek
|c|âHallucination|mean look op
|c|âMudkip Slayer|lol never knew Mean Look was passed
|
|move|p2a: Scizor|Substitute|p2a: Scizor
|-start|p2a: Scizor|Substitute
|-damage|p2a: Scizor|256\/344
|move|p1a: Dragonite|Fire Blast|p2a: Scizor|[miss]
|-miss|p1a: Dragonite|p2a: Scizor
|
|-heal|p2a: Scizor|277\/344|[from] item: Leftovers
|-heal|p2a: Scizor|298\/344|[from] Aqua Ring
|turn|23
|
|move|p2a: Scizor|Iron Defense|p2a: Scizor
|-boost|p2a: Scizor|def|2
|move|p1a: Dragonite|Superpower|p2a: Scizor
|-activate|p2a: Scizor|Substitute|[damage]
|-unboost|p1a: Dragonite|atk|1
|-unboost|p1a: Dragonite|def|1
|
|-heal|p2a: Scizor|319\/344|[from] item: Leftovers
|-heal|p2a: Scizor|340\/344|[from] Aqua Ring
|turn|24
|c|âHallucination|this is my second niche
|
|move|p2a: Scizor|Iron Defense|p2a: Scizor
|-fail|p2a: Scizor
|move|p1a: Dragonite|Superpower|p2a: Scizor
|-activate|p2a: Scizor|Substitute|[damage]
|-unboost|p1a: Dragonite|atk|1
|-unboost|p1a: Dragonite|def|1
|
|-heal|p2a: Scizor|344\/344|[from] item: Leftovers
|turn|25
|c|âMudkip Slayer|nah bp is cheap haha
|c|âHallucination|nah fite me
|
|move|p2a: Scizor|Iron Defense|p2a: Scizor
|-fail|p2a: Scizor
|move|p1a: Dragonite|Superpower|p2a: Scizor
|-crit|p2a: Scizor
|-end|p2a: Scizor|Substitute
|-unboost|p1a: Dragonite|atk|1
|-unboost|p1a: Dragonite|def|1
|
|turn|26
|c|âHallucination|not in gen 4
|
|move|p2a: Scizor|Substitute|p2a: Scizor
|-start|p2a: Scizor|Substitute
|-damage|p2a: Scizor|258\/344
|move|p1a: Dragonite|Superpower|p2a: Scizor
|-activate|p2a: Scizor|Substitute|[damage]
|-unboost|p1a: Dragonite|atk|1
|-unboost|p1a: Dragonite|def|1
|
|-heal|p2a: Scizor|279\/344|[from] item: Leftovers
|-heal|p2a: Scizor|300\/344|[from] Aqua Ring
|turn|27
|c|âHallucination|its totally real
|c|âHallucination|its hard af
|
|move|p2a: Scizor|Baton Pass|p2a: Scizor
|
|switch|p2a: Mr. Mime|Mr. Mime, F|149\/283
|move|p1a: Dragonite|Superpower|p2a: Mr. Mime
|-resisted|p2a: Mr. Mime
|-activate|p2a: Mr. Mime|Substitute|[damage]
|
|-heal|p2a: Mr. Mime|166\/283|[from] item: Leftovers
|-heal|p2a: Mr. Mime|183\/283|[from] Aqua Ring
|turn|28
|
|move|p2a: Mr. Mime|Calm Mind|p2a: Mr. Mime
|-boost|p2a: Mr. Mime|spa|1
|-boost|p2a: Mr. Mime|spd|1
|move|p1a: Dragonite|Draco Meteor|p2a: Mr. Mime
|-activate|p2a: Mr. Mime|Substitute|[damage]
|
|-heal|p2a: Mr. Mime|200\/283|[from] item: Leftovers
|-heal|p2a: Mr. Mime|217\/283|[from] Aqua Ring
|turn|29
|
|move|p2a: Mr. Mime|Calm Mind|p2a: Mr. Mime
|-boost|p2a: Mr. Mime|spa|1
|-boost|p2a: Mr. Mime|spd|1
|move|p1a: Dragonite|Draco Meteor|p2a: Mr. Mime
|-activate|p2a: Mr. Mime|Substitute|[damage]
|
|-heal|p2a: Mr. Mime|234\/283|[from] item: Leftovers
|-heal|p2a: Mr. Mime|251\/283|[from] Aqua Ring
|turn|30
|
|move|p2a: Mr. Mime|Taunt|p1a: Dragonite
|-start|p1a: Dragonite|move: Taunt
|move|p1a: Dragonite|Draco Meteor|p2a: Mr. Mime|[miss]
|-miss|p1a: Dragonite|p2a: Mr. Mime
|
|-heal|p2a: Mr. Mime|268\/283|[from] item: Leftovers
|-heal|p2a: Mr. Mime|283\/283|[from] Aqua Ring
|turn|31
|
|move|p2a: Mr. Mime|Taunt|p1a: Dragonite
|-fail|p1a: Dragonite
|move|p1a: Dragonite|Superpower|p2a: Mr. Mime
|-resisted|p2a: Mr. Mime
|-activate|p2a: Mr. Mime|Substitute|[damage]
|
|turn|32
|c|âHallucination|break my subb
|
|move|p2a: Mr. Mime|Taunt|p1a: Dragonite
|-fail|p1a: Dragonite
|move|p1a: Dragonite|Draco Meteor|p2a: Mr. Mime
|-activate|p2a: Mr. Mime|Substitute|[damage]
|
|-end|p1a: Dragonite|move: Taunt
|turn|33
|c|âHallucination|i want a new one
|c|âMudkip Slayer|no
|
|move|p2a: Mr. Mime|Taunt|p1a: Dragonite
|-start|p1a: Dragonite|move: Taunt
|move|p1a: Dragonite|Struggle|p2a: Mr. Mime
|-activate|p2a: Mr. Mime|Substitute|[damage]
|-damage|p1a: Dragonite|19\/323
|
|turn|34
|c|âHallucination|fuck
|c|âMudkip Slayer|lol
|
|move|p2a: Mr. Mime|Baton Pass|p2a: Mr. Mime
|
|switch|p2a: Vaporeon|Vaporeon, F|8\/464
|move|p1a: Dragonite|Struggle|p2a: Vaporeon
|-activate|p2a: Vaporeon|Substitute|[damage]
|-damage|p1a: Dragonite|0 fnt
|faint|p1a: Dragonite
|
|-heal|p2a: Vaporeon|37\/464|[from] item: Leftovers
|-heal|p2a: Vaporeon|66\/464|[from] Aqua Ring
|
|switch|p1a: Tyranitar|Tyranitar, M|404\/404
|-weather|Sandstorm|[from] ability: Sand Stream|[of] p1a: Tyranitar
|turn|35
|c|âHallucination|should be gg mate
|c|âMudkip Slayer|maybe
|
|move|p2a: Vaporeon|Surf|p1a: Tyranitar
|-supereffective|p1a: Tyranitar
|-damage|p1a: Tyranitar|0 fnt
|faint|p1a: Tyranitar
|
|-weather|Sandstorm|[upkeep]
|-damage|p2a: Vaporeon|37\/464|[from] sandstorm
|-heal|p2a: Vaporeon|66\/464|[from] item: Leftovers
|-heal|p2a: Vaporeon|95\/464|[from] Aqua Ring
|
|switch|p1a: Starmie|Starmie|261\/261
|turn|36
|
|move|p2a: Vaporeon|Baton Pass|p2a: Vaporeon
|
|switch|p2a: Ninjask|Ninjask, M|244\/326
|move|p1a: Starmie|Thunderbolt|p2a: Ninjask
|-supereffective|p2a: Ninjask
|-end|p2a: Ninjask|Substitute
|
|-weather|Sandstorm|[upkeep]
|-damage|p2a: Ninjask|224\/326|[from] sandstorm
|-damage|p1a: Starmie|245\/261|[from] sandstorm
|-heal|p2a: Ninjask|244\/326|[from] item: Leftovers
|-heal|p2a: Ninjask|264\/326|[from] Aqua Ring
|turn|37
|
|switch|p1a: Empoleon|Empoleon, M|312\/312
|move|p2a: Ninjask|Substitute|p2a: Ninjask
|-start|p2a: Ninjask|Substitute
|-damage|p2a: Ninjask|183\/326
|
|-weather|Sandstorm|[upkeep]
|-damage|p2a: Ninjask|163\/326|[from] sandstorm
|-heal|p2a: Ninjask|183\/326|[from] item: Leftovers
|-heal|p2a: Ninjask|203\/326|[from] Aqua Ring
|-boost|p2a: Ninjask|spe|1|[from] ability: Speed Boost
|turn|38
|c|âMudkip Slayer|*uses roar*
|
|move|p2a: Ninjask|Baton Pass|p2a: Ninjask
|c|âHallucination|i feel it coming
|
|switch|p2a: Mr. Mime|Mr. Mime, F|283\/283
|move|p1a: Empoleon|Substitute|p1a: Empoleon
|-start|p1a: Empoleon|Substitute
|-damage|p1a: Empoleon|234\/312
|
|-weather|Sandstorm|[upkeep]
|-damage|p2a: Mr. Mime|266\/283|[from] sandstorm
|-heal|p2a: Mr. Mime|283\/283|[from] item: Leftovers
|turn|39
|
|move|p2a: Mr. Mime|Taunt|p1a: Empoleon
|-start|p1a: Empoleon|move: Taunt
|move|p1a: Empoleon|Surf|p2a: Mr. Mime
|-crit|p2a: Mr. Mime
|-end|p2a: Mr. Mime|Substitute
|
|-weather|Sandstorm|[upkeep]
|-damage|p2a: Mr. Mime|266\/283|[from] sandstorm
|-heal|p2a: Mr. Mime|283\/283|[from] item: Leftovers
|turn|40
|c|âHallucination|yay
|
|move|p2a: Mr. Mime|Substitute|p2a: Mr. Mime
|-start|p2a: Mr. Mime|Substitute
|-damage|p2a: Mr. Mime|213\/283
|move|p1a: Empoleon|Surf|p2a: Mr. Mime
|-activate|p2a: Mr. Mime|Substitute|[damage]
|
|-weather|Sandstorm|[upkeep]
|-damage|p2a: Mr. Mime|196\/283|[from] sandstorm
|-heal|p2a: Mr. Mime|213\/283|[from] item: Leftovers
|-heal|p2a: Mr. Mime|230\/283|[from] Aqua Ring
|turn|41
|
|move|p2a: Mr. Mime|Baton Pass|p2a: Mr. Mime
|
|switch|p2a: Smeargle|Smeargle, F|314\/314
|move|p1a: Empoleon|Ice Beam|p2a: Smeargle
|-activate|p2a: Smeargle|Substitute|[damage]
|
|-weather|Sandstorm|[upkeep]
|-damage|p2a: Smeargle|295\/314|[from] sandstorm
|-heal|p2a: Smeargle|314\/314|[from] Aqua Ring
|-end|p1a: Empoleon|move: Taunt
|turn|42
|
|move|p2a: Smeargle|Ingrain|p2a: Smeargle
|-start|p2a: Smeargle|move: Ingrain
|move|p1a: Empoleon|Agility|p1a: Empoleon
|-boost|p1a: Empoleon|spe|2
|
|-weather|Sandstorm|[upkeep]
|-damage|p2a: Smeargle|295\/314|[from] sandstorm
|-heal|p2a: Smeargle|314\/314|[from] Aqua Ring
|turn|43
|
|move|p2a: Smeargle|Baton Pass|p2a: Smeargle
|
|switch|p2a: Vaporeon|Vaporeon, F|95\/464
|move|p1a: Empoleon|Agility|p1a: Empoleon
|-boost|p1a: Empoleon|spe|2
|
|-weather|Sandstorm|[upkeep]
|-damage|p2a: Vaporeon|66\/464|[from] sandstorm
|-heal|p2a: Vaporeon|95\/464|[from] item: Leftovers
|-heal|p2a: Vaporeon|124\/464|[from] Aqua Ring
|-heal|p2a: Vaporeon|153\/464|[from] Ingrain
|turn|44
|
|move|p2a: Vaporeon|Surf|p1a: Empoleon
|-resisted|p1a: Empoleon
|-end|p1a: Empoleon|Substitute
|move|p1a: Empoleon|Ice Beam|p2a: Vaporeon
|-resisted|p2a: Vaporeon
|-end|p2a: Vaporeon|Substitute
|
|-weather|Sandstorm|[upkeep]
|-damage|p2a: Vaporeon|124\/464|[from] sandstorm
|-heal|p2a: Vaporeon|153\/464|[from] item: Leftovers
|-heal|p2a: Vaporeon|182\/464|[from] Aqua Ring
|-heal|p2a: Vaporeon|211\/464|[from] Ingrain
|turn|45
|
|move|p2a: Vaporeon|Substitute|p2a: Vaporeon
|-start|p2a: Vaporeon|Substitute
|-damage|p2a: Vaporeon|95\/464
|move|p1a: Empoleon|Ice Beam|p2a: Vaporeon
|-resisted|p2a: Vaporeon
|-activate|p2a: Vaporeon|Substitute|[damage]
|
|-weather|Sandstorm|[upkeep]
|-damage|p2a: Vaporeon|66\/464|[from] sandstorm
|-heal|p2a: Vaporeon|95\/464|[from] item: Leftovers
|-heal|p2a: Vaporeon|124\/464|[from] Aqua Ring
|-heal|p2a: Vaporeon|153\/464|[from] Ingrain
|turn|46
|
|move|p2a: Vaporeon|Surf|p1a: Empoleon
|-resisted|p1a: Empoleon
|-damage|p1a: Empoleon|2\/312
|-enditem|p1a: Empoleon|Petaya Berry|[eat]
|-boost|p1a: Empoleon|spa|1|[from] item: Petaya Berry
|move|p1a: Empoleon|Agility|p1a: Empoleon
|-boost|p1a: Empoleon|spe|2
|
|-weather|Sandstorm|[upkeep]
|-damage|p2a: Vaporeon|124\/464|[from] sandstorm
|-heal|p2a: Vaporeon|153\/464|[from] item: Leftovers
|-heal|p2a: Vaporeon|182\/464|[from] Aqua Ring
|-heal|p2a: Vaporeon|211\/464|[from] Ingrain
|turn|47
|
|move|p1a: Empoleon|Ice Beam|p2a: Vaporeon
|-resisted|p2a: Vaporeon
|-activate|p2a: Vaporeon|Substitute|[damage]
|move|p2a: Vaporeon|Surf|p1a: Empoleon
|-resisted|p1a: Empoleon
|-damage|p1a: Empoleon|0 fnt
|faint|p1a: Empoleon
|
|-weather|Sandstorm|[upkeep]
|-damage|p2a: Vaporeon|182\/464|[from] sandstorm
|-heal|p2a: Vaporeon|211\/464|[from] item: Leftovers
|-heal|p2a: Vaporeon|240\/464|[from] Aqua Ring
|-heal|p2a: Vaporeon|269\/464|[from] Ingrain
|
|switch|p1a: Breloom|Breloom, F|264\/264
|turn|48
|
|move|p2a: Vaporeon|Surf|p1a: Breloom
|-resisted|p1a: Breloom
|-damage|p1a: Breloom|0 fnt
|faint|p1a: Breloom
|
|-weather|Sandstorm|[upkeep]
|-damage|p2a: Vaporeon|240\/464|[from] sandstorm
|-heal|p2a: Vaporeon|269\/464|[from] item: Leftovers
|-heal|p2a: Vaporeon|298\/464|[from] Aqua Ring
|-heal|p2a: Vaporeon|327\/464|[from] Ingrain
|c|âHallucination|gg?
|c|âMudkip Slayer|ye gg
|
|switch|p1a: Starmie|Starmie|245\/261
|turn|49
|
|move|p2a: Vaporeon|Surf|p1a: Starmie
|-resisted|p1a: Starmie
|-damage|p1a: Starmie|0 fnt
|faint|p1a: Starmie
|
|-weather|Sandstorm|[upkeep]
|-damage|p2a: Vaporeon|298\/464|[from] sandstorm
|-heal|p2a: Vaporeon|327\/464|[from] item: Leftovers
|-heal|p2a: Vaporeon|356\/464|[from] Aqua Ring
|-heal|p2a: Vaporeon|385\/464|[from] Ingrain
|c|âHallucination|do u like the team
|c|âHallucination|i had to think about it
|c|âMudkip Slayer|it's bp lol, what do you want me to say? :P
|c|âHallucination|i actually learned baton pass in gen 5
|
|switch|p1a: Rotom-Heat|Rotom-Heat|304\/304
|turn|50
|c|âHallucination|in NU
|
|move|p2a: Vaporeon|Surf|p1a: Rotom-Heat
|-damage|p1a: Rotom-Heat|0 fnt
|faint|p1a: Rotom-Heat
|
|win|Hallucination
|c|âHallucination|i mean
|c|âHallucination|its hard in gen 4 without mew
|c|âHallucination|im looking at the shit and its like ugh fucking gengar
|c|âMudkip Slayer|eh, Mew's not that great at BP
|c|âHallucination|I have in smeargle for gengar
|c|âHallucination|are you joking?
|c|âMudkip Slayer|Gengar?
|c|âHallucination|Mew passes amnesia
|c|âHallucination|which is amazing af
|c|âHallucination|nice 101 subs and a +2 sets off a really nice chain
|c|âHallucination|go right into scizor and iron defense and sub again
|c|âMudkip Slayer|Mean Look is what screws people over I think haha
|c|âMudkip Slayer|that was a good idea
|c|âHallucination|and its practically gg
|c|âHallucination|yeah it is
|c|âHallucination|i saw it on the smogon analysis
|c|âHallucination|was like yup this is a must
|c|âMudkip Slayer|I couldn't do shit lol
|c|âHallucination|there is no stored power or shit
|c|âHallucination|so sweeping with bp is a struggle
|c|âMudkip Slayer|yeah
|c|âHallucination|no sylveon to tank shit
|c|âHallucination|no quiver dance
|c|âMudkip Slayer|seems like it might work though
|c|âHallucination|yeah its pretty fun