|join|Mudkip Slayer
|join|Hallucination
|player|p1|Mudkip Slayer|196
|player|p2|Hallucination|257
|gametype|singles
|gen|4
|tier|[Gen 4] OU
|rule|Sleep Clause Mod: Limit one foe put to sleep
|rule|Species Clause: Limit one of each PokÃ©mon
|rule|OHKO Clause: OHKO moves are banned
|rule|Moody Clause: Moody is banned
|rule|Evasion Moves Clause: Evasion moves are banned
|rule|Endless Battle Clause: Forcing endless battles is banned
|rule|HP Percentage Mod: HP is shown in percentages
|
|start
|switch|p1a: Mindgames|Uxie|354\/354
|switch|p2a: Tentacruel|Tentacruel, M|364\/364
|turn|1
|c|âHallucination|the hail team tho
|c|âMudkip Slayer|toxic spikes e.e
|
|move|p1a: Mindgames|Trick|p2a: Tentacruel
|-activate|p1a: Mindgames|move: Trick|[of] p2a: Tentacruel
|-item|p2a: Tentacruel|Choice Scarf|[from] move: Trick
|-item|p1a: Mindgames|Black Sludge|[from] move: Trick
|move|p2a: Tentacruel|Toxic Spikes|p1a: Mindgames
|-sidestart|p1: Mudkip Slayer|move: Toxic Spikes
|
|-damage|p1a: Mindgames|310\/354|[from] item: Black Sludge
|turn|2
|c|âHallucination|XD
|
|move|p2a: Tentacruel|Toxic Spikes|p1a: Mindgames
|-sidestart|p1: Mudkip Slayer|move: Toxic Spikes
|move|p1a: Mindgames|Stealth Rock|p2a: Tentacruel
|-sidestart|p2: Hallucination|move: Stealth Rock
|
|-damage|p1a: Mindgames|266\/354|[from] item: Black Sludge
|turn|3
|c|âMudkip Slayer|I forgot to put a spinner on this team DX
|
|move|p2a: Tentacruel|Toxic Spikes|p1a: Mindgames
|-fail|p1a: Mindgames
|move|p1a: Mindgames|Thunder Wave|p2a: Tentacruel
|-status|p2a: Tentacruel|par
|
|-damage|p1a: Mindgames|222\/354|[from] item: Black Sludge
|turn|4
|
|move|p1a: Mindgames|U-turn|p2a: Tentacruel
|-crit|p2a: Tentacruel
|-resisted|p2a: Tentacruel
|-damage|p2a: Tentacruel|324\/364 par
|c|âHallucination|i thought u were gonna trick
|c|âHallucination|thats not cool
|c|âMudkip Slayer|yeah, thought you'd think that lol
|
|switch|p1a: Puff|Dragonite, F, shiny|323\/323
|move|p2a: Tentacruel|Toxic Spikes|p1a: Puff
|-fail|p1a: Puff
|
|turn|5
|c|âMudkip Slayer|time to sweep ^_^
|c|âHallucination|good luck
|
|switch|p2a: Scizor|Scizor, M|344\/344
|-damage|p2a: Scizor|301\/344|[from] Stealth Rock
|move|p1a: Puff|Dragon Dance|p1a: Puff
|-boost|p1a: Puff|atk|1
|-boost|p1a: Puff|spe|1
|
|-heal|p2a: Scizor|322\/344|[from] item: Leftovers
|turn|6
|c|âHallucination|surprise fire blast roaar
|
|move|p1a: Puff|Dragon Dance|p1a: Puff
|-boost|p1a: Puff|atk|1
|-boost|p1a: Puff|spe|1
|move|p2a: Scizor|Toxic|p1a: Puff
|-status|p1a: Puff|tox
|-enditem|p1a: Puff|Lum Berry|[eat]
|-curestatus|p1a: Puff|tox
|
|-heal|p2a: Scizor|343\/344|[from] item: Leftovers
|turn|7
|c|âMudkip Slayer|ooo
|
|move|p1a: Puff|Earthquake|p2a: Scizor
|-damage|p2a: Scizor|156\/344
|move|p2a: Scizor|Toxic|p1a: Puff
|-status|p1a: Puff|tox
|
|-heal|p2a: Scizor|177\/344|[from] item: Leftovers
|-damage|p1a: Puff|303\/323 tox|[from] psn
|turn|8
|
|move|p2a: Scizor|Bullet Punch|p1a: Puff
|-damage|p1a: Puff|216\/323 tox
|move|p1a: Puff|Earthquake|p2a: Scizor
|-damage|p2a: Scizor|0 fnt
|faint|p2a: Scizor
|
|-damage|p1a: Puff|176\/323 tox|[from] psn
|
|switch|p2a: Heatran|Heatran, F|386\/386
|-damage|p2a: Heatran|338\/386|[from] Stealth Rock
|turn|9
|
|move|p2a: Heatran|Protect|p2a: Heatran
|-singleturn|p2a: Heatran|Protect
|move|p1a: Puff|Outrage|p2a: Heatran
|-activate|p2a: Heatran|Protect
|
|-heal|p2a: Heatran|362\/386|[from] item: Leftovers
|-damage|p1a: Puff|116\/323 tox|[from] psn
|turn|10
|c|âHallucination|so r u locked in now or nah
|c|âMudkip Slayer|naw
|
|switch|p2a: Celebi|Celebi|404\/404
|-damage|p2a: Celebi|354\/404|[from] Stealth Rock
|move|p1a: Puff|Earthquake|p2a: Celebi
|-resisted|p2a: Celebi
|-damage|p2a: Celebi|264\/404
|
|-heal|p2a: Celebi|289\/404|[from] item: Leftovers
|-damage|p1a: Puff|36\/323 tox|[from] psn
|turn|11
|c|âHallucination|uhh
|c|âHallucination|!calc
|raw|<div class="infobox">Pokemon Showdown! damage calculator. (Courtesy of Honko)<br \/>- <a href="https:\/\/pokemonshowdown.com\/damagecalc\/">Damage Calculator<\/a><\/div>
|
|switch|p2a: Heatran|Heatran, F|362\/386
|-damage|p2a: Heatran|314\/386|[from] Stealth Rock
|move|p1a: Puff|Outrage|p2a: Heatran
|-resisted|p2a: Heatran
|-damage|p2a: Heatran|90\/386
|
|-heal|p2a: Heatran|114\/386|[from] item: Leftovers
|-damage|p1a: Puff|0 fnt|[from] psn
|faint|p1a: Puff
|
|switch|p1a: Dirty Ape|Infernape, M|293\/293
|-status|p1a: Dirty Ape|tox
|turn|12
|
|move|p2a: Heatran|Protect|p2a: Heatran
|-singleturn|p2a: Heatran|Protect
|move|p1a: Dirty Ape|Close Combat|p2a: Heatran
|-activate|p2a: Heatran|Protect
|
|-heal|p2a: Heatran|138\/386|[from] item: Leftovers
|-damage|p1a: Dirty Ape|275\/293 tox|[from] psn
|turn|13
|
|switch|p2a: Tentacruel|Tentacruel, M|324\/364 par
|-damage|p2a: Tentacruel|279\/364 par|[from] Stealth Rock
|move|p1a: Dirty Ape|U-turn|p2a: Tentacruel
|-resisted|p2a: Tentacruel
|-damage|p2a: Tentacruel|238\/364 par
|-damage|p1a: Dirty Ape|246\/293 tox|[from] item: Life Orb
|
|switch|p1a: Dreadnought|Magnezone, shiny|288\/288
|
|turn|14
|
|switch|p2a: Celebi|Celebi|289\/404
|-damage|p2a: Celebi|239\/404|[from] Stealth Rock
|move|p1a: Dreadnought|Substitute|p1a: Dreadnought
|-start|p1a: Dreadnought|Substitute
|-damage|p1a: Dreadnought|216\/288
|
|-heal|p2a: Celebi|264\/404|[from] item: Leftovers
|turn|15
|
|move|p2a: Celebi|Perish Song|p2a: Celebi
|-fieldactivate|move: Perish Song
|move|p1a: Dreadnought|Charge Beam|p2a: Celebi|[miss]
|-miss|p1a: Dreadnought|p2a: Celebi
|
|-start|p2a: Celebi|perish3
|-start|p1a: Dreadnought|perish3
|-heal|p2a: Celebi|289\/404|[from] item: Leftovers
|turn|16
|
|move|p2a: Celebi|Recover|p2a: Celebi
|-heal|p2a: Celebi|404\/404
|move|p1a: Dreadnought|Hidden Power|p2a: Celebi
|-supereffective|p2a: Celebi
|-damage|p2a: Celebi|242\/404
|
|-start|p2a: Celebi|perish2
|-start|p1a: Dreadnought|perish2
|-heal|p2a: Celebi|267\/404|[from] item: Leftovers
|turn|17
|
|switch|p1a: Terrabyte|Metagross, shiny|316\/316
|move|p2a: Celebi|U-turn|p1a: Terrabyte
|-damage|p1a: Terrabyte|275\/316
|c|âHallucination|metagross
|
|switch|p2a: Rotom-Heat|Rotom-Heat|304\/304
|-damage|p2a: Rotom-Heat|266\/304|[from] Stealth Rock
|
|-heal|p2a: Rotom-Heat|285\/304|[from] item: Leftovers
|turn|18
|
|switch|p1a: Dirty Ape|Infernape, M|246\/293 tox
|move|p2a: Rotom-Heat|Will-O-Wisp|p1a: Dirty Ape
|-fail|p1a: Dirty Ape
|
|-heal|p2a: Rotom-Heat|304\/304|[from] item: Leftovers
|-damage|p1a: Dirty Ape|228\/293 tox|[from] psn
|turn|19
|
|switch|p2a: Tentacruel|Tentacruel, M|238\/364 par
|-damage|p2a: Tentacruel|193\/364 par|[from] Stealth Rock
|move|p1a: Dirty Ape|Overheat|p2a: Tentacruel
|-resisted|p2a: Tentacruel
|-damage|p2a: Tentacruel|96\/364 par
|-unboost|p1a: Dirty Ape|spa|2
|-damage|p1a: Dirty Ape|199\/293 tox|[from] item: Life Orb
|
|-damage|p1a: Dirty Ape|163\/293 tox|[from] psn
|turn|20
|
|switch|p1a: Dreadnought|Magnezone, shiny|216\/288
|move|p2a: Tentacruel|Rapid Spin|p1a: Dreadnought
|-resisted|p1a: Dreadnought
|-damage|p1a: Dreadnought|211\/288
|-sideend|p2: Hallucination|Stealth Rock|[from] move: Rapid Spin|[of] p2a: Tentacruel
|
|turn|21
|
|switch|p2a: Celebi|Celebi|267\/404
|move|p1a: Dreadnought|Charge Beam|p2a: Celebi
|-resisted|p2a: Celebi
|-damage|p2a: Celebi|223\/404
|-boost|p1a: Dreadnought|spa|1
|
|-heal|p2a: Celebi|248\/404|[from] item: Leftovers
|turn|22
|
|move|p2a: Celebi|U-turn|p1a: Dreadnought
|-crit|p1a: Dreadnought
|-resisted|p1a: Dreadnought
|-damage|p1a: Dreadnought|163\/288
|
|switch|p2a: Heatran|Heatran, F|138\/386
|move|p1a: Dreadnought|Hidden Power|p2a: Heatran
|-resisted|p2a: Heatran
|-damage|p2a: Heatran|116\/386
|
|-heal|p2a: Heatran|140\/386|[from] item: Leftovers
|turn|23
|c|âHallucination|jolt made this team look solid af XD
|c|âMudkip Slayer|Celebi e.e
|
|move|p1a: Dreadnought|Thunderbolt|p2a: Heatran
|-damage|p2a: Heatran|0 fnt
|faint|p2a: Heatran
|
|c|âMudkip Slayer|whew
|
|switch|p2a: Rotom-Heat|Rotom-Heat|304\/304
|turn|24
|c|âHallucination|how much speed r u running
|c|âMudkip Slayer|more than u :P
|c|âHallucination|tru
|
|move|p1a: Dreadnought|Hidden Power|p2a: Rotom-Heat
|-damage|p2a: Rotom-Heat|212\/304
|move|p2a: Rotom-Heat|Overheat|p1a: Dreadnought
|-supereffective|p1a: Dreadnought
|-damage|p1a: Dreadnought|0 fnt
|-unboost|p2a: Rotom-Heat|spa|2
|faint|p1a: Dreadnought
|
|-heal|p2a: Rotom-Heat|231\/304|[from] item: Leftovers
|
|switch|p1a: Mindgames|Uxie|222\/354
|turn|25
|
|switch|p2a: Tentacruel|Tentacruel, M|96\/364 par
|move|p1a: Mindgames|U-turn|p2a: Tentacruel
|-resisted|p2a: Tentacruel
|-damage|p2a: Tentacruel|77\/364 par
|
|switch|p1a: Terrabyte|Metagross, shiny|275\/316
|
|turn|26
|
|move|p1a: Terrabyte|Meteor Mash|p2a: Tentacruel
|-resisted|p2a: Tentacruel
|-damage|p2a: Tentacruel|0 fnt
|-damage|p1a: Terrabyte|244\/316|[from] item: Life Orb
|faint|p2a: Tentacruel
|
|
|switch|p2a: Rotom-Heat|Rotom-Heat|231\/304
|turn|27
|c|âHallucination|was 262 fast
|c|âMudkip Slayer|262 for what?
|c|âHallucination|speed
|c|âHallucination|on metagross
|c|âMudkip Slayer|oh, yeah that's pretty fast i think
|
|switch|p1a: Mindgames|Uxie|222\/354
|move|p2a: Rotom-Heat|Will-O-Wisp|p1a: Mindgames
|-status|p1a: Mindgames|brn
|
|-damage|p1a: Mindgames|178\/354 brn|[from] item: Black Sludge
|-heal|p2a: Rotom-Heat|250\/304|[from] item: Leftovers
|-damage|p1a: Mindgames|134\/354 brn|[from] brn
|turn|28
|
|move|p1a: Mindgames|Trick|p2a: Rotom-Heat
|-activate|p1a: Mindgames|move: Trick|[of] p2a: Rotom-Heat
|-item|p2a: Rotom-Heat|Black Sludge|[from] move: Trick
|-item|p1a: Mindgames|Leftovers|[from] move: Trick
|move|p2a: Rotom-Heat|Overheat|p1a: Mindgames
|-damage|p1a: Mindgames|48\/354 brn
|-unboost|p2a: Rotom-Heat|spa|2
|
|-heal|p1a: Mindgames|70\/354 brn|[from] item: Leftovers
|-damage|p2a: Rotom-Heat|212\/304|[from] item: Black Sludge
|-damage|p1a: Mindgames|26\/354 brn|[from] brn
|turn|29
|c|âHallucination|damn ps cancel
|
|switch|p2a: Celebi|Celebi|248\/404
|move|p1a: Mindgames|Stealth Rock|p2a: Celebi
|-sidestart|p2: Hallucination|move: Stealth Rock
|
|-heal|p1a: Mindgames|48\/354 brn|[from] item: Leftovers
|-heal|p2a: Celebi|273\/404|[from] item: Leftovers
|-damage|p1a: Mindgames|4\/354 brn|[from] brn
|turn|30
|
|move|p1a: Mindgames|Thunder Wave|p2a: Celebi
|-status|p2a: Celebi|par
|move|p2a: Celebi|Giga Drain|p1a: Mindgames
|-damage|p1a: Mindgames|0 fnt
|-heal|p2a: Celebi|275\/404 par|[from] drain|[of] p1a: Mindgames
|faint|p1a: Mindgames
|
|-heal|p2a: Celebi|300\/404 par|[from] item: Leftovers
|
|switch|p1a: Terrabyte|Metagross, shiny|244\/316
|turn|31
|
|move|p1a: Terrabyte|Meteor Mash|p2a: Celebi
|-crit|p2a: Celebi
|-damage|p2a: Celebi|0 fnt
|-damage|p1a: Terrabyte|213\/316|[from] item: Life Orb
|faint|p2a: Celebi
|
|c|âHallucination|ooooo
|c|âMudkip Slayer|sorry :s
|c|âHallucination|its ok
|
|switch|p2a: Umbreon|Umbreon, F|394\/394
|-damage|p2a: Umbreon|345\/394|[from] Stealth Rock
|turn|32
|c|âMudkip Slayer|hm umbreon... bulk
|
|move|p1a: Terrabyte|Meteor Mash|p2a: Umbreon
|-damage|p2a: Umbreon|105\/394
|-damage|p1a: Terrabyte|182\/316|[from] item: Life Orb
|move|p2a: Umbreon|Payback|p1a: Terrabyte
|-damage|p1a: Terrabyte|110\/316
|
|-heal|p2a: Umbreon|129\/394|[from] item: Leftovers
|turn|33
|c|âHallucination|Damnnnnnnnnnnnnnnn
|c|âMudkip Slayer|Umbreon weak af lol
|c|âHallucination|this shit looked better on paper
|c|âHallucination|needs more foul play
|c|âHallucination|was foul play a thing?
|c|âMudkip Slayer|no haha
|c|âMudkip Slayer|5th gen
|c|âHallucination|predicting the miss rn
|
|move|p2a: Umbreon|Protect|p2a: Umbreon
|-singleturn|p2a: Umbreon|Protect
|move|p1a: Terrabyte|Meteor Mash|p2a: Umbreon
|-activate|p2a: Umbreon|Protect
|
|-heal|p2a: Umbreon|153\/394|[from] item: Leftovers
|turn|34
|c|âHallucination|well this turn
|c|âMudkip Slayer|:P
|
|move|p1a: Terrabyte|Meteor Mash|p2a: Umbreon
|-damage|p2a: Umbreon|0 fnt
|-damage|p1a: Terrabyte|79\/316|[from] item: Life Orb
|faint|p2a: Umbreon
|
|c|âHallucination|:(
|c|âHallucination|gg
|
|switch|p2a: Rotom-Heat|Rotom-Heat|212\/304
|-damage|p2a: Rotom-Heat|174\/304|[from] Stealth Rock
|turn|35
|c|âMudkip Slayer|guess not lol
|
|move|p1a: Terrabyte|Meteor Mash|p2a: Rotom-Heat
|-resisted|p2a: Rotom-Heat
|-damage|p2a: Rotom-Heat|56\/304
|-damage|p1a: Terrabyte|48\/316|[from] item: Life Orb
|move|p2a: Rotom-Heat|Thunderbolt|p1a: Terrabyte
|-damage|p1a: Terrabyte|0 fnt
|faint|p1a: Terrabyte
|
|-damage|p2a: Rotom-Heat|18\/304|[from] item: Black Sludge
|c|âMudkip Slayer|gg
|
|switch|p1a: Dirty Ape|Infernape, M|163\/293 tox
|turn|36
|
|move|p1a: Dirty Ape|U-turn|p2a: Rotom-Heat
|-crit|p2a: Rotom-Heat
|-resisted|p2a: Rotom-Heat
|-damage|p2a: Rotom-Heat|0 fnt
|-damage|p1a: Dirty Ape|134\/293 tox|[from] item: Life Orb
|faint|p2a: Rotom-Heat
|
|win|Mudkip Slayer