|join|F U BP
|join|Hallucination
|player|p1|F U BP|290
|player|p2|Hallucination|257
|gametype|singles
|gen|4
|tier|[Gen 4] OU
|rule|Sleep Clause Mod: Limit one foe put to sleep
|rule|Species Clause: Limit one of each PokÃ©mon
|rule|OHKO Clause: OHKO moves are banned
|rule|Moody Clause: Moody is banned
|rule|Evasion Moves Clause: Evasion moves are banned
|rule|Endless Battle Clause: Forcing endless battles is banned
|rule|HP Percentage Mod: HP is shown in percentages
|
|start
|switch|p1a: Gyarados|Gyarados, F|381\/381
|switch|p2a: Tentacruel|Tentacruel, M|364\/364
|-ability|p1a: Gyarados|Intimidate|[of] p2a: Tentacruel
|-unboost|p2a: Tentacruel|atk|1
|turn|1
|c|âF U BP|gen 4 sprites
|c|âF U BP|oml
|c|âHallucination|Im a real deal
|c|âHallucination|u kno how i feel
|
|move|p1a: Gyarados|Taunt|p2a: Tentacruel
|-start|p2a: Tentacruel|move: Taunt
|move|p2a: Tentacruel|Hidden Power|p1a: Gyarados
|-supereffective|p1a: Gyarados
|-damage|p1a: Gyarados|189\/381
|
|-heal|p1a: Gyarados|212\/381|[from] item: Leftovers
|turn|2
|c|âHallucination|BOP
|c|âF U BP|lolol
|c|âHallucination|OML
|c|âHallucination|OMLLL
|
|switch|p1a: Celebi|Celebi|404\/404
|move|p2a: Tentacruel|Hidden Power|p1a: Celebi
|-resisted|p1a: Celebi
|-damage|p1a: Celebi|382\/404
|
|-heal|p1a: Celebi|404\/404|[from] item: Leftovers
|turn|3
|c|âHallucination|hahaaaaaa im going to get drafted for gen 4
|c|âF U BP|oh that's the plan?
|c|âF U BP|I might join you on that, didn't realize that was the goal
|
|switch|p1a: Magnezone|Magnezone|344\/344
|switch|p2a: Celebi|Celebi|404\/404
|
|turn|4
|c|âF U BP|oml I miss gen 4
|c|âF U BP|every time I play
|c|âF U BP|I miss it more
|c|âHallucination|yeah
|c|âHallucination|thats the goal
|c|âHallucination|http:\/\/ocl.freeforums.net\/thread\/2\/ocl-back
|
|move|p2a: Celebi|U-turn|p1a: Magnezone
|-resisted|p1a: Magnezone
|-damage|p1a: Magnezone|322\/344
|c|âHallucination|fuck
|
|switch|p2a: Rotom-Heat|Rotom-Heat|304\/304
|move|p1a: Magnezone|Substitute|p1a: Magnezone
|-start|p1a: Magnezone|Substitute
|-damage|p1a: Magnezone|236\/344
|
|-heal|p1a: Magnezone|257\/344|[from] item: Leftovers
|turn|5
|c|âHallucination|once u see my team
|c|âHallucination|oml ull shit ur pants
|c|âHallucination|youll be like hallu idk what ur playing but its not gen 4
|
|switch|p2a: Celebi|Celebi|404\/404
|move|p1a: Magnezone|Thunderbolt|p2a: Celebi
|-resisted|p2a: Celebi
|-damage|p2a: Celebi|308\/404
|
|-heal|p2a: Celebi|333\/404|[from] item: Leftovers
|-heal|p1a: Magnezone|278\/344|[from] item: Leftovers
|turn|6
|
|move|p2a: Celebi|Perish Song|p2a: Celebi
|-fieldactivate|move: Perish Song
|move|p1a: Magnezone|Hidden Power|p2a: Celebi
|-supereffective|p2a: Celebi
|-damage|p2a: Celebi|147\/404
|
|-start|p2a: Celebi|perish3
|-start|p1a: Magnezone|perish3
|-heal|p2a: Celebi|172\/404|[from] item: Leftovers
|-heal|p1a: Magnezone|299\/344|[from] item: Leftovers
|turn|7
|
|move|p2a: Celebi|Recover|p2a: Celebi
|-heal|p2a: Celebi|374\/404
|move|p1a: Magnezone|Metal Sound|p2a: Celebi
|-unboost|p2a: Celebi|spd|2
|
|-start|p2a: Celebi|perish2
|-start|p1a: Magnezone|perish2
|-heal|p2a: Celebi|399\/404|[from] item: Leftovers
|-heal|p1a: Magnezone|320\/344|[from] item: Leftovers
|turn|8
|
|move|p2a: Celebi|U-turn|p1a: Magnezone
|-resisted|p1a: Magnezone
|-activate|p1a: Magnezone|Substitute|[damage]
|
|switch|p2a: Heatran|Heatran, M|386\/386
|move|p1a: Magnezone|Thunderbolt|p2a: Heatran
|-damage|p2a: Heatran|265\/386
|
|-start|p1a: Magnezone|perish1
|-heal|p2a: Heatran|289\/386|[from] item: Leftovers
|-heal|p1a: Magnezone|341\/344|[from] item: Leftovers
|turn|9
|c|âF U BP|spdef heatran was not a thing lol
|c|âHallucination|idc
|
|switch|p1a: Tentacruel|Tentacruel, M|364\/364
|move|p2a: Heatran|Stealth Rock|p1a: Tentacruel
|-sidestart|p1: F U BP|move: Stealth Rock
|
|-heal|p2a: Heatran|313\/386|[from] item: Leftovers
|turn|10
|c|âHallucination|i know celebi tran was a thing
|
|switch|p2a: Rotom-Heat|Rotom-Heat|304\/304
|move|p1a: Tentacruel|Knock Off|p2a: Rotom-Heat
|-supereffective|p2a: Rotom-Heat
|-damage|p2a: Rotom-Heat|282\/304
|-enditem|p2a: Rotom-Heat|Leftovers|[from] move: Knock Off|[of] p1a: Tentacruel
|
|turn|11
|c|âHallucination|lololol
|c|âF U BP|weak sauce
|c|âHallucination|I wanna kill this tentacruel
|c|âHallucination|once i kill it
|c|âHallucination|i think i win
|c|âF U BP|tbh rotom-h just counters this team
|c|âHallucination|ive heard that before
|c|âF U BP|yup
|c|âHallucination|I dont see how
|c|âHallucination|Rotom-h
|c|âHallucination|wont be on every stall team
|c|âF U BP|atm I'm trying to remember if you are actually part fire type
|c|âHallucination|no im ghost
|c|âF U BP|kk thanks
|c|âF U BP|oh duh
|c|âHallucination|knock off
|c|âHallucination|did se
|c|âF U BP|yeah
|c|âF U BP|dat 7%
|
|move|p1a: Tentacruel|Surf|p2a: Rotom-Heat
|-damage|p2a: Rotom-Heat|213\/304
|move|p2a: Rotom-Heat|Will-O-Wisp|p1a: Tentacruel
|-status|p1a: Tentacruel|brn
|
|-damage|p1a: Tentacruel|319\/364 brn|[from] brn
|turn|12
|c|âHallucination|but overheat for forrys mmmm
|
|move|p1a: Tentacruel|Surf|p2a: Rotom-Heat
|-damage|p2a: Rotom-Heat|147\/304
|move|p2a: Rotom-Heat|Thunderbolt|p1a: Tentacruel
|-supereffective|p1a: Tentacruel
|-damage|p1a: Tentacruel|173\/364 brn
|
|-heal|p1a: Tentacruel|195\/364 brn|[from] item: Black Sludge
|-damage|p1a: Tentacruel|150\/364 brn|[from] brn
|turn|13
|
|switch|p1a: Magnezone|Magnezone|341\/344
|-damage|p1a: Magnezone|320\/344|[from] Stealth Rock
|move|p2a: Rotom-Heat|Thunderbolt|p1a: Magnezone
|-resisted|p1a: Magnezone
|-damage|p1a: Magnezone|261\/344
|
|-heal|p1a: Magnezone|282\/344|[from] item: Leftovers
|turn|14
|
|switch|p1a: Tentacruel|Tentacruel, M|150\/364 brn
|-damage|p1a: Tentacruel|105\/364 brn|[from] Stealth Rock
|move|p2a: Rotom-Heat|Will-O-Wisp|p1a: Tentacruel
|-fail|p1a: Tentacruel|brn
|
|-heal|p1a: Tentacruel|127\/364 brn|[from] item: Black Sludge
|-damage|p1a: Tentacruel|82\/364 brn|[from] brn
|turn|15
|c|âHallucination|big plays
|c|âF U BP|nah I can't touch it
|
|move|p1a: Tentacruel|Surf|p2a: Rotom-Heat
|-damage|p2a: Rotom-Heat|87\/304
|move|p2a: Rotom-Heat|Thunderbolt|p1a: Tentacruel
|-supereffective|p1a: Tentacruel
|-damage|p1a: Tentacruel|0 fnt
|faint|p1a: Tentacruel
|
|c|âHallucination|:P
|
|switch|p1a: Gyarados|Gyarados, F|212\/381
|-damage|p1a: Gyarados|117\/381|[from] Stealth Rock
|-ability|p1a: Gyarados|Intimidate|[of] p2a: Rotom-Heat
|-unboost|p2a: Rotom-Heat|atk|1
|turn|16
|
|switch|p2a: Tentacruel|Tentacruel, M|364\/364
|move|p1a: Gyarados|Waterfall|p2a: Tentacruel
|-crit|p2a: Tentacruel
|-resisted|p2a: Tentacruel
|-damage|p2a: Tentacruel|253\/364
|
|-heal|p1a: Gyarados|140\/381|[from] item: Leftovers
|-heal|p2a: Tentacruel|275\/364|[from] item: Black Sludge
|turn|17
|c|âF U BP|die pls
|c|âHallucination|crotical hits
|
|move|p1a: Gyarados|Bounce|p2a: Tentacruel|[still]
|-prepare|p1a: Gyarados|Bounce|p2a: Tentacruel
|move|p2a: Tentacruel|Toxic Spikes|p1a: Gyarados
|-sidestart|p1: F U BP|move: Toxic Spikes
|
|-heal|p1a: Gyarados|163\/381|[from] item: Leftovers
|-heal|p2a: Tentacruel|297\/364|[from] item: Black Sludge
|turn|18
|c|âHallucination|PREDICTED
|c|âF U BP|nb
|
|move|p1a: Gyarados|Bounce|p2a: Tentacruel
|-damage|p2a: Tentacruel|168\/364
|-status|p2a: Tentacruel|par
|move|p2a: Tentacruel|Hidden Power|p1a: Gyarados
|-crit|p1a: Gyarados
|-supereffective|p1a: Gyarados
|-damage|p1a: Gyarados|0 fnt
|faint|p1a: Gyarados
|
|-heal|p2a: Tentacruel|190\/364 par|[from] item: Black Sludge
|c|âHallucination|ty
|c|âHallucination|do u like the team so far
|
|switch|p1a: Magnezone|Magnezone|282\/344
|-damage|p1a: Magnezone|261\/344|[from] Stealth Rock
|turn|19
|
|switch|p2a: Heatran|Heatran, M|313\/386
|move|p1a: Magnezone|Thunderbolt|p2a: Heatran
|-damage|p2a: Heatran|175\/386
|
|-heal|p2a: Heatran|199\/386|[from] item: Leftovers
|-heal|p1a: Magnezone|282\/344|[from] item: Leftovers
|turn|20
|c|âF U BP|I haven't seen much outside of rotom lol
|c|âHallucination|youve seen tran and tenta and celebi
|
|move|p2a: Heatran|Lava Plume|p1a: Magnezone
|-supereffective|p1a: Magnezone
|-damage|p1a: Magnezone|36\/344
|-status|p1a: Magnezone|brn
|move|p1a: Magnezone|Thunderbolt|p2a: Heatran
|-damage|p2a: Heatran|75\/386
|
|-heal|p2a: Heatran|99\/386|[from] item: Leftovers
|-heal|p1a: Magnezone|57\/344 brn|[from] item: Leftovers
|-damage|p1a: Magnezone|14\/344 brn|[from] brn
|turn|21
|c|âF U BP|sure hax me, very nice
|c|âHallucination|lol
|
|move|p2a: Heatran|Protect|p2a: Heatran
|-singleturn|p2a: Heatran|Protect
|move|p1a: Magnezone|Thunderbolt|p2a: Heatran
|-activate|p2a: Heatran|Protect
|
|-heal|p2a: Heatran|123\/386|[from] item: Leftovers
|-heal|p1a: Magnezone|35\/344 brn|[from] item: Leftovers
|-damage|p1a: Magnezone|0 fnt|[from] brn
|faint|p1a: Magnezone
|
|switch|p1a: Gengar|Gengar, F|262\/262
|-damage|p1a: Gengar|230\/262|[from] Stealth Rock
|turn|22
|c|âHallucination|gen gen gen gar
|
|switch|p2a: Umbreon|Umbreon, M|394\/394
|move|p1a: Gengar|Trick|p2a: Umbreon
|-activate|p1a: Gengar|move: Trick|[of] p2a: Umbreon
|-item|p2a: Umbreon|Choice Scarf|[from] move: Trick
|-item|p1a: Gengar|Leftovers|[from] move: Trick
|
|-heal|p1a: Gengar|246\/262|[from] item: Leftovers
|turn|23
|
|switch|p1a: Celebi|Celebi|404\/404
|-damage|p1a: Celebi|354\/404|[from] Stealth Rock
|-status|p1a: Celebi|psn
|move|p2a: Umbreon|Payback|p1a: Celebi
|-supereffective|p1a: Celebi
|-damage|p1a: Celebi|226\/404 psn
|
|-heal|p1a: Celebi|251\/404 psn|[from] item: Leftovers
|-damage|p1a: Celebi|201\/404 psn|[from] psn
|turn|24
|
|move|p2a: Umbreon|Payback|p1a: Celebi
|-supereffective|p1a: Celebi
|-damage|p1a: Celebi|141\/404 psn
|move|p1a: Celebi|Leech Seed|p2a: Umbreon
|-start|p2a: Umbreon|move: Leech Seed
|
|-heal|p1a: Celebi|166\/404 psn|[from] item: Leftovers
|-damage|p2a: Umbreon|345\/394|[from] Leech Seed|[of] p1a: Celebi
|-heal|p1a: Celebi|215\/404 psn|[silent]
|-damage|p1a: Celebi|165\/404 psn|[from] psn
|turn|25
|c|âF U BP|lol weak
|c|âHallucination|wtf
|c|âHallucination|how does that do such difference in damage
|c|âF U BP|do you know how payback works?
|c|âHallucination|nope
|c|âF U BP|you do more damage when you go second
|
|switch|p2a: Celebi|Celebi|399\/404
|move|p1a: Celebi|Stealth Rock|p2a: Celebi
|-sidestart|p2: Hallucination|move: Stealth Rock
|
|-heal|p2a: Celebi|404\/404|[from] item: Leftovers
|-heal|p1a: Celebi|190\/404 psn|[from] item: Leftovers
|-damage|p1a: Celebi|140\/404 psn|[from] psn
|turn|26
|c|âHallucination|fucking sucks
|c|âHallucination|bull shit
|c|âHallucination|OUTRUN ME JOLT
|c|âF U BP|let's do thisss
|
|move|p1a: Celebi|Recover|p1a: Celebi
|-heal|p1a: Celebi|342\/404 psn
|move|p2a: Celebi|U-turn|p1a: Celebi
|-supereffective|p1a: Celebi
|-damage|p1a: Celebi|182\/404 psn
|
|switch|p2a: Scizor|Scizor, M|344\/344
|-damage|p2a: Scizor|301\/344|[from] Stealth Rock
|
|-heal|p1a: Celebi|207\/404 psn|[from] item: Leftovers
|-heal|p2a: Scizor|322\/344|[from] item: Leftovers
|-damage|p1a: Celebi|157\/404 psn|[from] psn
|turn|27
|c|âHallucination|:)
|
|move|p1a: Celebi|Leech Seed|p2a: Scizor
|-start|p2a: Scizor|move: Leech Seed
|move|p2a: Scizor|U-turn|p1a: Celebi
|-supereffective|p1a: Celebi
|-damage|p1a: Celebi|0 fnt
|faint|p1a: Celebi
|
|switch|p2a: Heatran|Heatran, M|123\/386
|-damage|p2a: Heatran|75\/386|[from] Stealth Rock
|
|-heal|p2a: Heatran|99\/386|[from] item: Leftovers
|
|switch|p1a: Gengar|Gengar, F|246\/262
|-damage|p1a: Gengar|214\/262|[from] Stealth Rock
|turn|28
|c|âHallucination|is heatran a man?
|c|âHallucination|can it handle
|c|âHallucination|the gen gen gen gar
|
|move|p2a: Heatran|Protect|p2a: Heatran
|-singleturn|p2a: Heatran|Protect
|move|p1a: Gengar|Focus Blast|p2a: Heatran
|-activate|p2a: Heatran|Protect
|
|-heal|p1a: Gengar|230\/262|[from] item: Leftovers
|-heal|p2a: Heatran|123\/386|[from] item: Leftovers
|turn|29
|
|move|p1a: Gengar|Focus Blast|p2a: Heatran|[miss]
|-miss|p1a: Gengar|p2a: Heatran
|move|p2a: Heatran|Lava Plume|p1a: Gengar
|-damage|p1a: Gengar|71\/262
|
|-heal|p1a: Gengar|87\/262|[from] item: Leftovers
|-heal|p2a: Heatran|147\/386|[from] item: Leftovers
|turn|30
|c|âF U BP|lucky as fuck
|c|âHallucination|ahhh fuck yes it can
|c|âHallucination|man plays
|c|âHallucination|HEATRAN IS A MAN
|
|move|p2a: Heatran|Protect|p2a: Heatran
|-singleturn|p2a: Heatran|Protect
|move|p1a: Gengar|Focus Blast|p2a: Heatran
|-activate|p2a: Heatran|Protect
|
|-heal|p1a: Gengar|103\/262|[from] item: Leftovers
|-heal|p2a: Heatran|171\/386|[from] item: Leftovers
|turn|31
|
|switch|p2a: Rotom-Heat|Rotom-Heat|87\/304
|-damage|p2a: Rotom-Heat|49\/304|[from] Stealth Rock
|move|p1a: Gengar|Focus Blast|p2a: Rotom-Heat
|-immune|p2a: Rotom-Heat|[msg]
|
|-heal|p1a: Gengar|119\/262|[from] item: Leftovers
|turn|32
|
|move|p1a: Gengar|Shadow Ball|p2a: Rotom-Heat
|-supereffective|p2a: Rotom-Heat
|-damage|p2a: Rotom-Heat|0 fnt
|faint|p2a: Rotom-Heat
|
|-heal|p1a: Gengar|135\/262|[from] item: Leftovers
|c|âHallucination|dat lefties recovery tho
|c|âF U BP|dumb
|c|âHallucination|u have HP fire
|
|switch|p2a: Umbreon|Umbreon, M|345\/394
|-damage|p2a: Umbreon|296\/394|[from] Stealth Rock
|turn|33
|c|âHallucination|guaranteed
|c|âF U BP|mmhmm
|c|âHallucination|poopyhead
|c|âHallucination|was not read
|c|âHallucination|y
|c|âHallucination|for the
|c|âHallucination|trick
|
|move|p1a: Gengar|Focus Blast|p2a: Umbreon|[miss]
|-miss|p1a: Gengar|p2a: Umbreon
|move|p2a: Umbreon|Payback|p1a: Gengar
|-supereffective|p1a: Gengar
|-damage|p1a: Gengar|0 fnt
|faint|p1a: Gengar
|
|c|âHallucination|didnt even matter
|c|âHallucination|im max sp.d
|c|âF U BP|so heatran should be dead, umbreon should be crippled
|c|âF U BP|it did
|
|switch|p1a: Infernape|Infernape, F|293\/293
|-status|p1a: Infernape|psn
|-damage|p1a: Infernape|257\/293 psn|[from] Stealth Rock
|turn|34
|c|âHallucination|nah it didnt
|
|switch|p2a: Scizor|Scizor, M|322\/344
|-damage|p2a: Scizor|279\/344|[from] Stealth Rock
|move|p1a: Infernape|Fire Blast|p2a: Scizor
|-supereffective|p2a: Scizor
|-damage|p2a: Scizor|0 fnt
|-damage|p1a: Infernape|228\/293 psn|[from] item: Life Orb
|faint|p2a: Scizor
|
|-damage|p1a: Infernape|192\/293 psn|[from] psn
|
|switch|p2a: Tentacruel|Tentacruel, M|190\/364 par
|-damage|p2a: Tentacruel|145\/364 par|[from] Stealth Rock
|turn|35
|c|âF U BP|go ahead and choke the game away -.-
|c|âHallucination|my counter
|c|âHallucination|lets see it
|
|move|p1a: Infernape|Close Combat|p2a: Tentacruel
|-resisted|p2a: Tentacruel
|-damage|p2a: Tentacruel|58\/364 par
|-unboost|p1a: Infernape|def|1
|-unboost|p1a: Infernape|spd|1
|-damage|p1a: Infernape|163\/293 psn|[from] item: Life Orb
|move|p2a: Tentacruel|Surf|p1a: Infernape
|-supereffective|p1a: Infernape
|-damage|p1a: Infernape|0 fnt
|faint|p1a: Infernape
|
|win|Hallucination
|c|âHallucination|AHhhhhhhhhhhh
|c|âF U BP|you run defense
|c|âF U BP|lol
|c|âHallucination|I THOUGHT OF THAT
|c|âHallucination|WITH MY HEAD
|c|âF U BP|that's not a gen 4 team xD
|c|âHallucination|I was like
|c|âHallucination|hmm
|c|âHallucination|How do I wall every single
|c|âHallucination|Infernape set
|c|âHallucination|and I was like duh
|c|âHallucination|with tentacruel
|c|âF U BP|alright, how much does grass knot do?
|c|âHallucination|30%
|c|âF U BP|hm
|c|âF U BP|was scizor banded?
|c|âHallucination|u saw the lefties
|c|âF U BP|so no
|c|âHallucination|nope
|c|âHallucination|has toxic
|c|âHallucination|cuz real
|c|âF U BP|I'm pretty sure if I could hit a focus blast gengar + ape would have made this a lot closer.
|c|âHallucination|forget why tbh
|c|âHallucination|m8
|c|âHallucination|that was predicted hax
|c|âF U BP|ofc
|c|âHallucination|notice
|c|âHallucination|how i protected first turn
|c|âHallucination|predicted hit
|c|âHallucination|but notice
|c|âHallucination|how I didnt go for the double protect
|c|âHallucination|predicted miss
|c|âF U BP|luckE n bad
|c|âF U BP|;)
|c|âHallucination|its ok
|c|âHallucination|Ill lucke and bad and win all day
|c|âHallucination|luckE and bad seems like something u say to winners
|c|âHallucination|Call me luckE and bad moar
|c|âF U BP|LUCKE AND BAD
|c|âF U BP|okay I'm done lol
|c|âF U BP|hmm to make a real gen 4 team or nah
|c|âHallucination|yeah lets get drafted
|c|âHallucination|did u sign up
|c|âHallucination|I signed up for every gen
|c|âF U BP|I didn't
|c|âF U BP|idk if I'll have time to prepare in all tiers
|c|âF U BP|or in any
|c|âHallucination|my gen 5 team could be real if I could remember how to play it
|c|âF U BP|college starts up in a week :\/
|c|âHallucination|m8 do what i do
|c|âHallucination|sign up
|c|âHallucination|believe in your natural stall skills
|c|âHallucination|and try to get drafted
|c|âHallucination|i didnt even play gen 4 XD
|c|âHallucination|but there are like 30 people and 10 teams
|c|âHallucination|Im looking like a good chance rn
|c|âF U BP|how big is a team?
|c|âF U BP|wait is this through smogon?
|c|âHallucination|ok i found out
|c|âHallucination|no its through the link I provided
|c|âHallucination|its like the SPL
|c|âHallucination|but the draft is 3 OU plays, 1 BW, 1 DPP per team
|c|âHallucination|so 5 players
|c|âF U BP|how do you get drafted?
|c|âF U BP|oh damn oras ou is loaded
|c|âHallucination|The managers have to draft you