|join|Mudkip Slayer
|join|Hallucination
|player|p1|Mudkip Slayer|196
|player|p2|Hallucination|276
|gametype|singles
|gen|4
|tier|[Gen 4] OU
|rule|Sleep Clause Mod: Limit one foe put to sleep
|rule|Species Clause: Limit one of each PokÃ©mon
|rule|OHKO Clause: OHKO moves are banned
|rule|Moody Clause: Moody is banned
|rule|Evasion Moves Clause: Evasion moves are banned
|rule|Endless Battle Clause: Forcing endless battles is banned
|rule|HP Percentage Mod: HP is shown in percentages
|
|start
|switch|p1a: Mindgames|Uxie|354\/354
|switch|p2a: Starmie|Starmie|324\/324
|turn|1
|c|âHallucination|dafuq
|c|âMudkip Slayer|no team preview :P
|c|âHallucination|i dun even care
|
|switch|p1a: Carl|Jirachi|404\/404
|move|p2a: Starmie|Surf|p1a: Carl
|-damage|p1a: Carl|316\/404
|
|-heal|p1a: Carl|341\/404|[from] item: Leftovers
|turn|2
|c|âHallucination|Im round 3 flying blind thats like = godlike no team preview
|c|âMudkip Slayer|I got screwed over in that tourney
|c|âMudkip Slayer|opponent was inactive af
|c|âMudkip Slayer|and he got advanced :\/
|
|switch|p2a: Rotom-Heat|Rotom-Heat|304\/304
|move|p1a: Carl|Thunder|p2a: Rotom-Heat|[miss]
|-miss|p1a: Carl|p2a: Rotom-Heat
|
|-heal|p1a: Carl|366\/404|[from] item: Leftovers
|turn|3
|
|switch|p1a: Mindgames|Uxie|354\/354
|move|p2a: Rotom-Heat|Will-O-Wisp|p1a: Mindgames
|-status|p1a: Mindgames|brn
|
|-damage|p1a: Mindgames|310\/354 brn|[from] brn
|turn|4
|c|âHallucination|not real
|c|âHallucination|i dont know what this thing does
|
|switch|p2a: Starmie|Starmie|324\/324
|move|p1a: Mindgames|Rain Dance|p1a: Mindgames
|-weather|RainDance
|
|-weather|RainDance|[upkeep]
|-damage|p1a: Mindgames|266\/354 brn|[from] brn
|turn|5
|c|âHallucination|#annoying
|c|âMudkip Slayer|lel
|
|move|p2a: Starmie|Surf|p1a: Mindgames
|-damage|p1a: Mindgames|139\/354 brn
|move|p1a: Mindgames|U-turn|p2a: Starmie
|-supereffective|p2a: Starmie
|-damage|p2a: Starmie|274\/324
|
|switch|p1a: Consuela|Ludicolo, F|316\/316
|
|-weather|RainDance|[upkeep]
|-heal|p2a: Starmie|294\/324|[from] item: Leftovers
|turn|6
|c|âHallucination|LOL
|c|âMudkip Slayer|XD
|
|switch|p2a: Blissey|Blissey, F|651\/651
|move|p1a: Consuela|Grass Knot|p2a: Blissey
|-damage|p2a: Blissey|576\/651
|-damage|p1a: Consuela|285\/316|[from] item: Life Orb
|
|-weather|RainDance|[upkeep]
|-heal|p2a: Blissey|616\/651|[from] item: Leftovers
|turn|7
|c|âMudkip Slayer|ah you brought fat bitch xP
|c|âHallucination|did u expect me not to?
|
|switch|p1a: Primal Genesect|Kabutops, M|269\/269
|move|p2a: Blissey|Stealth Rock|p1a: Primal Genesect
|-sidestart|p1: Mudkip Slayer|move: Stealth Rock
|
|-weather|RainDance|[upkeep]
|-heal|p2a: Blissey|651\/651|[from] item: Leftovers
|turn|8
|c|âMudkip Slayer|lol good point XD
|
|switch|p2a: Gyarados|Gyarados, F|394\/394
|-ability|p2a: Gyarados|Intimidate|[of] p1a: Primal Genesect
|-unboost|p1a: Primal Genesect|atk|1
|move|p1a: Primal Genesect|Waterfall|p2a: Gyarados
|-resisted|p2a: Gyarados
|-damage|p2a: Gyarados|314\/394
|-damage|p1a: Primal Genesect|243\/269|[from] item: Life Orb
|
|-weather|RainDance|[upkeep]
|-heal|p2a: Gyarados|338\/394|[from] item: Leftovers
|turn|9
|c|âHallucination|rekt
|
|switch|p2a: Skarmory|Skarmory, F|334\/334
|move|p1a: Primal Genesect|Stone Edge|p2a: Skarmory
|-damage|p2a: Skarmory|250\/334
|-damage|p1a: Primal Genesect|217\/269|[from] item: Life Orb
|
|-weather|RainDance|[upkeep]
|-heal|p2a: Skarmory|270\/334|[from] item: Leftovers
|turn|10
|
|move|p1a: Primal Genesect|Swords Dance|p1a: Primal Genesect
|-boost|p1a: Primal Genesect|atk|2
|move|p2a: Skarmory|Spikes|p1a: Primal Genesect
|-sidestart|p1: Mudkip Slayer|Spikes
|
|-weather|RainDance|[upkeep]
|-heal|p2a: Skarmory|290\/334|[from] item: Leftovers
|turn|11
|
|move|p1a: Primal Genesect|Waterfall|p2a: Skarmory
|-damage|p2a: Skarmory|49\/334
|-damage|p1a: Primal Genesect|191\/269|[from] item: Life Orb
|cant|p2a: Skarmory|flinch
|
|-weather|none
|-heal|p2a: Skarmory|69\/334|[from] item: Leftovers
|turn|12
|c|âHallucination|rekt
|c|âMudkip Slayer|dat flinch lyfe
|
|move|p1a: Primal Genesect|Stone Edge|p2a: Skarmory|[miss]
|-miss|p1a: Primal Genesect|p2a: Skarmory
|move|p2a: Skarmory|Roost|p2a: Skarmory
|-heal|p2a: Skarmory|236\/334
|
|-heal|p2a: Skarmory|256\/334|[from] item: Leftovers
|turn|13
|c|âHallucination|counter rekt
|c|âMudkip Slayer|kek
|
|move|p1a: Primal Genesect|Stone Edge|p2a: Skarmory
|-damage|p2a: Skarmory|67\/334
|-damage|p1a: Primal Genesect|165\/269|[from] item: Life Orb
|move|p2a: Skarmory|Whirlwind|p1a: Primal Genesect
|drag|p1a: Big Ben|Bronzong|338\/338
|-damage|p1a: Big Ben|317\/338|[from] Stealth Rock
|
|-heal|p2a: Skarmory|87\/334|[from] item: Leftovers
|turn|14
|
|move|p2a: Skarmory|Roost|p2a: Skarmory
|-heal|p2a: Skarmory|254\/334
|move|p1a: Big Ben|Rain Dance|p1a: Big Ben
|-weather|RainDance
|
|-weather|RainDance|[upkeep]
|-heal|p2a: Skarmory|274\/334|[from] item: Leftovers
|turn|15
|
|move|p2a: Skarmory|Spikes|p1a: Big Ben
|-sidestart|p1: Mudkip Slayer|Spikes
|move|p1a: Big Ben|Explosion|p2a: Skarmory
|-resisted|p2a: Skarmory
|-damage|p2a: Skarmory|146\/334
|faint|p1a: Big Ben
|
|-weather|RainDance|[upkeep]
|-heal|p2a: Skarmory|166\/334|[from] item: Leftovers
|c|âHallucination|ok
|
|switch|p1a: Dragoon|Kingdra, F|291\/291
|-damage|p1a: Dragoon|243\/291|[from] Spikes
|-damage|p1a: Dragoon|207\/291|[from] Stealth Rock
|turn|16
|c|âHallucination|im feeling the xy vote
|c|âMudkip Slayer|lol maybe
|c|âMudkip Slayer|idc haha
|
|switch|p2a: Gyarados|Gyarados, F|338\/394
|-ability|p2a: Gyarados|Intimidate|[of] p1a: Dragoon
|-unboost|p1a: Dragoon|atk|1
|move|p1a: Dragoon|Hydro Pump|p2a: Gyarados|[miss]
|-miss|p1a: Dragoon|p2a: Gyarados
|
|-weather|RainDance|[upkeep]
|-heal|p2a: Gyarados|362\/394|[from] item: Leftovers
|turn|17
|
|switch|p2a: Blissey|Blissey, F|651\/651
|move|p1a: Dragoon|Hydro Pump|p2a: Blissey
|-damage|p2a: Blissey|437\/651
|-damage|p1a: Dragoon|178\/291|[from] item: Life Orb
|
|-weather|RainDance|[upkeep]
|-heal|p2a: Blissey|477\/651|[from] item: Leftovers
|turn|18
|c|âHallucination|lol is this a good team XD
|c|âHallucination|i was feeling good about myself
|c|âHallucination|I was like imma put on the most common shit ever
|c|âMudkip Slayer|maybe haha, skarmbliss is like OP af in 4th gen
|c|âHallucination|yeah
|c|âMudkip Slayer|walls my entire team
|
|move|p1a: Dragoon|Waterfall|p2a: Blissey
|-damage|p2a: Blissey|213\/651
|-damage|p1a: Dragoon|149\/291|[from] item: Life Orb
|move|p2a: Blissey|Soft-Boiled|p2a: Blissey
|-heal|p2a: Blissey|539\/651
|
|-weather|RainDance|[upkeep]
|-heal|p2a: Blissey|579\/651|[from] item: Leftovers
|turn|19
|c|âHallucination|XD
|c|âHallucination|dat intimidate tho
|c|âHallucination|gen 5 knowledge confirmed
|c|âMudkip Slayer|yeah haha
|
|move|p1a: Dragoon|Waterfall|p2a: Blissey
|-damage|p2a: Blissey|329\/651
|-damage|p1a: Dragoon|120\/291|[from] item: Life Orb
|move|p2a: Blissey|Toxic|p1a: Dragoon|[miss]
|-miss|p2a: Blissey|p1a: Dragoon
|
|-weather|RainDance|[upkeep]
|-heal|p2a: Blissey|369\/651|[from] item: Leftovers
|turn|20
|c|âMudkip Slayer|need a flinch
|
|switch|p2a: Roserade|Roserade, F|324\/324
|move|p1a: Dragoon|Waterfall|p2a: Roserade
|-resisted|p2a: Roserade
|-damage|p2a: Roserade|247\/324
|-damage|p1a: Dragoon|91\/291|[from] item: Life Orb
|
|-weather|RainDance|[upkeep]
|-heal|p2a: Roserade|267\/324|[from] item: Black Sludge
|turn|21
|c|âHallucination|no spinner
|
|move|p1a: Dragoon|Draco Meteor|p2a: Roserade
|-damage|p2a: Roserade|8\/324
|-unboost|p1a: Dragoon|spa|2
|-damage|p1a: Dragoon|62\/291|[from] item: Life Orb
|move|p2a: Roserade|Toxic Spikes|p1a: Dragoon
|-sidestart|p1: Mudkip Slayer|move: Toxic Spikes
|
|-weather|none
|-heal|p2a: Roserade|28\/324|[from] item: Black Sludge
|turn|22
|
|move|p1a: Dragoon|Rain Dance|p1a: Dragoon
|-weather|RainDance
|move|p2a: Roserade|Synthesis|p2a: Roserade
|-heal|p2a: Roserade|109\/324
|
|-weather|RainDance|[upkeep]
|-heal|p2a: Roserade|129\/324|[from] item: Black Sludge
|turn|23
|
|switch|p2a: Gyarados|Gyarados, F|362\/394
|-ability|p2a: Gyarados|Intimidate|[of] p1a: Dragoon
|-unboost|p1a: Dragoon|atk|1
|move|p1a: Dragoon|Draco Meteor|p2a: Gyarados
|-damage|p2a: Gyarados|232\/394
|-unboost|p1a: Dragoon|spa|2
|-damage|p1a: Dragoon|33\/291|[from] item: Life Orb
|
|-weather|RainDance|[upkeep]
|-heal|p2a: Gyarados|256\/394|[from] item: Leftovers
|turn|24
|
|move|p1a: Dragoon|Draco Meteor|p2a: Gyarados
|-crit|p2a: Gyarados
|-damage|p2a: Gyarados|0 fnt
|-unboost|p1a: Dragoon|spa|2
|-damage|p1a: Dragoon|4\/291|[from] item: Life Orb
|faint|p2a: Gyarados
|
|-weather|RainDance|[upkeep]
|c|âHallucination|aww
|c|âMudkip Slayer|crot XD
|
|switch|p2a: Blissey|Blissey, F|369\/651
|turn|25
|c|âHallucination|was gonna rest :(
|c|âMudkip Slayer|rest gyara? lol ok haha
|
|move|p1a: Dragoon|Waterfall|p2a: Blissey
|-damage|p2a: Blissey|185\/651
|-damage|p1a: Dragoon|0 fnt|[from] item: Life Orb
|faint|p1a: Dragoon
|cant|p2a: Blissey|flinch
|
|-weather|RainDance|[upkeep]
|-heal|p2a: Blissey|225\/651|[from] item: Leftovers
|c|âHallucination|gen 5 mate
|c|âHallucination|boo
|c|âHallucination|booooooo
|c|âMudkip Slayer|flonch!
|
|switch|p1a: Primal Genesect|Kabutops, M|165\/269
|-status|p1a: Primal Genesect|psn
|-damage|p1a: Primal Genesect|121\/269 psn|[from] Spikes
|-damage|p1a: Primal Genesect|88\/269 psn|[from] Stealth Rock
|turn|26
|c|âHallucination|if i get haxed out of xy
|
|switch|p2a: Skarmory|Skarmory, F|166\/334
|move|p1a: Primal Genesect|Waterfall|p2a: Skarmory
|-damage|p2a: Skarmory|7\/334
|-damage|p1a: Primal Genesect|62\/269 psn|[from] item: Life Orb
|
|-weather|none
|-heal|p2a: Skarmory|27\/334|[from] item: Leftovers
|-damage|p1a: Primal Genesect|29\/269 psn|[from] psn
|turn|27
|
|move|p1a: Primal Genesect|Waterfall|p2a: Skarmory
|-damage|p2a: Skarmory|0 fnt
|-damage|p1a: Primal Genesect|3\/269 psn|[from] item: Life Orb
|faint|p2a: Skarmory
|
|-damage|p1a: Primal Genesect|0 fnt|[from] psn
|faint|p1a: Primal Genesect
|
|switch|p1a: Mindgames|Uxie|139\/354 brn
|switch|p2a: Blissey|Blissey, F|225\/651
|-damage|p1a: Mindgames|95\/354 brn|[from] Stealth Rock
|turn|28
|
|move|p1a: Mindgames|Rain Dance|p1a: Mindgames
|-weather|RainDance
|move|p2a: Blissey|Soft-Boiled|p2a: Blissey
|-heal|p2a: Blissey|551\/651
|
|-weather|RainDance|[upkeep]
|-heal|p2a: Blissey|591\/651|[from] item: Leftovers
|-damage|p1a: Mindgames|51\/354 brn|[from] brn
|turn|29
|
|switch|p2a: Roserade|Roserade, F|129\/324
|move|p1a: Mindgames|Yawn|p2a: Roserade
|-start|p2a: Roserade|move: Yawn|[of] p1a: Mindgames
|
|-weather|RainDance|[upkeep]
|-heal|p2a: Roserade|149\/324|[from] item: Black Sludge
|-damage|p1a: Mindgames|7\/354 brn|[from] brn
|turn|30
|
|switch|p2a: Starmie|Starmie|294\/324
|move|p1a: Mindgames|Stealth Rock|p2a: Starmie
|-sidestart|p2: Hallucination|move: Stealth Rock
|
|-weather|RainDance|[upkeep]
|-heal|p2a: Starmie|314\/324|[from] item: Leftovers
|-damage|p1a: Mindgames|0 fnt|[from] brn
|faint|p1a: Mindgames
|
|switch|p1a: Consuela|Ludicolo, F|285\/316
|-damage|p1a: Consuela|246\/316|[from] Stealth Rock
|-damage|p1a: Consuela|194\/316|[from] Spikes
|-status|p1a: Consuela|psn
|turn|31
|
|move|p1a: Consuela|Hydro Pump|p2a: Starmie|[miss]
|-miss|p1a: Consuela|p2a: Starmie
|move|p2a: Starmie|Rapid Spin|p1a: Consuela
|-damage|p1a: Consuela|177\/316 psn
|-sideend|p2: Hallucination|Stealth Rock|[from] move: Rapid Spin|[of] p2a: Starmie
|
|-weather|RainDance|[upkeep]
|-heal|p2a: Starmie|324\/324|[from] item: Leftovers
|-damage|p1a: Consuela|138\/316 psn|[from] psn
|turn|32
|
|switch|p2a: Blissey|Blissey, F|591\/651
|move|p1a: Consuela|Hydro Pump|p2a: Blissey
|-damage|p2a: Blissey|371\/651
|-damage|p1a: Consuela|107\/316 psn|[from] item: Life Orb
|
|-weather|RainDance|[upkeep]
|-heal|p2a: Blissey|411\/651|[from] item: Leftovers
|-damage|p1a: Consuela|68\/316 psn|[from] psn
|turn|33
|
|move|p1a: Consuela|Hydro Pump|p2a: Blissey
|-damage|p2a: Blissey|168\/651
|-damage|p1a: Consuela|37\/316 psn|[from] item: Life Orb
|move|p2a: Blissey|Soft-Boiled|p2a: Blissey
|-heal|p2a: Blissey|494\/651
|
|-weather|RainDance|[upkeep]
|-heal|p2a: Blissey|534\/651|[from] item: Leftovers
|-damage|p1a: Consuela|0 fnt|[from] psn
|faint|p1a: Consuela
|c|âHallucination|gg?
|c|âMudkip Slayer|no crit 5 me
|
|switch|p1a: Carl|Jirachi|366\/404
|-damage|p1a: Carl|299\/404|[from] Spikes
|-damage|p1a: Carl|274\/404|[from] Stealth Rock
|turn|34
|c|âMudkip Slayer|nah this is where I hax you to death XD
|c|âHallucination|mate pls
|
|switch|p2a: Rotom-Heat|Rotom-Heat|304\/304
|move|p1a: Carl|Thunder|p2a: Rotom-Heat
|-resisted|p2a: Rotom-Heat
|-damage|p2a: Rotom-Heat|269\/304
|
|-weather|RainDance|[upkeep]
|-heal|p1a: Carl|299\/404|[from] item: Leftovers
|-heal|p2a: Rotom-Heat|288\/304|[from] item: Leftovers
|turn|35
|c|âMudkip Slayer|boo
|c|âHallucination|XD
|
|move|p1a: Carl|Thunder|p2a: Rotom-Heat
|-resisted|p2a: Rotom-Heat
|-damage|p2a: Rotom-Heat|258\/304
|-status|p2a: Rotom-Heat|par
|move|p2a: Rotom-Heat|Will-O-Wisp|p1a: Carl
|-status|p1a: Carl|brn
|
|-weather|none
|-heal|p1a: Carl|324\/404 brn|[from] item: Leftovers
|-heal|p2a: Rotom-Heat|277\/304 par|[from] item: Leftovers
|-damage|p1a: Carl|274\/404 brn|[from] brn
|turn|36
|c|âHallucination|wait im electric type right?
|c|âHallucination|dafuq
|c|âMudkip Slayer|lol dat 4th gen knowledge
|
|move|p1a: Carl|Wish|p1a: Carl
|move|p2a: Rotom-Heat|Overheat|p1a: Carl
|-supereffective|p1a: Carl
|-damage|p1a: Carl|90\/404 brn
|-unboost|p2a: Rotom-Heat|spa|2
|
|-heal|p1a: Carl|115\/404 brn|[from] item: Leftovers
|-heal|p2a: Rotom-Heat|296\/304 par|[from] item: Leftovers
|-damage|p1a: Carl|65\/404 brn|[from] brn
|turn|37
|c|âHallucination|ff
|
|move|p1a: Carl|Iron Head|p2a: Rotom-Heat
|-resisted|p2a: Rotom-Heat
|-damage|p2a: Rotom-Heat|268\/304 par
|cant|p2a: Rotom-Heat|par
|
|-heal|p1a: Carl|267\/404 brn|[from] move: Wish|[wisher] Carl
|-heal|p1a: Carl|292\/404 brn|[from] item: Leftovers
|-heal|p2a: Rotom-Heat|287\/304 par|[from] item: Leftovers
|-damage|p1a: Carl|242\/404 brn|[from] brn
|turn|38
|c|âHallucination|protect or bust
|
|switch|p2a: Starmie|Starmie|324\/324
|move|p1a: Carl|Wish|p1a: Carl
|
|-heal|p1a: Carl|267\/404 brn|[from] item: Leftovers
|-damage|p1a: Carl|217\/404 brn|[from] brn
|turn|39
|
|move|p2a: Starmie|Surf|p1a: Carl
|-damage|p1a: Carl|127\/404 brn
|move|p1a: Carl|Thunder|p2a: Starmie|[miss]
|-miss|p1a: Carl|p2a: Starmie
|
|-heal|p1a: Carl|329\/404 brn|[from] move: Wish|[wisher] Carl
|-heal|p1a: Carl|354\/404 brn|[from] item: Leftovers
|-damage|p1a: Carl|304\/404 brn|[from] brn
|turn|40
|
|move|p2a: Starmie|Surf|p1a: Carl
|-damage|p1a: Carl|204\/404 brn
|move|p1a: Carl|Wish|p1a: Carl
|
|-heal|p1a: Carl|229\/404 brn|[from] item: Leftovers
|-damage|p1a: Carl|179\/404 brn|[from] brn
|turn|41
|c|âHallucination|crits do double
|c|âHallucination|crit
|
|move|p2a: Starmie|Surf|p1a: Carl
|-damage|p1a: Carl|91\/404 brn
|move|p1a: Carl|Thunder|p2a: Starmie
|-supereffective|p2a: Starmie
|-damage|p2a: Starmie|116\/324
|-status|p2a: Starmie|par
|
|-heal|p1a: Carl|293\/404 brn|[from] move: Wish|[wisher] Carl
|-heal|p1a: Carl|318\/404 brn|[from] item: Leftovers
|-heal|p2a: Starmie|136\/324 par|[from] item: Leftovers
|-damage|p1a: Carl|268\/404 brn|[from] brn
|turn|42
|c|âHallucination|ff
|
|switch|p2a: Roserade|Roserade, F|149\/324
|move|p1a: Carl|Thunder|p2a: Roserade
|-resisted|p2a: Roserade
|-damage|p2a: Roserade|106\/324
|-status|p2a: Roserade|par
|
|-heal|p1a: Carl|293\/404 brn|[from] item: Leftovers
|-heal|p2a: Roserade|126\/324 par|[from] item: Black Sludge
|-damage|p1a: Carl|243\/404 brn|[from] brn
|turn|43
|
|move|p1a: Carl|Wish|p1a: Carl
|move|p2a: Roserade|Leech Seed|p1a: Carl|[miss]
|-miss|p2a: Roserade|p1a: Carl
|
|-heal|p1a: Carl|268\/404 brn|[from] item: Leftovers
|-heal|p2a: Roserade|146\/324 par|[from] item: Black Sludge
|-damage|p1a: Carl|218\/404 brn|[from] brn
|turn|44
|c|âHallucination|NO WHY LOL
|c|âMudkip Slayer|nah
|c|âMudkip Slayer|hax 2 stronk
|
|switch|p2a: Starmie|Starmie|136\/324
|move|p1a: Carl|Iron Head|p2a: Starmie
|-resisted|p2a: Starmie
|-damage|p2a: Starmie|104\/324
|
|-heal|p1a: Carl|404\/404 brn|[from] move: Wish|[wisher] Carl
|-heal|p2a: Starmie|124\/324|[from] item: Leftovers
|-damage|p1a: Carl|354\/404 brn|[from] brn
|turn|45
|
|move|p2a: Starmie|Surf|p1a: Carl
|-damage|p1a: Carl|252\/404 brn
|move|p1a: Carl|Thunder|p2a: Starmie
|-supereffective|p2a: Starmie
|-damage|p2a: Starmie|0 fnt
|faint|p2a: Starmie
|
|-heal|p1a: Carl|277\/404 brn|[from] item: Leftovers
|-damage|p1a: Carl|227\/404 brn|[from] brn
|
|switch|p2a: Roserade|Roserade, F|146\/324
|turn|46
|
|move|p2a: Roserade|Leech Seed|p1a: Carl
|-start|p1a: Carl|move: Leech Seed
|move|p1a: Carl|Wish|p1a: Carl
|
|-heal|p2a: Roserade|166\/324|[from] item: Black Sludge
|-heal|p1a: Carl|252\/404 brn|[from] item: Leftovers
|-damage|p1a: Carl|202\/404 brn|[from] Leech Seed|[of] p2a: Roserade
|-heal|p2a: Roserade|216\/324|[silent]
|-damage|p1a: Carl|152\/404 brn|[from] brn
|turn|47
|c|âHallucination|think its gg tbh
|c|âMudkip Slayer|lol can't win now at all gg XD
|
|move|p2a: Roserade|Synthesis|p2a: Roserade
|-heal|p2a: Roserade|324\/324
|move|p1a: Carl|Thunder|p2a: Roserade|[miss]
|-miss|p1a: Carl|p2a: Roserade
|
|-heal|p1a: Carl|354\/404 brn|[from] move: Wish|[wisher] Carl
|-heal|p1a: Carl|379\/404 brn|[from] item: Leftovers
|-damage|p1a: Carl|329\/404 brn|[from] Leech Seed|[of] p2a: Roserade
|-damage|p1a: Carl|279\/404 brn|[from] brn
|turn|48
|
|switch|p2a: Rotom-Heat|Rotom-Heat|287\/304 par
|move|p1a: Carl|Thunder|p2a: Rotom-Heat
|-resisted|p2a: Rotom-Heat
|-damage|p2a: Rotom-Heat|255\/304 par
|
|-heal|p1a: Carl|304\/404 brn|[from] item: Leftovers
|-heal|p2a: Rotom-Heat|274\/304 par|[from] item: Leftovers
|-damage|p1a: Carl|254\/404 brn|[from] Leech Seed|[of] p2a: Rotom-Heat
|-heal|p2a: Rotom-Heat|304\/304 par|[silent]
|-damage|p1a: Carl|204\/404 brn|[from] brn
|turn|49
|
|move|p1a: Carl|Iron Head|p2a: Rotom-Heat
|-resisted|p2a: Rotom-Heat
|-damage|p2a: Rotom-Heat|276\/304 par
|cant|p2a: Rotom-Heat|flinch
|
|-heal|p1a: Carl|229\/404 brn|[from] item: Leftovers
|-heal|p2a: Rotom-Heat|295\/304 par|[from] item: Leftovers
|-damage|p1a: Carl|179\/404 brn|[from] Leech Seed|[of] p2a: Rotom-Heat
|-heal|p2a: Rotom-Heat|304\/304 par|[silent]
|-damage|p1a: Carl|129\/404 brn|[from] brn
|turn|50
|
|move|p1a: Carl|Iron Head|p2a: Rotom-Heat
|-resisted|p2a: Rotom-Heat
|-damage|p2a: Rotom-Heat|275\/304 par
|cant|p2a: Rotom-Heat|par
|
|-heal|p1a: Carl|154\/404 brn|[from] item: Leftovers
|-heal|p2a: Rotom-Heat|294\/304 par|[from] item: Leftovers
|-damage|p1a: Carl|104\/404 brn|[from] Leech Seed|[of] p2a: Rotom-Heat
|-heal|p2a: Rotom-Heat|304\/304 par|[silent]
|-damage|p1a: Carl|54\/404 brn|[from] brn
|turn|51
|c|âHallucination|XD
|c|âMudkip Slayer|kek
|c|âHallucination|XY vote!
|
|move|p1a: Carl|Iron Head|p2a: Rotom-Heat
|-resisted|p2a: Rotom-Heat
|-damage|p2a: Rotom-Heat|277\/304 par
|cant|p2a: Rotom-Heat|flinch
|
|-heal|p1a: Carl|79\/404 brn|[from] item: Leftovers
|-heal|p2a: Rotom-Heat|296\/304 par|[from] item: Leftovers
|-damage|p1a: Carl|29\/404 brn|[from] Leech Seed|[of] p2a: Rotom-Heat
|-heal|p2a: Rotom-Heat|304\/304 par|[silent]
|-damage|p1a: Carl|0 fnt|[from] brn
|faint|p1a: Carl
|
|win|Hallucination
|c|âHallucination|gg
|c|âMudkip Slayer|yeah haha
|c|âMudkip Slayer|gg lol