|join|Cosine180
|join|Hallucination
|player|p1|Cosine180|33
|player|p2|Hallucination|276
|gametype|singles
|gen|6
|tier|OU
|rated
|clearpoke
|poke|p1|Tyranitar, M
|poke|p1|Charizard, M
|poke|p1|Greninja, M
|poke|p1|Latios, M
|poke|p1|Landorus-Therian, M
|poke|p1|Ferrothorn, M
|poke|p2|Tyranitar, F
|poke|p2|Altaria, F
|poke|p2|Keldeo
|poke|p2|Chansey, F
|poke|p2|Excadrill, F
|poke|p2|Thundurus, M
|rule|Swagger Clause: Swagger is banned
|rule|Baton Pass Clause: Limit one PokÃ©mon knowing Baton Pass
|rule|Sleep Clause Mod: Limit one foe put to sleep
|rule|Species Clause: Limit one of each PokÃ©mon
|rule|OHKO Clause: OHKO moves are banned
|rule|Moody Clause: Moody is banned
|rule|Evasion Moves Clause: Evasion moves are banned
|rule|Endless Battle Clause: Forcing endless battles is banned
|rule|HP Percentage Mod: HP is shown in percentages
|teampreview
|
|start
|switch|p1a: Ferrothorn|Ferrothorn, M|352\/352
|switch|p2a: Excadrill|Excadrill, F|362\/362
|-item|p2a: Excadrill|Air Balloon
|turn|1
|
|move|p2a: Excadrill|Stealth Rock|p1a: Ferrothorn
|-sidestart|p1: Cosine180|move: Stealth Rock
|move|p1a: Ferrothorn|Power Whip|p2a: Excadrill
|-damage|p2a: Excadrill|172\/362
|-enditem|p2a: Excadrill|Air Balloon
|
|turn|2
|
|switch|p2a: Altaria|Altaria, F|331\/331
|move|p1a: Ferrothorn|Stealth Rock|p2a: Altaria
|-sidestart|p2: Hallucination|move: Stealth Rock
|
|turn|3
|
|detailschange|p2a: Altaria|Altaria-Mega, F
|message|Altaria has Mega Evolved into Mega Altaria!
|move|p2a: Altaria|Fire Blast|p1a: Ferrothorn
|-supereffective|p1a: Ferrothorn
|-damage|p1a: Ferrothorn|0 fnt
|faint|p1a: Ferrothorn
|
|
|switch|p1a: Tyranitar|Tyranitar, M|403\/403
|-damage|p1a: Tyranitar|353\/403|[from] Stealth Rock
|-weather|Sandstorm
|turn|4
|
|move|p2a: Altaria|Hyper Voice|p1a: Tyranitar
|-supereffective|p1a: Tyranitar
|-damage|p1a: Tyranitar|99\/403
|move|p1a: Tyranitar|Stone Edge|p2a: Altaria
|-damage|p2a: Altaria|64\/331
|
|-weather|Sandstorm|[upkeep]
|-damage|p2a: Altaria|44\/331|[from] sandstorm
|turn|5
|
|switch|p1a: Landorus-Therian|Landorus-Therian, M|325\/325
|-damage|p1a: Landorus-Therian|285\/325|[from] Stealth Rock
|-ability|p1a: Landorus-Therian|Intimidate|[of] p2a: Altaria
|-unboost|p2a: Altaria|atk|1
|move|p2a: Altaria|Hyper Voice|p1a: Landorus-Therian
|-damage|p1a: Landorus-Therian|23\/325
|
|-weather|Sandstorm|[upkeep]
|-damage|p2a: Altaria|24\/331|[from] sandstorm
|turn|6
|
|switch|p2a: Excadrill|Excadrill, F|172\/362
|-damage|p2a: Excadrill|161\/362|[from] Stealth Rock
|move|p1a: Landorus-Therian|U-turn|p2a: Excadrill
|-resisted|p2a: Excadrill
|-damage|p2a: Excadrill|88\/362
|
|switch|p1a: Greninja|Greninja, M|285\/285
|-damage|p1a: Greninja|250\/285|[from] Stealth Rock
|
|-weather|Sandstorm|[upkeep]
|-damage|p1a: Greninja|233\/285|[from] sandstorm
|turn|7
|
|switch|p1a: Landorus-Therian|Landorus-Therian, M|23\/325
|-damage|p1a: Landorus-Therian|0 fnt|[from] Stealth Rock
|faint|p1a: Landorus-Therian
|move|p2a: Excadrill|Rapid Spin|p1: Landorus-Therian|[notarget]
|-notarget
|
|-weather|Sandstorm|[upkeep]
|
|switch|p1a: Latios|Latios, M|301\/301
|-damage|p1a: Latios|264\/301|[from] Stealth Rock
|turn|8
|
|move|p2a: Excadrill|Rapid Spin|p1a: Latios
|-damage|p1a: Latios|228\/301
|-sideend|p2: Hallucination|Stealth Rock|[from] move: Rapid Spin|[of] p2a: Excadrill
|move|p1a: Latios|Roost|p1a: Latios
|-heal|p1a: Latios|301\/301
|
|-weather|none
|turn|9
|
|move|p1a: Latios|Defog|p2a: Excadrill
|-unboost|p2a: Excadrill|evasion|1
|-sideend|p1: Cosine180|Stealth Rock|[from] move: Defog|[of] p1a: Latios
|move|p2a: Excadrill|Stealth Rock|p1a: Latios
|-sidestart|p1: Cosine180|move: Stealth Rock
|
|turn|10
|
|move|p1a: Latios|Defog|p2a: Excadrill
|-unboost|p2a: Excadrill|evasion|1
|-sideend|p1: Cosine180|Stealth Rock|[from] move: Defog|[of] p1a: Latios
|move|p2a: Excadrill|Stealth Rock|p1a: Latios
|-sidestart|p1: Cosine180|move: Stealth Rock
|
|turn|11
|
|move|p1a: Latios|Defog|p2a: Excadrill
|-unboost|p2a: Excadrill|evasion|1
|-sideend|p1: Cosine180|Stealth Rock|[from] move: Defog|[of] p1a: Latios
|move|p2a: Excadrill|Stealth Rock|p1a: Latios
|-sidestart|p1: Cosine180|move: Stealth Rock
|
|turn|12
|
|move|p1a: Latios|Psyshock|p2a: Excadrill
|-resisted|p2a: Excadrill
|-damage|p2a: Excadrill|0 fnt
|-damage|p1a: Latios|271\/301|[from] item: Life Orb
|faint|p2a: Excadrill
|
|
|switch|p2a: Tyranitar|Tyranitar, F|384\/384
|-weather|Sandstorm
|turn|13
|
|move|p1a: Latios|Defog|p2a: Tyranitar
|-unboost|p2a: Tyranitar|evasion|1
|-sideend|p1: Cosine180|Stealth Rock|[from] move: Defog|[of] p1a: Latios
|move|p2a: Tyranitar|Pursuit|p1a: Latios
|-supereffective|p1a: Latios
|-damage|p1a: Latios|0 fnt
|faint|p1a: Latios
|
|-weather|Sandstorm|[upkeep]
|
|switch|p1a: Charizard|Charizard, M|301\/301
|turn|14
|
|switch|p2a: Altaria|Altaria-Mega, F|24\/331
|detailschange|p1a: Charizard|Charizard-Mega-Y, M
|message|Charizard has Mega Evolved into Mega Charizard!
|-weather|SunnyDay
|move|p1a: Charizard|Solar Beam|p2a: Altaria|[still]
|-prepare|p1a: Charizard|Solar Beam|p2a: Altaria
|-anim|p1a: Charizard|Solar Beam|p2a: Altaria
|-resisted|p2a: Altaria
|-damage|p2a: Altaria|0 fnt
|faint|p2a: Altaria
|
|-weather|SunnyDay|[upkeep]
|
|switch|p2a: Thundurus|Thundurus, M|299\/299
|turn|15
|
|move|p2a: Thundurus|Thunderbolt|p1a: Charizard
|-supereffective|p1a: Charizard
|-damage|p1a: Charizard|0 fnt
|-damage|p2a: Thundurus|270\/299|[from] item: Life Orb
|faint|p1a: Charizard
|
|-weather|SunnyDay|[upkeep]
|
|switch|p1a: Greninja|Greninja, M|233\/285
|turn|16
|
|switch|p1a: Tyranitar|Tyranitar, M|99\/403
|-weather|Sandstorm
|move|p2a: Thundurus|Thunder Wave|p1a: Tyranitar
|-status|p1a: Tyranitar|par
|
|-weather|Sandstorm|[upkeep]
|-damage|p2a: Thundurus|252\/299|[from] sandstorm
|turn|17
|-message|Cosine180 forfeited.
|
|win|Hallucination
|raw|Ladder updating...
|leave|Cosine180
|player|p1
|raw|Cosine180's rating: 1682 &rarr; <strong>1658<\/strong><br \/>(-24 for losing)
|raw|Hallucination's rating: 1614 &rarr; <strong>1638<\/strong><br \/>(+24 for winning)