|join|Hallucination
|join|SuperBlue
|player|p1|Hallucination|169
|player|p2|SuperBlue|266
|gametype|singles
|gen|6
|tier|OU
|clearpoke
|poke|p1|Sableye, F
|poke|p1|Gengar, F
|poke|p1|Drifblim, F
|poke|p1|Avalugg, F
|poke|p1|Garchomp, F
|poke|p1|Pawniard, M
|poke|p2|Gengar, F
|poke|p2|Sableye, M
|poke|p2|Trevenant, F
|poke|p2|Taillow, L1, M
|poke|p2|Weavile, F
|poke|p2|Garchomp, M
|rule|Swagger Clause: Swagger is banned
|rule|Baton Pass Clause: Limit one PokÃ©mon knowing Baton Pass
|rule|Sleep Clause Mod: Limit one foe put to sleep
|rule|Species Clause: Limit one of each PokÃ©mon
|rule|OHKO Clause: OHKO moves are banned
|rule|Moody Clause: Moody is banned
|rule|Evasion Moves Clause: Evasion moves are banned
|rule|Endless Battle Clause: Forcing endless battles is banned
|rule|HP Percentage Mod: HP is shown in percentages
|teampreview
|c|âSuperBlue|GL and HF xD
|
|start
|switch|p1a: Pawniard|Pawniard, M|231\/231
|switch|p2a: Sableye|Sableye, M|304\/304
|turn|1
|
|switch|p1a: Sableye|Sableye, F|303\/303
|move|p2a: Sableye|Will-O-Wisp|p1a: Sableye
|-status|p1a: Sableye|brn
|
|-damage|p1a: Sableye|266\/303 brn|[from] brn
|turn|2
|
|detailschange|p2a: Sableye|Sableye-Mega, M
|-mega|p2a: Sableye|Sableye|Sablenite
|move|p2a: Sableye|Calm Mind|p2a: Sableye
|-boost|p2a: Sableye|spa|1
|-boost|p2a: Sableye|spd|1
|move|p1a: Sableye|Calm Mind|p1a: Sableye
|-boost|p1a: Sableye|spa|1
|-boost|p1a: Sableye|spd|1
|
|-damage|p1a: Sableye|229\/303 brn|[from] brn
|turn|3
|join|hpareS
|
|detailschange|p1a: Sableye|Sableye-Mega, F
|-mega|p1a: Sableye|Sableye|Sablenite
|move|p1a: Sableye|Calm Mind|p1a: Sableye
|-boost|p1a: Sableye|spa|1
|-boost|p1a: Sableye|spd|1
|move|p2a: Sableye|Dark Pulse|p1a: Sableye
|-damage|p1a: Sableye|192\/303 brn
|
|-damage|p1a: Sableye|155\/303 brn|[from] brn
|turn|4
|c|âHallucination|imma crit u first
|
|move|p1a: Sableye|Recover|p1a: Sableye
|-heal|p1a: Sableye|303\/303 brn
|move|p2a: Sableye|Calm Mind|p2a: Sableye
|-boost|p2a: Sableye|spa|1
|-boost|p2a: Sableye|spd|1
|
|-damage|p1a: Sableye|266\/303 brn|[from] brn
|turn|5
|c|âSuperBlue|Let's find out xD
|
|move|p1a: Sableye|Calm Mind|p1a: Sableye
|-boost|p1a: Sableye|spa|1
|-boost|p1a: Sableye|spd|1
|move|p2a: Sableye|Calm Mind|p2a: Sableye
|-boost|p2a: Sableye|spa|1
|-boost|p2a: Sableye|spd|1
|
|-damage|p1a: Sableye|229\/303 brn|[from] brn
|turn|6
|c| hpareS|Wow three of the same pokemon on the teams.
|
|move|p2a: Sableye|Calm Mind|p2a: Sableye
|-boost|p2a: Sableye|spa|1
|-boost|p2a: Sableye|spd|1
|move|p1a: Sableye|Calm Mind|p1a: Sableye
|-boost|p1a: Sableye|spa|1
|-boost|p1a: Sableye|spd|1
|
|-damage|p1a: Sableye|192\/303 brn|[from] brn
|turn|7
|
|move|p2a: Sableye|Dark Pulse|p1a: Sableye
|-damage|p1a: Sableye|140\/303 brn
|move|p1a: Sableye|Recover|p1a: Sableye
|-heal|p1a: Sableye|292\/303 brn
|
|-damage|p1a: Sableye|255\/303 brn|[from] brn
|turn|8
|c| hpareS|It's like you guys didn't have much to choose from?
|c|âHallucination|mate we are both running cm sab
|c|âHallucination|the game is coming down to a crit
|c| hpareS|That's sad.
|
|move|p1a: Sableye|Calm Mind|p1a: Sableye
|-boost|p1a: Sableye|spa|1
|-boost|p1a: Sableye|spd|1
|move|p2a: Sableye|Calm Mind|p2a: Sableye
|-boost|p2a: Sableye|spa|1
|-boost|p2a: Sableye|spd|1
|
|-damage|p1a: Sableye|218\/303 brn|[from] brn
|turn|9
|c| hpareS|We could just cut the trophy in half.
|
|move|p2a: Sableye|Calm Mind|p2a: Sableye
|-boost|p2a: Sableye|spa|1
|-boost|p2a: Sableye|spd|1
|move|p1a: Sableye|Calm Mind|p1a: Sableye
|-boost|p1a: Sableye|spa|1
|-boost|p1a: Sableye|spd|1
|
|-damage|p1a: Sableye|181\/303 brn|[from] brn
|turn|10
|
|move|p2a: Sableye|Dark Pulse|p1a: Sableye
|-crit|p1a: Sableye
|-damage|p1a: Sableye|0 fnt
|faint|p1a: Sableye
|
|c|âSuperBlue|ROFL
|c|âHallucination|damn
|c|âHallucination|not even a few back and forth
|c| hpareS|Coming in clutch
|
|switch|p1a: Pawniard|Pawniard, M|231\/231
|turn|11
|
|move|p1a: Pawniard|Iron Head|p2a: Sableye
|-damage|p2a: Sableye|240\/304
|move|p2a: Sableye|Will-O-Wisp|p1a: Pawniard
|-status|p1a: Pawniard|brn
|
|-damage|p1a: Pawniard|203\/231 brn|[from] brn
|turn|12
|
|move|p1a: Pawniard|Iron Head|p2a: Sableye
|-damage|p2a: Sableye|209\/304
|move|p2a: Sableye|Recover|p2a: Sableye
|-heal|p2a: Sableye|304\/304
|
|-damage|p1a: Pawniard|175\/231 brn|[from] brn
|turn|13
|
|move|p1a: Pawniard|Iron Head|p2a: Sableye
|-damage|p2a: Sableye|270\/304
|move|p2a: Sableye|Dark Pulse|p1a: Pawniard
|-crit|p1a: Pawniard
|-resisted|p1a: Pawniard
|-damage|p1a: Pawniard|0 fnt
|faint|p1a: Pawniard
|
|c|âHallucination|XD
|c|âHallucination|the trolls
|
|switch|p1a: Gengar|Gengar, F|261\/261
|turn|14
|
|move|p1a: Gengar|Shadow Ball|p2a: Sableye
|-damage|p2a: Sableye|236\/304
|move|p2a: Sableye|Dark Pulse|p1a: Gengar
|-supereffective|p1a: Gengar
|-damage|p1a: Gengar|0 fnt
|faint|p1a: Gengar
|
|
|switch|p1a: Garchomp|Garchomp, F|357\/357
|turn|15
|
|move|p1a: Garchomp|Earthquake|p2a: Sableye
|-damage|p2a: Sableye|104\/304
|move|p2a: Sableye|Will-O-Wisp|p1a: Garchomp|[miss]
|-miss|p2a: Sableye|p1a: Garchomp
|
|turn|16
|c|âSuperBlue|x.x
|
|move|p1a: Garchomp|Earthquake|p2a: Sableye
|-damage|p2a: Sableye|0 fnt
|faint|p2a: Sableye
|
|c|âHallucination|LOL
|
|switch|p2a: Trevenant|Trevenant, F|374\/374
|turn|17
|c|âHallucination|that made my day
|
|switch|p1a: Drifblim|Drifblim, F|441\/441
|move|p2a: Trevenant|Substitute|p2a: Trevenant
|-start|p2a: Trevenant|Substitute
|-damage|p2a: Trevenant|281\/374
|
|turn|18
|
|move|p1a: Drifblim|Stockpile|p1a: Drifblim
|-start|p1a: Drifblim|stockpile1
|-boost|p1a: Drifblim|def|1
|-boost|p1a: Drifblim|spd|1
|move|p2a: Trevenant|Phantom Force|p1a: Drifblim|[still]
|-prepare|p2a: Trevenant|Phantom Force|p1a: Drifblim
|
|turn|19
|
|move|p1a: Drifblim|Stockpile|p1a: Drifblim
|-start|p1a: Drifblim|stockpile2
|-boost|p1a: Drifblim|def|1
|-boost|p1a: Drifblim|spd|1
|move|p2a: Trevenant|Phantom Force|p1a: Drifblim
|-supereffective|p1a: Drifblim
|-damage|p1a: Drifblim|309\/441
|
|-heal|p1a: Drifblim|336\/441|[from] item: Leftovers
|turn|20
|c| hpareS|Oh no
|c| hpareS|That damage
|
|move|p1a: Drifblim|Stockpile|p1a: Drifblim
|-start|p1a: Drifblim|stockpile3
|-boost|p1a: Drifblim|def|1
|-boost|p1a: Drifblim|spd|1
|move|p2a: Trevenant|Leech Seed|p1a: Drifblim
|-start|p1a: Drifblim|move: Leech Seed
|
|-heal|p1a: Drifblim|363\/441|[from] item: Leftovers
|-damage|p1a: Drifblim|308\/441|[from] Leech Seed|[of] p2a: Trevenant
|-heal|p2a: Trevenant|336\/374|[silent]
|turn|21
|
|move|p1a: Drifblim|Amnesia|p1a: Drifblim
|-boost|p1a: Drifblim|spd|2
|move|p2a: Trevenant|Will-O-Wisp|p1a: Drifblim
|-status|p1a: Drifblim|brn
|
|-heal|p1a: Drifblim|335\/441 brn|[from] item: Leftovers
|-damage|p1a: Drifblim|280\/441 brn|[from] Leech Seed|[of] p2a: Trevenant
|-heal|p2a: Trevenant|374\/374|[silent]
|-damage|p1a: Drifblim|225\/441 brn|[from] brn
|turn|22
|
|move|p1a: Drifblim|Baton Pass|p1a: Drifblim
|
|switch|p1a: Avalugg|Avalugg, F|394\/394
|move|p2a: Trevenant|Phantom Force|p1a: Avalugg|[still]
|-prepare|p2a: Trevenant|Phantom Force|p1a: Avalugg
|
|-damage|p1a: Avalugg|345\/394|[from] Leech Seed|[of] p2a: Trevenant
|turn|23
|
|move|p2a: Trevenant|Phantom Force|p1a: Avalugg
|-damage|p1a: Avalugg|323\/394
|move|p1a: Avalugg|Avalanche|p2a: Trevenant
|-supereffective|p2a: Trevenant
|-end|p2a: Trevenant|Substitute
|
|-heal|p1a: Avalugg|347\/394|[from] item: Leftovers
|-damage|p1a: Avalugg|298\/394|[from] Leech Seed|[of] p2a: Trevenant
|turn|24
|
|move|p2a: Trevenant|Will-O-Wisp|p1a: Avalugg
|-status|p1a: Avalugg|brn
|move|p1a: Avalugg|Toxic|p2a: Trevenant
|-status|p2a: Trevenant|tox
|
|-heal|p1a: Avalugg|322\/394 brn|[from] item: Leftovers
|-damage|p1a: Avalugg|273\/394 brn|[from] Leech Seed|[of] p2a: Trevenant
|-damage|p2a: Trevenant|351\/374 tox|[from] psn
|-damage|p1a: Avalugg|224\/394 brn|[from] brn
|turn|25
|c| hpareS|Burn it with fire
|
|move|p2a: Trevenant|Phantom Force|p1a: Avalugg|[still]
|-prepare|p2a: Trevenant|Phantom Force|p1a: Avalugg
|move|p1a: Avalugg|Recover|p1a: Avalugg
|-heal|p1a: Avalugg|394\/394 brn
|
|-damage|p1a: Avalugg|345\/394 brn|[from] Leech Seed|[of] p2a: Trevenant
|-heal|p2a: Trevenant|374\/374 tox|[silent]
|-damage|p2a: Trevenant|328\/374 tox|[from] psn
|-damage|p1a: Avalugg|296\/394 brn|[from] brn
|turn|26
|
|move|p2a: Trevenant|Phantom Force|p1a: Avalugg
|-damage|p1a: Avalugg|274\/394 brn
|move|p1a: Avalugg|Avalanche|p2a: Trevenant
|-supereffective|p2a: Trevenant
|-damage|p2a: Trevenant|130\/374 tox
|-enditem|p2a: Trevenant|Sitrus Berry|[eat]
|-heal|p2a: Trevenant|223\/374 tox|[from] item: Sitrus Berry
|
|-heal|p1a: Avalugg|298\/394 brn|[from] item: Leftovers
|-damage|p1a: Avalugg|249\/394 brn|[from] Leech Seed|[of] p2a: Trevenant
|-heal|p2a: Trevenant|272\/374 tox|[silent]
|-damage|p2a: Trevenant|203\/374 tox|[from] psn
|-damage|p1a: Avalugg|200\/394 brn|[from] brn
|-item|p2a: Trevenant|Sitrus Berry|[from] ability: Harvest
|turn|27
|
|switch|p2a: Gengar|Gengar, F|263\/263
|move|p1a: Avalugg|Recover|p1a: Avalugg
|-heal|p1a: Avalugg|394\/394 brn
|
|-damage|p1a: Avalugg|345\/394 brn|[from] Leech Seed|[of] p2a: Gengar
|-damage|p1a: Avalugg|296\/394 brn|[from] brn
|turn|28
|c|âHallucination|gonna be a close match
|c| hpareS|Lemme guess
|c| hpareS|Hex gengar
|
|move|p2a: Gengar|Taunt|p1a: Avalugg
|-start|p1a: Avalugg|move: Taunt
|move|p1a: Avalugg|Avalanche|p2a: Gengar
|-damage|p2a: Gengar|200\/263
|
|-heal|p2a: Gengar|216\/263|[from] item: Black Sludge
|-heal|p1a: Avalugg|320\/394 brn|[from] item: Leftovers
|-damage|p1a: Avalugg|271\/394 brn|[from] Leech Seed|[of] p2a: Gengar
|-heal|p2a: Gengar|263\/263|[silent]
|-damage|p1a: Avalugg|222\/394 brn|[from] brn
|turn|29
|
|move|p2a: Gengar|Hex|p1a: Avalugg
|-damage|p1a: Avalugg|90\/394 brn
|move|p1a: Avalugg|Avalanche|p2a: Gengar
|-damage|p2a: Gengar|133\/263
|
|-heal|p2a: Gengar|149\/263|[from] item: Black Sludge
|-heal|p1a: Avalugg|114\/394 brn|[from] item: Leftovers
|-damage|p1a: Avalugg|65\/394 brn|[from] Leech Seed|[of] p2a: Gengar
|-heal|p2a: Gengar|198\/263|[silent]
|-damage|p1a: Avalugg|16\/394 brn|[from] brn
|turn|30
|c|âHallucination|gg
|
|move|p2a: Gengar|Sludge Wave|p1a: Avalugg
|-damage|p1a: Avalugg|0 fnt
|faint|p1a: Avalugg
|
|-heal|p2a: Gengar|214\/263|[from] item: Black Sludge
|
|switch|p1a: Garchomp|Garchomp, F|357\/357
|turn|31
|
|move|p2a: Gengar|Will-O-Wisp|p1a: Garchomp
|-status|p1a: Garchomp|brn
|move|p1a: Garchomp|Dragon Claw|p2a: Gengar
|-damage|p2a: Gengar|108\/263
|
|-heal|p2a: Gengar|124\/263|[from] item: Black Sludge
|-damage|p1a: Garchomp|313\/357 brn|[from] brn
|turn|32
|
|move|p2a: Gengar|Hex|p1a: Garchomp
|-damage|p1a: Garchomp|36\/357 brn
|move|p1a: Garchomp|Dragon Claw|p2a: Gengar
|-damage|p2a: Gengar|6\/263
|
|-heal|p2a: Gengar|22\/263|[from] item: Black Sludge
|-damage|p1a: Garchomp|0 fnt|[from] brn
|faint|p1a: Garchomp
|c|âHallucination|wasnt expected garchomp to hax
|c|âHallucination|or else i could have rekt with my scarfers XD
|
|switch|p1a: Drifblim|Drifblim, F|225\/441 brn
|turn|33
|
|move|p1a: Drifblim|Magic Coat|p1a: Drifblim
|-singleturn|p1a: Drifblim|move: Magic Coat
|move|p2a: Gengar|Taunt|p1a: Drifblim
|move|p1a: Drifblim|Taunt|p2a: Gengar|[from]Magic Coat
|-start|p2a: Gengar|move: Taunt
|
|-heal|p2a: Gengar|38\/263|[from] item: Black Sludge
|-heal|p1a: Drifblim|252\/441 brn|[from] item: Leftovers
|-damage|p1a: Drifblim|197\/441 brn|[from] brn
|turn|34
|c|âHallucination|rekt
|c|âSuperBlue|;-;
|
|move|p2a: Gengar|Hex|p1a: Drifblim
|-supereffective|p1a: Drifblim
|-damage|p1a: Drifblim|0 fnt
|faint|p1a: Drifblim
|
|win|SuperBlue
|c|âSuperBlue|gg lol
|c|âHallucination|gg
|leave|hpareS
|leave|Hallucination
|player|p1
|leave|SuperBlue
|player|p2
|join|SuperBlue