|join|StillTheKing
|join|Hallucination
|player|p1|StillTheKing|154
|player|p2|Hallucination|276
|gametype|singles
|gen|6
|tier|OU
|clearpoke
|poke|p1|Slowbro, F
|poke|p1|Latios, M
|poke|p1|Heatran, F
|poke|p1|Scizor, F
|poke|p1|Clefable, F
|poke|p1|Terrakion
|poke|p2|Metagross
|poke|p2|Keldeo
|poke|p2|Chansey, F
|poke|p2|Talonflame, F
|poke|p2|Latias, F
|poke|p2|Rotom-Wash
|rule|Swagger Clause: Swagger is banned
|rule|Baton Pass Clause: Limit one PokÃ©mon knowing Baton Pass
|rule|Sleep Clause Mod: Limit one foe put to sleep
|rule|Species Clause: Limit one of each PokÃ©mon
|rule|OHKO Clause: OHKO moves are banned
|rule|Moody Clause: Moody is banned
|rule|Evasion Moves Clause: Evasion moves are banned
|rule|Endless Battle Clause: Forcing endless battles is banned
|rule|HP Percentage Mod: HP is shown in percentages
|teampreview
|c|âStillTheKing|my bad
|c|âStillTheKing|yo
|c|âStillTheKing|glhf
|c|âHallucination|its cool
|
|start
|switch|p1a: rip aim|Latios, M|302\/302
|switch|p2a: Rotom-Wash|Rotom-Wash|304\/304
|turn|1
|
|switch|p1a: tele strikes back|Scizor, F|343\/343
|switch|p2a: Chansey|Chansey, F|662\/662
|
|turn|2
|
|switch|p2a: Keldeo|Keldeo|323\/323
|detailschange|p1a: tele strikes back|Scizor-Mega, F
|message|Scizor has Mega Evolved into Mega Scizor!
|move|p1a: tele strikes back|Knock Off|p2a: Keldeo
|-crit|p2a: Keldeo
|-resisted|p2a: Keldeo
|-damage|p2a: Keldeo|241\/323
|-boost|p2a: Keldeo|atk|1|[from] ability: Justified
|-enditem|p2a: Keldeo|Choice Specs|[from] move: Knock Off|[of] p1a: tele strikes back
|
|turn|3
|c|âHallucination|Ur rekt now
|c|âHallucination|thanks for boost bb
|c|âStillTheKing|xD
|join|jacob
|c| jacob|oml ur using teles team
|
|switch|p1a: rip aim|Latios, M|302\/302
|move|p2a: Keldeo|Hydro Pump|p1a: rip aim
|-resisted|p1a: rip aim
|-damage|p1a: rip aim|216\/302
|
|turn|4
|c| jacob|kys
|c|âStillTheKing|what els
|
|switch|p1a: u got slowbro'ed|Slowbro, F|394\/394
|switch|p2a: Chansey|Chansey, F|662\/662
|
|turn|5
|c| jacob|hallu did you not like the team with lead chomp over chansey?
|c|âHallucination|koopa
|
|switch|p1a: tele strikes back|Scizor-Mega, F|343\/343
|move|p2a: Chansey|Stealth Rock|p1a: tele strikes back
|-sidestart|p1: StillTheKing|move: Stealth Rock
|
|turn|6
|c|âHallucination|nah i didnt even try it
|c|âHallucination|I got nothing against chansey
|c| jacob|ohhhhhh
|c| jacob|rip
|
|switch|p2a: Keldeo|Keldeo|241\/323
|move|p1a: tele strikes back|Knock Off|p2a: Keldeo
|-resisted|p2a: Keldeo
|-damage|p2a: Keldeo|198\/323
|-boost|p2a: Keldeo|atk|1|[from] ability: Justified
|
|turn|7
|
|switch|p1a: Clefable|Clefable, F|394\/394
|move|p2a: Keldeo|Scald|p1a: Clefable
|-crit|p1a: Clefable
|-damage|p1a: Clefable|196\/394
|
|-heal|p1a: Clefable|220\/394|[from] item: Leftovers
|turn|8
|
|switch|p2a: Talonflame|Talonflame, F|298\/298
|move|p1a: Clefable|Soft-Boiled|p1a: Clefable
|-heal|p1a: Clefable|394\/394
|
|turn|9
|
|switch|p2a: Rotom-Wash|Rotom-Wash|304\/304
|switch|p1a: Heatran|Heatran, F|385\/385
|-damage|p1a: Heatran|337\/385|[from] Stealth Rock
|
|-heal|p1a: Heatran|361\/385|[from] item: Leftovers
|turn|10
|
|switch|p1a: Clefable|Clefable, F|394\/394
|move|p2a: Rotom-Wash|Volt Switch|p1a: Clefable
|-damage|p1a: Clefable|312\/394
|
|switch|p2a: Metagross|Metagross|301\/301
|
|-heal|p1a: Clefable|336\/394|[from] item: Leftovers
|turn|11
|
|switch|p1a: u got slowbro'ed|Slowbro, F|394\/394
|-damage|p1a: u got slowbro'ed|345\/394|[from] Stealth Rock
|detailschange|p2a: Metagross|Metagross-Mega
|message|Metagross has Mega Evolved into Mega Metagross!
|move|p2a: Metagross|Earthquake|p1a: u got slowbro'ed
|-damage|p1a: u got slowbro'ed|257\/394
|
|-heal|p1a: u got slowbro'ed|281\/394|[from] item: Leftovers
|turn|12
|c|âHallucination|ew
|
|switch|p2a: Chansey|Chansey, F|662\/662
|switch|p1a: rip aim|Latios, M|216\/302
|-damage|p1a: rip aim|179\/302|[from] Stealth Rock
|
|turn|13
|
|move|p1a: rip aim|Trick|p2a: Chansey
|-activate|p1a: rip aim|move: Trick|[of] p2a: Chansey
|-item|p2a: Chansey|Choice Scarf|[from] move: Trick
|-item|p1a: rip aim|Eviolite|[from] move: Trick
|move|p2a: Chansey|Toxic|p1a: rip aim
|-status|p1a: rip aim|tox
|
|-damage|p1a: rip aim|161\/302 tox|[from] psn
|turn|14
|c| jacob|at least you know its not mega bro cuz that thing is a bitch
|c| jacob|oml u dont know this team
|
|switch|p2a: Metagross|Metagross-Mega|301\/301
|move|p1a: rip aim|Defog|p2a: Metagross
|-unboost|p2a: Metagross|evasion|1
|-sideend|p1: StillTheKing|Stealth Rock|[from] move: Defog|[of] p1a: rip aim
|
|-damage|p1a: rip aim|125\/302 tox|[from] psn
|turn|15
|
|switch|p1a: u got slowbro'ed|Slowbro, F|394\/394
|switch|p2a: Rotom-Wash|Rotom-Wash|304\/304
|
|turn|16
|
|switch|p1a: Clefable|Clefable, F|336\/394
|move|p2a: Rotom-Wash|Volt Switch|p1a: Clefable
|-damage|p1a: Clefable|255\/394
|c|âHallucination|nah i dont know it
|c|âHallucination|and im missing my cm bro tbh
|c| jacob|its the only team tele has ever used ever
|
|switch|p2a: Talonflame|Talonflame, F|298\/298
|
|-heal|p1a: Clefable|279\/394|[from] item: Leftovers
|turn|17
|c|âHallucination|do i look like i follow tele?
|
|switch|p1a: rip aim|Latios, M|125\/302 tox
|move|p2a: Talonflame|Swords Dance|p2a: Talonflame
|-boost|p2a: Talonflame|atk|2
|
|-damage|p1a: rip aim|107\/302 tox|[from] psn
|turn|18
|c| jacob|no but the team is so old
|c| jacob|like early xy
|
|move|p2a: Talonflame|Swords Dance|p2a: Talonflame
|-boost|p2a: Talonflame|atk|2
|move|p1a: rip aim|Draco Meteor|p2a: Talonflame
|-damage|p2a: Talonflame|0 fnt
|-unboost|p1a: rip aim|spa|2
|faint|p2a: Talonflame
|
|-damage|p1a: rip aim|71\/302 tox|[from] psn
|c|âHallucination|fuck wtf
|c|âStillTheKing|wtf
|c|âHallucination|252 SpA Latias Draco Meteor vs. 120 HP \/ 0 SpD Talonflame: 256-303 (78.2 - 92.6%) -- guaranteed 2HKO
|c|âHallucination|(256, 259, 262, 265, 268, 271, 274, 277, 280, 283, 286, 289, 292, 295, 298, 303)
|c| jacob|whylly had the win
|c|âHallucination|oh shit
|c|âHallucination|jacob
|c| jacob|im not hp
|c|âHallucination|XD
|c| jacob|lol
|c|âHallucination|lame
|c|âStillTheKing|genius play
|c| jacob|change it if you want
|c|âHallucination|12 % roll anyways
|c| jacob|i guess
|c|âHallucination|fucker
|
|switch|p2a: Rotom-Wash|Rotom-Wash|304\/304
|turn|19
|c|âStillTheKing|tbh i was happy just sacing
|c|âStillTheKing|so any damage was nice
|
|switch|p2a: Chansey|Chansey, F|662\/662
|move|p1a: rip aim|Trick|p2a: Chansey
|-activate|p1a: rip aim|move: Trick|[of] p2a: Chansey
|-item|p2a: Chansey|Eviolite|[from] move: Trick
|-item|p1a: rip aim|Choice Scarf|[from] move: Trick
|
|-damage|p1a: rip aim|17\/302 tox|[from] psn
|turn|20
|c|âHallucination|was gonna roost
|c| jacob|BOP
|c|âStillTheKing|rekt
|c| jacob|GOT EM
|c| jacob|that was to crisp
|c|âHallucination|was gonna SD
|
|switch|p1a: u got slowbro'ed|Slowbro, F|394\/394
|switch|p2a: Metagross|Metagross-Mega|301\/301
|
|turn|21
|c|âHallucination|and just fuck up bro
|c|âHallucination|cuz now this thing is gay
|
|switch|p2a: Chansey|Chansey, F|662\/662
|move|p1a: u got slowbro'ed|Scald|p2a: Chansey
|-damage|p2a: Chansey|607\/662
|
|turn|22
|
|switch|p1a: rip aim|Latios, M|17\/302 tox
|move|p2a: Chansey|Stealth Rock|p1a: rip aim
|-sidestart|p1: StillTheKing|move: Stealth Rock
|
|-damage|p1a: rip aim|0 fnt|[from] psn
|faint|p1a: rip aim
|
|switch|p1a: u got terrakion'ed|Terrakion|324\/324
|-damage|p1a: u got terrakion'ed|304\/324|[from] Stealth Rock
|turn|23
|c| jacob|i mean you can always toxic it
|
|switch|p2a: Latias|Latias, F|302\/302
|move|p1a: u got terrakion'ed|Stone Edge|p2a: Latias|[miss]
|-miss|p1a: u got terrakion'ed|p2a: Latias
|
|turn|24
|c| jacob|this is scarf btw
|
|switch|p1a: Heatran|Heatran, F|361\/385
|-damage|p1a: Heatran|313\/385|[from] Stealth Rock
|switch|p2a: Metagross|Metagross-Mega|301\/301
|
|-heal|p1a: Heatran|337\/385|[from] item: Leftovers
|turn|25
|
|switch|p1a: tele strikes back|Scizor-Mega, F|343\/343
|-damage|p1a: tele strikes back|301\/343|[from] Stealth Rock
|move|p2a: Metagross|Earthquake|p1a: tele strikes back
|-damage|p1a: tele strikes back|225\/343
|
|turn|26
|
|move|p2a: Metagross|Zen Headbutt|p1a: tele strikes back
|-resisted|p1a: tele strikes back
|-damage|p1a: tele strikes back|164\/343
|move|p1a: tele strikes back|Knock Off|p2a: Metagross
|-supereffective|p2a: Metagross
|-damage|p2a: Metagross|193\/301
|
|turn|27
|c| jacob|your not making real plays man
|leave|jacob
|c|âHallucination|lol
|c|âHallucination|okay
|
|switch|p2a: Keldeo|Keldeo|198\/323
|move|p1a: tele strikes back|Roost|p1a: tele strikes back
|-heal|p1a: tele strikes back|336\/343
|
|turn|28
|c|âStillTheKing|mad af
|
|switch|p1a: u got slowbro'ed|Slowbro, F|394\/394
|-damage|p1a: u got slowbro'ed|345\/394|[from] Stealth Rock
|move|p2a: Keldeo|Scald|p1a: u got slowbro'ed
|-resisted|p1a: u got slowbro'ed
|-damage|p1a: u got slowbro'ed|262\/394
|-status|p1a: u got slowbro'ed|brn
|
|-heal|p1a: u got slowbro'ed|286\/394 brn|[from] item: Leftovers
|-damage|p1a: u got slowbro'ed|237\/394 brn|[from] brn
|turn|29
|c|âHallucination|clearly i dont know the real plays
|
|switch|p1a: u got terrakion'ed|Terrakion|304\/324
|-damage|p1a: u got terrakion'ed|284\/324|[from] Stealth Rock
|move|p2a: Keldeo|Hydro Pump|p1a: u got terrakion'ed
|-supereffective|p1a: u got terrakion'ed
|-damage|p1a: u got terrakion'ed|0 fnt
|faint|p1a: u got terrakion'ed
|
|c|âHallucination|yay
|c|âHallucination|FUCK U JACOB
|c|âHallucination|REAL PLAY
|
|switch|p1a: u got slowbro'ed|Slowbro, F|368\/394 brn
|-damage|p1a: u got slowbro'ed|319\/394 brn|[from] Stealth Rock
|turn|30
|
|switch|p2a: Rotom-Wash|Rotom-Wash|304\/304
|switch|p1a: tele strikes back|Scizor-Mega, F|336\/343
|-damage|p1a: tele strikes back|294\/343|[from] Stealth Rock
|
|turn|31
|
|switch|p1a: u got slowbro'ed|Slowbro, F|394\/394 brn
|-damage|p1a: u got slowbro'ed|345\/394 brn|[from] Stealth Rock
|move|p2a: Rotom-Wash|Volt Switch|p1a: u got slowbro'ed
|-supereffective|p1a: u got slowbro'ed
|-damage|p1a: u got slowbro'ed|141\/394 brn
|
|switch|p2a: Keldeo|Keldeo|198\/323
|
|-heal|p1a: u got slowbro'ed|165\/394 brn|[from] item: Leftovers
|-damage|p1a: u got slowbro'ed|116\/394 brn|[from] brn
|turn|32
|
|switch|p1a: Clefable|Clefable, F|279\/394
|move|p2a: Keldeo|Hydro Pump|p1a: Clefable
|-damage|p1a: Clefable|90\/394
|
|-heal|p1a: Clefable|114\/394|[from] item: Leftovers
|turn|33
|
|switch|p1a: u got slowbro'ed|Slowbro, F|247\/394 brn
|-damage|p1a: u got slowbro'ed|198\/394 brn|[from] Stealth Rock
|move|p2a: Keldeo|Scald|p1a: u got slowbro'ed
|-resisted|p1a: u got slowbro'ed
|-damage|p1a: u got slowbro'ed|112\/394 brn
|
|-heal|p1a: u got slowbro'ed|136\/394 brn|[from] item: Leftovers
|-damage|p1a: u got slowbro'ed|87\/394 brn|[from] brn
|turn|34
|
|switch|p1a: Clefable|Clefable, F|114\/394
|move|p2a: Keldeo|Hydro Pump|p1a: Clefable
|-damage|p1a: Clefable|0 fnt
|faint|p1a: Clefable
|
|
|switch|p1a: u got slowbro'ed|Slowbro, F|218\/394 brn
|-damage|p1a: u got slowbro'ed|169\/394 brn|[from] Stealth Rock
|turn|35
|
|move|p2a: Keldeo|Hydro Pump|p1a: u got slowbro'ed
|-crit|p1a: u got slowbro'ed
|-resisted|p1a: u got slowbro'ed
|-damage|p1a: u got slowbro'ed|0 fnt
|faint|p1a: u got slowbro'ed
|
|c|âHallucination|soz
|c|âHallucination|not soz
|c|âStillTheKing|lol gg
|c|âHallucination|gg
|
|switch|p1a: tele strikes back|Scizor-Mega, F|294\/343
|-damage|p1a: tele strikes back|252\/343|[from] Stealth Rock
|turn|36
|
|move|p2a: Keldeo|Scald|p1a: tele strikes back
|-damage|p1a: tele strikes back|98\/343
|move|p1a: tele strikes back|Knock Off|p2a: Keldeo
|-resisted|p2a: Keldeo
|-damage|p2a: Keldeo|159\/323
|-boost|p2a: Keldeo|atk|1|[from] ability: Justified
|
|turn|37
|leave|StillTheKing
|player|p1
|join|johnnyk121
|leave|johnnyk121
|-message|Player 1 lost due to inactivity.
|
|win|Hallucination