|join|Mudkip Slayer
|join|Hallucination
|player|p1|Mudkip Slayer|196
|player|p2|Hallucination|101
|gametype|singles
|gen|6
|tier|OU
|clearpoke
|poke|p1|Altaria, M, shiny
|poke|p1|Magnezone, shiny
|poke|p1|Landorus-Therian, M
|poke|p1|Rotom-Wash
|poke|p1|Latias, F, shiny
|poke|p1|Porygon2
|poke|p2|Metagross
|poke|p2|Keldeo
|poke|p2|Chansey, F
|poke|p2|Talonflame, F
|poke|p2|Latias, F
|poke|p2|Rotom-Wash
|rule|Swagger Clause: Swagger is banned
|rule|Baton Pass Clause: Limit one PokÃ©mon knowing Baton Pass
|rule|Sleep Clause Mod: Limit one foe put to sleep
|rule|Species Clause: Limit one of each PokÃ©mon
|rule|OHKO Clause: OHKO moves are banned
|rule|Moody Clause: Moody is banned
|rule|Evasion Moves Clause: Evasion moves are banned
|rule|Endless Battle Clause: Forcing endless battles is banned
|rule|HP Percentage Mod: HP is shown in percentages
|teampreview
|c|âHallucination|shit hold up
|c|âHallucination|let me get bahamuts team
|c|âMudkip Slayer|lol XD
|
|start
|switch|p1a: Dreadnought|Magnezone, shiny|324\/324
|switch|p2a: Rotom-Wash|Rotom-Wash|304\/304
|turn|1
|
|switch|p2a: Chansey|Chansey, F|641\/641
|move|p1a: Dreadnought|Volt Switch|p2a: Chansey
|-damage|p2a: Chansey|575\/641
|
|switch|p1a: Scarfed imo|Landorus-Therian, M|319\/319
|-ability|p1a: Scarfed imo|Intimidate|[of] p2a: Chansey
|-unboost|p2a: Chansey|atk|1
|
|turn|2
|
|move|p1a: Scarfed imo|Knock Off|p2a: Chansey
|-damage|p2a: Chansey|395\/641
|-enditem|p2a: Chansey|Eviolite|[from] move: Knock Off|[of] p1a: Scarfed imo
|move|p2a: Chansey|Stealth Rock|p1a: Scarfed imo
|-sidestart|p1: Mudkip Slayer|move: Stealth Rock
|
|turn|3
|
|switch|p1a: Dreadnought|Magnezone, shiny|324\/324
|-damage|p1a: Dreadnought|304\/324|[from] Stealth Rock
|move|p2a: Chansey|Toxic|p1a: Dreadnought
|-fail|p1a: Dreadnought
|
|turn|4
|
|move|p1a: Dreadnought|Volt Switch|p2a: Chansey
|-damage|p2a: Chansey|289\/641
|
|switch|p1a: Lardiass|Latias, F, shiny|319\/319
|-damage|p1a: Lardiass|280\/319|[from] Stealth Rock
|move|p2a: Chansey|Soft-Boiled|p2a: Chansey
|-heal|p2a: Chansey|610\/641
|
|turn|5
|
|move|p1a: Lardiass|Psyshock|p2a: Chansey
|-damage|p2a: Chansey|325\/641
|-damage|p1a: Lardiass|249\/319|[from] item: Life Orb
|move|p2a: Chansey|Toxic|p1a: Lardiass
|-status|p1a: Lardiass|tox
|
|-damage|p1a: Lardiass|230\/319 tox|[from] psn
|turn|6
|
|move|p1a: Lardiass|Defog|p2a: Chansey
|-unboost|p2a: Chansey|evasion|1
|-sideend|p1: Mudkip Slayer|Stealth Rock|[from] move: Defog|[of] p1a: Lardiass
|move|p2a: Chansey|Soft-Boiled|p2a: Chansey
|-heal|p2a: Chansey|641\/641
|
|-damage|p1a: Lardiass|192\/319 tox|[from] psn
|turn|7
|
|switch|p1a: Puff|Altaria, M, shiny|307\/307
|move|p2a: Chansey|Stealth Rock|p1a: Puff
|-sidestart|p1: Mudkip Slayer|move: Stealth Rock
|
|turn|8
|
|switch|p2a: Metagross|Metagross|301\/301
|move|p1a: Puff|Dragon Dance|p1a: Puff
|-boost|p1a: Puff|atk|1
|-boost|p1a: Puff|spe|1
|
|turn|9
|
|detailschange|p2a: Metagross|Metagross-Mega
|message|Metagross has Mega Evolved into Mega Metagross!
|move|p1a: Puff|Earthquake|p2a: Metagross
|-supereffective|p2a: Metagross
|-damage|p2a: Metagross|129\/301
|move|p2a: Metagross|Meteor Mash|p1a: Puff
|-damage|p1a: Puff|36\/307
|
|turn|10
|c|âHallucination|XD
|c|âMudkip Slayer|...man I hope you don't have bullet punch lol
|c|âHallucination|i lose gg
|
|switch|p1a: Persil|Rotom-Wash|303\/303
|-damage|p1a: Persil|266\/303|[from] Stealth Rock
|move|p2a: Metagross|Bullet Punch|p1a: Persil
|-resisted|p1a: Persil
|-damage|p1a: Persil|247\/303
|
|-heal|p1a: Persil|265\/303|[from] item: Leftovers
|turn|11
|c|âHallucination|XD
|c|âMudkip Slayer|kek XD
|
|switch|p2a: Chansey|Chansey, F|641\/641
|move|p1a: Persil|Will-O-Wisp|p2a: Chansey
|-status|p2a: Chansey|brn
|
|-heal|p1a: Persil|283\/303|[from] item: Leftovers
|-damage|p2a: Chansey|561\/641 brn|[from] brn
|turn|12
|
|move|p1a: Persil|Volt Switch|p2a: Chansey
|-damage|p2a: Chansey|489\/641 brn
|
|switch|p1a: Lardiass|Latias, F, shiny|192\/319 tox
|-damage|p1a: Lardiass|153\/319 tox|[from] Stealth Rock
|move|p2a: Chansey|Seismic Toss|p1a: Lardiass
|-damage|p1a: Lardiass|53\/319 tox
|
|-damage|p1a: Lardiass|34\/319 tox|[from] psn
|-damage|p2a: Chansey|409\/641 brn|[from] brn
|turn|13
|
|move|p1a: Lardiass|Healing Wish|p1a: Lardiass
|faint|p1a: Lardiass
|move|p2a: Chansey|Seismic Toss|p1: Lardiass|[notarget]
|-notarget
|
|-damage|p2a: Chansey|329\/641 brn|[from] brn
|
|switch|p1a: Puff|Altaria, M, shiny|36\/307
|-heal|p1a: Puff|307\/307|[from] move: Healing Wish
|-damage|p1a: Puff|231\/307|[from] Stealth Rock
|turn|14
|c|âHallucination|oh okay
|
|detailschange|p1a: Puff|Altaria-Mega, M, shiny
|message|Altaria has Mega Evolved into Mega Altaria!
|move|p1a: Puff|Earthquake|p2a: Chansey
|-damage|p2a: Chansey|88\/641 brn
|move|p2a: Chansey|Seismic Toss|p1a: Puff
|-damage|p1a: Puff|131\/307
|
|-damage|p2a: Chansey|8\/641 brn|[from] brn
|turn|15
|
|move|p1a: Puff|Frustration|p2a: Chansey
|-damage|p2a: Chansey|0 fnt
|faint|p2a: Chansey
|
|
|switch|p2a: Talonflame|Talonflame, F|298\/298
|turn|16
|
|switch|p1a: Persil|Rotom-Wash|283\/303
|-damage|p1a: Persil|246\/303|[from] Stealth Rock
|move|p2a: Talonflame|Brave Bird|p1a: Persil
|-crit|p1a: Persil
|-resisted|p1a: Persil
|-damage|p1a: Persil|148\/303
|-damage|p2a: Talonflame|266\/298|[from] recoil|[of] p1a: Persil
|
|-heal|p1a: Persil|166\/303|[from] item: Leftovers
|turn|17
|
|switch|p2a: Latias|Latias, F|302\/302
|move|p1a: Persil|Pain Split|p2a: Latias
|-sethp|p2a: Latias|234\/302|p1a: Persil|234\/303|[from] move: Pain Split
|
|-heal|p1a: Persil|252\/303|[from] item: Leftovers
|turn|18
|
|switch|p1a: Quack|Porygon2|374\/374
|-damage|p1a: Quack|328\/374|[from] Stealth Rock
|-ability|p1a: Quack|Levitate|[from] ability: Trace|[of] p2a: Latias
|move|p2a: Latias|Draco Meteor|p1a: Quack
|-damage|p1a: Quack|206\/374
|-unboost|p2a: Latias|spa|2
|-damage|p2a: Latias|204\/302|[from] item: Life Orb
|
|turn|19
|
|switch|p2a: Metagross|Metagross-Mega|129\/301
|move|p1a: Quack|Recover|p1a: Quack
|-heal|p1a: Quack|374\/374
|
|turn|20
|
|switch|p1a: Dreadnought|Magnezone, shiny|304\/324
|-damage|p1a: Dreadnought|284\/324|[from] Stealth Rock
|move|p2a: Metagross|Meteor Mash|p1a: Dreadnought
|-resisted|p1a: Dreadnought
|-damage|p1a: Dreadnought|235\/324
|
|turn|21
|c|âHallucination|dafuq
|c|âHallucination|o
|c|âHallucination|quad resist
|c|âMudkip Slayer|ya xP
|
|switch|p1a: Persil|Rotom-Wash|252\/303
|-damage|p1a: Persil|215\/303|[from] Stealth Rock
|move|p2a: Metagross|Earthquake|p1a: Persil
|-immune|p1a: Persil|[msg]
|
|-heal|p1a: Persil|233\/303|[from] item: Leftovers
|turn|22
|
|move|p2a: Metagross|Zen Headbutt|p1a: Persil
|-damage|p1a: Persil|100\/303
|move|p1a: Persil|Will-O-Wisp|p2a: Metagross
|-status|p2a: Metagross|brn
|
|-heal|p1a: Persil|118\/303|[from] item: Leftovers
|-damage|p2a: Metagross|92\/301 brn|[from] brn
|turn|23
|
|switch|p1a: Quack|Porygon2|374\/374
|-damage|p1a: Quack|328\/374|[from] Stealth Rock
|-ability|p1a: Quack|Tough Claws|[from] ability: Trace|[of] p2a: Metagross
|move|p2a: Metagross|Zen Headbutt|p1a: Quack
|-damage|p1a: Quack|252\/374
|
|-damage|p2a: Metagross|55\/301 brn|[from] brn
|turn|24
|
|switch|p2a: Keldeo|Keldeo|323\/323
|move|p1a: Quack|Recover|p1a: Quack
|-heal|p1a: Quack|374\/374
|
|turn|25
|
|switch|p1a: Dreadnought|Magnezone, shiny|235\/324
|-damage|p1a: Dreadnought|215\/324|[from] Stealth Rock
|move|p2a: Keldeo|Secret Sword|p1a: Dreadnought
|-supereffective|p1a: Dreadnought
|-damage|p1a: Dreadnought|0 fnt
|faint|p1a: Dreadnought
|
|
|switch|p1a: Puff|Altaria-Mega, M, shiny|131\/307
|-damage|p1a: Puff|93\/307|[from] Stealth Rock
|turn|26
|
|move|p2a: Keldeo|Secret Sword|p1a: Puff
|-resisted|p1a: Puff
|-damage|p1a: Puff|0 fnt
|faint|p1a: Puff
|
|c|âHallucination|wow that was scary
|c|âMudkip Slayer|aw
|c|âHallucination|mate after running max d altaria
|c|âMudkip Slayer|seriously Altaria has way more bulk than that ._.
|
|switch|p1a: Scarfed imo|Landorus-Therian, M|319\/319
|-damage|p1a: Scarfed imo|280\/319|[from] Stealth Rock
|-ability|p1a: Scarfed imo|Intimidate|[of] p2a: Keldeo
|-unboost|p2a: Keldeo|atk|1
|turn|27
|c|âHallucination|shit is scary when you see that thing
|
|switch|p2a: Rotom-Wash|Rotom-Wash|304\/304
|move|p1a: Scarfed imo|Knock Off|p2a: Rotom-Wash
|-damage|p2a: Rotom-Wash|191\/304
|-enditem|p2a: Rotom-Wash|Leftovers|[from] move: Knock Off|[of] p1a: Scarfed imo
|
|turn|28
|
|switch|p1a: Quack|Porygon2|374\/374
|-damage|p1a: Quack|328\/374|[from] Stealth Rock
|-ability|p1a: Quack|Levitate|[from] ability: Trace|[of] p2a: Rotom-Wash
|move|p2a: Rotom-Wash|Will-O-Wisp|p1a: Quack
|-status|p1a: Quack|brn
|
|-damage|p1a: Quack|282\/374 brn|[from] brn
|turn|29
|
|move|p2a: Rotom-Wash|Volt Switch|p1a: Quack
|-damage|p1a: Quack|240\/374 brn
|
|switch|p2a: Metagross|Metagross-Mega|55\/301 brn
|move|p1a: Quack|Thunderbolt|p2a: Metagross
|-damage|p2a: Metagross|0 fnt
|faint|p2a: Metagross
|
|-damage|p1a: Quack|194\/374 brn|[from] brn
|
|switch|p2a: Keldeo|Keldeo|323\/323
|turn|30
|
|move|p2a: Keldeo|Secret Sword|p1a: Quack
|-supereffective|p1a: Quack
|-damage|p1a: Quack|0 fnt
|faint|p1a: Quack
|
|
|switch|p1a: Scarfed imo|Landorus-Therian, M|280\/319
|-damage|p1a: Scarfed imo|241\/319|[from] Stealth Rock
|-ability|p1a: Scarfed imo|Intimidate|[of] p2a: Keldeo
|-unboost|p2a: Keldeo|atk|1
|turn|31
|
|switch|p2a: Rotom-Wash|Rotom-Wash|191\/304
|move|p1a: Scarfed imo|Stone Edge|p2a: Rotom-Wash
|-damage|p2a: Rotom-Wash|61\/304
|
|turn|32
|
|switch|p1a: Persil|Rotom-Wash|118\/303
|-damage|p1a: Persil|81\/303|[from] Stealth Rock
|move|p2a: Rotom-Wash|Volt Switch|p1a: Persil
|-damage|p1a: Persil|0 fnt
|faint|p1a: Persil
|c|âHallucination|i think its gg
|
|switch|p2a: Keldeo|Keldeo|323\/323
|
|c|âMudkip Slayer|yeah haha
|c|âMudkip Slayer|I've decided I don't like this team
|c|âHallucination|wow the pressure was stronk
|c|âMudkip Slayer|I don't think I've ever won with it lol
|
|switch|p1a: Scarfed imo|Landorus-Therian, M|241\/319
|-damage|p1a: Scarfed imo|202\/319|[from] Stealth Rock
|-ability|p1a: Scarfed imo|Intimidate|[of] p2a: Keldeo
|-unboost|p2a: Keldeo|atk|1
|turn|33
|c|âHallucination|yeah mate i lost my ladder match warm up XD
|c|âMudkip Slayer|lol
|c|âHallucination|but i was like im sticking with this team
|
|move|p1a: Scarfed imo|Stone Edge|p2a: Keldeo
|-resisted|p2a: Keldeo
|-damage|p2a: Keldeo|255\/323
|move|p2a: Keldeo|Scald|p1a: Scarfed imo
|-supereffective|p1a: Scarfed imo
|-damage|p1a: Scarfed imo|0 fnt
|faint|p1a: Scarfed imo
|
|win|Hallucination
|c|âHallucination|gg
|c|âMudkip Slayer|gg haha