|join|Hallucination
|join|CheckmateWeee
|player|p1|Hallucination|276
|player|p2|CheckmateWeee|170
|gametype|singles
|gen|6
|tier|OU
|rated
|clearpoke
|poke|p1|Lopunny, M
|poke|p1|Bisharp, M
|poke|p1|Landorus-Therian, M
|poke|p1|Talonflame, M
|poke|p1|Latias, F
|poke|p1|Empoleon, F
|poke|p2|Greninja, M
|poke|p2|Swampert, M
|poke|p2|Thundurus, M
|poke|p2|Magnezone
|poke|p2|Scizor, M
|poke|p2|Landorus-Therian, M
|rule|Swagger Clause: Swagger is banned
|rule|Baton Pass Clause: Limit one PokÃ©mon knowing Baton Pass
|rule|Sleep Clause Mod: Limit one foe put to sleep
|rule|Species Clause: Limit one of each PokÃ©mon
|rule|OHKO Clause: OHKO moves are banned
|rule|Moody Clause: Moody is banned
|rule|Evasion Moves Clause: Evasion moves are banned
|rule|Endless Battle Clause: Forcing endless battles is banned
|rule|HP Percentage Mod: HP is shown in percentages
|teampreview
|
|start
|switch|p1a: Lopunny|Lopunny, M|272\/272
|switch|p2a: Landorus-Therian|Landorus-Therian, M|382\/382
|-ability|p2a: Landorus-Therian|Intimidate|[of] p1a: Lopunny
|-unboost|p1a: Lopunny|atk|1
|turn|1
|
|detailschange|p1a: Lopunny|Lopunny-Mega, M
|message|Lopunny has Mega Evolved into Mega Lopunny!
|move|p1a: Lopunny|Fake Out|p2a: Landorus-Therian
|-damage|p2a: Landorus-Therian|346\/382
|cant|p2a: Landorus-Therian|flinch
|
|-heal|p2a: Landorus-Therian|369\/382|[from] item: Leftovers
|turn|2
|
|switch|p1a: Talonflame|Talonflame, M|317\/317
|move|p2a: Landorus-Therian|Stealth Rock|p1a: Talonflame
|-sidestart|p1: Hallucination|move: Stealth Rock
|
|-heal|p2a: Landorus-Therian|382\/382|[from] item: Leftovers
|turn|3
|
|move|p1a: Talonflame|Will-O-Wisp|p2a: Landorus-Therian
|-status|p2a: Landorus-Therian|brn
|move|p2a: Landorus-Therian|Knock Off|p1a: Talonflame
|-damage|p1a: Talonflame|244\/317
|-enditem|p1a: Talonflame|Sharp Beak|[from] move: Knock Off|[of] p2a: Landorus-Therian
|
|-damage|p2a: Landorus-Therian|335\/382 brn|[from] brn
|turn|4
|
|move|p1a: Talonflame|Roost|p1a: Talonflame
|-heal|p1a: Talonflame|317\/317
|move|p2a: Landorus-Therian|U-turn|p1a: Talonflame
|-resisted|p1a: Talonflame
|-damage|p1a: Talonflame|292\/317
|
|switch|p2a: Thundurus|Thundurus, M|362\/362
|
|turn|5
|
|switch|p1a: Latias|Latias, F|302\/302
|-damage|p1a: Latias|265\/302|[from] Stealth Rock
|move|p2a: Thundurus|Knock Off|p1a: Latias
|-supereffective|p1a: Latias
|-damage|p1a: Latias|77\/302
|-enditem|p1a: Latias|Leftovers|[from] move: Knock Off|[of] p2a: Thundurus
|
|turn|6
|
|move|p2a: Thundurus|Volt Switch|p1a: Latias
|-resisted|p1a: Latias
|-damage|p1a: Latias|39\/302
|
|switch|p2a: Magnezone|Magnezone|344\/344
|move|p1a: Latias|Defog|p2a: Magnezone
|-unboost|p2a: Magnezone|evasion|1
|-sideend|p1: Hallucination|Stealth Rock|[from] move: Defog|[of] p1a: Latias
|
|turn|7
|
|switch|p1a: Landorus-Therian|Landorus-Therian, M|320\/320
|-ability|p1a: Landorus-Therian|Intimidate|[of] p2a: Magnezone
|-unboost|p2a: Magnezone|atk|1
|move|p2a: Magnezone|Flash Cannon|p1a: Landorus-Therian
|-damage|p1a: Landorus-Therian|116\/320
|
|turn|8
|
|switch|p2a: Landorus-Therian|Landorus-Therian, M|335\/382 brn
|-ability|p2a: Landorus-Therian|Intimidate|[of] p1a: Landorus-Therian
|-unboost|p1a: Landorus-Therian|atk|1
|move|p1a: Landorus-Therian|U-turn|p2a: Landorus-Therian
|-resisted|p2a: Landorus-Therian
|-damage|p2a: Landorus-Therian|311\/382 brn
|
|switch|p1a: Latias|Latias, F|39\/302
|
|-heal|p2a: Landorus-Therian|334\/382 brn|[from] item: Leftovers
|-damage|p2a: Landorus-Therian|287\/382 brn|[from] brn
|turn|9
|
|switch|p2a: Magnezone|Magnezone|344\/344
|move|p1a: Latias|Draco Meteor|p2a: Magnezone
|-resisted|p2a: Magnezone
|-damage|p2a: Magnezone|263\/344
|-unboost|p1a: Latias|spa|2
|
|turn|10
|
|move|p1a: Latias|Roost|p1a: Latias
|-heal|p1a: Latias|190\/302
|move|p2a: Magnezone|Flash Cannon|p1a: Latias
|-damage|p1a: Latias|60\/302
|
|turn|11
|
|switch|p1a: Empoleon|Empoleon, F|372\/372
|move|p2a: Magnezone|Volt Switch|p1a: Empoleon
|-crit|p1a: Empoleon
|-supereffective|p1a: Empoleon
|-damage|p1a: Empoleon|0 fnt
|faint|p1a: Empoleon
|
|switch|p2a: Landorus-Therian|Landorus-Therian, M|287\/382 brn
|
|-heal|p2a: Landorus-Therian|310\/382 brn|[from] item: Leftovers
|-damage|p2a: Landorus-Therian|263\/382 brn|[from] brn
|
|switch|p1a: Lopunny|Lopunny-Mega, M|272\/272
|turn|12
|
|switch|p2a: Scizor|Scizor, M|333\/333
|move|p1a: Lopunny|Return|p2a: Scizor
|-resisted|p2a: Scizor
|-damage|p2a: Scizor|243\/333
|
|turn|13
|
|switch|p1a: Talonflame|Talonflame, M|292\/317
|move|p2a: Scizor|U-turn|p1a: Talonflame
|-resisted|p1a: Talonflame
|-damage|p1a: Talonflame|227\/317
|
|switch|p2a: Thundurus|Thundurus, M|362\/362
|
|turn|14
|
|move|p1a: Talonflame|Flare Blitz|p2a: Thundurus
|-damage|p2a: Thundurus|134\/362
|-damage|p1a: Talonflame|152\/317|[from] recoil|[of] p2a: Thundurus
|move|p2a: Thundurus|Volt Switch|p1a: Talonflame
|-supereffective|p1a: Talonflame
|-damage|p1a: Talonflame|0 fnt
|faint|p1a: Talonflame
|
|switch|p2a: Landorus-Therian|Landorus-Therian, M|263\/382 brn
|
|-heal|p2a: Landorus-Therian|286\/382 brn|[from] item: Leftovers
|-damage|p2a: Landorus-Therian|239\/382 brn|[from] brn
|
|switch|p1a: Lopunny|Lopunny-Mega, M|272\/272
|turn|15
|
|move|p1a: Lopunny|Return|p2a: Landorus-Therian
|-damage|p2a: Landorus-Therian|86\/382 brn
|move|p2a: Landorus-Therian|U-turn|p1a: Lopunny
|-crit|p1a: Lopunny
|-resisted|p1a: Lopunny
|-damage|p1a: Lopunny|243\/272
|
|switch|p2a: Scizor|Scizor, M|243\/333
|
|turn|16
|
|switch|p1a: Landorus-Therian|Landorus-Therian, M|116\/320
|-ability|p1a: Landorus-Therian|Intimidate|[of] p2a: Scizor
|-unboost|p2a: Scizor|atk|1
|move|p2a: Scizor|Bullet Punch|p1a: Landorus-Therian
|-damage|p1a: Landorus-Therian|0 fnt
|faint|p1a: Landorus-Therian
|
|
|switch|p1a: Bisharp|Bisharp, M|282\/282
|turn|17
|
|switch|p2a: Magnezone|Magnezone|263\/344
|move|p1a: Bisharp|Knock Off|p2a: Magnezone
|-crit|p2a: Magnezone
|-damage|p2a: Magnezone|0 fnt
|-enditem|p2a: Magnezone|Assault Vest|[from] move: Knock Off|[of] p1a: Bisharp
|faint|p2a: Magnezone
|
|
|switch|p2a: Thundurus|Thundurus, M|134\/362
|turn|18
|
|move|p2a: Thundurus|Rain Dance|p2a: Thundurus
|-weather|RainDance
|move|p1a: Bisharp|Sucker Punch|p2a: Thundurus
|-fail|p2a: Thundurus
|
|-weather|RainDance|[upkeep]
|turn|19
|
|move|p2a: Thundurus|Thunder Wave|p1a: Bisharp
|-status|p1a: Bisharp|par
|move|p1a: Bisharp|Knock Off|p2a: Thundurus
|-damage|p2a: Thundurus|0 fnt
|-enditem|p2a: Thundurus|Damp Rock|[from] move: Knock Off|[of] p1a: Bisharp
|faint|p2a: Thundurus
|
|-weather|RainDance|[upkeep]
|
|switch|p2a: Swampert|Swampert, M|366\/366
|turn|20
|
|detailschange|p2a: Swampert|Swampert-Mega, M
|message|Swampert has Mega Evolved into Mega Swampert!
|move|p1a: Bisharp|Sucker Punch|p2a: Swampert
|-damage|p2a: Swampert|207\/366
|move|p2a: Swampert|Earthquake|p1a: Bisharp
|-supereffective|p1a: Bisharp
|-damage|p1a: Bisharp|0 fnt
|faint|p1a: Bisharp
|
|-weather|RainDance|[upkeep]
|
|switch|p1a: Lopunny|Lopunny-Mega, M|243\/272
|turn|21
|
|move|p1a: Lopunny|Fake Out|p2a: Swampert
|-crit|p2a: Swampert
|-damage|p2a: Swampert|107\/366
|cant|p2a: Swampert|flinch
|
|-weather|RainDance|[upkeep]
|turn|22
|
|move|p2a: Swampert|Waterfall|p1a: Lopunny
|-damage|p1a: Lopunny|0 fnt
|faint|p1a: Lopunny
|
|-weather|RainDance|[upkeep]
|
|switch|p1a: Latias|Latias, F|60\/302
|turn|23
|
|move|p2a: Swampert|Ice Punch|p1a: Latias
|-supereffective|p1a: Latias
|-damage|p1a: Latias|0 fnt
|faint|p1a: Latias
|
|win|CheckmateWeee
|raw|Ladder updating...
|raw|Hallucination's rating: 1383 &rarr; <strong>1360<\/strong><br \/>(-23 for losing)
|raw|CheckmateWeee's rating: 1336 &rarr; <strong>1359<\/strong><br \/>(+23 for winning)