|join|Babaren Dave
|join|Hallucination
|player|p1|Babaren Dave|285
|player|p2|Hallucination|276
|gametype|singles
|gen|6
|tier|OU
|rated
|clearpoke
|poke|p1|Lopunny, F
|poke|p1|Greninja, F
|poke|p1|Chesnaught, M, shiny
|poke|p1|Heatran, F, shiny
|poke|p1|Clefable, F
|poke|p1|Mew
|poke|p2|Metagross
|poke|p2|Keldeo
|poke|p2|Chansey, F
|poke|p2|Talonflame, M
|poke|p2|Latias, F
|poke|p2|Rotom-Wash
|rule|Swagger Clause: Swagger is banned
|rule|Baton Pass Clause: Limit one PokÃ©mon knowing Baton Pass
|rule|Sleep Clause Mod: Limit one foe put to sleep
|rule|Species Clause: Limit one of each PokÃ©mon
|rule|OHKO Clause: OHKO moves are banned
|rule|Moody Clause: Moody is banned
|rule|Evasion Moves Clause: Evasion moves are banned
|rule|Endless Battle Clause: Forcing endless battles is banned
|rule|HP Percentage Mod: HP is shown in percentages
|teampreview
|
|start
|switch|p1a: Mew|Mew|404\/404
|switch|p2a: Rotom-Wash|Rotom-Wash|304\/304
|turn|1
|
|switch|p2a: Talonflame|Talonflame, M|298\/298
|move|p1a: Mew|Stealth Rock|p2a: Talonflame
|-sidestart|p2: Hallucination|move: Stealth Rock
|
|turn|2
|
|switch|p2a: Latias|Latias, F|302\/302
|-damage|p2a: Latias|265\/302|[from] Stealth Rock
|switch|p1a: Heatran|Heatran, F, shiny|323\/323
|
|turn|3
|
|move|p1a: Heatran|Flash Cannon|p2a: Latias
|-damage|p2a: Latias|136\/302
|move|p2a: Latias|Defog|p1a: Heatran
|-unboost|p1a: Heatran|evasion|1
|-sideend|p2: Hallucination|Stealth Rock|[from] move: Defog|[of] p2a: Latias
|
|turn|4
|
|switch|p1a: Mew|Mew|404\/404
|switch|p2a: Keldeo|Keldeo|323\/323
|
|turn|5
|
|move|p2a: Keldeo|Hydro Pump|p1a: Mew
|-damage|p1a: Mew|136\/404
|move|p1a: Mew|Stealth Rock|p2a: Keldeo
|-sidestart|p2: Hallucination|move: Stealth Rock
|
|-heal|p1a: Mew|161\/404|[from] item: Leftovers
|turn|6
|
|switch|p1a: Chesnaught|Chesnaught, M, shiny|380\/380
|move|p2a: Keldeo|Hydro Pump|p1a: Chesnaught
|-resisted|p1a: Chesnaught
|-damage|p1a: Chesnaught|219\/380
|
|-heal|p1a: Chesnaught|242\/380|[from] item: Leftovers
|turn|7
|
|switch|p2a: Latias|Latias, F|136\/302
|-damage|p2a: Latias|99\/302|[from] Stealth Rock
|switch|p1a: Greninja|Greninja, F|285\/285
|
|turn|8
|
|switch|p2a: Chansey|Chansey, F|642\/642
|-damage|p2a: Chansey|562\/642|[from] Stealth Rock
|move|p1a: Greninja|Gunk Shot|p2a: Chansey
|-start|p1a: Greninja|typechange|Poison|[from] Protean
|-damage|p2a: Chansey|311\/642
|-status|p2a: Chansey|psn
|-damage|p1a: Greninja|257\/285|[from] item: Life Orb
|
|-damage|p2a: Chansey|231\/642 psn|[from] psn
|turn|9
|
|move|p1a: Greninja|Low Kick|p2a: Chansey
|-start|p1a: Greninja|typechange|Fighting|[from] Protean
|-supereffective|p2a: Chansey
|-damage|p2a: Chansey|0 fnt
|-damage|p1a: Greninja|229\/285|[from] item: Life Orb
|faint|p2a: Chansey
|
|
|switch|p2a: Metagross|Metagross|301\/301
|-damage|p2a: Metagross|283\/301|[from] Stealth Rock
|turn|10
|
|detailschange|p2a: Metagross|Metagross-Mega
|message|Metagross has Mega Evolved into Mega Metagross!
|move|p1a: Greninja|Dark Pulse|p2a: Metagross
|-start|p1a: Greninja|typechange|Dark|[from] Protean
|-supereffective|p2a: Metagross
|-damage|p2a: Metagross|7\/301
|-damage|p1a: Greninja|201\/285|[from] item: Life Orb
|cant|p2a: Metagross|flinch
|
|turn|11
|
|move|p2a: Metagross|Bullet Punch|p1a: Greninja
|-damage|p1a: Greninja|59\/285
|move|p1a: Greninja|Dark Pulse|p2a: Metagross
|-supereffective|p2a: Metagross
|-damage|p2a: Metagross|0 fnt
|-damage|p1a: Greninja|31\/285|[from] item: Life Orb
|faint|p2a: Metagross
|
|
|switch|p2a: Rotom-Wash|Rotom-Wash|304\/304
|-damage|p2a: Rotom-Wash|266\/304|[from] Stealth Rock
|turn|12
|
|move|p1a: Greninja|Dark Pulse|p2a: Rotom-Wash
|-damage|p2a: Rotom-Wash|163\/304
|-damage|p1a: Greninja|3\/285|[from] item: Life Orb
|move|p2a: Rotom-Wash|Volt Switch|p1a: Greninja
|-damage|p1a: Greninja|0 fnt
|faint|p1a: Greninja
|
|switch|p2a: Keldeo|Keldeo|323\/323
|-damage|p2a: Keldeo|303\/323|[from] Stealth Rock
|
|
|switch|p1a: Clefable|Clefable, F|394\/394
|turn|13
|
|move|p2a: Keldeo|Hydro Pump|p1a: Clefable
|-damage|p1a: Clefable|135\/394
|move|p1a: Clefable|Moonblast|p2a: Keldeo
|-supereffective|p2a: Keldeo
|-damage|p2a: Keldeo|61\/323
|-unboost|p2a: Keldeo|spa|1
|
|-heal|p1a: Clefable|159\/394|[from] item: Leftovers
|turn|14
|
|move|p2a: Keldeo|Hydro Pump|p1a: Clefable
|-damage|p1a: Clefable|0 fnt
|faint|p1a: Clefable
|
|
|switch|p1a: Lopunny|Lopunny, F|271\/271
|turn|15
|
|detailschange|p1a: Lopunny|Lopunny-Mega, F
|message|Lopunny has Mega Evolved into Mega Lopunny!
|move|p1a: Lopunny|Fake Out|p2a: Keldeo
|-damage|p2a: Keldeo|0 fnt
|faint|p2a: Keldeo
|
|
|switch|p2a: Talonflame|Talonflame, M|298\/298
|-damage|p2a: Talonflame|149\/298|[from] Stealth Rock
|turn|16
|
|switch|p1a: Heatran|Heatran, F, shiny|323\/323
|move|p2a: Talonflame|Roost|p2a: Talonflame
|-heal|p2a: Talonflame|298\/298
|
|turn|17
|
|move|p2a: Talonflame|Swords Dance|p2a: Talonflame
|-boost|p2a: Talonflame|atk|2
|move|p1a: Heatran|Ancient Power|p2a: Talonflame
|-crit|p2a: Talonflame
|-supereffective|p2a: Talonflame
|-damage|p2a: Talonflame|0 fnt
|faint|p2a: Talonflame
|
|
|switch|p2a: Rotom-Wash|Rotom-Wash|163\/304
|-damage|p2a: Rotom-Wash|125\/304|[from] Stealth Rock
|turn|18
|
|move|p1a: Heatran|Ancient Power|p2a: Rotom-Wash
|-damage|p2a: Rotom-Wash|67\/304
|-boost|p1a: Heatran|atk|1
|-boost|p1a: Heatran|def|1
|-boost|p1a: Heatran|spa|1
|-boost|p1a: Heatran|spd|1
|-boost|p1a: Heatran|spe|1
|move|p2a: Rotom-Wash|Hydro Pump|p1a: Heatran
|-supereffective|p1a: Heatran
|-damage|p1a: Heatran|141\/323
|
|-heal|p2a: Rotom-Wash|86\/304|[from] item: Leftovers
|turn|19
|
|move|p1a: Heatran|Ancient Power|p2a: Rotom-Wash
|-damage|p2a: Rotom-Wash|0 fnt
|faint|p2a: Rotom-Wash
|
|
|switch|p2a: Latias|Latias, F|99\/302
|-damage|p2a: Latias|62\/302|[from] Stealth Rock
|turn|20
|
|move|p1a: Heatran|Ancient Power|p2a: Latias
|-damage|p2a: Latias|0 fnt
|faint|p2a: Latias
|
|win|Babaren Dave
|raw|Ladder updating...
|raw|Babaren Dave's rating: 1736 &rarr; <strong>1744<\/strong><br \/>(+8 for winning)
|raw|Hallucination's rating: 1515 &rarr; <strong>1506<\/strong><br \/>(-9 for losing)
|leave|Babaren Dave
|player|p1