|join|Hallucination
|join|hpareS
|player|p1|Hallucination|276
|player|p2|hpareS|273
|gametype|singles
|gen|6
|tier|OU
|clearpoke
|poke|p1|Metagross
|poke|p1|Keldeo
|poke|p1|Chansey, F
|poke|p1|Talonflame, M
|poke|p1|Latias, F
|poke|p1|Rotom-Wash
|poke|p2|Scizor, F
|poke|p2|Togekiss, F
|poke|p2|Tyranitar, F
|poke|p2|Skarmory, M
|poke|p2|Jirachi
|poke|p2|Garchomp, M
|rule|Swagger Clause: Swagger is banned
|rule|Baton Pass Clause: Limit one PokÃ©mon knowing Baton Pass
|rule|Sleep Clause Mod: Limit one foe put to sleep
|rule|Species Clause: Limit one of each PokÃ©mon
|rule|OHKO Clause: OHKO moves are banned
|rule|Moody Clause: Moody is banned
|rule|Evasion Moves Clause: Evasion moves are banned
|rule|Endless Battle Clause: Forcing endless battles is banned
|rule|HP Percentage Mod: HP is shown in percentages
|teampreview
|
|start
|switch|p1a: Rotom-Wash|Rotom-Wash|304\/304
|switch|p2a: Jirachi|Jirachi|404\/404
|turn|1
|join|johnnyk121
|join|Aegislash Returns
|join|Doofbi
|
|move|p2a: Jirachi|Protect|p2a: Jirachi
|-singleturn|p2a: Jirachi|Protect
|move|p1a: Rotom-Wash|Will-O-Wisp|p2a: Jirachi
|-activate|p2a: Jirachi|Protect
|
|turn|2
|c| Doofbi|Doof Doof
|
|move|p2a: Jirachi|Iron Head|p1a: Rotom-Wash
|-resisted|p1a: Rotom-Wash
|-damage|p1a: Rotom-Wash|282\/304
|cant|p1a: Rotom-Wash|flinch
|
|-heal|p1a: Rotom-Wash|301\/304|[from] item: Leftovers
|turn|3
|
|move|p2a: Jirachi|Iron Head|p1a: Rotom-Wash
|-resisted|p1a: Rotom-Wash
|-damage|p1a: Rotom-Wash|277\/304
|cant|p1a: Rotom-Wash|flinch
|
|-heal|p1a: Rotom-Wash|296\/304|[from] item: Leftovers
|turn|4
|
|move|p2a: Jirachi|Iron Head|p1a: Rotom-Wash
|-resisted|p1a: Rotom-Wash
|-damage|p1a: Rotom-Wash|275\/304
|cant|p1a: Rotom-Wash|flinch
|
|-heal|p1a: Rotom-Wash|294\/304|[from] item: Leftovers
|turn|5
|c|âHallucination|stop
|c|âhpareS|lol
|c| Aegislash Returns|chipping away 1% at a time XD
|c| Doofbi|lol
|
|move|p2a: Jirachi|Iron Head|p1a: Rotom-Wash
|-resisted|p1a: Rotom-Wash
|-damage|p1a: Rotom-Wash|271\/304
|move|p1a: Rotom-Wash|Will-O-Wisp|p2a: Jirachi
|-status|p2a: Jirachi|brn
|
|-heal|p1a: Rotom-Wash|290\/304|[from] item: Leftovers
|-damage|p2a: Jirachi|354\/404 brn|[from] brn
|turn|6
|c|âhpareS|WE CAN DO THIS
|c| Aegislash Returns|lol nice strategy brah
|
|move|p2a: Jirachi|Wish|p2a: Jirachi
|move|p1a: Rotom-Wash|Will-O-Wisp|p2a: Jirachi
|-fail|p2a: Jirachi|brn
|
|-heal|p2a: Jirachi|379\/404 brn|[from] item: Leftovers
|-heal|p1a: Rotom-Wash|304\/304|[from] item: Leftovers
|-damage|p2a: Jirachi|329\/404 brn|[from] brn
|turn|7
|c|âhpareS|Thanks
|
|switch|p2a: Tyranitar|Tyranitar, F|403\/403
|-weather|Sandstorm
|move|p1a: Rotom-Wash|Will-O-Wisp|p2a: Tyranitar
|-status|p2a: Tyranitar|brn
|
|-weather|Sandstorm|[upkeep]
|-damage|p1a: Rotom-Wash|285\/304|[from] sandstorm
|-heal|p1a: Rotom-Wash|304\/304|[from] item: Leftovers
|-damage|p2a: Tyranitar|353\/403 brn|[from] brn
|turn|8
|
|move|p1a: Rotom-Wash|Volt Switch|p2a: Tyranitar
|-damage|p2a: Tyranitar|293\/403 brn
|
|switch|p1a: Keldeo|Keldeo|323\/323
|move|p2a: Tyranitar|Stealth Rock|p1a: Keldeo
|-sidestart|p1: Hallucination|move: Stealth Rock
|
|-weather|Sandstorm|[upkeep]
|-damage|p1a: Keldeo|303\/323|[from] sandstorm
|-damage|p2a: Tyranitar|243\/403 brn|[from] brn
|turn|9
|
|switch|p2a: Garchomp|Garchomp, M|357\/357
|move|p1a: Keldeo|Scald|p2a: Garchomp
|-damage|p2a: Garchomp|131\/357
|-status|p2a: Garchomp|brn
|
|-weather|Sandstorm|[upkeep]
|-damage|p1a: Keldeo|283\/323|[from] sandstorm
|-damage|p2a: Garchomp|87\/357 brn|[from] brn
|turn|10
|c|âhpareS|e.e
|c|âhpareS|Fuckin burn?
|c| Doofbi|rekt
|
|switch|p1a: Chansey|Chansey, F|662\/662
|-damage|p1a: Chansey|580\/662|[from] Stealth Rock
|switch|p2a: Togekiss|Togekiss, F|373\/373
|
|-weather|Sandstorm|[upkeep]
|-damage|p1a: Chansey|539\/662|[from] sandstorm
|turn|11
|c|âHallucination|thats why you scald bb
|
|move|p2a: Togekiss|Heal Bell|p2a: Togekiss
|-cureteam|p2a: Togekiss|[from] move: HealBell
|move|p1a: Chansey|Toxic|p2a: Togekiss
|-status|p2a: Togekiss|tox
|
|-weather|Sandstorm|[upkeep]
|-damage|p1a: Chansey|498\/662|[from] sandstorm
|-damage|p2a: Togekiss|350\/373 tox|[from] psn
|turn|12
|
|switch|p2a: Jirachi|Jirachi|329\/404
|move|p1a: Chansey|Stealth Rock|p2a: Jirachi
|-sidestart|p2: hpareS|move: Stealth Rock
|
|-weather|Sandstorm|[upkeep]
|-damage|p1a: Chansey|457\/662|[from] sandstorm
|-heal|p2a: Jirachi|354\/404|[from] item: Leftovers
|turn|13
|
|switch|p1a: Rotom-Wash|Rotom-Wash|304\/304
|-damage|p1a: Rotom-Wash|266\/304|[from] Stealth Rock
|move|p2a: Jirachi|Wish|p2a: Jirachi
|
|-weather|Sandstorm|[upkeep]
|-damage|p1a: Rotom-Wash|247\/304|[from] sandstorm
|-heal|p2a: Jirachi|379\/404|[from] item: Leftovers
|-heal|p1a: Rotom-Wash|266\/304|[from] item: Leftovers
|turn|14
|
|switch|p2a: Garchomp|Garchomp, M|87\/357
|-damage|p2a: Garchomp|65\/357|[from] Stealth Rock
|move|p1a: Rotom-Wash|Volt Switch|p2a: Garchomp
|-immune|p2a: Garchomp|[msg]
|
|-weather|none
|-heal|p2a: Garchomp|267\/357|[from] move: Wish|[wisher] Jirachi
|-heal|p1a: Rotom-Wash|285\/304|[from] item: Leftovers
|turn|15
|
|detailschange|p2a: Garchomp|Garchomp-Mega, M
|message|Garchomp has Mega Evolved into Mega Garchomp!
|move|p2a: Garchomp|Draco Meteor|p1a: Rotom-Wash|[miss]
|-miss|p2a: Garchomp|p1a: Rotom-Wash
|move|p1a: Rotom-Wash|Will-O-Wisp|p2a: Garchomp
|-status|p2a: Garchomp|brn
|
|-heal|p1a: Rotom-Wash|304\/304|[from] item: Leftovers
|-damage|p2a: Garchomp|223\/357 brn|[from] brn
|turn|16
|c|âhpareS|e.e
|c|âHallucination|rekt
|
|switch|p2a: Togekiss|Togekiss, F|350\/373 tox
|-damage|p2a: Togekiss|257\/373 tox|[from] Stealth Rock
|move|p1a: Rotom-Wash|Hydro Pump|p2a: Togekiss
|-damage|p2a: Togekiss|143\/373 tox
|
|-damage|p2a: Togekiss|120\/373 tox|[from] psn
|turn|17
|c|âhpareS|hax is not on my side
|
|move|p2a: Togekiss|Heal Bell|p2a: Togekiss
|-cureteam|p2a: Togekiss|[from] move: HealBell
|move|p1a: Rotom-Wash|Volt Switch|p2a: Togekiss
|-supereffective|p2a: Togekiss
|-damage|p2a: Togekiss|0 fnt
|faint|p2a: Togekiss
|c|âHallucination|you got 3 straight flinches
|c| Doofbi|you did get those lame flinches
|c| Doofbi|ye lol
|c| Aegislash Returns|lol
|c| Aegislash Returns|used up your hax
|
|switch|p1a: Latias|Latias, F|302\/302
|-damage|p1a: Latias|265\/302|[from] Stealth Rock
|
|c|âhpareS|That is going to happen
|join|SuperBlue
|c|âhpareS|No matter what
|
|switch|p2a: Jirachi|Jirachi|379\/404
|-damage|p2a: Jirachi|354\/404|[from] Stealth Rock
|turn|18
|
|move|p1a: Latias|Defog|p2a: Jirachi
|-unboost|p2a: Jirachi|evasion|1
|-sideend|p2: hpareS|Stealth Rock|[from] move: Defog|[of] p2a: Jirachi
|-sideend|p1: Hallucination|Stealth Rock|[from] move: Defog|[of] p1a: Latias
|move|p2a: Jirachi|Wish|p2a: Jirachi
|
|-heal|p2a: Jirachi|379\/404|[from] item: Leftovers
|turn|19
|
|switch|p1a: Rotom-Wash|Rotom-Wash|304\/304
|move|p2a: Jirachi|Protect|p2a: Jirachi
|-fail|p2a: Jirachi
|
|-heal|p2a: Jirachi|404\/404|[from] move: Wish|[wisher] Jirachi
|turn|20
|
|move|p2a: Jirachi|Wish|p2a: Jirachi
|move|p1a: Rotom-Wash|Will-O-Wisp|p2a: Jirachi
|-status|p2a: Jirachi|brn
|
|-damage|p2a: Jirachi|354\/404 brn|[from] brn
|turn|21
|c| Doofbi|too many physical attackers
|c|âhpareS|Don't think this team is very solid
|c| Aegislash Returns|lol seems that way
|
|move|p2a: Jirachi|Iron Head|p1a: Rotom-Wash
|-crit|p1a: Rotom-Wash
|-resisted|p1a: Rotom-Wash
|-damage|p1a: Rotom-Wash|289\/304
|move|p1a: Rotom-Wash|Volt Switch|p2a: Jirachi
|-damage|p2a: Jirachi|296\/404 brn
|c|âHallucination|LOL
|c| Aegislash Returns|but most teams aren't when they first start out
|c|âHallucination|nice crit bb
|leave|SuperBlue
|
|switch|p1a: Chansey|Chansey, F|457\/662
|
|-heal|p2a: Jirachi|404\/404 brn|[from] move: Wish|[wisher] Jirachi
|-damage|p2a: Jirachi|354\/404 brn|[from] brn
|turn|22
|
|move|p2a: Jirachi|Thunder Wave|p1a: Chansey
|-status|p1a: Chansey|par
|move|p1a: Chansey|Stealth Rock|p2a: Jirachi
|-sidestart|p2: hpareS|move: Stealth Rock
|
|-heal|p2a: Jirachi|379\/404 brn|[from] item: Leftovers
|-damage|p2a: Jirachi|329\/404 brn|[from] brn
|turn|23
|
|switch|p1a: Rotom-Wash|Rotom-Wash|289\/304
|move|p2a: Jirachi|Iron Head|p1a: Rotom-Wash
|-resisted|p1a: Rotom-Wash
|-damage|p1a: Rotom-Wash|278\/304
|
|-heal|p2a: Jirachi|354\/404 brn|[from] item: Leftovers
|-heal|p1a: Rotom-Wash|297\/304|[from] item: Leftovers
|-damage|p2a: Jirachi|304\/404 brn|[from] brn
|turn|24
|
|move|p2a: Jirachi|Wish|p2a: Jirachi
|move|p1a: Rotom-Wash|Volt Switch|p2a: Jirachi
|-damage|p2a: Jirachi|244\/404 brn
|
|switch|p1a: Talonflame|Talonflame, M|298\/298
|
|-heal|p2a: Jirachi|269\/404 brn|[from] item: Leftovers
|-damage|p2a: Jirachi|219\/404 brn|[from] brn
|turn|25
|
|move|p2a: Jirachi|Protect|p2a: Jirachi
|-singleturn|p2a: Jirachi|Protect
|move|p1a: Talonflame|Swords Dance|p1a: Talonflame
|-boost|p1a: Talonflame|atk|2
|
|-heal|p2a: Jirachi|404\/404 brn|[from] move: Wish|[wisher] Jirachi
|-damage|p2a: Jirachi|354\/404 brn|[from] brn
|turn|26
|c| Doofbi|o god
|
|move|p1a: Talonflame|Flare Blitz|p2a: Jirachi
|-crit|p2a: Jirachi
|-supereffective|p2a: Jirachi
|-damage|p2a: Jirachi|0 fnt
|-damage|p1a: Talonflame|181\/298|[from] recoil|[of] p2a: Jirachi
|faint|p2a: Jirachi
|
|c| Aegislash Returns|RIP
|c| Doofbi|melted jirachi
|
|switch|p2a: Tyranitar|Tyranitar, F|243\/403
|-damage|p2a: Tyranitar|193\/403|[from] Stealth Rock
|-weather|Sandstorm
|turn|27
|
|switch|p1a: Keldeo|Keldeo|283\/323
|move|p2a: Tyranitar|Stone Edge|p1a: Keldeo
|-resisted|p1a: Keldeo
|-damage|p1a: Keldeo|205\/323
|
|-weather|Sandstorm|[upkeep]
|-damage|p1a: Keldeo|185\/323|[from] sandstorm
|turn|28
|
|move|p1a: Keldeo|Scald|p2a: Tyranitar
|-supereffective|p2a: Tyranitar
|-damage|p2a: Tyranitar|0 fnt
|faint|p2a: Tyranitar
|
|-weather|Sandstorm|[upkeep]
|-damage|p1a: Keldeo|165\/323|[from] sandstorm
|
|switch|p2a: Garchomp|Garchomp-Mega, M|223\/357
|-damage|p2a: Garchomp|201\/357|[from] Stealth Rock
|turn|29
|
|switch|p1a: Rotom-Wash|Rotom-Wash|297\/304
|move|p2a: Garchomp|Earthquake|p1a: Rotom-Wash
|-immune|p1a: Rotom-Wash|[msg]
|
|-weather|Sandstorm|[upkeep]
|-damage|p1a: Rotom-Wash|278\/304|[from] sandstorm
|-heal|p1a: Rotom-Wash|297\/304|[from] item: Leftovers
|turn|30
|c|âhpareS|Wtf
|c|âhpareS|I changed the move
|c|âhpareS|Stupid piece of shit
|
|move|p2a: Garchomp|Draco Meteor|p1a: Rotom-Wash|[miss]
|-miss|p2a: Garchomp|p1a: Rotom-Wash
|move|p1a: Rotom-Wash|Will-O-Wisp|p2a: Garchomp
|-status|p2a: Garchomp|brn
|
|-weather|Sandstorm|[upkeep]
|-damage|p1a: Rotom-Wash|278\/304|[from] sandstorm
|-heal|p1a: Rotom-Wash|297\/304|[from] item: Leftovers
|-damage|p2a: Garchomp|157\/357 brn|[from] brn
|turn|31
|c|âHallucination|#rekt
|c|âhpareS|Fuck this team
|c| Aegislash Returns|bright powder rotom OP
|c|âhpareS|I'm deleting it
|c|âHallucination|smart
|
|switch|p1a: Chansey|Chansey, F|457\/662
|move|p2a: Garchomp|Draco Meteor|p1a: Chansey
|-damage|p1a: Chansey|343\/662
|-unboost|p2a: Garchomp|spa|2
|
|-weather|Sandstorm|[upkeep]
|-damage|p1a: Chansey|302\/662|[from] sandstorm
|-damage|p2a: Garchomp|113\/357 brn|[from] brn
|turn|32
|c|âhpareS|Wow
|c|âhpareS|Thanks garchomp
|
|move|p2a: Garchomp|Earthquake|p1a: Chansey
|-damage|p1a: Chansey|0 fnt
|faint|p1a: Chansey
|
|-weather|Sandstorm|[upkeep]
|-damage|p2a: Garchomp|69\/357 brn|[from] brn
|c| Aegislash Returns|ooo not a 6-0!
|c|âHallucination|chansey is useless
|
|switch|p1a: Keldeo|Keldeo|165\/323
|turn|33
|
|move|p1a: Keldeo|Scald|p2a: Garchomp
|-damage|p2a: Garchomp|0 fnt
|faint|p2a: Garchomp
|
|-weather|Sandstorm|[upkeep]
|-damage|p1a: Keldeo|145\/323|[from] sandstorm
|
|switch|p2a: Scizor|Scizor, F|343\/343
|-damage|p2a: Scizor|301\/343|[from] Stealth Rock
|turn|34
|
|move|p2a: Scizor|Bullet Punch|p1a: Keldeo
|-resisted|p1a: Keldeo
|-damage|p1a: Keldeo|41\/323
|move|p1a: Keldeo|Scald|p2a: Scizor
|-damage|p2a: Scizor|43\/343
|
|-weather|none
|turn|35
|
|switch|p1a: Rotom-Wash|Rotom-Wash|297\/304
|move|p2a: Scizor|Bullet Punch|p1a: Rotom-Wash
|-resisted|p1a: Rotom-Wash
|-damage|p1a: Rotom-Wash|258\/304
|
|-heal|p1a: Rotom-Wash|277\/304|[from] item: Leftovers
|turn|36
|c|âhpareS|Nice gg
|
|move|p2a: Scizor|Bullet Punch|p1a: Rotom-Wash
|-crit|p1a: Rotom-Wash
|-resisted|p1a: Rotom-Wash
|-damage|p1a: Rotom-Wash|214\/304
|move|p1a: Rotom-Wash|Volt Switch|p2a: Scizor
|-damage|p2a: Scizor|0 fnt
|faint|p2a: Scizor
|c|âHallucination|gg
|
|switch|p1a: Keldeo|Keldeo|41\/323
|
|
|switch|p2a: Skarmory|Skarmory, M|334\/334
|-damage|p2a: Skarmory|293\/334|[from] Stealth Rock
|turn|37
|
|move|p1a: Keldeo|Hydro Pump|p2a: Skarmory
|-damage|p2a: Skarmory|0 fnt
|faint|p2a: Skarmory
|
|win|Hallucination