|join|Hallucination
|join|SuperBlue
|player|p1|Hallucination|276
|player|p2|SuperBlue|1
|gametype|singles
|gen|6
|tier|OU
|clearpoke
|poke|p1|Swampert, F
|poke|p1|Politoed, M
|poke|p1|Tornadus-Therian, M
|poke|p1|Magnezone
|poke|p1|Starmie
|poke|p1|Ferrothorn, F
|poke|p2|Sharpedo, F
|poke|p2|Landorus-Therian, M
|poke|p2|Rotom-Wash
|poke|p2|Mew
|poke|p2|Thundurus, M
|poke|p2|Togekiss, M
|rule|Swagger Clause: Swagger is banned
|rule|Baton Pass Clause: Limit one PokÃ©mon knowing Baton Pass
|rule|Sleep Clause Mod: Limit one foe put to sleep
|rule|Species Clause: Limit one of each PokÃ©mon
|rule|OHKO Clause: OHKO moves are banned
|rule|Moody Clause: Moody is banned
|rule|Evasion Moves Clause: Evasion moves are banned
|rule|Endless Battle Clause: Forcing endless battles is banned
|rule|HP Percentage Mod: HP is shown in percentages
|teampreview
|
|start
|switch|p1a: Tornadus-Therian|Tornadus-Therian, M|299\/299
|switch|p2a: Rotom-Wash|Rotom-Wash|304\/304
|turn|1
|
|move|p1a: Tornadus-Therian|Knock Off|p2a: Rotom-Wash
|-damage|p2a: Rotom-Wash|226\/304
|-enditem|p2a: Rotom-Wash|Leftovers|[from] move: Knock Off|[of] p1a: Tornadus-Therian
|move|p2a: Rotom-Wash|Will-O-Wisp|p1a: Tornadus-Therian
|-status|p1a: Tornadus-Therian|brn
|
|-damage|p1a: Tornadus-Therian|262\/299 brn|[from] brn
|turn|2
|
|move|p1a: Tornadus-Therian|U-turn|p2a: Rotom-Wash
|-damage|p2a: Rotom-Wash|200\/304
|
|switch|p1a: Magnezone|Magnezone|321\/321
|move|p2a: Rotom-Wash|Volt Switch|p1a: Magnezone
|-resisted|p1a: Magnezone
|-damage|p1a: Magnezone|277\/321
|
|switch|p2a: Landorus-Therian|Landorus-Therian, M|382\/382
|-ability|p2a: Landorus-Therian|Intimidate|[of] p1a: Magnezone
|-unboost|p1a: Magnezone|atk|1
|
|turn|3
|
|switch|p1a: Ferrothorn|Ferrothorn, F|352\/352
|move|p2a: Landorus-Therian|Earthquake|p1a: Ferrothorn
|-damage|p1a: Ferrothorn|255\/352
|
|-heal|p1a: Ferrothorn|277\/352|[from] item: Leftovers
|turn|4
|
|move|p2a: Landorus-Therian|Stealth Rock|p1a: Ferrothorn
|-sidestart|p1: Hallucination|move: Stealth Rock
|move|p1a: Ferrothorn|Stealth Rock|p2a: Landorus-Therian
|-sidestart|p2: SuperBlue|move: Stealth Rock
|
|-heal|p1a: Ferrothorn|299\/352|[from] item: Leftovers
|turn|5
|
|move|p2a: Landorus-Therian|U-turn|p1a: Ferrothorn
|-damage|p1a: Ferrothorn|250\/352
|-damage|p2a: Landorus-Therian|335\/382|[from] ability: Iron Barbs|[of] p1a: Ferrothorn
|
|switch|p2a: Rotom-Wash|Rotom-Wash|200\/304
|-damage|p2a: Rotom-Wash|162\/304|[from] Stealth Rock
|move|p1a: Ferrothorn|Leech Seed|p2a: Rotom-Wash
|-start|p2a: Rotom-Wash|move: Leech Seed
|
|-heal|p1a: Ferrothorn|272\/352|[from] item: Leftovers
|-damage|p2a: Rotom-Wash|124\/304|[from] Leech Seed|[of] p1a: Ferrothorn
|-heal|p1a: Ferrothorn|310\/352|[silent]
|turn|6
|
|move|p2a: Rotom-Wash|Pain Split|p1a: Ferrothorn
|-sethp|p1a: Ferrothorn|217\/352|p2a: Rotom-Wash|217\/304|[from] move: Pain Split
|move|p1a: Ferrothorn|Power Whip|p2a: Rotom-Wash|[miss]
|-miss|p1a: Ferrothorn|p2a: Rotom-Wash
|
|-heal|p1a: Ferrothorn|239\/352|[from] item: Leftovers
|-damage|p2a: Rotom-Wash|179\/304|[from] Leech Seed|[of] p1a: Ferrothorn
|-heal|p1a: Ferrothorn|277\/352|[silent]
|turn|7
|
|move|p1a: Ferrothorn|Protect|p1a: Ferrothorn
|-singleturn|p1a: Ferrothorn|Protect
|move|p2a: Rotom-Wash|Will-O-Wisp|p1a: Ferrothorn
|-activate|p1a: Ferrothorn|Protect
|
|-heal|p1a: Ferrothorn|299\/352|[from] item: Leftovers
|-damage|p2a: Rotom-Wash|141\/304|[from] Leech Seed|[of] p1a: Ferrothorn
|-heal|p1a: Ferrothorn|337\/352|[silent]
|turn|8
|
|move|p2a: Rotom-Wash|Pain Split|p1a: Ferrothorn
|-sethp|p1a: Ferrothorn|239\/352|p2a: Rotom-Wash|239\/304|[from] move: Pain Split
|move|p1a: Ferrothorn|Power Whip|p2a: Rotom-Wash
|-supereffective|p2a: Rotom-Wash
|-damage|p2a: Rotom-Wash|0 fnt
|faint|p2a: Rotom-Wash
|
|-heal|p1a: Ferrothorn|261\/352|[from] item: Leftovers
|
|switch|p2a: Togekiss|Togekiss, M|311\/311
|-damage|p2a: Togekiss|234\/311|[from] Stealth Rock
|turn|9
|
|switch|p1a: Tornadus-Therian|Tornadus-Therian, M|299\/299 brn
|-damage|p1a: Tornadus-Therian|225\/299 brn|[from] Stealth Rock
|move|p2a: Togekiss|Nasty Plot|p2a: Togekiss
|-boost|p2a: Togekiss|spa|2
|
|-heal|p2a: Togekiss|253\/311|[from] item: Leftovers
|-damage|p1a: Tornadus-Therian|188\/299 brn|[from] brn
|turn|10
|
|move|p1a: Tornadus-Therian|Knock Off|p2a: Togekiss
|-crit|p2a: Togekiss
|-resisted|p2a: Togekiss
|-damage|p2a: Togekiss|220\/311
|-enditem|p2a: Togekiss|Leftovers|[from] move: Knock Off|[of] p1a: Tornadus-Therian
|move|p2a: Togekiss|Air Slash|p1a: Tornadus-Therian
|-damage|p1a: Tornadus-Therian|0 fnt
|faint|p1a: Tornadus-Therian
|
|
|switch|p1a: Magnezone|Magnezone|277\/321
|-damage|p1a: Magnezone|257\/321|[from] Stealth Rock
|turn|11
|
|move|p2a: Togekiss|Air Slash|p1a: Magnezone
|-resisted|p1a: Magnezone
|-damage|p1a: Magnezone|181\/321
|move|p1a: Magnezone|Volt Switch|p2a: Togekiss
|-crit|p2a: Togekiss
|-supereffective|p2a: Togekiss
|-damage|p2a: Togekiss|0 fnt
|faint|p2a: Togekiss
|
|switch|p1a: Politoed|Politoed, M|384\/384
|-damage|p1a: Politoed|336\/384|[from] Stealth Rock
|-weather|RainDance
|
|-weather|RainDance|[upkeep]
|
|switch|p2a: Sharpedo|Sharpedo, F|281\/281
|-damage|p2a: Sharpedo|246\/281|[from] Stealth Rock
|turn|12
|
|move|p2a: Sharpedo|Protect|p2a: Sharpedo
|-singleturn|p2a: Sharpedo|Protect
|move|p1a: Politoed|Scald|p2a: Sharpedo
|-activate|p2a: Sharpedo|Protect
|
|-weather|RainDance|[upkeep]
|-boost|p2a: Sharpedo|spe|1|[from] ability: Speed Boost
|turn|13
|
|switch|p1a: Ferrothorn|Ferrothorn, F|261\/352
|-damage|p1a: Ferrothorn|239\/352|[from] Stealth Rock
|detailschange|p2a: Sharpedo|Sharpedo-Mega, F
|message|Sharpedo has Mega Evolved into Mega Sharpedo!
|move|p2a: Sharpedo|Crunch|p1a: Ferrothorn
|-damage|p1a: Ferrothorn|91\/352
|-damage|p2a: Sharpedo|211\/281|[from] ability: Iron Barbs|[of] p1a: Ferrothorn
|
|-weather|RainDance|[upkeep]
|-heal|p1a: Ferrothorn|113\/352|[from] item: Leftovers
|turn|14
|
|move|p2a: Sharpedo|Crunch|p1a: Ferrothorn
|-damage|p1a: Ferrothorn|0 fnt
|-damage|p2a: Sharpedo|176\/281|[from] ability: Iron Barbs|[of] p1a: Ferrothorn
|faint|p1a: Ferrothorn
|
|-weather|RainDance|[upkeep]
|
|switch|p1a: Swampert|Swampert, F|341\/341
|-damage|p1a: Swampert|320\/341|[from] Stealth Rock
|turn|15
|
|detailschange|p1a: Swampert|Swampert-Mega, F
|message|Swampert has Mega Evolved into Mega Swampert!
|move|p2a: Sharpedo|Waterfall|p1a: Swampert
|-damage|p1a: Swampert|88\/341
|move|p1a: Swampert|Earthquake|p2a: Sharpedo
|-damage|p2a: Sharpedo|0 fnt
|faint|p2a: Sharpedo
|
|-weather|RainDance|[upkeep]
|
|switch|p2a: Mew|Mew|404\/404
|-damage|p2a: Mew|354\/404|[from] Stealth Rock
|turn|16
|
|switch|p1a: Magnezone|Magnezone|181\/321
|-damage|p1a: Magnezone|161\/321|[from] Stealth Rock
|move|p2a: Mew|Will-O-Wisp|p1a: Magnezone
|-status|p1a: Magnezone|brn
|
|-weather|RainDance|[upkeep]
|-heal|p2a: Mew|379\/404|[from] item: Leftovers
|-damage|p1a: Magnezone|121\/321 brn|[from] brn
|turn|17
|
|move|p2a: Mew|Soft-Boiled|p2a: Mew
|-heal|p2a: Mew|404\/404
|move|p1a: Magnezone|Flash Cannon|p2a: Mew
|-crit|p2a: Mew
|-damage|p2a: Mew|71\/404
|
|-weather|RainDance|[upkeep]
|-heal|p2a: Mew|96\/404|[from] item: Leftovers
|-damage|p1a: Magnezone|81\/321 brn|[from] brn
|turn|18
|
|move|p2a: Mew|Soft-Boiled|p2a: Mew
|-heal|p2a: Mew|298\/404
|move|p1a: Magnezone|Flash Cannon|p2a: Mew
|-damage|p2a: Mew|48\/404
|
|-weather|none
|-heal|p2a: Mew|73\/404|[from] item: Leftovers
|-damage|p1a: Magnezone|41\/321 brn|[from] brn
|turn|19
|
|move|p2a: Mew|Knock Off|p1a: Magnezone
|-damage|p1a: Magnezone|0 fnt
|-enditem|p1a: Magnezone|Choice Specs|[from] move: Knock Off|[of] p2a: Mew
|faint|p1a: Magnezone
|
|-heal|p2a: Mew|98\/404|[from] item: Leftovers
|
|switch|p1a: Starmie|Starmie|261\/261
|-damage|p1a: Starmie|229\/261|[from] Stealth Rock
|turn|20
|
|move|p1a: Starmie|Hydro Pump|p2a: Mew
|-damage|p2a: Mew|0 fnt
|-damage|p1a: Starmie|203\/261|[from] item: Life Orb
|faint|p2a: Mew
|
|
|switch|p2a: Thundurus|Thundurus, M|299\/299
|-damage|p2a: Thundurus|225\/299|[from] Stealth Rock
|turn|21
|
|move|p1a: Starmie|Ice Beam|p2a: Thundurus
|-supereffective|p2a: Thundurus
|-damage|p2a: Thundurus|0 fnt
|-damage|p1a: Starmie|177\/261|[from] item: Life Orb
|faint|p2a: Thundurus
|
|c|âHallucination|gg
|
|switch|p2a: Landorus-Therian|Landorus-Therian, M|335\/382
|-damage|p2a: Landorus-Therian|288\/382|[from] Stealth Rock
|-ability|p2a: Landorus-Therian|Intimidate|[of] p1a: Starmie
|-unboost|p1a: Starmie|atk|1
|turn|22
|c|âSuperBlue|gg
|
|move|p1a: Starmie|Ice Beam|p2a: Landorus-Therian
|-supereffective|p2a: Landorus-Therian
|-damage|p2a: Landorus-Therian|0 fnt
|-damage|p1a: Starmie|151\/261|[from] item: Life Orb
|faint|p2a: Landorus-Therian
|
|win|Hallucination
|leave|SuperBlue
|player|p2