|join|Hallucination
|join|AlkaliSodium
|player|p1|Hallucination|276
|player|p2|AlkaliSodium|193
|gametype|singles
|gen|6
|tier|OU
|clearpoke
|poke|p1|Lopunny, M
|poke|p1|Bisharp, M
|poke|p1|Landorus-Therian, M
|poke|p1|Talonflame, F
|poke|p1|Latias, F
|poke|p1|Empoleon, F
|poke|p2|Empoleon, F
|poke|p2|Staraptor, F
|poke|p2|Alakazam, M
|poke|p2|Rotom-Wash
|poke|p2|Galvantula, F
|poke|p2|Gliscor, F
|rule|Swagger Clause: Swagger is banned
|rule|Baton Pass Clause: Limit one PokÃ©mon knowing Baton Pass
|rule|Sleep Clause Mod: Limit one foe put to sleep
|rule|Species Clause: Limit one of each PokÃ©mon
|rule|OHKO Clause: OHKO moves are banned
|rule|Moody Clause: Moody is banned
|rule|Evasion Moves Clause: Evasion moves are banned
|rule|Endless Battle Clause: Forcing endless battles is banned
|rule|HP Percentage Mod: HP is shown in percentages
|teampreview
|
|start
|switch|p1a: Lopunny|Lopunny, M|272\/272
|switch|p2a: Gliscor|Gliscor, F|352\/352
|turn|1
|
|detailschange|p1a: Lopunny|Lopunny-Mega, M
|message|Lopunny has Mega Evolved into Mega Lopunny!
|move|p1a: Lopunny|Fake Out|p2a: Gliscor
|-damage|p2a: Gliscor|306\/352
|cant|p2a: Gliscor|flinch
|
|-status|p2a: Gliscor|tox|[from] item: Toxic Orb
|turn|2
|
|switch|p1a: Empoleon|Empoleon, F|372\/372
|move|p2a: Gliscor|Stealth Rock|p1a: Empoleon
|-sidestart|p1: Hallucination|move: Stealth Rock
|
|-heal|p2a: Gliscor|350\/352 tox|[from] ability: Poison Heal
|turn|3
|
|move|p2a: Gliscor|Knock Off|p1a: Empoleon
|-damage|p1a: Empoleon|320\/372
|-enditem|p1a: Empoleon|Leftovers|[from] move: Knock Off|[of] p2a: Gliscor
|move|p1a: Empoleon|Ice Beam|p2a: Gliscor
|-supereffective|p2a: Gliscor
|-damage|p2a: Gliscor|0 fnt
|faint|p2a: Gliscor
|
|
|switch|p2a: Galvantula|Galvantula, F|281\/281
|turn|4
|
|switch|p1a: Landorus-Therian|Landorus-Therian, M|320\/320
|-damage|p1a: Landorus-Therian|280\/320|[from] Stealth Rock
|-ability|p1a: Landorus-Therian|Intimidate|[of] p2a: Galvantula
|-unboost|p2a: Galvantula|atk|1
|move|p2a: Galvantula|Sticky Web|p1a: Landorus-Therian
|-sidestart|p1: Hallucination|move: Sticky Web
|
|turn|5
|
|move|p1a: Landorus-Therian|U-turn|p2a: Galvantula
|-damage|p2a: Galvantula|151\/281
|
|switch|p1a: Lopunny|Lopunny-Mega, M|272\/272
|-activate|p1a: Lopunny|move: Sticky Web
|-unboost|p1a: Lopunny|spe|1
|-damage|p1a: Lopunny|255\/272|[from] Stealth Rock
|move|p2a: Galvantula|Volt Switch|p1a: Lopunny
|-damage|p1a: Lopunny|143\/272
|c|âHallucination|lag
|c|âAlkaliSodium|ikr
|
|switch|p2a: Rotom-Wash|Rotom-Wash|304\/304
|
|turn|6
|
|move|p1a: Lopunny|Fake Out|p2a: Rotom-Wash
|-damage|p2a: Rotom-Wash|252\/304
|cant|p2a: Rotom-Wash|flinch
|
|-heal|p2a: Rotom-Wash|271\/304|[from] item: Leftovers
|turn|7
|
|switch|p1a: Latias|Latias, F|302\/302
|-damage|p1a: Latias|265\/302|[from] Stealth Rock
|move|p2a: Rotom-Wash|Hydro Pump|p1a: Latias
|-resisted|p1a: Latias
|-damage|p1a: Latias|214\/302
|
|-heal|p1a: Latias|232\/302|[from] item: Leftovers
|-heal|p2a: Rotom-Wash|290\/304|[from] item: Leftovers
|turn|8
|
|move|p1a: Latias|Defog|p2a: Rotom-Wash
|-unboost|p2a: Rotom-Wash|evasion|1
|-sideend|p1: Hallucination|Stealth Rock|[from] move: Defog|[of] p1a: Latias
|-sideend|p1: Hallucination|Sticky Web|[from] move: Defog|[of] p1a: Latias
|move|p2a: Rotom-Wash|Volt Switch|p1a: Latias
|-resisted|p1a: Latias
|-damage|p1a: Latias|195\/302
|
|switch|p2a: Alakazam|Alakazam, M|251\/251
|
|-heal|p1a: Latias|213\/302|[from] item: Leftovers
|turn|9
|
|move|p2a: Alakazam|Hidden Power|p1a: Latias
|-supereffective|p1a: Latias
|-damage|p1a: Latias|85\/302
|move|p1a: Latias|Psyshock|p2a: Alakazam
|-resisted|p2a: Alakazam
|-damage|p2a: Alakazam|128\/251
|
|-heal|p1a: Latias|103\/302|[from] item: Leftovers
|turn|10
|
|switch|p1a: Empoleon|Empoleon, F|320\/372
|move|p2a: Alakazam|Hidden Power|p1a: Empoleon
|-resisted|p1a: Empoleon
|-damage|p1a: Empoleon|303\/372
|
|turn|11
|
|move|p2a: Alakazam|Focus Blast|p1a: Empoleon|[miss]
|-miss|p2a: Alakazam|p1a: Empoleon
|move|p1a: Empoleon|Scald|p2a: Alakazam
|-damage|p2a: Alakazam|25\/251
|-status|p2a: Alakazam|brn
|
|turn|12
|c|âAlkaliSodium|wow
|
|move|p2a: Alakazam|Focus Blast|p1a: Empoleon
|-supereffective|p1a: Empoleon
|-damage|p1a: Empoleon|33\/372
|move|p1a: Empoleon|Scald|p2a: Alakazam
|-damage|p2a: Alakazam|0 fnt
|faint|p2a: Alakazam
|
|
|switch|p2a: Galvantula|Galvantula, F|151\/281
|turn|13
|
|move|p2a: Galvantula|Thunder|p1a: Empoleon
|-supereffective|p1a: Empoleon
|-damage|p1a: Empoleon|0 fnt
|faint|p1a: Empoleon
|
|
|switch|p1a: Latias|Latias, F|103\/302
|turn|14
|
|move|p1a: Latias|Psyshock|p2a: Galvantula
|-damage|p2a: Galvantula|0 fnt
|faint|p2a: Galvantula
|
|-heal|p1a: Latias|121\/302|[from] item: Leftovers
|
|switch|p2a: Staraptor|Staraptor, F|311\/311
|turn|15
|
|move|p1a: Latias|Draco Meteor|p2a: Staraptor
|-damage|p2a: Staraptor|14\/311
|-unboost|p1a: Latias|spa|2
|move|p2a: Staraptor|Brave Bird|p1a: Latias
|-damage|p1a: Latias|0 fnt
|-damage|p2a: Staraptor|0 fnt|[from] recoil|[of] p1a: Latias
|faint|p1a: Latias
|faint|p2a: Staraptor
|
|
|switch|p1a: Talonflame|Talonflame, F|317\/317
|switch|p2a: Rotom-Wash|Rotom-Wash|290\/304
|turn|16
|
|move|p1a: Talonflame|Will-O-Wisp|p2a: Rotom-Wash
|-status|p2a: Rotom-Wash|brn
|move|p2a: Rotom-Wash|Pain Split|p1a: Talonflame
|-sethp|p1a: Talonflame|303\/317|p2a: Rotom-Wash|303\/304 brn|[from] move: Pain Split
|
|-heal|p2a: Rotom-Wash|304\/304 brn|[from] item: Leftovers
|-damage|p2a: Rotom-Wash|266\/304 brn|[from] brn
|turn|17
|
|move|p1a: Talonflame|Roost|p1a: Talonflame
|-heal|p1a: Talonflame|317\/317
|move|p2a: Rotom-Wash|Volt Switch|p1a: Talonflame
|-damage|p1a: Talonflame|203\/317
|
|switch|p2a: Empoleon|Empoleon, F|330\/330
|
|turn|18
|
|move|p1a: Talonflame|Flare Blitz|p2a: Empoleon
|-damage|p2a: Empoleon|182\/330
|-damage|p1a: Talonflame|154\/317|[from] recoil|[of] p2a: Empoleon
|move|p2a: Empoleon|Ice Beam|p1a: Talonflame
|-damage|p1a: Talonflame|0 fnt
|faint|p1a: Talonflame
|
|
|switch|p1a: Lopunny|Lopunny-Mega, M|143\/272
|turn|19
|
|move|p1a: Lopunny|High Jump Kick|p2a: Empoleon
|-supereffective|p2a: Empoleon
|-damage|p2a: Empoleon|0 fnt
|faint|p2a: Empoleon
|
|
|switch|p2a: Rotom-Wash|Rotom-Wash|266\/304 brn
|turn|20
|
|move|p1a: Lopunny|Return|p2a: Rotom-Wash
|-damage|p2a: Rotom-Wash|142\/304 brn
|move|p2a: Rotom-Wash|Will-O-Wisp|p1a: Lopunny
|-status|p1a: Lopunny|brn
|
|-heal|p2a: Rotom-Wash|161\/304 brn|[from] item: Leftovers
|-damage|p1a: Lopunny|109\/272 brn|[from] brn
|-damage|p2a: Rotom-Wash|123\/304 brn|[from] brn
|turn|21
|
|switch|p1a: Bisharp|Bisharp, M|282\/282
|move|p2a: Rotom-Wash|Hydro Pump|p1a: Bisharp
|-damage|p1a: Bisharp|95\/282
|
|-heal|p2a: Rotom-Wash|142\/304 brn|[from] item: Leftovers
|-damage|p2a: Rotom-Wash|104\/304 brn|[from] brn
|turn|22
|
|move|p1a: Bisharp|Knock Off|p2a: Rotom-Wash
|-damage|p2a: Rotom-Wash|0 fnt
|-enditem|p2a: Rotom-Wash|Leftovers|[from] move: Knock Off|[of] p1a: Bisharp
|faint|p2a: Rotom-Wash
|
|win|Hallucination
|c|âHallucination|gg
|c|âAlkaliSodium|gg