|join|Hallucination
|join|Zestruh
|player|p1|Hallucination|170
|player|p2|Zestruh|269
|gametype|singles
|gen|6
|tier|OU
|rated
|clearpoke
|poke|p1|Tyranitar, F
|poke|p1|Excadrill, M
|poke|p1|Garchomp, F
|poke|p1|Rotom-Wash
|poke|p1|Keldeo
|poke|p1|Scizor, M
|poke|p2|Altaria, M, shiny
|poke|p2|Dugtrio, M, shiny
|poke|p2|Magnezone
|poke|p2|Heatran, F, shiny
|poke|p2|Keldeo-Resolute
|poke|p2|Mandibuzz, F
|rule|Swagger Clause: Swagger is banned
|rule|Baton Pass Clause: Limit one PokÃ©mon knowing Baton Pass
|rule|Sleep Clause Mod: Limit one foe put to sleep
|rule|Species Clause: Limit one of each PokÃ©mon
|rule|OHKO Clause: OHKO moves are banned
|rule|Moody Clause: Moody is banned
|rule|Evasion Moves Clause: Evasion moves are banned
|rule|Endless Battle Clause: Forcing endless battles is banned
|rule|HP Percentage Mod: HP is shown in percentages
|teampreview
|
|start
|switch|p1a: Keldeo|Keldeo|323\/323
|switch|p2a: Mandy|Mandibuzz, F|423\/423
|turn|1
|
|move|p1a: Keldeo|Scald|p2a: Mandy
|-damage|p2a: Mandy|212\/423
|-status|p2a: Mandy|brn
|move|p2a: Mandy|Toxic|p1a: Keldeo
|-status|p1a: Keldeo|tox
|
|-heal|p2a: Mandy|238\/423 brn|[from] item: Leftovers
|-damage|p1a: Keldeo|303\/323 tox|[from] psn
|-damage|p2a: Mandy|186\/423 brn|[from] brn
|turn|2
|
|switch|p1a: Tyranitar|Tyranitar, F|404\/404
|-weather|Sandstorm
|switch|p2a: My Little Pony|Keldeo-Resolute|323\/323
|
|-weather|Sandstorm|[upkeep]
|-damage|p2a: My Little Pony|303\/323|[from] sandstorm
|turn|3
|
|switch|p1a: Garchomp|Garchomp, F|358\/358
|move|p2a: My Little Pony|Secret Sword|p1a: Garchomp
|-damage|p1a: Garchomp|196\/358
|
|-weather|Sandstorm|[upkeep]
|-damage|p2a: My Little Pony|283\/323|[from] sandstorm
|turn|4
|
|switch|p2a: Tran|Heatran, F, shiny|385\/385
|-item|p2a: Tran|Air Balloon
|move|p1a: Garchomp|Stone Edge|p2a: Tran
|-damage|p2a: Tran|263\/385
|-enditem|p2a: Tran|Air Balloon
|
|-weather|Sandstorm|[upkeep]
|turn|5
|
|switch|p2a: My Little Pony|Keldeo-Resolute|283\/323
|move|p1a: Garchomp|Swords Dance|p1a: Garchomp
|-boost|p1a: Garchomp|atk|2
|
|-weather|Sandstorm|[upkeep]
|-damage|p2a: My Little Pony|263\/323|[from] sandstorm
|turn|6
|
|move|p2a: My Little Pony|Icy Wind|p1a: Garchomp
|-supereffective|p1a: Garchomp
|-damage|p1a: Garchomp|0 fnt
|faint|p1a: Garchomp
|
|-weather|Sandstorm|[upkeep]
|-damage|p2a: My Little Pony|243\/323|[from] sandstorm
|c|âHallucination|damn no luck
|
|switch|p1a: Excadrill|Excadrill, M|362\/362
|turn|7
|c|âZestruh|what were you hoping for?
|c|âHallucination|a miss because im brightveil chomp
|
|switch|p2a: Tran|Heatran, F, shiny|263\/385
|move|p1a: Excadrill|Earthquake|p2a: Tran
|-supereffective|p2a: Tran
|-damage|p2a: Tran|0 fnt
|-damage|p1a: Excadrill|326\/362|[from] item: Life Orb
|faint|p2a: Tran
|
|-weather|Sandstorm|[upkeep]
|c|âZestruh|oh haha
|
|switch|p2a: My Little Pony|Keldeo-Resolute|243\/323
|turn|8
|
|switch|p2a: Mandy|Mandibuzz, F|186\/423 brn
|move|p1a: Excadrill|Earthquake|p2a: Mandy
|-immune|p2a: Mandy|[msg]
|
|-weather|Sandstorm|[upkeep]
|-heal|p2a: Mandy|212\/423 brn|[from] item: Leftovers
|-damage|p2a: Mandy|160\/423 brn|[from] brn
|turn|9
|
|switch|p1a: Rotom-Wash|Rotom-Wash|304\/304
|switch|p2a: Threesome|Dugtrio, M, shiny|211\/211
|
|-weather|none
|turn|10
|
|move|p2a: Threesome|Memento|p1a: Rotom-Wash
|-unboost|p1a: Rotom-Wash|atk|2
|-unboost|p1a: Rotom-Wash|spa|2
|faint|p2a: Threesome
|move|p1a: Rotom-Wash|Volt Switch|p2: Threesome|[notarget]
|-notarget
|
|
|switch|p2a: Mandy|Mandibuzz, F|160\/423 brn
|turn|11
|
|move|p1a: Rotom-Wash|Volt Switch|p2a: Mandy
|-supereffective|p2a: Mandy
|-damage|p2a: Mandy|82\/423 brn
|
|switch|p1a: Tyranitar|Tyranitar, F|404\/404
|-weather|Sandstorm
|move|p2a: Mandy|Roost|p2a: Mandy
|-heal|p2a: Mandy|294\/423 brn
|
|-weather|Sandstorm|[upkeep]
|-heal|p2a: Mandy|320\/423 brn|[from] item: Leftovers
|-damage|p2a: Mandy|268\/423 brn|[from] brn
|turn|12
|
|move|p2a: Mandy|Foul Play|p1a: Tyranitar
|-resisted|p1a: Tyranitar
|-damage|p1a: Tyranitar|364\/404
|move|p1a: Tyranitar|Stealth Rock|p2a: Mandy
|-sidestart|p2: Zestruh|move: Stealth Rock
|
|-weather|Sandstorm|[upkeep]
|-heal|p2a: Mandy|294\/423 brn|[from] item: Leftovers
|-damage|p2a: Mandy|242\/423 brn|[from] brn
|turn|13
|
|move|p2a: Mandy|Roost|p2a: Mandy
|-heal|p2a: Mandy|423\/423 brn
|move|p1a: Tyranitar|Stone Edge|p2a: Mandy|[miss]
|-miss|p1a: Tyranitar|p2a: Mandy
|
|-weather|Sandstorm|[upkeep]
|-damage|p2a: Mandy|371\/423 brn|[from] brn
|turn|14
|
|move|p2a: Mandy|Roost|p2a: Mandy
|-heal|p2a: Mandy|423\/423 brn
|move|p1a: Tyranitar|Stone Edge|p2a: Mandy|[miss]
|-miss|p1a: Tyranitar|p2a: Mandy
|
|-weather|Sandstorm|[upkeep]
|-damage|p2a: Mandy|371\/423 brn|[from] brn
|turn|15
|c|âZestruh|damn
|
|move|p2a: Mandy|Toxic|p1a: Tyranitar|[miss]
|-miss|p2a: Mandy|p1a: Tyranitar
|move|p1a: Tyranitar|Stone Edge|p2a: Mandy
|-supereffective|p2a: Mandy
|-damage|p2a: Mandy|87\/423 brn
|
|-weather|Sandstorm|[upkeep]
|-heal|p2a: Mandy|113\/423 brn|[from] item: Leftovers
|-damage|p2a: Mandy|61\/423 brn|[from] brn
|turn|16
|
|switch|p1a: Keldeo|Keldeo|303\/323 tox
|move|p2a: Mandy|Roost|p2a: Mandy
|-heal|p2a: Mandy|273\/423 brn
|
|-weather|Sandstorm|[upkeep]
|-damage|p1a: Keldeo|283\/323 tox|[from] sandstorm
|-heal|p2a: Mandy|299\/423 brn|[from] item: Leftovers
|-damage|p1a: Keldeo|263\/323 tox|[from] psn
|-damage|p2a: Mandy|247\/423 brn|[from] brn
|turn|17
|
|switch|p2a: Poofy|Altaria, M, shiny|327\/327
|-damage|p2a: Poofy|246\/327|[from] Stealth Rock
|move|p1a: Keldeo|Hydro Pump|p2a: Poofy
|-resisted|p2a: Poofy
|-damage|p2a: Poofy|117\/327
|
|-weather|Sandstorm|[upkeep]
|-damage|p1a: Keldeo|243\/323 tox|[from] sandstorm
|-damage|p2a: Poofy|97\/327|[from] sandstorm
|-damage|p1a: Keldeo|203\/323 tox|[from] psn
|turn|18
|
|detailschange|p2a: Poofy|Altaria-Mega, M, shiny
|-mega|p2a: Poofy|Altaria|Altarianite
|move|p1a: Keldeo|Hydro Pump|p2a: Poofy
|-resisted|p2a: Poofy
|-damage|p2a: Poofy|0 fnt
|faint|p2a: Poofy
|
|-weather|none
|-damage|p1a: Keldeo|143\/323 tox|[from] psn
|
|switch|p2a: My Little Pony|Keldeo-Resolute|243\/323
|-damage|p2a: My Little Pony|223\/323|[from] Stealth Rock
|turn|19
|
|switch|p1a: Tyranitar|Tyranitar, F|364\/404
|-weather|Sandstorm
|move|p2a: My Little Pony|Secret Sword|p1a: Tyranitar
|-supereffective|p1a: Tyranitar
|-damage|p1a: Tyranitar|0 fnt
|faint|p1a: Tyranitar
|
|-weather|Sandstorm|[upkeep]
|-damage|p2a: My Little Pony|203\/323|[from] sandstorm
|
|switch|p1a: Excadrill|Excadrill, M|326\/362
|turn|20
|
|switch|p2a: Mandy|Mandibuzz, F|247\/423 brn
|-damage|p2a: Mandy|142\/423 brn|[from] Stealth Rock
|move|p1a: Excadrill|Earthquake|p2a: Mandy
|-immune|p2a: Mandy|[msg]
|
|-weather|Sandstorm|[upkeep]
|-heal|p2a: Mandy|168\/423 brn|[from] item: Leftovers
|-damage|p2a: Mandy|116\/423 brn|[from] brn
|turn|21
|
|move|p1a: Excadrill|Iron Head|p2a: Mandy
|-damage|p2a: Mandy|0 fnt
|-damage|p1a: Excadrill|290\/362|[from] item: Life Orb
|faint|p2a: Mandy
|
|-weather|Sandstorm|[upkeep]
|c|âHallucination|gg
|c|âZestruh|gg
|
|switch|p2a: Dangerzone|Magnezone|296\/296
|-damage|p2a: Dangerzone|278\/296|[from] Stealth Rock
|turn|22
|
|move|p1a: Excadrill|Earthquake|p2a: Dangerzone
|-supereffective|p2a: Dangerzone
|-damage|p2a: Dangerzone|0 fnt
|-damage|p1a: Excadrill|254\/362|[from] item: Life Orb
|faint|p2a: Dangerzone
|
|-weather|Sandstorm|[upkeep]
|-message|Zestruh forfeited.
|leave|Zestruh
|
|win|Hallucination
|raw|Ladder updating...
|player|p2
|raw|Hallucination's rating: 1577 &rarr; <strong>1588<\/strong><br \/>(+11 for winning)
|raw|Zestruh's rating: 1413 &rarr; <strong>1402<\/strong><br \/>(-11 for losing)