|join|f u bp
|join|Hallucination
|player|p1|f u bp|290
|player|p2|Hallucination|170
|gametype|singles
|gen|6
|tier|OU
|clearpoke
|poke|p1|Heatran, M
|poke|p1|Scizor, M
|poke|p1|Sylveon, M
|poke|p1|Latios, M
|poke|p1|Rotom-Wash
|poke|p1|Landorus-Therian, M
|poke|p2|Latias, F
|poke|p2|Tentacruel, F
|poke|p2|Jirachi
|poke|p2|Chesnaught, M
|poke|p2|Gyarados, F
|poke|p2|Clefable, F
|rule|Swagger Clause: Swagger is banned
|rule|Baton Pass Clause: Limit one PokÃ©mon knowing Baton Pass
|rule|Sleep Clause Mod: Limit one foe put to sleep
|rule|Species Clause: Limit one of each PokÃ©mon
|rule|OHKO Clause: OHKO moves are banned
|rule|Moody Clause: Moody is banned
|rule|Evasion Moves Clause: Evasion moves are banned
|rule|Endless Battle Clause: Forcing endless battles is banned
|rule|HP Percentage Mod: HP is shown in percentages
|teampreview
|c|âHallucination|jk this isnt phil
|c|âHallucination|But this is my newest stall team ^_^
|c|âf u bp|fuck you lol
|c|âHallucination|wanna join the call
|c|âHallucination|o
|c|âHallucination|parallex added u
|c|âHallucination|did u see me vs joseph
|c|âf u bp|I did not!
|c|âHallucination|I definitely linked u
|c|âHallucination|I got revenge for ur major upset against him
|join|reqs boii
|c| reqs boii|battle of the century IMO
|c|âHallucination|This is my aids squad I was talking about
|c|âf u bp|rood
|c| reqs boii|u r an aids squad
|c| reqs boii|#rekt
|c|âHallucination|I lied and said my real squad was my main squad so joseph didnt steal
|
|start
|switch|p1a: Landorus-Therian|Landorus-Therian, M|328\/328
|switch|p2a: Clefable|Clefable, F|394\/394
|-ability|p1a: Landorus-Therian|Intimidate|[of] p2a: Clefable
|-unboost|p2a: Clefable|atk|1
|turn|1
|c| reqs boii|aah nice mindgames hallu
|c| reqs boii|i can respect that
|c|âHallucination|also jolt we hung u up cuz u were staticing all over the place
|c|âHallucination|rejoin when ready
|c| reqs boii|jolt u've been using the same squad for 5 years
|c|âHallucination|but this
|c|âHallucination|this is the true aids squad
|c|âHallucination|Jolts gonna get shit on
|c| reqs boii|hallu
|c| reqs boii|the worst part of talking shit
|c| reqs boii|is talking shit and losing afterwards
|c| reqs boii|u better back this up bwoii
|c|âHallucination|i kno
|c|âHallucination|jolts not ready for the aids squad tho
|c|âHallucination|its aids even if u win
|c|âHallucination|he will never play mons the same way again
|c| reqs boii|LOLOL
|c| reqs boii|im live recording this
|c|âHallucination|do it
|c| reqs boii|jolt u better narrate this
|c| reqs boii|:]
|c|âHallucination|get in call too phil
|c| reqs boii|no
|c| reqs boii|im a kid
|c|âHallucination|ur a kid
|c| reqs boii|maybe next year bud
|c|âHallucination|wtf does that mean
|c| reqs boii|my voice
|c| reqs boii|hallu
|c|âHallucination|im only 16
|c| reqs boii|my voice
|c|âHallucination|Stop being a baby cry
|c|âHallucination|People used to tell me I sounded like a girl all the time
|c| reqs boii|bruh im self conscious
|c| reqs boii|:[
|c| reqs boii|:]
|c|âHallucination|No confidence
|c|âf u bp|I'll be back, gotta restart
|c|âHallucination|U cant beat stall w\/o confidence
|c|âHallucination|kk have fun
|c| reqs boii|i can
|c| reqs boii|:]
|c| reqs boii|hallu's who's better at using stall joseph or u?
|leave|f u bp
|player|p1
|c|âHallucination|josephs coming off a loss to stall w\/ stall breakers
|c|âHallucination|brb
|c| reqs boii|lolololololol
|join|StillTheKing
|c|âHallucination|yo
|c| StillTheKing|yo
|c|âHallucination|jolts taking a long time to restart
|c|âHallucination|hes back
|join|f u bp
|player|p1|f u bp|290
|
|move|p1a: Landorus-Therian|U-turn|p2a: Clefable
|-resisted|p2a: Clefable
|-damage|p2a: Clefable|357\/394
|
|switch|p1a: Heatran|Heatran, M|323\/323
|move|p2a: Clefable|Stealth Rock|p1a: Heatran
|-sidestart|p1: f u bp|move: Stealth Rock
|
|-heal|p2a: Clefable|381\/394|[from] item: Leftovers
|turn|2
|c| reqs boii|aight let's go
|c| reqs boii|good luck to both of u
|c| reqs boii|:]
|
|switch|p2a: Gyarados|Gyarados, F|394\/394
|-ability|p2a: Gyarados|Intimidate|[of] p1a: Heatran
|-unboost|p1a: Heatran|atk|1
|move|p1a: Heatran|Stealth Rock|p2a: Gyarados
|-sidestart|p2: Hallucination|move: Stealth Rock
|
|turn|3
|c| StillTheKing|mama i love you
|c| reqs boii|hallu is that a mega latias?
|c|âHallucination|no
|c| reqs boii|:\
|c|âHallucination|Ofc u stupid retard
|c|âHallucination|its the mega of mega latiases
|c| reqs boii|why r u so angry?
|c| reqs boii|:[[[[[[[[[[[[[[[[[[[[[[[[[[
|c|âHallucination|because how do you not bow down and suck Mega Latiases pussy?
|
|switch|p1a: Rotom-Wash|Rotom-Wash|304\/304
|-damage|p1a: Rotom-Wash|266\/304|[from] Stealth Rock
|switch|p2a: Clefable|Clefable, F|381\/394
|-damage|p2a: Clefable|332\/394|[from] Stealth Rock
|
|-heal|p1a: Rotom-Wash|285\/304|[from] item: Leftovers
|-heal|p2a: Clefable|356\/394|[from] item: Leftovers
|turn|4
|c| reqs boii|im not u
|c| reqs boii|u lick pussE Hallu
|c| reqs boii|u dont suck it
|c|âHallucination|u suck it bro
|c|âHallucination|look up how to suck pussy
|c| reqs boii|ok
|c|âHallucination|and 2 lesbians will show u the proper way
|
|move|p1a: Rotom-Wash|Will-O-Wisp|p2a: Clefable
|-status|p2a: Clefable|brn
|move|p2a: Clefable|Moonblast|p1a: Rotom-Wash
|-damage|p1a: Rotom-Wash|182\/304
|-unboost|p1a: Rotom-Wash|spa|1
|
|-heal|p1a: Rotom-Wash|201\/304|[from] item: Leftovers
|-heal|p2a: Clefable|380\/394 brn|[from] item: Leftovers
|-damage|p2a: Clefable|331\/394 brn|[from] brn
|turn|5
|c| StillTheKing|0.o
|c| reqs boii|thanks hallu
|c|âHallucination|np
|c| reqs boii|now i have so new fap material
|c| reqs boii|:]
|c| reqs boii|some*
|c| StillTheKing|don't forget tele vs pdc at 4 est
|c| StillTheKing|(1 and a half hours)
|c| reqs boii|what the fuck is a tele
|c| reqs boii|???
|c| StillTheKing|no
|
|move|p1a: Rotom-Wash|Volt Switch|p2a: Clefable
|-crit|p2a: Clefable
|-damage|p2a: Clefable|189\/394 brn
|
|switch|p1a: Heatran|Heatran, M|323\/323
|-damage|p1a: Heatran|283\/323|[from] Stealth Rock
|move|p2a: Clefable|Moonlight|p2a: Clefable
|-heal|p2a: Clefable|386\/394 brn
|
|-heal|p1a: Heatran|303\/323|[from] item: Leftovers
|-heal|p2a: Clefable|394\/394 brn|[from] item: Leftovers
|-damage|p2a: Clefable|345\/394 brn|[from] brn
|turn|6
|join|The Parallex
|
|switch|p1a: Rotom-Wash|Rotom-Wash|201\/304
|-damage|p1a: Rotom-Wash|163\/304|[from] Stealth Rock
|switch|p2a: Latias|Latias, F|348\/348
|-damage|p2a: Latias|305\/348|[from] Stealth Rock
|
|-heal|p1a: Rotom-Wash|182\/304|[from] item: Leftovers
|turn|7
|c| The Parallex|Is mayonnaise an instrument?
|
|switch|p1a: Sylveon|Sylveon, M|390\/390
|-damage|p1a: Sylveon|342\/390|[from] Stealth Rock
|detailschange|p2a: Latias|Latias-Mega, F
|-mega|p2a: Latias|Latias|Latiasite
|move|p2a: Latias|Psyshock|p1a: Sylveon
|-damage|p1a: Sylveon|176\/390
|
|-heal|p1a: Sylveon|200\/390|[from] item: Leftovers
|turn|8
|
|switch|p2a: Tentacruel|Tentacruel, F|364\/364
|-damage|p2a: Tentacruel|319\/364|[from] Stealth Rock
|move|p1a: Sylveon|Wish|p1a: Sylveon
|
|-heal|p2a: Tentacruel|341\/364|[from] item: Leftovers
|-heal|p1a: Sylveon|224\/390|[from] item: Leftovers
|turn|9
|
|switch|p1a: Rotom-Wash|Rotom-Wash|182\/304
|-damage|p1a: Rotom-Wash|144\/304|[from] Stealth Rock
|move|p2a: Tentacruel|Toxic Spikes|p1a: Rotom-Wash
|-sidestart|p1: f u bp|move: Toxic Spikes
|
|-heal|p1a: Rotom-Wash|304\/304|[from] move: Wish|[wisher] Sylveon
|-heal|p2a: Tentacruel|363\/364|[from] item: Leftovers
|turn|10
|raw|<div class="broadcast-red"><b>Moderated chat was set to +!<\/b><br \/>Only users of rank + and higher can talk.<\/div>
|
|move|p1a: Rotom-Wash|Volt Switch|p2a: Tentacruel
|-supereffective|p2a: Tentacruel
|-damage|p2a: Tentacruel|225\/364
|
|switch|p1a: Latios|Latios, M|302\/302
|-damage|p1a: Latios|265\/302|[from] Stealth Rock
|move|p2a: Tentacruel|Knock Off|p1a: Latios
|-supereffective|p1a: Latios
|-damage|p1a: Latios|133\/302
|-enditem|p1a: Latios|Choice Scarf|[from] move: Knock Off|[of] p2a: Tentacruel
|
|-heal|p2a: Tentacruel|247\/364|[from] item: Leftovers
|turn|11
The Parallex was promoted to Room Voice by Hallucination.
StillTheKing was promoted to Room Voice by Hallucination.
|c|âHallucination|Hahahahahaha
|
|switch|p2a: Jirachi|Jirachi|404\/404
|-damage|p2a: Jirachi|379\/404|[from] Stealth Rock
|move|p1a: Latios|Trick|p2a: Jirachi
|-activate|p1a: Latios|move: Trick|[of] p2a: Jirachi
|-item|p1a: Latios|Leftovers|[from] move: Trick
|
|-heal|p1a: Latios|151\/302|[from] item: Leftovers
|turn|12
|
|switch|p1a: Rotom-Wash|Rotom-Wash|304\/304
|-damage|p1a: Rotom-Wash|266\/304|[from] Stealth Rock
|move|p2a: Jirachi|Wish|p2a: Jirachi
|
|-heal|p1a: Rotom-Wash|285\/304|[from] item: Leftovers
|turn|13
|
|switch|p2a: Tentacruel|Tentacruel, F|247\/364
|-damage|p2a: Tentacruel|202\/364|[from] Stealth Rock
|move|p1a: Rotom-Wash|Volt Switch|p2a: Tentacruel
|-supereffective|p2a: Tentacruel
|-damage|p2a: Tentacruel|46\/364
|
|switch|p1a: Latios|Latios, M|151\/302
|-damage|p1a: Latios|114\/302|[from] Stealth Rock
|
|-heal|p2a: Tentacruel|248\/364|[from] move: Wish|[wisher] Jirachi
|-heal|p1a: Latios|132\/302|[from] item: Leftovers
|-heal|p2a: Tentacruel|270\/364|[from] item: Leftovers
|turn|14
|
|switch|p2a: Jirachi|Jirachi|379\/404
|-damage|p2a: Jirachi|354\/404|[from] Stealth Rock
|move|p1a: Latios|Psyshock|p2a: Jirachi
|-resisted|p2a: Jirachi
|-damage|p2a: Jirachi|317\/404
|
|-heal|p1a: Latios|150\/302|[from] item: Leftovers
|turn|15
|raw|<div class="broadcast-blue"><b>Moderated chat was disabled!<\/b><br \/>Anyone may talk now.<\/div>
|
|switch|p1a: Landorus-Therian|Landorus-Therian, M|328\/328
|-damage|p1a: Landorus-Therian|287\/328|[from] Stealth Rock
|-ability|p1a: Landorus-Therian|Intimidate|[of] p2a: Jirachi
|-unboost|p2a: Jirachi|atk|1
|move|p2a: Jirachi|Wish|p2a: Jirachi
|
|turn|16
|
|move|p2a: Jirachi|Protect|p2a: Jirachi
|-singleturn|p2a: Jirachi|Protect
|move|p1a: Landorus-Therian|Earthquake|p2a: Jirachi
|-activate|p2a: Jirachi|Protect
|
|-heal|p2a: Jirachi|404\/404|[from] move: Wish|[wisher] Jirachi
|turn|17
|c| reqs boii|:]
|
|switch|p1a: Heatran|Heatran, M|303\/323
|-damage|p1a: Heatran|263\/323|[from] Stealth Rock
|switch|p2a: Chesnaught|Chesnaught, M|380\/380
|-damage|p2a: Chesnaught|357\/380|[from] Stealth Rock
|
|-heal|p1a: Heatran|283\/323|[from] item: Leftovers
|-heal|p2a: Chesnaught|380\/380|[from] item: Leftovers
|turn|18
|
|switch|p2a: Latias|Latias-Mega, F|305\/348
|-damage|p2a: Latias|262\/348|[from] Stealth Rock
|move|p1a: Heatran|Fire Blast|p2a: Latias|[miss]
|-miss|p1a: Heatran|p2a: Latias
|
|-heal|p1a: Heatran|303\/323|[from] item: Leftovers
|turn|19
|
|switch|p1a: Scizor|Scizor, M|343\/343
|-damage|p1a: Scizor|301\/343|[from] Stealth Rock
|move|p2a: Latias|Earthquake|p1a: Scizor
|-damage|p1a: Scizor|249\/343
|
|turn|20
|c| reqs boii|reveal overheat
|c| reqs boii|right now
|
|detailschange|p1a: Scizor|Scizor-Mega, M
|-mega|p1a: Scizor|Scizor|Scizorite
|move|p2a: Latias|Hidden Power|p1a: Scizor
|-supereffective|p1a: Scizor
|-damage|p1a: Scizor|0 fnt
|faint|p1a: Scizor
|
|c| reqs boii|:]
|c|âHallucination|THE AIDS
|c|âHallucination|THE AIDS
|c|+The Parallex|THE AIDS
|c| reqs boii|HE REVEALED OVERHEAT
|c| reqs boii|HE REVELEAD OVERHEAT
|
|switch|p1a: Landorus-Therian|Landorus-Therian, M|287\/328
|-damage|p1a: Landorus-Therian|246\/328|[from] Stealth Rock
|-ability|p1a: Landorus-Therian|Intimidate|[of] p2a: Latias
|-unboost|p2a: Latias|atk|1
|turn|21
|
|move|p1a: Landorus-Therian|U-turn|p2a: Latias
|-supereffective|p2a: Latias
|-damage|p2a: Latias|148\/348
|
|switch|p1a: Latios|Latios, M|150\/302
|-damage|p1a: Latios|113\/302|[from] Stealth Rock
|move|p2a: Latias|Recover|p2a: Latias
|-heal|p2a: Latias|322\/348
|
|-heal|p1a: Latios|131\/302|[from] item: Leftovers
|turn|22
|
|switch|p2a: Jirachi|Jirachi|404\/404
|-damage|p2a: Jirachi|379\/404|[from] Stealth Rock
|move|p1a: Latios|Draco Meteor|p2a: Jirachi
|-resisted|p2a: Jirachi
|-damage|p2a: Jirachi|292\/404
|-unboost|p1a: Latios|spa|2
|
|-heal|p1a: Latios|149\/302|[from] item: Leftovers
|turn|23
|
|switch|p1a: Rotom-Wash|Rotom-Wash|285\/304
|-damage|p1a: Rotom-Wash|247\/304|[from] Stealth Rock
|move|p2a: Jirachi|Wish|p2a: Jirachi
|
|-heal|p1a: Rotom-Wash|266\/304|[from] item: Leftovers
|turn|24
|
|switch|p2a: Tentacruel|Tentacruel, F|270\/364
|-damage|p2a: Tentacruel|225\/364|[from] Stealth Rock
|move|p1a: Rotom-Wash|Will-O-Wisp|p2a: Tentacruel
|-status|p2a: Tentacruel|brn
|
|-heal|p2a: Tentacruel|364\/364 brn|[from] move: Wish|[wisher] Jirachi
|-heal|p1a: Rotom-Wash|285\/304|[from] item: Leftovers
|-damage|p2a: Tentacruel|319\/364 brn|[from] brn
|turn|25
|
|move|p1a: Rotom-Wash|Volt Switch|p2a: Tentacruel
|-supereffective|p2a: Tentacruel
|-damage|p2a: Tentacruel|157\/364 brn
|
|switch|p1a: Heatran|Heatran, M|303\/323
|-damage|p1a: Heatran|263\/323|[from] Stealth Rock
|move|p2a: Tentacruel|Knock Off|p1a: Heatran
|-damage|p1a: Heatran|237\/323
|-enditem|p1a: Heatran|Leftovers|[from] move: Knock Off|[of] p2a: Tentacruel
|
|-heal|p2a: Tentacruel|179\/364 brn|[from] item: Leftovers
|-damage|p2a: Tentacruel|134\/364 brn|[from] brn
|turn|26
|
|move|p1a: Heatran|Fire Blast|p2a: Tentacruel
|-resisted|p2a: Tentacruel
|-damage|p2a: Tentacruel|43\/364 brn
|move|p2a: Tentacruel|Scald|p1a: Heatran
|-supereffective|p1a: Heatran
|-damage|p1a: Heatran|99\/323
|
|-heal|p2a: Tentacruel|65\/364 brn|[from] item: Leftovers
|-damage|p2a: Tentacruel|20\/364 brn|[from] brn
|turn|27
|
|move|p1a: Heatran|Flash Cannon|p2a: Tentacruel
|-resisted|p2a: Tentacruel
|-damage|p2a: Tentacruel|0 fnt
|faint|p2a: Tentacruel
|
|
|switch|p2a: Latias|Latias-Mega, F|322\/348
|-damage|p2a: Latias|279\/348|[from] Stealth Rock
|turn|28
|
|switch|p1a: Latios|Latios, M|149\/302
|-damage|p1a: Latios|112\/302|[from] Stealth Rock
|move|p2a: Latias|Psyshock|p1a: Latios
|-resisted|p1a: Latios
|-damage|p1a: Latios|34\/302
|
|-heal|p1a: Latios|52\/302|[from] item: Leftovers
|turn|29
|
|switch|p2a: Jirachi|Jirachi|292\/404
|-damage|p2a: Jirachi|267\/404|[from] Stealth Rock
|move|p1a: Latios|Defog|p2a: Jirachi
|-unboost|p2a: Jirachi|evasion|1
|-sideend|p2: Hallucination|Stealth Rock|[from] move: Defog|[of] p2a: Jirachi
|-sideend|p1: f u bp|Toxic Spikes|[from] move: Defog|[of] p1a: Latios
|-sideend|p1: f u bp|Stealth Rock|[from] move: Defog|[of] p1a: Latios
|
|-heal|p1a: Latios|70\/302|[from] item: Leftovers
|turn|30
|
|switch|p1a: Rotom-Wash|Rotom-Wash|285\/304
|move|p2a: Jirachi|Wish|p2a: Jirachi
|
|-heal|p1a: Rotom-Wash|304\/304|[from] item: Leftovers
|turn|31
|
|switch|p2a: Clefable|Clefable, F|345\/394 brn
|move|p1a: Rotom-Wash|Volt Switch|p2a: Clefable
|-damage|p2a: Clefable|251\/394 brn
|
|switch|p1a: Heatran|Heatran, M|99\/323
|
|-heal|p2a: Clefable|394\/394 brn|[from] move: Wish|[wisher] Jirachi
|-damage|p2a: Clefable|345\/394 brn|[from] brn
|turn|32
|
|move|p1a: Heatran|Flash Cannon|p2a: Clefable
|-supereffective|p2a: Clefable
|-damage|p2a: Clefable|27\/394 brn
|move|p2a: Clefable|Stealth Rock|p1a: Heatran
|-sidestart|p1: f u bp|move: Stealth Rock
|
|-heal|p2a: Clefable|51\/394 brn|[from] item: Leftovers
|-damage|p2a: Clefable|2\/394 brn|[from] brn
|turn|33
|
|move|p1a: Heatran|Stealth Rock|p2a: Clefable
|-sidestart|p2: Hallucination|move: Stealth Rock
|move|p2a: Clefable|Moonlight|p2a: Clefable
|-heal|p2a: Clefable|199\/394 brn
|
|-heal|p2a: Clefable|223\/394 brn|[from] item: Leftovers
|-damage|p2a: Clefable|174\/394 brn|[from] brn
|turn|34
|
|switch|p2a: Latias|Latias-Mega, F|279\/348
|-damage|p2a: Latias|236\/348|[from] Stealth Rock
|move|p1a: Heatran|Flash Cannon|p2a: Latias
|-damage|p2a: Latias|143\/348
|
|turn|35
|
|switch|p1a: Rotom-Wash|Rotom-Wash|304\/304
|-damage|p1a: Rotom-Wash|266\/304|[from] Stealth Rock
|move|p2a: Latias|Recover|p2a: Latias
|-heal|p2a: Latias|317\/348
|
|-heal|p1a: Rotom-Wash|285\/304|[from] item: Leftovers
|turn|36
|
|move|p2a: Latias|Psyshock|p1a: Rotom-Wash
|-damage|p1a: Rotom-Wash|195\/304
|move|p1a: Rotom-Wash|Volt Switch|p2a: Latias
|-resisted|p2a: Latias
|-damage|p2a: Latias|287\/348
|
|switch|p1a: Sylveon|Sylveon, M|224\/390
|-damage|p1a: Sylveon|176\/390|[from] Stealth Rock
|
|-heal|p1a: Sylveon|200\/390|[from] item: Leftovers
|turn|37
|
|move|p2a: Latias|Psyshock|p1a: Sylveon
|-crit|p1a: Sylveon
|-damage|p1a: Sylveon|0 fnt
|faint|p1a: Sylveon
|
|c|âHallucination|OMG YES LOL
|c|âHallucination|IF U WERE IN THE CALL LMFAO
|
|switch|p1a: Latios|Latios, M|70\/302
|-damage|p1a: Latios|33\/302|[from] Stealth Rock
|turn|38
|leave|reqs boii
|
|switch|p2a: Jirachi|Jirachi|267\/404
|-damage|p2a: Jirachi|242\/404|[from] Stealth Rock
|move|p1a: Latios|Draco Meteor|p2a: Jirachi
|-resisted|p2a: Jirachi
|-damage|p2a: Jirachi|163\/404
|-unboost|p1a: Latios|spa|2
|
|-heal|p1a: Latios|51\/302|[from] item: Leftovers
|turn|39
|
|switch|p1a: Landorus-Therian|Landorus-Therian, M|246\/328
|-damage|p1a: Landorus-Therian|205\/328|[from] Stealth Rock
|-ability|p1a: Landorus-Therian|Intimidate|[of] p2a: Jirachi
|-unboost|p2a: Jirachi|atk|1
|switch|p2a: Chesnaught|Chesnaught, M|380\/380
|-damage|p2a: Chesnaught|357\/380|[from] Stealth Rock
|
|-heal|p2a: Chesnaught|380\/380|[from] item: Leftovers
|turn|40
|
|move|p1a: Landorus-Therian|Toxic|p2a: Chesnaught
|-status|p2a: Chesnaught|tox
|move|p2a: Chesnaught|Leech Seed|p1a: Landorus-Therian
|-start|p1a: Landorus-Therian|move: Leech Seed
|
|-damage|p1a: Landorus-Therian|164\/328|[from] Leech Seed|[of] p2a: Chesnaught
|-damage|p2a: Chesnaught|357\/380 tox|[from] psn
|turn|41
|
|switch|p1a: Heatran|Heatran, M|99\/323
|-damage|p1a: Heatran|59\/323|[from] Stealth Rock
|move|p2a: Chesnaught|Leech Seed|p1a: Heatran
|-start|p1a: Heatran|move: Leech Seed
|
|-heal|p2a: Chesnaught|380\/380 tox|[from] item: Leftovers
|-damage|p1a: Heatran|19\/323|[from] Leech Seed|[of] p2a: Chesnaught
|-damage|p2a: Chesnaught|334\/380 tox|[from] psn
|turn|42
|
|switch|p2a: Gyarados|Gyarados, F|394\/394
|-damage|p2a: Gyarados|296\/394|[from] Stealth Rock
|-ability|p2a: Gyarados|Intimidate|[of] p1a: Heatran
|-unboost|p1a: Heatran|atk|1
|move|p1a: Heatran|Fire Blast|p2a: Gyarados
|-resisted|p2a: Gyarados
|-damage|p2a: Gyarados|197\/394
|
|-heal|p2a: Gyarados|221\/394|[from] item: Leftovers
|-damage|p1a: Heatran|0 fnt|[from] Leech Seed|[of] p2a: Gyarados
|-heal|p2a: Gyarados|240\/394|[silent]
|faint|p1a: Heatran
|
|switch|p1a: Rotom-Wash|Rotom-Wash|195\/304
|-damage|p1a: Rotom-Wash|157\/304|[from] Stealth Rock
|turn|43
|
|move|p1a: Rotom-Wash|Volt Switch|p2a: Gyarados
|-supereffective|p2a: Gyarados
|-damage|p2a: Gyarados|0 fnt
|faint|p2a: Gyarados
|
|switch|p1a: Latios|Latios, M|51\/302
|-damage|p1a: Latios|14\/302|[from] Stealth Rock
|
|-heal|p1a: Latios|32\/302|[from] item: Leftovers
|
|switch|p2a: Jirachi|Jirachi|163\/404
|-damage|p2a: Jirachi|138\/404|[from] Stealth Rock
|turn|44
|
|move|p1a: Latios|Draco Meteor|p2a: Jirachi
|-resisted|p2a: Jirachi
|-damage|p2a: Jirachi|59\/404
|-unboost|p1a: Latios|spa|2
|move|p2a: Jirachi|Iron Head|p1a: Latios
|-damage|p1a: Latios|0 fnt
|faint|p1a: Latios
|
|
|switch|p1a: Landorus-Therian|Landorus-Therian, M|164\/328
|-damage|p1a: Landorus-Therian|123\/328|[from] Stealth Rock
|-ability|p1a: Landorus-Therian|Intimidate|[of] p2a: Jirachi
|-unboost|p2a: Jirachi|atk|1
|turn|45
|
|move|p2a: Jirachi|Protect|p2a: Jirachi
|-singleturn|p2a: Jirachi|Protect
|move|p1a: Landorus-Therian|U-turn|p2a: Jirachi
|-activate|p2a: Jirachi|Protect
|
|turn|46
|
|move|p1a: Landorus-Therian|U-turn|p2a: Jirachi
|-damage|p2a: Jirachi|0 fnt
|faint|p2a: Jirachi
|
|switch|p1a: Rotom-Wash|Rotom-Wash|157\/304
|-damage|p1a: Rotom-Wash|119\/304|[from] Stealth Rock
|
|-heal|p1a: Rotom-Wash|138\/304|[from] item: Leftovers
|
|switch|p2a: Chesnaught|Chesnaught, M|334\/380 tox
|-damage|p2a: Chesnaught|311\/380 tox|[from] Stealth Rock
|turn|47
|
|move|p1a: Rotom-Wash|Pain Split|p2a: Chesnaught
|-sethp|p2a: Chesnaught|224\/380 tox|p1a: Rotom-Wash|224\/304|[from] move: Pain Split
|move|p2a: Chesnaught|Leech Seed|p1a: Rotom-Wash
|-start|p1a: Rotom-Wash|move: Leech Seed
|
|-heal|p1a: Rotom-Wash|243\/304|[from] item: Leftovers
|-heal|p2a: Chesnaught|247\/380 tox|[from] item: Leftovers
|-damage|p1a: Rotom-Wash|205\/304|[from] Leech Seed|[of] p2a: Chesnaught
|-heal|p2a: Chesnaught|285\/380 tox|[silent]
|-damage|p2a: Chesnaught|262\/380 tox|[from] psn
|turn|48
|
|move|p1a: Rotom-Wash|Volt Switch|p2a: Chesnaught
|-resisted|p2a: Chesnaught
|-damage|p2a: Chesnaught|210\/380 tox
|
|switch|p1a: Landorus-Therian|Landorus-Therian, M|123\/328
|-damage|p1a: Landorus-Therian|82\/328|[from] Stealth Rock
|-ability|p1a: Landorus-Therian|Intimidate|[of] p2a: Chesnaught
|-unboost|p2a: Chesnaught|atk|1
|move|p2a: Chesnaught|Drain Punch|p1a: Landorus-Therian
|-resisted|p1a: Landorus-Therian
|-damage|p1a: Landorus-Therian|49\/328
|-heal|p2a: Chesnaught|227\/380 tox|[from] drain|[of] p1a: Landorus-Therian
|
|-heal|p2a: Chesnaught|250\/380 tox|[from] item: Leftovers
|-damage|p2a: Chesnaught|204\/380 tox|[from] psn
|turn|49
|
|move|p2a: Chesnaught|Spiky Shield|p2a: Chesnaught
|-singleturn|p2a: Chesnaught|move: Protect
|move|p1a: Landorus-Therian|U-turn|p2a: Chesnaught
|-activate|p2a: Chesnaught|move: Protect
|-damage|p1a: Landorus-Therian|8\/328|[from] Spiky Shield|[of] p2a: Chesnaught
|
|-heal|p2a: Chesnaught|227\/380 tox|[from] item: Leftovers
|-damage|p2a: Chesnaught|158\/380 tox|[from] psn
|turn|50
|
|move|p1a: Landorus-Therian|U-turn|p2a: Chesnaught
|-damage|p2a: Chesnaught|103\/380 tox
|
|switch|p1a: Rotom-Wash|Rotom-Wash|205\/304
|-damage|p1a: Rotom-Wash|167\/304|[from] Stealth Rock
|move|p2a: Chesnaught|Leech Seed|p1a: Rotom-Wash
|-start|p1a: Rotom-Wash|move: Leech Seed
|
|-heal|p1a: Rotom-Wash|186\/304|[from] item: Leftovers
|-heal|p2a: Chesnaught|126\/380 tox|[from] item: Leftovers
|-damage|p1a: Rotom-Wash|148\/304|[from] Leech Seed|[of] p2a: Chesnaught
|-heal|p2a: Chesnaught|164\/380 tox|[silent]
|-damage|p2a: Chesnaught|72\/380 tox|[from] psn
|turn|51
|
|switch|p2a: Clefable|Clefable, F|174\/394 brn
|-damage|p2a: Clefable|125\/394 brn|[from] Stealth Rock
|move|p1a: Rotom-Wash|Hydro Pump|p2a: Clefable
|-crit|p2a: Clefable
|-damage|p2a: Clefable|0 fnt
|faint|p2a: Clefable
|
|-heal|p1a: Rotom-Wash|167\/304|[from] item: Leftovers
|
|switch|p2a: Latias|Latias-Mega, F|287\/348
|-damage|p2a: Latias|244\/348|[from] Stealth Rock
|turn|52
|
|switch|p1a: Landorus-Therian|Landorus-Therian, M|8\/328
|-damage|p1a: Landorus-Therian|0 fnt|[from] Stealth Rock
|faint|p1a: Landorus-Therian
|move|p2a: Latias|Psyshock|p1: Landorus-Therian|[notarget]
|-notarget
|
|
|switch|p1a: Rotom-Wash|Rotom-Wash|167\/304
|-damage|p1a: Rotom-Wash|129\/304|[from] Stealth Rock
|turn|53
|
|move|p2a: Latias|Psyshock|p1a: Rotom-Wash
|-damage|p1a: Rotom-Wash|35\/304
|move|p1a: Rotom-Wash|Pain Split|p2a: Latias
|-sethp|p2a: Latias|139\/348|p1a: Rotom-Wash|139\/304|[from] move: Pain Split
|
|-heal|p1a: Rotom-Wash|158\/304|[from] item: Leftovers
|turn|54
|join|reqs boii
|c| reqs boii|aaah im back niggas
|c|âHallucination|wb
|c|âHallucination|witness the legendary win
|c| reqs boii|nice hallu
|c|âf u bp|such hax -.-
|c| reqs boii|this is looking like an easy snackwrap
|
|move|p2a: Latias|Psyshock|p1a: Rotom-Wash
|-crit|p1a: Rotom-Wash
|-damage|p1a: Rotom-Wash|28\/304
|move|p1a: Rotom-Wash|Hydro Pump|p2a: Latias
|-resisted|p2a: Latias
|-damage|p2a: Latias|88\/348
|
|-heal|p1a: Rotom-Wash|47\/304|[from] item: Leftovers
|turn|55
|c| reqs boii|Rotom-Wash used Hydro Pump!
|c| reqs boii|A critical hit! The opposing Clefable lost 32% of its health!
|c|âf u bp|so luckE and bad
|
|move|p2a: Latias|Psyshock|p1a: Rotom-Wash
|-damage|p1a: Rotom-Wash|0 fnt
|faint|p1a: Rotom-Wash
|
|win|Hallucination
|leave|f u bp
|player|p1
|c| reqs boii|HALLU SAVE THE REPLAY
|c| reqs boii|THE LOGS