|join|Hallucination
|join|Turducken64
|player|p1|Hallucination|1
|player|p2|Turducken64|10
|gametype|singles
|gen|6
|tier|OU
|rated
|clearpoke
|poke|p1|Amoonguss, M
|poke|p1|Gothitelle, F
|poke|p1|Scizor, M
|poke|p1|Rotom-Wash
|poke|p1|Landorus, M
|poke|p1|Hippowdon, M
|poke|p2|Sceptile, F
|poke|p2|Diggersby, M
|poke|p2|Sylveon, M
|poke|p2|Keldeo
|poke|p2|Zapdos
|poke|p2|Heatran, M
|rule|Swagger Clause: Swagger is banned
|rule|Baton Pass Clause: Limit one PokÃ©mon knowing Baton Pass
|rule|Sleep Clause Mod: Limit one foe put to sleep
|rule|Species Clause: Limit one of each PokÃ©mon
|rule|OHKO Clause: OHKO moves are banned
|rule|Moody Clause: Moody is banned
|rule|Evasion Moves Clause: Evasion moves are banned
|rule|Endless Battle Clause: Forcing endless battles is banned
|rule|HP Percentage Mod: HP is shown in percentages
|teampreview
|
|start
|switch|p1a: Gothitelle|Gothitelle, F|303\/303
|switch|p2a: Diggersby|Diggersby, M|311\/311
|turn|1
|
|move|p2a: Diggersby|U-turn|p1a: Gothitelle
|-supereffective|p1a: Gothitelle
|-damage|p1a: Gothitelle|149\/303
|
|switch|p2a: Sceptile|Sceptile, F|281\/281
|move|p1a: Gothitelle|Trick|p2a: Sceptile
|-fail|p2a: Sceptile
|
|turn|2
|
|switch|p1a: Amoonguss|Amoonguss, M|432\/432
|detailschange|p2a: Sceptile|Sceptile-Mega, F
|-mega|p2a: Sceptile|Sceptile|Sceptilite
|move|p2a: Sceptile|Earthquake|p1a: Amoonguss
|-damage|p1a: Amoonguss|337\/432
|
|turn|3
|
|switch|p2a: Heatran|Heatran, M|337\/337
|switch|p1a: Hippowdon|Hippowdon, M|420\/420
|-weather|Sandstorm
|
|-weather|Sandstorm|[upkeep]
|turn|4
|
|move|p2a: Heatran|Will-O-Wisp|p1a: Hippowdon
|-status|p1a: Hippowdon|brn
|move|p1a: Hippowdon|Stealth Rock|p2a: Heatran
|-sidestart|p2: Turducken64|move: Stealth Rock
|
|-weather|Sandstorm|[upkeep]
|-damage|p1a: Hippowdon|368\/420 brn|[from] brn
|turn|5
|
|switch|p2a: Zapdos|Zapdos|383\/383
|-damage|p2a: Zapdos|288\/383|[from] Stealth Rock
|-ability|p2a: Zapdos|Pressure
|switch|p1a: Gothitelle|Gothitelle, F|149\/303
|
|-weather|Sandstorm|[upkeep]
|-damage|p1a: Gothitelle|131\/303|[from] sandstorm
|-damage|p2a: Zapdos|265\/383|[from] sandstorm
|-heal|p2a: Zapdos|288\/383|[from] item: Leftovers
|turn|6
|
|move|p1a: Gothitelle|Trick|p2a: Zapdos
|-activate|p1a: Gothitelle|move: Trick|[of] p2a: Zapdos
|-item|p2a: Zapdos|Choice Scarf|[from] move: Trick
|-item|p1a: Gothitelle|Leftovers|[from] move: Trick
|move|p2a: Zapdos|Volt Switch|p1a: Gothitelle
|-damage|p1a: Gothitelle|40\/303
|
|switch|p2a: Diggersby|Diggersby, M|311\/311
|-damage|p2a: Diggersby|292\/311|[from] Stealth Rock
|
|-weather|Sandstorm|[upkeep]
|-damage|p1a: Gothitelle|22\/303|[from] sandstorm
|-heal|p1a: Gothitelle|40\/303|[from] item: Leftovers
|turn|7
|
|switch|p1a: Scizor|Scizor, M|343\/343
|move|p2a: Diggersby|U-turn|p1a: Scizor
|-resisted|p1a: Scizor
|-damage|p1a: Scizor|302\/343
|
|switch|p2a: Heatran|Heatran, M|337\/337
|-damage|p2a: Heatran|295\/337|[from] Stealth Rock
|
|-weather|none
|-heal|p2a: Heatran|316\/337|[from] item: Leftovers
|turn|8
|
|switch|p1a: Gothitelle|Gothitelle, F|40\/303
|move|p2a: Heatran|Lava Plume|p1a: Gothitelle
|-damage|p1a: Gothitelle|0 fnt
|faint|p1a: Gothitelle
|
|-heal|p2a: Heatran|337\/337|[from] item: Leftovers
|
|switch|p1a: Landorus|Landorus, M|319\/319
|turn|9
|
|switch|p2a: Zapdos|Zapdos|288\/383
|-damage|p2a: Zapdos|193\/383|[from] Stealth Rock
|-ability|p2a: Zapdos|Pressure
|move|p1a: Landorus|Rock Polish|p1a: Landorus
|-boost|p1a: Landorus|spe|2
|
|turn|10
|
|move|p1a: Landorus|Sludge Wave|p2a: Zapdos
|-damage|p2a: Zapdos|0 fnt
|faint|p2a: Zapdos
|
|
|switch|p2a: Keldeo|Keldeo|323\/323
|-damage|p2a: Keldeo|303\/323|[from] Stealth Rock
|turn|11
|
|move|p1a: Landorus|Psychic|p2a: Keldeo
|-supereffective|p2a: Keldeo
|-damage|p2a: Keldeo|0 fnt
|faint|p2a: Keldeo
|
|-message|Turducken64 forfeited.
|leave|Turducken64
|
|win|Hallucination
|raw|Ladder updating...
|player|p2