|join|goodyblooming
|join|Hallucination
|player|p1|goodyblooming|1
|player|p2|Hallucination|170
|gametype|singles
|gen|6
|tier|OU
|rated
|clearpoke
|poke|p1|Serperior, M, shiny
|poke|p1|Gyarados, M
|poke|p1|Talonflame, F
|poke|p1|Bisharp, F
|poke|p1|Aerodactyl, F
|poke|p1|Latias, F
|poke|p2|Tyranitar, F
|poke|p2|Amoonguss, F
|poke|p2|Charizard, F
|poke|p2|Chansey, F
|poke|p2|Skarmory, M
|poke|p2|Clefable, F
|rule|Swagger Clause: Swagger is banned
|rule|Baton Pass Clause: Limit one PokÃ©mon knowing Baton Pass
|rule|Sleep Clause Mod: Limit one foe put to sleep
|rule|Species Clause: Limit one of each PokÃ©mon
|rule|OHKO Clause: OHKO moves are banned
|rule|Moody Clause: Moody is banned
|rule|Evasion Moves Clause: Evasion moves are banned
|rule|Endless Battle Clause: Forcing endless battles is banned
|rule|HP Percentage Mod: HP is shown in percentages
|teampreview
|
|start
|switch|p1a: Aerodactyl|Aerodactyl, F|301\/301
|switch|p2a: Tyranitar|Tyranitar, F|404\/404
|-ability|p1a: Aerodactyl|Pressure
|-weather|Sandstorm
|turn|1
|
|move|p1a: Aerodactyl|Stealth Rock|p2a: Tyranitar
|-sidestart|p2: Hallucination|move: Stealth Rock
|move|p2a: Tyranitar|Stone Edge|p1a: Aerodactyl
|-supereffective|p1a: Aerodactyl
|-enditem|p1a: Aerodactyl|Focus Sash
|-damage|p1a: Aerodactyl|1\/301
|
|-weather|Sandstorm|[upkeep]
|turn|2
|
|move|p1a: Aerodactyl|Taunt|p2a: Tyranitar
|-start|p2a: Tyranitar|move: Taunt
|cant|p2a: Tyranitar|move: Taunt|Stealth Rock
|
|-weather|Sandstorm|[upkeep]
|turn|3
|
|move|p1a: Aerodactyl|Rock Slide|p2a: Tyranitar
|-damage|p2a: Tyranitar|331\/404
|cant|p2a: Tyranitar|flinch
|
|-weather|Sandstorm|[upkeep]
|-heal|p2a: Tyranitar|356\/404|[from] item: Leftovers
|turn|4
|
|move|p1a: Aerodactyl|Rock Slide|p2a: Tyranitar
|-damage|p2a: Tyranitar|280\/404
|move|p2a: Tyranitar|Pursuit|p1a: Aerodactyl
|-damage|p1a: Aerodactyl|0 fnt
|faint|p1a: Aerodactyl
|
|-weather|Sandstorm|[upkeep]
|-heal|p2a: Tyranitar|305\/404|[from] item: Leftovers
|-end|p2a: Tyranitar|move: Taunt
|
|switch|p1a: Bisharp|Bisharp, F|272\/272
|turn|5
|
|switch|p2a: Amoonguss|Amoonguss, F|432\/432
|-damage|p2a: Amoonguss|378\/432|[from] Stealth Rock
|move|p1a: Bisharp|Iron Head|p2a: Amoonguss
|-damage|p2a: Amoonguss|231\/432
|
|-weather|none
|-heal|p2a: Amoonguss|258\/432|[from] item: Black Sludge
|turn|6
|
|move|p1a: Bisharp|Knock Off|p2a: Amoonguss
|-damage|p2a: Amoonguss|74\/432
|-enditem|p2a: Amoonguss|Black Sludge|[from] move: Knock Off|[of] p1a: Bisharp
|move|p2a: Amoonguss|Spore|p1a: Bisharp
|-status|p1a: Bisharp|slp
|
|turn|7
|
|switch|p2a: Charizard|Charizard, F|359\/359
|-damage|p2a: Charizard|180\/359|[from] Stealth Rock
|cant|p1a: Bisharp|slp
|
|turn|8
|
|switch|p1a: Talonflame|Talonflame, F|327\/327
|detailschange|p2a: Charizard|Charizard-Mega-Y, F
|-mega|p2a: Charizard|Charizard|Charizardite Y
|-weather|SunnyDay
|move|p2a: Charizard|Roost|p2a: Charizard
|-heal|p2a: Charizard|359\/359
|
|-weather|SunnyDay|[upkeep]
|turn|9
|
|switch|p2a: Skarmory|Skarmory, M|333\/333
|-damage|p2a: Skarmory|292\/333|[from] Stealth Rock
|move|p1a: Talonflame|Brave Bird|p2a: Skarmory
|-resisted|p2a: Skarmory
|-damage|p2a: Skarmory|240\/333
|-damage|p1a: Talonflame|310\/327|[from] recoil|[of] p2a: Skarmory
|
|-weather|SunnyDay|[upkeep]
|turn|10
|
|move|p1a: Talonflame|Flare Blitz|p2a: Skarmory
|-supereffective|p2a: Skarmory
|-damage|p2a: Skarmory|0 fnt
|-damage|p1a: Talonflame|231\/327|[from] recoil|[of] p2a: Skarmory
|faint|p2a: Skarmory
|
|-weather|SunnyDay|[upkeep]
|
|switch|p2a: Tyranitar|Tyranitar, F|305\/404
|-damage|p2a: Tyranitar|255\/404|[from] Stealth Rock
|-weather|Sandstorm
|turn|11
|
|switch|p1a: Serperior|Serperior, M, shiny|291\/291
|move|p2a: Tyranitar|Stealth Rock|p1a: Serperior
|-sidestart|p1: goodyblooming|move: Stealth Rock
|
|-weather|Sandstorm|[upkeep]
|-damage|p1a: Serperior|273\/291|[from] sandstorm
|-heal|p2a: Tyranitar|280\/404|[from] item: Leftovers
|turn|12
|
|switch|p2a: Amoonguss|Amoonguss, F|218\/432
|-damage|p2a: Amoonguss|164\/432|[from] Stealth Rock
|move|p1a: Serperior|Leaf Storm|p2a: Amoonguss
|-resisted|p2a: Amoonguss
|-damage|p2a: Amoonguss|100\/432
|-boost|p1a: Serperior|spa|2
|-damage|p1a: Serperior|244\/291|[from] item: Life Orb
|
|-weather|Sandstorm|[upkeep]
|-damage|p1a: Serperior|226\/291|[from] sandstorm
|-damage|p2a: Amoonguss|73\/432|[from] sandstorm
|turn|13
|
|switch|p2a: Chansey|Chansey, F|642\/642
|-damage|p2a: Chansey|562\/642|[from] Stealth Rock
|move|p1a: Serperior|Dragon Pulse|p2a: Chansey
|-damage|p2a: Chansey|466\/642
|-damage|p1a: Serperior|197\/291|[from] item: Life Orb
|
|-weather|Sandstorm|[upkeep]
|-damage|p1a: Serperior|179\/291|[from] sandstorm
|-damage|p2a: Chansey|426\/642|[from] sandstorm
|turn|14
|
|move|p1a: Serperior|Leaf Storm|p2a: Chansey
|-damage|p2a: Chansey|219\/642
|-boost|p1a: Serperior|spa|2
|-damage|p1a: Serperior|150\/291|[from] item: Life Orb
|move|p2a: Chansey|Soft-Boiled|p2a: Chansey
|-heal|p2a: Chansey|540\/642
|
|-weather|Sandstorm|[upkeep]
|-damage|p1a: Serperior|132\/291|[from] sandstorm
|-damage|p2a: Chansey|500\/642|[from] sandstorm
|turn|15
|
|move|p1a: Serperior|Synthesis|p1a: Serperior
|-heal|p1a: Serperior|205\/291
|move|p2a: Chansey|Soft-Boiled|p2a: Chansey
|-heal|p2a: Chansey|642\/642
|
|-weather|none
|turn|16
|
|move|p1a: Serperior|Leaf Storm|p2a: Chansey
|-damage|p2a: Chansey|301\/642
|-boost|p1a: Serperior|spa|2
|-damage|p1a: Serperior|176\/291|[from] item: Life Orb
|move|p2a: Chansey|Toxic|p1a: Serperior
|-status|p1a: Serperior|tox
|
|-damage|p1a: Serperior|158\/291 tox|[from] psn
|turn|17
|
|move|p1a: Serperior|Leaf Storm|p2a: Chansey
|-damage|p2a: Chansey|0 fnt
|-damage|p1a: Serperior|129\/291 tox|[from] item: Life Orb
|faint|p2a: Chansey
|
|-damage|p1a: Serperior|93\/291 tox|[from] psn
|
|switch|p2a: Clefable|Clefable, F|393\/393
|-damage|p2a: Clefable|344\/393|[from] Stealth Rock
|turn|18
|
|move|p1a: Serperior|Leaf Storm|p2a: Clefable
|-damage|p2a: Clefable|102\/393
|-damage|p1a: Serperior|64\/291 tox|[from] item: Life Orb
|move|p2a: Clefable|Wish|p2a: Clefable
|
|-heal|p2a: Clefable|126\/393|[from] item: Leftovers
|-damage|p1a: Serperior|10\/291 tox|[from] psn
|turn|19
|
|move|p2a: Clefable|Protect|p2a: Clefable
|-singleturn|p2a: Clefable|Protect
|move|p1a: Serperior|Synthesis|p1a: Serperior
|-heal|p1a: Serperior|155\/291 tox
|
|-heal|p2a: Clefable|322\/393|[from] move: Wish|[wisher] Clefable
|-heal|p2a: Clefable|346\/393|[from] item: Leftovers
|-damage|p1a: Serperior|83\/291 tox|[from] psn
|turn|20
|
|move|p1a: Serperior|Leaf Storm|p2a: Clefable|[miss]
|-miss|p1a: Serperior|p2a: Clefable
|move|p2a: Clefable|Wish|p2a: Clefable
|
|-heal|p2a: Clefable|370\/393|[from] item: Leftovers
|-damage|p1a: Serperior|0 fnt|[from] psn
|faint|p1a: Serperior
|c|âgoodyblooming|xd
|
|switch|p1a: Latias|Latias, F|301\/301
|-damage|p1a: Latias|264\/301|[from] Stealth Rock
|turn|21
|c|âHallucination|spamming leaf storm smh
|
|switch|p2a: Tyranitar|Tyranitar, F|280\/404
|-damage|p2a: Tyranitar|230\/404|[from] Stealth Rock
|-weather|Sandstorm
|move|p1a: Latias|Defog|p2a: Tyranitar
|-unboost|p2a: Tyranitar|evasion|1
|-sideend|p2: Hallucination|Stealth Rock|[from] move: Defog|[of] p2a: Tyranitar
|-sideend|p1: goodyblooming|Stealth Rock|[from] move: Defog|[of] p1a: Latias
|
|-weather|Sandstorm|[upkeep]
|-damage|p1a: Latias|246\/301|[from] sandstorm
|-heal|p2a: Tyranitar|404\/404|[from] move: Wish|[wisher] Clefable
|turn|22
|
|move|p1a: Latias|Healing Wish|p1a: Latias
|faint|p1a: Latias
|move|p2a: Tyranitar|Stealth Rock|p1: Latias
|-sidestart|p1: goodyblooming|move: Stealth Rock
|
|-weather|Sandstorm|[upkeep]
|c|âgoodyblooming|oh ok
|
|switch|p1a: Bisharp|Bisharp, F|272\/272 slp
|-heal|p1a: Bisharp|272\/272|[from] move: Healing Wish
|-damage|p1a: Bisharp|255\/272|[from] Stealth Rock
|turn|23
|
|switch|p2a: Charizard|Charizard-Mega-Y, F|359\/359
|-weather|SunnyDay
|move|p1a: Bisharp|Iron Head|p2a: Charizard
|-resisted|p2a: Charizard
|-damage|p2a: Charizard|290\/359
|
|-weather|SunnyDay|[upkeep]
|turn|24
|c|âgoodyblooming|SD bro
|c|âgoodyblooming|nice superpower, eq
|c|âHallucination|sd bro go for it
|c|âgoodyblooming|<3
|c|âgoodyblooming|nice switch
|c|âgoodyblooming|bro
|c|âgoodyblooming|:)
|c|âgoodyblooming|high ladder
|c|âHallucination|ty
|
|switch|p1a: Talonflame|Talonflame, F|231\/327
|-damage|p1a: Talonflame|68\/327|[from] Stealth Rock
|move|p2a: Charizard|Flamethrower|p1a: Talonflame
|-resisted|p1a: Talonflame
|-damage|p1a: Talonflame|0 fnt
|faint|p1a: Talonflame
|
|-weather|SunnyDay|[upkeep]
|
|switch|p1a: Gyarados|Gyarados, M|331\/331
|-damage|p1a: Gyarados|249\/331|[from] Stealth Rock
|-ability|p1a: Gyarados|Intimidate|[of] p2a: Charizard
|-unboost|p2a: Charizard|atk|1
|turn|25
|
|switch|p2a: Clefable|Clefable, F|370\/393
|move|p1a: Gyarados|Dragon Dance|p1a: Gyarados
|-boost|p1a: Gyarados|atk|1
|-boost|p1a: Gyarados|spe|1
|
|-weather|SunnyDay|[upkeep]
|-heal|p2a: Clefable|393\/393|[from] item: Leftovers
|turn|26
|
|move|p1a: Gyarados|Earthquake|p2a: Clefable
|-damage|p2a: Clefable|290\/393
|move|p2a: Clefable|Toxic|p1a: Gyarados
|-status|p1a: Gyarados|tox
|
|-weather|SunnyDay|[upkeep]
|-heal|p2a: Clefable|314\/393|[from] item: Leftovers
|-damage|p1a: Gyarados|229\/331 tox|[from] psn
|turn|27
|c|âHallucination|gg
|c|âgoodyblooming|no gg
|c|âgoodyblooming|:)
|c|âHallucination|ok bg
|c|âgoodyblooming|SD Bisharp is gg, noob
|c|âgoodyblooming|o.o
|
|move|p1a: Gyarados|Waterfall|p2a: Clefable
|-damage|p2a: Clefable|254\/393
|move|p2a: Clefable|Wish|p2a: Clefable
|
|-weather|none
|-heal|p2a: Clefable|278\/393|[from] item: Leftovers
|-damage|p1a: Gyarados|189\/331 tox|[from] psn
|turn|28
|c|âgoodyblooming|Serperior is gg +4
|c|âgoodyblooming|o.o
|c|âgoodyblooming|nice miss
|
|detailschange|p1a: Gyarados|Gyarados-Mega, M
|-mega|p1a: Gyarados|Gyarados|Gyaradosite
|-ability|p1a: Gyarados|Mold Breaker
|move|p1a: Gyarados|Waterfall|p2a: Clefable
|-damage|p2a: Clefable|58\/393
|move|p2a: Clefable|Moonblast|p1a: Gyarados
|-supereffective|p1a: Gyarados
|-damage|p1a: Gyarados|31\/331 tox
|
|-heal|p2a: Clefable|254\/393|[from] move: Wish|[wisher] Clefable
|-heal|p2a: Clefable|278\/393|[from] item: Leftovers
|-damage|p1a: Gyarados|0 fnt|[from] psn
|faint|p1a: Gyarados
|
|switch|p1a: Bisharp|Bisharp, F|255\/272
|-damage|p1a: Bisharp|238\/272|[from] Stealth Rock
|turn|29
|
|switch|p2a: Charizard|Charizard-Mega-Y, F|290\/359
|-weather|SunnyDay
|move|p1a: Bisharp|Swords Dance|p1a: Bisharp
|-boost|p1a: Bisharp|atk|2
|
|-weather|SunnyDay|[upkeep]
|turn|30
|
|move|p1a: Bisharp|Knock Off|p2a: Charizard
|-damage|p2a: Charizard|22\/359
|move|p2a: Charizard|Will-O-Wisp|p1a: Bisharp
|-status|p1a: Bisharp|brn
|
|-weather|SunnyDay|[upkeep]
|-damage|p1a: Bisharp|204\/272 brn|[from] brn
|turn|31
|c|âHallucination|gg
|c|âgoodyblooming|xdddddddddddddddddd
|c|âgoodyblooming|no gg man
|
|switch|p2a: Amoonguss|Amoonguss, F|217\/432
|move|p1a: Bisharp|Iron Head|p2a: Amoonguss
|-damage|p2a: Amoonguss|67\/432
|
|-weather|SunnyDay|[upkeep]
|-damage|p1a: Bisharp|170\/272 brn|[from] brn
|turn|32
|
|switch|p2a: Charizard|Charizard-Mega-Y, F|22\/359
|move|p1a: Bisharp|Iron Head|p2a: Charizard
|-resisted|p2a: Charizard
|-damage|p2a: Charizard|0 fnt
|faint|p2a: Charizard
|
|-weather|SunnyDay|[upkeep]
|-damage|p1a: Bisharp|136\/272 brn|[from] brn
|c|âgoodyblooming|nice random stalleo
|c|âHallucination|ok
|
|switch|p2a: Clefable|Clefable, F|278\/393
|turn|33
|c|âHallucination|SD here
|c|âHallucination|SD to plus 4
|
|move|p2a: Clefable|Protect|p2a: Clefable
|-singleturn|p2a: Clefable|Protect
|move|p1a: Bisharp|Iron Head|p2a: Clefable
|-activate|p2a: Clefable|Protect
|
|-weather|none
|-heal|p2a: Clefable|302\/393|[from] item: Leftovers
|-damage|p1a: Bisharp|102\/272 brn|[from] brn
|turn|34
|c|âHallucination|watch clef give no shits about a bisharp rn
|
|move|p1a: Bisharp|Iron Head|p2a: Clefable
|-supereffective|p2a: Clefable
|-damage|p2a: Clefable|158\/393
|move|p2a: Clefable|Wish|p2a: Clefable
|
|-heal|p2a: Clefable|182\/393|[from] item: Leftovers
|-damage|p1a: Bisharp|68\/272 brn|[from] brn
|turn|35
|c|âHallucination|lololol
|c|âgoodyblooming|bye <3
|-message|goodyblooming forfeited.
|leave|goodyblooming
|
|win|Hallucination
|raw|Ladder updating...
|player|p1
|raw|goodyblooming's rating: 1611 &rarr; <strong>1588<\/strong><br \/>(-23 for losing)
|raw|Hallucination's rating: 1552 &rarr; <strong>1575<\/strong><br \/>(+23 for winning)