|join|Hallucination
|join|RealSwagmaster
|player|p1|Hallucination|2
|player|p2|RealSwagmaster|129
|gametype|singles
|gen|6
|tier|OU
|rated
|clearpoke
|poke|p1|Gardevoir, M
|poke|p1|Talonflame, F
|poke|p1|Terrakion
|poke|p1|Bisharp, F
|poke|p1|Gyarados, F
|poke|p1|Latias, F
|poke|p2|Charizard, M
|poke|p2|Skarmory, M
|poke|p2|Magnezone, shiny
|poke|p2|Conkeldurr, F
|poke|p2|Landorus-Therian, M
|poke|p2|Rotom-Wash
|rule|Swagger Clause: Swagger is banned
|rule|Baton Pass Clause: Limit one PokÃ©mon knowing Baton Pass
|rule|Sleep Clause Mod: Limit one foe put to sleep
|rule|Species Clause: Limit one of each PokÃ©mon
|rule|OHKO Clause: OHKO moves are banned
|rule|Moody Clause: Moody is banned
|rule|Evasion Moves Clause: Evasion moves are banned
|rule|Endless Battle Clause: Forcing endless battles is banned
|rule|HP Percentage Mod: HP is shown in percentages
|teampreview
|
|start
|switch|p1a: Gardevoir|Gardevoir, M|278\/278
|switch|p2a: Landorus-Therian|Landorus-Therian, M|320\/320
|-ability|p2a: Landorus-Therian|Intimidate|[of] p1a: Gardevoir
|-unboost|p1a: Gardevoir|atk|1
|-ability|p1a: Gardevoir|Intimidate|[from] ability: Trace|[of] p2a: Landorus-Therian
|-ability|p1a: Gardevoir|Intimidate|[of] p2a: Landorus-Therian
|-unboost|p2a: Landorus-Therian|atk|1
|turn|1
|
|detailschange|p1a: Gardevoir|Gardevoir-Mega, M
|-mega|p1a: Gardevoir|Gardevoir|Gardevoirite
|move|p2a: Landorus-Therian|U-turn|p1a: Gardevoir
|-damage|p1a: Gardevoir|196\/278
|
|switch|p2a: Skarmory|Skarmory, M|334\/334
|move|p1a: Gardevoir|Hyper Voice|p2a: Skarmory
|-resisted|p2a: Skarmory
|-damage|p2a: Skarmory|172\/334
|
|-heal|p2a: Skarmory|192\/334|[from] item: Leftovers
|turn|2
|
|move|p1a: Gardevoir|Focus Blast|p2a: Skarmory
|-damage|p2a: Skarmory|0 fnt
|faint|p2a: Skarmory
|
|c|âHallucination|u run zone but lefties skarm smh
|c|âHallucination|nice shed shell
|
|switch|p2a: Magnezone|Magnezone, shiny|344\/344
|turn|3
|c|âRealSwagmaster|what do you mean?
|
|switch|p1a: Bisharp|Bisharp, F|271\/271
|move|p2a: Magnezone|Flash Cannon|p1a: Bisharp
|-resisted|p1a: Bisharp
|-damage|p1a: Bisharp|61\/271
|
|turn|4
|c|âHallucination|ur skarm will be trapped
|
|switch|p2a: Rotom-Wash|Rotom-Wash|304\/304
|move|p1a: Bisharp|Knock Off|p2a: Rotom-Wash
|-damage|p2a: Rotom-Wash|93\/304
|-enditem|p2a: Rotom-Wash|Leftovers|[from] move: Knock Off|[of] p1a: Bisharp
|-damage|p1a: Bisharp|34\/271|[from] item: Life Orb
|
|turn|5
|
|move|p1a: Bisharp|Knock Off|p2a: Rotom-Wash
|-damage|p2a: Rotom-Wash|0 fnt
|-damage|p1a: Bisharp|7\/271|[from] item: Life Orb
|faint|p2a: Rotom-Wash
|
|c|âRealSwagmaster|no it does fine
|
|switch|p2a: Conkeldurr|Conkeldurr, F|351\/351
|turn|6
|
|switch|p1a: Gyarados|Gyarados, F|331\/331
|-ability|p1a: Gyarados|Intimidate|[of] p2a: Conkeldurr
|-unboost|p2a: Conkeldurr|atk|1
|move|p2a: Conkeldurr|Mach Punch|p1a: Gyarados
|-resisted|p1a: Gyarados
|-damage|p1a: Gyarados|298\/331
|
|-heal|p1a: Gyarados|318\/331|[from] item: Leftovers
|turn|7
|
|move|p1a: Gyarados|Substitute|p1a: Gyarados
|-start|p1a: Gyarados|Substitute
|-damage|p1a: Gyarados|236\/331
|move|p2a: Conkeldurr|Knock Off|p1a: Gyarados
|-end|p1a: Gyarados|Substitute
|
|-heal|p1a: Gyarados|256\/331|[from] item: Leftovers
|turn|8
|c|âRealSwagmaster|gg though, I think I lost
|
|switch|p1a: Bisharp|Bisharp, F|7\/271
|move|p2a: Conkeldurr|Knock Off|p1a: Bisharp
|-resisted|p1a: Bisharp
|-damage|p1a: Bisharp|0 fnt
|-enditem|p1a: Bisharp|Life Orb|[from] move: Knock Off|[of] p2a: Conkeldurr
|faint|p1a: Bisharp
|
|c|âRealSwagmaster|i haven't played in a while and i'm getting a little rusty
|
|switch|p1a: Gyarados|Gyarados, F|256\/331
|-ability|p1a: Gyarados|Intimidate|[of] p2a: Conkeldurr
|-unboost|p2a: Conkeldurr|atk|1
|turn|9
|
|switch|p2a: Magnezone|Magnezone, shiny|344\/344
|move|p1a: Gyarados|Substitute|p1a: Gyarados
|-start|p1a: Gyarados|Substitute
|-damage|p1a: Gyarados|174\/331
|
|-heal|p1a: Gyarados|194\/331|[from] item: Leftovers
|turn|10
|
|move|p1a: Gyarados|Dragon Dance|p1a: Gyarados
|-boost|p1a: Gyarados|atk|1
|-boost|p1a: Gyarados|spe|1
|move|p2a: Magnezone|Volt Switch|p1a: Gyarados
|-supereffective|p1a: Gyarados
|-end|p1a: Gyarados|Substitute
|
|switch|p2a: Charizard|Charizard, M|297\/297
|
|-heal|p1a: Gyarados|214\/331|[from] item: Leftovers
|turn|11
|
|detailschange|p2a: Charizard|Charizard-Mega-X, M
|-mega|p2a: Charizard|Charizard|Charizardite X
|move|p1a: Gyarados|Waterfall|p2a: Charizard
|-damage|p2a: Charizard|92\/297
|move|p2a: Charizard|Dragon Dance|p2a: Charizard
|-boost|p2a: Charizard|atk|1
|-boost|p2a: Charizard|spe|1
|
|-heal|p1a: Gyarados|234\/331|[from] item: Leftovers
|turn|12
|
|move|p2a: Charizard|Dragon Claw|p1a: Gyarados
|-damage|p1a: Gyarados|0 fnt
|faint|p1a: Gyarados
|
|
|switch|p1a: Talonflame|Talonflame, F|297\/297
|turn|13
|
|move|p1a: Talonflame|Brave Bird|p2a: Charizard
|-damage|p2a: Charizard|0 fnt
|-damage|p1a: Talonflame|267\/297|[from] recoil|[of] p2a: Charizard
|faint|p2a: Charizard
|
|
|switch|p2a: Landorus-Therian|Landorus-Therian, M|320\/320
|-ability|p2a: Landorus-Therian|Intimidate|[of] p1a: Talonflame
|-unboost|p1a: Talonflame|atk|1
|turn|14
|
|switch|p2a: Magnezone|Magnezone, shiny|344\/344
|move|p1a: Talonflame|Swords Dance|p1a: Talonflame
|-boost|p1a: Talonflame|atk|2
|
|turn|15
|
|move|p1a: Talonflame|Flare Blitz|p2a: Magnezone
|-supereffective|p2a: Magnezone
|-damage|p2a: Magnezone|0 fnt
|-damage|p1a: Talonflame|153\/297|[from] recoil|[of] p2a: Magnezone
|faint|p2a: Magnezone
|
|c|âRealSwagmaster|gg
|-message|RealSwagmaster forfeited.
|leave|RealSwagmaster
|
|switch|p2a: Landorus-Therian|Landorus-Therian, M|320\/320
|-ability|p2a: Landorus-Therian|Intimidate|[of] p1a: Talonflame
|-unboost|p1a: Talonflame|atk|1
|turn|16
|
|win|Hallucination
|raw|Ladder updating...
|raw|Hallucination's rating: 1564 &rarr; <strong>1579<\/strong><br \/>(+15 for winning)
|raw|RealSwagmaster's rating: 1466 &rarr; <strong>1452<\/strong><br \/>(-14 for losing)