|join|Hallucination
|join|fraaa )
|player|p1|Hallucination|265
|player|p2|fraaa )|2
|gametype|singles
|gen|6
|tier|OU
|rated
|clearpoke
|poke|p1|Latias, F
|poke|p1|Jirachi
|poke|p1|Chesnaught, F
|poke|p1|Gyarados, M
|poke|p1|Tentacruel, F
|poke|p1|Clefable, F
|poke|p2|Pinsir, M
|poke|p2|Landorus-Therian, M
|poke|p2|Rotom-Wash
|poke|p2|Heatran, M
|poke|p2|Clefable, M
|poke|p2|Latios, M
|rule|Swagger Clause: Swagger is banned
|rule|Baton Pass Clause: Limit one PokÃ©mon knowing Baton Pass
|rule|Sleep Clause Mod: Limit one foe put to sleep
|rule|Species Clause: Limit one of each PokÃ©mon
|rule|OHKO Clause: OHKO moves are banned
|rule|Moody Clause: Moody is banned
|rule|Evasion Moves Clause: Evasion moves are banned
|rule|Endless Battle Clause: Forcing endless battles is banned
|rule|HP Percentage Mod: HP is shown in percentages
|teampreview
|
|start
|switch|p1a: Clefable|Clefable, F|394\/394
|switch|p2a: Rotom-Wash|Rotom-Wash|304\/304
|turn|1
|
|move|p2a: Rotom-Wash|Volt Switch|p1a: Clefable
|-damage|p1a: Clefable|300\/394
|
|switch|p2a: Heatran|Heatran, M|386\/386
|move|p1a: Clefable|Stealth Rock|p2a: Heatran
|-sidestart|p2: fraaa )|move: Stealth Rock
|
|-heal|p1a: Clefable|324\/394|[from] item: Leftovers
|turn|2
|
|switch|p1a: Latias|Latias, F|348\/348
|move|p2a: Heatran|Stealth Rock|p1a: Latias
|-sidestart|p1: Hallucination|move: Stealth Rock
|
|turn|3
|
|detailschange|p1a: Latias|Latias-Mega, F
|-mega|p1a: Latias|Latias|Latiasite
|move|p1a: Latias|Earthquake|p2a: Heatran
|-supereffective|p2a: Heatran
|-damage|p2a: Heatran|126\/386
|move|p2a: Heatran|Toxic|p1a: Latias
|-status|p1a: Latias|tox
|
|-heal|p2a: Heatran|150\/386|[from] item: Leftovers
|-damage|p1a: Latias|327\/348 tox|[from] psn
|turn|4
|
|switch|p2a: Rotom-Wash|Rotom-Wash|304\/304
|-damage|p2a: Rotom-Wash|266\/304|[from] Stealth Rock
|move|p1a: Latias|Psyshock|p2a: Rotom-Wash
|-damage|p2a: Rotom-Wash|181\/304
|
|-heal|p2a: Rotom-Wash|200\/304|[from] item: Leftovers
|-damage|p1a: Latias|285\/348 tox|[from] psn
|turn|5
|
|switch|p1a: Clefable|Clefable, F|324\/394
|-damage|p1a: Clefable|275\/394|[from] Stealth Rock
|move|p2a: Rotom-Wash|Pain Split|p1a: Clefable
|-sethp|p1a: Clefable|237\/394|p2a: Rotom-Wash|237\/304|[from] move: Pain Split
|
|-heal|p2a: Rotom-Wash|256\/304|[from] item: Leftovers
|-heal|p1a: Clefable|261\/394|[from] item: Leftovers
|turn|6
|
|move|p2a: Rotom-Wash|Volt Switch|p1a: Clefable
|-damage|p1a: Clefable|176\/394
|
|switch|p2a: Heatran|Heatran, M|150\/386
|-damage|p2a: Heatran|102\/386|[from] Stealth Rock
|move|p1a: Clefable|Moonlight|p1a: Clefable
|-heal|p1a: Clefable|373\/394
|
|-heal|p2a: Heatran|126\/386|[from] item: Leftovers
|-heal|p1a: Clefable|394\/394|[from] item: Leftovers
|turn|7
|
|switch|p1a: Tentacruel|Tentacruel, F|364\/364
|-damage|p1a: Tentacruel|319\/364|[from] Stealth Rock
|move|p2a: Heatran|Lava Plume|p1a: Tentacruel
|-resisted|p1a: Tentacruel
|-damage|p1a: Tentacruel|270\/364
|
|-heal|p1a: Tentacruel|292\/364|[from] item: Leftovers
|-heal|p2a: Heatran|150\/386|[from] item: Leftovers
|turn|8
|
|move|p1a: Tentacruel|Toxic Spikes|p2a: Heatran
|-sidestart|p2: fraaa )|move: Toxic Spikes
|move|p2a: Heatran|Roar|p1a: Tentacruel
|drag|p1a: Clefable|Clefable, F|394\/394
|-damage|p1a: Clefable|345\/394|[from] Stealth Rock
|
|-heal|p2a: Heatran|174\/386|[from] item: Leftovers
|-heal|p1a: Clefable|369\/394|[from] item: Leftovers
|turn|9
|
|switch|p1a: Tentacruel|Tentacruel, F|292\/364
|-damage|p1a: Tentacruel|247\/364|[from] Stealth Rock
|move|p2a: Heatran|Lava Plume|p1a: Tentacruel
|-resisted|p1a: Tentacruel
|-damage|p1a: Tentacruel|200\/364
|
|-heal|p1a: Tentacruel|222\/364|[from] item: Leftovers
|-heal|p2a: Heatran|198\/386|[from] item: Leftovers
|turn|10
|
|move|p1a: Tentacruel|Knock Off|p2a: Heatran
|-damage|p2a: Heatran|141\/386
|-enditem|p2a: Heatran|Leftovers|[from] move: Knock Off|[of] p1a: Tentacruel
|move|p2a: Heatran|Roar|p1a: Tentacruel
|drag|p1a: Clefable|Clefable, F|369\/394
|-damage|p1a: Clefable|320\/394|[from] Stealth Rock
|
|-heal|p1a: Clefable|344\/394|[from] item: Leftovers
|turn|11
|
|move|p2a: Heatran|Lava Plume|p1a: Clefable
|-damage|p1a: Clefable|209\/394
|move|p1a: Clefable|Moonblast|p2a: Heatran
|-resisted|p2a: Heatran
|-damage|p2a: Heatran|122\/386
|
|-heal|p1a: Clefable|233\/394|[from] item: Leftovers
|turn|12
|
|move|p2a: Heatran|Lava Plume|p1a: Clefable
|-damage|p1a: Clefable|109\/394
|move|p1a: Clefable|Moonlight|p1a: Clefable
|-heal|p1a: Clefable|306\/394
|
|-heal|p1a: Clefable|330\/394|[from] item: Leftovers
|turn|13
|
|switch|p1a: Tentacruel|Tentacruel, F|222\/364
|-damage|p1a: Tentacruel|177\/364|[from] Stealth Rock
|move|p2a: Heatran|Lava Plume|p1a: Tentacruel
|-resisted|p1a: Tentacruel
|-damage|p1a: Tentacruel|126\/364
|
|-heal|p1a: Tentacruel|148\/364|[from] item: Leftovers
|turn|14
|
|move|p1a: Tentacruel|Scald|p2a: Heatran
|-supereffective|p2a: Heatran
|-damage|p2a: Heatran|6\/386
|move|p2a: Heatran|Lava Plume|p1a: Tentacruel
|-resisted|p1a: Tentacruel
|-damage|p1a: Tentacruel|96\/364
|
|-heal|p1a: Tentacruel|118\/364|[from] item: Leftovers
|turn|15
|
|move|p1a: Tentacruel|Rapid Spin|p2a: Heatran
|-resisted|p2a: Heatran
|-damage|p2a: Heatran|0 fnt
|-sideend|p1: Hallucination|Stealth Rock|[from] move: Rapid Spin|[of] p1a: Tentacruel
|faint|p2a: Heatran
|
|-heal|p1a: Tentacruel|140\/364|[from] item: Leftovers
|
|switch|p2a: Latios|Latios, M|301\/301
|-damage|p2a: Latios|264\/301|[from] Stealth Rock
|turn|16
|
|move|p2a: Latios|Defog|p1a: Tentacruel
|-unboost|p1a: Tentacruel|evasion|1
|-sideend|p2: fraaa )|Toxic Spikes|[from] move: Defog|[of] p2a: Latios
|-sideend|p2: fraaa )|Stealth Rock|[from] move: Defog|[of] p2a: Latios
|move|p1a: Tentacruel|Knock Off|p2a: Latios
|-supereffective|p2a: Latios
|-damage|p2a: Latios|116\/301
|-enditem|p2a: Latios|Life Orb|[from] move: Knock Off|[of] p1a: Tentacruel
|
|-heal|p1a: Tentacruel|162\/364|[from] item: Leftovers
|turn|17
|
|switch|p1a: Clefable|Clefable, F|330\/394
|move|p2a: Latios|Psyshock|p1a: Clefable
|-damage|p1a: Clefable|213\/394
|
|-heal|p1a: Clefable|237\/394|[from] item: Leftovers
|turn|18
|
|move|p2a: Latios|Psyshock|p1a: Clefable
|-damage|p1a: Clefable|119\/394
|move|p1a: Clefable|Stealth Rock|p2a: Latios
|-sidestart|p2: fraaa )|move: Stealth Rock
|
|-heal|p1a: Clefable|143\/394|[from] item: Leftovers
|turn|19
|
|move|p2a: Latios|Defog|p1a: Clefable
|-unboost|p1a: Clefable|evasion|1
|-sideend|p2: fraaa )|Stealth Rock|[from] move: Defog|[of] p2a: Latios
|move|p1a: Clefable|Moonlight|p1a: Clefable
|-heal|p1a: Clefable|340\/394
|
|-heal|p1a: Clefable|364\/394|[from] item: Leftovers
|turn|20
|
|switch|p2a: Pinsir|Pinsir, M|271\/271
|move|p1a: Clefable|Moonblast|p2a: Pinsir
|-damage|p2a: Pinsir|117\/271
|
|-heal|p1a: Clefable|388\/394|[from] item: Leftovers
|turn|21
|
|detailschange|p2a: Pinsir|Pinsir-Mega, M
|-mega|p2a: Pinsir|Pinsir|Pinsirite
|move|p2a: Pinsir|Swords Dance|p2a: Pinsir
|-boost|p2a: Pinsir|atk|2
|move|p1a: Clefable|Moonblast|p2a: Pinsir
|-damage|p2a: Pinsir|0 fnt
|faint|p2a: Pinsir
|
|-heal|p1a: Clefable|394\/394|[from] item: Leftovers
|
|switch|p2a: Landorus-Therian|Landorus-Therian, M|319\/319
|-ability|p2a: Landorus-Therian|Intimidate|[of] p1a: Clefable
|-unboost|p1a: Clefable|atk|1
|turn|22
|-message|fraaa ) forfeited.
|leave|fraaa )
|
|win|Hallucination
|raw|Ladder updating...
|player|p2
|raw|Hallucination's rating: 1477 &rarr; <strong>1492<\/strong><br \/>(+15 for winning)
|raw|fraaa )'s rating: 1381 &rarr; <strong>1367<\/strong><br \/>(-14 for losing)