|join|Hallucination
|join|Da Trill Thrill
|player|p1|Hallucination|101
|player|p2|Da Trill Thrill|154
|gametype|singles
|gen|6
|tier|OU
|rated
|clearpoke
|poke|p1|Diancie
|poke|p1|Magnezone
|poke|p1|Crawdaunt, F
|poke|p1|Latios, M
|poke|p1|Mamoswine, M
|poke|p1|Talonflame, M
|poke|p2|Venusaur, M
|poke|p2|Tyranitar, F
|poke|p2|Rotom-Wash
|poke|p2|Mamoswine, M
|poke|p2|Clefable, F
|poke|p2|Skarmory, M
|rule|Swagger Clause: Swagger is banned
|rule|Baton Pass Clause: Limit one PokÃ©mon knowing Baton Pass
|rule|Sleep Clause Mod: Limit one foe put to sleep
|rule|Species Clause: Limit one of each PokÃ©mon
|rule|OHKO Clause: OHKO moves are banned
|rule|Moody Clause: Moody is banned
|rule|Evasion Moves Clause: Evasion moves are banned
|rule|Endless Battle Clause: Forcing endless battles is banned
|rule|HP Percentage Mod: HP is shown in percentages
|teampreview
|c|âDa Trill Thrill|gl
|
|start
|switch|p1a: Mamoswine|Mamoswine, M|361\/361
|switch|p2a: Venusaur|Venusaur, M|364\/364
|turn|1
|
|switch|p1a: Talonflame|Talonflame, M|297\/297
|detailschange|p2a: Venusaur|Venusaur-Mega, M
|-mega|p2a: Venusaur|Venusaur|Venusaurite
|move|p2a: Venusaur|Giga Drain|p1a: Talonflame
|-resisted|p1a: Talonflame
|-damage|p1a: Talonflame|254\/297
|
|turn|2
|
|switch|p2a: Tyranitar|Tyranitar, F|404\/404
|-weather|Sandstorm
|move|p1a: Talonflame|U-turn|p2a: Tyranitar
|-supereffective|p2a: Tyranitar
|-damage|p2a: Tyranitar|222\/404
|
|switch|p1a: Mamoswine|Mamoswine, M|361\/361
|
|-weather|Sandstorm|[upkeep]
|-heal|p2a: Tyranitar|247\/404|[from] item: Leftovers
|turn|3
|
|switch|p2a: Rotom-Wash|Rotom-Wash|296\/296
|move|p1a: Mamoswine|Earthquake|p2a: Rotom-Wash
|-immune|p2a: Rotom-Wash|[msg]
|
|-weather|Sandstorm|[upkeep]
|-damage|p2a: Rotom-Wash|278\/296|[from] sandstorm
|-heal|p2a: Rotom-Wash|296\/296|[from] item: Leftovers
|turn|4
|
|switch|p1a: Magnezone|Magnezone|294\/294
|move|p2a: Rotom-Wash|Will-O-Wisp|p1a: Magnezone
|-status|p1a: Magnezone|brn
|
|-weather|Sandstorm|[upkeep]
|-damage|p2a: Rotom-Wash|278\/296|[from] sandstorm
|-heal|p2a: Rotom-Wash|296\/296|[from] item: Leftovers
|-damage|p1a: Magnezone|258\/294 brn|[from] brn
|turn|5
|
|switch|p2a: Mamoswine|Mamoswine, M|362\/362
|move|p1a: Magnezone|Volt Switch|p2a: Mamoswine
|-immune|p2a: Mamoswine|[msg]
|
|-weather|Sandstorm|[upkeep]
|-damage|p1a: Magnezone|222\/294 brn|[from] brn
|turn|6
|
|switch|p1a: Latios|Latios, M|301\/301
|move|p2a: Mamoswine|Knock Off|p1a: Latios
|-supereffective|p1a: Latios
|-damage|p1a: Latios|3\/301
|-enditem|p1a: Latios|Life Orb|[from] move: Knock Off|[of] p2a: Mamoswine
|
|-weather|none
|turn|7
|
|move|p2a: Mamoswine|Knock Off|p1a: Latios
|-supereffective|p1a: Latios
|-damage|p1a: Latios|0 fnt
|faint|p1a: Latios
|
|
|switch|p1a: Crawdaunt|Crawdaunt, F|268\/268
|turn|8
|
|switch|p2a: Rotom-Wash|Rotom-Wash|296\/296
|move|p1a: Crawdaunt|Crunch|p2a: Rotom-Wash
|-damage|p2a: Rotom-Wash|72\/296
|-damage|p1a: Crawdaunt|242\/268|[from] item: Life Orb
|
|-heal|p2a: Rotom-Wash|90\/296|[from] item: Leftovers
|turn|9
|
|switch|p2a: Skarmory|Skarmory, M|334\/334
|switch|p1a: Mamoswine|Mamoswine, M|361\/361
|
|turn|10
|
|switch|p2a: Rotom-Wash|Rotom-Wash|90\/296
|move|p1a: Mamoswine|Icicle Crash|p2a: Rotom-Wash
|-resisted|p2a: Rotom-Wash
|-damage|p2a: Rotom-Wash|4\/296
|-damage|p1a: Mamoswine|325\/361|[from] item: Life Orb
|
|-heal|p2a: Rotom-Wash|22\/296|[from] item: Leftovers
|turn|11
|
|switch|p2a: Skarmory|Skarmory, M|334\/334
|move|p1a: Mamoswine|Ice Shard|p2a: Skarmory
|-damage|p2a: Skarmory|282\/334
|-damage|p1a: Mamoswine|289\/361|[from] item: Life Orb
|
|turn|12
|
|move|p1a: Mamoswine|Stealth Rock|p2a: Skarmory
|-sidestart|p2: Da Trill Thrill|move: Stealth Rock
|move|p2a: Skarmory|Spikes|p1a: Mamoswine
|-sidestart|p1: Hallucination|Spikes
|
|turn|13
|
|switch|p1a: Magnezone|Magnezone|222\/294 brn
|-damage|p1a: Magnezone|186\/294 brn|[from] Spikes
|move|p2a: Skarmory|Spikes|p1a: Magnezone
|-sidestart|p1: Hallucination|Spikes
|
|-damage|p1a: Magnezone|150\/294 brn|[from] brn
|turn|14
|
|move|p1a: Magnezone|Flash Cannon|p2a: Skarmory
|-resisted|p2a: Skarmory
|-damage|p2a: Skarmory|123\/334
|move|p2a: Skarmory|Spikes|p1a: Magnezone
|-sidestart|p1: Hallucination|Spikes
|
|-damage|p1a: Magnezone|114\/294 brn|[from] brn
|turn|15
|
|move|p1a: Magnezone|Flash Cannon|p2a: Skarmory
|-resisted|p2a: Skarmory
|-damage|p2a: Skarmory|0 fnt
|faint|p2a: Skarmory
|
|-damage|p1a: Magnezone|78\/294 brn|[from] brn
|
|switch|p2a: Mamoswine|Mamoswine, M|362\/362
|-damage|p2a: Mamoswine|317\/362|[from] Stealth Rock
|turn|16
|
|move|p2a: Mamoswine|Knock Off|p1a: Magnezone
|-crit|p1a: Magnezone
|-damage|p1a: Magnezone|0 fnt
|-enditem|p1a: Magnezone|Choice Specs|[from] move: Knock Off|[of] p2a: Mamoswine
|faint|p1a: Magnezone
|
|
|switch|p1a: Diancie|Diancie|241\/241
|-damage|p1a: Diancie|181\/241|[from] Spikes
|turn|17
|
|switch|p2a: Venusaur|Venusaur-Mega, M|364\/364
|-damage|p2a: Venusaur|319\/364|[from] Stealth Rock
|detailschange|p1a: Diancie|Diancie-Mega
|-mega|p1a: Diancie|Diancie|Diancite
|move|p1a: Diancie|Diamond Storm|p2a: Venusaur
|-damage|p2a: Venusaur|172\/364
|
|turn|18
|
|move|p1a: Diancie|Diamond Storm|p2a: Venusaur
|-damage|p2a: Venusaur|10\/364
|-boost|p1a: Diancie|def|1
|move|p2a: Venusaur|Synthesis|p2a: Venusaur
|-heal|p2a: Venusaur|192\/364
|
|turn|19
|
|move|p1a: Diancie|Moonblast|p2a: Venusaur
|-resisted|p2a: Venusaur
|-damage|p2a: Venusaur|102\/364
|-unboost|p2a: Venusaur|spa|1
|move|p2a: Venusaur|Synthesis|p2a: Venusaur
|-heal|p2a: Venusaur|284\/364
|
|turn|20
|c|âDa Trill Thrill|hax for days
|
|move|p1a: Diancie|Diamond Storm|p2a: Venusaur
|-damage|p2a: Venusaur|128\/364
|-boost|p1a: Diancie|def|1
|move|p2a: Venusaur|Sludge Bomb|p1a: Diancie
|-damage|p1a: Diancie|69\/241
|
|turn|21
|c|âHallucination|dont give me the turns to take the hax
|c|âHallucination|:)
|
|switch|p2a: Rotom-Wash|Rotom-Wash|22\/296
|-damage|p2a: Rotom-Wash|0 fnt|[from] Stealth Rock
|faint|p2a: Rotom-Wash
|move|p1a: Diancie|Diamond Storm|p2: Rotom-Wash|[notarget]
|-notarget
|
|c|âHallucination|thats why i went for the moonblast in the first place
|
|switch|p2a: Mamoswine|Mamoswine, M|317\/362
|-damage|p2a: Mamoswine|272\/362|[from] Stealth Rock
|turn|22
|
|switch|p1a: Talonflame|Talonflame, M|254\/297
|move|p2a: Mamoswine|Earthquake|p1a: Talonflame
|-immune|p1a: Talonflame|[msg]
|
|turn|23
|
|switch|p2a: Clefable|Clefable, F|394\/394
|move|p1a: Talonflame|Brave Bird|p2a: Clefable
|-damage|p2a: Clefable|94\/394
|-damage|p1a: Talonflame|155\/297|[from] recoil|[of] p2a: Clefable
|
|turn|24
|
|move|p1a: Talonflame|Brave Bird|p2a: Clefable
|-damage|p2a: Clefable|0 fnt
|-damage|p1a: Talonflame|124\/297|[from] recoil|[of] p2a: Clefable
|faint|p2a: Clefable
|
|
|switch|p2a: Tyranitar|Tyranitar, F|247\/404
|-damage|p2a: Tyranitar|197\/404|[from] Stealth Rock
|-weather|Sandstorm
|turn|25
|
|move|p1a: Talonflame|Brave Bird|p2a: Tyranitar
|-resisted|p2a: Tyranitar
|-damage|p2a: Tyranitar|81\/404
|-damage|p1a: Talonflame|86\/297|[from] recoil|[of] p2a: Tyranitar
|move|p2a: Tyranitar|Stealth Rock|p1a: Talonflame
|-sidestart|p1: Hallucination|move: Stealth Rock
|
|-weather|Sandstorm|[upkeep]
|-damage|p1a: Talonflame|68\/297|[from] sandstorm
|-heal|p2a: Tyranitar|106\/404|[from] item: Leftovers
|turn|26
|
|move|p1a: Talonflame|Brave Bird|p2a: Tyranitar
|-resisted|p2a: Tyranitar
|-damage|p2a: Tyranitar|7\/404
|-damage|p1a: Talonflame|35\/297|[from] recoil|[of] p2a: Tyranitar
|move|p2a: Tyranitar|Crunch|p1a: Talonflame
|-damage|p1a: Talonflame|0 fnt
|faint|p1a: Talonflame
|
|-weather|Sandstorm|[upkeep]
|-heal|p2a: Tyranitar|32\/404|[from] item: Leftovers
|
|switch|p1a: Crawdaunt|Crawdaunt, F|242\/268
|-damage|p1a: Crawdaunt|175\/268|[from] Spikes
|-damage|p1a: Crawdaunt|142\/268|[from] Stealth Rock
|turn|27
|
|move|p1a: Crawdaunt|Aqua Jet|p2a: Tyranitar
|-supereffective|p2a: Tyranitar
|-damage|p2a: Tyranitar|0 fnt
|-damage|p1a: Crawdaunt|116\/268|[from] item: Life Orb
|faint|p2a: Tyranitar
|
|-weather|Sandstorm|[upkeep]
|-damage|p1a: Crawdaunt|100\/268|[from] sandstorm
|
|switch|p2a: Venusaur|Venusaur-Mega, M|128\/364
|-damage|p2a: Venusaur|83\/364|[from] Stealth Rock
|turn|28
|
|move|p1a: Crawdaunt|Crunch|p2a: Venusaur
|-damage|p2a: Venusaur|0 fnt
|-damage|p1a: Crawdaunt|74\/268|[from] item: Life Orb
|faint|p2a: Venusaur
|
|-weather|Sandstorm|[upkeep]
|-damage|p1a: Crawdaunt|58\/268|[from] sandstorm
|c|âHallucination|gg
|c|âDa Trill Thrill|yup gg
|
|switch|p2a: Mamoswine|Mamoswine, M|272\/362
|-damage|p2a: Mamoswine|227\/362|[from] Stealth Rock
|turn|29
|c|âDa Trill Thrill|well played
|c|âHallucination|thanks
|
|move|p1a: Crawdaunt|Aqua Jet|p2a: Mamoswine
|-supereffective|p2a: Mamoswine
|-damage|p2a: Mamoswine|0 fnt
|-damage|p1a: Crawdaunt|32\/268|[from] item: Life Orb
|faint|p2a: Mamoswine
|
|win|Hallucination
|raw|Ladder updating...
|raw|Hallucination's rating: 1480 &rarr; <strong>1501<\/strong><br \/>(+21 for winning)
|raw|Da Trill Thrill's rating: 1489 &rarr; <strong>1469<\/strong><br \/>(-20 for losing)