|join|abcdefghitony
|join|Hallucination
|player|p1|abcdefghitony|76
|player|p2|Hallucination|101
|gametype|singles
|gen|6
|tier|OU
|rated
|clearpoke
|poke|p1|Gengar, M
|poke|p1|Gyarados, F
|poke|p1|Clefable, M
|poke|p1|Heatran, M
|poke|p1|Mew
|poke|p1|Landorus, M
|poke|p2|Tyranitar, F
|poke|p2|Excadrill, F
|poke|p2|Garchomp, M
|poke|p2|Rotom-Wash
|poke|p2|Keldeo
|poke|p2|Scizor, F
|rule|Swagger Clause: Swagger is banned
|rule|Baton Pass Clause: Limit one PokÃ©mon knowing Baton Pass
|rule|Sleep Clause Mod: Limit one foe put to sleep
|rule|Species Clause: Limit one of each PokÃ©mon
|rule|OHKO Clause: OHKO moves are banned
|rule|Moody Clause: Moody is banned
|rule|Evasion Moves Clause: Evasion moves are banned
|rule|Endless Battle Clause: Forcing endless battles is banned
|rule|HP Percentage Mod: HP is shown in percentages
|teampreview
|c|âabcdefghitony|hello gl
|
|start
|switch|p1a: Clefable|Clefable, M|394\/394
|switch|p2a: Rotom-Wash|Rotom-Wash|304\/304
|turn|1
|join|Seeit
|
|move|p2a: Rotom-Wash|Hydro Pump|p1a: Clefable
|-damage|p1a: Clefable|246\/394
|move|p1a: Clefable|Flamethrower|p2a: Rotom-Wash
|-resisted|p2a: Rotom-Wash
|-damage|p2a: Rotom-Wash|280\/304
|
|-heal|p1a: Clefable|270\/394|[from] item: Leftovers
|turn|2
|leave|Seeit
|
|move|p2a: Rotom-Wash|Volt Switch|p1a: Clefable
|-damage|p1a: Clefable|171\/394
|
|switch|p2a: Excadrill|Excadrill, F|362\/362
|move|p1a: Clefable|Moonblast|p2a: Excadrill
|-resisted|p2a: Excadrill
|-damage|p2a: Excadrill|286\/362
|-unboost|p2a: Excadrill|spa|1
|
|-heal|p1a: Clefable|195\/394|[from] item: Leftovers
|turn|3
|
|switch|p1a: Gyarados|Gyarados, F|389\/389
|-ability|p1a: Gyarados|Intimidate|[of] p2a: Excadrill
|-unboost|p2a: Excadrill|atk|1
|move|p2a: Excadrill|Rock Slide|p1a: Gyarados
|-supereffective|p1a: Gyarados
|-damage|p1a: Gyarados|171\/389
|-damage|p2a: Excadrill|250\/362|[from] item: Life Orb
|
|turn|4
|
|switch|p2a: Keldeo|Keldeo|323\/323
|switch|p1a: Mew|Mew|404\/404
|
|turn|5
|
|move|p2a: Keldeo|Hydro Pump|p1a: Mew|[miss]
|-miss|p2a: Keldeo|p1a: Mew
|move|p1a: Mew|Will-O-Wisp|p2a: Keldeo
|-status|p2a: Keldeo|brn
|
|-damage|p2a: Keldeo|283\/323 brn|[from] brn
|turn|6
|
|switch|p2a: Rotom-Wash|Rotom-Wash|280\/304
|move|p1a: Mew|Knock Off|p2a: Rotom-Wash
|-damage|p2a: Rotom-Wash|209\/304
|-enditem|p2a: Rotom-Wash|Chesto Berry|[from] move: Knock Off|[of] p1a: Mew
|
|turn|7
|
|switch|p1a: Heatran|Heatran, M|386\/386
|move|p2a: Rotom-Wash|Volt Switch|p1a: Heatran
|-damage|p1a: Heatran|329\/386
|
|switch|p2a: Garchomp|Garchomp, M|358\/358
|
|-heal|p1a: Heatran|353\/386|[from] item: Leftovers
|turn|8
|
|switch|p1a: Landorus|Landorus, M|319\/319
|move|p2a: Garchomp|Earthquake|p1a: Landorus
|-immune|p1a: Landorus|[msg]
|
|turn|9
|
|switch|p2a: Rotom-Wash|Rotom-Wash|209\/304
|move|p1a: Landorus|Psychic|p2a: Rotom-Wash
|-damage|p2a: Rotom-Wash|83\/304
|
|turn|10
|
|move|p1a: Landorus|Psychic|p2a: Rotom-Wash
|-crit|p2a: Rotom-Wash
|-damage|p2a: Rotom-Wash|0 fnt
|faint|p2a: Rotom-Wash
|
|
|switch|p2a: Tyranitar|Tyranitar, F|404\/404
|-weather|Sandstorm
|turn|11
|
|move|p1a: Landorus|Earth Power|p2a: Tyranitar
|-supereffective|p2a: Tyranitar
|-damage|p2a: Tyranitar|19\/404
|move|p2a: Tyranitar|Ice Beam|p1a: Landorus
|-supereffective|p1a: Landorus
|-damage|p1a: Landorus|0 fnt
|faint|p1a: Landorus
|
|-weather|Sandstorm|[upkeep]
|
|switch|p1a: Gyarados|Gyarados, F|171\/389
|-ability|p1a: Gyarados|Intimidate|[of] p2a: Tyranitar
|-unboost|p2a: Tyranitar|atk|1
|turn|12
|
|detailschange|p1a: Gyarados|Gyarados-Mega, F
|-mega|p1a: Gyarados|Gyarados|Gyaradosite
|-ability|p1a: Gyarados|Mold Breaker
|move|p1a: Gyarados|Waterfall|p2a: Tyranitar
|-supereffective|p2a: Tyranitar
|-damage|p2a: Tyranitar|0 fnt
|faint|p2a: Tyranitar
|
|-weather|Sandstorm|[upkeep]
|-damage|p1a: Gyarados|147\/389|[from] sandstorm
|
|switch|p2a: Garchomp|Garchomp, M|358\/358
|turn|13
|
|move|p2a: Garchomp|Swords Dance|p2a: Garchomp
|-boost|p2a: Garchomp|atk|2
|move|p1a: Gyarados|Waterfall|p2a: Garchomp
|-damage|p2a: Garchomp|196\/358
|
|-weather|Sandstorm|[upkeep]
|-damage|p1a: Gyarados|123\/389|[from] sandstorm
|turn|14
|
|move|p2a: Garchomp|Dragon Claw|p1a: Gyarados
|-crit|p1a: Gyarados
|-damage|p1a: Gyarados|0 fnt
|faint|p1a: Gyarados
|
|-weather|Sandstorm|[upkeep]
|
|switch|p1a: Gengar|Gengar, M|261\/261
|turn|15
|
|move|p1a: Gengar|Shadow Ball|p2a: Garchomp
|-damage|p2a: Garchomp|0 fnt
|-damage|p1a: Gengar|235\/261|[from] item: Life Orb
|faint|p2a: Garchomp
|
|-weather|Sandstorm|[upkeep]
|-damage|p1a: Gengar|219\/261|[from] sandstorm
|
|switch|p2a: Scizor|Scizor, F|344\/344
|turn|16
|
|switch|p2a: Excadrill|Excadrill, F|250\/362
|move|p1a: Gengar|Taunt|p2a: Excadrill
|-start|p2a: Excadrill|move: Taunt
|
|-weather|Sandstorm|[upkeep]
|-damage|p1a: Gengar|203\/261|[from] sandstorm
|turn|17
|
|switch|p1a: Clefable|Clefable, M|195\/394
|move|p2a: Excadrill|Earthquake|p1a: Clefable
|-damage|p1a: Clefable|0 fnt
|-damage|p2a: Excadrill|214\/362|[from] item: Life Orb
|faint|p1a: Clefable
|
|-weather|Sandstorm|[upkeep]
|
|switch|p1a: Mew|Mew|404\/404
|turn|18
|
|switch|p1a: Gengar|Gengar, M|203\/261
|move|p2a: Excadrill|Iron Head|p1a: Gengar
|-damage|p1a: Gengar|0 fnt
|-damage|p2a: Excadrill|178\/362|[from] item: Life Orb
|faint|p1a: Gengar
|
|-weather|none
|c|âabcdefghitony|NOOOOOOOOO
|
|switch|p1a: Mew|Mew|404\/404
|turn|19
|
|switch|p2a: Scizor|Scizor, F|344\/344
|move|p1a: Mew|Will-O-Wisp|p2a: Scizor
|-status|p2a: Scizor|brn
|
|-damage|p2a: Scizor|301\/344 brn|[from] brn
|turn|20
|
|detailschange|p2a: Scizor|Scizor-Mega, F
|-mega|p2a: Scizor|Scizor|Scizorite
|move|p1a: Mew|Will-O-Wisp|p2a: Scizor
|-fail|p2a: Scizor|brn
|move|p2a: Scizor|Knock Off|p1a: Mew
|-supereffective|p1a: Mew
|-damage|p1a: Mew|298\/404
|-enditem|p1a: Mew|Leftovers|[from] move: Knock Off|[of] p2a: Scizor
|
|-damage|p2a: Scizor|258\/344 brn|[from] brn
|turn|21
|
|switch|p1a: Heatran|Heatran, M|353\/386
|move|p2a: Scizor|Swords Dance|p2a: Scizor
|-boost|p2a: Scizor|atk|2
|
|-heal|p1a: Heatran|377\/386|[from] item: Leftovers
|-damage|p2a: Scizor|215\/344 brn|[from] brn
|turn|22
|
|move|p1a: Heatran|Lava Plume|p2a: Scizor
|-crit|p2a: Scizor
|-supereffective|p2a: Scizor
|-damage|p2a: Scizor|0 fnt
|faint|p2a: Scizor
|
|-heal|p1a: Heatran|386\/386|[from] item: Leftovers
|
|switch|p2a: Excadrill|Excadrill, F|178\/362
|turn|23
|
|move|p2a: Excadrill|Earthquake|p1a: Heatran
|-supereffective|p1a: Heatran
|-damage|p1a: Heatran|0 fnt
|-damage|p2a: Excadrill|142\/362|[from] item: Life Orb
|faint|p1a: Heatran
|
|
|switch|p1a: Mew|Mew|298\/404
|turn|24
|
|move|p2a: Excadrill|Earthquake|p1a: Mew
|-damage|p1a: Mew|103\/404
|-damage|p2a: Excadrill|106\/362|[from] item: Life Orb
|move|p1a: Mew|Will-O-Wisp|p2a: Excadrill|[miss]
|-miss|p1a: Mew|p2a: Excadrill
|
|turn|25
|c|âabcdefghitony|wtf
|c|âabcdefghitony|forfeiet
|-message|abcdefghitony forfeited.
|c|âHallucination|lol
|c|âHallucination|nice n salty
|
|win|Hallucination
|raw|Ladder updating...
|raw|abcdefghitony's rating: 1592 &rarr; <strong>1570<\/strong><br \/>(-22 for losing)
|raw|Hallucination's rating: 1556 &rarr; <strong>1578<\/strong><br \/>(+22 for winning)
|c|âabcdefghitony|nah
|c|âabcdefghitony|no way of winning
|c|âHallucination|but forgets i missed hydro
|c|âHallucination|gg