|join|Hallucination
|join|Scare
|player|p1|Hallucination|265
|player|p2|Scare|92
|gametype|singles
|gen|6
|tier|OU (suspect test)
|rated
|clearpoke
|poke|p1|Lopunny, F
|poke|p1|Whimsicott, M
|poke|p1|Talonflame, F
|poke|p1|Scolipede, F
|poke|p1|Breloom, M
|poke|p1|Heatran, M
|poke|p2|Absol, F
|poke|p2|Rotom-Wash
|poke|p2|Toxicroak, M
|poke|p2|Latios, M
|poke|p2|Smeargle, F
|poke|p2|Sylveon, F
|rule|Swagger Clause: Swagger is banned
|rule|Baton Pass Clause: Limit one PokÃ©mon knowing Baton Pass
|rule|Sleep Clause Mod: Limit one foe put to sleep
|rule|Species Clause: Limit one of each PokÃ©mon
|rule|OHKO Clause: OHKO moves are banned
|rule|Moody Clause: Moody is banned
|rule|Evasion Moves Clause: Evasion moves are banned
|rule|Endless Battle Clause: Forcing endless battles is banned
|rule|HP Percentage Mod: HP is shown in percentages
|teampreview
|
|start
|switch|p1a: Lopunny|Lopunny, F|333\/333
|switch|p2a: Smeargle|Smeargle, F|313\/313
|turn|1
|
|move|p1a: Lopunny|Substitute|p1a: Lopunny
|-start|p1a: Lopunny|Substitute
|-damage|p1a: Lopunny|250\/333
|move|p2a: Smeargle|Dark Void|p1a: Lopunny
|
|turn|2
|
|move|p1a: Lopunny|Cosmic Power|p1a: Lopunny
|-boost|p1a: Lopunny|def|1
|-boost|p1a: Lopunny|spd|1
|move|p2a: Smeargle|Sticky Web|p1a: Lopunny
|-sidestart|p1: Hallucination|move: Sticky Web
|
|turn|3
|
|move|p1a: Lopunny|Thunder Wave|p2a: Smeargle
|-status|p2a: Smeargle|par
|move|p2a: Smeargle|Stealth Rock|p1a: Lopunny
|-sidestart|p1: Hallucination|move: Stealth Rock
|
|turn|4
|
|switch|p2a: Absol|Absol, F|271\/271
|-ability|p2a: Absol|Pressure
|move|p1a: Lopunny|Cosmic Power|p1a: Lopunny
|-boost|p1a: Lopunny|def|1
|-boost|p1a: Lopunny|spd|1
|
|turn|5
|
|detailschange|p2a: Absol|Absol-Mega, F
|-mega|p2a: Absol|Absol|Absolite
|move|p1a: Lopunny|Baton Pass|p1a: Lopunny
|
|switch|p1a: Whimsicott|Whimsicott, M|324\/324
|-activate|p1a: Whimsicott|move: Sticky Web
|-unboost|p1a: Whimsicott|spe|1
|-damage|p1a: Whimsicott|284\/324|[from] Stealth Rock
|move|p2a: Absol|Knock Off|p1a: Whimsicott
|-crit|p1a: Whimsicott
|-resisted|p1a: Whimsicott
|-end|p1a: Whimsicott|Substitute
|
|-heal|p1a: Whimsicott|304\/324|[from] item: Leftovers
|turn|6
|
|switch|p2a: Rotom-Wash|Rotom-Wash|303\/303
|move|p1a: Whimsicott|Substitute|p1a: Whimsicott
|-start|p1a: Whimsicott|Substitute
|-damage|p1a: Whimsicott|223\/324
|
|-heal|p1a: Whimsicott|243\/324|[from] item: Leftovers
|turn|7
|
|move|p1a: Whimsicott|Leech Seed|p2a: Rotom-Wash|[miss]
|-miss|p1a: Whimsicott|p2a: Rotom-Wash
|move|p2a: Rotom-Wash|Volt Switch|p1a: Whimsicott
|-resisted|p1a: Whimsicott
|-activate|p1a: Whimsicott|Substitute|[damage]
|
|switch|p2a: Toxicroak|Toxicroak, M|308\/308
|
|-heal|p1a: Whimsicott|263\/324|[from] item: Leftovers
|turn|8
|
|move|p2a: Toxicroak|Poison Jab|p1a: Whimsicott
|-supereffective|p1a: Whimsicott
|-end|p1a: Whimsicott|Substitute
|move|p1a: Whimsicott|Hurricane|p2a: Toxicroak|[miss]
|-miss|p1a: Whimsicott|p2a: Toxicroak
|
|-heal|p1a: Whimsicott|283\/324|[from] item: Leftovers
|turn|9
|
|move|p1a: Whimsicott|Leech Seed|p2a: Toxicroak
|-start|p2a: Toxicroak|move: Leech Seed
|move|p2a: Toxicroak|Poison Jab|p1a: Whimsicott
|-supereffective|p1a: Whimsicott
|-damage|p1a: Whimsicott|0 fnt
|faint|p1a: Whimsicott
|
|
|switch|p1a: Scolipede|Scolipede, F|261\/261
|-activate|p1a: Scolipede|move: Sticky Web
|-unboost|p1a: Scolipede|spe|1
|-damage|p1a: Scolipede|196\/261|[from] Stealth Rock
|turn|10
|
|switch|p2a: Rotom-Wash|Rotom-Wash|303\/303
|move|p1a: Scolipede|Substitute|p1a: Scolipede
|-start|p1a: Scolipede|Substitute
|-damage|p1a: Scolipede|131\/261
|
|-heal|p1a: Scolipede|147\/261|[from] item: Leftovers
|-boost|p1a: Scolipede|spe|1|[from] ability: Speed Boost
|turn|11
|
|move|p1a: Scolipede|Swords Dance|p1a: Scolipede
|-boost|p1a: Scolipede|atk|2
|move|p2a: Rotom-Wash|Volt Switch|p1a: Scolipede
|-end|p1a: Scolipede|Substitute
|
|switch|p2a: Sylveon|Sylveon, F|393\/393
|
|-heal|p1a: Scolipede|163\/261|[from] item: Leftovers
|-boost|p1a: Scolipede|spe|1|[from] ability: Speed Boost
|turn|12
|
|move|p1a: Scolipede|Substitute|p1a: Scolipede
|-start|p1a: Scolipede|Substitute
|-damage|p1a: Scolipede|98\/261
|move|p2a: Sylveon|Psyshock|p1a: Scolipede
|-supereffective|p1a: Scolipede
|-end|p1a: Scolipede|Substitute
|
|-heal|p1a: Scolipede|114\/261|[from] item: Leftovers
|-boost|p1a: Scolipede|spe|1|[from] ability: Speed Boost
|turn|13
|
|move|p1a: Scolipede|Megahorn|p2a: Sylveon
|-resisted|p2a: Sylveon
|-damage|p2a: Sylveon|108\/393
|move|p2a: Sylveon|Psyshock|p1a: Scolipede
|-supereffective|p1a: Scolipede
|-damage|p1a: Scolipede|0 fnt
|faint|p1a: Scolipede
|
|
|switch|p1a: Lopunny|Lopunny, F|250\/333
|-damage|p1a: Lopunny|209\/333|[from] Stealth Rock
|-activate|p1a: Lopunny|move: Sticky Web
|-unboost|p1a: Lopunny|spe|1
|turn|14
|
|move|p1a: Lopunny|Cosmic Power|p1a: Lopunny
|-boost|p1a: Lopunny|def|1
|-boost|p1a: Lopunny|spd|1
|move|p2a: Sylveon|Psyshock|p1a: Lopunny
|-damage|p1a: Lopunny|103\/333
|
|turn|15
|
|move|p1a: Lopunny|Cosmic Power|p1a: Lopunny
|-boost|p1a: Lopunny|def|1
|-boost|p1a: Lopunny|spd|1
|move|p2a: Sylveon|Psyshock|p1a: Lopunny
|-damage|p1a: Lopunny|27\/333
|
|turn|16
|
|move|p1a: Lopunny|Baton Pass|p1a: Lopunny
|
|switch|p1a: Talonflame|Talonflame, F|297\/297
|-damage|p1a: Talonflame|149\/297|[from] Stealth Rock
|move|p2a: Sylveon|Psyshock|p1a: Talonflame
|-damage|p1a: Talonflame|61\/297
|
|-heal|p1a: Talonflame|79\/297|[from] item: Leftovers
|turn|17
|
|switch|p2a: Smeargle|Smeargle, F|313\/313 par
|move|p1a: Talonflame|Roost|p1a: Talonflame
|-heal|p1a: Talonflame|228\/297
|
|-heal|p1a: Talonflame|246\/297|[from] item: Leftovers
|turn|18
|
|move|p1a: Talonflame|Substitute|p1a: Talonflame
|-start|p1a: Talonflame|Substitute
|-damage|p1a: Talonflame|172\/297
|move|p2a: Smeargle|Dark Void|p1a: Talonflame
|
|-heal|p1a: Talonflame|190\/297|[from] item: Leftovers
|turn|19
|
|move|p2a: Smeargle|Shadow Sneak|p1a: Talonflame
|-activate|p1a: Talonflame|Substitute|[damage]
|move|p1a: Talonflame|Swords Dance|p1a: Talonflame
|-boost|p1a: Talonflame|atk|2
|
|-heal|p1a: Talonflame|208\/297|[from] item: Leftovers
|turn|20
|
|move|p2a: Smeargle|Shadow Sneak|p1a: Talonflame
|-activate|p1a: Talonflame|Substitute|[damage]
|move|p1a: Talonflame|Swords Dance|p1a: Talonflame
|-boost|p1a: Talonflame|atk|2
|
|-heal|p1a: Talonflame|226\/297|[from] item: Leftovers
|turn|21
|
|switch|p2a: Rotom-Wash|Rotom-Wash|303\/303
|move|p1a: Talonflame|Swords Dance|p1a: Talonflame
|-boost|p1a: Talonflame|atk|2
|
|-heal|p1a: Talonflame|244\/297|[from] item: Leftovers
|turn|22
|
|move|p1a: Talonflame|Brave Bird|p2a: Rotom-Wash
|-resisted|p2a: Rotom-Wash
|-damage|p2a: Rotom-Wash|48\/303
|-damage|p1a: Talonflame|160\/297|[from] recoil|[of] p2a: Rotom-Wash
|move|p2a: Rotom-Wash|Volt Switch|p1a: Talonflame
|-supereffective|p1a: Talonflame
|-end|p1a: Talonflame|Substitute
|
|switch|p2a: Smeargle|Smeargle, F|313\/313 par
|
|-heal|p1a: Talonflame|178\/297|[from] item: Leftovers
|turn|23
|
|switch|p2a: Rotom-Wash|Rotom-Wash|48\/303
|move|p1a: Talonflame|Substitute|p1a: Talonflame
|-start|p1a: Talonflame|Substitute
|-damage|p1a: Talonflame|104\/297
|
|-heal|p1a: Talonflame|122\/297|[from] item: Leftovers
|-heal|p2a: Rotom-Wash|66\/303|[from] item: Leftovers
|turn|24
|
|move|p1a: Talonflame|Roost|p1a: Talonflame
|-heal|p1a: Talonflame|271\/297
|move|p2a: Rotom-Wash|Volt Switch|p1a: Talonflame
|-activate|p1a: Talonflame|Substitute|[damage]
|
|switch|p2a: Smeargle|Smeargle, F|313\/313 par
|
|-heal|p1a: Talonflame|289\/297|[from] item: Leftovers
|turn|25
|
|move|p1a: Talonflame|Brave Bird|p2a: Smeargle
|-enditem|p2a: Smeargle|Focus Sash
|-damage|p2a: Smeargle|1\/313 par
|-damage|p1a: Talonflame|186\/297|[from] recoil|[of] p2a: Smeargle
|cant|p2a: Smeargle|par
|
|-heal|p1a: Talonflame|204\/297|[from] item: Leftovers
|turn|26
|
|move|p1a: Talonflame|Roost|p1a: Talonflame
|-heal|p1a: Talonflame|297\/297
|move|p2a: Smeargle|Shadow Sneak|p1a: Talonflame
|-end|p1a: Talonflame|Substitute
|
|turn|27
|
|move|p1a: Talonflame|Substitute|p1a: Talonflame
|-start|p1a: Talonflame|Substitute
|-damage|p1a: Talonflame|223\/297
|cant|p2a: Smeargle|par
|
|-heal|p1a: Talonflame|241\/297|[from] item: Leftovers
|turn|28
|
|move|p1a: Talonflame|Roost|p1a: Talonflame
|-heal|p1a: Talonflame|297\/297
|move|p2a: Smeargle|Shadow Sneak|p1a: Talonflame
|-activate|p1a: Talonflame|Substitute|[damage]
|
|turn|29
|
|move|p1a: Talonflame|Brave Bird|p2a: Smeargle
|-damage|p2a: Smeargle|0 fnt
|-damage|p1a: Talonflame|296\/297|[from] recoil|[of] p2a: Smeargle
|faint|p2a: Smeargle
|
|-heal|p1a: Talonflame|297\/297|[from] item: Leftovers
|
|switch|p2a: Toxicroak|Toxicroak, M|308\/308
|turn|30
|
|move|p2a: Toxicroak|Sucker Punch|p1a: Talonflame
|-activate|p1a: Talonflame|Substitute|[damage]
|move|p1a: Talonflame|Brave Bird|p2a: Toxicroak
|-supereffective|p2a: Toxicroak
|-damage|p2a: Toxicroak|0 fnt
|-damage|p1a: Talonflame|195\/297|[from] recoil|[of] p2a: Toxicroak
|faint|p2a: Toxicroak
|
|-heal|p1a: Talonflame|213\/297|[from] item: Leftovers
|
|switch|p2a: Latios|Latios, M|301\/301
|turn|31
|
|move|p1a: Talonflame|Brave Bird|p2a: Latios
|-damage|p2a: Latios|0 fnt
|-damage|p1a: Talonflame|114\/297|[from] recoil|[of] p2a: Latios
|faint|p2a: Latios
|
|-heal|p1a: Talonflame|132\/297|[from] item: Leftovers
|
|switch|p2a: Absol|Absol-Mega, F|271\/271
|turn|32
|
|move|p1a: Talonflame|Roost|p1a: Talonflame
|-heal|p1a: Talonflame|281\/297
|move|p2a: Absol|Knock Off|p1a: Talonflame
|-end|p1a: Talonflame|Substitute
|
|-heal|p1a: Talonflame|297\/297|[from] item: Leftovers
|turn|33
|
|move|p1a: Talonflame|Brave Bird|p2a: Absol
|-damage|p2a: Absol|0 fnt
|-damage|p1a: Talonflame|208\/297|[from] recoil|[of] p2a: Absol
|faint|p2a: Absol
|
|-heal|p1a: Talonflame|226\/297|[from] item: Leftovers
|-message|Scare forfeited.
|leave|Scare
|
|win|Hallucination
|raw|Ladder updating...
|player|p2
|raw|Hallucination's rating: 1189 &rarr; <strong>1217<\/strong><br \/>(+28 for winning)
|raw|Scare's rating: 1239 &rarr; <strong>1211<\/strong><br \/>(-28 for losing)