|join|Dread Arceus
|join|Hallucination
|join|so luckE
|player|p1|Dread Arceus|224
|player|p2|Hallucination|257
|gametype|singles
|gen|6
|tier|OU (suspect test)
|clearpoke
|poke|p1|Lopunny, F
|poke|p1|Azumarill, F
|poke|p1|Jirachi
|poke|p1|Landorus-Therian, M
|poke|p1|Clefable, F
|poke|p1|Gourgeist-*, F
|poke|p2|Blissey, F
|poke|p2|Heatran, F
|poke|p2|Slowbro, F
|poke|p2|Skarmory, F
|poke|p2|Sableye, F
|poke|p2|Clefable, F
|rule|Swagger Clause: Swagger is banned
|rule|Baton Pass Clause: Limit one PokÃ©mon knowing Baton Pass
|rule|Sleep Clause Mod: Limit one foe put to sleep
|rule|Species Clause: Limit one of each PokÃ©mon
|rule|OHKO Clause: OHKO moves are banned
|rule|Moody Clause: Moody is banned
|rule|Evasion Moves Clause: Evasion moves are banned
|rule|Endless Battle Clause: Forcing endless battles is banned
|rule|HP Percentage Mod: HP is shown in percentages
|teampreview
|
|start
|switch|p1a: apt-get can die|Lopunny, F|271\/271
|switch|p2a: Sableye|Sableye, F|304\/304
|turn|1
|
|switch|p2a: Slowbro|Slowbro, F|394\/394
|detailschange|p1a: apt-get can die|Lopunny-Mega, F
|-mega|p1a: apt-get can die|Lopunny|Lopunnite
|move|p1a: apt-get can die|Fake Out|p2a: Slowbro
|-damage|p2a: Slowbro|346\/394
|
|-heal|p2a: Slowbro|370\/394|[from] item: Leftovers
|turn|2
|join|StillTheKing
|
|switch|p1a: apt-get can die|Gourgeist-Super, F|373\/373
|-item|p2a: Slowbro|Leftovers|[from] ability: Frisk|[of] p1a: apt-get can die|[identify]
|move|p2a: Slowbro|Scald|p1a: apt-get can die
|-crit|p1a: apt-get can die
|-resisted|p1a: apt-get can die
|-damage|p1a: apt-get can die|292\/373
|
|-heal|p1a: apt-get can die|315\/373|[from] item: Leftovers
|-heal|p2a: Slowbro|394\/394|[from] item: Leftovers
|turn|3
|c| StillTheKing|dick heads
|c|âHallucination|shh
|c| so luckE|aye waz good koopa
|
|switch|p1a: apt-get can die|Landorus-Therian, M|382\/382
|-ability|p1a: apt-get can die|Intimidate|[of] p2a: Slowbro
|-unboost|p2a: Slowbro|atk|1
|switch|p2a: Heatran|Heatran, F|385\/385
|
|turn|4
|c| StillTheKing|nm man chilling
|c| StillTheKing|who're you?
|
|switch|p2a: Slowbro|Slowbro, F|394\/394
|move|p1a: apt-get can die|Stealth Rock|p2a: Slowbro
|-sidestart|p2: Hallucination|move: Stealth Rock
|
|turn|5
|c| so luckE|apex
|raw|<div class="broadcast-red"><b>Moderated chat was set to +!<\/b><br \/>Only users of rank + and higher can talk.<\/div>
|
|move|p1a: apt-get can die|U-turn|p2a: Slowbro
|-supereffective|p2a: Slowbro
|-damage|p2a: Slowbro|256\/394
|
|switch|p1a: apt-get can die|Gourgeist-Super, F|315\/373
|-item|p2a: Slowbro|Leftovers|[from] ability: Frisk|[of] p1a: apt-get can die|[identify]
|move|p2a: Slowbro|Scald|p1a: apt-get can die
|-resisted|p1a: apt-get can die
|-damage|p1a: apt-get can die|260\/373
|
|-heal|p1a: apt-get can die|283\/373|[from] item: Leftovers
|-heal|p2a: Slowbro|280\/394|[from] item: Leftovers
|turn|6
|
|switch|p2a: Heatran|Heatran, F|385\/385
|-damage|p2a: Heatran|337\/385|[from] Stealth Rock
|move|p1a: apt-get can die|Seed Bomb|p2a: Heatran
|-resisted|p2a: Heatran
|-damage|p2a: Heatran|314\/385
|
|-heal|p2a: Heatran|338\/385|[from] item: Leftovers
|-heal|p1a: apt-get can die|306\/373|[from] item: Leftovers
|turn|7
|
|switch|p1a: apt-get can die|Lopunny-Mega, F|271\/271
|move|p2a: Heatran|Stealth Rock|p1a: apt-get can die
|-sidestart|p1: Dread Arceus|move: Stealth Rock
|
|-heal|p2a: Heatran|362\/385|[from] item: Leftovers
|turn|8
|
|move|p2a: Heatran|Protect|p2a: Heatran
|-singleturn|p2a: Heatran|Protect
|move|p1a: apt-get can die|High Jump Kick|p2a: Heatran
|-activate|p2a: Heatran|Protect
|-damage|p1a: apt-get can die|136\/271|[from] highjumpkick
|
|-heal|p2a: Heatran|385\/385|[from] item: Leftovers
|turn|9
|
|switch|p2a: Slowbro|Slowbro, F|394\/394
|-damage|p2a: Slowbro|345\/394|[from] Stealth Rock
|move|p1a: apt-get can die|High Jump Kick|p2a: Slowbro
|-resisted|p2a: Slowbro
|-damage|p2a: Slowbro|270\/394
|
|-heal|p2a: Slowbro|294\/394|[from] item: Leftovers
|turn|10
|join|WhyPokemonWhy
|
|move|p1a: apt-get can die|Return|p2a: Slowbro
|-damage|p2a: Slowbro|173\/394
|move|p2a: Slowbro|Scald|p1a: apt-get can die
|-damage|p1a: apt-get can die|34\/271
|
|-heal|p2a: Slowbro|197\/394|[from] item: Leftovers
|turn|11
|
|switch|p1a: apt-get can die|Gourgeist-Super, F|306\/373
|-damage|p1a: apt-get can die|260\/373|[from] Stealth Rock
|-item|p2a: Slowbro|Leftovers|[from] ability: Frisk|[of] p1a: apt-get can die|[identify]
|move|p2a: Slowbro|Slack Off|p2a: Slowbro
|-heal|p2a: Slowbro|394\/394
|
|-heal|p1a: apt-get can die|283\/373|[from] item: Leftovers
|turn|12
|
|switch|p1a: apt-get can die|Landorus-Therian, M|382\/382
|-damage|p1a: apt-get can die|335\/382|[from] Stealth Rock
|-ability|p1a: apt-get can die|Intimidate|[of] p2a: Slowbro
|-unboost|p2a: Slowbro|atk|1
|switch|p2a: Heatran|Heatran, F|385\/385
|-damage|p2a: Heatran|337\/385|[from] Stealth Rock
|
|-heal|p1a: apt-get can die|358\/382|[from] item: Leftovers
|-heal|p2a: Heatran|361\/385|[from] item: Leftovers
|turn|13
|
|switch|p2a: Slowbro|Slowbro, F|394\/394
|-damage|p2a: Slowbro|345\/394|[from] Stealth Rock
|move|p1a: apt-get can die|Earthquake|p2a: Slowbro
|-damage|p2a: Slowbro|219\/394
|
|-heal|p1a: apt-get can die|381\/382|[from] item: Leftovers
|-heal|p2a: Slowbro|243\/394|[from] item: Leftovers
|turn|14
|
|move|p1a: apt-get can die|U-turn|p2a: Slowbro
|-supereffective|p2a: Slowbro
|-damage|p2a: Slowbro|117\/394
|
|switch|p1a: apt-get can die|Clefable, F|394\/394
|move|p2a: Slowbro|Slack Off|p2a: Slowbro
|-heal|p2a: Slowbro|314\/394
|
|-heal|p2a: Slowbro|338\/394|[from] item: Leftovers
|turn|15
|
|move|p1a: apt-get can die|Calm Mind|p1a: apt-get can die
|-boost|p1a: apt-get can die|spa|1
|-boost|p1a: apt-get can die|spd|1
|move|p2a: Slowbro|Calm Mind|p2a: Slowbro
|-boost|p2a: Slowbro|spa|1
|-boost|p2a: Slowbro|spd|1
|
|-heal|p2a: Slowbro|362\/394|[from] item: Leftovers
|turn|16
|
|switch|p1a: apt-get can die|Gourgeist-Super, F|283\/373
|-damage|p1a: apt-get can die|237\/373|[from] Stealth Rock
|-item|p2a: Slowbro|Leftovers|[from] ability: Frisk|[of] p1a: apt-get can die|[identify]
|move|p2a: Slowbro|Calm Mind|p2a: Slowbro
|-boost|p2a: Slowbro|spa|1
|-boost|p2a: Slowbro|spd|1
|
|-heal|p1a: apt-get can die|260\/373|[from] item: Leftovers
|-heal|p2a: Slowbro|386\/394|[from] item: Leftovers
|turn|17
|
|move|p1a: apt-get can die|Leech Seed|p2a: Slowbro
|-start|p2a: Slowbro|move: Leech Seed
|move|p2a: Slowbro|Scald|p1a: apt-get can die
|-resisted|p1a: apt-get can die
|-damage|p1a: apt-get can die|141\/373
|
|-heal|p1a: apt-get can die|164\/373|[from] item: Leftovers
|-heal|p2a: Slowbro|394\/394|[from] item: Leftovers
|-damage|p2a: Slowbro|345\/394|[from] Leech Seed|[of] p1a: apt-get can die
|-heal|p1a: apt-get can die|213\/373|[silent]
|turn|18
|
|switch|p2a: Heatran|Heatran, F|361\/385
|-damage|p2a: Heatran|313\/385|[from] Stealth Rock
|move|p1a: apt-get can die|Synthesis|p1a: apt-get can die
|-heal|p1a: apt-get can die|373\/373
|
|-heal|p2a: Heatran|337\/385|[from] item: Leftovers
|turn|19
|leave|WhyPokemonWhy
|
|switch|p1a: apt-get can die|Landorus-Therian, M|381\/382
|-damage|p1a: apt-get can die|334\/382|[from] Stealth Rock
|-ability|p1a: apt-get can die|Intimidate|[of] p2a: Heatran
|-unboost|p2a: Heatran|atk|1
|move|p2a: Heatran|Lava Plume|p1a: apt-get can die
|-damage|p1a: apt-get can die|204\/382
|
|-heal|p1a: apt-get can die|227\/382|[from] item: Leftovers
|-heal|p2a: Heatran|361\/385|[from] item: Leftovers
|turn|20
|
|move|p2a: Heatran|Protect|p2a: Heatran
|-singleturn|p2a: Heatran|Protect
|move|p1a: apt-get can die|Earthquake|p2a: Heatran
|-activate|p2a: Heatran|Protect
|
|-heal|p1a: apt-get can die|250\/382|[from] item: Leftovers
|-heal|p2a: Heatran|385\/385|[from] item: Leftovers
|turn|21
|join|Croven
|
|switch|p2a: Slowbro|Slowbro, F|394\/394
|-damage|p2a: Slowbro|345\/394|[from] Stealth Rock
|move|p1a: apt-get can die|Earthquake|p2a: Slowbro
|-damage|p2a: Slowbro|222\/394
|
|-heal|p1a: apt-get can die|273\/382|[from] item: Leftovers
|-heal|p2a: Slowbro|246\/394|[from] item: Leftovers
|turn|22
|
|move|p1a: apt-get can die|U-turn|p2a: Slowbro
|-supereffective|p2a: Slowbro
|-damage|p2a: Slowbro|126\/394
|
|switch|p1a: apt-get can die|Azumarill, F|403\/403
|-damage|p1a: apt-get can die|353\/403|[from] Stealth Rock
|move|p2a: Slowbro|Slack Off|p2a: Slowbro
|-heal|p2a: Slowbro|323\/394
|
|-heal|p2a: Slowbro|347\/394|[from] item: Leftovers
|turn|23
|
|move|p1a: apt-get can die|Waterfall|p2a: Slowbro
|-resisted|p2a: Slowbro
|-damage|p2a: Slowbro|254\/394
|move|p2a: Slowbro|Scald|p1a: apt-get can die
|-resisted|p1a: apt-get can die
|-damage|p1a: apt-get can die|299\/403
|
|-heal|p2a: Slowbro|278\/394|[from] item: Leftovers
|turn|24
|
|move|p1a: apt-get can die|Waterfall|p2a: Slowbro
|-crit|p2a: Slowbro
|-resisted|p2a: Slowbro
|-damage|p2a: Slowbro|152\/394
|move|p2a: Slowbro|Slack Off|p2a: Slowbro
|-heal|p2a: Slowbro|349\/394
|
|-heal|p2a: Slowbro|373\/394|[from] item: Leftovers
|turn|25
|join|Alldaalts
|
|switch|p1a: apt-get can die|Gourgeist-Super, F|373\/373
|-damage|p1a: apt-get can die|327\/373|[from] Stealth Rock
|-item|p2a: Slowbro|Leftovers|[from] ability: Frisk|[of] p1a: apt-get can die|[identify]
|move|p2a: Slowbro|Scald|p1a: apt-get can die
|-resisted|p1a: apt-get can die
|-damage|p1a: apt-get can die|266\/373
|
|-heal|p1a: apt-get can die|289\/373|[from] item: Leftovers
|-heal|p2a: Slowbro|394\/394|[from] item: Leftovers
|turn|26
|
|move|p1a: apt-get can die|Seed Bomb|p2a: Slowbro
|-supereffective|p2a: Slowbro
|-damage|p2a: Slowbro|262\/394
|move|p2a: Slowbro|Scald|p1a: apt-get can die
|-resisted|p1a: apt-get can die
|-damage|p1a: apt-get can die|230\/373
|-status|p1a: apt-get can die|brn
|
|-heal|p1a: apt-get can die|253\/373 brn|[from] item: Leftovers
|-heal|p2a: Slowbro|286\/394|[from] item: Leftovers
|-damage|p1a: apt-get can die|207\/373 brn|[from] brn
|turn|27
|
|switch|p2a: Heatran|Heatran, F|385\/385
|-damage|p2a: Heatran|337\/385|[from] Stealth Rock
|move|p1a: apt-get can die|Leech Seed|p2a: Heatran
|-start|p2a: Heatran|move: Leech Seed
|
|-heal|p2a: Heatran|361\/385|[from] item: Leftovers
|-heal|p1a: apt-get can die|230\/373 brn|[from] item: Leftovers
|-damage|p2a: Heatran|313\/385|[from] Leech Seed|[of] p1a: apt-get can die
|-heal|p1a: apt-get can die|278\/373 brn|[silent]
|-damage|p1a: apt-get can die|232\/373 brn|[from] brn
|turn|28
|
|switch|p1a: apt-get can die|Landorus-Therian, M|273\/382
|-damage|p1a: apt-get can die|226\/382|[from] Stealth Rock
|-ability|p1a: apt-get can die|Intimidate|[of] p2a: Heatran
|-unboost|p2a: Heatran|atk|1
|move|p2a: Heatran|Lava Plume|p1a: apt-get can die
|-damage|p1a: apt-get can die|94\/382
|-status|p1a: apt-get can die|brn
|
|-heal|p1a: apt-get can die|117\/382 brn|[from] item: Leftovers
|-heal|p2a: Heatran|337\/385|[from] item: Leftovers
|-damage|p2a: Heatran|289\/385|[from] Leech Seed|[of] p1a: apt-get can die
|-heal|p1a: apt-get can die|165\/382 brn|[silent]
|-damage|p1a: apt-get can die|118\/382 brn|[from] brn
|turn|29
|leave|Croven
|join|Demandred
|
|switch|p2a: Slowbro|Slowbro, F|394\/394
|-damage|p2a: Slowbro|345\/394|[from] Stealth Rock
|move|p1a: apt-get can die|U-turn|p2a: Slowbro
|-supereffective|p2a: Slowbro
|-damage|p2a: Slowbro|285\/394
|
|switch|p1a: apt-get can die|Azumarill, F|299\/403
|-damage|p1a: apt-get can die|249\/403|[from] Stealth Rock
|
|-heal|p2a: Slowbro|309\/394|[from] item: Leftovers
|turn|30
|
|move|p1a: apt-get can die|Play Rough|p2a: Slowbro
|-damage|p2a: Slowbro|95\/394
|-unboost|p2a: Slowbro|atk|1
|move|p2a: Slowbro|Slack Off|p2a: Slowbro
|-heal|p2a: Slowbro|292\/394
|
|-heal|p2a: Slowbro|316\/394|[from] item: Leftovers
|turn|31
|
|switch|p2a: Skarmory|Skarmory, F|334\/334
|-damage|p2a: Skarmory|293\/334|[from] Stealth Rock
|move|p1a: apt-get can die|Play Rough|p2a: Skarmory
|-resisted|p2a: Skarmory
|-damage|p2a: Skarmory|212\/334
|-unboost|p2a: Skarmory|atk|1
|
|turn|32
|
|switch|p1a: apt-get can die|Clefable, F|394\/394
|move|p2a: Skarmory|Spikes|p1a: apt-get can die
|-sidestart|p1: Dread Arceus|Spikes
|
|turn|33
|
|switch|p2a: Slowbro|Slowbro, F|394\/394
|-damage|p2a: Slowbro|345\/394|[from] Stealth Rock
|move|p1a: apt-get can die|Calm Mind|p1a: apt-get can die
|-boost|p1a: apt-get can die|spa|1
|-boost|p1a: apt-get can die|spd|1
|
|-heal|p2a: Slowbro|369\/394|[from] item: Leftovers
|turn|34
|
|move|p1a: apt-get can die|Calm Mind|p1a: apt-get can die
|-boost|p1a: apt-get can die|spa|1
|-boost|p1a: apt-get can die|spd|1
|move|p2a: Slowbro|Calm Mind|p2a: Slowbro
|-boost|p2a: Slowbro|spa|1
|-boost|p2a: Slowbro|spd|1
|
|-heal|p2a: Slowbro|393\/394|[from] item: Leftovers
|turn|35
|
|move|p1a: apt-get can die|Calm Mind|p1a: apt-get can die
|-boost|p1a: apt-get can die|spa|1
|-boost|p1a: apt-get can die|spd|1
|move|p2a: Slowbro|Calm Mind|p2a: Slowbro
|-boost|p2a: Slowbro|spa|1
|-boost|p2a: Slowbro|spd|1
|
|-heal|p2a: Slowbro|394\/394|[from] item: Leftovers
|turn|36
|
|move|p1a: apt-get can die|Calm Mind|p1a: apt-get can die
|-boost|p1a: apt-get can die|spa|1
|-boost|p1a: apt-get can die|spd|1
|move|p2a: Slowbro|Calm Mind|p2a: Slowbro
|-boost|p2a: Slowbro|spa|1
|-boost|p2a: Slowbro|spd|1
|
|turn|37
|
|move|p1a: apt-get can die|Calm Mind|p1a: apt-get can die
|-boost|p1a: apt-get can die|spa|1
|-boost|p1a: apt-get can die|spd|1
|move|p2a: Slowbro|Calm Mind|p2a: Slowbro
|-boost|p2a: Slowbro|spa|1
|-boost|p2a: Slowbro|spd|1
|
|turn|38
|
|move|p1a: apt-get can die|Calm Mind|p1a: apt-get can die
|-boost|p1a: apt-get can die|spa|1
|-boost|p1a: apt-get can die|spd|1
|move|p2a: Slowbro|Calm Mind|p2a: Slowbro
|-boost|p2a: Slowbro|spa|1
|-boost|p2a: Slowbro|spd|1
|
|turn|39
|
|move|p1a: apt-get can die|Moonblast|p2a: Slowbro
|-damage|p2a: Slowbro|243\/394
|move|p2a: Slowbro|Calm Mind|p2a: Slowbro
|-boost|p2a: Slowbro|spa|1
|-boost|p2a: Slowbro|spd|1
|
|-heal|p2a: Slowbro|267\/394|[from] item: Leftovers
|turn|40
|
|move|p1a: apt-get can die|Moonblast|p2a: Slowbro
|-damage|p2a: Slowbro|129\/394
|move|p2a: Slowbro|Slack Off|p2a: Slowbro
|-heal|p2a: Slowbro|326\/394
|
|-heal|p2a: Slowbro|350\/394|[from] item: Leftovers
|turn|41
|
|move|p1a: apt-get can die|Moonblast|p2a: Slowbro
|-damage|p2a: Slowbro|214\/394
|move|p2a: Slowbro|Psyshock|p1a: apt-get can die
|-crit|p1a: apt-get can die
|-damage|p1a: apt-get can die|0 fnt
|faint|p1a: apt-get can die
|
|-heal|p2a: Slowbro|238\/394|[from] item: Leftovers
|
|switch|p1a: apt-get can die|Azumarill, F|249\/403
|-damage|p1a: apt-get can die|199\/403|[from] Stealth Rock
|-damage|p1a: apt-get can die|149\/403|[from] Spikes
|turn|42
|
|switch|p2a: Skarmory|Skarmory, F|212\/334
|-damage|p2a: Skarmory|171\/334|[from] Stealth Rock
|move|p1a: apt-get can die|Play Rough|p2a: Skarmory
|-resisted|p2a: Skarmory
|-damage|p2a: Skarmory|89\/334
|
|turn|43
|
|switch|p1a: apt-get can die|Lopunny-Mega, F|34\/271
|-damage|p1a: apt-get can die|18\/271|[from] Stealth Rock
|-damage|p1a: apt-get can die|0 fnt|[from] Spikes
|faint|p1a: apt-get can die
|move|p2a: Skarmory|Roost|p2a: Skarmory
|-heal|p2a: Skarmory|256\/334
|
|-message|Dread Arceus forfeited.
|c|âHallucination|gg
|
|win|Hallucination
|c|âDread Arceus|k so
|c|âDread Arceus|why'd you bring stall?
|c|âHallucination|My preferred style
|c|âDread Arceus|ah ok
|c|âHallucination|:( Do you not like stall?
|c|âDread Arceus|it's not that
|c|âDread Arceus|just wanted to hear your reasoning behind it lol