|join|reqs boii
|join|Hallucination
|join|emil1
|join|bucador2
|join|GunnerRohan
|join|Mikemad97
|join|BibarelThump
|join|Motherklang
|join|Greneenja
|join|silverbackkap
|join|KabouroPhobia
|join|Groudon ex
|player|p1|reqs boii|170
|player|p2|Hallucination|169
|gametype|singles
|gen|6
|tier|OU (suspect test)
|clearpoke
|poke|p1|Thundurus, M, shiny
|poke|p1|Mew
|poke|p1|Garchomp, F
|poke|p1|Latios, M
|poke|p1|Altaria, M
|poke|p1|Azumarill, M
|poke|p2|Blissey, F
|poke|p2|Heatran, F
|poke|p2|Slowbro, F
|poke|p2|Skarmory, F
|poke|p2|Sableye, F
|poke|p2|Clefable, F
|rule|Swagger Clause: Swagger is banned
|rule|Baton Pass Clause: Limit one PokÃ©mon knowing Baton Pass
|rule|Sleep Clause Mod: Limit one foe put to sleep
|rule|Species Clause: Limit one of each PokÃ©mon
|rule|OHKO Clause: OHKO moves are banned
|rule|Moody Clause: Moody is banned
|rule|Evasion Moves Clause: Evasion moves are banned
|rule|Endless Battle Clause: Forcing endless battles is banned
|rule|HP Percentage Mod: HP is shown in percentages
|teampreview
|join|CobaltClaw
|join|REDxLOTUS
|join|TaleOfTwoTitties
|join|adedffdf
|join|theNigerianPrince
|c|âreqs boii|yo
|c| BibarelThump|please counter team
|join|Pokeplays777
|join|fennekin
|c| TaleOfTwoTitties|stall breaker mew
|join|GoodGutana
|join|GrandBlack
|c| BibarelThump|gl my boy reqs
|join|Legend of Poro
|join|jonj9292
|c|âreqs boii|fuck
|join|claudioo2
|join|Syre Sinatra
|join|slim mattie
|join|hashtag fabulous
|join|Master DIA
|c|âreqs boii|thanks bibarel
|join|mbvklc
|c|âreqs boii|gl hallucination
|join|Rekzz
|join|Unban Moody
|c| BibarelThump|I see u
|c| Rekzz|I see something disgusting
|join|kfferd
|c|âHallucination|you too mate
|join|ahtrkyr
|c|âreqs boii|this is going to be 100 turns
|join|Osteentassaumn
|join|Galactic Princess
|c| hashtag fabulous|blue vs pink
|c| Greneenja|Why didn't you make Mew shiny
|c| Greneenja|:(
|c|âreqs boii|i forgot
|join|king of spycrabs
|c| BibarelThump|I don't get blissey's purpose
|c|âreqs boii|:[
|c| BibarelThump|unless wish
|
|start
|switch|p1a: Thundurus|Thundurus, M, shiny|298\/298
|switch|p2a: Sableye|Sableye, F|304\/304
|turn|1
|join|branflakes325
|raw|<div class="broadcast-red"><b>Moderated chat was set to +!<\/b><br \/>Only users of rank + and higher can talk.<\/div>
|join|jclaro
|join|iTuna
|join|TheObsessed
|leave|Rekzz
|
|detailschange|p2a: Sableye|Sableye-Mega, F
|-mega|p2a: Sableye|Sableye|Sablenite
|move|p1a: Thundurus|Nasty Plot|p1a: Thundurus
|-boost|p1a: Thundurus|spa|2
|move|p2a: Sableye|Recover|p2a: Sableye
|-fail|p2a: Sableye
|
|turn|2
|join|PokeGodA"Z"M
|join|LMay
|join|tiozao usp
|c|âreqs boii|who set the moderated chat?
|join|King Time Stall
|join|johnnyk121
|c|âHallucination|I did
|
|switch|p2a: Clefable|Clefable, F|394\/394
|move|p1a: Thundurus|Thunderbolt|p2a: Clefable
|-damage|p2a: Clefable|238\/394
|-status|p2a: Clefable|par
|
|-heal|p2a: Clefable|262\/394 par|[from] item: Leftovers
|turn|3
|c|âreqs boii|i wanted to see my frens comment
|c|âHallucination|I didnt
|join|Saved by Dragonite
|c|âreqs boii|sry man
|join|KingTripleA2
|join|Woolytop
|join|LeviatorMax
|
|move|p1a: Thundurus|Taunt|p2a: Clefable
|-start|p2a: Clefable|move: Taunt
|cant|p2a: Clefable|move: Taunt|Wish
|
|-heal|p2a: Clefable|286\/394 par|[from] item: Leftovers
|turn|4
|c|âHallucination|thats a first
|c|âreqs boii|thats what i ran in xy
|join|mute7.1
|join|VagSlayer420
|
|switch|p2a: Heatran|Heatran, F|385\/385
|move|p1a: Thundurus|Thunderbolt|p2a: Heatran
|-crit|p2a: Heatran
|-damage|p2a: Heatran|37\/385
|
|-heal|p2a: Heatran|61\/385|[from] item: Leftovers
|turn|5
|join|Boikachu
|c|âreqs boii|since people were klefki happy
|join|Weather Much
|c|âreqs boii|damn
|c|âHallucination|damn mate
|c|âHallucination|slow down the hax
|c|âreqs boii|would've a 2hko anyway, right?
|join|i came from leddit
|join|lmLonely
|c|âHallucination|not likely after protect
|c|âHallucination|sucks
|join|InToDaPussi
|c|âHallucination|eh maybe its likely
|
|move|p1a: Thundurus|Thunderbolt|p2a: Heatran
|-damage|p2a: Heatran|0 fnt
|faint|p2a: Heatran
|
|c|âHallucination|calc doesnt have a protect button
|join|roomvoice pls
|c|âreqs boii|i really have no control over the bullshit
|c|âreqs boii|sry
|
|switch|p2a: Blissey|Blissey, F|652\/652
|turn|6
|c|âHallucination|its fine
|join|gRaPeFrUiTgOd666
|join|Transient Days
|
|move|p1a: Thundurus|Taunt|p2a: Blissey
|-start|p2a: Blissey|move: Taunt
|move|p2a: Blissey|Seismic Toss|p1a: Thundurus
|-damage|p1a: Thundurus|198\/298
|
|-heal|p1a: Thundurus|216\/298|[from] item: Leftovers
|turn|7
|join|Bullet Club
|join|vielIeis
|
|switch|p1a: Garchomp|Garchomp, F|357\/357
|move|p2a: Blissey|Seismic Toss|p1a: Garchomp
|-damage|p1a: Garchomp|257\/357
|-damage|p2a: Blissey|571\/652|[from] ability: Rough Skin|[of] p1a: Garchomp
|
|-heal|p2a: Blissey|611\/652|[from] item: Leftovers
|turn|8
|leave|Saved by Dragonite
|join|Maiora
|c|âHallucination|lol mate people like pinging me in the OU chatroom
|c|âHallucination|like damn pls stop
|c|âreqs boii|haha
|
|switch|p2a: Slowbro|Slowbro, F|394\/394
|move|p1a: Garchomp|Stealth Rock|p2a: Slowbro
|-sidestart|p2: Hallucination|move: Stealth Rock
|
|turn|9
|
|switch|p1a: Mew|Mew|404\/404
|move|p2a: Slowbro|Scald|p1a: Mew
|-damage|p1a: Mew|301\/404
|
|-heal|p1a: Mew|326\/404|[from] item: Leftovers
|turn|10
|join|Ghostfear
|join|CleanerThanRotom-W
|join|Skumbag Tony
|c|âreqs boii|kinda wanted u to burn me
|join|blazingaura18
|c|âHallucination|i kinda did too
|join|free speech pls
|
|move|p1a: Mew|Knock Off|p2a: Slowbro
|-supereffective|p2a: Slowbro
|-damage|p2a: Slowbro|296\/394
|-enditem|p2a: Slowbro|Leftovers|[from] move: Knock Off|[of] p1a: Mew
|move|p2a: Slowbro|Scald|p1a: Mew
|-damage|p1a: Mew|236\/404
|
|-heal|p1a: Mew|261\/404|[from] item: Leftovers
|turn|11
|c|âreqs boii|damn
|join|free speech pls
|leave|Boikachu
|join|free speech pls
|join|free speech pls
|c|âreqs boii|hhahaha
|join|free speech pls
|join|TTM Jolt
|
|move|p1a: Mew|Will-O-Wisp|p2a: Slowbro
|-status|p2a: Slowbro|brn
|move|p2a: Slowbro|Scald|p1a: Mew
|-damage|p1a: Mew|173\/404
|
|-heal|p1a: Mew|198\/404|[from] item: Leftovers
|-damage|p2a: Slowbro|247\/394 brn|[from] brn
|turn|12
|join|reqs is gonna win
|c|âHallucination|mate y
|
|switch|p2a: Sableye|Sableye-Mega, F|304\/304
|-damage|p2a: Sableye|266\/304|[from] Stealth Rock
|move|p1a: Mew|Roost|p1a: Mew
|-heal|p1a: Mew|400\/404
|
|-heal|p1a: Mew|404\/404|[from] item: Leftovers
|turn|13
|join|strech ur arms
|c|âreqs boii|this thing
|join|as far as u can
|leave|PokeGodA"Z"M
|c|âreqs boii|mega sableye is the new mega venusaur
|
|switch|p1a: Altaria|Altaria, M|291\/291
|move|p2a: Sableye|Knock Off|p1a: Altaria
|-damage|p1a: Altaria|218\/291
|
|turn|14
|c|âreqs boii|great utility mon
|join|thats how much
|join|Req'd By Latias
|join|9th Inning
|join|better he is
|join|reqs finna win 6-0
|join|free speech pls
|
|switch|p2a: Clefable|Clefable, F|286\/394 par
|-damage|p2a: Clefable|237\/394 par|[from] Stealth Rock
|detailschange|p1a: Altaria|Altaria-Mega, M
|-mega|p1a: Altaria|Altaria|Altarianite
|move|p1a: Altaria|Hyper Voice|p2a: Clefable
|-damage|p2a: Clefable|29\/394 par
|
|-heal|p2a: Clefable|53\/394 par|[from] item: Leftovers
|turn|15
|join|free speech pls
|leave|i came from leddit
|join|free speech pls
|c|âreqs boii|aaah
|join|Numera
|
|move|p1a: Altaria|Hyper Voice|p2a: Clefable
|-damage|p2a: Clefable|0 fnt
|faint|p2a: Clefable
|
|join|JustTestingBruh
|leave|jonj9292
|join|KWAAAAAAAA
|
|switch|p2a: Blissey|Blissey, F|611\/652
|-damage|p2a: Blissey|530\/652|[from] Stealth Rock
|turn|16
|
|switch|p1a: Garchomp|Garchomp, F|257\/357
|move|p2a: Blissey|Toxic|p1a: Garchomp
|-status|p1a: Garchomp|tox
|
|-heal|p2a: Blissey|570\/652|[from] item: Leftovers
|-damage|p1a: Garchomp|235\/357 tox|[from] psn
|turn|17
|c|âHallucination|do u have fire blast
|join|Demacekilljoy
|
|switch|p1a: Thundurus|Thundurus, M, shiny|216\/298
|switch|p2a: Slowbro|Slowbro, F|378\/394 brn
|-damage|p2a: Slowbro|329\/394 brn|[from] Stealth Rock
|
|-heal|p1a: Thundurus|234\/298|[from] item: Leftovers
|-damage|p2a: Slowbro|280\/394 brn|[from] brn
|turn|18
|c|âreqs boii|yummy
|join|Dialgaa
|join|reqs is too god
|
|switch|p2a: Blissey|Blissey, F|570\/652
|-damage|p2a: Blissey|489\/652|[from] Stealth Rock
|move|p1a: Thundurus|Thunderbolt|p2a: Blissey
|-damage|p2a: Blissey|381\/652
|
|-heal|p1a: Thundurus|252\/298|[from] item: Leftovers
|-heal|p2a: Blissey|421\/652|[from] item: Leftovers
|turn|19
|leave|VagSlayer420
|
|move|p1a: Thundurus|Taunt|p2a: Blissey
|-start|p2a: Blissey|move: Taunt
|move|p2a: Blissey|Seismic Toss|p1a: Thundurus
|-damage|p1a: Thundurus|152\/298
|
|-heal|p1a: Thundurus|170\/298|[from] item: Leftovers
|-heal|p2a: Blissey|461\/652|[from] item: Leftovers
|turn|20
|join|poopypee69
|leave|kfferd
|join|Hanibbal Lector
|
|switch|p1a: Garchomp|Garchomp, F|235\/357 tox
|move|p2a: Blissey|Seismic Toss|p1a: Garchomp
|-damage|p1a: Garchomp|135\/357 tox
|-damage|p2a: Blissey|380\/652|[from] ability: Rough Skin|[of] p1a: Garchomp
|
|-heal|p2a: Blissey|420\/652|[from] item: Leftovers
|-damage|p1a: Garchomp|113\/357 tox|[from] psn
|turn|21
|join|Hannibal Lector
|join|Saved by Dragonite
|
|switch|p2a: Slowbro|Slowbro, F|394\/394 brn
|-damage|p2a: Slowbro|345\/394 brn|[from] Stealth Rock
|move|p1a: Garchomp|Earthquake|p2a: Slowbro
|-damage|p2a: Slowbro|219\/394 brn
|
|-damage|p1a: Garchomp|69\/357 tox|[from] psn
|-damage|p2a: Slowbro|170\/394 brn|[from] brn
|turn|22
|join|PokeGodA"Z"M
|leave|PokeGodA"Z"M
|leave|KWAAAAAAAA
|join|i came from leddit
|join|Chillingtilnoon
|c|âHallucination|mate gimme the 5\/0
|leave|i came from leddit
|
|move|p1a: Garchomp|Outrage|p2a: Slowbro
|-damage|p2a: Slowbro|29\/394 brn
|move|p2a: Slowbro|Slack Off|p2a: Slowbro
|-heal|p2a: Slowbro|226\/394 brn
|
|-damage|p1a: Garchomp|3\/357 tox|[from] psn
|-damage|p2a: Slowbro|177\/394 brn|[from] brn
|turn|23
|
|move|p1a: Garchomp|Outrage|p2a: Slowbro
|-damage|p2a: Slowbro|33\/394 brn
|move|p2a: Slowbro|Slack Off|p2a: Slowbro
|-heal|p2a: Slowbro|230\/394 brn
|
|-damage|p1a: Garchomp|0 fnt|[from] psn
|-damage|p2a: Slowbro|181\/394 brn|[from] brn
|faint|p1a: Garchomp
|leave|Ghostfear
|leave|King Time Stall
|
|switch|p1a: Thundurus|Thundurus, M, shiny|170\/298
|turn|24
|
|switch|p2a: Blissey|Blissey, F|420\/652
|-damage|p2a: Blissey|339\/652|[from] Stealth Rock
|move|p1a: Thundurus|Nasty Plot|p1a: Thundurus
|-boost|p1a: Thundurus|spa|2
|
|-heal|p1a: Thundurus|188\/298|[from] item: Leftovers
|-heal|p2a: Blissey|379\/652|[from] item: Leftovers
|turn|25
|join|JDynasty
|leave|Galactic Princess
|
|move|p1a: Thundurus|Nasty Plot|p1a: Thundurus
|-boost|p1a: Thundurus|spa|2
|move|p2a: Blissey|Seismic Toss|p1a: Thundurus
|-damage|p1a: Thundurus|88\/298
|
|-heal|p1a: Thundurus|106\/298|[from] item: Leftovers
|-heal|p2a: Blissey|419\/652|[from] item: Leftovers
|turn|26
|
|move|p1a: Thundurus|Thunderbolt|p2a: Blissey
|-damage|p2a: Blissey|130\/652
|move|p2a: Blissey|Seismic Toss|p1a: Thundurus
|-damage|p1a: Thundurus|6\/298
|
|-heal|p1a: Thundurus|24\/298|[from] item: Leftovers
|-heal|p2a: Blissey|170\/652|[from] item: Leftovers
|turn|27
|leave|CleanerThanRotom-W
|c|âHallucination|gg
|
|move|p1a: Thundurus|Thunderbolt|p2a: Blissey
|-damage|p2a: Blissey|0 fnt
|faint|p2a: Blissey
|
|-heal|p1a: Thundurus|42\/298|[from] item: Leftovers
|leave|Saved by Dragonite
|
|switch|p2a: Sableye|Sableye-Mega, F|266\/304
|-damage|p2a: Sableye|228\/304|[from] Stealth Rock
|turn|28
|leave|Greneenja
|
|move|p1a: Thundurus|Thunderbolt|p2a: Sableye
|-damage|p2a: Sableye|0 fnt
|faint|p2a: Sableye
|
|-heal|p1a: Thundurus|60\/298|[from] item: Leftovers
|leave|Mikemad97
|join|Gnaro
|join|Myliltony
|join|TheGary2346
|join|gg hallucination
|
|switch|p2a: Slowbro|Slowbro, F|312\/394 brn
|-damage|p2a: Slowbro|263\/394 brn|[from] Stealth Rock
|turn|29
|join|u sukc
|join|Galactic Princess
|
|move|p1a: Thundurus|Thunderbolt|p2a: Slowbro
|-supereffective|p2a: Slowbro
|-damage|p2a: Slowbro|0 fnt
|faint|p2a: Slowbro
|
|-heal|p1a: Thundurus|78\/298|[from] item: Leftovers
|
|switch|p2a: Skarmory|Skarmory, F|334\/334
|-damage|p2a: Skarmory|293\/334|[from] Stealth Rock
|turn|30
|leave|Bullet Club
|
|move|p1a: Thundurus|Thunderbolt|p2a: Skarmory
|-crit|p2a: Skarmory
|-supereffective|p2a: Skarmory
|-damage|p2a: Skarmory|0 fnt
|faint|p2a: Skarmory
|
|win|reqs boii
|leave|Numera
|leave|adedffdf
|leave|LMay
|leave|Hannibal Lector
|leave|emil1
|leave|Groudon ex
|leave|slim mattie
|leave|fennekin
|leave|tiozao usp
|leave|JDynasty
|leave|LeviatorMax
|leave|GrandBlack
|leave|Myliltony
|leave|Unban Moody
|leave|TheGary2346
|c|âHallucination|gg
|leave|GoodGutana
|leave|hashtag fabulous
|leave|reqs boii
|leave|Hallucination
|player|p1
|player|p2
|leave|Req'd By Latias
|leave|Legend of Poro
|leave|CobaltClaw
|leave|Transient Days
|leave|Osteentassaumn
|leave|Motherklang
|leave|theNigerianPrince
|leave|blazingaura18
|leave|Chillingtilnoon
|leave|REDxLOTUS
|leave|silverbackkap
|leave|bucador2
|leave|mbvklc
|leave|mute7.1
|leave|Pokeplays777
|leave|king of spycrabs
|leave|Maiora
|leave|ahtrkyr
|leave|JustTestingBruh
|leave|Weather Much
|join|Sike2303
|leave|Sike2303
|leave|GunnerRohan
|leave|claudioo2
|join|Ghostfear
|leave|Ghostfear
|leave|Galactic Princess
|leave|Dialgaa
|leave|Demacekilljoy
|leave|Woolytop
|leave|Syre Sinatra
|leave|vielIeis
|join|TheGary2346
|leave|TheGary2346
|leave|9th Inning
|leave|BibarelThump
|leave|TaleOfTwoTitties
|leave|lmLonely
|leave|jclaro
|leave|branflakes325
|leave|TTM Jolt
|leave|gRaPeFrUiTgOd666
|leave|johnnyk121
|leave|Skumbag Tony
|join|reqs boii