|join|reqs boii
|join|Hallucination
|player|p1|reqs boii|170
|player|p2|Hallucination|2
|gametype|doubles
|gen|6
|tier|Smogon Doubles
|clearpoke
|poke|p1|Deoxys-Attack
|poke|p1|Terrakion
|poke|p1|Kangaskhan, F
|poke|p1|Thundurus, M
|poke|p1|Garchomp, F
|poke|p1|Greninja, M
|poke|p2|Spinda, F
|poke|p2|Arcanine, M
|poke|p2|Klefki, F
|poke|p2|Deoxys-Speed
|poke|p2|Ferrothorn, F
|poke|p2|Drifblim, F
|rule|Species Clause: Limit one of each PokÃ©mon
|rule|OHKO Clause: OHKO moves are banned
|rule|Moody Clause: Moody is banned
|rule|Evasion Abilities Clause: Evasion abilities are banned
|rule|Evasion Moves Clause: Evasion moves are banned
|rule|Endless Battle Clause: Forcing endless battles is banned
|rule|HP Percentage Mod: HP is shown in percentages
|teampreview
|
|start
|switch|p1a: Thundurus|Thundurus, M|299\/299
|switch|p1b: Deoxys-Attack|Deoxys-Attack|241\/241
|switch|p2a: Klefki|Klefki, F|317\/317
|switch|p2b: Drifblim|Drifblim, F|503\/503
|-ability|p1b: Deoxys-Attack|Pressure
|turn|1
|
|move|p1a: Thundurus|Taunt|p2a: Klefki
|-start|p2a: Klefki|move: Taunt
|cant|p2a: Klefki|move: Taunt|Light Screen
|move|p1b: Deoxys-Attack|Psycho Boost|p2b: Drifblim
|-damage|p2b: Drifblim|0 fnt
|-unboost|p1b: Deoxys-Attack|spa|2
|-damage|p1b: Deoxys-Attack|217\/241|[from] item: Life Orb
|faint|p2b: Drifblim
|
|join|virisdv9
|
|switch|p2b: Ferrothorn|Ferrothorn, F|352\/352
|turn|2
|
|move|p1a: Thundurus|Taunt|p2b: Ferrothorn
|-start|p2b: Ferrothorn|move: Taunt
|move|p1b: Deoxys-Attack|Superpower|p2b: Ferrothorn
|-supereffective|p2b: Ferrothorn
|-damage|p2b: Ferrothorn|0 fnt
|-damage|p1b: Deoxys-Attack|187\/241|[from] ability: Iron Barbs|[of] p2b: Ferrothorn
|-unboost|p1b: Deoxys-Attack|atk|1
|-unboost|p1b: Deoxys-Attack|def|1
|-damage|p1b: Deoxys-Attack|163\/241|[from] item: Life Orb
|faint|p2b: Ferrothorn
|move|p2a: Klefki|Foul Play|p1a: Thundurus
|-damage|p1a: Thundurus|197\/299
|
|-heal|p1a: Thundurus|215\/299|[from] item: Leftovers
|c|âreqs boii|i love this tier
|
|switch|p2b: Deoxys-Speed|Deoxys-Speed|303\/303
|-ability|p2b: Deoxys-Speed|Pressure
|turn|3
|
|move|p1b: Deoxys-Attack|Protect|p1b: Deoxys-Attack
|-singleturn|p1b: Deoxys-Attack|Protect
|move|p1a: Thundurus|Taunt|p2b: Deoxys-Speed
|-start|p2b: Deoxys-Speed|move: Taunt
|cant|p2b: Deoxys-Speed|move: Taunt|Cosmic Power
|move|p2a: Klefki|Foul Play|p1a: Thundurus
|-damage|p1a: Thundurus|120\/299
|
|-heal|p1a: Thundurus|138\/299|[from] item: Leftovers
|-end|p2a: Klefki|move: Taunt
|turn|4
|
|switch|p1b: Garchomp|Garchomp, F|357\/357
|move|p1a: Thundurus|Thunder Wave|p2b: Deoxys-Speed
|-status|p2b: Deoxys-Speed|par
|cant|p2b: Deoxys-Speed|par
|move|p2a: Klefki|Foul Play|p1a: Thundurus
|-damage|p1a: Thundurus|45\/299
|
|-heal|p1a: Thundurus|63\/299|[from] item: Leftovers
|turn|5
|
|move|p1a: Thundurus|Taunt|p2a: Klefki
|-start|p2a: Klefki|move: Taunt
|move|p1b: Garchomp|Earthquake|p2b: Deoxys-Speed
|-immune|p1a: Thundurus|[msg]
|-supereffective|p2a: Klefki
|-damage|p2a: Klefki|101\/317
|-damage|p2b: Deoxys-Speed|161\/303 par
|move|p2a: Klefki|Foul Play|p1b: Garchomp
|-damage|p1b: Garchomp|246\/357
|-damage|p2a: Klefki|62\/317|[from] ability: Rough Skin|[of] p1b: Garchomp
|move|p2b: Deoxys-Speed|Psychic|p1b: Garchomp
|-damage|p1b: Garchomp|131\/357
|
|-heal|p1a: Thundurus|81\/299|[from] item: Leftovers
|-heal|p2b: Deoxys-Speed|179\/303 par|[from] item: Leftovers
|-end|p2b: Deoxys-Speed|move: Taunt
|turn|6
|
|move|p1a: Thundurus|Thunderbolt|p2b: Deoxys-Speed
|-damage|p2b: Deoxys-Speed|0 fnt
|faint|p2b: Deoxys-Speed
|move|p1b: Garchomp|Earthquake|p2a: Klefki
|-immune|p1a: Thundurus|[msg]
|-supereffective|p2a: Klefki
|-damage|p2a: Klefki|0 fnt
|faint|p2a: Klefki
|
|-heal|p1a: Thundurus|99\/299|[from] item: Leftovers
|
|switch|p2b: Spinda|Spinda, F|324\/324
|switch|p2a: Arcanine|Arcanine, M|384\/384
|-ability|p2a: Arcanine|Intimidate|[of] p1a: Thundurus
|-unboost|p1a: Thundurus|atk|1
|-ability|p2a: Arcanine|Intimidate|[of] p1b: Garchomp
|-unboost|p1b: Garchomp|atk|1
|turn|7
|
|switch|p1a: Kangaskhan|Kangaskhan, F|351\/351
|switch|p1b: Terrakion|Terrakion|324\/324
|move|p2b: Spinda|Skill Swap|p2a: Arcanine
|-activate|p2b: Spinda|move: Skill Swap|Intimidate|Contrary|[of] p2a: Arcanine
|-ability|p2b: Spinda|Intimidate|[of] p1a: Kangaskhan
|-unboost|p1a: Kangaskhan|atk|1
|-ability|p2b: Spinda|Intimidate|[of] p1b: Terrakion
|-unboost|p1b: Terrakion|atk|1
|move|p2a: Arcanine|Substitute|p2a: Arcanine
|-start|p2a: Arcanine|Substitute
|-damage|p2a: Arcanine|288\/384
|
|-heal|p2a: Arcanine|312\/384|[from] item: Leftovers
|turn|8
|
|detailschange|p1a: Kangaskhan|Kangaskhan-Mega, F
|-mega|p1a: Kangaskhan|Kangaskhan|Kangaskhanite
|move|p1a: Kangaskhan|Fake Out|p2b: Spinda
|-damage|p2b: Spinda|251\/324
|-damage|p2b: Spinda|212\/324
|-hitcount|p2b: Spinda|2
|cant|p2b: Spinda|flinch
|move|p1b: Terrakion|Close Combat|p2b: Spinda
|-supereffective|p2b: Spinda
|-damage|p2b: Spinda|0 fnt
|-unboost|p1b: Terrakion|def|1
|-unboost|p1b: Terrakion|spd|1
|faint|p2b: Spinda
|move|p2a: Arcanine|Close Combat|p1b: Terrakion
|-supereffective|p1b: Terrakion
|-damage|p1b: Terrakion|26\/324
|-boost|p2a: Arcanine|def|1
|-boost|p2a: Arcanine|spd|1
|
|-heal|p2a: Arcanine|336\/384|[from] item: Leftovers
|turn|9
|
|move|p1b: Terrakion|Rock Slide|p2a: Arcanine
|-supereffective|p2a: Arcanine
|-end|p2a: Arcanine|Substitute
|move|p1a: Kangaskhan|Frustration|p2a: Arcanine
|-damage|p2a: Arcanine|228\/384
|-damage|p2a: Arcanine|179\/384
|-hitcount|p2a: Arcanine|2
|move|p2a: Arcanine|Close Combat|p1a: Kangaskhan
|-supereffective|p1a: Kangaskhan
|-damage|p1a: Kangaskhan|171\/351
|-boost|p2a: Arcanine|def|1
|-boost|p2a: Arcanine|spd|1
|
|-heal|p2a: Arcanine|203\/384|[from] item: Leftovers
|turn|10
|c|âHallucination|lol do u think arcanine can do it
|c|âreqs boii|no
|c|âHallucination|hehe
|c|âreqs boii|i have a greninja in the back
|c|âreqs boii|just chillin :]
|c| virisdv9|how the acanine have contrary
|c| virisdv9|?
|c|âreqs boii|skill swap
|c|âHallucination|by being cool
|c|âreqs boii|come on hallu
|
|move|p1b: Terrakion|Rock Slide|p2a: Arcanine
|-supereffective|p2a: Arcanine
|-damage|p2a: Arcanine|93\/384
|move|p1a: Kangaskhan|Bite|p2a: Arcanine
|-damage|p2a: Arcanine|59\/384
|-damage|p2a: Arcanine|43\/384
|-hitcount|p2a: Arcanine|2
|cant|p2a: Arcanine|flinch
|
|-heal|p2a: Arcanine|67\/384|[from] item: Leftovers
|turn|11
|c| virisdv9|ok :3
|c|âHallucination|das lame
|c|âreqs boii|flinch rape
|c|âreqs boii|both of those moves have a chance of flinching
|c|âreqs boii|get raped
|
|move|p1b: Terrakion|Close Combat|p2a: Arcanine
|-damage|p2a: Arcanine|0 fnt
|-unboost|p1b: Terrakion|def|1
|-unboost|p1b: Terrakion|spd|1
|faint|p2a: Arcanine
|
|win|reqs boii
|c|âHallucination|so weak
|c|âHallucination|gg
|c|âreqs boii|gg man
|c|âreqs boii|yo hallu
|c|âreqs boii|you should try offense in this tier
|c|âreqs boii|it's really fun
|c|âHallucination|i got this from that dude mate
|c|âHallucination|https:\/\/www.youtube.com\/watch?v=3Z5WoAlw9S4
|c|âreqs boii|verlisboyy?
|c|âreqs boii|ahahahha
|c|âreqs boii|the lord
|c|âHallucination|he lied it didnt work XD
|c|âreqs boii|this nigga is complete ass xD
|c|âHallucination|its funny af tho
|c|âHallucination|i had to try it XD
|c|âreqs boii|his 'expansive knowledge in doubles' didnt come thru :[
|c|âHallucination|im saving replay and telling everyone u swept u with a spinda