|inactive|Battle timer is ON: inactive players will automatically lose when time's up.
|J|spec m
|J|Hallucination
|player|p1|spec m|126
|player|p2|Hallucination|2
|gametype|singles
|gen|6
|tier|Ubers
|rule|Swagger Clause: Swagger is banned
|clearpoke
|poke|p1|Aegislash, F
|poke|p1|Heatran, M
|poke|p1|Landorus-Therian, M
|poke|p1|Keldeo
|poke|p1|Bisharp, M
|poke|p1|Latios, M
|poke|p2|Terrakion
|poke|p2|Aegislash, M
|poke|p2|Venusaur, M
|poke|p2|Rotom-Wash
|poke|p2|Landorus-Therian, M
|poke|p2|Latios, M
|rule|Mega Rayquaza Ban Mod: You cannot mega evolve Rayquaza
|rule|Sleep Clause Mod: Limit one foe put to sleep
|rule|Species Clause: Limit one of each PokÃ©mon
|rule|Moody Clause: Moody is banned
|rule|OHKO Clause: OHKO moves are banned
|rule|Endless Battle Clause: Forcing endless battles is banned
|rule|HP Percentage Mod: HP is shown in percentages
|teampreview
|J|Imanalt
|J|Goddess Martel
|J|MEWTO S TIER
|J|earth
|J|Lemonade
|c| MEWTO S TIER|FUCK U
|J|silverbackkap
|J|Lockheeed
|J|majaspic22
|J|Maverrr
|J|Noriya
|J|DracoMaster Dab
|L|Goddess Martel
|L|Lemonade
|c| MEWTO S TIER|DONT FUCKING DETRACT
|L|majaspic22
|J|Inflikted
|c| MEWTO S TIER|FROM THE OTHER GAME K
|L|DracoMaster Dab
|L|MEWTO S TIER
|J|steelphoenix
|J|Astounded
|J|Lange98
|J|QuelDandi
|L|steelphoenix
|L|Astounded
|c|âspec m|who is this guy?
|c|âHallucination|dunno
|J|Fireburn
|J|Fran17
|L|Fireburn
|J|mael oo
|J|Rodri18
|c| Maverrr|just modchat +
|c|+QuelDandi|spec m, modchat
|J|Chirac
|c|âspec m|dici?
|J|Stathakis
|raw|<div class="broadcast-red"><b>Moderated chat was set to +!<\/b><br \/>Only users of rank + and higher can talk.<\/div>
|L|silverbackkap
|J|mmz1 sucks
|J|A2tehBR
|c|+Lange98|eh bhe
|
|start
|switch|p1a: Landorus-Therian|Landorus-Therian, M|382\/382
|switch|p2a: Rotom-Wash|Rotom-Wash|304\/304
|-ability|p1a: Landorus-Therian|Intimidate|[of] p2a: Rotom-Wash
|-unboost|p2a: Rotom-Wash|atk|1
|turn|1
|L|Chirac
|c|+QuelDandi|Consiglierei la modchat %
|c|+Lange98|ma Ã¨ tipo un tour di cosa?
|c|+QuelDandi|Ma comunque
|L|A2tehBR
|c|âspec m|si
|J|Super YolloMann
|
|move|p1a: Landorus-Therian|U-turn|p2a: Rotom-Wash
|-damage|p2a: Rotom-Wash|212\/304
|c|+Lange98|\/\/modchat %
|c|+Big the Hedgehog|GOOD DUCK
|c|+Lange98|BIg1
|
|switch|p1a: Latios|Latios, M|301\/301
|move|p2a: Rotom-Wash|Will-O-Wisp|p1a: Latios
|-status|p1a: Latios|brn
|
|-heal|p2a: Rotom-Wash|231\/304|[from] item: Leftovers
|-damage|p1a: Latios|264\/301 brn|[from] brn
|turn|2
|J|Stellar
|
|switch|p2a: Aegislash|Aegislash, M|323\/323
|move|p1a: Latios|Draco Meteor|p2a: Aegislash
|-resisted|p2a: Aegislash
|-damage|p2a: Aegislash|209\/323
|-unboost|p1a: Latios|spa|2
|-damage|p1a: Latios|234\/301 brn|[from] item: Life Orb
|
|-damage|p1a: Latios|197\/301 brn|[from] brn
|turn|3
|
|switch|p1a: Heatran|Heatran, M|386\/386
|-formechange|p2a: Aegislash|Aegislash-Blade
|move|p2a: Aegislash|Sacred Sword|p1a: Heatran
|-supereffective|p1a: Heatran
|-damage|p1a: Heatran|204\/386
|
|-heal|p1a: Heatran|228\/386|[from] item: Leftovers
|turn|4
|L|Stathakis
|
|switch|p2a: Rotom-Wash|Rotom-Wash|231\/304
|move|p1a: Heatran|Lava Plume|p2a: Rotom-Wash
|-resisted|p2a: Rotom-Wash
|-damage|p2a: Rotom-Wash|188\/304
|
|-heal|p2a: Rotom-Wash|207\/304|[from] item: Leftovers
|-heal|p1a: Heatran|252\/386|[from] item: Leftovers
|turn|5
|
|move|p1a: Heatran|Protect|p1a: Heatran
|-singleturn|p1a: Heatran|Protect
|move|p2a: Rotom-Wash|Hydro Pump|p1a: Heatran
|-activate|p1a: Heatran|Protect
|
|-heal|p2a: Rotom-Wash|226\/304|[from] item: Leftovers
|-heal|p1a: Heatran|276\/386|[from] item: Leftovers
|turn|6
|
|switch|p1a: Latios|Latios, M|197\/301 brn
|move|p2a: Rotom-Wash|Hydro Pump|p1a: Latios
|-resisted|p1a: Latios
|-damage|p1a: Latios|134\/301 brn
|
|-heal|p2a: Rotom-Wash|245\/304|[from] item: Leftovers
|-damage|p1a: Latios|97\/301 brn|[from] brn
|turn|7
|
|switch|p2a: Aegislash|Aegislash, M|209\/323
|move|p1a: Latios|Roost|p1a: Latios
|-heal|p1a: Latios|248\/301 brn
|
|-damage|p1a: Latios|211\/301 brn|[from] brn
|turn|8
|
|switch|p1a: Heatran|Heatran, M|276\/386
|-formechange|p2a: Aegislash|Aegislash-Blade
|move|p2a: Aegislash|Shadow Ball|p1a: Heatran
|-damage|p1a: Heatran|80\/386
|
|-heal|p1a: Heatran|104\/386|[from] item: Leftovers
|turn|9
|L|Lange98
|
|switch|p2a: Rotom-Wash|Rotom-Wash|245\/304
|move|p1a: Heatran|Lava Plume|p2a: Rotom-Wash
|-resisted|p2a: Rotom-Wash
|-damage|p2a: Rotom-Wash|203\/304
|-status|p2a: Rotom-Wash|brn
|
|-heal|p2a: Rotom-Wash|222\/304 brn|[from] item: Leftovers
|-heal|p1a: Heatran|128\/386|[from] item: Leftovers
|-damage|p2a: Rotom-Wash|184\/304 brn|[from] brn
|turn|10
|J|Tesung
|
|switch|p2a: Terrakion|Terrakion|323\/323
|move|p1a: Heatran|Protect|p1a: Heatran
|-fail|p1a: Heatran
|
|-heal|p1a: Heatran|152\/386|[from] item: Leftovers
|turn|11
|
|switch|p1a: Landorus-Therian|Landorus-Therian, M|382\/382
|-ability|p1a: Landorus-Therian|Intimidate|[of] p2a: Terrakion
|-unboost|p2a: Terrakion|atk|1
|move|p2a: Terrakion|Close Combat|p1a: Landorus-Therian
|-resisted|p1a: Landorus-Therian
|-damage|p1a: Landorus-Therian|273\/382
|-unboost|p2a: Terrakion|def|1
|-unboost|p2a: Terrakion|spd|1
|-damage|p2a: Terrakion|291\/323|[from] item: Life Orb
|
|-heal|p1a: Landorus-Therian|296\/382|[from] item: Leftovers
|turn|12
|L|Stellar
|J|RaffaeleK1ng
|L|Super YolloMann
|L|RaffaeleK1ng
|
|switch|p2a: Landorus-Therian|Landorus-Therian, M|382\/382
|-ability|p2a: Landorus-Therian|Intimidate|[of] p1a: Landorus-Therian
|-unboost|p1a: Landorus-Therian|atk|1
|move|p1a: Landorus-Therian|Stealth Rock|p2a: Landorus-Therian
|-sidestart|p2: Hallucination|move: Stealth Rock
|
|-heal|p1a: Landorus-Therian|319\/382|[from] item: Leftovers
|turn|13
|
|move|p1a: Landorus-Therian|U-turn|p2a: Landorus-Therian
|-resisted|p2a: Landorus-Therian
|-damage|p2a: Landorus-Therian|358\/382
|
|switch|p1a: Keldeo|Keldeo|323\/323
|move|p2a: Landorus-Therian|Stealth Rock|p1a: Keldeo
|-sidestart|p1: spec m|move: Stealth Rock
|
|-heal|p2a: Landorus-Therian|381\/382|[from] item: Leftovers
|turn|14
|
|switch|p2a: Latios|Latios, M|301\/301
|-damage|p2a: Latios|264\/301|[from] Stealth Rock
|move|p1a: Keldeo|Scald|p2a: Latios
|-resisted|p2a: Latios
|-damage|p2a: Latios|196\/301
|
|-heal|p2a: Latios|214\/301|[from] item: Leftovers
|turn|15
|
|switch|p2a: Landorus-Therian|Landorus-Therian, M|381\/382
|-damage|p2a: Landorus-Therian|334\/382|[from] Stealth Rock
|-ability|p2a: Landorus-Therian|Intimidate|[of] p1a: Keldeo
|-unboost|p1a: Keldeo|atk|1
|switch|p1a: Aegislash|Aegislash, F|324\/324
|-damage|p1a: Aegislash|304\/324|[from] Stealth Rock
|
|-heal|p2a: Landorus-Therian|357\/382|[from] item: Leftovers
|-heal|p1a: Aegislash|324\/324|[from] item: Leftovers
|turn|16
|
|switch|p1a: Landorus-Therian|Landorus-Therian, M|319\/382
|-damage|p1a: Landorus-Therian|272\/382|[from] Stealth Rock
|-ability|p1a: Landorus-Therian|Intimidate|[of] p2a: Landorus-Therian
|-unboost|p2a: Landorus-Therian|atk|1
|move|p2a: Landorus-Therian|Earthquake|p1a: Landorus-Therian
|-immune|p1a: Landorus-Therian|[msg]
|
|-heal|p1a: Landorus-Therian|295\/382|[from] item: Leftovers
|-heal|p2a: Landorus-Therian|380\/382|[from] item: Leftovers
|turn|17
|
|move|p1a: Landorus-Therian|Knock Off|p2a: Landorus-Therian
|-damage|p2a: Landorus-Therian|277\/382
|-enditem|p2a: Landorus-Therian|Leftovers|[from] move: Knock Off|[of] p1a: Landorus-Therian
|move|p2a: Landorus-Therian|U-turn|p1a: Landorus-Therian
|-resisted|p1a: Landorus-Therian
|-damage|p1a: Landorus-Therian|267\/382
|L|Rodri18
|
|switch|p2a: Venusaur|Venusaur, M|364\/364
|-damage|p2a: Venusaur|319\/364|[from] Stealth Rock
|
|-heal|p1a: Landorus-Therian|290\/382|[from] item: Leftovers
|turn|18
|
|detailschange|p2a: Venusaur|Venusaur-Mega, M
|-mega|p2a: Venusaur|Venusaur|Venusaurite
|move|p1a: Landorus-Therian|U-turn|p2a: Venusaur
|-damage|p2a: Venusaur|253\/364
|
|switch|p1a: Latios|Latios, M|211\/301 brn
|-damage|p1a: Latios|174\/301 brn|[from] Stealth Rock
|move|p2a: Venusaur|Leech Seed|p1a: Latios
|-start|p1a: Latios|move: Leech Seed
|
|-damage|p1a: Latios|137\/301 brn|[from] Leech Seed|[of] p2a: Venusaur
|-heal|p2a: Venusaur|290\/364|[silent]
|-damage|p1a: Latios|100\/301 brn|[from] brn
|turn|19
|
|switch|p1a: Aegislash|Aegislash, F|324\/324
|-damage|p1a: Aegislash|304\/324|[from] Stealth Rock
|move|p2a: Venusaur|Giga Drain|p1a: Aegislash
|-resisted|p1a: Aegislash
|-damage|p1a: Aegislash|265\/324
|-heal|p2a: Venusaur|310\/364|[from] drain|[of] p1a: Aegislash
|
|-heal|p1a: Aegislash|285\/324|[from] item: Leftovers
|turn|20
|
|move|p2a: Venusaur|Leech Seed|p1a: Aegislash
|-start|p1a: Aegislash|move: Leech Seed
|move|p1a: Aegislash|Substitute|p1a: Aegislash
|-start|p1a: Aegislash|Substitute
|-damage|p1a: Aegislash|204\/324
|
|-heal|p1a: Aegislash|224\/324|[from] item: Leftovers
|-damage|p1a: Aegislash|184\/324|[from] Leech Seed|[of] p2a: Venusaur
|-heal|p2a: Venusaur|350\/364|[silent]
|turn|21
|
|switch|p2a: Landorus-Therian|Landorus-Therian, M|277\/382
|-damage|p2a: Landorus-Therian|230\/382|[from] Stealth Rock
|-activate|p1a: Aegislash|Substitute|ability: Intimidate|[of] p2a: Landorus-Therian
|-formechange|p1a: Aegislash|Aegislash-Blade
|move|p1a: Aegislash|Shadow Sneak|p2a: Landorus-Therian
|-damage|p2a: Landorus-Therian|181\/382
|
|-heal|p1a: Aegislash|204\/324|[from] item: Leftovers
|-damage|p1a: Aegislash|164\/324|[from] Leech Seed|[of] p2a: Landorus-Therian
|-heal|p2a: Landorus-Therian|221\/382|[silent]
|turn|22
|L|Inflikted
|c|âspec m|per chi se lo stesse chiedendo Ã¨ stato un missclick
|
|move|p2a: Landorus-Therian|Earthquake|p1a: Aegislash
|-supereffective|p1a: Aegislash
|-end|p1a: Aegislash|Substitute
|move|p1a: Aegislash|Shadow Ball|p2a: Landorus-Therian
|-damage|p2a: Landorus-Therian|10\/382
|
|-heal|p1a: Aegislash|184\/324|[from] item: Leftovers
|-damage|p1a: Aegislash|144\/324|[from] Leech Seed|[of] p2a: Landorus-Therian
|-heal|p2a: Landorus-Therian|50\/382|[silent]
|turn|23
|J|Inflikted
|L|Imanalt
|
|switch|p1a: Landorus-Therian|Landorus-Therian, M|290\/382
|-damage|p1a: Landorus-Therian|243\/382|[from] Stealth Rock
|-ability|p1a: Landorus-Therian|Intimidate|[of] p2a: Landorus-Therian
|-unboost|p2a: Landorus-Therian|atk|1
|move|p2a: Landorus-Therian|U-turn|p1a: Landorus-Therian
|-resisted|p1a: Landorus-Therian
|-damage|p1a: Landorus-Therian|215\/382
|J|kebabe
|
|switch|p2a: Terrakion|Terrakion|291\/323
|-damage|p2a: Terrakion|271\/323|[from] Stealth Rock
|
|-heal|p1a: Landorus-Therian|238\/382|[from] item: Leftovers
|turn|24
|L|kebabe
|
|switch|p1a: Aegislash|Aegislash, F|144\/324
|-damage|p1a: Aegislash|124\/324|[from] Stealth Rock
|move|p2a: Terrakion|Hidden Power|p1a: Aegislash
|-resisted|p1a: Aegislash
|-damage|p1a: Aegislash|107\/324
|-damage|p2a: Terrakion|239\/323|[from] item: Life Orb
|
|-heal|p1a: Aegislash|127\/324|[from] item: Leftovers
|turn|25
|
|move|p2a: Terrakion|Earthquake|p1a: Aegislash
|-supereffective|p1a: Aegislash
|-damage|p1a: Aegislash|0 fnt
|-damage|p2a: Terrakion|207\/323|[from] item: Life Orb
|faint|p1a: Aegislash
|
|
|switch|p1a: Keldeo|Keldeo|323\/323
|-damage|p1a: Keldeo|303\/323|[from] Stealth Rock
|turn|26
|
|switch|p2a: Landorus-Therian|Landorus-Therian, M|50\/382
|-damage|p2a: Landorus-Therian|3\/382|[from] Stealth Rock
|-ability|p2a: Landorus-Therian|Intimidate|[of] p1a: Keldeo
|-unboost|p1a: Keldeo|atk|1
|move|p1a: Keldeo|Scald|p2a: Landorus-Therian
|-supereffective|p2a: Landorus-Therian
|-damage|p2a: Landorus-Therian|0 fnt
|faint|p2a: Landorus-Therian
|
|-heal|p1a: Keldeo|323\/323|[from] item: Leftovers
|
|switch|p2a: Venusaur|Venusaur-Mega, M|350\/364
|-damage|p2a: Venusaur|305\/364|[from] Stealth Rock
|turn|27
|
|move|p1a: Keldeo|Substitute|p1a: Keldeo
|-start|p1a: Keldeo|Substitute
|-damage|p1a: Keldeo|243\/323
|move|p2a: Venusaur|Giga Drain|p1a: Keldeo
|-supereffective|p1a: Keldeo
|-end|p1a: Keldeo|Substitute
|-heal|p2a: Venusaur|345\/364|[from] drain|[of] p1a: Keldeo
|
|-heal|p1a: Keldeo|263\/323|[from] item: Leftovers
|turn|28
|J|EvaUnit10
|
|move|p1a: Keldeo|Substitute|p1a: Keldeo
|-start|p1a: Keldeo|Substitute
|-damage|p1a: Keldeo|183\/323
|move|p2a: Venusaur|Leech Seed|p1a: Keldeo
|
|-heal|p1a: Keldeo|203\/323|[from] item: Leftovers
|turn|29
|L|EvaUnit10
|
|move|p1a: Keldeo|Scald|p2a: Venusaur
|-resisted|p2a: Venusaur
|-damage|p2a: Venusaur|284\/364
|-status|p2a: Venusaur|brn
|move|p2a: Venusaur|Giga Drain|p1a: Keldeo
|-supereffective|p1a: Keldeo
|-end|p1a: Keldeo|Substitute
|-heal|p2a: Venusaur|324\/364 brn|[from] drain|[of] p1a: Keldeo
|
|-heal|p1a: Keldeo|223\/323|[from] item: Leftovers
|-damage|p2a: Venusaur|279\/364 brn|[from] brn
|turn|30
|
|switch|p1a: Heatran|Heatran, M|152\/386
|-damage|p1a: Heatran|104\/386|[from] Stealth Rock
|move|p2a: Venusaur|Leech Seed|p1a: Heatran
|-start|p1a: Heatran|move: Leech Seed
|
|-heal|p1a: Heatran|128\/386|[from] item: Leftovers
|-damage|p1a: Heatran|80\/386|[from] Leech Seed|[of] p2a: Venusaur
|-heal|p2a: Venusaur|327\/364 brn|[silent]
|-damage|p2a: Venusaur|282\/364 brn|[from] brn
|turn|31
|L|Noriya
|
|switch|p1a: Bisharp|Bisharp, M|271\/271
|-damage|p1a: Bisharp|255\/271|[from] Stealth Rock
|move|p2a: Venusaur|Leech Seed|p1a: Bisharp|[miss]
|-miss|p2a: Venusaur|p1a: Bisharp
|
|-damage|p2a: Venusaur|237\/364 brn|[from] brn
|turn|32
|c|âHallucination|damn
|
|switch|p2a: Aegislash|Aegislash, M|209\/323
|-damage|p2a: Aegislash|189\/323|[from] Stealth Rock
|move|p1a: Bisharp|Taunt|p2a: Aegislash
|-start|p2a: Aegislash|move: Taunt
|
|turn|33
|
|move|p1a: Bisharp|Sucker Punch|p2a: Aegislash
|-supereffective|p2a: Aegislash
|-damage|p2a: Aegislash|0 fnt
|-damage|p1a: Bisharp|228\/271|[from] item: Life Orb
|faint|p2a: Aegislash
|
|
|switch|p2a: Terrakion|Terrakion|207\/323
|-damage|p2a: Terrakion|187\/323|[from] Stealth Rock
|turn|34
|
|switch|p1a: Heatran|Heatran, M|80\/386
|-damage|p1a: Heatran|32\/386|[from] Stealth Rock
|move|p2a: Terrakion|Hidden Power|p1a: Heatran
|-crit|p1a: Heatran
|-resisted|p1a: Heatran
|-damage|p1a: Heatran|20\/386
|-damage|p2a: Terrakion|155\/323|[from] item: Life Orb
|
|-heal|p1a: Heatran|44\/386|[from] item: Leftovers
|turn|35
|
|move|p2a: Terrakion|Close Combat|p1a: Heatran
|-supereffective|p1a: Heatran
|-damage|p1a: Heatran|0 fnt
|-unboost|p2a: Terrakion|def|1
|-unboost|p2a: Terrakion|spd|1
|-damage|p2a: Terrakion|123\/323|[from] item: Life Orb
|faint|p1a: Heatran
|
|
|switch|p1a: Latios|Latios, M|100\/301 brn
|-damage|p1a: Latios|63\/301 brn|[from] Stealth Rock
|turn|36
|J|zdrup
|
|switch|p2a: Latios|Latios, M|214\/301
|-damage|p2a: Latios|177\/301|[from] Stealth Rock
|move|p1a: Latios|Roost|p1a: Latios
|-heal|p1a: Latios|214\/301 brn
|
|-heal|p2a: Latios|195\/301|[from] item: Leftovers
|-damage|p1a: Latios|177\/301 brn|[from] brn
|turn|37
|L|zdrup
|
|move|p1a: Latios|Draco Meteor|p2a: Latios|[miss]
|-miss|p1a: Latios|p2a: Latios
|move|p2a: Latios|Hidden Power|p1a: Latios
|-resisted|p1a: Latios
|-damage|p1a: Latios|143\/301 brn
|
|-heal|p2a: Latios|213\/301|[from] item: Leftovers
|-damage|p1a: Latios|106\/301 brn|[from] brn
|turn|38
|
|switch|p2a: Rotom-Wash|Rotom-Wash|184\/304 brn
|-damage|p2a: Rotom-Wash|146\/304 brn|[from] Stealth Rock
|move|p1a: Latios|Draco Meteor|p2a: Rotom-Wash
|-damage|p2a: Rotom-Wash|0 fnt
|-unboost|p1a: Latios|spa|2
|-damage|p1a: Latios|76\/301 brn|[from] item: Life Orb
|faint|p2a: Rotom-Wash
|
|-damage|p1a: Latios|39\/301 brn|[from] brn
|c|âspec m|daaai
|J|Ladybug
|
|switch|p2a: Venusaur|Venusaur-Mega, M|237\/364 brn
|-damage|p2a: Venusaur|192\/364 brn|[from] Stealth Rock
|turn|39
|L|Ladybug
|J|Reymedy
|
|switch|p1a: Bisharp|Bisharp, M|228\/271
|-damage|p1a: Bisharp|212\/271|[from] Stealth Rock
|move|p2a: Venusaur|Synthesis|p2a: Venusaur
|-heal|p2a: Venusaur|364\/364 brn
|
|-damage|p2a: Venusaur|319\/364 brn|[from] brn
|turn|40
|
|switch|p2a: Terrakion|Terrakion|123\/323
|-damage|p2a: Terrakion|103\/323|[from] Stealth Rock
|move|p1a: Bisharp|Taunt|p2a: Terrakion
|-start|p2a: Terrakion|move: Taunt
|
|turn|41
|
|move|p1a: Bisharp|Sucker Punch|p2a: Terrakion
|-resisted|p2a: Terrakion
|-damage|p2a: Terrakion|0 fnt
|-damage|p1a: Bisharp|185\/271|[from] item: Life Orb
|faint|p2a: Terrakion
|
|
|switch|p2a: Venusaur|Venusaur-Mega, M|319\/364 brn
|-damage|p2a: Venusaur|274\/364 brn|[from] Stealth Rock
|turn|42
|J|ssjjynx
|
|move|p1a: Bisharp|Taunt|p2a: Venusaur
|-start|p2a: Venusaur|move: Taunt
|move|p2a: Venusaur|Giga Drain|p1a: Bisharp
|-resisted|p1a: Bisharp
|-damage|p1a: Bisharp|121\/271
|-heal|p2a: Venusaur|306\/364 brn|[from] drain|[of] p1a: Bisharp
|
|-damage|p2a: Venusaur|261\/364 brn|[from] brn
|turn|43
|
|move|p1a: Bisharp|Iron Head|p2a: Venusaur
|-damage|p2a: Venusaur|131\/364 brn
|-damage|p1a: Bisharp|94\/271|[from] item: Life Orb
|move|p2a: Venusaur|Giga Drain|p1a: Bisharp
|-crit|p1a: Bisharp
|-resisted|p1a: Bisharp
|-damage|p1a: Bisharp|0 fnt
|-heal|p2a: Venusaur|178\/364 brn|[from] drain|[of] p1a: Bisharp
|faint|p1a: Bisharp
|
|-damage|p2a: Venusaur|133\/364 brn|[from] brn
|
|switch|p1a: Landorus-Therian|Landorus-Therian, M|238\/382
|-damage|p1a: Landorus-Therian|191\/382|[from] Stealth Rock
|-ability|p1a: Landorus-Therian|Intimidate|[of] p2a: Venusaur
|-unboost|p2a: Venusaur|atk|1
|turn|44
|
|switch|p2a: Latios|Latios, M|213\/301
|-damage|p2a: Latios|176\/301|[from] Stealth Rock
|move|p1a: Landorus-Therian|Knock Off|p2a: Latios
|-supereffective|p2a: Latios
|-damage|p2a: Latios|0 fnt
|-enditem|p2a: Latios|Leftovers|[from] move: Knock Off|[of] p1a: Landorus-Therian
|faint|p2a: Latios
|
|-heal|p1a: Landorus-Therian|214\/382|[from] item: Leftovers
|
|switch|p2a: Venusaur|Venusaur-Mega, M|133\/364 brn
|-damage|p2a: Venusaur|88\/364 brn|[from] Stealth Rock
|turn|45
|
|move|p1a: Landorus-Therian|Earthquake|p2a: Venusaur
|-damage|p2a: Venusaur|0 fnt
|faint|p2a: Venusaur
|
|win|spec m
|c|âHallucination|gg
|c|âspec m|gg
|L|Hallucination
|player|p2
|L|QuelDandi
|L|Big the Hedgehog
|L|Maverrr
|L|Inflikted