|join|SoFabolous
|join|MC Bide
|player|p1|SoFabolous|291
|player|p2|MC Bide|214
|gametype|singles
|gen|6
|tier|UU
|rule|Sleep Clause Mod: Limit one foe put to sleep
|rule|Species Clause: Limit one of each PokÃ©mon
|rule|OHKO Clause: OHKO moves are banned
|rule|Moody Clause: Moody is banned
|rule|Evasion Moves Clause: Evasion moves are banned
|rule|Endless Battle Clause: Forcing endless battles is banned
|rule|HP Percentage Mod: HP is shown in percentages
|clearpoke
|poke|p1|Swampert, M
|poke|p1|Abomasnow, F
|poke|p1|Entei, shiny
|poke|p1|Crobat, M
|poke|p1|Hydreigon, F
|poke|p1|Lucario, M
|poke|p2|Toxicroak, M
|poke|p2|Blastoise, M
|poke|p2|Suicune
|poke|p2|Hippowdon, M
|poke|p2|Hydreigon, M
|poke|p2|Entei, shiny
|rule|Swagger Clause: Swagger is banned
|rule|Baton Pass Clause: Limit one PokÃ©mon knowing Baton Pass
|teampreview
|
|start
|switch|p1a: Swampert|Swampert, M|401\/401
|switch|p2a: Cerberus 2.0|Hydreigon, M|326\/326
|turn|1
|
|switch|p1a: Entei|Entei, shiny|371\/371
|-ability|p1a: Entei|Pressure
|move|p2a: Cerberus 2.0|Draco Meteor|p1a: Entei
|-damage|p1a: Entei|232\/371
|-unboost|p2a: Cerberus 2.0|spa|2
|
|turn|2
|
|switch|p2a: Gaara|Hippowdon, M|420\/420
|-weather|Sandstorm
|move|p1a: Entei|Sacred Fire|p2a: Gaara
|-damage|p2a: Gaara|306\/420
|
|-weather|Sandstorm|[upkeep]
|-damage|p1a: Entei|209\/371|[from] sandstorm
|-heal|p2a: Gaara|332\/420|[from] item: Leftovers
|turn|3
|
|switch|p1a: Abomasnow|Abomasnow, F|364\/364
|-weather|Hail
|move|p2a: Gaara|Stealth Rock|p1a: Abomasnow
|-sidestart|p1: SoFabolous|move: Stealth Rock
|
|-weather|Hail|[upkeep]
|-damage|p2a: Gaara|306\/420|[from] hail
|-heal|p2a: Gaara|332\/420|[from] item: Leftovers
|turn|4
|
|switch|p2a: Kermit|Toxicroak, M|370\/370
|detailschange|p1a: Abomasnow|Abomasnow-Mega, F
|-mega|p1a: Abomasnow|Abomasnow|Abomasite
|move|p1a: Abomasnow|Earthquake|p2a: Kermit
|-supereffective|p2a: Kermit
|-damage|p2a: Kermit|88\/370
|
|-weather|Hail|[upkeep]
|-damage|p2a: Kermit|65\/370|[from] hail
|turn|5
|
|move|p1a: Abomasnow|Ice Shard|p2a: Kermit
|-damage|p2a: Kermit|0 fnt
|faint|p2a: Kermit
|
|-weather|Hail|[upkeep]
|
|switch|p2a: Firekin|Entei, shiny|433\/433
|-ability|p2a: Firekin|Pressure
|turn|6
|
|move|p1a: Abomasnow|Ice Shard|p2a: Firekin
|-resisted|p2a: Firekin
|-damage|p2a: Firekin|394\/433
|move|p2a: Firekin|Flame Charge|p1a: Abomasnow
|-supereffective|p1a: Abomasnow
|-damage|p1a: Abomasnow|36\/364
|-boost|p2a: Firekin|spe|1
|
|-weather|Hail|[upkeep]
|-damage|p2a: Firekin|367\/433|[from] hail
|-heal|p2a: Firekin|394\/433|[from] item: Leftovers
|turn|7
|
|move|p2a: Firekin|Extreme Speed|p1a: Abomasnow
|-damage|p1a: Abomasnow|0 fnt
|faint|p1a: Abomasnow
|
|-weather|none
|-heal|p2a: Firekin|421\/433|[from] item: Leftovers
|
|switch|p1a: Swampert|Swampert, M|401\/401
|-damage|p1a: Swampert|376\/401|[from] Stealth Rock
|turn|8
|
|move|p2a: Firekin|Sacred Fire|p1a: Swampert
|-resisted|p1a: Swampert
|-damage|p1a: Swampert|309\/401
|move|p1a: Swampert|Scald|p2a: Firekin
|-supereffective|p2a: Firekin
|-damage|p2a: Firekin|229\/433
|
|-heal|p2a: Firekin|256\/433|[from] item: Leftovers
|-heal|p1a: Swampert|334\/401|[from] item: Leftovers
|turn|9
|
|switch|p2a: Original Set|Suicune|404\/404
|-ability|p2a: Original Set|Pressure
|move|p1a: Swampert|Earthquake|p2a: Original Set
|-damage|p2a: Original Set|307\/404
|
|-heal|p2a: Original Set|332\/404|[from] item: Leftovers
|-heal|p1a: Swampert|359\/401|[from] item: Leftovers
|turn|10
|
|move|p2a: Original Set|Calm Mind|p2a: Original Set
|-boost|p2a: Original Set|spa|1
|-boost|p2a: Original Set|spd|1
|move|p1a: Swampert|Roar|p2a: Original Set
|drag|p2a: Cerberus 2.0|Hydreigon, M|326\/326
|
|-heal|p1a: Swampert|384\/401|[from] item: Leftovers
|turn|11
|
|move|p2a: Cerberus 2.0|Dark Pulse|p1a: Swampert
|-damage|p1a: Swampert|245\/401
|move|p1a: Swampert|Stealth Rock|p2a: Cerberus 2.0
|-sidestart|p2: MC Bide|move: Stealth Rock
|
|-heal|p1a: Swampert|270\/401|[from] item: Leftovers
|turn|12
|
|switch|p2a: BA$$ CANN0N$|Blastoise, M|362\/362
|-damage|p2a: BA$$ CANN0N$|317\/362|[from] Stealth Rock
|switch|p1a: Lucario|Lucario, M|281\/281
|-damage|p1a: Lucario|273\/281|[from] Stealth Rock
|
|turn|13
|
|detailschange|p2a: BA$$ CANN0N$|Blastoise-Mega, M
|-mega|p2a: BA$$ CANN0N$|Blastoise|Blastoisinite
|move|p1a: Lucario|Close Combat|p2a: BA$$ CANN0N$
|-damage|p2a: BA$$ CANN0N$|74\/362
|-unboost|p1a: Lucario|def|1
|-unboost|p1a: Lucario|spd|1
|-damage|p1a: Lucario|245\/281|[from] item: Life Orb
|move|p2a: BA$$ CANN0N$|Aura Sphere|p1a: Lucario
|-supereffective|p1a: Lucario
|-damage|p1a: Lucario|0 fnt
|faint|p1a: Lucario
|
|
|switch|p1a: Hydreigon|Hydreigon, F|325\/325
|-damage|p1a: Hydreigon|285\/325|[from] Stealth Rock
|turn|14
|
|move|p1a: Hydreigon|Dragon Pulse|p2a: BA$$ CANN0N$
|-damage|p2a: BA$$ CANN0N$|0 fnt
|faint|p2a: BA$$ CANN0N$
|
|
|switch|p2a: Cerberus 2.0|Hydreigon, M|326\/326
|-damage|p2a: Cerberus 2.0|286\/326|[from] Stealth Rock
|turn|15
|
|move|p1a: Hydreigon|Dragon Pulse|p2a: Cerberus 2.0
|-supereffective|p2a: Cerberus 2.0
|-damage|p2a: Cerberus 2.0|0 fnt
|faint|p2a: Cerberus 2.0
|
|
|switch|p2a: Original Set|Suicune|332\/404
|-damage|p2a: Original Set|282\/404|[from] Stealth Rock
|-ability|p2a: Original Set|Pressure
|turn|16
|
|move|p1a: Hydreigon|Dragon Pulse|p2a: Original Set
|-damage|p2a: Original Set|149\/404
|move|p2a: Original Set|Calm Mind|p2a: Original Set
|-boost|p2a: Original Set|spa|1
|-boost|p2a: Original Set|spd|1
|
|-heal|p2a: Original Set|174\/404|[from] item: Leftovers
|turn|17
|
|switch|p1a: Swampert|Swampert, M|270\/401
|-damage|p1a: Swampert|245\/401|[from] Stealth Rock
|move|p2a: Original Set|Rest|p2a: Original Set
|-status|p2a: Original Set|slp
|-heal|p2a: Original Set|404\/404 slp|[silent]
|-status|p2a: Original Set|slp|[from] move: Rest
|
|-heal|p1a: Swampert|270\/401|[from] item: Leftovers
|turn|18
|
|cant|p2a: Original Set|slp
|move|p2a: Original Set|Sleep Talk|p2a: Original Set
|move|p2a: Original Set|Calm Mind|p2a: Original Set|[from]Sleep Talk
|-boost|p2a: Original Set|spa|1
|-boost|p2a: Original Set|spd|1
|move|p1a: Swampert|Earthquake|p2a: Original Set
|-damage|p2a: Original Set|319\/404 slp
|
|-heal|p2a: Original Set|344\/404 slp|[from] item: Leftovers
|-heal|p1a: Swampert|295\/401|[from] item: Leftovers
|turn|19
|
|cant|p2a: Original Set|slp
|move|p2a: Original Set|Sleep Talk|p2a: Original Set
|move|p2a: Original Set|Rest|p2a: Original Set|[from]Sleep Talk
|-fail|p2a: Original Set
|move|p1a: Swampert|Roar|p2a: Original Set
|drag|p2a: Gaara|Hippowdon, M|332\/420
|-damage|p2a: Gaara|306\/420|[from] Stealth Rock
|-weather|Sandstorm
|
|-weather|Sandstorm|[upkeep]
|-heal|p1a: Swampert|320\/401|[from] item: Leftovers
|-heal|p2a: Gaara|332\/420|[from] item: Leftovers
|turn|20
|
|move|p1a: Swampert|Scald|p2a: Gaara
|-supereffective|p2a: Gaara
|-damage|p2a: Gaara|126\/420
|move|p2a: Gaara|Toxic|p1a: Swampert
|-status|p1a: Swampert|tox
|
|-weather|Sandstorm|[upkeep]
|-heal|p1a: Swampert|345\/401 tox|[from] item: Leftovers
|-heal|p2a: Gaara|152\/420|[from] item: Leftovers
|-damage|p1a: Swampert|320\/401 tox|[from] psn
|turn|21
|
|switch|p2a: Original Set|Suicune|344\/404 slp
|-damage|p2a: Original Set|294\/404 slp|[from] Stealth Rock
|-ability|p2a: Original Set|Pressure
|move|p1a: Swampert|Scald|p2a: Original Set
|-resisted|p2a: Original Set
|-damage|p2a: Original Set|255\/404 slp
|
|-weather|Sandstorm|[upkeep]
|-damage|p2a: Original Set|230\/404 slp|[from] sandstorm
|-heal|p2a: Original Set|255\/404 slp|[from] item: Leftovers
|-heal|p1a: Swampert|345\/401 tox|[from] item: Leftovers
|-damage|p1a: Swampert|295\/401 tox|[from] psn
|turn|22
|
|-curestatus|p2a: Original Set|slp
|move|p2a: Original Set|Rest|p2a: Original Set
|-status|p2a: Original Set|slp
|-heal|p2a: Original Set|404\/404 slp|[silent]
|-status|p2a: Original Set|slp|[from] move: Rest
|move|p1a: Swampert|Roar|p2a: Original Set
|drag|p2a: Firekin|Entei, shiny|256\/433
|-damage|p2a: Firekin|148\/433|[from] Stealth Rock
|-ability|p2a: Firekin|Pressure
|
|-weather|Sandstorm|[upkeep]
|-damage|p2a: Firekin|121\/433|[from] sandstorm
|-heal|p2a: Firekin|148\/433|[from] item: Leftovers
|-heal|p1a: Swampert|320\/401 tox|[from] item: Leftovers
|-damage|p1a: Swampert|245\/401 tox|[from] psn
|turn|23
|
|switch|p2a: Original Set|Suicune|404\/404 slp
|-damage|p2a: Original Set|354\/404 slp|[from] Stealth Rock
|-ability|p2a: Original Set|Pressure
|move|p1a: Swampert|Earthquake|p2a: Original Set
|-damage|p2a: Original Set|266\/404 slp
|
|-weather|none
|-heal|p2a: Original Set|291\/404 slp|[from] item: Leftovers
|-heal|p1a: Swampert|270\/401 tox|[from] item: Leftovers
|-damage|p1a: Swampert|170\/401 tox|[from] psn
|turn|24
|
|cant|p2a: Original Set|slp
|move|p2a: Original Set|Sleep Talk|p2a: Original Set
|move|p2a: Original Set|Rest|p2a: Original Set|[from]Sleep Talk
|-fail|p2a: Original Set
|move|p1a: Swampert|Roar|p2a: Original Set
|drag|p2a: Firekin|Entei, shiny|148\/433
|-damage|p2a: Firekin|40\/433|[from] Stealth Rock
|-ability|p2a: Firekin|Pressure
|
|-heal|p2a: Firekin|67\/433|[from] item: Leftovers
|-heal|p1a: Swampert|195\/401 tox|[from] item: Leftovers
|-damage|p1a: Swampert|70\/401 tox|[from] psn
|turn|25
|
|move|p2a: Firekin|Sacred Fire|p1a: Swampert
|-resisted|p1a: Swampert
|-damage|p1a: Swampert|1\/401 tox
|move|p1a: Swampert|Scald|p2a: Firekin
|-supereffective|p2a: Firekin
|-damage|p2a: Firekin|0 fnt
|faint|p2a: Firekin
|
|-heal|p1a: Swampert|26\/401 tox|[from] item: Leftovers
|-damage|p1a: Swampert|0 fnt|[from] psn
|faint|p1a: Swampert
|
|switch|p1a: Crobat|Crobat, M|373\/373
|switch|p2a: Gaara|Hippowdon, M|152\/420
|-damage|p1a: Crobat|280\/373|[from] Stealth Rock
|-damage|p2a: Gaara|126\/420|[from] Stealth Rock
|-weather|Sandstorm
|turn|26
|
|move|p1a: Crobat|Taunt|p2a: Gaara
|-start|p2a: Gaara|move: Taunt
|cant|p2a: Gaara|move: Taunt|Slack Off
|
|-weather|Sandstorm|[upkeep]
|-damage|p1a: Crobat|257\/373|[from] sandstorm
|-heal|p1a: Crobat|280\/373|[from] item: Black Sludge
|-heal|p2a: Gaara|152\/420|[from] item: Leftovers
|turn|27
|
|move|p1a: Crobat|Brave Bird|p2a: Gaara
|-damage|p2a: Gaara|73\/420
|-damage|p1a: Crobat|254\/373|[from] recoil|[of] p2a: Gaara
|move|p2a: Gaara|Earthquake|p1a: Crobat
|-immune|p1a: Crobat|[msg]
|
|-weather|Sandstorm|[upkeep]
|-damage|p1a: Crobat|231\/373|[from] sandstorm
|-heal|p1a: Crobat|254\/373|[from] item: Black Sludge
|-heal|p2a: Gaara|99\/420|[from] item: Leftovers
|turn|28
|
|move|p1a: Crobat|Brave Bird|p2a: Gaara
|-crit|p2a: Gaara
|-damage|p2a: Gaara|0 fnt
|-damage|p1a: Crobat|221\/373|[from] recoil|[of] p2a: Gaara
|faint|p2a: Gaara
|
|-weather|Sandstorm|[upkeep]
|-damage|p1a: Crobat|198\/373|[from] sandstorm
|-heal|p1a: Crobat|221\/373|[from] item: Black Sludge
|
|switch|p2a: Original Set|Suicune|291\/404 slp
|-damage|p2a: Original Set|241\/404 slp|[from] Stealth Rock
|-ability|p2a: Original Set|Pressure
|turn|29
|
|move|p1a: Crobat|Taunt|p2a: Original Set
|-start|p2a: Original Set|move: Taunt
|cant|p2a: Original Set|slp
|cant|p2a: Original Set|move: Taunt|Sleep Talk
|
|-weather|Sandstorm|[upkeep]
|-damage|p1a: Crobat|198\/373|[from] sandstorm
|-damage|p2a: Original Set|216\/404 slp|[from] sandstorm
|-heal|p1a: Crobat|221\/373|[from] item: Black Sludge
|-heal|p2a: Original Set|241\/404 slp|[from] item: Leftovers
|turn|30
|
|move|p1a: Crobat|Brave Bird|p2a: Original Set
|-damage|p2a: Original Set|150\/404 slp
|-damage|p1a: Crobat|191\/373|[from] recoil|[of] p2a: Original Set
|-curestatus|p2a: Original Set|slp
|move|p2a: Original Set|Scald|p1a: Crobat
|-damage|p1a: Crobat|86\/373
|
|-weather|none
|-heal|p1a: Crobat|109\/373|[from] item: Black Sludge
|-heal|p2a: Original Set|175\/404|[from] item: Leftovers
|turn|31
|
|move|p1a: Crobat|Brave Bird|p2a: Original Set
|-damage|p2a: Original Set|87\/404
|-damage|p1a: Crobat|80\/373|[from] recoil|[of] p2a: Original Set
|move|p2a: Original Set|Scald|p1a: Crobat
|-damage|p1a: Crobat|0 fnt
|faint|p1a: Crobat
|
|-heal|p2a: Original Set|112\/404|[from] item: Leftovers
|-end|p2a: Original Set|move: Taunt
|
|switch|p1a: Hydreigon|Hydreigon, F|285\/325
|-damage|p1a: Hydreigon|245\/325|[from] Stealth Rock
|turn|32
|
|move|p1a: Hydreigon|Draco Meteor|p2a: Original Set
|-damage|p2a: Original Set|0 fnt
|-unboost|p1a: Hydreigon|spa|2
|faint|p2a: Original Set
|
|win|SoFabolous
|c|âMC Bide|xd xd xd xd xd xd xd xd xd xd xd xd xd xd xd xd xd xd xd xd
|c|âSoFabolous|wut
|c|âSoFabolous|xd
|leave|SoFabolous
|player|p1