|join|SoFabolous
|join|Heracroshot
|player|p1|SoFabolous|291
|player|p2|Heracroshot|201
|gametype|singles
|gen|6
|tier|UU
|rated
|rule|Sleep Clause Mod: Limit one foe put to sleep
|rule|Species Clause: Limit one of each PokÃ©mon
|rule|OHKO Clause: OHKO moves are banned
|rule|Moody Clause: Moody is banned
|rule|Evasion Moves Clause: Evasion moves are banned
|rule|Endless Battle Clause: Forcing endless battles is banned
|rule|HP Percentage Mod: HP is shown in percentages
|clearpoke
|poke|p1|Swampert, M
|poke|p1|Abomasnow, F
|poke|p1|Entei, shiny
|poke|p1|Crobat, F
|poke|p1|Hydreigon, M
|poke|p1|Lucario, F
|poke|p2|Toxicroak, M
|poke|p2|Kyurem
|poke|p2|Spiritomb, M
|poke|p2|Swampert, M
|poke|p2|Jirachi
|poke|p2|Rotom-Heat
|rule|Swagger Clause: Swagger is banned
|rule|Baton Pass Clause: Limit one PokÃ©mon knowing Baton Pass
|teampreview
|
|start
|switch|p1a: Abomasnow|Abomasnow, F|364\/364
|switch|p2a: Difficult bake|Rotom-Heat|287\/287
|-weather|Hail
|turn|1
|
|switch|p1a: Swampert|Swampert, M|401\/401
|move|p2a: Difficult bake|Hidden Power|p1a: Swampert
|-supereffective|p1a: Swampert
|-damage|p1a: Swampert|0 fnt
|faint|p1a: Swampert
|
|-weather|Hail|[upkeep]
|-damage|p2a: Difficult bake|270\/287|[from] hail
|
|switch|p1a: Entei|Entei, shiny|371\/371
|-ability|p1a: Entei|Pressure
|turn|2
|
|switch|p2a: Steroids|Swampert, M|404\/404
|move|p1a: Entei|Sacred Fire|p2a: Steroids
|-resisted|p2a: Steroids
|-damage|p2a: Steroids|308\/404
|-status|p2a: Steroids|brn
|
|-weather|Hail|[upkeep]
|-damage|p1a: Entei|348\/371|[from] hail
|-damage|p2a: Steroids|283\/404 brn|[from] hail
|-damage|p2a: Steroids|233\/404 brn|[from] brn
|turn|3
|
|switch|p1a: Abomasnow|Abomasnow, F|364\/364
|switch|p2a: Difficult bake|Rotom-Heat|270\/287
|
|-weather|Hail|[upkeep]
|-damage|p2a: Difficult bake|253\/287|[from] hail
|turn|4
|
|switch|p1a: Hydreigon|Hydreigon, M|325\/325
|move|p2a: Difficult bake|Volt Switch|p1a: Hydreigon
|-resisted|p1a: Hydreigon
|-damage|p1a: Hydreigon|236\/325
|
|switch|p2a: Skillz|Jirachi|341\/341
|
|-weather|Hail|[upkeep]
|-damage|p2a: Skillz|320\/341|[from] hail
|-damage|p1a: Hydreigon|216\/325|[from] hail
|turn|5
|
|switch|p1a: Crobat|Crobat, F|373\/373
|move|p2a: Skillz|U-turn|p1a: Crobat
|-resisted|p1a: Crobat
|-damage|p1a: Crobat|354\/373
|
|switch|p2a: Difficult bake|Rotom-Heat|253\/287
|
|-weather|none
|-heal|p1a: Crobat|373\/373|[from] item: Black Sludge
|turn|6
|
|move|p1a: Crobat|Roost|p1a: Crobat
|-fail|p1a: Crobat
|move|p2a: Difficult bake|Volt Switch|p1a: Crobat
|-supereffective|p1a: Crobat
|-damage|p1a: Crobat|0 fnt
|faint|p1a: Crobat
|
|switch|p2a: Skillz|Jirachi|320\/341
|
|
|switch|p1a: Entei|Entei, shiny|348\/371
|-ability|p1a: Entei|Pressure
|turn|7
|
|move|p2a: Skillz|U-turn|p1a: Entei
|-resisted|p1a: Entei
|-damage|p1a: Entei|306\/371
|
|switch|p2a: Bobs bitch|Spiritomb, M|304\/304
|move|p1a: Entei|Sacred Fire|p2a: Bobs bitch
|-damage|p2a: Bobs bitch|190\/304
|-status|p2a: Bobs bitch|brn
|
|-heal|p2a: Bobs bitch|209\/304 brn|[from] item: Leftovers
|-damage|p2a: Bobs bitch|171\/304 brn|[from] brn
|turn|8
|
|switch|p1a: Hydreigon|Hydreigon, M|216\/325
|switch|p2a: Difficult bake|Rotom-Heat|253\/287
|
|turn|9
|
|switch|p2a: Bobs bitch|Spiritomb, M|171\/304 brn
|move|p1a: Hydreigon|Draco Meteor|p2a: Bobs bitch
|-damage|p2a: Bobs bitch|0 fnt
|-unboost|p1a: Hydreigon|spa|2
|faint|p2a: Bobs bitch
|
|
|switch|p2a: SBLAD|Kyurem|405\/405
|-ability|p2a: SBLAD|Pressure
|turn|10
|
|switch|p1a: Abomasnow|Abomasnow, F|364\/364
|-weather|Hail
|move|p2a: SBLAD|Substitute|p2a: SBLAD
|-start|p2a: SBLAD|Substitute
|-damage|p2a: SBLAD|304\/405
|
|-weather|Hail|[upkeep]
|-heal|p2a: SBLAD|329\/405|[from] item: Leftovers
|turn|11
|
|detailschange|p1a: Abomasnow|Abomasnow-Mega, F
|-mega|p1a: Abomasnow|Abomasnow|Abomasite
|move|p2a: SBLAD|Ice Beam|p1a: Abomasnow
|-damage|p1a: Abomasnow|190\/364
|move|p1a: Abomasnow|Earthquake|p2a: SBLAD
|-end|p2a: SBLAD|Substitute
|
|-weather|Hail|[upkeep]
|-heal|p2a: SBLAD|354\/405|[from] item: Leftovers
|turn|12
|
|move|p2a: SBLAD|Ice Beam|p1a: Abomasnow
|-damage|p1a: Abomasnow|13\/364
|move|p1a: Abomasnow|Blizzard|p2a: SBLAD
|-damage|p2a: SBLAD|107\/405
|
|-weather|Hail|[upkeep]
|-heal|p2a: SBLAD|132\/405|[from] item: Leftovers
|turn|13
|
|move|p1a: Abomasnow|Ice Shard|p2a: SBLAD
|-damage|p2a: SBLAD|65\/405
|move|p2a: SBLAD|Roost|p2a: SBLAD
|-heal|p2a: SBLAD|268\/405
|
|-weather|Hail|[upkeep]
|-heal|p2a: SBLAD|293\/405|[from] item: Leftovers
|turn|14
|
|move|p2a: SBLAD|Earth Power|p1a: Abomasnow
|-resisted|p1a: Abomasnow
|-damage|p1a: Abomasnow|0 fnt
|faint|p1a: Abomasnow
|
|-weather|none
|-heal|p2a: SBLAD|318\/405|[from] item: Leftovers
|
|switch|p1a: Hydreigon|Hydreigon, M|216\/325
|turn|15
|
|switch|p2a: Skillz|Jirachi|320\/341
|move|p1a: Hydreigon|Dragon Pulse|p2a: Skillz
|-crit|p2a: Skillz
|-resisted|p2a: Skillz
|-damage|p2a: Skillz|206\/341
|
|turn|16
|
|switch|p1a: Lucario|Lucario, F|281\/281
|move|p2a: Skillz|U-turn|p1a: Lucario
|-resisted|p1a: Lucario
|-damage|p1a: Lucario|257\/281
|
|switch|p2a: Difficult bake|Rotom-Heat|253\/287
|
|turn|17
|
|move|p1a: Lucario|Close Combat|p2a: Difficult bake
|-damage|p2a: Difficult bake|6\/287
|-unboost|p1a: Lucario|def|1
|-unboost|p1a: Lucario|spd|1
|-damage|p1a: Lucario|229\/281|[from] item: Life Orb
|move|p2a: Difficult bake|Volt Switch|p1a: Lucario
|-damage|p1a: Lucario|0 fnt
|faint|p1a: Lucario
|
|switch|p2a: Skillz|Jirachi|206\/341
|
|
|switch|p1a: Entei|Entei, shiny|306\/371
|-ability|p1a: Entei|Pressure
|turn|18
|
|move|p2a: Skillz|Healing Wish|p2a: Skillz
|faint|p2a: Skillz
|move|p1a: Entei|Sacred Fire|p2: Skillz|[notarget]
|-notarget
|
|
|switch|p2a: Steroids|Swampert, M|233\/404 brn
|-heal|p2a: Steroids|404\/404|[from] move: Healing Wish
|turn|19
|
|detailschange|p2a: Steroids|Swampert-Mega, M
|-mega|p2a: Steroids|Swampert|Swampertite
|move|p1a: Entei|Sacred Fire|p2a: Steroids
|-resisted|p2a: Steroids
|-damage|p2a: Steroids|322\/404
|move|p2a: Steroids|Earthquake|p1a: Entei
|-supereffective|p1a: Entei
|-damage|p1a: Entei|0 fnt
|faint|p1a: Entei
|
|
|switch|p1a: Hydreigon|Hydreigon, M|216\/325
|turn|20
|c|âHeracroshot|gg
|
|move|p1a: Hydreigon|Dragon Pulse|p2a: Steroids
|-damage|p2a: Steroids|229\/404
|move|p2a: Steroids|Ice Punch|p1a: Hydreigon
|-supereffective|p1a: Hydreigon
|-damage|p1a: Hydreigon|10\/325
|
|turn|21
|-message|SoFabolous forfeited.
|
|win|Heracroshot
|raw|Ladder updating...
|leave|SoFabolous
|player|p1
|raw|SoFabolous's rating: 1203 &rarr; <strong>1179<\/strong><br \/>(-24 for losing)
|raw|Heracroshot's rating: 1221 &rarr; <strong>1244<\/strong><br \/>(+23 for winning)