|join|GreatLuke
|join|iiAlanV
|player|p1|GreatLuke|170
|player|p2|iiAlanV|1
|gametype|singles
|gen|6
|tier|OU
|rated
|clearpoke
|poke|p1|Landorus, M
|poke|p1|Sylveon, F
|poke|p1|Heatran, M
|poke|p1|Metagross
|poke|p1|Breloom, F
|poke|p1|Latias, F
|poke|p2|Gallade, M
|poke|p2|Latias, F
|poke|p2|Ferrothorn, F
|poke|p2|Azumarill, M
|poke|p2|Thundurus, M
|poke|p2|Heatran, F
|rule|Swagger Clause: Swagger is banned
|rule|Baton Pass Clause: Limit one PokÃ©mon knowing Baton Pass
|rule|Sleep Clause Mod: Limit one foe put to sleep
|rule|Species Clause: Limit one of each PokÃ©mon
|rule|OHKO Clause: OHKO moves are banned
|rule|Moody Clause: Moody is banned
|rule|Evasion Moves Clause: Evasion moves are banned
|rule|Endless Battle Clause: Forcing endless battles is banned
|rule|HP Percentage Mod: HP is shown in percentages
|teampreview
|
|start
|switch|p1a: Landorus|Landorus, M|319\/319
|switch|p2a: Thundurus|Thundurus, M|352\/352
|turn|1
|
|move|p1a: Landorus|Sludge Wave|p2a: Thundurus
|-damage|p2a: Thundurus|157\/352
|-enditem|p2a: Thundurus|Sitrus Berry|[eat]
|-heal|p2a: Thundurus|245\/352|[from] item: Sitrus Berry
|move|p2a: Thundurus|Hidden Power|p1a: Landorus
|-crit|p1a: Landorus
|-supereffective|p1a: Landorus
|-damage|p1a: Landorus|0 fnt
|faint|p1a: Landorus
|
|
|switch|p1a: Sylveon|Sylveon, F|393\/393
|turn|2
|
|move|p2a: Thundurus|Thunder Wave|p1a: Sylveon
|-status|p1a: Sylveon|par
|move|p1a: Sylveon|Hyper Voice|p2a: Thundurus
|-damage|p2a: Thundurus|95\/352
|
|turn|3
|
|switch|p2a: Ferrothorn|Ferrothorn, F|352\/352
|move|p1a: Sylveon|Heal Bell|p1a: Sylveon
|-cureteam|p1a: Sylveon|[from] move: HealBell
|
|turn|4
|
|switch|p1a: Heatran|Heatran, M|385\/385
|move|p2a: Ferrothorn|Gyro Ball|p1a: Heatran
|-resisted|p1a: Heatran
|-damage|p1a: Heatran|352\/385
|
|-heal|p1a: Heatran|376\/385|[from] item: Leftovers
|turn|5
|
|switch|p2a: Azumarill|Azumarill, M|401\/401
|move|p1a: Heatran|Stealth Rock|p2a: Azumarill
|-sidestart|p2: iiAlanV|move: Stealth Rock
|
|-heal|p1a: Heatran|385\/385|[from] item: Leftovers
|turn|6
|
|move|p1a: Heatran|Lava Plume|p2a: Azumarill
|-resisted|p2a: Azumarill
|-damage|p2a: Azumarill|353\/401
|-status|p2a: Azumarill|brn
|move|p2a: Azumarill|Waterfall|p1a: Heatran
|-supereffective|p1a: Heatran
|-damage|p1a: Heatran|215\/385
|
|-heal|p1a: Heatran|239\/385|[from] item: Leftovers
|-damage|p2a: Azumarill|303\/401 brn|[from] brn
|turn|7
|
|move|p1a: Heatran|Protect|p1a: Heatran
|-singleturn|p1a: Heatran|Protect
|move|p2a: Azumarill|Knock Off|p1a: Heatran
|-activate|p1a: Heatran|Protect
|
|-heal|p1a: Heatran|263\/385|[from] item: Leftovers
|-damage|p2a: Azumarill|253\/401 brn|[from] brn
|turn|8
|
|switch|p1a: Sylveon|Sylveon, F|393\/393
|move|p2a: Azumarill|Knock Off|p1a: Sylveon
|-resisted|p1a: Sylveon
|-damage|p1a: Sylveon|359\/393
|-enditem|p1a: Sylveon|Leftovers|[from] move: Knock Off|[of] p2a: Azumarill
|
|-damage|p2a: Azumarill|203\/401 brn|[from] brn
|turn|9
|
|switch|p2a: Ferrothorn|Ferrothorn, F|352\/352
|-damage|p2a: Ferrothorn|330\/352|[from] Stealth Rock
|move|p1a: Sylveon|Hyper Voice|p2a: Ferrothorn
|-resisted|p2a: Ferrothorn
|-damage|p2a: Ferrothorn|276\/352
|
|turn|10
|
|switch|p1a: Heatran|Heatran, M|263\/385
|move|p2a: Ferrothorn|Leech Seed|p1a: Heatran
|-start|p1a: Heatran|move: Leech Seed
|
|-heal|p1a: Heatran|287\/385|[from] item: Leftovers
|-damage|p1a: Heatran|239\/385|[from] Leech Seed|[of] p2a: Ferrothorn
|-heal|p2a: Ferrothorn|324\/352|[silent]
|turn|11
|
|move|p2a: Ferrothorn|Protect|p2a: Ferrothorn
|-singleturn|p2a: Ferrothorn|Protect
|move|p1a: Heatran|Lava Plume|p2a: Ferrothorn
|-activate|p2a: Ferrothorn|Protect
|
|-heal|p1a: Heatran|263\/385|[from] item: Leftovers
|-damage|p1a: Heatran|215\/385|[from] Leech Seed|[of] p2a: Ferrothorn
|-heal|p2a: Ferrothorn|352\/352|[silent]
|turn|12
|
|switch|p1a: Breloom|Breloom, F|261\/261
|switch|p2a: Azumarill|Azumarill, M|203\/401 brn
|-damage|p2a: Azumarill|153\/401 brn|[from] Stealth Rock
|
|-damage|p2a: Azumarill|103\/401 brn|[from] brn
|-status|p1a: Breloom|tox|[from] item: Toxic Orb
|turn|13
|
|move|p1a: Breloom|Substitute|p1a: Breloom
|-start|p1a: Breloom|Substitute
|-damage|p1a: Breloom|196\/261 tox
|move|p2a: Azumarill|Play Rough|p1a: Breloom
|-supereffective|p1a: Breloom
|-end|p1a: Breloom|Substitute
|
|-heal|p1a: Breloom|228\/261 tox|[from] ability: Poison Heal
|-damage|p2a: Azumarill|53\/401 brn|[from] brn
|turn|14
|
|move|p1a: Breloom|Substitute|p1a: Breloom
|-start|p1a: Breloom|Substitute
|-damage|p1a: Breloom|163\/261 tox
|move|p2a: Azumarill|Play Rough|p1a: Breloom
|-supereffective|p1a: Breloom
|-end|p1a: Breloom|Substitute
|
|-heal|p1a: Breloom|195\/261 tox|[from] ability: Poison Heal
|-damage|p2a: Azumarill|3\/401 brn|[from] brn
|turn|15
|
|move|p1a: Breloom|Substitute|p1a: Breloom
|-start|p1a: Breloom|Substitute
|-damage|p1a: Breloom|130\/261 tox
|move|p2a: Azumarill|Play Rough|p1a: Breloom
|-supereffective|p1a: Breloom
|-end|p1a: Breloom|Substitute
|
|-heal|p1a: Breloom|162\/261 tox|[from] ability: Poison Heal
|-damage|p2a: Azumarill|0 fnt|[from] brn
|faint|p2a: Azumarill
|
|switch|p2a: Latias|Latias, F|319\/319
|-damage|p2a: Latias|280\/319|[from] Stealth Rock
|turn|16
|
|switch|p1a: Metagross|Metagross|301\/301
|move|p2a: Latias|Psyshock|p1a: Metagross
|-resisted|p1a: Metagross
|-damage|p1a: Metagross|272\/301
|-damage|p2a: Latias|249\/319|[from] item: Life Orb
|
|turn|17
|
|detailschange|p1a: Metagross|Metagross-Mega
|message|Metagross has Mega Evolved into Mega Metagross!
|move|p2a: Latias|Defog|p1a: Metagross
|-unboost|p1a: Metagross|evasion|1
|-sideend|p2: iiAlanV|Stealth Rock|[from] move: Defog|[of] p2a: Latias
|move|p1a: Metagross|Pursuit|p2a: Latias
|-supereffective|p2a: Latias
|-damage|p2a: Latias|95\/319
|
|turn|18
|
|move|p2a: Latias|Healing Wish|p2a: Latias
|faint|p2a: Latias
|move|p1a: Metagross|Meteor Mash|p2: Latias|[notarget]
|-notarget
|
|
|switch|p2a: Thundurus|Thundurus, M|95\/352
|-heal|p2a: Thundurus|352\/352|[from] move: Healing Wish
|turn|19
|
|switch|p1a: Breloom|Breloom, F|162\/261 tox
|move|p2a: Thundurus|Thunder Wave|p1a: Breloom
|-fail|p1a: Breloom
|
|-heal|p1a: Breloom|194\/261 tox|[from] ability: Poison Heal
|turn|20
|
|switch|p1a: Sylveon|Sylveon, F|359\/393
|move|p2a: Thundurus|Taunt|p1a: Sylveon
|-start|p1a: Sylveon|move: Taunt
|
|turn|21
|
|move|p2a: Thundurus|Hidden Power|p1a: Sylveon
|-damage|p1a: Sylveon|304\/393
|move|p1a: Sylveon|Hyper Voice|p2a: Thundurus
|-damage|p2a: Thundurus|189\/352
|
|turn|22
|
|switch|p2a: Ferrothorn|Ferrothorn, F|352\/352
|move|p1a: Sylveon|Hyper Voice|p2a: Ferrothorn
|-resisted|p2a: Ferrothorn
|-damage|p2a: Ferrothorn|291\/352
|
|turn|23
|
|switch|p1a: Breloom|Breloom, F|194\/261 tox
|move|p2a: Ferrothorn|Leech Seed|p1a: Breloom
|-immune|p1a: Breloom|[msg]
|
|-heal|p1a: Breloom|226\/261 tox|[from] ability: Poison Heal
|turn|24
|
|move|p1a: Breloom|Substitute|p1a: Breloom
|-start|p1a: Breloom|Substitute
|-damage|p1a: Breloom|161\/261 tox
|move|p2a: Ferrothorn|Gyro Ball|p1a: Breloom
|-end|p1a: Breloom|Substitute
|
|-heal|p1a: Breloom|193\/261 tox|[from] ability: Poison Heal
|turn|25
|
|switch|p1a: Heatran|Heatran, M|215\/385
|move|p2a: Ferrothorn|Gyro Ball|p1a: Heatran
|-resisted|p1a: Heatran
|-damage|p1a: Heatran|187\/385
|
|-heal|p1a: Heatran|211\/385|[from] item: Leftovers
|turn|26
|
|switch|p2a: Heatran|Heatran, F|326\/326
|-item|p2a: Heatran|Air Balloon
|move|p1a: Heatran|Stealth Rock|p2a: Heatran
|-sidestart|p2: iiAlanV|move: Stealth Rock
|
|-heal|p1a: Heatran|235\/385|[from] item: Leftovers
|turn|27
|
|switch|p1a: Latias|Latias, F|358\/358
|move|p2a: Heatran|Stealth Rock|p1a: Latias
|-sidestart|p1: GreatLuke|move: Stealth Rock
|
|turn|28
|
|move|p1a: Latias|Dragon Breath|p2a: Heatran
|-resisted|p2a: Heatran
|-damage|p2a: Heatran|288\/326
|-enditem|p2a: Heatran|Air Balloon
|move|p2a: Heatran|Will-O-Wisp|p1a: Latias
|-status|p1a: Latias|brn
|
|-damage|p1a: Latias|314\/358 brn|[from] brn
|turn|29
|
|move|p1a: Latias|Dragon Breath|p2a: Heatran
|-resisted|p2a: Heatran
|-damage|p2a: Heatran|250\/326
|move|p2a: Heatran|Flash Cannon|p1a: Latias
|-crit|p1a: Latias
|-damage|p1a: Latias|118\/358 brn
|
|-heal|p1a: Latias|140\/358 brn|[from] item: Leftovers
|-damage|p1a: Latias|96\/358 brn|[from] brn
|turn|30
|
|move|p1a: Latias|Dragon Breath|p2a: Heatran
|-resisted|p2a: Heatran
|-damage|p2a: Heatran|214\/326
|-status|p2a: Heatran|par
|move|p2a: Heatran|Fire Blast|p1a: Latias|[miss]
|-miss|p2a: Heatran|p1a: Latias
|
|-heal|p1a: Latias|118\/358 brn|[from] item: Leftovers
|-damage|p1a: Latias|74\/358 brn|[from] brn
|turn|31
|
|move|p1a: Latias|Roost|p1a: Latias
|-heal|p1a: Latias|253\/358 brn
|move|p2a: Heatran|Flash Cannon|p1a: Latias
|-damage|p1a: Latias|132\/358 brn
|
|-heal|p1a: Latias|154\/358 brn|[from] item: Leftovers
|-damage|p1a: Latias|110\/358 brn|[from] brn
|turn|32
|
|move|p1a: Latias|Roost|p1a: Latias
|-heal|p1a: Latias|289\/358 brn
|move|p2a: Heatran|Flash Cannon|p1a: Latias
|-damage|p1a: Latias|160\/358 brn
|
|-heal|p1a: Latias|182\/358 brn|[from] item: Leftovers
|-damage|p1a: Latias|138\/358 brn|[from] brn
|turn|33
|
|move|p1a: Latias|Roost|p1a: Latias
|-heal|p1a: Latias|317\/358 brn
|move|p2a: Heatran|Flash Cannon|p1a: Latias
|-damage|p1a: Latias|194\/358 brn
|
|-heal|p1a: Latias|216\/358 brn|[from] item: Leftovers
|-damage|p1a: Latias|172\/358 brn|[from] brn
|turn|34
|
|move|p1a: Latias|Roost|p1a: Latias
|-heal|p1a: Latias|351\/358 brn
|move|p2a: Heatran|Flash Cannon|p1a: Latias
|-damage|p1a: Latias|216\/358 brn
|
|-heal|p1a: Latias|238\/358 brn|[from] item: Leftovers
|-damage|p1a: Latias|194\/358 brn|[from] brn
|turn|35
|
|move|p1a: Latias|Dragon Breath|p2a: Heatran
|-resisted|p2a: Heatran
|-damage|p2a: Heatran|174\/326 par
|move|p2a: Heatran|Flash Cannon|p1a: Latias
|-damage|p1a: Latias|58\/358 brn
|
|-heal|p1a: Latias|80\/358 brn|[from] item: Leftovers
|-damage|p1a: Latias|36\/358 brn|[from] brn
|turn|36
|
|move|p1a: Latias|Roost|p1a: Latias
|-heal|p1a: Latias|215\/358 brn
|move|p2a: Heatran|Flash Cannon|p1a: Latias
|-damage|p1a: Latias|95\/358 brn
|
|-heal|p1a: Latias|117\/358 brn|[from] item: Leftovers
|-damage|p1a: Latias|73\/358 brn|[from] brn
|turn|37
|
|move|p1a: Latias|Roost|p1a: Latias
|-heal|p1a: Latias|252\/358 brn
|cant|p2a: Heatran|par
|
|-heal|p1a: Latias|274\/358 brn|[from] item: Leftovers
|-damage|p1a: Latias|230\/358 brn|[from] brn
|turn|38
|
|switch|p1a: Metagross|Metagross-Mega|272\/301
|-damage|p1a: Metagross|254\/301|[from] Stealth Rock
|move|p2a: Heatran|Flash Cannon|p1a: Metagross
|-resisted|p1a: Metagross
|-damage|p1a: Metagross|185\/301
|
|turn|39
|
|move|p1a: Metagross|Pursuit|p2a: Heatran
|-damage|p2a: Heatran|114\/326 par
|move|p2a: Heatran|Will-O-Wisp|p1a: Metagross
|-status|p1a: Metagross|brn
|
|-damage|p1a: Metagross|148\/301 brn|[from] brn
|turn|40
|
|move|p1a: Metagross|Earthquake|p2a: Heatran
|-supereffective|p2a: Heatran
|-damage|p2a: Heatran|0 fnt
|faint|p2a: Heatran
|
|-damage|p1a: Metagross|111\/301 brn|[from] brn
|
|switch|p2a: Gallade|Gallade, M|278\/278
|-damage|p2a: Gallade|261\/278|[from] Stealth Rock
|turn|41
|
|detailschange|p2a: Gallade|Gallade-Mega, M
|message|Gallade has Mega Evolved into Mega Gallade!
|move|p1a: Metagross|Meteor Mash|p2a: Gallade|[miss]
|-miss|p1a: Metagross|p2a: Gallade
|move|p2a: Gallade|Swords Dance|p2a: Gallade
|-boost|p2a: Gallade|atk|2
|
|-damage|p1a: Metagross|74\/301 brn|[from] brn
|turn|42
|
|move|p2a: Gallade|Drain Punch|p1a: Metagross
|-damage|p1a: Metagross|0 fnt
|-heal|p2a: Gallade|278\/278|[from] drain|[of] p1a: Metagross
|faint|p1a: Metagross
|
|
|switch|p1a: Sylveon|Sylveon, F|304\/393
|-damage|p1a: Sylveon|255\/393|[from] Stealth Rock
|turn|43
|
|move|p2a: Gallade|Psycho Cut|p1a: Sylveon
|-crit|p1a: Sylveon
|-damage|p1a: Sylveon|0 fnt
|faint|p1a: Sylveon
|
|
|switch|p1a: Latias|Latias, F|230\/358 brn
|-damage|p1a: Latias|186\/358 brn|[from] Stealth Rock
|turn|44
|
|move|p2a: Gallade|Knock Off|p1a: Latias
|-supereffective|p1a: Latias
|-damage|p1a: Latias|0 fnt
|-enditem|p1a: Latias|Leftovers|[from] move: Knock Off|[of] p2a: Gallade
|faint|p1a: Latias
|
|
|switch|p1a: Breloom|Breloom, F|193\/261 tox
|-damage|p1a: Breloom|177\/261 tox|[from] Stealth Rock
|turn|45
|
|move|p2a: Gallade|Psycho Cut|p1a: Breloom
|-supereffective|p1a: Breloom
|-damage|p1a: Breloom|0 fnt
|faint|p1a: Breloom
|
|-message|GreatLuke forfeited.
|
|win|iiAlanV
|raw|Ladder updating...
|leave|GreatLuke
|player|p1
|raw|GreatLuke's rating: 1457 &rarr; <strong>1433<\/strong><br \/>(-24 for losing)
|raw|iiAlanV's rating: 1388 &rarr; <strong>1412<\/strong><br \/>(+24 for winning)