|join|GreatLuke
|join|michael 666
|player|p1|GreatLuke|292
|player|p2|michael 666|265
|gametype|singles
|gen|6
|tier|OU
|rated
|clearpoke
|poke|p1|Forretress, M
|poke|p1|Vaporeon, F
|poke|p1|Metagross, shiny
|poke|p1|Salamence, F
|poke|p1|Cloyster, F
|poke|p1|Dusknoir, M
|poke|p2|Ferrothorn, F
|poke|p2|Clefable, M
|poke|p2|Talonflame, F
|poke|p2|Tyranitar, M, shiny
|poke|p2|Gyarados, F
|poke|p2|Latios, M
|rule|Swagger Clause: Swagger is banned
|rule|Baton Pass Clause: Limit one PokÃ©mon knowing Baton Pass
|rule|Sleep Clause Mod: Limit one foe put to sleep
|rule|Species Clause: Limit one of each PokÃ©mon
|rule|OHKO Clause: OHKO moves are banned
|rule|Moody Clause: Moody is banned
|rule|Evasion Moves Clause: Evasion moves are banned
|rule|Endless Battle Clause: Forcing endless battles is banned
|rule|HP Percentage Mod: HP is shown in percentages
|teampreview
|
|start
|switch|p1a: Cloyster|Cloyster, F|242\/242
|switch|p2a: Talonflame|Talonflame, F|298\/298
|turn|1
|
|move|p2a: Talonflame|Brave Bird|p1a: Cloyster
|-damage|p1a: Cloyster|86\/242
|-damage|p2a: Talonflame|247\/298|[from] recoil|[of] p1a: Cloyster
|move|p1a: Cloyster|Shell Smash|p1a: Cloyster
|-boost|p1a: Cloyster|atk|2
|-boost|p1a: Cloyster|spa|2
|-boost|p1a: Cloyster|spe|2
|-unboost|p1a: Cloyster|def|1
|-unboost|p1a: Cloyster|spd|1
|
|turn|2
|
|move|p2a: Talonflame|Brave Bird|p1a: Cloyster
|-damage|p1a: Cloyster|0 fnt
|-damage|p2a: Talonflame|219\/298|[from] recoil|[of] p1a: Cloyster
|faint|p1a: Cloyster
|
|
|switch|p1a: Metagross|Metagross, shiny|364\/364
|turn|3
|
|switch|p2a: Ferrothorn|Ferrothorn, F|352\/352
|move|p1a: Metagross|Agility|p1a: Metagross
|-boost|p1a: Metagross|spe|2
|
|turn|4
|
|move|p1a: Metagross|Meteor Mash|p2a: Ferrothorn
|-resisted|p2a: Ferrothorn
|-damage|p2a: Ferrothorn|292\/352
|-damage|p1a: Metagross|319\/364|[from] ability: Iron Barbs|[of] p2a: Ferrothorn
|move|p2a: Ferrothorn|Leech Seed|p1a: Metagross
|-start|p1a: Metagross|move: Leech Seed
|
|-heal|p1a: Metagross|341\/364|[from] item: Leftovers
|-heal|p2a: Ferrothorn|314\/352|[from] item: Leftovers
|-damage|p1a: Metagross|296\/364|[from] Leech Seed|[of] p2a: Ferrothorn
|-heal|p2a: Ferrothorn|352\/352|[silent]
|turn|5
|
|switch|p1a: Salamence|Salamence, F|332\/332
|move|p2a: Ferrothorn|Stealth Rock|p1a: Salamence
|-sidestart|p1: GreatLuke|move: Stealth Rock
|
|turn|6
|
|move|p1a: Salamence|Fire Fang|p2a: Ferrothorn
|-supereffective|p2a: Ferrothorn
|-damage|p2a: Ferrothorn|140\/352
|-damage|p1a: Salamence|291\/332|[from] ability: Iron Barbs|[of] p2a: Ferrothorn
|move|p2a: Ferrothorn|Leech Seed|p1a: Salamence|[miss]
|-miss|p2a: Ferrothorn|p1a: Salamence
|
|-heal|p2a: Ferrothorn|162\/352|[from] item: Leftovers
|turn|7
|
|move|p2a: Ferrothorn|Protect|p2a: Ferrothorn
|-singleturn|p2a: Ferrothorn|Protect
|move|p1a: Salamence|Fire Fang|p2a: Ferrothorn
|-activate|p2a: Ferrothorn|Protect
|
|-heal|p2a: Ferrothorn|184\/352|[from] item: Leftovers
|turn|8
|
|switch|p2a: Gyarados|Gyarados, F|394\/394
|move|p1a: Salamence|Fire Fang|p2a: Gyarados
|-resisted|p2a: Gyarados
|-damage|p2a: Gyarados|344\/394
|
|-heal|p2a: Gyarados|368\/394|[from] item: Leftovers
|turn|9
|
|switch|p1a: Dusknoir|Dusknoir, M|294\/294
|-damage|p1a: Dusknoir|258\/294|[from] Stealth Rock
|-ability|p1a: Dusknoir|Pressure
|move|p2a: Gyarados|Ice Fang|p1a: Dusknoir
|-damage|p1a: Dusknoir|197\/294
|
|-heal|p2a: Gyarados|392\/394|[from] item: Leftovers
|-heal|p1a: Dusknoir|215\/294|[from] item: Leftovers
|turn|10
|
|switch|p2a: Clefable|Clefable, M|332\/332
|move|p1a: Dusknoir|Will-O-Wisp|p2a: Clefable
|-status|p2a: Clefable|brn
|
|-heal|p1a: Dusknoir|233\/294|[from] item: Leftovers
|turn|11
|
|move|p1a: Dusknoir|Shadow Sneak|p2a: Clefable
|-damage|p2a: Clefable|281\/332 brn
|move|p2a: Clefable|Cosmic Power|p2a: Clefable
|-boost|p2a: Clefable|def|1
|-boost|p2a: Clefable|spd|1
|
|-heal|p2a: Clefable|301\/332 brn|[from] item: Leftovers
|-heal|p1a: Dusknoir|251\/294|[from] item: Leftovers
|turn|12
|
|switch|p1a: Metagross|Metagross, shiny|296\/364
|-damage|p1a: Metagross|274\/364|[from] Stealth Rock
|move|p2a: Clefable|Cosmic Power|p2a: Clefable
|-boost|p2a: Clefable|def|1
|-boost|p2a: Clefable|spd|1
|
|-heal|p1a: Metagross|296\/364|[from] item: Leftovers
|-heal|p2a: Clefable|321\/332 brn|[from] item: Leftovers
|turn|13
|
|switch|p2a: Ferrothorn|Ferrothorn, F|184\/352
|move|p1a: Metagross|Agility|p1a: Metagross
|-boost|p1a: Metagross|spe|2
|
|-heal|p1a: Metagross|318\/364|[from] item: Leftovers
|-heal|p2a: Ferrothorn|206\/352|[from] item: Leftovers
|turn|14
|
|switch|p1a: Salamence|Salamence, F|291\/332
|-damage|p1a: Salamence|208\/332|[from] Stealth Rock
|move|p2a: Ferrothorn|Leech Seed|p1a: Salamence
|-start|p1a: Salamence|move: Leech Seed
|
|-heal|p2a: Ferrothorn|228\/352|[from] item: Leftovers
|-damage|p1a: Salamence|167\/332|[from] Leech Seed|[of] p2a: Ferrothorn
|-heal|p2a: Ferrothorn|269\/352|[silent]
|turn|15
|
|move|p2a: Ferrothorn|Protect|p2a: Ferrothorn
|-singleturn|p2a: Ferrothorn|Protect
|move|p1a: Salamence|Dragon Dance|p1a: Salamence
|-boost|p1a: Salamence|atk|1
|-boost|p1a: Salamence|spe|1
|
|-heal|p2a: Ferrothorn|291\/352|[from] item: Leftovers
|-damage|p1a: Salamence|126\/332|[from] Leech Seed|[of] p2a: Ferrothorn
|-heal|p2a: Ferrothorn|332\/352|[silent]
|turn|16
|
|switch|p2a: Gyarados|Gyarados, F|392\/394
|move|p1a: Salamence|Fire Fang|p2a: Gyarados
|-resisted|p2a: Gyarados
|-damage|p2a: Gyarados|316\/394
|
|-heal|p2a: Gyarados|340\/394|[from] item: Leftovers
|-damage|p1a: Salamence|85\/332|[from] Leech Seed|[of] p2a: Gyarados
|-heal|p2a: Gyarados|381\/394|[silent]
|turn|17
|
|move|p1a: Salamence|Outrage|p2a: Gyarados
|-damage|p2a: Gyarados|5\/394
|move|p2a: Gyarados|Ice Fang|p1a: Salamence
|-supereffective|p1a: Salamence
|-damage|p1a: Salamence|0 fnt
|faint|p1a: Salamence
|-boost|p2a: Gyarados|atk|1|[from] ability: Moxie
|
|-heal|p2a: Gyarados|29\/394|[from] item: Leftovers
|
|switch|p1a: Dusknoir|Dusknoir, M|251\/294
|-damage|p1a: Dusknoir|215\/294|[from] Stealth Rock
|-ability|p1a: Dusknoir|Pressure
|turn|18
|
|move|p1a: Dusknoir|Shadow Sneak|p2a: Gyarados
|-damage|p2a: Gyarados|0 fnt
|faint|p2a: Gyarados
|
|-heal|p1a: Dusknoir|233\/294|[from] item: Leftovers
|
|switch|p2a: Clefable|Clefable, M|321\/332 brn
|turn|19
|
|switch|p2a: Talonflame|Talonflame, F|219\/298
|switch|p1a: Vaporeon|Vaporeon, F|462\/462
|-damage|p1a: Vaporeon|405\/462|[from] Stealth Rock
|
|-heal|p1a: Vaporeon|433\/462|[from] item: Leftovers
|turn|20
|
|move|p2a: Talonflame|U-turn|p1a: Vaporeon
|-damage|p1a: Vaporeon|303\/462
|
|switch|p2a: Clefable|Clefable, M|321\/332 brn
|move|p1a: Vaporeon|Acid Armor|p1a: Vaporeon
|-boost|p1a: Vaporeon|def|2
|
|-heal|p1a: Vaporeon|331\/462|[from] item: Leftovers
|-heal|p2a: Clefable|332\/332 brn|[from] item: Leftovers
|turn|21
|
|move|p1a: Vaporeon|Aqua Ring|p1a: Vaporeon
|-start|p1a: Vaporeon|Aqua Ring
|move|p2a: Clefable|Toxic|p1a: Vaporeon
|-status|p1a: Vaporeon|tox
|
|-heal|p1a: Vaporeon|359\/462 tox|[from] item: Leftovers
|-heal|p1a: Vaporeon|387\/462 tox|[from] Aqua Ring
|-damage|p1a: Vaporeon|359\/462 tox|[from] psn
|turn|22
|
|move|p1a: Vaporeon|Baton Pass|p1a: Vaporeon
|
|switch|p1a: Metagross|Metagross, shiny|318\/364
|-damage|p1a: Metagross|296\/364|[from] Stealth Rock
|move|p2a: Clefable|Cosmic Power|p2a: Clefable
|-boost|p2a: Clefable|def|1
|-boost|p2a: Clefable|spd|1
|
|-heal|p1a: Metagross|318\/364|[from] item: Leftovers
|-heal|p1a: Metagross|340\/364|[from] Aqua Ring
|turn|23
|
|switch|p2a: Ferrothorn|Ferrothorn, F|332\/352
|move|p1a: Metagross|Agility|p1a: Metagross
|-boost|p1a: Metagross|spe|2
|
|-heal|p1a: Metagross|362\/364|[from] item: Leftovers
|-heal|p2a: Ferrothorn|352\/352|[from] item: Leftovers
|-heal|p1a: Metagross|364\/364|[from] Aqua Ring
|turn|24
|
|move|p1a: Metagross|Earthquake|p2a: Ferrothorn
|-damage|p2a: Ferrothorn|252\/352
|move|p2a: Ferrothorn|Leech Seed|p1a: Metagross
|-start|p1a: Metagross|move: Leech Seed
|
|-heal|p2a: Ferrothorn|274\/352|[from] item: Leftovers
|-damage|p1a: Metagross|319\/364|[from] Leech Seed|[of] p2a: Ferrothorn
|-heal|p2a: Ferrothorn|319\/352|[silent]
|turn|25
|
|move|p2a: Ferrothorn|Protect|p2a: Ferrothorn
|-singleturn|p2a: Ferrothorn|Protect
|move|p1a: Metagross|Earthquake|p2a: Ferrothorn
|-activate|p2a: Ferrothorn|Protect
|
|-heal|p1a: Metagross|341\/364|[from] item: Leftovers
|-heal|p2a: Ferrothorn|341\/352|[from] item: Leftovers
|-heal|p1a: Metagross|363\/364|[from] Aqua Ring
|-damage|p1a: Metagross|318\/364|[from] Leech Seed|[of] p2a: Ferrothorn
|-heal|p2a: Ferrothorn|352\/352|[silent]
|turn|26
|
|switch|p1a: Dusknoir|Dusknoir, M|233\/294
|-damage|p1a: Dusknoir|197\/294|[from] Stealth Rock
|-ability|p1a: Dusknoir|Pressure
|move|p2a: Ferrothorn|Gyro Ball|p1a: Dusknoir
|-damage|p1a: Dusknoir|136\/294
|
|-heal|p1a: Dusknoir|154\/294|[from] item: Leftovers
|turn|27
|
|switch|p2a: Clefable|Clefable, M|332\/332 brn
|move|p1a: Dusknoir|Will-O-Wisp|p2a: Clefable
|-fail|p2a: Clefable|brn
|
|-heal|p1a: Dusknoir|172\/294|[from] item: Leftovers
|turn|28
|
|switch|p1a: Forretress|Forretress, M|353\/353
|-damage|p1a: Forretress|309\/353|[from] Stealth Rock
|move|p2a: Clefable|Stored Power|p1a: Forretress
|-resisted|p1a: Forretress
|-damage|p1a: Forretress|300\/353
|
|-heal|p1a: Forretress|322\/353|[from] item: Leftovers
|turn|29
|
|switch|p2a: Talonflame|Talonflame, F|219\/298
|move|p1a: Forretress|Toxic|p2a: Talonflame
|-status|p2a: Talonflame|tox
|
|-heal|p1a: Forretress|344\/353|[from] item: Leftovers
|-damage|p2a: Talonflame|201\/298 tox|[from] psn
|turn|30
|
|move|p2a: Talonflame|Flare Blitz|p1a: Forretress
|-supereffective|p1a: Forretress
|-damage|p1a: Forretress|0 fnt
|-damage|p2a: Talonflame|87\/298 tox|[from] recoil|[of] p1a: Forretress
|faint|p1a: Forretress
|
|-damage|p2a: Talonflame|51\/298 tox|[from] psn
|
|switch|p1a: Dusknoir|Dusknoir, M|172\/294
|-damage|p1a: Dusknoir|136\/294|[from] Stealth Rock
|-ability|p1a: Dusknoir|Pressure
|turn|31
|
|switch|p2a: Clefable|Clefable, M|332\/332 brn
|move|p1a: Dusknoir|Shadow Sneak|p2a: Clefable
|-damage|p2a: Clefable|289\/332 brn
|
|-heal|p2a: Clefable|309\/332 brn|[from] item: Leftovers
|-heal|p1a: Dusknoir|154\/294|[from] item: Leftovers
|turn|32
|
|move|p2a: Clefable|Cosmic Power|p2a: Clefable
|-boost|p2a: Clefable|def|1
|-boost|p2a: Clefable|spd|1
|move|p1a: Dusknoir|Pain Split|p2a: Clefable
|-sethp|p2a: Clefable|231\/332 brn|p1a: Dusknoir|231\/294|[from] move: Pain Split
|
|-heal|p2a: Clefable|251\/332 brn|[from] item: Leftovers
|-heal|p1a: Dusknoir|249\/294|[from] item: Leftovers
|turn|33
|
|move|p1a: Dusknoir|Shadow Sneak|p2a: Clefable
|-crit|p2a: Clefable
|-damage|p2a: Clefable|179\/332 brn
|move|p2a: Clefable|Cosmic Power|p2a: Clefable
|-boost|p2a: Clefable|def|1
|-boost|p2a: Clefable|spd|1
|
|-heal|p2a: Clefable|199\/332 brn|[from] item: Leftovers
|-heal|p1a: Dusknoir|267\/294|[from] item: Leftovers
|turn|34
|
|move|p1a: Dusknoir|Shadow Sneak|p2a: Clefable
|-damage|p2a: Clefable|174\/332 brn
|move|p2a: Clefable|Safeguard|p2a: Clefable
|-sidestart|p2: michael 666|Safeguard
|
|-heal|p2a: Clefable|194\/332 brn|[from] item: Leftovers
|-heal|p1a: Dusknoir|285\/294|[from] item: Leftovers
|turn|35
|
|move|p1a: Dusknoir|Shadow Sneak|p2a: Clefable
|-damage|p2a: Clefable|172\/332 brn
|move|p2a: Clefable|Stored Power|p1a: Dusknoir
|-damage|p1a: Dusknoir|237\/294
|
|-heal|p2a: Clefable|192\/332 brn|[from] item: Leftovers
|-heal|p1a: Dusknoir|255\/294|[from] item: Leftovers
|turn|36
|
|move|p1a: Dusknoir|Shadow Sneak|p2a: Clefable
|-damage|p2a: Clefable|168\/332 brn
|move|p2a: Clefable|Toxic|p1a: Dusknoir
|-status|p1a: Dusknoir|tox
|
|-heal|p2a: Clefable|188\/332 brn|[from] item: Leftovers
|-heal|p1a: Dusknoir|273\/294 tox|[from] item: Leftovers
|-damage|p1a: Dusknoir|255\/294 tox|[from] psn
|turn|37
|
|move|p1a: Dusknoir|Shadow Sneak|p2a: Clefable
|-damage|p2a: Clefable|163\/332 brn
|move|p2a: Clefable|Cosmic Power|p2a: Clefable
|-boost|p2a: Clefable|def|1
|-boost|p2a: Clefable|spd|1
|
|-heal|p2a: Clefable|183\/332 brn|[from] item: Leftovers
|-heal|p1a: Dusknoir|273\/294 tox|[from] item: Leftovers
|-damage|p1a: Dusknoir|237\/294 tox|[from] psn
|turn|38
|
|move|p2a: Clefable|Cosmic Power|p2a: Clefable
|-boost|p2a: Clefable|def|1
|-boost|p2a: Clefable|spd|1
|move|p1a: Dusknoir|Rest|p1a: Dusknoir
|-status|p1a: Dusknoir|slp
|-heal|p1a: Dusknoir|294\/294 slp|[silent]
|-status|p1a: Dusknoir|slp|[from] move: Rest
|
|-heal|p2a: Clefable|203\/332 brn|[from] item: Leftovers
|-sideend|p2: michael 666|Safeguard
|turn|39
|
|cant|p1a: Dusknoir|slp
|move|p2a: Clefable|Cosmic Power|p2a: Clefable
|-boost|p2a: Clefable|def|1
|-boost|p2a: Clefable|spd|1
|
|-heal|p2a: Clefable|223\/332 brn|[from] item: Leftovers
|turn|40
|
|cant|p1a: Dusknoir|slp
|move|p2a: Clefable|Cosmic Power|p2a: Clefable
|-boost|p2a: Clefable|def|1
|-boost|p2a: Clefable|spd|1
|
|-heal|p2a: Clefable|243\/332 brn|[from] item: Leftovers
|turn|41
|
|-curestatus|p1a: Dusknoir|slp
|move|p1a: Dusknoir|Shadow Sneak|p2a: Clefable
|-crit|p2a: Clefable
|-damage|p2a: Clefable|176\/332 brn
|move|p2a: Clefable|Stored Power|p1a: Dusknoir
|-damage|p1a: Dusknoir|168\/294
|
|-heal|p2a: Clefable|196\/332 brn|[from] item: Leftovers
|-heal|p1a: Dusknoir|186\/294|[from] item: Leftovers
|turn|42
|
|move|p2a: Clefable|Stored Power|p1a: Dusknoir
|-damage|p1a: Dusknoir|59\/294
|move|p1a: Dusknoir|Pain Split|p2a: Clefable
|-sethp|p2a: Clefable|127\/332 brn|p1a: Dusknoir|127\/294|[from] move: Pain Split
|
|-heal|p2a: Clefable|147\/332 brn|[from] item: Leftovers
|-heal|p1a: Dusknoir|145\/294|[from] item: Leftovers
|turn|43
|
|move|p2a: Clefable|Stored Power|p1a: Dusknoir
|-damage|p1a: Dusknoir|10\/294
|move|p1a: Dusknoir|Pain Split|p2a: Clefable
|-sethp|p2a: Clefable|78\/332 brn|p1a: Dusknoir|78\/294|[from] move: Pain Split
|
|-heal|p2a: Clefable|98\/332 brn|[from] item: Leftovers
|-heal|p1a: Dusknoir|96\/294|[from] item: Leftovers
|turn|44
|
|move|p2a: Clefable|Stored Power|p1a: Dusknoir
|-damage|p1a: Dusknoir|0 fnt
|faint|p1a: Dusknoir
|
|-heal|p2a: Clefable|118\/332 brn|[from] item: Leftovers
|
|switch|p1a: Metagross|Metagross, shiny|318\/364
|-damage|p1a: Metagross|296\/364|[from] Stealth Rock
|turn|45
|c|âGreatLuke|gg
|
|move|p1a: Metagross|Meteor Mash|p2a: Clefable|[miss]
|-miss|p1a: Metagross|p2a: Clefable
|move|p2a: Clefable|Stored Power|p1a: Metagross
|-resisted|p1a: Metagross
|-damage|p1a: Metagross|240\/364
|
|-heal|p1a: Metagross|262\/364|[from] item: Leftovers
|-heal|p2a: Clefable|138\/332 brn|[from] item: Leftovers
|turn|46
|-message|GreatLuke forfeited.
|
|win|michael 666
|raw|Ladder updating...
|leave|GreatLuke
|player|p1
|raw|GreatLuke's rating: 1236 &rarr; <strong>1209<\/strong><br \/>(-27 for losing)
|raw|michael 666's rating: 1217 &rarr; <strong>1243<\/strong><br \/>(+26 for winning)