|join|Heliosan
|join|GreatLuke
|player|p1|Heliosan|290
|player|p2|GreatLuke|170
|gametype|singles
|gen|6
|tier|OU
|rated
|clearpoke
|poke|p1|Garchomp, M
|poke|p1|Greninja, F
|poke|p1|Bisharp, M, shiny
|poke|p1|Gallade, M, shiny
|poke|p1|Weavile, F
|poke|p1|Landorus-Therian, M
|poke|p2|Charizard, M
|poke|p2|Breloom, F
|poke|p2|Hippowdon, M
|poke|p2|Excadrill, F
|poke|p2|Magnezone
|poke|p2|Garchomp, F
|rule|Swagger Clause: Swagger is banned
|rule|Baton Pass Clause: Limit one PokÃ©mon knowing Baton Pass
|rule|Sleep Clause Mod: Limit one foe put to sleep
|rule|Species Clause: Limit one of each PokÃ©mon
|rule|OHKO Clause: OHKO moves are banned
|rule|Moody Clause: Moody is banned
|rule|Evasion Moves Clause: Evasion moves are banned
|rule|Endless Battle Clause: Forcing endless battles is banned
|rule|HP Percentage Mod: HP is shown in percentages
|teampreview
|
|start
|switch|p1a: Garchomp|Garchomp, M|357\/357
|switch|p2a: Hippowdon|Hippowdon, M|419\/419
|-weather|Sandstorm
|turn|1
|
|move|p1a: Garchomp|Stealth Rock|p2a: Hippowdon
|-sidestart|p2: GreatLuke|move: Stealth Rock
|move|p2a: Hippowdon|Stealth Rock|p1a: Garchomp
|-sidestart|p1: Heliosan|move: Stealth Rock
|
|-weather|Sandstorm|[upkeep]
|turn|2
|
|move|p1a: Garchomp|Swords Dance|p1a: Garchomp
|-boost|p1a: Garchomp|atk|2
|move|p2a: Hippowdon|Earthquake|p1a: Garchomp
|-damage|p1a: Garchomp|222\/357
|
|-weather|Sandstorm|[upkeep]
|turn|3
|
|move|p1a: Garchomp|Earthquake|p2a: Hippowdon
|-damage|p2a: Hippowdon|193\/419
|move|p2a: Hippowdon|Whirlwind|p1a: Garchomp
|drag|p1a: Greninja|Greninja, F|285\/285
|-damage|p1a: Greninja|250\/285|[from] Stealth Rock
|
|-weather|Sandstorm|[upkeep]
|-damage|p1a: Greninja|233\/285|[from] sandstorm
|turn|4
|
|switch|p2a: Magnezone|Magnezone|281\/281
|-damage|p2a: Magnezone|264\/281|[from] Stealth Rock
|move|p1a: Greninja|Hydro Pump|p2a: Magnezone
|-start|p1a: Greninja|typechange|Water|[from] Protean
|-damage|p2a: Magnezone|7\/281
|-damage|p1a: Greninja|205\/285|[from] item: Life Orb
|
|-weather|Sandstorm|[upkeep]
|-damage|p1a: Greninja|188\/285|[from] sandstorm
|turn|5
|
|move|p1a: Greninja|Hidden Power|p2a: Magnezone
|-start|p1a: Greninja|typechange|Fire|[from] Protean
|-supereffective|p2a: Magnezone
|-damage|p2a: Magnezone|0 fnt
|-damage|p1a: Greninja|160\/285|[from] item: Life Orb
|faint|p2a: Magnezone
|
|-weather|Sandstorm|[upkeep]
|-damage|p1a: Greninja|143\/285|[from] sandstorm
|
|switch|p2a: Excadrill|Excadrill, F|361\/361
|-damage|p2a: Excadrill|350\/361|[from] Stealth Rock
|turn|6
|
|switch|p1a: Landorus-Therian|Landorus-Therian, M|319\/319
|-damage|p1a: Landorus-Therian|280\/319|[from] Stealth Rock
|-ability|p1a: Landorus-Therian|Intimidate|[of] p2a: Excadrill
|-unboost|p2a: Excadrill|atk|1
|move|p2a: Excadrill|Rapid Spin|p1a: Landorus-Therian
|-damage|p1a: Landorus-Therian|261\/319
|-sideend|p2: GreatLuke|Stealth Rock|[from] move: Rapid Spin|[of] p2a: Excadrill
|
|-weather|Sandstorm|[upkeep]
|turn|7
|
|move|p2a: Excadrill|Iron Head|p1a: Landorus-Therian
|-damage|p1a: Landorus-Therian|149\/319
|move|p1a: Landorus-Therian|Earthquake|p2a: Excadrill
|-supereffective|p2a: Excadrill
|-damage|p2a: Excadrill|0 fnt
|faint|p2a: Excadrill
|
|-weather|Sandstorm|[upkeep]
|
|switch|p2a: Garchomp|Garchomp, F|378\/378
|turn|8
|
|switch|p1a: Bisharp|Bisharp, M, shiny|271\/271
|-damage|p1a: Bisharp|255\/271|[from] Stealth Rock
|move|p2a: Garchomp|Outrage|p1a: Bisharp
|-resisted|p1a: Bisharp
|-damage|p1a: Bisharp|156\/271
|
|-weather|none
|turn|9
|
|move|p2a: Garchomp|Outrage|p1a: Bisharp
|-resisted|p1a: Bisharp
|-damage|p1a: Bisharp|61\/271
|move|p1a: Bisharp|Knock Off|p2a: Garchomp
|-damage|p2a: Garchomp|162\/378
|-enditem|p2a: Garchomp|Choice Scarf|[from] move: Knock Off|[of] p1a: Bisharp
|-damage|p1a: Bisharp|34\/271|[from] item: Life Orb
|
|-end|p2a: Garchomp|rampage
|-start|p2a: Garchomp|confusion
|turn|10
|
|move|p1a: Bisharp|Sucker Punch|p2a: Garchomp
|-damage|p2a: Garchomp|0 fnt
|-damage|p1a: Bisharp|7\/271|[from] item: Life Orb
|faint|p2a: Garchomp
|
|
|switch|p2a: Hippowdon|Hippowdon, M|193\/419
|-weather|Sandstorm
|turn|11
|
|move|p1a: Bisharp|Knock Off|p2a: Hippowdon
|-damage|p2a: Hippowdon|51\/419
|-enditem|p2a: Hippowdon|Smooth Rock|[from] move: Knock Off|[of] p1a: Bisharp
|-damage|p1a: Bisharp|0 fnt|[from] item: Life Orb
|faint|p1a: Bisharp
|move|p2a: Hippowdon|Slack Off|p2a: Hippowdon
|-heal|p2a: Hippowdon|261\/419
|
|-weather|Sandstorm|[upkeep]
|
|switch|p1a: Garchomp|Garchomp, M|222\/357
|-damage|p1a: Garchomp|200\/357|[from] Stealth Rock
|turn|12
|
|move|p1a: Garchomp|Stealth Rock|p2a: Hippowdon
|-sidestart|p2: GreatLuke|move: Stealth Rock
|move|p2a: Hippowdon|Whirlwind|p1a: Garchomp
|drag|p1a: Landorus-Therian|Landorus-Therian, M|149\/319
|-damage|p1a: Landorus-Therian|110\/319|[from] Stealth Rock
|-ability|p1a: Landorus-Therian|Intimidate|[of] p2a: Hippowdon
|-unboost|p2a: Hippowdon|atk|1
|
|-weather|Sandstorm|[upkeep]
|turn|13
|
|move|p1a: Landorus-Therian|Earthquake|p2a: Hippowdon
|-damage|p2a: Hippowdon|140\/419
|move|p2a: Hippowdon|Slack Off|p2a: Hippowdon
|-heal|p2a: Hippowdon|350\/419
|
|-weather|Sandstorm|[upkeep]
|turn|14
|
|switch|p1a: Garchomp|Garchomp, M|200\/357
|-damage|p1a: Garchomp|178\/357|[from] Stealth Rock
|move|p2a: Hippowdon|Whirlwind|p1a: Garchomp
|drag|p1a: Gallade|Gallade, M, shiny|277\/277
|-damage|p1a: Gallade|260\/277|[from] Stealth Rock
|
|-weather|Sandstorm|[upkeep]
|-damage|p1a: Gallade|243\/277|[from] sandstorm
|turn|15
|
|detailschange|p1a: Gallade|Gallade-Mega, M, shiny
|message|Gallade has Mega Evolved into Mega Gallade!
|move|p1a: Gallade|Ice Punch|p2a: Hippowdon
|-supereffective|p2a: Hippowdon
|-damage|p2a: Hippowdon|214\/419
|move|p2a: Hippowdon|Earthquake|p1a: Gallade
|-damage|p1a: Gallade|159\/277
|
|-weather|Sandstorm|[upkeep]
|-damage|p1a: Gallade|142\/277|[from] sandstorm
|turn|16
|
|move|p1a: Gallade|Ice Punch|p2a: Hippowdon
|-supereffective|p2a: Hippowdon
|-damage|p2a: Hippowdon|76\/419
|move|p2a: Hippowdon|Slack Off|p2a: Hippowdon
|-heal|p2a: Hippowdon|286\/419
|
|-weather|Sandstorm|[upkeep]
|-damage|p1a: Gallade|125\/277|[from] sandstorm
|turn|17
|
|move|p1a: Gallade|Swords Dance|p1a: Gallade
|-boost|p1a: Gallade|atk|2
|move|p2a: Hippowdon|Slack Off|p2a: Hippowdon
|-heal|p2a: Hippowdon|419\/419
|
|-weather|Sandstorm|[upkeep]
|-damage|p1a: Gallade|108\/277|[from] sandstorm
|turn|18
|
|move|p1a: Gallade|Ice Punch|p2a: Hippowdon
|-supereffective|p2a: Hippowdon
|-damage|p2a: Hippowdon|153\/419
|move|p2a: Hippowdon|Earthquake|p1a: Gallade
|-damage|p1a: Gallade|23\/277
|
|-weather|none
|turn|19
|
|move|p1a: Gallade|Ice Punch|p2a: Hippowdon
|-supereffective|p2a: Hippowdon
|-damage|p2a: Hippowdon|0 fnt
|faint|p2a: Hippowdon
|
|-message|GreatLuke forfeited.
|
|win|Heliosan
|raw|Ladder updating...
|leave|GreatLuke
|player|p2
|raw|Heliosan's rating: 1325 &rarr; <strong>1347<\/strong><br \/>(+22 for winning)
|raw|GreatLuke's rating: 1360 &rarr; <strong>1338<\/strong><br \/>(-22 for losing)