|join|xandexs
|join|GreatLuke
|player|p1|xandexs|162
|player|p2|GreatLuke|292
|gametype|singles
|gen|6
|tier|OU
|rated
|clearpoke
|poke|p1|Dragonite, M
|poke|p1|Scizor, M
|poke|p1|Conkeldurr, M
|poke|p1|Heatran, M
|poke|p1|Mandibuzz, F
|poke|p1|Latios, M
|poke|p2|Breloom, F, shiny
|poke|p2|Landorus-Therian, M
|poke|p2|Kyurem-Black, shiny
|poke|p2|Charizard, M
|poke|p2|Greninja, F
|poke|p2|Doublade, F
|rule|Swagger Clause: Swagger is banned
|rule|Baton Pass Clause: Limit one PokÃ©mon knowing Baton Pass
|rule|Sleep Clause Mod: Limit one foe put to sleep
|rule|Species Clause: Limit one of each PokÃ©mon
|rule|OHKO Clause: OHKO moves are banned
|rule|Moody Clause: Moody is banned
|rule|Evasion Moves Clause: Evasion moves are banned
|rule|Endless Battle Clause: Forcing endless battles is banned
|rule|HP Percentage Mod: HP is shown in percentages
|teampreview
|
|start
|switch|p1a: Latios|Latios, M|302\/302
|switch|p2a: Greninja|Greninja, F|286\/286
|turn|1
|
|switch|p1a: leo stronda|Conkeldurr, M|414\/414
|move|p2a: Greninja|Ice Beam|p1a: leo stronda
|-start|p2a: Greninja|typechange|Ice|[from] Protean
|-damage|p1a: leo stronda|239\/414
|-damage|p2a: Greninja|258\/286|[from] item: Life Orb
|
|turn|2
|
|move|p2a: Greninja|Extrasensory|p1a: leo stronda
|-start|p2a: Greninja|typechange|Psychic|[from] Protean
|-supereffective|p1a: leo stronda
|-damage|p1a: leo stronda|0 fnt
|-damage|p2a: Greninja|230\/286|[from] item: Life Orb
|faint|p1a: leo stronda
|
|
|switch|p1a: compasso|Scizor, M|344\/344
|turn|3
|
|detailschange|p1a: compasso|Scizor-Mega, M
|message|Scizor has Mega Evolved into Mega Scizor!
|move|p2a: Greninja|Scald|p1a: compasso
|-start|p2a: Greninja|typechange|Water|[from] Protean
|-crit|p1a: compasso
|-damage|p1a: compasso|126\/344
|-damage|p2a: Greninja|202\/286|[from] item: Life Orb
|move|p1a: compasso|Swords Dance|p1a: compasso
|-boost|p1a: compasso|atk|2
|
|turn|4
|
|move|p1a: compasso|Bullet Punch|p2a: Greninja
|-crit|p2a: Greninja
|-resisted|p2a: Greninja
|-damage|p2a: Greninja|0 fnt
|faint|p2a: Greninja
|
|
|switch|p2a: Charizard|Charizard, M|297\/297
|turn|5
|c|âGreatLuke|what a crit
|c|âxandexs|sry
|c|âxandexs|charizard no plox
|
|detailschange|p2a: Charizard|Charizard-Mega-X, M
|message|Charizard has Mega Evolved into Mega Charizard!
|move|p2a: Charizard|Dragon Dance|p2a: Charizard
|-boost|p2a: Charizard|atk|1
|-boost|p2a: Charizard|spe|1
|move|p1a: compasso|Knock Off|p2a: Charizard
|-damage|p2a: Charizard|110\/297
|
|turn|6
|c|âxandexs|'-.
|
|move|p1a: compasso|Bullet Punch|p2a: Charizard
|-resisted|p2a: Charizard
|-damage|p2a: Charizard|0 fnt
|faint|p2a: Charizard
|
|
|switch|p2a: Landorus-Therian|Landorus-Therian, M|320\/320
|-ability|p2a: Landorus-Therian|Intimidate|[of] p1a: compasso
|-unboost|p1a: compasso|atk|1
|turn|7
|
|move|p2a: Landorus-Therian|Earthquake|p1a: compasso
|-damage|p1a: compasso|0 fnt
|faint|p1a: compasso
|
|
|switch|p1a: Barney|Dragonite, M|324\/324
|turn|8
|
|switch|p2a: Kyurem-Black|Kyurem-Black, shiny|391\/391
|-ability|p2a: Kyurem-Black|Teravolt
|move|p1a: Barney|Dragon Dance|p1a: Barney
|-boost|p1a: Barney|atk|1
|-boost|p1a: Barney|spe|1
|
|turn|9
|
|switch|p2a: Doublade|Doublade, F|301\/301
|move|p1a: Barney|Dragon Claw|p2a: Doublade
|-resisted|p2a: Doublade
|-damage|p2a: Doublade|242\/301
|
|turn|10
|
|move|p1a: Barney|Dragon Dance|p1a: Barney
|-boost|p1a: Barney|atk|1
|-boost|p1a: Barney|spe|1
|move|p2a: Doublade|Gyro Ball|p1a: Barney
|-damage|p1a: Barney|187\/324
|
|turn|11
|
|move|p1a: Barney|Earthquake|p2a: Doublade
|-supereffective|p2a: Doublade
|-damage|p2a: Doublade|0 fnt
|faint|p2a: Doublade
|
|
|switch|p2a: Breloom|Breloom, F, shiny|262\/262
|turn|12
|
|move|p1a: Barney|Extreme Speed|p2a: Breloom
|-enditem|p2a: Breloom|Focus Sash
|-damage|p2a: Breloom|1\/262
|move|p2a: Breloom|Rock Tomb|p1a: Barney
|-supereffective|p1a: Barney
|-damage|p1a: Barney|0 fnt
|faint|p1a: Barney
|
|
|switch|p1a: Latios|Latios, M|302\/302
|turn|13
|
|switch|p2a: Landorus-Therian|Landorus-Therian, M|320\/320
|-ability|p2a: Landorus-Therian|Intimidate|[of] p1a: Latios
|-unboost|p1a: Latios|atk|1
|move|p1a: Latios|Draco Meteor|p2a: Landorus-Therian
|-damage|p2a: Landorus-Therian|0 fnt
|-unboost|p1a: Latios|spa|2
|-damage|p1a: Latios|272\/302|[from] item: Life Orb
|faint|p2a: Landorus-Therian
|
|
|switch|p2a: Kyurem-Black|Kyurem-Black, shiny|391\/391
|-ability|p2a: Kyurem-Black|Teravolt
|turn|14
|
|switch|p1a: crawler|Heatran, M|386\/386
|move|p2a: Kyurem-Black|Ice Beam|p1a: crawler
|-resisted|p1a: crawler
|-damage|p1a: crawler|356\/386
|
|-heal|p1a: crawler|380\/386|[from] item: Leftovers
|turn|15
|
|move|p2a: Kyurem-Black|Earth Power|p1a: crawler
|-supereffective|p1a: crawler
|-damage|p1a: crawler|8\/386
|move|p1a: crawler|Flash Cannon|p2a: Kyurem-Black
|-supereffective|p2a: Kyurem-Black
|-damage|p2a: Kyurem-Black|115\/391
|
|-heal|p1a: crawler|32\/386|[from] item: Leftovers
|turn|16
|
|switch|p1a: zeca urubu|Mandibuzz, F|424\/424
|move|p2a: Kyurem-Black|Ice Beam|p1a: zeca urubu
|-supereffective|p1a: zeca urubu
|-damage|p1a: zeca urubu|170\/424
|
|turn|17
|
|move|p2a: Kyurem-Black|Ice Beam|p1a: zeca urubu
|-supereffective|p1a: zeca urubu
|-damage|p1a: zeca urubu|0 fnt
|faint|p1a: zeca urubu
|
|
|switch|p1a: crawler|Heatran, M|32\/386
|turn|18
|
|move|p2a: Kyurem-Black|Ice Beam|p1a: crawler
|-resisted|p1a: crawler
|-damage|p1a: crawler|2\/386
|move|p1a: crawler|Lava Plume|p2a: Kyurem-Black
|-damage|p2a: Kyurem-Black|0 fnt
|faint|p2a: Kyurem-Black
|
|-heal|p1a: crawler|26\/386|[from] item: Leftovers
|c|âxandexs|lal
|c|âGreatLuke|lol
|
|switch|p2a: Breloom|Breloom, F, shiny|1\/262
|turn|19
|c|âGreatLuke|wtf
|
|move|p2a: Breloom|Spore|p1a: crawler
|-status|p1a: crawler|slp
|cant|p1a: crawler|slp
|
|-heal|p1a: crawler|50\/386 slp|[from] item: Leftovers
|turn|20
|c|âxandexs|crawler is god
|
|switch|p1a: Latios|Latios, M|272\/302
|move|p2a: Breloom|Rock Tomb|p1a: Latios
|-damage|p1a: Latios|139\/302
|-unboost|p1a: Latios|spe|1
|
|turn|21
|
|move|p2a: Breloom|Rock Tomb|p1a: Latios
|-crit|p1a: Latios
|-damage|p1a: Latios|0 fnt
|faint|p1a: Latios
|
|c|âxandexs|crit
|c|âGreatLuke|lol lol lol
|
|switch|p1a: crawler|Heatran, M|50\/386 slp
|turn|22
|c|âxandexs|gg
|
|move|p2a: Breloom|Mach Punch|p1a: crawler
|-supereffective|p1a: crawler
|-damage|p1a: crawler|0 fnt
|faint|p1a: crawler
|
|win|GreatLuke
|raw|Ladder updating...
|raw|xandexs's rating: 1324 &rarr; <strong>1307<\/strong><br \/>(-17 for losing)
|raw|GreatLuke's rating: 1367 &rarr; <strong>1384<\/strong><br \/>(+17 for winning)
|c|âxandexs|crit is god
|leave|xandexs
|player|p1