|join|GreatLuke
|join|FReakwhorplz
|player|p1|GreatLuke|292
|player|p2|FReakwhorplz|235
|gametype|singles
|gen|6
|tier|OU
|rated
|clearpoke
|poke|p1|Politoed, M
|poke|p1|Kingdra, F
|poke|p1|Kabutops, M
|poke|p1|Heliolisk, F
|poke|p1|Jirachi
|poke|p1|Armaldo, F
|poke|p2|Alakazam, F
|poke|p2|Gengar, F
|poke|p2|Kyurem-Black
|poke|p2|Rotom-Wash
|poke|p2|Ferrothorn, M
|poke|p2|Gyarados, M
|rule|Swagger Clause: Swagger is banned
|rule|Baton Pass Clause: Limit one PokÃ©mon knowing Baton Pass
|rule|Sleep Clause Mod: Limit one foe put to sleep
|rule|Species Clause: Limit one of each PokÃ©mon
|rule|OHKO Clause: OHKO moves are banned
|rule|Moody Clause: Moody is banned
|rule|Evasion Moves Clause: Evasion moves are banned
|rule|Endless Battle Clause: Forcing endless battles is banned
|rule|HP Percentage Mod: HP is shown in percentages
|teampreview
|
|start
|switch|p1a: Heliolisk|Heliolisk, F|265\/265
|switch|p2a: Rotom-Wash|Rotom-Wash|304\/304
|turn|1
|
|move|p1a: Heliolisk|Volt Switch|p2a: Rotom-Wash
|-damage|p2a: Rotom-Wash|164\/304
|-damage|p1a: Heliolisk|239\/265|[from] item: Life Orb
|
|switch|p1a: Politoed|Politoed, M|384\/384
|-weather|RainDance
|move|p2a: Rotom-Wash|Hydro Pump|p1a: Politoed
|-resisted|p1a: Politoed
|-damage|p1a: Politoed|218\/384
|
|-weather|RainDance|[upkeep]
|turn|2
|
|switch|p2a: Ferrothorn|Ferrothorn, M|352\/352
|switch|p1a: Heliolisk|Heliolisk, F|239\/265
|
|-weather|RainDance|[upkeep]
|-heal|p1a: Heliolisk|265\/265|[from] ability: Dry Skin
|turn|3
|
|move|p1a: Heliolisk|Focus Blast|p2a: Ferrothorn
|-supereffective|p2a: Ferrothorn
|-damage|p2a: Ferrothorn|82\/352
|-damage|p1a: Heliolisk|239\/265|[from] item: Life Orb
|move|p2a: Ferrothorn|Stealth Rock|p1a: Heliolisk
|-sidestart|p1: GreatLuke|move: Stealth Rock
|
|-weather|RainDance|[upkeep]
|-heal|p1a: Heliolisk|265\/265|[from] ability: Dry Skin
|-heal|p2a: Ferrothorn|104\/352|[from] item: Leftovers
|turn|4
|
|switch|p2a: Gengar|Gengar, F|262\/262
|move|p1a: Heliolisk|Volt Switch|p2a: Gengar
|-damage|p2a: Gengar|77\/262
|-damage|p1a: Heliolisk|239\/265|[from] item: Life Orb
|
|switch|p1a: Kingdra|Kingdra, F|291\/291
|-damage|p1a: Kingdra|255\/291|[from] Stealth Rock
|
|-weather|RainDance|[upkeep]
|turn|5
|
|move|p1a: Kingdra|Ice Beam|p2a: Gengar
|-damage|p2a: Gengar|0 fnt
|-damage|p1a: Kingdra|226\/291|[from] item: Life Orb
|faint|p2a: Gengar
|
|-weather|RainDance|[upkeep]
|
|switch|p2a: Gyarados|Gyarados, M|332\/332
|-ability|p2a: Gyarados|Intimidate|[of] p1a: Kingdra
|-unboost|p1a: Kingdra|atk|1
|turn|6
|
|detailschange|p2a: Gyarados|Gyarados-Mega, M
|message|Gyarados has Mega Evolved into Mega Gyarados!
|-ability|p2a: Gyarados|Mold Breaker
|move|p1a: Kingdra|Ice Beam|p2a: Gyarados
|-resisted|p2a: Gyarados
|-damage|p2a: Gyarados|283\/332
|-damage|p1a: Kingdra|197\/291|[from] item: Life Orb
|move|p2a: Gyarados|Dragon Dance|p2a: Gyarados
|-boost|p2a: Gyarados|atk|1
|-boost|p2a: Gyarados|spe|1
|
|-weather|RainDance|[upkeep]
|turn|7
|
|move|p1a: Kingdra|Draco Meteor|p2a: Gyarados
|-damage|p2a: Gyarados|88\/332
|-unboost|p1a: Kingdra|spa|2
|-damage|p1a: Kingdra|168\/291|[from] item: Life Orb
|move|p2a: Gyarados|Dragon Dance|p2a: Gyarados
|-boost|p2a: Gyarados|atk|1
|-boost|p2a: Gyarados|spe|1
|
|-weather|RainDance|[upkeep]
|turn|8
|
|move|p1a: Kingdra|Draco Meteor|p2a: Gyarados
|-damage|p2a: Gyarados|0 fnt
|-unboost|p1a: Kingdra|spa|2
|-damage|p1a: Kingdra|139\/291|[from] item: Life Orb
|faint|p2a: Gyarados
|
|-weather|none
|
|switch|p2a: Kyurem-Black|Kyurem-Black|454\/454
|-ability|p2a: Kyurem-Black|Teravolt
|turn|9
|
|switch|p1a: Politoed|Politoed, M|218\/384
|-damage|p1a: Politoed|170\/384|[from] Stealth Rock
|-weather|RainDance
|move|p2a: Kyurem-Black|Substitute|p2a: Kyurem-Black
|-start|p2a: Kyurem-Black|Substitute
|-damage|p2a: Kyurem-Black|341\/454
|
|-weather|RainDance|[upkeep]
|-heal|p2a: Kyurem-Black|369\/454|[from] item: Leftovers
|turn|10
|
|move|p1a: Politoed|Protect|p1a: Politoed
|-singleturn|p1a: Politoed|Protect
|move|p2a: Kyurem-Black|Dragon Tail|p1a: Politoed
|-activate|p1a: Politoed|Protect
|
|-weather|RainDance|[upkeep]
|-heal|p2a: Kyurem-Black|397\/454|[from] item: Leftovers
|turn|11
|
|move|p1a: Politoed|Perish Song|p1a: Politoed
|-fieldactivate|move: Perish Song
|move|p2a: Kyurem-Black|Dragon Tail|p1a: Politoed
|-damage|p1a: Politoed|74\/384
|drag|p1a: Heliolisk|Heliolisk, F|239\/265
|-damage|p1a: Heliolisk|206\/265|[from] Stealth Rock
|
|-start|p2a: Kyurem-Black|perish3
|-weather|RainDance|[upkeep]
|-heal|p1a: Heliolisk|239\/265|[from] ability: Dry Skin
|-heal|p2a: Kyurem-Black|425\/454|[from] item: Leftovers
|turn|12
|
|switch|p1a: Jirachi|Jirachi|404\/404
|-damage|p1a: Jirachi|379\/404|[from] Stealth Rock
|move|p2a: Kyurem-Black|Dragon Tail|p1a: Jirachi
|-resisted|p1a: Jirachi
|-damage|p1a: Jirachi|326\/404
|drag|p1a: Kingdra|Kingdra, F|139\/291
|-damage|p1a: Kingdra|103\/291|[from] Stealth Rock
|
|-start|p2a: Kyurem-Black|perish2
|-weather|RainDance|[upkeep]
|-heal|p2a: Kyurem-Black|453\/454|[from] item: Leftovers
|turn|13
|
|switch|p1a: Jirachi|Jirachi|326\/404
|-damage|p1a: Jirachi|301\/404|[from] Stealth Rock
|switch|p2a: Rotom-Wash|Rotom-Wash|164\/304
|
|-weather|RainDance|[upkeep]
|-heal|p1a: Jirachi|326\/404|[from] item: Leftovers
|turn|14
|
|move|p2a: Rotom-Wash|Trick|p1a: Jirachi
|-activate|p2a: Rotom-Wash|move: Trick|[of] p1a: Jirachi
|-item|p1a: Jirachi|Choice Specs|[from] move: Trick
|-item|p2a: Rotom-Wash|Leftovers|[from] move: Trick
|move|p1a: Jirachi|U-turn|p2a: Rotom-Wash
|-damage|p2a: Rotom-Wash|115\/304
|
|switch|p1a: Armaldo|Armaldo, F|292\/292
|-damage|p1a: Armaldo|219\/292|[from] Stealth Rock
|
|-weather|RainDance|[upkeep]
|-heal|p1a: Armaldo|237\/292|[from] item: Leftovers
|-heal|p2a: Rotom-Wash|134\/304|[from] item: Leftovers
|turn|15
|
|move|p1a: Armaldo|Rock Slide|p2a: Rotom-Wash
|-damage|p2a: Rotom-Wash|13\/304
|cant|p2a: Rotom-Wash|flinch
|
|-weather|RainDance|[upkeep]
|-heal|p1a: Armaldo|255\/292|[from] item: Leftovers
|-heal|p2a: Rotom-Wash|32\/304|[from] item: Leftovers
|turn|16
|
|move|p1a: Armaldo|X-Scissor|p2a: Rotom-Wash
|-damage|p2a: Rotom-Wash|0 fnt
|faint|p2a: Rotom-Wash
|
|-weather|none
|-heal|p1a: Armaldo|273\/292|[from] item: Leftovers
|
|switch|p2a: Ferrothorn|Ferrothorn, M|104\/352
|turn|17
|
|move|p1a: Armaldo|Rapid Spin|p2a: Ferrothorn
|-resisted|p2a: Ferrothorn
|-damage|p2a: Ferrothorn|96\/352
|-damage|p1a: Armaldo|237\/292|[from] ability: Iron Barbs|[of] p2a: Ferrothorn
|-sideend|p1: GreatLuke|Stealth Rock|[from] move: Rapid Spin|[of] p1a: Armaldo
|move|p2a: Ferrothorn|Gyro Ball|p1a: Armaldo
|-supereffective|p1a: Armaldo
|-damage|p1a: Armaldo|0 fnt
|faint|p1a: Armaldo
|
|-heal|p2a: Ferrothorn|118\/352|[from] item: Leftovers
|
|switch|p1a: Politoed|Politoed, M|74\/384
|-weather|RainDance
|turn|18
|
|move|p1a: Politoed|Hypnosis|p2a: Ferrothorn
|-status|p2a: Ferrothorn|slp
|cant|p2a: Ferrothorn|slp
|
|-weather|RainDance|[upkeep]
|-heal|p2a: Ferrothorn|140\/352 slp|[from] item: Leftovers
|turn|19
|
|switch|p1a: Kabutops|Kabutops, M|262\/262
|-curestatus|p2a: Ferrothorn|slp
|move|p2a: Ferrothorn|Leech Seed|p1a: Kabutops|[miss]
|-miss|p2a: Ferrothorn|p1a: Kabutops
|
|-weather|RainDance|[upkeep]
|-heal|p2a: Ferrothorn|162\/352|[from] item: Leftovers
|turn|20
|
|move|p1a: Kabutops|Swords Dance|p1a: Kabutops
|-boost|p1a: Kabutops|atk|2
|move|p2a: Ferrothorn|Gyro Ball|p1a: Kabutops
|-damage|p1a: Kabutops|96\/262
|
|-weather|RainDance|[upkeep]
|-heal|p2a: Ferrothorn|184\/352|[from] item: Leftovers
|turn|21
|
|move|p1a: Kabutops|Waterfall|p2a: Ferrothorn
|-resisted|p2a: Ferrothorn
|-damage|p2a: Ferrothorn|0 fnt
|-damage|p1a: Kabutops|64\/262|[from] ability: Iron Barbs|[of] p2a: Ferrothorn
|-damage|p1a: Kabutops|38\/262|[from] item: Life Orb
|faint|p2a: Ferrothorn
|
|-weather|RainDance|[upkeep]
|
|switch|p2a: Alakazam|Alakazam, F|252\/252
|turn|22
|
|move|p1a: Kabutops|Waterfall|p2a: Alakazam
|-enditem|p2a: Alakazam|Focus Sash
|-damage|p2a: Alakazam|1\/252
|-damage|p1a: Kabutops|12\/262|[from] item: Life Orb
|move|p2a: Alakazam|Psychic|p1a: Kabutops
|-damage|p1a: Kabutops|0 fnt
|faint|p1a: Kabutops
|
|-weather|RainDance|[upkeep]
|
|switch|p1a: Kingdra|Kingdra, F|103\/291
|turn|23
|
|move|p1a: Kingdra|Ice Beam|p2a: Alakazam
|-damage|p2a: Alakazam|0 fnt
|-damage|p1a: Kingdra|74\/291|[from] item: Life Orb
|faint|p2a: Alakazam
|
|-weather|RainDance|[upkeep]
|
|switch|p2a: Kyurem-Black|Kyurem-Black|453\/454
|-ability|p2a: Kyurem-Black|Teravolt
|turn|24
|
|move|p1a: Kingdra|Draco Meteor|p2a: Kyurem-Black
|-supereffective|p2a: Kyurem-Black
|-damage|p2a: Kyurem-Black|37\/454
|-unboost|p1a: Kingdra|spa|2
|-damage|p1a: Kingdra|45\/291|[from] item: Life Orb
|move|p2a: Kyurem-Black|Roost|p2a: Kyurem-Black
|-heal|p2a: Kyurem-Black|264\/454
|
|-weather|RainDance|[upkeep]
|-heal|p2a: Kyurem-Black|292\/454|[from] item: Leftovers
|turn|25
|
|switch|p1a: Jirachi|Jirachi|326\/404
|move|p2a: Kyurem-Black|Roost|p2a: Kyurem-Black
|-heal|p2a: Kyurem-Black|454\/454
|
|-weather|none
|turn|26
|
|move|p1a: Jirachi|Iron Head|p2a: Kyurem-Black
|-crit|p2a: Kyurem-Black
|-supereffective|p2a: Kyurem-Black
|-damage|p2a: Kyurem-Black|202\/454
|move|p2a: Kyurem-Black|Substitute|p2a: Kyurem-Black
|-start|p2a: Kyurem-Black|Substitute
|-damage|p2a: Kyurem-Black|89\/454
|
|-heal|p2a: Kyurem-Black|117\/454|[from] item: Leftovers
|turn|27
|
|move|p1a: Jirachi|Iron Head|p2a: Kyurem-Black
|-supereffective|p2a: Kyurem-Black
|-end|p2a: Kyurem-Black|Substitute
|move|p2a: Kyurem-Black|Roost|p2a: Kyurem-Black
|-heal|p2a: Kyurem-Black|344\/454
|
|-heal|p2a: Kyurem-Black|372\/454|[from] item: Leftovers
|turn|28
|
|move|p1a: Jirachi|Iron Head|p2a: Kyurem-Black
|-supereffective|p2a: Kyurem-Black
|-damage|p2a: Kyurem-Black|190\/454
|cant|p2a: Kyurem-Black|flinch
|
|-heal|p2a: Kyurem-Black|218\/454|[from] item: Leftovers
|turn|29
|
|move|p1a: Jirachi|Iron Head|p2a: Kyurem-Black
|-supereffective|p2a: Kyurem-Black
|-damage|p2a: Kyurem-Black|30\/454
|move|p2a: Kyurem-Black|Roost|p2a: Kyurem-Black
|-heal|p2a: Kyurem-Black|257\/454
|
|-heal|p2a: Kyurem-Black|285\/454|[from] item: Leftovers
|turn|30
|
|move|p1a: Jirachi|Iron Head|p2a: Kyurem-Black
|-supereffective|p2a: Kyurem-Black
|-damage|p2a: Kyurem-Black|109\/454
|move|p2a: Kyurem-Black|Roost|p2a: Kyurem-Black
|-heal|p2a: Kyurem-Black|336\/454
|
|-heal|p2a: Kyurem-Black|364\/454|[from] item: Leftovers
|turn|31
|
|move|p1a: Jirachi|Iron Head|p2a: Kyurem-Black
|-supereffective|p2a: Kyurem-Black
|-damage|p2a: Kyurem-Black|172\/454
|cant|p2a: Kyurem-Black|flinch
|
|-heal|p2a: Kyurem-Black|200\/454|[from] item: Leftovers
|turn|32
|
|move|p1a: Jirachi|Iron Head|p2a: Kyurem-Black
|-supereffective|p2a: Kyurem-Black
|-damage|p2a: Kyurem-Black|24\/454
|cant|p2a: Kyurem-Black|flinch
|
|-heal|p2a: Kyurem-Black|52\/454|[from] item: Leftovers
|turn|33
|c|âGreatLuke|gg
|
|move|p1a: Jirachi|Iron Head|p2a: Kyurem-Black
|-supereffective|p2a: Kyurem-Black
|-damage|p2a: Kyurem-Black|0 fnt
|faint|p2a: Kyurem-Black
|
|win|GreatLuke
|raw|Ladder updating...
|raw|GreatLuke's rating: 1391 &rarr; <strong>1412<\/strong><br \/>(+21 for winning)
|raw|FReakwhorplz's rating: 1413 &rarr; <strong>1392<\/strong><br \/>(-21 for losing)
|leave|FReakwhorplz
|player|p2
|leave|GreatLuke
|player|p1
|join|GreatLuke