|join|GreatLuke
|join|Fromaster2
|player|p1|GreatLuke|266
|player|p2|Fromaster2|275
|gametype|singles
|gen|6
|tier|OU
|rated
|clearpoke
|poke|p1|Salamence, M
|poke|p1|Latias, F
|poke|p1|Dragonite, M
|poke|p1|Kyurem-Black, shiny
|poke|p1|Venusaur, F
|poke|p1|Magnezone
|poke|p2|Politoed, F
|poke|p2|Omastar, F
|poke|p2|Chansey, F
|poke|p2|Sableye, M
|poke|p2|Breloom, F
|poke|p2|Rotom-Wash
|rule|Swagger Clause: Swagger is banned
|rule|Baton Pass Clause: Limit one PokÃ©mon knowing Baton Pass
|rule|Sleep Clause Mod: Limit one foe put to sleep
|rule|Species Clause: Limit one of each PokÃ©mon
|rule|OHKO Clause: OHKO moves are banned
|rule|Moody Clause: Moody is banned
|rule|Evasion Moves Clause: Evasion moves are banned
|rule|Endless Battle Clause: Forcing endless battles is banned
|rule|HP Percentage Mod: HP is shown in percentages
|teampreview
|
|start
|switch|p1a: Venusaur|Venusaur, F|364\/364
|switch|p2a: Chansey|Chansey, F|642\/642
|turn|1
|
|detailschange|p1a: Venusaur|Venusaur-Mega, F
|message|Venusaur has Mega Evolved into Mega Venusaur!
|move|p1a: Venusaur|Sleep Powder|p2a: Chansey|[miss]
|-miss|p1a: Venusaur|p2a: Chansey
|move|p2a: Chansey|Stealth Rock|p1a: Venusaur
|-sidestart|p1: GreatLuke|move: Stealth Rock
|
|turn|2
|
|move|p1a: Venusaur|Sleep Powder|p2a: Chansey
|-status|p2a: Chansey|slp
|cant|p2a: Chansey|slp
|
|turn|3
|
|switch|p2a: Sableye|Sableye, M|304\/304
|move|p1a: Venusaur|Sludge Bomb|p2a: Sableye
|-resisted|p2a: Sableye
|-damage|p2a: Sableye|223\/304
|
|turn|4
|
|switch|p1a: Magnezone|Magnezone|282\/282
|-damage|p1a: Magnezone|265\/282|[from] Stealth Rock
|move|p2a: Sableye|Will-O-Wisp|p1a: Magnezone
|-status|p1a: Magnezone|brn
|
|-damage|p1a: Magnezone|230\/282 brn|[from] brn
|turn|5
|
|switch|p2a: Chansey|Chansey, F|642\/642
|move|p1a: Magnezone|Volt Switch|p2a: Chansey
|-damage|p2a: Chansey|581\/642
|
|switch|p1a: Latias|Latias, F|301\/301
|-damage|p1a: Latias|264\/301|[from] Stealth Rock
|
|turn|6
|
|move|p1a: Latias|Defog|p2a: Chansey
|-unboost|p2a: Chansey|evasion|1
|-sideend|p1: GreatLuke|Stealth Rock|[from] move: Defog|[of] p1a: Latias
|move|p2a: Chansey|Wish|p2a: Chansey
|
|turn|7
|
|move|p1a: Latias|Psyshock|p2a: Chansey
|-damage|p2a: Chansey|373\/642
|-damage|p1a: Latias|234\/301|[from] item: Life Orb
|move|p2a: Chansey|Stealth Rock|p1a: Latias
|-sidestart|p1: GreatLuke|move: Stealth Rock
|
|-heal|p2a: Chansey|642\/642|[from] move: Wish|[wisher] Chansey
|turn|8
|
|switch|p2a: Politoed|Politoed, F|322\/322
|-weather|RainDance
|move|p1a: Latias|Defog|p2a: Politoed
|-unboost|p2a: Politoed|evasion|1
|-sideend|p1: GreatLuke|Stealth Rock|[from] move: Defog|[of] p1a: Latias
|
|-weather|RainDance|[upkeep]
|turn|9
|
|switch|p2a: Chansey|Chansey, F|642\/642
|move|p1a: Latias|Psyshock|p2a: Chansey
|-damage|p2a: Chansey|420\/642
|-damage|p1a: Latias|204\/301|[from] item: Life Orb
|
|-weather|RainDance|[upkeep]
|turn|10
|
|switch|p1a: Salamence|Salamence, M|331\/331
|move|p2a: Chansey|Soft-Boiled|p2a: Chansey
|-heal|p2a: Chansey|642\/642
|
|-weather|RainDance|[upkeep]
|turn|11
|
|switch|p2a: Rotom-Wash|Rotom-Wash|304\/304
|move|p1a: Salamence|Dragon Dance|p1a: Salamence
|-boost|p1a: Salamence|atk|1
|-boost|p1a: Salamence|spe|1
|
|-weather|RainDance|[upkeep]
|turn|12
|
|move|p1a: Salamence|Dragon Dance|p1a: Salamence
|-boost|p1a: Salamence|atk|1
|-boost|p1a: Salamence|spe|1
|move|p2a: Rotom-Wash|Will-O-Wisp|p1a: Salamence
|-status|p1a: Salamence|brn
|
|-weather|none
|-damage|p1a: Salamence|290\/331 brn|[from] brn
|turn|13
|
|move|p1a: Salamence|Dragon Dance|p1a: Salamence
|-boost|p1a: Salamence|atk|1
|-boost|p1a: Salamence|spe|1
|move|p2a: Rotom-Wash|Volt Switch|p1a: Salamence
|-damage|p1a: Salamence|178\/331 brn
|
|switch|p2a: Politoed|Politoed, F|322\/322
|-weather|RainDance
|
|-weather|RainDance|[upkeep]
|-damage|p1a: Salamence|137\/331 brn|[from] brn
|turn|14
|
|switch|p2a: Rotom-Wash|Rotom-Wash|304\/304
|move|p1a: Salamence|Dragon Claw|p2a: Rotom-Wash
|-damage|p2a: Rotom-Wash|177\/304
|
|-weather|RainDance|[upkeep]
|-heal|p2a: Rotom-Wash|196\/304|[from] item: Leftovers
|-damage|p1a: Salamence|96\/331 brn|[from] brn
|turn|15
|
|move|p1a: Salamence|Dragon Claw|p2a: Rotom-Wash
|-damage|p2a: Rotom-Wash|76\/304
|move|p2a: Rotom-Wash|Volt Switch|p1a: Salamence
|-damage|p1a: Salamence|0 fnt
|faint|p1a: Salamence
|
|switch|p2a: Sableye|Sableye, M|223\/304
|
|-weather|RainDance|[upkeep]
|
|switch|p1a: Venusaur|Venusaur-Mega, F|364\/364
|turn|16
|
|move|p2a: Sableye|Will-O-Wisp|p1a: Venusaur
|-status|p1a: Venusaur|brn
|move|p1a: Venusaur|Sleep Powder|p2a: Sableye
|-status|p2a: Sableye|slp
|
|-weather|RainDance|[upkeep]
|-damage|p1a: Venusaur|319\/364 brn|[from] brn
|turn|17
|
|switch|p1a: Dragonite|Dragonite, M|375\/375
|switch|p2a: Chansey|Chansey, F|642\/642
|
|-weather|none
|turn|18
|
|move|p1a: Dragonite|Superpower|p2a: Chansey
|-supereffective|p2a: Chansey
|-damage|p2a: Chansey|4\/642
|-unboost|p1a: Dragonite|atk|1
|-unboost|p1a: Dragonite|def|1
|move|p2a: Chansey|Wish|p2a: Chansey
|
|turn|19
|
|switch|p2a: Sableye|Sableye, M|223\/304 slp
|move|p1a: Dragonite|Superpower|p2a: Sableye
|-immune|p2a: Sableye|[msg]
|
|-heal|p2a: Sableye|304\/304 slp|[from] move: Wish|[wisher] Chansey
|turn|20
|
|switch|p1a: Kyurem-Black|Kyurem-Black, shiny|391\/391
|-ability|p1a: Kyurem-Black|Teravolt
|cant|p2a: Sableye|slp
|
|turn|21
|
|cant|p2a: Sableye|slp
|move|p1a: Kyurem-Black|Outrage|p2a: Sableye
|-damage|p2a: Sableye|55\/304 slp
|
|turn|22
|
|switch|p2a: Chansey|Chansey, F|4\/642
|move|p1a: Kyurem-Black|Outrage|p2a: Chansey
|-damage|p2a: Chansey|0 fnt
|faint|p2a: Chansey
|
|-end|p1a: Kyurem-Black|rampage
|-start|p1a: Kyurem-Black|confusion
|
|switch|p2a: Breloom|Breloom, F|281\/281
|turn|23
|
|switch|p1a: Latias|Latias, F|204\/301
|move|p2a: Breloom|Substitute|p2a: Breloom
|-start|p2a: Breloom|Substitute
|-damage|p2a: Breloom|211\/281
|
|-status|p2a: Breloom|tox|[from] item: Toxic Orb
|turn|24
|
|move|p1a: Latias|Psyshock|p2a: Breloom
|-supereffective|p2a: Breloom
|-end|p2a: Breloom|Substitute
|-damage|p1a: Latias|174\/301|[from] item: Life Orb
|move|p2a: Breloom|Spore|p1a: Latias
|-status|p1a: Latias|slp
|
|-heal|p2a: Breloom|246\/281 tox|[from] ability: Poison Heal
|turn|25
|
|switch|p1a: Kyurem-Black|Kyurem-Black, shiny|391\/391
|-ability|p1a: Kyurem-Black|Teravolt
|move|p2a: Breloom|Substitute|p2a: Breloom
|-start|p2a: Breloom|Substitute
|-damage|p2a: Breloom|176\/281 tox
|
|-heal|p2a: Breloom|211\/281 tox|[from] ability: Poison Heal
|turn|26
|
|-singleturn|p2a: Breloom|move: Focus Punch
|move|p1a: Kyurem-Black|Ice Beam|p2a: Breloom
|-supereffective|p2a: Breloom
|-end|p2a: Breloom|Substitute
|move|p2a: Breloom|Focus Punch|p1a: Kyurem-Black
|-supereffective|p1a: Kyurem-Black
|-damage|p1a: Kyurem-Black|0 fnt
|faint|p1a: Kyurem-Black
|
|-heal|p2a: Breloom|246\/281 tox|[from] ability: Poison Heal
|
|switch|p1a: Dragonite|Dragonite, M|375\/375
|turn|27
|
|switch|p2a: Rotom-Wash|Rotom-Wash|76\/304
|move|p1a: Dragonite|Outrage|p2a: Rotom-Wash
|-damage|p2a: Rotom-Wash|0 fnt
|faint|p2a: Rotom-Wash
|
|
|switch|p2a: Sableye|Sableye, M|55\/304 slp
|turn|28
|
|-curestatus|p2a: Sableye|slp
|move|p2a: Sableye|Will-O-Wisp|p1a: Dragonite
|-status|p1a: Dragonite|brn
|move|p1a: Dragonite|Outrage|p2a: Sableye
|-damage|p2a: Sableye|0 fnt
|faint|p2a: Sableye
|
|-end|p1a: Dragonite|rampage
|-start|p1a: Dragonite|confusion
|-damage|p1a: Dragonite|329\/375 brn|[from] brn
|
|switch|p2a: Breloom|Breloom, F|246\/281 tox
|turn|29
|
|switch|p1a: Latias|Latias, F|174\/301 slp
|move|p2a: Breloom|Substitute|p2a: Breloom
|-start|p2a: Breloom|Substitute
|-damage|p2a: Breloom|176\/281 tox
|
|-heal|p2a: Breloom|211\/281 tox|[from] ability: Poison Heal
|turn|30
|
|-singleturn|p2a: Breloom|move: Focus Punch
|cant|p1a: Latias|slp
|move|p2a: Breloom|Focus Punch|p1a: Latias
|-resisted|p1a: Latias
|-damage|p1a: Latias|17\/301 slp
|
|-heal|p2a: Breloom|246\/281 tox|[from] ability: Poison Heal
|turn|31
|
|-singleturn|p2a: Breloom|move: Focus Punch
|cant|p1a: Latias|slp
|move|p2a: Breloom|Focus Punch|p1a: Latias
|-resisted|p1a: Latias
|-damage|p1a: Latias|0 fnt
|faint|p1a: Latias
|
|-heal|p2a: Breloom|281\/281 tox|[from] ability: Poison Heal
|
|switch|p1a: Venusaur|Venusaur-Mega, F|319\/364 brn
|turn|32
|
|-singleturn|p2a: Breloom|move: Focus Punch
|move|p1a: Venusaur|Sludge Bomb|p2a: Breloom
|-supereffective|p2a: Breloom
|-end|p2a: Breloom|Substitute
|move|p2a: Breloom|Focus Punch|p1a: Venusaur
|-resisted|p1a: Venusaur
|-damage|p1a: Venusaur|230\/364 brn
|
|-damage|p1a: Venusaur|185\/364 brn|[from] brn
|turn|33
|
|move|p2a: Breloom|Seed Bomb|p1a: Venusaur
|-resisted|p1a: Venusaur
|-damage|p1a: Venusaur|160\/364 brn
|move|p1a: Venusaur|Synthesis|p1a: Venusaur
|-heal|p1a: Venusaur|342\/364 brn
|
|-damage|p1a: Venusaur|297\/364 brn|[from] brn
|turn|34
|
|move|p2a: Breloom|Substitute|p2a: Breloom
|-start|p2a: Breloom|Substitute
|-damage|p2a: Breloom|211\/281 tox
|move|p1a: Venusaur|Sludge Bomb|p2a: Breloom
|-supereffective|p2a: Breloom
|-end|p2a: Breloom|Substitute
|
|-heal|p2a: Breloom|246\/281 tox|[from] ability: Poison Heal
|-damage|p1a: Venusaur|252\/364 brn|[from] brn
|turn|35
|
|switch|p2a: Politoed|Politoed, F|322\/322
|-weather|RainDance
|move|p1a: Venusaur|Sludge Bomb|p2a: Politoed
|-damage|p2a: Politoed|202\/322
|
|-weather|RainDance|[upkeep]
|-damage|p1a: Venusaur|207\/364 brn|[from] brn
|turn|36
|
|switch|p2a: Breloom|Breloom, F|246\/281 tox
|move|p1a: Venusaur|Giga Drain|p2a: Breloom
|-resisted|p2a: Breloom
|-damage|p2a: Breloom|171\/281 tox
|-heal|p1a: Venusaur|245\/364 brn|[from] drain|[of] p2a: Breloom
|
|-weather|RainDance|[upkeep]
|-heal|p2a: Breloom|206\/281 tox|[from] ability: Poison Heal
|-damage|p1a: Venusaur|200\/364 brn|[from] brn
|turn|37
|
|move|p2a: Breloom|Substitute|p2a: Breloom
|-start|p2a: Breloom|Substitute
|-damage|p2a: Breloom|136\/281 tox
|move|p1a: Venusaur|Synthesis|p1a: Venusaur
|-heal|p1a: Venusaur|291\/364 brn
|
|-weather|RainDance|[upkeep]
|-heal|p2a: Breloom|171\/281 tox|[from] ability: Poison Heal
|-damage|p1a: Venusaur|246\/364 brn|[from] brn
|turn|38
|
|-singleturn|p2a: Breloom|move: Focus Punch
|move|p1a: Venusaur|Sludge Bomb|p2a: Breloom
|-supereffective|p2a: Breloom
|-end|p2a: Breloom|Substitute
|move|p2a: Breloom|Focus Punch|p1a: Venusaur
|-resisted|p1a: Venusaur
|-damage|p1a: Venusaur|149\/364 brn
|
|-weather|RainDance|[upkeep]
|-heal|p2a: Breloom|206\/281 tox|[from] ability: Poison Heal
|-damage|p1a: Venusaur|104\/364 brn|[from] brn
|turn|39
|
|move|p2a: Breloom|Substitute|p2a: Breloom
|-start|p2a: Breloom|Substitute
|-damage|p2a: Breloom|136\/281 tox
|move|p1a: Venusaur|Sludge Bomb|p2a: Breloom
|-supereffective|p2a: Breloom
|-end|p2a: Breloom|Substitute
|
|-weather|none
|-heal|p2a: Breloom|171\/281 tox|[from] ability: Poison Heal
|-damage|p1a: Venusaur|59\/364 brn|[from] brn
|turn|40
|
|switch|p2a: Politoed|Politoed, F|202\/322
|-weather|RainDance
|move|p1a: Venusaur|Synthesis|p1a: Venusaur
|-heal|p1a: Venusaur|150\/364 brn
|
|-weather|RainDance|[upkeep]
|-damage|p1a: Venusaur|105\/364 brn|[from] brn
|turn|41
|
|move|p2a: Politoed|Psychic|p1a: Venusaur
|-supereffective|p1a: Venusaur
|-damage|p1a: Venusaur|0 fnt
|faint|p1a: Venusaur
|
|-weather|RainDance|[upkeep]
|
|switch|p1a: Magnezone|Magnezone|230\/282 brn
|turn|42
|
|switch|p2a: Breloom|Breloom, F|171\/281 tox
|move|p1a: Magnezone|Thunderbolt|p2a: Breloom
|-resisted|p2a: Breloom
|-damage|p2a: Breloom|56\/281 tox
|
|-weather|RainDance|[upkeep]
|-damage|p1a: Magnezone|195\/282 brn|[from] brn
|-heal|p2a: Breloom|91\/281 tox|[from] ability: Poison Heal
|turn|43
|
|move|p1a: Magnezone|Thunderbolt|p2a: Breloom
|-resisted|p2a: Breloom
|-damage|p2a: Breloom|0 fnt
|faint|p2a: Breloom
|
|-weather|RainDance|[upkeep]
|-damage|p1a: Magnezone|160\/282 brn|[from] brn
|
|switch|p2a: Politoed|Politoed, F|202\/322
|turn|44
|
|move|p2a: Politoed|Hydro Pump|p1a: Magnezone
|-damage|p1a: Magnezone|0 fnt
|faint|p1a: Magnezone
|
|-weather|none
|
|switch|p1a: Dragonite|Dragonite, M|329\/375 brn
|turn|45
|
|switch|p2a: Omastar|Omastar, F|281\/281
|move|p1a: Dragonite|Outrage|p2a: Omastar
|-damage|p2a: Omastar|124\/281
|
|-damage|p1a: Dragonite|283\/375 brn|[from] brn
|turn|46
|
|switch|p2a: Politoed|Politoed, F|202\/322
|-weather|RainDance
|move|p1a: Dragonite|Outrage|p2a: Politoed
|-damage|p2a: Politoed|0 fnt
|faint|p2a: Politoed
|
|-weather|RainDance|[upkeep]
|-damage|p1a: Dragonite|237\/375 brn|[from] brn
|
|switch|p2a: Omastar|Omastar, F|124\/281
|turn|47
|
|move|p2a: Omastar|Ice Beam|p1a: Dragonite
|-supereffective|p1a: Dragonite
|-damage|p1a: Dragonite|0 fnt
|faint|p1a: Dragonite
|
|win|Fromaster2
|raw|Ladder updating...
|raw|GreatLuke's rating: 1360 &rarr; <strong>1340<\/strong><br \/>(-20 for losing)
|raw|Fromaster2's rating: 1369 &rarr; <strong>1388<\/strong><br \/>(+19 for winning)
|c|âFromaster2|gg
|c|âGreatLuke|gg
|leave|GreatLuke
|player|p1