|join|fap_4_fun
|join|GreatLuke
|player|p1|fap_4_fun|2
|player|p2|GreatLuke|292
|gametype|singles
|gen|6
|tier|OU
|clearpoke
|poke|p1|Gyarados, F
|poke|p1|Raikou
|poke|p1|Heatran, F
|poke|p1|Venusaur, F
|poke|p1|Latias, F
|poke|p1|Bisharp, F
|poke|p2|Talonflame, M, shiny
|poke|p2|Scizor, F
|poke|p2|Latios, M
|poke|p2|Sylveon, F
|poke|p2|Keldeo-Resolute, shiny
|poke|p2|Rhyperior, M
|rule|Swagger Clause: Swagger is banned
|rule|Baton Pass Clause: Limit one PokÃ©mon knowing Baton Pass
|rule|Sleep Clause Mod: Limit one foe put to sleep
|rule|Species Clause: Limit one of each PokÃ©mon
|rule|OHKO Clause: OHKO moves are banned
|rule|Moody Clause: Moody is banned
|rule|Evasion Moves Clause: Evasion moves are banned
|rule|Endless Battle Clause: Forcing endless battles is banned
|rule|HP Percentage Mod: HP is shown in percentages
|teampreview
|c|âGreatLuke|vÃ£i láº¡i cáº·p venu heatran Ã  :))
|c|âfap_4_fun|uh ma tao dung ngu qua toan chet nham :))
|c|âGreatLuke|2 con nÃ y cÃ¹ cÆ°a thÃ¬ á»©c cháº¿ vl :))
|
|start
|switch|p1a: Raikou|Raikou|321\/321
|switch|p2a: Rhyperior|Rhyperior, M|424\/424
|-ability|p1a: Raikou|Pressure
|turn|1
|c|âfap_4_fun|gap ngay cuop roi
|
|switch|p1a: Heatran|Heatran, F|323\/323
|-item|p1a: Heatran|Air Balloon
|move|p2a: Rhyperior|Dragon Tail|p1a: Heatran
|-resisted|p1a: Heatran
|-damage|p1a: Heatran|286\/323
|-enditem|p1a: Heatran|Air Balloon
|drag|p1a: Gyarados|Gyarados, F|331\/331
|-ability|p1a: Gyarados|Intimidate|[of] p2a: Rhyperior
|-unboost|p2a: Rhyperior|atk|1
|
|turn|2
|
|switch|p1a: Venusaur|Venusaur, F|364\/364
|switch|p2a: Latios|Latios, M|302\/302
|
|turn|3
|
|switch|p2a: Keldeo-Resolute|Keldeo-Resolute, shiny|324\/324
|switch|p1a: Bisharp|Bisharp, F|271\/271
|
|turn|4
|
|switch|p1a: Gyarados|Gyarados, F|331\/331
|-ability|p1a: Gyarados|Intimidate|[of] p2a: Keldeo-Resolute
|-unboost|p2a: Keldeo-Resolute|atk|1
|move|p2a: Keldeo-Resolute|Icy Wind|p1a: Gyarados
|-damage|p1a: Gyarados|235\/331
|-unboost|p1a: Gyarados|spe|1
|
|-heal|p1a: Gyarados|255\/331|[from] item: Leftovers
|turn|5
|
|switch|p2a: Latios|Latios, M|302\/302
|move|p1a: Gyarados|Dragon Dance|p1a: Gyarados
|-boost|p1a: Gyarados|atk|1
|-boost|p1a: Gyarados|spe|1
|
|-heal|p1a: Gyarados|275\/331|[from] item: Leftovers
|turn|6
|
|move|p2a: Latios|Thunderbolt|p1a: Gyarados
|-supereffective|p1a: Gyarados
|-damage|p1a: Gyarados|0 fnt
|-damage|p2a: Latios|272\/302|[from] item: Life Orb
|faint|p1a: Gyarados
|
|
|switch|p1a: Raikou|Raikou|321\/321
|-ability|p1a: Raikou|Pressure
|turn|7
|
|move|p1a: Raikou|Hidden Power|p2a: Latios
|-supereffective|p2a: Latios
|-damage|p2a: Latios|152\/302
|move|p2a: Latios|Draco Meteor|p1a: Raikou
|-damage|p1a: Raikou|138\/321
|-unboost|p2a: Latios|spa|2
|-damage|p2a: Latios|122\/302|[from] item: Life Orb
|
|turn|8
|
|switch|p2a: Sylveon|Sylveon, F|394\/394
|move|p1a: Raikou|Volt Switch|p2a: Sylveon
|-damage|p2a: Sylveon|303\/394
|
|switch|p1a: Bisharp|Bisharp, F|271\/271
|
|-heal|p2a: Sylveon|327\/394|[from] item: Leftovers
|turn|9
|
|switch|p2a: Scizor|Scizor, F|343\/343
|move|p1a: Bisharp|Iron Head|p2a: Scizor
|-resisted|p2a: Scizor
|-damage|p2a: Scizor|289\/343
|
|turn|10
|
|switch|p1a: Heatran|Heatran, F|286\/323
|detailschange|p2a: Scizor|Scizor-Mega, F
|message|Scizor has Mega Evolved into Mega Scizor!
|move|p2a: Scizor|U-turn|p1a: Heatran
|-resisted|p1a: Heatran
|-damage|p1a: Heatran|257\/323
|
|switch|p2a: Keldeo-Resolute|Keldeo-Resolute, shiny|324\/324
|
|turn|11
|
|switch|p1a: Venusaur|Venusaur, F|364\/364
|move|p2a: Keldeo-Resolute|Scald|p1a: Venusaur
|-resisted|p1a: Venusaur
|-damage|p1a: Venusaur|259\/364
|
|turn|12
|
|switch|p2a: Talonflame|Talonflame, M, shiny|298\/298
|detailschange|p1a: Venusaur|Venusaur-Mega, F
|message|Venusaur has Mega Evolved into Mega Venusaur!
|move|p1a: Venusaur|Sleep Powder|p2a: Talonflame
|-status|p2a: Talonflame|slp
|
|turn|13
|
|switch|p2a: Latios|Latios, M|122\/302
|move|p1a: Venusaur|Leech Seed|p2a: Latios
|-start|p2a: Latios|move: Leech Seed
|
|-damage|p2a: Latios|85\/302|[from] Leech Seed|[of] p1a: Venusaur
|-heal|p1a: Venusaur|296\/364|[silent]
|turn|14
|c|âfap_4_fun|xin dung tinh giac 
|
|switch|p1a: Heatran|Heatran, F|257\/323
|move|p2a: Latios|Roost|p2a: Latios
|-heal|p2a: Latios|236\/302
|
|-damage|p2a: Latios|199\/302|[from] Leech Seed|[of] p1a: Heatran
|-heal|p1a: Heatran|294\/323|[silent]
|turn|15
|
|switch|p2a: Keldeo-Resolute|Keldeo-Resolute, shiny|324\/324
|move|p1a: Heatran|Will-O-Wisp|p2a: Keldeo-Resolute
|-status|p2a: Keldeo-Resolute|brn
|
|-damage|p2a: Keldeo-Resolute|284\/324 brn|[from] brn
|turn|16
|
|move|p2a: Keldeo-Resolute|Icy Wind|p1a: Heatran
|-resisted|p1a: Heatran
|-damage|p1a: Heatran|276\/323
|-unboost|p1a: Heatran|spe|1
|move|p1a: Heatran|Stealth Rock|p2a: Keldeo-Resolute
|-sidestart|p2: GreatLuke|move: Stealth Rock
|
|-damage|p2a: Keldeo-Resolute|244\/324 brn|[from] brn
|turn|17
|
|switch|p2a: Sylveon|Sylveon, F|327\/394
|-damage|p2a: Sylveon|278\/394|[from] Stealth Rock
|switch|p1a: Venusaur|Venusaur-Mega, F|296\/364
|
|-heal|p2a: Sylveon|302\/394|[from] item: Leftovers
|turn|18
|
|move|p1a: Venusaur|Sleep Powder|p2a: Sylveon
|-message|Sleep Clause Mod activated.
|-fail|p2a: Sylveon
|move|p2a: Sylveon|Heal Bell|p2a: Sylveon
|-cureteam|p2a: Sylveon|[from] move: HealBell
|
|-heal|p2a: Sylveon|326\/394|[from] item: Leftovers
|turn|19
|c|âfap_4_fun|an shit roi :))
|c|âfap_4_fun|con nay k bi ngu ah
|c|âGreatLuke|con talonflame ngá»§ rá»i
|c|âGreatLuke|trong team chá» giá»i háº¡n 1 con ngá»§ thÃ´i
|c|âfap_4_fun|k con sylveon ay
|c|âfap_4_fun|ah the ah
|c|âfap_4_fun|bh moi biet
|
|move|p2a: Sylveon|Protect|p2a: Sylveon
|-singleturn|p2a: Sylveon|Protect
|move|p1a: Venusaur|Leech Seed|p2a: Sylveon
|-activate|p2a: Sylveon|Protect
|
|-heal|p2a: Sylveon|350\/394|[from] item: Leftovers
|turn|20
|
|move|p1a: Venusaur|Sleep Powder|p2a: Sylveon
|-status|p2a: Sylveon|slp
|cant|p2a: Sylveon|slp
|
|-heal|p2a: Sylveon|374\/394 slp|[from] item: Leftovers
|turn|21
|c|âGreatLuke|chuáº©n tháº¿ @@
|c|âfap_4_fun|:))
|c|âGreatLuke|láº¥y con j heal bell ÄÃ¢y :))
|
|switch|p1a: Bisharp|Bisharp, F|271\/271
|switch|p2a: Scizor|Scizor-Mega, F|289\/343
|-damage|p2a: Scizor|247\/343|[from] Stealth Rock
|
|turn|22
|
|switch|p1a: Venusaur|Venusaur-Mega, F|296\/364
|move|p2a: Scizor|U-turn|p1a: Venusaur
|-damage|p1a: Venusaur|226\/364
|
|switch|p2a: Latios|Latios, M|199\/302
|-damage|p2a: Latios|162\/302|[from] Stealth Rock
|
|turn|23
|
|switch|p1a: Heatran|Heatran, F|276\/323
|move|p2a: Latios|Thunderbolt|p1a: Heatran
|-damage|p1a: Heatran|188\/323
|-damage|p2a: Latios|132\/302|[from] item: Life Orb
|
|turn|24
|
|move|p2a: Latios|Roost|p2a: Latios
|-heal|p2a: Latios|283\/302
|move|p1a: Heatran|Lava Plume|p2a: Latios
|-resisted|p2a: Latios
|-damage|p2a: Latios|220\/302
|-status|p2a: Latios|brn
|
|-damage|p2a: Latios|183\/302 brn|[from] brn
|turn|25
|
|switch|p1a: Venusaur|Venusaur-Mega, F|226\/364
|move|p2a: Latios|Psyshock|p1a: Venusaur
|-supereffective|p1a: Venusaur
|-damage|p1a: Venusaur|0 fnt
|-damage|p2a: Latios|153\/302 brn|[from] item: Life Orb
|faint|p1a: Venusaur
|
|-damage|p2a: Latios|116\/302 brn|[from] brn
|c|âGreatLuke|:))
|c|âfap_4_fun|bo me roi :))
|c|âGreatLuke|may tháº¿ cháº¿t con lá»£n nÃ y r
|
|switch|p1a: Raikou|Raikou|138\/321
|-ability|p1a: Raikou|Pressure
|turn|26
|
|switch|p2a: Rhyperior|Rhyperior, M|424\/424
|-damage|p2a: Rhyperior|398\/424|[from] Stealth Rock
|move|p1a: Raikou|Thunderbolt|p2a: Rhyperior
|-immune|p2a: Rhyperior|[msg]
|
|-heal|p2a: Rhyperior|424\/424|[from] item: Leftovers
|turn|27
|
|move|p1a: Raikou|Hidden Power|p2a: Rhyperior
|-supereffective|p2a: Rhyperior
|-damage|p2a: Rhyperior|252\/424
|move|p2a: Rhyperior|Dragon Tail|p1a: Raikou
|-crit|p1a: Raikou
|-damage|p1a: Raikou|2\/321
|drag|p1a: Heatran|Heatran, F|188\/323
|
|-heal|p2a: Rhyperior|278\/424|[from] item: Leftovers
|turn|28
|
|switch|p2a: Keldeo-Resolute|Keldeo-Resolute, shiny|244\/324
|-damage|p2a: Keldeo-Resolute|224\/324|[from] Stealth Rock
|move|p1a: Heatran|Earth Power|p2a: Keldeo-Resolute
|-damage|p2a: Keldeo-Resolute|126\/324
|
|turn|29
|
|switch|p1a: Latias|Latias, F|301\/301
|move|p2a: Keldeo-Resolute|Secret Sword|p1a: Latias
|-resisted|p1a: Latias
|-damage|p1a: Latias|174\/301
|
|turn|30
|c|âGreatLuke|Äau pháº¿t nhá»
|c|âfap_4_fun|dau vl
|
|switch|p2a: Scizor|Scizor-Mega, F|247\/343
|-damage|p2a: Scizor|205\/343|[from] Stealth Rock
|move|p1a: Latias|Psyshock|p2a: Scizor
|-resisted|p2a: Scizor
|-damage|p2a: Scizor|160\/343
|-damage|p1a: Latias|144\/301|[from] item: Life Orb
|
|turn|31
|
|switch|p1a: Heatran|Heatran, F|188\/323
|move|p2a: Scizor|Defog|p1a: Heatran
|-unboost|p1a: Heatran|evasion|1
|-sideend|p2: GreatLuke|Stealth Rock|[from] move: Defog|[of] p2a: Scizor
|
|turn|32
|
|switch|p1a: Bisharp|Bisharp, F|271\/271
|switch|p2a: Talonflame|Talonflame, M, shiny|298\/298
|
|turn|33
|
|move|p2a: Talonflame|Bulk Up|p2a: Talonflame
|-boost|p2a: Talonflame|atk|1
|-boost|p2a: Talonflame|def|1
|move|p1a: Bisharp|Knock Off|p2a: Talonflame
|-damage|p2a: Talonflame|154\/298
|-enditem|p2a: Talonflame|Leftovers|[from] move: Knock Off|[of] p1a: Bisharp
|
|turn|34
|
|move|p2a: Talonflame|Bulk Up|p2a: Talonflame
|-boost|p2a: Talonflame|atk|1
|-boost|p2a: Talonflame|def|1
|move|p1a: Bisharp|Knock Off|p2a: Talonflame
|-damage|p2a: Talonflame|84\/298
|
|turn|35
|
|move|p2a: Talonflame|Roost|p2a: Talonflame
|-heal|p2a: Talonflame|233\/298
|move|p1a: Bisharp|Swords Dance|p1a: Bisharp
|-boost|p1a: Bisharp|atk|2
|
|turn|36
|
|move|p2a: Talonflame|Flare Blitz|p1a: Bisharp
|-supereffective|p1a: Bisharp
|-enditem|p1a: Bisharp|Focus Sash
|-damage|p1a: Bisharp|1\/271
|-damage|p2a: Talonflame|144\/298|[from] recoil|[of] p1a: Bisharp
|move|p1a: Bisharp|Knock Off|p2a: Talonflame
|-damage|p2a: Talonflame|3\/298
|
|turn|37
|c|âGreatLuke|1 con 2% 1 con 1 % :))
|
|move|p2a: Talonflame|Brave Bird|p1a: Bisharp
|-resisted|p1a: Bisharp
|-damage|p1a: Bisharp|0 fnt
|-damage|p2a: Talonflame|2\/298|[from] recoil|[of] p1a: Bisharp
|faint|p1a: Bisharp
|
|c|âfap_4_fun|vl 
|c|âGreatLuke|=)))
|c|âGreatLuke|hÃ i=))
|
|switch|p1a: Raikou|Raikou|2\/321
|-ability|p1a: Raikou|Pressure
|turn|38
|
|move|p2a: Talonflame|Brave Bird|p1a: Raikou
|-resisted|p1a: Raikou
|-damage|p1a: Raikou|0 fnt
|-damage|p2a: Talonflame|1\/298|[from] recoil|[of] p1a: Raikou
|faint|p1a: Raikou
|
|c|âGreatLuke|recoil ko Äá»§ Äá» cháº¿t :))
|c|âfap_4_fun|oh ngu qua
|c|âfap_4_fun|quen minh cung chi 1 mau
|
|switch|p1a: Latias|Latias, F|144\/301
|turn|39
|
|move|p2a: Talonflame|Brave Bird|p1a: Latias
|-damage|p1a: Latias|0 fnt
|-damage|p2a: Talonflame|0 fnt|[from] recoil|[of] p1a: Latias
|faint|p1a: Latias
|faint|p2a: Talonflame
|
|c|âfap_4_fun|thoi :))
|
|switch|p2a: Keldeo-Resolute|Keldeo-Resolute, shiny|126\/324
|switch|p1a: Heatran|Heatran, F|188\/323
|turn|40
|c|âfap_4_fun|het team roi :))
|
|move|p2a: Keldeo-Resolute|Secret Sword|p1a: Heatran
|-supereffective|p1a: Heatran
|-damage|p1a: Heatran|0 fnt
|faint|p1a: Heatran
|
|win|GreatLuke
|c|âfap_4_fun|tao di doc truyen day chan vl :))
|c|âGreatLuke|ok
|leave|fap_4_fun
|player|p1
|c|âGreatLuke|tao cÅ©ng pháº£i Äi há»c tÃ­