|join|DrinkWaterPT
|join|GreatLuke
|player|p1|DrinkWaterPT|162
|player|p2|GreatLuke|290
|gametype|singles
|gen|6
|tier|OU
|rated
|clearpoke
|poke|p1|Landorus, M
|poke|p1|Latias, F
|poke|p1|Breloom, F
|poke|p1|Heatran, M
|poke|p1|Gyarados, F
|poke|p1|Clefable, M
|poke|p2|Alakazam, F, shiny
|poke|p2|Excadrill, M
|poke|p2|Tyranitar, M
|poke|p2|Clefable, F, shiny
|poke|p2|Charizard, M
|poke|p2|Ferrothorn, F
|rule|Swagger Clause: Swagger is banned
|rule|Baton Pass Clause: Limit one PokÃ©mon knowing Baton Pass
|rule|Sleep Clause Mod: Limit one foe put to sleep
|rule|Species Clause: Limit one of each PokÃ©mon
|rule|OHKO Clause: OHKO moves are banned
|rule|Moody Clause: Moody is banned
|rule|Evasion Moves Clause: Evasion moves are banned
|rule|Endless Battle Clause: Forcing endless battles is banned
|rule|HP Percentage Mod: HP is shown in percentages
|teampreview
|
|start
|switch|p1a: Heatran|Heatran, M|385\/385
|switch|p2a: David Copperfield|Alakazam, F, shiny|251\/251
|turn|1
|
|move|p2a: David Copperfield|Shadow Ball|p1a: Heatran
|-damage|p1a: Heatran|289\/385
|move|p1a: Heatran|Lava Plume|p2a: David Copperfield
|-damage|p2a: David Copperfield|127\/251
|-status|p2a: David Copperfield|brn
|
|-heal|p1a: Heatran|313\/385|[from] item: Leftovers
|turn|2
|
|move|p2a: David Copperfield|Focus Blast|p1a: Heatran
|-supereffective|p1a: Heatran
|-damage|p1a: Heatran|63\/385
|move|p1a: Heatran|Stealth Rock|p2a: David Copperfield
|-sidestart|p2: GreatLuke|move: Stealth Rock
|
|-heal|p1a: Heatran|87\/385|[from] item: Leftovers
|turn|3
|
|switch|p1a: Clefable|Clefable, M|394\/394
|move|p2a: David Copperfield|Shadow Ball|p1a: Clefable
|-crit|p1a: Clefable
|-damage|p1a: Clefable|185\/394
|
|-heal|p1a: Clefable|209\/394|[from] item: Leftovers
|turn|4
|
|move|p2a: David Copperfield|Psyshock|p1a: Clefable
|-crit|p1a: Clefable
|-damage|p1a: Clefable|0 fnt
|faint|p1a: Clefable
|
|c|âGreatLuke|sr
|c|âGreatLuke|for the double crit
|
|switch|p1a: Breloom|Breloom, F|261\/261
|turn|5
|
|switch|p2a: Cactusssssssss|Ferrothorn, F|351\/351
|-damage|p2a: Cactusssssssss|330\/351|[from] Stealth Rock
|move|p1a: Breloom|Bullet Seed|p2a: Cactusssssssss
|-resisted|p2a: Cactusssssssss
|-damage|p2a: Cactusssssssss|317\/351
|-resisted|p2a: Cactusssssssss
|-damage|p2a: Cactusssssssss|305\/351
|-crit|p2a: Cactusssssssss
|-resisted|p2a: Cactusssssssss
|-damage|p2a: Cactusssssssss|286\/351
|-resisted|p2a: Cactusssssssss
|-damage|p2a: Cactusssssssss|274\/351
|-resisted|p2a: Cactusssssssss
|-damage|p2a: Cactusssssssss|262\/351
|-hitcount|p2a: Cactusssssssss|5
|
|turn|6
|
|switch|p1a: Heatran|Heatran, M|87\/385
|move|p2a: Cactusssssssss|Gyro Ball|p1a: Heatran
|-resisted|p1a: Heatran
|-damage|p1a: Heatran|56\/385
|
|-heal|p1a: Heatran|80\/385|[from] item: Leftovers
|turn|7
|
|switch|p2a: Tyrannosaurus|Tyranitar, M|401\/401
|-damage|p2a: Tyrannosaurus|351\/401|[from] Stealth Rock
|-weather|Sandstorm
|move|p1a: Heatran|Lava Plume|p2a: Tyrannosaurus
|-resisted|p2a: Tyrannosaurus
|-damage|p2a: Tyrannosaurus|312\/401
|-status|p2a: Tyrannosaurus|brn
|
|-weather|Sandstorm|[upkeep]
|-heal|p1a: Heatran|104\/385|[from] item: Leftovers
|-damage|p2a: Tyrannosaurus|262\/401 brn|[from] brn
|turn|8
|
|move|p2a: Tyrannosaurus|Stealth Rock|p1a: Heatran
|-sidestart|p1: DrinkWaterPT|move: Stealth Rock
|move|p1a: Heatran|Roar|p2a: Tyrannosaurus
|drag|p2a: Ex-Boyfriend|Excadrill, M|373\/373
|-damage|p2a: Ex-Boyfriend|362\/373|[from] Stealth Rock
|-item|p2a: Ex-Boyfriend|Air Balloon
|
|-weather|Sandstorm|[upkeep]
|-heal|p1a: Heatran|128\/385|[from] item: Leftovers
|turn|9
|
|move|p2a: Ex-Boyfriend|Rapid Spin|p1a: Heatran
|-resisted|p1a: Heatran
|-damage|p1a: Heatran|115\/385
|-sideend|p2: GreatLuke|Stealth Rock|[from] move: Rapid Spin|[of] p2a: Ex-Boyfriend
|move|p1a: Heatran|Lava Plume|p2a: Ex-Boyfriend
|-supereffective|p2a: Ex-Boyfriend
|-damage|p2a: Ex-Boyfriend|26\/373
|-enditem|p2a: Ex-Boyfriend|Air Balloon
|
|-weather|Sandstorm|[upkeep]
|-heal|p1a: Heatran|139\/385|[from] item: Leftovers
|turn|10
|
|switch|p1a: Latias|Latias, F|322\/322
|-damage|p1a: Latias|282\/322|[from] Stealth Rock
|move|p2a: Ex-Boyfriend|Earthquake|p1a: Latias
|-immune|p1a: Latias|[msg]
|
|-weather|Sandstorm|[upkeep]
|-damage|p1a: Latias|262\/322|[from] sandstorm
|turn|11
|
|move|p2a: Ex-Boyfriend|Iron Head|p1a: Latias
|-damage|p1a: Latias|87\/322
|cant|p1a: Latias|flinch
|
|-weather|Sandstorm|[upkeep]
|-damage|p1a: Latias|67\/322|[from] sandstorm
|turn|12
|
|move|p2a: Ex-Boyfriend|Iron Head|p1a: Latias
|-damage|p1a: Latias|0 fnt
|faint|p1a: Latias
|
|-weather|Sandstorm|[upkeep]
|
|switch|p1a: Breloom|Breloom, F|261\/261
|-damage|p1a: Breloom|245\/261|[from] Stealth Rock
|turn|13
|
|move|p1a: Breloom|Mach Punch|p2a: Ex-Boyfriend
|-supereffective|p2a: Ex-Boyfriend
|-damage|p2a: Ex-Boyfriend|0 fnt
|faint|p2a: Ex-Boyfriend
|
|-weather|Sandstorm|[upkeep]
|-damage|p1a: Breloom|229\/261|[from] sandstorm
|
|switch|p2a: Zary|Charizard, M|297\/297
|turn|14
|
|detailschange|p2a: Zary|Charizard-Mega-Y, M
|-mega|p2a: Zary|Charizard|Charizardite Y
|-weather|SunnyDay
|move|p2a: Zary|Fire Blast|p1a: Breloom
|-supereffective|p1a: Breloom
|-damage|p1a: Breloom|0 fnt
|faint|p1a: Breloom
|
|-weather|SunnyDay|[upkeep]
|
|switch|p1a: Heatran|Heatran, M|139\/385
|-damage|p1a: Heatran|91\/385|[from] Stealth Rock
|turn|15
|
|move|p2a: Zary|Focus Blast|p1a: Heatran
|-supereffective|p1a: Heatran
|-damage|p1a: Heatran|0 fnt
|faint|p1a: Heatran
|
|-weather|SunnyDay|[upkeep]
|
|switch|p1a: Gyarados|Gyarados, F|331\/331
|-damage|p1a: Gyarados|249\/331|[from] Stealth Rock
|-ability|p1a: Gyarados|Intimidate|[of] p2a: Zary
|-unboost|p2a: Zary|atk|1
|turn|16
|
|detailschange|p1a: Gyarados|Gyarados-Mega, F
|-mega|p1a: Gyarados|Gyarados|Gyaradosite
|-ability|p1a: Gyarados|Mold Breaker
|move|p2a: Zary|Solar Beam|p1a: Gyarados|[still]
|-prepare|p2a: Zary|Solar Beam|p1a: Gyarados
|-anim|p2a: Zary|Solar Beam|p1a: Gyarados
|-supereffective|p1a: Gyarados
|-damage|p1a: Gyarados|7\/331
|move|p1a: Gyarados|Dragon Dance|p1a: Gyarados
|-boost|p1a: Gyarados|atk|1
|-boost|p1a: Gyarados|spe|1
|
|-weather|SunnyDay|[upkeep]
|turn|17
|
|switch|p2a: Cactusssssssss|Ferrothorn, F|262\/351
|move|p1a: Gyarados|Crunch|p2a: Cactusssssssss
|-damage|p2a: Cactusssssssss|78\/351
|-damage|p1a: Gyarados|0 fnt|[from] ability: Iron Barbs|[of] p2a: Cactusssssssss
|faint|p1a: Gyarados
|
|-weather|SunnyDay|[upkeep]
|-message|DrinkWaterPT forfeited.
|
|win|GreatLuke
|raw|Ladder updating...
|leave|DrinkWaterPT
|player|p1
|raw|DrinkWaterPT's rating: 1506 &rarr; <strong>1492<\/strong><br \/>(-14 for losing)
|raw|GreatLuke's rating: 1606 &rarr; <strong>1621<\/strong><br \/>(+15 for winning)