|join|Olusho
|join|GreatLuke
|player|p1|Olusho|170
|player|p2|GreatLuke|290
|gametype|singles
|gen|6
|tier|OU
|rated
|clearpoke
|poke|p1|Kyurem-Black
|poke|p1|Landorus-Therian, M
|poke|p1|Manectric, M
|poke|p1|Scizor, F
|poke|p1|Keldeo
|poke|p1|Clefable, M
|poke|p2|Alakazam, F, shiny
|poke|p2|Excadrill, M
|poke|p2|Tyranitar, M
|poke|p2|Clefable, F, shiny
|poke|p2|Charizard, M
|poke|p2|Ferrothorn, F
|rule|Swagger Clause: Swagger is banned
|rule|Baton Pass Clause: Limit one PokÃ©mon knowing Baton Pass
|rule|Sleep Clause Mod: Limit one foe put to sleep
|rule|Species Clause: Limit one of each PokÃ©mon
|rule|OHKO Clause: OHKO moves are banned
|rule|Moody Clause: Moody is banned
|rule|Evasion Moves Clause: Evasion moves are banned
|rule|Endless Battle Clause: Forcing endless battles is banned
|rule|HP Percentage Mod: HP is shown in percentages
|teampreview
|
|start
|switch|p1a: Keldeo|Keldeo|323\/323
|switch|p2a: Zary|Charizard, M|297\/297
|turn|1
|
|detailschange|p2a: Zary|Charizard-Mega-Y, M
|-mega|p2a: Zary|Charizard|Charizardite Y
|-weather|SunnyDay
|move|p1a: Keldeo|Scald|p2a: Zary
|-supereffective|p2a: Zary
|-damage|p2a: Zary|111\/297
|move|p2a: Zary|Solar Beam|p1a: Keldeo|[still]
|-prepare|p2a: Zary|Solar Beam|p1a: Keldeo
|-anim|p2a: Zary|Solar Beam|p1a: Keldeo
|-supereffective|p1a: Keldeo
|-damage|p1a: Keldeo|0 fnt
|faint|p1a: Keldeo
|
|-weather|SunnyDay|[upkeep]
|
|switch|p1a: Manectric|Manectric, M|281\/281
|turn|2
|
|switch|p2a: Tyrannosaurus|Tyranitar, M|401\/401
|-weather|Sandstorm
|detailschange|p1a: Manectric|Manectric-Mega, M
|-mega|p1a: Manectric|Manectric|Manectite
|-ability|p1a: Manectric|Intimidate|[of] p2a: Tyrannosaurus
|-unboost|p2a: Tyrannosaurus|atk|1
|move|p1a: Manectric|Volt Switch|p2a: Tyrannosaurus
|-damage|p2a: Tyrannosaurus|308\/401
|
|switch|p1a: Landorus-Therian|Landorus-Therian, M|382\/382
|-ability|p1a: Landorus-Therian|Intimidate|[of] p2a: Tyrannosaurus
|-unboost|p2a: Tyrannosaurus|atk|1
|
|-weather|Sandstorm|[upkeep]
|turn|3
|
|switch|p2a: Zary|Charizard-Mega-Y, M|111\/297
|-weather|SunnyDay
|move|p1a: Landorus-Therian|U-turn|p2a: Zary
|-resisted|p2a: Zary
|-damage|p2a: Zary|89\/297
|
|switch|p1a: Manectric|Manectric-Mega, M|281\/281
|-ability|p1a: Manectric|Intimidate|[of] p2a: Zary
|-unboost|p2a: Zary|atk|1
|
|-weather|SunnyDay|[upkeep]
|turn|4
|
|switch|p2a: Tyrannosaurus|Tyranitar, M|308\/401
|-weather|Sandstorm
|move|p1a: Manectric|Flamethrower|p2a: Tyrannosaurus
|-resisted|p2a: Tyrannosaurus
|-damage|p2a: Tyrannosaurus|273\/401
|
|-weather|Sandstorm|[upkeep]
|-damage|p1a: Manectric|264\/281|[from] sandstorm
|turn|5
|
|move|p1a: Manectric|Volt Switch|p2a: Tyrannosaurus
|-crit|p2a: Tyrannosaurus
|-damage|p2a: Tyrannosaurus|152\/401
|
|switch|p1a: Landorus-Therian|Landorus-Therian, M|382\/382
|-ability|p1a: Landorus-Therian|Intimidate|[of] p2a: Tyrannosaurus
|-unboost|p2a: Tyrannosaurus|atk|1
|move|p2a: Tyrannosaurus|Stealth Rock|p1a: Landorus-Therian
|-sidestart|p1: Olusho|move: Stealth Rock
|
|-weather|Sandstorm|[upkeep]
|turn|6
|
|switch|p2a: Cactusssssssss|Ferrothorn, F|351\/351
|move|p1a: Landorus-Therian|Stealth Rock|p2a: Cactusssssssss
|-sidestart|p2: GreatLuke|move: Stealth Rock
|
|-weather|Sandstorm|[upkeep]
|turn|7
|
|move|p1a: Landorus-Therian|U-turn|p2a: Cactusssssssss
|-damage|p2a: Cactusssssssss|289\/351
|-damage|p1a: Landorus-Therian|335\/382|[from] ability: Iron Barbs|[of] p2a: Cactusssssssss
|-damage|p1a: Landorus-Therian|272\/382|[from] item: Rocky Helmet|[of] p2a: Cactusssssssss
|
|switch|p1a: Scizor|Scizor, F|344\/344
|-damage|p1a: Scizor|301\/344|[from] Stealth Rock
|move|p2a: Cactusssssssss|Gyro Ball|p1a: Scizor
|-resisted|p1a: Scizor
|-damage|p1a: Scizor|262\/344
|
|-weather|Sandstorm|[upkeep]
|-heal|p1a: Scizor|283\/344|[from] item: Leftovers
|turn|8
|
|move|p1a: Scizor|U-turn|p2a: Cactusssssssss
|-damage|p2a: Cactusssssssss|211\/351
|-damage|p1a: Scizor|240\/344|[from] ability: Iron Barbs|[of] p2a: Cactusssssssss
|-damage|p1a: Scizor|183\/344|[from] item: Rocky Helmet|[of] p2a: Cactusssssssss
|
|switch|p1a: Kyurem-Black|Kyurem-Black|391\/391
|-damage|p1a: Kyurem-Black|294\/391|[from] Stealth Rock
|-ability|p1a: Kyurem-Black|Teravolt
|move|p2a: Cactusssssssss|Thunder Wave|p1a: Kyurem-Black
|-status|p1a: Kyurem-Black|par
|
|-weather|Sandstorm|[upkeep]
|-damage|p1a: Kyurem-Black|270\/391 par|[from] sandstorm
|-heal|p1a: Kyurem-Black|294\/391 par|[from] item: Leftovers
|turn|9
|
|move|p1a: Kyurem-Black|Hidden Power|p2a: Cactusssssssss
|-supereffective|p2a: Cactusssssssss
|-damage|p2a: Cactusssssssss|7\/351
|move|p2a: Cactusssssssss|Leech Seed|p1a: Kyurem-Black
|-start|p1a: Kyurem-Black|move: Leech Seed
|
|-weather|Sandstorm|[upkeep]
|-damage|p1a: Kyurem-Black|270\/391 par|[from] sandstorm
|-heal|p1a: Kyurem-Black|294\/391 par|[from] item: Leftovers
|-damage|p1a: Kyurem-Black|246\/391 par|[from] Leech Seed|[of] p2a: Cactusssssssss
|-heal|p2a: Cactusssssssss|55\/351|[silent]
|turn|10
|
|switch|p1a: Scizor|Scizor, F|183\/344
|-damage|p1a: Scizor|140\/344|[from] Stealth Rock
|switch|p2a: David Copperfield|Alakazam, F, shiny|251\/251
|
|-weather|Sandstorm|[upkeep]
|-heal|p1a: Scizor|161\/344|[from] item: Leftovers
|turn|11
|
|move|p2a: David Copperfield|Shadow Ball|p1a: Scizor
|-damage|p1a: Scizor|0 fnt
|faint|p1a: Scizor
|
|-weather|none
|
|switch|p1a: Manectric|Manectric-Mega, M|264\/281
|-damage|p1a: Manectric|229\/281|[from] Stealth Rock
|-ability|p1a: Manectric|Intimidate|[of] p2a: David Copperfield
|-unboost|p2a: David Copperfield|atk|1
|turn|12
|
|move|p1a: Manectric|Volt Switch|p2a: David Copperfield
|-damage|p2a: David Copperfield|115\/251
|
|switch|p1a: Kyurem-Black|Kyurem-Black|246\/391 par
|-damage|p1a: Kyurem-Black|149\/391 par|[from] Stealth Rock
|-ability|p1a: Kyurem-Black|Teravolt
|move|p2a: David Copperfield|Psyshock|p1a: Kyurem-Black
|-damage|p1a: Kyurem-Black|0 fnt
|faint|p1a: Kyurem-Black
|
|
|switch|p1a: Manectric|Manectric-Mega, M|229\/281
|-damage|p1a: Manectric|194\/281|[from] Stealth Rock
|-ability|p1a: Manectric|Intimidate|[of] p2a: David Copperfield
|-unboost|p2a: David Copperfield|atk|1
|turn|13
|
|switch|p2a: Tyrannosaurus|Tyranitar, M|152\/401
|-damage|p2a: Tyrannosaurus|102\/401|[from] Stealth Rock
|-weather|Sandstorm
|move|p1a: Manectric|Thunderbolt|p2a: Tyrannosaurus
|-damage|p2a: Tyrannosaurus|2\/401
|
|-weather|Sandstorm|[upkeep]
|-damage|p1a: Manectric|177\/281|[from] sandstorm
|turn|14
|
|switch|p2a: Ex-Boyfriend|Excadrill, M|373\/373
|-damage|p2a: Ex-Boyfriend|362\/373|[from] Stealth Rock
|-item|p2a: Ex-Boyfriend|Air Balloon
|move|p1a: Manectric|Thunderbolt|p2a: Ex-Boyfriend
|-immune|p2a: Ex-Boyfriend|[msg]
|
|-weather|Sandstorm|[upkeep]
|-damage|p1a: Manectric|160\/281|[from] sandstorm
|turn|15
|
|switch|p1a: Landorus-Therian|Landorus-Therian, M|272\/382
|-damage|p1a: Landorus-Therian|225\/382|[from] Stealth Rock
|-ability|p1a: Landorus-Therian|Intimidate|[of] p2a: Ex-Boyfriend
|-unboost|p2a: Ex-Boyfriend|atk|1
|move|p2a: Ex-Boyfriend|Iron Head|p1a: Landorus-Therian
|-damage|p1a: Landorus-Therian|147\/382
|
|-weather|Sandstorm|[upkeep]
|-heal|p1a: Landorus-Therian|170\/382|[from] item: Leftovers
|turn|16
|
|move|p2a: Ex-Boyfriend|Iron Head|p1a: Landorus-Therian
|-damage|p1a: Landorus-Therian|91\/382
|move|p1a: Landorus-Therian|Stone Edge|p2a: Ex-Boyfriend
|-resisted|p2a: Ex-Boyfriend
|-damage|p2a: Ex-Boyfriend|322\/373
|-enditem|p2a: Ex-Boyfriend|Air Balloon
|
|-weather|Sandstorm|[upkeep]
|-heal|p1a: Landorus-Therian|114\/382|[from] item: Leftovers
|turn|17
|
|switch|p2a: Tyrannosaurus|Tyranitar, M|2\/401
|-damage|p2a: Tyrannosaurus|0 fnt|[from] Stealth Rock
|faint|p2a: Tyrannosaurus
|move|p1a: Landorus-Therian|Earthquake|p2: Tyrannosaurus|[notarget]
|-notarget
|
|-weather|Sandstorm|[upkeep]
|-heal|p1a: Landorus-Therian|137\/382|[from] item: Leftovers
|
|switch|p2a: David Copperfield|Alakazam, F, shiny|115\/251
|turn|18
|
|move|p2a: David Copperfield|Shadow Ball|p1a: Landorus-Therian
|-damage|p1a: Landorus-Therian|0 fnt
|faint|p1a: Landorus-Therian
|
|-weather|Sandstorm|[upkeep]
|
|switch|p1a: Manectric|Manectric-Mega, M|160\/281
|-damage|p1a: Manectric|125\/281|[from] Stealth Rock
|-ability|p1a: Manectric|Intimidate|[of] p2a: David Copperfield
|-unboost|p2a: David Copperfield|atk|1
|turn|19
|
|switch|p2a: Cactusssssssss|Ferrothorn, F|55\/351
|-damage|p2a: Cactusssssssss|34\/351|[from] Stealth Rock
|move|p1a: Manectric|Flamethrower|p2a: Cactusssssssss
|-supereffective|p2a: Cactusssssssss
|-damage|p2a: Cactusssssssss|0 fnt
|faint|p2a: Cactusssssssss
|
|-weather|Sandstorm|[upkeep]
|-damage|p1a: Manectric|108\/281|[from] sandstorm
|
|switch|p2a: Ex-Boyfriend|Excadrill, M|322\/373
|-damage|p2a: Ex-Boyfriend|311\/373|[from] Stealth Rock
|turn|20
|
|switch|p1a: Clefable|Clefable, M|394\/394
|move|p2a: Ex-Boyfriend|Earthquake|p1a: Clefable
|-damage|p1a: Clefable|186\/394
|
|-weather|none
|-heal|p1a: Clefable|210\/394|[from] item: Leftovers
|turn|21
|
|move|p2a: Ex-Boyfriend|Rapid Spin|p1a: Clefable
|-damage|p1a: Clefable|179\/394
|-sideend|p2: GreatLuke|Stealth Rock|[from] move: Rapid Spin|[of] p2a: Ex-Boyfriend
|move|p1a: Clefable|Flamethrower|p2a: Ex-Boyfriend
|-supereffective|p2a: Ex-Boyfriend
|-damage|p2a: Ex-Boyfriend|135\/373
|
|-heal|p1a: Clefable|203\/394|[from] item: Leftovers
|turn|22
|
|move|p2a: Ex-Boyfriend|Iron Head|p1a: Clefable
|-supereffective|p1a: Clefable
|-damage|p1a: Clefable|0 fnt
|faint|p1a: Clefable
|
|
|switch|p1a: Manectric|Manectric-Mega, M|108\/281
|-damage|p1a: Manectric|73\/281|[from] Stealth Rock
|-ability|p1a: Manectric|Intimidate|[of] p2a: Ex-Boyfriend
|-unboost|p2a: Ex-Boyfriend|atk|1
|turn|23
|
|move|p1a: Manectric|Flamethrower|p2a: Ex-Boyfriend
|-supereffective|p2a: Ex-Boyfriend
|-damage|p2a: Ex-Boyfriend|0 fnt
|faint|p2a: Ex-Boyfriend
|
|
|switch|p2a: CleFabulous|Clefable, F, shiny|393\/393
|turn|24
|
|move|p1a: Manectric|Thunderbolt|p2a: CleFabulous
|-damage|p2a: CleFabulous|210\/393
|-status|p2a: CleFabulous|par
|move|p2a: CleFabulous|Moonblast|p1a: Manectric
|-damage|p1a: Manectric|0 fnt
|faint|p1a: Manectric
|
|win|GreatLuke
|raw|Ladder updating...
|raw|Olusho's rating: 1528 &rarr; <strong>1510<\/strong><br \/>(-18 for losing)
|raw|GreatLuke's rating: 1557 &rarr; <strong>1575<\/strong><br \/>(+18 for winning)
|c|âGreatLuke|gg
|leave|Olusho
|player|p1