|join|Pachirisu Queen
|join|Empanada Frita
|player|p1|Pachirisu Queen|143
|player|p2|Empanada Frita|169
|gametype|singles
|gen|6
|tier|OU
|rated
|clearpoke
|poke|p1|Alomomola, M
|poke|p1|Hawlucha, M, shiny
|poke|p1|Altaria, F
|poke|p1|Togekiss, M
|poke|p1|Pachirisu, F, shiny
|poke|p1|Celebi
|poke|p2|Altaria, F
|poke|p2|Heatran, F
|poke|p2|Latias, F
|poke|p2|Azumarill, F
|poke|p2|Landorus-Therian, M
|poke|p2|Ferrothorn, M
|rule|Swagger Clause: Swagger is banned
|rule|Baton Pass Clause: Limit one PokÃ©mon knowing Baton Pass
|rule|Sleep Clause Mod: Limit one foe put to sleep
|rule|Species Clause: Limit one of each PokÃ©mon
|rule|OHKO Clause: OHKO moves are banned
|rule|Moody Clause: Moody is banned
|rule|Evasion Moves Clause: Evasion moves are banned
|rule|Endless Battle Clause: Forcing endless battles is banned
|rule|HP Percentage Mod: HP is shown in percentages
|teampreview
|join|lord ledian
|
|start
|switch|p1a: MOMOLY|Alomomola, M|533\/533
|switch|p2a: Landorus-Therian|Landorus-Therian, M|319\/319
|-ability|p2a: Landorus-Therian|Intimidate|[of] p1a: MOMOLY
|-unboost|p1a: MOMOLY|atk|1
|turn|1
|
|move|p2a: Landorus-Therian|U-turn|p1a: MOMOLY
|-damage|p1a: MOMOLY|458\/533
|
|switch|p2a: Ferrothorn|Ferrothorn, M|351\/351
|move|p1a: MOMOLY|Scald|p2a: Ferrothorn
|-resisted|p2a: Ferrothorn
|-damage|p2a: Ferrothorn|331\/351
|
|-heal|p1a: MOMOLY|491\/533|[from] item: Leftovers
|turn|2
|
|move|p1a: MOMOLY|Scald|p2a: Ferrothorn
|-resisted|p2a: Ferrothorn
|-damage|p2a: Ferrothorn|311\/351
|-status|p2a: Ferrothorn|brn
|move|p2a: Ferrothorn|Stealth Rock|p1a: MOMOLY
|-sidestart|p1: Pachirisu Queen|move: Stealth Rock
|
|-heal|p1a: MOMOLY|524\/533|[from] item: Leftovers
|-damage|p2a: Ferrothorn|268\/351 brn|[from] brn
|turn|3
|
|switch|p1a: TRILLY|Celebi|401\/401
|-damage|p1a: TRILLY|351\/401|[from] Stealth Rock
|move|p2a: Ferrothorn|Leech Seed|p1a: TRILLY|[miss]
|-miss|p2a: Ferrothorn|p1a: TRILLY
|
|-heal|p1a: TRILLY|376\/401|[from] item: Leftovers
|-damage|p2a: Ferrothorn|225\/351 brn|[from] brn
|turn|4
|
|switch|p2a: Landorus-Therian|Landorus-Therian, M|319\/319
|-ability|p2a: Landorus-Therian|Intimidate|[of] p1a: TRILLY
|-unboost|p1a: TRILLY|atk|1
|move|p1a: TRILLY|Stealth Rock|p2a: Landorus-Therian
|-sidestart|p2: Empanada Frita|move: Stealth Rock
|
|-heal|p1a: TRILLY|401\/401|[from] item: Leftovers
|turn|5
|
|switch|p1a: MOMOLY|Alomomola, M|533\/533
|-damage|p1a: MOMOLY|467\/533|[from] Stealth Rock
|move|p2a: Landorus-Therian|U-turn|p1a: MOMOLY
|-damage|p1a: MOMOLY|386\/533
|
|switch|p2a: Latias|Latias, F|301\/301
|-damage|p2a: Latias|264\/301|[from] Stealth Rock
|
|-heal|p1a: MOMOLY|419\/533|[from] item: Leftovers
|turn|6
|
|switch|p1a: ANGELKISS|Togekiss, M|369\/369
|-damage|p1a: ANGELKISS|277\/369|[from] Stealth Rock
|move|p2a: Latias|Defog|p1a: ANGELKISS
|-unboost|p1a: ANGELKISS|evasion|1
|-sideend|p1: Pachirisu Queen|Stealth Rock|[from] move: Defog|[of] p1a: ANGELKISS
|-sideend|p2: Empanada Frita|Stealth Rock|[from] move: Defog|[of] p2a: Latias
|
|-heal|p1a: ANGELKISS|300\/369|[from] item: Leftovers
|turn|7
|
|switch|p2a: Heatran|Heatran, F|386\/386
|move|p1a: ANGELKISS|Thunder Wave|p2a: Heatran
|-status|p2a: Heatran|par
|
|-heal|p1a: ANGELKISS|323\/369|[from] item: Leftovers
|turn|8
|
|switch|p1a: MELODY|Altaria, F|353\/353
|move|p2a: Heatran|Toxic|p1a: MELODY
|-status|p1a: MELODY|tox
|
|-damage|p1a: MELODY|331\/353 tox|[from] psn
|turn|9
|
|switch|p2a: Landorus-Therian|Landorus-Therian, M|319\/319
|-ability|p2a: Landorus-Therian|Intimidate|[of] p1a: MELODY
|-unboost|p1a: MELODY|atk|1
|detailschange|p1a: MELODY|Altaria-Mega, F
|-mega|p1a: MELODY|Altaria|Altarianite
|move|p1a: MELODY|Heal Bell|p1a: MELODY
|-cureteam|p1a: MELODY|[from] move: HealBell
|
|turn|10
|
|move|p2a: Landorus-Therian|Earthquake|p1a: MELODY
|-damage|p1a: MELODY|141\/353
|move|p1a: MELODY|Hyper Voice|p2a: Landorus-Therian
|-damage|p2a: Landorus-Therian|100\/319
|
|turn|11
|
|switch|p1a: TRILLY|Celebi|401\/401
|move|p2a: Landorus-Therian|Earthquake|p1a: TRILLY
|-resisted|p1a: TRILLY
|-damage|p1a: TRILLY|320\/401
|
|-heal|p1a: TRILLY|345\/401|[from] item: Leftovers
|turn|12
|
|switch|p2a: Heatran|Heatran, F|386\/386 par
|move|p1a: TRILLY|Baton Pass|p1a: TRILLY
|
|switch|p1a: MELODY|Altaria-Mega, F|141\/353
|
|turn|13
|
|move|p1a: MELODY|Earthquake|p2a: Heatran
|-supereffective|p2a: Heatran
|-damage|p2a: Heatran|58\/386 par
|move|p2a: Heatran|Toxic|p1a: MELODY
|-status|p1a: MELODY|tox
|
|-heal|p2a: Heatran|82\/386 par|[from] item: Leftovers
|-damage|p1a: MELODY|119\/353 tox|[from] psn
|turn|14
|
|switch|p2a: Altaria|Altaria, F|291\/291
|-ability|p2a: Altaria|Cloud Nine
|move|p1a: MELODY|Roost|p1a: MELODY
|-heal|p1a: MELODY|296\/353 tox
|
|-damage|p1a: MELODY|252\/353 tox|[from] psn
|turn|15
|
|switch|p1a: ANGELKISS|Togekiss, M|323\/369
|detailschange|p2a: Altaria|Altaria-Mega, F
|-mega|p2a: Altaria|Altaria|Altarianite
|move|p2a: Altaria|Dragon Dance|p2a: Altaria
|-boost|p2a: Altaria|atk|1
|-boost|p2a: Altaria|spe|1
|
|-heal|p1a: ANGELKISS|346\/369|[from] item: Leftovers
|turn|16
|
|move|p2a: Altaria|Return|p1a: ANGELKISS
|-damage|p1a: ANGELKISS|75\/369
|move|p1a: ANGELKISS|Thunder Wave|p2a: Altaria
|-status|p2a: Altaria|par
|
|-heal|p1a: ANGELKISS|98\/369|[from] item: Leftovers
|turn|17
|
|move|p1a: ANGELKISS|Air Slash|p2a: Altaria
|-damage|p2a: Altaria|183\/291 par
|cant|p2a: Altaria|par
|
|-heal|p1a: ANGELKISS|121\/369|[from] item: Leftovers
|turn|18
|
|switch|p2a: Heatran|Heatran, F|82\/386 par
|move|p1a: ANGELKISS|Air Slash|p2a: Heatran
|-resisted|p2a: Heatran
|-damage|p2a: Heatran|46\/386 par
|
|-heal|p1a: ANGELKISS|144\/369|[from] item: Leftovers
|-heal|p2a: Heatran|70\/386 par|[from] item: Leftovers
|turn|19
|
|switch|p2a: Altaria|Altaria-Mega, F|183\/291 par
|move|p1a: ANGELKISS|Air Slash|p2a: Altaria
|-damage|p2a: Altaria|80\/291 par
|
|-heal|p1a: ANGELKISS|167\/369|[from] item: Leftovers
|turn|20
|
|switch|p2a: Azumarill|Azumarill, F|403\/403
|move|p1a: ANGELKISS|Air Slash|p2a: Azumarill
|-damage|p2a: Azumarill|316\/403
|
|-heal|p1a: ANGELKISS|190\/369|[from] item: Leftovers
|turn|21
|
|switch|p1a: TRILLY|Celebi|345\/401
|move|p2a: Azumarill|Play Rough|p1a: TRILLY
|-damage|p1a: TRILLY|186\/401
|
|-heal|p1a: TRILLY|211\/401|[from] item: Leftovers
|turn|22
|
|move|p1a: TRILLY|Recover|p1a: TRILLY
|-heal|p1a: TRILLY|401\/401
|move|p2a: Azumarill|Knock Off|p1a: TRILLY
|-supereffective|p1a: TRILLY
|-damage|p1a: TRILLY|163\/401
|-enditem|p1a: TRILLY|Leftovers|[from] move: Knock Off|[of] p2a: Azumarill
|
|turn|23
|
|move|p1a: TRILLY|Stealth Rock|p2a: Azumarill
|-sidestart|p2: Empanada Frita|move: Stealth Rock
|move|p2a: Azumarill|Play Rough|p1a: TRILLY
|-damage|p1a: TRILLY|0 fnt
|faint|p1a: TRILLY
|
|
|switch|p1a: MOMOLY|Alomomola, M|533\/533
|turn|24
|
|move|p1a: MOMOLY|Scald|p2a: Azumarill
|-resisted|p2a: Azumarill
|-damage|p2a: Azumarill|295\/403
|-status|p2a: Azumarill|brn
|move|p2a: Azumarill|Knock Off|p1a: MOMOLY
|-damage|p1a: MOMOLY|475\/533
|-enditem|p1a: MOMOLY|Leftovers|[from] move: Knock Off|[of] p2a: Azumarill
|
|-damage|p2a: Azumarill|245\/403 brn|[from] brn
|turn|25
|c|âEmpanada Frita|oc
|
|switch|p1a: LUCHACHACHA|Hawlucha, M, shiny|300\/300
|switch|p2a: Latias|Latias, F|264\/301
|-damage|p2a: Latias|227\/301|[from] Stealth Rock
|
|turn|26
|
|switch|p1a: PACHIPACHI|Pachirisu, F, shiny|319\/319
|move|p2a: Latias|Psyshock|p1a: PACHIPACHI
|-damage|p1a: PACHIPACHI|92\/319
|-damage|p2a: Latias|197\/301|[from] item: Life Orb
|
|turn|27
|
|move|p2a: Latias|Defog|p1a: PACHIPACHI
|-unboost|p1a: PACHIPACHI|evasion|1
|-sideend|p2: Empanada Frita|Stealth Rock|[from] move: Defog|[of] p2a: Latias
|move|p1a: PACHIPACHI|Nuzzle|p2a: Latias
|-crit|p2a: Latias
|-resisted|p2a: Latias
|-damage|p2a: Latias|187\/301
|-status|p2a: Latias|par
|
|turn|28
|
|move|p1a: PACHIPACHI|U-turn|p2a: Latias
|-supereffective|p2a: Latias
|-damage|p2a: Latias|117\/301 par
|
|switch|p1a: ANGELKISS|Togekiss, M|190\/369
|move|p2a: Latias|Healing Wish|p2a: Latias
|faint|p2a: Latias
|
|-heal|p1a: ANGELKISS|213\/369|[from] item: Leftovers
|
|switch|p2a: Altaria|Altaria-Mega, F|80\/291 par
|-heal|p2a: Altaria|291\/291|[from] move: Healing Wish
|turn|29
|
|switch|p2a: Azumarill|Azumarill, F|245\/403 brn
|move|p1a: ANGELKISS|Thunder Wave|p2a: Azumarill
|-fail|p2a: Azumarill
|
|-heal|p1a: ANGELKISS|236\/369|[from] item: Leftovers
|-damage|p2a: Azumarill|195\/403 brn|[from] brn
|turn|30
|
|move|p1a: ANGELKISS|Air Slash|p2a: Azumarill
|-damage|p2a: Azumarill|108\/403 brn
|cant|p2a: Azumarill|flinch
|
|-heal|p1a: ANGELKISS|259\/369|[from] item: Leftovers
|-damage|p2a: Azumarill|58\/403 brn|[from] brn
|turn|31
|
|move|p1a: ANGELKISS|Air Slash|p2a: Azumarill
|-damage|p2a: Azumarill|0 fnt
|faint|p2a: Azumarill
|
|-heal|p1a: ANGELKISS|282\/369|[from] item: Leftovers
|
|switch|p2a: Landorus-Therian|Landorus-Therian, M|100\/319
|-ability|p2a: Landorus-Therian|Intimidate|[of] p1a: ANGELKISS
|-unboost|p1a: ANGELKISS|atk|1
|turn|32
|
|move|p2a: Landorus-Therian|Stone Edge|p1a: ANGELKISS
|-supereffective|p1a: ANGELKISS
|-damage|p1a: ANGELKISS|98\/369
|move|p1a: ANGELKISS|Roost|p1a: ANGELKISS
|-heal|p1a: ANGELKISS|283\/369
|
|-heal|p1a: ANGELKISS|306\/369|[from] item: Leftovers
|turn|33
|
|switch|p1a: PACHIPACHI|Pachirisu, F, shiny|92\/319
|move|p2a: Landorus-Therian|Stone Edge|p1a: PACHIPACHI|[miss]
|-miss|p2a: Landorus-Therian|p1a: PACHIPACHI
|
|turn|34
|
|move|p2a: Landorus-Therian|Stone Edge|p1a: PACHIPACHI
|-damage|p1a: PACHIPACHI|0 fnt
|faint|p1a: PACHIPACHI
|
|
|switch|p1a: LUCHACHACHA|Hawlucha, M, shiny|300\/300
|turn|35
|
|move|p2a: Landorus-Therian|Stone Edge|p1a: LUCHACHACHA|[miss]
|-miss|p2a: Landorus-Therian|p1a: LUCHACHACHA
|move|p1a: LUCHACHACHA|Swords Dance|p1a: LUCHACHACHA
|-boost|p1a: LUCHACHACHA|atk|2
|
|turn|36
|c|âEmpanada Frita|oc
|c|âPachirisu Queen|i wanted
|c|âPachirisu Queen|you hit
|c|âPachirisu Queen|lmao
|
|move|p2a: Landorus-Therian|Stone Edge|p1a: LUCHACHACHA
|-damage|p1a: LUCHACHACHA|134\/300
|-enditem|p1a: LUCHACHACHA|Sitrus Berry|[eat]
|-heal|p1a: LUCHACHACHA|209\/300|[from] item: Sitrus Berry
|move|p1a: LUCHACHACHA|Swords Dance|p1a: LUCHACHACHA
|-boost|p1a: LUCHACHACHA|atk|2
|
|turn|37
|c|âEmpanada Frita|oc
|
|move|p1a: LUCHACHACHA|Acrobatics|p2a: Landorus-Therian
|-damage|p2a: Landorus-Therian|0 fnt
|faint|p2a: Landorus-Therian
|
|
|switch|p2a: Ferrothorn|Ferrothorn, M|225\/351 brn
|turn|38
|
|move|p1a: LUCHACHACHA|Substitute|p1a: LUCHACHACHA
|-start|p1a: LUCHACHACHA|Substitute
|-damage|p1a: LUCHACHACHA|134\/300
|move|p2a: Ferrothorn|Gyro Ball|p1a: LUCHACHACHA
|-end|p1a: LUCHACHACHA|Substitute
|
|-damage|p2a: Ferrothorn|182\/351 brn|[from] brn
|turn|39
|c|âEmpanada Frita|rolf
|
|move|p1a: LUCHACHACHA|Acrobatics|p2a: Ferrothorn
|-damage|p2a: Ferrothorn|0 fnt
|-damage|p1a: LUCHACHACHA|97\/300|[from] ability: Iron Barbs|[of] p2a: Ferrothorn
|-damage|p1a: LUCHACHACHA|47\/300|[from] item: Rocky Helmet|[of] p2a: Ferrothorn
|faint|p2a: Ferrothorn
|
|
|switch|p2a: Heatran|Heatran, F|70\/386 par
|turn|40
|
|move|p2a: Heatran|Protect|p2a: Heatran
|-singleturn|p2a: Heatran|Protect
|move|p1a: LUCHACHACHA|Acrobatics|p2a: Heatran
|-activate|p2a: Heatran|Protect
|
|-heal|p2a: Heatran|94\/386 par|[from] item: Leftovers
|turn|41
|
|move|p2a: Heatran|Protect|p2a: Heatran
|-fail|p2a: Heatran
|move|p1a: LUCHACHACHA|Acrobatics|p2a: Heatran
|-resisted|p2a: Heatran
|-damage|p2a: Heatran|0 fnt
|faint|p2a: Heatran
|
|
|switch|p2a: Altaria|Altaria-Mega, F|291\/291
|turn|42
|
|move|p1a: LUCHACHACHA|Acrobatics|p2a: Altaria
|-damage|p2a: Altaria|0 fnt
|faint|p2a: Altaria
|
|win|Pachirisu Queen
|raw|Ladder updating...
|raw|Pachirisu Queen's rating: 1552 &rarr; <strong>1566<\/strong><br \/>(+14 for winning)
|raw|Empanada Frita's rating: 1444 &rarr; <strong>1430<\/strong><br \/>(-14 for losing)
|leave|Empanada Frita
|leave|lord ledian
|join|lord ledian
|leave|lord ledian
|player|p2
|join|lord ledian
|leave|lord ledian