|join|Woopect
|join|Mega Ridley
|player|p1|Woopect|256
|player|p2|Mega Ridley|161
|gametype|singles
|gen|6
|tier|UU
|rated
|rule|Sleep Clause Mod: Limit one foe put to sleep
|rule|Species Clause: Limit one of each PokÃ©mon
|rule|OHKO Clause: OHKO moves are banned
|rule|Moody Clause: Moody is banned
|rule|Evasion Moves Clause: Evasion moves are banned
|rule|Endless Battle Clause: Forcing endless battles is banned
|rule|HP Percentage Mod: HP is shown in percentages
|clearpoke
|poke|p1|Lopunny, F
|poke|p1|Alakazam, M
|poke|p1|Swampert, M
|poke|p1|Forretress, M
|poke|p1|Umbreon, M
|poke|p1|Noivern, M
|poke|p2|Swampert, M
|poke|p2|Roserade, M
|poke|p2|Hydreigon, M
|poke|p2|Jirachi
|poke|p2|Zygarde
|poke|p2|Florges, F
|rule|Swagger Clause: Swagger is banned
|rule|Baton Pass Clause: Limit one PokÃ©mon knowing Baton Pass
|teampreview
|
|start
|switch|p1a: Sachi|Lopunny, F|271\/271
|switch|p2a: Hydreigon|Hydreigon, M|325\/325
|turn|1
|
|switch|p2a: Swampert|Swampert, M|404\/404
|detailschange|p1a: Sachi|Lopunny-Mega, F
|message|Lopunny has Mega Evolved into Mega Lopunny!
|move|p1a: Sachi|Fake Out|p2a: Swampert
|-damage|p2a: Swampert|344\/404
|
|-heal|p2a: Swampert|369\/404|[from] item: Leftovers
|turn|2
|
|switch|p1a: Mizui|Swampert, M|342\/342
|move|p2a: Swampert|Scald|p1a: Mizui
|-damage|p1a: Mizui|245\/342
|-status|p1a: Mizui|brn
|
|-heal|p2a: Swampert|394\/404|[from] item: Leftovers
|-damage|p1a: Mizui|203\/342 brn|[from] brn
|turn|3
|
|switch|p1a: Tsukiyomi|Umbreon, M|394\/394
|move|p2a: Swampert|Earth Power|p1a: Tsukiyomi
|-crit|p1a: Tsukiyomi
|-damage|p1a: Tsukiyomi|285\/394
|
|-heal|p2a: Swampert|404\/404|[from] item: Leftovers
|-heal|p1a: Tsukiyomi|309\/394|[from] item: Leftovers
|turn|4
|
|move|p2a: Swampert|Stealth Rock|p1a: Tsukiyomi
|-sidestart|p1: Woopect|move: Stealth Rock
|move|p1a: Tsukiyomi|Heal Bell|p1a: Tsukiyomi
|-cureteam|p1a: Tsukiyomi|[from] move: HealBell
|
|-heal|p1a: Tsukiyomi|333\/394|[from] item: Leftovers
|turn|5
|
|move|p2a: Swampert|Earth Power|p1a: Tsukiyomi
|-damage|p1a: Tsukiyomi|260\/394
|move|p1a: Tsukiyomi|Wish|p1a: Tsukiyomi
|
|-heal|p1a: Tsukiyomi|284\/394|[from] item: Leftovers
|turn|6
|
|switch|p2a: Roserade|Roserade, M|323\/323
|move|p1a: Tsukiyomi|Baton Pass|p1a: Tsukiyomi
|
|switch|p1a: Sachi|Lopunny-Mega, F|271\/271
|-damage|p1a: Sachi|255\/271|[from] Stealth Rock
|
|-heal|p1a: Sachi|271\/271|[from] move: Wish|[wisher] Tsukiyomi
|turn|7
|
|switch|p2a: Jirachi|Jirachi|341\/341
|move|p1a: Sachi|Fake Out|p2a: Jirachi
|-resisted|p2a: Jirachi
|-damage|p2a: Jirachi|298\/341
|
|turn|8
|
|switch|p1a: Buichi|Forretress, M|354\/354
|-damage|p1a: Buichi|310\/354|[from] Stealth Rock
|move|p2a: Jirachi|U-turn|p1a: Buichi
|-resisted|p1a: Buichi
|-damage|p1a: Buichi|285\/354
|
|switch|p2a: Swampert|Swampert, M|404\/404
|
|-heal|p1a: Buichi|307\/354|[from] item: Leftovers
|turn|9
|
|move|p2a: Swampert|Scald|p1a: Buichi
|-damage|p1a: Buichi|220\/354
|move|p1a: Buichi|Rapid Spin|p2a: Swampert
|-damage|p2a: Swampert|393\/404
|-sideend|p1: Woopect|Stealth Rock|[from] move: Rapid Spin|[of] p1a: Buichi
|
|-heal|p2a: Swampert|404\/404|[from] item: Leftovers
|-heal|p1a: Buichi|242\/354|[from] item: Leftovers
|turn|10
|
|switch|p1a: Mizui|Swampert, M|203\/342
|move|p2a: Swampert|Scald|p1a: Mizui
|-damage|p1a: Mizui|116\/342
|-status|p1a: Mizui|brn
|
|-damage|p1a: Mizui|74\/342 brn|[from] brn
|turn|11
|
|switch|p1a: Tsukiyomi|Umbreon, M|284\/394
|move|p2a: Swampert|Stealth Rock|p1a: Tsukiyomi
|-sidestart|p1: Woopect|move: Stealth Rock
|
|-heal|p1a: Tsukiyomi|308\/394|[from] item: Leftovers
|turn|12
|
|move|p2a: Swampert|Earth Power|p1a: Tsukiyomi
|-damage|p1a: Tsukiyomi|244\/394
|move|p1a: Tsukiyomi|Wish|p1a: Tsukiyomi
|
|-heal|p1a: Tsukiyomi|268\/394|[from] item: Leftovers
|turn|13
|
|switch|p1a: Mizui|Swampert, M|74\/342 brn
|-damage|p1a: Mizui|53\/342 brn|[from] Stealth Rock
|move|p2a: Swampert|Roar|p1a: Mizui
|drag|p1a: Sachi|Lopunny-Mega, F|271\/271
|-damage|p1a: Sachi|255\/271|[from] Stealth Rock
|
|-heal|p1a: Sachi|271\/271|[from] move: Wish|[wisher] Tsukiyomi
|turn|14
|
|move|p1a: Sachi|Return|p2a: Swampert
|-damage|p2a: Swampert|256\/404
|move|p2a: Swampert|Scald|p1a: Sachi
|-damage|p1a: Sachi|189\/271
|
|-heal|p2a: Swampert|281\/404|[from] item: Leftovers
|turn|15
|
|move|p1a: Sachi|Drain Punch|p2a: Swampert
|-damage|p2a: Swampert|155\/404
|-heal|p1a: Sachi|252\/271|[from] drain|[of] p2a: Swampert
|move|p2a: Swampert|Scald|p1a: Sachi
|-damage|p1a: Sachi|161\/271
|
|-heal|p2a: Swampert|180\/404|[from] item: Leftovers
|turn|16
|
|move|p1a: Sachi|Drain Punch|p2a: Swampert
|-damage|p2a: Swampert|71\/404
|-heal|p1a: Sachi|216\/271|[from] drain|[of] p2a: Swampert
|move|p2a: Swampert|Scald|p1a: Sachi
|-damage|p1a: Sachi|95\/271
|
|-heal|p2a: Swampert|96\/404|[from] item: Leftovers
|turn|17
|
|switch|p2a: Florges|Florges, F|360\/360
|move|p1a: Sachi|Return|p2a: Florges
|-damage|p2a: Florges|75\/360
|
|-heal|p2a: Florges|97\/360|[from] item: Leftovers
|turn|18
|
|move|p1a: Sachi|Return|p2a: Florges
|-damage|p2a: Florges|0 fnt
|faint|p2a: Florges
|
|
|switch|p2a: Jirachi|Jirachi|298\/341
|turn|19
|
|switch|p1a: Mizui|Swampert, M|53\/342 brn
|-damage|p1a: Mizui|32\/342 brn|[from] Stealth Rock
|move|p2a: Jirachi|Fire Punch|p1a: Mizui
|-crit|p1a: Mizui
|-resisted|p1a: Mizui
|-damage|p1a: Mizui|0 fnt
|faint|p1a: Mizui
|
|
|switch|p1a: Tsukiyomi|Umbreon, M|268\/394
|-damage|p1a: Tsukiyomi|219\/394|[from] Stealth Rock
|turn|20
|
|switch|p2a: Swampert|Swampert, M|96\/404
|move|p1a: Tsukiyomi|Wish|p1a: Tsukiyomi
|
|-heal|p2a: Swampert|121\/404|[from] item: Leftovers
|-heal|p1a: Tsukiyomi|243\/394|[from] item: Leftovers
|turn|21
|
|move|p1a: Tsukiyomi|Baton Pass|p1a: Tsukiyomi
|
|switch|p1a: Akira|Alakazam, M|251\/251
|move|p2a: Swampert|Roar|p1a: Akira
|drag|p1a: Sachi|Lopunny-Mega, F|95\/271
|-damage|p1a: Sachi|79\/271|[from] Stealth Rock
|
|-heal|p1a: Sachi|271\/271|[from] move: Wish|[wisher] Tsukiyomi
|-heal|p2a: Swampert|146\/404|[from] item: Leftovers
|turn|22
|
|move|p1a: Sachi|Return|p2a: Swampert
|-damage|p2a: Swampert|0 fnt
|faint|p2a: Swampert
|
|
|switch|p2a: Jirachi|Jirachi|298\/341
|turn|23
|
|switch|p1a: Tsukiyomi|Umbreon, M|243\/394
|-damage|p1a: Tsukiyomi|194\/394|[from] Stealth Rock
|move|p2a: Jirachi|Iron Head|p1a: Tsukiyomi
|-damage|p1a: Tsukiyomi|101\/394
|
|-heal|p1a: Tsukiyomi|125\/394|[from] item: Leftovers
|turn|24
|
|move|p1a: Tsukiyomi|Protect|p1a: Tsukiyomi
|-singleturn|p1a: Tsukiyomi|Protect
|move|p2a: Jirachi|Iron Head|p1a: Tsukiyomi
|-activate|p1a: Tsukiyomi|Protect
|
|-heal|p1a: Tsukiyomi|149\/394|[from] item: Leftovers
|turn|25
|
|move|p2a: Jirachi|Iron Head|p1a: Tsukiyomi
|-crit|p1a: Tsukiyomi
|-damage|p1a: Tsukiyomi|17\/394
|cant|p1a: Tsukiyomi|flinch
|
|-heal|p1a: Tsukiyomi|41\/394|[from] item: Leftovers
|turn|26
|
|move|p1a: Tsukiyomi|Protect|p1a: Tsukiyomi
|-singleturn|p1a: Tsukiyomi|Protect
|move|p2a: Jirachi|Iron Head|p1a: Tsukiyomi
|-activate|p1a: Tsukiyomi|Protect
|
|-heal|p1a: Tsukiyomi|65\/394|[from] item: Leftovers
|turn|27
|
|switch|p1a: Buichi|Forretress, M|242\/354
|-damage|p1a: Buichi|198\/354|[from] Stealth Rock
|move|p2a: Jirachi|Iron Head|p1a: Buichi
|-resisted|p1a: Buichi
|-damage|p1a: Buichi|153\/354
|
|-heal|p1a: Buichi|175\/354|[from] item: Leftovers
|turn|28
|
|move|p2a: Jirachi|Iron Head|p1a: Buichi
|-resisted|p1a: Buichi
|-damage|p1a: Buichi|134\/354
|cant|p1a: Buichi|flinch
|
|-heal|p1a: Buichi|156\/354|[from] item: Leftovers
|turn|29
|
|move|p2a: Jirachi|Iron Head|p1a: Buichi
|-resisted|p1a: Buichi
|-damage|p1a: Buichi|115\/354
|cant|p1a: Buichi|flinch
|
|-heal|p1a: Buichi|137\/354|[from] item: Leftovers
|turn|30
|
|move|p2a: Jirachi|Iron Head|p1a: Buichi
|-resisted|p1a: Buichi
|-damage|p1a: Buichi|92\/354
|cant|p1a: Buichi|flinch
|
|-heal|p1a: Buichi|114\/354|[from] item: Leftovers
|turn|31
|
|move|p2a: Jirachi|Iron Head|p1a: Buichi
|-resisted|p1a: Buichi
|-damage|p1a: Buichi|72\/354
|cant|p1a: Buichi|flinch
|
|-heal|p1a: Buichi|94\/354|[from] item: Leftovers
|turn|32
|
|move|p2a: Jirachi|Iron Head|p1a: Buichi
|-resisted|p1a: Buichi
|-damage|p1a: Buichi|47\/354
|cant|p1a: Buichi|flinch
|
|-heal|p1a: Buichi|69\/354|[from] item: Leftovers
|turn|33
|
|move|p2a: Jirachi|Iron Head|p1a: Buichi
|-resisted|p1a: Buichi
|-damage|p1a: Buichi|26\/354
|move|p1a: Buichi|Rapid Spin|p2a: Jirachi
|-resisted|p2a: Jirachi
|-damage|p2a: Jirachi|292\/341
|-sideend|p1: Woopect|Stealth Rock|[from] move: Rapid Spin|[of] p1a: Buichi
|
|-heal|p1a: Buichi|48\/354|[from] item: Leftovers
|turn|34
|
|move|p2a: Jirachi|Iron Head|p1a: Buichi
|-resisted|p1a: Buichi
|-damage|p1a: Buichi|3\/354
|cant|p1a: Buichi|flinch
|
|-heal|p1a: Buichi|25\/354|[from] item: Leftovers
|turn|35
|
|move|p2a: Jirachi|Iron Head|p1a: Buichi
|-resisted|p1a: Buichi
|-damage|p1a: Buichi|0 fnt
|faint|p1a: Buichi
|
|
|switch|p1a: Haneki|Noivern, M|311\/311
|turn|36
|
|move|p2a: Jirachi|Iron Head|p1a: Haneki
|-crit|p1a: Haneki
|-damage|p1a: Haneki|101\/311
|move|p1a: Haneki|Flamethrower|p2a: Jirachi
|-supereffective|p2a: Jirachi
|-damage|p2a: Jirachi|24\/341
|
|turn|37
|
|switch|p1a: Tsukiyomi|Umbreon, M|65\/394
|move|p2a: Jirachi|Iron Head|p1a: Tsukiyomi
|-damage|p1a: Tsukiyomi|0 fnt
|faint|p1a: Tsukiyomi
|
|
|switch|p1a: Sachi|Lopunny-Mega, F|271\/271
|turn|38
|
|switch|p2a: Hydreigon|Hydreigon, M|325\/325
|move|p1a: Sachi|Fake Out|p2a: Hydreigon
|-damage|p2a: Hydreigon|234\/325
|
|turn|39
|
|move|p1a: Sachi|Drain Punch|p2a: Hydreigon
|-supereffective|p2a: Hydreigon
|-damage|p2a: Hydreigon|0 fnt
|faint|p2a: Hydreigon
|
|
|switch|p2a: Jirachi|Jirachi|24\/341
|turn|40
|
|move|p1a: Sachi|Quick Attack|p2a: Jirachi
|-crit|p2a: Jirachi
|-resisted|p2a: Jirachi
|-damage|p2a: Jirachi|0 fnt
|faint|p2a: Jirachi
|
|
|switch|p2a: Zygarde|Zygarde|419\/419
|-ability|p2a: Zygarde|Aura Break
|turn|41
|
|switch|p1a: Haneki|Noivern, M|101\/311
|move|p2a: Zygarde|Substitute|p2a: Zygarde
|-start|p2a: Zygarde|Substitute
|-damage|p2a: Zygarde|315\/419
|
|-heal|p2a: Zygarde|341\/419|[from] item: Leftovers
|turn|42
|
|move|p1a: Haneki|Draco Meteor|p2a: Zygarde
|-supereffective|p2a: Zygarde
|-damage|p2a: Zygarde|0 fnt
|-unboost|p1a: Haneki|spa|2
|faint|p2a: Zygarde
|
|
|switch|p2a: Roserade|Roserade, M|323\/323
|turn|43
|
|move|p1a: Haneki|Draco Meteor|p2a: Roserade
|-damage|p2a: Roserade|220\/323
|-unboost|p1a: Haneki|spa|2
|move|p2a: Roserade|Sludge Bomb|p1a: Haneki
|-damage|p1a: Haneki|0 fnt
|faint|p1a: Haneki
|
|-heal|p2a: Roserade|240\/323|[from] item: Black Sludge
|-message|Mega Ridley forfeited.
|
|win|Woopect
|raw|Ladder updating...
|leave|Mega Ridley
|player|p2
|raw|Ladder (probably) updated, but score could not be retrieved (timeout).
|raw|Ladder (probably) updated, but score could not be retrieved (Error: socket hang up).