|join|Mega Ridley
|join|namurt
|player|p1|Mega Ridley|161
|player|p2|namurt|265
|gametype|singles
|gen|6
|tier|UU
|rated
|rule|Sleep Clause Mod: Limit one foe put to sleep
|rule|Species Clause: Limit one of each PokÃ©mon
|rule|OHKO Clause: OHKO moves are banned
|rule|Moody Clause: Moody is banned
|rule|Evasion Moves Clause: Evasion moves are banned
|rule|Endless Battle Clause: Forcing endless battles is banned
|rule|HP Percentage Mod: HP is shown in percentages
|clearpoke
|poke|p1|Entei, shiny
|poke|p1|Shaymin
|poke|p1|Suicune
|poke|p1|Gallade, M
|poke|p1|Raikou
|poke|p1|Crobat, F
|poke|p2|Hippowdon, M
|poke|p2|Crobat, F
|poke|p2|Vaporeon, F
|poke|p2|Forretress, M
|poke|p2|Lopunny, M
|poke|p2|Chandelure, F
|rule|Swagger Clause: Swagger is banned
|rule|Baton Pass Clause: Limit one PokÃ©mon knowing Baton Pass
|teampreview
|
|start
|switch|p1a: Shaymin|Shaymin|341\/341
|switch|p2a: Crobat|Crobat, F|343\/343
|turn|1
|
|switch|p1a: Raikou|Raikou|322\/322
|-ability|p1a: Raikou|Pressure
|move|p2a: Crobat|U-turn|p1a: Raikou
|-damage|p1a: Raikou|239\/322
|
|switch|p2a: Hippowdon|Hippowdon, M|420\/420
|-weather|Sandstorm
|
|-weather|Sandstorm|[upkeep]
|-damage|p1a: Raikou|219\/322|[from] sandstorm
|turn|2
|
|switch|p1a: Crobat|Crobat, F|373\/373
|move|p2a: Hippowdon|Stealth Rock|p1a: Crobat
|-sidestart|p1: Mega Ridley|move: Stealth Rock
|
|-weather|Sandstorm|[upkeep]
|-damage|p1a: Crobat|350\/373|[from] sandstorm
|-heal|p1a: Crobat|373\/373|[from] item: Black Sludge
|turn|3
|
|switch|p2a: Forretress|Forretress, M|353\/353
|move|p1a: Crobat|Defog|p2a: Forretress
|-unboost|p2a: Forretress|evasion|1
|-sideend|p1: Mega Ridley|Stealth Rock|[from] move: Defog|[of] p1a: Crobat
|
|-weather|Sandstorm|[upkeep]
|-damage|p1a: Crobat|350\/373|[from] sandstorm
|-heal|p1a: Crobat|373\/373|[from] item: Black Sludge
|turn|4
|
|move|p1a: Crobat|Brave Bird|p2a: Forretress
|-damage|p2a: Forretress|259\/353
|-damage|p1a: Crobat|342\/373|[from] recoil|[of] p2a: Forretress
|move|p2a: Forretress|Spikes|p1a: Crobat
|-sidestart|p1: Mega Ridley|Spikes
|
|-weather|Sandstorm|[upkeep]
|-damage|p1a: Crobat|319\/373|[from] sandstorm
|-heal|p1a: Crobat|342\/373|[from] item: Black Sludge
|-heal|p2a: Forretress|281\/353|[from] item: Leftovers
|turn|5
|
|move|p1a: Crobat|Brave Bird|p2a: Forretress
|-damage|p2a: Forretress|173\/353
|-damage|p1a: Crobat|306\/373|[from] recoil|[of] p2a: Forretress
|move|p2a: Forretress|Gyro Ball|p1a: Crobat
|-damage|p1a: Crobat|218\/373
|
|-weather|none
|-heal|p1a: Crobat|241\/373|[from] item: Black Sludge
|-heal|p2a: Forretress|195\/353|[from] item: Leftovers
|turn|6
|
|switch|p2a: Hippowdon|Hippowdon, M|420\/420
|-weather|Sandstorm
|move|p1a: Crobat|Defog|p2a: Hippowdon
|-unboost|p2a: Hippowdon|evasion|1
|-sideend|p1: Mega Ridley|Spikes|[from] move: Defog|[of] p1a: Crobat
|
|-weather|Sandstorm|[upkeep]
|-damage|p1a: Crobat|218\/373|[from] sandstorm
|-heal|p1a: Crobat|241\/373|[from] item: Black Sludge
|turn|7
|
|move|p1a: Crobat|Roost|p1a: Crobat
|-heal|p1a: Crobat|373\/373
|move|p2a: Hippowdon|Earthquake|p1a: Crobat
|-supereffective|p1a: Crobat
|-damage|p1a: Crobat|35\/373
|
|-weather|Sandstorm|[upkeep]
|-damage|p1a: Crobat|12\/373|[from] sandstorm
|-heal|p1a: Crobat|35\/373|[from] item: Black Sludge
|turn|8
|
|move|p1a: Crobat|Roost|p1a: Crobat
|-heal|p1a: Crobat|222\/373
|move|p2a: Hippowdon|Stealth Rock|p1a: Crobat
|-sidestart|p1: Mega Ridley|move: Stealth Rock
|
|-weather|Sandstorm|[upkeep]
|-damage|p1a: Crobat|199\/373|[from] sandstorm
|-heal|p1a: Crobat|222\/373|[from] item: Black Sludge
|turn|9
|
|move|p1a: Crobat|Defog|p2a: Hippowdon
|-unboost|p2a: Hippowdon|evasion|1
|-sideend|p1: Mega Ridley|Stealth Rock|[from] move: Defog|[of] p1a: Crobat
|move|p2a: Hippowdon|Earthquake|p1a: Crobat
|-immune|p1a: Crobat|[msg]
|
|-weather|Sandstorm|[upkeep]
|-damage|p1a: Crobat|199\/373|[from] sandstorm
|-heal|p1a: Crobat|222\/373|[from] item: Black Sludge
|turn|10
|
|move|p1a: Crobat|Roost|p1a: Crobat
|-heal|p1a: Crobat|373\/373
|move|p2a: Hippowdon|Stealth Rock|p1a: Crobat
|-sidestart|p1: Mega Ridley|move: Stealth Rock
|
|-weather|none
|turn|11
|
|switch|p2a: Crobat|Crobat, F|343\/343
|move|p1a: Crobat|Defog|p2a: Crobat
|-unboost|p2a: Crobat|evasion|1
|-sideend|p1: Mega Ridley|Stealth Rock|[from] move: Defog|[of] p1a: Crobat
|
|turn|12
|
|move|p1a: Crobat|Roost|p1a: Crobat
|-fail|p1a: Crobat
|move|p2a: Crobat|Brave Bird|p1a: Crobat
|-damage|p1a: Crobat|187\/373
|-damage|p2a: Crobat|282\/343|[from] recoil|[of] p1a: Crobat
|
|-heal|p1a: Crobat|210\/373|[from] item: Black Sludge
|-heal|p2a: Crobat|303\/343|[from] item: Black Sludge
|turn|13
|
|move|p1a: Crobat|Roost|p1a: Crobat
|-heal|p1a: Crobat|373\/373
|move|p2a: Crobat|Brave Bird|p1a: Crobat
|-damage|p1a: Crobat|198\/373
|-damage|p2a: Crobat|245\/343|[from] recoil|[of] p1a: Crobat
|
|-heal|p1a: Crobat|221\/373|[from] item: Black Sludge
|-heal|p2a: Crobat|266\/343|[from] item: Black Sludge
|turn|14
|
|move|p1a: Crobat|Roost|p1a: Crobat
|-heal|p1a: Crobat|373\/373
|move|p2a: Crobat|U-turn|p1a: Crobat
|-resisted|p1a: Crobat
|-damage|p1a: Crobat|335\/373
|
|switch|p2a: Chandelure|Chandelure, F|289\/289
|
|-heal|p1a: Crobat|358\/373|[from] item: Black Sludge
|turn|15
|
|move|p1a: Crobat|U-turn|p2a: Chandelure
|-resisted|p2a: Chandelure
|-damage|p2a: Chandelure|276\/289
|
|switch|p1a: Entei|Entei, shiny|372\/372
|-ability|p1a: Entei|Pressure
|move|p2a: Chandelure|Fire Blast|p1a: Entei|[miss]
|-miss|p2a: Chandelure|p1a: Entei
|
|-heal|p2a: Chandelure|289\/289|[from] item: Leftovers
|turn|16
|
|switch|p2a: Hippowdon|Hippowdon, M|420\/420
|-weather|Sandstorm
|move|p1a: Entei|Sacred Fire|p2a: Hippowdon|[miss]
|-miss|p1a: Entei|p2a: Hippowdon
|
|-weather|Sandstorm|[upkeep]
|-damage|p1a: Entei|349\/372|[from] sandstorm
|turn|17
|
|switch|p1a: Crobat|Crobat, F|358\/373
|move|p2a: Hippowdon|Stealth Rock|p1a: Crobat
|-sidestart|p1: Mega Ridley|move: Stealth Rock
|
|-weather|Sandstorm|[upkeep]
|-damage|p1a: Crobat|335\/373|[from] sandstorm
|-heal|p1a: Crobat|358\/373|[from] item: Black Sludge
|turn|18
|
|switch|p2a: Crobat|Crobat, F|266\/343
|move|p1a: Crobat|Defog|p2a: Crobat
|-unboost|p2a: Crobat|evasion|1
|-sideend|p1: Mega Ridley|Stealth Rock|[from] move: Defog|[of] p1a: Crobat
|
|-weather|Sandstorm|[upkeep]
|-damage|p1a: Crobat|335\/373|[from] sandstorm
|-damage|p2a: Crobat|245\/343|[from] sandstorm
|-heal|p1a: Crobat|358\/373|[from] item: Black Sludge
|-heal|p2a: Crobat|266\/343|[from] item: Black Sludge
|turn|19
|
|move|p1a: Crobat|Brave Bird|p2a: Crobat
|-damage|p2a: Crobat|95\/343
|-damage|p1a: Crobat|302\/373|[from] recoil|[of] p2a: Crobat
|move|p2a: Crobat|Roost|p2a: Crobat
|-heal|p2a: Crobat|267\/343
|
|-weather|Sandstorm|[upkeep]
|-damage|p1a: Crobat|279\/373|[from] sandstorm
|-damage|p2a: Crobat|246\/343|[from] sandstorm
|-heal|p1a: Crobat|302\/373|[from] item: Black Sludge
|-heal|p2a: Crobat|267\/343|[from] item: Black Sludge
|turn|20
|
|move|p1a: Crobat|Brave Bird|p2a: Crobat
|-damage|p2a: Crobat|104\/343
|-damage|p1a: Crobat|248\/373|[from] recoil|[of] p2a: Crobat
|move|p2a: Crobat|Roost|p2a: Crobat
|-heal|p2a: Crobat|276\/343
|
|-weather|none
|-heal|p1a: Crobat|271\/373|[from] item: Black Sludge
|-heal|p2a: Crobat|297\/343|[from] item: Black Sludge
|turn|21
|
|switch|p2a: Hippowdon|Hippowdon, M|420\/420
|-weather|Sandstorm
|move|p1a: Crobat|Brave Bird|p2a: Hippowdon
|-damage|p2a: Hippowdon|338\/420
|-damage|p1a: Crobat|244\/373|[from] recoil|[of] p2a: Hippowdon
|
|-weather|Sandstorm|[upkeep]
|-damage|p1a: Crobat|221\/373|[from] sandstorm
|-heal|p1a: Crobat|244\/373|[from] item: Black Sludge
|-heal|p2a: Hippowdon|364\/420|[from] item: Leftovers
|turn|22
|
|move|p1a: Crobat|Defog|p2a: Hippowdon
|-unboost|p2a: Hippowdon|evasion|1
|move|p2a: Hippowdon|Earthquake|p1a: Crobat
|-immune|p1a: Crobat|[msg]
|
|-weather|Sandstorm|[upkeep]
|-damage|p1a: Crobat|221\/373|[from] sandstorm
|-heal|p1a: Crobat|244\/373|[from] item: Black Sludge
|-heal|p2a: Hippowdon|390\/420|[from] item: Leftovers
|turn|23
|
|move|p1a: Crobat|Defog|p2a: Hippowdon
|-unboost|p2a: Hippowdon|evasion|1
|move|p2a: Hippowdon|Earthquake|p1a: Crobat
|-immune|p1a: Crobat|[msg]
|
|-weather|Sandstorm|[upkeep]
|-damage|p1a: Crobat|221\/373|[from] sandstorm
|-heal|p1a: Crobat|244\/373|[from] item: Black Sludge
|-heal|p2a: Hippowdon|416\/420|[from] item: Leftovers
|turn|24
|
|move|p1a: Crobat|Defog|p2a: Hippowdon
|-unboost|p2a: Hippowdon|evasion|1
|move|p2a: Hippowdon|Earthquake|p1a: Crobat
|-immune|p1a: Crobat|[msg]
|
|-weather|Sandstorm|[upkeep]
|-damage|p1a: Crobat|221\/373|[from] sandstorm
|-heal|p1a: Crobat|244\/373|[from] item: Black Sludge
|-heal|p2a: Hippowdon|420\/420|[from] item: Leftovers
|turn|25
|
|move|p1a: Crobat|Brave Bird|p2a: Hippowdon
|-damage|p2a: Hippowdon|338\/420
|-damage|p1a: Crobat|217\/373|[from] recoil|[of] p2a: Hippowdon
|move|p2a: Hippowdon|Stealth Rock|p1a: Crobat
|-sidestart|p1: Mega Ridley|move: Stealth Rock
|
|-weather|none
|-heal|p1a: Crobat|240\/373|[from] item: Black Sludge
|-heal|p2a: Hippowdon|364\/420|[from] item: Leftovers
|turn|26
|
|move|p1a: Crobat|Defog|p2a: Hippowdon
|-unboost|p2a: Hippowdon|evasion|1
|-sideend|p1: Mega Ridley|Stealth Rock|[from] move: Defog|[of] p1a: Crobat
|move|p2a: Hippowdon|Earthquake|p1a: Crobat
|-immune|p1a: Crobat|[msg]
|
|-heal|p1a: Crobat|263\/373|[from] item: Black Sludge
|-heal|p2a: Hippowdon|390\/420|[from] item: Leftovers
|turn|27
|
|move|p1a: Crobat|Brave Bird|p2a: Hippowdon
|-damage|p2a: Hippowdon|300\/420
|-damage|p1a: Crobat|233\/373|[from] recoil|[of] p2a: Hippowdon
|move|p2a: Hippowdon|Stealth Rock|p1a: Crobat
|-sidestart|p1: Mega Ridley|move: Stealth Rock
|
|-heal|p1a: Crobat|256\/373|[from] item: Black Sludge
|-heal|p2a: Hippowdon|326\/420|[from] item: Leftovers
|turn|28
|
|switch|p2a: Chandelure|Chandelure, F|289\/289
|move|p1a: Crobat|Brave Bird|p2a: Chandelure
|-damage|p2a: Chandelure|150\/289
|-damage|p1a: Crobat|210\/373|[from] recoil|[of] p2a: Chandelure
|
|-heal|p1a: Crobat|233\/373|[from] item: Black Sludge
|-heal|p2a: Chandelure|168\/289|[from] item: Leftovers
|turn|29
|
|move|p1a: Crobat|Defog|p2a: Chandelure
|-unboost|p2a: Chandelure|evasion|1
|-sideend|p1: Mega Ridley|Stealth Rock|[from] move: Defog|[of] p1a: Crobat
|move|p2a: Chandelure|Fire Blast|p1a: Crobat
|-crit|p1a: Crobat
|-damage|p1a: Crobat|0 fnt
|faint|p1a: Crobat
|
|-heal|p2a: Chandelure|186\/289|[from] item: Leftovers
|
|switch|p1a: Gallade|Gallade, M|277\/277
|turn|30
|
|detailschange|p1a: Gallade|Gallade-Mega, M
|message|Gallade has Mega Evolved into Mega Gallade!
|move|p2a: Chandelure|Shadow Ball|p1a: Gallade
|-crit|p1a: Gallade
|-supereffective|p1a: Gallade
|-damage|p1a: Gallade|0 fnt
|faint|p1a: Gallade
|
|-heal|p2a: Chandelure|204\/289|[from] item: Leftovers
|c|âMega Ridley|wtf
|
|switch|p1a: Raikou|Raikou|219\/322
|-ability|p1a: Raikou|Pressure
|turn|31
|
|switch|p2a: Vaporeon|Vaporeon, F|464\/464
|move|p1a: Raikou|Shadow Ball|p2a: Vaporeon
|-damage|p2a: Vaporeon|402\/464
|
|-heal|p2a: Vaporeon|431\/464|[from] item: Leftovers
|turn|32
|
|move|p1a: Raikou|Volt Switch|p2a: Vaporeon
|-supereffective|p2a: Vaporeon
|-damage|p2a: Vaporeon|255\/464
|
|switch|p1a: Shaymin|Shaymin|341\/341
|move|p2a: Vaporeon|Wish|p2a: Vaporeon
|
|-heal|p2a: Vaporeon|284\/464|[from] item: Leftovers
|turn|33
|
|switch|p2a: Crobat|Crobat, F|297\/343
|move|p1a: Shaymin|Earth Power|p2a: Crobat
|-immune|p2a: Crobat|[msg]
|
|-heal|p2a: Crobat|343\/343|[from] move: Wish|[wisher] Vaporeon
|turn|34
|
|switch|p1a: Suicune|Suicune|404\/404
|-ability|p1a: Suicune|Pressure
|move|p2a: Crobat|Brave Bird|p1a: Suicune
|-damage|p1a: Suicune|302\/404
|-damage|p2a: Crobat|309\/343|[from] recoil|[of] p1a: Suicune
|
|-heal|p2a: Crobat|330\/343|[from] item: Black Sludge
|-heal|p1a: Suicune|327\/404|[from] item: Leftovers
|turn|35
|
|move|p2a: Crobat|U-turn|p1a: Suicune
|-damage|p1a: Suicune|285\/404
|
|switch|p2a: Vaporeon|Vaporeon, F|284\/464
|move|p1a: Suicune|Calm Mind|p1a: Suicune
|-boost|p1a: Suicune|spa|1
|-boost|p1a: Suicune|spd|1
|
|-heal|p1a: Suicune|310\/404|[from] item: Leftovers
|-heal|p2a: Vaporeon|313\/464|[from] item: Leftovers
|turn|36
|
|move|p1a: Suicune|Calm Mind|p1a: Suicune
|-boost|p1a: Suicune|spa|1
|-boost|p1a: Suicune|spd|1
|move|p2a: Vaporeon|Wish|p2a: Vaporeon
|
|-heal|p1a: Suicune|335\/404|[from] item: Leftovers
|-heal|p2a: Vaporeon|342\/464|[from] item: Leftovers
|turn|37
|
|move|p1a: Suicune|Scald|p2a: Vaporeon
|-heal|p2a: Vaporeon|458\/464|[from] ability: Water Absorb|[of] p1a: Suicune
|move|p2a: Vaporeon|Scald|p1a: Suicune
|-resisted|p1a: Suicune
|-damage|p1a: Suicune|314\/404
|
|-heal|p2a: Vaporeon|464\/464|[from] move: Wish|[wisher] Vaporeon
|-heal|p1a: Suicune|339\/404|[from] item: Leftovers
|turn|38
|
|move|p1a: Suicune|Calm Mind|p1a: Suicune
|-boost|p1a: Suicune|spa|1
|-boost|p1a: Suicune|spd|1
|move|p2a: Vaporeon|Scald|p1a: Suicune
|-resisted|p1a: Suicune
|-damage|p1a: Suicune|322\/404
|
|-heal|p1a: Suicune|347\/404|[from] item: Leftovers
|turn|39
|
|move|p1a: Suicune|Calm Mind|p1a: Suicune
|-boost|p1a: Suicune|spa|1
|-boost|p1a: Suicune|spd|1
|move|p2a: Vaporeon|Scald|p1a: Suicune
|-resisted|p1a: Suicune
|-damage|p1a: Suicune|332\/404
|
|-heal|p1a: Suicune|357\/404|[from] item: Leftovers
|turn|40
|
|move|p1a: Suicune|Calm Mind|p1a: Suicune
|-boost|p1a: Suicune|spa|1
|-boost|p1a: Suicune|spd|1
|move|p2a: Vaporeon|Scald|p1a: Suicune
|-resisted|p1a: Suicune
|-damage|p1a: Suicune|343\/404
|-status|p1a: Suicune|brn
|
|-heal|p1a: Suicune|368\/404 brn|[from] item: Leftovers
|-damage|p1a: Suicune|318\/404 brn|[from] brn
|turn|41
|
|move|p1a: Suicune|Calm Mind|p1a: Suicune
|-boost|p1a: Suicune|spa|1
|-boost|p1a: Suicune|spd|1
|move|p2a: Vaporeon|Scald|p1a: Suicune
|-resisted|p1a: Suicune
|-damage|p1a: Suicune|306\/404 brn
|
|-heal|p1a: Suicune|331\/404 brn|[from] item: Leftovers
|-damage|p1a: Suicune|281\/404 brn|[from] brn
|turn|42
|
|move|p2a: Vaporeon|Protect|p2a: Vaporeon
|-singleturn|p2a: Vaporeon|Protect
|move|p1a: Suicune|Rest|p1a: Suicune
|-status|p1a: Suicune|slp
|-heal|p1a: Suicune|404\/404 slp|[silent]
|-status|p1a: Suicune|slp|[from] move: Rest
|
|turn|43
|
|cant|p1a: Suicune|slp
|move|p1a: Suicune|Sleep Talk|p1a: Suicune
|move|p1a: Suicune|Calm Mind|p1a: Suicune|[from]Sleep Talk
|-fail|p1a: Suicune
|move|p2a: Vaporeon|Wish|p2a: Vaporeon
|
|turn|44
|
|move|p2a: Vaporeon|Protect|p2a: Vaporeon
|-singleturn|p2a: Vaporeon|Protect
|cant|p1a: Suicune|slp
|move|p1a: Suicune|Sleep Talk|p1a: Suicune
|move|p1a: Suicune|Calm Mind|p1a: Suicune|[from]Sleep Talk
|-fail|p1a: Suicune
|
|turn|45
|
|move|p2a: Vaporeon|Protect|p2a: Vaporeon
|-fail|p2a: Vaporeon
|-curestatus|p1a: Suicune|slp
|move|p1a: Suicune|Calm Mind|p1a: Suicune
|-fail|p1a: Suicune
|
|turn|46
|
|move|p2a: Vaporeon|Protect|p2a: Vaporeon
|-singleturn|p2a: Vaporeon|Protect
|move|p1a: Suicune|Calm Mind|p1a: Suicune
|-fail|p1a: Suicune
|
|turn|47
|
|move|p1a: Suicune|Calm Mind|p1a: Suicune
|-fail|p1a: Suicune
|move|p2a: Vaporeon|Scald|p1a: Suicune
|-resisted|p1a: Suicune
|-damage|p1a: Suicune|392\/404
|
|-heal|p1a: Suicune|404\/404|[from] item: Leftovers
|turn|48
|
|move|p1a: Suicune|Calm Mind|p1a: Suicune
|-fail|p1a: Suicune
|move|p2a: Vaporeon|Scald|p1a: Suicune
|-crit|p1a: Suicune
|-resisted|p1a: Suicune
|-damage|p1a: Suicune|333\/404
|
|-heal|p1a: Suicune|358\/404|[from] item: Leftovers
|turn|49
|
|move|p1a: Suicune|Calm Mind|p1a: Suicune
|-fail|p1a: Suicune
|move|p2a: Vaporeon|Scald|p1a: Suicune
|-resisted|p1a: Suicune
|-damage|p1a: Suicune|346\/404
|
|-heal|p1a: Suicune|371\/404|[from] item: Leftovers
|turn|50
|
|move|p1a: Suicune|Calm Mind|p1a: Suicune
|-fail|p1a: Suicune
|move|p2a: Vaporeon|Scald|p1a: Suicune
|-resisted|p1a: Suicune
|-damage|p1a: Suicune|359\/404
|-status|p1a: Suicune|brn
|
|-heal|p1a: Suicune|384\/404 brn|[from] item: Leftovers
|-damage|p1a: Suicune|334\/404 brn|[from] brn
|turn|51
|
|switch|p2a: Lopunny|Lopunny, M|271\/271
|move|p1a: Suicune|Calm Mind|p1a: Suicune
|-fail|p1a: Suicune
|
|-heal|p1a: Suicune|359\/404 brn|[from] item: Leftovers
|-damage|p1a: Suicune|309\/404 brn|[from] brn
|turn|52
|
|detailschange|p2a: Lopunny|Lopunny-Mega, M
|message|Lopunny has Mega Evolved into Mega Lopunny!
|move|p2a: Lopunny|Encore|p1a: Suicune
|-start|p1a: Suicune|Encore
|move|p1a: Suicune|Calm Mind|p1a: Suicune
|-fail|p1a: Suicune
|
|-heal|p1a: Suicune|334\/404 brn|[from] item: Leftovers
|-damage|p1a: Suicune|284\/404 brn|[from] brn
|turn|53
|
|switch|p1a: Raikou|Raikou|219\/322
|-ability|p1a: Raikou|Pressure
|move|p2a: Lopunny|Substitute|p2a: Lopunny
|-start|p2a: Lopunny|Substitute
|-damage|p2a: Lopunny|204\/271
|
|turn|54
|
|move|p2a: Lopunny|High Jump Kick|p1a: Raikou
|-damage|p1a: Raikou|0 fnt
|faint|p1a: Raikou
|
|
|switch|p1a: Shaymin|Shaymin|341\/341
|turn|55
|
|move|p2a: Lopunny|High Jump Kick|p1a: Shaymin
|-damage|p1a: Shaymin|82\/341
|move|p1a: Shaymin|Dazzling Gleam|p2a: Lopunny
|-supereffective|p2a: Lopunny
|-end|p2a: Lopunny|Substitute
|-damage|p1a: Shaymin|48\/341|[from] item: Life Orb
|
|turn|56
|
|move|p2a: Lopunny|Frustration|p1a: Shaymin
|-damage|p1a: Shaymin|0 fnt
|faint|p1a: Shaymin
|
|
|switch|p1a: Entei|Entei, shiny|349\/372
|-ability|p1a: Entei|Pressure
|turn|57
|
|switch|p2a: Hippowdon|Hippowdon, M|326\/420
|-weather|Sandstorm
|move|p1a: Entei|Sacred Fire|p2a: Hippowdon
|-damage|p2a: Hippowdon|182\/420
|-damage|p1a: Entei|312\/372|[from] item: Life Orb
|
|-weather|Sandstorm|[upkeep]
|-damage|p1a: Entei|289\/372|[from] sandstorm
|-heal|p2a: Hippowdon|208\/420|[from] item: Leftovers
|turn|58
|
|move|p1a: Entei|Sacred Fire|p2a: Hippowdon
|-damage|p2a: Hippowdon|48\/420
|-status|p2a: Hippowdon|brn
|-damage|p1a: Entei|252\/372|[from] item: Life Orb
|move|p2a: Hippowdon|Slack Off|p2a: Hippowdon
|-heal|p2a: Hippowdon|258\/420 brn
|
|-weather|Sandstorm|[upkeep]
|-damage|p1a: Entei|229\/372|[from] sandstorm
|-heal|p2a: Hippowdon|284\/420 brn|[from] item: Leftovers
|-damage|p2a: Hippowdon|232\/420 brn|[from] brn
|turn|59
|
|switch|p1a: Suicune|Suicune|284\/404 brn
|-ability|p1a: Suicune|Pressure
|move|p2a: Hippowdon|Earthquake|p1a: Suicune
|-damage|p1a: Suicune|238\/404 brn
|
|-weather|Sandstorm|[upkeep]
|-damage|p1a: Suicune|213\/404 brn|[from] sandstorm
|-heal|p1a: Suicune|238\/404 brn|[from] item: Leftovers
|-heal|p2a: Hippowdon|258\/420 brn|[from] item: Leftovers
|-damage|p1a: Suicune|188\/404 brn|[from] brn
|-damage|p2a: Hippowdon|206\/420 brn|[from] brn
|turn|60
|
|switch|p2a: Crobat|Crobat, F|330\/343
|move|p1a: Suicune|Rest|p1a: Suicune
|-status|p1a: Suicune|slp
|-heal|p1a: Suicune|404\/404 slp|[silent]
|-status|p1a: Suicune|slp|[from] move: Rest
|
|-weather|Sandstorm|[upkeep]
|-damage|p2a: Crobat|309\/343|[from] sandstorm
|-damage|p1a: Suicune|379\/404 slp|[from] sandstorm
|-heal|p2a: Crobat|330\/343|[from] item: Black Sludge
|-heal|p1a: Suicune|404\/404 slp|[from] item: Leftovers
|turn|61
|
|move|p2a: Crobat|U-turn|p1a: Suicune
|-damage|p1a: Suicune|366\/404 slp
|
|switch|p2a: Lopunny|Lopunny-Mega, M|204\/271
|cant|p1a: Suicune|slp
|move|p1a: Suicune|Sleep Talk|p1a: Suicune
|move|p1a: Suicune|Scald|p2a: Lopunny|[from]Sleep Talk
|-damage|p2a: Lopunny|113\/271
|
|-weather|none
|-heal|p1a: Suicune|391\/404 slp|[from] item: Leftovers
|turn|62
|
|move|p2a: Lopunny|Substitute|p2a: Lopunny
|-start|p2a: Lopunny|Substitute
|-damage|p2a: Lopunny|46\/271
|cant|p1a: Suicune|slp
|move|p1a: Suicune|Sleep Talk|p1a: Suicune
|move|p1a: Suicune|Calm Mind|p1a: Suicune|[from]Sleep Talk
|-boost|p1a: Suicune|spa|1
|-boost|p1a: Suicune|spd|1
|
|-heal|p1a: Suicune|404\/404 slp|[from] item: Leftovers
|turn|63
|
|switch|p1a: Entei|Entei, shiny|229\/372
|-ability|p1a: Entei|Pressure
|move|p2a: Lopunny|Encore|p1a: Entei
|-fail|p1a: Entei
|
|turn|64
|
|move|p1a: Entei|Extreme Speed|p2a: Lopunny
|-end|p2a: Lopunny|Substitute
|-damage|p1a: Entei|192\/372|[from] item: Life Orb
|move|p2a: Lopunny|Frustration|p1a: Entei
|-damage|p1a: Entei|0 fnt
|faint|p1a: Entei
|
|
|switch|p1a: Suicune|Suicune|404\/404 slp
|-ability|p1a: Suicune|Pressure
|turn|65
|
|switch|p2a: Vaporeon|Vaporeon, F|464\/464
|-curestatus|p1a: Suicune|slp
|move|p1a: Suicune|Scald|p2a: Vaporeon
|-immune|p2a: Vaporeon|[msg]
|
|turn|66
|
|move|p1a: Suicune|Calm Mind|p1a: Suicune
|-boost|p1a: Suicune|spa|1
|-boost|p1a: Suicune|spd|1
|move|p2a: Vaporeon|Scald|p1a: Suicune
|-resisted|p1a: Suicune
|-damage|p1a: Suicune|375\/404
|
|-heal|p1a: Suicune|400\/404|[from] item: Leftovers
|turn|67
|
|move|p1a: Suicune|Scald|p2a: Vaporeon
|-immune|p2a: Vaporeon|[msg]
|move|p2a: Vaporeon|Wish|p2a: Vaporeon
|
|-heal|p1a: Suicune|404\/404|[from] item: Leftovers
|turn|68
|
|switch|p2a: Crobat|Crobat, F|330\/343
|move|p1a: Suicune|Scald|p2a: Crobat
|-damage|p2a: Crobat|171\/343
|-status|p2a: Crobat|brn
|
|-heal|p2a: Crobat|343\/343 brn|[from] move: Wish|[wisher] Vaporeon
|-damage|p2a: Crobat|301\/343 brn|[from] brn
|turn|69
|
|move|p2a: Crobat|Brave Bird|p1a: Suicune
|-damage|p1a: Suicune|349\/404
|-damage|p2a: Crobat|283\/343 brn|[from] recoil|[of] p1a: Suicune
|move|p1a: Suicune|Scald|p2a: Crobat
|-crit|p2a: Crobat
|-damage|p2a: Crobat|45\/343 brn
|
|-heal|p2a: Crobat|66\/343 brn|[from] item: Black Sludge
|-heal|p1a: Suicune|374\/404|[from] item: Leftovers
|-damage|p2a: Crobat|24\/343 brn|[from] brn
|turn|70
|
|move|p2a: Crobat|Brave Bird|p1a: Suicune
|-damage|p1a: Suicune|317\/404
|-damage|p2a: Crobat|5\/343 brn|[from] recoil|[of] p1a: Suicune
|move|p1a: Suicune|Scald|p2a: Crobat
|-damage|p2a: Crobat|0 fnt
|faint|p2a: Crobat
|
|-heal|p1a: Suicune|342\/404|[from] item: Leftovers
|
|switch|p2a: Forretress|Forretress, M|195\/353
|turn|71
|
|move|p1a: Suicune|Scald|p2a: Forretress
|-damage|p2a: Forretress|74\/353
|move|p2a: Forretress|Toxic|p1a: Suicune
|-status|p1a: Suicune|tox
|
|-heal|p1a: Suicune|367\/404 tox|[from] item: Leftovers
|-heal|p2a: Forretress|96\/353|[from] item: Leftovers
|-damage|p1a: Suicune|342\/404 tox|[from] psn
|turn|72
|
|switch|p2a: Vaporeon|Vaporeon, F|464\/464
|move|p1a: Suicune|Rest|p1a: Suicune
|-status|p1a: Suicune|slp
|-heal|p1a: Suicune|404\/404 slp|[silent]
|-status|p1a: Suicune|slp|[from] move: Rest
|
|turn|73
|
|cant|p1a: Suicune|slp
|move|p2a: Vaporeon|Wish|p2a: Vaporeon
|
|turn|74
|
|switch|p2a: Chandelure|Chandelure, F|204\/289
|cant|p1a: Suicune|slp
|move|p1a: Suicune|Sleep Talk|p1a: Suicune
|move|p1a: Suicune|Rest|p1a: Suicune|[from]Sleep Talk
|-fail|p1a: Suicune
|
|-heal|p2a: Chandelure|289\/289|[from] move: Wish|[wisher] Vaporeon
|turn|75
|
|move|p2a: Chandelure|Substitute|p2a: Chandelure
|-start|p2a: Chandelure|Substitute
|-damage|p2a: Chandelure|217\/289
|-curestatus|p1a: Suicune|slp
|move|p1a: Suicune|Calm Mind|p1a: Suicune
|-boost|p1a: Suicune|spa|1
|-boost|p1a: Suicune|spd|1
|
|-heal|p2a: Chandelure|235\/289|[from] item: Leftovers
|turn|76
|
|move|p2a: Chandelure|Calm Mind|p2a: Chandelure
|-boost|p2a: Chandelure|spa|1
|-boost|p2a: Chandelure|spd|1
|move|p1a: Suicune|Scald|p2a: Chandelure
|-supereffective|p2a: Chandelure
|-end|p2a: Chandelure|Substitute
|
|-heal|p2a: Chandelure|253\/289|[from] item: Leftovers
|turn|77
|
|move|p2a: Chandelure|Substitute|p2a: Chandelure
|-start|p2a: Chandelure|Substitute
|-damage|p2a: Chandelure|181\/289
|move|p1a: Suicune|Scald|p2a: Chandelure
|-supereffective|p2a: Chandelure
|-end|p2a: Chandelure|Substitute
|
|-heal|p2a: Chandelure|199\/289|[from] item: Leftovers
|turn|78
|
|move|p2a: Chandelure|Substitute|p2a: Chandelure
|-start|p2a: Chandelure|Substitute
|-damage|p2a: Chandelure|127\/289
|move|p1a: Suicune|Scald|p2a: Chandelure
|-supereffective|p2a: Chandelure
|-end|p2a: Chandelure|Substitute
|
|-heal|p2a: Chandelure|145\/289|[from] item: Leftovers
|turn|79
|
|move|p2a: Chandelure|Substitute|p2a: Chandelure
|-start|p2a: Chandelure|Substitute
|-damage|p2a: Chandelure|73\/289
|move|p1a: Suicune|Scald|p2a: Chandelure
|-supereffective|p2a: Chandelure
|-end|p2a: Chandelure|Substitute
|
|-heal|p2a: Chandelure|91\/289|[from] item: Leftovers
|turn|80
|
|switch|p2a: Vaporeon|Vaporeon, F|464\/464
|move|p1a: Suicune|Scald|p2a: Vaporeon
|-immune|p2a: Vaporeon|[msg]
|
|turn|81
|
|move|p1a: Suicune|Calm Mind|p1a: Suicune
|-boost|p1a: Suicune|spa|1
|-boost|p1a: Suicune|spd|1
|move|p2a: Vaporeon|Wish|p2a: Vaporeon
|
|turn|82
|
|move|p1a: Suicune|Scald|p2a: Vaporeon
|-immune|p2a: Vaporeon|[msg]
|move|p2a: Vaporeon|Scald|p1a: Suicune
|-resisted|p1a: Suicune
|-damage|p1a: Suicune|386\/404
|
|-heal|p1a: Suicune|404\/404|[from] item: Leftovers
|turn|83
|
|move|p1a: Suicune|Scald|p2a: Vaporeon
|-immune|p2a: Vaporeon|[msg]
|move|p2a: Vaporeon|Wish|p2a: Vaporeon
|
|turn|84
|
|move|p1a: Suicune|Calm Mind|p1a: Suicune
|-boost|p1a: Suicune|spa|1
|-boost|p1a: Suicune|spd|1
|move|p2a: Vaporeon|Heal Bell|p2a: Vaporeon
|-cureteam|p2a: Vaporeon|[from] move: HealBell
|
|turn|85
|
|move|p1a: Suicune|Calm Mind|p1a: Suicune
|-boost|p1a: Suicune|spa|1
|-boost|p1a: Suicune|spd|1
|move|p2a: Vaporeon|Wish|p2a: Vaporeon
|
|turn|86
|
|switch|p2a: Chandelure|Chandelure, F|91\/289
|move|p1a: Suicune|Scald|p2a: Chandelure
|-supereffective|p2a: Chandelure
|-damage|p2a: Chandelure|0 fnt
|faint|p2a: Chandelure
|
|
|switch|p2a: Hippowdon|Hippowdon, M|206\/420
|-weather|Sandstorm
|turn|87
|
|move|p1a: Suicune|Calm Mind|p1a: Suicune
|-boost|p1a: Suicune|spa|1
|-boost|p1a: Suicune|spd|1
|move|p2a: Hippowdon|Toxic|p1a: Suicune
|-status|p1a: Suicune|tox
|
|-weather|Sandstorm|[upkeep]
|-damage|p1a: Suicune|379\/404 tox|[from] sandstorm
|-heal|p1a: Suicune|404\/404 tox|[from] item: Leftovers
|-heal|p2a: Hippowdon|232\/420|[from] item: Leftovers
|-damage|p1a: Suicune|379\/404 tox|[from] psn
|turn|88
|
|switch|p2a: Vaporeon|Vaporeon, F|464\/464
|move|p1a: Suicune|Rest|p1a: Suicune
|-status|p1a: Suicune|slp
|-heal|p1a: Suicune|404\/404 slp|[silent]
|-status|p1a: Suicune|slp|[from] move: Rest
|
|-weather|Sandstorm|[upkeep]
|-damage|p1a: Suicune|379\/404 slp|[from] sandstorm
|-damage|p2a: Vaporeon|435\/464|[from] sandstorm
|-heal|p1a: Suicune|404\/404 slp|[from] item: Leftovers
|-heal|p2a: Vaporeon|464\/464|[from] item: Leftovers
|turn|89
|
|cant|p1a: Suicune|slp
|move|p2a: Vaporeon|Wish|p2a: Vaporeon
|
|-weather|Sandstorm|[upkeep]
|-damage|p1a: Suicune|379\/404 slp|[from] sandstorm
|-damage|p2a: Vaporeon|435\/464|[from] sandstorm
|-heal|p1a: Suicune|404\/404 slp|[from] item: Leftovers
|-heal|p2a: Vaporeon|464\/464|[from] item: Leftovers
|turn|90
|
|switch|p2a: Lopunny|Lopunny-Mega, M|46\/271
|cant|p1a: Suicune|slp
|move|p1a: Suicune|Sleep Talk|p1a: Suicune
|move|p1a: Suicune|Calm Mind|p1a: Suicune|[from]Sleep Talk
|-fail|p1a: Suicune
|
|-weather|Sandstorm|[upkeep]
|-damage|p2a: Lopunny|30\/271|[from] sandstorm
|-damage|p1a: Suicune|379\/404 slp|[from] sandstorm
|-heal|p2a: Lopunny|262\/271|[from] move: Wish|[wisher] Vaporeon
|-heal|p1a: Suicune|404\/404 slp|[from] item: Leftovers
|turn|91
|c|âMega Ridley|CRAP
|
|move|p2a: Lopunny|Encore|p1a: Suicune
|-start|p1a: Suicune|Encore
|-curestatus|p1a: Suicune|slp
|move|p1a: Suicune|Sleep Talk|p1a: Suicune
|-fail|p1a: Suicune
|
|-weather|none
|turn|92
|
|move|p2a: Lopunny|Substitute|p2a: Lopunny
|-start|p2a: Lopunny|Substitute
|-damage|p2a: Lopunny|195\/271
|move|p1a: Suicune|Sleep Talk|p1a: Suicune
|-fail|p1a: Suicune
|
|turn|93
|
|move|p2a: Lopunny|High Jump Kick|p1a: Suicune
|-damage|p1a: Suicune|257\/404
|move|p1a: Suicune|Sleep Talk|p1a: Suicune
|-fail|p1a: Suicune
|
|-heal|p1a: Suicune|282\/404|[from] item: Leftovers
|-end|p1a: Suicune|Encore
|turn|94
|
|move|p2a: Lopunny|Encore|p1a: Suicune
|-start|p1a: Suicune|Encore
|move|p1a: Suicune|Sleep Talk|p1a: Suicune
|-fail|p1a: Suicune
|
|-heal|p1a: Suicune|307\/404|[from] item: Leftovers
|turn|95
|
|move|p2a: Lopunny|High Jump Kick|p1a: Suicune
|-damage|p1a: Suicune|141\/404
|move|p1a: Suicune|Sleep Talk|p1a: Suicune
|-fail|p1a: Suicune
|
|-heal|p1a: Suicune|166\/404|[from] item: Leftovers
|turn|96
|
|move|p2a: Lopunny|High Jump Kick|p1a: Suicune
|-damage|p1a: Suicune|0 fnt
|faint|p1a: Suicune
|
|win|namurt
|raw|Ladder updating...
|c|âMega Ridley|gg
|raw|Mega Ridley's rating: 1421 &rarr; <strong>1396<\/strong><br \/>(-25 for losing)
|raw|namurt's rating: 1336 &rarr; <strong>1361<\/strong><br \/>(+25 for winning)
|c|ânamurt|gg