|join|Mega Ridley
|join|hanjiplayer
|player|p1|Mega Ridley|161
|player|p2|hanjiplayer|209
|gametype|singles
|gen|6
|tier|UU
|rated
|rule|Sleep Clause Mod: Limit one foe put to sleep
|rule|Species Clause: Limit one of each PokÃ©mon
|rule|OHKO Clause: OHKO moves are banned
|rule|Moody Clause: Moody is banned
|rule|Evasion Moves Clause: Evasion moves are banned
|rule|Endless Battle Clause: Forcing endless battles is banned
|rule|HP Percentage Mod: HP is shown in percentages
|clearpoke
|poke|p1|Celebi
|poke|p1|Crobat, M
|poke|p1|Alomomola, F
|poke|p1|Aggron, M
|poke|p1|Blissey, F
|poke|p1|Krookodile, F
|poke|p2|Toxicroak, F
|poke|p2|Arcanine, M
|poke|p2|Chesnaught, F
|poke|p2|Goodra, M
|poke|p2|Starmie
|poke|p2|Jirachi
|rule|Swagger Clause: Swagger is banned
|rule|Baton Pass Clause: Limit one PokÃ©mon knowing Baton Pass
|teampreview
|c|âhanjiplayer|this is why I hate uu
|c|âhanjiplayer|people need to stop using fat team
|c|âMega Ridley|Why?
|c|âhanjiplayer|jesus this is disgusting
|c|âMega Ridley|Forfeit then.
|c|âhanjiplayer|no.
|c|âMega Ridley|Then stop whining.
|
|start
|switch|p1a: Krookodile|Krookodile, F|331\/331
|switch|p2a: Goodra|Goodra, M|383\/383
|-ability|p1a: Krookodile|Intimidate|[of] p2a: Goodra
|-unboost|p2a: Goodra|atk|1
|turn|1
|c|âhanjiplayer|not like I'm whining
|c|âMega Ridley|ok, sorry.
|c|âhanjiplayer|just commenting on the horridness of your team
|
|switch|p2a: Chesnaught|Chesnaught, F|380\/380
|move|p1a: Krookodile|Knock Off|p2a: Chesnaught
|-resisted|p2a: Chesnaught
|-damage|p2a: Chesnaught|311\/380
|-enditem|p2a: Chesnaught|Leftovers|[from] move: Knock Off|[of] p1a: Krookodile
|
|turn|2
|
|switch|p1a: Celebi|Celebi|341\/341
|move|p2a: Chesnaught|Spikes|p1a: Celebi
|-sidestart|p1: Mega Ridley|Spikes
|
|turn|3
|
|switch|p2a: Arcanine|Arcanine, M|383\/383
|-ability|p2a: Arcanine|Intimidate|[of] p1a: Celebi
|-unboost|p1a: Celebi|atk|1
|move|p1a: Celebi|Swords Dance|p1a: Celebi
|-boost|p1a: Celebi|atk|2
|
|turn|4
|
|switch|p1a: Alomomola|Alomomola, F|533\/533
|-damage|p1a: Alomomola|467\/533|[from] Spikes
|move|p2a: Arcanine|Flare Blitz|p1a: Alomomola
|-resisted|p1a: Alomomola
|-damage|p1a: Alomomola|407\/533
|-damage|p2a: Arcanine|320\/383|[from] item: Rocky Helmet|[of] p1a: Alomomola
|-damage|p2a: Arcanine|300\/383|[from] recoil|[of] p1a: Alomomola
|
|turn|5
|
|switch|p2a: Chesnaught|Chesnaught, F|311\/380
|move|p1a: Alomomola|Wish|p1a: Alomomola
|
|turn|6
|
|switch|p1a: Crobat|Crobat, M|373\/373
|move|p2a: Chesnaught|Leech Seed|p1a: Crobat
|-start|p1a: Crobat|move: Leech Seed
|
|-damage|p1a: Crobat|327\/373|[from] Leech Seed|[of] p2a: Chesnaught
|-heal|p2a: Chesnaught|357\/380|[silent]
|turn|7
|
|switch|p2a: Arcanine|Arcanine, M|300\/383
|-ability|p2a: Arcanine|Intimidate|[of] p1a: Crobat
|-unboost|p1a: Crobat|atk|1
|move|p1a: Crobat|Brave Bird|p2a: Arcanine
|-damage|p2a: Arcanine|233\/383
|-damage|p1a: Crobat|265\/373|[from] item: Rocky Helmet|[of] p2a: Arcanine
|-damage|p1a: Crobat|243\/373|[from] recoil|[of] p2a: Arcanine
|
|-heal|p1a: Crobat|266\/373|[from] item: Black Sludge
|-damage|p1a: Crobat|220\/373|[from] Leech Seed|[of] p2a: Arcanine
|-heal|p2a: Arcanine|279\/383|[silent]
|turn|8
|
|move|p1a: Crobat|U-turn|p2a: Arcanine
|-resisted|p2a: Arcanine
|-damage|p2a: Arcanine|266\/383
|-damage|p1a: Crobat|158\/373|[from] item: Rocky Helmet|[of] p2a: Arcanine
|
|switch|p1a: Alomomola|Alomomola, F|533\/533
|-damage|p1a: Alomomola|467\/533|[from] Spikes
|move|p2a: Arcanine|Flare Blitz|p1a: Alomomola
|-resisted|p1a: Alomomola
|-damage|p1a: Alomomola|407\/533
|-damage|p2a: Arcanine|203\/383|[from] item: Rocky Helmet|[of] p1a: Alomomola
|-damage|p2a: Arcanine|183\/383|[from] recoil|[of] p1a: Alomomola
|
|turn|9
|
|switch|p2a: Toxicroak|Toxicroak, F|335\/335
|move|p1a: Alomomola|Scald|p2a: Toxicroak
|-immune|p2a: Toxicroak|[msg]
|
|turn|10
|
|switch|p1a: Krookodile|Krookodile, F|331\/331
|-damage|p1a: Krookodile|290\/331|[from] Spikes
|-ability|p1a: Krookodile|Intimidate|[of] p2a: Toxicroak
|-unboost|p2a: Toxicroak|atk|1
|move|p2a: Toxicroak|Swords Dance|p2a: Toxicroak
|-boost|p2a: Toxicroak|atk|2
|
|turn|11
|
|switch|p1a: Crobat|Crobat, M|158\/373
|switch|p2a: Chesnaught|Chesnaught, F|357\/380
|
|-heal|p1a: Crobat|181\/373|[from] item: Black Sludge
|turn|12
|
|switch|p2a: Arcanine|Arcanine, M|183\/383
|-ability|p2a: Arcanine|Intimidate|[of] p1a: Crobat
|-unboost|p1a: Crobat|atk|1
|move|p1a: Crobat|Roost|p1a: Crobat
|-heal|p1a: Crobat|368\/373
|
|-heal|p1a: Crobat|373\/373|[from] item: Black Sludge
|turn|13
|
|switch|p1a: Alomomola|Alomomola, F|533\/533
|-damage|p1a: Alomomola|467\/533|[from] Spikes
|move|p2a: Arcanine|Morning Sun|p2a: Arcanine
|-heal|p2a: Arcanine|374\/383
|
|turn|14
|
|switch|p2a: Chesnaught|Chesnaught, F|357\/380
|move|p1a: Alomomola|Knock Off|p2a: Chesnaught
|-resisted|p2a: Chesnaught
|-damage|p2a: Chesnaught|344\/380
|
|turn|15
|
|switch|p1a: Celebi|Celebi|341\/341
|-damage|p1a: Celebi|299\/341|[from] Spikes
|switch|p2a: Jirachi|Jirachi|403\/403
|
|-heal|p1a: Celebi|320\/341|[from] item: Leftovers
|turn|16
|
|switch|p2a: Arcanine|Arcanine, M|374\/383
|-ability|p2a: Arcanine|Intimidate|[of] p1a: Celebi
|-unboost|p1a: Celebi|atk|1
|switch|p1a: Alomomola|Alomomola, F|533\/533
|-damage|p1a: Alomomola|467\/533|[from] Spikes
|
|turn|17
|
|switch|p2a: Jirachi|Jirachi|403\/403
|switch|p1a: Crobat|Crobat, M|373\/373
|
|turn|18
|
|switch|p1a: Krookodile|Krookodile, F|290\/331
|-damage|p1a: Krookodile|249\/331|[from] Spikes
|-ability|p1a: Krookodile|Intimidate|[of] p2a: Jirachi
|-unboost|p2a: Jirachi|atk|1
|move|p2a: Jirachi|Iron Head|p1a: Krookodile
|-damage|p1a: Krookodile|170\/331
|
|turn|19
|
|switch|p1a: Alomomola|Alomomola, F|533\/533
|-damage|p1a: Alomomola|467\/533|[from] Spikes
|move|p2a: Jirachi|Iron Head|p1a: Alomomola
|-resisted|p1a: Alomomola
|-damage|p1a: Alomomola|441\/533
|-damage|p2a: Jirachi|336\/403|[from] item: Rocky Helmet|[of] p1a: Alomomola
|
|turn|20
|
|switch|p2a: Chesnaught|Chesnaught, F|344\/380
|move|p1a: Alomomola|Wish|p1a: Alomomola
|
|turn|21
|
|switch|p1a: Krookodile|Krookodile, F|170\/331
|-damage|p1a: Krookodile|129\/331|[from] Spikes
|-ability|p1a: Krookodile|Intimidate|[of] p2a: Chesnaught
|-unboost|p2a: Chesnaught|atk|1
|move|p2a: Chesnaught|Drain Punch|p1a: Krookodile
|-supereffective|p1a: Krookodile
|-damage|p1a: Krookodile|0 fnt
|-heal|p2a: Chesnaught|380\/380|[from] drain|[of] p1a: Krookodile
|faint|p1a: Krookodile
|
|
|switch|p1a: Crobat|Crobat, M|373\/373
|turn|22
|c|âMega Ridley|damn.
|c|âMega Ridley|didn't think it would kill.\
|
|switch|p2a: Arcanine|Arcanine, M|374\/383
|-ability|p2a: Arcanine|Intimidate|[of] p1a: Crobat
|-unboost|p1a: Crobat|atk|1
|move|p1a: Crobat|Defog|p2a: Arcanine
|-unboost|p2a: Arcanine|evasion|1
|-sideend|p1: Mega Ridley|Spikes|[from] move: Defog|[of] p1a: Crobat
|
|turn|23
|c|âhanjiplayer|chesnaught's got nice attack
|c|âMega Ridley|!dt chesnaught
|c|~|\/data-pokemon Chesnaught
|raw|<font size="1"><font color=#585858>Dex#:<\/font> 652&nbsp;|&ThickSpace;<font color=#585858>Height:<\/font> 1.6 m&nbsp;|&ThickSpace;<font color=#585858>Weight:<\/font> 90 kg <em>(80 BP)<\/em>&nbsp;|&ThickSpace;<font color=#585858>Dex Colour:<\/font> Green&nbsp;|&ThickSpace;<font color=#585858>Egg Group(s):<\/font> Field&nbsp;|&ThickSpace;<font color=#585858><font color=#585858>Does Not Evolve<\/font><\/font><\/font>
|
|switch|p1a: Alomomola|Alomomola, F|533\/533
|move|p2a: Arcanine|Will-O-Wisp|p1a: Alomomola
|-status|p1a: Alomomola|brn
|
|-damage|p1a: Alomomola|467\/533 brn|[from] brn
|turn|24
|
|switch|p2a: Chesnaught|Chesnaught, F|380\/380
|switch|p1a: Aggron|Aggron, M|344\/344
|
|turn|25
|
|detailschange|p1a: Aggron|Aggron-Mega, M
|-mega|p1a: Aggron|Aggron|Aggronite
|move|p2a: Chesnaught|Leech Seed|p1a: Aggron
|-start|p1a: Aggron|move: Leech Seed
|move|p1a: Aggron|Stealth Rock|p2a: Chesnaught
|-sidestart|p2: hanjiplayer|move: Stealth Rock
|
|-damage|p1a: Aggron|301\/344|[from] Leech Seed|[of] p2a: Chesnaught
|turn|26
|
|move|p2a: Chesnaught|Spikes|p1a: Aggron
|-sidestart|p1: Mega Ridley|Spikes
|move|p1a: Aggron|Roar|p2a: Chesnaught
|drag|p2a: Starmie|Starmie|261\/261
|-damage|p2a: Starmie|229\/261|[from] Stealth Rock
|
|-damage|p1a: Aggron|258\/344|[from] Leech Seed|[of] p2a: Starmie
|-heal|p2a: Starmie|261\/261|[silent]
|turn|27
|
|switch|p1a: Crobat|Crobat, M|373\/373
|move|p2a: Starmie|Rapid Spin|p1a: Crobat
|-damage|p1a: Crobat|359\/373
|-sideend|p2: hanjiplayer|Stealth Rock|[from] move: Rapid Spin|[of] p2a: Starmie
|-damage|p2a: Starmie|235\/261|[from] item: Life Orb
|
|-heal|p1a: Crobat|373\/373|[from] item: Black Sludge
|turn|28
|
|switch|p2a: Arcanine|Arcanine, M|374\/383
|-ability|p2a: Arcanine|Intimidate|[of] p1a: Crobat
|-unboost|p1a: Crobat|atk|1
|move|p1a: Crobat|U-turn|p2a: Arcanine
|-crit|p2a: Arcanine
|-resisted|p2a: Arcanine
|-damage|p2a: Arcanine|343\/383
|-damage|p1a: Crobat|311\/373|[from] item: Rocky Helmet|[of] p2a: Arcanine
|
|switch|p1a: Blissey|Blissey, F|714\/714
|-damage|p1a: Blissey|625\/714|[from] Spikes
|
|-heal|p1a: Blissey|669\/714|[from] item: Leftovers
|turn|29
|
|switch|p2a: Jirachi|Jirachi|336\/403
|move|p1a: Blissey|Wish|p1a: Blissey
|
|-heal|p1a: Blissey|713\/714|[from] item: Leftovers
|turn|30
|
|switch|p1a: Aggron|Aggron-Mega, M|258\/344
|-damage|p1a: Aggron|215\/344|[from] Spikes
|move|p2a: Jirachi|Trick|p1a: Aggron
|-fail|p1a: Aggron
|
|-heal|p1a: Aggron|344\/344|[from] move: Wish|[wisher] Blissey
|turn|31
|
|switch|p2a: Arcanine|Arcanine, M|343\/383
|-ability|p2a: Arcanine|Intimidate|[of] p1a: Aggron
|-unboost|p1a: Aggron|atk|1
|move|p1a: Aggron|Stealth Rock|p2a: Arcanine
|-sidestart|p2: hanjiplayer|move: Stealth Rock
|
|turn|32
|
|switch|p1a: Alomomola|Alomomola, F|533\/533 brn
|-damage|p1a: Alomomola|467\/533 brn|[from] Spikes
|move|p2a: Arcanine|Will-O-Wisp|p1a: Alomomola
|-fail|p1a: Alomomola|brn
|
|-damage|p1a: Alomomola|401\/533 brn|[from] brn
|turn|33
|
|switch|p2a: Toxicroak|Toxicroak, F|335\/335
|-damage|p2a: Toxicroak|315\/335|[from] Stealth Rock
|switch|p1a: Crobat|Crobat, M|311\/373
|
|-heal|p1a: Crobat|334\/373|[from] item: Black Sludge
|turn|34
|
|switch|p2a: Jirachi|Jirachi|336\/403
|-damage|p2a: Jirachi|311\/403|[from] Stealth Rock
|move|p1a: Crobat|Brave Bird|p2a: Jirachi
|-resisted|p2a: Jirachi
|-damage|p2a: Jirachi|250\/403
|-damage|p1a: Crobat|314\/373|[from] recoil|[of] p2a: Jirachi
|
|-heal|p1a: Crobat|337\/373|[from] item: Black Sludge
|turn|35
|
|move|p2a: Jirachi|Stealth Rock|p1a: Crobat
|-sidestart|p1: Mega Ridley|move: Stealth Rock
|move|p1a: Crobat|U-turn|p2a: Jirachi
|-damage|p2a: Jirachi|197\/403
|
|switch|p1a: Aggron|Aggron-Mega, M|344\/344
|-damage|p1a: Aggron|323\/344|[from] Stealth Rock
|-damage|p1a: Aggron|280\/344|[from] Spikes
|
|turn|36
|
|switch|p2a: Chesnaught|Chesnaught, F|380\/380
|-damage|p2a: Chesnaught|357\/380|[from] Stealth Rock
|move|p1a: Aggron|Roar|p2a: Chesnaught
|drag|p2a: Arcanine|Arcanine, M|343\/383
|-damage|p2a: Arcanine|248\/383|[from] Stealth Rock
|-ability|p2a: Arcanine|Intimidate|[of] p1a: Aggron
|-unboost|p1a: Aggron|atk|1
|
|turn|37
|
|move|p2a: Arcanine|Morning Sun|p2a: Arcanine
|-heal|p2a: Arcanine|383\/383
|move|p1a: Aggron|Roar|p2a: Arcanine
|drag|p2a: Chesnaught|Chesnaught, F|357\/380
|-damage|p2a: Chesnaught|334\/380|[from] Stealth Rock
|
|turn|38
|
|switch|p1a: Crobat|Crobat, M|337\/373
|-damage|p1a: Crobat|244\/373|[from] Stealth Rock
|move|p2a: Chesnaught|Leech Seed|p1a: Crobat
|-start|p1a: Crobat|move: Leech Seed
|
|-heal|p1a: Crobat|267\/373|[from] item: Black Sludge
|-damage|p1a: Crobat|221\/373|[from] Leech Seed|[of] p2a: Chesnaught
|-heal|p2a: Chesnaught|380\/380|[silent]
|turn|39
|
|switch|p2a: Jirachi|Jirachi|197\/403
|-damage|p2a: Jirachi|172\/403|[from] Stealth Rock
|move|p1a: Crobat|Defog|p2a: Jirachi
|-unboost|p2a: Jirachi|evasion|1
|-sideend|p2: hanjiplayer|Stealth Rock|[from] move: Defog|[of] p2a: Jirachi
|-sideend|p1: Mega Ridley|Spikes|[from] move: Defog|[of] p1a: Crobat
|-sideend|p1: Mega Ridley|Stealth Rock|[from] move: Defog|[of] p1a: Crobat
|
|-heal|p1a: Crobat|244\/373|[from] item: Black Sludge
|-damage|p1a: Crobat|198\/373|[from] Leech Seed|[of] p2a: Jirachi
|-heal|p2a: Jirachi|218\/403|[silent]
|turn|40
|
|switch|p1a: Aggron|Aggron-Mega, M|280\/344
|move|p2a: Jirachi|Iron Head|p1a: Aggron
|-resisted|p1a: Aggron
|-damage|p1a: Aggron|261\/344
|
|turn|41
|
|switch|p2a: Chesnaught|Chesnaught, F|380\/380
|move|p1a: Aggron|Stealth Rock|p2a: Chesnaught
|-sidestart|p2: hanjiplayer|move: Stealth Rock
|
|turn|42
|
|switch|p1a: Celebi|Celebi|320\/341
|move|p2a: Chesnaught|Spikes|p1a: Celebi
|-sidestart|p1: Mega Ridley|Spikes
|
|-heal|p1a: Celebi|341\/341|[from] item: Leftovers
|turn|43
|
|switch|p2a: Goodra|Goodra, M|383\/383
|-damage|p2a: Goodra|336\/383|[from] Stealth Rock
|move|p1a: Celebi|Swords Dance|p1a: Celebi
|-boost|p1a: Celebi|atk|2
|
|turn|44
|c|âhanjiplayer|lag test
|
|switch|p2a: Arcanine|Arcanine, M|383\/383
|-damage|p2a: Arcanine|288\/383|[from] Stealth Rock
|-ability|p2a: Arcanine|Intimidate|[of] p1a: Celebi
|-unboost|p1a: Celebi|atk|1
|move|p1a: Celebi|Zen Headbutt|p2a: Arcanine
|-damage|p2a: Arcanine|143\/383
|-damage|p1a: Celebi|285\/341|[from] item: Rocky Helmet|[of] p2a: Arcanine
|
|-heal|p1a: Celebi|306\/341|[from] item: Leftovers
|turn|45
|
|move|p1a: Celebi|Zen Headbutt|p2a: Arcanine
|-damage|p2a: Arcanine|0 fnt
|-damage|p1a: Celebi|250\/341|[from] item: Rocky Helmet|[of] p2a: Arcanine
|faint|p2a: Arcanine
|
|-heal|p1a: Celebi|271\/341|[from] item: Leftovers
|c|âMega Ridley|Yes!
|c|âhanjiplayer|well rolls don't like me today
|c|âhanjiplayer|for some reason I forgot this was physical
|c|âhanjiplayer|should've switched straight
|c|âhanjiplayer|lol
|
|switch|p2a: Jirachi|Jirachi|218\/403
|-damage|p2a: Jirachi|193\/403|[from] Stealth Rock
|turn|46
|
|switch|p1a: Alomomola|Alomomola, F|533\/533 brn
|-damage|p1a: Alomomola|467\/533 brn|[from] Spikes
|move|p2a: Jirachi|Trick|p1a: Alomomola
|-activate|p2a: Jirachi|move: Trick|[of] p1a: Alomomola
|-item|p1a: Alomomola|Choice Scarf|[from] move: Trick
|-item|p2a: Jirachi|Rocky Helmet|[from] move: Trick
|
|-damage|p1a: Alomomola|401\/533 brn|[from] brn
|turn|47
|c|âMega Ridley|nice play!
|
|switch|p2a: Chesnaught|Chesnaught, F|380\/380
|-damage|p2a: Chesnaught|357\/380|[from] Stealth Rock
|move|p1a: Alomomola|Wish|p1a: Alomomola
|
|-damage|p1a: Alomomola|335\/533 brn|[from] brn
|turn|48
|c|âhanjiplayer|well I was predicting sucker, but thanks I guess
|
|switch|p1a: Crobat|Crobat, M|198\/373
|switch|p2a: Jirachi|Jirachi|193\/403
|-damage|p2a: Jirachi|168\/403|[from] Stealth Rock
|
|-heal|p1a: Crobat|373\/373|[from] move: Wish|[wisher] Alomomola
|turn|49
|
|move|p1a: Crobat|U-turn|p2a: Jirachi
|-damage|p2a: Jirachi|115\/403
|-damage|p1a: Crobat|311\/373|[from] item: Rocky Helmet|[of] p2a: Jirachi
|
|switch|p1a: Aggron|Aggron-Mega, M|261\/344
|-damage|p1a: Aggron|218\/344|[from] Spikes
|move|p2a: Jirachi|Stealth Rock|p1a: Aggron
|-sidestart|p1: Mega Ridley|move: Stealth Rock
|
|turn|50
|
|switch|p2a: Chesnaught|Chesnaught, F|357\/380
|-damage|p2a: Chesnaught|334\/380|[from] Stealth Rock
|move|p1a: Aggron|Roar|p2a: Chesnaught
|drag|p2a: Toxicroak|Toxicroak, F|315\/335
|-damage|p2a: Toxicroak|295\/335|[from] Stealth Rock
|
|turn|51
|
|switch|p2a: Chesnaught|Chesnaught, F|334\/380
|-damage|p2a: Chesnaught|311\/380|[from] Stealth Rock
|switch|p1a: Crobat|Crobat, M|311\/373
|-damage|p1a: Crobat|218\/373|[from] Stealth Rock
|
|-heal|p1a: Crobat|241\/373|[from] item: Black Sludge
|turn|52
|
|switch|p2a: Jirachi|Jirachi|115\/403
|-damage|p2a: Jirachi|90\/403|[from] Stealth Rock
|move|p1a: Crobat|Defog|p2a: Jirachi
|-unboost|p2a: Jirachi|evasion|1
|-sideend|p2: hanjiplayer|Stealth Rock|[from] move: Defog|[of] p2a: Jirachi
|-sideend|p1: Mega Ridley|Spikes|[from] move: Defog|[of] p1a: Crobat
|-sideend|p1: Mega Ridley|Stealth Rock|[from] move: Defog|[of] p1a: Crobat
|
|-heal|p1a: Crobat|264\/373|[from] item: Black Sludge
|turn|53
|
|move|p1a: Crobat|Brave Bird|p2a: Jirachi
|-resisted|p2a: Jirachi
|-damage|p2a: Jirachi|21\/403
|-damage|p1a: Crobat|202\/373|[from] item: Rocky Helmet|[of] p2a: Jirachi
|-damage|p1a: Crobat|179\/373|[from] recoil|[of] p2a: Jirachi
|move|p2a: Jirachi|Stealth Rock|p1a: Crobat
|-sidestart|p1: Mega Ridley|move: Stealth Rock
|
|-heal|p1a: Crobat|202\/373|[from] item: Black Sludge
|turn|54
|
|move|p1a: Crobat|Roost|p1a: Crobat
|-heal|p1a: Crobat|373\/373
|move|p2a: Jirachi|Stealth Rock|p1a: Crobat
|-fail|p1a: Crobat
|
|turn|55
|
|move|p1a: Crobat|Defog|p2a: Jirachi
|-unboost|p2a: Jirachi|evasion|1
|-sideend|p1: Mega Ridley|Stealth Rock|[from] move: Defog|[of] p1a: Crobat
|move|p2a: Jirachi|Iron Head|p1a: Crobat
|-damage|p1a: Crobat|276\/373
|
|-heal|p1a: Crobat|299\/373|[from] item: Black Sludge
|turn|56
|c|âhanjiplayer|wow
|c|âhanjiplayer|the predictions are real
|
|move|p1a: Crobat|Brave Bird|p2a: Jirachi
|-resisted|p2a: Jirachi
|-damage|p2a: Jirachi|0 fnt
|-damage|p1a: Crobat|237\/373|[from] item: Rocky Helmet|[of] p2a: Jirachi
|-damage|p1a: Crobat|230\/373|[from] recoil|[of] p2a: Jirachi
|faint|p2a: Jirachi
|
|-heal|p1a: Crobat|253\/373|[from] item: Black Sludge
|
|switch|p2a: Starmie|Starmie|235\/261
|turn|57
|
|move|p1a: Crobat|U-turn|p2a: Starmie
|-supereffective|p2a: Starmie
|-damage|p2a: Starmie|121\/261
|
|switch|p1a: Blissey|Blissey, F|713\/714
|move|p2a: Starmie|Psyshock|p1a: Blissey
|-damage|p1a: Blissey|452\/714
|-damage|p2a: Starmie|95\/261|[from] item: Life Orb
|
|-heal|p1a: Blissey|496\/714|[from] item: Leftovers
|turn|58
|
|switch|p2a: Toxicroak|Toxicroak, F|295\/335
|move|p1a: Blissey|Wish|p1a: Blissey
|
|-heal|p1a: Blissey|540\/714|[from] item: Leftovers
|turn|59
|
|switch|p2a: Goodra|Goodra, M|336\/383
|switch|p1a: Aggron|Aggron-Mega, M|218\/344
|
|-heal|p1a: Aggron|344\/344|[from] move: Wish|[wisher] Blissey
|turn|60
|c|âhanjiplayer|lag test
|
|switch|p2a: Starmie|Starmie|95\/261
|switch|p1a: Blissey|Blissey, F|540\/714
|
|-heal|p1a: Blissey|584\/714|[from] item: Leftovers
|turn|61
|
|switch|p2a: Toxicroak|Toxicroak, F|295\/335
|move|p1a: Blissey|Wish|p1a: Blissey
|
|-heal|p1a: Blissey|628\/714|[from] item: Leftovers
|turn|62
|
|switch|p1a: Crobat|Crobat, M|253\/373
|move|p2a: Toxicroak|Swords Dance|p2a: Toxicroak
|-boost|p2a: Toxicroak|atk|2
|
|-heal|p1a: Crobat|373\/373|[from] move: Wish|[wisher] Blissey
|turn|63
|
|move|p2a: Toxicroak|Sucker Punch|p1a: Crobat
|-damage|p1a: Crobat|88\/373
|-damage|p2a: Toxicroak|262\/335|[from] item: Life Orb
|move|p1a: Crobat|Brave Bird|p2a: Toxicroak
|-supereffective|p2a: Toxicroak
|-damage|p2a: Toxicroak|0 fnt
|-damage|p1a: Crobat|2\/373|[from] recoil|[of] p2a: Toxicroak
|faint|p2a: Toxicroak
|
|-heal|p1a: Crobat|25\/373|[from] item: Black Sludge
|
|switch|p2a: Goodra|Goodra, M|336\/383
|turn|64
|c|âhanjiplayer|well fuck rolls I don't even
|
|switch|p1a: Blissey|Blissey, F|628\/714
|move|p2a: Goodra|Draco Meteor|p1a: Blissey
|-damage|p1a: Blissey|456\/714
|-unboost|p2a: Goodra|spa|2
|
|-heal|p1a: Blissey|500\/714|[from] item: Leftovers
|turn|65
|
|switch|p2a: Chesnaught|Chesnaught, F|311\/380
|switch|p1a: Crobat|Crobat, M|25\/373
|
|-heal|p1a: Crobat|48\/373|[from] item: Black Sludge
|turn|66
|c|âhanjiplayer|gg
|-message|hanjiplayer forfeited.
|c|âMega Ridley|gg
|leave|hanjiplayer
|
|win|Mega Ridley
|raw|Ladder updating...
|player|p2
|raw|Mega Ridley's rating: 1442 &rarr; <strong>1464<\/strong><br \/>(+22 for winning)
|raw|hanjiplayer's rating: 1473 &rarr; <strong>1451<\/strong><br \/>(-22 for losing)