|join|Heavyseraphin
|join|bewww
|player|p1|Heavyseraphin|161
|player|p2|bewww|159
|gametype|singles
|gen|6
|tier|ORAS OU
|rated
|rule|Sleep Clause Mod: Limit one foe put to sleep
|rule|Species Clause: Limit one of each PokÃ©mon
|rule|OHKO Clause: OHKO moves are banned
|rule|Moody Clause: Moody is banned
|rule|Evasion Moves Clause: Evasion moves are banned
|rule|Endless Battle Clause: Forcing endless battles is banned
|rule|HP Percentage Mod: HP is shown in percentages
|clearpoke
|poke|p1|Salamence, F
|poke|p1|Rotom-Wash
|poke|p1|Scolipede, F, shiny
|poke|p1|Heatran, F, shiny
|poke|p1|Latios, M, shiny
|poke|p1|Bisharp, M, shiny
|poke|p2|Amoonguss, F
|poke|p2|Tyranitar, F
|poke|p2|Excadrill, M
|poke|p2|Gyarados, F
|poke|p2|Azumarill, F
|poke|p2|Talonflame, M
|rule|Swagger Clause: Swagger is banned
|rule|Baton Pass Clause: Limit one PokÃ©mon knowing Baton Pass
|teampreview
|
|start
|switch|p1a: Rotom-Wash|Rotom-Wash|304\/304
|switch|p2a: Gyarados|Gyarados, F|332\/332
|-ability|p2a: Gyarados|Intimidate|[of] p1a: Rotom-Wash
|-unboost|p1a: Rotom-Wash|atk|1
|turn|1
|
|detailschange|p2a: Gyarados|Gyarados-Mega, F
|message|Gyarados has Mega Evolved into Mega Gyarados!
|-ability|p2a: Gyarados|Mold Breaker
|move|p1a: Rotom-Wash|Trick|p2a: Gyarados
|-fail|p2a: Gyarados
|move|p2a: Gyarados|Dragon Dance|p2a: Gyarados
|-boost|p2a: Gyarados|atk|1
|-boost|p2a: Gyarados|spe|1
|
|turn|2
|
|switch|p1a: Scolipede|Scolipede, F, shiny|261\/261
|move|p2a: Gyarados|Earthquake|p1a: Scolipede
|-damage|p1a: Scolipede|101\/261
|
|turn|3
|
|move|p2a: Gyarados|Waterfall|p1a: Scolipede
|-damage|p1a: Scolipede|0 fnt
|faint|p1a: Scolipede
|
|
|switch|p1a: Heatran|Heatran, F, shiny|386\/386
|-item|p1a: Heatran|Air Balloon
|turn|4
|
|move|p2a: Gyarados|Waterfall|p1a: Heatran
|-supereffective|p1a: Heatran
|-damage|p1a: Heatran|14\/386
|-enditem|p1a: Heatran|Air Balloon
|move|p1a: Heatran|Roar|p2a: Gyarados
|drag|p2a: Excadrill|Excadrill, M|362\/362
|-item|p2a: Excadrill|Air Balloon
|
|turn|5
|
|switch|p2a: Tyranitar|Tyranitar, F|404\/404
|-weather|Sandstorm
|move|p1a: Heatran|Stealth Rock|p2a: Tyranitar
|-sidestart|p2: bewww|move: Stealth Rock
|
|-weather|Sandstorm|[upkeep]
|turn|6
|
|move|p1a: Heatran|Lava Plume|p2a: Tyranitar
|-resisted|p2a: Tyranitar
|-damage|p2a: Tyranitar|366\/404
|move|p2a: Tyranitar|Stealth Rock|p1a: Heatran
|-sidestart|p1: Heavyseraphin|move: Stealth Rock
|
|-weather|Sandstorm|[upkeep]
|turn|7
|
|move|p1a: Heatran|Lava Plume|p2a: Tyranitar
|-resisted|p2a: Tyranitar
|-damage|p2a: Tyranitar|328\/404
|move|p2a: Tyranitar|Dark Pulse|p1a: Heatran
|-damage|p1a: Heatran|0 fnt
|faint|p1a: Heatran
|
|-weather|Sandstorm|[upkeep]
|
|switch|p1a: Salamence|Salamence, F|331\/331
|-damage|p1a: Salamence|249\/331|[from] Stealth Rock
|-ability|p1a: Salamence|Intimidate|[of] p2a: Tyranitar
|-unboost|p2a: Tyranitar|atk|1
|turn|8
|
|detailschange|p1a: Salamence|Salamence-Mega, F
|message|Salamence has Mega Evolved into Mega Salamence!
|move|p1a: Salamence|Dragon Dance|p1a: Salamence
|-boost|p1a: Salamence|atk|1
|-boost|p1a: Salamence|spe|1
|move|p2a: Tyranitar|Ice Beam|p1a: Salamence
|-supereffective|p1a: Salamence
|-damage|p1a: Salamence|0 fnt
|faint|p1a: Salamence
|
|-weather|Sandstorm|[upkeep]
|
|switch|p1a: Rotom-Wash|Rotom-Wash|304\/304
|-damage|p1a: Rotom-Wash|266\/304|[from] Stealth Rock
|turn|9
|
|move|p1a: Rotom-Wash|Hydro Pump|p2a: Tyranitar
|-supereffective|p2a: Tyranitar
|-damage|p2a: Tyranitar|136\/404
|move|p2a: Tyranitar|Dark Pulse|p1a: Rotom-Wash
|-damage|p1a: Rotom-Wash|137\/304
|
|-weather|Sandstorm|[upkeep]
|-damage|p1a: Rotom-Wash|118\/304|[from] sandstorm
|turn|10
|
|switch|p2a: Amoonguss|Amoonguss, F|432\/432
|-damage|p2a: Amoonguss|378\/432|[from] Stealth Rock
|move|p1a: Rotom-Wash|Hydro Pump|p2a: Amoonguss
|-resisted|p2a: Amoonguss
|-damage|p2a: Amoonguss|309\/432
|
|-weather|Sandstorm|[upkeep]
|-damage|p1a: Rotom-Wash|99\/304|[from] sandstorm
|-damage|p2a: Amoonguss|282\/432|[from] sandstorm
|-heal|p2a: Amoonguss|309\/432|[from] item: Black Sludge
|turn|11
|c|âHeavyseraphin|gg
|c|âbewww|gg
|
|move|p1a: Rotom-Wash|Hydro Pump|p2a: Amoonguss|[miss]
|-miss|p1a: Rotom-Wash|p2a: Amoonguss
|move|p2a: Amoonguss|Spore|p1a: Rotom-Wash
|-status|p1a: Rotom-Wash|slp
|
|-weather|Sandstorm|[upkeep]
|-damage|p1a: Rotom-Wash|80\/304 slp|[from] sandstorm
|-damage|p2a: Amoonguss|282\/432|[from] sandstorm
|-heal|p2a: Amoonguss|309\/432|[from] item: Black Sludge
|turn|12
|
|switch|p2a: Gyarados|Gyarados-Mega, F|332\/332
|-damage|p2a: Gyarados|291\/332|[from] Stealth Rock
|-ability|p2a: Gyarados|Mold Breaker
|cant|p1a: Rotom-Wash|slp
|
|-weather|none
|turn|13
|
|switch|p1a: Latios|Latios, M, shiny|302\/302
|-damage|p1a: Latios|265\/302|[from] Stealth Rock
|move|p2a: Gyarados|Dragon Dance|p2a: Gyarados
|-boost|p2a: Gyarados|atk|1
|-boost|p2a: Gyarados|spe|1
|
|turn|14
|
|move|p2a: Gyarados|Ice Fang|p1a: Latios
|-supereffective|p1a: Latios
|-damage|p1a: Latios|0 fnt
|faint|p1a: Latios
|
|-message|Heavyseraphin forfeited.
|
|win|bewww
|raw|Ladder updating...
|leave|Heavyseraphin
|player|p1