|join|bewww
|join|billum
|player|p1|bewww|159
|player|p2|billum|247
|gametype|singles
|gen|6
|tier|ORAS OU
|rated
|rule|Sleep Clause Mod: Limit one foe put to sleep
|rule|Species Clause: Limit one of each PokÃ©mon
|rule|OHKO Clause: OHKO moves are banned
|rule|Moody Clause: Moody is banned
|rule|Evasion Moves Clause: Evasion moves are banned
|rule|Endless Battle Clause: Forcing endless battles is banned
|rule|HP Percentage Mod: HP is shown in percentages
|clearpoke
|poke|p1|Umbreon, M
|poke|p1|Sylveon, M
|poke|p1|Greninja, M
|poke|p1|Togekiss, M
|poke|p1|Garchomp, F
|poke|p1|Gyarados, F
|poke|p2|Salamence, M
|poke|p2|Celebi
|poke|p2|Rotom-Wash
|poke|p2|Terrakion
|poke|p2|Heatran, M
|poke|p2|Skarmory, F
|rule|Swagger Clause: Swagger is banned
|rule|Baton Pass Clause: Limit one PokÃ©mon knowing Baton Pass
|teampreview
|
|start
|switch|p1a: Sylveon|Sylveon, M|394\/394
|switch|p2a: Rotom-Wash|Rotom-Wash|304\/304
|turn|1
|
|move|p2a: Rotom-Wash|Will-O-Wisp|p1a: Sylveon
|-status|p1a: Sylveon|brn
|move|p1a: Sylveon|Hyper Voice|p2a: Rotom-Wash
|-damage|p2a: Rotom-Wash|25\/304
|
|-heal|p2a: Rotom-Wash|44\/304|[from] item: Leftovers
|-damage|p1a: Sylveon|345\/394 brn|[from] brn
|turn|2
|
|switch|p2a: Heatran|Heatran, M|323\/323
|-item|p2a: Heatran|Air Balloon
|move|p1a: Sylveon|Hyper Voice|p2a: Heatran
|-resisted|p2a: Heatran
|-damage|p2a: Heatran|253\/323
|-enditem|p2a: Heatran|Air Balloon
|
|-damage|p1a: Sylveon|296\/394 brn|[from] brn
|turn|3
|
|switch|p1a: Garchomp|Garchomp, F|357\/357
|move|p2a: Heatran|Fire Blast|p1a: Garchomp|[miss]
|-miss|p2a: Heatran|p1a: Garchomp
|
|turn|4
|
|switch|p2a: Skarmory|Skarmory, F|333\/333
|move|p1a: Garchomp|Stealth Rock|p2a: Skarmory
|-sidestart|p2: billum|move: Stealth Rock
|
|turn|5
|
|move|p1a: Garchomp|Fire Blast|p2a: Skarmory
|-supereffective|p2a: Skarmory
|-damage|p2a: Skarmory|139\/333
|move|p2a: Skarmory|Defog|p1a: Garchomp
|-unboost|p1a: Garchomp|evasion|1
|-sideend|p2: billum|Stealth Rock|[from] move: Defog|[of] p2a: Skarmory
|
|turn|6
|
|switch|p2a: Rotom-Wash|Rotom-Wash|44\/304
|move|p1a: Garchomp|Fire Blast|p2a: Rotom-Wash
|-resisted|p2a: Rotom-Wash
|-damage|p2a: Rotom-Wash|13\/304
|
|-heal|p2a: Rotom-Wash|32\/304|[from] item: Leftovers
|turn|7
|
|move|p1a: Garchomp|Dragon Claw|p2a: Rotom-Wash
|-damage|p2a: Rotom-Wash|0 fnt
|faint|p2a: Rotom-Wash
|
|
|switch|p2a: Terrakion|Terrakion|323\/323
|turn|8
|
|move|p2a: Terrakion|Close Combat|p1a: Garchomp
|-damage|p1a: Garchomp|150\/357
|-damage|p2a: Terrakion|283\/323|[from] ability: Rough Skin|[of] p1a: Garchomp
|-unboost|p2a: Terrakion|def|1
|-unboost|p2a: Terrakion|spd|1
|move|p1a: Garchomp|Earthquake|p2a: Terrakion
|-supereffective|p2a: Terrakion
|-damage|p2a: Terrakion|0 fnt
|faint|p2a: Terrakion
|
|
|switch|p2a: Celebi|Celebi|404\/404
|turn|9
|
|switch|p1a: Sylveon|Sylveon, M|296\/394 brn
|move|p2a: Celebi|Psychic|p1a: Sylveon
|-damage|p1a: Sylveon|214\/394 brn
|
|-damage|p1a: Sylveon|165\/394 brn|[from] brn
|turn|10
|
|move|p2a: Celebi|U-turn|p1a: Sylveon
|-resisted|p1a: Sylveon
|-damage|p1a: Sylveon|128\/394 brn
|
|switch|p2a: Heatran|Heatran, M|253\/323
|move|p1a: Sylveon|Hyper Voice|p2a: Heatran
|-resisted|p2a: Heatran
|-damage|p2a: Heatran|178\/323
|
|-damage|p1a: Sylveon|79\/394 brn|[from] brn
|turn|11
|
|switch|p1a: Gyarados|Gyarados, F|332\/332
|-ability|p1a: Gyarados|Intimidate|[of] p2a: Heatran
|-unboost|p2a: Heatran|atk|1
|move|p2a: Heatran|Hidden Power|p1a: Gyarados
|-damage|p1a: Gyarados|257\/332
|
|turn|12
|
|switch|p2a: Skarmory|Skarmory, F|139\/333
|detailschange|p1a: Gyarados|Gyarados-Mega, F
|message|Gyarados has Mega Evolved into Mega Gyarados!
|-ability|p1a: Gyarados|Mold Breaker
|move|p1a: Gyarados|Dragon Dance|p1a: Gyarados
|-boost|p1a: Gyarados|atk|1
|-boost|p1a: Gyarados|spe|1
|
|turn|13
|
|move|p1a: Gyarados|Crunch|p2a: Skarmory
|-damage|p2a: Skarmory|0 fnt
|faint|p2a: Skarmory
|
|
|switch|p2a: Salamence|Salamence, M|393\/393
|-ability|p2a: Salamence|Intimidate|[of] p1a: Gyarados
|-unboost|p1a: Gyarados|atk|1
|turn|14
|
|detailschange|p2a: Salamence|Salamence-Mega, M
|message|Salamence has Mega Evolved into Mega Salamence!
|move|p1a: Gyarados|Dragon Dance|p1a: Gyarados
|-boost|p1a: Gyarados|atk|1
|-boost|p1a: Gyarados|spe|1
|move|p2a: Salamence|Substitute|p2a: Salamence
|-start|p2a: Salamence|Substitute
|-damage|p2a: Salamence|295\/393
|
|turn|15
|
|move|p1a: Gyarados|Crunch|p2a: Salamence
|-end|p2a: Salamence|Substitute
|move|p2a: Salamence|Dragon Dance|p2a: Salamence
|-boost|p2a: Salamence|atk|1
|-boost|p2a: Salamence|spe|1
|
|turn|16
|
|move|p1a: Gyarados|Crunch|p2a: Salamence
|-damage|p2a: Salamence|100\/393
|move|p2a: Salamence|Substitute|p2a: Salamence
|-start|p2a: Salamence|Substitute
|-damage|p2a: Salamence|2\/393
|
|turn|17
|
|move|p1a: Gyarados|Crunch|p2a: Salamence
|-end|p2a: Salamence|Substitute
|move|p2a: Salamence|Roost|p2a: Salamence
|-heal|p2a: Salamence|199\/393
|
|turn|18
|
|move|p1a: Gyarados|Crunch|p2a: Salamence
|-damage|p2a: Salamence|0 fnt
|faint|p2a: Salamence
|
|-message|billum forfeited.
|
|win|bewww
|raw|Ladder updating...
|leave|billum
|player|p2
|raw|bewww's rating: 1441 &rarr; <strong>1452<\/strong><br \/>(+11 for winning)
|raw|billum's rating: 1263 &rarr; <strong>1249<\/strong><br \/>(-14 for losing)