|join|bewww
|join|ZeroXito
|player|p1|bewww|159
|player|p2|ZeroXito|102
|gametype|singles
|gen|6
|tier|ORAS OU
|rated
|rule|Sleep Clause Mod: Limit one foe put to sleep
|rule|Species Clause: Limit one of each PokÃ©mon
|rule|OHKO Clause: OHKO moves are banned
|rule|Moody Clause: Moody is banned
|rule|Evasion Moves Clause: Evasion moves are banned
|rule|Endless Battle Clause: Forcing endless battles is banned
|rule|HP Percentage Mod: HP is shown in percentages
|clearpoke
|poke|p1|Togekiss, F
|poke|p1|Landorus-Therian, M
|poke|p1|Keldeo-Resolute
|poke|p1|Rotom-Wash
|poke|p1|Charizard, M
|poke|p1|Umbreon, F
|poke|p2|Heatran, F
|poke|p2|Latios, M
|poke|p2|Landorus, M
|poke|p2|Talonflame, M
|poke|p2|Lopunny, M
|poke|p2|Rotom-Wash
|rule|Swagger Clause: Swagger is banned
|rule|Baton Pass Clause: Limit one PokÃ©mon knowing Baton Pass
|teampreview
|
|start
|switch|p1a: Rotom-Wash|Rotom-Wash|304\/304
|switch|p2a: BUGGZ|Lopunny, M|272\/272
|turn|1
|
|switch|p1a: Landorus-Therian|Landorus-Therian, M|382\/382
|-ability|p1a: Landorus-Therian|Intimidate|[of] p2a: BUGGZ
|-unboost|p2a: BUGGZ|atk|1
|detailschange|p2a: BUGGZ|Lopunny-Mega, M
|message|Lopunny has Mega Evolved into Mega Lopunny!
|move|p2a: BUGGZ|Fake Out|p1a: Landorus-Therian
|-damage|p1a: Landorus-Therian|330\/382
|
|-heal|p1a: Landorus-Therian|353\/382|[from] item: Leftovers
|turn|2
|join|mrrager23
|
|switch|p2a: spinna|Rotom-Wash|304\/304
|switch|p1a: Keldeo-Resolute|Keldeo-Resolute|323\/323
|
|turn|3
|
|switch|p1a: Umbreon|Umbreon, F|394\/394
|move|p2a: spinna|Volt Switch|p1a: Umbreon
|-damage|p1a: Umbreon|301\/394
|
|switch|p2a: BUGGZ|Lopunny-Mega, M|272\/272
|
|-heal|p1a: Umbreon|325\/394|[from] item: Leftovers
|turn|4
|
|switch|p1a: Landorus-Therian|Landorus-Therian, M|353\/382
|-ability|p1a: Landorus-Therian|Intimidate|[of] p2a: BUGGZ
|-unboost|p2a: BUGGZ|atk|1
|move|p2a: BUGGZ|Ice Punch|p1a: Landorus-Therian
|-supereffective|p1a: Landorus-Therian
|-damage|p1a: Landorus-Therian|113\/382
|
|-heal|p1a: Landorus-Therian|136\/382|[from] item: Leftovers
|turn|5
|
|switch|p2a: spinna|Rotom-Wash|304\/304
|switch|p1a: Rotom-Wash|Rotom-Wash|304\/304
|
|turn|6
|
|move|p1a: Rotom-Wash|Volt Switch|p2a: spinna
|-damage|p2a: spinna|232\/304
|
|switch|p1a: Landorus-Therian|Landorus-Therian, M|136\/382
|-ability|p1a: Landorus-Therian|Intimidate|[of] p2a: spinna
|-unboost|p2a: spinna|atk|1
|move|p2a: spinna|Volt Switch|p1a: Landorus-Therian
|-immune|p1a: Landorus-Therian|[msg]
|
|-heal|p1a: Landorus-Therian|159\/382|[from] item: Leftovers
|turn|7
|
|switch|p2a: swaggdurus|Landorus, M|320\/320
|move|p1a: Landorus-Therian|Stealth Rock|p2a: swaggdurus
|-sidestart|p2: ZeroXito|move: Stealth Rock
|
|-heal|p1a: Landorus-Therian|182\/382|[from] item: Leftovers
|turn|8
|leave|mrrager23
|
|switch|p1a: Umbreon|Umbreon, F|325\/394
|move|p2a: swaggdurus|Gravity|p2a: swaggdurus
|-fieldstart|move: Gravity
|
|-heal|p1a: Umbreon|349\/394|[from] item: Leftovers
|turn|9
|
|move|p1a: Umbreon|Protect|p1a: Umbreon
|-singleturn|p1a: Umbreon|Protect
|move|p2a: swaggdurus|Focus Blast|p1a: Umbreon
|-activate|p1a: Umbreon|Protect
|
|-heal|p1a: Umbreon|373\/394|[from] item: Leftovers
|turn|10
|
|move|p2a: swaggdurus|Earth Power|p1a: Umbreon
|-damage|p1a: Umbreon|208\/394
|move|p1a: Umbreon|Foul Play|p2a: swaggdurus
|-damage|p2a: swaggdurus|179\/320
|
|-heal|p1a: Umbreon|232\/394|[from] item: Leftovers
|turn|11
|
|move|p1a: Umbreon|Protect|p1a: Umbreon
|-singleturn|p1a: Umbreon|Protect
|move|p2a: swaggdurus|Focus Blast|p1a: Umbreon
|-activate|p1a: Umbreon|Protect
|
|-heal|p1a: Umbreon|256\/394|[from] item: Leftovers
|turn|12
|join|ZiggaMan100
|
|switch|p1a: Togekiss|Togekiss, F|312\/312
|move|p2a: swaggdurus|Focus Blast|p1a: Togekiss
|-resisted|p1a: Togekiss
|-damage|p1a: Togekiss|267\/312
|
|-fieldend|move: Gravity
|turn|13
|
|switch|p2a: spinna|Rotom-Wash|232\/304
|-damage|p2a: spinna|194\/304|[from] Stealth Rock
|move|p1a: Togekiss|Dazzling Gleam|p2a: spinna
|-damage|p2a: spinna|86\/304
|
|turn|14
|
|move|p1a: Togekiss|Dazzling Gleam|p2a: spinna
|-crit|p2a: spinna
|-damage|p2a: spinna|0 fnt
|faint|p2a: spinna
|
|
|switch|p2a: BUGGZ|Lopunny-Mega, M|272\/272
|-damage|p2a: BUGGZ|255\/272|[from] Stealth Rock
|turn|15
|
|move|p1a: Togekiss|Dazzling Gleam|p2a: BUGGZ
|-supereffective|p2a: BUGGZ
|-damage|p2a: BUGGZ|0 fnt
|faint|p2a: BUGGZ
|
|
|switch|p2a: nova|Talonflame, M|360\/360
|-damage|p2a: nova|180\/360|[from] Stealth Rock
|turn|16
|
|switch|p1a: Rotom-Wash|Rotom-Wash|304\/304
|move|p2a: nova|Brave Bird|p1a: Rotom-Wash
|-crit|p1a: Rotom-Wash
|-resisted|p1a: Rotom-Wash
|-damage|p1a: Rotom-Wash|166\/304
|-damage|p2a: nova|134\/360|[from] recoil|[of] p1a: Rotom-Wash
|
|-heal|p1a: Rotom-Wash|185\/304|[from] item: Leftovers
|turn|17
|
|move|p2a: nova|Brave Bird|p1a: Rotom-Wash
|-resisted|p1a: Rotom-Wash
|-damage|p1a: Rotom-Wash|91\/304
|-damage|p2a: nova|103\/360|[from] recoil|[of] p1a: Rotom-Wash
|move|p1a: Rotom-Wash|Volt Switch|p2a: nova
|-supereffective|p2a: nova
|-damage|p2a: nova|0 fnt
|faint|p2a: nova
|
|switch|p1a: Landorus-Therian|Landorus-Therian, M|182\/382
|
|-heal|p1a: Landorus-Therian|205\/382|[from] item: Leftovers
|
|switch|p2a: got me breathin wi|Latios, M|302\/302
|-damage|p2a: got me breathin wi|265\/302|[from] Stealth Rock
|turn|18
|
|switch|p1a: Umbreon|Umbreon, F|256\/394
|move|p2a: got me breathin wi|Psychic|p1a: Umbreon
|-immune|p1a: Umbreon|[msg]
|
|-heal|p1a: Umbreon|280\/394|[from] item: Leftovers
|turn|19
|
|switch|p2a: swaggdurus|Landorus, M|179\/320
|-damage|p2a: swaggdurus|139\/320|[from] Stealth Rock
|move|p1a: Umbreon|Foul Play|p2a: swaggdurus
|-damage|p2a: swaggdurus|7\/320
|
|-heal|p1a: Umbreon|304\/394|[from] item: Leftovers
|turn|20
|
|move|p2a: swaggdurus|Gravity|p2a: swaggdurus
|-fieldstart|move: Gravity
|move|p1a: Umbreon|Foul Play|p2a: swaggdurus
|-damage|p2a: swaggdurus|0 fnt
|faint|p2a: swaggdurus
|
|-heal|p1a: Umbreon|328\/394|[from] item: Leftovers
|-message|ZeroXito forfeited.
|
|win|bewww
|raw|Ladder updating...
|leave|ZeroXito
|player|p2
|raw|bewww's rating: 1441 &rarr; <strong>1456<\/strong><br \/>(+15 for winning)
|raw|ZeroXito's rating: 1357 &rarr; <strong>1342<\/strong><br \/>(-15 for losing)