|join|Hoodatiz
|join|bewww
|player|p1|Hoodatiz|283
|player|p2|bewww|159
|gametype|singles
|gen|6
|tier|ORAS OU
|rated
|rule|Sleep Clause Mod: Limit one foe put to sleep
|rule|Species Clause: Limit one of each PokÃ©mon
|rule|OHKO Clause: OHKO moves are banned
|rule|Moody Clause: Moody is banned
|rule|Evasion Moves Clause: Evasion moves are banned
|rule|Endless Battle Clause: Forcing endless battles is banned
|rule|HP Percentage Mod: HP is shown in percentages
|clearpoke
|poke|p1|Landorus-Therian, M
|poke|p1|Ferrothorn, M
|poke|p1|Azumarill, F
|poke|p1|Latias, F
|poke|p1|Magnezone
|poke|p1|Salamence, F
|poke|p2|Amoonguss, F
|poke|p2|Tyranitar, M
|poke|p2|Excadrill, M
|poke|p2|Mamoswine, F
|poke|p2|Garchomp, M
|poke|p2|Heracross, M
|rule|Swagger Clause: Swagger is banned
|rule|Baton Pass Clause: Limit one PokÃ©mon knowing Baton Pass
|teampreview
|
|start
|switch|p1a: Azumarill|Azumarill, F|401\/401
|switch|p2a: Tyranitar|Tyranitar, M|404\/404
|-weather|Sandstorm
|turn|1
|
|switch|p2a: Amoonguss|Amoonguss, F|432\/432
|move|p1a: Azumarill|Knock Off|p2a: Amoonguss
|-damage|p2a: Amoonguss|238\/432
|-enditem|p2a: Amoonguss|Black Sludge|[from] move: Knock Off|[of] p1a: Azumarill
|
|-weather|Sandstorm|[upkeep]
|-damage|p1a: Azumarill|376\/401|[from] sandstorm
|-damage|p2a: Amoonguss|211\/432|[from] sandstorm
|turn|2
|
|switch|p1a: Ferrothorn|Ferrothorn, M|352\/352
|switch|p2a: Heracross|Heracross, M|301\/301
|
|-weather|Sandstorm|[upkeep]
|-damage|p2a: Heracross|283\/301|[from] sandstorm
|turn|3
|
|switch|p1a: Landorus-Therian|Landorus-Therian, M|327\/327
|-ability|p1a: Landorus-Therian|Intimidate|[of] p2a: Heracross
|-unboost|p2a: Heracross|atk|1
|detailschange|p2a: Heracross|Heracross-Mega, M
|message|Heracross has Mega Evolved into Mega Heracross!
|move|p2a: Heracross|Close Combat|p1a: Landorus-Therian
|-resisted|p1a: Landorus-Therian
|-damage|p1a: Landorus-Therian|224\/327
|-unboost|p2a: Heracross|def|1
|-unboost|p2a: Heracross|spd|1
|
|-weather|Sandstorm|[upkeep]
|-damage|p2a: Heracross|265\/301|[from] sandstorm
|turn|4
|
|switch|p2a: Amoonguss|Amoonguss, F|355\/432
|move|p1a: Landorus-Therian|U-turn|p2a: Amoonguss
|-damage|p2a: Amoonguss|244\/432
|
|switch|p1a: Salamence|Salamence, F|373\/373
|-ability|p1a: Salamence|Intimidate|[of] p2a: Amoonguss
|-unboost|p2a: Amoonguss|atk|1
|
|-weather|Sandstorm|[upkeep]
|-damage|p1a: Salamence|350\/373|[from] sandstorm
|-damage|p2a: Amoonguss|217\/432|[from] sandstorm
|turn|5
|
|switch|p2a: Mamoswine|Mamoswine, F|361\/361
|move|p1a: Salamence|Substitute|p1a: Salamence
|-start|p1a: Salamence|Substitute
|-damage|p1a: Salamence|257\/373
|
|-weather|Sandstorm|[upkeep]
|-damage|p1a: Salamence|234\/373|[from] sandstorm
|turn|6
|
|detailschange|p1a: Salamence|Salamence-Mega, F
|message|Salamence has Mega Evolved into Mega Salamence!
|move|p2a: Mamoswine|Ice Shard|p1a: Salamence
|-supereffective|p1a: Salamence
|-end|p1a: Salamence|Substitute
|-damage|p2a: Mamoswine|325\/361|[from] item: Life Orb
|move|p1a: Salamence|Return|p2a: Mamoswine
|-damage|p2a: Mamoswine|19\/361
|
|-weather|Sandstorm|[upkeep]
|-damage|p1a: Salamence|211\/373|[from] sandstorm
|turn|7
|
|switch|p1a: Ferrothorn|Ferrothorn, M|352\/352
|move|p2a: Mamoswine|Ice Shard|p1a: Ferrothorn
|-damage|p1a: Ferrothorn|290\/352
|-damage|p2a: Mamoswine|0 fnt|[from] item: Life Orb
|faint|p2a: Mamoswine
|
|-weather|Sandstorm|[upkeep]
|-heal|p1a: Ferrothorn|312\/352|[from] item: Leftovers
|
|switch|p2a: Garchomp|Garchomp, M|358\/358
|turn|8
|
|move|p2a: Garchomp|Swords Dance|p2a: Garchomp
|-boost|p2a: Garchomp|atk|2
|move|p1a: Ferrothorn|Leech Seed|p2a: Garchomp
|-start|p2a: Garchomp|move: Leech Seed
|
|-weather|none
|-heal|p1a: Ferrothorn|334\/352|[from] item: Leftovers
|-damage|p2a: Garchomp|314\/358|[from] Leech Seed|[of] p1a: Ferrothorn
|-heal|p1a: Ferrothorn|352\/352|[silent]
|turn|9
|
|move|p2a: Garchomp|Fire Fang|p1a: Ferrothorn|[miss]
|-miss|p2a: Garchomp|p1a: Ferrothorn
|move|p1a: Ferrothorn|Stealth Rock|p2a: Garchomp
|-sidestart|p2: bewww|move: Stealth Rock
|
|-damage|p2a: Garchomp|270\/358|[from] Leech Seed|[of] p1a: Ferrothorn
|turn|10
|c|âbewww|fee
|
|move|p2a: Garchomp|Fire Fang|p1a: Ferrothorn
|-supereffective|p1a: Ferrothorn
|-damage|p1a: Ferrothorn|0 fnt
|-damage|p2a: Garchomp|226\/358|[from] ability: Iron Barbs|[of] p1a: Ferrothorn
|faint|p1a: Ferrothorn
|
|
|switch|p1a: Landorus-Therian|Landorus-Therian, M|224\/327
|-ability|p1a: Landorus-Therian|Intimidate|[of] p2a: Garchomp
|-unboost|p2a: Garchomp|atk|1
|turn|11
|
|move|p1a: Landorus-Therian|U-turn|p2a: Garchomp
|-damage|p2a: Garchomp|132\/358
|-damage|p1a: Landorus-Therian|184\/327|[from] ability: Rough Skin|[of] p2a: Garchomp
|
|switch|p1a: Azumarill|Azumarill, F|376\/401
|move|p2a: Garchomp|Dragon Claw|p1a: Azumarill
|-immune|p1a: Azumarill|[msg]
|
|-damage|p2a: Garchomp|88\/358|[from] Leech Seed|[of] p1a: Azumarill
|-heal|p1a: Azumarill|401\/401|[silent]
|turn|12
|
|switch|p2a: Amoonguss|Amoonguss, F|361\/432
|-damage|p2a: Amoonguss|307\/432|[from] Stealth Rock
|switch|p1a: Landorus-Therian|Landorus-Therian, M|184\/327
|-ability|p1a: Landorus-Therian|Intimidate|[of] p2a: Amoonguss
|-unboost|p2a: Amoonguss|atk|1
|
|turn|13
|
|move|p1a: Landorus-Therian|Earthquake|p2a: Amoonguss
|-damage|p2a: Amoonguss|30\/432
|move|p2a: Amoonguss|Spore|p1a: Landorus-Therian
|-status|p1a: Landorus-Therian|slp
|
|turn|14
|
|switch|p1a: Azumarill|Azumarill, F|401\/401
|switch|p2a: Tyranitar|Tyranitar, M|404\/404
|-damage|p2a: Tyranitar|354\/404|[from] Stealth Rock
|-weather|Sandstorm
|
|-weather|Sandstorm|[upkeep]
|-damage|p1a: Azumarill|376\/401|[from] sandstorm
|turn|15
|
|move|p2a: Tyranitar|Stealth Rock|p1a: Azumarill
|-sidestart|p1: Hoodatiz|move: Stealth Rock
|move|p1a: Azumarill|Play Rough|p2a: Tyranitar
|-supereffective|p2a: Tyranitar
|-damage|p2a: Tyranitar|0 fnt
|faint|p2a: Tyranitar
|
|-weather|Sandstorm|[upkeep]
|-damage|p1a: Azumarill|351\/401|[from] sandstorm
|
|switch|p2a: Amoonguss|Amoonguss, F|174\/432
|-damage|p2a: Amoonguss|120\/432|[from] Stealth Rock
|turn|16
|
|switch|p1a: Magnezone|Magnezone|285\/285
|-damage|p1a: Magnezone|268\/285|[from] Stealth Rock
|move|p2a: Amoonguss|Giga Drain|p1a: Magnezone
|-resisted|p1a: Magnezone
|-damage|p1a: Magnezone|222\/285
|-heal|p2a: Amoonguss|143\/432|[from] drain|[of] p1a: Magnezone
|
|-weather|Sandstorm|[upkeep]
|-damage|p2a: Amoonguss|116\/432|[from] sandstorm
|turn|17
|
|switch|p2a: Excadrill|Excadrill, M|362\/362
|-damage|p2a: Excadrill|351\/362|[from] Stealth Rock
|-item|p2a: Excadrill|Air Balloon
|move|p1a: Magnezone|Hidden Power|p2a: Excadrill
|-supereffective|p2a: Excadrill
|-damage|p2a: Excadrill|143\/362
|-enditem|p2a: Excadrill|Air Balloon
|
|-weather|Sandstorm|[upkeep]
|turn|18
|
|switch|p1a: Landorus-Therian|Landorus-Therian, M|184\/327 slp
|-damage|p1a: Landorus-Therian|144\/327 slp|[from] Stealth Rock
|-ability|p1a: Landorus-Therian|Intimidate|[of] p2a: Excadrill
|-unboost|p2a: Excadrill|atk|1
|move|p2a: Excadrill|Earthquake|p1a: Landorus-Therian
|-immune|p1a: Landorus-Therian|[msg]
|
|-weather|Sandstorm|[upkeep]
|turn|19
|
|move|p2a: Excadrill|Swords Dance|p2a: Excadrill
|-boost|p2a: Excadrill|atk|2
|cant|p1a: Landorus-Therian|slp
|
|-weather|Sandstorm|[upkeep]
|turn|20
|
|move|p2a: Excadrill|Iron Head|p1a: Landorus-Therian
|-damage|p1a: Landorus-Therian|0 fnt
|faint|p1a: Landorus-Therian
|
|-weather|Sandstorm|[upkeep]
|
|switch|p1a: Azumarill|Azumarill, F|351\/401
|-damage|p1a: Azumarill|301\/401|[from] Stealth Rock
|turn|21
|
|switch|p2a: Amoonguss|Amoonguss, F|260\/432
|-damage|p2a: Amoonguss|206\/432|[from] Stealth Rock
|move|p1a: Azumarill|Aqua Jet|p2a: Amoonguss
|-resisted|p2a: Amoonguss
|-damage|p2a: Amoonguss|152\/432
|
|-weather|none
|turn|22
|
|switch|p1a: Magnezone|Magnezone|222\/285
|-damage|p1a: Magnezone|205\/285|[from] Stealth Rock
|move|p2a: Amoonguss|Spore|p1a: Magnezone
|-status|p1a: Magnezone|slp
|
|turn|23
|
|switch|p1a: Salamence|Salamence-Mega, F|211\/373
|-damage|p1a: Salamence|118\/373|[from] Stealth Rock
|switch|p2a: Garchomp|Garchomp, M|88\/358
|-damage|p2a: Garchomp|66\/358|[from] Stealth Rock
|
|turn|24
|
|switch|p1a: Magnezone|Magnezone|205\/285 slp
|-damage|p1a: Magnezone|188\/285 slp|[from] Stealth Rock
|move|p2a: Garchomp|Dragon Claw|p1a: Magnezone
|-resisted|p1a: Magnezone
|-damage|p1a: Magnezone|125\/285 slp
|
|turn|25
|
|cant|p1a: Magnezone|slp
|move|p2a: Garchomp|Earthquake|p1a: Magnezone
|-supereffective|p1a: Magnezone
|-damage|p1a: Magnezone|0 fnt
|faint|p1a: Magnezone
|
|
|switch|p1a: Latias|Latias, F|319\/319
|-damage|p1a: Latias|280\/319|[from] Stealth Rock
|turn|26
|
|move|p1a: Latias|Hidden Power|p2a: Garchomp
|-damage|p2a: Garchomp|0 fnt
|-damage|p1a: Latias|249\/319|[from] item: Life Orb
|faint|p2a: Garchomp
|
|
|switch|p2a: Excadrill|Excadrill, M|143\/362
|-damage|p2a: Excadrill|132\/362|[from] Stealth Rock
|turn|27
|
|move|p1a: Latias|Hidden Power|p2a: Excadrill
|-supereffective|p2a: Excadrill
|-damage|p2a: Excadrill|0 fnt
|-damage|p1a: Latias|218\/319|[from] item: Life Orb
|faint|p2a: Excadrill
|
|
|switch|p2a: Heracross|Heracross-Mega, M|265\/301
|-damage|p2a: Heracross|228\/301|[from] Stealth Rock
|turn|28
|
|move|p1a: Latias|Defog|p2a: Heracross
|-unboost|p2a: Heracross|evasion|1
|-sideend|p2: bewww|Stealth Rock|[from] move: Defog|[of] p2a: Heracross
|-sideend|p1: Hoodatiz|Stealth Rock|[from] move: Defog|[of] p1a: Latias
|move|p2a: Heracross|Pin Missile|p1a: Latias
|-supereffective|p1a: Latias
|-damage|p1a: Latias|80\/319
|-supereffective|p1a: Latias
|-damage|p1a: Latias|0 fnt
|-hitcount|p1a: Latias|2
|faint|p1a: Latias
|
|
|switch|p1a: Salamence|Salamence-Mega, F|118\/373
|turn|29
|
|move|p1a: Salamence|Return|p2a: Heracross
|-supereffective|p2a: Heracross
|-damage|p2a: Heracross|0 fnt
|faint|p2a: Heracross
|
|c|âbewww|gg
|c|âHoodatiz|gg
|
|switch|p2a: Amoonguss|Amoonguss, F|296\/432
|turn|30
|
|move|p1a: Salamence|Return|p2a: Amoonguss
|-supereffective|p2a: Amoonguss
|-damage|p2a: Amoonguss|0 fnt
|faint|p2a: Amoonguss
|
|win|Hoodatiz
|raw|Ladder updating...
|raw|Hoodatiz's rating: 1547 &rarr; <strong>1556<\/strong><br \/>(+9 for winning)
|raw|bewww's rating: 1342 &rarr; <strong>1333<\/strong><br \/>(-9 for losing)