|join|bewww
|join|Aisiri
|player|p1|bewww|159
|player|p2|Aisiri|109
|gametype|singles
|gen|6
|tier|OU
|rated
|clearpoke
|poke|p1|Amoonguss, F
|poke|p1|Tyranitar, F
|poke|p1|Excadrill, F
|poke|p1|Mamoswine, F
|poke|p1|Gyarados, M
|poke|p1|Garchomp, M
|poke|p2|Azelf, shiny
|poke|p2|Bisharp, M
|poke|p2|Azumarill, M, shiny
|poke|p2|Talonflame, M
|poke|p2|Gardevoir, F
|poke|p2|Magneton, shiny
|rule|Swagger Clause: Swagger is banned
|rule|Baton Pass Clause: Limit one PokÃ©mon knowing Baton Pass
|rule|Sleep Clause Mod: Limit one foe put to sleep
|rule|Species Clause: Limit one of each PokÃ©mon
|rule|OHKO Clause: OHKO moves are banned
|rule|Moody Clause: Moody is banned
|rule|Evasion Moves Clause: Evasion moves are banned
|rule|Endless Battle Clause: Forcing endless battles is banned
|rule|HP Percentage Mod: HP is shown in percentages
|teampreview
|
|start
|switch|p1a: Tyranitar|Tyranitar, F|404\/404
|switch|p2a: 420 Blaze It|Gardevoir, F|277\/277
|-ability|p2a: 420 Blaze It|Sand Stream|[from] ability: Trace|[of] p1a: Tyranitar
|-weather|Sandstorm
|turn|1
|
|switch|p1a: Gyarados|Gyarados, M|332\/332
|-ability|p1a: Gyarados|Intimidate|[of] p2a: 420 Blaze It
|-unboost|p2a: 420 Blaze It|atk|1
|detailschange|p2a: 420 Blaze It|Gardevoir-Mega, F
|message|Gardevoir has Mega Evolved into Mega Gardevoir!
|move|p2a: 420 Blaze It|Focus Blast|p1a: Gyarados
|-resisted|p1a: Gyarados
|-damage|p1a: Gyarados|232\/332
|
|-weather|Sandstorm|[upkeep]
|-damage|p2a: 420 Blaze It|260\/277|[from] sandstorm
|-damage|p1a: Gyarados|212\/332|[from] sandstorm
|turn|2
|
|switch|p1a: Excadrill|Excadrill, F|362\/362
|-item|p1a: Excadrill|Air Balloon
|move|p2a: 420 Blaze It|Hyper Voice|p1a: Excadrill
|-resisted|p1a: Excadrill
|-damage|p1a: Excadrill|180\/362
|-enditem|p1a: Excadrill|Air Balloon
|
|-weather|Sandstorm|[upkeep]
|-damage|p2a: 420 Blaze It|243\/277|[from] sandstorm
|turn|3
|
|move|p1a: Excadrill|Iron Head|p2a: 420 Blaze It
|-supereffective|p2a: 420 Blaze It
|-damage|p2a: 420 Blaze It|0 fnt
|faint|p2a: 420 Blaze It
|
|-weather|Sandstorm|[upkeep]
|
|switch|p2a: Cheeky C*nt|Azumarill, M, shiny|364\/364
|turn|4
|
|switch|p1a: Amoonguss|Amoonguss, F|432\/432
|switch|p2a: Scrublord|Azelf, shiny|291\/291
|
|-weather|Sandstorm|[upkeep]
|-damage|p2a: Scrublord|273\/291|[from] sandstorm
|-damage|p1a: Amoonguss|405\/432|[from] sandstorm
|-heal|p1a: Amoonguss|432\/432|[from] item: Black Sludge
|turn|5
|
|move|p2a: Scrublord|Taunt|p1a: Amoonguss
|-start|p1a: Amoonguss|move: Taunt
|cant|p1a: Amoonguss|move: Taunt|Spore
|
|-weather|none
|turn|6
|
|move|p2a: Scrublord|Stealth Rock|p1a: Amoonguss
|-sidestart|p1: bewww|move: Stealth Rock
|move|p1a: Amoonguss|Giga Drain|p2a: Scrublord
|-damage|p2a: Scrublord|165\/291
|
|turn|7
|
|switch|p1a: Tyranitar|Tyranitar, F|404\/404
|-damage|p1a: Tyranitar|354\/404|[from] Stealth Rock
|-weather|Sandstorm
|move|p2a: Scrublord|Explosion|p1a: Tyranitar
|-resisted|p1a: Tyranitar
|-damage|p1a: Tyranitar|210\/404
|faint|p2a: Scrublord
|
|-weather|Sandstorm|[upkeep]
|
|switch|p2a: Batty Boy|Bisharp, M|290\/290
|turn|8
|
|move|p2a: Batty Boy|Iron Head|p1a: Tyranitar
|-supereffective|p1a: Tyranitar
|-damage|p1a: Tyranitar|0 fnt
|faint|p1a: Tyranitar
|
|-weather|Sandstorm|[upkeep]
|
|switch|p1a: Garchomp|Garchomp, M|358\/358
|-damage|p1a: Garchomp|336\/358|[from] Stealth Rock
|turn|9
|
|switch|p2a: 360 no-scope|Talonflame, M|319\/319
|move|p1a: Garchomp|Earthquake|p2a: 360 no-scope
|-immune|p2a: 360 no-scope|[msg]
|
|-weather|Sandstorm|[upkeep]
|-damage|p2a: 360 no-scope|300\/319|[from] sandstorm
|turn|10
|
|move|p2a: 360 no-scope|Swords Dance|p2a: 360 no-scope
|-boost|p2a: 360 no-scope|atk|2
|move|p1a: Garchomp|Dragon Claw|p2a: 360 no-scope
|-damage|p2a: 360 no-scope|104\/319
|
|-weather|Sandstorm|[upkeep]
|-damage|p2a: 360 no-scope|85\/319|[from] sandstorm
|turn|11
|
|move|p2a: 360 no-scope|Brave Bird|p1a: Garchomp
|-damage|p1a: Garchomp|0 fnt
|-damage|p2a: 360 no-scope|46\/319|[from] ability: Rough Skin|[of] p1a: Garchomp
|-damage|p2a: 360 no-scope|0 fnt|[from] recoil|[of] p1a: Garchomp
|faint|p1a: Garchomp
|faint|p2a: 360 no-scope
|
|-weather|Sandstorm|[upkeep]
|
|switch|p1a: Excadrill|Excadrill, F|180\/362
|-damage|p1a: Excadrill|169\/362|[from] Stealth Rock
|switch|p2a: Batty Boy|Bisharp, M|290\/290
|turn|12
|
|switch|p1a: Mamoswine|Mamoswine, F|361\/361
|-damage|p1a: Mamoswine|316\/361|[from] Stealth Rock
|move|p2a: Batty Boy|Sucker Punch|p1a: Mamoswine
|-fail|p1a: Mamoswine
|
|-weather|Sandstorm|[upkeep]
|turn|13
|
|switch|p2a: Cheeky C*nt|Azumarill, M, shiny|364\/364
|move|p1a: Mamoswine|Earthquake|p2a: Cheeky C*nt
|-damage|p2a: Cheeky C*nt|62\/364
|-damage|p1a: Mamoswine|280\/361|[from] item: Life Orb
|-enditem|p2a: Cheeky C*nt|Sitrus Berry|[eat]
|-heal|p2a: Cheeky C*nt|153\/364|[from] item: Sitrus Berry
|
|-weather|Sandstorm|[upkeep]
|-damage|p2a: Cheeky C*nt|131\/364|[from] sandstorm
|turn|14
|
|switch|p1a: Amoonguss|Amoonguss, F|432\/432
|-damage|p1a: Amoonguss|378\/432|[from] Stealth Rock
|move|p2a: Cheeky C*nt|Aqua Jet|p1a: Amoonguss
|-resisted|p1a: Amoonguss
|-damage|p1a: Amoonguss|316\/432
|
|-weather|none
|-heal|p1a: Amoonguss|343\/432|[from] item: Black Sludge
|turn|15
|
|move|p2a: Cheeky C*nt|Play Rough|p1a: Amoonguss
|-resisted|p1a: Amoonguss
|-damage|p1a: Amoonguss|203\/432
|move|p1a: Amoonguss|Spore|p2a: Cheeky C*nt
|-status|p2a: Cheeky C*nt|slp
|
|-heal|p1a: Amoonguss|230\/432|[from] item: Black Sludge
|turn|16
|
|switch|p2a: Batty Boy|Bisharp, M|290\/290
|switch|p1a: Mamoswine|Mamoswine, F|280\/361
|-damage|p1a: Mamoswine|235\/361|[from] Stealth Rock
|
|turn|17
|
|switch|p2a: Cheeky C*nt|Azumarill, M, shiny|131\/364 slp
|move|p1a: Mamoswine|Earthquake|p2a: Cheeky C*nt
|-damage|p2a: Cheeky C*nt|0 fnt
|-damage|p1a: Mamoswine|199\/361|[from] item: Life Orb
|faint|p2a: Cheeky C*nt
|
|
|switch|p2a: Illuminati|Magneton, shiny|242\/242
|turn|18
|
|switch|p1a: Gyarados|Gyarados, M|212\/332
|-damage|p1a: Gyarados|129\/332|[from] Stealth Rock
|-ability|p1a: Gyarados|Intimidate|[of] p2a: Illuminati
|-unboost|p2a: Illuminati|atk|1
|move|p2a: Illuminati|Flash Cannon|p1a: Gyarados
|-resisted|p1a: Gyarados
|-damage|p1a: Gyarados|63\/332
|
|turn|19
|
|detailschange|p1a: Gyarados|Gyarados-Mega, M
|message|Gyarados has Mega Evolved into Mega Gyarados!
|-ability|p1a: Gyarados|Mold Breaker
|move|p2a: Illuminati|Flash Cannon|p1a: Gyarados
|-resisted|p1a: Gyarados
|-damage|p1a: Gyarados|8\/332
|move|p1a: Gyarados|Waterfall|p2a: Illuminati
|-damage|p2a: Illuminati|43\/242
|
|turn|20
|
|move|p2a: Illuminati|Flash Cannon|p1a: Gyarados
|-resisted|p1a: Gyarados
|-damage|p1a: Gyarados|0 fnt
|faint|p1a: Gyarados
|
|
|switch|p1a: Excadrill|Excadrill, F|169\/362
|-damage|p1a: Excadrill|158\/362|[from] Stealth Rock
|turn|21
|
|move|p2a: Illuminati|Flash Cannon|p1a: Excadrill
|-resisted|p1a: Excadrill
|-damage|p1a: Excadrill|57\/362
|move|p1a: Excadrill|Earthquake|p2a: Illuminati
|-crit|p2a: Illuminati
|-supereffective|p2a: Illuminati
|-damage|p2a: Illuminati|0 fnt
|faint|p2a: Illuminati
|
|
|switch|p2a: Batty Boy|Bisharp, M|290\/290
|turn|22
|
|move|p2a: Batty Boy|Sucker Punch|p1a: Excadrill
|-damage|p1a: Excadrill|0 fnt
|faint|p1a: Excadrill
|
|
|switch|p1a: Mamoswine|Mamoswine, F|199\/361
|-damage|p1a: Mamoswine|154\/361|[from] Stealth Rock
|turn|23
|
|move|p1a: Mamoswine|Ice Shard|p2a: Batty Boy
|-resisted|p2a: Batty Boy
|-damage|p2a: Batty Boy|241\/290
|-damage|p1a: Mamoswine|118\/361|[from] item: Life Orb
|move|p2a: Batty Boy|Sucker Punch|p1a: Mamoswine
|-fail|p1a: Mamoswine
|
|turn|24
|
|move|p1a: Mamoswine|Ice Shard|p2a: Batty Boy
|-resisted|p2a: Batty Boy
|-damage|p2a: Batty Boy|196\/290
|-damage|p1a: Mamoswine|82\/361|[from] item: Life Orb
|move|p2a: Batty Boy|Sucker Punch|p1a: Mamoswine
|-fail|p1a: Mamoswine
|
|turn|25
|
|move|p2a: Batty Boy|Sucker Punch|p1a: Mamoswine
|-damage|p1a: Mamoswine|0 fnt
|faint|p1a: Mamoswine
|
|
|switch|p1a: Amoonguss|Amoonguss, F|374\/432
|-damage|p1a: Amoonguss|320\/432|[from] Stealth Rock
|turn|26
|
|move|p2a: Batty Boy|Swords Dance|p2a: Batty Boy
|-boost|p2a: Batty Boy|atk|2
|move|p1a: Amoonguss|Clear Smog|p2a: Batty Boy
|-immune|p2a: Batty Boy|[msg]
|
|-heal|p1a: Amoonguss|347\/432|[from] item: Black Sludge
|turn|27
|
|move|p2a: Batty Boy|Knock Off|p1a: Amoonguss
|-damage|p1a: Amoonguss|0 fnt
|-enditem|p1a: Amoonguss|Black Sludge|[from] move: Knock Off|[of] p2a: Batty Boy
|faint|p1a: Amoonguss
|
|win|Aisiri
|raw|Ladder updating...
|c|âbewww|gg