|join|Furacao2000
|join|bewww
|player|p1|Furacao2000|265
|player|p2|bewww|216
|gametype|singles
|gen|6
|tier|OU
|rated
|clearpoke
|poke|p1|Aegislash, M
|poke|p1|Keldeo
|poke|p1|Deoxys-Defense
|poke|p1|Thundurus, M
|poke|p1|Pinsir, M
|poke|p1|Excadrill, M
|poke|p2|Garchomp, F
|poke|p2|Azumarill, F
|poke|p2|Charizard, M
|poke|p2|Latias, F
|poke|p2|Thundurus-Therian, M
|poke|p2|Bisharp, F
|rule|Sleep Clause Mod: Limit one foe put to sleep
|rule|Species Clause: Limit one of each Pokemon
|rule|OHKO Clause: OHKO moves are banned
|rule|Moody Clause: Moody is banned
|rule|Evasion Moves Clause: Evasion moves are banned
|rule|Endless Battle Clause: Forcing endless battles is banned.
|rule|HP Percentage Mod: HP is reported as percentages
|teampreview
|
|start
|switch|p1a: Deoxys-Defense|Deoxys-Defense|304\/304
|switch|p2a: Thundurus-Therian|Thundurus-Therian, M|300\/300
|-ability|p1a: Deoxys-Defense|Pressure
|turn|1
|
|move|p2a: Thundurus-Therian|Volt Switch|p1a: Deoxys-Defense
|-damage|p1a: Deoxys-Defense|198\/304
|-enditem|p1a: Deoxys-Defense|Red Card|[of] p2a: Thundurus-Therian
|drag|p2a: Charizard|Charizard, M|298\/298
|move|p1a: Deoxys-Defense|Taunt|p2a: Charizard
|-start|p2a: Charizard|move: Taunt
|
|turn|2
|
|-formechange|p2a: Charizard|Charizard-Mega-X
|message|Charizard has Mega Evolved into Mega Charizard!
|move|p1a: Deoxys-Defense|Stealth Rock|p2a: Charizard
|-sidestart|p2: bewww|move: Stealth Rock
|move|p2a: Charizard|Flare Blitz|p1a: Deoxys-Defense
|-damage|p1a: Deoxys-Defense|0 fnt
|-damage|p2a: Charizard|233\/298|[from] recoil|[of] p1a: Deoxys-Defense
|faint|p1a: Deoxys-Defense
|
|
|switch|p1a: Keldeo|Keldeo|323\/323
|turn|3
|
|switch|p2a: Latias|Latias, F|302\/302
|-damage|p2a: Latias|265\/302|[from] Stealth Rock
|move|p1a: Keldeo|Substitute|p1a: Keldeo
|-start|p1a: Keldeo|Substitute
|-damage|p1a: Keldeo|243\/323
|
|-heal|p1a: Keldeo|263\/323|[from] item: Leftovers
|turn|4
|
|move|p2a: Latias|Psyshock|p1a: Keldeo
|-supereffective|p1a: Keldeo
|-end|p1a: Keldeo|Substitute
|-damage|p2a: Latias|235\/302|[from] item: Life Orb
|move|p1a: Keldeo|Hydro Pump|p2a: Latias
|-resisted|p2a: Latias
|-damage|p2a: Latias|163\/302
|
|-heal|p1a: Keldeo|283\/323|[from] item: Leftovers
|turn|5
|
|switch|p1a: Aegislash|Aegislash, M|262\/262
|-item|p1a: Aegislash|Air Balloon
|move|p2a: Latias|Defog|p1a: Aegislash
|-unboost|p1a: Aegislash|evasion|1
|-sideend|p2: bewww|Stealth Rock|[from] move: Defog|[of] p2a: Latias
|
|turn|6
|
|switch|p2a: Bisharp|Bisharp, F|334\/334
|-formechange|p1a: Aegislash|Aegislash-Blade
|move|p1a: Aegislash|Shadow Sneak|p2a: Bisharp
|-resisted|p2a: Bisharp
|-damage|p2a: Bisharp|296\/334
|
|turn|7
|
|switch|p1a: Excadrill|Excadrill, M|361\/361
|-ability|p1a: Excadrill|Mold Breaker
|move|p2a: Bisharp|Knock Off|p1a: Excadrill
|-damage|p1a: Excadrill|99\/361
|-enditem|p1a: Excadrill|Choice Scarf|[from] move: Knock Off|[of] p2a: Bisharp
|
|turn|8
|
|move|p2a: Bisharp|Sucker Punch|p1a: Excadrill
|-damage|p1a: Excadrill|0 fnt
|faint|p1a: Excadrill
|
|
|switch|p1a: Thundurus|Thundurus, M|320\/320
|turn|9
|
|switch|p2a: Latias|Latias, F|163\/302
|move|p1a: Thundurus|Superpower|p2a: Latias
|-resisted|p2a: Latias
|-damage|p2a: Latias|89\/302
|-unboost|p1a: Thundurus|atk|1
|-unboost|p1a: Thundurus|def|1
|-damage|p1a: Thundurus|288\/320|[from] item: Life Orb
|
|turn|10
|
|move|p2a: Latias|Draco Meteor|p1a: Thundurus
|-damage|p1a: Thundurus|0 fnt
|-unboost|p2a: Latias|spa|2
|-damage|p2a: Latias|59\/302|[from] item: Life Orb
|faint|p1a: Thundurus
|
|
|switch|p1a: Pinsir|Pinsir, M|271\/271
|turn|11
|
|switch|p2a: Thundurus-Therian|Thundurus-Therian, M|300\/300
|-formechange|p1a: Pinsir|Pinsir-Mega
|message|Pinsir has Mega Evolved into Mega Pinsir!
|move|p1a: Pinsir|Quick Attack|p2a: Thundurus-Therian
|-resisted|p2a: Thundurus-Therian
|-damage|p2a: Thundurus-Therian|225\/300
|
|turn|12
|
|move|p2a: Thundurus-Therian|Thunderbolt|p1a: Pinsir
|-supereffective|p1a: Pinsir
|-damage|p1a: Pinsir|0 fnt
|faint|p1a: Pinsir
|
|
|switch|p1a: Aegislash|Aegislash, M|262\/262
|-item|p1a: Aegislash|Air Balloon
|turn|13
|
|switch|p2a: Bisharp|Bisharp, F|296\/334
|-formechange|p1a: Aegislash|Aegislash-Blade
|move|p1a: Aegislash|Shadow Ball|p2a: Bisharp
|-resisted|p2a: Bisharp
|-damage|p2a: Bisharp|201\/334
|
|turn|14
|
|move|p2a: Bisharp|Knock Off|p1a: Aegislash
|-supereffective|p1a: Aegislash
|-damage|p1a: Aegislash|0 fnt
|-enditem|p1a: Aegislash|Air Balloon
|faint|p1a: Aegislash
|
|
|switch|p1a: Keldeo|Keldeo|283\/323
|turn|15
|
|switch|p2a: Latias|Latias, F|59\/302
|move|p1a: Keldeo|Substitute|p1a: Keldeo
|-start|p1a: Keldeo|Substitute
|-damage|p1a: Keldeo|203\/323
|
|-heal|p1a: Keldeo|223\/323|[from] item: Leftovers
|turn|16
|
|move|p2a: Latias|Psyshock|p1a: Keldeo
|-supereffective|p1a: Keldeo
|-end|p1a: Keldeo|Substitute
|-damage|p2a: Latias|29\/302|[from] item: Life Orb
|move|p1a: Keldeo|Calm Mind|p1a: Keldeo
|-boost|p1a: Keldeo|spa|1
|-boost|p1a: Keldeo|spd|1
|
|-heal|p1a: Keldeo|243\/323|[from] item: Leftovers
|turn|17
|
|move|p2a: Latias|Psyshock|p1a: Keldeo
|-supereffective|p1a: Keldeo
|-damage|p1a: Keldeo|0 fnt
|-damage|p2a: Latias|0 fnt|[from] item: Life Orb
|faint|p1a: Keldeo
|faint|p2a: Latias
|
|win|bewww
|raw|Ladder updating...
|raw|Furacao2000's rating: 1583 &rarr; <strong>1557<\/strong><br \/>(-26 for losing)
|raw|bewww's rating: 1481 &rarr; <strong>1506<\/strong><br \/>(+25 for winning)