|join|bewww
|join|l GreyFox l
|player|p1|bewww|159
|player|p2|l GreyFox l|209
|gametype|singles
|gen|6
|tier|OU
|rated
|clearpoke
|poke|p1|Azumarill, F
|poke|p1|Landorus, M
|poke|p1|Scizor, M
|poke|p1|Venusaur, F
|poke|p1|Weavile, F
|poke|p1|Lucario, M
|poke|p2|Beedrill, M, shiny
|poke|p2|Magnezone, shiny
|poke|p2|Breloom, F, shiny
|poke|p2|Greninja, M
|poke|p2|Kyurem-Black, shiny
|poke|p2|Darmanitan, F
|rule|Swagger Clause: Swagger is banned
|rule|Baton Pass Clause: Limit one PokÃ©mon knowing Baton Pass
|rule|Sleep Clause Mod: Limit one foe put to sleep
|rule|Species Clause: Limit one of each PokÃ©mon
|rule|OHKO Clause: OHKO moves are banned
|rule|Moody Clause: Moody is banned
|rule|Evasion Moves Clause: Evasion moves are banned
|rule|Endless Battle Clause: Forcing endless battles is banned
|rule|HP Percentage Mod: HP is shown in percentages
|teampreview
|
|start
|switch|p1a: Landorus|Landorus, M|319\/319
|switch|p2a: Beedrill|Beedrill, M, shiny|272\/272
|turn|1
|
|detailschange|p2a: Beedrill|Beedrill-Mega, M, shiny
|message|Beedrill has Mega Evolved into Mega Beedrill!
|move|p1a: Landorus|Knock Off|p2a: Beedrill
|-damage|p2a: Beedrill|116\/272
|-damage|p1a: Landorus|288\/319|[from] item: Life Orb
|move|p2a: Beedrill|U-turn|p1a: Landorus
|-resisted|p1a: Landorus
|-damage|p1a: Landorus|192\/319
|
|switch|p2a: Greninja|Greninja, M|285\/285
|
|turn|2
|
|switch|p1a: Azumarill|Azumarill, F|404\/404
|move|p2a: Greninja|Ice Beam|p1a: Azumarill
|-start|p2a: Greninja|typechange|Ice|[from] Protean
|-resisted|p1a: Azumarill
|-damage|p1a: Azumarill|307\/404
|-status|p1a: Azumarill|frz
|-damage|p2a: Greninja|257\/285|[from] item: Life Orb
|
|turn|3
|c|âbewww|oo
|
|switch|p1a: Venusaur|Venusaur, F|364\/364
|move|p2a: Greninja|Gunk Shot|p1a: Venusaur|[miss]
|-start|p2a: Greninja|typechange|Poison|[from] Protean
|-miss|p2a: Greninja|p1a: Venusaur
|
|turn|4
|
|switch|p2a: Darmanitan|Darmanitan, F|351\/351
|detailschange|p1a: Venusaur|Venusaur-Mega, F
|message|Venusaur has Mega Evolved into Mega Venusaur!
|move|p1a: Venusaur|Leech Seed|p2a: Darmanitan
|-start|p2a: Darmanitan|move: Leech Seed
|
|-damage|p2a: Darmanitan|308\/351|[from] Leech Seed|[of] p1a: Venusaur
|turn|5
|
|switch|p1a: Azumarill|Azumarill, F|307\/404 frz
|move|p2a: Darmanitan|U-turn|p1a: Azumarill
|-crit|p1a: Azumarill
|-resisted|p1a: Azumarill
|-damage|p1a: Azumarill|221\/404 frz
|
|switch|p2a: Beedrill|Beedrill-Mega, M, shiny|116\/272
|
|turn|6
|
|switch|p1a: Scizor|Scizor, M|344\/344
|move|p2a: Beedrill|Poison Jab|p1a: Scizor
|-immune|p1a: Scizor|[msg]
|
|turn|7
|
|move|p2a: Beedrill|U-turn|p1a: Scizor
|-resisted|p1a: Scizor
|-damage|p1a: Scizor|257\/344
|
|switch|p2a: Magnezone|Magnezone, shiny|344\/344
|move|p1a: Scizor|U-turn|p2a: Magnezone
|-resisted|p2a: Magnezone
|-damage|p2a: Magnezone|260\/344
|
|switch|p1a: Lucario|Lucario, M|281\/281
|
|turn|8
|
|move|p1a: Lucario|Close Combat|p2a: Magnezone
|-supereffective|p2a: Magnezone
|-damage|p2a: Magnezone|0 fnt
|-unboost|p1a: Lucario|def|1
|-unboost|p1a: Lucario|spd|1
|-damage|p1a: Lucario|253\/281|[from] item: Life Orb
|faint|p2a: Magnezone
|
|
|switch|p2a: Breloom|Breloom, F, shiny|262\/262
|turn|9
|
|switch|p1a: Venusaur|Venusaur-Mega, F|364\/364
|move|p2a: Breloom|Mach Punch|p1a: Venusaur
|-resisted|p1a: Venusaur
|-damage|p1a: Venusaur|330\/364
|
|turn|10
|
|switch|p2a: Beedrill|Beedrill-Mega, M, shiny|116\/272
|move|p1a: Venusaur|Sludge Bomb|p2a: Beedrill
|-resisted|p2a: Beedrill
|-damage|p2a: Beedrill|47\/272
|
|turn|11
|
|move|p2a: Beedrill|X-Scissor|p1a: Venusaur
|-damage|p1a: Venusaur|190\/364
|move|p1a: Venusaur|Sludge Bomb|p2a: Beedrill
|-resisted|p2a: Beedrill
|-damage|p2a: Beedrill|0 fnt
|faint|p2a: Beedrill
|
|
|switch|p2a: Darmanitan|Darmanitan, F|308\/351
|turn|12
|
|switch|p1a: Azumarill|Azumarill, F|221\/404 frz
|move|p2a: Darmanitan|Flare Blitz|p1a: Azumarill
|-resisted|p1a: Azumarill
|-damage|p1a: Azumarill|59\/404 frz
|-curestatus|p1a: Azumarill|frz
|-damage|p2a: Darmanitan|255\/351|[from] recoil|[of] p1a: Azumarill
|-enditem|p1a: Azumarill|Sitrus Berry|[eat]
|-heal|p1a: Azumarill|160\/404|[from] item: Sitrus Berry
|
|turn|13
|
|move|p1a: Azumarill|Aqua Jet|p2a: Darmanitan
|-supereffective|p2a: Darmanitan
|-damage|p2a: Darmanitan|0 fnt
|faint|p2a: Darmanitan
|
|-message|l GreyFox l forfeited.
|
|win|bewww
|raw|Ladder updating...
|leave|l GreyFox l
|player|p2
|raw|bewww's rating: 1129 &rarr; <strong>1151<\/strong><br \/>(+22 for winning)
|raw|l GreyFox l's rating: 1088 &rarr; <strong>1067<\/strong><br \/>(-21 for losing)