|join|Overpower Spirit
|join|bewww
|player|p1|Overpower Spirit|54
|player|p2|bewww|265
|gametype|singles
|gen|6
|tier|OU
|rated
|clearpoke
|poke|p1|Infernape, F
|poke|p1|Kyurem-Black
|poke|p1|Gardevoir, M
|poke|p1|Starmie
|poke|p1|Landorus-Therian, M
|poke|p1|Rotom-Wash
|poke|p2|Alakazam, F
|poke|p2|Ferrothorn, M
|poke|p2|Heatran, F, shiny
|poke|p2|Granbull, M
|poke|p2|Darmanitan, F
|poke|p2|Gyarados, F
|rule|Swagger Clause: Swagger is banned
|rule|Baton Pass Clause: Limit one PokÃ©mon knowing Baton Pass
|rule|Sleep Clause Mod: Limit one foe put to sleep
|rule|Species Clause: Limit one of each PokÃ©mon
|rule|OHKO Clause: OHKO moves are banned
|rule|Moody Clause: Moody is banned
|rule|Evasion Moves Clause: Evasion moves are banned
|rule|Endless Battle Clause: Forcing endless battles is banned
|rule|HP Percentage Mod: HP is shown in percentages
|teampreview
|
|start
|switch|p1a: Rotom-Wash|Rotom-Wash|303\/303
|switch|p2a: Alakazam|Alakazam, F|252\/252
|turn|1
|
|detailschange|p2a: Alakazam|Alakazam-Mega, F
|message|Alakazam has Mega Evolved into Mega Alakazam!
|-ability|p2a: Alakazam|Levitate|[from] ability: Trace|[of] p1a: Rotom-Wash
|move|p2a: Alakazam|Energy Ball|p1a: Rotom-Wash
|-crit|p1a: Rotom-Wash
|-supereffective|p1a: Rotom-Wash
|-damage|p1a: Rotom-Wash|0 fnt
|faint|p1a: Rotom-Wash
|
|
|switch|p1a: Landorus-Therian|Landorus-Therian, M|319\/319
|-ability|p1a: Landorus-Therian|Intimidate|[of] p2a: Alakazam
|-unboost|p2a: Alakazam|atk|1
|turn|2
|
|switch|p2a: Ferrothorn|Ferrothorn, M|352\/352
|move|p1a: Landorus-Therian|U-turn|p2a: Ferrothorn
|-damage|p2a: Ferrothorn|279\/352
|-damage|p1a: Landorus-Therian|280\/319|[from] ability: Iron Barbs|[of] p2a: Ferrothorn
|
|switch|p1a: Infernape|Infernape, F|355\/355
|
|-heal|p2a: Ferrothorn|301\/352|[from] item: Leftovers
|turn|3
|
|switch|p2a: Gyarados|Gyarados, F|394\/394
|-ability|p2a: Gyarados|Intimidate|[of] p1a: Infernape
|-unboost|p1a: Infernape|atk|1
|move|p1a: Infernape|Toxic|p2a: Gyarados
|-status|p2a: Gyarados|tox
|
|-damage|p2a: Gyarados|370\/394 tox|[from] psn
|turn|4
|
|switch|p1a: Kyurem-Black|Kyurem-Black|391\/391
|-ability|p1a: Kyurem-Black|Teravolt
|move|p2a: Gyarados|Waterfall|p1a: Kyurem-Black
|-resisted|p1a: Kyurem-Black
|-damage|p1a: Kyurem-Black|332\/391
|
|-heal|p2a: Gyarados|394\/394 tox|[from] item: Leftovers
|-damage|p2a: Gyarados|346\/394 tox|[from] psn
|turn|5
|
|switch|p2a: Granbull|Granbull, M|384\/384
|-ability|p2a: Granbull|Intimidate|[of] p1a: Kyurem-Black
|-unboost|p1a: Kyurem-Black|atk|1
|move|p1a: Kyurem-Black|Ice Beam|p2a: Granbull
|-damage|p2a: Granbull|174\/384
|
|-heal|p2a: Granbull|198\/384|[from] item: Leftovers
|turn|6
|
|switch|p2a: Ferrothorn|Ferrothorn, M|301\/352
|move|p1a: Kyurem-Black|Ice Beam|p2a: Ferrothorn
|-damage|p2a: Ferrothorn|216\/352
|
|-heal|p2a: Ferrothorn|238\/352|[from] item: Leftovers
|turn|7
|
|move|p1a: Kyurem-Black|Hidden Power|p2a: Ferrothorn
|-supereffective|p2a: Ferrothorn
|-damage|p2a: Ferrothorn|86\/352
|move|p2a: Ferrothorn|Leech Seed|p1a: Kyurem-Black
|-start|p1a: Kyurem-Black|move: Leech Seed
|
|-heal|p2a: Ferrothorn|108\/352|[from] item: Leftovers
|-damage|p1a: Kyurem-Black|284\/391|[from] Leech Seed|[of] p2a: Ferrothorn
|-heal|p2a: Ferrothorn|156\/352|[silent]
|turn|8
|
|switch|p1a: Infernape|Infernape, F|355\/355
|move|p2a: Ferrothorn|Protect|p2a: Ferrothorn
|-fail|p2a: Ferrothorn
|
|-heal|p2a: Ferrothorn|178\/352|[from] item: Leftovers
|turn|9
|
|switch|p2a: Gyarados|Gyarados, F|346\/394 tox
|-ability|p2a: Gyarados|Intimidate|[of] p1a: Infernape
|-unboost|p1a: Infernape|atk|1
|move|p1a: Infernape|Close Combat|p2a: Gyarados
|-resisted|p2a: Gyarados
|-damage|p2a: Gyarados|304\/394 tox
|-unboost|p1a: Infernape|def|1
|-unboost|p1a: Infernape|spd|1
|
|-heal|p2a: Gyarados|328\/394 tox|[from] item: Leftovers
|-damage|p2a: Gyarados|304\/394 tox|[from] psn
|turn|10
|
|switch|p1a: Landorus-Therian|Landorus-Therian, M|280\/319
|-ability|p1a: Landorus-Therian|Intimidate|[of] p2a: Gyarados
|-unboost|p2a: Gyarados|atk|1
|move|p2a: Gyarados|Waterfall|p1a: Landorus-Therian
|-supereffective|p1a: Landorus-Therian
|-damage|p1a: Landorus-Therian|116\/319
|
|-heal|p2a: Gyarados|328\/394 tox|[from] item: Leftovers
|-damage|p2a: Gyarados|280\/394 tox|[from] psn
|turn|11
|
|move|p1a: Landorus-Therian|U-turn|p2a: Gyarados
|-resisted|p2a: Gyarados
|-damage|p2a: Gyarados|238\/394 tox
|
|switch|p1a: Kyurem-Black|Kyurem-Black|284\/391
|-ability|p1a: Kyurem-Black|Teravolt
|move|p2a: Gyarados|Waterfall|p1a: Kyurem-Black
|-resisted|p1a: Kyurem-Black
|-damage|p1a: Kyurem-Black|239\/391
|
|-heal|p2a: Gyarados|262\/394 tox|[from] item: Leftovers
|-damage|p2a: Gyarados|190\/394 tox|[from] psn
|turn|12
|
|switch|p2a: Ferrothorn|Ferrothorn, M|178\/352
|move|p1a: Kyurem-Black|Ice Beam|p2a: Ferrothorn
|-damage|p2a: Ferrothorn|90\/352
|
|-heal|p2a: Ferrothorn|112\/352|[from] item: Leftovers
|turn|13
|
|switch|p2a: Darmanitan|Darmanitan, F|351\/351
|move|p1a: Kyurem-Black|Hidden Power|p2a: Darmanitan
|-resisted|p2a: Darmanitan
|-damage|p2a: Darmanitan|303\/351
|
|turn|14
|
|switch|p1a: Starmie|Starmie|323\/323
|move|p2a: Darmanitan|Flare Blitz|p1a: Starmie
|-resisted|p1a: Starmie
|-damage|p1a: Starmie|167\/323
|-damage|p2a: Darmanitan|252\/351|[from] recoil|[of] p1a: Starmie
|
|-heal|p1a: Starmie|187\/323|[from] item: Leftovers
|turn|15
|
|switch|p2a: Ferrothorn|Ferrothorn, M|112\/352
|move|p1a: Starmie|Recover|p1a: Starmie
|-heal|p1a: Starmie|323\/323
|
|-heal|p2a: Ferrothorn|134\/352|[from] item: Leftovers
|turn|16
|
|move|p1a: Starmie|Reflect Type|p2a: Ferrothorn
|-start|p1a: Starmie|typechange|Grass\/Steel|[from] move: Reflect Type|[of] p2a: Ferrothorn
|move|p2a: Ferrothorn|Leech Seed|p1a: Starmie
|-immune|p1a: Starmie|[msg]
|
|-heal|p2a: Ferrothorn|156\/352|[from] item: Leftovers
|turn|17
|
|move|p1a: Starmie|Scald|p2a: Ferrothorn
|-resisted|p2a: Ferrothorn
|-damage|p2a: Ferrothorn|137\/352
|move|p2a: Ferrothorn|Spikes|p1a: Starmie
|-sidestart|p1: Overpower Spirit|Spikes
|
|-heal|p2a: Ferrothorn|159\/352|[from] item: Leftovers
|turn|18
|
|move|p1a: Starmie|Scald|p2a: Ferrothorn
|-resisted|p2a: Ferrothorn
|-damage|p2a: Ferrothorn|137\/352
|move|p2a: Ferrothorn|Spikes|p1a: Starmie
|-sidestart|p1: Overpower Spirit|Spikes
|
|-heal|p2a: Ferrothorn|159\/352|[from] item: Leftovers
|turn|19
|
|move|p1a: Starmie|Scald|p2a: Ferrothorn
|-resisted|p2a: Ferrothorn
|-damage|p2a: Ferrothorn|139\/352
|move|p2a: Ferrothorn|Gyro Ball|p1a: Starmie
|-resisted|p1a: Starmie
|-damage|p1a: Starmie|230\/323
|
|-heal|p1a: Starmie|250\/323|[from] item: Leftovers
|-heal|p2a: Ferrothorn|161\/352|[from] item: Leftovers
|turn|20
|
|switch|p2a: Gyarados|Gyarados, F|190\/394 tox
|-ability|p2a: Gyarados|Intimidate|[of] p1a: Starmie
|-unboost|p1a: Starmie|atk|1
|move|p1a: Starmie|Scald|p2a: Gyarados
|-resisted|p2a: Gyarados
|-damage|p2a: Gyarados|161\/394 tox
|
|-heal|p1a: Starmie|270\/323|[from] item: Leftovers
|-heal|p2a: Gyarados|185\/394 tox|[from] item: Leftovers
|-damage|p2a: Gyarados|161\/394 tox|[from] psn
|turn|21
|
|move|p1a: Starmie|Rapid Spin|p2a: Gyarados
|-damage|p2a: Gyarados|153\/394 tox
|-sideend|p1: Overpower Spirit|Spikes|[from] move: Rapid Spin|[of] p1a: Starmie
|move|p2a: Gyarados|Roar|p1a: Starmie
|drag|p1a: Landorus-Therian|Landorus-Therian, M|116\/319
|-ability|p1a: Landorus-Therian|Intimidate|[of] p2a: Gyarados
|-unboost|p2a: Gyarados|atk|1
|
|-heal|p2a: Gyarados|177\/394 tox|[from] item: Leftovers
|-damage|p2a: Gyarados|129\/394 tox|[from] psn
|turn|22
|
|move|p1a: Landorus-Therian|Stone Edge|p2a: Gyarados
|-supereffective|p2a: Gyarados
|-damage|p2a: Gyarados|0 fnt
|faint|p2a: Gyarados
|
|
|switch|p2a: Ferrothorn|Ferrothorn, M|161\/352
|turn|23
|
|switch|p1a: Infernape|Infernape, F|355\/355
|move|p2a: Ferrothorn|Leech Seed|p1a: Infernape|[miss]
|-miss|p2a: Ferrothorn|p1a: Infernape
|
|-heal|p2a: Ferrothorn|183\/352|[from] item: Leftovers
|turn|24
|
|switch|p2a: Granbull|Granbull, M|198\/384
|-ability|p2a: Granbull|Intimidate|[of] p1a: Infernape
|-unboost|p1a: Infernape|atk|1
|move|p1a: Infernape|Fire Punch|p2a: Granbull
|-damage|p2a: Granbull|149\/384
|
|-heal|p2a: Granbull|173\/384|[from] item: Leftovers
|turn|25
|
|move|p1a: Infernape|Toxic|p2a: Granbull
|-status|p2a: Granbull|tox
|move|p2a: Granbull|Play Rough|p1a: Infernape
|-damage|p1a: Infernape|183\/355
|
|-heal|p1a: Infernape|205\/355|[from] item: Leftovers
|-heal|p2a: Granbull|197\/384 tox|[from] item: Leftovers
|-damage|p2a: Granbull|173\/384 tox|[from] psn
|turn|26
|
|move|p1a: Infernape|Fire Punch|p2a: Granbull
|-damage|p2a: Granbull|124\/384 tox
|move|p2a: Granbull|Earthquake|p1a: Infernape
|-supereffective|p1a: Infernape
|-damage|p1a: Infernape|0 fnt
|faint|p1a: Infernape
|
|-heal|p2a: Granbull|148\/384 tox|[from] item: Leftovers
|-damage|p2a: Granbull|100\/384 tox|[from] psn
|
|switch|p1a: Landorus-Therian|Landorus-Therian, M|116\/319
|-ability|p1a: Landorus-Therian|Intimidate|[of] p2a: Granbull
|-unboost|p2a: Granbull|atk|1
|turn|27
|
|move|p1a: Landorus-Therian|Earthquake|p2a: Granbull
|-crit|p2a: Granbull
|-damage|p2a: Granbull|0 fnt
|faint|p2a: Granbull
|
|
|switch|p2a: Ferrothorn|Ferrothorn, M|183\/352
|turn|28
|
|move|p1a: Landorus-Therian|Earthquake|p2a: Ferrothorn
|-damage|p2a: Ferrothorn|32\/352
|move|p2a: Ferrothorn|Leech Seed|p1a: Landorus-Therian
|-start|p1a: Landorus-Therian|move: Leech Seed
|
|-heal|p2a: Ferrothorn|54\/352|[from] item: Leftovers
|-damage|p1a: Landorus-Therian|77\/319|[from] Leech Seed|[of] p2a: Ferrothorn
|-heal|p2a: Ferrothorn|93\/352|[silent]
|turn|29
|
|switch|p1a: Kyurem-Black|Kyurem-Black|239\/391
|-ability|p1a: Kyurem-Black|Teravolt
|move|p2a: Ferrothorn|Protect|p2a: Ferrothorn
|-fail|p2a: Ferrothorn
|
|-heal|p2a: Ferrothorn|115\/352|[from] item: Leftovers
|turn|30
|
|move|p1a: Kyurem-Black|Hidden Power|p2a: Ferrothorn
|-supereffective|p2a: Ferrothorn
|-damage|p2a: Ferrothorn|0 fnt
|faint|p2a: Ferrothorn
|
|
|switch|p2a: Darmanitan|Darmanitan, F|252\/351
|turn|31
|
|move|p2a: Darmanitan|U-turn|p1a: Kyurem-Black
|-damage|p1a: Kyurem-Black|146\/391
|
|switch|p2a: Alakazam|Alakazam-Mega, F|252\/252
|-ability|p2a: Alakazam|Teravolt|[from] ability: Trace|[of] p1a: Kyurem-Black
|-ability|p2a: Alakazam|Teravolt
|move|p1a: Kyurem-Black|Fusion Bolt|p2a: Alakazam
|-damage|p2a: Alakazam|24\/252
|
|turn|32
|
|move|p2a: Alakazam|Psyshock|p1a: Kyurem-Black
|-damage|p1a: Kyurem-Black|0 fnt
|faint|p1a: Kyurem-Black
|
|
|switch|p1a: Landorus-Therian|Landorus-Therian, M|77\/319
|-ability|p1a: Landorus-Therian|Intimidate|[of] p2a: Alakazam
|-unboost|p2a: Alakazam|atk|1
|turn|33
|
|move|p1a: Landorus-Therian|U-turn|p2a: Alakazam
|-supereffective|p2a: Alakazam
|-damage|p2a: Alakazam|0 fnt
|faint|p2a: Alakazam
|
|switch|p1a: Gardevoir|Gardevoir, M|339\/339
|
|
|switch|p2a: Darmanitan|Darmanitan, F|252\/351
|-ability|p1a: Gardevoir|Sheer Force|[from] ability: Trace|[of] p2a: Darmanitan
|turn|34
|
|detailschange|p1a: Gardevoir|Gardevoir-Mega, M
|message|Gardevoir has Mega Evolved into Mega Gardevoir!
|move|p2a: Darmanitan|Flare Blitz|p1a: Gardevoir
|-damage|p1a: Gardevoir|0 fnt
|-damage|p2a: Darmanitan|140\/351|[from] recoil|[of] p1a: Gardevoir
|faint|p1a: Gardevoir
|
|
|switch|p1a: Starmie|Starmie|270\/323
|turn|35
|
|switch|p2a: Heatran|Heatran, F, shiny|386\/386
|move|p1a: Starmie|Scald|p2a: Heatran
|-supereffective|p2a: Heatran
|-damage|p2a: Heatran|264\/386
|
|-heal|p1a: Starmie|290\/323|[from] item: Leftovers
|-heal|p2a: Heatran|288\/386|[from] item: Leftovers
|turn|36
|
|move|p1a: Starmie|Scald|p2a: Heatran
|-supereffective|p2a: Heatran
|-damage|p2a: Heatran|160\/386
|move|p2a: Heatran|Toxic|p1a: Starmie
|-status|p1a: Starmie|tox
|
|-heal|p1a: Starmie|310\/323 tox|[from] item: Leftovers
|-heal|p2a: Heatran|184\/386|[from] item: Leftovers
|-damage|p1a: Starmie|290\/323 tox|[from] psn
|turn|37
|
|move|p2a: Heatran|Protect|p2a: Heatran
|-singleturn|p2a: Heatran|Protect
|move|p1a: Starmie|Scald|p2a: Heatran
|-activate|p2a: Heatran|Protect
|
|-heal|p1a: Starmie|310\/323 tox|[from] item: Leftovers
|-heal|p2a: Heatran|208\/386|[from] item: Leftovers
|-damage|p1a: Starmie|270\/323 tox|[from] psn
|turn|38
|
|move|p1a: Starmie|Scald|p2a: Heatran
|-supereffective|p2a: Heatran
|-damage|p2a: Heatran|86\/386
|move|p2a: Heatran|Stealth Rock|p1a: Starmie
|-sidestart|p1: Overpower Spirit|move: Stealth Rock
|
|-heal|p1a: Starmie|290\/323 tox|[from] item: Leftovers
|-heal|p2a: Heatran|110\/386|[from] item: Leftovers
|-damage|p1a: Starmie|230\/323 tox|[from] psn
|turn|39
|
|switch|p1a: Landorus-Therian|Landorus-Therian, M|77\/319
|-damage|p1a: Landorus-Therian|38\/319|[from] Stealth Rock
|-ability|p1a: Landorus-Therian|Intimidate|[of] p2a: Heatran
|-unboost|p2a: Heatran|atk|1
|move|p2a: Heatran|Protect|p2a: Heatran
|-fail|p2a: Heatran
|
|-heal|p2a: Heatran|134\/386|[from] item: Leftovers
|turn|40
|
|move|p1a: Landorus-Therian|Earthquake|p2a: Heatran
|-crit|p2a: Heatran
|-supereffective|p2a: Heatran
|-damage|p2a: Heatran|0 fnt
|faint|p2a: Heatran
|
|
|switch|p2a: Darmanitan|Darmanitan, F|140\/351
|turn|41
|
|move|p2a: Darmanitan|U-turn|p1a: Landorus-Therian
|-resisted|p1a: Landorus-Therian
|-damage|p1a: Landorus-Therian|0 fnt
|faint|p1a: Landorus-Therian
|
|
|switch|p1a: Starmie|Starmie|230\/323
|-damage|p1a: Starmie|190\/323|[from] Stealth Rock
|turn|42
|
|move|p2a: Darmanitan|U-turn|p1a: Starmie
|-supereffective|p1a: Starmie
|-damage|p1a: Starmie|0 fnt
|faint|p1a: Starmie
|
|win|bewww
|raw|Ladder updating...
|c|âbewww|gg
|leave|Overpower Spirit
|raw|Overpower Spirit's rating: 1599 &rarr; <strong>1578<\/strong><br \/>(-21 for losing)
|raw|bewww's rating: 1576 &rarr; <strong>1598<\/strong><br \/>(+22 for winning)
|player|p1
|leave|bewww
|player|p2
|join|bewww