|join|bewww
|join|210th Street
|player|p1|bewww|216
|player|p2|210th Street|169
|gametype|singles
|gen|6
|tier|OU
|rated
|clearpoke
|poke|p1|Chansey, F
|poke|p1|Infernape, M
|poke|p1|Landorus, M
|poke|p1|Thundurus, M
|poke|p1|Gardevoir, F
|poke|p1|Rotom-Wash
|poke|p2|Metagross
|poke|p2|Crawdaunt, F
|poke|p2|Manectric, M
|poke|p2|Landorus-Therian, M
|poke|p2|Blastoise, M
|poke|p2|Terrakion
|rule|Sleep Clause Mod: Limit one foe put to sleep
|rule|Species Clause: Limit one of each Pokemon
|rule|OHKO Clause: OHKO moves are banned
|rule|Moody Clause: Moody is banned
|rule|Evasion Moves Clause: Evasion moves are banned
|rule|Endless Battle Clause: Forcing endless battles is banned.
|rule|HP Percentage Mod: HP is reported as percentages
|teampreview
|
|start
|switch|p1a: Rotom-Wash|Rotom-Wash|304\/304
|switch|p2a: Terrakion|Terrakion|323\/323
|turn|1
|
|move|p2a: Terrakion|Stealth Rock|p1a: Rotom-Wash
|-sidestart|p1: bewww|move: Stealth Rock
|move|p1a: Rotom-Wash|Will-O-Wisp|p2a: Terrakion
|-status|p2a: Terrakion|brn
|
|-damage|p2a: Terrakion|283\/323 brn|[from] brn
|turn|2
|
|switch|p2a: Manectric|Manectric, M|281\/281
|move|p1a: Rotom-Wash|Hydro Pump|p2a: Manectric|[miss]
|-miss|p1a: Rotom-Wash|p2a: Manectric
|
|turn|3
|
|switch|p1a: Chansey|Chansey, F|704\/704
|-damage|p1a: Chansey|616\/704|[from] Stealth Rock
|-ability|p2a: Manectric|Intimidate|[of] p1a: Chansey
|-unboost|p1a: Chansey|atk|1
|detailschange|p2a: Manectric|Manectric-Mega, M
|message|Manectric has Mega Evolved into Mega Manectric!
|move|p2a: Manectric|Volt Switch|p1a: Chansey
|-damage|p1a: Chansey|538\/704
|
|switch|p2a: Metagross|Metagross|301\/301
|
|turn|4
|
|move|p2a: Metagross|Meteor Mash|p1a: Chansey
|-damage|p1a: Chansey|297\/704
|move|p1a: Chansey|Stealth Rock|p2a: Metagross
|-sidestart|p2: 210th Street|move: Stealth Rock
|
|turn|5
|
|switch|p1a: Rotom-Wash|Rotom-Wash|304\/304
|-damage|p1a: Rotom-Wash|266\/304|[from] Stealth Rock
|move|p2a: Metagross|Meteor Mash|p1a: Rotom-Wash|[miss]
|-miss|p2a: Metagross|p1a: Rotom-Wash
|
|-heal|p1a: Rotom-Wash|285\/304|[from] item: Leftovers
|turn|6
|
|switch|p2a: Terrakion|Terrakion|283\/323 brn
|-damage|p2a: Terrakion|263\/323 brn|[from] Stealth Rock
|move|p1a: Rotom-Wash|Will-O-Wisp|p2a: Terrakion
|-fail|p2a: Terrakion|brn
|
|-heal|p1a: Rotom-Wash|304\/304|[from] item: Leftovers
|-damage|p2a: Terrakion|223\/323 brn|[from] brn
|turn|7
|
|move|p2a: Terrakion|Close Combat|p1a: Rotom-Wash
|-damage|p1a: Rotom-Wash|211\/304
|-unboost|p2a: Terrakion|def|1
|-unboost|p2a: Terrakion|spd|1
|move|p1a: Rotom-Wash|Hydro Pump|p2a: Terrakion|[miss]
|-miss|p1a: Rotom-Wash|p2a: Terrakion
|
|-heal|p1a: Rotom-Wash|230\/304|[from] item: Leftovers
|-damage|p2a: Terrakion|183\/323 brn|[from] brn
|turn|8
|
|move|p2a: Terrakion|Close Combat|p1a: Rotom-Wash
|-crit|p1a: Rotom-Wash
|-damage|p1a: Rotom-Wash|83\/304
|-unboost|p2a: Terrakion|def|1
|-unboost|p2a: Terrakion|spd|1
|move|p1a: Rotom-Wash|Hydro Pump|p2a: Terrakion|[miss]
|-miss|p1a: Rotom-Wash|p2a: Terrakion
|
|-heal|p1a: Rotom-Wash|102\/304|[from] item: Leftovers
|-damage|p2a: Terrakion|143\/323 brn|[from] brn
|turn|9
|
|move|p2a: Terrakion|Stone Edge|p1a: Rotom-Wash
|-damage|p1a: Rotom-Wash|18\/304
|move|p1a: Rotom-Wash|Hydro Pump|p2a: Terrakion|[miss]
|-miss|p1a: Rotom-Wash|p2a: Terrakion
|
|-heal|p1a: Rotom-Wash|37\/304|[from] item: Leftovers
|-damage|p2a: Terrakion|103\/323 brn|[from] brn
|turn|10
|chat|bewww|ok;0
|chat|210th Street|80%
|chat|210th Street|it doesnt seem like it lol
|
|move|p2a: Terrakion|Close Combat|p1a: Rotom-Wash
|-damage|p1a: Rotom-Wash|0 fnt
|-unboost|p2a: Terrakion|def|1
|-unboost|p2a: Terrakion|spd|1
|faint|p1a: Rotom-Wash
|
|-damage|p2a: Terrakion|63\/323 brn|[from] brn
|chat|210th Street|that is unfortunate I'm sorry
|
|switch|p1a: Infernape|Infernape, M|293\/293
|-damage|p1a: Infernape|257\/293|[from] Stealth Rock
|turn|11
|
|move|p1a: Infernape|Vacuum Wave|p2a: Terrakion
|-supereffective|p2a: Terrakion
|-damage|p2a: Terrakion|0 fnt
|faint|p2a: Terrakion
|
|
|switch|p2a: Landorus-Therian|Landorus-Therian, M|319\/319
|-damage|p2a: Landorus-Therian|280\/319|[from] Stealth Rock
|-ability|p2a: Landorus-Therian|Intimidate|[of] p1a: Infernape
|-unboost|p1a: Infernape|atk|1
|turn|12
|
|move|p2a: Landorus-Therian|Knock Off|p1a: Infernape
|-resisted|p1a: Infernape
|-damage|p1a: Infernape|178\/293
|-enditem|p1a: Infernape|Focus Sash|[from] move: Knock Off|[of] p2a: Landorus-Therian
|move|p1a: Infernape|Flamethrower|p2a: Landorus-Therian
|-damage|p2a: Landorus-Therian|117\/319
|
|turn|13
|
|switch|p2a: Blastoise|Blastoise, M|362\/362
|-damage|p2a: Blastoise|317\/362|[from] Stealth Rock
|move|p1a: Infernape|Flamethrower|p2a: Blastoise
|-resisted|p2a: Blastoise
|-damage|p2a: Blastoise|250\/362
|
|-heal|p2a: Blastoise|272\/362|[from] item: Leftovers
|turn|14
|
|switch|p1a: Chansey|Chansey, F|297\/704
|-damage|p1a: Chansey|209\/704|[from] Stealth Rock
|move|p2a: Blastoise|Scald|p1a: Chansey
|-damage|p1a: Chansey|151\/704
|-status|p1a: Chansey|brn
|
|-heal|p2a: Blastoise|294\/362|[from] item: Leftovers
|-damage|p1a: Chansey|63\/704 brn|[from] brn
|turn|15
|
|switch|p2a: Crawdaunt|Crawdaunt, F|268\/268
|-damage|p2a: Crawdaunt|235\/268|[from] Stealth Rock
|move|p1a: Chansey|Soft-Boiled|p1a: Chansey
|-heal|p1a: Chansey|415\/704 brn
|
|-damage|p1a: Chansey|327\/704 brn|[from] brn
|turn|16
|
|move|p2a: Crawdaunt|Crabhammer|p1a: Chansey
|-damage|p1a: Chansey|0 fnt
|faint|p1a: Chansey
|
|
|switch|p1a: Thundurus|Thundurus, M|299\/299
|-damage|p1a: Thundurus|225\/299|[from] Stealth Rock
|turn|17
|
|switch|p2a: Metagross|Metagross|301\/301
|-damage|p2a: Metagross|283\/301|[from] Stealth Rock
|move|p1a: Thundurus|Nasty Plot|p1a: Thundurus
|-boost|p1a: Thundurus|spa|2
|
|turn|18
|
|move|p1a: Thundurus|Thunderbolt|p2a: Metagross
|-crit|p2a: Metagross
|-damage|p2a: Metagross|0 fnt
|-damage|p1a: Thundurus|196\/299|[from] item: Life Orb
|faint|p2a: Metagross
|
|
|switch|p2a: Manectric|Manectric-Mega, M|281\/281
|-damage|p2a: Manectric|246\/281|[from] Stealth Rock
|-ability|p2a: Manectric|Intimidate|[of] p1a: Thundurus
|-unboost|p1a: Thundurus|atk|1
|turn|19
|
|move|p2a: Manectric|Hidden Power|p1a: Thundurus
|-crit|p1a: Thundurus
|-supereffective|p1a: Thundurus
|-damage|p1a: Thundurus|0 fnt
|faint|p1a: Thundurus
|
|
|switch|p1a: Gardevoir|Gardevoir, F|277\/277
|-damage|p1a: Gardevoir|243\/277|[from] Stealth Rock
|turn|20
|
|detailschange|p1a: Gardevoir|Gardevoir-Mega, F
|message|Gardevoir has Mega Evolved into Mega Gardevoir!
|move|p2a: Manectric|Thunderbolt|p1a: Gardevoir
|-damage|p1a: Gardevoir|108\/277
|move|p1a: Gardevoir|Hyper Voice|p2a: Manectric
|-damage|p2a: Manectric|0 fnt
|faint|p2a: Manectric
|
|
|switch|p2a: Crawdaunt|Crawdaunt, F|235\/268
|-damage|p2a: Crawdaunt|202\/268|[from] Stealth Rock
|turn|21
|
|move|p2a: Crawdaunt|Aqua Jet|p1a: Gardevoir
|-damage|p1a: Gardevoir|0 fnt
|faint|p1a: Gardevoir
|
|
|switch|p1a: Landorus|Landorus, M|319\/319
|-damage|p1a: Landorus|280\/319|[from] Stealth Rock
|turn|22
|
|move|p2a: Crawdaunt|Aqua Jet|p1a: Landorus
|-supereffective|p1a: Landorus
|-damage|p1a: Landorus|0 fnt
|faint|p1a: Landorus
|
|
|switch|p1a: Infernape|Infernape, M|178\/293
|-damage|p1a: Infernape|142\/293|[from] Stealth Rock
|turn|23
|chat|bewww|gg
|chat|210th Street|gg
|
|move|p1a: Infernape|Vacuum Wave|p2a: Crawdaunt
|-supereffective|p2a: Crawdaunt
|-damage|p2a: Crawdaunt|0 fnt
|faint|p2a: Crawdaunt
|
|chat|210th Street|gg
|
|switch|p2a: Blastoise|Blastoise, M|294\/362
|-damage|p2a: Blastoise|249\/362|[from] Stealth Rock
|turn|24
|
|move|p1a: Infernape|Close Combat|p2a: Blastoise
|-damage|p2a: Blastoise|150\/362
|-unboost|p1a: Infernape|def|1
|-unboost|p1a: Infernape|spd|1
|move|p2a: Blastoise|Scald|p1a: Infernape
|-supereffective|p1a: Infernape
|-damage|p1a: Infernape|0 fnt
|faint|p1a: Infernape
|
|win|210th Street
|raw|Ladder updating...
|raw|bewww's rating: 1566 &rarr; <strong>1543<\/strong><br \/>(-23 for losing)
|raw|210th Street's rating: 1510 &rarr; <strong>1533<\/strong><br \/>(+23 for winning)
|leave|bewww
|player|p1