|join|bewww
|join|AMurph31
|player|p1|bewww|159
|player|p2|AMurph31|241
|gametype|singles
|gen|6
|tier|OU
|rated
|clearpoke
|poke|p1|Azumarill, F
|poke|p1|Scizor, F
|poke|p1|Venusaur, M
|poke|p1|Weavile, F
|poke|p1|Lucario, M
|poke|p1|Garchomp, M
|poke|p2|Dusknoir, F
|poke|p2|Dragonite, F
|poke|p2|Bisharp, M
|poke|p2|Vivillon, F
|poke|p2|Metagross
|poke|p2|Mandibuzz, F
|rule|Swagger Clause: Swagger is banned
|rule|Baton Pass Clause: Limit one PokÃ©mon knowing Baton Pass
|rule|Sleep Clause Mod: Limit one foe put to sleep
|rule|Species Clause: Limit one of each PokÃ©mon
|rule|OHKO Clause: OHKO moves are banned
|rule|Moody Clause: Moody is banned
|rule|Evasion Moves Clause: Evasion moves are banned
|rule|Endless Battle Clause: Forcing endless battles is banned
|rule|HP Percentage Mod: HP is shown in percentages
|teampreview
|
|start
|switch|p1a: Venusaur|Venusaur, M|364\/364
|switch|p2a: Dusknoir|Dusknoir, F|231\/231
|-item|p1a: Venusaur|Venusaurite|[from] ability: Frisk|[of] p2a: Dusknoir|[identify]
|turn|1
|
|detailschange|p1a: Venusaur|Venusaur-Mega, M
|message|Venusaur has Mega Evolved into Mega Venusaur!
|move|p1a: Venusaur|Leech Seed|p2a: Dusknoir
|-start|p2a: Dusknoir|move: Leech Seed
|move|p2a: Dusknoir|Will-O-Wisp|p1a: Venusaur
|-status|p1a: Venusaur|brn
|
|-damage|p2a: Dusknoir|203\/231|[from] Leech Seed|[of] p1a: Venusaur
|-damage|p1a: Venusaur|319\/364 brn|[from] brn
|turn|2
|
|move|p1a: Venusaur|Sludge Bomb|p2a: Dusknoir
|-resisted|p2a: Dusknoir
|-damage|p2a: Dusknoir|155\/231
|move|p2a: Dusknoir|Ice Punch|p1a: Venusaur
|-supereffective|p1a: Venusaur
|-damage|p1a: Venusaur|261\/364 brn
|
|-heal|p2a: Dusknoir|169\/231|[from] item: Leftovers
|-damage|p2a: Dusknoir|141\/231|[from] Leech Seed|[of] p1a: Venusaur
|-heal|p1a: Venusaur|289\/364 brn|[silent]
|-damage|p1a: Venusaur|244\/364 brn|[from] brn
|turn|3
|
|move|p1a: Venusaur|Leech Seed|p2a: Dusknoir
|-fail|p2a: Dusknoir
|move|p2a: Dusknoir|Ice Punch|p1a: Venusaur
|-supereffective|p1a: Venusaur
|-damage|p1a: Venusaur|192\/364 brn
|
|-heal|p2a: Dusknoir|155\/231|[from] item: Leftovers
|-damage|p2a: Dusknoir|127\/231|[from] Leech Seed|[of] p1a: Venusaur
|-heal|p1a: Venusaur|220\/364 brn|[silent]
|-damage|p1a: Venusaur|175\/364 brn|[from] brn
|turn|4
|
|move|p1a: Venusaur|Synthesis|p1a: Venusaur
|-heal|p1a: Venusaur|357\/364 brn
|move|p2a: Dusknoir|Ice Punch|p1a: Venusaur
|-supereffective|p1a: Venusaur
|-damage|p1a: Venusaur|301\/364 brn
|
|-heal|p2a: Dusknoir|141\/231|[from] item: Leftovers
|-damage|p2a: Dusknoir|113\/231|[from] Leech Seed|[of] p1a: Venusaur
|-heal|p1a: Venusaur|329\/364 brn|[silent]
|-damage|p1a: Venusaur|284\/364 brn|[from] brn
|turn|5
|
|move|p1a: Venusaur|Hidden Power|p2a: Dusknoir
|-damage|p2a: Dusknoir|71\/231
|move|p2a: Dusknoir|Pain Split|p1a: Venusaur
|-sethp|p1a: Venusaur|177\/364 brn|p2a: Dusknoir|177\/231|[from] move: Pain Split
|
|-heal|p2a: Dusknoir|191\/231|[from] item: Leftovers
|-damage|p2a: Dusknoir|163\/231|[from] Leech Seed|[of] p1a: Venusaur
|-heal|p1a: Venusaur|205\/364 brn|[silent]
|-damage|p1a: Venusaur|160\/364 brn|[from] brn
|turn|6
|
|move|p1a: Venusaur|Synthesis|p1a: Venusaur
|-heal|p1a: Venusaur|342\/364 brn
|move|p2a: Dusknoir|Ice Punch|p1a: Venusaur
|-supereffective|p1a: Venusaur
|-damage|p1a: Venusaur|284\/364 brn
|
|-heal|p2a: Dusknoir|177\/231|[from] item: Leftovers
|-damage|p2a: Dusknoir|149\/231|[from] Leech Seed|[of] p1a: Venusaur
|-heal|p1a: Venusaur|312\/364 brn|[silent]
|-damage|p1a: Venusaur|267\/364 brn|[from] brn
|turn|7
|
|move|p1a: Venusaur|Hidden Power|p2a: Dusknoir
|-damage|p2a: Dusknoir|112\/231
|move|p2a: Dusknoir|Pain Split|p1a: Venusaur
|-sethp|p1a: Venusaur|189\/364 brn|p2a: Dusknoir|189\/231|[from] move: Pain Split
|
|-heal|p2a: Dusknoir|203\/231|[from] item: Leftovers
|-damage|p2a: Dusknoir|175\/231|[from] Leech Seed|[of] p1a: Venusaur
|-heal|p1a: Venusaur|217\/364 brn|[silent]
|-damage|p1a: Venusaur|172\/364 brn|[from] brn
|turn|8
|
|switch|p1a: Weavile|Weavile, F|282\/282
|-ability|p1a: Weavile|Pressure
|switch|p2a: Mandibuzz|Mandibuzz, F|424\/424
|
|turn|9
|
|switch|p1a: Lucario|Lucario, M|281\/281
|move|p2a: Mandibuzz|Toxic|p1a: Lucario
|-fail|p1a: Lucario
|
|turn|10
|
|move|p1a: Lucario|Swords Dance|p1a: Lucario
|-boost|p1a: Lucario|atk|2
|move|p2a: Mandibuzz|Foul Play|p1a: Lucario
|-resisted|p1a: Lucario
|-damage|p1a: Lucario|96\/281
|-boost|p1a: Lucario|atk|1|[from] ability: Justified
|
|turn|11
|
|move|p1a: Lucario|Close Combat|p2a: Mandibuzz
|-damage|p2a: Mandibuzz|0 fnt
|-unboost|p1a: Lucario|def|1
|-unboost|p1a: Lucario|spd|1
|-damage|p1a: Lucario|68\/281|[from] item: Life Orb
|faint|p2a: Mandibuzz
|
|
|switch|p2a: Dragonite|Dragonite, F|323\/323
|turn|12
|
|move|p1a: Lucario|Extreme Speed|p2a: Dragonite
|-damage|p2a: Dragonite|192\/323
|-damage|p1a: Lucario|40\/281|[from] item: Life Orb
|move|p2a: Dragonite|Extreme Speed|p1a: Lucario
|-resisted|p1a: Lucario
|-damage|p1a: Lucario|0 fnt
|faint|p1a: Lucario
|
|
|switch|p1a: Azumarill|Azumarill, F|404\/404
|turn|13
|
|move|p2a: Dragonite|Extreme Speed|p1a: Azumarill
|-damage|p1a: Azumarill|281\/404
|move|p1a: Azumarill|Belly Drum|p1a: Azumarill
|-damage|p1a: Azumarill|79\/404
|-setboost|p1a: Azumarill|atk|6|[from] move: Belly Drum
|-enditem|p1a: Azumarill|Sitrus Berry|[eat]
|-heal|p1a: Azumarill|180\/404|[from] item: Sitrus Berry
|
|turn|14
|
|move|p2a: Dragonite|Extreme Speed|p1a: Azumarill
|-damage|p1a: Azumarill|52\/404
|move|p1a: Azumarill|Double-Edge|p2a: Dragonite
|-damage|p2a: Dragonite|0 fnt
|-damage|p1a: Azumarill|0 fnt|[from] recoil|[of] p2a: Dragonite
|faint|p2a: Dragonite
|faint|p1a: Azumarill
|
|
|switch|p1a: Weavile|Weavile, F|282\/282
|switch|p2a: Dusknoir|Dusknoir, F|175\/231
|-ability|p1a: Weavile|Pressure
|-item|p1a: Weavile|Life Orb|[from] ability: Frisk|[of] p2a: Dusknoir|[identify]
|turn|15
|
|move|p1a: Weavile|Knock Off|p2a: Dusknoir
|-supereffective|p2a: Dusknoir
|-damage|p2a: Dusknoir|0 fnt
|-enditem|p2a: Dusknoir|Leftovers|[from] move: Knock Off|[of] p1a: Weavile
|-damage|p1a: Weavile|254\/282|[from] item: Life Orb
|faint|p2a: Dusknoir
|
|
|switch|p2a: Metagross|Metagross|301\/301
|turn|16
|
|switch|p1a: Scizor|Scizor, F|344\/344
|detailschange|p2a: Metagross|Metagross-Mega
|message|Metagross has Mega Evolved into Mega Metagross!
|move|p2a: Metagross|Brick Break|p1a: Scizor
|-damage|p1a: Scizor|218\/344
|
|turn|17
|
|move|p2a: Metagross|Brick Break|p1a: Scizor
|-damage|p1a: Scizor|83\/344
|move|p1a: Scizor|Knock Off|p2a: Metagross
|-supereffective|p2a: Metagross
|-damage|p2a: Metagross|113\/301
|
|turn|18
|
|switch|p1a: Garchomp|Garchomp, M|420\/420
|move|p2a: Metagross|Brick Break|p1a: Garchomp
|-damage|p1a: Garchomp|317\/420
|-damage|p2a: Metagross|76\/301|[from] ability: Rough Skin|[of] p1a: Garchomp
|-damage|p2a: Metagross|26\/301|[from] item: Rocky Helmet|[of] p1a: Garchomp
|
|turn|19
|
|move|p2a: Metagross|Ice Punch|p1a: Garchomp
|-supereffective|p1a: Garchomp
|-damage|p1a: Garchomp|0 fnt
|-damage|p2a: Metagross|0 fnt|[from] ability: Rough Skin|[of] p1a: Garchomp
|faint|p2a: Metagross
|faint|p1a: Garchomp
|
|
|switch|p2a: Bisharp|Bisharp, M|271\/271
|switch|p1a: Scizor|Scizor, F|83\/344
|turn|20
|
|move|p2a: Bisharp|Sucker Punch|p1a: Scizor
|-damage|p1a: Scizor|0 fnt
|-damage|p2a: Bisharp|244\/271|[from] item: Life Orb
|faint|p1a: Scizor
|
|
|switch|p1a: Weavile|Weavile, F|254\/282
|-ability|p1a: Weavile|Pressure
|turn|21
|
|move|p1a: Weavile|Low Kick|p2a: Bisharp
|-supereffective|p2a: Bisharp
|-damage|p2a: Bisharp|0 fnt
|-damage|p1a: Weavile|226\/282|[from] item: Life Orb
|faint|p2a: Bisharp
|
|
|switch|p2a: Vivillon|Vivillon, F|302\/302
|turn|22
|
|move|p1a: Weavile|Ice Punch|p2a: Vivillon
|-supereffective|p2a: Vivillon
|-enditem|p2a: Vivillon|Focus Sash
|-damage|p2a: Vivillon|1\/302
|-damage|p1a: Weavile|198\/282|[from] item: Life Orb
|move|p2a: Vivillon|Sleep Powder|p1a: Weavile
|-status|p1a: Weavile|slp
|
|turn|23
|
|cant|p1a: Weavile|slp
|move|p2a: Vivillon|Quiver Dance|p2a: Vivillon
|-boost|p2a: Vivillon|spa|1
|-boost|p2a: Vivillon|spd|1
|-boost|p2a: Vivillon|spe|1
|
|turn|24
|
|cant|p1a: Weavile|slp
|move|p2a: Vivillon|Bug Buzz|p1a: Weavile
|-supereffective|p1a: Weavile
|-damage|p1a: Weavile|0 fnt
|faint|p1a: Weavile
|
|
|switch|p1a: Venusaur|Venusaur-Mega, M|172\/364 brn
|turn|25
|
|move|p2a: Vivillon|Hurricane|p1a: Venusaur|[miss]
|-miss|p2a: Vivillon|p1a: Venusaur
|move|p1a: Venusaur|Sludge Bomb|p2a: Vivillon
|-damage|p2a: Vivillon|0 fnt
|faint|p2a: Vivillon
|
|win|bewww
|raw|Ladder updating...
|c|âbewww|ouee
|raw|bewww's rating: 1310 &rarr; <strong>1328<\/strong><br \/>(+18 for winning)
|raw|AMurph31's rating: 1276 &rarr; <strong>1253<\/strong><br \/>(-23 for losing)
|leave|AMurph31
|player|p2