|join|MasterTroll
|join|bewww
|player|p1|MasterTroll|15
|player|p2|bewww|159
|gametype|singles
|gen|6
|tier|OU
|rated
|clearpoke
|poke|p1|Talonflame, M
|poke|p1|Dugtrio, F
|poke|p1|Pinsir, F
|poke|p1|Rotom-Wash
|poke|p1|Greninja, F
|poke|p1|Excadrill, F
|poke|p2|Amoonguss, M
|poke|p2|Tyranitar, M
|poke|p2|Excadrill, M
|poke|p2|Gyarados, M
|poke|p2|Azumarill, M
|poke|p2|Reuniclus, F
|rule|Swagger Clause: Swagger is banned
|rule|Baton Pass Clause: Limit one PokÃ©mon knowing Baton Pass
|rule|Sleep Clause Mod: Limit one foe put to sleep
|rule|Species Clause: Limit one of each PokÃ©mon
|rule|OHKO Clause: OHKO moves are banned
|rule|Moody Clause: Moody is banned
|rule|Evasion Moves Clause: Evasion moves are banned
|rule|Endless Battle Clause: Forcing endless battles is banned
|rule|HP Percentage Mod: HP is shown in percentages
|teampreview
|
|start
|switch|p1a: Rotom-Wash|Rotom-Wash|241\/241
|switch|p2a: Tyranitar|Tyranitar, M|404\/404
|-weather|Sandstorm
|turn|1
|
|move|p1a: Rotom-Wash|Volt Switch|p2a: Tyranitar
|-damage|p2a: Tyranitar|329\/404
|
|switch|p1a: Dugtrio|Dugtrio, F|212\/212
|move|p2a: Tyranitar|Stealth Rock|p1a: Dugtrio
|-sidestart|p1: MasterTroll|move: Stealth Rock
|
|-weather|Sandstorm|[upkeep]
|turn|2
|
|move|p1a: Dugtrio|Earthquake|p2a: Tyranitar
|-supereffective|p2a: Tyranitar
|-damage|p2a: Tyranitar|107\/404
|move|p2a: Tyranitar|Ice Beam|p1a: Dugtrio
|-supereffective|p1a: Dugtrio
|-enditem|p1a: Dugtrio|Focus Sash
|-damage|p1a: Dugtrio|1\/212
|
|-weather|Sandstorm|[upkeep]
|turn|3
|
|move|p1a: Dugtrio|Earthquake|p2a: Tyranitar
|-supereffective|p2a: Tyranitar
|-damage|p2a: Tyranitar|0 fnt
|faint|p2a: Tyranitar
|
|-weather|Sandstorm|[upkeep]
|
|switch|p2a: Azumarill|Azumarill, M|404\/404
|turn|4
|
|move|p1a: Dugtrio|Stealth Rock|p2a: Azumarill
|-sidestart|p2: bewww|move: Stealth Rock
|move|p2a: Azumarill|Belly Drum|p2a: Azumarill
|-damage|p2a: Azumarill|202\/404
|-setboost|p2a: Azumarill|atk|6|[from] move: Belly Drum
|-enditem|p2a: Azumarill|Sitrus Berry|[eat]
|-heal|p2a: Azumarill|303\/404|[from] item: Sitrus Berry
|
|-weather|Sandstorm|[upkeep]
|-damage|p2a: Azumarill|278\/404|[from] sandstorm
|turn|5
|
|move|p2a: Azumarill|Aqua Jet|p1a: Dugtrio
|-supereffective|p1a: Dugtrio
|-damage|p1a: Dugtrio|0 fnt
|faint|p1a: Dugtrio
|
|-weather|Sandstorm|[upkeep]
|-damage|p2a: Azumarill|253\/404|[from] sandstorm
|
|switch|p1a: Rotom-Wash|Rotom-Wash|241\/241
|-damage|p1a: Rotom-Wash|211\/241|[from] Stealth Rock
|turn|6
|
|move|p1a: Rotom-Wash|Thunderbolt|p2a: Azumarill
|-supereffective|p2a: Azumarill
|-damage|p2a: Azumarill|0 fnt
|faint|p2a: Azumarill
|
|-weather|Sandstorm|[upkeep]
|-damage|p1a: Rotom-Wash|196\/241|[from] sandstorm
|
|switch|p2a: Reuniclus|Reuniclus, F|424\/424
|turn|7
|
|switch|p1a: Excadrill|Excadrill, F|424\/424
|-damage|p1a: Excadrill|411\/424|[from] Stealth Rock
|-ability|p1a: Excadrill|Mold Breaker
|-item|p1a: Excadrill|Air Balloon
|move|p2a: Reuniclus|Calm Mind|p2a: Reuniclus
|-boost|p2a: Reuniclus|spa|1
|-boost|p2a: Reuniclus|spd|1
|
|-weather|Sandstorm|[upkeep]
|turn|8
|
|move|p1a: Excadrill|Iron Head|p2a: Reuniclus
|-damage|p2a: Reuniclus|288\/424
|move|p2a: Reuniclus|Focus Blast|p1a: Excadrill
|-supereffective|p1a: Excadrill
|-damage|p1a: Excadrill|0 fnt
|-enditem|p1a: Excadrill|Air Balloon
|faint|p1a: Excadrill
|
|-weather|none
|-heal|p2a: Reuniclus|314\/424|[from] item: Leftovers
|
|switch|p1a: Rotom-Wash|Rotom-Wash|196\/241
|-damage|p1a: Rotom-Wash|166\/241|[from] Stealth Rock
|turn|9
|
|move|p1a: Rotom-Wash|Trick|p2a: Reuniclus
|-activate|p1a: Rotom-Wash|move: Trick|[of] p2a: Reuniclus
|-item|p2a: Reuniclus|Choice Scarf|[from] move: Trick
|-item|p1a: Rotom-Wash|Leftovers|[from] move: Trick
|move|p2a: Reuniclus|Recover|p2a: Reuniclus
|-heal|p2a: Reuniclus|424\/424
|
|-heal|p1a: Rotom-Wash|181\/241|[from] item: Leftovers
|turn|10
|
|switch|p2a: Amoonguss|Amoonguss, M|432\/432
|-damage|p2a: Amoonguss|378\/432|[from] Stealth Rock
|move|p1a: Rotom-Wash|Volt Switch|p2a: Amoonguss
|-resisted|p2a: Amoonguss
|-damage|p2a: Amoonguss|336\/432
|
|switch|p1a: Pinsir|Pinsir, F|271\/271
|-damage|p1a: Pinsir|204\/271|[from] Stealth Rock
|-ability|p1a: Pinsir|Mold Breaker
|
|-heal|p2a: Amoonguss|363\/432|[from] item: Black Sludge
|turn|11
|
|switch|p2a: Reuniclus|Reuniclus, F|424\/424
|detailschange|p1a: Pinsir|Pinsir-Mega, F
|message|Pinsir has Mega Evolved into Mega Pinsir!
|move|p1a: Pinsir|Return|p2a: Reuniclus
|-damage|p2a: Reuniclus|166\/424
|
|turn|12
|
|move|p1a: Pinsir|Return|p2a: Reuniclus
|-damage|p2a: Reuniclus|0 fnt
|faint|p2a: Reuniclus
|
|
|switch|p2a: Gyarados|Gyarados, M|332\/332
|-damage|p2a: Gyarados|249\/332|[from] Stealth Rock
|-ability|p2a: Gyarados|Intimidate|[of] p1a: Pinsir
|-unboost|p1a: Pinsir|atk|1
|turn|13
|
|move|p1a: Pinsir|Return|p2a: Gyarados
|-damage|p2a: Gyarados|0 fnt
|faint|p2a: Gyarados
|
|
|switch|p2a: Excadrill|Excadrill, M|362\/362
|-damage|p2a: Excadrill|351\/362|[from] Stealth Rock
|-item|p2a: Excadrill|Air Balloon
|turn|14
|
|move|p1a: Pinsir|Return|p2a: Excadrill
|-resisted|p2a: Excadrill
|-damage|p2a: Excadrill|209\/362
|-enditem|p2a: Excadrill|Air Balloon
|move|p2a: Excadrill|Swords Dance|p2a: Excadrill
|-boost|p2a: Excadrill|atk|2
|
|turn|15
|
|move|p1a: Pinsir|Earthquake|p2a: Excadrill
|-supereffective|p2a: Excadrill
|-damage|p2a: Excadrill|0 fnt
|faint|p2a: Excadrill
|
|
|switch|p2a: Amoonguss|Amoonguss, M|432\/432
|-damage|p2a: Amoonguss|378\/432|[from] Stealth Rock
|turn|16
|
|move|p1a: Pinsir|Return|p2a: Amoonguss
|-supereffective|p2a: Amoonguss
|-damage|p2a: Amoonguss|0 fnt
|faint|p2a: Amoonguss
|
|win|MasterTroll
|raw|Ladder updating...
|raw|MasterTroll's rating: 1701 &rarr; <strong>1717<\/strong><br \/>(+16 for winning)
|raw|bewww's rating: 1629 &rarr; <strong>1613<\/strong><br \/>(-16 for losing)
|c|âbewww|gg
|c|âMasterTroll|gg
|leave|bewww
|player|p2