|join|lt7g rewer
|join|bewww
|player|p1|lt7g rewer|8
|player|p2|bewww|2
|gametype|singles
|gen|6
|tier|OU
|rated
|clearpoke
|poke|p1|Scizor, F
|poke|p1|Terrakion
|poke|p1|Greninja, F
|poke|p1|Latios, M
|poke|p1|Diggersby, M
|poke|p1|Dragonite, M
|poke|p2|Garchomp, M, shiny
|poke|p2|Excadrill, M
|poke|p2|Tyranitar, F
|poke|p2|Ferrothorn, F
|poke|p2|Gothitelle, M
|poke|p2|Breloom, M
|rule|Swagger Clause: Swagger is banned
|rule|Baton Pass Clause: Limit one PokÃ©mon knowing Baton Pass
|rule|Sleep Clause Mod: Limit one foe put to sleep
|rule|Species Clause: Limit one of each PokÃ©mon
|rule|OHKO Clause: OHKO moves are banned
|rule|Moody Clause: Moody is banned
|rule|Evasion Moves Clause: Evasion moves are banned
|rule|Endless Battle Clause: Forcing endless battles is banned
|rule|HP Percentage Mod: HP is shown in percentages
|teampreview
|
|start
|switch|p1a: Terrakion|Terrakion|323\/323
|switch|p2a: Breloom|Breloom, M|262\/262
|turn|1
|
|move|p1a: Terrakion|Stealth Rock|p2a: Breloom
|-sidestart|p2: bewww|move: Stealth Rock
|move|p2a: Breloom|Spore|p1a: Terrakion
|-status|p1a: Terrakion|slp
|
|turn|2
|
|switch|p1a: Latios|Latios, M|301\/301
|move|p2a: Breloom|Rock Tomb|p1a: Latios
|-damage|p1a: Latios|168\/301
|-unboost|p1a: Latios|spe|1
|
|turn|3
|
|move|p2a: Breloom|Rock Tomb|p1a: Latios
|-damage|p1a: Latios|43\/301
|-unboost|p1a: Latios|spe|1
|move|p1a: Latios|Psyshock|p2a: Breloom
|-supereffective|p2a: Breloom
|-enditem|p2a: Breloom|Focus Sash
|-damage|p2a: Breloom|1\/262
|-damage|p1a: Latios|13\/301|[from] item: Life Orb
|
|turn|4
|
|move|p2a: Breloom|Bullet Seed|p1a: Latios
|-resisted|p1a: Latios
|-damage|p1a: Latios|0 fnt
|-hitcount|p1a: Latios|1
|faint|p1a: Latios
|
|
|switch|p1a: Diggersby|Diggersby, M|311\/311
|turn|5
|
|move|p1a: Diggersby|Quick Attack|p2a: Breloom
|-damage|p2a: Breloom|0 fnt
|-damage|p1a: Diggersby|280\/311|[from] item: Life Orb
|faint|p2a: Breloom
|
|
|switch|p2a: Ferrothorn|Ferrothorn, F|352\/352
|-damage|p2a: Ferrothorn|330\/352|[from] Stealth Rock
|turn|6
|
|move|p1a: Diggersby|Earthquake|p2a: Ferrothorn
|-damage|p2a: Ferrothorn|147\/352
|-damage|p1a: Diggersby|249\/311|[from] item: Life Orb
|move|p2a: Ferrothorn|Leech Seed|p1a: Diggersby
|-start|p1a: Diggersby|move: Leech Seed
|
|-heal|p2a: Ferrothorn|169\/352|[from] item: Leftovers
|-damage|p1a: Diggersby|211\/311|[from] Leech Seed|[of] p2a: Ferrothorn
|-heal|p2a: Ferrothorn|207\/352|[silent]
|turn|7
|
|move|p2a: Ferrothorn|Protect|p2a: Ferrothorn
|-singleturn|p2a: Ferrothorn|Protect
|move|p1a: Diggersby|Earthquake|p2a: Ferrothorn
|-activate|p2a: Ferrothorn|Protect
|
|-heal|p2a: Ferrothorn|229\/352|[from] item: Leftovers
|-damage|p1a: Diggersby|173\/311|[from] Leech Seed|[of] p2a: Ferrothorn
|-heal|p2a: Ferrothorn|267\/352|[silent]
|turn|8
|
|move|p1a: Diggersby|Earthquake|p2a: Ferrothorn
|-damage|p2a: Ferrothorn|75\/352
|-damage|p1a: Diggersby|142\/311|[from] item: Life Orb
|move|p2a: Ferrothorn|Power Whip|p1a: Diggersby
|-supereffective|p1a: Diggersby
|-damage|p1a: Diggersby|0 fnt
|faint|p1a: Diggersby
|
|-heal|p2a: Ferrothorn|97\/352|[from] item: Leftovers
|
|switch|p1a: Greninja|Greninja, F|286\/286
|turn|9
|
|move|p2a: Ferrothorn|Protect|p2a: Ferrothorn
|-singleturn|p2a: Ferrothorn|Protect
|move|p1a: Greninja|Ice Beam|p2a: Ferrothorn
|-start|p1a: Greninja|typechange|Ice|[from] Protean
|-activate|p2a: Ferrothorn|Protect
|
|-heal|p2a: Ferrothorn|119\/352|[from] item: Leftovers
|turn|10
|
|move|p1a: Greninja|Ice Beam|p2a: Ferrothorn
|-damage|p2a: Ferrothorn|0 fnt
|-damage|p1a: Greninja|258\/286|[from] item: Life Orb
|faint|p2a: Ferrothorn
|
|
|switch|p2a: Tyranitar|Tyranitar, F|404\/404
|-damage|p2a: Tyranitar|354\/404|[from] Stealth Rock
|-weather|Sandstorm
|turn|11
|
|switch|p1a: Terrakion|Terrakion|323\/323 slp
|move|p2a: Tyranitar|Stealth Rock|p1a: Terrakion
|-sidestart|p1: lt7g rewer|move: Stealth Rock
|
|-weather|Sandstorm|[upkeep]
|turn|12
|
|cant|p1a: Terrakion|slp
|move|p2a: Tyranitar|Earthquake|p1a: Terrakion
|-supereffective|p1a: Terrakion
|-damage|p1a: Terrakion|7\/323 slp
|
|-weather|Sandstorm|[upkeep]
|turn|13
|
|cant|p1a: Terrakion|slp
|move|p2a: Tyranitar|Crunch|p1a: Terrakion
|-resisted|p1a: Terrakion
|-damage|p1a: Terrakion|0 fnt
|faint|p1a: Terrakion
|
|-weather|Sandstorm|[upkeep]
|
|switch|p1a: Scizor|Scizor, F|299\/299
|-damage|p1a: Scizor|262\/299|[from] Stealth Rock
|turn|14
|
|switch|p2a: Garchomp|Garchomp, M, shiny|357\/357
|-damage|p2a: Garchomp|335\/357|[from] Stealth Rock
|detailschange|p1a: Scizor|Scizor-Mega, F
|message|Scizor has Mega Evolved into Mega Scizor!
|move|p1a: Scizor|Bullet Punch|p2a: Garchomp
|-damage|p2a: Garchomp|190\/357
|-damage|p1a: Scizor|225\/299|[from] ability: Rough Skin|[of] p2a: Garchomp
|
|-weather|Sandstorm|[upkeep]
|turn|15
|
|detailschange|p2a: Garchomp|Garchomp-Mega, M, shiny
|message|Garchomp has Mega Evolved into Mega Garchomp!
|move|p2a: Garchomp|Fire Blast|p1a: Scizor
|-supereffective|p1a: Scizor
|-damage|p1a: Scizor|0 fnt
|faint|p1a: Scizor
|
|-weather|Sandstorm|[upkeep]
|
|switch|p1a: Greninja|Greninja, F|258\/286
|-damage|p1a: Greninja|223\/286|[from] Stealth Rock
|turn|16
|
|switch|p2a: Gothitelle|Gothitelle, M|282\/282
|-damage|p2a: Gothitelle|247\/282|[from] Stealth Rock
|move|p1a: Greninja|Ice Beam|p2a: Gothitelle
|-start|p1a: Greninja|typechange|Ice|[from] Protean
|-damage|p2a: Gothitelle|98\/282
|-damage|p1a: Greninja|195\/286|[from] item: Life Orb
|
|-weather|Sandstorm|[upkeep]
|-damage|p1a: Greninja|178\/286|[from] sandstorm
|-damage|p2a: Gothitelle|81\/282|[from] sandstorm
|turn|17
|
|move|p1a: Greninja|Ice Beam|p2a: Gothitelle
|-damage|p2a: Gothitelle|0 fnt
|-damage|p1a: Greninja|150\/286|[from] item: Life Orb
|faint|p2a: Gothitelle
|
|-weather|Sandstorm|[upkeep]
|-damage|p1a: Greninja|133\/286|[from] sandstorm
|
|switch|p2a: Garchomp|Garchomp-Mega, M, shiny|190\/357
|-damage|p2a: Garchomp|168\/357|[from] Stealth Rock
|turn|18
|
|move|p1a: Greninja|Ice Beam|p2a: Garchomp
|-supereffective|p2a: Garchomp
|-damage|p2a: Garchomp|0 fnt
|-damage|p1a: Greninja|105\/286|[from] item: Life Orb
|faint|p2a: Garchomp
|
|-weather|none
|
|switch|p2a: Tyranitar|Tyranitar, F|354\/404
|-damage|p2a: Tyranitar|304\/404|[from] Stealth Rock
|-weather|Sandstorm
|turn|19
|
|move|p1a: Greninja|Hydro Pump|p2a: Tyranitar|[miss]
|-start|p1a: Greninja|typechange|Water|[from] Protean
|-miss|p1a: Greninja|p2a: Tyranitar
|move|p2a: Tyranitar|Crunch|p1a: Greninja
|-damage|p1a: Greninja|0 fnt
|faint|p1a: Greninja
|
|-weather|Sandstorm|[upkeep]
|
|switch|p1a: Dragonite|Dragonite, M|329\/329
|-damage|p1a: Dragonite|247\/329|[from] Stealth Rock
|turn|20
|join|KratosSnake
|
|move|p1a: Dragonite|Superpower|p2a: Tyranitar
|-supereffective|p2a: Tyranitar
|-damage|p2a: Tyranitar|0 fnt
|-unboost|p1a: Dragonite|atk|1
|-unboost|p1a: Dragonite|def|1
|faint|p2a: Tyranitar
|
|-weather|Sandstorm|[upkeep]
|-damage|p1a: Dragonite|227\/329|[from] sandstorm
|
|switch|p2a: Excadrill|Excadrill, M|362\/362
|-damage|p2a: Excadrill|351\/362|[from] Stealth Rock
|-item|p2a: Excadrill|Air Balloon
|turn|21
|
|move|p2a: Excadrill|Iron Head|p1a: Dragonite
|-crit|p1a: Dragonite
|-damage|p1a: Dragonite|0 fnt
|faint|p1a: Dragonite
|
|win|bewww
|raw|Ladder updating...
|raw|lt7g rewer's rating: 1615 &rarr; <strong>1591<\/strong><br \/>(-24 for losing)
|raw|bewww's rating: 1546 &rarr; <strong>1570<\/strong><br \/>(+24 for winning)
|c|âbewww|gg
|c|âlt7g rewer|gg
|leave|bewww
|player|p2