|join|I'm Rick Astley
|join|bewww
|player|p1|I'm Rick Astley|29
|player|p2|bewww|159
|gametype|singles
|gen|6
|tier|OU
|rated
|clearpoke
|poke|p1|Sableye, M
|poke|p1|Chansey, F
|poke|p1|Cresselia, F
|poke|p1|Alomomola, M
|poke|p1|Amoonguss, F
|poke|p1|Doublade, M
|poke|p2|Jynx, F
|poke|p2|Regice, shiny
|poke|p2|Metagross
|poke|p2|Kyurem-Black
|poke|p2|Garchomp, F
|poke|p2|Froslass, F
|rule|Swagger Clause: Swagger is banned
|rule|Baton Pass Clause: Limit one PokÃ©mon knowing Baton Pass
|rule|Sleep Clause Mod: Limit one foe put to sleep
|rule|Species Clause: Limit one of each PokÃ©mon
|rule|OHKO Clause: OHKO moves are banned
|rule|Moody Clause: Moody is banned
|rule|Evasion Moves Clause: Evasion moves are banned
|rule|Endless Battle Clause: Forcing endless battles is banned
|rule|HP Percentage Mod: HP is shown in percentages
|teampreview
|
|start
|switch|p1a: Sableye|Sableye, M|304\/304
|switch|p2a: Garchomp|Garchomp, F|420\/420
|turn|1
|
|switch|p2a: Kyurem-Black|Kyurem-Black|391\/391
|-ability|p2a: Kyurem-Black|Teravolt
|detailschange|p1a: Sableye|Sableye-Mega, M
|message|Sableye has Mega Evolved into Mega Sableye!
|move|p1a: Sableye|Will-O-Wisp|p2a: Kyurem-Black
|-status|p2a: Kyurem-Black|brn
|
|-damage|p2a: Kyurem-Black|343\/391 brn|[from] brn
|turn|2
|
|switch|p2a: Jynx|Jynx, F|272\/272
|switch|p1a: Cresselia|Cresselia, F|444\/444
|
|turn|3
|
|move|p2a: Jynx|Lovely Kiss|p1a: Cresselia
|-status|p1a: Cresselia|slp
|cant|p1a: Cresselia|slp
|
|turn|4
|
|switch|p1a: Chansey|Chansey, F|642\/642
|move|p2a: Jynx|Nasty Plot|p2a: Jynx
|-boost|p2a: Jynx|spa|2
|
|turn|5
|
|move|p2a: Jynx|Psyshock|p1a: Chansey
|-damage|p1a: Chansey|282\/642
|move|p1a: Chansey|Seismic Toss|p2a: Jynx
|-damage|p2a: Jynx|172\/272
|
|turn|6
|
|switch|p1a: Sableye|Sableye-Mega, M|304\/304
|move|p2a: Jynx|Psyshock|p1a: Sableye
|-immune|p1a: Sableye|[msg]
|
|turn|7
|
|move|p2a: Jynx|Ice Beam|p1a: Sableye
|-damage|p1a: Sableye|31\/304
|move|p1a: Sableye|Dark Pulse|p2a: Jynx
|-supereffective|p2a: Jynx
|-damage|p2a: Jynx|10\/272
|
|turn|8
|
|switch|p1a: Doublade|Doublade, M|322\/322
|move|p2a: Jynx|Ice Beam|p1a: Doublade
|-resisted|p1a: Doublade
|-damage|p1a: Doublade|212\/322
|
|turn|9
|
|switch|p2a: Garchomp|Garchomp, F|420\/420
|move|p1a: Doublade|Gyro Ball|p2a: Garchomp
|-damage|p2a: Garchomp|347\/420
|-damage|p1a: Doublade|172\/322|[from] ability: Rough Skin|[of] p2a: Garchomp
|-damage|p1a: Doublade|119\/322|[from] item: Rocky Helmet|[of] p2a: Garchomp
|
|turn|10
|
|switch|p1a: Alomomola|Alomomola, M|534\/534
|move|p2a: Garchomp|Earthquake|p1a: Alomomola
|-damage|p1a: Alomomola|408\/534
|
|-heal|p1a: Alomomola|441\/534|[from] item: Leftovers
|turn|11
|
|move|p2a: Garchomp|Stealth Rock|p1a: Alomomola
|-sidestart|p1: I'm Rick Astley|move: Stealth Rock
|move|p1a: Alomomola|Scald|p2a: Garchomp
|-damage|p2a: Garchomp|296\/420
|
|-heal|p1a: Alomomola|474\/534|[from] item: Leftovers
|turn|12
|
|switch|p2a: Jynx|Jynx, F|10\/272
|move|p1a: Alomomola|Scald|p2a: Jynx
|-heal|p2a: Jynx|78\/272|[from] ability: Dry Skin|[of] p1a: Alomomola
|
|-heal|p1a: Alomomola|507\/534|[from] item: Leftovers
|turn|13
|
|move|p2a: Jynx|Nasty Plot|p2a: Jynx
|-boost|p2a: Jynx|spa|2
|move|p1a: Alomomola|Toxic|p2a: Jynx
|-status|p2a: Jynx|tox
|
|-heal|p1a: Alomomola|534\/534|[from] item: Leftovers
|-damage|p2a: Jynx|61\/272 tox|[from] psn
|turn|14
|
|move|p1a: Alomomola|Protect|p1a: Alomomola
|-singleturn|p1a: Alomomola|Protect
|move|p2a: Jynx|Psyshock|p1a: Alomomola
|-activate|p1a: Alomomola|Protect
|
|-damage|p2a: Jynx|27\/272 tox|[from] psn
|turn|15
|
|move|p2a: Jynx|Ice Beam|p1a: Alomomola
|-resisted|p1a: Alomomola
|-damage|p1a: Alomomola|243\/534
|move|p1a: Alomomola|Wish|p1a: Alomomola
|
|-heal|p1a: Alomomola|276\/534|[from] item: Leftovers
|-damage|p2a: Jynx|0 fnt|[from] psn
|faint|p2a: Jynx
|
|switch|p2a: Froslass|Froslass, F|281\/281
|turn|16
|
|move|p1a: Alomomola|Protect|p1a: Alomomola
|-singleturn|p1a: Alomomola|Protect
|move|p2a: Froslass|Spikes|p1a: Alomomola
|-sidestart|p1: I'm Rick Astley|Spikes
|
|-heal|p1a: Alomomola|534\/534|[from] move: Wish|[wisher] Alomomola
|turn|17
|
|move|p2a: Froslass|Spikes|p1a: Alomomola
|-sidestart|p1: I'm Rick Astley|Spikes
|move|p1a: Alomomola|Toxic|p2a: Froslass
|-status|p2a: Froslass|tox
|
|-damage|p2a: Froslass|264\/281 tox|[from] psn
|turn|18
|
|switch|p2a: Regice|Regice, shiny|364\/364
|switch|p1a: Sableye|Sableye-Mega, M|31\/304
|-damage|p1a: Sableye|0 fnt|[from] Stealth Rock
|faint|p1a: Sableye
|
|
|switch|p1a: Chansey|Chansey, F|282\/642
|-damage|p1a: Chansey|175\/642|[from] Spikes
|-damage|p1a: Chansey|95\/642|[from] Stealth Rock
|turn|19
|
|switch|p2a: Metagross|Metagross|301\/301
|move|p1a: Chansey|Soft-Boiled|p1a: Chansey
|-heal|p1a: Chansey|416\/642
|
|turn|20
|
|switch|p1a: Alomomola|Alomomola, M|534\/534
|-damage|p1a: Alomomola|445\/534|[from] Spikes
|-damage|p1a: Alomomola|379\/534|[from] Stealth Rock
|detailschange|p2a: Metagross|Metagross-Mega
|message|Metagross has Mega Evolved into Mega Metagross!
|move|p2a: Metagross|Meteor Mash|p1a: Alomomola
|-resisted|p1a: Alomomola
|-damage|p1a: Alomomola|289\/534
|
|-heal|p1a: Alomomola|322\/534|[from] item: Leftovers
|turn|21
|
|move|p2a: Metagross|Thunder Punch|p1a: Alomomola
|-crit|p1a: Alomomola
|-supereffective|p1a: Alomomola
|-damage|p1a: Alomomola|0 fnt
|faint|p1a: Alomomola
|
|
|switch|p1a: Cresselia|Cresselia, F|444\/444 slp
|-damage|p1a: Cresselia|389\/444 slp|[from] Stealth Rock
|turn|22
|
|move|p2a: Metagross|Meteor Mash|p1a: Cresselia
|-crit|p1a: Cresselia
|-damage|p1a: Cresselia|185\/444 slp
|cant|p1a: Cresselia|slp
|
|-heal|p1a: Cresselia|212\/444 slp|[from] item: Leftovers
|turn|23
|
|move|p2a: Metagross|Meteor Mash|p1a: Cresselia
|-damage|p1a: Cresselia|70\/444 slp
|cant|p1a: Cresselia|slp
|
|-heal|p1a: Cresselia|97\/444 slp|[from] item: Leftovers
|turn|24
|
|move|p2a: Metagross|Meteor Mash|p1a: Cresselia
|-damage|p1a: Cresselia|0 fnt
|-boost|p2a: Metagross|atk|1
|faint|p1a: Cresselia
|
|
|switch|p1a: Amoonguss|Amoonguss, F|432\/432
|-damage|p1a: Amoonguss|360\/432|[from] Spikes
|-damage|p1a: Amoonguss|306\/432|[from] Stealth Rock
|turn|25
|
|move|p2a: Metagross|Ice Punch|p1a: Amoonguss
|-supereffective|p1a: Amoonguss
|-damage|p1a: Amoonguss|0 fnt
|faint|p1a: Amoonguss
|
|-message|I'm Rick Astley forfeited.
|
|win|bewww
|raw|Ladder updating...
|leave|I'm Rick Astley
|player|p1
|raw|I&apos;m Rick Astley's rating: 1604 &rarr; <strong>1580<\/strong><br \/>(-24 for losing)
|raw|bewww's rating: 1534 &rarr; <strong>1558<\/strong><br \/>(+24 for winning)