|join|Aisiri
|join|bewww
|player|p1|Aisiri|109
|player|p2|bewww|159
|gametype|singles
|gen|6
|tier|OU
|rated
|clearpoke
|poke|p1|Azelf, shiny
|poke|p1|Bisharp, M
|poke|p1|Azumarill, F, shiny
|poke|p1|Talonflame, M
|poke|p1|Gardevoir, F
|poke|p1|Magneton, shiny
|poke|p2|Amoonguss, F
|poke|p2|Tyranitar, F
|poke|p2|Excadrill, F
|poke|p2|Mamoswine, F
|poke|p2|Gyarados, M
|poke|p2|Garchomp, M
|rule|Swagger Clause: Swagger is banned
|rule|Baton Pass Clause: Limit one PokÃ©mon knowing Baton Pass
|rule|Sleep Clause Mod: Limit one foe put to sleep
|rule|Species Clause: Limit one of each PokÃ©mon
|rule|OHKO Clause: OHKO moves are banned
|rule|Moody Clause: Moody is banned
|rule|Evasion Moves Clause: Evasion moves are banned
|rule|Endless Battle Clause: Forcing endless battles is banned
|rule|HP Percentage Mod: HP is shown in percentages
|teampreview
|
|start
|switch|p1a: 420 Blaze It|Gardevoir, F|277\/277
|switch|p2a: Tyranitar|Tyranitar, F|404\/404
|-ability|p1a: 420 Blaze It|Sand Stream|[from] ability: Trace|[of] p2a: Tyranitar
|-weather|Sandstorm
|turn|1
|
|detailschange|p1a: 420 Blaze It|Gardevoir-Mega, F
|message|Gardevoir has Mega Evolved into Mega Gardevoir!
|move|p1a: 420 Blaze It|Focus Blast|p2a: Tyranitar
|-supereffective|p2a: Tyranitar
|-damage|p2a: Tyranitar|0 fnt
|faint|p2a: Tyranitar
|
|-weather|Sandstorm|[upkeep]
|-damage|p1a: 420 Blaze It|260\/277|[from] sandstorm
|
|switch|p2a: Excadrill|Excadrill, F|362\/362
|-item|p2a: Excadrill|Air Balloon
|turn|2
|
|switch|p1a: Scrublord|Azelf, shiny|291\/291
|move|p2a: Excadrill|Swords Dance|p2a: Excadrill
|-boost|p2a: Excadrill|atk|2
|
|-weather|Sandstorm|[upkeep]
|-damage|p1a: Scrublord|273\/291|[from] sandstorm
|turn|3
|
|switch|p1a: Illuminati|Magneton, shiny|242\/242
|move|p2a: Excadrill|Iron Head|p1a: Illuminati
|-resisted|p1a: Illuminati
|-damage|p1a: Illuminati|158\/242
|
|-weather|Sandstorm|[upkeep]
|turn|4
|
|switch|p1a: Scrublord|Azelf, shiny|273\/291
|move|p2a: Excadrill|Earthquake|p1a: Scrublord
|-immune|p1a: Scrublord|[msg]
|
|-weather|Sandstorm|[upkeep]
|-damage|p1a: Scrublord|255\/291|[from] sandstorm
|turn|5
|
|switch|p1a: Illuminati|Magneton, shiny|158\/242
|move|p2a: Excadrill|Iron Head|p1a: Illuminati
|-resisted|p1a: Illuminati
|-damage|p1a: Illuminati|75\/242
|
|-weather|none
|turn|6
|
|move|p1a: Illuminati|Hidden Power|p2a: Excadrill
|-supereffective|p2a: Excadrill
|-damage|p2a: Excadrill|172\/362
|-enditem|p2a: Excadrill|Air Balloon
|move|p2a: Excadrill|Iron Head|p1a: Illuminati
|-resisted|p1a: Illuminati
|-damage|p1a: Illuminati|0 fnt
|faint|p1a: Illuminati
|
|
|switch|p1a: 360 no-scope|Talonflame, M|319\/319
|turn|7
|
|move|p1a: 360 no-scope|Flare Blitz|p2a: Excadrill
|-supereffective|p2a: Excadrill
|-damage|p2a: Excadrill|0 fnt
|-damage|p1a: 360 no-scope|262\/319|[from] recoil|[of] p2a: Excadrill
|faint|p2a: Excadrill
|
|
|switch|p2a: Gyarados|Gyarados, M|332\/332
|-ability|p2a: Gyarados|Intimidate|[of] p1a: 360 no-scope
|-unboost|p1a: 360 no-scope|atk|1
|turn|8
|
|detailschange|p2a: Gyarados|Gyarados-Mega, M
|message|Gyarados has Mega Evolved into Mega Gyarados!
|-ability|p2a: Gyarados|Mold Breaker
|move|p1a: 360 no-scope|Swords Dance|p1a: 360 no-scope
|-boost|p1a: 360 no-scope|atk|2
|move|p2a: Gyarados|Dragon Dance|p2a: Gyarados
|-boost|p2a: Gyarados|atk|1
|-boost|p2a: Gyarados|spe|1
|
|turn|9
|
|move|p1a: 360 no-scope|Brave Bird|p2a: Gyarados
|-damage|p2a: Gyarados|62\/332
|-damage|p1a: 360 no-scope|173\/319|[from] recoil|[of] p2a: Gyarados
|move|p2a: Gyarados|Waterfall|p1a: 360 no-scope
|-supereffective|p1a: 360 no-scope
|-damage|p1a: 360 no-scope|0 fnt
|faint|p1a: 360 no-scope
|
|
|switch|p1a: Batty Boy|Bisharp, M|290\/290
|turn|10
|
|move|p1a: Batty Boy|Sucker Punch|p2a: Gyarados
|-resisted|p2a: Gyarados
|-damage|p2a: Gyarados|0 fnt
|faint|p2a: Gyarados
|
|
|switch|p2a: Amoonguss|Amoonguss, F|432\/432
|turn|11
|
|move|p1a: Batty Boy|Swords Dance|p1a: Batty Boy
|-boost|p1a: Batty Boy|atk|2
|move|p2a: Amoonguss|Spore|p1a: Batty Boy
|-status|p1a: Batty Boy|slp
|-enditem|p1a: Batty Boy|Lum Berry|[eat]
|-curestatus|p1a: Batty Boy|slp
|
|turn|12
|
|move|p1a: Batty Boy|Knock Off|p2a: Amoonguss
|-crit|p2a: Amoonguss
|-damage|p2a: Amoonguss|0 fnt
|-enditem|p2a: Amoonguss|Black Sludge|[from] move: Knock Off|[of] p1a: Batty Boy
|faint|p2a: Amoonguss
|
|
|switch|p2a: Mamoswine|Mamoswine, F|361\/361
|turn|13
|
|move|p1a: Batty Boy|Sucker Punch|p2a: Mamoswine
|-damage|p2a: Mamoswine|0 fnt
|faint|p2a: Mamoswine
|
|
|switch|p2a: Garchomp|Garchomp, M|358\/358
|turn|14
|
|move|p1a: Batty Boy|Sucker Punch|p2a: Garchomp
|-damage|p2a: Garchomp|22\/358
|-damage|p1a: Batty Boy|254\/290|[from] ability: Rough Skin|[of] p2a: Garchomp
|move|p2a: Garchomp|Earthquake|p1a: Batty Boy
|-supereffective|p1a: Batty Boy
|-damage|p1a: Batty Boy|0 fnt
|faint|p1a: Batty Boy
|
|
|switch|p1a: Scrublord|Azelf, shiny|255\/291
|turn|15
|
|move|p1a: Scrublord|Knock Off|p2a: Garchomp
|-crit|p2a: Garchomp
|-damage|p2a: Garchomp|0 fnt
|-damage|p1a: Scrublord|219\/291|[from] ability: Rough Skin|[of] p2a: Garchomp
|-enditem|p2a: Garchomp|Lum Berry|[from] move: Knock Off|[of] p1a: Scrublord
|faint|p2a: Garchomp
|
|win|Aisiri
|raw|Ladder updating...
|raw|Aisiri's rating: 1608 &rarr; <strong>1627<\/strong><br \/>(+19 for winning)
|raw|bewww's rating: 1593 &rarr; <strong>1574<\/strong><br \/>(-19 for losing)
|c|âbewww|gg