|join|bewww
|join|duelist0049
|player|p1|bewww|159
|player|p2|duelist0049|169
|gametype|singles
|gen|6
|tier|OU
|rated
|clearpoke
|poke|p1|Azumarill, M
|poke|p1|Landorus, M
|poke|p1|Scizor, M
|poke|p1|Venusaur, F
|poke|p1|Staraptor, M
|poke|p1|Weavile, M
|poke|p2|Tyranitar, F
|poke|p2|Lucario, M
|poke|p2|Heatran, M
|poke|p2|Rotom-Wash
|poke|p2|Landorus-Therian, M
|poke|p2|Clefable, F
|rule|Swagger Clause: Swagger is banned
|rule|Baton Pass Clause: Limit one PokÃ©mon knowing Baton Pass
|rule|Sleep Clause Mod: Limit one foe put to sleep
|rule|Species Clause: Limit one of each PokÃ©mon
|rule|OHKO Clause: OHKO moves are banned
|rule|Moody Clause: Moody is banned
|rule|Evasion Moves Clause: Evasion moves are banned
|rule|Endless Battle Clause: Forcing endless battles is banned
|rule|HP Percentage Mod: HP is shown in percentages
|teampreview
|
|start
|switch|p1a: Staraptor|Staraptor, M|312\/312
|switch|p2a: Landorus-Therian|Landorus-Therian, M|319\/319
|-ability|p2a: Landorus-Therian|Intimidate|[of] p1a: Staraptor
|-unboost|p1a: Staraptor|atk|1
|turn|1
|
|move|p1a: Staraptor|U-turn|p2a: Landorus-Therian
|-resisted|p2a: Landorus-Therian
|-damage|p2a: Landorus-Therian|290\/319
|
|switch|p1a: Landorus|Landorus, M|319\/319
|move|p2a: Landorus-Therian|Knock Off|p1a: Landorus
|-damage|p1a: Landorus|183\/319
|-enditem|p1a: Landorus|Life Orb|[from] move: Knock Off|[of] p2a: Landorus-Therian
|
|turn|2
|
|switch|p2a: Rotom-Wash|Rotom-Wash|303\/303
|move|p1a: Landorus|Knock Off|p2a: Rotom-Wash
|-damage|p2a: Rotom-Wash|244\/303
|-enditem|p2a: Rotom-Wash|Leftovers|[from] move: Knock Off|[of] p1a: Landorus
|
|turn|3
|
|move|p1a: Landorus|Sludge Wave|p2a: Rotom-Wash
|-damage|p2a: Rotom-Wash|105\/303
|move|p2a: Rotom-Wash|Hydro Pump|p1a: Landorus
|-crit|p1a: Landorus
|-supereffective|p1a: Landorus
|-damage|p1a: Landorus|0 fnt
|faint|p1a: Landorus
|
|
|switch|p1a: Venusaur|Venusaur, F|364\/364
|turn|4
|
|switch|p2a: Heatran|Heatran, M|385\/385
|detailschange|p1a: Venusaur|Venusaur-Mega, F
|message|Venusaur has Mega Evolved into Mega Venusaur!
|move|p1a: Venusaur|Leech Seed|p2a: Heatran
|-start|p2a: Heatran|move: Leech Seed
|
|-damage|p2a: Heatran|337\/385|[from] Leech Seed|[of] p1a: Venusaur
|turn|5
|
|move|p1a: Venusaur|Leech Seed|p2a: Heatran
|-fail|p2a: Heatran
|move|p2a: Heatran|Stealth Rock|p1a: Venusaur
|-sidestart|p1: bewww|move: Stealth Rock
|
|-heal|p2a: Heatran|361\/385|[from] item: Leftovers
|-damage|p2a: Heatran|313\/385|[from] Leech Seed|[of] p1a: Venusaur
|turn|6
|
|move|p1a: Venusaur|Leech Seed|p2a: Heatran
|-fail|p2a: Heatran
|move|p2a: Heatran|Lava Plume|p1a: Venusaur
|-supereffective|p1a: Venusaur
|-damage|p1a: Venusaur|268\/364
|
|-heal|p2a: Heatran|337\/385|[from] item: Leftovers
|-damage|p2a: Heatran|289\/385|[from] Leech Seed|[of] p1a: Venusaur
|-heal|p1a: Venusaur|316\/364|[silent]
|turn|7
|
|move|p1a: Venusaur|Leech Seed|p2a: Heatran
|-fail|p2a: Heatran
|move|p2a: Heatran|Lava Plume|p1a: Venusaur
|-supereffective|p1a: Venusaur
|-damage|p1a: Venusaur|226\/364
|
|-heal|p2a: Heatran|313\/385|[from] item: Leftovers
|-damage|p2a: Heatran|265\/385|[from] Leech Seed|[of] p1a: Venusaur
|-heal|p1a: Venusaur|274\/364|[silent]
|turn|8
|
|switch|p1a: Azumarill|Azumarill, M|404\/404
|-damage|p1a: Azumarill|354\/404|[from] Stealth Rock
|move|p2a: Heatran|Lava Plume|p1a: Azumarill
|-resisted|p1a: Azumarill
|-damage|p1a: Azumarill|280\/404
|-status|p1a: Azumarill|brn
|
|-heal|p2a: Heatran|289\/385|[from] item: Leftovers
|-damage|p2a: Heatran|241\/385|[from] Leech Seed|[of] p1a: Azumarill
|-heal|p1a: Azumarill|328\/404 brn|[silent]
|-damage|p1a: Azumarill|278\/404 brn|[from] brn
|turn|9
|c|âbewww|damnit
|c|âduelist0049|lol
|
|switch|p2a: Clefable|Clefable, F|394\/394
|move|p1a: Azumarill|Superpower|p2a: Clefable
|-resisted|p2a: Clefable
|-damage|p2a: Clefable|358\/394
|-unboost|p1a: Azumarill|atk|1
|-unboost|p1a: Azumarill|def|1
|
|-heal|p2a: Clefable|382\/394|[from] item: Leftovers
|-damage|p1a: Azumarill|228\/404 brn|[from] brn
|turn|10
|
|switch|p1a: Scizor|Scizor, M|344\/344
|-damage|p1a: Scizor|301\/344|[from] Stealth Rock
|move|p2a: Clefable|Flamethrower|p1a: Scizor
|-supereffective|p1a: Scizor
|-damage|p1a: Scizor|1\/344
|
|-heal|p2a: Clefable|394\/394|[from] item: Leftovers
|turn|11
|
|move|p1a: Scizor|Superpower|p2a: Clefable
|-resisted|p2a: Clefable
|-damage|p2a: Clefable|324\/394
|-unboost|p1a: Scizor|atk|1
|-unboost|p1a: Scizor|def|1
|move|p2a: Clefable|Flamethrower|p1a: Scizor
|-supereffective|p1a: Scizor
|-damage|p1a: Scizor|0 fnt
|faint|p1a: Scizor
|
|-heal|p2a: Clefable|348\/394|[from] item: Leftovers
|
|switch|p1a: Venusaur|Venusaur-Mega, F|274\/364
|-damage|p1a: Venusaur|229\/364|[from] Stealth Rock
|turn|12
|
|switch|p2a: Lucario|Lucario, M|281\/281
|move|p1a: Venusaur|Leech Seed|p2a: Lucario
|-start|p2a: Lucario|move: Leech Seed
|
|-damage|p2a: Lucario|246\/281|[from] Leech Seed|[of] p1a: Venusaur
|-heal|p1a: Venusaur|264\/364|[silent]
|turn|13
|
|move|p2a: Lucario|Swords Dance|p2a: Lucario
|-boost|p2a: Lucario|atk|2
|move|p1a: Venusaur|Hidden Power|p2a: Lucario
|-supereffective|p2a: Lucario
|-damage|p2a: Lucario|106\/281
|
|-damage|p2a: Lucario|71\/281|[from] Leech Seed|[of] p1a: Venusaur
|-heal|p1a: Venusaur|299\/364|[silent]
|turn|14
|
|switch|p1a: Azumarill|Azumarill, M|228\/404 brn
|-damage|p1a: Azumarill|178\/404 brn|[from] Stealth Rock
|-enditem|p1a: Azumarill|Sitrus Berry|[eat]
|-heal|p1a: Azumarill|279\/404 brn|[from] item: Sitrus Berry
|move|p2a: Lucario|Iron Tail|p1a: Azumarill
|-damage|p1a: Azumarill|0 fnt
|-damage|p2a: Lucario|43\/281|[from] item: Life Orb
|faint|p1a: Azumarill
|
|
|switch|p1a: Venusaur|Venusaur-Mega, F|299\/364
|-damage|p1a: Venusaur|254\/364|[from] Stealth Rock
|turn|15
|
|move|p2a: Lucario|Iron Tail|p1a: Venusaur|[miss]
|-miss|p2a: Lucario|p1a: Venusaur
|move|p1a: Venusaur|Synthesis|p1a: Venusaur
|-heal|p1a: Venusaur|364\/364
|
|-damage|p2a: Lucario|8\/281|[from] Leech Seed|[of] p1a: Venusaur
|turn|16
|
|move|p2a: Lucario|Iron Tail|p1a: Venusaur
|-damage|p1a: Venusaur|66\/364
|-damage|p2a: Lucario|0 fnt|[from] item: Life Orb
|faint|p2a: Lucario
|move|p1a: Venusaur|Synthesis|p1a: Venusaur
|-heal|p1a: Venusaur|248\/364
|
|
|switch|p2a: Landorus-Therian|Landorus-Therian, M|290\/319
|-ability|p2a: Landorus-Therian|Intimidate|[of] p1a: Venusaur
|-unboost|p1a: Venusaur|atk|1
|turn|17
|
|move|p2a: Landorus-Therian|Earthquake|p1a: Venusaur
|-damage|p1a: Venusaur|124\/364
|move|p1a: Venusaur|Synthesis|p1a: Venusaur
|-heal|p1a: Venusaur|306\/364
|
|turn|18
|
|switch|p2a: Rotom-Wash|Rotom-Wash|105\/303
|move|p1a: Venusaur|Leech Seed|p2a: Rotom-Wash
|-start|p2a: Rotom-Wash|move: Leech Seed
|
|-damage|p2a: Rotom-Wash|68\/303|[from] Leech Seed|[of] p1a: Venusaur
|-heal|p1a: Venusaur|343\/364|[silent]
|turn|19
|
|move|p2a: Rotom-Wash|Volt Switch|p1a: Venusaur
|-resisted|p1a: Venusaur
|-damage|p1a: Venusaur|311\/364
|
|switch|p2a: Heatran|Heatran, M|241\/385
|move|p1a: Venusaur|Sludge Bomb|p2a: Heatran
|-immune|p2a: Heatran|[msg]
|
|-heal|p2a: Heatran|265\/385|[from] item: Leftovers
|turn|20
|
|move|p1a: Venusaur|Leech Seed|p2a: Heatran
|-start|p2a: Heatran|move: Leech Seed
|move|p2a: Heatran|Lava Plume|p1a: Venusaur
|-supereffective|p1a: Venusaur
|-damage|p1a: Venusaur|209\/364
|
|-heal|p2a: Heatran|289\/385|[from] item: Leftovers
|-damage|p2a: Heatran|241\/385|[from] Leech Seed|[of] p1a: Venusaur
|-heal|p1a: Venusaur|257\/364|[silent]
|turn|21
|
|move|p1a: Venusaur|Synthesis|p1a: Venusaur
|-heal|p1a: Venusaur|364\/364
|move|p2a: Heatran|Lava Plume|p1a: Venusaur
|-supereffective|p1a: Venusaur
|-damage|p1a: Venusaur|262\/364
|-status|p1a: Venusaur|brn
|
|-heal|p2a: Heatran|265\/385|[from] item: Leftovers
|-damage|p2a: Heatran|217\/385|[from] Leech Seed|[of] p1a: Venusaur
|-heal|p1a: Venusaur|310\/364 brn|[silent]
|-damage|p1a: Venusaur|265\/364 brn|[from] brn
|turn|22
|
|switch|p2a: Landorus-Therian|Landorus-Therian, M|290\/319
|-ability|p2a: Landorus-Therian|Intimidate|[of] p1a: Venusaur
|-unboost|p1a: Venusaur|atk|1
|move|p1a: Venusaur|Sludge Bomb|p2a: Landorus-Therian
|-resisted|p2a: Landorus-Therian
|-damage|p2a: Landorus-Therian|212\/319
|-status|p2a: Landorus-Therian|psn
|
|-damage|p2a: Landorus-Therian|173\/319 psn|[from] psn
|-damage|p1a: Venusaur|220\/364 brn|[from] brn
|turn|23
|
|move|p2a: Landorus-Therian|U-turn|p1a: Venusaur
|-damage|p1a: Venusaur|157\/364 brn
|
|switch|p2a: Tyranitar|Tyranitar, F|341\/341
|-weather|Sandstorm
|move|p1a: Venusaur|Synthesis|p1a: Venusaur
|-heal|p1a: Venusaur|248\/364 brn
|
|-weather|Sandstorm|[upkeep]
|-damage|p1a: Venusaur|226\/364 brn|[from] sandstorm
|-damage|p1a: Venusaur|181\/364 brn|[from] brn
|turn|24
|
|detailschange|p2a: Tyranitar|Tyranitar-Mega, F
|message|Tyranitar has Mega Evolved into Mega Tyranitar!
|move|p2a: Tyranitar|Crunch|p1a: Venusaur
|-damage|p1a: Venusaur|55\/364 brn
|move|p1a: Venusaur|Leech Seed|p2a: Tyranitar
|-start|p2a: Tyranitar|move: Leech Seed
|
|-weather|Sandstorm|[upkeep]
|-damage|p1a: Venusaur|33\/364 brn|[from] sandstorm
|-damage|p2a: Tyranitar|299\/341|[from] Leech Seed|[of] p1a: Venusaur
|-heal|p1a: Venusaur|75\/364 brn|[silent]
|-damage|p1a: Venusaur|30\/364 brn|[from] brn
|turn|25
|
|move|p2a: Tyranitar|Rock Slide|p1a: Venusaur
|-damage|p1a: Venusaur|0 fnt
|faint|p1a: Venusaur
|
|-weather|Sandstorm|[upkeep]
|
|switch|p1a: Weavile|Weavile, M|282\/282
|-damage|p1a: Weavile|212\/282|[from] Stealth Rock
|-ability|p1a: Weavile|Pressure
|turn|26
|
|switch|p2a: Rotom-Wash|Rotom-Wash|68\/303
|move|p1a: Weavile|Low Kick|p2a: Rotom-Wash
|-damage|p2a: Rotom-Wash|47\/303
|-damage|p1a: Weavile|184\/282|[from] item: Life Orb
|
|-weather|Sandstorm|[upkeep]
|-damage|p1a: Weavile|167\/282|[from] sandstorm
|-damage|p2a: Rotom-Wash|29\/303|[from] sandstorm
|turn|27
|
|move|p1a: Weavile|Knock Off|p2a: Rotom-Wash
|-damage|p2a: Rotom-Wash|0 fnt
|-damage|p1a: Weavile|139\/282|[from] item: Life Orb
|faint|p2a: Rotom-Wash
|
|-weather|none
|
|switch|p2a: Tyranitar|Tyranitar-Mega, F|299\/341
|-weather|Sandstorm
|turn|28
|
|switch|p2a: Landorus-Therian|Landorus-Therian, M|173\/319 psn
|-ability|p2a: Landorus-Therian|Intimidate|[of] p1a: Weavile
|-unboost|p1a: Weavile|atk|1
|move|p1a: Weavile|Low Kick|p2a: Landorus-Therian
|-resisted|p2a: Landorus-Therian
|-damage|p2a: Landorus-Therian|128\/319 psn
|-damage|p1a: Weavile|111\/282|[from] item: Life Orb
|
|-weather|Sandstorm|[upkeep]
|-damage|p1a: Weavile|94\/282|[from] sandstorm
|-damage|p2a: Landorus-Therian|89\/319 psn|[from] psn
|turn|29
|
|switch|p2a: Clefable|Clefable, F|348\/394
|move|p1a: Weavile|Ice Shard|p2a: Clefable
|-damage|p2a: Clefable|300\/394
|-damage|p1a: Weavile|66\/282|[from] item: Life Orb
|
|-weather|Sandstorm|[upkeep]
|-damage|p1a: Weavile|49\/282|[from] sandstorm
|-heal|p2a: Clefable|324\/394|[from] item: Leftovers
|turn|30
|
|move|p1a: Weavile|Ice Punch|p2a: Clefable
|-damage|p2a: Clefable|223\/394
|-damage|p1a: Weavile|21\/282|[from] item: Life Orb
|move|p2a: Clefable|Soft-Boiled|p2a: Clefable
|-heal|p2a: Clefable|394\/394
|
|-weather|Sandstorm|[upkeep]
|-damage|p1a: Weavile|4\/282|[from] sandstorm
|turn|31
|
|move|p1a: Weavile|Ice Punch|p2a: Clefable
|-damage|p2a: Clefable|293\/394
|-status|p2a: Clefable|frz
|-damage|p1a: Weavile|0 fnt|[from] item: Life Orb
|faint|p1a: Weavile
|-curestatus|p2a: Clefable|frz
|move|p2a: Clefable|Soft-Boiled|p2a: Clefable
|-heal|p2a: Clefable|394\/394
|
|-weather|Sandstorm|[upkeep]
|
|switch|p1a: Staraptor|Staraptor, M|312\/312
|-damage|p1a: Staraptor|234\/312|[from] Stealth Rock
|turn|32
|
|move|p1a: Staraptor|Double-Edge|p2a: Clefable
|-damage|p2a: Clefable|189\/394
|-damage|p1a: Staraptor|166\/312|[from] recoil|[of] p2a: Clefable
|move|p2a: Clefable|Moonblast|p1a: Staraptor
|-damage|p1a: Staraptor|6\/312
|
|-weather|none
|-heal|p2a: Clefable|213\/394|[from] item: Leftovers
|turn|33
|
|switch|p2a: Tyranitar|Tyranitar-Mega, F|299\/341
|-weather|Sandstorm
|move|p1a: Staraptor|Double-Edge|p2a: Tyranitar
|-resisted|p2a: Tyranitar
|-damage|p2a: Tyranitar|211\/341
|-damage|p1a: Staraptor|0 fnt|[from] recoil|[of] p2a: Tyranitar
|faint|p1a: Staraptor
|
|win|duelist0049
|raw|Ladder updating...
|raw|bewww's rating: 1156 &rarr; <strong>1129<\/strong><br \/>(-27 for losing)
|raw|duelist0049's rating: 1130 &rarr; <strong>1157<\/strong><br \/>(+27 for winning)
|c|âbewww|gg
|c|âduelist0049|gg
|leave|bewww
|player|p1