|join|fluffer115
|join|bewww
|player|p1|fluffer115|143
|player|p2|bewww|2
|gametype|singles
|gen|6
|tier|OU
|rated
|clearpoke
|poke|p1|Manectric, M
|poke|p1|Crawdaunt, M
|poke|p1|Garchomp, F
|poke|p1|Gengar, F
|poke|p1|Landorus-Therian, M
|poke|p1|Azumarill, M
|poke|p2|Alakazam, F
|poke|p2|Ferrothorn, M
|poke|p2|Heatran, F, shiny
|poke|p2|Granbull, M
|poke|p2|Darmanitan, F
|poke|p2|Ampharos, M
|rule|Swagger Clause: Swagger is banned
|rule|Baton Pass Clause: Limit one PokÃ©mon knowing Baton Pass
|rule|Sleep Clause Mod: Limit one foe put to sleep
|rule|Species Clause: Limit one of each PokÃ©mon
|rule|OHKO Clause: OHKO moves are banned
|rule|Moody Clause: Moody is banned
|rule|Evasion Moves Clause: Evasion moves are banned
|rule|Endless Battle Clause: Forcing endless battles is banned
|rule|HP Percentage Mod: HP is shown in percentages
|teampreview
|
|start
|switch|p1a: Garchomp|Garchomp, F|358\/358
|switch|p2a: Ferrothorn|Ferrothorn, M|352\/352
|turn|1
|
|move|p1a: Garchomp|Stealth Rock|p2a: Ferrothorn
|-sidestart|p2: bewww|move: Stealth Rock
|move|p2a: Ferrothorn|Spikes|p1a: Garchomp
|-sidestart|p1: fluffer115|Spikes
|
|turn|2
|
|move|p1a: Garchomp|Swords Dance|p1a: Garchomp
|-boost|p1a: Garchomp|atk|2
|move|p2a: Ferrothorn|Leech Seed|p1a: Garchomp
|-start|p1a: Garchomp|move: Leech Seed
|
|-damage|p1a: Garchomp|314\/358|[from] Leech Seed|[of] p2a: Ferrothorn
|turn|3
|
|move|p1a: Garchomp|Earthquake|p2a: Ferrothorn
|-damage|p2a: Ferrothorn|51\/352
|move|p2a: Ferrothorn|Spikes|p1a: Garchomp
|-sidestart|p1: fluffer115|Spikes
|
|-heal|p2a: Ferrothorn|73\/352|[from] item: Leftovers
|-damage|p1a: Garchomp|270\/358|[from] Leech Seed|[of] p2a: Ferrothorn
|-heal|p2a: Ferrothorn|117\/352|[silent]
|turn|4
|
|move|p2a: Ferrothorn|Protect|p2a: Ferrothorn
|-singleturn|p2a: Ferrothorn|Protect
|move|p1a: Garchomp|Earthquake|p2a: Ferrothorn
|-activate|p2a: Ferrothorn|Protect
|
|-heal|p2a: Ferrothorn|139\/352|[from] item: Leftovers
|-damage|p1a: Garchomp|226\/358|[from] Leech Seed|[of] p2a: Ferrothorn
|-heal|p2a: Ferrothorn|183\/352|[silent]
|turn|5
|
|switch|p2a: Granbull|Granbull, M|384\/384
|-damage|p2a: Granbull|336\/384|[from] Stealth Rock
|-ability|p2a: Granbull|Intimidate|[of] p1a: Garchomp
|-unboost|p1a: Garchomp|atk|1
|move|p1a: Garchomp|Earthquake|p2a: Granbull
|-crit|p2a: Granbull
|-damage|p2a: Granbull|6\/384
|
|-heal|p2a: Granbull|30\/384|[from] item: Leftovers
|-damage|p1a: Garchomp|182\/358|[from] Leech Seed|[of] p2a: Granbull
|-heal|p2a: Granbull|74\/384|[silent]
|turn|6
|
|move|p1a: Garchomp|Earthquake|p2a: Granbull
|-damage|p2a: Granbull|0 fnt
|faint|p2a: Granbull
|
|
|switch|p2a: Alakazam|Alakazam, F|252\/252
|turn|7
|
|move|p2a: Alakazam|Hidden Power|p1a: Garchomp
|-supereffective|p1a: Garchomp
|-damage|p1a: Garchomp|0 fnt
|faint|p1a: Garchomp
|
|
|switch|p1a: Landorus-Therian|Landorus-Therian, M|319\/319
|-ability|p1a: Landorus-Therian|Intimidate|[of] p2a: Alakazam
|-unboost|p2a: Alakazam|atk|1
|turn|8
|
|switch|p2a: Ferrothorn|Ferrothorn, M|183\/352
|-damage|p2a: Ferrothorn|161\/352|[from] Stealth Rock
|move|p1a: Landorus-Therian|U-turn|p2a: Ferrothorn
|-damage|p2a: Ferrothorn|95\/352
|-damage|p1a: Landorus-Therian|280\/319|[from] ability: Iron Barbs|[of] p2a: Ferrothorn
|
|switch|p1a: Gengar|Gengar, F|262\/262
|
|-heal|p2a: Ferrothorn|117\/352|[from] item: Leftovers
|turn|9
|
|move|p1a: Gengar|Shadow Ball|p2a: Ferrothorn
|-damage|p2a: Ferrothorn|0 fnt
|-damage|p1a: Gengar|236\/262|[from] item: Life Orb
|faint|p2a: Ferrothorn
|
|
|switch|p2a: Alakazam|Alakazam, F|252\/252
|turn|10
|
|switch|p1a: Landorus-Therian|Landorus-Therian, M|280\/319
|-ability|p1a: Landorus-Therian|Intimidate|[of] p2a: Alakazam
|-unboost|p2a: Alakazam|atk|1
|move|p2a: Alakazam|Psyshock|p1a: Landorus-Therian
|-damage|p1a: Landorus-Therian|124\/319
|
|turn|11
|
|switch|p2a: Heatran|Heatran, F, shiny|386\/386
|-damage|p2a: Heatran|338\/386|[from] Stealth Rock
|move|p1a: Landorus-Therian|U-turn|p2a: Heatran
|-resisted|p2a: Heatran
|-damage|p2a: Heatran|315\/386
|
|switch|p1a: Crawdaunt|Crawdaunt, M|269\/269
|-damage|p1a: Crawdaunt|225\/269|[from] Spikes
|
|-heal|p2a: Heatran|339\/386|[from] item: Leftovers
|turn|12
|
|move|p1a: Crawdaunt|Crabhammer|p2a: Heatran
|-supereffective|p2a: Heatran
|-damage|p2a: Heatran|0 fnt
|-damage|p1a: Crawdaunt|199\/269|[from] item: Life Orb
|faint|p2a: Heatran
|
|
|switch|p2a: Ampharos|Ampharos, M|322\/322
|-damage|p2a: Ampharos|282\/322|[from] Stealth Rock
|turn|13
|
|detailschange|p2a: Ampharos|Ampharos-Mega, M
|message|Ampharos has Mega Evolved into Mega Ampharos!
|-ability|p2a: Ampharos|Mold Breaker
|move|p1a: Crawdaunt|Knock Off|p2a: Ampharos
|-damage|p2a: Ampharos|108\/322
|-damage|p1a: Crawdaunt|173\/269|[from] item: Life Orb
|move|p2a: Ampharos|Agility|p2a: Ampharos
|-boost|p2a: Ampharos|spe|2
|
|turn|14
|
|move|p1a: Crawdaunt|Aqua Jet|p2a: Ampharos
|-resisted|p2a: Ampharos
|-damage|p2a: Ampharos|50\/322
|-damage|p1a: Crawdaunt|147\/269|[from] item: Life Orb
|move|p2a: Ampharos|Dragon Pulse|p1a: Crawdaunt
|-crit|p1a: Crawdaunt
|-damage|p1a: Crawdaunt|0 fnt
|faint|p1a: Crawdaunt
|
|
|switch|p1a: Manectric|Manectric, M|281\/281
|-damage|p1a: Manectric|235\/281|[from] Spikes
|turn|15
|
|detailschange|p1a: Manectric|Manectric-Mega, M
|message|Manectric has Mega Evolved into Mega Manectric!
|-ability|p1a: Manectric|Intimidate|[of] p2a: Ampharos
|-unboost|p2a: Ampharos|atk|1
|move|p2a: Ampharos|Dragon Pulse|p1a: Manectric
|-damage|p1a: Manectric|0 fnt
|faint|p1a: Manectric
|
|
|switch|p1a: Azumarill|Azumarill, M|399\/399
|-damage|p1a: Azumarill|333\/399|[from] Spikes
|turn|16
|
|move|p1a: Azumarill|Aqua Jet|p2a: Ampharos
|-resisted|p2a: Ampharos
|-damage|p2a: Ampharos|8\/322
|move|p2a: Ampharos|Thunderbolt|p1a: Azumarill
|-supereffective|p1a: Azumarill
|-damage|p1a: Azumarill|21\/399
|
|turn|17
|
|move|p1a: Azumarill|Aqua Jet|p2a: Ampharos
|-resisted|p2a: Ampharos
|-damage|p2a: Ampharos|0 fnt
|faint|p2a: Ampharos
|
|
|switch|p2a: Alakazam|Alakazam, F|252\/252
|turn|18
|
|move|p1a: Azumarill|Aqua Jet|p2a: Alakazam
|-damage|p2a: Alakazam|95\/252
|move|p2a: Alakazam|Psyshock|p1a: Azumarill
|-damage|p1a: Azumarill|0 fnt
|faint|p1a: Azumarill
|
|
|switch|p1a: Landorus-Therian|Landorus-Therian, M|124\/319
|-ability|p1a: Landorus-Therian|Intimidate|[of] p2a: Alakazam
|-unboost|p2a: Alakazam|atk|1
|turn|19
|
|move|p1a: Landorus-Therian|Earthquake|p2a: Alakazam
|-damage|p2a: Alakazam|0 fnt
|faint|p2a: Alakazam
|
|
|switch|p2a: Darmanitan|Darmanitan, F|351\/351
|-damage|p2a: Darmanitan|264\/351|[from] Stealth Rock
|turn|20
|
|switch|p1a: Gengar|Gengar, F|236\/262
|move|p2a: Darmanitan|Flare Blitz|p1a: Gengar
|-damage|p1a: Gengar|0 fnt
|-damage|p2a: Darmanitan|186\/351|[from] recoil|[of] p1a: Gengar
|faint|p1a: Gengar
|
|
|switch|p1a: Landorus-Therian|Landorus-Therian, M|124\/319
|-ability|p1a: Landorus-Therian|Intimidate|[of] p2a: Darmanitan
|-unboost|p2a: Darmanitan|atk|1
|turn|21
|
|move|p2a: Darmanitan|Flare Blitz|p1a: Landorus-Therian
|-damage|p1a: Landorus-Therian|0 fnt
|-damage|p2a: Darmanitan|145\/351|[from] recoil|[of] p1a: Landorus-Therian
|faint|p1a: Landorus-Therian
|
|win|bewww
|raw|Ladder updating...
|raw|fluffer115's rating: 1733 &rarr; <strong>1707<\/strong><br \/>(-26 for losing)
|raw|bewww's rating: 1627 &rarr; <strong>1653<\/strong><br \/>(+26 for winning)
|c|âbewww|gg