|join|bewww
|join|LT8B DropTheBass
|player|p1|bewww|159
|player|p2|LT8B DropTheBass|143
|gametype|singles
|gen|6
|tier|OU
|rated
|clearpoke
|poke|p1|Gardevoir, M
|poke|p1|Scizor, F, shiny
|poke|p1|Breloom, M
|poke|p1|Rotom-Wash
|poke|p1|Garchomp, F
|poke|p1|Banette, F
|poke|p2|Charizard, M
|poke|p2|Clefable, F
|poke|p2|Dugtrio, M
|poke|p2|Skarmory, M
|poke|p2|Suicune
|poke|p2|Tornadus-Therian, M
|rule|Swagger Clause: Swagger is banned
|rule|Baton Pass Clause: Limit one PokÃ©mon knowing Baton Pass
|rule|Sleep Clause Mod: Limit one foe put to sleep
|rule|Species Clause: Limit one of each PokÃ©mon
|rule|OHKO Clause: OHKO moves are banned
|rule|Moody Clause: Moody is banned
|rule|Evasion Moves Clause: Evasion moves are banned
|rule|Endless Battle Clause: Forcing endless battles is banned
|rule|HP Percentage Mod: HP is shown in percentages
|teampreview
|
|start
|switch|p1a: Garchomp|Garchomp, F|358\/358
|switch|p2a: Tornadus-Therian|Tornadus-Therian, M|332\/332
|turn|1
|
|move|p2a: Tornadus-Therian|U-turn|p1a: Garchomp
|-damage|p1a: Garchomp|303\/358
|-damage|p2a: Tornadus-Therian|291\/332|[from] ability: Rough Skin|[of] p1a: Garchomp
|-damage|p2a: Tornadus-Therian|236\/332|[from] item: Rocky Helmet|[of] p1a: Garchomp
|
|switch|p2a: Clefable|Clefable, F|394\/394
|move|p1a: Garchomp|Stealth Rock|p2a: Clefable
|-sidestart|p2: LT8B DropTheBass|move: Stealth Rock
|
|turn|2
|
|switch|p1a: Scizor|Scizor, F, shiny|344\/344
|move|p2a: Clefable|Flamethrower|p1a: Scizor
|-supereffective|p1a: Scizor
|-damage|p1a: Scizor|0 fnt
|faint|p1a: Scizor
|
|
|switch|p1a: Breloom|Breloom, M|262\/262
|turn|3
|
|switch|p2a: Suicune|Suicune|404\/404
|-damage|p2a: Suicune|354\/404|[from] Stealth Rock
|-ability|p2a: Suicune|Pressure
|move|p1a: Breloom|Spore|p2a: Suicune
|-status|p2a: Suicune|slp
|
|-heal|p2a: Suicune|379\/404 slp|[from] item: Leftovers
|turn|4
|
|switch|p2a: Skarmory|Skarmory, M|334\/334
|-damage|p2a: Skarmory|293\/334|[from] Stealth Rock
|move|p1a: Breloom|Rock Tomb|p2a: Skarmory
|-damage|p2a: Skarmory|220\/334
|-unboost|p2a: Skarmory|spe|1
|
|-heal|p2a: Skarmory|240\/334|[from] item: Leftovers
|turn|5
|join|Sir John
|
|switch|p1a: Rotom-Wash|Rotom-Wash|304\/304
|move|p2a: Skarmory|Defog|p1a: Rotom-Wash
|-unboost|p1a: Rotom-Wash|evasion|1
|-sideend|p2: LT8B DropTheBass|Stealth Rock|[from] move: Defog|[of] p2a: Skarmory
|
|-heal|p2a: Skarmory|260\/334|[from] item: Leftovers
|turn|6
|
|switch|p2a: Clefable|Clefable, F|394\/394
|move|p1a: Rotom-Wash|Hydro Pump|p2a: Clefable
|-damage|p2a: Clefable|129\/394
|
|-heal|p2a: Clefable|153\/394|[from] item: Leftovers
|turn|7
|leave|Sir John
|
|switch|p2a: Suicune|Suicune|379\/404 slp
|-ability|p2a: Suicune|Pressure
|move|p1a: Rotom-Wash|Hydro Pump|p2a: Suicune
|-resisted|p2a: Suicune
|-damage|p2a: Suicune|269\/404 slp
|
|-heal|p2a: Suicune|294\/404 slp|[from] item: Leftovers
|turn|8
|
|switch|p1a: Garchomp|Garchomp, F|303\/358
|cant|p2a: Suicune|slp
|move|p2a: Suicune|Sleep Talk|p2a: Suicune
|move|p2a: Suicune|Scald|p1a: Garchomp|[from]Sleep Talk
|-damage|p1a: Garchomp|198\/358
|-status|p1a: Garchomp|brn
|
|-heal|p2a: Suicune|319\/404 slp|[from] item: Leftovers
|-damage|p1a: Garchomp|154\/358 brn|[from] brn
|turn|9
|
|switch|p2a: Dugtrio|Dugtrio, M|201\/201
|move|p1a: Garchomp|Stealth Rock|p2a: Dugtrio
|-sidestart|p2: LT8B DropTheBass|move: Stealth Rock
|
|-damage|p1a: Garchomp|110\/358 brn|[from] brn
|turn|10
|
|move|p2a: Dugtrio|Earthquake|p1a: Garchomp
|-damage|p1a: Garchomp|0 fnt
|faint|p1a: Garchomp
|
|
|switch|p1a: Breloom|Breloom, M|262\/262
|turn|11
|
|switch|p2a: Skarmory|Skarmory, M|260\/334
|-damage|p2a: Skarmory|219\/334|[from] Stealth Rock
|move|p1a: Breloom|Bullet Seed|p2a: Skarmory
|-resisted|p2a: Skarmory
|-damage|p2a: Skarmory|208\/334
|-crit|p2a: Skarmory
|-resisted|p2a: Skarmory
|-damage|p2a: Skarmory|190\/334
|-hitcount|p2a: Skarmory|2
|
|-heal|p2a: Skarmory|210\/334|[from] item: Leftovers
|turn|12
|
|switch|p1a: Rotom-Wash|Rotom-Wash|304\/304
|move|p2a: Skarmory|Defog|p1a: Rotom-Wash
|-unboost|p1a: Rotom-Wash|evasion|1
|-sideend|p2: LT8B DropTheBass|Stealth Rock|[from] move: Defog|[of] p2a: Skarmory
|
|-heal|p2a: Skarmory|230\/334|[from] item: Leftovers
|turn|13
|
|switch|p2a: Clefable|Clefable, F|153\/394
|move|p1a: Rotom-Wash|Volt Switch|p2a: Clefable
|-damage|p2a: Clefable|0 fnt
|faint|p2a: Clefable
|
|switch|p1a: Banette|Banette, F|332\/332
|
|
|switch|p2a: Charizard|Charizard, M|359\/359
|turn|14
|
|detailschange|p2a: Charizard|Charizard-Mega-X, M
|message|Charizard has Mega Evolved into Mega Charizard!
|detailschange|p1a: Banette|Banette-Mega, F
|message|Banette has Mega Evolved into Mega Banette!
|move|p2a: Charizard|Will-O-Wisp|p1a: Banette
|-status|p1a: Banette|brn
|move|p1a: Banette|Destiny Bond|p1a: Banette
|-singlemove|p1a: Banette|Destiny Bond
|
|-damage|p1a: Banette|291\/332 brn|[from] brn
|turn|15
|
|move|p1a: Banette|Taunt|p2a: Charizard
|-start|p2a: Charizard|move: Taunt
|move|p2a: Charizard|Dragon Claw|p1a: Banette
|-damage|p1a: Banette|81\/332 brn
|
|-damage|p1a: Banette|40\/332 brn|[from] brn
|turn|16
|
|switch|p2a: Tornadus-Therian|Tornadus-Therian, M|332\/332
|switch|p1a: Gardevoir|Gardevoir, M|278\/278
|-ability|p1a: Gardevoir|Regenerator|[from] ability: Trace|[of] p2a: Tornadus-Therian
|
|turn|17
|
|move|p1a: Gardevoir|Moonblast|p2a: Tornadus-Therian
|-damage|p2a: Tornadus-Therian|217\/332
|move|p2a: Tornadus-Therian|Hurricane|p1a: Gardevoir
|-crit|p1a: Gardevoir
|-damage|p1a: Gardevoir|64\/278
|
|turn|18
|
|switch|p1a: Rotom-Wash|Rotom-Wash|304\/304
|move|p2a: Tornadus-Therian|Knock Off|p1a: Rotom-Wash
|-damage|p1a: Rotom-Wash|241\/304
|-enditem|p1a: Rotom-Wash|Choice Specs|[from] move: Knock Off|[of] p2a: Tornadus-Therian
|
|turn|19
|
|move|p2a: Tornadus-Therian|U-turn|p1a: Rotom-Wash
|-damage|p1a: Rotom-Wash|197\/304
|
|switch|p2a: Charizard|Charizard-Mega-X, M|359\/359
|move|p1a: Rotom-Wash|Volt Switch|p2a: Charizard
|-resisted|p2a: Charizard
|-damage|p2a: Charizard|309\/359
|
|switch|p1a: Breloom|Breloom, M|262\/262
|
|turn|20
|
|switch|p2a: Skarmory|Skarmory, M|230\/334
|move|p1a: Breloom|Rock Tomb|p2a: Skarmory
|-damage|p2a: Skarmory|155\/334
|-unboost|p2a: Skarmory|spe|1
|
|-heal|p2a: Skarmory|175\/334|[from] item: Leftovers
|turn|21
|
|switch|p1a: Rotom-Wash|Rotom-Wash|197\/304
|move|p2a: Skarmory|Toxic|p1a: Rotom-Wash
|-status|p1a: Rotom-Wash|tox
|
|-heal|p2a: Skarmory|195\/334|[from] item: Leftovers
|-damage|p1a: Rotom-Wash|178\/304 tox|[from] psn
|turn|22
|
|switch|p2a: Charizard|Charizard-Mega-X, M|309\/359
|move|p1a: Rotom-Wash|Volt Switch|p2a: Charizard
|-resisted|p2a: Charizard
|-damage|p2a: Charizard|260\/359
|
|switch|p1a: Gardevoir|Gardevoir, M|156\/278
|-ability|p1a: Gardevoir|Tough Claws|[from] ability: Trace|[of] p2a: Charizard
|
|turn|23
|
|move|p1a: Gardevoir|Psyshock|p2a: Charizard
|-crit|p2a: Charizard
|-damage|p2a: Charizard|68\/359
|move|p2a: Charizard|Fire Punch|p1a: Gardevoir
|-damage|p1a: Gardevoir|0 fnt
|faint|p1a: Gardevoir
|
|
|switch|p1a: Breloom|Breloom, M|262\/262
|turn|24
|
|switch|p2a: Skarmory|Skarmory, M|195\/334
|move|p1a: Breloom|Rock Tomb|p2a: Skarmory
|-damage|p2a: Skarmory|126\/334
|-unboost|p2a: Skarmory|spe|1
|
|-heal|p2a: Skarmory|146\/334|[from] item: Leftovers
|turn|25
|
|move|p1a: Breloom|Rock Tomb|p2a: Skarmory
|-damage|p2a: Skarmory|70\/334
|-unboost|p2a: Skarmory|spe|1
|move|p2a: Skarmory|Roost|p2a: Skarmory
|-heal|p2a: Skarmory|237\/334
|
|-heal|p2a: Skarmory|257\/334|[from] item: Leftovers
|turn|26
|
|switch|p1a: Rotom-Wash|Rotom-Wash|178\/304 tox
|move|p2a: Skarmory|Counter|p1a: Rotom-Wash
|-fail|p1a: Rotom-Wash
|
|-heal|p2a: Skarmory|277\/334|[from] item: Leftovers
|-damage|p1a: Rotom-Wash|159\/304 tox|[from] psn
|turn|27
|
|switch|p2a: Tornadus-Therian|Tornadus-Therian, M|327\/332
|move|p1a: Rotom-Wash|Hydro Pump|p2a: Tornadus-Therian
|-damage|p2a: Tornadus-Therian|195\/332
|
|-damage|p1a: Rotom-Wash|121\/304 tox|[from] psn
|turn|28
|
|move|p2a: Tornadus-Therian|U-turn|p1a: Rotom-Wash
|-damage|p1a: Rotom-Wash|77\/304 tox
|
|switch|p2a: Dugtrio|Dugtrio, M|201\/201
|move|p1a: Rotom-Wash|Thunderbolt|p2a: Dugtrio
|-immune|p2a: Dugtrio|[msg]
|
|-damage|p1a: Rotom-Wash|20\/304 tox|[from] psn
|turn|29
|
|move|p2a: Dugtrio|Stealth Rock|p1a: Rotom-Wash
|-sidestart|p1: bewww|move: Stealth Rock
|move|p1a: Rotom-Wash|Hydro Pump|p2a: Dugtrio|[miss]
|-miss|p1a: Rotom-Wash|p2a: Dugtrio
|
|-damage|p1a: Rotom-Wash|0 fnt|[from] psn
|faint|p1a: Rotom-Wash
|
|switch|p1a: Breloom|Breloom, M|262\/262
|-damage|p1a: Breloom|246\/262|[from] Stealth Rock
|turn|30
|
|switch|p2a: Skarmory|Skarmory, M|277\/334
|move|p1a: Breloom|Bullet Seed|p2a: Skarmory
|-resisted|p2a: Skarmory
|-damage|p2a: Skarmory|266\/334
|-resisted|p2a: Skarmory
|-damage|p2a: Skarmory|255\/334
|-resisted|p2a: Skarmory
|-damage|p2a: Skarmory|244\/334
|-resisted|p2a: Skarmory
|-damage|p2a: Skarmory|234\/334
|-hitcount|p2a: Skarmory|4
|
|-heal|p2a: Skarmory|254\/334|[from] item: Leftovers
|turn|31
|c|âbewww|well cool im going to go ahead and delete some of these males and replace them with other males
|-message|bewww forfeited.
|
|win|LT8B DropTheBass
|raw|Ladder updating...
|raw|bewww's rating: 1625 &rarr; <strong>1603<\/strong><br \/>(-22 for losing)
|raw|LT8B DropTheBass's rating: 1600 &rarr; <strong>1621<\/strong><br \/>(+21 for winning)
|leave|bewww
|player|p1