|join|3OP5U
|join|bewww
|player|p1|3OP5U|266
|player|p2|bewww|159
|gametype|singles
|gen|6
|tier|OU
|rated
|clearpoke
|poke|p1|Conkeldurr, F
|poke|p1|Landorus-Therian, M
|poke|p1|Venusaur, M
|poke|p1|Heatran, M
|poke|p1|Rotom-Wash
|poke|p1|Bisharp, M
|poke|p2|Togekiss, M
|poke|p2|Weavile, F
|poke|p2|Garchomp, M
|poke|p2|Azelf
|poke|p2|Pinsir, M
|poke|p2|Keldeo-Resolute
|rule|Swagger Clause: Swagger is banned
|rule|Baton Pass Clause: Limit one PokÃ©mon knowing Baton Pass
|rule|Sleep Clause Mod: Limit one foe put to sleep
|rule|Species Clause: Limit one of each PokÃ©mon
|rule|OHKO Clause: OHKO moves are banned
|rule|Moody Clause: Moody is banned
|rule|Evasion Moves Clause: Evasion moves are banned
|rule|Endless Battle Clause: Forcing endless battles is banned
|rule|HP Percentage Mod: HP is shown in percentages
|teampreview
|
|start
|switch|p1a: Rotom-Wash|Rotom-Wash|304\/304
|switch|p2a: Azelf|Azelf|331\/331
|turn|1
|
|move|p2a: Azelf|Taunt|p1a: Rotom-Wash
|-start|p1a: Rotom-Wash|move: Taunt
|move|p1a: Rotom-Wash|Volt Switch|p2a: Azelf
|-damage|p2a: Azelf|207\/331
|
|switch|p1a: Landorus-Therian|Landorus-Therian, M|320\/320
|-ability|p1a: Landorus-Therian|Intimidate|[of] p2a: Azelf
|-unboost|p2a: Azelf|atk|1
|
|turn|2
|
|switch|p2a: Garchomp|Garchomp, M|357\/357
|move|p1a: Landorus-Therian|U-turn|p2a: Garchomp
|-damage|p2a: Garchomp|257\/357
|-damage|p1a: Landorus-Therian|280\/320|[from] ability: Rough Skin|[of] p2a: Garchomp
|
|switch|p1a: Rotom-Wash|Rotom-Wash|304\/304
|
|turn|3
|
|move|p2a: Garchomp|Swords Dance|p2a: Garchomp
|-boost|p2a: Garchomp|atk|2
|move|p1a: Rotom-Wash|Will-O-Wisp|p2a: Garchomp
|-status|p2a: Garchomp|brn
|-enditem|p2a: Garchomp|Lum Berry|[eat]
|-curestatus|p2a: Garchomp|brn
|
|turn|4
|
|move|p2a: Garchomp|Outrage|p1a: Rotom-Wash
|-damage|p1a: Rotom-Wash|0 fnt
|faint|p1a: Rotom-Wash
|
|
|switch|p1a: Bisharp|Bisharp, M|321\/321
|turn|5
|
|move|p1a: Bisharp|Sucker Punch|p2a: Garchomp
|-damage|p2a: Garchomp|58\/357
|-damage|p1a: Bisharp|281\/321|[from] ability: Rough Skin|[of] p2a: Garchomp
|-damage|p1a: Bisharp|249\/321|[from] item: Life Orb
|move|p2a: Garchomp|Outrage|p1a: Bisharp
|-resisted|p1a: Bisharp
|-damage|p1a: Bisharp|33\/321
|
|turn|6
|
|move|p1a: Bisharp|Sucker Punch|p2a: Garchomp
|-damage|p2a: Garchomp|0 fnt
|-damage|p1a: Bisharp|0 fnt|[from] ability: Rough Skin|[of] p2a: Garchomp
|faint|p1a: Bisharp
|faint|p2a: Garchomp
|
|
|switch|p1a: Landorus-Therian|Landorus-Therian, M|280\/320
|switch|p2a: Azelf|Azelf|207\/331
|-ability|p1a: Landorus-Therian|Intimidate|[of] p2a: Azelf
|-unboost|p2a: Azelf|atk|1
|turn|7
|
|switch|p2a: Keldeo-Resolute|Keldeo-Resolute|323\/323
|move|p1a: Landorus-Therian|U-turn|p2a: Keldeo-Resolute
|-resisted|p2a: Keldeo-Resolute
|-damage|p2a: Keldeo-Resolute|271\/323
|
|switch|p1a: Venusaur|Venusaur, M|364\/364
|
|-heal|p2a: Keldeo-Resolute|291\/323|[from] item: Leftovers
|turn|8
|
|switch|p2a: Togekiss|Togekiss, M|312\/312
|detailschange|p1a: Venusaur|Venusaur-Mega, M
|message|Venusaur has Mega Evolved into Mega Venusaur!
|move|p1a: Venusaur|Sludge Bomb|p2a: Togekiss
|-supereffective|p2a: Togekiss
|-damage|p2a: Togekiss|48\/312
|
|turn|9
|
|switch|p1a: Heatran|Heatran, M|386\/386
|move|p2a: Togekiss|Aura Sphere|p1a: Heatran
|-crit|p1a: Heatran
|-supereffective|p1a: Heatran
|-damage|p1a: Heatran|194\/386
|
|-heal|p1a: Heatran|218\/386|[from] item: Leftovers
|turn|10
|
|switch|p2a: Keldeo-Resolute|Keldeo-Resolute|291\/323
|move|p1a: Heatran|Stealth Rock|p2a: Keldeo-Resolute
|-sidestart|p2: bewww|move: Stealth Rock
|
|-heal|p2a: Keldeo-Resolute|311\/323|[from] item: Leftovers
|-heal|p1a: Heatran|242\/386|[from] item: Leftovers
|turn|11
|
|switch|p1a: Venusaur|Venusaur-Mega, M|364\/364
|move|p2a: Keldeo-Resolute|Scald|p1a: Venusaur
|-resisted|p1a: Venusaur
|-damage|p1a: Venusaur|300\/364
|
|-heal|p2a: Keldeo-Resolute|323\/323|[from] item: Leftovers
|turn|12
|
|switch|p2a: Togekiss|Togekiss, M|48\/312
|-damage|p2a: Togekiss|0 fnt|[from] Stealth Rock
|faint|p2a: Togekiss
|move|p1a: Venusaur|Sludge Bomb|p2: Togekiss|[notarget]
|-notarget
|
|
|switch|p2a: Azelf|Azelf|207\/331
|-damage|p2a: Azelf|166\/331|[from] Stealth Rock
|turn|13
|
|move|p2a: Azelf|Stealth Rock|p1a: Venusaur
|-sidestart|p1: 3OP5U|move: Stealth Rock
|move|p1a: Venusaur|Sludge Bomb|p2a: Azelf
|-damage|p2a: Azelf|0 fnt
|faint|p2a: Azelf
|
|
|switch|p2a: Pinsir|Pinsir, M|271\/271
|-damage|p2a: Pinsir|204\/271|[from] Stealth Rock
|turn|14
|
|switch|p1a: Heatran|Heatran, M|242\/386
|-damage|p1a: Heatran|194\/386|[from] Stealth Rock
|detailschange|p2a: Pinsir|Pinsir-Mega, M
|message|Pinsir has Mega Evolved into Mega Pinsir!
|move|p2a: Pinsir|Return|p1a: Heatran
|-resisted|p1a: Heatran
|-damage|p1a: Heatran|64\/386
|
|-heal|p1a: Heatran|88\/386|[from] item: Leftovers
|turn|15
|
|move|p2a: Pinsir|Return|p1a: Heatran
|-resisted|p1a: Heatran
|-damage|p1a: Heatran|0 fnt
|faint|p1a: Heatran
|
|
|switch|p1a: Landorus-Therian|Landorus-Therian, M|280\/320
|-damage|p1a: Landorus-Therian|240\/320|[from] Stealth Rock
|-ability|p1a: Landorus-Therian|Intimidate|[of] p2a: Pinsir
|-unboost|p2a: Pinsir|atk|1
|turn|16
|
|switch|p2a: Keldeo-Resolute|Keldeo-Resolute|323\/323
|-damage|p2a: Keldeo-Resolute|303\/323|[from] Stealth Rock
|move|p1a: Landorus-Therian|Stone Edge|p2a: Keldeo-Resolute
|-crit|p2a: Keldeo-Resolute
|-resisted|p2a: Keldeo-Resolute
|-damage|p2a: Keldeo-Resolute|183\/323
|
|-heal|p2a: Keldeo-Resolute|203\/323|[from] item: Leftovers
|turn|17
|
|switch|p1a: Conkeldurr|Conkeldurr, F|353\/353
|-damage|p1a: Conkeldurr|331\/353|[from] Stealth Rock
|move|p2a: Keldeo-Resolute|Scald|p1a: Conkeldurr
|-damage|p1a: Conkeldurr|223\/353
|
|-heal|p2a: Keldeo-Resolute|223\/323|[from] item: Leftovers
|turn|18
|
|move|p2a: Keldeo-Resolute|Secret Sword|p1a: Conkeldurr
|-damage|p1a: Conkeldurr|70\/353
|move|p1a: Conkeldurr|Ice Punch|p2a: Keldeo-Resolute
|-crit|p2a: Keldeo-Resolute
|-resisted|p2a: Keldeo-Resolute
|-damage|p2a: Keldeo-Resolute|136\/323
|
|-heal|p2a: Keldeo-Resolute|156\/323|[from] item: Leftovers
|turn|19
|
|move|p1a: Conkeldurr|Mach Punch|p2a: Keldeo-Resolute
|-damage|p2a: Keldeo-Resolute|66\/323
|move|p2a: Keldeo-Resolute|Scald|p1a: Conkeldurr
|-damage|p1a: Conkeldurr|0 fnt
|faint|p1a: Conkeldurr
|
|-heal|p2a: Keldeo-Resolute|86\/323|[from] item: Leftovers
|
|switch|p1a: Venusaur|Venusaur-Mega, M|300\/364
|-damage|p1a: Venusaur|255\/364|[from] Stealth Rock
|turn|20
|
|move|p2a: Keldeo-Resolute|Scald|p1a: Venusaur
|-resisted|p1a: Venusaur
|-damage|p1a: Venusaur|192\/364
|-status|p1a: Venusaur|brn
|move|p1a: Venusaur|Sludge Bomb|p2a: Keldeo-Resolute
|-damage|p2a: Keldeo-Resolute|0 fnt
|faint|p2a: Keldeo-Resolute
|
|-damage|p1a: Venusaur|147\/364 brn|[from] brn
|
|switch|p2a: Pinsir|Pinsir-Mega, M|204\/271
|-damage|p2a: Pinsir|69\/271|[from] Stealth Rock
|turn|21
|
|move|p2a: Pinsir|Return|p1a: Venusaur
|-supereffective|p1a: Venusaur
|-damage|p1a: Venusaur|0 fnt
|faint|p1a: Venusaur
|
|
|switch|p1a: Landorus-Therian|Landorus-Therian, M|240\/320
|-damage|p1a: Landorus-Therian|200\/320|[from] Stealth Rock
|-ability|p1a: Landorus-Therian|Intimidate|[of] p2a: Pinsir
|-unboost|p2a: Pinsir|atk|1
|turn|22
|
|move|p2a: Pinsir|Quick Attack|p1a: Landorus-Therian
|-damage|p1a: Landorus-Therian|121\/320
|move|p1a: Landorus-Therian|Stone Edge|p2a: Pinsir|[miss]
|-miss|p1a: Landorus-Therian|p2a: Pinsir
|
|turn|23
|
|move|p2a: Pinsir|Quick Attack|p1a: Landorus-Therian
|-damage|p1a: Landorus-Therian|40\/320
|move|p1a: Landorus-Therian|Stone Edge|p2a: Pinsir|[miss]
|-miss|p1a: Landorus-Therian|p2a: Pinsir
|
|turn|24
|c|â3OP5U|K
|
|move|p2a: Pinsir|Quick Attack|p1a: Landorus-Therian
|-damage|p1a: Landorus-Therian|0 fnt
|faint|p1a: Landorus-Therian
|
|win|bewww
|raw|Ladder updating...
|raw|3OP5U's rating: 1592 &rarr; <strong>1573<\/strong><br \/>(-19 for losing)
|raw|bewww's rating: 1604 &rarr; <strong>1623<\/strong><br \/>(+19 for winning)
|leave|3OP5U
|player|p1
|leave|bewww
|player|p2
|join|bewww