|join|Amphibi
|join|bewww
|player|p1|Amphibi|25
|player|p2|bewww|159
|gametype|singles
|gen|6
|tier|OU
|rated
|clearpoke
|poke|p1|Greninja, M, shiny
|poke|p1|Sceptile, M
|poke|p1|Thundurus, M
|poke|p1|Heatran, M, shiny
|poke|p1|Gengar, M
|poke|p1|Diggersby, M
|poke|p2|Azumarill, F
|poke|p2|Scizor, M
|poke|p2|Venusaur, F
|poke|p2|Weavile, F
|poke|p2|Garchomp, F
|poke|p2|Dragonite, F
|rule|Swagger Clause: Swagger is banned
|rule|Baton Pass Clause: Limit one PokÃ©mon knowing Baton Pass
|rule|Sleep Clause Mod: Limit one foe put to sleep
|rule|Species Clause: Limit one of each PokÃ©mon
|rule|OHKO Clause: OHKO moves are banned
|rule|Moody Clause: Moody is banned
|rule|Evasion Moves Clause: Evasion moves are banned
|rule|Endless Battle Clause: Forcing endless battles is banned
|rule|HP Percentage Mod: HP is shown in percentages
|teampreview
|
|start
|switch|p1a: Gengar|Gengar, M|262\/262
|switch|p2a: Garchomp|Garchomp, F|420\/420
|turn|1
|
|switch|p1a: Heatroll|Heatran, M, shiny|323\/323
|move|p2a: Garchomp|Fire Blast|p1a: Heatroll
|-start|p1a: Heatroll|ability: Flash Fire
|
|turn|2
|
|move|p1a: Heatroll|Overheat|p2a: Garchomp
|-resisted|p2a: Garchomp
|-damage|p2a: Garchomp|236\/420
|-unboost|p1a: Heatroll|spa|2
|move|p2a: Garchomp|Earthquake|p1a: Heatroll
|-supereffective|p1a: Heatroll
|-damage|p1a: Heatroll|0 fnt
|faint|p1a: Heatroll
|
|
|switch|p1a: Lakitu|Thundurus, M|299\/299
|turn|3
|
|switch|p2a: Venusaur|Venusaur, F|364\/364
|move|p1a: Lakitu|Hidden Power|p2a: Venusaur
|-supereffective|p2a: Venusaur
|-damage|p2a: Venusaur|208\/364
|-damage|p1a: Lakitu|270\/299|[from] item: Life Orb
|
|turn|4
|
|switch|p1a: Gengar|Gengar, M|262\/262
|detailschange|p2a: Venusaur|Venusaur-Mega, F
|message|Venusaur has Mega Evolved into Mega Venusaur!
|move|p2a: Venusaur|Synthesis|p2a: Venusaur
|-heal|p2a: Venusaur|364\/364
|
|turn|5
|
|switch|p2a: Scizor|Scizor, M|344\/344
|move|p1a: Gengar|Substitute|p1a: Gengar
|-start|p1a: Gengar|Substitute
|-damage|p1a: Gengar|197\/262
|
|-heal|p1a: Gengar|213\/262|[from] item: Leftovers
|turn|6
|
|move|p2a: Scizor|Bullet Punch|p1a: Gengar
|-end|p1a: Gengar|Substitute
|move|p1a: Gengar|Shadow Ball|p2a: Scizor
|-damage|p2a: Scizor|170\/344
|-unboost|p2a: Scizor|spd|1
|
|-heal|p1a: Gengar|229\/262|[from] item: Leftovers
|turn|7
|
|move|p2a: Scizor|Bullet Punch|p1a: Gengar
|-damage|p1a: Gengar|0 fnt
|faint|p1a: Gengar
|
|
|switch|p1a: BlackâStar|Greninja, M, shiny|285\/285
|turn|8
|
|switch|p2a: Venusaur|Venusaur-Mega, F|364\/364
|move|p1a: BlackâStar|Hidden Power|p2a: Venusaur
|-start|p1a: BlackâStar|typechange|Fire|[from] Protean
|-supereffective|p2a: Venusaur
|-damage|p2a: Venusaur|276\/364
|-damage|p1a: BlackâStar|257\/285|[from] item: Life Orb
|
|turn|9
|
|move|p1a: BlackâStar|Gunk Shot|p2a: Venusaur|[miss]
|-start|p1a: BlackâStar|typechange|Poison|[from] Protean
|-miss|p1a: BlackâStar|p2a: Venusaur
|move|p2a: Venusaur|Synthesis|p2a: Venusaur
|-heal|p2a: Venusaur|364\/364
|
|turn|10
|
|move|p1a: BlackâStar|Hidden Power|p2a: Venusaur
|-start|p1a: BlackâStar|typechange|Fire|[from] Protean
|-supereffective|p2a: Venusaur
|-damage|p2a: Venusaur|268\/364
|-damage|p1a: BlackâStar|229\/285|[from] item: Life Orb
|move|p2a: Venusaur|Sludge Bomb|p1a: BlackâStar
|-damage|p1a: BlackâStar|49\/285
|-status|p1a: BlackâStar|psn
|
|-damage|p1a: BlackâStar|14\/285 psn|[from] psn
|turn|11
|
|move|p1a: BlackâStar|Gunk Shot|p2a: Venusaur
|-start|p1a: BlackâStar|typechange|Poison|[from] Protean
|-damage|p2a: Venusaur|135\/364
|-damage|p1a: BlackâStar|0 fnt|[from] item: Life Orb
|faint|p1a: BlackâStar
|move|p2a: Venusaur|Synthesis|p2a: Venusaur
|-heal|p2a: Venusaur|317\/364
|
|
|switch|p1a: Diggersby|Diggersby, M|311\/311
|turn|12
|
|move|p1a: Diggersby|Earthquake|p2a: Venusaur
|-damage|p2a: Venusaur|178\/364
|move|p2a: Venusaur|Leech Seed|p1a: Diggersby
|-start|p1a: Diggersby|move: Leech Seed
|
|-damage|p1a: Diggersby|273\/311|[from] Leech Seed|[of] p2a: Venusaur
|-heal|p2a: Venusaur|216\/364|[silent]
|turn|13
|
|switch|p1a: Unacsceptable|Sceptile, M|281\/281
|move|p2a: Venusaur|Synthesis|p2a: Venusaur
|-heal|p2a: Venusaur|364\/364
|
|turn|14
|
|detailschange|p1a: Unacsceptable|Sceptile-Mega, M
|message|Sceptile has Mega Evolved into Mega Sceptile!
|move|p1a: Unacsceptable|Dragon Pulse|p2a: Venusaur
|-damage|p2a: Venusaur|226\/364
|move|p2a: Venusaur|Sludge Bomb|p1a: Unacsceptable
|-supereffective|p1a: Unacsceptable
|-damage|p1a: Unacsceptable|0 fnt
|faint|p1a: Unacsceptable
|
|
|switch|p1a: Lakitu|Thundurus, M|270\/299
|turn|15
|
|move|p1a: Lakitu|Thunder Wave|p2a: Venusaur
|-status|p2a: Venusaur|par
|move|p2a: Venusaur|Synthesis|p2a: Venusaur
|-heal|p2a: Venusaur|364\/364 par
|
|turn|16
|
|move|p1a: Lakitu|Taunt|p2a: Venusaur
|-start|p2a: Venusaur|move: Taunt
|cant|p2a: Venusaur|move: Taunt|Leech Seed
|
|turn|17
|
|switch|p1a: Diggersby|Diggersby, M|273\/311
|move|p2a: Venusaur|Sludge Bomb|p1a: Diggersby
|-resisted|p1a: Diggersby
|-damage|p1a: Diggersby|196\/311
|-status|p1a: Diggersby|psn
|
|-damage|p1a: Diggersby|158\/311 psn|[from] psn
|turn|18
|
|move|p1a: Diggersby|Return|p2a: Venusaur
|-damage|p2a: Venusaur|219\/364 par
|cant|p2a: Venusaur|par
|
|-damage|p1a: Diggersby|120\/311 psn|[from] psn
|-end|p2a: Venusaur|move: Taunt
|turn|19
|
|move|p1a: Diggersby|Return|p2a: Venusaur
|-damage|p2a: Venusaur|65\/364 par
|move|p2a: Venusaur|Synthesis|p2a: Venusaur
|-heal|p2a: Venusaur|247\/364 par
|
|-damage|p1a: Diggersby|82\/311 psn|[from] psn
|turn|20
|
|switch|p2a: Garchomp|Garchomp, F|236\/420
|move|p1a: Diggersby|Return|p2a: Garchomp
|-damage|p2a: Garchomp|86\/420
|-damage|p1a: Diggersby|44\/311 psn|[from] ability: Rough Skin|[of] p2a: Garchomp
|-damage|p1a: Diggersby|0 fnt|[from] item: Rocky Helmet|[of] p2a: Garchomp
|faint|p1a: Diggersby
|
|
|switch|p1a: Lakitu|Thundurus, M|270\/299
|turn|21
|
|move|p1a: Lakitu|Hidden Power|p2a: Garchomp
|-supereffective|p2a: Garchomp
|-damage|p2a: Garchomp|0 fnt
|-damage|p1a: Lakitu|241\/299|[from] item: Life Orb
|faint|p2a: Garchomp
|
|
|switch|p2a: Weavile|Weavile, F|282\/282
|-ability|p2a: Weavile|Pressure
|turn|22
|
|move|p2a: Weavile|Ice Shard|p1a: Lakitu
|-supereffective|p1a: Lakitu
|-damage|p1a: Lakitu|15\/299
|-damage|p2a: Weavile|254\/282|[from] item: Life Orb
|move|p1a: Lakitu|Thunder Wave|p2a: Weavile
|-status|p2a: Weavile|par
|
|turn|23
|
|move|p2a: Weavile|Ice Shard|p1a: Lakitu
|-supereffective|p1a: Lakitu
|-damage|p1a: Lakitu|0 fnt
|-damage|p2a: Weavile|226\/282 par|[from] item: Life Orb
|faint|p1a: Lakitu
|
|win|bewww
|raw|Ladder updating...
|raw|Amphibi's rating: 1399 &rarr; <strong>1382<\/strong><br \/>(-17 for losing)
|raw|bewww's rating: 1450 &rarr; <strong>1467<\/strong><br \/>(+17 for winning)
|c|âbewww|gg
|c|âAmphibi|gg