|join|bewww
|join|wellan20
|player|p1|bewww|159
|player|p2|wellan20|136
|gametype|singles
|gen|6
|tier|OU
|rated
|clearpoke
|poke|p1|Jynx, F
|poke|p1|Regice
|poke|p1|Metagross
|poke|p1|Kyurem-Black
|poke|p1|Garchomp, M
|poke|p1|Froslass, F
|poke|p2|Pinsir, F
|poke|p2|Thundurus, M
|poke|p2|Mew
|poke|p2|Excadrill, M
|poke|p2|Heatran, F
|poke|p2|Keldeo-Resolute
|rule|Swagger Clause: Swagger is banned
|rule|Baton Pass Clause: Limit one PokÃ©mon knowing Baton Pass
|rule|Sleep Clause Mod: Limit one foe put to sleep
|rule|Species Clause: Limit one of each PokÃ©mon
|rule|OHKO Clause: OHKO moves are banned
|rule|Moody Clause: Moody is banned
|rule|Evasion Moves Clause: Evasion moves are banned
|rule|Endless Battle Clause: Forcing endless battles is banned
|rule|HP Percentage Mod: HP is shown in percentages
|teampreview
|
|start
|switch|p1a: Jynx|Jynx, F|272\/272
|switch|p2a: Thundurus|Thundurus, M|300\/300
|turn|1
|
|switch|p2a: Heatran|Heatran, F|323\/323
|move|p1a: Jynx|Lovely Kiss|p2a: Heatran
|-status|p2a: Heatran|slp
|
|turn|2
|
|switch|p2a: Excadrill|Excadrill, M|362\/362
|-ability|p2a: Excadrill|Mold Breaker
|switch|p1a: Garchomp|Garchomp, M|420\/420
|
|turn|3
|
|switch|p2a: Thundurus|Thundurus, M|300\/300
|move|p1a: Garchomp|Stealth Rock|p2a: Thundurus
|-sidestart|p2: wellan20|move: Stealth Rock
|
|turn|4
|
|switch|p1a: Regice|Regice|364\/364
|move|p2a: Thundurus|Substitute|p2a: Thundurus
|-start|p2a: Thundurus|Substitute
|-damage|p2a: Thundurus|225\/300
|
|-heal|p2a: Thundurus|243\/300|[from] item: Leftovers
|turn|5
|
|move|p2a: Thundurus|Nasty Plot|p2a: Thundurus
|-boost|p2a: Thundurus|spa|2
|move|p1a: Regice|Thunderbolt|p2a: Thundurus
|-end|p2a: Thundurus|Substitute
|
|-heal|p2a: Thundurus|261\/300|[from] item: Leftovers
|turn|6
|
|move|p2a: Thundurus|Thunderbolt|p1a: Regice
|-damage|p1a: Regice|222\/364
|move|p1a: Regice|Ice Beam|p2a: Thundurus
|-crit|p2a: Thundurus
|-supereffective|p2a: Thundurus
|-damage|p2a: Thundurus|0 fnt
|faint|p2a: Thundurus
|
|-heal|p1a: Regice|244\/364|[from] item: Leftovers
|c|âwellan20|!data regice
|c|~|\/data-pokemon Regice

|
|switch|p2a: Keldeo-Resolute|Keldeo-Resolute|323\/323
|-damage|p2a: Keldeo-Resolute|303\/323|[from] Stealth Rock
|turn|7
|
|move|p2a: Keldeo-Resolute|Secret Sword|p1a: Regice
|-supereffective|p1a: Regice
|-damage|p1a: Regice|0 fnt
|faint|p1a: Regice
|
|
|switch|p1a: Metagross|Metagross|301\/301
|turn|8
|
|switch|p2a: Mew|Mew|404\/404
|-damage|p2a: Mew|354\/404|[from] Stealth Rock
|detailschange|p1a: Metagross|Metagross-Mega
|message|Metagross has Mega Evolved into Mega Metagross!
|move|p1a: Metagross|Meteor Mash|p2a: Mew
|-damage|p2a: Mew|113\/404
|
|-heal|p2a: Mew|138\/404|[from] item: Leftovers
|turn|9
|
|move|p1a: Metagross|Meteor Mash|p2a: Mew
|-damage|p2a: Mew|0 fnt
|faint|p2a: Mew
|
|
|switch|p2a: Excadrill|Excadrill, M|362\/362
|-damage|p2a: Excadrill|351\/362|[from] Stealth Rock
|-ability|p2a: Excadrill|Mold Breaker
|turn|10
|
|switch|p1a: Garchomp|Garchomp, M|420\/420
|move|p2a: Excadrill|Earthquake|p1a: Garchomp
|-damage|p1a: Garchomp|270\/420
|
|turn|11
|
|switch|p2a: Keldeo-Resolute|Keldeo-Resolute|303\/323
|-damage|p2a: Keldeo-Resolute|283\/323|[from] Stealth Rock
|move|p1a: Garchomp|Earthquake|p2a: Keldeo-Resolute
|-damage|p2a: Keldeo-Resolute|108\/323
|
|turn|12
|
|move|p2a: Keldeo-Resolute|Scald|p1a: Garchomp
|-damage|p1a: Garchomp|81\/420
|move|p1a: Garchomp|Earthquake|p2a: Keldeo-Resolute
|-damage|p2a: Keldeo-Resolute|0 fnt
|faint|p2a: Keldeo-Resolute
|
|
|switch|p2a: Excadrill|Excadrill, M|351\/362
|-damage|p2a: Excadrill|340\/362|[from] Stealth Rock
|-ability|p2a: Excadrill|Mold Breaker
|turn|13
|
|move|p2a: Excadrill|Earthquake|p1a: Garchomp
|-damage|p1a: Garchomp|0 fnt
|faint|p1a: Garchomp
|
|
|switch|p1a: Froslass|Froslass, F|281\/281
|turn|14
|
|switch|p2a: Heatran|Heatran, F|323\/323 slp
|-damage|p2a: Heatran|283\/323 slp|[from] Stealth Rock
|move|p1a: Froslass|Ice Beam|p2a: Heatran
|-resisted|p2a: Heatran
|-damage|p2a: Heatran|254\/323 slp
|
|turn|15
|
|cant|p2a: Heatran|slp
|move|p1a: Froslass|Spikes|p2a: Heatran
|-sidestart|p2: wellan20|Spikes
|
|turn|16
|
|cant|p2a: Heatran|slp
|move|p1a: Froslass|Spikes|p2a: Heatran
|-sidestart|p2: wellan20|Spikes
|
|turn|17
|
|-curestatus|p2a: Heatran|slp
|move|p2a: Heatran|Lava Plume|p1a: Froslass
|-supereffective|p1a: Froslass
|-enditem|p1a: Froslass|Focus Sash
|-damage|p1a: Froslass|1\/281
|-start|p2a: Heatran|Disable|Lava Plume
|move|p1a: Froslass|Spikes|p2a: Heatran
|-sidestart|p2: wellan20|Spikes
|
|turn|18
|
|switch|p2a: Excadrill|Excadrill, M|340\/362
|-damage|p2a: Excadrill|250\/362|[from] Spikes
|-damage|p2a: Excadrill|239\/362|[from] Stealth Rock
|-ability|p2a: Excadrill|Mold Breaker
|move|p1a: Froslass|Destiny Bond|p1a: Froslass
|-singlemove|p1a: Froslass|Destiny Bond
|
|turn|19
|
|move|p2a: Excadrill|Rapid Spin|p1a: Froslass
|-immune|p1a: Froslass|[msg]
|move|p1a: Froslass|Ice Beam|p2a: Excadrill
|-damage|p2a: Excadrill|67\/362
|
|turn|20
|
|switch|p2a: Heatran|Heatran, F|254\/323
|-damage|p2a: Heatran|174\/323|[from] Spikes
|-damage|p2a: Heatran|134\/323|[from] Stealth Rock
|move|p1a: Froslass|Ice Beam|p2a: Heatran
|-resisted|p2a: Heatran
|-damage|p2a: Heatran|106\/323
|
|turn|21
|
|move|p2a: Heatran|Lava Plume|p1a: Froslass
|-supereffective|p1a: Froslass
|-damage|p1a: Froslass|0 fnt
|-start|p2a: Heatran|Disable|Lava Plume
|faint|p1a: Froslass
|
|
|switch|p1a: Metagross|Metagross-Mega|301\/301
|turn|22
|
|move|p2a: Heatran|Struggle|p1a: Metagross
|-crit|p1a: Metagross
|-damage|p1a: Metagross|264\/301
|-damage|p2a: Heatran|26\/323
|move|p1a: Metagross|Meteor Mash|p2a: Heatran
|-resisted|p2a: Heatran
|-damage|p2a: Heatran|0 fnt
|faint|p2a: Heatran
|
|
|switch|p2a: Excadrill|Excadrill, M|67\/362
|-damage|p2a: Excadrill|0 fnt|[from] Spikes
|faint|p2a: Excadrill
|
|switch|p2a: Pinsir|Pinsir, F|271\/271
|-damage|p2a: Pinsir|204\/271|[from] Spikes
|-damage|p2a: Pinsir|137\/271|[from] Stealth Rock
|turn|23
|
|detailschange|p2a: Pinsir|Pinsir-Mega, F
|message|Pinsir has Mega Evolved into Mega Pinsir!
|move|p1a: Metagross|Ice Punch|p2a: Pinsir
|-supereffective|p2a: Pinsir
|-damage|p2a: Pinsir|0 fnt
|faint|p2a: Pinsir
|
|win|bewww
|raw|Ladder updating...