|join|bewww
|join|dannylad555
|player|p1|bewww|159
|player|p2|dannylad555|2
|gametype|singles
|gen|6
|tier|OU
|rated
|clearpoke
|poke|p1|Azumarill, F
|poke|p1|Venusaur, F
|poke|p1|Breloom, M
|poke|p1|Weavile, M
|poke|p1|Greninja, M
|poke|p1|Garchomp, M
|poke|p2|Azumarill, M, shiny
|poke|p2|Ferrothorn, M, shiny
|poke|p2|Clefable, F, shiny
|poke|p2|Landorus-Therian, M
|poke|p2|Conkeldurr, M, shiny
|poke|p2|Gardevoir, M, shiny
|rule|Swagger Clause: Swagger is banned
|rule|Baton Pass Clause: Limit one PokÃ©mon knowing Baton Pass
|rule|Sleep Clause Mod: Limit one foe put to sleep
|rule|Species Clause: Limit one of each PokÃ©mon
|rule|OHKO Clause: OHKO moves are banned
|rule|Moody Clause: Moody is banned
|rule|Evasion Moves Clause: Evasion moves are banned
|rule|Endless Battle Clause: Forcing endless battles is banned
|rule|HP Percentage Mod: HP is shown in percentages
|teampreview
|
|start
|switch|p1a: Greninja|Greninja, M|285\/285
|switch|p2a: Gardevoir|Gardevoir, M, shiny|277\/277
|turn|1
|
|detailschange|p2a: Gardevoir|Gardevoir-Mega, M, shiny
|message|Gardevoir has Mega Evolved into Mega Gardevoir!
|move|p1a: Greninja|U-turn|p2a: Gardevoir
|-start|p1a: Greninja|typechange|Bug|[from] Protean
|-damage|p2a: Gardevoir|66\/277
|
|switch|p1a: Azumarill|Azumarill, F|404\/404
|move|p2a: Gardevoir|Hyper Voice|p1a: Azumarill
|-crit|p1a: Azumarill
|-damage|p1a: Azumarill|0 fnt
|faint|p1a: Azumarill
|
|
|switch|p1a: Greninja|Greninja, M|285\/285
|turn|2
|
|switch|p2a: Ferrothorn|Ferrothorn, M, shiny|352\/352
|move|p1a: Greninja|U-turn|p2a: Ferrothorn
|-start|p1a: Greninja|typechange|Bug|[from] Protean
|-damage|p2a: Ferrothorn|256\/352
|-damage|p1a: Greninja|250\/285|[from] ability: Iron Barbs|[of] p2a: Ferrothorn
|-damage|p1a: Greninja|203\/285|[from] item: Rocky Helmet|[of] p2a: Ferrothorn
|
|switch|p1a: Garchomp|Garchomp, M|420\/420
|
|turn|3
|
|move|p1a: Garchomp|Stealth Rock|p2a: Ferrothorn
|-sidestart|p2: dannylad555|move: Stealth Rock
|move|p2a: Ferrothorn|Stealth Rock|p1a: Garchomp
|-sidestart|p1: bewww|move: Stealth Rock
|
|turn|4
|
|move|p1a: Garchomp|Fire Blast|p2a: Ferrothorn
|-supereffective|p2a: Ferrothorn
|-damage|p2a: Ferrothorn|28\/352
|move|p2a: Ferrothorn|Leech Seed|p1a: Garchomp
|-start|p1a: Garchomp|move: Leech Seed
|
|-damage|p1a: Garchomp|368\/420|[from] Leech Seed|[of] p2a: Ferrothorn
|-heal|p2a: Ferrothorn|80\/352|[silent]
|turn|5
|
|switch|p2a: Landorus-Therian|Landorus-Therian, M|320\/320
|-damage|p2a: Landorus-Therian|280\/320|[from] Stealth Rock
|-ability|p2a: Landorus-Therian|Intimidate|[of] p1a: Garchomp
|-unboost|p1a: Garchomp|atk|1
|move|p1a: Garchomp|Earthquake|p2a: Landorus-Therian
|-immune|p2a: Landorus-Therian|[msg]
|
|-damage|p1a: Garchomp|316\/420|[from] Leech Seed|[of] p2a: Landorus-Therian
|-heal|p2a: Landorus-Therian|320\/320|[silent]
|turn|6
|
|move|p2a: Landorus-Therian|Knock Off|p1a: Garchomp
|-damage|p1a: Garchomp|165\/420
|-damage|p2a: Landorus-Therian|280\/320|[from] ability: Rough Skin|[of] p1a: Garchomp
|-damage|p2a: Landorus-Therian|227\/320|[from] item: Rocky Helmet|[of] p1a: Garchomp
|-enditem|p1a: Garchomp|Rocky Helmet|[from] move: Knock Off|[of] p2a: Landorus-Therian
|move|p1a: Garchomp|Toxic|p2a: Landorus-Therian
|-status|p2a: Landorus-Therian|tox
|
|-damage|p1a: Garchomp|113\/420|[from] Leech Seed|[of] p2a: Landorus-Therian
|-heal|p2a: Landorus-Therian|279\/320 tox|[silent]
|-damage|p2a: Landorus-Therian|259\/320 tox|[from] psn
|turn|7
|
|switch|p1a: Breloom|Breloom, M|262\/262
|-damage|p1a: Breloom|246\/262|[from] Stealth Rock
|move|p2a: Landorus-Therian|Knock Off|p1a: Breloom
|-resisted|p1a: Breloom
|-damage|p1a: Breloom|114\/262
|-enditem|p1a: Breloom|Focus Sash|[from] move: Knock Off|[of] p2a: Landorus-Therian
|
|-damage|p2a: Landorus-Therian|219\/320 tox|[from] psn
|turn|8
|
|switch|p2a: Clefable|Clefable, F, shiny|391\/391
|move|p1a: Breloom|Bullet Seed|p2a: Clefable
|-damage|p2a: Clefable|319\/391
|-damage|p2a: Clefable|250\/391
|-damage|p2a: Clefable|187\/391
|-hitcount|p2a: Clefable|3
|
|-heal|p2a: Clefable|211\/391|[from] item: Leftovers
|turn|9
|
|move|p1a: Breloom|Spore|p2a: Clefable
|-status|p2a: Clefable|slp
|cant|p2a: Clefable|slp
|
|-heal|p2a: Clefable|235\/391 slp|[from] item: Leftovers
|turn|10
|
|switch|p2a: Ferrothorn|Ferrothorn, M, shiny|80\/352
|-damage|p2a: Ferrothorn|58\/352|[from] Stealth Rock
|move|p1a: Breloom|Bullet Seed|p2a: Ferrothorn
|-resisted|p2a: Ferrothorn
|-damage|p2a: Ferrothorn|48\/352
|-resisted|p2a: Ferrothorn
|-damage|p2a: Ferrothorn|38\/352
|-resisted|p2a: Ferrothorn
|-damage|p2a: Ferrothorn|28\/352
|-resisted|p2a: Ferrothorn
|-damage|p2a: Ferrothorn|17\/352
|-hitcount|p2a: Ferrothorn|4
|
|turn|11
|
|move|p1a: Breloom|Bullet Seed|p2a: Ferrothorn
|-resisted|p2a: Ferrothorn
|-damage|p2a: Ferrothorn|6\/352
|-resisted|p2a: Ferrothorn
|-damage|p2a: Ferrothorn|0 fnt
|-hitcount|p2a: Ferrothorn|2
|faint|p2a: Ferrothorn
|
|
|switch|p2a: Conkeldurr|Conkeldurr, M, shiny|351\/351
|-damage|p2a: Conkeldurr|330\/351|[from] Stealth Rock
|turn|12
|
|switch|p1a: Garchomp|Garchomp, M|113\/420
|-damage|p1a: Garchomp|87\/420|[from] Stealth Rock
|move|p2a: Conkeldurr|Ice Punch|p1a: Garchomp
|-supereffective|p1a: Garchomp
|-damage|p1a: Garchomp|0 fnt
|-damage|p2a: Conkeldurr|287\/351|[from] ability: Rough Skin|[of] p1a: Garchomp
|faint|p1a: Garchomp
|
|
|switch|p1a: Venusaur|Venusaur, F|364\/364
|-damage|p1a: Venusaur|319\/364|[from] Stealth Rock
|turn|13
|
|detailschange|p1a: Venusaur|Venusaur-Mega, F
|message|Venusaur has Mega Evolved into Mega Venusaur!
|move|p1a: Venusaur|Sludge Bomb|p2a: Conkeldurr
|-damage|p2a: Conkeldurr|196\/351
|move|p2a: Conkeldurr|Ice Punch|p1a: Venusaur
|-supereffective|p1a: Venusaur
|-damage|p1a: Venusaur|249\/364
|
|turn|14
|
|move|p1a: Venusaur|Leech Seed|p2a: Conkeldurr
|-start|p2a: Conkeldurr|move: Leech Seed
|move|p2a: Conkeldurr|Ice Punch|p1a: Venusaur
|-supereffective|p1a: Venusaur
|-damage|p1a: Venusaur|177\/364
|
|-damage|p2a: Conkeldurr|153\/351|[from] Leech Seed|[of] p1a: Venusaur
|-heal|p1a: Venusaur|220\/364|[silent]
|turn|15
|
|switch|p2a: Clefable|Clefable, F, shiny|235\/391 slp
|move|p1a: Venusaur|Synthesis|p1a: Venusaur
|-heal|p1a: Venusaur|364\/364
|
|-heal|p2a: Clefable|259\/391 slp|[from] item: Leftovers
|turn|16
|
|move|p1a: Venusaur|Sludge Bomb|p2a: Clefable
|-supereffective|p2a: Clefable
|-damage|p2a: Clefable|11\/391 slp
|cant|p2a: Clefable|slp
|
|-heal|p2a: Clefable|35\/391 slp|[from] item: Leftovers
|turn|17
|
|move|p1a: Venusaur|Sludge Bomb|p2a: Clefable
|-supereffective|p2a: Clefable
|-damage|p2a: Clefable|0 fnt
|faint|p2a: Clefable
|
|
|switch|p2a: Gardevoir|Gardevoir-Mega, M, shiny|66\/277
|-damage|p2a: Gardevoir|32\/277|[from] Stealth Rock
|turn|18
|
|move|p2a: Gardevoir|Destiny Bond|p2a: Gardevoir
|-singlemove|p2a: Gardevoir|Destiny Bond
|move|p1a: Venusaur|Sludge Bomb|p2a: Gardevoir
|-supereffective|p2a: Gardevoir
|-damage|p2a: Gardevoir|0 fnt
|faint|p2a: Gardevoir
|-activate|p2a: Gardevoir|Destiny Bond
|faint|p1a: Venusaur
|
|
|switch|p1a: Greninja|Greninja, M|203\/285
|switch|p2a: Azumarill|Azumarill, M, shiny|404\/404
|-damage|p1a: Greninja|168\/285|[from] Stealth Rock
|-damage|p2a: Azumarill|354\/404|[from] Stealth Rock
|turn|19
|
|move|p1a: Greninja|Gunk Shot|p2a: Azumarill
|-start|p1a: Greninja|typechange|Poison|[from] Protean
|-crit|p2a: Azumarill
|-supereffective|p2a: Azumarill
|-damage|p2a: Azumarill|0 fnt
|faint|p2a: Azumarill
|
|
|switch|p2a: Conkeldurr|Conkeldurr, M, shiny|153\/351
|-damage|p2a: Conkeldurr|132\/351|[from] Stealth Rock
|turn|20
|
|move|p2a: Conkeldurr|Mach Punch|p1a: Greninja
|-resisted|p1a: Greninja
|-damage|p1a: Greninja|99\/285
|move|p1a: Greninja|Gunk Shot|p2a: Conkeldurr
|-damage|p2a: Conkeldurr|0 fnt
|faint|p2a: Conkeldurr
|
|
|switch|p2a: Landorus-Therian|Landorus-Therian, M|219\/320 tox
|-damage|p2a: Landorus-Therian|179\/320 tox|[from] Stealth Rock
|-ability|p2a: Landorus-Therian|Intimidate|[of] p1a: Greninja
|-unboost|p1a: Greninja|atk|1
|turn|21
|
|move|p1a: Greninja|Gunk Shot|p2a: Landorus-Therian|[miss]
|-miss|p1a: Greninja|p2a: Landorus-Therian
|move|p2a: Landorus-Therian|Knock Off|p1a: Greninja
|-damage|p1a: Greninja|0 fnt
|-enditem|p1a: Greninja|Choice Band|[from] move: Knock Off|[of] p2a: Landorus-Therian
|faint|p1a: Greninja
|
|-damage|p2a: Landorus-Therian|159\/320 tox|[from] psn
|
|switch|p1a: Weavile|Weavile, M|282\/282
|-damage|p1a: Weavile|212\/282|[from] Stealth Rock
|-ability|p1a: Weavile|Pressure
|turn|22
|
|move|p1a: Weavile|Ice Shard|p2a: Landorus-Therian
|-supereffective|p2a: Landorus-Therian
|-damage|p2a: Landorus-Therian|0 fnt
|-damage|p1a: Weavile|184\/282|[from] item: Life Orb
|faint|p2a: Landorus-Therian
|
|win|bewww
|raw|Ladder updating...
|raw|bewww's rating: 1351 &rarr; <strong>1370<\/strong><br \/>(+19 for winning)
|raw|dannylad555's rating: 1335 &rarr; <strong>1316<\/strong><br \/>(-19 for losing)
|leave|dannylad555
|player|p2