|join|NorecuerdomiNick.
|join|Hydrill
|player|p1|NorecuerdomiNick.|209
|player|p2|Hydrill|265
|gametype|singles
|gen|6
|tier|OU
|rated
|clearpoke
|poke|p1|Azumarill, M
|poke|p1|Breloom, F
|poke|p1|Greninja, M
|poke|p1|Landorus, M
|poke|p1|Clefable, M
|poke|p1|Scizor, F
|poke|p2|Mew, shiny
|poke|p2|Ferrothorn, F, shiny
|poke|p2|Terrakion
|poke|p2|Landorus-Therian, M
|poke|p2|Raikou
|poke|p2|Azumarill, F, shiny
|rule|Swagger Clause: Swagger is banned
|rule|Baton Pass Clause: Limit one PokÃ©mon knowing Baton Pass
|rule|Sleep Clause Mod: Limit one foe put to sleep
|rule|Species Clause: Limit one of each PokÃ©mon
|rule|OHKO Clause: OHKO moves are banned
|rule|Moody Clause: Moody is banned
|rule|Evasion Moves Clause: Evasion moves are banned
|rule|Endless Battle Clause: Forcing endless battles is banned
|rule|HP Percentage Mod: HP is shown in percentages
|teampreview
|
|start
|switch|p1a: Clefable|Clefable, M|394\/394
|switch|p2a: Kick|Mew, shiny|404\/404
|turn|1
|
|move|p2a: Kick|Knock Off|p1a: Clefable
|-resisted|p1a: Clefable
|-damage|p1a: Clefable|348\/394
|-enditem|p1a: Clefable|Flame Orb|[from] move: Knock Off|[of] p2a: Kick
|move|p1a: Clefable|Cosmic Power|p1a: Clefable
|-boost|p1a: Clefable|def|1
|-boost|p1a: Clefable|spd|1
|
|turn|2
|
|switch|p2a: Keegan|Ferrothorn, F, shiny|352\/352
|move|p1a: Clefable|Cosmic Power|p1a: Clefable
|-boost|p1a: Clefable|def|1
|-boost|p1a: Clefable|spd|1
|
|turn|3
|
|move|p1a: Clefable|Flamethrower|p2a: Keegan
|-supereffective|p2a: Keegan
|-damage|p2a: Keegan|136\/352
|-status|p2a: Keegan|brn
|move|p2a: Keegan|Leech Seed|p1a: Clefable
|-start|p1a: Clefable|move: Leech Seed
|
|-damage|p2a: Keegan|92\/352 brn|[from] brn
|turn|4
|
|switch|p2a: Elias|Raikou|321\/321
|-ability|p2a: Elias|Pressure
|move|p1a: Clefable|Flamethrower|p2a: Elias
|-damage|p2a: Elias|276\/321
|
|turn|5
|c|âHydrill|...
|
|move|p2a: Elias|Thunderbolt|p1a: Clefable
|-damage|p1a: Clefable|288\/394
|move|p1a: Clefable|Moonblast|p2a: Elias
|-damage|p2a: Elias|204\/321
|
|turn|6
|
|move|p2a: Elias|Shadow Ball|p1a: Clefable
|-damage|p1a: Clefable|252\/394
|move|p1a: Clefable|Moonblast|p2a: Elias
|-damage|p2a: Elias|131\/321
|
|turn|7
|
|move|p2a: Elias|Shadow Ball|p1a: Clefable
|-damage|p1a: Clefable|214\/394
|move|p1a: Clefable|Cosmic Power|p1a: Clefable
|-boost|p1a: Clefable|def|1
|-boost|p1a: Clefable|spd|1
|
|turn|8
|
|move|p2a: Elias|Shadow Ball|p1a: Clefable
|-damage|p1a: Clefable|182\/394
|move|p1a: Clefable|Soft-Boiled|p1a: Clefable
|-heal|p1a: Clefable|379\/394
|
|turn|9
|
|switch|p2a: Rorke|Terrakion|324\/324
|move|p1a: Clefable|Moonblast|p2a: Rorke
|-supereffective|p2a: Rorke
|-damage|p2a: Rorke|108\/324
|
|turn|10
|
|move|p2a: Rorke|Iron Head|p1a: Clefable
|-supereffective|p1a: Clefable
|-damage|p1a: Clefable|279\/394
|move|p1a: Clefable|Moonblast|p2a: Rorke
|-supereffective|p2a: Rorke
|-damage|p2a: Rorke|0 fnt
|faint|p2a: Rorke
|
|c|âHydrill|gg
|-message|Hydrill forfeited.
|
|win|NorecuerdomiNick.
|raw|Ladder updating...
|raw|NorecuerdomiNick.'s rating: 1362 &rarr; <strong>1380<\/strong><br \/>(+18 for winning)
|raw|Hydrill's rating: 1323 &rarr; <strong>1306<\/strong><br \/>(-17 for losing)
|c|âHydrill|Piece of shit flefable
|c|âHydrill|:\/
|c|âHydrill|Hope it gets tested
|leave|Hydrill
|player|p2