|join|NorecuerdomiNick.
|join|Haar
|player|p1|NorecuerdomiNick.|209
|player|p2|Haar|264
|gametype|singles
|gen|6
|tier|OU
|rated
|clearpoke
|poke|p1|Azumarill, M
|poke|p1|Breloom, M
|poke|p1|Greninja, F
|poke|p1|Landorus, M
|poke|p1|Clefable, M
|poke|p1|Scizor, M
|poke|p2|Pidgeot, M
|poke|p2|Thundurus, M
|poke|p2|Suicune
|poke|p2|Goodra, F
|poke|p2|Ferrothorn, F
|poke|p2|Terrakion
|rule|Swagger Clause: Swagger is banned
|rule|Baton Pass Clause: Limit one PokÃ©mon knowing Baton Pass
|rule|Sleep Clause Mod: Limit one foe put to sleep
|rule|Species Clause: Limit one of each PokÃ©mon
|rule|OHKO Clause: OHKO moves are banned
|rule|Moody Clause: Moody is banned
|rule|Evasion Moves Clause: Evasion moves are banned
|rule|Endless Battle Clause: Forcing endless battles is banned
|rule|HP Percentage Mod: HP is shown in percentages
|teampreview
|
|start
|switch|p1a: Clefable|Clefable, M|394\/394
|switch|p2a: Palpatine|Thundurus, M|299\/299
|turn|1
|
|switch|p1a: Scizor|Scizor, M|331\/331
|move|p2a: Palpatine|Thunder Wave|p1a: Scizor
|-status|p1a: Scizor|par
|
|turn|2
|join|haahaha
|
|detailschange|p1a: Scizor|Scizor-Mega, M
|message|Scizor has Mega Evolved into Mega Scizor!
|move|p2a: Palpatine|Nasty Plot|p2a: Palpatine
|-boost|p2a: Palpatine|spa|2
|move|p1a: Scizor|Knock Off|p2a: Palpatine
|-damage|p2a: Palpatine|164\/299
|-enditem|p2a: Palpatine|Leftovers|[from] move: Knock Off|[of] p1a: Scizor
|
|turn|3
|
|move|p2a: Palpatine|Thunderbolt|p1a: Scizor
|-damage|p1a: Scizor|34\/331 par
|move|p1a: Scizor|Knock Off|p2a: Palpatine
|-damage|p2a: Palpatine|68\/299
|
|turn|4
|
|move|p1a: Scizor|Bullet Punch|p2a: Palpatine
|-resisted|p2a: Palpatine
|-damage|p2a: Palpatine|5\/299
|move|p2a: Palpatine|Thunderbolt|p1a: Scizor
|-damage|p1a: Scizor|0 fnt
|faint|p1a: Scizor
|
|
|switch|p1a: Azumarill|Azumarill, M|341\/341
|turn|5
|
|move|p2a: Palpatine|Thunder Wave|p1a: Azumarill
|-status|p1a: Azumarill|par
|cant|p1a: Azumarill|par
|
|turn|6
|leave|haahaha
|
|move|p1a: Azumarill|Aqua Jet|p2a: Palpatine
|-damage|p2a: Palpatine|0 fnt
|faint|p2a: Palpatine
|
|
|switch|p2a: Hakumen|Suicune|404\/404
|-ability|p2a: Hakumen|Pressure
|turn|7
|
|switch|p1a: Clefable|Clefable, M|394\/394
|move|p2a: Hakumen|Calm Mind|p2a: Hakumen
|-boost|p2a: Hakumen|spa|1
|-boost|p2a: Hakumen|spd|1
|
|-status|p1a: Clefable|brn|[from] item: Flame Orb
|turn|8
|
|switch|p2a: Aki|Ferrothorn, F|352\/352
|move|p1a: Clefable|Cosmic Power|p1a: Clefable
|-boost|p1a: Clefable|def|1
|-boost|p1a: Clefable|spd|1
|
|turn|9
|
|move|p1a: Clefable|Flamethrower|p2a: Aki
|-supereffective|p2a: Aki
|-damage|p2a: Aki|156\/352
|move|p2a: Aki|Gyro Ball|p1a: Clefable
|-supereffective|p1a: Clefable
|-damage|p1a: Clefable|226\/394 brn
|
|-heal|p2a: Aki|178\/352|[from] item: Leftovers
|turn|10
|
|switch|p2a: Elize|Goodra, F|381\/381
|move|p1a: Clefable|Flamethrower|p2a: Elize
|-resisted|p2a: Elize
|-damage|p2a: Elize|365\/381
|
|turn|11
|
|move|p2a: Elize|Fire Blast|p1a: Clefable
|-damage|p1a: Clefable|161\/394 brn
|move|p1a: Clefable|Soft-Boiled|p1a: Clefable
|-heal|p1a: Clefable|358\/394 brn
|
|turn|12
|
|switch|p2a: Hakumen|Suicune|404\/404
|-ability|p2a: Hakumen|Pressure
|move|p1a: Clefable|Cosmic Power|p1a: Clefable
|-boost|p1a: Clefable|def|1
|-boost|p1a: Clefable|spd|1
|
|turn|13
|
|move|p2a: Hakumen|Calm Mind|p2a: Hakumen
|-boost|p2a: Hakumen|spa|1
|-boost|p2a: Hakumen|spd|1
|move|p1a: Clefable|Moonblast|p2a: Hakumen
|-damage|p2a: Hakumen|341\/404
|
|-heal|p2a: Hakumen|366\/404|[from] item: Leftovers
|turn|14
|
|move|p2a: Hakumen|Calm Mind|p2a: Hakumen
|-boost|p2a: Hakumen|spa|1
|-boost|p2a: Hakumen|spd|1
|move|p1a: Clefable|Cosmic Power|p1a: Clefable
|-boost|p1a: Clefable|def|1
|-boost|p1a: Clefable|spd|1
|
|-heal|p2a: Hakumen|391\/404|[from] item: Leftovers
|turn|15
|
|move|p2a: Hakumen|Calm Mind|p2a: Hakumen
|-boost|p2a: Hakumen|spa|1
|-boost|p2a: Hakumen|spd|1
|move|p1a: Clefable|Cosmic Power|p1a: Clefable
|-boost|p1a: Clefable|def|1
|-boost|p1a: Clefable|spd|1
|
|-heal|p2a: Hakumen|404\/404|[from] item: Leftovers
|turn|16
|
|move|p2a: Hakumen|Calm Mind|p2a: Hakumen
|-boost|p2a: Hakumen|spa|1
|-boost|p2a: Hakumen|spd|1
|move|p1a: Clefable|Cosmic Power|p1a: Clefable
|-boost|p1a: Clefable|def|1
|-boost|p1a: Clefable|spd|1
|
|turn|17
|
|move|p2a: Hakumen|Calm Mind|p2a: Hakumen
|-boost|p2a: Hakumen|spa|1
|-boost|p2a: Hakumen|spd|1
|move|p1a: Clefable|Moonblast|p2a: Hakumen
|-damage|p2a: Hakumen|374\/404
|
|-heal|p2a: Hakumen|399\/404|[from] item: Leftovers
|turn|18
|
|move|p2a: Hakumen|Calm Mind|p2a: Hakumen
|-boost|p2a: Hakumen|spa|1
|-boost|p2a: Hakumen|spd|1
|move|p1a: Clefable|Moonblast|p2a: Hakumen
|-damage|p2a: Hakumen|375\/404
|
|-heal|p2a: Hakumen|400\/404|[from] item: Leftovers
|turn|19
|
|move|p2a: Hakumen|Scald|p1a: Clefable
|-damage|p1a: Clefable|270\/394 brn
|move|p1a: Clefable|Cosmic Power|p1a: Clefable
|-boost|p1a: Clefable|def|1
|-boost|p1a: Clefable|spd|1
|
|-heal|p2a: Hakumen|404\/404|[from] item: Leftovers
|turn|20
|
|move|p2a: Hakumen|Scald|p1a: Clefable
|-damage|p1a: Clefable|195\/394 brn
|move|p1a: Clefable|Moonblast|p2a: Hakumen
|-damage|p2a: Hakumen|380\/404
|-unboost|p2a: Hakumen|spa|1
|
|-heal|p2a: Hakumen|404\/404|[from] item: Leftovers
|turn|21
|
|move|p2a: Hakumen|Scald|p1a: Clefable
|-crit|p1a: Clefable
|-damage|p1a: Clefable|0 fnt
|faint|p1a: Clefable
|
|
|switch|p1a: Breloom|Breloom, M|262\/262
|turn|22
|
|move|p1a: Breloom|Spore|p2a: Hakumen
|-status|p2a: Hakumen|slp
|cant|p2a: Hakumen|slp
|
|-status|p1a: Breloom|tox|[from] item: Toxic Orb
|turn|23
|
|move|p1a: Breloom|Substitute|p1a: Breloom
|-start|p1a: Breloom|Substitute
|-damage|p1a: Breloom|197\/262 tox
|cant|p2a: Hakumen|slp
|move|p2a: Hakumen|Sleep Talk|p2a: Hakumen
|move|p2a: Hakumen|Rest|p2a: Hakumen|[from]Sleep Talk
|-fail|p2a: Hakumen
|
|-heal|p1a: Breloom|229\/262 tox|[from] ability: Poison Heal
|turn|24
|
|move|p1a: Breloom|Seed Bomb|p2a: Hakumen
|-supereffective|p2a: Hakumen
|-damage|p2a: Hakumen|216\/404 slp
|-curestatus|p2a: Hakumen|slp
|move|p2a: Hakumen|Sleep Talk|p2a: Hakumen
|-fail|p2a: Hakumen
|
|-heal|p2a: Hakumen|241\/404|[from] item: Leftovers
|-heal|p1a: Breloom|261\/262 tox|[from] ability: Poison Heal
|turn|25
|
|move|p1a: Breloom|Spore|p2a: Hakumen
|-status|p2a: Hakumen|slp
|cant|p2a: Hakumen|slp
|
|-heal|p2a: Hakumen|266\/404 slp|[from] item: Leftovers
|-heal|p1a: Breloom|262\/262 tox|[from] ability: Poison Heal
|turn|26
|
|move|p1a: Breloom|Seed Bomb|p2a: Hakumen
|-supereffective|p2a: Hakumen
|-damage|p2a: Hakumen|50\/404 slp
|cant|p2a: Hakumen|slp
|move|p2a: Hakumen|Sleep Talk|p2a: Hakumen
|move|p2a: Hakumen|Calm Mind|p2a: Hakumen|[from]Sleep Talk
|-boost|p2a: Hakumen|spa|1
|
|-heal|p2a: Hakumen|75\/404 slp|[from] item: Leftovers
|turn|27
|
|switch|p2a: Elize|Goodra, F|365\/381
|move|p1a: Breloom|Seed Bomb|p2a: Elize
|-boost|p2a: Elize|atk|1|[from] ability: Sap Sipper
|
|turn|28
|
|-singleturn|p1a: Breloom|move: Focus Punch
|move|p2a: Elize|Thunderbolt|p1a: Breloom
|-crit|p1a: Breloom
|-resisted|p1a: Breloom
|-end|p1a: Breloom|Substitute
|move|p1a: Breloom|Focus Punch|p2a: Elize
|-damage|p2a: Elize|0 fnt
|faint|p2a: Elize
|
|
|switch|p2a: Apex Avian|Pidgeot, M|307\/307
|turn|29
|
|detailschange|p2a: Apex Avian|Pidgeot-Mega, M
|message|Pidgeot has Mega Evolved into Mega Pidgeot!
|move|p2a: Apex Avian|Hurricane|p1a: Breloom
|-supereffective|p1a: Breloom
|-damage|p1a: Breloom|0 fnt
|faint|p1a: Breloom
|
|
|switch|p1a: Greninja|Greninja, F|285\/285
|turn|30
|
|move|p1a: Greninja|Ice Beam|p2a: Apex Avian
|-start|p1a: Greninja|typechange|Ice|[from] Protean
|-supereffective|p2a: Apex Avian
|-damage|p2a: Apex Avian|0 fnt
|-damage|p1a: Greninja|257\/285|[from] item: Life Orb
|faint|p2a: Apex Avian
|
|
|switch|p2a: Hakumen|Suicune|75\/404 slp
|-ability|p2a: Hakumen|Pressure
|turn|31
|
|move|p1a: Greninja|Extrasensory|p2a: Hakumen
|-start|p1a: Greninja|typechange|Psychic|[from] Protean
|-damage|p2a: Hakumen|0 fnt
|-damage|p1a: Greninja|229\/285|[from] item: Life Orb
|faint|p2a: Hakumen
|
|
|switch|p2a: Aki|Ferrothorn, F|178\/352
|turn|32
|
|move|p1a: Greninja|Ice Beam|p2a: Aki
|-start|p1a: Greninja|typechange|Ice|[from] Protean
|-damage|p2a: Aki|64\/352
|-damage|p1a: Greninja|201\/285|[from] item: Life Orb
|move|p2a: Aki|Power Whip|p1a: Greninja
|-damage|p1a: Greninja|27\/285
|
|-heal|p2a: Aki|86\/352|[from] item: Leftovers
|turn|33
|
|move|p1a: Greninja|Ice Beam|p2a: Aki
|-damage|p2a: Aki|0 fnt
|-damage|p1a: Greninja|0 fnt|[from] item: Life Orb
|faint|p2a: Aki
|faint|p1a: Greninja
|
|
|switch|p2a: Zelgius|Terrakion|323\/323
|switch|p1a: Azumarill|Azumarill, M|341\/341 par
|turn|34
|
|move|p1a: Azumarill|Aqua Jet|p2a: Zelgius
|-supereffective|p2a: Zelgius
|-damage|p2a: Zelgius|123\/323
|move|p2a: Zelgius|Stone Edge|p1a: Azumarill
|-damage|p1a: Azumarill|71\/341 par
|-damage|p2a: Zelgius|91\/323|[from] item: Life Orb
|-enditem|p1a: Azumarill|Sitrus Berry|[eat]
|-heal|p1a: Azumarill|156\/341 par|[from] item: Sitrus Berry
|
|turn|35
|
|move|p1a: Azumarill|Aqua Jet|p2a: Zelgius
|-crit|p2a: Zelgius
|-supereffective|p2a: Zelgius
|-damage|p2a: Zelgius|0 fnt
|faint|p2a: Zelgius
|
|win|NorecuerdomiNick.
|raw|Ladder updating...