|join|NorecuerdomiNick.
|join|dark08
|player|p1|NorecuerdomiNick.|209
|player|p2|dark08|99
|gametype|singles
|gen|6
|tier|OU
|rated
|clearpoke
|poke|p1|Gengar, F
|poke|p1|Conkeldurr, F
|poke|p1|Heatran, F
|poke|p1|Blastoise, M
|poke|p1|Talonflame, F
|poke|p1|Latios, M
|poke|p2|Lucario, M
|poke|p2|Latios, M
|poke|p2|Scizor, M
|poke|p2|Charizard, F
|poke|p2|Espeon, M
|poke|p2|Gliscor, M
|rule|Swagger Clause: Swagger is banned
|rule|Baton Pass Clause: Limit one PokÃ©mon knowing Baton Pass
|rule|Sleep Clause Mod: Limit one foe put to sleep
|rule|Species Clause: Limit one of each PokÃ©mon
|rule|OHKO Clause: OHKO moves are banned
|rule|Moody Clause: Moody is banned
|rule|Evasion Moves Clause: Evasion moves are banned
|rule|Endless Battle Clause: Forcing endless battles is banned
|rule|HP Percentage Mod: HP is shown in percentages
|teampreview
|
|start
|switch|p1a: Heatran|Heatran, F|386\/386
|switch|p2a: Gliscor|Gliscor, M|354\/354
|turn|1
|
|switch|p1a: Gengar|Gengar, F|261\/261
|move|p2a: Gliscor|Knock Off|p1a: Gengar
|-supereffective|p1a: Gengar
|-damage|p1a: Gengar|0 fnt
|-enditem|p1a: Gengar|Black Sludge|[from] move: Knock Off|[of] p2a: Gliscor
|faint|p1a: Gengar
|
|-status|p2a: Gliscor|tox|[from] item: Toxic Orb
|
|switch|p1a: Blastoise|Blastoise, M|343\/343
|turn|2
|
|detailschange|p1a: Blastoise|Blastoise-Mega, M
|message|Blastoise has Mega Evolved into Mega Blastoise!
|move|p2a: Gliscor|Stealth Rock|p1a: Blastoise
|-sidestart|p1: NorecuerdomiNick.|move: Stealth Rock
|move|p1a: Blastoise|Dark Pulse|p2a: Gliscor
|-damage|p2a: Gliscor|151\/354 tox
|
|-heal|p2a: Gliscor|195\/354 tox|[from] ability: Poison Heal
|turn|3
|
|move|p2a: Gliscor|Protect|p2a: Gliscor
|-singleturn|p2a: Gliscor|Protect
|move|p1a: Blastoise|Scald|p2a: Gliscor
|-activate|p2a: Gliscor|Protect
|
|-heal|p2a: Gliscor|239\/354 tox|[from] ability: Poison Heal
|turn|4
|
|move|p2a: Gliscor|Earthquake|p1a: Blastoise
|-damage|p1a: Blastoise|220\/343
|move|p1a: Blastoise|Scald|p2a: Gliscor
|-supereffective|p2a: Gliscor
|-damage|p2a: Gliscor|0 fnt
|faint|p2a: Gliscor
|
|
|switch|p2a: Espeon|Espeon, M|334\/334
|turn|5
|
|move|p2a: Espeon|Light Screen|p2a: Espeon
|-sidestart|p2: dark08|move: Light Screen
|move|p1a: Blastoise|Dark Pulse|p2a: Espeon
|-supereffective|p2a: Espeon
|-damage|p2a: Espeon|165\/334
|
|turn|6
|
|move|p2a: Espeon|Reflect|p2a: Espeon
|-sidestart|p2: dark08|Reflect
|move|p1a: Blastoise|Rapid Spin|p2a: Espeon
|-crit|p2a: Espeon
|-damage|p2a: Espeon|128\/334
|-sideend|p1: NorecuerdomiNick.|Stealth Rock|[from] move: Rapid Spin|[of] p1a: Blastoise
|
|turn|7
|
|move|p2a: Espeon|Psyshock|p1a: Blastoise
|-damage|p1a: Blastoise|112\/343
|move|p1a: Blastoise|Dark Pulse|p2a: Espeon
|-supereffective|p2a: Espeon
|-damage|p2a: Espeon|0 fnt
|faint|p2a: Espeon
|
|
|switch|p2a: Lucario|Lucario, M|281\/281
|turn|8
|
|move|p2a: Lucario|Swords Dance|p2a: Lucario
|-boost|p2a: Lucario|atk|2
|move|p1a: Blastoise|Aura Sphere|p2a: Lucario
|-supereffective|p2a: Lucario
|-damage|p2a: Lucario|72\/281
|
|turn|9
|
|move|p2a: Lucario|Extreme Speed|p1a: Blastoise
|-damage|p1a: Blastoise|0 fnt
|-damage|p2a: Lucario|44\/281|[from] item: Life Orb
|faint|p1a: Blastoise
|
|
|switch|p1a: Conkeldurr|Conkeldurr, F|401\/401
|turn|10
|
|switch|p2a: Latios|Latios, M|302\/302
|move|p1a: Conkeldurr|Mach Punch|p2a: Latios
|-resisted|p2a: Latios
|-damage|p2a: Latios|276\/302
|
|turn|11
|
|switch|p1a: Heatran|Heatran, F|386\/386
|move|p2a: Latios|Psyshock|p1a: Heatran
|-crit|p1a: Heatran
|-resisted|p1a: Heatran
|-damage|p1a: Heatran|263\/386
|-damage|p2a: Latios|246\/302|[from] item: Life Orb
|
|-heal|p1a: Heatran|287\/386|[from] item: Leftovers
|turn|12
|
|switch|p2a: Charizard|Charizard, F|301\/301
|move|p1a: Heatran|Toxic|p2a: Charizard
|-status|p2a: Charizard|tox
|
|-heal|p1a: Heatran|311\/386|[from] item: Leftovers
|-damage|p2a: Charizard|283\/301 tox|[from] psn
|-sideend|p2: dark08|move: Light Screen
|turn|13
|
|switch|p1a: Talonflame|Talonflame, F|298\/298
|detailschange|p2a: Charizard|Charizard-Mega-Y, F
|message|Charizard has Mega Evolved into Mega Charizard!
|-weather|SunnyDay
|move|p2a: Charizard|Focus Blast|p1a: Talonflame|[miss]
|-miss|p2a: Charizard|p1a: Talonflame
|
|-weather|SunnyDay|[upkeep]
|-damage|p2a: Charizard|247\/301 tox|[from] psn
|-sideend|p2: dark08|Reflect
|turn|14
|
|move|p1a: Talonflame|Brave Bird|p2a: Charizard
|-damage|p2a: Charizard|0 fnt
|-damage|p1a: Talonflame|216\/298|[from] recoil|[of] p2a: Charizard
|faint|p2a: Charizard
|
|-weather|SunnyDay|[upkeep]
|
|switch|p2a: Scizor|Scizor, M|313\/313
|turn|15
|
|switch|p1a: Heatran|Heatran, F|311\/386
|move|p2a: Scizor|U-turn|p1a: Heatran
|-resisted|p1a: Heatran
|-damage|p1a: Heatran|260\/386
|
|switch|p2a: Lucario|Lucario, M|44\/281
|
|-weather|SunnyDay|[upkeep]
|-heal|p1a: Heatran|284\/386|[from] item: Leftovers
|turn|16
|
|move|p2a: Lucario|Close Combat|p1a: Heatran
|-supereffective|p1a: Heatran
|-damage|p1a: Heatran|0 fnt
|-unboost|p2a: Lucario|def|1
|-unboost|p2a: Lucario|spd|1
|-damage|p2a: Lucario|16\/281|[from] item: Life Orb
|faint|p1a: Heatran
|
|-weather|SunnyDay|[upkeep]
|
|switch|p1a: Conkeldurr|Conkeldurr, F|401\/401
|turn|17
|
|move|p1a: Conkeldurr|Mach Punch|p2a: Lucario
|-supereffective|p2a: Lucario
|-damage|p2a: Lucario|0 fnt
|faint|p2a: Lucario
|
|-weather|none
|
|switch|p2a: Latios|Latios, M|246\/302
|turn|18
|
|move|p2a: Latios|Psyshock|p1a: Conkeldurr
|-supereffective|p1a: Conkeldurr
|-damage|p1a: Conkeldurr|58\/401
|-damage|p2a: Latios|216\/302|[from] item: Life Orb
|move|p1a: Conkeldurr|Knock Off|p2a: Latios
|-supereffective|p2a: Latios
|-damage|p2a: Latios|0 fnt
|-enditem|p2a: Latios|Life Orb|[from] move: Knock Off|[of] p1a: Conkeldurr
|faint|p2a: Latios
|
|
|switch|p2a: Scizor|Scizor, M|313\/313
|turn|19
|
|move|p2a: Scizor|Bullet Punch|p1a: Conkeldurr
|-damage|p1a: Conkeldurr|0 fnt
|faint|p1a: Conkeldurr
|
|
|switch|p1a: Talonflame|Talonflame, F|216\/298
|turn|20
|
|move|p2a: Scizor|Bullet Punch|p1a: Talonflame
|-resisted|p1a: Talonflame
|-damage|p1a: Talonflame|91\/298
|move|p1a: Talonflame|Flare Blitz|p2a: Scizor
|-crit|p2a: Scizor
|-supereffective|p2a: Scizor
|-damage|p2a: Scizor|0 fnt
|-damage|p1a: Talonflame|0 fnt|[from] recoil|[of] p2a: Scizor
|faint|p2a: Scizor
|faint|p1a: Talonflame
|
|win|NorecuerdomiNick.
|raw|Ladder updating...