|join|supercr0w
|join|NorecuerdomiNick.
|player|p1|supercr0w|254
|player|p2|NorecuerdomiNick.|209
|gametype|singles
|gen|6
|tier|OU
|rated
|clearpoke
|poke|p1|Politoed, F
|poke|p1|Ferrothorn, F
|poke|p1|Swampert, M
|poke|p1|Keldeo
|poke|p1|Tornadus-Therian, M
|poke|p1|Kabutops, M
|poke|p2|Gengar, F
|poke|p2|Conkeldurr, M
|poke|p2|Heatran, F
|poke|p2|Blastoise, M
|poke|p2|Talonflame, M
|poke|p2|Latios, M
|rule|Swagger Clause: Swagger is banned
|rule|Baton Pass Clause: Limit one PokÃ©mon knowing Baton Pass
|rule|Sleep Clause Mod: Limit one foe put to sleep
|rule|Species Clause: Limit one of each PokÃ©mon
|rule|OHKO Clause: OHKO moves are banned
|rule|Moody Clause: Moody is banned
|rule|Evasion Moves Clause: Evasion moves are banned
|rule|Endless Battle Clause: Forcing endless battles is banned
|rule|HP Percentage Mod: HP is shown in percentages
|teampreview
|
|start
|switch|p1a: Swampert|Swampert, M|342\/342
|switch|p2a: Conkeldurr|Conkeldurr, M|401\/401
|turn|1
|
|detailschange|p1a: Swampert|Swampert-Mega, M
|message|Swampert has Mega Evolved into Mega Swampert!
|move|p1a: Swampert|Stealth Rock|p2a: Conkeldurr
|-sidestart|p2: NorecuerdomiNick.|move: Stealth Rock
|move|p2a: Conkeldurr|Drain Punch|p1a: Swampert
|-damage|p1a: Swampert|207\/342
|
|turn|2
|
|switch|p1a: Politoed|Politoed, F|384\/384
|-weather|RainDance
|move|p2a: Conkeldurr|Drain Punch|p1a: Politoed
|-damage|p1a: Politoed|240\/384
|
|-weather|RainDance|[upkeep]
|turn|3
|
|move|p1a: Politoed|Rest|p1a: Politoed
|-status|p1a: Politoed|slp
|-heal|p1a: Politoed|384\/384 slp|[silent]
|-status|p1a: Politoed|slp|[from] move: Rest
|move|p2a: Conkeldurr|Drain Punch|p1a: Politoed
|-damage|p1a: Politoed|251\/384 slp
|
|-weather|RainDance|[upkeep]
|turn|4
|
|switch|p1a: Tornadus-Therian|Tornadus-Therian, M|300\/300
|move|p2a: Conkeldurr|Knock Off|p1a: Tornadus-Therian
|-damage|p1a: Tornadus-Therian|139\/300
|-enditem|p1a: Tornadus-Therian|Leftovers|[from] move: Knock Off|[of] p2a: Conkeldurr
|
|-weather|RainDance|[upkeep]
|turn|5
|
|switch|p2a: Heatran|Heatran, F|323\/323
|-damage|p2a: Heatran|283\/323|[from] Stealth Rock
|move|p1a: Tornadus-Therian|Hurricane|p2a: Heatran
|-resisted|p2a: Heatran
|-damage|p2a: Heatran|221\/323
|-start|p2a: Heatran|confusion
|
|-weather|RainDance|[upkeep]
|-heal|p2a: Heatran|241\/323|[from] item: Leftovers
|turn|6
|
|move|p1a: Tornadus-Therian|U-turn|p2a: Heatran
|-resisted|p2a: Heatran
|-damage|p2a: Heatran|229\/323
|
|switch|p1a: Swampert|Swampert-Mega, M|207\/342
|-activate|p2a: Heatran|confusion
|move|p2a: Heatran|Stealth Rock|p1a: Swampert
|-sidestart|p1: supercr0w|move: Stealth Rock
|
|-weather|RainDance|[upkeep]
|-heal|p2a: Heatran|249\/323|[from] item: Leftovers
|turn|7
|
|-activate|p2a: Heatran|confusion
|move|p2a: Heatran|Protect|p2a: Heatran
|-singleturn|p2a: Heatran|Protect
|move|p1a: Swampert|Waterfall|p2a: Heatran
|-activate|p2a: Heatran|Protect
|
|-weather|RainDance|[upkeep]
|-heal|p2a: Heatran|269\/323|[from] item: Leftovers
|turn|8
|
|move|p1a: Swampert|Ice Punch|p2a: Heatran
|-resisted|p2a: Heatran
|-damage|p2a: Heatran|243\/323
|-activate|p2a: Heatran|confusion
|move|p2a: Heatran|Toxic|p1a: Swampert
|-status|p1a: Swampert|tox
|
|-weather|RainDance|[upkeep]
|-heal|p2a: Heatran|263\/323|[from] item: Leftovers
|-damage|p1a: Swampert|186\/342 tox|[from] psn
|turn|9
|
|switch|p1a: Tornadus-Therian|Tornadus-Therian, M|239\/300
|-damage|p1a: Tornadus-Therian|164\/300|[from] Stealth Rock
|-end|p2a: Heatran|confusion
|move|p2a: Heatran|Protect|p2a: Heatran
|-fail|p2a: Heatran
|
|-weather|none
|-heal|p2a: Heatran|283\/323|[from] item: Leftovers
|turn|10
|
|move|p1a: Tornadus-Therian|U-turn|p2a: Heatran
|-resisted|p2a: Heatran
|-damage|p2a: Heatran|272\/323
|
|switch|p1a: Politoed|Politoed, F|251\/384 slp
|-damage|p1a: Politoed|203\/384 slp|[from] Stealth Rock
|-weather|RainDance
|move|p2a: Heatran|Toxic|p1a: Politoed
|-fail|p1a: Politoed
|
|-weather|RainDance|[upkeep]
|-heal|p2a: Heatran|292\/323|[from] item: Leftovers
|turn|11
|
|switch|p2a: Conkeldurr|Conkeldurr, M|401\/401
|-damage|p2a: Conkeldurr|376\/401|[from] Stealth Rock
|cant|p1a: Politoed|slp
|move|p1a: Politoed|Sleep Talk|p1a: Politoed
|move|p1a: Politoed|Rest|p1a: Politoed|[from]Sleep Talk
|-fail|p1a: Politoed
|
|-weather|RainDance|[upkeep]
|turn|12
|
|switch|p1a: Tornadus-Therian|Tornadus-Therian, M|264\/300
|-damage|p1a: Tornadus-Therian|189\/300|[from] Stealth Rock
|move|p2a: Conkeldurr|Ice Punch|p1a: Tornadus-Therian
|-supereffective|p1a: Tornadus-Therian
|-damage|p1a: Tornadus-Therian|0 fnt
|faint|p1a: Tornadus-Therian
|
|-weather|RainDance|[upkeep]
|
|switch|p1a: Swampert|Swampert-Mega, M|186\/342 tox
|-damage|p1a: Swampert|165\/342 tox|[from] Stealth Rock
|turn|13
|
|switch|p2a: Heatran|Heatran, F|292\/323
|-damage|p2a: Heatran|252\/323|[from] Stealth Rock
|move|p1a: Swampert|Waterfall|p2a: Heatran
|-supereffective|p2a: Heatran
|-damage|p2a: Heatran|0 fnt
|faint|p2a: Heatran
|
|-weather|RainDance|[upkeep]
|-damage|p1a: Swampert|144\/342 tox|[from] psn
|
|switch|p2a: Blastoise|Blastoise, M|343\/343
|-damage|p2a: Blastoise|301\/343|[from] Stealth Rock
|turn|14
|
|detailschange|p2a: Blastoise|Blastoise-Mega, M
|message|Blastoise has Mega Evolved into Mega Blastoise!
|move|p1a: Swampert|Earthquake|p2a: Blastoise
|-crit|p2a: Blastoise
|-damage|p2a: Blastoise|39\/343
|move|p2a: Blastoise|Rapid Spin|p1a: Swampert
|-damage|p1a: Swampert|129\/342 tox
|-sideend|p2: NorecuerdomiNick.|Stealth Rock|[from] move: Rapid Spin|[of] p2a: Blastoise
|
|-weather|RainDance|[upkeep]
|-damage|p1a: Swampert|87\/342 tox|[from] psn
|turn|15
|
|move|p1a: Swampert|Waterfall|p2a: Blastoise
|-resisted|p2a: Blastoise
|-damage|p2a: Blastoise|0 fnt
|faint|p2a: Blastoise
|
|-weather|RainDance|[upkeep]
|-damage|p1a: Swampert|24\/342 tox|[from] psn
|
|switch|p2a: Conkeldurr|Conkeldurr, M|376\/401
|turn|16
|
|move|p2a: Conkeldurr|Mach Punch|p1a: Swampert
|-crit|p1a: Swampert
|-damage|p1a: Swampert|0 fnt
|faint|p1a: Swampert
|
|-weather|RainDance|[upkeep]
|
|switch|p1a: Ferrothorn|Ferrothorn, F|352\/352
|-damage|p1a: Ferrothorn|330\/352|[from] Stealth Rock
|turn|17
|
|move|p2a: Conkeldurr|Drain Punch|p1a: Ferrothorn
|-supereffective|p1a: Ferrothorn
|-damage|p1a: Ferrothorn|118\/352
|-heal|p2a: Conkeldurr|401\/401|[from] drain|[of] p1a: Ferrothorn
|-damage|p2a: Conkeldurr|351\/401|[from] ability: Iron Barbs|[of] p1a: Ferrothorn
|move|p1a: Ferrothorn|Leech Seed|p2a: Conkeldurr
|-start|p2a: Conkeldurr|move: Leech Seed
|
|-weather|none
|-heal|p1a: Ferrothorn|140\/352|[from] item: Leftovers
|-damage|p2a: Conkeldurr|301\/401|[from] Leech Seed|[of] p1a: Ferrothorn
|-heal|p1a: Ferrothorn|190\/352|[silent]
|turn|18
|
|move|p2a: Conkeldurr|Drain Punch|p1a: Ferrothorn
|-supereffective|p1a: Ferrothorn
|-damage|p1a: Ferrothorn|0 fnt
|-heal|p2a: Conkeldurr|396\/401|[from] drain|[of] p1a: Ferrothorn
|-damage|p2a: Conkeldurr|346\/401|[from] ability: Iron Barbs|[of] p1a: Ferrothorn
|faint|p1a: Ferrothorn
|
|
|switch|p1a: Politoed|Politoed, F|203\/384 slp
|-damage|p1a: Politoed|155\/384 slp|[from] Stealth Rock
|-weather|RainDance
|turn|19
|
|cant|p1a: Politoed|slp
|move|p2a: Conkeldurr|Drain Punch|p1a: Politoed
|-damage|p1a: Politoed|23\/384 slp
|-heal|p2a: Conkeldurr|401\/401|[from] drain|[of] p1a: Politoed
|
|-weather|RainDance|[upkeep]
|-damage|p2a: Conkeldurr|351\/401|[from] Leech Seed|[of] p1a: Politoed
|-heal|p1a: Politoed|73\/384 slp|[silent]
|turn|20
|
|-curestatus|p1a: Politoed|slp
|move|p1a: Politoed|Rest|p1a: Politoed
|-status|p1a: Politoed|slp
|-heal|p1a: Politoed|384\/384 slp|[silent]
|-status|p1a: Politoed|slp|[from] move: Rest
|move|p2a: Conkeldurr|Drain Punch|p1a: Politoed
|-damage|p1a: Politoed|243\/384 slp
|-heal|p2a: Conkeldurr|401\/401|[from] drain|[of] p1a: Politoed
|
|-weather|RainDance|[upkeep]
|-damage|p2a: Conkeldurr|351\/401|[from] Leech Seed|[of] p1a: Politoed
|-heal|p1a: Politoed|293\/384 slp|[silent]
|turn|21
|
|cant|p1a: Politoed|slp
|move|p1a: Politoed|Sleep Talk|p1a: Politoed
|move|p1a: Politoed|Toxic|p2a: Conkeldurr|[from]Sleep Talk|[miss]
|-miss|p1a: Politoed|p2a: Conkeldurr
|move|p2a: Conkeldurr|Knock Off|p1a: Politoed
|-damage|p1a: Politoed|171\/384 slp
|-enditem|p1a: Politoed|Damp Rock|[from] move: Knock Off|[of] p2a: Conkeldurr
|
|-weather|RainDance|[upkeep]
|-damage|p2a: Conkeldurr|301\/401|[from] Leech Seed|[of] p1a: Politoed
|-heal|p1a: Politoed|221\/384 slp|[silent]
|turn|22
|
|cant|p1a: Politoed|slp
|move|p1a: Politoed|Sleep Talk|p1a: Politoed
|move|p1a: Politoed|Rest|p1a: Politoed|[from]Sleep Talk
|-fail|p1a: Politoed
|move|p2a: Conkeldurr|Drain Punch|p1a: Politoed
|-damage|p1a: Politoed|88\/384 slp
|-heal|p2a: Conkeldurr|368\/401|[from] drain|[of] p1a: Politoed
|
|-weather|RainDance|[upkeep]
|-damage|p2a: Conkeldurr|318\/401|[from] Leech Seed|[of] p1a: Politoed
|-heal|p1a: Politoed|138\/384 slp|[silent]
|turn|23
|
|-curestatus|p1a: Politoed|slp
|move|p1a: Politoed|Rest|p1a: Politoed
|-status|p1a: Politoed|slp
|-heal|p1a: Politoed|384\/384 slp|[silent]
|-status|p1a: Politoed|slp|[from] move: Rest
|move|p2a: Conkeldurr|Drain Punch|p1a: Politoed
|-damage|p1a: Politoed|243\/384 slp
|-heal|p2a: Conkeldurr|389\/401|[from] drain|[of] p1a: Politoed
|
|-weather|RainDance|[upkeep]
|-damage|p2a: Conkeldurr|339\/401|[from] Leech Seed|[of] p1a: Politoed
|-heal|p1a: Politoed|293\/384 slp|[silent]
|turn|24
|
|cant|p1a: Politoed|slp
|move|p1a: Politoed|Sleep Talk|p1a: Politoed
|move|p1a: Politoed|Rest|p1a: Politoed|[from]Sleep Talk
|-fail|p1a: Politoed
|move|p2a: Conkeldurr|Drain Punch|p1a: Politoed
|-damage|p1a: Politoed|146\/384 slp
|-heal|p2a: Conkeldurr|401\/401|[from] drain|[of] p1a: Politoed
|
|-weather|RainDance|[upkeep]
|-damage|p2a: Conkeldurr|351\/401|[from] Leech Seed|[of] p1a: Politoed
|-heal|p1a: Politoed|196\/384 slp|[silent]
|turn|25
|
|cant|p1a: Politoed|slp
|move|p1a: Politoed|Sleep Talk|p1a: Politoed
|move|p1a: Politoed|Scald|p2a: Conkeldurr|[from]Sleep Talk
|-damage|p2a: Conkeldurr|219\/401
|move|p2a: Conkeldurr|Drain Punch|p1a: Politoed
|-damage|p1a: Politoed|52\/384 slp
|-heal|p2a: Conkeldurr|291\/401|[from] drain|[of] p1a: Politoed
|
|-weather|RainDance|[upkeep]
|-damage|p2a: Conkeldurr|241\/401|[from] Leech Seed|[of] p1a: Politoed
|-heal|p1a: Politoed|102\/384 slp|[silent]
|turn|26
|
|-curestatus|p1a: Politoed|slp
|move|p1a: Politoed|Rest|p1a: Politoed
|-status|p1a: Politoed|slp
|-heal|p1a: Politoed|384\/384 slp|[silent]
|-status|p1a: Politoed|slp|[from] move: Rest
|move|p2a: Conkeldurr|Drain Punch|p1a: Politoed
|-damage|p1a: Politoed|252\/384 slp
|-heal|p2a: Conkeldurr|307\/401|[from] drain|[of] p1a: Politoed
|
|-weather|none
|-damage|p2a: Conkeldurr|257\/401|[from] Leech Seed|[of] p1a: Politoed
|-heal|p1a: Politoed|302\/384 slp|[silent]
|turn|27
|
|cant|p1a: Politoed|slp
|move|p1a: Politoed|Sleep Talk|p1a: Politoed
|move|p1a: Politoed|Scald|p2a: Conkeldurr|[from]Sleep Talk
|-damage|p2a: Conkeldurr|176\/401
|move|p2a: Conkeldurr|Drain Punch|p1a: Politoed
|-damage|p1a: Politoed|155\/384 slp
|-heal|p2a: Conkeldurr|250\/401|[from] drain|[of] p1a: Politoed
|
|-damage|p2a: Conkeldurr|200\/401|[from] Leech Seed|[of] p1a: Politoed
|-heal|p1a: Politoed|205\/384 slp|[silent]
|turn|28
|
|cant|p1a: Politoed|slp
|move|p1a: Politoed|Sleep Talk|p1a: Politoed
|move|p1a: Politoed|Toxic|p2a: Conkeldurr|[from]Sleep Talk
|-status|p2a: Conkeldurr|tox
|move|p2a: Conkeldurr|Drain Punch|p1a: Politoed
|-damage|p1a: Politoed|15\/384 slp
|-heal|p2a: Conkeldurr|295\/401 tox|[from] drain|[of] p1a: Politoed
|
|-damage|p2a: Conkeldurr|245\/401 tox|[from] Leech Seed|[of] p1a: Politoed
|-heal|p1a: Politoed|65\/384 slp|[silent]
|-damage|p2a: Conkeldurr|220\/401 tox|[from] psn
|turn|29
|
|switch|p1a: Keldeo|Keldeo|324\/324
|-damage|p1a: Keldeo|304\/324|[from] Stealth Rock
|move|p2a: Conkeldurr|Mach Punch|p1a: Keldeo
|-damage|p1a: Keldeo|156\/324
|
|-damage|p2a: Conkeldurr|170\/401 tox|[from] Leech Seed|[of] p1a: Keldeo
|-heal|p1a: Keldeo|206\/324|[silent]
|-damage|p2a: Conkeldurr|120\/401 tox|[from] psn
|turn|30
|
|move|p2a: Conkeldurr|Mach Punch|p1a: Keldeo
|-damage|p1a: Keldeo|77\/324
|move|p1a: Keldeo|Icy Wind|p2a: Conkeldurr
|-damage|p2a: Conkeldurr|53\/401 tox
|-unboost|p2a: Conkeldurr|spe|1
|
|-damage|p2a: Conkeldurr|3\/401 tox|[from] Leech Seed|[of] p1a: Keldeo
|-heal|p1a: Keldeo|127\/324|[silent]
|-damage|p2a: Conkeldurr|0 fnt|[from] psn
|faint|p2a: Conkeldurr
|
|switch|p2a: Gengar|Gengar, F|261\/261
|turn|31
|
|switch|p1a: Politoed|Politoed, F|65\/384 slp
|-damage|p1a: Politoed|17\/384 slp|[from] Stealth Rock
|-weather|RainDance
|move|p2a: Gengar|Sludge Wave|p1a: Politoed
|-damage|p1a: Politoed|0 fnt
|faint|p1a: Politoed
|
|-weather|RainDance|[upkeep]
|
|switch|p1a: Keldeo|Keldeo|127\/324
|-damage|p1a: Keldeo|107\/324|[from] Stealth Rock
|turn|32
|
|move|p1a: Keldeo|Hydro Pump|p2a: Gengar|[miss]
|-miss|p1a: Keldeo|p2a: Gengar
|move|p2a: Gengar|Shadow Ball|p1a: Keldeo
|-damage|p1a: Keldeo|0 fnt
|faint|p1a: Keldeo
|
|-weather|RainDance|[upkeep]
|
|switch|p1a: Kabutops|Kabutops, M|261\/261
|-damage|p1a: Kabutops|229\/261|[from] Stealth Rock
|turn|33
|
|move|p1a: Kabutops|Waterfall|p2a: Gengar
|-crit|p2a: Gengar
|-damage|p2a: Gengar|0 fnt
|-damage|p1a: Kabutops|203\/261|[from] item: Life Orb
|faint|p2a: Gengar
|
|-weather|RainDance|[upkeep]
|
|switch|p2a: Latios|Latios, M|301\/301
|turn|34
|
|move|p1a: Kabutops|Stone Edge|p2a: Latios
|-damage|p2a: Latios|3\/301
|-damage|p1a: Kabutops|177\/261|[from] item: Life Orb
|move|p2a: Latios|Thunderbolt|p1a: Kabutops
|-supereffective|p1a: Kabutops
|-damage|p1a: Kabutops|0 fnt
|-damage|p2a: Latios|0 fnt|[from] item: Life Orb
|faint|p1a: Kabutops
|faint|p2a: Latios
|
|win|NorecuerdomiNick.
|raw|Ladder updating...
|c|âsupercr0w|gg
|leave|supercr0w
|player|p1