|join|DiiSanchez
|join|NorecuerdomiNick.
|player|p1|DiiSanchez|52
|player|p2|NorecuerdomiNick.|209
|gametype|singles
|gen|6
|tier|OU
|rated
|clearpoke
|poke|p1|Venusaur, F
|poke|p1|Porygon2
|poke|p1|Greninja, F
|poke|p1|Heatran, M
|poke|p1|Doublade, M
|poke|p1|Thundurus, M
|poke|p2|Kyurem-Black
|poke|p2|Rotom-Wash
|poke|p2|Scizor, F
|poke|p2|Alakazam, F
|poke|p2|Heatran, F
|poke|p2|Landorus-Therian, M
|rule|Swagger Clause: Swagger is banned
|rule|Baton Pass Clause: Limit one PokÃ©mon knowing Baton Pass
|rule|Sleep Clause Mod: Limit one foe put to sleep
|rule|Species Clause: Limit one of each PokÃ©mon
|rule|OHKO Clause: OHKO moves are banned
|rule|Moody Clause: Moody is banned
|rule|Evasion Moves Clause: Evasion moves are banned
|rule|Endless Battle Clause: Forcing endless battles is banned
|rule|HP Percentage Mod: HP is shown in percentages
|teampreview
|
|start
|switch|p1a: Thundurus|Thundurus, M|299\/299
|switch|p2a: Rotom-Wash|Rotom-Wash|303\/303
|turn|1
|
|move|p1a: Thundurus|Taunt|p2a: Rotom-Wash
|-start|p2a: Rotom-Wash|move: Taunt
|cant|p2a: Rotom-Wash|move: Taunt|Will-O-Wisp
|
|turn|2
|
|move|p1a: Thundurus|Volt Switch|p2a: Rotom-Wash
|-damage|p2a: Rotom-Wash|217\/303
|-damage|p1a: Thundurus|270\/299|[from] item: Life Orb
|
|switch|p1a: Venusaur|Venusaur, F|364\/364
|move|p2a: Rotom-Wash|Volt Switch|p1a: Venusaur
|-resisted|p1a: Venusaur
|-damage|p1a: Venusaur|329\/364
|
|switch|p2a: Kyurem-Black|Kyurem-Black|454\/454
|-ability|p2a: Kyurem-Black|Teravolt
|
|turn|3
|
|switch|p1a: Heatran|Heatran, M|386\/386
|-item|p1a: Heatran|Air Balloon
|move|p2a: Kyurem-Black|Ice Beam|p1a: Heatran
|-crit|p1a: Heatran
|-resisted|p1a: Heatran
|-damage|p1a: Heatran|344\/386
|-enditem|p1a: Heatran|Air Balloon
|-status|p1a: Heatran|frz
|
|turn|4
|
|move|p2a: Kyurem-Black|Earth Power|p1a: Heatran
|-supereffective|p1a: Heatran
|-damage|p1a: Heatran|52\/386 frz
|cant|p1a: Heatran|frz
|
|turn|5
|
|switch|p1a: Thundurus|Thundurus, M|270\/299
|move|p2a: Kyurem-Black|Dragon Claw|p1a: Thundurus
|-damage|p1a: Thundurus|9\/299
|
|turn|6
|
|switch|p2a: Rotom-Wash|Rotom-Wash|217\/303
|move|p1a: Thundurus|Superpower|p2a: Rotom-Wash
|-damage|p2a: Rotom-Wash|70\/303
|-unboost|p1a: Thundurus|atk|1
|-unboost|p1a: Thundurus|def|1
|-damage|p1a: Thundurus|0 fnt|[from] item: Life Orb
|faint|p1a: Thundurus
|
|-heal|p2a: Rotom-Wash|88\/303|[from] item: Leftovers
|
|switch|p1a: Greninja|Greninja, F|286\/286
|turn|7
|
|move|p1a: Greninja|Dark Pulse|p2a: Rotom-Wash
|-start|p1a: Greninja|typechange|Dark|[from] Protean
|-damage|p2a: Rotom-Wash|0 fnt
|-damage|p1a: Greninja|258\/286|[from] item: Life Orb
|faint|p2a: Rotom-Wash
|
|
|switch|p2a: Kyurem-Black|Kyurem-Black|454\/454
|-ability|p2a: Kyurem-Black|Teravolt
|turn|8
|
|move|p1a: Greninja|Hidden Power|p2a: Kyurem-Black
|-start|p1a: Greninja|typechange|Fire|[from] Protean
|-crit|p2a: Kyurem-Black
|-damage|p2a: Kyurem-Black|301\/454
|-damage|p1a: Greninja|230\/286|[from] item: Life Orb
|move|p2a: Kyurem-Black|Dragon Claw|p1a: Greninja
|-damage|p1a: Greninja|0 fnt
|faint|p1a: Greninja
|
|
|switch|p1a: Porygon2|Porygon2|374\/374
|-boost|p1a: Porygon2|spa|1|[from] ability: Download
|turn|9
|
|switch|p2a: Heatran|Heatran, F|348\/348
|-item|p2a: Heatran|Air Balloon
|move|p1a: Porygon2|Ice Beam|p2a: Heatran
|-resisted|p2a: Heatran
|-damage|p2a: Heatran|321\/348
|-enditem|p2a: Heatran|Air Balloon
|-status|p2a: Heatran|frz
|
|turn|10
|
|switch|p1a: Doublade|Doublade, M|291\/291
|cant|p2a: Heatran|frz
|
|turn|11
|
|cant|p2a: Heatran|frz
|move|p1a: Doublade|Swords Dance|p1a: Doublade
|-boost|p1a: Doublade|atk|2
|
|turn|12
|
|cant|p2a: Heatran|frz
|move|p1a: Doublade|Sacred Sword|p2a: Heatran
|-supereffective|p2a: Heatran
|-damage|p2a: Heatran|0 fnt
|faint|p2a: Heatran
|
|
|switch|p2a: Landorus-Therian|Landorus-Therian, M|369\/369
|-ability|p2a: Landorus-Therian|Intimidate|[of] p1a: Doublade
|-unboost|p1a: Doublade|atk|1
|turn|13
|
|move|p2a: Landorus-Therian|Earthquake|p1a: Doublade
|-supereffective|p1a: Doublade
|-damage|p1a: Doublade|39\/291
|-damage|p2a: Landorus-Therian|333\/369|[from] item: Life Orb
|move|p1a: Doublade|Iron Head|p2a: Landorus-Therian
|-damage|p2a: Landorus-Therian|116\/369
|
|turn|14
|
|move|p1a: Doublade|Shadow Sneak|p2a: Landorus-Therian
|-damage|p2a: Landorus-Therian|8\/369
|move|p2a: Landorus-Therian|Earthquake|p1a: Doublade
|-supereffective|p1a: Doublade
|-damage|p1a: Doublade|0 fnt
|-damage|p2a: Landorus-Therian|0 fnt|[from] item: Life Orb
|faint|p1a: Doublade
|faint|p2a: Landorus-Therian
|
|
|switch|p2a: Alakazam|Alakazam, F|252\/252
|switch|p1a: Venusaur|Venusaur, F|329\/364
|turn|15
|
|detailschange|p1a: Venusaur|Venusaur-Mega, F
|message|Venusaur has Mega Evolved into Mega Venusaur!
|move|p2a: Alakazam|Psyshock|p1a: Venusaur
|-supereffective|p1a: Venusaur
|-damage|p1a: Venusaur|113\/364
|move|p1a: Venusaur|Sludge Bomb|p2a: Alakazam
|-damage|p2a: Alakazam|129\/252
|
|turn|16
|
|switch|p1a: Porygon2|Porygon2|374\/374
|-boost|p1a: Porygon2|atk|1|[from] ability: Download
|move|p2a: Alakazam|Psyshock|p1a: Porygon2
|-damage|p1a: Porygon2|290\/374
|
|turn|17
|
|switch|p2a: Scizor|Scizor, F|331\/331
|move|p1a: Porygon2|Thunder Wave|p2a: Scizor
|-status|p2a: Scizor|par
|
|turn|18
|
|detailschange|p2a: Scizor|Scizor-Mega, F
|message|Scizor has Mega Evolved into Mega Scizor!
|move|p1a: Porygon2|Tri Attack|p2a: Scizor
|-resisted|p2a: Scizor
|-damage|p2a: Scizor|287\/331 par
|cant|p2a: Scizor|par
|
|turn|19
|
|switch|p1a: Venusaur|Venusaur-Mega, F|113\/364
|cant|p2a: Scizor|par
|
|turn|20
|
|cant|p2a: Scizor|par
|move|p1a: Venusaur|Synthesis|p1a: Venusaur
|-heal|p1a: Venusaur|295\/364
|
|turn|21
|
|cant|p2a: Scizor|par
|move|p1a: Venusaur|Leech Seed|p2a: Scizor
|-start|p2a: Scizor|move: Leech Seed
|
|-damage|p2a: Scizor|246\/331 par|[from] Leech Seed|[of] p1a: Venusaur
|-heal|p1a: Venusaur|336\/364|[silent]
|turn|22
|
|switch|p2a: Kyurem-Black|Kyurem-Black|301\/454
|-ability|p2a: Kyurem-Black|Teravolt
|move|p1a: Venusaur|Giga Drain|p2a: Kyurem-Black
|-resisted|p2a: Kyurem-Black
|-damage|p2a: Kyurem-Black|262\/454
|-heal|p1a: Venusaur|356\/364|[from] drain|[of] p2a: Kyurem-Black
|
|turn|23
|
|switch|p1a: Heatran|Heatran, M|52\/386 frz
|move|p2a: Kyurem-Black|Ice Beam|p1a: Heatran
|-resisted|p1a: Heatran
|-damage|p1a: Heatran|24\/386 frz
|
|turn|24
|
|move|p2a: Kyurem-Black|Ice Beam|p1a: Heatran
|-resisted|p1a: Heatran
|-damage|p1a: Heatran|0 fnt
|faint|p1a: Heatran
|
|
|switch|p1a: Porygon2|Porygon2|290\/374
|-boost|p1a: Porygon2|spa|1|[from] ability: Download
|turn|25
|
|switch|p2a: Scizor|Scizor-Mega, F|246\/331 par
|move|p1a: Porygon2|Tri Attack|p2a: Scizor
|-resisted|p2a: Scizor
|-damage|p2a: Scizor|177\/331 par
|
|turn|26
|
|move|p1a: Porygon2|Tri Attack|p2a: Scizor
|-resisted|p2a: Scizor
|-damage|p2a: Scizor|105\/331 par
|move|p2a: Scizor|Knock Off|p1a: Porygon2
|-damage|p1a: Porygon2|224\/374
|-enditem|p1a: Porygon2|Eviolite|[from] move: Knock Off|[of] p2a: Scizor
|
|turn|27
|
|move|p1a: Porygon2|Tri Attack|p2a: Scizor
|-resisted|p2a: Scizor
|-damage|p2a: Scizor|37\/331 par
|move|p2a: Scizor|Roost|p2a: Scizor
|-heal|p2a: Scizor|203\/331 par
|
|turn|28
|
|switch|p1a: Venusaur|Venusaur-Mega, F|356\/364
|cant|p2a: Scizor|par
|
|turn|29
|
|move|p2a: Scizor|Bullet Punch|p1a: Venusaur
|-damage|p1a: Venusaur|284\/364
|move|p1a: Venusaur|Leech Seed|p2a: Scizor
|-start|p2a: Scizor|move: Leech Seed
|
|-damage|p2a: Scizor|162\/331 par|[from] Leech Seed|[of] p1a: Venusaur
|-heal|p1a: Venusaur|325\/364|[silent]
|turn|30
|
|move|p1a: Venusaur|Leech Seed|p2a: Scizor
|-fail|p2a: Scizor
|move|p2a: Scizor|Roost|p2a: Scizor
|-heal|p2a: Scizor|328\/331 par
|
|-damage|p2a: Scizor|287\/331 par|[from] Leech Seed|[of] p1a: Venusaur
|-heal|p1a: Venusaur|364\/364|[silent]
|turn|31
|
|move|p2a: Scizor|Bullet Punch|p1a: Venusaur
|-damage|p1a: Venusaur|294\/364
|move|p1a: Venusaur|Leech Seed|p2a: Scizor|[miss]
|-miss|p1a: Venusaur|p2a: Scizor
|
|-damage|p2a: Scizor|246\/331 par|[from] Leech Seed|[of] p1a: Venusaur
|-heal|p1a: Venusaur|335\/364|[silent]
|turn|32
|
|move|p2a: Scizor|Bullet Punch|p1a: Venusaur
|-damage|p1a: Venusaur|271\/364
|move|p1a: Venusaur|Giga Drain|p2a: Scizor
|-resisted|p2a: Scizor
|-damage|p2a: Scizor|222\/331 par
|-heal|p1a: Venusaur|283\/364|[from] drain|[of] p2a: Scizor
|
|-damage|p2a: Scizor|181\/331 par|[from] Leech Seed|[of] p1a: Venusaur
|-heal|p1a: Venusaur|324\/364|[silent]
|turn|33
|
|move|p1a: Venusaur|Leech Seed|p2a: Scizor
|-fail|p2a: Scizor
|move|p2a: Scizor|Roost|p2a: Scizor
|-heal|p2a: Scizor|331\/331 par
|
|-damage|p2a: Scizor|290\/331 par|[from] Leech Seed|[of] p1a: Venusaur
|-heal|p1a: Venusaur|364\/364|[silent]
|turn|34
|
|move|p2a: Scizor|Bullet Punch|p1a: Venusaur
|-damage|p1a: Venusaur|292\/364
|move|p1a: Venusaur|Giga Drain|p2a: Scizor
|-resisted|p2a: Scizor
|-damage|p2a: Scizor|267\/331 par
|-heal|p1a: Venusaur|304\/364|[from] drain|[of] p2a: Scizor
|
|-damage|p2a: Scizor|226\/331 par|[from] Leech Seed|[of] p1a: Venusaur
|-heal|p1a: Venusaur|345\/364|[silent]
|turn|35
|
|switch|p1a: Porygon2|Porygon2|224\/374
|-boost|p1a: Porygon2|spa|1|[from] ability: Download
|cant|p2a: Scizor|par
|
|-damage|p2a: Scizor|185\/331 par|[from] Leech Seed|[of] p1a: Porygon2
|-heal|p1a: Porygon2|265\/374|[silent]
|turn|36
|
|move|p2a: Scizor|Bullet Punch|p1a: Porygon2
|-damage|p1a: Porygon2|181\/374
|move|p1a: Porygon2|Thunder Wave|p2a: Scizor
|-fail|p2a: Scizor|par
|
|-damage|p2a: Scizor|144\/331 par|[from] Leech Seed|[of] p1a: Porygon2
|-heal|p1a: Porygon2|222\/374|[silent]
|turn|37
|
|move|p1a: Porygon2|Recover|p1a: Porygon2
|-heal|p1a: Porygon2|374\/374
|cant|p2a: Scizor|par
|
|-damage|p2a: Scizor|103\/331 par|[from] Leech Seed|[of] p1a: Porygon2
|turn|38
|
|move|p1a: Porygon2|Tri Attack|p2a: Scizor
|-resisted|p2a: Scizor
|-damage|p2a: Scizor|39\/331 par
|move|p2a: Scizor|Roost|p2a: Scizor
|-heal|p2a: Scizor|205\/331 par
|
|-damage|p2a: Scizor|164\/331 par|[from] Leech Seed|[of] p1a: Porygon2
|turn|39
|
|move|p1a: Porygon2|Tri Attack|p2a: Scizor
|-resisted|p2a: Scizor
|-damage|p2a: Scizor|96\/331 par
|cant|p2a: Scizor|par
|
|-damage|p2a: Scizor|55\/331 par|[from] Leech Seed|[of] p1a: Porygon2
|turn|40
|
|move|p2a: Scizor|Bullet Punch|p1a: Porygon2
|-damage|p1a: Porygon2|292\/374
|move|p1a: Porygon2|Tri Attack|p2a: Scizor
|-resisted|p2a: Scizor
|-damage|p2a: Scizor|0 fnt
|faint|p2a: Scizor
|
|
|switch|p2a: Alakazam|Alakazam, F|129\/252
|turn|41
|
|move|p2a: Alakazam|Focus Blast|p1a: Porygon2
|-supereffective|p1a: Porygon2
|-damage|p1a: Porygon2|20\/374
|move|p1a: Porygon2|Thunder Wave|p2a: Alakazam
|-status|p2a: Alakazam|par
|
|turn|42
|
|move|p1a: Porygon2|Recover|p1a: Porygon2
|-heal|p1a: Porygon2|207\/374
|move|p2a: Alakazam|Focus Blast|p1a: Porygon2
|-supereffective|p1a: Porygon2
|-damage|p1a: Porygon2|0 fnt
|faint|p1a: Porygon2
|
|
|switch|p1a: Venusaur|Venusaur-Mega, F|345\/364
|turn|43
|
|move|p1a: Venusaur|Sludge Bomb|p2a: Alakazam
|-damage|p2a: Alakazam|0 fnt
|faint|p2a: Alakazam
|
|
|switch|p2a: Kyurem-Black|Kyurem-Black|262\/454
|-ability|p2a: Kyurem-Black|Teravolt
|turn|44
|
|move|p2a: Kyurem-Black|Ice Beam|p1a: Venusaur
|-supereffective|p1a: Venusaur
|-damage|p1a: Venusaur|121\/364
|move|p1a: Venusaur|Sludge Bomb|p2a: Kyurem-Black
|-damage|p2a: Kyurem-Black|156\/454
|
|turn|45
|
|move|p2a: Kyurem-Black|Ice Beam|p1a: Venusaur
|-supereffective|p1a: Venusaur
|-damage|p1a: Venusaur|0 fnt
|faint|p1a: Venusaur
|
|win|NorecuerdomiNick.
|raw|Ladder updating...
|leave|DiiSanchez
|player|p1