|join|Kuro Hebi12
|join|NorecuerdomiNick.
|player|p1|Kuro Hebi12|293
|player|p2|NorecuerdomiNick.|209
|gametype|singles
|gen|6
|tier|OU
|rated
|clearpoke
|poke|p1|Gallade, M
|poke|p1|Conkeldurr, M, shiny
|poke|p1|Greninja, M
|poke|p1|Galvantula, M
|poke|p1|Azumarill, M, shiny
|poke|p1|Dragonite, M
|poke|p2|Metagross
|poke|p2|Arcanine, M
|poke|p2|Thundurus, M
|poke|p2|Sylveon, F
|poke|p2|Rotom-Wash
|poke|p2|Latias, F
|rule|Swagger Clause: Swagger is banned
|rule|Baton Pass Clause: Limit one PokÃ©mon knowing Baton Pass
|rule|Sleep Clause Mod: Limit one foe put to sleep
|rule|Species Clause: Limit one of each PokÃ©mon
|rule|OHKO Clause: OHKO moves are banned
|rule|Moody Clause: Moody is banned
|rule|Evasion Moves Clause: Evasion moves are banned
|rule|Endless Battle Clause: Forcing endless battles is banned
|rule|HP Percentage Mod: HP is shown in percentages
|teampreview
|
|start
|switch|p1a: Gallade|Gallade, M|301\/301
|switch|p2a: Sylveon|Sylveon, F|394\/394
|turn|1
|
|switch|p1a: Galvantula|Galvantula, M|282\/282
|move|p2a: Sylveon|Hyper Voice|p1a: Galvantula
|-damage|p1a: Galvantula|26\/282
|
|turn|2
|
|move|p1a: Galvantula|Sticky Web|p2a: Sylveon
|-sidestart|p2: NorecuerdomiNick.|move: Sticky Web
|move|p2a: Sylveon|Hyper Voice|p1a: Galvantula
|-damage|p1a: Galvantula|0 fnt
|faint|p1a: Galvantula
|
|
|switch|p1a: Azumarill|Azumarill, M, shiny|383\/383
|turn|3
|
|move|p2a: Sylveon|Hyper Voice|p1a: Azumarill
|-damage|p1a: Azumarill|167\/383
|move|p1a: Azumarill|Play Rough|p2a: Sylveon
|-damage|p2a: Sylveon|138\/394
|
|-heal|p2a: Sylveon|162\/394|[from] item: Leftovers
|turn|4
|
|switch|p2a: Rotom-Wash|Rotom-Wash|304\/304
|move|p1a: Azumarill|Play Rough|p2a: Rotom-Wash
|-damage|p2a: Rotom-Wash|127\/304
|
|-heal|p2a: Rotom-Wash|146\/304|[from] item: Leftovers
|turn|5
|
|switch|p1a: Conkeldurr|Conkeldurr, M, shiny|381\/381
|move|p2a: Rotom-Wash|Volt Switch|p1a: Conkeldurr
|-damage|p1a: Conkeldurr|306\/381
|
|switch|p2a: Latias|Latias, F|363\/363
|
|turn|6
|
|move|p2a: Latias|Defog|p1a: Conkeldurr
|-unboost|p1a: Conkeldurr|evasion|1
|-sideend|p2: NorecuerdomiNick.|Sticky Web|[from] move: Defog|[of] p2a: Latias
|move|p1a: Conkeldurr|Knock Off|p2a: Latias
|-supereffective|p2a: Latias
|-damage|p2a: Latias|93\/363
|-damage|p1a: Conkeldurr|243\/381|[from] item: Rocky Helmet|[of] p2a: Latias
|-enditem|p2a: Latias|Rocky Helmet|[from] move: Knock Off|[of] p1a: Conkeldurr
|
|turn|7
|
|move|p2a: Latias|Recover|p2a: Latias
|-heal|p2a: Latias|275\/363
|move|p1a: Conkeldurr|Knock Off|p2a: Latias
|-supereffective|p2a: Latias
|-damage|p2a: Latias|75\/363
|
|turn|8
|
|move|p2a: Latias|Draco Meteor|p1a: Conkeldurr
|-damage|p1a: Conkeldurr|108\/381
|-unboost|p2a: Latias|spa|2
|move|p1a: Conkeldurr|Knock Off|p2a: Latias
|-supereffective|p2a: Latias
|-damage|p2a: Latias|0 fnt
|faint|p2a: Latias
|
|
|switch|p2a: Sylveon|Sylveon, F|162\/394
|turn|9
|
|move|p2a: Sylveon|Wish|p2a: Sylveon
|move|p1a: Conkeldurr|Fire Punch|p2a: Sylveon
|-damage|p2a: Sylveon|22\/394
|
|-heal|p2a: Sylveon|46\/394|[from] item: Leftovers
|turn|10
|
|switch|p2a: Rotom-Wash|Rotom-Wash|146\/304
|move|p1a: Conkeldurr|Knock Off|p2a: Rotom-Wash
|-damage|p2a: Rotom-Wash|25\/304
|-enditem|p2a: Rotom-Wash|Leftovers|[from] move: Knock Off|[of] p1a: Conkeldurr
|
|-heal|p2a: Rotom-Wash|222\/304|[from] move: Wish|[wisher] Sylveon
|turn|11
|
|move|p2a: Rotom-Wash|Volt Switch|p1a: Conkeldurr
|-damage|p1a: Conkeldurr|38\/381
|
|switch|p2a: Sylveon|Sylveon, F|46\/394
|move|p1a: Conkeldurr|Drain Punch|p2a: Sylveon
|-resisted|p2a: Sylveon
|-damage|p2a: Sylveon|0 fnt
|-heal|p1a: Conkeldurr|61\/381|[from] drain|[of] p2a: Sylveon
|faint|p2a: Sylveon
|
|
|switch|p2a: Rotom-Wash|Rotom-Wash|222\/304
|turn|12
|
|move|p2a: Rotom-Wash|Volt Switch|p1a: Conkeldurr
|-damage|p1a: Conkeldurr|0 fnt
|faint|p1a: Conkeldurr
|
|switch|p2a: Metagross|Metagross|302\/302
|
|
|switch|p1a: Gallade|Gallade, M|301\/301
|turn|13
|
|detailschange|p2a: Metagross|Metagross-Mega
|message|Metagross has Mega Evolved into Mega Metagross!
|detailschange|p1a: Gallade|Gallade-Mega, M
|message|Gallade has Mega Evolved into Mega Gallade!
|move|p2a: Metagross|Meteor Mash|p1a: Gallade
|-damage|p1a: Gallade|67\/301
|move|p1a: Gallade|Bulk Up|p1a: Gallade
|-boost|p1a: Gallade|atk|1
|-boost|p1a: Gallade|def|1
|
|turn|14
|
|move|p2a: Metagross|Bullet Punch|p1a: Gallade
|-damage|p1a: Gallade|0 fnt
|faint|p1a: Gallade
|
|
|switch|p1a: Greninja|Greninja, M|286\/286
|turn|15
|
|move|p1a: Greninja|Dark Pulse|p2a: Metagross
|-start|p1a: Greninja|typechange|Dark|[from] Protean
|-supereffective|p2a: Metagross
|-damage|p2a: Metagross|72\/302
|move|p2a: Metagross|Meteor Mash|p1a: Greninja
|-crit|p1a: Greninja
|-damage|p1a: Greninja|0 fnt
|faint|p1a: Greninja
|
|
|switch|p1a: Dragonite|Dragonite, M|326\/326
|turn|16
|
|move|p2a: Metagross|Meteor Mash|p1a: Dragonite
|-damage|p1a: Dragonite|213\/326
|move|p1a: Dragonite|Dragon Dance|p1a: Dragonite
|-boost|p1a: Dragonite|atk|1
|-boost|p1a: Dragonite|spe|1
|
|turn|17
|
|move|p2a: Metagross|Bullet Punch|p1a: Dragonite
|-damage|p1a: Dragonite|102\/326
|move|p1a: Dragonite|Fire Punch|p2a: Metagross
|-supereffective|p2a: Metagross
|-damage|p2a: Metagross|0 fnt
|faint|p2a: Metagross
|
|
|switch|p2a: Arcanine|Arcanine, M|321\/321
|-ability|p2a: Arcanine|Intimidate|[of] p1a: Dragonite
|-unboost|p1a: Dragonite|atk|1
|turn|18
|
|move|p2a: Arcanine|Extreme Speed|p1a: Dragonite
|-damage|p1a: Dragonite|0 fnt
|-damage|p2a: Arcanine|289\/321|[from] item: Life Orb
|faint|p1a: Dragonite
|
|
|switch|p1a: Azumarill|Azumarill, M, shiny|167\/383
|turn|19
|c|âKuro Hebi12|gg
|
|move|p2a: Arcanine|Extreme Speed|p1a: Azumarill
|-damage|p1a: Azumarill|27\/383
|-damage|p2a: Arcanine|257\/321|[from] item: Life Orb
|move|p1a: Azumarill|Play Rough|p2a: Arcanine
|-resisted|p2a: Arcanine
|-damage|p2a: Arcanine|139\/321
|
|turn|20
|-message|Kuro Hebi12 forfeited.
|
|win|NorecuerdomiNick.
|raw|Ladder updating...
|leave|Kuro Hebi12
|player|p1
|raw|Kuro Hebi12's rating: 1238 &rarr; <strong>1216<\/strong><br \/>(-22 for losing)
|raw|NorecuerdomiNick.'s rating: 1283 &rarr; <strong>1305<\/strong><br \/>(+22 for winning)