|join|NorecuerdomiNick.
|join|xXZakerXx
|player|p1|NorecuerdomiNick.|209
|player|p2|xXZakerXx|92
|gametype|singles
|gen|6
|tier|OU
|rated
|clearpoke
|poke|p1|Dragonite, M
|poke|p1|Blissey, F
|poke|p1|Skarmory, M
|poke|p1|Manectric, M
|poke|p1|Conkeldurr, M
|poke|p1|Clefable, F
|poke|p2|Azumarill, M
|poke|p2|Landorus-Therian, M
|poke|p2|Gengar, M
|poke|p2|Manectric, F
|poke|p2|Garchomp, F
|poke|p2|Crawdaunt, M
|rule|Swagger Clause: Swagger is banned
|rule|Baton Pass Clause: Limit one PokÃ©mon knowing Baton Pass
|rule|Sleep Clause Mod: Limit one foe put to sleep
|rule|Species Clause: Limit one of each PokÃ©mon
|rule|OHKO Clause: OHKO moves are banned
|rule|Moody Clause: Moody is banned
|rule|Evasion Moves Clause: Evasion moves are banned
|rule|Endless Battle Clause: Forcing endless battles is banned
|rule|HP Percentage Mod: HP is shown in percentages
|teampreview
|
|start
|switch|p1a: Blissey|Blissey, F|714\/714
|switch|p2a: Gengar|Gengar, M|262\/262
|turn|1
|
|move|p2a: Gengar|Taunt|p1a: Blissey
|-start|p1a: Blissey|move: Taunt
|cant|p1a: Blissey|move: Taunt|Thunder Wave
|
|turn|2
|
|switch|p1a: Conkeldurr|Conkeldurr, M|401\/401
|move|p2a: Gengar|Focus Blast|p1a: Conkeldurr
|-damage|p1a: Conkeldurr|210\/401
|-damage|p2a: Gengar|236\/262|[from] item: Life Orb
|
|turn|3
|
|move|p2a: Gengar|Sludge Wave|p1a: Conkeldurr
|-damage|p1a: Conkeldurr|11\/401
|-status|p1a: Conkeldurr|psn
|-damage|p2a: Gengar|210\/262|[from] item: Life Orb
|move|p1a: Conkeldurr|Knock Off|p2a: Gengar
|-supereffective|p2a: Gengar
|-damage|p2a: Gengar|0 fnt
|-enditem|p2a: Gengar|Life Orb|[from] move: Knock Off|[of] p1a: Conkeldurr
|faint|p2a: Gengar
|
|-damage|p1a: Conkeldurr|0 fnt|[from] psn
|faint|p1a: Conkeldurr
|
|switch|p1a: Manectric|Manectric, M|281\/281
|switch|p2a: Crawdaunt|Crawdaunt, M|269\/269
|turn|4
|
|switch|p2a: Landorus-Therian|Landorus-Therian, M|319\/319
|-ability|p2a: Landorus-Therian|Intimidate|[of] p1a: Manectric
|-unboost|p1a: Manectric|atk|1
|detailschange|p1a: Manectric|Manectric-Mega, M
|message|Manectric has Mega Evolved into Mega Manectric!
|-ability|p1a: Manectric|Intimidate|[of] p2a: Landorus-Therian
|-unboost|p2a: Landorus-Therian|atk|1
|move|p1a: Manectric|Thunderbolt|p2a: Landorus-Therian
|-immune|p2a: Landorus-Therian|[msg]
|
|turn|5
|
|switch|p1a: Skarmory|Skarmory, M|321\/321
|move|p2a: Landorus-Therian|U-turn|p1a: Skarmory
|-resisted|p1a: Skarmory
|-damage|p1a: Skarmory|313\/321
|-damage|p2a: Landorus-Therian|266\/319|[from] item: Rocky Helmet|[of] p1a: Skarmory
|
|switch|p2a: Manectric|Manectric, F|281\/281
|
|turn|6
|
|switch|p1a: Blissey|Blissey, F|714\/714
|detailschange|p2a: Manectric|Manectric-Mega, F
|message|Manectric has Mega Evolved into Mega Manectric!
|-ability|p2a: Manectric|Intimidate|[of] p1a: Blissey
|-unboost|p1a: Blissey|atk|1
|move|p2a: Manectric|Volt Switch|p1a: Blissey
|-damage|p1a: Blissey|611\/714
|
|switch|p2a: Garchomp|Garchomp, F|358\/358
|
|-heal|p1a: Blissey|655\/714|[from] item: Leftovers
|turn|7
|
|move|p2a: Garchomp|Stealth Rock|p1a: Blissey
|-sidestart|p1: NorecuerdomiNick.|move: Stealth Rock
|move|p1a: Blissey|Stealth Rock|p2a: Garchomp
|-sidestart|p2: xXZakerXx|move: Stealth Rock
|
|-heal|p1a: Blissey|699\/714|[from] item: Leftovers
|turn|8
|
|switch|p1a: Skarmory|Skarmory, M|313\/321
|-damage|p1a: Skarmory|273\/321|[from] Stealth Rock
|move|p2a: Garchomp|Swords Dance|p2a: Garchomp
|-boost|p2a: Garchomp|atk|2
|
|turn|9
|
|move|p2a: Garchomp|Dragon Claw|p1a: Skarmory
|-resisted|p1a: Skarmory
|-damage|p1a: Skarmory|186\/321
|-damage|p2a: Garchomp|299\/358|[from] item: Rocky Helmet|[of] p1a: Skarmory
|move|p1a: Skarmory|Toxic|p2a: Garchomp
|-status|p2a: Garchomp|tox
|-enditem|p2a: Garchomp|Lum Berry|[eat]
|-curestatus|p2a: Garchomp|tox
|
|turn|10
|
|move|p2a: Garchomp|Dragon Claw|p1a: Skarmory
|-resisted|p1a: Skarmory
|-damage|p1a: Skarmory|110\/321
|-damage|p2a: Garchomp|240\/358|[from] item: Rocky Helmet|[of] p1a: Skarmory
|move|p1a: Skarmory|Roost|p1a: Skarmory
|-heal|p1a: Skarmory|271\/321
|
|turn|11
|
|switch|p2a: Manectric|Manectric-Mega, F|281\/281
|-damage|p2a: Manectric|246\/281|[from] Stealth Rock
|-ability|p2a: Manectric|Intimidate|[of] p1a: Skarmory
|-unboost|p1a: Skarmory|atk|1
|move|p1a: Skarmory|Toxic|p2a: Manectric
|-status|p2a: Manectric|tox
|
|-damage|p2a: Manectric|229\/281 tox|[from] psn
|turn|12
|
|switch|p1a: Blissey|Blissey, F|699\/714
|-damage|p1a: Blissey|610\/714|[from] Stealth Rock
|move|p2a: Manectric|Volt Switch|p1a: Blissey
|-damage|p1a: Blissey|511\/714
|
|switch|p2a: Crawdaunt|Crawdaunt, M|269\/269
|-damage|p2a: Crawdaunt|236\/269|[from] Stealth Rock
|
|-heal|p1a: Blissey|555\/714|[from] item: Leftovers
|turn|13
|
|move|p2a: Crawdaunt|Swords Dance|p2a: Crawdaunt
|-boost|p2a: Crawdaunt|atk|2
|move|p1a: Blissey|Thunder Wave|p2a: Crawdaunt
|-status|p2a: Crawdaunt|par
|
|-heal|p1a: Blissey|599\/714|[from] item: Leftovers
|turn|14
|
|switch|p1a: Skarmory|Skarmory, M|271\/321
|-damage|p1a: Skarmory|231\/321|[from] Stealth Rock
|cant|p2a: Crawdaunt|par
|
|turn|15
|
|move|p1a: Skarmory|Drill Peck|p2a: Crawdaunt
|-damage|p2a: Crawdaunt|145\/269 par
|move|p2a: Crawdaunt|Knock Off|p1a: Skarmory
|-damage|p1a: Skarmory|0 fnt
|-damage|p2a: Crawdaunt|101\/269 par|[from] item: Rocky Helmet|[of] p1a: Skarmory
|-enditem|p1a: Skarmory|Rocky Helmet|[from] move: Knock Off|[of] p2a: Crawdaunt
|-damage|p2a: Crawdaunt|75\/269 par|[from] item: Life Orb
|faint|p1a: Skarmory
|
|
|switch|p1a: Clefable|Clefable, F|356\/356
|turn|16
|
|cant|p2a: Crawdaunt|par
|move|p1a: Clefable|Moonblast|p2a: Crawdaunt
|-supereffective|p2a: Crawdaunt
|-damage|p2a: Crawdaunt|0 fnt
|faint|p2a: Crawdaunt
|
|
|switch|p2a: Garchomp|Garchomp, F|240\/358
|-damage|p2a: Garchomp|218\/358|[from] Stealth Rock
|turn|17
|
|move|p2a: Garchomp|Earthquake|p1a: Clefable
|-damage|p1a: Clefable|191\/356
|move|p1a: Clefable|Moonblast|p2a: Garchomp
|-supereffective|p2a: Garchomp
|-damage|p2a: Garchomp|0 fnt
|faint|p2a: Garchomp
|
|
|switch|p2a: Manectric|Manectric-Mega, F|229\/281 tox
|-damage|p2a: Manectric|194\/281 tox|[from] Stealth Rock
|-ability|p2a: Manectric|Intimidate|[of] p1a: Clefable
|-unboost|p1a: Clefable|atk|1
|turn|18
|
|move|p2a: Manectric|Thunderbolt|p1a: Clefable
|-damage|p1a: Clefable|0 fnt
|faint|p1a: Clefable
|
|-damage|p2a: Manectric|177\/281 tox|[from] psn
|
|switch|p1a: Blissey|Blissey, F|599\/714
|-damage|p1a: Blissey|510\/714|[from] Stealth Rock
|turn|19
|
|move|p2a: Manectric|Volt Switch|p1a: Blissey
|-damage|p1a: Blissey|416\/714
|
|switch|p2a: Azumarill|Azumarill, M|399\/399
|-damage|p2a: Azumarill|350\/399|[from] Stealth Rock
|move|p1a: Blissey|Seismic Toss|p2a: Azumarill
|-damage|p2a: Azumarill|250\/399
|
|-heal|p1a: Blissey|460\/714|[from] item: Leftovers
|turn|20
|
|move|p1a: Blissey|Seismic Toss|p2a: Azumarill
|-damage|p2a: Azumarill|150\/399
|move|p2a: Azumarill|Play Rough|p1a: Blissey
|-damage|p1a: Blissey|124\/714
|-unboost|p1a: Blissey|atk|1
|
|-heal|p1a: Blissey|168\/714|[from] item: Leftovers
|turn|21
|
|move|p2a: Azumarill|Aqua Jet|p1a: Blissey
|-damage|p1a: Blissey|9\/714
|move|p1a: Blissey|Thunder Wave|p2a: Azumarill
|-status|p2a: Azumarill|par
|
|-heal|p1a: Blissey|53\/714|[from] item: Leftovers
|turn|22
|
|move|p2a: Azumarill|Aqua Jet|p1a: Blissey
|-damage|p1a: Blissey|0 fnt
|faint|p1a: Blissey
|
|
|switch|p1a: Manectric|Manectric-Mega, M|281\/281
|-damage|p1a: Manectric|246\/281|[from] Stealth Rock
|-ability|p1a: Manectric|Intimidate|[of] p2a: Azumarill
|-unboost|p2a: Azumarill|atk|1
|turn|23
|
|move|p2a: Azumarill|Aqua Jet|p1a: Manectric
|-damage|p1a: Manectric|180\/281
|move|p1a: Manectric|Thunderbolt|p2a: Azumarill
|-supereffective|p2a: Azumarill
|-damage|p2a: Azumarill|0 fnt
|faint|p2a: Azumarill
|
|
|switch|p2a: Landorus-Therian|Landorus-Therian, M|266\/319
|-damage|p2a: Landorus-Therian|227\/319|[from] Stealth Rock
|-ability|p2a: Landorus-Therian|Intimidate|[of] p1a: Manectric
|-unboost|p1a: Manectric|atk|1
|turn|24
|
|move|p2a: Landorus-Therian|Stone Edge|p1a: Manectric
|-damage|p1a: Manectric|33\/281
|move|p1a: Manectric|Hidden Power|p2a: Landorus-Therian
|-supereffective|p2a: Landorus-Therian
|-damage|p2a: Landorus-Therian|0 fnt
|faint|p2a: Landorus-Therian
|
|
|switch|p2a: Manectric|Manectric-Mega, F|177\/281 tox
|-damage|p2a: Manectric|142\/281 tox|[from] Stealth Rock
|-ability|p2a: Manectric|Intimidate|[of] p1a: Manectric
|-unboost|p1a: Manectric|atk|1
|turn|25
|
|move|p1a: Manectric|Flamethrower|p2a: Manectric
|-damage|p2a: Manectric|12\/281 tox
|move|p2a: Manectric|Volt Switch|p1a: Manectric
|-resisted|p1a: Manectric
|-damage|p1a: Manectric|0 fnt
|faint|p1a: Manectric
|
|-damage|p2a: Manectric|0 fnt|[from] psn
|faint|p2a: Manectric
|
|win|NorecuerdomiNick.
|raw|Ladder updating...
|raw|NorecuerdomiNick.'s rating: 1502 &rarr; <strong>1519<\/strong><br \/>(+17 for winning)
|raw|xXZakerXx's rating: 1446 &rarr; <strong>1430<\/strong><br \/>(-16 for losing)