|join|NorecuerdomiNick.
|join|CKallday
|player|p1|NorecuerdomiNick.|209
|player|p2|CKallday|153
|gametype|singles
|gen|6
|tier|OU
|rated
|clearpoke
|poke|p1|Azumarill, M
|poke|p1|Breloom, M
|poke|p1|Greninja, F
|poke|p1|Landorus, M
|poke|p1|Clefable, F
|poke|p1|Scizor, M
|poke|p2|Greninja, M, shiny
|poke|p2|Sceptile, F
|poke|p2|Porygon2, shiny
|poke|p2|Clefable, F
|poke|p2|Skarmory, F
|poke|p2|Bisharp, F, shiny
|rule|Swagger Clause: Swagger is banned
|rule|Baton Pass Clause: Limit one PokÃ©mon knowing Baton Pass
|rule|Sleep Clause Mod: Limit one foe put to sleep
|rule|Species Clause: Limit one of each PokÃ©mon
|rule|OHKO Clause: OHKO moves are banned
|rule|Moody Clause: Moody is banned
|rule|Evasion Moves Clause: Evasion moves are banned
|rule|Endless Battle Clause: Forcing endless battles is banned
|rule|HP Percentage Mod: HP is shown in percentages
|teampreview
|
|start
|switch|p1a: Clefable|Clefable, F|394\/394
|switch|p2a: Skarmory|Skarmory, F|334\/334
|turn|1
|
|move|p2a: Skarmory|Stealth Rock|p1a: Clefable
|-sidestart|p1: NorecuerdomiNick.|move: Stealth Rock
|move|p1a: Clefable|Flamethrower|p2a: Skarmory
|-supereffective|p2a: Skarmory
|-damage|p2a: Skarmory|154\/334
|
|-status|p1a: Clefable|brn|[from] item: Flame Orb
|turn|2
|
|move|p1a: Clefable|Flamethrower|p2a: Skarmory
|-supereffective|p2a: Skarmory
|-damage|p2a: Skarmory|0 fnt
|faint|p2a: Skarmory
|
|
|switch|p2a: Bisharp|Bisharp, F, shiny|272\/272
|turn|3
|
|move|p2a: Bisharp|Iron Head|p1a: Clefable
|-crit|p1a: Clefable
|-supereffective|p1a: Clefable
|-damage|p1a: Clefable|0 fnt
|faint|p1a: Clefable
|
|
|switch|p1a: Breloom|Breloom, M|262\/262
|-damage|p1a: Breloom|246\/262|[from] Stealth Rock
|turn|4
|
|switch|p2a: Clefable|Clefable, F|394\/394
|move|p1a: Breloom|Spore|p2a: Clefable
|-status|p2a: Clefable|slp
|
|-status|p1a: Breloom|tox|[from] item: Toxic Orb
|turn|5
|
|move|p1a: Breloom|Substitute|p1a: Breloom
|-start|p1a: Breloom|Substitute
|-damage|p1a: Breloom|181\/262 tox
|cant|p2a: Clefable|slp
|
|-heal|p1a: Breloom|213\/262 tox|[from] ability: Poison Heal
|turn|6
|
|move|p1a: Breloom|Seed Bomb|p2a: Clefable
|-damage|p2a: Clefable|220\/394 slp
|-curestatus|p2a: Clefable|slp
|move|p2a: Clefable|Calm Mind|p2a: Clefable
|-boost|p2a: Clefable|spa|1
|-boost|p2a: Clefable|spd|1
|
|-heal|p2a: Clefable|244\/394|[from] item: Leftovers
|-heal|p1a: Breloom|245\/262 tox|[from] ability: Poison Heal
|turn|7
|
|move|p1a: Breloom|Spore|p2a: Clefable
|-status|p2a: Clefable|slp
|cant|p2a: Clefable|slp
|
|-heal|p2a: Clefable|268\/394 slp|[from] item: Leftovers
|-heal|p1a: Breloom|262\/262 tox|[from] ability: Poison Heal
|turn|8
|
|move|p1a: Breloom|Seed Bomb|p2a: Clefable
|-damage|p2a: Clefable|90\/394 slp
|-curestatus|p2a: Clefable|slp
|move|p2a: Clefable|Soft-Boiled|p2a: Clefable
|-heal|p2a: Clefable|287\/394
|
|-heal|p2a: Clefable|311\/394|[from] item: Leftovers
|turn|9
|
|move|p1a: Breloom|Spore|p2a: Clefable
|-status|p2a: Clefable|slp
|cant|p2a: Clefable|slp
|
|-heal|p2a: Clefable|335\/394 slp|[from] item: Leftovers
|turn|10
|
|move|p1a: Breloom|Seed Bomb|p2a: Clefable
|-crit|p2a: Clefable
|-damage|p2a: Clefable|103\/394 slp
|cant|p2a: Clefable|slp
|
|-heal|p2a: Clefable|127\/394 slp|[from] item: Leftovers
|turn|11
|
|move|p1a: Breloom|Seed Bomb|p2a: Clefable
|-damage|p2a: Clefable|0 fnt
|faint|p2a: Clefable
|
|
|switch|p2a: Sceptile|Sceptile, F|282\/282
|turn|12
|
|-singleturn|p1a: Breloom|move: Focus Punch
|detailschange|p2a: Sceptile|Sceptile-Mega, F
|message|Sceptile has Mega Evolved into Mega Sceptile!
|move|p2a: Sceptile|Hidden Power|p1a: Breloom
|-supereffective|p1a: Breloom
|-end|p1a: Breloom|Substitute
|move|p1a: Breloom|Focus Punch|p2a: Sceptile
|-damage|p2a: Sceptile|0 fnt
|faint|p2a: Sceptile
|
|
|switch|p2a: Greninja|Greninja, M, shiny|285\/285
|turn|13
|
|switch|p1a: Greninja|Greninja, F|285\/285
|-damage|p1a: Greninja|250\/285|[from] Stealth Rock
|move|p2a: Greninja|Ice Beam|p1a: Greninja
|-start|p2a: Greninja|typechange|Ice|[from] Protean
|-resisted|p1a: Greninja
|-damage|p1a: Greninja|110\/285
|-status|p1a: Greninja|frz
|-damage|p2a: Greninja|257\/285|[from] item: Life Orb
|
|turn|14
|
|cant|p1a: Greninja|frz
|move|p2a: Greninja|Grass Knot|p1a: Greninja
|-start|p2a: Greninja|typechange|Grass|[from] Protean
|-supereffective|p1a: Greninja
|-damage|p1a: Greninja|0 fnt
|-damage|p2a: Greninja|229\/285|[from] item: Life Orb
|faint|p1a: Greninja
|
|
|switch|p1a: Scizor|Scizor, M|331\/331
|-damage|p1a: Scizor|290\/331|[from] Stealth Rock
|turn|15
|
|detailschange|p1a: Scizor|Scizor-Mega, M
|message|Scizor has Mega Evolved into Mega Scizor!
|move|p2a: Greninja|Extrasensory|p1a: Scizor
|-start|p2a: Greninja|typechange|Psychic|[from] Protean
|-resisted|p1a: Scizor
|-damage|p1a: Scizor|213\/331
|-damage|p2a: Greninja|201\/285|[from] item: Life Orb
|move|p1a: Scizor|Knock Off|p2a: Greninja
|-supereffective|p2a: Greninja
|-damage|p2a: Greninja|0 fnt
|-enditem|p2a: Greninja|Life Orb|[from] move: Knock Off|[of] p1a: Scizor
|faint|p2a: Greninja
|
|
|switch|p2a: Porygon2|Porygon2, shiny|374\/374
|turn|16
|
|move|p1a: Scizor|Defog|p2a: Porygon2
|-unboost|p2a: Porygon2|evasion|1
|-sideend|p1: NorecuerdomiNick.|Stealth Rock|[from] move: Defog|[of] p1a: Scizor
|move|p2a: Porygon2|Thunder Wave|p1a: Scizor
|-status|p1a: Scizor|par
|
|turn|17
|
|move|p2a: Porygon2|Thunderbolt|p1a: Scizor
|-damage|p1a: Scizor|141\/331 par
|move|p1a: Scizor|Knock Off|p2a: Porygon2
|-damage|p2a: Porygon2|295\/374
|-enditem|p2a: Porygon2|Eviolite|[from] move: Knock Off|[of] p1a: Scizor
|
|turn|18
|
|switch|p1a: Breloom|Breloom, M|262\/262 tox
|move|p2a: Porygon2|Tri Attack|p1a: Breloom
|-damage|p1a: Breloom|64\/262 tox
|
|-heal|p1a: Breloom|96\/262 tox|[from] ability: Poison Heal
|turn|19
|
|move|p1a: Breloom|Spore|p2a: Porygon2
|-status|p2a: Porygon2|slp
|cant|p2a: Porygon2|slp
|
|-heal|p1a: Breloom|128\/262 tox|[from] ability: Poison Heal
|turn|20
|
|move|p1a: Breloom|Substitute|p1a: Breloom
|-start|p1a: Breloom|Substitute
|-damage|p1a: Breloom|63\/262 tox
|-curestatus|p2a: Porygon2|slp
|move|p2a: Porygon2|Recover|p2a: Porygon2
|-heal|p2a: Porygon2|374\/374
|
|-heal|p1a: Breloom|95\/262 tox|[from] ability: Poison Heal
|turn|21
|
|move|p1a: Breloom|Spore|p2a: Porygon2
|-status|p2a: Porygon2|slp
|cant|p2a: Porygon2|slp
|
|-heal|p1a: Breloom|127\/262 tox|[from] ability: Poison Heal
|turn|22
|
|-singleturn|p1a: Breloom|move: Focus Punch
|-curestatus|p2a: Porygon2|slp
|move|p2a: Porygon2|Tri Attack|p1a: Breloom
|-end|p1a: Breloom|Substitute
|move|p1a: Breloom|Focus Punch|p2a: Porygon2
|-supereffective|p2a: Porygon2
|-damage|p2a: Porygon2|0 fnt
|faint|p2a: Porygon2
|
|-heal|p1a: Breloom|159\/262 tox|[from] ability: Poison Heal
|
|switch|p2a: Bisharp|Bisharp, F, shiny|272\/272
|turn|23
|
|move|p1a: Breloom|Spore|p2a: Bisharp
|-status|p2a: Bisharp|slp
|cant|p2a: Bisharp|slp
|
|-heal|p1a: Breloom|191\/262 tox|[from] ability: Poison Heal
|turn|24
|
|cant|p2a: Bisharp|slp
|move|p1a: Breloom|Substitute|p1a: Breloom
|-start|p1a: Breloom|Substitute
|-damage|p1a: Breloom|126\/262 tox
|
|-heal|p1a: Breloom|158\/262 tox|[from] ability: Poison Heal
|turn|25
|
|-singleturn|p1a: Breloom|move: Focus Punch
|cant|p2a: Bisharp|slp
|move|p1a: Breloom|Focus Punch|p2a: Bisharp
|-supereffective|p2a: Bisharp
|-damage|p2a: Bisharp|0 fnt
|faint|p2a: Bisharp
|
|win|NorecuerdomiNick.
|raw|Ladder updating...
|raw|NorecuerdomiNick.'s rating: 1321 &rarr; <strong>1340<\/strong><br \/>(+19 for winning)
|raw|CKallday's rating: 1313 &rarr; <strong>1293<\/strong><br \/>(-20 for losing)
|leave|CKallday
|player|p2