|join|NorecuerdomiNick.
|join|Pok_Neutrino
|player|p1|NorecuerdomiNick.|209
|player|p2|Pok_Neutrino|238
|gametype|singles
|gen|6
|tier|OU
|rated
|clearpoke
|poke|p1|Gengar, F
|poke|p1|Conkeldurr, M
|poke|p1|Heatran, F
|poke|p1|Blastoise, F
|poke|p1|Talonflame, M
|poke|p1|Latios, M
|poke|p2|Metagross
|poke|p2|Togekiss, F
|poke|p2|Rotom-Wash
|poke|p2|Mamoswine, M
|poke|p2|Latios, M
|poke|p2|Magnezone
|rule|Swagger Clause: Swagger is banned
|rule|Baton Pass Clause: Limit one PokÃ©mon knowing Baton Pass
|rule|Sleep Clause Mod: Limit one foe put to sleep
|rule|Species Clause: Limit one of each PokÃ©mon
|rule|OHKO Clause: OHKO moves are banned
|rule|Moody Clause: Moody is banned
|rule|Evasion Moves Clause: Evasion moves are banned
|rule|Endless Battle Clause: Forcing endless battles is banned
|rule|HP Percentage Mod: HP is shown in percentages
|teampreview
|
|start
|switch|p1a: Gengar|Gengar, F|261\/261
|switch|p2a: Highway2|Magnezone|282\/282
|turn|1
|
|move|p2a: Highway2|Volt Switch|p1a: Gengar
|-damage|p1a: Gengar|98\/261
|
|switch|p2a: Maytag|Rotom-Wash|303\/303
|move|p1a: Gengar|Shadow Ball|p2a: Maytag
|-damage|p2a: Maytag|201\/303
|
|-heal|p1a: Gengar|114\/261|[from] item: Black Sludge
|-heal|p2a: Maytag|219\/303|[from] item: Leftovers
|turn|2
|
|move|p1a: Gengar|Sludge Wave|p2a: Maytag
|-damage|p2a: Maytag|110\/303
|move|p2a: Maytag|Hydro Pump|p1a: Gengar
|-damage|p1a: Gengar|0 fnt
|faint|p1a: Gengar
|
|-heal|p2a: Maytag|128\/303|[from] item: Leftovers
|
|switch|p1a: Conkeldurr|Conkeldurr, M|401\/401
|turn|3
|
|move|p2a: Maytag|Pain Split|p1a: Conkeldurr
|-sethp|p1a: Conkeldurr|264\/401|p2a: Maytag|264\/303|[from] move: Pain Split
|move|p1a: Conkeldurr|Ice Punch|p2a: Maytag
|-resisted|p2a: Maytag
|-damage|p2a: Maytag|216\/303
|
|-heal|p2a: Maytag|234\/303|[from] item: Leftovers
|turn|4
|
|move|p2a: Maytag|Hydro Pump|p1a: Conkeldurr
|-damage|p1a: Conkeldurr|143\/401
|move|p1a: Conkeldurr|Drain Punch|p2a: Maytag
|-damage|p2a: Maytag|99\/303
|-heal|p1a: Conkeldurr|211\/401|[from] drain|[of] p2a: Maytag
|
|-heal|p2a: Maytag|117\/303|[from] item: Leftovers
|turn|5
|
|move|p2a: Maytag|Pain Split|p1a: Conkeldurr
|-sethp|p1a: Conkeldurr|164\/401|p2a: Maytag|164\/303|[from] move: Pain Split
|move|p1a: Conkeldurr|Knock Off|p2a: Maytag
|-damage|p2a: Maytag|29\/303
|-enditem|p2a: Maytag|Leftovers|[from] move: Knock Off|[of] p1a: Conkeldurr
|
|turn|6
|
|move|p1a: Conkeldurr|Mach Punch|p2a: Maytag
|-damage|p2a: Maytag|0 fnt
|faint|p2a: Maytag
|
|
|switch|p2a: M'tagross|Metagross|335\/335
|turn|7
|
|detailschange|p2a: M'tagross|Metagross-Mega
|message|Metagross has Mega Evolved into Mega Metagross!
|move|p2a: M'tagross|Zen Headbutt|p1a: Conkeldurr
|-supereffective|p1a: Conkeldurr
|-damage|p1a: Conkeldurr|0 fnt
|faint|p1a: Conkeldurr
|
|
|switch|p1a: Blastoise|Blastoise, F|343\/343
|turn|8
|
|detailschange|p1a: Blastoise|Blastoise-Mega, F
|message|Blastoise has Mega Evolved into Mega Blastoise!
|move|p2a: M'tagross|Zen Headbutt|p1a: Blastoise
|-damage|p1a: Blastoise|145\/343
|move|p1a: Blastoise|Dark Pulse|p2a: M'tagross
|-crit|p2a: M'tagross
|-supereffective|p2a: M'tagross
|-damage|p2a: M'tagross|0 fnt
|faint|p2a: M'tagross
|
|
|switch|p2a: Highway2|Magnezone|282\/282
|turn|9
|
|move|p2a: Highway2|Thunderbolt|p1a: Blastoise
|-supereffective|p1a: Blastoise
|-damage|p1a: Blastoise|0 fnt
|faint|p1a: Blastoise
|
|
|switch|p1a: Latios|Latios, M|301\/301
|turn|10
|
|switch|p2a: Face of Mercy|Togekiss, F|373\/373
|move|p1a: Latios|Psyshock|p2a: Face of Mercy
|-damage|p2a: Face of Mercy|220\/373
|-damage|p1a: Latios|271\/301|[from] item: Life Orb
|
|-heal|p2a: Face of Mercy|243\/373|[from] item: Leftovers
|turn|11
|
|switch|p1a: Heatran|Heatran, F|386\/386
|move|p2a: Face of Mercy|Dazzling Gleam|p1a: Heatran
|-resisted|p1a: Heatran
|-damage|p1a: Heatran|367\/386
|
|-heal|p2a: Face of Mercy|266\/373|[from] item: Leftovers
|-heal|p1a: Heatran|386\/386|[from] item: Leftovers
|turn|12
|
|move|p2a: Face of Mercy|Roost|p2a: Face of Mercy
|-heal|p2a: Face of Mercy|373\/373
|move|p1a: Heatran|Stealth Rock|p2a: Face of Mercy
|-sidestart|p2: Pok_Neutrino|move: Stealth Rock
|
|turn|13
|
|move|p2a: Face of Mercy|Aura Sphere|p1a: Heatran
|-supereffective|p1a: Heatran
|-damage|p1a: Heatran|280\/386
|move|p1a: Heatran|Toxic|p2a: Face of Mercy
|-status|p2a: Face of Mercy|tox
|
|-heal|p1a: Heatran|304\/386|[from] item: Leftovers
|-damage|p2a: Face of Mercy|350\/373 tox|[from] psn
|turn|14
|
|switch|p2a: ManBearPig|Mamoswine, M|361\/361
|-damage|p2a: ManBearPig|316\/361|[from] Stealth Rock
|move|p1a: Heatran|Lava Plume|p2a: ManBearPig
|-supereffective|p2a: ManBearPig
|-damage|p2a: ManBearPig|140\/361
|
|-heal|p1a: Heatran|328\/386|[from] item: Leftovers
|turn|15
|
|switch|p1a: Talonflame|Talonflame, M|298\/298
|move|p2a: ManBearPig|Earthquake|p1a: Talonflame
|-immune|p1a: Talonflame|[msg]
|
|turn|16
|
|move|p2a: ManBearPig|Ice Shard|p1a: Talonflame
|-damage|p1a: Talonflame|199\/298
|move|p1a: Talonflame|U-turn|p2a: ManBearPig
|-damage|p2a: ManBearPig|24\/361
|
|switch|p1a: Heatran|Heatran, F|328\/386
|
|-heal|p1a: Heatran|352\/386|[from] item: Leftovers
|turn|17
|
|move|p1a: Heatran|Protect|p1a: Heatran
|-singleturn|p1a: Heatran|Protect
|move|p2a: ManBearPig|Earthquake|p1a: Heatran
|-activate|p1a: Heatran|Protect
|
|-heal|p1a: Heatran|376\/386|[from] item: Leftovers
|turn|18
|
|switch|p1a: Talonflame|Talonflame, M|199\/298
|move|p2a: ManBearPig|Earthquake|p1a: Talonflame
|-immune|p1a: Talonflame|[msg]
|
|turn|19
|
|move|p2a: ManBearPig|Ice Shard|p1a: Talonflame
|-damage|p1a: Talonflame|103\/298
|move|p1a: Talonflame|U-turn|p2a: ManBearPig
|-damage|p2a: ManBearPig|0 fnt
|faint|p2a: ManBearPig
|
|switch|p1a: Heatran|Heatran, F|376\/386
|
|-heal|p1a: Heatran|386\/386|[from] item: Leftovers
|-message|Pok_Neutrino forfeited.
|leave|Pok_Neutrino
|
|win|NorecuerdomiNick.
|raw|Ladder updating...
|player|p2