|join|NorecuerdomiNick.
|join|nejisuke
|player|p1|NorecuerdomiNick.|209
|player|p2|nejisuke|169
|gametype|singles
|gen|6
|tier|OU
|rated
|clearpoke
|poke|p1|Gengar, F
|poke|p1|Conkeldurr, M
|poke|p1|Heatran, M
|poke|p1|Blastoise, F
|poke|p1|Talonflame, M
|poke|p1|Latios, M
|poke|p2|Slowbro, M
|poke|p2|Ferrothorn, M
|poke|p2|Sableye, F
|poke|p2|Rotom-Wash
|poke|p2|Magnezone
|poke|p2|Wigglytuff, M
|rule|Swagger Clause: Swagger is banned
|rule|Baton Pass Clause: Limit one PokÃ©mon knowing Baton Pass
|rule|Sleep Clause Mod: Limit one foe put to sleep
|rule|Species Clause: Limit one of each PokÃ©mon
|rule|OHKO Clause: OHKO moves are banned
|rule|Moody Clause: Moody is banned
|rule|Evasion Moves Clause: Evasion moves are banned
|rule|Endless Battle Clause: Forcing endless battles is banned
|rule|HP Percentage Mod: HP is shown in percentages
|teampreview
|
|start
|switch|p1a: Conkeldurr|Conkeldurr, M|401\/401
|switch|p2a: Rotom-Wash|Rotom-Wash|304\/304
|turn|1
|
|move|p2a: Rotom-Wash|Will-O-Wisp|p1a: Conkeldurr
|-status|p1a: Conkeldurr|brn
|move|p1a: Conkeldurr|Knock Off|p2a: Rotom-Wash
|-damage|p2a: Rotom-Wash|170\/304
|-enditem|p2a: Rotom-Wash|Leftovers|[from] move: Knock Off|[of] p1a: Conkeldurr
|
|-damage|p1a: Conkeldurr|351\/401 brn|[from] brn
|turn|2
|
|switch|p2a: Sableye|Sableye, F|304\/304
|move|p1a: Conkeldurr|Drain Punch|p2a: Sableye
|-immune|p2a: Sableye|[msg]
|
|-damage|p1a: Conkeldurr|301\/401 brn|[from] brn
|turn|3
|
|switch|p2a: Ferrothorn|Ferrothorn, M|352\/352
|move|p1a: Conkeldurr|Knock Off|p2a: Ferrothorn
|-damage|p2a: Ferrothorn|228\/352
|-damage|p1a: Conkeldurr|251\/401 brn|[from] ability: Iron Barbs|[of] p2a: Ferrothorn
|-damage|p1a: Conkeldurr|185\/401 brn|[from] item: Rocky Helmet|[of] p2a: Ferrothorn
|-enditem|p2a: Ferrothorn|Rocky Helmet|[from] move: Knock Off|[of] p1a: Conkeldurr
|
|-damage|p1a: Conkeldurr|135\/401 brn|[from] brn
|turn|4
|
|move|p2a: Ferrothorn|Protect|p2a: Ferrothorn
|-singleturn|p2a: Ferrothorn|Protect
|move|p1a: Conkeldurr|Drain Punch|p2a: Ferrothorn
|-activate|p2a: Ferrothorn|Protect
|
|-damage|p1a: Conkeldurr|85\/401 brn|[from] brn
|turn|5
|
|switch|p2a: Sableye|Sableye, F|304\/304
|move|p1a: Conkeldurr|Knock Off|p2a: Sableye
|-damage|p2a: Sableye|49\/304
|-enditem|p2a: Sableye|Leftovers|[from] move: Knock Off|[of] p1a: Conkeldurr
|
|-damage|p1a: Conkeldurr|35\/401 brn|[from] brn
|turn|6
|
|move|p2a: Sableye|Recover|p2a: Sableye
|-heal|p2a: Sableye|201\/304
|move|p1a: Conkeldurr|Ice Punch|p2a: Sableye
|-damage|p2a: Sableye|0 fnt
|faint|p2a: Sableye
|
|-damage|p1a: Conkeldurr|0 fnt|[from] brn
|faint|p1a: Conkeldurr
|
|switch|p1a: Gengar|Gengar, F|261\/261
|switch|p2a: Ferrothorn|Ferrothorn, M|228\/352
|turn|7
|
|move|p1a: Gengar|Substitute|p1a: Gengar
|-start|p1a: Gengar|Substitute
|-damage|p1a: Gengar|196\/261
|move|p2a: Ferrothorn|Stealth Rock|p1a: Gengar
|-sidestart|p1: NorecuerdomiNick.|move: Stealth Rock
|
|-heal|p1a: Gengar|212\/261|[from] item: Black Sludge
|turn|8
|
|move|p1a: Gengar|Will-O-Wisp|p2a: Ferrothorn
|-status|p2a: Ferrothorn|brn
|move|p2a: Ferrothorn|Knock Off|p1a: Gengar
|-supereffective|p1a: Gengar
|-end|p1a: Gengar|Substitute
|
|-heal|p1a: Gengar|228\/261|[from] item: Black Sludge
|-damage|p2a: Ferrothorn|184\/352 brn|[from] brn
|turn|9
|
|move|p1a: Gengar|Substitute|p1a: Gengar
|-start|p1a: Gengar|Substitute
|-damage|p1a: Gengar|163\/261
|move|p2a: Ferrothorn|Knock Off|p1a: Gengar
|-supereffective|p1a: Gengar
|-end|p1a: Gengar|Substitute
|
|-heal|p1a: Gengar|179\/261|[from] item: Black Sludge
|-damage|p2a: Ferrothorn|140\/352 brn|[from] brn
|turn|10
|
|move|p1a: Gengar|Shadow Ball|p2a: Ferrothorn
|-damage|p2a: Ferrothorn|7\/352 brn
|move|p2a: Ferrothorn|Leech Seed|p1a: Gengar
|-start|p1a: Gengar|move: Leech Seed
|
|-heal|p1a: Gengar|195\/261|[from] item: Black Sludge
|-damage|p1a: Gengar|163\/261|[from] Leech Seed|[of] p2a: Ferrothorn
|-heal|p2a: Ferrothorn|39\/352 brn|[silent]
|-damage|p2a: Ferrothorn|0 fnt|[from] brn
|faint|p2a: Ferrothorn
|
|switch|p2a: Magnezone|Magnezone|344\/344
|turn|11
|
|switch|p1a: Heatran|Heatran, M|386\/386
|-damage|p1a: Heatran|338\/386|[from] Stealth Rock
|move|p2a: Magnezone|Substitute|p2a: Magnezone
|-start|p2a: Magnezone|Substitute
|-damage|p2a: Magnezone|258\/344
|
|-heal|p1a: Heatran|362\/386|[from] item: Leftovers
|-heal|p2a: Magnezone|279\/344|[from] item: Leftovers
|turn|12
|
|move|p1a: Heatran|Stealth Rock|p2a: Magnezone
|-sidestart|p2: nejisuke|move: Stealth Rock
|move|p2a: Magnezone|Discharge|p1a: Heatran
|-crit|p1a: Heatran
|-damage|p1a: Heatran|202\/386
|
|-heal|p1a: Heatran|226\/386|[from] item: Leftovers
|-heal|p2a: Magnezone|300\/344|[from] item: Leftovers
|turn|13
|
|move|p1a: Heatran|Protect|p1a: Heatran
|-singleturn|p1a: Heatran|Protect
|move|p2a: Magnezone|Discharge|p1a: Heatran
|-activate|p1a: Heatran|Protect
|
|-heal|p1a: Heatran|250\/386|[from] item: Leftovers
|-heal|p2a: Magnezone|321\/344|[from] item: Leftovers
|turn|14
|
|move|p1a: Heatran|Lava Plume|p2a: Magnezone
|-supereffective|p2a: Magnezone
|-end|p2a: Magnezone|Substitute
|move|p2a: Magnezone|Discharge|p1a: Heatran
|-damage|p1a: Heatran|150\/386
|-status|p1a: Heatran|par
|
|-heal|p2a: Magnezone|342\/344|[from] item: Leftovers
|-heal|p1a: Heatran|174\/386 par|[from] item: Leftovers
|turn|15
|
|move|p2a: Magnezone|Substitute|p2a: Magnezone
|-start|p2a: Magnezone|Substitute
|-damage|p2a: Magnezone|256\/344
|move|p1a: Heatran|Lava Plume|p2a: Magnezone
|-supereffective|p2a: Magnezone
|-end|p2a: Magnezone|Substitute
|
|-heal|p2a: Magnezone|277\/344|[from] item: Leftovers
|-heal|p1a: Heatran|198\/386 par|[from] item: Leftovers
|turn|16
|
|move|p2a: Magnezone|Substitute|p2a: Magnezone
|-start|p2a: Magnezone|Substitute
|-damage|p2a: Magnezone|191\/344
|cant|p1a: Heatran|par
|
|-heal|p2a: Magnezone|212\/344|[from] item: Leftovers
|-heal|p1a: Heatran|222\/386 par|[from] item: Leftovers
|turn|17
|
|move|p2a: Magnezone|Discharge|p1a: Heatran
|-damage|p1a: Heatran|114\/386 par
|cant|p1a: Heatran|par
|
|-heal|p2a: Magnezone|233\/344|[from] item: Leftovers
|-heal|p1a: Heatran|138\/386 par|[from] item: Leftovers
|turn|18
|
|move|p2a: Magnezone|Discharge|p1a: Heatran
|-damage|p1a: Heatran|21\/386 par
|cant|p1a: Heatran|par
|
|-heal|p2a: Magnezone|254\/344|[from] item: Leftovers
|-heal|p1a: Heatran|45\/386 par|[from] item: Leftovers
|turn|19
|
|move|p2a: Magnezone|Discharge|p1a: Heatran
|-damage|p1a: Heatran|0 fnt
|faint|p1a: Heatran
|
|-heal|p2a: Magnezone|275\/344|[from] item: Leftovers
|
|switch|p1a: Latios|Latios, M|301\/301
|-damage|p1a: Latios|264\/301|[from] Stealth Rock
|turn|20
|
|move|p1a: Latios|Earthquake|p2a: Magnezone
|-crit|p2a: Magnezone
|-supereffective|p2a: Magnezone
|-end|p2a: Magnezone|Substitute
|-damage|p1a: Latios|234\/301|[from] item: Life Orb
|move|p2a: Magnezone|Mirror Shot|p1a: Latios|[miss]
|-miss|p2a: Magnezone|p1a: Latios
|
|-heal|p2a: Magnezone|296\/344|[from] item: Leftovers
|turn|21
|
|switch|p2a: Wigglytuff|Wigglytuff, M|484\/484
|-damage|p2a: Wigglytuff|424\/484|[from] Stealth Rock
|move|p1a: Latios|Earthquake|p2a: Wigglytuff
|-crit|p2a: Wigglytuff
|-damage|p2a: Wigglytuff|180\/484
|-damage|p1a: Latios|204\/301|[from] item: Life Orb
|
|-heal|p2a: Wigglytuff|210\/484|[from] item: Leftovers
|turn|22
|
|move|p1a: Latios|Psyshock|p2a: Wigglytuff
|-damage|p2a: Wigglytuff|0 fnt
|-damage|p1a: Latios|174\/301|[from] item: Life Orb
|faint|p2a: Wigglytuff
|
|
|switch|p2a: Slowbro|Slowbro, M|394\/394
|-damage|p2a: Slowbro|345\/394|[from] Stealth Rock
|turn|23
|
|switch|p1a: Blastoise|Blastoise, F|343\/343
|-damage|p1a: Blastoise|301\/343|[from] Stealth Rock
|detailschange|p2a: Slowbro|Slowbro-Mega, M
|message|Slowbro has Mega Evolved into Mega Slowbro!
|move|p2a: Slowbro|Trick Room|p2a: Slowbro
|-fieldstart|move: Trick Room|[of] p2a: Slowbro
|
|turn|24
|
|detailschange|p1a: Blastoise|Blastoise-Mega, F
|message|Blastoise has Mega Evolved into Mega Blastoise!
|move|p2a: Slowbro|Calm Mind|p2a: Slowbro
|-boost|p2a: Slowbro|spa|1
|-boost|p2a: Slowbro|spd|1
|move|p1a: Blastoise|Dark Pulse|p2a: Slowbro
|-supereffective|p2a: Slowbro
|-damage|p2a: Slowbro|93\/394
|
|turn|25
|
|move|p2a: Slowbro|Scald|p1a: Blastoise
|-resisted|p1a: Blastoise
|-damage|p1a: Blastoise|198\/343
|move|p1a: Blastoise|Dark Pulse|p2a: Slowbro
|-supereffective|p2a: Slowbro
|-damage|p2a: Slowbro|0 fnt
|faint|p2a: Slowbro
|
|
|switch|p2a: Magnezone|Magnezone|296\/344
|-damage|p2a: Magnezone|275\/344|[from] Stealth Rock
|turn|26
|
|move|p2a: Magnezone|Discharge|p1a: Blastoise
|-supereffective|p1a: Blastoise
|-damage|p1a: Blastoise|0 fnt
|faint|p1a: Blastoise
|
|-heal|p2a: Magnezone|296\/344|[from] item: Leftovers
|
|switch|p1a: Latios|Latios, M|174\/301
|-damage|p1a: Latios|137\/301|[from] Stealth Rock
|turn|27
|
|move|p2a: Magnezone|Mirror Shot|p1a: Latios
|-damage|p1a: Latios|13\/301
|-unboost|p1a: Latios|accuracy|1
|move|p1a: Latios|Earthquake|p2a: Magnezone
|-miss|p1a: Latios|p2a: Magnezone
|
|-heal|p2a: Magnezone|317\/344|[from] item: Leftovers
|-fieldend|move: Trick Room
|turn|28
|
|switch|p2a: Rotom-Wash|Rotom-Wash|170\/304
|-damage|p2a: Rotom-Wash|132\/304|[from] Stealth Rock
|move|p1a: Latios|Earthquake|p2a: Rotom-Wash
|-immune|p2a: Rotom-Wash|[msg]
|
|turn|29
|
|move|p1a: Latios|Psyshock|p2a: Rotom-Wash
|-damage|p2a: Rotom-Wash|2\/304
|-damage|p1a: Latios|0 fnt|[from] item: Life Orb
|faint|p1a: Latios
|move|p2a: Rotom-Wash|Charge Beam|p1: Latios|[notarget]
|-notarget
|
|
|switch|p1a: Gengar|Gengar, F|163\/261
|-damage|p1a: Gengar|131\/261|[from] Stealth Rock
|turn|30
|
|move|p1a: Gengar|Shadow Ball|p2a: Rotom-Wash
|-damage|p2a: Rotom-Wash|0 fnt
|faint|p2a: Rotom-Wash
|
|-heal|p1a: Gengar|147\/261|[from] item: Black Sludge
|
|switch|p2a: Magnezone|Magnezone|317\/344
|-damage|p2a: Magnezone|296\/344|[from] Stealth Rock
|turn|31
|
|move|p1a: Gengar|Shadow Ball|p2a: Magnezone
|-damage|p2a: Magnezone|133\/344
|move|p2a: Magnezone|Discharge|p1a: Gengar
|-damage|p1a: Gengar|0 fnt
|faint|p1a: Gengar
|
|-heal|p2a: Magnezone|154\/344|[from] item: Leftovers
|
|switch|p1a: Talonflame|Talonflame, M|298\/298
|-damage|p1a: Talonflame|149\/298|[from] Stealth Rock
|turn|32
|
|move|p1a: Talonflame|Flare Blitz|p2a: Magnezone
|-supereffective|p2a: Magnezone
|-damage|p2a: Magnezone|0 fnt
|-damage|p1a: Talonflame|98\/298|[from] recoil|[of] p2a: Magnezone
|faint|p2a: Magnezone
|
|win|NorecuerdomiNick.
|raw|Ladder updating...
|leave|nejisuke
|player|p2