|join|TotAll
|join|NorecuerdomiNick.
|player|p1|TotAll|101
|player|p2|NorecuerdomiNick.|209
|gametype|singles
|gen|6
|tier|OU
|rated
|clearpoke
|poke|p1|Charizard, M
|poke|p1|Gliscor, M
|poke|p1|Rotom-Wash
|poke|p1|Excadrill, F
|poke|p1|Sylveon, F
|poke|p1|Dragonite, F
|poke|p2|Gengar, M
|poke|p2|Conkeldurr, F
|poke|p2|Heatran, M
|poke|p2|Blastoise, M
|poke|p2|Talonflame, M
|poke|p2|Latios, M
|rule|Swagger Clause: Swagger is banned
|rule|Baton Pass Clause: Limit one PokÃ©mon knowing Baton Pass
|rule|Sleep Clause Mod: Limit one foe put to sleep
|rule|Species Clause: Limit one of each PokÃ©mon
|rule|OHKO Clause: OHKO moves are banned
|rule|Moody Clause: Moody is banned
|rule|Evasion Moves Clause: Evasion moves are banned
|rule|Endless Battle Clause: Forcing endless battles is banned
|rule|HP Percentage Mod: HP is shown in percentages
|teampreview
|
|start
|switch|p1a: Rotom-Wash|Rotom-Wash|304\/304
|switch|p2a: Talonflame|Talonflame, M|298\/298
|turn|1
|
|move|p2a: Talonflame|U-turn|p1a: Rotom-Wash
|-damage|p1a: Rotom-Wash|232\/304
|
|switch|p2a: Conkeldurr|Conkeldurr, F|401\/401
|move|p1a: Rotom-Wash|Volt Switch|p2a: Conkeldurr
|-damage|p2a: Conkeldurr|286\/401
|
|switch|p1a: Gliscor|Gliscor, M|354\/354
|
|-status|p1a: Gliscor|tox|[from] item: Toxic Orb
|turn|2
|
|move|p1a: Gliscor|Acrobatics|p2a: Conkeldurr
|-supereffective|p2a: Conkeldurr
|-damage|p2a: Conkeldurr|160\/401
|move|p2a: Conkeldurr|Ice Punch|p1a: Gliscor
|-supereffective|p1a: Gliscor
|-damage|p1a: Gliscor|86\/354 tox
|
|-heal|p1a: Gliscor|130\/354 tox|[from] ability: Poison Heal
|turn|3
|
|move|p1a: Gliscor|Roost|p1a: Gliscor
|-heal|p1a: Gliscor|307\/354 tox
|move|p2a: Conkeldurr|Ice Punch|p1a: Gliscor
|-supereffective|p1a: Gliscor
|-damage|p1a: Gliscor|185\/354 tox
|
|-heal|p1a: Gliscor|229\/354 tox|[from] ability: Poison Heal
|turn|4
|
|move|p1a: Gliscor|Roost|p1a: Gliscor
|-heal|p1a: Gliscor|354\/354 tox
|move|p2a: Conkeldurr|Ice Punch|p1a: Gliscor
|-supereffective|p1a: Gliscor
|-damage|p1a: Gliscor|224\/354 tox
|
|-heal|p1a: Gliscor|268\/354 tox|[from] ability: Poison Heal
|turn|5
|
|move|p1a: Gliscor|Acrobatics|p2a: Conkeldurr
|-supereffective|p2a: Conkeldurr
|-damage|p2a: Conkeldurr|40\/401
|move|p2a: Conkeldurr|Ice Punch|p1a: Gliscor
|-supereffective|p1a: Gliscor
|-damage|p1a: Gliscor|0 fnt
|faint|p1a: Gliscor
|
|c|âTotAll|ffs
|
|switch|p1a: Dragonite|Dragonite, F|323\/323
|turn|6
|
|move|p1a: Dragonite|Extreme Speed|p2a: Conkeldurr
|-damage|p2a: Conkeldurr|0 fnt
|faint|p2a: Conkeldurr
|
|
|switch|p2a: Gengar|Gengar, M|261\/261
|turn|7
|
|move|p2a: Gengar|Will-O-Wisp|p1a: Dragonite
|-status|p1a: Dragonite|brn
|-enditem|p1a: Dragonite|Lum Berry|[eat]
|-curestatus|p1a: Dragonite|brn
|move|p1a: Dragonite|Outrage|p2a: Gengar
|-damage|p2a: Gengar|0 fnt
|faint|p2a: Gengar
|
|
|switch|p2a: Heatran|Heatran, M|386\/386
|turn|8
|
|move|p1a: Dragonite|Outrage|p2a: Heatran
|-resisted|p2a: Heatran
|-damage|p2a: Heatran|281\/386
|move|p2a: Heatran|Stealth Rock|p1a: Dragonite
|-sidestart|p1: TotAll|move: Stealth Rock
|
|-heal|p2a: Heatran|305\/386|[from] item: Leftovers
|turn|9
|
|move|p1a: Dragonite|Outrage|p2a: Heatran
|-resisted|p2a: Heatran
|-damage|p2a: Heatran|183\/386
|move|p2a: Heatran|Toxic|p1a: Dragonite
|-status|p1a: Dragonite|tox
|
|-end|p1a: Dragonite|rampage
|-start|p1a: Dragonite|confusion
|-heal|p2a: Heatran|207\/386|[from] item: Leftovers
|-damage|p1a: Dragonite|303\/323 tox|[from] psn
|turn|10
|
|switch|p1a: Rotom-Wash|Rotom-Wash|232\/304
|-damage|p1a: Rotom-Wash|194\/304|[from] Stealth Rock
|move|p2a: Heatran|Protect|p2a: Heatran
|-fail|p2a: Heatran
|
|-heal|p2a: Heatran|231\/386|[from] item: Leftovers
|turn|11
|
|move|p1a: Rotom-Wash|Hydro Pump|p2a: Heatran
|-supereffective|p2a: Heatran
|-damage|p2a: Heatran|0 fnt
|faint|p2a: Heatran
|
|
|switch|p2a: Latios|Latios, M|301\/301
|turn|12
|
|move|p2a: Latios|Psychic|p1a: Rotom-Wash
|-damage|p1a: Rotom-Wash|0 fnt
|-damage|p2a: Latios|271\/301|[from] item: Life Orb
|faint|p1a: Rotom-Wash
|
|
|switch|p1a: Excadrill|Excadrill, F|361\/361
|-damage|p1a: Excadrill|350\/361|[from] Stealth Rock
|-ability|p1a: Excadrill|Mold Breaker
|turn|13
|
|move|p1a: Excadrill|Stealth Rock|p2a: Latios
|-sidestart|p2: NorecuerdomiNick.|move: Stealth Rock
|move|p2a: Latios|Draco Meteor|p1a: Excadrill
|-resisted|p1a: Excadrill
|-damage|p1a: Excadrill|149\/361
|-unboost|p2a: Latios|spa|2
|-damage|p2a: Latios|241\/301|[from] item: Life Orb
|
|turn|14
|
|switch|p1a: Sylveon|Sylveon, F|394\/394
|-damage|p1a: Sylveon|345\/394|[from] Stealth Rock
|switch|p2a: Blastoise|Blastoise, M|343\/343
|-damage|p2a: Blastoise|301\/343|[from] Stealth Rock
|
|-heal|p1a: Sylveon|369\/394|[from] item: Leftovers
|turn|15
|
|switch|p1a: Excadrill|Excadrill, F|149\/361
|-damage|p1a: Excadrill|138\/361|[from] Stealth Rock
|-ability|p1a: Excadrill|Mold Breaker
|detailschange|p2a: Blastoise|Blastoise-Mega, M
|message|Blastoise has Mega Evolved into Mega Blastoise!
|move|p2a: Blastoise|Scald|p1a: Excadrill
|-supereffective|p1a: Excadrill
|-damage|p1a: Excadrill|0 fnt
|faint|p1a: Excadrill
|
|
|switch|p1a: Sylveon|Sylveon, F|369\/394
|-damage|p1a: Sylveon|320\/394|[from] Stealth Rock
|turn|16
|
|move|p2a: Blastoise|Rapid Spin|p1a: Sylveon
|-damage|p1a: Sylveon|304\/394
|-sideend|p2: NorecuerdomiNick.|Stealth Rock|[from] move: Rapid Spin|[of] p2a: Blastoise
|move|p1a: Sylveon|Hyper Voice|p2a: Blastoise
|-damage|p2a: Blastoise|171\/343
|
|-heal|p1a: Sylveon|328\/394|[from] item: Leftovers
|turn|17
|
|move|p2a: Blastoise|Scald|p1a: Sylveon
|-damage|p1a: Sylveon|201\/394
|move|p1a: Sylveon|Wish|p1a: Sylveon
|
|-heal|p1a: Sylveon|225\/394|[from] item: Leftovers
|turn|18
|
|move|p2a: Blastoise|Scald|p1a: Sylveon
|-damage|p1a: Sylveon|107\/394
|-status|p1a: Sylveon|brn
|move|p1a: Sylveon|Hyper Voice|p2a: Blastoise
|-damage|p2a: Blastoise|33\/343
|
|-heal|p1a: Sylveon|304\/394 brn|[from] move: Wish|[wisher] Sylveon
|-heal|p1a: Sylveon|328\/394 brn|[from] item: Leftovers
|-damage|p1a: Sylveon|279\/394 brn|[from] brn
|turn|19
|
|move|p2a: Blastoise|Scald|p1a: Sylveon
|-damage|p1a: Sylveon|155\/394 brn
|move|p1a: Sylveon|Wish|p1a: Sylveon
|
|-heal|p1a: Sylveon|179\/394 brn|[from] item: Leftovers
|-damage|p1a: Sylveon|130\/394 brn|[from] brn
|turn|20
|
|switch|p1a: Dragonite|Dragonite, F|303\/323 tox
|-damage|p1a: Dragonite|223\/323 tox|[from] Stealth Rock
|move|p2a: Blastoise|Scald|p1a: Dragonite
|-resisted|p1a: Dragonite
|-damage|p1a: Dragonite|143\/323 tox
|
|-heal|p1a: Dragonite|323\/323 tox|[from] move: Wish|[wisher] Sylveon
|-damage|p1a: Dragonite|303\/323 tox|[from] psn
|turn|21
|
|move|p1a: Dragonite|Dragon Dance|p1a: Dragonite
|-boost|p1a: Dragonite|atk|1
|-boost|p1a: Dragonite|spe|1
|move|p2a: Blastoise|Dark Pulse|p1a: Dragonite
|-damage|p1a: Dragonite|152\/323 tox
|
|-damage|p1a: Dragonite|112\/323 tox|[from] psn
|turn|22
|
|move|p1a: Dragonite|Extreme Speed|p2a: Blastoise
|-damage|p2a: Blastoise|0 fnt
|faint|p2a: Blastoise
|
|-damage|p1a: Dragonite|52\/323 tox|[from] psn
|
|switch|p2a: Latios|Latios, M|241\/301
|turn|23
|
|move|p1a: Dragonite|Outrage|p2a: Latios
|-supereffective|p2a: Latios
|-damage|p2a: Latios|0 fnt
|faint|p2a: Latios
|
|-damage|p1a: Dragonite|0 fnt|[from] psn
|faint|p1a: Dragonite
|
|switch|p2a: Talonflame|Talonflame, M|298\/298
|switch|p1a: Charizard|Charizard, M|297\/297
|-damage|p1a: Charizard|149\/297|[from] Stealth Rock
|turn|24
|
|detailschange|p1a: Charizard|Charizard-Mega-Y, M
|message|Charizard has Mega Evolved into Mega Charizard!
|-weather|SunnyDay
|move|p2a: Talonflame|Brave Bird|p1a: Charizard
|-damage|p1a: Charizard|0 fnt
|-damage|p2a: Talonflame|249\/298|[from] recoil|[of] p1a: Charizard
|faint|p1a: Charizard
|
|-weather|SunnyDay|[upkeep]
|-message|TotAll forfeited.
|
|win|NorecuerdomiNick.
|raw|Ladder updating...
|leave|TotAll
|player|p1
|raw|TotAll's rating: 1358 &rarr; <strong>1336<\/strong><br \/>(-22 for losing)
|raw|NorecuerdomiNick.'s rating: 1329 &rarr; <strong>1351<\/strong><br \/>(+22 for winning)