|join|macuco
|join|NorecuerdomiNick.
|player|p1|macuco|92
|player|p2|NorecuerdomiNick.|209
|gametype|singles
|gen|6
|tier|OU
|rated
|clearpoke
|poke|p1|Charizard, M, shiny
|poke|p1|Metagross
|poke|p1|Greninja, M, shiny
|poke|p1|Garchomp, M
|poke|p1|Venusaur, M, shiny
|poke|p1|Mandibuzz, F
|poke|p2|Kyurem-Black
|poke|p2|Rotom-Wash
|poke|p2|Scizor, F
|poke|p2|Alakazam, M
|poke|p2|Heatran, F
|poke|p2|Landorus-Therian, M
|rule|Swagger Clause: Swagger is banned
|rule|Baton Pass Clause: Limit one PokÃ©mon knowing Baton Pass
|rule|Sleep Clause Mod: Limit one foe put to sleep
|rule|Species Clause: Limit one of each PokÃ©mon
|rule|OHKO Clause: OHKO moves are banned
|rule|Moody Clause: Moody is banned
|rule|Evasion Moves Clause: Evasion moves are banned
|rule|Endless Battle Clause: Forcing endless battles is banned
|rule|HP Percentage Mod: HP is shown in percentages
|teampreview
|
|start
|switch|p1a: Charizard|Charizard, M, shiny|297\/297
|switch|p2a: Rotom-Wash|Rotom-Wash|303\/303
|turn|1
|
|detailschange|p1a: Charizard|Charizard-Mega-Y, M, shiny
|message|Charizard has Mega Evolved into Mega Charizard!
|-weather|SunnyDay
|move|p1a: Charizard|Solar Beam|p2a: Rotom-Wash|[still]
|-prepare|p1a: Charizard|Solar Beam|p2a: Rotom-Wash
|-anim|p1a: Charizard|Solar Beam|p2a: Rotom-Wash
|-supereffective|p2a: Rotom-Wash
|-damage|p2a: Rotom-Wash|89\/303
|move|p2a: Rotom-Wash|Thunder Wave|p1a: Charizard
|-status|p1a: Charizard|par
|
|-weather|SunnyDay|[upkeep]
|-heal|p2a: Rotom-Wash|107\/303|[from] item: Leftovers
|turn|2
|
|move|p2a: Rotom-Wash|Volt Switch|p1a: Charizard
|-supereffective|p1a: Charizard
|-damage|p1a: Charizard|135\/297 par
|
|switch|p2a: Heatran|Heatran, F|348\/348
|-item|p2a: Heatran|Air Balloon
|move|p1a: Charizard|Focus Blast|p2a: Heatran|[miss]
|-miss|p1a: Charizard|p2a: Heatran
|
|-weather|SunnyDay|[upkeep]
|turn|3
|c|âmacuco|Â¬Â¬
|
|move|p2a: Heatran|Stealth Rock|p1a: Charizard
|-sidestart|p1: macuco|move: Stealth Rock
|move|p1a: Charizard|Focus Blast|p2a: Heatran
|-supereffective|p2a: Heatran
|-damage|p2a: Heatran|58\/348
|-enditem|p2a: Heatran|Air Balloon
|
|-weather|SunnyDay|[upkeep]
|turn|4
|
|move|p2a: Heatran|Flamethrower|p1a: Charizard
|-resisted|p1a: Charizard
|-damage|p1a: Charizard|13\/297 par
|cant|p1a: Charizard|par
|
|-weather|SunnyDay|[upkeep]
|turn|5
|
|switch|p1a: Garchomp|Garchomp, M|357\/357
|-damage|p1a: Garchomp|335\/357|[from] Stealth Rock
|move|p2a: Heatran|Flamethrower|p1a: Garchomp
|-resisted|p1a: Garchomp
|-damage|p1a: Garchomp|182\/357
|-status|p1a: Garchomp|brn
|-enditem|p1a: Garchomp|Lum Berry|[eat]
|-curestatus|p1a: Garchomp|brn
|
|-weather|none
|turn|6
|c|âmacuco|so much luck
|
|move|p1a: Garchomp|Earthquake|p2a: Heatran
|-supereffective|p2a: Heatran
|-damage|p2a: Heatran|0 fnt
|faint|p2a: Heatran
|
|
|switch|p2a: Landorus-Therian|Landorus-Therian, M|369\/369
|-ability|p2a: Landorus-Therian|Intimidate|[of] p1a: Garchomp
|-unboost|p1a: Garchomp|atk|1
|turn|7
|
|switch|p1a: Mandibuzz|Mandibuzz, F|423\/423
|-damage|p1a: Mandibuzz|318\/423|[from] Stealth Rock
|switch|p2a: Rotom-Wash|Rotom-Wash|107\/303
|
|-heal|p2a: Rotom-Wash|125\/303|[from] item: Leftovers
|-heal|p1a: Mandibuzz|344\/423|[from] item: Leftovers
|turn|8
|
|move|p2a: Rotom-Wash|Will-O-Wisp|p1a: Mandibuzz
|-status|p1a: Mandibuzz|brn
|move|p1a: Mandibuzz|Defog|p2a: Rotom-Wash
|-unboost|p2a: Rotom-Wash|evasion|1
|-sideend|p1: macuco|Stealth Rock|[from] move: Defog|[of] p1a: Mandibuzz
|
|-heal|p2a: Rotom-Wash|143\/303|[from] item: Leftovers
|-heal|p1a: Mandibuzz|370\/423 brn|[from] item: Leftovers
|-damage|p1a: Mandibuzz|318\/423 brn|[from] brn
|turn|9
|
|move|p2a: Rotom-Wash|Volt Switch|p1a: Mandibuzz
|-crit|p1a: Mandibuzz
|-supereffective|p1a: Mandibuzz
|-damage|p1a: Mandibuzz|88\/423 brn
|
|switch|p2a: Scizor|Scizor, F|331\/331
|move|p1a: Mandibuzz|Toxic|p2a: Scizor
|-fail|p2a: Scizor
|
|-heal|p1a: Mandibuzz|114\/423 brn|[from] item: Leftovers
|-damage|p1a: Mandibuzz|62\/423 brn|[from] brn
|turn|10
|
|switch|p1a: Garchomp|Garchomp, M|182\/357
|detailschange|p2a: Scizor|Scizor-Mega, F
|message|Scizor has Mega Evolved into Mega Scizor!
|move|p2a: Scizor|Bullet Punch|p1a: Garchomp
|-damage|p1a: Garchomp|83\/357
|-damage|p2a: Scizor|290\/331|[from] ability: Rough Skin|[of] p1a: Garchomp
|
|turn|11
|
|move|p2a: Scizor|Bullet Punch|p1a: Garchomp
|-damage|p1a: Garchomp|0 fnt
|-damage|p2a: Scizor|249\/331|[from] ability: Rough Skin|[of] p1a: Garchomp
|faint|p1a: Garchomp
|
|
|switch|p1a: Charizard|Charizard-Mega-Y, M, shiny|13\/297 par
|-weather|SunnyDay
|turn|12
|
|move|p2a: Scizor|Bullet Punch|p1a: Charizard
|-resisted|p1a: Charizard
|-damage|p1a: Charizard|0 fnt
|faint|p1a: Charizard
|
|-weather|SunnyDay|[upkeep]
|
|switch|p1a: Greninja|Greninja, M, shiny|285\/285
|turn|13
|
|move|p2a: Scizor|Bullet Punch|p1a: Greninja
|-resisted|p1a: Greninja
|-damage|p1a: Greninja|213\/285
|move|p1a: Greninja|Hidden Power|p2a: Scizor
|-start|p1a: Greninja|typechange|Fire|[from] Protean
|-supereffective|p2a: Scizor
|-damage|p2a: Scizor|0 fnt
|faint|p2a: Scizor
|
|-weather|SunnyDay|[upkeep]
|
|switch|p2a: Kyurem-Black|Kyurem-Black|454\/454
|-ability|p2a: Kyurem-Black|Teravolt
|turn|14
|
|switch|p1a: Mandibuzz|Mandibuzz, F|62\/423 brn
|move|p2a: Kyurem-Black|Dragon Claw|p1a: Mandibuzz
|-damage|p1a: Mandibuzz|0 fnt
|faint|p1a: Mandibuzz
|
|-weather|SunnyDay|[upkeep]
|
|switch|p1a: Metagross|Metagross|364\/364
|turn|15
|
|switch|p2a: Rotom-Wash|Rotom-Wash|143\/303
|move|p1a: Metagross|Meteor Mash|p2a: Rotom-Wash
|-resisted|p2a: Rotom-Wash
|-damage|p2a: Rotom-Wash|103\/303
|
|-weather|SunnyDay|[upkeep]
|-heal|p2a: Rotom-Wash|121\/303|[from] item: Leftovers
|turn|16
|
|move|p2a: Rotom-Wash|Will-O-Wisp|p1a: Metagross
|-status|p1a: Metagross|brn
|move|p1a: Metagross|Zen Headbutt|p2a: Rotom-Wash
|-damage|p2a: Rotom-Wash|48\/303
|
|-weather|none
|-heal|p2a: Rotom-Wash|66\/303|[from] item: Leftovers
|-damage|p1a: Metagross|319\/364 brn|[from] brn
|turn|17
|
|move|p2a: Rotom-Wash|Pain Split|p1a: Metagross
|-sethp|p1a: Metagross|192\/364 brn|p2a: Rotom-Wash|192\/303|[from] move: Pain Split
|move|p1a: Metagross|Zen Headbutt|p2a: Rotom-Wash
|-damage|p2a: Rotom-Wash|113\/303
|
|-heal|p2a: Rotom-Wash|131\/303|[from] item: Leftovers
|-damage|p1a: Metagross|147\/364 brn|[from] brn
|turn|18
|
|switch|p1a: Venusaur|Venusaur, M, shiny|364\/364
|move|p2a: Rotom-Wash|Volt Switch|p1a: Venusaur
|-resisted|p1a: Venusaur
|-damage|p1a: Venusaur|319\/364
|
|switch|p2a: Alakazam|Alakazam, M|252\/252
|
|-heal|p1a: Venusaur|341\/364|[from] item: Leftovers
|turn|19
|
|switch|p1a: Metagross|Metagross|147\/364 brn
|move|p2a: Alakazam|Psyshock|p1a: Metagross
|-resisted|p1a: Metagross
|-damage|p1a: Metagross|119\/364 brn
|
|-damage|p1a: Metagross|74\/364 brn|[from] brn
|turn|20
|
|switch|p2a: Rotom-Wash|Rotom-Wash|131\/303
|move|p1a: Metagross|Bullet Punch|p2a: Rotom-Wash
|-resisted|p2a: Rotom-Wash
|-damage|p2a: Rotom-Wash|122\/303
|
|-heal|p2a: Rotom-Wash|140\/303|[from] item: Leftovers
|-damage|p1a: Metagross|29\/364 brn|[from] brn
|turn|21
|-message|macuco forfeited.
|
|win|NorecuerdomiNick.
|raw|Ladder updating...
|leave|macuco
|player|p1