|join|NorecuerdomiNick.
|join|True False
|player|p1|NorecuerdomiNick.|209
|player|p2|True False|290
|gametype|singles
|gen|6
|tier|OU
|rated
|clearpoke
|poke|p1|Gengar, M
|poke|p1|Conkeldurr, F
|poke|p1|Ferrothorn, M
|poke|p1|Blastoise, M
|poke|p1|Talonflame, M
|poke|p1|Latios, M
|poke|p2|Garchomp, M
|poke|p2|Rotom-Wash
|poke|p2|Bisharp, M
|poke|p2|Gardevoir, F
|poke|p2|Keldeo-Resolute
|poke|p2|Ferrothorn, F
|rule|Swagger Clause: Swagger is banned
|rule|Baton Pass Clause: Limit one PokÃ©mon knowing Baton Pass
|rule|Sleep Clause Mod: Limit one foe put to sleep
|rule|Species Clause: Limit one of each PokÃ©mon
|rule|OHKO Clause: OHKO moves are banned
|rule|Moody Clause: Moody is banned
|rule|Evasion Moves Clause: Evasion moves are banned
|rule|Endless Battle Clause: Forcing endless battles is banned
|rule|HP Percentage Mod: HP is shown in percentages
|teampreview
|
|start
|switch|p1a: Gengar|Gengar, M|261\/261
|switch|p2a: Garchomp|Garchomp, M|357\/357
|turn|1
|
|move|p1a: Gengar|Will-O-Wisp|p2a: Garchomp
|-status|p2a: Garchomp|brn
|move|p2a: Garchomp|Dragon Claw|p1a: Gengar
|-damage|p1a: Gengar|159\/261
|
|-heal|p1a: Gengar|175\/261|[from] item: Black Sludge
|-damage|p2a: Garchomp|313\/357 brn|[from] brn
|turn|2
|
|move|p1a: Gengar|Substitute|p1a: Gengar
|-start|p1a: Gengar|Substitute
|-damage|p1a: Gengar|110\/261
|move|p2a: Garchomp|Stealth Rock|p1a: Gengar
|-sidestart|p1: NorecuerdomiNick.|move: Stealth Rock
|
|-heal|p1a: Gengar|126\/261|[from] item: Black Sludge
|-damage|p2a: Garchomp|269\/357 brn|[from] brn
|turn|3
|
|move|p1a: Gengar|Shadow Ball|p2a: Garchomp
|-damage|p2a: Garchomp|100\/357 brn
|-unboost|p2a: Garchomp|spd|1
|move|p2a: Garchomp|Dragon Claw|p1a: Gengar
|-end|p1a: Gengar|Substitute
|
|-heal|p1a: Gengar|142\/261|[from] item: Black Sludge
|-damage|p2a: Garchomp|56\/357 brn|[from] brn
|turn|4
|
|switch|p1a: Ferrothorn|Ferrothorn, M|352\/352
|-damage|p1a: Ferrothorn|330\/352|[from] Stealth Rock
|switch|p2a: Keldeo-Resolute|Keldeo-Resolute|323\/323
|
|turn|5
|
|switch|p2a: Garchomp|Garchomp, M|56\/357 brn
|move|p1a: Ferrothorn|Thunder Wave|p2a: Garchomp
|-immune|p2a: Garchomp|[msg]
|
|-damage|p2a: Garchomp|12\/357 brn|[from] brn
|turn|6
|
|switch|p1a: Gengar|Gengar, M|142\/261
|-damage|p1a: Gengar|110\/261|[from] Stealth Rock
|move|p2a: Garchomp|Fire Blast|p1a: Gengar
|-damage|p1a: Gengar|24\/261
|
|-heal|p1a: Gengar|40\/261|[from] item: Black Sludge
|-damage|p2a: Garchomp|0 fnt|[from] brn
|faint|p2a: Garchomp
|
|switch|p2a: Keldeo-Resolute|Keldeo-Resolute|323\/323
|turn|7
|
|move|p2a: Keldeo-Resolute|Scald|p1a: Gengar
|-damage|p1a: Gengar|0 fnt
|faint|p1a: Gengar
|
|
|switch|p1a: Ferrothorn|Ferrothorn, M|330\/352
|-damage|p1a: Ferrothorn|308\/352|[from] Stealth Rock
|turn|8
|
|switch|p2a: Rotom-Wash|Rotom-Wash|303\/303
|move|p1a: Ferrothorn|Stealth Rock|p2a: Rotom-Wash
|-sidestart|p2: True False|move: Stealth Rock
|
|turn|9
|
|move|p2a: Rotom-Wash|Will-O-Wisp|p1a: Ferrothorn
|-status|p1a: Ferrothorn|brn
|move|p1a: Ferrothorn|Knock Off|p2a: Rotom-Wash
|-damage|p2a: Rotom-Wash|279\/303
|-enditem|p2a: Rotom-Wash|Chesto Berry|[from] move: Knock Off|[of] p1a: Ferrothorn
|
|-damage|p1a: Ferrothorn|264\/352 brn|[from] brn
|turn|10
|
|move|p2a: Rotom-Wash|Hydro Pump|p1a: Ferrothorn
|-resisted|p1a: Ferrothorn
|-damage|p1a: Ferrothorn|210\/352 brn
|move|p1a: Ferrothorn|Thunder Wave|p2a: Rotom-Wash
|-fail|p2a: Rotom-Wash
|
|-damage|p1a: Ferrothorn|166\/352 brn|[from] brn
|turn|11
|
|move|p2a: Rotom-Wash|Hydro Pump|p1a: Ferrothorn
|-resisted|p1a: Ferrothorn
|-damage|p1a: Ferrothorn|115\/352 brn
|move|p1a: Ferrothorn|Leech Seed|p2a: Rotom-Wash
|-start|p2a: Rotom-Wash|move: Leech Seed
|
|-damage|p2a: Rotom-Wash|242\/303|[from] Leech Seed|[of] p1a: Ferrothorn
|-heal|p1a: Ferrothorn|152\/352 brn|[silent]
|-damage|p1a: Ferrothorn|108\/352 brn|[from] brn
|turn|12
|
|move|p2a: Rotom-Wash|Volt Switch|p1a: Ferrothorn
|-resisted|p1a: Ferrothorn
|-damage|p1a: Ferrothorn|74\/352 brn
|
|switch|p2a: Ferrothorn|Ferrothorn, F|352\/352
|-damage|p2a: Ferrothorn|330\/352|[from] Stealth Rock
|move|p1a: Ferrothorn|Knock Off|p2a: Ferrothorn
|-damage|p2a: Ferrothorn|306\/352
|-damage|p1a: Ferrothorn|30\/352 brn|[from] ability: Iron Barbs|[of] p2a: Ferrothorn
|-enditem|p2a: Ferrothorn|Leftovers|[from] move: Knock Off|[of] p1a: Ferrothorn
|
|-damage|p1a: Ferrothorn|0 fnt|[from] brn
|faint|p1a: Ferrothorn
|
|switch|p1a: Blastoise|Blastoise, M|343\/343
|-damage|p1a: Blastoise|301\/343|[from] Stealth Rock
|turn|13
|
|detailschange|p1a: Blastoise|Blastoise-Mega, M
|message|Blastoise has Mega Evolved into Mega Blastoise!
|move|p1a: Blastoise|Aura Sphere|p2a: Ferrothorn
|-supereffective|p2a: Ferrothorn
|-damage|p2a: Ferrothorn|46\/352
|move|p2a: Ferrothorn|Leech Seed|p1a: Blastoise|[miss]
|-miss|p2a: Ferrothorn|p1a: Blastoise
|
|turn|14
|
|move|p1a: Blastoise|Dark Pulse|p2a: Ferrothorn
|-damage|p2a: Ferrothorn|0 fnt
|faint|p2a: Ferrothorn
|
|
|switch|p2a: Gardevoir|Gardevoir, F|283\/283
|-damage|p2a: Gardevoir|248\/283|[from] Stealth Rock
|-ability|p2a: Gardevoir|Mega Launcher|[from] ability: Trace|[of] p1a: Blastoise
|turn|15
|
|detailschange|p2a: Gardevoir|Gardevoir-Mega, F
|message|Gardevoir has Mega Evolved into Mega Gardevoir!
|move|p2a: Gardevoir|Hyper Voice|p1a: Blastoise
|-damage|p1a: Blastoise|72\/343
|move|p1a: Blastoise|Rapid Spin|p2a: Gardevoir
|-crit|p2a: Gardevoir
|-damage|p2a: Gardevoir|220\/283
|-sideend|p1: NorecuerdomiNick.|Stealth Rock|[from] move: Rapid Spin|[of] p1a: Blastoise
|
|turn|16
|
|move|p2a: Gardevoir|Hyper Voice|p1a: Blastoise
|-damage|p1a: Blastoise|0 fnt
|faint|p1a: Blastoise
|
|
|switch|p1a: Talonflame|Talonflame, M|298\/298
|turn|17
|
|switch|p2a: Rotom-Wash|Rotom-Wash|242\/303
|-damage|p2a: Rotom-Wash|205\/303|[from] Stealth Rock
|move|p1a: Talonflame|Brave Bird|p2a: Rotom-Wash
|-resisted|p2a: Rotom-Wash
|-damage|p2a: Rotom-Wash|113\/303
|-damage|p1a: Talonflame|268\/298|[from] recoil|[of] p2a: Rotom-Wash
|
|turn|18
|
|switch|p1a: Conkeldurr|Conkeldurr, F|401\/401
|move|p2a: Rotom-Wash|Volt Switch|p1a: Conkeldurr
|-damage|p1a: Conkeldurr|319\/401
|
|switch|p2a: Gardevoir|Gardevoir-Mega, F|220\/283
|-damage|p2a: Gardevoir|185\/283|[from] Stealth Rock
|
|turn|19
|
|switch|p1a: Latios|Latios, M|301\/301
|move|p2a: Gardevoir|Hyper Voice|p1a: Latios
|-supereffective|p1a: Latios
|-damage|p1a: Latios|0 fnt
|faint|p1a: Latios
|
|
|switch|p1a: Talonflame|Talonflame, M|268\/298
|turn|20
|
|switch|p2a: Rotom-Wash|Rotom-Wash|113\/303
|-damage|p2a: Rotom-Wash|76\/303|[from] Stealth Rock
|move|p1a: Talonflame|Brave Bird|p2a: Rotom-Wash
|-resisted|p2a: Rotom-Wash
|-damage|p2a: Rotom-Wash|0 fnt
|-damage|p1a: Talonflame|243\/298|[from] recoil|[of] p2a: Rotom-Wash
|faint|p2a: Rotom-Wash
|
|
|switch|p2a: Bisharp|Bisharp, M|272\/272
|-damage|p2a: Bisharp|255\/272|[from] Stealth Rock
|turn|21
|
|switch|p1a: Conkeldurr|Conkeldurr, F|319\/401
|move|p2a: Bisharp|Sucker Punch|p1a: Conkeldurr
|-fail|p1a: Conkeldurr
|
|turn|22
|
|switch|p2a: Gardevoir|Gardevoir-Mega, F|185\/283
|-damage|p2a: Gardevoir|150\/283|[from] Stealth Rock
|move|p1a: Conkeldurr|Knock Off|p2a: Gardevoir
|-damage|p2a: Gardevoir|21\/283
|
|turn|23
|
|move|p1a: Conkeldurr|Mach Punch|p2a: Gardevoir
|-resisted|p2a: Gardevoir
|-damage|p2a: Gardevoir|0 fnt
|faint|p2a: Gardevoir
|
|
|switch|p2a: Keldeo-Resolute|Keldeo-Resolute|323\/323
|-damage|p2a: Keldeo-Resolute|303\/323|[from] Stealth Rock
|turn|24
|
|move|p2a: Keldeo-Resolute|Hydro Pump|p1a: Conkeldurr|[miss]
|-miss|p2a: Keldeo-Resolute|p1a: Conkeldurr
|move|p1a: Conkeldurr|Drain Punch|p2a: Keldeo-Resolute
|-crit|p2a: Keldeo-Resolute
|-damage|p2a: Keldeo-Resolute|45\/323
|-heal|p1a: Conkeldurr|401\/401|[from] drain|[of] p2a: Keldeo-Resolute
|
|turn|25
|
|move|p1a: Conkeldurr|Mach Punch|p2a: Keldeo-Resolute
|-damage|p2a: Keldeo-Resolute|0 fnt
|faint|p2a: Keldeo-Resolute
|
|
|switch|p2a: Bisharp|Bisharp, M|255\/272
|-damage|p2a: Bisharp|238\/272|[from] Stealth Rock
|turn|26
|
|move|p2a: Bisharp|Knock Off|p1a: Conkeldurr
|-resisted|p1a: Conkeldurr
|-damage|p1a: Conkeldurr|300\/401
|-enditem|p1a: Conkeldurr|Assault Vest|[from] move: Knock Off|[of] p2a: Bisharp
|move|p1a: Conkeldurr|Drain Punch|p2a: Bisharp
|-supereffective|p2a: Bisharp
|-damage|p2a: Bisharp|0 fnt
|-heal|p1a: Conkeldurr|401\/401|[from] drain|[of] p2a: Bisharp
|faint|p2a: Bisharp
|
|win|NorecuerdomiNick.
|raw|Ladder updating...
|raw|NorecuerdomiNick.'s rating: 1320 &rarr; <strong>1337<\/strong><br \/>(+17 for winning)
|raw|True False's rating: 1264 &rarr; <strong>1243<\/strong><br \/>(-21 for losing)
|leave|True False