|join|NoRecuerdoMiNick.
|join|Akashi-san~
|player|p1|NoRecuerdoMiNick.|209
|player|p2|Akashi-san~|168
|gametype|singles
|gen|6
|tier|OU
|rated
|clearpoke
|poke|p1|Landorus, M
|poke|p1|Conkeldurr, F
|poke|p1|Clefable, M
|poke|p1|Mandibuzz, F
|poke|p1|Metagross, shiny
|poke|p1|Gengar, M
|poke|p2|Heatran, M
|poke|p2|Skarmory, M
|poke|p2|Quagsire, M, shiny
|poke|p2|Sableye, M, shiny
|poke|p2|Gliscor, F
|poke|p2|Bisharp, F
|rule|Swagger Clause: Swagger is banned
|rule|Baton Pass Clause: Limit one PokÃ©mon knowing Baton Pass
|rule|Sleep Clause Mod: Limit one foe put to sleep
|rule|Species Clause: Limit one of each PokÃ©mon
|rule|OHKO Clause: OHKO moves are banned
|rule|Moody Clause: Moody is banned
|rule|Evasion Moves Clause: Evasion moves are banned
|rule|Endless Battle Clause: Forcing endless battles is banned
|rule|HP Percentage Mod: HP is shown in percentages
|teampreview
|
|start
|switch|p1a: Conkeldurr|Conkeldurr, F|401\/401
|switch|p2a: Aomine|Sableye, M, shiny|303\/303
|turn|1
|
|detailschange|p2a: Aomine|Sableye-Mega, M, shiny
|-mega|p2a: Aomine|Sableye|Sablenite
|move|p2a: Aomine|Calm Mind|p2a: Aomine
|-boost|p2a: Aomine|spa|1
|-boost|p2a: Aomine|spd|1
|move|p1a: Conkeldurr|Knock Off|p2a: Aomine
|-damage|p2a: Aomine|231\/303
|
|turn|2
|join|Kim Jung Unfezant
|c|âAkashi-san~|how the hell
|c|âAkashi-san~|nvm
|c|âAkashi-san~|im stupid
|
|switch|p1a: Clefable|Clefable, M|393\/393
|move|p2a: Aomine|Calm Mind|p2a: Aomine
|-boost|p2a: Aomine|spa|1
|-boost|p2a: Aomine|spd|1
|
|turn|3
|c| Kim Jung Unfezant|gg rektd
|c| Kim Jung Unfezant|clefable moonblast too strrong
|c|âAkashi-san~|lol
|c|âAkashi-san~|welp
|c|âAkashi-san~|theres nothing i can do about that D:
|
|switch|p2a: Kise|Heatran, M|386\/386
|move|p1a: Clefable|Moonblast|p2a: Kise
|-resisted|p2a: Kise
|-damage|p2a: Kise|369\/386
|
|-heal|p2a: Kise|386\/386|[from] item: Leftovers
|turn|4
|c|âAkashi-san~|no no no
|c|âAkashi-san~|cancel
|c|âAkashi-san~|PLSS
|
|switch|p1a: Conkeldurr|Conkeldurr, F|401\/401
|move|p2a: Kise|Toxic|p1a: Conkeldurr
|-status|p1a: Conkeldurr|tox
|
|-damage|p1a: Conkeldurr|376\/401 tox|[from] psn
|turn|5
|c| Kim Jung Unfezant|oh god
|c|âAkashi-san~|fock guts
|c| Kim Jung Unfezant|u dun fucked up now
|c|âAkashi-san~|D:
|
|move|p2a: Kise|Protect|p2a: Kise
|-singleturn|p2a: Kise|Protect
|move|p1a: Conkeldurr|Knock Off|p2a: Kise
|-activate|p2a: Kise|Protect
|
|-damage|p1a: Conkeldurr|326\/401 tox|[from] psn
|turn|6
|c|âAkashi-san~|annoying
|
|move|p2a: Kise|Lava Plume|p1a: Conkeldurr
|-damage|p1a: Conkeldurr|205\/401 tox
|move|p1a: Conkeldurr|Drain Punch|p2a: Kise
|-supereffective|p2a: Kise
|-damage|p2a: Kise|0 fnt
|-heal|p1a: Conkeldurr|398\/401 tox|[from] drain|[of] p2a: Kise
|faint|p2a: Kise
|
|-damage|p1a: Conkeldurr|323\/401 tox|[from] psn
|c|âAkashi-san~|shit
|c|âAkashi-san~|i thought you were gonna do that
|c|âAkashi-san~|again
|
|switch|p2a: Kagami|Gliscor, F|353\/353
|turn|7
|c| Kim Jung Unfezant|ur getting outplayed
|c| Kim Jung Unfezant|for dayz
|c|âAkashi-san~|D:
|
|switch|p1a: Gengar|Gengar, M|261\/261
|move|p2a: Kagami|Protect|p2a: Kagami
|-fail|p2a: Kagami
|
|-status|p2a: Kagami|tox|[from] item: Toxic Orb
|turn|8
|c|âAkashi-san~|I'm sorry for being bad
|c|âAkashi-san~|lol
|
|switch|p2a: Midorima|Bisharp, F|272\/272
|move|p1a: Gengar|Substitute|p1a: Gengar
|-start|p1a: Gengar|Substitute
|-damage|p1a: Gengar|196\/261
|
|-heal|p1a: Gengar|212\/261|[from] item: Black Sludge
|turn|9
|
|move|p1a: Gengar|Will-O-Wisp|p2a: Midorima
|-status|p2a: Midorima|brn
|move|p2a: Midorima|Knock Off|p1a: Gengar
|-supereffective|p1a: Gengar
|-end|p1a: Gengar|Substitute
|-damage|p2a: Midorima|245\/272 brn|[from] item: Life Orb
|
|-heal|p1a: Gengar|228\/261|[from] item: Black Sludge
|-damage|p2a: Midorima|211\/272 brn|[from] brn
|turn|10
|c| Kim Jung Unfezant|dude
|c|âAkashi-san~|focking
|c| Kim Jung Unfezant|outfreaking played
|c| Kim Jung Unfezant|for dayz
|c|âAkashi-san~|FOCKING
|c|âAkashi-san~|i h8 it
|
|move|p2a: Midorima|Pursuit|p1a: Gengar|[from]Pursuit
|-supereffective|p1a: Gengar
|-damage|p1a: Gengar|0 fnt
|-damage|p2a: Midorima|184\/272 brn|[from] item: Life Orb
|faint|p1a: Gengar
|
|-damage|p2a: Midorima|150\/272 brn|[from] brn
|c| Kim Jung Unfezant|OH
|c| Kim Jung Unfezant|THE PLAYS
|c| Kim Jung Unfezant|OH MY
|join|Kenny's Revenge
|
|switch|p1a: Conkeldurr|Conkeldurr, F|323\/401 tox
|turn|11
|
|switch|p2a: Kagami|Gliscor, F|353\/353 tox
|move|p1a: Conkeldurr|Knock Off|p2a: Kagami
|-damage|p2a: Kagami|233\/353 tox
|-enditem|p2a: Kagami|Toxic Orb|[from] move: Knock Off|[of] p1a: Conkeldurr
|
|-heal|p2a: Kagami|277\/353 tox|[from] ability: Poison Heal
|-damage|p1a: Conkeldurr|298\/401 tox|[from] psn
|turn|12
|c|âAkashi-san~|ugh
|
|move|p2a: Kagami|Protect|p2a: Kagami
|-singleturn|p2a: Kagami|Protect
|move|p1a: Conkeldurr|Ice Punch|p2a: Kagami
|-activate|p2a: Kagami|Protect
|
|-heal|p2a: Kagami|321\/353 tox|[from] ability: Poison Heal
|-damage|p1a: Conkeldurr|248\/401 tox|[from] psn
|turn|13
|
|move|p2a: Kagami|Substitute|p2a: Kagami
|-start|p2a: Kagami|Substitute
|-damage|p2a: Kagami|233\/353 tox
|move|p1a: Conkeldurr|Ice Punch|p2a: Kagami
|-supereffective|p2a: Kagami
|-end|p2a: Kagami|Substitute
|
|-heal|p2a: Kagami|277\/353 tox|[from] ability: Poison Heal
|-damage|p1a: Conkeldurr|173\/401 tox|[from] psn
|turn|14
|
|switch|p1a: Clefable|Clefable, M|393\/393
|move|p2a: Kagami|Protect|p2a: Kagami
|-fail|p2a: Kagami
|
|-heal|p2a: Kagami|321\/353 tox|[from] ability: Poison Heal
|turn|15
|
|move|p2a: Kagami|Toxic|p1a: Clefable
|-status|p1a: Clefable|tox
|move|p1a: Clefable|Moonblast|p2a: Kagami
|-damage|p2a: Kagami|179\/353 tox
|-unboost|p2a: Kagami|spa|1
|
|-heal|p2a: Kagami|223\/353 tox|[from] ability: Poison Heal
|turn|16
|
|move|p2a: Kagami|Protect|p2a: Kagami
|-singleturn|p2a: Kagami|Protect
|move|p1a: Clefable|Moonblast|p2a: Kagami
|-activate|p2a: Kagami|Protect
|
|-heal|p2a: Kagami|267\/353 tox|[from] ability: Poison Heal
|turn|17
|c|âAkashi-san~|oh
|c|âAkashi-san~|thats magic guard
|c|âAkashi-san~|lol
|c| Kim Jung Unfezant|its almost always magic guard
|c|âAkashi-san~|really?
|
|switch|p2a: Midorima|Bisharp, F|150\/272 brn
|move|p1a: Clefable|Moonblast|p2a: Midorima
|-damage|p2a: Midorima|18\/272 brn
|
|-damage|p2a: Midorima|0 fnt|[from] brn
|faint|p2a: Midorima
|c|âAkashi-san~|i thought unaware is more useful
|
|switch|p2a: Akashi|Skarmory, M|334\/334
|turn|18
|c| Kim Jung Unfezant|wot r u smoking
|c| Kim Jung Unfezant|lol
|
|move|p2a: Akashi|Stealth Rock|p1a: Clefable
|-sidestart|p1: NoRecuerdoMiNick.|move: Stealth Rock
|move|p1a: Clefable|Flamethrower|p2a: Akashi
|-crit|p2a: Akashi
|-supereffective|p2a: Akashi
|-damage|p2a: Akashi|48\/334
|
|-heal|p2a: Akashi|68\/334|[from] item: Leftovers
|turn|19
|c|âAkashi-san~|ugh
|c| Kim Jung Unfezant|the plays
|c| Kenny's Revenge|unaware isnt really useful. magic guard can serve as a perfect status blocker
|c| Kim Jung Unfezant|gg alex
|c| Kim Jung Unfezant|^^
|c|âAkashi-san~|lol
|
|switch|p2a: Murasakibara|Quagsire, M, shiny|394\/394
|move|p1a: Clefable|Stealth Rock|p2a: Murasakibara
|-sidestart|p2: Akashi-san~|move: Stealth Rock
|
|turn|20
|c|âAkashi-san~|rekt
|
|move|p1a: Clefable|Moonblast|p2a: Murasakibara
|-damage|p2a: Murasakibara|247\/394
|move|p2a: Murasakibara|Scald|p1a: Clefable
|-damage|p1a: Clefable|333\/393 tox
|
|-heal|p1a: Clefable|357\/393 tox|[from] item: Leftovers
|-heal|p2a: Murasakibara|271\/394|[from] item: Leftovers
|turn|21
|c|âAkashi-san~|lol
|c|âAkashi-san~|it seems that
|c|âAkashi-san~|i lost
|c| Kim Jung Unfezant|u lost
|c| Kim Jung Unfezant|definitely
|c| Kim Jung Unfezant|gg
|c|âAkashi-san~|D:
|
|move|p1a: Clefable|Moonblast|p2a: Murasakibara
|-damage|p2a: Murasakibara|129\/394
|move|p2a: Murasakibara|Earthquake|p1a: Clefable
|-damage|p1a: Clefable|252\/393 tox
|
|-heal|p1a: Clefable|276\/393 tox|[from] item: Leftovers
|-heal|p2a: Murasakibara|153\/394|[from] item: Leftovers
|turn|22
|c| Kenny's Revenge|akashi
|c|âAkashi-san~|hi kenny
|c| Kenny's Revenge|may i say that your team looks like the biggest piece of stall in history
|
|move|p1a: Clefable|Moonblast|p2a: Murasakibara
|-damage|p2a: Murasakibara|5\/394
|move|p2a: Murasakibara|Recover|p2a: Murasakibara
|-heal|p2a: Murasakibara|202\/394
|
|-heal|p1a: Clefable|300\/393 tox|[from] item: Leftovers
|-heal|p2a: Murasakibara|226\/394|[from] item: Leftovers
|turn|23
|c|âAkashi-san~|lol.
|c| Kim Jung Unfezant|and it's bad
|c|âAkashi-san~|lol.
|
|move|p1a: Clefable|Moonblast|p2a: Murasakibara
|-damage|p2a: Murasakibara|85\/394
|move|p2a: Murasakibara|Recover|p2a: Murasakibara
|-heal|p2a: Murasakibara|282\/394
|
|-heal|p1a: Clefable|324\/393 tox|[from] item: Leftovers
|-heal|p2a: Murasakibara|306\/394|[from] item: Leftovers
|turn|24
|c| Kenny's Revenge|why no chansey tho >_>
|
|move|p1a: Clefable|Moonblast|p2a: Murasakibara
|-damage|p2a: Murasakibara|161\/394
|-unboost|p2a: Murasakibara|spa|1
|move|p2a: Murasakibara|Earthquake|p1a: Clefable
|-damage|p1a: Clefable|215\/393 tox
|
|-heal|p1a: Clefable|239\/393 tox|[from] item: Leftovers
|-heal|p2a: Murasakibara|185\/394|[from] item: Leftovers
|turn|25
|c|âAkashi-san~|cuz bisharp
|c| Kim Jung Unfezant|stop wasting no recurdomini's time
|c| Kim Jung Unfezant|and forfeit already
|c|âAkashi-san~|nah
|
|switch|p1a: Landorus|Landorus, M|358\/358
|-damage|p1a: Landorus|314\/358|[from] Stealth Rock
|move|p2a: Murasakibara|Recover|p2a: Murasakibara
|-heal|p2a: Murasakibara|382\/394
|
|-heal|p2a: Murasakibara|394\/394|[from] item: Leftovers
|turn|26
|c| Kim Jung Unfezant|GRASS KNOT
|c| Kenny's Revenge|that maxroll crit might be coming through
|c| Kim Jung Unfezant|REVEAL
|
|move|p1a: Landorus|Earth Power|p2a: Murasakibara
|-damage|p2a: Murasakibara|12\/394
|move|p2a: Murasakibara|Toxic|p1a: Landorus
|-status|p1a: Landorus|tox
|
|-heal|p2a: Murasakibara|36\/394|[from] item: Leftovers
|-damage|p1a: Landorus|292\/358 tox|[from] psn
|turn|27
|c| Kim Jung Unfezant|oh shiet
|c|âAkashi-san~|holy
|c|âAkashi-san~|mother
|c|âAkashi-san~|of
|c|âAkashi-san~|god
|c|âAkashi-san~|wot
|c|âAkashi-san~|was
|c|âAkashi-san~|that
|c| Kenny's Revenge|loool
|c| Kim Jung Unfezant|landorus is love
|c|âAkashi-san~|well then
|c|âAkashi-san~|thats ded
|
|move|p1a: Landorus|Psychic|p2a: Murasakibara
|-damage|p2a: Murasakibara|0 fnt
|faint|p2a: Murasakibara
|
|-damage|p1a: Landorus|248\/358 tox|[from] psn
|
|switch|p2a: Aomine|Sableye-Mega, M, shiny|231\/303
|-damage|p2a: Aomine|194\/303|[from] Stealth Rock
|turn|28
|
|move|p1a: Landorus|Earth Power|p2a: Aomine
|-damage|p2a: Aomine|0 fnt
|faint|p2a: Aomine
|
|-damage|p1a: Landorus|182\/358 tox|[from] psn
|c|âAkashi-san~|what the hell
|
|switch|p2a: Kagami|Gliscor, F|267\/353 tox
|-damage|p2a: Kagami|223\/353 tox|[from] Stealth Rock
|turn|29
|c|âAkashi-san~|WHAT THE HELL?????
|
|switch|p1a: Conkeldurr|Conkeldurr, F|173\/401 tox
|-damage|p1a: Conkeldurr|148\/401 tox|[from] Stealth Rock
|move|p2a: Kagami|Protect|p2a: Kagami
|-fail|p2a: Kagami
|
|-heal|p2a: Kagami|267\/353 tox|[from] ability: Poison Heal
|-damage|p1a: Conkeldurr|123\/401 tox|[from] psn
|turn|30
|c|âAkashi-san~|why
|c| Kenny's Revenge|damn akashi
|
|move|p2a: Kagami|Protect|p2a: Kagami
|-singleturn|p2a: Kagami|Protect
|move|p1a: Conkeldurr|Ice Punch|p2a: Kagami
|-activate|p2a: Kagami|Protect
|
|-heal|p2a: Kagami|311\/353 tox|[from] ability: Poison Heal
|-damage|p1a: Conkeldurr|73\/401 tox|[from] psn
|turn|31
|c| Kenny's Revenge|at this point i wouldve thrown in the towl and started editing
|c|âAkashi-san~|annoyed
|
|move|p2a: Kagami|Earthquake|p1a: Conkeldurr
|-damage|p1a: Conkeldurr|0 fnt
|faint|p1a: Conkeldurr
|
|-heal|p2a: Kagami|353\/353 tox|[from] ability: Poison Heal
|
|switch|p1a: Clefable|Clefable, M|239\/393 tox
|turn|32
|c|âAkashi-san~|gliscor vs. all
|c|âAkashi-san~|can you do this
|c|âAkashi-san~|i trust you
|
|move|p2a: Kagami|Earthquake|p1a: Clefable
|-damage|p1a: Clefable|115\/393 tox
|move|p1a: Clefable|Soft-Boiled|p1a: Clefable
|-heal|p1a: Clefable|312\/393 tox
|
|-heal|p1a: Clefable|336\/393 tox|[from] item: Leftovers
|turn|33
|c| Kenny's Revenge|you need a max roll crit
|c|âAkashi-san~|that might not even do 50%
|
|move|p2a: Kagami|Substitute|p2a: Kagami
|-start|p2a: Kagami|Substitute
|-damage|p2a: Kagami|265\/353 tox
|move|p1a: Clefable|Moonblast|p2a: Kagami
|-end|p2a: Kagami|Substitute
|
|-heal|p1a: Clefable|360\/393 tox|[from] item: Leftovers
|-heal|p2a: Kagami|309\/353 tox|[from] ability: Poison Heal
|turn|34
|
|move|p2a: Kagami|Earthquake|p1a: Clefable
|-damage|p1a: Clefable|239\/393 tox
|move|p1a: Clefable|Flamethrower|p2a: Kagami
|-damage|p2a: Kagami|228\/353 tox
|
|-heal|p1a: Clefable|263\/393 tox|[from] item: Leftovers
|-heal|p2a: Kagami|272\/353 tox|[from] ability: Poison Heal
|turn|35
|
|move|p2a: Kagami|Substitute|p2a: Kagami
|-start|p2a: Kagami|Substitute
|-damage|p2a: Kagami|184\/353 tox
|move|p1a: Clefable|Flamethrower|p2a: Kagami
|-activate|p2a: Kagami|Substitute|[damage]
|
|-heal|p1a: Clefable|287\/393 tox|[from] item: Leftovers
|-heal|p2a: Kagami|228\/353 tox|[from] ability: Poison Heal
|turn|36
|c| Kenny's Revenge|sub power
|c|âAkashi-san~|Q_Q
|
|move|p2a: Kagami|Earthquake|p1a: Clefable
|-damage|p1a: Clefable|160\/393 tox
|move|p1a: Clefable|Flamethrower|p2a: Kagami
|-crit|p2a: Kagami
|-end|p2a: Kagami|Substitute
|
|-heal|p1a: Clefable|184\/393 tox|[from] item: Leftovers
|-heal|p2a: Kagami|272\/353 tox|[from] ability: Poison Heal
|turn|37
|c|âAkashi-san~|CRIT
|c|âAkashi-san~|RNG
|c|âAkashi-san~|CRIT
|
|move|p2a: Kagami|Earthquake|p1a: Clefable
|-damage|p1a: Clefable|67\/393 tox
|move|p1a: Clefable|Soft-Boiled|p1a: Clefable
|-heal|p1a: Clefable|264\/393 tox
|
|-heal|p1a: Clefable|288\/393 tox|[from] item: Leftovers
|-heal|p2a: Kagami|316\/353 tox|[from] ability: Poison Heal
|turn|38
|c|âAkashi-san~|fuck me
|c| Kenny's Revenge|lool
|c|âAkashi-san~|FUCK ME
|
|move|p2a: Kagami|Earthquake|p1a: Clefable
|-damage|p1a: Clefable|176\/393 tox
|move|p1a: Clefable|Soft-Boiled|p1a: Clefable
|-heal|p1a: Clefable|373\/393 tox
|
|-heal|p1a: Clefable|393\/393 tox|[from] item: Leftovers
|-heal|p2a: Kagami|353\/353 tox|[from] ability: Poison Heal
|turn|39
|-message|Akashi-san~ forfeited.
|
|move|p2a: Kagami|Substitute|p2a: Kagami
|-start|p2a: Kagami|Substitute
|-damage|p2a: Kagami|265\/353 tox
|move|p1a: Clefable|Moonblast|p2a: Kagami
|-crit|p2a: Kagami
|-end|p2a: Kagami|Substitute
|
|-heal|p2a: Kagami|309\/353 tox|[from] ability: Poison Heal
|turn|40
|
|win|NoRecuerdoMiNick.
|raw|Ladder updating...
|raw|NoRecuerdoMiNick.'s rating: 1510 &rarr; <strong>1527<\/strong><br \/>(+17 for winning)
|raw|Akashi-san~'s rating: 1459 &rarr; <strong>1442<\/strong><br \/>(-17 for losing)
|c|âAkashi-san~|fuck me
|leave|Akashi-san~