|join|Bustawhit
|join|huee hue hue
|player|p1|Bustawhit|20
|player|p2|huee hue hue|141
|gametype|singles
|gen|6
|tier|OU
|rated
|clearpoke
|poke|p1|Beedrill, M
|poke|p1|Talonflame, M
|poke|p1|Excadrill, M
|poke|p1|Rotom-Wash
|poke|p1|Tyranitar, F
|poke|p1|Clefable, F
|poke|p2|Terrakion
|poke|p2|Garchomp, F
|poke|p2|Charizard, M
|poke|p2|Excadrill, M
|poke|p2|Greninja, F
|poke|p2|Thundurus, M
|rule|Swagger Clause: Swagger is banned
|rule|Baton Pass Clause: Limit one PokÃ©mon knowing Baton Pass
|rule|Sleep Clause Mod: Limit one foe put to sleep
|rule|Species Clause: Limit one of each PokÃ©mon
|rule|OHKO Clause: OHKO moves are banned
|rule|Moody Clause: Moody is banned
|rule|Evasion Moves Clause: Evasion moves are banned
|rule|Endless Battle Clause: Forcing endless battles is banned
|rule|HP Percentage Mod: HP is shown in percentages
|teampreview
|c|âhuee hue hue|gl hf!
|
|start
|switch|p1a: Tyranitar|Tyranitar, F|403\/403
|switch|p2a: Terrakion|Terrakion|323\/323
|-weather|Sandstorm
|turn|1
|c|âBustawhit|you too
|
|switch|p1a: Clefable|Clefable, F|394\/394
|move|p2a: Terrakion|Close Combat|p1a: Clefable
|-resisted|p1a: Clefable
|-damage|p1a: Clefable|248\/394
|-unboost|p2a: Terrakion|def|1
|-unboost|p2a: Terrakion|spd|1
|
|-weather|Sandstorm|[upkeep]
|-status|p1a: Clefable|brn|[from] item: Flame Orb
|turn|2
|
|move|p2a: Terrakion|Stone Edge|p1a: Clefable
|-damage|p1a: Clefable|28\/394 brn
|move|p1a: Clefable|Trick|p2a: Terrakion
|-activate|p1a: Clefable|move: Trick|[of] p2a: Terrakion
|-item|p2a: Terrakion|Flame Orb|[from] move: Trick
|-item|p1a: Clefable|Focus Sash|[from] move: Trick
|
|-weather|Sandstorm|[upkeep]
|-status|p2a: Terrakion|brn|[from] item: Flame Orb
|turn|3
|
|move|p2a: Terrakion|Close Combat|p1a: Clefable
|-resisted|p1a: Clefable
|-damage|p1a: Clefable|0 fnt
|-unboost|p2a: Terrakion|def|1
|-unboost|p2a: Terrakion|spd|1
|faint|p1a: Clefable
|
|-weather|Sandstorm|[upkeep]
|-damage|p2a: Terrakion|283\/323 brn|[from] brn
|
|switch|p1a: Tyranitar|Tyranitar, F|403\/403
|turn|4
|
|move|p2a: Terrakion|Stealth Rock|p1a: Tyranitar
|-sidestart|p1: Bustawhit|move: Stealth Rock
|move|p1a: Tyranitar|Stealth Rock|p2a: Terrakion
|-sidestart|p2: huee hue hue|move: Stealth Rock
|
|-weather|Sandstorm|[upkeep]
|-damage|p2a: Terrakion|243\/323 brn|[from] brn
|turn|5
|
|switch|p1a: Rotom-Wash|Rotom-Wash|303\/303
|-damage|p1a: Rotom-Wash|266\/303|[from] Stealth Rock
|move|p2a: Terrakion|Stone Edge|p1a: Rotom-Wash|[miss]
|-miss|p2a: Terrakion|p1a: Rotom-Wash
|
|-weather|Sandstorm|[upkeep]
|-damage|p1a: Rotom-Wash|248\/303|[from] sandstorm
|-heal|p1a: Rotom-Wash|266\/303|[from] item: Leftovers
|-damage|p2a: Terrakion|203\/323 brn|[from] brn
|turn|6
|
|move|p2a: Terrakion|Stone Edge|p1a: Rotom-Wash|[miss]
|-miss|p2a: Terrakion|p1a: Rotom-Wash
|move|p1a: Rotom-Wash|Hydro Pump|p2a: Terrakion
|-supereffective|p2a: Terrakion
|-damage|p2a: Terrakion|0 fnt
|faint|p2a: Terrakion
|
|-weather|Sandstorm|[upkeep]
|-damage|p1a: Rotom-Wash|248\/303|[from] sandstorm
|-heal|p1a: Rotom-Wash|266\/303|[from] item: Leftovers
|c|âhuee hue hue|terrak plz
|c|âhuee hue hue|u suck
|
|switch|p2a: Excadrill|Excadrill, M|361\/361
|-damage|p2a: Excadrill|350\/361|[from] Stealth Rock
|-ability|p2a: Excadrill|Mold Breaker
|-item|p2a: Excadrill|Air Balloon
|turn|7
|
|move|p2a: Excadrill|Rock Tomb|p1a: Rotom-Wash
|-damage|p1a: Rotom-Wash|211\/303
|-unboost|p1a: Rotom-Wash|spe|1
|move|p1a: Rotom-Wash|Hydro Pump|p2a: Excadrill
|-supereffective|p2a: Excadrill
|-damage|p2a: Excadrill|0 fnt
|-enditem|p2a: Excadrill|Air Balloon
|faint|p2a: Excadrill
|
|-weather|Sandstorm|[upkeep]
|-damage|p1a: Rotom-Wash|193\/303|[from] sandstorm
|-heal|p1a: Rotom-Wash|211\/303|[from] item: Leftovers
|c|âhuee hue hue|not even scared
|
|switch|p2a: Greninja|Greninja, F|285\/285
|-damage|p2a: Greninja|250\/285|[from] Stealth Rock
|turn|8
|
|move|p2a: Greninja|Gunk Shot|p1a: Rotom-Wash
|-start|p2a: Greninja|typechange|Poison|[from] Protean
|-damage|p1a: Rotom-Wash|58\/303
|-damage|p2a: Greninja|222\/285|[from] item: Life Orb
|move|p1a: Rotom-Wash|Volt Switch|p2a: Greninja
|-damage|p2a: Greninja|104\/285
|
|switch|p1a: Excadrill|Excadrill, M|362\/362
|-damage|p1a: Excadrill|351\/362|[from] Stealth Rock
|-item|p1a: Excadrill|Air Balloon
|
|-weather|none
|turn|9
|
|move|p2a: Greninja|Low Kick|p1a: Excadrill
|-start|p2a: Greninja|typechange|Fighting|[from] Protean
|-supereffective|p1a: Excadrill
|-damage|p1a: Excadrill|5\/362
|-enditem|p1a: Excadrill|Air Balloon
|-damage|p2a: Greninja|76\/285|[from] item: Life Orb
|move|p1a: Excadrill|Rapid Spin|p2a: Greninja
|-damage|p2a: Greninja|38\/285
|-sideend|p1: Bustawhit|Stealth Rock|[from] move: Rapid Spin|[of] p1a: Excadrill
|
|turn|10
|
|move|p2a: Greninja|Ice Beam|p1a: Excadrill
|-start|p2a: Greninja|typechange|Ice|[from] Protean
|-damage|p1a: Excadrill|0 fnt
|-damage|p2a: Greninja|10\/285|[from] item: Life Orb
|faint|p1a: Excadrill
|
|
|switch|p1a: Talonflame|Talonflame, M|297\/297
|turn|11
|
|move|p2a: Greninja|Gunk Shot|p1a: Talonflame
|-start|p2a: Greninja|typechange|Poison|[from] Protean
|-damage|p1a: Talonflame|28\/297
|-status|p1a: Talonflame|psn
|-damage|p2a: Greninja|0 fnt|[from] item: Life Orb
|faint|p2a: Greninja
|move|p1a: Talonflame|U-turn|p2: Greninja|[notarget]
|-notarget
|
|-damage|p1a: Talonflame|0 fnt|[from] psn
|faint|p1a: Talonflame
|
|switch|p2a: Thundurus|Thundurus, M|299\/299
|switch|p1a: Tyranitar|Tyranitar, F|403\/403
|-damage|p2a: Thundurus|225\/299|[from] Stealth Rock
|-weather|Sandstorm
|turn|12
|
|move|p2a: Thundurus|Superpower|p1a: Tyranitar
|-crit|p1a: Tyranitar
|-supereffective|p1a: Tyranitar
|-damage|p1a: Tyranitar|0 fnt
|-unboost|p2a: Thundurus|atk|1
|-unboost|p2a: Thundurus|def|1
|-damage|p2a: Thundurus|196\/299|[from] item: Life Orb
|faint|p1a: Tyranitar
|
|-weather|Sandstorm|[upkeep]
|-damage|p2a: Thundurus|178\/299|[from] sandstorm
|
|switch|p1a: Beedrill|Beedrill, M|272\/272
|turn|13
|
|detailschange|p1a: Beedrill|Beedrill-Mega, M
|message|Beedrill has Mega Evolved into Mega Beedrill!
|move|p1a: Beedrill|Protect|p1a: Beedrill
|-singleturn|p1a: Beedrill|Protect
|move|p2a: Thundurus|Thunder Wave|p1a: Beedrill
|-activate|p1a: Beedrill|Protect
|
|-weather|Sandstorm|[upkeep]
|-damage|p1a: Beedrill|255\/272|[from] sandstorm
|-damage|p2a: Thundurus|160\/299|[from] sandstorm
|turn|14
|
|switch|p1a: Rotom-Wash|Rotom-Wash|58\/303
|move|p2a: Thundurus|Thunder Wave|p1a: Rotom-Wash
|-fail|p1a: Rotom-Wash
|
|-weather|Sandstorm|[upkeep]
|-damage|p2a: Thundurus|142\/299|[from] sandstorm
|-damage|p1a: Rotom-Wash|40\/303|[from] sandstorm
|-heal|p1a: Rotom-Wash|58\/303|[from] item: Leftovers
|turn|15
|
|move|p2a: Thundurus|Thunderbolt|p1a: Rotom-Wash
|-damage|p1a: Rotom-Wash|0 fnt
|-damage|p2a: Thundurus|113\/299|[from] item: Life Orb
|faint|p1a: Rotom-Wash
|
|-weather|Sandstorm|[upkeep]
|-damage|p2a: Thundurus|95\/299|[from] sandstorm
|
|switch|p1a: Beedrill|Beedrill-Mega, M|255\/272
|turn|16
|
|move|p2a: Thundurus|Thunder Wave|p1a: Beedrill
|-status|p1a: Beedrill|par
|move|p1a: Beedrill|Poison Jab|p2a: Thundurus
|-damage|p2a: Thundurus|0 fnt
|faint|p2a: Thundurus
|
|-weather|Sandstorm|[upkeep]
|-damage|p1a: Beedrill|238\/272 par|[from] sandstorm
|
|switch|p2a: Charizard|Charizard, M|297\/297
|-damage|p2a: Charizard|149\/297|[from] Stealth Rock
|turn|17
|
|detailschange|p2a: Charizard|Charizard-Mega-X, M
|message|Charizard has Mega Evolved into Mega Charizard!
|move|p2a: Charizard|Flare Blitz|p1a: Beedrill
|-supereffective|p1a: Beedrill
|-damage|p1a: Beedrill|0 fnt
|-damage|p2a: Charizard|70\/297|[from] recoil|[of] p1a: Beedrill
|faint|p1a: Beedrill
|
|win|huee hue hue
|raw|Ladder updating...
|raw|Bustawhit's rating: 1463 &rarr; <strong>1449<\/strong><br \/>(-14 for losing)
|raw|huee hue hue's rating: 1564 &rarr; <strong>1578<\/strong><br \/>(+14 for winning)
|c|âhuee hue hue|gg
|leave|Bustawhit
|player|p1