|join|Demolish
|join|huee hue hue
|player|p1|Demolish|86
|player|p2|huee hue hue|38
|gametype|singles
|gen|6
|tier|OU
|rated
|clearpoke
|poke|p1|Slowbro, F, shiny
|poke|p1|Espeon, F
|poke|p1|Tangrowth, M
|poke|p1|Clefable, M
|poke|p1|Tyranitar, M
|poke|p1|Genesect
|poke|p2|Victini
|poke|p2|Mienshao, M
|poke|p2|Arcanine, M
|poke|p2|Blastoise, M
|poke|p2|Aerodactyl, F
|poke|p2|Shaymin
|rule|Sleep Clause Mod: Limit one foe put to sleep
|rule|Species Clause: Limit one of each Pokemon
|rule|OHKO Clause: OHKO moves are banned
|rule|Moody Clause: Moody is banned
|rule|Evasion Moves Clause: Evasion moves are banned
|rule|Endless Battle Clause: Forcing endless battles is banned.
|rule|HP Percentage Mod: HP is reported as percentages
|teampreview
|callback|decision
|chat|huee hue hue|gl hf!
|chat|Demolish|u2
|
|start
|switch|p1a: Genesect|Genesect|283\/283
|switch|p2a: Mienshao|Mienshao, M|271\/271
|-boost|p1a: Genesect|spa|1|[from] ability: Download
|turn|1
|callback|decision
|
|move|p2a: Mienshao|High Jump Kick|p1a: Genesect|[miss]
|-miss|p2a: Mienshao|p1a: Genesect
|-damage|p2a: Mienshao|136\/271|[from] highjumpkick
|move|p1a: Genesect|U-turn|p2a: Mienshao
|-resisted|p2a: Mienshao
|-damage|p2a: Mienshao|59\/271
|callback|decision
|
|switch|p1a: Tangrowth|Tangrowth, M|404\/404
|
|turn|2
|callback|decision
|
|switch|p2a: Victini|Victini|342\/342
|move|p1a: Tangrowth|Knock Off|p2a: Victini
|-supereffective|p2a: Victini
|-damage|p2a: Victini|112\/342
|-enditem|p2a: Victini|Choice Band|[from] move: Knock Off|[of] p1a: Tangrowth
|
|turn|3
|callback|decision
|
|switch|p1a: Slowbro|Slowbro, F, shiny|394\/394
|move|p2a: Victini|Bolt Strike|p1a: Slowbro
|-supereffective|p1a: Slowbro
|-damage|p1a: Slowbro|204\/394
|-status|p1a: Slowbro|par
|
|turn|4
|callback|decision
|
|move|p2a: Victini|Bolt Strike|p1a: Slowbro
|-supereffective|p1a: Slowbro
|-damage|p1a: Slowbro|10\/394 par
|move|p1a: Slowbro|Scald|p2a: Victini
|-supereffective|p2a: Victini
|-damage|p2a: Victini|0 fnt
|faint|p2a: Victini
|
|callback|decision
|
|switch|p2a: Aerodactyl|Aerodactyl, F|302\/302
|-ability|p2a: Aerodactyl|Unnerve|p1: Demolish
|turn|5
|callback|decision
|
|switch|p1a: Genesect|Genesect|283\/283
|-boost|p1a: Genesect|atk|1|[from] ability: Download
|move|p2a: Aerodactyl|Earthquake|p1a: Genesect
|-damage|p1a: Genesect|154\/283
|
|turn|6
|callback|decision
|
|switch|p2a: Blastoise|Blastoise, M|362\/362
|move|p1a: Genesect|Ice Beam|p2a: Blastoise
|-resisted|p2a: Blastoise
|-damage|p2a: Blastoise|310\/362
|
|turn|7
|callback|decision
|
|switch|p1a: Tangrowth|Tangrowth, M|404\/404
|-formechange|p2a: Blastoise|Blastoise-Mega
|message|Blastoise has Mega Evolved into Mega Blastoise!
|move|p2a: Blastoise|Scald|p1a: Tangrowth
|-resisted|p1a: Tangrowth
|-damage|p1a: Tangrowth|314\/404
|
|turn|8
|callback|decision
|
|move|p2a: Blastoise|Dark Pulse|p1a: Tangrowth
|-damage|p1a: Tangrowth|129\/404
|move|p1a: Tangrowth|Giga Drain|p2a: Blastoise
|-supereffective|p2a: Blastoise
|-damage|p2a: Blastoise|130\/362
|-heal|p1a: Tangrowth|219\/404|[from] drain|[of] p2a: Blastoise
|
|turn|9
|callback|decision
|
|switch|p2a: Arcanine|Arcanine, M|327\/327
|-ability|p2a: Arcanine|Intimidate|[of] p1a: Tangrowth
|-unboost|p1a: Tangrowth|atk|1
|move|p1a: Tangrowth|Knock Off|p2a: Arcanine
|-crit|p2a: Arcanine
|-damage|p2a: Arcanine|120\/327
|-enditem|p2a: Arcanine|Life Orb|[from] move: Knock Off|[of] p1a: Tangrowth
|
|turn|10
|callback|decision
|
|switch|p1a: Clefable|Clefable, M|385\/385
|move|p2a: Arcanine|Flare Blitz|p1a: Clefable
|-damage|p1a: Clefable|138\/385
|-damage|p2a: Arcanine|38\/327|[from] recoil|[of] p1a: Clefable
|
|-heal|p1a: Clefable|162\/385|[from] item: Leftovers
|turn|11
|callback|decision
|
|switch|p1a: Slowbro|Slowbro, F, shiny|141\/394 par
|move|p2a: Arcanine|Close Combat|p1a: Slowbro
|-resisted|p1a: Slowbro
|-damage|p1a: Slowbro|87\/394 par
|-unboost|p2a: Arcanine|def|1
|-unboost|p2a: Arcanine|spd|1
|
|turn|12
|callback|decision
|
|switch|p1a: Tangrowth|Tangrowth, M|353\/404
|move|p2a: Arcanine|Wild Charge|p1a: Tangrowth
|-resisted|p1a: Tangrowth
|-damage|p1a: Tangrowth|310\/404
|-damage|p2a: Arcanine|27\/327|[from] recoil|[of] p1a: Tangrowth
|
|turn|13
|callback|decision
|
|switch|p1a: Slowbro|Slowbro, F, shiny|218\/394 par
|move|p2a: Arcanine|Flare Blitz|p1a: Slowbro
|-resisted|p1a: Slowbro
|-damage|p1a: Slowbro|146\/394 par
|-damage|p2a: Arcanine|3\/327|[from] recoil|[of] p1a: Slowbro
|
|turn|14
|callback|decision
|
|move|p2a: Arcanine|Flare Blitz|p1a: Slowbro
|-resisted|p1a: Slowbro
|-damage|p1a: Slowbro|72\/394 par
|-damage|p2a: Arcanine|0 fnt|[from] recoil|[of] p1a: Slowbro
|faint|p2a: Arcanine
|move|p1a: Slowbro|Scald|p2: Arcanine|[notarget]
|-notarget
|
|callback|decision
|
|switch|p2a: Blastoise|Blastoise, M|130\/362
|-formechange|p2a: Blastoise|Blastoise-Mega
|turn|15
|callback|decision
|
|switch|p1a: Tyranitar|Tyranitar, M|342\/342
|-weather|Sandstorm
|move|p2a: Blastoise|Dark Pulse|p1a: Tyranitar
|-resisted|p1a: Tyranitar
|-damage|p1a: Tyranitar|287\/342
|
|-weather|Sandstorm|[upkeep]
|-damage|p2a: Blastoise|108\/362|[from] sandstorm
|turn|16
|callback|decision
|
|switch|p1a: Tangrowth|Tangrowth, M|404\/404
|move|p2a: Blastoise|Aura Sphere|p1a: Tangrowth
|-damage|p1a: Tangrowth|231\/404
|
|-weather|Sandstorm|[upkeep]
|-damage|p2a: Blastoise|86\/362|[from] sandstorm
|-damage|p1a: Tangrowth|206\/404|[from] sandstorm
|turn|17
|callback|decision
|
|switch|p2a: Shaymin|Shaymin|342\/342
|move|p1a: Tangrowth|Giga Drain|p2a: Shaymin
|-resisted|p2a: Shaymin
|-damage|p2a: Shaymin|297\/342
|-heal|p1a: Tangrowth|229\/404|[from] drain|[of] p2a: Shaymin
|
|-weather|Sandstorm|[upkeep]
|-damage|p2a: Shaymin|276\/342|[from] sandstorm
|-damage|p1a: Tangrowth|204\/404|[from] sandstorm
|turn|18
|callback|decision
|
|switch|p1a: Genesect|Genesect|154\/283
|-boost|p1a: Genesect|atk|1|[from] ability: Download
|move|p2a: Shaymin|Hidden Power|p1a: Genesect
|-resisted|p1a: Genesect
|-damage|p1a: Genesect|112\/283
|-damage|p2a: Shaymin|242\/342|[from] item: Life Orb
|
|-weather|Sandstorm|[upkeep]
|-damage|p2a: Shaymin|221\/342|[from] sandstorm
|turn|19
|callback|decision
|
|move|p2a: Shaymin|Rest|p2a: Shaymin
|-status|p2a: Shaymin|slp
|-heal|p2a: Shaymin|342\/342 slp|[silent]
|-status|p2a: Shaymin|slp|[from] move: Rest
|move|p1a: Genesect|U-turn|p2a: Shaymin
|-supereffective|p2a: Shaymin
|-damage|p2a: Shaymin|0 fnt
|faint|p2a: Shaymin
|callback|decision
|
|switch|p1a: Clefable|Clefable, M|162\/385
|
|-weather|none
|-heal|p1a: Clefable|186\/385|[from] item: Leftovers
|callback|decision
|
|switch|p2a: Aerodactyl|Aerodactyl, F|302\/302
|-ability|p2a: Aerodactyl|Unnerve|p1: Demolish
|turn|20
|callback|decision
|
|move|p2a: Aerodactyl|Taunt|p1a: Clefable
|-start|p1a: Clefable|move: Taunt
|move|p1a: Clefable|Dazzling Gleam|p2a: Aerodactyl
|-damage|p2a: Aerodactyl|191\/302
|
|-heal|p1a: Clefable|210\/385|[from] item: Leftovers
|turn|21
|callback|decision
|
|switch|p1a: Slowbro|Slowbro, F, shiny|203\/394 par
|move|p2a: Aerodactyl|Stealth Rock|p1a: Slowbro
|-sidestart|p1: Demolish|move: Stealth Rock
|
|turn|22
|callback|decision
|
|move|p2a: Aerodactyl|Stone Edge|p1a: Slowbro
|-damage|p1a: Slowbro|86\/394 par
|move|p1a: Slowbro|Scald|p2a: Aerodactyl
|-supereffective|p2a: Aerodactyl
|-damage|p2a: Aerodactyl|0 fnt
|faint|p2a: Aerodactyl
|
|callback|decision
|
|switch|p2a: Blastoise|Blastoise, M|86\/362
|-formechange|p2a: Blastoise|Blastoise-Mega
|turn|23
|callback|decision
|chat|Demolish|really fun game :)
|chat|huee hue hue|HAHA
|
|move|p2a: Blastoise|Aura Sphere|p1a: Slowbro
|-resisted|p1a: Slowbro
|-damage|p1a: Slowbro|34\/394 par
|move|p1a: Slowbro|Scald|p2a: Blastoise
|-resisted|p2a: Blastoise
|-damage|p2a: Blastoise|46\/362
|
|turn|24
|callback|decision
|chat|huee hue hue|indeed
|chat|huee hue hue|gotta say i havent faced a team like this before
|chat|Demolish|you're a fun dude to play 
|
|switch|p1a: Tangrowth|Tangrowth, M|338\/404
|-damage|p1a: Tangrowth|288\/404|[from] Stealth Rock
|move|p2a: Blastoise|Aura Sphere|p1a: Tangrowth
|-damage|p1a: Tangrowth|89\/404
|
|turn|25
|callback|decision
|chat|huee hue hue|haha cuz i didnt ragequit yet?
|chat|Demolish|YES
|chat|Demolish|no matter how bad hax get
|
|move|p2a: Blastoise|Aura Sphere|p1a: Tangrowth
|-damage|p1a: Tangrowth|0 fnt
|faint|p1a: Tangrowth
|
|callback|decision
|
|switch|p1a: Clefable|Clefable, M|210\/385
|turn|26
|callback|decision
|chat|huee hue hue|HAHA guess im weird
|
|move|p2a: Blastoise|Scald|p1a: Clefable
|-crit|p1a: Clefable
|-damage|p1a: Clefable|18\/385
|move|p1a: Clefable|Wish|p1a: Clefable
|
|-heal|p1a: Clefable|42\/385|[from] item: Leftovers
|turn|27
|callback|decision
|
|switch|p1a: Tyranitar|Tyranitar, M|287\/342
|-damage|p1a: Tyranitar|245\/342|[from] Stealth Rock
|-weather|Sandstorm
|move|p2a: Blastoise|Scald|p1a: Tyranitar
|-crit|p1a: Tyranitar
|-supereffective|p1a: Tyranitar
|-damage|p1a: Tyranitar|0 fnt
|faint|p1a: Tyranitar
|
|-weather|Sandstorm|[upkeep]
|-damage|p2a: Blastoise|24\/362|[from] sandstorm
|callback|decision
|chat|huee hue hue|haxing back lols
|
|switch|p1a: Genesect|Genesect|112\/283
|-damage|p1a: Genesect|77\/283|[from] Stealth Rock
|-boost|p1a: Genesect|spa|1|[from] ability: Download
|turn|28
|callback|decision
|chat|Demolish|lol yup :D
|
|move|p1a: Genesect|U-turn|p2a: Blastoise
|-damage|p2a: Blastoise|0 fnt
|faint|p2a: Blastoise
|callback|decision
|chat|huee hue hue|hmmm, mind if i try playing you again with another team?
|
|switch|p1a: Slowbro|Slowbro, F, shiny|165\/394 par
|-damage|p1a: Slowbro|116\/394 par|[from] Stealth Rock
|
|-weather|Sandstorm|[upkeep]
|-damage|p1a: Slowbro|92\/394 par|[from] sandstorm
|callback|decision
|chat|huee hue hue|in a few mins?
|chat|Demolish|sure 
|
|switch|p2a: Mienshao|Mienshao, M|59\/271
|turn|29
|callback|decision
|chat|Demolish|i'll send a message
|chat|Demolish|just request when u ready
|chat|huee hue hue|kks
|
|move|p2a: Mienshao|Knock Off|p1a: Slowbro
|-supereffective|p1a: Slowbro
|-damage|p1a: Slowbro|0 fnt
|faint|p1a: Slowbro
|
|-weather|Sandstorm|[upkeep]
|-damage|p2a: Mienshao|43\/271|[from] sandstorm
|callback|decision
|
|switch|p1a: Clefable|Clefable, M|42\/385
|turn|30
|callback|decision
|
|move|p2a: Mienshao|Knock Off|p1a: Clefable
|-resisted|p1a: Clefable
|-damage|p1a: Clefable|0 fnt
|faint|p1a: Clefable
|
|-weather|Sandstorm|[upkeep]
|-damage|p2a: Mienshao|27\/271|[from] sandstorm
|callback|decision
|
|switch|p1a: Genesect|Genesect|77\/283
|-damage|p1a: Genesect|42\/283|[from] Stealth Rock
|-boost|p1a: Genesect|spa|1|[from] ability: Download
|turn|31
|callback|decision
|
|move|p2a: Mienshao|Knock Off|p1a: Genesect
|-damage|p1a: Genesect|0 fnt
|faint|p1a: Genesect
|
|-weather|none
|callback|decision
|
|switch|p1a: Espeon|Espeon, F|272\/272
|-damage|p1a: Espeon|238\/272|[from] Stealth Rock
|turn|32
|callback|decision
|chat|huee hue hue|this was not expected
|chat|Demolish|lol nope
|chat|Demolish|gg
|
|move|p2a: Mienshao|Knock Off|p1a: Espeon
|-supereffective|p1a: Espeon
|-damage|p1a: Espeon|0 fnt
|faint|p1a: Espeon
|
|win|huee hue hue
|raw|Ladder updating...
|chat|huee hue hue|wow. 
|raw|Demolish's rating: 1324 &rarr; <strong>1301<\/strong><br \/>(-23 for losing)
|raw|huee hue hue's rating: 1354 &rarr; <strong>1377<\/strong><br \/>(+23 for winning)
|chat|Demolish|haah
|chat|huee hue hue|i think you outplayed me pretty bad tho lols
|chat|Demolish|it was good man didn't think you'd outspeed genesect
|chat|Demolish|but i'm guessing you're scarfed
|chat|Demolish|well gg :D 
|leave|Demolish
|player|p1