|join|angre management
|join|Jumpingwombat
|player|p1|angre management|82
|player|p2|Jumpingwombat|144
|gametype|singles
|gen|6
|tier|UU
|rated
|rule|Sleep Clause Mod: Limit one foe put to sleep
|rule|Species Clause: Limit one of each Pokemon
|rule|OHKO Clause: OHKO moves are banned
|rule|Moody Clause: Moody is banned
|rule|Evasion Moves Clause: Evasion moves are banned
|rule|Endless Battle Clause: Forcing endless battles is banned.
|rule|HP Percentage Mod: HP is reported as percentages
|clearpoke
|poke|p1|Scrafty, M
|poke|p1|Magnezone
|poke|p1|Swampert, M
|poke|p1|Toxicroak, M
|poke|p1|Flygon, F
|poke|p1|Florges, F
|poke|p2|Celebi
|poke|p2|Cloyster, F
|poke|p2|Honchkrow, M
|poke|p2|Galvantula, F
|poke|p2|Toxicroak, M
|poke|p2|Porygon-Z
|teampreview
|
|start
|switch|p1a: Magnezone|Magnezone|301\/301
|switch|p2a: Galvantula|Galvantula, F|281\/281
|turn|1
|
|move|p2a: Galvantula|Sticky Web|p1a: Magnezone
|-sidestart|p1: angre management|move: Sticky Web
|move|p1a: Magnezone|Volt Switch|p2a: Galvantula
|-resisted|p2a: Galvantula
|-damage|p2a: Galvantula|92\/281
|
|switch|p1a: Florges|Florges, F|360\/360
|-activate|p1a: Florges|move: Sticky Web
|-unboost|p1a: Florges|spe|1
|
|turn|2
|
|move|p2a: Galvantula|Thunder Wave|p1a: Florges
|-status|p1a: Florges|par
|move|p1a: Florges|Moonblast|p2a: Galvantula
|-crit|p2a: Galvantula
|-damage|p2a: Galvantula|0 fnt
|faint|p2a: Galvantula
|
|
|switch|p2a: Toxicroak|Toxicroak, M|370\/370
|turn|3
|
|move|p2a: Toxicroak|Swords Dance|p2a: Toxicroak
|-boost|p2a: Toxicroak|atk|2
|cant|p1a: Florges|par
|
|turn|4
|
|move|p2a: Toxicroak|Poison Jab|p1a: Florges
|-supereffective|p1a: Florges
|-damage|p1a: Florges|0 fnt
|faint|p1a: Florges
|
|
|switch|p1a: Swampert|Swampert, M|401\/401
|-activate|p1a: Swampert|move: Sticky Web
|-unboost|p1a: Swampert|spe|1
|turn|5
|
|move|p2a: Toxicroak|Drain Punch|p1a: Swampert
|-damage|p1a: Swampert|179\/401
|move|p1a: Swampert|Earthquake|p2a: Toxicroak
|-supereffective|p2a: Toxicroak
|-damage|p2a: Toxicroak|0 fnt
|faint|p2a: Toxicroak
|
|-heal|p1a: Swampert|204\/401|[from] item: Leftovers
|
|switch|p2a: Celebi|Celebi|341\/341
|turn|6
|
|switch|p1a: Scrafty|Scrafty, M|334\/334
|-activate|p1a: Scrafty|move: Sticky Web
|-unboost|p1a: Scrafty|spe|1
|move|p2a: Celebi|Earth Power|p1a: Scrafty
|-crit|p1a: Scrafty
|-damage|p1a: Scrafty|187\/334
|-damage|p2a: Celebi|307\/341|[from] item: Life Orb
|
|-heal|p1a: Scrafty|207\/334|[from] item: Leftovers
|turn|7
|
|switch|p2a: Cloyster|Cloyster, F|242\/242
|switch|p1a: Magnezone|Magnezone|301\/301
|-activate|p1a: Magnezone|move: Sticky Web
|-unboost|p1a: Magnezone|spe|1
|
|turn|8
|
|move|p2a: Cloyster|Shell Smash|p2a: Cloyster
|-boost|p2a: Cloyster|atk|2
|-boost|p2a: Cloyster|spa|2
|-boost|p2a: Cloyster|spe|2
|-unboost|p2a: Cloyster|def|1
|-unboost|p2a: Cloyster|spd|1
|move|p1a: Magnezone|Volt Switch|p2a: Cloyster
|-supereffective|p2a: Cloyster
|-enditem|p2a: Cloyster|Focus Sash
|-damage|p2a: Cloyster|1\/242
|
|switch|p1a: Toxicroak|Toxicroak, M|353\/353
|-activate|p1a: Toxicroak|move: Sticky Web
|-unboost|p1a: Toxicroak|spe|1
|
|turn|9
|
|switch|p2a: Honchkrow|Honchkrow, M|341\/341
|move|p1a: Toxicroak|Sucker Punch|p2a: Honchkrow
|-fail|p2a: Honchkrow
|
|turn|10
|
|switch|p1a: Magnezone|Magnezone|301\/301
|-activate|p1a: Magnezone|move: Sticky Web
|-unboost|p1a: Magnezone|spe|1
|move|p2a: Honchkrow|Superpower|p1a: Magnezone
|-supereffective|p1a: Magnezone
|-damage|p1a: Magnezone|41\/301
|-unboost|p2a: Honchkrow|atk|1
|-unboost|p2a: Honchkrow|def|1
|
|turn|11
|
|switch|p2a: Cloyster|Cloyster, F|1\/242
|switch|p1a: Swampert|Swampert, M|204\/401
|-activate|p1a: Swampert|move: Sticky Web
|-unboost|p1a: Swampert|spe|1
|
|-heal|p1a: Swampert|229\/401|[from] item: Leftovers
|turn|12
|
|move|p2a: Cloyster|Icicle Spear|p1a: Swampert
|-damage|p1a: Swampert|198\/401
|-damage|p1a: Swampert|167\/401
|-damage|p1a: Swampert|134\/401
|-damage|p1a: Swampert|103\/401
|-damage|p1a: Swampert|69\/401
|-hitcount|p1a: Swampert|5
|move|p1a: Swampert|Stealth Rock|p2a: Cloyster
|-sidestart|p2: Jumpingwombat|move: Stealth Rock
|
|-heal|p1a: Swampert|94\/401|[from] item: Leftovers
|turn|13
|
|move|p2a: Cloyster|Icicle Spear|p1a: Swampert
|-damage|p1a: Swampert|60\/401
|-damage|p1a: Swampert|24\/401
|-damage|p1a: Swampert|0 fnt
|-hitcount|p1a: Swampert|3
|faint|p1a: Swampert
|
|
|switch|p1a: Flygon|Flygon, F|301\/301
|turn|14
|
|move|p1a: Flygon|U-turn|p2a: Cloyster
|-damage|p2a: Cloyster|0 fnt
|faint|p2a: Cloyster
|
|switch|p1a: Toxicroak|Toxicroak, M|353\/353
|-activate|p1a: Toxicroak|move: Sticky Web
|-unboost|p1a: Toxicroak|spe|1
|
|
|switch|p2a: Honchkrow|Honchkrow, M|341\/341
|-damage|p2a: Honchkrow|256\/341|[from] Stealth Rock
|turn|15
|
|move|p1a: Toxicroak|Sucker Punch|p2a: Honchkrow
|-resisted|p2a: Honchkrow
|-damage|p2a: Honchkrow|161\/341
|-damage|p1a: Toxicroak|318\/353|[from] item: Life Orb
|move|p2a: Honchkrow|Brave Bird|p1a: Toxicroak
|-supereffective|p1a: Toxicroak
|-damage|p1a: Toxicroak|0 fnt
|-damage|p2a: Honchkrow|56\/341|[from] recoil|[of] p1a: Toxicroak
|faint|p1a: Toxicroak
|-boost|p2a: Honchkrow|atk|1|[from] ability: Moxie
|
|
|switch|p1a: Flygon|Flygon, F|301\/301
|turn|16
|
|move|p1a: Flygon|U-turn|p2a: Honchkrow
|-damage|p2a: Honchkrow|0 fnt
|faint|p2a: Honchkrow
|
|switch|p1a: Scrafty|Scrafty, M|207\/334
|-activate|p1a: Scrafty|move: Sticky Web
|-unboost|p1a: Scrafty|spe|1
|
|-heal|p1a: Scrafty|227\/334|[from] item: Leftovers
|
|switch|p2a: Porygon-Z|Porygon-Z|312\/312
|-damage|p2a: Porygon-Z|273\/312|[from] Stealth Rock
|turn|17
|
|move|p2a: Porygon-Z|Tri Attack|p1a: Scrafty
|-damage|p1a: Scrafty|47\/334
|move|p1a: Scrafty|Drain Punch|p2a: Porygon-Z
|-crit|p2a: Porygon-Z
|-supereffective|p2a: Porygon-Z
|-damage|p2a: Porygon-Z|0 fnt
|-heal|p1a: Scrafty|184\/334|[from] drain|[of] p2a: Porygon-Z
|faint|p2a: Porygon-Z
|
|-heal|p1a: Scrafty|204\/334|[from] item: Leftovers
|
|switch|p2a: Celebi|Celebi|307\/341
|-damage|p2a: Celebi|265\/341|[from] Stealth Rock
|turn|18
|
|move|p2a: Celebi|Earth Power|p1a: Scrafty
|-damage|p1a: Scrafty|117\/334
|-damage|p2a: Celebi|231\/341|[from] item: Life Orb
|move|p1a: Scrafty|Knock Off|p2a: Celebi
|-supereffective|p2a: Celebi
|-damage|p2a: Celebi|0 fnt
|faint|p2a: Celebi
|
|win|angre management
|raw|Ladder updating...
|raw|angre management's rating: 1694 &rarr; <strong>1704<\/strong><br \/>(+10 for winning)
|raw|Jumpingwombat's rating: 1519 &rarr; <strong>1509<\/strong><br \/>(-10 for losing)