|join|angre management
|join|xShiba
|player|p1|angre management|140
|player|p2|xShiba|170
|gametype|singles
|gen|6
|tier|UU
|rated
|rule|Sleep Clause Mod: Limit one foe put to sleep
|rule|Species Clause: Limit one of each PokÃ©mon
|rule|OHKO Clause: OHKO moves are banned
|rule|Moody Clause: Moody is banned
|rule|Evasion Moves Clause: Evasion moves are banned
|rule|Endless Battle Clause: Forcing endless battles is banned
|rule|HP Percentage Mod: HP is shown in percentages
|clearpoke
|poke|p1|Haxorus, M
|poke|p1|Lucario, F
|poke|p1|Nidoqueen, F
|poke|p1|Tornadus, M, shiny
|poke|p1|Azelf, shiny
|poke|p1|Diggersby, M
|poke|p2|Jirachi, shiny
|poke|p2|Aerodactyl, M
|poke|p2|Forretress, M
|poke|p2|Hydreigon, M, shiny
|poke|p2|Porygon-Z, shiny
|poke|p2|Sableye, M
|rule|Swagger Clause: Swagger is banned
|rule|Baton Pass Clause: Limit one PokÃ©mon knowing Baton Pass
|teampreview
|c|âxShiba|gl hf
|c|âxShiba|Mr Mod of UU
|
|start
|switch|p1a: King UU|Nidoqueen, F|351\/351
|switch|p2a: 100% Bullshit|Sableye, M|304\/304
|turn|1
|
|move|p1a: King UU|Earth Power|p2a: 100% Bullshit
|-damage|p2a: 100% Bullshit|109\/304
|move|p2a: 100% Bullshit|Knock Off|p1a: King UU
|-damage|p1a: King UU|242\/351
|-enditem|p1a: King UU|Life Orb|[from] move: Knock Off|[of] p2a: 100% Bullshit
|
|-heal|p2a: 100% Bullshit|128\/304|[from] item: Leftovers
|turn|2
|
|move|p2a: 100% Bullshit|Recover|p2a: 100% Bullshit
|-heal|p2a: 100% Bullshit|280\/304
|move|p1a: King UU|Earth Power|p2a: 100% Bullshit
|-damage|p2a: 100% Bullshit|130\/304
|
|-heal|p2a: 100% Bullshit|149\/304|[from] item: Leftovers
|turn|3
|
|move|p2a: 100% Bullshit|Recover|p2a: 100% Bullshit
|-heal|p2a: 100% Bullshit|301\/304
|move|p1a: King UU|Earth Power|p2a: 100% Bullshit
|-damage|p2a: 100% Bullshit|145\/304
|
|-heal|p2a: 100% Bullshit|164\/304|[from] item: Leftovers
|turn|4
|
|move|p2a: 100% Bullshit|Will-O-Wisp|p1a: King UU
|-status|p1a: King UU|brn
|move|p1a: King UU|Earth Power|p2a: 100% Bullshit
|-damage|p2a: 100% Bullshit|19\/304
|
|-heal|p2a: 100% Bullshit|38\/304|[from] item: Leftovers
|-damage|p1a: King UU|199\/351 brn|[from] brn
|turn|5
|
|move|p2a: 100% Bullshit|Recover|p2a: 100% Bullshit
|-heal|p2a: 100% Bullshit|190\/304
|move|p1a: King UU|Taunt|p2a: 100% Bullshit
|-start|p2a: 100% Bullshit|move: Taunt
|
|-heal|p2a: 100% Bullshit|209\/304|[from] item: Leftovers
|-damage|p1a: King UU|156\/351 brn|[from] brn
|turn|6
|join|Dudeman130498
|
|switch|p2a: Wrecking Face|Porygon-Z, shiny|311\/311
|move|p1a: King UU|Ice Beam|p2a: Wrecking Face
|-damage|p2a: Wrecking Face|180\/311
|
|-damage|p1a: King UU|113\/351 brn|[from] brn
|turn|7
|
|move|p2a: Wrecking Face|Tri Attack|p1a: King UU
|-damage|p1a: King UU|0 fnt
|faint|p1a: King UU
|
|
|switch|p1a: Dudeman130498|Azelf, shiny|291\/291
|turn|8
|
|switch|p2a: Paul|Forretress, M|354\/354
|move|p1a: Dudeman130498|Stealth Rock|p2a: Paul
|-sidestart|p2: xShiba|move: Stealth Rock
|
|turn|9
|c| Dudeman130498|o hi
|c|âangre management|hey
|
|move|p1a: Dudeman130498|Explosion|p2a: Paul
|-resisted|p2a: Paul
|-damage|p2a: Paul|279\/354
|faint|p1a: Dudeman130498
|move|p2a: Paul|Gyro Ball|p1: Dudeman130498|[notarget]
|-notarget
|
|
|switch|p1a: ahyueah|Lucario, F|289\/289
|turn|10
|
|switch|p2a: Call me HaxGod|Jirachi, shiny|341\/341
|-damage|p2a: Call me HaxGod|320\/341|[from] Stealth Rock
|move|p1a: ahyueah|Nasty Plot|p1a: ahyueah
|-boost|p1a: ahyueah|spa|2
|
|turn|11
|c| Dudeman130498|dudeman kills himself to go 21 to a forretress
|c| Dudeman130498|:[
|
|move|p1a: ahyueah|Vacuum Wave|p2a: Call me HaxGod
|-damage|p2a: Call me HaxGod|148\/341
|-damage|p1a: ahyueah|261\/289|[from] item: Life Orb
|move|p2a: Call me HaxGod|Trick|p1a: ahyueah
|-activate|p2a: Call me HaxGod|move: Trick|[of] p1a: ahyueah
|-item|p1a: ahyueah|Choice Scarf|[from] move: Trick
|-item|p2a: Call me HaxGod|Life Orb|[from] move: Trick
|
|turn|12
|c| Dudeman130498|,
|
|switch|p2a: 100% Bullshit|Sableye, M|209\/304
|-damage|p2a: 100% Bullshit|171\/304|[from] Stealth Rock
|move|p1a: ahyueah|Flash Cannon|p2a: 100% Bullshit
|-damage|p2a: 100% Bullshit|0 fnt
|faint|p2a: 100% Bullshit
|
|c| Dudeman130498|,
|
|switch|p2a: Call me HaxGod|Jirachi, shiny|148\/341
|-damage|p2a: Call me HaxGod|127\/341|[from] Stealth Rock
|turn|13
|
|move|p1a: ahyueah|Flash Cannon|p2a: Call me HaxGod
|-resisted|p2a: Call me HaxGod
|-damage|p2a: Call me HaxGod|0 fnt
|faint|p2a: Call me HaxGod
|
|
|switch|p2a: Hail Hydra|Hydreigon, M, shiny|325\/325
|-damage|p2a: Hail Hydra|285\/325|[from] Stealth Rock
|turn|14
|
|move|p1a: ahyueah|Flash Cannon|p2a: Hail Hydra
|-damage|p2a: Hail Hydra|0 fnt
|faint|p2a: Hail Hydra
|
|c|âxShiba|welp
|
|switch|p2a: Paul|Forretress, M|279\/354
|-damage|p2a: Paul|235\/354|[from] Stealth Rock
|turn|15
|
|move|p1a: ahyueah|Flash Cannon|p2a: Paul
|-resisted|p2a: Paul
|-damage|p2a: Paul|29\/354
|move|p2a: Paul|Gyro Ball|p1a: ahyueah
|-resisted|p1a: ahyueah
|-damage|p1a: ahyueah|165\/289
|
|turn|16
|
|move|p1a: ahyueah|Flash Cannon|p2a: Paul
|-resisted|p2a: Paul
|-damage|p2a: Paul|0 fnt
|faint|p2a: Paul
|
|
|switch|p2a: Ultimate Terror|Aerodactyl, M|301\/301
|-damage|p2a: Ultimate Terror|226\/301|[from] Stealth Rock
|-ability|p2a: Ultimate Terror|Unnerve|p1: angre management
|turn|17
|
|detailschange|p2a: Ultimate Terror|Aerodactyl-Mega, M
|message|Aerodactyl has Mega Evolved into Mega Aerodactyl!
|move|p1a: ahyueah|Flash Cannon|p2a: Ultimate Terror
|-supereffective|p2a: Ultimate Terror
|-damage|p2a: Ultimate Terror|0 fnt
|faint|p2a: Ultimate Terror
|
|
|switch|p2a: Wrecking Face|Porygon-Z, shiny|180\/311
|-damage|p2a: Wrecking Face|142\/311|[from] Stealth Rock
|turn|18
|
|move|p1a: ahyueah|Flash Cannon|p2a: Wrecking Face
|-damage|p2a: Wrecking Face|0 fnt
|faint|p2a: Wrecking Face
|
|win|angre management
|raw|Ladder updating...
|raw|angre management's rating: 1545 &rarr; <strong>1564<\/strong><br \/>(+19 for winning)
|raw|xShiba's rating: 1525 &rarr; <strong>1507<\/strong><br \/>(-18 for losing)
|leave|angre management
|player|p1
|leave|xShiba
|player|p2