|join|angre management
|join|BANFLINCHHAX
|player|p1|angre management|140
|player|p2|BANFLINCHHAX|169
|gametype|singles
|gen|6
|tier|UU
|rated
|rule|Sleep Clause Mod: Limit one foe put to sleep
|rule|Species Clause: Limit one of each PokÃ©mon
|rule|OHKO Clause: OHKO moves are banned
|rule|Moody Clause: Moody is banned
|rule|Evasion Moves Clause: Evasion moves are banned
|rule|Endless Battle Clause: Forcing endless battles is banned
|rule|HP Percentage Mod: HP is shown in percentages
|clearpoke
|poke|p1|Cacturne, M
|poke|p1|Cloyster, M
|poke|p1|Infernape, F
|poke|p1|Fletchinder, M
|poke|p1|Azelf, shiny
|poke|p1|Blastoise, F
|poke|p2|Swampert, F, shiny
|poke|p2|Alakazam, F, shiny
|poke|p2|Jirachi, shiny
|poke|p2|Machamp, F, shiny
|poke|p2|Crobat, F, shiny
|poke|p2|Shaymin, shiny
|rule|Swagger Clause: Swagger is banned
|rule|Baton Pass Clause: Limit one PokÃ©mon knowing Baton Pass
|teampreview
|
|start
|switch|p1a: Infernape|Infernape, F|293\/293
|switch|p2a: Jirachi|Jirachi, shiny|341\/341
|turn|1
|
|switch|p2a: Swampert|Swampert, F, shiny|403\/403
|move|p1a: Infernape|Flare Blitz|p2a: Swampert
|-resisted|p2a: Swampert
|-damage|p2a: Swampert|331\/403
|-damage|p1a: Infernape|269\/293|[from] recoil|[of] p2a: Swampert
|
|-heal|p2a: Swampert|356\/403|[from] item: Leftovers
|turn|2
|
|switch|p1a: Blastoise|Blastoise, F|362\/362
|move|p2a: Swampert|Stealth Rock|p1a: Blastoise
|-sidestart|p1: angre management|move: Stealth Rock
|
|-heal|p2a: Swampert|381\/403|[from] item: Leftovers
|turn|3
|
|switch|p2a: Shaymin|Shaymin, shiny|341\/341
|detailschange|p1a: Blastoise|Blastoise-Mega, F
|message|Blastoise has Mega Evolved into Mega Blastoise!
|move|p1a: Blastoise|Rapid Spin|p2a: Shaymin
|-damage|p2a: Shaymin|327\/341
|-sideend|p1: angre management|Stealth Rock|[from] move: Rapid Spin|[of] p1a: Blastoise
|
|turn|4
|
|switch|p2a: Crobat|Crobat, F, shiny|331\/331
|switch|p1a: Fletchinder|Fletchinder, M|291\/291
|
|turn|5
|
|move|p2a: Crobat|Brave Bird|p1a: Fletchinder
|-damage|p1a: Fletchinder|27\/291
|-damage|p2a: Crobat|244\/331|[from] recoil|[of] p1a: Fletchinder
|move|p1a: Fletchinder|Will-O-Wisp|p2a: Crobat
|-status|p2a: Crobat|brn
|
|-heal|p2a: Crobat|264\/331 brn|[from] item: Black Sludge
|-damage|p2a: Crobat|223\/331 brn|[from] brn
|turn|6
|
|move|p1a: Fletchinder|Roost|p1a: Fletchinder
|-heal|p1a: Fletchinder|173\/291
|move|p2a: Crobat|Brave Bird|p1a: Fletchinder
|-damage|p1a: Fletchinder|32\/291
|-damage|p2a: Crobat|176\/331 brn|[from] recoil|[of] p1a: Fletchinder
|
|-heal|p2a: Crobat|196\/331 brn|[from] item: Black Sludge
|-damage|p2a: Crobat|155\/331 brn|[from] brn
|turn|7
|
|move|p1a: Fletchinder|Roost|p1a: Fletchinder
|-heal|p1a: Fletchinder|178\/291
|move|p2a: Crobat|Roost|p2a: Crobat
|-heal|p2a: Crobat|321\/331 brn
|
|-heal|p2a: Crobat|331\/331 brn|[from] item: Black Sludge
|-damage|p2a: Crobat|290\/331 brn|[from] brn
|turn|8
|
|switch|p2a: Swampert|Swampert, F, shiny|381\/403
|move|p1a: Fletchinder|Will-O-Wisp|p2a: Swampert
|-status|p2a: Swampert|brn
|
|-heal|p2a: Swampert|403\/403 brn|[from] item: Leftovers
|-damage|p2a: Swampert|353\/403 brn|[from] brn
|turn|9
|
|switch|p1a: Blastoise|Blastoise-Mega, F|362\/362
|move|p2a: Swampert|Scald|p1a: Blastoise
|-resisted|p1a: Blastoise
|-damage|p1a: Blastoise|328\/362
|
|-heal|p2a: Swampert|378\/403 brn|[from] item: Leftovers
|-damage|p2a: Swampert|328\/403 brn|[from] brn
|turn|10
|
|switch|p2a: Shaymin|Shaymin, shiny|327\/341
|move|p1a: Blastoise|Dragon Pulse|p2a: Shaymin
|-damage|p2a: Shaymin|168\/341
|
|turn|11
|
|switch|p1a: Azelf|Azelf, shiny|291\/291
|move|p2a: Shaymin|Psychic|p1a: Azelf
|-crit|p1a: Azelf
|-resisted|p1a: Azelf
|-damage|p1a: Azelf|161\/291
|
|turn|12
|
|switch|p2a: Jirachi|Jirachi, shiny|341\/341
|move|p1a: Azelf|Stealth Rock|p2a: Jirachi
|-sidestart|p2: BANFLINCHHAX|move: Stealth Rock
|
|turn|13
|
|switch|p1a: Infernape|Infernape, F|269\/293
|move|p2a: Jirachi|U-turn|p1a: Infernape
|-resisted|p1a: Infernape
|-damage|p1a: Infernape|246\/293
|
|switch|p2a: Swampert|Swampert, F, shiny|328\/403 brn
|-damage|p2a: Swampert|303\/403 brn|[from] Stealth Rock
|
|-heal|p2a: Swampert|328\/403 brn|[from] item: Leftovers
|-damage|p2a: Swampert|278\/403 brn|[from] brn
|turn|14
|
|move|p1a: Infernape|U-turn|p2a: Swampert
|-crit|p2a: Swampert
|-damage|p2a: Swampert|191\/403 brn
|
|switch|p1a: Cacturne|Cacturne, M|281\/281
|move|p2a: Swampert|Stealth Rock|p1a: Cacturne
|-sidestart|p1: angre management|move: Stealth Rock
|
|-heal|p2a: Swampert|216\/403 brn|[from] item: Leftovers
|-damage|p2a: Swampert|166\/403 brn|[from] brn
|turn|15
|
|switch|p2a: Jirachi|Jirachi, shiny|341\/341
|-damage|p2a: Jirachi|320\/341|[from] Stealth Rock
|move|p1a: Cacturne|Swords Dance|p1a: Cacturne
|-boost|p1a: Cacturne|atk|2
|
|turn|16
|
|move|p1a: Cacturne|Sucker Punch|p2a: Jirachi
|-fail|p2a: Jirachi
|move|p2a: Jirachi|Trick|p1a: Cacturne
|-activate|p2a: Jirachi|move: Trick|[of] p1a: Cacturne
|-item|p1a: Cacturne|Choice Scarf|[from] move: Trick
|-item|p2a: Jirachi|Life Orb|[from] move: Trick
|
|turn|17
|
|switch|p2a: Shaymin|Shaymin, shiny|168\/341
|-damage|p2a: Shaymin|126\/341|[from] Stealth Rock
|move|p1a: Cacturne|Drain Punch|p2a: Shaymin
|-damage|p2a: Shaymin|0 fnt
|faint|p2a: Shaymin
|
|
|switch|p2a: Alakazam|Alakazam, F, shiny|251\/251
|turn|18
|
|detailschange|p2a: Alakazam|Alakazam-Mega, F, shiny
|message|Alakazam has Mega Evolved into Mega Alakazam!
|-ability|p2a: Alakazam|Water Absorb|[from] ability: Trace|[of] p1a: Cacturne
|move|p2a: Alakazam|Protect|p2a: Alakazam
|-singleturn|p2a: Alakazam|Protect
|move|p1a: Cacturne|Drain Punch|p2a: Alakazam
|-activate|p2a: Alakazam|Protect
|
|turn|19
|
|move|p2a: Alakazam|Dazzling Gleam|p1a: Cacturne
|-supereffective|p1a: Cacturne
|-damage|p1a: Cacturne|0 fnt
|faint|p1a: Cacturne
|
|
|switch|p1a: Blastoise|Blastoise-Mega, F|328\/362
|-damage|p1a: Blastoise|283\/362|[from] Stealth Rock
|turn|20
|
|move|p2a: Alakazam|Psychic|p1a: Blastoise
|-damage|p1a: Blastoise|78\/362
|move|p1a: Blastoise|Rapid Spin|p2a: Alakazam
|-damage|p2a: Alakazam|233\/251
|-sideend|p1: angre management|Stealth Rock|[from] move: Rapid Spin|[of] p1a: Blastoise
|
|turn|21
|
|move|p2a: Alakazam|Psychic|p1a: Blastoise
|-damage|p1a: Blastoise|0 fnt
|faint|p1a: Blastoise
|
|
|switch|p1a: Infernape|Infernape, F|246\/293
|turn|22
|
|move|p2a: Alakazam|Protect|p2a: Alakazam
|-singleturn|p2a: Alakazam|Protect
|move|p1a: Infernape|U-turn|p2a: Alakazam
|-activate|p2a: Alakazam|Protect
|
|turn|23
|join|EyanZ
|leave|EyanZ
|
|switch|p2a: Machamp|Machamp, F, shiny|343\/343
|-damage|p2a: Machamp|322\/343|[from] Stealth Rock
|move|p1a: Infernape|U-turn|p2a: Machamp
|-resisted|p2a: Machamp
|-damage|p2a: Machamp|280\/343
|
|switch|p1a: Fletchinder|Fletchinder, M|178\/291
|
|turn|24
|
|switch|p2a: Jirachi|Jirachi, shiny|320\/341
|-damage|p2a: Jirachi|299\/341|[from] Stealth Rock
|move|p1a: Fletchinder|Acrobatics|p2a: Jirachi
|-resisted|p2a: Jirachi
|-damage|p2a: Jirachi|224\/341
|
|turn|25
|
|switch|p1a: Azelf|Azelf, shiny|161\/291
|move|p2a: Jirachi|Healing Wish|p2a: Jirachi
|faint|p2a: Jirachi
|
|
|switch|p2a: Swampert|Swampert, F, shiny|166\/403 brn
|-heal|p2a: Swampert|403\/403|[from] move: Healing Wish
|-damage|p2a: Swampert|378\/403|[from] Stealth Rock
|turn|26
|
|move|p2a: Swampert|Protect|p2a: Swampert
|-singleturn|p2a: Swampert|Protect
|move|p1a: Azelf|Taunt|p2a: Swampert
|-activate|p2a: Swampert|Protect
|
|-heal|p2a: Swampert|403\/403|[from] item: Leftovers
|turn|27
|
|switch|p2a: Alakazam|Alakazam-Mega, F, shiny|233\/251
|-damage|p2a: Alakazam|202\/251|[from] Stealth Rock
|-ability|p2a: Alakazam|Levitate|[from] ability: Trace|[of] p1a: Azelf
|move|p1a: Azelf|Taunt|p2a: Alakazam
|-start|p2a: Alakazam|move: Taunt
|
|turn|28
|
|move|p2a: Alakazam|Shadow Ball|p1a: Azelf
|-supereffective|p1a: Azelf
|-damage|p1a: Azelf|0 fnt
|faint|p1a: Azelf
|
|
|switch|p1a: Infernape|Infernape, F|246\/293
|turn|29
|
|switch|p2a: Machamp|Machamp, F, shiny|280\/343
|-damage|p2a: Machamp|259\/343|[from] Stealth Rock
|move|p1a: Infernape|Flare Blitz|p2a: Machamp
|-crit|p2a: Machamp
|-damage|p2a: Machamp|0 fnt
|-damage|p1a: Infernape|161\/293|[from] recoil|[of] p2a: Machamp
|faint|p2a: Machamp
|
|
|switch|p2a: Swampert|Swampert, F, shiny|403\/403
|-damage|p2a: Swampert|378\/403|[from] Stealth Rock
|turn|30
|
|switch|p1a: Cloyster|Cloyster, M|241\/241
|move|p2a: Swampert|Stealth Rock|p1a: Cloyster
|-sidestart|p1: angre management|move: Stealth Rock
|
|-heal|p2a: Swampert|403\/403|[from] item: Leftovers
|turn|31
|
|move|p1a: Cloyster|Icicle Spear|p2a: Swampert
|-damage|p2a: Swampert|375\/403
|-damage|p2a: Swampert|348\/403
|-damage|p2a: Swampert|320\/403
|-damage|p2a: Swampert|293\/403
|-damage|p2a: Swampert|265\/403
|-hitcount|p2a: Swampert|5
|move|p2a: Swampert|Scald|p1a: Cloyster
|-resisted|p1a: Cloyster
|-damage|p1a: Cloyster|166\/241
|-status|p1a: Cloyster|brn
|
|-heal|p2a: Swampert|290\/403|[from] item: Leftovers
|-damage|p1a: Cloyster|136\/241 brn|[from] brn
|turn|32
|
|move|p1a: Cloyster|Icicle Spear|p2a: Swampert
|-damage|p2a: Swampert|277\/403
|-damage|p2a: Swampert|262\/403
|-damage|p2a: Swampert|247\/403
|-crit|p2a: Swampert
|-damage|p2a: Swampert|228\/403
|-damage|p2a: Swampert|212\/403
|-hitcount|p2a: Swampert|5
|cant|p2a: Swampert|flinch
|
|-heal|p2a: Swampert|237\/403|[from] item: Leftovers
|-damage|p1a: Cloyster|106\/241 brn|[from] brn
|turn|33
|
|move|p2a: Swampert|Protect|p2a: Swampert
|-singleturn|p2a: Swampert|Protect
|move|p1a: Cloyster|Shell Smash|p1a: Cloyster
|-boost|p1a: Cloyster|atk|2
|-boost|p1a: Cloyster|spa|2
|-boost|p1a: Cloyster|spe|2
|-unboost|p1a: Cloyster|def|1
|-unboost|p1a: Cloyster|spd|1
|
|-heal|p2a: Swampert|262\/403|[from] item: Leftovers
|-damage|p1a: Cloyster|76\/241 brn|[from] brn
|turn|34
|
|move|p1a: Cloyster|Icicle Spear|p2a: Swampert
|-damage|p2a: Swampert|234\/403
|-damage|p2a: Swampert|207\/403
|-damage|p2a: Swampert|182\/403
|-damage|p2a: Swampert|155\/403
|-damage|p2a: Swampert|124\/403
|-hitcount|p2a: Swampert|5
|move|p2a: Swampert|Scald|p1a: Cloyster
|-crit|p1a: Cloyster
|-resisted|p1a: Cloyster
|-damage|p1a: Cloyster|0 fnt
|faint|p1a: Cloyster
|
|-heal|p2a: Swampert|149\/403|[from] item: Leftovers
|
|switch|p1a: Fletchinder|Fletchinder, M|178\/291
|-damage|p1a: Fletchinder|33\/291|[from] Stealth Rock
|turn|35
|join|FotWattington
|
|move|p2a: Swampert|Protect|p2a: Swampert
|-singleturn|p2a: Swampert|Protect
|move|p1a: Fletchinder|Acrobatics|p2a: Swampert
|-activate|p2a: Swampert|Protect
|
|-heal|p2a: Swampert|174\/403|[from] item: Leftovers
|turn|36
|
|move|p1a: Fletchinder|Acrobatics|p2a: Swampert
|-damage|p2a: Swampert|54\/403
|move|p2a: Swampert|Scald|p1a: Fletchinder
|-supereffective|p1a: Fletchinder
|-damage|p1a: Fletchinder|0 fnt
|faint|p1a: Fletchinder
|
|-heal|p2a: Swampert|79\/403|[from] item: Leftovers
|
|switch|p1a: Infernape|Infernape, F|161\/293
|-damage|p1a: Infernape|125\/293|[from] Stealth Rock
|turn|37
|
|move|p2a: Swampert|Protect|p2a: Swampert
|-singleturn|p2a: Swampert|Protect
|move|p1a: Infernape|Flare Blitz|p2a: Swampert
|-activate|p2a: Swampert|Protect
|
|-heal|p2a: Swampert|104\/403|[from] item: Leftovers
|turn|38
|join|viaw
|
|switch|p2a: Alakazam|Alakazam-Mega, F, shiny|202\/251
|-damage|p2a: Alakazam|171\/251|[from] Stealth Rock
|-ability|p2a: Alakazam|Blaze|[from] ability: Trace|[of] p1a: Infernape
|move|p1a: Infernape|Flare Blitz|p2a: Alakazam
|-damage|p2a: Alakazam|0 fnt
|-damage|p1a: Infernape|69\/293|[from] recoil|[of] p2a: Alakazam
|faint|p2a: Alakazam
|
|
|switch|p2a: Crobat|Crobat, F, shiny|290\/331 brn
|-damage|p2a: Crobat|208\/331 brn|[from] Stealth Rock
|turn|39
|
|move|p1a: Infernape|Flare Blitz|p2a: Crobat
|-damage|p2a: Crobat|0 fnt
|-damage|p1a: Infernape|0 fnt|[from] recoil|[of] p2a: Crobat
|faint|p2a: Crobat
|faint|p1a: Infernape
|
|win|BANFLINCHHAX
|raw|Ladder updating...
|raw|angre management's rating: 1611 &rarr; <strong>1581<\/strong><br \/>(-30 for losing)
|raw|BANFLINCHHAX's rating: 1426 &rarr; <strong>1456<\/strong><br \/>(+30 for winning)
|leave|angre management
|player|p1