|join|Lixx
|join|angre management
|player|p1|Lixx|159
|player|p2|angre management|82
|gametype|singles
|gen|6
|tier|UU
|rule|Sleep Clause Mod: Limit one foe put to sleep
|rule|Species Clause: Limit one of each PokÃ©mon
|rule|OHKO Clause: OHKO moves are banned
|rule|Moody Clause: Moody is banned
|rule|Evasion Moves Clause: Evasion moves are banned
|rule|Endless Battle Clause: Forcing endless battles is banned
|rule|HP Percentage Mod: HP is shown in percentages
|clearpoke
|poke|p1|Yanmega, F, shiny
|poke|p1|Swampert, M
|poke|p1|Metagross
|poke|p1|Chandelure, M
|poke|p1|Ampharos, M
|poke|p1|Crobat, M
|poke|p2|Florges, F
|poke|p2|Flygon, F
|poke|p2|Suicune
|poke|p2|Lucario, F
|poke|p2|Swampert, F
|poke|p2|Reuniclus, F
|rule|Swagger Clause: Swagger is banned
|rule|Baton Pass Clause: Limit one PokÃ©mon knowing Baton Pass
|teampreview
|c|âLixx|hf man
|join|test alt 9003
|c|âangre management|u2
|
|start
|switch|p1a: Swampert|Swampert, M|404\/404
|switch|p2a: Suicune|Suicune|401\/401
|-ability|p2a: Suicune|Pressure
|turn|1
|
|switch|p2a: Swampert|Swampert, F|401\/401
|move|p1a: Swampert|Stealth Rock|p2a: Swampert
|-sidestart|p2: angre management|move: Stealth Rock
|
|turn|2
|join|so dynamic
|
|switch|p1a: Chandelure|Chandelure, M|261\/261
|move|p2a: Swampert|Stealth Rock|p1a: Chandelure
|-sidestart|p1: Lixx|move: Stealth Rock
|
|turn|3
|
|switch|p2a: Flygon|Flygon, F|301\/301
|-damage|p2a: Flygon|283\/301|[from] Stealth Rock
|move|p1a: Chandelure|Trick|p2a: Flygon
|-activate|p1a: Chandelure|move: Trick|[of] p2a: Flygon
|-item|p2a: Flygon|Choice Specs|[from] move: Trick
|-item|p1a: Chandelure|Choice Scarf|[from] move: Trick
|
|turn|4
|
|switch|p1a: Swampert|Swampert, M|404\/404
|-damage|p1a: Swampert|379\/404|[from] Stealth Rock
|move|p2a: Flygon|U-turn|p1a: Swampert
|-damage|p1a: Swampert|329\/404
|join|ahyueah
|
|switch|p2a: Suicune|Suicune|401\/401
|-damage|p2a: Suicune|351\/401|[from] Stealth Rock
|-ability|p2a: Suicune|Pressure
|
|-heal|p2a: Suicune|376\/401|[from] item: Leftovers
|-heal|p1a: Swampert|354\/404|[from] item: Leftovers
|turn|5
|join|Sharpedo I$ Beast
|
|move|p2a: Suicune|Scald|p1a: Swampert
|-damage|p1a: Swampert|264\/404
|move|p1a: Swampert|Roar|p2a: Suicune
|drag|p2a: Swampert|Swampert, F|401\/401
|-damage|p2a: Swampert|376\/401|[from] Stealth Rock
|
|-heal|p1a: Swampert|289\/404|[from] item: Leftovers
|-heal|p2a: Swampert|401\/401|[from] item: Leftovers
|turn|6
|c| Sharpedo I$ Beast|good luck my friend
|
|switch|p2a: Suicune|Suicune|376\/401
|-damage|p2a: Suicune|326\/401|[from] Stealth Rock
|-ability|p2a: Suicune|Pressure
|move|p1a: Swampert|Scald|p2a: Suicune
|-resisted|p2a: Suicune
|-damage|p2a: Suicune|290\/401
|
|-heal|p2a: Suicune|315\/401|[from] item: Leftovers
|-heal|p1a: Swampert|314\/404|[from] item: Leftovers
|turn|7
|c| ahyueah|some1 reveal hp grass
|join|kratos184
|c| ahyueah|bring back random hp electric pert from dpp yn
|leave|Sharpedo I$ Beast
|
|switch|p1a: Ampharos|Ampharos, M|368\/368
|-damage|p1a: Ampharos|322\/368|[from] Stealth Rock
|move|p2a: Suicune|Scald|p1a: Ampharos
|-damage|p1a: Ampharos|232\/368
|-status|p1a: Ampharos|brn
|
|-heal|p2a: Suicune|340\/401|[from] item: Leftovers
|-damage|p1a: Ampharos|186\/368 brn|[from] brn
|turn|8
|c|âangre management|gyarados doesn't exist here
|c| ahyueah|sadly
|c|âLixx|:[
|
|switch|p2a: Swampert|Swampert, F|401\/401
|-damage|p2a: Swampert|376\/401|[from] Stealth Rock
|detailschange|p1a: Ampharos|Ampharos-Mega, M
|message|Ampharos has Mega Evolved into Mega Ampharos!
|-ability|p1a: Ampharos|Mold Breaker
|move|p1a: Ampharos|Dragon Pulse|p2a: Swampert
|-damage|p2a: Swampert|141\/401
|
|-heal|p2a: Swampert|166\/401|[from] item: Leftovers
|-damage|p1a: Ampharos|140\/368 brn|[from] brn
|turn|9
|join|Hotarubi
|
|switch|p2a: Flygon|Flygon, F|283\/301
|-damage|p2a: Flygon|265\/301|[from] Stealth Rock
|move|p1a: Ampharos|Dragon Pulse|p2a: Flygon
|-supereffective|p2a: Flygon
|-damage|p2a: Flygon|0 fnt
|faint|p2a: Flygon
|
|-damage|p1a: Ampharos|94\/368 brn|[from] brn
|c| kratos184|omg why
|
|switch|p2a: Florges|Florges, F|360\/360
|-damage|p2a: Florges|315\/360|[from] Stealth Rock
|turn|10
|c| ahyueah|dont overpredict angre 
|join|Shit User
|
|move|p2a: Florges|Moonblast|p1a: Ampharos
|-supereffective|p1a: Ampharos
|-damage|p1a: Ampharos|0 fnt
|faint|p1a: Ampharos
|
|-heal|p2a: Florges|337\/360|[from] item: Leftovers
|c| kratos184|wow
|c| kratos184|way to lose a game
|
|switch|p1a: Metagross|Metagross|364\/364
|-damage|p1a: Metagross|342\/364|[from] Stealth Rock
|turn|11
|c| ahyueah|way to not understand the current situation of the game lel
|join|SDFSDfc
|
|move|p2a: Florges|Protect|p2a: Florges
|-singleturn|p2a: Florges|Protect
|move|p1a: Metagross|Earthquake|p2a: Florges
|-activate|p2a: Florges|Protect
|
|-heal|p2a: Florges|359\/360|[from] item: Leftovers
|turn|12
|c| kratos184|top kek
|
|switch|p2a: Swampert|Swampert, F|166\/401
|-damage|p2a: Swampert|141\/401|[from] Stealth Rock
|move|p1a: Metagross|Earthquake|p2a: Swampert
|-damage|p2a: Swampert|0 fnt
|faint|p2a: Swampert
|
|
|switch|p2a: Suicune|Suicune|340\/401
|-damage|p2a: Suicune|290\/401|[from] Stealth Rock
|-ability|p2a: Suicune|Pressure
|turn|13
|c| Hotarubi|flygon would put a lot of work on lixx team once swampert was gone
|
|move|p2a: Suicune|Scald|p1a: Metagross
|-damage|p1a: Metagross|245\/364
|-status|p1a: Metagross|brn
|move|p1a: Metagross|Earthquake|p2a: Suicune
|-damage|p2a: Suicune|200\/401
|
|-heal|p2a: Suicune|225\/401|[from] item: Leftovers
|-damage|p1a: Metagross|200\/364 brn|[from] brn
|turn|14
|c| kratos184|i think I'm pretty accurate when I say am is losing
|c|âLixx|opuff
|join|Volbeatdown
|
|move|p2a: Suicune|Scald|p1a: Metagross
|-damage|p1a: Metagross|104\/364 brn
|move|p1a: Metagross|Earthquake|p2a: Suicune
|-damage|p2a: Suicune|138\/401
|
|-heal|p2a: Suicune|163\/401|[from] item: Leftovers
|-damage|p1a: Metagross|59\/364 brn|[from] brn
|turn|15
|
|move|p2a: Suicune|Scald|p1a: Metagross
|-damage|p1a: Metagross|0 fnt
|faint|p1a: Metagross
|
|-heal|p2a: Suicune|188\/401|[from] item: Leftovers
|c| kratos184|wait how is lixx gonna take out that florges now
|c| test alt 9003|this game is getting interesting
|
|switch|p1a: Chandelure|Chandelure, M|261\/261
|-damage|p1a: Chandelure|196\/261|[from] Stealth Rock
|turn|16
|
|move|p1a: Chandelure|Trick|p2a: Suicune
|-activate|p1a: Chandelure|move: Trick|[of] p2a: Suicune
|-item|p2a: Suicune|Choice Scarf|[from] move: Trick
|-item|p1a: Chandelure|Leftovers|[from] move: Trick
|move|p2a: Suicune|Scald|p1a: Chandelure
|-crit|p1a: Chandelure
|-supereffective|p1a: Chandelure
|-damage|p1a: Chandelure|0 fnt
|faint|p1a: Chandelure
|
|c| test alt 9003|ouch
|
|switch|p1a: Yanmega|Yanmega, F, shiny|314\/314
|-damage|p1a: Yanmega|157\/314|[from] Stealth Rock
|turn|17
|join|N.sax
|join|blisscock
|c|âLixx|oh nice hp evs yanmega
|
|move|p2a: Suicune|Scald|p1a: Yanmega
|-damage|p1a: Yanmega|10\/314
|move|p1a: Yanmega|Bug Buzz|p2a: Suicune
|-damage|p2a: Suicune|52\/401
|
|-boost|p1a: Yanmega|spe|1|[from] ability: Speed Boost
|turn|18
|
|move|p1a: Yanmega|Bug Buzz|p2a: Suicune
|-damage|p2a: Suicune|0 fnt
|faint|p2a: Suicune
|
|-boost|p1a: Yanmega|spe|1|[from] ability: Speed Boost
|join|Mighty Dagon
|
|switch|p2a: Lucario|Lucario, F|289\/289
|-damage|p2a: Lucario|280\/289|[from] Stealth Rock
|turn|19
|
|move|p2a: Lucario|Vacuum Wave|p1a: Yanmega
|-resisted|p1a: Yanmega
|-damage|p1a: Yanmega|0 fnt
|-damage|p2a: Lucario|252\/289|[from] item: Life Orb
|faint|p1a: Yanmega
|
|
|switch|p1a: Swampert|Swampert, M|314\/404
|-damage|p1a: Swampert|289\/404|[from] Stealth Rock
|turn|20
|leave|kratos184
|
|move|p2a: Lucario|Aura Sphere|p1a: Swampert
|-damage|p1a: Swampert|71\/404
|-damage|p2a: Lucario|224\/289|[from] item: Life Orb
|move|p1a: Swampert|Earthquake|p2a: Lucario
|-supereffective|p2a: Lucario
|-damage|p2a: Lucario|0 fnt
|faint|p2a: Lucario
|
|-heal|p1a: Swampert|96\/404|[from] item: Leftovers
|join|losedude
|
|switch|p2a: Florges|Florges, F|359\/360
|-damage|p2a: Florges|314\/360|[from] Stealth Rock
|turn|21
|
|move|p2a: Florges|Moonblast|p1a: Swampert
|-damage|p1a: Swampert|0 fnt
|faint|p1a: Swampert
|
|-heal|p2a: Florges|336\/360|[from] item: Leftovers
|c|âLixx|welp fun game man
|
|switch|p1a: Crobat|Crobat, M|325\/325
|-damage|p1a: Crobat|244\/325|[from] Stealth Rock
|turn|22
|c|âangre management|yeah
|
|move|p1a: Crobat|Acrobatics|p2a: Florges
|-damage|p2a: Florges|176\/360
|move|p2a: Florges|Wish|p2a: Florges
|
|-heal|p2a: Florges|198\/360|[from] item: Leftovers
|turn|23
|
|move|p1a: Crobat|Roost|p1a: Crobat
|-heal|p1a: Crobat|325\/325
|move|p2a: Florges|Moonblast|p1a: Crobat
|-resisted|p1a: Crobat
|-damage|p1a: Crobat|245\/325
|
|-heal|p2a: Florges|360\/360|[from] move: Wish|[wisher] Florges
|turn|24
|leave|blisscock
|
|move|p1a: Crobat|Acrobatics|p2a: Florges
|-crit|p2a: Florges
|-damage|p2a: Florges|122\/360
|move|p2a: Florges|Moonblast|p1a: Crobat
|-resisted|p1a: Crobat
|-damage|p1a: Crobat|169\/325
|
|-heal|p2a: Florges|144\/360|[from] item: Leftovers
|turn|25
|
|move|p2a: Florges|Protect|p2a: Florges
|-singleturn|p2a: Florges|Protect
|move|p1a: Crobat|Acrobatics|p2a: Florges
|-activate|p2a: Florges|Protect
|
|-heal|p2a: Florges|166\/360|[from] item: Leftovers
|turn|26
|join|Kushalos
|
|move|p1a: Crobat|Acrobatics|p2a: Florges
|-damage|p2a: Florges|3\/360
|move|p2a: Florges|Wish|p2a: Florges
|
|-heal|p2a: Florges|25\/360|[from] item: Leftovers
|turn|27
|
|move|p1a: Crobat|Roost|p1a: Crobat
|-heal|p1a: Crobat|325\/325
|move|p2a: Florges|Moonblast|p1a: Crobat
|-resisted|p1a: Crobat
|-damage|p1a: Crobat|245\/325
|
|-heal|p2a: Florges|205\/360|[from] move: Wish|[wisher] Florges
|-heal|p2a: Florges|227\/360|[from] item: Leftovers
|turn|28
|leave|Kushalos
|c|âangre management|guees i cant get the dying wish
|
|move|p1a: Crobat|Acrobatics|p2a: Florges
|-damage|p2a: Florges|76\/360
|move|p2a: Florges|Moonblast|p1a: Crobat
|-resisted|p1a: Crobat
|-damage|p1a: Crobat|171\/325
|
|-heal|p2a: Florges|98\/360|[from] item: Leftovers
|turn|29
|
|move|p1a: Crobat|Acrobatics|p2a: Florges
|-damage|p2a: Florges|0 fnt
|faint|p2a: Florges
|
|
|switch|p2a: Reuniclus|Reuniclus, F|422\/422
|turn|30
|c|âLixx|:p
|
|move|p1a: Crobat|Acrobatics|p2a: Reuniclus
|-damage|p2a: Reuniclus|286\/422
|move|p2a: Reuniclus|Psychic|p1a: Crobat
|-supereffective|p1a: Crobat
|-damage|p1a: Crobat|0 fnt
|faint|p1a: Crobat
|
|win|angre management
|c| Mighty Dagon|gg
|c| Shit User|dw live psyshock
|c|âLixx|gg
|c|âangre management|gg
|leave|ahyueah
|leave|angre management
|player|p2
|leave|Lixx
|player|p1
|leave|Shit User
|leave|Mighty Dagon
|leave|Hotarubi
|leave|N.sax
|leave|so dynamic
|leave|losedude
|leave|Volbeatdown
|leave|test alt 9003