|join|angre management
|join|Sweep
|player|p1|angre management|140
|player|p2|Sweep|213
|gametype|singles
|gen|6
|tier|UU
|rated
|rule|Sleep Clause Mod: Limit one foe put to sleep
|rule|Species Clause: Limit one of each PokÃ©mon
|rule|OHKO Clause: OHKO moves are banned
|rule|Moody Clause: Moody is banned
|rule|Evasion Moves Clause: Evasion moves are banned
|rule|Endless Battle Clause: Forcing endless battles is banned
|rule|HP Percentage Mod: HP is shown in percentages
|clearpoke
|poke|p1|Cacturne, F
|poke|p1|Cloyster, M
|poke|p1|Infernape, M
|poke|p1|Fletchinder, M
|poke|p1|Azelf, shiny
|poke|p1|Blastoise, M
|poke|p2|Yanmega, M
|poke|p2|Krookodile, M
|poke|p2|Blastoise, M
|poke|p2|Azelf
|poke|p2|Metagross
|poke|p2|Entei, shiny
|rule|Swagger Clause: Swagger is banned
|rule|Baton Pass Clause: Limit one PokÃ©mon knowing Baton Pass
|teampreview
|join|Dudeman130498
|
|start
|switch|p1a: Azelf|Azelf, shiny|291\/291
|switch|p2a: Azelf|Azelf|291\/291
|turn|1
|
|move|p1a: Azelf|Knock Off|p2a: Azelf
|-supereffective|p2a: Azelf
|-enditem|p2a: Azelf|Focus Sash
|-damage|p2a: Azelf|1\/291
|move|p2a: Azelf|Taunt|p1a: Azelf
|-start|p1a: Azelf|move: Taunt
|
|turn|2
|
|move|p1a: Azelf|Knock Off|p2a: Azelf
|-supereffective|p2a: Azelf
|-damage|p2a: Azelf|0 fnt
|faint|p2a: Azelf
|
|
|switch|p2a: Blastoise|Blastoise, M|331\/331
|turn|3
|
|switch|p1a: Blastoise|Blastoise, M|362\/362
|detailschange|p2a: Blastoise|Blastoise-Mega, M
|message|Blastoise has Mega Evolved into Mega Blastoise!
|move|p2a: Blastoise|Dragon Pulse|p1a: Blastoise
|-damage|p1a: Blastoise|209\/362
|
|turn|4
|
|detailschange|p1a: Blastoise|Blastoise-Mega, M
|message|Blastoise has Mega Evolved into Mega Blastoise!
|move|p2a: Blastoise|Dragon Pulse|p1a: Blastoise
|-damage|p1a: Blastoise|60\/362
|move|p1a: Blastoise|Dragon Pulse|p2a: Blastoise
|-crit|p2a: Blastoise
|-damage|p2a: Blastoise|108\/331
|
|turn|5
|
|move|p2a: Blastoise|Dragon Pulse|p1a: Blastoise
|-damage|p1a: Blastoise|0 fnt
|faint|p1a: Blastoise
|
|
|switch|p1a: Infernape|Infernape, M|293\/293
|turn|6
|
|move|p1a: Infernape|Close Combat|p2a: Blastoise
|-damage|p2a: Blastoise|0 fnt
|-unboost|p1a: Infernape|def|1
|-unboost|p1a: Infernape|spd|1
|faint|p2a: Blastoise
|
|
|switch|p2a: Yanmega|Yanmega, M|313\/313
|turn|7
|
|switch|p1a: Fletchinder|Fletchinder, M|291\/291
|move|p2a: Yanmega|Air Slash|p1a: Fletchinder
|-damage|p1a: Fletchinder|2\/291
|-damage|p2a: Yanmega|282\/313|[from] item: Life Orb
|
|-boost|p2a: Yanmega|spe|1|[from] ability: Speed Boost
|turn|8
|c|âSweep|ugh
|
|switch|p2a: Entei|Entei, shiny|371\/371
|-ability|p2a: Entei|Pressure
|move|p1a: Fletchinder|Acrobatics|p2a: Entei
|-damage|p2a: Entei|193\/371
|
|turn|9
|join|xMarth
|join|schlamaladingdong
|join|BenzMafia
|
|switch|p1a: Cacturne|Cacturne, F|281\/281
|move|p2a: Entei|Sacred Fire|p1a: Cacturne
|-supereffective|p1a: Cacturne
|-damage|p1a: Cacturne|0 fnt
|faint|p1a: Cacturne
|
|
|switch|p1a: Infernape|Infernape, M|293\/293
|turn|10
|
|move|p2a: Entei|Extreme Speed|p1a: Infernape
|-damage|p1a: Infernape|158\/293
|move|p1a: Infernape|Flare Blitz|p2a: Entei
|-resisted|p2a: Entei
|-damage|p2a: Entei|94\/371
|-damage|p1a: Infernape|125\/293|[from] recoil|[of] p2a: Entei
|
|turn|11
|
|move|p2a: Entei|Extreme Speed|p1a: Infernape
|-damage|p1a: Infernape|5\/293
|move|p1a: Infernape|Flare Blitz|p2a: Entei
|-resisted|p2a: Entei
|-damage|p2a: Entei|0 fnt
|-damage|p1a: Infernape|0 fnt|[from] recoil|[of] p2a: Entei
|faint|p2a: Entei
|faint|p1a: Infernape
|
|
|switch|p1a: Azelf|Azelf, shiny|291\/291
|switch|p2a: Krookodile|Krookodile, M|331\/331
|-ability|p2a: Krookodile|Intimidate|[of] p1a: Azelf
|-unboost|p1a: Azelf|atk|1
|turn|12
|
|move|p1a: Azelf|Stealth Rock|p2a: Krookodile
|-sidestart|p2: Sweep|move: Stealth Rock
|move|p2a: Krookodile|Knock Off|p1a: Azelf
|-supereffective|p1a: Azelf
|-enditem|p1a: Azelf|Focus Sash
|-damage|p1a: Azelf|1\/291
|
|turn|13
|
|move|p1a: Azelf|Explosion|p2a: Krookodile
|-damage|p2a: Krookodile|92\/331
|faint|p1a: Azelf
|move|p2a: Krookodile|Knock Off|p1: Azelf|[notarget]
|-notarget
|
|
|switch|p1a: Fletchinder|Fletchinder, M|2\/291
|turn|14
|
|switch|p2a: Metagross|Metagross|301\/301
|-damage|p2a: Metagross|283\/301|[from] Stealth Rock
|move|p1a: Fletchinder|Acrobatics|p2a: Metagross
|-resisted|p2a: Metagross
|-damage|p2a: Metagross|220\/301
|
|turn|15
|
|move|p1a: Fletchinder|Roost|p1a: Fletchinder
|-heal|p1a: Fletchinder|148\/291
|move|p2a: Metagross|Explosion|p1a: Fletchinder
|-damage|p1a: Fletchinder|0 fnt
|faint|p2a: Metagross
|faint|p1a: Fletchinder
|
|
|switch|p2a: Yanmega|Yanmega, M|282\/313
|-damage|p2a: Yanmega|126\/313|[from] Stealth Rock
|switch|p1a: Cloyster|Cloyster, M|241\/241
|turn|16
|
|move|p1a: Cloyster|Ice Shard|p2a: Yanmega
|-supereffective|p2a: Yanmega
|-damage|p2a: Yanmega|0 fnt
|faint|p2a: Yanmega
|
|join|Eyan
|c|âSweep|ice shard...only on the ladder
|c|âSweep|ice shard...only on the ladder
|-message|Sweep forfeited.
|leave|Sweep
|
|win|angre management
|raw|Ladder updating...
|player|p2
|c|âangre management|lol
|raw|angre management's rating: 1656 &rarr; <strong>1674<\/strong><br \/>(+18 for winning)
|raw|Sweep's rating: 1629 &rarr; <strong>1610<\/strong><br \/>(-19 for losing)