|join|kratos184
|join|angre management
|player|p1|kratos184|169
|player|p2|angre management|82
|gametype|singles
|gen|6
|tier|UU
|rule|Sleep Clause Mod: Limit one foe put to sleep
|rule|Species Clause: Limit one of each PokÃ©mon
|rule|OHKO Clause: OHKO moves are banned
|rule|Moody Clause: Moody is banned
|rule|Evasion Moves Clause: Evasion moves are banned
|rule|Endless Battle Clause: Forcing endless battles is banned
|rule|HP Percentage Mod: HP is shown in percentages
|clearpoke
|poke|p1|Zoroark, M
|poke|p1|Aerodactyl, M, shiny
|poke|p1|Porygon-Z
|poke|p1|Tentacruel, F
|poke|p1|Hippowdon, F, shiny
|poke|p1|Infernape, F
|poke|p2|Florges, F
|poke|p2|Flygon, F
|poke|p2|Suicune
|poke|p2|Lucario, F
|poke|p2|Swampert, M
|poke|p2|Reuniclus, M
|rule|Swagger Clause: Swagger is banned
|rule|Baton Pass Clause: Limit one PokÃ©mon knowing Baton Pass
|teampreview
|c|âkratos184|it's on nigguh
|c|âkratos184|ranking angre management
|c|âkratos184|wwow ur high
|c|âkratos184|fugg
|join|so dynamic
|join|test alt 9003
|
|start
|switch|p1a: Porygon-Z|Porygon-Z|261\/261
|switch|p2a: Florges|Florges, F|360\/360
|turn|1
|
|move|p1a: Porygon-Z|U-turn|p2a: Florges
|-resisted|p2a: Florges
|-damage|p2a: Florges|333\/360
|
|switch|p1a: Aerodactyl|Aerodactyl, M, shiny|301\/301
|move|p2a: Florges|Moonblast|p1a: Aerodactyl
|-crit|p1a: Aerodactyl
|-damage|p1a: Aerodactyl|79\/301
|
|-heal|p2a: Florges|355\/360|[from] item: Leftovers
|turn|2
|
|switch|p2a: Swampert|Swampert, M|401\/401
|detailschange|p1a: Aerodactyl|Aerodactyl-Mega, M, shiny
|message|Aerodactyl has Mega Evolved into Mega Aerodactyl!
|move|p1a: Aerodactyl|Stone Edge|p2a: Swampert
|-resisted|p2a: Swampert
|-damage|p2a: Swampert|326\/401
|
|-heal|p2a: Swampert|351\/401|[from] item: Leftovers
|turn|3
|
|move|p1a: Aerodactyl|Aerial Ace|p2a: Swampert
|-crit|p2a: Swampert
|-damage|p2a: Swampert|146\/401
|move|p2a: Swampert|Stealth Rock|p1a: Aerodactyl
|-sidestart|p1: kratos184|move: Stealth Rock
|
|-heal|p2a: Swampert|171\/401|[from] item: Leftovers
|turn|4
|
|move|p1a: Aerodactyl|Aerial Ace|p2a: Swampert
|-damage|p2a: Swampert|38\/401
|move|p2a: Swampert|Scald|p1a: Aerodactyl
|-supereffective|p1a: Aerodactyl
|-damage|p1a: Aerodactyl|0 fnt
|faint|p1a: Aerodactyl
|
|-heal|p2a: Swampert|63\/401|[from] item: Leftovers
|
|switch|p1a: Tentacruel|Tentacruel, F|364\/364
|-damage|p1a: Tentacruel|319\/364|[from] Stealth Rock
|turn|5
|
|move|p1a: Tentacruel|Infestation|p2a: Swampert
|-crit|p2a: Swampert
|-damage|p2a: Swampert|39\/401
|-activate|p2a: Swampert|move: Infestation|[of] p1a: Tentacruel
|move|p2a: Swampert|Earthquake|p1a: Tentacruel
|-supereffective|p1a: Tentacruel
|-damage|p1a: Tentacruel|0 fnt
|faint|p1a: Tentacruel
|
|-heal|p2a: Swampert|64\/401|[from] item: Leftovers
|-end|p2a: Swampert|Infestation|[partiallytrapped]
|
|switch|p1a: Porygon-Z|Porygon-Z|261\/261
|-damage|p1a: Porygon-Z|229\/261|[from] Stealth Rock
|turn|6
|
|move|p1a: Porygon-Z|Grass Knot|p2a: Swampert
|-supereffective|p2a: Swampert
|-damage|p2a: Swampert|0 fnt
|faint|p2a: Swampert
|
|
|switch|p2a: Flygon|Flygon, F|301\/301
|turn|7
|
|move|p1a: Porygon-Z|Grass Knot|p2a: Flygon
|-damage|p2a: Flygon|190\/301
|move|p2a: Flygon|U-turn|p1a: Porygon-Z
|-supereffective|p1a: Porygon-Z
|replace|p1a: Zoro|Zoroark, M|229\/261
|-damage|p1a: Zoro|37\/261
|
|switch|p2a: Florges|Florges, F|355\/360
|
|-heal|p2a: Florges|360\/360|[from] item: Leftovers
|turn|8
|
|move|p1a: Zoro|Grass Knot|p2a: Florges
|-damage|p2a: Florges|334\/360
|move|p2a: Florges|Moonblast|p1a: Zoro
|-supereffective|p1a: Zoro
|-damage|p1a: Zoro|0 fnt
|faint|p1a: Zoro
|
|-heal|p2a: Florges|356\/360|[from] item: Leftovers
|
|switch|p1a: Infernape|Infernape, F|293\/293
|-damage|p1a: Infernape|257\/293|[from] Stealth Rock
|turn|9
|
|move|p1a: Infernape|Fire Blast|p2a: Florges|[miss]
|-miss|p1a: Infernape|p2a: Florges
|move|p2a: Florges|Moonblast|p1a: Infernape
|-damage|p1a: Infernape|71\/293
|-unboost|p1a: Infernape|spa|1
|
|-heal|p2a: Florges|360\/360|[from] item: Leftovers
|turn|10
|
|move|p1a: Infernape|Fire Blast|p2a: Florges
|-crit|p2a: Florges
|-damage|p2a: Florges|99\/360
|-status|p2a: Florges|brn
|-damage|p1a: Infernape|42\/293|[from] item: Life Orb
|move|p2a: Florges|Wish|p2a: Florges
|
|-heal|p2a: Florges|121\/360 brn|[from] item: Leftovers
|-damage|p2a: Florges|76\/360 brn|[from] brn
|turn|11
|
|move|p2a: Florges|Protect|p2a: Florges
|-singleturn|p2a: Florges|Protect
|move|p1a: Infernape|Mach Punch|p2a: Florges
|-activate|p2a: Florges|Protect
|
|-heal|p2a: Florges|256\/360 brn|[from] move: Wish|[wisher] Florges
|-heal|p2a: Florges|278\/360 brn|[from] item: Leftovers
|-damage|p2a: Florges|233\/360 brn|[from] brn
|turn|12
|
|move|p1a: Infernape|Fire Blast|p2a: Florges
|-damage|p2a: Florges|120\/360 brn
|-damage|p1a: Infernape|13\/293|[from] item: Life Orb
|move|p2a: Florges|Aromatherapy|p2a: Florges
|-cureteam|p2a: Florges|[from] move: Aromatherapy
|
|-heal|p2a: Florges|142\/360|[from] item: Leftovers
|turn|13
|
|move|p2a: Florges|Protect|p2a: Florges
|-singleturn|p2a: Florges|Protect
|move|p1a: Infernape|Hidden Power|p2a: Florges
|-activate|p2a: Florges|Protect
|
|-heal|p2a: Florges|164\/360|[from] item: Leftovers
|turn|14
|
|move|p1a: Infernape|Close Combat|p2a: Florges
|-crit|p2a: Florges
|-resisted|p2a: Florges
|-damage|p2a: Florges|0 fnt
|-unboost|p1a: Infernape|def|1
|-unboost|p1a: Infernape|spd|1
|-damage|p1a: Infernape|0 fnt|[from] item: Life Orb
|faint|p2a: Florges
|faint|p1a: Infernape
|
|c|âkratos184|IT'S A CRIT
|
|switch|p1a: Porygon-Z|Porygon-Z|311\/311
|-damage|p1a: Porygon-Z|273\/311|[from] Stealth Rock
|switch|p2a: Reuniclus|Reuniclus, M|422\/422
|turn|15
|
|move|p1a: Porygon-Z|Tri Attack|p2a: Reuniclus
|-damage|p2a: Reuniclus|74\/422
|move|p2a: Reuniclus|Psychic|p1a: Porygon-Z
|-damage|p1a: Porygon-Z|65\/311
|
|turn|16
|
|move|p1a: Porygon-Z|Tri Attack|p2a: Reuniclus
|-damage|p2a: Reuniclus|0 fnt
|faint|p2a: Reuniclus
|
|
|switch|p2a: Flygon|Flygon, F|190\/301
|turn|17
|c|âkratos184|any advice?
|
|switch|p1a: Hippowdon|Hippowdon, F, shiny|420\/420
|-damage|p1a: Hippowdon|394\/420|[from] Stealth Rock
|-weather|Sandstorm
|move|p2a: Flygon|U-turn|p1a: Hippowdon
|-damage|p1a: Hippowdon|347\/420
|c|âangre management|no
|
|switch|p2a: Suicune|Suicune|401\/401
|-ability|p2a: Suicune|Pressure
|
|-weather|Sandstorm|[upkeep]
|-damage|p2a: Suicune|376\/401|[from] sandstorm
|-heal|p2a: Suicune|401\/401|[from] item: Leftovers
|-heal|p1a: Hippowdon|373\/420|[from] item: Leftovers
|turn|18
|c|âkratos184|FUCK U THEN
|
|move|p2a: Suicune|Scald|p1a: Hippowdon
|-supereffective|p1a: Hippowdon
|-damage|p1a: Hippowdon|145\/420
|move|p1a: Hippowdon|Earthquake|p2a: Suicune
|-damage|p2a: Suicune|287\/401
|
|-weather|Sandstorm|[upkeep]
|-damage|p2a: Suicune|262\/401|[from] sandstorm
|-heal|p2a: Suicune|287\/401|[from] item: Leftovers
|-heal|p1a: Hippowdon|171\/420|[from] item: Leftovers
|turn|19
|
|move|p2a: Suicune|Scald|p1a: Hippowdon
|-supereffective|p1a: Hippowdon
|-damage|p1a: Hippowdon|0 fnt
|faint|p1a: Hippowdon
|
|-weather|Sandstorm|[upkeep]
|-damage|p2a: Suicune|262\/401|[from] sandstorm
|-heal|p2a: Suicune|287\/401|[from] item: Leftovers
|
|switch|p1a: Porygon-Z|Porygon-Z|65\/311
|-damage|p1a: Porygon-Z|27\/311|[from] Stealth Rock
|turn|20
|join|blisscock
|
|move|p2a: Suicune|Scald|p1a: Porygon-Z
|-damage|p1a: Porygon-Z|0 fnt
|faint|p1a: Porygon-Z
|
|win|angre management
|c|âkratos184|:"(
|leave|angre management
|player|p2
|leave|blisscock
|c|âkratos184|i cri erytem
|leave|kratos184
|player|p1