|join|jellohotdogwtf
|join|angre management
|player|p1|jellohotdogwtf|204
|player|p2|angre management|82
|gametype|singles
|gen|6
|tier|UU
|rated
|rule|Sleep Clause Mod: Limit one foe put to sleep
|rule|Species Clause: Limit one of each Pokemon
|rule|OHKO Clause: OHKO moves are banned
|rule|Moody Clause: Moody is banned
|rule|Evasion Moves Clause: Evasion moves are banned
|rule|Endless Battle Clause: Forcing endless battles is banned.
|rule|HP Percentage Mod: HP is reported as percentages
|clearpoke
|poke|p1|Azelf
|poke|p1|Donphan, F
|poke|p1|Arcanine, M
|poke|p1|Shaymin
|poke|p1|Blastoise, M
|poke|p1|Braviary, M, shiny
|poke|p2|Toxicroak, M
|poke|p2|Flygon, F
|poke|p2|Entei, shiny
|poke|p2|Swampert, F
|poke|p2|Florges, F
|poke|p2|Porygon-Z
|teampreview
|
|start
|switch|p1a: Azelf|Azelf|291\/291
|switch|p2a: Entei|Entei, shiny|371\/371
|-ability|p2a: Entei|Pressure
|turn|1
|
|move|p1a: Azelf|Stealth Rock|p2a: Entei
|-sidestart|p2: angre management|move: Stealth Rock
|move|p2a: Entei|Sacred Fire|p1a: Azelf
|-enditem|p1a: Azelf|Focus Sash
|-damage|p1a: Azelf|1\/291
|
|turn|2
|
|move|p1a: Azelf|Psyshock|p2a: Entei
|-damage|p2a: Entei|199\/371
|move|p2a: Entei|Sacred Fire|p1a: Azelf
|-damage|p1a: Azelf|0 fnt
|faint|p1a: Azelf
|
|chat|jellohotdogwtf|gl hf
|
|switch|p1a: Donphan|Donphan, F|384\/384
|turn|3
|
|switch|p1a: Arcanine|Arcanine, M|384\/384
|-ability|p1a: Arcanine|Intimidate|[of] p2a: Entei
|-unboost|p2a: Entei|atk|1
|move|p2a: Entei|Sacred Fire|p1a: Arcanine
|-resisted|p1a: Arcanine
|-damage|p1a: Arcanine|311\/384
|
|-heal|p1a: Arcanine|335\/384|[from] item: Leftovers
|turn|4
|
|switch|p2a: Swampert|Swampert, F|401\/401
|-damage|p2a: Swampert|376\/401|[from] Stealth Rock
|move|p1a: Arcanine|Extreme Speed|p2a: Swampert
|-damage|p2a: Swampert|324\/401
|
|-heal|p1a: Arcanine|359\/384|[from] item: Leftovers
|-heal|p2a: Swampert|349\/401|[from] item: Leftovers
|turn|5
|
|switch|p2a: Flygon|Flygon, F|301\/301
|-damage|p2a: Flygon|283\/301|[from] Stealth Rock
|move|p1a: Arcanine|Will-O-Wisp|p2a: Flygon
|-status|p2a: Flygon|brn
|
|-heal|p1a: Arcanine|383\/384|[from] item: Leftovers
|-damage|p2a: Flygon|246\/301 brn|[from] brn
|turn|6
|
|switch|p1a: Braviary|Braviary, M, shiny|341\/341
|move|p2a: Flygon|Defog|p1a: Braviary
|-unboost|p1a: Braviary|evasion|1
|-boost|p1a: Braviary|atk|2|[from] ability: Defiant
|-sideend|p2: angre management|Stealth Rock|[from] move: Defog|[of] p2a: Flygon
|
|-damage|p2a: Flygon|209\/301 brn|[from] brn
|turn|7
|
|switch|p2a: Swampert|Swampert, F|349\/401
|move|p1a: Braviary|Frustration|p2a: Swampert
|-damage|p2a: Swampert|57\/401
|
|-heal|p2a: Swampert|82\/401|[from] item: Leftovers
|turn|8
|
|move|p1a: Braviary|Frustration|p2a: Swampert
|-damage|p2a: Swampert|0 fnt
|faint|p2a: Swampert
|
|
|switch|p2a: Entei|Entei, shiny|199\/371
|-ability|p2a: Entei|Pressure
|turn|9
|
|move|p1a: Braviary|Frustration|p2a: Entei
|-damage|p2a: Entei|0 fnt
|faint|p2a: Entei
|
|
|switch|p2a: Florges|Florges, F|360\/360
|turn|10
|
|move|p1a: Braviary|Frustration|p2a: Florges
|-crit|p2a: Florges
|-damage|p2a: Florges|0 fnt
|faint|p2a: Florges
|
|
|switch|p2a: bad set imo|Porygon-Z|353\/353
|turn|11
|
|move|p1a: Braviary|Frustration|p2a: bad set imo
|-damage|p2a: bad set imo|0 fnt
|faint|p2a: bad set imo
|
|-message|angre management forfeited.
|
|win|jellohotdogwtf
|raw|Ladder updating...
|leave|angre management
|player|p2
|raw|jellohotdogwtf's rating: 1314 &rarr; <strong>1340<\/strong><br \/>(+26 for winning)
|raw|angre management's rating: 1415 &rarr; <strong>1389<\/strong><br \/>(-26 for losing)