|join|relous
|join|angre management
|player|p1|relous|167
|player|p2|angre management|82
|gametype|singles
|gen|6
|tier|UU
|rated
|rule|Sleep Clause Mod: Limit one foe put to sleep
|rule|Species Clause: Limit one of each Pokemon
|rule|OHKO Clause: OHKO moves are banned
|rule|Moody Clause: Moody is banned
|rule|Evasion Moves Clause: Evasion moves are banned
|rule|Endless Battle Clause: Forcing endless battles is banned.
|rule|HP Percentage Mod: HP is reported as percentages
|clearpoke
|poke|p1|Celebi
|poke|p1|Mienshao, M, shiny
|poke|p1|Chandelure, F, shiny
|poke|p1|Nidoking, M, shiny
|poke|p1|Aggron, F, shiny
|poke|p1|Starmie
|poke|p2|Toxicroak, M
|poke|p2|Flygon, F
|poke|p2|Entei, shiny
|poke|p2|Swampert, F
|poke|p2|Florges, F
|poke|p2|Porygon-Z
|teampreview
|
|start
|switch|p1a: Mienshao|Mienshao, M, shiny|271\/271
|switch|p2a: Flygon|Flygon, F|301\/301
|turn|1
|
|switch|p2a: Florges|Florges, F|360\/360
|move|p1a: Mienshao|Fake Out|p2a: Florges
|-damage|p2a: Florges|319\/360
|
|-heal|p2a: Florges|341\/360|[from] item: Leftovers
|turn|2
|
|switch|p2a: Swampert|Swampert, F|401\/401
|move|p1a: Mienshao|U-turn|p2a: Swampert
|-damage|p2a: Swampert|348\/401
|
|switch|p1a: Celebi|Celebi|404\/404
|
|-heal|p2a: Swampert|373\/401|[from] item: Leftovers
|turn|3
|
|switch|p2a: Flygon|Flygon, F|301\/301
|move|p1a: Celebi|Leech Seed|p2a: Flygon
|-start|p2a: Flygon|move: Leech Seed
|
|-damage|p2a: Flygon|264\/301|[from] Leech Seed|[of] p1a: Celebi
|turn|4
|
|switch|p1a: Chandelure|Chandelure, F, shiny|261\/261
|move|p2a: Flygon|U-turn|p1a: Chandelure
|-resisted|p1a: Chandelure
|-damage|p1a: Chandelure|242\/261
|
|switch|p2a: Florges|Florges, F|341\/360
|
|-heal|p2a: Florges|360\/360|[from] item: Leftovers
|turn|5
|
|move|p2a: Florges|Protect|p2a: Florges
|-singleturn|p2a: Florges|Protect
|move|p1a: Chandelure|Trick|p2a: Florges
|-activate|p2a: Florges|Protect
|
|turn|6
|
|switch|p1a: Mienshao|Mienshao, M, shiny|271\/271
|switch|p2a: bad set imo|Porygon-Z|353\/353
|
|turn|7
|
|switch|p2a: Florges|Florges, F|360\/360
|move|p1a: Mienshao|U-turn|p2a: Florges
|-resisted|p2a: Florges
|-damage|p2a: Florges|323\/360
|
|switch|p1a: Aggron|Aggron, F, shiny|344\/344
|
|-heal|p2a: Florges|345\/360|[from] item: Leftovers
|turn|8
|
|switch|p2a: Swampert|Swampert, F|373\/401
|-formechange|p1a: Aggron|Aggron-Mega
|message|Aggron has Mega Evolved into Mega Aggron!
|move|p1a: Aggron|Stealth Rock|p2a: Swampert
|-sidestart|p2: angre management|move: Stealth Rock
|
|-heal|p2a: Swampert|398\/401|[from] item: Leftovers
|turn|9
|
|switch|p1a: Celebi|Celebi|404\/404
|move|p2a: Swampert|Stealth Rock|p1a: Celebi
|-sidestart|p1: relous|move: Stealth Rock
|
|-heal|p2a: Swampert|401\/401|[from] item: Leftovers
|turn|10
|
|move|p1a: Celebi|Giga Drain|p2a: Swampert
|-supereffective|p2a: Swampert
|-damage|p2a: Swampert|0 fnt
|faint|p2a: Swampert
|
|
|switch|p2a: Flygon|Flygon, F|264\/301
|-damage|p2a: Flygon|246\/301|[from] Stealth Rock
|turn|11
|
|move|p2a: Flygon|U-turn|p1a: Celebi
|-supereffective|p1a: Celebi
|-damage|p1a: Celebi|104\/404
|
|switch|p2a: Entei|Entei, shiny|371\/371
|-damage|p2a: Entei|279\/371|[from] Stealth Rock
|-ability|p2a: Entei|Pressure
|move|p1a: Celebi|Leech Seed|p2a: Entei
|-start|p2a: Entei|move: Leech Seed
|
|-heal|p1a: Celebi|129\/404|[from] item: Leftovers
|-damage|p2a: Entei|233\/371|[from] Leech Seed|[of] p1a: Celebi
|-heal|p1a: Celebi|175\/404|[silent]
|turn|12
|
|switch|p1a: Chandelure|Chandelure, F, shiny|242\/261
|-damage|p1a: Chandelure|177\/261|[from] Stealth Rock
|move|p2a: Entei|Bulldoze|p1a: Chandelure
|-crit|p1a: Chandelure
|-supereffective|p1a: Chandelure
|-damage|p1a: Chandelure|0 fnt
|faint|p1a: Chandelure
|
|
|switch|p1a: Starmie|Starmie|261\/261
|-damage|p1a: Starmie|229\/261|[from] Stealth Rock
|turn|13
|
|switch|p2a: Florges|Florges, F|345\/360
|-damage|p2a: Florges|300\/360|[from] Stealth Rock
|move|p1a: Starmie|Rapid Spin|p2a: Florges
|-damage|p2a: Florges|290\/360
|-sideend|p1: relous|Stealth Rock|[from] move: Rapid Spin|[of] p1a: Starmie
|
|-heal|p2a: Florges|312\/360|[from] item: Leftovers
|turn|14
|
|switch|p2a: Entei|Entei, shiny|233\/371
|-damage|p2a: Entei|141\/371|[from] Stealth Rock
|-ability|p2a: Entei|Pressure
|move|p1a: Starmie|Psyshock|p2a: Entei
|-damage|p2a: Entei|6\/371
|
|turn|15
|
|move|p2a: Entei|Extreme Speed|p1a: Starmie
|-damage|p1a: Starmie|73\/261
|move|p1a: Starmie|Psyshock|p2a: Entei
|-damage|p2a: Entei|0 fnt
|faint|p2a: Entei
|
|
|switch|p2a: Flygon|Flygon, F|246\/301
|-damage|p2a: Flygon|228\/301|[from] Stealth Rock
|turn|16
|
|switch|p1a: Celebi|Celebi|175\/404
|move|p2a: Flygon|Earthquake|p1a: Celebi
|-resisted|p1a: Celebi
|-damage|p1a: Celebi|100\/404
|
|-heal|p1a: Celebi|125\/404|[from] item: Leftovers
|turn|17
|
|switch|p2a: bad set imo|Porygon-Z|353\/353
|-damage|p2a: bad set imo|309\/353|[from] Stealth Rock
|move|p1a: Celebi|Recover|p1a: Celebi
|-heal|p1a: Celebi|327\/404
|
|-heal|p2a: bad set imo|331\/353|[from] item: Leftovers
|-heal|p1a: Celebi|352\/404|[from] item: Leftovers
|turn|18
|
|move|p2a: bad set imo|Tri Attack|p1a: Celebi
|-damage|p1a: Celebi|230\/404
|move|p1a: Celebi|Leech Seed|p2a: bad set imo
|-start|p2a: bad set imo|move: Leech Seed
|
|-heal|p2a: bad set imo|353\/353|[from] item: Leftovers
|-heal|p1a: Celebi|255\/404|[from] item: Leftovers
|-damage|p2a: bad set imo|309\/353|[from] Leech Seed|[of] p1a: Celebi
|-heal|p1a: Celebi|299\/404|[silent]
|turn|19
|
|move|p2a: bad set imo|Nasty Plot|p2a: bad set imo
|-boost|p2a: bad set imo|spa|2
|move|p1a: Celebi|Giga Drain|p2a: bad set imo
|-damage|p2a: bad set imo|204\/353
|-heal|p1a: Celebi|352\/404|[from] drain|[of] p2a: bad set imo
|
|-heal|p2a: bad set imo|226\/353|[from] item: Leftovers
|-heal|p1a: Celebi|377\/404|[from] item: Leftovers
|-damage|p2a: bad set imo|182\/353|[from] Leech Seed|[of] p1a: Celebi
|-heal|p1a: Celebi|404\/404|[silent]
|turn|20
|
|move|p2a: bad set imo|Shadow Ball|p1a: Celebi
|-supereffective|p1a: Celebi
|-damage|p1a: Celebi|134\/404
|move|p1a: Celebi|Giga Drain|p2a: bad set imo
|-damage|p2a: bad set imo|86\/353
|-heal|p1a: Celebi|182\/404|[from] drain|[of] p2a: bad set imo
|
|-heal|p2a: bad set imo|108\/353|[from] item: Leftovers
|-heal|p1a: Celebi|207\/404|[from] item: Leftovers
|-damage|p2a: bad set imo|64\/353|[from] Leech Seed|[of] p1a: Celebi
|-heal|p1a: Celebi|251\/404|[silent]
|turn|21
|
|move|p2a: bad set imo|Shadow Ball|p1a: Celebi
|-supereffective|p1a: Celebi
|-damage|p1a: Celebi|13\/404
|-unboost|p1a: Celebi|spd|1
|move|p1a: Celebi|Giga Drain|p2a: bad set imo
|-damage|p2a: bad set imo|0 fnt
|-heal|p1a: Celebi|45\/404|[from] drain|[of] p2a: bad set imo
|faint|p2a: bad set imo
|
|-heal|p1a: Celebi|70\/404|[from] item: Leftovers
|
|switch|p2a: Flygon|Flygon, F|228\/301
|-damage|p2a: Flygon|210\/301|[from] Stealth Rock
|turn|22
|
|move|p2a: Flygon|Earthquake|p1a: Celebi
|-resisted|p1a: Celebi
|-damage|p1a: Celebi|0 fnt
|faint|p1a: Celebi
|
|
|switch|p1a: Mienshao|Mienshao, M, shiny|271\/271
|turn|23
|
|switch|p2a: Toxicroak|Toxicroak, M|353\/353
|-damage|p2a: Toxicroak|331\/353|[from] Stealth Rock
|move|p1a: Mienshao|Fake Out|p2a: Toxicroak
|-damage|p2a: Toxicroak|281\/353
|
|turn|24
|
|move|p1a: Mienshao|U-turn|p2a: Toxicroak
|-resisted|p2a: Toxicroak
|-damage|p2a: Toxicroak|259\/353
|
|switch|p1a: Aggron|Aggron, F, shiny|344\/344
|-formechange|p1a: Aggron|Aggron-Mega
|move|p2a: Toxicroak|Drain Punch|p1a: Aggron
|-supereffective|p1a: Aggron
|-damage|p1a: Aggron|237\/344
|-heal|p2a: Toxicroak|313\/353|[from] drain|[of] p1a: Aggron
|-damage|p2a: Toxicroak|278\/353|[from] item: Life Orb
|
|turn|25
|
|move|p2a: Toxicroak|Drain Punch|p1a: Aggron
|-supereffective|p1a: Aggron
|-damage|p1a: Aggron|120\/344
|-heal|p2a: Toxicroak|337\/353|[from] drain|[of] p1a: Aggron
|-damage|p2a: Toxicroak|302\/353|[from] item: Life Orb
|move|p1a: Aggron|Iron Head|p2a: Toxicroak
|-damage|p2a: Toxicroak|112\/353
|
|turn|26
|
|move|p2a: Toxicroak|Drain Punch|p1a: Aggron
|-supereffective|p1a: Aggron
|-damage|p1a: Aggron|1\/344
|-heal|p2a: Toxicroak|172\/353|[from] drain|[of] p1a: Aggron
|-damage|p2a: Toxicroak|137\/353|[from] item: Life Orb
|move|p1a: Aggron|Thunder Wave|p2a: Toxicroak
|-status|p2a: Toxicroak|par
|
|turn|27
|
|move|p2a: Toxicroak|Sucker Punch|p1a: Aggron
|-damage|p1a: Aggron|0 fnt
|-damage|p2a: Toxicroak|102\/353 par|[from] item: Life Orb
|faint|p1a: Aggron
|
|
|switch|p1a: Nidoking|Nidoking, M, shiny|304\/304
|turn|28
|
|move|p2a: Toxicroak|Sucker Punch|p1a: Nidoking
|-damage|p1a: Nidoking|171\/304
|-damage|p2a: Toxicroak|67\/353 par|[from] item: Life Orb
|move|p1a: Nidoking|Ice Beam|p2a: Toxicroak
|-damage|p2a: Toxicroak|0 fnt
|faint|p2a: Toxicroak
|
|
|switch|p2a: Flygon|Flygon, F|210\/301
|-damage|p2a: Flygon|192\/301|[from] Stealth Rock
|turn|29
|
|switch|p1a: Starmie|Starmie|73\/261
|move|p2a: Flygon|Earthquake|p1a: Starmie
|-damage|p1a: Starmie|0 fnt
|faint|p1a: Starmie
|
|
|switch|p1a: Mienshao|Mienshao, M, shiny|271\/271
|turn|30
|
|switch|p2a: Florges|Florges, F|312\/360
|-damage|p2a: Florges|267\/360|[from] Stealth Rock
|move|p1a: Mienshao|Knock Off|p2a: Florges
|-resisted|p2a: Florges
|-damage|p2a: Florges|221\/360
|-enditem|p2a: Florges|Leftovers|[from] move: Knock Off|[of] p1a: Mienshao
|
|turn|31
|
|switch|p2a: Flygon|Flygon, F|192\/301
|-damage|p2a: Flygon|174\/301|[from] Stealth Rock
|move|p1a: Mienshao|High Jump Kick|p2a: Flygon
|-damage|p2a: Flygon|0 fnt
|faint|p2a: Flygon
|
|-message|angre management forfeited.
|
|win|relous
|raw|Ladder updating...
|leave|angre management
|player|p2
|raw|relous's rating: 1357 &rarr; <strong>1383<\/strong><br \/>(+26 for winning)
|raw|angre management's rating: 1464 &rarr; <strong>1438<\/strong><br \/>(-26 for losing)