|join|VERG0
|join|angre management
|player|p1|VERG0|132
|player|p2|angre management|82
|gametype|singles
|gen|6
|tier|UU
|rated
|rule|Sleep Clause Mod: Limit one foe put to sleep
|rule|Species Clause: Limit one of each Pokemon
|rule|OHKO Clause: OHKO moves are banned
|rule|Moody Clause: Moody is banned
|rule|Evasion Moves Clause: Evasion moves are banned
|rule|Endless Battle Clause: Forcing endless battles is banned
|rule|HP Percentage Mod: HP is reported as percentages
|clearpoke
|poke|p1|Hydreigon, F
|poke|p1|Arcanine, M
|poke|p1|Mew
|poke|p1|Aerodactyl, M
|poke|p1|Florges, F
|poke|p1|Slowbro, F
|poke|p2|Lucario, M
|poke|p2|Crobat, F
|poke|p2|Alakazam, F
|poke|p2|Azelf
|poke|p2|Celebi
|poke|p2|Absol, M
|rule|Baton Pass Clause: Limit 3 pokemon knowing Baton Pass
|teampreview
|
|start
|switch|p1a: æµç°ãã|Mew|401\/401
|switch|p2a: Absol|Absol, M|271\/271
|turn|1
|
|switch|p1a: Arcanine|Arcanine, M|384\/384
|-ability|p1a: Arcanine|Intimidate|[of] p2a: Absol
|-unboost|p2a: Absol|atk|1
|detailschange|p2a: Absol|Absol-Mega, M
|message|Absol has Mega Evolved into Mega Absol!
|move|p2a: Absol|Swords Dance|p2a: Absol
|-boost|p2a: Absol|atk|2
|
|turn|2
|
|move|p2a: Absol|Knock Off|p1a: Arcanine
|-damage|p1a: Arcanine|123\/384
|-enditem|p1a: Arcanine|Leftovers|[from] move: Knock Off|[of] p2a: Absol
|move|p1a: Arcanine|Flare Blitz|p2a: Absol
|-damage|p2a: Absol|60\/271
|-damage|p1a: Arcanine|53\/384|[from] recoil|[of] p2a: Absol
|
|turn|3
|
|switch|p2a: Lucario|Lucario, M|281\/281
|move|p1a: Arcanine|Extreme Speed|p2a: Lucario
|-resisted|p2a: Lucario
|-damage|p2a: Lucario|237\/281
|
|turn|4
|
|switch|p2a: Azelf|Azelf|291\/291
|move|p1a: Arcanine|Flare Blitz|p2a: Azelf
|-damage|p2a: Azelf|72\/291
|-damage|p1a: Arcanine|0 fnt|[from] recoil|[of] p2a: Azelf
|faint|p1a: Arcanine
|
|
|switch|p1a: ç°ä¸­ãã|Aerodactyl, M|301\/301
|-ability|p1a: ç°ä¸­ãã|Unnerve|p2: angre management
|turn|5
|
|detailschange|p1a: ç°ä¸­ãã|Aerodactyl-Mega, M
|message|Aerodactyl has Mega Evolved into Mega Aerodactyl!
|move|p1a: ç°ä¸­ãã|Aerial Ace|p2a: Azelf
|-damage|p2a: Azelf|0 fnt
|faint|p2a: Azelf
|
|
|switch|p2a: Alakazam|Alakazam, F|251\/251
|turn|6
|
|switch|p2a: Absol|Absol-Mega, M|60\/271
|move|p1a: ç°ä¸­ãã|Stone Edge|p2a: Absol|[miss]
|-miss|p1a: ç°ä¸­ãã|p2a: Absol
|
|turn|7
|
|move|p2a: Absol|Sucker Punch|p1a: ç°ä¸­ãã
|-damage|p1a: ç°ä¸­ãã|114\/301
|move|p1a: ç°ä¸­ãã|Aerial Ace|p2a: Absol
|-damage|p2a: Absol|0 fnt
|faint|p2a: Absol
|
|
|switch|p2a: Lucario|Lucario, M|237\/281
|turn|8
|
|move|p2a: Lucario|Bullet Punch|p1a: ç°ä¸­ãã
|-supereffective|p1a: ç°ä¸­ãã
|-damage|p1a: ç°ä¸­ãã|0 fnt
|-damage|p2a: Lucario|209\/281|[from] item: Life Orb
|faint|p1a: ç°ä¸­ãã
|
|
|switch|p1a: æµç°ãã|Mew|401\/401
|turn|9
|
|switch|p2a: Alakazam|Alakazam, F|251\/251
|move|p1a: æµç°ãã|Will-O-Wisp|p2a: Alakazam
|-status|p2a: Alakazam|brn
|
|turn|10
|
|switch|p1a: å±±æ¬ãã|Florges, F|360\/360
|move|p2a: Alakazam|Encore|p1a: å±±æ¬ãã
|-fail|p1a: å±±æ¬ãã
|
|turn|11
|
|move|p2a: Alakazam|Psyshock|p1a: å±±æ¬ãã
|-damage|p1a: å±±æ¬ãã|225\/360
|move|p1a: å±±æ¬ãã|Moonblast|p2a: Alakazam
|-damage|p2a: Alakazam|131\/251 brn
|
|-heal|p1a: å±±æ¬ãã|247\/360|[from] item: Leftovers
|turn|12
|
|move|p2a: Alakazam|Psyshock|p1a: å±±æ¬ãã
|-damage|p1a: å±±æ¬ãã|105\/360
|move|p1a: å±±æ¬ãã|Wish|p1a: å±±æ¬ãã
|
|-heal|p1a: å±±æ¬ãã|127\/360|[from] item: Leftovers
|turn|13
|
|switch|p2a: Celebi|Celebi|341\/341
|move|p1a: å±±æ¬ãã|Protect|p1a: å±±æ¬ãã
|-fail|p1a: å±±æ¬ãã
|
|-heal|p1a: å±±æ¬ãã|307\/360|[from] move: Wish|[wisher] å±±æ¬ãã
|-heal|p1a: å±±æ¬ãã|329\/360|[from] item: Leftovers
|turn|14
|
|switch|p1a: ç§ã®ä¼ç¤¾å¡|Hydreigon, F|380\/380
|move|p2a: Celebi|Swords Dance|p2a: Celebi
|-boost|p2a: Celebi|atk|2
|
|turn|15
|
|switch|p2a: Lucario|Lucario, M|209\/281
|move|p1a: ç§ã®ä¼ç¤¾å¡|Dark Pulse|p2a: Lucario
|-resisted|p2a: Lucario
|-damage|p2a: Lucario|101\/281
|
|turn|16
|
|switch|p1a: å±±|Slowbro, F|394\/394
|move|p2a: Lucario|Extreme Speed|p1a: å±±
|-damage|p1a: å±±|311\/394
|-damage|p2a: Lucario|55\/281|[from] item: Rocky Helmet|[of] p1a: å±±
|-damage|p2a: Lucario|27\/281|[from] item: Life Orb
|
|turn|17
|
|move|p2a: Lucario|Close Combat|p1a: å±±
|-resisted|p1a: å±±
|-damage|p1a: å±±|221\/394
|-damage|p2a: Lucario|0 fnt|[from] item: Rocky Helmet|[of] p1a: å±±
|faint|p2a: Lucario
|move|p1a: å±±|Calm Mind|p1a: å±±
|-boost|p1a: å±±|spa|1
|-boost|p1a: å±±|spd|1
|
|
|switch|p2a: Celebi|Celebi|341\/341
|turn|18
|
|switch|p1a: ç§ã®ä¼ç¤¾å¡|Hydreigon, F|380\/380
|move|p2a: Celebi|Seed Bomb|p1a: ç§ã®ä¼ç¤¾å¡
|-resisted|p1a: ç§ã®ä¼ç¤¾å¡
|-damage|p1a: ç§ã®ä¼ç¤¾å¡|284\/380
|-damage|p2a: Celebi|307\/341|[from] item: Life Orb
|
|-heal|p1a: ç§ã®ä¼ç¤¾å¡|307\/380|[from] item: Leftovers
|turn|19
|
|move|p2a: Celebi|Sucker Punch|p1a: ç§ã®ä¼ç¤¾å¡
|-resisted|p1a: ç§ã®ä¼ç¤¾å¡
|-damage|p1a: ç§ã®ä¼ç¤¾å¡|250\/380
|-damage|p2a: Celebi|273\/341|[from] item: Life Orb
|move|p1a: ç§ã®ä¼ç¤¾å¡|U-turn|p2a: Celebi
|-supereffective|p2a: Celebi
|-damage|p2a: Celebi|73\/341
|-message|angre management forfeited.
|
|win|VERG0
|raw|Ladder updating...
|
|switch|p1a: æµç°ãã|Mew|401\/401
|leave|angre management
|player|p2
|raw|VERG0's rating: 1642 &rarr; <strong>1662<\/strong><br \/>(+20 for winning)
|raw|angre management's rating: 1645 &rarr; <strong>1624<\/strong><br \/>(-21 for losing)