|join|angre management
|join|Folws
|player|p1|angre management|140
|player|p2|Folws|40
|gametype|singles
|gen|6
|tier|UU
|rated
|rule|Sleep Clause Mod: Limit one foe put to sleep
|rule|Species Clause: Limit one of each PokÃ©mon
|rule|OHKO Clause: OHKO moves are banned
|rule|Moody Clause: Moody is banned
|rule|Evasion Moves Clause: Evasion moves are banned
|rule|Endless Battle Clause: Forcing endless battles is banned
|rule|HP Percentage Mod: HP is shown in percentages
|clearpoke
|poke|p1|Tornadus, M, shiny
|poke|p1|Hippowdon, F
|poke|p1|Stoutland, F
|poke|p1|Florges, F
|poke|p1|Lucario, F
|poke|p1|Slowbro, M
|poke|p2|Roserade, M
|poke|p2|Chandelure, M
|poke|p2|Porygon2
|poke|p2|Absol, F
|poke|p2|Donphan, F
|poke|p2|Cloyster, M
|rule|Swagger Clause: Swagger is banned
|rule|Baton Pass Clause: Limit one PokÃ©mon knowing Baton Pass
|teampreview
|
|start
|switch|p1a: Hippowdon|Hippowdon, F|420\/420
|switch|p2a: Porygon2|Porygon2|361\/361
|-boost|p2a: Porygon2|spa|1|[from] ability: Download
|-weather|Sandstorm
|turn|1
|
|move|p2a: Porygon2|Ice Beam|p1a: Hippowdon
|-supereffective|p1a: Hippowdon
|-damage|p1a: Hippowdon|176\/420
|move|p1a: Hippowdon|Stealth Rock|p2a: Porygon2
|-sidestart|p2: Folws|move: Stealth Rock
|
|-weather|Sandstorm|[upkeep]
|-damage|p2a: Porygon2|339\/361|[from] sandstorm
|-heal|p1a: Hippowdon|202\/420|[from] item: Leftovers
|turn|2
|
|switch|p1a: Florges|Florges, F|360\/360
|move|p2a: Porygon2|Tri Attack|p1a: Florges
|-damage|p1a: Florges|246\/360
|
|-weather|Sandstorm|[upkeep]
|-damage|p1a: Florges|224\/360|[from] sandstorm
|-damage|p2a: Porygon2|317\/361|[from] sandstorm
|-heal|p1a: Florges|246\/360|[from] item: Leftovers
|turn|3
|
|switch|p2a: Roserade|Roserade, M|288\/288
|-damage|p2a: Roserade|252\/288|[from] Stealth Rock
|move|p1a: Florges|Wish|p1a: Florges
|
|-weather|Sandstorm|[upkeep]
|-damage|p2a: Roserade|234\/288|[from] sandstorm
|-damage|p1a: Florges|224\/360|[from] sandstorm
|-heal|p2a: Roserade|252\/288|[from] item: Black Sludge
|-heal|p1a: Florges|246\/360|[from] item: Leftovers
|turn|4
|
|switch|p1a: Dog|Stoutland, F|311\/311
|move|p2a: Roserade|Sludge Bomb|p1a: Dog
|-damage|p1a: Dog|121\/311
|-status|p1a: Dog|psn
|
|-weather|Sandstorm|[upkeep]
|-damage|p2a: Roserade|234\/288|[from] sandstorm
|-heal|p1a: Dog|301\/311 psn|[from] move: Wish|[wisher] Florges
|-heal|p2a: Roserade|252\/288|[from] item: Black Sludge
|-damage|p1a: Dog|263\/311 psn|[from] psn
|turn|5
|
|move|p1a: Dog|Pursuit|p2a: Roserade|[from]Pursuit
|-damage|p2a: Roserade|58\/288
|switch|p2a: Donphan|Donphan, F|384\/384
|-damage|p2a: Donphan|360\/384|[from] Stealth Rock
|
|-weather|none
|-heal|p2a: Donphan|384\/384|[from] item: Leftovers
|-damage|p1a: Dog|225\/311 psn|[from] psn
|turn|6
|
|switch|p1a: Slowbro|Slowbro, M|394\/394
|move|p2a: Donphan|Rapid Spin|p1a: Slowbro
|-damage|p1a: Slowbro|381\/394
|-damage|p2a: Donphan|320\/384|[from] item: Rocky Helmet|[of] p1a: Slowbro
|-sideend|p2: Folws|Stealth Rock|[from] move: Rapid Spin|[of] p2a: Donphan
|
|-heal|p2a: Donphan|344\/384|[from] item: Leftovers
|turn|7
|
|switch|p2a: Porygon2|Porygon2|317\/361
|-boost|p2a: Porygon2|spa|1|[from] ability: Download
|move|p1a: Slowbro|Psyshock|p2a: Porygon2
|-damage|p2a: Porygon2|253\/361
|
|turn|8
|
|move|p2a: Porygon2|Charge Beam|p1a: Slowbro
|-supereffective|p1a: Slowbro
|-damage|p1a: Slowbro|213\/394
|-boost|p2a: Porygon2|spa|1
|move|p1a: Slowbro|Scald|p2a: Porygon2
|-damage|p2a: Porygon2|196\/361
|
|turn|9
|
|switch|p1a: Hippowdon|Hippowdon, F|202\/420
|-weather|Sandstorm
|move|p2a: Porygon2|Tri Attack|p1a: Hippowdon
|-damage|p1a: Hippowdon|0 fnt
|faint|p1a: Hippowdon
|
|-weather|Sandstorm|[upkeep]
|-damage|p2a: Porygon2|174\/361|[from] sandstorm
|join|so dynamic
|
|switch|p1a: Dog|Stoutland, F|225\/311 psn
|turn|10
|
|move|p1a: Dog|Frustration|p2a: Porygon2
|-damage|p2a: Porygon2|0 fnt
|faint|p2a: Porygon2
|
|-weather|Sandstorm|[upkeep]
|-damage|p1a: Dog|187\/311 psn|[from] psn
|join|EVEN MORE GECKOS
|
|switch|p2a: Donphan|Donphan, F|344\/384
|turn|11
|join|tfw ult
|
|move|p1a: Dog|Frustration|p2a: Donphan
|-damage|p2a: Donphan|185\/384
|move|p2a: Donphan|Stealth Rock|p1a: Dog
|-sidestart|p1: angre management|move: Stealth Rock
|
|-weather|Sandstorm|[upkeep]
|-heal|p2a: Donphan|209\/384|[from] item: Leftovers
|-damage|p1a: Dog|149\/311 psn|[from] psn
|turn|12
|
|move|p1a: Dog|Frustration|p2a: Donphan
|-crit|p2a: Donphan
|-damage|p2a: Donphan|0 fnt
|faint|p2a: Donphan
|
|-weather|Sandstorm|[upkeep]
|-damage|p1a: Dog|111\/311 psn|[from] psn
|c| so dynamic|not
|c| so dynamic|bad
|
|switch|p2a: Cloyster|Cloyster, M|266\/266
|turn|13
|
|move|p1a: Dog|Frustration|p2a: Cloyster
|-damage|p2a: Cloyster|106\/266
|move|p2a: Cloyster|Shell Smash|p2a: Cloyster
|-boost|p2a: Cloyster|atk|2
|-boost|p2a: Cloyster|spa|2
|-boost|p2a: Cloyster|spe|2
|-unboost|p2a: Cloyster|def|1
|-unboost|p2a: Cloyster|spd|1
|-enditem|p2a: Cloyster|White Herb
|-restoreboost|p2a: Cloyster|[silent]
|
|-weather|none
|-damage|p1a: Dog|73\/311 psn|[from] psn
|turn|14
|
|move|p2a: Cloyster|Icicle Spear|p1a: Dog
|-damage|p1a: Dog|0 fnt
|-hitcount|p1a: Dog|1
|faint|p1a: Dog
|
|
|switch|p1a: Slowbro|Slowbro, M|344\/394
|-damage|p1a: Slowbro|295\/394|[from] Stealth Rock
|turn|15
|
|move|p2a: Cloyster|Rock Blast|p1a: Slowbro|[miss]
|-miss|p2a: Cloyster|p1a: Slowbro
|move|p1a: Slowbro|Scald|p2a: Cloyster
|-resisted|p2a: Cloyster
|-damage|p2a: Cloyster|21\/266
|
|turn|16
|
|move|p2a: Cloyster|Rock Blast|p1a: Slowbro
|-damage|p1a: Slowbro|257\/394
|-damage|p1a: Slowbro|223\/394
|-damage|p1a: Slowbro|189\/394
|-damage|p1a: Slowbro|149\/394
|-damage|p1a: Slowbro|114\/394
|-hitcount|p1a: Slowbro|5
|move|p1a: Slowbro|Psyshock|p2a: Cloyster
|-damage|p2a: Cloyster|0 fnt
|faint|p2a: Cloyster
|
|
|switch|p2a: Roserade|Roserade, M|58\/288
|turn|17
|
|switch|p1a: Tornadus|Tornadus, M, shiny|361\/361
|-damage|p1a: Tornadus|271\/361|[from] Stealth Rock
|move|p2a: Roserade|Giga Drain|p1a: Tornadus
|-resisted|p1a: Tornadus
|-damage|p1a: Tornadus|214\/361
|-heal|p2a: Roserade|87\/288|[from] drain|[of] p1a: Tornadus
|
|-heal|p2a: Roserade|105\/288|[from] item: Black Sludge
|turn|18
|
|move|p1a: Tornadus|Acrobatics|p2a: Roserade
|-supereffective|p2a: Roserade
|-damage|p2a: Roserade|0 fnt
|faint|p2a: Roserade
|
|
|switch|p2a: Absol|Absol, F|272\/272
|turn|19
|
|detailschange|p2a: Absol|Absol-Mega, F
|message|Absol has Mega Evolved into Mega Absol!
|move|p1a: Tornadus|Bulk Up|p1a: Tornadus
|-boost|p1a: Tornadus|atk|1
|-boost|p1a: Tornadus|def|1
|move|p2a: Absol|Knock Off|p1a: Tornadus
|-damage|p1a: Tornadus|106\/361
|
|turn|20
|
|move|p2a: Absol|Sucker Punch|p1a: Tornadus
|-damage|p1a: Tornadus|0 fnt
|faint|p1a: Tornadus
|
|
|switch|p1a: Florges|Florges, F|246\/360
|-damage|p1a: Florges|201\/360|[from] Stealth Rock
|turn|21
|
|move|p2a: Absol|Knock Off|p1a: Florges
|-resisted|p1a: Florges
|-damage|p1a: Florges|96\/360
|-enditem|p1a: Florges|Leftovers|[from] move: Knock Off|[of] p2a: Absol
|move|p1a: Florges|Moonblast|p2a: Absol
|-supereffective|p2a: Absol
|-damage|p2a: Absol|0 fnt
|faint|p2a: Absol
|
|
|switch|p2a: Chandelure|Chandelure, M|262\/262
|turn|22
|
|move|p1a: Florges|Protect|p1a: Florges
|-singleturn|p1a: Florges|Protect
|move|p2a: Chandelure|Flamethrower|p1a: Florges
|-activate|p1a: Florges|Protect
|
|turn|23
|
|move|p2a: Chandelure|Flamethrower|p1a: Florges
|-damage|p1a: Florges|0 fnt
|faint|p1a: Florges
|
|
|switch|p1a: Slowbro|Slowbro, M|245\/394
|-damage|p1a: Slowbro|196\/394|[from] Stealth Rock
|turn|24
|
|move|p2a: Chandelure|Shadow Ball|p1a: Slowbro
|-supereffective|p1a: Slowbro
|-damage|p1a: Slowbro|0 fnt
|faint|p1a: Slowbro
|
|c|âFolws|gg
|c| EVEN MORE GECKOS|> slowbro not named paul
|-message|angre management forfeited.
|
|win|Folws
|raw|Ladder updating...
|leave|angre management
|player|p1
|raw|angre management's rating: 1658 &rarr; <strong>1630<\/strong><br \/>(-28 for losing)
|raw|Folws's rating: 1503 &rarr; <strong>1531<\/strong><br \/>(+28 for winning)
|leave|so dynamic
|leave|EVEN MORE GECKOS