|join|angre management
|join|kokoloko
|player|p1|angre management|82
|player|p2|kokoloko|169
|gametype|singles
|gen|6
|tier|UU
|rated
|rule|Sleep Clause Mod: Limit one foe put to sleep
|rule|Species Clause: Limit one of each Pokemon
|rule|OHKO Clause: OHKO moves are banned
|rule|Moody Clause: Moody is banned
|rule|Evasion Moves Clause: Evasion moves are banned
|rule|Endless Battle Clause: Forcing endless battles is banned.
|rule|HP Percentage Mod: HP is reported as percentages
|clearpoke
|poke|p1|Chandelure, F
|poke|p1|Swampert, M
|poke|p1|Mienshao, F
|poke|p1|Toxicroak, F
|poke|p1|Florges, F
|poke|p1|Flygon, F
|poke|p2|Sharpedo, M
|poke|p2|Hippowdon, F, shiny
|poke|p2|Crobat, F
|poke|p2|Hydreigon, F
|poke|p2|Froslass, F, shiny
|poke|p2|Sableye, F, shiny
|teampreview
|join|whyfor
|
|start
|switch|p1a: Flygon|Flygon, F|301\/301
|switch|p2a: i can sense it|Froslass, F, shiny|343\/343
|turn|1
|join|RowDog
|
|move|p1a: Flygon|U-turn|p2a: i can sense it
|-crit|p2a: i can sense it
|-resisted|p2a: i can sense it
|-damage|p2a: i can sense it|278\/343
|
|switch|p1a: Chandelure|Chandelure, F|279\/279
|move|p2a: i can sense it|Spikes|p1a: Chandelure
|-sidestart|p1: angre management|Spikes
|
|turn|2
|join|ZangofÃªte
|
|move|p2a: i can sense it|Destiny Bond|p2a: i can sense it
|-singlemove|p2a: i can sense it|Destiny Bond
|move|p1a: Chandelure|Shadow Ball|p2a: i can sense it
|-supereffective|p2a: i can sense it
|-damage|p2a: i can sense it|0 fnt
|-damage|p1a: Chandelure|252\/279|[from] item: Life Orb
|faint|p2a: i can sense it
|-activate|p2a: i can sense it|Destiny Bond
|faint|p1a: Chandelure
|
|
|switch|p1a: Flygon|Flygon, F|301\/301
|switch|p2a: GOT HAXED|Sableye, F, shiny|303\/303
|turn|3
|
|switch|p1a: Florges|Florges, F|360\/360
|-damage|p1a: Florges|315\/360|[from] Spikes
|move|p2a: GOT HAXED|Will-O-Wisp|p1a: Florges
|-status|p1a: Florges|brn
|
|-heal|p1a: Florges|337\/360 brn|[from] item: Leftovers
|-damage|p1a: Florges|292\/360 brn|[from] brn
|turn|4
|
|switch|p1a: Flygon|Flygon, F|301\/301
|switch|p2a: check deine emails|Crobat, F|325\/325
|
|turn|5
|join|Pre8==Dted
|
|move|p1a: Flygon|Defog|p2a: check deine emails
|-unboost|p2a: check deine emails|evasion|1
|-sideend|p1: angre management|Spikes|[from] move: Defog|[of] p1a: Flygon
|move|p2a: check deine emails|U-turn|p1a: Flygon
|-damage|p1a: Flygon|220\/301
|chat|Pre8==Dted|oh
|
|switch|p2a: GOT HAXED|Sableye, F, shiny|303\/303
|
|turn|6
|
|switch|p1a: Florges|Florges, F|292\/360 brn
|move|p2a: GOT HAXED|Knock Off|p1a: Florges
|-resisted|p1a: Florges
|-damage|p1a: Florges|249\/360 brn
|-enditem|p1a: Florges|Leftovers|[from] move: Knock Off|[of] p2a: GOT HAXED
|
|-damage|p1a: Florges|204\/360 brn|[from] brn
|turn|7
|
|switch|p2a: check deine emails|Crobat, F|325\/325
|move|p1a: Florges|Moonblast|p2a: check deine emails
|-resisted|p2a: check deine emails
|-damage|p2a: check deine emails|247\/325
|-unboost|p2a: check deine emails|spa|1
|
|-heal|p2a: check deine emails|267\/325|[from] item: Black Sludge
|-damage|p1a: Florges|159\/360 brn|[from] brn
|turn|8
|
|switch|p1a: Swampert|Swampert, M|401\/401
|move|p2a: check deine emails|Brave Bird|p1a: Swampert
|-crit|p1a: Swampert
|-damage|p1a: Swampert|212\/401
|-damage|p2a: check deine emails|205\/325|[from] recoil|[of] p1a: Swampert
|
|-heal|p2a: check deine emails|225\/325|[from] item: Black Sludge
|-heal|p1a: Swampert|237\/401|[from] item: Leftovers
|turn|9
|
|move|p2a: check deine emails|Taunt|p1a: Swampert
|-start|p1a: Swampert|move: Taunt
|move|p1a: Swampert|Scald|p2a: check deine emails
|-damage|p2a: check deine emails|125\/325
|-status|p2a: check deine emails|brn
|
|-heal|p2a: check deine emails|145\/325 brn|[from] item: Black Sludge
|-heal|p1a: Swampert|262\/401|[from] item: Leftovers
|-damage|p2a: check deine emails|105\/325 brn|[from] brn
|turn|10
|
|switch|p1a: Florges|Florges, F|159\/360 brn
|move|p2a: check deine emails|U-turn|p1a: Florges
|-resisted|p1a: Florges
|-damage|p1a: Florges|143\/360 brn
|
|switch|p2a: YUMMMM|Hippowdon, F, shiny|417\/417
|-weather|Sandstorm
|
|-weather|Sandstorm|[upkeep]
|-damage|p1a: Florges|121\/360 brn|[from] sandstorm
|-damage|p1a: Florges|76\/360 brn|[from] brn
|turn|11
|
|move|p1a: Florges|Wish|p1a: Florges
|move|p2a: YUMMMM|Stealth Rock|p1a: Florges
|-sidestart|p1: angre management|move: Stealth Rock
|
|-weather|Sandstorm|[upkeep]
|-damage|p1a: Florges|54\/360 brn|[from] sandstorm
|-damage|p1a: Florges|9\/360 brn|[from] brn
|turn|12
|
|move|p1a: Florges|Moonblast|p2a: YUMMMM
|-damage|p2a: YUMMMM|311\/417
|-unboost|p2a: YUMMMM|spa|1
|move|p2a: YUMMMM|Whirlwind|p1a: Florges
|drag|p1a: Flygon|Flygon, F|220\/301
|-damage|p1a: Flygon|202\/301|[from] Stealth Rock
|
|-weather|Sandstorm|[upkeep]
|-heal|p1a: Flygon|301\/301|[from] move: Wish|[wisher] Florges
|-heal|p2a: YUMMMM|337\/417|[from] item: Leftovers
|turn|13
|-message|angre management forfeited.
|
|win|kokoloko
|raw|Ladder updating...
|leave|angre management
|player|p1
|raw|angre management's rating: 1498 &rarr; <strong>1487<\/strong><br \/>(-11 for losing)
|raw|kokoloko's rating: 1675 &rarr; <strong>1686<\/strong><br \/>(+11 for winning)
|leave|RowDog
|leave|kokoloko
|player|p2