|join|angre management
|join|xMarth
|player|p1|angre management|82
|player|p2|xMarth|153
|gametype|singles
|gen|6
|tier|UU
|rated
|rule|Sleep Clause Mod: Limit one foe put to sleep
|rule|Species Clause: Limit one of each Pokemon
|rule|OHKO Clause: OHKO moves are banned
|rule|Moody Clause: Moody is banned
|rule|Evasion Moves Clause: Evasion moves are banned
|rule|Endless Battle Clause: Forcing endless battles is banned.
|rule|HP Percentage Mod: HP is reported as percentages
|clearpoke
|poke|p1|Victreebel, F
|poke|p1|Darmanitan, F
|poke|p1|Cresselia, F
|poke|p1|Shiftry, M
|poke|p1|Smeargle, M
|poke|p1|Whimsicott, F
|poke|p2|Absol, M
|poke|p2|Empoleon, M
|poke|p2|Noivern, F
|poke|p2|Krookodile, F
|poke|p2|Rotom-Heat
|poke|p2|Chandelure, M
|teampreview
|
|start
|switch|p1a: Cresselia|Cresselia, F|391\/391
|switch|p2a: Noivern|Noivern, F|327\/327
|turn|1
|
|move|p2a: Noivern|Taunt|p1a: Cresselia
|-start|p1a: Cresselia|move: Taunt
|move|p1a: Cresselia|Moonblast|p2a: Noivern
|-supereffective|p2a: Noivern
|-damage|p2a: Noivern|131\/327
|
|turn|2
|
|switch|p2a: Chandelure|Chandelure, M|277\/277
|move|p1a: Cresselia|Psyshock|p2a: Chandelure
|-damage|p2a: Chandelure|172\/277
|
|turn|3
|
|move|p1a: Cresselia|Psyshock|p2a: Chandelure
|-crit|p2a: Chandelure
|-damage|p2a: Chandelure|0 fnt
|faint|p2a: Chandelure
|
|-end|p1a: Cresselia|move: Taunt
|
|switch|p2a: Absol|Absol, M|271\/271
|turn|4
|
|-formechange|p2a: Absol|Absol-Mega
|message|Absol has Mega Evolved into Mega Absol!
|move|p1a: Cresselia|Sunny Day|p1a: Cresselia
|-weather|SunnyDay
|move|p2a: Absol|Swords Dance|p2a: Absol
|-boost|p2a: Absol|atk|2
|
|-weather|SunnyDay|[upkeep]
|turn|5
|
|move|p2a: Absol|Knock Off|p1a: Cresselia
|-supereffective|p1a: Cresselia
|-damage|p1a: Cresselia|0 fnt
|faint|p1a: Cresselia
|
|-weather|SunnyDay|[upkeep]
|
|switch|p1a: Shiftry|Shiftry, M|321\/321
|turn|6
|
|move|p2a: Absol|Sucker Punch|p1a: Shiftry
|-resisted|p1a: Shiftry
|-damage|p1a: Shiftry|78\/321
|move|p1a: Shiftry|Solar Beam|p2a: Absol|[still]
|-prepare|p1a: Shiftry|Solar Beam|p2a: Absol
|-anim|p1a: Shiftry|Solar Beam|p2a: Absol
|-damage|p2a: Absol|0 fnt
|-damage|p1a: Shiftry|46\/321|[from] item: Life Orb
|faint|p2a: Absol
|
|-weather|SunnyDay|[upkeep]
|
|switch|p2a: Rotom-Heat|Rotom-Heat|304\/304
|turn|7
|
|move|p1a: Shiftry|Dark Pulse|p2a: Rotom-Heat
|-damage|p2a: Rotom-Heat|152\/304
|-damage|p1a: Shiftry|14\/321|[from] item: Life Orb
|move|p2a: Rotom-Heat|Volt Switch|p1a: Shiftry
|-resisted|p1a: Shiftry
|-damage|p1a: Shiftry|0 fnt
|faint|p1a: Shiftry
|
|switch|p2a: Empoleon|Empoleon, M|372\/372
|
|-weather|SunnyDay|[upkeep]
|
|switch|p1a: Smeargle|Smeargle, M|251\/251
|turn|8
|
|move|p1a: Smeargle|Spore|p2a: Empoleon
|-status|p2a: Empoleon|slp
|cant|p2a: Empoleon|slp
|
|-weather|SunnyDay|[upkeep]
|turn|9
|
|move|p1a: Smeargle|Stealth Rock|p2a: Empoleon
|-sidestart|p2: xMarth|move: Stealth Rock
|cant|p2a: Empoleon|slp
|
|-weather|SunnyDay|[upkeep]
|turn|10
|
|move|p1a: Smeargle|Explosion|p2a: Empoleon
|-resisted|p2a: Empoleon
|-damage|p2a: Empoleon|273\/372 slp
|faint|p1a: Smeargle
|cant|p2a: Empoleon|slp
|
|-weather|SunnyDay|[upkeep]
|-heal|p2a: Empoleon|296\/372 slp|[from] item: Leftovers
|
|switch|p1a: Darmanitan|Darmanitan, F|351\/351
|turn|11
|
|move|p1a: Darmanitan|Flare Blitz|p2a: Empoleon
|-damage|p2a: Empoleon|0 fnt
|-damage|p1a: Darmanitan|253\/351|[from] recoil|[of] p2a: Empoleon
|faint|p2a: Empoleon
|
|-weather|none
|
|switch|p2a: Krookodile|Krookodile, F|335\/335
|-damage|p2a: Krookodile|315\/335|[from] Stealth Rock
|turn|12
|
|move|p2a: Krookodile|Earthquake|p1a: Darmanitan
|-supereffective|p1a: Darmanitan
|-damage|p1a: Darmanitan|0 fnt
|faint|p1a: Darmanitan
|-boost|p2a: Krookodile|atk|1|[from] ability: Moxie
|
|
|switch|p1a: Whimsicott|Whimsicott, F|324\/324
|turn|13
|
|switch|p2a: Noivern|Noivern, F|131\/327
|-damage|p2a: Noivern|50\/327|[from] Stealth Rock
|move|p1a: Whimsicott|Sunny Day|p1a: Whimsicott
|-weather|SunnyDay
|
|-weather|SunnyDay|[upkeep]
|turn|14
|
|move|p1a: Whimsicott|Memento|p2a: Noivern
|-unboost|p2a: Noivern|atk|2
|-unboost|p2a: Noivern|spa|2
|faint|p1a: Whimsicott
|move|p2a: Noivern|Roost|p2a: Noivern
|-heal|p2a: Noivern|214\/327
|
|-weather|SunnyDay|[upkeep]
|
|switch|p1a: Victreebel|Victreebel, F|301\/301
|turn|15
|
|move|p1a: Victreebel|Sludge Bomb|p2a: Noivern
|-damage|p2a: Noivern|0 fnt
|-damage|p1a: Victreebel|271\/301|[from] item: Life Orb
|faint|p2a: Noivern
|
|-weather|SunnyDay|[upkeep]
|
|switch|p2a: Rotom-Heat|Rotom-Heat|152\/304
|-damage|p2a: Rotom-Heat|76\/304|[from] Stealth Rock
|turn|16
|
|move|p1a: Victreebel|Solar Beam|p2a: Rotom-Heat|[still]
|-prepare|p1a: Victreebel|Solar Beam|p2a: Rotom-Heat
|-anim|p1a: Victreebel|Solar Beam|p2a: Rotom-Heat
|-resisted|p2a: Rotom-Heat
|-damage|p2a: Rotom-Heat|0 fnt
|-damage|p1a: Victreebel|241\/301|[from] item: Life Orb
|faint|p2a: Rotom-Heat
|
|-weather|SunnyDay|[upkeep]
|
|switch|p2a: Krookodile|Krookodile, F|315\/335
|-damage|p2a: Krookodile|295\/335|[from] Stealth Rock
|turn|17
|
|move|p1a: Victreebel|Solar Beam|p2a: Krookodile|[still]
|-prepare|p1a: Victreebel|Solar Beam|p2a: Krookodile
|-anim|p1a: Victreebel|Solar Beam|p2a: Krookodile
|-supereffective|p2a: Krookodile
|-damage|p2a: Krookodile|0 fnt
|-damage|p1a: Victreebel|211\/301|[from] item: Life Orb
|faint|p2a: Krookodile
|
|win|angre management
|raw|Ladder updating...
|raw|angre management's rating: 1560 &rarr; <strong>1587<\/strong><br \/>(+27 for winning)
|raw|xMarth's rating: 1682 &rarr; <strong>1655<\/strong><br \/>(-27 for losing)
|leave|angre management
|player|p1
|leave|xMarth
|player|p2
|join|angre management