|join|angre management
|join|aqbf
|player|p1|angre management|140
|player|p2|aqbf|4
|gametype|singles
|gen|6
|tier|UU
|rated
|rule|Sleep Clause Mod: Limit one foe put to sleep
|rule|Species Clause: Limit one of each PokÃ©mon
|rule|OHKO Clause: OHKO moves are banned
|rule|Moody Clause: Moody is banned
|rule|Evasion Moves Clause: Evasion moves are banned
|rule|Endless Battle Clause: Forcing endless battles is banned
|rule|HP Percentage Mod: HP is shown in percentages
|clearpoke
|poke|p1|Kingdra, F
|poke|p1|Lucario, M
|poke|p1|Nidoqueen, F
|poke|p1|Tornadus, M, shiny
|poke|p1|Azelf, shiny
|poke|p1|Diggersby, F
|poke|p2|Toxicroak, F
|poke|p2|Chandelure, M
|poke|p2|Aerodactyl, F, shiny
|poke|p2|Krookodile, M
|poke|p2|Swampert, F
|poke|p2|Whimsicott, F
|rule|Swagger Clause: Swagger is banned
|rule|Baton Pass Clause: Limit one PokÃ©mon knowing Baton Pass
|teampreview
|
|start
|switch|p1a: Dudeman130498|Azelf, shiny|291\/291
|switch|p2a: Crocomire|Krookodile, M|332\/332
|turn|1
|
|move|p2a: Crocomire|Knock Off|p1a: Dudeman130498
|-supereffective|p1a: Dudeman130498
|-enditem|p1a: Dudeman130498|Focus Sash
|-damage|p1a: Dudeman130498|1\/291
|move|p1a: Dudeman130498|Stealth Rock|p2a: Crocomire
|-sidestart|p2: aqbf|move: Stealth Rock
|
|turn|2
|
|switch|p1a: ahyueah|Lucario, M|289\/289
|move|p2a: Crocomire|Knock Off|p1a: ahyueah
|-resisted|p1a: ahyueah
|-damage|p1a: ahyueah|172\/289
|-enditem|p1a: ahyueah|Life Orb|[from] move: Knock Off|[of] p2a: Crocomire
|
|turn|3
|c|âaqbf|wut
|
|switch|p2a: Kraid|Swampert, F|404\/404
|-damage|p2a: Kraid|379\/404|[from] Stealth Rock
|move|p1a: ahyueah|Flash Cannon|p2a: Kraid
|-resisted|p2a: Kraid
|-damage|p2a: Kraid|302\/404
|
|-heal|p2a: Kraid|327\/404|[from] item: Leftovers
|turn|4
|
|move|p1a: ahyueah|Aura Sphere|p2a: Kraid
|-damage|p2a: Kraid|182\/404
|move|p2a: Kraid|Earthquake|p1a: ahyueah
|-supereffective|p1a: ahyueah
|-damage|p1a: ahyueah|0 fnt
|faint|p1a: ahyueah
|
|-heal|p2a: Kraid|207\/404|[from] item: Leftovers
|
|switch|p1a: Dudeman130498|Azelf, shiny|1\/291
|turn|5
|
|move|p1a: Dudeman130498|Knock Off|p2a: Kraid
|-damage|p2a: Kraid|128\/404
|-enditem|p2a: Kraid|Leftovers|[from] move: Knock Off|[of] p1a: Dudeman130498
|move|p2a: Kraid|Stealth Rock|p1a: Dudeman130498
|-sidestart|p1: angre management|move: Stealth Rock
|
|turn|6
|
|move|p1a: Dudeman130498|Explosion|p2a: Kraid|[still]
|-activate|p2a: Kraid|ability: Damp
|move|p2a: Kraid|Scald|p1a: Dudeman130498
|-damage|p1a: Dudeman130498|0 fnt
|faint|p1a: Dudeman130498
|
|
|switch|p1a: King UU|Nidoqueen, F|351\/351
|-damage|p1a: King UU|330\/351|[from] Stealth Rock
|turn|7
|c|âaqbf|kink uu! :O
|
|move|p1a: King UU|Earth Power|p2a: Kraid
|-damage|p2a: Kraid|0 fnt
|faint|p2a: Kraid
|
|
|switch|p2a: Crocomire|Krookodile, M|332\/332
|-damage|p2a: Crocomire|312\/332|[from] Stealth Rock
|turn|8
|
|switch|p1a: Technosis|Tornadus, M, shiny|299\/299
|-damage|p1a: Technosis|225\/299|[from] Stealth Rock
|move|p2a: Crocomire|Knock Off|p1a: Technosis
|-damage|p1a: Technosis|74\/299
|
|turn|9
|c|âaqbf|bu acro tornadus best tornadus
|
|move|p1a: Technosis|Tailwind|p1a: Technosis
|-sidestart|p1: angre management|move: Tailwind
|move|p2a: Crocomire|Knock Off|p1a: Technosis
|-damage|p1a: Technosis|0 fnt
|faint|p1a: Technosis
|-boost|p2a: Crocomire|atk|1|[from] ability: Moxie
|
|
|switch|p1a: sniperaim|Kingdra, F|305\/305
|-damage|p1a: sniperaim|267\/305|[from] Stealth Rock
|turn|10
|
|switch|p2a: Toxicroak|Toxicroak, F|328\/328
|-damage|p2a: Toxicroak|308\/328|[from] Stealth Rock
|move|p1a: sniperaim|Surf|p2a: Toxicroak
|-heal|p2a: Toxicroak|328\/328|[from] ability: Dry Skin|[of] p1a: sniperaim
|
|turn|11
|
|switch|p1a: King UU|Nidoqueen, F|330\/351
|-damage|p1a: King UU|309\/351|[from] Stealth Rock
|move|p2a: Toxicroak|Swords Dance|p2a: Toxicroak
|-boost|p2a: Toxicroak|atk|2
|
|turn|12
|
|move|p2a: Toxicroak|Sucker Punch|p1a: King UU
|-damage|p1a: King UU|27\/351
|-damage|p2a: Toxicroak|296\/328|[from] item: Life Orb
|move|p1a: King UU|Earth Power|p2a: Toxicroak
|-supereffective|p2a: Toxicroak
|-damage|p2a: Toxicroak|0 fnt
|faint|p2a: Toxicroak
|
|-sideend|p1: angre management|move: Tailwind
|
|switch|p2a: Whimsicott|Whimsicott, F|261\/261
|-damage|p2a: Whimsicott|229\/261|[from] Stealth Rock
|turn|13
|-message|angre management forfeited.
|
|win|aqbf
|raw|Ladder updating...
|leave|angre management
|player|p1
|raw|angre management's rating: 1528 &rarr; <strong>1509<\/strong><br \/>(-19 for losing)
|raw|aqbf's rating: 1538 &rarr; <strong>1557<\/strong><br \/>(+19 for winning)