|join|angre management
|join|blisscock
|player|p1|angre management|82
|player|p2|blisscock|182
|gametype|singles
|gen|6
|tier|UU
|rule|Sleep Clause Mod: Limit one foe put to sleep
|rule|Species Clause: Limit one of each PokÃ©mon
|rule|OHKO Clause: OHKO moves are banned
|rule|Moody Clause: Moody is banned
|rule|Evasion Moves Clause: Evasion moves are banned
|rule|Endless Battle Clause: Forcing endless battles is banned
|rule|HP Percentage Mod: HP is shown in percentages
|clearpoke
|poke|p1|Florges, F
|poke|p1|Flygon, F
|poke|p1|Suicune
|poke|p1|Lucario, F
|poke|p1|Swampert, F
|poke|p1|Reuniclus, F
|poke|p2|Krookodile, F
|poke|p2|Chandelure, M
|poke|p2|Gligar, M
|poke|p2|Roserade, M
|poke|p2|Blastoise, M
|poke|p2|Mienshao, M
|rule|Swagger Clause: Swagger is banned
|rule|Baton Pass Clause: Limit one PokÃ©mon knowing Baton Pass
|teampreview
|
|start
|switch|p1a: Florges|Florges, F|360\/360
|switch|p2a: Gligar|Gligar, M|334\/334
|turn|1
|join|Kawabanga-kun
|join|ahyueah
|join|so dynamic
|
|switch|p1a: Swampert|Swampert, F|401\/401
|move|p2a: Gligar|Stealth Rock|p1a: Swampert
|-sidestart|p1: angre management|move: Stealth Rock
|
|turn|2
|join|silverbackkap
|join|Hotarubi
|
|move|p2a: Gligar|U-turn|p1a: Swampert
|-damage|p1a: Swampert|364\/401
|
|switch|p2a: Roserade|Roserade, M|262\/262
|move|p1a: Swampert|Earthquake|p2a: Roserade
|-damage|p2a: Roserade|60\/262
|
|-heal|p2a: Roserade|76\/262|[from] item: Black Sludge
|-heal|p1a: Swampert|389\/401|[from] item: Leftovers
|turn|3
|
|switch|p1a: Flygon|Flygon, F|301\/301
|-damage|p1a: Flygon|283\/301|[from] Stealth Rock
|move|p2a: Roserade|Sleep Powder|p1a: Flygon|[miss]
|-miss|p2a: Roserade|p1a: Flygon
|
|-heal|p2a: Roserade|92\/262|[from] item: Black Sludge
|turn|4
|join|test alt 9003
|
|switch|p2a: Gligar|Gligar, M|334\/334
|move|p1a: Flygon|U-turn|p2a: Gligar
|-resisted|p2a: Gligar
|-damage|p2a: Gligar|313\/334
|
|switch|p1a: Reuniclus|Reuniclus, F|422\/422
|
|turn|5
|
|move|p2a: Gligar|U-turn|p1a: Reuniclus
|-supereffective|p1a: Reuniclus
|-damage|p1a: Reuniclus|342\/422
|
|switch|p2a: Chandelure|Chandelure, M|261\/261
|move|p1a: Reuniclus|Signal Beam|p2a: Chandelure
|-resisted|p2a: Chandelure
|-damage|p2a: Chandelure|238\/261
|
|-heal|p2a: Chandelure|254\/261|[from] item: Leftovers
|turn|6
|join|Kushalos
|
|switch|p1a: Suicune|Suicune|401\/401
|-damage|p1a: Suicune|351\/401|[from] Stealth Rock
|-ability|p1a: Suicune|Pressure
|move|p2a: Chandelure|Shadow Ball|p1a: Suicune
|-damage|p1a: Suicune|210\/401
|
|-heal|p2a: Chandelure|261\/261|[from] item: Leftovers
|-heal|p1a: Suicune|235\/401|[from] item: Leftovers
|turn|7
|
|move|p2a: Chandelure|Shadow Ball|p1a: Suicune
|-damage|p1a: Suicune|100\/401
|-unboost|p1a: Suicune|spd|1
|move|p1a: Suicune|Scald|p2a: Chandelure
|-supereffective|p2a: Chandelure
|-damage|p2a: Chandelure|85\/261
|
|-heal|p2a: Chandelure|101\/261|[from] item: Leftovers
|-heal|p1a: Suicune|125\/401|[from] item: Leftovers
|turn|8
|
|switch|p1a: Flygon|Flygon, F|283\/301
|-damage|p1a: Flygon|265\/301|[from] Stealth Rock
|move|p2a: Chandelure|Shadow Ball|p1a: Flygon
|-damage|p1a: Flygon|84\/301
|
|-heal|p2a: Chandelure|117\/261|[from] item: Leftovers
|turn|9
|
|move|p1a: Flygon|Defog|p2a: Chandelure
|-unboost|p2a: Chandelure|evasion|1
|-sideend|p1: angre management|Stealth Rock|[from] move: Defog|[of] p1a: Flygon
|move|p2a: Chandelure|Shadow Ball|p1a: Flygon
|-damage|p1a: Flygon|0 fnt
|faint|p1a: Flygon
|
|-heal|p2a: Chandelure|133\/261|[from] item: Leftovers
|
|switch|p1a: Swampert|Swampert, F|389\/401
|turn|10
|
|switch|p2a: Blastoise|Blastoise, M|347\/347
|move|p1a: Swampert|Scald|p2a: Blastoise
|-resisted|p2a: Blastoise
|-damage|p2a: Blastoise|311\/347
|
|-heal|p1a: Swampert|401\/401|[from] item: Leftovers
|turn|11
|join|Buuskeri
|
|detailschange|p2a: Blastoise|Blastoise-Mega, M
|message|Blastoise has Mega Evolved into Mega Blastoise!
|move|p2a: Blastoise|Scald|p1a: Swampert
|-damage|p1a: Swampert|226\/401
|move|p1a: Swampert|Earthquake|p2a: Blastoise
|-damage|p2a: Blastoise|199\/347
|
|-heal|p1a: Swampert|251\/401|[from] item: Leftovers
|turn|12
|
|switch|p1a: Florges|Florges, F|360\/360
|move|p2a: Blastoise|Scald|p1a: Florges
|-damage|p1a: Florges|252\/360
|
|-heal|p1a: Florges|274\/360|[from] item: Leftovers
|turn|13
|join|Meruu
|
|switch|p2a: Roserade|Roserade, M|92\/262
|move|p1a: Florges|Wish|p1a: Florges
|
|-heal|p2a: Roserade|108\/262|[from] item: Black Sludge
|-heal|p1a: Florges|296\/360|[from] item: Leftovers
|turn|14
|
|switch|p1a: Reuniclus|Reuniclus, F|342\/422
|move|p2a: Roserade|Toxic Spikes|p1a: Reuniclus
|-sidestart|p1: angre management|move: Toxic Spikes
|
|-heal|p1a: Reuniclus|422\/422|[from] move: Wish|[wisher] Florges
|-heal|p2a: Roserade|124\/262|[from] item: Black Sludge
|turn|15
|leave|Buuskeri
|
|switch|p2a: Krookodile|Krookodile, F|332\/332
|-ability|p2a: Krookodile|Intimidate|[of] p1a: Reuniclus
|-unboost|p1a: Reuniclus|atk|1
|move|p1a: Reuniclus|Psychic|p2a: Krookodile
|-immune|p2a: Krookodile|[msg]
|
|turn|16
|
|move|p2a: Krookodile|Knock Off|p1a: Reuniclus
|-supereffective|p1a: Reuniclus
|-damage|p1a: Reuniclus|26\/422
|-enditem|p1a: Reuniclus|Life Orb|[from] move: Knock Off|[of] p2a: Krookodile
|move|p1a: Reuniclus|Signal Beam|p2a: Krookodile
|-supereffective|p2a: Krookodile
|-damage|p2a: Krookodile|134\/332
|
|turn|17
|
|move|p2a: Krookodile|Knock Off|p1a: Reuniclus
|-crit|p1a: Reuniclus
|-supereffective|p1a: Reuniclus
|-damage|p1a: Reuniclus|0 fnt
|faint|p1a: Reuniclus
|
|
|switch|p1a: Lucario|Lucario, F|289\/289
|turn|18
|leave|silverbackkap
|join|CloseCombatSnorlax
|
|switch|p2a: Gligar|Gligar, M|313\/334
|move|p1a: Lucario|Flash Cannon|p2a: Gligar
|-damage|p2a: Gligar|203\/334
|-damage|p1a: Lucario|261\/289|[from] item: Life Orb
|
|turn|19
|
|move|p1a: Lucario|Nasty Plot|p1a: Lucario
|-boost|p1a: Lucario|spa|2
|move|p2a: Gligar|Roost|p2a: Gligar
|-heal|p2a: Gligar|334\/334
|
|turn|20
|
|move|p1a: Lucario|Flash Cannon|p2a: Gligar
|-damage|p2a: Gligar|95\/334
|-damage|p1a: Lucario|233\/289|[from] item: Life Orb
|move|p2a: Gligar|Earthquake|p1a: Lucario
|-supereffective|p1a: Lucario
|-damage|p1a: Lucario|0 fnt
|faint|p1a: Lucario
|
|c| test alt 9003|dat eviolite
|c|âangre management|it sp.def
|-message|angre management forfeited.
|
|win|blisscock
|leave|angre management
|player|p1
|leave|ahyueah
|join|Free Baton Pass