|join|Scizeon
|join|fev'
|player|p1|Scizeon|1
|player|p2|fev'|102
|gametype|singles
|gen|6
|tier|ORAS OU
|rated
|rule|Sleep Clause Mod: Limit one foe put to sleep
|rule|Species Clause: Limit one of each PokÃ©mon
|rule|OHKO Clause: OHKO moves are banned
|rule|Moody Clause: Moody is banned
|rule|Evasion Moves Clause: Evasion moves are banned
|rule|Endless Battle Clause: Forcing endless battles is banned
|rule|HP Percentage Mod: HP is shown in percentages
|clearpoke
|poke|p1|Altaria, F
|poke|p1|Skarmory, F
|poke|p1|Tentacruel, F
|poke|p1|Rotom-Heat
|poke|p1|Ferrothorn, F
|poke|p1|Mew
|poke|p2|Altaria, M
|poke|p2|Ferrothorn, F
|poke|p2|Landorus-Therian, M
|poke|p2|Rotom-Wash
|poke|p2|Gothitelle, M
|poke|p2|Slowbro, M
|rule|Swagger Clause: Swagger is banned
|rule|Baton Pass Clause: Limit one PokÃ©mon knowing Baton Pass
|teampreview
|
|start
|switch|p1a: Rotom-Heat|Rotom-Heat|304\/304
|switch|p2a: Rotom-Wash|Rotom-Wash|303\/303
|turn|1
|
|switch|p1a: Mew|Mew|404\/404
|move|p2a: Rotom-Wash|Volt Switch|p1a: Mew
|-damage|p1a: Mew|340\/404
|
|switch|p2a: Landorus-Therian|Landorus-Therian, M|325\/325
|-ability|p2a: Landorus-Therian|Intimidate|[of] p1a: Mew
|-unboost|p1a: Mew|atk|1
|
|-heal|p1a: Mew|365\/404|[from] item: Leftovers
|turn|2
|
|move|p2a: Landorus-Therian|U-turn|p1a: Mew
|-supereffective|p1a: Mew
|-damage|p1a: Mew|177\/404
|
|switch|p2a: Gothitelle|Gothitelle, M|305\/305
|move|p1a: Mew|Will-O-Wisp|p2a: Gothitelle
|-status|p2a: Gothitelle|brn
|
|-heal|p1a: Mew|202\/404|[from] item: Leftovers
|-damage|p2a: Gothitelle|267\/305 brn|[from] brn
|turn|3
|
|move|p1a: Mew|Knock Off|p2a: Gothitelle
|-crit|p2a: Gothitelle
|-supereffective|p2a: Gothitelle
|-damage|p2a: Gothitelle|47\/305 brn
|-enditem|p2a: Gothitelle|Choice Specs|[from] move: Knock Off|[of] p1a: Mew
|move|p2a: Gothitelle|Trick|p1a: Mew
|-activate|p2a: Gothitelle|move: Trick|[of] p1a: Mew
|-item|p2a: Gothitelle|Leftovers|[from] move: Trick
|
|-heal|p2a: Gothitelle|66\/305 brn|[from] item: Leftovers
|-damage|p2a: Gothitelle|28\/305 brn|[from] brn
|turn|4
|
|move|p1a: Mew|Knock Off|p2a: Gothitelle
|-supereffective|p2a: Gothitelle
|-damage|p2a: Gothitelle|0 fnt
|-enditem|p2a: Gothitelle|Leftovers|[from] move: Knock Off|[of] p1a: Mew
|faint|p2a: Gothitelle
|
|
|switch|p2a: Landorus-Therian|Landorus-Therian, M|325\/325
|-ability|p2a: Landorus-Therian|Intimidate|[of] p1a: Mew
|-unboost|p1a: Mew|atk|1
|turn|5
|
|switch|p1a: Skarmory|Skarmory, F|334\/334
|move|p2a: Landorus-Therian|U-turn|p1a: Skarmory
|-resisted|p1a: Skarmory
|-damage|p1a: Skarmory|322\/334
|
|switch|p2a: Rotom-Wash|Rotom-Wash|303\/303
|
|-heal|p1a: Skarmory|334\/334|[from] item: Leftovers
|turn|6
|
|switch|p1a: Ferrothorn|Ferrothorn, F|352\/352
|move|p2a: Rotom-Wash|Volt Switch|p1a: Ferrothorn
|-resisted|p1a: Ferrothorn
|-damage|p1a: Ferrothorn|313\/352
|
|switch|p2a: Landorus-Therian|Landorus-Therian, M|325\/325
|-ability|p2a: Landorus-Therian|Intimidate|[of] p1a: Ferrothorn
|-unboost|p1a: Ferrothorn|atk|1
|
|-heal|p1a: Ferrothorn|335\/352|[from] item: Leftovers
|turn|7
|c|âfev'|I have nothing to beat your ferrothorn now
|c|âfev'|gg
|
|move|p2a: Landorus-Therian|Knock Off|p1a: Ferrothorn
|-damage|p1a: Ferrothorn|264\/352
|-damage|p2a: Landorus-Therian|285\/325|[from] ability: Iron Barbs|[of] p1a: Ferrothorn
|-enditem|p1a: Ferrothorn|Leftovers|[from] move: Knock Off|[of] p2a: Landorus-Therian
|move|p1a: Ferrothorn|Stealth Rock|p2a: Landorus-Therian
|-sidestart|p2: fev'|move: Stealth Rock
|
|turn|8
|
|switch|p2a: Slowbro|Slowbro, M|393\/393
|-damage|p2a: Slowbro|344\/393|[from] Stealth Rock
|move|p1a: Ferrothorn|Leech Seed|p2a: Slowbro
|-start|p2a: Slowbro|move: Leech Seed
|
|-heal|p2a: Slowbro|368\/393|[from] item: Leftovers
|-damage|p2a: Slowbro|319\/393|[from] Leech Seed|[of] p1a: Ferrothorn
|-heal|p1a: Ferrothorn|313\/352|[silent]
|turn|9
|
|switch|p1a: Mew|Mew|202\/404
|move|p2a: Slowbro|Scald|p1a: Mew
|-damage|p1a: Mew|135\/404
|
|-heal|p2a: Slowbro|343\/393|[from] item: Leftovers
|-damage|p2a: Slowbro|294\/393|[from] Leech Seed|[of] p1a: Mew
|-heal|p1a: Mew|184\/404|[silent]
|turn|10
|
|switch|p2a: Landorus-Therian|Landorus-Therian, M|285\/325
|-damage|p2a: Landorus-Therian|245\/325|[from] Stealth Rock
|-ability|p2a: Landorus-Therian|Intimidate|[of] p1a: Mew
|-unboost|p1a: Mew|atk|1
|move|p1a: Mew|Will-O-Wisp|p2a: Landorus-Therian
|-status|p2a: Landorus-Therian|brn
|
|-damage|p2a: Landorus-Therian|205\/325 brn|[from] brn
|turn|11
|
|move|p2a: Landorus-Therian|U-turn|p1a: Mew
|-supereffective|p1a: Mew
|-damage|p1a: Mew|100\/404
|
|switch|p2a: Rotom-Wash|Rotom-Wash|303\/303
|-damage|p2a: Rotom-Wash|266\/303|[from] Stealth Rock
|move|p1a: Mew|Soft-Boiled|p1a: Mew
|-heal|p1a: Mew|302\/404
|
|turn|12
|
|move|p1a: Mew|Knock Off|p2a: Rotom-Wash
|-damage|p2a: Rotom-Wash|230\/303
|-enditem|p2a: Rotom-Wash|Chesto Berry|[from] move: Knock Off|[of] p1a: Mew
|move|p2a: Rotom-Wash|Volt Switch|p1a: Mew
|-crit|p1a: Mew
|-damage|p1a: Mew|212\/404
|
|switch|p2a: Altaria|Altaria, M|291\/291
|-damage|p2a: Altaria|219\/291|[from] Stealth Rock
|
|turn|13
|
|detailschange|p2a: Altaria|Altaria-Mega, M
|message|Altaria has Mega Evolved into Mega Altaria!
|move|p2a: Altaria|Return|p1a: Mew
|-damage|p1a: Mew|0 fnt
|faint|p1a: Mew
|
|
|switch|p1a: Skarmory|Skarmory, F|334\/334
|turn|14
|
|switch|p2a: Rotom-Wash|Rotom-Wash|230\/303
|-damage|p2a: Rotom-Wash|193\/303|[from] Stealth Rock
|move|p1a: Skarmory|Spikes|p2a: Rotom-Wash
|-sidestart|p2: fev'|Spikes
|
|turn|15
|
|switch|p1a: Rotom-Heat|Rotom-Heat|304\/304
|move|p2a: Rotom-Wash|Volt Switch|p1a: Rotom-Heat
|-crit|p1a: Rotom-Heat
|-resisted|p1a: Rotom-Heat
|-damage|p1a: Rotom-Heat|261\/304
|
|switch|p2a: Landorus-Therian|Landorus-Therian, M|205\/325 brn
|-damage|p2a: Landorus-Therian|165\/325 brn|[from] Stealth Rock
|-ability|p2a: Landorus-Therian|Intimidate|[of] p1a: Rotom-Heat
|-unboost|p1a: Rotom-Heat|atk|1
|
|-heal|p1a: Rotom-Heat|280\/304|[from] item: Leftovers
|-damage|p2a: Landorus-Therian|125\/325 brn|[from] brn
|turn|16
|
|move|p2a: Landorus-Therian|Knock Off|p1a: Rotom-Heat
|-crit|p1a: Rotom-Heat
|-damage|p1a: Rotom-Heat|198\/304
|-enditem|p1a: Rotom-Heat|Leftovers|[from] move: Knock Off|[of] p2a: Landorus-Therian
|move|p1a: Rotom-Heat|Overheat|p2a: Landorus-Therian
|-crit|p2a: Landorus-Therian
|-damage|p2a: Landorus-Therian|0 fnt
|-unboost|p1a: Rotom-Heat|spa|2
|faint|p2a: Landorus-Therian
|
|
|switch|p2a: Rotom-Wash|Rotom-Wash|193\/303
|-damage|p2a: Rotom-Wash|156\/303|[from] Stealth Rock
|turn|17
|
|switch|p1a: Ferrothorn|Ferrothorn, F|313\/352
|move|p2a: Rotom-Wash|Will-O-Wisp|p1a: Ferrothorn
|-status|p1a: Ferrothorn|brn
|
|-damage|p1a: Ferrothorn|269\/352 brn|[from] brn
|turn|18
|
|move|p2a: Rotom-Wash|Volt Switch|p1a: Ferrothorn
|-resisted|p1a: Ferrothorn
|-damage|p1a: Ferrothorn|230\/352 brn
|
|switch|p2a: Ferrothorn|Ferrothorn, F|352\/352
|-damage|p2a: Ferrothorn|330\/352|[from] Stealth Rock
|-damage|p2a: Ferrothorn|286\/352|[from] Spikes
|move|p1a: Ferrothorn|Leech Seed|p2a: Ferrothorn|[miss]
|-miss|p1a: Ferrothorn|p2a: Ferrothorn
|
|-heal|p2a: Ferrothorn|308\/352|[from] item: Leftovers
|-damage|p1a: Ferrothorn|186\/352 brn|[from] brn
|turn|19
|
|switch|p1a: Tentacruel|Tentacruel, F|364\/364
|move|p2a: Ferrothorn|Stealth Rock|p1a: Tentacruel
|-sidestart|p1: Scizeon|move: Stealth Rock
|
|-heal|p2a: Ferrothorn|330\/352|[from] item: Leftovers
|turn|20
|
|move|p1a: Tentacruel|Rapid Spin|p2a: Ferrothorn
|-resisted|p2a: Ferrothorn
|-damage|p2a: Ferrothorn|326\/352
|-damage|p1a: Tentacruel|319\/364|[from] ability: Iron Barbs|[of] p2a: Ferrothorn
|-sideend|p1: Scizeon|Stealth Rock|[from] move: Rapid Spin|[of] p1a: Tentacruel
|move|p2a: Ferrothorn|Stealth Rock|p1a: Tentacruel
|-sidestart|p1: Scizeon|move: Stealth Rock
|
|-heal|p1a: Tentacruel|341\/364|[from] item: Black Sludge
|-heal|p2a: Ferrothorn|348\/352|[from] item: Leftovers
|turn|21
|
|switch|p2a: Rotom-Wash|Rotom-Wash|156\/303
|-damage|p2a: Rotom-Wash|119\/303|[from] Stealth Rock
|move|p1a: Tentacruel|Toxic Spikes|p2a: Rotom-Wash
|-sidestart|p2: fev'|move: Toxic Spikes
|
|-heal|p1a: Tentacruel|363\/364|[from] item: Black Sludge
|turn|22
|
|move|p1a: Tentacruel|Rapid Spin|p2a: Rotom-Wash
|-damage|p2a: Rotom-Wash|111\/303
|-sideend|p1: Scizeon|Stealth Rock|[from] move: Rapid Spin|[of] p1a: Tentacruel
|move|p2a: Rotom-Wash|Will-O-Wisp|p1a: Tentacruel
|-status|p1a: Tentacruel|brn
|
|-heal|p1a: Tentacruel|364\/364 brn|[from] item: Black Sludge
|-damage|p1a: Tentacruel|319\/364 brn|[from] brn
|turn|23
|
|move|p1a: Tentacruel|Scald|p2a: Rotom-Wash
|-resisted|p2a: Rotom-Wash
|-damage|p2a: Rotom-Wash|73\/303
|move|p2a: Rotom-Wash|Volt Switch|p1a: Tentacruel
|-supereffective|p1a: Tentacruel
|-damage|p1a: Tentacruel|181\/364 brn
|
|switch|p2a: Altaria|Altaria-Mega, M|219\/291
|-status|p2a: Altaria|psn
|-damage|p2a: Altaria|183\/291 psn|[from] Spikes
|-damage|p2a: Altaria|147\/291 psn|[from] Stealth Rock
|
|-heal|p1a: Tentacruel|203\/364 brn|[from] item: Black Sludge
|-damage|p2a: Altaria|111\/291 psn|[from] psn
|-damage|p1a: Tentacruel|158\/364 brn|[from] brn
|turn|24
|
|switch|p1a: Skarmory|Skarmory, F|334\/334
|move|p2a: Altaria|Earthquake|p1a: Skarmory
|-immune|p1a: Skarmory|[msg]
|
|-damage|p2a: Altaria|75\/291 psn|[from] psn
|turn|25
|
|switch|p2a: Rotom-Wash|Rotom-Wash|73\/303
|-damage|p2a: Rotom-Wash|36\/303|[from] Stealth Rock
|move|p1a: Skarmory|Whirlwind|p2a: Rotom-Wash
|drag|p2a: Altaria|Altaria-Mega, M|75\/291 psn
|-damage|p2a: Altaria|39\/291 psn|[from] Stealth Rock
|-damage|p2a: Altaria|3\/291 psn|[from] Spikes
|
|-damage|p2a: Altaria|0 fnt|[from] psn
|faint|p2a: Altaria
|
|switch|p2a: Slowbro|Slowbro, M|393\/393
|-damage|p2a: Slowbro|344\/393|[from] Spikes
|-damage|p2a: Slowbro|295\/393|[from] Stealth Rock
|-status|p2a: Slowbro|psn
|turn|26
|
|move|p1a: Skarmory|Spikes|p2a: Slowbro
|-sidestart|p2: fev'|Spikes
|move|p2a: Slowbro|Scald|p1a: Skarmory
|-crit|p1a: Skarmory
|-damage|p1a: Skarmory|151\/334
|
|-heal|p1a: Skarmory|171\/334|[from] item: Leftovers
|-heal|p2a: Slowbro|319\/393 psn|[from] item: Leftovers
|-damage|p2a: Slowbro|270\/393 psn|[from] psn
|turn|27
|
|move|p1a: Skarmory|Spikes|p2a: Slowbro
|-sidestart|p2: fev'|Spikes
|move|p2a: Slowbro|Scald|p1a: Skarmory
|-damage|p1a: Skarmory|44\/334
|
|-heal|p1a: Skarmory|64\/334|[from] item: Leftovers
|-heal|p2a: Slowbro|294\/393 psn|[from] item: Leftovers
|-damage|p2a: Slowbro|245\/393 psn|[from] psn
|turn|28
|c|âfev'|you have a good stall team bro
|
|move|p1a: Skarmory|Brave Bird|p2a: Slowbro
|-damage|p2a: Slowbro|161\/393 psn
|-damage|p1a: Skarmory|36\/334|[from] recoil|[of] p2a: Slowbro
|move|p2a: Slowbro|Scald|p1a: Skarmory
|-damage|p1a: Skarmory|0 fnt
|faint|p1a: Skarmory
|
|-heal|p2a: Slowbro|185\/393 psn|[from] item: Leftovers
|-damage|p2a: Slowbro|136\/393 psn|[from] psn
|
|switch|p1a: Rotom-Heat|Rotom-Heat|198\/304
|turn|29
|
|move|p1a: Rotom-Heat|Volt Switch|p2a: Slowbro
|-supereffective|p2a: Slowbro
|-damage|p2a: Slowbro|0 fnt
|faint|p2a: Slowbro
|
|switch|p1a: Altaria|Altaria, F|292\/292
|
|
|switch|p2a: Ferrothorn|Ferrothorn, F|348\/352
|-damage|p2a: Ferrothorn|260\/352|[from] Spikes
|-damage|p2a: Ferrothorn|238\/352|[from] Stealth Rock
|turn|30
|c|âfev'|gg
|
|switch|p1a: Tentacruel|Tentacruel, F|158\/364 brn
|move|p2a: Ferrothorn|Leech Seed|p1a: Tentacruel
|-start|p1a: Tentacruel|move: Leech Seed
|
|-heal|p1a: Tentacruel|180\/364 brn|[from] item: Black Sludge
|-heal|p2a: Ferrothorn|260\/352|[from] item: Leftovers
|-damage|p1a: Tentacruel|135\/364 brn|[from] Leech Seed|[of] p2a: Ferrothorn
|-damage|p2a: Ferrothorn|215\/352|[from] ability: Liquid Ooze|[of] p1a: Tentacruel
|-damage|p1a: Tentacruel|90\/364 brn|[from] brn
|turn|31
|
|move|p1a: Tentacruel|Scald|p2a: Ferrothorn
|-resisted|p2a: Ferrothorn
|-damage|p2a: Ferrothorn|185\/352
|move|p2a: Ferrothorn|Stealth Rock|p1a: Tentacruel
|-sidestart|p1: Scizeon|move: Stealth Rock
|
|-heal|p1a: Tentacruel|112\/364 brn|[from] item: Black Sludge
|-heal|p2a: Ferrothorn|207\/352|[from] item: Leftovers
|-damage|p1a: Tentacruel|67\/364 brn|[from] Leech Seed|[of] p2a: Ferrothorn
|-damage|p2a: Ferrothorn|162\/352|[from] ability: Liquid Ooze|[of] p1a: Tentacruel
|-damage|p1a: Tentacruel|22\/364 brn|[from] brn
|turn|32
|
|move|p2a: Ferrothorn|Protect|p2a: Ferrothorn
|-singleturn|p2a: Ferrothorn|Protect
|move|p1a: Tentacruel|Scald|p2a: Ferrothorn
|-activate|p2a: Ferrothorn|Protect
|
|-heal|p1a: Tentacruel|44\/364 brn|[from] item: Black Sludge
|-heal|p2a: Ferrothorn|184\/352|[from] item: Leftovers
|-damage|p1a: Tentacruel|0 fnt|[from] Leech Seed|[of] p2a: Ferrothorn
|-damage|p2a: Ferrothorn|140\/352|[from] ability: Liquid Ooze|[of] p1a: Tentacruel
|faint|p1a: Tentacruel
|
|switch|p1a: Rotom-Heat|Rotom-Heat|198\/304
|-damage|p1a: Rotom-Heat|122\/304|[from] Stealth Rock
|turn|33
|
|switch|p2a: Rotom-Wash|Rotom-Wash|36\/303
|-damage|p2a: Rotom-Wash|0 fnt|[from] Stealth Rock
|faint|p2a: Rotom-Wash
|move|p1a: Rotom-Heat|Overheat|p2: Rotom-Wash|[notarget]
|-notarget
|
|
|switch|p2a: Ferrothorn|Ferrothorn, F|140\/352
|-damage|p2a: Ferrothorn|118\/352|[from] Stealth Rock
|-damage|p2a: Ferrothorn|30\/352|[from] Spikes
|turn|34
|c|âfev'|gg
|
|move|p2a: Ferrothorn|Protect|p2a: Ferrothorn
|-singleturn|p2a: Ferrothorn|Protect
|move|p1a: Rotom-Heat|Overheat|p2a: Ferrothorn
|-activate|p2a: Ferrothorn|Protect
|
|-heal|p2a: Ferrothorn|52\/352|[from] item: Leftovers
|turn|35
|
|move|p1a: Rotom-Heat|Overheat|p2a: Ferrothorn
|-supereffective|p2a: Ferrothorn
|-damage|p2a: Ferrothorn|0 fnt
|-unboost|p1a: Rotom-Heat|spa|2
|faint|p2a: Ferrothorn
|
|win|Scizeon
|raw|Ladder updating...
|raw|Scizeon's rating: 1345 &rarr; <strong>1367<\/strong><br \/>(+22 for winning)
|raw|fev&apos;'s rating: 1379 &rarr; <strong>1357<\/strong><br \/>(-22 for losing)
|leave|Scizeon
|player|p1