|join|Mistaken
|join|Scizeon
|player|p1|Mistaken|264
|player|p2|Scizeon|288
|gametype|singles
|gen|6
|tier|OU
|rated
|clearpoke
|poke|p1|Garchomp, F
|poke|p1|Thundurus, M
|poke|p1|Azumarill, M
|poke|p1|Landorus-Therian, M
|poke|p1|Bisharp, F
|poke|p1|Metagross, shiny
|poke|p2|Venusaur, F
|poke|p2|Slowbro, F
|poke|p2|Heatran, M
|poke|p2|Excadrill, M
|poke|p2|Sylveon, F
|poke|p2|Gengar, M
|rule|Swagger Clause: Swagger is banned
|rule|Baton Pass Clause: Limit one PokÃ©mon knowing Baton Pass
|rule|Sleep Clause Mod: Limit one foe put to sleep
|rule|Species Clause: Limit one of each PokÃ©mon
|rule|OHKO Clause: OHKO moves are banned
|rule|Moody Clause: Moody is banned
|rule|Evasion Moves Clause: Evasion moves are banned
|rule|Endless Battle Clause: Forcing endless battles is banned
|rule|HP Percentage Mod: HP is shown in percentages
|teampreview
|
|start
|switch|p1a: Roughing It|Garchomp, F|357\/357
|switch|p2a: Heatran|Heatran, M|386\/386
|turn|1
|
|switch|p2a: Slowbro|Slowbro, F|393\/393
|move|p1a: Roughing It|Earthquake|p2a: Slowbro
|-damage|p2a: Slowbro|282\/393
|
|turn|2
|
|move|p1a: Roughing It|Stealth Rock|p2a: Slowbro
|-sidestart|p2: Scizeon|move: Stealth Rock
|move|p2a: Slowbro|Toxic|p1a: Roughing It
|-status|p1a: Roughing It|tox
|
|-damage|p1a: Roughing It|335\/357 tox|[from] psn
|turn|3
|
|move|p1a: Roughing It|Swords Dance|p1a: Roughing It
|-boost|p1a: Roughing It|atk|2
|move|p2a: Slowbro|Scald|p1a: Roughing It
|-damage|p1a: Roughing It|206\/357 tox
|
|-damage|p1a: Roughing It|162\/357 tox|[from] psn
|turn|4
|
|move|p1a: Roughing It|Earthquake|p2a: Slowbro
|-damage|p2a: Slowbro|21\/393
|move|p2a: Slowbro|Slack Off|p2a: Slowbro
|-heal|p2a: Slowbro|218\/393
|
|-damage|p1a: Roughing It|96\/357 tox|[from] psn
|turn|5
|join|haunter
|
|move|p1a: Roughing It|Dragon Claw|p2a: Slowbro
|-damage|p2a: Slowbro|41\/393
|-damage|p1a: Roughing It|37\/357 tox|[from] item: Rocky Helmet|[of] p2a: Slowbro
|move|p2a: Slowbro|Slack Off|p2a: Slowbro
|-heal|p2a: Slowbro|238\/393
|
|-damage|p1a: Roughing It|0 fnt|[from] psn
|faint|p1a: Roughing It
|
|switch|p1a: Son of a Bish|Bisharp, F|271\/271
|turn|6
|
|switch|p2a: Venusaur|Venusaur, F|363\/363
|-damage|p2a: Venusaur|318\/363|[from] Stealth Rock
|move|p1a: Son of a Bish|Knock Off|p2a: Venusaur
|-damage|p2a: Venusaur|200\/363
|-damage|p1a: Son of a Bish|244\/271|[from] item: Life Orb
|
|turn|7
|join|TheSkyAboveUs
|
|switch|p1a: Hit the X. DUH|Metagross, shiny|301\/301
|detailschange|p2a: Venusaur|Venusaur-Mega, F
|-mega|p2a: Venusaur|Venusaur|Venusaurite
|move|p2a: Venusaur|Leech Seed|p1a: Hit the X. DUH
|-start|p1a: Hit the X. DUH|move: Leech Seed
|
|-damage|p1a: Hit the X. DUH|264\/301|[from] Leech Seed|[of] p2a: Venusaur
|-heal|p2a: Venusaur|237\/363|[silent]
|turn|8
|
|switch|p1a: Zeus|Thundurus, M|299\/299
|switch|p2a: Slowbro|Slowbro, F|369\/393
|-damage|p2a: Slowbro|320\/393|[from] Stealth Rock
|
|turn|9
|
|switch|p2a: Sylveon|Sylveon, F|394\/394
|-damage|p2a: Sylveon|345\/394|[from] Stealth Rock
|move|p1a: Zeus|Thunder Wave|p2a: Sylveon
|-status|p2a: Sylveon|par
|
|-heal|p2a: Sylveon|369\/394 par|[from] item: Leftovers
|turn|10
|
|switch|p1a: Hit the X. DUH|Metagross, shiny|264\/301
|move|p2a: Sylveon|Wish|p2a: Sylveon
|
|-heal|p2a: Sylveon|393\/394 par|[from] item: Leftovers
|turn|11
|
|switch|p2a: Slowbro|Slowbro, F|393\/393
|-damage|p2a: Slowbro|344\/393|[from] Stealth Rock
|detailschange|p1a: Hit the X. DUH|Metagross-Mega, shiny
|-mega|p1a: Hit the X. DUH|Metagross|Metagrossite
|move|p1a: Hit the X. DUH|Meteor Mash|p2a: Slowbro|[miss]
|-miss|p1a: Hit the X. DUH|p2a: Slowbro
|
|-heal|p2a: Slowbro|393\/393|[from] move: Wish|[wisher] Sylveon
|turn|12
|join|Alldaalts
|
|switch|p1a: Zeus|Thundurus, M|299\/299
|move|p2a: Slowbro|Scald|p1a: Zeus
|-damage|p1a: Zeus|184\/299
|
|turn|13
|
|switch|p2a: Sylveon|Sylveon, F|393\/394 par
|-damage|p2a: Sylveon|344\/394 par|[from] Stealth Rock
|move|p1a: Zeus|Thunderbolt|p2a: Sylveon
|-damage|p2a: Sylveon|226\/394 par
|-damage|p1a: Zeus|155\/299|[from] item: Life Orb
|
|-heal|p2a: Sylveon|250\/394 par|[from] item: Leftovers
|turn|14
|
|switch|p1a: Hit the X. DUH|Metagross-Mega, shiny|264\/301
|move|p2a: Sylveon|Wish|p2a: Sylveon
|
|-heal|p2a: Sylveon|274\/394 par|[from] item: Leftovers
|turn|15
|
|switch|p2a: Slowbro|Slowbro, F|393\/393
|-damage|p2a: Slowbro|344\/393|[from] Stealth Rock
|move|p1a: Hit the X. DUH|Meteor Mash|p2a: Slowbro
|-resisted|p2a: Slowbro
|-damage|p2a: Slowbro|270\/393
|-damage|p1a: Hit the X. DUH|214\/301|[from] item: Rocky Helmet|[of] p2a: Slowbro
|
|-heal|p2a: Slowbro|393\/393|[from] move: Wish|[wisher] Sylveon
|turn|16
|
|switch|p1a: Azula|Azumarill, M|350\/350
|move|p2a: Slowbro|Scald|p1a: Azula
|-resisted|p1a: Azula
|-damage|p1a: Azula|304\/350
|
|turn|17
|join|DoughBoy
|
|move|p1a: Azula|Play Rough|p2a: Slowbro
|-damage|p2a: Slowbro|186\/393
|-damage|p1a: Azula|246\/350|[from] item: Rocky Helmet|[of] p2a: Slowbro
|move|p2a: Slowbro|Scald|p1a: Azula
|-resisted|p1a: Azula
|-damage|p1a: Azula|197\/350
|-status|p1a: Azula|brn
|
|-damage|p1a: Azula|154\/350 brn|[from] brn
|turn|18
|c|âMistaken|gimme a nice crit
|c|âMistaken|or that
|
|switch|p1a: Son of a Bish|Bisharp, F|244\/271
|move|p2a: Slowbro|Slack Off|p2a: Slowbro
|-heal|p2a: Slowbro|383\/393
|
|turn|19
|
|switch|p2a: Sylveon|Sylveon, F|274\/394 par
|-damage|p2a: Sylveon|225\/394 par|[from] Stealth Rock
|move|p1a: Son of a Bish|Swords Dance|p1a: Son of a Bish
|-boost|p1a: Son of a Bish|atk|2
|
|-heal|p2a: Sylveon|249\/394 par|[from] item: Leftovers
|turn|20
|c| TheSkyAboveUs|thats gg
|
|move|p1a: Son of a Bish|Iron Head|p2a: Sylveon
|-supereffective|p2a: Sylveon
|-damage|p2a: Sylveon|0 fnt
|-damage|p1a: Son of a Bish|217\/271|[from] item: Life Orb
|faint|p2a: Sylveon
|
|join|CleanerThanRotom-W
|-message|Scizeon forfeited.
|leave|Scizeon
|
|win|Mistaken
|raw|Ladder updating...
|player|p2
|leave|CleanerThanRotom-W
|raw|Mistaken's rating: 1606 &rarr; <strong>1623<\/strong><br \/>(+17 for winning)
|raw|Scizeon's rating: 1556 &rarr; <strong>1539<\/strong><br \/>(-17 for losing)
|leave|haunter
|leave|DoughBoy
|leave|Mistaken
|leave|TheSkyAboveUs
|player|p1
|leave|Alldaalts