|join|SYMicky Mike
|join|Scizeon
|player|p1|SYMicky Mike|28
|player|p2|Scizeon|288
|gametype|singles
|gen|6
|tier|OU (suspect test)
|rated
|clearpoke
|poke|p1|Diancie
|poke|p1|Landorus-Therian, M
|poke|p1|Talonflame, F
|poke|p1|Latios, M
|poke|p1|Keldeo
|poke|p1|Bisharp, M
|poke|p2|Venusaur, F
|poke|p2|Slowbro, F
|poke|p2|Heatran, M
|poke|p2|Excadrill, F
|poke|p2|Sylveon, M
|poke|p2|Victini
|rule|Swagger Clause: Swagger is banned
|rule|Baton Pass Clause: Limit one PokÃ©mon knowing Baton Pass
|rule|Sleep Clause Mod: Limit one foe put to sleep
|rule|Species Clause: Limit one of each PokÃ©mon
|rule|OHKO Clause: OHKO moves are banned
|rule|Moody Clause: Moody is banned
|rule|Evasion Moves Clause: Evasion moves are banned
|rule|Endless Battle Clause: Forcing endless battles is banned
|rule|HP Percentage Mod: HP is shown in percentages
|teampreview
|
|start
|switch|p1a: Bisharp|Bisharp, M|271\/271
|switch|p2a: Victini|Victini|404\/404
|turn|1
|
|switch|p2a: Venusaur|Venusaur, F|363\/363
|move|p1a: Bisharp|Sucker Punch|p2a: Venusaur
|-fail|p2a: Venusaur
|
|turn|2
|
|switch|p1a: Landorus-Therian|Landorus-Therian, M|381\/381
|-ability|p1a: Landorus-Therian|Intimidate|[of] p2a: Venusaur
|-unboost|p2a: Venusaur|atk|1
|detailschange|p2a: Venusaur|Venusaur-Mega, F
|-mega|p2a: Venusaur|Venusaur|Venusaurite
|move|p2a: Venusaur|Leech Seed|p1a: Landorus-Therian
|-start|p1a: Landorus-Therian|move: Leech Seed
|
|-damage|p1a: Landorus-Therian|334\/381|[from] Leech Seed|[of] p2a: Venusaur
|turn|3
|
|move|p1a: Landorus-Therian|Stealth Rock|p2a: Venusaur
|-sidestart|p2: Scizeon|move: Stealth Rock
|move|p2a: Venusaur|Giga Drain|p1a: Landorus-Therian
|-damage|p1a: Landorus-Therian|199\/381
|
|-heal|p1a: Landorus-Therian|222\/381|[from] item: Leftovers
|-damage|p1a: Landorus-Therian|175\/381|[from] Leech Seed|[of] p2a: Venusaur
|turn|4
|
|switch|p1a: Latios|Latios, M|301\/301
|move|p2a: Venusaur|Leech Seed|p1a: Latios
|-start|p1a: Latios|move: Leech Seed
|
|-damage|p1a: Latios|264\/301|[from] Leech Seed|[of] p2a: Venusaur
|turn|5
|
|switch|p1a: Landorus-Therian|Landorus-Therian, M|175\/381
|-ability|p1a: Landorus-Therian|Intimidate|[of] p2a: Venusaur
|-unboost|p2a: Venusaur|atk|1
|switch|p2a: Heatran|Heatran, M|386\/386
|-damage|p2a: Heatran|338\/386|[from] Stealth Rock
|
|-heal|p1a: Landorus-Therian|198\/381|[from] item: Leftovers
|-heal|p2a: Heatran|362\/386|[from] item: Leftovers
|turn|6
|
|switch|p2a: Slowbro|Slowbro, F|393\/393
|-damage|p2a: Slowbro|344\/393|[from] Stealth Rock
|move|p1a: Landorus-Therian|Earthquake|p2a: Slowbro
|-damage|p2a: Slowbro|227\/393
|
|-heal|p1a: Landorus-Therian|221\/381|[from] item: Leftovers
|turn|7
|
|move|p1a: Landorus-Therian|Knock Off|p2a: Slowbro
|-supereffective|p2a: Slowbro
|-damage|p2a: Slowbro|85\/393
|-damage|p1a: Landorus-Therian|158\/381|[from] item: Rocky Helmet|[of] p2a: Slowbro
|-enditem|p2a: Slowbro|Rocky Helmet|[from] move: Knock Off|[of] p1a: Landorus-Therian
|move|p2a: Slowbro|Toxic|p1a: Landorus-Therian
|-status|p1a: Landorus-Therian|tox
|
|-heal|p1a: Landorus-Therian|181\/381 tox|[from] item: Leftovers
|-damage|p1a: Landorus-Therian|158\/381 tox|[from] psn
|turn|8
|
|switch|p2a: Venusaur|Venusaur-Mega, F|363\/363
|-damage|p2a: Venusaur|318\/363|[from] Stealth Rock
|move|p1a: Landorus-Therian|U-turn|p2a: Venusaur
|-damage|p2a: Venusaur|274\/363
|
|switch|p1a: Latios|Latios, M|264\/301
|
|turn|9
|
|switch|p2a: Heatran|Heatran, M|362\/386
|-damage|p2a: Heatran|314\/386|[from] Stealth Rock
|move|p1a: Latios|Psyshock|p2a: Heatran
|-crit|p2a: Heatran
|-resisted|p2a: Heatran
|-damage|p2a: Heatran|178\/386
|-damage|p1a: Latios|234\/301|[from] item: Life Orb
|
|-heal|p2a: Heatran|202\/386|[from] item: Leftovers
|turn|10
|
|move|p1a: Latios|Thunderbolt|p2a: Heatran
|-damage|p2a: Heatran|110\/386
|-damage|p1a: Latios|204\/301|[from] item: Life Orb
|move|p2a: Heatran|Stealth Rock|p1a: Latios
|-sidestart|p1: SYMicky Mike|move: Stealth Rock
|
|-heal|p2a: Heatran|134\/386|[from] item: Leftovers
|turn|11
|
|switch|p2a: Excadrill|Excadrill, F|362\/362
|-damage|p2a: Excadrill|351\/362|[from] Stealth Rock
|-ability|p2a: Excadrill|Mold Breaker
|move|p1a: Latios|Defog|p2a: Excadrill
|-unboost|p2a: Excadrill|evasion|1
|-sideend|p2: Scizeon|Stealth Rock|[from] move: Defog|[of] p2a: Excadrill
|-sideend|p1: SYMicky Mike|Stealth Rock|[from] move: Defog|[of] p1a: Latios
|
|turn|12
|
|switch|p1a: Landorus-Therian|Landorus-Therian, M|158\/381 tox
|-ability|p1a: Landorus-Therian|Intimidate|[of] p2a: Excadrill
|-unboost|p2a: Excadrill|atk|1
|move|p2a: Excadrill|Iron Head|p1a: Landorus-Therian
|-damage|p1a: Landorus-Therian|74\/381 tox
|
|-heal|p1a: Landorus-Therian|97\/381 tox|[from] item: Leftovers
|-damage|p1a: Landorus-Therian|74\/381 tox|[from] psn
|turn|13
|
|move|p2a: Excadrill|Iron Head|p1a: Landorus-Therian
|-damage|p1a: Landorus-Therian|0 fnt
|faint|p1a: Landorus-Therian
|
|
|switch|p1a: Talonflame|Talonflame, F|298\/298
|turn|14
|
|switch|p2a: Slowbro|Slowbro, F|216\/393
|move|p1a: Talonflame|Swords Dance|p1a: Talonflame
|-boost|p1a: Talonflame|atk|2
|
|turn|15
|
|move|p1a: Talonflame|Brave Bird|p2a: Slowbro
|-damage|p2a: Slowbro|0 fnt
|-damage|p1a: Talonflame|227\/298|[from] recoil|[of] p2a: Slowbro
|faint|p2a: Slowbro
|
|
|switch|p2a: Excadrill|Excadrill, F|351\/362
|-ability|p2a: Excadrill|Mold Breaker
|turn|16
|
|switch|p1a: Bisharp|Bisharp, M|271\/271
|move|p2a: Excadrill|Rock Slide|p1a: Bisharp
|-resisted|p1a: Bisharp
|-damage|p1a: Bisharp|220\/271
|
|turn|17
|
|move|p1a: Bisharp|Pursuit|p2a: Excadrill|[from]Pursuit
|-damage|p2a: Excadrill|89\/362
|switch|p2a: Venusaur|Venusaur-Mega, F|274\/363
|
|turn|18
|
|switch|p1a: Latios|Latios, M|204\/301
|switch|p2a: Heatran|Heatran, M|134\/386
|
|-heal|p2a: Heatran|158\/386|[from] item: Leftovers
|turn|19
|
|move|p1a: Latios|Thunderbolt|p2a: Heatran
|-damage|p2a: Heatran|55\/386
|-damage|p1a: Latios|174\/301|[from] item: Life Orb
|move|p2a: Heatran|Stealth Rock|p1a: Latios
|-sidestart|p1: SYMicky Mike|move: Stealth Rock
|
|-heal|p2a: Heatran|79\/386|[from] item: Leftovers
|turn|20
|
|move|p1a: Latios|Defog|p2a: Heatran
|-unboost|p2a: Heatran|evasion|1
|-sideend|p1: SYMicky Mike|Stealth Rock|[from] move: Defog|[of] p1a: Latios
|move|p2a: Heatran|Toxic|p1a: Latios
|-status|p1a: Latios|tox
|
|-heal|p2a: Heatran|103\/386|[from] item: Leftovers
|-damage|p1a: Latios|156\/301 tox|[from] psn
|turn|21
|
|move|p1a: Latios|Draco Meteor|p2a: Heatran
|-resisted|p2a: Heatran
|-damage|p2a: Heatran|2\/386
|-unboost|p1a: Latios|spa|2
|-damage|p1a: Latios|126\/301 tox|[from] item: Life Orb
|move|p2a: Heatran|Stealth Rock|p1a: Latios
|-sidestart|p1: SYMicky Mike|move: Stealth Rock
|
|-heal|p2a: Heatran|26\/386|[from] item: Leftovers
|-damage|p1a: Latios|90\/301 tox|[from] psn
|turn|22
|
|move|p1a: Latios|Thunderbolt|p2a: Heatran
|-damage|p2a: Heatran|0 fnt
|-damage|p1a: Latios|60\/301 tox|[from] item: Life Orb
|faint|p2a: Heatran
|
|-damage|p1a: Latios|6\/301 tox|[from] psn
|
|switch|p2a: Victini|Victini|404\/404
|turn|23
|
|move|p2a: Victini|U-turn|p1a: Latios
|-supereffective|p1a: Latios
|-damage|p1a: Latios|0 fnt
|faint|p1a: Latios
|
|switch|p2a: Sylveon|Sylveon, M|394\/394
|
|
|switch|p1a: Bisharp|Bisharp, M|220\/271
|-damage|p1a: Bisharp|204\/271|[from] Stealth Rock
|turn|24
|
|move|p1a: Bisharp|Iron Head|p2a: Sylveon
|-supereffective|p2a: Sylveon
|-damage|p2a: Sylveon|0 fnt
|faint|p2a: Sylveon
|
|
|switch|p2a: Venusaur|Venusaur-Mega, F|274\/363
|turn|25
|
|switch|p1a: Talonflame|Talonflame, F|227\/298
|-damage|p1a: Talonflame|78\/298|[from] Stealth Rock
|move|p2a: Venusaur|Leech Seed|p1a: Talonflame
|-start|p1a: Talonflame|move: Leech Seed
|
|-damage|p1a: Talonflame|41\/298|[from] Leech Seed|[of] p2a: Venusaur
|-heal|p2a: Venusaur|311\/363|[silent]
|turn|26
|
|move|p1a: Talonflame|Brave Bird|p2a: Venusaur
|-supereffective|p2a: Venusaur
|-damage|p2a: Venusaur|75\/363
|-damage|p1a: Talonflame|0 fnt|[from] recoil|[of] p2a: Venusaur
|faint|p1a: Talonflame
|move|p2a: Venusaur|Sludge Bomb|p1: Talonflame|[notarget]
|-notarget
|
|
|switch|p1a: Diancie|Diancie|241\/241
|-damage|p1a: Diancie|211\/241|[from] Stealth Rock
|turn|27
|
|detailschange|p1a: Diancie|Diancie-Mega
|-mega|p1a: Diancie|Diancie|Diancite
|move|p1a: Diancie|Earth Power|p2a: Venusaur
|-damage|p2a: Venusaur|0 fnt
|faint|p2a: Venusaur
|
|
|switch|p2a: Excadrill|Excadrill, F|89\/362
|-ability|p2a: Excadrill|Mold Breaker
|turn|28
|
|move|p2a: Excadrill|Earthquake|p1a: Diancie
|-supereffective|p1a: Diancie
|-damage|p1a: Diancie|0 fnt
|faint|p1a: Diancie
|
|
|switch|p1a: Keldeo|Keldeo|323\/323
|-damage|p1a: Keldeo|303\/323|[from] Stealth Rock
|turn|29
|
|move|p2a: Excadrill|Earthquake|p1a: Keldeo
|-damage|p1a: Keldeo|84\/323
|move|p1a: Keldeo|Scald|p2a: Excadrill
|-supereffective|p2a: Excadrill
|-damage|p2a: Excadrill|0 fnt
|faint|p2a: Excadrill
|
|
|switch|p2a: Victini|Victini|404\/404
|turn|30
|c|âSYMicky Mike|gg
|
|move|p2a: Victini|Bolt Strike|p1a: Keldeo
|-supereffective|p1a: Keldeo
|-damage|p1a: Keldeo|0 fnt
|faint|p1a: Keldeo
|
|
|switch|p1a: Bisharp|Bisharp, M|204\/271
|-damage|p1a: Bisharp|188\/271|[from] Stealth Rock
|turn|31
|
|move|p1a: Bisharp|Sucker Punch|p2a: Victini
|-supereffective|p2a: Victini
|-damage|p2a: Victini|68\/404
|move|p2a: Victini|Bolt Strike|p1a: Bisharp
|-damage|p1a: Bisharp|81\/271
|
|turn|32
|
|move|p1a: Bisharp|Sucker Punch|p2a: Victini
|-supereffective|p2a: Victini
|-damage|p2a: Victini|0 fnt
|faint|p2a: Victini
|
|win|SYMicky Mike
|raw|Ladder updating...