|join|gran chelin
|join|Dumb bass
|player|p1|gran chelin|164
|player|p2|Dumb bass|23
|gametype|singles
|gen|6
|tier|OU
|rated
|clearpoke
|poke|p1|Alomomola, M
|poke|p1|Amoonguss, M
|poke|p1|Heatran, F
|poke|p1|Zapdos
|poke|p1|Medicham, F
|poke|p1|Jirachi
|poke|p2|Landorus-Therian, M
|poke|p2|Medicham, F
|poke|p2|Sharpedo, M
|poke|p2|Heatran, M
|poke|p2|Amoonguss, F
|poke|p2|Zapdos
|rule|Swagger Clause: Swagger is banned
|rule|Baton Pass Clause: Limit one PokÃ©mon knowing Baton Pass
|rule|Sleep Clause Mod: Limit one foe put to sleep
|rule|Species Clause: Limit one of each PokÃ©mon
|rule|OHKO Clause: OHKO moves are banned
|rule|Moody Clause: Moody is banned
|rule|Evasion Moves Clause: Evasion moves are banned
|rule|Endless Battle Clause: Forcing endless battles is banned
|rule|HP Percentage Mod: HP is shown in percentages
|teampreview
|
|start
|switch|p1a: Medicham|Medicham, F|261\/261
|switch|p2a: Medicham|Medicham, F|261\/261
|turn|1
|
|detailschange|p1a: Medicham|Medicham-Mega, F
|message|Medicham has Mega Evolved into Mega Medicham!
|detailschange|p2a: Medicham|Medicham-Mega, F
|message|Medicham has Mega Evolved into Mega Medicham!
|move|p2a: Medicham|Fake Out|p1a: Medicham
|-damage|p1a: Medicham|170\/261
|cant|p1a: Medicham|flinch
|
|turn|2
|
|move|p1a: Medicham|Psycho Cut|p2a: Medicham
|-damage|p2a: Medicham|23\/261
|move|p2a: Medicham|Zen Headbutt|p1a: Medicham
|-damage|p1a: Medicham|0 fnt
|faint|p1a: Medicham
|
|
|switch|p1a: Zapdos|Zapdos|384\/384
|-ability|p1a: Zapdos|Pressure
|turn|3
|
|switch|p2a: Heatran|Heatran, M|373\/373
|move|p1a: Zapdos|Thunderbolt|p2a: Heatran
|-damage|p2a: Heatran|253\/373
|
|-heal|p2a: Heatran|276\/373|[from] item: Leftovers
|turn|4
|
|move|p1a: Zapdos|Thunderbolt|p2a: Heatran
|-damage|p2a: Heatran|149\/373
|-status|p2a: Heatran|par
|move|p2a: Heatran|Stealth Rock|p1a: Zapdos
|-sidestart|p1: gran chelin|move: Stealth Rock
|
|-heal|p2a: Heatran|172\/373 par|[from] item: Leftovers
|turn|5
|
|switch|p2a: Landorus-Therian|Landorus-Therian, M|319\/319
|-ability|p2a: Landorus-Therian|Intimidate|[of] p1a: Zapdos
|-unboost|p1a: Zapdos|atk|1
|move|p1a: Zapdos|Defog|p2a: Landorus-Therian
|-unboost|p2a: Landorus-Therian|evasion|1
|-sideend|p1: gran chelin|Stealth Rock|[from] move: Defog|[of] p1a: Zapdos
|
|turn|6
|
|move|p2a: Landorus-Therian|U-turn|p1a: Zapdos
|-resisted|p1a: Zapdos
|-damage|p1a: Zapdos|349\/384
|
|switch|p2a: Amoonguss|Amoonguss, F|432\/432
|move|p1a: Zapdos|Heat Wave|p2a: Amoonguss
|-supereffective|p2a: Amoonguss
|-damage|p2a: Amoonguss|272\/432
|
|-heal|p1a: Zapdos|373\/384|[from] item: Leftovers
|-heal|p2a: Amoonguss|299\/432|[from] item: Black Sludge
|turn|7
|
|switch|p1a: Amoonguss|Amoonguss, M|432\/432
|move|p2a: Amoonguss|Spore|p1a: Amoonguss
|-fail|p1a: Amoonguss
|
|-heal|p2a: Amoonguss|326\/432|[from] item: Black Sludge
|turn|8
|
|move|p1a: Amoonguss|Sludge Bomb|p2a: Amoonguss
|-damage|p2a: Amoonguss|242\/432
|move|p2a: Amoonguss|Sludge Bomb|p1a: Amoonguss
|-damage|p1a: Amoonguss|353\/432
|
|-heal|p1a: Amoonguss|380\/432|[from] item: Leftovers
|-heal|p2a: Amoonguss|269\/432|[from] item: Black Sludge
|turn|9
|
|switch|p1a: Heatran|Heatran, F|386\/386
|move|p2a: Amoonguss|Sludge Bomb|p1a: Heatran
|-immune|p1a: Heatran|[msg]
|
|-heal|p2a: Amoonguss|296\/432|[from] item: Black Sludge
|turn|10
|
|switch|p2a: Heatran|Heatran, M|172\/373 par
|move|p1a: Heatran|Lava Plume|p2a: Heatran
|-start|p2a: Heatran|ability: Flash Fire
|
|-heal|p2a: Heatran|195\/373 par|[from] item: Leftovers
|turn|11
|
|switch|p1a: Zapdos|Zapdos|373\/384
|-ability|p1a: Zapdos|Pressure
|switch|p2a: Landorus-Therian|Landorus-Therian, M|319\/319
|-ability|p2a: Landorus-Therian|Intimidate|[of] p1a: Zapdos
|-unboost|p1a: Zapdos|atk|1
|
|-heal|p1a: Zapdos|384\/384|[from] item: Leftovers
|turn|12
|
|switch|p1a: Alomomola|Alomomola, M|533\/533
|move|p2a: Landorus-Therian|Rock Slide|p1a: Alomomola
|-damage|p1a: Alomomola|453\/533
|
|-heal|p1a: Alomomola|486\/533|[from] item: Leftovers
|turn|13
|
|switch|p2a: Amoonguss|Amoonguss, F|432\/432
|switch|p1a: Heatran|Heatran, F|386\/386
|
|turn|14
|
|move|p1a: Heatran|Stealth Rock|p2a: Amoonguss
|-sidestart|p2: Dumb bass|move: Stealth Rock
|move|p2a: Amoonguss|Spore|p1a: Heatran
|-status|p1a: Heatran|slp
|
|turn|15
|
|switch|p2a: Zapdos|Zapdos|321\/321
|-damage|p2a: Zapdos|241\/321|[from] Stealth Rock
|-ability|p2a: Zapdos|Pressure
|cant|p1a: Heatran|slp
|
|-heal|p2a: Zapdos|261\/321|[from] item: Leftovers
|turn|16
|
|move|p2a: Zapdos|Defog|p1a: Heatran
|-unboost|p1a: Heatran|evasion|1
|-sideend|p2: Dumb bass|Stealth Rock|[from] move: Defog|[of] p2a: Zapdos
|cant|p1a: Heatran|slp
|
|-heal|p2a: Zapdos|281\/321|[from] item: Leftovers
|turn|17
|
|move|p2a: Zapdos|Volt Switch|p1a: Heatran
|-damage|p1a: Heatran|304\/386 slp
|
|switch|p2a: Medicham|Medicham-Mega, F|23\/261
|cant|p1a: Heatran|slp
|
|-heal|p1a: Heatran|328\/386 slp|[from] item: Leftovers
|turn|18
|
|switch|p1a: Jirachi|Jirachi|404\/404
|move|p2a: Medicham|Drain Punch|p1a: Jirachi
|-damage|p1a: Jirachi|197\/404
|-heal|p2a: Medicham|127\/261|[from] drain|[of] p1a: Jirachi
|
|-heal|p1a: Jirachi|222\/404|[from] item: Leftovers
|turn|19
|
|move|p2a: Medicham|High Jump Kick|p1a: Jirachi
|-damage|p1a: Jirachi|0 fnt
|faint|p1a: Jirachi
|
|
|switch|p1a: Alomomola|Alomomola, M|533\/533
|turn|20
|
|switch|p2a: Amoonguss|Amoonguss, F|432\/432
|move|p1a: Alomomola|Scald|p2a: Amoonguss
|-resisted|p2a: Amoonguss
|-damage|p2a: Amoonguss|411\/432
|
|-heal|p2a: Amoonguss|432\/432|[from] item: Black Sludge
|turn|21
|
|switch|p1a: Heatran|Heatran, F|328\/386 slp
|switch|p2a: Medicham|Medicham-Mega, F|127\/261
|
|-heal|p1a: Heatran|352\/386 slp|[from] item: Leftovers
|turn|22
|
|switch|p1a: Zapdos|Zapdos|384\/384
|-ability|p1a: Zapdos|Pressure
|move|p2a: Medicham|Drain Punch|p1a: Zapdos
|-resisted|p1a: Zapdos
|-damage|p1a: Zapdos|281\/384
|-heal|p2a: Medicham|179\/261|[from] drain|[of] p1a: Zapdos
|
|-heal|p1a: Zapdos|305\/384|[from] item: Leftovers
|turn|23
|
|switch|p2a: Landorus-Therian|Landorus-Therian, M|319\/319
|-ability|p2a: Landorus-Therian|Intimidate|[of] p1a: Zapdos
|-unboost|p1a: Zapdos|atk|1
|move|p1a: Zapdos|Thunderbolt|p2a: Landorus-Therian
|-immune|p2a: Landorus-Therian|[msg]
|
|-heal|p1a: Zapdos|329\/384|[from] item: Leftovers
|turn|24
|
|move|p2a: Landorus-Therian|Knock Off|p1a: Zapdos
|-damage|p1a: Zapdos|231\/384
|-enditem|p1a: Zapdos|Leftovers|[from] move: Knock Off|[of] p2a: Landorus-Therian
|move|p1a: Zapdos|Heat Wave|p2a: Landorus-Therian
|-damage|p2a: Landorus-Therian|212\/319
|
|turn|25
|
|switch|p2a: Heatran|Heatran, M|195\/373 par
|move|p1a: Zapdos|Roost|p1a: Zapdos
|-heal|p1a: Zapdos|384\/384
|
|-heal|p2a: Heatran|218\/373 par|[from] item: Leftovers
|turn|26
|
|move|p1a: Zapdos|Thunderbolt|p2a: Heatran
|-damage|p2a: Heatran|83\/373 par
|cant|p2a: Heatran|par
|
|-heal|p2a: Heatran|106\/373 par|[from] item: Leftovers
|turn|27
|
|switch|p2a: Zapdos|Zapdos|281\/321
|-ability|p2a: Zapdos|Pressure
|move|p1a: Zapdos|Thunderbolt|p2a: Zapdos
|-damage|p2a: Zapdos|139\/321
|
|-heal|p2a: Zapdos|159\/321|[from] item: Leftovers
|turn|28
|
|move|p2a: Zapdos|Roost|p2a: Zapdos
|-heal|p2a: Zapdos|320\/321
|move|p1a: Zapdos|Thunderbolt|p2a: Zapdos
|-resisted|p2a: Zapdos
|-damage|p2a: Zapdos|251\/321
|
|-heal|p2a: Zapdos|271\/321|[from] item: Leftovers
|turn|29
|
|switch|p1a: Heatran|Heatran, F|352\/386 slp
|move|p2a: Zapdos|Volt Switch|p1a: Heatran
|-damage|p1a: Heatran|273\/386 slp
|
|switch|p2a: Medicham|Medicham-Mega, F|179\/261
|
|-heal|p1a: Heatran|297\/386 slp|[from] item: Leftovers
|turn|30
|
|switch|p1a: Zapdos|Zapdos|384\/384
|-ability|p1a: Zapdos|Pressure
|move|p2a: Medicham|Zen Headbutt|p1a: Zapdos
|-damage|p1a: Zapdos|177\/384
|
|turn|31
|
|move|p2a: Medicham|Zen Headbutt|p1a: Zapdos
|-damage|p1a: Zapdos|0 fnt
|faint|p1a: Zapdos
|
|
|switch|p1a: Alomomola|Alomomola, M|533\/533
|turn|32
|
|switch|p2a: Zapdos|Zapdos|271\/321
|-ability|p2a: Zapdos|Pressure
|move|p1a: Alomomola|Scald|p2a: Zapdos
|-damage|p2a: Zapdos|226\/321
|-status|p2a: Zapdos|brn
|
|-heal|p2a: Zapdos|246\/321 brn|[from] item: Leftovers
|-damage|p2a: Zapdos|206\/321 brn|[from] brn
|turn|33
|
|switch|p1a: Heatran|Heatran, F|297\/386 slp
|move|p2a: Zapdos|Volt Switch|p1a: Heatran
|-damage|p1a: Heatran|219\/386 slp
|
|switch|p2a: Medicham|Medicham-Mega, F|179\/261
|
|-heal|p1a: Heatran|243\/386 slp|[from] item: Leftovers
|turn|34
|
|move|p2a: Medicham|Drain Punch|p1a: Heatran
|-supereffective|p1a: Heatran
|-damage|p1a: Heatran|0 fnt
|-heal|p2a: Medicham|261\/261|[from] drain|[of] p1a: Heatran
|faint|p1a: Heatran
|
|-message|gran chelin forfeited.
|leave|gran chelin
|
|win|Dumb bass
|raw|Ladder updating...
|raw|granchelin's rating: 1623 &rarr; <strong>1596<\/strong><br \/>(-27 for losing)
|raw|Dumb bass's rating: 1509 &rarr; <strong>1535<\/strong><br \/>(+26 for winning)
|player|p1