|join|Dumb bass
|join|LOLegendaries
|player|p1|Dumb bass|23
|player|p2|LOLegendaries|290
|gametype|singles
|gen|6
|tier|OU
|clearpoke
|poke|p1|Thundurus-Therian, M
|poke|p1|Cacturne, M
|poke|p1|Victini
|poke|p1|Landorus-Therian, M
|poke|p1|Venusaur, M
|poke|p1|Scizor, F
|poke|p2|Skarmory, M
|poke|p2|Wobbuffet, F
|poke|p2|Greninja, M
|poke|p2|Charizard, F
|poke|p2|Chansey, F
|poke|p2|Terrakion
|rule|Swagger Clause: Swagger is banned
|rule|Baton Pass Clause: Limit one PokÃ©mon knowing Baton Pass
|rule|Sleep Clause Mod: Limit one foe put to sleep
|rule|Species Clause: Limit one of each PokÃ©mon
|rule|OHKO Clause: OHKO moves are banned
|rule|Moody Clause: Moody is banned
|rule|Evasion Moves Clause: Evasion moves are banned
|rule|Endless Battle Clause: Forcing endless battles is banned
|rule|HP Percentage Mod: HP is shown in percentages
|teampreview
|
|start
|switch|p1a: Victini|Victini|341\/341
|switch|p2a: Greninja|Greninja, M|285\/285
|turn|1
|
|move|p1a: Victini|U-turn|p2a: Greninja
|-supereffective|p2a: Greninja
|-damage|p2a: Greninja|89\/285
|
|switch|p1a: Cacturne|Cacturne, M|281\/281
|move|p2a: Greninja|Hydro Pump|p1a: Cacturne
|-start|p2a: Greninja|typechange|Water|[from] Protean
|-immune|p1a: Cacturne|[msg]
|
|turn|2
|
|move|p1a: Cacturne|Sucker Punch|p2a: Greninja
|-damage|p2a: Greninja|0 fnt
|-damage|p1a: Cacturne|253\/281|[from] item: Life Orb
|faint|p2a: Greninja
|
|
|switch|p2a: Wobbuffet|Wobbuffet, F|528\/528
|turn|3
|
|move|p1a: Cacturne|Swords Dance|p1a: Cacturne
|-boost|p1a: Cacturne|atk|2
|move|p2a: Wobbuffet|Counter|p1a: Cacturne
|-fail|p1a: Cacturne
|
|turn|4
|
|move|p1a: Cacturne|Seed Bomb|p2a: Wobbuffet
|-damage|p2a: Wobbuffet|164\/528
|-damage|p1a: Cacturne|225\/281|[from] item: Life Orb
|move|p2a: Wobbuffet|Encore|p1a: Cacturne
|-start|p1a: Cacturne|Encore
|
|-heal|p2a: Wobbuffet|197\/528|[from] item: Leftovers
|turn|5
|
|switch|p2a: Skarmory|Skarmory, M|334\/334
|move|p1a: Cacturne|Seed Bomb|p2a: Skarmory
|-resisted|p2a: Skarmory
|-damage|p2a: Skarmory|290\/334
|-damage|p1a: Cacturne|197\/281|[from] item: Life Orb
|
|-heal|p2a: Skarmory|310\/334|[from] item: Leftovers
|turn|6
|
|switch|p1a: Victini|Victini|341\/341
|move|p2a: Skarmory|Stealth Rock|p1a: Victini
|-sidestart|p1: Dumb bass|move: Stealth Rock
|
|-heal|p2a: Skarmory|330\/334|[from] item: Leftovers
|turn|7
|
|switch|p2a: Wobbuffet|Wobbuffet, F|197\/528
|move|p1a: Victini|V-create|p2a: Wobbuffet
|-damage|p2a: Wobbuffet|0 fnt
|-unboost|p1a: Victini|def|1
|-unboost|p1a: Victini|spd|1
|-unboost|p1a: Victini|spe|1
|faint|p2a: Wobbuffet
|
|
|switch|p2a: Charizard|Charizard, F|298\/298
|turn|8
|
|switch|p1a: Landorus-Therian|Landorus-Therian, M|379\/379
|-damage|p1a: Landorus-Therian|332\/379|[from] Stealth Rock
|-ability|p1a: Landorus-Therian|Intimidate|[of] p2a: Charizard
|-unboost|p2a: Charizard|atk|1
|detailschange|p2a: Charizard|Charizard-Mega-X, F
|message|Charizard has Mega Evolved into Mega Charizard!
|move|p2a: Charizard|Flare Blitz|p1a: Landorus-Therian
|-damage|p1a: Landorus-Therian|172\/379
|-status|p1a: Landorus-Therian|brn
|-damage|p2a: Charizard|245\/298|[from] recoil|[of] p1a: Landorus-Therian
|
|-damage|p1a: Landorus-Therian|125\/379 brn|[from] brn
|turn|9
|
|switch|p2a: Skarmory|Skarmory, M|330\/334
|switch|p1a: Cacturne|Cacturne, M|197\/281
|-damage|p1a: Cacturne|162\/281|[from] Stealth Rock
|
|-heal|p2a: Skarmory|334\/334|[from] item: Leftovers
|turn|10
|
|switch|p1a: Scizor|Scizor, F|330\/330
|-damage|p1a: Scizor|289\/330|[from] Stealth Rock
|move|p2a: Skarmory|Brave Bird|p1a: Scizor
|-damage|p1a: Scizor|192\/330
|-damage|p2a: Skarmory|302\/334|[from] recoil|[of] p1a: Scizor
|
|-heal|p2a: Skarmory|322\/334|[from] item: Leftovers
|-heal|p1a: Scizor|212\/330|[from] item: Leftovers
|turn|11
|
|move|p2a: Skarmory|Brave Bird|p1a: Scizor
|-damage|p1a: Scizor|110\/330
|-damage|p2a: Skarmory|288\/334|[from] recoil|[of] p1a: Scizor
|move|p1a: Scizor|Defog|p2a: Skarmory
|-unboost|p2a: Skarmory|evasion|1
|-sideend|p1: Dumb bass|Stealth Rock|[from] move: Defog|[of] p1a: Scizor
|
|-heal|p2a: Skarmory|308\/334|[from] item: Leftovers
|-heal|p1a: Scizor|130\/330|[from] item: Leftovers
|turn|12
|
|move|p2a: Skarmory|Brave Bird|p1a: Scizor
|-damage|p1a: Scizor|18\/330
|-damage|p2a: Skarmory|271\/334|[from] recoil|[of] p1a: Scizor
|move|p1a: Scizor|Roost|p1a: Scizor
|-heal|p1a: Scizor|183\/330
|
|-heal|p2a: Skarmory|291\/334|[from] item: Leftovers
|-heal|p1a: Scizor|203\/330|[from] item: Leftovers
|turn|13
|
|move|p2a: Skarmory|Stealth Rock|p1a: Scizor
|-sidestart|p1: Dumb bass|move: Stealth Rock
|move|p1a: Scizor|Roost|p1a: Scizor
|-heal|p1a: Scizor|330\/330
|
|-heal|p2a: Skarmory|311\/334|[from] item: Leftovers
|turn|14
|
|switch|p2a: Charizard|Charizard-Mega-X, F|245\/298
|move|p1a: Scizor|Defog|p2a: Charizard
|-unboost|p2a: Charizard|evasion|1
|-sideend|p1: Dumb bass|Stealth Rock|[from] move: Defog|[of] p1a: Scizor
|
|turn|15
|
|switch|p1a: Landorus-Therian|Landorus-Therian, M|125\/379 brn
|-ability|p1a: Landorus-Therian|Intimidate|[of] p2a: Charizard
|-unboost|p2a: Charizard|atk|1
|move|p2a: Charizard|Dragon Claw|p1a: Landorus-Therian
|-damage|p1a: Landorus-Therian|8\/379 brn
|
|-damage|p1a: Landorus-Therian|0 fnt|[from] brn
|faint|p1a: Landorus-Therian
|
|switch|p1a: Thundurus-Therian|Thundurus-Therian, M|299\/299
|turn|16
|
|switch|p2a: Chansey|Chansey, F|704\/704
|move|p1a: Thundurus-Therian|U-turn|p2a: Chansey
|-damage|p2a: Chansey|632\/704
|
|switch|p1a: Victini|Victini|341\/341
|
|turn|17
|
|move|p1a: Victini|V-create|p2a: Chansey
|-damage|p2a: Chansey|304\/704
|-unboost|p1a: Victini|def|1
|-unboost|p1a: Victini|spd|1
|-unboost|p1a: Victini|spe|1
|move|p2a: Chansey|Thunder Wave|p1a: Victini
|-status|p1a: Victini|par
|
|turn|18
|
|move|p2a: Chansey|Wish|p2a: Chansey
|move|p1a: Victini|V-create|p2a: Chansey
|-damage|p2a: Chansey|0 fnt
|-unboost|p1a: Victini|def|1
|-unboost|p1a: Victini|spd|1
|-unboost|p1a: Victini|spe|1
|faint|p2a: Chansey
|
|
|switch|p2a: Charizard|Charizard-Mega-X, F|245\/298
|turn|19
|
|switch|p1a: Venusaur|Venusaur, M|361\/361
|move|p2a: Charizard|Dragon Dance|p2a: Charizard
|-boost|p2a: Charizard|atk|1
|-boost|p2a: Charizard|spe|1
|
|-heal|p2a: Charizard|298\/298|[from] move: Wish|[wisher] Chansey
|turn|20
|
|detailschange|p1a: Venusaur|Venusaur-Mega, M
|message|Venusaur has Mega Evolved into Mega Venusaur!
|move|p2a: Charizard|Dragon Claw|p1a: Venusaur
|-damage|p1a: Venusaur|88\/361
|move|p1a: Venusaur|Leech Seed|p2a: Charizard
|-start|p2a: Charizard|move: Leech Seed
|
|-damage|p2a: Charizard|261\/298|[from] Leech Seed|[of] p1a: Venusaur
|-heal|p1a: Venusaur|125\/361|[silent]
|turn|21
|
|move|p2a: Charizard|Dragon Claw|p1a: Venusaur
|-damage|p1a: Venusaur|0 fnt
|faint|p1a: Venusaur
|
|
|switch|p1a: Cacturne|Cacturne, M|162\/281
|turn|22
|
|move|p1a: Cacturne|Sucker Punch|p2a: Charizard
|-damage|p2a: Charizard|97\/298
|-damage|p1a: Cacturne|134\/281|[from] item: Life Orb
|move|p2a: Charizard|Earthquake|p1a: Cacturne
|-resisted|p1a: Cacturne
|-damage|p1a: Cacturne|0 fnt
|faint|p1a: Cacturne
|
|
|switch|p1a: Thundurus-Therian|Thundurus-Therian, M|299\/299
|turn|23
|
|move|p2a: Charizard|Flare Blitz|p1a: Thundurus-Therian
|-enditem|p1a: Thundurus-Therian|Focus Sash
|-damage|p1a: Thundurus-Therian|1\/299
|-damage|p2a: Charizard|0 fnt|[from] recoil|[of] p1a: Thundurus-Therian
|faint|p2a: Charizard
|move|p1a: Thundurus-Therian|Psychic|p2: Charizard|[notarget]
|-notarget
|
|
|switch|p2a: Terrakion|Terrakion|323\/323
|turn|24
|
|move|p2a: Terrakion|Close Combat|p1a: Thundurus-Therian
|-resisted|p1a: Thundurus-Therian
|-damage|p1a: Thundurus-Therian|0 fnt
|-unboost|p2a: Terrakion|def|1
|-unboost|p2a: Terrakion|spd|1
|faint|p1a: Thundurus-Therian
|
|
|switch|p1a: Scizor|Scizor, F|330\/330
|turn|25
|
|switch|p2a: Skarmory|Skarmory, M|311\/334
|move|p1a: Scizor|U-turn|p2a: Skarmory
|-resisted|p2a: Skarmory
|-damage|p2a: Skarmory|292\/334
|
|switch|p1a: Victini|Victini|341\/341 par
|
|-heal|p2a: Skarmory|312\/334|[from] item: Leftovers
|turn|26
|
|move|p2a: Skarmory|Brave Bird|p1a: Victini
|-damage|p1a: Victini|212\/341 par
|-damage|p2a: Skarmory|269\/334|[from] recoil|[of] p1a: Victini
|move|p1a: Victini|V-create|p2a: Skarmory
|-supereffective|p2a: Skarmory
|-damage|p2a: Skarmory|0 fnt
|-unboost|p1a: Victini|def|1
|-unboost|p1a: Victini|spd|1
|-unboost|p1a: Victini|spe|1
|faint|p2a: Skarmory
|
|
|switch|p2a: Terrakion|Terrakion|323\/323
|turn|27
|
|move|p2a: Terrakion|Stone Edge|p1a: Victini|[miss]
|-miss|p2a: Terrakion|p1a: Victini
|cant|p1a: Victini|par
|
|turn|28
|
|move|p2a: Terrakion|Stone Edge|p1a: Victini
|-supereffective|p1a: Victini
|-damage|p1a: Victini|0 fnt
|faint|p1a: Victini
|
|
|switch|p1a: Scizor|Scizor, F|330\/330
|turn|29
|
|move|p1a: Scizor|Bullet Punch|p2a: Terrakion
|-supereffective|p2a: Terrakion
|-damage|p2a: Terrakion|77\/323
|move|p2a: Terrakion|Stone Edge|p1a: Scizor
|-damage|p1a: Scizor|92\/330
|
|-heal|p1a: Scizor|112\/330|[from] item: Leftovers
|turn|30
|
|move|p1a: Scizor|Bullet Punch|p2a: Terrakion
|-supereffective|p2a: Terrakion
|-damage|p2a: Terrakion|0 fnt
|faint|p2a: Terrakion
|
|win|Dumb bass
|leave|LOLegendaries
|player|p2