|join|Dumb bass
|join|DG_Geist
|player|p1|Dumb bass|23
|player|p2|DG_Geist|186
|gametype|singles
|gen|6
|tier|OU
|rated
|clearpoke
|poke|p1|Medicham, F
|poke|p1|Sharpedo, F
|poke|p1|Zapdos
|poke|p1|Landorus-Therian, M
|poke|p1|Amoonguss, M
|poke|p1|Victini
|poke|p2|Ferrothorn, F
|poke|p2|Tyranitar, F
|poke|p2|Excadrill, F
|poke|p2|Clefable, F
|poke|p2|Conkeldurr, F
|poke|p2|Rotom-Wash
|rule|Swagger Clause: Swagger is banned
|rule|Baton Pass Clause: Limit one PokÃ©mon knowing Baton Pass
|rule|Sleep Clause Mod: Limit one foe put to sleep
|rule|Species Clause: Limit one of each PokÃ©mon
|rule|OHKO Clause: OHKO moves are banned
|rule|Moody Clause: Moody is banned
|rule|Evasion Moves Clause: Evasion moves are banned
|rule|Endless Battle Clause: Forcing endless battles is banned
|rule|HP Percentage Mod: HP is shown in percentages
|teampreview
|
|start
|switch|p1a: Medicham|Medicham, F|261\/261
|switch|p2a: Rotom-Wash|Rotom-Wash|304\/304
|turn|1
|
|switch|p2a: Ferrothorn|Ferrothorn, F|352\/352
|detailschange|p1a: Medicham|Medicham-Mega, F
|message|Medicham has Mega Evolved into Mega Medicham!
|move|p1a: Medicham|Fake Out|p2a: Ferrothorn
|-resisted|p2a: Ferrothorn
|-damage|p2a: Ferrothorn|329\/352
|-damage|p1a: Medicham|229\/261|[from] ability: Iron Barbs|[of] p2a: Ferrothorn
|-damage|p1a: Medicham|186\/261|[from] item: Rocky Helmet|[of] p2a: Ferrothorn
|
|turn|2
|
|switch|p1a: Zapdos|Zapdos|367\/367
|-ability|p1a: Zapdos|Pressure
|move|p2a: Ferrothorn|Protect|p2a: Ferrothorn
|-fail|p2a: Ferrothorn
|
|turn|3
|
|switch|p2a: Tyranitar|Tyranitar, F|404\/404
|-weather|Sandstorm
|move|p1a: Zapdos|Volt Switch|p2a: Tyranitar
|-damage|p2a: Tyranitar|340\/404
|
|switch|p1a: Medicham|Medicham-Mega, F|186\/261
|
|-weather|Sandstorm|[upkeep]
|-damage|p1a: Medicham|170\/261|[from] sandstorm
|turn|4
|
|switch|p2a: Ferrothorn|Ferrothorn, F|329\/352
|move|p1a: Medicham|High Jump Kick|p2a: Ferrothorn
|-supereffective|p2a: Ferrothorn
|-damage|p2a: Ferrothorn|0 fnt
|-damage|p1a: Medicham|138\/261|[from] ability: Iron Barbs|[of] p2a: Ferrothorn
|-damage|p1a: Medicham|95\/261|[from] item: Rocky Helmet|[of] p2a: Ferrothorn
|faint|p2a: Ferrothorn
|
|-weather|Sandstorm|[upkeep]
|-damage|p1a: Medicham|79\/261|[from] sandstorm
|
|switch|p2a: Excadrill|Excadrill, F|362\/362
|-item|p2a: Excadrill|Air Balloon
|turn|5
|
|switch|p1a: Landorus-Therian|Landorus-Therian, M|319\/319
|-ability|p1a: Landorus-Therian|Intimidate|[of] p2a: Excadrill
|-unboost|p2a: Excadrill|atk|1
|move|p2a: Excadrill|Iron Head|p1a: Landorus-Therian
|-damage|p1a: Landorus-Therian|205\/319
|
|-weather|Sandstorm|[upkeep]
|turn|6
|
|switch|p2a: Conkeldurr|Conkeldurr, F|414\/414
|move|p1a: Landorus-Therian|U-turn|p2a: Conkeldurr
|-resisted|p2a: Conkeldurr
|-damage|p2a: Conkeldurr|366\/414
|
|switch|p1a: Amoonguss|Amoonguss, M|432\/432
|
|-weather|Sandstorm|[upkeep]
|-damage|p2a: Conkeldurr|341\/414|[from] sandstorm
|-damage|p1a: Amoonguss|405\/432|[from] sandstorm
|-heal|p1a: Amoonguss|432\/432|[from] item: Black Sludge
|turn|7
|
|move|p2a: Conkeldurr|Fire Punch|p1a: Amoonguss
|-supereffective|p1a: Amoonguss
|-damage|p1a: Amoonguss|94\/432
|move|p1a: Amoonguss|Spore|p2a: Conkeldurr
|-status|p2a: Conkeldurr|slp
|
|-weather|none
|-heal|p1a: Amoonguss|121\/432|[from] item: Black Sludge
|turn|8
|
|switch|p2a: Rotom-Wash|Rotom-Wash|304\/304
|switch|p1a: Medicham|Medicham-Mega, F|79\/261
|
|turn|9
|
|move|p1a: Medicham|Fake Out|p2a: Rotom-Wash
|-damage|p2a: Rotom-Wash|227\/304
|cant|p2a: Rotom-Wash|flinch
|
|-heal|p2a: Rotom-Wash|246\/304|[from] item: Leftovers
|turn|10
|
|move|p1a: Medicham|High Jump Kick|p2a: Rotom-Wash
|-damage|p2a: Rotom-Wash|0 fnt
|faint|p2a: Rotom-Wash
|
|
|switch|p2a: Tyranitar|Tyranitar, F|340\/404
|-weather|Sandstorm
|turn|11
|
|detailschange|p2a: Tyranitar|Tyranitar-Mega, F
|message|Tyranitar has Mega Evolved into Mega Tyranitar!
|move|p1a: Medicham|High Jump Kick|p2a: Tyranitar
|-supereffective|p2a: Tyranitar
|-damage|p2a: Tyranitar|0 fnt
|faint|p2a: Tyranitar
|
|-weather|Sandstorm|[upkeep]
|-damage|p1a: Medicham|63\/261|[from] sandstorm
|
|switch|p2a: Excadrill|Excadrill, F|362\/362
|-item|p2a: Excadrill|Air Balloon
|turn|12
|
|switch|p1a: Zapdos|Zapdos|367\/367
|-ability|p1a: Zapdos|Pressure
|move|p2a: Excadrill|Iron Head|p1a: Zapdos
|-resisted|p1a: Zapdos
|-damage|p1a: Zapdos|304\/367
|
|-weather|Sandstorm|[upkeep]
|-damage|p1a: Zapdos|282\/367|[from] sandstorm
|-heal|p1a: Zapdos|304\/367|[from] item: Leftovers
|turn|13
|-message|DG_Geist forfeited.
|
|win|Dumb bass
|raw|Ladder updating...
|leave|DG_Geist
|player|p2
|raw|Dumb bass's rating: 1448 &rarr; <strong>1467<\/strong><br \/>(+19 for winning)
|raw|DG_Geist's rating: 1423 &rarr; <strong>1405<\/strong><br \/>(-18 for losing)
|c|âDumb bass|POWAHOUSE