|join|Dumb bass
|join|LT7B Red
|player|p1|Dumb bass|23
|player|p2|LT7B Red|290
|gametype|singles
|gen|6
|tier|OU
|clearpoke
|poke|p1|Landorus-Therian, M
|poke|p1|Medicham, F
|poke|p1|Sharpedo, F
|poke|p1|Heatran, F
|poke|p1|Amoonguss, F
|poke|p1|Zapdos
|poke|p2|Dragonite, F
|poke|p2|Greninja, M
|poke|p2|Medicham, F
|poke|p2|Landorus-Therian, M
|poke|p2|Amoonguss, F
|poke|p2|Heatran, M
|rule|Swagger Clause: Swagger is banned
|rule|Baton Pass Clause: Limit one PokÃ©mon knowing Baton Pass
|rule|Sleep Clause Mod: Limit one foe put to sleep
|rule|Species Clause: Limit one of each PokÃ©mon
|rule|OHKO Clause: OHKO moves are banned
|rule|Moody Clause: Moody is banned
|rule|Evasion Moves Clause: Evasion moves are banned
|rule|Endless Battle Clause: Forcing endless battles is banned
|rule|HP Percentage Mod: HP is shown in percentages
|teampreview
|
|start
|switch|p1a: Medicham|Medicham, F|261\/261
|switch|p2a: Medicham|Medicham, F|262\/262
|turn|1
|
|detailschange|p2a: Medicham|Medicham-Mega, F
|message|Medicham has Mega Evolved into Mega Medicham!
|detailschange|p1a: Medicham|Medicham-Mega, F
|message|Medicham has Mega Evolved into Mega Medicham!
|move|p1a: Medicham|Fake Out|p2a: Medicham
|-damage|p2a: Medicham|178\/262
|cant|p2a: Medicham|flinch
|
|turn|2
|
|switch|p2a: Landorus-Therian|Landorus-Therian, M|356\/356
|-ability|p2a: Landorus-Therian|Intimidate|[of] p1a: Medicham
|-unboost|p1a: Medicham|atk|1
|move|p1a: Medicham|Zen Headbutt|p2a: Landorus-Therian
|-damage|p2a: Landorus-Therian|224\/356
|
|-heal|p2a: Landorus-Therian|246\/356|[from] item: Leftovers
|turn|3
|
|switch|p1a: Amoonguss|Amoonguss, F|432\/432
|move|p2a: Landorus-Therian|Earthquake|p1a: Amoonguss
|-damage|p1a: Amoonguss|186\/432
|
|-heal|p2a: Landorus-Therian|268\/356|[from] item: Leftovers
|-heal|p1a: Amoonguss|213\/432|[from] item: Black Sludge
|turn|4
|
|switch|p2a: Heatran|Heatran, M|349\/349
|-item|p2a: Heatran|Air Balloon
|switch|p1a: Landorus-Therian|Landorus-Therian, M|319\/319
|-ability|p1a: Landorus-Therian|Intimidate|[of] p2a: Heatran
|-unboost|p2a: Heatran|atk|1
|
|turn|5
|
|move|p1a: Landorus-Therian|U-turn|p2a: Heatran
|-resisted|p2a: Heatran
|-damage|p2a: Heatran|333\/349
|-enditem|p2a: Heatran|Air Balloon
|
|switch|p1a: Medicham|Medicham-Mega, F|261\/261
|move|p2a: Heatran|Will-O-Wisp|p1a: Medicham
|-status|p1a: Medicham|brn
|
|-damage|p1a: Medicham|229\/261 brn|[from] brn
|turn|6
|
|switch|p2a: Landorus-Therian|Landorus-Therian, M|268\/356
|-ability|p2a: Landorus-Therian|Intimidate|[of] p1a: Medicham
|-unboost|p1a: Medicham|atk|1
|move|p1a: Medicham|High Jump Kick|p2a: Landorus-Therian
|-resisted|p2a: Landorus-Therian
|-damage|p2a: Landorus-Therian|220\/356
|
|-heal|p2a: Landorus-Therian|242\/356|[from] item: Leftovers
|-damage|p1a: Medicham|197\/261 brn|[from] brn
|turn|7
|
|switch|p1a: Landorus-Therian|Landorus-Therian, M|319\/319
|-ability|p1a: Landorus-Therian|Intimidate|[of] p2a: Landorus-Therian
|-unboost|p2a: Landorus-Therian|atk|1
|move|p2a: Landorus-Therian|Knock Off|p1a: Landorus-Therian
|-crit|p1a: Landorus-Therian
|-damage|p1a: Landorus-Therian|143\/319
|-enditem|p1a: Landorus-Therian|Choice Scarf|[from] move: Knock Off|[of] p2a: Landorus-Therian
|
|-heal|p2a: Landorus-Therian|264\/356|[from] item: Leftovers
|turn|8
|
|move|p1a: Landorus-Therian|Knock Off|p2a: Landorus-Therian
|-damage|p2a: Landorus-Therian|168\/356
|-enditem|p2a: Landorus-Therian|Leftovers|[from] move: Knock Off|[of] p1a: Landorus-Therian
|move|p2a: Landorus-Therian|Knock Off|p1a: Landorus-Therian
|-damage|p1a: Landorus-Therian|90\/319
|
|turn|9
|
|move|p1a: Landorus-Therian|Knock Off|p2a: Landorus-Therian
|-damage|p2a: Landorus-Therian|105\/356
|move|p2a: Landorus-Therian|Stone Edge|p1a: Landorus-Therian
|-crit|p1a: Landorus-Therian
|-damage|p1a: Landorus-Therian|0 fnt
|faint|p1a: Landorus-Therian
|
|
|switch|p1a: Zapdos|Zapdos|321\/321
|-ability|p1a: Zapdos|Pressure
|turn|10
|
|switch|p2a: Heatran|Heatran, M|333\/349
|move|p1a: Zapdos|Heat Wave|p2a: Heatran
|-start|p2a: Heatran|ability: Flash Fire
|
|turn|11
|
|move|p1a: Zapdos|Volt Switch|p2a: Heatran
|-damage|p2a: Heatran|236\/349
|
|switch|p1a: Heatran|Heatran, F|373\/373
|move|p2a: Heatran|Stealth Rock|p1a: Heatran
|-sidestart|p1: Dumb bass|move: Stealth Rock
|
|turn|12
|
|move|p1a: Heatran|Stealth Rock|p2a: Heatran
|-sidestart|p2: LT7B Red|move: Stealth Rock
|move|p2a: Heatran|Roar|p1a: Heatran
|drag|p1a: Zapdos|Zapdos|321\/321
|-damage|p1a: Zapdos|241\/321|[from] Stealth Rock
|-ability|p1a: Zapdos|Pressure
|
|-heal|p1a: Zapdos|261\/321|[from] item: Leftovers
|turn|13
|
|move|p1a: Zapdos|Volt Switch|p2a: Heatran
|-damage|p2a: Heatran|140\/349
|
|switch|p1a: Heatran|Heatran, F|373\/373
|-damage|p1a: Heatran|327\/373|[from] Stealth Rock
|move|p2a: Heatran|Will-O-Wisp|p1a: Heatran
|-start|p1a: Heatran|ability: Flash Fire
|
|-heal|p1a: Heatran|350\/373|[from] item: Leftovers
|turn|14
|
|move|p1a: Heatran|Roar|p2a: Heatran
|drag|p2a: Landorus-Therian|Landorus-Therian, M|105\/356
|-damage|p2a: Landorus-Therian|61\/356|[from] Stealth Rock
|-ability|p2a: Landorus-Therian|Intimidate|[of] p1a: Heatran
|-unboost|p1a: Heatran|atk|1
|
|-heal|p1a: Heatran|373\/373|[from] item: Leftovers
|turn|15
|
|switch|p1a: Amoonguss|Amoonguss, F|357\/432
|-damage|p1a: Amoonguss|303\/432|[from] Stealth Rock
|move|p2a: Landorus-Therian|Earthquake|p1a: Amoonguss
|-damage|p1a: Amoonguss|50\/432
|
|-heal|p1a: Amoonguss|77\/432|[from] item: Black Sludge
|turn|16
|
|move|p2a: Landorus-Therian|Stone Edge|p1a: Amoonguss
|-crit|p1a: Amoonguss
|-damage|p1a: Amoonguss|0 fnt
|faint|p1a: Amoonguss
|
|
|switch|p1a: Medicham|Medicham-Mega, F|197\/261 brn
|-damage|p1a: Medicham|181\/261 brn|[from] Stealth Rock
|turn|17
|
|switch|p2a: Medicham|Medicham-Mega, F|178\/262
|-damage|p2a: Medicham|162\/262|[from] Stealth Rock
|move|p1a: Medicham|Fake Out|p2a: Medicham
|-damage|p2a: Medicham|115\/262
|
|-damage|p1a: Medicham|149\/261 brn|[from] brn
|turn|18
|
|move|p2a: Medicham|Fake Out|p1a: Medicham
|-damage|p1a: Medicham|56\/261 brn
|cant|p1a: Medicham|flinch
|
|-damage|p1a: Medicham|24\/261 brn|[from] brn
|turn|19
|
|switch|p2a: Landorus-Therian|Landorus-Therian, M|61\/356
|-damage|p2a: Landorus-Therian|17\/356|[from] Stealth Rock
|-ability|p2a: Landorus-Therian|Intimidate|[of] p1a: Medicham
|-unboost|p1a: Medicham|atk|1
|move|p1a: Medicham|Zen Headbutt|p2a: Landorus-Therian
|-damage|p2a: Landorus-Therian|0 fnt
|faint|p2a: Landorus-Therian
|
|-damage|p1a: Medicham|0 fnt|[from] brn
|faint|p1a: Medicham
|
|switch|p2a: Medicham|Medicham-Mega, F|115\/262
|-damage|p2a: Medicham|99\/262|[from] Stealth Rock
|switch|p1a: Zapdos|Zapdos|261\/321
|-damage|p1a: Zapdos|181\/321|[from] Stealth Rock
|-ability|p1a: Zapdos|Pressure
|turn|20
|
|move|p2a: Medicham|Fake Out|p1a: Zapdos
|-damage|p1a: Zapdos|102\/321
|cant|p1a: Zapdos|flinch
|
|-heal|p1a: Zapdos|122\/321|[from] item: Leftovers
|turn|21
|
|move|p2a: Medicham|Ice Punch|p1a: Zapdos
|-supereffective|p1a: Zapdos
|-damage|p1a: Zapdos|0 fnt
|faint|p1a: Zapdos
|
|
|switch|p1a: Sharpedo|Sharpedo, F|281\/281
|-damage|p1a: Sharpedo|246\/281|[from] Stealth Rock
|turn|22
|
|switch|p2a: Amoonguss|Amoonguss, F|432\/432
|-damage|p2a: Amoonguss|378\/432|[from] Stealth Rock
|move|p1a: Sharpedo|Protect|p1a: Sharpedo
|-fail|p1a: Sharpedo
|
|-heal|p2a: Amoonguss|405\/432|[from] item: Black Sludge
|-boost|p1a: Sharpedo|spe|1|[from] ability: Speed Boost
|turn|23
|
|switch|p1a: Heatran|Heatran, F|373\/373
|-damage|p1a: Heatran|327\/373|[from] Stealth Rock
|move|p2a: Amoonguss|Spore|p1a: Heatran
|-status|p1a: Heatran|slp
|
|-heal|p1a: Heatran|350\/373 slp|[from] item: Leftovers
|-heal|p2a: Amoonguss|432\/432|[from] item: Black Sludge
|turn|24
|
|switch|p1a: Sharpedo|Sharpedo, F|246\/281
|-damage|p1a: Sharpedo|211\/281|[from] Stealth Rock
|switch|p2a: Dragonite|Dragonite, F|324\/324
|-damage|p2a: Dragonite|243\/324|[from] Stealth Rock
|
|turn|25
|
|move|p1a: Sharpedo|Crunch|p2a: Dragonite
|-damage|p2a: Dragonite|25\/324
|-damage|p1a: Sharpedo|183\/281|[from] item: Life Orb
|move|p2a: Dragonite|Dragon Dance|p2a: Dragonite
|-boost|p2a: Dragonite|atk|1
|-boost|p2a: Dragonite|spe|1
|
|-boost|p1a: Sharpedo|spe|1|[from] ability: Speed Boost
|turn|26
|
|move|p2a: Dragonite|Extreme Speed|p1a: Sharpedo
|-damage|p1a: Sharpedo|0 fnt
|faint|p1a: Sharpedo
|
|
|switch|p1a: Heatran|Heatran, F|350\/373 slp
|-damage|p1a: Heatran|304\/373 slp|[from] Stealth Rock
|turn|27
|
|move|p2a: Dragonite|Earthquake|p1a: Heatran
|-supereffective|p1a: Heatran
|-damage|p1a: Heatran|0 fnt
|faint|p1a: Heatran
|
|win|LT7B Red
|leave|Dumb bass
|player|p1