|join|Drina Auguste
|join|Was muted
|player|p1|Drina Auguste|98
|player|p2|Was muted|11
|gametype|singles
|gen|6
|tier|OU
|rated
|clearpoke
|poke|p1|Gothitelle, M
|poke|p1|Greninja, M
|poke|p1|Clefable, F
|poke|p1|Gastrodon, F
|poke|p1|Aerodactyl, M
|poke|p1|Skarmory, M
|poke|p2|Scizor, F
|poke|p2|Talonflame, F
|poke|p2|Keldeo-Resolute
|poke|p2|Zapdos
|poke|p2|Garchomp, F
|poke|p2|Heatran, F, shiny
|rule|Swagger Clause: Swagger is banned
|rule|Baton Pass Clause: Limit one PokÃ©mon knowing Baton Pass
|rule|Sleep Clause Mod: Limit one foe put to sleep
|rule|Species Clause: Limit one of each PokÃ©mon
|rule|OHKO Clause: OHKO moves are banned
|rule|Moody Clause: Moody is banned
|rule|Evasion Moves Clause: Evasion moves are banned
|rule|Endless Battle Clause: Forcing endless battles is banned
|rule|HP Percentage Mod: HP is shown in percentages
|teampreview
|c|âWas muted|yo quiero ser tu sooooooooooooooooool
|c|âWas muted|yo quiero ser tu maaaaaaaaaaaaaaar
|c|âDrina Auguste|?
|c|âWas muted|oh oh ooooooooohh
|c|âWas muted|oh oh ooooooooohh
|c|âWas muted|eh eh
|
|start
|switch|p1a: Greninja|Greninja, M|285\/285
|switch|p2a: Paro cardiaco|Garchomp, F|357\/357
|turn|1
|c|âWas muted|llorando de rabia en un bar
|
|switch|p1a: Clefable|Clefable, F|393\/393
|move|p2a: Paro cardiaco|Outrage|p1a: Clefable
|-immune|p1a: Clefable|[msg]
|
|turn|2
|c|âWas muted|aqui me tiene bien clavado bebiendo tequila para olvidar todo
|c|âWas muted|muuuuuuuuuuuuy desesperado
|c|âWas muted|muuuuuuuuuuuuuuuuuuuy en el olvido
|c|âWas muted|estoyyyyyyyyyyyy ahoga en un bar
|
|switch|p2a: Ebola|Scizor, F|319\/319
|switch|p1a: Gothitelle|Gothitelle, M|343\/343
|
|turn|3
|
|switch|p1a: Skarmory|Skarmory, M|329\/329
|move|p2a: Ebola|U-turn|p1a: Skarmory
|-resisted|p1a: Skarmory
|-damage|p1a: Skarmory|299\/329
|
|switch|p2a: Tuberculosis|Heatran, F, shiny|323\/323
|
|turn|4
|
|switch|p1a: Gothitelle|Gothitelle, M|343\/343
|move|p2a: Tuberculosis|Magma Storm|p1a: Gothitelle
|-damage|p1a: Gothitelle|214\/343
|-activate|p1a: Gothitelle|move: Magma Storm|[of] p2a: Tuberculosis
|
|-damage|p1a: Gothitelle|172\/343|[from] move: Magma Storm|[partiallytrapped]
|turn|5
|
|move|p1a: Gothitelle|Trick|p2a: Tuberculosis
|-activate|p1a: Gothitelle|move: Trick|[of] p2a: Tuberculosis
|-item|p2a: Tuberculosis|Choice Scarf|[from] move: Trick
|-item|p1a: Gothitelle|Wide Lens|[from] move: Trick
|move|p2a: Tuberculosis|Taunt|p1a: Gothitelle
|-start|p1a: Gothitelle|move: Taunt
|
|-damage|p1a: Gothitelle|130\/343|[from] move: Magma Storm|[partiallytrapped]
|turn|6
|
|move|p2a: Tuberculosis|Taunt|p1a: Gothitelle
|-fail|p1a: Gothitelle
|move|p1a: Gothitelle|Psychic|p2a: Tuberculosis
|-resisted|p2a: Tuberculosis
|-damage|p2a: Tuberculosis|278\/323
|-unboost|p2a: Tuberculosis|spd|1
|
|-damage|p1a: Gothitelle|88\/343|[from] move: Magma Storm|[partiallytrapped]
|turn|7
|
|move|p2a: Tuberculosis|Taunt|p1a: Gothitelle
|-fail|p1a: Gothitelle
|move|p1a: Gothitelle|Psychic|p2a: Tuberculosis
|-crit|p2a: Tuberculosis
|-resisted|p2a: Tuberculosis
|-damage|p2a: Tuberculosis|186\/323
|
|-damage|p1a: Gothitelle|46\/343|[from] move: Magma Storm|[partiallytrapped]
|turn|8
|
|move|p2a: Tuberculosis|Taunt|p1a: Gothitelle
|-fail|p1a: Gothitelle
|move|p1a: Gothitelle|Psychic|p2a: Tuberculosis
|-resisted|p2a: Tuberculosis
|-damage|p2a: Tuberculosis|127\/323
|
|-damage|p1a: Gothitelle|4\/343|[from] move: Magma Storm|[partiallytrapped]
|-end|p1a: Gothitelle|move: Taunt
|turn|9
|
|move|p2a: Tuberculosis|Taunt|p1a: Gothitelle
|-start|p1a: Gothitelle|move: Taunt
|move|p1a: Gothitelle|Psychic|p2a: Tuberculosis
|-resisted|p2a: Tuberculosis
|-damage|p2a: Tuberculosis|62\/323
|
|-end|p1a: Gothitelle|Magma Storm|[partiallytrapped]
|turn|10
|
|move|p2a: Tuberculosis|Taunt|p1a: Gothitelle
|-fail|p1a: Gothitelle
|move|p1a: Gothitelle|Psychic|p2a: Tuberculosis
|-resisted|p2a: Tuberculosis
|-damage|p2a: Tuberculosis|0 fnt
|faint|p2a: Tuberculosis
|
|
|switch|p2a: Ebola|Scizor, F|319\/319
|turn|11
|
|move|p1a: Gothitelle|Psychic|p2a: Ebola
|-resisted|p2a: Ebola
|-damage|p2a: Ebola|261\/319
|move|p2a: Ebola|Pursuit|p1a: Gothitelle
|-supereffective|p1a: Gothitelle
|-damage|p1a: Gothitelle|0 fnt
|faint|p1a: Gothitelle
|
|
|switch|p1a: Skarmory|Skarmory, M|299\/329
|turn|12
|c|âWas muted|en el olvido amoooooooooooooooor
|c|âWas muted|estoy ahoga en un bar
|c|âWas muted|eh
|c|âWas muted|se que te buscan demasiados
|c|âWas muted|que te pretenden cantidad
|c|âWas muted|pero eso no es facilidad
|c|âWas muted|y mi amor nunca se raja
|c|âWas muted|y mi amor nunca te va a fallar
|c|âWas muted|NUNCA JAMAAAAS!!!
|
|switch|p2a: Cancer|Zapdos|384\/384
|-ability|p2a: Cancer|Pressure
|move|p1a: Skarmory|Stealth Rock|p2a: Cancer
|-sidestart|p2: Was muted|move: Stealth Rock
|
|turn|13
|c|âWas muted|ven y sacame de este maaarrr
|
|switch|p1a: Gastrodon|Gastrodon, F|425\/425
|move|p2a: Cancer|Heat Wave|p1a: Gastrodon
|-resisted|p1a: Gastrodon
|-damage|p1a: Gastrodon|368\/425
|
|-heal|p1a: Gastrodon|394\/425|[from] item: Leftovers
|turn|14
|c|âWas muted|estoy ahogadoooo en un baar
|c|âWas muted|desesperado
|c|âWas muted|en el olvido amorr
|c|âWas muted|muy desesperadoooooooooooo
|c|âWas muted|muy en el olvidooooooooooo
|c|âWas muted|estoy ahogado en un bar
|c|âWas muted|quiero ser tu todo
|c|âWas muted|y tu corazon
|c|âWas muted|ven a rescatarme amor
|c|âWas muted|yo quiero ser tu sooooooooooooool
|c|âWas muted|yo quiero ser tu maaaaaaaaaaaaar
|
|move|p2a: Cancer|Defog|p1a: Gastrodon
|-unboost|p1a: Gastrodon|evasion|1
|-sideend|p2: Was muted|Stealth Rock|[from] move: Defog|[of] p2a: Cancer
|move|p1a: Gastrodon|Toxic|p2a: Cancer
|-status|p2a: Cancer|tox
|
|-heal|p1a: Gastrodon|420\/425|[from] item: Leftovers
|-damage|p2a: Cancer|360\/384 tox|[from] psn
|turn|15
|
|switch|p2a: Sida|Keldeo-Resolute|323\/323
|move|p1a: Gastrodon|Scald|p2a: Sida
|-resisted|p2a: Sida
|-damage|p2a: Sida|278\/323
|-status|p2a: Sida|brn
|
|-heal|p1a: Gastrodon|425\/425|[from] item: Leftovers
|-damage|p2a: Sida|238\/323 brn|[from] brn
|turn|16
|c|âWas muted|oh oh oooooooooooh
|c|âWas muted|oh oh oohhhh
|c|âWas muted|eh eh
|
|move|p2a: Sida|Hidden Power|p1a: Gastrodon
|-supereffective|p1a: Gastrodon
|-damage|p1a: Gastrodon|0 fnt
|faint|p1a: Gastrodon
|
|-damage|p2a: Sida|198\/323 brn|[from] brn
|
|switch|p1a: Clefable|Clefable, F|393\/393
|turn|17
|c|âWas muted|lllorando de rabia en un baar
|c|âWas muted|aqui me tienen bien clavado
|c|âWas muted|bebiendo tequila para olvidar todo
|c|âWas muted|estoy ahogado en un baaaaaaar
|c|âWas muted|muy desesperadooo
|c|âWas muted|muy en el olvidoooooooo
|c|âWas muted|estoy ahodo en un baaaaaaaaaar
|
|switch|p2a: Ebola|Scizor, F|261\/319
|move|p1a: Clefable|Flamethrower|p2a: Ebola
|-supereffective|p2a: Ebola
|-damage|p2a: Ebola|0 fnt
|faint|p2a: Ebola
|
|
|switch|p2a: Gripe A|Talonflame, F|359\/359
|turn|18
|
|switch|p1a: Skarmory|Skarmory, M|299\/329
|move|p2a: Gripe A|Brave Bird|p1a: Skarmory
|-resisted|p1a: Skarmory
|-damage|p1a: Skarmory|230\/329
|-damage|p2a: Gripe A|336\/359|[from] recoil|[of] p1a: Skarmory
|
|turn|19
|
|switch|p2a: Cancer|Zapdos|360\/384 tox
|-ability|p2a: Cancer|Pressure
|move|p1a: Skarmory|Roost|p1a: Skarmory
|-heal|p1a: Skarmory|329\/329
|
|-heal|p2a: Cancer|384\/384 tox|[from] item: Leftovers
|-damage|p2a: Cancer|360\/384 tox|[from] psn
|turn|20
|
|switch|p1a: Clefable|Clefable, F|393\/393
|move|p2a: Cancer|Thunder Wave|p1a: Clefable
|-status|p1a: Clefable|par
|
|-heal|p2a: Cancer|384\/384 tox|[from] item: Leftovers
|-damage|p2a: Cancer|336\/384 tox|[from] psn
|turn|21
|
|switch|p2a: Gripe A|Talonflame, F|336\/359
|move|p1a: Clefable|Calm Mind|p1a: Clefable
|-boost|p1a: Clefable|spa|1
|-boost|p1a: Clefable|spd|1
|
|turn|22
|
|move|p2a: Gripe A|Flare Blitz|p1a: Clefable
|-damage|p1a: Clefable|143\/393 par
|-damage|p2a: Gripe A|253\/359|[from] recoil|[of] p1a: Clefable
|move|p1a: Clefable|Soft-Boiled|p1a: Clefable
|-heal|p1a: Clefable|340\/393 par
|
|-heal|p1a: Clefable|364\/393 par|[from] item: Leftovers
|turn|23
|
|move|p2a: Gripe A|Flare Blitz|p1a: Clefable
|-damage|p1a: Clefable|114\/393 par
|-damage|p2a: Gripe A|170\/359|[from] recoil|[of] p1a: Clefable
|move|p1a: Clefable|Soft-Boiled|p1a: Clefable
|-heal|p1a: Clefable|311\/393 par
|
|-heal|p1a: Clefable|335\/393 par|[from] item: Leftovers
|turn|24
|
|switch|p1a: Greninja|Greninja, M|285\/285
|move|p2a: Gripe A|Flare Blitz|p1a: Greninja
|-resisted|p1a: Greninja
|-damage|p1a: Greninja|105\/285
|-damage|p2a: Gripe A|111\/359|[from] recoil|[of] p1a: Greninja
|
|turn|25
|
|switch|p2a: Sida|Keldeo-Resolute|198\/323 brn
|move|p1a: Greninja|Ice Beam|p2a: Sida
|-start|p1a: Greninja|typechange|Ice|[from] Protean
|-resisted|p2a: Sida
|-damage|p2a: Sida|106\/323 brn
|-damage|p1a: Greninja|77\/285|[from] item: Life Orb
|
|-damage|p2a: Sida|66\/323 brn|[from] brn
|turn|26
|
|move|p1a: Greninja|Ice Beam|p2a: Sida
|-resisted|p2a: Sida
|-damage|p2a: Sida|0 fnt
|-damage|p1a: Greninja|49\/285|[from] item: Life Orb
|faint|p2a: Sida
|
|
|switch|p2a: Paro cardiaco|Garchomp, F|357\/357
|turn|27
|
|switch|p1a: Skarmory|Skarmory, M|329\/329
|move|p2a: Paro cardiaco|Earthquake|p1a: Skarmory
|-immune|p1a: Skarmory|[msg]
|
|turn|28
|
|switch|p2a: Cancer|Zapdos|336\/384 tox
|-ability|p2a: Cancer|Pressure
|switch|p1a: Greninja|Greninja, M|49\/285
|
|-heal|p2a: Cancer|360\/384 tox|[from] item: Leftovers
|-damage|p2a: Cancer|336\/384 tox|[from] psn
|turn|29
|c|âWas muted|wp
|
|move|p1a: Greninja|Ice Beam|p2a: Cancer
|-start|p1a: Greninja|typechange|Ice|[from] Protean
|-supereffective|p2a: Cancer
|-damage|p2a: Cancer|0 fnt
|-damage|p1a: Greninja|21\/285|[from] item: Life Orb
|faint|p2a: Cancer
|
|c|âDrina Auguste|Do I know you?
|
|switch|p2a: Paro cardiaco|Garchomp, F|357\/357
|turn|30
|
|move|p2a: Paro cardiaco|Fire Blast|p1a: Greninja
|-supereffective|p1a: Greninja
|-damage|p1a: Greninja|0 fnt
|faint|p1a: Greninja
|
|c|âDrina Auguste|Anyway gg too
|
|switch|p1a: Aerodactyl|Aerodactyl, M|301\/301
|turn|31
|
|switch|p2a: Gripe A|Talonflame, F|111\/359
|detailschange|p1a: Aerodactyl|Aerodactyl-Mega, M
|message|Aerodactyl has Mega Evolved into Mega Aerodactyl!
|move|p1a: Aerodactyl|Aerial Ace|p2a: Gripe A
|-damage|p2a: Gripe A|0 fnt
|faint|p2a: Gripe A
|
|
|switch|p2a: Paro cardiaco|Garchomp, F|357\/357
|turn|32
|c|âWas muted|gg =)
|
|move|p2a: Paro cardiaco|Earthquake|p1a: Aerodactyl
|-immune|p1a: Aerodactyl|[msg]
|move|p1a: Aerodactyl|Aerial Ace|p2a: Paro cardiaco
|-damage|p2a: Paro cardiaco|198\/357
|-damage|p1a: Aerodactyl|264\/301|[from] ability: Rough Skin|[of] p2a: Paro cardiaco
|
|turn|33
|
|move|p2a: Paro cardiaco|Earthquake|p1a: Aerodactyl
|-immune|p1a: Aerodactyl|[msg]
|move|p1a: Aerodactyl|Aerial Ace|p2a: Paro cardiaco
|-crit|p2a: Paro cardiaco
|-damage|p2a: Paro cardiaco|0 fnt
|-damage|p1a: Aerodactyl|227\/301|[from] ability: Rough Skin|[of] p2a: Paro cardiaco
|faint|p2a: Paro cardiaco
|
|win|Drina Auguste
|raw|Ladder updating...
|leave|Was muted
|player|p2
|raw|Ladder (probably) updated, but score could not be retrieved (timeout).
|raw|Ladder (probably) updated, but score could not be retrieved (Error: socket hang up).