|join|tricking fottiti
|join|Drina Auguste
|player|p1|tricking fottiti|167
|player|p2|Drina Auguste|283
|gametype|singles
|gen|6
|tier|OU
|rated
|clearpoke
|poke|p1|Slowbro, F
|poke|p1|Latios, M
|poke|p1|Heatran, F
|poke|p1|Scizor, M
|poke|p1|Clefable, F
|poke|p1|Terrakion
|poke|p2|Chansey, F
|poke|p2|Amoonguss, M
|poke|p2|Skarmory, F
|poke|p2|Charizard, F
|poke|p2|Quagsire, M
|poke|p2|Gothitelle, M
|rule|Baton Pass Clause: Limit 3 pokemon knowing Baton Pass
|rule|Sleep Clause Mod: Limit one foe put to sleep
|rule|Species Clause: Limit one of each Pokemon
|rule|OHKO Clause: OHKO moves are banned
|rule|Moody Clause: Moody is banned
|rule|Evasion Moves Clause: Evasion moves are banned
|rule|Endless Battle Clause: Forcing endless battles is banned
|rule|HP Percentage Mod: HP is reported as percentages
|teampreview
|
|start
|switch|p1a: Modest|Latios, M|302\/302
|switch|p2a: Amoonguss|Amoonguss, M|432\/432
|turn|1
|
|switch|p1a: Calm|Heatran, F|385\/385
|switch|p2a: Chansey|Chansey, F|704\/704
|
|turn|2
|
|switch|p2a: Charizard|Charizard, F|359\/359
|move|p1a: Calm|Stealth Rock|p2a: Charizard
|-sidestart|p2: Drina Auguste|move: Stealth Rock
|
|turn|3
|
|detailschange|p2a: Charizard|Charizard-Mega-X, F
|message|Charizard has Mega Evolved into Mega Charizard!
|move|p1a: Calm|Protect|p1a: Calm
|-singleturn|p1a: Calm|Protect
|move|p2a: Charizard|Will-O-Wisp|p1a: Calm
|-activate|p1a: Calm|Protect
|
|turn|4
|
|switch|p1a: Clefable|Clefable, F|394\/394
|move|p2a: Charizard|Earthquake|p1a: Clefable
|-damage|p1a: Clefable|282\/394
|
|-heal|p1a: Clefable|306\/394|[from] item: Leftovers
|turn|5
|
|move|p2a: Charizard|Will-O-Wisp|p1a: Clefable
|-status|p1a: Clefable|brn
|move|p1a: Clefable|Soft-Boiled|p1a: Clefable
|-heal|p1a: Clefable|394\/394 brn
|
|turn|6
|
|switch|p2a: Gothitelle|Gothitelle, M|282\/282
|-damage|p2a: Gothitelle|247\/282|[from] Stealth Rock
|move|p1a: Clefable|Calm Mind|p1a: Clefable
|-boost|p1a: Clefable|spa|1
|-boost|p1a: Clefable|spd|1
|
|turn|7
|
|move|p2a: Gothitelle|Trick|p1a: Clefable
|-activate|p2a: Gothitelle|move: Trick|[of] p1a: Clefable
|-item|p1a: Clefable|Choice Specs|[from] move: Trick
|-item|p2a: Gothitelle|Leftovers|[from] move: Trick
|move|p1a: Clefable|Moonblast|p2a: Gothitelle
|-damage|p2a: Gothitelle|25\/282
|-unboost|p2a: Gothitelle|spa|1
|
|-heal|p2a: Gothitelle|42\/282|[from] item: Leftovers
|turn|8
|
|switch|p2a: Chansey|Chansey, F|704\/704
|-damage|p2a: Chansey|616\/704|[from] Stealth Rock
|move|p1a: Clefable|Moonblast|p2a: Chansey
|-damage|p2a: Chansey|469\/704
|
|turn|9
|
|move|p1a: Clefable|Moonblast|p2a: Chansey
|-damage|p2a: Chansey|318\/704
|move|p2a: Chansey|Soft-Boiled|p2a: Chansey
|-heal|p2a: Chansey|670\/704
|
|turn|10
|
|switch|p1a: Scizor|Scizor, M|342\/342
|move|p2a: Chansey|Seismic Toss|p1a: Scizor
|-damage|p1a: Scizor|242\/342
|
|turn|11
|
|switch|p2a: Skarmory|Skarmory, F|334\/334
|-damage|p2a: Skarmory|293\/334|[from] Stealth Rock
|detailschange|p1a: Scizor|Scizor-Mega, M
|message|Scizor has Mega Evolved into Mega Scizor!
|move|p1a: Scizor|Knock Off|p2a: Skarmory
|-damage|p2a: Skarmory|227\/334
|-damage|p1a: Scizor|185\/342|[from] item: Rocky Helmet|[of] p2a: Skarmory
|-enditem|p2a: Skarmory|Rocky Helmet|[from] move: Knock Off|[of] p1a: Scizor
|
|turn|12
|
|move|p1a: Scizor|Roost|p1a: Scizor
|-heal|p1a: Scizor|342\/342
|move|p2a: Skarmory|Defog|p1a: Scizor
|-unboost|p1a: Scizor|evasion|1
|-sideend|p2: Drina Auguste|Stealth Rock|[from] move: Defog|[of] p2a: Skarmory
|
|turn|13
|
|switch|p1a: Calm|Heatran, F|385\/385
|move|p2a: Skarmory|Roost|p2a: Skarmory
|-heal|p2a: Skarmory|334\/334
|
|turn|14
|
|move|p1a: Calm|Stealth Rock|p2a: Skarmory
|-sidestart|p2: Drina Auguste|move: Stealth Rock
|move|p2a: Skarmory|Stealth Rock|p1a: Calm
|-sidestart|p1: tricking fottiti|move: Stealth Rock
|
|turn|15
|
|switch|p2a: Chansey|Chansey, F|670\/704
|-damage|p2a: Chansey|582\/704|[from] Stealth Rock
|move|p1a: Calm|Toxic|p2a: Chansey
|-status|p2a: Chansey|tox
|
|-damage|p2a: Chansey|538\/704 tox|[from] psn
|turn|16
|
|switch|p2a: Charizard|Charizard-Mega-X, F|359\/359
|-damage|p2a: Charizard|270\/359|[from] Stealth Rock
|move|p1a: Calm|Lava Plume|p2a: Charizard
|-resisted|p2a: Charizard
|-damage|p2a: Charizard|234\/359
|
|turn|17
|
|switch|p1a: Clefable|Clefable, F|394\/394 brn
|move|p2a: Charizard|Roost|p2a: Charizard
|-heal|p2a: Charizard|359\/359
|
|turn|18
|
|switch|p2a: Amoonguss|Amoonguss, M|432\/432
|-damage|p2a: Amoonguss|378\/432|[from] Stealth Rock
|move|p1a: Clefable|Moonblast|p2a: Amoonguss
|-resisted|p2a: Amoonguss
|-damage|p2a: Amoonguss|279\/432
|
|-heal|p2a: Amoonguss|306\/432|[from] item: Black Sludge
|turn|19
|
|switch|p1a: Modest|Latios, M|302\/302
|-damage|p1a: Modest|265\/302|[from] Stealth Rock
|move|p2a: Amoonguss|Giga Drain|p1a: Modest
|-resisted|p1a: Modest
|-damage|p1a: Modest|225\/302
|-heal|p2a: Amoonguss|326\/432|[from] drain|[of] p1a: Modest
|
|-heal|p2a: Amoonguss|353\/432|[from] item: Black Sludge
|turn|20
|
|switch|p2a: Gothitelle|Gothitelle, M|42\/282
|-damage|p2a: Gothitelle|7\/282|[from] Stealth Rock
|move|p1a: Modest|Trick|p2a: Gothitelle
|-activate|p1a: Modest|move: Trick|[of] p2a: Gothitelle
|-item|p2a: Gothitelle|Choice Scarf|[from] move: Trick
|-item|p1a: Modest|Leftovers|[from] move: Trick
|
|-heal|p1a: Modest|243\/302|[from] item: Leftovers
|turn|21
|
|switch|p2a: Chansey|Chansey, F|538\/704
|-damage|p2a: Chansey|450\/704|[from] Stealth Rock
|move|p1a: Modest|Psyshock|p2a: Chansey
|-damage|p2a: Chansey|258\/704
|
|-heal|p1a: Modest|261\/302|[from] item: Leftovers
|turn|22
|
|move|p1a: Modest|Trick|p2a: Chansey
|-activate|p1a: Modest|move: Trick|[of] p2a: Chansey
|-item|p2a: Chansey|Leftovers|[from] move: Trick
|-item|p1a: Modest|Eviolite|[from] move: Trick
|move|p2a: Chansey|Soft-Boiled|p2a: Chansey
|-heal|p2a: Chansey|610\/704
|
|-heal|p2a: Chansey|654\/704|[from] item: Leftovers
|turn|23
|
|move|p1a: Modest|Psyshock|p2a: Chansey
|-damage|p2a: Chansey|359\/704
|move|p2a: Chansey|Toxic|p1a: Modest
|-status|p1a: Modest|tox
|
|-heal|p2a: Chansey|403\/704|[from] item: Leftovers
|-damage|p1a: Modest|243\/302 tox|[from] psn
|turn|24
|
|move|p1a: Modest|Psyshock|p2a: Chansey
|-damage|p2a: Chansey|141\/704
|move|p2a: Chansey|Soft-Boiled|p2a: Chansey
|-heal|p2a: Chansey|493\/704
|
|-heal|p2a: Chansey|537\/704|[from] item: Leftovers
|-damage|p1a: Modest|207\/302 tox|[from] psn
|turn|25
|
|switch|p1a: Jolly|Terrakion|324\/324
|-damage|p1a: Jolly|304\/324|[from] Stealth Rock
|move|p2a: Chansey|Soft-Boiled|p2a: Chansey
|-heal|p2a: Chansey|704\/704
|
|turn|26
|
|switch|p2a: Amoonguss|Amoonguss, M|432\/432
|-damage|p2a: Amoonguss|378\/432|[from] Stealth Rock
|move|p1a: Jolly|Close Combat|p2a: Amoonguss
|-resisted|p2a: Amoonguss
|-damage|p2a: Amoonguss|276\/432
|-unboost|p1a: Jolly|def|1
|-unboost|p1a: Jolly|spd|1
|
|-heal|p2a: Amoonguss|303\/432|[from] item: Black Sludge
|turn|27
|
|switch|p1a: Scizor|Scizor-Mega, M|342\/342
|-damage|p1a: Scizor|300\/342|[from] Stealth Rock
|move|p2a: Amoonguss|Foul Play|p1a: Scizor
|-damage|p1a: Scizor|238\/342
|
|-heal|p2a: Amoonguss|330\/432|[from] item: Black Sludge
|turn|28
|
|switch|p1a: bold|Slowbro, F|394\/394
|-damage|p1a: bold|345\/394|[from] Stealth Rock
|switch|p2a: Skarmory|Skarmory, F|334\/334
|-damage|p2a: Skarmory|293\/334|[from] Stealth Rock
|
|-heal|p1a: bold|369\/394|[from] item: Leftovers
|turn|29
|
|move|p2a: Skarmory|Defog|p1a: bold
|-unboost|p1a: bold|evasion|1
|-sideend|p1: tricking fottiti|Stealth Rock|[from] move: Defog|[of] p1a: bold
|-sideend|p2: Drina Auguste|Stealth Rock|[from] move: Defog|[of] p2a: Skarmory
|move|p1a: bold|Thunder Wave|p2a: Skarmory
|-status|p2a: Skarmory|par
|
|-heal|p1a: bold|393\/394|[from] item: Leftovers
|turn|30
|
|switch|p1a: Scizor|Scizor-Mega, M|238\/342
|move|p2a: Skarmory|Stealth Rock|p1a: Scizor
|-sidestart|p1: tricking fottiti|move: Stealth Rock
|
|turn|31
|
|switch|p2a: Charizard|Charizard-Mega-X, F|359\/359
|move|p1a: Scizor|Roost|p1a: Scizor
|-heal|p1a: Scizor|342\/342
|
|turn|32
|
|switch|p1a: Modest|Latios, M|207\/302 tox
|-damage|p1a: Modest|170\/302 tox|[from] Stealth Rock
|move|p2a: Charizard|Earthquake|p1a: Modest
|-immune|p1a: Modest|[msg]
|
|-damage|p1a: Modest|152\/302 tox|[from] psn
|turn|33
|
|switch|p2a: Chansey|Chansey, F|704\/704
|move|p1a: Modest|Defog|p2a: Chansey
|-unboost|p2a: Chansey|evasion|1
|-sideend|p1: tricking fottiti|Stealth Rock|[from] move: Defog|[of] p1a: Modest
|
|-damage|p1a: Modest|116\/302 tox|[from] psn
|turn|34
|
|switch|p1a: Calm|Heatran, F|385\/385
|move|p2a: Chansey|Seismic Toss|p1a: Calm
|-damage|p1a: Calm|285\/385
|
|-heal|p1a: Calm|309\/385|[from] item: Leftovers
|turn|35
|
|switch|p2a: Charizard|Charizard-Mega-X, F|359\/359
|move|p1a: Calm|Lava Plume|p2a: Charizard
|-resisted|p2a: Charizard
|-damage|p2a: Charizard|328\/359
|
|-heal|p1a: Calm|333\/385|[from] item: Leftovers
|turn|36
|
|switch|p1a: Clefable|Clefable, F|394\/394 brn
|move|p2a: Charizard|Earthquake|p1a: Clefable
|-damage|p1a: Clefable|291\/394 brn
|
|turn|37
|
|move|p2a: Charizard|Earthquake|p1a: Clefable
|-crit|p1a: Clefable
|-damage|p1a: Clefable|132\/394 brn
|move|p1a: Clefable|Soft-Boiled|p1a: Clefable
|-heal|p1a: Clefable|329\/394 brn
|
|turn|38
|
|switch|p1a: Scizor|Scizor-Mega, M|342\/342
|move|p2a: Charizard|Dragon Claw|p1a: Scizor
|-resisted|p1a: Scizor
|-damage|p1a: Scizor|298\/342
|
|turn|39
|
|switch|p1a: Modest|Latios, M|116\/302 tox
|move|p2a: Charizard|Will-O-Wisp|p1a: Modest
|-fail|p1a: Modest
|
|-damage|p1a: Modest|98\/302 tox|[from] psn
|turn|40
|
|switch|p1a: Calm|Heatran, F|333\/385
|switch|p2a: Skarmory|Skarmory, F|293\/334 par
|
|-heal|p1a: Calm|357\/385|[from] item: Leftovers
|turn|41
|
|switch|p2a: Charizard|Charizard-Mega-X, F|328\/359
|move|p1a: Calm|Stealth Rock|p2a: Charizard
|-sidestart|p2: Drina Auguste|move: Stealth Rock
|
|-heal|p1a: Calm|381\/385|[from] item: Leftovers
|turn|42
|
|switch|p1a: Clefable|Clefable, F|329\/394 brn
|move|p2a: Charizard|Earthquake|p1a: Clefable
|-damage|p1a: Clefable|222\/394 brn
|
|turn|43
|
|switch|p2a: Skarmory|Skarmory, F|293\/334 par
|-damage|p2a: Skarmory|252\/334 par|[from] Stealth Rock
|move|p1a: Clefable|Moonblast|p2a: Skarmory
|-resisted|p2a: Skarmory
|-damage|p2a: Skarmory|139\/334 par
|-unboost|p2a: Skarmory|spa|1
|
|turn|44
|
|move|p1a: Clefable|Moonblast|p2a: Skarmory
|-resisted|p2a: Skarmory
|-damage|p2a: Skarmory|31\/334 par
|move|p2a: Skarmory|Roost|p2a: Skarmory
|-heal|p2a: Skarmory|198\/334 par
|
|turn|45
|
|move|p1a: Clefable|Moonblast|p2a: Skarmory
|-resisted|p2a: Skarmory
|-damage|p2a: Skarmory|96\/334 par
|move|p2a: Skarmory|Roost|p2a: Skarmory
|-heal|p2a: Skarmory|263\/334 par
|
|turn|46
|
|switch|p1a: Calm|Heatran, F|381\/385
|move|p2a: Skarmory|Defog|p1a: Calm
|-unboost|p1a: Calm|evasion|1
|-sideend|p2: Drina Auguste|Stealth Rock|[from] move: Defog|[of] p2a: Skarmory
|
|-heal|p1a: Calm|385\/385|[from] item: Leftovers
|turn|47
|
|move|p1a: Calm|Stealth Rock|p2a: Skarmory
|-sidestart|p2: Drina Auguste|move: Stealth Rock
|move|p2a: Skarmory|Stealth Rock|p1a: Calm
|-sidestart|p1: tricking fottiti|move: Stealth Rock
|
|turn|48
|
|switch|p2a: Charizard|Charizard-Mega-X, F|328\/359
|-damage|p2a: Charizard|239\/359|[from] Stealth Rock
|move|p1a: Calm|Toxic|p2a: Charizard
|-status|p2a: Charizard|tox
|
|-damage|p2a: Charizard|217\/359 tox|[from] psn
|turn|49
|
|move|p1a: Calm|Protect|p1a: Calm
|-singleturn|p1a: Calm|Protect
|move|p2a: Charizard|Roost|p2a: Charizard
|-heal|p2a: Charizard|359\/359 tox
|
|-damage|p2a: Charizard|315\/359 tox|[from] psn
|turn|50
|
|switch|p1a: bold|Slowbro, F|394\/394
|-damage|p1a: bold|345\/394|[from] Stealth Rock
|move|p2a: Charizard|Dragon Claw|p1a: bold
|-crit|p1a: bold
|-damage|p1a: bold|198\/394
|
|-heal|p1a: bold|222\/394|[from] item: Leftovers
|-damage|p2a: Charizard|249\/359 tox|[from] psn
|turn|51
|
|switch|p2a: Chansey|Chansey, F|704\/704
|-damage|p2a: Chansey|616\/704|[from] Stealth Rock
|switch|p1a: Jolly|Terrakion|304\/324
|-damage|p1a: Jolly|284\/324|[from] Stealth Rock
|
|-heal|p2a: Chansey|660\/704|[from] item: Leftovers
|turn|52
|
|switch|p2a: Amoonguss|Amoonguss, M|432\/432
|-damage|p2a: Amoonguss|378\/432|[from] Stealth Rock
|move|p1a: Jolly|Stone Edge|p2a: Amoonguss|[miss]
|-miss|p1a: Jolly|p2a: Amoonguss
|
|-heal|p2a: Amoonguss|405\/432|[from] item: Black Sludge
|turn|53
|
|switch|p1a: Scizor|Scizor-Mega, M|298\/342
|-damage|p1a: Scizor|256\/342|[from] Stealth Rock
|move|p2a: Amoonguss|Spore|p1a: Scizor
|-status|p1a: Scizor|slp
|
|-heal|p2a: Amoonguss|432\/432|[from] item: Black Sludge
|turn|54
|
|switch|p2a: Skarmory|Skarmory, F|263\/334 par
|-damage|p2a: Skarmory|222\/334 par|[from] Stealth Rock
|cant|p1a: Scizor|slp
|
|turn|55
|
|cant|p1a: Scizor|slp
|cant|p2a: Skarmory|par
|
|turn|56
|
|cant|p1a: Scizor|slp
|move|p2a: Skarmory|Defog|p1a: Scizor
|-unboost|p1a: Scizor|evasion|1
|-sideend|p1: tricking fottiti|Stealth Rock|[from] move: Defog|[of] p1a: Scizor
|-sideend|p2: Drina Auguste|Stealth Rock|[from] move: Defog|[of] p2a: Skarmory
|
|turn|57
|
|-curestatus|p1a: Scizor|slp
|move|p1a: Scizor|Roost|p1a: Scizor
|-heal|p1a: Scizor|342\/342
|cant|p2a: Skarmory|par
|
|turn|58
|
|switch|p1a: Calm|Heatran, F|385\/385
|move|p2a: Skarmory|Stealth Rock|p1a: Calm
|-sidestart|p1: tricking fottiti|move: Stealth Rock
|
|turn|59
|
|switch|p2a: Chansey|Chansey, F|660\/704
|move|p1a: Calm|Stealth Rock|p2a: Chansey
|-sidestart|p2: Drina Auguste|move: Stealth Rock
|
|-heal|p2a: Chansey|704\/704|[from] item: Leftovers
|turn|60
|
|switch|p1a: Clefable|Clefable, F|222\/394 brn
|move|p2a: Chansey|Aromatherapy|p2a: Chansey
|-cureteam|p2a: Chansey|[from] move: Aromatherapy
|
|turn|61
|
|switch|p2a: Skarmory|Skarmory, F|222\/334
|-damage|p2a: Skarmory|181\/334|[from] Stealth Rock
|move|p1a: Clefable|Soft-Boiled|p1a: Clefable
|-heal|p1a: Clefable|394\/394 brn
|
|turn|62
|
|switch|p1a: Calm|Heatran, F|385\/385
|-damage|p1a: Calm|337\/385|[from] Stealth Rock
|move|p2a: Skarmory|Defog|p1a: Calm
|-unboost|p1a: Calm|evasion|1
|-sideend|p1: tricking fottiti|Stealth Rock|[from] move: Defog|[of] p1a: Calm
|-sideend|p2: Drina Auguste|Stealth Rock|[from] move: Defog|[of] p2a: Skarmory
|
|-heal|p1a: Calm|361\/385|[from] item: Leftovers
|turn|63
|
|switch|p2a: Charizard|Charizard-Mega-X, F|249\/359
|move|p1a: Calm|Stealth Rock|p2a: Charizard
|-sidestart|p2: Drina Auguste|move: Stealth Rock
|
|-heal|p1a: Calm|385\/385|[from] item: Leftovers
|turn|64
|
|switch|p1a: bold|Slowbro, F|353\/394
|move|p2a: Charizard|Earthquake|p1a: bold
|-crit|p1a: bold
|-damage|p1a: bold|256\/394
|
|-heal|p1a: bold|280\/394|[from] item: Leftovers
|turn|65
|
|switch|p2a: Chansey|Chansey, F|704\/704
|-damage|p2a: Chansey|616\/704|[from] Stealth Rock
|move|p1a: bold|Thunder Wave|p2a: Chansey
|-status|p2a: Chansey|par
|
|-heal|p1a: bold|304\/394|[from] item: Leftovers
|-heal|p2a: Chansey|660\/704 par|[from] item: Leftovers
|turn|66
|
|switch|p1a: Jolly|Terrakion|284\/324
|move|p2a: Chansey|Toxic|p1a: Jolly
|-status|p1a: Jolly|tox
|
|-heal|p2a: Chansey|704\/704 par|[from] item: Leftovers
|-damage|p1a: Jolly|264\/324 tox|[from] psn
|turn|67
|
|switch|p2a: Amoonguss|Amoonguss, M|432\/432
|-damage|p2a: Amoonguss|378\/432|[from] Stealth Rock
|move|p1a: Jolly|Stone Edge|p2a: Amoonguss
|-crit|p2a: Amoonguss
|-damage|p2a: Amoonguss|89\/432
|
|-heal|p2a: Amoonguss|116\/432|[from] item: Black Sludge
|-damage|p1a: Jolly|224\/324 tox|[from] psn
|turn|68
|
|switch|p1a: Scizor|Scizor-Mega, M|342\/342
|switch|p2a: Quagsire|Quagsire, M|394\/394
|-damage|p2a: Quagsire|370\/394|[from] Stealth Rock
|
|-heal|p2a: Quagsire|394\/394|[from] item: Leftovers
|turn|69
|
|switch|p2a: Skarmory|Skarmory, F|181\/334
|-damage|p2a: Skarmory|140\/334|[from] Stealth Rock
|move|p1a: Scizor|Knock Off|p2a: Skarmory
|-damage|p2a: Skarmory|95\/334
|
|turn|70
|
|switch|p1a: Calm|Heatran, F|385\/385
|move|p2a: Skarmory|Defog|p1a: Calm
|-unboost|p1a: Calm|evasion|1
|-sideend|p2: Drina Auguste|Stealth Rock|[from] move: Defog|[of] p2a: Skarmory
|
|turn|71
|
|switch|p2a: Gothitelle|Gothitelle, M|7\/282
|move|p1a: Calm|Lava Plume|p2a: Gothitelle
|-damage|p2a: Gothitelle|0 fnt
|faint|p2a: Gothitelle
|
|
|switch|p2a: Charizard|Charizard-Mega-X, F|249\/359
|turn|72
|join|woke smeed
|
|switch|p1a: Clefable|Clefable, F|394\/394 brn
|move|p2a: Charizard|Will-O-Wisp|p1a: Clefable|[miss]
|-miss|p2a: Charizard|p1a: Clefable
|
|turn|73
|
|move|p2a: Charizard|Earthquake|p1a: Clefable
|-damage|p1a: Clefable|284\/394 brn
|move|p1a: Clefable|Moonblast|p2a: Charizard
|-damage|p2a: Charizard|66\/359
|
|turn|74
|
|move|p2a: Charizard|Roost|p2a: Charizard
|-heal|p2a: Charizard|246\/359
|move|p1a: Clefable|Moonblast|p2a: Charizard
|-damage|p2a: Charizard|77\/359
|
|turn|75
|
|move|p2a: Charizard|Roost|p2a: Charizard
|-heal|p2a: Charizard|257\/359
|move|p1a: Clefable|Moonblast|p2a: Charizard
|-damage|p2a: Charizard|80\/359
|-unboost|p2a: Charizard|spa|1
|
|turn|76
|
|move|p2a: Charizard|Roost|p2a: Charizard
|-heal|p2a: Charizard|260\/359
|move|p1a: Clefable|Moonblast|p2a: Charizard
|-damage|p2a: Charizard|65\/359
|-unboost|p2a: Charizard|spa|1
|
|turn|77
|
|switch|p2a: Amoonguss|Amoonguss, M|260\/432
|move|p1a: Clefable|Moonblast|p2a: Amoonguss
|-resisted|p2a: Amoonguss
|-damage|p2a: Amoonguss|165\/432
|
|-heal|p2a: Amoonguss|192\/432|[from] item: Black Sludge
|turn|78
|
|switch|p1a: Scizor|Scizor-Mega, M|342\/342
|switch|p2a: Charizard|Charizard-Mega-X, F|65\/359
|
|turn|79
|
|move|p1a: Scizor|Bullet Punch|p2a: Charizard
|-resisted|p2a: Charizard
|-damage|p2a: Charizard|31\/359
|move|p2a: Charizard|Roost|p2a: Charizard
|-heal|p2a: Charizard|211\/359
|
|turn|80
|
|switch|p1a: Modest|Latios, M|98\/302 tox
|move|p2a: Charizard|Will-O-Wisp|p1a: Modest
|-fail|p1a: Modest
|
|-damage|p1a: Modest|80\/302 tox|[from] psn
|turn|81
|
|switch|p1a: Calm|Heatran, F|385\/385
|switch|p2a: Chansey|Chansey, F|704\/704
|
|turn|82
|
|switch|p2a: Charizard|Charizard-Mega-X, F|211\/359
|move|p1a: Calm|Stealth Rock|p2a: Charizard
|-sidestart|p2: Drina Auguste|move: Stealth Rock
|
|turn|83
|chat|tricking fottiti|strong team u have there
|chat|tricking fottiti|congrats 
|chat|tricking fottiti|when did u build it?
|
|switch|p1a: Clefable|Clefable, F|284\/394 brn
|move|p2a: Charizard|Roost|p2a: Charizard
|-heal|p2a: Charizard|359\/359
|
|turn|84
|
|switch|p2a: Chansey|Chansey, F|704\/704
|-damage|p2a: Chansey|616\/704|[from] Stealth Rock
|move|p1a: Clefable|Soft-Boiled|p1a: Clefable
|-heal|p1a: Clefable|394\/394 brn
|
|-heal|p2a: Chansey|660\/704|[from] item: Leftovers
|turn|85
|
|switch|p1a: Scizor|Scizor-Mega, M|342\/342
|move|p2a: Chansey|Seismic Toss|p1a: Scizor
|-damage|p1a: Scizor|242\/342
|
|-heal|p2a: Chansey|704\/704|[from] item: Leftovers
|turn|86
|
|switch|p2a: Charizard|Charizard-Mega-X, F|359\/359
|-damage|p2a: Charizard|270\/359|[from] Stealth Rock
|move|p1a: Scizor|Swords Dance|p1a: Scizor
|-boost|p1a: Scizor|atk|2
|
|turn|87
|chat|woke smeed|that team is totally hers!
|join|keep going
|
|switch|p1a: bold|Slowbro, F|394\/394
|move|p2a: Charizard|Will-O-Wisp|p1a: bold
|-status|p1a: bold|brn
|
|-damage|p1a: bold|345\/394 brn|[from] brn
|turn|88
|chat|woke smeed|;D
|chat|tricking fottiti|meh 
|chat|tricking fottiti|his skar
|
|switch|p2a: Chansey|Chansey, F|704\/704
|-damage|p2a: Chansey|616\/704|[from] Stealth Rock
|move|p1a: bold|Thunder Wave|p2a: Chansey
|-status|p2a: Chansey|par
|
|-heal|p1a: bold|369\/394 brn|[from] item: Leftovers
|-heal|p2a: Chansey|660\/704 par|[from] item: Leftovers
|-damage|p1a: bold|320\/394 brn|[from] brn
|turn|89
|chat|tricking fottiti|is kind of trapped
|chat|tricking fottiti|and his chat
|chat|tricking fottiti|char
|chat|tricking fottiti|will be out of roost soon
|
|switch|p1a: Jolly|Terrakion|224\/324 tox
|cant|p2a: Chansey|par
|
|-heal|p2a: Chansey|704\/704 par|[from] item: Leftovers
|-damage|p1a: Jolly|204\/324 tox|[from] psn
|turn|90
|
|switch|p2a: Skarmory|Skarmory, F|95\/334
|-damage|p2a: Skarmory|54\/334|[from] Stealth Rock
|move|p1a: Jolly|Close Combat|p2a: Skarmory
|-damage|p2a: Skarmory|0 fnt
|-unboost|p1a: Jolly|def|1
|-unboost|p1a: Jolly|spd|1
|faint|p2a: Skarmory
|
|-damage|p1a: Jolly|164\/324 tox|[from] psn
|chat|woke smeed|ah
|chat|keep going|tele
|chat|tricking fottiti|y
|
|switch|p2a: Quagsire|Quagsire, M|394\/394
|-damage|p2a: Quagsire|370\/394|[from] Stealth Rock
|turn|91
|chat|woke smeed|yeah its over
|chat|keep going|which team did you use to ladder your first 30 matches?
|chat|tricking fottiti|the same
|
|switch|p1a: Clefable|Clefable, F|394\/394 brn
|move|p2a: Quagsire|Scald|p1a: Clefable
|-damage|p1a: Clefable|339\/394 brn
|
|-heal|p2a: Quagsire|394\/394|[from] item: Leftovers
|turn|92
|chat|keep going|that?
|chat|tricking fottiti|y
|
|switch|p2a: Amoonguss|Amoonguss, M|336\/432
|-damage|p2a: Amoonguss|282\/432|[from] Stealth Rock
|move|p1a: Clefable|Moonblast|p2a: Amoonguss
|-resisted|p2a: Amoonguss
|-damage|p2a: Amoonguss|187\/432
|
|-heal|p2a: Amoonguss|214\/432|[from] item: Black Sludge
|turn|93
|
|switch|p1a: Modest|Latios, M|80\/302 tox
|switch|p2a: Chansey|Chansey, F|704\/704
|-damage|p2a: Chansey|616\/704|[from] Stealth Rock
|
|-heal|p2a: Chansey|660\/704|[from] item: Leftovers
|-damage|p1a: Modest|62\/302 tox|[from] psn
|turn|94
|
|switch|p1a: Scizor|Scizor-Mega, M|242\/342
|move|p2a: Chansey|Soft-Boiled|p2a: Chansey
|-heal|p2a: Chansey|704\/704
|
|turn|95
|
|switch|p1a: Jolly|Terrakion|164\/324 tox
|switch|p2a: Charizard|Charizard-Mega-X, F|270\/359
|-damage|p2a: Charizard|181\/359|[from] Stealth Rock
|
|-damage|p1a: Jolly|144\/324 tox|[from] psn
|turn|96
|
|switch|p2a: Amoonguss|Amoonguss, M|358\/432
|-damage|p2a: Amoonguss|304\/432|[from] Stealth Rock
|move|p1a: Jolly|Close Combat|p2a: Amoonguss
|-resisted|p2a: Amoonguss
|-damage|p2a: Amoonguss|193\/432
|-unboost|p1a: Jolly|def|1
|-unboost|p1a: Jolly|spd|1
|
|-heal|p2a: Amoonguss|220\/432|[from] item: Black Sludge
|-damage|p1a: Jolly|104\/324 tox|[from] psn
|turn|97
|
|switch|p1a: Modest|Latios, M|62\/302 tox
|switch|p2a: Charizard|Charizard-Mega-X, F|181\/359
|-damage|p2a: Charizard|92\/359|[from] Stealth Rock
|
|-damage|p1a: Modest|44\/302 tox|[from] psn
|turn|98
|chat|tricking fottiti|hihi
|join|blabsters
|chat|keep going|because lower ladder is full of retarded shit and I keep getting haxed
|
|move|p1a: Modest|Psyshock|p2a: Charizard
|-damage|p2a: Charizard|0 fnt
|faint|p2a: Charizard
|
|-damage|p1a: Modest|8\/302 tox|[from] psn
|chat|tricking fottiti|mm
|
|switch|p2a: Chansey|Chansey, F|704\/704
|-damage|p2a: Chansey|616\/704|[from] Stealth Rock
|turn|99
|chat|woke smeed|6-3
|chat|tricking fottiti|welp in the first 30 i usually get 2 or 3 losses
|
|move|p1a: Modest|Psyshock|p2a: Chansey
|-damage|p2a: Chansey|336\/704
|move|p2a: Chansey|Soft-Boiled|p2a: Chansey
|-heal|p2a: Chansey|688\/704
|
|-heal|p2a: Chansey|704\/704|[from] item: Leftovers
|-damage|p1a: Modest|0 fnt|[from] psn
|faint|p1a: Modest
|
|switch|p1a: Jolly|Terrakion|104\/324 tox
|turn|100
|
|switch|p2a: Quagsire|Quagsire, M|394\/394
|-damage|p2a: Quagsire|370\/394|[from] Stealth Rock
|move|p1a: Jolly|Stone Edge|p2a: Quagsire
|-resisted|p2a: Quagsire
|-damage|p2a: Quagsire|295\/394
|
|-heal|p2a: Quagsire|319\/394|[from] item: Leftovers
|-damage|p1a: Jolly|84\/324 tox|[from] psn
|turn|101
|chat|keep going|lol
|chat|keep going|which team?
|
|switch|p1a: Scizor|Scizor-Mega, M|242\/342
|move|p2a: Quagsire|Earthquake|p1a: Scizor
|-crit|p1a: Scizor
|-damage|p1a: Scizor|151\/342
|
|-heal|p2a: Quagsire|343\/394|[from] item: Leftovers
|turn|102
|
|move|p1a: Scizor|Knock Off|p2a: Quagsire
|-damage|p2a: Quagsire|254\/394
|-enditem|p2a: Quagsire|Leftovers|[from] move: Knock Off|[of] p1a: Scizor
|move|p2a: Quagsire|Scald|p1a: Scizor
|-damage|p1a: Scizor|82\/342
|
|turn|103
|chat|keep going|that team?
|chat|tricking fottiti|?
|chat|tricking fottiti|sure
|chat|woke smeed|yes
|
|switch|p1a: Clefable|Clefable, F|339\/394 brn
|move|p2a: Quagsire|Scald|p1a: Clefable
|-damage|p1a: Clefable|275\/394 brn
|
|turn|104
|
|switch|p2a: Amoonguss|Amoonguss, M|364\/432
|-damage|p2a: Amoonguss|310\/432|[from] Stealth Rock
|move|p1a: Clefable|Flamethrower|p2a: Amoonguss
|-supereffective|p2a: Amoonguss
|-damage|p2a: Amoonguss|62\/432
|
|-heal|p2a: Amoonguss|89\/432|[from] item: Black Sludge
|turn|105
|
|switch|p1a: Scizor|Scizor-Mega, M|82\/342
|switch|p2a: Chansey|Chansey, F|704\/704
|-damage|p2a: Chansey|616\/704|[from] Stealth Rock
|
|-heal|p2a: Chansey|660\/704|[from] item: Leftovers
|turn|106
|chat|woke smeed|ah
|
|switch|p2a: Quagsire|Quagsire, M|254\/394
|-damage|p2a: Quagsire|230\/394|[from] Stealth Rock
|move|p1a: Scizor|Roost|p1a: Scizor
|-heal|p1a: Scizor|253\/342
|
|turn|107
|
|switch|p1a: Clefable|Clefable, F|275\/394 brn
|move|p2a: Quagsire|Earthquake|p1a: Clefable
|-damage|p1a: Clefable|160\/394 brn
|
|turn|108
|
|switch|p2a: Chansey|Chansey, F|660\/704
|-damage|p2a: Chansey|572\/704|[from] Stealth Rock
|move|p1a: Clefable|Soft-Boiled|p1a: Clefable
|-heal|p1a: Clefable|357\/394 brn
|
|-heal|p2a: Chansey|616\/704|[from] item: Leftovers
|turn|109
|
|switch|p1a: Scizor|Scizor-Mega, M|253\/342
|switch|p2a: Quagsire|Quagsire, M|230\/394
|-damage|p2a: Quagsire|206\/394|[from] Stealth Rock
|
|turn|110
|
|switch|p1a: bold|Slowbro, F|394\/394 brn
|move|p2a: Quagsire|Recover|p2a: Quagsire
|-heal|p2a: Quagsire|394\/394
|
|-damage|p1a: bold|345\/394 brn|[from] brn
|turn|111
|
|switch|p2a: Amoonguss|Amoonguss, M|233\/432
|-damage|p2a: Amoonguss|179\/432|[from] Stealth Rock
|move|p1a: bold|Scald|p2a: Amoonguss
|-resisted|p2a: Amoonguss
|-damage|p2a: Amoonguss|125\/432
|
|-heal|p2a: Amoonguss|152\/432|[from] item: Black Sludge
|-heal|p1a: bold|369\/394 brn|[from] item: Leftovers
|-damage|p1a: bold|320\/394 brn|[from] brn
|turn|112
|
|switch|p2a: Chansey|Chansey, F|616\/704
|-damage|p2a: Chansey|528\/704|[from] Stealth Rock
|move|p1a: bold|Thunder Wave|p2a: Chansey
|-status|p2a: Chansey|par
|
|-heal|p1a: bold|344\/394 brn|[from] item: Leftovers
|-heal|p2a: Chansey|572\/704 par|[from] item: Leftovers
|-damage|p1a: bold|295\/394 brn|[from] brn
|turn|113
|
|switch|p1a: Jolly|Terrakion|84\/324 tox
|cant|p2a: Chansey|par
|
|-heal|p2a: Chansey|616\/704 par|[from] item: Leftovers
|-damage|p1a: Jolly|64\/324 tox|[from] psn
|turn|114
|
|switch|p2a: Quagsire|Quagsire, M|394\/394
|-damage|p2a: Quagsire|370\/394|[from] Stealth Rock
|move|p1a: Jolly|Close Combat|p2a: Quagsire
|-damage|p2a: Quagsire|181\/394
|-unboost|p1a: Jolly|def|1
|-unboost|p1a: Jolly|spd|1
|
|-damage|p1a: Jolly|24\/324 tox|[from] psn
|turn|115
|
|switch|p2a: Amoonguss|Amoonguss, M|296\/432
|-damage|p2a: Amoonguss|242\/432|[from] Stealth Rock
|move|p1a: Jolly|Close Combat|p2a: Amoonguss
|-resisted|p2a: Amoonguss
|-damage|p2a: Amoonguss|142\/432
|-unboost|p1a: Jolly|def|1
|-unboost|p1a: Jolly|spd|1
|
|-heal|p2a: Amoonguss|169\/432|[from] item: Black Sludge
|-damage|p1a: Jolly|0 fnt|[from] psn
|faint|p1a: Jolly
|
|switch|p1a: Calm|Heatran, F|385\/385
|turn|116
|
|switch|p2a: Chansey|Chansey, F|616\/704
|-damage|p2a: Chansey|528\/704|[from] Stealth Rock
|move|p1a: Calm|Toxic|p2a: Chansey
|-status|p2a: Chansey|tox
|
|-heal|p2a: Chansey|572\/704 tox|[from] item: Leftovers
|-damage|p2a: Chansey|528\/704 tox|[from] psn
|turn|117
|
|move|p1a: Calm|Lava Plume|p2a: Chansey
|-damage|p2a: Chansey|416\/704 tox
|move|p2a: Chansey|Soft-Boiled|p2a: Chansey
|-heal|p2a: Chansey|704\/704 tox
|
|-damage|p2a: Chansey|616\/704 tox|[from] psn
|turn|118
|
|switch|p2a: Quagsire|Quagsire, M|181\/394
|-damage|p2a: Quagsire|157\/394|[from] Stealth Rock
|move|p1a: Calm|Toxic|p2a: Quagsire
|-status|p2a: Quagsire|tox
|
|-damage|p2a: Quagsire|133\/394 tox|[from] psn
|turn|119
|
|move|p1a: Calm|Lava Plume|p2a: Quagsire
|-resisted|p2a: Quagsire
|-damage|p2a: Quagsire|36\/394 tox
|move|p2a: Quagsire|Recover|p2a: Quagsire
|-heal|p2a: Quagsire|233\/394 tox
|
|-damage|p2a: Quagsire|185\/394 tox|[from] psn
|turn|120
|
|move|p1a: Calm|Lava Plume|p2a: Quagsire
|-resisted|p2a: Quagsire
|-damage|p2a: Quagsire|84\/394 tox
|move|p2a: Quagsire|Recover|p2a: Quagsire
|-heal|p2a: Quagsire|281\/394 tox
|
|-damage|p2a: Quagsire|209\/394 tox|[from] psn
|turn|121
|
|move|p1a: Calm|Protect|p1a: Calm
|-singleturn|p1a: Calm|Protect
|move|p2a: Quagsire|Earthquake|p1a: Calm
|-activate|p1a: Calm|Protect
|
|-damage|p2a: Quagsire|113\/394 tox|[from] psn
|turn|122
|chat|woke smeed|ah right there
|
|move|p1a: Calm|Lava Plume|p2a: Quagsire
|-crit|p2a: Quagsire
|-resisted|p2a: Quagsire
|-damage|p2a: Quagsire|0 fnt
|faint|p2a: Quagsire
|
|
|switch|p2a: Chansey|Chansey, F|616\/704
|-damage|p2a: Chansey|528\/704|[from] Stealth Rock
|turn|123
|
|switch|p1a: Scizor|Scizor-Mega, M|253\/342
|move|p2a: Chansey|Seismic Toss|p1a: Scizor
|-damage|p1a: Scizor|153\/342
|
|-heal|p2a: Chansey|572\/704|[from] item: Leftovers
|turn|124
|chat|woke smeed|and thats game
|chat|tricking fottiti|gg
|
|move|p1a: Scizor|Swords Dance|p1a: Scizor
|-boost|p1a: Scizor|atk|2
|move|p2a: Chansey|Seismic Toss|p1a: Scizor
|-damage|p1a: Scizor|53\/342
|
|-heal|p2a: Chansey|616\/704|[from] item: Leftovers
|turn|125
|
|move|p1a: Scizor|Roost|p1a: Scizor
|-heal|p1a: Scizor|224\/342
|move|p2a: Chansey|Seismic Toss|p1a: Scizor
|-damage|p1a: Scizor|124\/342
|
|-heal|p2a: Chansey|660\/704|[from] item: Leftovers
|turn|126
|
|switch|p2a: Amoonguss|Amoonguss, M|313\/432
|-damage|p2a: Amoonguss|259\/432|[from] Stealth Rock
|move|p1a: Scizor|Swords Dance|p1a: Scizor
|-boost|p1a: Scizor|atk|2
|
|-heal|p2a: Amoonguss|286\/432|[from] item: Black Sludge
|turn|127
|
|move|p1a: Scizor|Knock Off|p2a: Amoonguss
|-damage|p2a: Amoonguss|0 fnt
|faint|p2a: Amoonguss
|
|
|switch|p2a: Chansey|Chansey, F|660\/704
|-damage|p2a: Chansey|572\/704|[from] Stealth Rock
|turn|128
|
|move|p1a: Scizor|Bullet Punch|p2a: Chansey
|-damage|p2a: Chansey|0 fnt
|faint|p2a: Chansey
|
|win|tricking fottiti
|raw|Ladder updating...
|raw|tricking fottiti's rating: 1958 &rarr; <strong>1972<\/strong><br \/>(+14 for winning)
|raw|Drina Auguste's rating: 1855 &rarr; <strong>1841<\/strong><br \/>(-14 for losing)
|chat|woke smeed|leftovers chansey
|leave|Drina Auguste
|player|p2
|chat|woke smeed|the trick
|leave|tricking fottiti
|player|p1
|leave|woke smeed
|join|woke smeed