|join|Drina Auguste
|join|fraaa )
|player|p1|Drina Auguste|98
|player|p2|fraaa )|102
|gametype|singles
|gen|6
|tier|OU
|rated
|clearpoke
|poke|p1|Alomomola, F
|poke|p1|Gothitelle, M
|poke|p1|Chansey, F
|poke|p1|Cresselia, F
|poke|p1|Zapdos
|poke|p1|Scizor, F
|poke|p2|Chansey, F
|poke|p2|Mandibuzz, F, shiny
|poke|p2|Quagsire, F, shiny
|poke|p2|Heatran, M, shiny
|poke|p2|Gothitelle, M
|poke|p2|Venusaur, F, shiny
|rule|Swagger Clause: Swagger is banned
|rule|Baton Pass Clause: Limit one PokÃ©mon knowing Baton Pass
|rule|Sleep Clause Mod: Limit one foe put to sleep
|rule|Species Clause: Limit one of each PokÃ©mon
|rule|OHKO Clause: OHKO moves are banned
|rule|Moody Clause: Moody is banned
|rule|Evasion Moves Clause: Evasion moves are banned
|rule|Endless Battle Clause: Forcing endless battles is banned
|rule|HP Percentage Mod: HP is shown in percentages
|teampreview
|
|start
|switch|p1a: Gothitelle|Gothitelle, M|343\/343
|switch|p2a: Gothitelle|Gothitelle, M|344\/344
|turn|1
|
|switch|p1a: Scizor|Scizor, F|343\/343
|move|p2a: Gothitelle|Shadow Ball|p1a: Scizor
|-damage|p1a: Scizor|262\/343
|
|turn|2
|
|switch|p2a: Heatran|Heatran, M, shiny|386\/386
|detailschange|p1a: Scizor|Scizor-Mega, F
|message|Scizor has Mega Evolved into Mega Scizor!
|move|p1a: Scizor|Superpower|p2a: Heatran
|-supereffective|p2a: Heatran
|-damage|p2a: Heatran|130\/386
|-unboost|p1a: Scizor|atk|1
|-unboost|p1a: Scizor|def|1
|
|-heal|p2a: Heatran|154\/386|[from] item: Leftovers
|turn|3
|
|switch|p1a: Gothitelle|Gothitelle, M|343\/343
|move|p2a: Heatran|Stealth Rock|p1a: Gothitelle
|-sidestart|p1: Drina Auguste|move: Stealth Rock
|
|-heal|p2a: Heatran|178\/386|[from] item: Leftovers
|turn|4
|
|move|p1a: Gothitelle|Trick|p2a: Heatran
|-activate|p1a: Gothitelle|move: Trick|[of] p2a: Heatran
|-item|p2a: Heatran|Choice Scarf|[from] move: Trick
|-item|p1a: Gothitelle|Leftovers|[from] move: Trick
|move|p2a: Heatran|Roar|p1a: Gothitelle
|drag|p1a: Alomomola|Alomomola, F|533\/533
|-damage|p1a: Alomomola|467\/533|[from] Stealth Rock
|
|-heal|p1a: Alomomola|500\/533|[from] item: Leftovers
|turn|5
|
|move|p1a: Alomomola|Wish|p1a: Alomomola
|move|p2a: Heatran|Roar|p1a: Alomomola
|drag|p1a: Scizor|Scizor-Mega, F|262\/343
|-damage|p1a: Scizor|220\/343|[from] Stealth Rock
|
|turn|6
|
|switch|p2a: Quagsire|Quagsire, F, shiny|394\/394
|move|p1a: Scizor|Roost|p1a: Scizor
|-heal|p1a: Scizor|343\/343
|
|turn|7
|
|switch|p1a: Chansey|Chansey, F|703\/703
|-damage|p1a: Chansey|616\/703|[from] Stealth Rock
|move|p2a: Quagsire|Toxic|p1a: Chansey
|-status|p1a: Chansey|tox
|
|-damage|p1a: Chansey|573\/703 tox|[from] psn
|turn|8
|
|switch|p1a: Zapdos|Zapdos|383\/383
|-damage|p1a: Zapdos|288\/383|[from] Stealth Rock
|-ability|p1a: Zapdos|Pressure
|switch|p2a: Gothitelle|Gothitelle, M|344\/344
|
|-heal|p1a: Zapdos|311\/383|[from] item: Leftovers
|turn|9
|
|switch|p2a: Venusaur|Venusaur, F, shiny|364\/364
|move|p1a: Zapdos|Defog|p2a: Venusaur
|-unboost|p2a: Venusaur|evasion|1
|-sideend|p1: Drina Auguste|Stealth Rock|[from] move: Defog|[of] p1a: Zapdos
|
|-heal|p1a: Zapdos|334\/383|[from] item: Leftovers
|turn|10
|
|detailschange|p2a: Venusaur|Venusaur-Mega, F, shiny
|message|Venusaur has Mega Evolved into Mega Venusaur!
|move|p1a: Zapdos|Volt Switch|p2a: Venusaur
|-resisted|p2a: Venusaur
|-damage|p2a: Venusaur|332\/364
|
|switch|p1a: Chansey|Chansey, F|573\/703
|move|p2a: Venusaur|Leech Seed|p1a: Chansey
|-start|p1a: Chansey|move: Leech Seed
|
|-damage|p1a: Chansey|486\/703|[from] Leech Seed|[of] p2a: Venusaur
|-heal|p2a: Venusaur|364\/364|[silent]
|turn|11
|
|switch|p1a: Scizor|Scizor-Mega, F|343\/343
|move|p2a: Venusaur|Giga Drain|p1a: Scizor
|-resisted|p1a: Scizor
|-damage|p1a: Scizor|319\/343
|
|turn|12
|
|switch|p1a: Chansey|Chansey, F|486\/703
|move|p2a: Venusaur|Leech Seed|p1a: Chansey
|-start|p1a: Chansey|move: Leech Seed
|
|-damage|p1a: Chansey|399\/703|[from] Leech Seed|[of] p2a: Venusaur
|turn|13
|
|switch|p2a: Heatran|Heatran, M, shiny|178\/386
|move|p1a: Chansey|Soft-Boiled|p1a: Chansey
|-heal|p1a: Chansey|703\/703
|
|-damage|p1a: Chansey|616\/703|[from] Leech Seed|[of] p2a: Heatran
|-heal|p2a: Heatran|265\/386|[silent]
|turn|14
|
|switch|p1a: Zapdos|Zapdos|334\/383
|-ability|p1a: Zapdos|Pressure
|move|p2a: Heatran|Will-O-Wisp|p1a: Zapdos
|-status|p1a: Zapdos|brn
|
|-heal|p1a: Zapdos|357\/383 brn|[from] item: Leftovers
|-damage|p1a: Zapdos|310\/383 brn|[from] brn
|turn|15
|
|switch|p2a: Venusaur|Venusaur-Mega, F, shiny|364\/364
|switch|p1a: Gothitelle|Gothitelle, M|343\/343
|
|turn|16
|
|switch|p1a: Chansey|Chansey, F|616\/703
|move|p2a: Venusaur|Leech Seed|p1a: Chansey
|-start|p1a: Chansey|move: Leech Seed
|
|-damage|p1a: Chansey|529\/703|[from] Leech Seed|[of] p2a: Venusaur
|turn|17
|
|switch|p2a: Heatran|Heatran, M, shiny|265\/386
|move|p1a: Chansey|Stealth Rock|p2a: Heatran
|-sidestart|p2: fraaa )|move: Stealth Rock
|
|-damage|p1a: Chansey|442\/703|[from] Leech Seed|[of] p2a: Heatran
|-heal|p2a: Heatran|352\/386|[silent]
|turn|18
|
|switch|p1a: Gothitelle|Gothitelle, M|343\/343
|move|p2a: Heatran|Stealth Rock|p1a: Gothitelle
|-sidestart|p1: Drina Auguste|move: Stealth Rock
|
|turn|19
|
|move|p2a: Heatran|Stealth Rock|p1a: Gothitelle
|-fail|p1a: Gothitelle
|move|p1a: Gothitelle|Calm Mind|p1a: Gothitelle
|-boost|p1a: Gothitelle|spa|1
|-boost|p1a: Gothitelle|spd|1
|
|turn|20
|
|move|p2a: Heatran|Stealth Rock|p1a: Gothitelle
|-fail|p1a: Gothitelle
|move|p1a: Gothitelle|Calm Mind|p1a: Gothitelle
|-boost|p1a: Gothitelle|spa|1
|-boost|p1a: Gothitelle|spd|1
|
|turn|21
|
|move|p2a: Heatran|Stealth Rock|p1a: Gothitelle
|-fail|p1a: Gothitelle
|move|p1a: Gothitelle|Calm Mind|p1a: Gothitelle
|-boost|p1a: Gothitelle|spa|1
|-boost|p1a: Gothitelle|spd|1
|
|turn|22
|
|move|p2a: Heatran|Stealth Rock|p1a: Gothitelle
|-fail|p1a: Gothitelle
|move|p1a: Gothitelle|Psychic|p2a: Heatran
|-resisted|p2a: Heatran
|-damage|p2a: Heatran|258\/386
|
|turn|23
|
|move|p2a: Heatran|Stealth Rock|p1a: Gothitelle
|-fail|p1a: Gothitelle
|move|p1a: Gothitelle|Psychic|p2a: Heatran
|-resisted|p2a: Heatran
|-damage|p2a: Heatran|172\/386
|
|turn|24
|
|move|p2a: Heatran|Stealth Rock|p1a: Gothitelle
|-fail|p1a: Gothitelle
|move|p1a: Gothitelle|Calm Mind|p1a: Gothitelle
|-boost|p1a: Gothitelle|spa|1
|-boost|p1a: Gothitelle|spd|1
|
|turn|25
|
|move|p2a: Heatran|Stealth Rock|p1a: Gothitelle
|-fail|p1a: Gothitelle
|move|p1a: Gothitelle|Calm Mind|p1a: Gothitelle
|-boost|p1a: Gothitelle|spa|1
|-boost|p1a: Gothitelle|spd|1
|
|turn|26
|c|âfraaa )|cmon plz
|
|move|p2a: Heatran|Stealth Rock|p1a: Gothitelle
|-fail|p1a: Gothitelle
|move|p1a: Gothitelle|Psychic|p2a: Heatran
|-resisted|p2a: Heatran
|-damage|p2a: Heatran|61\/386
|
|turn|27
|
|move|p2a: Heatran|Stealth Rock|p1a: Gothitelle
|-fail|p1a: Gothitelle
|move|p1a: Gothitelle|Calm Mind|p1a: Gothitelle
|-boost|p1a: Gothitelle|spa|1
|-boost|p1a: Gothitelle|spd|1
|
|turn|28
|
|move|p2a: Heatran|Stealth Rock|p1a: Gothitelle
|-fail|p1a: Gothitelle
|move|p1a: Gothitelle|Trick|p2a: Heatran
|-activate|p1a: Gothitelle|move: Trick|[of] p2a: Heatran
|-item|p2a: Heatran|Leftovers|[from] move: Trick
|-item|p1a: Gothitelle|Choice Scarf|[from] move: Trick
|
|-heal|p2a: Heatran|85\/386|[from] item: Leftovers
|turn|29
|
|move|p1a: Gothitelle|Psychic|p2a: Heatran
|-resisted|p2a: Heatran
|-damage|p2a: Heatran|0 fnt
|faint|p2a: Heatran
|
|
|switch|p2a: Mandibuzz|Mandibuzz, F, shiny|424\/424
|-damage|p2a: Mandibuzz|318\/424|[from] Stealth Rock
|turn|30
|
|switch|p1a: Zapdos|Zapdos|310\/383 brn
|-damage|p1a: Zapdos|215\/383 brn|[from] Stealth Rock
|-ability|p1a: Zapdos|Pressure
|move|p2a: Mandibuzz|Roost|p2a: Mandibuzz
|-heal|p2a: Mandibuzz|424\/424
|
|-heal|p1a: Zapdos|238\/383 brn|[from] item: Leftovers
|-damage|p1a: Zapdos|191\/383 brn|[from] brn
|turn|31
|
|switch|p2a: Venusaur|Venusaur-Mega, F, shiny|364\/364
|-damage|p2a: Venusaur|319\/364|[from] Stealth Rock
|move|p1a: Zapdos|Defog|p2a: Venusaur
|-unboost|p2a: Venusaur|evasion|1
|-sideend|p2: fraaa )|Stealth Rock|[from] move: Defog|[of] p2a: Venusaur
|-sideend|p1: Drina Auguste|Stealth Rock|[from] move: Defog|[of] p1a: Zapdos
|
|-heal|p1a: Zapdos|214\/383 brn|[from] item: Leftovers
|-damage|p1a: Zapdos|167\/383 brn|[from] brn
|turn|32
|
|move|p1a: Zapdos|Roost|p1a: Zapdos
|-heal|p1a: Zapdos|359\/383 brn
|move|p2a: Venusaur|Leech Seed|p1a: Zapdos
|-start|p1a: Zapdos|move: Leech Seed
|
|-heal|p1a: Zapdos|382\/383 brn|[from] item: Leftovers
|-damage|p1a: Zapdos|335\/383 brn|[from] Leech Seed|[of] p2a: Venusaur
|-heal|p2a: Venusaur|364\/364|[silent]
|-damage|p1a: Zapdos|288\/383 brn|[from] brn
|turn|33
|
|move|p1a: Zapdos|Volt Switch|p2a: Venusaur
|-resisted|p2a: Venusaur
|-damage|p2a: Venusaur|329\/364
|
|switch|p1a: Chansey|Chansey, F|442\/703
|move|p2a: Venusaur|Leech Seed|p1a: Chansey
|-start|p1a: Chansey|move: Leech Seed
|
|-damage|p1a: Chansey|355\/703|[from] Leech Seed|[of] p2a: Venusaur
|-heal|p2a: Venusaur|364\/364|[silent]
|turn|34
|
|switch|p2a: Gothitelle|Gothitelle, M|344\/344
|move|p1a: Chansey|Soft-Boiled|p1a: Chansey
|-heal|p1a: Chansey|703\/703
|
|-damage|p1a: Chansey|616\/703|[from] Leech Seed|[of] p2a: Gothitelle
|turn|35
|
|move|p2a: Gothitelle|Trick|p1a: Chansey
|-activate|p2a: Gothitelle|move: Trick|[of] p1a: Chansey
|-item|p1a: Chansey|Choice Scarf|[from] move: Trick
|-item|p2a: Gothitelle|Eviolite|[from] move: Trick
|move|p1a: Chansey|Stealth Rock|p2a: Gothitelle
|-sidestart|p2: fraaa )|move: Stealth Rock
|
|-damage|p1a: Chansey|529\/703|[from] Leech Seed|[of] p2a: Gothitelle
|turn|36
|
|move|p1a: Chansey|Stealth Rock|p2a: Gothitelle
|-fail|p2a: Gothitelle
|move|p2a: Gothitelle|Calm Mind|p2a: Gothitelle
|-boost|p2a: Gothitelle|spa|1
|-boost|p2a: Gothitelle|spd|1
|
|-damage|p1a: Chansey|442\/703|[from] Leech Seed|[of] p2a: Gothitelle
|turn|37
|
|move|p1a: Chansey|Stealth Rock|p2a: Gothitelle
|-fail|p2a: Gothitelle
|move|p2a: Gothitelle|Calm Mind|p2a: Gothitelle
|-boost|p2a: Gothitelle|spa|1
|-boost|p2a: Gothitelle|spd|1
|
|-damage|p1a: Chansey|355\/703|[from] Leech Seed|[of] p2a: Gothitelle
|turn|38
|
|move|p1a: Chansey|Stealth Rock|p2a: Gothitelle
|-fail|p2a: Gothitelle
|move|p2a: Gothitelle|Calm Mind|p2a: Gothitelle
|-boost|p2a: Gothitelle|spa|1
|-boost|p2a: Gothitelle|spd|1
|
|-damage|p1a: Chansey|268\/703|[from] Leech Seed|[of] p2a: Gothitelle
|turn|39
|
|move|p1a: Chansey|Stealth Rock|p2a: Gothitelle
|-fail|p2a: Gothitelle
|move|p2a: Gothitelle|Calm Mind|p2a: Gothitelle
|-boost|p2a: Gothitelle|spa|1
|-boost|p2a: Gothitelle|spd|1
|
|-damage|p1a: Chansey|181\/703|[from] Leech Seed|[of] p2a: Gothitelle
|turn|40
|
|move|p1a: Chansey|Stealth Rock|p2a: Gothitelle
|-fail|p2a: Gothitelle
|move|p2a: Gothitelle|Calm Mind|p2a: Gothitelle
|-boost|p2a: Gothitelle|spa|1
|-boost|p2a: Gothitelle|spd|1
|
|-damage|p1a: Chansey|94\/703|[from] Leech Seed|[of] p2a: Gothitelle
|turn|41
|
|move|p1a: Chansey|Stealth Rock|p2a: Gothitelle
|-fail|p2a: Gothitelle
|move|p2a: Gothitelle|Calm Mind|p2a: Gothitelle
|-boost|p2a: Gothitelle|spa|1
|-boost|p2a: Gothitelle|spd|1
|
|-damage|p1a: Chansey|7\/703|[from] Leech Seed|[of] p2a: Gothitelle
|turn|42
|
|move|p1a: Chansey|Stealth Rock|p2a: Gothitelle
|-fail|p2a: Gothitelle
|move|p2a: Gothitelle|Trick|p1a: Chansey
|-activate|p2a: Gothitelle|move: Trick|[of] p1a: Chansey
|-item|p1a: Chansey|Eviolite|[from] move: Trick
|-item|p2a: Gothitelle|Choice Scarf|[from] move: Trick
|
|-damage|p1a: Chansey|0 fnt|[from] Leech Seed|[of] p2a: Gothitelle
|faint|p1a: Chansey
|
|switch|p1a: Gothitelle|Gothitelle, M|343\/343
|turn|43
|
|switch|p1a: Zapdos|Zapdos|288\/383 brn
|-ability|p1a: Zapdos|Pressure
|move|p2a: Gothitelle|Shadow Ball|p1a: Zapdos
|-damage|p1a: Zapdos|0 fnt
|faint|p1a: Zapdos
|
|
|switch|p1a: Cresselia|Cresselia, F|443\/443
|turn|44
|
|move|p2a: Gothitelle|Shadow Ball|p1a: Cresselia
|-supereffective|p1a: Cresselia
|-damage|p1a: Cresselia|35\/443
|-unboost|p1a: Cresselia|spd|1
|move|p1a: Cresselia|Psych Up|p2a: Gothitelle
|-copyboost|p1a: Cresselia|p2a: Gothitelle|[from] move: Psych Up
|
|-heal|p1a: Cresselia|62\/443|[from] item: Leftovers
|turn|45
|
|move|p2a: Gothitelle|Shadow Ball|p1a: Cresselia
|-supereffective|p1a: Cresselia
|-damage|p1a: Cresselia|0 fnt
|faint|p1a: Cresselia
|
|
|switch|p1a: Scizor|Scizor-Mega, F|319\/343
|turn|46
|
|move|p2a: Gothitelle|Shadow Ball|p1a: Scizor
|-damage|p1a: Scizor|9\/343
|move|p1a: Scizor|Swords Dance|p1a: Scizor
|-boost|p1a: Scizor|atk|2
|
|turn|47
|
|move|p1a: Scizor|Bullet Punch|p2a: Gothitelle
|-damage|p2a: Gothitelle|128\/344
|move|p2a: Gothitelle|Shadow Ball|p1a: Scizor
|-damage|p1a: Scizor|0 fnt
|faint|p1a: Scizor
|
|
|switch|p1a: Gothitelle|Gothitelle, M|343\/343
|turn|48
|-message|Drina Auguste forfeited.
|
|win|fraaa )
|raw|Ladder updating...
|leave|Drina Auguste
|player|p1