|join|Sadie Lilith
|join|Drina Auguste
|player|p1|Sadie Lilith|239
|player|p2|Drina Auguste|98
|gametype|singles
|gen|6
|tier|OU
|rated
|clearpoke
|poke|p1|Scolipede, F
|poke|p1|Medicham, F
|poke|p1|Bisharp, F
|poke|p1|Landorus-Therian, M, shiny
|poke|p1|Rotom-Wash
|poke|p1|Clefable, F, shiny
|poke|p2|Houndoom, F
|poke|p2|Mew
|poke|p2|Landorus-Therian, M
|poke|p2|Starmie
|poke|p2|Ferrothorn, F
|poke|p2|Azumarill, F
|rule|Swagger Clause: Swagger is banned
|rule|Baton Pass Clause: Limit one PokÃ©mon knowing Baton Pass
|rule|Sleep Clause Mod: Limit one foe put to sleep
|rule|Species Clause: Limit one of each PokÃ©mon
|rule|OHKO Clause: OHKO moves are banned
|rule|Moody Clause: Moody is banned
|rule|Evasion Moves Clause: Evasion moves are banned
|rule|Endless Battle Clause: Forcing endless battles is banned
|rule|HP Percentage Mod: HP is shown in percentages
|teampreview
|
|start
|switch|p1a: Velvet|Scolipede, F|267\/267
|switch|p2a: Mew|Mew|403\/403
|turn|1
|
|move|p1a: Velvet|Megahorn|p2a: Mew|[miss]
|-miss|p1a: Velvet|p2a: Mew
|move|p2a: Mew|Taunt|p1a: Velvet
|-start|p1a: Velvet|move: Taunt
|
|-boost|p1a: Velvet|spe|1|[from] ability: Speed Boost
|turn|2
|
|move|p1a: Velvet|Megahorn|p2a: Mew
|-supereffective|p2a: Mew
|-damage|p2a: Mew|0 fnt
|faint|p2a: Mew
|
|-boost|p1a: Velvet|spe|1|[from] ability: Speed Boost
|
|switch|p2a: Landorus-Therian|Landorus-Therian, M|381\/381
|-ability|p2a: Landorus-Therian|Intimidate|[of] p1a: Velvet
|-unboost|p1a: Velvet|atk|1
|turn|3
|
|switch|p1a: Mute Butler|Landorus-Therian, M, shiny|369\/369
|-ability|p1a: Mute Butler|Intimidate|[of] p2a: Landorus-Therian
|-unboost|p2a: Landorus-Therian|atk|1
|move|p2a: Landorus-Therian|Stealth Rock|p1a: Mute Butler
|-sidestart|p1: Sadie Lilith|move: Stealth Rock
|
|turn|4
|
|move|p1a: Mute Butler|U-turn|p2a: Landorus-Therian
|-resisted|p2a: Landorus-Therian
|-damage|p2a: Landorus-Therian|350\/381
|
|switch|p1a: Venus|Rotom-Wash|304\/304
|-damage|p1a: Venus|266\/304|[from] Stealth Rock
|move|p2a: Landorus-Therian|U-turn|p1a: Venus
|-damage|p1a: Venus|233\/304
|
|switch|p2a: Ferrothorn|Ferrothorn, F|351\/351
|
|-heal|p1a: Venus|252\/304|[from] item: Leftovers
|turn|5
|
|move|p1a: Venus|Will-O-Wisp|p2a: Ferrothorn
|-status|p2a: Ferrothorn|brn
|move|p2a: Ferrothorn|Spikes|p1a: Venus
|-sidestart|p1: Sadie Lilith|Spikes
|
|-heal|p1a: Venus|271\/304|[from] item: Leftovers
|-damage|p2a: Ferrothorn|308\/351 brn|[from] brn
|turn|6
|
|move|p1a: Venus|Volt Switch|p2a: Ferrothorn
|-crit|p2a: Ferrothorn
|-resisted|p2a: Ferrothorn
|-damage|p2a: Ferrothorn|262\/351 brn
|
|switch|p1a: Velvet|Scolipede, F|267\/267
|-damage|p1a: Velvet|234\/267|[from] Spikes
|-damage|p1a: Velvet|168\/267|[from] Stealth Rock
|move|p2a: Ferrothorn|Spikes|p1a: Velvet
|-sidestart|p1: Sadie Lilith|Spikes
|
|-damage|p2a: Ferrothorn|219\/351 brn|[from] brn
|turn|7
|
|switch|p2a: Landorus-Therian|Landorus-Therian, M|350\/381
|-ability|p2a: Landorus-Therian|Intimidate|[of] p1a: Velvet
|-unboost|p1a: Velvet|atk|1
|move|p1a: Velvet|Swords Dance|p1a: Velvet
|-boost|p1a: Velvet|atk|2
|
|-heal|p2a: Landorus-Therian|373\/381|[from] item: Leftovers
|-boost|p1a: Velvet|spe|1|[from] ability: Speed Boost
|turn|8
|
|move|p1a: Velvet|Protect|p1a: Velvet
|-singleturn|p1a: Velvet|Protect
|move|p2a: Landorus-Therian|Earthquake|p1a: Velvet
|-activate|p1a: Velvet|Protect
|
|-heal|p2a: Landorus-Therian|381\/381|[from] item: Leftovers
|-boost|p1a: Velvet|spe|1|[from] ability: Speed Boost
|turn|9
|
|move|p1a: Velvet|Baton Pass|p1a: Velvet
|
|switch|p1a: Mute Butler|Landorus-Therian, M, shiny|369\/369
|-damage|p1a: Mute Butler|323\/369|[from] Stealth Rock
|-ability|p1a: Mute Butler|Intimidate|[of] p2a: Landorus-Therian
|-unboost|p2a: Landorus-Therian|atk|1
|move|p2a: Landorus-Therian|Earthquake|p1a: Mute Butler
|-immune|p1a: Mute Butler|[msg]
|
|-heal|p1a: Mute Butler|346\/369|[from] item: Leftovers
|turn|10
|
|move|p1a: Mute Butler|Stone Edge|p2a: Landorus-Therian|[miss]
|-miss|p1a: Mute Butler|p2a: Landorus-Therian
|move|p2a: Landorus-Therian|U-turn|p1a: Mute Butler
|-resisted|p1a: Mute Butler
|-damage|p1a: Mute Butler|326\/369
|
|switch|p2a: Azumarill|Azumarill, F|397\/397
|
|-heal|p1a: Mute Butler|349\/369|[from] item: Leftovers
|turn|11
|
|switch|p2a: Landorus-Therian|Landorus-Therian, M|381\/381
|-ability|p2a: Landorus-Therian|Intimidate|[of] p1a: Mute Butler
|-unboost|p1a: Mute Butler|atk|1
|move|p1a: Mute Butler|Earthquake|p2a: Landorus-Therian
|-immune|p2a: Landorus-Therian|[msg]
|
|-heal|p1a: Mute Butler|369\/369|[from] item: Leftovers
|turn|12
|
|move|p1a: Mute Butler|Stealth Rock|p2a: Landorus-Therian
|-sidestart|p2: Drina Auguste|move: Stealth Rock
|move|p2a: Landorus-Therian|U-turn|p1a: Mute Butler
|-resisted|p1a: Mute Butler
|-damage|p1a: Mute Butler|337\/369
|
|switch|p2a: Azumarill|Azumarill, F|397\/397
|-damage|p2a: Azumarill|348\/397|[from] Stealth Rock
|
|-heal|p1a: Mute Butler|360\/369|[from] item: Leftovers
|turn|13
|
|move|p1a: Mute Butler|U-turn|p2a: Azumarill
|-resisted|p2a: Azumarill
|-damage|p2a: Azumarill|304\/397
|
|switch|p1a: Venus|Rotom-Wash|271\/304
|-damage|p1a: Venus|233\/304|[from] Stealth Rock
|move|p2a: Azumarill|Waterfall|p1a: Venus
|-resisted|p1a: Venus
|-damage|p1a: Venus|173\/304
|
|-heal|p1a: Venus|192\/304|[from] item: Leftovers
|turn|14
|
|switch|p2a: Landorus-Therian|Landorus-Therian, M|381\/381
|-damage|p2a: Landorus-Therian|334\/381|[from] Stealth Rock
|-ability|p2a: Landorus-Therian|Intimidate|[of] p1a: Venus
|-unboost|p1a: Venus|atk|1
|move|p1a: Venus|Will-O-Wisp|p2a: Landorus-Therian
|-status|p2a: Landorus-Therian|brn
|
|-heal|p2a: Landorus-Therian|357\/381 brn|[from] item: Leftovers
|-heal|p1a: Venus|211\/304|[from] item: Leftovers
|-damage|p2a: Landorus-Therian|310\/381 brn|[from] brn
|turn|15
|
|move|p2a: Landorus-Therian|U-turn|p1a: Venus
|-damage|p1a: Venus|186\/304
|
|switch|p2a: Ferrothorn|Ferrothorn, F|219\/351 brn
|-damage|p2a: Ferrothorn|198\/351 brn|[from] Stealth Rock
|move|p1a: Venus|Hydro Pump|p2a: Ferrothorn|[miss]
|-miss|p1a: Venus|p2a: Ferrothorn
|
|-heal|p1a: Venus|205\/304|[from] item: Leftovers
|-damage|p2a: Ferrothorn|155\/351 brn|[from] brn
|turn|16
|
|switch|p1a: Diesel Lipstick|Clefable, F, shiny|394\/394
|move|p2a: Ferrothorn|Leech Seed|p1a: Diesel Lipstick
|-start|p1a: Diesel Lipstick|move: Leech Seed
|
|-damage|p2a: Ferrothorn|112\/351 brn|[from] brn
|turn|17
|
|switch|p2a: Houndoom|Houndoom, F|291\/291
|-damage|p2a: Houndoom|219\/291|[from] Stealth Rock
|move|p1a: Diesel Lipstick|Moonblast|p2a: Houndoom
|-damage|p2a: Houndoom|58\/291
|
|turn|18
|
|detailschange|p2a: Houndoom|Houndoom-Mega, F
|message|Houndoom has Mega Evolved into Mega Houndoom!
|move|p2a: Houndoom|Fire Blast|p1a: Diesel Lipstick
|-damage|p1a: Diesel Lipstick|208\/394
|move|p1a: Diesel Lipstick|Moonblast|p2a: Houndoom
|-damage|p2a: Houndoom|0 fnt
|faint|p2a: Houndoom
|
|
|switch|p2a: Azumarill|Azumarill, F|304\/397
|-damage|p2a: Azumarill|255\/397|[from] Stealth Rock
|turn|19
|
|switch|p1a: Venus|Rotom-Wash|205\/304
|-damage|p1a: Venus|167\/304|[from] Stealth Rock
|move|p2a: Azumarill|Play Rough|p1a: Venus
|-damage|p1a: Venus|34\/304
|
|-heal|p1a: Venus|53\/304|[from] item: Leftovers
|turn|20
|
|switch|p2a: Ferrothorn|Ferrothorn, F|112\/351 brn
|-damage|p2a: Ferrothorn|91\/351 brn|[from] Stealth Rock
|move|p1a: Venus|Pain Split|p2a: Ferrothorn
|-sethp|p2a: Ferrothorn|72\/351 brn|p1a: Venus|72\/304|[from] move: Pain Split
|
|-heal|p1a: Venus|91\/304|[from] item: Leftovers
|-damage|p2a: Ferrothorn|29\/351 brn|[from] brn
|turn|21
|-message|Drina Auguste forfeited.
|
|win|Sadie Lilith
|raw|Ladder updating...
|leave|Drina Auguste
|player|p2
|raw|Ladder (probably) updated, but score could not be retrieved (timeout).
|raw|Ladder (probably) updated, but score could not be retrieved (Error: socket hang up).