|join|Streakers
|join|Drina Auguste
|player|p1|Streakers|52
|player|p2|Drina Auguste|98
|gametype|singles
|gen|6
|tier|OU
|rated
|clearpoke
|poke|p1|Quagsire, M
|poke|p1|Chansey, F
|poke|p1|Skarmory, M
|poke|p1|Venusaur, M, shiny
|poke|p1|Heatran, M
|poke|p1|Suicune, shiny
|poke|p2|Charizard, F
|poke|p2|Aegislash, M
|poke|p2|Hippowdon, M
|poke|p2|Zapdos
|poke|p2|Keldeo
|poke|p2|Clefable, F
|rule|Swagger Clause: Swagger is banned
|rule|Baton Pass Clause: Limit three PokÃ©mon knowing Baton Pass
|rule|Sleep Clause Mod: Limit one foe put to sleep
|rule|Species Clause: Limit one of each PokÃ©mon
|rule|OHKO Clause: OHKO moves are banned
|rule|Moody Clause: Moody is banned
|rule|Evasion Moves Clause: Evasion moves are banned
|rule|Endless Battle Clause: Forcing endless battles is banned
|rule|HP Percentage Mod: HP is reported as percentages
|teampreview
|
|start
|switch|p1a: Heatran|Heatran, M|386\/386
|switch|p2a: Hippowdon|Hippowdon, M|420\/420
|-weather|Sandstorm
|turn|1
|
|switch|p1a: Skarmory|Skarmory, M|334\/334
|move|p2a: Hippowdon|Stealth Rock|p1a: Skarmory
|-sidestart|p1: Streakers|move: Stealth Rock
|
|-weather|Sandstorm|[upkeep]
|turn|2
|
|switch|p2a: Zapdos|Zapdos|383\/383
|-ability|p2a: Zapdos|Pressure
|move|p1a: Skarmory|Stealth Rock|p2a: Zapdos
|-sidestart|p2: Drina Auguste|move: Stealth Rock
|
|-weather|Sandstorm|[upkeep]
|-damage|p2a: Zapdos|360\/383|[from] sandstorm
|-heal|p2a: Zapdos|383\/383|[from] item: Leftovers
|turn|3
|
|switch|p1a: Quagsire|Quagsire, M|394\/394
|-damage|p1a: Quagsire|370\/394|[from] Stealth Rock
|move|p2a: Zapdos|Thunderbolt|p1a: Quagsire
|-immune|p1a: Quagsire|[msg]
|
|-weather|Sandstorm|[upkeep]
|-damage|p2a: Zapdos|360\/383|[from] sandstorm
|-heal|p2a: Zapdos|383\/383|[from] item: Leftovers
|-heal|p1a: Quagsire|394\/394|[from] item: Leftovers
|turn|4
|
|move|p2a: Zapdos|Defog|p1a: Quagsire
|-unboost|p1a: Quagsire|evasion|1
|-sideend|p1: Streakers|Stealth Rock|[from] move: Defog|[of] p1a: Quagsire
|-sideend|p2: Drina Auguste|Stealth Rock|[from] move: Defog|[of] p2a: Zapdos
|move|p1a: Quagsire|Toxic|p2a: Zapdos
|-status|p2a: Zapdos|tox
|
|-weather|Sandstorm|[upkeep]
|-damage|p2a: Zapdos|360\/383 tox|[from] sandstorm
|-heal|p2a: Zapdos|383\/383 tox|[from] item: Leftovers
|-damage|p2a: Zapdos|360\/383 tox|[from] psn
|turn|5
|
|switch|p2a: Charizard|Charizard, F|297\/297
|move|p1a: Quagsire|Toxic|p2a: Charizard
|-status|p2a: Charizard|tox
|
|-weather|none
|-damage|p2a: Charizard|279\/297 tox|[from] psn
|turn|6
|
|switch|p1a: Heatran|Heatran, M|386\/386
|detailschange|p2a: Charizard|Charizard-Mega-Y, F
|message|Charizard has Mega Evolved into Mega Charizard!
|-weather|SunnyDay
|move|p2a: Charizard|Solar Beam|p1a: Heatran|[still]
|-prepare|p2a: Charizard|Solar Beam|p1a: Heatran
|-anim|p2a: Charizard|Solar Beam|p1a: Heatran
|-resisted|p1a: Heatran
|-damage|p1a: Heatran|360\/386
|
|-weather|SunnyDay|[upkeep]
|-heal|p1a: Heatran|384\/386|[from] item: Leftovers
|-damage|p2a: Charizard|243\/297 tox|[from] psn
|turn|7
|
|move|p2a: Charizard|Earthquake|p1a: Heatran
|-supereffective|p1a: Heatran
|-damage|p1a: Heatran|0 fnt
|faint|p1a: Heatran
|
|-weather|SunnyDay|[upkeep]
|-damage|p2a: Charizard|189\/297 tox|[from] psn
|chat|Streakers|oooh
|
|switch|p1a: Chansey|Chansey, F|704\/704
|turn|8
|
|switch|p2a: Clefable|Clefable, F|393\/393
|move|p1a: Chansey|Seismic Toss|p2a: Clefable
|-damage|p2a: Clefable|293\/393
|
|-weather|SunnyDay|[upkeep]
|-heal|p2a: Clefable|317\/393|[from] item: Leftovers
|turn|9
|
|switch|p1a: Skarmory|Skarmory, M|334\/334
|move|p2a: Clefable|Aromatherapy|p2a: Clefable
|-cureteam|p2a: Clefable|[from] move: Aromatherapy
|
|-weather|SunnyDay|[upkeep]
|-heal|p2a: Clefable|341\/393|[from] item: Leftovers
|turn|10
|
|switch|p2a: Zapdos|Zapdos|360\/383
|-ability|p2a: Zapdos|Pressure
|move|p1a: Skarmory|Stealth Rock|p2a: Zapdos
|-sidestart|p2: Drina Auguste|move: Stealth Rock
|
|-weather|none
|-heal|p2a: Zapdos|383\/383|[from] item: Leftovers
|turn|11
|
|move|p2a: Zapdos|Defog|p1a: Skarmory
|-unboost|p1a: Skarmory|evasion|1
|-sideend|p2: Drina Auguste|Stealth Rock|[from] move: Defog|[of] p2a: Zapdos
|move|p1a: Skarmory|Stealth Rock|p2a: Zapdos
|-sidestart|p2: Drina Auguste|move: Stealth Rock
|
|turn|12
|
|switch|p1a: Quagsire|Quagsire, M|394\/394
|move|p2a: Zapdos|Defog|p1a: Quagsire
|-unboost|p1a: Quagsire|evasion|1
|-sideend|p2: Drina Auguste|Stealth Rock|[from] move: Defog|[of] p2a: Zapdos
|
|turn|13
|
|switch|p2a: Keldeo|Keldeo|322\/322
|move|p1a: Quagsire|Toxic|p2a: Keldeo
|-status|p2a: Keldeo|tox
|
|-damage|p2a: Keldeo|302\/322 tox|[from] psn
|turn|14
|
|switch|p2a: Charizard|Charizard-Mega-Y, F|189\/297
|-weather|SunnyDay
|switch|p1a: Venusaur|Venusaur, M, shiny|364\/364
|
|-weather|SunnyDay|[upkeep]
|turn|15
|
|switch|p1a: Chansey|Chansey, F|704\/704
|move|p2a: Charizard|Roost|p2a: Charizard
|-heal|p2a: Charizard|297\/297
|
|-weather|SunnyDay|[upkeep]
|turn|16
|
|switch|p2a: Aegislash|Aegislash, M|323\/323
|-item|p2a: Aegislash|Air Balloon
|move|p1a: Chansey|Toxic|p2a: Aegislash
|-fail|p2a: Aegislash
|
|-weather|SunnyDay|[upkeep]
|turn|17
|
|-formechange|p2a: Aegislash|Aegislash-Blade
|move|p2a: Aegislash|Pursuit|p1a: Chansey|[from]Pursuit
|-damage|p1a: Chansey|576\/704
|switch|p1a: Skarmory|Skarmory, M|334\/334
|
|-weather|SunnyDay|[upkeep]
|turn|18
|
|switch|p2a: Zapdos|Zapdos|383\/383
|-ability|p2a: Zapdos|Pressure
|move|p1a: Skarmory|Stealth Rock|p2a: Zapdos
|-sidestart|p2: Drina Auguste|move: Stealth Rock
|
|-weather|none
|turn|19
|
|switch|p1a: Venusaur|Venusaur, M, shiny|364\/364
|move|p2a: Zapdos|Defog|p1a: Venusaur
|-unboost|p1a: Venusaur|evasion|1
|-sideend|p2: Drina Auguste|Stealth Rock|[from] move: Defog|[of] p2a: Zapdos
|
|turn|20
|
|switch|p2a: Aegislash|Aegislash, M|323\/323
|-item|p2a: Aegislash|Air Balloon
|detailschange|p1a: Venusaur|Venusaur-Mega, M, shiny
|message|Venusaur has Mega Evolved into Mega Venusaur!
|move|p1a: Venusaur|Leech Seed|p2a: Aegislash
|-start|p2a: Aegislash|move: Leech Seed
|
|-damage|p2a: Aegislash|283\/323|[from] Leech Seed|[of] p1a: Venusaur
|turn|21
|
|switch|p2a: Charizard|Charizard-Mega-Y, F|297\/297
|-weather|SunnyDay
|move|p1a: Venusaur|Giga Drain|p2a: Charizard
|-resisted|p2a: Charizard
|-damage|p2a: Charizard|271\/297
|
|-weather|SunnyDay|[upkeep]
|turn|22
|
|switch|p1a: Chansey|Chansey, F|576\/704
|move|p2a: Charizard|Flare Blitz|p1a: Chansey
|-damage|p1a: Chansey|263\/704
|-damage|p2a: Charizard|168\/297|[from] recoil|[of] p1a: Chansey
|
|-weather|SunnyDay|[upkeep]
|turn|23
|
|switch|p1a: Quagsire|Quagsire, M|394\/394
|move|p2a: Charizard|Flare Blitz|p1a: Quagsire
|-resisted|p1a: Quagsire
|-damage|p1a: Quagsire|293\/394
|-damage|p2a: Charizard|135\/297|[from] recoil|[of] p1a: Quagsire
|
|-weather|SunnyDay|[upkeep]
|-heal|p1a: Quagsire|317\/394|[from] item: Leftovers
|turn|24
|
|switch|p1a: Skarmory|Skarmory, M|334\/334
|move|p2a: Charizard|Flare Blitz|p1a: Skarmory
|-supereffective|p1a: Skarmory
|-damage|p1a: Skarmory|50\/334
|-damage|p2a: Charizard|41\/297|[from] recoil|[of] p1a: Skarmory
|
|-weather|SunnyDay|[upkeep]
|-heal|p1a: Skarmory|70\/334|[from] item: Leftovers
|turn|25
|
|switch|p2a: Zapdos|Zapdos|383\/383
|-ability|p2a: Zapdos|Pressure
|switch|p1a: Suicune|Suicune, shiny|404\/404
|-ability|p1a: Suicune|Pressure
|
|-weather|none
|turn|26
|
|switch|p2a: Keldeo|Keldeo|302\/322 tox
|switch|p1a: Chansey|Chansey, F|263\/704
|
|-damage|p2a: Keldeo|282\/322 tox|[from] psn
|turn|27
|
|switch|p1a: Venusaur|Venusaur-Mega, M, shiny|364\/364
|move|p2a: Keldeo|Secret Sword|p1a: Venusaur
|-resisted|p1a: Venusaur
|-damage|p1a: Venusaur|277\/364
|
|-damage|p2a: Keldeo|242\/322 tox|[from] psn
|turn|28
|
|switch|p2a: Clefable|Clefable, F|341\/393
|move|p1a: Venusaur|Toxic|p2a: Clefable
|-status|p2a: Clefable|tox
|
|-heal|p2a: Clefable|365\/393 tox|[from] item: Leftovers
|-damage|p2a: Clefable|341\/393 tox|[from] psn
|turn|29
|
|switch|p1a: Chansey|Chansey, F|263\/704
|move|p2a: Clefable|Aromatherapy|p2a: Clefable
|-cureteam|p2a: Clefable|[from] move: Aromatherapy
|
|-heal|p2a: Clefable|365\/393|[from] item: Leftovers
|turn|30
|chat|Drina Auguste|i love this cancel button -.-
|
|switch|p2a: Keldeo|Keldeo|242\/322
|move|p1a: Chansey|Soft-Boiled|p1a: Chansey
|-heal|p1a: Chansey|615\/704
|
|turn|31
|
|switch|p1a: Venusaur|Venusaur-Mega, M, shiny|277\/364
|move|p2a: Keldeo|Hidden Power|p1a: Venusaur
|-supereffective|p1a: Venusaur
|-damage|p1a: Venusaur|151\/364
|
|turn|32
|
|switch|p2a: Hippowdon|Hippowdon, M|420\/420
|-weather|Sandstorm
|move|p1a: Venusaur|Synthesis|p1a: Venusaur
|-heal|p1a: Venusaur|242\/364
|
|-weather|Sandstorm|[upkeep]
|-damage|p1a: Venusaur|220\/364|[from] sandstorm
|turn|33
|
|move|p1a: Venusaur|Giga Drain|p2a: Hippowdon
|-supereffective|p2a: Hippowdon
|-damage|p2a: Hippowdon|214\/420
|-heal|p1a: Venusaur|323\/364|[from] drain|[of] p2a: Hippowdon
|move|p2a: Hippowdon|Stealth Rock|p1a: Venusaur
|-sidestart|p1: Streakers|move: Stealth Rock
|
|-weather|Sandstorm|[upkeep]
|-damage|p1a: Venusaur|301\/364|[from] sandstorm
|-heal|p2a: Hippowdon|240\/420|[from] item: Leftovers
|turn|34
|
|switch|p2a: Zapdos|Zapdos|383\/383
|-ability|p2a: Zapdos|Pressure
|move|p1a: Venusaur|Toxic|p2a: Zapdos
|-status|p2a: Zapdos|tox
|
|-weather|Sandstorm|[upkeep]
|-damage|p2a: Zapdos|360\/383 tox|[from] sandstorm
|-damage|p1a: Venusaur|279\/364|[from] sandstorm
|-heal|p2a: Zapdos|383\/383 tox|[from] item: Leftovers
|-damage|p2a: Zapdos|360\/383 tox|[from] psn
|turn|35
|
|switch|p2a: Clefable|Clefable, F|365\/393
|switch|p1a: Chansey|Chansey, F|615\/704
|-damage|p1a: Chansey|527\/704|[from] Stealth Rock
|
|-weather|Sandstorm|[upkeep]
|-damage|p2a: Clefable|341\/393|[from] sandstorm
|-damage|p1a: Chansey|483\/704|[from] sandstorm
|-heal|p2a: Clefable|365\/393|[from] item: Leftovers
|turn|36
|
|switch|p1a: Skarmory|Skarmory, M|70\/334
|-damage|p1a: Skarmory|29\/334|[from] Stealth Rock
|move|p2a: Clefable|Moonblast|p1a: Skarmory
|-resisted|p1a: Skarmory
|-damage|p1a: Skarmory|0 fnt
|faint|p1a: Skarmory
|
|-weather|none
|-heal|p2a: Clefable|389\/393|[from] item: Leftovers
|-message|Streakers forfeited.
|
|win|Drina Auguste
|raw|Ladder updating...
|leave|Streakers
|player|p1
|raw|Streakers's rating: 1649 &rarr; <strong>1629<\/strong><br \/>(-20 for losing)
|raw|Drina Auguste's rating: 1645 &rarr; <strong>1665<\/strong><br \/>(+20 for winning)