|join|Drina Auguste
|join|PlayExperienze
|player|p1|Drina Auguste|98
|player|p2|PlayExperienze|266
|gametype|singles
|gen|6
|tier|OU
|clearpoke
|poke|p1|Jirachi
|poke|p1|Landorus-Therian, M
|poke|p1|Slowbro, F
|poke|p1|Charizard, F
|poke|p1|Zapdos
|poke|p1|Clefable, M
|poke|p2|Forretress, M
|poke|p2|Rotom-Heat
|poke|p2|Blastoise, F
|poke|p2|Flygon, F
|poke|p2|Sableye, M
|poke|p2|Crobat, F
|rule|Swagger Clause: Swagger is banned
|rule|Baton Pass Clause: Limit one PokÃ©mon knowing Baton Pass
|rule|Sleep Clause Mod: Limit one foe put to sleep
|rule|Species Clause: Limit one of each PokÃ©mon
|rule|OHKO Clause: OHKO moves are banned
|rule|Moody Clause: Moody is banned
|rule|Evasion Moves Clause: Evasion moves are banned
|rule|Endless Battle Clause: Forcing endless battles is banned
|rule|HP Percentage Mod: HP is shown in percentages
|teampreview
|c|âPlayExperienze|GL :)
|c|âDrina Auguste|Suerte!
|
|start
|switch|p1a: Charizard|Charizard, F|359\/359
|switch|p2a: Sableye|Sableye, M|304\/304
|turn|1
|
|switch|p2a: Rotom-Heat|Rotom-Heat|242\/242
|detailschange|p1a: Charizard|Charizard-Mega-X, F
|message|Charizard has Mega Evolved into Mega Charizard!
|move|p1a: Charizard|Will-O-Wisp|p2a: Rotom-Heat
|-fail|p2a: Rotom-Heat
|
|turn|2
|
|move|p2a: Rotom-Heat|Trick|p1a: Charizard
|-fail|p1a: Charizard
|move|p1a: Charizard|Dragon Claw|p2a: Rotom-Heat
|-damage|p2a: Rotom-Heat|82\/242
|
|turn|3
|
|switch|p2a: Forretress|Forretress, M|353\/353
|move|p1a: Charizard|Will-O-Wisp|p2a: Forretress
|-status|p2a: Forretress|brn
|
|-damage|p2a: Forretress|309\/353 brn|[from] brn
|turn|4
|
|switch|p1a: Zapdos|Zapdos|384\/384
|-ability|p1a: Zapdos|Pressure
|switch|p2a: Blastoise|Blastoise, F|358\/358
|
|turn|5
|
|switch|p2a: Sableye|Sableye, M|304\/304
|move|p1a: Zapdos|Volt Switch|p2a: Sableye
|-damage|p2a: Sableye|175\/304
|
|switch|p1a: Charizard|Charizard-Mega-X, F|359\/359
|
|-heal|p2a: Sableye|194\/304|[from] item: Leftovers
|turn|6
|
|move|p2a: Sableye|Taunt|p1a: Charizard
|-start|p1a: Charizard|move: Taunt
|move|p1a: Charizard|Dragon Claw|p2a: Sableye
|-damage|p2a: Sableye|43\/304
|
|-heal|p2a: Sableye|62\/304|[from] item: Leftovers
|turn|7
|
|move|p2a: Sableye|Recover|p2a: Sableye
|-heal|p2a: Sableye|214\/304
|move|p1a: Charizard|Dragon Claw|p2a: Sableye
|-damage|p2a: Sableye|76\/304
|
|-heal|p2a: Sableye|95\/304|[from] item: Leftovers
|turn|8
|
|move|p2a: Sableye|Recover|p2a: Sableye
|-heal|p2a: Sableye|247\/304
|move|p1a: Charizard|Dragon Claw|p2a: Sableye
|-damage|p2a: Sableye|108\/304
|
|-heal|p2a: Sableye|127\/304|[from] item: Leftovers
|-end|p1a: Charizard|move: Taunt
|turn|9
|
|move|p2a: Sableye|Recover|p2a: Sableye
|-heal|p2a: Sableye|279\/304
|move|p1a: Charizard|Dragon Claw|p2a: Sableye
|-damage|p2a: Sableye|123\/304
|
|-heal|p2a: Sableye|142\/304|[from] item: Leftovers
|turn|10
|
|move|p2a: Sableye|Recover|p2a: Sableye
|-heal|p2a: Sableye|294\/304
|move|p1a: Charizard|Will-O-Wisp|p2a: Sableye
|-status|p2a: Sableye|brn
|
|-heal|p2a: Sableye|304\/304 brn|[from] item: Leftovers
|-damage|p2a: Sableye|266\/304 brn|[from] brn
|turn|11
|
|switch|p2a: Rotom-Heat|Rotom-Heat|82\/242
|move|p1a: Charizard|Dragon Claw|p2a: Rotom-Heat
|-damage|p2a: Rotom-Heat|0 fnt
|faint|p2a: Rotom-Heat
|
|
|switch|p2a: Flygon|Flygon, F|301\/301
|turn|12
|
|switch|p1a: Landorus-Therian|Landorus-Therian, M|381\/381
|-ability|p1a: Landorus-Therian|Intimidate|[of] p2a: Flygon
|-unboost|p2a: Flygon|atk|1
|move|p2a: Flygon|Earthquake|p1a: Landorus-Therian
|-immune|p1a: Landorus-Therian|[msg]
|
|turn|13
|
|switch|p2a: Forretress|Forretress, M|309\/353 brn
|move|p1a: Landorus-Therian|U-turn|p2a: Forretress
|-resisted|p2a: Forretress
|-damage|p2a: Forretress|280\/353 brn
|
|switch|p1a: Zapdos|Zapdos|384\/384
|-ability|p1a: Zapdos|Pressure
|
|-heal|p2a: Forretress|302\/353 brn|[from] item: Leftovers
|-damage|p2a: Forretress|258\/353 brn|[from] brn
|turn|14
|
|move|p1a: Zapdos|Heat Wave|p2a: Forretress
|-supereffective|p2a: Forretress
|-damage|p2a: Forretress|0 fnt
|faint|p2a: Forretress
|
|
|switch|p2a: Flygon|Flygon, F|301\/301
|turn|15
|
|switch|p1a: Slowbro|Slowbro, F|393\/393
|move|p2a: Flygon|Dragon Claw|p1a: Slowbro
|-damage|p1a: Slowbro|263\/393
|
|-heal|p1a: Slowbro|287\/393|[from] item: Leftovers
|turn|16
|
|switch|p2a: Sableye|Sableye, M|266\/304 brn
|move|p1a: Slowbro|Toxic|p2a: Sableye
|-fail|p2a: Sableye
|
|-heal|p2a: Sableye|285\/304 brn|[from] item: Leftovers
|-heal|p1a: Slowbro|311\/393|[from] item: Leftovers
|-damage|p2a: Sableye|247\/304 brn|[from] brn
|turn|17
|
|switch|p2a: Flygon|Flygon, F|301\/301
|switch|p1a: Charizard|Charizard-Mega-X, F|359\/359
|
|turn|18
|
|switch|p1a: Landorus-Therian|Landorus-Therian, M|381\/381
|-ability|p1a: Landorus-Therian|Intimidate|[of] p2a: Flygon
|-unboost|p2a: Flygon|atk|1
|move|p2a: Flygon|Dragon Claw|p1a: Landorus-Therian
|-damage|p1a: Landorus-Therian|290\/381
|
|-heal|p1a: Landorus-Therian|313\/381|[from] item: Leftovers
|turn|19
|
|switch|p2a: Blastoise|Blastoise, F|358\/358
|move|p1a: Landorus-Therian|Stealth Rock|p2a: Blastoise
|-sidestart|p2: PlayExperienze|move: Stealth Rock
|
|-heal|p1a: Landorus-Therian|336\/381|[from] item: Leftovers
|turn|20
|
|detailschange|p2a: Blastoise|Blastoise-Mega, F
|message|Blastoise has Mega Evolved into Mega Blastoise!
|move|p1a: Landorus-Therian|U-turn|p2a: Blastoise
|-damage|p2a: Blastoise|295\/358
|
|switch|p1a: Zapdos|Zapdos|384\/384
|-ability|p1a: Zapdos|Pressure
|move|p2a: Blastoise|Rapid Spin|p1a: Zapdos
|-damage|p1a: Zapdos|366\/384
|-sideend|p2: PlayExperienze|Stealth Rock|[from] move: Rapid Spin|[of] p2a: Blastoise
|
|-heal|p1a: Zapdos|384\/384|[from] item: Leftovers
|turn|21
|
|move|p1a: Zapdos|Volt Switch|p2a: Blastoise
|-supereffective|p2a: Blastoise
|-damage|p2a: Blastoise|127\/358
|
|switch|p1a: Clefable|Clefable, M|393\/393
|move|p2a: Blastoise|Hydro Pump|p1a: Clefable
|-damage|p1a: Clefable|141\/393
|
|-heal|p1a: Clefable|165\/393|[from] item: Leftovers
|turn|22
|
|switch|p2a: Crobat|Crobat, F|311\/311
|move|p1a: Clefable|Protect|p1a: Clefable
|-fail|p1a: Clefable
|
|-heal|p1a: Clefable|189\/393|[from] item: Leftovers
|turn|23
|
|move|p1a: Clefable|Protect|p1a: Clefable
|-singleturn|p1a: Clefable|Protect
|move|p2a: Crobat|Brave Bird|p1a: Clefable
|-activate|p1a: Clefable|Protect
|
|-heal|p1a: Clefable|213\/393|[from] item: Leftovers
|turn|24
|
|move|p2a: Crobat|Cross Poison|p1a: Clefable
|-supereffective|p1a: Clefable
|-damage|p1a: Clefable|10\/393
|-damage|p2a: Crobat|280\/311|[from] item: Life Orb
|move|p1a: Clefable|Wish|p1a: Clefable
|
|-heal|p1a: Clefable|34\/393|[from] item: Leftovers
|turn|25
|
|move|p1a: Clefable|Protect|p1a: Clefable
|-singleturn|p1a: Clefable|Protect
|move|p2a: Crobat|U-turn|p1a: Clefable
|-activate|p1a: Clefable|Protect
|
|-heal|p1a: Clefable|230\/393|[from] move: Wish|[wisher] Clefable
|-heal|p1a: Clefable|254\/393|[from] item: Leftovers
|turn|26
|
|move|p2a: Crobat|Cross Poison|p1a: Clefable
|-supereffective|p1a: Clefable
|-damage|p1a: Clefable|49\/393
|-status|p1a: Clefable|psn
|-damage|p2a: Crobat|249\/311|[from] item: Life Orb
|move|p1a: Clefable|Wish|p1a: Clefable
|
|-heal|p1a: Clefable|73\/393 psn|[from] item: Leftovers
|-damage|p1a: Clefable|24\/393 psn|[from] psn
|turn|27
|
|switch|p1a: Landorus-Therian|Landorus-Therian, M|336\/381
|-ability|p1a: Landorus-Therian|Intimidate|[of] p2a: Crobat
|-unboost|p2a: Crobat|atk|1
|move|p2a: Crobat|U-turn|p1a: Landorus-Therian
|-resisted|p1a: Landorus-Therian
|-damage|p1a: Landorus-Therian|313\/381
|-damage|p2a: Crobat|218\/311|[from] item: Life Orb
|
|switch|p2a: Sableye|Sableye, M|247\/304 brn
|
|-heal|p1a: Landorus-Therian|381\/381|[from] move: Wish|[wisher] Clefable
|-heal|p2a: Sableye|266\/304 brn|[from] item: Leftovers
|-damage|p2a: Sableye|228\/304 brn|[from] brn
|turn|28
|
|switch|p1a: Clefable|Clefable, M|24\/393 psn
|move|p2a: Sableye|Knock Off|p1a: Clefable
|-crit|p1a: Clefable
|-resisted|p1a: Clefable
|-damage|p1a: Clefable|0 fnt
|-enditem|p1a: Clefable|Leftovers|[from] move: Knock Off|[of] p2a: Sableye
|faint|p1a: Clefable
|
|-heal|p2a: Sableye|247\/304 brn|[from] item: Leftovers
|-damage|p2a: Sableye|209\/304 brn|[from] brn
|
|switch|p1a: Charizard|Charizard-Mega-X, F|359\/359
|turn|29
|
|move|p2a: Sableye|Recover|p2a: Sableye
|-heal|p2a: Sableye|304\/304 brn
|move|p1a: Charizard|Dragon Claw|p2a: Sableye
|-damage|p2a: Sableye|147\/304 brn
|
|-heal|p2a: Sableye|166\/304 brn|[from] item: Leftovers
|-damage|p2a: Sableye|128\/304 brn|[from] brn
|turn|30
|
|switch|p2a: Blastoise|Blastoise-Mega, F|127\/358
|move|p1a: Charizard|Dragon Claw|p2a: Blastoise
|-damage|p2a: Blastoise|0 fnt
|faint|p2a: Blastoise
|
|
|switch|p2a: Flygon|Flygon, F|301\/301
|turn|31
|
|switch|p1a: Landorus-Therian|Landorus-Therian, M|381\/381
|-ability|p1a: Landorus-Therian|Intimidate|[of] p2a: Flygon
|-unboost|p2a: Flygon|atk|1
|move|p2a: Flygon|U-turn|p1a: Landorus-Therian
|-resisted|p1a: Landorus-Therian
|-damage|p1a: Landorus-Therian|354\/381
|
|switch|p2a: Sableye|Sableye, M|128\/304 brn
|
|-heal|p1a: Landorus-Therian|377\/381|[from] item: Leftovers
|-heal|p2a: Sableye|147\/304 brn|[from] item: Leftovers
|-damage|p2a: Sableye|109\/304 brn|[from] brn
|turn|32
|
|switch|p1a: Charizard|Charizard-Mega-X, F|359\/359
|move|p2a: Sableye|Knock Off|p1a: Charizard
|-damage|p1a: Charizard|334\/359
|
|-heal|p2a: Sableye|128\/304 brn|[from] item: Leftovers
|-damage|p2a: Sableye|90\/304 brn|[from] brn
|turn|33
|
|move|p2a: Sableye|Recover|p2a: Sableye
|-heal|p2a: Sableye|242\/304 brn
|move|p1a: Charizard|Dragon Claw|p2a: Sableye
|-damage|p2a: Sableye|100\/304 brn
|
|-heal|p2a: Sableye|119\/304 brn|[from] item: Leftovers
|-damage|p2a: Sableye|81\/304 brn|[from] brn
|turn|34
|
|move|p2a: Sableye|Recover|p2a: Sableye
|-heal|p2a: Sableye|233\/304 brn
|move|p1a: Charizard|Dragon Claw|p2a: Sableye
|-damage|p2a: Sableye|85\/304 brn
|
|-heal|p2a: Sableye|104\/304 brn|[from] item: Leftovers
|-damage|p2a: Sableye|66\/304 brn|[from] brn
|turn|35
|
|move|p2a: Sableye|Will-O-Wisp|p1a: Charizard
|-fail|p1a: Charizard
|move|p1a: Charizard|Dragon Claw|p2a: Sableye
|-damage|p2a: Sableye|0 fnt
|faint|p2a: Sableye
|
|
|switch|p2a: Flygon|Flygon, F|301\/301
|turn|36
|
|switch|p1a: Landorus-Therian|Landorus-Therian, M|377\/381
|-ability|p1a: Landorus-Therian|Intimidate|[of] p2a: Flygon
|-unboost|p2a: Flygon|atk|1
|move|p2a: Flygon|Dragon Claw|p1a: Landorus-Therian
|-damage|p1a: Landorus-Therian|280\/381
|
|-heal|p1a: Landorus-Therian|303\/381|[from] item: Leftovers
|turn|37
|
|move|p2a: Flygon|Dragon Claw|p1a: Landorus-Therian
|-damage|p1a: Landorus-Therian|209\/381
|move|p1a: Landorus-Therian|Stealth Rock|p2a: Flygon
|-sidestart|p2: PlayExperienze|move: Stealth Rock
|
|-heal|p1a: Landorus-Therian|232\/381|[from] item: Leftovers
|turn|38
|
|switch|p2a: Crobat|Crobat, F|218\/311
|-damage|p2a: Crobat|141\/311|[from] Stealth Rock
|switch|p1a: Slowbro|Slowbro, F|393\/393
|
|turn|39
|
|move|p2a: Crobat|Cross Poison|p1a: Slowbro
|-damage|p1a: Slowbro|302\/393
|-damage|p2a: Crobat|110\/311|[from] item: Life Orb
|move|p1a: Slowbro|Psyshock|p2a: Crobat
|-supereffective|p2a: Crobat
|-damage|p2a: Crobat|0 fnt
|faint|p2a: Crobat
|
|-heal|p1a: Slowbro|326\/393|[from] item: Leftovers
|
|switch|p2a: Flygon|Flygon, F|301\/301
|-damage|p2a: Flygon|283\/301|[from] Stealth Rock
|turn|40
|
|move|p2a: Flygon|Dragon Claw|p1a: Slowbro
|-damage|p1a: Slowbro|205\/393
|move|p1a: Slowbro|Scald|p2a: Flygon
|-damage|p2a: Flygon|169\/301
|
|-heal|p1a: Slowbro|229\/393|[from] item: Leftovers
|turn|41
|
|move|p2a: Flygon|Dragon Claw|p1a: Slowbro
|-damage|p1a: Slowbro|117\/393
|move|p1a: Slowbro|Slack Off|p1a: Slowbro
|-heal|p1a: Slowbro|314\/393
|
|-heal|p1a: Slowbro|338\/393|[from] item: Leftovers
|turn|42
|c|âPlayExperienze|gg
|c|âPlayExperienze|:3
|c|âDrina Auguste|gg!
|-message|PlayExperienze forfeited.
|
|win|Drina Auguste
|c|âPlayExperienze|:3