|join|Ranzay
|join|Drina Auguste
|player|p1|Ranzay|265
|player|p2|Drina Auguste|98
|gametype|singles
|gen|6
|tier|OU
|rated
|clearpoke
|poke|p1|Tyranitar, F
|poke|p1|Excadrill, M
|poke|p1|Gliscor, M
|poke|p1|Keldeo
|poke|p1|Rotom-Wash
|poke|p1|Thundurus, M
|poke|p2|Charizard, F
|poke|p2|Aegislash, M
|poke|p2|Hippowdon, M
|poke|p2|Zapdos
|poke|p2|Keldeo
|poke|p2|Clefable, F
|rule|Swagger Clause: Swagger is banned
|rule|Baton Pass Clause: Limit three PokÃ©mon knowing Baton Pass
|rule|Sleep Clause Mod: Limit one foe put to sleep
|rule|Species Clause: Limit one of each PokÃ©mon
|rule|OHKO Clause: OHKO moves are banned
|rule|Moody Clause: Moody is banned
|rule|Evasion Moves Clause: Evasion moves are banned
|rule|Endless Battle Clause: Forcing endless battles is banned
|rule|HP Percentage Mod: HP is reported as percentages
|teampreview
|
|start
|switch|p1a: Excadrill|Excadrill, M|362\/362
|switch|p2a: Keldeo|Keldeo|322\/322
|-item|p1a: Excadrill|Air Balloon
|turn|1
|
|switch|p1a: Rotom-Wash|Rotom-Wash|283\/283
|move|p2a: Keldeo|Secret Sword|p1a: Rotom-Wash
|-damage|p1a: Rotom-Wash|127\/283
|
|turn|2
|
|switch|p1a: Gliscor|Gliscor, M|332\/332
|move|p2a: Keldeo|Secret Sword|p1a: Gliscor
|-resisted|p1a: Gliscor
|-damage|p1a: Gliscor|261\/332
|
|-status|p1a: Gliscor|tox|[from] item: Toxic Orb
|turn|3
|
|switch|p2a: Aegislash|Aegislash, M|323\/323
|-item|p2a: Aegislash|Air Balloon
|move|p1a: Gliscor|Substitute|p1a: Gliscor
|-start|p1a: Gliscor|Substitute
|-damage|p1a: Gliscor|178\/332 tox
|
|-heal|p1a: Gliscor|219\/332 tox|[from] ability: Poison Heal
|turn|4
|
|switch|p1a: Tyranitar|Tyranitar, F|341\/341
|-weather|Sandstorm
|-formechange|p2a: Aegislash|Aegislash-Blade
|move|p2a: Aegislash|Shadow Ball|p1a: Tyranitar
|-resisted|p1a: Tyranitar
|-damage|p1a: Tyranitar|279\/341
|
|-weather|Sandstorm|[upkeep]
|turn|5
|
|switch|p1a: Thundurus|Thundurus, M|300\/300
|switch|p2a: Keldeo|Keldeo|322\/322
|
|-weather|Sandstorm|[upkeep]
|-damage|p1a: Thundurus|282\/300|[from] sandstorm
|-damage|p2a: Keldeo|302\/322|[from] sandstorm
|turn|6
|
|switch|p2a: Hippowdon|Hippowdon, M|420\/420
|move|p1a: Thundurus|Hidden Power|p2a: Hippowdon
|-supereffective|p2a: Hippowdon
|-damage|p2a: Hippowdon|240\/420
|
|-weather|Sandstorm|[upkeep]
|-damage|p1a: Thundurus|264\/300|[from] sandstorm
|-heal|p2a: Hippowdon|266\/420|[from] item: Leftovers
|turn|7
|
|move|p1a: Thundurus|Hidden Power|p2a: Hippowdon
|-crit|p2a: Hippowdon
|-supereffective|p2a: Hippowdon
|-damage|p2a: Hippowdon|26\/420
|move|p2a: Hippowdon|Slack Off|p2a: Hippowdon
|-heal|p2a: Hippowdon|236\/420
|
|-weather|Sandstorm|[upkeep]
|-damage|p1a: Thundurus|246\/300|[from] sandstorm
|-heal|p2a: Hippowdon|262\/420|[from] item: Leftovers
|turn|8
|
|switch|p1a: Keldeo|Keldeo|323\/323
|move|p2a: Hippowdon|Slack Off|p2a: Hippowdon
|-heal|p2a: Hippowdon|420\/420
|
|-weather|none
|turn|9
|
|switch|p2a: Clefable|Clefable, F|393\/393
|move|p1a: Keldeo|Surf|p2a: Clefable
|-damage|p2a: Clefable|258\/393
|
|-heal|p2a: Clefable|282\/393|[from] item: Leftovers
|turn|10
|
|switch|p1a: Excadrill|Excadrill, M|362\/362
|-item|p1a: Excadrill|Air Balloon
|move|p2a: Clefable|Wish|p2a: Clefable
|
|-heal|p2a: Clefable|306\/393|[from] item: Leftovers
|turn|11
|
|switch|p2a: Keldeo|Keldeo|302\/322
|move|p1a: Excadrill|Stealth Rock|p2a: Keldeo
|-sidestart|p2: Drina Auguste|move: Stealth Rock
|
|-heal|p2a: Keldeo|322\/322|[from] move: Wish|[wisher] Clefable
|turn|12
|
|switch|p1a: Rotom-Wash|Rotom-Wash|127\/283
|move|p2a: Keldeo|Secret Sword|p1a: Rotom-Wash
|-damage|p1a: Rotom-Wash|0 fnt
|faint|p1a: Rotom-Wash
|
|
|switch|p1a: Gliscor|Gliscor, M|219\/332 tox
|turn|13
|
|switch|p2a: Zapdos|Zapdos|383\/383
|-damage|p2a: Zapdos|288\/383|[from] Stealth Rock
|-ability|p2a: Zapdos|Pressure
|switch|p1a: Keldeo|Keldeo|323\/323
|
|-heal|p2a: Zapdos|311\/383|[from] item: Leftovers
|turn|14
|
|switch|p1a: Tyranitar|Tyranitar, F|279\/341
|-weather|Sandstorm
|move|p2a: Zapdos|Defog|p1a: Tyranitar
|-unboost|p1a: Tyranitar|evasion|1
|-sideend|p2: Drina Auguste|Stealth Rock|[from] move: Defog|[of] p2a: Zapdos
|
|-weather|Sandstorm|[upkeep]
|-damage|p2a: Zapdos|288\/383|[from] sandstorm
|-heal|p2a: Zapdos|311\/383|[from] item: Leftovers
|turn|15
|
|switch|p2a: Hippowdon|Hippowdon, M|420\/420
|move|p1a: Tyranitar|Stone Edge|p2a: Hippowdon
|-resisted|p2a: Hippowdon
|-damage|p2a: Hippowdon|352\/420
|
|-weather|Sandstorm|[upkeep]
|-heal|p2a: Hippowdon|378\/420|[from] item: Leftovers
|turn|16
|
|switch|p1a: Excadrill|Excadrill, M|362\/362
|-item|p1a: Excadrill|Air Balloon
|move|p2a: Hippowdon|Stealth Rock|p1a: Excadrill
|-sidestart|p1: Ranzay|move: Stealth Rock
|
|-weather|Sandstorm|[upkeep]
|-heal|p2a: Hippowdon|404\/420|[from] item: Leftovers
|turn|17
|
|move|p1a: Excadrill|Iron Head|p2a: Hippowdon
|-damage|p2a: Hippowdon|283\/420
|move|p2a: Hippowdon|Rock Slide|p1a: Excadrill
|-resisted|p1a: Excadrill
|-damage|p1a: Excadrill|339\/362
|-enditem|p1a: Excadrill|Air Balloon
|
|-weather|Sandstorm|[upkeep]
|-heal|p2a: Hippowdon|309\/420|[from] item: Leftovers
|turn|18
|
|switch|p1a: Gliscor|Gliscor, M|219\/332 tox
|-damage|p1a: Gliscor|178\/332 tox|[from] Stealth Rock
|move|p2a: Hippowdon|Earthquake|p1a: Gliscor
|-immune|p1a: Gliscor|[msg]
|
|-weather|none
|-heal|p2a: Hippowdon|335\/420|[from] item: Leftovers
|-heal|p1a: Gliscor|219\/332 tox|[from] ability: Poison Heal
|turn|19
|
|switch|p1a: Thundurus|Thundurus, M|246\/300
|-damage|p1a: Thundurus|171\/300|[from] Stealth Rock
|switch|p2a: Aegislash|Aegislash, M|323\/323
|-item|p2a: Aegislash|Air Balloon
|
|turn|20
|
|switch|p2a: Clefable|Clefable, F|306\/393
|move|p1a: Thundurus|Hidden Power|p2a: Clefable
|-damage|p2a: Clefable|252\/393
|
|-heal|p2a: Clefable|276\/393|[from] item: Leftovers
|turn|21
|
|move|p1a: Thundurus|Volt Switch|p2a: Clefable
|-crit|p2a: Clefable
|-damage|p2a: Clefable|144\/393
|
|switch|p1a: Excadrill|Excadrill, M|339\/362
|-damage|p1a: Excadrill|328\/362|[from] Stealth Rock
|move|p2a: Clefable|Wish|p2a: Clefable
|
|-heal|p2a: Clefable|168\/393|[from] item: Leftovers
|turn|22
|
|move|p2a: Clefable|Protect|p2a: Clefable
|-singleturn|p2a: Clefable|Protect
|move|p1a: Excadrill|Rapid Spin|p2a: Clefable
|-activate|p2a: Clefable|Protect
|
|-heal|p2a: Clefable|364\/393|[from] move: Wish|[wisher] Clefable
|-heal|p2a: Clefable|388\/393|[from] item: Leftovers
|turn|23
|
|switch|p2a: Zapdos|Zapdos|311\/383
|-ability|p2a: Zapdos|Pressure
|move|p1a: Excadrill|Stealth Rock|p2a: Zapdos
|-sidestart|p2: Drina Auguste|move: Stealth Rock
|
|-heal|p2a: Zapdos|334\/383|[from] item: Leftovers
|turn|24
|
|move|p1a: Excadrill|Iron Head|p2a: Zapdos
|-resisted|p2a: Zapdos
|-damage|p2a: Zapdos|262\/383
|cant|p2a: Zapdos|flinch
|
|-heal|p2a: Zapdos|285\/383|[from] item: Leftovers
|turn|25
|
|switch|p1a: Thundurus|Thundurus, M|171\/300
|-damage|p1a: Thundurus|96\/300|[from] Stealth Rock
|move|p2a: Zapdos|Defog|p1a: Thundurus
|-unboost|p1a: Thundurus|evasion|1
|-sideend|p1: Ranzay|Stealth Rock|[from] move: Defog|[of] p1a: Thundurus
|-sideend|p2: Drina Auguste|Stealth Rock|[from] move: Defog|[of] p2a: Zapdos
|
|-heal|p2a: Zapdos|308\/383|[from] item: Leftovers
|turn|26
|
|switch|p2a: Clefable|Clefable, F|388\/393
|move|p1a: Thundurus|Volt Switch|p2a: Clefable
|-crit|p2a: Clefable
|-damage|p2a: Clefable|258\/393
|
|switch|p1a: Excadrill|Excadrill, M|328\/362
|
|-heal|p2a: Clefable|282\/393|[from] item: Leftovers
|turn|27
|
|switch|p1a: Thundurus|Thundurus, M|96\/300
|switch|p2a: Zapdos|Zapdos|308\/383
|-ability|p2a: Zapdos|Pressure
|
|-heal|p2a: Zapdos|331\/383|[from] item: Leftovers
|turn|28
|
|move|p1a: Thundurus|Volt Switch|p2a: Zapdos
|-damage|p2a: Zapdos|196\/383
|
|switch|p1a: Tyranitar|Tyranitar, F|279\/341
|-weather|Sandstorm
|move|p2a: Zapdos|Thunderbolt|p1a: Tyranitar
|-damage|p1a: Tyranitar|176\/341
|
|-weather|Sandstorm|[upkeep]
|-damage|p2a: Zapdos|173\/383|[from] sandstorm
|-heal|p2a: Zapdos|196\/383|[from] item: Leftovers
|turn|29
|
|switch|p1a: Excadrill|Excadrill, M|328\/362
|switch|p2a: Keldeo|Keldeo|322\/322
|
|-weather|Sandstorm|[upkeep]
|-damage|p2a: Keldeo|302\/322|[from] sandstorm
|turn|30
|
|switch|p1a: Keldeo|Keldeo|323\/323
|move|p2a: Keldeo|Scald|p1a: Keldeo
|-resisted|p1a: Keldeo
|-damage|p1a: Keldeo|203\/323
|
|-weather|Sandstorm|[upkeep]
|-damage|p1a: Keldeo|183\/323|[from] sandstorm
|-damage|p2a: Keldeo|282\/322|[from] sandstorm
|turn|31
|
|move|p1a: Keldeo|Surf|p2a: Keldeo
|-resisted|p2a: Keldeo
|-damage|p2a: Keldeo|191\/322
|move|p2a: Keldeo|Scald|p1a: Keldeo
|-resisted|p1a: Keldeo
|-damage|p1a: Keldeo|69\/323
|
|-weather|Sandstorm|[upkeep]
|-damage|p2a: Keldeo|171\/322|[from] sandstorm
|-damage|p1a: Keldeo|49\/323|[from] sandstorm
|turn|32
|
|move|p1a: Keldeo|Secret Sword|p2a: Keldeo
|-damage|p2a: Keldeo|12\/322
|move|p2a: Keldeo|Scald|p1a: Keldeo
|-resisted|p1a: Keldeo
|-damage|p1a: Keldeo|0 fnt
|faint|p1a: Keldeo
|
|-weather|none
|
|switch|p1a: Thundurus|Thundurus, M|96\/300
|turn|33
|
|switch|p2a: Hippowdon|Hippowdon, M|335\/420
|-weather|Sandstorm
|move|p1a: Thundurus|Hidden Power|p2a: Hippowdon
|-supereffective|p2a: Hippowdon
|-damage|p2a: Hippowdon|160\/420
|
|-weather|Sandstorm|[upkeep]
|-damage|p1a: Thundurus|78\/300|[from] sandstorm
|-heal|p2a: Hippowdon|186\/420|[from] item: Leftovers
|turn|34
|
|move|p1a: Thundurus|Psychic|p2a: Hippowdon
|-damage|p2a: Hippowdon|87\/420
|move|p2a: Hippowdon|Slack Off|p2a: Hippowdon
|-heal|p2a: Hippowdon|297\/420
|
|-weather|Sandstorm|[upkeep]
|-damage|p1a: Thundurus|60\/300|[from] sandstorm
|-heal|p2a: Hippowdon|323\/420|[from] item: Leftovers
|turn|35
|-message|Ranzay forfeited.
|
|win|Drina Auguste
|raw|Ladder updating...
|leave|Ranzay
|player|p1
|raw|Ranzay's rating: 1618 &rarr; <strong>1603<\/strong><br \/>(-15 for losing)
|raw|Drina Auguste's rating: 1690 &rarr; <strong>1706<\/strong><br \/>(+16 for winning)