|join|I ABR I
|join|Drina Auguste
|player|p1|I ABR I|291
|player|p2|Drina Auguste|98
|gametype|singles
|gen|6
|tier|OU
|rated
|clearpoke
|poke|p1|Bisharp, M
|poke|p1|Breloom, M
|poke|p1|Diggersby, M, shiny
|poke|p1|Latias, F
|poke|p1|Pinsir, M
|poke|p1|Talonflame, M
|poke|p2|Slowbro, F
|poke|p2|Diancie
|poke|p2|Amoonguss, M
|poke|p2|Skarmory, M
|poke|p2|Mienshao, M
|poke|p2|Chansey, F
|rule|Swagger Clause: Swagger is banned
|rule|Baton Pass Clause: Limit one PokÃ©mon knowing Baton Pass
|rule|Sleep Clause Mod: Limit one foe put to sleep
|rule|Species Clause: Limit one of each PokÃ©mon
|rule|OHKO Clause: OHKO moves are banned
|rule|Moody Clause: Moody is banned
|rule|Evasion Moves Clause: Evasion moves are banned
|rule|Endless Battle Clause: Forcing endless battles is banned
|rule|HP Percentage Mod: HP is shown in percentages
|teampreview
|
|start
|switch|p1a: Pinsir|Pinsir, M|271\/271
|switch|p2a: Amoonguss|Amoonguss, M|431\/431
|turn|1
|
|switch|p2a: Skarmory|Skarmory, M|329\/329
|detailschange|p1a: Pinsir|Pinsir-Mega, M
|-mega|p1a: Pinsir|Pinsir|Pinsirite
|move|p1a: Pinsir|Return|p2a: Skarmory
|-resisted|p2a: Skarmory
|-damage|p2a: Skarmory|257\/329
|-damage|p1a: Pinsir|226\/271|[from] item: Rocky Helmet|[of] p2a: Skarmory
|
|turn|2
|join|Alkov
|
|switch|p1a: Bisharp|Bisharp, M|271\/271
|move|p2a: Skarmory|Roost|p2a: Skarmory
|-heal|p2a: Skarmory|329\/329
|
|turn|3
|
|move|p1a: Bisharp|Stealth Rock|p2a: Skarmory
|-sidestart|p2: Drina Auguste|move: Stealth Rock
|move|p2a: Skarmory|Spikes|p1a: Bisharp
|-sidestart|p1: I ABR I|Spikes
|
|turn|4
|
|switch|p1a: Talonflame|Talonflame, M|317\/317
|move|p2a: Skarmory|Spikes|p1a: Talonflame
|-sidestart|p1: I ABR I|Spikes
|
|turn|5
|
|move|p1a: Talonflame|Will-O-Wisp|p2a: Skarmory
|-status|p2a: Skarmory|brn
|move|p2a: Skarmory|Roost|p2a: Skarmory
|-fail|p2a: Skarmory
|
|-damage|p2a: Skarmory|288\/329 brn|[from] brn
|turn|6
|
|switch|p1a: Latias|Latias, F|319\/319
|switch|p2a: Slowbro|Slowbro, F|393\/393
|-damage|p2a: Slowbro|344\/393|[from] Stealth Rock
|
|-heal|p2a: Slowbro|368\/393|[from] item: Leftovers
|turn|7
|
|switch|p2a: Chansey|Chansey, F|703\/703
|-damage|p2a: Chansey|616\/703|[from] Stealth Rock
|move|p1a: Latias|Defog|p2a: Chansey
|-unboost|p2a: Chansey|evasion|1
|-sideend|p2: Drina Auguste|Stealth Rock|[from] move: Defog|[of] p2a: Chansey
|-sideend|p1: I ABR I|Spikes|[from] move: Defog|[of] p1a: Latias
|
|turn|8
|
|switch|p1a: Diggersby|Diggersby, M, shiny|311\/311
|move|p2a: Chansey|Stealth Rock|p1a: Diggersby
|-sidestart|p1: I ABR I|move: Stealth Rock
|
|turn|9
|
|move|p1a: Diggersby|Swords Dance|p1a: Diggersby
|-boost|p1a: Diggersby|atk|2
|move|p2a: Chansey|Toxic|p1a: Diggersby
|-status|p1a: Diggersby|tox
|
|-damage|p1a: Diggersby|292\/311 tox|[from] psn
|turn|10
|
|switch|p2a: Skarmory|Skarmory, M|288\/329 brn
|move|p1a: Diggersby|Swords Dance|p1a: Diggersby
|-boost|p1a: Diggersby|atk|2
|
|-damage|p1a: Diggersby|254\/311 tox|[from] psn
|-damage|p2a: Skarmory|247\/329 brn|[from] brn
|turn|11
|
|move|p1a: Diggersby|Return|p2a: Skarmory
|-resisted|p2a: Skarmory
|-damage|p2a: Skarmory|46\/329 brn
|-damage|p1a: Diggersby|203\/311 tox|[from] item: Rocky Helmet|[of] p2a: Skarmory
|move|p2a: Skarmory|Roost|p2a: Skarmory
|-heal|p2a: Skarmory|211\/329 brn
|
|-damage|p1a: Diggersby|146\/311 tox|[from] psn
|-damage|p2a: Skarmory|170\/329 brn|[from] brn
|turn|12
|c|âI ABR I|no more pins checks
|
|move|p1a: Diggersby|Return|p2a: Skarmory
|-resisted|p2a: Skarmory
|-damage|p2a: Skarmory|0 fnt
|-damage|p1a: Diggersby|95\/311 tox|[from] item: Rocky Helmet|[of] p2a: Skarmory
|faint|p2a: Skarmory
|
|-damage|p1a: Diggersby|19\/311 tox|[from] psn
|
|switch|p2a: Mienshao|Mienshao, M|271\/271
|turn|13
|
|switch|p2a: Amoonguss|Amoonguss, M|431\/431
|move|p1a: Diggersby|Quick Attack|p2a: Amoonguss
|-damage|p2a: Amoonguss|170\/431
|
|-heal|p2a: Amoonguss|196\/431|[from] item: Black Sludge
|-damage|p1a: Diggersby|0 fnt|[from] psn
|faint|p1a: Diggersby
|
|switch|p1a: Latias|Latias, F|319\/319
|-damage|p1a: Latias|280\/319|[from] Stealth Rock
|turn|14
|
|switch|p2a: Chansey|Chansey, F|616\/703
|move|p1a: Latias|Psyshock|p2a: Chansey
|-damage|p2a: Chansey|398\/703
|-damage|p1a: Latias|249\/319|[from] item: Life Orb
|
|turn|15
|
|move|p1a: Latias|Defog|p2a: Chansey
|-unboost|p2a: Chansey|evasion|1
|-sideend|p1: I ABR I|Stealth Rock|[from] move: Defog|[of] p1a: Latias
|move|p2a: Chansey|Soft-Boiled|p2a: Chansey
|-heal|p2a: Chansey|703\/703
|
|turn|16
|
|switch|p1a: Bisharp|Bisharp, M|271\/271
|move|p2a: Chansey|Stealth Rock|p1a: Bisharp
|-sidestart|p1: I ABR I|move: Stealth Rock
|
|turn|17
|
|switch|p2a: Mienshao|Mienshao, M|271\/271
|move|p1a: Bisharp|Stealth Rock|p2a: Mienshao
|-sidestart|p2: Drina Auguste|move: Stealth Rock
|
|turn|18
|
|move|p2a: Mienshao|High Jump Kick|p1a: Bisharp
|-supereffective|p1a: Bisharp
|-enditem|p1a: Bisharp|Focus Sash
|-damage|p1a: Bisharp|1\/271
|move|p1a: Bisharp|Iron Head|p2a: Mienshao
|-damage|p2a: Mienshao|28\/271
|
|turn|19
|
|switch|p2a: Amoonguss|Amoonguss, M|339\/431
|-damage|p2a: Amoonguss|286\/431|[from] Stealth Rock
|move|p1a: Bisharp|Sucker Punch|p2a: Amoonguss
|-fail|p2a: Amoonguss
|
|-heal|p2a: Amoonguss|312\/431|[from] item: Black Sludge
|turn|20
|
|move|p1a: Bisharp|Knock Off|p2a: Amoonguss
|-damage|p2a: Amoonguss|153\/431
|-enditem|p2a: Amoonguss|Black Sludge|[from] move: Knock Off|[of] p1a: Bisharp
|move|p2a: Amoonguss|Giga Drain|p1a: Bisharp
|-resisted|p1a: Bisharp
|-damage|p1a: Bisharp|0 fnt
|-heal|p2a: Amoonguss|154\/431|[from] drain|[of] p1a: Bisharp
|faint|p1a: Bisharp
|
|
|switch|p1a: Pinsir|Pinsir-Mega, M|226\/271
|-damage|p1a: Pinsir|91\/271|[from] Stealth Rock
|turn|21
|
|move|p1a: Pinsir|Swords Dance|p1a: Pinsir
|-boost|p1a: Pinsir|atk|2
|move|p2a: Amoonguss|Spore|p1a: Pinsir
|-status|p1a: Pinsir|slp
|
|turn|22
|
|cant|p1a: Pinsir|slp
|move|p2a: Amoonguss|Clear Smog|p1a: Pinsir
|-damage|p1a: Pinsir|34\/271 slp
|-clearboost|p1a: Pinsir
|
|turn|23
|c|âI ABR I|uk breloom just wins
|c|âI ABR I|if this dies
|c|âI ABR I|...
|
|switch|p2a: Slowbro|Slowbro, F|393\/393
|-damage|p2a: Slowbro|344\/393|[from] Stealth Rock
|-curestatus|p1a: Pinsir|slp
|move|p1a: Pinsir|Return|p2a: Slowbro
|-damage|p2a: Slowbro|152\/393
|
|-heal|p2a: Slowbro|176\/393|[from] item: Leftovers
|turn|24
|c|âI ABR I|i dont understand
|
|switch|p2a: Mienshao|Mienshao, M|118\/271
|-damage|p2a: Mienshao|102\/271|[from] Stealth Rock
|move|p1a: Pinsir|Return|p2a: Mienshao
|-supereffective|p2a: Mienshao
|-damage|p2a: Mienshao|0 fnt
|faint|p2a: Mienshao
|
|
|switch|p2a: Slowbro|Slowbro, F|307\/393
|-damage|p2a: Slowbro|258\/393|[from] Stealth Rock
|turn|25
|
|switch|p1a: Latias|Latias, F|249\/319
|-damage|p1a: Latias|210\/319|[from] Stealth Rock
|move|p2a: Slowbro|Scald|p1a: Latias
|-resisted|p1a: Latias
|-damage|p1a: Latias|176\/319
|-status|p1a: Latias|brn
|
|-heal|p2a: Slowbro|282\/393|[from] item: Leftovers
|-damage|p1a: Latias|137\/319 brn|[from] brn
|turn|26
|
|switch|p2a: Diancie|Diancie|259\/259
|-damage|p2a: Diancie|227\/259|[from] Stealth Rock
|move|p1a: Latias|Defog|p2a: Diancie
|-fail|p2a: Diancie|unboost|[from] ability: Clear Body|[of] p2a: Diancie
|-sideend|p2: Drina Auguste|Stealth Rock|[from] move: Defog|[of] p2a: Diancie
|-sideend|p1: I ABR I|Stealth Rock|[from] move: Defog|[of] p1a: Latias
|
|-damage|p1a: Latias|98\/319 brn|[from] brn
|turn|27
|
|move|p1a: Latias|Healing Wish|p1a: Latias
|faint|p1a: Latias
|move|p2a: Diancie|Rock Polish|p2a: Diancie
|-boost|p2a: Diancie|spe|2
|
|
|switch|p1a: Pinsir|Pinsir-Mega, M|34\/271
|-heal|p1a: Pinsir|271\/271|[from] move: Healing Wish
|turn|28
|
|switch|p1a: Talonflame|Talonflame, M|317\/317
|move|p2a: Diancie|Moonblast|p1a: Talonflame
|-resisted|p1a: Talonflame
|-damage|p1a: Talonflame|206\/317
|
|turn|29
|
|move|p1a: Talonflame|Brave Bird|p2a: Diancie
|-resisted|p2a: Diancie
|-damage|p2a: Diancie|147\/259
|-damage|p1a: Talonflame|180\/317|[from] recoil|[of] p2a: Diancie
|move|p2a: Diancie|Moonblast|p1a: Talonflame
|-resisted|p1a: Talonflame
|-damage|p1a: Talonflame|75\/317
|-unboost|p1a: Talonflame|spa|1
|
|turn|30
|
|move|p1a: Talonflame|Brave Bird|p2a: Diancie
|-resisted|p2a: Diancie
|-damage|p2a: Diancie|66\/259
|-damage|p1a: Talonflame|48\/317|[from] recoil|[of] p2a: Diancie
|move|p2a: Diancie|Moonblast|p1a: Talonflame
|-resisted|p1a: Talonflame
|-damage|p1a: Talonflame|0 fnt
|faint|p1a: Talonflame
|
|
|switch|p1a: Breloom|Breloom, M|261\/261
|turn|31
|
|switch|p2a: Amoonguss|Amoonguss, M|297\/431
|move|p1a: Breloom|Mach Punch|p2a: Amoonguss
|-resisted|p2a: Amoonguss
|-damage|p2a: Amoonguss|246\/431
|
|turn|32
|
|move|p1a: Breloom|Rock Tomb|p2a: Amoonguss
|-damage|p2a: Amoonguss|152\/431
|-unboost|p2a: Amoonguss|spe|1
|move|p2a: Amoonguss|Hidden Power|p1a: Breloom
|-crit|p1a: Breloom
|-supereffective|p1a: Breloom
|-damage|p1a: Breloom|81\/261
|
|turn|33
|
|move|p1a: Breloom|Rock Tomb|p2a: Amoonguss
|-damage|p2a: Amoonguss|50\/431
|-unboost|p2a: Amoonguss|spe|1
|move|p2a: Amoonguss|Hidden Power|p1a: Breloom
|-supereffective|p1a: Breloom
|-damage|p1a: Breloom|0 fnt
|faint|p1a: Breloom
|
|
|switch|p1a: Pinsir|Pinsir-Mega, M|271\/271
|turn|34
|
|move|p1a: Pinsir|Return|p2a: Amoonguss
|-supereffective|p2a: Amoonguss
|-damage|p2a: Amoonguss|0 fnt
|faint|p2a: Amoonguss
|
|
|switch|p2a: Slowbro|Slowbro, F|393\/393
|turn|35
|
|move|p1a: Pinsir|Swords Dance|p1a: Pinsir
|-boost|p1a: Pinsir|atk|2
|move|p2a: Slowbro|Fire Blast|p1a: Pinsir|[miss]
|-miss|p2a: Slowbro|p1a: Pinsir
|
|turn|36
|
|move|p1a: Pinsir|Swords Dance|p1a: Pinsir
|-boost|p1a: Pinsir|atk|2
|move|p2a: Slowbro|Scald|p1a: Pinsir
|-damage|p1a: Pinsir|168\/271
|
|turn|37
|c|âI ABR I|gg
|c|âDrina Auguste|"g"g i guess
|
|move|p1a: Pinsir|Return|p2a: Slowbro
|-damage|p2a: Slowbro|0 fnt
|faint|p2a: Slowbro
|
|
|switch|p2a: Diancie|Diancie|66\/259
|turn|38
|
|detailschange|p2a: Diancie|Diancie-Mega
|-mega|p2a: Diancie|Diancie|Diancite
|move|p1a: Pinsir|Return|p2a: Diancie
|-resisted|p2a: Diancie
|-damage|p2a: Diancie|0 fnt
|faint|p2a: Diancie
|
|
|switch|p2a: Chansey|Chansey, F|703\/703
|turn|39
|
|move|p1a: Pinsir|Close Combat|p2a: Chansey
|-crit|p2a: Chansey
|-supereffective|p2a: Chansey
|-damage|p2a: Chansey|0 fnt
|-unboost|p1a: Pinsir|def|1
|-unboost|p1a: Pinsir|spd|1
|faint|p2a: Chansey
|
|win|I ABR I
|raw|Ladder updating...
|raw|I ABR I's rating: 1588 &rarr; <strong>1607<\/strong><br \/>(+19 for winning)
|raw|Drina Auguste's rating: 1563 &rarr; <strong>1544<\/strong><br \/>(-19 for losing)
|leave|Drina Auguste
|leave|I ABR I
|player|p2
|player|p1
|join|Kolu
|leave|Alkov
|leave|Kolu