|join|Drina Auguste
|join|Vertex.S
|player|p1|Drina Auguste|98
|player|p2|Vertex.S|266
|gametype|singles
|gen|6
|tier|OU (suspect test)
|rated
|clearpoke
|poke|p1|Chesnaught, M
|poke|p1|Gardevoir, M
|poke|p1|Landorus-Therian, M
|poke|p1|Heatran, M
|poke|p1|Rotom-Wash
|poke|p1|Latios, M
|poke|p2|Diancie
|poke|p2|Kyurem-Black
|poke|p2|Landorus-Therian, M
|poke|p2|Latios, M
|poke|p2|Magnezone
|poke|p2|Keldeo-Resolute
|rule|Swagger Clause: Swagger is banned
|rule|Baton Pass Clause: Limit one PokÃ©mon knowing Baton Pass
|rule|Sleep Clause Mod: Limit one foe put to sleep
|rule|Species Clause: Limit one of each PokÃ©mon
|rule|OHKO Clause: OHKO moves are banned
|rule|Moody Clause: Moody is banned
|rule|Evasion Moves Clause: Evasion moves are banned
|rule|Endless Battle Clause: Forcing endless battles is banned
|rule|HP Percentage Mod: HP is shown in percentages
|teampreview
|
|start
|switch|p1a: Gardevoir|Gardevoir, M|285\/285
|switch|p2a: Keldeo-Resolute|Keldeo-Resolute|322\/322
|-ability|p1a: Gardevoir|Justified|[from] ability: Trace|[of] p2a: Keldeo-Resolute
|turn|1
|
|detailschange|p1a: Gardevoir|Gardevoir-Mega, M
|-mega|p1a: Gardevoir|Gardevoir|Gardevoirite
|move|p2a: Keldeo-Resolute|Scald|p1a: Gardevoir
|-damage|p1a: Gardevoir|125\/285
|move|p1a: Gardevoir|Hyper Voice|p2a: Keldeo-Resolute
|-supereffective|p2a: Keldeo-Resolute
|-damage|p2a: Keldeo-Resolute|0 fnt
|faint|p2a: Keldeo-Resolute
|
|
|switch|p2a: Magnezone|Magnezone|281\/281
|turn|2
|
|switch|p1a: Landorus-Therian|Landorus-Therian, M|319\/319
|-ability|p1a: Landorus-Therian|Intimidate|[of] p2a: Magnezone
|-unboost|p2a: Magnezone|atk|1
|move|p2a: Magnezone|Volt Switch|p1a: Landorus-Therian
|-immune|p1a: Landorus-Therian|[msg]
|
|turn|3
|
|switch|p2a: Landorus-Therian|Landorus-Therian, M|381\/381
|-ability|p2a: Landorus-Therian|Intimidate|[of] p1a: Landorus-Therian
|-unboost|p1a: Landorus-Therian|atk|1
|move|p1a: Landorus-Therian|U-turn|p2a: Landorus-Therian
|-resisted|p2a: Landorus-Therian
|-damage|p2a: Landorus-Therian|357\/381
|
|switch|p1a: Gardevoir|Gardevoir-Mega, M|125\/285
|
|-heal|p2a: Landorus-Therian|380\/381|[from] item: Leftovers
|turn|4
|
|move|p1a: Gardevoir|Hyper Voice|p2a: Landorus-Therian
|-damage|p2a: Landorus-Therian|56\/381
|move|p2a: Landorus-Therian|Stealth Rock|p1a: Gardevoir
|-sidestart|p1: Drina Auguste|move: Stealth Rock
|
|-heal|p2a: Landorus-Therian|79\/381|[from] item: Leftovers
|turn|5
|
|switch|p2a: Magnezone|Magnezone|281\/281
|move|p1a: Gardevoir|Focus Blast|p2a: Magnezone
|-supereffective|p2a: Magnezone
|-damage|p2a: Magnezone|0 fnt
|faint|p2a: Magnezone
|
|
|switch|p2a: Latios|Latios, M|301\/301
|turn|6
|
|switch|p1a: Heatran|Heatran, M|385\/385
|-damage|p1a: Heatran|337\/385|[from] Stealth Rock
|move|p2a: Latios|Psyshock|p1a: Heatran
|-resisted|p1a: Heatran
|-damage|p1a: Heatran|250\/385
|-damage|p2a: Latios|271\/301|[from] item: Life Orb
|
|-heal|p1a: Heatran|274\/385|[from] item: Leftovers
|turn|7
|
|switch|p2a: Landorus-Therian|Landorus-Therian, M|79\/381
|-ability|p2a: Landorus-Therian|Intimidate|[of] p1a: Heatran
|-unboost|p1a: Heatran|atk|1
|switch|p1a: Rotom-Wash|Rotom-Wash|303\/303
|-damage|p1a: Rotom-Wash|266\/303|[from] Stealth Rock
|
|-heal|p2a: Landorus-Therian|102\/381|[from] item: Leftovers
|-heal|p1a: Rotom-Wash|284\/303|[from] item: Leftovers
|turn|8
|
|move|p2a: Landorus-Therian|Explosion|p1a: Rotom-Wash
|-damage|p1a: Rotom-Wash|109\/303
|faint|p2a: Landorus-Therian
|move|p1a: Rotom-Wash|Volt Switch|p2: Landorus-Therian|[notarget]
|-notarget
|
|-heal|p1a: Rotom-Wash|127\/303|[from] item: Leftovers
|
|switch|p2a: Kyurem-Black|Kyurem-Black|453\/453
|-ability|p2a: Kyurem-Black|Teravolt
|turn|9
|
|move|p2a: Kyurem-Black|Earth Power|p1a: Rotom-Wash
|-supereffective|p1a: Rotom-Wash
|-damage|p1a: Rotom-Wash|0 fnt
|faint|p1a: Rotom-Wash
|
|
|switch|p1a: Latios|Latios, M|301\/301
|-damage|p1a: Latios|264\/301|[from] Stealth Rock
|turn|10
|
|move|p1a: Latios|Psyshock|p2a: Kyurem-Black
|-damage|p2a: Kyurem-Black|241\/453
|-damage|p1a: Latios|234\/301|[from] item: Life Orb
|move|p2a: Kyurem-Black|Outrage|p1a: Latios
|-supereffective|p1a: Latios
|-damage|p1a: Latios|0 fnt
|faint|p1a: Latios
|
|
|switch|p1a: Gardevoir|Gardevoir-Mega, M|125\/285
|-damage|p1a: Gardevoir|90\/285|[from] Stealth Rock
|turn|11
|
|move|p1a: Gardevoir|Hyper Voice|p2a: Kyurem-Black
|-supereffective|p2a: Kyurem-Black
|-damage|p2a: Kyurem-Black|0 fnt
|faint|p2a: Kyurem-Black
|
|
|switch|p2a: Latios|Latios, M|271\/301
|turn|12
|
|switch|p1a: Chesnaught|Chesnaught, M|379\/379
|-damage|p1a: Chesnaught|356\/379|[from] Stealth Rock
|move|p2a: Latios|Psyshock|p1a: Chesnaught
|-supereffective|p1a: Chesnaught
|-damage|p1a: Chesnaught|112\/379
|-damage|p2a: Latios|241\/301|[from] item: Life Orb
|
|-heal|p1a: Chesnaught|135\/379|[from] item: Leftovers
|turn|13
|
|move|p2a: Latios|Psyshock|p1a: Chesnaught
|-supereffective|p1a: Chesnaught
|-damage|p1a: Chesnaught|0 fnt
|-damage|p2a: Latios|211\/301|[from] item: Life Orb
|faint|p1a: Chesnaught
|
|
|switch|p1a: Landorus-Therian|Landorus-Therian, M|319\/319
|-damage|p1a: Landorus-Therian|280\/319|[from] Stealth Rock
|-ability|p1a: Landorus-Therian|Intimidate|[of] p2a: Latios
|-unboost|p2a: Latios|atk|1
|turn|14
|
|move|p1a: Landorus-Therian|U-turn|p2a: Latios
|-supereffective|p2a: Latios
|-damage|p2a: Latios|0 fnt
|faint|p2a: Latios
|
|switch|p1a: Gardevoir|Gardevoir-Mega, M|90\/285
|-damage|p1a: Gardevoir|55\/285|[from] Stealth Rock
|
|
|switch|p2a: Diancie|Diancie|257\/257
|turn|15
|c|âDrina Auguste|mmmmmh well, taunt trying to avoid rock polish before mega evolving or hyper voice in case you mega evolve?
|
|move|p1a: Gardevoir|Taunt|p2a: Diancie
|-start|p2a: Diancie|move: Taunt
|cant|p2a: Diancie|move: Taunt|Rock Polish
|
|turn|16
|c|âDrina Auguste|awww yeah
|
|move|p1a: Gardevoir|Hyper Voice|p2a: Diancie
|-damage|p2a: Diancie|61\/257
|move|p2a: Diancie|Moonblast|p1a: Gardevoir
|-damage|p1a: Gardevoir|0 fnt
|faint|p1a: Gardevoir
|
|c|âVertex.S|dude can you forfeit????
|c|âVertex.S|i need this win
|
|switch|p1a: Landorus-Therian|Landorus-Therian, M|280\/319
|-damage|p1a: Landorus-Therian|241\/319|[from] Stealth Rock
|-ability|p1a: Landorus-Therian|Intimidate|[of] p2a: Diancie
|-fail|p2a: Diancie|unboost|[from] ability: Clear Body|[of] p2a: Diancie
|turn|17
|c|âDrina Auguste|sorry, i want reqs too x_x
|c|âVertex.S|ok
|c|âVertex.S|lol
|c|âVertex.S|it works somethimes
|c|âVertex.S|lol
|c|âDrina Auguste|xD
|c|âDrina Auguste|well gg
|c|âVertex.S|gg
|
|move|p1a: Landorus-Therian|Earthquake|p2a: Diancie
|-supereffective|p2a: Diancie
|-damage|p2a: Diancie|0 fnt
|faint|p2a: Diancie
|
|win|Drina Auguste
|raw|Ladder updating...