|join|alb_prova
|join|Mr.DelRio
|player|p1|alb_prova|210
|player|p2|Mr.DelRio|209
|gametype|singles
|gen|6
|tier|ORAS OU
|rated
|rule|Sleep Clause Mod: Limit one foe put to sleep
|rule|Species Clause: Limit one of each PokÃ©mon
|rule|OHKO Clause: OHKO moves are banned
|rule|Moody Clause: Moody is banned
|rule|Evasion Moves Clause: Evasion moves are banned
|rule|Endless Battle Clause: Forcing endless battles is banned
|rule|HP Percentage Mod: HP is shown in percentages
|clearpoke
|poke|p1|Camerupt, M
|poke|p1|Celebi
|poke|p1|Rotom-Wash
|poke|p1|Landorus-Therian, M
|poke|p1|Mew
|poke|p1|Empoleon, F
|poke|p2|Beedrill, M
|poke|p2|Zoroark, F
|poke|p2|Rotom-Wash
|poke|p2|Ferrothorn, M
|poke|p2|Sylveon, F
|poke|p2|Landorus-Therian, M
|rule|Swagger Clause: Swagger is banned
|rule|Baton Pass Clause: Limit one PokÃ©mon knowing Baton Pass
|teampreview
|
|start
|switch|p1a: Landorus-Therian|Landorus-Therian, M|320\/320
|switch|p2a: You Mad Bro!|Beedrill, M|271\/271
|-ability|p1a: Landorus-Therian|Intimidate|[of] p2a: You Mad Bro!
|-unboost|p2a: You Mad Bro!|atk|1
|turn|1
|
|detailschange|p2a: You Mad Bro!|Beedrill-Mega, M
|message|Beedrill has Mega Evolved into Mega Beedrill!
|move|p2a: You Mad Bro!|Protect|p2a: You Mad Bro!
|-singleturn|p2a: You Mad Bro!|Protect
|move|p1a: Landorus-Therian|Stone Edge|p2a: You Mad Bro!
|-activate|p2a: You Mad Bro!|Protect
|
|turn|2
|
|switch|p1a: Camerupt|Camerupt, M|344\/344
|move|p2a: You Mad Bro!|U-turn|p1a: Camerupt
|-resisted|p1a: Camerupt
|-damage|p1a: Camerupt|267\/344
|
|switch|p2a: Do the loundry|Rotom-Wash|304\/304
|
|turn|3
|c|âalb_prova|you are mad bro :)
|c|âalb_prova|lol
|
|switch|p1a: Celebi|Celebi|404\/404
|move|p2a: Do the loundry|Hydro Pump|p1a: Celebi
|-resisted|p1a: Celebi
|-damage|p1a: Celebi|334\/404
|
|-heal|p1a: Celebi|359\/404|[from] item: Leftovers
|turn|4
|
|move|p1a: Celebi|Baton Pass|p1a: Celebi
|
|switch|p1a: Landorus-Therian|Landorus-Therian, M|320\/320
|-ability|p1a: Landorus-Therian|Intimidate|[of] p2a: Do the loundry
|-unboost|p2a: Do the loundry|atk|1
|move|p2a: Do the loundry|Volt Switch|p1a: Landorus-Therian
|-immune|p1a: Landorus-Therian|[msg]
|
|turn|5
|
|move|p1a: Landorus-Therian|U-turn|p2a: Do the loundry
|-damage|p2a: Do the loundry|214\/304
|
|switch|p1a: Celebi|Celebi|359\/404
|move|p2a: Do the loundry|Hydro Pump|p1a: Celebi
|-resisted|p1a: Celebi
|-damage|p1a: Celebi|290\/404
|
|-heal|p1a: Celebi|315\/404|[from] item: Leftovers
|-heal|p2a: Do the loundry|233\/304|[from] item: Leftovers
|turn|6
|
|move|p1a: Celebi|Giga Drain|p2a: Do the loundry
|-supereffective|p2a: Do the loundry
|-damage|p2a: Do the loundry|117\/304
|-heal|p1a: Celebi|373\/404|[from] drain|[of] p2a: Do the loundry
|move|p2a: Do the loundry|Volt Switch|p1a: Celebi
|-resisted|p1a: Celebi
|-damage|p1a: Celebi|326\/404
|
|switch|p2a: Doggy|Sylveon, F|261\/261
|
|-heal|p1a: Celebi|351\/404|[from] item: Leftovers
|turn|7
|
|switch|p1a: Empoleon|Empoleon, F|372\/372
|move|p2a: Doggy|Dark Pulse|p1a: Empoleon
|-damage|p1a: Empoleon|273\/372
|
|turn|8
|
|switch|p2a: Spikes|Ferrothorn, M|352\/352
|move|p1a: Empoleon|Stealth Rock|p2a: Spikes
|-sidestart|p2: Mr.DelRio|move: Stealth Rock
|
|turn|9
|
|switch|p1a: Camerupt|Camerupt, M|267\/344
|move|p2a: Spikes|Stealth Rock|p1a: Camerupt
|-sidestart|p1: alb_prova|move: Stealth Rock
|
|turn|10
|
|detailschange|p1a: Camerupt|Camerupt-Mega, M
|message|Camerupt has Mega Evolved into Mega Camerupt!
|move|p1a: Camerupt|Fire Blast|p2a: Spikes
|-supereffective|p2a: Spikes
|-damage|p2a: Spikes|0 fnt
|faint|p2a: Spikes
|
|
|switch|p2a: Dont Mess With Lan|Landorus-Therian, M|320\/320
|-damage|p2a: Dont Mess With Lan|280\/320|[from] Stealth Rock
|-ability|p2a: Dont Mess With Lan|Intimidate|[of] p1a: Camerupt
|-unboost|p1a: Camerupt|atk|1
|turn|11
|
|switch|p1a: Landorus-Therian|Landorus-Therian, M|320\/320
|-damage|p1a: Landorus-Therian|280\/320|[from] Stealth Rock
|-ability|p1a: Landorus-Therian|Intimidate|[of] p2a: Dont Mess With Lan
|-unboost|p2a: Dont Mess With Lan|atk|1
|move|p2a: Dont Mess With Lan|Earthquake|p1a: Landorus-Therian
|-immune|p1a: Landorus-Therian|[msg]
|
|turn|12
|
|switch|p2a: Do the loundry|Rotom-Wash|117\/304
|-damage|p2a: Do the loundry|79\/304|[from] Stealth Rock
|move|p1a: Landorus-Therian|U-turn|p2a: Do the loundry
|-damage|p2a: Do the loundry|0 fnt
|faint|p2a: Do the loundry
|
|switch|p1a: Empoleon|Empoleon, F|273\/372
|-damage|p1a: Empoleon|250\/372|[from] Stealth Rock
|
|
|switch|p2a: Dont Mess With Lan|Landorus-Therian, M|280\/320
|-damage|p2a: Dont Mess With Lan|240\/320|[from] Stealth Rock
|-ability|p2a: Dont Mess With Lan|Intimidate|[of] p1a: Empoleon
|-unboost|p1a: Empoleon|atk|1
|turn|13
|
|switch|p1a: Landorus-Therian|Landorus-Therian, M|280\/320
|-damage|p1a: Landorus-Therian|240\/320|[from] Stealth Rock
|-ability|p1a: Landorus-Therian|Intimidate|[of] p2a: Dont Mess With Lan
|-unboost|p2a: Dont Mess With Lan|atk|1
|move|p2a: Dont Mess With Lan|Earthquake|p1a: Landorus-Therian
|-immune|p1a: Landorus-Therian|[msg]
|
|turn|14
|
|switch|p2a: Doggy|Sylveon, F|392\/392
|-damage|p2a: Doggy|343\/392|[from] Stealth Rock
|move|p1a: Landorus-Therian|Stone Edge|p2a: Doggy
|-damage|p2a: Doggy|147\/392
|
|turn|15
|
|move|p1a: Landorus-Therian|Stone Edge|p2a: Doggy
|-damage|p2a: Doggy|0 fnt
|faint|p2a: Doggy
|
|
|switch|p2a: Dont Mess With Lan|Landorus-Therian, M|261\/261
|-damage|p2a: Dont Mess With Lan|229\/261|[from] Stealth Rock
|turn|16
|
|move|p2a: Dont Mess With Lan|Hidden Power|p1a: Landorus-Therian
|-supereffective|p1a: Landorus-Therian
|-damage|p1a: Landorus-Therian|0 fnt
|faint|p1a: Landorus-Therian
|
|
|switch|p1a: Camerupt|Camerupt-Mega, M|267\/344
|-damage|p1a: Camerupt|224\/344|[from] Stealth Rock
|turn|17
|
|switch|p2a: Dont Mess With Lan|Landorus-Therian, M|240\/320
|-damage|p2a: Dont Mess With Lan|200\/320|[from] Stealth Rock
|-ability|p2a: Dont Mess With Lan|Intimidate|[of] p1a: Camerupt
|-unboost|p1a: Camerupt|atk|1
|move|p1a: Camerupt|Fire Blast|p2a: Dont Mess With Lan
|-damage|p2a: Dont Mess With Lan|0 fnt
|faint|p2a: Dont Mess With Lan
|
|
|switch|p2a: Wolf'O Donnel|Zoroark, F|229\/261
|-damage|p2a: Wolf'O Donnel|197\/261|[from] Stealth Rock
|turn|18
|
|switch|p1a: Empoleon|Empoleon, F|250\/372
|-damage|p1a: Empoleon|227\/372|[from] Stealth Rock
|move|p2a: Wolf'O Donnel|Dark Pulse|p1a: Empoleon
|-crit|p1a: Empoleon
|-damage|p1a: Empoleon|82\/372
|
|turn|19
|
|move|p2a: Wolf'O Donnel|Dark Pulse|p1a: Empoleon
|-damage|p1a: Empoleon|0 fnt
|faint|p1a: Empoleon
|
|
|switch|p1a: Camerupt|Camerupt-Mega, M|224\/344
|-damage|p1a: Camerupt|181\/344|[from] Stealth Rock
|turn|20
|
|move|p2a: Wolf'O Donnel|Dark Pulse|p1a: Camerupt
|-damage|p1a: Camerupt|42\/344
|move|p1a: Camerupt|Earth Power|p2a: Wolf'O Donnel
|-damage|p2a: Wolf'O Donnel|0 fnt
|faint|p2a: Wolf'O Donnel
|
|
|switch|p2a: You Mad Bro!|Beedrill-Mega, M|271\/271
|-damage|p2a: You Mad Bro!|204\/271|[from] Stealth Rock
|turn|21
|
|move|p2a: You Mad Bro!|Poison Jab|p1a: Camerupt
|-resisted|p1a: Camerupt
|-damage|p1a: Camerupt|0 fnt
|faint|p1a: Camerupt
|
|
|switch|p1a: Mew|Mew|404\/404
|-damage|p1a: Mew|354\/404|[from] Stealth Rock
|turn|22
|
|move|p2a: You Mad Bro!|U-turn|p1a: Mew
|-crit|p1a: Mew
|-supereffective|p1a: Mew
|-damage|p1a: Mew|0 fnt
|faint|p1a: Mew
|
|
|switch|p1a: Rotom-Wash|Rotom-Wash|304\/304
|-damage|p1a: Rotom-Wash|266\/304|[from] Stealth Rock
|turn|23
|
|move|p2a: You Mad Bro!|Poison Jab|p1a: Rotom-Wash
|-damage|p1a: Rotom-Wash|128\/304
|move|p1a: Rotom-Wash|Hydro Pump|p2a: You Mad Bro!
|-damage|p2a: You Mad Bro!|32\/271
|
|-heal|p1a: Rotom-Wash|147\/304|[from] item: Leftovers
|turn|24
|
|move|p2a: You Mad Bro!|Poison Jab|p1a: Rotom-Wash
|-damage|p1a: Rotom-Wash|0 fnt
|faint|p1a: Rotom-Wash
|
|
|switch|p1a: Celebi|Celebi|351\/404
|-damage|p1a: Celebi|301\/404|[from] Stealth Rock
|turn|25
|
|move|p2a: You Mad Bro!|U-turn|p1a: Celebi
|-supereffective|p1a: Celebi
|-damage|p1a: Celebi|0 fnt
|faint|p1a: Celebi
|
|win|Mr.DelRio
|raw|Ladder updating...
|raw|alb_prova's rating: 1364 &rarr; <strong>1338<\/strong><br \/>(-26 for losing)
|raw|Mr.DelRio's rating: 1239 &rarr; <strong>1273<\/strong><br \/>(+34 for winning)
|c|âMr.DelRio|gg
|c|âalb_prova|gg
|leave|alb_prova
|player|p1