|join|pokeaim
|join|alb_prova
|player|p1|pokeaim|143
|player|p2|alb_prova|210
|gametype|singles
|gen|6
|tier|ORAS OU
|rated
|rule|Sleep Clause Mod: Limit one foe put to sleep
|rule|Species Clause: Limit one of each PokÃ©mon
|rule|OHKO Clause: OHKO moves are banned
|rule|Moody Clause: Moody is banned
|rule|Evasion Moves Clause: Evasion moves are banned
|rule|Endless Battle Clause: Forcing endless battles is banned
|rule|HP Percentage Mod: HP is shown in percentages
|clearpoke
|poke|p1|Glalie, F
|poke|p1|Magneton
|poke|p1|Magnezone
|poke|p1|Latios, M
|poke|p1|Salamence, F
|poke|p1|Ferrothorn, M
|poke|p2|Jirachi
|poke|p2|Azumarill, F
|poke|p2|Poliwrath, M
|poke|p2|Heracross, F
|poke|p2|Raikou
|poke|p2|Avalugg, F
|rule|Swagger Clause: Swagger is banned
|rule|Baton Pass Clause: Limit one PokÃ©mon knowing Baton Pass
|teampreview
pokeaim made this room private.
|
|start
|switch|p1a: Magneton|Magneton|242\/242
|switch|p2a: Heracross|Heracross, F|308\/308
|turn|1
|
|detailschange|p2a: Heracross|Heracross-Mega, F
|message|Heracross has Mega Evolved into Mega Heracross!
|move|p1a: Magneton|Volt Switch|p2a: Heracross
|-damage|p2a: Heracross|205\/308
|
|switch|p1a: Salamence|Salamence, F|331\/331
|move|p2a: Heracross|Rock Blast|p1a: Salamence
|-supereffective|p1a: Salamence
|-damage|p1a: Salamence|233\/331
|-supereffective|p1a: Salamence
|-damage|p1a: Salamence|143\/331
|-supereffective|p1a: Salamence
|-damage|p1a: Salamence|39\/331
|-supereffective|p1a: Salamence
|-damage|p1a: Salamence|0 fnt
|-hitcount|p1a: Salamence|4
|faint|p1a: Salamence
|
|
|switch|p1a: Latios|Latios, M|302\/302
|turn|2
|
|switch|p1a: Ferrothorn|Ferrothorn, M|352\/352
|switch|p2a: Nano malefico|Jirachi|404\/404
|
|turn|3
|
|move|p2a: Nano malefico|Fire Punch|p1a: Ferrothorn
|-supereffective|p1a: Ferrothorn
|-damage|p1a: Ferrothorn|196\/352
|-damage|p2a: Nano malefico|354\/404|[from] ability: Iron Barbs|[of] p1a: Ferrothorn
|-damage|p2a: Nano malefico|287\/404|[from] item: Rocky Helmet|[of] p1a: Ferrothorn
|move|p1a: Ferrothorn|Stealth Rock|p2a: Nano malefico
|-sidestart|p2: alb_prova|move: Stealth Rock
|
|-heal|p2a: Nano malefico|312\/404|[from] item: Leftovers
|turn|4
|
|move|p2a: Nano malefico|Stealth Rock|p1a: Ferrothorn
|-sidestart|p1: pokeaim|move: Stealth Rock
|move|p1a: Ferrothorn|Spikes|p2a: Nano malefico
|-sidestart|p2: alb_prova|Spikes
|
|-heal|p2a: Nano malefico|337\/404|[from] item: Leftovers
|turn|5
|
|switch|p1a: Latios|Latios, M|302\/302
|-damage|p1a: Latios|265\/302|[from] Stealth Rock
|move|p2a: Nano malefico|Fire Punch|p1a: Latios
|-resisted|p1a: Latios
|-damage|p1a: Latios|232\/302
|
|-heal|p2a: Nano malefico|362\/404|[from] item: Leftovers
|turn|6
|
|move|p1a: Latios|Trick|p2a: Nano malefico
|-activate|p1a: Latios|move: Trick|[of] p2a: Nano malefico
|-item|p2a: Nano malefico|Choice Scarf|[from] move: Trick
|-item|p1a: Latios|Leftovers|[from] move: Trick
|move|p2a: Nano malefico|Body Slam|p1a: Latios
|-damage|p1a: Latios|154\/302
|-status|p1a: Latios|par
|
|-heal|p1a: Latios|172\/302 par|[from] item: Leftovers
|turn|7
|
|switch|p2a: Piroetta|Avalugg, F|394\/394
|-damage|p2a: Piroetta|296\/394|[from] Stealth Rock
|-damage|p2a: Piroetta|247\/394|[from] Spikes
|move|p1a: Latios|Psyshock|p2a: Piroetta
|-damage|p2a: Piroetta|163\/394
|
|-heal|p2a: Piroetta|187\/394|[from] item: Leftovers
|-heal|p1a: Latios|190\/302 par|[from] item: Leftovers
|turn|8
|
|move|p2a: Piroetta|Rapid Spin|p1a: Latios
|-damage|p1a: Latios|166\/302 par
|-sideend|p2: alb_prova|Spikes|[from] move: Rapid Spin|[of] p2a: Piroetta
|-sideend|p2: alb_prova|Stealth Rock|[from] move: Rapid Spin|[of] p2a: Piroetta
|move|p1a: Latios|Draco Meteor|p2a: Piroetta
|-damage|p2a: Piroetta|0 fnt
|-unboost|p1a: Latios|spa|2
|faint|p2a: Piroetta
|
|-heal|p1a: Latios|184\/302 par|[from] item: Leftovers
|
|switch|p2a: Heracross|Heracross-Mega, F|205\/308
|turn|9
|
|move|p2a: Heracross|Rock Blast|p1a: Latios|[miss]
|-miss|p2a: Heracross|p1a: Latios
|move|p1a: Latios|Draco Meteor|p2a: Heracross
|-damage|p2a: Heracross|100\/308
|-unboost|p1a: Latios|spa|2
|
|-heal|p1a: Latios|202\/302 par|[from] item: Leftovers
|turn|10
|
|move|p2a: Heracross|Close Combat|p1a: Latios
|-resisted|p1a: Latios
|-damage|p1a: Latios|40\/302 par
|-unboost|p2a: Heracross|def|1
|-unboost|p2a: Heracross|spd|1
|cant|p1a: Latios|par
|
|-heal|p1a: Latios|58\/302 par|[from] item: Leftovers
|turn|11
|
|move|p2a: Heracross|Close Combat|p1a: Latios
|-resisted|p1a: Latios
|-damage|p1a: Latios|0 fnt
|-unboost|p2a: Heracross|def|1
|-unboost|p2a: Heracross|spd|1
|faint|p1a: Latios
|
|
|switch|p1a: Glalie|Glalie, F|301\/301
|-damage|p1a: Glalie|226\/301|[from] Stealth Rock
|turn|12
|
|switch|p2a: Nano malefico|Jirachi|362\/404
|detailschange|p1a: Glalie|Glalie-Mega, F
|message|Glalie has Mega Evolved into Mega Glalie!
|move|p1a: Glalie|Ice Shard|p2a: Nano malefico
|-resisted|p2a: Nano malefico
|-damage|p2a: Nano malefico|327\/404
|
|turn|13
|
|move|p2a: Nano malefico|Fire Punch|p1a: Glalie
|-supereffective|p1a: Glalie
|-damage|p1a: Glalie|96\/301
|move|p1a: Glalie|Earthquake|p2a: Nano malefico
|-supereffective|p2a: Nano malefico
|-damage|p2a: Nano malefico|87\/404
|
|turn|14
|
|move|p2a: Nano malefico|Fire Punch|p1a: Glalie
|-supereffective|p1a: Glalie
|-damage|p1a: Glalie|0 fnt
|faint|p1a: Glalie
|
|
|switch|p1a: Magneton|Magneton|242\/242
|-damage|p1a: Magneton|227\/242|[from] Stealth Rock
|turn|15
|
|move|p1a: Magneton|Thunderbolt|p2a: Nano malefico
|-damage|p2a: Nano malefico|0 fnt
|faint|p2a: Nano malefico
|
|
|switch|p2a: Wrongtoad|Poliwrath, M|384\/384
|turn|16
|c|âalb_prova|I have to lost so I'll be in your video
|
|move|p1a: Magneton|Thunderbolt|p2a: Wrongtoad
|-supereffective|p2a: Wrongtoad
|-damage|p2a: Wrongtoad|40\/384
|-status|p2a: Wrongtoad|par
|move|p2a: Wrongtoad|Circle Throw|p1a: Magneton
|-supereffective|p1a: Magneton
|-damage|p1a: Magneton|87\/242
|drag|p1a: Magnezone|Magnezone|287\/287
|-damage|p1a: Magnezone|270\/287|[from] Stealth Rock
|
|-heal|p2a: Wrongtoad|64\/384 par|[from] item: Leftovers
|turn|17
|
|move|p1a: Magnezone|Volt Switch|p2a: Wrongtoad
|-supereffective|p2a: Wrongtoad
|-damage|p2a: Wrongtoad|0 fnt
|faint|p2a: Wrongtoad
|
|switch|p1a: Magneton|Magneton|87\/242
|-damage|p1a: Magneton|72\/242|[from] Stealth Rock
|
|
|switch|p2a: Raikou|Raikou|321\/321
|-ability|p2a: Raikou|Pressure
|turn|18
|
|move|p1a: Magneton|Volt Switch|p2a: Raikou
|-resisted|p2a: Raikou
|-damage|p2a: Raikou|282\/321
|
|switch|p1a: Magnezone|Magnezone|270\/287
|-damage|p1a: Magnezone|253\/287|[from] Stealth Rock
|move|p2a: Raikou|Thunderbolt|p1a: Magnezone
|-crit|p1a: Magnezone
|-resisted|p1a: Magnezone
|-damage|p1a: Magnezone|133\/287
|
|turn|19
|
|move|p2a: Raikou|Thunderbolt|p1a: Magnezone
|-resisted|p1a: Magnezone
|-damage|p1a: Magnezone|49\/287
|move|p1a: Magnezone|Thunderbolt|p2a: Raikou
|-resisted|p2a: Raikou
|-damage|p2a: Raikou|207\/321
|
|turn|20
|
|move|p2a: Raikou|Thunderbolt|p1a: Magnezone
|-resisted|p1a: Magnezone
|-damage|p1a: Magnezone|0 fnt
|faint|p1a: Magnezone
|
|
|switch|p1a: Ferrothorn|Ferrothorn, M|196\/352
|-damage|p1a: Ferrothorn|174\/352|[from] Stealth Rock
|turn|21
|
|move|p2a: Raikou|Volt Switch|p1a: Ferrothorn
|-resisted|p1a: Ferrothorn
|-damage|p1a: Ferrothorn|126\/352
|
|switch|p2a: Azumarill|Azumarill, F|401\/401
|move|p1a: Ferrothorn|Leech Seed|p2a: Azumarill
|-start|p2a: Azumarill|move: Leech Seed
|
|-damage|p2a: Azumarill|351\/401|[from] Leech Seed|[of] p1a: Ferrothorn
|-heal|p1a: Ferrothorn|176\/352|[silent]
|turn|22
|
|move|p2a: Azumarill|Superpower|p1a: Ferrothorn
|-supereffective|p1a: Ferrothorn
|-damage|p1a: Ferrothorn|0 fnt
|-damage|p2a: Azumarill|301\/401|[from] ability: Iron Barbs|[of] p1a: Ferrothorn
|-damage|p2a: Azumarill|235\/401|[from] item: Rocky Helmet|[of] p1a: Ferrothorn
|-unboost|p2a: Azumarill|atk|1
|-unboost|p2a: Azumarill|def|1
|faint|p1a: Ferrothorn
|
|
|switch|p1a: Magneton|Magneton|72\/242
|-damage|p1a: Magneton|57\/242|[from] Stealth Rock
|turn|23
|
|move|p2a: Azumarill|Aqua Jet|p1a: Magneton
|-damage|p1a: Magneton|0 fnt
|faint|p1a: Magneton
|
|win|alb_prova
|raw|Ladder updating...
|raw|pokeaim's rating: 1440 &rarr; <strong>1413<\/strong><br \/>(-27 for losing)
|raw|alb_prova's rating: 1312 &rarr; <strong>1339<\/strong><br \/>(+27 for winning)
|c|âpokeaim|gg
|leave|pokeaim
|player|p1
|c|âalb_prova|gg