|join|alb_prova
|join|Pheonixmaster
|player|p1|alb_prova|210
|player|p2|Pheonixmaster|248
|gametype|singles
|gen|6
|tier|ORAS OU
|rated
|rule|Sleep Clause Mod: Limit one foe put to sleep
|rule|Species Clause: Limit one of each PokÃ©mon
|rule|OHKO Clause: OHKO moves are banned
|rule|Moody Clause: Moody is banned
|rule|Evasion Moves Clause: Evasion moves are banned
|rule|Endless Battle Clause: Forcing endless battles is banned
|rule|HP Percentage Mod: HP is shown in percentages
|clearpoke
|poke|p1|Camerupt, M
|poke|p1|Celebi
|poke|p1|Rotom-Wash
|poke|p1|Landorus-Therian, M
|poke|p1|Mew
|poke|p1|Empoleon, F
|poke|p2|Salamence, M
|poke|p2|Tyranitar, M, shiny
|poke|p2|Excadrill, M, shiny
|poke|p2|Greninja, M, shiny
|poke|p2|Clefable, M
|poke|p2|Rotom-Wash
|rule|Swagger Clause: Swagger is banned
|rule|Baton Pass Clause: Limit one PokÃ©mon knowing Baton Pass
|teampreview
|
|start
|switch|p1a: Landorus-Therian|Landorus-Therian, M|320\/320
|switch|p2a: Kira|Salamence, M|331\/331
|-ability|p1a: Landorus-Therian|Intimidate|[of] p2a: Kira
|-unboost|p2a: Kira|atk|1
|-ability|p2a: Kira|Intimidate|[of] p1a: Landorus-Therian
|-unboost|p1a: Landorus-Therian|atk|1
|turn|1
|
|detailschange|p2a: Kira|Salamence-Mega, M
|message|Salamence has Mega Evolved into Mega Salamence!
|move|p1a: Landorus-Therian|U-turn|p2a: Kira
|-resisted|p2a: Kira
|-damage|p2a: Kira|305\/331
|
|switch|p1a: Mew|Mew|404\/404
|move|p2a: Kira|Draco Meteor|p1a: Mew
|-damage|p1a: Mew|197\/404
|-unboost|p2a: Kira|spa|2
|
|-heal|p1a: Mew|222\/404|[from] item: Leftovers
|turn|2
|
|move|p2a: Kira|Frustration|p1a: Mew
|-crit|p1a: Mew
|-damage|p1a: Mew|0 fnt
|faint|p1a: Mew
|
|
|switch|p1a: Landorus-Therian|Landorus-Therian, M|320\/320
|-ability|p1a: Landorus-Therian|Intimidate|[of] p2a: Kira
|-unboost|p2a: Kira|atk|1
|turn|3
|
|switch|p2a: Kamina|Tyranitar, M, shiny|403\/403
|-weather|Sandstorm
|move|p1a: Landorus-Therian|Stone Edge|p2a: Kamina
|-damage|p2a: Kamina|289\/403
|
|-weather|Sandstorm|[upkeep]
|turn|4
|
|switch|p1a: Rotom-Wash|Rotom-Wash|304\/304
|move|p2a: Kamina|Stealth Rock|p1a: Rotom-Wash
|-sidestart|p1: alb_prova|move: Stealth Rock
|
|-weather|Sandstorm|[upkeep]
|-damage|p1a: Rotom-Wash|285\/304|[from] sandstorm
|-heal|p1a: Rotom-Wash|304\/304|[from] item: Leftovers
|turn|5
|
|switch|p2a: Kaede|Clefable, M|394\/394
|move|p1a: Rotom-Wash|Will-O-Wisp|p2a: Kaede
|-status|p2a: Kaede|brn
|
|-weather|Sandstorm|[upkeep]
|-damage|p1a: Rotom-Wash|285\/304|[from] sandstorm
|-heal|p1a: Rotom-Wash|304\/304|[from] item: Leftovers
|turn|6
|
|move|p1a: Rotom-Wash|Volt Switch|p2a: Kaede
|-damage|p2a: Kaede|304\/394 brn
|
|switch|p1a: Camerupt|Camerupt, M|344\/344
|-damage|p1a: Camerupt|301\/344|[from] Stealth Rock
|move|p2a: Kaede|Moonblast|p1a: Camerupt
|-resisted|p1a: Camerupt
|-damage|p1a: Camerupt|236\/344
|-unboost|p1a: Camerupt|spa|1
|
|-weather|Sandstorm|[upkeep]
|-heal|p2a: Kaede|328\/394 brn|[from] item: Leftovers
|turn|7
|
|switch|p2a: Kira|Salamence-Mega, M|305\/331
|detailschange|p1a: Camerupt|Camerupt-Mega, M
|message|Camerupt has Mega Evolved into Mega Camerupt!
|move|p1a: Camerupt|Fire Blast|p2a: Kira
|-resisted|p2a: Kira
|-damage|p2a: Kira|176\/331
|
|-weather|Sandstorm|[upkeep]
|-damage|p2a: Kira|156\/331|[from] sandstorm
|turn|8
|
|move|p2a: Kira|Earthquake|p1a: Camerupt
|-crit|p1a: Camerupt
|-supereffective|p1a: Camerupt
|-damage|p1a: Camerupt|0 fnt
|faint|p1a: Camerupt
|
|-weather|Sandstorm|[upkeep]
|-damage|p2a: Kira|136\/331|[from] sandstorm
|c|âalb_prova|it is broken and also the critical
|c|âalb_prova|doesn't matter but
|c|âalb_prova|it's incredible
|
|switch|p1a: Landorus-Therian|Landorus-Therian, M|320\/320
|-damage|p1a: Landorus-Therian|280\/320|[from] Stealth Rock
|-ability|p1a: Landorus-Therian|Intimidate|[of] p2a: Kira
|-unboost|p2a: Kira|atk|1
|turn|9
|c|âPheonixmaster|yeah that crit on mew was really unfortunate
|
|switch|p2a: Kamina|Tyranitar, M, shiny|289\/403
|move|p1a: Landorus-Therian|U-turn|p2a: Kamina
|-supereffective|p2a: Kamina
|-damage|p2a: Kamina|111\/403
|
|switch|p1a: Celebi|Celebi|404\/404
|-damage|p1a: Celebi|354\/404|[from] Stealth Rock
|
|-weather|Sandstorm|[upkeep]
|-damage|p1a: Celebi|329\/404|[from] sandstorm
|-heal|p1a: Celebi|354\/404|[from] item: Leftovers
|turn|10
|
|switch|p2a: Kira|Salamence-Mega, M|136\/331
|move|p1a: Celebi|Baton Pass|p1a: Celebi
|
|switch|p1a: Landorus-Therian|Landorus-Therian, M|280\/320
|-damage|p1a: Landorus-Therian|240\/320|[from] Stealth Rock
|-ability|p1a: Landorus-Therian|Intimidate|[of] p2a: Kira
|-unboost|p2a: Kira|atk|1
|
|-weather|none
|turn|11
|
|move|p1a: Landorus-Therian|Stone Edge|p2a: Kira
|-supereffective|p2a: Kira
|-damage|p2a: Kira|0 fnt
|faint|p2a: Kira
|
|
|switch|p2a: Kamina|Tyranitar, M, shiny|111\/403
|-weather|Sandstorm
|turn|12
|
|move|p1a: Landorus-Therian|Stone Edge|p2a: Kamina
|-damage|p2a: Kamina|0 fnt
|faint|p2a: Kamina
|
|-weather|Sandstorm|[upkeep]
|
|switch|p2a: Simon|Excadrill, M, shiny|361\/361
|turn|13
|
|switch|p1a: Rotom-Wash|Rotom-Wash|304\/304
|-damage|p1a: Rotom-Wash|266\/304|[from] Stealth Rock
|move|p2a: Simon|Rock Slide|p1a: Rotom-Wash
|-damage|p1a: Rotom-Wash|169\/304
|-damage|p2a: Simon|325\/361|[from] item: Life Orb
|
|-weather|Sandstorm|[upkeep]
|-damage|p1a: Rotom-Wash|150\/304|[from] sandstorm
|-heal|p1a: Rotom-Wash|169\/304|[from] item: Leftovers
|turn|14
|
|move|p2a: Simon|Rock Slide|p1a: Rotom-Wash
|-crit|p1a: Rotom-Wash
|-damage|p1a: Rotom-Wash|29\/304
|-damage|p2a: Simon|289\/361|[from] item: Life Orb
|cant|p1a: Rotom-Wash|flinch
|
|-weather|Sandstorm|[upkeep]
|-damage|p1a: Rotom-Wash|10\/304|[from] sandstorm
|-heal|p1a: Rotom-Wash|29\/304|[from] item: Leftovers
|turn|15
|c|âalb_prova|i'm crying
|
|switch|p1a: Celebi|Celebi|354\/404
|-damage|p1a: Celebi|304\/404|[from] Stealth Rock
|move|p2a: Simon|Iron Head|p1a: Celebi
|-damage|p1a: Celebi|135\/404
|-damage|p2a: Simon|253\/361|[from] item: Life Orb
|
|-weather|Sandstorm|[upkeep]
|-damage|p1a: Celebi|110\/404|[from] sandstorm
|-heal|p1a: Celebi|135\/404|[from] item: Leftovers
|turn|16
|
|switch|p1a: Rotom-Wash|Rotom-Wash|29\/304
|-damage|p1a: Rotom-Wash|0 fnt|[from] Stealth Rock
|faint|p1a: Rotom-Wash
|move|p2a: Simon|Iron Head|p1: Rotom-Wash|[notarget]
|-notarget
|
|-weather|Sandstorm|[upkeep]
|
|switch|p1a: Landorus-Therian|Landorus-Therian, M|240\/320
|-damage|p1a: Landorus-Therian|200\/320|[from] Stealth Rock
|-ability|p1a: Landorus-Therian|Intimidate|[of] p2a: Simon
|-unboost|p2a: Simon|atk|1
|turn|17
|
|move|p2a: Simon|Iron Head|p1a: Landorus-Therian
|-damage|p1a: Landorus-Therian|43\/320
|-damage|p2a: Simon|217\/361|[from] item: Life Orb
|cant|p1a: Landorus-Therian|flinch
|
|-weather|Sandstorm|[upkeep]
|turn|18
|c|âPheonixmaster|oml all this hax
|
|switch|p1a: Celebi|Celebi|135\/404
|-damage|p1a: Celebi|85\/404|[from] Stealth Rock
|move|p2a: Simon|Iron Head|p1a: Celebi
|-damage|p1a: Celebi|0 fnt
|-damage|p2a: Simon|181\/361|[from] item: Life Orb
|faint|p1a: Celebi
|
|-weather|Sandstorm|[upkeep]
|
|switch|p1a: Empoleon|Empoleon, F|372\/372
|-damage|p1a: Empoleon|349\/372|[from] Stealth Rock
|turn|19
|
|move|p2a: Simon|Earthquake|p1a: Empoleon
|-supereffective|p1a: Empoleon
|-damage|p1a: Empoleon|0 fnt
|-damage|p2a: Simon|145\/361|[from] item: Life Orb
|faint|p1a: Empoleon
|
|-weather|none
|
|switch|p1a: Landorus-Therian|Landorus-Therian, M|43\/320
|-damage|p1a: Landorus-Therian|3\/320|[from] Stealth Rock
|-ability|p1a: Landorus-Therian|Intimidate|[of] p2a: Simon
|-unboost|p2a: Simon|atk|1
|turn|20
|
|move|p1a: Landorus-Therian|Stone Edge|p2a: Simon
|-resisted|p2a: Simon
|-damage|p2a: Simon|99\/361
|move|p2a: Simon|Rapid Spin|p1a: Landorus-Therian
|-damage|p1a: Landorus-Therian|0 fnt
|-damage|p2a: Simon|63\/361|[from] item: Life Orb
|faint|p1a: Landorus-Therian
|
|win|Pheonixmaster
|raw|Ladder updating...
|raw|alb_prova's rating: 1528 &rarr; <strong>1501<\/strong><br \/>(-27 for losing)
|raw|Pheonixmaster's rating: 1410 &rarr; <strong>1437<\/strong><br \/>(+27 for winning)
|leave|Pheonixmaster
|player|p2