|join|alb_prova
|join|Nyks
|player|p1|alb_prova|210
|player|p2|Nyks|102
|gametype|singles
|gen|6
|tier|ORAS OU
|rated
|rule|Sleep Clause Mod: Limit one foe put to sleep
|rule|Species Clause: Limit one of each PokÃ©mon
|rule|OHKO Clause: OHKO moves are banned
|rule|Moody Clause: Moody is banned
|rule|Evasion Moves Clause: Evasion moves are banned
|rule|Endless Battle Clause: Forcing endless battles is banned
|rule|HP Percentage Mod: HP is shown in percentages
|clearpoke
|poke|p1|Jirachi
|poke|p1|Azumarill, M
|poke|p1|Poliwrath, M
|poke|p1|Heracross, M
|poke|p1|Raikou
|poke|p1|Avalugg, M
|poke|p2|Sharpedo, M
|poke|p2|Greninja, M
|poke|p2|Honchkrow, F
|poke|p2|Krookodile, F
|poke|p2|Bisharp, M
|poke|p2|Sableye, M
|rule|Swagger Clause: Swagger is banned
|rule|Baton Pass Clause: Limit one PokÃ©mon knowing Baton Pass
|teampreview
|
|start
|switch|p1a: Raikou|Raikou|321\/321
|switch|p2a: Krookodile|Krookodile, F|394\/394
|-ability|p1a: Raikou|Pressure
|-ability|p2a: Krookodile|Intimidate|[of] p1a: Raikou
|-unboost|p1a: Raikou|atk|1
|turn|1
|
|switch|p1a: Wrongtoad|Poliwrath, M|384\/384
|move|p2a: Krookodile|Stealth Rock|p1a: Wrongtoad
|-sidestart|p1: alb_prova|move: Stealth Rock
|
|turn|2
|
|switch|p2a: Honchkrow|Honchkrow, F|342\/342
|move|p1a: Wrongtoad|Scald|p2a: Honchkrow
|-damage|p2a: Honchkrow|219\/342
|
|turn|3
|
|switch|p1a: Piroetta|Avalugg, M|394\/394
|-damage|p1a: Piroetta|296\/394|[from] Stealth Rock
|move|p2a: Honchkrow|Brave Bird|p1a: Piroetta
|-damage|p1a: Piroetta|166\/394
|-damage|p2a: Honchkrow|176\/342|[from] recoil|[of] p1a: Piroetta
|-heal|p2a: Honchkrow|192\/342|[from] item: Shell Bell|[of] p1a: Piroetta
|
|-heal|p1a: Piroetta|190\/394|[from] item: Leftovers
|turn|4
|
|move|p2a: Honchkrow|Heat Wave|p1a: Piroetta
|-miss|p2a: Honchkrow|p1a: Piroetta
|move|p1a: Piroetta|Recover|p1a: Piroetta
|-heal|p1a: Piroetta|387\/394
|
|-heal|p1a: Piroetta|394\/394|[from] item: Leftovers
|turn|5
|
|switch|p2a: Sableye|Sableye, M|304\/304
|move|p1a: Piroetta|Avalanche|p2a: Sableye
|-damage|p2a: Sableye|229\/304
|
|-heal|p2a: Sableye|248\/304|[from] item: Leftovers
|turn|6
|
|switch|p1a: Raikou|Raikou|321\/321
|-damage|p1a: Raikou|281\/321|[from] Stealth Rock
|-ability|p1a: Raikou|Pressure
|move|p2a: Sableye|Will-O-Wisp|p1a: Raikou
|-status|p1a: Raikou|brn
|
|-heal|p2a: Sableye|267\/304|[from] item: Leftovers
|-damage|p1a: Raikou|241\/321 brn|[from] brn
|turn|7
|
|move|p1a: Raikou|Hidden Power|p2a: Sableye
|-damage|p2a: Sableye|192\/304
|move|p2a: Sableye|Snarl|p1a: Raikou
|-damage|p1a: Raikou|211\/321 brn
|-unboost|p1a: Raikou|spa|1
|
|-heal|p2a: Sableye|211\/304|[from] item: Leftovers
|-damage|p1a: Raikou|171\/321 brn|[from] brn
|turn|8
|
|move|p1a: Raikou|Thunderbolt|p2a: Sableye
|-damage|p2a: Sableye|81\/304
|move|p2a: Sableye|Snarl|p1a: Raikou
|-damage|p1a: Raikou|143\/321 brn
|-unboost|p1a: Raikou|spa|1
|
|-heal|p2a: Sableye|100\/304|[from] item: Leftovers
|-damage|p1a: Raikou|103\/321 brn|[from] brn
|turn|9
|
|move|p2a: Sableye|Recover|p2a: Sableye
|-heal|p2a: Sableye|252\/304
|move|p1a: Raikou|Volt Switch|p2a: Sableye
|-damage|p2a: Sableye|186\/304
|
|switch|p1a: Heracross|Heracross, M|308\/308
|-damage|p1a: Heracross|270\/308|[from] Stealth Rock
|
|-heal|p2a: Sableye|205\/304|[from] item: Leftovers
|turn|10
|
|switch|p2a: Krookodile|Krookodile, F|394\/394
|-ability|p2a: Krookodile|Intimidate|[of] p1a: Heracross
|-unboost|p1a: Heracross|atk|1
|detailschange|p1a: Heracross|Heracross-Mega, M
|message|Heracross has Mega Evolved into Mega Heracross!
|move|p1a: Heracross|Pin Missile|p2a: Krookodile
|-supereffective|p2a: Krookodile
|-damage|p2a: Krookodile|322\/394
|-supereffective|p2a: Krookodile
|-damage|p2a: Krookodile|250\/394
|-supereffective|p2a: Krookodile
|-damage|p2a: Krookodile|170\/394
|-supereffective|p2a: Krookodile
|-damage|p2a: Krookodile|92\/394
|-supereffective|p2a: Krookodile
|-damage|p2a: Krookodile|20\/394
|-hitcount|p2a: Krookodile|5
|
|-heal|p2a: Krookodile|44\/394|[from] item: Leftovers
|turn|11
|
|move|p1a: Heracross|Pin Missile|p2a: Krookodile
|-supereffective|p2a: Krookodile
|-damage|p2a: Krookodile|0 fnt
|-hitcount|p2a: Krookodile|1
|faint|p2a: Krookodile
|
|
|switch|p2a: Greninja|Greninja, M|286\/286
|turn|12
|
|switch|p1a: Azumarill|Azumarill, M|401\/401
|-damage|p1a: Azumarill|351\/401|[from] Stealth Rock
|move|p2a: Greninja|Acrobatics|p1a: Azumarill
|-start|p2a: Greninja|typechange|Flying|[from] Protean
|-damage|p1a: Azumarill|260\/401
|
|turn|13
|
|switch|p1a: Nano malefico|Jirachi|404\/404
|-damage|p1a: Nano malefico|379\/404|[from] Stealth Rock
|move|p2a: Greninja|Power-Up Punch|p1a: Nano malefico
|-start|p2a: Greninja|typechange|Fighting|[from] Protean
|-damage|p1a: Nano malefico|325\/404
|-boost|p2a: Greninja|atk|1
|
|-heal|p1a: Nano malefico|350\/404|[from] item: Leftovers
|turn|14
|
|move|p2a: Greninja|Power-Up Punch|p1a: Nano malefico
|-damage|p1a: Nano malefico|266\/404
|-boost|p2a: Greninja|atk|1
|move|p1a: Nano malefico|Stealth Rock|p2a: Greninja
|-sidestart|p2: Nyks|move: Stealth Rock
|
|-heal|p1a: Nano malefico|291\/404|[from] item: Leftovers
|turn|15
|
|move|p2a: Greninja|Power-Up Punch|p1a: Nano malefico
|-damage|p1a: Nano malefico|173\/404
|-boost|p2a: Greninja|atk|1
|move|p1a: Nano malefico|Body Slam|p2a: Greninja
|-damage|p2a: Greninja|191\/286
|-status|p2a: Greninja|par
|
|-heal|p1a: Nano malefico|198\/404|[from] item: Leftovers
|turn|16
|
|cant|p2a: Greninja|par
|move|p1a: Nano malefico|Iron Head|p2a: Greninja
|-damage|p2a: Greninja|50\/286 par
|
|-heal|p1a: Nano malefico|223\/404|[from] item: Leftovers
|turn|17
|
|cant|p2a: Greninja|par
|move|p1a: Nano malefico|Body Slam|p2a: Greninja
|-damage|p2a: Greninja|0 fnt
|faint|p2a: Greninja
|
|-heal|p1a: Nano malefico|248\/404|[from] item: Leftovers
|
|switch|p2a: Sharpedo|Sharpedo, M|282\/282
|-damage|p2a: Sharpedo|247\/282|[from] Stealth Rock
|turn|18
|
|switch|p1a: Piroetta|Avalugg, M|394\/394
|-damage|p1a: Piroetta|296\/394|[from] Stealth Rock
|move|p2a: Sharpedo|Protect|p2a: Sharpedo
|-fail|p2a: Sharpedo
|
|-heal|p1a: Piroetta|320\/394|[from] item: Leftovers
|-boost|p2a: Sharpedo|spe|1|[from] ability: Speed Boost
|turn|19
|
|detailschange|p2a: Sharpedo|Sharpedo-Mega, M
|message|Sharpedo has Mega Evolved into Mega Sharpedo!
|move|p2a: Sharpedo|Crunch|p1a: Piroetta
|-damage|p1a: Piroetta|196\/394
|move|p1a: Piroetta|Recover|p1a: Piroetta
|-heal|p1a: Piroetta|393\/394
|
|-heal|p1a: Piroetta|394\/394|[from] item: Leftovers
|turn|20
|
|switch|p2a: Sableye|Sableye, M|205\/304
|-damage|p2a: Sableye|167\/304|[from] Stealth Rock
|move|p1a: Piroetta|Rapid Spin|p2a: Sableye
|-immune|p2a: Sableye|[msg]
|
|-heal|p2a: Sableye|186\/304|[from] item: Leftovers
|turn|21
|
|switch|p1a: Raikou|Raikou|103\/321 brn
|-damage|p1a: Raikou|63\/321 brn|[from] Stealth Rock
|-ability|p1a: Raikou|Pressure
|move|p2a: Sableye|Will-O-Wisp|p1a: Raikou
|-fail|p1a: Raikou|brn
|
|-heal|p2a: Sableye|205\/304|[from] item: Leftovers
|-damage|p1a: Raikou|23\/321 brn|[from] brn
|turn|22
|
|move|p2a: Sableye|Recover|p2a: Sableye
|-heal|p2a: Sableye|304\/304
|move|p1a: Raikou|Thunderbolt|p2a: Sableye
|-damage|p2a: Sableye|139\/304
|
|-heal|p2a: Sableye|158\/304|[from] item: Leftovers
|-damage|p1a: Raikou|0 fnt|[from] brn
|faint|p1a: Raikou
|
|switch|p1a: Heracross|Heracross-Mega, M|270\/308
|-damage|p1a: Heracross|232\/308|[from] Stealth Rock
|turn|23
|
|move|p2a: Sableye|Will-O-Wisp|p1a: Heracross
|-status|p1a: Heracross|brn
|move|p1a: Heracross|Pin Missile|p2a: Sableye
|-damage|p2a: Sableye|130\/304
|-damage|p2a: Sableye|102\/304
|-damage|p2a: Sableye|75\/304
|-damage|p2a: Sableye|48\/304
|-damage|p2a: Sableye|21\/304
|-hitcount|p2a: Sableye|5
|
|-heal|p2a: Sableye|40\/304|[from] item: Leftovers
|-damage|p1a: Heracross|194\/308 brn|[from] brn
|turn|24
|
|move|p2a: Sableye|Recover|p2a: Sableye
|-heal|p2a: Sableye|192\/304
|move|p1a: Heracross|Pin Missile|p2a: Sableye
|-damage|p2a: Sableye|165\/304
|-damage|p2a: Sableye|137\/304
|-damage|p2a: Sableye|109\/304
|-damage|p2a: Sableye|82\/304
|-damage|p2a: Sableye|55\/304
|-hitcount|p2a: Sableye|5
|
|-heal|p2a: Sableye|74\/304|[from] item: Leftovers
|-damage|p1a: Heracross|156\/308 brn|[from] brn
|turn|25
|
|move|p2a: Sableye|Recover|p2a: Sableye
|-heal|p2a: Sableye|226\/304
|move|p1a: Heracross|Pin Missile|p2a: Sableye
|-damage|p2a: Sableye|198\/304
|-damage|p2a: Sableye|170\/304
|-damage|p2a: Sableye|142\/304
|-damage|p2a: Sableye|115\/304
|-crit|p2a: Sableye
|-damage|p2a: Sableye|69\/304
|-hitcount|p2a: Sableye|5
|
|-heal|p2a: Sableye|88\/304|[from] item: Leftovers
|-damage|p1a: Heracross|118\/308 brn|[from] brn
|turn|26
|
|move|p2a: Sableye|Recover|p2a: Sableye
|-heal|p2a: Sableye|240\/304
|move|p1a: Heracross|Pin Missile|p2a: Sableye
|-damage|p2a: Sableye|213\/304
|-damage|p2a: Sableye|183\/304
|-damage|p2a: Sableye|158\/304
|-damage|p2a: Sableye|130\/304
|-damage|p2a: Sableye|102\/304
|-hitcount|p2a: Sableye|5
|
|-heal|p2a: Sableye|121\/304|[from] item: Leftovers
|-damage|p1a: Heracross|80\/308 brn|[from] brn
|turn|27
|
|move|p2a: Sableye|Recover|p2a: Sableye
|-heal|p2a: Sableye|273\/304
|move|p1a: Heracross|Pin Missile|p2a: Sableye
|-crit|p2a: Sableye
|-damage|p2a: Sableye|233\/304
|-damage|p2a: Sableye|203\/304
|-damage|p2a: Sableye|173\/304
|-damage|p2a: Sableye|143\/304
|-damage|p2a: Sableye|116\/304
|-hitcount|p2a: Sableye|5
|
|-heal|p2a: Sableye|135\/304|[from] item: Leftovers
|-damage|p1a: Heracross|42\/308 brn|[from] brn
|turn|28
|
|move|p2a: Sableye|Recover|p2a: Sableye
|-heal|p2a: Sableye|287\/304
|move|p1a: Heracross|Pin Missile|p2a: Sableye
|-damage|p2a: Sableye|259\/304
|-damage|p2a: Sableye|229\/304
|-damage|p2a: Sableye|199\/304
|-damage|p2a: Sableye|172\/304
|-damage|p2a: Sableye|142\/304
|-hitcount|p2a: Sableye|5
|
|-heal|p2a: Sableye|161\/304|[from] item: Leftovers
|-damage|p1a: Heracross|4\/308 brn|[from] brn
|turn|29
|
|move|p2a: Sableye|Recover|p2a: Sableye
|-heal|p2a: Sableye|304\/304
|move|p1a: Heracross|Pin Missile|p2a: Sableye
|-crit|p2a: Sableye
|-damage|p2a: Sableye|262\/304
|-damage|p2a: Sableye|235\/304
|-damage|p2a: Sableye|207\/304
|-damage|p2a: Sableye|180\/304
|-damage|p2a: Sableye|153\/304
|-hitcount|p2a: Sableye|5
|
|-heal|p2a: Sableye|172\/304|[from] item: Leftovers
|-damage|p1a: Heracross|0 fnt|[from] brn
|faint|p1a: Heracross
|
|switch|p1a: Nano malefico|Jirachi|248\/404
|-damage|p1a: Nano malefico|223\/404|[from] Stealth Rock
|turn|30
|
|move|p2a: Sableye|Will-O-Wisp|p1a: Nano malefico
|-status|p1a: Nano malefico|brn
|move|p1a: Nano malefico|Body Slam|p2a: Sableye
|-immune|p2a: Sableye|[msg]
|
|-heal|p1a: Nano malefico|248\/404 brn|[from] item: Leftovers
|-heal|p2a: Sableye|191\/304|[from] item: Leftovers
|-damage|p1a: Nano malefico|198\/404 brn|[from] brn
|turn|31
|
|move|p2a: Sableye|Recover|p2a: Sableye
|-heal|p2a: Sableye|304\/304
|move|p1a: Nano malefico|Iron Head|p2a: Sableye
|-damage|p2a: Sableye|259\/304
|
|-heal|p1a: Nano malefico|223\/404 brn|[from] item: Leftovers
|-heal|p2a: Sableye|278\/304|[from] item: Leftovers
|-damage|p1a: Nano malefico|173\/404 brn|[from] brn
|turn|32
|
|switch|p1a: Wrongtoad|Poliwrath, M|384\/384
|-damage|p1a: Wrongtoad|360\/384|[from] Stealth Rock
|move|p2a: Sableye|Snarl|p1a: Wrongtoad
|-resisted|p1a: Wrongtoad
|-damage|p1a: Wrongtoad|334\/384
|-unboost|p1a: Wrongtoad|spa|1
|
|-heal|p1a: Wrongtoad|358\/384|[from] item: Leftovers
|-heal|p2a: Sableye|297\/304|[from] item: Leftovers
|turn|33
|
|move|p2a: Sableye|Will-O-Wisp|p1a: Wrongtoad
|-status|p1a: Wrongtoad|brn
|move|p1a: Wrongtoad|Scald|p2a: Sableye
|-damage|p2a: Sableye|245\/304
|
|-heal|p1a: Wrongtoad|382\/384 brn|[from] item: Leftovers
|-heal|p2a: Sableye|264\/304|[from] item: Leftovers
|-damage|p1a: Wrongtoad|334\/384 brn|[from] brn
|turn|34
|
|move|p1a: Wrongtoad|Scald|p2a: Sableye
|-damage|p2a: Sableye|203\/304
|-status|p2a: Sableye|brn
|move|p2a: Sableye|Snarl|p1a: Wrongtoad
|-resisted|p1a: Wrongtoad
|-damage|p1a: Wrongtoad|308\/384 brn
|-unboost|p1a: Wrongtoad|spa|1
|
|-heal|p1a: Wrongtoad|332\/384 brn|[from] item: Leftovers
|-heal|p2a: Sableye|222\/304 brn|[from] item: Leftovers
|-damage|p1a: Wrongtoad|284\/384 brn|[from] brn
|-damage|p2a: Sableye|184\/304 brn|[from] brn
|turn|35
|
|move|p2a: Sableye|Will-O-Wisp|p1a: Wrongtoad
|-fail|p1a: Wrongtoad|brn
|move|p1a: Wrongtoad|Scald|p2a: Sableye
|-damage|p2a: Sableye|138\/304 brn
|
|-heal|p1a: Wrongtoad|308\/384 brn|[from] item: Leftovers
|-heal|p2a: Sableye|157\/304 brn|[from] item: Leftovers
|-damage|p1a: Wrongtoad|260\/384 brn|[from] brn
|-damage|p2a: Sableye|119\/304 brn|[from] brn
|turn|36
|
|move|p2a: Sableye|Recover|p2a: Sableye
|-heal|p2a: Sableye|271\/304 brn
|move|p1a: Wrongtoad|Scald|p2a: Sableye
|-damage|p2a: Sableye|226\/304 brn
|
|-heal|p1a: Wrongtoad|284\/384 brn|[from] item: Leftovers
|-heal|p2a: Sableye|245\/304 brn|[from] item: Leftovers
|-damage|p1a: Wrongtoad|236\/384 brn|[from] brn
|-damage|p2a: Sableye|207\/304 brn|[from] brn
|turn|37
|
|move|p2a: Sableye|Recover|p2a: Sableye
|-heal|p2a: Sableye|304\/304 brn
|move|p1a: Wrongtoad|Scald|p2a: Sableye
|-damage|p2a: Sableye|264\/304 brn
|
|-heal|p1a: Wrongtoad|260\/384 brn|[from] item: Leftovers
|-heal|p2a: Sableye|283\/304 brn|[from] item: Leftovers
|-damage|p1a: Wrongtoad|212\/384 brn|[from] brn
|-damage|p2a: Sableye|245\/304 brn|[from] brn
|turn|38
|
|move|p1a: Wrongtoad|Rest|p1a: Wrongtoad
|-status|p1a: Wrongtoad|slp
|-heal|p1a: Wrongtoad|384\/384 slp|[silent]
|-status|p1a: Wrongtoad|slp|[from] move: Rest
|move|p2a: Sableye|Snarl|p1a: Wrongtoad
|-crit|p1a: Wrongtoad
|-resisted|p1a: Wrongtoad
|-damage|p1a: Wrongtoad|344\/384 slp
|-unboost|p1a: Wrongtoad|spa|1
|
|-heal|p1a: Wrongtoad|368\/384 slp|[from] item: Leftovers
|-heal|p2a: Sableye|264\/304 brn|[from] item: Leftovers
|-damage|p2a: Sableye|226\/304 brn|[from] brn
|turn|39
|
|move|p2a: Sableye|Taunt|p1a: Wrongtoad
|-start|p1a: Wrongtoad|move: Taunt
|cant|p1a: Wrongtoad|slp
|cant|p1a: Wrongtoad|move: Taunt|Sleep Talk
|
|-heal|p1a: Wrongtoad|384\/384 slp|[from] item: Leftovers
|-heal|p2a: Sableye|245\/304 brn|[from] item: Leftovers
|-damage|p2a: Sableye|207\/304 brn|[from] brn
|turn|40
|
|switch|p2a: Honchkrow|Honchkrow, F|192\/342
|-damage|p2a: Honchkrow|107\/342|[from] Stealth Rock
|cant|p1a: Wrongtoad|slp
|
|turn|41
|
|switch|p1a: Nano malefico|Jirachi|173\/404 brn
|-damage|p1a: Nano malefico|148\/404 brn|[from] Stealth Rock
|move|p2a: Honchkrow|Brave Bird|p1a: Nano malefico
|-resisted|p1a: Nano malefico
|-damage|p1a: Nano malefico|48\/404 brn
|-damage|p2a: Honchkrow|74\/342|[from] recoil|[of] p1a: Nano malefico
|-heal|p2a: Honchkrow|86\/342|[from] item: Shell Bell|[of] p1a: Nano malefico
|
|-heal|p1a: Nano malefico|73\/404 brn|[from] item: Leftovers
|-damage|p1a: Nano malefico|23\/404 brn|[from] brn
|turn|42
|
|move|p2a: Honchkrow|Sucker Punch|p1a: Nano malefico
|-supereffective|p1a: Nano malefico
|-damage|p1a: Nano malefico|0 fnt
|-heal|p2a: Honchkrow|88\/342|[from] item: Shell Bell|[of] p1a: Nano malefico
|faint|p1a: Nano malefico
|-boost|p2a: Honchkrow|atk|1|[from] ability: Moxie
|
|
|switch|p1a: Azumarill|Azumarill, M|260\/401
|-damage|p1a: Azumarill|210\/401|[from] Stealth Rock
|turn|43
|
|move|p2a: Honchkrow|Sucker Punch|p1a: Azumarill
|-resisted|p1a: Azumarill
|-damage|p1a: Azumarill|94\/401
|-heal|p2a: Honchkrow|102\/342|[from] item: Shell Bell|[of] p1a: Azumarill
|move|p1a: Azumarill|Aqua Jet|p2a: Honchkrow
|-damage|p2a: Honchkrow|0 fnt
|faint|p2a: Honchkrow
|
|
|switch|p2a: Bisharp|Bisharp, M|272\/272
|-damage|p2a: Bisharp|255\/272|[from] Stealth Rock
|turn|44
|
|move|p1a: Azumarill|Aqua Jet|p2a: Bisharp
|-damage|p2a: Bisharp|173\/272
|move|p2a: Bisharp|Knock Off|p1a: Azumarill
|-resisted|p1a: Azumarill
|-damage|p1a: Azumarill|0 fnt
|-enditem|p1a: Azumarill|Assault Vest|[from] move: Knock Off|[of] p2a: Bisharp
|faint|p1a: Azumarill
|
|
|switch|p1a: Wrongtoad|Poliwrath, M|384\/384 slp
|-damage|p1a: Wrongtoad|360\/384 slp|[from] Stealth Rock
|turn|45
|
|move|p2a: Bisharp|Swords Dance|p2a: Bisharp
|-boost|p2a: Bisharp|atk|2
|-curestatus|p1a: Wrongtoad|slp
|move|p1a: Wrongtoad|Circle Throw|p2a: Bisharp
|-supereffective|p2a: Bisharp
|-damage|p2a: Bisharp|0 fnt
|faint|p2a: Bisharp
|
|-heal|p1a: Wrongtoad|384\/384|[from] item: Leftovers
|
|switch|p2a: Sableye|Sableye, M|207\/304 brn
|-damage|p2a: Sableye|169\/304 brn|[from] Stealth Rock
|turn|46
|
|move|p2a: Sableye|Will-O-Wisp|p1a: Wrongtoad
|-status|p1a: Wrongtoad|brn
|move|p1a: Wrongtoad|Scald|p2a: Sableye
|-damage|p2a: Sableye|79\/304 brn
|
|-heal|p2a: Sableye|98\/304 brn|[from] item: Leftovers
|-damage|p1a: Wrongtoad|336\/384 brn|[from] brn
|-damage|p2a: Sableye|60\/304 brn|[from] brn
|turn|47
|
|move|p2a: Sableye|Recover|p2a: Sableye
|-heal|p2a: Sableye|212\/304 brn
|move|p1a: Wrongtoad|Rest|p1a: Wrongtoad
|-status|p1a: Wrongtoad|slp
|-heal|p1a: Wrongtoad|384\/384 slp|[silent]
|-status|p1a: Wrongtoad|slp|[from] move: Rest
|
|-heal|p2a: Sableye|231\/304 brn|[from] item: Leftovers
|-damage|p2a: Sableye|193\/304 brn|[from] brn
|turn|48
|
|move|p2a: Sableye|Taunt|p1a: Wrongtoad
|-start|p1a: Wrongtoad|move: Taunt
|cant|p1a: Wrongtoad|slp
|cant|p1a: Wrongtoad|move: Taunt|Sleep Talk
|
|-heal|p2a: Sableye|212\/304 brn|[from] item: Leftovers
|-damage|p2a: Sableye|174\/304 brn|[from] brn
|turn|49
|
|switch|p2a: Sharpedo|Sharpedo-Mega, M|247\/282
|-damage|p2a: Sharpedo|212\/282|[from] Stealth Rock
|cant|p1a: Wrongtoad|slp
|
|turn|50
|
|move|p2a: Sharpedo|Crunch|p1a: Wrongtoad
|-resisted|p1a: Wrongtoad
|-damage|p1a: Wrongtoad|293\/384 slp
|-curestatus|p1a: Wrongtoad|slp
|move|p1a: Wrongtoad|Circle Throw|p2a: Sharpedo
|-supereffective|p2a: Sharpedo
|-damage|p2a: Sharpedo|14\/282
|drag|p2a: Sableye|Sableye, M|174\/304 brn
|-damage|p2a: Sableye|136\/304 brn|[from] Stealth Rock
|
|-heal|p1a: Wrongtoad|317\/384|[from] item: Leftovers
|-heal|p2a: Sableye|155\/304 brn|[from] item: Leftovers
|-damage|p2a: Sableye|117\/304 brn|[from] brn
|-end|p1a: Wrongtoad|move: Taunt
|turn|51
|-message|Nyks forfeited.
|
|win|alb_prova
|raw|Ladder updating...
|raw|alb_prova's rating: 1198 &rarr; <strong>1226<\/strong><br \/>(+28 for winning)
|raw|Nyks's rating: 1240 &rarr; <strong>1212<\/strong><br \/>(-28 for losing)
|leave|Nyks
|player|p2