|join|alb_prova
|join|Bluwing
|player|p1|alb_prova|210
|player|p2|Bluwing|99
|gametype|singles
|gen|6
|tier|ORAS OU
|rated
|rule|Sleep Clause Mod: Limit one foe put to sleep
|rule|Species Clause: Limit one of each PokÃ©mon
|rule|OHKO Clause: OHKO moves are banned
|rule|Moody Clause: Moody is banned
|rule|Evasion Moves Clause: Evasion moves are banned
|rule|Endless Battle Clause: Forcing endless battles is banned
|rule|HP Percentage Mod: HP is shown in percentages
|clearpoke
|poke|p1|Jirachi
|poke|p1|Azumarill, M
|poke|p1|Poliwrath, M
|poke|p1|Heracross, M
|poke|p1|Raikou
|poke|p1|Avalugg, F
|poke|p2|Garchomp, M
|poke|p2|Gallade, M
|poke|p2|Greninja, M
|poke|p2|Latios, M
|poke|p2|Bisharp, F
|poke|p2|Azumarill, M
|rule|Swagger Clause: Swagger is banned
|rule|Baton Pass Clause: Limit one PokÃ©mon knowing Baton Pass
|teampreview
|
|start
|switch|p1a: Piroetta|Avalugg, F|394\/394
|switch|p2a: Garchomp|Garchomp, M|358\/358
|turn|1
|
|switch|p1a: Heracross|Heracross, M|308\/308
|move|p2a: Garchomp|Stealth Rock|p1a: Heracross
|-sidestart|p1: alb_prova|move: Stealth Rock
|
|turn|2
|
|switch|p1a: Piroetta|Avalugg, F|394\/394
|-damage|p1a: Piroetta|296\/394|[from] Stealth Rock
|move|p2a: Garchomp|Swords Dance|p2a: Garchomp
|-boost|p2a: Garchomp|atk|2
|
|-heal|p1a: Piroetta|320\/394|[from] item: Leftovers
|turn|3
|
|move|p2a: Garchomp|Earthquake|p1a: Piroetta
|-damage|p1a: Piroetta|119\/394
|move|p1a: Piroetta|Avalanche|p2a: Garchomp
|-supereffective|p2a: Garchomp
|-damage|p2a: Garchomp|0 fnt
|-damage|p1a: Piroetta|70\/394|[from] ability: Rough Skin|[of] p2a: Garchomp
|faint|p2a: Garchomp
|
|-heal|p1a: Piroetta|94\/394|[from] item: Leftovers
|
|switch|p2a: Gallade|Gallade, M|277\/277
|turn|4
|
|detailschange|p2a: Gallade|Gallade-Mega, M
|message|Gallade has Mega Evolved into Mega Gallade!
|move|p2a: Gallade|Close Combat|p1a: Piroetta
|-supereffective|p1a: Piroetta
|-damage|p1a: Piroetta|0 fnt
|-unboost|p2a: Gallade|def|1
|-unboost|p2a: Gallade|spd|1
|faint|p1a: Piroetta
|
|
|switch|p1a: Nano malefico|Jirachi|404\/404
|-damage|p1a: Nano malefico|379\/404|[from] Stealth Rock
|turn|5
|
|switch|p2a: Bisharp|Bisharp, F|272\/272
|move|p1a: Nano malefico|Stealth Rock|p2a: Bisharp
|-sidestart|p2: Bluwing|move: Stealth Rock
|
|-heal|p1a: Nano malefico|404\/404|[from] item: Leftovers
|turn|6
|
|switch|p1a: Wrongtoad|Poliwrath, M|384\/384
|-damage|p1a: Wrongtoad|360\/384|[from] Stealth Rock
|move|p2a: Bisharp|Iron Head|p1a: Wrongtoad
|-resisted|p1a: Wrongtoad
|-damage|p1a: Wrongtoad|287\/384
|-damage|p2a: Bisharp|245\/272|[from] item: Life Orb
|
|-heal|p1a: Wrongtoad|311\/384|[from] item: Leftovers
|turn|7
|
|switch|p2a: Azumarill|Azumarill, M|379\/379
|-damage|p2a: Azumarill|332\/379|[from] Stealth Rock
|move|p1a: Wrongtoad|Circle Throw|p2a: Azumarill
|-resisted|p2a: Azumarill
|-damage|p2a: Azumarill|293\/379
|drag|p2a: Bisharp|Bisharp, F|245\/272
|-damage|p2a: Bisharp|228\/272|[from] Stealth Rock
|
|-heal|p1a: Wrongtoad|335\/384|[from] item: Leftovers
|turn|8
|
|switch|p2a: Gallade|Gallade-Mega, M|277\/277
|-damage|p2a: Gallade|260\/277|[from] Stealth Rock
|move|p1a: Wrongtoad|Circle Throw|p2a: Gallade
|-resisted|p2a: Gallade
|-damage|p2a: Gallade|227\/277
|drag|p2a: Greninja|Greninja, M|285\/285
|-damage|p2a: Greninja|250\/285|[from] Stealth Rock
|
|-heal|p1a: Wrongtoad|359\/384|[from] item: Leftovers
|turn|9
|
|move|p2a: Greninja|Gunk Shot|p1a: Wrongtoad
|-start|p2a: Greninja|typechange|Poison|[from] Protean
|-damage|p1a: Wrongtoad|182\/384
|-damage|p2a: Greninja|222\/285|[from] item: Life Orb
|move|p1a: Wrongtoad|Scald|p2a: Greninja
|-damage|p2a: Greninja|125\/285
|-status|p2a: Greninja|brn
|
|-heal|p1a: Wrongtoad|206\/384|[from] item: Leftovers
|-damage|p2a: Greninja|90\/285 brn|[from] brn
|turn|10
|c|âBluwing|nice ur good
|
|move|p2a: Greninja|Spikes|p1a: Wrongtoad
|-start|p2a: Greninja|typechange|Ground|[from] Protean
|-sidestart|p1: alb_prova|Spikes
|move|p1a: Wrongtoad|Rest|p1a: Wrongtoad
|-status|p1a: Wrongtoad|slp
|-heal|p1a: Wrongtoad|384\/384 slp|[silent]
|-status|p1a: Wrongtoad|slp|[from] move: Rest
|
|-damage|p2a: Greninja|55\/285 brn|[from] brn
|turn|11
|
|move|p2a: Greninja|Spikes|p1a: Wrongtoad
|-sidestart|p1: alb_prova|Spikes
|cant|p1a: Wrongtoad|slp
|move|p1a: Wrongtoad|Sleep Talk|p1a: Wrongtoad
|move|p1a: Wrongtoad|Scald|p2a: Greninja|[from]Sleep Talk
|-supereffective|p2a: Greninja
|-damage|p2a: Greninja|0 fnt
|faint|p2a: Greninja
|
|c|âalb_prova|not so good man
|
|switch|p2a: Gallade|Gallade-Mega, M|227\/277
|-damage|p2a: Gallade|210\/277|[from] Stealth Rock
|turn|12
|
|move|p2a: Gallade|Zen Headbutt|p1a: Wrongtoad
|-supereffective|p1a: Wrongtoad
|-damage|p1a: Wrongtoad|144\/384 slp
|cant|p1a: Wrongtoad|slp
|move|p1a: Wrongtoad|Sleep Talk|p1a: Wrongtoad
|move|p1a: Wrongtoad|Circle Throw|p2a: Gallade|[from]Sleep Talk
|-resisted|p2a: Gallade
|-damage|p2a: Gallade|173\/277
|drag|p2a: Bisharp|Bisharp, F|228\/272
|-damage|p2a: Bisharp|211\/272|[from] Stealth Rock
|
|-heal|p1a: Wrongtoad|168\/384 slp|[from] item: Leftovers
|turn|13
|c|âalb_prova|i'm lucky
|c|âBluwing|come on
|c|âBluwing|the only mon who can beat u
|
|move|p2a: Bisharp|Knock Off|p1a: Wrongtoad
|-resisted|p1a: Wrongtoad
|-damage|p1a: Wrongtoad|90\/384 slp
|-enditem|p1a: Wrongtoad|Leftovers|[from] move: Knock Off|[of] p2a: Bisharp
|-damage|p2a: Bisharp|184\/272|[from] item: Life Orb
|-curestatus|p1a: Wrongtoad|slp
|move|p1a: Wrongtoad|Circle Throw|p2a: Bisharp
|-supereffective|p2a: Bisharp
|-damage|p2a: Bisharp|0 fnt
|faint|p2a: Bisharp
|
|
|switch|p2a: Gallade|Gallade-Mega, M|173\/277
|-damage|p2a: Gallade|156\/277|[from] Stealth Rock
|turn|14
|
|move|p2a: Gallade|Zen Headbutt|p1a: Wrongtoad
|-supereffective|p1a: Wrongtoad
|-damage|p1a: Wrongtoad|0 fnt
|faint|p1a: Wrongtoad
|
|
|switch|p1a: Raikou|Raikou|321\/321
|-damage|p1a: Raikou|281\/321|[from] Stealth Rock
|-damage|p1a: Raikou|228\/321|[from] Spikes
|-ability|p1a: Raikou|Pressure
|turn|15
|
|switch|p2a: Latios|Latios, M|301\/301
|-damage|p2a: Latios|264\/301|[from] Stealth Rock
|move|p1a: Raikou|Thunderbolt|p2a: Latios
|-resisted|p2a: Latios
|-damage|p2a: Latios|201\/301
|
|turn|16
|c|âalb_prova|are you a tour player?
|
|switch|p1a: Nano malefico|Jirachi|404\/404
|-damage|p1a: Nano malefico|379\/404|[from] Stealth Rock
|-damage|p1a: Nano malefico|312\/404|[from] Spikes
|move|p2a: Latios|Thunderbolt|p1a: Nano malefico
|-crit|p1a: Nano malefico
|-damage|p1a: Nano malefico|190\/404
|
|-heal|p1a: Nano malefico|215\/404|[from] item: Leftovers
|turn|17
|
|switch|p2a: Azumarill|Azumarill, M|293\/379
|-damage|p2a: Azumarill|246\/379|[from] Stealth Rock
|move|p1a: Nano malefico|Body Slam|p2a: Azumarill
|-damage|p2a: Azumarill|166\/379
|-status|p2a: Azumarill|par
|
|-heal|p1a: Nano malefico|240\/404|[from] item: Leftovers
|turn|18
|c|âBluwing|ur such an lucky player lol
|
|move|p2a: Azumarill|Aqua Jet|p1a: Nano malefico
|-damage|p1a: Nano malefico|150\/404
|move|p1a: Nano malefico|Iron Head|p2a: Azumarill
|-damage|p2a: Azumarill|48\/379 par
|
|-heal|p1a: Nano malefico|175\/404|[from] item: Leftovers
|turn|19
|c|âalb_prova|oh paralysis with jirachi is coommon :)
|
|move|p1a: Nano malefico|Body Slam|p2a: Azumarill
|-damage|p2a: Azumarill|0 fnt
|faint|p2a: Azumarill
|
|-heal|p1a: Nano malefico|200\/404|[from] item: Leftovers
|
|switch|p2a: Gallade|Gallade-Mega, M|156\/277
|-damage|p2a: Gallade|139\/277|[from] Stealth Rock
|turn|20
|
|switch|p1a: Heracross|Heracross, M|308\/308
|-damage|p1a: Heracross|270\/308|[from] Stealth Rock
|-damage|p1a: Heracross|219\/308|[from] Spikes
|move|p2a: Gallade|Knock Off|p1a: Heracross
|-resisted|p1a: Heracross
|-damage|p1a: Heracross|164\/308
|
|turn|21
|
|detailschange|p1a: Heracross|Heracross-Mega, M
|message|Heracross has Mega Evolved into Mega Heracross!
|move|p2a: Gallade|Zen Headbutt|p1a: Heracross
|-supereffective|p1a: Heracross
|-damage|p1a: Heracross|0 fnt
|faint|p1a: Heracross
|
|
|switch|p1a: Azumarill|Azumarill, M|401\/401
|-damage|p1a: Azumarill|351\/401|[from] Stealth Rock
|-damage|p1a: Azumarill|285\/401|[from] Spikes
|turn|22
|
|move|p1a: Azumarill|Aqua Jet|p2a: Gallade
|-damage|p2a: Gallade|55\/277
|move|p2a: Gallade|Zen Headbutt|p1a: Azumarill
|-damage|p1a: Azumarill|75\/401
|
|turn|23
|
|switch|p2a: Latios|Latios, M|201\/301
|-damage|p2a: Latios|164\/301|[from] Stealth Rock
|move|p1a: Azumarill|Aqua Jet|p2a: Latios
|-resisted|p2a: Latios
|-damage|p2a: Latios|111\/301
|
|turn|24
|
|move|p2a: Latios|Thunderbolt|p1a: Azumarill
|-supereffective|p1a: Azumarill
|-damage|p1a: Azumarill|0 fnt
|faint|p1a: Azumarill
|
|
|switch|p1a: Raikou|Raikou|228\/321
|-damage|p1a: Raikou|175\/321|[from] Spikes
|-damage|p1a: Raikou|135\/321|[from] Stealth Rock
|-ability|p1a: Raikou|Pressure
|turn|25
|
|switch|p2a: Gallade|Gallade-Mega, M|55\/277
|-damage|p2a: Gallade|38\/277|[from] Stealth Rock
|move|p1a: Raikou|Hidden Power|p2a: Gallade
|-damage|p2a: Gallade|0 fnt
|faint|p2a: Gallade
|
|
|switch|p2a: Latios|Latios, M|111\/301
|-damage|p2a: Latios|74\/301|[from] Stealth Rock
|turn|26
|
|move|p2a: Latios|Psyshock|p1a: Raikou
|-damage|p1a: Raikou|0 fnt
|faint|p1a: Raikou
|
|
|switch|p1a: Nano malefico|Jirachi|200\/404
|-damage|p1a: Nano malefico|133\/404|[from] Spikes
|-damage|p1a: Nano malefico|108\/404|[from] Stealth Rock
|turn|27
|c|âalb_prova|sacrf latios 
|c|âalb_prova|is good 
|c|âBluwing|yeah gg
|c|âalb_prova|gg
|c|âBluwing|this game was rly unfortunate for me
|c|âBluwing|but shit happens
|
|move|p2a: Latios|Psyshock|p1a: Nano malefico
|-resisted|p1a: Nano malefico
|-damage|p1a: Nano malefico|74\/404
|move|p1a: Nano malefico|Iron Head|p2a: Latios
|-damage|p2a: Latios|0 fnt
|faint|p2a: Latios
|
|win|alb_prova
|raw|Ladder updating...
|raw|alb_prova's rating: 1152 &rarr; <strong>1178<\/strong><br \/>(+26 for winning)
|raw|Bluwing's rating: 1170 &rarr; <strong>1144<\/strong><br \/>(-26 for losing)
|leave|Bluwing
|player|p2