|join|alb_prova
|join|Aka DH
|player|p1|alb_prova|210
|player|p2|Aka DH|266
|gametype|singles
|gen|6
|tier|ORAS OU
|rule|Sleep Clause Mod: Limit one foe put to sleep
|rule|Species Clause: Limit one of each PokÃ©mon
|rule|OHKO Clause: OHKO moves are banned
|rule|Moody Clause: Moody is banned
|rule|Evasion Moves Clause: Evasion moves are banned
|rule|Endless Battle Clause: Forcing endless battles is banned
|rule|HP Percentage Mod: HP is shown in percentages
|clearpoke
|poke|p1|Azumarill, M
|poke|p1|Poliwrath, F
|poke|p1|Heracross, F
|poke|p1|Latias, F
|poke|p1|Jirachi
|poke|p1|Heatran, M
|poke|p2|Bisharp, M
|poke|p2|Venusaur, F
|poke|p2|Heatran, M
|poke|p2|Keldeo
|poke|p2|Chansey, F
|poke|p2|Skarmory, F
|rule|Swagger Clause: Swagger is banned
|rule|Baton Pass Clause: Limit one PokÃ©mon knowing Baton Pass
|teampreview
|join|WaltrWite
|join|Specs Fake-Out
|join|loserbaby
|join|uCan'tSeeMe
|c|âalb_prova|gl hf
|join|TaleOfTwoTitties
|c| uCan'tSeeMe|go bloody!
|c|âAka DH|gl
|join|zskjag
|
|start
|switch|p1a: Heatran|Heatran, M|386\/386
|switch|p2a: Heatran|Heatran, M|340\/340
|-item|p2a: Heatran|Air Balloon
|turn|1
|join|808 & Heartbreak
|join|ary the meme
|
|switch|p1a: Wrongtoad|Poliwrath, F|384\/384
|move|p2a: Heatran|Stealth Rock|p1a: Wrongtoad
|-sidestart|p1: alb_prova|move: Stealth Rock
|
|turn|2
|join|ForWeLiveToTest
|leave|WaltrWite
|
|switch|p2a: Venusaur|Venusaur, F|364\/364
|move|p1a: Wrongtoad|Circle Throw|p2a: Venusaur
|-resisted|p2a: Venusaur
|-damage|p2a: Venusaur|337\/364
|drag|p2a: Chansey|Chansey, F|684\/684
|
|turn|3
|
|switch|p2a: Venusaur|Venusaur, F|337\/364
|move|p1a: Wrongtoad|Circle Throw|p2a: Venusaur
|-crit|p2a: Venusaur
|-resisted|p2a: Venusaur
|-damage|p2a: Venusaur|295\/364
|drag|p2a: Bisharp|Bisharp, M|334\/334
|
|turn|4
|join|Henry
|join|Tarp96
|join|Nothin But A Kid
|c| Henry|**memes**
|
|switch|p2a: Venusaur|Venusaur, F|295\/364
|move|p1a: Wrongtoad|Circle Throw|p2a: Venusaur
|-resisted|p2a: Venusaur
|-damage|p2a: Venusaur|266\/364
|drag|p2a: Skarmory|Skarmory, F|334\/334
|
|turn|5
|join|C0mplex
|join|3ntin
|c| Nothin But A Kid|my sides...
|c| ary the meme|u ok
|
|switch|p1a: Heatran|Heatran, M|386\/386
|-damage|p1a: Heatran|338\/386|[from] Stealth Rock
|move|p2a: Skarmory|Spikes|p1a: Heatran
|-sidestart|p1: alb_prova|Spikes
|
|-heal|p1a: Heatran|362\/386|[from] item: Leftovers
|turn|6
|
|switch|p2a: Heatran|Heatran, M|340\/340
|-item|p2a: Heatran|Air Balloon
|move|p1a: Heatran|Magma Storm|p2a: Heatran
|-start|p2a: Heatran|ability: Flash Fire
|
|-heal|p1a: Heatran|386\/386|[from] item: Leftovers
|turn|7
|
|switch|p1a: Latias|Latias, F|302\/302
|-damage|p1a: Latias|265\/302|[from] Stealth Rock
|move|p2a: Heatran|Toxic|p1a: Latias|[miss]
|-miss|p2a: Heatran|p1a: Latias
|
|turn|8
|
|move|p1a: Latias|Defog|p2a: Heatran
|-unboost|p2a: Heatran|evasion|1
|-sideend|p1: alb_prova|Spikes|[from] move: Defog|[of] p1a: Latias
|-sideend|p1: alb_prova|Stealth Rock|[from] move: Defog|[of] p1a: Latias
|move|p2a: Heatran|Toxic|p1a: Latias
|-status|p1a: Latias|tox
|
|-damage|p1a: Latias|247\/302 tox|[from] psn
|turn|9
|
|switch|p1a: Azumarill|Azumarill, M|401\/401
|move|p2a: Heatran|Stealth Rock|p1a: Azumarill
|-sidestart|p1: alb_prova|move: Stealth Rock
|
|turn|10
|leave|Nothin But A Kid
|
|switch|p2a: Venusaur|Venusaur, F|266\/364
|switch|p1a: Heracross|Heracross, F|308\/308
|-damage|p1a: Heracross|270\/308|[from] Stealth Rock
|
|turn|11
|join|top unbanned
|
|switch|p2a: Skarmory|Skarmory, F|334\/334
|detailschange|p1a: Heracross|Heracross-Mega, F
|message|Heracross has Mega Evolved into Mega Heracross!
|move|p1a: Heracross|Pin Missile|p2a: Skarmory
|-resisted|p2a: Skarmory
|-damage|p2a: Skarmory|325\/334
|-resisted|p2a: Skarmory
|-damage|p2a: Skarmory|316\/334
|-resisted|p2a: Skarmory
|-damage|p2a: Skarmory|307\/334
|-resisted|p2a: Skarmory
|-damage|p2a: Skarmory|298\/334
|-resisted|p2a: Skarmory
|-damage|p2a: Skarmory|289\/334
|-hitcount|p2a: Skarmory|5
|
|turn|12
|
|switch|p1a: Heatran|Heatran, M|386\/386
|-damage|p1a: Heatran|338\/386|[from] Stealth Rock
|move|p2a: Skarmory|Whirlwind|p1a: Heatran
|drag|p1a: Jirachi|Jirachi|404\/404
|-damage|p1a: Jirachi|379\/404|[from] Stealth Rock
|
|-heal|p1a: Jirachi|404\/404|[from] item: Leftovers
|turn|13
|join|Slackin'
|
|move|p1a: Jirachi|Wish|p1a: Jirachi
|move|p2a: Skarmory|Spikes|p1a: Jirachi
|-sidestart|p1: alb_prova|Spikes
|
|turn|14
|leave|808 & Heartbreak
|leave|Tarp96
|join|Lolprinze
|
|move|p1a: Jirachi|Fire Punch|p2a: Skarmory
|-supereffective|p2a: Skarmory
|-damage|p2a: Skarmory|215\/334
|-damage|p1a: Jirachi|337\/404|[from] item: Rocky Helmet|[of] p2a: Skarmory
|move|p2a: Skarmory|Whirlwind|p1a: Jirachi
|drag|p1a: Azumarill|Azumarill, M|401\/401
|-damage|p1a: Azumarill|351\/401|[from] Stealth Rock
|-damage|p1a: Azumarill|301\/401|[from] Spikes
|
|-heal|p1a: Azumarill|401\/401|[from] move: Wish|[wisher] Jirachi
|turn|15
|join|tesung
|join|Dallaren
|
|switch|p1a: Latias|Latias, F|247\/302 tox
|-damage|p1a: Latias|210\/302 tox|[from] Stealth Rock
|move|p2a: Skarmory|Whirlwind|p1a: Latias
|drag|p1a: Heatran|Heatran, M|338\/386
|-damage|p1a: Heatran|290\/386|[from] Spikes
|-damage|p1a: Heatran|242\/386|[from] Stealth Rock
|
|-heal|p1a: Heatran|266\/386|[from] item: Leftovers
|turn|16
|c| Lolprinze|i believe in the DH 
|join|Montsegur
|join|Prankster
|
|switch|p2a: Heatran|Heatran, M|340\/340
|-item|p2a: Heatran|Air Balloon
|move|p1a: Heatran|Stealth Rock|p2a: Heatran
|-sidestart|p2: Aka DH|move: Stealth Rock
|
|-heal|p1a: Heatran|290\/386|[from] item: Leftovers
|turn|17
|join|Cienight
|
|move|p2a: Heatran|Taunt|p1a: Heatran
|-start|p1a: Heatran|move: Taunt
|cant|p1a: Heatran|move: Taunt|Taunt
|
|-heal|p1a: Heatran|314\/386|[from] item: Leftovers
|turn|18
|
|switch|p1a: Wrongtoad|Poliwrath, F|384\/384
|-damage|p1a: Wrongtoad|336\/384|[from] Spikes
|-damage|p1a: Wrongtoad|312\/384|[from] Stealth Rock
|move|p2a: Heatran|Toxic|p1a: Wrongtoad
|-status|p1a: Wrongtoad|tox
|
|-heal|p1a: Wrongtoad|336\/384 tox|[from] item: Leftovers
|-damage|p1a: Wrongtoad|312\/384 tox|[from] psn
|turn|19
|
|switch|p2a: Venusaur|Venusaur, F|266\/364
|-damage|p2a: Venusaur|221\/364|[from] Stealth Rock
|move|p1a: Wrongtoad|Circle Throw|p2a: Venusaur
|-resisted|p2a: Venusaur
|-damage|p2a: Venusaur|194\/364
|drag|p2a: Keldeo|Keldeo|323\/323
|-damage|p2a: Keldeo|303\/323|[from] Stealth Rock
|
|-heal|p2a: Keldeo|323\/323|[from] item: Leftovers
|-heal|p1a: Wrongtoad|336\/384 tox|[from] item: Leftovers
|-damage|p1a: Wrongtoad|288\/384 tox|[from] psn
|turn|20
|
|move|p2a: Keldeo|Scald|p1a: Wrongtoad
|-heal|p1a: Wrongtoad|384\/384 tox|[from] ability: Water Absorb|[of] p2a: Keldeo
|move|p1a: Wrongtoad|Rest|p1a: Wrongtoad
|-fail|p1a: Wrongtoad
|
|-damage|p1a: Wrongtoad|312\/384 tox|[from] psn
|turn|21
|leave|Cienight
|c|âalb_prova|nice man
|c| ary the meme|??
|
|move|p2a: Keldeo|Calm Mind|p2a: Keldeo
|-boost|p2a: Keldeo|spa|1
|-boost|p2a: Keldeo|spd|1
|move|p1a: Wrongtoad|Circle Throw|p2a: Keldeo|[miss]
|-miss|p1a: Wrongtoad|p2a: Keldeo
|
|-heal|p1a: Wrongtoad|336\/384 tox|[from] item: Leftovers
|-damage|p1a: Wrongtoad|240\/384 tox|[from] psn
|turn|22
|
|move|p2a: Keldeo|Secret Sword|p1a: Wrongtoad
|-damage|p1a: Wrongtoad|84\/384 tox
|move|p1a: Wrongtoad|Circle Throw|p2a: Keldeo
|-damage|p2a: Keldeo|254\/323
|drag|p2a: Skarmory|Skarmory, F|215\/334
|-damage|p2a: Skarmory|174\/334|[from] Stealth Rock
|
|-heal|p1a: Wrongtoad|108\/384 tox|[from] item: Leftovers
|-damage|p1a: Wrongtoad|0 fnt|[from] psn
|faint|p1a: Wrongtoad
|leave|JEFO
|join|Gradeus
|
|switch|p1a: Latias|Latias, F|210\/302 tox
|-damage|p1a: Latias|173\/302 tox|[from] Stealth Rock
|turn|23
|
|move|p1a: Latias|Draco Meteor|p2a: Skarmory
|-resisted|p2a: Skarmory
|-damage|p2a: Skarmory|18\/334
|-unboost|p1a: Latias|spa|2
|-damage|p1a: Latias|143\/302 tox|[from] item: Life Orb
|move|p2a: Skarmory|Roost|p2a: Skarmory
|-heal|p2a: Skarmory|185\/334
|
|-damage|p1a: Latias|125\/302 tox|[from] psn
|turn|24
|
|move|p1a: Latias|Defog|p2a: Skarmory
|-unboost|p2a: Skarmory|evasion|1
|-sideend|p2: Aka DH|Stealth Rock|[from] move: Defog|[of] p2a: Skarmory
|-sideend|p1: alb_prova|Spikes|[from] move: Defog|[of] p1a: Latias
|-sideend|p1: alb_prova|Stealth Rock|[from] move: Defog|[of] p1a: Latias
|move|p2a: Skarmory|Roost|p2a: Skarmory
|-heal|p2a: Skarmory|334\/334
|
|-damage|p1a: Latias|89\/302 tox|[from] psn
|turn|25
|join|Genesis9507
|join|Hitta Hucci
|
|switch|p1a: Heatran|Heatran, M|314\/386
|move|p2a: Skarmory|Spikes|p1a: Heatran
|-sidestart|p1: alb_prova|Spikes
|
|-heal|p1a: Heatran|338\/386|[from] item: Leftovers
|turn|26
|
|switch|p1a: Azumarill|Azumarill, M|401\/401
|-damage|p1a: Azumarill|351\/401|[from] Spikes
|switch|p2a: Heatran|Heatran, M|340\/340
|-item|p2a: Heatran|Air Balloon
|
|turn|27
|join|Shots Are Fired
|
|switch|p2a: Venusaur|Venusaur, F|194\/364
|move|p1a: Azumarill|Knock Off|p2a: Venusaur
|-damage|p2a: Venusaur|112\/364
|
|turn|28
|
|switch|p1a: Latias|Latias, F|89\/302 tox
|detailschange|p2a: Venusaur|Venusaur-Mega, F
|message|Venusaur has Mega Evolved into Mega Venusaur!
|move|p2a: Venusaur|Synthesis|p2a: Venusaur
|-heal|p2a: Venusaur|294\/364
|
|-damage|p1a: Latias|71\/302 tox|[from] psn
|turn|29
|join|Cienight
|
|switch|p2a: Heatran|Heatran, M|340\/340
|-item|p2a: Heatran|Air Balloon
|move|p1a: Latias|Psyshock|p2a: Heatran
|-resisted|p2a: Heatran
|-damage|p2a: Heatran|278\/340
|-enditem|p2a: Heatran|Air Balloon
|-damage|p1a: Latias|41\/302 tox|[from] item: Life Orb
|
|-damage|p1a: Latias|5\/302 tox|[from] psn
|turn|30
|
|move|p1a: Latias|Defog|p2a: Heatran
|-unboost|p2a: Heatran|evasion|1
|-sideend|p1: alb_prova|Spikes|[from] move: Defog|[of] p1a: Latias
|move|p2a: Heatran|Stealth Rock|p1a: Latias
|-sidestart|p1: alb_prova|move: Stealth Rock
|
|-damage|p1a: Latias|0 fnt|[from] psn
|faint|p1a: Latias
|c| uCan'tSeeMe|rekt
|
|switch|p1a: Azumarill|Azumarill, M|351\/401
|-damage|p1a: Azumarill|301\/401|[from] Stealth Rock
|turn|31
|
|switch|p2a: Venusaur|Venusaur-Mega, F|294\/364
|switch|p1a: Heracross|Heracross-Mega, F|270\/308
|-damage|p1a: Heracross|232\/308|[from] Stealth Rock
|
|turn|32
|
|move|p1a: Heracross|Pin Missile|p2a: Venusaur
|-damage|p2a: Venusaur|258\/364
|-damage|p2a: Venusaur|221\/364
|-damage|p2a: Venusaur|187\/364
|-damage|p2a: Venusaur|150\/364
|-damage|p2a: Venusaur|113\/364
|-hitcount|p2a: Venusaur|5
|move|p2a: Venusaur|Leech Seed|p1a: Heracross
|-start|p1a: Heracross|move: Leech Seed
|
|-damage|p1a: Heracross|194\/308|[from] Leech Seed|[of] p2a: Venusaur
|-heal|p2a: Venusaur|151\/364|[silent]
|turn|33
|
|switch|p1a: Jirachi|Jirachi|337\/404
|-damage|p1a: Jirachi|312\/404|[from] Stealth Rock
|switch|p2a: Skarmory|Skarmory, F|334\/334
|
|-heal|p1a: Jirachi|337\/404|[from] item: Leftovers
|turn|34
|join|Abcam
|leave|Cienight
|
|move|p1a: Jirachi|Body Slam|p2a: Skarmory
|-resisted|p2a: Skarmory
|-damage|p2a: Skarmory|312\/334
|-damage|p1a: Jirachi|270\/404|[from] item: Rocky Helmet|[of] p2a: Skarmory
|-status|p2a: Skarmory|par
|move|p2a: Skarmory|Spikes|p1a: Jirachi
|-sidestart|p1: alb_prova|Spikes
|
|-heal|p1a: Jirachi|295\/404|[from] item: Leftovers
|turn|35
|leave|Abcam
|
|switch|p1a: Heatran|Heatran, M|338\/386
|-damage|p1a: Heatran|290\/386|[from] Stealth Rock
|-damage|p1a: Heatran|242\/386|[from] Spikes
|move|p2a: Skarmory|Spikes|p1a: Heatran
|-sidestart|p1: alb_prova|Spikes
|
|-heal|p1a: Heatran|266\/386|[from] item: Leftovers
|turn|36
|
|switch|p2a: Keldeo|Keldeo|254\/323
|move|p1a: Heatran|Stealth Rock|p2a: Keldeo
|-sidestart|p2: Aka DH|move: Stealth Rock
|
|-heal|p2a: Keldeo|274\/323|[from] item: Leftovers
|-heal|p1a: Heatran|290\/386|[from] item: Leftovers
|turn|37
|
|move|p2a: Keldeo|Secret Sword|p1a: Heatran
|-supereffective|p1a: Heatran
|-damage|p1a: Heatran|6\/386
|move|p1a: Heatran|Roar|p2a: Keldeo
|drag|p2a: Bisharp|Bisharp, M|334\/334
|-damage|p2a: Bisharp|314\/334|[from] Stealth Rock
|
|-heal|p1a: Heatran|30\/386|[from] item: Leftovers
|-heal|p2a: Bisharp|334\/334|[from] item: Leftovers
|turn|38
|join|Zagmzp
|join|kbliub
|
|switch|p2a: Chansey|Chansey, F|684\/684
|-damage|p2a: Chansey|599\/684|[from] Stealth Rock
|move|p1a: Heatran|Magma Storm|p2a: Chansey
|-damage|p2a: Chansey|512\/684
|-activate|p2a: Chansey|move: Magma Storm|[of] p1a: Heatran
|
|-heal|p1a: Heatran|54\/386|[from] item: Leftovers
|-damage|p2a: Chansey|427\/684|[from] move: Magma Storm|[partiallytrapped]
|turn|39
|join|BEASTWARRIOR
|
|move|p1a: Heatran|Taunt|p2a: Chansey
|-start|p2a: Chansey|move: Taunt
|move|p2a: Chansey|Seismic Toss|p1a: Heatran
|-damage|p1a: Heatran|0 fnt
|faint|p1a: Heatran
|
|-end|p2a: Chansey|Magma Storm|[partiallytrapped]
|
|switch|p1a: Heracross|Heracross-Mega, F|194\/308
|-damage|p1a: Heracross|156\/308|[from] Stealth Rock
|-damage|p1a: Heracross|105\/308|[from] Spikes
|turn|40
|
|switch|p2a: Skarmory|Skarmory, F|312\/334 par
|-damage|p2a: Skarmory|271\/334 par|[from] Stealth Rock
|move|p1a: Heracross|Close Combat|p2a: Skarmory
|-damage|p2a: Skarmory|94\/334 par
|-damage|p1a: Heracross|54\/308|[from] item: Rocky Helmet|[of] p2a: Skarmory
|-unboost|p1a: Heracross|def|1
|-unboost|p1a: Heracross|spd|1
|
|turn|41
|
|move|p1a: Heracross|Close Combat|p2a: Skarmory
|-damage|p2a: Skarmory|0 fnt
|-damage|p1a: Heracross|3\/308|[from] item: Rocky Helmet|[of] p2a: Skarmory
|-unboost|p1a: Heracross|def|1
|-unboost|p1a: Heracross|spd|1
|faint|p2a: Skarmory
|
|join|Cosine180
|
|switch|p2a: Keldeo|Keldeo|274\/323
|-damage|p2a: Keldeo|254\/323|[from] Stealth Rock
|turn|42
|join|Srn
|
|move|p2a: Keldeo|Scald|p1a: Heracross
|-damage|p1a: Heracross|0 fnt
|faint|p1a: Heracross
|
|-heal|p2a: Keldeo|274\/323|[from] item: Leftovers
|
|switch|p1a: Azumarill|Azumarill, M|301\/401
|-damage|p1a: Azumarill|235\/401|[from] Spikes
|-damage|p1a: Azumarill|185\/401|[from] Stealth Rock
|turn|43
|
|switch|p2a: Venusaur|Venusaur-Mega, F|151\/364
|-damage|p2a: Venusaur|106\/364|[from] Stealth Rock
|switch|p1a: Jirachi|Jirachi|295\/404
|-damage|p1a: Jirachi|270\/404|[from] Stealth Rock
|-damage|p1a: Jirachi|203\/404|[from] Spikes
|
|-heal|p1a: Jirachi|228\/404|[from] item: Leftovers
|turn|44
|join|consecutio
|
|move|p1a: Jirachi|Iron Head|p2a: Venusaur
|-damage|p2a: Venusaur|46\/364
|cant|p2a: Venusaur|flinch
|
|-heal|p1a: Jirachi|253\/404|[from] item: Leftovers
|turn|45
|
|move|p1a: Jirachi|Iron Head|p2a: Venusaur
|-damage|p2a: Venusaur|0 fnt
|faint|p2a: Venusaur
|
|-heal|p1a: Jirachi|278\/404|[from] item: Leftovers
|
|switch|p2a: Heatran|Heatran, M|278\/340
|-damage|p2a: Heatran|236\/340|[from] Stealth Rock
|turn|46
|c| uCan'tSeeMe|whats the next
|
|move|p2a: Heatran|Fire Blast|p1a: Jirachi
|-supereffective|p1a: Jirachi
|-damage|p1a: Jirachi|14\/404
|move|p1a: Jirachi|Body Slam|p2a: Heatran
|-resisted|p2a: Heatran
|-damage|p2a: Heatran|208\/340
|
|-heal|p1a: Jirachi|39\/404|[from] item: Leftovers
|turn|47
|join|A Sassy Negro
|
|move|p2a: Heatran|Fire Blast|p1a: Jirachi
|-crit|p1a: Jirachi
|-supereffective|p1a: Jirachi
|-damage|p1a: Jirachi|0 fnt
|faint|p1a: Jirachi
|
|leave|ForWeLiveToTest
|c| uCan'tSeeMe|nice meme
|join|Gary2346
|
|switch|p1a: Azumarill|Azumarill, M|185\/401
|-damage|p1a: Azumarill|135\/401|[from] Stealth Rock
|-damage|p1a: Azumarill|69\/401|[from] Spikes
|turn|48
|c|âalb_prova|gg
|
|move|p1a: Azumarill|Aqua Jet|p2a: Heatran
|-supereffective|p2a: Heatran
|-damage|p2a: Heatran|68\/340
|move|p2a: Heatran|Fire Blast|p1a: Azumarill
|-resisted|p1a: Azumarill
|-damage|p1a: Azumarill|2\/401
|
|turn|49
|c|âAka DH|gg
|
|move|p1a: Azumarill|Aqua Jet|p2a: Heatran
|-supereffective|p2a: Heatran
|-damage|p2a: Heatran|0 fnt
|faint|p2a: Heatran
|
|leave|Slackin'
|
|switch|p2a: Keldeo|Keldeo|274\/323
|-damage|p2a: Keldeo|254\/323|[from] Stealth Rock
|turn|50
|
|move|p1a: Azumarill|Aqua Jet|p2a: Keldeo
|-resisted|p2a: Keldeo
|-damage|p2a: Keldeo|202\/323
|move|p2a: Keldeo|Secret Sword|p1a: Azumarill
|-resisted|p1a: Azumarill
|-damage|p1a: Azumarill|0 fnt
|faint|p1a: Azumarill
|
|win|Aka DH
|leave|BEASTWARRIOR
|leave|Gary2346
|join|natsukoren
|leave|Gradeus
|leave|loserbaby
|leave|uCan'tSeeMe
|leave|A Sassy Negro
|leave|Aka DH
|player|p2
|leave|kbliub
|leave|Cosine180
|leave|natsukoren
|leave|alb_prova
|player|p1
|leave|Specs Fake-Out
|leave|consecutio
|leave|ary the meme
|leave|top unbanned
|leave|Montsegur
|join|TerrorDave
|leave|TerrorDave
|join|Cienight
|leave|Cienight
|join|CZ
|leave|CZ
|join|FreeDomzee
|leave|FreeDomzee
|leave|zskjag
|join|FreeDomzee
|join|CZ
|leave|3ntin
|leave|CZ
|leave|FreeDomzee
|leave|Prankster
|leave|Hitta Hucci
|join|Appreciation