|join|alb_prova
|join|APart
|player|p1|alb_prova|210
|player|p2|APart|11
|gametype|singles
|gen|6
|tier|ORAS OU
|rated
|rule|Sleep Clause Mod: Limit one foe put to sleep
|rule|Species Clause: Limit one of each PokÃ©mon
|rule|OHKO Clause: OHKO moves are banned
|rule|Moody Clause: Moody is banned
|rule|Evasion Moves Clause: Evasion moves are banned
|rule|Endless Battle Clause: Forcing endless battles is banned
|rule|HP Percentage Mod: HP is shown in percentages
|clearpoke
|poke|p1|Camerupt, F
|poke|p1|Celebi
|poke|p1|Rotom-Wash
|poke|p1|Landorus-Therian, M
|poke|p1|Mew
|poke|p1|Empoleon, F
|poke|p2|Manaphy
|poke|p2|Terrakion
|poke|p2|Garchomp, F
|poke|p2|Azumarill, F
|poke|p2|Metagross
|poke|p2|Greninja, F
|rule|Swagger Clause: Swagger is banned
|rule|Baton Pass Clause: Limit one PokÃ©mon knowing Baton Pass
|teampreview
|
|start
|switch|p1a: Celebi|Celebi|404\/404
|switch|p2a: Manaphy|Manaphy|404\/404
|turn|1
|
|move|p1a: Celebi|Giga Drain|p2a: Manaphy
|-supereffective|p2a: Manaphy
|-damage|p2a: Manaphy|218\/404
|move|p2a: Manaphy|Tail Glow|p2a: Manaphy
|-boost|p2a: Manaphy|spa|3
|
|-heal|p2a: Manaphy|243\/404|[from] item: Leftovers
|turn|2
|
|move|p1a: Celebi|Giga Drain|p2a: Manaphy
|-supereffective|p2a: Manaphy
|-damage|p2a: Manaphy|67\/404
|move|p2a: Manaphy|Ice Beam|p1a: Celebi
|-supereffective|p1a: Celebi
|-damage|p1a: Celebi|0 fnt
|faint|p1a: Celebi
|
|-heal|p2a: Manaphy|92\/404|[from] item: Leftovers
|
|switch|p1a: Landorus-Therian|Landorus-Therian, M|320\/320
|-ability|p1a: Landorus-Therian|Intimidate|[of] p2a: Manaphy
|-unboost|p2a: Manaphy|atk|1
|turn|3
|
|move|p1a: Landorus-Therian|U-turn|p2a: Manaphy
|-damage|p2a: Manaphy|6\/404
|
|switch|p1a: Rotom-Wash|Rotom-Wash|304\/304
|move|p2a: Manaphy|Surf|p1a: Rotom-Wash
|-resisted|p1a: Rotom-Wash
|-damage|p1a: Rotom-Wash|118\/304
|
|-heal|p2a: Manaphy|31\/404|[from] item: Leftovers
|-heal|p1a: Rotom-Wash|137\/304|[from] item: Leftovers
|turn|4
|
|move|p2a: Manaphy|Energy Ball|p1a: Rotom-Wash
|-supereffective|p1a: Rotom-Wash
|-damage|p1a: Rotom-Wash|0 fnt
|faint|p1a: Rotom-Wash
|
|-heal|p2a: Manaphy|56\/404|[from] item: Leftovers
|
|switch|p1a: Landorus-Therian|Landorus-Therian, M|320\/320
|-ability|p1a: Landorus-Therian|Intimidate|[of] p2a: Manaphy
|-unboost|p2a: Manaphy|atk|1
|turn|5
|
|switch|p2a: Azumarill|Azumarill, F|404\/404
|move|p1a: Landorus-Therian|U-turn|p2a: Azumarill
|-resisted|p2a: Azumarill
|-damage|p2a: Azumarill|353\/404
|
|switch|p1a: Mew|Mew|404\/404
|
|turn|6
|
|move|p1a: Mew|Will-O-Wisp|p2a: Azumarill
|-status|p2a: Azumarill|brn
|move|p2a: Azumarill|Knock Off|p1a: Mew
|-supereffective|p1a: Mew
|-damage|p1a: Mew|276\/404
|-enditem|p1a: Mew|Leftovers|[from] move: Knock Off|[of] p2a: Azumarill
|
|-damage|p2a: Azumarill|303\/404 brn|[from] brn
|turn|7
|
|move|p1a: Mew|Knock Off|p2a: Azumarill
|-resisted|p2a: Azumarill
|-damage|p2a: Azumarill|265\/404 brn
|-enditem|p2a: Azumarill|Sitrus Berry|[from] move: Knock Off|[of] p1a: Mew
|move|p2a: Azumarill|Belly Drum|p2a: Azumarill
|-damage|p2a: Azumarill|63\/404 brn
|-setboost|p2a: Azumarill|atk|6|[from] move: Belly Drum
|
|-damage|p2a: Azumarill|13\/404 brn|[from] brn
|turn|8
|
|move|p2a: Azumarill|Aqua Jet|p1a: Mew
|-damage|p1a: Mew|141\/404
|move|p1a: Mew|Knock Off|p2a: Azumarill
|-resisted|p2a: Azumarill
|-damage|p2a: Azumarill|0 fnt
|faint|p2a: Azumarill
|
|
|switch|p2a: Greninja|Greninja, F|285\/285
|turn|9
|
|switch|p1a: Empoleon|Empoleon, F|372\/372
|move|p2a: Greninja|Dark Pulse|p1a: Empoleon
|-start|p2a: Greninja|typechange|Dark|[from] Protean
|-damage|p1a: Empoleon|259\/372
|-damage|p2a: Greninja|257\/285|[from] item: Life Orb
|
|turn|10
|
|switch|p2a: Garchomp|Garchomp, F|358\/358
|move|p1a: Empoleon|Stealth Rock|p2a: Garchomp
|-sidestart|p2: APart|move: Stealth Rock
|
|turn|11
|
|switch|p1a: Landorus-Therian|Landorus-Therian, M|320\/320
|-ability|p1a: Landorus-Therian|Intimidate|[of] p2a: Garchomp
|-unboost|p2a: Garchomp|atk|1
|move|p2a: Garchomp|Swords Dance|p2a: Garchomp
|-boost|p2a: Garchomp|atk|2
|
|turn|12
|
|move|p1a: Landorus-Therian|U-turn|p2a: Garchomp
|-damage|p2a: Garchomp|263\/358
|-damage|p1a: Landorus-Therian|280\/320|[from] ability: Rough Skin|[of] p2a: Garchomp
|-damage|p1a: Landorus-Therian|227\/320|[from] item: Rocky Helmet|[of] p2a: Garchomp
|
|switch|p1a: Mew|Mew|141\/404
|move|p2a: Garchomp|Dragon Claw|p1a: Mew
|-damage|p1a: Mew|0 fnt
|faint|p1a: Mew
|
|
|switch|p1a: Landorus-Therian|Landorus-Therian, M|227\/320
|-ability|p1a: Landorus-Therian|Intimidate|[of] p2a: Garchomp
|-unboost|p2a: Garchomp|atk|1
|turn|13
|
|move|p1a: Landorus-Therian|Earthquake|p2a: Garchomp
|-damage|p2a: Garchomp|77\/358
|move|p2a: Garchomp|Dragon Claw|p1a: Landorus-Therian
|-damage|p1a: Landorus-Therian|83\/320
|
|turn|14
|
|move|p1a: Landorus-Therian|Earthquake|p2a: Garchomp
|-damage|p2a: Garchomp|0 fnt
|faint|p2a: Garchomp
|
|
|switch|p2a: Metagross|Metagross|301\/301
|-damage|p2a: Metagross|283\/301|[from] Stealth Rock
|turn|15
|
|detailschange|p2a: Metagross|Metagross-Mega
|message|Metagross has Mega Evolved into Mega Metagross!
|move|p2a: Metagross|Bullet Punch|p1a: Landorus-Therian
|-damage|p1a: Landorus-Therian|0 fnt
|faint|p1a: Landorus-Therian
|
|
|switch|p1a: Camerupt|Camerupt, F|344\/344
|turn|16
|
|detailschange|p1a: Camerupt|Camerupt-Mega, F
|message|Camerupt has Mega Evolved into Mega Camerupt!
|move|p2a: Metagross|Zen Headbutt|p1a: Camerupt
|-damage|p1a: Camerupt|145\/344
|move|p1a: Camerupt|Fire Blast|p2a: Metagross
|-supereffective|p2a: Metagross
|-damage|p2a: Metagross|0 fnt
|faint|p2a: Metagross
|
|
|switch|p2a: Manaphy|Manaphy|56\/404
|-damage|p2a: Manaphy|6\/404|[from] Stealth Rock
|turn|17
|
|move|p2a: Manaphy|Surf|p1a: Camerupt
|-supereffective|p1a: Camerupt
|-damage|p1a: Camerupt|0 fnt
|faint|p1a: Camerupt
|
|-heal|p2a: Manaphy|31\/404|[from] item: Leftovers
|
|switch|p1a: Empoleon|Empoleon, F|259\/372
|turn|18
|
|move|p2a: Manaphy|Energy Ball|p1a: Empoleon
|-damage|p1a: Empoleon|187\/372
|move|p1a: Empoleon|Scald|p2a: Manaphy
|-resisted|p2a: Manaphy
|-damage|p2a: Manaphy|0 fnt
|faint|p2a: Manaphy
|
|
|switch|p2a: Terrakion|Terrakion|323\/323
|-damage|p2a: Terrakion|303\/323|[from] Stealth Rock
|turn|19
|
|move|p2a: Terrakion|Close Combat|p1a: Empoleon
|-supereffective|p1a: Empoleon
|-damage|p1a: Empoleon|0 fnt
|-unboost|p2a: Terrakion|def|1
|-unboost|p2a: Terrakion|spd|1
|faint|p1a: Empoleon
|
|win|APart
|raw|Ladder updating...
|raw|alb_prova's rating: 1367 &rarr; <strong>1340<\/strong><br \/>(-27 for losing)
|raw|APart's rating: 1249 &rarr; <strong>1283<\/strong><br \/>(+34 for winning)
|leave|alb_prova
|player|p1