|join|alb_prova
|join|RustyEspur
|player|p1|alb_prova|210
|player|p2|RustyEspur|172
|gametype|singles
|gen|6
|tier|ORAS OU
|rated
|rule|Sleep Clause Mod: Limit one foe put to sleep
|rule|Species Clause: Limit one of each PokÃ©mon
|rule|OHKO Clause: OHKO moves are banned
|rule|Moody Clause: Moody is banned
|rule|Evasion Moves Clause: Evasion moves are banned
|rule|Endless Battle Clause: Forcing endless battles is banned
|rule|HP Percentage Mod: HP is shown in percentages
|clearpoke
|poke|p1|Camerupt, M
|poke|p1|Celebi
|poke|p1|Landorus-Therian, M
|poke|p1|Mew
|poke|p1|Empoleon, F
|poke|p1|Porygon2
|poke|p2|Sceptile, M
|poke|p2|Azumarill, M
|poke|p2|Heatran, M
|poke|p2|Mamoswine, F
|poke|p2|Mandibuzz, F
|poke|p2|Conkeldurr, M
|rule|Swagger Clause: Swagger is banned
|rule|Baton Pass Clause: Limit one PokÃ©mon knowing Baton Pass
|teampreview
|
|start
|switch|p1a: Landorus-Therian|Landorus-Therian, M|320\/320
|switch|p2a: Conkeldurr|Conkeldurr, M|413\/413
|-ability|p1a: Landorus-Therian|Intimidate|[of] p2a: Conkeldurr
|-unboost|p2a: Conkeldurr|atk|1
|turn|1
|
|move|p1a: Landorus-Therian|U-turn|p2a: Conkeldurr
|-resisted|p2a: Conkeldurr
|-damage|p2a: Conkeldurr|366\/413
|
|switch|p1a: Camerupt|Camerupt, M|344\/344
|move|p2a: Conkeldurr|Knock Off|p1a: Camerupt
|-damage|p1a: Camerupt|260\/344
|
|turn|2
|
|detailschange|p1a: Camerupt|Camerupt-Mega, M
|message|Camerupt has Mega Evolved into Mega Camerupt!
|move|p2a: Conkeldurr|Drain Punch|p1a: Camerupt
|-damage|p1a: Camerupt|157\/344
|-heal|p2a: Conkeldurr|413\/413|[from] drain|[of] p1a: Camerupt
|move|p1a: Camerupt|Fire Blast|p2a: Conkeldurr
|-damage|p2a: Conkeldurr|146\/413
|
|turn|3
|
|switch|p2a: Frenship Bunny!|Azumarill, M|362\/362
|move|p1a: Camerupt|Earth Power|p2a: Frenship Bunny!
|-damage|p2a: Frenship Bunny!|43\/362
|
|turn|4
|
|switch|p1a: Celebi|Celebi|404\/404
|move|p2a: Frenship Bunny!|Waterfall|p1a: Celebi
|-resisted|p1a: Celebi
|-damage|p1a: Celebi|303\/404
|
|-heal|p1a: Celebi|328\/404|[from] item: Leftovers
|turn|5
|
|switch|p2a: Worst-Mega|Sceptile, M|281\/281
|move|p1a: Celebi|Giga Drain|p2a: Worst-Mega
|-resisted|p2a: Worst-Mega
|-damage|p2a: Worst-Mega|233\/281
|-heal|p1a: Celebi|352\/404|[from] drain|[of] p2a: Worst-Mega
|
|-heal|p1a: Celebi|377\/404|[from] item: Leftovers
|turn|6
|
|switch|p1a: Porygon2|Porygon2|374\/374
|-ability|p1a: Porygon2|Overgrow|[from] ability: Trace|[of] p2a: Worst-Mega
|detailschange|p2a: Worst-Mega|Sceptile-Mega, M
|message|Sceptile has Mega Evolved into Mega Sceptile!
|move|p2a: Worst-Mega|Substitute|p2a: Worst-Mega
|-start|p2a: Worst-Mega|Substitute
|-damage|p2a: Worst-Mega|163\/281
|
|turn|7
|
|move|p2a: Worst-Mega|Leech Seed|p1a: Porygon2
|-start|p1a: Porygon2|move: Leech Seed
|move|p1a: Porygon2|Ice Beam|p2a: Worst-Mega
|-supereffective|p2a: Worst-Mega
|-end|p2a: Worst-Mega|Substitute
|
|-damage|p1a: Porygon2|328\/374|[from] Leech Seed|[of] p2a: Worst-Mega
|-heal|p2a: Worst-Mega|209\/281|[silent]
|turn|8
|
|switch|p2a: Conkeldurr|Conkeldurr, M|146\/413
|move|p1a: Porygon2|Trick Room|p1a: Porygon2
|-fieldstart|move: Trick Room|[of] p1a: Porygon2
|
|-damage|p1a: Porygon2|282\/374|[from] Leech Seed|[of] p2a: Conkeldurr
|-heal|p2a: Conkeldurr|192\/413|[silent]
|turn|9
|
|switch|p1a: Landorus-Therian|Landorus-Therian, M|320\/320
|-ability|p1a: Landorus-Therian|Intimidate|[of] p2a: Conkeldurr
|-unboost|p2a: Conkeldurr|atk|1
|move|p2a: Conkeldurr|Drain Punch|p1a: Landorus-Therian
|-resisted|p1a: Landorus-Therian
|-damage|p1a: Landorus-Therian|262\/320
|-heal|p2a: Conkeldurr|221\/413|[from] drain|[of] p1a: Landorus-Therian
|
|turn|10
|
|switch|p2a: Mandibuzz|Mandibuzz, F|423\/423
|switch|p1a: Mew|Mew|404\/404
|
|turn|11
|
|switch|p2a: Standard|Heatran, M|385\/385
|switch|p1a: Camerupt|Camerupt-Mega, M|157\/344
|
|turn|12
|
|move|p2a: Standard|Protect|p2a: Standard
|-singleturn|p2a: Standard|Protect
|move|p1a: Camerupt|Earth Power|p2a: Standard
|-activate|p2a: Standard|Protect
|
|-fieldend|move: Trick Room
|turn|13
|
|move|p2a: Standard|Stealth Rock|p1a: Camerupt
|-sidestart|p1: alb_prova|move: Stealth Rock
|move|p1a: Camerupt|Earth Power|p2a: Standard
|-supereffective|p2a: Standard
|-damage|p2a: Standard|0 fnt
|faint|p2a: Standard
|
|
|switch|p2a: Ifightformyfrens|Mamoswine, F|361\/361
|turn|14
|
|switch|p1a: Mew|Mew|404\/404
|-damage|p1a: Mew|354\/404|[from] Stealth Rock
|move|p2a: Ifightformyfrens|Icicle Crash|p1a: Mew
|-damage|p1a: Mew|169\/404
|-damage|p2a: Ifightformyfrens|325\/361|[from] item: Life Orb
|
|-heal|p1a: Mew|194\/404|[from] item: Leftovers
|turn|15
|
|move|p1a: Mew|Roost|p1a: Mew
|-heal|p1a: Mew|396\/404
|move|p2a: Ifightformyfrens|Earthquake|p1a: Mew
|-damage|p1a: Mew|205\/404
|-damage|p2a: Ifightformyfrens|289\/361|[from] item: Life Orb
|
|-heal|p1a: Mew|230\/404|[from] item: Leftovers
|turn|16
|
|switch|p2a: Worst-Mega|Sceptile-Mega, M|209\/281
|move|p1a: Mew|Will-O-Wisp|p2a: Worst-Mega
|-status|p2a: Worst-Mega|brn
|
|-heal|p1a: Mew|255\/404|[from] item: Leftovers
|-damage|p2a: Worst-Mega|174\/281 brn|[from] brn
|turn|17
|
|move|p2a: Worst-Mega|Giga Drain|p1a: Mew
|-damage|p1a: Mew|116\/404
|-heal|p2a: Worst-Mega|244\/281 brn|[from] drain|[of] p1a: Mew
|move|p1a: Mew|Taunt|p2a: Worst-Mega
|-start|p2a: Worst-Mega|move: Taunt
|
|-heal|p1a: Mew|141\/404|[from] item: Leftovers
|-damage|p2a: Worst-Mega|209\/281 brn|[from] brn
|turn|18
|
|switch|p1a: Celebi|Celebi|377\/404
|-damage|p1a: Celebi|327\/404|[from] Stealth Rock
|move|p2a: Worst-Mega|Dragon Pulse|p1a: Celebi
|-damage|p1a: Celebi|149\/404
|
|-heal|p1a: Celebi|174\/404|[from] item: Leftovers
|-damage|p2a: Worst-Mega|174\/281 brn|[from] brn
|turn|19
|
|move|p2a: Worst-Mega|Dragon Pulse|p1a: Celebi
|-damage|p1a: Celebi|0 fnt
|faint|p1a: Celebi
|
|-damage|p2a: Worst-Mega|139\/281 brn|[from] brn
|
|switch|p1a: Landorus-Therian|Landorus-Therian, M|262\/320
|-damage|p1a: Landorus-Therian|222\/320|[from] Stealth Rock
|-ability|p1a: Landorus-Therian|Intimidate|[of] p2a: Worst-Mega
|-unboost|p2a: Worst-Mega|atk|1
|turn|20
|
|switch|p2a: Mandibuzz|Mandibuzz, F|423\/423
|move|p1a: Landorus-Therian|U-turn|p2a: Mandibuzz
|-damage|p2a: Mandibuzz|357\/423
|
|switch|p1a: Empoleon|Empoleon, F|372\/372
|-damage|p1a: Empoleon|349\/372|[from] Stealth Rock
|
|-heal|p2a: Mandibuzz|383\/423|[from] item: Leftovers
|turn|21
|
|move|p2a: Mandibuzz|Taunt|p1a: Empoleon
|-start|p1a: Empoleon|move: Taunt
|cant|p1a: Empoleon|move: Taunt|Stealth Rock
|
|-heal|p2a: Mandibuzz|409\/423|[from] item: Leftovers
|turn|22
|
|switch|p2a: Conkeldurr|Conkeldurr, M|221\/413
|move|p1a: Empoleon|Flash Cannon|p2a: Conkeldurr
|-damage|p2a: Conkeldurr|121\/413
|
|turn|23
|
|switch|p1a: Landorus-Therian|Landorus-Therian, M|222\/320
|-damage|p1a: Landorus-Therian|182\/320|[from] Stealth Rock
|-ability|p1a: Landorus-Therian|Intimidate|[of] p2a: Conkeldurr
|-unboost|p2a: Conkeldurr|atk|1
|move|p2a: Conkeldurr|Drain Punch|p1a: Landorus-Therian
|-resisted|p1a: Landorus-Therian
|-damage|p1a: Landorus-Therian|121\/320
|-heal|p2a: Conkeldurr|152\/413|[from] drain|[of] p1a: Landorus-Therian
|
|turn|24
|
|switch|p2a: Mandibuzz|Mandibuzz, F|409\/423
|move|p1a: Landorus-Therian|Superpower|p2a: Mandibuzz
|-damage|p2a: Mandibuzz|299\/423
|-unboost|p1a: Landorus-Therian|atk|1
|-unboost|p1a: Landorus-Therian|def|1
|
|-heal|p2a: Mandibuzz|325\/423|[from] item: Leftovers
|turn|25
|
|switch|p1a: Camerupt|Camerupt-Mega, M|157\/344
|-damage|p1a: Camerupt|114\/344|[from] Stealth Rock
|move|p2a: Mandibuzz|Foul Play|p1a: Camerupt
|-damage|p1a: Camerupt|0 fnt
|faint|p1a: Camerupt
|
|-heal|p2a: Mandibuzz|351\/423|[from] item: Leftovers
|
|switch|p1a: Mew|Mew|141\/404
|-damage|p1a: Mew|91\/404|[from] Stealth Rock
|turn|26
|
|switch|p2a: Worst-Mega|Sceptile-Mega, M|139\/281 brn
|move|p1a: Mew|Roost|p1a: Mew
|-heal|p1a: Mew|293\/404
|
|-heal|p1a: Mew|318\/404|[from] item: Leftovers
|-damage|p2a: Worst-Mega|104\/281 brn|[from] brn
|turn|27
|
|move|p2a: Worst-Mega|Giga Drain|p1a: Mew
|-damage|p1a: Mew|170\/404
|-heal|p2a: Worst-Mega|178\/281 brn|[from] drain|[of] p1a: Mew
|move|p1a: Mew|Taunt|p2a: Worst-Mega
|-start|p2a: Worst-Mega|move: Taunt
|
|-heal|p1a: Mew|195\/404|[from] item: Leftovers
|-damage|p2a: Worst-Mega|143\/281 brn|[from] brn
|turn|28
|
|switch|p1a: Porygon2|Porygon2|282\/374
|-damage|p1a: Porygon2|236\/374|[from] Stealth Rock
|-ability|p1a: Porygon2|Lightning Rod|[from] ability: Trace|[of] p2a: Worst-Mega
|move|p2a: Worst-Mega|Giga Drain|p1a: Porygon2
|-damage|p1a: Porygon2|137\/374
|-heal|p2a: Worst-Mega|193\/281 brn|[from] drain|[of] p1a: Porygon2
|
|-damage|p2a: Worst-Mega|158\/281 brn|[from] brn
|turn|29
|
|move|p2a: Worst-Mega|Giga Drain|p1a: Porygon2
|-damage|p1a: Porygon2|44\/374
|-heal|p2a: Worst-Mega|205\/281 brn|[from] drain|[of] p1a: Porygon2
|move|p1a: Porygon2|Recover|p1a: Porygon2
|-heal|p1a: Porygon2|231\/374
|
|-damage|p2a: Worst-Mega|170\/281 brn|[from] brn
|turn|30
|
|switch|p2a: Conkeldurr|Conkeldurr, M|152\/413
|move|p1a: Porygon2|Ice Beam|p2a: Conkeldurr
|-damage|p2a: Conkeldurr|82\/413
|
|turn|31
|
|move|p2a: Conkeldurr|Drain Punch|p1a: Porygon2
|-supereffective|p1a: Porygon2
|-damage|p1a: Porygon2|75\/374
|-heal|p2a: Conkeldurr|160\/413|[from] drain|[of] p1a: Porygon2
|move|p1a: Porygon2|Discharge|p2a: Conkeldurr
|-damage|p2a: Conkeldurr|92\/413
|
|turn|32
|
|switch|p1a: Mew|Mew|195\/404
|-damage|p1a: Mew|145\/404|[from] Stealth Rock
|move|p2a: Conkeldurr|Mach Punch|p1a: Mew
|-resisted|p1a: Mew
|-damage|p1a: Mew|108\/404
|
|-heal|p1a: Mew|133\/404|[from] item: Leftovers
|turn|33
|
|move|p1a: Mew|Roost|p1a: Mew
|-heal|p1a: Mew|335\/404
|move|p2a: Conkeldurr|Knock Off|p1a: Mew
|-supereffective|p1a: Mew
|-damage|p1a: Mew|119\/404
|-enditem|p1a: Mew|Leftovers|[from] move: Knock Off|[of] p2a: Conkeldurr
|
|turn|34
|
|switch|p2a: Worst-Mega|Sceptile-Mega, M|170\/281 brn
|move|p1a: Mew|Roost|p1a: Mew
|-heal|p1a: Mew|321\/404
|
|-damage|p2a: Worst-Mega|135\/281 brn|[from] brn
|turn|35
|
|switch|p1a: Porygon2|Porygon2|75\/374
|-damage|p1a: Porygon2|29\/374|[from] Stealth Rock
|-ability|p1a: Porygon2|Lightning Rod|[from] ability: Trace|[of] p2a: Worst-Mega
|move|p2a: Worst-Mega|Giga Drain|p1a: Porygon2
|-damage|p1a: Porygon2|0 fnt
|-heal|p2a: Worst-Mega|150\/281 brn|[from] drain|[of] p1a: Porygon2
|faint|p1a: Porygon2
|
|-damage|p2a: Worst-Mega|115\/281 brn|[from] brn
|
|switch|p1a: Empoleon|Empoleon, F|349\/372
|-damage|p1a: Empoleon|326\/372|[from] Stealth Rock
|turn|36
|
|move|p2a: Worst-Mega|Giga Drain|p1a: Empoleon
|-damage|p1a: Empoleon|215\/372
|-heal|p2a: Worst-Mega|171\/281 brn|[from] drain|[of] p1a: Empoleon
|move|p1a: Empoleon|Flash Cannon|p2a: Worst-Mega
|-damage|p2a: Worst-Mega|59\/281 brn
|
|-damage|p2a: Worst-Mega|24\/281 brn|[from] brn
|turn|37
|
|switch|p2a: Mandibuzz|Mandibuzz, F|351\/423
|move|p1a: Empoleon|Stealth Rock|p2a: Mandibuzz
|-sidestart|p2: RustyEspur|move: Stealth Rock
|
|-heal|p2a: Mandibuzz|377\/423|[from] item: Leftovers
|turn|38
|
|move|p2a: Mandibuzz|Defog|p1a: Empoleon
|-unboost|p1a: Empoleon|evasion|1
|-sideend|p1: alb_prova|Stealth Rock|[from] move: Defog|[of] p1a: Empoleon
|-sideend|p2: RustyEspur|Stealth Rock|[from] move: Defog|[of] p2a: Mandibuzz
|move|p1a: Empoleon|Scald|p2a: Mandibuzz
|-damage|p2a: Mandibuzz|269\/423
|-status|p2a: Mandibuzz|brn
|
|-heal|p2a: Mandibuzz|295\/423 brn|[from] item: Leftovers
|-damage|p2a: Mandibuzz|243\/423 brn|[from] brn
|turn|39
|
|move|p2a: Mandibuzz|Taunt|p1a: Empoleon
|-start|p1a: Empoleon|move: Taunt
|cant|p1a: Empoleon|move: Taunt|Stealth Rock
|
|-heal|p2a: Mandibuzz|269\/423 brn|[from] item: Leftovers
|-damage|p2a: Mandibuzz|217\/423 brn|[from] brn
|turn|40
|
|switch|p2a: Frenship Bunny!|Azumarill, M|43\/362
|move|p1a: Empoleon|Scald|p2a: Frenship Bunny!
|-resisted|p2a: Frenship Bunny!
|-damage|p2a: Frenship Bunny!|0 fnt
|faint|p2a: Frenship Bunny!
|
|
|switch|p2a: Ifightformyfrens|Mamoswine, F|289\/361
|turn|41
|
|switch|p1a: Mew|Mew|321\/404
|move|p2a: Ifightformyfrens|Earthquake|p1a: Mew
|-damage|p1a: Mew|122\/404
|-damage|p2a: Ifightformyfrens|253\/361|[from] item: Life Orb
|
|turn|42
|
|move|p1a: Mew|Will-O-Wisp|p2a: Ifightformyfrens
|-status|p2a: Ifightformyfrens|brn
|move|p2a: Ifightformyfrens|Icicle Crash|p1a: Mew
|-damage|p1a: Mew|28\/404
|-damage|p2a: Ifightformyfrens|217\/361 brn|[from] item: Life Orb
|
|-damage|p2a: Ifightformyfrens|172\/361 brn|[from] brn
|turn|43
|
|move|p2a: Ifightformyfrens|Ice Shard|p1a: Mew
|-damage|p1a: Mew|0 fnt
|-damage|p2a: Ifightformyfrens|136\/361 brn|[from] item: Life Orb
|faint|p1a: Mew
|
|-damage|p2a: Ifightformyfrens|91\/361 brn|[from] brn
|
|switch|p1a: Landorus-Therian|Landorus-Therian, M|121\/320
|-ability|p1a: Landorus-Therian|Intimidate|[of] p2a: Ifightformyfrens
|-unboost|p2a: Ifightformyfrens|atk|1
|turn|44
|
|move|p2a: Ifightformyfrens|Ice Shard|p1a: Landorus-Therian
|-supereffective|p1a: Landorus-Therian
|-damage|p1a: Landorus-Therian|0 fnt
|-damage|p2a: Ifightformyfrens|55\/361 brn|[from] item: Life Orb
|faint|p1a: Landorus-Therian
|
|-damage|p2a: Ifightformyfrens|10\/361 brn|[from] brn
|
|switch|p1a: Empoleon|Empoleon, F|215\/372
|turn|45
|
|move|p2a: Ifightformyfrens|Earthquake|p1a: Empoleon
|-supereffective|p1a: Empoleon
|-damage|p1a: Empoleon|20\/372
|-damage|p2a: Ifightformyfrens|0 fnt|[from] item: Life Orb
|faint|p2a: Ifightformyfrens
|move|p1a: Empoleon|Scald|p2: Ifightformyfrens|[notarget]
|-notarget
|
|c|âRustyEspur|gg
|
|switch|p2a: Conkeldurr|Conkeldurr, M|92\/413
|turn|46
|c|âalb_prova|gg
|
|move|p2a: Conkeldurr|Mach Punch|p1a: Empoleon
|-supereffective|p1a: Empoleon
|-damage|p1a: Empoleon|0 fnt
|faint|p1a: Empoleon
|
|win|RustyEspur
|raw|Ladder updating...
|raw|alb_prova's rating: 1438 &rarr; <strong>1420<\/strong><br \/>(-18 for losing)
|raw|RustyEspur's rating: 1484 &rarr; <strong>1502<\/strong><br \/>(+18 for winning)
|leave|alb_prova
|player|p1