|join|alb_prova
|join|Xiion
|player|p1|alb_prova|210
|player|p2|Xiion|168
|gametype|singles
|gen|6
|tier|ORAS OU
|rated
|rule|Sleep Clause Mod: Limit one foe put to sleep
|rule|Species Clause: Limit one of each PokÃ©mon
|rule|OHKO Clause: OHKO moves are banned
|rule|Moody Clause: Moody is banned
|rule|Evasion Moves Clause: Evasion moves are banned
|rule|Endless Battle Clause: Forcing endless battles is banned
|rule|HP Percentage Mod: HP is shown in percentages
|clearpoke
|poke|p1|Jirachi
|poke|p1|Azumarill, F
|poke|p1|Poliwrath, F
|poke|p1|Heracross, F
|poke|p1|Raikou
|poke|p1|Avalugg, F
|poke|p2|Cottonee, M
|poke|p2|Azelf
|poke|p2|Whimsicott, F
|poke|p2|Smeargle, M, shiny
|poke|p2|Espeon, M
|poke|p2|Gothitelle, F
|rule|Swagger Clause: Swagger is banned
|rule|Baton Pass Clause: Limit one PokÃ©mon knowing Baton Pass
|teampreview
Xiion made this room private.
|
|start
|switch|p1a: Azumarill|Azumarill, F|401\/401
|switch|p2a: Cotton 1.0|Cottonee, M|284\/284
|turn|1
|
|move|p2a: Cotton 1.0|Taunt|p1a: Azumarill
|-start|p1a: Azumarill|move: Taunt
|move|p1a: Azumarill|Play Rough|p2a: Cotton 1.0
|-damage|p2a: Cotton 1.0|7\/284
|
|turn|2
|
|move|p2a: Cotton 1.0|Memento|p1a: Azumarill
|-unboost|p1a: Azumarill|atk|2
|-unboost|p1a: Azumarill|spa|2
|faint|p2a: Cotton 1.0
|move|p1a: Azumarill|Aqua Jet|p2: Cotton 1.0|[notarget]
|-notarget
|
|
|switch|p2a: Azelf|Azelf|354\/354
|turn|3
|
|move|p2a: Azelf|Reflect|p2a: Azelf
|-sidestart|p2: Xiion|Reflect
|move|p1a: Azumarill|Play Rough|p2a: Azelf
|-damage|p2a: Azelf|290\/354
|
|-end|p1a: Azumarill|move: Taunt
|turn|4
|
|move|p2a: Azelf|Light Screen|p2a: Azelf
|-sidestart|p2: Xiion|move: Light Screen
|move|p1a: Azumarill|Waterfall|p2a: Azelf
|-damage|p2a: Azelf|232\/354
|
|turn|5
|
|move|p2a: Azelf|Explosion|p1a: Azumarill
|-damage|p1a: Azumarill|115\/401
|faint|p2a: Azelf
|move|p1a: Azumarill|Waterfall|p2: Azelf|[notarget]
|-notarget
|
|
|switch|p2a: Cotton 2.0|Whimsicott, F|324\/324
|turn|6
|
|move|p2a: Cotton 2.0|Tailwind|p2a: Cotton 2.0
|-sidestart|p2: Xiion|move: Tailwind
|move|p1a: Azumarill|Waterfall|p2a: Cotton 2.0
|-resisted|p2a: Cotton 2.0
|-damage|p2a: Cotton 2.0|300\/324
|
|turn|7
|
|move|p2a: Cotton 2.0|Memento|p1a: Azumarill
|-unboost|p1a: Azumarill|atk|2
|-unboost|p1a: Azumarill|spa|2
|faint|p2a: Cotton 2.0
|move|p1a: Azumarill|Waterfall|p2: Cotton 2.0|[notarget]
|-notarget
|
|
|switch|p2a: Smeargle|Smeargle, M, shiny|251\/251
|turn|8
|
|switch|p1a: Heracross|Heracross, F|308\/308
|move|p2a: Smeargle|Cotton Guard|p2a: Smeargle
|-boost|p2a: Smeargle|def|3
|
|turn|9
|
|detailschange|p1a: Heracross|Heracross-Mega, F
|message|Heracross has Mega Evolved into Mega Heracross!
|move|p2a: Smeargle|Dark Void|p1a: Heracross
|-status|p1a: Heracross|slp
|cant|p1a: Heracross|slp
|
|-sideend|p2: Xiion|move: Tailwind
|turn|10
|
|switch|p1a: Wrongtoad|Poliwrath, F|384\/384
|move|p2a: Smeargle|Cotton Guard|p2a: Smeargle
|-boost|p2a: Smeargle|def|3
|
|-sideend|p2: Xiion|Reflect
|turn|11
|
|move|p2a: Smeargle|Baton Pass|p2a: Smeargle
|
|switch|p2a: Psachic|Espeon, M|321\/321
|move|p1a: Wrongtoad|Circle Throw|p2a: Psachic
|-resisted|p2a: Psachic
|-damage|p2a: Psachic|312\/321
|drag|p2a: Gothitelle|Gothitelle, F|344\/344
|
|-sideend|p2: Xiion|move: Light Screen
|turn|12
|
|move|p2a: Gothitelle|Psychic|p1a: Wrongtoad
|-supereffective|p1a: Wrongtoad
|-damage|p1a: Wrongtoad|0 fnt
|faint|p1a: Wrongtoad
|
|
|switch|p1a: Nano malefico|Jirachi|404\/404
|turn|13
|
|move|p1a: Nano malefico|Body Slam|p2a: Gothitelle
|-damage|p2a: Gothitelle|268\/344
|-status|p2a: Gothitelle|par
|move|p2a: Gothitelle|Psychic|p1a: Nano malefico
|-resisted|p1a: Nano malefico
|-damage|p1a: Nano malefico|367\/404
|-unboost|p1a: Nano malefico|spd|1
|
|-heal|p1a: Nano malefico|392\/404|[from] item: Leftovers
|turn|14
|
|move|p1a: Nano malefico|Stealth Rock|p2a: Gothitelle
|-sidestart|p2: Xiion|move: Stealth Rock
|move|p2a: Gothitelle|Psychic|p1a: Nano malefico
|-resisted|p1a: Nano malefico
|-damage|p1a: Nano malefico|331\/404
|-unboost|p1a: Nano malefico|spd|1
|
|-heal|p1a: Nano malefico|356\/404|[from] item: Leftovers
|turn|15
|
|move|p1a: Nano malefico|Iron Head|p2a: Gothitelle
|-damage|p2a: Gothitelle|171\/344 par
|cant|p2a: Gothitelle|par
|
|-heal|p1a: Nano malefico|381\/404|[from] item: Leftovers
|turn|16
|
|move|p1a: Nano malefico|Iron Head|p2a: Gothitelle
|-damage|p2a: Gothitelle|71\/344 par
|move|p2a: Gothitelle|Psychic|p1a: Nano malefico
|-resisted|p1a: Nano malefico
|-damage|p1a: Nano malefico|302\/404
|
|-heal|p1a: Nano malefico|327\/404|[from] item: Leftovers
|turn|17
|
|move|p1a: Nano malefico|Body Slam|p2a: Gothitelle
|-damage|p2a: Gothitelle|6\/344 par
|move|p2a: Gothitelle|Psychic|p1a: Nano malefico
|-resisted|p1a: Nano malefico
|-damage|p1a: Nano malefico|243\/404
|
|-heal|p1a: Nano malefico|268\/404|[from] item: Leftovers
|turn|18
|
|move|p1a: Nano malefico|Body Slam|p2a: Gothitelle
|-damage|p2a: Gothitelle|0 fnt
|faint|p2a: Gothitelle
|
|-heal|p1a: Nano malefico|293\/404|[from] item: Leftovers
|
|switch|p2a: Smeargle|Smeargle, M, shiny|251\/251
|-damage|p2a: Smeargle|220\/251|[from] Stealth Rock
|turn|19
|
|move|p2a: Smeargle|Cotton Guard|p2a: Smeargle
|-boost|p2a: Smeargle|def|3
|move|p1a: Nano malefico|Body Slam|p2a: Smeargle
|-damage|p2a: Smeargle|184\/251
|
|-heal|p1a: Nano malefico|318\/404|[from] item: Leftovers
|turn|20
|
|move|p2a: Smeargle|Cotton Guard|p2a: Smeargle
|-boost|p2a: Smeargle|def|3
|move|p1a: Nano malefico|Body Slam|p2a: Smeargle
|-damage|p2a: Smeargle|159\/251
|
|-heal|p1a: Nano malefico|343\/404|[from] item: Leftovers
|turn|21
|
|move|p2a: Smeargle|Geomancy|p2a: Smeargle|[still]
|-prepare|p2a: Smeargle|Geomancy|p2a: Smeargle
|-enditem|p2a: Smeargle|Power Herb
|-anim|p2a: Smeargle|Geomancy|p2a: Smeargle
|-boost|p2a: Smeargle|spa|2
|-boost|p2a: Smeargle|spd|2
|-boost|p2a: Smeargle|spe|2
|move|p1a: Nano malefico|Body Slam|p2a: Smeargle
|-damage|p2a: Smeargle|135\/251
|
|-heal|p1a: Nano malefico|368\/404|[from] item: Leftovers
|turn|22
|c|âalb_prova|you are lucky man 
|c|âalb_prova|:)
|
|move|p2a: Smeargle|Dark Void|p1a: Nano malefico
|-miss|p2a: Smeargle|p1a: Nano malefico
|move|p1a: Nano malefico|Body Slam|p2a: Smeargle
|-crit|p2a: Smeargle
|-damage|p2a: Smeargle|0 fnt
|faint|p2a: Smeargle
|
|-heal|p1a: Nano malefico|393\/404|[from] item: Leftovers
|c|âXiion|lol ok
|c|âXiion|nice haxx
|c|âalb_prova|hax?
|-message|Xiion forfeited.
|
|win|alb_prova
|raw|Ladder updating...
|raw|alb_prova's rating: 1268 &rarr; <strong>1290<\/strong><br \/>(+22 for winning)
|raw|Xiion's rating: 1231 &rarr; <strong>1208<\/strong><br \/>(-23 for losing)
|c|âXiion|"gg"
|leave|Xiion
|player|p2
|c|âalb_prova|are you dumb?