|join|alb_prova
|join|skidoodle
|player|p1|alb_prova|210
|player|p2|skidoodle|102
|gametype|singles
|gen|6
|tier|ORAS OU
|rated
|rule|Sleep Clause Mod: Limit one foe put to sleep
|rule|Species Clause: Limit one of each PokÃ©mon
|rule|OHKO Clause: OHKO moves are banned
|rule|Moody Clause: Moody is banned
|rule|Evasion Moves Clause: Evasion moves are banned
|rule|Endless Battle Clause: Forcing endless battles is banned
|rule|HP Percentage Mod: HP is shown in percentages
|clearpoke
|poke|p1|Jirachi
|poke|p1|Azumarill, F
|poke|p1|Poliwrath, F
|poke|p1|Heracross, F
|poke|p1|Raikou
|poke|p1|Avalugg, F
|poke|p2|Salamence, M
|poke|p2|Greninja, M
|poke|p2|Terrakion
|poke|p2|Excadrill, M
|poke|p2|Zapdos
|poke|p2|Hawlucha, M
|rule|Swagger Clause: Swagger is banned
|rule|Baton Pass Clause: Limit one PokÃ©mon knowing Baton Pass
|teampreview
|
|start
|switch|p1a: Heracross|Heracross, F|308\/308
|switch|p2a: Salamence|Salamence, M|331\/331
|-ability|p2a: Salamence|Intimidate|[of] p1a: Heracross
|-unboost|p1a: Heracross|atk|1
|turn|1
|
|switch|p1a: Nano malefico|Jirachi|404\/404
|detailschange|p2a: Salamence|Salamence-Mega, M
|message|Salamence has Mega Evolved into Mega Salamence!
|move|p2a: Salamence|Hyper Voice|p1a: Nano malefico
|-resisted|p1a: Nano malefico
|-damage|p1a: Nano malefico|329\/404
|
|-heal|p1a: Nano malefico|354\/404|[from] item: Leftovers
|turn|2
|
|switch|p2a: Excadrill|Excadrill, M|361\/361
|-ability|p2a: Excadrill|Mold Breaker
|move|p1a: Nano malefico|Body Slam|p2a: Excadrill
|-resisted|p2a: Excadrill
|-damage|p2a: Excadrill|309\/361
|-status|p2a: Excadrill|par
|
|-heal|p1a: Nano malefico|379\/404|[from] item: Leftovers
|turn|3
|
|switch|p1a: Wrongtoad|Poliwrath, F|384\/384
|move|p2a: Excadrill|Earthquake|p1a: Wrongtoad
|-damage|p1a: Wrongtoad|248\/384
|
|-heal|p1a: Wrongtoad|272\/384|[from] item: Leftovers
|turn|4
|
|switch|p2a: Zapdos|Zapdos|383\/383
|-ability|p2a: Zapdos|Pressure
|move|p1a: Wrongtoad|Circle Throw|p2a: Zapdos
|-resisted|p2a: Zapdos
|-damage|p2a: Zapdos|355\/383
|drag|p2a: Greninja|Greninja, M|285\/285
|
|-heal|p1a: Wrongtoad|296\/384|[from] item: Leftovers
|turn|5
|
|switch|p2a: Zapdos|Zapdos|355\/383
|-ability|p2a: Zapdos|Pressure
|switch|p1a: Azumarill|Azumarill, F|401\/401
|
|-heal|p2a: Zapdos|378\/383|[from] item: Leftovers
|turn|6
|
|switch|p1a: Raikou|Raikou|321\/321
|-ability|p1a: Raikou|Pressure
|move|p2a: Zapdos|Toxic|p1a: Raikou|[miss]
|-miss|p2a: Zapdos|p1a: Raikou
|
|-heal|p2a: Zapdos|383\/383|[from] item: Leftovers
|turn|7
|
|move|p1a: Raikou|Volt Switch|p2a: Zapdos
|-damage|p2a: Zapdos|253\/383
|
|switch|p1a: Nano malefico|Jirachi|379\/404
|move|p2a: Zapdos|Volt Switch|p1a: Nano malefico
|-damage|p1a: Nano malefico|304\/404
|
|switch|p2a: Terrakion|Terrakion|323\/323
|
|-heal|p1a: Nano malefico|329\/404|[from] item: Leftovers
|turn|8
|
|move|p2a: Terrakion|Stealth Rock|p1a: Nano malefico
|-sidestart|p1: alb_prova|move: Stealth Rock
|move|p1a: Nano malefico|Iron Head|p2a: Terrakion
|-crit|p2a: Terrakion
|-supereffective|p2a: Terrakion
|-damage|p2a: Terrakion|29\/323
|
|-heal|p1a: Nano malefico|354\/404|[from] item: Leftovers
|turn|9
|
|move|p2a: Terrakion|Close Combat|p1a: Nano malefico
|-damage|p1a: Nano malefico|138\/404
|-unboost|p2a: Terrakion|def|1
|-unboost|p2a: Terrakion|spd|1
|move|p1a: Nano malefico|Stealth Rock|p2a: Terrakion
|-sidestart|p2: skidoodle|move: Stealth Rock
|
|-heal|p1a: Nano malefico|163\/404|[from] item: Leftovers
|turn|10
|
|switch|p1a: Azumarill|Azumarill, F|401\/401
|-damage|p1a: Azumarill|351\/401|[from] Stealth Rock
|move|p2a: Terrakion|Close Combat|p1a: Azumarill
|-resisted|p1a: Azumarill
|-damage|p1a: Azumarill|219\/401
|-unboost|p2a: Terrakion|def|1
|-unboost|p2a: Terrakion|spd|1
|
|turn|11
|
|move|p1a: Azumarill|Aqua Jet|p2a: Terrakion
|-supereffective|p2a: Terrakion
|-damage|p2a: Terrakion|0 fnt
|faint|p2a: Terrakion
|
|
|switch|p2a: Zapdos|Zapdos|253\/383
|-damage|p2a: Zapdos|158\/383|[from] Stealth Rock
|-ability|p2a: Zapdos|Pressure
|turn|12
|
|move|p2a: Zapdos|Roost|p2a: Zapdos
|-heal|p2a: Zapdos|350\/383
|move|p1a: Azumarill|Play Rough|p2a: Zapdos
|-damage|p2a: Zapdos|202\/383
|
|-heal|p2a: Zapdos|225\/383|[from] item: Leftovers
|turn|13
|
|move|p2a: Zapdos|Roost|p2a: Zapdos
|-heal|p2a: Zapdos|383\/383
|move|p1a: Azumarill|Waterfall|p2a: Zapdos
|-damage|p2a: Zapdos|256\/383
|
|-heal|p2a: Zapdos|279\/383|[from] item: Leftovers
|turn|14
|
|move|p2a: Zapdos|Toxic|p1a: Azumarill
|-status|p1a: Azumarill|tox
|move|p1a: Azumarill|Waterfall|p2a: Zapdos
|-damage|p2a: Zapdos|144\/383
|
|-heal|p2a: Zapdos|167\/383|[from] item: Leftovers
|-damage|p1a: Azumarill|194\/401 tox|[from] psn
|turn|15
|
|switch|p1a: Piroetta|Avalugg, F|394\/394
|-damage|p1a: Piroetta|296\/394|[from] Stealth Rock
|move|p2a: Zapdos|Roost|p2a: Zapdos
|-heal|p2a: Zapdos|359\/383
|
|-heal|p2a: Zapdos|382\/383|[from] item: Leftovers
|-heal|p1a: Piroetta|320\/394|[from] item: Leftovers
|turn|16
|
|move|p2a: Zapdos|Heat Wave|p1a: Piroetta
|-supereffective|p1a: Piroetta
|-damage|p1a: Piroetta|116\/394
|move|p1a: Piroetta|Rapid Spin|p2a: Zapdos
|-damage|p2a: Zapdos|366\/383
|-sideend|p1: alb_prova|Stealth Rock|[from] move: Rapid Spin|[of] p1a: Piroetta
|
|-heal|p2a: Zapdos|383\/383|[from] item: Leftovers
|-heal|p1a: Piroetta|140\/394|[from] item: Leftovers
|turn|17
|
|switch|p1a: Raikou|Raikou|321\/321
|-ability|p1a: Raikou|Pressure
|move|p2a: Zapdos|Volt Switch|p1a: Raikou
|-resisted|p1a: Raikou
|-damage|p1a: Raikou|286\/321
|
|switch|p2a: Excadrill|Excadrill, M|309\/361 par
|-damage|p2a: Excadrill|298\/361 par|[from] Stealth Rock
|-ability|p2a: Excadrill|Mold Breaker
|
|turn|18
|
|switch|p1a: Piroetta|Avalugg, F|140\/394
|cant|p2a: Excadrill|par
|
|-heal|p1a: Piroetta|164\/394|[from] item: Leftovers
|turn|19
|
|move|p2a: Excadrill|Rapid Spin|p1a: Piroetta
|-damage|p1a: Piroetta|148\/394
|-sideend|p2: skidoodle|Stealth Rock|[from] move: Rapid Spin|[of] p2a: Excadrill
|move|p1a: Piroetta|Recover|p1a: Piroetta
|-heal|p1a: Piroetta|345\/394
|
|-heal|p1a: Piroetta|369\/394|[from] item: Leftovers
|turn|20
|
|switch|p2a: Zapdos|Zapdos|383\/383
|-ability|p2a: Zapdos|Pressure
|switch|p1a: Wrongtoad|Poliwrath, F|296\/384
|
|-heal|p1a: Wrongtoad|320\/384|[from] item: Leftovers
|turn|21
|
|switch|p1a: Raikou|Raikou|286\/321
|-ability|p1a: Raikou|Pressure
|move|p2a: Zapdos|Toxic|p1a: Raikou|[miss]
|-miss|p2a: Zapdos|p1a: Raikou
|
|turn|22
|
|move|p1a: Raikou|Volt Switch|p2a: Zapdos
|-damage|p2a: Zapdos|259\/383
|
|switch|p1a: Nano malefico|Jirachi|163\/404
|move|p2a: Zapdos|Roost|p2a: Zapdos
|-heal|p2a: Zapdos|383\/383
|
|-heal|p1a: Nano malefico|188\/404|[from] item: Leftovers
|turn|23
|
|move|p1a: Nano malefico|Stealth Rock|p2a: Zapdos
|-sidestart|p2: skidoodle|move: Stealth Rock
|move|p2a: Zapdos|Heat Wave|p1a: Nano malefico
|-supereffective|p1a: Nano malefico
|-damage|p1a: Nano malefico|60\/404
|
|-heal|p1a: Nano malefico|85\/404|[from] item: Leftovers
|turn|24
|
|switch|p1a: Azumarill|Azumarill, F|194\/401 tox
|move|p2a: Zapdos|Heat Wave|p1a: Azumarill
|-miss|p2a: Zapdos|p1a: Azumarill
|
|-damage|p1a: Azumarill|169\/401 tox|[from] psn
|turn|25
|
|move|p2a: Zapdos|Heat Wave|p1a: Azumarill
|-resisted|p1a: Azumarill
|-damage|p1a: Azumarill|133\/401 tox
|move|p1a: Azumarill|Play Rough|p2a: Zapdos
|-damage|p2a: Zapdos|226\/383
|
|-heal|p2a: Zapdos|249\/383|[from] item: Leftovers
|-damage|p1a: Azumarill|83\/401 tox|[from] psn
|turn|26
|
|move|p2a: Zapdos|Roost|p2a: Zapdos
|-heal|p2a: Zapdos|383\/383
|move|p1a: Azumarill|Waterfall|p2a: Zapdos
|-damage|p2a: Zapdos|241\/383
|
|-heal|p2a: Zapdos|264\/383|[from] item: Leftovers
|-damage|p1a: Azumarill|8\/401 tox|[from] psn
|turn|27
|
|move|p2a: Zapdos|Roost|p2a: Zapdos
|-heal|p2a: Zapdos|383\/383
|move|p1a: Azumarill|Waterfall|p2a: Zapdos
|-damage|p2a: Zapdos|256\/383
|
|-heal|p2a: Zapdos|279\/383|[from] item: Leftovers
|-damage|p1a: Azumarill|0 fnt|[from] psn
|faint|p1a: Azumarill
|
|switch|p1a: Heracross|Heracross, F|308\/308
|turn|28
|
|detailschange|p1a: Heracross|Heracross-Mega, F
|message|Heracross has Mega Evolved into Mega Heracross!
|move|p1a: Heracross|Rock Blast|p2a: Zapdos
|-supereffective|p2a: Zapdos
|-damage|p2a: Zapdos|211\/383
|-supereffective|p2a: Zapdos
|-damage|p2a: Zapdos|147\/383
|-supereffective|p2a: Zapdos
|-damage|p2a: Zapdos|85\/383
|-supereffective|p2a: Zapdos
|-damage|p2a: Zapdos|21\/383
|-supereffective|p2a: Zapdos
|-damage|p2a: Zapdos|0 fnt
|-hitcount|p2a: Zapdos|5
|faint|p2a: Zapdos
|
|
|switch|p2a: Salamence|Salamence-Mega, M|331\/331
|-damage|p2a: Salamence|249\/331|[from] Stealth Rock
|turn|29
|
|switch|p1a: Nano malefico|Jirachi|85\/404
|move|p2a: Salamence|Hyper Voice|p1a: Nano malefico
|-resisted|p1a: Nano malefico
|-damage|p1a: Nano malefico|16\/404
|
|-heal|p1a: Nano malefico|41\/404|[from] item: Leftovers
|turn|30
|
|move|p2a: Salamence|Hyper Voice|p1a: Nano malefico
|-resisted|p1a: Nano malefico
|-damage|p1a: Nano malefico|0 fnt
|faint|p1a: Nano malefico
|
|
|switch|p1a: Raikou|Raikou|286\/321
|-ability|p1a: Raikou|Pressure
|turn|31
|
|switch|p2a: Excadrill|Excadrill, M|298\/361 par
|-damage|p2a: Excadrill|287\/361 par|[from] Stealth Rock
|-ability|p2a: Excadrill|Mold Breaker
|move|p1a: Raikou|Hidden Power|p2a: Excadrill
|-damage|p2a: Excadrill|197\/361 par
|
|turn|32
|
|switch|p1a: Heracross|Heracross-Mega, F|308\/308
|move|p2a: Excadrill|Rapid Spin|p1a: Heracross
|-damage|p1a: Heracross|286\/308
|-sideend|p2: skidoodle|Stealth Rock|[from] move: Rapid Spin|[of] p2a: Excadrill
|
|turn|33
|
|move|p1a: Heracross|Close Combat|p2a: Excadrill
|-supereffective|p2a: Excadrill
|-damage|p2a: Excadrill|0 fnt
|-unboost|p1a: Heracross|def|1
|-unboost|p1a: Heracross|spd|1
|faint|p2a: Excadrill
|
|
|switch|p2a: Hawlucha|Hawlucha, M|312\/312
|turn|34
|
|switch|p1a: Wrongtoad|Poliwrath, F|320\/384
|move|p2a: Hawlucha|Substitute|p2a: Hawlucha
|-start|p2a: Hawlucha|Substitute
|-damage|p2a: Hawlucha|234\/312
|
|-heal|p1a: Wrongtoad|344\/384|[from] item: Leftovers
|turn|35
|
|move|p2a: Hawlucha|Swords Dance|p2a: Hawlucha
|-boost|p2a: Hawlucha|atk|2
|move|p1a: Wrongtoad|Scald|p2a: Hawlucha
|-end|p2a: Hawlucha|Substitute
|
|-heal|p1a: Wrongtoad|368\/384|[from] item: Leftovers
|turn|36
|
|move|p2a: Hawlucha|Substitute|p2a: Hawlucha
|-start|p2a: Hawlucha|Substitute
|-damage|p2a: Hawlucha|156\/312
|-enditem|p2a: Hawlucha|Sitrus Berry|[eat]
|-heal|p2a: Hawlucha|234\/312|[from] item: Sitrus Berry
|move|p1a: Wrongtoad|Scald|p2a: Hawlucha
|-end|p2a: Hawlucha|Substitute
|
|-heal|p1a: Wrongtoad|384\/384|[from] item: Leftovers
|turn|37
|
|move|p2a: Hawlucha|Acrobatics|p1a: Wrongtoad
|-supereffective|p1a: Wrongtoad
|-damage|p1a: Wrongtoad|0 fnt
|faint|p1a: Wrongtoad
|
|
|switch|p1a: Raikou|Raikou|286\/321
|-ability|p1a: Raikou|Pressure
|turn|38
|
|move|p2a: Hawlucha|High Jump Kick|p1a: Raikou
|-damage|p1a: Raikou|0 fnt
|faint|p1a: Raikou
|
|
|switch|p1a: Piroetta|Avalugg, F|369\/394
|turn|39
|
|move|p2a: Hawlucha|High Jump Kick|p1a: Piroetta
|-supereffective|p1a: Piroetta
|-damage|p1a: Piroetta|0 fnt
|faint|p1a: Piroetta
|
|c|âalb_prova|gg
|
|switch|p1a: Heracross|Heracross-Mega, F|286\/308
|turn|40
|c|âskidoodle|gg
|
|move|p2a: Hawlucha|Acrobatics|p1a: Heracross
|-supereffective|p1a: Heracross
|-damage|p1a: Heracross|0 fnt
|faint|p1a: Heracross
|
|win|skidoodle
|raw|Ladder updating...