|join|alb_prova
|join|suplee0215
|player|p1|alb_prova|210
|player|p2|suplee0215|266
|gametype|singles
|gen|6
|tier|OU
|rated
|clearpoke
|poke|p1|Jirachi
|poke|p1|Azumarill, M
|poke|p1|Poliwrath, M
|poke|p1|Heracross, F
|poke|p1|Raikou
|poke|p1|Avalugg, F
|poke|p2|Gardevoir, F
|poke|p2|Excadrill, F
|poke|p2|Talonflame, F
|poke|p2|Rotom-Wash
|poke|p2|Landorus-Therian, M
|poke|p2|Greninja, F
|rule|Swagger Clause: Swagger is banned
|rule|Baton Pass Clause: Limit one PokÃ©mon knowing Baton Pass
|rule|Sleep Clause Mod: Limit one foe put to sleep
|rule|Species Clause: Limit one of each PokÃ©mon
|rule|OHKO Clause: OHKO moves are banned
|rule|Moody Clause: Moody is banned
|rule|Evasion Moves Clause: Evasion moves are banned
|rule|Endless Battle Clause: Forcing endless battles is banned
|rule|HP Percentage Mod: HP is shown in percentages
|teampreview
|
|start
|switch|p1a: Heracross|Heracross, F|309\/309
|switch|p2a: Greninja|Greninja, F|285\/285
|turn|1
|
|switch|p1a: Azumarill|Azumarill, M|401\/401
|move|p2a: Greninja|Hidden Power|p1a: Azumarill
|-start|p2a: Greninja|typechange|Fire|[from] Protean
|-resisted|p1a: Azumarill
|-damage|p1a: Azumarill|358\/401
|-damage|p2a: Greninja|257\/285|[from] item: Life Orb
|
|turn|2
|
|switch|p2a: Rotom-Wash|Rotom-Wash|304\/304
|move|p1a: Azumarill|Knock Off|p2a: Rotom-Wash
|-damage|p2a: Rotom-Wash|179\/304
|-enditem|p2a: Rotom-Wash|Leftovers|[from] move: Knock Off|[of] p1a: Azumarill
|
|turn|3
|
|switch|p1a: Raikou|Raikou|321\/321
|-ability|p1a: Raikou|Pressure
|move|p2a: Rotom-Wash|Will-O-Wisp|p1a: Raikou
|-status|p1a: Raikou|brn
|
|-damage|p1a: Raikou|281\/321 brn|[from] brn
|turn|4
|
|move|p1a: Raikou|Shadow Ball|p2a: Rotom-Wash
|-crit|p2a: Rotom-Wash
|-damage|p2a: Rotom-Wash|93\/304
|move|p2a: Rotom-Wash|Pain Split|p1a: Raikou
|-sethp|p1a: Raikou|187\/321 brn|p2a: Rotom-Wash|187\/304|[from] move: Pain Split
|
|-damage|p1a: Raikou|147\/321 brn|[from] brn
|turn|5
|join|Foxstr
|
|move|p1a: Raikou|Thunderbolt|p2a: Rotom-Wash
|-damage|p2a: Rotom-Wash|84\/304
|move|p2a: Rotom-Wash|Volt Switch|p1a: Raikou
|-resisted|p1a: Raikou
|-damage|p1a: Raikou|117\/321 brn
|
|switch|p2a: Greninja|Greninja, F|257\/285
|
|-damage|p1a: Raikou|77\/321 brn|[from] brn
|turn|6
|
|switch|p1a: Azumarill|Azumarill, M|358\/401
|move|p2a: Greninja|Ice Beam|p1a: Azumarill
|-start|p2a: Greninja|typechange|Ice|[from] Protean
|-resisted|p1a: Azumarill
|-damage|p1a: Azumarill|293\/401
|-damage|p2a: Greninja|229\/285|[from] item: Life Orb
|
|turn|7
|
|switch|p2a: Landorus-Therian|Landorus-Therian, M|382\/382
|-ability|p2a: Landorus-Therian|Intimidate|[of] p1a: Azumarill
|-unboost|p1a: Azumarill|atk|1
|move|p1a: Azumarill|Waterfall|p2a: Landorus-Therian
|-supereffective|p2a: Landorus-Therian
|-damage|p2a: Landorus-Therian|212\/382
|
|-heal|p2a: Landorus-Therian|235\/382|[from] item: Leftovers
|turn|8
|
|switch|p1a: Wrongtoad|Poliwrath, M|384\/384
|move|p2a: Landorus-Therian|Stealth Rock|p1a: Wrongtoad
|-sidestart|p1: alb_prova|move: Stealth Rock
|
|-heal|p2a: Landorus-Therian|258\/382|[from] item: Leftovers
|turn|9
|
|move|p2a: Landorus-Therian|Knock Off|p1a: Wrongtoad
|-crit|p1a: Wrongtoad
|-resisted|p1a: Wrongtoad
|-damage|p1a: Wrongtoad|325\/384
|-enditem|p1a: Wrongtoad|Leftovers|[from] move: Knock Off|[of] p2a: Landorus-Therian
|move|p1a: Wrongtoad|Scald|p2a: Landorus-Therian
|-supereffective|p2a: Landorus-Therian
|-damage|p2a: Landorus-Therian|90\/382
|
|-heal|p2a: Landorus-Therian|113\/382|[from] item: Leftovers
|turn|10
|
|move|p2a: Landorus-Therian|U-turn|p1a: Wrongtoad
|-resisted|p1a: Wrongtoad
|-damage|p1a: Wrongtoad|297\/384
|
|switch|p2a: Gardevoir|Gardevoir, F|277\/277
|-ability|p2a: Gardevoir|Water Absorb|[from] ability: Trace|[of] p1a: Wrongtoad
|move|p1a: Wrongtoad|Circle Throw|p2a: Gardevoir
|-resisted|p2a: Gardevoir
|-damage|p2a: Gardevoir|256\/277
|drag|p2a: Greninja|Greninja, F|229\/285
|
|turn|11
|
|switch|p2a: Gardevoir|Gardevoir, F|256\/277
|-ability|p2a: Gardevoir|Water Absorb|[from] ability: Trace|[of] p1a: Wrongtoad
|move|p1a: Wrongtoad|Scald|p2a: Gardevoir
|-heal|p2a: Gardevoir|277\/277|[from] ability: Water Absorb|[of] p1a: Wrongtoad
|
|turn|12
|leave|Foxstr
|
|switch|p1a: Nano malefico|Jirachi|404\/404
|-damage|p1a: Nano malefico|379\/404|[from] Stealth Rock
|detailschange|p2a: Gardevoir|Gardevoir-Mega, F
|message|Gardevoir has Mega Evolved into Mega Gardevoir!
|move|p2a: Gardevoir|Hyper Voice|p1a: Nano malefico
|-resisted|p1a: Nano malefico
|-damage|p1a: Nano malefico|293\/404
|
|-heal|p1a: Nano malefico|318\/404|[from] item: Leftovers
|turn|13
|
|move|p2a: Gardevoir|Taunt|p1a: Nano malefico
|-start|p1a: Nano malefico|move: Taunt
|cant|p1a: Nano malefico|move: Taunt|Stealth Rock
|
|-heal|p1a: Nano malefico|343\/404|[from] item: Leftovers
|turn|14
|
|switch|p2a: Excadrill|Excadrill, F|361\/361
|-ability|p2a: Excadrill|Mold Breaker
|move|p1a: Nano malefico|Body Slam|p2a: Excadrill
|-resisted|p2a: Excadrill
|-damage|p2a: Excadrill|313\/361
|
|-heal|p1a: Nano malefico|368\/404|[from] item: Leftovers
|turn|15
|
|switch|p1a: Raikou|Raikou|77\/321 brn
|-damage|p1a: Raikou|37\/321 brn|[from] Stealth Rock
|-ability|p1a: Raikou|Pressure
|move|p2a: Excadrill|Earthquake|p1a: Raikou
|-supereffective|p1a: Raikou
|-damage|p1a: Raikou|0 fnt
|faint|p1a: Raikou
|
|
|switch|p1a: Piroetta|Avalugg, F|394\/394
|-damage|p1a: Piroetta|296\/394|[from] Stealth Rock
|turn|16
|
|move|p2a: Excadrill|Earthquake|p1a: Piroetta
|-damage|p1a: Piroetta|184\/394
|move|p1a: Piroetta|Rapid Spin|p2a: Excadrill
|-resisted|p2a: Excadrill
|-damage|p2a: Excadrill|299\/361
|-sideend|p1: alb_prova|Stealth Rock|[from] move: Rapid Spin|[of] p1a: Piroetta
|
|-heal|p1a: Piroetta|208\/394|[from] item: Leftovers
|turn|17
|
|switch|p2a: Landorus-Therian|Landorus-Therian, M|113\/382
|-ability|p2a: Landorus-Therian|Intimidate|[of] p1a: Piroetta
|-unboost|p1a: Piroetta|atk|1
|move|p1a: Piroetta|Recover|p1a: Piroetta
|-heal|p1a: Piroetta|394\/394
|
|-heal|p2a: Landorus-Therian|136\/382|[from] item: Leftovers
|turn|18
|
|move|p2a: Landorus-Therian|Knock Off|p1a: Piroetta
|-damage|p1a: Piroetta|327\/394
|-enditem|p1a: Piroetta|Leftovers|[from] move: Knock Off|[of] p2a: Landorus-Therian
|move|p1a: Piroetta|Avalanche|p2a: Landorus-Therian
|-supereffective|p2a: Landorus-Therian
|-damage|p2a: Landorus-Therian|0 fnt
|faint|p2a: Landorus-Therian
|
|
|switch|p2a: Gardevoir|Gardevoir-Mega, F|277\/277
|turn|19
|
|switch|p1a: Nano malefico|Jirachi|368\/404
|move|p2a: Gardevoir|Hyper Voice|p1a: Nano malefico
|-resisted|p1a: Nano malefico
|-damage|p1a: Nano malefico|285\/404
|
|-heal|p1a: Nano malefico|310\/404|[from] item: Leftovers
|turn|20
|
|move|p2a: Gardevoir|Focus Blast|p1a: Nano malefico
|-damage|p1a: Nano malefico|194\/404
|move|p1a: Nano malefico|Body Slam|p2a: Gardevoir
|-damage|p2a: Gardevoir|182\/277
|
|-heal|p1a: Nano malefico|219\/404|[from] item: Leftovers
|turn|21
|
|move|p2a: Gardevoir|Taunt|p1a: Nano malefico
|-start|p1a: Nano malefico|move: Taunt
|cant|p1a: Nano malefico|move: Taunt|Stealth Rock
|
|-heal|p1a: Nano malefico|244\/404|[from] item: Leftovers
|turn|22
|
|move|p2a: Gardevoir|Focus Blast|p1a: Nano malefico
|-damage|p1a: Nano malefico|112\/404
|move|p1a: Nano malefico|Body Slam|p2a: Gardevoir
|-crit|p2a: Gardevoir
|-damage|p2a: Gardevoir|52\/277
|-status|p2a: Gardevoir|par
|
|-heal|p1a: Nano malefico|137\/404|[from] item: Leftovers
|turn|23
|
|switch|p2a: Excadrill|Excadrill, F|299\/361
|-ability|p2a: Excadrill|Mold Breaker
|move|p1a: Nano malefico|Body Slam|p2a: Excadrill
|-resisted|p2a: Excadrill
|-damage|p2a: Excadrill|249\/361
|
|-heal|p1a: Nano malefico|162\/404|[from] item: Leftovers
|-end|p1a: Nano malefico|move: Taunt
|turn|24
|
|switch|p1a: Wrongtoad|Poliwrath, M|297\/384
|move|p2a: Excadrill|Iron Head|p1a: Wrongtoad
|-resisted|p1a: Wrongtoad
|-damage|p1a: Wrongtoad|239\/384
|
|turn|25
|
|switch|p2a: Talonflame|Talonflame, F|298\/298
|move|p1a: Wrongtoad|Circle Throw|p2a: Talonflame
|-resisted|p2a: Talonflame
|-damage|p2a: Talonflame|250\/298
|drag|p2a: Excadrill|Excadrill, F|249\/361
|-ability|p2a: Excadrill|Mold Breaker
|
|turn|26
|
|move|p2a: Excadrill|Earthquake|p1a: Wrongtoad
|-damage|p1a: Wrongtoad|76\/384
|move|p1a: Wrongtoad|Circle Throw|p2a: Excadrill
|-supereffective|p2a: Excadrill
|-damage|p2a: Excadrill|61\/361
|drag|p2a: Talonflame|Talonflame, F|250\/298
|
|turn|27
|
|move|p2a: Talonflame|Flare Blitz|p1a: Wrongtoad
|-resisted|p1a: Wrongtoad
|-damage|p1a: Wrongtoad|0 fnt
|-damage|p2a: Talonflame|225\/298|[from] recoil|[of] p1a: Wrongtoad
|faint|p1a: Wrongtoad
|
|
|switch|p1a: Piroetta|Avalugg, F|327\/394
|turn|28
|
|move|p2a: Talonflame|Flare Blitz|p1a: Piroetta
|-supereffective|p1a: Piroetta
|-damage|p1a: Piroetta|45\/394
|-damage|p2a: Talonflame|132\/298|[from] recoil|[of] p1a: Piroetta
|move|p1a: Piroetta|Avalanche|p2a: Talonflame
|-damage|p2a: Talonflame|0 fnt
|faint|p2a: Talonflame
|
|
|switch|p2a: Excadrill|Excadrill, F|61\/361
|-ability|p2a: Excadrill|Mold Breaker
|turn|29
|
|move|p2a: Excadrill|Earthquake|p1a: Piroetta
|-damage|p1a: Piroetta|0 fnt
|faint|p1a: Piroetta
|
|
|switch|p1a: Azumarill|Azumarill, M|293\/401
|turn|30
|
|switch|p2a: Rotom-Wash|Rotom-Wash|84\/304
|move|p1a: Azumarill|Aqua Jet|p2a: Rotom-Wash
|-resisted|p2a: Rotom-Wash
|-damage|p2a: Rotom-Wash|42\/304
|
|turn|31
|
|switch|p1a: Nano malefico|Jirachi|162\/404
|move|p2a: Rotom-Wash|Pain Split|p1a: Nano malefico
|-sethp|p1a: Nano malefico|102\/404|p2a: Rotom-Wash|102\/304|[from] move: Pain Split
|
|-heal|p1a: Nano malefico|127\/404|[from] item: Leftovers
|turn|32
|
|move|p1a: Nano malefico|Stealth Rock|p2a: Rotom-Wash
|-sidestart|p2: suplee0215|move: Stealth Rock
|move|p2a: Rotom-Wash|Will-O-Wisp|p1a: Nano malefico
|-status|p1a: Nano malefico|brn
|
|-heal|p1a: Nano malefico|152\/404 brn|[from] item: Leftovers
|-damage|p1a: Nano malefico|102\/404 brn|[from] brn
|turn|33
|
|move|p1a: Nano malefico|Fire Punch|p2a: Rotom-Wash
|-resisted|p2a: Rotom-Wash
|-damage|p2a: Rotom-Wash|88\/304
|-status|p2a: Rotom-Wash|brn
|move|p2a: Rotom-Wash|Hydro Pump|p1a: Nano malefico
|-damage|p1a: Nano malefico|3\/404 brn
|
|-heal|p1a: Nano malefico|28\/404 brn|[from] item: Leftovers
|-damage|p1a: Nano malefico|0 fnt|[from] brn
|-damage|p2a: Rotom-Wash|50\/304 brn|[from] brn
|faint|p1a: Nano malefico
|
|switch|p1a: Heracross|Heracross, F|309\/309
|turn|34
|
|detailschange|p1a: Heracross|Heracross-Mega, F
|message|Heracross has Mega Evolved into Mega Heracross!
|move|p1a: Heracross|Pin Missile|p2a: Rotom-Wash
|-damage|p2a: Rotom-Wash|0 fnt
|-hitcount|p2a: Rotom-Wash|1
|faint|p2a: Rotom-Wash
|
|
|switch|p2a: Excadrill|Excadrill, F|61\/361
|-damage|p2a: Excadrill|50\/361|[from] Stealth Rock
|-ability|p2a: Excadrill|Mold Breaker
|turn|35
|
|move|p2a: Excadrill|Iron Head|p1a: Heracross
|-damage|p1a: Heracross|159\/309
|cant|p1a: Heracross|flinch
|
|turn|36
|
|move|p2a: Excadrill|Iron Head|p1a: Heracross
|-damage|p1a: Heracross|8\/309
|move|p1a: Heracross|Close Combat|p2a: Excadrill
|-supereffective|p2a: Excadrill
|-damage|p2a: Excadrill|0 fnt
|-unboost|p1a: Heracross|def|1
|-unboost|p1a: Heracross|spd|1
|faint|p2a: Excadrill
|
|
|switch|p2a: Greninja|Greninja, F|229\/285
|-damage|p2a: Greninja|194\/285|[from] Stealth Rock
|turn|37
|
|move|p2a: Greninja|Hydro Pump|p1a: Heracross
|-start|p2a: Greninja|typechange|Water|[from] Protean
|-damage|p1a: Heracross|0 fnt
|-damage|p2a: Greninja|166\/285|[from] item: Life Orb
|faint|p1a: Heracross
|
|
|switch|p1a: Azumarill|Azumarill, M|293\/401
|turn|38
|
|move|p2a: Greninja|Hydro Pump|p1a: Azumarill
|-resisted|p1a: Azumarill
|-damage|p1a: Azumarill|214\/401
|-damage|p2a: Greninja|138\/285|[from] item: Life Orb
|move|p1a: Azumarill|Knock Off|p2a: Greninja
|-damage|p2a: Greninja|0 fnt
|-enditem|p2a: Greninja|Life Orb|[from] move: Knock Off|[of] p1a: Azumarill
|faint|p2a: Greninja
|
|
|switch|p2a: Gardevoir|Gardevoir-Mega, F|52\/277 par
|-damage|p2a: Gardevoir|18\/277 par|[from] Stealth Rock
|turn|39
|
|move|p1a: Azumarill|Aqua Jet|p2a: Gardevoir
|-damage|p2a: Gardevoir|0 fnt
|faint|p2a: Gardevoir
|
|win|alb_prova
|raw|Ladder updating...
|raw|alb_prova's rating: 1704 &rarr; <strong>1721<\/strong><br \/>(+17 for winning)
|raw|suplee0215's rating: 1653 &rarr; <strong>1636<\/strong><br \/>(-17 for losing)
|leave|suplee0215
|player|p2