|join|ojb
|join|alb_prova
|player|p1|ojb|265
|player|p2|alb_prova|210
|gametype|singles
|gen|6
|tier|OU
|rated
|clearpoke
|poke|p1|Scolipede, F
|poke|p1|Espeon, F
|poke|p1|Latios, M
|poke|p1|Greninja, F
|poke|p1|Charizard, M
|poke|p1|Wobbuffet, F
|poke|p2|Jirachi
|poke|p2|Azumarill, M
|poke|p2|Poliwrath, F
|poke|p2|Heracross, M
|poke|p2|Raikou
|poke|p2|Avalugg, M
|rule|Swagger Clause: Swagger is banned
|rule|Baton Pass Clause: Limit one PokÃ©mon knowing Baton Pass
|rule|Sleep Clause Mod: Limit one foe put to sleep
|rule|Species Clause: Limit one of each PokÃ©mon
|rule|OHKO Clause: OHKO moves are banned
|rule|Moody Clause: Moody is banned
|rule|Evasion Moves Clause: Evasion moves are banned
|rule|Endless Battle Clause: Forcing endless battles is banned
|rule|HP Percentage Mod: HP is shown in percentages
|teampreview
|
|start
|switch|p1a: Latios|Latios, M|364\/364
|switch|p2a: Heracross|Heracross, M|309\/309
|turn|1
|
|detailschange|p2a: Heracross|Heracross-Mega, M
|message|Heracross has Mega Evolved into Mega Heracross!
|move|p1a: Latios|Reflect|p1a: Latios
|-sidestart|p1: ojb|Reflect
|move|p2a: Heracross|Pin Missile|p1a: Latios
|-supereffective|p1a: Latios
|-damage|p1a: Latios|298\/364
|-supereffective|p1a: Latios
|-damage|p1a: Latios|226\/364
|-supereffective|p1a: Latios
|-damage|p1a: Latios|151\/364
|-supereffective|p1a: Latios
|-damage|p1a: Latios|78\/364
|-supereffective|p1a: Latios
|-damage|p1a: Latios|6\/364
|-hitcount|p1a: Latios|5
|
|turn|2
|
|switch|p2a: Wrongtoad|Poliwrath, F|384\/384
|move|p1a: Latios|Memento|p2a: Wrongtoad
|-unboost|p2a: Wrongtoad|atk|2
|-unboost|p2a: Wrongtoad|spa|2
|faint|p1a: Latios
|
|
|switch|p1a: Scolipede|Scolipede, F|323\/323
|turn|3
|
|switch|p2a: Piroetta|Avalugg, M|394\/394
|move|p1a: Scolipede|Iron Defense|p1a: Scolipede
|-boost|p1a: Scolipede|def|2
|
|-boost|p1a: Scolipede|spe|1|[from] ability: Speed Boost
|turn|4
|
|move|p1a: Scolipede|Substitute|p1a: Scolipede
|-start|p1a: Scolipede|Substitute
|-damage|p1a: Scolipede|243\/323
|move|p2a: Piroetta|Roar|p1a: Scolipede
|drag|p1a: Oh no it's|Wobbuffet, F|584\/584
|
|turn|5
|
|move|p1a: Oh no it's|Encore|p2a: Piroetta
|-start|p2a: Piroetta|Encore
|move|p2a: Piroetta|Roar|p1a: Oh no it's
|drag|p1a: Greninja|Greninja, F|286\/286
|
|turn|6
|
|switch|p2a: Azumarill|Azumarill, M|401\/401
|move|p1a: Greninja|Hydro Pump|p2a: Azumarill
|-start|p1a: Greninja|typechange|Water|[from] Protean
|-crit|p2a: Azumarill
|-resisted|p2a: Azumarill
|-damage|p2a: Azumarill|266\/401
|-damage|p1a: Greninja|258\/286|[from] item: Life Orb
|
|turn|7
|
|switch|p1a: Oh no it's|Wobbuffet, F|584\/584
|move|p2a: Azumarill|Knock Off|p1a: Oh no it's
|-supereffective|p1a: Oh no it's
|-damage|p1a: Oh no it's|367\/584
|-enditem|p1a: Oh no it's|Leftovers|[from] move: Knock Off|[of] p2a: Azumarill
|
|turn|8
|
|move|p2a: Azumarill|Waterfall|p1a: Oh no it's
|-damage|p1a: Oh no it's|236\/584
|move|p1a: Oh no it's|Counter|p2a: Azumarill
|-damage|p2a: Azumarill|4\/401
|
|-sideend|p1: ojb|Reflect
|turn|9
|
|move|p2a: Azumarill|Waterfall|p1a: Oh no it's
|-damage|p1a: Oh no it's|0 fnt
|faint|p1a: Oh no it's
|
|
|switch|p1a: Scolipede|Scolipede, F|243\/323
|turn|10
|join|Kobayaka
|
|move|p2a: Azumarill|Aqua Jet|p1a: Scolipede
|-damage|p1a: Scolipede|173\/323
|move|p1a: Scolipede|Iron Defense|p1a: Scolipede
|-boost|p1a: Scolipede|def|2
|
|-boost|p1a: Scolipede|spe|1|[from] ability: Speed Boost
|turn|11
|
|switch|p2a: Piroetta|Avalugg, M|394\/394
|move|p1a: Scolipede|Iron Defense|p1a: Scolipede
|-boost|p1a: Scolipede|def|2
|
|-boost|p1a: Scolipede|spe|1|[from] ability: Speed Boost
|turn|12
|
|move|p1a: Scolipede|Baton Pass|p1a: Scolipede
|
|switch|p1a: Espeon|Espeon, F|334\/334
|move|p2a: Piroetta|Roar|p1a: Espeon
|move|p1a: Espeon|Roar|p2a: Piroetta|[from]Magic Bounce
|drag|p2a: Wrongtoad|Poliwrath, F|384\/384
|
|turn|13
|
|move|p1a: Espeon|Calm Mind|p1a: Espeon
|-boost|p1a: Espeon|spa|1
|-boost|p1a: Espeon|spd|1
|move|p2a: Wrongtoad|Circle Throw|p1a: Espeon
|-resisted|p1a: Espeon
|-damage|p1a: Espeon|324\/334
|drag|p1a: Greninja|Greninja, F|258\/286
|
|turn|14
|
|move|p1a: Greninja|Extrasensory|p2a: Wrongtoad
|-start|p1a: Greninja|typechange|Psychic|[from] Protean
|-supereffective|p2a: Wrongtoad
|-damage|p2a: Wrongtoad|33\/384
|-damage|p1a: Greninja|230\/286|[from] item: Life Orb
|move|p2a: Wrongtoad|Circle Throw|p1a: Greninja
|-resisted|p1a: Greninja
|-damage|p1a: Greninja|182\/286
|drag|p1a: Charizard|Charizard, M|359\/359
|
|-heal|p2a: Wrongtoad|57\/384|[from] item: Leftovers
|turn|15
|
|detailschange|p1a: Charizard|Charizard-Mega-X, M
|message|Charizard has Mega Evolved into Mega Charizard!
|move|p1a: Charizard|Dragon Claw|p2a: Wrongtoad
|-damage|p2a: Wrongtoad|0 fnt
|faint|p2a: Wrongtoad
|
|
|switch|p2a: Heracross|Heracross-Mega, M|309\/309
|turn|16
|
|move|p2a: Heracross|Rock Blast|p1a: Charizard
|-supereffective|p1a: Charizard
|-damage|p1a: Charizard|291\/359
|-supereffective|p1a: Charizard
|-damage|p1a: Charizard|215\/359
|-supereffective|p1a: Charizard
|-damage|p1a: Charizard|141\/359
|-supereffective|p1a: Charizard
|-damage|p1a: Charizard|63\/359
|-supereffective|p1a: Charizard
|-damage|p1a: Charizard|0 fnt
|-hitcount|p1a: Charizard|5
|faint|p1a: Charizard
|
|
|switch|p1a: Scolipede|Scolipede, F|173\/323
|turn|17
|
|move|p1a: Scolipede|Protect|p1a: Scolipede
|-singleturn|p1a: Scolipede|Protect
|move|p2a: Heracross|Rock Blast|p1a: Scolipede
|-activate|p1a: Scolipede|Protect
|
|-boost|p1a: Scolipede|spe|1|[from] ability: Speed Boost
|turn|18
|
|move|p1a: Scolipede|Iron Defense|p1a: Scolipede
|-boost|p1a: Scolipede|def|2
|move|p2a: Heracross|Rock Blast|p1a: Scolipede
|-supereffective|p1a: Scolipede
|-damage|p1a: Scolipede|143\/323
|-supereffective|p1a: Scolipede
|-damage|p1a: Scolipede|113\/323
|-supereffective|p1a: Scolipede
|-damage|p1a: Scolipede|81\/323
|-supereffective|p1a: Scolipede
|-damage|p1a: Scolipede|49\/323
|-supereffective|p1a: Scolipede
|-damage|p1a: Scolipede|15\/323
|-hitcount|p1a: Scolipede|5
|
|-boost|p1a: Scolipede|spe|1|[from] ability: Speed Boost
|turn|19
|
|move|p1a: Scolipede|Protect|p1a: Scolipede
|-singleturn|p1a: Scolipede|Protect
|move|p2a: Heracross|Pin Missile|p1a: Scolipede
|-activate|p1a: Scolipede|Protect
|
|-boost|p1a: Scolipede|spe|1|[from] ability: Speed Boost
|turn|20
|
|move|p1a: Scolipede|Baton Pass|p1a: Scolipede
|
|switch|p1a: Espeon|Espeon, F|324\/334
|move|p2a: Heracross|Pin Missile|p1a: Espeon
|-supereffective|p1a: Espeon
|-damage|p1a: Espeon|264\/334
|-crit|p1a: Espeon
|-supereffective|p1a: Espeon
|-damage|p1a: Espeon|82\/334
|-supereffective|p1a: Espeon
|-damage|p1a: Espeon|22\/334
|-supereffective|p1a: Espeon
|-damage|p1a: Espeon|0 fnt
|-hitcount|p1a: Espeon|4
|faint|p1a: Espeon
|
|-message|ojb forfeited.
|
|win|alb_prova
|raw|Ladder updating...
|leave|ojb
|player|p1
|c|âalb_prova|bye
|raw|ojb's rating: 1602 &rarr; <strong>1580<\/strong><br \/>(-22 for losing)
|raw|alb_prova's rating: 1569 &rarr; <strong>1591<\/strong><br \/>(+22 for winning)
|c|âalb_prova|lol