|join|Nsoldier21
|join|alb_prova
|player|p1|Nsoldier21|169
|player|p2|alb_prova|210
|gametype|singles
|gen|6
|tier|OU
|rated
|clearpoke
|poke|p1|Venusaur, M
|poke|p1|Rotom-Wash
|poke|p1|Heatran, F
|poke|p1|Mew, shiny
|poke|p1|Landorus-Therian, M
|poke|p1|Dragonite, F
|poke|p2|Jirachi
|poke|p2|Azumarill, M
|poke|p2|Poliwrath, M
|poke|p2|Heracross, F
|poke|p2|Raikou
|poke|p2|Avalugg, F
|rule|Swagger Clause: Swagger is banned
|rule|Baton Pass Clause: Limit one PokÃ©mon knowing Baton Pass
|rule|Sleep Clause Mod: Limit one foe put to sleep
|rule|Species Clause: Limit one of each PokÃ©mon
|rule|OHKO Clause: OHKO moves are banned
|rule|Moody Clause: Moody is banned
|rule|Evasion Moves Clause: Evasion moves are banned
|rule|Endless Battle Clause: Forcing endless battles is banned
|rule|HP Percentage Mod: HP is shown in percentages
|teampreview
|c|âNsoldier21|poliwrath and avalugg lol
|
|start
|switch|p1a: Landorus-Therian|Landorus-Therian, M|320\/320
|switch|p2a: Raikou|Raikou|321\/321
|-ability|p1a: Landorus-Therian|Intimidate|[of] p2a: Raikou
|-unboost|p2a: Raikou|atk|1
|-ability|p2a: Raikou|Pressure
|turn|1
|
|switch|p2a: Wrongtoad|Poliwrath, M|384\/384
|move|p1a: Landorus-Therian|Earthquake|p2a: Wrongtoad
|-damage|p2a: Wrongtoad|249\/384
|
|-heal|p2a: Wrongtoad|273\/384|[from] item: Leftovers
|turn|2
|
|switch|p1a: Venusaur|Venusaur, M|358\/358
|move|p2a: Wrongtoad|Circle Throw|p1a: Venusaur
|-crit|p1a: Venusaur
|-resisted|p1a: Venusaur
|-damage|p1a: Venusaur|303\/358
|drag|p1a: Dragonite|Dragonite, F|324\/324
|
|-heal|p2a: Wrongtoad|297\/384|[from] item: Leftovers
|turn|3
|
|move|p1a: Dragonite|Outrage|p2a: Wrongtoad
|-damage|p2a: Wrongtoad|60\/384
|move|p2a: Wrongtoad|Circle Throw|p1a: Dragonite
|-resisted|p1a: Dragonite
|-damage|p1a: Dragonite|306\/324
|drag|p1a: Heatran|Heatran, F|386\/386
|-item|p1a: Heatran|Air Balloon
|
|-heal|p2a: Wrongtoad|84\/384|[from] item: Leftovers
|turn|4
|
|switch|p1a: Mew|Mew, shiny|404\/404
|move|p2a: Wrongtoad|Rest|p2a: Wrongtoad
|-status|p2a: Wrongtoad|slp
|-heal|p2a: Wrongtoad|384\/384 slp|[silent]
|-status|p2a: Wrongtoad|slp|[from] move: Rest
|
|turn|5
|
|move|p1a: Mew|Knock Off|p2a: Wrongtoad
|-crit|p2a: Wrongtoad
|-resisted|p2a: Wrongtoad
|-damage|p2a: Wrongtoad|343\/384 slp
|-enditem|p2a: Wrongtoad|Leftovers|[from] move: Knock Off|[of] p1a: Mew
|cant|p2a: Wrongtoad|slp
|move|p2a: Wrongtoad|Sleep Talk|p2a: Wrongtoad
|move|p2a: Wrongtoad|Scald|p1a: Mew|[from]Sleep Talk
|-damage|p1a: Mew|349\/404
|-status|p1a: Mew|brn
|
|-heal|p1a: Mew|374\/404 brn|[from] item: Leftovers
|-damage|p1a: Mew|324\/404 brn|[from] brn
|turn|6
|
|switch|p1a: Venusaur|Venusaur, M|303\/358
|cant|p2a: Wrongtoad|slp
|move|p2a: Wrongtoad|Sleep Talk|p2a: Wrongtoad
|move|p2a: Wrongtoad|Circle Throw|p1a: Venusaur|[from]Sleep Talk
|-resisted|p1a: Venusaur
|-damage|p1a: Venusaur|264\/358
|drag|p1a: Mew|Mew, shiny|324\/404 brn
|
|-heal|p1a: Mew|349\/404 brn|[from] item: Leftovers
|-damage|p1a: Mew|299\/404 brn|[from] brn
|turn|7
|
|switch|p1a: Venusaur|Venusaur, M|264\/358
|-curestatus|p2a: Wrongtoad|slp
|move|p2a: Wrongtoad|Circle Throw|p1a: Venusaur
|-resisted|p1a: Venusaur
|-damage|p1a: Venusaur|222\/358
|drag|p1a: Heatran|Heatran, F|386\/386
|-item|p1a: Heatran|Air Balloon
|
|turn|8
|
|move|p1a: Heatran|Lava Plume|p2a: Wrongtoad
|-resisted|p2a: Wrongtoad
|-damage|p2a: Wrongtoad|259\/384
|move|p2a: Wrongtoad|Circle Throw|p1a: Heatran
|-supereffective|p1a: Heatran
|-damage|p1a: Heatran|264\/386
|-enditem|p1a: Heatran|Air Balloon
|drag|p1a: Mew|Mew, shiny|299\/404 brn
|
|-heal|p1a: Mew|324\/404 brn|[from] item: Leftovers
|-damage|p1a: Mew|274\/404 brn|[from] brn
|turn|9
|
|switch|p1a: Venusaur|Venusaur, M|222\/358
|move|p2a: Wrongtoad|Scald|p1a: Venusaur
|-crit|p1a: Venusaur
|-resisted|p1a: Venusaur
|-damage|p1a: Venusaur|183\/358
|
|turn|10
|
|switch|p2a: Nano malefico|Jirachi|404\/404
|detailschange|p1a: Venusaur|Venusaur-Mega, M
|message|Venusaur has Mega Evolved into Mega Venusaur!
|move|p1a: Venusaur|Sludge Bomb|p2a: Nano malefico
|-immune|p2a: Nano malefico|[msg]
|
|turn|11
|
|switch|p1a: Heatran|Heatran, F|264\/386
|move|p2a: Nano malefico|Stealth Rock|p1a: Heatran
|-sidestart|p1: Nsoldier21|move: Stealth Rock
|
|turn|12
|
|switch|p2a: Wrongtoad|Poliwrath, M|259\/384
|move|p1a: Heatran|Lava Plume|p2a: Wrongtoad
|-resisted|p2a: Wrongtoad
|-damage|p2a: Wrongtoad|176\/384
|
|turn|13
|
|move|p1a: Heatran|Lava Plume|p2a: Wrongtoad
|-resisted|p2a: Wrongtoad
|-damage|p2a: Wrongtoad|92\/384
|move|p2a: Wrongtoad|Circle Throw|p1a: Heatran
|-supereffective|p1a: Heatran
|-damage|p1a: Heatran|132\/386
|drag|p1a: Venusaur|Venusaur-Mega, M|183\/358
|-damage|p1a: Venusaur|139\/358|[from] Stealth Rock
|
|turn|14
|
|switch|p2a: Nano malefico|Jirachi|404\/404
|move|p1a: Venusaur|Synthesis|p1a: Venusaur
|-heal|p1a: Venusaur|318\/358
|
|turn|15
|
|switch|p1a: Mew|Mew, shiny|274\/404 brn
|-damage|p1a: Mew|224\/404 brn|[from] Stealth Rock
|move|p2a: Nano malefico|Body Slam|p1a: Mew
|-damage|p1a: Mew|162\/404 brn
|
|-heal|p1a: Mew|187\/404 brn|[from] item: Leftovers
|-damage|p1a: Mew|137\/404 brn|[from] brn
|turn|16
|
|switch|p2a: Wrongtoad|Poliwrath, M|92\/384
|move|p1a: Mew|Soft-Boiled|p1a: Mew
|-heal|p1a: Mew|339\/404 brn
|
|-heal|p1a: Mew|364\/404 brn|[from] item: Leftovers
|-damage|p1a: Mew|314\/404 brn|[from] brn
|turn|17
|
|move|p1a: Mew|Defog|p2a: Wrongtoad
|-unboost|p2a: Wrongtoad|evasion|1
|-sideend|p1: Nsoldier21|Stealth Rock|[from] move: Defog|[of] p1a: Mew
|move|p2a: Wrongtoad|Rest|p2a: Wrongtoad
|-status|p2a: Wrongtoad|slp
|-heal|p2a: Wrongtoad|384\/384 slp|[silent]
|-status|p2a: Wrongtoad|slp|[from] move: Rest
|
|-heal|p1a: Mew|339\/404 brn|[from] item: Leftovers
|-damage|p1a: Mew|289\/404 brn|[from] brn
|turn|18
|
|switch|p1a: Venusaur|Venusaur-Mega, M|318\/358
|cant|p2a: Wrongtoad|slp
|move|p2a: Wrongtoad|Sleep Talk|p2a: Wrongtoad
|move|p2a: Wrongtoad|Scald|p1a: Venusaur|[from]Sleep Talk
|-resisted|p1a: Venusaur
|-damage|p1a: Venusaur|295\/358
|
|turn|19
|
|switch|p1a: Heatran|Heatran, F|132\/386
|switch|p2a: Nano malefico|Jirachi|404\/404
|
|turn|20
|
|switch|p2a: Wrongtoad|Poliwrath, M|384\/384 slp
|move|p1a: Heatran|Lava Plume|p2a: Wrongtoad
|-resisted|p2a: Wrongtoad
|-damage|p2a: Wrongtoad|298\/384 slp
|
|turn|21
|
|move|p1a: Heatran|Earth Power|p2a: Wrongtoad
|-damage|p2a: Wrongtoad|179\/384 slp
|cant|p2a: Wrongtoad|slp
|move|p2a: Wrongtoad|Sleep Talk|p2a: Wrongtoad
|move|p2a: Wrongtoad|Rest|p2a: Wrongtoad|[from]Sleep Talk
|-fail|p2a: Wrongtoad
|
|turn|22
|
|move|p1a: Heatran|Earth Power|p2a: Wrongtoad
|-damage|p2a: Wrongtoad|46\/384 slp
|-curestatus|p2a: Wrongtoad|slp
|move|p2a: Wrongtoad|Rest|p2a: Wrongtoad
|-status|p2a: Wrongtoad|slp
|-heal|p2a: Wrongtoad|384\/384 slp|[silent]
|-status|p2a: Wrongtoad|slp|[from] move: Rest
|
|turn|23
|
|move|p1a: Heatran|Earth Power|p2a: Wrongtoad
|-damage|p2a: Wrongtoad|265\/384 slp
|cant|p2a: Wrongtoad|slp
|move|p2a: Wrongtoad|Sleep Talk|p2a: Wrongtoad
|move|p2a: Wrongtoad|Circle Throw|p1a: Heatran|[from]Sleep Talk
|-supereffective|p1a: Heatran
|-damage|p1a: Heatran|0 fnt
|faint|p1a: Heatran
|
|
|switch|p1a: Dragonite|Dragonite, F|306\/324
|turn|24
|
|move|p1a: Dragonite|Outrage|p2a: Wrongtoad
|-damage|p2a: Wrongtoad|13\/384 slp
|cant|p2a: Wrongtoad|slp
|move|p2a: Wrongtoad|Sleep Talk|p2a: Wrongtoad
|move|p2a: Wrongtoad|Scald|p1a: Dragonite|[from]Sleep Talk
|-resisted|p1a: Dragonite
|-damage|p1a: Dragonite|270\/324
|
|turn|25
|
|switch|p2a: Azumarill|Azumarill, M|401\/401
|move|p1a: Dragonite|Outrage|p2a: Azumarill
|-immune|p2a: Azumarill|[msg]
|
|-end|p1a: Dragonite|rampage
|-start|p1a: Dragonite|confusion
|turn|26
|
|switch|p1a: Venusaur|Venusaur-Mega, M|295\/358
|switch|p2a: Nano malefico|Jirachi|404\/404
|
|turn|27
|
|move|p2a: Nano malefico|Stealth Rock|p1a: Venusaur
|-sidestart|p1: Nsoldier21|move: Stealth Rock
|move|p1a: Venusaur|Hidden Power|p2a: Nano malefico
|-supereffective|p2a: Nano malefico
|-damage|p2a: Nano malefico|316\/404
|
|-heal|p2a: Nano malefico|341\/404|[from] item: Leftovers
|turn|28
|
|switch|p1a: Rotom-Wash|Rotom-Wash|304\/304
|-damage|p1a: Rotom-Wash|266\/304|[from] Stealth Rock
|move|p2a: Nano malefico|Body Slam|p1a: Rotom-Wash
|-damage|p1a: Rotom-Wash|219\/304
|
|-heal|p2a: Nano malefico|366\/404|[from] item: Leftovers
|-heal|p1a: Rotom-Wash|238\/304|[from] item: Leftovers
|turn|29
|
|switch|p2a: Raikou|Raikou|321\/321
|-ability|p2a: Raikou|Pressure
|move|p1a: Rotom-Wash|Thunder Wave|p2a: Raikou
|-fail|p2a: Raikou
|
|-heal|p1a: Rotom-Wash|257\/304|[from] item: Leftovers
|turn|30
|
|move|p2a: Raikou|Hidden Power|p1a: Rotom-Wash
|-crit|p1a: Rotom-Wash
|-resisted|p1a: Rotom-Wash
|-damage|p1a: Rotom-Wash|213\/304
|move|p1a: Rotom-Wash|Hydro Pump|p2a: Raikou
|-damage|p2a: Raikou|231\/321
|
|-heal|p1a: Rotom-Wash|232\/304|[from] item: Leftovers
|turn|31
|
|move|p2a: Raikou|Thunderbolt|p1a: Rotom-Wash
|-crit|p1a: Rotom-Wash
|-damage|p1a: Rotom-Wash|30\/304
|move|p1a: Rotom-Wash|Hydro Pump|p2a: Raikou
|-damage|p2a: Raikou|149\/321
|
|-heal|p1a: Rotom-Wash|49\/304|[from] item: Leftovers
|turn|32
|
|switch|p1a: Venusaur|Venusaur-Mega, M|295\/358
|-damage|p1a: Venusaur|251\/358|[from] Stealth Rock
|move|p2a: Raikou|Shadow Ball|p1a: Venusaur
|-damage|p1a: Venusaur|196\/358
|
|turn|33
|
|move|p2a: Raikou|Volt Switch|p1a: Venusaur
|-crit|p1a: Venusaur
|-resisted|p1a: Venusaur
|-damage|p1a: Venusaur|140\/358
|
|switch|p2a: Nano malefico|Jirachi|366\/404
|move|p1a: Venusaur|Synthesis|p1a: Venusaur
|-heal|p1a: Venusaur|319\/358
|
|-heal|p2a: Nano malefico|391\/404|[from] item: Leftovers
|turn|34
|
|switch|p1a: Mew|Mew, shiny|289\/404 brn
|-damage|p1a: Mew|239\/404 brn|[from] Stealth Rock
|move|p2a: Nano malefico|Body Slam|p1a: Mew
|-damage|p1a: Mew|172\/404 brn
|
|-heal|p2a: Nano malefico|404\/404|[from] item: Leftovers
|-heal|p1a: Mew|197\/404 brn|[from] item: Leftovers
|-damage|p1a: Mew|147\/404 brn|[from] brn
|turn|35
|
|move|p2a: Nano malefico|Iron Head|p1a: Mew
|-damage|p1a: Mew|48\/404 brn
|cant|p1a: Mew|flinch
|
|-heal|p1a: Mew|73\/404 brn|[from] item: Leftovers
|-damage|p1a: Mew|23\/404 brn|[from] brn
|turn|36
|
|move|p2a: Nano malefico|Body Slam|p1a: Mew
|-damage|p1a: Mew|0 fnt
|faint|p1a: Mew
|
|
|switch|p1a: Landorus-Therian|Landorus-Therian, M|320\/320
|-damage|p1a: Landorus-Therian|280\/320|[from] Stealth Rock
|-ability|p1a: Landorus-Therian|Intimidate|[of] p2a: Nano malefico
|-unboost|p2a: Nano malefico|atk|1
|turn|37
|
|switch|p2a: Wrongtoad|Poliwrath, M|13\/384 slp
|move|p1a: Landorus-Therian|Earthquake|p2a: Wrongtoad
|-damage|p2a: Wrongtoad|0 fnt
|faint|p2a: Wrongtoad
|
|
|switch|p2a: Piroetta|Avalugg, F|394\/394
|turn|38
|
|switch|p1a: Venusaur|Venusaur-Mega, M|319\/358
|-damage|p1a: Venusaur|275\/358|[from] Stealth Rock
|move|p2a: Piroetta|Avalanche|p1a: Venusaur
|-supereffective|p1a: Venusaur
|-damage|p1a: Venusaur|201\/358
|
|turn|39
|
|switch|p1a: Landorus-Therian|Landorus-Therian, M|280\/320
|-damage|p1a: Landorus-Therian|240\/320|[from] Stealth Rock
|-ability|p1a: Landorus-Therian|Intimidate|[of] p2a: Piroetta
|-unboost|p2a: Piroetta|atk|1
|switch|p2a: Nano malefico|Jirachi|404\/404
|
|turn|40
|
|switch|p2a: Piroetta|Avalugg, F|394\/394
|move|p1a: Landorus-Therian|Knock Off|p2a: Piroetta
|-damage|p2a: Piroetta|318\/394
|-enditem|p2a: Piroetta|Leftovers|[from] move: Knock Off|[of] p1a: Landorus-Therian
|
|turn|41
|
|switch|p1a: Rotom-Wash|Rotom-Wash|49\/304
|-damage|p1a: Rotom-Wash|11\/304|[from] Stealth Rock
|move|p2a: Piroetta|Roar|p1a: Rotom-Wash
|drag|p1a: Landorus-Therian|Landorus-Therian, M|240\/320
|-damage|p1a: Landorus-Therian|200\/320|[from] Stealth Rock
|-ability|p1a: Landorus-Therian|Intimidate|[of] p2a: Piroetta
|-unboost|p2a: Piroetta|atk|1
|
|turn|42
|
|move|p1a: Landorus-Therian|U-turn|p2a: Piroetta
|-damage|p2a: Piroetta|268\/394
|
|switch|p1a: Venusaur|Venusaur-Mega, M|201\/358
|-damage|p1a: Venusaur|157\/358|[from] Stealth Rock
|move|p2a: Piroetta|Roar|p1a: Venusaur
|drag|p1a: Rotom-Wash|Rotom-Wash|11\/304
|-damage|p1a: Rotom-Wash|0 fnt|[from] Stealth Rock
|faint|p1a: Rotom-Wash
|
|
|switch|p1a: Landorus-Therian|Landorus-Therian, M|200\/320
|-damage|p1a: Landorus-Therian|160\/320|[from] Stealth Rock
|-ability|p1a: Landorus-Therian|Intimidate|[of] p2a: Piroetta
|-unboost|p2a: Piroetta|atk|1
|turn|43
|
|move|p1a: Landorus-Therian|U-turn|p2a: Piroetta
|-damage|p2a: Piroetta|213\/394
|
|switch|p1a: Venusaur|Venusaur-Mega, M|157\/358
|-damage|p1a: Venusaur|113\/358|[from] Stealth Rock
|move|p2a: Piroetta|Roar|p1a: Venusaur
|drag|p1a: Landorus-Therian|Landorus-Therian, M|160\/320
|-damage|p1a: Landorus-Therian|120\/320|[from] Stealth Rock
|-ability|p1a: Landorus-Therian|Intimidate|[of] p2a: Piroetta
|-unboost|p2a: Piroetta|atk|1
|
|turn|44
|
|move|p1a: Landorus-Therian|Stone Edge|p2a: Piroetta
|-supereffective|p2a: Piroetta
|-damage|p2a: Piroetta|75\/394
|move|p2a: Piroetta|Roar|p1a: Landorus-Therian
|drag|p1a: Dragonite|Dragonite, F|270\/324
|-damage|p1a: Dragonite|189\/324|[from] Stealth Rock
|
|turn|45
|
|move|p1a: Dragonite|Earthquake|p2a: Piroetta
|-damage|p2a: Piroetta|0 fnt
|faint|p2a: Piroetta
|
|
|switch|p2a: Heracross|Heracross, F|309\/309
|turn|46
|
|switch|p1a: Landorus-Therian|Landorus-Therian, M|120\/320
|-damage|p1a: Landorus-Therian|80\/320|[from] Stealth Rock
|-ability|p1a: Landorus-Therian|Intimidate|[of] p2a: Heracross
|-unboost|p2a: Heracross|atk|1
|detailschange|p2a: Heracross|Heracross-Mega, F
|message|Heracross has Mega Evolved into Mega Heracross!
|move|p2a: Heracross|Rock Blast|p1a: Landorus-Therian
|-damage|p1a: Landorus-Therian|52\/320
|-crit|p1a: Landorus-Therian
|-damage|p1a: Landorus-Therian|0 fnt
|-hitcount|p1a: Landorus-Therian|2
|faint|p1a: Landorus-Therian
|
|
|switch|p1a: Dragonite|Dragonite, F|189\/324
|-damage|p1a: Dragonite|108\/324|[from] Stealth Rock
|turn|47
|
|switch|p2a: Azumarill|Azumarill, M|401\/401
|move|p1a: Dragonite|Outrage|p2a: Azumarill
|-immune|p2a: Azumarill|[msg]
|
|turn|48
|
|switch|p1a: Venusaur|Venusaur-Mega, M|113\/358
|-damage|p1a: Venusaur|69\/358|[from] Stealth Rock
|move|p2a: Azumarill|Knock Off|p1a: Venusaur
|-damage|p1a: Venusaur|0 fnt
|faint|p1a: Venusaur
|
|-message|Nsoldier21 forfeited.
|
|win|alb_prova
|raw|Ladder updating...
|leave|Nsoldier21
|player|p1
|raw|Nsoldier21's rating: 1652 &rarr; <strong>1629<\/strong><br \/>(-23 for losing)
|raw|alb_prova's rating: 1596 &rarr; <strong>1620<\/strong><br \/>(+24 for winning)