|join|Almares
|join|alb_prova
|player|p1|Almares|190
|player|p2|alb_prova|210
|gametype|singles
|gen|6
|tier|OU
|rated
|clearpoke
|poke|p1|Latias, F
|poke|p1|Magnezone
|poke|p1|Magneton
|poke|p1|Mamoswine, M
|poke|p1|Scizor, F
|poke|p1|Talonflame, F
|poke|p2|Camerupt, F
|poke|p2|Clefable, F
|poke|p2|Chesnaught, F
|poke|p2|Bronzong
|poke|p2|Tentacruel, F
|poke|p2|Tyranitar, M
|rule|Swagger Clause: Swagger is banned
|rule|Baton Pass Clause: Limit one PokÃ©mon knowing Baton Pass
|rule|Sleep Clause Mod: Limit one foe put to sleep
|rule|Species Clause: Limit one of each PokÃ©mon
|rule|OHKO Clause: OHKO moves are banned
|rule|Moody Clause: Moody is banned
|rule|Evasion Moves Clause: Evasion moves are banned
|rule|Endless Battle Clause: Forcing endless battles is banned
|rule|HP Percentage Mod: HP is shown in percentages
|teampreview
|
|start
|switch|p1a: Mamoswine|Mamoswine, M|388\/388
|switch|p2a: Bronzong|Bronzong|338\/338
|turn|1
|
|switch|p1a: Magnezone|Magnezone|344\/344
|move|p2a: Bronzong|Trick Room|p2a: Bronzong
|-fieldstart|move: Trick Room|[of] p2a: Bronzong
|
|turn|2
|
|move|p2a: Bronzong|Explosion|p1a: Magnezone
|-resisted|p1a: Magnezone
|-damage|p1a: Magnezone|265\/344
|faint|p2a: Bronzong
|move|p1a: Magnezone|Hidden Power|p2: Bronzong|[notarget]
|-notarget
|
|
|switch|p2a: Camerupt|Camerupt, F|344\/344
|turn|3
|
|switch|p1a: Talonflame|Talonflame, F|359\/359
|detailschange|p2a: Camerupt|Camerupt-Mega, F
|message|Camerupt has Mega Evolved into Mega Camerupt!
|move|p2a: Camerupt|Fire Blast|p1a: Talonflame
|-resisted|p1a: Talonflame
|-damage|p1a: Talonflame|196\/359
|
|-heal|p1a: Talonflame|218\/359|[from] item: Leftovers
|turn|4
|
|move|p1a: Talonflame|Roost|p1a: Talonflame
|-heal|p1a: Talonflame|359\/359
|move|p2a: Camerupt|Ancient Power|p1a: Talonflame
|-supereffective|p1a: Talonflame
|-damage|p1a: Talonflame|109\/359
|
|-heal|p1a: Talonflame|131\/359|[from] item: Leftovers
|turn|5
|
|switch|p1a: Latias|Latias, F|364\/364
|move|p2a: Camerupt|Earth Power|p1a: Latias
|-immune|p1a: Latias|[msg]
|
|-fieldend|move: Trick Room
|turn|6
|
|switch|p2a: Tyranitar|Tyranitar, M|404\/404
|-weather|Sandstorm
|detailschange|p1a: Latias|Latias-Mega, F
|message|Latias has Mega Evolved into Mega Latias!
|move|p1a: Latias|Calm Mind|p1a: Latias
|-boost|p1a: Latias|spa|1
|-boost|p1a: Latias|spd|1
|
|-weather|Sandstorm|[upkeep]
|-damage|p1a: Latias|342\/364|[from] sandstorm
|turn|7
|
|switch|p1a: Scizor|Scizor, F|344\/344
|move|p2a: Tyranitar|Crunch|p1a: Scizor
|-damage|p1a: Scizor|208\/344
|-unboost|p1a: Scizor|def|1
|
|-weather|Sandstorm|[upkeep]
|turn|8
|
|switch|p1a: Magnezone|Magnezone|265\/344
|switch|p2a: Tentacruel|Tentacruel, F|364\/364
|
|-weather|Sandstorm|[upkeep]
|-damage|p2a: Tentacruel|342\/364|[from] sandstorm
|-heal|p2a: Tentacruel|364\/364|[from] item: Black Sludge
|turn|9
|
|switch|p2a: Camerupt|Camerupt-Mega, F|344\/344
|switch|p1a: Mamoswine|Mamoswine, M|388\/388
|
|-weather|Sandstorm|[upkeep]
|turn|10
|
|switch|p2a: Chesnaught|Chesnaught, F|379\/379
|move|p1a: Mamoswine|Earthquake|p2a: Chesnaught
|-resisted|p2a: Chesnaught
|-damage|p2a: Chesnaught|278\/379
|-damage|p1a: Mamoswine|350\/388|[from] item: Life Orb
|
|-weather|none
|-heal|p2a: Chesnaught|301\/379|[from] item: Leftovers
|turn|11
|
|move|p2a: Chesnaught|Drain Punch|p1a: Mamoswine
|-supereffective|p1a: Mamoswine
|-damage|p1a: Mamoswine|120\/388
|-heal|p2a: Chesnaught|379\/379|[from] drain|[of] p1a: Mamoswine
|move|p1a: Mamoswine|Stealth Rock|p2a: Chesnaught
|-sidestart|p2: alb_prova|move: Stealth Rock
|
|turn|12
|
|switch|p1a: Talonflame|Talonflame, F|131\/359
|move|p2a: Chesnaught|Drain Punch|p1a: Talonflame
|-resisted|p1a: Talonflame
|-damage|p1a: Talonflame|68\/359
|
|-heal|p1a: Talonflame|90\/359|[from] item: Leftovers
|turn|13
|
|switch|p2a: Tyranitar|Tyranitar, M|404\/404
|-damage|p2a: Tyranitar|354\/404|[from] Stealth Rock
|-weather|Sandstorm
|move|p1a: Talonflame|Roost|p1a: Talonflame
|-heal|p1a: Talonflame|270\/359
|
|-weather|Sandstorm|[upkeep]
|-damage|p1a: Talonflame|248\/359|[from] sandstorm
|-heal|p1a: Talonflame|270\/359|[from] item: Leftovers
|turn|14
|
|move|p1a: Talonflame|Taunt|p2a: Tyranitar
|-start|p2a: Tyranitar|move: Taunt
|move|p2a: Tyranitar|Stone Edge|p1a: Talonflame
|-supereffective|p1a: Talonflame
|-damage|p1a: Talonflame|0 fnt
|faint|p1a: Talonflame
|
|-weather|Sandstorm|[upkeep]
|
|switch|p1a: Scizor|Scizor, F|208\/344
|turn|15
|
|switch|p2a: Tentacruel|Tentacruel, F|364\/364
|-damage|p2a: Tentacruel|319\/364|[from] Stealth Rock
|move|p1a: Scizor|U-turn|p2a: Tentacruel
|-resisted|p2a: Tentacruel
|-damage|p2a: Tentacruel|199\/364
|
|switch|p1a: Mamoswine|Mamoswine, M|120\/388
|
|-weather|Sandstorm|[upkeep]
|-damage|p2a: Tentacruel|177\/364|[from] sandstorm
|-heal|p2a: Tentacruel|199\/364|[from] item: Black Sludge
|turn|16
|
|move|p2a: Tentacruel|Scald|p1a: Mamoswine
|-supereffective|p1a: Mamoswine
|-damage|p1a: Mamoswine|0 fnt
|faint|p1a: Mamoswine
|
|-weather|Sandstorm|[upkeep]
|-damage|p2a: Tentacruel|177\/364|[from] sandstorm
|-heal|p2a: Tentacruel|199\/364|[from] item: Black Sludge
|
|switch|p1a: Magneton|Magneton|242\/242
|turn|17
|
|switch|p1a: Scizor|Scizor, F|208\/344
|switch|p2a: Camerupt|Camerupt-Mega, F|344\/344
|-damage|p2a: Camerupt|301\/344|[from] Stealth Rock
|
|-weather|none
|turn|18
|
|switch|p1a: Latias|Latias-Mega, F|342\/364
|move|p2a: Camerupt|Fire Blast|p1a: Latias
|-resisted|p1a: Latias
|-damage|p1a: Latias|233\/364
|
|turn|19
|
|switch|p1a: Scizor|Scizor, F|208\/344
|switch|p2a: Tyranitar|Tyranitar, M|354\/404
|-damage|p2a: Tyranitar|304\/404|[from] Stealth Rock
|-weather|Sandstorm
|
|-weather|Sandstorm|[upkeep]
|turn|20
|
|switch|p2a: Tentacruel|Tentacruel, F|199\/364
|-damage|p2a: Tentacruel|154\/364|[from] Stealth Rock
|move|p1a: Scizor|U-turn|p2a: Tentacruel
|-resisted|p2a: Tentacruel
|-damage|p2a: Tentacruel|46\/364
|
|switch|p1a: Magneton|Magneton|242\/242
|
|-weather|Sandstorm|[upkeep]
|-damage|p2a: Tentacruel|24\/364|[from] sandstorm
|-heal|p2a: Tentacruel|46\/364|[from] item: Black Sludge
|turn|21
|
|move|p1a: Magneton|Flash Cannon|p2a: Tentacruel
|-resisted|p2a: Tentacruel
|-damage|p2a: Tentacruel|0 fnt
|faint|p2a: Tentacruel
|
|-weather|Sandstorm|[upkeep]
|
|switch|p2a: Camerupt|Camerupt-Mega, F|301\/344
|-damage|p2a: Camerupt|258\/344|[from] Stealth Rock
|turn|22
|
|switch|p1a: Latias|Latias-Mega, F|233\/364
|move|p2a: Camerupt|Stealth Rock|p1a: Latias
|-sidestart|p1: Almares|move: Stealth Rock
|
|-weather|Sandstorm|[upkeep]
|-damage|p1a: Latias|211\/364|[from] sandstorm
|turn|23
|
|switch|p2a: Tyranitar|Tyranitar, M|304\/404
|-damage|p2a: Tyranitar|254\/404|[from] Stealth Rock
|move|p1a: Latias|Calm Mind|p1a: Latias
|-boost|p1a: Latias|spa|1
|-boost|p1a: Latias|spd|1
|
|-weather|none
|turn|24
|
|move|p2a: Tyranitar|Pursuit|p1a: Latias|[from]Pursuit
|-supereffective|p1a: Latias
|-damage|p1a: Latias|35\/364
|switch|p1a: Magnezone|Magnezone|265\/344
|-damage|p1a: Magnezone|244\/344|[from] Stealth Rock
|
|turn|25
|
|move|p2a: Tyranitar|Earthquake|p1a: Magnezone
|-supereffective|p1a: Magnezone
|-damage|p1a: Magnezone|0 fnt
|faint|p1a: Magnezone
|
|
|switch|p1a: Scizor|Scizor, F|208\/344
|-damage|p1a: Scizor|165\/344|[from] Stealth Rock
|turn|26
|
|switch|p2a: Chesnaught|Chesnaught, F|379\/379
|-damage|p2a: Chesnaught|356\/379|[from] Stealth Rock
|move|p1a: Scizor|Bullet Punch|p2a: Chesnaught
|-damage|p2a: Chesnaught|220\/379
|
|-heal|p2a: Chesnaught|243\/379|[from] item: Leftovers
|turn|27
|
|move|p1a: Scizor|Bullet Punch|p2a: Chesnaught
|-damage|p2a: Chesnaught|93\/379
|move|p2a: Chesnaught|Drain Punch|p1a: Scizor
|-damage|p1a: Scizor|74\/344
|-heal|p2a: Chesnaught|139\/379|[from] drain|[of] p1a: Scizor
|
|-heal|p2a: Chesnaught|162\/379|[from] item: Leftovers
|turn|28
|
|move|p1a: Scizor|Bullet Punch|p2a: Chesnaught
|-damage|p2a: Chesnaught|26\/379
|move|p2a: Chesnaught|Drain Punch|p1a: Scizor
|-damage|p1a: Scizor|0 fnt
|-heal|p2a: Chesnaught|63\/379|[from] drain|[of] p1a: Scizor
|faint|p1a: Scizor
|
|-heal|p2a: Chesnaught|86\/379|[from] item: Leftovers
|
|switch|p1a: Magneton|Magneton|242\/242
|-damage|p1a: Magneton|227\/242|[from] Stealth Rock
|turn|29
|
|move|p1a: Magneton|Hidden Power|p2a: Chesnaught
|-supereffective|p2a: Chesnaught
|-damage|p2a: Chesnaught|0 fnt
|faint|p2a: Chesnaught
|
|
|switch|p2a: Tyranitar|Tyranitar, M|254\/404
|-damage|p2a: Tyranitar|204\/404|[from] Stealth Rock
|-weather|Sandstorm
|turn|30
|
|move|p1a: Magneton|Hidden Power|p2a: Tyranitar
|-damage|p2a: Tyranitar|176\/404
|move|p2a: Tyranitar|Earthquake|p1a: Magneton
|-supereffective|p1a: Magneton
|-damage|p1a: Magneton|0 fnt
|faint|p1a: Magneton
|
|-weather|Sandstorm|[upkeep]
|
|switch|p1a: Latias|Latias-Mega, F|35\/364
|-damage|p1a: Latias|0 fnt|[from] Stealth Rock
|faint|p1a: Latias
|
|win|alb_prova
|raw|Ladder updating...
|leave|Almares
|player|p1
|raw|Almares's rating: 1469 &rarr; <strong>1444<\/strong><br \/>(-25 for losing)
|raw|alb_prova's rating: 1383 &rarr; <strong>1407<\/strong><br \/>(+24 for winning)
|c|âalb_prova|gg