|join|Chocolove
|join|alb_prova
|player|p1|Chocolove|29
|player|p2|alb_prova|210
|gametype|singles
|gen|6
|tier|OU
|rated
|clearpoke
|poke|p1|Crawdaunt, M
|poke|p1|Raikou
|poke|p1|Heatran, M
|poke|p1|Greninja, M
|poke|p1|Landorus-Therian, M
|poke|p1|Metagross
|poke|p2|Clefable, F
|poke|p2|Chesnaught, M
|poke|p2|Bronzong
|poke|p2|Tentacruel, M
|poke|p2|Tyranitar, F
|poke|p2|Charizard, F
|rule|Swagger Clause: Swagger is banned
|rule|Baton Pass Clause: Limit one PokÃ©mon knowing Baton Pass
|rule|Sleep Clause Mod: Limit one foe put to sleep
|rule|Species Clause: Limit one of each PokÃ©mon
|rule|OHKO Clause: OHKO moves are banned
|rule|Moody Clause: Moody is banned
|rule|Evasion Moves Clause: Evasion moves are banned
|rule|Endless Battle Clause: Forcing endless battles is banned
|rule|HP Percentage Mod: HP is shown in percentages
|teampreview
|
|start
|switch|p1a: X-Laws|Metagross|302\/302
|switch|p2a: Chesnaught|Chesnaught, M|379\/379
|turn|1
|
|detailschange|p1a: X-Laws|Metagross-Mega
|message|Metagross has Mega Evolved into Mega Metagross!
|move|p2a: Chesnaught|Spiky Shield|p2a: Chesnaught
|-singleturn|p2a: Chesnaught|move: Protect
|move|p1a: X-Laws|Meteor Mash|p2a: Chesnaught
|-activate|p2a: Chesnaught|move: Protect
|-damage|p1a: X-Laws|265\/302|[from] Spiky Shield|[of] p2a: Chesnaught
|
|turn|2
|
|switch|p2a: Bronzong|Bronzong|338\/338
|move|p1a: X-Laws|Meteor Mash|p2a: Bronzong
|-resisted|p2a: Bronzong
|-damage|p2a: Bronzong|257\/338
|-boost|p1a: X-Laws|atk|1
|
|-heal|p2a: Bronzong|278\/338|[from] item: Leftovers
|turn|3
|
|move|p1a: X-Laws|Meteor Mash|p2a: Bronzong
|-resisted|p2a: Bronzong
|-damage|p2a: Bronzong|147\/338
|move|p2a: Bronzong|Earthquake|p1a: X-Laws
|-supereffective|p1a: X-Laws
|-damage|p1a: X-Laws|163\/302
|
|-heal|p2a: Bronzong|168\/338|[from] item: Leftovers
|turn|4
|
|move|p1a: X-Laws|Meteor Mash|p2a: Bronzong
|-resisted|p2a: Bronzong
|-damage|p2a: Bronzong|34\/338
|-boost|p1a: X-Laws|atk|1
|move|p2a: Bronzong|Earthquake|p1a: X-Laws
|-supereffective|p1a: X-Laws
|-damage|p1a: X-Laws|63\/302
|
|-heal|p2a: Bronzong|55\/338|[from] item: Leftovers
|turn|5
|
|move|p1a: X-Laws|Meteor Mash|p2a: Bronzong
|-resisted|p2a: Bronzong
|-damage|p2a: Bronzong|0 fnt
|faint|p2a: Bronzong
|
|
|switch|p2a: Chesnaught|Chesnaught, M|379\/379
|turn|6
|
|move|p2a: Chesnaught|Spiky Shield|p2a: Chesnaught
|-singleturn|p2a: Chesnaught|move: Protect
|move|p1a: X-Laws|Zen Headbutt|p2a: Chesnaught
|-activate|p2a: Chesnaught|move: Protect
|-damage|p1a: X-Laws|26\/302|[from] Spiky Shield|[of] p2a: Chesnaught
|
|turn|7
|
|switch|p2a: Tyranitar|Tyranitar, F|404\/404
|-weather|Sandstorm
|move|p1a: X-Laws|Zen Headbutt|p2a: Tyranitar
|-immune|p2a: Tyranitar|[msg]
|
|-weather|Sandstorm|[upkeep]
|turn|8
|
|move|p1a: X-Laws|Meteor Mash|p2a: Tyranitar
|-supereffective|p2a: Tyranitar
|-damage|p2a: Tyranitar|0 fnt
|faint|p2a: Tyranitar
|
|-weather|Sandstorm|[upkeep]
|
|switch|p2a: Chesnaught|Chesnaught, M|379\/379
|turn|9
|
|move|p2a: Chesnaught|Spiky Shield|p2a: Chesnaught
|-singleturn|p2a: Chesnaught|move: Protect
|move|p1a: X-Laws|Zen Headbutt|p2a: Chesnaught
|-activate|p2a: Chesnaught|move: Protect
|-damage|p1a: X-Laws|0 fnt|[from] Spiky Shield|[of] p2a: Chesnaught
|faint|p1a: X-Laws
|
|-weather|Sandstorm|[upkeep]
|-damage|p2a: Chesnaught|356\/379|[from] sandstorm
|-heal|p2a: Chesnaught|379\/379|[from] item: Leftovers
|
|switch|p1a: Summertime|Heatran, M|371\/371
|turn|10
|
|switch|p2a: Charizard|Charizard, F|333\/333
|move|p1a: Summertime|Stealth Rock|p2a: Charizard
|-sidestart|p2: alb_prova|move: Stealth Rock
|
|-weather|Sandstorm|[upkeep]
|-damage|p2a: Charizard|313\/333|[from] sandstorm
|turn|11
|
|detailschange|p2a: Charizard|Charizard-Mega-X, F
|message|Charizard has Mega Evolved into Mega Charizard!
|move|p2a: Charizard|Dragon Claw|p1a: Summertime
|-resisted|p1a: Summertime
|-damage|p1a: Summertime|268\/371
|move|p1a: Summertime|Roar|p2a: Charizard
|drag|p2a: Clefable|Clefable, F|394\/394
|-damage|p2a: Clefable|345\/394|[from] Stealth Rock
|
|-weather|none
|-heal|p1a: Summertime|291\/371|[from] item: Leftovers
|-heal|p2a: Clefable|369\/394|[from] item: Leftovers
|turn|12
|
|move|p1a: Summertime|Taunt|p2a: Clefable
|-start|p2a: Clefable|move: Taunt
|cant|p2a: Clefable|move: Taunt|Calm Mind
|
|-heal|p1a: Summertime|314\/371|[from] item: Leftovers
|-heal|p2a: Clefable|393\/394|[from] item: Leftovers
|turn|13
|
|move|p1a: Summertime|Lava Plume|p2a: Clefable
|-damage|p2a: Clefable|257\/394
|-status|p2a: Clefable|brn
|move|p2a: Clefable|Moonblast|p1a: Summertime
|-resisted|p1a: Summertime
|-damage|p1a: Summertime|294\/371
|-unboost|p1a: Summertime|spa|1
|
|-heal|p1a: Summertime|317\/371|[from] item: Leftovers
|-heal|p2a: Clefable|281\/394 brn|[from] item: Leftovers
|-damage|p2a: Clefable|232\/394 brn|[from] brn
|turn|14
|c|âalb_prova|gg
|-message|alb_prova forfeited.
|
|win|Chocolove
|raw|Ladder updating...
|raw|Chocolove's rating: 1488 &rarr; <strong>1505<\/strong><br \/>(+17 for winning)
|raw|alb_prova's rating: 1434 &rarr; <strong>1417<\/strong><br \/>(-17 for losing)
|leave|alb_prova
|player|p2
|c|âChocolove|gg