|join|Oldmanbrian
|join|alb_prova
|player|p1|Oldmanbrian|244
|player|p2|alb_prova|210
|gametype|singles
|gen|6
|tier|OU
|rated
|clearpoke
|poke|p1|Sylveon, F
|poke|p1|Aerodactyl, F
|poke|p1|Starmie
|poke|p1|Scizor, M
|poke|p1|Garchomp, M
|poke|p1|Raikou
|poke|p2|Camerupt, F
|poke|p2|Clefable, M
|poke|p2|Tyranitar, F
|poke|p2|Breloom, M
|poke|p2|Mandibuzz, F
|poke|p2|Manaphy
|rule|Swagger Clause: Swagger is banned
|rule|Baton Pass Clause: Limit one PokÃ©mon knowing Baton Pass
|rule|Sleep Clause Mod: Limit one foe put to sleep
|rule|Species Clause: Limit one of each PokÃ©mon
|rule|OHKO Clause: OHKO moves are banned
|rule|Moody Clause: Moody is banned
|rule|Evasion Moves Clause: Evasion moves are banned
|rule|Endless Battle Clause: Forcing endless battles is banned
|rule|HP Percentage Mod: HP is shown in percentages
|teampreview
|
|start
|switch|p1a: Starmie|Starmie|261\/261
|switch|p2a: Manaphy|Manaphy|404\/404
|turn|1
|
|move|p1a: Starmie|Thunderbolt|p2a: Manaphy
|-supereffective|p2a: Manaphy
|-damage|p2a: Manaphy|173\/404
|-damage|p1a: Starmie|235\/261|[from] item: Life Orb
|move|p2a: Manaphy|Calm Mind|p2a: Manaphy
|-boost|p2a: Manaphy|spa|1
|-boost|p2a: Manaphy|spd|1
|
|-heal|p2a: Manaphy|198\/404|[from] item: Leftovers
|turn|2
|
|switch|p2a: Tyranitar|Tyranitar, F|404\/404
|-weather|Sandstorm
|move|p1a: Starmie|Thunderbolt|p2a: Tyranitar
|-damage|p2a: Tyranitar|340\/404
|-damage|p1a: Starmie|209\/261|[from] item: Life Orb
|
|-weather|Sandstorm|[upkeep]
|-damage|p1a: Starmie|193\/261|[from] sandstorm
|turn|3
|
|move|p2a: Tyranitar|Pursuit|p1a: Starmie|[from]Pursuit
|-supereffective|p1a: Starmie
|-damage|p1a: Starmie|0 fnt
|faint|p1a: Starmie
|
|-weather|Sandstorm|[upkeep]
|
|switch|p1a: Scizor|Scizor, M|343\/343
|turn|4
|
|switch|p2a: Mandibuzz|Mandibuzz, F|424\/424
|move|p1a: Scizor|U-turn|p2a: Mandibuzz
|-damage|p2a: Mandibuzz|261\/424
|
|switch|p1a: Sylveon|Sylveon, F|392\/392
|
|-weather|Sandstorm|[upkeep]
|-damage|p1a: Sylveon|368\/392|[from] sandstorm
|-heal|p2a: Mandibuzz|287\/424|[from] item: Leftovers
|turn|5
|
|switch|p2a: Camerupt|Camerupt, F|331\/331
|move|p1a: Sylveon|Hyper Voice|p2a: Camerupt
|-resisted|p2a: Camerupt
|-damage|p2a: Camerupt|127\/331
|
|-weather|Sandstorm|[upkeep]
|-damage|p1a: Sylveon|344\/392|[from] sandstorm
|turn|6
|
|switch|p2a: Mandibuzz|Mandibuzz, F|287\/424
|move|p1a: Sylveon|Hyper Voice|p2a: Mandibuzz
|-supereffective|p2a: Mandibuzz
|-damage|p2a: Mandibuzz|0 fnt
|faint|p2a: Mandibuzz
|
|-weather|none
|
|switch|p2a: Breloom|Breloom, M|323\/323
|turn|7
|
|switch|p1a: Aerodactyl|Aerodactyl, F|301\/301
|-ability|p1a: Aerodactyl|Pressure
|move|p2a: Breloom|Spore|p1a: Aerodactyl
|-status|p1a: Aerodactyl|slp
|
|-status|p2a: Breloom|tox|[from] item: Toxic Orb
|turn|8
|
|switch|p1a: Scizor|Scizor, M|343\/343
|move|p2a: Breloom|Seed Bomb|p1a: Scizor
|-resisted|p1a: Scizor
|-damage|p1a: Scizor|313\/343
|
|turn|9
|
|move|p2a: Breloom|Substitute|p2a: Breloom
|-start|p2a: Breloom|Substitute
|-damage|p2a: Breloom|243\/323 tox
|move|p1a: Scizor|U-turn|p2a: Breloom
|-end|p2a: Breloom|Substitute
|
|switch|p1a: Raikou|Raikou|321\/321
|-ability|p1a: Raikou|Pressure
|
|-heal|p2a: Breloom|283\/323 tox|[from] ability: Poison Heal
|turn|10
|
|switch|p2a: Tyranitar|Tyranitar, F|340\/404
|-weather|Sandstorm
|move|p1a: Raikou|Hidden Power|p2a: Tyranitar
|-damage|p2a: Tyranitar|311\/404
|
|-weather|Sandstorm|[upkeep]
|-damage|p1a: Raikou|301\/321|[from] sandstorm
|turn|11
|
|move|p1a: Raikou|Volt Switch|p2a: Tyranitar
|-damage|p2a: Tyranitar|259\/404
|
|move|p2a: Tyranitar|Pursuit|p1a: Raikou|[from]Pursuit
|-damage|p1a: Raikou|117\/321
|switch|p1a: Garchomp|Garchomp, M|420\/420
|
|-weather|Sandstorm|[upkeep]
|turn|12
|
|switch|p2a: Breloom|Breloom, M|283\/323 tox
|move|p1a: Garchomp|Earthquake|p2a: Breloom
|-resisted|p2a: Breloom
|-damage|p2a: Breloom|189\/323 tox
|
|-weather|Sandstorm|[upkeep]
|-damage|p2a: Breloom|169\/323 tox|[from] sandstorm
|-heal|p2a: Breloom|209\/323 tox|[from] ability: Poison Heal
|turn|13
|
|move|p1a: Garchomp|Fire Blast|p2a: Breloom
|-supereffective|p2a: Breloom
|-damage|p2a: Breloom|53\/323 tox
|move|p2a: Breloom|Seed Bomb|p1a: Garchomp
|-damage|p1a: Garchomp|336\/420
|
|-weather|Sandstorm|[upkeep]
|-damage|p2a: Breloom|33\/323 tox|[from] sandstorm
|-heal|p2a: Breloom|73\/323 tox|[from] ability: Poison Heal
|turn|14
|
|switch|p2a: Manaphy|Manaphy|198\/404
|move|p1a: Garchomp|Earthquake|p2a: Manaphy
|-damage|p2a: Manaphy|93\/404
|
|-weather|none
|-heal|p2a: Manaphy|118\/404|[from] item: Leftovers
|turn|15
|
|move|p2a: Manaphy|Rest|p2a: Manaphy
|-status|p2a: Manaphy|slp
|-heal|p2a: Manaphy|404\/404 slp|[silent]
|-status|p2a: Manaphy|slp|[from] move: Rest
|move|p1a: Garchomp|Earthquake|p2a: Manaphy
|-damage|p2a: Manaphy|298\/404 slp
|
|-heal|p2a: Manaphy|323\/404 slp|[from] item: Leftovers
|turn|16
|
|switch|p1a: Sylveon|Sylveon, F|344\/392
|cant|p2a: Manaphy|slp
|
|-heal|p2a: Manaphy|348\/404 slp|[from] item: Leftovers
|turn|17
|
|switch|p2a: Breloom|Breloom, M|73\/323 tox
|move|p1a: Sylveon|Hyper Voice|p2a: Breloom
|-supereffective|p2a: Breloom
|-damage|p2a: Breloom|0 fnt
|faint|p2a: Breloom
|
|
|switch|p2a: Tyranitar|Tyranitar, F|259\/404
|-weather|Sandstorm
|turn|18
|
|move|p2a: Tyranitar|Stone Edge|p1a: Sylveon|[miss]
|-miss|p2a: Tyranitar|p1a: Sylveon
|move|p1a: Sylveon|Hyper Voice|p2a: Tyranitar
|-supereffective|p2a: Tyranitar
|-damage|p2a: Tyranitar|1\/404
|
|-weather|Sandstorm|[upkeep]
|-damage|p1a: Sylveon|320\/392|[from] sandstorm
|turn|19
|c|âalb_prova|gg
|c|âalb_prova|fuck hax
|-message|alb_prova forfeited.
|
|win|Oldmanbrian
|raw|Ladder updating...