|join|alb_prova
|join|illestt
|player|p1|alb_prova|210
|player|p2|illestt|248
|gametype|singles
|gen|6
|tier|OU
|rated
|clearpoke
|poke|p1|Jirachi
|poke|p1|Azumarill, M
|poke|p1|Poliwrath, F
|poke|p1|Heracross, M
|poke|p1|Raikou
|poke|p1|Avalugg, M
|poke|p2|Hawlucha, F
|poke|p2|Lucario, M
|poke|p2|Manectric, F, shiny
|poke|p2|Gengar, M
|poke|p2|Azumarill, M, shiny
|poke|p2|Landorus-Therian, M, shiny
|rule|Swagger Clause: Swagger is banned
|rule|Baton Pass Clause: Limit one PokÃ©mon knowing Baton Pass
|rule|Sleep Clause Mod: Limit one foe put to sleep
|rule|Species Clause: Limit one of each PokÃ©mon
|rule|OHKO Clause: OHKO moves are banned
|rule|Moody Clause: Moody is banned
|rule|Evasion Moves Clause: Evasion moves are banned
|rule|Endless Battle Clause: Forcing endless battles is banned
|rule|HP Percentage Mod: HP is shown in percentages
|teampreview
|c|âalb_prova|gl hf
|c|âillestt|no
|c|âalb_prova|why?
|
|start
|switch|p1a: Raikou|Raikou|321\/321
|switch|p2a: Landorus-Therian|Landorus-Therian, M, shiny|382\/382
|-ability|p1a: Raikou|Pressure
|-ability|p2a: Landorus-Therian|Intimidate|[of] p1a: Raikou
|-unboost|p1a: Raikou|atk|1
|turn|1
|
|switch|p1a: Piroetta|Avalugg, M|394\/394
|move|p2a: Landorus-Therian|Stealth Rock|p1a: Piroetta
|-sidestart|p1: alb_prova|move: Stealth Rock
|
|turn|2
|
|switch|p2a: Lucario|Lucario, M|282\/282
|move|p1a: Piroetta|Rapid Spin|p2a: Lucario
|-resisted|p2a: Lucario
|-damage|p2a: Lucario|270\/282
|-sideend|p1: alb_prova|Stealth Rock|[from] move: Rapid Spin|[of] p1a: Piroetta
|
|turn|3
|
|switch|p1a: Wrongtoad|Poliwrath, F|384\/384
|move|p2a: Lucario|Nasty Plot|p2a: Lucario
|-boost|p2a: Lucario|spa|2
|
|turn|4
|
|move|p2a: Lucario|Aura Sphere|p1a: Wrongtoad
|-damage|p1a: Wrongtoad|45\/384
|-damage|p2a: Lucario|242\/282|[from] item: Life Orb
|move|p1a: Wrongtoad|Circle Throw|p2a: Lucario
|-supereffective|p2a: Lucario
|-damage|p2a: Lucario|68\/282
|drag|p2a: Manectric|Manectric, F, shiny|282\/282
|
|-heal|p1a: Wrongtoad|69\/384|[from] item: Leftovers
|turn|5
|
|detailschange|p2a: Manectric|Manectric-Mega, F, shiny
|message|Manectric has Mega Evolved into Mega Manectric!
|-ability|p2a: Manectric|Intimidate|[of] p1a: Wrongtoad
|-unboost|p1a: Wrongtoad|atk|1
|move|p2a: Manectric|Volt Switch|p1a: Wrongtoad
|-supereffective|p1a: Wrongtoad
|-damage|p1a: Wrongtoad|0 fnt
|faint|p1a: Wrongtoad
|
|switch|p2a: Boo!|Gengar, M|262\/262
|
|
|switch|p1a: Raikou|Raikou|321\/321
|-ability|p1a: Raikou|Pressure
|turn|6
|
|switch|p2a: Lucario|Lucario, M|68\/282
|move|p1a: Raikou|Shadow Ball|p2a: Lucario
|-damage|p2a: Lucario|0 fnt
|faint|p2a: Lucario
|
|
|switch|p2a: Golden Showers|Azumarill, M, shiny|401\/401
|turn|7
|
|move|p1a: Raikou|Volt Switch|p2a: Golden Showers
|-supereffective|p2a: Golden Showers
|-damage|p2a: Golden Showers|233\/401
|
|switch|p1a: Nano malefico|Jirachi|404\/404
|move|p2a: Golden Showers|Knock Off|p1a: Nano malefico
|-supereffective|p1a: Nano malefico
|-damage|p1a: Nano malefico|146\/404
|-enditem|p1a: Nano malefico|Leftovers|[from] move: Knock Off|[of] p2a: Golden Showers
|
|turn|8
|
|move|p1a: Nano malefico|Stealth Rock|p2a: Golden Showers
|-sidestart|p2: illestt|move: Stealth Rock
|move|p2a: Golden Showers|Waterfall|p1a: Nano malefico
|-damage|p1a: Nano malefico|0 fnt
|faint|p1a: Nano malefico
|
|
|switch|p1a: Heracross|Heracross, M|309\/309
|turn|9
|
|detailschange|p1a: Heracross|Heracross-Mega, M
|message|Heracross has Mega Evolved into Mega Heracross!
|move|p2a: Golden Showers|Aqua Jet|p1a: Heracross
|-damage|p1a: Heracross|233\/309
|move|p1a: Heracross|Bullet Seed|p2a: Golden Showers
|-supereffective|p2a: Golden Showers
|-damage|p2a: Golden Showers|133\/401
|-supereffective|p2a: Golden Showers
|-damage|p2a: Golden Showers|41\/401
|-supereffective|p2a: Golden Showers
|-damage|p2a: Golden Showers|0 fnt
|-hitcount|p2a: Golden Showers|3
|faint|p2a: Golden Showers
|
|
|switch|p2a: Landorus-Therian|Landorus-Therian, M, shiny|382\/382
|-damage|p2a: Landorus-Therian|335\/382|[from] Stealth Rock
|-ability|p2a: Landorus-Therian|Intimidate|[of] p1a: Heracross
|-unboost|p1a: Heracross|atk|1
|turn|10
|
|move|p1a: Heracross|Bullet Seed|p2a: Landorus-Therian
|-damage|p2a: Landorus-Therian|312\/382
|-damage|p2a: Landorus-Therian|293\/382
|-damage|p2a: Landorus-Therian|271\/382
|-damage|p2a: Landorus-Therian|249\/382
|-crit|p2a: Landorus-Therian
|-damage|p2a: Landorus-Therian|203\/382
|-hitcount|p2a: Landorus-Therian|5
|move|p2a: Landorus-Therian|Stealth Rock|p1a: Heracross
|-sidestart|p1: alb_prova|move: Stealth Rock
|
|-heal|p2a: Landorus-Therian|226\/382|[from] item: Leftovers
|turn|11
|
|switch|p1a: Piroetta|Avalugg, M|394\/394
|-damage|p1a: Piroetta|296\/394|[from] Stealth Rock
|move|p2a: Landorus-Therian|Stone Edge|p1a: Piroetta
|-supereffective|p1a: Piroetta
|-damage|p1a: Piroetta|176\/394
|
|-heal|p2a: Landorus-Therian|249\/382|[from] item: Leftovers
|-heal|p1a: Piroetta|200\/394|[from] item: Leftovers
|turn|12
|
|move|p2a: Landorus-Therian|U-turn|p1a: Piroetta
|-damage|p1a: Piroetta|152\/394
|
|switch|p2a: Hawlucha|Hawlucha, F|297\/297
|-damage|p2a: Hawlucha|260\/297|[from] Stealth Rock
|move|p1a: Piroetta|Recover|p1a: Piroetta
|-heal|p1a: Piroetta|349\/394
|
|-heal|p1a: Piroetta|373\/394|[from] item: Leftovers
|turn|13
|
|move|p2a: Hawlucha|Substitute|p2a: Hawlucha
|-start|p2a: Hawlucha|Substitute
|-damage|p2a: Hawlucha|186\/297
|move|p1a: Piroetta|Avalanche|p2a: Hawlucha
|-supereffective|p2a: Hawlucha
|-end|p2a: Hawlucha|Substitute
|
|-heal|p1a: Piroetta|394\/394|[from] item: Leftovers
|turn|14
|
|switch|p2a: Boo!|Gengar, M|262\/262
|-damage|p2a: Boo!|230\/262|[from] Stealth Rock
|move|p1a: Piroetta|Avalanche|p2a: Boo!
|-damage|p2a: Boo!|112\/262
|
|turn|15
|
|move|p2a: Boo!|Focus Blast|p1a: Piroetta
|-supereffective|p1a: Piroetta
|-activate|p1a: Piroetta|Sturdy
|-damage|p1a: Piroetta|1\/394
|-unboost|p1a: Piroetta|spd|1
|-damage|p2a: Boo!|86\/262|[from] item: Life Orb
|move|p1a: Piroetta|Avalanche|p2a: Boo!
|-damage|p2a: Boo!|0 fnt
|faint|p2a: Boo!
|
|-heal|p1a: Piroetta|25\/394|[from] item: Leftovers
|
|switch|p2a: Manectric|Manectric-Mega, F, shiny|282\/282
|-damage|p2a: Manectric|247\/282|[from] Stealth Rock
|-ability|p2a: Manectric|Intimidate|[of] p1a: Piroetta
|-unboost|p1a: Piroetta|atk|1
|turn|16
|
|move|p2a: Manectric|Volt Switch|p1a: Piroetta
|-damage|p1a: Piroetta|0 fnt
|faint|p1a: Piroetta
|
|switch|p2a: Landorus-Therian|Landorus-Therian, M, shiny|249\/382
|-damage|p2a: Landorus-Therian|202\/382|[from] Stealth Rock
|
|-heal|p2a: Landorus-Therian|225\/382|[from] item: Leftovers
|
|switch|p1a: Raikou|Raikou|321\/321
|-damage|p1a: Raikou|281\/321|[from] Stealth Rock
|-ability|p1a: Raikou|Pressure
|turn|17
|
|move|p1a: Raikou|Hidden Power|p2a: Landorus-Therian
|-supereffective|p2a: Landorus-Therian
|-damage|p2a: Landorus-Therian|0 fnt
|faint|p2a: Landorus-Therian
|
|
|switch|p2a: Hawlucha|Hawlucha, F|186\/297
|-damage|p2a: Hawlucha|149\/297|[from] Stealth Rock
|turn|18
|
|move|p2a: Hawlucha|High Jump Kick|p1a: Raikou
|-damage|p1a: Raikou|41\/321
|move|p1a: Raikou|Thunderbolt|p2a: Hawlucha
|-supereffective|p2a: Hawlucha
|-damage|p2a: Hawlucha|0 fnt
|faint|p2a: Hawlucha
|
|
|switch|p2a: Manectric|Manectric-Mega, F, shiny|247\/282
|-damage|p2a: Manectric|212\/282|[from] Stealth Rock
|-ability|p2a: Manectric|Intimidate|[of] p1a: Raikou
|-unboost|p1a: Raikou|atk|1
|turn|19
|
|move|p2a: Manectric|Thunderbolt|p1a: Raikou
|-resisted|p1a: Raikou
|-damage|p1a: Raikou|0 fnt
|faint|p1a: Raikou
|
|
|switch|p1a: Heracross|Heracross-Mega, M|233\/309
|-damage|p1a: Heracross|195\/309|[from] Stealth Rock
|turn|20
|
|move|p2a: Manectric|Overheat|p1a: Heracross
|-supereffective|p1a: Heracross
|-damage|p1a: Heracross|0 fnt
|-unboost|p2a: Manectric|spa|2
|faint|p1a: Heracross
|
|
|switch|p1a: Azumarill|Azumarill, M|401\/401
|-damage|p1a: Azumarill|351\/401|[from] Stealth Rock
|turn|21
|
|move|p2a: Manectric|Thunderbolt|p1a: Azumarill
|-supereffective|p1a: Azumarill
|-damage|p1a: Azumarill|211\/401
|-status|p1a: Azumarill|par
|cant|p1a: Azumarill|par
|
|turn|22
|
|move|p2a: Manectric|Thunderbolt|p1a: Azumarill
|-supereffective|p1a: Azumarill
|-damage|p1a: Azumarill|85\/401 par
|move|p1a: Azumarill|Waterfall|p2a: Manectric
|-damage|p2a: Manectric|10\/282
|
|turn|23
|
|move|p1a: Azumarill|Aqua Jet|p2a: Manectric
|-damage|p2a: Manectric|0 fnt
|faint|p2a: Manectric
|
|win|alb_prova
|raw|Ladder updating...
|raw|alb_prova's rating: 1606 &rarr; <strong>1624<\/strong><br \/>(+18 for winning)
|raw|illestt's rating: 1572 &rarr; <strong>1554<\/strong><br \/>(-18 for losing)
|leave|illestt
|player|p2