|join|alb_prova
|join|Gracidea
|player|p1|alb_prova|210
|player|p2|Gracidea|17
|gametype|singles
|gen|6
|tier|OU
|rated
|clearpoke
|poke|p1|Jirachi
|poke|p1|Azumarill, F
|poke|p1|Poliwrath, F
|poke|p1|Heracross, F
|poke|p1|Raikou
|poke|p1|Avalugg, M
|poke|p2|Politoed, F
|poke|p2|Zapdos
|poke|p2|Kabutops, M
|poke|p2|Gothitelle, F
|poke|p2|Jirachi
|poke|p2|Noivern, M
|rule|Swagger Clause: Swagger is banned
|rule|Baton Pass Clause: Limit one PokÃ©mon knowing Baton Pass
|rule|Sleep Clause Mod: Limit one foe put to sleep
|rule|Species Clause: Limit one of each PokÃ©mon
|rule|OHKO Clause: OHKO moves are banned
|rule|Moody Clause: Moody is banned
|rule|Evasion Moves Clause: Evasion moves are banned
|rule|Endless Battle Clause: Forcing endless battles is banned
|rule|HP Percentage Mod: HP is shown in percentages
|teampreview
|c|âalb_prova|gl hf
|c|âGracidea|gl
|
|start
|switch|p1a: Heracross|Heracross, F|309\/309
|switch|p2a: Jirachi|Jirachi|404\/404
|turn|1
|
|detailschange|p1a: Heracross|Heracross-Mega, F
|message|Heracross has Mega Evolved into Mega Heracross!
|move|p1a: Heracross|Pin Missile|p2a: Jirachi
|-damage|p2a: Jirachi|359\/404
|-crit|p2a: Jirachi
|-damage|p2a: Jirachi|298\/404
|-damage|p2a: Jirachi|258\/404
|-damage|p2a: Jirachi|213\/404
|-damage|p2a: Jirachi|171\/404
|-hitcount|p2a: Jirachi|5
|move|p2a: Jirachi|Thunder Wave|p1a: Heracross
|-status|p1a: Heracross|par
|
|-heal|p2a: Jirachi|196\/404|[from] item: Leftovers
|turn|2
|
|switch|p1a: Raikou|Raikou|321\/321
|-ability|p1a: Raikou|Pressure
|move|p2a: Jirachi|Iron Head|p1a: Raikou
|-resisted|p1a: Raikou
|-damage|p1a: Raikou|264\/321
|
|-heal|p2a: Jirachi|221\/404|[from] item: Leftovers
|turn|3
|
|switch|p2a: Zapdos|Zapdos|384\/384
|-ability|p2a: Zapdos|Pressure
|move|p1a: Raikou|Shadow Ball|p2a: Zapdos
|-damage|p2a: Zapdos|289\/384
|
|-heal|p2a: Zapdos|313\/384|[from] item: Leftovers
|turn|4
|
|move|p1a: Raikou|Volt Switch|p2a: Zapdos
|-damage|p2a: Zapdos|196\/384
|
|switch|p1a: Nano malefico|Jirachi|404\/404
|move|p2a: Zapdos|Volt Switch|p1a: Nano malefico
|-damage|p1a: Nano malefico|307\/404
|
|switch|p2a: Gothitelle|Gothitelle, F|301\/301
|
|-heal|p1a: Nano malefico|332\/404|[from] item: Leftovers
|turn|5
|
|move|p2a: Gothitelle|Trick|p1a: Nano malefico
|-activate|p2a: Gothitelle|move: Trick|[of] p1a: Nano malefico
|-item|p1a: Nano malefico|Choice Scarf|[from] move: Trick
|-item|p2a: Gothitelle|Leftovers|[from] move: Trick
|move|p1a: Nano malefico|Iron Head|p2a: Gothitelle
|-damage|p2a: Gothitelle|229\/301
|
|-heal|p2a: Gothitelle|247\/301|[from] item: Leftovers
|turn|6
|
|move|p1a: Nano malefico|Iron Head|p2a: Gothitelle
|-damage|p2a: Gothitelle|180\/301
|cant|p2a: Gothitelle|flinch
|
|-heal|p2a: Gothitelle|198\/301|[from] item: Leftovers
|turn|7
|
|move|p1a: Nano malefico|Iron Head|p2a: Gothitelle
|-damage|p2a: Gothitelle|131\/301
|cant|p2a: Gothitelle|flinch
|
|-heal|p2a: Gothitelle|149\/301|[from] item: Leftovers
|turn|8
|
|move|p1a: Nano malefico|Iron Head|p2a: Gothitelle
|-damage|p2a: Gothitelle|74\/301
|cant|p2a: Gothitelle|flinch
|
|-heal|p2a: Gothitelle|92\/301|[from] item: Leftovers
|turn|9
|
|move|p1a: Nano malefico|Iron Head|p2a: Gothitelle
|-damage|p2a: Gothitelle|19\/301
|cant|p2a: Gothitelle|flinch
|
|-heal|p2a: Gothitelle|37\/301|[from] item: Leftovers
|turn|10
|
|switch|p2a: Zapdos|Zapdos|196\/384
|-ability|p2a: Zapdos|Pressure
|move|p1a: Nano malefico|Iron Head|p2a: Zapdos
|-resisted|p2a: Zapdos
|-damage|p2a: Zapdos|144\/384
|
|-heal|p2a: Zapdos|168\/384|[from] item: Leftovers
|turn|11
|
|switch|p1a: Azumarill|Azumarill, F|401\/401
|move|p2a: Zapdos|Roost|p2a: Zapdos
|-heal|p2a: Zapdos|360\/384
|
|-heal|p2a: Zapdos|384\/384|[from] item: Leftovers
|turn|12
|
|switch|p1a: Raikou|Raikou|264\/321
|-ability|p1a: Raikou|Pressure
|move|p2a: Zapdos|Volt Switch|p1a: Raikou
|-resisted|p1a: Raikou
|-damage|p1a: Raikou|217\/321
|
|switch|p2a: Politoed|Politoed, F|384\/384
|-weather|RainDance
|
|-weather|RainDance|[upkeep]
|turn|13
|
|switch|p2a: Gothitelle|Gothitelle, F|37\/301
|move|p1a: Raikou|Shadow Ball|p2a: Gothitelle
|-supereffective|p2a: Gothitelle
|-damage|p2a: Gothitelle|0 fnt
|faint|p2a: Gothitelle
|
|-weather|RainDance|[upkeep]
|
|switch|p2a: Kabutops|Kabutops, M|262\/262
|turn|14
|
|switch|p2a: Noivern|Noivern, M|311\/311
|switch|p1a: Wrongtoad|Poliwrath, F|384\/384
|
|-weather|RainDance|[upkeep]
|turn|15
|
|switch|p1a: Azumarill|Azumarill, F|401\/401
|move|p2a: Noivern|Hurricane|p1a: Azumarill
|-damage|p1a: Azumarill|206\/401
|
|-weather|RainDance|[upkeep]
|turn|16
|
|move|p2a: Noivern|Hurricane|p1a: Azumarill
|-damage|p1a: Azumarill|28\/401
|move|p1a: Azumarill|Knock Off|p2a: Noivern
|-damage|p2a: Noivern|147\/311
|-enditem|p2a: Noivern|Choice Specs|[from] move: Knock Off|[of] p1a: Azumarill
|
|-weather|RainDance|[upkeep]
|turn|17
|
|switch|p1a: Nano malefico|Jirachi|332\/404
|move|p2a: Noivern|Hurricane|p1a: Nano malefico
|-resisted|p1a: Nano malefico
|-damage|p1a: Nano malefico|271\/404
|
|-weather|RainDance|[upkeep]
|turn|18
|
|move|p2a: Noivern|U-turn|p1a: Nano malefico
|-damage|p1a: Nano malefico|230\/404
|
|switch|p2a: Jirachi|Jirachi|221\/404
|move|p1a: Nano malefico|Stealth Rock|p2a: Jirachi
|-sidestart|p2: Gracidea|move: Stealth Rock
|
|-weather|RainDance|[upkeep]
|-heal|p2a: Jirachi|246\/404|[from] item: Leftovers
|turn|19
|
|switch|p1a: Azumarill|Azumarill, F|28\/401
|move|p2a: Jirachi|Stealth Rock|p1a: Azumarill
|-sidestart|p1: alb_prova|move: Stealth Rock
|
|-weather|none
|-heal|p2a: Jirachi|271\/404|[from] item: Leftovers
|turn|20
|
|move|p1a: Azumarill|Aqua Jet|p2a: Jirachi
|-damage|p2a: Jirachi|205\/404
|move|p2a: Jirachi|Iron Head|p1a: Azumarill
|-damage|p1a: Azumarill|0 fnt
|faint|p1a: Azumarill
|
|-heal|p2a: Jirachi|230\/404|[from] item: Leftovers
|
|switch|p1a: Raikou|Raikou|217\/321
|-damage|p1a: Raikou|177\/321|[from] Stealth Rock
|-ability|p1a: Raikou|Pressure
|turn|21
|
|switch|p2a: Politoed|Politoed, F|384\/384
|-damage|p2a: Politoed|336\/384|[from] Stealth Rock
|-weather|RainDance
|move|p1a: Raikou|Shadow Ball|p2a: Politoed
|-damage|p2a: Politoed|269\/384
|
|-weather|RainDance|[upkeep]
|turn|22
|
|switch|p2a: Zapdos|Zapdos|384\/384
|-damage|p2a: Zapdos|288\/384|[from] Stealth Rock
|-ability|p2a: Zapdos|Pressure
|move|p1a: Raikou|Shadow Ball|p2a: Zapdos
|-damage|p2a: Zapdos|200\/384
|-unboost|p2a: Zapdos|spd|1
|
|-weather|RainDance|[upkeep]
|-heal|p2a: Zapdos|224\/384|[from] item: Leftovers
|turn|23
|
|move|p1a: Raikou|Thunderbolt|p2a: Zapdos
|-damage|p2a: Zapdos|0 fnt
|faint|p2a: Zapdos
|
|-weather|RainDance|[upkeep]
|
|switch|p2a: Kabutops|Kabutops, M|262\/262
|-damage|p2a: Kabutops|230\/262|[from] Stealth Rock
|turn|24
|
|switch|p1a: Wrongtoad|Poliwrath, F|384\/384
|-damage|p1a: Wrongtoad|360\/384|[from] Stealth Rock
|move|p2a: Kabutops|Stone Edge|p1a: Wrongtoad
|-resisted|p1a: Wrongtoad
|-damage|p1a: Wrongtoad|277\/384
|-damage|p2a: Kabutops|204\/262|[from] item: Life Orb
|
|-weather|RainDance|[upkeep]
|-heal|p1a: Wrongtoad|301\/384|[from] item: Leftovers
|turn|25
|
|switch|p2a: Jirachi|Jirachi|230\/404
|-damage|p2a: Jirachi|205\/404|[from] Stealth Rock
|move|p1a: Wrongtoad|Circle Throw|p2a: Jirachi
|-damage|p2a: Jirachi|154\/404
|drag|p2a: Kabutops|Kabutops, M|204\/262
|-damage|p2a: Kabutops|172\/262|[from] Stealth Rock
|
|-weather|RainDance|[upkeep]
|-heal|p1a: Wrongtoad|325\/384|[from] item: Leftovers
|turn|26
|
|switch|p2a: Jirachi|Jirachi|154\/404
|-damage|p2a: Jirachi|129\/404|[from] Stealth Rock
|move|p1a: Wrongtoad|Circle Throw|p2a: Jirachi
|-damage|p2a: Jirachi|78\/404
|drag|p2a: Kabutops|Kabutops, M|172\/262
|-damage|p2a: Kabutops|140\/262|[from] Stealth Rock
|
|-weather|RainDance|[upkeep]
|-heal|p1a: Wrongtoad|349\/384|[from] item: Leftovers
|turn|27
|
|switch|p2a: Politoed|Politoed, F|269\/384
|-damage|p2a: Politoed|221\/384|[from] Stealth Rock
|move|p1a: Wrongtoad|Circle Throw|p2a: Politoed
|-damage|p2a: Politoed|142\/384
|drag|p2a: Noivern|Noivern, M|147\/311
|-damage|p2a: Noivern|70\/311|[from] Stealth Rock
|
|-weather|RainDance|[upkeep]
|-heal|p1a: Wrongtoad|373\/384|[from] item: Leftovers
|turn|28
|
|switch|p1a: Nano malefico|Jirachi|230\/404
|-damage|p1a: Nano malefico|205\/404|[from] Stealth Rock
|move|p2a: Noivern|Hurricane|p1a: Nano malefico
|-crit|p1a: Nano malefico
|-resisted|p1a: Nano malefico
|-damage|p1a: Nano malefico|118\/404
|-start|p1a: Nano malefico|confusion
|
|-weather|none
|turn|29
|
|move|p2a: Noivern|Switcheroo|p1a: Nano malefico
|-activate|p2a: Noivern|move: Trick|[of] p1a: Nano malefico
|-item|p2a: Noivern|Choice Scarf|[from] Trick
|-activate|p1a: Nano malefico|confusion
|move|p1a: Nano malefico|Body Slam|p2a: Noivern
|-damage|p2a: Noivern|0 fnt
|faint|p2a: Noivern
|
|
|switch|p2a: Politoed|Politoed, F|142\/384
|-damage|p2a: Politoed|94\/384|[from] Stealth Rock
|-weather|RainDance
|turn|30
|
|-activate|p1a: Nano malefico|confusion
|-damage|p1a: Nano malefico|88\/404|[from] confusion
|move|p2a: Politoed|Ice Beam|p1a: Nano malefico
|-resisted|p1a: Nano malefico
|-damage|p1a: Nano malefico|63\/404
|
|-weather|RainDance|[upkeep]
|turn|31
|
|-end|p1a: Nano malefico|confusion
|move|p1a: Nano malefico|Body Slam|p2a: Politoed
|-damage|p2a: Politoed|16\/384
|-status|p2a: Politoed|par
|move|p2a: Politoed|Scald|p1a: Nano malefico
|-damage|p1a: Nano malefico|0 fnt
|faint|p1a: Nano malefico
|
|-weather|RainDance|[upkeep]
|
|switch|p1a: Heracross|Heracross-Mega, F|309\/309 par
|-damage|p1a: Heracross|271\/309 par|[from] Stealth Rock
|turn|32
|
|move|p1a: Heracross|Pin Missile|p2a: Politoed
|-damage|p2a: Politoed|0 fnt
|-hitcount|p2a: Politoed|1
|faint|p2a: Politoed
|
|-weather|RainDance|[upkeep]
|
|switch|p2a: Kabutops|Kabutops, M|140\/262
|-damage|p2a: Kabutops|108\/262|[from] Stealth Rock
|turn|33
|
|move|p2a: Kabutops|Swords Dance|p2a: Kabutops
|-boost|p2a: Kabutops|atk|2
|move|p1a: Heracross|Pin Missile|p2a: Kabutops
|-damage|p2a: Kabutops|51\/262
|-damage|p2a: Kabutops|0 fnt
|-hitcount|p2a: Kabutops|2
|faint|p2a: Kabutops
|
|-weather|RainDance|[upkeep]
|-message|Gracidea forfeited.
|
|win|alb_prova
|raw|Ladder updating...
|leave|Gracidea
|player|p2
|raw|alb_prova's rating: 1660 &rarr; <strong>1674<\/strong><br \/>(+14 for winning)
|raw|Gracidea's rating: 1552 &rarr; <strong>1538<\/strong><br \/>(-14 for losing)