|join|alb_prova
|join|JY Test3
|player|p1|alb_prova|210
|player|p2|JY Test3|20
|gametype|singles
|gen|6
|tier|OU
|rated
|clearpoke
|poke|p1|Camerupt, F
|poke|p1|Clefable, F
|poke|p1|Tyranitar, M
|poke|p1|Gyarados, F
|poke|p1|Breloom, M
|poke|p1|Mandibuzz, F
|poke|p2|Slowbro, M
|poke|p2|Ferrothorn, F
|poke|p2|Raikou
|poke|p2|Lucario, F
|poke|p2|Keldeo-Resolute
|poke|p2|Landorus-Therian, M
|rule|Swagger Clause: Swagger is banned
|rule|Baton Pass Clause: Limit one PokÃ©mon knowing Baton Pass
|rule|Sleep Clause Mod: Limit one foe put to sleep
|rule|Species Clause: Limit one of each PokÃ©mon
|rule|OHKO Clause: OHKO moves are banned
|rule|Moody Clause: Moody is banned
|rule|Evasion Moves Clause: Evasion moves are banned
|rule|Endless Battle Clause: Forcing endless battles is banned
|rule|HP Percentage Mod: HP is shown in percentages
|teampreview
|c|âalb_prova|gl hf
|c|âJY Test3|u2
|
|start
|switch|p1a: Camerupt|Camerupt, F|331\/331
|switch|p2a: Ferrothorn|Ferrothorn, F|351\/351
|turn|1
|
|switch|p2a: Slowbro|Slowbro, M|391\/391
|detailschange|p1a: Camerupt|Camerupt-Mega, F
|message|Camerupt has Mega Evolved into Mega Camerupt!
|move|p1a: Camerupt|Fire Blast|p2a: Slowbro
|-resisted|p2a: Slowbro
|-damage|p2a: Slowbro|246\/391
|
|turn|2
|
|move|p1a: Camerupt|Earth Power|p2a: Slowbro
|-damage|p2a: Slowbro|30\/391
|move|p2a: Slowbro|Scald|p1a: Camerupt
|-supereffective|p1a: Camerupt
|-damage|p1a: Camerupt|0 fnt
|faint|p1a: Camerupt
|
|join|amida666
|leave|amida666
|c|âalb_prova|you have somme spe def investement?
|
|switch|p1a: Tyranitar|Tyranitar, M|404\/404
|-weather|Sandstorm
|turn|3
|c|âJY Test3|MAX
|
|move|p1a: Tyranitar|Pursuit|p2a: Slowbro|[from]Pursuit
|-supereffective|p2a: Slowbro
|-damage|p2a: Slowbro|0 fnt
|faint|p2a: Slowbro
|
|-weather|Sandstorm|[upkeep]
|
|switch|p2a: Ferrothorn|Ferrothorn, F|351\/351
|turn|4
|
|switch|p1a: Breloom|Breloom, M|323\/323
|move|p2a: Ferrothorn|Toxic|p1a: Breloom
|-status|p1a: Breloom|tox
|
|-weather|Sandstorm|[upkeep]
|-damage|p1a: Breloom|303\/323 tox|[from] sandstorm
|-heal|p1a: Breloom|323\/323 tox|[from] ability: Poison Heal
|turn|5
|
|move|p1a: Breloom|Drain Punch|p2a: Ferrothorn
|-supereffective|p2a: Ferrothorn
|-damage|p2a: Ferrothorn|171\/351
|-damage|p1a: Breloom|283\/323 tox|[from] ability: Iron Barbs|[of] p2a: Ferrothorn
|-damage|p1a: Breloom|230\/323 tox|[from] item: Rocky Helmet|[of] p2a: Ferrothorn
|move|p2a: Ferrothorn|Stealth Rock|p1a: Breloom
|-sidestart|p1: alb_prova|move: Stealth Rock
|
|-weather|Sandstorm|[upkeep]
|-damage|p1a: Breloom|210\/323 tox|[from] sandstorm
|-heal|p1a: Breloom|250\/323 tox|[from] ability: Poison Heal
|turn|6
|
|switch|p2a: Landorus-Therian|Landorus-Therian, M|325\/325
|-ability|p2a: Landorus-Therian|Intimidate|[of] p1a: Breloom
|-unboost|p1a: Breloom|atk|1
|move|p1a: Breloom|Spore|p2a: Landorus-Therian
|-status|p2a: Landorus-Therian|slp
|
|-weather|Sandstorm|[upkeep]
|-damage|p1a: Breloom|230\/323 tox|[from] sandstorm
|-heal|p1a: Breloom|270\/323 tox|[from] ability: Poison Heal
|turn|7
|
|switch|p2a: Ferrothorn|Ferrothorn, F|171\/351
|switch|p1a: Mandibuzz|Mandibuzz, F|424\/424
|-damage|p1a: Mandibuzz|318\/424|[from] Stealth Rock
|
|-weather|none
|-heal|p1a: Mandibuzz|344\/424|[from] item: Leftovers
|turn|8
|
|switch|p1a: Breloom|Breloom, M|270\/323 tox
|-damage|p1a: Breloom|250\/323 tox|[from] Stealth Rock
|move|p2a: Ferrothorn|Leech Seed|p1a: Breloom
|-immune|p1a: Breloom|[msg]
|
|-heal|p1a: Breloom|290\/323 tox|[from] ability: Poison Heal
|turn|9
|
|switch|p2a: Landorus-Therian|Landorus-Therian, M|325\/325 slp
|-ability|p2a: Landorus-Therian|Intimidate|[of] p1a: Breloom
|-unboost|p1a: Breloom|atk|1
|move|p1a: Breloom|Drain Punch|p2a: Landorus-Therian
|-resisted|p2a: Landorus-Therian
|-damage|p2a: Landorus-Therian|286\/325 slp
|-heal|p1a: Breloom|310\/323 tox|[from] drain|[of] p2a: Landorus-Therian
|
|-heal|p1a: Breloom|323\/323 tox|[from] ability: Poison Heal
|turn|10
|
|cant|p2a: Landorus-Therian|slp
|move|p1a: Breloom|Substitute|p1a: Breloom
|-start|p1a: Breloom|Substitute
|-damage|p1a: Breloom|243\/323 tox
|
|-heal|p1a: Breloom|283\/323 tox|[from] ability: Poison Heal
|turn|11
|
|cant|p2a: Landorus-Therian|slp
|move|p1a: Breloom|Seed Bomb|p2a: Landorus-Therian
|-damage|p2a: Landorus-Therian|201\/325 slp
|
|-heal|p1a: Breloom|323\/323 tox|[from] ability: Poison Heal
|turn|12
|
|cant|p2a: Landorus-Therian|slp
|move|p1a: Breloom|Seed Bomb|p2a: Landorus-Therian
|-damage|p2a: Landorus-Therian|120\/325 slp
|
|turn|13
|
|-curestatus|p2a: Landorus-Therian|slp
|move|p2a: Landorus-Therian|U-turn|p1a: Breloom
|-end|p1a: Breloom|Substitute
|
|switch|p2a: Lucario|Lucario, F|281\/281
|move|p1a: Breloom|Seed Bomb|p2a: Lucario
|-resisted|p2a: Lucario
|-damage|p2a: Lucario|231\/281
|
|turn|14
|
|switch|p1a: Gyarados|Gyarados, F|393\/393
|-damage|p1a: Gyarados|295\/393|[from] Stealth Rock
|-ability|p1a: Gyarados|Intimidate|[of] p2a: Lucario
|-unboost|p2a: Lucario|atk|1
|move|p2a: Lucario|Close Combat|p1a: Gyarados
|-resisted|p1a: Gyarados
|-damage|p1a: Gyarados|204\/393
|-unboost|p2a: Lucario|def|1
|-unboost|p2a: Lucario|spd|1
|-damage|p2a: Lucario|203\/281|[from] item: Life Orb
|
|-heal|p1a: Gyarados|228\/393|[from] item: Leftovers
|turn|15
|
|switch|p2a: Ferrothorn|Ferrothorn, F|171\/351
|move|p1a: Gyarados|Thunder Wave|p2a: Ferrothorn
|-status|p2a: Ferrothorn|par
|
|-heal|p1a: Gyarados|252\/393|[from] item: Leftovers
|turn|16
|
|switch|p1a: Mandibuzz|Mandibuzz, F|344\/424
|-damage|p1a: Mandibuzz|238\/424|[from] Stealth Rock
|move|p2a: Ferrothorn|Gyro Ball|p1a: Mandibuzz
|-damage|p1a: Mandibuzz|105\/424
|
|-heal|p1a: Mandibuzz|131\/424|[from] item: Leftovers
|turn|17
|
|move|p1a: Mandibuzz|Roost|p1a: Mandibuzz
|-heal|p1a: Mandibuzz|343\/424
|move|p2a: Ferrothorn|Leech Seed|p1a: Mandibuzz
|-start|p1a: Mandibuzz|move: Leech Seed
|
|-heal|p1a: Mandibuzz|369\/424|[from] item: Leftovers
|-damage|p1a: Mandibuzz|316\/424|[from] Leech Seed|[of] p2a: Ferrothorn
|-heal|p2a: Ferrothorn|224\/351 par|[silent]
|turn|18
|
|move|p1a: Mandibuzz|Defog|p2a: Ferrothorn
|-unboost|p2a: Ferrothorn|evasion|1
|-sideend|p1: alb_prova|Stealth Rock|[from] move: Defog|[of] p1a: Mandibuzz
|move|p2a: Ferrothorn|Toxic|p1a: Mandibuzz
|-status|p1a: Mandibuzz|tox
|
|-heal|p1a: Mandibuzz|342\/424 tox|[from] item: Leftovers
|-damage|p1a: Mandibuzz|289\/424 tox|[from] Leech Seed|[of] p2a: Ferrothorn
|-heal|p2a: Ferrothorn|277\/351 par|[silent]
|-damage|p1a: Mandibuzz|263\/424 tox|[from] psn
|turn|19
|
|switch|p1a: Breloom|Breloom, M|323\/323 tox
|move|p2a: Ferrothorn|Gyro Ball|p1a: Breloom
|-crit|p1a: Breloom
|-damage|p1a: Breloom|19\/323 tox
|
|-heal|p1a: Breloom|59\/323 tox|[from] ability: Poison Heal
|turn|20
|
|switch|p2a: Landorus-Therian|Landorus-Therian, M|120\/325
|-ability|p2a: Landorus-Therian|Intimidate|[of] p1a: Breloom
|-unboost|p1a: Breloom|atk|1
|move|p1a: Breloom|Drain Punch|p2a: Landorus-Therian
|-resisted|p2a: Landorus-Therian
|-damage|p2a: Landorus-Therian|78\/325
|-heal|p1a: Breloom|80\/323 tox|[from] drain|[of] p2a: Landorus-Therian
|
|-heal|p1a: Breloom|120\/323 tox|[from] ability: Poison Heal
|turn|21
|
|switch|p1a: Mandibuzz|Mandibuzz, F|263\/424 tox
|move|p2a: Landorus-Therian|U-turn|p1a: Mandibuzz
|-damage|p1a: Mandibuzz|189\/424 tox
|
|switch|p2a: Raikou|Raikou|321\/321
|-ability|p2a: Raikou|Pressure
|
|-heal|p1a: Mandibuzz|215\/424 tox|[from] item: Leftovers
|-damage|p1a: Mandibuzz|189\/424 tox|[from] psn
|turn|22
|
|switch|p1a: Tyranitar|Tyranitar, M|404\/404
|-weather|Sandstorm
|move|p2a: Raikou|Volt Switch|p1a: Tyranitar
|-damage|p1a: Tyranitar|352\/404
|
|switch|p2a: Landorus-Therian|Landorus-Therian, M|78\/325
|-ability|p2a: Landorus-Therian|Intimidate|[of] p1a: Tyranitar
|-unboost|p1a: Tyranitar|atk|1
|
|-weather|Sandstorm|[upkeep]
|turn|23
|
|move|p2a: Landorus-Therian|U-turn|p1a: Tyranitar
|-supereffective|p1a: Tyranitar
|-damage|p1a: Tyranitar|206\/404
|
|move|p1a: Tyranitar|Pursuit|p2a: Landorus-Therian|[from]Pursuit
|-damage|p2a: Landorus-Therian|0 fnt
|faint|p2a: Landorus-Therian
|
|-weather|Sandstorm|[upkeep]
|
|switch|p2a: Ferrothorn|Ferrothorn, F|277\/351 par
|turn|24
|
|switch|p1a: Mandibuzz|Mandibuzz, F|189\/424 tox
|move|p2a: Ferrothorn|Stealth Rock|p1a: Mandibuzz
|-sidestart|p1: alb_prova|move: Stealth Rock
|
|-weather|Sandstorm|[upkeep]
|-heal|p1a: Mandibuzz|215\/424 tox|[from] item: Leftovers
|-damage|p1a: Mandibuzz|189\/424 tox|[from] psn
|turn|25
|
|move|p1a: Mandibuzz|Roost|p1a: Mandibuzz
|-heal|p1a: Mandibuzz|401\/424 tox
|move|p2a: Ferrothorn|Leech Seed|p1a: Mandibuzz
|-start|p1a: Mandibuzz|move: Leech Seed
|
|-weather|Sandstorm|[upkeep]
|-heal|p1a: Mandibuzz|424\/424 tox|[from] item: Leftovers
|-damage|p1a: Mandibuzz|371\/424 tox|[from] Leech Seed|[of] p2a: Ferrothorn
|-heal|p2a: Ferrothorn|330\/351 par|[silent]
|-damage|p1a: Mandibuzz|319\/424 tox|[from] psn
|turn|26
|
|move|p1a: Mandibuzz|Defog|p2a: Ferrothorn
|-unboost|p2a: Ferrothorn|evasion|1
|-sideend|p1: alb_prova|Stealth Rock|[from] move: Defog|[of] p1a: Mandibuzz
|move|p2a: Ferrothorn|Stealth Rock|p1a: Mandibuzz
|-sidestart|p1: alb_prova|move: Stealth Rock
|
|-weather|none
|-heal|p1a: Mandibuzz|345\/424 tox|[from] item: Leftovers
|-damage|p1a: Mandibuzz|292\/424 tox|[from] Leech Seed|[of] p2a: Ferrothorn
|-heal|p2a: Ferrothorn|351\/351 par|[silent]
|-damage|p1a: Mandibuzz|214\/424 tox|[from] psn
|turn|27
|
|switch|p1a: Clefable|Clefable, F|394\/394
|-damage|p1a: Clefable|345\/394|[from] Stealth Rock
|cant|p2a: Ferrothorn|par
|
|-heal|p1a: Clefable|369\/394|[from] item: Leftovers
|turn|28
|
|move|p1a: Clefable|Flamethrower|p2a: Ferrothorn
|-supereffective|p2a: Ferrothorn
|-damage|p2a: Ferrothorn|175\/351 par
|move|p2a: Ferrothorn|Toxic|p1a: Clefable
|-status|p1a: Clefable|tox
|
|-heal|p1a: Clefable|393\/394 tox|[from] item: Leftovers
|-damage|p1a: Clefable|369\/394 tox|[from] psn
|turn|29
|
|switch|p2a: Raikou|Raikou|321\/321
|-ability|p2a: Raikou|Pressure
|move|p1a: Clefable|Flamethrower|p2a: Raikou
|-damage|p2a: Raikou|280\/321
|
|-heal|p1a: Clefable|393\/394 tox|[from] item: Leftovers
|-damage|p1a: Clefable|345\/394 tox|[from] psn
|turn|30
|
|switch|p1a: Mandibuzz|Mandibuzz, F|214\/424 tox
|-damage|p1a: Mandibuzz|108\/424 tox|[from] Stealth Rock
|move|p2a: Raikou|Thunderbolt|p1a: Mandibuzz
|-crit|p1a: Mandibuzz
|-supereffective|p1a: Mandibuzz
|-damage|p1a: Mandibuzz|0 fnt
|faint|p1a: Mandibuzz
|
|
|switch|p1a: Tyranitar|Tyranitar, M|206\/404
|-damage|p1a: Tyranitar|156\/404|[from] Stealth Rock
|-weather|Sandstorm
|turn|31
|
|move|p2a: Raikou|Thunderbolt|p1a: Tyranitar
|-damage|p1a: Tyranitar|92\/404
|move|p1a: Tyranitar|Pursuit|p2a: Raikou
|-damage|p2a: Raikou|201\/321
|
|-weather|Sandstorm|[upkeep]
|-damage|p2a: Raikou|181\/321|[from] sandstorm
|turn|32
|
|move|p2a: Raikou|Thunderbolt|p1a: Tyranitar
|-damage|p1a: Tyranitar|26\/404
|move|p1a: Tyranitar|Earthquake|p2a: Raikou
|-supereffective|p2a: Raikou
|-damage|p2a: Raikou|0 fnt
|faint|p2a: Raikou
|
|-weather|Sandstorm|[upkeep]
|
|switch|p2a: Keldeo-Resolute|Keldeo-Resolute|324\/324
|turn|33
|
|move|p2a: Keldeo-Resolute|Scald|p1a: Tyranitar
|-supereffective|p1a: Tyranitar
|-damage|p1a: Tyranitar|0 fnt
|faint|p1a: Tyranitar
|
|-weather|Sandstorm|[upkeep]
|-damage|p2a: Keldeo-Resolute|304\/324|[from] sandstorm
|-heal|p2a: Keldeo-Resolute|324\/324|[from] item: Leftovers
|
|switch|p1a: Gyarados|Gyarados, F|252\/393
|-damage|p1a: Gyarados|154\/393|[from] Stealth Rock
|-ability|p1a: Gyarados|Intimidate|[of] p2a: Keldeo-Resolute
|-unboost|p2a: Keldeo-Resolute|atk|1
|turn|34
|
|switch|p2a: Ferrothorn|Ferrothorn, F|175\/351 par
|move|p1a: Gyarados|Thunder Wave|p2a: Ferrothorn
|-fail|p2a: Ferrothorn|par
|
|-weather|Sandstorm|[upkeep]
|-damage|p1a: Gyarados|130\/393|[from] sandstorm
|-heal|p1a: Gyarados|154\/393|[from] item: Leftovers
|turn|35
|
|move|p1a: Gyarados|Rest|p1a: Gyarados
|-status|p1a: Gyarados|slp
|-heal|p1a: Gyarados|393\/393 slp|[silent]
|-status|p1a: Gyarados|slp|[from] move: Rest
|move|p2a: Ferrothorn|Gyro Ball|p1a: Gyarados
|-resisted|p1a: Gyarados
|-damage|p1a: Gyarados|308\/393 slp
|
|-weather|none
|-heal|p1a: Gyarados|332\/393 slp|[from] item: Leftovers
|turn|36
|
|cant|p1a: Gyarados|slp
|move|p1a: Gyarados|Sleep Talk|p1a: Gyarados
|move|p1a: Gyarados|Thunder Wave|p2a: Ferrothorn|[from]Sleep Talk
|-fail|p2a: Ferrothorn|par
|cant|p2a: Ferrothorn|par
|
|-heal|p1a: Gyarados|356\/393 slp|[from] item: Leftovers
|turn|37
|
|cant|p1a: Gyarados|slp
|move|p1a: Gyarados|Sleep Talk|p1a: Gyarados
|move|p1a: Gyarados|Scald|p2a: Ferrothorn|[from]Sleep Talk
|-resisted|p2a: Ferrothorn
|-damage|p2a: Ferrothorn|155\/351 par
|move|p2a: Ferrothorn|Gyro Ball|p1a: Gyarados
|-resisted|p1a: Gyarados
|-damage|p1a: Gyarados|266\/393 slp
|
|-heal|p1a: Gyarados|290\/393 slp|[from] item: Leftovers
|turn|38
|
|-curestatus|p1a: Gyarados|slp
|move|p1a: Gyarados|Scald|p2a: Ferrothorn
|-resisted|p2a: Ferrothorn
|-damage|p2a: Ferrothorn|135\/351 par
|move|p2a: Ferrothorn|Leech Seed|p1a: Gyarados
|-start|p1a: Gyarados|move: Leech Seed
|
|-heal|p1a: Gyarados|314\/393|[from] item: Leftovers
|-damage|p1a: Gyarados|265\/393|[from] Leech Seed|[of] p2a: Ferrothorn
|-heal|p2a: Ferrothorn|184\/351 par|[silent]
|turn|39
|
|switch|p1a: Breloom|Breloom, M|120\/323 tox
|-damage|p1a: Breloom|100\/323 tox|[from] Stealth Rock
|switch|p2a: Lucario|Lucario, F|203\/281
|
|-heal|p1a: Breloom|140\/323 tox|[from] ability: Poison Heal
|turn|40
|
|move|p2a: Lucario|Close Combat|p1a: Breloom
|-damage|p1a: Breloom|0 fnt
|-unboost|p2a: Lucario|def|1
|-unboost|p2a: Lucario|spd|1
|-damage|p2a: Lucario|175\/281|[from] item: Life Orb
|faint|p1a: Breloom
|
|c|âalb_prova|never seen max spe def slowbro
|
|switch|p1a: Gyarados|Gyarados, F|265\/393
|-damage|p1a: Gyarados|167\/393|[from] Stealth Rock
|-ability|p1a: Gyarados|Intimidate|[of] p2a: Lucario
|-unboost|p2a: Lucario|atk|1
|turn|41
|
|switch|p2a: Ferrothorn|Ferrothorn, F|184\/351 par
|move|p1a: Gyarados|Rest|p1a: Gyarados
|-status|p1a: Gyarados|slp
|-heal|p1a: Gyarados|393\/393 slp|[silent]
|-status|p1a: Gyarados|slp|[from] move: Rest
|
|turn|42
|
|switch|p1a: Clefable|Clefable, F|345\/394 tox
|-damage|p1a: Clefable|296\/394 tox|[from] Stealth Rock
|move|p2a: Ferrothorn|Leech Seed|p1a: Clefable
|-start|p1a: Clefable|move: Leech Seed
|
|-heal|p1a: Clefable|320\/394 tox|[from] item: Leftovers
|-damage|p1a: Clefable|271\/394 tox|[from] Leech Seed|[of] p2a: Ferrothorn
|-heal|p2a: Ferrothorn|233\/351 par|[silent]
|-damage|p1a: Clefable|247\/394 tox|[from] psn
|turn|43
|
|switch|p2a: Keldeo-Resolute|Keldeo-Resolute|324\/324
|move|p1a: Clefable|Calm Mind|p1a: Clefable
|-boost|p1a: Clefable|spa|1
|-boost|p1a: Clefable|spd|1
|
|-heal|p1a: Clefable|271\/394 tox|[from] item: Leftovers
|-damage|p1a: Clefable|222\/394 tox|[from] Leech Seed|[of] p2a: Keldeo-Resolute
|-damage|p1a: Clefable|174\/394 tox|[from] psn
|turn|44
|
|move|p2a: Keldeo-Resolute|Substitute|p2a: Keldeo-Resolute
|-start|p2a: Keldeo-Resolute|Substitute
|-damage|p2a: Keldeo-Resolute|243\/324
|move|p1a: Clefable|Moonlight|p1a: Clefable
|-heal|p1a: Clefable|371\/394 tox
|
|-heal|p2a: Keldeo-Resolute|263\/324|[from] item: Leftovers
|-heal|p1a: Clefable|394\/394 tox|[from] item: Leftovers
|-damage|p1a: Clefable|345\/394 tox|[from] Leech Seed|[of] p2a: Keldeo-Resolute
|-heal|p2a: Keldeo-Resolute|312\/324|[silent]
|-damage|p1a: Clefable|273\/394 tox|[from] psn
|turn|45
|
|move|p2a: Keldeo-Resolute|Calm Mind|p2a: Keldeo-Resolute
|-boost|p2a: Keldeo-Resolute|spa|1
|-boost|p2a: Keldeo-Resolute|spd|1
|move|p1a: Clefable|Moonblast|p2a: Keldeo-Resolute
|-supereffective|p2a: Keldeo-Resolute
|-end|p2a: Keldeo-Resolute|Substitute
|
|-heal|p2a: Keldeo-Resolute|324\/324|[from] item: Leftovers
|-heal|p1a: Clefable|297\/394 tox|[from] item: Leftovers
|-damage|p1a: Clefable|248\/394 tox|[from] Leech Seed|[of] p2a: Keldeo-Resolute
|-damage|p1a: Clefable|152\/394 tox|[from] psn
|turn|46
|
|move|p2a: Keldeo-Resolute|Substitute|p2a: Keldeo-Resolute
|-start|p2a: Keldeo-Resolute|Substitute
|-damage|p2a: Keldeo-Resolute|243\/324
|move|p1a: Clefable|Moonblast|p2a: Keldeo-Resolute
|-supereffective|p2a: Keldeo-Resolute
|-end|p2a: Keldeo-Resolute|Substitute
|
|-heal|p2a: Keldeo-Resolute|263\/324|[from] item: Leftovers
|-heal|p1a: Clefable|176\/394 tox|[from] item: Leftovers
|-damage|p1a: Clefable|127\/394 tox|[from] Leech Seed|[of] p2a: Keldeo-Resolute
|-heal|p2a: Keldeo-Resolute|312\/324|[silent]
|-damage|p1a: Clefable|7\/394 tox|[from] psn
|turn|47
|c|âalb_prova|gg
|-message|alb_prova forfeited.
|
|win|JY Test3
|raw|Ladder updating...
|raw|alb_prova's rating: 1458 &rarr; <strong>1439<\/strong><br \/>(-19 for losing)
|raw|JY Test3's rating: 1473 &rarr; <strong>1492<\/strong><br \/>(+19 for winning)