|join|alb_prova
|join|plimplam
|player|p1|alb_prova|210
|player|p2|plimplam|162
|gametype|singles
|gen|6
|tier|OU
|rated
|clearpoke
|poke|p1|Jirachi
|poke|p1|Azumarill, F
|poke|p1|Poliwrath, F
|poke|p1|Heracross, F
|poke|p1|Raikou
|poke|p1|Avalugg, M
|poke|p2|Smeargle, M
|poke|p2|Whimsicott, M
|poke|p2|Thundurus, M
|poke|p2|Espeon, M
|poke|p2|Gothitelle, M
|poke|p2|Azelf
|rule|Swagger Clause: Swagger is banned
|rule|Baton Pass Clause: Limit one PokÃ©mon knowing Baton Pass
|rule|Sleep Clause Mod: Limit one foe put to sleep
|rule|Species Clause: Limit one of each PokÃ©mon
|rule|OHKO Clause: OHKO moves are banned
|rule|Moody Clause: Moody is banned
|rule|Evasion Moves Clause: Evasion moves are banned
|rule|Endless Battle Clause: Forcing endless battles is banned
|rule|HP Percentage Mod: HP is shown in percentages
|teampreview
|c|âalb_prova|gl hf
|
|start
|switch|p1a: Azumarill|Azumarill, F|401\/401
|switch|p2a: Azelf|Azelf|354\/354
|turn|1
|
|move|p2a: Azelf|Reflect|p2a: Azelf
|-sidestart|p2: plimplam|Reflect
|move|p1a: Azumarill|Knock Off|p2a: Azelf
|-supereffective|p2a: Azelf
|-damage|p2a: Azelf|164\/354
|-enditem|p2a: Azelf|Light Clay|[from] move: Knock Off|[of] p1a: Azumarill
|
|turn|2
|
|move|p2a: Azelf|Light Screen|p2a: Azelf
|-sidestart|p2: plimplam|move: Light Screen
|move|p1a: Azumarill|Knock Off|p2a: Azelf
|-supereffective|p2a: Azelf
|-damage|p2a: Azelf|40\/354
|
|turn|3
|
|move|p1a: Azumarill|Aqua Jet|p2a: Azelf
|-crit|p2a: Azelf
|-damage|p2a: Azelf|0 fnt
|faint|p2a: Azelf
|
|
|switch|p2a: Whimsicott|Whimsicott, M|324\/324
|turn|4
|
|move|p2a: Whimsicott|Tailwind|p2a: Whimsicott
|-sidestart|p2: plimplam|move: Tailwind
|move|p1a: Azumarill|Play Rough|p2a: Whimsicott
|-damage|p2a: Whimsicott|203\/324
|
|turn|5
|
|move|p2a: Whimsicott|Memento|p1a: Azumarill
|-unboost|p1a: Azumarill|atk|2
|-unboost|p1a: Azumarill|spa|2
|faint|p2a: Whimsicott
|move|p1a: Azumarill|Knock Off|p2: Whimsicott|[notarget]
|-notarget
|
|
|switch|p2a: Smeargle|Smeargle, M|273\/273
|turn|6
|
|switch|p1a: Heracross|Heracross, F|309\/309
|move|p2a: Smeargle|Geomancy|p2a: Smeargle|[still]
|-prepare|p2a: Smeargle|Geomancy|p2a: Smeargle
|-enditem|p2a: Smeargle|Power Herb
|-anim|p2a: Smeargle|Geomancy|p2a: Smeargle
|-boost|p2a: Smeargle|spa|2
|-boost|p2a: Smeargle|spd|2
|-boost|p2a: Smeargle|spe|2
|
|-sideend|p2: plimplam|move: Light Screen
|turn|7
|
|detailschange|p1a: Heracross|Heracross-Mega, F
|message|Heracross has Mega Evolved into Mega Heracross!
|move|p2a: Smeargle|Cotton Guard|p2a: Smeargle
|-boost|p2a: Smeargle|def|3
|move|p1a: Heracross|Close Combat|p2a: Smeargle
|-supereffective|p2a: Smeargle
|-damage|p2a: Smeargle|125\/273
|-unboost|p1a: Heracross|def|1
|-unboost|p1a: Heracross|spd|1
|
|-sideend|p2: plimplam|move: Tailwind
|turn|8
|
|move|p2a: Smeargle|Cotton Guard|p2a: Smeargle
|-boost|p2a: Smeargle|def|3
|move|p1a: Heracross|Pin Missile|p2a: Smeargle
|-damage|p2a: Smeargle|114\/273
|-damage|p2a: Smeargle|105\/273
|-damage|p2a: Smeargle|96\/273
|-damage|p2a: Smeargle|87\/273
|-damage|p2a: Smeargle|78\/273
|-hitcount|p2a: Smeargle|5
|
|-sideend|p2: plimplam|Reflect
|turn|9
|
|move|p2a: Smeargle|Baton Pass|p2a: Smeargle
|
|switch|p2a: Espeon|Espeon, M|321\/321
|move|p1a: Heracross|Pin Missile|p2a: Espeon
|-supereffective|p2a: Espeon
|-damage|p2a: Espeon|289\/321
|-supereffective|p2a: Espeon
|-damage|p2a: Espeon|257\/321
|-supereffective|p2a: Espeon
|-damage|p2a: Espeon|225\/321
|-supereffective|p2a: Espeon
|-damage|p2a: Espeon|195\/321
|-supereffective|p2a: Espeon
|-damage|p2a: Espeon|163\/321
|-hitcount|p2a: Espeon|5
|
|-heal|p2a: Espeon|183\/321|[from] item: Leftovers
|turn|10
|
|move|p2a: Espeon|Stored Power|p1a: Heracross
|-supereffective|p1a: Heracross
|-damage|p1a: Heracross|0 fnt
|faint|p1a: Heracross
|
|-heal|p2a: Espeon|203\/321|[from] item: Leftovers
|
|switch|p1a: Nano malefico|Jirachi|404\/404
|turn|11
|
|move|p2a: Espeon|Stored Power|p1a: Nano malefico
|-resisted|p1a: Nano malefico
|-damage|p1a: Nano malefico|273\/404
|move|p1a: Nano malefico|Body Slam|p2a: Espeon
|-damage|p2a: Espeon|187\/321
|-status|p2a: Espeon|par
|
|-heal|p1a: Nano malefico|298\/404|[from] item: Leftovers
|-heal|p2a: Espeon|207\/321 par|[from] item: Leftovers
|turn|12
|
|move|p1a: Nano malefico|Iron Head|p2a: Espeon
|-crit|p2a: Espeon
|-damage|p2a: Espeon|69\/321 par
|cant|p2a: Espeon|par
|
|-heal|p1a: Nano malefico|323\/404|[from] item: Leftovers
|-heal|p2a: Espeon|89\/321 par|[from] item: Leftovers
|turn|13
|
|move|p1a: Nano malefico|Iron Head|p2a: Espeon
|-damage|p2a: Espeon|67\/321 par
|cant|p2a: Espeon|flinch
|
|-heal|p1a: Nano malefico|348\/404|[from] item: Leftovers
|-heal|p2a: Espeon|87\/321 par|[from] item: Leftovers
|turn|14
|
|move|p1a: Nano malefico|Iron Head|p2a: Espeon
|-damage|p2a: Espeon|62\/321 par
|cant|p2a: Espeon|par
|
|-heal|p1a: Nano malefico|373\/404|[from] item: Leftovers
|-heal|p2a: Espeon|82\/321 par|[from] item: Leftovers
|turn|15
|
|move|p1a: Nano malefico|Iron Head|p2a: Espeon
|-damage|p2a: Espeon|57\/321 par
|cant|p2a: Espeon|flinch
|
|-heal|p1a: Nano malefico|398\/404|[from] item: Leftovers
|-heal|p2a: Espeon|77\/321 par|[from] item: Leftovers
|turn|16
|
|move|p1a: Nano malefico|Iron Head|p2a: Espeon
|-damage|p2a: Espeon|55\/321 par
|cant|p2a: Espeon|flinch
|
|-heal|p1a: Nano malefico|404\/404|[from] item: Leftovers
|-heal|p2a: Espeon|75\/321 par|[from] item: Leftovers
|turn|17
|
|move|p1a: Nano malefico|Iron Head|p2a: Espeon
|-damage|p2a: Espeon|50\/321 par
|move|p2a: Espeon|Morning Sun|p2a: Espeon
|-heal|p2a: Espeon|210\/321 par
|
|-heal|p2a: Espeon|230\/321 par|[from] item: Leftovers
|turn|18
|
|move|p1a: Nano malefico|Iron Head|p2a: Espeon
|-damage|p2a: Espeon|205\/321 par
|move|p2a: Espeon|Substitute|p2a: Espeon
|-start|p2a: Espeon|Substitute
|-damage|p2a: Espeon|125\/321 par
|
|-heal|p2a: Espeon|145\/321 par|[from] item: Leftovers
|turn|19
|
|move|p1a: Nano malefico|Iron Head|p2a: Espeon
|-activate|p2a: Espeon|Substitute|[damage]
|cant|p2a: Espeon|par
|
|-heal|p2a: Espeon|165\/321 par|[from] item: Leftovers
|turn|20
|
|move|p1a: Nano malefico|Iron Head|p2a: Espeon
|-activate|p2a: Espeon|Substitute|[damage]
|move|p2a: Espeon|Morning Sun|p2a: Espeon
|-heal|p2a: Espeon|321\/321 par
|
|turn|21
|
|move|p1a: Nano malefico|Iron Head|p2a: Espeon
|-crit|p2a: Espeon
|-end|p2a: Espeon|Substitute
|cant|p2a: Espeon|par
|
|turn|22
|
|switch|p1a: Wrongtoad|Poliwrath, F|384\/384
|cant|p2a: Espeon|par
|
|turn|23
|
|move|p2a: Espeon|Substitute|p2a: Espeon
|-start|p2a: Espeon|Substitute
|-damage|p2a: Espeon|241\/321 par
|move|p1a: Wrongtoad|Circle Throw|p2a: Espeon
|-resisted|p2a: Espeon
|-activate|p2a: Espeon|Substitute|[damage]
|
|-heal|p2a: Espeon|261\/321 par|[from] item: Leftovers
|turn|24
|
|move|p2a: Espeon|Stored Power|p1a: Wrongtoad
|-crit|p1a: Wrongtoad
|-supereffective|p1a: Wrongtoad
|-damage|p1a: Wrongtoad|0 fnt
|faint|p1a: Wrongtoad
|
|-heal|p2a: Espeon|281\/321 par|[from] item: Leftovers
|
|switch|p1a: Raikou|Raikou|321\/321
|-ability|p1a: Raikou|Pressure
|turn|25
|
|move|p1a: Raikou|Shadow Ball|p2a: Espeon
|-supereffective|p2a: Espeon
|-end|p2a: Espeon|Substitute
|cant|p2a: Espeon|par
|
|-heal|p2a: Espeon|301\/321 par|[from] item: Leftovers
|turn|26
|
|move|p1a: Raikou|Shadow Ball|p2a: Espeon
|-supereffective|p2a: Espeon
|-damage|p2a: Espeon|209\/321 par
|move|p2a: Espeon|Stored Power|p1a: Raikou
|-damage|p1a: Raikou|0 fnt
|faint|p1a: Raikou
|
|-heal|p2a: Espeon|229\/321 par|[from] item: Leftovers
|
|switch|p1a: Azumarill|Azumarill, F|401\/401
|turn|27
|
|move|p1a: Azumarill|Knock Off|p2a: Espeon
|-supereffective|p2a: Espeon
|-damage|p2a: Espeon|161\/321 par
|-enditem|p2a: Espeon|Leftovers|[from] move: Knock Off|[of] p1a: Azumarill
|move|p2a: Espeon|Morning Sun|p2a: Espeon
|-heal|p2a: Espeon|321\/321 par
|
|turn|28
|
|move|p1a: Azumarill|Waterfall|p2a: Espeon
|-crit|p2a: Espeon
|-damage|p2a: Espeon|45\/321 par
|move|p2a: Espeon|Stored Power|p1a: Azumarill
|-damage|p1a: Azumarill|0 fnt
|faint|p1a: Azumarill
|
|
|switch|p1a: Nano malefico|Jirachi|404\/404
|turn|29
|
|move|p1a: Nano malefico|Iron Head|p2a: Espeon
|-damage|p2a: Espeon|20\/321 par
|cant|p2a: Espeon|par
|
|turn|30
|
|move|p1a: Nano malefico|Iron Head|p2a: Espeon
|-damage|p2a: Espeon|0 fnt
|faint|p2a: Espeon
|
|
|switch|p2a: Gothitelle|Gothitelle, M|344\/344
|turn|31
|
|move|p1a: Nano malefico|Iron Head|p2a: Gothitelle
|-damage|p2a: Gothitelle|242\/344
|cant|p2a: Gothitelle|flinch
|
|turn|32
|
|move|p1a: Nano malefico|Iron Head|p2a: Gothitelle
|-damage|p2a: Gothitelle|140\/344
|cant|p2a: Gothitelle|flinch
|
|turn|33
|
|switch|p2a: Smeargle|Smeargle, M|78\/273
|move|p1a: Nano malefico|Body Slam|p2a: Smeargle
|-crit|p2a: Smeargle
|-damage|p2a: Smeargle|0 fnt
|faint|p2a: Smeargle
|
|
|switch|p2a: Thundurus|Thundurus, M|300\/300
|turn|34
|
|move|p2a: Thundurus|Thunder Wave|p1a: Nano malefico
|-status|p1a: Nano malefico|par
|move|p1a: Nano malefico|Fire Punch|p2a: Thundurus
|-damage|p2a: Thundurus|227\/300
|
|turn|35
|
|move|p2a: Thundurus|Thunderbolt|p1a: Nano malefico
|-damage|p1a: Nano malefico|289\/404 par
|move|p1a: Nano malefico|Fire Punch|p2a: Thundurus
|-damage|p2a: Thundurus|141\/300
|-status|p2a: Thundurus|brn
|
|-heal|p1a: Nano malefico|314\/404 par|[from] item: Leftovers
|-damage|p2a: Thundurus|104\/300 brn|[from] brn
|turn|36
|
|move|p2a: Thundurus|Thunderbolt|p1a: Nano malefico
|-damage|p1a: Nano malefico|199\/404 par
|move|p1a: Nano malefico|Fire Punch|p2a: Thundurus
|-damage|p2a: Thundurus|25\/300 brn
|
|-heal|p1a: Nano malefico|224\/404 par|[from] item: Leftovers
|-damage|p2a: Thundurus|0 fnt|[from] brn
|faint|p2a: Thundurus
|
|switch|p2a: Gothitelle|Gothitelle, M|140\/344
|turn|37
|
|move|p2a: Gothitelle|Hidden Power|p1a: Nano malefico
|-damage|p1a: Nano malefico|151\/404 par
|move|p1a: Nano malefico|Body Slam|p2a: Gothitelle
|-damage|p2a: Gothitelle|74\/344
|-status|p2a: Gothitelle|par
|
|-heal|p1a: Nano malefico|176\/404 par|[from] item: Leftovers
|turn|38
|-message|plimplam forfeited.
|
|win|alb_prova
|raw|Ladder updating...
|leave|plimplam
|player|p2
|raw|alb_prova's rating: 1656 &rarr; <strong>1675<\/strong><br \/>(+19 for winning)
|raw|plimplam's rating: 1634 &rarr; <strong>1616<\/strong><br \/>(-18 for losing)