|join|alb_prova
|join|Stand Proud
|player|p1|alb_prova|210
|player|p2|Stand Proud|52
|gametype|singles
|gen|6
|tier|OU
|rated
|clearpoke
|poke|p1|Jirachi
|poke|p1|Azumarill, F
|poke|p1|Poliwrath, F
|poke|p1|Heracross, M
|poke|p1|Raikou
|poke|p1|Avalugg, F
|poke|p2|Garchomp, F
|poke|p2|Landorus-Therian, M
|poke|p2|Gengar, M
|poke|p2|Azumarill, M
|poke|p2|Crawdaunt, F
|poke|p2|Manectric, F
|rule|Swagger Clause: Swagger is banned
|rule|Baton Pass Clause: Limit one PokÃ©mon knowing Baton Pass
|rule|Sleep Clause Mod: Limit one foe put to sleep
|rule|Species Clause: Limit one of each PokÃ©mon
|rule|OHKO Clause: OHKO moves are banned
|rule|Moody Clause: Moody is banned
|rule|Evasion Moves Clause: Evasion moves are banned
|rule|Endless Battle Clause: Forcing endless battles is banned
|rule|HP Percentage Mod: HP is shown in percentages
|teampreview
|
|start
|switch|p1a: Piroetta|Avalugg, F|394\/394
|switch|p2a: Garchomp|Garchomp, F|358\/358
|turn|1
|
|switch|p2a: Azumarill|Azumarill, M|404\/404
|move|p1a: Piroetta|Avalanche|p2a: Azumarill
|-resisted|p2a: Azumarill
|-damage|p2a: Azumarill|355\/404
|
|turn|2
|
|move|p2a: Azumarill|Waterfall|p1a: Piroetta
|-damage|p1a: Piroetta|288\/394
|move|p1a: Piroetta|Avalanche|p2a: Azumarill
|-resisted|p2a: Azumarill
|-damage|p2a: Azumarill|256\/404
|
|-heal|p1a: Piroetta|312\/394|[from] item: Leftovers
|turn|3
|
|switch|p2a: Manectric|Manectric, F|281\/281
|move|p1a: Piroetta|Recover|p1a: Piroetta
|-heal|p1a: Piroetta|394\/394
|
|turn|4
|
|switch|p1a: Raikou|Raikou|321\/321
|-ability|p1a: Raikou|Pressure
|detailschange|p2a: Manectric|Manectric-Mega, F
|message|Manectric has Mega Evolved into Mega Manectric!
|-ability|p2a: Manectric|Intimidate|[of] p1a: Raikou
|-unboost|p1a: Raikou|atk|1
|move|p2a: Manectric|Volt Switch|p1a: Raikou
|-resisted|p1a: Raikou
|-damage|p1a: Raikou|279\/321
|
|switch|p2a: Landorus-Therian|Landorus-Therian, M|324\/324
|-ability|p2a: Landorus-Therian|Intimidate|[of] p1a: Raikou
|-unboost|p1a: Raikou|atk|1
|
|turn|5
|
|switch|p1a: Piroetta|Avalugg, F|394\/394
|move|p2a: Landorus-Therian|Earthquake|p1a: Piroetta
|-damage|p1a: Piroetta|279\/394
|
|-heal|p1a: Piroetta|303\/394|[from] item: Leftovers
|turn|6
|
|switch|p2a: Manectric|Manectric-Mega, F|281\/281
|-ability|p2a: Manectric|Intimidate|[of] p1a: Piroetta
|-unboost|p1a: Piroetta|atk|1
|switch|p1a: Raikou|Raikou|279\/321
|-ability|p1a: Raikou|Pressure
|
|turn|7
|
|move|p2a: Manectric|Overheat|p1a: Raikou
|-damage|p1a: Raikou|169\/321
|-unboost|p2a: Manectric|spa|2
|move|p1a: Raikou|Hidden Power|p2a: Manectric
|-damage|p2a: Manectric|208\/281
|
|turn|8
|
|move|p2a: Manectric|Volt Switch|p1a: Raikou
|-resisted|p1a: Raikou
|-damage|p1a: Raikou|148\/321
|
|switch|p2a: Azumarill|Azumarill, M|256\/404
|move|p1a: Raikou|Extrasensory|p2a: Azumarill
|-damage|p2a: Azumarill|180\/404
|
|turn|9
|
|switch|p1a: Nano malefico|Jirachi|404\/404
|move|p2a: Azumarill|Aqua Jet|p1a: Nano malefico
|-damage|p1a: Nano malefico|311\/404
|
|-heal|p1a: Nano malefico|336\/404|[from] item: Leftovers
|turn|10
|
|move|p1a: Nano malefico|Iron Head|p2a: Azumarill
|-damage|p2a: Azumarill|72\/404
|move|p2a: Azumarill|Waterfall|p1a: Nano malefico
|-damage|p1a: Nano malefico|164\/404
|
|-heal|p1a: Nano malefico|189\/404|[from] item: Leftovers
|turn|11
|
|move|p2a: Azumarill|Aqua Jet|p1a: Nano malefico
|-damage|p1a: Nano malefico|105\/404
|move|p1a: Nano malefico|Stealth Rock|p2a: Azumarill
|-sidestart|p2: Stand Proud|move: Stealth Rock
|
|-heal|p1a: Nano malefico|130\/404|[from] item: Leftovers
|turn|12
|
|move|p2a: Azumarill|Aqua Jet|p1a: Nano malefico
|-damage|p1a: Nano malefico|40\/404
|move|p1a: Nano malefico|Body Slam|p2a: Azumarill
|-damage|p2a: Azumarill|0 fnt
|faint|p2a: Azumarill
|
|-heal|p1a: Nano malefico|65\/404|[from] item: Leftovers
|
|switch|p2a: Garchomp|Garchomp, F|358\/358
|-damage|p2a: Garchomp|336\/358|[from] Stealth Rock
|turn|13
|
|move|p2a: Garchomp|Stealth Rock|p1a: Nano malefico
|-sidestart|p1: alb_prova|move: Stealth Rock
|move|p1a: Nano malefico|Body Slam|p2a: Garchomp
|-damage|p2a: Garchomp|270\/358
|-damage|p1a: Nano malefico|15\/404|[from] ability: Rough Skin|[of] p2a: Garchomp
|-status|p2a: Garchomp|par
|-enditem|p2a: Garchomp|Lum Berry|[eat]
|-curestatus|p2a: Garchomp|par
|
|-heal|p1a: Nano malefico|40\/404|[from] item: Leftovers
|turn|14
|
|move|p2a: Garchomp|Earthquake|p1a: Nano malefico
|-supereffective|p1a: Nano malefico
|-damage|p1a: Nano malefico|0 fnt
|faint|p1a: Nano malefico
|
|
|switch|p1a: Piroetta|Avalugg, F|303\/394
|-damage|p1a: Piroetta|205\/394|[from] Stealth Rock
|turn|15
|
|move|p2a: Garchomp|Swords Dance|p2a: Garchomp
|-boost|p2a: Garchomp|atk|2
|move|p1a: Piroetta|Recover|p1a: Piroetta
|-heal|p1a: Piroetta|394\/394
|
|turn|16
|
|move|p2a: Garchomp|Earthquake|p1a: Piroetta
|-damage|p1a: Piroetta|184\/394
|move|p1a: Piroetta|Avalanche|p2a: Garchomp
|-supereffective|p2a: Garchomp
|-damage|p2a: Garchomp|0 fnt
|-damage|p1a: Piroetta|135\/394|[from] ability: Rough Skin|[of] p2a: Garchomp
|faint|p2a: Garchomp
|
|-heal|p1a: Piroetta|159\/394|[from] item: Leftovers
|
|switch|p2a: Gengar|Gengar, M|268\/268
|-damage|p2a: Gengar|235\/268|[from] Stealth Rock
|turn|17
|
|move|p2a: Gengar|Sludge Wave|p1a: Piroetta
|-damage|p1a: Piroetta|0 fnt
|-damage|p2a: Gengar|209\/268|[from] item: Life Orb
|faint|p1a: Piroetta
|
|
|switch|p1a: Raikou|Raikou|148\/321
|-damage|p1a: Raikou|108\/321|[from] Stealth Rock
|-ability|p1a: Raikou|Pressure
|turn|18
|
|switch|p2a: Crawdaunt|Crawdaunt, F|267\/267
|-damage|p2a: Crawdaunt|234\/267|[from] Stealth Rock
|move|p1a: Raikou|Thunderbolt|p2a: Crawdaunt
|-supereffective|p2a: Crawdaunt
|-damage|p2a: Crawdaunt|0 fnt
|faint|p2a: Crawdaunt
|
|
|switch|p2a: Landorus-Therian|Landorus-Therian, M|324\/324
|-damage|p2a: Landorus-Therian|284\/324|[from] Stealth Rock
|-ability|p2a: Landorus-Therian|Intimidate|[of] p1a: Raikou
|-unboost|p1a: Raikou|atk|1
|turn|19
|
|switch|p1a: Wrongtoad|Poliwrath, F|384\/384
|-damage|p1a: Wrongtoad|360\/384|[from] Stealth Rock
|move|p2a: Landorus-Therian|Earthquake|p1a: Wrongtoad
|-damage|p1a: Wrongtoad|219\/384
|
|-heal|p1a: Wrongtoad|243\/384|[from] item: Leftovers
|turn|20
|
|move|p2a: Landorus-Therian|Earthquake|p1a: Wrongtoad
|-damage|p1a: Wrongtoad|98\/384
|move|p1a: Wrongtoad|Scald|p2a: Landorus-Therian
|-crit|p2a: Landorus-Therian
|-supereffective|p2a: Landorus-Therian
|-damage|p2a: Landorus-Therian|6\/324
|
|-heal|p1a: Wrongtoad|122\/384|[from] item: Leftovers
|turn|21
|
|move|p2a: Landorus-Therian|Earthquake|p1a: Wrongtoad
|-damage|p1a: Wrongtoad|0 fnt
|faint|p1a: Wrongtoad
|
|
|switch|p1a: Azumarill|Azumarill, F|401\/401
|-damage|p1a: Azumarill|351\/401|[from] Stealth Rock
|turn|22
|
|move|p1a: Azumarill|Aqua Jet|p2a: Landorus-Therian
|-supereffective|p2a: Landorus-Therian
|-damage|p2a: Landorus-Therian|0 fnt
|faint|p2a: Landorus-Therian
|
|
|switch|p2a: Gengar|Gengar, M|209\/268
|-damage|p2a: Gengar|176\/268|[from] Stealth Rock
|turn|23
|
|move|p1a: Azumarill|Aqua Jet|p2a: Gengar
|-damage|p2a: Gengar|56\/268
|move|p2a: Gengar|Sludge Wave|p1a: Azumarill
|-supereffective|p1a: Azumarill
|-damage|p1a: Azumarill|36\/401
|-damage|p2a: Gengar|30\/268|[from] item: Life Orb
|
|turn|24
|
|move|p1a: Azumarill|Aqua Jet|p2a: Gengar
|-damage|p2a: Gengar|0 fnt
|faint|p2a: Gengar
|
|
|switch|p2a: Manectric|Manectric-Mega, F|208\/281
|-damage|p2a: Manectric|173\/281|[from] Stealth Rock
|-ability|p2a: Manectric|Intimidate|[of] p1a: Azumarill
|-unboost|p1a: Azumarill|atk|1
|turn|25
|
|move|p1a: Azumarill|Aqua Jet|p2a: Manectric
|-damage|p2a: Manectric|101\/281
|move|p2a: Manectric|Thunderbolt|p1a: Azumarill
|-supereffective|p1a: Azumarill
|-damage|p1a: Azumarill|0 fnt
|faint|p1a: Azumarill
|
|
|switch|p1a: Heracross|Heracross, M|309\/309
|-damage|p1a: Heracross|271\/309|[from] Stealth Rock
|turn|26
|
|detailschange|p1a: Heracross|Heracross-Mega, M
|message|Heracross has Mega Evolved into Mega Heracross!
|move|p2a: Manectric|Overheat|p1a: Heracross
|-supereffective|p1a: Heracross
|-damage|p1a: Heracross|0 fnt
|-unboost|p2a: Manectric|spa|2
|faint|p1a: Heracross
|
|
|switch|p1a: Raikou|Raikou|108\/321
|-damage|p1a: Raikou|68\/321|[from] Stealth Rock
|-ability|p1a: Raikou|Pressure
|turn|27
|
|move|p2a: Manectric|Overheat|p1a: Raikou
|-damage|p1a: Raikou|18\/321
|-unboost|p2a: Manectric|spa|2
|move|p1a: Raikou|Extrasensory|p2a: Manectric
|-damage|p2a: Manectric|2\/281
|
|turn|28
|c|âStand Proud|wow
|c|âalb_prova|stupid low roll
|
|move|p2a: Manectric|Overheat|p1a: Raikou
|-damage|p1a: Raikou|0 fnt
|-unboost|p2a: Manectric|spa|2
|faint|p1a: Raikou
|
|win|Stand Proud
|raw|Ladder updating...
|raw|alb_prova's rating: 1623 &rarr; <strong>1607<\/strong><br \/>(-16 for losing)
|raw|Stand Proud's rating: 1697 &rarr; <strong>1713<\/strong><br \/>(+16 for winning)
|c|âStand Proud|Turn down for what?
|c|âStand Proud|wowowowoowow