|join|alb_prova
|join|Dreadblazer
|player|p1|alb_prova|210
|player|p2|Dreadblazer|65
|gametype|singles
|gen|6
|tier|OU
|rated
|clearpoke
|poke|p1|Jirachi
|poke|p1|Azumarill, F
|poke|p1|Poliwrath, M
|poke|p1|Heracross, M
|poke|p1|Raikou
|poke|p1|Avalugg, M
|poke|p2|Volcarona, M
|poke|p2|Blastoise, M
|poke|p2|Aerodactyl, M
|poke|p2|Zygarde
|poke|p2|Latias, F
|poke|p2|Cobalion
|rule|Swagger Clause: Swagger is banned
|rule|Baton Pass Clause: Limit one PokÃ©mon knowing Baton Pass
|rule|Sleep Clause Mod: Limit one foe put to sleep
|rule|Species Clause: Limit one of each PokÃ©mon
|rule|OHKO Clause: OHKO moves are banned
|rule|Moody Clause: Moody is banned
|rule|Evasion Moves Clause: Evasion moves are banned
|rule|Endless Battle Clause: Forcing endless battles is banned
|rule|HP Percentage Mod: HP is shown in percentages
|teampreview
|c|âalb_prova|gl hf
|c|âDreadblazer|gl
|
|start
|switch|p1a: Raikou|Raikou|321\/321
|switch|p2a: Zygarde|Zygarde|419\/419
|-ability|p1a: Raikou|Pressure
|-ability|p2a: Zygarde|Aura Break
|turn|1
|
|switch|p1a: Piroetta|Avalugg, M|394\/394
|move|p2a: Zygarde|Earthquake|p1a: Piroetta
|-damage|p1a: Piroetta|328\/394
|
|-heal|p1a: Piroetta|352\/394|[from] item: Leftovers
|turn|2
|
|move|p2a: Zygarde|Glare|p1a: Piroetta
|-status|p1a: Piroetta|par
|move|p1a: Piroetta|Avalanche|p2a: Zygarde
|-supereffective|p2a: Zygarde
|-damage|p2a: Zygarde|167\/419
|
|-heal|p2a: Zygarde|193\/419|[from] item: Leftovers
|-heal|p1a: Piroetta|376\/394 par|[from] item: Leftovers
|turn|3
|
|switch|p2a: Cobalion|Cobalion|385\/385
|-item|p2a: Cobalion|Air Balloon
|switch|p1a: Raikou|Raikou|321\/321
|-ability|p1a: Raikou|Pressure
|
|turn|4
|
|switch|p2a: Zygarde|Zygarde|193\/419
|-ability|p2a: Zygarde|Aura Break
|move|p1a: Raikou|Volt Switch|p2a: Zygarde
|-immune|p2a: Zygarde|[msg]
|
|-heal|p2a: Zygarde|219\/419|[from] item: Leftovers
|turn|5
|
|move|p1a: Raikou|Hidden Power|p2a: Zygarde
|-supereffective|p2a: Zygarde
|-damage|p2a: Zygarde|19\/419
|move|p2a: Zygarde|Earthquake|p1a: Raikou
|-supereffective|p1a: Raikou
|-damage|p1a: Raikou|21\/321
|
|-heal|p2a: Zygarde|45\/419|[from] item: Leftovers
|turn|6
|
|move|p2a: Zygarde|Extreme Speed|p1a: Raikou
|-damage|p1a: Raikou|0 fnt
|faint|p1a: Raikou
|
|-heal|p2a: Zygarde|71\/419|[from] item: Leftovers
|
|switch|p1a: Heracross|Heracross, M|309\/309
|turn|7
|
|switch|p2a: Cobalion|Cobalion|385\/385
|-item|p2a: Cobalion|Air Balloon
|detailschange|p1a: Heracross|Heracross-Mega, M
|message|Heracross has Mega Evolved into Mega Heracross!
|move|p1a: Heracross|Pin Missile|p2a: Cobalion
|-resisted|p2a: Cobalion
|-damage|p2a: Cobalion|377\/385
|-enditem|p2a: Cobalion|Air Balloon
|-resisted|p2a: Cobalion
|-damage|p2a: Cobalion|369\/385
|-resisted|p2a: Cobalion
|-damage|p2a: Cobalion|360\/385
|-resisted|p2a: Cobalion
|-damage|p2a: Cobalion|351\/385
|-resisted|p2a: Cobalion
|-damage|p2a: Cobalion|342\/385
|-hitcount|p2a: Cobalion|5
|
|turn|8
|
|move|p1a: Heracross|Close Combat|p2a: Cobalion
|-supereffective|p2a: Cobalion
|-damage|p2a: Cobalion|0 fnt
|-unboost|p1a: Heracross|def|1
|-unboost|p1a: Heracross|spd|1
|faint|p2a: Cobalion
|
|
|switch|p2a: Aerodactyl|Aerodactyl, M|322\/322
|turn|9
|
|switch|p1a: Piroetta|Avalugg, M|376\/394 par
|detailschange|p2a: Aerodactyl|Aerodactyl-Mega, M
|message|Aerodactyl has Mega Evolved into Mega Aerodactyl!
|move|p2a: Aerodactyl|Aerial Ace|p1a: Piroetta
|-damage|p1a: Piroetta|295\/394 par
|
|-heal|p1a: Piroetta|319\/394 par|[from] item: Leftovers
|turn|10
|
|switch|p2a: Blastoise|Blastoise, M|362\/362
|switch|p1a: Nano malefico|Jirachi|404\/404
|
|turn|11
|
|move|p1a: Nano malefico|Stealth Rock|p2a: Blastoise
|-sidestart|p2: Dreadblazer|move: Stealth Rock
|move|p2a: Blastoise|Yawn|p1a: Nano malefico
|-start|p1a: Nano malefico|move: Yawn|[of] p2a: Blastoise
|
|turn|12
|
|switch|p1a: Heracross|Heracross-Mega, M|309\/309
|move|p2a: Blastoise|Aqua Ring|p2a: Blastoise
|-start|p2a: Blastoise|Aqua Ring
|
|turn|13
|
|move|p1a: Heracross|Bullet Seed|p2a: Blastoise
|-crit|p2a: Blastoise
|-supereffective|p2a: Blastoise
|-damage|p2a: Blastoise|274\/362
|-supereffective|p2a: Blastoise
|-damage|p2a: Blastoise|214\/362
|-supereffective|p2a: Blastoise
|-damage|p2a: Blastoise|162\/362
|-supereffective|p2a: Blastoise
|-damage|p2a: Blastoise|110\/362
|-supereffective|p2a: Blastoise
|-damage|p2a: Blastoise|54\/362
|-hitcount|p2a: Blastoise|5
|move|p2a: Blastoise|Scald|p1a: Heracross
|-crit|p1a: Heracross
|-damage|p1a: Heracross|140\/309
|-status|p1a: Heracross|brn
|
|-heal|p2a: Blastoise|76\/362|[from] item: Leftovers
|-heal|p2a: Blastoise|98\/362|[from] Aqua Ring
|-damage|p1a: Heracross|102\/309 brn|[from] brn
|turn|14
|
|move|p1a: Heracross|Pin Missile|p2a: Blastoise
|-damage|p2a: Blastoise|77\/362
|-damage|p2a: Blastoise|56\/362
|-damage|p2a: Blastoise|35\/362
|-damage|p2a: Blastoise|16\/362
|-damage|p2a: Blastoise|0 fnt
|-hitcount|p2a: Blastoise|5
|faint|p2a: Blastoise
|
|-damage|p1a: Heracross|64\/309 brn|[from] brn
|c|âalb_prova|yeah
|
|switch|p2a: Zygarde|Zygarde|71\/419
|-damage|p2a: Zygarde|45\/419|[from] Stealth Rock
|-ability|p2a: Zygarde|Aura Break
|turn|15
|
|move|p2a: Zygarde|Extreme Speed|p1a: Heracross
|-damage|p1a: Heracross|5\/309 brn
|move|p1a: Heracross|Bullet Seed|p2a: Zygarde
|-damage|p2a: Zygarde|28\/419
|-damage|p2a: Zygarde|13\/419
|-damage|p2a: Zygarde|0 fnt
|-hitcount|p2a: Zygarde|3
|faint|p2a: Zygarde
|
|-damage|p1a: Heracross|0 fnt|[from] brn
|faint|p1a: Heracross
|
|switch|p2a: Volcarona|Volcarona, M|311\/311
|-damage|p2a: Volcarona|156\/311|[from] Stealth Rock
|switch|p1a: Azumarill|Azumarill, F|401\/401
|turn|16
|
|move|p2a: Volcarona|Giga Drain|p1a: Azumarill
|-supereffective|p1a: Azumarill
|-damage|p1a: Azumarill|257\/401
|-heal|p2a: Volcarona|228\/311|[from] drain|[of] p1a: Azumarill
|move|p1a: Azumarill|Waterfall|p2a: Volcarona
|-supereffective|p2a: Volcarona
|-damage|p2a: Volcarona|0 fnt
|-status|p1a: Azumarill|brn
|faint|p2a: Volcarona
|
|-damage|p1a: Azumarill|207\/401 brn|[from] brn
|
|switch|p2a: Latias|Latias, F|302\/302
|-damage|p2a: Latias|265\/302|[from] Stealth Rock
|turn|17
|c|âalb_prova|!data flame body
|c|~|\/data-ability Flame Body

|
|move|p2a: Latias|Energy Ball|p1a: Azumarill
|-crit|p1a: Azumarill
|-supereffective|p1a: Azumarill
|-damage|p1a: Azumarill|0 fnt
|faint|p1a: Azumarill
|
|-heal|p2a: Latias|283\/302|[from] item: Leftovers
|
|switch|p1a: Piroetta|Avalugg, M|319\/394 par
|turn|18
|
|move|p2a: Latias|Energy Ball|p1a: Piroetta
|-damage|p1a: Piroetta|215\/394 par
|cant|p1a: Piroetta|par
|
|-heal|p2a: Latias|301\/302|[from] item: Leftovers
|-heal|p1a: Piroetta|239\/394 par|[from] item: Leftovers
|turn|19
|
|move|p2a: Latias|Energy Ball|p1a: Piroetta
|-damage|p1a: Piroetta|132\/394 par
|cant|p1a: Piroetta|par
|
|-heal|p2a: Latias|302\/302|[from] item: Leftovers
|-heal|p1a: Piroetta|156\/394 par|[from] item: Leftovers
|turn|20
|
|move|p2a: Latias|Energy Ball|p1a: Piroetta
|-damage|p1a: Piroetta|44\/394 par
|move|p1a: Piroetta|Recover|p1a: Piroetta
|-heal|p1a: Piroetta|241\/394 par
|
|-heal|p1a: Piroetta|265\/394 par|[from] item: Leftovers
|turn|21
|
|move|p2a: Latias|Energy Ball|p1a: Piroetta
|-damage|p1a: Piroetta|153\/394 par
|move|p1a: Piroetta|Avalanche|p2a: Latias
|-crit|p2a: Latias
|-supereffective|p2a: Latias
|-damage|p2a: Latias|0 fnt
|faint|p2a: Latias
|
|-heal|p1a: Piroetta|177\/394 par|[from] item: Leftovers
|
|switch|p2a: Aerodactyl|Aerodactyl-Mega, M|322\/322
|-damage|p2a: Aerodactyl|242\/322|[from] Stealth Rock
|turn|22
|
|move|p2a: Aerodactyl|Rock Slide|p1a: Piroetta
|-supereffective|p1a: Piroetta
|-damage|p1a: Piroetta|33\/394 par
|cant|p1a: Piroetta|flinch
|
|-heal|p1a: Piroetta|57\/394 par|[from] item: Leftovers
|turn|23
|c|âalb_prova|really man?
|
|move|p2a: Aerodactyl|Rock Slide|p1a: Piroetta
|-supereffective|p1a: Piroetta
|-damage|p1a: Piroetta|0 fnt
|faint|p1a: Piroetta
|
|
|switch|p1a: Nano malefico|Jirachi|404\/404
|turn|24
|
|move|p2a: Aerodactyl|Fire Fang|p1a: Nano malefico
|-supereffective|p1a: Nano malefico
|-damage|p1a: Nano malefico|204\/404
|cant|p1a: Nano malefico|flinch
|
|-heal|p1a: Nano malefico|229\/404|[from] item: Leftovers
|turn|25
|
|move|p2a: Aerodactyl|Fire Fang|p1a: Nano malefico
|-supereffective|p1a: Nano malefico
|-damage|p1a: Nano malefico|47\/404
|move|p1a: Nano malefico|Iron Head|p2a: Aerodactyl
|-supereffective|p2a: Aerodactyl
|-damage|p2a: Aerodactyl|30\/322
|
|-heal|p1a: Nano malefico|72\/404|[from] item: Leftovers
|turn|26
|
|move|p2a: Aerodactyl|Fire Fang|p1a: Nano malefico
|-supereffective|p1a: Nano malefico
|-damage|p1a: Nano malefico|0 fnt
|faint|p1a: Nano malefico
|
|
|switch|p1a: Wrongtoad|Poliwrath, M|384\/384
|turn|27
|
|move|p2a: Aerodactyl|Aerial Ace|p1a: Wrongtoad
|-supereffective|p1a: Wrongtoad
|-damage|p1a: Wrongtoad|180\/384
|move|p1a: Wrongtoad|Scald|p2a: Aerodactyl
|-crit|p2a: Aerodactyl
|-supereffective|p2a: Aerodactyl
|-damage|p2a: Aerodactyl|0 fnt
|faint|p2a: Aerodactyl
|
|win|alb_prova
|raw|Ladder updating...
|raw|alb_prova's rating: 1552 &rarr; <strong>1570<\/strong><br \/>(+18 for winning)
|raw|Dreadblazer's rating: 1526 &rarr; <strong>1508<\/strong><br \/>(-18 for losing)
|leave|Dreadblazer
|player|p2