|join|Andyduly98
|join|RenNegade
|player|p1|Andyduly98|1
|player|p2|RenNegade|218
|gametype|singles
|gen|5
|tier|[Gen 5] OU
|rated
|rule|Evasion Abilities Clause: Evasion abilities are banned
|clearpoke
|poke|p1|Tropius, F
|poke|p1|Venusaur, M
|poke|p1|Dragonite, F
|poke|p1|Wailord, F
|poke|p1|Blissey, F
|poke|p1|Entei
|poke|p2|Swampert, M
|poke|p2|Latios, M
|poke|p2|Milotic, F
|poke|p2|Sableye, M, shiny
|poke|p2|Metagross
|poke|p2|Breloom, M
|rule|Sleep Clause Mod: Limit one foe put to sleep
|rule|Species Clause: Limit one of each Pokemon
|rule|OHKO Clause: OHKO moves are banned
|rule|Moody Clause: Moody is banned
|rule|Evasion Moves Clause: Evasion moves are banned
|rule|Endless Battle Clause: Forcing endless battles is banned.
|rule|HP Percentage Mod: HP is reported as percentages
|teampreview
|callback|decision
|
|start
|switch|p1a: Venusaur|Venusaur, M|301\/301
|switch|p2a: Swampert|Swampert, M|404\/404
|turn|1
|callback|decision
|
|switch|p2a: Latios|Latios, M|302\/302
|move|p1a: Venusaur|Power Whip|p2a: Latios
|-resisted|p2a: Latios
|-damage|p2a: Latios|189\/302
|-damage|p1a: Venusaur|271\/301|[from] item: Life Orb
|
|turn|2
|callback|decision
|
|move|p2a: Latios|Calm Mind|p2a: Latios
|-boost|p2a: Latios|spa|1
|-boost|p2a: Latios|spd|1
|move|p1a: Venusaur|Giga Drain|p2a: Latios
|-resisted|p2a: Latios
|-damage|p2a: Latios|154\/302
|-heal|p1a: Venusaur|289\/301|[from] drain|[of] p2a: Latios
|-damage|p1a: Venusaur|259\/301|[from] item: Life Orb
|
|turn|3
|callback|decision
|
|move|p2a: Latios|Psyshock|p1a: Venusaur
|-supereffective|p1a: Venusaur
|-damage|p1a: Venusaur|0 fnt
|-damage|p2a: Latios|124\/302|[from] item: Life Orb
|faint|p1a: Venusaur
|
|callback|decision
|
|switch|p1a: Dragonite|Dragonite, F|360\/360
|-item|p1a: Dragonite|Air Balloon
|turn|4
|callback|decision
|
|move|p2a: Latios|Dragon Pulse|p1a: Dragonite
|-supereffective|p1a: Dragonite
|-damage|p1a: Dragonite|0 fnt
|-enditem|p1a: Dragonite|Air Balloon
|-damage|p2a: Latios|94\/302|[from] item: Life Orb
|faint|p1a: Dragonite
|
|callback|decision
|
|switch|p1a: Blissey|Blissey, F|714\/714
|turn|5
|callback|decision
|
|move|p2a: Latios|Psyshock|p1a: Blissey
|-damage|p1a: Blissey|128\/714
|-damage|p2a: Latios|64\/302|[from] item: Life Orb
|move|p1a: Blissey|Focus Blast|p2a: Latios|[miss]
|-miss|p1a: Blissey|p2a: Latios
|
|-heal|p1a: Blissey|172\/714|[from] item: Leftovers
|turn|6
|callback|decision
|
|switch|p1a: Wailord|Wailord, F|544\/544
|move|p2a: Latios|Psyshock|p1a: Wailord
|-damage|p1a: Wailord|168\/544
|-damage|p2a: Latios|34\/302|[from] item: Life Orb
|
|-heal|p1a: Wailord|202\/544|[from] item: Leftovers
|turn|7
|callback|decision
|
|move|p2a: Latios|Psyshock|p1a: Wailord
|-damage|p1a: Wailord|0 fnt
|-damage|p2a: Latios|4\/302|[from] item: Life Orb
|faint|p1a: Wailord
|
|callback|decision
|
|switch|p1a: Tropius|Tropius, F|382\/382
|turn|8
|callback|decision
|
|move|p2a: Latios|Dragon Pulse|p1a: Tropius
|-damage|p1a: Tropius|45\/382
|-damage|p2a: Latios|0 fnt|[from] item: Life Orb
|faint|p2a: Latios
|move|p1a: Tropius|Giga Drain|p2: Latios|[notarget]
|-notarget
|
|callback|decision
|
|switch|p2a: Metagross|Metagross|342\/342
|turn|9
|callback|decision
|
|move|p2a: Metagross|Zen Headbutt|p1a: Tropius|[miss]
|-miss|p2a: Metagross|p1a: Tropius
|move|p1a: Tropius|Giga Drain|p2a: Metagross
|-resisted|p2a: Metagross
|-damage|p2a: Metagross|294\/342
|-heal|p1a: Tropius|69\/382|[from] drain|[of] p2a: Metagross
|-damage|p1a: Tropius|31\/382|[from] item: Life Orb
|
|turn|10
|callback|decision
|
|switch|p1a: Entei|Entei|434\/434
|-ability|p1a: Entei|Pressure
|move|p2a: Metagross|Zen Headbutt|p1a: Entei
|-damage|p1a: Entei|164\/434
|
|turn|11
|callback|decision
|
|switch|p2a: Swampert|Swampert, M|404\/404
|move|p1a: Entei|Fire Blast|p2a: Swampert|[miss]
|-miss|p1a: Entei|p2a: Swampert
|
|turn|12
|callback|decision
|
|switch|p1a: Tropius|Tropius, F|31\/382
|move|p2a: Swampert|Stealth Rock|p1a: Tropius
|-sidestart|p1: Andyduly98|move: Stealth Rock
|
|turn|13
|callback|decision
|
|switch|p2a: Metagross|Metagross|294\/342
|move|p1a: Tropius|Giga Drain|p2a: Metagross
|-resisted|p2a: Metagross
|-damage|p2a: Metagross|249\/342
|-heal|p1a: Tropius|54\/382|[from] drain|[of] p2a: Metagross
|-damage|p1a: Tropius|16\/382|[from] item: Life Orb
|
|turn|14
|callback|decision
|
|switch|p1a: Blissey|Blissey, F|172\/714
|-damage|p1a: Blissey|83\/714|[from] Stealth Rock
|move|p2a: Metagross|Bullet Punch|p1a: Blissey
|-damage|p1a: Blissey|0 fnt
|faint|p1a: Blissey
|
|callback|decision
|
|switch|p1a: Entei|Entei|164\/434
|-damage|p1a: Entei|56\/434|[from] Stealth Rock
|-ability|p1a: Entei|Pressure
|turn|15
|callback|decision
|
|move|p2a: Metagross|Bullet Punch|p1a: Entei
|-resisted|p1a: Entei
|-damage|p1a: Entei|0 fnt
|faint|p1a: Entei
|
|callback|decision
|
|switch|p1a: Tropius|Tropius, F|16\/382
|-damage|p1a: Tropius|0 fnt|[from] Stealth Rock
|faint|p1a: Tropius
|
|win|RenNegade
|raw|Ladder updating...
|raw|Andyduly98's rating: 1000 &rarr; <strong>1000<\/strong><br \/>(+0 for losing)
|raw|RenNegade's rating: 1000 &rarr; <strong>1025<\/strong><br \/>(+25 for winning)
|leave|Andyduly98
|player|p1