|join|BHARATH_THEBEST
|join|RenNegade
|player|p1|BHARATH_THEBEST|1
|player|p2|RenNegade|218
|gametype|singles
|gen|5
|tier|[Gen 5] OU
|rated
|rule|Evasion Abilities Clause: Evasion abilities are banned
|clearpoke
|poke|p1|Sableye, M
|poke|p1|Metagross
|poke|p1|Starmie
|poke|p1|Ninjask, F
|poke|p1|Alakazam, M
|poke|p1|Lucario, F
|poke|p2|Jirachi
|poke|p2|Haxorus, F, shiny
|poke|p2|Azelf
|poke|p2|Tentacruel, F
|poke|p2|Yanmega, F
|poke|p2|Cradily, M
|rule|Sleep Clause Mod: Limit one foe put to sleep
|rule|Species Clause: Limit one of each Pokemon
|rule|OHKO Clause: OHKO moves are banned
|rule|Moody Clause: Moody is banned
|rule|Evasion Moves Clause: Evasion moves are banned
|rule|Endless Battle Clause: Forcing endless battles is banned.
|rule|HP Percentage Mod: HP is reported as percentages
|teampreview
|
|start
|switch|p1a: Ninjask|Ninjask, F|326\/326
|switch|p2a: Azelf|Azelf|291\/291
|turn|1
|
|move|p2a: Azelf|Stealth Rock|p1a: Ninjask
|-sidestart|p1: BHARATH_THEBEST|move: Stealth Rock
|move|p1a: Ninjask|Substitute|p1a: Ninjask
|-start|p1a: Ninjask|Substitute
|-damage|p1a: Ninjask|245\/326
|
|-boost|p1a: Ninjask|spe|1|[from] ability: Speed Boost
|turn|2
|
|move|p1a: Ninjask|Swords Dance|p1a: Ninjask
|-boost|p1a: Ninjask|atk|2
|move|p2a: Azelf|Taunt|p1a: Ninjask
|-start|p1a: Ninjask|move: Taunt
|
|-boost|p1a: Ninjask|spe|1|[from] ability: Speed Boost
|turn|3
|
|move|p1a: Ninjask|X-Scissor|p2a: Azelf
|-supereffective|p2a: Azelf
|-enditem|p2a: Azelf|Focus Sash
|-damage|p2a: Azelf|1\/291
|move|p2a: Azelf|Flamethrower|p1a: Ninjask
|-supereffective|p1a: Ninjask
|-end|p1a: Ninjask|Substitute
|
|-boost|p1a: Ninjask|spe|1|[from] ability: Speed Boost
|turn|4
|
|switch|p2a: Tentacruel|Tentacruel, F|364\/364
|move|p1a: Ninjask|X-Scissor|p2a: Tentacruel
|-resisted|p2a: Tentacruel
|-damage|p2a: Tentacruel|247\/364
|
|-heal|p2a: Tentacruel|269\/364|[from] item: Black Sludge
|-boost|p1a: Ninjask|spe|1|[from] ability: Speed Boost
|turn|5
|
|move|p1a: Ninjask|X-Scissor|p2a: Tentacruel
|-resisted|p2a: Tentacruel
|-damage|p2a: Tentacruel|149\/364
|move|p2a: Tentacruel|Ice Beam|p1a: Ninjask
|-supereffective|p1a: Ninjask
|-damage|p1a: Ninjask|37\/326
|-enditem|p1a: Ninjask|Liechi Berry|[eat]
|-boost|p1a: Ninjask|atk|1|[from] item: Liechi Berry
|
|-heal|p2a: Tentacruel|171\/364|[from] item: Black Sludge
|-end|p1a: Ninjask|move: Taunt
|-boost|p1a: Ninjask|spe|1|[from] ability: Speed Boost
|turn|6
|
|move|p1a: Ninjask|Baton Pass|p1a: Ninjask
|
|switch|p1a: Metagross|Metagross|340\/340
|-damage|p1a: Metagross|319\/340|[from] Stealth Rock
|move|p2a: Tentacruel|Scald|p1a: Metagross
|-damage|p1a: Metagross|232\/340
|
|-heal|p2a: Tentacruel|193\/364|[from] item: Black Sludge
|turn|7
|
|move|p1a: Metagross|Thunder Punch|p2a: Tentacruel
|-supereffective|p2a: Tentacruel
|-damage|p2a: Tentacruel|0 fnt
|faint|p2a: Tentacruel
|
|
|switch|p2a: Haxorus|Haxorus, F, shiny|294\/294
|-ability|p2a: Haxorus|Mold Breaker
|turn|8
|
|move|p1a: Metagross|Ice Punch|p2a: Haxorus
|-supereffective|p2a: Haxorus
|-damage|p2a: Haxorus|0 fnt
|faint|p2a: Haxorus
|
|chat|BHARATH_THEBEST|gg
|
|switch|p2a: Jirachi|Jirachi|341\/341
|turn|9
|
|move|p1a: Metagross|Earthquake|p2a: Jirachi
|-supereffective|p2a: Jirachi
|-damage|p2a: Jirachi|0 fnt
|faint|p2a: Jirachi
|
|-message|RenNegade forfeited.
|
|win|BHARATH_THEBEST
|raw|Ladder updating...
|leave|RenNegade
|player|p2
|raw|BHARATH_THEBEST's rating: 1135 &rarr; <strong>1166<\/strong><br \/>(+31 for winning)
|raw|RenNegade's rating: 1216 &rarr; <strong>1185<\/strong><br \/>(-31 for losing)