|join|Indytotof
|join|RenNegade
|player|p1|Indytotof|267
|player|p2|RenNegade|218
|gametype|singles
|gen|5
|tier|[Gen 5] OU
|rated
|rule|Evasion Abilities Clause: Evasion abilities are banned
|clearpoke
|poke|p1|Politoed, M
|poke|p1|Dugtrio, M
|poke|p1|Tornadus, M
|poke|p1|Thundurus-Therian, M
|poke|p1|Starmie
|poke|p1|Toxicroak, M
|poke|p2|Jirachi
|poke|p2|Garchomp, F
|poke|p2|Xatu, M
|poke|p2|Sharpedo, M
|poke|p2|Mamoswine, F
|poke|p2|Cofagrigus, M
|rule|Sleep Clause Mod: Limit one foe put to sleep
|rule|Species Clause: Limit one of each Pokemon
|rule|OHKO Clause: OHKO moves are banned
|rule|Moody Clause: Moody is banned
|rule|Evasion Moves Clause: Evasion moves are banned
|rule|Endless Battle Clause: Forcing endless battles is banned.
|rule|HP Percentage Mod: HP is reported as percentages
|teampreview
|
|start
|switch|p1a: Triopikeur|Dugtrio, M|211\/211
|switch|p2a: Mamoswine|Mamoswine, F|361\/361
|turn|1
|
|move|p1a: Triopikeur|Stealth Rock|p2a: Mamoswine
|-sidestart|p2: RenNegade|move: Stealth Rock
|move|p2a: Mamoswine|Earthquake|p1a: Triopikeur
|-enditem|p1a: Triopikeur|Focus Sash
|-damage|p1a: Triopikeur|1\/211
|
|turn|2
|
|move|p2a: Mamoswine|Ice Shard|p1a: Triopikeur
|-supereffective|p1a: Triopikeur
|-damage|p1a: Triopikeur|0 fnt
|faint|p1a: Triopikeur
|
|
|switch|p1a: Tarpaud|Politoed, M|384\/384
|-weather|RainDance|[from] ability: Drizzle|[of] p1a: Tarpaud
|turn|3
|
|move|p2a: Mamoswine|Stealth Rock|p1a: Tarpaud
|-sidestart|p1: Indytotof|move: Stealth Rock
|move|p1a: Tarpaud|Hydro Pump|p2a: Mamoswine
|-supereffective|p2a: Mamoswine
|-enditem|p2a: Mamoswine|Focus Sash
|-damage|p2a: Mamoswine|1\/361
|
|-weather|RainDance|[upkeep]
|turn|4
|
|move|p2a: Mamoswine|Endeavor|p1a: Tarpaud
|-damage|p1a: Tarpaud|1\/384
|move|p1a: Tarpaud|Hydro Pump|p2a: Mamoswine
|-supereffective|p2a: Mamoswine
|-damage|p2a: Mamoswine|0 fnt
|faint|p2a: Mamoswine
|
|-weather|RainDance|[upkeep]
|
|switch|p2a: Sharpedo|Sharpedo, M|281\/281
|-damage|p2a: Sharpedo|246\/281|[from] Stealth Rock
|turn|5
|
|switch|p1a: Fulguris-ThÃ©rian|Thundurus-Therian, M|300\/300
|-damage|p1a: Fulguris-ThÃ©rian|225\/300|[from] Stealth Rock
|move|p2a: Sharpedo|Protect|p2a: Sharpedo
|-fail|p2a: Sharpedo
|
|-weather|RainDance|[upkeep]
|-boost|p2a: Sharpedo|spe|1|[from] ability: Speed Boost
|turn|6
|
|move|p1a: Fulguris-ThÃ©rian|Volt Switch|p2a: Sharpedo
|-supereffective|p2a: Sharpedo
|-damage|p2a: Sharpedo|0 fnt
|faint|p2a: Sharpedo
|
|switch|p1a: Staross|Starmie|261\/261
|-damage|p1a: Staross|229\/261|[from] Stealth Rock
|
|-weather|RainDance|[upkeep]
|-heal|p1a: Staross|245\/261|[from] item: Leftovers
|
|switch|p2a: Jirachi|Jirachi|404\/404
|-damage|p2a: Jirachi|379\/404|[from] Stealth Rock
|turn|7
|
|move|p1a: Staross|Rapid Spin|p2a: Jirachi
|-resisted|p2a: Jirachi
|-damage|p2a: Jirachi|373\/404
|-sideend|p1: Indytotof|Stealth Rock|[from] move: Rapid Spin|[of] p1a: Staross
|move|p2a: Jirachi|Body Slam|p1a: Staross
|-damage|p1a: Staross|171\/261
|-status|p1a: Staross|par
|
|-weather|RainDance|[upkeep]
|-heal|p2a: Jirachi|398\/404|[from] item: Leftovers
|-heal|p1a: Staross|187\/261 par|[from] item: Leftovers
|turn|8
|-message|RenNegade forfeited.
|
|win|Indytotof
|raw|Ladder updating...
|leave|RenNegade
|player|p2
|raw|Indytotof's rating: 1439 &rarr; <strong>1451<\/strong><br \/>(+12 for winning)
|raw|RenNegade's rating: 1308 &rarr; <strong>1295<\/strong><br \/>(-13 for losing)