|join|seed man
|join|RenNegade
|player|p1|seed man|70
|player|p2|RenNegade|218
|gametype|singles
|gen|5
|tier|[Gen 5] OU
|rated
|rule|Evasion Abilities Clause: Evasion abilities are banned
|clearpoke
|poke|p1|Ninetales, F
|poke|p1|Wobbuffet, M
|poke|p1|Heatran, M
|poke|p1|Dragonite, F
|poke|p1|Donphan, M
|poke|p1|Venusaur, M
|poke|p2|Sigilyph, F
|poke|p2|Garchomp, M
|poke|p2|Bronzong
|poke|p2|Tyranitar, M
|poke|p2|Omastar, F
|poke|p2|Golurk
|rule|Sleep Clause Mod: Limit one foe put to sleep
|rule|Species Clause: Limit one of each Pokemon
|rule|OHKO Clause: OHKO moves are banned
|rule|Moody Clause: Moody is banned
|rule|Evasion Moves Clause: Evasion moves are banned
|rule|Endless Battle Clause: Forcing endless battles is banned.
|rule|HP Percentage Mod: HP is reported as percentages
|teampreview
|
|start
|switch|p1a: Ninetales|Ninetales, F|350\/350
|switch|p2a: Garchomp|Garchomp, M|358\/358
|-weather|SunnyDay|[from] ability: Drought|[of] p1a: Ninetales
|turn|1
|
|switch|p1a: Donphan|Donphan, M|384\/384
|move|p2a: Garchomp|Earthquake|p1a: Donphan
|-damage|p1a: Donphan|272\/384
|
|-weather|SunnyDay|[upkeep]
|-heal|p1a: Donphan|296\/384|[from] item: Leftovers
|turn|2
|
|move|p2a: Garchomp|Stealth Rock|p1a: Donphan
|-sidestart|p1: seed man|move: Stealth Rock
|move|p1a: Donphan|Stealth Rock|p2a: Garchomp
|-sidestart|p2: RenNegade|move: Stealth Rock
|
|-weather|SunnyDay|[upkeep]
|-heal|p1a: Donphan|320\/384|[from] item: Leftovers
|turn|3
|
|move|p1a: Donphan|Ice Shard|p2a: Garchomp
|-supereffective|p2a: Garchomp
|-damage|p2a: Garchomp|186\/358
|move|p2a: Garchomp|Dragon Tail|p1a: Donphan
|-damage|p1a: Donphan|248\/384
|drag|p1a: Wobbuffet|Wobbuffet, M|584\/584
|-damage|p1a: Wobbuffet|511\/584|[from] Stealth Rock
|
|-weather|SunnyDay|[upkeep]
|-heal|p1a: Wobbuffet|547\/584|[from] item: Leftovers
|turn|4
|
|move|p1a: Wobbuffet|Encore|p2a: Garchomp
|-start|p2a: Garchomp|Encore
|move|p2a: Garchomp|Dragon Tail|p1a: Wobbuffet
|-damage|p1a: Wobbuffet|447\/584
|drag|p1a: Donphan|Donphan, M|248\/384
|-damage|p1a: Donphan|224\/384|[from] Stealth Rock
|
|-weather|SunnyDay|[upkeep]
|-heal|p1a: Donphan|248\/384|[from] item: Leftovers
|turn|5
|
|switch|p2a: Bronzong|Bronzong|338\/338
|-damage|p2a: Bronzong|317\/338|[from] Stealth Rock
|move|p1a: Donphan|Ice Shard|p2a: Bronzong
|-crit|p2a: Bronzong
|-resisted|p2a: Bronzong
|-damage|p2a: Bronzong|290\/338
|
|-weather|SunnyDay|[upkeep]
|-heal|p1a: Donphan|272\/384|[from] item: Leftovers
|-heal|p2a: Bronzong|311\/338|[from] item: Leftovers
|turn|6
|
|switch|p1a: Wobbuffet|Wobbuffet, M|447\/584
|-damage|p1a: Wobbuffet|374\/584|[from] Stealth Rock
|move|p2a: Bronzong|Toxic|p1a: Wobbuffet
|-status|p1a: Wobbuffet|tox
|
|-weather|SunnyDay|[upkeep]
|-heal|p1a: Wobbuffet|410\/584 tox|[from] item: Leftovers
|-heal|p2a: Bronzong|332\/338|[from] item: Leftovers
|-damage|p1a: Wobbuffet|374\/584 tox|[from] psn
|turn|7
|
|move|p1a: Wobbuffet|Encore|p2a: Bronzong
|-start|p2a: Bronzong|Encore
|move|p2a: Bronzong|Toxic|p1a: Wobbuffet
|-fail|p1a: Wobbuffet|tox
|
|-weather|SunnyDay|[upkeep]
|-heal|p1a: Wobbuffet|410\/584 tox|[from] item: Leftovers
|-heal|p2a: Bronzong|338\/338|[from] item: Leftovers
|-damage|p1a: Wobbuffet|338\/584 tox|[from] psn
|turn|8
|
|switch|p1a: Venusaur|Venusaur, M|301\/301
|-damage|p1a: Venusaur|264\/301|[from] Stealth Rock
|move|p2a: Bronzong|Toxic|p1a: Venusaur
|-fail|p1a: Venusaur
|
|-weather|SunnyDay|[upkeep]
|turn|9
|
|switch|p2a: Tyranitar|Tyranitar, M|342\/342
|-damage|p2a: Tyranitar|300\/342|[from] Stealth Rock
|-weather|Sandstorm|[from] ability: Sand Stream|[of] p2a: Tyranitar
|move|p1a: Venusaur|Growth|p1a: Venusaur
|-boost|p1a: Venusaur|atk|1
|-boost|p1a: Venusaur|spa|1
|
|-weather|Sandstorm|[upkeep]
|-damage|p1a: Venusaur|246\/301|[from] sandstorm
|turn|10
|
|move|p1a: Venusaur|Giga Drain|p2a: Tyranitar
|-supereffective|p2a: Tyranitar
|-damage|p2a: Tyranitar|0 fnt
|-heal|p1a: Venusaur|301\/301|[from] drain|[of] p2a: Tyranitar
|-damage|p1a: Venusaur|271\/301|[from] item: Life Orb
|faint|p2a: Tyranitar
|
|-weather|Sandstorm|[upkeep]
|-damage|p1a: Venusaur|253\/301|[from] sandstorm
|
|switch|p2a: Sigilyph|Sigilyph, F|287\/287
|turn|11
|
|switch|p1a: Ninetales|Ninetales, F|350\/350
|-damage|p1a: Ninetales|263\/350|[from] Stealth Rock
|-weather|SunnyDay|[from] ability: Drought|[of] p1a: Ninetales
|move|p2a: Sigilyph|Cosmic Power|p2a: Sigilyph
|-boost|p2a: Sigilyph|def|1
|-boost|p2a: Sigilyph|spd|1
|
|-weather|SunnyDay|[upkeep]
|-heal|p1a: Ninetales|284\/350|[from] item: Leftovers
|-activate|p2a: Sigilyph|item: Flame Orb
|-status|p2a: Sigilyph|brn
|turn|12
|
|move|p2a: Sigilyph|Cosmic Power|p2a: Sigilyph
|-boost|p2a: Sigilyph|def|1
|-boost|p2a: Sigilyph|spd|1
|move|p1a: Ninetales|Roar|p2a: Sigilyph
|drag|p2a: Golurk|Golurk|320\/320
|-damage|p2a: Golurk|300\/320|[from] Stealth Rock
|
|-weather|SunnyDay|[upkeep]
|-heal|p1a: Ninetales|305\/350|[from] item: Leftovers
|turn|13
|
|move|p2a: Golurk|Stone Edge|p1a: Ninetales
|-supereffective|p1a: Ninetales
|-damage|p1a: Ninetales|107\/350
|move|p1a: Ninetales|Will-O-Wisp|p2a: Golurk
|-status|p2a: Golurk|brn
|
|-weather|SunnyDay|[upkeep]
|-heal|p1a: Ninetales|128\/350|[from] item: Leftovers
|-damage|p2a: Golurk|260\/320 brn|[from] brn
|turn|14
|-message|RenNegade forfeited.
|
|win|seed man
|raw|Ladder updating...
|raw|seed man's rating: 1426 &rarr; <strong>1434<\/strong><br \/>(+8 for winning)
|raw|RenNegade's rating: 1187 &rarr; <strong>1177<\/strong><br \/>(-10 for losing)
|leave|RenNegade
|player|p2