|join|raichushiny
|join|RenNegade
|player|p1|raichushiny|169
|player|p2|RenNegade|218
|gametype|singles
|gen|5
|tier|[Gen 5] OU
|rated
|rule|Evasion Abilities Clause: Evasion abilities are banned
|clearpoke
|poke|p1|Skarmory, M
|poke|p1|Chansey, F
|poke|p1|Amoonguss, M
|poke|p1|Starmie
|poke|p1|Garchomp, F
|poke|p1|Sableye, F
|poke|p2|Mienshao, M
|poke|p2|Landorus-Therian, M
|poke|p2|Victini
|poke|p2|Virizion
|poke|p2|Kyurem-Black
|poke|p2|Jellicent, F
|rule|Sleep Clause Mod: Limit one foe put to sleep
|rule|Species Clause: Limit one of each Pokemon
|rule|OHKO Clause: OHKO moves are banned
|rule|Moody Clause: Moody is banned
|rule|Evasion Moves Clause: Evasion moves are banned
|rule|Endless Battle Clause: Forcing endless battles is banned.
|rule|HP Percentage Mod: HP is reported as percentages
|teampreview
|
|start
|switch|p1a: OHKO|Garchomp, F|357\/357
|switch|p2a: Kyurem-Black|Kyurem-Black|405\/405
|-ability|p2a: Kyurem-Black|Teravolt
|turn|1
|
|switch|p2a: Landorus-Therian|Landorus-Therian, M|320\/320
|-ability|p2a: Landorus-Therian|Intimidate|[of] p1a: OHKO
|-unboost|p1a: OHKO|atk|1
|move|p1a: OHKO|Outrage|p2a: Landorus-Therian
|-damage|p2a: Landorus-Therian|167\/320
|
|turn|2
|
|move|p1a: OHKO|Outrage|p2a: Landorus-Therian
|-damage|p2a: Landorus-Therian|16\/320
|move|p2a: Landorus-Therian|Stealth Rock|p1a: OHKO
|-sidestart|p1: raichushiny|move: Stealth Rock
|
|turn|3
|
|move|p1a: OHKO|Outrage|p2a: Landorus-Therian
|-damage|p2a: Landorus-Therian|0 fnt
|faint|p2a: Landorus-Therian
|
|-end|p1a: OHKO|rampage
|-start|p1a: OHKO|confusion
|
|switch|p2a: Kyurem-Black|Kyurem-Black|405\/405
|-ability|p2a: Kyurem-Black|Teravolt
|turn|4
|
|-activate|p1a: OHKO|confusion
|move|p1a: OHKO|Outrage|p2a: Kyurem-Black
|-supereffective|p2a: Kyurem-Black
|-damage|p2a: Kyurem-Black|69\/405
|move|p2a: Kyurem-Black|Substitute|p2a: Kyurem-Black
|-fail|p2a: Kyurem-Black|move: Substitute|[weak]
|
|-heal|p2a: Kyurem-Black|94\/405|[from] item: Leftovers
|turn|5
|
|-end|p1a: OHKO|confusion
|move|p1a: OHKO|Outrage|p2a: Kyurem-Black
|-crit|p2a: Kyurem-Black
|-supereffective|p2a: Kyurem-Black
|-damage|p2a: Kyurem-Black|0 fnt
|faint|p2a: Kyurem-Black
|
|
|switch|p2a: Virizion|Virizion|324\/324
|turn|6
|
|move|p1a: OHKO|Outrage|p2a: Virizion
|-damage|p2a: Virizion|149\/324
|move|p2a: Virizion|Swords Dance|p2a: Virizion
|-boost|p2a: Virizion|atk|2
|
|-end|p1a: OHKO|rampage
|-start|p1a: OHKO|confusion
|turn|7
|
|switch|p1a: Regenerator|Amoonguss, M|403\/403
|-damage|p1a: Regenerator|353\/403|[from] Stealth Rock
|move|p2a: Virizion|Leaf Blade|p1a: Regenerator
|-resisted|p1a: Regenerator
|-damage|p1a: Regenerator|277\/403
|
|-heal|p1a: Regenerator|302\/403|[from] item: Black Sludge
|turn|8
|
|move|p2a: Virizion|Stone Edge|p1a: Regenerator
|-damage|p1a: Regenerator|77\/403
|move|p1a: Regenerator|Clear Smog|p2a: Virizion
|-supereffective|p2a: Virizion
|-damage|p2a: Virizion|57\/324
|-clearboost|p2a: Virizion
|
|-heal|p1a: Regenerator|102\/403|[from] item: Black Sludge
|turn|9
|
|switch|p1a: Roost|Skarmory, M|334\/334
|-damage|p1a: Roost|293\/334|[from] Stealth Rock
|move|p2a: Virizion|Close Combat|p1a: Roost
|-damage|p1a: Roost|181\/334
|-unboost|p2a: Virizion|def|1
|-unboost|p2a: Virizion|spd|1
|
|turn|10
|
|move|p2a: Virizion|Close Combat|p1a: Roost
|-damage|p1a: Roost|79\/334
|-unboost|p2a: Virizion|def|1
|-unboost|p2a: Virizion|spd|1
|move|p1a: Roost|Roost|p1a: Roost
|-heal|p1a: Roost|246\/334
|
|turn|11
|
|move|p2a: Virizion|Close Combat|p1a: Roost
|-damage|p1a: Roost|143\/334
|-unboost|p2a: Virizion|def|1
|-unboost|p2a: Virizion|spd|1
|move|p1a: Roost|Spikes|p2a: Virizion
|-sidestart|p2: RenNegade|Spikes
|
|turn|12
|
|move|p2a: Virizion|Swords Dance|p2a: Virizion
|-boost|p2a: Virizion|atk|2
|move|p1a: Roost|Roost|p1a: Roost
|-heal|p1a: Roost|310\/334
|
|turn|13
|
|move|p2a: Virizion|Close Combat|p1a: Roost
|-damage|p1a: Roost|100\/334
|-unboost|p2a: Virizion|def|1
|-unboost|p2a: Virizion|spd|1
|move|p1a: Roost|Brave Bird|p2a: Virizion
|-supereffective|p2a: Virizion
|-damage|p2a: Virizion|0 fnt
|-damage|p1a: Roost|81\/334|[from] recoil|[of] p2a: Virizion
|faint|p2a: Virizion
|
|
|switch|p2a: Victini|Victini|342\/342
|-damage|p2a: Victini|300\/342|[from] Spikes
|turn|14
|
|move|p2a: Victini|Trick|p1a: Roost
|-activate|p2a: Victini|move: Trick|[of] p1a: Roost
|-item|p1a: Roost|Choice Band|[from] move: Trick
|-item|p2a: Victini|Shed Shell|[from] move: Trick
|move|p1a: Roost|Brave Bird|p2a: Victini
|-damage|p2a: Victini|110\/342
|-damage|p1a: Roost|18\/334|[from] recoil|[of] p2a: Victini
|
|turn|15
|
|move|p2a: Victini|Zen Headbutt|p1a: Roost
|-resisted|p1a: Roost
|-damage|p1a: Roost|0 fnt
|faint|p1a: Roost
|
|
|switch|p1a: OHKO|Garchomp, F|357\/357
|-damage|p1a: OHKO|335\/357|[from] Stealth Rock
|turn|16
|
|switch|p2a: Jellicent|Jellicent, F|404\/404
|-damage|p2a: Jellicent|354\/404|[from] Spikes
|move|p1a: OHKO|Earthquake|p2a: Jellicent
|-crit|p2a: Jellicent
|-damage|p2a: Jellicent|0 fnt
|faint|p2a: Jellicent
|
|-message|RenNegade forfeited.
|
|win|raichushiny
|raw|Ladder updating...
|chat|raichushiny|sorry
|leave|RenNegade
|player|p2
|raw|raichushiny's rating: 1456 &rarr; <strong>1471<\/strong><br \/>(+15 for winning)
|raw|RenNegade's rating: 1377 &rarr; <strong>1361<\/strong><br \/>(-16 for losing)