|join|SD-ORAS
|join|RenNegade
|player|p1|SD-ORAS|162
|player|p2|RenNegade|196
|gametype|singles
|gen|6
|tier|OU
|rated
|clearpoke
|poke|p1|Clefable, F, shiny
|poke|p1|Latias, F
|poke|p1|Empoleon, M, shiny
|poke|p1|Landorus-Therian, M, shiny
|poke|p1|Scizor, M
|poke|p1|Volcarona, M
|poke|p2|Lopunny, F
|poke|p2|Greninja, F
|poke|p2|Rotom-Wash
|poke|p2|Landorus-Therian, M
|poke|p2|Ferrothorn, F
|poke|p2|Latios, M
|rule|Swagger Clause: Swagger is banned
|rule|Baton Pass Clause: Limit one PokÃ©mon knowing Baton Pass
|rule|Sleep Clause Mod: Limit one foe put to sleep
|rule|Species Clause: Limit one of each PokÃ©mon
|rule|OHKO Clause: OHKO moves are banned
|rule|Moody Clause: Moody is banned
|rule|Evasion Moves Clause: Evasion moves are banned
|rule|Endless Battle Clause: Forcing endless battles is banned
|rule|HP Percentage Mod: HP is shown in percentages
|teampreview
|
|start
|switch|p1a: Empoleon|Empoleon, M, shiny|372\/372
|switch|p2a: Landorus-Therian|Landorus-Therian, M|319\/319
|-ability|p2a: Landorus-Therian|Intimidate|[of] p1a: Empoleon
|-unboost|p1a: Empoleon|atk|1
|turn|1
|
|switch|p1a: Landorus-Therian|Landorus-Therian, M, shiny|353\/353
|-ability|p1a: Landorus-Therian|Intimidate|[of] p2a: Landorus-Therian
|-unboost|p2a: Landorus-Therian|atk|1
|move|p2a: Landorus-Therian|U-turn|p1a: Landorus-Therian
|-resisted|p1a: Landorus-Therian
|-damage|p1a: Landorus-Therian|317\/353
|
|switch|p2a: Rotom-Wash|Rotom-Wash|304\/304
|
|turn|2
|
|move|p1a: Landorus-Therian|U-turn|p2a: Rotom-Wash
|-damage|p2a: Rotom-Wash|235\/304
|
|switch|p1a: Empoleon|Empoleon, M, shiny|372\/372
|move|p2a: Rotom-Wash|Hydro Pump|p1a: Empoleon
|-resisted|p1a: Empoleon
|-damage|p1a: Empoleon|324\/372
|
|-heal|p2a: Rotom-Wash|254\/304|[from] item: Leftovers
|-heal|p1a: Empoleon|347\/372|[from] item: Leftovers
|turn|3
|
|move|p2a: Rotom-Wash|Volt Switch|p1a: Empoleon
|-supereffective|p1a: Empoleon
|-damage|p1a: Empoleon|231\/372
|
|switch|p2a: Ferrothorn|Ferrothorn, F|352\/352
|move|p1a: Empoleon|Stealth Rock|p2a: Ferrothorn
|-sidestart|p2: RenNegade|move: Stealth Rock
|
|-heal|p1a: Empoleon|254\/372|[from] item: Leftovers
|turn|4
|
|move|p2a: Ferrothorn|Stealth Rock|p1a: Empoleon
|-sidestart|p1: SD-ORAS|move: Stealth Rock
|move|p1a: Empoleon|Roar|p2a: Ferrothorn
|drag|p2a: Rotom-Wash|Rotom-Wash|254\/304
|-damage|p2a: Rotom-Wash|216\/304|[from] Stealth Rock
|
|-heal|p2a: Rotom-Wash|235\/304|[from] item: Leftovers
|-heal|p1a: Empoleon|277\/372|[from] item: Leftovers
|turn|5
|
|switch|p1a: Clefable|Clefable, F, shiny|393\/393
|move|p2a: Rotom-Wash|Volt Switch|p1a: Clefable
|-damage|p1a: Clefable|317\/393
|
|switch|p2a: Ferrothorn|Ferrothorn, F|352\/352
|-damage|p2a: Ferrothorn|330\/352|[from] Stealth Rock
|
|-heal|p1a: Clefable|341\/393|[from] item: Leftovers
|-heal|p2a: Ferrothorn|352\/352|[from] item: Leftovers
|turn|6
|
|move|p1a: Clefable|Fire Blast|p2a: Ferrothorn
|-supereffective|p2a: Ferrothorn
|-damage|p2a: Ferrothorn|96\/352
|move|p2a: Ferrothorn|Gyro Ball|p1a: Clefable
|-supereffective|p1a: Clefable
|-damage|p1a: Clefable|99\/393
|
|-heal|p1a: Clefable|123\/393|[from] item: Leftovers
|-heal|p2a: Ferrothorn|118\/352|[from] item: Leftovers
|turn|7
|
|switch|p2a: Landorus-Therian|Landorus-Therian, M|319\/319
|-damage|p2a: Landorus-Therian|280\/319|[from] Stealth Rock
|-ability|p2a: Landorus-Therian|Intimidate|[of] p1a: Clefable
|-unboost|p1a: Clefable|atk|1
|move|p1a: Clefable|Soft-Boiled|p1a: Clefable
|-heal|p1a: Clefable|320\/393
|
|-heal|p1a: Clefable|344\/393|[from] item: Leftovers
|turn|8
|
|switch|p1a: Landorus-Therian|Landorus-Therian, M, shiny|317\/353
|-damage|p1a: Landorus-Therian|273\/353|[from] Stealth Rock
|-ability|p1a: Landorus-Therian|Intimidate|[of] p2a: Landorus-Therian
|-unboost|p2a: Landorus-Therian|atk|1
|move|p2a: Landorus-Therian|Earthquake|p1a: Landorus-Therian
|-immune|p1a: Landorus-Therian|[msg]
|
|turn|9
|
|switch|p2a: Ferrothorn|Ferrothorn, F|118\/352
|-damage|p2a: Ferrothorn|96\/352|[from] Stealth Rock
|move|p1a: Landorus-Therian|Knock Off|p2a: Ferrothorn
|-damage|p2a: Ferrothorn|7\/352
|-damage|p1a: Landorus-Therian|229\/353|[from] ability: Iron Barbs|[of] p2a: Ferrothorn
|-enditem|p2a: Ferrothorn|Leftovers|[from] move: Knock Off|[of] p1a: Landorus-Therian
|
|turn|10
|
|move|p1a: Landorus-Therian|Knock Off|p2a: Ferrothorn
|-damage|p2a: Ferrothorn|0 fnt
|-damage|p1a: Landorus-Therian|185\/353|[from] ability: Iron Barbs|[of] p2a: Ferrothorn
|faint|p2a: Ferrothorn
|
|
|switch|p2a: Lopunny|Lopunny, F|271\/271
|-damage|p2a: Lopunny|238\/271|[from] Stealth Rock
|turn|11
|
|switch|p1a: Scizor|Scizor, M|343\/343
|-damage|p1a: Scizor|301\/343|[from] Stealth Rock
|detailschange|p2a: Lopunny|Lopunny-Mega, F
|-mega|p2a: Lopunny|Lopunny|Lopunnite
|move|p2a: Lopunny|Fake Out|p1a: Scizor
|-resisted|p1a: Scizor
|-damage|p1a: Scizor|270\/343
|
|turn|12
|
|detailschange|p1a: Scizor|Scizor-Mega, M
|-mega|p1a: Scizor|Scizor|Scizorite
|move|p2a: Lopunny|High Jump Kick|p1a: Scizor
|-damage|p1a: Scizor|113\/343
|move|p1a: Scizor|Superpower|p2a: Lopunny
|-supereffective|p2a: Lopunny
|-damage|p2a: Lopunny|0 fnt
|-unboost|p1a: Scizor|atk|1
|-unboost|p1a: Scizor|def|1
|faint|p2a: Lopunny
|
|
|switch|p2a: Landorus-Therian|Landorus-Therian, M|280\/319
|-damage|p2a: Landorus-Therian|241\/319|[from] Stealth Rock
|-ability|p2a: Landorus-Therian|Intimidate|[of] p1a: Scizor
|-unboost|p1a: Scizor|atk|1
|turn|13
|
|switch|p1a: Landorus-Therian|Landorus-Therian, M, shiny|185\/353
|-damage|p1a: Landorus-Therian|141\/353|[from] Stealth Rock
|-ability|p1a: Landorus-Therian|Intimidate|[of] p2a: Landorus-Therian
|-unboost|p2a: Landorus-Therian|atk|1
|move|p2a: Landorus-Therian|U-turn|p1a: Landorus-Therian
|-resisted|p1a: Landorus-Therian
|-damage|p1a: Landorus-Therian|107\/353
|
|switch|p2a: Rotom-Wash|Rotom-Wash|235\/304
|-damage|p2a: Rotom-Wash|197\/304|[from] Stealth Rock
|
|-heal|p2a: Rotom-Wash|216\/304|[from] item: Leftovers
|turn|14
|
|move|p1a: Landorus-Therian|Knock Off|p2a: Rotom-Wash
|-damage|p2a: Rotom-Wash|128\/304
|-enditem|p2a: Rotom-Wash|Leftovers|[from] move: Knock Off|[of] p1a: Landorus-Therian
|move|p2a: Rotom-Wash|Hydro Pump|p1a: Landorus-Therian
|-crit|p1a: Landorus-Therian
|-supereffective|p1a: Landorus-Therian
|-damage|p1a: Landorus-Therian|0 fnt
|faint|p1a: Landorus-Therian
|
|
|switch|p1a: Clefable|Clefable, F, shiny|344\/393
|turn|15
|
|move|p2a: Rotom-Wash|Pain Split|p1a: Clefable
|-sethp|p1a: Clefable|236\/393|p2a: Rotom-Wash|236\/304|[from] move: Pain Split
|move|p1a: Clefable|Moonblast|p2a: Rotom-Wash
|-damage|p2a: Rotom-Wash|134\/304
|-unboost|p2a: Rotom-Wash|spa|1
|
|-heal|p1a: Clefable|260\/393|[from] item: Leftovers
|turn|16
|
|move|p2a: Rotom-Wash|Pain Split|p1a: Clefable
|-sethp|p1a: Clefable|197\/393|p2a: Rotom-Wash|197\/304|[from] move: Pain Split
|move|p1a: Clefable|Moonblast|p2a: Rotom-Wash
|-damage|p2a: Rotom-Wash|100\/304
|
|-heal|p1a: Clefable|221\/393|[from] item: Leftovers
|turn|17
|
|move|p2a: Rotom-Wash|Pain Split|p1a: Clefable
|-sethp|p1a: Clefable|160\/393|p2a: Rotom-Wash|160\/304|[from] move: Pain Split
|move|p1a: Clefable|Moonblast|p2a: Rotom-Wash
|-damage|p2a: Rotom-Wash|63\/304
|-unboost|p2a: Rotom-Wash|spa|1
|
|-heal|p1a: Clefable|184\/393|[from] item: Leftovers
|turn|18
|
|move|p2a: Rotom-Wash|Volt Switch|p1a: Clefable
|-damage|p1a: Clefable|144\/393
|
|switch|p2a: Landorus-Therian|Landorus-Therian, M|241\/319
|-damage|p2a: Landorus-Therian|202\/319|[from] Stealth Rock
|-ability|p2a: Landorus-Therian|Intimidate|[of] p1a: Clefable
|-unboost|p1a: Clefable|atk|1
|move|p1a: Clefable|Soft-Boiled|p1a: Clefable
|-heal|p1a: Clefable|341\/393
|
|-heal|p1a: Clefable|365\/393|[from] item: Leftovers
|turn|19
|
|move|p2a: Landorus-Therian|Knock Off|p1a: Clefable
|-resisted|p1a: Clefable
|-damage|p1a: Clefable|304\/393
|-enditem|p1a: Clefable|Leftovers|[from] move: Knock Off|[of] p2a: Landorus-Therian
|move|p1a: Clefable|Moonblast|p2a: Landorus-Therian
|-damage|p2a: Landorus-Therian|84\/319
|
|turn|20
|
|switch|p2a: Rotom-Wash|Rotom-Wash|63\/304
|-damage|p2a: Rotom-Wash|25\/304|[from] Stealth Rock
|move|p1a: Clefable|Moonblast|p2a: Rotom-Wash
|-damage|p2a: Rotom-Wash|0 fnt
|faint|p2a: Rotom-Wash
|
|
|switch|p2a: Greninja|Greninja, F|285\/285
|-damage|p2a: Greninja|250\/285|[from] Stealth Rock
|turn|21
|
|switch|p1a: Empoleon|Empoleon, M, shiny|277\/372
|-damage|p1a: Empoleon|254\/372|[from] Stealth Rock
|move|p2a: Greninja|Surf|p1a: Empoleon
|-start|p2a: Greninja|typechange|Water|[from] Protean
|-resisted|p1a: Empoleon
|-damage|p1a: Empoleon|188\/372
|-damage|p2a: Greninja|222\/285|[from] item: Life Orb
|
|-heal|p1a: Empoleon|211\/372|[from] item: Leftovers
|turn|22
|
|switch|p2a: Latios|Latios, M|301\/301
|-damage|p2a: Latios|264\/301|[from] Stealth Rock
|move|p1a: Empoleon|Toxic|p2a: Latios
|-status|p2a: Latios|tox
|
|-heal|p1a: Empoleon|234\/372|[from] item: Leftovers
|-damage|p2a: Latios|246\/301 tox|[from] psn
|turn|23
|
|move|p2a: Latios|Hidden Power|p1a: Empoleon
|-damage|p1a: Empoleon|168\/372
|-damage|p2a: Latios|216\/301 tox|[from] item: Life Orb
|move|p1a: Empoleon|Roar|p2a: Latios
|drag|p2a: Greninja|Greninja, F|222\/285
|-damage|p2a: Greninja|187\/285|[from] Stealth Rock
|
|-heal|p1a: Empoleon|191\/372|[from] item: Leftovers
|turn|24
|-message|RenNegade forfeited.
|
|win|SD-ORAS
|raw|Ladder updating...
|leave|RenNegade
|player|p2
|raw|SD-ORAS's rating: 1433 &rarr; <strong>1456<\/strong><br \/>(+23 for winning)
|raw|RenNegade's rating: 1488 &rarr; <strong>1465<\/strong><br \/>(-23 for losing)