|join|Sandnigg123
|join|RenNegade
|player|p1|Sandnigg123|1
|player|p2|RenNegade|196
|gametype|singles
|gen|6
|tier|OU
|rated
|clearpoke
|poke|p1|Jirachi
|poke|p1|Latios, M
|poke|p1|Rotom-Wash
|poke|p1|Landorus-Therian, M
|poke|p1|Clefable, F
|poke|p1|Gyarados, F
|poke|p2|Bisharp, F, shiny
|poke|p2|Landorus, M
|poke|p2|Gyarados, F
|poke|p2|Sylveon, M, shiny
|poke|p2|Latios, M
|poke|p2|Ferrothorn, M
|rule|Swagger Clause: Swagger is banned
|rule|Baton Pass Clause: Limit one PokÃ©mon knowing Baton Pass
|rule|Sleep Clause Mod: Limit one foe put to sleep
|rule|Species Clause: Limit one of each PokÃ©mon
|rule|OHKO Clause: OHKO moves are banned
|rule|Moody Clause: Moody is banned
|rule|Evasion Moves Clause: Evasion moves are banned
|rule|Endless Battle Clause: Forcing endless battles is banned
|rule|HP Percentage Mod: HP is shown in percentages
|teampreview
|
|start
|switch|p1a: Landorus-Therian|Landorus-Therian, M|382\/382
|switch|p2a: Ferrothorn|Ferrothorn, M|351\/351
|-ability|p1a: Landorus-Therian|Intimidate|[of] p2a: Ferrothorn
|-unboost|p2a: Ferrothorn|atk|1
|turn|1
|
|move|p1a: Landorus-Therian|Knock Off|p2a: Ferrothorn
|-damage|p2a: Ferrothorn|265\/351
|-damage|p1a: Landorus-Therian|335\/382|[from] ability: Iron Barbs|[of] p2a: Ferrothorn
|-enditem|p2a: Ferrothorn|Leftovers|[from] move: Knock Off|[of] p1a: Landorus-Therian
|move|p2a: Ferrothorn|Stealth Rock|p1a: Landorus-Therian
|-sidestart|p1: Sandnigg123|move: Stealth Rock
|
|-heal|p1a: Landorus-Therian|358\/382|[from] item: Leftovers
|turn|2
|
|move|p1a: Landorus-Therian|Stealth Rock|p2a: Ferrothorn
|-sidestart|p2: RenNegade|move: Stealth Rock
|move|p2a: Ferrothorn|Leech Seed|p1a: Landorus-Therian
|-start|p1a: Landorus-Therian|move: Leech Seed
|
|-heal|p1a: Landorus-Therian|381\/382|[from] item: Leftovers
|-damage|p1a: Landorus-Therian|334\/382|[from] Leech Seed|[of] p2a: Ferrothorn
|-heal|p2a: Ferrothorn|312\/351|[silent]
|turn|3
|
|switch|p1a: Clefable|Clefable, F|394\/394
|move|p2a: Ferrothorn|Leech Seed|p1a: Clefable
|-start|p1a: Clefable|move: Leech Seed
|
|turn|4
|
|switch|p2a: Bisharp|Bisharp, F, shiny|271\/271
|-damage|p2a: Bisharp|255\/271|[from] Stealth Rock
|move|p1a: Clefable|Flamethrower|p2a: Bisharp
|-supereffective|p2a: Bisharp
|-damage|p2a: Bisharp|89\/271
|
|turn|5
|
|move|p2a: Bisharp|Knock Off|p1a: Clefable
|-resisted|p1a: Clefable
|-damage|p1a: Clefable|283\/394
|-enditem|p1a: Clefable|Leftovers|[from] move: Knock Off|[of] p2a: Bisharp
|move|p1a: Clefable|Flamethrower|p2a: Bisharp
|-supereffective|p2a: Bisharp
|-damage|p2a: Bisharp|0 fnt
|faint|p2a: Bisharp
|
|
|switch|p2a: Gyarados|Gyarados, F|353\/353
|-damage|p2a: Gyarados|265\/353|[from] Stealth Rock
|-ability|p2a: Gyarados|Intimidate|[of] p1a: Clefable
|-unboost|p1a: Clefable|atk|1
|turn|6
|
|move|p2a: Gyarados|Dragon Dance|p2a: Gyarados
|-boost|p2a: Gyarados|atk|1
|-boost|p2a: Gyarados|spe|1
|move|p1a: Clefable|Calm Mind|p1a: Clefable
|-boost|p1a: Clefable|spa|1
|-boost|p1a: Clefable|spd|1
|
|turn|7
|
|move|p2a: Gyarados|Waterfall|p1a: Clefable
|-damage|p1a: Clefable|93\/394
|move|p1a: Clefable|Moonblast|p2a: Gyarados
|-damage|p2a: Gyarados|109\/353
|-unboost|p2a: Gyarados|spa|1
|
|turn|8
|
|detailschange|p2a: Gyarados|Gyarados-Mega, F
|message|Gyarados has Mega Evolved into Mega Gyarados!
|-ability|p2a: Gyarados|Mold Breaker
|move|p2a: Gyarados|Waterfall|p1a: Clefable
|-damage|p1a: Clefable|0 fnt
|faint|p1a: Clefable
|
|
|switch|p1a: Jirachi|Jirachi|341\/341
|-damage|p1a: Jirachi|320\/341|[from] Stealth Rock
|turn|9
|
|move|p1a: Jirachi|U-turn|p2a: Gyarados
|-supereffective|p2a: Gyarados
|-damage|p2a: Gyarados|0 fnt
|faint|p2a: Gyarados
|
|switch|p1a: Rotom-Wash|Rotom-Wash|303\/303
|-damage|p1a: Rotom-Wash|266\/303|[from] Stealth Rock
|
|-heal|p1a: Rotom-Wash|284\/303|[from] item: Leftovers
|
|switch|p2a: Latios|Latios, M|302\/302
|-damage|p2a: Latios|265\/302|[from] Stealth Rock
|turn|10
|
|switch|p1a: Jirachi|Jirachi|320\/341
|-damage|p1a: Jirachi|299\/341|[from] Stealth Rock
|move|p2a: Latios|Trick|p1a: Jirachi
|-activate|p2a: Latios|move: Trick|[of] p1a: Jirachi
|-item|p1a: Jirachi|Choice Specs|[from] move: Trick
|-item|p2a: Latios|Choice Scarf|[from] move: Trick
|
|turn|11
|
|switch|p2a: Ferrothorn|Ferrothorn, M|312\/351
|-damage|p2a: Ferrothorn|291\/351|[from] Stealth Rock
|move|p1a: Jirachi|Trick|p2a: Ferrothorn
|-activate|p1a: Jirachi|move: Trick|[of] p2a: Ferrothorn
|-item|p2a: Ferrothorn|Choice Specs|[from] move: Trick
|
|turn|12
|
|move|p1a: Jirachi|U-turn|p2a: Ferrothorn
|-damage|p2a: Ferrothorn|237\/351
|-damage|p1a: Jirachi|257\/341|[from] ability: Iron Barbs|[of] p2a: Ferrothorn
|
|switch|p1a: Latios|Latios, M|301\/301
|-damage|p1a: Latios|264\/301|[from] Stealth Rock
|move|p2a: Ferrothorn|Leech Seed|p1a: Latios
|-start|p1a: Latios|move: Leech Seed
|
|-damage|p1a: Latios|227\/301|[from] Leech Seed|[of] p2a: Ferrothorn
|-heal|p2a: Ferrothorn|274\/351|[silent]
|turn|13
|
|switch|p2a: Sylveon|Sylveon, M, shiny|393\/393
|-damage|p2a: Sylveon|344\/393|[from] Stealth Rock
|move|p1a: Latios|Defog|p2a: Sylveon
|-unboost|p2a: Sylveon|evasion|1
|-sideend|p2: RenNegade|Stealth Rock|[from] move: Defog|[of] p2a: Sylveon
|-sideend|p1: Sandnigg123|Stealth Rock|[from] move: Defog|[of] p1a: Latios
|
|-heal|p2a: Sylveon|368\/393|[from] item: Leftovers
|-damage|p1a: Latios|190\/301|[from] Leech Seed|[of] p2a: Sylveon
|-heal|p2a: Sylveon|393\/393|[silent]
|turn|14
|
|switch|p1a: Jirachi|Jirachi|257\/341
|move|p2a: Sylveon|Hyper Voice|p1a: Jirachi
|-resisted|p1a: Jirachi
|-damage|p1a: Jirachi|181\/341
|
|turn|15
|
|switch|p1a: Landorus-Therian|Landorus-Therian, M|334\/382
|-ability|p1a: Landorus-Therian|Intimidate|[of] p2a: Sylveon
|-unboost|p2a: Sylveon|atk|1
|move|p2a: Sylveon|Protect|p2a: Sylveon
|-fail|p2a: Sylveon
|
|-heal|p1a: Landorus-Therian|357\/382|[from] item: Leftovers
|turn|16
|
|move|p1a: Landorus-Therian|Stealth Rock|p2a: Sylveon
|-sidestart|p2: RenNegade|move: Stealth Rock
|move|p2a: Sylveon|Hyper Voice|p1a: Landorus-Therian
|-damage|p1a: Landorus-Therian|185\/382
|
|-heal|p1a: Landorus-Therian|208\/382|[from] item: Leftovers
|turn|17
|
|move|p1a: Landorus-Therian|Earthquake|p2a: Sylveon
|-damage|p2a: Sylveon|252\/393
|move|p2a: Sylveon|Hyper Voice|p1a: Landorus-Therian
|-damage|p1a: Landorus-Therian|30\/382
|
|-heal|p1a: Landorus-Therian|53\/382|[from] item: Leftovers
|-heal|p2a: Sylveon|276\/393|[from] item: Leftovers
|turn|18
|
|move|p1a: Landorus-Therian|U-turn|p2a: Sylveon
|-resisted|p2a: Sylveon
|-damage|p2a: Sylveon|239\/393
|
|switch|p1a: Jirachi|Jirachi|181\/341
|move|p2a: Sylveon|Wish|p2a: Sylveon
|
|-heal|p2a: Sylveon|263\/393|[from] item: Leftovers
|turn|19
|
|move|p2a: Sylveon|Protect|p2a: Sylveon
|-singleturn|p2a: Sylveon|Protect
|move|p1a: Jirachi|Iron Head|p2a: Sylveon
|-activate|p2a: Sylveon|Protect
|
|-heal|p2a: Sylveon|393\/393|[from] move: Wish|[wisher] Sylveon
|turn|20
|
|switch|p2a: Ferrothorn|Ferrothorn, M|274\/351
|-damage|p2a: Ferrothorn|253\/351|[from] Stealth Rock
|move|p1a: Jirachi|U-turn|p2a: Ferrothorn
|-damage|p2a: Ferrothorn|200\/351
|-damage|p1a: Jirachi|139\/341|[from] ability: Iron Barbs|[of] p2a: Ferrothorn
|
|switch|p1a: Gyarados|Gyarados, F|345\/345
|-ability|p1a: Gyarados|Intimidate|[of] p2a: Ferrothorn
|-unboost|p2a: Ferrothorn|atk|1
|
|turn|21
|
|detailschange|p1a: Gyarados|Gyarados-Mega, F
|message|Gyarados has Mega Evolved into Mega Gyarados!
|-ability|p1a: Gyarados|Mold Breaker
|move|p1a: Gyarados|Substitute|p1a: Gyarados
|-start|p1a: Gyarados|Substitute
|-damage|p1a: Gyarados|259\/345
|move|p2a: Ferrothorn|Leech Seed|p1a: Gyarados
|
|turn|22
|-message|RenNegade forfeited.
|
|win|Sandnigg123
|raw|Ladder updating...
|leave|RenNegade
|player|p2
|raw|Sandnigg123's rating: 1375 &rarr; <strong>1399<\/strong><br \/>(+24 for winning)
|raw|RenNegade's rating: 1453 &rarr; <strong>1429<\/strong><br \/>(-24 for losing)