|join|acidburnz
|join|RenNegade
|player|p1|acidburnz|161
|player|p2|RenNegade|196
|gametype|singles
|gen|6
|tier|OU (suspect test)
|rated
|clearpoke
|poke|p1|Heracross, M
|poke|p1|Talonflame, M
|poke|p1|Mamoswine, M
|poke|p1|Rotom-Wash
|poke|p1|Latios, M
|poke|p1|Florges, F
|poke|p2|Slowbro, F, shiny
|poke|p2|Ferrothorn, F
|poke|p2|Heatran, F
|poke|p2|Landorus-Therian, M
|poke|p2|Tentacruel, M
|poke|p2|Bisharp, F
|rule|Swagger Clause: Swagger is banned
|rule|Baton Pass Clause: Limit one PokÃ©mon knowing Baton Pass
|rule|Sleep Clause Mod: Limit one foe put to sleep
|rule|Species Clause: Limit one of each PokÃ©mon
|rule|OHKO Clause: OHKO moves are banned
|rule|Moody Clause: Moody is banned
|rule|Evasion Moves Clause: Evasion moves are banned
|rule|Endless Battle Clause: Forcing endless battles is banned
|rule|HP Percentage Mod: HP is shown in percentages
|teampreview
|
|start
|switch|p1a: Heracross|Heracross, M|302\/302
|switch|p2a: Heatran|Heatran, F|337\/337
|-item|p2a: Heatran|Air Balloon
|turn|1
|
|switch|p2a: Landorus-Therian|Landorus-Therian, M|327\/327
|-ability|p2a: Landorus-Therian|Intimidate|[of] p1a: Heracross
|-unboost|p1a: Heracross|atk|1
|detailschange|p1a: Heracross|Heracross-Mega, M
|-mega|p1a: Heracross|Heracross|Heracronite
|move|p1a: Heracross|Close Combat|p2a: Landorus-Therian
|-resisted|p2a: Landorus-Therian
|-damage|p2a: Landorus-Therian|223\/327
|-unboost|p1a: Heracross|def|1
|-unboost|p1a: Heracross|spd|1
|
|turn|2
|
|move|p2a: Landorus-Therian|Rock Slide|p1a: Heracross
|-damage|p1a: Heracross|171\/302
|move|p1a: Heracross|Rock Blast|p2a: Landorus-Therian
|-damage|p2a: Landorus-Therian|194\/327
|-damage|p2a: Landorus-Therian|163\/327
|-damage|p2a: Landorus-Therian|136\/327
|-damage|p2a: Landorus-Therian|106\/327
|-damage|p2a: Landorus-Therian|78\/327
|-hitcount|p2a: Landorus-Therian|5
|
|turn|3
|
|switch|p1a: Rotom-Wash|Rotom-Wash|302\/302
|move|p2a: Landorus-Therian|Rock Slide|p1a: Rotom-Wash
|-damage|p1a: Rotom-Wash|235\/302
|
|-heal|p1a: Rotom-Wash|253\/302|[from] item: Leftovers
|turn|4
|
|switch|p2a: Ferrothorn|Ferrothorn, F|351\/351
|move|p1a: Rotom-Wash|Will-O-Wisp|p2a: Ferrothorn
|-status|p2a: Ferrothorn|brn
|
|-heal|p1a: Rotom-Wash|271\/302|[from] item: Leftovers
|-damage|p2a: Ferrothorn|308\/351 brn|[from] brn
|turn|5
|
|move|p1a: Rotom-Wash|Volt Switch|p2a: Ferrothorn
|-resisted|p2a: Ferrothorn
|-damage|p2a: Ferrothorn|277\/351 brn
|
|switch|p1a: Talonflame|Talonflame, M|297\/297
|move|p2a: Ferrothorn|Leech Seed|p1a: Talonflame
|-start|p1a: Talonflame|move: Leech Seed
|
|-heal|p2a: Ferrothorn|298\/351 brn|[from] item: Leftovers
|-damage|p1a: Talonflame|260\/297|[from] Leech Seed|[of] p2a: Ferrothorn
|-heal|p2a: Ferrothorn|335\/351 brn|[silent]
|-damage|p2a: Ferrothorn|292\/351 brn|[from] brn
|turn|6
|
|switch|p1a: Heracross|Heracross-Mega, M|171\/302
|move|p2a: Ferrothorn|Spikes|p1a: Heracross
|-sidestart|p1: acidburnz|Spikes
|
|-heal|p2a: Ferrothorn|313\/351 brn|[from] item: Leftovers
|-damage|p2a: Ferrothorn|270\/351 brn|[from] brn
|turn|7
|
|switch|p2a: Tentacruel|Tentacruel, M|364\/364
|move|p1a: Heracross|Close Combat|p2a: Tentacruel
|-resisted|p2a: Tentacruel
|-damage|p2a: Tentacruel|169\/364
|-unboost|p1a: Heracross|def|1
|-unboost|p1a: Heracross|spd|1
|
|-heal|p2a: Tentacruel|191\/364|[from] item: Black Sludge
|turn|8
|
|move|p1a: Heracross|Close Combat|p2a: Tentacruel
|-resisted|p2a: Tentacruel
|-damage|p2a: Tentacruel|0 fnt
|-unboost|p1a: Heracross|def|1
|-unboost|p1a: Heracross|spd|1
|faint|p2a: Tentacruel
|
|
|switch|p2a: Bisharp|Bisharp, F|272\/272
|turn|9
|
|switch|p1a: Rotom-Wash|Rotom-Wash|271\/302
|move|p2a: Bisharp|Swords Dance|p2a: Bisharp
|-boost|p2a: Bisharp|atk|2
|
|-heal|p1a: Rotom-Wash|289\/302|[from] item: Leftovers
|turn|10
|
|move|p2a: Bisharp|Knock Off|p1a: Rotom-Wash
|-damage|p1a: Rotom-Wash|0 fnt
|-enditem|p1a: Rotom-Wash|Leftovers|[from] move: Knock Off|[of] p2a: Bisharp
|faint|p1a: Rotom-Wash
|
|
|switch|p1a: Latios|Latios, M|301\/301
|turn|11
|
|move|p2a: Bisharp|Sucker Punch|p1a: Latios
|-fail|p1a: Latios
|move|p1a: Latios|Defog|p2a: Bisharp
|-unboost|p2a: Bisharp|evasion|1
|-boost|p2a: Bisharp|atk|2|[from] ability: Defiant
|-sideend|p1: acidburnz|Spikes|[from] move: Defog|[of] p1a: Latios
|
|turn|12
|
|move|p2a: Bisharp|Sucker Punch|p1a: Latios
|-supereffective|p1a: Latios
|-damage|p1a: Latios|0 fnt
|faint|p1a: Latios
|
|
|switch|p1a: Mamoswine|Mamoswine, M|361\/361
|turn|13
|
|move|p1a: Mamoswine|Earthquake|p2a: Bisharp
|-supereffective|p2a: Bisharp
|-damage|p2a: Bisharp|0 fnt
|faint|p2a: Bisharp
|
|
|switch|p2a: Slowsist|Slowbro, F, shiny|393\/393
|turn|14
|
|detailschange|p2a: Slowsist|Slowbro-Mega, F, shiny
|-mega|p2a: Slowsist|Slowbro|Slowbronite
|move|p1a: Mamoswine|Freeze-Dry|p2a: Slowsist
|-supereffective|p2a: Slowsist
|-damage|p2a: Slowsist|225\/393
|move|p2a: Slowsist|Scald|p1a: Mamoswine
|-supereffective|p1a: Mamoswine
|-enditem|p1a: Mamoswine|Focus Sash
|-damage|p1a: Mamoswine|1\/361
|
|turn|15
|
|move|p1a: Mamoswine|Freeze-Dry|p2a: Slowsist
|-supereffective|p2a: Slowsist
|-damage|p2a: Slowsist|73\/393
|move|p2a: Slowsist|Slack Off|p2a: Slowsist
|-heal|p2a: Slowsist|270\/393
|
|turn|16
|
|switch|p2a: Ferrothorn|Ferrothorn, F|270\/351 brn
|move|p1a: Mamoswine|Freeze-Dry|p2a: Ferrothorn
|-damage|p2a: Ferrothorn|228\/351 brn
|
|-heal|p2a: Ferrothorn|249\/351 brn|[from] item: Leftovers
|-damage|p2a: Ferrothorn|206\/351 brn|[from] brn
|turn|17
|
|move|p1a: Mamoswine|Earthquake|p2a: Ferrothorn
|-damage|p2a: Ferrothorn|85\/351 brn
|move|p2a: Ferrothorn|Gyro Ball|p1a: Mamoswine
|-supereffective|p1a: Mamoswine
|-damage|p1a: Mamoswine|0 fnt
|faint|p1a: Mamoswine
|
|-heal|p2a: Ferrothorn|106\/351 brn|[from] item: Leftovers
|-damage|p2a: Ferrothorn|63\/351 brn|[from] brn
|
|switch|p1a: Heracross|Heracross-Mega, M|171\/302
|turn|18
|
|move|p1a: Heracross|Pin Missile|p2a: Ferrothorn
|-damage|p2a: Ferrothorn|23\/351 brn
|-damage|p2a: Ferrothorn|0 fnt
|-hitcount|p2a: Ferrothorn|2
|faint|p2a: Ferrothorn
|
|
|switch|p2a: Landorus-Therian|Landorus-Therian, M|78\/327
|-ability|p2a: Landorus-Therian|Intimidate|[of] p1a: Heracross
|-unboost|p1a: Heracross|atk|1
|turn|19
|
|move|p2a: Landorus-Therian|Rock Slide|p1a: Heracross
|-damage|p1a: Heracross|87\/302
|cant|p1a: Heracross|flinch
|
|turn|20
|
|switch|p1a: Florges|Florges, F|360\/360
|move|p2a: Landorus-Therian|Rock Slide|p1a: Florges
|-damage|p1a: Florges|241\/360
|
|-heal|p1a: Florges|263\/360|[from] item: Leftovers
|turn|21
|
|switch|p2a: Heatran|Heatran, F|337\/337
|-item|p2a: Heatran|Air Balloon
|move|p1a: Florges|Moonblast|p2a: Heatran
|-resisted|p2a: Heatran
|-damage|p2a: Heatran|308\/337
|-enditem|p2a: Heatran|Air Balloon
|
|-heal|p1a: Florges|285\/360|[from] item: Leftovers
|turn|22
|
|move|p2a: Heatran|Stealth Rock|p1a: Florges
|-sidestart|p1: acidburnz|move: Stealth Rock
|move|p1a: Florges|Wish|p1a: Florges
|
|-heal|p1a: Florges|307\/360|[from] item: Leftovers
|turn|23
|
|move|p2a: Heatran|Flash Cannon|p1a: Florges
|-supereffective|p1a: Florges
|-damage|p1a: Florges|109\/360
|move|p1a: Florges|Moonblast|p2a: Heatran
|-resisted|p2a: Heatran
|-damage|p2a: Heatran|280\/337
|
|-heal|p1a: Florges|289\/360|[from] move: Wish|[wisher] Florges
|-heal|p1a: Florges|311\/360|[from] item: Leftovers
|turn|24
|
|move|p2a: Heatran|Flash Cannon|p1a: Florges
|-supereffective|p1a: Florges
|-damage|p1a: Florges|119\/360
|move|p1a: Florges|Wish|p1a: Florges
|
|-heal|p1a: Florges|141\/360|[from] item: Leftovers
|turn|25
|
|move|p1a: Florges|Protect|p1a: Florges
|-singleturn|p1a: Florges|Protect
|move|p2a: Heatran|Flash Cannon|p1a: Florges
|-activate|p1a: Florges|Protect
|
|-heal|p1a: Florges|321\/360|[from] move: Wish|[wisher] Florges
|-heal|p1a: Florges|343\/360|[from] item: Leftovers
|turn|26
|
|move|p2a: Heatran|Flash Cannon|p1a: Florges
|-supereffective|p1a: Florges
|-damage|p1a: Florges|173\/360
|move|p1a: Florges|Wish|p1a: Florges
|
|-heal|p1a: Florges|195\/360|[from] item: Leftovers
|turn|27
|
|move|p2a: Heatran|Flash Cannon|p1a: Florges
|-supereffective|p1a: Florges
|-damage|p1a: Florges|3\/360
|move|p1a: Florges|Moonblast|p2a: Heatran
|-resisted|p2a: Heatran
|-damage|p2a: Heatran|251\/337
|-unboost|p2a: Heatran|spa|1
|
|-heal|p1a: Florges|183\/360|[from] move: Wish|[wisher] Florges
|-heal|p1a: Florges|205\/360|[from] item: Leftovers
|turn|28
|
|switch|p2a: Slowsist|Slowbro-Mega, F, shiny|270\/393
|move|p1a: Florges|Wish|p1a: Florges
|
|-heal|p1a: Florges|227\/360|[from] item: Leftovers
|turn|29
|
|move|p1a: Florges|Moonblast|p2a: Slowsist
|-damage|p2a: Slowsist|126\/393
|-unboost|p2a: Slowsist|spa|1
|move|p2a: Slowsist|Psyshock|p1a: Florges
|-damage|p1a: Florges|119\/360
|
|-heal|p1a: Florges|299\/360|[from] move: Wish|[wisher] Florges
|-heal|p1a: Florges|321\/360|[from] item: Leftovers
|turn|30
|
|move|p1a: Florges|Moonblast|p2a: Slowsist
|-damage|p2a: Slowsist|0 fnt
|faint|p2a: Slowsist
|
|-heal|p1a: Florges|343\/360|[from] item: Leftovers
|
|switch|p2a: Heatran|Heatran, F|251\/337
|turn|31
|
|move|p2a: Heatran|Flash Cannon|p1a: Florges
|-supereffective|p1a: Florges
|-damage|p1a: Florges|157\/360
|move|p1a: Florges|Wish|p1a: Florges
|
|-heal|p1a: Florges|179\/360|[from] item: Leftovers
|turn|32
|
|move|p1a: Florges|Protect|p1a: Florges
|-singleturn|p1a: Florges|Protect
|move|p2a: Heatran|Flash Cannon|p1a: Florges
|-activate|p1a: Florges|Protect
|
|-heal|p1a: Florges|359\/360|[from] move: Wish|[wisher] Florges
|-heal|p1a: Florges|360\/360|[from] item: Leftovers
|turn|33
|
|move|p2a: Heatran|Flash Cannon|p1a: Florges
|-supereffective|p1a: Florges
|-damage|p1a: Florges|174\/360
|move|p1a: Florges|Wish|p1a: Florges
|
|-heal|p1a: Florges|196\/360|[from] item: Leftovers
|turn|34
|
|move|p2a: Heatran|Lava Plume|p1a: Florges
|-damage|p1a: Florges|100\/360
|move|p1a: Florges|Moonblast|p2a: Heatran
|-resisted|p2a: Heatran
|-damage|p2a: Heatran|222\/337
|
|-heal|p1a: Florges|280\/360|[from] move: Wish|[wisher] Florges
|-heal|p1a: Florges|302\/360|[from] item: Leftovers
|turn|35
|
|move|p2a: Heatran|Lava Plume|p1a: Florges
|-damage|p1a: Florges|209\/360
|move|p1a: Florges|Wish|p1a: Florges
|
|-heal|p1a: Florges|231\/360|[from] item: Leftovers
|turn|36
|
|move|p2a: Heatran|Flash Cannon|p1a: Florges
|-crit|p1a: Florges
|-supereffective|p1a: Florges
|-damage|p1a: Florges|0 fnt
|faint|p1a: Florges
|
|
|switch|p1a: Heracross|Heracross-Mega, M|87\/302
|-damage|p1a: Heracross|50\/302|[from] Stealth Rock
|turn|37
|
|move|p1a: Heracross|Close Combat|p2a: Heatran
|-supereffective|p2a: Heatran
|-damage|p2a: Heatran|0 fnt
|-unboost|p1a: Heracross|def|1
|-unboost|p1a: Heracross|spd|1
|faint|p2a: Heatran
|
|
|switch|p2a: Landorus-Therian|Landorus-Therian, M|78\/327
|-ability|p2a: Landorus-Therian|Intimidate|[of] p1a: Heracross
|-unboost|p1a: Heracross|atk|1
|turn|38
|c|âacidburnz|gg dude
|c|âRenNegade|gg
|
|move|p2a: Landorus-Therian|Rock Slide|p1a: Heracross
|-damage|p1a: Heracross|0 fnt
|faint|p1a: Heracross
|
|
|switch|p1a: Talonflame|Talonflame, M|260\/297
|-damage|p1a: Talonflame|112\/297|[from] Stealth Rock
|turn|39
|
|move|p1a: Talonflame|Brave Bird|p2a: Landorus-Therian
|-damage|p2a: Landorus-Therian|0 fnt
|-damage|p1a: Talonflame|86\/297|[from] recoil|[of] p2a: Landorus-Therian
|faint|p2a: Landorus-Therian
|
|win|acidburnz
|raw|Ladder updating...
|raw|acidburnz's rating: 1211 &rarr; <strong>1231<\/strong><br \/>(+20 for winning)
|raw|RenNegade's rating: 1137 &rarr; <strong>1118<\/strong><br \/>(-19 for losing)
|leave|RenNegade
|player|p2