|join|RenNegade
|join|Corckscrew
|player|p1|RenNegade|238
|player|p2|Corckscrew|134
|gametype|singles
|gen|6
|tier|OU
|clearpoke
|poke|p1|Skarmory, M
|poke|p1|Keldeo
|poke|p1|Gogoat, M
|poke|p1|Dodrio, F
|poke|p1|Darmanitan, F
|poke|p1|Cobalion, shiny
|poke|p2|Sigilyph, M, shiny
|poke|p2|Crawdaunt, F
|poke|p2|Gengar, F, shiny
|poke|p2|Swanna, F
|poke|p2|Gliscor, M
|poke|p2|Spiritomb, F, shiny
|rule|Swagger Clause: Swagger is banned
|rule|Baton Pass Clause: Limit one PokÃ©mon knowing Baton Pass
|rule|Sleep Clause Mod: Limit one foe put to sleep
|rule|Species Clause: Limit one of each PokÃ©mon
|rule|OHKO Clause: OHKO moves are banned
|rule|Moody Clause: Moody is banned
|rule|Evasion Moves Clause: Evasion moves are banned
|rule|Endless Battle Clause: Forcing endless battles is banned
|rule|HP Percentage Mod: HP is shown in percentages
|teampreview
|c|âRenNegade|gl
|c|âCorckscrew|glhf
|join|FireBlast_t
|
|start
|switch|p1a: Darmanitan|Darmanitan, F|351\/351
|switch|p2a: The Thing 3.0|Sigilyph, M, shiny|348\/348
|turn|1
|c|@FireBlast_t|bo3?
|
|switch|p2a: The Defagger|Swanna, F|354\/354
|move|p1a: Darmanitan|Rock Slide|p2a: The Defagger
|-supereffective|p2a: The Defagger
|-damage|p2a: The Defagger|124\/354
|
|-heal|p2a: The Defagger|146\/354|[from] item: Leftovers
|turn|2
|c|âCorckscrew|y
|c|âRenNegade|si
|
|switch|p2a: The Bat|Gliscor, M|354\/354
|move|p1a: Darmanitan|Rock Slide|p2a: The Bat
|-damage|p2a: The Bat|272\/354
|
|-status|p2a: The Bat|tox|[from] item: Toxic Orb
|turn|3
|join|InuAway
|
|switch|p1a: Keldeo|Keldeo|323\/323
|move|p2a: The Bat|Substitute|p2a: The Bat
|-start|p2a: The Bat|Substitute
|-damage|p2a: The Bat|184\/354 tox
|
|-heal|p2a: The Bat|228\/354 tox|[from] ability: Poison Heal
|turn|4
|
|switch|p1a: Skarmory|Skarmory, M|333\/333
|move|p2a: The Bat|Toxic|p1a: Skarmory
|-fail|p1a: Skarmory
|
|-heal|p2a: The Bat|272\/354 tox|[from] ability: Poison Heal
|turn|5
|
|move|p2a: The Bat|Knock Off|p1a: Skarmory
|-damage|p1a: Skarmory|290\/333
|-enditem|p1a: Skarmory|Leftovers|[from] move: Knock Off|[of] p2a: The Bat
|move|p1a: Skarmory|Whirlwind|p2a: The Bat
|drag|p2a: The Thing 4.0|Spiritomb, F, shiny|304\/304
|
|turn|6
|
|switch|p1a: Cobalion|Cobalion, shiny|324\/324
|move|p2a: The Thing 4.0|Trick|p1a: Cobalion
|-activate|p2a: The Thing 4.0|move: Trick|[of] p1a: Cobalion
|-item|p1a: Cobalion|Choice Specs|[from] move: Trick
|-item|p2a: The Thing 4.0|Leftovers|[from] move: Trick
|
|turn|7
|leave|InuAway
|
|move|p1a: Cobalion|Flash Cannon|p2a: The Thing 4.0
|-damage|p2a: The Thing 4.0|142\/304
|move|p2a: The Thing 4.0|Shadow Ball|p1a: Cobalion
|-damage|p1a: Cobalion|159\/324
|
|-heal|p2a: The Thing 4.0|161\/304|[from] item: Leftovers
|turn|8
|
|move|p1a: Cobalion|Flash Cannon|p2a: The Thing 4.0
|-damage|p2a: The Thing 4.0|2\/304
|move|p2a: The Thing 4.0|Shadow Ball|p1a: Cobalion
|-damage|p1a: Cobalion|6\/324
|
|-heal|p2a: The Thing 4.0|21\/304|[from] item: Leftovers
|turn|9
|
|move|p1a: Cobalion|Flash Cannon|p2a: The Thing 4.0
|-damage|p2a: The Thing 4.0|0 fnt
|faint|p2a: The Thing 4.0
|
|
|switch|p2a: The Ghost|Gengar, F, shiny|263\/263
|turn|10
|
|switch|p1a: Dodrio|Dodrio, F|262\/262
|move|p2a: The Ghost|Hex|p1a: Dodrio
|-immune|p1a: Dodrio|[msg]
|
|turn|11
|
|move|p2a: The Ghost|Will-O-Wisp|p1a: Dodrio
|-status|p1a: Dodrio|brn
|move|p1a: Dodrio|Knock Off|p2a: The Ghost
|-supereffective|p2a: The Ghost
|-damage|p2a: The Ghost|13\/263
|-enditem|p2a: The Ghost|Black Sludge|[from] move: Knock Off|[of] p1a: Dodrio
|
|-damage|p1a: Dodrio|230\/262 brn|[from] brn
|turn|12
|join|Dinamirer
|join|h_hyper
|c|@h_hyper|DO DRIO
|
|move|p2a: The Ghost|Sludge Bomb|p1a: Dodrio
|-damage|p1a: Dodrio|0 fnt
|faint|p1a: Dodrio
|
|c|âCorckscrew|mh
|c|âCorckscrew|forse
|c|âCorckscrew|forse
|
|switch|p1a: Darmanitan|Darmanitan, F|351\/351
|turn|13
|c|âCorckscrew|dovevo farlo prima
|
|switch|p2a: The Bat|Gliscor, M|272\/354 tox
|move|p1a: Darmanitan|U-turn|p2a: The Bat
|-resisted|p2a: The Bat
|-damage|p2a: The Bat|242\/354 tox
|
|switch|p1a: Keldeo|Keldeo|323\/323
|
|-heal|p2a: The Bat|286\/354 tox|[from] ability: Poison Heal
|turn|14
|c|@FireBlast_t|PerÃ² che figo non vedere sempre gli stessi PikÃ©
|
|switch|p2a: The Defagger|Swanna, F|146\/354
|move|p1a: Keldeo|Scald|p2a: The Defagger
|-resisted|p2a: The Defagger
|-damage|p2a: The Defagger|0 fnt
|faint|p2a: The Defagger
|
|c|âRenNegade|Ã¨ quello il bello
|c|âCorckscrew|D:
|
|switch|p2a: The Lobster|Crawdaunt, F|330\/330
|turn|15
|
|switch|p1a: Gogoat|Gogoat, M|450\/450
|move|p2a: The Lobster|Superpower|p1a: Gogoat
|-damage|p1a: Gogoat|147\/450
|-unboost|p2a: The Lobster|atk|1
|-unboost|p2a: The Lobster|def|1
|
|-heal|p1a: Gogoat|175\/450|[from] item: Leftovers
|turn|16
|
|move|p1a: Gogoat|Horn Leech|p2a: The Lobster
|-crit|p2a: The Lobster
|-supereffective|p2a: The Lobster
|-damage|p2a: The Lobster|0 fnt
|-heal|p1a: Gogoat|340\/450|[from] drain|[of] p2a: The Lobster
|faint|p2a: The Lobster
|
|-heal|p1a: Gogoat|368\/450|[from] item: Leftovers
|
|switch|p2a: The Bat|Gliscor, M|286\/354 tox
|turn|17
|
|move|p2a: The Bat|Substitute|p2a: The Bat
|-start|p2a: The Bat|Substitute
|-damage|p2a: The Bat|198\/354 tox
|move|p1a: Gogoat|Substitute|p1a: Gogoat
|-start|p1a: Gogoat|Substitute
|-damage|p1a: Gogoat|256\/450
|
|-heal|p1a: Gogoat|284\/450|[from] item: Leftovers
|-heal|p2a: The Bat|242\/354 tox|[from] ability: Poison Heal
|turn|18
|
|move|p2a: The Bat|Knock Off|p1a: Gogoat
|-activate|p1a: Gogoat|Substitute|[damage]
|move|p1a: Gogoat|Bulk Up|p1a: Gogoat
|-boost|p1a: Gogoat|atk|1
|-boost|p1a: Gogoat|def|1
|
|-heal|p1a: Gogoat|312\/450|[from] item: Leftovers
|-heal|p2a: The Bat|286\/354 tox|[from] ability: Poison Heal
|turn|19
|
|move|p2a: The Bat|Knock Off|p1a: Gogoat
|-end|p1a: Gogoat|Substitute
|move|p1a: Gogoat|Horn Leech|p2a: The Bat
|-end|p2a: The Bat|Substitute
|-heal|p1a: Gogoat|356\/450|[from] drain|[of] p2a: The Bat
|
|-heal|p1a: Gogoat|384\/450|[from] item: Leftovers
|-heal|p2a: The Bat|330\/354 tox|[from] ability: Poison Heal
|turn|20
|join|Ghesisect
|c|âCorckscrew|questa Ã¨ gg
|
|switch|p2a: The Thing 3.0|Sigilyph, M, shiny|348\/348
|move|p1a: Gogoat|Horn Leech|p2a: The Thing 3.0
|-resisted|p2a: The Thing 3.0
|-damage|p2a: The Thing 3.0|253\/348
|-heal|p1a: Gogoat|432\/450|[from] drain|[of] p2a: The Thing 3.0
|
|-heal|p1a: Gogoat|450\/450|[from] item: Leftovers
|-status|p2a: The Thing 3.0|brn|[from] item: Flame Orb
|turn|21
|
|switch|p1a: Darmanitan|Darmanitan, F|351\/351
|move|p2a: The Thing 3.0|Cosmic Power|p2a: The Thing 3.0
|-boost|p2a: The Thing 3.0|def|1
|-boost|p2a: The Thing 3.0|spd|1
|
|turn|22
|c|âCorckscrew|!calc
|raw|<div class="infobox">Pokemon Showdown! damage calculator. (Courtesy of Honko)<br \/>- <a href="https:\/\/pokemonshowdown.com\/damagecalc\/">Damage Calculator<\/a><\/div>
|
|switch|p2a: The Bat|Gliscor, M|330\/354 tox
|move|p1a: Darmanitan|Rock Slide|p2a: The Bat
|-damage|p2a: The Bat|255\/354 tox
|
|-heal|p2a: The Bat|299\/354 tox|[from] ability: Poison Heal
|turn|23
|
|switch|p1a: Skarmory|Skarmory, M|290\/333
|move|p2a: The Bat|Toxic|p1a: Skarmory
|-fail|p1a: Skarmory
|
|-heal|p2a: The Bat|343\/354 tox|[from] ability: Poison Heal
|turn|24
|
|move|p2a: The Bat|Knock Off|p1a: Skarmory
|-damage|p1a: Skarmory|264\/333
|move|p1a: Skarmory|Whirlwind|p2a: The Bat
|drag|p2a: The Ghost|Gengar, F, shiny|13\/263
|
|turn|25
|
|switch|p1a: Cobalion|Cobalion, shiny|6\/324
|move|p2a: The Ghost|Taunt|p1a: Cobalion
|-start|p1a: Cobalion|move: Taunt
|
|turn|26
|
|move|p2a: The Ghost|Hex|p1a: Cobalion
|-damage|p1a: Cobalion|0 fnt
|faint|p1a: Cobalion
|
|leave|Ghesisect
|
|switch|p1a: Darmanitan|Darmanitan, F|351\/351
|turn|27
|
|switch|p2a: The Bat|Gliscor, M|343\/354 tox
|move|p1a: Darmanitan|Flare Blitz|p2a: The Bat
|-damage|p2a: The Bat|141\/354 tox
|-damage|p1a: Darmanitan|284\/351|[from] recoil|[of] p2a: The Bat
|
|-heal|p2a: The Bat|185\/354 tox|[from] ability: Poison Heal
|turn|28
|
|move|p1a: Darmanitan|Flare Blitz|p2a: The Bat
|-damage|p2a: The Bat|0 fnt
|-damage|p1a: Darmanitan|223\/351|[from] recoil|[of] p2a: The Bat
|faint|p2a: The Bat
|
|
|switch|p2a: The Thing 3.0|Sigilyph, M, shiny|253\/348 brn
|turn|29
|
|move|p1a: Darmanitan|Flare Blitz|p2a: The Thing 3.0
|-damage|p2a: The Thing 3.0|0 fnt
|-damage|p1a: Darmanitan|140\/351|[from] recoil|[of] p2a: The Thing 3.0
|faint|p2a: The Thing 3.0
|
|c|âCorckscrew|gg
|
|switch|p2a: The Ghost|Gengar, F, shiny|13\/263
|turn|30
|c|âRenNegade|gg
|
|move|p1a: Darmanitan|Flare Blitz|p2a: The Ghost
|-damage|p2a: The Ghost|0 fnt
|-damage|p1a: Darmanitan|136\/351|[from] recoil|[of] p2a: The Ghost
|faint|p2a: The Ghost
|
|win|RenNegade
|leave|h_hyper
|leave|Corckscrew
|player|p2
|leave|RenNegade
|player|p1