|join|Sweet & Juicy
|join|FIREEEE
|player|p1|Sweet & Juicy|153
|player|p2|FIREEEE|23
|gametype|doubles
|gen|6
|tier|Battle Spot Doubles
|rated
|clearpoke
|poke|p1|Togekiss, L50, F
|poke|p1|Charizard, L50, F
|poke|p1|Gengar, L50, M
|poke|p1|Garchomp, L50, M
|poke|p1|Milotic, L50, F
|poke|p1|Bisharp, L50, F
|poke|p2|Venusaur, L50, F
|poke|p2|Gengar, L50, F
|poke|p2|Azumarill, L50, M
|poke|p2|Landorus-Therian, L50, M
|poke|p2|Gothitelle, L50, F
|poke|p2|Sylveon, L50, F
|rule|Species Clause: Limit one of each PokÃ©mon
|rule|Item Clause: Limit one of each item
|teampreview|4
|
|start
|switch|p1a: Milotic|Milotic, L50, F|171\/171
|switch|p1b: Bisharp|Bisharp, L50, F|141\/141
|switch|p2a: I haunt and taunt|Gengar, L50, F|136\/136
|switch|p2b: I stall and waterf|Azumarill, L50, M|207\/207
|turn|1
|
|detailschange|p2a: I haunt and taunt|Gengar-Mega, L50, F
|message|Gengar has Mega Evolved into Mega Gengar!
|move|p2a: I haunt and taunt|Protect|p2a: I haunt and taunt
|-singleturn|p2a: I haunt and taunt|Protect
|move|p1b: Bisharp|Iron Head|p2b: I stall and waterf
|-damage|p2b: I stall and waterf|102\/207
|-damage|p1b: Bisharp|127\/141|[from] item: Life Orb
|-enditem|p2b: I stall and waterf|Sitrus Berry|[eat]
|-heal|p2b: I stall and waterf|153\/207|[from] item: Sitrus Berry
|move|p1a: Milotic|Icy Wind|p2b: I stall and waterf
|-activate|p2a: I haunt and taunt|Protect
|-miss|p1a: Milotic|p2b: I stall and waterf
|move|p2b: I stall and waterf|Scald|p1b: Bisharp
|-damage|p1b: Bisharp|84\/141
|-status|p1b: Bisharp|brn
|
|-damage|p1b: Bisharp|67\/141 brn|[from] brn
|turn|2
|
|move|p2a: I haunt and taunt|Perish Song|p2a: I haunt and taunt
|-fieldactivate|move: Perish Song
|move|p1b: Bisharp|Knock Off|p2a: I haunt and taunt
|-supereffective|p2a: I haunt and taunt
|-damage|p2a: I haunt and taunt|58\/136
|-damage|p1b: Bisharp|53\/141 brn|[from] item: Life Orb
|move|p1a: Milotic|Icy Wind|p2a: I haunt and taunt
|-damage|p2a: I haunt and taunt|34\/136
|-unboost|p2a: I haunt and taunt|spe|1
|-resisted|p2b: I stall and waterf
|-damage|p2b: I stall and waterf|141\/207
|-unboost|p2b: I stall and waterf|spe|1
|move|p2b: I stall and waterf|Light Screen|p2b: I stall and waterf
|-sidestart|p2: FIREEEE|move: Light Screen
|
|-start|p2a: I haunt and taunt|perish3
|-start|p1b: Bisharp|perish3
|-start|p1a: Milotic|perish3
|-start|p2b: I stall and waterf|perish3
|-damage|p1b: Bisharp|36\/141 brn|[from] brn
|turn|3
|
|move|p2a: I haunt and taunt|Protect|p2a: I haunt and taunt
|-singleturn|p2a: I haunt and taunt|Protect
|move|p1b: Bisharp|Iron Head|p2b: I stall and waterf
|-crit|p2b: I stall and waterf
|-damage|p2b: I stall and waterf|66\/207
|-damage|p1b: Bisharp|22\/141 brn|[from] item: Life Orb
|move|p1a: Milotic|Icy Wind|p2b: I stall and waterf
|-activate|p2a: I haunt and taunt|Protect
|-resisted|p2b: I stall and waterf
|-damage|p2b: I stall and waterf|58\/207
|-unboost|p2b: I stall and waterf|spe|1
|cant|p2b: I stall and waterf|flinch
|
|-start|p2a: I haunt and taunt|perish2
|-start|p1b: Bisharp|perish2
|-start|p1a: Milotic|perish2
|-start|p2b: I stall and waterf|perish2
|-damage|p1b: Bisharp|5\/141 brn|[from] brn
|turn|4
|
|move|p1b: Bisharp|Sucker Punch|p2b: I stall and waterf
|-resisted|p2b: I stall and waterf
|-damage|p2b: I stall and waterf|36\/207
|-damage|p1b: Bisharp|0 fnt|[from] item: Life Orb
|faint|p1b: Bisharp
|move|p2a: I haunt and taunt|Shadow Ball|p1a: Milotic
|-damage|p1a: Milotic|114\/171
|move|p1a: Milotic|Icy Wind|p2b: I stall and waterf
|-damage|p2a: I haunt and taunt|17\/136
|-unboost|p2a: I haunt and taunt|spe|1
|-resisted|p2b: I stall and waterf
|-damage|p2b: I stall and waterf|28\/207
|-unboost|p2b: I stall and waterf|spe|1
|move|p2b: I stall and waterf|Scald|p1a: Milotic
|-resisted|p1a: Milotic
|-damage|p1a: Milotic|103\/171
|
|-start|p1a: Milotic|perish1
|-start|p2a: I haunt and taunt|perish1
|-start|p2b: I stall and waterf|perish1
|
|switch|p1b: Charizard|Charizard, L50, F|154\/154
|turn|5
|
|switch|p2a: I punch and crunch|Landorus-Therian, L50, M|164\/164
|-ability|p2a: I punch and crunch|Intimidate|[of] p1a: Milotic
|-unboost|p1a: Milotic|atk|1
|-boost|p1a: Milotic|spa|2|[from] ability: Competitive
|-ability|p2a: I punch and crunch|Intimidate|[of] p1b: Charizard
|-unboost|p1b: Charizard|atk|1
|switch|p2b: I stall and wall|Venusaur, L50, F|187\/187
|detailschange|p1b: Charizard|Charizard-Mega-Y, L50, F
|message|Charizard has Mega Evolved into Mega Charizard!
|-weather|SunnyDay
|move|p1b: Charizard|Heat Wave|p2b: I stall and wall
|-damage|p2a: I punch and crunch|68\/164
|-supereffective|p2b: I stall and wall
|-damage|p2b: I stall and wall|37\/187
|move|p1a: Milotic|Icy Wind|p2b: I stall and wall
|-supereffective|p2a: I punch and crunch
|-damage|p2a: I punch and crunch|0 fnt
|-supereffective|p2b: I stall and wall
|-damage|p2b: I stall and wall|0 fnt
|faint|p2a: I punch and crunch
|faint|p2b: I stall and wall
|
|-start|p1a: Milotic|perish0
|-weather|SunnyDay|[upkeep]
|faint|p1a: Milotic
|
|switch|p2a: I haunt and taunt|Gengar-Mega, L50, F|17\/136
|switch|p1a: Garchomp|Garchomp, L50, M|184\/184
|switch|p2b: I stall and waterf|Azumarill, L50, M|28\/207
|turn|6
|c|âFIREEEE|well done
|
|move|p2a: I haunt and taunt|Shadow Ball|p1a: Garchomp
|-damage|p1a: Garchomp|96\/184
|move|p1a: Garchomp|Earthquake|p2b: I stall and waterf
|-immune|p1b: Charizard|[msg]
|-supereffective|p2a: I haunt and taunt
|-damage|p2a: I haunt and taunt|0 fnt
|-damage|p2b: I stall and waterf|0 fnt
|faint|p2a: I haunt and taunt
|faint|p2b: I stall and waterf
|
|win|Sweet & Juicy
|raw|Ladder updating...
|leave|FIREEEE
|raw|Sweet &amp; Juicy's rating: 1224 &rarr; <strong>1248<\/strong><br \/>(+24 for winning)
|raw|FIREEEE's rating: 1208 &rarr; <strong>1184<\/strong><br \/>(-24 for losing)
|player|p2