|join|FIREEEE
|join|good effort1
|player|p1|FIREEEE|23
|player|p2|good effort1|101
|gametype|singles
|gen|6
|tier|OU
|rated
|clearpoke
|poke|p1|Pinsir, M
|poke|p1|Excadrill, M
|poke|p1|Tyranitar, M
|poke|p1|Rotom-Wash
|poke|p1|Mew
|poke|p1|Landorus-Therian, M
|poke|p2|Politoed, M
|poke|p2|Kingdra, M
|poke|p2|Kabutops, M
|poke|p2|Ferrothorn, F
|poke|p2|Heracross, F
|poke|p2|Landorus-Therian, M
|rule|Swagger Clause: Swagger is banned
|rule|Baton Pass Clause: Limit one PokÃ©mon knowing Baton Pass
|rule|Sleep Clause Mod: Limit one foe put to sleep
|rule|Species Clause: Limit one of each PokÃ©mon
|rule|OHKO Clause: OHKO moves are banned
|rule|Moody Clause: Moody is banned
|rule|Evasion Moves Clause: Evasion moves are banned
|rule|Endless Battle Clause: Forcing endless battles is banned
|rule|HP Percentage Mod: HP is shown in percentages
|teampreview
|
|start
|switch|p1a: I stall and wall|Rotom-Wash|242\/242
|switch|p2a: Landorus-Therian|Landorus-Therian, M|319\/319
|-ability|p2a: Landorus-Therian|Intimidate|[of] p1a: I stall and wall
|-unboost|p1a: I stall and wall|atk|1
|turn|1
|
|move|p2a: Landorus-Therian|U-turn|p1a: I stall and wall
|-crit|p1a: I stall and wall
|-damage|p1a: I stall and wall|105\/242
|
|switch|p2a: Ferrothorn|Ferrothorn, F|351\/351
|move|p1a: I stall and wall|Hydro Pump|p2a: Ferrothorn|[miss]
|-miss|p1a: I stall and wall|p2a: Ferrothorn
|
|turn|2
|
|switch|p1a: I vex and hax|Mew|404\/404
|move|p2a: Ferrothorn|Stealth Rock|p1a: I vex and hax
|-sidestart|p1: FIREEEE|move: Stealth Rock
|
|turn|3
|
|switch|p1a: I stall and wall|Rotom-Wash|105\/242
|-damage|p1a: I stall and wall|75\/242|[from] Stealth Rock
|move|p2a: Ferrothorn|Knock Off|p1a: I stall and wall
|-damage|p1a: I stall and wall|0 fnt
|-enditem|p1a: I stall and wall|Choice Specs|[from] move: Knock Off|[of] p2a: Ferrothorn
|faint|p1a: I stall and wall
|
|
|switch|p1a: I bite and fight|Pinsir, M|271\/271
|-damage|p1a: I bite and fight|204\/271|[from] Stealth Rock
|turn|4
|
|detailschange|p1a: I bite and fight|Pinsir-Mega, M
|message|Pinsir has Mega Evolved into Mega Pinsir!
|move|p1a: I bite and fight|Frustration|p2a: Ferrothorn
|-damage|p2a: Ferrothorn|176\/351
|-damage|p1a: I bite and fight|171\/271|[from] ability: Iron Barbs|[of] p2a: Ferrothorn
|move|p2a: Ferrothorn|Gyro Ball|p1a: I bite and fight
|-damage|p1a: I bite and fight|38\/271
|
|-heal|p2a: Ferrothorn|197\/351|[from] item: Leftovers
|turn|5
|
|switch|p2a: Landorus-Therian|Landorus-Therian, M|319\/319
|-ability|p2a: Landorus-Therian|Intimidate|[of] p1a: I bite and fight
|-unboost|p1a: I bite and fight|atk|1
|move|p1a: I bite and fight|Close Combat|p2a: Landorus-Therian
|-resisted|p2a: Landorus-Therian
|-damage|p2a: Landorus-Therian|265\/319
|-unboost|p1a: I bite and fight|def|1
|-unboost|p1a: I bite and fight|spd|1
|
|turn|6
|
|move|p2a: Landorus-Therian|Knock Off|p1a: I bite and fight
|-damage|p1a: I bite and fight|0 fnt
|faint|p1a: I bite and fight
|
|
|switch|p1a: I punch and crunch|Tyranitar, M|341\/341
|-damage|p1a: I punch and crunch|299\/341|[from] Stealth Rock
|-weather|Sandstorm
|turn|7
|
|switch|p2a: Heracross|Heracross, F|301\/301
|move|p1a: I punch and crunch|Crunch|p2a: Heracross
|-resisted|p2a: Heracross
|-damage|p2a: Heracross|214\/301
|
|-weather|Sandstorm|[upkeep]
|-damage|p2a: Heracross|196\/301|[from] sandstorm
|turn|8
|
|detailschange|p2a: Heracross|Heracross-Mega, F
|message|Heracross has Mega Evolved into Mega Heracross!
|move|p1a: I punch and crunch|Crunch|p2a: Heracross
|-resisted|p2a: Heracross
|-damage|p2a: Heracross|127\/301
|move|p2a: Heracross|Pin Missile|p1a: I punch and crunch
|-supereffective|p1a: I punch and crunch
|-damage|p1a: I punch and crunch|189\/341
|-supereffective|p1a: I punch and crunch
|-damage|p1a: I punch and crunch|81\/341
|-supereffective|p1a: I punch and crunch
|-damage|p1a: I punch and crunch|0 fnt
|-hitcount|p1a: I punch and crunch|3
|faint|p1a: I punch and crunch
|
|-weather|Sandstorm|[upkeep]
|-damage|p2a: Heracross|109\/301|[from] sandstorm
|
|switch|p1a: I chip and rip|Landorus-Therian, M|344\/344
|-damage|p1a: I chip and rip|301\/344|[from] Stealth Rock
|-ability|p1a: I chip and rip|Intimidate|[of] p2a: Heracross
|-unboost|p2a: Heracross|atk|1
|turn|9
|
|switch|p2a: Politoed|Politoed, M|384\/384
|-weather|RainDance
|move|p1a: I chip and rip|Earthquake|p2a: Politoed
|-damage|p2a: Politoed|149\/384
|
|-weather|RainDance|[upkeep]
|turn|10
|
|switch|p2a: Landorus-Therian|Landorus-Therian, M|265\/319
|-ability|p2a: Landorus-Therian|Intimidate|[of] p1a: I chip and rip
|-unboost|p1a: I chip and rip|atk|1
|move|p1a: I chip and rip|Earthquake|p2a: Landorus-Therian
|-immune|p2a: Landorus-Therian|[msg]
|
|-weather|RainDance|[upkeep]
|turn|11
|
|move|p2a: Landorus-Therian|Knock Off|p1a: I chip and rip
|-damage|p1a: I chip and rip|162\/344
|-enditem|p1a: I chip and rip|Choice Scarf|[from] move: Knock Off|[of] p2a: Landorus-Therian
|move|p1a: I chip and rip|Earthquake|p2a: Landorus-Therian
|-immune|p2a: Landorus-Therian|[msg]
|
|-weather|RainDance|[upkeep]
|turn|12
|
|switch|p2a: Ferrothorn|Ferrothorn, F|197\/351
|move|p1a: I chip and rip|Stealth Rock|p2a: Ferrothorn
|-sidestart|p2: good effort1|move: Stealth Rock
|
|-weather|RainDance|[upkeep]
|-heal|p2a: Ferrothorn|218\/351|[from] item: Leftovers
|turn|13
|
|move|p1a: I chip and rip|Knock Off|p2a: Ferrothorn
|-crit|p2a: Ferrothorn
|-damage|p2a: Ferrothorn|95\/351
|-damage|p1a: I chip and rip|119\/344|[from] ability: Iron Barbs|[of] p2a: Ferrothorn
|-enditem|p2a: Ferrothorn|Leftovers|[from] move: Knock Off|[of] p1a: I chip and rip
|move|p2a: Ferrothorn|Leech Seed|p1a: I chip and rip
|-start|p1a: I chip and rip|move: Leech Seed
|
|-weather|RainDance|[upkeep]
|-damage|p1a: I chip and rip|76\/344|[from] Leech Seed|[of] p2a: Ferrothorn
|-heal|p2a: Ferrothorn|138\/351|[silent]
|turn|14
|
|switch|p2a: Landorus-Therian|Landorus-Therian, M|265\/319
|-damage|p2a: Landorus-Therian|226\/319|[from] Stealth Rock
|-ability|p2a: Landorus-Therian|Intimidate|[of] p1a: I chip and rip
|-unboost|p1a: I chip and rip|atk|1
|move|p1a: I chip and rip|Earthquake|p2a: Landorus-Therian
|-immune|p2a: Landorus-Therian|[msg]
|
|-weather|RainDance|[upkeep]
|-damage|p1a: I chip and rip|33\/344|[from] Leech Seed|[of] p2a: Landorus-Therian
|-heal|p2a: Landorus-Therian|269\/319|[silent]
|turn|15
|
|move|p2a: Landorus-Therian|U-turn|p1a: I chip and rip
|-resisted|p1a: I chip and rip
|-damage|p1a: I chip and rip|0 fnt
|faint|p1a: I chip and rip
|
|switch|p2a: Kingdra|Kingdra, M|291\/291
|-damage|p2a: Kingdra|255\/291|[from] Stealth Rock
|
|-weather|RainDance|[upkeep]
|c|âFIREEEE|well done
|
|switch|p1a: I vex and hax|Mew|404\/404
|-damage|p1a: I vex and hax|354\/404|[from] Stealth Rock
|turn|16
|c|âgood effort1|thanks, still kinda new with this team tho ._.
|
|move|p2a: Kingdra|Scald|p1a: I vex and hax
|-crit|p1a: I vex and hax
|-damage|p1a: I vex and hax|0 fnt
|faint|p1a: I vex and hax
|
|-weather|none
|-message|FIREEEE forfeited.
|
|win|good effort1
|raw|Ladder updating...
|leave|FIREEEE
|player|p1
|raw|FIREEEE's rating: 1675 &rarr; <strong>1655<\/strong><br \/>(-20 for losing)
|raw|good effort1's rating: 1685 &rarr; <strong>1704<\/strong><br \/>(+19 for winning)