|join|LT2G boudouche
|join|FIREEEE
|player|p1|LT2G boudouche|179
|player|p2|FIREEEE|23
|gametype|singles
|gen|6
|tier|OU
|rated
|clearpoke
|poke|p1|Garchomp, F
|poke|p1|Greninja, F
|poke|p1|Scizor, F
|poke|p1|Bisharp, F
|poke|p1|Latios, M
|poke|p1|Landorus-Therian, M
|poke|p2|Charizard, F
|poke|p2|Excadrill, M
|poke|p2|Tyranitar, F
|poke|p2|Rotom-Wash
|poke|p2|Mew
|poke|p2|Landorus-Therian, M
|rule|Swagger Clause: Swagger is banned
|rule|Baton Pass Clause: Limit one PokÃ©mon knowing Baton Pass
|rule|Sleep Clause Mod: Limit one foe put to sleep
|rule|Species Clause: Limit one of each PokÃ©mon
|rule|OHKO Clause: OHKO moves are banned
|rule|Moody Clause: Moody is banned
|rule|Evasion Moves Clause: Evasion moves are banned
|rule|Endless Battle Clause: Forcing endless battles is banned
|rule|HP Percentage Mod: HP is shown in percentages
|teampreview
|
|start
|switch|p1a: Samael|Garchomp, F|357\/357
|switch|p2a: I punch and crunch|Tyranitar, F|341\/341
|-weather|Sandstorm
|turn|1
|
|move|p2a: I punch and crunch|Ice Punch|p1a: Samael
|-supereffective|p1a: Samael
|-enditem|p1a: Samael|Focus Sash
|-damage|p1a: Samael|1\/357
|-damage|p2a: I punch and crunch|299\/341|[from] ability: Rough Skin|[of] p1a: Samael
|-status|p1a: Samael|frz
|cant|p1a: Samael|frz
|
|-weather|Sandstorm|[upkeep]
|turn|2
|c|âFIREEEE|ouch
|c|âLT2G boudouche|lol
|
|switch|p2a: I bite and fight|Landorus-Therian, M|344\/344
|-ability|p2a: I bite and fight|Intimidate|[of] p1a: Samael
|-unboost|p1a: Samael|atk|1
|switch|p1a: Yoshitsune|Bisharp, F|271\/271
|
|-weather|Sandstorm|[upkeep]
|turn|3
|
|move|p2a: I bite and fight|U-turn|p1a: Yoshitsune
|-damage|p1a: Yoshitsune|170\/271
|
|switch|p2a: I chip and rip|Charizard, F|360\/360
|move|p1a: Yoshitsune|Knock Off|p2a: I chip and rip
|-damage|p2a: I chip and rip|211\/360
|-damage|p1a: Yoshitsune|143\/271|[from] item: Life Orb
|
|-weather|Sandstorm|[upkeep]
|-damage|p2a: I chip and rip|189\/360|[from] sandstorm
|turn|4
|
|switch|p1a: Loki|Greninja, F|286\/286
|detailschange|p2a: I chip and rip|Charizard-Mega-X, F
|message|Charizard has Mega Evolved into Mega Charizard!
|move|p2a: I chip and rip|Roost|p2a: I chip and rip
|-heal|p2a: I chip and rip|360\/360
|
|-weather|Sandstorm|[upkeep]
|-damage|p1a: Loki|269\/286|[from] sandstorm
|-damage|p2a: I chip and rip|338\/360|[from] sandstorm
|turn|5
|
|move|p1a: Loki|Spikes|p2a: I chip and rip
|-start|p1a: Loki|typechange|Ground|[from] Protean
|-sidestart|p2: FIREEEE|Spikes
|move|p2a: I chip and rip|Dragon Claw|p1a: Loki
|-damage|p1a: Loki|49\/286
|
|-weather|none
|turn|6
|
|switch|p1a: Samael|Garchomp, F|1\/357 frz
|move|p2a: I chip and rip|Dragon Dance|p2a: I chip and rip
|-boost|p2a: I chip and rip|atk|1
|-boost|p2a: I chip and rip|spe|1
|
|turn|7
|join|LT2B Starmaster
|c|âLT2G boudouche|gg lol ^^
|
|move|p2a: I chip and rip|Dragon Claw|p1a: Samael
|-supereffective|p1a: Samael
|-damage|p1a: Samael|0 fnt
|-damage|p2a: I chip and rip|293\/360|[from] ability: Rough Skin|[of] p1a: Samael
|faint|p1a: Samael
|
|c| LT2B Starmaster|man 
|c|âFIREEEE|gg
|c| LT2B Starmaster|thats retarded
|
|switch|p1a: Wu-Kong|Landorus-Therian, M|325\/325
|-ability|p1a: Wu-Kong|Intimidate|[of] p2a: I chip and rip
|-unboost|p2a: I chip and rip|atk|1
|turn|8
|
|switch|p2a: I bite and fight|Landorus-Therian, M|344\/344
|-ability|p2a: I bite and fight|Intimidate|[of] p1a: Wu-Kong
|-unboost|p1a: Wu-Kong|atk|1
|move|p1a: Wu-Kong|Earthquake|p2a: I bite and fight
|-immune|p2a: I bite and fight|[msg]
|
|turn|9
|c|âFIREEEE|And with gg I mean no gg at all because everything can still happen
|
|switch|p1a: Quetzalcoatl|Latios, M|302\/302
|move|p2a: I bite and fight|Stone Edge|p1a: Quetzalcoatl
|-damage|p1a: Quetzalcoatl|154\/302
|
|turn|10
|c| LT2B Starmaster|man
|c|âFIREEEE|If I miss every single stone edge I'll lose easily
|c| LT2B Starmaster|supposed to click u-turn
|c|âLT2G boudouche|lol
|c| LT2B Starmaster|there
|
|switch|p2a: I punch and crunch|Tyranitar, F|299\/341
|-damage|p2a: I punch and crunch|257\/341|[from] Spikes
|-weather|Sandstorm
|switch|p1a: Metatron|Scizor, F|303\/303
|
|-weather|Sandstorm|[upkeep]
|turn|11
|
|switch|p2a: I bite and fight|Landorus-Therian, M|344\/344
|-ability|p2a: I bite and fight|Intimidate|[of] p1a: Metatron
|-unboost|p1a: Metatron|atk|1
|detailschange|p1a: Metatron|Scizor-Mega, F
|message|Scizor has Mega Evolved into Mega Scizor!
|move|p1a: Metatron|Swords Dance|p1a: Metatron
|-boost|p1a: Metatron|atk|2
|
|-weather|Sandstorm|[upkeep]
|turn|12
|c|âFIREEEE|well fak
|
|move|p2a: I bite and fight|U-turn|p1a: Metatron
|-resisted|p1a: Metatron
|-damage|p1a: Metatron|266\/303
|
|switch|p2a: I vex and hax|Mew|404\/404
|-damage|p2a: I vex and hax|354\/404|[from] Spikes
|move|p1a: Metatron|Swords Dance|p1a: Metatron
|-boost|p1a: Metatron|atk|2
|
|-weather|Sandstorm|[upkeep]
|-damage|p2a: I vex and hax|329\/404|[from] sandstorm
|-heal|p2a: I vex and hax|354\/404|[from] item: Leftovers
|turn|13
|c| LT2B Starmaster|bop
|
|move|p2a: I vex and hax|Will-O-Wisp|p1a: Metatron|[miss]
|-miss|p2a: I vex and hax|p1a: Metatron
|move|p1a: Metatron|Bug Bite|p2a: I vex and hax
|-crit|p2a: I vex and hax
|-supereffective|p2a: I vex and hax
|-damage|p2a: I vex and hax|0 fnt
|faint|p2a: I vex and hax
|
|-weather|Sandstorm|[upkeep]
|c| LT2B Starmaster|ah
|c| LT2B Starmaster|nbd
|c|âFIREEEE|well fuck lol
|
|switch|p2a: I stall and wall|Rotom-Wash|242\/242
|turn|14
|
|move|p2a: I stall and wall|Hidden Power|p1a: Metatron
|-supereffective|p1a: Metatron
|-damage|p1a: Metatron|0 fnt
|faint|p1a: Metatron
|
|-weather|none
|c| LT2B Starmaster|u have
|c| LT2B Starmaster|a zard???
|c|âFIREEEE|hp fire rotom
|c| LT2B Starmaster|LOL
|c|âFIREEEE|yes
|c| LT2B Starmaster|LOL
|c|âFIREEEE|that too
|c|âLT2G boudouche|lol
|c| LT2B Starmaster|LOL
|
|switch|p1a: Quetzalcoatl|Latios, M|154\/302
|turn|15
|c| LT2B Starmaster|man
|
|switch|p2a: I punch and crunch|Tyranitar, F|257\/341
|-damage|p2a: I punch and crunch|215\/341|[from] Spikes
|-weather|Sandstorm
|move|p1a: Quetzalcoatl|Draco Meteor|p2a: I punch and crunch
|-damage|p2a: I punch and crunch|30\/341
|-unboost|p1a: Quetzalcoatl|spa|2
|-damage|p1a: Quetzalcoatl|124\/302|[from] item: Life Orb
|
|-weather|Sandstorm|[upkeep]
|-damage|p1a: Quetzalcoatl|106\/302|[from] sandstorm
|turn|16
|
|move|p2a: I punch and crunch|Ice Punch|p1a: Quetzalcoatl
|-supereffective|p1a: Quetzalcoatl
|-damage|p1a: Quetzalcoatl|0 fnt
|faint|p1a: Quetzalcoatl
|
|-weather|Sandstorm|[upkeep]
|
|switch|p1a: Yoshitsune|Bisharp, F|143\/271
|turn|17
|c| LT2A Starmaster|bop
|
|move|p2a: I punch and crunch|Ice Punch|p1a: Yoshitsune
|-resisted|p1a: Yoshitsune
|-damage|p1a: Yoshitsune|100\/271
|move|p1a: Yoshitsune|Swords Dance|p1a: Yoshitsune
|-boost|p1a: Yoshitsune|atk|2
|
|-weather|Sandstorm|[upkeep]
|turn|18
|c| LT2A Starmaster|ice punch lol
|join|yuy
|c|âFIREEEE|aww no frz you lucky b
|c| LT2A Starmaster|u alrdy froze
|c| LT2A Starmaster|,,,
|
|switch|p2a: I stall and wall|Rotom-Wash|242\/242
|move|p1a: Yoshitsune|Sucker Punch|p2a: I stall and wall
|-fail|p2a: I stall and wall
|
|-weather|Sandstorm|[upkeep]
|-damage|p2a: I stall and wall|227\/242|[from] sandstorm
|turn|19
|c|âFIREEEE|I know
|
|move|p1a: Yoshitsune|Sucker Punch|p2a: I stall and wall
|-fail|p2a: I stall and wall
|move|p2a: I stall and wall|Trick|p1a: Yoshitsune
|-activate|p2a: I stall and wall|move: Trick|[of] p1a: Yoshitsune
|-item|p1a: Yoshitsune|Choice Specs|[from] move: Trick
|-item|p2a: I stall and wall|Life Orb|[from] move: Trick
|
|-weather|none
|turn|20
|c|âFIREEEE|It's a joke you know
|c|âFIREEEE|Those thing people do sometimes
|
|move|p2a: I stall and wall|Volt Switch|p1a: Yoshitsune
|-damage|p1a: Yoshitsune|0 fnt
|-damage|p2a: I stall and wall|203\/242|[from] item: Life Orb
|faint|p1a: Yoshitsune
|c| LT2A Starmaster|ik but im just
|c| LT2A Starmaster|saying
|c| LT2A Starmaster|,,,
|join|Disco Girl
|c|âLT2G boudouche|that's retarded as hell
|
|switch|p2a: I chip and rip|Charizard-Mega-X, F|293\/360
|-damage|p2a: I chip and rip|248\/360|[from] Spikes
|
|-message|LT2G boudouche forfeited.
|
|win|FIREEEE
|raw|Ladder updating...
|raw|LT2G boudouche's rating: 1950 &rarr; <strong>1918<\/strong><br \/>(-32 for losing)
|raw|FIREEEE's rating: 1705 &rarr; <strong>1737<\/strong><br \/>(+32 for winning)
|leave|LT2G boudouche
|player|p1
|c|âFIREEEE|Nice and retarded win
|c| LT2A Starmaster|fireee so bad
|leave|Disco Girl
|c|âFIREEEE|ik
|c| LT2A Starmaster|that he won
|c| LT2A Starmaster|hp fire rotom
|c|âFIREEEE|yep
|c| LT2A Starmaster|motm
|c|âFIREEEE|It ohko's ferro and scizor if not spD
|c|âFIREEEE|And it
|c|âFIREEEE|s funny as hell
|join|Disco Girl
|leave|Disco Girl
|join|Jessilina
|leave|Jessilina
|join|Jessilina
|leave|Jessilina