|join|Based Phoenix
|join|FIREEEE
|player|p1|Based Phoenix|190
|player|p2|FIREEEE|23
|gametype|singles
|gen|6
|tier|OU (suspect test)
|rated
|clearpoke
|poke|p1|Landorus-Therian, M
|poke|p1|Keldeo
|poke|p1|Mandibuzz, F, shiny
|poke|p1|Diancie
|poke|p1|Rotom-Wash
|poke|p1|Heatran, F
|poke|p2|Chansey, F
|poke|p2|Scizor, F
|poke|p2|Gliscor, F
|poke|p2|Zapdos
|poke|p2|Slowbro, F
|poke|p2|Heatran, F
|rule|Swagger Clause: Swagger is banned
|rule|Baton Pass Clause: Limit one PokÃ©mon knowing Baton Pass
|rule|Sleep Clause Mod: Limit one foe put to sleep
|rule|Species Clause: Limit one of each PokÃ©mon
|rule|OHKO Clause: OHKO moves are banned
|rule|Moody Clause: Moody is banned
|rule|Evasion Moves Clause: Evasion moves are banned
|rule|Endless Battle Clause: Forcing endless battles is banned
|rule|HP Percentage Mod: HP is shown in percentages
|teampreview
|
|start
|switch|p1a: LG|Rotom-Wash|301\/301
|switch|p2a: Slowbro|Slowbro, F|394\/394
|turn|1
|
|switch|p2a: Chansey|Chansey, F|641\/641
|move|p1a: LG|Volt Switch|p2a: Chansey
|-damage|p2a: Chansey|596\/641
|
|switch|p1a: Pony Boss|Keldeo|323\/323
|
|turn|2
|
|switch|p2a: Slowbro|Slowbro, F|394\/394
|move|p1a: Pony Boss|Substitute|p1a: Pony Boss
|-start|p1a: Pony Boss|Substitute
|-damage|p1a: Pony Boss|243\/323
|
|-heal|p1a: Pony Boss|263\/323|[from] item: Leftovers
|turn|3
|
|move|p1a: Pony Boss|Scald|p2a: Slowbro
|-resisted|p2a: Slowbro
|-damage|p2a: Slowbro|305\/394
|move|p2a: Slowbro|Scald|p1a: Pony Boss
|-resisted|p1a: Pony Boss
|-activate|p1a: Pony Boss|Substitute|[damage]
|
|-heal|p1a: Pony Boss|283\/323|[from] item: Leftovers
|-heal|p2a: Slowbro|329\/394|[from] item: Leftovers
|turn|4
|
|move|p1a: Pony Boss|Scald|p2a: Slowbro
|-crit|p2a: Slowbro
|-resisted|p2a: Slowbro
|-damage|p2a: Slowbro|211\/394
|move|p2a: Slowbro|Scald|p1a: Pony Boss
|-resisted|p1a: Pony Boss
|-end|p1a: Pony Boss|Substitute
|
|-heal|p1a: Pony Boss|303\/323|[from] item: Leftovers
|-heal|p2a: Slowbro|235\/394|[from] item: Leftovers
|turn|5
|
|switch|p2a: Zapdos|Zapdos|384\/384
|-ability|p2a: Zapdos|Pressure
|move|p1a: Pony Boss|Substitute|p1a: Pony Boss
|-start|p1a: Pony Boss|Substitute
|-damage|p1a: Pony Boss|223\/323
|
|-heal|p1a: Pony Boss|243\/323|[from] item: Leftovers
|turn|6
|
|move|p1a: Pony Boss|Scald|p2a: Zapdos
|-crit|p2a: Zapdos
|-damage|p2a: Zapdos|144\/384
|move|p2a: Zapdos|Thunderbolt|p1a: Pony Boss
|-supereffective|p1a: Pony Boss
|-end|p1a: Pony Boss|Substitute
|
|-heal|p1a: Pony Boss|263\/323|[from] item: Leftovers
|-heal|p2a: Zapdos|168\/384|[from] item: Leftovers
|turn|7
|
|switch|p1a: Bird Counter|Heatran, F|367\/367
|move|p2a: Zapdos|Thunderbolt|p1a: Bird Counter
|-damage|p1a: Bird Counter|259\/367
|
|-heal|p2a: Zapdos|192\/384|[from] item: Leftovers
|-heal|p1a: Bird Counter|281\/367|[from] item: Leftovers
|turn|8
|
|move|p2a: Zapdos|Roost|p2a: Zapdos
|-heal|p2a: Zapdos|384\/384
|move|p1a: Bird Counter|Stealth Rock|p2a: Zapdos
|-sidestart|p2: FIREEEE|move: Stealth Rock
|
|-heal|p1a: Bird Counter|303\/367|[from] item: Leftovers
|turn|9
|
|move|p2a: Zapdos|Defog|p1a: Bird Counter
|-unboost|p1a: Bird Counter|evasion|1
|-sideend|p2: FIREEEE|Stealth Rock|[from] move: Defog|[of] p2a: Zapdos
|move|p1a: Bird Counter|Lava Plume|p2a: Zapdos
|-damage|p2a: Zapdos|249\/384
|-status|p2a: Zapdos|brn
|
|-heal|p2a: Zapdos|273\/384 brn|[from] item: Leftovers
|-heal|p1a: Bird Counter|325\/367|[from] item: Leftovers
|-damage|p2a: Zapdos|225\/384 brn|[from] brn
|turn|10
|
|switch|p2a: Chansey|Chansey, F|596\/641
|move|p1a: Bird Counter|Stealth Rock|p2a: Chansey
|-sidestart|p2: FIREEEE|move: Stealth Rock
|
|-heal|p1a: Bird Counter|347\/367|[from] item: Leftovers
|turn|11
|
|switch|p1a: LG|Rotom-Wash|301\/301
|move|p2a: Chansey|Stealth Rock|p1a: LG
|-sidestart|p1: Based Phoenix|move: Stealth Rock
|
|turn|12
|
|switch|p2a: Scizor|Scizor, F|338\/338
|-damage|p2a: Scizor|296\/338|[from] Stealth Rock
|move|p1a: LG|Will-O-Wisp|p2a: Scizor|[miss]
|-miss|p1a: LG|p2a: Scizor
|
|turn|13
|
|switch|p2a: Chansey|Chansey, F|596\/641
|-damage|p2a: Chansey|516\/641|[from] Stealth Rock
|move|p1a: LG|Volt Switch|p2a: Chansey
|-damage|p2a: Chansey|473\/641
|
|switch|p1a: Destruction|Landorus-Therian, M|319\/319
|-damage|p1a: Destruction|280\/319|[from] Stealth Rock
|-ability|p1a: Destruction|Intimidate|[of] p2a: Chansey
|-unboost|p2a: Chansey|atk|1
|
|turn|14
|
|move|p1a: Destruction|U-turn|p2a: Chansey
|-damage|p2a: Chansey|349\/641
|
|switch|p1a: Bird Counter|Heatran, F|347\/367
|-damage|p1a: Bird Counter|302\/367|[from] Stealth Rock
|move|p2a: Chansey|Soft-Boiled|p2a: Chansey
|-heal|p2a: Chansey|641\/641
|
|-heal|p1a: Bird Counter|324\/367|[from] item: Leftovers
|turn|15
|
|move|p2a: Chansey|Heal Bell|p2a: Chansey
|-cureteam|p2a: Chansey|[from] move: HealBell
|move|p1a: Bird Counter|Roar|p2a: Chansey
|drag|p2a: Scizor|Scizor, F|296\/338
|-damage|p2a: Scizor|254\/338|[from] Stealth Rock
|
|-heal|p1a: Bird Counter|346\/367|[from] item: Leftovers
|turn|16
|
|switch|p2a: Chansey|Chansey, F|641\/641
|-damage|p2a: Chansey|561\/641|[from] Stealth Rock
|move|p1a: Bird Counter|Lava Plume|p2a: Chansey
|-damage|p2a: Chansey|509\/641
|
|-heal|p1a: Bird Counter|367\/367|[from] item: Leftovers
|turn|17
|
|switch|p1a: Pony Boss|Keldeo|263\/323
|-damage|p1a: Pony Boss|243\/323|[from] Stealth Rock
|move|p2a: Chansey|Seismic Toss|p1a: Pony Boss
|-damage|p1a: Pony Boss|143\/323
|
|-heal|p1a: Pony Boss|163\/323|[from] item: Leftovers
|turn|18
|
|move|p1a: Pony Boss|Secret Sword|p2a: Chansey
|-supereffective|p2a: Chansey
|-damage|p2a: Chansey|105\/641
|move|p2a: Chansey|Seismic Toss|p1a: Pony Boss
|-damage|p1a: Pony Boss|63\/323
|
|-heal|p1a: Pony Boss|83\/323|[from] item: Leftovers
|turn|19
|
|move|p1a: Pony Boss|Secret Sword|p2a: Chansey
|-supereffective|p2a: Chansey
|-damage|p2a: Chansey|0 fnt
|faint|p2a: Chansey
|
|-heal|p1a: Pony Boss|103\/323|[from] item: Leftovers
|
|switch|p2a: Slowbro|Slowbro, F|366\/394
|-damage|p2a: Slowbro|317\/394|[from] Stealth Rock
|turn|20
|
|switch|p1a: LG|Rotom-Wash|301\/301
|-damage|p1a: LG|264\/301|[from] Stealth Rock
|move|p2a: Slowbro|Scald|p1a: LG
|-resisted|p1a: LG
|-damage|p1a: LG|223\/301
|
|-heal|p1a: LG|241\/301|[from] item: Leftovers
|-heal|p2a: Slowbro|341\/394|[from] item: Leftovers
|turn|21
|
|move|p1a: LG|Will-O-Wisp|p2a: Slowbro
|-status|p2a: Slowbro|brn
|move|p2a: Slowbro|Toxic|p1a: LG
|-status|p1a: LG|tox
|
|-heal|p1a: LG|259\/301 tox|[from] item: Leftovers
|-heal|p2a: Slowbro|365\/394 brn|[from] item: Leftovers
|-damage|p1a: LG|241\/301 tox|[from] psn
|-damage|p2a: Slowbro|316\/394 brn|[from] brn
|turn|22
|
|switch|p2a: Gliscor|Gliscor, F|354\/354
|-damage|p2a: Gliscor|310\/354|[from] Stealth Rock
|move|p1a: LG|Volt Switch|p2a: Gliscor
|-immune|p2a: Gliscor|[msg]
|
|-heal|p1a: LG|259\/301 tox|[from] item: Leftovers
|-damage|p1a: LG|223\/301 tox|[from] psn
|-status|p2a: Gliscor|tox|[from] item: Toxic Orb
|turn|23
|
|move|p2a: Gliscor|Substitute|p2a: Gliscor
|-start|p2a: Gliscor|Substitute
|-damage|p2a: Gliscor|222\/354 tox
|move|p1a: LG|Hydro Pump|p2a: Gliscor
|-supereffective|p2a: Gliscor
|-end|p2a: Gliscor|Substitute
|
|-heal|p1a: LG|241\/301 tox|[from] item: Leftovers
|-heal|p2a: Gliscor|266\/354 tox|[from] ability: Poison Heal
|-damage|p1a: LG|187\/301 tox|[from] psn
|turn|24
|
|move|p2a: Gliscor|Substitute|p2a: Gliscor
|-start|p2a: Gliscor|Substitute
|-damage|p2a: Gliscor|178\/354 tox
|move|p1a: LG|Hydro Pump|p2a: Gliscor
|-supereffective|p2a: Gliscor
|-end|p2a: Gliscor|Substitute
|
|-heal|p1a: LG|205\/301 tox|[from] item: Leftovers
|-heal|p2a: Gliscor|222\/354 tox|[from] ability: Poison Heal
|-damage|p1a: LG|133\/301 tox|[from] psn
|turn|25
|
|move|p2a: Gliscor|Substitute|p2a: Gliscor
|-start|p2a: Gliscor|Substitute
|-damage|p2a: Gliscor|134\/354 tox
|move|p1a: LG|Hydro Pump|p2a: Gliscor
|-supereffective|p2a: Gliscor
|-end|p2a: Gliscor|Substitute
|
|-heal|p1a: LG|151\/301 tox|[from] item: Leftovers
|-heal|p2a: Gliscor|178\/354 tox|[from] ability: Poison Heal
|-damage|p1a: LG|61\/301 tox|[from] psn
|turn|26
|
|move|p2a: Gliscor|Protect|p2a: Gliscor
|-singleturn|p2a: Gliscor|Protect
|move|p1a: LG|Hydro Pump|p2a: Gliscor
|-activate|p2a: Gliscor|Protect
|
|-heal|p1a: LG|79\/301 tox|[from] item: Leftovers
|-heal|p2a: Gliscor|222\/354 tox|[from] ability: Poison Heal
|-damage|p1a: LG|0 fnt|[from] psn
|faint|p1a: LG
|
|switch|p1a: Pony Boss|Keldeo|103\/323
|-damage|p1a: Pony Boss|83\/323|[from] Stealth Rock
|turn|27
|
|switch|p2a: Slowbro|Slowbro, F|394\/394 brn
|-damage|p2a: Slowbro|345\/394 brn|[from] Stealth Rock
|move|p1a: Pony Boss|Substitute|p1a: Pony Boss
|-start|p1a: Pony Boss|Substitute
|-damage|p1a: Pony Boss|3\/323
|
|-heal|p1a: Pony Boss|23\/323|[from] item: Leftovers
|-heal|p2a: Slowbro|369\/394 brn|[from] item: Leftovers
|-damage|p2a: Slowbro|320\/394 brn|[from] brn
|turn|28
|
|move|p1a: Pony Boss|Scald|p2a: Slowbro
|-resisted|p2a: Slowbro
|-damage|p2a: Slowbro|236\/394 brn
|move|p2a: Slowbro|Scald|p1a: Pony Boss
|-resisted|p1a: Pony Boss
|-activate|p1a: Pony Boss|Substitute|[damage]
|
|-heal|p1a: Pony Boss|43\/323|[from] item: Leftovers
|-heal|p2a: Slowbro|260\/394 brn|[from] item: Leftovers
|-damage|p2a: Slowbro|211\/394 brn|[from] brn
|turn|29
|
|move|p1a: Pony Boss|Scald|p2a: Slowbro
|-crit|p2a: Slowbro
|-resisted|p2a: Slowbro
|-damage|p2a: Slowbro|72\/394 brn
|move|p2a: Slowbro|Slack Off|p2a: Slowbro
|-heal|p2a: Slowbro|269\/394 brn
|
|-heal|p1a: Pony Boss|63\/323|[from] item: Leftovers
|-heal|p2a: Slowbro|293\/394 brn|[from] item: Leftovers
|-damage|p2a: Slowbro|244\/394 brn|[from] brn
|turn|30
|
|move|p1a: Pony Boss|Scald|p2a: Slowbro
|-resisted|p2a: Slowbro
|-damage|p2a: Slowbro|157\/394 brn
|move|p2a: Slowbro|Slack Off|p2a: Slowbro
|-heal|p2a: Slowbro|354\/394 brn
|
|-heal|p1a: Pony Boss|83\/323|[from] item: Leftovers
|-heal|p2a: Slowbro|378\/394 brn|[from] item: Leftovers
|-damage|p2a: Slowbro|329\/394 brn|[from] brn
|turn|31
|
|move|p1a: Pony Boss|Scald|p2a: Slowbro
|-resisted|p2a: Slowbro
|-damage|p2a: Slowbro|250\/394 brn
|move|p2a: Slowbro|Scald|p1a: Pony Boss
|-resisted|p1a: Pony Boss
|-end|p1a: Pony Boss|Substitute
|
|-heal|p1a: Pony Boss|103\/323|[from] item: Leftovers
|-heal|p2a: Slowbro|274\/394 brn|[from] item: Leftovers
|-damage|p2a: Slowbro|225\/394 brn|[from] brn
|turn|32
|
|move|p1a: Pony Boss|Substitute|p1a: Pony Boss
|-start|p1a: Pony Boss|Substitute
|-damage|p1a: Pony Boss|23\/323
|move|p2a: Slowbro|Slack Off|p2a: Slowbro
|-heal|p2a: Slowbro|394\/394 brn
|
|-heal|p1a: Pony Boss|43\/323|[from] item: Leftovers
|-damage|p2a: Slowbro|345\/394 brn|[from] brn
|turn|33
|
|move|p1a: Pony Boss|Calm Mind|p1a: Pony Boss
|-boost|p1a: Pony Boss|spa|1
|-boost|p1a: Pony Boss|spd|1
|move|p2a: Slowbro|Scald|p1a: Pony Boss
|-resisted|p1a: Pony Boss
|-activate|p1a: Pony Boss|Substitute|[damage]
|
|-heal|p1a: Pony Boss|63\/323|[from] item: Leftovers
|-heal|p2a: Slowbro|369\/394 brn|[from] item: Leftovers
|-damage|p2a: Slowbro|320\/394 brn|[from] brn
|turn|34
|
|move|p1a: Pony Boss|Scald|p2a: Slowbro
|-resisted|p2a: Slowbro
|-damage|p2a: Slowbro|193\/394 brn
|move|p2a: Slowbro|Scald|p1a: Pony Boss
|-resisted|p1a: Pony Boss
|-activate|p1a: Pony Boss|Substitute|[damage]
|
|-heal|p1a: Pony Boss|83\/323|[from] item: Leftovers
|-heal|p2a: Slowbro|217\/394 brn|[from] item: Leftovers
|-damage|p2a: Slowbro|168\/394 brn|[from] brn
|turn|35
|
|move|p1a: Pony Boss|Scald|p2a: Slowbro
|-resisted|p2a: Slowbro
|-damage|p2a: Slowbro|39\/394 brn
|move|p2a: Slowbro|Scald|p1a: Pony Boss
|-resisted|p1a: Pony Boss
|-end|p1a: Pony Boss|Substitute
|
|-heal|p1a: Pony Boss|103\/323|[from] item: Leftovers
|-heal|p2a: Slowbro|63\/394 brn|[from] item: Leftovers
|-damage|p2a: Slowbro|14\/394 brn|[from] brn
|turn|36
|
|move|p1a: Pony Boss|Substitute|p1a: Pony Boss
|-start|p1a: Pony Boss|Substitute
|-damage|p1a: Pony Boss|23\/323
|move|p2a: Slowbro|Scald|p1a: Pony Boss
|-resisted|p1a: Pony Boss
|-activate|p1a: Pony Boss|Substitute|[damage]
|
|-heal|p1a: Pony Boss|43\/323|[from] item: Leftovers
|-heal|p2a: Slowbro|38\/394 brn|[from] item: Leftovers
|-damage|p2a: Slowbro|0 fnt|[from] brn
|faint|p2a: Slowbro
|
|switch|p2a: Zapdos|Zapdos|225\/384
|-damage|p2a: Zapdos|129\/384|[from] Stealth Rock
|-ability|p2a: Zapdos|Pressure
|turn|37
|
|move|p1a: Pony Boss|Scald|p2a: Zapdos
|-damage|p2a: Zapdos|0 fnt
|faint|p2a: Zapdos
|
|-heal|p1a: Pony Boss|63\/323|[from] item: Leftovers
|
|switch|p2a: Heatran|Heatran, F|386\/386
|-damage|p2a: Heatran|338\/386|[from] Stealth Rock
|turn|38
|
|move|p1a: Pony Boss|Secret Sword|p2a: Heatran
|-supereffective|p2a: Heatran
|-damage|p2a: Heatran|0 fnt
|faint|p2a: Heatran
|
|-heal|p1a: Pony Boss|83\/323|[from] item: Leftovers
|c|âFIREEEE|gg
|
|switch|p2a: Gliscor|Gliscor, F|222\/354 tox
|-damage|p2a: Gliscor|178\/354 tox|[from] Stealth Rock
|turn|39
|c|âBased Phoenix|gg
|
|move|p1a: Pony Boss|Scald|p2a: Gliscor
|-supereffective|p2a: Gliscor
|-damage|p2a: Gliscor|0 fnt
|faint|p2a: Gliscor
|
|-heal|p1a: Pony Boss|103\/323|[from] item: Leftovers
|-message|FIREEEE forfeited.
|leave|FIREEEE
|
|win|Based Phoenix
|raw|Ladder updating...
|player|p2
|raw|Based Phoenix's rating: 1421 &rarr; <strong>1440<\/strong><br \/>(+19 for winning)
|raw|FIREEEE's rating: 1402 &rarr; <strong>1383<\/strong><br \/>(-19 for losing)