|join|FIREEEE
|join|SpaceTest 9
|player|p1|FIREEEE|23
|player|p2|SpaceTest 9|165
|gametype|doubles
|gen|6
|tier|Smogon Doubles
|rated
|clearpoke
|poke|p1|Venusaur, M
|poke|p1|Gengar, F
|poke|p1|Rotom-Wash
|poke|p1|Landorus-Therian, M
|poke|p1|Heatran, F
|poke|p1|Sylveon, M
|poke|p2|Cresselia, F
|poke|p2|Abomasnow, F
|poke|p2|Talonflame, M
|poke|p2|Chandelure, F, shiny
|poke|p2|Rotom-Wash
|poke|p2|Scrafty, F
|rule|Species Clause: Limit one of each PokÃ©mon
|rule|OHKO Clause: OHKO moves are banned
|rule|Moody Clause: Moody is banned
|rule|Evasion Abilities Clause: Evasion abilities are banned
|rule|Evasion Moves Clause: Evasion moves are banned
|rule|Endless Battle Clause: Forcing endless battles is banned
|rule|HP Percentage Mod: HP is shown in percentages
|teampreview
|
|start
|switch|p1a: I block and rock|Gengar, F|261\/261
|switch|p1b: I lag and quack|Rotom-Wash|304\/304
|switch|p2a: Morbo|Scrafty, F|331\/331
|switch|p2b: Flexo|Chandelure, F, shiny|324\/324
|-ability|p2a: Morbo|Intimidate|[of] p1a: I block and rock
|-unboost|p1a: I block and rock|atk|1
|-ability|p2a: Morbo|Intimidate|[of] p1b: I lag and quack
|-unboost|p1b: I lag and quack|atk|1
|turn|1
|
|move|p2a: Morbo|Fake Out|p1b: I lag and quack
|-damage|p1b: I lag and quack|272\/304
|move|p1a: I block and rock|Taunt|p2b: Flexo
|-start|p2b: Flexo|move: Taunt
|cant|p1b: I lag and quack|flinch
|cant|p2b: Flexo|move: Taunt|Trick Room
|
|turn|2
|
|move|p1a: I block and rock|Shadow Ball|p2b: Flexo
|-supereffective|p2b: Flexo
|-enditem|p2b: Flexo|Focus Sash
|-damage|p2b: Flexo|1\/324
|move|p1b: I lag and quack|Will-O-Wisp|p2a: Morbo
|-status|p2a: Morbo|brn
|move|p2b: Flexo|Shadow Ball|p1a: I block and rock
|-supereffective|p1a: I block and rock
|-enditem|p1a: I block and rock|Focus Sash
|-damage|p1a: I block and rock|1\/261
|move|p2a: Morbo|Knock Off|p1b: I lag and quack
|-damage|p1b: I lag and quack|212\/304
|-enditem|p1b: I lag and quack|Sitrus Berry|[from] move: Knock Off|[of] p2a: Morbo
|
|-damage|p2a: Morbo|290\/331 brn|[from] brn
|turn|3
|
|move|p1a: I block and rock|Sludge Bomb|p2b: Flexo
|-resisted|p2b: Flexo
|-damage|p2b: Flexo|0 fnt
|faint|p2b: Flexo
|move|p1b: I lag and quack|Hydro Pump|p2a: Morbo
|-damage|p2a: Morbo|211\/331 brn
|move|p2a: Morbo|Knock Off|p1a: I block and rock
|-crit|p1a: I block and rock
|-supereffective|p1a: I block and rock
|-damage|p1a: I block and rock|0 fnt
|faint|p1a: I block and rock
|
|-damage|p2a: Morbo|170\/331 brn|[from] brn
|
|switch|p2b: The Crushinator|Cresselia, F|444\/444
|switch|p1a: I vex and hax|Heatran, F|386\/386
|-item|p1a: I vex and hax|Air Balloon
|turn|4
|
|move|p1b: I lag and quack|Will-O-Wisp|p2b: The Crushinator
|-status|p2b: The Crushinator|brn
|move|p1a: I vex and hax|Heat Wave|p2b: The Crushinator
|-damage|p2a: Morbo|94\/331 brn
|-damage|p2b: The Crushinator|368\/444 brn
|move|p2a: Morbo|Drain Punch|p1a: I vex and hax
|-supereffective|p1a: I vex and hax
|-damage|p1a: I vex and hax|320\/386
|-heal|p2a: Morbo|127\/331 brn|[from] drain|[of] p1a: I vex and hax
|-enditem|p1a: I vex and hax|Air Balloon
|move|p2b: The Crushinator|Trick Room|p2b: The Crushinator
|-fieldstart|move: Trick Room|[of] p2b: The Crushinator
|
|-damage|p2a: Morbo|86\/331 brn|[from] brn
|-damage|p2b: The Crushinator|313\/444 brn|[from] brn
|turn|5
|
|move|p2b: The Crushinator|Helping Hand|p2a: Morbo
|-singleturn|p2a: Morbo|Helping Hand|[of] p2b: The Crushinator
|move|p2a: Morbo|Drain Punch|p1a: I vex and hax
|-supereffective|p1a: I vex and hax
|-damage|p1a: I vex and hax|222\/386
|-heal|p2a: Morbo|135\/331 brn|[from] drain|[of] p1a: I vex and hax
|move|p1a: I vex and hax|Heat Wave|p2a: Morbo
|-miss|p1a: I vex and hax|p2a: Morbo
|-damage|p2b: The Crushinator|238\/444 brn
|move|p1b: I lag and quack|Pain Split|p2b: The Crushinator
|-sethp|p2b: The Crushinator|225\/444 brn|p1b: I lag and quack|225\/304|[from] move: Pain Split
|
|-damage|p2a: Morbo|94\/331 brn|[from] brn
|-damage|p2b: The Crushinator|170\/444 brn|[from] brn
|turn|6
|
|move|p1a: I vex and hax|Protect|p1a: I vex and hax
|-singleturn|p1a: I vex and hax|Protect
|move|p2a: Morbo|Drain Punch|p1a: I vex and hax
|-activate|p1a: I vex and hax|Protect
|move|p2b: The Crushinator|Moonlight|p2b: The Crushinator
|-heal|p2b: The Crushinator|392\/444 brn
|move|p1b: I lag and quack|Volt Switch|p2a: Morbo
|-crit|p2a: Morbo
|-damage|p2a: Morbo|13\/331 brn
|
|switch|p1b: I chip and rip|Sylveon, M|331\/331
|
|-damage|p2a: Morbo|0 fnt|[from] brn
|-damage|p2b: The Crushinator|337\/444 brn|[from] brn
|faint|p2a: Morbo
|
|switch|p2a: Agnew|Rotom-Wash|304\/304
|turn|7
|
|move|p1a: I vex and hax|Protect|p1a: I vex and hax
|-fail|p1a: I vex and hax
|move|p1b: I chip and rip|Hyper Voice|p2b: The Crushinator
|-damage|p2a: Agnew|144\/304
|-damage|p2b: The Crushinator|175\/444 brn
|-enditem|p2a: Agnew|Sitrus Berry|[eat]
|-heal|p2a: Agnew|220\/304|[from] item: Sitrus Berry
|move|p2b: The Crushinator|Moonlight|p2b: The Crushinator
|-heal|p2b: The Crushinator|397\/444 brn
|move|p2a: Agnew|Hydro Pump|p1a: I vex and hax
|-supereffective|p1a: I vex and hax
|-damage|p1a: I vex and hax|0 fnt
|faint|p1a: I vex and hax
|
|-damage|p2b: The Crushinator|342\/444 brn|[from] brn
|c|âFIREEEE|oh oops I protected last turn
|c|âSpaceTest 9|:\/
|c|âSpaceTest 9|I hate doing that
|
|switch|p1a: I stall and wall|Venusaur, M|301\/301
|turn|8
|
|detailschange|p1a: I stall and wall|Venusaur-Mega, M
|message|Venusaur has Mega Evolved into Mega Venusaur!
|move|p1b: I chip and rip|Hyper Voice|p2a: Agnew
|-damage|p2a: Agnew|58\/304
|-damage|p2b: The Crushinator|203\/444 brn
|move|p2b: The Crushinator|Moonlight|p2b: The Crushinator
|-heal|p2b: The Crushinator|425\/444 brn
|move|p2a: Agnew|Will-O-Wisp|p1a: I stall and wall
|-status|p1a: I stall and wall|brn
|move|p1a: I stall and wall|Sleep Powder|p2a: Agnew|[miss]
|-miss|p1a: I stall and wall|p2a: Agnew
|
|-damage|p2b: The Crushinator|370\/444 brn|[from] brn
|-damage|p1a: I stall and wall|264\/301 brn|[from] brn
|-fieldend|move: Trick Room
|turn|9
|
|move|p1a: I stall and wall|Sleep Powder|p2a: Agnew|[miss]
|-miss|p1a: I stall and wall|p2a: Agnew
|move|p2a: Agnew|Will-O-Wisp|p1b: I chip and rip
|-status|p1b: I chip and rip|brn
|move|p1b: I chip and rip|Hyper Voice|p2a: Agnew
|-damage|p2a: Agnew|0 fnt
|-damage|p2b: The Crushinator|217\/444 brn
|faint|p2a: Agnew
|move|p2b: The Crushinator|Trick Room|p2b: The Crushinator
|-fieldstart|move: Trick Room|[of] p2b: The Crushinator
|
|-damage|p1b: I chip and rip|290\/331 brn|[from] brn
|-damage|p2b: The Crushinator|162\/444 brn|[from] brn
|-damage|p1a: I stall and wall|227\/301 brn|[from] brn
|
|switch|p2a: Richard Nixon|Talonflame, M|317\/317
|turn|10
|
|switch|p1a: I punch and crunch|Landorus-Therian, M|319\/319
|-ability|p1a: I punch and crunch|Intimidate|[of] p2a: Richard Nixon
|-unboost|p2a: Richard Nixon|atk|1
|-ability|p1a: I punch and crunch|Intimidate|[of] p2b: The Crushinator
|-unboost|p2b: The Crushinator|atk|1
|move|p2a: Richard Nixon|Brave Bird|p1a: I punch and crunch
|-damage|p1a: I punch and crunch|158\/319
|-damage|p2a: Richard Nixon|264\/317|[from] recoil|[of] p1a: I punch and crunch
|-damage|p2a: Richard Nixon|233\/317|[from] item: Life Orb
|move|p1b: I chip and rip|Hyper Voice|p2b: The Crushinator
|-resisted|p2a: Richard Nixon
|-damage|p2a: Richard Nixon|86\/317
|-damage|p2b: The Crushinator|9\/444 brn
|move|p2b: The Crushinator|Moonlight|p2b: The Crushinator
|-heal|p2b: The Crushinator|231\/444 brn
|
|-damage|p1b: I chip and rip|249\/331 brn|[from] brn
|-damage|p2b: The Crushinator|176\/444 brn|[from] brn
|turn|11
|c|âSpaceTest 9|Man cress won't die
|c|âSpaceTest 9|lol
|
|switch|p1a: I lag and quack|Rotom-Wash|225\/304
|move|p2a: Richard Nixon|Brave Bird|p1b: I chip and rip
|-damage|p1b: I chip and rip|107\/331 brn
|-damage|p2a: Richard Nixon|39\/317|[from] recoil|[of] p1b: I chip and rip
|-damage|p2a: Richard Nixon|8\/317|[from] item: Life Orb
|move|p1b: I chip and rip|Hyper Voice|p2b: The Crushinator
|-resisted|p2a: Richard Nixon
|-damage|p2a: Richard Nixon|0 fnt
|-damage|p2b: The Crushinator|25\/444 brn
|faint|p2a: Richard Nixon
|move|p2b: The Crushinator|Moonlight|p2b: The Crushinator
|-heal|p2b: The Crushinator|247\/444 brn
|
|-damage|p1b: I chip and rip|66\/331 brn|[from] brn
|-damage|p2b: The Crushinator|192\/444 brn|[from] brn
|c|âFIREEEE|she will trust me ;]
|
|switch|p2a: DOUBLE YETI|Abomasnow, F|384\/384
|-weather|Hail
|turn|12
|
|detailschange|p2a: DOUBLE YETI|Abomasnow-Mega, F
|message|Abomasnow has Mega Evolved into Mega Abomasnow!
|move|p2a: DOUBLE YETI|Giga Drain|p1a: I lag and quack
|-supereffective|p1a: I lag and quack
|-damage|p1a: I lag and quack|25\/304
|move|p1b: I chip and rip|Hyper Voice|p2b: The Crushinator
|-damage|p2a: DOUBLE YETI|161\/384
|-damage|p2b: The Crushinator|35\/444 brn
|move|p2b: The Crushinator|Moonlight|p2b: The Crushinator
|-heal|p2b: The Crushinator|146\/444 brn
|move|p1a: I lag and quack|Will-O-Wisp|p2a: DOUBLE YETI
|-status|p2a: DOUBLE YETI|brn
|
|-weather|Hail|[upkeep]
|-damage|p1b: I chip and rip|46\/331 brn|[from] hail
|-damage|p1a: I lag and quack|6\/304|[from] hail
|-damage|p2a: DOUBLE YETI|113\/384 brn|[from] brn
|-damage|p1b: I chip and rip|5\/331 brn|[from] brn
|-damage|p2b: The Crushinator|91\/444 brn|[from] brn
|turn|13
|
|move|p2a: DOUBLE YETI|Blizzard|p1a: I lag and quack
|-crit|p1a: I lag and quack
|-resisted|p1a: I lag and quack
|-damage|p1a: I lag and quack|0 fnt
|-damage|p1b: I chip and rip|0 fnt
|faint|p1a: I lag and quack
|faint|p1b: I chip and rip
|move|p2b: The Crushinator|Moonlight|p2b: The Crushinator
|-heal|p2b: The Crushinator|202\/444 brn
|
|-weather|Hail|[upkeep]
|-damage|p2a: DOUBLE YETI|65\/384 brn|[from] brn
|-damage|p2b: The Crushinator|147\/444 brn|[from] brn
|-fieldend|move: Trick Room
|
|switch|p1a: I stall and wall|Venusaur-Mega, M|227\/301 brn
|switch|p1b: I punch and crunch|Landorus-Therian, M|158\/319
|-ability|p1b: I punch and crunch|Intimidate|[of] p2a: DOUBLE YETI
|-unboost|p2a: DOUBLE YETI|atk|1
|-ability|p1b: I punch and crunch|Intimidate|[of] p2b: The Crushinator
|-unboost|p2b: The Crushinator|atk|1
|turn|14
|c|âSpaceTest 9|gg
|c|âFIREEEE|gg
|
|move|p2a: DOUBLE YETI|Protect|p2a: DOUBLE YETI
|-singleturn|p2a: DOUBLE YETI|Protect
|move|p1b: I punch and crunch|U-turn|p2a: DOUBLE YETI
|-activate|p2a: DOUBLE YETI|Protect
|move|p1a: I stall and wall|Sludge Bomb|p2a: DOUBLE YETI
|-activate|p2a: DOUBLE YETI|Protect
|move|p2b: The Crushinator|Trick Room|p2b: The Crushinator
|-fieldstart|move: Trick Room|[of] p2b: The Crushinator
|
|-weather|Hail|[upkeep]
|-damage|p1a: I stall and wall|209\/301 brn|[from] hail
|-damage|p1b: I punch and crunch|139\/319|[from] hail
|-damage|p2a: DOUBLE YETI|17\/384 brn|[from] brn
|-damage|p2b: The Crushinator|92\/444 brn|[from] brn
|-damage|p1a: I stall and wall|172\/301 brn|[from] brn
|turn|15
|
|move|p2a: DOUBLE YETI|Blizzard|p1b: I punch and crunch
|-supereffective|p1a: I stall and wall
|-damage|p1a: I stall and wall|28\/301 brn
|-supereffective|p1b: I punch and crunch
|-damage|p1b: I punch and crunch|0 fnt
|faint|p1b: I punch and crunch
|move|p2b: The Crushinator|Psyshock|p1a: I stall and wall
|-supereffective|p1a: I stall and wall
|-damage|p1a: I stall and wall|0 fnt
|faint|p1a: I stall and wall
|
|win|SpaceTest 9
|raw|Ladder updating...
|raw|FIREEEE's rating: 1269 &rarr; <strong>1250<\/strong><br \/>(-19 for losing)
|raw|SpaceTest 9's rating: 1356 &rarr; <strong>1371<\/strong><br \/>(+15 for winning)
|c|âFIREEEE|oh cress can attack .-.
|c|âSpaceTest 9|So close
|c|âFIREEEE|well done
|c|âFIREEEE|nice
|c|âSpaceTest 9|XD
|c|âSpaceTest 9|gg
|leave|FIREEEE
|player|p1
|c|âSpaceTest 9|Very good