|join|DerpaniteX
|join|deluks917
|player|p1|DerpaniteX|122
|player|p2|deluks917|23
|gametype|singles
|gen|6
|tier|UU
|rated
|rule|Sleep Clause Mod: Limit one foe put to sleep
|rule|Species Clause: Limit one of each PokÃ©mon
|rule|OHKO Clause: OHKO moves are banned
|rule|Moody Clause: Moody is banned
|rule|Evasion Moves Clause: Evasion moves are banned
|rule|Endless Battle Clause: Forcing endless battles is banned
|rule|HP Percentage Mod: HP is shown in percentages
|clearpoke
|poke|p1|Nidoking, M
|poke|p1|Forretress, F, shiny
|poke|p1|Vaporeon, F
|poke|p1|Sceptile, M
|poke|p1|Chandelure, M, shiny
|poke|p1|Mienshao, M, shiny
|poke|p2|Blissey, F
|poke|p2|Spiritomb, M
|poke|p2|Tentacruel, M
|poke|p2|Gligar, M
|poke|p2|Quagsire, M
|poke|p2|Aromatisse, F
|rule|Swagger Clause: Swagger is banned
|rule|Baton Pass Clause: Limit one PokÃ©mon knowing Baton Pass
|teampreview
|
|start
|switch|p1a: Forretress|Forretress, F, shiny|354\/354
|switch|p2a: Gligar|Gligar, M|324\/324
|turn|1
|
|move|p2a: Gligar|Stealth Rock|p1a: Forretress
|-sidestart|p1: DerpaniteX|move: Stealth Rock
|move|p1a: Forretress|Stealth Rock|p2a: Gligar
|-sidestart|p2: deluks917|move: Stealth Rock
|
|turn|2
|join|MouseFrog
|
|switch|p2a: Tentacruel|Tentacruel, M|352\/352
|-damage|p2a: Tentacruel|308\/352|[from] Stealth Rock
|move|p1a: Forretress|Volt Switch|p2a: Tentacruel
|-supereffective|p2a: Tentacruel
|-damage|p2a: Tentacruel|254\/352
|
|switch|p1a: Nidoking|Nidoking, M|303\/303
|-damage|p1a: Nidoking|285\/303|[from] Stealth Rock
|
|-heal|p2a: Tentacruel|276\/352|[from] item: Leftovers
|turn|3
|
|switch|p2a: Blissey|Blissey, F|656\/656
|-damage|p2a: Blissey|574\/656|[from] Stealth Rock
|move|p1a: Nidoking|Earth Power|p2a: Blissey
|-damage|p2a: Blissey|440\/656
|
|-heal|p2a: Blissey|481\/656|[from] item: Leftovers
|turn|4
|join|FS Misfortune
|
|move|p1a: Nidoking|Poison Jab|p2a: Blissey
|-damage|p2a: Blissey|192\/656
|move|p2a: Blissey|Toxic|p1a: Nidoking|[miss]
|-miss|p2a: Blissey|p1a: Nidoking
|
|-heal|p2a: Blissey|233\/656|[from] item: Leftovers
|turn|5
|
|switch|p2a: Quagsire|Quagsire, M|384\/384
|-damage|p2a: Quagsire|360\/384|[from] Stealth Rock
|move|p1a: Nidoking|Poison Jab|p2a: Quagsire
|-resisted|p2a: Quagsire
|-damage|p2a: Quagsire|295\/384
|
|-heal|p2a: Quagsire|319\/384|[from] item: Leftovers
|turn|6
|
|move|p1a: Nidoking|Earth Power|p2a: Quagsire
|-damage|p2a: Quagsire|25\/384
|move|p2a: Quagsire|Earthquake|p1a: Nidoking
|-supereffective|p1a: Nidoking
|-damage|p1a: Nidoking|13\/303
|
|-heal|p2a: Quagsire|49\/384|[from] item: Leftovers
|turn|7
|
|move|p1a: Nidoking|Earth Power|p2a: Quagsire
|-damage|p2a: Quagsire|0 fnt
|faint|p2a: Quagsire
|
|
|switch|p2a: Aromatisse|Aromatisse, F|400\/400
|-damage|p2a: Aromatisse|350\/400|[from] Stealth Rock
|turn|8
|
|move|p2a: Aromatisse|Protect|p2a: Aromatisse
|-singleturn|p2a: Aromatisse|Protect
|move|p1a: Nidoking|Poison Jab|p2a: Aromatisse
|-activate|p2a: Aromatisse|Protect
|
|-heal|p2a: Aromatisse|375\/400|[from] item: Leftovers
|turn|9
|
|switch|p2a: Gligar|Gligar, M|324\/324
|-damage|p2a: Gligar|284\/324|[from] Stealth Rock
|move|p1a: Nidoking|Poison Jab|p2a: Gligar
|-resisted|p2a: Gligar
|-damage|p2a: Gligar|249\/324
|
|turn|10
|
|move|p1a: Nidoking|Ice Beam|p2a: Gligar
|-supereffective|p2a: Gligar
|-damage|p2a: Gligar|0 fnt
|faint|p2a: Gligar
|
|-message|deluks917 forfeited.
|
|win|DerpaniteX
|raw|Ladder updating...
|leave|deluks917
|player|p2