|join|DerpaniteX
|join|Black Salt
|player|p1|DerpaniteX|122
|player|p2|Black Salt|170
|gametype|singles
|gen|6
|tier|UU
|rated
|rule|Sleep Clause Mod: Limit one foe put to sleep
|rule|Species Clause: Limit one of each PokÃ©mon
|rule|OHKO Clause: OHKO moves are banned
|rule|Moody Clause: Moody is banned
|rule|Evasion Moves Clause: Evasion moves are banned
|rule|Endless Battle Clause: Forcing endless battles is banned
|rule|HP Percentage Mod: HP is shown in percentages
|clearpoke
|poke|p1|Crobat, F
|poke|p1|Forretress, F, shiny
|poke|p1|Sceptile, M
|poke|p1|Vaporeon, F
|poke|p1|Chandelure, F, shiny
|poke|p1|Mienshao, M, shiny
|poke|p2|Machamp, M
|poke|p2|Crobat, M
|poke|p2|Jirachi
|poke|p2|Hydreigon, F
|poke|p2|Suicune
|poke|p2|Raikou
|rule|Swagger Clause: Swagger is banned
|rule|Baton Pass Clause: Limit one PokÃ©mon knowing Baton Pass
|teampreview
Black Salt made this room private.
|
|start
|switch|p1a: Crobat|Crobat, F|336\/336
|switch|p2a: Ghidorah|Hydreigon, F|325\/325
|turn|1
|
|switch|p1a: Vaporeon|Vaporeon, F|448\/448
|move|p2a: Ghidorah|Draco Meteor|p1a: Vaporeon
|-damage|p1a: Vaporeon|249\/448
|-unboost|p2a: Ghidorah|spa|2
|
|-heal|p1a: Vaporeon|277\/448|[from] item: Leftovers
|turn|2
|
|switch|p2a: Tiger|Raikou|322\/322
|-ability|p2a: Tiger|Pressure
|move|p1a: Vaporeon|Wish|p1a: Vaporeon
|
|-heal|p1a: Vaporeon|305\/448|[from] item: Leftovers
|turn|3
|
|move|p2a: Tiger|Thunderbolt|p1a: Vaporeon
|-supereffective|p1a: Vaporeon
|-damage|p1a: Vaporeon|63\/448
|move|p1a: Vaporeon|Scald|p2a: Tiger
|-damage|p2a: Tiger|229\/322
|
|-heal|p1a: Vaporeon|287\/448|[from] move: Wish|[wisher] Vaporeon
|-heal|p1a: Vaporeon|315\/448|[from] item: Leftovers
|turn|4
|
|move|p1a: Vaporeon|Protect|p1a: Vaporeon
|-singleturn|p1a: Vaporeon|Protect
|move|p2a: Tiger|Thunderbolt|p1a: Vaporeon
|-activate|p1a: Vaporeon|Protect
|
|-heal|p1a: Vaporeon|343\/448|[from] item: Leftovers
|turn|5
|
|switch|p1a: Sceptile|Sceptile, M|300\/300
|move|p2a: Tiger|Thunderbolt|p1a: Sceptile
|-resisted|p1a: Sceptile
|-damage|p1a: Sceptile|221\/300
|
|turn|6
|
|switch|p2a: Wish Maker|Jirachi|341\/341
|detailschange|p1a: Sceptile|Sceptile-Mega, M
|message|Sceptile has Mega Evolved into Mega Sceptile!
|move|p1a: Sceptile|Hidden Power|p2a: Wish Maker
|-supereffective|p2a: Wish Maker
|-damage|p2a: Wish Maker|183\/341
|
|-heal|p2a: Wish Maker|204\/341|[from] item: Leftovers
|turn|7
|
|switch|p2a: Ghidorah|Hydreigon, F|325\/325
|move|p1a: Sceptile|Hidden Power|p2a: Ghidorah
|-resisted|p2a: Ghidorah
|-damage|p2a: Ghidorah|285\/325
|
|turn|8
|
|move|p1a: Sceptile|Detect|p1a: Sceptile
|-singleturn|p1a: Sceptile|Protect
|move|p2a: Ghidorah|Draco Meteor|p1a: Sceptile
|-activate|p1a: Sceptile|Protect
|
|turn|9
|
|move|p2a: Ghidorah|Draco Meteor|p1a: Sceptile
|-supereffective|p1a: Sceptile
|-damage|p1a: Sceptile|0 fnt
|-unboost|p2a: Ghidorah|spa|2
|faint|p1a: Sceptile
|
|
|switch|p1a: Mienshao|Mienshao, M, shiny|272\/272
|turn|10
|
|switch|p2a: Batman|Crobat, M|374\/374
|move|p1a: Mienshao|Knock Off|p2a: Batman
|-damage|p2a: Batman|244\/374
|-enditem|p2a: Batman|Black Sludge|[from] move: Knock Off|[of] p1a: Mienshao
|
|turn|11
|
|switch|p1a: Forretress|Forretress, F, shiny|354\/354
|move|p2a: Batman|Brave Bird|p1a: Forretress
|-damage|p1a: Forretress|276\/354
|-damage|p2a: Batman|218\/374|[from] recoil|[of] p1a: Forretress
|
|-heal|p1a: Forretress|298\/354|[from] item: Leftovers
|turn|12
|
|move|p2a: Batman|Roost|p2a: Batman
|-heal|p2a: Batman|374\/374
|move|p1a: Forretress|Volt Switch|p2a: Batman
|-damage|p2a: Batman|329\/374
|
|switch|p1a: Vaporeon|Vaporeon, F|343\/448
|
|-heal|p1a: Vaporeon|371\/448|[from] item: Leftovers
|turn|13
|
|switch|p2a: Tiger|Raikou|229\/322
|-ability|p2a: Tiger|Pressure
|move|p1a: Vaporeon|Scald|p2a: Tiger
|-damage|p2a: Tiger|136\/322
|
|-heal|p1a: Vaporeon|399\/448|[from] item: Leftovers
|turn|14
|
|switch|p1a: Mienshao|Mienshao, M, shiny|272\/272
|move|p2a: Tiger|Thunderbolt|p1a: Mienshao
|-crit|p1a: Mienshao
|-damage|p1a: Mienshao|0 fnt
|faint|p1a: Mienshao
|
|
|switch|p1a: Chandelure|Chandelure, F, shiny|289\/289
|turn|15
|
|switch|p2a: Ghidorah|Hydreigon, F|285\/325
|move|p1a: Chandelure|Flamethrower|p2a: Ghidorah
|-resisted|p2a: Ghidorah
|-damage|p2a: Ghidorah|201\/325
|
|turn|16
|
|switch|p1a: Vaporeon|Vaporeon, F|399\/448
|move|p2a: Ghidorah|Dark Pulse|p1a: Vaporeon
|-damage|p1a: Vaporeon|273\/448
|
|-heal|p1a: Vaporeon|301\/448|[from] item: Leftovers
|turn|17
|
|switch|p2a: 6 Hands|Machamp, M|384\/384
|move|p1a: Vaporeon|Wish|p1a: Vaporeon
|
|-heal|p1a: Vaporeon|329\/448|[from] item: Leftovers
|turn|18
|
|move|p1a: Vaporeon|Scald|p2a: 6 Hands
|-damage|p2a: 6 Hands|308\/384
|move|p2a: 6 Hands|Dynamic Punch|p1a: Vaporeon
|-damage|p1a: Vaporeon|85\/448
|-start|p1a: Vaporeon|confusion
|
|-heal|p1a: Vaporeon|309\/448|[from] move: Wish|[wisher] Vaporeon
|-heal|p1a: Vaporeon|337\/448|[from] item: Leftovers
|turn|19
|
|switch|p1a: Forretress|Forretress, F, shiny|298\/354
|move|p2a: 6 Hands|Dynamic Punch|p1a: Forretress
|-damage|p1a: Forretress|172\/354
|-start|p1a: Forretress|confusion
|
|-heal|p1a: Forretress|194\/354|[from] item: Leftovers
|turn|20
|
|switch|p2a: Wish Maker|Jirachi|204\/341
|-activate|p1a: Forretress|confusion
|-damage|p1a: Forretress|177\/354|[from] confusion
|
|-heal|p2a: Wish Maker|225\/341|[from] item: Leftovers
|-heal|p1a: Forretress|199\/354|[from] item: Leftovers
|turn|21
|
|move|p2a: Wish Maker|Fire Punch|p1a: Forretress
|-supereffective|p1a: Forretress
|-damage|p1a: Forretress|19\/354
|-status|p1a: Forretress|brn
|-end|p1a: Forretress|confusion
|move|p1a: Forretress|Stealth Rock|p2a: Wish Maker
|-sidestart|p2: Black Salt|move: Stealth Rock
|
|-heal|p2a: Wish Maker|246\/341|[from] item: Leftovers
|-heal|p1a: Forretress|41\/354 brn|[from] item: Leftovers
|-damage|p1a: Forretress|0 fnt|[from] brn
|faint|p1a: Forretress
|
|switch|p1a: Chandelure|Chandelure, F, shiny|289\/289
|turn|22
|
|switch|p2a: Ghidorah|Hydreigon, F|201\/325
|-damage|p2a: Ghidorah|161\/325|[from] Stealth Rock
|move|p1a: Chandelure|Flamethrower|p2a: Ghidorah
|-resisted|p2a: Ghidorah
|-damage|p2a: Ghidorah|68\/325
|
|turn|23
|
|switch|p1a: Crobat|Crobat, F|336\/336
|move|p2a: Ghidorah|Dark Pulse|p1a: Crobat
|-crit|p1a: Crobat
|-damage|p1a: Crobat|98\/336
|
|-heal|p1a: Crobat|119\/336|[from] item: Black Sludge
|turn|24
|-message|DerpaniteX forfeited.
|
|win|Black Salt
|raw|Ladder updating...
|leave|DerpaniteX
|player|p1
|raw|Ladder (probably) updated, but score could not be retrieved (timeout).
|raw|Ladder (probably) updated, but score could not be retrieved (Error: socket hang up).