|join|DerpaniteX
|join|beancount
|player|p1|DerpaniteX|122
|player|p2|beancount|1
|gametype|singles
|gen|6
|tier|UU
|rated
|rule|Sleep Clause Mod: Limit one foe put to sleep
|rule|Species Clause: Limit one of each PokÃ©mon
|rule|OHKO Clause: OHKO moves are banned
|rule|Moody Clause: Moody is banned
|rule|Evasion Moves Clause: Evasion moves are banned
|rule|Endless Battle Clause: Forcing endless battles is banned
|rule|HP Percentage Mod: HP is shown in percentages
|clearpoke
|poke|p1|Nidoking, M
|poke|p1|Forretress, M, shiny
|poke|p1|Florges, F
|poke|p1|Sceptile, M
|poke|p1|Chandelure, F, shiny
|poke|p1|Mienshao, F, shiny
|poke|p2|Sharpedo, F
|poke|p2|Machamp, F
|poke|p2|Froslass, F
|poke|p2|Swampert, F
|poke|p2|Tornadus, M
|poke|p2|Chandelure, M
|rule|Swagger Clause: Swagger is banned
|rule|Baton Pass Clause: Limit one PokÃ©mon knowing Baton Pass
|teampreview
|
|start
|switch|p1a: Forretress|Forretress, M, shiny|354\/354
|switch|p2a: Froslass|Froslass, F|344\/344
|turn|1
|
|move|p2a: Froslass|Taunt|p1a: Forretress
|-start|p1a: Forretress|move: Taunt
|move|p1a: Forretress|Gyro Ball|p2a: Froslass
|-supereffective|p2a: Froslass
|-enditem|p2a: Froslass|Focus Sash
|-damage|p2a: Froslass|1\/344
|
|turn|2
|
|switch|p1a: Mienshao|Mienshao, F, shiny|271\/271
|move|p2a: Froslass|Destiny Bond|p2a: Froslass
|-singlemove|p2a: Froslass|Destiny Bond
|
|turn|3
beancount made this room private.
|
|move|p1a: Mienshao|U-turn|p2a: Froslass
|-resisted|p2a: Froslass
|-damage|p2a: Froslass|0 fnt
|faint|p2a: Froslass
|-activate|p2a: Froslass|Destiny Bond
|faint|p1a: Mienshao
|
|
|switch|p2a: Chandelure|Chandelure, M|261\/261
|switch|p1a: Forretress|Forretress, M, shiny|354\/354
|turn|4
|
|move|p2a: Chandelure|Trick|p1a: Forretress
|-activate|p2a: Chandelure|move: Trick|[of] p1a: Forretress
|-item|p1a: Forretress|Choice Scarf|[from] move: Trick
|-item|p2a: Chandelure|Leftovers|[from] move: Trick
|move|p1a: Forretress|Stealth Rock|p2a: Chandelure
|-sidestart|p2: beancount|move: Stealth Rock
|
|turn|5
|
|switch|p1a: Chandelure|Chandelure, F, shiny|289\/289
|move|p2a: Chandelure|Shadow Ball|p1a: Chandelure
|-supereffective|p1a: Chandelure
|-damage|p1a: Chandelure|0 fnt
|faint|p1a: Chandelure
|
|
|switch|p1a: Nidoking|Nidoking, M|303\/303
|turn|6
|
|move|p2a: Chandelure|Trick|p1a: Nidoking
|-activate|p2a: Chandelure|move: Trick|[of] p1a: Nidoking
|-item|p1a: Nidoking|Leftovers|[from] move: Trick
|-item|p2a: Chandelure|Life Orb|[from] move: Trick
|move|p1a: Nidoking|Earth Power|p2a: Chandelure
|-supereffective|p2a: Chandelure
|-damage|p2a: Chandelure|0 fnt
|faint|p2a: Chandelure
|
|
|switch|p2a: Swampert|Swampert, F|403\/403
|-damage|p2a: Swampert|378\/403|[from] Stealth Rock
|turn|7
|
|move|p1a: Nidoking|Earth Power|p2a: Swampert
|-damage|p2a: Swampert|210\/403
|move|p2a: Swampert|Earthquake|p1a: Nidoking
|-crit|p1a: Nidoking
|-supereffective|p1a: Nidoking
|-damage|p1a: Nidoking|0 fnt
|faint|p1a: Nidoking
|
|-heal|p2a: Swampert|235\/403|[from] item: Leftovers
|
|switch|p1a: Sceptile|Sceptile, M|300\/300
|turn|8
|
|switch|p2a: Machamp|Machamp, F|364\/364
|-damage|p2a: Machamp|342\/364|[from] Stealth Rock
|detailschange|p1a: Sceptile|Sceptile-Mega, M
|message|Sceptile has Mega Evolved into Mega Sceptile!
|move|p1a: Sceptile|Dragon Pulse|p2a: Machamp
|-damage|p2a: Machamp|207\/364
|
|turn|9
|
|move|p1a: Sceptile|Leaf Storm|p2a: Machamp
|-damage|p2a: Machamp|8\/364
|-unboost|p1a: Sceptile|spa|2
|move|p2a: Machamp|Heavy Slam|p1a: Sceptile
|-damage|p1a: Sceptile|202\/300
|
|turn|10
|
|move|p2a: Machamp|Bullet Punch|p1a: Sceptile
|-damage|p1a: Sceptile|135\/300
|move|p1a: Sceptile|Dragon Pulse|p2a: Machamp
|-damage|p2a: Machamp|0 fnt
|faint|p2a: Machamp
|
|
|switch|p2a: Sharpedo|Sharpedo, F|281\/281
|-damage|p2a: Sharpedo|246\/281|[from] Stealth Rock
|turn|11
|
|switch|p1a: Florges|Florges, F|360\/360
|move|p2a: Sharpedo|Protect|p2a: Sharpedo
|-fail|p2a: Sharpedo
|
|-boost|p2a: Sharpedo|spe|1|[from] ability: Speed Boost
|turn|12
|
|switch|p2a: Tornadus|Tornadus, M|331\/331
|-damage|p2a: Tornadus|249\/331|[from] Stealth Rock
|move|p1a: Florges|Moonblast|p2a: Tornadus
|-damage|p2a: Tornadus|110\/331
|-enditem|p2a: Tornadus|Sitrus Berry|[eat]
|-heal|p2a: Tornadus|192\/331|[from] item: Sitrus Berry
|
|turn|13
|
|switch|p1a: Forretress|Forretress, M, shiny|354\/354
|move|p2a: Tornadus|Acrobatics|p1a: Forretress
|-damage|p1a: Forretress|252\/354
|
|turn|14
|
|switch|p1a: Sceptile|Sceptile-Mega, M|135\/300
|move|p2a: Tornadus|Knock Off|p1a: Sceptile
|-damage|p1a: Sceptile|50\/300
|
|turn|15
|
|move|p1a: Sceptile|Dragon Pulse|p2a: Tornadus
|-damage|p2a: Tornadus|6\/331
|move|p2a: Tornadus|Knock Off|p1a: Sceptile
|-damage|p1a: Sceptile|0 fnt
|faint|p1a: Sceptile
|
|c|âDerpaniteX|why sitrus berry if u don't mind me asking
|c|âDerpaniteX|and really
|c|âbeancount|i hv bulk
|
|switch|p1a: Forretress|Forretress, M, shiny|252\/354
|turn|16
|
|move|p2a: Tornadus|Acrobatics|p1a: Forretress
|-damage|p1a: Forretress|149\/354
|move|p1a: Forretress|Volt Switch|p2a: Tornadus
|-supereffective|p2a: Tornadus
|-damage|p2a: Tornadus|0 fnt
|faint|p2a: Tornadus
|
|switch|p1a: Florges|Florges, F|360\/360
|
|
|switch|p2a: Swampert|Swampert, F|235\/403
|-damage|p2a: Swampert|210\/403|[from] Stealth Rock
|turn|17
|
|move|p1a: Florges|Wish|p1a: Florges
|move|p2a: Swampert|Earthquake|p1a: Florges
|-damage|p1a: Florges|237\/360
|
|-heal|p1a: Florges|259\/360|[from] item: Leftovers
|-heal|p2a: Swampert|235\/403|[from] item: Leftovers
|turn|18
|
|move|p1a: Florges|Moonblast|p2a: Swampert
|-damage|p2a: Swampert|103\/403
|-unboost|p2a: Swampert|spa|1
|move|p2a: Swampert|Roar|p1a: Florges
|drag|p1a: Forretress|Forretress, M, shiny|149\/354
|
|-heal|p1a: Forretress|329\/354|[from] move: Wish|[wisher] Florges
|-heal|p2a: Swampert|128\/403|[from] item: Leftovers
|turn|19
|c|âbeancount|oh shot
|
|move|p2a: Swampert|Scald|p1a: Forretress
|-damage|p1a: Forretress|244\/354
|move|p1a: Forretress|Gyro Ball|p2a: Swampert
|-resisted|p2a: Swampert
|-damage|p2a: Swampert|113\/403
|
|-heal|p2a: Swampert|138\/403|[from] item: Leftovers
|turn|20
|
|switch|p1a: Florges|Florges, F|259\/360
|move|p2a: Swampert|Earthquake|p1a: Florges
|-damage|p1a: Florges|136\/360
|
|-heal|p1a: Florges|158\/360|[from] item: Leftovers
|-heal|p2a: Swampert|163\/403|[from] item: Leftovers
|turn|21
|
|move|p1a: Florges|Moonblast|p2a: Swampert
|-damage|p2a: Swampert|30\/403
|move|p2a: Swampert|Earthquake|p1a: Florges
|-damage|p1a: Florges|37\/360
|
|-heal|p1a: Florges|59\/360|[from] item: Leftovers
|-heal|p2a: Swampert|55\/403|[from] item: Leftovers
|turn|22
|
|move|p1a: Florges|Protect|p1a: Florges
|-singleturn|p1a: Florges|Protect
|move|p2a: Swampert|Earthquake|p1a: Florges
|-activate|p1a: Florges|Protect
|
|-heal|p1a: Florges|81\/360|[from] item: Leftovers
|-heal|p2a: Swampert|80\/403|[from] item: Leftovers
|turn|23
|
|switch|p1a: Forretress|Forretress, M, shiny|244\/354
|move|p2a: Swampert|Earthquake|p1a: Forretress
|-crit|p1a: Forretress
|-damage|p1a: Forretress|129\/354
|
|-heal|p2a: Swampert|105\/403|[from] item: Leftovers
|turn|24
|
|move|p2a: Swampert|Scald|p1a: Forretress
|-damage|p1a: Forretress|44\/354
|move|p1a: Forretress|Gyro Ball|p2a: Swampert
|-resisted|p2a: Swampert
|-damage|p2a: Swampert|90\/403
|
|-heal|p2a: Swampert|115\/403|[from] item: Leftovers
|turn|25
|
|move|p2a: Swampert|Earthquake|p1a: Forretress
|-damage|p1a: Forretress|0 fnt
|faint|p1a: Forretress
|
|-heal|p2a: Swampert|140\/403|[from] item: Leftovers
|c|âbeancount|?
|
|switch|p1a: Florges|Florges, F|81\/360
|turn|26
|
|move|p1a: Florges|Moonblast|p2a: Swampert
|-damage|p2a: Swampert|10\/403
|-unboost|p2a: Swampert|spa|1
|move|p2a: Swampert|Earthquake|p1a: Florges
|-damage|p1a: Florges|0 fnt
|faint|p1a: Florges
|
|win|beancount
|raw|Ladder updating...
|c|âDerpaniteX|rolls
|raw|DerpaniteX's rating: 1477 &rarr; <strong>1452<\/strong><br \/>(-25 for losing)
|raw|beancount's rating: 1379 &rarr; <strong>1404<\/strong><br \/>(+25 for winning)
|leave|DerpaniteX
|player|p1
|c|âbeancount|gg