|join|DerpaniteX
|join|Axiomatico
|player|p1|DerpaniteX|122
|player|p2|Axiomatico|92
|gametype|singles
|gen|6
|tier|UU
|rated
|rule|Sleep Clause Mod: Limit one foe put to sleep
|rule|Species Clause: Limit one of each PokÃ©mon
|rule|OHKO Clause: OHKO moves are banned
|rule|Moody Clause: Moody is banned
|rule|Evasion Moves Clause: Evasion moves are banned
|rule|Endless Battle Clause: Forcing endless battles is banned
|rule|HP Percentage Mod: HP is shown in percentages
|clearpoke
|poke|p1|Nidoking, M
|poke|p1|Fletchinder, M
|poke|p1|Sceptile, M
|poke|p1|Mienshao, F, shiny
|poke|p1|Vaporeon, M
|poke|p1|Forretress, M, shiny
|poke|p2|Alakazam, M, shiny
|poke|p2|Porygon2
|poke|p2|Donphan, F
|poke|p2|Mienshao, F
|poke|p2|Milotic, F, shiny
|poke|p2|Sigilyph, M, shiny
|rule|Swagger Clause: Swagger is banned
|rule|Baton Pass Clause: Limit one PokÃ©mon knowing Baton Pass
|teampreview
|
|start
|switch|p1a: Vaporeon|Vaporeon, M|448\/448
|switch|p2a: Jafar|Alakazam, M, shiny|251\/251
|turn|1
|
|move|p2a: Jafar|Protect|p2a: Jafar
|-singleturn|p2a: Jafar|Protect
|move|p1a: Vaporeon|Scald|p2a: Jafar
|-activate|p2a: Jafar|Protect
|
|turn|2
|
|detailschange|p2a: Jafar|Alakazam-Mega, M, shiny
|-mega|p2a: Jafar|Alakazam|Alakazite
|-ability|p2a: Jafar|Water Absorb|[from] ability: Trace|[of] p1a: Vaporeon
|move|p2a: Jafar|Psyshock|p1a: Vaporeon
|-damage|p1a: Vaporeon|234\/448
|move|p1a: Vaporeon|Baton Pass|p1a: Vaporeon
|
|switch|p1a: Mienshao|Mienshao, F, shiny|271\/271
|
|turn|3
|
|move|p2a: Jafar|Protect|p2a: Jafar
|-singleturn|p2a: Jafar|Protect
|move|p1a: Mienshao|U-turn|p2a: Jafar
|-activate|p2a: Jafar|Protect
|
|turn|4
|
|switch|p2a: Mizu|Milotic, F, shiny|393\/393
|move|p1a: Mienshao|U-turn|p2a: Mizu
|-damage|p2a: Mizu|325\/393
|-damage|p1a: Mienshao|226\/271|[from] item: Rocky Helmet|[of] p2a: Mizu
|
|switch|p1a: Vaporeon|Vaporeon, M|234\/448
|
|-heal|p1a: Vaporeon|262\/448|[from] item: Leftovers
|turn|5
|
|switch|p2a: Chakra|Sigilyph, M, shiny|347\/347
|move|p1a: Vaporeon|Scald|p2a: Chakra
|-damage|p2a: Chakra|256\/347
|-status|p2a: Chakra|brn
|
|-heal|p1a: Vaporeon|290\/448|[from] item: Leftovers
|turn|6
|
|switch|p1a: Fletchinder|Fletchinder, M|291\/291
|move|p2a: Chakra|Cosmic Power|p2a: Chakra
|-boost|p2a: Chakra|def|1
|-boost|p2a: Chakra|spd|1
|
|turn|7
|
|move|p1a: Fletchinder|Swords Dance|p1a: Fletchinder
|-boost|p1a: Fletchinder|atk|2
|move|p2a: Chakra|Cosmic Power|p2a: Chakra
|-boost|p2a: Chakra|def|1
|-boost|p2a: Chakra|spd|1
|
|turn|8
|
|move|p1a: Fletchinder|Swords Dance|p1a: Fletchinder
|-boost|p1a: Fletchinder|atk|2
|move|p2a: Chakra|Cosmic Power|p2a: Chakra
|-boost|p2a: Chakra|def|1
|-boost|p2a: Chakra|spd|1
|
|turn|9
|
|move|p1a: Fletchinder|Swords Dance|p1a: Fletchinder
|-boost|p1a: Fletchinder|atk|2
|move|p2a: Chakra|Cosmic Power|p2a: Chakra
|-boost|p2a: Chakra|def|1
|-boost|p2a: Chakra|spd|1
|
|turn|10
|
|move|p1a: Fletchinder|Acrobatics|p2a: Chakra
|-damage|p2a: Chakra|3\/347 brn
|move|p2a: Chakra|Roost|p2a: Chakra
|-heal|p2a: Chakra|177\/347 brn
|
|turn|11
|
|move|p1a: Fletchinder|Acrobatics|p2a: Chakra
|-damage|p2a: Chakra|0 fnt
|faint|p2a: Chakra
|
|
|switch|p2a: Mizu|Milotic, F, shiny|325\/393
|turn|12
|
|move|p1a: Fletchinder|Acrobatics|p2a: Mizu
|-damage|p2a: Mizu|0 fnt
|-damage|p1a: Fletchinder|243\/291|[from] item: Rocky Helmet|[of] p2a: Mizu
|faint|p2a: Mizu
|
|-message|Axiomatico forfeited.
|
|win|DerpaniteX
|raw|Ladder updating...
|leave|Axiomatico
|player|p2
|raw|DerpaniteX's rating: 1541 &rarr; <strong>1548<\/strong><br \/>(+7 for winning)
|raw|Axiomatico's rating: 1277 &rarr; <strong>1268<\/strong><br \/>(-9 for losing)