|join|WhiteQueen
|join|DerpaniteX
|player|p1|WhiteQueen|2
|player|p2|DerpaniteX|122
|gametype|singles
|gen|6
|tier|UU
|rated
|rule|Sleep Clause Mod: Limit one foe put to sleep
|rule|Species Clause: Limit one of each PokÃ©mon
|rule|OHKO Clause: OHKO moves are banned
|rule|Moody Clause: Moody is banned
|rule|Evasion Moves Clause: Evasion moves are banned
|rule|Endless Battle Clause: Forcing endless battles is banned
|rule|HP Percentage Mod: HP is shown in percentages
|clearpoke
|poke|p1|Abomasnow, M
|poke|p1|Jirachi
|poke|p1|Zygarde
|poke|p1|Forretress, F
|poke|p1|Mienshao, M
|poke|p1|Vaporeon, F
|poke|p2|Nidoking, M
|poke|p2|Forretress, F, shiny
|poke|p2|Infernape, F
|poke|p2|Sceptile, M
|poke|p2|Mienshao, M, shiny
|poke|p2|Vaporeon, F
|rule|Swagger Clause: Swagger is banned
|rule|Baton Pass Clause: Limit one PokÃ©mon knowing Baton Pass
|teampreview
|
|start
|switch|p1a: Mienshao|Mienshao, M|271\/271
|switch|p2a: Forretress|Forretress, F, shiny|354\/354
|turn|1
|
|move|p1a: Mienshao|Knock Off|p2a: Forretress
|-damage|p2a: Forretress|267\/354
|-enditem|p2a: Forretress|Leftovers|[from] move: Knock Off|[of] p1a: Mienshao
|-damage|p1a: Mienshao|244\/271|[from] item: Life Orb
|move|p2a: Forretress|Stealth Rock|p1a: Mienshao
|-sidestart|p1: WhiteQueen|move: Stealth Rock
|
|turn|2
|
|move|p1a: Mienshao|High Jump Kick|p2a: Forretress
|-damage|p2a: Forretress|84\/354
|-damage|p1a: Mienshao|217\/271|[from] item: Life Orb
|move|p2a: Forretress|Gyro Ball|p1a: Mienshao
|-damage|p1a: Mienshao|33\/271
|
|turn|3
|
|move|p1a: Mienshao|High Jump Kick|p2a: Forretress
|-damage|p2a: Forretress|0 fnt
|-damage|p1a: Mienshao|6\/271|[from] item: Life Orb
|faint|p2a: Forretress
|
|
|switch|p2a: Mienshao|Mienshao, M, shiny|271\/271
|turn|4
|
|switch|p1a: Forretress|Forretress, F|353\/353
|-damage|p1a: Forretress|309\/353|[from] Stealth Rock
|move|p2a: Mienshao|U-turn|p1a: Forretress
|-resisted|p1a: Forretress
|-damage|p1a: Forretress|284\/353
|
|switch|p2a: Infernape|Infernape, F|294\/294
|
|-heal|p1a: Forretress|306\/353|[from] item: Leftovers
|turn|5
|
|switch|p1a: Vaporeon|Vaporeon, F|451\/451
|-damage|p1a: Vaporeon|395\/451|[from] Stealth Rock
|move|p2a: Infernape|Swords Dance|p2a: Infernape
|-boost|p2a: Infernape|atk|2
|
|-heal|p1a: Vaporeon|423\/451|[from] item: Leftovers
|turn|6
|
|move|p2a: Infernape|Close Combat|p1a: Vaporeon
|-damage|p1a: Vaporeon|0 fnt
|-unboost|p2a: Infernape|def|1
|-unboost|p2a: Infernape|spd|1
|-damage|p2a: Infernape|265\/294|[from] item: Life Orb
|faint|p1a: Vaporeon
|
|
|switch|p1a: Jirachi|Jirachi|341\/341
|-damage|p1a: Jirachi|320\/341|[from] Stealth Rock
|turn|7
|
|switch|p2a: Vaporeon|Vaporeon, F|448\/448
|move|p1a: Jirachi|Zen Headbutt|p2a: Vaporeon|[miss]
|-miss|p1a: Jirachi|p2a: Vaporeon
|
|turn|8
|
|move|p1a: Jirachi|Zen Headbutt|p2a: Vaporeon
|-damage|p2a: Vaporeon|319\/448
|move|p2a: Vaporeon|Baton Pass|p2a: Vaporeon
|
|switch|p2a: Mienshao|Mienshao, M, shiny|271\/271
|
|turn|9
|
|switch|p1a: Mienshao|Mienshao, M|96\/271
|-damage|p1a: Mienshao|80\/271|[from] Stealth Rock
|move|p2a: Mienshao|Knock Off|p1a: Mienshao
|-resisted|p1a: Mienshao
|-damage|p1a: Mienshao|3\/271
|-enditem|p1a: Mienshao|Life Orb|[from] move: Knock Off|[of] p2a: Mienshao
|
|turn|10
|
|switch|p2a: Sceptile|Sceptile, M|300\/300
|move|p1a: Mienshao|Fake Out|p2a: Sceptile
|-damage|p2a: Sceptile|234\/300
|
|turn|11
|
|switch|p1a: Jirachi|Jirachi|320\/341
|-damage|p1a: Jirachi|299\/341|[from] Stealth Rock
|detailschange|p2a: Sceptile|Sceptile-Mega, M
|-mega|p2a: Sceptile|Sceptile|Sceptilite
|move|p2a: Sceptile|Hidden Power|p1a: Jirachi
|-supereffective|p1a: Jirachi
|-damage|p1a: Jirachi|139\/341
|
|turn|12
|
|move|p2a: Sceptile|Detect|p2a: Sceptile
|-singleturn|p2a: Sceptile|Protect
|move|p1a: Jirachi|U-turn|p2a: Sceptile
|-activate|p2a: Sceptile|Protect
|
|turn|13
|
|switch|p2a: Mienshao|Mienshao, M, shiny|271\/271
|move|p1a: Jirachi|U-turn|p2a: Mienshao
|-resisted|p2a: Mienshao
|-damage|p2a: Mienshao|219\/271
|
|switch|p1a: Forretress|Forretress, F|306\/353
|-damage|p1a: Forretress|262\/353|[from] Stealth Rock
|
|-heal|p1a: Forretress|284\/353|[from] item: Leftovers
|turn|14
|
|move|p2a: Mienshao|U-turn|p1a: Forretress
|-resisted|p1a: Forretress
|-damage|p1a: Forretress|258\/353
|
|switch|p2a: Infernape|Infernape, F|265\/294
|move|p1a: Forretress|Rapid Spin|p2a: Infernape
|-damage|p2a: Infernape|246\/294
|-sideend|p1: WhiteQueen|Stealth Rock|[from] move: Rapid Spin|[of] p1a: Forretress
|
|-heal|p1a: Forretress|280\/353|[from] item: Leftovers
|turn|15
|
|switch|p1a: Zygarde|Zygarde|405\/405
|-ability|p1a: Zygarde|Aura Break
|move|p2a: Infernape|Swords Dance|p2a: Infernape
|-boost|p2a: Infernape|atk|2
|
|turn|16
|
|switch|p1a: Mienshao|Mienshao, M|93\/271
|move|p2a: Infernape|Close Combat|p1a: Mienshao
|-damage|p1a: Mienshao|0 fnt
|-unboost|p2a: Infernape|def|1
|-unboost|p2a: Infernape|spd|1
|-damage|p2a: Infernape|217\/294|[from] item: Life Orb
|faint|p1a: Mienshao
|
|
|switch|p1a: Jirachi|Jirachi|139\/341
|turn|17
|
|move|p2a: Infernape|Mach Punch|p1a: Jirachi
|-damage|p1a: Jirachi|0 fnt
|-damage|p2a: Infernape|188\/294|[from] item: Life Orb
|faint|p1a: Jirachi
|
|-message|WhiteQueen forfeited.
|leave|WhiteQueen
|
|win|DerpaniteX
|raw|Ladder updating...
|player|p1
|raw|WhiteQueen's rating: 1661 &rarr; <strong>1633<\/strong><br \/>(-28 for losing)
|raw|DerpaniteX's rating: 1504 &rarr; <strong>1533<\/strong><br \/>(+29 for winning)