|join|FlederMau5
|join|DerpaniteX
|player|p1|FlederMau5|169
|player|p2|DerpaniteX|122
|gametype|singles
|gen|6
|tier|UU
|rated
|rule|Sleep Clause Mod: Limit one foe put to sleep
|rule|Species Clause: Limit one of each PokÃ©mon
|rule|OHKO Clause: OHKO moves are banned
|rule|Moody Clause: Moody is banned
|rule|Evasion Moves Clause: Evasion moves are banned
|rule|Endless Battle Clause: Forcing endless battles is banned
|rule|HP Percentage Mod: HP is shown in percentages
|clearpoke
|poke|p1|Sceptile, M, shiny
|poke|p1|Umbreon, M, shiny
|poke|p1|Forretress, F
|poke|p1|Entei, shiny
|poke|p1|Swampert, M
|poke|p1|Zygarde
|poke|p2|Nidoqueen, F
|poke|p2|Blastoise, F
|poke|p2|Whimsicott, F
|poke|p2|Entei, shiny
|poke|p2|Lucario, M
|poke|p2|Hydreigon, M
|rule|Swagger Clause: Swagger is banned
|rule|Baton Pass Clause: Limit one PokÃ©mon knowing Baton Pass
|teampreview
|
|start
|switch|p1a: 420BlazeIt|Entei, shiny|371\/371
|switch|p2a: Nidoqueen|Nidoqueen, F|353\/353
|-ability|p1a: 420BlazeIt|Pressure
|turn|1
|
|move|p1a: 420BlazeIt|Sacred Fire|p2a: Nidoqueen
|-damage|p2a: Nidoqueen|53\/353
|move|p2a: Nidoqueen|Earth Power|p1a: 420BlazeIt
|-supereffective|p1a: 420BlazeIt
|-damage|p1a: 420BlazeIt|0 fnt
|faint|p1a: 420BlazeIt
|
|
|switch|p1a: EcoTerrorist|Zygarde|358\/358
|-ability|p1a: EcoTerrorist|Aura Break
|turn|2
|
|switch|p2a: Whimsicott|Whimsicott, F|272\/272
|move|p1a: EcoTerrorist|Extreme Speed|p2a: Whimsicott
|-damage|p2a: Whimsicott|173\/272
|
|-heal|p2a: Whimsicott|190\/272|[from] item: Leftovers
|turn|3
|
|move|p1a: EcoTerrorist|Extreme Speed|p2a: Whimsicott
|-damage|p2a: Whimsicott|82\/272
|move|p2a: Whimsicott|U-turn|p1a: EcoTerrorist
|-damage|p1a: EcoTerrorist|328\/358
|
|switch|p2a: Hydreigon|Hydreigon, M|326\/326
|
|turn|4
|
|switch|p1a: Cheshire|Umbreon, M, shiny|394\/394
|move|p2a: Hydreigon|U-turn|p1a: Cheshire
|-supereffective|p1a: Cheshire
|-damage|p1a: Cheshire|298\/394
|
|switch|p2a: Whimsicott|Whimsicott, F|82\/272
|
|-heal|p2a: Whimsicott|99\/272|[from] item: Leftovers
|-heal|p1a: Cheshire|322\/394|[from] item: Leftovers
|turn|5
|
|move|p2a: Whimsicott|Moonblast|p1a: Cheshire
|-supereffective|p1a: Cheshire
|-damage|p1a: Cheshire|164\/394
|move|p1a: Cheshire|Wish|p1a: Cheshire
|
|-heal|p2a: Whimsicott|116\/272|[from] item: Leftovers
|-heal|p1a: Cheshire|188\/394|[from] item: Leftovers
|turn|6
|
|switch|p1a: Gyro-Wall|Forretress, F|354\/354
|move|p2a: Whimsicott|Moonblast|p1a: Gyro-Wall
|-resisted|p1a: Gyro-Wall
|-damage|p1a: Gyro-Wall|292\/354
|-unboost|p1a: Gyro-Wall|spa|1
|
|-heal|p1a: Gyro-Wall|354\/354|[from] move: Wish|[wisher] Cheshire
|-heal|p2a: Whimsicott|133\/272|[from] item: Leftovers
|turn|7
|
|move|p2a: Whimsicott|U-turn|p1a: Gyro-Wall
|-resisted|p1a: Gyro-Wall
|-damage|p1a: Gyro-Wall|342\/354
|
|switch|p2a: Blastoise|Blastoise, F|358\/358
|move|p1a: Gyro-Wall|Toxic|p2a: Blastoise
|-status|p2a: Blastoise|tox
|
|-heal|p1a: Gyro-Wall|354\/354|[from] item: Leftovers
|-damage|p2a: Blastoise|336\/358 tox|[from] psn
|turn|8
|
|switch|p1a: Swagtile|Sceptile, M, shiny|282\/282
|detailschange|p2a: Blastoise|Blastoise-Mega, F
|message|Blastoise has Mega Evolved into Mega Blastoise!
|move|p2a: Blastoise|Scald|p1a: Swagtile
|-resisted|p1a: Swagtile
|-damage|p1a: Swagtile|186\/282
|
|-damage|p2a: Blastoise|292\/358 tox|[from] psn
|turn|9
|
|switch|p2a: Nidoqueen|Nidoqueen, F|53\/353
|detailschange|p1a: Swagtile|Sceptile-Mega, M, shiny
|message|Sceptile has Mega Evolved into Mega Sceptile!
|move|p1a: Swagtile|Leaf Storm|p2a: Nidoqueen
|-damage|p2a: Nidoqueen|0 fnt
|-unboost|p1a: Swagtile|spa|2
|faint|p2a: Nidoqueen
|
|
|switch|p2a: Whimsicott|Whimsicott, F|133\/272
|turn|10
|
|switch|p1a: Gyro-Wall|Forretress, F|354\/354
|move|p2a: Whimsicott|U-turn|p1a: Gyro-Wall
|-resisted|p1a: Gyro-Wall
|-damage|p1a: Gyro-Wall|341\/354
|
|switch|p2a: Entei|Entei, shiny|372\/372
|-ability|p2a: Entei|Pressure
|
|-heal|p1a: Gyro-Wall|354\/354|[from] item: Leftovers
|turn|11
|
|switch|p1a: The Kipper|Swampert, M|404\/404
|move|p2a: Entei|Sacred Fire|p1a: The Kipper
|-resisted|p1a: The Kipper
|-damage|p1a: The Kipper|298\/404
|
|-heal|p1a: The Kipper|323\/404|[from] item: Leftovers
|turn|12
|
|move|p2a: Entei|Sacred Fire|p1a: The Kipper
|-resisted|p1a: The Kipper
|-damage|p1a: The Kipper|224\/404
|move|p1a: The Kipper|Stealth Rock|p2a: Entei
|-sidestart|p2: DerpaniteX|move: Stealth Rock
|
|-heal|p1a: The Kipper|249\/404|[from] item: Leftovers
|turn|13
|
|move|p2a: Entei|Sacred Fire|p1a: The Kipper
|-resisted|p1a: The Kipper
|-damage|p1a: The Kipper|150\/404
|move|p1a: The Kipper|Scald|p2a: Entei
|-supereffective|p2a: Entei
|-damage|p2a: Entei|144\/372
|
|-heal|p1a: The Kipper|175\/404|[from] item: Leftovers
|turn|14
|c|âDerpaniteX|wow
|
|move|p2a: Entei|Sacred Fire|p1a: The Kipper
|-resisted|p1a: The Kipper
|-damage|p1a: The Kipper|65\/404
|-status|p1a: The Kipper|brn
|move|p1a: The Kipper|Scald|p2a: Entei
|-supereffective|p2a: Entei
|-damage|p2a: Entei|0 fnt
|faint|p2a: Entei
|
|-heal|p1a: The Kipper|90\/404 brn|[from] item: Leftovers
|-damage|p1a: The Kipper|40\/404 brn|[from] brn
|
|switch|p2a: Whimsicott|Whimsicott, F|133\/272
|-damage|p2a: Whimsicott|99\/272|[from] Stealth Rock
|turn|15
|
|move|p2a: Whimsicott|Moonblast|p1a: The Kipper
|-crit|p1a: The Kipper
|-damage|p1a: The Kipper|0 fnt
|faint|p1a: The Kipper
|
|-heal|p2a: Whimsicott|116\/272|[from] item: Leftovers
|
|switch|p1a: Gyro-Wall|Forretress, F|354\/354
|turn|16
|
|move|p2a: Whimsicott|Moonblast|p1a: Gyro-Wall
|-resisted|p1a: Gyro-Wall
|-damage|p1a: Gyro-Wall|288\/354
|-unboost|p1a: Gyro-Wall|spa|1
|move|p1a: Gyro-Wall|Volt Switch|p2a: Whimsicott
|-resisted|p2a: Whimsicott
|-damage|p2a: Whimsicott|101\/272
|
|switch|p1a: EcoTerrorist|Zygarde|328\/358
|-ability|p1a: EcoTerrorist|Aura Break
|
|-heal|p2a: Whimsicott|118\/272|[from] item: Leftovers
|turn|17
|
|move|p2a: Whimsicott|Moonblast|p1a: EcoTerrorist
|-supereffective|p1a: EcoTerrorist
|-damage|p1a: EcoTerrorist|44\/358
|move|p1a: EcoTerrorist|Dragon Dance|p1a: EcoTerrorist
|-boost|p1a: EcoTerrorist|atk|1
|-boost|p1a: EcoTerrorist|spe|1
|
|-heal|p2a: Whimsicott|135\/272|[from] item: Leftovers
|turn|18
|
|move|p1a: EcoTerrorist|Extreme Speed|p2a: Whimsicott
|-damage|p2a: Whimsicott|0 fnt
|faint|p2a: Whimsicott
|
|
|switch|p2a: Lucario|Lucario, M|281\/281
|-damage|p2a: Lucario|273\/281|[from] Stealth Rock
|turn|19
|
|move|p1a: EcoTerrorist|Extreme Speed|p2a: Lucario
|-resisted|p2a: Lucario
|-damage|p2a: Lucario|181\/281
|move|p2a: Lucario|Extreme Speed|p1a: EcoTerrorist
|-damage|p1a: EcoTerrorist|0 fnt
|-damage|p2a: Lucario|153\/281|[from] item: Life Orb
|faint|p1a: EcoTerrorist
|
|
|switch|p1a: Gyro-Wall|Forretress, F|288\/354
|turn|20
|
|switch|p2a: Blastoise|Blastoise-Mega, F|292\/358 tox
|-damage|p2a: Blastoise|248\/358 tox|[from] Stealth Rock
|move|p1a: Gyro-Wall|Volt Switch|p2a: Blastoise
|-supereffective|p2a: Blastoise
|-damage|p2a: Blastoise|184\/358 tox
|
|switch|p1a: Swagtile|Sceptile-Mega, M, shiny|186\/282
|
|-damage|p2a: Blastoise|162\/358 tox|[from] psn
|turn|21
|c|âDerpaniteX|what if i sd'd right there
|c|âDerpaniteX|really
|
|move|p1a: Swagtile|Dragon Pulse|p2a: Blastoise
|-damage|p2a: Blastoise|21\/358 tox
|move|p2a: Blastoise|Ice Beam|p1a: Swagtile
|-supereffective|p1a: Swagtile
|-damage|p1a: Swagtile|0 fnt
|faint|p1a: Swagtile
|
|-damage|p2a: Blastoise|0 fnt|[from] psn
|faint|p2a: Blastoise
|-message|FlederMau5 forfeited.
|
|win|DerpaniteX
|raw|Ladder updating...
|leave|FlederMau5
|player|p1