|join|DerpaniteX
|join|ichiguy
|player|p1|DerpaniteX|85
|player|p2|ichiguy|145
|gametype|singles
|gen|6
|tier|UU
|rated
|rule|Sleep Clause Mod: Limit one foe put to sleep
|rule|Species Clause: Limit one of each PokÃ©mon
|rule|OHKO Clause: OHKO moves are banned
|rule|Moody Clause: Moody is banned
|rule|Evasion Moves Clause: Evasion moves are banned
|rule|Endless Battle Clause: Forcing endless battles is banned
|rule|HP Percentage Mod: HP is shown in percentages
|clearpoke
|poke|p1|Nidoking, M
|poke|p1|Infernape, F
|poke|p1|Celebi
|poke|p1|Mienshao, M, shiny
|poke|p1|Vaporeon, F
|poke|p1|Forretress, M, shiny
|poke|p2|Milotic, F
|poke|p2|Hippowdon, M
|poke|p2|Roserade, F
|poke|p2|Aggron, M
|poke|p2|Cofagrigus, F
|poke|p2|Goodra, F
|rule|Swagger Clause: Swagger is banned
|rule|Baton Pass Clause: Limit one PokÃ©mon knowing Baton Pass
|teampreview
|
|start
|switch|p1a: Forretress|Forretress, M, shiny|354\/354
|switch|p2a: Roserade|Roserade, F|324\/324
|turn|1
|
|move|p2a: Roserade|Leech Seed|p1a: Forretress
|-start|p1a: Forretress|move: Leech Seed
|move|p1a: Forretress|Stealth Rock|p2a: Roserade
|-sidestart|p2: ichiguy|move: Stealth Rock
|
|-damage|p1a: Forretress|310\/354|[from] Leech Seed|[of] p2a: Roserade
|turn|2
|
|switch|p1a: Infernape|Infernape, F|293\/293
|move|p2a: Roserade|Spikes|p1a: Infernape
|-sidestart|p1: DerpaniteX|Spikes
|
|turn|3
|
|switch|p2a: Hippowdon|Hippowdon, M|420\/420
|-damage|p2a: Hippowdon|394\/420|[from] Stealth Rock
|-weather|Sandstorm
|move|p1a: Infernape|Fire Punch|p2a: Hippowdon
|-damage|p2a: Hippowdon|268\/420
|-damage|p1a: Infernape|264\/293|[from] item: Life Orb
|
|-weather|Sandstorm|[upkeep]
|-damage|p1a: Infernape|246\/293|[from] sandstorm
|-heal|p2a: Hippowdon|294\/420|[from] item: Leftovers
|turn|4
|
|switch|p1a: Forretress|Forretress, M, shiny|310\/354
|-damage|p1a: Forretress|266\/354|[from] Spikes
|move|p2a: Hippowdon|Stealth Rock|p1a: Forretress
|-sidestart|p1: DerpaniteX|move: Stealth Rock
|
|-weather|Sandstorm|[upkeep]
|-heal|p2a: Hippowdon|320\/420|[from] item: Leftovers
|-heal|p1a: Forretress|288\/354|[from] item: Leftovers
|turn|5
|
|switch|p2a: Cofagrigus|Cofagrigus, F|320\/320
|-damage|p2a: Cofagrigus|280\/320|[from] Stealth Rock
|move|p1a: Forretress|Rapid Spin|p2a: Cofagrigus
|-immune|p2a: Cofagrigus|[msg]
|
|-weather|Sandstorm|[upkeep]
|-damage|p2a: Cofagrigus|260\/320|[from] sandstorm
|-heal|p2a: Cofagrigus|280\/320|[from] item: Leftovers
|-heal|p1a: Forretress|310\/354|[from] item: Leftovers
|turn|6
|
|move|p2a: Cofagrigus|Will-O-Wisp|p1a: Forretress
|-status|p1a: Forretress|brn
|move|p1a: Forretress|Toxic|p2a: Cofagrigus
|-status|p2a: Cofagrigus|tox
|
|-weather|Sandstorm|[upkeep]
|-damage|p2a: Cofagrigus|260\/320 tox|[from] sandstorm
|-heal|p2a: Cofagrigus|280\/320 tox|[from] item: Leftovers
|-heal|p1a: Forretress|332\/354 brn|[from] item: Leftovers
|-damage|p2a: Cofagrigus|260\/320 tox|[from] psn
|-damage|p1a: Forretress|288\/354 brn|[from] brn
|turn|7
|
|switch|p1a: Vaporeon|Vaporeon, F|448\/448
|-damage|p1a: Vaporeon|392\/448|[from] Spikes
|-damage|p1a: Vaporeon|336\/448|[from] Stealth Rock
|move|p2a: Cofagrigus|Hex|p1a: Vaporeon
|-damage|p1a: Vaporeon|273\/448
|
|-weather|none
|-heal|p1a: Vaporeon|301\/448|[from] item: Leftovers
|-heal|p2a: Cofagrigus|280\/320 tox|[from] item: Leftovers
|-damage|p2a: Cofagrigus|240\/320 tox|[from] psn
|turn|8
|
|switch|p2a: Roserade|Roserade, F|324\/324
|-damage|p2a: Roserade|284\/324|[from] Stealth Rock
|move|p1a: Vaporeon|Wish|p1a: Vaporeon
|
|-heal|p2a: Roserade|304\/324|[from] item: Black Sludge
|-heal|p1a: Vaporeon|329\/448|[from] item: Leftovers
|turn|9
|
|move|p2a: Roserade|Spikes|p1a: Vaporeon
|-sidestart|p1: DerpaniteX|Spikes
|move|p1a: Vaporeon|Baton Pass|p1a: Vaporeon
|
|switch|p1a: Infernape|Infernape, F|246\/293
|-damage|p1a: Infernape|210\/293|[from] Stealth Rock
|-damage|p1a: Infernape|162\/293|[from] Spikes
|
|-heal|p1a: Infernape|293\/293|[from] move: Wish|[wisher] Vaporeon
|-heal|p2a: Roserade|324\/324|[from] item: Black Sludge
|turn|10
|
|switch|p2a: Hippowdon|Hippowdon, M|320\/420
|-damage|p2a: Hippowdon|294\/420|[from] Stealth Rock
|-weather|Sandstorm
|move|p1a: Infernape|Swords Dance|p1a: Infernape
|-boost|p1a: Infernape|atk|2
|
|-weather|Sandstorm|[upkeep]
|-damage|p1a: Infernape|275\/293|[from] sandstorm
|-heal|p2a: Hippowdon|320\/420|[from] item: Leftovers
|turn|11
|
|move|p1a: Infernape|Close Combat|p2a: Hippowdon
|-damage|p2a: Hippowdon|3\/420
|-unboost|p1a: Infernape|def|1
|-unboost|p1a: Infernape|spd|1
|-damage|p1a: Infernape|246\/293|[from] item: Life Orb
|move|p2a: Hippowdon|Whirlwind|p1a: Infernape
|drag|p1a: Mienshao|Mienshao, M, shiny|271\/271
|-damage|p1a: Mienshao|255\/271|[from] Stealth Rock
|-damage|p1a: Mienshao|210\/271|[from] Spikes
|
|-weather|Sandstorm|[upkeep]
|-damage|p1a: Mienshao|194\/271|[from] sandstorm
|-heal|p2a: Hippowdon|29\/420|[from] item: Leftovers
|turn|12
|
|move|p1a: Mienshao|U-turn|p2a: Hippowdon
|-damage|p2a: Hippowdon|0 fnt
|faint|p2a: Hippowdon
|
|switch|p1a: Vaporeon|Vaporeon, F|329\/448
|-damage|p1a: Vaporeon|255\/448|[from] Spikes
|-damage|p1a: Vaporeon|199\/448|[from] Stealth Rock
|
|-weather|Sandstorm|[upkeep]
|-damage|p1a: Vaporeon|171\/448|[from] sandstorm
|-heal|p1a: Vaporeon|199\/448|[from] item: Leftovers
|
|switch|p2a: Roserade|Roserade, F|324\/324
|-damage|p2a: Roserade|284\/324|[from] Stealth Rock
|turn|13
|
|move|p2a: Roserade|Leech Seed|p1a: Vaporeon
|-start|p1a: Vaporeon|move: Leech Seed
|move|p1a: Vaporeon|Wish|p1a: Vaporeon
|
|-weather|Sandstorm|[upkeep]
|-damage|p2a: Roserade|264\/324|[from] sandstorm
|-damage|p1a: Vaporeon|171\/448|[from] sandstorm
|-heal|p2a: Roserade|284\/324|[from] item: Black Sludge
|-heal|p1a: Vaporeon|199\/448|[from] item: Leftovers
|-damage|p1a: Vaporeon|143\/448|[from] Leech Seed|[of] p2a: Roserade
|-heal|p2a: Roserade|324\/324|[silent]
|turn|14
|
|switch|p1a: Forretress|Forretress, M, shiny|288\/354 brn
|-damage|p1a: Forretress|229\/354 brn|[from] Spikes
|-damage|p1a: Forretress|185\/354 brn|[from] Stealth Rock
|move|p2a: Roserade|Leech Seed|p1a: Forretress|[miss]
|-miss|p2a: Roserade|p1a: Forretress
|
|-weather|none
|-heal|p1a: Forretress|354\/354 brn|[from] move: Wish|[wisher] Vaporeon
|-damage|p1a: Forretress|310\/354 brn|[from] brn
|turn|15
|
|switch|p2a: Cofagrigus|Cofagrigus, F|240\/320 tox
|-damage|p2a: Cofagrigus|200\/320 tox|[from] Stealth Rock
|switch|p1a: Nidoking|Nidoking, M|303\/303
|-damage|p1a: Nidoking|253\/303|[from] Spikes
|-damage|p1a: Nidoking|235\/303|[from] Stealth Rock
|
|-heal|p2a: Cofagrigus|220\/320 tox|[from] item: Leftovers
|-damage|p2a: Cofagrigus|200\/320 tox|[from] psn
|turn|16
|
|switch|p2a: Goodra|Goodra, F|384\/384
|-damage|p2a: Goodra|336\/384|[from] Stealth Rock
|move|p1a: Nidoking|Earth Power|p2a: Goodra
|-damage|p2a: Goodra|237\/384
|
|turn|17
|
|move|p1a: Nidoking|Poison Jab|p2a: Goodra
|-damage|p2a: Goodra|0 fnt
|faint|p2a: Goodra
|
|
|switch|p2a: Milotic|Milotic, F|394\/394
|-damage|p2a: Milotic|345\/394|[from] Stealth Rock
|turn|18
|
|switch|p1a: Vaporeon|Vaporeon, F|143\/448
|-damage|p1a: Vaporeon|87\/448|[from] Stealth Rock
|-damage|p1a: Vaporeon|13\/448|[from] Spikes
|move|p2a: Milotic|Scald|p1a: Vaporeon
|-heal|p1a: Vaporeon|125\/448|[from] ability: Water Absorb|[of] p2a: Milotic
|
|-heal|p2a: Milotic|369\/394|[from] item: Leftovers
|-heal|p1a: Vaporeon|153\/448|[from] item: Leftovers
|turn|19
|
|switch|p2a: Roserade|Roserade, F|324\/324
|-damage|p2a: Roserade|284\/324|[from] Stealth Rock
|move|p1a: Vaporeon|Wish|p1a: Vaporeon
|
|-heal|p2a: Roserade|304\/324|[from] item: Black Sludge
|-heal|p1a: Vaporeon|181\/448|[from] item: Leftovers
|turn|20
|
|move|p1a: Vaporeon|Protect|p1a: Vaporeon
|-singleturn|p1a: Vaporeon|Protect
|move|p2a: Roserade|Leech Seed|p1a: Vaporeon
|-activate|p1a: Vaporeon|Protect
|
|-heal|p1a: Vaporeon|405\/448|[from] move: Wish|[wisher] Vaporeon
|-heal|p2a: Roserade|324\/324|[from] item: Black Sludge
|-heal|p1a: Vaporeon|433\/448|[from] item: Leftovers
|turn|21
|
|move|p2a: Roserade|Leech Seed|p1a: Vaporeon
|-start|p1a: Vaporeon|move: Leech Seed
|move|p1a: Vaporeon|Wish|p1a: Vaporeon
|
|-heal|p1a: Vaporeon|448\/448|[from] item: Leftovers
|-damage|p1a: Vaporeon|392\/448|[from] Leech Seed|[of] p2a: Roserade
|turn|22
|
|switch|p1a: Infernape|Infernape, F|246\/293
|-damage|p1a: Infernape|198\/293|[from] Spikes
|-damage|p1a: Infernape|162\/293|[from] Stealth Rock
|move|p2a: Roserade|Leech Seed|p1a: Infernape
|-start|p1a: Infernape|move: Leech Seed
|
|-heal|p1a: Infernape|293\/293|[from] move: Wish|[wisher] Vaporeon
|-damage|p1a: Infernape|257\/293|[from] Leech Seed|[of] p2a: Roserade
|turn|23
|
|switch|p2a: Cofagrigus|Cofagrigus, F|200\/320 tox
|-damage|p2a: Cofagrigus|160\/320 tox|[from] Stealth Rock
|move|p1a: Infernape|Swords Dance|p1a: Infernape
|-boost|p1a: Infernape|atk|2
|
|-heal|p2a: Cofagrigus|180\/320 tox|[from] item: Leftovers
|-damage|p1a: Infernape|221\/293|[from] Leech Seed|[of] p2a: Cofagrigus
|-heal|p2a: Cofagrigus|216\/320 tox|[silent]
|-damage|p2a: Cofagrigus|196\/320 tox|[from] psn
|turn|24
|
|move|p1a: Infernape|Fire Punch|p2a: Cofagrigus
|-damage|p2a: Cofagrigus|0 fnt
|-endability|p1a: Infernape|ironfist|[from] Mummy
|-ability|p1a: Infernape|Mummy|[from] Mummy
|-damage|p1a: Infernape|192\/293|[from] item: Life Orb
|faint|p2a: Cofagrigus
|
|
|switch|p2a: Aggron|Aggron, M|344\/344
|-damage|p2a: Aggron|323\/344|[from] Stealth Rock
|turn|25
|
|detailschange|p2a: Aggron|Aggron-Mega, M
|-mega|p2a: Aggron|Aggron|Aggronite
|move|p1a: Infernape|Close Combat|p2a: Aggron
|-supereffective|p2a: Aggron
|-damage|p2a: Aggron|0 fnt
|-unboost|p1a: Infernape|def|1
|-unboost|p1a: Infernape|spd|1
|-damage|p1a: Infernape|163\/293|[from] item: Life Orb
|faint|p2a: Aggron
|
|
|switch|p2a: Milotic|Milotic, F|369\/394
|-damage|p2a: Milotic|320\/394|[from] Stealth Rock
|turn|26
|
|move|p1a: Infernape|Close Combat|p2a: Milotic
|-damage|p2a: Milotic|0 fnt
|-unboost|p1a: Infernape|def|1
|-unboost|p1a: Infernape|spd|1
|-damage|p1a: Infernape|134\/293|[from] item: Life Orb
|faint|p2a: Milotic
|
|c|âichiguy|Gg
|
|switch|p2a: Roserade|Roserade, F|324\/324
|-damage|p2a: Roserade|284\/324|[from] Stealth Rock
|turn|27
|c|âDerpaniteX|gg
|
|move|p1a: Infernape|Fire Punch|p2a: Roserade
|-supereffective|p2a: Roserade
|-damage|p2a: Roserade|0 fnt
|-damage|p1a: Infernape|105\/293|[from] item: Life Orb
|faint|p2a: Roserade
|
|win|DerpaniteX
|raw|Ladder updating...
|raw|DerpaniteX's rating: 1472 &rarr; <strong>1484<\/strong><br \/>(+12 for winning)
|raw|ichiguy's rating: 1327 &rarr; <strong>1315<\/strong><br \/>(-12 for losing)
|leave|ichiguy
|player|p2