|J|Croven
|J|Ilight
|player|p1|Croven|30
|player|p2|Ilight|101
|gametype|singles
|gen|6
|tier|OU
|clearpoke
|poke|p1|Charizard, F
|poke|p1|Landorus-Therian, M
|poke|p1|Gyarados, F
|poke|p1|Togekiss, F, shiny
|poke|p1|Zapdos
|poke|p1|Dragonite, M
|poke|p2|Metagross
|poke|p2|Landorus-Therian, M
|poke|p2|Magnezone
|poke|p2|Slowbro, M
|poke|p2|Keldeo
|poke|p2|Sylveon, M
|rule|Swagger Clause: Swagger is banned
|rule|Baton Pass Clause: Limit one PokÃ©mon knowing Baton Pass
|rule|Sleep Clause Mod: Limit one foe put to sleep
|rule|Species Clause: Limit one of each PokÃ©mon
|rule|OHKO Clause: OHKO moves are banned
|rule|Moody Clause: Moody is banned
|rule|Evasion Moves Clause: Evasion moves are banned
|rule|Endless Battle Clause: Forcing endless battles is banned
|rule|HP Percentage Mod: HP is shown in percentages
|teampreview
|c|âCroven|>mega paul
|c|âCroven|>has a metagross
|c|âCroven|:(
|c|âIlight|gl hf
|J|Imp Roy
|c|âCroven|best of luck
|J|AM Khaos
|J|Imp Wyv
|
|start
|switch|p1a: Charizard|Charizard, F|359\/359
|switch|p2a: Landorus-Therian|Landorus-Therian, M|360\/360
|-ability|p2a: Landorus-Therian|Intimidate|[of] p1a: Charizard
|-unboost|p1a: Charizard|atk|1
|turn|1
|J|Imp Poker
|
|detailschange|p1a: Charizard|Charizard-Mega-X, F
|-mega|p1a: Charizard|Charizard|Charizardite X
|move|p2a: Landorus-Therian|Stealth Rock|p1a: Charizard
|-sidestart|p1: Croven|move: Stealth Rock
|move|p1a: Charizard|Will-O-Wisp|p2a: Landorus-Therian
|-status|p2a: Landorus-Therian|brn
|
|-damage|p2a: Landorus-Therian|315\/360 brn|[from] brn
|turn|2
|
|switch|p1a: Landorus-Therian|Landorus-Therian, M|382\/382
|-damage|p1a: Landorus-Therian|335\/382|[from] Stealth Rock
|-ability|p1a: Landorus-Therian|Intimidate|[of] p2a: Landorus-Therian
|-unboost|p2a: Landorus-Therian|atk|1
|move|p2a: Landorus-Therian|U-turn|p1a: Landorus-Therian
|-resisted|p1a: Landorus-Therian
|-damage|p1a: Landorus-Therian|326\/382
|
|switch|p2a: Keldeo|Keldeo|323\/323
|
|-heal|p1a: Landorus-Therian|349\/382|[from] item: Leftovers
|turn|3
|J|Dr. Professo Aku
|
|switch|p2a: Metagross|Metagross|302\/302
|switch|p1a: Togekiss|Togekiss, F, shiny|374\/374
|-damage|p1a: Togekiss|281\/374|[from] Stealth Rock
|
|-heal|p1a: Togekiss|304\/374|[from] item: Leftovers
|turn|4
|c|âCroven|k time to sac
|c|âIlight|lol
|
|switch|p1a: Charizard|Charizard-Mega-X, F|359\/359
|-damage|p1a: Charizard|270\/359|[from] Stealth Rock
|detailschange|p2a: Metagross|Metagross-Mega
|-mega|p2a: Metagross|Metagross|Metagrossite
|move|p2a: Metagross|Meteor Mash|p1a: Charizard
|-resisted|p1a: Charizard
|-damage|p1a: Charizard|162\/359
|
|turn|5
|c|âIlight|him?
|c|âIlight|why chari
|c| Imp Roy|alt is bettar
|c|âCroven|i'm trying
|c|âIlight|well nvm
|c|âCroven|to be good
|c|âCroven|!
|c|âIlight|if chari x was max speed
|c|âIlight|he'd be a threat
|
|switch|p1a: Landorus-Therian|Landorus-Therian, M|349\/382
|-damage|p1a: Landorus-Therian|302\/382|[from] Stealth Rock
|-ability|p1a: Landorus-Therian|Intimidate|[of] p2a: Metagross
|-unboost|p2a: Metagross|atk|1
|move|p2a: Metagross|Zen Headbutt|p1a: Landorus-Therian
|-damage|p1a: Landorus-Therian|188\/382
|
|-heal|p1a: Landorus-Therian|211\/382|[from] item: Leftovers
|turn|6
|
|switch|p1a: Gyarados|Gyarados, F|393\/393
|-damage|p1a: Gyarados|295\/393|[from] Stealth Rock
|-ability|p1a: Gyarados|Intimidate|[of] p2a: Metagross
|-unboost|p2a: Metagross|atk|1
|move|p2a: Metagross|Ice Punch|p1a: Gyarados
|-damage|p1a: Gyarados|226\/393
|
|-heal|p1a: Gyarados|250\/393|[from] item: Leftovers
|turn|7
|
|switch|p2a: Sylveon|Sylveon, M|394\/394
|switch|p1a: Zapdos|Zapdos|383\/383
|-damage|p1a: Zapdos|288\/383|[from] Stealth Rock
|-ability|p1a: Zapdos|Pressure
|
|-heal|p1a: Zapdos|311\/383|[from] item: Leftovers
|turn|8
|c| Dr. Professo Aku|You guys let him get to the E4 in less than a day. 
|c| Dr. Professo Aku|\/me slow claps
|
|move|p1a: Zapdos|Defog|p2a: Sylveon
|-unboost|p2a: Sylveon|evasion|1
|-sideend|p1: Croven|Stealth Rock|[from] move: Defog|[of] p1a: Zapdos
|move|p2a: Sylveon|Toxic|p1a: Zapdos
|-status|p1a: Zapdos|tox
|
|-heal|p1a: Zapdos|334\/383 tox|[from] item: Leftovers
|-damage|p1a: Zapdos|311\/383 tox|[from] psn
|turn|9
|c|âCroven|yo its light
|c|âCroven|what do u think
|c|âCroven|we can do
|c|âIlight|for
|
|switch|p1a: Charizard|Charizard-Mega-X, F|162\/359
|move|p2a: Sylveon|Heal Bell|p2a: Sylveon
|-cureteam|p2a: Sylveon|[from] move: HealBell
|
|turn|10
|c| Dr. Professo Aku|ik but like at least last 2 days :v
|
|move|p1a: Charizard|Will-O-Wisp|p2a: Sylveon
|-status|p2a: Sylveon|brn
|move|p2a: Sylveon|Toxic|p1a: Charizard
|-status|p1a: Charizard|tox
|
|-damage|p1a: Charizard|140\/359 tox|[from] psn
|-damage|p2a: Sylveon|345\/394 brn|[from] brn
|turn|11
|
|switch|p2a: Landorus-Therian|Landorus-Therian, M|315\/360
|-ability|p2a: Landorus-Therian|Intimidate|[of] p1a: Charizard
|-unboost|p1a: Charizard|atk|1
|move|p1a: Charizard|Roost|p1a: Charizard
|-heal|p1a: Charizard|320\/359 tox
|
|-heal|p2a: Landorus-Therian|337\/360|[from] item: Leftovers
|-damage|p1a: Charizard|276\/359 tox|[from] psn
|turn|12
|
|switch|p1a: Landorus-Therian|Landorus-Therian, M|211\/382
|-ability|p1a: Landorus-Therian|Intimidate|[of] p2a: Landorus-Therian
|-unboost|p2a: Landorus-Therian|atk|1
|move|p2a: Landorus-Therian|Earthquake|p1a: Landorus-Therian
|-immune|p1a: Landorus-Therian|[msg]
|
|-heal|p2a: Landorus-Therian|359\/360|[from] item: Leftovers
|-heal|p1a: Landorus-Therian|234\/382|[from] item: Leftovers
|turn|13
|
|move|p2a: Landorus-Therian|Stealth Rock|p1a: Landorus-Therian
|-sidestart|p1: Croven|move: Stealth Rock
|move|p1a: Landorus-Therian|Knock Off|p2a: Landorus-Therian
|-damage|p2a: Landorus-Therian|249\/360
|-enditem|p2a: Landorus-Therian|Leftovers|[from] move: Knock Off|[of] p1a: Landorus-Therian
|
|-heal|p1a: Landorus-Therian|257\/382|[from] item: Leftovers
|turn|14
|L|Imp Roy
|
|move|p2a: Landorus-Therian|U-turn|p1a: Landorus-Therian
|-resisted|p1a: Landorus-Therian
|-damage|p1a: Landorus-Therian|238\/382
|
|switch|p2a: Magnezone|Magnezone|281\/281
|move|p1a: Landorus-Therian|U-turn|p2a: Magnezone
|-resisted|p2a: Magnezone
|-damage|p2a: Magnezone|246\/281
|c|âIlight|:D
|c|âCroven|:(
|
|switch|p1a: Charizard|Charizard-Mega-X, F|276\/359 tox
|-damage|p1a: Charizard|187\/359 tox|[from] Stealth Rock
|
|-damage|p1a: Charizard|165\/359 tox|[from] psn
|turn|15
|
|switch|p2a: Landorus-Therian|Landorus-Therian, M|249\/360
|-ability|p2a: Landorus-Therian|Intimidate|[of] p1a: Charizard
|-unboost|p1a: Charizard|atk|1
|move|p1a: Charizard|Roost|p1a: Charizard
|-heal|p1a: Charizard|345\/359 tox
|
|-damage|p1a: Charizard|301\/359 tox|[from] psn
|turn|16
|
|switch|p1a: Landorus-Therian|Landorus-Therian, M|238\/382
|-damage|p1a: Landorus-Therian|191\/382|[from] Stealth Rock
|-ability|p1a: Landorus-Therian|Intimidate|[of] p2a: Landorus-Therian
|-unboost|p2a: Landorus-Therian|atk|1
|move|p2a: Landorus-Therian|U-turn|p1a: Landorus-Therian
|-crit|p1a: Landorus-Therian
|-resisted|p1a: Landorus-Therian
|-damage|p1a: Landorus-Therian|145\/382
|c|âCroven|crit :(
|
|switch|p2a: Metagross|Metagross-Mega|302\/302
|
|-heal|p1a: Landorus-Therian|168\/382|[from] item: Leftovers
|turn|17
|c| Dr. Professo Aku|Croven do you taste like an eggplant?
|c|âCroven|maybe?
|c|âCroven|idk
|
|switch|p1a: Charizard|Charizard-Mega-X, F|301\/359 tox
|-damage|p1a: Charizard|212\/359 tox|[from] Stealth Rock
|move|p2a: Metagross|Ice Punch|p1a: Charizard
|-damage|p1a: Charizard|92\/359 tox
|
|-damage|p1a: Charizard|70\/359 tox|[from] psn
|turn|18
|c|âIlight|ok
|c|âIlight|now it dies
|c|âIlight|lol
|c|âCroven|:(
|
|switch|p1a: Gyarados|Gyarados, F|250\/393
|-damage|p1a: Gyarados|152\/393|[from] Stealth Rock
|-ability|p1a: Gyarados|Intimidate|[of] p2a: Metagross
|-unboost|p2a: Metagross|atk|1
|move|p2a: Metagross|Ice Punch|p1a: Gyarados
|-damage|p1a: Gyarados|65\/393
|
|-heal|p1a: Gyarados|89\/393|[from] item: Leftovers
|turn|19
|c|âIlight|why...
|c|âCroven|bro i'm about to sleep
|c|âCroven|dont question
|c|âIlight|i mean
|c|âCroven|and what do you think
|c|âIlight|why didn't you let me kill him
|c|âCroven|i can do
|c|âIlight|lol
|c|âCroven|idk, i like to keep pkmn alive
|c|âIlight|haha
|c|âCroven|they have souls :(
|c|âIlight|i really think you should run offensive chari x
|c|âIlight|since 4\/6 of your team
|c|âIlight|is pure bulk
|c|âIlight|don't need a 5th
|c|âIlight|lol
|c|âCroven|k well
|c|âCroven|i dont care enough about monotype to do that
|c|âCroven|i like this team enough so i'll keep it
|c|âCroven|:I
|c|âIlight|that's fine
|c|âIlight|anyway lets continue
|c|âCroven|yeah i'm thinking
|c|âCroven|of how i can not get swept
|c|âIlight|by paul?
|c|âIlight|or this thing
|c|âCroven|this thing hello?
|c|âCroven|it murders flying
|c|âCroven|name one good switch in
|c|âIlight|now you know how i feel
|c|âCroven|besides skarm since u have mag
|c|âIlight|when flying pulls a landorus
|c|âIlight|:P
|c|âCroven|bro ur using ou rn
|c|âIlight|o ik
|c|âCroven|ur not steel
|c|âIlight|but lets say im using steel
|c|âCroven|get out of that mindset
|c| Dr. Professo Aku|.
|c|âIlight|lol
|
|switch|p1a: Charizard|Charizard-Mega-X, F|70\/359 tox
|-damage|p1a: Charizard|0 fnt|[from] Stealth Rock
|faint|p1a: Charizard
|move|p2a: Metagross|Zen Headbutt|p1: Charizard|[notarget]
|-notarget
|
|
|switch|p1a: Zapdos|Zapdos|311\/383 tox
|-damage|p1a: Zapdos|216\/383 tox|[from] Stealth Rock
|-ability|p1a: Zapdos|Pressure
|turn|20
|
|switch|p2a: Landorus-Therian|Landorus-Therian, M|249\/360
|-ability|p2a: Landorus-Therian|Intimidate|[of] p1a: Zapdos
|-unboost|p1a: Zapdos|atk|1
|move|p1a: Zapdos|Defog|p2a: Landorus-Therian
|-unboost|p2a: Landorus-Therian|evasion|1
|-sideend|p1: Croven|Stealth Rock|[from] move: Defog|[of] p1a: Zapdos
|
|-heal|p1a: Zapdos|239\/383 tox|[from] item: Leftovers
|-damage|p1a: Zapdos|216\/383 tox|[from] psn
|turn|21
|
|move|p2a: Landorus-Therian|Stealth Rock|p1a: Zapdos
|-sidestart|p1: Croven|move: Stealth Rock
|move|p1a: Zapdos|Toxic|p2a: Landorus-Therian
|-status|p2a: Landorus-Therian|tox
|
|-heal|p1a: Zapdos|239\/383 tox|[from] item: Leftovers
|-damage|p2a: Landorus-Therian|227\/360 tox|[from] psn
|-damage|p1a: Zapdos|193\/383 tox|[from] psn
|turn|22
|
|switch|p1a: Landorus-Therian|Landorus-Therian, M|168\/382
|-damage|p1a: Landorus-Therian|121\/382|[from] Stealth Rock
|-ability|p1a: Landorus-Therian|Intimidate|[of] p2a: Landorus-Therian
|-unboost|p2a: Landorus-Therian|atk|1
|move|p2a: Landorus-Therian|Stone Edge|p1a: Landorus-Therian
|-damage|p1a: Landorus-Therian|62\/382
|
|-heal|p1a: Landorus-Therian|85\/382|[from] item: Leftovers
|-damage|p2a: Landorus-Therian|183\/360 tox|[from] psn
|turn|23
|
|move|p2a: Landorus-Therian|U-turn|p1a: Landorus-Therian
|-resisted|p1a: Landorus-Therian
|-damage|p1a: Landorus-Therian|66\/382
|
|switch|p2a: Keldeo|Keldeo|323\/323
|move|p1a: Landorus-Therian|U-turn|p2a: Keldeo
|-resisted|p2a: Keldeo
|-damage|p2a: Keldeo|283\/323
|
|switch|p1a: Togekiss|Togekiss, F, shiny|304\/374
|-damage|p1a: Togekiss|211\/374|[from] Stealth Rock
|
|-heal|p2a: Keldeo|303\/323|[from] item: Leftovers
|-heal|p1a: Togekiss|234\/374|[from] item: Leftovers
|turn|24
|c|âCroven|ok NOW you sweep
|
|switch|p2a: Magnezone|Magnezone|246\/281
|move|p1a: Togekiss|Heal Bell|p1a: Togekiss
|-cureteam|p1a: Togekiss|[from] move: HealBell
|
|-heal|p1a: Togekiss|257\/374|[from] item: Leftovers
|turn|25
|
|switch|p1a: Dragonite|Dragonite, M|323\/323
|-damage|p1a: Dragonite|243\/323|[from] Stealth Rock
|move|p2a: Magnezone|Flash Cannon|p1a: Dragonite
|-damage|p1a: Dragonite|3\/323
|
|turn|26
|
|switch|p2a: Slowbro|Slowbro, M|394\/394
|move|p1a: Dragonite|Earthquake|p2a: Slowbro
|-damage|p2a: Slowbro|260\/394
|
|-heal|p2a: Slowbro|284\/394|[from] item: Leftovers
|turn|27
|c|âIlight|paul is here
|
|switch|p2a: Landorus-Therian|Landorus-Therian, M|183\/360 tox
|-ability|p2a: Landorus-Therian|Intimidate|[of] p1a: Dragonite
|-unboost|p1a: Dragonite|atk|1
|move|p1a: Dragonite|Earthquake|p2a: Landorus-Therian
|-immune|p2a: Landorus-Therian|[msg]
|
|-damage|p2a: Landorus-Therian|161\/360 tox|[from] psn
|turn|28
|
|move|p2a: Landorus-Therian|U-turn|p1a: Dragonite
|-resisted|p1a: Dragonite
|-damage|p1a: Dragonite|0 fnt
|faint|p1a: Dragonite
|
|switch|p2a: Metagross|Metagross-Mega|302\/302
|
|
|switch|p1a: Landorus-Therian|Landorus-Therian, M|66\/382
|-damage|p1a: Landorus-Therian|19\/382|[from] Stealth Rock
|-ability|p1a: Landorus-Therian|Intimidate|[of] p2a: Metagross
|-unboost|p2a: Metagross|atk|1
|turn|29
|c|âCroven|gg
|c|âIlight|gg
|
|move|p2a: Metagross|Bullet Punch|p1a: Landorus-Therian
|-damage|p1a: Landorus-Therian|0 fnt
|faint|p1a: Landorus-Therian
|
|
|switch|p1a: Gyarados|Gyarados, F|89\/393
|-damage|p1a: Gyarados|0 fnt|[from] Stealth Rock
|faint|p1a: Gyarados
|
|switch|p1a: Zapdos|Zapdos|193\/383
|-damage|p1a: Zapdos|98\/383|[from] Stealth Rock
|-ability|p1a: Zapdos|Pressure
|turn|30
|
|move|p2a: Metagross|Ice Punch|p1a: Zapdos
|-supereffective|p1a: Zapdos
|-damage|p1a: Zapdos|0 fnt
|faint|p1a: Zapdos
|
|
|switch|p1a: Togekiss|Togekiss, F, shiny|257\/374
|-damage|p1a: Togekiss|164\/374|[from] Stealth Rock
|turn|31
|
|switch|p2a: Slowbro|Slowbro, M|394\/394
|move|p1a: Togekiss|Air Slash|p2a: Slowbro
|-damage|p2a: Slowbro|274\/394
|
|-heal|p1a: Togekiss|187\/374|[from] item: Leftovers
|-heal|p2a: Slowbro|298\/394|[from] item: Leftovers
|turn|32
|c|âCroven|.
|
|move|p1a: Togekiss|Roost|p1a: Togekiss
|-heal|p1a: Togekiss|374\/374
|move|p2a: Slowbro|Scald|p1a: Togekiss
|-crit|p1a: Togekiss
|-damage|p1a: Togekiss|280\/374
|-status|p1a: Togekiss|brn
|
|-heal|p1a: Togekiss|303\/374 brn|[from] item: Leftovers
|-heal|p2a: Slowbro|322\/394|[from] item: Leftovers
|-damage|p1a: Togekiss|257\/374 brn|[from] brn
|turn|33
|
|move|p1a: Togekiss|Heal Bell|p1a: Togekiss
|-cureteam|p1a: Togekiss|[from] move: HealBell
|move|p2a: Slowbro|Scald|p1a: Togekiss
|-damage|p1a: Togekiss|190\/374
|-status|p1a: Togekiss|brn
|
|-heal|p1a: Togekiss|213\/374 brn|[from] item: Leftovers
|-heal|p2a: Slowbro|346\/394|[from] item: Leftovers
|-damage|p1a: Togekiss|167\/374 brn|[from] brn
|turn|34
|c|âIlight|go paul!
|c|âCroven|light
|
|move|p1a: Togekiss|Roost|p1a: Togekiss
|-heal|p1a: Togekiss|354\/374 brn
|move|p2a: Slowbro|Psyshock|p1a: Togekiss
|-damage|p1a: Togekiss|251\/374 brn
|
|-heal|p1a: Togekiss|274\/374 brn|[from] item: Leftovers
|-heal|p2a: Slowbro|370\/394|[from] item: Leftovers
|-damage|p1a: Togekiss|228\/374 brn|[from] brn
|turn|35
|c|âCroven|can you not be an asshole ._.
|
|switch|p2a: Metagross|Metagross-Mega|302\/302
|move|p1a: Togekiss|Heal Bell|p1a: Togekiss
|-cureteam|p1a: Togekiss|[from] move: HealBell
|
|-heal|p1a: Togekiss|251\/374|[from] item: Leftovers
|turn|36
|c|âIlight|fine
|
|move|p2a: Metagross|Meteor Mash|p1a: Togekiss
|-supereffective|p1a: Togekiss
|-damage|p1a: Togekiss|0 fnt
|faint|p1a: Togekiss
|
|win|Ilight
|c|âCroven|gg
|c|âIlight|gg
|L|Croven
|player|p1