|J|Ilight
|J|Croven
|player|p1|Ilight|101
|player|p2|Croven|30
|gametype|singles
|gen|6
|tier|OU (suspect test)
|clearpoke
|poke|p1|Gallade, M
|poke|p1|Mew
|poke|p1|Victini
|poke|p1|Latios, M
|poke|p1|Meloetta
|poke|p1|Slowbro, F
|poke|p2|Lopunny, M
|poke|p2|Heatran, F
|poke|p2|Gliscor, M
|poke|p2|Celebi
|poke|p2|Mandibuzz, F
|poke|p2|Tornadus-Therian, M
|rule|Swagger Clause: Swagger is banned
|rule|Baton Pass Clause: Limit one PokÃ©mon knowing Baton Pass
|rule|Sleep Clause Mod: Limit one foe put to sleep
|rule|Species Clause: Limit one of each PokÃ©mon
|rule|OHKO Clause: OHKO moves are banned
|rule|Moody Clause: Moody is banned
|rule|Evasion Moves Clause: Evasion moves are banned
|rule|Endless Battle Clause: Forcing endless battles is banned
|rule|HP Percentage Mod: HP is shown in percentages
|teampreview
|c|âCroven|bro
|c|âCroven|;_;
|c|âIlight|what
|c|âIlight|every team
|c|âCroven|y u use mono
|c|âIlight|has to have a paul
|
|start
|switch|p1a: Victini|Victini|341\/341
|switch|p2a: Tornadus-Therian|Tornadus-Therian, M|299\/299
|turn|1
|
|switch|p2a: Heatran|Heatran, F|384\/384
|move|p1a: Victini|U-turn|p2a: Heatran
|-resisted|p2a: Heatran
|-damage|p2a: Heatran|368\/384
|
|switch|p1a: Gallade|Gallade, M|278\/278
|
|-heal|p2a: Heatran|384\/384|[from] item: Leftovers
|turn|2
|
|switch|p2a: Mandibuzz|Mandibuzz, F|424\/424
|detailschange|p1a: Gallade|Gallade-Mega, M
|-mega|p1a: Gallade|Gallade|Galladite
|move|p1a: Gallade|Close Combat|p2a: Mandibuzz
|-damage|p2a: Mandibuzz|235\/424
|-unboost|p1a: Gallade|def|1
|-unboost|p1a: Gallade|spd|1
|
|-heal|p2a: Mandibuzz|261\/424|[from] item: Leftovers
|turn|3
|
|switch|p1a: Mew|Mew|404\/404
|move|p2a: Mandibuzz|Roost|p2a: Mandibuzz
|-heal|p2a: Mandibuzz|424\/424
|
|turn|4
|
|switch|p1a: Gallade|Gallade-Mega, M|278\/278
|switch|p2a: Heatran|Heatran, F|384\/384
|
|turn|5
|
|switch|p2a: Mandibuzz|Mandibuzz, F|424\/424
|move|p1a: Gallade|Close Combat|p2a: Mandibuzz
|-damage|p2a: Mandibuzz|237\/424
|-unboost|p1a: Gallade|def|1
|-unboost|p1a: Gallade|spd|1
|
|-heal|p2a: Mandibuzz|263\/424|[from] item: Leftovers
|turn|6
|
|move|p1a: Gallade|Ice Punch|p2a: Mandibuzz
|-supereffective|p2a: Mandibuzz
|-damage|p2a: Mandibuzz|101\/424
|-status|p2a: Mandibuzz|frz
|cant|p2a: Mandibuzz|frz
|
|-heal|p2a: Mandibuzz|127\/424 frz|[from] item: Leftovers
|turn|7
|c|âIlight|victory!
|c|âCroven|!
|
|move|p1a: Gallade|Ice Punch|p2a: Mandibuzz
|-supereffective|p2a: Mandibuzz
|-damage|p2a: Mandibuzz|0 fnt
|faint|p2a: Mandibuzz
|
|
|switch|p2a: Tornadus-Therian|Tornadus-Therian, M|299\/299
|turn|8
|
|switch|p1a: Meloetta|Meloetta|402\/402
|move|p2a: Tornadus-Therian|U-turn|p1a: Meloetta
|-supereffective|p1a: Meloetta
|-damage|p1a: Meloetta|197\/402
|-damage|p2a: Tornadus-Therian|270\/299|[from] item: Life Orb
|
|switch|p2a: Lopunny|Lopunny, M|271\/271
|
|turn|9
|
|switch|p1a: Slowbro|Slowbro, F|394\/394
|detailschange|p2a: Lopunny|Lopunny-Mega, M
|-mega|p2a: Lopunny|Lopunny|Lopunnite
|move|p2a: Lopunny|Return|p1a: Slowbro
|-damage|p1a: Slowbro|273\/394
|
|-heal|p1a: Slowbro|297\/394|[from] item: Leftovers
|turn|10
|
|switch|p2a: Celebi|Celebi|404\/404
|switch|p1a: Victini|Victini|341\/341
|
|turn|11
|
|switch|p2a: Heatran|Heatran, F|384\/384
|move|p1a: Victini|U-turn|p2a: Heatran
|-resisted|p2a: Heatran
|-damage|p2a: Heatran|366\/384
|
|switch|p1a: Gallade|Gallade-Mega, M|278\/278
|
|-heal|p2a: Heatran|384\/384|[from] item: Leftovers
|turn|12
|
|switch|p2a: Gliscor|Gliscor, M|353\/353
|move|p1a: Gallade|Close Combat|p2a: Gliscor
|-resisted|p2a: Gliscor
|-damage|p2a: Gliscor|274\/353
|-unboost|p1a: Gallade|def|1
|-unboost|p1a: Gallade|spd|1
|
|-status|p2a: Gliscor|tox|[from] item: Toxic Orb
|turn|13
|
|move|p1a: Gallade|Ice Punch|p2a: Gliscor
|-supereffective|p2a: Gliscor
|-damage|p2a: Gliscor|2\/353 tox
|move|p2a: Gliscor|Knock Off|p1a: Gallade
|-damage|p1a: Gallade|198\/278
|
|-heal|p2a: Gliscor|46\/353 tox|[from] ability: Poison Heal
|turn|14
|c|âIlight|no.
|c|âIlight|oh
|c|âIlight|eq??
|c|âCroven|lol
|
|move|p1a: Gallade|Ice Punch|p2a: Gliscor
|-supereffective|p2a: Gliscor
|-damage|p2a: Gliscor|0 fnt
|faint|p2a: Gliscor
|
|c|âCroven|i forgot about ice punch
|c|âIlight|o
|
|switch|p2a: Lopunny|Lopunny-Mega, M|271\/271
|turn|15
|c|âIlight|why do i keep forgetting
|c|âIlight|lopunny has a huge speed boost
|
|switch|p1a: Slowbro|Slowbro, F|394\/394
|move|p2a: Lopunny|Return|p1a: Slowbro
|-damage|p1a: Slowbro|271\/394
|
|-heal|p1a: Slowbro|295\/394|[from] item: Leftovers
|turn|16
|c|âCroven|wait why do u have ice punch on a psy mono
|
|switch|p2a: Celebi|Celebi|404\/404
|move|p1a: Slowbro|Flamethrower|p2a: Celebi
|-supereffective|p2a: Celebi
|-damage|p2a: Celebi|254\/404
|
|-heal|p2a: Celebi|279\/404|[from] item: Leftovers
|-heal|p1a: Slowbro|319\/394|[from] item: Leftovers
|turn|17
|
|switch|p1a: Victini|Victini|341\/341
|move|p2a: Celebi|Baton Pass|p2a: Celebi
|
|switch|p2a: Heatran|Heatran, F|384\/384
|
|turn|18
|
|move|p1a: Victini|Trick|p2a: Heatran
|-activate|p1a: Victini|move: Trick|[of] p2a: Heatran
|-item|p2a: Heatran|Choice Scarf|[from] move: Trick
|-item|p1a: Victini|Leftovers|[from] move: Trick
|move|p2a: Heatran|Stealth Rock|p1a: Victini
|-sidestart|p1: Ilight|move: Stealth Rock
|
|turn|19
|c|âIlight|someones about to die
|
|switch|p2a: Tornadus-Therian|Tornadus-Therian, M|299\/299
|move|p1a: Victini|V-create|p2a: Tornadus-Therian
|-damage|p2a: Tornadus-Therian|0 fnt
|-unboost|p1a: Victini|def|1
|-unboost|p1a: Victini|spd|1
|-unboost|p1a: Victini|spe|1
|faint|p2a: Tornadus-Therian
|
|
|switch|p2a: Lopunny|Lopunny-Mega, M|271\/271
|turn|20
|c|âIlight|btw
|c|âCroven|?
|c|âIlight|you really make me want to use tornadus
|c|âCroven|lol
|c|âIlight|hes one of those fun pokemon
|c|âCroven|mhm
|c|âIlight|lol
|
|switch|p2a: Heatran|Heatran, F|384\/384
|switch|p1a: Slowbro|Slowbro, F|394\/394
|-damage|p1a: Slowbro|345\/394|[from] Stealth Rock
|
|-heal|p1a: Slowbro|369\/394|[from] item: Leftovers
|turn|21
|c|âCroven|until he misses
|c|âIlight|always could add
|c|âIlight|air slash
|
|move|p2a: Heatran|Toxic|p1a: Slowbro
|-status|p1a: Slowbro|tox
|move|p1a: Slowbro|Thunder Wave|p2a: Heatran
|-status|p2a: Heatran|par
|
|-heal|p1a: Slowbro|393\/394 tox|[from] item: Leftovers
|-damage|p1a: Slowbro|369\/394 tox|[from] psn
|turn|22
|c|âCroven|not enough power tbh
|c|âIlight|i mean
|c|âIlight|with hurricane
|c|âCroven|it cant break the balance cores
|c|âCroven|like it can
|
|switch|p2a: Celebi|Celebi|279\/404
|switch|p1a: Victini|Victini|341\/341
|-damage|p1a: Victini|256\/341|[from] Stealth Rock
|
|-heal|p1a: Victini|277\/341|[from] item: Leftovers
|-heal|p2a: Celebi|304\/404|[from] item: Leftovers
|turn|23
|c|âCroven|with hurricane
|
|switch|p2a: Heatran|Heatran, F|384\/384 par
|move|p1a: Victini|U-turn|p2a: Heatran
|-resisted|p2a: Heatran
|-damage|p2a: Heatran|369\/384 par
|
|switch|p1a: Gallade|Gallade-Mega, M|198\/278
|-damage|p1a: Gallade|181\/278|[from] Stealth Rock
|
|turn|24
|
|move|p1a: Gallade|Close Combat|p2a: Heatran
|-supereffective|p2a: Heatran
|-damage|p2a: Heatran|0 fnt
|-unboost|p1a: Gallade|def|1
|-unboost|p1a: Gallade|spd|1
|faint|p2a: Heatran
|
|
|switch|p2a: Lopunny|Lopunny-Mega, M|271\/271
|turn|25
|
|switch|p1a: Mew|Mew|404\/404
|-damage|p1a: Mew|354\/404|[from] Stealth Rock
|move|p2a: Lopunny|Return|p1a: Mew
|-damage|p1a: Mew|216\/404
|
|-heal|p1a: Mew|241\/404|[from] item: Leftovers
|turn|26
|
|move|p2a: Lopunny|Power-Up Punch|p1a: Mew
|-resisted|p1a: Mew
|-damage|p1a: Mew|215\/404
|-boost|p2a: Lopunny|atk|1
|move|p1a: Mew|Will-O-Wisp|p2a: Lopunny
|-status|p2a: Lopunny|brn
|
|-heal|p1a: Mew|240\/404|[from] item: Leftovers
|-damage|p2a: Lopunny|238\/271 brn|[from] brn
|turn|27
|
|move|p2a: Lopunny|Power-Up Punch|p1a: Mew
|-resisted|p1a: Mew
|-damage|p1a: Mew|219\/404
|-boost|p2a: Lopunny|atk|1
|move|p1a: Mew|Defog|p2a: Lopunny
|-unboost|p2a: Lopunny|evasion|1
|-sideend|p1: Ilight|Stealth Rock|[from] move: Defog|[of] p1a: Mew
|
|-heal|p1a: Mew|244\/404|[from] item: Leftovers
|-damage|p2a: Lopunny|205\/271 brn|[from] brn
|turn|28
|
|move|p2a: Lopunny|Power-Up Punch|p1a: Mew
|-resisted|p1a: Mew
|-damage|p1a: Mew|219\/404
|-boost|p2a: Lopunny|atk|1
|move|p1a: Mew|Heal Bell|p1a: Mew
|-cureteam|p1a: Mew|[from] move: HealBell
|
|-heal|p1a: Mew|244\/404|[from] item: Leftovers
|-damage|p2a: Lopunny|172\/271 brn|[from] brn
|turn|29
|
|move|p2a: Lopunny|Encore|p1a: Mew
|-start|p1a: Mew|Encore
|move|p1a: Mew|Heal Bell|p1a: Mew
|-cureteam|p1a: Mew|[from] move: HealBell
|
|-heal|p1a: Mew|269\/404|[from] item: Leftovers
|-damage|p2a: Lopunny|139\/271 brn|[from] brn
|turn|30
|
|switch|p1a: Slowbro|Slowbro, F|394\/394
|move|p2a: Lopunny|Power-Up Punch|p1a: Slowbro
|-resisted|p1a: Slowbro
|-damage|p1a: Slowbro|365\/394
|-boost|p2a: Lopunny|atk|1
|
|-heal|p1a: Slowbro|389\/394|[from] item: Leftovers
|-damage|p2a: Lopunny|106\/271 brn|[from] brn
|turn|31
|c|âCroven|all day erryday
|c|âCroven|lgi
|
|move|p2a: Lopunny|Return|p1a: Slowbro
|-damage|p1a: Slowbro|202\/394
|move|p1a: Slowbro|Flamethrower|p2a: Lopunny
|-damage|p2a: Lopunny|39\/271 brn
|
|-heal|p1a: Slowbro|226\/394|[from] item: Leftovers
|-damage|p2a: Lopunny|6\/271 brn|[from] brn
|turn|32
|c|âCroven|gonna crit
|c|âCroven|and ohko
|c|âCroven|ok nvm
|
|switch|p1a: Meloetta|Meloetta|197\/402
|move|p2a: Lopunny|Return|p1a: Meloetta
|-damage|p1a: Meloetta|0 fnt
|faint|p1a: Meloetta
|
|-damage|p2a: Lopunny|0 fnt|[from] brn
|faint|p2a: Lopunny
|c|âCroven|gg
|
|switch|p1a: Victini|Victini|277\/341
|switch|p2a: Celebi|Celebi|304\/404
|turn|33
|c|âIlight|gg
|
|move|p1a: Victini|V-create|p2a: Celebi
|-crit|p2a: Celebi
|-supereffective|p2a: Celebi
|-damage|p2a: Celebi|0 fnt
|-unboost|p1a: Victini|def|1
|-unboost|p1a: Victini|spd|1
|-unboost|p1a: Victini|spe|1
|faint|p2a: Celebi
|
|win|Ilight