|J|Croven
|J|Ilight
|player|p1|Croven|30
|player|p2|Ilight|1
|gametype|singles
|gen|6
|tier|OU
|clearpoke
|poke|p1|Lopunny, M
|poke|p1|Heatran, F
|poke|p1|Gliscor, F
|poke|p1|Celebi
|poke|p1|Mandibuzz, F
|poke|p1|Tornadus-Therian, M
|poke|p2|Slowbro, M
|poke|p2|Landorus-Therian, M
|poke|p2|Magnezone
|poke|p2|Jirachi
|poke|p2|Keldeo
|poke|p2|Mandibuzz, F
|rule|Swagger Clause: Swagger is banned
|rule|Baton Pass Clause: Limit one PokÃ©mon knowing Baton Pass
|rule|Sleep Clause Mod: Limit one foe put to sleep
|rule|Species Clause: Limit one of each PokÃ©mon
|rule|OHKO Clause: OHKO moves are banned
|rule|Moody Clause: Moody is banned
|rule|Evasion Moves Clause: Evasion moves are banned
|rule|Endless Battle Clause: Forcing endless battles is banned
|rule|HP Percentage Mod: HP is shown in percentages
|teampreview
|c|âIlight|gl hf
|c|âCroven|k aids team go!
|c|âCroven|best of luck
|J|Cnorth26
|c|âIlight|you as well
|
|start
|switch|p1a: Gliscor|Gliscor, F|353\/353
|switch|p2a: Landorus-Therian|Landorus-Therian, M|319\/319
|-ability|p2a: Landorus-Therian|Intimidate|[of] p1a: Gliscor
|-unboost|p1a: Gliscor|atk|1
|turn|1
|
|move|p2a: Landorus-Therian|Knock Off|p1a: Gliscor
|-damage|p1a: Gliscor|279\/353
|-enditem|p1a: Gliscor|Toxic Orb|[from] move: Knock Off|[of] p2a: Landorus-Therian
|move|p1a: Gliscor|Taunt|p2a: Landorus-Therian
|-start|p2a: Landorus-Therian|move: Taunt
|
|turn|2
|c|âIlight|woo
|c|âCroven|rip
|c|âCroven|why do u have knock off ;-;
|c|âIlight|idk
|c|âIlight|lol
|c|âCroven|.
|
|switch|p2a: Jirachi|Jirachi|388\/388
|move|p1a: Gliscor|Knock Off|p2a: Jirachi
|-supereffective|p2a: Jirachi
|-damage|p2a: Jirachi|286\/388
|-enditem|p2a: Jirachi|Leftovers|[from] move: Knock Off|[of] p1a: Gliscor
|
|turn|3
|c| Cnorth26|cause they all have knock off....
|c|âCroven|smh
|J|1 True Lycan
|
|move|p2a: Jirachi|Stealth Rock|p1a: Gliscor
|-sidestart|p1: Croven|move: Stealth Rock
|move|p1a: Gliscor|Earthquake|p2a: Jirachi
|-supereffective|p2a: Jirachi
|-damage|p2a: Jirachi|142\/388
|
|turn|4
|c|âCroven|why did that do zero
|
|move|p2a: Jirachi|U-turn|p1a: Gliscor
|-resisted|p1a: Gliscor
|-damage|p1a: Gliscor|257\/353
|c| 1 True Lycan|wait u put in tornadus
|
|switch|p2a: Keldeo|Keldeo|323\/323
|move|p1a: Gliscor|Earthquake|p2a: Keldeo
|-damage|p2a: Keldeo|242\/323
|
|-heal|p2a: Keldeo|262\/323|[from] item: Leftovers
|turn|5
|c| 1 True Lycan|WTF
|c| 1 True Lycan|USE MY SET
|c| 1 True Lycan|SD
|c| 1 True Lycan|FLING
|c| 1 True Lycan|ACRO
|c| 1 True Lycan|EQ
|
|switch|p2a: Magnezone|Magnezone|281\/281
|switch|p1a: Celebi|Celebi|404\/404
|-damage|p1a: Celebi|354\/404|[from] Stealth Rock
|
|-heal|p1a: Celebi|379\/404|[from] item: Leftovers
|turn|6
|raw|<div class="broadcast-red"><b>Moderated chat was set to +!<\/b><br \/>Only users of rank + and higher can talk.<\/div>
|c|âCroven|i dont use bad sets
|
|move|p1a: Celebi|Recover|p1a: Celebi
|-heal|p1a: Celebi|404\/404
|move|p2a: Magnezone|Flash Cannon|p1a: Celebi
|-damage|p1a: Celebi|160\/404
|
|-heal|p1a: Celebi|185\/404|[from] item: Leftovers
|turn|7
|
|move|p1a: Celebi|Baton Pass|p1a: Celebi
|
|switch|p1a: Heatran|Heatran, F|384\/384
|-damage|p1a: Heatran|336\/384|[from] Stealth Rock
|move|p2a: Magnezone|Flash Cannon|p1a: Heatran
|-resisted|p1a: Heatran
|-damage|p1a: Heatran|282\/384
|
|-heal|p1a: Heatran|306\/384|[from] item: Leftovers
|turn|8
|
|switch|p2a: Keldeo|Keldeo|262\/323
|move|p1a: Heatran|Toxic|p2a: Keldeo
|-status|p2a: Keldeo|tox
|
|-heal|p2a: Keldeo|282\/323 tox|[from] item: Leftovers
|-heal|p1a: Heatran|330\/384|[from] item: Leftovers
|-damage|p2a: Keldeo|262\/323 tox|[from] psn
|turn|9
|
|switch|p1a: Celebi|Celebi|185\/404
|-damage|p1a: Celebi|135\/404|[from] Stealth Rock
|move|p2a: Keldeo|Surf|p1a: Celebi
|-resisted|p1a: Celebi
|-damage|p1a: Celebi|52\/404
|
|-heal|p2a: Keldeo|282\/323 tox|[from] item: Leftovers
|-heal|p1a: Celebi|77\/404|[from] item: Leftovers
|-damage|p2a: Keldeo|242\/323 tox|[from] psn
|turn|10
|
|move|p2a: Keldeo|Surf|p1a: Celebi
|-resisted|p1a: Celebi
|-damage|p1a: Celebi|0 fnt
|faint|p1a: Celebi
|
|-heal|p2a: Keldeo|262\/323 tox|[from] item: Leftovers
|-damage|p2a: Keldeo|202\/323 tox|[from] psn
|
|switch|p1a: Tornadus-Therian|Tornadus-Therian, M|299\/299
|-damage|p1a: Tornadus-Therian|225\/299|[from] Stealth Rock
|turn|11
|
|switch|p2a: Magnezone|Magnezone|281\/281
|move|p1a: Tornadus-Therian|Hurricane|p2a: Magnezone
|-resisted|p2a: Magnezone
|-damage|p2a: Magnezone|217\/281
|-damage|p1a: Tornadus-Therian|196\/299|[from] item: Life Orb
|
|turn|12
|J|Sekoo
|raw|<div class="broadcast-blue"><b>Moderated chat was disabled!<\/b><br \/>Anyone may talk now.<\/div>
|
|move|p1a: Tornadus-Therian|Superpower|p2a: Magnezone
|-supereffective|p2a: Magnezone
|-damage|p2a: Magnezone|0 fnt
|-unboost|p1a: Tornadus-Therian|atk|1
|-unboost|p1a: Tornadus-Therian|def|1
|-damage|p1a: Tornadus-Therian|167\/299|[from] item: Life Orb
|faint|p2a: Magnezone
|
|c|âIlight|well
|c|âIlight|ouch
|
|switch|p2a: Landorus-Therian|Landorus-Therian, M|319\/319
|-ability|p2a: Landorus-Therian|Intimidate|[of] p1a: Tornadus-Therian
|-unboost|p1a: Tornadus-Therian|atk|1
|turn|13
|c| 1 True Lycan|light pls win
|
|switch|p1a: Gliscor|Gliscor, F|257\/353
|-damage|p1a: Gliscor|213\/353|[from] Stealth Rock
|move|p2a: Landorus-Therian|Stone Edge|p1a: Gliscor
|-damage|p1a: Gliscor|138\/353
|
|turn|14
|c| 1 True Lycan|I cant stand this croven nigga
|c|âCroven|\/me sighs
|c| 1 True Lycan|:)
|c|âCroven|why is this nigga retarded as fuck
|
|move|p2a: Landorus-Therian|Stone Edge|p1a: Gliscor
|-damage|p1a: Gliscor|55\/353
|move|p1a: Gliscor|Knock Off|p2a: Landorus-Therian
|-crit|p2a: Landorus-Therian
|-damage|p2a: Landorus-Therian|202\/319
|-enditem|p2a: Landorus-Therian|Choice Scarf|[from] move: Knock Off|[of] p1a: Gliscor
|
|turn|15
|
|move|p2a: Landorus-Therian|Stone Edge|p1a: Gliscor
|-damage|p1a: Gliscor|0 fnt
|faint|p1a: Gliscor
|
|
|switch|p1a: Mandibuzz|Mandibuzz, F|424\/424
|-damage|p1a: Mandibuzz|318\/424|[from] Stealth Rock
|turn|16
|
|move|p2a: Landorus-Therian|U-turn|p1a: Mandibuzz
|-damage|p1a: Mandibuzz|250\/424
|
|switch|p2a: Jirachi|Jirachi|142\/388
|move|p1a: Mandibuzz|Defog|p2a: Jirachi
|-unboost|p2a: Jirachi|evasion|1
|-sideend|p1: Croven|Stealth Rock|[from] move: Defog|[of] p1a: Mandibuzz
|
|-heal|p1a: Mandibuzz|276\/424|[from] item: Leftovers
|turn|17
|
|move|p2a: Jirachi|Stealth Rock|p1a: Mandibuzz
|-sidestart|p1: Croven|move: Stealth Rock
|move|p1a: Mandibuzz|Foul Play|p2a: Jirachi
|-supereffective|p2a: Jirachi
|-damage|p2a: Jirachi|0 fnt
|faint|p2a: Jirachi
|
|-heal|p1a: Mandibuzz|302\/424|[from] item: Leftovers
|c| 1 True Lycan|wait what item is gliscor
|c|âCroven|tox orb
|c| 1 True Lycan|did u get knocked off
|c|âCroven|he knocked off
|
|switch|p2a: Slowbro|Slowbro, M|393\/393
|turn|18
|c| 1 True Lycan|ok
|
|detailschange|p2a: Slowbro|Slowbro-Mega, M
|-mega|p2a: Slowbro|Slowbro|Slowbronite
|move|p1a: Mandibuzz|Defog|p2a: Slowbro
|-unboost|p2a: Slowbro|evasion|1
|-sideend|p1: Croven|Stealth Rock|[from] move: Defog|[of] p1a: Mandibuzz
|move|p2a: Slowbro|Scald|p1a: Mandibuzz
|-damage|p1a: Mandibuzz|175\/424
|
|-heal|p1a: Mandibuzz|201\/424|[from] item: Leftovers
|turn|19
|c|âIlight|mega paul time
|
|move|p1a: Mandibuzz|Foul Play|p2a: Slowbro
|-supereffective|p2a: Slowbro
|-damage|p2a: Slowbro|313\/393
|move|p2a: Slowbro|Scald|p1a: Mandibuzz
|-damage|p1a: Mandibuzz|69\/424
|-status|p1a: Mandibuzz|brn
|
|-heal|p1a: Mandibuzz|95\/424 brn|[from] item: Leftovers
|-damage|p1a: Mandibuzz|42\/424 brn|[from] brn
|turn|20
|
|move|p1a: Mandibuzz|Foul Play|p2a: Slowbro
|-supereffective|p2a: Slowbro
|-damage|p2a: Slowbro|277\/393
|move|p2a: Slowbro|Calm Mind|p2a: Slowbro
|-boost|p2a: Slowbro|spa|1
|-boost|p2a: Slowbro|spd|1
|
|-heal|p1a: Mandibuzz|68\/424 brn|[from] item: Leftovers
|-damage|p1a: Mandibuzz|15\/424 brn|[from] brn
|turn|21
|c| Cnorth26|start getting up the cms
|
|move|p1a: Mandibuzz|Foul Play|p2a: Slowbro
|-supereffective|p2a: Slowbro
|-damage|p2a: Slowbro|239\/393
|move|p2a: Slowbro|Calm Mind|p2a: Slowbro
|-boost|p2a: Slowbro|spa|1
|-boost|p2a: Slowbro|spd|1
|
|-heal|p1a: Mandibuzz|41\/424 brn|[from] item: Leftovers
|-damage|p1a: Mandibuzz|0 fnt|[from] brn
|faint|p1a: Mandibuzz
|
|switch|p1a: Heatran|Heatran, F|330\/384
|turn|22
|
|move|p1a: Heatran|Toxic|p2a: Slowbro
|-status|p2a: Slowbro|tox
|move|p2a: Slowbro|Scald|p1a: Heatran
|-supereffective|p1a: Heatran
|-damage|p1a: Heatran|0 fnt
|faint|p1a: Heatran
|
|-damage|p2a: Slowbro|215\/393 tox|[from] psn
|
|switch|p1a: Lopunny|Lopunny, M|271\/271
|turn|23
|c|âIlight|mega paul ftw
|
|switch|p2a: Landorus-Therian|Landorus-Therian, M|202\/319
|-ability|p2a: Landorus-Therian|Intimidate|[of] p1a: Lopunny
|-unboost|p1a: Lopunny|atk|1
|detailschange|p1a: Lopunny|Lopunny-Mega, M
|-mega|p1a: Lopunny|Lopunny|Lopunnite
|move|p1a: Lopunny|Substitute|p1a: Lopunny
|-start|p1a: Lopunny|Substitute
|-damage|p1a: Lopunny|204\/271
|
|turn|24
|
|move|p1a: Lopunny|Power-Up Punch|p2a: Landorus-Therian
|-resisted|p2a: Landorus-Therian
|-damage|p2a: Landorus-Therian|175\/319
|-boost|p1a: Lopunny|atk|1
|move|p2a: Landorus-Therian|Earthquake|p1a: Lopunny
|-end|p1a: Lopunny|Substitute
|
|turn|25
|c| Cnorth26|crobro
|
|move|p1a: Lopunny|Return|p2a: Landorus-Therian
|-damage|p2a: Landorus-Therian|0 fnt
|faint|p2a: Landorus-Therian
|
|c| Cnorth26|make it happen
|
|switch|p2a: Mandibuzz|Mandibuzz, F|424\/424
|turn|26
|c|âCroven|i can clutch this
|c|âCroven|!
|c| Cnorth26|oh its the sub pup set u told me about
|
|move|p1a: Lopunny|Substitute|p1a: Lopunny
|-start|p1a: Lopunny|Substitute
|-damage|p1a: Lopunny|137\/271
|move|p2a: Mandibuzz|Foul Play|p1a: Lopunny
|-resisted|p1a: Lopunny
|-end|p1a: Lopunny|Substitute
|
|turn|27
|
|move|p1a: Lopunny|Drain Punch|p2a: Mandibuzz
|-damage|p2a: Mandibuzz|327\/424
|-heal|p1a: Lopunny|186\/271|[from] drain|[of] p2a: Mandibuzz
|move|p2a: Mandibuzz|Foul Play|p1a: Lopunny
|-resisted|p1a: Lopunny
|-damage|p1a: Lopunny|93\/271
|
|-heal|p2a: Mandibuzz|353\/424|[from] item: Leftovers
|turn|28
|c| Cnorth26|possibly
|
|switch|p1a: Tornadus-Therian|Tornadus-Therian, M|266\/299
|move|p2a: Mandibuzz|Foul Play|p1a: Tornadus-Therian
|-damage|p1a: Tornadus-Therian|124\/299
|
|-heal|p2a: Mandibuzz|379\/424|[from] item: Leftovers
|turn|29
|c| Cnorth26|how much does a hurricane do
|c|âIlight|just saying
|c|âCroven|why'd that do so much hello?
|c|âIlight|if you let tornadus die
|c|âIlight|keldeo outspeeds
|c|âIlight|;P
|
|move|p1a: Tornadus-Therian|U-turn|p2a: Mandibuzz
|-damage|p2a: Mandibuzz|327\/424
|-damage|p1a: Tornadus-Therian|95\/299|[from] item: Life Orb
|
|switch|p1a: Lopunny|Lopunny-Mega, M|93\/271
|move|p2a: Mandibuzz|Foul Play|p1a: Lopunny
|-resisted|p1a: Lopunny
|-damage|p1a: Lopunny|9\/271
|
|-heal|p2a: Mandibuzz|353\/424|[from] item: Leftovers
|turn|30
|c| Cnorth26|keldeo doesnt outspeed lop...
|c|âIlight|108 vs 105
|c|âCroven|^
|c|âCroven|what?
|c|âIlight|ou
|c|âIlight|oh
|c| Cnorth26|loppuny
|c|âIlight|lopuny normal
|c| Cnorth26|isnt 105
|c|âIlight|myb
|
|move|p1a: Lopunny|Return|p2a: Mandibuzz
|-crit|p2a: Mandibuzz
|-damage|p2a: Mandibuzz|143\/424
|move|p2a: Mandibuzz|Roost|p2a: Mandibuzz
|-heal|p2a: Mandibuzz|355\/424
|
|-heal|p2a: Mandibuzz|381\/424|[from] item: Leftovers
|turn|31
|c|âCroven|ayy
|c|âCroven|aw
|c|âIlight|:D
|
|move|p1a: Lopunny|Return|p2a: Mandibuzz
|-damage|p2a: Mandibuzz|249\/424
|move|p2a: Mandibuzz|Foul Play|p1a: Lopunny
|-resisted|p1a: Lopunny
|-damage|p1a: Lopunny|0 fnt
|faint|p1a: Lopunny
|
|-heal|p2a: Mandibuzz|275\/424|[from] item: Leftovers
|
|switch|p1a: Tornadus-Therian|Tornadus-Therian, M|194\/299
|turn|32
|
|move|p1a: Tornadus-Therian|Hurricane|p2a: Mandibuzz|[miss]
|-miss|p1a: Tornadus-Therian|p2a: Mandibuzz
|move|p2a: Mandibuzz|Roost|p2a: Mandibuzz
|-heal|p2a: Mandibuzz|424\/424
|
|turn|33
|c|âCroven|.
|c| Cnorth26|and its ogre
|c|âCroven|bro u can't do this
|
|move|p1a: Tornadus-Therian|Hurricane|p2a: Mandibuzz
|-damage|p2a: Mandibuzz|177\/424
|-start|p2a: Mandibuzz|confusion
|-damage|p1a: Tornadus-Therian|165\/299|[from] item: Life Orb
|-activate|p2a: Mandibuzz|confusion
|-damage|p2a: Mandibuzz|162\/424|[from] confusion
|
|-heal|p2a: Mandibuzz|188\/424|[from] item: Leftovers
|turn|34
|c| Cnorth26|spam hurricane anyways!
|c|âIlight|lol
|c|âCroven|yes
|c|âCroven|YES
|
|move|p1a: Tornadus-Therian|Hurricane|p2a: Mandibuzz
|-damage|p2a: Mandibuzz|0 fnt
|-damage|p1a: Tornadus-Therian|136\/299|[from] item: Life Orb
|faint|p2a: Mandibuzz
|
|
|switch|p2a: Slowbro|Slowbro-Mega, M|215\/393 tox
|turn|35
|c|âCroven|THIS IS MY CHANCE
|c|âIlight|mega paul
|c| Cnorth26|they all must go
|c|âIlight|i believe
|c| 1 True Lycan|miss
|
|move|p1a: Tornadus-Therian|Hurricane|p2a: Slowbro
|-damage|p2a: Slowbro|0 fnt
|-damage|p1a: Tornadus-Therian|107\/299|[from] item: Life Orb
|faint|p2a: Slowbro
|
|c|âIlight|mega paul noo
|c|âCroven|LOOOOL
|c|âCroven|CMON
|
|switch|p2a: Keldeo|Keldeo|202\/323 tox
|turn|36
|c|âCroven|ONE MORE
|c| 1 True Lycan|luckE
|c| Cnorth26|aaaaaaaaaaaaaaaaaaaaaaaaaaaaaaaaaaaaaaaaaaaaaaaaaaaaaaaaaaaaaaaaaaaaaaaaaaaaaaaaaaaaaaaaaaaaaaaaaaaaaaaaaaaaaaaaaaaaaaaaaaaaaaaaaaaaaaaaaaaaaaaaaaaaaaaaaaaaaaaaaaaaaaaaaaaaaaaaaa
|c| 1 True Lycan|n bad
|
|move|p1a: Tornadus-Therian|Hurricane|p2a: Keldeo
|-crit|p2a: Keldeo
|-supereffective|p2a: Keldeo
|-damage|p2a: Keldeo|0 fnt
|-damage|p1a: Tornadus-Therian|78\/299|[from] item: Life Orb
|faint|p2a: Keldeo
|
|win|Croven
|c|âIlight|noooo
|c| Cnorth26|ded
|c|âCroven|AYYYYYYYYY
|c|âIlight|and a crit
|c|âIlight|:(
|c|âCroven|GG
|c|âIlight|gg