|join|Tr@iner EricSaysHi
|join|Croven
|player|p1|Tr@iner EricSaysHi|trinerericsayshi.png
|player|p2|Croven|167
|gametype|singles
|gen|6
|tier|OU
|clearpoke
|poke|p1|Sceptile, F
|poke|p1|Hawlucha, M
|poke|p1|Haxorus, F
|poke|p1|Exploud, F
|poke|p1|Meowstic, M
|poke|p1|Clawitzer, F
|poke|p2|Politoed, M
|poke|p2|Stantler, F
|poke|p2|Suicune
|poke|p2|Exeggutor, F
|poke|p2|Bastiodon, M
|poke|p2|Grumpig, M
|rule|Swagger Clause: Swagger is banned
|rule|Baton Pass Clause: Limit one PokÃ©mon knowing Baton Pass
|rule|Sleep Clause Mod: Limit one foe put to sleep
|rule|Species Clause: Limit one of each PokÃ©mon
|rule|OHKO Clause: OHKO moves are banned
|rule|Moody Clause: Moody is banned
|rule|Evasion Moves Clause: Evasion moves are banned
|rule|Endless Battle Clause: Forcing endless battles is banned
|rule|HP Percentage Mod: HP is shown in percentages
|teampreview
Tr@iner EricSaysHi turned on modjoin.
|raw|<div class="broadcast-red"><b>Moderated chat was set to +!<\/b><br \/>Only users of rank + and higher can talk.<\/div>
Tr@iner EricSaysHi made this room private.
|c|âCroven|LGI
|raw|<font color=#4249F8> <\/font><button class="astext" name="parseCommand" value="\/user Tr@iner EricSaysHi"><b><font color="#DC04D5">Tr@iner EricSaysHi:<\/font><\/b><\/button> gl hf
|c|âCroven|best of luck
|raw|<font color=#4249F8> <\/font><button class="astext" name="parseCommand" value="\/user Tr@iner EricSaysHi"><b><font color="#DC04D5">Tr@iner EricSaysHi:<\/font><\/b><\/button> im scared af for the crocune
|c|âCroven|i'm scared
|c|âCroven|of ur whole team
|raw|<font color=#4249F8> <\/font><button class="astext" name="parseCommand" value="\/user Tr@iner EricSaysHi"><b><font color="#DC04D5">Tr@iner EricSaysHi:<\/font><\/b><\/button> il have to spam outrage with haxorus
|c|âCroven|why is ur team so stacked
|raw|<font color=#4249F8> <\/font><button class="astext" name="parseCommand" value="\/user Tr@iner EricSaysHi"><b><font color="#DC04D5">Tr@iner EricSaysHi:<\/font><\/b><\/button> chakra got all the shit mons
|raw|<font color=#4249F8> <\/font><button class="astext" name="parseCommand" value="\/user Tr@iner EricSaysHi"><b><font color="#DC04D5">Tr@iner EricSaysHi:<\/font><\/b><\/button> cus he isnt here
|c|âCroven|lmao
|
|start
|switch|p1a: Sceptile|Sceptile, F|281\/281
|switch|p2a: Bastiodon|Bastiodon, M|324\/324
|turn|1
|
|detailschange|p1a: Sceptile|Sceptile-Mega, F
|message|Sceptile has Mega Evolved into Mega Sceptile!
|move|p1a: Sceptile|Hidden Power|p2a: Bastiodon
|-crit|p2a: Bastiodon
|-damage|p2a: Bastiodon|251\/324
|move|p2a: Bastiodon|Heavy Slam|p1a: Sceptile
|-damage|p1a: Sceptile|185\/281
|
|-heal|p2a: Bastiodon|271\/324|[from] item: Leftovers
|turn|2
|c|âCroven|nice
|c|âCroven|!
|raw|<font color=#4249F8> <\/font><button class="astext" name="parseCommand" value="\/user Tr@iner EricSaysHi"><b><font color="#DC04D5">Tr@iner EricSaysHi:<\/font><\/b><\/button> i have nothing for this.
|
|move|p1a: Sceptile|Earthquake|p2a: Bastiodon
|-supereffective|p2a: Bastiodon
|-damage|p2a: Bastiodon|0 fnt
|faint|p2a: Bastiodon
|
|c|âCroven|wow
|c|âCroven|ok
|raw|<font color=#4249F8> <\/font><button class="astext" name="parseCommand" value="\/user Tr@iner EricSaysHi"><b><font color="#DC04D5">Tr@iner EricSaysHi:<\/font><\/b><\/button> just kidding
|c|âCroven|rude
|c|âCroven|what do i have for this
|c|âCroven|?_?
|
|switch|p2a: Politoed|Politoed, M|383\/383
|-weather|RainDance
|turn|3
|
|move|p1a: Sceptile|Leaf Storm|p2a: Politoed
|-supereffective|p2a: Politoed
|-damage|p2a: Politoed|0 fnt
|-unboost|p1a: Sceptile|spa|2
|faint|p2a: Politoed
|
|-weather|RainDance|[upkeep]
|raw|<font color=#4249F8> <\/font><button class="astext" name="parseCommand" value="\/user Tr@iner EricSaysHi"><b><font color="#DC04D5">Tr@iner EricSaysHi:<\/font><\/b><\/button> lol.
|c|âCroven|you have fucking leaf storm
|c|âCroven|gdi
|raw|<font color=#4249F8> <\/font><button class="astext" name="parseCommand" value="\/user Tr@iner EricSaysHi"><b><font color="#DC04D5">Tr@iner EricSaysHi:<\/font><\/b><\/button> im scared af for suicune.
|
|switch|p2a: Suicune|Suicune|404\/404
|-ability|p2a: Suicune|Pressure
|turn|4
|c|âCroven|welp
|c|âCroven|its time
|raw|<font color=#4249F8> <\/font><button class="astext" name="parseCommand" value="\/user Tr@iner EricSaysHi"><b><font color="#DC04D5">Tr@iner EricSaysHi:<\/font><\/b><\/button> if only i brought poliwrath
|c|âCroven|lol
|
|switch|p1a: Haxorus|Haxorus, F|293\/293
|-ability|p1a: Haxorus|Mold Breaker
|move|p2a: Suicune|Calm Mind|p2a: Suicune
|-boost|p2a: Suicune|spa|1
|-boost|p2a: Suicune|spd|1
|
|-weather|RainDance|[upkeep]
|turn|5
|
|move|p1a: Haxorus|Dragon Dance|p1a: Haxorus
|-boost|p1a: Haxorus|atk|1
|-boost|p1a: Haxorus|spe|1
|move|p2a: Suicune|Scald|p1a: Haxorus
|-resisted|p1a: Haxorus
|-damage|p1a: Haxorus|161\/293
|
|-weather|RainDance|[upkeep]
|turn|6
|c|âCroven|no burn?
|c|âCroven|WTF
|
|move|p1a: Haxorus|Dragon Dance|p1a: Haxorus
|-boost|p1a: Haxorus|atk|1
|-boost|p1a: Haxorus|spe|1
|move|p2a: Suicune|Scald|p1a: Haxorus
|-resisted|p1a: Haxorus
|-damage|p1a: Haxorus|32\/293
|
|-weather|RainDance|[upkeep]
|turn|7
|c|âCroven|bro
|c|âCroven|you can't
|c|âCroven|do this to me
|raw|<font color=#4249F8> <\/font><button class="astext" name="parseCommand" value="\/user Tr@iner EricSaysHi"><b><font color="#DC04D5">Tr@iner EricSaysHi:<\/font><\/b><\/button> i have lum berry
|c|âCroven|i coulda
|c|âCroven|burned twice
|raw|<font color=#4249F8> <\/font><button class="astext" name="parseCommand" value="\/user Tr@iner EricSaysHi"><b><font color="#DC04D5">Tr@iner EricSaysHi:<\/font><\/b><\/button> then i would have just used it
|
|move|p1a: Haxorus|Dragon Claw|p2a: Suicune
|-damage|p2a: Suicune|172\/404
|move|p2a: Suicune|Scald|p1a: Haxorus
|-resisted|p1a: Haxorus
|-damage|p1a: Haxorus|0 fnt
|faint|p1a: Haxorus
|
|-weather|none
|-heal|p2a: Suicune|197\/404|[from] item: Leftovers
|c|âCroven|NICE
|c|âCroven|DMG
|
|switch|p1a: Sceptile|Sceptile-Mega, F|185\/281
|turn|8
|
|switch|p2a: Exeggutor|Exeggutor, F|394\/394
|move|p1a: Sceptile|Leaf Storm|p2a: Exeggutor
|-resisted|p2a: Exeggutor
|-damage|p2a: Exeggutor|250\/394
|-unboost|p1a: Sceptile|spa|2
|
|turn|9
|
|switch|p1a: Exploud|Exploud, F|411\/411
|switch|p2a: Suicune|Suicune|197\/404
|-ability|p2a: Suicune|Pressure
|
|-heal|p2a: Suicune|222\/404|[from] item: Leftovers
|turn|10
|raw|<font color=#4249F8> <\/font><button class="astext" name="parseCommand" value="\/user Tr@iner EricSaysHi"><b><font color="#DC04D5">Tr@iner EricSaysHi:<\/font><\/b><\/button> inb4 rekt
|c|âCroven|wow
|c|âCroven|ok
|
|switch|p2a: Stantler|Stantler, F|350\/350
|-ability|p2a: Stantler|Intimidate|[of] p1a: Exploud
|-unboost|p1a: Exploud|atk|1
|move|p1a: Exploud|Boomburst|p2a: Stantler
|-damage|p2a: Stantler|37\/350
|
|-heal|p2a: Stantler|58\/350|[from] item: Leftovers
|turn|11
|
|switch|p1a: Meowstic|Meowstic, M|351\/351
|move|p2a: Stantler|Hypnosis|p1a: Meowstic|[miss]
|-miss|p2a: Stantler|p1a: Meowstic
|
|-heal|p2a: Stantler|79\/350|[from] item: Leftovers
|turn|12
|c|âCroven|.
|raw|<font color=#4249F8> <\/font><button class="astext" name="parseCommand" value="\/user Tr@iner EricSaysHi"><b><font color="#DC04D5">Tr@iner EricSaysHi:<\/font><\/b><\/button> lol
|
|move|p1a: Meowstic|Magic Coat|p1a: Meowstic
|-singleturn|p1a: Meowstic|move: Magic Coat
|move|p2a: Stantler|Hypnosis|p1a: Meowstic
|move|p1a: Meowstic|Hypnosis|p2a: Stantler|[from]Magic Coat|[miss]
|-miss|p1a: Meowstic|p2a: Stantler
|
|-heal|p2a: Stantler|100\/350|[from] item: Leftovers
|turn|13
|
|move|p1a: Meowstic|Magic Coat|p1a: Meowstic
|-singleturn|p1a: Meowstic|move: Magic Coat
|move|p2a: Stantler|Hypnosis|p1a: Meowstic
|move|p1a: Meowstic|Hypnosis|p2a: Stantler|[from]Magic Coat|[miss]
|-miss|p1a: Meowstic|p2a: Stantler
|
|-heal|p2a: Stantler|121\/350|[from] item: Leftovers
|turn|14
|c|âCroven|bro
|c|âCroven|miss
|c|âCroven|nice
|raw|<font color=#4249F8> <\/font><button class="astext" name="parseCommand" value="\/user Tr@iner EricSaysHi"><b><font color="#DC04D5">Tr@iner EricSaysHi:<\/font><\/b><\/button> :?
|
|move|p1a: Meowstic|Magic Coat|p1a: Meowstic
|-singleturn|p1a: Meowstic|move: Magic Coat
|move|p2a: Stantler|Frustration|p1a: Meowstic
|-damage|p1a: Meowstic|218\/351
|
|-heal|p2a: Stantler|142\/350|[from] item: Leftovers
|turn|15
|
|move|p1a: Meowstic|Magic Coat|p1a: Meowstic
|-singleturn|p1a: Meowstic|move: Magic Coat
|move|p2a: Stantler|Frustration|p1a: Meowstic
|-damage|p1a: Meowstic|85\/351
|
|-heal|p2a: Stantler|163\/350|[from] item: Leftovers
|turn|16
|
|move|p1a: Meowstic|Reflect|p1a: Meowstic
|-sidestart|p1: Tr@iner EricSaysHi|Reflect
|move|p2a: Stantler|Frustration|p1a: Meowstic
|-damage|p1a: Meowstic|16\/351
|
|-heal|p2a: Stantler|184\/350|[from] item: Leftovers
|turn|17
|
|move|p1a: Meowstic|Light Screen|p1a: Meowstic
|-sidestart|p1: Tr@iner EricSaysHi|move: Light Screen
|move|p2a: Stantler|Frustration|p1a: Meowstic
|-damage|p1a: Meowstic|0 fnt
|faint|p1a: Meowstic
|
|-heal|p2a: Stantler|205\/350|[from] item: Leftovers
|c|âCroven|bro
|
|switch|p1a: Hawlucha|Hawlucha, M|297\/297
|turn|18
|c|âCroven|why is ur team so stacked this is stupid
|
|move|p1a: Hawlucha|High Jump Kick|p2a: Stantler
|-supereffective|p2a: Stantler
|-damage|p2a: Stantler|0 fnt
|faint|p2a: Stantler
|
|
|switch|p2a: Suicune|Suicune|222\/404
|-ability|p2a: Suicune|Pressure
|turn|19
|raw|<font color=#4249F8> <\/font><button class="astext" name="parseCommand" value="\/user Tr@iner EricSaysHi"><b><font color="#DC04D5">Tr@iner EricSaysHi:<\/font><\/b><\/button> chakra has a fucking furret
|
|move|p1a: Hawlucha|Sky Attack|p2a: Suicune|[still]
|-prepare|p1a: Hawlucha|Sky Attack|p2a: Suicune
|-enditem|p1a: Hawlucha|Power Herb
|-anim|p1a: Hawlucha|Sky Attack|p2a: Suicune
|-damage|p2a: Suicune|84\/404
|move|p2a: Suicune|Rest|p2a: Suicune
|-status|p2a: Suicune|slp
|-heal|p2a: Suicune|404\/404 slp|[silent]
|-status|p2a: Suicune|slp|[from] move: Rest
|
|turn|20
|c|âCroven|.
|
|move|p1a: Hawlucha|Swords Dance|p1a: Hawlucha
|-boost|p1a: Hawlucha|atk|2
|cant|p2a: Suicune|slp
|move|p2a: Suicune|Sleep Talk|p2a: Suicune
|move|p2a: Suicune|Rest|p2a: Suicune|[from]Sleep Talk
|-fail|p2a: Suicune
|
|turn|21
|
|move|p1a: Hawlucha|Acrobatics|p2a: Suicune
|-damage|p2a: Suicune|197\/404 slp
|cant|p2a: Suicune|slp
|move|p2a: Suicune|Sleep Talk|p2a: Suicune
|move|p2a: Suicune|Scald|p1a: Hawlucha|[from]Sleep Talk
|-damage|p1a: Hawlucha|234\/297
|
|-heal|p2a: Suicune|222\/404 slp|[from] item: Leftovers
|turn|22
|c|âCroven|>rest
|c|âCroven|oml
|c|âCroven|aids
|c|âCroven|burn
|c|âCroven|WTF
|
|move|p1a: Hawlucha|High Jump Kick|p2a: Suicune
|-damage|p2a: Suicune|0 fnt
|faint|p2a: Suicune
|
|c|âCroven|why is this game
|c|âCroven|so aids
|
|switch|p2a: Grumpig|Grumpig, M|364\/364
|turn|23
|
|move|p1a: Hawlucha|Acrobatics|p2a: Grumpig
|-damage|p2a: Grumpig|0 fnt
|faint|p2a: Grumpig
|
|-sideend|p1: Tr@iner EricSaysHi|Reflect
|c|âCroven|i never get a burn when i use it
|c|âCroven|but no
|c|âCroven|when others use it
|c|âCroven|smh
|
|switch|p2a: Exeggutor|Exeggutor, F|250\/394
|turn|24
|
|move|p1a: Hawlucha|Acrobatics|p2a: Exeggutor
|-supereffective|p2a: Exeggutor
|-damage|p2a: Exeggutor|0 fnt
|faint|p2a: Exeggutor
|
|win|Tr@iner EricSaysHi
|c|âCroven|bg
|leave|Croven
|player|p2