|J|Croven
|J|pn crd
|player|p1|Croven|167
|player|p2|pn crd|216
|gametype|singles
|gen|6
|tier|OU
|clearpoke
|poke|p1|Starmie
|poke|p1|Klefki, F
|poke|p1|Aerodactyl, F
|poke|p1|Kyurem-Black
|poke|p1|Heatran, M
|poke|p1|Chesnaught, M
|poke|p2|Gliscor, F
|poke|p2|Heatran, M
|poke|p2|Skarmory, F
|poke|p2|Audino, F
|poke|p2|Azumarill, M
|poke|p2|Breloom, M
|rule|Swagger Clause: Swagger is banned
|rule|Baton Pass Clause: Limit one PokÃ©mon knowing Baton Pass
|rule|Sleep Clause Mod: Limit one foe put to sleep
|rule|Species Clause: Limit one of each PokÃ©mon
|rule|OHKO Clause: OHKO moves are banned
|rule|Moody Clause: Moody is banned
|rule|Evasion Moves Clause: Evasion moves are banned
|rule|Endless Battle Clause: Forcing endless battles is banned
|rule|HP Percentage Mod: HP is shown in percentages
|teampreview
|c|âpn crd|nah
|c|âCroven|what
|c|âpn crd|ah*
|c|âCroven|oh lol
|c|âpn crd|i used that fwg core be4
|c|âCroven|hnng
|
|start
|switch|p1a: Kyurem-Black|Kyurem-Black|391\/391
|switch|p2a: glisker|Gliscor, F|352\/352
|-ability|p1a: Kyurem-Black|Teravolt
|turn|1
|
|switch|p2a: odano|Audino, F|409\/409
|move|p1a: Kyurem-Black|Outrage|p2a: odano
|-damage|p2a: odano|0 fnt
|-damage|p1a: Kyurem-Black|352\/391|[from] item: Life Orb
|faint|p2a: odano
|
|c|âpn crd|lol 100
|c|âCroven|well
|
|switch|p2a: azumril|Azumarill, M|403\/403
|turn|2
|c|âCroven|miss?
|
|move|p1a: Kyurem-Black|Outrage|p2a: azumril
|-immune|p2a: azumril|[msg]
|move|p2a: azumril|Play Rough|p1a: Kyurem-Black
|-supereffective|p1a: Kyurem-Black
|-damage|p1a: Kyurem-Black|0 fnt
|faint|p1a: Kyurem-Black
|
|
|switch|p1a: Chesnaught|Chesnaught, M|320\/320
|turn|3
|J|Based Lord Joshua
|c|âCroven|oops misclick
|c|âCroven|lmoa
|
|switch|p1a: Heatran|Heatran, M|323\/323
|switch|p2a: glisker|Gliscor, F|352\/352
|
|-status|p2a: glisker|tox|[from] item: Toxic Orb
|turn|4
|
|switch|p1a: Chesnaught|Chesnaught, M|320\/320
|move|p2a: glisker|U-turn|p1a: Chesnaught
|-damage|p1a: Chesnaught|273\/320
|J|mÃ¶Ã±Â§ Â®4 ÃªvÃ«rÃ¿Ã¸Ã±
|
|switch|p2a: heetrn|Heatran, M|385\/385
|
|turn|5
|raw|<div class="broadcast-blue"><b><font size=1><i>Global declare from a Developer<br \/><\/i><\/font size>Botl sign ups will be closing in about 10 minutes. Send your rep in with \/report BOTL: rep \/ sub, league. Example: \/report BOTL: jd \/ tailz, staff league. Please don't send in the example.<\/b><\/div>
|
|switch|p1a: Starmie|Starmie|261\/261
|move|p2a: heetrn|Stealth Rock|p1a: Starmie
|-sidestart|p1: Croven|move: Stealth Rock
|
|turn|6
|
|move|p1a: Starmie|Rapid Spin|p2a: heetrn
|-resisted|p2a: heetrn
|-damage|p2a: heetrn|379\/385
|-sideend|p1: Croven|Stealth Rock|[from] move: Rapid Spin|[of] p1a: Starmie
|-damage|p1a: Starmie|235\/261|[from] item: Life Orb
|move|p2a: heetrn|Toxic|p1a: Starmie
|-status|p1a: Starmie|tox
|
|-heal|p2a: heetrn|385\/385|[from] item: Leftovers
|-damage|p1a: Starmie|219\/261 tox|[from] psn
|turn|7
|
|switch|p2a: azumril|Azumarill, M|403\/403
|move|p1a: Starmie|Psyshock|p2a: azumril
|-damage|p2a: azumril|153\/403
|-damage|p1a: Starmie|193\/261 tox|[from] item: Life Orb
|
|-damage|p1a: Starmie|161\/261 tox|[from] psn
|turn|8
|
|switch|p2a: skarmry|Skarmory, F|333\/333
|move|p1a: Starmie|Psyshock|p2a: skarmry
|-resisted|p2a: skarmry
|-damage|p2a: skarmry|278\/333
|-damage|p1a: Starmie|135\/261 tox|[from] item: Life Orb
|
|-heal|p2a: skarmry|298\/333|[from] item: Leftovers
|-damage|p1a: Starmie|87\/261 tox|[from] psn
|turn|9
|
|move|p1a: Starmie|Hydro Pump|p2a: skarmry
|-damage|p2a: skarmry|25\/333
|-damage|p1a: Starmie|61\/261 tox|[from] item: Life Orb
|move|p2a: skarmry|Spikes|p1a: Starmie
|-sidestart|p1: Croven|Spikes
|
|-heal|p2a: skarmry|45\/333|[from] item: Leftovers
|-damage|p1a: Starmie|0 fnt|[from] psn
|faint|p1a: Starmie
|
|switch|p1a: Heatran|Heatran, M|323\/323
|-damage|p1a: Heatran|283\/323|[from] Spikes
|turn|10
|
|switch|p2a: glisker|Gliscor, F|352\/352 tox
|move|p1a: Heatran|Flash Cannon|p2a: glisker
|-crit|p2a: glisker
|-damage|p2a: glisker|129\/352 tox
|
|-heal|p2a: glisker|173\/352 tox|[from] ability: Poison Heal
|turn|11
|
|switch|p1a: Chesnaught|Chesnaught, M|273\/320
|-damage|p1a: Chesnaught|233\/320|[from] Spikes
|move|p2a: glisker|Roost|p2a: glisker
|-heal|p2a: glisker|349\/352 tox
|
|-heal|p2a: glisker|352\/352 tox|[from] ability: Poison Heal
|turn|12
|
|move|p1a: Chesnaught|Belly Drum|p1a: Chesnaught
|-damage|p1a: Chesnaught|73\/320
|-setboost|p1a: Chesnaught|atk|6|[from] move: Belly Drum
|-enditem|p1a: Chesnaught|Salac Berry|[eat]
|-boost|p1a: Chesnaught|spe|1|[from] item: Salac Berry
|move|p2a: glisker|Taunt|p1a: Chesnaught
|-start|p1a: Chesnaught|move: Taunt
|
|turn|13
|c|âpn crd|oml
|c|âpn crd|help
|c|âCroven|:^)
|
|move|p1a: Chesnaught|Drain Punch|p2a: glisker
|-resisted|p2a: glisker
|-damage|p2a: glisker|149\/352 tox
|-heal|p1a: Chesnaught|175\/320|[from] drain|[of] p2a: glisker
|move|p2a: glisker|U-turn|p1a: Chesnaught
|-damage|p1a: Chesnaught|133\/320
|
|switch|p2a: brlum|Breloom, M|323\/323
|
|-status|p2a: brlum|tox|[from] item: Toxic Orb
|turn|14
|c|âCroven|git rekt
|
|switch|p2a: skarmry|Skarmory, F|45\/333
|move|p1a: Chesnaught|Drain Punch|p2a: skarmry
|-damage|p2a: skarmry|0 fnt
|-heal|p1a: Chesnaught|156\/320|[from] drain|[of] p2a: skarmry
|faint|p2a: skarmry
|
|c|âpn crd|gg
|c|âpn crd|lmao
|-message|pn crd forfeited.
|
|win|Croven
|c|âCroven|:]]]
|L|pn crd
|player|p2