|J|The TurtleLord
|J|Croven
|player|p1|The TurtleLord|theturtlelord.gif
|player|p2|Croven|102
|gametype|singles
|gen|6
|tier|OU
|clearpoke
|poke|p1|Sableye, M
|poke|p1|Clefable, F
|poke|p1|Chansey, F
|poke|p1|Skarmory, M
|poke|p1|Amoonguss, M
|poke|p1|Quagsire, M
|poke|p2|Scizor, F
|poke|p2|Sceptile, F
|poke|p2|Heatran, M
|poke|p2|Clefable, F
|poke|p2|Rotom-Wash
|poke|p2|Landorus-Therian, M
|rule|Swagger Clause: Swagger is banned
|rule|Baton Pass Clause: Limit one PokÃ©mon knowing Baton Pass
|rule|Sleep Clause Mod: Limit one foe put to sleep
|rule|Species Clause: Limit one of each PokÃ©mon
|rule|OHKO Clause: OHKO moves are banned
|rule|Moody Clause: Moody is banned
|rule|Evasion Moves Clause: Evasion moves are banned
|rule|Endless Battle Clause: Forcing endless battles is banned
|rule|HP Percentage Mod: HP is shown in percentages
|teampreview
|c|âThe TurtleLord|gl
|c|âCroven|eh i guess its bo1
|c|âThe TurtleLord|aight
|c|âCroven|and best of luck to u2
|c|âThe TurtleLord|hf
|
|start
|switch|p1a: Skarmory|Skarmory, M|334\/334
|switch|p2a: Heatran|Heatran, M|386\/386
|turn|1
|
|switch|p1a: Chansey|Chansey, F|643\/643
|move|p2a: Heatran|Stealth Rock|p1a: Chansey
|-sidestart|p1: The TurtleLord|move: Stealth Rock
|
|turn|2
|
|move|p2a: Heatran|Taunt|p1a: Chansey
|-start|p1a: Chansey|move: Taunt
|cant|p1a: Chansey|move: Taunt|Wish
|
|turn|3
|
|switch|p2a: Scizor|Scizor, F|344\/344
|move|p1a: Chansey|Seismic Toss|p2a: Scizor
|-damage|p2a: Scizor|244\/344
|
|turn|4
|
|switch|p1a: Skarmory|Skarmory, M|334\/334
|-damage|p1a: Skarmory|293\/334|[from] Stealth Rock
|move|p2a: Scizor|U-turn|p1a: Skarmory
|-resisted|p1a: Skarmory
|-damage|p1a: Skarmory|266\/334
|
|switch|p2a: Heatran|Heatran, M|386\/386
|
|turn|5
|
|switch|p1a: Chansey|Chansey, F|643\/643
|-damage|p1a: Chansey|563\/643|[from] Stealth Rock
|move|p2a: Heatran|Lava Plume|p1a: Chansey
|-damage|p1a: Chansey|505\/643
|-status|p1a: Chansey|brn
|
|-damage|p1a: Chansey|425\/643 brn|[from] brn
|turn|6
|
|switch|p1a: Quagmire|Quagsire, M|394\/394
|-damage|p1a: Quagmire|370\/394|[from] Stealth Rock
|move|p2a: Heatran|Roar|p1a: Quagmire
|drag|p1a: Skarmory|Skarmory, M|266\/334
|-damage|p1a: Skarmory|225\/334|[from] Stealth Rock
|
|turn|7
|
|switch|p1a: Chansey|Chansey, F|425\/643
|-damage|p1a: Chansey|345\/643|[from] Stealth Rock
|move|p2a: Heatran|Lava Plume|p1a: Chansey
|-crit|p1a: Chansey
|-damage|p1a: Chansey|257\/643
|-status|p1a: Chansey|brn
|
|-damage|p1a: Chansey|177\/643 brn|[from] brn
|turn|8
|c|âThe TurtleLord|o lord
|c|âCroven|damn
|c|âThe TurtleLord|these burns
|c|âThe TurtleLord|@_@
|c|âThe TurtleLord|w\/e
|c|âCroven|sorry :x
|
|move|p2a: Heatran|Taunt|p1a: Chansey
|-start|p1a: Chansey|move: Taunt
|cant|p1a: Chansey|move: Taunt|Soft-Boiled
|
|-damage|p1a: Chansey|97\/643 brn|[from] brn
|turn|9
|c|âThe TurtleLord|fuck i already lost
|c|âThe TurtleLord|:\/
|
|move|p2a: Heatran|Lava Plume|p1a: Chansey
|-damage|p1a: Chansey|33\/643 brn
|move|p1a: Chansey|Seismic Toss|p2a: Heatran
|-damage|p2a: Heatran|286\/386
|
|-heal|p2a: Heatran|310\/386|[from] item: Leftovers
|-damage|p1a: Chansey|0 fnt|[from] brn
|faint|p1a: Chansey
|c|âCroven|:\/
|c|âCroven|~~and i haven't even revealed my trap card!~~
|c|âThe TurtleLord|brb
|c|âCroven|ok
|
|switch|p1a: Quagmire|Quagsire, M|370\/394
|-damage|p1a: Quagmire|346\/394|[from] Stealth Rock
|turn|10
|
|switch|p2a: Rotom-Wash|Rotom-Wash|304\/304
|move|p1a: Quagmire|Toxic|p2a: Rotom-Wash
|-status|p2a: Rotom-Wash|tox
|
|-heal|p1a: Quagmire|370\/394|[from] item: Leftovers
|-damage|p2a: Rotom-Wash|285\/304 tox|[from] psn
|turn|11
|
|switch|p1a: Amoonguss|Amoonguss, M|431\/431
|-damage|p1a: Amoonguss|378\/431|[from] Stealth Rock
|move|p2a: Rotom-Wash|Will-O-Wisp|p1a: Amoonguss
|-status|p1a: Amoonguss|brn
|
|-heal|p2a: Rotom-Wash|304\/304 tox|[from] item: Leftovers
|-heal|p1a: Amoonguss|404\/431 brn|[from] item: Black Sludge
|-damage|p2a: Rotom-Wash|266\/304 tox|[from] psn
|-damage|p1a: Amoonguss|351\/431 brn|[from] brn
|turn|12
|
|move|p2a: Rotom-Wash|Volt Switch|p1a: Amoonguss
|-resisted|p1a: Amoonguss
|-damage|p1a: Amoonguss|306\/431 brn
|
|switch|p2a: Sceptile|Sceptile, F|281\/281
|move|p1a: Amoonguss|Spore|p2a: Sceptile
|-fail|p2a: Sceptile
|
|-heal|p1a: Amoonguss|332\/431 brn|[from] item: Black Sludge
|-damage|p1a: Amoonguss|279\/431 brn|[from] brn
|turn|13
|
|switch|p1a: Clefable|Clefable, F|394\/394
|-damage|p1a: Clefable|345\/394|[from] Stealth Rock
|detailschange|p2a: Sceptile|Sceptile-Mega, F
|-mega|p2a: Sceptile|Sceptile|Sceptilite
|move|p2a: Sceptile|Substitute|p2a: Sceptile
|-start|p2a: Sceptile|Substitute
|-damage|p2a: Sceptile|211\/281
|
|-heal|p1a: Clefable|369\/394|[from] item: Leftovers
|turn|14
|
|move|p2a: Sceptile|Giga Drain|p1a: Clefable
|-damage|p1a: Clefable|215\/394
|-heal|p2a: Sceptile|281\/281|[from] drain|[of] p1a: Clefable
|move|p1a: Clefable|Wish|p1a: Clefable
|
|-heal|p1a: Clefable|239\/394|[from] item: Leftovers
|turn|15
|
|switch|p2a: Scizor|Scizor, F|244\/344
|move|p1a: Clefable|Moonblast|p2a: Scizor
|-resisted|p2a: Scizor
|-damage|p2a: Scizor|179\/344
|
|-heal|p1a: Clefable|394\/394|[from] move: Wish|[wisher] Clefable
|turn|16
|
|move|p1a: Clefable|Protect|p1a: Clefable
|-singleturn|p1a: Clefable|Protect
|move|p2a: Scizor|Bullet Punch|p1a: Clefable
|-activate|p1a: Clefable|Protect
|
|turn|17
|
|switch|p2a: Heatran|Heatran, M|310\/386
|switch|p1a: Quagmire|Quagsire, M|370\/394
|-damage|p1a: Quagmire|346\/394|[from] Stealth Rock
|
|-heal|p2a: Heatran|334\/386|[from] item: Leftovers
|-heal|p1a: Quagmire|370\/394|[from] item: Leftovers
|turn|18
|
|switch|p2a: Sceptile|Sceptile-Mega, F|281\/281
|move|p1a: Quagmire|Earthquake|p2a: Sceptile
|-resisted|p2a: Sceptile
|-damage|p2a: Sceptile|223\/281
|
|-heal|p1a: Quagmire|394\/394|[from] item: Leftovers
|turn|19
|
|switch|p1a: Clefable|Clefable, F|394\/394
|-damage|p1a: Clefable|345\/394|[from] Stealth Rock
|move|p2a: Sceptile|Giga Drain|p1a: Clefable
|-damage|p1a: Clefable|192\/394
|-heal|p2a: Sceptile|281\/281|[from] drain|[of] p1a: Clefable
|
|-heal|p1a: Clefable|216\/394|[from] item: Leftovers
|turn|20
|
|switch|p2a: Heatran|Heatran, M|334\/386
|move|p1a: Clefable|Wish|p1a: Clefable
|
|-heal|p2a: Heatran|358\/386|[from] item: Leftovers
|-heal|p1a: Clefable|240\/394|[from] item: Leftovers
|turn|21
|
|move|p1a: Clefable|Moonblast|p2a: Heatran
|-resisted|p2a: Heatran
|-damage|p2a: Heatran|333\/386
|move|p2a: Heatran|Roar|p1a: Clefable
|drag|p1a: Amoonguss|Amoonguss, M|422\/431 brn
|-damage|p1a: Amoonguss|369\/431 brn|[from] Stealth Rock
|
|-heal|p1a: Amoonguss|431\/431 brn|[from] move: Wish|[wisher] Clefable
|-heal|p2a: Heatran|357\/386|[from] item: Leftovers
|-damage|p1a: Amoonguss|378\/431 brn|[from] brn
|turn|22
|
|switch|p1a: Quagmire|Quagsire, M|394\/394
|-damage|p1a: Quagmire|370\/394|[from] Stealth Rock
|move|p2a: Heatran|Taunt|p1a: Quagmire
|-start|p1a: Quagmire|move: Taunt
|
|-heal|p2a: Heatran|381\/386|[from] item: Leftovers
|-heal|p1a: Quagmire|394\/394|[from] item: Leftovers
|turn|23
|
|switch|p2a: Sceptile|Sceptile-Mega, F|281\/281
|switch|p1a: Amoonguss|Amoonguss, M|431\/431 brn
|-damage|p1a: Amoonguss|378\/431 brn|[from] Stealth Rock
|
|-heal|p1a: Amoonguss|404\/431 brn|[from] item: Black Sludge
|-damage|p1a: Amoonguss|351\/431 brn|[from] brn
|turn|24
|
|move|p2a: Sceptile|Substitute|p2a: Sceptile
|-start|p2a: Sceptile|Substitute
|-damage|p2a: Sceptile|211\/281
|move|p1a: Amoonguss|Sludge Bomb|p2a: Sceptile
|-supereffective|p2a: Sceptile
|-end|p2a: Sceptile|Substitute
|
|-heal|p1a: Amoonguss|377\/431 brn|[from] item: Black Sludge
|-damage|p1a: Amoonguss|324\/431 brn|[from] brn
|turn|25
|
|switch|p2a: Heatran|Heatran, M|381\/386
|move|p1a: Amoonguss|Spore|p2a: Heatran
|-status|p2a: Heatran|slp
|
|-heal|p2a: Heatran|386\/386 slp|[from] item: Leftovers
|-heal|p1a: Amoonguss|350\/431 brn|[from] item: Black Sludge
|-damage|p1a: Amoonguss|297\/431 brn|[from] brn
|turn|26
|
|switch|p1a: Sableye|Sableye, M|303\/303
|-damage|p1a: Sableye|266\/303|[from] Stealth Rock
|cant|p2a: Heatran|slp
|
|turn|27
|
|detailschange|p1a: Sableye|Sableye-Mega, M
|-mega|p1a: Sableye|Sableye|Sablenite
|cant|p2a: Heatran|slp
|move|p1a: Sableye|Dark Pulse|p2a: Heatran
|-damage|p2a: Heatran|314\/386 slp
|
|-heal|p2a: Heatran|338\/386 slp|[from] item: Leftovers
|turn|28
|
|switch|p2a: Clefable|Clefable, F|394\/394
|move|p1a: Sableye|Calm Mind|p1a: Sableye
|-boost|p1a: Sableye|spa|1
|-boost|p1a: Sableye|spd|1
|
|turn|29
|
|switch|p1a: Amoonguss|Amoonguss, M|431\/431 brn
|-damage|p1a: Amoonguss|378\/431 brn|[from] Stealth Rock
|move|p2a: Clefable|Calm Mind|p2a: Clefable
|-boost|p2a: Clefable|spa|1
|-boost|p2a: Clefable|spd|1
|
|-heal|p1a: Amoonguss|404\/431 brn|[from] item: Black Sludge
|-damage|p1a: Amoonguss|351\/431 brn|[from] brn
|turn|30
|
|switch|p2a: Heatran|Heatran, M|338\/386 slp
|move|p1a: Amoonguss|Clear Smog|p2a: Heatran
|-immune|p2a: Heatran|[msg]
|
|-heal|p2a: Heatran|362\/386 slp|[from] item: Leftovers
|-heal|p1a: Amoonguss|377\/431 brn|[from] item: Black Sludge
|-damage|p1a: Amoonguss|324\/431 brn|[from] brn
|turn|31
|
|switch|p1a: Clefable|Clefable, F|240\/394
|-damage|p1a: Clefable|191\/394|[from] Stealth Rock
|cant|p2a: Heatran|slp
|
|-heal|p2a: Heatran|386\/386 slp|[from] item: Leftovers
|-heal|p1a: Clefable|215\/394|[from] item: Leftovers
|turn|32
|
|-curestatus|p2a: Heatran|slp
|move|p2a: Heatran|Taunt|p1a: Clefable
|-start|p1a: Clefable|move: Taunt
|cant|p1a: Clefable|move: Taunt|Wish
|
|-heal|p1a: Clefable|239\/394|[from] item: Leftovers
|turn|33
|
|switch|p1a: Quagmire|Quagsire, M|394\/394
|-damage|p1a: Quagmire|370\/394|[from] Stealth Rock
|move|p2a: Heatran|Lava Plume|p1a: Quagmire
|-resisted|p1a: Quagmire
|-damage|p1a: Quagmire|285\/394
|-status|p1a: Quagmire|brn
|
|-heal|p1a: Quagmire|309\/394 brn|[from] item: Leftovers
|-damage|p1a: Quagmire|260\/394 brn|[from] brn
|turn|34
|c|âCroven|welp
|c|âThe TurtleLord|lol
|
|switch|p2a: Sceptile|Sceptile-Mega, F|211\/281
|move|p1a: Quagmire|Toxic|p2a: Sceptile
|-status|p2a: Sceptile|tox
|
|-heal|p1a: Quagmire|284\/394 brn|[from] item: Leftovers
|-damage|p2a: Sceptile|194\/281 tox|[from] psn
|-damage|p1a: Quagmire|235\/394 brn|[from] brn
|turn|35
|c|âCroven|idek
|
|move|p2a: Sceptile|Dragon Pulse|p1a: Quagmire
|-damage|p1a: Quagmire|0 fnt
|faint|p1a: Quagmire
|
|-damage|p2a: Sceptile|160\/281 tox|[from] psn
|
|switch|p1a: Clefable|Clefable, F|239\/394
|-damage|p1a: Clefable|190\/394|[from] Stealth Rock
|turn|36
|
|switch|p2a: Heatran|Heatran, M|386\/386
|move|p1a: Clefable|Wish|p1a: Clefable
|
|-heal|p1a: Clefable|214\/394|[from] item: Leftovers
|turn|37
|
|switch|p1a: Skarmory|Skarmory, M|225\/334
|-damage|p1a: Skarmory|184\/334|[from] Stealth Rock
|move|p2a: Heatran|Roar|p1a: Skarmory
|drag|p1a: Amoonguss|Amoonguss, M|431\/431 brn
|-damage|p1a: Amoonguss|378\/431 brn|[from] Stealth Rock
|
|-heal|p1a: Amoonguss|431\/431 brn|[from] move: Wish|[wisher] Clefable
|-damage|p1a: Amoonguss|378\/431 brn|[from] brn
|turn|38
|
|switch|p1a: Clefable|Clefable, F|214\/394
|-damage|p1a: Clefable|165\/394|[from] Stealth Rock
|move|p2a: Heatran|Taunt|p1a: Clefable
|-start|p1a: Clefable|move: Taunt
|
|-heal|p1a: Clefable|189\/394|[from] item: Leftovers
|turn|39
|
|move|p2a: Heatran|Lava Plume|p1a: Clefable
|-damage|p1a: Clefable|62\/394
|move|p1a: Clefable|Moonblast|p2a: Heatran
|-resisted|p2a: Heatran
|-damage|p2a: Heatran|359\/386
|-unboost|p2a: Heatran|spa|1
|
|-heal|p2a: Heatran|383\/386|[from] item: Leftovers
|-heal|p1a: Clefable|86\/394|[from] item: Leftovers
|turn|40
|
|switch|p1a: Sableye|Sableye-Mega, M|266\/303
|-damage|p1a: Sableye|229\/303|[from] Stealth Rock
|move|p2a: Heatran|Lava Plume|p1a: Sableye
|-damage|p1a: Sableye|156\/303
|
|-heal|p2a: Heatran|386\/386|[from] item: Leftovers
|turn|41
|
|move|p2a: Heatran|Lava Plume|p1a: Sableye
|-damage|p1a: Sableye|81\/303
|-status|p1a: Sableye|brn
|move|p1a: Sableye|Recover|p1a: Sableye
|-heal|p1a: Sableye|233\/303 brn
|
|-damage|p1a: Sableye|196\/303 brn|[from] brn
|turn|42
|
|switch|p2a: Clefable|Clefable, F|394\/394
|move|p1a: Sableye|Recover|p1a: Sableye
|-heal|p1a: Sableye|303\/303 brn
|
|-damage|p1a: Sableye|266\/303 brn|[from] brn
|turn|43
|c|âCroven|and there it is
|
|switch|p1a: Amoonguss|Amoonguss, M|431\/431 brn
|-damage|p1a: Amoonguss|378\/431 brn|[from] Stealth Rock
|move|p2a: Clefable|Moonblast|p1a: Amoonguss
|-resisted|p1a: Amoonguss
|-damage|p1a: Amoonguss|323\/431 brn
|
|-heal|p1a: Amoonguss|349\/431 brn|[from] item: Black Sludge
|-damage|p1a: Amoonguss|296\/431 brn|[from] brn
|turn|44
|
|switch|p2a: Landorus-Therian|Landorus-Therian, M|319\/319
|-ability|p2a: Landorus-Therian|Intimidate|[of] p1a: Amoonguss
|-unboost|p1a: Amoonguss|atk|1
|move|p1a: Amoonguss|Spore|p2a: Landorus-Therian
|-status|p2a: Landorus-Therian|slp
|
|-heal|p1a: Amoonguss|322\/431 brn|[from] item: Black Sludge
|-damage|p1a: Amoonguss|269\/431 brn|[from] brn
|turn|45
|
|switch|p2a: Heatran|Heatran, M|386\/386
|switch|p1a: Skarmory|Skarmory, M|184\/334
|-damage|p1a: Skarmory|143\/334|[from] Stealth Rock
|
|turn|46
|-message|The TurtleLord forfeited.
|
|win|Croven
|c|âThe TurtleLord|gg
|c|âCroven|gg
|L|The TurtleLord
|player|p1