|J|Ilight
|J|Croven
|player|p1|Ilight|265
|player|p2|Croven|265
|gametype|singles
|gen|6
|tier|OU
|clearpoke
|poke|p1|Metagross
|poke|p1|Landorus-Therian, M
|poke|p1|Magnezone
|poke|p1|Slowbro, F
|poke|p1|Keldeo
|poke|p1|Sylveon, M
|poke|p2|Exploud, F
|poke|p2|Metagross, shiny
|poke|p2|Azumarill, M
|poke|p2|Azelf
|poke|p2|Raikou
|poke|p2|Landorus-Therian, M
|rule|Swagger Clause: Swagger is banned
|rule|Baton Pass Clause: Limit one PokÃ©mon knowing Baton Pass
|rule|Sleep Clause Mod: Limit one foe put to sleep
|rule|Species Clause: Limit one of each PokÃ©mon
|rule|OHKO Clause: OHKO moves are banned
|rule|Moody Clause: Moody is banned
|rule|Evasion Moves Clause: Evasion moves are banned
|rule|Endless Battle Clause: Forcing endless battles is banned
|rule|HP Percentage Mod: HP is shown in percentages
|teampreview
|J|1 True Lycan
|c|âIlight|want me to point out weaknesses
|c|âIlight|before or after
|c|âCroven|after
|c|âIlight|k gl hf
|
|start
|switch|p1a: Sylveon|Sylveon, M|394\/394
|switch|p2a: Azelf|Azelf|291\/291
|turn|1
|
|move|p2a: Azelf|Stealth Rock|p1a: Sylveon
|-sidestart|p1: Ilight|move: Stealth Rock
|move|p1a: Sylveon|Hyper Voice|p2a: Azelf
|-damage|p2a: Azelf|80\/291
|
|turn|2
|c| 1 True Lycan|is it bisharp
|
|switch|p2a: Metagross|Metagross, shiny|301\/301
|switch|p1a: Slowbro|Slowbro, F|394\/394
|-damage|p1a: Slowbro|345\/394|[from] Stealth Rock
|
|-heal|p1a: Slowbro|369\/394|[from] item: Leftovers
|turn|3
|c|âIlight|o
|c|âIlight|not landorus
|c|âIlight|interesting
|c|âCroven|thought u'd protect
|c|âCroven|on my boom
|c|âIlight|?
|c|âIlight|there is 0 reason for you to boom now
|c|âIlight|you have coverage
|c|âCroven|hehe
|c|âIlight|on 2 of my pokemon
|c|âIlight|i honestly thought landorus was coming in
|c|âIlight|predicting me
|c|âIlight|to go into magne
|c|âCroven|nahh we dont play that way
|c|âCroven|fuck that
|c|âIlight|haha
|
|switch|p2a: Raikou|Raikou|321\/321
|-ability|p2a: Raikou|Pressure
|move|p1a: Slowbro|Scald|p2a: Raikou
|-damage|p2a: Raikou|228\/321
|
|-heal|p1a: Slowbro|393\/394|[from] item: Leftovers
|turn|4
|c|âIlight|ooo
|c|âCroven|dnt go to lando
|c|âIlight|interesting
|c|âCroven|;]
|
|switch|p1a: Landorus-Therian|Landorus-Therian, M|360\/360
|-damage|p1a: Landorus-Therian|315\/360|[from] Stealth Rock
|-ability|p1a: Landorus-Therian|Intimidate|[of] p2a: Raikou
|-unboost|p2a: Raikou|atk|1
|move|p2a: Raikou|Volt Switch|p1a: Landorus-Therian
|-immune|p1a: Landorus-Therian|[msg]
|
|-heal|p1a: Landorus-Therian|337\/360|[from] item: Leftovers
|turn|5
|c|âCroven|why
|c|âCroven|:(
|c|âIlight|you don't tell someone
|c|âCroven|so mean
|c|âIlight|don't go into lando
|c|âIlight|lol
|
|switch|p2a: Landorus-Therian|Landorus-Therian, M|319\/319
|-ability|p2a: Landorus-Therian|Intimidate|[of] p1a: Landorus-Therian
|-unboost|p1a: Landorus-Therian|atk|1
|move|p1a: Landorus-Therian|Stealth Rock|p2a: Landorus-Therian
|-sidestart|p2: Croven|move: Stealth Rock
|
|-heal|p1a: Landorus-Therian|359\/360|[from] item: Leftovers
|turn|6
|c| 1 True Lycan|yeah sholda gone into exploud on slowbro imo
|c|âCroven|light stop being mean to me
|c|âIlight|lycan
|c|âCroven|ploud is saved for late game hehe
|c|âCroven|its a late game cleaner
|c|âCroven|:^)
|c|âIlight|just saying
|c| 1 True Lycan|sure...
|c|âIlight|if exploud gets burned
|c|âCroven|lmoa
|c|âIlight|he loses
|c|âIlight|:P
|c| 1 True Lycan|but its slower than most mons anyway
|c|âIlight|he can't risk it so soon
|c|âCroven|man landt is so annoying
|c|âIlight|says the guy
|c|âIlight|using lando-t
|c|âIlight|right now.
|
|move|p2a: Landorus-Therian|U-turn|p1a: Landorus-Therian
|-resisted|p1a: Landorus-Therian
|-damage|p1a: Landorus-Therian|311\/360
|c|âCroven|thats cuz
|c|âCroven|lycan 
|c|âIlight|o
|c|âCroven|told me
|c|âCroven|to use it
|c|âIlight|not bad
|c|âCroven|and how do i lose if i get exploud burned
|c|âIlight|well
|c|âIlight|your only other chance of winning
|c| 1 True Lycan|there was nothing else to use on this ~~aids~~ good team
|c|âCroven|:(
|c|âIlight|since you cant setup
|c|âIlight|is zummy
|c|âIlight|otherwise
|c|âIlight|bro\/slyveon
|c|âIlight|wall 
|c|âCroven|if i can get landt out of the way, then i just win with raikou + w\/e else
|c|âIlight|?
|c|âIlight|landorus really isn't needed much
|c|âCroven|spam volt switches for days
|c|âCroven|it removes the 50\/50s
|c|âCroven|or the prediction
|c|âIlight|rocks is a weakness for you
|c|âIlight|:P
|c|âCroven|no shit its an offensive team
|c|âIlight|i mean
|
|switch|p2a: Metagross|Metagross, shiny|301\/301
|-damage|p2a: Metagross|283\/301|[from] Stealth Rock
|move|p1a: Landorus-Therian|U-turn|p2a: Metagross
|-damage|p2a: Metagross|244\/301
|
|switch|p1a: Slowbro|Slowbro, F|394\/394
|-damage|p1a: Slowbro|345\/394|[from] Stealth Rock
|
|-heal|p1a: Slowbro|369\/394|[from] item: Leftovers
|turn|7
|c|âIlight|most offensive teams don't have must mons 
|c| 1 True Lycan|bisharp just recks
|c|âIlight|that are weak to rocks tho
|c|âCroven|i dont have mons weak to rocks tho
|
|switch|p2a: Raikou|Raikou|228\/321
|-damage|p2a: Raikou|188\/321|[from] Stealth Rock
|-ability|p2a: Raikou|Pressure
|move|p1a: Slowbro|Scald|p2a: Raikou
|-damage|p2a: Raikou|95\/321
|
|-heal|p1a: Slowbro|393\/394|[from] item: Leftovers
|turn|8
|c|âIlight|weak meaning
|c|âIlight|12percent
|c|âCroven|.
|
|switch|p1a: Landorus-Therian|Landorus-Therian, M|311\/360
|-damage|p1a: Landorus-Therian|266\/360|[from] Stealth Rock
|-ability|p1a: Landorus-Therian|Intimidate|[of] p2a: Raikou
|-unboost|p2a: Raikou|atk|1
|move|p2a: Raikou|Volt Switch|p1a: Landorus-Therian
|-immune|p1a: Landorus-Therian|[msg]
|
|-heal|p1a: Landorus-Therian|288\/360|[from] item: Leftovers
|turn|9
|c| 1 True Lycan|lel
|c|âCroven|stop
|c|âIlight|:D
|c| 1 True Lycan|shadow ball oml
|
|switch|p2a: Azelf|Azelf|80\/291
|-damage|p2a: Azelf|44\/291|[from] Stealth Rock
|move|p1a: Landorus-Therian|U-turn|p2a: Azelf
|-supereffective|p2a: Azelf
|-damage|p2a: Azelf|0 fnt
|faint|p2a: Azelf
|c| 1 True Lycan|skrub
|c|âCroven|shadow ball?
|c|âCroven|who does
|c|âCroven|that
|c|âIlight|^
|c| 1 True Lycan|u don't have thatr?
|
|switch|p1a: Sylveon|Sylveon, M|394\/394
|-damage|p1a: Sylveon|345\/394|[from] Stealth Rock
|
|-heal|p1a: Sylveon|369\/394|[from] item: Leftovers
|c|âCroven|no i do
|c|âIlight|why would he
|c|âCroven|but using it
|c|âCroven|is kinda aids
|c|âIlight|use shadow ball
|
|switch|p2a: Metagross|Metagross, shiny|244\/301
|-damage|p2a: Metagross|226\/301|[from] Stealth Rock
|turn|10
|c|âIlight|on a slowbro
|
|detailschange|p2a: Metagross|Metagross-Mega, shiny
|-mega|p2a: Metagross|Metagross|Metagrossite
|move|p1a: Sylveon|Protect|p1a: Sylveon
|-singleturn|p1a: Sylveon|Protect
|move|p2a: Metagross|Meteor Mash|p1a: Sylveon
|-activate|p1a: Sylveon|Protect
|
|-heal|p1a: Sylveon|393\/394|[from] item: Leftovers
|turn|11
|c| 1 True Lycan|because it hits for SE
|
|switch|p2a: Raikou|Raikou|95\/321
|-damage|p2a: Raikou|55\/321|[from] Stealth Rock
|-ability|p2a: Raikou|Pressure
|switch|p1a: Slowbro|Slowbro, F|394\/394
|-damage|p1a: Slowbro|345\/394|[from] Stealth Rock
|
|-heal|p1a: Slowbro|369\/394|[from] item: Leftovers
|turn|12
|c| 1 True Lycan|and weakens possible lando
|
|switch|p1a: Magnezone|Magnezone|281\/281
|-damage|p1a: Magnezone|264\/281|[from] Stealth Rock
|move|p2a: Raikou|Volt Switch|p1a: Magnezone
|-resisted|p1a: Magnezone
|-damage|p1a: Magnezone|176\/281
|c| 1 True Lycan|and forces sylveon to wish
|c|âCroven|nah that's for skrubs
|
|switch|p2a: Landorus-Therian|Landorus-Therian, M|319\/319
|-damage|p2a: Landorus-Therian|280\/319|[from] Stealth Rock
|-ability|p2a: Landorus-Therian|Intimidate|[of] p1a: Magnezone
|-unboost|p1a: Magnezone|atk|1
|
|turn|13
|c|âIlight|i remeber
|c|âIlight|this play sorta
|c|âIlight|was it u-turn?
|c|âIlight|last time
|c|âCroven|idek
|c|âIlight|all i remember is
|c|âIlight|magnezone dieing
|c|âIlight|lol
|c|âCroven|then its eq
|c|âIlight|so..
|c|âCroven|lol
|
|switch|p1a: Landorus-Therian|Landorus-Therian, M|288\/360
|-damage|p1a: Landorus-Therian|243\/360|[from] Stealth Rock
|-ability|p1a: Landorus-Therian|Intimidate|[of] p2a: Landorus-Therian
|-unboost|p2a: Landorus-Therian|atk|1
|move|p2a: Landorus-Therian|Earthquake|p1a: Landorus-Therian
|-immune|p1a: Landorus-Therian|[msg]
|
|-heal|p1a: Landorus-Therian|265\/360|[from] item: Leftovers
|turn|14
|
|move|p2a: Landorus-Therian|Earthquake|p1a: Landorus-Therian
|-immune|p1a: Landorus-Therian|[msg]
|move|p1a: Landorus-Therian|Earthquake|p2a: Landorus-Therian
|-immune|p2a: Landorus-Therian|[msg]
|
|-heal|p1a: Landorus-Therian|287\/360|[from] item: Leftovers
|turn|15
|c|âCroven|hehe
|c|âCroven|lmoa
|c| 1 True Lycan|ooh
|c|âCroven|we gonna do this again
|c|âIlight|this same play
|c|âIlight|:D
|c|âIlight|haha
|c| 1 True Lycan|he can this for days
|c|âIlight|lycan
|c| 1 True Lycan|hes getting lefties
|c|âIlight|i get hp recovery
|c|âIlight|yes
|c| 1 True Lycan|ik I meant you
|c|âIlight|prob is he can't swap
|c|âCroven|see lycan this is why i wanted a solid check to landt
|c|âCroven|landt is not a solid check to landt
|c|âIlight|w\/o sakign something
|c| 1 True Lycan|u wanted a scarfer too
|c|âIlight|crov
|c|âIlight|paul.
|c|âCroven|light
|c|âCroven|look at my team
|c|âCroven|quit being a fag
|c|âCroven|and think for a sec
|c| 1 True Lycan|scarfer and lando t check
|
|switch|p2a: Azumarill|Azumarill, M|364\/364
|-damage|p2a: Azumarill|319\/364|[from] Stealth Rock
|move|p1a: Landorus-Therian|Earthquake|p2a: Azumarill
|-damage|p2a: Azumarill|99\/364
|-enditem|p2a: Azumarill|Sitrus Berry|[eat]
|-heal|p2a: Azumarill|190\/364|[from] item: Sitrus Berry
|
|-heal|p1a: Landorus-Therian|309\/360|[from] item: Leftovers
|turn|16
|c| 1 True Lycan|only lando t works
|c| 1 True Lycan|wait azu was ur wincondition
|c|âCroven|nope
|c|âCroven|:]
|c|âIlight|exploud is
|c|âCroven|i got
|c|âCroven|other shit
|
|move|p1a: Landorus-Therian|U-turn|p2a: Azumarill
|-resisted|p2a: Azumarill
|-damage|p2a: Azumarill|144\/364
|
|switch|p1a: Slowbro|Slowbro, F|394\/394
|-damage|p1a: Slowbro|345\/394|[from] Stealth Rock
|move|p2a: Azumarill|Play Rough|p1a: Slowbro
|-damage|p1a: Slowbro|210\/394
|
|-heal|p1a: Slowbro|234\/394|[from] item: Leftovers
|turn|17
|c| 1 True Lycan|im not sure about this...
|c|âIlight|just realised
|c|âIlight|that was a super dumb play on my end
|c|âIlight|there was 0 reason to u-turn
|c|âIlight|i would have still been hit
|c|âIlight|by the aqua jet
|c|âIlight|potentially
|c|âCroven|mm
|c|âCroven|is it just me
|c| 1 True Lycan|nah u predicted him
|c|âCroven|or can you guys not focus on matches that dont have much meaning
|c|âCroven|like i get so distracted so easily
|c|âIlight|?
|c|âIlight|o
|c|âCroven|in random matches
|c|âIlight|cause there fun
|c|âIlight|no reason to focus
|c|âCroven|but in like a tour
|
|switch|p2a: Exploud|Exploud, F|349\/349
|-damage|p2a: Exploud|306\/349|[from] Stealth Rock
|move|p1a: Slowbro|Slack Off|p1a: Slowbro
|-heal|p1a: Slowbro|394\/394
|
|turn|18
|c|âCroven|or w\/e
|c|âCroven|k
|c|âIlight|o
|c|âCroven|time to spam
|c|âCroven|boom
|c|âIlight|well then
|c|âCroven|burst
|c|âIlight|uhh
|c|âIlight|who dies
|c|âCroven|**time to spam
|c|âIlight|ok your useless
|
|switch|p1a: Magnezone|Magnezone|176\/281
|-damage|p1a: Magnezone|159\/281|[from] Stealth Rock
|move|p2a: Exploud|Boomburst|p1a: Magnezone
|-resisted|p1a: Magnezone
|-damage|p1a: Magnezone|0 fnt
|faint|p1a: Magnezone
|
|c|âCroven|**time to spam**
|c|âCroven|ez
|c|âCroven|ezpz
|
|switch|p1a: Keldeo|Keldeo|323\/323
|-damage|p1a: Keldeo|303\/323|[from] Stealth Rock
|turn|19
|c|âIlight|hi
|c|âCroven|oh we needed a keldeo check too
|c| 1 True Lycan|he'll sub
|c|âCroven|lycan what was our keld check
|c|âIlight|zummy
|c| 1 True Lycan|stay in
|c|âIlight|crov
|c|âCroven|zummy isn't a keld check
|c|âIlight|it is
|c| 1 True Lycan|it is
|c|âIlight|lol
|c| 1 True Lycan|stfu
|c|âCroven|not if its BD
|c|âCroven|and u have
|c|âCroven|a 30%
|c|âCroven|burn move
|c|âIlight|?
|c| 1 True Lycan|oh well yolo
|c|âIlight|i run surf
|
|switch|p2a: Azumarill|Azumarill, M|144\/364
|-damage|p2a: Azumarill|99\/364|[from] Stealth Rock
|move|p1a: Keldeo|Secret Sword|p2a: Azumarill
|-resisted|p2a: Azumarill
|-damage|p2a: Azumarill|12\/364
|
|-heal|p1a: Keldeo|323\/323|[from] item: Leftovers
|turn|20
|c|âIlight|lol
|c|âCroven|why do you run surf
|c|âCroven|**why**
|c|âIlight|the extra damage is needed
|c|âCroven|no
|c|âCroven|its not
|c|âIlight|on some pokemon
|c|âIlight|yes it is
|c|âCroven|then use hydro pump
|c|âIlight|chari y for example\/chari x
|c|âIlight|no
|c| 1 True Lycan|burns tho
|c|âIlight|i hate accuracy
|c| 1 True Lycan|are nichze
|c|âIlight|misses
|c|âCroven|light
|c|âCroven|run both
|c|âIlight|??
|c|âIlight|im a sub cmind
|c|âCroven|oh
|c|âCroven|then run sc ald
|c|âIlight|no lol
|
|move|p1a: Keldeo|Surf|p2a: Azumarill
|-resisted|p2a: Azumarill
|-damage|p2a: Azumarill|0 fnt
|faint|p2a: Azumarill
|
|c|âIlight|:P
|c|âCroven|surf is like
|c|âCroven|omg
|c| 1 True Lycan|who needs secret sword right?
|c|âCroven|lycan
|c|âCroven|>lycan
|c|âCroven|light*
|c|âIlight|lol
|c|âCroven|scald >>>> surf
|c|âCroven|idek where ur coming from
|
|switch|p2a: Metagross|Metagross-Mega, shiny|226\/301
|-damage|p2a: Metagross|208\/301|[from] Stealth Rock
|turn|21
|
|switch|p1a: Slowbro|Slowbro, F|394\/394
|-damage|p1a: Slowbro|345\/394|[from] Stealth Rock
|move|p2a: Metagross|Zen Headbutt|p1a: Slowbro
|-resisted|p1a: Slowbro
|-damage|p1a: Slowbro|273\/394
|
|-heal|p1a: Slowbro|297\/394|[from] item: Leftovers
|turn|22
|
|move|p2a: Metagross|Meteor Mash|p1a: Slowbro
|-resisted|p1a: Slowbro
|-damage|p1a: Slowbro|213\/394
|move|p1a: Slowbro|Scald|p2a: Metagross
|-damage|p2a: Metagross|120\/301
|
|-heal|p1a: Slowbro|237\/394|[from] item: Leftovers
|turn|23
|
|switch|p2a: Exploud|Exploud, F|306\/349
|-damage|p2a: Exploud|263\/349|[from] Stealth Rock
|move|p1a: Slowbro|Thunder Wave|p2a: Exploud
|-status|p2a: Exploud|par
|
|-heal|p1a: Slowbro|261\/394|[from] item: Leftovers
|turn|24
|c|âCroven|ok
|
|switch|p1a: Metagross|Metagross|302\/302
|-damage|p1a: Metagross|284\/302|[from] Stealth Rock
|cant|p2a: Exploud|par
|
|turn|25
|c|âCroven|ok
|c|âIlight|survival!
|c|âIlight|lol
|
|detailschange|p1a: Metagross|Metagross-Mega
|-mega|p1a: Metagross|Metagross|Metagrossite
|move|p1a: Metagross|Ice Punch|p2a: Exploud
|-damage|p2a: Exploud|84\/349 par
|move|p2a: Exploud|Fire Blast|p1a: Metagross
|-supereffective|p1a: Metagross
|-damage|p1a: Metagross|0 fnt
|faint|p1a: Metagross
|
|c|âIlight|death!
|c|âCroven|ok
|
|switch|p1a: Keldeo|Keldeo|323\/323
|-damage|p1a: Keldeo|303\/323|[from] Stealth Rock
|turn|26
|
|move|p1a: Keldeo|Substitute|p1a: Keldeo
|-start|p1a: Keldeo|Substitute
|-damage|p1a: Keldeo|223\/323
|move|p2a: Exploud|Fire Blast|p1a: Keldeo
|-resisted|p1a: Keldeo
|-end|p1a: Keldeo|Substitute
|
|-heal|p1a: Keldeo|243\/323|[from] item: Leftovers
|turn|27
|c|âCroven|ok
|
|move|p1a: Keldeo|Surf|p2a: Exploud
|-damage|p2a: Exploud|0 fnt
|faint|p2a: Exploud
|
|-heal|p1a: Keldeo|263\/323|[from] item: Leftovers
|c|âIlight|?
|c|âCroven|ok
|c|âIlight|anyway gg
|c|âCroven|gg
|
|switch|p2a: Metagross|Metagross-Mega, shiny|120\/301
|-damage|p2a: Metagross|102\/301|[from] Stealth Rock
|turn|28
|
|switch|p1a: Slowbro|Slowbro, F|392\/394
|-damage|p1a: Slowbro|343\/394|[from] Stealth Rock
|move|p2a: Metagross|Zen Headbutt|p1a: Slowbro
|-resisted|p1a: Slowbro
|-damage|p1a: Slowbro|272\/394
|
|-heal|p1a: Slowbro|296\/394|[from] item: Leftovers
|turn|29
|c|âIlight|paul is just
|c|âIlight|so irreplacable
|c|âCroven|watch these flinches
|
|move|p2a: Metagross|Zen Headbutt|p1a: Slowbro
|-resisted|p1a: Slowbro
|-damage|p1a: Slowbro|233\/394
|move|p1a: Slowbro|Scald|p2a: Metagross
|-damage|p2a: Metagross|17\/301
|
|-heal|p1a: Slowbro|257\/394|[from] item: Leftovers
|turn|30
|c|âCroven|light i really dont want to hear you fanboying about paul again
|c|âCroven|its getting
|c|âCroven|annoying
|c|âCroven|as hell
|
|move|p2a: Metagross|Zen Headbutt|p1a: Slowbro
|-resisted|p1a: Slowbro
|-damage|p1a: Slowbro|191\/394
|move|p1a: Slowbro|Slack Off|p1a: Slowbro
|-heal|p1a: Slowbro|388\/394
|
|-heal|p1a: Slowbro|394\/394|[from] item: Leftovers
|turn|31
|c|âIlight|fanboying?
|c|âIlight|i like him as a pokemon
|c|âCroven|i mean, from an outsider's perspective
|c|âCroven|it looks like fanboying
|c|âCroven|ngl
|c|âIlight|most of the time all i say is paul is awesome
|c|âIlight|or good
|J|Unity Jayy
|
|move|p2a: Metagross|Zen Headbutt|p1a: Slowbro
|-resisted|p1a: Slowbro
|-damage|p1a: Slowbro|330\/394
|move|p1a: Slowbro|Scald|p2a: Metagross
|-damage|p2a: Metagross|0 fnt
|faint|p2a: Metagross
|
|-heal|p1a: Slowbro|354\/394|[from] item: Leftovers
|
|switch|p2a: Raikou|Raikou|55\/321
|-damage|p2a: Raikou|15\/321|[from] Stealth Rock
|-ability|p2a: Raikou|Pressure
|turn|32
|
|switch|p1a: Landorus-Therian|Landorus-Therian, M|309\/360
|-damage|p1a: Landorus-Therian|264\/360|[from] Stealth Rock
|-ability|p1a: Landorus-Therian|Intimidate|[of] p2a: Raikou
|-unboost|p2a: Raikou|atk|1
|move|p2a: Raikou|Shadow Ball|p1a: Landorus-Therian
|-damage|p1a: Landorus-Therian|105\/360
|-unboost|p1a: Landorus-Therian|spd|1
|
|-heal|p1a: Landorus-Therian|127\/360|[from] item: Leftovers
|turn|33
|
|move|p2a: Raikou|Shadow Ball|p1a: Landorus-Therian
|-damage|p1a: Landorus-Therian|0 fnt
|faint|p1a: Landorus-Therian
|
|
|switch|p1a: Sylveon|Sylveon, M|393\/394
|-damage|p1a: Sylveon|344\/394|[from] Stealth Rock
|turn|34
|
|move|p2a: Raikou|Shadow Ball|p1a: Sylveon
|-damage|p1a: Sylveon|266\/394
|-unboost|p1a: Sylveon|spd|1
|move|p1a: Sylveon|Hyper Voice|p2a: Raikou
|-damage|p2a: Raikou|0 fnt
|faint|p2a: Raikou
|
|-heal|p1a: Sylveon|290\/394|[from] item: Leftovers
|
|switch|p2a: Landorus-Therian|Landorus-Therian, M|280\/319
|-damage|p2a: Landorus-Therian|241\/319|[from] Stealth Rock
|-ability|p2a: Landorus-Therian|Intimidate|[of] p1a: Sylveon
|-unboost|p1a: Sylveon|atk|1
|turn|35
|c|âCroven|nice drops
|c|âIlight|still debating
|c|âIlight|toxic or wish
|c|âCroven|lmao
|c|âIlight|w\/o toxic i have 0 status coverage
|c|âIlight|besides t wave paul
|
|move|p2a: Landorus-Therian|Earthquake|p1a: Sylveon
|-damage|p1a: Sylveon|38\/394
|move|p1a: Sylveon|Hyper Voice|p2a: Landorus-Therian
|-damage|p2a: Landorus-Therian|69\/319
|
|-heal|p1a: Sylveon|62\/394|[from] item: Leftovers
|turn|36
|
|switch|p1a: Slowbro|Slowbro, F|394\/394
|-damage|p1a: Slowbro|345\/394|[from] Stealth Rock
|move|p2a: Landorus-Therian|Earthquake|p1a: Slowbro
|-damage|p1a: Slowbro|209\/394
|
|-heal|p1a: Slowbro|233\/394|[from] item: Leftovers
|turn|37
|c|âCroven|time to crit while u miss sclad
|
|move|p2a: Landorus-Therian|Earthquake|p1a: Slowbro
|-damage|p1a: Slowbro|91\/394
|move|p1a: Slowbro|Scald|p2a: Landorus-Therian
|-supereffective|p2a: Landorus-Therian
|-damage|p2a: Landorus-Therian|0 fnt
|faint|p2a: Landorus-Therian
|
|win|Ilight
|c|âIlight|gg
|c|âCroven|gg
|L|Croven
|player|p2