|J|Croven
|J|Ilight
|player|p1|Croven|30
|player|p2|Ilight|101
|gametype|singles
|gen|6
|tier|OU (suspect test)
|clearpoke
|poke|p1|Lopunny, F
|poke|p1|Heatran, F
|poke|p1|Gliscor, M
|poke|p1|Celebi
|poke|p1|Mandibuzz, F
|poke|p1|Tornadus-Therian, M
|poke|p2|Metagross
|poke|p2|Landorus-Therian, M
|poke|p2|Magnezone
|poke|p2|Slowbro, F
|poke|p2|Keldeo
|poke|p2|Sylveon, M
|rule|Swagger Clause: Swagger is banned
|rule|Baton Pass Clause: Limit one PokÃ©mon knowing Baton Pass
|rule|Sleep Clause Mod: Limit one foe put to sleep
|rule|Species Clause: Limit one of each PokÃ©mon
|rule|OHKO Clause: OHKO moves are banned
|rule|Moody Clause: Moody is banned
|rule|Evasion Moves Clause: Evasion moves are banned
|rule|Endless Battle Clause: Forcing endless battles is banned
|rule|HP Percentage Mod: HP is shown in percentages
|teampreview
|
|start
|switch|p1a: Mandibuzz|Mandibuzz, F|424\/424
|switch|p2a: Metagross|Metagross|302\/302
|turn|1
|
|switch|p2a: Sylveon|Sylveon, M|394\/394
|move|p1a: Mandibuzz|U-turn|p2a: Sylveon
|-resisted|p2a: Sylveon
|-damage|p2a: Sylveon|367\/394
|
|switch|p1a: Heatran|Heatran, F|384\/384
|
|-heal|p2a: Sylveon|391\/394|[from] item: Leftovers
|turn|2
|
|switch|p2a: Landorus-Therian|Landorus-Therian, M|360\/360
|-ability|p2a: Landorus-Therian|Intimidate|[of] p1a: Heatran
|-unboost|p1a: Heatran|atk|1
|move|p1a: Heatran|Toxic|p2a: Landorus-Therian
|-status|p2a: Landorus-Therian|tox
|
|-damage|p2a: Landorus-Therian|338\/360 tox|[from] psn
|turn|3
|
|switch|p1a: Mandibuzz|Mandibuzz, F|424\/424
|move|p2a: Landorus-Therian|U-turn|p1a: Mandibuzz
|-damage|p1a: Mandibuzz|370\/424
|
|switch|p2a: Keldeo|Keldeo|323\/323
|
|-heal|p1a: Mandibuzz|396\/424|[from] item: Leftovers
|turn|4
|
|switch|p1a: Celebi|Celebi|404\/404
|move|p2a: Keldeo|Calm Mind|p2a: Keldeo
|-boost|p2a: Keldeo|spa|1
|-boost|p2a: Keldeo|spd|1
|
|turn|5
|
|move|p2a: Keldeo|Calm Mind|p2a: Keldeo
|-boost|p2a: Keldeo|spa|1
|-boost|p2a: Keldeo|spd|1
|move|p1a: Celebi|Giga Drain|p2a: Keldeo
|-supereffective|p2a: Keldeo
|-damage|p2a: Keldeo|227\/323
|
|-heal|p2a: Keldeo|247\/323|[from] item: Leftovers
|turn|6
|
|move|p2a: Keldeo|Calm Mind|p2a: Keldeo
|-boost|p2a: Keldeo|spa|1
|-boost|p2a: Keldeo|spd|1
|move|p1a: Celebi|Giga Drain|p2a: Keldeo
|-supereffective|p2a: Keldeo
|-damage|p2a: Keldeo|173\/323
|
|-heal|p2a: Keldeo|193\/323|[from] item: Leftovers
|turn|7
|
|move|p2a: Keldeo|Substitute|p2a: Keldeo
|-start|p2a: Keldeo|Substitute
|-damage|p2a: Keldeo|113\/323
|move|p1a: Celebi|Giga Drain|p2a: Keldeo
|-supereffective|p2a: Keldeo
|-end|p2a: Keldeo|Substitute
|
|-heal|p2a: Keldeo|133\/323|[from] item: Leftovers
|turn|8
|
|move|p2a: Keldeo|Calm Mind|p2a: Keldeo
|-boost|p2a: Keldeo|spa|1
|-boost|p2a: Keldeo|spd|1
|move|p1a: Celebi|Giga Drain|p2a: Keldeo
|-supereffective|p2a: Keldeo
|-damage|p2a: Keldeo|67\/323
|
|-heal|p2a: Keldeo|87\/323|[from] item: Leftovers
|turn|9
|
|move|p2a: Keldeo|Substitute|p2a: Keldeo
|-start|p2a: Keldeo|Substitute
|-damage|p2a: Keldeo|7\/323
|move|p1a: Celebi|Giga Drain|p2a: Keldeo
|-supereffective|p2a: Keldeo
|-activate|p2a: Keldeo|Substitute|[damage]
|
|-heal|p2a: Keldeo|27\/323|[from] item: Leftovers
|turn|10
|c|âIlight|k finally
|c|âIlight|lol
|c|âCroven|lol
|
|move|p2a: Keldeo|Surf|p1a: Celebi
|-resisted|p1a: Celebi
|-damage|p1a: Celebi|159\/404
|move|p1a: Celebi|Giga Drain|p2a: Keldeo
|-supereffective|p2a: Keldeo
|-end|p2a: Keldeo|Substitute
|-heal|p1a: Celebi|168\/404|[from] drain|[of] p2a: Keldeo
|
|-heal|p2a: Keldeo|47\/323|[from] item: Leftovers
|-heal|p1a: Celebi|193\/404|[from] item: Leftovers
|turn|11
|
|move|p2a: Keldeo|Surf|p1a: Celebi
|-resisted|p1a: Celebi
|-damage|p1a: Celebi|0 fnt
|faint|p1a: Celebi
|
|-heal|p2a: Keldeo|67\/323|[from] item: Leftovers
|
|switch|p1a: Tornadus-Therian|Tornadus-Therian, M|299\/299
|turn|12
|
|switch|p2a: Sylveon|Sylveon, M|391\/394
|move|p1a: Tornadus-Therian|Superpower|p2a: Sylveon
|-resisted|p2a: Sylveon
|-damage|p2a: Sylveon|299\/394
|-unboost|p1a: Tornadus-Therian|atk|1
|-unboost|p1a: Tornadus-Therian|def|1
|-damage|p1a: Tornadus-Therian|270\/299|[from] item: Life Orb
|
|-heal|p2a: Sylveon|323\/394|[from] item: Leftovers
|turn|13
|
|switch|p2a: Landorus-Therian|Landorus-Therian, M|338\/360 tox
|-ability|p2a: Landorus-Therian|Intimidate|[of] p1a: Tornadus-Therian
|-unboost|p1a: Tornadus-Therian|atk|1
|move|p1a: Tornadus-Therian|U-turn|p2a: Landorus-Therian
|-crit|p2a: Landorus-Therian
|-resisted|p2a: Landorus-Therian
|-damage|p2a: Landorus-Therian|276\/360 tox
|-damage|p1a: Tornadus-Therian|241\/299|[from] item: Life Orb
|
|switch|p1a: Mandibuzz|Mandibuzz, F|396\/424
|
|-heal|p2a: Landorus-Therian|298\/360 tox|[from] item: Leftovers
|-heal|p1a: Mandibuzz|422\/424|[from] item: Leftovers
|-damage|p2a: Landorus-Therian|276\/360 tox|[from] psn
|turn|14
|
|move|p2a: Landorus-Therian|U-turn|p1a: Mandibuzz
|-damage|p1a: Mandibuzz|367\/424
|
|switch|p2a: Slowbro|Slowbro, F|394\/394
|move|p1a: Mandibuzz|U-turn|p2a: Slowbro
|-crit|p2a: Slowbro
|-supereffective|p2a: Slowbro
|-damage|p2a: Slowbro|316\/394
|c|âIlight|paul
|
|switch|p1a: Tornadus-Therian|Tornadus-Therian, M|299\/299
|
|-heal|p2a: Slowbro|340\/394|[from] item: Leftovers
|turn|15
|c|âIlight|has just became an issue
|c|âIlight|:P
|
|move|p1a: Tornadus-Therian|Hurricane|p2a: Slowbro
|-damage|p2a: Slowbro|58\/394
|-start|p2a: Slowbro|confusion
|-damage|p1a: Tornadus-Therian|270\/299|[from] item: Life Orb
|-activate|p2a: Slowbro|confusion
|-damage|p2a: Slowbro|42\/394|[from] confusion
|
|-heal|p2a: Slowbro|66\/394|[from] item: Leftovers
|turn|16
|c|âIlight|....
|c|âCroven|nope
|c|âIlight|i twaved
|c|âCroven|:]
|
|switch|p2a: Sylveon|Sylveon, M|323\/394
|move|p1a: Tornadus-Therian|U-turn|p2a: Sylveon
|-resisted|p2a: Sylveon
|-damage|p2a: Sylveon|267\/394
|-damage|p1a: Tornadus-Therian|241\/299|[from] item: Life Orb
|
|switch|p1a: Heatran|Heatran, F|384\/384
|
|-heal|p2a: Sylveon|291\/394|[from] item: Leftovers
|turn|17
|
|switch|p2a: Landorus-Therian|Landorus-Therian, M|276\/360 tox
|-ability|p2a: Landorus-Therian|Intimidate|[of] p1a: Heatran
|-unboost|p1a: Heatran|atk|1
|move|p1a: Heatran|Stealth Rock|p2a: Landorus-Therian
|-sidestart|p2: Ilight|move: Stealth Rock
|
|-heal|p2a: Landorus-Therian|298\/360 tox|[from] item: Leftovers
|-damage|p2a: Landorus-Therian|276\/360 tox|[from] psn
|turn|18
|
|switch|p1a: Mandibuzz|Mandibuzz, F|367\/424
|move|p2a: Landorus-Therian|Stealth Rock|p1a: Mandibuzz
|-sidestart|p1: Croven|move: Stealth Rock
|
|-heal|p2a: Landorus-Therian|298\/360 tox|[from] item: Leftovers
|-heal|p1a: Mandibuzz|393\/424|[from] item: Leftovers
|-damage|p2a: Landorus-Therian|254\/360 tox|[from] psn
|turn|19
|
|move|p2a: Landorus-Therian|U-turn|p1a: Mandibuzz
|-damage|p1a: Mandibuzz|335\/424
|
|switch|p2a: Slowbro|Slowbro, F|197\/394
|-damage|p2a: Slowbro|148\/394|[from] Stealth Rock
|move|p1a: Mandibuzz|Defog|p2a: Slowbro
|-unboost|p2a: Slowbro|evasion|1
|-sideend|p2: Ilight|Stealth Rock|[from] move: Defog|[of] p2a: Slowbro
|-sideend|p1: Croven|Stealth Rock|[from] move: Defog|[of] p1a: Mandibuzz
|
|-heal|p1a: Mandibuzz|361\/424|[from] item: Leftovers
|-heal|p2a: Slowbro|172\/394|[from] item: Leftovers
|turn|20
|
|move|p1a: Mandibuzz|U-turn|p2a: Slowbro
|-supereffective|p2a: Slowbro
|-damage|p2a: Slowbro|116\/394
|
|switch|p1a: Lopunny|Lopunny, F|271\/271
|move|p2a: Slowbro|Scald|p1a: Lopunny
|-damage|p1a: Lopunny|180\/271
|
|-heal|p2a: Slowbro|140\/394|[from] item: Leftovers
|turn|21
|c|âIlight|burn someone
|c|âCroven|no
|c|âIlight|:(
|
|switch|p2a: Metagross|Metagross|302\/302
|detailschange|p1a: Lopunny|Lopunny-Mega, F
|-mega|p1a: Lopunny|Lopunny|Lopunnite
|move|p1a: Lopunny|Return|p2a: Metagross
|-resisted|p2a: Metagross
|-damage|p2a: Metagross|227\/302
|
|turn|22
|
|switch|p1a: Mandibuzz|Mandibuzz, F|361\/424
|detailschange|p2a: Metagross|Metagross-Mega
|-mega|p2a: Metagross|Metagross|Metagrossite
|move|p2a: Metagross|Ice Punch|p1a: Mandibuzz
|-supereffective|p1a: Mandibuzz
|-damage|p1a: Mandibuzz|169\/424
|
|-heal|p1a: Mandibuzz|195\/424|[from] item: Leftovers
|turn|23
|
|move|p2a: Metagross|Ice Punch|p1a: Mandibuzz
|-supereffective|p1a: Mandibuzz
|-damage|p1a: Mandibuzz|25\/424
|move|p1a: Mandibuzz|Roost|p1a: Mandibuzz
|-heal|p1a: Mandibuzz|237\/424
|
|-heal|p1a: Mandibuzz|263\/424|[from] item: Leftovers
|turn|24
|
|switch|p2a: Slowbro|Slowbro, F|271\/394
|move|p1a: Mandibuzz|Roost|p1a: Mandibuzz
|-heal|p1a: Mandibuzz|424\/424
|
|-heal|p2a: Slowbro|295\/394|[from] item: Leftovers
|turn|25
|
|move|p1a: Mandibuzz|U-turn|p2a: Slowbro
|-supereffective|p2a: Slowbro
|-damage|p2a: Slowbro|243\/394
|
|switch|p1a: Tornadus-Therian|Tornadus-Therian, M|299\/299
|move|p2a: Slowbro|Scald|p1a: Tornadus-Therian
|-damage|p1a: Tornadus-Therian|193\/299
|
|-heal|p2a: Slowbro|267\/394|[from] item: Leftovers
|turn|26
|c|âIlight|so close
|c|âIlight|yet so far
|c|âCroven|lol
|
|switch|p2a: Magnezone|Magnezone|281\/281
|move|p1a: Tornadus-Therian|Hurricane|p2a: Magnezone|[miss]
|-miss|p1a: Tornadus-Therian|p2a: Magnezone
|
|turn|27
|
|switch|p2a: Slowbro|Slowbro, F|394\/394
|move|p1a: Tornadus-Therian|U-turn|p2a: Slowbro
|-supereffective|p2a: Slowbro
|-damage|p2a: Slowbro|295\/394
|-damage|p1a: Tornadus-Therian|164\/299|[from] item: Life Orb
|
|switch|p1a: Heatran|Heatran, F|384\/384
|
|-heal|p2a: Slowbro|319\/394|[from] item: Leftovers
|turn|28
|
|move|p1a: Heatran|Lava Plume|p2a: Slowbro
|-resisted|p2a: Slowbro
|-damage|p2a: Slowbro|253\/394
|move|p2a: Slowbro|Thunder Wave|p1a: Heatran
|-status|p1a: Heatran|par
|
|-heal|p2a: Slowbro|277\/394|[from] item: Leftovers
|turn|29
|
|move|p2a: Slowbro|Scald|p1a: Heatran
|-supereffective|p1a: Heatran
|-damage|p1a: Heatran|202\/384 par
|cant|p1a: Heatran|par
|
|-heal|p2a: Slowbro|301\/394|[from] item: Leftovers
|-heal|p1a: Heatran|226\/384 par|[from] item: Leftovers
|turn|30
|
|switch|p1a: Tornadus-Therian|Tornadus-Therian, M|263\/299
|move|p2a: Slowbro|Scald|p1a: Tornadus-Therian
|-damage|p1a: Tornadus-Therian|157\/299
|
|-heal|p2a: Slowbro|325\/394|[from] item: Leftovers
|turn|31
|c|âIlight|revenge
|
|move|p1a: Tornadus-Therian|U-turn|p2a: Slowbro
|-crit|p2a: Slowbro
|-supereffective|p2a: Slowbro
|-damage|p2a: Slowbro|169\/394
|-damage|p1a: Tornadus-Therian|128\/299|[from] item: Life Orb
|
|switch|p1a: Heatran|Heatran, F|226\/384 par
|move|p2a: Slowbro|Thunder Wave|p1a: Heatran
|-fail|p1a: Heatran|par
|
|-heal|p2a: Slowbro|193\/394|[from] item: Leftovers
|-heal|p1a: Heatran|250\/384 par|[from] item: Leftovers
|turn|32
|
|move|p2a: Slowbro|Scald|p1a: Heatran
|-supereffective|p1a: Heatran
|-damage|p1a: Heatran|64\/384 par
|move|p1a: Heatran|Toxic|p2a: Slowbro
|-status|p2a: Slowbro|tox
|
|-heal|p2a: Slowbro|217\/394 tox|[from] item: Leftovers
|-heal|p1a: Heatran|88\/384 par|[from] item: Leftovers
|-damage|p2a: Slowbro|193\/394 tox|[from] psn
|turn|33
|
|move|p2a: Slowbro|Scald|p1a: Heatran
|-supereffective|p1a: Heatran
|-damage|p1a: Heatran|0 fnt
|faint|p1a: Heatran
|
|-heal|p2a: Slowbro|217\/394 tox|[from] item: Leftovers
|-damage|p2a: Slowbro|169\/394 tox|[from] psn
|
|switch|p1a: Lopunny|Lopunny-Mega, F|180\/271
|turn|34
|c|âCroven|oops misclick lol
|
|switch|p2a: Landorus-Therian|Landorus-Therian, M|254\/360 tox
|-ability|p2a: Landorus-Therian|Intimidate|[of] p1a: Lopunny
|-unboost|p1a: Lopunny|atk|1
|move|p1a: Lopunny|Return|p2a: Landorus-Therian
|-damage|p2a: Landorus-Therian|127\/360 tox
|
|-heal|p2a: Landorus-Therian|149\/360 tox|[from] item: Leftovers
|-damage|p2a: Landorus-Therian|127\/360 tox|[from] psn
|turn|35
|
|switch|p2a: Metagross|Metagross-Mega|227\/302
|move|p1a: Lopunny|Power-Up Punch|p2a: Metagross
|-damage|p2a: Metagross|191\/302
|-boost|p1a: Lopunny|atk|1
|
|turn|36
|
|switch|p1a: Mandibuzz|Mandibuzz, F|424\/424
|move|p2a: Metagross|Meteor Mash|p1a: Mandibuzz
|-damage|p1a: Mandibuzz|252\/424
|-boost|p2a: Metagross|atk|1
|
|-heal|p1a: Mandibuzz|278\/424|[from] item: Leftovers
|turn|37
|c|âCroven|\/me sighs
|
|move|p2a: Metagross|Ice Punch|p1a: Mandibuzz
|-supereffective|p1a: Mandibuzz
|-damage|p1a: Mandibuzz|24\/424
|move|p1a: Mandibuzz|Foul Play|p2a: Metagross
|-supereffective|p2a: Metagross
|-damage|p2a: Metagross|0 fnt
|faint|p2a: Metagross
|
|-heal|p1a: Mandibuzz|50\/424|[from] item: Leftovers
|c|âCroven|LOL
|
|switch|p2a: Landorus-Therian|Landorus-Therian, M|127\/360 tox
|-ability|p2a: Landorus-Therian|Intimidate|[of] p1a: Mandibuzz
|-unboost|p1a: Mandibuzz|atk|1
|turn|38
|
|move|p2a: Landorus-Therian|Stone Edge|p1a: Mandibuzz
|-supereffective|p1a: Mandibuzz
|-damage|p1a: Mandibuzz|0 fnt
|faint|p1a: Mandibuzz
|
|-heal|p2a: Landorus-Therian|149\/360 tox|[from] item: Leftovers
|-damage|p2a: Landorus-Therian|127\/360 tox|[from] psn
|c|âIlight|finally
|
|switch|p1a: Tornadus-Therian|Tornadus-Therian, M|227\/299
|turn|39
|c|âIlight|it dies
|c|âCroven|omfg
|c|âCroven|i misclicked
|c|âCroven|again
|c|âIlight|lol
|
|switch|p2a: Magnezone|Magnezone|281\/281
|move|p1a: Tornadus-Therian|Hurricane|p2a: Magnezone
|-resisted|p2a: Magnezone
|-damage|p2a: Magnezone|217\/281
|-damage|p1a: Tornadus-Therian|198\/299|[from] item: Life Orb
|
|turn|40
|
|move|p1a: Tornadus-Therian|Superpower|p2a: Magnezone
|-supereffective|p2a: Magnezone
|-damage|p2a: Magnezone|6\/281
|-unboost|p1a: Tornadus-Therian|atk|1
|-unboost|p1a: Tornadus-Therian|def|1
|-damage|p1a: Tornadus-Therian|169\/299|[from] item: Life Orb
|move|p2a: Magnezone|Flash Cannon|p1a: Tornadus-Therian
|-damage|p1a: Tornadus-Therian|0 fnt
|faint|p1a: Tornadus-Therian
|
|c|âCroven|omfg
|c|âCroven|these rolls
|
|switch|p1a: Lopunny|Lopunny-Mega, F|180\/271
|turn|41
|
|switch|p2a: Landorus-Therian|Landorus-Therian, M|127\/360 tox
|-ability|p2a: Landorus-Therian|Intimidate|[of] p1a: Lopunny
|-unboost|p1a: Lopunny|atk|1
|move|p1a: Lopunny|Power-Up Punch|p2a: Landorus-Therian
|-resisted|p2a: Landorus-Therian
|-damage|p2a: Landorus-Therian|100\/360 tox
|-boost|p1a: Lopunny|atk|1
|
|-heal|p2a: Landorus-Therian|122\/360 tox|[from] item: Leftovers
|-damage|p2a: Landorus-Therian|100\/360 tox|[from] psn
|turn|42
|
|move|p1a: Lopunny|Power-Up Punch|p2a: Landorus-Therian
|-resisted|p2a: Landorus-Therian
|-damage|p2a: Landorus-Therian|59\/360 tox
|-boost|p1a: Lopunny|atk|1
|move|p2a: Landorus-Therian|Earthquake|p1a: Lopunny
|-damage|p1a: Lopunny|6\/271
|
|-heal|p2a: Landorus-Therian|81\/360 tox|[from] item: Leftovers
|-damage|p2a: Landorus-Therian|37\/360 tox|[from] psn
|turn|43
|
|switch|p2a: Magnezone|Magnezone|6\/281
|move|p1a: Lopunny|Power-Up Punch|p2a: Magnezone
|-supereffective|p2a: Magnezone
|-damage|p2a: Magnezone|0 fnt
|-boost|p1a: Lopunny|atk|1
|faint|p2a: Magnezone
|
|
|switch|p2a: Slowbro|Slowbro, F|300\/394 tox
|turn|44
|
|move|p1a: Lopunny|Return|p2a: Slowbro
|-damage|p2a: Slowbro|54\/394 tox
|move|p2a: Slowbro|Scald|p1a: Lopunny
|-damage|p1a: Lopunny|0 fnt
|faint|p1a: Lopunny
|
|-heal|p2a: Slowbro|78\/394 tox|[from] item: Leftovers
|-damage|p2a: Slowbro|54\/394 tox|[from] psn
|c|âCroven|nooo
|c|âIlight|paul is here!
|
|switch|p1a: Gliscor|Gliscor, M|353\/353
|turn|45
|c|âCroven|rematch?
|
|switch|p2a: Landorus-Therian|Landorus-Therian, M|37\/360 tox
|-ability|p2a: Landorus-Therian|Intimidate|[of] p1a: Gliscor
|-unboost|p1a: Gliscor|atk|1
|move|p1a: Gliscor|Earthquake|p2a: Landorus-Therian
|-immune|p2a: Landorus-Therian|[msg]
|
|-heal|p2a: Landorus-Therian|59\/360 tox|[from] item: Leftovers
|-damage|p2a: Landorus-Therian|37\/360 tox|[from] psn
|-status|p1a: Gliscor|tox|[from] item: Toxic Orb
|turn|46
|
|move|p2a: Landorus-Therian|U-turn|p1a: Gliscor
|-resisted|p1a: Gliscor
|-damage|p1a: Gliscor|328\/353 tox
|
|switch|p2a: Sylveon|Sylveon, M|291\/394
|move|p1a: Gliscor|Swords Dance|p1a: Gliscor
|-boost|p1a: Gliscor|atk|2
|
|-heal|p2a: Sylveon|315\/394|[from] item: Leftovers
|-heal|p1a: Gliscor|353\/353 tox|[from] ability: Poison Heal
|turn|47
|
|move|p1a: Gliscor|Earthquake|p2a: Sylveon
|-damage|p2a: Sylveon|56\/394
|move|p2a: Sylveon|Heal Bell|p2a: Sylveon
|-cureteam|p2a: Sylveon|[from] move: HealBell
|
|-heal|p2a: Sylveon|80\/394|[from] item: Leftovers
|turn|48
|
|move|p1a: Gliscor|Earthquake|p2a: Sylveon
|-damage|p2a: Sylveon|0 fnt
|faint|p2a: Sylveon
|
|
|switch|p2a: Keldeo|Keldeo|67\/323
|turn|49
|
|move|p2a: Keldeo|Surf|p1a: Gliscor
|-supereffective|p1a: Gliscor
|-damage|p1a: Gliscor|0 fnt
|faint|p1a: Gliscor
|
|win|Ilight
|c|âIlight|gg
|c|âCroven|gg