|J|Ilight
|J|Croven
|player|p1|Ilight|102
|player|p2|Croven|167
|gametype|singles
|gen|6
|tier|OU
|clearpoke
|poke|p1|Clefable, M
|poke|p1|Gothitelle, M
|poke|p1|Skarmory, F
|poke|p1|Metagross
|poke|p1|Blissey, F
|poke|p1|Landorus-Therian, M
|poke|p2|Gardevoir, F
|poke|p2|Emboar, F
|poke|p2|Rotom-Wash
|poke|p2|Talonflame, M
|poke|p2|Landorus-Therian, M
|poke|p2|Latios, M
|rule|Swagger Clause: Swagger is banned
|rule|Baton Pass Clause: Limit one PokÃ©mon knowing Baton Pass
|rule|Sleep Clause Mod: Limit one foe put to sleep
|rule|Species Clause: Limit one of each PokÃ©mon
|rule|OHKO Clause: OHKO moves are banned
|rule|Moody Clause: Moody is banned
|rule|Evasion Moves Clause: Evasion moves are banned
|rule|Endless Battle Clause: Forcing endless battles is banned
|rule|HP Percentage Mod: HP is shown in percentages
|teampreview
|c|âIlight|gl hf
|c|âCroven|u2
|
|start
|switch|p1a: Landorus-Therian|Landorus-Therian, M|320\/320
|switch|p2a: Landorus-Therian|Landorus-Therian, M|382\/382
|-ability|p1a: Landorus-Therian|Intimidate|[of] p2a: Landorus-Therian
|-unboost|p2a: Landorus-Therian|atk|1
|-ability|p2a: Landorus-Therian|Intimidate|[of] p1a: Landorus-Therian
|-unboost|p1a: Landorus-Therian|atk|1
|turn|1
|
|move|p1a: Landorus-Therian|Stealth Rock|p2a: Landorus-Therian
|-sidestart|p2: Croven|move: Stealth Rock
|move|p2a: Landorus-Therian|U-turn|p1a: Landorus-Therian
|-resisted|p1a: Landorus-Therian
|-damage|p1a: Landorus-Therian|291\/320
|
|switch|p2a: Rotom-Wash|Rotom-Wash|303\/303
|-damage|p2a: Rotom-Wash|266\/303|[from] Stealth Rock
|
|-heal|p1a: Landorus-Therian|311\/320|[from] item: Leftovers
|-heal|p2a: Rotom-Wash|284\/303|[from] item: Leftovers
|turn|2
|J|Imp Sana
|
|move|p1a: Landorus-Therian|U-turn|p2a: Rotom-Wash
|-damage|p2a: Rotom-Wash|241\/303
|
|switch|p1a: Clefable|Clefable, M|394\/394
|move|p2a: Rotom-Wash|Volt Switch|p1a: Clefable
|-damage|p1a: Clefable|301\/394
|c| Imp Sana|light your team is mad ugly lol
|J|Imp Poker
|
|switch|p2a: Talonflame|Talonflame, M|359\/359
|-damage|p2a: Talonflame|180\/359|[from] Stealth Rock
|
|-heal|p1a: Clefable|325\/394|[from] item: Leftovers
|turn|3
|J|Imp SpiritBear
|
|move|p2a: Talonflame|Will-O-Wisp|p1a: Clefable|[miss]
|-miss|p2a: Talonflame|p1a: Clefable
|move|p1a: Clefable|Toxic|p2a: Talonflame
|-status|p2a: Talonflame|tox
|
|-heal|p1a: Clefable|349\/394|[from] item: Leftovers
|-damage|p2a: Talonflame|158\/359 tox|[from] psn
|turn|4
|
|move|p2a: Talonflame|Roost|p2a: Talonflame
|-heal|p2a: Talonflame|338\/359 tox
|move|p1a: Clefable|Moonlight|p1a: Clefable
|-heal|p1a: Clefable|394\/394
|
|-damage|p2a: Talonflame|294\/359 tox|[from] psn
|turn|5
|c|âCroven|toxic clef?
|c|âCroven|that's new
|c|âIlight|misclick
|c|âIlight|why does
|c|âIlight|moonblast
|c|âIlight|and moonlight
|c|âIlight|look so similar
|
|switch|p2a: Gardevoir|Gardevoir, F|277\/277
|-damage|p2a: Gardevoir|243\/277|[from] Stealth Rock
|-ability|p2a: Gardevoir|Unaware|[from] ability: Trace|[of] p1a: Clefable
|move|p1a: Clefable|Moonblast|p2a: Gardevoir
|-damage|p2a: Gardevoir|155\/277
|-unboost|p2a: Gardevoir|spa|1
|
|turn|6
|c|âCroven|idk lol
|J|Damp Towel
|c|âCroven|sigh
|
|detailschange|p2a: Gardevoir|Gardevoir-Mega, F
|-mega|p2a: Gardevoir|Gardevoir|Gardevoirite
|move|p2a: Gardevoir|Hyper Voice|p1a: Clefable
|-damage|p1a: Clefable|87\/394
|move|p1a: Clefable|Moonblast|p2a: Gardevoir
|-damage|p2a: Gardevoir|68\/277
|
|-heal|p1a: Clefable|111\/394|[from] item: Leftovers
|turn|7
|c| Imp Sana|you use moonlight?
|c|âCroven|oh right unaware
|c| Imp Sana|why?
|c|âCroven|sana
|c|âIlight|cant
|c|âCroven|he's unaware
|
|switch|p1a: Blissey|Blissey, F|714\/714
|move|p2a: Gardevoir|Hyper Voice|p1a: Blissey
|-damage|p1a: Blissey|569\/714
|
|-heal|p1a: Blissey|613\/714|[from] item: Leftovers
|turn|8
|c|âIlight|use softboiled
|c| Imp Sana|oh
|c| Imp Sana|oh
|c| Imp Sana|oh
|
|switch|p2a: Emboar|Emboar, F|370\/370
|-damage|p2a: Emboar|324\/370|[from] Stealth Rock
|move|p1a: Blissey|Wish|p1a: Blissey
|
|-heal|p1a: Blissey|657\/714|[from] item: Leftovers
|turn|9
|c| Imp Sana|ohhh
|J|Urita
|
|switch|p2a: Rotom-Wash|Rotom-Wash|241\/303
|-damage|p2a: Rotom-Wash|204\/303|[from] Stealth Rock
|switch|p1a: Landorus-Therian|Landorus-Therian, M|311\/320
|-ability|p1a: Landorus-Therian|Intimidate|[of] p2a: Rotom-Wash
|-unboost|p2a: Rotom-Wash|atk|1
|
|-heal|p1a: Landorus-Therian|320\/320|[from] move: Wish|[wisher] Blissey
|-heal|p2a: Rotom-Wash|222\/303|[from] item: Leftovers
|turn|10
|c| Imp Sana|hp ice inbound
|
|move|p1a: Landorus-Therian|U-turn|p2a: Rotom-Wash
|-damage|p2a: Rotom-Wash|158\/303
|
|switch|p1a: Blissey|Blissey, F|657\/714
|move|p2a: Rotom-Wash|Hydro Pump|p1a: Blissey|[miss]
|-miss|p2a: Rotom-Wash|p1a: Blissey
|
|-heal|p2a: Rotom-Wash|176\/303|[from] item: Leftovers
|-heal|p1a: Blissey|701\/714|[from] item: Leftovers
|turn|11
|c| Damp Towel|dang 20% on bliss with reduced spattack
|
|move|p2a: Rotom-Wash|Volt Switch|p1a: Blissey
|-damage|p1a: Blissey|637\/714
|c| Urita|Powerful Emboar.
|c| Damp Towel|and a neutral stab
|
|switch|p2a: Latios|Latios, M|301\/301
|-damage|p2a: Latios|264\/301|[from] Stealth Rock
|move|p1a: Blissey|Wish|p1a: Blissey
|
|-heal|p1a: Blissey|681\/714|[from] item: Leftovers
|turn|12
|
|switch|p1a: Gothitelle|Gothitelle, M|288\/288
|move|p2a: Latios|Defog|p1a: Gothitelle
|-unboost|p1a: Gothitelle|evasion|1
|-sideend|p2: Croven|Stealth Rock|[from] move: Defog|[of] p2a: Latios
|
|turn|13
|
|move|p2a: Latios|Earthquake|p1a: Gothitelle
|-damage|p1a: Gothitelle|215\/288
|-damage|p2a: Latios|234\/301|[from] item: Life Orb
|move|p1a: Gothitelle|Trick|p2a: Latios
|-activate|p1a: Gothitelle|move: Trick|[of] p2a: Latios
|-item|p2a: Latios|Choice Scarf|[from] move: Trick
|-item|p1a: Gothitelle|Life Orb|[from] move: Trick
|
|turn|14
|c| Damp Towel|the gardev, Im behind evidently
|
|switch|p1a: Clefable|Clefable, M|111\/394
|move|p2a: Latios|Draco Meteor|p1a: Clefable
|-immune|p1a: Clefable|[msg]
|
|-heal|p1a: Clefable|135\/394|[from] item: Leftovers
|turn|15
|
|switch|p2a: Emboar|Emboar, F|324\/370
|move|p1a: Clefable|Moonlight|p1a: Clefable
|-heal|p1a: Clefable|332\/394
|
|-heal|p1a: Clefable|356\/394|[from] item: Leftovers
|turn|16
|
|switch|p1a: Landorus-Therian|Landorus-Therian, M|320\/320
|-ability|p1a: Landorus-Therian|Intimidate|[of] p2a: Emboar
|-unboost|p2a: Emboar|atk|1
|move|p2a: Emboar|Flare Blitz|p1a: Landorus-Therian
|-damage|p1a: Landorus-Therian|57\/320
|-damage|p2a: Emboar|237\/370|[from] recoil|[of] p1a: Landorus-Therian
|-damage|p2a: Emboar|200\/370|[from] item: Life Orb
|
|-heal|p1a: Landorus-Therian|77\/320|[from] item: Leftovers
|turn|17
|c|âCroven|holy fuck
|c| Imp Sana|dddamn son
|c| Urita|Ooh.
|
|move|p1a: Landorus-Therian|U-turn|p2a: Emboar
|-resisted|p2a: Emboar
|-damage|p2a: Emboar|169\/370
|
|switch|p1a: Gothitelle|Gothitelle, M|215\/288
|move|p2a: Emboar|Flare Blitz|p1a: Gothitelle
|-damage|p1a: Gothitelle|54\/288
|-damage|p2a: Emboar|116\/370|[from] recoil|[of] p1a: Gothitelle
|-damage|p2a: Emboar|79\/370|[from] item: Life Orb
|
|turn|18
|c| Urita|Emboar is power.
|c|âCroven|why did that do zero
|
|move|p2a: Emboar|Sucker Punch|p1a: Gothitelle
|-fail|p1a: Gothitelle
|move|p1a: Gothitelle|Rest|p1a: Gothitelle
|-status|p1a: Gothitelle|slp
|-heal|p1a: Gothitelle|288\/288 slp|[silent]
|-status|p1a: Gothitelle|slp|[from] move: Rest
|
|turn|19
|c| Damp Towel|gothitellllleee
|c|âCroven|aye
|c| Damp Towel|gotta love gothe
|c| Imp Sana|Lol
|
|cant|p1a: Gothitelle|slp
|move|p2a: Emboar|Flare Blitz|p1a: Gothitelle
|-damage|p1a: Gothitelle|111\/288 slp
|-damage|p2a: Emboar|21\/370|[from] recoil|[of] p1a: Gothitelle
|-damage|p2a: Emboar|0 fnt|[from] item: Life Orb
|faint|p2a: Emboar
|
|c| Imp Sana|ded
|c|âCroven|why did it do so much to lando and zero to goth
|
|switch|p2a: Gardevoir|Gardevoir-Mega, F|68\/277
|turn|20
|c|âIlight|because
|c| Imp Sana|man ebmoar doesn't last
|
|move|p2a: Gardevoir|Psyshock|p1a: Gothitelle
|-resisted|p1a: Gothitelle
|-damage|p1a: Gothitelle|39\/288 slp
|cant|p1a: Gothitelle|slp
|
|turn|21
|c| Damp Towel|physically defensive gothe 
|c|âCroven|yeah it has no longevity
|
|move|p2a: Gardevoir|Psyshock|p1a: Gothitelle
|-resisted|p1a: Gothitelle
|-damage|p1a: Gothitelle|0 fnt
|faint|p1a: Gothitelle
|
|
|switch|p1a: Metagross|Metagross|302\/302
|turn|22
|
|switch|p2a: Latios|Latios, M|234\/301
|detailschange|p1a: Metagross|Metagross-Mega
|-mega|p1a: Metagross|Metagross|Metagrossite
|move|p1a: Metagross|Ice Punch|p2a: Latios
|-crit|p2a: Latios
|-supereffective|p2a: Latios
|-damage|p2a: Latios|0 fnt
|faint|p2a: Latios
|
|
|switch|p2a: Rotom-Wash|Rotom-Wash|176\/303
|turn|23
|
|move|p1a: Metagross|Zen Headbutt|p2a: Rotom-Wash
|-damage|p2a: Rotom-Wash|37\/303
|cant|p2a: Rotom-Wash|flinch
|
|-heal|p2a: Rotom-Wash|55\/303|[from] item: Leftovers
|turn|24
|c| Damp Towel|oh
|c|âCroven|aye
|c| Damp Towel|that's big ehehe
|
|switch|p2a: Landorus-Therian|Landorus-Therian, M|382\/382
|-ability|p2a: Landorus-Therian|Intimidate|[of] p1a: Metagross
|-unboost|p1a: Metagross|atk|1
|move|p1a: Metagross|Zen Headbutt|p2a: Landorus-Therian
|-damage|p2a: Landorus-Therian|280\/382
|
|-heal|p2a: Landorus-Therian|303\/382|[from] item: Leftovers
|turn|25
|
|switch|p2a: Talonflame|Talonflame, M|294\/359 tox
|move|p1a: Metagross|Zen Headbutt|p2a: Talonflame
|-damage|p2a: Talonflame|110\/359 tox
|
|-damage|p2a: Talonflame|88\/359 tox|[from] psn
|turn|26
|c| Damp Towel|assuming shadow ball
|
|switch|p1a: Clefable|Clefable, M|356\/394
|move|p2a: Talonflame|Roost|p2a: Talonflame
|-heal|p2a: Talonflame|268\/359 tox
|
|-heal|p1a: Clefable|380\/394|[from] item: Leftovers
|-damage|p2a: Talonflame|224\/359 tox|[from] psn
|turn|27
|c| Damp Towel|on rotom
|c|âCroven|.
|c|âCroven|i was going for pain split
|c| Damp Towel|which there probably wasnt since
|
|move|p2a: Talonflame|Will-O-Wisp|p1a: Clefable
|-status|p1a: Clefable|brn
|move|p1a: Clefable|Moonblast|p2a: Talonflame
|-resisted|p2a: Talonflame
|-damage|p2a: Talonflame|175\/359 tox
|
|-heal|p1a: Clefable|394\/394 brn|[from] item: Leftovers
|-damage|p2a: Talonflame|109\/359 tox|[from] psn
|-damage|p1a: Clefable|345\/394 brn|[from] brn
|turn|28
|c| Damp Towel|onl I do that
|c| Damp Towel|Im dumb
|
|switch|p2a: Landorus-Therian|Landorus-Therian, M|303\/382
|-ability|p2a: Landorus-Therian|Intimidate|[of] p1a: Clefable
|-unboost|p1a: Clefable|atk|1
|switch|p1a: Landorus-Therian|Landorus-Therian, M|77\/320
|-ability|p1a: Landorus-Therian|Intimidate|[of] p2a: Landorus-Therian
|-unboost|p2a: Landorus-Therian|atk|1
|
|-heal|p1a: Landorus-Therian|97\/320|[from] item: Leftovers
|-heal|p2a: Landorus-Therian|326\/382|[from] item: Leftovers
|turn|29
|
|switch|p2a: Talonflame|Talonflame, M|109\/359 tox
|move|p1a: Landorus-Therian|Stealth Rock|p2a: Talonflame
|-sidestart|p2: Croven|move: Stealth Rock
|
|-heal|p1a: Landorus-Therian|117\/320|[from] item: Leftovers
|-damage|p2a: Talonflame|87\/359 tox|[from] psn
|turn|30
|
|switch|p1a: Skarmory|Skarmory, F|333\/333
|move|p2a: Talonflame|Acrobatics|p1a: Skarmory
|-resisted|p1a: Skarmory
|-damage|p1a: Skarmory|304\/333
|
|-damage|p2a: Talonflame|43\/359 tox|[from] psn
|turn|31
|
|switch|p1a: Landorus-Therian|Landorus-Therian, M|117\/320
|-ability|p1a: Landorus-Therian|Intimidate|[of] p2a: Talonflame
|-unboost|p2a: Talonflame|atk|1
|move|p2a: Talonflame|Will-O-Wisp|p1a: Landorus-Therian
|-status|p1a: Landorus-Therian|brn
|
|-heal|p1a: Landorus-Therian|137\/320 brn|[from] item: Leftovers
|-damage|p1a: Landorus-Therian|97\/320 brn|[from] brn
|-damage|p2a: Talonflame|0 fnt|[from] psn
|faint|p2a: Talonflame
|
|switch|p2a: Gardevoir|Gardevoir-Mega, F|68\/277
|-damage|p2a: Gardevoir|34\/277|[from] Stealth Rock
|turn|32
|
|move|p1a: Landorus-Therian|U-turn|p2a: Gardevoir
|-damage|p2a: Gardevoir|0 fnt
|faint|p2a: Gardevoir
|c|âCroven|ur max speed?
|
|switch|p1a: Blissey|Blissey, F|681\/714
|
|-heal|p1a: Blissey|714\/714|[from] item: Leftovers
|c|âCroven|lol
|c|âIlight|yes
|c|âCroven|and why do u have blissey on every team
|
|switch|p2a: Landorus-Therian|Landorus-Therian, M|326\/382
|-damage|p2a: Landorus-Therian|279\/382|[from] Stealth Rock
|-ability|p2a: Landorus-Therian|Intimidate|[of] p1a: Blissey
|-unboost|p1a: Blissey|atk|1
|turn|33
|c|âIlight|?
|c| Imp Sana|lol
|c|âIlight|this is my first oras team
|c|âIlight|with blissey
|c|âIlight|?
|c|âCroven|almost every team
|c|âCroven|sorry
|c|âCroven|no i'm honestly wondering
|c|âCroven|i've only seen one team
|c|âCroven|w\/o blissey
|
|move|p2a: Landorus-Therian|Earthquake|p1a: Blissey
|-damage|p1a: Blissey|426\/714
|move|p1a: Blissey|Heal Bell|p1a: Blissey
|-cureteam|p1a: Blissey|[from] move: HealBell
|
|-heal|p2a: Landorus-Therian|302\/382|[from] item: Leftovers
|-heal|p1a: Blissey|470\/714|[from] item: Leftovers
|turn|34
|c|âCroven|and that had paul LOL
|
|move|p2a: Landorus-Therian|Earthquake|p1a: Blissey
|-damage|p1a: Blissey|163\/714
|move|p1a: Blissey|Wish|p1a: Blissey
|
|-heal|p2a: Landorus-Therian|325\/382|[from] item: Leftovers
|-heal|p1a: Blissey|207\/714|[from] item: Leftovers
|turn|35
|c| Damp Towel|who's paul
|c|âIlight|slowbro
|c| Damp Towel|ah
|
|move|p1a: Blissey|Protect|p1a: Blissey
|-singleturn|p1a: Blissey|Protect
|move|p2a: Landorus-Therian|Stealth Rock|p1a: Blissey
|-sidestart|p1: Ilight|move: Stealth Rock
|
|-heal|p1a: Blissey|564\/714|[from] move: Wish|[wisher] Blissey
|-heal|p2a: Landorus-Therian|348\/382|[from] item: Leftovers
|-heal|p1a: Blissey|608\/714|[from] item: Leftovers
|turn|36
|c|âIlight|also blissey is just good 
|c| Imp Sana|pedo
|
|move|p2a: Landorus-Therian|Earthquake|p1a: Blissey
|-damage|p1a: Blissey|326\/714
|move|p1a: Blissey|Wish|p1a: Blissey
|
|-heal|p2a: Landorus-Therian|371\/382|[from] item: Leftovers
|-heal|p1a: Blissey|370\/714|[from] item: Leftovers
|turn|37
|
|switch|p1a: Landorus-Therian|Landorus-Therian, M|97\/320
|-damage|p1a: Landorus-Therian|57\/320|[from] Stealth Rock
|-ability|p1a: Landorus-Therian|Intimidate|[of] p2a: Landorus-Therian
|-unboost|p2a: Landorus-Therian|atk|1
|move|p2a: Landorus-Therian|Earthquake|p1a: Landorus-Therian
|-immune|p1a: Landorus-Therian|[msg]
|
|-heal|p1a: Landorus-Therian|320\/320|[from] move: Wish|[wisher] Blissey
|-heal|p2a: Landorus-Therian|382\/382|[from] item: Leftovers
|turn|38
|
|move|p1a: Landorus-Therian|Stone Edge|p2a: Landorus-Therian
|-crit|p2a: Landorus-Therian
|-damage|p2a: Landorus-Therian|222\/382
|move|p2a: Landorus-Therian|Stone Edge|p1a: Landorus-Therian
|-damage|p1a: Landorus-Therian|236\/320
|
|-heal|p1a: Landorus-Therian|256\/320|[from] item: Leftovers
|-heal|p2a: Landorus-Therian|245\/382|[from] item: Leftovers
|turn|39
|
|move|p1a: Landorus-Therian|U-turn|p2a: Landorus-Therian
|-resisted|p2a: Landorus-Therian
|-damage|p2a: Landorus-Therian|208\/382
|
|switch|p1a: Metagross|Metagross-Mega|302\/302
|-damage|p1a: Metagross|284\/302|[from] Stealth Rock
|move|p2a: Landorus-Therian|Stone Edge|p1a: Metagross
|-resisted|p1a: Metagross
|-damage|p1a: Metagross|260\/302
|
|-heal|p2a: Landorus-Therian|231\/382|[from] item: Leftovers
|turn|40
|c|âIlight|gg
|
|move|p1a: Metagross|Ice Punch|p2a: Landorus-Therian
|-supereffective|p2a: Landorus-Therian
|-damage|p2a: Landorus-Therian|0 fnt
|faint|p2a: Landorus-Therian
|
|
|switch|p2a: Rotom-Wash|Rotom-Wash|55\/303
|-damage|p2a: Rotom-Wash|18\/303|[from] Stealth Rock
|turn|41
|c|âCroven|gg
|J|Im Cnorth26
|
|move|p1a: Metagross|Zen Headbutt|p2a: Rotom-Wash
|-damage|p2a: Rotom-Wash|0 fnt
|faint|p2a: Rotom-Wash
|
|win|Ilight
|L|Ilight
|player|p1
|L|Croven
|player|p2
|c| Im Cnorth26|lol croven
|c| Im Cnorth26|the emboear team
|L|Imp Poker
|J|Unity Î MrSky
|L|Damp Towel
|L|Unity Î MrSky
|L|Im Cnorth26
|J|AL Boo118
|L|AL Boo118
|J|Armored Kaiba
|L|Armored Kaiba
|J|ImpâRoy
|L|ImpâRoy
|L|Imp SpiritBear
|J|crashy
|L|crashy