|join|Croven
|join|Trintirotulene
|player|p1|Croven|167
|player|p2|Trintirotulene|102
|gametype|singles
|gen|6
|tier|OU
|rated
|clearpoke
|poke|p1|Heatran, F
|poke|p1|Sylveon, F
|poke|p1|Greninja, M
|poke|p1|Latios, M
|poke|p1|Talonflame, F
|poke|p1|Gallade, M
|poke|p2|Lickilicky, M
|poke|p2|Ferrothorn, M
|poke|p2|Altaria, M
|poke|p2|Starmie
|poke|p2|Heatran, M
|poke|p2|Landorus-Therian, M
|rule|Swagger Clause: Swagger is banned
|rule|Baton Pass Clause: Limit one PokÃ©mon knowing Baton Pass
|rule|Sleep Clause Mod: Limit one foe put to sleep
|rule|Species Clause: Limit one of each PokÃ©mon
|rule|OHKO Clause: OHKO moves are banned
|rule|Moody Clause: Moody is banned
|rule|Evasion Moves Clause: Evasion moves are banned
|rule|Endless Battle Clause: Forcing endless battles is banned
|rule|HP Percentage Mod: HP is shown in percentages
|teampreview
|
|start
|switch|p1a: Immunize|Sylveon, F|392\/392
|switch|p2a: Altaria|Altaria, M|349\/349
|turn|1
|
|switch|p2a: Ferrothorn|Ferrothorn, M|352\/352
|switch|p1a: The Island|Gallade, M|277\/277
|
|turn|2
|
|switch|p2a: Landorus-Therian|Landorus-Therian, M|375\/375
|-ability|p2a: Landorus-Therian|Intimidate|[of] p1a: The Island
|-unboost|p1a: The Island|atk|1
|detailschange|p1a: The Island|Gallade-Mega, M
|message|Gallade has Mega Evolved into Mega Gallade!
|move|p1a: The Island|Substitute|p1a: The Island
|-start|p1a: The Island|Substitute
|-damage|p1a: The Island|208\/277
|
|turn|3
|
|move|p1a: The Island|Zen Headbutt|p2a: Landorus-Therian|[miss]
|-miss|p1a: The Island|p2a: Landorus-Therian
|move|p2a: Landorus-Therian|Stealth Rock|p1a: The Island
|-sidestart|p1: Croven|move: Stealth Rock
|
|turn|4
|
|move|p1a: The Island|Zen Headbutt|p2a: Landorus-Therian
|-damage|p2a: Landorus-Therian|287\/375
|cant|p2a: Landorus-Therian|flinch
|
|-heal|p2a: Landorus-Therian|310\/375|[from] item: Leftovers
|turn|5
|c|âCroven|sorry
|
|move|p1a: The Island|Zen Headbutt|p2a: Landorus-Therian
|-damage|p2a: Landorus-Therian|217\/375
|move|p2a: Landorus-Therian|Earthquake|p1a: The Island
|-crit|p1a: The Island
|-end|p1a: The Island|Substitute
|
|-heal|p2a: Landorus-Therian|240\/375|[from] item: Leftovers
|turn|6
|
|move|p1a: The Island|Zen Headbutt|p2a: Landorus-Therian
|-crit|p2a: Landorus-Therian
|-damage|p2a: Landorus-Therian|26\/375
|move|p2a: Landorus-Therian|U-turn|p1a: The Island
|-damage|p1a: The Island|124\/277
|c|âCroven|damn i'm really sorry
|
|switch|p2a: Altaria|Altaria, M|349\/349
|
|turn|7
|
|switch|p1a: Set Me On Fire|Heatran, F|326\/326
|-damage|p1a: Set Me On Fire|286\/326|[from] Stealth Rock
|-item|p1a: Set Me On Fire|Air Balloon
|detailschange|p2a: Altaria|Altaria-Mega, M
|message|Altaria has Mega Evolved into Mega Altaria!
|move|p2a: Altaria|Hyper Voice|p1a: Set Me On Fire
|-resisted|p1a: Set Me On Fire
|-damage|p1a: Set Me On Fire|237\/326
|-enditem|p1a: Set Me On Fire|Air Balloon
|
|turn|8
|
|switch|p2a: Starmie|Starmie|323\/323
|move|p1a: Set Me On Fire|Will-O-Wisp|p2a: Starmie
|-status|p2a: Starmie|brn
|
|-damage|p2a: Starmie|283\/323 brn|[from] brn
|turn|9
|
|switch|p1a: Comprachicos|Latios, M|302\/302
|-damage|p1a: Comprachicos|265\/302|[from] Stealth Rock
|move|p2a: Starmie|Scald|p1a: Comprachicos
|-crit|p1a: Comprachicos
|-resisted|p1a: Comprachicos
|-damage|p1a: Comprachicos|197\/302
|
|-heal|p2a: Starmie|303\/323 brn|[from] item: Leftovers
|-damage|p2a: Starmie|263\/323 brn|[from] brn
|turn|10
|
|switch|p2a: Landorus-Therian|Landorus-Therian, M|26\/375
|-ability|p2a: Landorus-Therian|Intimidate|[of] p1a: Comprachicos
|-unboost|p1a: Comprachicos|atk|1
|move|p1a: Comprachicos|Defog|p2a: Landorus-Therian
|-unboost|p2a: Landorus-Therian|evasion|1
|-sideend|p1: Croven|Stealth Rock|[from] move: Defog|[of] p1a: Comprachicos
|
|-heal|p2a: Landorus-Therian|49\/375|[from] item: Leftovers
|turn|11
|
|switch|p2a: Ferrothorn|Ferrothorn, M|352\/352
|move|p1a: Comprachicos|Psyshock|p2a: Ferrothorn
|-resisted|p2a: Ferrothorn
|-damage|p2a: Ferrothorn|288\/352
|-damage|p1a: Comprachicos|167\/302|[from] item: Life Orb
|
|-heal|p2a: Ferrothorn|310\/352|[from] item: Leftovers
|turn|12
|
|move|p1a: Comprachicos|Hidden Power|p2a: Ferrothorn
|-supereffective|p2a: Ferrothorn
|-damage|p2a: Ferrothorn|45\/352
|-damage|p1a: Comprachicos|137\/302|[from] item: Life Orb
|move|p2a: Ferrothorn|Spikes|p1a: Comprachicos
|-sidestart|p1: Croven|Spikes
|
|-heal|p2a: Ferrothorn|67\/352|[from] item: Leftovers
|turn|13
|
|move|p2a: Ferrothorn|Protect|p2a: Ferrothorn
|-singleturn|p2a: Ferrothorn|Protect
|move|p1a: Comprachicos|Defog|p2a: Ferrothorn
|-activate|p2a: Ferrothorn|Protect
|
|-heal|p2a: Ferrothorn|89\/352|[from] item: Leftovers
|turn|14
|
|move|p1a: Comprachicos|Draco Meteor|p2a: Ferrothorn
|-resisted|p2a: Ferrothorn
|-damage|p2a: Ferrothorn|0 fnt
|-unboost|p1a: Comprachicos|spa|2
|-damage|p1a: Comprachicos|107\/302|[from] item: Life Orb
|faint|p2a: Ferrothorn
|
|
|switch|p2a: Heatran|Heatran, M|385\/385
|turn|15
|
|switch|p2a: Landorus-Therian|Landorus-Therian, M|49\/375
|-ability|p2a: Landorus-Therian|Intimidate|[of] p1a: Comprachicos
|-unboost|p1a: Comprachicos|atk|1
|move|p1a: Comprachicos|Defog|p2a: Landorus-Therian
|-unboost|p2a: Landorus-Therian|evasion|1
|-sideend|p1: Croven|Spikes|[from] move: Defog|[of] p1a: Comprachicos
|
|-heal|p2a: Landorus-Therian|72\/375|[from] item: Leftovers
|turn|16
|
|switch|p2a: Heatran|Heatran, M|385\/385
|move|p1a: Comprachicos|Draco Meteor|p2a: Heatran|[miss]
|-miss|p1a: Comprachicos|p2a: Heatran
|
|turn|17
|
|switch|p1a: Witchcraft|Greninja, M|285\/285
|switch|p2a: Starmie|Starmie|263\/323
|
|-heal|p2a: Starmie|283\/323|[from] item: Leftovers
|turn|18
|
|switch|p1a: Immunize|Sylveon, F|392\/392
|switch|p2a: Lickilicky|Lickilicky, M|423\/423
|
|turn|19
|
|move|p1a: Immunize|Hyper Voice|p2a: Lickilicky
|-damage|p2a: Lickilicky|192\/423
|move|p2a: Lickilicky|Wish|p2a: Lickilicky
|
|-heal|p2a: Lickilicky|218\/423|[from] item: Leftovers
|turn|20
|
|move|p2a: Lickilicky|Protect|p2a: Lickilicky
|-singleturn|p2a: Lickilicky|Protect
|move|p1a: Immunize|Hyper Voice|p2a: Lickilicky
|-activate|p2a: Lickilicky|Protect
|
|-heal|p2a: Lickilicky|423\/423|[from] move: Wish|[wisher] Lickilicky
|turn|21
|
|switch|p1a: The Island|Gallade-Mega, M|124\/277
|move|p2a: Lickilicky|Wish|p2a: Lickilicky
|
|turn|22
|
|switch|p2a: Altaria|Altaria-Mega, M|349\/349
|move|p1a: The Island|Zen Headbutt|p2a: Altaria
|-damage|p2a: Altaria|184\/349
|
|-heal|p2a: Altaria|349\/349|[from] move: Wish|[wisher] Lickilicky
|turn|23
|
|switch|p1a: The Fountain|Talonflame, F|298\/298
|move|p2a: Altaria|Hyper Voice|p1a: The Fountain
|-resisted|p1a: The Fountain
|-damage|p1a: The Fountain|175\/298
|
|turn|24
|
|move|p1a: The Fountain|U-turn|p2a: Altaria
|-resisted|p2a: Altaria
|-damage|p2a: Altaria|303\/349
|
|switch|p1a: Set Me On Fire|Heatran, F|237\/326
|move|p2a: Altaria|Hyper Voice|p1a: Set Me On Fire
|-resisted|p1a: Set Me On Fire
|-damage|p1a: Set Me On Fire|192\/326
|
|turn|25
|
|switch|p2a: Starmie|Starmie|283\/323
|move|p1a: Set Me On Fire|Will-O-Wisp|p2a: Starmie
|-status|p2a: Starmie|brn
|
|-heal|p2a: Starmie|303\/323 brn|[from] item: Leftovers
|-damage|p2a: Starmie|263\/323 brn|[from] brn
|turn|26
|
|move|p2a: Starmie|Scald|p1a: Set Me On Fire
|-supereffective|p1a: Set Me On Fire
|-damage|p1a: Set Me On Fire|10\/326
|move|p1a: Set Me On Fire|Stealth Rock|p2a: Starmie
|-sidestart|p2: Trintirotulene|move: Stealth Rock
|
|-heal|p2a: Starmie|283\/323 brn|[from] item: Leftovers
|-damage|p2a: Starmie|243\/323 brn|[from] brn
|turn|27
|
|move|p2a: Starmie|Rapid Spin|p1a: Set Me On Fire
|-resisted|p1a: Set Me On Fire
|-damage|p1a: Set Me On Fire|7\/326
|-sideend|p2: Trintirotulene|Stealth Rock|[from] move: Rapid Spin|[of] p2a: Starmie
|move|p1a: Set Me On Fire|Stealth Rock|p2a: Starmie
|-sidestart|p2: Trintirotulene|move: Stealth Rock
|
|-heal|p2a: Starmie|263\/323 brn|[from] item: Leftovers
|-damage|p2a: Starmie|223\/323 brn|[from] brn
|turn|28
|
|switch|p1a: Immunize|Sylveon, F|392\/392
|move|p2a: Starmie|Rapid Spin|p1a: Immunize
|-damage|p1a: Immunize|383\/392
|-sideend|p2: Trintirotulene|Stealth Rock|[from] move: Rapid Spin|[of] p2a: Starmie
|
|-heal|p2a: Starmie|243\/323 brn|[from] item: Leftovers
|-damage|p2a: Starmie|203\/323 brn|[from] brn
|turn|29
|
|switch|p2a: Heatran|Heatran, M|385\/385
|move|p1a: Immunize|Hidden Power|p2a: Heatran
|-supereffective|p2a: Heatran
|-damage|p2a: Heatran|5\/385
|
|-heal|p2a: Heatran|29\/385|[from] item: Leftovers
|turn|30
|
|switch|p2a: Landorus-Therian|Landorus-Therian, M|72\/375
|-ability|p2a: Landorus-Therian|Intimidate|[of] p1a: Immunize
|-unboost|p1a: Immunize|atk|1
|switch|p1a: Comprachicos|Latios, M|107\/302
|
|-heal|p2a: Landorus-Therian|95\/375|[from] item: Leftovers
|turn|31
|
|switch|p2a: Lickilicky|Lickilicky, M|423\/423
|move|p1a: Comprachicos|Psyshock|p2a: Lickilicky
|-damage|p2a: Lickilicky|228\/423
|-damage|p1a: Comprachicos|77\/302|[from] item: Life Orb
|
|-heal|p2a: Lickilicky|254\/423|[from] item: Leftovers
|turn|32
|
|switch|p1a: The Island|Gallade-Mega, M|124\/277
|move|p2a: Lickilicky|Wish|p2a: Lickilicky
|
|-heal|p2a: Lickilicky|280\/423|[from] item: Leftovers
|turn|33
|
|switch|p1a: Immunize|Sylveon, F|383\/392
|switch|p2a: Landorus-Therian|Landorus-Therian, M|95\/375
|-ability|p2a: Landorus-Therian|Intimidate|[of] p1a: Immunize
|-unboost|p1a: Immunize|atk|1
|
|-heal|p2a: Landorus-Therian|306\/375|[from] move: Wish|[wisher] Lickilicky
|-heal|p2a: Landorus-Therian|329\/375|[from] item: Leftovers
|turn|34
|
|move|p2a: Landorus-Therian|U-turn|p1a: Immunize
|-resisted|p1a: Immunize
|-damage|p1a: Immunize|333\/392
|
|switch|p2a: Heatran|Heatran, M|29\/385
|move|p1a: Immunize|Hyper Voice|p2a: Heatran
|-resisted|p2a: Heatran
|-damage|p2a: Heatran|0 fnt
|faint|p2a: Heatran
|
|
|switch|p2a: Lickilicky|Lickilicky, M|280\/423
|turn|35
|
|switch|p1a: Set Me On Fire|Heatran, F|7\/326
|move|p2a: Lickilicky|Wish|p2a: Lickilicky
|
|-heal|p2a: Lickilicky|306\/423|[from] item: Leftovers
|turn|36
|
|switch|p1a: Immunize|Sylveon, F|333\/392
|switch|p2a: Starmie|Starmie|203\/323
|
|-heal|p2a: Starmie|323\/323|[from] move: Wish|[wisher] Lickilicky
|turn|37
|
|switch|p2a: Altaria|Altaria-Mega, M|303\/349
|move|p1a: Immunize|Hyper Voice|p2a: Altaria
|-supereffective|p2a: Altaria
|-damage|p2a: Altaria|0 fnt
|faint|p2a: Altaria
|
|
|switch|p2a: Lickilicky|Lickilicky, M|306\/423
|turn|38
|
|switch|p1a: The Island|Gallade-Mega, M|124\/277
|move|p2a: Lickilicky|Wish|p2a: Lickilicky
|
|-heal|p2a: Lickilicky|332\/423|[from] item: Leftovers
|turn|39
|
|move|p2a: Lickilicky|Protect|p2a: Lickilicky
|-singleturn|p2a: Lickilicky|Protect
|move|p1a: The Island|Swords Dance|p1a: The Island
|-boost|p1a: The Island|atk|2
|
|-heal|p2a: Lickilicky|423\/423|[from] move: Wish|[wisher] Lickilicky
|turn|40
|
|switch|p2a: Landorus-Therian|Landorus-Therian, M|329\/375
|-ability|p2a: Landorus-Therian|Intimidate|[of] p1a: The Island
|-unboost|p1a: The Island|atk|1
|move|p1a: The Island|Substitute|p1a: The Island
|-start|p1a: The Island|Substitute
|-damage|p1a: The Island|55\/277
|
|-heal|p2a: Landorus-Therian|352\/375|[from] item: Leftovers
|turn|41
|
|move|p1a: The Island|Zen Headbutt|p2a: Landorus-Therian
|-damage|p2a: Landorus-Therian|159\/375
|move|p2a: Landorus-Therian|Earthquake|p1a: The Island
|-end|p1a: The Island|Substitute
|
|-heal|p2a: Landorus-Therian|182\/375|[from] item: Leftovers
|turn|42
|
|switch|p2a: Starmie|Starmie|323\/323
|move|p1a: The Island|Zen Headbutt|p2a: Starmie
|-resisted|p2a: Starmie
|-damage|p2a: Starmie|174\/323
|
|-heal|p2a: Starmie|194\/323|[from] item: Leftovers
|turn|43
|
|switch|p1a: Set Me On Fire|Heatran, F|7\/326
|move|p2a: Starmie|Scald|p1a: Set Me On Fire
|-supereffective|p1a: Set Me On Fire
|-damage|p1a: Set Me On Fire|0 fnt
|faint|p1a: Set Me On Fire
|
|-heal|p2a: Starmie|214\/323|[from] item: Leftovers
|
|switch|p1a: Immunize|Sylveon, F|333\/392
|turn|44
|
|switch|p2a: Lickilicky|Lickilicky, M|423\/423
|move|p1a: Immunize|Hyper Voice|p2a: Lickilicky
|-damage|p2a: Lickilicky|185\/423
|
|-heal|p2a: Lickilicky|211\/423|[from] item: Leftovers
|turn|45
|
|switch|p1a: The Fountain|Talonflame, F|175\/298
|move|p2a: Lickilicky|Protect|p2a: Lickilicky
|-fail|p2a: Lickilicky
|
|-heal|p2a: Lickilicky|237\/423|[from] item: Leftovers
|turn|46
|
|move|p2a: Lickilicky|Protect|p2a: Lickilicky
|-singleturn|p2a: Lickilicky|Protect
|move|p1a: The Fountain|Brave Bird|p2a: Lickilicky
|-activate|p2a: Lickilicky|Protect
|
|-heal|p2a: Lickilicky|263\/423|[from] item: Leftovers
|turn|47
|
|switch|p2a: Landorus-Therian|Landorus-Therian, M|182\/375
|-ability|p2a: Landorus-Therian|Intimidate|[of] p1a: The Fountain
|-unboost|p1a: The Fountain|atk|1
|move|p1a: The Fountain|Brave Bird|p2a: Landorus-Therian
|-damage|p2a: Landorus-Therian|47\/375
|-damage|p1a: The Fountain|130\/298|[from] recoil|[of] p2a: Landorus-Therian
|
|-heal|p2a: Landorus-Therian|70\/375|[from] item: Leftovers
|turn|48
|
|move|p1a: The Fountain|Brave Bird|p2a: Landorus-Therian
|-damage|p2a: Landorus-Therian|0 fnt
|-damage|p1a: The Fountain|107\/298|[from] recoil|[of] p2a: Landorus-Therian
|faint|p2a: Landorus-Therian
|
|
|switch|p2a: Lickilicky|Lickilicky, M|263\/423
|turn|49
|
|switch|p1a: Comprachicos|Latios, M|77\/302
|move|p2a: Lickilicky|Wish|p2a: Lickilicky
|
|-heal|p2a: Lickilicky|289\/423|[from] item: Leftovers
|turn|50
|
|move|p1a: Comprachicos|Draco Meteor|p2a: Lickilicky
|-damage|p2a: Lickilicky|82\/423
|-unboost|p1a: Comprachicos|spa|2
|-damage|p1a: Comprachicos|47\/302|[from] item: Life Orb
|move|p2a: Lickilicky|Knock Off|p1a: Comprachicos
|-supereffective|p1a: Comprachicos
|-damage|p1a: Comprachicos|0 fnt
|-enditem|p1a: Comprachicos|Life Orb|[from] move: Knock Off|[of] p2a: Lickilicky
|faint|p1a: Comprachicos
|
|-heal|p2a: Lickilicky|293\/423|[from] move: Wish|[wisher] Lickilicky
|-heal|p2a: Lickilicky|319\/423|[from] item: Leftovers
|
|switch|p1a: The Island|Gallade-Mega, M|55\/277
|turn|51
|
|move|p1a: The Island|Close Combat|p2a: Lickilicky
|-supereffective|p2a: Lickilicky
|-damage|p2a: Lickilicky|0 fnt
|-unboost|p1a: The Island|def|1
|-unboost|p1a: The Island|spd|1
|faint|p2a: Lickilicky
|
|
|switch|p2a: Starmie|Starmie|214\/323
|turn|52
|
|move|p2a: Starmie|Scald|p1a: The Island
|-damage|p1a: The Island|0 fnt
|faint|p1a: The Island
|
|-heal|p2a: Starmie|234\/323|[from] item: Leftovers
|
|switch|p1a: The Fountain|Talonflame, F|107\/298
|turn|53
|
|move|p1a: The Fountain|Brave Bird|p2a: Starmie
|-damage|p2a: Starmie|0 fnt
|-damage|p1a: The Fountain|30\/298|[from] recoil|[of] p2a: Starmie
|faint|p2a: Starmie
|
|win|Croven
|raw|Ladder updating...
|c|âCroven|gg
|c|âCroven|sorry about the hax on lando
|c|âTrintirotulene|.