|join|Croven
|join|Jack41
|player|p1|Croven|70
|player|p2|Jack41|17
|gametype|singles
|gen|6
|tier|OU
|rated
|clearpoke
|poke|p1|Cobalion
|poke|p1|Talonflame, M
|poke|p1|Landorus, M
|poke|p1|Latias, F
|poke|p1|Keldeo-Resolute
|poke|p1|Scizor, M
|poke|p2|Charizard, F
|poke|p2|Excadrill, F
|poke|p2|Tyranitar, M
|poke|p2|Azumarill, M
|poke|p2|Thundurus, M
|poke|p2|Dragonite, F
|rule|Swagger Clause: Swagger is banned
|rule|Baton Pass Clause: Limit one PokÃ©mon knowing Baton Pass
|rule|Sleep Clause Mod: Limit one foe put to sleep
|rule|Species Clause: Limit one of each PokÃ©mon
|rule|OHKO Clause: OHKO moves are banned
|rule|Moody Clause: Moody is banned
|rule|Evasion Moves Clause: Evasion moves are banned
|rule|Endless Battle Clause: Forcing endless battles is banned
|rule|HP Percentage Mod: HP is shown in percentages
|teampreview
|leave|Croven
|join|Croven
|player|p1
|c|âCroven|er
|player|p1|Croven|70
|teampreview
|c|âCroven|ok back
|
|start
|switch|p1a: West Coast|Landorus, M|319\/319
|switch|p2a: Dragonite|Dragonite, F|324\/324
|turn|1
|
|move|p1a: West Coast|Knock Off|p2a: Dragonite
|-damage|p2a: Dragonite|271\/324
|-enditem|p2a: Dragonite|Lum Berry|[from] move: Knock Off|[of] p1a: West Coast
|-damage|p1a: West Coast|288\/319|[from] item: Life Orb
|move|p2a: Dragonite|Dragon Dance|p2a: Dragonite
|-boost|p2a: Dragonite|atk|1
|-boost|p2a: Dragonite|spe|1
|
|turn|2
|
|switch|p1a: Cruel World|Cobalion|358\/358
|move|p2a: Dragonite|Dragon Claw|p1a: Cruel World
|-resisted|p1a: Cruel World
|-damage|p1a: Cruel World|259\/358
|
|-heal|p1a: Cruel World|281\/358|[from] item: Leftovers
|turn|3
|c|âCroven|test
|
|move|p2a: Dragonite|Earthquake|p1a: Cruel World
|-supereffective|p1a: Cruel World
|-damage|p1a: Cruel World|0 fnt
|faint|p1a: Cruel World
|
|c|âJack41|ur testing ur team?
|
|switch|p1a: Ultraviolence|Scizor, M|343\/343
|turn|4
|c|âCroven|well that too
|c|âCroven|but that was a lag test
|
|detailschange|p1a: Ultraviolence|Scizor-Mega, M
|-mega|p1a: Ultraviolence|Scizor|Scizorite
|move|p1a: Ultraviolence|Bullet Punch|p2a: Dragonite
|-damage|p2a: Dragonite|139\/324
|move|p2a: Dragonite|Earthquake|p1a: Ultraviolence
|-damage|p1a: Ultraviolence|201\/343
|
|turn|5
|c|âCroven|i'm getting a ton of lag lately
|
|move|p2a: Dragonite|Earthquake|p1a: Ultraviolence
|-damage|p1a: Ultraviolence|57\/343
|move|p1a: Ultraviolence|Roost|p1a: Ultraviolence
|-heal|p1a: Ultraviolence|229\/343
|
|turn|6
|
|move|p1a: Ultraviolence|Bullet Punch|p2a: Dragonite
|-damage|p2a: Dragonite|7\/324
|move|p2a: Dragonite|Earthquake|p1a: Ultraviolence
|-damage|p1a: Ultraviolence|79\/343
|
|turn|7
|
|move|p2a: Dragonite|Extreme Speed|p1a: Ultraviolence
|-resisted|p1a: Ultraviolence
|-damage|p1a: Ultraviolence|16\/343
|move|p1a: Ultraviolence|Bullet Punch|p2a: Dragonite
|-damage|p2a: Dragonite|0 fnt
|faint|p2a: Dragonite
|
|
|switch|p2a: Tyranitar|Tyranitar, M|403\/403
|-weather|Sandstorm
|turn|8
|
|move|p1a: Ultraviolence|Roost|p1a: Ultraviolence
|-heal|p1a: Ultraviolence|188\/343
|move|p2a: Tyranitar|Stealth Rock|p1a: Ultraviolence
|-sidestart|p1: Croven|move: Stealth Rock
|
|-weather|Sandstorm|[upkeep]
|turn|9
|
|switch|p2a: Charizard|Charizard, F|315\/315
|move|p1a: Ultraviolence|U-turn|p2a: Charizard
|-resisted|p2a: Charizard
|-damage|p2a: Charizard|273\/315
|
|switch|p1a: Sad Girl|Latias, F|319\/319
|-damage|p1a: Sad Girl|280\/319|[from] Stealth Rock
|
|-weather|Sandstorm|[upkeep]
|-damage|p1a: Sad Girl|261\/319|[from] sandstorm
|-damage|p2a: Charizard|254\/315|[from] sandstorm
|turn|10
|
|switch|p2a: Tyranitar|Tyranitar, M|403\/403
|move|p1a: Sad Girl|Defog|p2a: Tyranitar
|-unboost|p2a: Tyranitar|evasion|1
|-sideend|p1: Croven|Stealth Rock|[from] move: Defog|[of] p1a: Sad Girl
|
|-weather|Sandstorm|[upkeep]
|-damage|p1a: Sad Girl|242\/319|[from] sandstorm
|turn|11
|
|move|p1a: Sad Girl|Draco Meteor|p2a: Tyranitar
|-damage|p2a: Tyranitar|250\/403
|-unboost|p1a: Sad Girl|spa|2
|-damage|p1a: Sad Girl|211\/319|[from] item: Life Orb
|move|p2a: Tyranitar|Stealth Rock|p1a: Sad Girl
|-sidestart|p1: Croven|move: Stealth Rock
|
|-weather|Sandstorm|[upkeep]
|-damage|p1a: Sad Girl|192\/319|[from] sandstorm
|turn|12
|
|move|p1a: Sad Girl|Defog|p2a: Tyranitar
|-unboost|p2a: Tyranitar|evasion|1
|-sideend|p1: Croven|Stealth Rock|[from] move: Defog|[of] p1a: Sad Girl
|move|p2a: Tyranitar|Stealth Rock|p1a: Sad Girl
|-sidestart|p1: Croven|move: Stealth Rock
|
|-weather|Sandstorm|[upkeep]
|-damage|p1a: Sad Girl|173\/319|[from] sandstorm
|turn|13
|
|move|p1a: Sad Girl|Defog|p2a: Tyranitar
|-unboost|p2a: Tyranitar|evasion|1
|-sideend|p1: Croven|Stealth Rock|[from] move: Defog|[of] p1a: Sad Girl
|move|p2a: Tyranitar|Stealth Rock|p1a: Sad Girl
|-sidestart|p1: Croven|move: Stealth Rock
|
|-weather|Sandstorm|[upkeep]
|-damage|p1a: Sad Girl|154\/319|[from] sandstorm
|turn|14
|
|move|p1a: Sad Girl|Defog|p2a: Tyranitar
|-unboost|p2a: Tyranitar|evasion|1
|-sideend|p1: Croven|Stealth Rock|[from] move: Defog|[of] p1a: Sad Girl
|move|p2a: Tyranitar|Stealth Rock|p1a: Sad Girl
|-sidestart|p1: Croven|move: Stealth Rock
|
|-weather|Sandstorm|[upkeep]
|-damage|p1a: Sad Girl|135\/319|[from] sandstorm
|turn|15
|
|move|p1a: Sad Girl|Defog|p2a: Tyranitar
|-unboost|p2a: Tyranitar|evasion|1
|-sideend|p1: Croven|Stealth Rock|[from] move: Defog|[of] p1a: Sad Girl
|move|p2a: Tyranitar|Stealth Rock|p1a: Sad Girl
|-sidestart|p1: Croven|move: Stealth Rock
|
|-weather|none
|turn|16
|
|switch|p1a: Shades Of Cool|Keldeo-Resolute|322\/322
|-damage|p1a: Shades Of Cool|302\/322|[from] Stealth Rock
|move|p2a: Tyranitar|Stealth Rock|p1a: Shades Of Cool
|-fail|p1a: Shades Of Cool
|
|-heal|p1a: Shades Of Cool|322\/322|[from] item: Leftovers
|turn|17
|
|switch|p1a: Ultraviolence|Scizor-Mega, M|188\/343
|-damage|p1a: Ultraviolence|146\/343|[from] Stealth Rock
|switch|p2a: Azumarill|Azumarill, M|398\/398
|
|turn|18
|
|move|p1a: Ultraviolence|Roost|p1a: Ultraviolence
|-heal|p1a: Ultraviolence|318\/343
|move|p2a: Azumarill|Waterfall|p1a: Ultraviolence
|-damage|p1a: Ultraviolence|131\/343
|
|turn|19
|
|move|p1a: Ultraviolence|U-turn|p2a: Azumarill
|-resisted|p2a: Azumarill
|-damage|p2a: Azumarill|316\/398
|
|switch|p1a: Shades Of Cool|Keldeo-Resolute|322\/322
|-damage|p1a: Shades Of Cool|302\/322|[from] Stealth Rock
|move|p2a: Azumarill|Waterfall|p1a: Shades Of Cool
|-resisted|p1a: Shades Of Cool
|-damage|p1a: Shades Of Cool|158\/322
|
|-heal|p1a: Shades Of Cool|178\/322|[from] item: Leftovers
|turn|20
|
|move|p1a: Shades Of Cool|Hidden Power|p2a: Azumarill
|-damage|p2a: Azumarill|223\/398
|move|p2a: Azumarill|Waterfall|p1a: Shades Of Cool
|-resisted|p1a: Shades Of Cool
|-damage|p1a: Shades Of Cool|38\/322
|
|-heal|p1a: Shades Of Cool|58\/322|[from] item: Leftovers
|turn|21
|-message|Croven forfeited.
|
|move|p1a: Shades Of Cool|Hidden Power|p2a: Azumarill
|-damage|p2a: Azumarill|133\/398
|move|p2a: Azumarill|Waterfall|p1a: Shades Of Cool
|-resisted|p1a: Shades Of Cool
|-damage|p1a: Shades Of Cool|0 fnt
|faint|p1a: Shades Of Cool
|
|c|âJack41|gg
|
|win|Jack41
|raw|Ladder updating...
|raw|Croven's rating: 1625 &rarr; <strong>1597<\/strong><br \/>(-28 for losing)
|raw|Jack41's rating: 1475 &rarr; <strong>1503<\/strong><br \/>(+28 for winning)