|join|Croven
|join|Qubae
|player|p1|Croven|167
|player|p2|Qubae|148
|gametype|singles
|gen|6
|tier|OU
|clearpoke
|poke|p1|Altaria, M
|poke|p1|Slowbro, M
|poke|p1|Heatran, F
|poke|p1|Ferrothorn, F
|poke|p1|Tyranitar, M
|poke|p1|Keldeo
|poke|p2|Gardevoir, M
|poke|p2|Rotom-Wash
|poke|p2|Latios, M
|poke|p2|Landorus-Therian, M
|poke|p2|Keldeo
|poke|p2|Heatran, M
|rule|Swagger Clause: Swagger is banned
|rule|Baton Pass Clause: Limit one PokÃ©mon knowing Baton Pass
|rule|Sleep Clause Mod: Limit one foe put to sleep
|rule|Species Clause: Limit one of each PokÃ©mon
|rule|OHKO Clause: OHKO moves are banned
|rule|Moody Clause: Moody is banned
|rule|Evasion Moves Clause: Evasion moves are banned
|rule|Endless Battle Clause: Forcing endless battles is banned
|rule|HP Percentage Mod: HP is shown in percentages
|teampreview
|c|âCroven|dnt put on timer, i might need to go afk for a second or so
|join|Fortune
|leave|Fortune
|join|Based Lord Joshua
|join|Fortune
|c| Fortune|**who do i cheer for**
|c|âQubae|if u go afk i'll rape u
|c|âCroven|me
|c|âCroven|ofc
|c|âCroven|why would u cheer for that thing
|c| Fortune|oo
|c| Fortune|gl to both
|c|âCroven|thx
|c|âCroven|i'll need it
|c|âCroven|hehe
|c| Based Lord Joshua|lookin like
|c| Based Lord Joshua|alt puts in work
|c| Fortune|qubÃ¦ nice avatar
|c| Based Lord Joshua|mighty
|c| Fortune|lookin sexE
|c|âQubae|:]
|
|start
|switch|p1a: Ferrothorn|Ferrothorn, F|352\/352
|switch|p2a: Landorus-Therian|Landorus-Therian, M|325\/325
|-ability|p2a: Landorus-Therian|Intimidate|[of] p1a: Ferrothorn
|-unboost|p1a: Ferrothorn|atk|1
|turn|1
|leave|Based Lord Joshua
|
|move|p2a: Landorus-Therian|U-turn|p1a: Ferrothorn
|-damage|p1a: Ferrothorn|286\/352
|-damage|p2a: Landorus-Therian|285\/325|[from] ability: Iron Barbs|[of] p1a: Ferrothorn
|c| Fortune|catch this residual
|c|âCroven|k ur not that guy that just goes for superpower
|
|switch|p2a: Heatran|Heatran, M|385\/385
|move|p1a: Ferrothorn|Spikes|p2a: Heatran
|-sidestart|p2: Qubae|Spikes
|
|-heal|p1a: Ferrothorn|308\/352|[from] item: Leftovers
|turn|2
|join|OM Prince
|
|switch|p1a: Keldeo|Keldeo|323\/323
|move|p2a: Heatran|Taunt|p1a: Keldeo
|-start|p1a: Keldeo|move: Taunt
|
|turn|3
|join|Metagame Slayer
|
|switch|p2a: Rotom-Wash|Rotom-Wash|303\/303
|move|p1a: Keldeo|Scald|p2a: Rotom-Wash
|-resisted|p2a: Rotom-Wash
|-damage|p2a: Rotom-Wash|233\/303
|-status|p2a: Rotom-Wash|brn
|
|-heal|p2a: Rotom-Wash|251\/303 brn|[from] item: Leftovers
|-damage|p2a: Rotom-Wash|214\/303 brn|[from] brn
|turn|4
|c|âQubae|nice
|c|âCroven|nb
|c|âCroven|i'll take it
|c| Fortune|hehe bwoii
|join|Booty Deluxe
|
|switch|p1a: Ferrothorn|Ferrothorn, F|308\/352
|move|p2a: Rotom-Wash|Volt Switch|p1a: Ferrothorn
|-resisted|p1a: Ferrothorn
|-damage|p1a: Ferrothorn|278\/352
|
|switch|p2a: Heatran|Heatran, M|385\/385
|-damage|p2a: Heatran|337\/385|[from] Spikes
|
|-heal|p2a: Heatran|361\/385|[from] item: Leftovers
|-heal|p1a: Ferrothorn|300\/352|[from] item: Leftovers
|turn|5
|c| Fortune|nice tele avatar crov
|
|switch|p1a: Keldeo|Keldeo|323\/323
|move|p2a: Heatran|Taunt|p1a: Keldeo
|-start|p1a: Keldeo|move: Taunt
|
|-heal|p2a: Heatran|385\/385|[from] item: Leftovers
|turn|6
|c|âCroven|oh thx
|c|âCroven|i put it there
|c| Metagame Slayer|sigh
|c|âCroven|bc i'm a random
|c| Fortune|hi plus!!
|
|switch|p2a: Latios|Latios, M|299\/299
|move|p1a: Keldeo|Secret Sword|p2a: Latios
|-resisted|p2a: Latios
|-damage|p2a: Latios|208\/299
|
|turn|7
|c|âCroven|so its a random thing
|c| Metagame Slayer|hi stranger
|c|âCroven|lol
|
|switch|p1a: Ferrothorn|Ferrothorn, F|300\/352
|move|p2a: Latios|Psyshock|p1a: Ferrothorn
|-resisted|p1a: Ferrothorn
|-damage|p1a: Ferrothorn|227\/352
|-damage|p2a: Latios|179\/299|[from] item: Life Orb
|
|-heal|p1a: Ferrothorn|249\/352|[from] item: Leftovers
|turn|8
|
|switch|p2a: Heatran|Heatran, M|385\/385
|-damage|p2a: Heatran|337\/385|[from] Spikes
|switch|p1a: Keldeo|Keldeo|323\/323
|
|-heal|p2a: Heatran|361\/385|[from] item: Leftovers
|turn|9
|c| Metagame Slayer|WDFF deathmatch in hele
|c| Metagame Slayer|oo
|c|âCroven|i'm a new kid to wdff
|c|âQubae|wow croven
|c| Fortune|playz!
|c|âQubae|dont go so friskE
|c|âCroven|i just joined like 2 weeks ago
|
|switch|p2a: Rotom-Wash|Rotom-Wash|214\/303 brn
|move|p1a: Keldeo|Scald|p2a: Rotom-Wash
|-resisted|p2a: Rotom-Wash
|-damage|p2a: Rotom-Wash|142\/303 brn
|
|-heal|p2a: Rotom-Wash|160\/303 brn|[from] item: Leftovers
|-damage|p2a: Rotom-Wash|123\/303 brn|[from] brn
|turn|10
|c|âCroven|:o
|c| Fortune|crov u've been in wdff longer than qubae
|c| Fortune|l0l
|c|âCroven|alrite
|c| Metagame Slayer|true
|c|âCroven|that's funny
|
|move|p1a: Keldeo|Substitute|p1a: Keldeo
|-start|p1a: Keldeo|Substitute
|-damage|p1a: Keldeo|243\/323
|move|p2a: Rotom-Wash|Pain Split|p1a: Keldeo
|
|-heal|p1a: Keldeo|263\/323|[from] item: Leftovers
|-heal|p2a: Rotom-Wash|141\/303 brn|[from] item: Leftovers
|-damage|p2a: Rotom-Wash|104\/303 brn|[from] brn
|turn|11
|c|âCroven|lol n
|c| Fortune|OOOO
|c| Metagame Slayer|LOL
|c|âQubae|sigh
|c| Fortune|REKT
|
|move|p1a: Keldeo|Secret Sword|p2a: Rotom-Wash
|-damage|p2a: Rotom-Wash|0 fnt
|faint|p2a: Rotom-Wash
|
|-heal|p1a: Keldeo|283\/323|[from] item: Leftovers
|c| Metagame Slayer|DEEEEEEEESSSSSSSSSSTRRRRRUCTIOOOOOOOOOONNNNNNn
|c| Metagame Slayer|head ass
|
|switch|p2a: Gardevoir|Gardevoir, M|277\/277
|-damage|p2a: Gardevoir|243\/277|[from] Spikes
|-ability|p2a: Gardevoir|Justified|[from] ability: Trace|[of] p1a: Keldeo
|turn|12
|c|âCroven|._.
|c|âCroven|you ok m8
|c| Metagame Slayer|im d1
|c| Fortune|wow
|c| Fortune|ur not plus
|c| Fortune|fuck you
|c|âCroven|lol
|c|âCroven|k dont
|c|âCroven|fblast
|
|switch|p1a: Heatran|Heatran, F|385\/385
|detailschange|p2a: Gardevoir|Gardevoir-Mega, M
|-mega|p2a: Gardevoir|Gardevoir|Gardevoirite
|move|p2a: Gardevoir|Hyper Voice|p1a: Heatran
|-resisted|p1a: Heatran
|-damage|p1a: Heatran|340\/385
|
|-heal|p1a: Heatran|364\/385|[from] item: Leftovers
|turn|13
|c|âCroven|imo
|c|âCroven|alrite
|c| Fortune|u stole +'s avatar!!!
|c|âCroven|thanks
|c| Fortune|thief!!!
|c| asduff888|what
|
|switch|p2a: Keldeo|Keldeo|323\/323
|-damage|p2a: Keldeo|283\/323|[from] Spikes
|move|p1a: Heatran|Stealth Rock|p2a: Keldeo
|-sidestart|p2: Qubae|move: Stealth Rock
|
|-heal|p1a: Heatran|385\/385|[from] item: Leftovers
|turn|14
|c| Fortune|wat?!
|
|switch|p1a: Slowbro|Slowbro, M|394\/394
|move|p2a: Keldeo|Hidden Power|p1a: Slowbro
|-crit|p1a: Slowbro
|-supereffective|p1a: Slowbro
|-damage|p1a: Slowbro|52\/394
|
|turn|15
|c| Fortune|#mindblown
|c|âCroven|lol nice crit skrub
|c| Metagame Slayer|what?
|c| Fortune|qubae relies on hax to win
|c|âCroven|ikr
|c|âQubae|?_?
|c| Metagame Slayer|confirmed
|
|switch|p2a: Heatran|Heatran, M|361\/385
|-damage|p2a: Heatran|313\/385|[from] Spikes
|-damage|p2a: Heatran|265\/385|[from] Stealth Rock
|switch|p1a: Tyranitar|Tyranitar, M|341\/341
|-weather|Sandstorm
|
|-weather|Sandstorm|[upkeep]
|-heal|p2a: Heatran|289\/385|[from] item: Leftovers
|turn|16
|c| Booty Deluxe|croven i think in the last slot should be terrekion or some fighting type
|
|switch|p2a: Landorus-Therian|Landorus-Therian, M|285\/325
|-damage|p2a: Landorus-Therian|245\/325|[from] Stealth Rock
|-ability|p2a: Landorus-Therian|Intimidate|[of] p1a: Tyranitar
|-unboost|p1a: Tyranitar|atk|1
|move|p1a: Tyranitar|Stone Edge|p2a: Landorus-Therian
|-damage|p2a: Landorus-Therian|116\/325
|
|-weather|Sandstorm|[upkeep]
|turn|17
|c|âCroven|alrite i'll think bout it after this aids match
|c|âCroven|brb
|c| Metagame Slayer|call me
|c| Metagame Slayer|banded ttar
|c| Metagame Slayer|yn
|
|switch|p1a: Ferrothorn|Ferrothorn, F|249\/352
|move|p2a: Landorus-Therian|Superpower|p1a: Ferrothorn
|-crit|p1a: Ferrothorn
|-supereffective|p1a: Ferrothorn
|-damage|p1a: Ferrothorn|0 fnt
|-damage|p2a: Landorus-Therian|76\/325|[from] ability: Iron Barbs|[of] p1a: Ferrothorn
|-unboost|p2a: Landorus-Therian|atk|1
|-unboost|p2a: Landorus-Therian|def|1
|faint|p1a: Ferrothorn
|
|-weather|Sandstorm|[upkeep]
|c| Booty Deluxe|its not
|c| Fortune|is that banded damage?
|c| Metagame Slayer|lmao
|c| Fortune|free setup for altaria
|c| Fortune|GG
|c| Booty Deluxe|i only know its not bc i battled this team an hour ago
|c| Booty Deluxe|lol
|c|âQubae|-1 252 Atk Tyranitar Stone Edge vs. 252 HP \/ 252+ Def Landorus-T: 85-102 (22.2 - 26.7%) -- possible 5HKO after Leftovers recovery
|join|Based Lord Joshua
|c| Based Lord Joshua|ah
|c| Based Lord Joshua|gg
|c| Metagame Slayer|:]
|c| Fortune|ur max def?!?
|c| Fortune|why
|c|âQubae|oh
|c|âQubae|thats not my set
|c| Booty Deluxe|yea
|c| Booty Deluxe|i didnt think ur were max def
|c|âQubae|-1 252 Atk Tyranitar Stone Edge vs. 24 HP \/ 0 Def Landorus-T: 121-144 (37.2 - 44.3%) -- 100% chance to 3HKO after Leftovers recovery
|c| Fortune|k so
|c| Fortune|it wasnt banded
|c| Fortune|!!!!
|c| Metagame Slayer|holy fladingles
|c| Booty Deluxe|did u calc
|c| Booty Deluxe|with sand
|c|âCroven|we back
|c|âCroven|we back
|c| Booty Deluxe|doesnt rock moves do more damage in sand?
|
|switch|p1a: Altaria|Altaria, M|353\/353
|turn|18
|c|âCroven|oh he got a crit on ferro
|c| Fortune|no
|c|âCroven|figures
|c|âCroven|sigh
|c| Metagame Slayer|doesnt croven
|c| Based Lord Joshua|just win
|c| Fortune|y
|
|switch|p2a: Heatran|Heatran, M|289\/385
|-damage|p2a: Heatran|241\/385|[from] Spikes
|-damage|p2a: Heatran|193\/385|[from] Stealth Rock
|detailschange|p1a: Altaria|Altaria-Mega, M
|-mega|p1a: Altaria|Altaria|Altarianite
|move|p1a: Altaria|Frustration|p2a: Heatran
|-resisted|p2a: Heatran
|-damage|p2a: Heatran|151\/385
|
|-weather|Sandstorm|[upkeep]
|-damage|p1a: Altaria|331\/353|[from] sandstorm
|-heal|p2a: Heatran|175\/385|[from] item: Leftovers
|turn|19
|c| Metagame Slayer|y
|c| Based Lord Joshua|h
|c|âCroven|sigh i'm too tired for plays now
|c| Fortune|croven
|c|âCroven|what
|c|âCroven|did i do enough plays
|
|switch|p1a: Keldeo|Keldeo|283\/323
|move|p2a: Heatran|Toxic|p1a: Keldeo
|-status|p1a: Keldeo|tox
|
|-weather|none
|-heal|p1a: Keldeo|303\/323 tox|[from] item: Leftovers
|-heal|p2a: Heatran|199\/385|[from] item: Leftovers
|-damage|p1a: Keldeo|283\/323 tox|[from] psn
|turn|20
|c| Fortune|u gotta stay focused lil nigga
|c|âCroven|ur cool qube
|c|âCroven|!_!
|c| Booty Deluxe|qube is real
|c| Metagame Slayer|where is
|c| Fortune|'-'
|c| Metagame Slayer|solarbeam
|c|âCroven|lol
|
|switch|p2a: Latios|Latios, M|179\/299
|-damage|p2a: Latios|142\/299|[from] Stealth Rock
|move|p1a: Keldeo|Substitute|p1a: Keldeo
|-start|p1a: Keldeo|Substitute
|-damage|p1a: Keldeo|203\/323 tox
|
|-heal|p1a: Keldeo|223\/323 tox|[from] item: Leftovers
|-damage|p1a: Keldeo|183\/323 tox|[from] psn
|turn|21
|c| Fortune|why
|c|âQubae|wait
|leave|Booty Deluxe
|c|âQubae|i have roost
|c| Fortune|would you sub
|c|âQubae|not defog
|c|âQubae|...
|c|âCroven|lmao qube
|c| Fortune|liar
|c|âCroven|sucks for u
|c| Metagame Slayer|THE
|c| Based Lord Joshua|BLUFFS
|
|switch|p2a: Keldeo|Keldeo|283\/323
|-damage|p2a: Keldeo|243\/323|[from] Spikes
|-damage|p2a: Keldeo|223\/323|[from] Stealth Rock
|switch|p1a: Tyranitar|Tyranitar, M|341\/341
|-weather|Sandstorm
|
|-weather|Sandstorm|[upkeep]
|-damage|p2a: Keldeo|203\/323|[from] sandstorm
|turn|22
|c|âCroven|le epik playz
|c|âCroven|OOO
|c| Fortune|OML
|c|âCroven|he called me
|c| Metagame Slayer|WHOA
|c|âCroven|he got me
|c|âCroven|nichze
|c|âCroven|i approve of this message
|c| Fortune|u just got bodied
|c| Fortune|oml
|c|âCroven|^
|c|âCroven|he got ME
|c|âCroven|aight aight
|c|âCroven|he's still in this amirite
|join|Bangkok
|c| Metagame Slayer|HI
|c| Based Lord Joshua|geo
|c|âCroven|game of the century right here
|
|switch|p1a: Altaria|Altaria-Mega, M|331\/353
|move|p2a: Keldeo|Hydro Pump|p1a: Altaria
|-resisted|p1a: Altaria
|-damage|p1a: Altaria|193\/353
|
|-weather|Sandstorm|[upkeep]
|-damage|p2a: Keldeo|183\/323|[from] sandstorm
|-damage|p1a: Altaria|171\/353|[from] sandstorm
|turn|23
|c| Bangkok|what's this for
|c|âCroven|nb nb
|c|âCroven|the dmg is here
|c| Bangkok|ocl?
|c| Metagame Slayer|ocl
|c|âCroven|OCL farm leauge
|c|âCroven|lol
|
|move|p2a: Keldeo|Hydro Pump|p1a: Altaria
|-resisted|p1a: Altaria
|-damage|p1a: Altaria|43\/353
|move|p1a: Altaria|Roost|p1a: Altaria
|-heal|p1a: Altaria|220\/353
|
|-weather|Sandstorm|[upkeep]
|-damage|p2a: Keldeo|163\/323|[from] sandstorm
|-damage|p1a: Altaria|198\/353|[from] sandstorm
|turn|24
|c|âCroven|like people care about that
|c|âCroven|~~i do~~
|
|switch|p2a: Gardevoir|Gardevoir-Mega, M|243\/277
|-damage|p2a: Gardevoir|209\/277|[from] Stealth Rock
|-damage|p2a: Gardevoir|175\/277|[from] Spikes
|move|p1a: Altaria|Roost|p1a: Altaria
|-heal|p1a: Altaria|353\/353
|
|-weather|Sandstorm|[upkeep]
|-damage|p2a: Gardevoir|158\/277|[from] sandstorm
|-damage|p1a: Altaria|331\/353|[from] sandstorm
|turn|25
|c| Bangkok|qubae with the riskE switches
|c|âCroven|oo
|c| Metagame Slayer|sm
|c| Based Lord Joshua|h
|c| Fortune|i will put a good word in with my manager
|c| Fortune|;)
|c|âCroven|;))
|c| Metagame Slayer|whoa
|c|âCroven|hm
|c|âCroven|50\/50 nation?
|
|switch|p1a: Heatran|Heatran, F|385\/385
|move|p2a: Gardevoir|Hyper Voice|p1a: Heatran
|-resisted|p1a: Heatran
|-damage|p1a: Heatran|338\/385
|
|-weather|none
|-heal|p1a: Heatran|362\/385|[from] item: Leftovers
|turn|26
|c|âCroven|why doesn't this
|c|âCroven|have roar
|c|âCroven|omfg
|
|move|p2a: Gardevoir|Focus Blast|p1a: Heatran
|-supereffective|p1a: Heatran
|-damage|p1a: Heatran|124\/385
|-unboost|p1a: Heatran|spd|1
|move|p1a: Heatran|Lava Plume|p2a: Gardevoir
|-damage|p2a: Gardevoir|65\/277
|
|-heal|p1a: Heatran|148\/385|[from] item: Leftovers
|turn|27
|c| Bangkok|why are you wanting roar
|c| Metagame Slayer|bodied
|c|âCroven|see this is where i woulda liked roar
|c|âCroven|geo
|c| Bangkok|why,,,
|c|âCroven|i want roar
|c|âCroven|that's why
|c| Bangkok|you don't need this pos
|c|âCroven|!_!
|c| Fortune|'-'
|
|move|p2a: Gardevoir|Focus Blast|p1a: Heatran|[miss]
|-miss|p2a: Gardevoir|p1a: Heatran
|move|p1a: Heatran|Lava Plume|p2a: Gardevoir
|-damage|p2a: Gardevoir|0 fnt
|faint|p2a: Gardevoir
|
|-heal|p1a: Heatran|172\/385|[from] item: Leftovers
|c|âCroven|aye
|c| Bangkok|there
|c|âQubae|nice
|c| Bangkok|.-.
|c| Fortune|**'-'**
|c| Fortune|**'-'**
|c| Fortune|**'-'**
|c|âCroven|didn't matter i knew your spread :]
|c| Bangkok|do i feel happy for croven or sad for jess
|c| Bangkok|*-*
|c| Metagame Slayer|>,>
|
|switch|p2a: Landorus-Therian|Landorus-Therian, M|76\/325
|-damage|p2a: Landorus-Therian|36\/325|[from] Stealth Rock
|-ability|p2a: Landorus-Therian|Intimidate|[of] p1a: Heatran
|-unboost|p1a: Heatran|atk|1
|turn|28
|c|âCroven|idk, i didn't need heatran
|c| Fortune|jess?
|c| Fortune|what
|c| Metagame Slayer|what
|c| Fortune|u mean
|c| Bangkok|jeff*
|c| Fortune|jeff?
|c| Fortune|k
|c| Metagame Slayer|dunderhead
|c| Bangkok|>.<
|c|âCroven|lol
|c| Fortune|spitzkopf lookin ass
|
|move|p2a: Landorus-Therian|Earthquake|p1a: Heatran
|-supereffective|p1a: Heatran
|-damage|p1a: Heatran|0 fnt
|faint|p1a: Heatran
|
|c| Bangkok|im der dreckige dan
|c| Bangkok|>:(
|c| Fortune|nein, ich bin der dreckige dan!
|
|switch|p1a: Slowbro|Slowbro, M|183\/394
|turn|29
|c| Bangkok|xd
|c|âCroven|sigh
|c| Fortune|croven and qubae
|
|move|p2a: Landorus-Therian|Earthquake|p1a: Slowbro
|-damage|p1a: Slowbro|59\/394
|move|p1a: Slowbro|Slack Off|p1a: Slowbro
|-heal|p1a: Slowbro|256\/394
|
|turn|30
|c| Fortune|feel free to hit ignore speccs
|c| Fortune|lol
|c|âCroven|nahi 'm cool
|c| Bangkok|l0l
|c| Fortune|'-'
|
|move|p2a: Landorus-Therian|Earthquake|p1a: Slowbro
|-damage|p1a: Slowbro|133\/394
|move|p1a: Slowbro|Slack Off|p1a: Slowbro
|-heal|p1a: Slowbro|330\/394
|
|turn|31
|c| Fortune|**'-'**
|c| Metagame Slayer|asdf
|
|move|p2a: Landorus-Therian|Earthquake|p1a: Slowbro
|-damage|p1a: Slowbro|206\/394
|move|p1a: Slowbro|Slack Off|p1a: Slowbro
|-heal|p1a: Slowbro|394\/394
|
|turn|32
|c| Fortune|ass duff
|
|move|p2a: Landorus-Therian|Earthquake|p1a: Slowbro
|-damage|p1a: Slowbro|264\/394
|move|p1a: Slowbro|Scald|p2a: Landorus-Therian
|-supereffective|p2a: Landorus-Therian
|-damage|p2a: Landorus-Therian|0 fnt
|faint|p2a: Landorus-Therian
|
|
|switch|p2a: Latios|Latios, M|142\/299
|-damage|p2a: Latios|105\/299|[from] Stealth Rock
|turn|33
|c| Metagame Slayer|head ass
|
|switch|p1a: Tyranitar|Tyranitar, M|341\/341
|-weather|Sandstorm
|move|p2a: Latios|Roost|p2a: Latios
|-heal|p2a: Latios|255\/299
|
|-weather|Sandstorm|[upkeep]
|-damage|p2a: Latios|237\/299|[from] sandstorm
|turn|34
|c| Bangkok|lmao
|c| Fortune|TLAPPED
|
|move|p1a: Tyranitar|Pursuit|p2a: Latios
|-supereffective|p2a: Latios
|-damage|p2a: Latios|51\/299
|move|p2a: Latios|Draco Meteor|p1a: Tyranitar
|-damage|p1a: Tyranitar|156\/341
|-unboost|p2a: Latios|spa|2
|-damage|p2a: Latios|22\/299|[from] item: Life Orb
|
|-weather|Sandstorm|[upkeep]
|-damage|p2a: Latios|4\/299|[from] sandstorm
|turn|35
|c| Based Lord Joshua|n
|c| Bangkok|Croven w\/ the slopped plays *-*
|c|âCroven|i mean
|
|move|p1a: Tyranitar|Pursuit|p2a: Latios
|-supereffective|p2a: Latios
|-damage|p2a: Latios|0 fnt
|faint|p2a: Latios
|
|-weather|Sandstorm|[upkeep]
|c|âCroven|i clicked cancel
|c|âCroven|but ok
|c|âCroven|!_!
|c| Fortune|'-'
|
|switch|p2a: Keldeo|Keldeo|163\/323
|-damage|p2a: Keldeo|143\/323|[from] Stealth Rock
|-damage|p2a: Keldeo|103\/323|[from] Spikes
|turn|36
|c| Bangkok|*-*
|c|âCroven|i wanted to hit crunch but OK
|c|âCroven|this is ok too
|
|switch|p1a: Slowbro|Slowbro, M|394\/394
|move|p2a: Keldeo|Scald|p1a: Slowbro
|-resisted|p1a: Slowbro
|-damage|p1a: Slowbro|270\/394
|-status|p1a: Slowbro|brn
|
|-weather|Sandstorm|[upkeep]
|-damage|p2a: Keldeo|83\/323|[from] sandstorm
|-damage|p1a: Slowbro|246\/394 brn|[from] sandstorm
|-damage|p1a: Slowbro|197\/394 brn|[from] brn
|turn|37
|c| Bangkok|__ok__
|c| Metagame Slayer|doesnt keld wi=
|c| Metagame Slayer|nvm
|c|âCroven|moar hax pls
|c| Fortune|*______*
|c| Bangkok|$_$
|c|âQubae|>moar hax
|
|move|p2a: Keldeo|Scald|p1a: Slowbro
|-resisted|p1a: Slowbro
|-damage|p1a: Slowbro|63\/394 brn
|move|p1a: Slowbro|Thunder Wave|p2a: Keldeo
|-status|p2a: Keldeo|par
|
|-weather|none
|-damage|p1a: Slowbro|14\/394 brn|[from] brn
|turn|38
|c| Fortune|**go qubae**
|c|âQubae|>misses focus blast
|c|âCroven|pls hax me more
|c|âCroven|qube
|c| Metagame Slayer|OK
|c|âCroven|i didn't need it
|c|âQubae|hello
|c| Fortune|**go croven**
|c|âQubae|you had to switch into ttar
|c| Fortune|**go qubae**
|c| Fortune|**go croven**
|c|âQubae|to revenge
|
|move|p1a: Slowbro|Psyshock|p2a: Keldeo
|-supereffective|p2a: Keldeo
|-damage|p2a: Keldeo|0 fnt
|faint|p2a: Keldeo
|
|-damage|p1a: Slowbro|0 fnt|[from] brn
|faint|p1a: Slowbro
|c| Fortune|**go qubae**
|c| Fortune|**go croven**
|c| Bangkok|**go crobae**
|c|âQubae|i had a free switch
|c| Bangkok|**go crobae**
|c|âQubae|into whatever i wanted
|c|âQubae|rofl
|leave|Qubae
|c| Metagame Slayer|retalded
|c|âCroven|!dt pursuit
|c|~|\/data-move Pursuit
|raw|<font size="1"><font color=#585858>Priority:<\/font> 0&nbsp;|&ThickSpace;<font color=#585858><font color=black>&#10003; Contact<\/font><\/font>&nbsp;|&ThickSpace;<font color=#585858><font color=black>&#10003; Blocked by Protect<\/font><\/font>&nbsp;|&ThickSpace;<font color=#585858>Target:<\/font> One Adjacent Pokemon<\/font>
|c|âCroven|erm
|player|p2
|c| Bangkok|Qubae left.
|c| Fortune|xd
|c| Bangkok|XD
|c| Fortune|rv me
|c| Fortune|RV ME
Fortune was promoted to Room Voice by Croven.
|c|âCroven|finish it
|player|p2|Fortune|18
|c|âCroven|dont forfeit
|c|âCroven|inb4 he wins
|
|switch|p1a: Keldeo|Keldeo|183\/323 tox
|switch|p2a: Heatran|Heatran, M|199\/385
|-damage|p2a: Heatran|151\/385|[from] Stealth Rock
|-damage|p2a: Heatran|103\/385|[from] Spikes
|turn|39
|c| Bangkok|he just has a heatran
|c| Bangkok|:\/
|c|âCroven|lol
|c| Metagame Slayer|solarbeam
|
|move|p1a: Keldeo|Secret Sword|p2a: Heatran
|-supereffective|p2a: Heatran
|-damage|p2a: Heatran|0 fnt
|faint|p2a: Heatran
|
|win|Croven
|c| Metagame Slayer|hele
|c| Bangkok|go for scarf hyper beam
|c|âCroven|alrite gg QUBAE
|c| Bangkok|gen 1 mechanics
|c| Bangkok|o
|leave|Fortune
|c|âCroven|even tho he isn't here
|player|p2
|c|âCroven|thx fortune
|leave|Bangkok
|leave|Metagame Slayer