|join|Croven
|join|King Killing Spree
|join|thespiritinthesky
|join|X-45
|player|p1|Croven|70
|player|p2|King Killing Spree|200
|gametype|singles
|gen|6
|tier|OU
|clearpoke
|poke|p1|Lopunny, M, shiny
|poke|p1|Gengar, M
|poke|p1|Raikou
|poke|p1|Mamoswine, M
|poke|p1|Scizor, M
|poke|p1|Azumarill, F
|poke|p2|Beedrill, M
|poke|p2|Heatran, M, shiny
|poke|p2|Rotom-Wash, shiny
|poke|p2|Excadrill, M
|poke|p2|Latios, M, shiny
|poke|p2|Bisharp, M
|rule|Swagger Clause: Swagger is banned
|rule|Baton Pass Clause: Limit one PokÃ©mon knowing Baton Pass
|rule|Sleep Clause Mod: Limit one foe put to sleep
|rule|Species Clause: Limit one of each PokÃ©mon
|rule|OHKO Clause: OHKO moves are banned
|rule|Moody Clause: Moody is banned
|rule|Evasion Moves Clause: Evasion moves are banned
|rule|Endless Battle Clause: Forcing endless battles is banned
|rule|HP Percentage Mod: HP is shown in percentages
|teampreview
|leave|X-45
|
|start
|switch|p1a: Mamoswine|Mamoswine, M|361\/361
|switch|p2a: Beedrill|Beedrill, M|271\/271
|turn|1
|
|detailschange|p2a: Beedrill|Beedrill-Mega, M
|-mega|p2a: Beedrill|Beedrill|Beedrillite
|move|p2a: Beedrill|Protect|p2a: Beedrill
|-singleturn|p2a: Beedrill|Protect
|move|p1a: Mamoswine|Stealth Rock|p2a: Beedrill
|-sidestart|p2: King Killing Spree|move: Stealth Rock
|
|turn|2
|
|move|p1a: Mamoswine|Ice Shard|p2a: Beedrill
|-damage|p2a: Beedrill|106\/271
|move|p2a: Beedrill|U-turn|p1a: Mamoswine
|-damage|p1a: Mamoswine|115\/361
|
|switch|p2a: Excadrill|Excadrill, M|361\/361
|-damage|p2a: Excadrill|350\/361|[from] Stealth Rock
|-ability|p2a: Excadrill|Mold Breaker
|
|turn|3
|
|move|p2a: Excadrill|Iron Head|p1a: Mamoswine
|-supereffective|p1a: Mamoswine
|-damage|p1a: Mamoswine|0 fnt
|faint|p1a: Mamoswine
|
|
|switch|p1a: Scizor|Scizor, M|343\/343
|turn|4
|
|switch|p2a: Rotom-Wash|Rotom-Wash, shiny|303\/303
|-damage|p2a: Rotom-Wash|266\/303|[from] Stealth Rock
|move|p1a: Scizor|U-turn|p2a: Rotom-Wash
|-damage|p2a: Rotom-Wash|113\/303
|
|switch|p1a: Lopunny|Lopunny, M, shiny|271\/271
|
|-heal|p2a: Rotom-Wash|131\/303|[from] item: Leftovers
|turn|5
|
|detailschange|p1a: Lopunny|Lopunny-Mega, M, shiny
|-mega|p1a: Lopunny|Lopunny|Lopunnite
|move|p1a: Lopunny|High Jump Kick|p2a: Rotom-Wash
|-damage|p2a: Rotom-Wash|0 fnt
|faint|p2a: Rotom-Wash
|
|
|switch|p2a: Latios|Latios, M, shiny|301\/301
|-damage|p2a: Latios|264\/301|[from] Stealth Rock
|turn|6
|
|switch|p1a: Scizor|Scizor, M|343\/343
|move|p2a: Latios|Defog|p1a: Scizor
|-unboost|p1a: Scizor|evasion|1
|-sideend|p2: King Killing Spree|Stealth Rock|[from] move: Defog|[of] p2a: Latios
|
|turn|7
|
|move|p1a: Scizor|Pursuit|p2a: Latios|[from]Pursuit
|-crit|p2a: Latios
|-supereffective|p2a: Latios
|-damage|p2a: Latios|0 fnt
|faint|p2a: Latios
|
|
|switch|p2a: Beedrill|Beedrill-Mega, M|106\/271
|turn|8
|
|move|p2a: Beedrill|U-turn|p1a: Scizor
|-resisted|p1a: Scizor
|-damage|p1a: Scizor|234\/343
|join|dc94
|
|move|p1a: Scizor|Pursuit|p2a: Beedrill|[from]Pursuit
|-damage|p2a: Beedrill|0 fnt
|faint|p2a: Beedrill
|
|
|switch|p2a: Bisharp|Bisharp, M|333\/333
|turn|9
|
|switch|p1a: Raikou|Raikou|321\/321
|-ability|p1a: Raikou|Pressure
|move|p2a: Bisharp|Swords Dance|p2a: Bisharp
|-boost|p2a: Bisharp|atk|2
|
|turn|10
|
|move|p1a: Raikou|Thunderbolt|p2a: Bisharp
|-damage|p2a: Bisharp|134\/333
|move|p2a: Bisharp|Swords Dance|p2a: Bisharp
|-boost|p2a: Bisharp|atk|2
|
|turn|11
|
|move|p2a: Bisharp|Sucker Punch|p1a: Raikou
|-damage|p1a: Raikou|0 fnt
|faint|p1a: Raikou
|
|
|switch|p1a: Lopunny|Lopunny-Mega, M, shiny|271\/271
|turn|12
|
|move|p1a: Lopunny|Fake Out|p2a: Bisharp
|-resisted|p2a: Bisharp
|-damage|p2a: Bisharp|95\/333
|cant|p2a: Bisharp|flinch
|
|turn|13
|
|move|p2a: Bisharp|Sucker Punch|p1a: Lopunny
|-fail|p1a: Lopunny
|move|p1a: Lopunny|Encore|p2a: Bisharp
|-start|p2a: Bisharp|Encore
|
|turn|14
|
|switch|p1a: Azumarill|Azumarill, F|364\/364
|move|p2a: Bisharp|Sucker Punch|p1a: Azumarill
|-fail|p1a: Azumarill
|
|turn|15
|
|switch|p1a: Lopunny|Lopunny-Mega, M, shiny|271\/271
|move|p2a: Bisharp|Sucker Punch|p1a: Lopunny
|-fail|p1a: Lopunny
|
|turn|16
|
|switch|p2a: Excadrill|Excadrill, M|350\/361
|-ability|p2a: Excadrill|Mold Breaker
|move|p1a: Lopunny|Fake Out|p2a: Excadrill
|-resisted|p2a: Excadrill
|-damage|p2a: Excadrill|296\/361
|
|turn|17
|
|switch|p1a: Gengar|Gengar, M|261\/261
|move|p2a: Excadrill|Earthquake|p1a: Gengar
|-supereffective|p1a: Gengar
|-damage|p1a: Gengar|0 fnt
|faint|p1a: Gengar
|
|
|switch|p1a: Azumarill|Azumarill, F|364\/364
|turn|18
|
|move|p1a: Azumarill|Aqua Jet|p2a: Excadrill
|-supereffective|p2a: Excadrill
|-damage|p2a: Excadrill|42\/361
|move|p2a: Excadrill|Earthquake|p1a: Azumarill
|-damage|p1a: Azumarill|159\/364
|-enditem|p1a: Azumarill|Sitrus Berry|[eat]
|-heal|p1a: Azumarill|250\/364|[from] item: Sitrus Berry
|
|turn|19
|join|tv4c
|
|switch|p2a: Bisharp|Bisharp, M|95\/333
|move|p1a: Azumarill|Aqua Jet|p2a: Bisharp
|-damage|p2a: Bisharp|2\/333
|
|turn|20
|
|move|p1a: Azumarill|Aqua Jet|p2a: Bisharp
|-damage|p2a: Bisharp|0 fnt
|faint|p2a: Bisharp
|
|
|switch|p2a: Heatran|Heatran, M, shiny|386\/386
|-item|p2a: Heatran|Air Balloon
|turn|21
|
|switch|p1a: Scizor|Scizor, M|234\/343
|move|p2a: Heatran|Stealth Rock|p1a: Scizor
|-sidestart|p1: Croven|move: Stealth Rock
|
|turn|22
|
|move|p2a: Heatran|Lava Plume|p1a: Scizor
|-supereffective|p1a: Scizor
|-damage|p1a: Scizor|0 fnt
|faint|p1a: Scizor
|
|
|switch|p1a: Lopunny|Lopunny-Mega, M, shiny|271\/271
|-damage|p1a: Lopunny|255\/271|[from] Stealth Rock
|turn|23
|
|move|p1a: Lopunny|High Jump Kick|p2a: Heatran
|-supereffective|p2a: Heatran
|-damage|p2a: Heatran|0 fnt
|-enditem|p2a: Heatran|Air Balloon
|faint|p2a: Heatran
|
|
|switch|p2a: Excadrill|Excadrill, M|42\/361
|-ability|p2a: Excadrill|Mold Breaker
|turn|24
|
|move|p2a: Excadrill|Iron Head|p1a: Lopunny
|-damage|p1a: Lopunny|101\/271
|cant|p1a: Lopunny|flinch
|
|turn|25
|
|move|p2a: Excadrill|Iron Head|p1a: Lopunny
|-damage|p1a: Lopunny|0 fnt
|faint|p1a: Lopunny
|
|
|switch|p1a: Azumarill|Azumarill, F|250\/364
|-damage|p1a: Azumarill|205\/364|[from] Stealth Rock
|turn|26
|-message|Croven forfeited.
|c|âCroven|i gtg
|leave|Croven
|
|win|King Killing Spree
|player|p1