|J|Croven
|J|Circle Hoes
|player|p1|Croven|1
|player|p2|Circle Hoes|63
|gametype|singles
|gen|6
|tier|OU
|clearpoke
|poke|p1|Metagross
|poke|p1|Hydreigon, F
|poke|p1|Slowbro, F
|poke|p1|Clefable, F
|poke|p1|Heatran, M
|poke|p1|Chesnaught, F
|poke|p2|Houndoom, M
|poke|p2|Azumarill, F
|poke|p2|Tangrowth, M
|poke|p2|Scizor, M
|poke|p2|Zapdos
|poke|p2|Hippowdon, M
|rule|Swagger Clause: Swagger is banned
|rule|Baton Pass Clause: Limit one PokÃ©mon knowing Baton Pass
|rule|Sleep Clause Mod: Limit one foe put to sleep
|rule|Species Clause: Limit one of each PokÃ©mon
|rule|OHKO Clause: OHKO moves are banned
|rule|Moody Clause: Moody is banned
|rule|Evasion Moves Clause: Evasion moves are banned
|rule|Endless Battle Clause: Forcing endless battles is banned
|rule|HP Percentage Mod: HP is shown in percentages
|teampreview
|J|steelphoenix
|J|Puralux
|J|silverbackkap
|J|El-Soldier
|c|âCroven|you got some nice teams btw
|J|I'm a Pixel Girl
|J|mgarcano
|J|Linck129
|J|dfmetal
|J|Dlanyer
|J|Azuko
|c|âCircle Hoes|Yeah I just bad played but thanks 
|J|Roi Venin BahaWin
|J|Tesung
|c|âCircle Hoes|Yours are good too
|J|Arcphil
|J|poksami
|c| poksami|HELLO
|
|start
|switch|p1a: Hydreigon|Hydreigon, F|325\/325
|switch|p2a: leonhardt|Azumarill, F|403\/403
|turn|1
|J|GeeMick
|
|switch|p1a: Slowbro|Slowbro, F|394\/394
|move|p2a: leonhardt|Play Rough|p1a: Slowbro|[miss]
|-miss|p2a: leonhardt|p1a: Slowbro
|
|turn|2
|c|+GeeMick|cool teams :o
|
|switch|p2a: esfa|Tangrowth, M|374\/374
|move|p1a: Slowbro|Scald|p2a: esfa
|-resisted|p2a: esfa
|-damage|p2a: esfa|292\/374
|-status|p2a: esfa|brn
|
|-damage|p2a: esfa|246\/374 brn|[from] brn
|turn|3
|c| poksami|Slowflo
|J|adyctif
|J|liptonic
|c|âCroven|sorry
|c| poksami|Boldegomme
|J|Thunder631
|
|switch|p2a: Rinzaki|Houndoom, M|291\/291
|switch|p1a: Chesnaught|Chesnaught, F|380\/380
|
|turn|4
|c|+El-Soldier|t'es nul yarti
|c|+El-Soldier|:\/
|c| poksami|Azzura
|
|switch|p1a: Clefable|Clefable, F|394\/394
|detailschange|p2a: Rinzaki|Houndoom-Mega, M
|-mega|p2a: Rinzaki|Houndoom|Houndoominite
|move|p2a: Rinzaki|Fire Blast|p1a: Clefable|[miss]
|-miss|p2a: Rinzaki|p1a: Clefable
|
|turn|5
|J|darkrai147
|L|Thunder631
|c| poksami|Bon je stop
|c|âCroven|damn
|c|âCroven|i'm getting lucky today
|
|switch|p2a: Genai|Scizor, M|343\/343
|move|p1a: Clefable|Wish|p1a: Clefable
|
|turn|6
|c| poksami|Rinzaki mdrrr
|c| poksami|Genai XD
|
|switch|p1a: Chesnaught|Chesnaught, F|380\/380
|move|p2a: Genai|U-turn|p1a: Chesnaught
|-crit|p1a: Chesnaught
|-damage|p1a: Chesnaught|202\/380
|
|switch|p2a: Rinzaki|Houndoom-Mega, M|291\/291
|
|-heal|p1a: Chesnaught|380\/380|[from] move: Wish|[wisher] Clefable
|turn|7
|J|Earthaste.
|
|switch|p1a: Heatran|Heatran, M|385\/385
|move|p2a: Rinzaki|Dark Pulse|p1a: Heatran
|-damage|p1a: Heatran|265\/385
|
|-heal|p1a: Heatran|289\/385|[from] item: Leftovers
|turn|8
|
|switch|p2a: murmr|Hippowdon, M|420\/420
|-weather|Sandstorm
|move|p1a: Heatran|Stealth Rock|p2a: murmr
|-sidestart|p2: Circle Hoes|move: Stealth Rock
|
|-weather|Sandstorm|[upkeep]
|-heal|p1a: Heatran|313\/385|[from] item: Leftovers
|turn|9
|
|switch|p1a: Chesnaught|Chesnaught, F|380\/380
|move|p2a: murmr|Stealth Rock|p1a: Chesnaught
|-sidestart|p1: Croven|move: Stealth Rock
|
|-weather|Sandstorm|[upkeep]
|-damage|p1a: Chesnaught|357\/380|[from] sandstorm
|-heal|p1a: Chesnaught|380\/380|[from] item: Leftovers
|turn|10
|
|switch|p2a: Genai|Scizor, M|343\/343
|-damage|p2a: Genai|301\/343|[from] Stealth Rock
|move|p1a: Chesnaught|Leech Seed|p2a: Genai
|-start|p2a: Genai|move: Leech Seed
|
|-weather|Sandstorm|[upkeep]
|-damage|p1a: Chesnaught|357\/380|[from] sandstorm
|-heal|p1a: Chesnaught|380\/380|[from] item: Leftovers
|-damage|p2a: Genai|259\/343|[from] Leech Seed|[of] p1a: Chesnaught
|turn|11
|L|GeeMick
|
|move|p2a: Genai|U-turn|p1a: Chesnaught
|-damage|p1a: Chesnaught|250\/380
|L|mgarcano
|
|switch|p2a: esfa|Tangrowth, M|370\/374 brn
|-damage|p2a: esfa|324\/374 brn|[from] Stealth Rock
|move|p1a: Chesnaught|Spikes|p2a: esfa
|-sidestart|p2: Circle Hoes|Spikes
|
|-weather|Sandstorm|[upkeep]
|-damage|p2a: esfa|301\/374 brn|[from] sandstorm
|-damage|p1a: Chesnaught|227\/380|[from] sandstorm
|-heal|p1a: Chesnaught|250\/380|[from] item: Leftovers
|-damage|p2a: esfa|255\/374 brn|[from] brn
|turn|12
|
|move|p1a: Chesnaught|Spiky Shield|p1a: Chesnaught
|-singleturn|p1a: Chesnaught|move: Protect
|move|p2a: esfa|Hidden Power|p1a: Chesnaught
|-activate|p1a: Chesnaught|move: Protect
|
|-weather|none
|-heal|p1a: Chesnaught|273\/380|[from] item: Leftovers
|-damage|p2a: esfa|209\/374 brn|[from] brn
|turn|13
|
|switch|p2a: leonhardt|Azumarill, F|403\/403
|-damage|p2a: leonhardt|353\/403|[from] Stealth Rock
|-damage|p2a: leonhardt|303\/403|[from] Spikes
|switch|p1a: Hydreigon|Hydreigon, F|325\/325
|-damage|p1a: Hydreigon|285\/325|[from] Stealth Rock
|
|turn|14
|
|switch|p1a: Slowbro|Slowbro, F|394\/394
|-damage|p1a: Slowbro|345\/394|[from] Stealth Rock
|move|p2a: leonhardt|Play Rough|p1a: Slowbro
|-damage|p1a: Slowbro|204\/394
|-damage|p2a: leonhardt|236\/403|[from] item: Rocky Helmet|[of] p1a: Slowbro
|
|turn|15
|
|move|p2a: leonhardt|Knock Off|p1a: Slowbro
|-supereffective|p1a: Slowbro
|-damage|p1a: Slowbro|0 fnt
|-damage|p2a: leonhardt|169\/403|[from] item: Rocky Helmet|[of] p1a: Slowbro
|-enditem|p1a: Slowbro|Rocky Helmet|[from] move: Knock Off|[of] p2a: leonhardt
|faint|p1a: Slowbro
|
|
|switch|p1a: Metagross|Metagross|301\/301
|-damage|p1a: Metagross|283\/301|[from] Stealth Rock
|turn|16
|
|detailschange|p1a: Metagross|Metagross-Mega
|-mega|p1a: Metagross|Metagross|Metagrossite
|move|p1a: Metagross|Meteor Mash|p2a: leonhardt
|-damage|p2a: leonhardt|0 fnt
|faint|p2a: leonhardt
|
|
|switch|p2a: Rinzaki|Houndoom-Mega, M|291\/291
|-damage|p2a: Rinzaki|219\/291|[from] Stealth Rock
|-damage|p2a: Rinzaki|183\/291|[from] Spikes
|turn|17
|
|switch|p1a: Clefable|Clefable, F|394\/394
|-damage|p1a: Clefable|345\/394|[from] Stealth Rock
|move|p2a: Rinzaki|Nasty Plot|p2a: Rinzaki
|-boost|p2a: Rinzaki|spa|2
|
|-heal|p1a: Clefable|369\/394|[from] item: Leftovers
|turn|18
|
|move|p2a: Rinzaki|Fire Blast|p1a: Clefable
|-damage|p1a: Clefable|179\/394
|move|p1a: Clefable|Wish|p1a: Clefable
|
|-heal|p1a: Clefable|203\/394|[from] item: Leftovers
|turn|19
|
|move|p2a: Rinzaki|Dark Pulse|p1a: Clefable
|-resisted|p1a: Clefable
|-damage|p1a: Clefable|130\/394
|move|p1a: Clefable|Moonblast|p2a: Rinzaki
|-damage|p2a: Rinzaki|68\/291
|
|-heal|p1a: Clefable|327\/394|[from] move: Wish|[wisher] Clefable
|-heal|p1a: Clefable|351\/394|[from] item: Leftovers
|turn|20
|
|switch|p2a: Genai|Scizor, M|259\/343
|-damage|p2a: Genai|217\/343|[from] Spikes
|-damage|p2a: Genai|175\/343|[from] Stealth Rock
|move|p1a: Clefable|Wish|p1a: Clefable
|
|-heal|p1a: Clefable|375\/394|[from] item: Leftovers
|turn|21
|
|move|p1a: Clefable|Protect|p1a: Clefable
|-singleturn|p1a: Clefable|Protect
|move|p2a: Genai|U-turn|p1a: Clefable
|-activate|p1a: Clefable|Protect
|
|-heal|p1a: Clefable|394\/394|[from] move: Wish|[wisher] Clefable
|turn|22
|
|move|p2a: Genai|U-turn|p1a: Clefable
|-resisted|p1a: Clefable
|-damage|p1a: Clefable|277\/394
|
|switch|p2a: Flan|Zapdos|383\/383
|-damage|p2a: Flan|288\/383|[from] Stealth Rock
|-ability|p2a: Flan|Pressure
|move|p1a: Clefable|Wish|p1a: Clefable
|
|-heal|p2a: Flan|311\/383|[from] item: Leftovers
|-heal|p1a: Clefable|301\/394|[from] item: Leftovers
|turn|23
|
|switch|p1a: Heatran|Heatran, M|313\/385
|-damage|p1a: Heatran|265\/385|[from] Stealth Rock
|move|p2a: Flan|Defog|p1a: Heatran
|-unboost|p1a: Heatran|evasion|1
|-sideend|p1: Croven|Stealth Rock|[from] move: Defog|[of] p1a: Heatran
|-sideend|p2: Circle Hoes|Spikes|[from] move: Defog|[of] p2a: Flan
|-sideend|p2: Circle Hoes|Stealth Rock|[from] move: Defog|[of] p2a: Flan
|
|-heal|p1a: Heatran|385\/385|[from] move: Wish|[wisher] Clefable
|-heal|p2a: Flan|334\/383|[from] item: Leftovers
|turn|24
|
|move|p2a: Flan|Volt Switch|p1a: Heatran
|-damage|p1a: Heatran|309\/385
|
|switch|p2a: murmr|Hippowdon, M|420\/420
|-weather|Sandstorm
|move|p1a: Heatran|Toxic|p2a: murmr
|-status|p2a: murmr|tox
|
|-weather|Sandstorm|[upkeep]
|-heal|p1a: Heatran|333\/385|[from] item: Leftovers
|-damage|p2a: murmr|394\/420 tox|[from] psn
|turn|25
|J|Aurious
|
|switch|p1a: Chesnaught|Chesnaught, F|273\/380
|move|p2a: murmr|Earthquake|p1a: Chesnaught
|-resisted|p1a: Chesnaught
|-damage|p1a: Chesnaught|237\/380
|
|-weather|Sandstorm|[upkeep]
|-damage|p1a: Chesnaught|214\/380|[from] sandstorm
|-heal|p1a: Chesnaught|237\/380|[from] item: Leftovers
|-heal|p2a: murmr|420\/420 tox|[from] item: Leftovers
|-damage|p2a: murmr|368\/420 tox|[from] psn
|turn|26
|L|Arcphil
|
|switch|p2a: esfa|Tangrowth, M|333\/374 brn
|move|p1a: Chesnaught|Drain Punch|p2a: esfa
|-damage|p2a: esfa|248\/374 brn
|-heal|p1a: Chesnaught|280\/380|[from] drain|[of] p2a: esfa
|
|-weather|Sandstorm|[upkeep]
|-damage|p2a: esfa|225\/374 brn|[from] sandstorm
|-damage|p1a: Chesnaught|257\/380|[from] sandstorm
|-heal|p1a: Chesnaught|280\/380|[from] item: Leftovers
|-damage|p2a: esfa|179\/374 brn|[from] brn
|turn|27
|
|switch|p2a: Rinzaki|Houndoom-Mega, M|68\/291
|switch|p1a: Hydreigon|Hydreigon, F|285\/325
|
|-weather|Sandstorm|[upkeep]
|-damage|p2a: Rinzaki|50\/291|[from] sandstorm
|-damage|p1a: Hydreigon|265\/325|[from] sandstorm
|turn|28
|
|move|p2a: Rinzaki|Hidden Power|p1a: Hydreigon
|-supereffective|p1a: Hydreigon
|-damage|p1a: Hydreigon|89\/325
|move|p1a: Hydreigon|Dark Pulse|p2a: Rinzaki
|-resisted|p2a: Rinzaki
|-damage|p2a: Rinzaki|0 fnt
|-damage|p1a: Hydreigon|57\/325|[from] item: Life Orb
|faint|p2a: Rinzaki
|
|-weather|none
|L|Linck129
|J|Henry
|
|switch|p2a: murmr|Hippowdon, M|368\/420 tox
|-weather|Sandstorm
|turn|29
|
|move|p1a: Hydreigon|Roost|p1a: Hydreigon
|-heal|p1a: Hydreigon|220\/325
|move|p2a: murmr|Stealth Rock|p1a: Hydreigon
|-sidestart|p1: Croven|move: Stealth Rock
|
|-weather|Sandstorm|[upkeep]
|-damage|p1a: Hydreigon|200\/325|[from] sandstorm
|-heal|p2a: murmr|394\/420 tox|[from] item: Leftovers
|-damage|p2a: murmr|368\/420 tox|[from] psn
|turn|30
|
|move|p1a: Hydreigon|Dark Pulse|p2a: murmr
|-damage|p2a: murmr|199\/420 tox
|-damage|p1a: Hydreigon|168\/325|[from] item: Life Orb
|cant|p2a: murmr|flinch
|
|-weather|Sandstorm|[upkeep]
|-damage|p1a: Hydreigon|148\/325|[from] sandstorm
|-heal|p2a: murmr|225\/420 tox|[from] item: Leftovers
|-damage|p2a: murmr|173\/420 tox|[from] psn
|turn|31
|L|Aurious
|c|âCircle Hoes|...
|c|âCroven|really sorry
|c|âCroven|:\/
|
|move|p1a: Hydreigon|Draco Meteor|p2a: murmr
|-damage|p2a: murmr|0 fnt
|-unboost|p1a: Hydreigon|spa|2
|-damage|p1a: Hydreigon|116\/325|[from] item: Life Orb
|faint|p2a: murmr
|
|-weather|Sandstorm|[upkeep]
|-damage|p1a: Hydreigon|96\/325|[from] sandstorm
|L|Azuko
|
|switch|p2a: esfa|Tangrowth, M|303\/374 brn
|turn|32
|
|move|p1a: Hydreigon|Roost|p1a: Hydreigon
|-heal|p1a: Hydreigon|259\/325
|move|p2a: esfa|Ancient Power|p1a: Hydreigon
|-damage|p1a: Hydreigon|124\/325
|
|-weather|Sandstorm|[upkeep]
|-damage|p1a: Hydreigon|104\/325|[from] sandstorm
|-damage|p2a: esfa|280\/374 brn|[from] sandstorm
|-damage|p2a: esfa|234\/374 brn|[from] brn
|turn|33
|
|switch|p1a: Heatran|Heatran, M|333\/385
|-damage|p1a: Heatran|285\/385|[from] Stealth Rock
|move|p2a: esfa|Ancient Power|p1a: Heatran
|-damage|p1a: Heatran|205\/385
|-boost|p2a: esfa|atk|1
|-boost|p2a: esfa|def|1
|-boost|p2a: esfa|spa|1
|-boost|p2a: esfa|spd|1
|-boost|p2a: esfa|spe|1
|
|-weather|none
|-heal|p1a: Heatran|229\/385|[from] item: Leftovers
|-damage|p2a: esfa|188\/374 brn|[from] brn
|turn|34
|
|move|p2a: esfa|Ancient Power|p1a: Heatran
|-damage|p1a: Heatran|119\/385
|move|p1a: Heatran|Lava Plume|p2a: esfa
|-supereffective|p2a: esfa
|-damage|p2a: esfa|0 fnt
|faint|p2a: esfa
|
|-heal|p1a: Heatran|143\/385|[from] item: Leftovers
|c|âCircle Hoes|gg
|
|switch|p2a: Genai|Scizor, M|175\/343
|turn|35
|c|âCroven|gg, sorry about the ha
|c|âCroven|hax*
|
|move|p1a: Heatran|Lava Plume|p2a: Genai
|-supereffective|p2a: Genai
|-damage|p2a: Genai|0 fnt
|faint|p2a: Genai
|
|-heal|p1a: Heatran|167\/385|[from] item: Leftovers
|
|switch|p2a: Flan|Zapdos|334\/383
|-ability|p2a: Flan|Pressure
|turn|36
|
|move|p2a: Flan|Volt Switch|p1a: Heatran
|-damage|p1a: Heatran|100\/385
|move|p1a: Heatran|Toxic|p2a: Flan
|-status|p2a: Flan|tox
|
|-heal|p2a: Flan|357\/383 tox|[from] item: Leftovers
|-heal|p1a: Heatran|124\/385|[from] item: Leftovers
|-damage|p2a: Flan|334\/383 tox|[from] psn
|turn|37
|-message|Circle Hoes forfeited.
|
|win|Croven
|L|Circle Hoes
|player|p2