|join|Croven
|join|xzern
|player|p1|Croven|167
|player|p2|xzern|#xzern
|gametype|doubles
|gen|6
|tier|Smogon Doubles
|clearpoke
|poke|p1|Jirachi
|poke|p1|Salamence, F
|poke|p1|Kangaskhan, F
|poke|p1|Heatran, M
|poke|p1|Hitmontop, M
|poke|p1|Sylveon, M
|poke|p2|Deoxys-Attack
|poke|p2|Aegislash, F
|poke|p2|Breloom, M
|poke|p2|Salamence, M
|poke|p2|Heatran, F
|poke|p2|Landorus-Therian, M
|rule|Species Clause: Limit one of each PokÃ©mon
|rule|OHKO Clause: OHKO moves are banned
|rule|Moody Clause: Moody is banned
|rule|Evasion Abilities Clause: Evasion abilities are banned
|rule|Evasion Moves Clause: Evasion moves are banned
|rule|Endless Battle Clause: Forcing endless battles is banned
|rule|HP Percentage Mod: HP is shown in percentages
|teampreview
|c|âCroven|nice avi btw
|join|Yellow Paint
|join|13ulbasaur
|join|QsNs
|c|âxzern|thank
|join|It Is Guest
|c| 13ulbasaur|Go croven
|c|âCroven|and shit, all deo forms are allowed?
|c| QsNs|cant you face a good user croven
|c| 13ulbasaur|you can do it
|c|âxzern|yea
|c|âCroven|rip me
|c|âCroven|k so leads
|c| 13ulbasaur|Yeah buts its easy to deal with in dubs
|c| Yellow Paint|doe is frail as heck
|c|âCroven|.standard
|c|âxzern|pretty much the only things banned are the cover legends
|c| 13ulbasaur|two pokes = bye bye
|c|âxzern|like ho oh
|c| QsNs|xzern stop being helpful
|c| Yellow Paint|you can use kyurem black though
|c| 13ulbasaur|So yeah stuff like Skymin and Darkrai are legal (Dark Void isnt though)
|c| QsNs|and let him win :o
|c|âCroven|oh yeah, i remember i had a team with shaymin sky last gen
|c| Yellow Paint|it's not as good as other legends
|c|âCroven|i played like
|c|âCroven|5 battles
|c|âxzern|also we're suspecting megamence
|c| It Is Guest|**dw tho, it's just a ton of freakishly weird over the web mind games :]]]]**
|c|âxzern|so it might be banned
|c|âCroven|o.o
|c|âxzern|but probably not
|c|âCroven|gotcha
|c| QsNs|hello?
|c|âCroven|:<
|c| QsNs|it probably will
|c| Yellow Paint|probably not
|c| 13ulbasaur|oh yeah I need to g osee the arguments in the salamence thread
|
|start
|switch|p1a: Kangaskhan|Kangaskhan, F|351\/351
|switch|p1b: Sylveon|Sylveon, M|332\/332
|switch|p2a: Broken Mirrors|Deoxys-Attack|241\/241
|switch|p2b: Midnight Hands|Aegislash, F|324\/324
|-ability|p2a: Broken Mirrors|Pressure
|turn|1
|c|âCroven|ok, so i'm guessing weather is somewhat relevant here
|c|âCroven|like sun and rain
|c|âxzern|epic memes detected
|c| QsNs|yep
|c|âCroven|?
|c| Yellow Paint|not really
|c| QsNs|sun is lame
|c|âxzern|not sun as much
|c|âxzern|mostly rain
|c| Yellow Paint|well, rain yes
|c| QsNs|but rain and sand are huge
|c|âCroven|is there sand
|c| Yellow Paint|because mega swapmert
|c|âCroven|ah yes sand
|c|âxzern|yes
|c| QsNs|trick room is cool too
|c| 13ulbasaur|Sun used to be quite popular but its not as much in ORAS than xy
|c| Yellow Paint|hailroom is fun
|c|âxzern|hail and sun arent as relevant anymore
|c|âCroven|ok so before i go ultra noob
|c| QsNs|and tw teams are okay
|c| 13ulbasaur|because char y isnt as relevant
|c|âCroven|can m-scizor sand be used
|c|âCroven|?
|c| Yellow Paint|no
|c|âCroven|aw
|c| QsNs|i'd rather use
|c|âCroven|rip
|c| Yellow Paint|mscizor rain
|c| QsNs|mega scizor trick room
|c| QsNs|or rain
|c|âCroven|k was gonna use TR as my next option
|c|âCroven|rain is too generic :<
|c| QsNs|you need fangame
|c| Yellow Paint|mscizor tr is kinda bad
|c| QsNs|tbh
|c| QsNs|HELLO?
|c|âxzern|tr is bad
|c|âCroven|LOL
|c|âxzern|>:(
|c| QsNs|HAVE YOU NEVER HEARD OF THE PWNEMON SPECIAL
|c|âCroven|>pwnemon special
|c|âCroven|i dont want
|c|âCroven|to hear it
|c| QsNs|lol
|c|âxzern|the pwnemon special is a dick up your ass qsns
|c|âCroven|gg
|c| Yellow Paint|but mscizor already has priority
|c| QsNs|sounds hot x_x
|c| Yellow Paint|lol start the game
|c|âxzern|xd
|c| Yellow Paint|y\/y?
|c|âCroven|k then i'll do my best for m-scizor rain thats not generic
|c| 13ulbasaur|http:\/\/i.imgur.com\/OBUW8rc.png
|c|âxzern|choose moves croven
|c|âCroven|time to pick a move i geuss
|c|âCroven|uh
|c|âCroven|pressure x.x
|c| QsNs|hahahahahahahhahah i get it
|c|âxzern|reveal the big play
|c| QsNs|because of deoxys!
|
|switch|p1b: Heatran|Heatran, M|323\/323
|detailschange|p1a: Kangaskhan|Kangaskhan-Mega, F
|message|Kangaskhan has Mega Evolved into Mega Kangaskhan!
|move|p2a: Broken Mirrors|Protect|p2a: Broken Mirrors
|-singleturn|p2a: Broken Mirrors|Protect
|move|p1a: Kangaskhan|Fake Out|p2a: Broken Mirrors
|-activate|p2a: Broken Mirrors|Protect
|-formechange|p2b: Midnight Hands|Aegislash-Blade
|move|p2b: Midnight Hands|Flash Cannon|p1b: Heatran
|-resisted|p1b: Heatran
|-damage|p1b: Heatran|284\/323
|
|turn|2
|c|âxzern|shut up qsns
|c| QsNs|wow xzern
|c| QsNs|garbage like normal
|c|âxzern|!dt mega kangaskhan
|c|~|\/data-pokemon Kangaskhan-Mega
|raw|<font size="1"><font color=#585858>Dex#:<\/font> 115&nbsp;|&ThickSpace;<font color=#585858>Height:<\/font> 2.2 m&nbsp;|&ThickSpace;<font color=#585858>Weight:<\/font> 100 kg <em>(100 BP)<\/em>&nbsp;|&ThickSpace;<font color=#585858>Dex Colour:<\/font> Brown&nbsp;|&ThickSpace;<font color=#585858>Egg Group(s):<\/font> Monster&nbsp;|&ThickSpace;<font color=#585858><font color=#585858>Does Not Evolve<\/font><\/font><\/font>
|c|âCroven|rude
|
|move|p2b: Midnight Hands|Wide Guard|p2b: Midnight Hands
|-singleturn|p2b: Midnight Hands|Wide Guard
|move|p1a: Kangaskhan|Sucker Punch|p2a: Broken Mirrors
|-supereffective|p2a: Broken Mirrors
|-enditem|p2a: Broken Mirrors|Focus Sash
|-damage|p2a: Broken Mirrors|1\/241
|-supereffective|p2a: Broken Mirrors
|-damage|p2a: Broken Mirrors|0 fnt
|-hitcount|p2a: Broken Mirrors|2
|faint|p2a: Broken Mirrors
|move|p1b: Heatran|Heat Wave|p2b: Midnight Hands
|-activate|p2b: Midnight Hands|Wide Guard
|
|c|âxzern|l
|c|âxzern|a
|c|âxzern|m
|c|âxzern|e
|c| QsNs|holy shit
|c|âCroven|:<
|c| QsNs|you're so fkn bad
|c| QsNs|xzern
|c| 13ulbasaur|wow
|c| QsNs|STEP IT UP
|c|âCroven|rip deoxys
|c|âxzern|eat
|c|âxzern|a penis
|c|âxzern|qsns
|c| Yellow Paint|not even espeed lol
|c| QsNs|can you get
|c| QsNs|good
|c| QsNs|please
|c| 13ulbasaur|and that croven is why you shouldnt be too scared of deo-a
|c|âxzern|fight me after this qsns
|c|âCroven|lmao
|c| QsNs|kk
|c|âxzern|i wil
|c|âxzern|end you
|c|âCroven|oh shit the callouts!
|c|âxzern|,,,
|c| QsNs|lets jam dork
|c|âCroven|,,,,,,,,,,,
|
|switch|p2a: Endgame|Salamence, M|331\/331
|-ability|p2a: Endgame|Intimidate|[of] p1a: Kangaskhan
|-unboost|p1a: Kangaskhan|atk|1
|-ability|p2a: Endgame|Intimidate|[of] p1b: Heatran
|-unboost|p1b: Heatran|atk|1
|turn|3
|c| QsNs|,,,,,,,,,,,,,,, xddddd le epic zern maymays
|c|âxzern|heatran = mence check
|c| QsNs|he has
|c| QsNs|eq
|c|âxzern|nobody runs hydro so dont mention that
|c|âCroven|is that true
|c| QsNs|switch
|c| QsNs|wait you have shuca right
|c| QsNs|nvm
|c| QsNs|xzern loses
|c|âCroven|k
|c|âCroven|ass plays
|c|âCroven|go
|c|âxzern|qsns fuck off
|c|âCroven|:]]]]
|c| It Is Guest|this is where
|c| QsNs|:]
|c| It Is Guest|edits to teh team were made
|
|detailschange|p2a: Endgame|Salamence-Mega, M
|message|Salamence has Mega Evolved into Mega Salamence!
|move|p1b: Heatran|Protect|p1b: Heatran
|-singleturn|p1b: Heatran|Protect
|-formechange|p2b: Midnight Hands|Aegislash
|move|p2b: Midnight Hands|King's Shield|p2b: Midnight Hands
|-fail|p2b: Midnight Hands
|move|p2a: Endgame|Return|p1a: Kangaskhan
|-damage|p1a: Kangaskhan|98\/351
|move|p1a: Kangaskhan|Double-Edge|p2a: Endgame
|-damage|p2a: Endgame|208\/331
|-damage|p2a: Endgame|148\/331
|-hitcount|p2a: Endgame|2
|-damage|p1a: Kangaskhan|38\/351|[from] recoil|[of] p2a: Endgame
|
|turn|4
|c| It Is Guest|and its HP Ice Tran!!!
|c|âxzern|excellent
|c|âCroven|rip
|c| Yellow Paint|time for lando switch
|c| Yellow Paint|y\/y?
|c| It Is Guest|Sucker Punch actually
|c| It Is Guest|Imo
|
|switch|p2a: Architects|Heatran, F|386\/386
|move|p1a: Kangaskhan|Sucker Punch|p2a: Architects
|-fail|p2a: Architects
|move|p1b: Heatran|Heat Wave|p2a: Architects
|-start|p2a: Architects|ability: Flash Fire
|-supereffective|p2b: Midnight Hands
|-damage|p2b: Midnight Hands|106\/324
|-formechange|p2b: Midnight Hands|Aegislash-Blade
|move|p2b: Midnight Hands|Flash Cannon|p1a: Kangaskhan
|-damage|p1a: Kangaskhan|0 fnt
|faint|p1a: Kangaskhan
|
|c|âCroven|rip
|
|switch|p1a: Hitmontop|Hitmontop, M|272\/272
|-ability|p1a: Hitmontop|Intimidate|[of] p2a: Architects
|-unboost|p2a: Architects|atk|1
|-ability|p1a: Hitmontop|Intimidate|[of] p2b: Midnight Hands
|-unboost|p2b: Midnight Hands|atk|1
|turn|5
|
|move|p1b: Heatran|Protect|p1b: Heatran
|-singleturn|p1b: Heatran|Protect
|-formechange|p2b: Midnight Hands|Aegislash
|move|p2b: Midnight Hands|King's Shield|p2b: Midnight Hands
|-singleturn|p2b: Midnight Hands|Protect
|move|p1a: Hitmontop|Close Combat|p2a: Architects
|-supereffective|p2a: Architects
|-damage|p2a: Architects|54\/386
|-unboost|p1a: Hitmontop|def|1
|-unboost|p1a: Hitmontop|spd|1
|move|p2a: Architects|Earth Power|p1b: Heatran
|-activate|p1b: Heatran|Protect
|
|turn|6
|c|âxzern|>:(
|c|âCroven|FUCK it didn't kill
|c|âCroven|oh its all good
|c| QsNs|omfl
|c| QsNs|you're so
|c| QsNs|eZ
|c| QsNs|pZ
|c|âxzern|qsns suck a fucking cock
|c|âCroven|why is aegislash so fucking annoying
|c| QsNs|is that your only insult
|raw|<div class="broadcast-red"><b>Moderated chat was set to +!<\/b><br \/>Only users of rank + and higher can talk.<\/div>
|c|âxzern|yes
QsNs was promoted to Room Voice by Croven.
|c|âCroven|why not
|c|âxzern|dicks
|c|+QsNs|:]
|c|âxzern|penis
|raw|<div class="broadcast-blue"><b>Moderated chat was disabled!<\/b><br \/>Anyone may talk now.<\/div>
|c| QsNs|choke on a cock xzern
|c| 13ulbasaur|:x
|c|âxzern|on it boss
|c| It Is Guest|language
|
|move|p2b: Midnight Hands|Wide Guard|p2b: Midnight Hands
|-singleturn|p2b: Midnight Hands|Wide Guard
|move|p1b: Heatran|Heat Wave|p2a: Architects
|-activate|p2a: Architects|Wide Guard
|-activate|p2b: Midnight Hands|Wide Guard
|move|p1a: Hitmontop|Close Combat|p2a: Architects
|-supereffective|p2a: Architects
|-damage|p2a: Architects|0 fnt
|-unboost|p1a: Hitmontop|def|1
|-unboost|p1a: Hitmontop|spd|1
|faint|p2a: Architects
|
|c| It Is Guest|rooooood
|c| QsNs|kid
|c| QsNs|use earth power
|c|âCroven|uh
|
|switch|p2a: Satellite|Landorus-Therian, M|320\/320
|-ability|p2a: Satellite|Intimidate|[of] p1a: Hitmontop
|-unboost|p1a: Hitmontop|atk|1
|-ability|p2a: Satellite|Intimidate|[of] p1b: Heatran
|-unboost|p1b: Heatran|atk|1
|turn|7
|c|âCroven|uh
|c| QsNs|because xzern doesnt make plays
|c|âCroven|yeah
|c|âCroven|i should
|c|âCroven|rip
|
|switch|p1a: Salamence|Salamence, F|331\/331
|-ability|p1a: Salamence|Intimidate|[of] p2a: Satellite
|-unboost|p2a: Satellite|atk|1
|-ability|p1a: Salamence|Intimidate|[of] p2b: Midnight Hands
|-unboost|p2b: Midnight Hands|atk|1
|move|p1b: Heatran|Protect|p1b: Heatran
|-singleturn|p1b: Heatran|Protect
|move|p2b: Midnight Hands|Wide Guard|p2b: Midnight Hands
|-singleturn|p2b: Midnight Hands|Wide Guard
|move|p2a: Satellite|Earthquake|p1b: Heatran
|-activate|p2b: Midnight Hands|Wide Guard
|-immune|p1a: Salamence|[msg]
|-activate|p1b: Heatran|Protect
|
|turn|8
|
|switch|p1b: Hitmontop|Hitmontop, M|272\/272
|-ability|p1b: Hitmontop|Intimidate|[of] p2a: Satellite
|-unboost|p2a: Satellite|atk|1
|-ability|p1b: Hitmontop|Intimidate|[of] p2b: Midnight Hands
|-unboost|p2b: Midnight Hands|atk|1
|switch|p2b: Endgame|Salamence-Mega, M|148\/331
|move|p2a: Satellite|Earthquake|p1b: Hitmontop
|-immune|p2b: Endgame|[msg]
|-immune|p1a: Salamence|[msg]
|-damage|p1b: Hitmontop|196\/272
|move|p1a: Salamence|Heat Wave|p2b: Endgame
|-miss|p1a: Salamence|p2a: Satellite
|-crit|p2b: Endgame
|-resisted|p2b: Endgame
|-damage|p2b: Endgame|79\/331
|
|turn|9
|
|switch|p2a: Midnight Hands|Aegislash, F|106\/324
|move|p2b: Endgame|Protect|p2b: Endgame
|-singleturn|p2b: Endgame|Protect
|move|p1b: Hitmontop|Fake Out|p2a: Midnight Hands
|-immune|p2a: Midnight Hands|[msg]
|move|p1a: Salamence|Draco Meteor|p2a: Midnight Hands|[miss]
|-miss|p1a: Salamence|p2a: Midnight Hands
|
|turn|10
|c|âCroven|rip
|c| QsNs|hes gonna wide guard
|c|âxzern|ecks DEE
|c|âCroven|landing that draco woulda been nice
|c|âCroven|but hax is hax ;_;
|
|move|p1b: Hitmontop|Feint|p2b: Endgame
|-damage|p2b: Endgame|55\/331
|move|p2b: Endgame|Return|p1b: Hitmontop
|-supereffective|p1b: Hitmontop
|-damage|p1b: Hitmontop|0 fnt
|faint|p1b: Hitmontop
|move|p1a: Salamence|Tailwind|p1a: Salamence
|-sidestart|p1: Croven|move: Tailwind
|-formechange|p2a: Midnight Hands|Aegislash-Blade
|move|p2a: Midnight Hands|Shadow Ball|p1a: Salamence
|-damage|p1a: Salamence|136\/331
|
|c|âCroven|#damage
|
|switch|p1b: Sylveon|Sylveon, M|332\/332
|turn|11
|c|âxzern|die
|
|-formechange|p2a: Midnight Hands|Aegislash
|move|p2a: Midnight Hands|King's Shield|p2a: Midnight Hands
|-singleturn|p2a: Midnight Hands|Protect
|move|p1a: Salamence|Heat Wave|p2b: Endgame
|-activate|p2a: Midnight Hands|Protect
|-resisted|p2b: Endgame
|-damage|p2b: Endgame|1\/331
|move|p1b: Sylveon|Moonblast|p2b: Endgame
|-supereffective|p2b: Endgame
|-damage|p2b: Endgame|0 fnt
|faint|p2b: Endgame
|
|c|âxzern|question mark
|
|switch|p2b: Survivor Guilt|Breloom, M|262\/262
|turn|12
|
|move|p2a: Midnight Hands|Wide Guard|p2a: Midnight Hands
|-singleturn|p2a: Midnight Hands|Wide Guard
|move|p1a: Salamence|Heat Wave|p2b: Survivor Guilt
|-activate|p2a: Midnight Hands|Wide Guard
|-activate|p2b: Survivor Guilt|Wide Guard
|move|p1b: Sylveon|Moonblast|p2b: Survivor Guilt
|-supereffective|p2b: Survivor Guilt
|-enditem|p2b: Survivor Guilt|Focus Sash
|-damage|p2b: Survivor Guilt|1\/262
|-unboost|p2b: Survivor Guilt|spa|1
|move|p2b: Survivor Guilt|Spore|p1b: Sylveon
|-status|p1b: Sylveon|slp
|
|turn|13
|c|âxzern|oh no
|c|âxzern|my spatk
|
|switch|p2b: Satellite|Landorus-Therian, M|320\/320
|-ability|p2b: Satellite|Intimidate|[of] p1a: Salamence
|-unboost|p1a: Salamence|atk|1
|-ability|p2b: Satellite|Intimidate|[of] p1b: Sylveon
|-unboost|p1b: Sylveon|atk|1
|move|p1a: Salamence|Heat Wave|p2b: Satellite
|-supereffective|p2a: Midnight Hands
|-damage|p2a: Midnight Hands|0 fnt
|-damage|p2b: Satellite|223\/320
|faint|p2a: Midnight Hands
|cant|p1b: Sylveon|slp
|
|-sideend|p1: Croven|move: Tailwind
|c|âCroven|that lost you the game!!!
|
|switch|p2a: Survivor Guilt|Breloom, M|1\/262
|turn|14
|
|move|p2b: Satellite|Rock Slide|p1b: Sylveon
|-supereffective|p1a: Salamence
|-damage|p1a: Salamence|0 fnt
|-miss|p2b: Satellite|p1b: Sylveon
|faint|p1a: Salamence
|move|p2a: Survivor Guilt|Bullet Seed|p1b: Sylveon
|-damage|p1b: Sylveon|239\/332 slp
|-damage|p1b: Sylveon|137\/332 slp
|-hitcount|p1b: Sylveon|2
|cant|p1b: Sylveon|slp
|
|c|âxzern|good miss
|c|âCroven|lol
|c|âxzern|good 2 hits
|c|âxzern|nice
|c| QsNs|ah the excuses
|
|switch|p1a: Jirachi|Jirachi|404\/404
|turn|15
|
|move|p2b: Satellite|Rock Slide|p1b: Sylveon
|-resisted|p1a: Jirachi
|-damage|p1a: Jirachi|371\/404
|-damage|p1b: Sylveon|32\/332 slp
|move|p1a: Jirachi|Icy Wind|p2b: Satellite
|-supereffective|p2a: Survivor Guilt
|-damage|p2a: Survivor Guilt|0 fnt
|-supereffective|p2b: Satellite
|-damage|p2b: Satellite|67\/320
|-unboost|p2b: Satellite|spe|1
|faint|p2a: Survivor Guilt
|cant|p1b: Sylveon|slp
|
|turn|16
|c|âxzern|flinch??????????????????
|c|âCroven|nah
|c|âxzern|none?????????
|c|âCroven|i trained my pokes
|c|âCroven|too well
|c|âxzern|oh
|c|âCroven|the
|c|âxzern|>:(
|c|âCroven|non flinch ev's
|c|âCroven|are here
|c|âxzern|oh
|
|move|p2b: Satellite|Rock Slide|p1b: Sylveon
|-resisted|p1a: Jirachi
|-damage|p1a: Jirachi|336\/404
|-damage|p1b: Sylveon|0 fnt
|faint|p1b: Sylveon
|move|p1a: Jirachi|Icy Wind|p2b: Satellite
|-supereffective|p2b: Satellite
|-damage|p2b: Satellite|0 fnt
|faint|p2b: Satellite
|
|win|Croven
|c|âCroven|gg
|c|âxzern|gg
|leave|xzern
|player|p2
|c| 13ulbasaur|\o\/
|leave|13ulbasaur
|leave|QsNs
|c|âCroven|\/\/o\/
|leave|Croven
|player|p1
|join|Croven