|J|Cobalt314
|J|Croven
|player|p1|Cobalt314|169
|player|p2|Croven|35
|gametype|doubles
|gen|6
|tier|VGC 2015
|clearpoke
|poke|p1|Kangaskhan, L50, F
|poke|p1|Thundurus, L50, M
|poke|p1|Rotom-Wash, L50
|poke|p1|Scrafty, L50, M, shiny
|poke|p1|Aegislash, L50, M, shiny
|poke|p1|Garchomp, L50, M, shiny
|poke|p2|Tyranitar, L50, M
|poke|p2|Excadrill, L50, F
|poke|p2|Togekiss, L50, M, shiny
|poke|p2|Latios, L50, M
|poke|p2|Lucario, L50, F
|poke|p2|Rotom-Heat, L50
|rule|Species Clause: Limit one of each PokÃ©mon
|rule|Item Clause: Limit one of each item
|teampreview|4
|J|Imanalt
|
|start
|switch|p1a: Scrafty|Scrafty, L50, M, shiny|167\/167
|switch|p1b: Kangaskhan|Kangaskhan, L50, F|211\/211
|switch|p2a: Togekiss|Togekiss, L50, M, shiny|192\/192
|switch|p2b: Lucario|Lucario, L50, F|145\/145
|-ability|p1a: Scrafty|Intimidate|[of] p2a: Togekiss
|-unboost|p2a: Togekiss|atk|1
|-ability|p1a: Scrafty|Intimidate|[of] p2b: Lucario
|-unboost|p2b: Lucario|atk|1
|turn|1
|c|âCobalt314|Good luck
|c|âCroven|you too
|
|detailschange|p2b: Lucario|Lucario-Mega, L50, F
|-mega|p2b: Lucario|Lucario|Lucarionite
|detailschange|p1b: Kangaskhan|Kangaskhan-Mega, L50, F
|-mega|p1b: Kangaskhan|Kangaskhan|Kangaskhanite
|move|p1a: Scrafty|Fake Out|p2b: Lucario
|-resisted|p2b: Lucario
|-damage|p2b: Lucario|133\/145
|move|p2a: Togekiss|Follow Me|p2a: Togekiss
|cant|p2b: Lucario|flinch
|move|p1b: Kangaskhan|Power-Up Punch|p2b: Lucario
|-resisted|p2a: Togekiss
|-damage|p2a: Togekiss|187\/192
|-boost|p1b: Kangaskhan|atk|1
|-crit|p2a: Togekiss
|-resisted|p2a: Togekiss
|-damage|p2a: Togekiss|182\/192
|-boost|p1b: Kangaskhan|atk|1
|-hitcount|p2a: Togekiss|2
|
|turn|2
|J|kloshitt
|
|move|p1b: Kangaskhan|Protect|p1b: Kangaskhan
|-singleturn|p1b: Kangaskhan|Protect
|move|p2a: Togekiss|Protect|p2a: Togekiss
|-singleturn|p2a: Togekiss|Protect
|move|p2b: Lucario|Aura Sphere|p1b: Kangaskhan
|-activate|p1b: Kangaskhan|Protect
|move|p1a: Scrafty|Drain Punch|p2b: Lucario
|-supereffective|p2b: Lucario
|-damage|p2b: Lucario|1\/145
|
|turn|3
|
|move|p2a: Togekiss|Follow Me|p2a: Togekiss
|move|p2b: Lucario|Aura Sphere|p1b: Kangaskhan
|-supereffective|p1b: Kangaskhan
|-damage|p1b: Kangaskhan|0 fnt
|faint|p1b: Kangaskhan
|move|p1a: Scrafty|Ice Punch|p2a: Togekiss
|-supereffective|p2a: Togekiss
|-damage|p2a: Togekiss|128\/192
|
|
|switch|p1b: Aegislash|Aegislash, L50, M, shiny|167\/167
|turn|4
|
|move|p2b: Lucario|Protect|p2b: Lucario
|-singleturn|p2b: Lucario|Protect
|move|p1b: Aegislash|King's Shield|p1b: Aegislash
|-singleturn|p1b: Aegislash|Protect
|move|p2a: Togekiss|Tailwind|p2a: Togekiss
|-sidestart|p2: Croven|move: Tailwind
|move|p1a: Scrafty|Drain Punch|p2b: Lucario
|-activate|p2b: Lucario|Protect
|
|turn|5
|
|move|p2b: Lucario|Aura Sphere|p1a: Scrafty
|-crit|p1a: Scrafty
|-supereffective|p1a: Scrafty
|-damage|p1a: Scrafty|0 fnt
|faint|p1a: Scrafty
|move|p2a: Togekiss|Air Slash|p1b: Aegislash
|-resisted|p1b: Aegislash
|-damage|p1b: Aegislash|148\/167
|-formechange|p1b: Aegislash|Aegislash-Blade
|move|p1b: Aegislash|Flash Cannon|p2a: Togekiss
|-supereffective|p2a: Togekiss
|-damage|p2a: Togekiss|0 fnt
|faint|p2a: Togekiss
|
|c|âCroven|sorry :\/
|
|switch|p1a: Garchomp|Garchomp, L50, M, shiny|184\/184
|switch|p2a: Excadrill|Excadrill, L50, F|185\/185
|turn|6
|c|âCobalt314|Woooow
|
|switch|p2b: Latios|Latios, L50, M|160\/160
|move|p2a: Excadrill|Protect|p2a: Excadrill
|-singleturn|p2a: Excadrill|Protect
|-formechange|p1b: Aegislash|Aegislash
|move|p1b: Aegislash|King's Shield|p1b: Aegislash
|-singleturn|p1b: Aegislash|Protect
|move|p1a: Garchomp|Rock Slide|p2b: Latios
|-activate|p2a: Excadrill|Protect
|-miss|p1a: Garchomp|p2b: Latios
|
|turn|7
|c|âCobalt314|Dunno if crit mattered
|J|Feeling The Moment
|L|Feeling The Moment
|
|move|p1a: Garchomp|Protect|p1a: Garchomp
|-singleturn|p1a: Garchomp|Protect
|move|p2b: Latios|Dragon Pulse|p1a: Garchomp
|-activate|p1a: Garchomp|Protect
|move|p2a: Excadrill|Earthquake|p1a: Garchomp
|-immune|p2b: Latios|[msg]
|-activate|p1a: Garchomp|Protect
|-supereffective|p1b: Aegislash
|-damage|p1b: Aegislash|0 fnt
|-damage|p2a: Excadrill|167\/185|[from] item: Life Orb
|faint|p1b: Aegislash
|
|-sideend|p2: Croven|move: Tailwind
|turn|8
|
|move|p2b: Latios|Dragon Pulse|p1a: Garchomp
|-supereffective|p1a: Garchomp
|-damage|p1a: Garchomp|0 fnt
|faint|p1a: Garchomp
|
|win|Croven
|c|âCobalt314|gg
|c|âCroven|gg