|J|Circle Hoes
|J|Croven
|player|p1|Circle Hoes|63
|player|p2|Croven|1
|gametype|singles
|gen|6
|tier|OU
|clearpoke
|poke|p1|Diggersby, M
|poke|p1|Absol, M
|poke|p1|Wobbuffet, M
|poke|p1|Slowbro, F
|poke|p1|Amoonguss, F
|poke|p1|Tornadus-Therian, M
|poke|p2|Altaria, M
|poke|p2|Slowbro, F
|poke|p2|Heatran, F
|poke|p2|Ferrothorn, M
|poke|p2|Tyranitar, F
|poke|p2|Keldeo
|rule|Swagger Clause: Swagger is banned
|rule|Baton Pass Clause: Limit one PokÃ©mon knowing Baton Pass
|rule|Sleep Clause Mod: Limit one foe put to sleep
|rule|Species Clause: Limit one of each PokÃ©mon
|rule|OHKO Clause: OHKO moves are banned
|rule|Moody Clause: Moody is banned
|rule|Evasion Moves Clause: Evasion moves are banned
|rule|Endless Battle Clause: Forcing endless battles is banned
|rule|HP Percentage Mod: HP is shown in percentages
|teampreview
|J|Mistress Remilia
|J|silverbackkap
|J|ShinigamiZet
|
|start
|switch|p1a: Diggersby|Diggersby, M|311\/311
|switch|p2a: Heatran|Heatran, F|385\/385
|turn|1
|
|switch|p2a: Slowbro|Slowbro, F|394\/394
|move|p1a: Diggersby|U-turn|p2a: Slowbro
|-supereffective|p2a: Slowbro
|-damage|p2a: Slowbro|258\/394
|
|switch|p1a: Amoonguss|Amoonguss, F|432\/432
|
|-heal|p2a: Slowbro|282\/394|[from] item: Leftovers
|turn|2
|
|switch|p1a: Wobbuffet|Wobbuffet, M|584\/584
|switch|p2a: Ferrothorn|Ferrothorn, M|352\/352
|
|turn|3
|
|move|p1a: Wobbuffet|Encore|p2a: Ferrothorn
|-fail|p2a: Ferrothorn
|move|p2a: Ferrothorn|Spikes|p1a: Wobbuffet
|-sidestart|p1: Circle Hoes|Spikes
|
|turn|4
|
|move|p1a: Wobbuffet|Encore|p2a: Ferrothorn
|-start|p2a: Ferrothorn|Encore
|move|p2a: Ferrothorn|Spikes|p1a: Wobbuffet
|-sidestart|p1: Circle Hoes|Spikes
|
|turn|5
|
|switch|p1a: Absol|Absol, M|271\/271
|-damage|p1a: Absol|226\/271|[from] Spikes
|move|p2a: Ferrothorn|Spikes|p1a: Absol
|-sidestart|p1: Circle Hoes|Spikes
|
|turn|6
|
|switch|p2a: Altaria|Altaria, M|353\/353
|detailschange|p1a: Absol|Absol-Mega, M
|-mega|p1a: Absol|Absol|Absolite
|move|p1a: Absol|Swords Dance|p1a: Absol
|-boost|p1a: Absol|atk|2
|
|turn|7
|J|Puralux
|J|1 + HaxÂ²x = RIPÂ³x
|
|switch|p2a: Ferrothorn|Ferrothorn, M|352\/352
|move|p1a: Absol|Play Rough|p2a: Ferrothorn
|-resisted|p2a: Ferrothorn
|-damage|p2a: Ferrothorn|256\/352
|-damage|p1a: Absol|193\/271|[from] ability: Iron Barbs|[of] p2a: Ferrothorn
|
|-heal|p2a: Ferrothorn|278\/352|[from] item: Leftovers
|turn|8
|
|move|p1a: Absol|Knock Off|p2a: Ferrothorn
|-damage|p2a: Ferrothorn|0 fnt
|-damage|p1a: Absol|160\/271|[from] ability: Iron Barbs|[of] p2a: Ferrothorn
|-enditem|p2a: Ferrothorn|Leftovers|[from] move: Knock Off|[of] p1a: Absol
|faint|p2a: Ferrothorn
|
|
|switch|p2a: Tyranitar|Tyranitar, F|341\/341
|-weather|Sandstorm
|turn|9
|
|move|p2a: Tyranitar|Superpower|p1a: Absol
|-supereffective|p1a: Absol
|-damage|p1a: Absol|0 fnt
|-unboost|p2a: Tyranitar|atk|1
|-unboost|p2a: Tyranitar|def|1
|faint|p1a: Absol
|
|-weather|Sandstorm|[upkeep]
|
|switch|p1a: Wobbuffet|Wobbuffet, M|584\/584
|-damage|p1a: Wobbuffet|438\/584|[from] Spikes
|turn|10
|
|move|p2a: Tyranitar|Superpower|p1a: Wobbuffet
|-resisted|p1a: Wobbuffet
|-damage|p1a: Wobbuffet|369\/584
|-unboost|p2a: Tyranitar|atk|1
|-unboost|p2a: Tyranitar|def|1
|move|p1a: Wobbuffet|Counter|p2a: Tyranitar
|-damage|p2a: Tyranitar|203\/341
|
|-weather|Sandstorm|[upkeep]
|-damage|p1a: Wobbuffet|333\/584|[from] sandstorm
|turn|11
|
|move|p2a: Tyranitar|Superpower|p1a: Wobbuffet
|-resisted|p1a: Wobbuffet
|-damage|p1a: Wobbuffet|285\/584
|-unboost|p2a: Tyranitar|atk|1
|-unboost|p2a: Tyranitar|def|1
|move|p1a: Wobbuffet|Counter|p2a: Tyranitar
|-damage|p2a: Tyranitar|107\/341
|
|-weather|Sandstorm|[upkeep]
|-damage|p1a: Wobbuffet|249\/584|[from] sandstorm
|turn|12
|
|move|p2a: Tyranitar|Superpower|p1a: Wobbuffet
|-resisted|p1a: Wobbuffet
|-damage|p1a: Wobbuffet|207\/584
|-unboost|p2a: Tyranitar|atk|1
|-unboost|p2a: Tyranitar|def|1
|move|p1a: Wobbuffet|Counter|p2a: Tyranitar
|-damage|p2a: Tyranitar|23\/341
|
|-weather|Sandstorm|[upkeep]
|-damage|p1a: Wobbuffet|171\/584|[from] sandstorm
|turn|13
|
|move|p2a: Tyranitar|Superpower|p1a: Wobbuffet
|-resisted|p1a: Wobbuffet
|-damage|p1a: Wobbuffet|135\/584
|-unboost|p2a: Tyranitar|atk|1
|-unboost|p2a: Tyranitar|def|1
|-enditem|p1a: Wobbuffet|Salac Berry|[eat]
|-boost|p1a: Wobbuffet|spe|1|[from] item: Salac Berry
|move|p1a: Wobbuffet|Counter|p2a: Tyranitar
|-damage|p2a: Tyranitar|0 fnt
|faint|p2a: Tyranitar
|
|-weather|none
|J|Tesung
|
|switch|p2a: Keldeo|Keldeo|323\/323
|turn|14
|
|move|p2a: Keldeo|Substitute|p2a: Keldeo
|-start|p2a: Keldeo|Substitute
|-damage|p2a: Keldeo|243\/323
|move|p1a: Wobbuffet|Encore|p2a: Keldeo
|-start|p2a: Keldeo|Encore
|
|-heal|p2a: Keldeo|263\/323|[from] item: Leftovers
|turn|15
|c|+Mistress Remilia|lol salac
|
|switch|p1a: Tornadus-Therian|Tornadus-Therian, M|332\/332
|move|p2a: Keldeo|Substitute|p2a: Keldeo
|-fail|p2a: Keldeo|move: Substitute
|
|-heal|p2a: Keldeo|283\/323|[from] item: Leftovers
|turn|16
|
|move|p1a: Tornadus-Therian|Hurricane|p2a: Keldeo
|-supereffective|p2a: Keldeo
|-end|p2a: Keldeo|Substitute
|move|p2a: Keldeo|Substitute|p2a: Keldeo
|-start|p2a: Keldeo|Substitute
|-damage|p2a: Keldeo|203\/323
|
|-heal|p2a: Keldeo|223\/323|[from] item: Leftovers
|turn|17
|J|FreeRoamer
|J|yoman5
|J|fabiohimself
|c|+yoman5|allstars?
|c|âCroven|no ost
|c|âCircle Hoes|OST
|
|move|p1a: Tornadus-Therian|U-turn|p2a: Keldeo
|-resisted|p2a: Keldeo
|-activate|p2a: Keldeo|Substitute|[damage]
|c|+yoman5|ah, oky
|
|switch|p1a: Diggersby|Diggersby, M|311\/311
|-damage|p1a: Diggersby|234\/311|[from] Spikes
|move|p2a: Keldeo|Substitute|p2a: Keldeo
|-fail|p2a: Keldeo|move: Substitute
|
|-heal|p2a: Keldeo|243\/323|[from] item: Leftovers
|-end|p2a: Keldeo|Encore
|turn|18
|c|+yoman5|nvm yeah too many OU mons on croven team
|c|âCroven|lol
|
|move|p1a: Diggersby|U-turn|p2a: Keldeo
|-resisted|p2a: Keldeo
|-end|p2a: Keldeo|Substitute
|
|switch|p1a: Amoonguss|Amoonguss, F|432\/432
|-damage|p1a: Amoonguss|324\/432|[from] Spikes
|move|p2a: Keldeo|Scald|p1a: Amoonguss
|-resisted|p1a: Amoonguss
|-damage|p1a: Amoonguss|243\/432
|
|-heal|p2a: Keldeo|263\/323|[from] item: Leftovers
|-heal|p1a: Amoonguss|270\/432|[from] item: Black Sludge
|turn|19
|J|darkrai147
|
|switch|p2a: Heatran|Heatran, F|385\/385
|move|p1a: Amoonguss|Giga Drain|p2a: Heatran
|-resisted|p2a: Heatran
|-damage|p2a: Heatran|371\/385
|-heal|p1a: Amoonguss|277\/432|[from] drain|[of] p2a: Heatran
|
|-heal|p2a: Heatran|385\/385|[from] item: Leftovers
|-heal|p1a: Amoonguss|304\/432|[from] item: Black Sludge
|turn|20
|
|switch|p1a: Wobbuffet|Wobbuffet, M|135\/584
|-damage|p1a: Wobbuffet|0 fnt|[from] Spikes
|faint|p1a: Wobbuffet
|move|p2a: Heatran|Stealth Rock|p1: Wobbuffet
|-sidestart|p1: Circle Hoes|move: Stealth Rock
|
|
|switch|p1a: Diggersby|Diggersby, M|234\/311
|-damage|p1a: Diggersby|157\/311|[from] Spikes
|-damage|p1a: Diggersby|138\/311|[from] Stealth Rock
|turn|21
|
|switch|p2a: Slowbro|Slowbro, F|394\/394
|move|p1a: Diggersby|Frustration|p2a: Slowbro
|-damage|p2a: Slowbro|259\/394
|
|-heal|p2a: Slowbro|283\/394|[from] item: Leftovers
|turn|22
|
|switch|p1a: Amoonguss|Amoonguss, F|432\/432
|-damage|p1a: Amoonguss|324\/432|[from] Spikes
|-damage|p1a: Amoonguss|270\/432|[from] Stealth Rock
|move|p2a: Slowbro|Psyshock|p1a: Amoonguss
|-supereffective|p1a: Amoonguss
|-damage|p1a: Amoonguss|88\/432
|
|-heal|p1a: Amoonguss|115\/432|[from] item: Black Sludge
|-heal|p2a: Slowbro|307\/394|[from] item: Leftovers
|turn|23
|
|move|p2a: Slowbro|Psyshock|p1a: Amoonguss
|-supereffective|p1a: Amoonguss
|-damage|p1a: Amoonguss|0 fnt
|faint|p1a: Amoonguss
|
|-heal|p2a: Slowbro|331\/394|[from] item: Leftovers
|
|switch|p1a: Tornadus-Therian|Tornadus-Therian, M|332\/332
|-damage|p1a: Tornadus-Therian|249\/332|[from] Stealth Rock
|turn|24
|c|+Mistress Remilia|rip
|
|move|p1a: Tornadus-Therian|Hurricane|p2a: Slowbro
|-damage|p2a: Slowbro|153\/394
|-start|p2a: Slowbro|confusion
|-activate|p2a: Slowbro|confusion
|-damage|p2a: Slowbro|136\/394|[from] confusion
|
|-heal|p2a: Slowbro|160\/394|[from] item: Leftovers
|turn|25
|c|âCroven|rip
|
|switch|p2a: Heatran|Heatran, F|385\/385
|move|p1a: Tornadus-Therian|Knock Off|p2a: Heatran
|-damage|p2a: Heatran|316\/385
|-enditem|p2a: Heatran|Leftovers|[from] move: Knock Off|[of] p1a: Tornadus-Therian
|
|turn|26
|
|switch|p1a: Slowbro|Slowbro, F|394\/394
|-damage|p1a: Slowbro|345\/394|[from] Stealth Rock
|-damage|p1a: Slowbro|247\/394|[from] Spikes
|move|p2a: Heatran|Toxic|p1a: Slowbro
|-status|p1a: Slowbro|tox
|
|-heal|p1a: Slowbro|271\/394 tox|[from] item: Leftovers
|-damage|p1a: Slowbro|247\/394 tox|[from] psn
|turn|27
|
|move|p2a: Heatran|Taunt|p1a: Slowbro
|-start|p1a: Slowbro|move: Taunt
|cant|p1a: Slowbro|move: Taunt|Thunder Wave
|
|-heal|p1a: Slowbro|271\/394 tox|[from] item: Leftovers
|-damage|p1a: Slowbro|223\/394 tox|[from] psn
|turn|28
|
|switch|p2a: Altaria|Altaria, M|353\/353
|move|p1a: Slowbro|Scald|p2a: Altaria
|-resisted|p2a: Altaria
|-damage|p2a: Altaria|312\/353
|
|-heal|p1a: Slowbro|247\/394 tox|[from] item: Leftovers
|-damage|p1a: Slowbro|175\/394 tox|[from] psn
|turn|29
|
|detailschange|p2a: Altaria|Altaria-Mega, M
|-mega|p2a: Altaria|Altaria|Altarianite
|move|p2a: Altaria|Dragon Dance|p2a: Altaria
|-boost|p2a: Altaria|atk|1
|-boost|p2a: Altaria|spe|1
|move|p1a: Slowbro|Scald|p2a: Altaria
|-resisted|p2a: Altaria
|-damage|p2a: Altaria|273\/353
|
|-heal|p1a: Slowbro|199\/394 tox|[from] item: Leftovers
|-damage|p1a: Slowbro|103\/394 tox|[from] psn
|-end|p1a: Slowbro|move: Taunt
|turn|30
|c|âCircle Hoes|gg wp
|
|move|p2a: Altaria|Dragon Dance|p2a: Altaria
|-boost|p2a: Altaria|atk|1
|-boost|p2a: Altaria|spe|1
|move|p1a: Slowbro|Thunder Wave|p2a: Altaria
|-status|p2a: Altaria|par
|
|-heal|p1a: Slowbro|127\/394 tox|[from] item: Leftovers
|-damage|p1a: Slowbro|7\/394 tox|[from] psn
|turn|31
|c|âCroven|gg
|
|move|p2a: Altaria|Heal Bell|p2a: Altaria
|-cureteam|p2a: Altaria|[from] move: HealBell
|move|p1a: Slowbro|Scald|p2a: Altaria
|-resisted|p2a: Altaria
|-damage|p2a: Altaria|228\/353
|
|-heal|p1a: Slowbro|31\/394 tox|[from] item: Leftovers
|-damage|p1a: Slowbro|0 fnt|[from] psn
|faint|p1a: Slowbro
|
|switch|p1a: Diggersby|Diggersby, M|138\/311
|-damage|p1a: Diggersby|61\/311|[from] Spikes
|-damage|p1a: Diggersby|42\/311|[from] Stealth Rock
|turn|32
|c|âCircle Hoes|1-0 gg wp
|
|move|p1a: Diggersby|Earthquake|p2a: Altaria
|-damage|p2a: Altaria|75\/353
|move|p2a: Altaria|Frustration|p1a: Diggersby
|-damage|p1a: Diggersby|0 fnt
|faint|p1a: Diggersby
|
|
|switch|p1a: Tornadus-Therian|Tornadus-Therian, M|332\/332
|-damage|p1a: Tornadus-Therian|249\/332|[from] Stealth Rock
|turn|33
|c|âCroven|yeah
|
|move|p2a: Altaria|Frustration|p1a: Tornadus-Therian
|-damage|p1a: Tornadus-Therian|0 fnt
|faint|p1a: Tornadus-Therian
|
|win|Croven
|L|Circle Hoes
|player|p1