|inactive|Battle timer is ON: inactive players will automatically lose when time's up.
|J|e7e
|J|Croven
|player|p1|e7e|102
|player|p2|Croven|101
|gametype|doubles
|gen|6
|tier|VGC 2015
|clearpoke
|poke|p1|Landorus-Therian, L50, M
|poke|p1|Kangaskhan, L50, F
|poke|p1|Thundurus, L50, M
|poke|p1|Sylveon, L50, M
|poke|p1|Bisharp, L50, M
|poke|p1|Talonflame, L50, M
|poke|p2|Tyranitar, L50, F
|poke|p2|Excadrill, L50, M
|poke|p2|Togekiss, L50, M, shiny
|poke|p2|Latios, L50, M
|poke|p2|Lucario, L50, F
|poke|p2|Rotom-Heat, L50
|rule|Species Clause: Limit one of each PokÃ©mon
|rule|Item Clause: Limit one of each item
|teampreview|4
|
|start
|switch|p1a: Landorus-Therian|Landorus-Therian, L50, M|170\/170
|switch|p1b: Kangaskhan|Kangaskhan, L50, F|181\/181
|switch|p2a: Rotom-Heat|Rotom-Heat, L50|156\/156
|switch|p2b: Lucario|Lucario, L50, F|145\/145
|-ability|p1a: Landorus-Therian|Intimidate|[of] p2a: Rotom-Heat
|-unboost|p2a: Rotom-Heat|atk|1
|-ability|p1a: Landorus-Therian|Intimidate|[of] p2b: Lucario
|-unboost|p2b: Lucario|atk|1
|turn|1
|
|detailschange|p2b: Lucario|Lucario-Mega, L50, F
|-mega|p2b: Lucario|Lucario|Lucarionite
|detailschange|p1b: Kangaskhan|Kangaskhan-Mega, L50, F
|-mega|p1b: Kangaskhan|Kangaskhan|Kangaskhanite
|move|p2a: Rotom-Heat|Protect|p2a: Rotom-Heat
|-singleturn|p2a: Rotom-Heat|Protect
|move|p1b: Kangaskhan|Fake Out|p2a: Rotom-Heat
|-activate|p2a: Rotom-Heat|Protect
|move|p1a: Landorus-Therian|Superpower|p2b: Lucario
|-supereffective|p2b: Lucario
|-damage|p2b: Lucario|0 fnt
|-unboost|p1a: Landorus-Therian|atk|1
|-unboost|p1a: Landorus-Therian|def|1
|faint|p2b: Lucario
|
|
|switch|p2b: Tyranitar|Tyranitar, L50, F|175\/175
|-weather|Sandstorm
|turn|2
|
|switch|p1a: Bisharp|Bisharp, L50, M|141\/141
|move|p2b: Tyranitar|Protect|p2b: Tyranitar
|-singleturn|p2b: Tyranitar|Protect
|move|p1b: Kangaskhan|Low Kick|p2b: Tyranitar
|-activate|p2b: Tyranitar|Protect
|move|p2a: Rotom-Heat|Will-O-Wisp|p1b: Kangaskhan
|-status|p1b: Kangaskhan|brn
|
|-weather|Sandstorm|[upkeep]
|-damage|p1b: Kangaskhan|170\/181 brn|[from] sandstorm
|-damage|p1b: Kangaskhan|148\/181 brn|[from] brn
|turn|3
|
|move|p1b: Kangaskhan|Low Kick|p2b: Tyranitar
|-supereffective|p2b: Tyranitar
|-damage|p2b: Tyranitar|39\/175
|-enditem|p2b: Tyranitar|Weakness Policy
|-boost|p2b: Tyranitar|atk|2|[from] item: Weakness Policy
|-boost|p2b: Tyranitar|spa|2|[from] item: Weakness Policy
|-supereffective|p2b: Tyranitar
|-damage|p2b: Tyranitar|0 fnt
|-hitcount|p2b: Tyranitar|2
|faint|p2b: Tyranitar
|move|p1a: Bisharp|Knock Off|p2a: Rotom-Heat
|-damage|p2a: Rotom-Heat|57\/156
|-enditem|p2a: Rotom-Heat|Safety Goggles|[from] move: Knock Off|[of] p1a: Bisharp
|move|p2a: Rotom-Heat|Overheat|p1a: Bisharp
|-supereffective|p1a: Bisharp
|-enditem|p1a: Bisharp|Focus Sash
|-damage|p1a: Bisharp|1\/141
|-unboost|p2a: Rotom-Heat|spa|2
|
|-weather|Sandstorm|[upkeep]
|-damage|p1b: Kangaskhan|137\/181 brn|[from] sandstorm
|-damage|p2a: Rotom-Heat|48\/156|[from] sandstorm
|-damage|p1b: Kangaskhan|115\/181 brn|[from] brn
|
|switch|p2b: Excadrill|Excadrill, L50, M|185\/185
|turn|4
|
|move|p2b: Excadrill|Protect|p2b: Excadrill
|-singleturn|p2b: Excadrill|Protect
|move|p1b: Kangaskhan|Sucker Punch|p2b: Excadrill
|-fail|p2b: Excadrill
|move|p1a: Bisharp|Sucker Punch|p2b: Excadrill
|-fail|p2b: Excadrill
|move|p2a: Rotom-Heat|Will-O-Wisp|p1a: Bisharp
|-status|p1a: Bisharp|brn
|
|-weather|Sandstorm|[upkeep]
|-damage|p1b: Kangaskhan|104\/181 brn|[from] sandstorm
|-damage|p2a: Rotom-Heat|39\/156|[from] sandstorm
|-damage|p1b: Kangaskhan|82\/181 brn|[from] brn
|-damage|p1a: Bisharp|0 fnt|[from] brn
|faint|p1a: Bisharp
|
|switch|p1a: Landorus-Therian|Landorus-Therian, L50, M|170\/170
|-ability|p1a: Landorus-Therian|Intimidate|[of] p2a: Rotom-Heat
|-unboost|p2a: Rotom-Heat|atk|1
|-ability|p1a: Landorus-Therian|Intimidate|[of] p2b: Excadrill
|-unboost|p2b: Excadrill|atk|1
|turn|5
|
|move|p2b: Excadrill|Protect|p2b: Excadrill
|-singleturn|p2b: Excadrill|Protect
|move|p1a: Landorus-Therian|Superpower|p2b: Excadrill
|-activate|p2b: Excadrill|Protect
|move|p1b: Kangaskhan|Double-Edge|p2a: Rotom-Heat
|-crit|p2a: Rotom-Heat
|-damage|p2a: Rotom-Heat|0 fnt
|-hitcount|p2a: Rotom-Heat|1
|-damage|p1b: Kangaskhan|69\/181 brn|[from] recoil|[of] p2a: Rotom-Heat
|faint|p2a: Rotom-Heat
|
|-weather|Sandstorm|[upkeep]
|-damage|p1b: Kangaskhan|58\/181 brn|[from] sandstorm
|-damage|p1b: Kangaskhan|36\/181 brn|[from] brn
|turn|6
|
|move|p2b: Excadrill|Iron Head|p1a: Landorus-Therian
|-damage|p1a: Landorus-Therian|92\/170
|-damage|p2b: Excadrill|167\/185|[from] item: Life Orb
|move|p1a: Landorus-Therian|Superpower|p2b: Excadrill
|-supereffective|p2b: Excadrill
|-damage|p2b: Excadrill|0 fnt
|-unboost|p1a: Landorus-Therian|atk|1
|-unboost|p1a: Landorus-Therian|def|1
|faint|p2b: Excadrill
|
|win|e7e
|c|âCroven|gg
|c|âe7e|gg