|inactive|Battle timer is ON: inactive players will automatically lose when time's up.
|J|Laga
|J|Croven
|player|p1|Laga|129
|player|p2|Croven|167
|gametype|doubles
|gen|6
|tier|VGC 2015
|clearpoke
|poke|p1|Cresselia, L50, F
|poke|p1|Mawile, L50, F
|poke|p1|Milotic, L50, F
|poke|p1|Kangaskhan, L50, F
|poke|p1|Conkeldurr, L50, M
|poke|p1|Latios, L50, M
|poke|p2|Tyranitar, L50, M
|poke|p2|Excadrill, L50, M
|poke|p2|Togekiss, L50, M, shiny
|poke|p2|Latios, L50, M
|poke|p2|Lucario, L50, F
|poke|p2|Rotom-Heat, L50
|rule|Species Clause: Limit one of each PokÃ©mon
|rule|Item Clause: Limit one of each item
|teampreview|4
|c|âLaga|hf man
|c|âLaga|:]
|J|FlamingVictini PB
|J|Cnorth26
|J|craing ;_;
|J|dadanger
|J|During Summer
|J|Alldaalts
|J|iMeridian
|J|Haunted.Shadow
|J|LiberalLucario
|J|leremyju
|c|âCroven|u2 bud
|J|Kushalos
|J|breh
|c|+During Summer|go laga *-*
|J|Lohgock
|c|âCroven|god i hate tr
|c|+Kushalos|aids user
|c|âLaga|ds n_n
|J|Geotal
|J|River Martini
|J|Lockheeed
|c|+Lohgock|Laga 3
|J|KyleCole
|J|El-Soldier
|c|+Geotal|go croven
|c|+Lohgock|'<3
|c|+Cnorth26|croven have a counter trick room
|J|nazonokusa
|c|+Cnorth26|if ur real
|J|Fortune
|J|DM35
|c|âLaga|lohgock why didnt u sign up
|c|+Fortune|croven!!
|J|sugarhigh
|c|âLaga|for this tourney
|c|âCroven|!learn rotom-h, trick room
|raw|<div class="infobox">Rotom-Heat <span class="message-learn-cannotlearn">can't<\/span> learn Trick Room<\/div>
|c|âCroven|sigh
|J|clefairy
|c|+Lohgock|what tourney ?_?
|J|Erick 17
|c|+Kushalos|laga are you in with the vgc bois now
|J|so long lonesome
|c|âCroven|vgc round robin tour
|J|ludicrousman
|c|âLaga|n
|c|âCroven|ok this is gonna be my first ever battle to beat TR
|c|âCroven|i'm gonna believe
|c|âLaga|dubs forever.
|c|+Geotal|croven why do you have a gem 5 ou team
|c|+Lohgock|i only play vgc irl
|c|âCroven|shh
|c|âCroven|>:I
|c|âLaga|lmao lohgock that makes no sense
|c|+Lohgock|why would you ever play it when you dont get something for it
|c|âLaga|there is no such things as smogdubs irl
|c|+Lohgock|it sucks ass
|c|âLaga|because
|c|âLaga|spl glory,,,,
|
|start
|switch|p1a: Cresselia|Cresselia, L50, F|227\/227
|switch|p1b: Conkeldurr|Conkeldurr, L50, M|191\/191
|switch|p2a: Tyranitar|Tyranitar, L50, M|175\/175
|switch|p2b: Togekiss|Togekiss, L50, M, shiny|192\/192
|-weather|Sandstorm
|turn|1
|J|INS jesus form
|L|KyleCole
|c|+breh|like half of those mons were either banned or bad in gen 5 OU
|L|dadanger
|c|+Lohgock|dubs >>>>>>>>>> vgc
|c|âLaga|;]
|c|âCroven|ok then can yall teach me smog dubs
|L|leremyju
|c|âCroven|:o
|c|+Cnorth26|croven use stealth rocks!
|c|âCroven|!
|c|+Lohgock|Laga is an approvd tutor
|c|âLaga|y
|c|âCroven|teach me sensei
|c|âLaga|u could sign up for smogon b101
|c|âCroven|i'm in it for vgc LOL
|c|âLaga|dubs has good tutors :o
|
|switch|p1b: Mawile|Mawile, L50, F|157\/157
|-ability|p1b: Mawile|Intimidate|[of] p2a: Tyranitar
|-unboost|p2a: Tyranitar|atk|1
|-ability|p1b: Mawile|Intimidate|[of] p2b: Togekiss
|-unboost|p2b: Togekiss|atk|1
|move|p2b: Togekiss|Follow Me|p2b: Togekiss
|move|p2a: Tyranitar|Crunch|p1a: Cresselia
|-supereffective|p1a: Cresselia
|-damage|p1a: Cresselia|143\/227
|-unboost|p1a: Cresselia|def|1
|move|p1a: Cresselia|Trick Room|p1a: Cresselia
|-fieldstart|move: Trick Room|[of] p1a: Cresselia
|
|-weather|Sandstorm|[upkeep]
|-damage|p1a: Cresselia|129\/227|[from] sandstorm
|-damage|p2b: Togekiss|180\/192|[from] sandstorm
|turn|2
|J|Dolph The Showoff
|L|Alldaalts
|L|craing ;_;
|c|+Lohgock|he makes every of his tutees better than himself
|L|clefairy
|
|switch|p1a: Conkeldurr|Conkeldurr, L50, M|191\/191
|switch|p2a: Rotom-Heat|Rotom-Heat, L50|156\/156
|detailschange|p1b: Mawile|Mawile-Mega, L50, F
|-mega|p1b: Mawile|Mawile|Mawilite
|move|p2b: Togekiss|Protect|p2b: Togekiss
|-singleturn|p2b: Togekiss|Protect
|move|p1b: Mawile|Substitute|p1b: Mawile
|-start|p1b: Mawile|Substitute
|-damage|p1b: Mawile|118\/157
|
|-weather|Sandstorm|[upkeep]
|-damage|p1a: Conkeldurr|180\/191|[from] sandstorm
|-damage|p2b: Togekiss|168\/192|[from] sandstorm
|turn|3
|c|+Lohgock|what a god
|c|âLaga|lohgock pls
|c|âLaga|what is ur record
|c|âLaga|in spl
|c|âLaga|currently?
|c|+Lohgock|blabla
|c|âCroven|lol
|c|âLaga|;]
|
|move|p1a: Conkeldurr|Ice Punch|p2b: Togekiss
|-supereffective|p2b: Togekiss
|-damage|p2b: Togekiss|96\/192
|-status|p2b: Togekiss|frz
|-enditem|p2b: Togekiss|Sitrus Berry|[eat]
|-heal|p2b: Togekiss|144\/192 frz|[from] item: Sitrus Berry
|move|p1b: Mawile|Play Rough|p2b: Togekiss
|-damage|p2b: Togekiss|35\/192 frz
|-curestatus|p2b: Togekiss|frz
|move|p2b: Togekiss|Air Slash|p1a: Conkeldurr
|-supereffective|p1a: Conkeldurr
|-damage|p1a: Conkeldurr|84\/191
|move|p2a: Rotom-Heat|Thunderbolt|p1b: Mawile
|-end|p1b: Mawile|Substitute
|
|-weather|Sandstorm|[upkeep]
|-damage|p1a: Conkeldurr|73\/191|[from] sandstorm
|-damage|p2b: Togekiss|23\/192|[from] sandstorm
|turn|4
|c|+Lohgock|see why his tutee are better than him
|c|+Fortune|hax!!!!
|c|+Lohgock|he only cares about records
|c|âLaga|lol.
|c|+Lohgock|tss
|c|+Cnorth26|big damage
|J|sfefesfse
|
|switch|p1b: Cresselia|Cresselia, L50, F|129\/227
|move|p2b: Togekiss|Protect|p2b: Togekiss
|-singleturn|p2b: Togekiss|Protect
|move|p1a: Conkeldurr|Drain Punch|p2a: Rotom-Heat
|-damage|p2a: Rotom-Heat|84\/156
|-heal|p1a: Conkeldurr|109\/191|[from] drain|[of] p2a: Rotom-Heat
|move|p2a: Rotom-Heat|Thunderbolt|p1b: Cresselia
|-damage|p1b: Cresselia|90\/227
|-enditem|p1b: Cresselia|Sitrus Berry|[eat]
|-heal|p1b: Cresselia|146\/227|[from] item: Sitrus Berry
|
|-weather|Sandstorm|[upkeep]
|-damage|p1a: Conkeldurr|98\/191|[from] sandstorm
|-damage|p1b: Cresselia|132\/227|[from] sandstorm
|-damage|p2b: Togekiss|11\/192|[from] sandstorm
|turn|5
|c|âCroven|perdicted
|L|sfefesfse
|
|switch|p2b: Tyranitar|Tyranitar, L50, M|175\/175
|move|p1a: Conkeldurr|Drain Punch|p2a: Rotom-Heat
|-damage|p2a: Rotom-Heat|12\/156
|-heal|p1a: Conkeldurr|134\/191|[from] drain|[of] p2a: Rotom-Heat
|move|p1b: Cresselia|Psychic|p2b: Tyranitar
|-immune|p2b: Tyranitar|[msg]
|move|p2a: Rotom-Heat|Thunderbolt|p1a: Conkeldurr
|-damage|p1a: Conkeldurr|88\/191
|
|-weather|none
|-fieldend|move: Trick Room
|turn|6
|L|ludicrousman
|L|Kushalos
|L|During Summer
|J|Raffaelek1ng
|
|move|p2a: Rotom-Heat|Protect|p2a: Rotom-Heat
|-singleturn|p2a: Rotom-Heat|Protect
|move|p1a: Conkeldurr|Mach Punch|p2a: Rotom-Heat
|-activate|p2a: Rotom-Heat|Protect
|move|p2b: Tyranitar|Crunch|p1b: Cresselia
|-crit|p1b: Cresselia
|-supereffective|p1b: Cresselia
|-damage|p1b: Cresselia|0 fnt
|faint|p1b: Cresselia
|
|c|âCroven|sorry
|c|âLaga|ah
|c|âCroven|:\/
|c|âLaga|it's fine
|c|+Cnorth26|ooh nice crit
|
|switch|p1b: Mawile|Mawile-Mega, L50, F|118\/157
|turn|7
|
|switch|p2a: Togekiss|Togekiss, L50, M, shiny|11\/192
|move|p1a: Conkeldurr|Mach Punch|p2a: Togekiss
|-resisted|p2a: Togekiss
|-damage|p2a: Togekiss|4\/192
|move|p2b: Tyranitar|Rock Slide|p1b: Mawile
|-resisted|p1a: Conkeldurr
|-damage|p1a: Conkeldurr|63\/191
|-resisted|p1b: Mawile
|-damage|p1b: Mawile|94\/157
|move|p1b: Mawile|Play Rough|p2b: Tyranitar
|-supereffective|p2b: Tyranitar
|-damage|p2b: Tyranitar|0 fnt
|faint|p2b: Tyranitar
|
|
|switch|p2b: Latios|Latios, L50, M|160\/160
|turn|8
|c|âCroven|oops
|c|âCroven|:<
|L|Raffaelek1ng
|
|move|p2a: Togekiss|Follow Me|p2a: Togekiss
|move|p1a: Conkeldurr|Mach Punch|p2a: Togekiss
|-resisted|p2a: Togekiss
|-damage|p2a: Togekiss|0 fnt
|faint|p2a: Togekiss
|move|p2b: Latios|Psychic|p1a: Conkeldurr
|-supereffective|p1a: Conkeldurr
|-damage|p1a: Conkeldurr|0 fnt
|faint|p1a: Conkeldurr
|move|p1b: Mawile|Play Rough|p2b: Latios
|-supereffective|p2b: Latios
|-damage|p2b: Latios|0 fnt
|faint|p2b: Latios
|
|c|âCroven|gg
|c|âLaga|gg
|c|+breh|why follow me
|c|âLaga|matchup was
|c|âLaga|in my favor
|c|âCroven|eh i misplayed
|c|âCroven|i accidentally
|c|âCroven|hit latios
|c|âCroven|instead of rotom
|c|âCroven|LOL
|L|Haunted.Shadow
|c|âLaga|:p
|
|switch|p1a: Milotic|Milotic, L50, F|202\/202
|switch|p2b: Rotom-Heat|Rotom-Heat, L50|12\/156
|turn|9
|c|+Fortune|croven :[
|L|River Martini
|c|âCroven|:[ im out of this tour i guess
|
|move|p1b: Mawile|Sucker Punch|p2b: Rotom-Heat
|-damage|p2b: Rotom-Heat|0 fnt
|faint|p2b: Rotom-Heat
|
|win|Laga
|c|âCroven|gg
|c|âLaga|gg
|L|Erick 17