|join|FUCKINGDCs93
|join|Avatar Karin
|player|p1|FUCKINGDCs93|125
|player|p2|Avatar Karin|148
|gametype|singles
|gen|6
|tier|OU
|rated
|clearpoke
|poke|p1|Vaporeon, F, shiny
|poke|p1|Mr. Mime, F, shiny
|poke|p1|Sylveon, F, shiny
|poke|p1|Espeon, F, shiny
|poke|p1|Smeargle, F, shiny
|poke|p1|Scolipede, F, shiny
|poke|p2|Rotom-Heat
|poke|p2|Keldeo
|poke|p2|Tyranitar, F
|poke|p2|Excadrill, F
|poke|p2|Togekiss, M
|poke|p2|Ditto
|rule|Sleep Clause Mod: Limit one foe put to sleep
|rule|Species Clause: Limit one of each Pokemon
|rule|OHKO Clause: OHKO moves are banned
|rule|Moody Clause: Moody is banned
|rule|Evasion Moves Clause: Evasion moves are banned
|rule|Endless Battle Clause: Forcing endless battles is banned.
|rule|HP Percentage Mod: HP is reported as percentages
|teampreview
|
|start
|switch|p1a: Scolipede|Scolipede, F, shiny|321\/321
|switch|p2a: Tyranitar|Tyranitar, F|341\/341
|-weather|Sandstorm
|turn|1
|
|-formechange|p2a: Tyranitar|Tyranitar-Mega
|message|Tyranitar has Mega Evolved into Mega Tyranitar!
|move|p1a: Scolipede|Substitute|p1a: Scolipede
|-start|p1a: Scolipede|Substitute
|-damage|p1a: Scolipede|241\/321
|move|p2a: Tyranitar|Dragon Dance|p2a: Tyranitar
|-boost|p2a: Tyranitar|atk|1
|-boost|p2a: Tyranitar|spe|1
|
|-weather|Sandstorm|[upkeep]
|-damage|p1a: Scolipede|221\/321|[from] sandstorm
|-boost|p1a: Scolipede|spe|1|[from] ability: Speed Boost
|turn|2
|
|move|p1a: Scolipede|Iron Defense|p1a: Scolipede
|-boost|p1a: Scolipede|def|2
|move|p2a: Tyranitar|Crunch|p1a: Scolipede
|-crit|p1a: Scolipede
|-end|p1a: Scolipede|Substitute
|
|-weather|Sandstorm|[upkeep]
|-damage|p1a: Scolipede|201\/321|[from] sandstorm
|-boost|p1a: Scolipede|spe|1|[from] ability: Speed Boost
|turn|3
|
|move|p1a: Scolipede|Substitute|p1a: Scolipede
|-start|p1a: Scolipede|Substitute
|-damage|p1a: Scolipede|121\/321
|move|p2a: Tyranitar|Crunch|p1a: Scolipede
|-end|p1a: Scolipede|Substitute
|
|-weather|Sandstorm|[upkeep]
|-damage|p1a: Scolipede|101\/321|[from] sandstorm
|-boost|p1a: Scolipede|spe|1|[from] ability: Speed Boost
|turn|4
|
|move|p1a: Scolipede|Baton Pass|p1a: Scolipede
|
|switch|p1a: Vaporeon|Vaporeon, F, shiny|449\/449
|move|p2a: Tyranitar|Dragon Dance|p2a: Tyranitar
|-boost|p2a: Tyranitar|atk|1
|-boost|p2a: Tyranitar|spe|1
|
|-weather|Sandstorm|[upkeep]
|-damage|p1a: Vaporeon|421\/449|[from] sandstorm
|-heal|p1a: Vaporeon|449\/449|[from] item: Leftovers
|turn|5
|
|move|p2a: Tyranitar|Crunch|p1a: Vaporeon
|-damage|p1a: Vaporeon|284\/449
|move|p1a: Vaporeon|Roar|p2a: Tyranitar
|drag|p2a: Excadrill|Excadrill, F|361\/361
|-ability|p2a: Excadrill|Mold Breaker
|
|-weather|none
|-heal|p1a: Vaporeon|312\/449|[from] item: Leftovers
|turn|6
|
|move|p1a: Vaporeon|Substitute|p1a: Vaporeon
|-start|p1a: Vaporeon|Substitute
|-damage|p1a: Vaporeon|200\/449
|move|p2a: Excadrill|Stealth Rock|p1a: Vaporeon
|-sidestart|p1: FUCKINGDCs93|move: Stealth Rock
|
|-heal|p1a: Vaporeon|228\/449|[from] item: Leftovers
|turn|7
|
|move|p1a: Vaporeon|Acid Armor|p1a: Vaporeon
|-boost|p1a: Vaporeon|def|2
|move|p2a: Excadrill|Earthquake|p1a: Vaporeon
|-activate|p1a: Vaporeon|Substitute|[damage]
|
|-heal|p1a: Vaporeon|256\/449|[from] item: Leftovers
|turn|8
|
|move|p1a: Vaporeon|Acid Armor|p1a: Vaporeon
|-boost|p1a: Vaporeon|def|2
|move|p2a: Excadrill|Earthquake|p1a: Vaporeon
|-activate|p1a: Vaporeon|Substitute|[damage]
|
|-heal|p1a: Vaporeon|284\/449|[from] item: Leftovers
|turn|9
|
|move|p1a: Vaporeon|Baton Pass|p1a: Vaporeon
|
|switch|p1a: Smeargle|Smeargle, F, shiny|273\/273
|-damage|p1a: Smeargle|239\/273|[from] Stealth Rock
|move|p2a: Excadrill|Earthquake|p1a: Smeargle
|-end|p1a: Smeargle|Substitute
|
|turn|10
|
|move|p1a: Smeargle|Spore|p2a: Excadrill
|-status|p2a: Excadrill|slp
|-enditem|p2a: Excadrill|Lum Berry|[eat]
|-curestatus|p2a: Excadrill|slp
|move|p2a: Excadrill|Earthquake|p1a: Smeargle
|-damage|p1a: Smeargle|160\/273
|
|turn|11
|
|move|p1a: Smeargle|Spore|p2a: Excadrill
|-status|p2a: Excadrill|slp
|cant|p2a: Excadrill|slp
|
|turn|12
|
|switch|p2a: Togekiss|Togekiss, M|311\/311
|move|p1a: Smeargle|Baton Pass|p1a: Smeargle
|
|switch|p1a: Mr. Mime|Mr. Mime, F, shiny|283\/283
|-damage|p1a: Mr. Mime|248\/283|[from] Stealth Rock
|
|-heal|p1a: Mr. Mime|265\/283|[from] item: Leftovers
|turn|13
|
|move|p1a: Mr. Mime|Substitute|p1a: Mr. Mime
|-start|p1a: Mr. Mime|Substitute
|-damage|p1a: Mr. Mime|195\/283
|move|p2a: Togekiss|Dazzling Gleam|p1a: Mr. Mime
|-end|p1a: Mr. Mime|Substitute
|
|-heal|p1a: Mr. Mime|212\/283|[from] item: Leftovers
|turn|14
|
|move|p1a: Mr. Mime|Calm Mind|p1a: Mr. Mime
|-boost|p1a: Mr. Mime|spa|1
|-boost|p1a: Mr. Mime|spd|1
|move|p2a: Togekiss|Dazzling Gleam|p1a: Mr. Mime
|-damage|p1a: Mr. Mime|154\/283
|
|-heal|p1a: Mr. Mime|171\/283|[from] item: Leftovers
|turn|15
|
|move|p1a: Mr. Mime|Substitute|p1a: Mr. Mime
|-start|p1a: Mr. Mime|Substitute
|-damage|p1a: Mr. Mime|101\/283
|move|p2a: Togekiss|Dazzling Gleam|p1a: Mr. Mime
|-activate|p1a: Mr. Mime|Substitute|[damage]
|
|-heal|p1a: Mr. Mime|118\/283|[from] item: Leftovers
|turn|16
|
|move|p1a: Mr. Mime|Baton Pass|p1a: Mr. Mime
|
|switch|p1a: Espeon|Espeon, F, shiny|333\/333
|-damage|p1a: Espeon|292\/333|[from] Stealth Rock
|move|p2a: Togekiss|Dazzling Gleam|p1a: Espeon
|-end|p1a: Espeon|Substitute
|
|-heal|p1a: Espeon|312\/333|[from] item: Leftovers
|turn|17
|
|switch|p2a: Tyranitar|Tyranitar, F|341\/341
|-formechange|p2a: Tyranitar|Tyranitar-Mega
|-weather|Sandstorm
|move|p1a: Espeon|Substitute|p1a: Espeon
|-start|p1a: Espeon|Substitute
|-damage|p1a: Espeon|229\/333
|
|-weather|Sandstorm|[upkeep]
|-damage|p1a: Espeon|209\/333|[from] sandstorm
|-heal|p1a: Espeon|229\/333|[from] item: Leftovers
|turn|18
|
|move|p1a: Espeon|Calm Mind|p1a: Espeon
|-boost|p1a: Espeon|spa|1
|-boost|p1a: Espeon|spd|1
|move|p2a: Tyranitar|Crunch|p1a: Espeon
|-supereffective|p1a: Espeon
|-end|p1a: Espeon|Substitute
|
|-weather|Sandstorm|[upkeep]
|-damage|p1a: Espeon|209\/333|[from] sandstorm
|-heal|p1a: Espeon|229\/333|[from] item: Leftovers
|turn|19
|
|move|p1a: Espeon|Baton Pass|p1a: Espeon
|
|switch|p1a: Vaporeon|Vaporeon, F, shiny|284\/449
|-damage|p1a: Vaporeon|228\/449|[from] Stealth Rock
|move|p2a: Tyranitar|Crunch|p1a: Vaporeon
|-damage|p1a: Vaporeon|189\/449
|
|-weather|Sandstorm|[upkeep]
|-damage|p1a: Vaporeon|161\/449|[from] sandstorm
|-heal|p1a: Vaporeon|189\/449|[from] item: Leftovers
|turn|20
|
|move|p1a: Vaporeon|Substitute|p1a: Vaporeon
|-start|p1a: Vaporeon|Substitute
|-damage|p1a: Vaporeon|77\/449
|move|p2a: Tyranitar|Dragon Dance|p2a: Tyranitar
|-boost|p2a: Tyranitar|atk|1
|-boost|p2a: Tyranitar|spe|1
|
|-weather|Sandstorm|[upkeep]
|-damage|p1a: Vaporeon|49\/449|[from] sandstorm
|-heal|p1a: Vaporeon|77\/449|[from] item: Leftovers
|turn|21
|
|move|p2a: Tyranitar|Crunch|p1a: Vaporeon
|-activate|p1a: Vaporeon|Substitute|[damage]
|move|p1a: Vaporeon|Roar|p2a: Tyranitar
|drag|p2a: Keldeo|Keldeo|323\/323
|
|-weather|none
|-heal|p1a: Vaporeon|105\/449|[from] item: Leftovers
|turn|22
|
|move|p1a: Vaporeon|Baton Pass|p1a: Vaporeon
|
|switch|p1a: FAIRY METEOR|Sylveon, F, shiny|385\/385
|-damage|p1a: FAIRY METEOR|337\/385|[from] Stealth Rock
|move|p2a: Keldeo|Secret Sword|p1a: FAIRY METEOR
|-resisted|p1a: FAIRY METEOR
|-activate|p1a: FAIRY METEOR|Substitute|[damage]
|
|-heal|p1a: FAIRY METEOR|361\/385|[from] item: Leftovers
|turn|23
|
|move|p1a: FAIRY METEOR|Hyper Voice|p2a: Keldeo
|-supereffective|p2a: Keldeo
|-damage|p2a: Keldeo|0 fnt
|faint|p2a: Keldeo
|
|-heal|p1a: FAIRY METEOR|385\/385|[from] item: Leftovers
|chat|FUCKINGDCs93|Game over
|
|switch|p2a: Rotom-Heat|Rotom-Heat|304\/304
|turn|24
|
|move|p1a: FAIRY METEOR|Stored Power|p2a: Rotom-Heat
|-damage|p2a: Rotom-Heat|0 fnt
|faint|p2a: Rotom-Heat
|
|
|switch|p2a: Excadrill|Excadrill, F|361\/361 slp
|-ability|p2a: Excadrill|Mold Breaker
|turn|25
|
|move|p1a: FAIRY METEOR|Stored Power|p2a: Excadrill
|-resisted|p2a: Excadrill
|-damage|p2a: Excadrill|127\/361 slp
|cant|p2a: Excadrill|slp
|
|turn|26
|
|move|p1a: FAIRY METEOR|Hyper Voice|p2a: Excadrill
|-resisted|p2a: Excadrill
|-damage|p2a: Excadrill|0 fnt
|faint|p2a: Excadrill
|
|
|switch|p2a: Ditto|Ditto|300\/300
|turn|27
|-message|Avatar Karin forfeited.
|
|win|FUCKINGDCs93
|raw|Ladder updating...
|leave|Avatar Karin
|player|p2
|raw|FUCKINGDCs93's rating: 1497 &rarr; <strong>1519<\/strong><br \/>(+22 for winning)
|raw|Avatar Karin's rating: 1533 &rarr; <strong>1511<\/strong><br \/>(-22 for losing)