|join|nigapleez
|join|Avatar Karin
|player|p1|nigapleez|273
|player|p2|Avatar Karin|190
|gametype|singles
|gen|6
|tier|OU
|rated
|clearpoke
|poke|p1|Tyranitar, F
|poke|p1|Excadrill, F
|poke|p1|Greninja, F
|poke|p1|Landorus, M
|poke|p1|Talonflame, F
|poke|p1|Scizor, F
|poke|p2|Braviary, M
|poke|p2|Gardevoir, M
|poke|p2|Goodra, M
|poke|p2|Skarmory, M
|poke|p2|Weavile, M
|poke|p2|Keldeo
|rule|Swagger Clause: Swagger is banned
|rule|Baton Pass Clause: Limit one PokÃ©mon knowing Baton Pass
|rule|Sleep Clause Mod: Limit one foe put to sleep
|rule|Species Clause: Limit one of each PokÃ©mon
|rule|OHKO Clause: OHKO moves are banned
|rule|Moody Clause: Moody is banned
|rule|Evasion Moves Clause: Evasion moves are banned
|rule|Endless Battle Clause: Forcing endless battles is banned
|rule|HP Percentage Mod: HP is reported as percentages
|teampreview
|chat|nigapleez|counters charizard x
|chat|nigapleez|fuck braviary, that thing destroyed last gen in NU lol
|
|start
|switch|p1a: Tyranitar|Tyranitar, F|342\/342
|switch|p2a: Gardevoir|Gardevoir, M|277\/277
|-ability|p2a: Gardevoir|Sand Stream|[from] ability: Trace|[of] p1a: Tyranitar
|-weather|Sandstorm
|turn|1
|
|move|p2a: Gardevoir|Will-O-Wisp|p1a: Tyranitar
|-status|p1a: Tyranitar|brn
|move|p1a: Tyranitar|Stealth Rock|p2a: Gardevoir
|-sidestart|p2: Avatar Karin|move: Stealth Rock
|
|-weather|Sandstorm|[upkeep]
|-damage|p2a: Gardevoir|260\/277|[from] sandstorm
|-damage|p1a: Tyranitar|300\/342 brn|[from] brn
|turn|2
|
|switch|p2a: Skarmory|Skarmory, M|334\/334
|-damage|p2a: Skarmory|293\/334|[from] Stealth Rock
|move|p1a: Tyranitar|Crunch|p2a: Skarmory
|-damage|p2a: Skarmory|256\/334
|
|-weather|Sandstorm|[upkeep]
|-heal|p2a: Skarmory|276\/334|[from] item: Leftovers
|-damage|p1a: Tyranitar|258\/342 brn|[from] brn
|turn|3
|
|move|p1a: Tyranitar|Fire Blast|p2a: Skarmory|[miss]
|-miss|p1a: Tyranitar|p2a: Skarmory
|move|p2a: Skarmory|Defog|p1a: Tyranitar
|-unboost|p1a: Tyranitar|evasion|1
|-sideend|p2: Avatar Karin|Stealth Rock|[from] move: Defog|[of] p2a: Skarmory
|
|-weather|Sandstorm|[upkeep]
|-heal|p2a: Skarmory|296\/334|[from] item: Leftovers
|-damage|p1a: Tyranitar|216\/342 brn|[from] brn
|turn|4
|
|move|p1a: Tyranitar|Stealth Rock|p2a: Skarmory
|-sidestart|p2: Avatar Karin|move: Stealth Rock
|move|p2a: Skarmory|Stealth Rock|p1a: Tyranitar
|-sidestart|p1: nigapleez|move: Stealth Rock
|
|-weather|Sandstorm|[upkeep]
|-heal|p2a: Skarmory|316\/334|[from] item: Leftovers
|-damage|p1a: Tyranitar|174\/342 brn|[from] brn
|turn|5
|
|switch|p2a: Keldeo|Keldeo|322\/322
|-damage|p2a: Keldeo|302\/322|[from] Stealth Rock
|move|p1a: Tyranitar|Fire Blast|p2a: Keldeo
|-resisted|p2a: Keldeo
|-damage|p2a: Keldeo|248\/322
|
|-weather|none
|-damage|p1a: Tyranitar|132\/342 brn|[from] brn
|turn|6
|
|move|p2a: Keldeo|Scald|p1a: Tyranitar
|-supereffective|p1a: Tyranitar
|-damage|p1a: Tyranitar|0 fnt
|faint|p1a: Tyranitar
|
|
|switch|p1a: Greninja|Greninja, F|286\/286
|-damage|p1a: Greninja|251\/286|[from] Stealth Rock
|turn|7
|
|switch|p2a: Weavile|Weavile, M|281\/281
|-damage|p2a: Weavile|211\/281|[from] Stealth Rock
|-ability|p2a: Weavile|Pressure
|move|p1a: Greninja|Extrasensory|p2a: Weavile
|-immune|p2a: Weavile|[msg]
|
|turn|8
|
|switch|p2a: Keldeo|Keldeo|248\/322
|-damage|p2a: Keldeo|228\/322|[from] Stealth Rock
|switch|p1a: Scizor|Scizor, F|344\/344
|-damage|p1a: Scizor|301\/344|[from] Stealth Rock
|
|turn|9
|
|detailschange|p1a: Scizor|Scizor-Mega, F
|message|Scizor has Mega Evolved into Mega Scizor!
|move|p2a: Keldeo|Scald|p1a: Scizor
|-damage|p1a: Scizor|130\/344
|move|p1a: Scizor|Roost|p1a: Scizor
|-heal|p1a: Scizor|302\/344
|
|turn|10
|
|move|p2a: Keldeo|Scald|p1a: Scizor
|-damage|p1a: Scizor|125\/344
|move|p1a: Scizor|Swords Dance|p1a: Scizor
|-boost|p1a: Scizor|atk|2
|
|turn|11
|
|move|p1a: Scizor|Bullet Punch|p2a: Keldeo
|-resisted|p2a: Keldeo
|-damage|p2a: Keldeo|116\/322
|move|p2a: Keldeo|Scald|p1a: Scizor
|-damage|p1a: Scizor|0 fnt
|faint|p1a: Scizor
|
|
|switch|p1a: Greninja|Greninja, F|251\/286
|-damage|p1a: Greninja|216\/286|[from] Stealth Rock
|turn|12
|
|move|p1a: Greninja|Hydro Pump|p2a: Keldeo
|-start|p1a: Greninja|typechange|Water|[from] Protean
|-resisted|p2a: Keldeo
|-damage|p2a: Keldeo|0 fnt
|-damage|p1a: Greninja|188\/286|[from] item: Life Orb
|faint|p2a: Keldeo
|
|
|switch|p2a: Weavile|Weavile, M|211\/281
|-damage|p2a: Weavile|141\/281|[from] Stealth Rock
|-ability|p2a: Weavile|Pressure
|turn|13
|
|move|p2a: Weavile|Knock Off|p1a: Greninja
|-damage|p1a: Greninja|0 fnt
|-enditem|p1a: Greninja|Life Orb|[from] move: Knock Off|[of] p2a: Weavile
|-damage|p2a: Weavile|113\/281|[from] item: Life Orb
|faint|p1a: Greninja
|
|
|switch|p1a: Excadrill|Excadrill, F|362\/362
|-damage|p1a: Excadrill|351\/362|[from] Stealth Rock
|turn|14
|
|switch|p2a: Skarmory|Skarmory, M|316\/334
|-damage|p2a: Skarmory|275\/334|[from] Stealth Rock
|move|p1a: Excadrill|Rapid Spin|p2a: Skarmory
|-resisted|p2a: Skarmory
|-damage|p2a: Skarmory|265\/334
|-sideend|p1: nigapleez|Stealth Rock|[from] move: Rapid Spin|[of] p1a: Excadrill
|-damage|p1a: Excadrill|315\/362|[from] item: Life Orb
|
|-heal|p2a: Skarmory|285\/334|[from] item: Leftovers
|turn|15
|
|switch|p1a: Landorus|Landorus, M|320\/320
|move|p2a: Skarmory|Defog|p1a: Landorus
|-unboost|p1a: Landorus|evasion|1
|-sideend|p2: Avatar Karin|Stealth Rock|[from] move: Defog|[of] p2a: Skarmory
|
|-heal|p2a: Skarmory|305\/334|[from] item: Leftovers
|turn|16
|
|move|p1a: Landorus|Focus Blast|p2a: Skarmory|[miss]
|-miss|p1a: Landorus|p2a: Skarmory
|move|p2a: Skarmory|Stealth Rock|p1a: Landorus
|-sidestart|p1: nigapleez|move: Stealth Rock
|
|-heal|p2a: Skarmory|325\/334|[from] item: Leftovers
|turn|17
|
|switch|p2a: Goodra|Goodra, M|321\/321
|move|p1a: Landorus|Calm Mind|p1a: Landorus
|-boost|p1a: Landorus|spa|1
|-boost|p1a: Landorus|spd|1
|
|turn|18
|
|move|p1a: Landorus|Earth Power|p2a: Goodra
|-damage|p2a: Goodra|146\/321
|move|p2a: Goodra|Muddy Water|p1a: Landorus
|-supereffective|p1a: Landorus
|-damage|p1a: Landorus|156\/320
|
|turn|19
|
|switch|p2a: Braviary|Braviary, M|341\/341
|move|p1a: Landorus|Focus Blast|p2a: Braviary|[miss]
|-miss|p1a: Landorus|p2a: Braviary
|
|turn|20
|
|move|p2a: Braviary|Brave Bird|p1a: Landorus
|-crit|p1a: Landorus
|-damage|p1a: Landorus|0 fnt
|-damage|p2a: Braviary|290\/341|[from] recoil|[of] p1a: Landorus
|faint|p1a: Landorus
|
|
|switch|p1a: Excadrill|Excadrill, F|315\/362
|-damage|p1a: Excadrill|304\/362|[from] Stealth Rock
|turn|21
|
|switch|p2a: Skarmory|Skarmory, M|325\/334
|move|p1a: Excadrill|Rapid Spin|p2a: Skarmory
|-resisted|p2a: Skarmory
|-damage|p2a: Skarmory|315\/334
|-sideend|p1: nigapleez|Stealth Rock|[from] move: Rapid Spin|[of] p1a: Excadrill
|-damage|p1a: Excadrill|268\/362|[from] item: Life Orb
|
|-heal|p2a: Skarmory|334\/334|[from] item: Leftovers
|turn|22
|
|move|p1a: Excadrill|Rapid Spin|p2a: Skarmory
|-resisted|p2a: Skarmory
|-damage|p2a: Skarmory|322\/334
|-damage|p1a: Excadrill|232\/362|[from] item: Life Orb
|move|p2a: Skarmory|Stealth Rock|p1a: Excadrill
|-sidestart|p1: nigapleez|move: Stealth Rock
|
|-heal|p2a: Skarmory|334\/334|[from] item: Leftovers
|turn|23
|
|move|p1a: Excadrill|Rapid Spin|p2a: Skarmory
|-crit|p2a: Skarmory
|-resisted|p2a: Skarmory
|-damage|p2a: Skarmory|317\/334
|-sideend|p1: nigapleez|Stealth Rock|[from] move: Rapid Spin|[of] p1a: Excadrill
|-damage|p1a: Excadrill|196\/362|[from] item: Life Orb
|move|p2a: Skarmory|Stealth Rock|p1a: Excadrill
|-sidestart|p1: nigapleez|move: Stealth Rock
|
|-heal|p2a: Skarmory|334\/334|[from] item: Leftovers
|turn|24
|
|move|p1a: Excadrill|Rapid Spin|p2a: Skarmory
|-resisted|p2a: Skarmory
|-damage|p2a: Skarmory|324\/334
|-sideend|p1: nigapleez|Stealth Rock|[from] move: Rapid Spin|[of] p1a: Excadrill
|-damage|p1a: Excadrill|160\/362|[from] item: Life Orb
|move|p2a: Skarmory|Stealth Rock|p1a: Excadrill
|-sidestart|p1: nigapleez|move: Stealth Rock
|
|-heal|p2a: Skarmory|334\/334|[from] item: Leftovers
|turn|25
|
|move|p1a: Excadrill|Rapid Spin|p2a: Skarmory
|-resisted|p2a: Skarmory
|-damage|p2a: Skarmory|321\/334
|-sideend|p1: nigapleez|Stealth Rock|[from] move: Rapid Spin|[of] p1a: Excadrill
|-damage|p1a: Excadrill|124\/362|[from] item: Life Orb
|move|p2a: Skarmory|Stealth Rock|p1a: Excadrill
|-sidestart|p1: nigapleez|move: Stealth Rock
|
|-heal|p2a: Skarmory|334\/334|[from] item: Leftovers
|turn|26
|
|move|p1a: Excadrill|Rock Slide|p2a: Skarmory
|-damage|p2a: Skarmory|250\/334
|-damage|p1a: Excadrill|88\/362|[from] item: Life Orb
|move|p2a: Skarmory|Stealth Rock|p1a: Excadrill
|-fail|p1a: Excadrill
|
|-heal|p2a: Skarmory|270\/334|[from] item: Leftovers
|turn|27
|
|move|p1a: Excadrill|Rock Slide|p2a: Skarmory
|-damage|p2a: Skarmory|189\/334
|-damage|p1a: Excadrill|52\/362|[from] item: Life Orb
|move|p2a: Skarmory|Stealth Rock|p1a: Excadrill
|-fail|p1a: Excadrill
|
|-heal|p2a: Skarmory|209\/334|[from] item: Leftovers
|turn|28
|
|move|p1a: Excadrill|Earthquake|p2a: Skarmory
|-immune|p2a: Skarmory|[msg]
|move|p2a: Skarmory|Stealth Rock|p1a: Excadrill
|-fail|p1a: Excadrill
|
|-heal|p2a: Skarmory|229\/334|[from] item: Leftovers
|turn|29
|
|move|p1a: Excadrill|Rock Slide|p2a: Skarmory
|-damage|p2a: Skarmory|137\/334
|-damage|p1a: Excadrill|16\/362|[from] item: Life Orb
|move|p2a: Skarmory|Stealth Rock|p1a: Excadrill
|-fail|p1a: Excadrill
|
|-heal|p2a: Skarmory|157\/334|[from] item: Leftovers
|turn|30
|
|move|p1a: Excadrill|Rock Slide|p2a: Skarmory
|-damage|p2a: Skarmory|67\/334
|-damage|p1a: Excadrill|0 fnt|[from] item: Life Orb
|faint|p1a: Excadrill
|move|p2a: Skarmory|Stealth Rock|p1: Excadrill
|-fail|p1: Excadrill
|
|-heal|p2a: Skarmory|87\/334|[from] item: Leftovers
|
|switch|p1a: Talonflame|Talonflame, F|307\/307
|-damage|p1a: Talonflame|154\/307|[from] Stealth Rock
|turn|31
|
|move|p1a: Talonflame|Roost|p1a: Talonflame
|-heal|p1a: Talonflame|307\/307
|move|p2a: Skarmory|Roost|p2a: Skarmory
|-heal|p2a: Skarmory|254\/334
|
|-heal|p2a: Skarmory|274\/334|[from] item: Leftovers
|turn|32
|
|switch|p2a: Goodra|Goodra, M|146\/321
|move|p1a: Talonflame|Swords Dance|p1a: Talonflame
|-boost|p1a: Talonflame|atk|2
|
|turn|33
|
|move|p1a: Talonflame|Brave Bird|p2a: Goodra
|-damage|p2a: Goodra|0 fnt
|-damage|p1a: Talonflame|259\/307|[from] recoil|[of] p2a: Goodra
|faint|p2a: Goodra
|
|
|switch|p2a: Braviary|Braviary, M|290\/341
|turn|34
|
|move|p1a: Talonflame|Brave Bird|p2a: Braviary
|-damage|p2a: Braviary|0 fnt
|-damage|p1a: Talonflame|163\/307|[from] recoil|[of] p2a: Braviary
|faint|p2a: Braviary
|
|
|switch|p2a: Gardevoir|Gardevoir, M|260\/277
|-ability|p2a: Gardevoir|Gale Wings|[from] ability: Trace|[of] p1a: Talonflame
|turn|35
|
|move|p1a: Talonflame|Roost|p1a: Talonflame
|-heal|p1a: Talonflame|307\/307
|move|p2a: Gardevoir|Psyshock|p1a: Talonflame
|-damage|p1a: Talonflame|126\/307
|
|turn|36
|
|detailschange|p2a: Gardevoir|Gardevoir-Mega, M
|message|Gardevoir has Mega Evolved into Mega Gardevoir!
|move|p1a: Talonflame|Brave Bird|p2a: Gardevoir
|-crit|p2a: Gardevoir
|-damage|p2a: Gardevoir|0 fnt
|-damage|p1a: Talonflame|40\/307|[from] recoil|[of] p2a: Gardevoir
|faint|p2a: Gardevoir
|
|
|switch|p2a: Weavile|Weavile, M|113\/281
|-ability|p2a: Weavile|Pressure
|turn|37
|
|move|p1a: Talonflame|Brave Bird|p2a: Weavile
|-damage|p2a: Weavile|0 fnt
|-damage|p1a: Talonflame|3\/307|[from] recoil|[of] p2a: Weavile
|faint|p2a: Weavile
|
|
|switch|p2a: Skarmory|Skarmory, M|274\/334
|turn|38
|
|move|p1a: Talonflame|Flare Blitz|p2a: Skarmory
|-supereffective|p2a: Skarmory
|-damage|p2a: Skarmory|0 fnt
|-damage|p1a: Talonflame|0 fnt|[from] recoil|[of] p2a: Skarmory
|faint|p2a: Skarmory
|faint|p1a: Talonflame
|
|win|nigapleez
|raw|Ladder updating...
|raw|nigapleez's rating: 1630 &rarr; <strong>1650<\/strong><br \/>(+20 for winning)
|raw|Avatar Karin's rating: 1631 &rarr; <strong>1611<\/strong><br \/>(-20 for losing)
|chat|nigapleez|gg
|leave|Avatar Karin
|player|p2
|chat|nigapleez|that was close