|join|maffeeww
|join|Avatar Karin
|player|p1|maffeeww|253
|player|p2|Avatar Karin|223
|gametype|singles
|gen|6
|tier|OU
|rated
|clearpoke
|poke|p1|Charizard, M
|poke|p1|Skarmory, M
|poke|p1|Chansey, F
|poke|p1|Quagsire, M
|poke|p1|Gothitelle, M
|poke|p1|Amoonguss, F
|poke|p2|Rotom-Heat
|poke|p2|Keldeo
|poke|p2|Tyranitar, M
|poke|p2|Excadrill, F
|poke|p2|Togekiss, M
|poke|p2|Ditto
|rule|Sleep Clause Mod: Limit one foe put to sleep
|rule|Species Clause: Limit one of each Pokemon
|rule|OHKO Clause: OHKO moves are banned
|rule|Moody Clause: Moody is banned
|rule|Evasion Moves Clause: Evasion moves are banned
|rule|Endless Battle Clause: Forcing endless battles is banned.
|rule|HP Percentage Mod: HP is reported as percentages
|teampreview
|
|start
|switch|p1a: Amoonguss|Amoonguss, F|432\/432
|switch|p2a: Ditto|Ditto|299\/299
|-transform|p2a: Ditto|p1a: Amoonguss
|turn|1
|
|switch|p2a: Excadrill|Excadrill, F|361\/361
|-ability|p2a: Excadrill|Mold Breaker
|switch|p1a: Skarmory|Skarmory, M|334\/334
|
|turn|2
|
|move|p2a: Excadrill|Stealth Rock|p1a: Skarmory
|-sidestart|p1: maffeeww|move: Stealth Rock
|move|p1a: Skarmory|Brave Bird|p2a: Excadrill
|-resisted|p2a: Excadrill
|-damage|p2a: Excadrill|274\/361
|-damage|p1a: Skarmory|305\/334|[from] recoil|[of] p2a: Excadrill
|
|turn|3
|
|switch|p2a: Rotom-Heat|Rotom-Heat|304\/304
|move|p1a: Skarmory|Defog|p2a: Rotom-Heat
|-unboost|p2a: Rotom-Heat|evasion|1
|-sideend|p1: maffeeww|Stealth Rock|[from] move: Defog|[of] p1a: Skarmory
|
|turn|4
|
|switch|p1a: Quagsire|Quagsire, M|394\/394
|move|p2a: Rotom-Heat|Volt Switch|p1a: Quagsire
|-immune|p1a: Quagsire|[msg]
|
|turn|5
|
|move|p2a: Rotom-Heat|Will-O-Wisp|p1a: Quagsire
|-status|p1a: Quagsire|brn
|move|p1a: Quagsire|Scald|p2a: Rotom-Heat
|-supereffective|p2a: Rotom-Heat
|-damage|p2a: Rotom-Heat|220\/304
|
|-heal|p2a: Rotom-Heat|239\/304|[from] item: Leftovers
|-damage|p1a: Quagsire|345\/394 brn|[from] brn
|turn|6
|
|switch|p2a: Excadrill|Excadrill, F|274\/361
|-ability|p2a: Excadrill|Mold Breaker
|move|p1a: Quagsire|Toxic|p2a: Excadrill
|-fail|p2a: Excadrill
|
|-heal|p1a: Quagsire|369\/394 brn|[from] item: Leftovers
|-damage|p1a: Quagsire|320\/394 brn|[from] brn
|turn|7
|
|switch|p1a: Skarmory|Skarmory, M|305\/334
|move|p2a: Excadrill|Stealth Rock|p1a: Skarmory
|-sidestart|p1: maffeeww|move: Stealth Rock
|
|turn|8
|
|switch|p2a: Rotom-Heat|Rotom-Heat|239\/304
|move|p1a: Skarmory|Defog|p2a: Rotom-Heat
|-unboost|p2a: Rotom-Heat|evasion|1
|-sideend|p1: maffeeww|Stealth Rock|[from] move: Defog|[of] p1a: Skarmory
|
|-heal|p2a: Rotom-Heat|258\/304|[from] item: Leftovers
|turn|9
|
|switch|p1a: Quagsire|Quagsire, M|320\/394 brn
|move|p2a: Rotom-Heat|Volt Switch|p1a: Quagsire
|-immune|p1a: Quagsire|[msg]
|
|-heal|p2a: Rotom-Heat|277\/304|[from] item: Leftovers
|-heal|p1a: Quagsire|344\/394 brn|[from] item: Leftovers
|-damage|p1a: Quagsire|295\/394 brn|[from] brn
|turn|10
|join|SRK888
|
|switch|p2a: Excadrill|Excadrill, F|274\/361
|-ability|p2a: Excadrill|Mold Breaker
|move|p1a: Quagsire|Scald|p2a: Excadrill
|-supereffective|p2a: Excadrill
|-damage|p2a: Excadrill|134\/361
|
|-heal|p1a: Quagsire|319\/394 brn|[from] item: Leftovers
|-damage|p1a: Quagsire|270\/394 brn|[from] brn
|turn|11
|
|switch|p1a: Skarmory|Skarmory, M|305\/334
|move|p2a: Excadrill|Stealth Rock|p1a: Skarmory
|-sidestart|p1: maffeeww|move: Stealth Rock
|
|turn|12
|
|switch|p2a: Togekiss|Togekiss, M|311\/311
|move|p1a: Skarmory|Defog|p2a: Togekiss
|-unboost|p2a: Togekiss|evasion|1
|-sideend|p1: maffeeww|Stealth Rock|[from] move: Defog|[of] p1a: Skarmory
|
|turn|13
|
|switch|p2a: Excadrill|Excadrill, F|134\/361
|-ability|p2a: Excadrill|Mold Breaker
|move|p1a: Skarmory|Toxic|p2a: Excadrill
|-fail|p2a: Excadrill
|
|turn|14
|
|switch|p2a: Rotom-Heat|Rotom-Heat|277\/304
|move|p1a: Skarmory|Brave Bird|p2a: Rotom-Heat
|-resisted|p2a: Rotom-Heat
|-damage|p2a: Rotom-Heat|221\/304
|-damage|p1a: Skarmory|287\/334|[from] recoil|[of] p2a: Rotom-Heat
|
|-heal|p2a: Rotom-Heat|240\/304|[from] item: Leftovers
|turn|15
|
|switch|p2a: Excadrill|Excadrill, F|134\/361
|-ability|p2a: Excadrill|Mold Breaker
|switch|p1a: Quagsire|Quagsire, M|270\/394 brn
|
|-heal|p1a: Quagsire|294\/394 brn|[from] item: Leftovers
|-damage|p1a: Quagsire|245\/394 brn|[from] brn
|turn|16
|
|move|p2a: Excadrill|Stealth Rock|p1a: Quagsire
|-sidestart|p1: maffeeww|move: Stealth Rock
|move|p1a: Quagsire|Recover|p1a: Quagsire
|-heal|p1a: Quagsire|394\/394 brn
|
|-damage|p1a: Quagsire|345\/394 brn|[from] brn
|turn|17
|
|switch|p2a: Rotom-Heat|Rotom-Heat|240\/304
|move|p1a: Quagsire|Scald|p2a: Rotom-Heat
|-supereffective|p2a: Rotom-Heat
|-damage|p2a: Rotom-Heat|154\/304
|
|-heal|p2a: Rotom-Heat|173\/304|[from] item: Leftovers
|-heal|p1a: Quagsire|369\/394 brn|[from] item: Leftovers
|-damage|p1a: Quagsire|320\/394 brn|[from] brn
|turn|18
|
|switch|p2a: Excadrill|Excadrill, F|134\/361
|-ability|p2a: Excadrill|Mold Breaker
|move|p1a: Quagsire|Toxic|p2a: Excadrill
|-fail|p2a: Excadrill
|
|-heal|p1a: Quagsire|344\/394 brn|[from] item: Leftovers
|-damage|p1a: Quagsire|295\/394 brn|[from] brn
|turn|19
|
|switch|p2a: Rotom-Heat|Rotom-Heat|173\/304
|move|p1a: Quagsire|Scald|p2a: Rotom-Heat
|-supereffective|p2a: Rotom-Heat
|-damage|p2a: Rotom-Heat|81\/304
|
|-heal|p2a: Rotom-Heat|100\/304|[from] item: Leftovers
|-heal|p1a: Quagsire|319\/394 brn|[from] item: Leftovers
|-damage|p1a: Quagsire|270\/394 brn|[from] brn
|turn|20
|
|switch|p2a: Excadrill|Excadrill, F|134\/361
|-ability|p2a: Excadrill|Mold Breaker
|move|p1a: Quagsire|Scald|p2a: Excadrill
|-supereffective|p2a: Excadrill
|-damage|p2a: Excadrill|0 fnt
|faint|p2a: Excadrill
|
|-heal|p1a: Quagsire|294\/394 brn|[from] item: Leftovers
|-damage|p1a: Quagsire|245\/394 brn|[from] brn
|
|switch|p2a: Togekiss|Togekiss, M|311\/311
|turn|21
|
|switch|p1a: Skarmory|Skarmory, M|287\/334
|-damage|p1a: Skarmory|246\/334|[from] Stealth Rock
|move|p2a: Togekiss|Nasty Plot|p2a: Togekiss
|-boost|p2a: Togekiss|spa|2
|
|turn|22
|
|move|p2a: Togekiss|Air Slash|p1a: Skarmory
|-resisted|p1a: Skarmory
|-damage|p1a: Skarmory|73\/334
|move|p1a: Skarmory|Toxic|p2a: Togekiss
|-status|p2a: Togekiss|tox
|
|-damage|p2a: Togekiss|292\/311 tox|[from] psn
|turn|23
|
|move|p2a: Togekiss|Dazzling Gleam|p1a: Skarmory
|-resisted|p1a: Skarmory
|-damage|p1a: Skarmory|0 fnt
|faint|p1a: Skarmory
|
|-damage|p2a: Togekiss|254\/311 tox|[from] psn
|
|switch|p1a: Chansey|Chansey, F|704\/704
|-damage|p1a: Chansey|616\/704|[from] Stealth Rock
|turn|24
|
|move|p2a: Togekiss|Air Slash|p1a: Chansey
|-damage|p1a: Chansey|456\/704
|move|p1a: Chansey|Toxic|p2a: Togekiss
|-fail|p2a: Togekiss|tox
|
|-damage|p2a: Togekiss|197\/311 tox|[from] psn
|turn|25
|
|move|p2a: Togekiss|Air Slash|p1a: Chansey
|-damage|p1a: Chansey|269\/704
|move|p1a: Chansey|Soft-Boiled|p1a: Chansey
|-heal|p1a: Chansey|621\/704
|
|-damage|p2a: Togekiss|121\/311 tox|[from] psn
|turn|26
|
|move|p2a: Togekiss|Air Slash|p1a: Chansey
|-crit|p1a: Chansey
|-damage|p1a: Chansey|345\/704
|move|p1a: Chansey|Seismic Toss|p2a: Togekiss
|-damage|p2a: Togekiss|21\/311 tox
|
|-damage|p2a: Togekiss|0 fnt|[from] psn
|faint|p2a: Togekiss
|
|switch|p2a: Keldeo|Keldeo|323\/323
|turn|27
|
|switch|p1a: Amoonguss|Amoonguss, F|432\/432
|-damage|p1a: Amoonguss|378\/432|[from] Stealth Rock
|move|p2a: Keldeo|Scald|p1a: Amoonguss
|-resisted|p1a: Amoonguss
|-damage|p1a: Amoonguss|294\/432
|
|-heal|p1a: Amoonguss|321\/432|[from] item: Leftovers
|turn|28
|
|switch|p2a: Rotom-Heat|Rotom-Heat|100\/304
|move|p1a: Amoonguss|Spore|p2a: Rotom-Heat
|-status|p2a: Rotom-Heat|slp
|
|-heal|p2a: Rotom-Heat|119\/304 slp|[from] item: Leftovers
|-heal|p1a: Amoonguss|348\/432|[from] item: Leftovers
|turn|29
|
|switch|p2a: Ditto|Ditto|299\/299
|-transform|p2a: Ditto|p1a: Amoonguss
|move|p1a: Amoonguss|Sludge Bomb|p2a: Ditto
|-damage|p2a: Ditto|182\/299
|
|-heal|p1a: Amoonguss|375\/432|[from] item: Leftovers
|turn|30
|
|switch|p2a: Tyranitar|Tyranitar, M|341\/341
|-weather|Sandstorm
|move|p1a: Amoonguss|Sludge Bomb|p2a: Tyranitar
|-resisted|p2a: Tyranitar
|-damage|p2a: Tyranitar|309\/341
|
|-weather|Sandstorm|[upkeep]
|-damage|p1a: Amoonguss|348\/432|[from] sandstorm
|-heal|p1a: Amoonguss|375\/432|[from] item: Leftovers
|turn|31
|
|detailschange|p2a: Tyranitar|Tyranitar-Mega, M
|message|Tyranitar has Mega Evolved into Mega Tyranitar!
|move|p2a: Tyranitar|Crunch|p1a: Amoonguss
|-damage|p1a: Amoonguss|212\/432
|move|p1a: Amoonguss|Giga Drain|p2a: Tyranitar
|-supereffective|p2a: Tyranitar
|-damage|p2a: Tyranitar|219\/341
|-heal|p1a: Amoonguss|257\/432|[from] drain|[of] p2a: Tyranitar
|
|-weather|Sandstorm|[upkeep]
|-damage|p1a: Amoonguss|230\/432|[from] sandstorm
|-heal|p1a: Amoonguss|257\/432|[from] item: Leftovers
|turn|32
|
|move|p2a: Tyranitar|Crunch|p1a: Amoonguss
|-damage|p1a: Amoonguss|116\/432
|move|p1a: Amoonguss|Giga Drain|p2a: Tyranitar
|-crit|p2a: Tyranitar
|-supereffective|p2a: Tyranitar
|-damage|p2a: Tyranitar|91\/341
|-heal|p1a: Amoonguss|180\/432|[from] drain|[of] p2a: Tyranitar
|
|-weather|Sandstorm|[upkeep]
|-damage|p1a: Amoonguss|153\/432|[from] sandstorm
|-heal|p1a: Amoonguss|180\/432|[from] item: Leftovers
|turn|33
|
|move|p2a: Tyranitar|Ice Punch|p1a: Amoonguss
|-supereffective|p1a: Amoonguss
|-damage|p1a: Amoonguss|0 fnt
|faint|p1a: Amoonguss
|
|-weather|Sandstorm|[upkeep]
|
|switch|p1a: Quagsire|Quagsire, M|245\/394 brn
|-damage|p1a: Quagsire|221\/394 brn|[from] Stealth Rock
|turn|34
|
|move|p2a: Tyranitar|Crunch|p1a: Quagsire
|-damage|p1a: Quagsire|95\/394 brn
|move|p1a: Quagsire|Scald|p2a: Tyranitar
|-supereffective|p2a: Tyranitar
|-damage|p2a: Tyranitar|5\/341
|
|-weather|none
|-heal|p1a: Quagsire|119\/394 brn|[from] item: Leftovers
|-damage|p1a: Quagsire|70\/394 brn|[from] brn
|turn|35
|
|move|p2a: Tyranitar|Crunch|p1a: Quagsire
|-damage|p1a: Quagsire|0 fnt
|faint|p1a: Quagsire
|
|
|switch|p1a: Gothitelle|Gothitelle, M|282\/282
|-damage|p1a: Gothitelle|247\/282|[from] Stealth Rock
|turn|36
|
|move|p1a: Gothitelle|Hidden Power|p2a: Tyranitar
|-resisted|p2a: Tyranitar
|-damage|p2a: Tyranitar|0 fnt
|faint|p2a: Tyranitar
|
|
|switch|p2a: Keldeo|Keldeo|323\/323
|turn|37
|
|switch|p1a: Chansey|Chansey, F|345\/704
|-damage|p1a: Chansey|257\/704|[from] Stealth Rock
|move|p2a: Keldeo|Calm Mind|p2a: Keldeo
|-boost|p2a: Keldeo|spa|1
|-boost|p2a: Keldeo|spd|1
|
|turn|38
|
|move|p2a: Keldeo|Calm Mind|p2a: Keldeo
|-boost|p2a: Keldeo|spa|1
|-boost|p2a: Keldeo|spd|1
|move|p1a: Chansey|Seismic Toss|p2a: Keldeo
|-damage|p2a: Keldeo|223\/323
|
|-heal|p2a: Keldeo|243\/323|[from] item: Leftovers
|turn|39
|
|move|p2a: Keldeo|Secret Sword|p1a: Chansey
|-supereffective|p1a: Chansey
|-damage|p1a: Chansey|0 fnt
|faint|p1a: Chansey
|
|-heal|p2a: Keldeo|263\/323|[from] item: Leftovers
|
|switch|p1a: Gothitelle|Gothitelle, M|247\/282
|-damage|p1a: Gothitelle|212\/282|[from] Stealth Rock
|turn|40
|
|move|p1a: Gothitelle|Psychic|p2a: Keldeo
|-supereffective|p2a: Keldeo
|-damage|p2a: Keldeo|129\/323
|move|p2a: Keldeo|Scald|p1a: Gothitelle
|-damage|p1a: Gothitelle|0 fnt
|faint|p1a: Gothitelle
|
|-heal|p2a: Keldeo|149\/323|[from] item: Leftovers
|
|switch|p1a: Charizard|Charizard, M|359\/359
|-damage|p1a: Charizard|180\/359|[from] Stealth Rock
|turn|41
|
|detailschange|p1a: Charizard|Charizard-Mega-X, M
|message|Charizard has Mega Evolved into Mega Charizard!
|move|p2a: Keldeo|Scald|p1a: Charizard
|-damage|p1a: Charizard|0 fnt
|faint|p1a: Charizard
|
|win|Avatar Karin
|raw|Ladder updating...
|raw|maffeeww's rating: 1709 &rarr; <strong>1689<\/strong><br \/>(-20 for losing)
|raw|Avatar Karin's rating: 1721 &rarr; <strong>1740<\/strong><br \/>(+19 for winning)
|leave|maffeeww
|player|p1