|join|eyes of elegance
|join|Avatar Karin
|player|p1|eyes of elegance|1
|player|p2|Avatar Karin|190
|gametype|singles
|gen|6
|tier|OU
|rated
|clearpoke
|poke|p1|Gengar, F
|poke|p1|Clefable, F
|poke|p1|Rhyperior, F
|poke|p1|Alomomola, F
|poke|p1|Heatran, F
|poke|p1|Venusaur, M
|poke|p2|Tyranitar, F
|poke|p2|Garchomp, F
|poke|p2|Excadrill, M
|poke|p2|Zapdos
|poke|p2|Noivern, F
|poke|p2|Keldeo
|rule|Swagger Clause: Swagger is banned
|rule|Baton Pass Clause: Limit one PokÃ©mon knowing Baton Pass
|rule|Sleep Clause Mod: Limit one foe put to sleep
|rule|Species Clause: Limit one of each PokÃ©mon
|rule|OHKO Clause: OHKO moves are banned
|rule|Moody Clause: Moody is banned
|rule|Evasion Moves Clause: Evasion moves are banned
|rule|Endless Battle Clause: Forcing endless battles is banned
|rule|HP Percentage Mod: HP is reported as percentages
|teampreview
|
|start
|switch|p1a: Rhyperior|Rhyperior, F|434\/434
|switch|p2a: Tyranitar|Tyranitar, F|404\/404
|-weather|Sandstorm
|turn|1
|
|move|p2a: Tyranitar|Stealth Rock|p1a: Rhyperior
|-sidestart|p1: eyes of elegance|move: Stealth Rock
|move|p1a: Rhyperior|Earthquake|p2a: Tyranitar
|-supereffective|p2a: Tyranitar
|-damage|p2a: Tyranitar|128\/404
|
|-weather|Sandstorm|[upkeep]
|turn|2
|
|switch|p2a: Keldeo|Keldeo|322\/322
|move|p1a: Rhyperior|Stealth Rock|p2a: Keldeo
|-sidestart|p2: Avatar Karin|move: Stealth Rock
|
|-weather|Sandstorm|[upkeep]
|-damage|p2a: Keldeo|302\/322|[from] sandstorm
|turn|3
|
|switch|p1a: Alomomola|Alomomola, F|534\/534
|-damage|p1a: Alomomola|468\/534|[from] Stealth Rock
|move|p2a: Keldeo|Scald|p1a: Alomomola
|-resisted|p1a: Alomomola
|-damage|p1a: Alomomola|333\/534
|
|-weather|Sandstorm|[upkeep]
|-damage|p2a: Keldeo|282\/322|[from] sandstorm
|-damage|p1a: Alomomola|300\/534|[from] sandstorm
|-heal|p1a: Alomomola|333\/534|[from] item: Leftovers
|turn|4
|
|switch|p2a: Excadrill|Excadrill, M|361\/361
|-damage|p2a: Excadrill|350\/361|[from] Stealth Rock
|move|p1a: Alomomola|Toxic|p2a: Excadrill
|-fail|p2a: Excadrill
|
|-weather|Sandstorm|[upkeep]
|-damage|p1a: Alomomola|300\/534|[from] sandstorm
|-heal|p1a: Alomomola|333\/534|[from] item: Leftovers
|turn|5
|
|move|p1a: Alomomola|Protect|p1a: Alomomola
|-singleturn|p1a: Alomomola|Protect
|move|p2a: Excadrill|Earthquake|p1a: Alomomola
|-activate|p1a: Alomomola|Protect
|
|-weather|Sandstorm|[upkeep]
|-damage|p1a: Alomomola|300\/534|[from] sandstorm
|-heal|p1a: Alomomola|333\/534|[from] item: Leftovers
|turn|6
|
|move|p2a: Excadrill|Rapid Spin|p1a: Alomomola
|-damage|p1a: Alomomola|291\/534
|-sideend|p2: Avatar Karin|Stealth Rock|[from] move: Rapid Spin|[of] p2a: Excadrill
|-damage|p2a: Excadrill|314\/361|[from] item: Life Orb
|move|p1a: Alomomola|Scald|p2a: Excadrill
|-supereffective|p2a: Excadrill
|-damage|p2a: Excadrill|182\/361
|
|-weather|Sandstorm|[upkeep]
|-damage|p1a: Alomomola|258\/534|[from] sandstorm
|-heal|p1a: Alomomola|291\/534|[from] item: Leftovers
|turn|7
|
|move|p2a: Excadrill|Earthquake|p1a: Alomomola
|-damage|p1a: Alomomola|18\/534
|-damage|p2a: Excadrill|146\/361|[from] item: Life Orb
|move|p1a: Alomomola|Wish|p1a: Alomomola
|
|-weather|Sandstorm|[upkeep]
|-damage|p1a: Alomomola|0 fnt|[from] sandstorm
|faint|p1a: Alomomola
|
|switch|p1a: Rhyperior|Rhyperior, F|434\/434
|-damage|p1a: Rhyperior|407\/434|[from] Stealth Rock
|turn|8
|
|switch|p2a: Keldeo|Keldeo|282\/322
|move|p1a: Rhyperior|Stealth Rock|p2a: Keldeo
|-sidestart|p2: Avatar Karin|move: Stealth Rock
|
|-weather|none
|-heal|p1a: Rhyperior|434\/434|[from] move: Wish|[wisher] Alomomola
|turn|9
|
|switch|p1a: Venusaur|Venusaur, M|364\/364
|-damage|p1a: Venusaur|319\/364|[from] Stealth Rock
|move|p2a: Keldeo|Scald|p1a: Venusaur
|-resisted|p1a: Venusaur
|-damage|p1a: Venusaur|229\/364
|
|turn|10
|
|switch|p2a: Noivern|Noivern, F|311\/311
|-damage|p2a: Noivern|234\/311|[from] Stealth Rock
|detailschange|p1a: Venusaur|Venusaur-Mega, M
|message|Venusaur has Mega Evolved into Mega Venusaur!
|move|p1a: Venusaur|Knock Off|p2a: Noivern
|-damage|p2a: Noivern|150\/311
|-enditem|p2a: Noivern|Choice Specs|[from] move: Knock Off|[of] p1a: Venusaur
|
|turn|11
|
|switch|p2a: Excadrill|Excadrill, M|146\/361
|-damage|p2a: Excadrill|135\/361|[from] Stealth Rock
|switch|p1a: Heatran|Heatran, F|385\/385
|-damage|p1a: Heatran|337\/385|[from] Stealth Rock
|
|-heal|p1a: Heatran|361\/385|[from] item: Leftovers
|turn|12
|
|switch|p1a: Gengar|Gengar, F|273\/273
|-damage|p1a: Gengar|239\/273|[from] Stealth Rock
|move|p2a: Excadrill|Iron Head|p1a: Gengar
|-damage|p1a: Gengar|0 fnt
|-damage|p2a: Excadrill|99\/361|[from] item: Life Orb
|faint|p1a: Gengar
|
|
|switch|p1a: Venusaur|Venusaur-Mega, M|229\/364
|-damage|p1a: Venusaur|184\/364|[from] Stealth Rock
|turn|13
|
|move|p2a: Excadrill|Rapid Spin|p1a: Venusaur
|-damage|p1a: Venusaur|162\/364
|-sideend|p2: Avatar Karin|Stealth Rock|[from] move: Rapid Spin|[of] p2a: Excadrill
|-damage|p2a: Excadrill|63\/361|[from] item: Life Orb
|move|p1a: Venusaur|Giga Drain|p2a: Excadrill
|-crit|p2a: Excadrill
|-damage|p2a: Excadrill|0 fnt
|-heal|p1a: Venusaur|194\/364|[from] drain|[of] p2a: Excadrill
|faint|p2a: Excadrill
|
|
|switch|p2a: Noivern|Noivern, F|150\/311
|turn|14
|
|move|p2a: Noivern|Hurricane|p1a: Venusaur
|-supereffective|p1a: Venusaur
|-damage|p1a: Venusaur|0 fnt
|faint|p1a: Venusaur
|
|
|switch|p1a: Clefable|Clefable, F|394\/394
|-damage|p1a: Clefable|345\/394|[from] Stealth Rock
|turn|15
|
|switch|p2a: Tyranitar|Tyranitar, F|128\/404
|-weather|Sandstorm
|move|p1a: Clefable|Calm Mind|p1a: Clefable
|-boost|p1a: Clefable|spa|1
|-boost|p1a: Clefable|spd|1
|
|-weather|Sandstorm|[upkeep]
|-damage|p1a: Clefable|321\/394|[from] sandstorm
|-heal|p1a: Clefable|345\/394|[from] item: Leftovers
|turn|16
|
|move|p1a: Clefable|Thunder Wave|p2a: Tyranitar
|-status|p2a: Tyranitar|par
|move|p2a: Tyranitar|Fire Blast|p1a: Clefable
|-damage|p1a: Clefable|254\/394
|
|-weather|Sandstorm|[upkeep]
|-damage|p1a: Clefable|230\/394|[from] sandstorm
|-heal|p1a: Clefable|254\/394|[from] item: Leftovers
|turn|17
|
|switch|p2a: Garchomp|Garchomp, F|404\/404
|move|p1a: Clefable|Calm Mind|p1a: Clefable
|-boost|p1a: Clefable|spa|1
|-boost|p1a: Clefable|spd|1
|
|-weather|Sandstorm|[upkeep]
|-damage|p1a: Clefable|230\/394|[from] sandstorm
|-heal|p1a: Clefable|254\/394|[from] item: Leftovers
|turn|18
|
|detailschange|p2a: Garchomp|Garchomp-Mega, F
|message|Garchomp has Mega Evolved into Mega Garchomp!
|move|p2a: Garchomp|Earthquake|p1a: Clefable
|-damage|p1a: Clefable|0 fnt
|faint|p1a: Clefable
|
|-weather|Sandstorm|[upkeep]
|-message|eyes of elegance forfeited.
|
|win|Avatar Karin
|raw|Ladder updating...
|leave|eyes of elegance
|player|p1
|raw|eyes of elegance's rating: 1790 &rarr; <strong>1759<\/strong><br \/>(-31 for losing)
|raw|Avatar Karin's rating: 1578 &rarr; <strong>1609<\/strong><br \/>(+31 for winning)