|join|lil manaphy
|join|Avatar Karin
|player|p1|lil manaphy|272
|player|p2|Avatar Karin|223
|gametype|singles
|gen|6
|tier|OU
|rated
|clearpoke
|poke|p1|Lopunny, F
|poke|p1|Manaphy
|poke|p1|Scizor, F
|poke|p1|Celebi
|poke|p1|Heatran, F
|poke|p1|Mandibuzz, F
|poke|p2|Toxicroak, M
|poke|p2|Magneton
|poke|p2|Celebi
|poke|p2|Keldeo
|poke|p2|Weavile, M
|poke|p2|Azelf
|rule|Swagger Clause: Swagger is banned
|rule|Baton Pass Clause: Limit one PokÃ©mon knowing Baton Pass
|rule|Sleep Clause Mod: Limit one foe put to sleep
|rule|Species Clause: Limit one of each PokÃ©mon
|rule|OHKO Clause: OHKO moves are banned
|rule|Moody Clause: Moody is banned
|rule|Evasion Moves Clause: Evasion moves are banned
|rule|Endless Battle Clause: Forcing endless battles is banned
|rule|HP Percentage Mod: HP is shown in percentages
|teampreview
|join|Alkov
|
|start
|switch|p1a: Couture|Lopunny, F|271\/271
|switch|p2a: Keldeo|Keldeo|322\/322
|turn|1
|
|detailschange|p1a: Couture|Lopunny-Mega, F
|-mega|p1a: Couture|Lopunny|Lopunnite
|move|p1a: Couture|Fake Out|p2a: Keldeo
|-damage|p2a: Keldeo|235\/322
|cant|p2a: Keldeo|flinch
|
|turn|2
|
|switch|p1a: just my onion|Celebi|404\/404
|move|p2a: Keldeo|Secret Sword|p1a: just my onion
|-resisted|p1a: just my onion
|-damage|p1a: just my onion|330\/404
|
|-heal|p1a: just my onion|355\/404|[from] item: Leftovers
|turn|3
|
|switch|p2a: Azelf|Azelf|291\/291
|move|p1a: just my onion|Swords Dance|p1a: just my onion
|-boost|p1a: just my onion|atk|2
|
|-heal|p1a: just my onion|380\/404|[from] item: Leftovers
|turn|4
|
|move|p2a: Azelf|Stealth Rock|p1a: just my onion
|-sidestart|p1: lil manaphy|move: Stealth Rock
|move|p1a: just my onion|Baton Pass|p1a: just my onion
|
|switch|p1a: Couture|Lopunny-Mega, F|271\/271
|-damage|p1a: Couture|255\/271|[from] Stealth Rock
|
|turn|5
|
|move|p1a: Couture|Fake Out|p2a: Azelf
|-damage|p2a: Azelf|81\/291
|cant|p2a: Azelf|flinch
|
|turn|6
|
|move|p1a: Couture|Power-Up Punch|p2a: Azelf
|-resisted|p2a: Azelf
|-damage|p2a: Azelf|0 fnt
|-boost|p1a: Couture|atk|1
|faint|p2a: Azelf
|
|
|switch|p2a: Keldeo|Keldeo|235\/322
|turn|7
|
|switch|p1a: just my onion|Celebi|380\/404
|-damage|p1a: just my onion|330\/404|[from] Stealth Rock
|move|p2a: Keldeo|Secret Sword|p1a: just my onion
|-resisted|p1a: just my onion
|-damage|p1a: just my onion|258\/404
|
|-heal|p1a: just my onion|283\/404|[from] item: Leftovers
|turn|8
|
|switch|p2a: Toxicroak|Toxicroak, M|311\/311
|move|p1a: just my onion|Baton Pass|p1a: just my onion
|
|switch|p1a: still bigger than|Manaphy|341\/341
|-damage|p1a: still bigger than|299\/341|[from] Stealth Rock
|
|-heal|p1a: still bigger than|320\/341|[from] item: Leftovers
|turn|9
|
|move|p1a: still bigger than|Psychic|p2a: Toxicroak
|-supereffective|p2a: Toxicroak
|-damage|p2a: Toxicroak|0 fnt
|faint|p2a: Toxicroak
|
|-heal|p1a: still bigger than|341\/341|[from] item: Leftovers
|
|switch|p2a: Celebi|Celebi|404\/404
|turn|10
|
|switch|p1a: business|Scizor, F|343\/343
|-damage|p1a: business|301\/343|[from] Stealth Rock
|move|p2a: Celebi|Nasty Plot|p2a: Celebi
|-boost|p2a: Celebi|spa|2
|
|turn|11
|
|move|p2a: Celebi|Baton Pass|p2a: Celebi
|
|switch|p2a: Magneton|Magneton|241\/241
|move|p1a: business|U-turn|p2a: Magneton
|-resisted|p2a: Magneton
|-damage|p2a: Magneton|137\/241
|
|switch|p1a: bean curd puff|Heatran, F|386\/386
|-damage|p1a: bean curd puff|338\/386|[from] Stealth Rock
|
|-heal|p1a: bean curd puff|362\/386|[from] item: Leftovers
|turn|12
|
|move|p2a: Magneton|Volt Switch|p1a: bean curd puff
|-crit|p1a: bean curd puff
|-damage|p1a: bean curd puff|124\/386
|
|switch|p2a: Keldeo|Keldeo|235\/322
|move|p1a: bean curd puff|Lava Plume|p2a: Keldeo
|-resisted|p2a: Keldeo
|-damage|p2a: Keldeo|169\/322
|
|-heal|p1a: bean curd puff|148\/386|[from] item: Leftovers
|turn|13
|
|move|p2a: Keldeo|Secret Sword|p1a: bean curd puff
|-supereffective|p1a: bean curd puff
|-damage|p1a: bean curd puff|0 fnt
|faint|p1a: bean curd puff
|
|
|switch|p1a: business|Scizor, F|301\/343
|-damage|p1a: business|259\/343|[from] Stealth Rock
|turn|14
|
|switch|p2a: Celebi|Celebi|404\/404
|move|p1a: business|Superpower|p2a: Celebi
|-resisted|p2a: Celebi
|-damage|p2a: Celebi|314\/404
|-unboost|p1a: business|atk|1
|-unboost|p1a: business|def|1
|
|-heal|p2a: Celebi|339\/404|[from] item: Leftovers
|turn|15
|join|Yuttt.annual
|
|switch|p1a: just my onion|Celebi|283\/404
|-damage|p1a: just my onion|233\/404|[from] Stealth Rock
|move|p2a: Celebi|Baton Pass|p2a: Celebi
|join|ollopa
|
|switch|p2a: Weavile|Weavile, M|281\/281
|-ability|p2a: Weavile|Pressure
|
|-heal|p1a: just my onion|258\/404|[from] item: Leftovers
|turn|16
|
|switch|p1a: still bigger than|Manaphy|341\/341
|-damage|p1a: still bigger than|299\/341|[from] Stealth Rock
|move|p2a: Weavile|Icicle Crash|p1a: still bigger than
|-resisted|p1a: still bigger than
|-damage|p1a: still bigger than|185\/341
|
|-heal|p1a: still bigger than|206\/341|[from] item: Leftovers
|turn|17
|
|switch|p2a: Magneton|Magneton|137\/241
|move|p1a: still bigger than|Scald|p2a: Magneton
|-damage|p2a: Magneton|0 fnt
|faint|p2a: Magneton
|
|-heal|p1a: still bigger than|227\/341|[from] item: Leftovers
|
|switch|p2a: Weavile|Weavile, M|281\/281
|-ability|p2a: Weavile|Pressure
|turn|18
|
|move|p2a: Weavile|Knock Off|p1a: still bigger than
|-damage|p1a: still bigger than|0 fnt
|-enditem|p1a: still bigger than|Leftovers|[from] move: Knock Off|[of] p2a: Weavile
|faint|p1a: still bigger than
|
|
|switch|p1a: Couture|Lopunny-Mega, F|255\/271
|-damage|p1a: Couture|239\/271|[from] Stealth Rock
|turn|19
|
|switch|p2a: Celebi|Celebi|339\/404
|move|p1a: Couture|Drain Punch|p2a: Celebi
|-crit|p2a: Celebi
|-resisted|p2a: Celebi
|-damage|p2a: Celebi|261\/404
|-heal|p1a: Couture|271\/271|[from] drain|[of] p2a: Celebi
|
|-heal|p2a: Celebi|286\/404|[from] item: Leftovers
|turn|20
|c| Yuttt.annual|uhm
|c| Yuttt.annual|CB weavile
|c| Yuttt.annual|what
|c|âAvatar Karin|lol
|
|move|p1a: Couture|Return|p2a: Celebi
|-damage|p2a: Celebi|145\/404
|move|p2a: Celebi|Recover|p2a: Celebi
|-heal|p2a: Celebi|347\/404
|
|-heal|p2a: Celebi|372\/404|[from] item: Leftovers
|turn|21
|
|move|p1a: Couture|Power-Up Punch|p2a: Celebi
|-resisted|p2a: Celebi
|-damage|p2a: Celebi|344\/404
|-boost|p1a: Couture|atk|1
|move|p2a: Celebi|Baton Pass|p2a: Celebi
|
|switch|p2a: Keldeo|Keldeo|169\/322
|
|turn|22
|
|switch|p2a: Weavile|Weavile, M|281\/281
|-ability|p2a: Weavile|Pressure
|switch|p1a: just my onion|Celebi|258\/404
|-damage|p1a: just my onion|208\/404|[from] Stealth Rock
|
|-heal|p1a: just my onion|233\/404|[from] item: Leftovers
|turn|23
|
|switch|p1a: im walling everyth|Mandibuzz, F|423\/423
|-damage|p1a: im walling everyth|318\/423|[from] Stealth Rock
|move|p2a: Weavile|Knock Off|p1a: im walling everyth
|-resisted|p1a: im walling everyth
|-damage|p1a: im walling everyth|227\/423
|-damage|p2a: Weavile|235\/281|[from] item: Rocky Helmet|[of] p1a: im walling everyth
|-enditem|p1a: im walling everyth|Rocky Helmet|[from] move: Knock Off|[of] p2a: Weavile
|
|turn|24
|
|switch|p2a: Celebi|Celebi|344\/404
|move|p1a: im walling everyth|Defog|p2a: Celebi
|-unboost|p2a: Celebi|evasion|1
|-sideend|p1: lil manaphy|Stealth Rock|[from] move: Defog|[of] p1a: im walling everyth
|
|-heal|p2a: Celebi|369\/404|[from] item: Leftovers
|turn|25
|c| Yuttt.annual|cb weavile
|c| Yuttt.annual|without pursuit
|
|switch|p1a: business|Scizor, F|259\/343
|move|p2a: Celebi|Nasty Plot|p2a: Celebi
|-boost|p2a: Celebi|spa|2
|
|-heal|p2a: Celebi|394\/404|[from] item: Leftovers
|turn|26
|
|move|p2a: Celebi|Baton Pass|p2a: Celebi
|
|switch|p2a: Keldeo|Keldeo|169\/322
|move|p1a: business|U-turn|p2a: Keldeo
|-resisted|p2a: Keldeo
|-damage|p2a: Keldeo|58\/322
|
|switch|p1a: Couture|Lopunny-Mega, F|271\/271
|
|turn|27
|
|switch|p2a: Celebi|Celebi|394\/404
|move|p1a: Couture|Fake Out|p2a: Celebi
|-damage|p2a: Celebi|333\/404
|
|-heal|p2a: Celebi|358\/404|[from] item: Leftovers
|turn|28
|
|switch|p1a: business|Scizor, F|259\/343
|move|p2a: Celebi|Baton Pass|p2a: Celebi
|
|switch|p2a: Keldeo|Keldeo|58\/322
|
|turn|29
|
|switch|p2a: Celebi|Celebi|358\/404
|move|p1a: business|Bullet Punch|p2a: Celebi
|-damage|p2a: Celebi|222\/404
|
|-heal|p2a: Celebi|247\/404|[from] item: Leftovers
|turn|30
|c| Yuttt.annual|my god the PLAYS
|
|switch|p1a: Couture|Lopunny-Mega, F|271\/271
|move|p2a: Celebi|Nasty Plot|p2a: Celebi
|-boost|p2a: Celebi|spa|2
|
|-heal|p2a: Celebi|272\/404|[from] item: Leftovers
|turn|31
|
|switch|p1a: business|Scizor, F|259\/343
|move|p2a: Celebi|Baton Pass|p2a: Celebi
|
|switch|p2a: Keldeo|Keldeo|58\/322
|
|turn|32
|
|move|p1a: business|Bullet Punch|p2a: Keldeo
|-resisted|p2a: Keldeo
|-damage|p2a: Keldeo|0 fnt
|faint|p2a: Keldeo
|
|
|switch|p2a: Celebi|Celebi|272\/404
|turn|33
|leave|Yuttt.annual
|
|switch|p1a: just my onion|Celebi|233\/404
|move|p2a: Celebi|Baton Pass|p2a: Celebi
|
|switch|p2a: Weavile|Weavile, M|235\/281
|-ability|p2a: Weavile|Pressure
|
|-heal|p1a: just my onion|258\/404|[from] item: Leftovers
|turn|34
|join|Omegasization
|
|switch|p1a: im walling everyth|Mandibuzz, F|227\/423
|move|p2a: Weavile|Icicle Crash|p1a: im walling everyth
|-supereffective|p1a: im walling everyth
|-damage|p1a: im walling everyth|0 fnt
|faint|p1a: im walling everyth
|
|
|switch|p1a: business|Scizor, F|259\/343
|turn|35
|
|move|p1a: business|Bullet Punch|p2a: Weavile
|-supereffective|p2a: Weavile
|-damage|p2a: Weavile|0 fnt
|faint|p2a: Weavile
|
|
|switch|p2a: Celebi|Celebi|272\/404
|turn|36
|
|switch|p1a: just my onion|Celebi|258\/404
|move|p2a: Celebi|Nasty Plot|p2a: Celebi
|-boost|p2a: Celebi|spa|2
|
|-heal|p2a: Celebi|297\/404|[from] item: Leftovers
|-heal|p1a: just my onion|283\/404|[from] item: Leftovers
|turn|37
|
|move|p2a: Celebi|Nasty Plot|p2a: Celebi
|-boost|p2a: Celebi|spa|2
|move|p1a: just my onion|Swords Dance|p1a: just my onion
|-boost|p1a: just my onion|atk|2
|
|-heal|p2a: Celebi|322\/404|[from] item: Leftovers
|-heal|p1a: just my onion|308\/404|[from] item: Leftovers
|turn|38
|
|move|p2a: Celebi|Giga Drain|p1a: just my onion
|-resisted|p1a: just my onion
|-damage|p1a: just my onion|204\/404
|-heal|p2a: Celebi|374\/404|[from] drain|[of] p1a: just my onion
|move|p1a: just my onion|Swords Dance|p1a: just my onion
|-boost|p1a: just my onion|atk|2
|
|-heal|p2a: Celebi|399\/404|[from] item: Leftovers
|-heal|p1a: just my onion|229\/404|[from] item: Leftovers
|turn|39
|
|move|p2a: Celebi|Nasty Plot|p2a: Celebi
|-boost|p2a: Celebi|spa|2
|move|p1a: just my onion|Baton Pass|p1a: just my onion
|c| Omegasization|oh
|
|switch|p1a: Couture|Lopunny-Mega, F|271\/271
|
|-heal|p2a: Celebi|404\/404|[from] item: Leftovers
|turn|40
|
|move|p1a: Couture|Fake Out|p2a: Celebi
|-damage|p2a: Celebi|235\/404
|cant|p2a: Celebi|flinch
|
|-heal|p2a: Celebi|260\/404|[from] item: Leftovers
|turn|41
|
|move|p1a: Couture|Return|p2a: Celebi
|-damage|p2a: Celebi|0 fnt
|faint|p2a: Celebi
|
|win|lil manaphy
|raw|Ladder updating...
|leave|Avatar Karin
|player|p2
|raw|lil manaphy's rating: 1663 &rarr; <strong>1681<\/strong><br \/>(+18 for winning)
|raw|Avatar Karin's rating: 1631 &rarr; <strong>1613<\/strong><br \/>(-18 for losing)
|leave|Omegasization
|join|Omegasization
|leave|Omegasization
|leave|ollopa