|join|Avatar Karin
|join|Pentai
|player|p1|Avatar Karin|223
|player|p2|Pentai|23
|gametype|singles
|gen|6
|tier|OU (suspect test)
|rated
|clearpoke
|poke|p1|Weavile, M
|poke|p1|Camerupt, M
|poke|p1|Keldeo
|poke|p1|Celebi
|poke|p1|Noivern, M
|poke|p1|Ditto
|poke|p2|Azumarill, M
|poke|p2|Landorus, M
|poke|p2|Thundurus, M
|poke|p2|Metagross
|poke|p2|Infernape, M
|poke|p2|Bisharp, M
|rule|Swagger Clause: Swagger is banned
|rule|Baton Pass Clause: Limit one PokÃ©mon knowing Baton Pass
|rule|Sleep Clause Mod: Limit one foe put to sleep
|rule|Species Clause: Limit one of each PokÃ©mon
|rule|OHKO Clause: OHKO moves are banned
|rule|Moody Clause: Moody is banned
|rule|Evasion Moves Clause: Evasion moves are banned
|rule|Endless Battle Clause: Forcing endless battles is banned
|rule|HP Percentage Mod: HP is shown in percentages
|teampreview
|
|start
|switch|p1a: Noivern|Noivern, M|311\/311
|switch|p2a: Infernape|Infernape, M|294\/294
|turn|1
|
|move|p1a: Noivern|Taunt|p2a: Infernape
|-start|p2a: Infernape|move: Taunt
|cant|p2a: Infernape|move: Taunt|Stealth Rock
|
|turn|2
|
|move|p1a: Noivern|Boomburst|p2a: Infernape
|-damage|p2a: Infernape|46\/294
|-damage|p1a: Noivern|280\/311|[from] item: Life Orb
|move|p2a: Infernape|Endeavor|p1a: Noivern
|-damage|p1a: Noivern|46\/311
|
|turn|3
|
|move|p2a: Infernape|Vacuum Wave|p1a: Noivern
|-resisted|p1a: Noivern
|-damage|p1a: Noivern|9\/311
|move|p1a: Noivern|Focus Blast|p2a: Infernape|[miss]
|-miss|p1a: Noivern|p2a: Infernape
|
|-end|p2a: Infernape|move: Taunt
|turn|4
|
|move|p2a: Infernape|Vacuum Wave|p1a: Noivern
|-resisted|p1a: Noivern
|-damage|p1a: Noivern|0 fnt
|faint|p1a: Noivern
|
|
|switch|p1a: Ditto|Ditto|300\/300
|-transform|p1a: Ditto|p2a: Infernape
|turn|5
|
|switch|p2a: Azumarill|Azumarill, M|403\/403
|move|p1a: Ditto|Stealth Rock|p2a: Azumarill
|-sidestart|p2: Pentai|move: Stealth Rock
|
|turn|6
|
|switch|p1a: Celebi|Celebi|404\/404
|move|p2a: Azumarill|Knock Off|p1a: Celebi
|-supereffective|p1a: Celebi
|-damage|p1a: Celebi|168\/404
|-enditem|p1a: Celebi|Leftovers|[from] move: Knock Off|[of] p2a: Azumarill
|
|turn|7
|
|switch|p2a: Bisharp|Bisharp, M|272\/272
|-damage|p2a: Bisharp|255\/272|[from] Stealth Rock
|move|p1a: Celebi|Baton Pass|p1a: Celebi
|
|switch|p1a: Keldeo|Keldeo|323\/323
|
|turn|8
|
|switch|p2a: Azumarill|Azumarill, M|403\/403
|-damage|p2a: Azumarill|353\/403|[from] Stealth Rock
|move|p1a: Keldeo|Scald|p2a: Azumarill
|-resisted|p2a: Azumarill
|-damage|p2a: Azumarill|265\/403
|-status|p2a: Azumarill|brn
|
|-damage|p2a: Azumarill|215\/403 brn|[from] brn
|turn|9
|
|switch|p1a: Ditto|Ditto|300\/300
|-transform|p1a: Ditto|p2a: Azumarill
|move|p2a: Azumarill|Play Rough|p1a: Ditto
|-damage|p1a: Ditto|186\/300
|
|-damage|p2a: Azumarill|165\/403 brn|[from] brn
|turn|10
|
|move|p1a: Ditto|Aqua Jet|p2a: Azumarill
|-resisted|p2a: Azumarill
|-damage|p2a: Azumarill|114\/403 brn
|move|p2a: Azumarill|Knock Off|p1a: Ditto
|-resisted|p1a: Ditto
|-damage|p1a: Ditto|140\/300
|-enditem|p1a: Ditto|Choice Scarf|[from] move: Knock Off|[of] p2a: Azumarill
|
|-damage|p2a: Azumarill|64\/403 brn|[from] brn
|turn|11
|
|move|p2a: Azumarill|Aqua Jet|p1a: Ditto
|-resisted|p1a: Ditto
|-damage|p1a: Ditto|116\/300
|move|p1a: Ditto|Waterfall|p2a: Azumarill
|-resisted|p2a: Azumarill
|-damage|p2a: Azumarill|0 fnt
|faint|p2a: Azumarill
|
|
|switch|p2a: Bisharp|Bisharp, M|255\/272
|-damage|p2a: Bisharp|238\/272|[from] Stealth Rock
|turn|12
|
|move|p2a: Bisharp|Iron Head|p1a: Ditto
|-damage|p1a: Ditto|0 fnt
|faint|p1a: Ditto
|
|
|switch|p1a: Keldeo|Keldeo|323\/323
|turn|13
|
|switch|p2a: Infernape|Infernape, M|46\/294
|-damage|p2a: Infernape|10\/294|[from] Stealth Rock
|move|p1a: Keldeo|Scald|p2a: Infernape
|-supereffective|p2a: Infernape
|-damage|p2a: Infernape|0 fnt
|faint|p2a: Infernape
|
|
|switch|p2a: Thundurus|Thundurus, M|299\/299
|-damage|p2a: Thundurus|225\/299|[from] Stealth Rock
|turn|14
|
|switch|p1a: Camerupt|Camerupt, M|344\/344
|move|p2a: Thundurus|Focus Blast|p1a: Camerupt
|-damage|p1a: Camerupt|124\/344
|-unboost|p1a: Camerupt|spd|1
|-damage|p2a: Thundurus|196\/299|[from] item: Life Orb
|
|turn|15
|
|switch|p1a: Weavile|Weavile, M|281\/281
|-ability|p1a: Weavile|Pressure
|move|p2a: Thundurus|Focus Blast|p1a: Weavile
|-supereffective|p1a: Weavile
|-damage|p1a: Weavile|0 fnt
|-damage|p2a: Thundurus|167\/299|[from] item: Life Orb
|faint|p1a: Weavile
|
|-message|Avatar Karin forfeited.
|
|win|Pentai
|raw|Ladder updating...
|leave|Avatar Karin
|player|p1
|raw|Avatar Karin's rating: 1407 &rarr; <strong>1389<\/strong><br \/>(-18 for losing)
|raw|Pentai's rating: 1435 &rarr; <strong>1454<\/strong><br \/>(+19 for winning)