|join|Avatar Karin
|join|craing
|player|p1|Avatar Karin|223
|player|p2|craing|43
|gametype|singles
|gen|6
|tier|OU (suspect test)
|rated
|clearpoke
|poke|p1|Weavile, F
|poke|p1|Camerupt, M
|poke|p1|Keldeo
|poke|p1|Celebi
|poke|p1|Noivern, F
|poke|p1|Ditto
|poke|p2|Dugtrio, M
|poke|p2|Volcarona, F
|poke|p2|Latias, F
|poke|p2|Pidgeot, M
|poke|p2|Rotom-Wash
|poke|p2|Jirachi
|rule|Swagger Clause: Swagger is banned
|rule|Baton Pass Clause: Limit one PokÃ©mon knowing Baton Pass
|rule|Sleep Clause Mod: Limit one foe put to sleep
|rule|Species Clause: Limit one of each PokÃ©mon
|rule|OHKO Clause: OHKO moves are banned
|rule|Moody Clause: Moody is banned
|rule|Evasion Moves Clause: Evasion moves are banned
|rule|Endless Battle Clause: Forcing endless battles is banned
|rule|HP Percentage Mod: HP is shown in percentages
|teampreview
|
|start
|switch|p1a: Noivern|Noivern, F|311\/311
|switch|p2a: Jirachi|Jirachi|404\/404
|turn|1
|
|switch|p1a: Ditto|Ditto|300\/300
|-transform|p1a: Ditto|p2a: Jirachi
|move|p2a: Jirachi|Iron Head|p1a: Ditto
|-resisted|p1a: Ditto
|-damage|p1a: Ditto|252\/300
|
|turn|2
|
|switch|p2a: Rotom-Wash|Rotom-Wash|301\/301
|move|p1a: Ditto|Fire Punch|p2a: Rotom-Wash
|-resisted|p2a: Rotom-Wash
|-damage|p2a: Rotom-Wash|277\/301
|
|-heal|p2a: Rotom-Wash|295\/301|[from] item: Leftovers
|turn|3
|
|switch|p1a: Noivern|Noivern, F|311\/311
|move|p2a: Rotom-Wash|Volt Switch|p1a: Noivern
|-damage|p1a: Noivern|206\/311
|
|switch|p2a: Jirachi|Jirachi|404\/404
|
|turn|4
|
|switch|p2a: Rotom-Wash|Rotom-Wash|295\/301
|move|p1a: Noivern|Taunt|p2a: Rotom-Wash
|-start|p2a: Rotom-Wash|move: Taunt
|
|-heal|p2a: Rotom-Wash|301\/301|[from] item: Leftovers
|turn|5
|
|switch|p2a: Jirachi|Jirachi|404\/404
|move|p1a: Noivern|Focus Blast|p2a: Jirachi|[miss]
|-miss|p1a: Noivern|p2a: Jirachi
|
|turn|6
|
|switch|p2a: Rotom-Wash|Rotom-Wash|301\/301
|move|p1a: Noivern|Focus Blast|p2a: Rotom-Wash
|-damage|p2a: Rotom-Wash|170\/301
|-damage|p1a: Noivern|175\/311|[from] item: Life Orb
|
|-heal|p2a: Rotom-Wash|188\/301|[from] item: Leftovers
|turn|7
|
|switch|p2a: Jirachi|Jirachi|404\/404
|move|p1a: Noivern|Draco Meteor|p2a: Jirachi|[miss]
|-miss|p1a: Noivern|p2a: Jirachi
|
|turn|8
|
|switch|p1a: Camerupt|Camerupt, M|344\/344
|move|p2a: Jirachi|Toxic|p1a: Camerupt
|-status|p1a: Camerupt|tox
|
|-damage|p1a: Camerupt|323\/344 tox|[from] psn
|turn|9
|
|move|p2a: Jirachi|Substitute|p2a: Jirachi
|-start|p2a: Jirachi|Substitute
|-damage|p2a: Jirachi|303\/404
|move|p1a: Camerupt|Stealth Rock|p2a: Jirachi
|-sidestart|p2: craing|move: Stealth Rock
|
|-heal|p2a: Jirachi|328\/404|[from] item: Leftovers
|-damage|p1a: Camerupt|281\/344 tox|[from] psn
|turn|10
|
|move|p2a: Jirachi|Iron Head|p1a: Camerupt
|-resisted|p1a: Camerupt
|-damage|p1a: Camerupt|217\/344 tox
|move|p1a: Camerupt|Earth Power|p2a: Jirachi
|-supereffective|p2a: Jirachi
|-end|p2a: Jirachi|Substitute
|
|-heal|p2a: Jirachi|353\/404|[from] item: Leftovers
|-damage|p1a: Camerupt|154\/344 tox|[from] psn
|turn|11
|
|switch|p1a: Keldeo|Keldeo|323\/323
|move|p2a: Jirachi|Iron Head|p1a: Keldeo
|-resisted|p1a: Keldeo
|-damage|p1a: Keldeo|263\/323
|
|-heal|p2a: Jirachi|378\/404|[from] item: Leftovers
|turn|12
|
|switch|p1a: Weavile|Weavile, F|281\/281
|-ability|p1a: Weavile|Pressure
|switch|p2a: Latias|Latias, F|319\/319
|-damage|p2a: Latias|280\/319|[from] Stealth Rock
|
|turn|13
|
|switch|p2a: Volcarona|Volcarona, F|329\/329
|-damage|p2a: Volcarona|165\/329|[from] Stealth Rock
|move|p1a: Weavile|Knock Off|p2a: Volcarona
|-damage|p2a: Volcarona|0 fnt
|-status|p1a: Weavile|brn
|-enditem|p2a: Volcarona|Lum Berry|[from] move: Knock Off|[of] p1a: Weavile
|faint|p2a: Volcarona
|
|-damage|p1a: Weavile|246\/281 brn|[from] brn
|
|switch|p2a: Rotom-Wash|Rotom-Wash|188\/301
|-damage|p2a: Rotom-Wash|151\/301|[from] Stealth Rock
|turn|14
|
|switch|p1a: Noivern|Noivern, F|175\/311
|move|p2a: Rotom-Wash|Pain Split|p1a: Noivern
|-sethp|p1a: Noivern|163\/311|p2a: Rotom-Wash|163\/301|[from] move: Pain Split
|
|-heal|p2a: Rotom-Wash|181\/301|[from] item: Leftovers
|turn|15
|
|switch|p2a: Jirachi|Jirachi|378\/404
|-damage|p2a: Jirachi|353\/404|[from] Stealth Rock
|move|p1a: Noivern|Draco Meteor|p2a: Jirachi
|-resisted|p2a: Jirachi
|-damage|p2a: Jirachi|237\/404
|-unboost|p1a: Noivern|spa|2
|-damage|p1a: Noivern|132\/311|[from] item: Life Orb
|
|-heal|p2a: Jirachi|262\/404|[from] item: Leftovers
|turn|16
|
|switch|p1a: Keldeo|Keldeo|263\/323
|move|p2a: Jirachi|Iron Head|p1a: Keldeo
|-resisted|p1a: Keldeo
|-damage|p1a: Keldeo|209\/323
|
|-heal|p2a: Jirachi|287\/404|[from] item: Leftovers
|turn|17
|
|switch|p1a: Weavile|Weavile, F|246\/281 brn
|-ability|p1a: Weavile|Pressure
|switch|p2a: Latias|Latias, F|280\/319
|-damage|p2a: Latias|241\/319|[from] Stealth Rock
|
|-damage|p1a: Weavile|211\/281 brn|[from] brn
|turn|18
|
|switch|p2a: Dugtrio|Dugtrio, M|201\/201
|-damage|p2a: Dugtrio|189\/201|[from] Stealth Rock
|move|p1a: Weavile|Knock Off|p2a: Dugtrio
|-damage|p2a: Dugtrio|0 fnt
|-enditem|p2a: Dugtrio|Focus Sash|[from] move: Knock Off|[of] p1a: Weavile
|faint|p2a: Dugtrio
|
|-damage|p1a: Weavile|176\/281 brn|[from] brn
|
|switch|p2a: Pidgeot|Pidgeot, M|307\/307
|-damage|p2a: Pidgeot|231\/307|[from] Stealth Rock
|turn|19
|
|switch|p1a: Camerupt|Camerupt, M|154\/344 tox
|detailschange|p2a: Pidgeot|Pidgeot-Mega, M
|-mega|p2a: Pidgeot|Pidgeot|Pidgeotite
|move|p2a: Pidgeot|Hurricane|p1a: Camerupt
|-damage|p1a: Camerupt|0 fnt
|faint|p1a: Camerupt
|
|
|switch|p1a: Noivern|Noivern, F|132\/311
|turn|20
|
|move|p1a: Noivern|Draco Meteor|p2a: Pidgeot
|-damage|p2a: Pidgeot|0 fnt
|-unboost|p1a: Noivern|spa|2
|-damage|p1a: Noivern|101\/311|[from] item: Life Orb
|faint|p2a: Pidgeot
|
|
|switch|p2a: Jirachi|Jirachi|287\/404
|-damage|p2a: Jirachi|262\/404|[from] Stealth Rock
|turn|21
|
|switch|p2a: Latias|Latias, F|241\/319
|-damage|p2a: Latias|202\/319|[from] Stealth Rock
|move|p1a: Noivern|Taunt|p2a: Latias
|-start|p2a: Latias|move: Taunt
|
|turn|22
|
|move|p1a: Noivern|Draco Meteor|p2a: Latias
|-supereffective|p2a: Latias
|-damage|p2a: Latias|12\/319
|-unboost|p1a: Noivern|spa|2
|-damage|p1a: Noivern|70\/311|[from] item: Life Orb
|move|p2a: Latias|Psyshock|p1a: Noivern
|-crit|p1a: Noivern
|-damage|p1a: Noivern|0 fnt
|-damage|p2a: Latias|0 fnt|[from] item: Life Orb
|faint|p1a: Noivern
|faint|p2a: Latias
|
|
|switch|p1a: Keldeo|Keldeo|209\/323
|switch|p2a: Rotom-Wash|Rotom-Wash|181\/301
|-damage|p2a: Rotom-Wash|144\/301|[from] Stealth Rock
|turn|23
|
|move|p1a: Keldeo|Secret Sword|p2a: Rotom-Wash
|-damage|p2a: Rotom-Wash|0 fnt
|faint|p2a: Rotom-Wash
|
|-message|craing forfeited.
|
|win|Avatar Karin
|raw|Ladder updating...
|leave|craing
|player|p2
|raw|Avatar Karin's rating: 1405 &rarr; <strong>1423<\/strong><br \/>(+18 for winning)
|raw|craing's rating: 1369 &rarr; <strong>1351<\/strong><br \/>(-18 for losing)
|leave|Avatar Karin
|player|p1
|join|Avatar Karin