|join|JohnxYiu
|join|Avatar Karin
|player|p1|JohnxYiu|20
|player|p2|Avatar Karin|223
|gametype|singles
|gen|6
|tier|OU (suspect test)
|rated
|clearpoke
|poke|p1|Slowbro, M
|poke|p1|Ferrothorn, F
|poke|p1|Raikou
|poke|p1|Lucario, M
|poke|p1|Keldeo-Resolute
|poke|p1|Landorus-Therian, M
|poke|p2|Weavile, F
|poke|p2|Camerupt, M
|poke|p2|Keldeo
|poke|p2|Celebi
|poke|p2|Noivern, F
|poke|p2|Ditto
|rule|Swagger Clause: Swagger is banned
|rule|Baton Pass Clause: Limit one PokÃ©mon knowing Baton Pass
|rule|Sleep Clause Mod: Limit one foe put to sleep
|rule|Species Clause: Limit one of each PokÃ©mon
|rule|OHKO Clause: OHKO moves are banned
|rule|Moody Clause: Moody is banned
|rule|Evasion Moves Clause: Evasion moves are banned
|rule|Endless Battle Clause: Forcing endless battles is banned
|rule|HP Percentage Mod: HP is shown in percentages
|teampreview
|join|Alkov
|c|âJohnxYiu|im scared
|
|start
|switch|p1a: Landorus-Therian|Landorus-Therian, M|325\/325
|switch|p2a: Camerupt|Camerupt, M|344\/344
|-ability|p1a: Landorus-Therian|Intimidate|[of] p2a: Camerupt
|-unboost|p2a: Camerupt|atk|1
|turn|1
|c| Alkov|i feel like building a team around crocune , its so under prepared and it walls so many common things rn
|c|âJohnxYiu|sheer force fire blast is just nuts
|
|switch|p2a: Noivern|Noivern, F|311\/311
|move|p1a: Landorus-Therian|Earthquake|p2a: Noivern
|-immune|p2a: Noivern|[msg]
|
|turn|2
|
|switch|p1a: Raikou|Raikou|321\/321
|-ability|p1a: Raikou|Pressure
|move|p2a: Noivern|Focus Blast|p1a: Raikou
|-damage|p1a: Raikou|226\/321
|-damage|p2a: Noivern|280\/311|[from] item: Life Orb
|
|turn|3
|
|switch|p2a: Camerupt|Camerupt, M|344\/344
|switch|p1a: Landorus-Therian|Landorus-Therian, M|325\/325
|-ability|p1a: Landorus-Therian|Intimidate|[of] p2a: Camerupt
|-unboost|p2a: Camerupt|atk|1
|
|turn|4
|
|move|p1a: Landorus-Therian|U-turn|p2a: Camerupt
|-resisted|p2a: Camerupt
|-damage|p2a: Camerupt|286\/344
|
|switch|p1a: Keldeo-Resolute|Keldeo-Resolute|324\/324
|move|p2a: Camerupt|Stealth Rock|p1a: Keldeo-Resolute
|-sidestart|p1: JohnxYiu|move: Stealth Rock
|
|turn|5
|
|switch|p2a: Celebi|Celebi|404\/404
|move|p1a: Keldeo-Resolute|Substitute|p1a: Keldeo-Resolute
|-start|p1a: Keldeo-Resolute|Substitute
|-damage|p1a: Keldeo-Resolute|243\/324
|
|-heal|p1a: Keldeo-Resolute|263\/324|[from] item: Leftovers
|turn|6
|c| Alkov|the balls
|c| Alkov|he has to stay in against lando
|
|move|p1a: Keldeo-Resolute|Scald|p2a: Celebi
|-resisted|p2a: Celebi
|-damage|p2a: Celebi|330\/404
|-status|p2a: Celebi|brn
|move|p2a: Celebi|Giga Drain|p1a: Keldeo-Resolute
|-crit|p1a: Keldeo-Resolute
|-supereffective|p1a: Keldeo-Resolute
|-end|p1a: Keldeo-Resolute|Substitute
|-heal|p2a: Celebi|371\/404 brn|[from] drain|[of] p1a: Keldeo-Resolute
|
|-heal|p1a: Keldeo-Resolute|283\/324|[from] item: Leftovers
|-heal|p2a: Celebi|396\/404 brn|[from] item: Leftovers
|-damage|p2a: Celebi|346\/404 brn|[from] brn
|turn|7
|c|âJohnxYiu|yes
|
|switch|p1a: Ferrothorn|Ferrothorn, F|351\/351
|-damage|p1a: Ferrothorn|330\/351|[from] Stealth Rock
|move|p2a: Celebi|Baton Pass|p2a: Celebi
|
|switch|p2a: Camerupt|Camerupt, M|286\/344
|
|turn|8
|
|switch|p1a: Keldeo-Resolute|Keldeo-Resolute|283\/324
|-damage|p1a: Keldeo-Resolute|263\/324|[from] Stealth Rock
|move|p2a: Camerupt|Fire Blast|p1a: Keldeo-Resolute
|-resisted|p1a: Keldeo-Resolute
|-damage|p1a: Keldeo-Resolute|170\/324
|
|-heal|p1a: Keldeo-Resolute|190\/324|[from] item: Leftovers
|turn|9
|c| Alkov|bye, off to watch 8 miles n_n
|c|âJohnxYiu|cya lel
|
|switch|p1a: Landorus-Therian|Landorus-Therian, M|325\/325
|-damage|p1a: Landorus-Therian|285\/325|[from] Stealth Rock
|-ability|p1a: Landorus-Therian|Intimidate|[of] p2a: Camerupt
|-unboost|p2a: Camerupt|atk|1
|switch|p2a: Noivern|Noivern, F|280\/311
|
|turn|10
|
|switch|p2a: Keldeo|Keldeo|323\/323
|move|p1a: Landorus-Therian|U-turn|p2a: Keldeo
|-resisted|p2a: Keldeo
|-damage|p2a: Keldeo|275\/323
|
|switch|p1a: Raikou|Raikou|226\/321
|-damage|p1a: Raikou|186\/321|[from] Stealth Rock
|-ability|p1a: Raikou|Pressure
|
|turn|11
|
|switch|p2a: Camerupt|Camerupt, M|286\/344
|move|p1a: Raikou|Volt Switch|p2a: Camerupt
|-immune|p2a: Camerupt|[msg]
|
|turn|12
|
|switch|p1a: Slowbro|Slowbro, M|391\/391
|-damage|p1a: Slowbro|343\/391|[from] Stealth Rock
|detailschange|p2a: Camerupt|Camerupt-Mega, M
|-mega|p2a: Camerupt|Camerupt|Cameruptite
|move|p2a: Camerupt|Earth Power|p1a: Slowbro
|-damage|p1a: Slowbro|100\/391
|
|turn|13
|
|switch|p1a: Keldeo-Resolute|Keldeo-Resolute|190\/324
|-damage|p1a: Keldeo-Resolute|170\/324|[from] Stealth Rock
|switch|p2a: Celebi|Celebi|346\/404
|
|-heal|p1a: Keldeo-Resolute|190\/324|[from] item: Leftovers
|-heal|p2a: Celebi|371\/404|[from] item: Leftovers
|turn|14
|
|switch|p1a: Ferrothorn|Ferrothorn, F|330\/351
|-damage|p1a: Ferrothorn|309\/351|[from] Stealth Rock
|move|p2a: Celebi|Baton Pass|p2a: Celebi
|
|switch|p2a: Camerupt|Camerupt-Mega, M|286\/344
|
|turn|15
|
|move|p2a: Camerupt|Fire Blast|p1a: Ferrothorn
|-supereffective|p1a: Ferrothorn
|-damage|p1a: Ferrothorn|0 fnt
|faint|p1a: Ferrothorn
|
|
|switch|p1a: Keldeo-Resolute|Keldeo-Resolute|190\/324
|-damage|p1a: Keldeo-Resolute|170\/324|[from] Stealth Rock
|turn|16
|
|switch|p2a: Noivern|Noivern, F|280\/311
|move|p1a: Keldeo-Resolute|Scald|p2a: Noivern
|-resisted|p2a: Noivern
|-damage|p2a: Noivern|199\/311
|
|-heal|p1a: Keldeo-Resolute|190\/324|[from] item: Leftovers
|turn|17
|
|switch|p1a: Raikou|Raikou|186\/321
|-damage|p1a: Raikou|146\/321|[from] Stealth Rock
|-ability|p1a: Raikou|Pressure
|move|p2a: Noivern|Draco Meteor|p1a: Raikou
|-crit|p1a: Raikou
|-damage|p1a: Raikou|0 fnt
|-unboost|p2a: Noivern|spa|2
|-damage|p2a: Noivern|168\/311|[from] item: Life Orb
|faint|p1a: Raikou
|
|
|switch|p1a: Lucario|Lucario, M|281\/281
|-damage|p1a: Lucario|273\/281|[from] Stealth Rock
|turn|18
|
|switch|p2a: Keldeo|Keldeo|275\/323
|move|p1a: Lucario|Iron Tail|p2a: Keldeo
|-resisted|p2a: Keldeo
|-damage|p2a: Keldeo|170\/323
|-unboost|p2a: Keldeo|def|1
|-damage|p1a: Lucario|245\/281|[from] item: Life Orb
|
|turn|19
|
|switch|p2a: Ditto|Ditto|300\/300
|-transform|p2a: Ditto|p1a: Lucario
|move|p1a: Lucario|Extreme Speed|p2a: Ditto
|-resisted|p2a: Ditto
|-damage|p2a: Ditto|232\/300
|-damage|p1a: Lucario|217\/281|[from] item: Life Orb
|
|turn|20
|
|switch|p1a: Slowbro|Slowbro, M|230\/391
|-damage|p1a: Slowbro|182\/391|[from] Stealth Rock
|move|p2a: Ditto|Close Combat|p1a: Slowbro
|-resisted|p1a: Slowbro
|-damage|p1a: Slowbro|100\/391
|-unboost|p2a: Ditto|def|1
|-unboost|p2a: Ditto|spd|1
|
|turn|21
|
|switch|p2a: Celebi|Celebi|371\/404
|switch|p1a: Lucario|Lucario, M|217\/281
|-damage|p1a: Lucario|209\/281|[from] Stealth Rock
|
|-heal|p2a: Celebi|396\/404|[from] item: Leftovers
|turn|22
|
|move|p1a: Lucario|Swords Dance|p1a: Lucario
|-boost|p1a: Lucario|atk|2
|move|p2a: Celebi|Baton Pass|p2a: Celebi
|
|switch|p2a: Ditto|Ditto|232\/300
|-transform|p2a: Ditto|p1a: Lucario
|
|turn|23
|
|move|p1a: Lucario|Extreme Speed|p2a: Ditto
|-resisted|p2a: Ditto
|-damage|p2a: Ditto|90\/300
|-damage|p1a: Lucario|181\/281|[from] item: Life Orb
|move|p2a: Ditto|Close Combat|p1a: Lucario
|-supereffective|p1a: Lucario
|-damage|p1a: Lucario|0 fnt
|-unboost|p2a: Ditto|def|1
|-unboost|p2a: Ditto|spd|1
|faint|p1a: Lucario
|
|
|switch|p1a: Keldeo-Resolute|Keldeo-Resolute|190\/324
|-damage|p1a: Keldeo-Resolute|170\/324|[from] Stealth Rock
|turn|24
|
|move|p2a: Ditto|Close Combat|p1a: Keldeo-Resolute
|-damage|p1a: Keldeo-Resolute|0 fnt
|-unboost|p2a: Ditto|def|1
|-unboost|p2a: Ditto|spd|1
|faint|p1a: Keldeo-Resolute
|
|-message|JohnxYiu forfeited.
|
|win|Avatar Karin
|raw|Ladder updating...
|raw|JohnxYiu's rating: 1444 &rarr; <strong>1422<\/strong><br \/>(-22 for losing)
|raw|Avatar Karin's rating: 1404 &rarr; <strong>1426<\/strong><br \/>(+22 for winning)
|leave|JohnxYiu
|player|p1
|leave|Avatar Karin
|player|p2
|join|Squirrelll
|leave|Squirrelll
|join|Praj.pran