|join|To Test
|join|Avatar Karin
|player|p1|To Test|169
|player|p2|Avatar Karin|223
|gametype|singles
|gen|6
|tier|OU (suspect test)
|rated
|clearpoke
|poke|p1|Tyranitar, M, shiny
|poke|p1|Gardevoir, F
|poke|p1|Landorus-Therian, M
|poke|p1|Ferrothorn, F
|poke|p1|Latios, M
|poke|p1|Heatran, M
|poke|p2|Weavile, F
|poke|p2|Camerupt, M
|poke|p2|Keldeo
|poke|p2|Celebi
|poke|p2|Noivern, M
|poke|p2|Ditto
|rule|Swagger Clause: Swagger is banned
|rule|Baton Pass Clause: Limit one PokÃ©mon knowing Baton Pass
|rule|Sleep Clause Mod: Limit one foe put to sleep
|rule|Species Clause: Limit one of each PokÃ©mon
|rule|OHKO Clause: OHKO moves are banned
|rule|Moody Clause: Moody is banned
|rule|Evasion Moves Clause: Evasion moves are banned
|rule|Endless Battle Clause: Forcing endless battles is banned
|rule|HP Percentage Mod: HP is shown in percentages
|teampreview
|
|start
|switch|p1a: Primal|Landorus-Therian, M|320\/320
|switch|p2a: Noivern|Noivern, M|311\/311
|-ability|p1a: Primal|Intimidate|[of] p2a: Noivern
|-unboost|p2a: Noivern|atk|1
|turn|1
|
|switch|p2a: Keldeo|Keldeo|323\/323
|move|p1a: Primal|Stone Edge|p2a: Keldeo|[miss]
|-miss|p1a: Primal|p2a: Keldeo
|
|turn|2
|
|switch|p1a: Ironside|Ferrothorn, F|352\/352
|move|p2a: Keldeo|Secret Sword|p1a: Ironside
|-supereffective|p1a: Ironside
|-damage|p1a: Ironside|62\/352
|
|-heal|p1a: Ironside|84\/352|[from] item: Leftovers
|turn|3
|
|switch|p1a: Isis|Gardevoir, F|277\/277
|-ability|p1a: Isis|Justified|[from] ability: Trace|[of] p2a: Keldeo
|move|p2a: Keldeo|Secret Sword|p1a: Isis
|-resisted|p1a: Isis
|-damage|p1a: Isis|204\/277
|
|turn|4
|
|switch|p2a: Celebi|Celebi|404\/404
|detailschange|p1a: Isis|Gardevoir-Mega, F
|-mega|p1a: Isis|Gardevoir|Gardevoirite
|move|p1a: Isis|Substitute|p1a: Isis
|-start|p1a: Isis|Substitute
|-damage|p1a: Isis|135\/277
|
|turn|5
|
|move|p1a: Isis|Hyper Voice|p2a: Celebi
|-damage|p2a: Celebi|149\/404
|move|p2a: Celebi|Baton Pass|p2a: Celebi
|
|switch|p2a: Ditto|Ditto|300\/300
|
|turn|6
|
|switch|p2a: Celebi|Celebi|149\/404
|move|p1a: Isis|Hyper Voice|p2a: Celebi
|-damage|p2a: Celebi|0 fnt
|faint|p2a: Celebi
|
|
|switch|p2a: Camerupt|Camerupt, M|344\/344
|turn|7
|
|detailschange|p2a: Camerupt|Camerupt-Mega, M
|-mega|p2a: Camerupt|Camerupt|Cameruptite
|move|p1a: Isis|Psyshock|p2a: Camerupt
|-damage|p2a: Camerupt|146\/344
|move|p2a: Camerupt|Stealth Rock|p1a: Isis
|-sidestart|p1: To Test|move: Stealth Rock
|
|turn|8
|c|âTo Test|DJ Roomba <3
|
|move|p1a: Isis|Psyshock|p2a: Camerupt
|-damage|p2a: Camerupt|0 fnt
|faint|p2a: Camerupt
|
|
|switch|p2a: Noivern|Noivern, M|311\/311
|turn|9
|
|move|p2a: Noivern|Boomburst|p1a: Isis
|-damage|p1a: Isis|1\/277
|-damage|p2a: Noivern|280\/311|[from] item: Life Orb
|move|p1a: Isis|Hyper Voice|p2a: Noivern
|-supereffective|p2a: Noivern
|-damage|p2a: Noivern|0 fnt
|faint|p2a: Noivern
|
|
|switch|p2a: Keldeo|Keldeo|323\/323
|turn|10
|c|âTo Test|sorry
|
|move|p2a: Keldeo|Scald|p1a: Isis
|-end|p1a: Isis|Substitute
|move|p1a: Isis|Hyper Voice|p2a: Keldeo
|-supereffective|p2a: Keldeo
|-damage|p2a: Keldeo|0 fnt
|faint|p2a: Keldeo
|
|
|switch|p2a: Weavile|Weavile, F|281\/281
|-ability|p2a: Weavile|Pressure
|turn|11
|
|move|p2a: Weavile|Low Kick|p1a: Isis
|-resisted|p1a: Isis
|-damage|p1a: Isis|0 fnt
|faint|p1a: Isis
|
|
|switch|p1a: Primal|Landorus-Therian, M|320\/320
|-damage|p1a: Primal|280\/320|[from] Stealth Rock
|-ability|p1a: Primal|Intimidate|[of] p2a: Weavile
|-unboost|p2a: Weavile|atk|1
|turn|12
|
|switch|p2a: Ditto|Ditto|300\/300
|-transform|p2a: Ditto|p1a: Primal
|-ability|p2a: Ditto|Intimidate|[of] p1a: Primal
|-unboost|p1a: Primal|atk|1
|move|p1a: Primal|U-turn|p2a: Ditto
|-resisted|p2a: Ditto
|-damage|p2a: Ditto|265\/300
|
|switch|p1a: Ironside|Ferrothorn, F|84\/352
|-damage|p1a: Ironside|62\/352|[from] Stealth Rock
|
|-heal|p1a: Ironside|84\/352|[from] item: Leftovers
|turn|13
|
|move|p2a: Ditto|Earthquake|p1a: Ironside
|-damage|p1a: Ironside|0 fnt
|faint|p1a: Ironside
|
|
|switch|p1a: Jetstream|Latios, M|301\/301
|-damage|p1a: Jetstream|264\/301|[from] Stealth Rock
|turn|14
|
|move|p2a: Ditto|Earthquake|p1a: Jetstream
|-immune|p1a: Jetstream|[msg]
|move|p1a: Jetstream|Draco Meteor|p2a: Ditto
|-damage|p2a: Ditto|0 fnt
|-unboost|p1a: Jetstream|spa|2
|-damage|p1a: Jetstream|234\/301|[from] item: Life Orb
|faint|p2a: Ditto
|
|
|switch|p2a: Weavile|Weavile, F|281\/281
|-ability|p2a: Weavile|Pressure
|turn|15
|
|switch|p1a: Smaug|Heatran, M|324\/324
|-damage|p1a: Smaug|284\/324|[from] Stealth Rock
|move|p2a: Weavile|Knock Off|p1a: Smaug
|-damage|p1a: Smaug|46\/324
|-enditem|p1a: Smaug|Leftovers|[from] move: Knock Off|[of] p2a: Weavile
|
|turn|16
|
|move|p2a: Weavile|Knock Off|p1a: Smaug
|-damage|p1a: Smaug|0 fnt
|faint|p1a: Smaug
|
|
|switch|p1a: Primal|Landorus-Therian, M|280\/320
|-damage|p1a: Primal|240\/320|[from] Stealth Rock
|-ability|p1a: Primal|Intimidate|[of] p2a: Weavile
|-unboost|p2a: Weavile|atk|1
|turn|17
|
|move|p1a: Primal|U-turn|p2a: Weavile
|-supereffective|p2a: Weavile
|-damage|p2a: Weavile|15\/281
|
|switch|p1a: Godzilla|Tyranitar, M, shiny|341\/341
|-damage|p1a: Godzilla|299\/341|[from] Stealth Rock
|-weather|Sandstorm
|move|p2a: Weavile|Knock Off|p1a: Godzilla
|-resisted|p1a: Godzilla
|-damage|p1a: Godzilla|223\/341
|-enditem|p1a: Godzilla|Choice Scarf|[from] move: Knock Off|[of] p2a: Weavile
|
|-weather|Sandstorm|[upkeep]
|-damage|p2a: Weavile|0 fnt|[from] sandstorm
|faint|p2a: Weavile
|
|win|To Test
|raw|Ladder updating...
|raw|To Test's rating: 1432 &rarr; <strong>1448<\/strong><br \/>(+16 for winning)
|raw|Avatar Karin's rating: 1360 &rarr; <strong>1344<\/strong><br \/>(-16 for losing)
|c|âTo Test|gg
|leave|Avatar Karin
|player|p2