|join|WarriorBlast
|join|Edgar Allen Fro
|player|p1|WarriorBlast|266
|player|p2|Edgar Allen Fro|15
|gametype|singles
|gen|6
|tier|OU
|rated
|clearpoke
|poke|p1|Latios, M
|poke|p1|Thundurus, M
|poke|p1|Keldeo
|poke|p1|Hippowdon, F
|poke|p1|Aegislash, F
|poke|p1|Charizard, M
|poke|p2|Octillery, F
|poke|p2|Florges, F
|poke|p2|Terrakion
|poke|p2|Heracross, M
|poke|p2|Metagross
|poke|p2|Arcanine, F
|rule|Sleep Clause Mod: Limit one foe put to sleep
|rule|Species Clause: Limit one of each Pokemon
|rule|OHKO Clause: OHKO moves are banned
|rule|Moody Clause: Moody is banned
|rule|Evasion Moves Clause: Evasion moves are banned
|rule|Endless Battle Clause: Forcing endless battles is banned.
|rule|HP Percentage Mod: HP is reported as percentages
|teampreview
|chat|Edgar Allen Fro|gl hf
|chat|WarriorBlast|u2
|
|start
|switch|p1a: Hippowdon|Hippowdon, F|417\/417
|switch|p2a: Octillery|Octillery, F|354\/354
|-weather|Sandstorm
|turn|1
|
|move|p1a: Hippowdon|Stealth Rock|p2a: Octillery
|-sidestart|p2: Edgar Allen Fro|move: Stealth Rock
|move|p2a: Octillery|Scald|p1a: Hippowdon
|-supereffective|p1a: Hippowdon
|-damage|p1a: Hippowdon|91\/417
|
|-weather|Sandstorm|[upkeep]
|-damage|p2a: Octillery|332\/354|[from] sandstorm
|-heal|p1a: Hippowdon|117\/417|[from] item: Leftovers
|turn|2
|
|move|p1a: Hippowdon|Slack Off|p1a: Hippowdon
|-heal|p1a: Hippowdon|326\/417
|move|p2a: Octillery|Scald|p1a: Hippowdon
|-supereffective|p1a: Hippowdon
|-damage|p1a: Hippowdon|14\/417
|
|-weather|Sandstorm|[upkeep]
|-damage|p2a: Octillery|310\/354|[from] sandstorm
|-heal|p1a: Hippowdon|40\/417|[from] item: Leftovers
|turn|3
|
|move|p1a: Hippowdon|Toxic|p2a: Octillery
|-status|p2a: Octillery|tox
|move|p2a: Octillery|Scald|p1a: Hippowdon
|-supereffective|p1a: Hippowdon
|-damage|p1a: Hippowdon|0 fnt
|faint|p1a: Hippowdon
|
|-weather|Sandstorm|[upkeep]
|-damage|p2a: Octillery|288\/354 tox|[from] sandstorm
|-damage|p2a: Octillery|266\/354 tox|[from] psn
|
|switch|p1a: Thundurus|Thundurus, M|306\/306
|turn|4
|
|move|p1a: Thundurus|Nasty Plot|p1a: Thundurus
|-boost|p1a: Thundurus|spa|2
|move|p2a: Octillery|Ice Beam|p1a: Thundurus
|-supereffective|p1a: Thundurus
|-damage|p1a: Thundurus|62\/306
|-status|p1a: Thundurus|frz
|
|-weather|Sandstorm|[upkeep]
|-damage|p1a: Thundurus|43\/306 frz|[from] sandstorm
|-damage|p2a: Octillery|244\/354 tox|[from] sandstorm
|-heal|p1a: Thundurus|62\/306 frz|[from] item: Leftovers
|-damage|p2a: Octillery|200\/354 tox|[from] psn
|turn|5
|
|cant|p1a: Thundurus|frz
|move|p2a: Octillery|Ice Beam|p1a: Thundurus
|-supereffective|p1a: Thundurus
|-damage|p1a: Thundurus|0 fnt
|faint|p1a: Thundurus
|
|-weather|none
|-damage|p2a: Octillery|134\/354 tox|[from] psn
|chat|Edgar Allen Fro|im sorry about that
|
|switch|p1a: Keldeo|Keldeo|323\/323
|turn|6
|
|move|p1a: Keldeo|Hydro Pump|p2a: Octillery
|-resisted|p2a: Octillery
|-damage|p2a: Octillery|14\/354 tox
|move|p2a: Octillery|Charge Beam|p1a: Keldeo
|-supereffective|p1a: Keldeo
|-damage|p1a: Keldeo|201\/323
|-boost|p2a: Octillery|spa|1
|
|-damage|p2a: Octillery|0 fnt|[from] psn
|faint|p2a: Octillery
|
|switch|p2a: Metagross|Metagross|364\/364
|-damage|p2a: Metagross|342\/364|[from] Stealth Rock
|turn|7
|
|move|p1a: Keldeo|Hydro Pump|p2a: Metagross
|-damage|p2a: Metagross|9\/364
|move|p2a: Metagross|Stealth Rock|p1a: Keldeo
|-sidestart|p1: WarriorBlast|move: Stealth Rock
|
|-heal|p2a: Metagross|31\/364|[from] item: Leftovers
|turn|8
|
|move|p1a: Keldeo|Hydro Pump|p2a: Metagross
|-damage|p2a: Metagross|0 fnt
|faint|p2a: Metagross
|
|
|switch|p2a: Heracross|Heracross, M|364\/364
|-damage|p2a: Heracross|319\/364|[from] Stealth Rock
|turn|9
|
|detailschange|p2a: Heracross|Heracross-Mega, M
|message|Heracross has Mega Evolved into Mega Heracross!
|move|p1a: Keldeo|Hydro Pump|p2a: Heracross
|-damage|p2a: Heracross|37\/364
|move|p2a: Heracross|Bullet Seed|p1a: Keldeo
|-supereffective|p1a: Keldeo
|-damage|p1a: Keldeo|97\/323
|-supereffective|p1a: Keldeo
|-damage|p1a: Keldeo|1\/323
|-supereffective|p1a: Keldeo
|-damage|p1a: Keldeo|0 fnt
|-hitcount|p1a: Keldeo|3
|faint|p1a: Keldeo
|
|
|switch|p1a: Latios|Latios, M|299\/299
|-damage|p1a: Latios|262\/299|[from] Stealth Rock
|turn|10
|
|move|p1a: Latios|Psyshock|p2a: Heracross
|-crit|p2a: Heracross
|-supereffective|p2a: Heracross
|-damage|p2a: Heracross|0 fnt
|-damage|p1a: Latios|233\/299|[from] item: Life Orb
|faint|p2a: Heracross
|
|
|switch|p2a: Terrakion|Terrakion|323\/323
|-damage|p2a: Terrakion|303\/323|[from] Stealth Rock
|turn|11
|
|move|p2a: Terrakion|X-Scissor|p1a: Latios
|-supereffective|p1a: Latios
|-damage|p1a: Latios|0 fnt
|faint|p1a: Latios
|
|
|switch|p1a: Charizard|Charizard, M|307\/307
|-damage|p1a: Charizard|154\/307|[from] Stealth Rock
|turn|12
|
|switch|p2a: Florges|Florges, F|360\/360
|-damage|p2a: Florges|315\/360|[from] Stealth Rock
|detailschange|p1a: Charizard|Charizard-Mega-Y, M
|message|Charizard has Mega Evolved into Mega Charizard!
|-weather|SunnyDay
|move|p1a: Charizard|Solar Beam|p2a: Florges|[still]
|-prepare|p1a: Charizard|Solar Beam|p2a: Florges
|-anim|p1a: Charizard|Solar Beam|p2a: Florges
|-crit|p2a: Florges
|-damage|p2a: Florges|144\/360
|
|-weather|SunnyDay|[upkeep]
|-heal|p2a: Florges|166\/360|[from] item: Leftovers
|turn|13
|
|move|p1a: Charizard|Fire Blast|p2a: Florges
|-damage|p2a: Florges|0 fnt
|faint|p2a: Florges
|
|-weather|SunnyDay|[upkeep]
|
|switch|p2a: Arcanine|Arcanine, F|322\/322
|-damage|p2a: Arcanine|242\/322|[from] Stealth Rock
|turn|14
|
|move|p2a: Arcanine|Flare Blitz|p1a: Charizard
|-resisted|p1a: Charizard
|-damage|p1a: Charizard|0 fnt
|-damage|p2a: Arcanine|191\/322|[from] recoil|[of] p1a: Charizard
|faint|p1a: Charizard
|
|-weather|SunnyDay|[upkeep]
|-message|WarriorBlast forfeited.
|
|win|Edgar Allen Fro
|raw|Ladder updating...
|raw|WarriorBlast's rating: 1413 &rarr; <strong>1390<\/strong><br \/>(-23 for losing)
|raw|Edgar Allen Fro's rating: 1362 &rarr; <strong>1385<\/strong><br \/>(+23 for winning)
|leave|WarriorBlast
|player|p1