|join|WarriorBlast
|join|JoseRicardon
|player|p1|WarriorBlast|167
|player|p2|JoseRicardon|290
|gametype|singles
|gen|6
|tier|OU
|rated
|clearpoke
|poke|p1|Conkeldurr, M, shiny
|poke|p1|Mawile, F, shiny
|poke|p1|Mamoswine, M, shiny
|poke|p1|Rotom-Wash, shiny
|poke|p1|Latios, M, shiny
|poke|p1|Darmanitan, M, shiny
|poke|p2|Florges, F
|poke|p2|Gogoat, F
|poke|p2|Talonflame, M
|poke|p2|Alakazam, F
|poke|p2|Pikachu, M
|poke|p2|Crawdaunt, M
|rule|Sleep Clause Mod: Limit one foe put to sleep
|rule|Species Clause: Limit one of each Pokemon
|rule|OHKO Clause: OHKO moves are banned
|rule|Moody Clause: Moody is banned
|rule|Evasion Moves Clause: Evasion moves are banned
|rule|Endless Battle Clause: Forcing endless battles is banned.
|rule|HP Percentage Mod: HP is reported as percentages
|teampreview
|join|LordArcanite
|
|start
|switch|p1a: Mamoswine|Mamoswine, M, shiny|362\/362
|switch|p2a: Alakazam|Alakazam, F|252\/252
|turn|1
|
|-formechange|p2a: Alakazam|Alakazam-Mega
|message|Alakazam has Mega Evolved into Mega Alakazam!
|-ability|p2a: Alakazam|Thick Fat|[from] ability: Trace|[of] p1a: Mamoswine
|move|p2a: Alakazam|Energy Ball|p1a: Mamoswine
|-supereffective|p1a: Mamoswine
|-enditem|p1a: Mamoswine|Focus Sash
|-damage|p1a: Mamoswine|1\/362
|move|p1a: Mamoswine|Earthquake|p2a: Alakazam
|-damage|p2a: Alakazam|0 fnt
|faint|p2a: Alakazam
|
|
|switch|p2a: Pikachu|Pikachu, M|212\/212
|turn|2
|
|move|p2a: Pikachu|Hidden Power|p1a: Mamoswine
|-supereffective|p1a: Mamoswine
|-damage|p1a: Mamoswine|0 fnt
|faint|p1a: Mamoswine
|
|
|switch|p1a: Darmanitan|Darmanitan, M, shiny|351\/351
|turn|3
|
|move|p1a: Darmanitan|Rock Slide|p2a: Pikachu
|-damage|p2a: Pikachu|0 fnt
|faint|p2a: Pikachu
|
|
|switch|p2a: Crawdaunt|Crawdaunt, M|268\/268
|turn|4
|
|switch|p1a: Conkeldurr|Conkeldurr, M, shiny|351\/351
|move|p2a: Crawdaunt|Dragon Dance|p2a: Crawdaunt
|-boost|p2a: Crawdaunt|atk|1
|-boost|p2a: Crawdaunt|spe|1
|
|turn|5
|
|move|p2a: Crawdaunt|Crabhammer|p1a: Conkeldurr
|-damage|p1a: Conkeldurr|5\/351
|move|p1a: Conkeldurr|Drain Punch|p2a: Crawdaunt
|-supereffective|p2a: Crawdaunt
|-enditem|p2a: Crawdaunt|Focus Sash
|-damage|p2a: Crawdaunt|1\/268
|-heal|p1a: Conkeldurr|139\/351|[from] drain|[of] p2a: Crawdaunt
|
|turn|6
|
|move|p2a: Crawdaunt|Aqua Jet|p1a: Conkeldurr
|-damage|p1a: Conkeldurr|9\/351
|move|p1a: Conkeldurr|Mach Punch|p2a: Crawdaunt
|-supereffective|p2a: Crawdaunt
|-damage|p2a: Crawdaunt|0 fnt
|faint|p2a: Crawdaunt
|
|
|switch|p2a: Talonflame|Talonflame, M|360\/360
|turn|7
|
|move|p2a: Talonflame|Swords Dance|p2a: Talonflame
|-boost|p2a: Talonflame|atk|2
|move|p1a: Conkeldurr|Knock Off|p2a: Talonflame
|-damage|p2a: Talonflame|233\/360
|
|turn|8
|
|move|p2a: Talonflame|Acrobatics|p1a: Conkeldurr
|-supereffective|p1a: Conkeldurr
|-damage|p1a: Conkeldurr|0 fnt
|faint|p1a: Conkeldurr
|
|
|switch|p1a: Mawile|Mawile, F, shiny|304\/304
|-ability|p1a: Mawile|Intimidate|[of] p2a: Talonflame
|-unboost|p2a: Talonflame|atk|1
|turn|9
|
|-formechange|p1a: Mawile|Mawile-Mega
|message|Mawile has Mega Evolved into Mega Mawile!
|move|p2a: Talonflame|Roost|p2a: Talonflame
|-heal|p2a: Talonflame|360\/360
|move|p1a: Mawile|Sucker Punch|p2a: Talonflame
|-fail|p2a: Talonflame
|
|turn|10
|
|move|p2a: Talonflame|Flare Blitz|p1a: Mawile
|-supereffective|p1a: Mawile
|-damage|p1a: Mawile|0 fnt
|-damage|p2a: Talonflame|260\/360|[from] recoil|[of] p1a: Mawile
|faint|p1a: Mawile
|
|
|switch|p1a: Rotom-Wash|Rotom-Wash, shiny|304\/304
|turn|11
|
|switch|p2a: Florges|Florges, F|360\/360
|move|p1a: Rotom-Wash|Volt Switch|p2a: Florges
|-crit|p2a: Florges
|-damage|p2a: Florges|270\/360
|
|switch|p1a: Darmanitan|Darmanitan, M, shiny|351\/351
|
|-heal|p2a: Florges|292\/360|[from] item: Leftovers
|turn|12
|
|move|p1a: Darmanitan|Flare Blitz|p2a: Florges
|-damage|p2a: Florges|0 fnt
|-damage|p1a: Darmanitan|255\/351|[from] recoil|[of] p2a: Florges
|faint|p2a: Florges
|
|
|switch|p2a: Talonflame|Talonflame, M|260\/360
|turn|13
|
|switch|p1a: Rotom-Wash|Rotom-Wash, shiny|304\/304
|move|p2a: Talonflame|Swords Dance|p2a: Talonflame
|-boost|p2a: Talonflame|atk|2
|
|turn|14
|
|move|p2a: Talonflame|Roost|p2a: Talonflame
|-heal|p2a: Talonflame|360\/360
|move|p1a: Rotom-Wash|Volt Switch|p2a: Talonflame
|-damage|p2a: Talonflame|239\/360
|
|switch|p1a: Darmanitan|Darmanitan, M, shiny|255\/351
|
|turn|15
|
|move|p2a: Talonflame|Acrobatics|p1a: Darmanitan
|-damage|p1a: Darmanitan|0 fnt
|faint|p1a: Darmanitan
|
|
|switch|p1a: Rotom-Wash|Rotom-Wash, shiny|304\/304
|turn|16
|
|switch|p2a: Gogoat|Gogoat, F|387\/387
|move|p1a: Rotom-Wash|Hydro Pump|p2a: Gogoat
|-crit|p2a: Gogoat
|-resisted|p2a: Gogoat
|-damage|p2a: Gogoat|257\/387
|
|turn|17
|
|switch|p1a: Latios|Latios, M, shiny|302\/302
|move|p2a: Gogoat|Horn Leech|p1a: Latios
|-resisted|p1a: Latios
|-damage|p1a: Latios|208\/302
|-heal|p2a: Gogoat|304\/387|[from] drain|[of] p1a: Latios
|-damage|p2a: Gogoat|266\/387|[from] item: Life Orb
|
|turn|18
|
|move|p1a: Latios|Psyshock|p2a: Gogoat
|-damage|p2a: Gogoat|7\/387
|-damage|p1a: Latios|178\/302|[from] item: Life Orb
|move|p2a: Gogoat|Horn Leech|p1a: Latios
|-resisted|p1a: Latios
|-damage|p1a: Latios|94\/302
|-heal|p2a: Gogoat|49\/387|[from] drain|[of] p1a: Latios
|-damage|p2a: Gogoat|11\/387|[from] item: Life Orb
|
|turn|19
|
|switch|p2a: Talonflame|Talonflame, M|239\/360
|move|p1a: Latios|Psyshock|p2a: Talonflame
|-damage|p2a: Talonflame|0 fnt
|-damage|p1a: Latios|64\/302|[from] item: Life Orb
|faint|p2a: Talonflame
|
|chat|JoseRicardon|gg
|
|switch|p2a: Gogoat|Gogoat, F|11\/387
|turn|20
|chat|WarriorBlast|gg
|
|move|p1a: Latios|Draco Meteor|p2a: Gogoat|[miss]
|-miss|p1a: Latios|p2a: Gogoat
|move|p2a: Gogoat|Horn Leech|p1a: Latios
|-resisted|p1a: Latios
|-damage|p1a: Latios|0 fnt
|-heal|p2a: Gogoat|43\/387|[from] drain|[of] p1a: Latios
|-damage|p2a: Gogoat|5\/387|[from] item: Life Orb
|faint|p1a: Latios
|
|chat|JoseRicardon|LOOOOOOOOOOOOOOOOOOOOOOOOOOOOOOOL
|
|switch|p1a: Rotom-Wash|Rotom-Wash, shiny|304\/304
|turn|21
|chat|LordArcanite|gg
|chat|WarriorBlast|lmao
|
|move|p2a: Gogoat|Horn Leech|p1a: Rotom-Wash
|-supereffective|p1a: Rotom-Wash
|-damage|p1a: Rotom-Wash|106\/304
|-heal|p2a: Gogoat|104\/387|[from] drain|[of] p1a: Rotom-Wash
|-damage|p2a: Gogoat|66\/387|[from] item: Life Orb
|move|p1a: Rotom-Wash|Volt Switch|p2a: Gogoat
|-resisted|p2a: Gogoat
|-damage|p2a: Gogoat|15\/387
|
|turn|22
|chat|JoseRicardon|LOOOOOOOOOOOOOOOOOOOOOOOOOOOOOOOOOOOOOOOOOOOL
|
|move|p2a: Gogoat|Horn Leech|p1a: Rotom-Wash
|-supereffective|p1a: Rotom-Wash
|-damage|p1a: Rotom-Wash|0 fnt
|-heal|p2a: Gogoat|68\/387|[from] drain|[of] p1a: Rotom-Wash
|-damage|p2a: Gogoat|30\/387|[from] item: Life Orb
|faint|p1a: Rotom-Wash
|
|win|JoseRicardon
|raw|Ladder updating...
|raw|Ladder (probably) updated, but score could not be retrieved (timeout).
|raw|Ladder (probably) updated, but score could not be retrieved (Error: socket hang up).
|leave|WarriorBlast
|player|p1