|join|Giant Steps
|join|WarriorBlast
|player|p1|Giant Steps|4
|player|p2|WarriorBlast|1
|gametype|singles
|gen|6
|tier|OU
|rated
|clearpoke
|poke|p1|Chansey, F
|poke|p1|Landorus-Therian, M
|poke|p1|Medicham, F
|poke|p1|Deoxys-Speed
|poke|p1|Latios, M
|poke|p1|Azumarill, F
|poke|p2|Conkeldurr, M, shiny
|poke|p2|Thundurus, M, shiny
|poke|p2|Latias, F, shiny
|poke|p2|Ferrothorn, F, shiny
|poke|p2|Heatran, M, shiny
|poke|p2|Heracross, M, shiny
|rule|Sleep Clause Mod: Limit one foe put to sleep
|rule|Species Clause: Limit one of each Pokemon
|rule|OHKO Clause: OHKO moves are banned
|rule|Moody Clause: Moody is banned
|rule|Evasion Moves Clause: Evasion moves are banned
|rule|Endless Battle Clause: Forcing endless battles is banned.
|rule|HP Percentage Mod: HP is reported as percentages
|teampreview
|
|start
|switch|p1a: Medicham|Medicham, F|261\/261
|switch|p2a: Thundurus|Thundurus, M, shiny|300\/300
|turn|1
|
|detailschange|p1a: Medicham|Medicham-Mega, F
|message|Medicham has Mega Evolved into Mega Medicham!
|move|p1a: Medicham|Fake Out|p2a: Thundurus
|-damage|p2a: Thundurus|202\/300
|cant|p2a: Thundurus|flinch
|
|turn|2
|
|switch|p1a: Chansey|Chansey, F|704\/704
|move|p2a: Thundurus|Thunder Wave|p1a: Chansey
|-status|p1a: Chansey|par
|
|turn|3
|
|switch|p2a: Heatran|Heatran, M, shiny|386\/386
|move|p1a: Chansey|Thunder Wave|p2a: Heatran
|-status|p2a: Heatran|par
|
|turn|4
|
|switch|p1a: Latios|Latios, M|301\/301
|move|p2a: Heatran|Stealth Rock|p1a: Latios
|-sidestart|p1: Giant Steps|move: Stealth Rock
|
|turn|5
|
|move|p1a: Latios|Earthquake|p2a: Heatran
|-supereffective|p2a: Heatran
|-damage|p2a: Heatran|0 fnt
|-damage|p1a: Latios|271\/301|[from] item: Life Orb
|faint|p2a: Heatran
|
|
|switch|p2a: Heracross|Heracross, M, shiny|356\/356
|turn|6
|
|detailschange|p2a: Heracross|Heracross-Mega, M, shiny
|message|Heracross has Mega Evolved into Mega Heracross!
|move|p1a: Latios|Psyshock|p2a: Heracross
|-supereffective|p2a: Heracross
|-damage|p2a: Heracross|52\/356
|-damage|p1a: Latios|241\/301|[from] item: Life Orb
|move|p2a: Heracross|Pin Missile|p1a: Latios
|-supereffective|p1a: Latios
|-damage|p1a: Latios|65\/301
|-supereffective|p1a: Latios
|-damage|p1a: Latios|0 fnt
|-hitcount|p1a: Latios|2
|faint|p1a: Latios
|
|
|switch|p1a: Medicham|Medicham-Mega, F|261\/261
|-damage|p1a: Medicham|245\/261|[from] Stealth Rock
|turn|7
|
|switch|p2a: Ferrothorn|Ferrothorn, F, shiny|352\/352
|move|p1a: Medicham|Psycho Cut|p2a: Ferrothorn
|-resisted|p2a: Ferrothorn
|-damage|p2a: Ferrothorn|290\/352
|
|turn|8
|
|move|p1a: Medicham|High Jump Kick|p2a: Ferrothorn
|-supereffective|p2a: Ferrothorn
|-damage|p2a: Ferrothorn|0 fnt
|-damage|p1a: Medicham|213\/261|[from] ability: Iron Barbs|[of] p2a: Ferrothorn
|-damage|p1a: Medicham|170\/261|[from] item: Rocky Helmet|[of] p2a: Ferrothorn
|faint|p2a: Ferrothorn
|
|
|switch|p2a: Latias|Latias, F, shiny|302\/302
|turn|9
|
|switch|p1a: Chansey|Chansey, F|704\/704
|-damage|p1a: Chansey|616\/704|[from] Stealth Rock
|move|p2a: Latias|Dragon Pulse|p1a: Chansey
|-damage|p1a: Chansey|498\/704
|-damage|p2a: Latias|272\/302|[from] item: Life Orb
|
|turn|10
|
|switch|p2a: Conkeldurr|Conkeldurr, M, shiny|414\/414
|move|p1a: Chansey|Wish|p1a: Chansey
|
|turn|11
|
|switch|p1a: Landorus-Therian|Landorus-Therian, M|382\/382
|-damage|p1a: Landorus-Therian|335\/382|[from] Stealth Rock
|-ability|p1a: Landorus-Therian|Intimidate|[of] p2a: Conkeldurr
|-unboost|p2a: Conkeldurr|atk|1
|move|p2a: Conkeldurr|Knock Off|p1a: Landorus-Therian
|-damage|p1a: Landorus-Therian|244\/382
|-enditem|p1a: Landorus-Therian|Leftovers|[from] move: Knock Off|[of] p2a: Conkeldurr
|
|-heal|p1a: Landorus-Therian|382\/382|[from] move: Wish|[wisher] Chansey
|turn|12
|
|switch|p2a: Thundurus|Thundurus, M, shiny|202\/300
|move|p1a: Landorus-Therian|U-turn|p2a: Thundurus
|-resisted|p2a: Thundurus
|-damage|p2a: Thundurus|152\/300
|
|switch|p1a: Medicham|Medicham-Mega, F|170\/261
|-damage|p1a: Medicham|154\/261|[from] Stealth Rock
|
|turn|13
|
|move|p1a: Medicham|Fake Out|p2a: Thundurus
|-damage|p2a: Thundurus|42\/300
|cant|p2a: Thundurus|flinch
|
|turn|14
|-message|WarriorBlast forfeited.
|
|win|Giant Steps
|raw|Ladder updating...
|leave|WarriorBlast
|player|p2
|raw|Giant Steps's rating: 1630 &rarr; <strong>1651<\/strong><br \/>(+21 for winning)
|raw|WarriorBlast's rating: 1652 &rarr; <strong>1631<\/strong><br \/>(-21 for losing)