|join|DictatorOfAmerica
|join|WarriorBlast
|player|p1|DictatorOfAmerica|109
|player|p2|WarriorBlast|168
|gametype|singles
|gen|6
|tier|OU
|rated
|clearpoke
|poke|p1|Politoed, F
|poke|p1|Kingdra, F
|poke|p1|Amoonguss, F
|poke|p1|Mawile, M
|poke|p1|Tornadus-Therian, M
|poke|p1|Rotom-Wash
|poke|p2|Latios, M, shiny
|poke|p2|Thundurus, M
|poke|p2|Keldeo, shiny
|poke|p2|Hippowdon, F
|poke|p2|Aegislash, F, shiny
|poke|p2|Charizard, M, shiny
|rule|Baton Pass Clause: Limit 3 pokemon knowing Baton Pass
|rule|Sleep Clause Mod: Limit one foe put to sleep
|rule|Species Clause: Limit one of each Pokemon
|rule|OHKO Clause: OHKO moves are banned
|rule|Moody Clause: Moody is banned
|rule|Evasion Moves Clause: Evasion moves are banned
|rule|Endless Battle Clause: Forcing endless battles is banned
|rule|HP Percentage Mod: HP is reported as percentages
|teampreview
|
|start
|switch|p1a: Rotom-Wash|Rotom-Wash|304\/304
|switch|p2a: Thundurus|Thundurus, M|306\/306
|turn|1
|
|move|p2a: Thundurus|Thunderbolt|p1a: Rotom-Wash
|-damage|p1a: Rotom-Wash|207\/304
|move|p1a: Rotom-Wash|Hydro Pump|p2a: Thundurus
|-damage|p2a: Thundurus|156\/306
|
|-heal|p2a: Thundurus|175\/306|[from] item: Leftovers
|-heal|p1a: Rotom-Wash|226\/304|[from] item: Leftovers
|turn|2
|
|switch|p2a: Aegislash|Aegislash, F, shiny|321\/321
|move|p1a: Rotom-Wash|Volt Switch|p2a: Aegislash
|-damage|p2a: Aegislash|261\/321
|
|switch|p1a: Politoed|Politoed, F|384\/384
|-weather|RainDance
|
|-weather|RainDance|[upkeep]
|-heal|p2a: Aegislash|281\/321|[from] item: Leftovers
|turn|3
|
|move|p1a: Politoed|Scald|p2a: Aegislash
|-damage|p2a: Aegislash|185\/321
|-formechange|p2a: Aegislash|Aegislash-Blade
|move|p2a: Aegislash|Shadow Ball|p1a: Politoed
|-damage|p1a: Politoed|215\/384
|-unboost|p1a: Politoed|spd|1
|
|-weather|RainDance|[upkeep]
|-heal|p2a: Aegislash|205\/321|[from] item: Leftovers
|turn|4
|
|-formechange|p2a: Aegislash|Aegislash
|move|p2a: Aegislash|King's Shield|p2a: Aegislash
|-singleturn|p2a: Aegislash|Protect
|move|p1a: Politoed|Scald|p2a: Aegislash
|-activate|p2a: Aegislash|Protect
|
|-weather|RainDance|[upkeep]
|-heal|p2a: Aegislash|225\/321|[from] item: Leftovers
|turn|5
|
|move|p1a: Politoed|Encore|p2a: Aegislash
|-start|p2a: Aegislash|Encore
|move|p2a: Aegislash|King's Shield|p2a: Aegislash
|-fail|p2a: Aegislash
|
|-weather|RainDance|[upkeep]
|-heal|p2a: Aegislash|245\/321|[from] item: Leftovers
|turn|6
|
|switch|p1a: Kingdra|Kingdra, F|291\/291
|switch|p2a: Latios|Latios, M, shiny|299\/299
|
|-weather|RainDance|[upkeep]
|turn|7
|
|switch|p2a: Hippowdon|Hippowdon, F|417\/417
|-weather|Sandstorm
|move|p1a: Kingdra|Draco Meteor|p2a: Hippowdon
|-damage|p2a: Hippowdon|24\/417
|-unboost|p1a: Kingdra|spa|2
|
|-weather|Sandstorm|[upkeep]
|-damage|p1a: Kingdra|273\/291|[from] sandstorm
|-heal|p2a: Hippowdon|50\/417|[from] item: Leftovers
|turn|8
|
|switch|p2a: Latios|Latios, M, shiny|299\/299
|move|p1a: Kingdra|Draco Meteor|p2a: Latios
|-supereffective|p2a: Latios
|-damage|p2a: Latios|35\/299
|-unboost|p1a: Kingdra|spa|2
|
|-weather|Sandstorm|[upkeep]
|-damage|p2a: Latios|17\/299|[from] sandstorm
|-damage|p1a: Kingdra|255\/291|[from] sandstorm
|turn|9
|
|switch|p1a: Mawile|Mawile, M|274\/274
|-ability|p1a: Mawile|Intimidate|[of] p2a: Latios
|-unboost|p2a: Latios|atk|1
|move|p2a: Latios|Draco Meteor|p1a: Mawile
|-immune|p1a: Mawile|[msg]
|
|-weather|Sandstorm|[upkeep]
|-damage|p2a: Latios|0 fnt|[from] sandstorm
|faint|p2a: Latios
|
|switch|p2a: Hippowdon|Hippowdon, F|50\/417
|turn|10
|
|detailschange|p1a: Mawile|Mawile-Mega, M
|message|Mawile has Mega Evolved into Mega Mawile!
|move|p1a: Mawile|Play Rough|p2a: Hippowdon
|-damage|p2a: Hippowdon|0 fnt
|faint|p2a: Hippowdon
|
|-weather|Sandstorm|[upkeep]
|
|switch|p2a: Charizard|Charizard, M, shiny|307\/307
|turn|11
|
|detailschange|p2a: Charizard|Charizard-Mega-Y, M, shiny
|message|Charizard has Mega Evolved into Mega Charizard!
|-weather|SunnyDay
|move|p1a: Mawile|Sucker Punch|p2a: Charizard
|-damage|p2a: Charizard|73\/307
|move|p2a: Charizard|Fire Blast|p1a: Mawile
|-supereffective|p1a: Mawile
|-damage|p1a: Mawile|0 fnt
|faint|p1a: Mawile
|
|-weather|SunnyDay|[upkeep]
|
|switch|p1a: Politoed|Politoed, F|215\/384
|-weather|RainDance
|turn|12
|
|switch|p2a: Keldeo|Keldeo, shiny|323\/323
|move|p1a: Politoed|Hypnosis|p2a: Keldeo
|-status|p2a: Keldeo|slp
|
|-weather|RainDance|[upkeep]
|turn|13
|
|cant|p2a: Keldeo|slp
|move|p1a: Politoed|Rest|p1a: Politoed
|-status|p1a: Politoed|slp
|-heal|p1a: Politoed|384\/384 slp|[silent]
|-status|p1a: Politoed|slp|[from] move: Rest
|
|-weather|RainDance|[upkeep]
|turn|14
|
|switch|p1a: Tornadus-Therian|Tornadus-Therian, M|332\/332
|cant|p2a: Keldeo|slp
|
|-weather|RainDance|[upkeep]
|turn|15
|
|move|p1a: Tornadus-Therian|Hurricane|p2a: Keldeo
|-supereffective|p2a: Keldeo
|-damage|p2a: Keldeo|0 fnt
|faint|p2a: Keldeo
|
|-weather|RainDance|[upkeep]
|
|switch|p2a: Charizard|Charizard-Mega-Y, M, shiny|73\/307
|-weather|SunnyDay
|turn|16
|
|move|p1a: Tornadus-Therian|Knock Off|p2a: Charizard
|-damage|p2a: Charizard|20\/307
|move|p2a: Charizard|Roost|p2a: Charizard
|-heal|p2a: Charizard|174\/307
|
|-weather|SunnyDay|[upkeep]
|turn|17
|
|move|p1a: Tornadus-Therian|U-turn|p2a: Charizard
|-resisted|p2a: Charizard
|-damage|p2a: Charizard|160\/307
|
|switch|p1a: Politoed|Politoed, F|384\/384 slp
|-weather|RainDance
|move|p2a: Charizard|Roost|p2a: Charizard
|-heal|p2a: Charizard|307\/307
|
|-weather|RainDance|[upkeep]
|turn|18
|
|switch|p2a: Aegislash|Aegislash, F, shiny|245\/321
|cant|p1a: Politoed|slp
|
|-weather|RainDance|[upkeep]
|-heal|p2a: Aegislash|265\/321|[from] item: Leftovers
|turn|19
|
|switch|p2a: Charizard|Charizard-Mega-Y, M, shiny|307\/307
|-weather|SunnyDay
|cant|p1a: Politoed|slp
|
|-weather|SunnyDay|[upkeep]
|turn|20
|
|switch|p1a: Rotom-Wash|Rotom-Wash|226\/304
|move|p2a: Charizard|Solar Beam|p1a: Rotom-Wash|[still]
|-prepare|p2a: Charizard|Solar Beam|p1a: Rotom-Wash
|-anim|p2a: Charizard|Solar Beam|p1a: Rotom-Wash
|-supereffective|p1a: Rotom-Wash
|-damage|p1a: Rotom-Wash|0 fnt
|faint|p1a: Rotom-Wash
|
|-weather|SunnyDay|[upkeep]
|
|switch|p1a: Politoed|Politoed, F|384\/384 slp
|-weather|RainDance
|turn|21
|
|switch|p2a: Aegislash|Aegislash, F, shiny|265\/321
|switch|p1a: Kingdra|Kingdra, F|255\/291
|
|-weather|RainDance|[upkeep]
|-heal|p2a: Aegislash|285\/321|[from] item: Leftovers
|turn|22
|
|move|p1a: Kingdra|Hydro Pump|p2a: Aegislash
|-damage|p2a: Aegislash|29\/321
|-formechange|p2a: Aegislash|Aegislash-Blade
|move|p2a: Aegislash|Shadow Ball|p1a: Kingdra
|-damage|p1a: Kingdra|89\/291
|-unboost|p1a: Kingdra|spd|1
|
|-weather|RainDance|[upkeep]
|-heal|p2a: Aegislash|49\/321|[from] item: Leftovers
|turn|23
|
|-formechange|p2a: Aegislash|Aegislash
|move|p2a: Aegislash|King's Shield|p2a: Aegislash
|-singleturn|p2a: Aegislash|Protect
|move|p1a: Kingdra|Hydro Pump|p2a: Aegislash
|-activate|p2a: Aegislash|Protect
|
|-weather|RainDance|[upkeep]
|-heal|p2a: Aegislash|69\/321|[from] item: Leftovers
|turn|24
|
|-formechange|p2a: Aegislash|Aegislash-Blade
|move|p2a: Aegislash|Shadow Sneak|p1a: Kingdra
|-damage|p1a: Kingdra|17\/291
|move|p1a: Kingdra|Hydro Pump|p2a: Aegislash
|-damage|p2a: Aegislash|0 fnt
|faint|p2a: Aegislash
|
|-weather|RainDance|[upkeep]
|
|switch|p2a: Thundurus|Thundurus, M|175\/306
|turn|25
|
|switch|p1a: Amoonguss|Amoonguss, F|432\/432
|move|p2a: Thundurus|Thunderbolt|p1a: Amoonguss
|-crit|p1a: Amoonguss
|-resisted|p1a: Amoonguss
|-damage|p1a: Amoonguss|300\/432
|
|-weather|RainDance|[upkeep]
|-heal|p2a: Thundurus|194\/306|[from] item: Leftovers
|-heal|p1a: Amoonguss|327\/432|[from] item: Black Sludge
|turn|26
|
|move|p2a: Thundurus|Hidden Power|p1a: Amoonguss
|-supereffective|p1a: Amoonguss
|-damage|p1a: Amoonguss|149\/432
|move|p1a: Amoonguss|Spore|p2a: Thundurus
|-status|p2a: Thundurus|slp
|
|-weather|RainDance|[upkeep]
|-heal|p2a: Thundurus|213\/306 slp|[from] item: Leftovers
|-heal|p1a: Amoonguss|176\/432|[from] item: Black Sludge
|turn|27
|
|switch|p2a: Charizard|Charizard-Mega-Y, M, shiny|307\/307
|-weather|SunnyDay
|move|p1a: Amoonguss|Sludge Bomb|p2a: Charizard
|-damage|p2a: Charizard|222\/307
|
|-weather|SunnyDay|[upkeep]
|-heal|p1a: Amoonguss|203\/432|[from] item: Black Sludge
|turn|28
|
|move|p2a: Charizard|Fire Blast|p1a: Amoonguss
|-supereffective|p1a: Amoonguss
|-damage|p1a: Amoonguss|0 fnt
|faint|p1a: Amoonguss
|
|-weather|SunnyDay|[upkeep]
|
|switch|p1a: Politoed|Politoed, F|384\/384 slp
|-weather|RainDance
|turn|29
|
|switch|p2a: Thundurus|Thundurus, M|213\/306 slp
|-curestatus|p1a: Politoed|slp
|move|p1a: Politoed|Scald|p2a: Thundurus
|-damage|p2a: Thundurus|44\/306 slp
|
|-weather|RainDance|[upkeep]
|-heal|p2a: Thundurus|63\/306 slp|[from] item: Leftovers
|turn|30
|
|cant|p2a: Thundurus|slp
|move|p1a: Politoed|Scald|p2a: Thundurus
|-damage|p2a: Thundurus|0 fnt
|faint|p2a: Thundurus
|
|-weather|RainDance|[upkeep]
|
|switch|p2a: Charizard|Charizard-Mega-Y, M, shiny|222\/307
|-weather|SunnyDay
|turn|31
|
|switch|p1a: Tornadus-Therian|Tornadus-Therian, M|332\/332
|move|p2a: Charizard|Fire Blast|p1a: Tornadus-Therian
|-damage|p1a: Tornadus-Therian|37\/332
|
|-weather|SunnyDay|[upkeep]
|turn|32
|
|move|p1a: Tornadus-Therian|U-turn|p2a: Charizard
|-resisted|p2a: Charizard
|-damage|p2a: Charizard|208\/307
|
|switch|p1a: Politoed|Politoed, F|384\/384
|-weather|RainDance
|move|p2a: Charizard|Fire Blast|p1a: Politoed
|-resisted|p1a: Politoed
|-damage|p1a: Politoed|324\/384
|
|-weather|RainDance|[upkeep]
|turn|33
|chat|DictatorOfAmerica|gg
|leave|WarriorBlast
|player|p2
|
|move|p2a: Charizard|Solar Beam|p1a: Politoed|[still]
|-prepare|p2a: Charizard|Solar Beam|p1a: Politoed
|move|p1a: Politoed|Scald|p2a: Charizard
|-supereffective|p2a: Charizard
|-damage|p2a: Charizard|0 fnt
|faint|p2a: Charizard
|
|win|DictatorOfAmerica
|raw|Ladder updating...
|raw|DictatorOfAmerica's rating: 1491 &rarr; <strong>1512<\/strong><br \/>(+21 for winning)
|raw|WarriorBlast's rating: 1513 &rarr; <strong>1492<\/strong><br \/>(-21 for losing)