|join|Blaines11
|join|WarriorBlast
|player|p1|Blaines11|184
|player|p2|WarriorBlast|1
|gametype|singles
|gen|6
|tier|OU
|rated
|clearpoke
|poke|p1|Venusaur, M
|poke|p1|Aegislash, F
|poke|p1|Greninja, M, shiny
|poke|p1|Dragonite, M
|poke|p1|Thundurus-Therian, M
|poke|p1|Mamoswine, F
|poke|p2|Deoxys-Speed
|poke|p2|Charizard, M
|poke|p2|Staraptor, F
|poke|p2|Talonflame, F
|poke|p2|Excadrill, F, shiny
|poke|p2|Breloom, F
|rule|Sleep Clause Mod: Limit one foe put to sleep
|rule|Species Clause: Limit one of each Pokemon
|rule|OHKO Clause: OHKO moves are banned
|rule|Moody Clause: Moody is banned
|rule|Evasion Moves Clause: Evasion moves are banned
|rule|Endless Battle Clause: Forcing endless battles is banned.
|rule|HP Percentage Mod: HP is reported as percentages
|teampreview
|
|start
|switch|p1a: Mamoswine|Mamoswine, F|361\/361
|switch|p2a: Come on step it up|Deoxys-Speed|304\/304
|-ability|p2a: Come on step it up|Pressure
|turn|1
|
|move|p2a: Come on step it up|Taunt|p1a: Mamoswine
|-immune|p1a: Mamoswine|[msg]|[from] Oblivious
|move|p1a: Mamoswine|Icicle Spear|p2a: Come on step it up
|-damage|p2a: Come on step it up|256\/304
|-damage|p2a: Come on step it up|211\/304
|-damage|p2a: Come on step it up|162\/304
|-damage|p2a: Come on step it up|116\/304
|-hitcount|p2a: Come on step it up|4
|
|turn|2
|
|move|p2a: Come on step it up|Stealth Rock|p1a: Mamoswine
|-sidestart|p1: Blaines11|move: Stealth Rock
|move|p1a: Mamoswine|Stealth Rock|p2a: Come on step it up
|-sidestart|p2: WarriorBlast|move: Stealth Rock
|
|turn|3
|
|move|p2a: Come on step it up|Reflect|p2a: Come on step it up
|-sidestart|p2: WarriorBlast|Reflect
|move|p1a: Mamoswine|Icicle Spear|p2a: Come on step it up
|-damage|p2a: Come on step it up|90\/304
|-damage|p2a: Come on step it up|63\/304
|-damage|p2a: Come on step it up|41\/304
|-damage|p2a: Come on step it up|16\/304
|-hitcount|p2a: Come on step it up|4
|
|turn|4
|
|move|p1a: Mamoswine|Ice Shard|p2a: Come on step it up
|-damage|p2a: Come on step it up|0 fnt
|faint|p2a: Come on step it up
|
|
|switch|p2a: Hitmontree|Breloom, F|262\/262
|-damage|p2a: Hitmontree|246\/262|[from] Stealth Rock
|turn|5
|
|move|p1a: Mamoswine|Icicle Spear|p2a: Hitmontree
|-supereffective|p2a: Hitmontree
|-damage|p2a: Hitmontree|192\/262
|-supereffective|p2a: Hitmontree
|-damage|p2a: Hitmontree|141\/262
|-supereffective|p2a: Hitmontree
|-damage|p2a: Hitmontree|87\/262
|-supereffective|p2a: Hitmontree
|-damage|p2a: Hitmontree|36\/262
|-supereffective|p2a: Hitmontree
|-damage|p2a: Hitmontree|0 fnt
|-hitcount|p2a: Hitmontree|5
|faint|p2a: Hitmontree
|
|
|switch|p2a: Santoryu|Excadrill, F, shiny|424\/424
|-damage|p2a: Santoryu|411\/424|[from] Stealth Rock
|-ability|p2a: Santoryu|Mold Breaker
|-item|p2a: Santoryu|Air Balloon
|turn|6
|
|move|p1a: Mamoswine|Icicle Spear|p2a: Santoryu
|-crit|p2a: Santoryu
|-damage|p2a: Santoryu|302\/424
|-enditem|p2a: Santoryu|Air Balloon
|-damage|p2a: Santoryu|269\/424
|-damage|p2a: Santoryu|233\/424
|-damage|p2a: Santoryu|202\/424
|-hitcount|p2a: Santoryu|4
|move|p2a: Santoryu|Iron Head|p1a: Mamoswine
|-supereffective|p1a: Mamoswine
|-enditem|p1a: Mamoswine|Focus Sash
|-damage|p1a: Mamoswine|1\/361
|
|turn|7
|
|move|p1a: Mamoswine|Earthquake|p2a: Santoryu
|-supereffective|p2a: Santoryu
|-damage|p2a: Santoryu|0 fnt
|faint|p2a: Santoryu
|
|-message|WarriorBlast forfeited.
|
|win|Blaines11
|raw|Ladder updating...
|leave|WarriorBlast
|player|p2
|raw|Blaines11's rating: 1591 &rarr; <strong>1610<\/strong><br \/>(+19 for winning)
|raw|WarriorBlast's rating: 1575 &rarr; <strong>1556<\/strong><br \/>(-19 for losing)