|join|tytasa
|join|WarriorBlast
|player|p1|tytasa|153
|player|p2|WarriorBlast|169
|gametype|singles
|gen|6
|tier|OU
|rated
|clearpoke
|poke|p1|Charizard, F
|poke|p1|Gengar, F
|poke|p1|Shuckle, M
|poke|p1|Tentacruel, M
|poke|p1|Talonflame, M
|poke|p1|Clefable, M
|poke|p2|Diancie
|poke|p2|Magnezone, shiny
|poke|p2|Latios, M, shiny
|poke|p2|Bisharp, M, shiny
|poke|p2|Keldeo
|poke|p2|Chesnaught, M, shiny
|rule|Swagger Clause: Swagger is banned
|rule|Baton Pass Clause: Limit one PokÃ©mon knowing Baton Pass
|rule|Sleep Clause Mod: Limit one foe put to sleep
|rule|Species Clause: Limit one of each PokÃ©mon
|rule|OHKO Clause: OHKO moves are banned
|rule|Moody Clause: Moody is banned
|rule|Evasion Moves Clause: Evasion moves are banned
|rule|Endless Battle Clause: Forcing endless battles is banned
|rule|HP Percentage Mod: HP is shown in percentages
|teampreview
|
|start
|switch|p1a: Shuckle|Shuckle, M|182\/182
|switch|p2a: Diancie|Diancie|241\/241
|turn|1
|
|detailschange|p2a: Diancie|Diancie-Mega
|message|Diancie has Mega Evolved into Mega Diancie!
|move|p2a: Diancie|Rock Polish|p2a: Diancie
|-boost|p2a: Diancie|spe|2
|move|p1a: Shuckle|Toxic|p2a: Diancie
|move|p2a: Diancie|Toxic|p1a: Shuckle|[from]Magic Bounce|[miss]
|-miss|p2a: Diancie|p1a: Shuckle
|
|turn|2
|
|move|p2a: Diancie|Diamond Storm|p1a: Shuckle
|-supereffective|p1a: Shuckle
|-damage|p1a: Shuckle|36\/182
|-boost|p2a: Diancie|def|1
|move|p1a: Shuckle|Sticky Web|p2a: Diancie
|move|p2a: Diancie|Sticky Web|p1a: Shuckle|[from]Magic Bounce
|-sidestart|p1: tytasa|move: Sticky Web
|
|-heal|p1a: Shuckle|47\/182|[from] item: Leftovers
|turn|3
|
|move|p2a: Diancie|Diamond Storm|p1a: Shuckle
|-supereffective|p1a: Shuckle
|-damage|p1a: Shuckle|0 fnt
|faint|p1a: Shuckle
|
|
|switch|p1a: Tentacruel|Tentacruel, M|364\/364
|-activate|p1a: Tentacruel|move: Sticky Web
|-unboost|p1a: Tentacruel|spe|1
|turn|4
|
|move|p2a: Diancie|Earth Power|p1a: Tentacruel
|-supereffective|p1a: Tentacruel
|-damage|p1a: Tentacruel|154\/364
|move|p1a: Tentacruel|Rapid Spin|p2a: Diancie
|-resisted|p2a: Diancie
|-damage|p2a: Diancie|238\/241
|-sideend|p1: tytasa|Sticky Web|[from] move: Rapid Spin|[of] p1a: Tentacruel
|
|-heal|p1a: Tentacruel|176\/364|[from] item: Leftovers
|turn|5
|
|move|p2a: Diancie|Moonblast|p1a: Tentacruel
|-resisted|p1a: Tentacruel
|-damage|p1a: Tentacruel|98\/364
|move|p1a: Tentacruel|Ice Beam|p2a: Diancie
|-damage|p2a: Diancie|177\/241
|
|-heal|p1a: Tentacruel|120\/364|[from] item: Leftovers
|turn|6
|
|move|p2a: Diancie|Earth Power|p1a: Tentacruel
|-supereffective|p1a: Tentacruel
|-damage|p1a: Tentacruel|0 fnt
|faint|p1a: Tentacruel
|
|
|switch|p1a: Clefable|Clefable, M|394\/394
|turn|7
|
|move|p2a: Diancie|Moonblast|p1a: Clefable
|-damage|p1a: Clefable|172\/394
|move|p1a: Clefable|Drain Punch|p2a: Diancie
|-damage|p2a: Diancie|153\/241
|-heal|p1a: Clefable|184\/394|[from] drain|[of] p2a: Diancie
|
|-heal|p1a: Clefable|208\/394|[from] item: Leftovers
|turn|8
|
|move|p2a: Diancie|Moonblast|p1a: Clefable
|-damage|p1a: Clefable|0 fnt
|faint|p1a: Clefable
|
|
|switch|p1a: Talonflame|Talonflame, M|298\/298
|turn|9
|
|move|p1a: Talonflame|Brave Bird|p2a: Diancie
|-resisted|p2a: Diancie
|-damage|p2a: Diancie|87\/241
|-damage|p1a: Talonflame|276\/298|[from] recoil|[of] p2a: Diancie
|move|p2a: Diancie|Diamond Storm|p1a: Talonflame
|-crit|p1a: Talonflame
|-supereffective|p1a: Talonflame
|-damage|p1a: Talonflame|0 fnt
|faint|p1a: Talonflame
|
|-message|tytasa forfeited.
|
|win|WarriorBlast
|raw|Ladder updating...
|leave|tytasa
|player|p1
|raw|tytasa's rating: 1163 &rarr; <strong>1140<\/strong><br \/>(-23 for losing)
|raw|WarriorBlast's rating: 1187 &rarr; <strong>1211<\/strong><br \/>(+24 for winning)