|join|Mr.Saints
|join|WarriorBlast
|player|p1|Mr.Saints|248
|player|p2|WarriorBlast|168
|gametype|singles
|gen|6
|tier|OU
|rated
|clearpoke
|poke|p1|Absol, M
|poke|p1|Bisharp, M
|poke|p1|Honchkrow, M
|poke|p1|Krookodile, M
|poke|p1|Sableye, F
|poke|p1|Drapion, F
|poke|p2|Latios, M, shiny
|poke|p2|Thundurus, M
|poke|p2|Keldeo, shiny
|poke|p2|Hippowdon, F
|poke|p2|Aegislash, F, shiny
|poke|p2|Charizard, M, shiny
|rule|Baton Pass Clause: Limit 3 pokemon knowing Baton Pass
|rule|Sleep Clause Mod: Limit one foe put to sleep
|rule|Species Clause: Limit one of each Pokemon
|rule|OHKO Clause: OHKO moves are banned
|rule|Moody Clause: Moody is banned
|rule|Evasion Moves Clause: Evasion moves are banned
|rule|Endless Battle Clause: Forcing endless battles is banned
|rule|HP Percentage Mod: HP is reported as percentages
|teampreview
|
|start
|switch|p1a: Krookodile|Krookodile, M|394\/394
|switch|p2a: Charizard|Charizard, M, shiny|307\/307
|-ability|p1a: Krookodile|Intimidate|[of] p2a: Charizard
|-unboost|p2a: Charizard|atk|1
|turn|1
|
|detailschange|p2a: Charizard|Charizard-Mega-Y, M, shiny
|message|Charizard has Mega Evolved into Mega Charizard!
|-weather|SunnyDay
|move|p1a: Krookodile|Stealth Rock|p2a: Charizard
|-sidestart|p2: WarriorBlast|move: Stealth Rock
|move|p2a: Charizard|Solar Beam|p1a: Krookodile|[still]
|-prepare|p2a: Charizard|Solar Beam|p1a: Krookodile
|-anim|p2a: Charizard|Solar Beam|p1a: Krookodile
|-supereffective|p1a: Krookodile
|-damage|p1a: Krookodile|0 fnt
|faint|p1a: Krookodile
|
|-weather|SunnyDay|[upkeep]
|
|switch|p1a: Bisharp|Bisharp, M|272\/272
|turn|2
|
|move|p2a: Charizard|Fire Blast|p1a: Bisharp
|-supereffective|p1a: Bisharp
|-enditem|p1a: Bisharp|Focus Sash
|-damage|p1a: Bisharp|1\/272
|move|p1a: Bisharp|Swords Dance|p1a: Bisharp
|-boost|p1a: Bisharp|atk|2
|
|-weather|SunnyDay|[upkeep]
|turn|3
|
|switch|p2a: Aegislash|Aegislash, F, shiny|321\/321
|-damage|p2a: Aegislash|301\/321|[from] Stealth Rock
|move|p1a: Bisharp|Sucker Punch|p2a: Aegislash
|-fail|p2a: Aegislash
|
|-weather|SunnyDay|[upkeep]
|-heal|p2a: Aegislash|321\/321|[from] item: Leftovers
|turn|4
|
|move|p1a: Bisharp|Sucker Punch|p2a: Aegislash
|-supereffective|p2a: Aegislash
|-damage|p2a: Aegislash|0 fnt
|faint|p2a: Aegislash
|
|-weather|SunnyDay|[upkeep]
|
|switch|p2a: Keldeo|Keldeo, shiny|323\/323
|-damage|p2a: Keldeo|303\/323|[from] Stealth Rock
|turn|5
|
|move|p1a: Bisharp|Sucker Punch|p2a: Keldeo
|-resisted|p2a: Keldeo
|-damage|p2a: Keldeo|152\/323
|-boost|p2a: Keldeo|atk|1|[from] ability: Justified
|move|p2a: Keldeo|Scald|p1a: Bisharp
|-damage|p1a: Bisharp|0 fnt
|faint|p1a: Bisharp
|
|-weather|none
|
|switch|p1a: Honchkrow|Honchkrow, M|342\/342
|turn|6
|
|move|p2a: Keldeo|Scald|p1a: Honchkrow
|-damage|p1a: Honchkrow|0 fnt
|faint|p1a: Honchkrow
|
|
|switch|p1a: Sableye|Sableye, F|304\/304
|turn|7
|
|move|p2a: Keldeo|Scald|p1a: Sableye
|-damage|p1a: Sableye|102\/304
|move|p1a: Sableye|Snarl|p2a: Keldeo
|-resisted|p2a: Keldeo
|-damage|p2a: Keldeo|125\/323
|-boost|p2a: Keldeo|atk|1|[from] ability: Justified
|-unboost|p2a: Keldeo|spa|1
|
|-heal|p1a: Sableye|121\/304|[from] item: Leftovers
|turn|8
|
|switch|p2a: Latios|Latios, M, shiny|299\/299
|-damage|p2a: Latios|262\/299|[from] Stealth Rock
|move|p1a: Sableye|Snarl|p2a: Latios
|-supereffective|p2a: Latios
|-damage|p2a: Latios|178\/299
|-unboost|p2a: Latios|spa|1
|
|-heal|p1a: Sableye|140\/304|[from] item: Leftovers
|turn|9
|
|move|p1a: Sableye|Taunt|p2a: Latios
|-start|p2a: Latios|move: Taunt
|cant|p2a: Latios|move: Taunt|Defog
|
|-heal|p1a: Sableye|159\/304|[from] item: Leftovers
|turn|10
|
|switch|p2a: Keldeo|Keldeo, shiny|125\/323
|-damage|p2a: Keldeo|105\/323|[from] Stealth Rock
|move|p1a: Sableye|Snarl|p2a: Keldeo
|-resisted|p2a: Keldeo
|-damage|p2a: Keldeo|80\/323
|-boost|p2a: Keldeo|atk|1|[from] ability: Justified
|-unboost|p2a: Keldeo|spa|1
|
|-heal|p1a: Sableye|178\/304|[from] item: Leftovers
|turn|11
|
|move|p2a: Keldeo|Hydro Pump|p1a: Sableye
|-damage|p1a: Sableye|0 fnt
|faint|p1a: Sableye
|
|
|switch|p1a: Absol|Absol, M|272\/272
|-ability|p1a: Absol|Pressure
|turn|12
|
|switch|p2a: Thundurus|Thundurus, M|306\/306
|-damage|p2a: Thundurus|230\/306|[from] Stealth Rock
|detailschange|p1a: Absol|Absol-Mega, M
|message|Absol has Mega Evolved into Mega Absol!
|move|p1a: Absol|Swords Dance|p1a: Absol
|-boost|p1a: Absol|atk|2
|
|-heal|p2a: Thundurus|249\/306|[from] item: Leftovers
|turn|13
|
|move|p1a: Absol|Knock Off|p2a: Thundurus
|-damage|p2a: Thundurus|0 fnt
|faint|p2a: Thundurus
|
|
|switch|p2a: Latios|Latios, M, shiny|178\/299
|-damage|p2a: Latios|141\/299|[from] Stealth Rock
|turn|14
|
|move|p1a: Absol|Knock Off|p2a: Latios
|-supereffective|p2a: Latios
|-damage|p2a: Latios|0 fnt
|faint|p2a: Latios
|
|
|switch|p2a: Hippowdon|Hippowdon, F|417\/417
|-damage|p2a: Hippowdon|391\/417|[from] Stealth Rock
|-weather|Sandstorm
|turn|15
|
|move|p1a: Absol|Knock Off|p2a: Hippowdon
|-damage|p2a: Hippowdon|144\/417
|-enditem|p2a: Hippowdon|Leftovers|[from] move: Knock Off|[of] p1a: Absol
|move|p2a: Hippowdon|Earthquake|p1a: Absol
|-damage|p1a: Absol|79\/272
|
|-weather|Sandstorm|[upkeep]
|-damage|p1a: Absol|62\/272|[from] sandstorm
|turn|16
|
|move|p1a: Absol|Knock Off|p2a: Hippowdon
|-damage|p2a: Hippowdon|0 fnt
|faint|p2a: Hippowdon
|
|-weather|Sandstorm|[upkeep]
|-damage|p1a: Absol|45\/272|[from] sandstorm
|
|switch|p2a: Keldeo|Keldeo, shiny|80\/323
|-damage|p2a: Keldeo|60\/323|[from] Stealth Rock
|turn|17
|
|move|p1a: Absol|Sucker Punch|p2a: Keldeo
|-resisted|p2a: Keldeo
|-damage|p2a: Keldeo|0 fnt
|faint|p2a: Keldeo
|
|-weather|Sandstorm|[upkeep]
|-damage|p1a: Absol|28\/272|[from] sandstorm
|
|switch|p2a: Charizard|Charizard-Mega-Y, M, shiny|307\/307
|-damage|p2a: Charizard|154\/307|[from] Stealth Rock
|-weather|SunnyDay
|turn|18
|
|move|p1a: Absol|Knock Off|p2a: Charizard
|-damage|p2a: Charizard|0 fnt
|faint|p2a: Charizard
|
|win|Mr.Saints
|raw|Ladder updating...
|chat|Mr.Saints|gg
|leave|WarriorBlast
|player|p2
|raw|Mr.Saints's rating: 1604 &rarr; <strong>1618<\/strong><br \/>(+14 for winning)
|raw|WarriorBlast's rating: 1491 &rarr; <strong>1478<\/strong><br \/>(-13 for losing)