|join|ArcticMoonkey
|join|WarriorBlast
|player|p1|ArcticMoonkey|174
|player|p2|WarriorBlast|167
|gametype|singles
|gen|6
|tier|OU
|rated
|clearpoke
|poke|p1|Ferrothorn, F
|poke|p1|Greninja, M
|poke|p1|Charizard, M
|poke|p1|Mandibuzz, F
|poke|p1|Sylveon, M
|poke|p1|Talonflame, M
|poke|p2|Smeargle, F, shiny
|poke|p2|Kyurem-Black, shiny
|poke|p2|Gliscor, F, shiny
|poke|p2|Talonflame, M, shiny
|poke|p2|Latias, F, shiny
|poke|p2|Venusaur, M, shiny
|rule|Sleep Clause Mod: Limit one foe put to sleep
|rule|Species Clause: Limit one of each Pokemon
|rule|OHKO Clause: OHKO moves are banned
|rule|Moody Clause: Moody is banned
|rule|Evasion Moves Clause: Evasion moves are banned
|rule|Endless Battle Clause: Forcing endless battles is banned.
|rule|HP Percentage Mod: HP is reported as percentages
|teampreview
|
|start
|switch|p1a: Sunny D|Charizard, M|298\/298
|switch|p2a: Smeargle|Smeargle, F, shiny|314\/314
|turn|1
|
|switch|p1a: Boner|Mandibuzz, F|424\/424
|move|p2a: Smeargle|Dark Void|p1a: Boner
|-miss|p2a: Smeargle|p1a: Boner
|
|turn|2
|
|move|p2a: Smeargle|Dark Void|p1a: Boner
|-status|p1a: Boner|slp
|cant|p1a: Boner|slp
|
|turn|3
|
|switch|p1a: Sunny D|Charizard, M|298\/298
|move|p2a: Smeargle|Geomancy|p2a: Smeargle|[still]
|-prepare|p2a: Smeargle|Geomancy|p2a: Smeargle
|-enditem|p2a: Smeargle|Power Herb
|-anim|p2a: Smeargle|Geomancy|p2a: Smeargle
|-boost|p2a: Smeargle|spa|2
|-boost|p2a: Smeargle|spd|2
|-boost|p2a: Smeargle|spe|2
|
|turn|4
|
|-formechange|p1a: Sunny D|Charizard-Mega-X
|message|Charizard has Mega Evolved into Mega Charizard!
|move|p2a: Smeargle|Baton Pass|p2a: Smeargle
|
|switch|p2a: Venusaur|Venusaur, M, shiny|351\/351
|move|p1a: Sunny D|Dragon Claw|p2a: Venusaur
|-damage|p2a: Venusaur|119\/351
|
|turn|5
|
|-formechange|p2a: Venusaur|Venusaur-Mega
|message|Venusaur has Mega Evolved into Mega Venusaur!
|move|p2a: Venusaur|Synthesis|p2a: Venusaur
|-heal|p2a: Venusaur|294\/351
|move|p1a: Sunny D|Dragon Claw|p2a: Venusaur
|-damage|p2a: Venusaur|105\/351
|
|turn|6
|
|move|p2a: Venusaur|Synthesis|p2a: Venusaur
|-heal|p2a: Venusaur|280\/351
|move|p1a: Sunny D|Flare Blitz|p2a: Venusaur
|-supereffective|p2a: Venusaur
|-damage|p2a: Venusaur|4\/351
|-damage|p1a: Sunny D|207\/298|[from] recoil|[of] p2a: Venusaur
|
|turn|7
|
|move|p2a: Venusaur|Synthesis|p2a: Venusaur
|-heal|p2a: Venusaur|179\/351
|move|p1a: Sunny D|Flare Blitz|p2a: Venusaur
|-supereffective|p2a: Venusaur
|-damage|p2a: Venusaur|0 fnt
|-damage|p1a: Sunny D|148\/298|[from] recoil|[of] p2a: Venusaur
|faint|p2a: Venusaur
|
|
|switch|p2a: Smeargle|Smeargle, F, shiny|314\/314
|turn|8
|
|move|p2a: Smeargle|King's Shield|p2a: Smeargle
|-singleturn|p2a: Smeargle|Protect
|move|p1a: Sunny D|Dragon Dance|p1a: Sunny D
|-boost|p1a: Sunny D|atk|1
|-boost|p1a: Sunny D|spe|1
|
|turn|9
|
|move|p2a: Smeargle|King's Shield|p2a: Smeargle
|-fail|p2a: Smeargle
|move|p1a: Sunny D|Dragon Claw|p2a: Smeargle
|-damage|p2a: Smeargle|0 fnt
|faint|p2a: Smeargle
|
|chat|ArcticMoonkey|lololol
|chat|WarriorBlast|lmao
|chat|WarriorBlast|i think its funny that you have to rely on luck to beat a joke team
|leave|WarriorBlast
|player|p2
|chat|ArcticMoonkey|XD
|chat|ArcticMoonkey|wut
|join|PecanMilkshake
|join|firestartea
|join|Dat Gamer Girl
|join|Ashenzari
|chat|firestartea|lol
|-message|warriorblast lost due to inactivity.
|
|win|ArcticMoonkey
|raw|Ladder updating...
|raw|ArcticMoonkey's rating: 1512 &rarr; <strong>1529<\/strong><br \/>(+17 for winning)
|raw|WarriorBlast's rating: 1473 &rarr; <strong>1455<\/strong><br \/>(-18 for losing)
|join|Big Dick Hot Chick
|chat|ArcticMoonkey|can you protect
|chat|ArcticMoonkey|then use kings shield?
|chat|Dat Gamer Girl|no
|leave|Ashenzari
|chat|ArcticMoonkey|wouldnt that be an infinite combo?
|join|nirvana101
|join|Teto the First
|leave|firestartea
|chat|Dat Gamer Girl|they share the accuracy cut
|leave|Teto the First
|chat|ArcticMoonkey|okay
|chat|ArcticMoonkey|poor warrior blast
|chat|Dat Gamer Girl|QQ
|chat|ArcticMoonkey|thought he was full proof