|join|WarriorBlast
|join|DictatorOfAmerica
|player|p1|WarriorBlast|266
|player|p2|DictatorOfAmerica|12
|gametype|singles
|gen|6
|tier|OU
|rated
|clearpoke
|poke|p1|Latios, M, shiny
|poke|p1|Thundurus, M, shiny
|poke|p1|Keldeo, shiny
|poke|p1|Hippowdon, F, shiny
|poke|p1|Aegislash, F, shiny
|poke|p1|Charizard, M, shiny
|poke|p2|Delphox, M
|poke|p2|Ninetales, M
|poke|p2|Flareon, M
|poke|p2|Jolteon, M
|poke|p2|Lucario, F
|poke|p2|Suicune
|rule|Sleep Clause Mod: Limit one foe put to sleep
|rule|Species Clause: Limit one of each Pokemon
|rule|OHKO Clause: OHKO moves are banned
|rule|Moody Clause: Moody is banned
|rule|Evasion Moves Clause: Evasion moves are banned
|rule|Endless Battle Clause: Forcing endless battles is banned.
|rule|HP Percentage Mod: HP is reported as percentages
|teampreview
|
|start
|switch|p1a: Hippowdon|Hippowdon, F, shiny|417\/417
|switch|p2a: No Items Fox Only|Suicune|404\/404
|-ability|p2a: No Items Fox Only|Pressure
|-weather|Sandstorm
|turn|1
|
|move|p2a: No Items Fox Only|Scald|p1a: Hippowdon
|-supereffective|p1a: Hippowdon
|-damage|p1a: Hippowdon|213\/417
|-status|p1a: Hippowdon|brn
|move|p1a: Hippowdon|Toxic|p2a: No Items Fox Only
|-status|p2a: No Items Fox Only|tox
|
|-weather|Sandstorm|[upkeep]
|-damage|p2a: No Items Fox Only|379\/404 tox|[from] sandstorm
|-heal|p1a: Hippowdon|239\/417 brn|[from] item: Leftovers
|-damage|p2a: No Items Fox Only|354\/404 tox|[from] psn
|-damage|p1a: Hippowdon|187\/417 brn|[from] brn
|turn|2
|
|move|p2a: No Items Fox Only|Calm Mind|p2a: No Items Fox Only
|-boost|p2a: No Items Fox Only|spa|1
|-boost|p2a: No Items Fox Only|spd|1
|move|p1a: Hippowdon|Stealth Rock|p2a: No Items Fox Only
|-sidestart|p2: DictatorOfAmerica|move: Stealth Rock
|
|-weather|Sandstorm|[upkeep]
|-damage|p2a: No Items Fox Only|329\/404 tox|[from] sandstorm
|-heal|p1a: Hippowdon|213\/417 brn|[from] item: Leftovers
|-damage|p2a: No Items Fox Only|279\/404 tox|[from] psn
|-damage|p1a: Hippowdon|161\/417 brn|[from] brn
|turn|3
|
|move|p2a: No Items Fox Only|Calm Mind|p2a: No Items Fox Only
|-boost|p2a: No Items Fox Only|spa|1
|-boost|p2a: No Items Fox Only|spd|1
|move|p1a: Hippowdon|Slack Off|p1a: Hippowdon
|-heal|p1a: Hippowdon|370\/417 brn
|
|-weather|Sandstorm|[upkeep]
|-damage|p2a: No Items Fox Only|254\/404 tox|[from] sandstorm
|-heal|p1a: Hippowdon|396\/417 brn|[from] item: Leftovers
|-damage|p2a: No Items Fox Only|179\/404 tox|[from] psn
|-damage|p1a: Hippowdon|344\/417 brn|[from] brn
|turn|4
|
|move|p2a: No Items Fox Only|Rest|p2a: No Items Fox Only
|-status|p2a: No Items Fox Only|slp
|-heal|p2a: No Items Fox Only|404\/404 slp|[silent]
|-status|p2a: No Items Fox Only|slp|[from] move: Rest
|move|p1a: Hippowdon|Earthquake|p2a: No Items Fox Only
|-damage|p2a: No Items Fox Only|362\/404 slp
|
|-weather|Sandstorm|[upkeep]
|-damage|p2a: No Items Fox Only|337\/404 slp|[from] sandstorm
|-heal|p1a: Hippowdon|370\/417 brn|[from] item: Leftovers
|-damage|p1a: Hippowdon|318\/417 brn|[from] brn
|turn|5
|
|switch|p1a: Thundurus|Thundurus, M, shiny|306\/306
|cant|p2a: No Items Fox Only|slp
|move|p2a: No Items Fox Only|Sleep Talk|p2a: No Items Fox Only
|move|p2a: No Items Fox Only|Scald|p1a: Thundurus|[from]Sleep Talk
|-damage|p1a: Thundurus|99\/306
|-status|p1a: Thundurus|brn
|
|-weather|none
|-heal|p1a: Thundurus|118\/306 brn|[from] item: Leftovers
|-damage|p1a: Thundurus|80\/306 brn|[from] brn
|turn|6
|
|move|p1a: Thundurus|Nasty Plot|p1a: Thundurus
|-boost|p1a: Thundurus|spa|2
|cant|p2a: No Items Fox Only|slp
|move|p2a: No Items Fox Only|Sleep Talk|p2a: No Items Fox Only
|move|p2a: No Items Fox Only|Rest|p2a: No Items Fox Only|[from]Sleep Talk
|-fail|p2a: No Items Fox Only
|
|-heal|p1a: Thundurus|99\/306 brn|[from] item: Leftovers
|-damage|p1a: Thundurus|61\/306 brn|[from] brn
|turn|7
|
|move|p1a: Thundurus|Thunderbolt|p2a: No Items Fox Only
|-supereffective|p2a: No Items Fox Only
|-damage|p2a: No Items Fox Only|65\/404 slp
|-curestatus|p2a: No Items Fox Only|slp
|move|p2a: No Items Fox Only|Scald|p1a: Thundurus
|-damage|p1a: Thundurus|0 fnt
|faint|p1a: Thundurus
|
|
|switch|p1a: Charizard|Charizard, M, shiny|307\/307
|turn|8
|
|detailschange|p1a: Charizard|Charizard-Mega-Y, M, shiny
|message|Charizard has Mega Evolved into Mega Charizard!
|-weather|SunnyDay
|move|p1a: Charizard|Solar Beam|p2a: No Items Fox Only|[still]
|-prepare|p1a: Charizard|Solar Beam|p2a: No Items Fox Only
|-anim|p1a: Charizard|Solar Beam|p2a: No Items Fox Only
|-supereffective|p2a: No Items Fox Only
|-damage|p2a: No Items Fox Only|0 fnt
|faint|p2a: No Items Fox Only
|
|-weather|SunnyDay|[upkeep]
|
|switch|p2a: No Items Fox Only|Jolteon, M|272\/272
|-damage|p2a: No Items Fox Only|238\/272|[from] Stealth Rock
|turn|9
|
|move|p2a: No Items Fox Only|Substitute|p2a: No Items Fox Only
|-start|p2a: No Items Fox Only|Substitute
|-damage|p2a: No Items Fox Only|170\/272
|move|p1a: Charizard|Fire Blast|p2a: No Items Fox Only
|-crit|p2a: No Items Fox Only
|-end|p2a: No Items Fox Only|Substitute
|
|-weather|SunnyDay|[upkeep]
|turn|10
|
|switch|p1a: Hippowdon|Hippowdon, F, shiny|318\/417 brn
|-weather|Sandstorm
|move|p2a: No Items Fox Only|Thunderbolt|p1a: Hippowdon
|-immune|p1a: Hippowdon|[msg]
|
|-weather|Sandstorm|[upkeep]
|-damage|p2a: No Items Fox Only|153\/272|[from] sandstorm
|-heal|p1a: Hippowdon|344\/417 brn|[from] item: Leftovers
|-damage|p1a: Hippowdon|292\/417 brn|[from] brn
|turn|11
|
|move|p2a: No Items Fox Only|Hidden Power|p1a: Hippowdon
|-supereffective|p1a: Hippowdon
|-damage|p1a: Hippowdon|136\/417 brn
|move|p1a: Hippowdon|Earthquake|p2a: No Items Fox Only
|-supereffective|p2a: No Items Fox Only
|-damage|p2a: No Items Fox Only|0 fnt
|faint|p2a: No Items Fox Only
|
|-weather|Sandstorm|[upkeep]
|-heal|p1a: Hippowdon|162\/417 brn|[from] item: Leftovers
|-damage|p1a: Hippowdon|110\/417 brn|[from] brn
|
|switch|p2a: No Items Fox Only|Delphox, M|292\/292
|-damage|p2a: No Items Fox Only|219\/292|[from] Stealth Rock
|turn|12
|
|move|p2a: No Items Fox Only|Grass Knot|p1a: Hippowdon
|-supereffective|p1a: Hippowdon
|-damage|p1a: Hippowdon|0 fnt
|faint|p1a: Hippowdon
|
|-weather|Sandstorm|[upkeep]
|-damage|p2a: No Items Fox Only|201\/292|[from] sandstorm
|
|switch|p1a: Aegislash|Aegislash, F, shiny|321\/321
|turn|13
|
|move|p2a: No Items Fox Only|Hypnosis|p1a: Aegislash
|-status|p1a: Aegislash|slp
|-item|p2a: No Items Fox Only|Leftovers|[from] ability: Magician|[of] p1a: Aegislash
|-formechange|p1a: Aegislash|Aegislash-Blade
|cant|p1a: Aegislash|slp
|
|-weather|Sandstorm|[upkeep]
|-damage|p2a: No Items Fox Only|183\/292|[from] sandstorm
|-heal|p2a: No Items Fox Only|201\/292|[from] item: Leftovers
|turn|14
|
|switch|p1a: Latios|Latios, M, shiny|299\/299
|move|p2a: No Items Fox Only|Fire Blast|p1a: Latios|[miss]
|-miss|p2a: No Items Fox Only|p1a: Latios
|
|-weather|none
|-heal|p2a: No Items Fox Only|219\/292|[from] item: Leftovers
|turn|15
|
|move|p1a: Latios|Earthquake|p2a: No Items Fox Only
|-supereffective|p2a: No Items Fox Only
|-damage|p2a: No Items Fox Only|0 fnt
|-damage|p1a: Latios|270\/299|[from] item: Life Orb
|faint|p2a: No Items Fox Only
|
|
|switch|p2a: No Items Fox Only|Ninetales, M|350\/350
|-damage|p2a: No Items Fox Only|263\/350|[from] Stealth Rock
|-weather|SunnyDay
|turn|16
|
|move|p1a: Latios|Earthquake|p2a: No Items Fox Only
|-supereffective|p2a: No Items Fox Only
|-damage|p2a: No Items Fox Only|81\/350
|-damage|p1a: Latios|241\/299|[from] item: Life Orb
|move|p2a: No Items Fox Only|Pain Split|p1a: Latios
|-sethp|p1a: Latios|161\/299|p2a: No Items Fox Only|161\/350|[from] move: Pain Split
|
|-weather|SunnyDay|[upkeep]
|turn|17
|
|move|p1a: Latios|Earthquake|p2a: No Items Fox Only
|-supereffective|p2a: No Items Fox Only
|-damage|p2a: No Items Fox Only|0 fnt
|-damage|p1a: Latios|132\/299|[from] item: Life Orb
|faint|p2a: No Items Fox Only
|
|-weather|SunnyDay|[upkeep]
|
|switch|p2a: No Items Fox Only|Lucario, F|281\/281
|-damage|p2a: No Items Fox Only|273\/281|[from] Stealth Rock
|turn|18
|
|move|p2a: No Items Fox Only|Extreme Speed|p1a: Latios
|-damage|p1a: Latios|6\/299
|move|p1a: Latios|Psyshock|p2a: No Items Fox Only
|-damage|p2a: No Items Fox Only|7\/281
|-damage|p1a: Latios|0 fnt|[from] item: Life Orb
|faint|p1a: Latios
|
|-weather|SunnyDay|[upkeep]
|
|switch|p1a: Aegislash|Aegislash, F, shiny|321\/321 slp
|turn|19
|
|move|p2a: No Items Fox Only|Earthquake|p1a: Aegislash
|-supereffective|p1a: Aegislash
|-damage|p1a: Aegislash|153\/321 slp
|-formechange|p1a: Aegislash|Aegislash-Blade
|cant|p1a: Aegislash|slp
|
|-weather|SunnyDay|[upkeep]
|turn|20
|
|-formechange|p1a: Aegislash|Aegislash
|cant|p1a: Aegislash|slp
|move|p2a: No Items Fox Only|Earthquake|p1a: Aegislash
|-supereffective|p1a: Aegislash
|-damage|p1a: Aegislash|0 fnt
|faint|p1a: Aegislash
|
|-weather|none
|
|switch|p1a: Charizard|Charizard-Mega-Y, M, shiny|307\/307
|-weather|SunnyDay
|turn|21
|
|move|p2a: No Items Fox Only|Extreme Speed|p1a: Charizard
|-damage|p1a: Charizard|202\/307
|move|p1a: Charizard|Solar Beam|p2a: No Items Fox Only|[still]
|-prepare|p1a: Charizard|Solar Beam|p2a: No Items Fox Only
|-anim|p1a: Charizard|Solar Beam|p2a: No Items Fox Only
|-resisted|p2a: No Items Fox Only
|-damage|p2a: No Items Fox Only|0 fnt
|faint|p2a: No Items Fox Only
|
|-weather|SunnyDay|[upkeep]
|
|switch|p2a: No Items Fox Only|Flareon, M|272\/272
|-damage|p2a: No Items Fox Only|204\/272|[from] Stealth Rock
|turn|22
|
|move|p1a: Charizard|Fire Blast|p2a: No Items Fox Only
|-start|p2a: No Items Fox Only|ability: Flash Fire
|move|p2a: No Items Fox Only|Flame Charge|p1a: Charizard
|-resisted|p1a: Charizard
|-damage|p1a: Charizard|56\/307
|-boost|p2a: No Items Fox Only|spe|1
|
|-weather|SunnyDay|[upkeep]
|turn|23
|
|move|p2a: No Items Fox Only|Flame Charge|p1a: Charizard
|-resisted|p1a: Charizard
|-damage|p1a: Charizard|0 fnt
|-boost|p2a: No Items Fox Only|spe|1
|faint|p1a: Charizard
|
|-weather|SunnyDay|[upkeep]
|
|switch|p1a: Keldeo|Keldeo, shiny|323\/323
|turn|24
|
|move|p2a: No Items Fox Only|Flare Blitz|p1a: Keldeo
|-resisted|p1a: Keldeo
|-damage|p1a: Keldeo|30\/323
|-damage|p2a: No Items Fox Only|107\/272|[from] recoil|[of] p1a: Keldeo
|move|p1a: Keldeo|Scald|p2a: No Items Fox Only
|-supereffective|p2a: No Items Fox Only
|-damage|p2a: No Items Fox Only|0 fnt
|faint|p2a: No Items Fox Only
|
|win|WarriorBlast
|raw|Ladder updating...
|raw|WarriorBlast's rating: 1472 &rarr; <strong>1494<\/strong><br \/>(+22 for winning)
|raw|DictatorOfAmerica's rating: 1518 &rarr; <strong>1496<\/strong><br \/>(-22 for losing)
|leave|WarriorBlast
|player|p1
|chat|DictatorOfAmerica|gg