|join|Charik
|join|WarriorBlast
|player|p1|Charik|162
|player|p2|WarriorBlast|266
|gametype|singles
|gen|6
|tier|OU
|rated
|clearpoke
|poke|p1|Jirachi
|poke|p1|Shuckle, M
|poke|p1|Whimsicott, F
|poke|p1|Gengar, M
|poke|p1|Breloom, M
|poke|p1|Gliscor, F
|poke|p2|Darmanitan, M, shiny
|poke|p2|Latios, M, shiny
|poke|p2|Rotom-Wash, shiny
|poke|p2|Mamoswine, F, shiny
|poke|p2|Mawile, M, shiny
|poke|p2|Togekiss, F, shiny
|rule|Sleep Clause Mod: Limit one foe put to sleep
|rule|Species Clause: Limit one of each Pokemon
|rule|OHKO Clause: OHKO moves are banned
|rule|Moody Clause: Moody is banned
|rule|Evasion Moves Clause: Evasion moves are banned
|rule|Endless Battle Clause: Forcing endless battles is banned.
|rule|HP Percentage Mod: HP is reported as percentages
|teampreview
|
|start
|switch|p1a: Jirachi|Jirachi|342\/342
|switch|p2a: Togekiss|Togekiss, F, shiny|374\/374
|turn|1
|
|move|p1a: Jirachi|Thunder Wave|p2a: Togekiss
|-status|p2a: Togekiss|par
|move|p2a: Togekiss|Flamethrower|p1a: Jirachi
|-supereffective|p1a: Jirachi
|-damage|p1a: Jirachi|192\/342
|-status|p1a: Jirachi|brn
|
|-damage|p1a: Jirachi|150\/342 brn|[from] brn
|turn|2
|
|move|p1a: Jirachi|Wish|p1a: Jirachi
|move|p2a: Togekiss|Thunder Wave|p1a: Jirachi
|-fail|p1a: Jirachi
|
|-damage|p1a: Jirachi|108\/342 brn|[from] brn
|turn|3
|
|switch|p2a: Mamoswine|Mamoswine, F, shiny|361\/361
|move|p1a: Jirachi|Iron Head|p2a: Mamoswine
|-supereffective|p2a: Mamoswine
|-damage|p2a: Mamoswine|235\/361
|
|-heal|p1a: Jirachi|279\/342 brn|[from] move: Wish|[wisher] Jirachi
|-damage|p1a: Jirachi|237\/342 brn|[from] brn
|turn|4
|
|move|p1a: Jirachi|Iron Head|p2a: Mamoswine
|-supereffective|p2a: Mamoswine
|-damage|p2a: Mamoswine|113\/361
|cant|p2a: Mamoswine|flinch
|
|-damage|p1a: Jirachi|195\/342 brn|[from] brn
|turn|5
|
|switch|p2a: Darmanitan|Darmanitan, M, shiny|351\/351
|move|p1a: Jirachi|Iron Head|p2a: Darmanitan
|-resisted|p2a: Darmanitan
|-damage|p2a: Darmanitan|315\/351
|
|-damage|p1a: Jirachi|153\/342 brn|[from] brn
|turn|6
|-activate|p1a: Jirachi|item: Quick Claw
|
|move|p1a: Jirachi|Thunder Wave|p2a: Darmanitan
|-status|p2a: Darmanitan|par
|move|p2a: Darmanitan|Flare Blitz|p1a: Jirachi
|-supereffective|p1a: Jirachi
|-damage|p1a: Jirachi|0 fnt
|-damage|p2a: Darmanitan|265\/351 par|[from] recoil|[of] p1a: Jirachi
|faint|p1a: Jirachi
|
|
|switch|p1a: Gliscor|Gliscor, F|333\/333
|turn|7
|
|move|p1a: Gliscor|Earthquake|p2a: Darmanitan
|-supereffective|p2a: Darmanitan
|-damage|p2a: Darmanitan|0 fnt
|faint|p2a: Darmanitan
|
|-status|p1a: Gliscor|tox|[from] item: Toxic Orb
|
|switch|p2a: Mamoswine|Mamoswine, F, shiny|113\/361
|turn|8
|
|move|p1a: Gliscor|Substitute|p1a: Gliscor
|-start|p1a: Gliscor|Substitute
|-damage|p1a: Gliscor|250\/333 tox
|move|p2a: Mamoswine|Stealth Rock|p1a: Gliscor
|-sidestart|p1: Charik|move: Stealth Rock
|
|-heal|p1a: Gliscor|291\/333 tox|[from] ability: Poison Heal
|turn|9
|
|move|p2a: Mamoswine|Ice Shard|p1a: Gliscor
|-supereffective|p1a: Gliscor
|-end|p1a: Gliscor|Substitute
|move|p1a: Gliscor|Toxic|p2a: Mamoswine
|-status|p2a: Mamoswine|tox
|
|-heal|p1a: Gliscor|332\/333 tox|[from] ability: Poison Heal
|-damage|p2a: Mamoswine|91\/361 tox|[from] psn
|turn|10
|
|move|p1a: Gliscor|Protect|p1a: Gliscor
|-singleturn|p1a: Gliscor|Protect
|move|p2a: Mamoswine|Icicle Crash|p1a: Gliscor
|-activate|p1a: Gliscor|Protect
|
|-heal|p1a: Gliscor|333\/333 tox|[from] ability: Poison Heal
|-damage|p2a: Mamoswine|47\/361 tox|[from] psn
|turn|11
|
|move|p2a: Mamoswine|Ice Shard|p1a: Gliscor
|-supereffective|p1a: Gliscor
|-damage|p1a: Gliscor|117\/333 tox
|move|p1a: Gliscor|Substitute|p1a: Gliscor
|-start|p1a: Gliscor|Substitute
|-damage|p1a: Gliscor|34\/333 tox
|
|-heal|p1a: Gliscor|75\/333 tox|[from] ability: Poison Heal
|-damage|p2a: Mamoswine|0 fnt|[from] psn
|faint|p2a: Mamoswine
|
|switch|p2a: Latios|Latios, M, shiny|302\/302
|turn|12
|
|move|p1a: Gliscor|Protect|p1a: Gliscor
|-singleturn|p1a: Gliscor|Protect
|move|p2a: Latios|Psyshock|p1a: Gliscor
|-activate|p1a: Gliscor|Protect
|
|-heal|p1a: Gliscor|116\/333 tox|[from] ability: Poison Heal
|turn|13
|
|move|p2a: Latios|Psyshock|p1a: Gliscor
|-end|p1a: Gliscor|Substitute
|-damage|p2a: Latios|272\/302|[from] item: Life Orb
|move|p1a: Gliscor|Toxic|p2a: Latios
|-status|p2a: Latios|tox
|
|-damage|p2a: Latios|254\/302 tox|[from] psn
|-heal|p1a: Gliscor|157\/333 tox|[from] ability: Poison Heal
|turn|14
|
|move|p1a: Gliscor|Protect|p1a: Gliscor
|-singleturn|p1a: Gliscor|Protect
|move|p2a: Latios|Psyshock|p1a: Gliscor
|-activate|p1a: Gliscor|Protect
|
|-damage|p2a: Latios|218\/302 tox|[from] psn
|-heal|p1a: Gliscor|198\/333 tox|[from] ability: Poison Heal
|turn|15
|
|move|p2a: Latios|Psyshock|p1a: Gliscor
|-damage|p1a: Gliscor|54\/333 tox
|-damage|p2a: Latios|188\/302 tox|[from] item: Life Orb
|move|p1a: Gliscor|Substitute|p1a: Gliscor
|-fail|p1a: Gliscor|move: Substitute|[weak]
|
|-damage|p2a: Latios|134\/302 tox|[from] psn
|-heal|p1a: Gliscor|95\/333 tox|[from] ability: Poison Heal
|turn|16
|
|move|p1a: Gliscor|Protect|p1a: Gliscor
|-singleturn|p1a: Gliscor|Protect
|move|p2a: Latios|Psyshock|p1a: Gliscor
|-activate|p1a: Gliscor|Protect
|
|-damage|p2a: Latios|62\/302 tox|[from] psn
|-heal|p1a: Gliscor|136\/333 tox|[from] ability: Poison Heal
|turn|17
|
|move|p1a: Gliscor|Protect|p1a: Gliscor
|-fail|p1a: Gliscor
|move|p2a: Latios|Psyshock|p1a: Gliscor
|-damage|p1a: Gliscor|0 fnt
|-damage|p2a: Latios|32\/302 tox|[from] item: Life Orb
|faint|p1a: Gliscor
|
|-damage|p2a: Latios|0 fnt|[from] psn
|faint|p2a: Latios
|
|switch|p1a: Breloom|Breloom, M|264\/264
|-damage|p1a: Breloom|248\/264|[from] Stealth Rock
|switch|p2a: Mawile|Mawile, M, shiny|304\/304
|-ability|p2a: Mawile|Intimidate|[of] p1a: Breloom
|-unboost|p1a: Breloom|atk|1
|turn|18
|
|switch|p2a: Togekiss|Togekiss, F, shiny|374\/374 par
|move|p1a: Breloom|Spore|p2a: Togekiss
|-fail|p2a: Togekiss
|
|-status|p1a: Breloom|tox|[from] item: Toxic Orb
|turn|19
|
|move|p1a: Breloom|Substitute|p1a: Breloom
|-start|p1a: Breloom|Substitute
|-damage|p1a: Breloom|182\/264 tox
|move|p2a: Togekiss|Air Slash|p1a: Breloom
|-supereffective|p1a: Breloom
|-end|p1a: Breloom|Substitute
|
|-heal|p1a: Breloom|215\/264 tox|[from] ability: Poison Heal
|turn|20
|
|switch|p1a: Gengar|Gengar, M|262\/262
|-damage|p1a: Gengar|230\/262|[from] Stealth Rock
|move|p2a: Togekiss|Air Slash|p1a: Gengar
|-damage|p1a: Gengar|98\/262
|
|-heal|p1a: Gengar|114\/262|[from] item: Black Sludge
|turn|21
|
|switch|p1a: Shuckle|Shuckle, M|244\/244
|-damage|p1a: Shuckle|183\/244|[from] Stealth Rock
|cant|p2a: Togekiss|par
|
|-heal|p1a: Shuckle|198\/244|[from] item: Leftovers
|turn|22
|
|switch|p2a: Mawile|Mawile, M, shiny|304\/304
|-ability|p2a: Mawile|Intimidate|[of] p1a: Shuckle
|-unboost|p1a: Shuckle|atk|1
|move|p1a: Shuckle|Acupressure|p1a: Shuckle
|-boost|p1a: Shuckle|def|2
|
|-heal|p1a: Shuckle|213\/244|[from] item: Leftovers
|turn|23
|
|detailschange|p2a: Mawile|Mawile-Mega, M, shiny
|message|Mawile has Mega Evolved into Mega Mawile!
|move|p2a: Mawile|Swords Dance|p2a: Mawile
|-boost|p2a: Mawile|atk|2
|move|p1a: Shuckle|Acupressure|p1a: Shuckle
|-boost|p1a: Shuckle|atk|2
|
|-heal|p1a: Shuckle|228\/244|[from] item: Leftovers
|turn|24
|
|move|p2a: Mawile|Swords Dance|p2a: Mawile
|-boost|p2a: Mawile|atk|2
|move|p1a: Shuckle|Acupressure|p1a: Shuckle
|-boost|p1a: Shuckle|atk|2
|
|-heal|p1a: Shuckle|243\/244|[from] item: Leftovers
|turn|25
|
|switch|p1a: Whimsicott|Whimsicott, F|324\/324
|-damage|p1a: Whimsicott|284\/324|[from] Stealth Rock
|move|p2a: Mawile|Swords Dance|p2a: Mawile
|-boost|p2a: Mawile|atk|2
|
|-heal|p1a: Whimsicott|304\/324|[from] item: Leftovers
|turn|26
|
|move|p1a: Whimsicott|Encore|p2a: Mawile
|-start|p2a: Mawile|Encore
|move|p2a: Mawile|Swords Dance|p2a: Mawile
|-fail|p2a: Mawile
|
|-heal|p1a: Whimsicott|324\/324|[from] item: Leftovers
|turn|27
|
|switch|p2a: Togekiss|Togekiss, F, shiny|374\/374 par
|move|p1a: Whimsicott|Taunt|p2a: Togekiss
|-start|p2a: Togekiss|move: Taunt
|
|turn|28
|
|switch|p1a: Shuckle|Shuckle, M|243\/244
|-damage|p1a: Shuckle|182\/244|[from] Stealth Rock
|cant|p2a: Togekiss|par
|
|-heal|p1a: Shuckle|197\/244|[from] item: Leftovers
|turn|29
|
|move|p2a: Togekiss|Air Slash|p1a: Shuckle
|-damage|p1a: Shuckle|155\/244
|cant|p1a: Shuckle|flinch
|
|-heal|p1a: Shuckle|170\/244|[from] item: Leftovers
|turn|30
|
|switch|p2a: Mawile|Mawile-Mega, M, shiny|304\/304
|move|p1a: Shuckle|Acupressure|p1a: Shuckle
|-boost|p1a: Shuckle|spd|2
|
|-heal|p1a: Shuckle|185\/244|[from] item: Leftovers
|turn|31
|
|move|p2a: Mawile|Play Rough|p1a: Shuckle
|-damage|p1a: Shuckle|40\/244
|-unboost|p1a: Shuckle|atk|1
|move|p1a: Shuckle|Acupressure|p1a: Shuckle
|-boost|p1a: Shuckle|spa|2
|
|-heal|p1a: Shuckle|55\/244|[from] item: Leftovers
|turn|32
|
|move|p2a: Mawile|Play Rough|p1a: Shuckle
|-damage|p1a: Shuckle|0 fnt
|faint|p1a: Shuckle
|
|
|switch|p1a: Gengar|Gengar, M|114\/262
|-damage|p1a: Gengar|82\/262|[from] Stealth Rock
|turn|33
|
|move|p2a: Mawile|Sucker Punch|p1a: Gengar
|-fail|p1a: Gengar
|move|p1a: Gengar|Hypnosis|p2a: Mawile|[miss]
|-miss|p1a: Gengar|p2a: Mawile
|
|-heal|p1a: Gengar|98\/262|[from] item: Black Sludge
|turn|34
|
|switch|p2a: Togekiss|Togekiss, F, shiny|374\/374 par
|move|p1a: Gengar|Hypnosis|p2a: Togekiss
|-fail|p2a: Togekiss
|
|-heal|p1a: Gengar|114\/262|[from] item: Black Sludge
|turn|35
|
|switch|p1a: Whimsicott|Whimsicott, F|324\/324
|-damage|p1a: Whimsicott|284\/324|[from] Stealth Rock
|cant|p2a: Togekiss|par
|
|-heal|p1a: Whimsicott|304\/324|[from] item: Leftovers
|turn|36
|
|move|p1a: Whimsicott|Leech Seed|p2a: Togekiss
|-start|p2a: Togekiss|move: Leech Seed
|move|p2a: Togekiss|Air Slash|p1a: Whimsicott
|-supereffective|p1a: Whimsicott
|-damage|p1a: Whimsicott|20\/324
|
|-heal|p1a: Whimsicott|40\/324|[from] item: Leftovers
|-damage|p2a: Togekiss|328\/374 par|[from] Leech Seed|[of] p1a: Whimsicott
|-heal|p1a: Whimsicott|86\/324|[silent]
|turn|37
|
|move|p1a: Whimsicott|Substitute|p1a: Whimsicott
|-start|p1a: Whimsicott|Substitute
|-damage|p1a: Whimsicott|5\/324
|cant|p2a: Togekiss|par
|
|-heal|p1a: Whimsicott|25\/324|[from] item: Leftovers
|-heal|p2a: Togekiss|351\/374 par|[from] item: Leftovers
|-damage|p2a: Togekiss|305\/374 par|[from] Leech Seed|[of] p1a: Whimsicott
|-heal|p1a: Whimsicott|71\/324|[silent]
|turn|38
|
|switch|p2a: Mawile|Mawile-Mega, M, shiny|304\/304
|move|p1a: Whimsicott|Taunt|p2a: Mawile
|-start|p2a: Mawile|move: Taunt
|
|-heal|p1a: Whimsicott|91\/324|[from] item: Leftovers
|turn|39
|
|move|p1a: Whimsicott|Leech Seed|p2a: Mawile
|-start|p2a: Mawile|move: Leech Seed
|move|p2a: Mawile|Fire Fang|p1a: Whimsicott
|-supereffective|p1a: Whimsicott
|-end|p1a: Whimsicott|Substitute
|
|-heal|p1a: Whimsicott|111\/324|[from] item: Leftovers
|-damage|p2a: Mawile|266\/304|[from] Leech Seed|[of] p1a: Whimsicott
|-heal|p1a: Whimsicott|149\/324|[silent]
|turn|40
|
|move|p1a: Whimsicott|Substitute|p1a: Whimsicott
|-start|p1a: Whimsicott|Substitute
|-damage|p1a: Whimsicott|68\/324
|move|p2a: Mawile|Play Rough|p1a: Whimsicott
|-end|p1a: Whimsicott|Substitute
|
|-heal|p1a: Whimsicott|88\/324|[from] item: Leftovers
|-damage|p2a: Mawile|228\/304|[from] Leech Seed|[of] p1a: Whimsicott
|-heal|p1a: Whimsicott|126\/324|[silent]
|turn|41
|
|move|p1a: Whimsicott|Substitute|p1a: Whimsicott
|-start|p1a: Whimsicott|Substitute
|-damage|p1a: Whimsicott|45\/324
|move|p2a: Mawile|Fire Fang|p1a: Whimsicott
|-supereffective|p1a: Whimsicott
|-end|p1a: Whimsicott|Substitute
|
|-heal|p1a: Whimsicott|65\/324|[from] item: Leftovers
|-damage|p2a: Mawile|190\/304|[from] Leech Seed|[of] p1a: Whimsicott
|-heal|p1a: Whimsicott|103\/324|[silent]
|-end|p2a: Mawile|move: Taunt
|turn|42
|
|move|p1a: Whimsicott|Substitute|p1a: Whimsicott
|-start|p1a: Whimsicott|Substitute
|-damage|p1a: Whimsicott|22\/324
|move|p2a: Mawile|Fire Fang|p1a: Whimsicott
|-supereffective|p1a: Whimsicott
|-end|p1a: Whimsicott|Substitute
|
|-heal|p1a: Whimsicott|42\/324|[from] item: Leftovers
|-damage|p2a: Mawile|152\/304|[from] Leech Seed|[of] p1a: Whimsicott
|-heal|p1a: Whimsicott|80\/324|[silent]
|turn|43
|
|switch|p1a: Gengar|Gengar, M|114\/262
|-damage|p1a: Gengar|82\/262|[from] Stealth Rock
|move|p2a: Mawile|Play Rough|p1a: Gengar
|-resisted|p1a: Gengar
|-damage|p1a: Gengar|0 fnt
|faint|p1a: Gengar
|
|
|switch|p1a: Breloom|Breloom, M|215\/264 tox
|-damage|p1a: Breloom|199\/264 tox|[from] Stealth Rock
|turn|44
|
|switch|p2a: Togekiss|Togekiss, F, shiny|305\/374 par
|move|p1a: Breloom|Spore|p2a: Togekiss
|-fail|p2a: Togekiss
|
|-heal|p2a: Togekiss|328\/374 par|[from] item: Leftovers
|-heal|p1a: Breloom|232\/264 tox|[from] ability: Poison Heal
|turn|45
|
|-singleturn|p1a: Breloom|move: Focus Punch
|cant|p2a: Togekiss|par
|move|p1a: Breloom|Focus Punch|p2a: Togekiss
|-resisted|p2a: Togekiss
|-damage|p2a: Togekiss|253\/374 par
|
|-heal|p2a: Togekiss|276\/374 par|[from] item: Leftovers
|-heal|p1a: Breloom|264\/264 tox|[from] ability: Poison Heal
|turn|46
|
|move|p1a: Breloom|Seed Bomb|p2a: Togekiss
|-resisted|p2a: Togekiss
|-damage|p2a: Togekiss|188\/374 par
|cant|p2a: Togekiss|par
|
|-heal|p2a: Togekiss|211\/374 par|[from] item: Leftovers
|turn|47
|
|move|p1a: Breloom|Seed Bomb|p2a: Togekiss
|-resisted|p2a: Togekiss
|-damage|p2a: Togekiss|135\/374 par
|move|p2a: Togekiss|Air Slash|p1a: Breloom|[miss]
|-miss|p2a: Togekiss|p1a: Breloom
|
|-heal|p2a: Togekiss|158\/374 par|[from] item: Leftovers
|turn|48
|
|move|p1a: Breloom|Substitute|p1a: Breloom
|-start|p1a: Breloom|Substitute
|-damage|p1a: Breloom|198\/264 tox
|cant|p2a: Togekiss|par
|
|-heal|p2a: Togekiss|181\/374 par|[from] item: Leftovers
|-heal|p1a: Breloom|231\/264 tox|[from] ability: Poison Heal
|turn|49
|
|move|p1a: Breloom|Seed Bomb|p2a: Togekiss
|-resisted|p2a: Togekiss
|-damage|p2a: Togekiss|93\/374 par
|move|p2a: Togekiss|Air Slash|p1a: Breloom
|-supereffective|p1a: Breloom
|-end|p1a: Breloom|Substitute
|
|-heal|p2a: Togekiss|116\/374 par|[from] item: Leftovers
|-heal|p1a: Breloom|264\/264 tox|[from] ability: Poison Heal
|turn|50
|
|move|p1a: Breloom|Substitute|p1a: Breloom
|-start|p1a: Breloom|Substitute
|-damage|p1a: Breloom|198\/264 tox
|move|p2a: Togekiss|Air Slash|p1a: Breloom
|-supereffective|p1a: Breloom
|-end|p1a: Breloom|Substitute
|
|-heal|p2a: Togekiss|139\/374 par|[from] item: Leftovers
|-heal|p1a: Breloom|231\/264 tox|[from] ability: Poison Heal
|turn|51
|
|move|p1a: Breloom|Substitute|p1a: Breloom
|-start|p1a: Breloom|Substitute
|-damage|p1a: Breloom|165\/264 tox
|move|p2a: Togekiss|Air Slash|p1a: Breloom
|-supereffective|p1a: Breloom
|-end|p1a: Breloom|Substitute
|
|-heal|p2a: Togekiss|162\/374 par|[from] item: Leftovers
|-heal|p1a: Breloom|198\/264 tox|[from] ability: Poison Heal
|turn|52
|
|move|p1a: Breloom|Substitute|p1a: Breloom
|-start|p1a: Breloom|Substitute
|-damage|p1a: Breloom|132\/264 tox
|move|p2a: Togekiss|Flamethrower|p1a: Breloom
|-supereffective|p1a: Breloom
|-end|p1a: Breloom|Substitute
|
|-heal|p2a: Togekiss|185\/374 par|[from] item: Leftovers
|-heal|p1a: Breloom|165\/264 tox|[from] ability: Poison Heal
|turn|53
|
|move|p1a: Breloom|Seed Bomb|p2a: Togekiss
|-resisted|p2a: Togekiss
|-damage|p2a: Togekiss|99\/374 par
|cant|p2a: Togekiss|par
|
|-heal|p2a: Togekiss|122\/374 par|[from] item: Leftovers
|-heal|p1a: Breloom|198\/264 tox|[from] ability: Poison Heal
|turn|54
|
|move|p1a: Breloom|Seed Bomb|p2a: Togekiss
|-resisted|p2a: Togekiss
|-damage|p2a: Togekiss|38\/374 par
|cant|p2a: Togekiss|par
|
|-heal|p2a: Togekiss|61\/374 par|[from] item: Leftovers
|-heal|p1a: Breloom|231\/264 tox|[from] ability: Poison Heal
|turn|55
|chat|WarriorBlast|what the
|
|switch|p2a: Mawile|Mawile-Mega, M, shiny|152\/304
|move|p1a: Breloom|Seed Bomb|p2a: Mawile
|-resisted|p2a: Mawile
|-damage|p2a: Mawile|92\/304
|
|-heal|p1a: Breloom|264\/264 tox|[from] ability: Poison Heal
|turn|56
|
|move|p1a: Breloom|Spore|p2a: Mawile
|-status|p2a: Mawile|slp
|cant|p2a: Mawile|slp
|
|turn|57
|
|-singleturn|p1a: Breloom|move: Focus Punch
|-curestatus|p2a: Mawile|slp
|move|p2a: Mawile|Play Rough|p1a: Breloom|[miss]
|-miss|p2a: Mawile|p1a: Breloom
|move|p1a: Breloom|Focus Punch|p2a: Mawile
|-damage|p2a: Mawile|0 fnt
|faint|p2a: Mawile
|
|
|switch|p2a: Rotom-Wash|Rotom-Wash, shiny|304\/304
|turn|58
|chat|WarriorBlast|im reporting you for hacking
|chat|Charik|????
|chat|Charik|you're just a sore loser
|chat|WarriorBlast|LMAO
|chat|WarriorBlast|go look at all the luck you had
|chat|Charik|yeah it was luck
|
|switch|p2a: Togekiss|Togekiss, F, shiny|61\/374 par
|move|p1a: Breloom|Spore|p2a: Togekiss
|-fail|p2a: Togekiss
|
|-heal|p2a: Togekiss|84\/374 par|[from] item: Leftovers
|turn|59
|chat|Charik|and i won
|chat|Charik|fair and square
|
|switch|p2a: Rotom-Wash|Rotom-Wash, shiny|304\/304
|move|p1a: Breloom|Seed Bomb|p2a: Rotom-Wash
|-crit|p2a: Rotom-Wash
|-supereffective|p2a: Rotom-Wash
|-damage|p2a: Rotom-Wash|0 fnt
|faint|p2a: Rotom-Wash
|
|
|switch|p2a: Togekiss|Togekiss, F, shiny|84\/374 par
|turn|60
|
|move|p1a: Breloom|Substitute|p1a: Breloom
|-start|p1a: Breloom|Substitute
|-damage|p1a: Breloom|198\/264 tox
|move|p2a: Togekiss|Air Slash|p1a: Breloom
|-supereffective|p1a: Breloom
|-end|p1a: Breloom|Substitute
|
|-heal|p2a: Togekiss|107\/374 par|[from] item: Leftovers
|-heal|p1a: Breloom|231\/264 tox|[from] ability: Poison Heal
|turn|61
|
|move|p1a: Breloom|Substitute|p1a: Breloom
|-start|p1a: Breloom|Substitute
|-damage|p1a: Breloom|165\/264 tox
|move|p2a: Togekiss|Air Slash|p1a: Breloom
|-supereffective|p1a: Breloom
|-end|p1a: Breloom|Substitute
|
|-heal|p2a: Togekiss|130\/374 par|[from] item: Leftovers
|-heal|p1a: Breloom|198\/264 tox|[from] ability: Poison Heal
|turn|62
|
|move|p1a: Breloom|Substitute|p1a: Breloom
|-start|p1a: Breloom|Substitute
|-damage|p1a: Breloom|132\/264 tox
|move|p2a: Togekiss|Air Slash|p1a: Breloom
|-supereffective|p1a: Breloom
|-end|p1a: Breloom|Substitute
|
|-heal|p2a: Togekiss|153\/374 par|[from] item: Leftovers
|-heal|p1a: Breloom|165\/264 tox|[from] ability: Poison Heal
|turn|63
|
|move|p1a: Breloom|Substitute|p1a: Breloom
|-start|p1a: Breloom|Substitute
|-damage|p1a: Breloom|99\/264 tox
|cant|p2a: Togekiss|par
|
|-heal|p2a: Togekiss|176\/374 par|[from] item: Leftovers
|-heal|p1a: Breloom|132\/264 tox|[from] ability: Poison Heal
|turn|64
|
|move|p1a: Breloom|Seed Bomb|p2a: Togekiss
|-resisted|p2a: Togekiss
|-damage|p2a: Togekiss|91\/374 par
|cant|p2a: Togekiss|par
|
|-heal|p2a: Togekiss|114\/374 par|[from] item: Leftovers
|-heal|p1a: Breloom|165\/264 tox|[from] ability: Poison Heal
|turn|65
|-message|WarriorBlast forfeited.
|
|win|Charik
|raw|Ladder updating...
|leave|WarriorBlast
|player|p2
|raw|Charik's rating: 1183 &rarr; <strong>1226<\/strong><br \/>(+43 for winning)
|raw|WarriorBlast's rating: 1500 &rarr; <strong>1466<\/strong><br \/>(-34 for losing)