|join|WarriorBlast
|join|zelduck
|player|p1|WarriorBlast|167
|player|p2|zelduck|163
|gametype|singles
|gen|6
|tier|OU
|rated
|clearpoke
|poke|p1|Victini, shiny
|poke|p1|Weavile, F, shiny
|poke|p1|Deoxys-Speed, shiny
|poke|p1|Gyarados, F, shiny
|poke|p1|Conkeldurr, F, shiny
|poke|p1|Scizor, F, shiny
|poke|p2|Aegislash, F
|poke|p2|Bisharp, F
|poke|p2|Thundurus, M
|poke|p2|Garchomp, M
|poke|p2|Keldeo
|poke|p2|Deoxys-Defense
|rule|Sleep Clause Mod: Limit one foe put to sleep
|rule|Species Clause: Limit one of each Pokemon
|rule|OHKO Clause: OHKO moves are banned
|rule|Moody Clause: Moody is banned
|rule|Evasion Moves Clause: Evasion moves are banned
|rule|Endless Battle Clause: Forcing endless battles is banned.
|rule|HP Percentage Mod: HP is reported as percentages
|teampreview
|
|start
|switch|p1a: Scizor|Scizor, F, shiny|344\/344
|switch|p2a: Hugs!|Deoxys-Defense|304\/304
|-ability|p2a: Hugs!|Pressure
|turn|1
|chat|zelduck|gl hf gg
|chat|WarriorBlast|u2
|
|switch|p2a: Brony|Keldeo|323\/323
|move|p1a: Scizor|U-turn|p2a: Brony
|-resisted|p2a: Brony
|-damage|p2a: Brony|217\/323
|
|switch|p1a: Conkeldurr|Conkeldurr, F, shiny|414\/414
|
|turn|2
|
|move|p2a: Brony|Hydro Pump|p1a: Conkeldurr
|-damage|p1a: Conkeldurr|149\/414
|move|p1a: Conkeldurr|Drain Punch|p2a: Brony
|-damage|p2a: Brony|45\/323
|-heal|p1a: Conkeldurr|235\/414|[from] drain|[of] p2a: Brony
|
|turn|3
|
|move|p1a: Conkeldurr|Mach Punch|p2a: Brony
|-damage|p2a: Brony|0 fnt
|faint|p2a: Brony
|
|
|switch|p2a: Go Beyond|Aegislash, F|324\/324
|turn|4
|
|-formechange|p2a: Go Beyond|Aegislash-Blade
|move|p2a: Go Beyond|Shadow Ball|p1a: Conkeldurr
|-damage|p1a: Conkeldurr|57\/414
|move|p1a: Conkeldurr|Knock Off|p2a: Go Beyond
|-supereffective|p2a: Go Beyond
|-damage|p2a: Go Beyond|0 fnt
|faint|p2a: Go Beyond
|
|
|switch|p2a: Hugs!|Deoxys-Defense|304\/304
|-ability|p2a: Hugs!|Pressure
|turn|5
|
|move|p2a: Hugs!|Stealth Rock|p1a: Conkeldurr
|-sidestart|p1: WarriorBlast|move: Stealth Rock
|move|p1a: Conkeldurr|Knock Off|p2a: Hugs!
|-supereffective|p2a: Hugs!
|-damage|p2a: Hugs!|138\/304
|-enditem|p2a: Hugs!|Red Card|[from] move: Knock Off|[of] p1a: Conkeldurr
|
|turn|6
|
|move|p2a: Hugs!|Spikes|p1a: Conkeldurr
|-sidestart|p1: WarriorBlast|Spikes
|move|p1a: Conkeldurr|Knock Off|p2a: Hugs!
|-supereffective|p2a: Hugs!
|-damage|p2a: Hugs!|12\/304
|
|turn|7
|
|move|p1a: Conkeldurr|Mach Punch|p2a: Hugs!
|-resisted|p2a: Hugs!
|-damage|p2a: Hugs!|0 fnt
|faint|p2a: Hugs!
|
|
|switch|p2a: Blade Runner|Bisharp, F|272\/272
|turn|8
|
|move|p1a: Conkeldurr|Mach Punch|p2a: Blade Runner
|-crit|p2a: Blade Runner
|-supereffective|p2a: Blade Runner
|-damage|p2a: Blade Runner|0 fnt
|faint|p2a: Blade Runner
|
|
|switch|p2a: Dragoniteite|Garchomp, M|358\/358
|turn|9
|
|move|p2a: Dragoniteite|Outrage|p1a: Conkeldurr
|-damage|p1a: Conkeldurr|0 fnt
|faint|p1a: Conkeldurr
|
|
|switch|p1a: Remember You|Gyarados, F, shiny|332\/332
|-damage|p1a: Remember You|249\/332|[from] Stealth Rock
|-ability|p1a: Remember You|Intimidate|[of] p2a: Dragoniteite
|-unboost|p2a: Dragoniteite|atk|1
|turn|10
|
|-formechange|p1a: Remember You|Gyarados-Mega
|message|Gyarados has Mega Evolved into Mega Gyarados!
|-ability|p1a: Remember You|Mold Breaker
|move|p2a: Dragoniteite|Outrage|p1a: Remember You
|-damage|p1a: Remember You|128\/332
|move|p1a: Remember You|Dragon Dance|p1a: Remember You
|-boost|p1a: Remember You|atk|1
|-boost|p1a: Remember You|spe|1
|
|-end|p2a: Dragoniteite|rampage
|-start|p2a: Dragoniteite|confusion
|turn|11
|
|-activate|p2a: Dragoniteite|confusion
|move|p2a: Dragoniteite|Outrage|p1a: Remember You
|-damage|p1a: Remember You|0 fnt
|faint|p1a: Remember You
|
|
|switch|p1a: Scizor|Scizor, F, shiny|344\/344
|-damage|p1a: Scizor|301\/344|[from] Stealth Rock
|-damage|p1a: Scizor|258\/344|[from] Spikes
|turn|12
|
|move|p1a: Scizor|Bullet Punch|p2a: Dragoniteite
|-damage|p2a: Dragoniteite|183\/358
|-damage|p1a: Scizor|215\/344|[from] ability: Rough Skin|[of] p2a: Dragoniteite
|-activate|p2a: Dragoniteite|confusion
|-damage|p2a: Dragoniteite|148\/358|[from] confusion
|
|turn|13
|
|move|p1a: Scizor|Bullet Punch|p2a: Dragoniteite
|-crit|p2a: Dragoniteite
|-damage|p2a: Dragoniteite|0 fnt
|-damage|p1a: Scizor|172\/344|[from] ability: Rough Skin|[of] p2a: Dragoniteite
|faint|p2a: Dragoniteite
|
|
|switch|p2a: 76 Trombones|Thundurus, M|300\/300
|turn|14
|
|move|p1a: Scizor|Bullet Punch|p2a: 76 Trombones
|-resisted|p2a: 76 Trombones
|-damage|p2a: 76 Trombones|176\/300
|move|p2a: 76 Trombones|Thunderbolt|p1a: Scizor
|-damage|p1a: Scizor|0 fnt
|faint|p1a: Scizor
|
|-heal|p2a: 76 Trombones|194\/300|[from] item: Leftovers
|
|switch|p1a: Slashdoll|Weavile, F, shiny|282\/282
|-damage|p1a: Slashdoll|247\/282|[from] Spikes
|-damage|p1a: Slashdoll|177\/282|[from] Stealth Rock
|-ability|p1a: Slashdoll|Pressure
|turn|15
|
|move|p1a: Slashdoll|Ice Shard|p2a: 76 Trombones
|-supereffective|p2a: 76 Trombones
|-damage|p2a: 76 Trombones|0 fnt
|-damage|p1a: Slashdoll|149\/282|[from] item: Life Orb
|faint|p2a: 76 Trombones
|
|win|WarriorBlast
|raw|Ladder updating...
|raw|WarriorBlast's rating: 1272 &rarr; <strong>1294<\/strong><br \/>(+22 for winning)
|raw|zelduck's rating: 1235 &rarr; <strong>1213<\/strong><br \/>(-22 for losing)
|chat|zelduck|gg wp