|join|WarriorBlast
|join|Josest
|player|p1|WarriorBlast|2
|player|p2|Josest|102
|gametype|singles
|gen|6
|tier|OU
|rated
|clearpoke
|poke|p1|Latios, M, shiny
|poke|p1|Rotom-Wash, shiny
|poke|p1|Mawile, F, shiny
|poke|p1|Togekiss, M, shiny
|poke|p1|Conkeldurr, F, shiny
|poke|p1|Kyurem-Black, shiny
|poke|p2|Whimsicott, M, shiny
|poke|p2|Mawile, F, shiny
|poke|p2|Gliscor, M, shiny
|poke|p2|Salamence, M, shiny
|poke|p2|Greninja, M, shiny
|poke|p2|Volcarona, M, shiny
|rule|Sleep Clause Mod: Limit one foe put to sleep
|rule|Species Clause: Limit one of each Pokemon
|rule|OHKO Clause: OHKO moves are banned
|rule|Moody Clause: Moody is banned
|rule|Evasion Moves Clause: Evasion moves are banned
|rule|Endless Battle Clause: Forcing endless battles is banned.
|rule|HP Percentage Mod: HP is reported as percentages
|teampreview
|
|start
|switch|p1a: Kyurem-Black|Kyurem-Black, shiny|454\/454
|switch|p2a: Whimsicott|Whimsicott, M, shiny|324\/324
|-ability|p1a: Kyurem-Black|Teravolt
|turn|1
|
|move|p2a: Whimsicott|Protect|p2a: Whimsicott
|-singleturn|p2a: Whimsicott|Protect
|move|p1a: Kyurem-Black|Ice Beam|p2a: Whimsicott
|-activate|p2a: Whimsicott|Protect
|
|turn|2
|
|move|p2a: Whimsicott|Substitute|p2a: Whimsicott
|-start|p2a: Whimsicott|Substitute
|-damage|p2a: Whimsicott|243\/324
|move|p1a: Kyurem-Black|Earth Power|p2a: Whimsicott
|-resisted|p2a: Whimsicott
|-activate|p2a: Whimsicott|Substitute|[damage]
|
|-heal|p2a: Whimsicott|263\/324|[from] item: Leftovers
|turn|3
|
|switch|p1a: Togekiss|Togekiss, M, shiny|374\/374
|move|p2a: Whimsicott|Encore|p1a: Togekiss
|-fail|p1a: Togekiss
|
|-heal|p2a: Whimsicott|283\/324|[from] item: Leftovers
|turn|4
|
|move|p2a: Whimsicott|Leech Seed|p1a: Togekiss
|-start|p1a: Togekiss|move: Leech Seed
|move|p1a: Togekiss|Air Slash|p2a: Whimsicott
|-supereffective|p2a: Whimsicott
|-end|p2a: Whimsicott|Substitute
|
|-heal|p2a: Whimsicott|303\/324|[from] item: Leftovers
|-damage|p1a: Togekiss|328\/374|[from] Leech Seed|[of] p2a: Whimsicott
|-heal|p2a: Whimsicott|324\/324|[silent]
|turn|5
|
|move|p2a: Whimsicott|Substitute|p2a: Whimsicott
|-start|p2a: Whimsicott|Substitute
|-damage|p2a: Whimsicott|243\/324
|move|p1a: Togekiss|Air Slash|p2a: Whimsicott
|-supereffective|p2a: Whimsicott
|-end|p2a: Whimsicott|Substitute
|
|-heal|p2a: Whimsicott|263\/324|[from] item: Leftovers
|-heal|p1a: Togekiss|351\/374|[from] item: Leftovers
|-damage|p1a: Togekiss|305\/374|[from] Leech Seed|[of] p2a: Whimsicott
|-heal|p2a: Whimsicott|309\/324|[silent]
|turn|6
|
|move|p2a: Whimsicott|Substitute|p2a: Whimsicott
|-start|p2a: Whimsicott|Substitute
|-damage|p2a: Whimsicott|228\/324
|move|p1a: Togekiss|Air Slash|p2a: Whimsicott
|-supereffective|p2a: Whimsicott
|-end|p2a: Whimsicott|Substitute
|
|-heal|p2a: Whimsicott|248\/324|[from] item: Leftovers
|-heal|p1a: Togekiss|328\/374|[from] item: Leftovers
|-damage|p1a: Togekiss|282\/374|[from] Leech Seed|[of] p2a: Whimsicott
|-heal|p2a: Whimsicott|294\/324|[silent]
|turn|7
|
|move|p2a: Whimsicott|Protect|p2a: Whimsicott
|-singleturn|p2a: Whimsicott|Protect
|move|p1a: Togekiss|Air Slash|p2a: Whimsicott
|-activate|p2a: Whimsicott|Protect
|
|-heal|p2a: Whimsicott|314\/324|[from] item: Leftovers
|-heal|p1a: Togekiss|305\/374|[from] item: Leftovers
|-damage|p1a: Togekiss|259\/374|[from] Leech Seed|[of] p2a: Whimsicott
|-heal|p2a: Whimsicott|324\/324|[silent]
|turn|8
|
|move|p2a: Whimsicott|Substitute|p2a: Whimsicott
|-start|p2a: Whimsicott|Substitute
|-damage|p2a: Whimsicott|243\/324
|move|p1a: Togekiss|Air Slash|p2a: Whimsicott
|-supereffective|p2a: Whimsicott
|-end|p2a: Whimsicott|Substitute
|
|-heal|p2a: Whimsicott|263\/324|[from] item: Leftovers
|-heal|p1a: Togekiss|282\/374|[from] item: Leftovers
|-damage|p1a: Togekiss|236\/374|[from] Leech Seed|[of] p2a: Whimsicott
|-heal|p2a: Whimsicott|309\/324|[silent]
|turn|9
|
|move|p2a: Whimsicott|Substitute|p2a: Whimsicott
|-start|p2a: Whimsicott|Substitute
|-damage|p2a: Whimsicott|228\/324
|move|p1a: Togekiss|Air Slash|p2a: Whimsicott
|-supereffective|p2a: Whimsicott
|-end|p2a: Whimsicott|Substitute
|
|-heal|p2a: Whimsicott|248\/324|[from] item: Leftovers
|-heal|p1a: Togekiss|259\/374|[from] item: Leftovers
|-damage|p1a: Togekiss|213\/374|[from] Leech Seed|[of] p2a: Whimsicott
|-heal|p2a: Whimsicott|294\/324|[silent]
|turn|10
|
|switch|p1a: Latios|Latios, M, shiny|302\/302
|move|p2a: Whimsicott|Substitute|p2a: Whimsicott
|-start|p2a: Whimsicott|Substitute
|-damage|p2a: Whimsicott|213\/324
|
|-heal|p2a: Whimsicott|233\/324|[from] item: Leftovers
|turn|11
|
|move|p2a: Whimsicott|Leech Seed|p1a: Latios
|-start|p1a: Latios|move: Leech Seed
|move|p1a: Latios|Psyshock|p2a: Whimsicott
|-end|p2a: Whimsicott|Substitute
|-damage|p1a: Latios|272\/302|[from] item: Life Orb
|
|-heal|p2a: Whimsicott|253\/324|[from] item: Leftovers
|-damage|p1a: Latios|235\/302|[from] Leech Seed|[of] p2a: Whimsicott
|-heal|p2a: Whimsicott|290\/324|[silent]
|turn|12
|
|move|p2a: Whimsicott|Protect|p2a: Whimsicott
|-singleturn|p2a: Whimsicott|Protect
|move|p1a: Latios|Psyshock|p2a: Whimsicott
|-activate|p2a: Whimsicott|Protect
|
|-heal|p2a: Whimsicott|310\/324|[from] item: Leftovers
|-damage|p1a: Latios|198\/302|[from] Leech Seed|[of] p2a: Whimsicott
|-heal|p2a: Whimsicott|324\/324|[silent]
|turn|13
|
|move|p2a: Whimsicott|Substitute|p2a: Whimsicott
|-start|p2a: Whimsicott|Substitute
|-damage|p2a: Whimsicott|243\/324
|move|p1a: Latios|Psyshock|p2a: Whimsicott
|-end|p2a: Whimsicott|Substitute
|-damage|p1a: Latios|168\/302|[from] item: Life Orb
|
|-heal|p2a: Whimsicott|263\/324|[from] item: Leftovers
|-damage|p1a: Latios|131\/302|[from] Leech Seed|[of] p2a: Whimsicott
|-heal|p2a: Whimsicott|300\/324|[silent]
|turn|14
|
|switch|p1a: Togekiss|Togekiss, M, shiny|213\/374
|move|p2a: Whimsicott|Protect|p2a: Whimsicott
|-fail|p2a: Whimsicott
|
|-heal|p2a: Whimsicott|320\/324|[from] item: Leftovers
|-heal|p1a: Togekiss|236\/374|[from] item: Leftovers
|turn|15
|
|move|p2a: Whimsicott|Substitute|p2a: Whimsicott
|-start|p2a: Whimsicott|Substitute
|-damage|p2a: Whimsicott|239\/324
|move|p1a: Togekiss|Air Slash|p2a: Whimsicott
|-supereffective|p2a: Whimsicott
|-end|p2a: Whimsicott|Substitute
|
|-heal|p2a: Whimsicott|259\/324|[from] item: Leftovers
|-heal|p1a: Togekiss|259\/374|[from] item: Leftovers
|turn|16
|
|move|p2a: Whimsicott|Leech Seed|p1a: Togekiss
|-start|p1a: Togekiss|move: Leech Seed
|move|p1a: Togekiss|Air Slash|p2a: Whimsicott
|-supereffective|p2a: Whimsicott
|-damage|p2a: Whimsicott|7\/324
|
|-heal|p2a: Whimsicott|27\/324|[from] item: Leftovers
|-heal|p1a: Togekiss|282\/374|[from] item: Leftovers
|-damage|p1a: Togekiss|236\/374|[from] Leech Seed|[of] p2a: Whimsicott
|-heal|p2a: Whimsicott|73\/324|[silent]
|turn|17
|
|move|p2a: Whimsicott|Protect|p2a: Whimsicott
|-singleturn|p2a: Whimsicott|Protect
|move|p1a: Togekiss|Air Slash|p2a: Whimsicott
|-activate|p2a: Whimsicott|Protect
|
|-heal|p2a: Whimsicott|93\/324|[from] item: Leftovers
|-heal|p1a: Togekiss|259\/374|[from] item: Leftovers
|-damage|p1a: Togekiss|213\/374|[from] Leech Seed|[of] p2a: Whimsicott
|-heal|p2a: Whimsicott|139\/324|[silent]
|turn|18
|
|switch|p1a: Conkeldurr|Conkeldurr, F, shiny|414\/414
|move|p2a: Whimsicott|Substitute|p2a: Whimsicott
|-start|p2a: Whimsicott|Substitute
|-damage|p2a: Whimsicott|58\/324
|
|-heal|p2a: Whimsicott|78\/324|[from] item: Leftovers
|turn|19
|
|move|p2a: Whimsicott|Leech Seed|p1a: Conkeldurr
|-start|p1a: Conkeldurr|move: Leech Seed
|move|p1a: Conkeldurr|Ice Punch|p2a: Whimsicott
|-supereffective|p2a: Whimsicott
|-end|p2a: Whimsicott|Substitute
|
|-heal|p2a: Whimsicott|98\/324|[from] item: Leftovers
|-damage|p1a: Conkeldurr|363\/414|[from] Leech Seed|[of] p2a: Whimsicott
|-heal|p2a: Whimsicott|149\/324|[silent]
|turn|20
|
|move|p2a: Whimsicott|Substitute|p2a: Whimsicott
|-start|p2a: Whimsicott|Substitute
|-damage|p2a: Whimsicott|68\/324
|move|p1a: Conkeldurr|Ice Punch|p2a: Whimsicott
|-supereffective|p2a: Whimsicott
|-end|p2a: Whimsicott|Substitute
|
|-heal|p2a: Whimsicott|88\/324|[from] item: Leftovers
|-damage|p1a: Conkeldurr|312\/414|[from] Leech Seed|[of] p2a: Whimsicott
|-heal|p2a: Whimsicott|139\/324|[silent]
|turn|21
|
|switch|p1a: Togekiss|Togekiss, M, shiny|213\/374
|move|p2a: Whimsicott|Substitute|p2a: Whimsicott
|-start|p2a: Whimsicott|Substitute
|-damage|p2a: Whimsicott|58\/324
|
|-heal|p2a: Whimsicott|78\/324|[from] item: Leftovers
|-heal|p1a: Togekiss|236\/374|[from] item: Leftovers
|turn|22
|-message|WarriorBlast lost due to inactivity.
|
|win|Josest
|raw|Ladder updating...
|raw|WarriorBlast's rating: 1470 &rarr; <strong>1449<\/strong><br \/>(-21 for losing)
|raw|Josest's rating: 1454 &rarr; <strong>1475<\/strong><br \/>(+21 for winning)
|leave|WarriorBlast
|player|p1