|join|WarriorBlast
|join|exploud mean
|player|p1|WarriorBlast|167
|player|p2|exploud mean|170
|gametype|singles
|gen|6
|tier|OU
|rated
|clearpoke
|poke|p1|Azumarill, F, shiny
|poke|p1|Garchomp, M, shiny
|poke|p1|Aegislash, M, shiny
|poke|p1|Scizor, M, shiny
|poke|p1|Kyurem-Black, shiny
|poke|p1|Talonflame, F, shiny
|poke|p2|Aegislash, M, shiny
|poke|p2|Heatran, F
|poke|p2|Cresselia, F
|poke|p2|Azumarill, M, shiny
|poke|p2|Charizard, M
|poke|p2|Conkeldurr, F, shiny
|rule|Sleep Clause Mod: Limit one foe put to sleep
|rule|Species Clause: Limit one of each Pokemon
|rule|OHKO Clause: OHKO moves are banned
|rule|Moody Clause: Moody is banned
|rule|Evasion Moves Clause: Evasion moves are banned
|rule|Endless Battle Clause: Forcing endless battles is banned.
|rule|HP Percentage Mod: HP is reported as percentages
|teampreview
|
|start
|switch|p1a: Garchomp|Garchomp, M, shiny|358\/358
|switch|p2a: Aegislash|Aegislash, M, shiny|324\/324
|turn|1
|
|move|p1a: Garchomp|Stealth Rock|p2a: Aegislash
|-sidestart|p2: exploud mean|move: Stealth Rock
|-formechange|p2a: Aegislash|Aegislash-Blade
|move|p2a: Aegislash|Shadow Ball|p1a: Garchomp
|-damage|p1a: Garchomp|171\/358
|
|turn|2
|
|-formechange|p2a: Aegislash|Aegislash
|move|p2a: Aegislash|King's Shield|p2a: Aegislash
|-singleturn|p2a: Aegislash|Protect
|move|p1a: Garchomp|Earthquake|p2a: Aegislash
|-activate|p2a: Aegislash|Protect
|
|turn|3
|
|move|p1a: Garchomp|Swords Dance|p1a: Garchomp
|-boost|p1a: Garchomp|atk|2
|-formechange|p2a: Aegislash|Aegislash-Blade
|move|p2a: Aegislash|Shadow Ball|p1a: Garchomp
|-damage|p1a: Garchomp|0 fnt
|faint|p1a: Garchomp
|
|
|switch|p1a: Azumarill|Azumarill, F, shiny|403\/403
|turn|4
|
|-formechange|p2a: Aegislash|Aegislash
|move|p2a: Aegislash|King's Shield|p2a: Aegislash
|-singleturn|p2a: Aegislash|Protect
|move|p1a: Azumarill|Knock Off|p2a: Aegislash
|-activate|p2a: Aegislash|Protect
|-unboost|p1a: Azumarill|atk|2
|
|turn|5
|
|switch|p1a: Kyurem-Black|Kyurem-Black, shiny|405\/405
|-ability|p1a: Kyurem-Black|Teravolt
|-formechange|p2a: Aegislash|Aegislash-Blade
|move|p2a: Aegislash|Shadow Ball|p1a: Kyurem-Black
|-damage|p1a: Kyurem-Black|192\/405
|-unboost|p1a: Kyurem-Black|spd|1
|
|-heal|p1a: Kyurem-Black|217\/405|[from] item: Leftovers
|turn|6
|
|move|p1a: Kyurem-Black|Substitute|p1a: Kyurem-Black
|-start|p1a: Kyurem-Black|Substitute
|-damage|p1a: Kyurem-Black|116\/405
|move|p2a: Aegislash|Flash Cannon|p1a: Kyurem-Black
|-supereffective|p1a: Kyurem-Black
|-end|p1a: Kyurem-Black|Substitute
|
|-heal|p1a: Kyurem-Black|141\/405|[from] item: Leftovers
|turn|7
|
|move|p1a: Kyurem-Black|Substitute|p1a: Kyurem-Black
|-start|p1a: Kyurem-Black|Substitute
|-damage|p1a: Kyurem-Black|40\/405
|move|p2a: Aegislash|Flash Cannon|p1a: Kyurem-Black
|-supereffective|p1a: Kyurem-Black
|-end|p1a: Kyurem-Black|Substitute
|
|-heal|p1a: Kyurem-Black|65\/405|[from] item: Leftovers
|turn|8
|
|move|p1a: Kyurem-Black|Earth Power|p2a: Aegislash
|-supereffective|p2a: Aegislash
|-damage|p2a: Aegislash|0 fnt
|faint|p2a: Aegislash
|
|-heal|p1a: Kyurem-Black|90\/405|[from] item: Leftovers
|
|switch|p2a: Charizard|Charizard, M|298\/298
|-damage|p2a: Charizard|149\/298|[from] Stealth Rock
|turn|9
|
|-formechange|p2a: Charizard|Charizard-Mega-X
|message|Charizard has Mega Evolved into Mega Charizard!
|move|p2a: Charizard|Dragon Claw|p1a: Kyurem-Black
|-supereffective|p1a: Kyurem-Black
|-damage|p1a: Kyurem-Black|0 fnt
|faint|p1a: Kyurem-Black
|
|
|switch|p1a: Azumarill|Azumarill, F, shiny|403\/403
|turn|10
|
|move|p2a: Charizard|Earthquake|p1a: Azumarill
|-damage|p1a: Azumarill|233\/403
|move|p1a: Azumarill|Knock Off|p2a: Charizard
|-damage|p2a: Charizard|61\/298
|
|turn|11
|
|move|p1a: Azumarill|Aqua Jet|p2a: Charizard
|-damage|p2a: Charizard|0 fnt
|faint|p2a: Charizard
|
|
|switch|p2a: Azumarill|Azumarill, M, shiny|404\/404
|-damage|p2a: Azumarill|354\/404|[from] Stealth Rock
|turn|12
|
|move|p1a: Azumarill|Knock Off|p2a: Azumarill
|-resisted|p2a: Azumarill
|-damage|p2a: Azumarill|274\/404
|-enditem|p2a: Azumarill|Life Orb|[from] move: Knock Off|[of] p1a: Azumarill
|move|p2a: Azumarill|Play Rough|p1a: Azumarill
|-damage|p1a: Azumarill|13\/403
|-unboost|p1a: Azumarill|atk|1
|
|turn|13
|
|switch|p1a: Scizor|Scizor, M, shiny|343\/343
|move|p2a: Azumarill|Aqua Jet|p1a: Scizor
|-damage|p1a: Scizor|247\/343
|
|turn|14
|
|-formechange|p1a: Scizor|Scizor-Mega
|message|Scizor has Mega Evolved into Mega Scizor!
|move|p1a: Scizor|Swords Dance|p1a: Scizor
|-boost|p1a: Scizor|atk|2
|move|p2a: Azumarill|Knock Off|p1a: Scizor
|-damage|p1a: Scizor|176\/343
|
|turn|15
|
|move|p1a: Scizor|Bullet Punch|p2a: Azumarill
|-damage|p2a: Azumarill|0 fnt
|faint|p2a: Azumarill
|
|
|switch|p2a: Heatran|Heatran, F|386\/386
|-damage|p2a: Heatran|338\/386|[from] Stealth Rock
|turn|16
|
|switch|p1a: Azumarill|Azumarill, F, shiny|13\/403
|move|p2a: Heatran|Lava Plume|p1a: Azumarill
|-resisted|p1a: Azumarill
|-damage|p1a: Azumarill|0 fnt
|faint|p1a: Azumarill
|
|-heal|p2a: Heatran|362\/386|[from] item: Leftovers
|
|switch|p1a: Talonflame|Talonflame, F, shiny|309\/309
|turn|17
|
|move|p1a: Talonflame|Swords Dance|p1a: Talonflame
|-boost|p1a: Talonflame|atk|2
|move|p2a: Heatran|Stealth Rock|p1a: Talonflame
|-sidestart|p1: WarriorBlast|move: Stealth Rock
|
|-heal|p2a: Heatran|386\/386|[from] item: Leftovers
|turn|18
|
|move|p1a: Talonflame|Swords Dance|p1a: Talonflame
|-boost|p1a: Talonflame|atk|2
|move|p2a: Heatran|Roar|p1a: Talonflame
|drag|p1a: Scizor|Scizor, M, shiny|176\/343
|-formechange|p1a: Scizor|Scizor-Mega
|-damage|p1a: Scizor|134\/343|[from] Stealth Rock
|
|turn|19
|
|switch|p1a: Aegislash|Aegislash, M, shiny|324\/324
|-damage|p1a: Aegislash|304\/324|[from] Stealth Rock
|move|p2a: Heatran|Roar|p1a: Aegislash
|drag|p1a: Scizor|Scizor, M, shiny|134\/343
|-formechange|p1a: Scizor|Scizor-Mega
|-damage|p1a: Scizor|92\/343|[from] Stealth Rock
|
|turn|20
|
|move|p1a: Scizor|Bullet Punch|p2a: Heatran
|-crit|p2a: Heatran
|-resisted|p2a: Heatran
|-damage|p2a: Heatran|340\/386
|move|p2a: Heatran|Lava Plume|p1a: Scizor
|-supereffective|p1a: Scizor
|-damage|p1a: Scizor|0 fnt
|faint|p1a: Scizor
|
|-heal|p2a: Heatran|364\/386|[from] item: Leftovers
|
|switch|p1a: Aegislash|Aegislash, M, shiny|304\/324
|-damage|p1a: Aegislash|284\/324|[from] Stealth Rock
|turn|21
|
|-formechange|p1a: Aegislash|Aegislash-Blade
|move|p1a: Aegislash|Shadow Ball|p2a: Heatran
|-damage|p2a: Heatran|211\/386
|move|p2a: Heatran|Roar|p1a: Aegislash
|drag|p1a: Talonflame|Talonflame, F, shiny|309\/309
|-damage|p1a: Talonflame|155\/309|[from] Stealth Rock
|
|-heal|p2a: Heatran|235\/386|[from] item: Leftovers
|turn|22
|
|move|p1a: Talonflame|Brave Bird|p2a: Heatran
|-resisted|p2a: Heatran
|-damage|p2a: Heatran|154\/386
|-damage|p1a: Talonflame|128\/309|[from] recoil|[of] p2a: Heatran
|-enditem|p1a: Talonflame|Sitrus Berry|[eat]
|-heal|p1a: Talonflame|205\/309|[from] item: Sitrus Berry
|move|p2a: Heatran|Roar|p1a: Talonflame
|drag|p1a: Aegislash|Aegislash, M, shiny|284\/324
|-damage|p1a: Aegislash|264\/324|[from] Stealth Rock
|
|-heal|p2a: Heatran|178\/386|[from] item: Leftovers
|turn|23
|
|move|p2a: Heatran|Lava Plume|p1a: Aegislash
|-supereffective|p1a: Aegislash
|-damage|p1a: Aegislash|106\/324
|-formechange|p1a: Aegislash|Aegislash-Blade
|move|p1a: Aegislash|Shadow Ball|p2a: Heatran
|-damage|p2a: Heatran|31\/386
|
|-heal|p2a: Heatran|55\/386|[from] item: Leftovers
|turn|24
|
|move|p1a: Aegislash|Shadow Sneak|p2a: Heatran
|-damage|p2a: Heatran|0 fnt
|faint|p2a: Heatran
|
|
|switch|p2a: Conkeldurr|Conkeldurr, F, shiny|352\/352
|-damage|p2a: Conkeldurr|330\/352|[from] Stealth Rock
|turn|25
|
|-formechange|p1a: Aegislash|Aegislash
|move|p1a: Aegislash|King's Shield|p1a: Aegislash
|-singleturn|p1a: Aegislash|Protect
|move|p2a: Conkeldurr|Mach Punch|p1a: Aegislash
|-immune|p1a: Aegislash|[msg]
|
|turn|26
|
|move|p2a: Conkeldurr|Knock Off|p1a: Aegislash
|-supereffective|p1a: Aegislash
|-damage|p1a: Aegislash|0 fnt
|faint|p1a: Aegislash
|
|
|switch|p1a: Talonflame|Talonflame, F, shiny|205\/309
|-damage|p1a: Talonflame|51\/309|[from] Stealth Rock
|turn|27
|
|move|p1a: Talonflame|Acrobatics|p2a: Conkeldurr
|-supereffective|p2a: Conkeldurr
|-damage|p2a: Conkeldurr|24\/352
|move|p2a: Conkeldurr|Mach Punch|p1a: Talonflame
|-resisted|p1a: Talonflame
|-damage|p1a: Talonflame|0 fnt
|faint|p1a: Talonflame
|
|win|exploud mean
|raw|Ladder updating...
|raw|WarriorBlast's rating: 1637 &rarr; <strong>1611<\/strong><br \/>(-26 for losing)
|raw|exploud mean's rating: 1546 &rarr; <strong>1571<\/strong><br \/>(+25 for winning)
|leave|WarriorBlast
|player|p1