|join|hellomate3
|join|WarriorBlast
|player|p1|hellomate3|1
|player|p2|WarriorBlast|1
|gametype|singles
|gen|6
|tier|OU
|rated
|clearpoke
|poke|p1|Salamence, M
|poke|p1|Skarmory, M
|poke|p1|Blissey, F
|poke|p1|Garchomp, M
|poke|p1|Gengar, F
|poke|p1|Starmie
|poke|p2|Mawile, M, shiny
|poke|p2|Volcarona, F, shiny
|poke|p2|Terrakion, shiny
|poke|p2|Donphan, M, shiny
|poke|p2|Gengar, F, shiny
|poke|p2|Trevenant, F, shiny
|rule|Sleep Clause Mod: Limit one foe put to sleep
|rule|Species Clause: Limit one of each Pokemon
|rule|OHKO Clause: OHKO moves are banned
|rule|Moody Clause: Moody is banned
|rule|Evasion Moves Clause: Evasion moves are banned
|rule|Endless Battle Clause: Forcing endless battles is banned.
|rule|HP Percentage Mod: HP is reported as percentages
|teampreview
|
|start
|switch|p1a: Tiamatria|Salamence, M|331\/331
|switch|p2a: Donphan|Donphan, M, shiny|384\/384
|-ability|p1a: Tiamatria|Intimidate|[of] p2a: Donphan
|-unboost|p2a: Donphan|atk|1
|turn|1
|
|switch|p1a: MetalFenix|Skarmory, M|334\/334
|move|p2a: Donphan|Ice Shard|p1a: MetalFenix
|-damage|p1a: MetalFenix|313\/334
|
|-heal|p1a: MetalFenix|333\/334|[from] item: Leftovers
|turn|2
|
|move|p1a: MetalFenix|Spikes|p2a: Donphan
|-sidestart|p2: WarriorBlast|Spikes
|move|p2a: Donphan|Stealth Rock|p1a: MetalFenix
|-sidestart|p1: hellomate3|move: Stealth Rock
|
|-heal|p1a: MetalFenix|334\/334|[from] item: Leftovers
|turn|3
|
|move|p1a: MetalFenix|Spikes|p2a: Donphan
|-sidestart|p2: WarriorBlast|Spikes
|move|p2a: Donphan|Rapid Spin|p1a: MetalFenix
|-resisted|p1a: MetalFenix
|-damage|p1a: MetalFenix|329\/334
|-sideend|p2: WarriorBlast|Spikes|[from] move: Rapid Spin|[of] p2a: Donphan
|
|-heal|p1a: MetalFenix|334\/334|[from] item: Leftovers
|turn|4
|
|switch|p2a: Trevenant|Trevenant, F, shiny|374\/374
|move|p1a: MetalFenix|Spikes|p2a: Trevenant
|-sidestart|p2: WarriorBlast|Spikes
|
|turn|5
|
|move|p1a: MetalFenix|Drill Peck|p2a: Trevenant
|-supereffective|p2a: Trevenant
|-damage|p2a: Trevenant|216\/374
|move|p2a: Trevenant|Substitute|p2a: Trevenant
|-start|p2a: Trevenant|Substitute
|-damage|p2a: Trevenant|123\/374
|-enditem|p2a: Trevenant|Sitrus Berry|[eat]
|-heal|p2a: Trevenant|216\/374|[from] item: Sitrus Berry
|
|turn|6
|
|move|p2a: Trevenant|Will-O-Wisp|p1a: MetalFenix
|-status|p1a: MetalFenix|brn
|move|p1a: MetalFenix|Roar|p2a: Trevenant
|drag|p2a: Donphan|Donphan, M, shiny|384\/384
|-damage|p2a: Donphan|336\/384|[from] Spikes
|
|-heal|p2a: Donphan|360\/384|[from] item: Leftovers
|-damage|p1a: MetalFenix|293\/334 brn|[from] brn
|turn|7
|
|move|p1a: MetalFenix|Drill Peck|p2a: Donphan
|-damage|p2a: Donphan|329\/384
|move|p2a: Donphan|Rapid Spin|p1a: MetalFenix
|-resisted|p1a: MetalFenix
|-damage|p1a: MetalFenix|285\/334 brn
|-sideend|p2: WarriorBlast|Spikes|[from] move: Rapid Spin|[of] p2a: Donphan
|
|-heal|p1a: MetalFenix|305\/334 brn|[from] item: Leftovers
|-heal|p2a: Donphan|353\/384|[from] item: Leftovers
|-damage|p1a: MetalFenix|264\/334 brn|[from] brn
|turn|8
|
|move|p1a: MetalFenix|Spikes|p2a: Donphan
|-sidestart|p2: WarriorBlast|Spikes
|move|p2a: Donphan|Earthquake|p1a: MetalFenix
|-immune|p1a: MetalFenix|[msg]
|
|-heal|p1a: MetalFenix|284\/334 brn|[from] item: Leftovers
|-heal|p2a: Donphan|377\/384|[from] item: Leftovers
|-damage|p1a: MetalFenix|243\/334 brn|[from] brn
|turn|9
|
|move|p2a: Donphan|Rapid Spin|p1a: MetalFenix
|-resisted|p1a: MetalFenix
|-damage|p1a: MetalFenix|236\/334 brn
|-sideend|p2: WarriorBlast|Spikes|[from] move: Rapid Spin|[of] p2a: Donphan
|move|p1a: MetalFenix|Roar|p2a: Donphan
|drag|p2a: Volcarona|Volcarona, F, shiny|312\/312
|
|-heal|p1a: MetalFenix|256\/334 brn|[from] item: Leftovers
|-damage|p1a: MetalFenix|215\/334 brn|[from] brn
|turn|10
|
|switch|p1a: Lucky|Blissey, F|714\/714
|-damage|p1a: Lucky|625\/714|[from] Stealth Rock
|move|p2a: Volcarona|Fiery Dance|p1a: Lucky
|-damage|p1a: Lucky|511\/714
|
|-heal|p1a: Lucky|555\/714|[from] item: Leftovers
|turn|11
|
|switch|p2a: Trevenant|Trevenant, F, shiny|216\/374
|move|p1a: Lucky|Stealth Rock|p2a: Trevenant
|-sidestart|p2: WarriorBlast|move: Stealth Rock
|
|-heal|p1a: Lucky|599\/714|[from] item: Leftovers
|turn|12
|
|switch|p1a: MetalFenix|Skarmory, M|215\/334 brn
|-damage|p1a: MetalFenix|174\/334 brn|[from] Stealth Rock
|move|p2a: Trevenant|Leech Seed|p1a: MetalFenix
|-start|p1a: MetalFenix|move: Leech Seed
|
|-heal|p1a: MetalFenix|194\/334 brn|[from] item: Leftovers
|-damage|p1a: MetalFenix|153\/334 brn|[from] Leech Seed|[of] p2a: Trevenant
|-heal|p2a: Trevenant|257\/374|[silent]
|-damage|p1a: MetalFenix|112\/334 brn|[from] brn
|turn|13
|
|move|p1a: MetalFenix|Roost|p1a: MetalFenix
|-heal|p1a: MetalFenix|279\/334 brn
|move|p2a: Trevenant|Substitute|p2a: Trevenant
|-start|p2a: Trevenant|Substitute
|-damage|p2a: Trevenant|164\/374
|
|-heal|p1a: MetalFenix|299\/334 brn|[from] item: Leftovers
|-damage|p1a: MetalFenix|258\/334 brn|[from] Leech Seed|[of] p2a: Trevenant
|-heal|p2a: Trevenant|205\/374|[silent]
|-damage|p1a: MetalFenix|217\/334 brn|[from] brn
|turn|14
|
|move|p2a: Trevenant|Phantom Force|p1a: MetalFenix|[still]
|-prepare|p2a: Trevenant|Phantom Force|p1a: MetalFenix
|move|p1a: MetalFenix|Roar|p2a: Trevenant|[miss]
|-miss|p1a: MetalFenix|p2a: Trevenant
|
|-heal|p1a: MetalFenix|237\/334 brn|[from] item: Leftovers
|-damage|p1a: MetalFenix|196\/334 brn|[from] Leech Seed|[of] p2a: Trevenant
|-heal|p2a: Trevenant|246\/374|[silent]
|-damage|p1a: MetalFenix|155\/334 brn|[from] brn
|-item|p2a: Trevenant|Sitrus Berry|[from] ability: Harvest
|turn|15
|
|switch|p1a: Lucky|Blissey, F|599\/714
|-damage|p1a: Lucky|510\/714|[from] Stealth Rock
|move|p2a: Trevenant|Phantom Force|p1a: Lucky
|-immune|p1a: Lucky|[msg]
|
|-heal|p1a: Lucky|554\/714|[from] item: Leftovers
|turn|16
|
|switch|p1a: MetalFenix|Skarmory, M|155\/334 brn
|-damage|p1a: MetalFenix|114\/334 brn|[from] Stealth Rock
|move|p2a: Trevenant|Leech Seed|p1a: MetalFenix
|-start|p1a: MetalFenix|move: Leech Seed
|
|-heal|p1a: MetalFenix|134\/334 brn|[from] item: Leftovers
|-damage|p1a: MetalFenix|93\/334 brn|[from] Leech Seed|[of] p2a: Trevenant
|-heal|p2a: Trevenant|287\/374|[silent]
|-damage|p1a: MetalFenix|52\/334 brn|[from] brn
|turn|17
|
|switch|p2a: Volcarona|Volcarona, F, shiny|312\/312
|-damage|p2a: Volcarona|156\/312|[from] Stealth Rock
|move|p1a: MetalFenix|Roost|p1a: MetalFenix
|-heal|p1a: MetalFenix|219\/334 brn
|
|-heal|p1a: MetalFenix|239\/334 brn|[from] item: Leftovers
|-damage|p1a: MetalFenix|198\/334 brn|[from] Leech Seed|[of] p2a: Volcarona
|-heal|p2a: Volcarona|197\/312|[silent]
|-damage|p1a: MetalFenix|157\/334 brn|[from] brn
|turn|18
|
|switch|p1a: Lucky|Blissey, F|554\/714
|-damage|p1a: Lucky|465\/714|[from] Stealth Rock
|move|p2a: Volcarona|Quiver Dance|p2a: Volcarona
|-boost|p2a: Volcarona|spa|1
|-boost|p2a: Volcarona|spd|1
|-boost|p2a: Volcarona|spe|1
|
|-heal|p1a: Lucky|509\/714|[from] item: Leftovers
|turn|19
|
|move|p2a: Volcarona|Quiver Dance|p2a: Volcarona
|-boost|p2a: Volcarona|spa|1
|-boost|p2a: Volcarona|spd|1
|-boost|p2a: Volcarona|spe|1
|move|p1a: Lucky|Thunder Wave|p2a: Volcarona
|-status|p2a: Volcarona|par
|-enditem|p2a: Volcarona|Lum Berry|[eat]
|-curestatus|p2a: Volcarona|par
|
|-heal|p1a: Lucky|553\/714|[from] item: Leftovers
|turn|20
|
|move|p2a: Volcarona|Quiver Dance|p2a: Volcarona
|-boost|p2a: Volcarona|spa|1
|-boost|p2a: Volcarona|spd|1
|-boost|p2a: Volcarona|spe|1
|move|p1a: Lucky|Thunder Wave|p2a: Volcarona
|-status|p2a: Volcarona|par
|
|-heal|p1a: Lucky|597\/714|[from] item: Leftovers
|turn|21
|
|move|p2a: Volcarona|Quiver Dance|p2a: Volcarona
|-boost|p2a: Volcarona|spa|1
|-boost|p2a: Volcarona|spd|1
|-boost|p2a: Volcarona|spe|1
|move|p1a: Lucky|Seismic Toss|p2a: Volcarona
|-damage|p2a: Volcarona|97\/312 par
|
|-heal|p1a: Lucky|641\/714|[from] item: Leftovers
|turn|22
|
|move|p2a: Volcarona|Giga Drain|p1a: Lucky
|-crit|p1a: Lucky
|-damage|p1a: Lucky|318\/714
|-heal|p2a: Volcarona|259\/312 par|[from] drain|[of] p1a: Lucky
|move|p1a: Lucky|Seismic Toss|p2a: Volcarona
|-damage|p2a: Volcarona|159\/312 par
|
|-heal|p1a: Lucky|362\/714|[from] item: Leftovers
|turn|23
|
|move|p2a: Volcarona|Giga Drain|p1a: Lucky
|-damage|p1a: Lucky|139\/714
|-heal|p2a: Volcarona|271\/312 par|[from] drain|[of] p1a: Lucky
|move|p1a: Lucky|Soft-Boiled|p1a: Lucky
|-heal|p1a: Lucky|496\/714
|
|-heal|p1a: Lucky|540\/714|[from] item: Leftovers
|turn|24
|
|move|p2a: Volcarona|Fiery Dance|p1a: Lucky
|-damage|p1a: Lucky|153\/714
|-boost|p2a: Volcarona|spa|1
|move|p1a: Lucky|Soft-Boiled|p1a: Lucky
|-heal|p1a: Lucky|510\/714
|
|-heal|p1a: Lucky|554\/714|[from] item: Leftovers
|turn|25
|
|cant|p2a: Volcarona|par
|move|p1a: Lucky|Soft-Boiled|p1a: Lucky
|-heal|p1a: Lucky|714\/714
|
|turn|26
|chat|WarriorBlast|hey bro can you not take an hour to respond?
|chat|WarriorBlast|it's pretty inconvenient
|chat|hellomate3|sry I am thinking
|
|cant|p2a: Volcarona|par
|move|p1a: Lucky|Seismic Toss|p2a: Volcarona
|-damage|p2a: Volcarona|171\/312 par
|
|turn|27
|
|move|p2a: Volcarona|Giga Drain|p1a: Lucky
|-damage|p1a: Lucky|455\/714
|-heal|p2a: Volcarona|301\/312 par|[from] drain|[of] p1a: Lucky
|move|p1a: Lucky|Seismic Toss|p2a: Volcarona
|-damage|p2a: Volcarona|201\/312 par
|
|-heal|p1a: Lucky|499\/714|[from] item: Leftovers
|turn|28
|
|move|p2a: Volcarona|Giga Drain|p1a: Lucky
|-crit|p1a: Lucky
|-damage|p1a: Lucky|88\/714
|-heal|p2a: Volcarona|312\/312 par|[from] drain|[of] p1a: Lucky
|move|p1a: Lucky|Soft-Boiled|p1a: Lucky
|-heal|p1a: Lucky|445\/714
|
|-heal|p1a: Lucky|489\/714|[from] item: Leftovers
|turn|29
|
|cant|p2a: Volcarona|par
|move|p1a: Lucky|Soft-Boiled|p1a: Lucky
|-heal|p1a: Lucky|714\/714
|
|turn|30
|
|move|p2a: Volcarona|Fiery Dance|p1a: Lucky
|-damage|p1a: Lucky|308\/714
|-boost|p2a: Volcarona|spa|1
|move|p1a: Lucky|Seismic Toss|p2a: Volcarona
|-damage|p2a: Volcarona|212\/312 par
|
|-heal|p1a: Lucky|352\/714|[from] item: Leftovers
|turn|31
|
|move|p2a: Volcarona|Fiery Dance|p1a: Lucky
|-damage|p1a: Lucky|0 fnt
|faint|p1a: Lucky
|
|
|switch|p1a: Chompah|Garchomp, M|371\/371
|-damage|p1a: Chompah|348\/371|[from] Stealth Rock
|turn|32
|
|move|p1a: Chompah|Substitute|p1a: Chompah
|-start|p1a: Chompah|Substitute
|-damage|p1a: Chompah|256\/371
|move|p2a: Volcarona|Giga Drain|p1a: Chompah
|-end|p1a: Chompah|Substitute
|-heal|p2a: Volcarona|258\/312 par|[from] drain|[of] p1a: Chompah
|
|turn|33
|
|move|p1a: Chompah|Substitute|p1a: Chompah
|-start|p1a: Chompah|Substitute
|-damage|p1a: Chompah|164\/371
|move|p2a: Volcarona|Giga Drain|p1a: Chompah
|-end|p1a: Chompah|Substitute
|-heal|p2a: Volcarona|304\/312 par|[from] drain|[of] p1a: Chompah
|
|turn|34
|
|move|p1a: Chompah|Earthquake|p2a: Volcarona
|-damage|p2a: Volcarona|6\/312 par
|-damage|p1a: Chompah|127\/371|[from] item: Life Orb
|move|p2a: Volcarona|Giga Drain|p1a: Chompah
|-damage|p1a: Chompah|0 fnt
|-heal|p2a: Volcarona|70\/312 par|[from] drain|[of] p1a: Chompah
|faint|p1a: Chompah
|
|
|switch|p1a: Tiamatria|Salamence, M|331\/331
|-damage|p1a: Tiamatria|249\/331|[from] Stealth Rock
|-ability|p1a: Tiamatria|Intimidate|[of] p2a: Volcarona
|-unboost|p2a: Volcarona|atk|1
|turn|35
|
|move|p1a: Tiamatria|Dragon Claw|p2a: Volcarona
|-damage|p2a: Volcarona|0 fnt
|faint|p2a: Volcarona
|
|
|switch|p2a: Donphan|Donphan, M, shiny|377\/384
|-damage|p2a: Donphan|353\/384|[from] Stealth Rock
|turn|36
|
|switch|p1a: MetalFenix|Skarmory, M|157\/334 brn
|-damage|p1a: MetalFenix|116\/334 brn|[from] Stealth Rock
|move|p2a: Donphan|Ice Shard|p1a: MetalFenix
|-damage|p1a: MetalFenix|86\/334 brn
|
|-heal|p1a: MetalFenix|106\/334 brn|[from] item: Leftovers
|-heal|p2a: Donphan|377\/384|[from] item: Leftovers
|-damage|p1a: MetalFenix|65\/334 brn|[from] brn
|turn|37
|
|move|p1a: MetalFenix|Roost|p1a: MetalFenix
|-heal|p1a: MetalFenix|232\/334 brn
|move|p2a: Donphan|Rapid Spin|p1a: MetalFenix
|-resisted|p1a: MetalFenix
|-damage|p1a: MetalFenix|224\/334 brn
|-sideend|p2: WarriorBlast|Stealth Rock|[from] move: Rapid Spin|[of] p2a: Donphan
|
|-heal|p1a: MetalFenix|244\/334 brn|[from] item: Leftovers
|-heal|p2a: Donphan|384\/384|[from] item: Leftovers
|-damage|p1a: MetalFenix|203\/334 brn|[from] brn
|turn|38
|
|switch|p2a: Terrakion|Terrakion, shiny|323\/323
|move|p1a: MetalFenix|Drill Peck|p2a: Terrakion
|-damage|p2a: Terrakion|278\/323
|
|-heal|p1a: MetalFenix|223\/334 brn|[from] item: Leftovers
|-damage|p1a: MetalFenix|182\/334 brn|[from] brn
|turn|39
|
|move|p2a: Terrakion|Close Combat|p1a: MetalFenix
|-damage|p1a: MetalFenix|55\/334 brn
|-unboost|p2a: Terrakion|def|1
|-unboost|p2a: Terrakion|spd|1
|move|p1a: MetalFenix|Roost|p1a: MetalFenix
|-heal|p1a: MetalFenix|222\/334 brn
|
|-heal|p1a: MetalFenix|242\/334 brn|[from] item: Leftovers
|-damage|p1a: MetalFenix|201\/334 brn|[from] brn
|turn|40
|
|switch|p2a: Mawile|Mawile, M, shiny|304\/304
|-ability|p2a: Mawile|Intimidate|[of] p1a: MetalFenix
|-unboost|p1a: MetalFenix|atk|1
|move|p1a: MetalFenix|Roost|p1a: MetalFenix
|-heal|p1a: MetalFenix|334\/334 brn
|
|-damage|p1a: MetalFenix|293\/334 brn|[from] brn
|turn|41
|
|-formechange|p2a: Mawile|Mawile-Mega
|message|Mawile has Mega Evolved into Mega Mawile!
|move|p2a: Mawile|Swords Dance|p2a: Mawile
|-boost|p2a: Mawile|atk|2
|move|p1a: MetalFenix|Roar|p2a: Mawile
|drag|p2a: Donphan|Donphan, M, shiny|384\/384
|
|-heal|p1a: MetalFenix|313\/334 brn|[from] item: Leftovers
|-damage|p1a: MetalFenix|272\/334 brn|[from] brn
|turn|42
|
|switch|p2a: Gengar|Gengar, F, shiny|262\/262
|move|p1a: MetalFenix|Spikes|p2a: Gengar
|-sidestart|p2: WarriorBlast|Spikes
|
|-heal|p1a: MetalFenix|292\/334 brn|[from] item: Leftovers
|-damage|p1a: MetalFenix|251\/334 brn|[from] brn
|turn|43
|
|move|p2a: Gengar|Focus Blast|p1a: MetalFenix
|-damage|p1a: MetalFenix|51\/334 brn
|move|p1a: MetalFenix|Roar|p2a: Gengar
|drag|p2a: Mawile|Mawile, M, shiny|304\/304
|-formechange|p2a: Mawile|Mawile-Mega
|-damage|p2a: Mawile|266\/304|[from] Spikes
|
|-heal|p1a: MetalFenix|71\/334 brn|[from] item: Leftovers
|-damage|p1a: MetalFenix|30\/334 brn|[from] brn
|turn|44
|
|switch|p1a: Spookshire|Gengar, F|262\/262
|-damage|p1a: Spookshire|230\/262|[from] Stealth Rock
|move|p2a: Mawile|Iron Head|p1a: Spookshire
|-damage|p1a: Spookshire|0 fnt
|faint|p1a: Spookshire
|
|
|switch|p1a: Tiamatria|Salamence, M|249\/331
|-damage|p1a: Tiamatria|167\/331|[from] Stealth Rock
|-ability|p1a: Tiamatria|Intimidate|[of] p2a: Mawile
|-unboost|p2a: Mawile|atk|1
|turn|45
|
|switch|p2a: Donphan|Donphan, M, shiny|384\/384
|-damage|p2a: Donphan|336\/384|[from] Spikes
|move|p1a: Tiamatria|Flamethrower|p2a: Donphan
|-damage|p2a: Donphan|229\/384
|
|-heal|p2a: Donphan|253\/384|[from] item: Leftovers
|turn|46
|
|switch|p1a: Megiddo|Starmie|262\/262
|-damage|p1a: Megiddo|230\/262|[from] Stealth Rock
|move|p2a: Donphan|Ice Shard|p1a: Megiddo
|-resisted|p1a: Megiddo
|-damage|p1a: Megiddo|202\/262
|
|-heal|p2a: Donphan|277\/384|[from] item: Leftovers
|turn|47
|
|switch|p2a: Gengar|Gengar, F, shiny|262\/262
|move|p1a: Megiddo|Ice Beam|p2a: Gengar
|-damage|p2a: Gengar|190\/262
|
|turn|48
|join|Truggles
|
|move|p1a: Megiddo|Psychic|p2a: Gengar
|-supereffective|p2a: Gengar
|-damage|p2a: Gengar|0 fnt
|faint|p2a: Gengar
|
|
|switch|p2a: Mawile|Mawile, M, shiny|266\/304
|-formechange|p2a: Mawile|Mawile-Mega
|-damage|p2a: Mawile|228\/304|[from] Spikes
|turn|49
|
|switch|p1a: Tiamatria|Salamence, M|167\/331
|-damage|p1a: Tiamatria|85\/331|[from] Stealth Rock
|-ability|p1a: Tiamatria|Intimidate|[of] p2a: Mawile
|-unboost|p2a: Mawile|atk|1
|move|p2a: Mawile|Swords Dance|p2a: Mawile
|-boost|p2a: Mawile|atk|2
|
|turn|50
|
|move|p2a: Mawile|Sucker Punch|p1a: Tiamatria
|-damage|p1a: Tiamatria|0 fnt
|faint|p1a: Tiamatria
|
|
|switch|p1a: Megiddo|Starmie|202\/262
|-damage|p1a: Megiddo|170\/262|[from] Stealth Rock
|turn|51
|
|move|p2a: Mawile|Sucker Punch|p1a: Megiddo
|-supereffective|p1a: Megiddo
|-damage|p1a: Megiddo|0 fnt
|faint|p1a: Megiddo
|
|
|switch|p1a: MetalFenix|Skarmory, M|30\/334 brn
|-damage|p1a: MetalFenix|0 fnt|[from] Stealth Rock
|faint|p1a: MetalFenix
|
|win|WarriorBlast
|raw|Ladder updating...
|raw|hellomate3's rating: 1349 &rarr; <strong>1325<\/strong><br \/>(-24 for losing)
|raw|WarriorBlast's rating: 1361 &rarr; <strong>1385<\/strong><br \/>(+24 for winning)
|chat|hellomate3|ggg
|leave|WarriorBlast
|player|p2