|join|WarriorBlast
|join|Anjel
|player|p1|WarriorBlast|2
|player|p2|Anjel|81
|gametype|singles
|gen|6
|tier|OU
|rated
|clearpoke
|poke|p1|Mawile, M, shiny
|poke|p1|Volcarona, M, shiny
|poke|p1|Terrakion, shiny
|poke|p1|Donphan, M, shiny
|poke|p1|Gengar, F, shiny
|poke|p1|Rotom-Wash, shiny
|poke|p2|Infernape, M
|poke|p2|Porygon2
|poke|p2|Rotom-Wash
|poke|p2|Bisharp, M
|poke|p2|Mandibuzz, F
|poke|p2|Starmie
|rule|Sleep Clause Mod: Limit one foe put to sleep
|rule|Species Clause: Limit one of each Pokemon
|rule|OHKO Clause: OHKO moves are banned
|rule|Moody Clause: Moody is banned
|rule|Evasion Moves Clause: Evasion moves are banned
|rule|Endless Battle Clause: Forcing endless battles is banned.
|rule|HP Percentage Mod: HP is reported as percentages
|teampreview
|
|start
|switch|p1a: Rotom-Wash|Rotom-Wash, shiny|304\/304
|switch|p2a: Rotom-Wash|Rotom-Wash|261\/261
|turn|1
|
|move|p2a: Rotom-Wash|Will-O-Wisp|p1a: Rotom-Wash
|-status|p1a: Rotom-Wash|brn
|move|p1a: Rotom-Wash|Will-O-Wisp|p2a: Rotom-Wash
|-status|p2a: Rotom-Wash|brn
|
|-damage|p2a: Rotom-Wash|229\/261 brn|[from] brn
|-damage|p1a: Rotom-Wash|266\/304 brn|[from] brn
|turn|2
|
|move|p2a: Rotom-Wash|Volt Switch|p1a: Rotom-Wash
|-damage|p1a: Rotom-Wash|208\/304 brn
|
|switch|p2a: Porygon2|Porygon2|322\/322
|-ability|p2a: Porygon2|Levitate|[from] ability: Trace|[of] p1a: Rotom-Wash
|move|p1a: Rotom-Wash|Volt Switch|p2a: Porygon2
|-damage|p2a: Porygon2|277\/322
|
|switch|p1a: Donphan|Donphan, M, shiny|384\/384
|
|turn|3
|
|move|p2a: Porygon2|Toxic|p1a: Donphan|[miss]
|-miss|p2a: Porygon2|p1a: Donphan
|move|p1a: Donphan|Stealth Rock|p2a: Porygon2
|-sidestart|p2: Anjel|move: Stealth Rock
|
|turn|4
|
|switch|p1a: Rotom-Wash|Rotom-Wash, shiny|208\/304 brn
|move|p2a: Porygon2|Toxic|p1a: Rotom-Wash
|-fail|p1a: Rotom-Wash
|
|-heal|p1a: Rotom-Wash|227\/304 brn|[from] item: Leftovers
|-damage|p1a: Rotom-Wash|189\/304 brn|[from] brn
|turn|5
|
|move|p1a: Rotom-Wash|Will-O-Wisp|p2a: Porygon2
|-status|p2a: Porygon2|brn
|move|p2a: Porygon2|Discharge|p1a: Rotom-Wash
|-damage|p1a: Rotom-Wash|144\/304 brn
|
|-heal|p1a: Rotom-Wash|163\/304 brn|[from] item: Leftovers
|-damage|p1a: Rotom-Wash|125\/304 brn|[from] brn
|-damage|p2a: Porygon2|237\/322 brn|[from] brn
|turn|6
|
|move|p1a: Rotom-Wash|Pain Split|p2a: Porygon2
|-sethp|p2a: Porygon2|181\/322 brn|p1a: Rotom-Wash|181\/304 brn|[from] move: Pain Split
|move|p2a: Porygon2|Discharge|p1a: Rotom-Wash
|-damage|p1a: Rotom-Wash|139\/304 brn
|
|-heal|p1a: Rotom-Wash|158\/304 brn|[from] item: Leftovers
|-damage|p1a: Rotom-Wash|120\/304 brn|[from] brn
|-damage|p2a: Porygon2|141\/322 brn|[from] brn
|turn|7
|
|move|p1a: Rotom-Wash|Hydro Pump|p2a: Porygon2
|-damage|p2a: Porygon2|69\/322 brn
|move|p2a: Porygon2|Recover|p2a: Porygon2
|-heal|p2a: Porygon2|230\/322 brn
|
|-heal|p1a: Rotom-Wash|139\/304 brn|[from] item: Leftovers
|-damage|p1a: Rotom-Wash|101\/304 brn|[from] brn
|-damage|p2a: Porygon2|190\/322 brn|[from] brn
|turn|8
|
|move|p1a: Rotom-Wash|Pain Split|p2a: Porygon2
|-sethp|p2a: Porygon2|145\/322 brn|p1a: Rotom-Wash|145\/304 brn|[from] move: Pain Split
|move|p2a: Porygon2|Discharge|p1a: Rotom-Wash
|-damage|p1a: Rotom-Wash|103\/304 brn
|
|-heal|p1a: Rotom-Wash|122\/304 brn|[from] item: Leftovers
|-damage|p1a: Rotom-Wash|84\/304 brn|[from] brn
|-damage|p2a: Porygon2|105\/322 brn|[from] brn
|turn|9
|
|move|p1a: Rotom-Wash|Volt Switch|p2a: Porygon2
|-damage|p2a: Porygon2|62\/322 brn
|
|switch|p1a: Gengar|Gengar, F, shiny|262\/262
|move|p2a: Porygon2|Recover|p2a: Porygon2
|-heal|p2a: Porygon2|223\/322 brn
|
|-damage|p2a: Porygon2|183\/322 brn|[from] brn
|turn|10
|
|move|p1a: Gengar|Focus Blast|p2a: Porygon2|[miss]
|-miss|p1a: Gengar|p2a: Porygon2
|move|p2a: Porygon2|Recover|p2a: Porygon2
|-heal|p2a: Porygon2|322\/322 brn
|
|-damage|p2a: Porygon2|282\/322 brn|[from] brn
|turn|11
|
|move|p1a: Gengar|Focus Blast|p2a: Porygon2
|-supereffective|p2a: Porygon2
|-damage|p2a: Porygon2|130\/322 brn
|move|p2a: Porygon2|Discharge|p1a: Gengar
|-damage|p1a: Gengar|206\/262
|-status|p1a: Gengar|par
|
|-damage|p2a: Porygon2|90\/322 brn|[from] brn
|turn|12
|
|move|p2a: Porygon2|Recover|p2a: Porygon2
|-heal|p2a: Porygon2|251\/322 brn
|cant|p1a: Gengar|par
|
|-damage|p2a: Porygon2|211\/322 brn|[from] brn
|turn|13
|chat|WarriorBlast|nice luckhax
|chat|WarriorBlast|3x
|
|move|p2a: Porygon2|Recover|p2a: Porygon2
|-heal|p2a: Porygon2|322\/322 brn
|cant|p1a: Gengar|par
|
|-damage|p2a: Porygon2|282\/322 brn|[from] brn
|turn|14
|chat|WarriorBlast|lmao
|
|switch|p1a: Rotom-Wash|Rotom-Wash, shiny|84\/304 brn
|move|p2a: Porygon2|Discharge|p1a: Rotom-Wash
|-damage|p1a: Rotom-Wash|36\/304 brn
|
|-heal|p1a: Rotom-Wash|55\/304 brn|[from] item: Leftovers
|-damage|p1a: Rotom-Wash|17\/304 brn|[from] brn
|-damage|p2a: Porygon2|242\/322 brn|[from] brn
|turn|15
|
|move|p1a: Rotom-Wash|Pain Split|p2a: Porygon2
|-sethp|p2a: Porygon2|129\/322 brn|p1a: Rotom-Wash|129\/304 brn|[from] move: Pain Split
|move|p2a: Porygon2|Discharge|p1a: Rotom-Wash
|-damage|p1a: Rotom-Wash|86\/304 brn
|
|-heal|p1a: Rotom-Wash|105\/304 brn|[from] item: Leftovers
|-damage|p1a: Rotom-Wash|67\/304 brn|[from] brn
|-damage|p2a: Porygon2|89\/322 brn|[from] brn
|turn|16
|
|switch|p1a: Terrakion|Terrakion, shiny|323\/323
|move|p2a: Porygon2|Recover|p2a: Porygon2
|-heal|p2a: Porygon2|250\/322 brn
|
|-damage|p2a: Porygon2|210\/322 brn|[from] brn
|turn|17
|
|move|p1a: Terrakion|Close Combat|p2a: Porygon2
|-crit|p2a: Porygon2
|-supereffective|p2a: Porygon2
|-damage|p2a: Porygon2|0 fnt
|-unboost|p1a: Terrakion|def|1
|-unboost|p1a: Terrakion|spd|1
|faint|p2a: Porygon2
|
|
|switch|p2a: Starmie|Starmie|262\/262
|-damage|p2a: Starmie|230\/262|[from] Stealth Rock
|turn|18
|
|switch|p1a: Rotom-Wash|Rotom-Wash, shiny|67\/304 brn
|move|p2a: Starmie|Rapid Spin|p1a: Rotom-Wash
|-damage|p1a: Rotom-Wash|56\/304 brn
|-sideend|p2: Anjel|Stealth Rock|[from] move: Rapid Spin|[of] p2a: Starmie
|
|-heal|p2a: Starmie|246\/262|[from] item: Leftovers
|-heal|p1a: Rotom-Wash|75\/304 brn|[from] item: Leftovers
|-damage|p1a: Rotom-Wash|37\/304 brn|[from] brn
|turn|19
|
|move|p2a: Starmie|Psyshock|p1a: Rotom-Wash
|-damage|p1a: Rotom-Wash|0 fnt
|faint|p1a: Rotom-Wash
|
|-heal|p2a: Starmie|262\/262|[from] item: Leftovers
|
|switch|p1a: Volcarona|Volcarona, M, shiny|312\/312
|turn|20
|
|move|p2a: Starmie|Scald|p1a: Volcarona
|-supereffective|p1a: Volcarona
|-damage|p1a: Volcarona|96\/312
|move|p1a: Volcarona|Quiver Dance|p1a: Volcarona
|-boost|p1a: Volcarona|spa|1
|-boost|p1a: Volcarona|spd|1
|-boost|p1a: Volcarona|spe|1
|
|turn|21
|
|move|p1a: Volcarona|Giga Drain|p2a: Starmie
|-supereffective|p2a: Starmie
|-damage|p2a: Starmie|0 fnt
|-heal|p1a: Volcarona|227\/312|[from] drain|[of] p2a: Starmie
|faint|p2a: Starmie
|
|
|switch|p2a: Mandibuzz|Mandibuzz, F|380\/380
|turn|22
|
|move|p1a: Volcarona|Quiver Dance|p1a: Volcarona
|-boost|p1a: Volcarona|spa|1
|-boost|p1a: Volcarona|spd|1
|-boost|p1a: Volcarona|spe|1
|move|p2a: Mandibuzz|Toxic|p1a: Volcarona|[miss]
|-miss|p2a: Mandibuzz|p1a: Volcarona
|
|turn|23
|
|move|p1a: Volcarona|Bug Buzz|p2a: Mandibuzz
|-damage|p2a: Mandibuzz|68\/380
|move|p2a: Mandibuzz|Toxic|p1a: Volcarona
|-status|p1a: Volcarona|tox
|-enditem|p1a: Volcarona|Lum Berry|[eat]
|-curestatus|p1a: Volcarona|tox
|
|-heal|p2a: Mandibuzz|91\/380|[from] item: Leftovers
|turn|24
|
|move|p1a: Volcarona|Fiery Dance|p2a: Mandibuzz
|-damage|p2a: Mandibuzz|0 fnt
|-boost|p1a: Volcarona|spa|1
|faint|p2a: Mandibuzz
|
|
|switch|p2a: Bisharp|Bisharp, M|272\/272
|turn|25
|
|move|p2a: Bisharp|Sucker Punch|p1a: Volcarona
|-damage|p1a: Volcarona|0 fnt
|-damage|p2a: Bisharp|245\/272|[from] item: Life Orb
|faint|p1a: Volcarona
|
|
|switch|p1a: Terrakion|Terrakion, shiny|323\/323
|turn|26
|
|switch|p2a: Rotom-Wash|Rotom-Wash|229\/261 brn
|move|p1a: Terrakion|Close Combat|p2a: Rotom-Wash
|-damage|p2a: Rotom-Wash|57\/261 brn
|-unboost|p1a: Terrakion|def|1
|-unboost|p1a: Terrakion|spd|1
|
|-heal|p2a: Rotom-Wash|73\/261 brn|[from] item: Leftovers
|-damage|p2a: Rotom-Wash|41\/261 brn|[from] brn
|turn|27
|
|move|p1a: Terrakion|Close Combat|p2a: Rotom-Wash
|-damage|p2a: Rotom-Wash|0 fnt
|-unboost|p1a: Terrakion|def|1
|-unboost|p1a: Terrakion|spd|1
|faint|p2a: Rotom-Wash
|
|
|switch|p2a: Infernape|Infernape, M|294\/294
|turn|28
|
|move|p1a: Terrakion|Close Combat|p2a: Infernape
|-enditem|p2a: Infernape|Focus Sash
|-damage|p2a: Infernape|1\/294
|-unboost|p1a: Terrakion|def|1
|-unboost|p1a: Terrakion|spd|1
|move|p2a: Infernape|Stealth Rock|p1a: Terrakion
|-sidestart|p1: WarriorBlast|move: Stealth Rock
|
|turn|29
|
|move|p2a: Infernape|Mach Punch|p1a: Terrakion
|-supereffective|p1a: Terrakion
|-damage|p1a: Terrakion|0 fnt
|faint|p1a: Terrakion
|
|
|switch|p1a: Gengar|Gengar, F, shiny|206\/262 par
|-damage|p1a: Gengar|174\/262 par|[from] Stealth Rock
|turn|30
|
|move|p2a: Infernape|Fire Punch|p1a: Gengar
|-damage|p1a: Gengar|0 fnt
|faint|p1a: Gengar
|
|
|switch|p1a: Mawile|Mawile, M, shiny|304\/304
|-damage|p1a: Mawile|285\/304|[from] Stealth Rock
|-ability|p1a: Mawile|Intimidate|[of] p2a: Infernape
|-unboost|p2a: Infernape|atk|1
|turn|31
|
|-formechange|p1a: Mawile|Mawile-Mega
|message|Mawile has Mega Evolved into Mega Mawile!
|move|p1a: Mawile|Sucker Punch|p2a: Infernape
|-resisted|p2a: Infernape
|-damage|p2a: Infernape|0 fnt
|faint|p2a: Infernape
|
|
|switch|p2a: Bisharp|Bisharp, M|245\/272
|turn|32
|
|move|p2a: Bisharp|Swords Dance|p2a: Bisharp
|-boost|p2a: Bisharp|atk|2
|move|p1a: Mawile|Swords Dance|p1a: Mawile
|-boost|p1a: Mawile|atk|2
|
|turn|33
|
|move|p2a: Bisharp|Iron Head|p1a: Mawile
|-damage|p1a: Mawile|0 fnt
|-damage|p2a: Bisharp|218\/272|[from] item: Life Orb
|faint|p1a: Mawile
|
|
|switch|p1a: Donphan|Donphan, M, shiny|384\/384
|-damage|p1a: Donphan|360\/384|[from] Stealth Rock
|turn|34
|
|move|p2a: Bisharp|Iron Head|p1a: Donphan
|-damage|p1a: Donphan|64\/384
|-damage|p2a: Bisharp|191\/272|[from] item: Life Orb
|cant|p1a: Donphan|flinch
|
|-heal|p1a: Donphan|88\/384|[from] item: Leftovers
|turn|35
|chat|WarriorBlast|not gg, haxer
|leave|WarriorBlast
|player|p1
|-message|warriorblast lost due to inactivity.
|
|win|Anjel
|raw|Ladder updating...
|raw|WarriorBlast's rating: 1430 &rarr; <strong>1408<\/strong><br \/>(-22 for losing)
|raw|Anjel's rating: 1384 &rarr; <strong>1412<\/strong><br \/>(+28 for winning)