|join|Obi-Wantheboss
|join|WarriorBlast
|player|p1|Obi-Wantheboss|265
|player|p2|WarriorBlast|167
|gametype|singles
|gen|6
|tier|OU
|rated
|clearpoke
|poke|p1|Scizor, M
|poke|p1|Terrakion
|poke|p1|Charizard, F
|poke|p1|Ferrothorn, M
|poke|p1|Kingdra, F
|poke|p1|Togekiss, M
|poke|p2|Kyurem-Black, shiny
|poke|p2|Venusaur, F, shiny
|poke|p2|Heatran, F, shiny
|poke|p2|Rotom-Wash, shiny
|poke|p2|Galvantula, M, shiny
|poke|p2|Scizor, F, shiny
|rule|Sleep Clause Mod: Limit one foe put to sleep
|rule|Species Clause: Limit one of each Pokemon
|rule|OHKO Clause: OHKO moves are banned
|rule|Moody Clause: Moody is banned
|rule|Evasion Moves Clause: Evasion moves are banned
|rule|Endless Battle Clause: Forcing endless battles is banned.
|rule|HP Percentage Mod: HP is reported as percentages
|teampreview
|
|start
|switch|p1a: Kingdra|Kingdra, F|292\/292
|switch|p2a: Galvantula|Galvantula, M, shiny|281\/281
|turn|1
|
|move|p2a: Galvantula|Sticky Web|p1a: Kingdra
|-sidestart|p1: Obi-Wantheboss|move: Sticky Web
|move|p1a: Kingdra|Hydro Pump|p2a: Galvantula|[miss]
|-miss|p1a: Kingdra|p2a: Galvantula
|
|turn|2
|
|move|p2a: Galvantula|Thunder Wave|p1a: Kingdra
|-status|p1a: Kingdra|par
|move|p1a: Kingdra|Hydro Pump|p2a: Galvantula
|-enditem|p2a: Galvantula|Focus Sash
|-damage|p2a: Galvantula|1\/281
|
|turn|3
|
|move|p2a: Galvantula|Volt Switch|p1a: Kingdra
|-damage|p1a: Kingdra|192\/292 par
|
|switch|p2a: Rotom-Wash|Rotom-Wash, shiny|304\/304
|move|p1a: Kingdra|Hydro Pump|p2a: Rotom-Wash|[miss]
|-miss|p1a: Kingdra|p2a: Rotom-Wash
|
|turn|4
|
|switch|p1a: Ferrothorn|Ferrothorn, M|352\/352
|-activate|p1a: Ferrothorn|move: Sticky Web
|-unboost|p1a: Ferrothorn|spe|1
|move|p2a: Rotom-Wash|Volt Switch|p1a: Ferrothorn
|-resisted|p1a: Ferrothorn
|-damage|p1a: Ferrothorn|319\/352
|
|switch|p2a: Heatran|Heatran, F, shiny|386\/386
|
|-heal|p1a: Ferrothorn|341\/352|[from] item: Leftovers
|turn|5
|
|move|p2a: Heatran|Stealth Rock|p1a: Ferrothorn
|-sidestart|p1: Obi-Wantheboss|move: Stealth Rock
|move|p1a: Ferrothorn|Leech Seed|p2a: Heatran
|-start|p2a: Heatran|move: Leech Seed
|
|-heal|p1a: Ferrothorn|352\/352|[from] item: Leftovers
|-damage|p2a: Heatran|338\/386|[from] Leech Seed|[of] p1a: Ferrothorn
|turn|6
|
|switch|p1a: Kingdra|Kingdra, F|192\/292 par
|-activate|p1a: Kingdra|move: Sticky Web
|-unboost|p1a: Kingdra|spe|1
|-damage|p1a: Kingdra|156\/292 par|[from] Stealth Rock
|move|p2a: Heatran|Lava Plume|p1a: Kingdra
|-resisted|p1a: Kingdra
|-damage|p1a: Kingdra|127\/292 par
|
|-heal|p2a: Heatran|362\/386|[from] item: Leftovers
|-damage|p2a: Heatran|314\/386|[from] Leech Seed|[of] p1a: Kingdra
|-heal|p1a: Kingdra|175\/292 par|[silent]
|turn|7
|
|switch|p2a: Rotom-Wash|Rotom-Wash, shiny|304\/304
|move|p1a: Kingdra|Draco Meteor|p2a: Rotom-Wash
|-damage|p2a: Rotom-Wash|33\/304
|-unboost|p1a: Kingdra|spa|2
|
|-heal|p2a: Rotom-Wash|52\/304|[from] item: Leftovers
|turn|8
|
|move|p2a: Rotom-Wash|Pain Split|p1a: Kingdra
|-sethp|p1a: Kingdra|113\/292 par|p2a: Rotom-Wash|113\/304|[from] move: Pain Split
|move|p1a: Kingdra|Draco Meteor|p2a: Rotom-Wash
|-damage|p2a: Rotom-Wash|0 fnt
|-unboost|p1a: Kingdra|spa|2
|faint|p2a: Rotom-Wash
|
|
|switch|p2a: Kyurem-Black|Kyurem-Black, shiny|404\/404
|-ability|p2a: Kyurem-Black|Teravolt
|turn|9
|
|switch|p1a: Ferrothorn|Ferrothorn, M|352\/352
|-activate|p1a: Ferrothorn|move: Sticky Web
|-unboost|p1a: Ferrothorn|spe|1
|-damage|p1a: Ferrothorn|330\/352|[from] Stealth Rock
|move|p2a: Kyurem-Black|Substitute|p2a: Kyurem-Black
|-start|p2a: Kyurem-Black|Substitute
|-damage|p2a: Kyurem-Black|303\/404
|
|-heal|p2a: Kyurem-Black|328\/404|[from] item: Leftovers
|-heal|p1a: Ferrothorn|352\/352|[from] item: Leftovers
|turn|10
|
|move|p2a: Kyurem-Black|Ice Beam|p1a: Ferrothorn
|-damage|p1a: Ferrothorn|223\/352
|move|p1a: Ferrothorn|Gyro Ball|p2a: Kyurem-Black
|-supereffective|p2a: Kyurem-Black
|-end|p2a: Kyurem-Black|Substitute
|
|-heal|p2a: Kyurem-Black|353\/404|[from] item: Leftovers
|-heal|p1a: Ferrothorn|245\/352|[from] item: Leftovers
|turn|11
|
|switch|p2a: Heatran|Heatran, F, shiny|314\/386
|move|p1a: Ferrothorn|Gyro Ball|p2a: Heatran
|-resisted|p2a: Heatran
|-damage|p2a: Heatran|274\/386
|
|-heal|p2a: Heatran|298\/386|[from] item: Leftovers
|-heal|p1a: Ferrothorn|267\/352|[from] item: Leftovers
|turn|12
|
|switch|p1a: Kingdra|Kingdra, F|113\/292 par
|-damage|p1a: Kingdra|77\/292 par|[from] Stealth Rock
|-activate|p1a: Kingdra|move: Sticky Web
|-unboost|p1a: Kingdra|spe|1
|move|p2a: Heatran|Lava Plume|p1a: Kingdra
|-resisted|p1a: Kingdra
|-damage|p1a: Kingdra|48\/292 par
|
|-heal|p2a: Heatran|322\/386|[from] item: Leftovers
|turn|13
|
|switch|p2a: Scizor|Scizor, F, shiny|344\/344
|move|p1a: Kingdra|Hydro Pump|p2a: Scizor
|-damage|p2a: Scizor|19\/344
|
|turn|14
|
|move|p2a: Scizor|U-turn|p1a: Kingdra
|-damage|p1a: Kingdra|0 fnt
|faint|p1a: Kingdra
|
|switch|p2a: Heatran|Heatran, F, shiny|322\/386
|
|-heal|p2a: Heatran|346\/386|[from] item: Leftovers
|
|switch|p1a: Togekiss|Togekiss, M|374\/374
|-damage|p1a: Togekiss|281\/374|[from] Stealth Rock
|turn|15
|
|move|p1a: Togekiss|Nasty Plot|p1a: Togekiss
|-boost|p1a: Togekiss|spa|2
|move|p2a: Heatran|Toxic|p1a: Togekiss|[miss]
|-miss|p2a: Heatran|p1a: Togekiss
|
|-heal|p1a: Togekiss|304\/374|[from] item: Leftovers
|-heal|p2a: Heatran|370\/386|[from] item: Leftovers
|turn|16
|
|move|p1a: Togekiss|Dazzling Gleam|p2a: Heatran
|-resisted|p2a: Heatran
|-damage|p2a: Heatran|332\/386
|move|p2a: Heatran|Toxic|p1a: Togekiss
|-status|p1a: Togekiss|tox
|
|-heal|p1a: Togekiss|327\/374 tox|[from] item: Leftovers
|-heal|p2a: Heatran|356\/386|[from] item: Leftovers
|-damage|p1a: Togekiss|304\/374 tox|[from] psn
|turn|17
|
|move|p2a: Heatran|Protect|p2a: Heatran
|-singleturn|p2a: Heatran|Protect
|move|p1a: Togekiss|Air Slash|p2a: Heatran
|-activate|p2a: Heatran|Protect
|
|-heal|p1a: Togekiss|327\/374 tox|[from] item: Leftovers
|-heal|p2a: Heatran|380\/386|[from] item: Leftovers
|-damage|p1a: Togekiss|281\/374 tox|[from] psn
|turn|18
|
|switch|p1a: Terrakion|Terrakion|324\/324
|-activate|p1a: Terrakion|move: Sticky Web
|-unboost|p1a: Terrakion|spe|1
|-damage|p1a: Terrakion|304\/324|[from] Stealth Rock
|move|p2a: Heatran|Lava Plume|p1a: Terrakion
|-resisted|p1a: Terrakion
|-damage|p1a: Terrakion|238\/324
|
|-heal|p2a: Heatran|386\/386|[from] item: Leftovers
|turn|19
|
|move|p1a: Terrakion|Close Combat|p2a: Heatran
|-supereffective|p2a: Heatran
|-damage|p2a: Heatran|8\/386
|-unboost|p1a: Terrakion|def|1
|-unboost|p1a: Terrakion|spd|1
|move|p2a: Heatran|Toxic|p1a: Terrakion
|-status|p1a: Terrakion|tox
|
|-heal|p2a: Heatran|32\/386|[from] item: Leftovers
|-damage|p1a: Terrakion|218\/324 tox|[from] psn
|turn|20
|
|move|p2a: Heatran|Protect|p2a: Heatran
|-singleturn|p2a: Heatran|Protect
|move|p1a: Terrakion|Close Combat|p2a: Heatran
|-activate|p2a: Heatran|Protect
|
|-heal|p2a: Heatran|56\/386|[from] item: Leftovers
|-damage|p1a: Terrakion|178\/324 tox|[from] psn
|turn|21
|
|switch|p2a: Galvantula|Galvantula, M, shiny|1\/281
|move|p1a: Terrakion|Close Combat|p2a: Galvantula
|-resisted|p2a: Galvantula
|-damage|p2a: Galvantula|0 fnt
|-unboost|p1a: Terrakion|def|1
|-unboost|p1a: Terrakion|spd|1
|faint|p2a: Galvantula
|
|-damage|p1a: Terrakion|118\/324 tox|[from] psn
|
|switch|p2a: Scizor|Scizor, F, shiny|19\/344
|turn|22
|
|switch|p1a: Ferrothorn|Ferrothorn, M|267\/352
|-activate|p1a: Ferrothorn|move: Sticky Web
|-unboost|p1a: Ferrothorn|spe|1
|-damage|p1a: Ferrothorn|245\/352|[from] Stealth Rock
|move|p2a: Scizor|Bullet Punch|p1a: Ferrothorn
|-resisted|p1a: Ferrothorn
|-damage|p1a: Ferrothorn|184\/352
|-damage|p2a: Scizor|0 fnt|[from] ability: Iron Barbs|[of] p1a: Ferrothorn
|faint|p2a: Scizor
|
|-heal|p1a: Ferrothorn|206\/352|[from] item: Leftovers
|
|switch|p2a: Heatran|Heatran, F, shiny|56\/386
|turn|23
|
|move|p2a: Heatran|Lava Plume|p1a: Ferrothorn
|-supereffective|p1a: Ferrothorn
|-damage|p1a: Ferrothorn|0 fnt
|faint|p1a: Ferrothorn
|
|-heal|p2a: Heatran|80\/386|[from] item: Leftovers
|
|switch|p1a: Charizard|Charizard, F|298\/298
|-damage|p1a: Charizard|149\/298|[from] Stealth Rock
|turn|24
|
|-formechange|p1a: Charizard|Charizard-Mega-X
|message|Charizard has Mega Evolved into Mega Charizard!
|move|p1a: Charizard|Dragon Dance|p1a: Charizard
|-boost|p1a: Charizard|atk|1
|-boost|p1a: Charizard|spe|1
|move|p2a: Heatran|Toxic|p1a: Charizard
|-status|p1a: Charizard|tox
|
|-heal|p2a: Heatran|104\/386|[from] item: Leftovers
|-damage|p1a: Charizard|131\/298 tox|[from] psn
|turn|25
|
|move|p1a: Charizard|Dragon Dance|p1a: Charizard
|-boost|p1a: Charizard|atk|1
|-boost|p1a: Charizard|spe|1
|move|p2a: Heatran|Lava Plume|p1a: Charizard
|-resisted|p1a: Charizard
|-damage|p1a: Charizard|100\/298 tox
|
|-heal|p2a: Heatran|128\/386|[from] item: Leftovers
|-damage|p1a: Charizard|64\/298 tox|[from] psn
|turn|26
|
|move|p2a: Heatran|Protect|p2a: Heatran
|-singleturn|p2a: Heatran|Protect
|move|p1a: Charizard|Outrage|p2a: Heatran
|-activate|p2a: Heatran|Protect
|
|-heal|p2a: Heatran|152\/386|[from] item: Leftovers
|-damage|p1a: Charizard|10\/298 tox|[from] psn
|turn|27
|
|move|p2a: Heatran|Protect|p2a: Heatran
|-fail|p2a: Heatran
|move|p1a: Charizard|Outrage|p2a: Heatran
|-crit|p2a: Heatran
|-resisted|p2a: Heatran
|-damage|p2a: Heatran|0 fnt
|faint|p2a: Heatran
|
|-damage|p1a: Charizard|0 fnt|[from] psn
|faint|p1a: Charizard
|
|switch|p2a: Kyurem-Black|Kyurem-Black, shiny|353\/404
|switch|p1a: Scizor|Scizor, M|333\/333
|-damage|p1a: Scizor|292\/333|[from] Stealth Rock
|-activate|p1a: Scizor|move: Sticky Web
|-unboost|p1a: Scizor|spe|1
|-ability|p2a: Kyurem-Black|Teravolt
|turn|28
|
|switch|p2a: Venusaur|Venusaur, F, shiny|364\/364
|move|p1a: Scizor|Bullet Punch|p2a: Venusaur
|-damage|p2a: Venusaur|185\/364
|-damage|p1a: Scizor|259\/333|[from] item: Life Orb
|
|turn|29
|
|-formechange|p2a: Venusaur|Venusaur-Mega
|message|Venusaur has Mega Evolved into Mega Venusaur!
|move|p2a: Venusaur|Synthesis|p2a: Venusaur
|-heal|p2a: Venusaur|364\/364
|move|p1a: Scizor|Swords Dance|p1a: Scizor
|-boost|p1a: Scizor|atk|2
|
|turn|30
|
|move|p1a: Scizor|Bullet Punch|p2a: Venusaur
|-damage|p2a: Venusaur|99\/364
|-damage|p1a: Scizor|226\/333|[from] item: Life Orb
|move|p2a: Venusaur|Leech Seed|p1a: Scizor
|-start|p1a: Scizor|move: Leech Seed
|
|-damage|p1a: Scizor|185\/333|[from] Leech Seed|[of] p2a: Venusaur
|-heal|p2a: Venusaur|140\/364|[silent]
|turn|31
|
|move|p1a: Scizor|Bullet Punch|p2a: Venusaur
|-damage|p2a: Venusaur|0 fnt
|-damage|p1a: Scizor|152\/333|[from] item: Life Orb
|faint|p2a: Venusaur
|
|
|switch|p2a: Kyurem-Black|Kyurem-Black, shiny|353\/404
|-ability|p2a: Kyurem-Black|Teravolt
|turn|32
|
|move|p1a: Scizor|Bullet Punch|p2a: Kyurem-Black
|-supereffective|p2a: Kyurem-Black
|-damage|p2a: Kyurem-Black|0 fnt
|-damage|p1a: Scizor|119\/333|[from] item: Life Orb
|faint|p2a: Kyurem-Black
|
|win|Obi-Wantheboss
|raw|Ladder updating...
|raw|Obi-Wantheboss's rating: 1349 &rarr; <strong>1372<\/strong><br \/>(+23 for winning)
|raw|WarriorBlast's rating: 1388 &rarr; <strong>1366<\/strong><br \/>(-22 for losing)
|leave|WarriorBlast
|player|p2