|join|lil manaphy
|join|Zabrael
|player|p1|lil manaphy|37
|player|p2|Zabrael|146
|gametype|singles
|gen|6
|tier|OU
|rated
|clearpoke
|poke|p1|Scizor, M
|poke|p1|Gothitelle, M
|poke|p1|Chansey, F
|poke|p1|Alomomola, M
|poke|p1|Cresselia, F
|poke|p1|Zapdos
|poke|p2|Skarmory, M
|poke|p2|Klefki, F
|poke|p2|Landorus-Therian, M
|poke|p2|Absol, F
|poke|p2|Kyurem-Black
|poke|p2|Wobbuffet, F
|rule|Swagger Clause: Swagger is banned
|rule|Baton Pass Clause: Limit one PokÃ©mon knowing Baton Pass
|rule|Sleep Clause Mod: Limit one foe put to sleep
|rule|Species Clause: Limit one of each PokÃ©mon
|rule|OHKO Clause: OHKO moves are banned
|rule|Moody Clause: Moody is banned
|rule|Evasion Moves Clause: Evasion moves are banned
|rule|Endless Battle Clause: Forcing endless battles is banned
|rule|HP Percentage Mod: HP is shown in percentages
|teampreview
|
|start
|switch|p1a: Alomomola|Alomomola, M|534\/534
|switch|p2a: Absol|Absol, F|271\/271
|-ability|p2a: Absol|Pressure
|turn|1
|
|detailschange|p2a: Absol|Absol-Mega, F
|message|Absol has Mega Evolved into Mega Absol!
|move|p2a: Absol|Taunt|p1a: Alomomola
|-start|p1a: Alomomola|move: Taunt
|cant|p1a: Alomomola|move: Taunt|Wish
|
|turn|2
|
|switch|p1a: Zapdos|Zapdos|384\/384
|-ability|p1a: Zapdos|Pressure
|move|p2a: Absol|Knock Off|p1a: Zapdos
|-damage|p1a: Zapdos|240\/384
|-enditem|p1a: Zapdos|Leftovers|[from] move: Knock Off|[of] p2a: Absol
|
|turn|3
|
|move|p2a: Absol|Ice Beam|p1a: Zapdos
|-supereffective|p1a: Zapdos
|-damage|p1a: Zapdos|6\/384
|move|p1a: Zapdos|Roost|p1a: Zapdos
|-heal|p1a: Zapdos|198\/384
|
|turn|4
|
|switch|p1a: Chansey|Chansey, F|704\/704
|move|p2a: Absol|Ice Beam|p1a: Chansey
|-damage|p1a: Chansey|632\/704
|
|turn|5
|
|move|p2a: Absol|Taunt|p1a: Chansey
|-start|p1a: Chansey|move: Taunt
|move|p1a: Chansey|Seismic Toss|p2a: Absol
|-damage|p2a: Absol|171\/271
|
|turn|6
|
|move|p2a: Absol|Knock Off|p1a: Chansey
|-damage|p1a: Chansey|410\/704
|-enditem|p1a: Chansey|Eviolite|[from] move: Knock Off|[of] p2a: Absol
|move|p1a: Chansey|Seismic Toss|p2a: Absol
|-damage|p2a: Absol|71\/271
|
|turn|7
|
|switch|p2a: Skarmory|Skarmory, M|334\/334
|move|p1a: Chansey|Seismic Toss|p2a: Skarmory
|-damage|p2a: Skarmory|234\/334
|-damage|p1a: Chansey|293\/704|[from] item: Rocky Helmet|[of] p2a: Skarmory
|
|-end|p1a: Chansey|move: Taunt
|turn|8
|
|move|p2a: Skarmory|Stealth Rock|p1a: Chansey
|-sidestart|p1: lil manaphy|move: Stealth Rock
|move|p1a: Chansey|Soft-Boiled|p1a: Chansey
|-heal|p1a: Chansey|645\/704
|
|turn|9
|
|switch|p2a: Klefki|Klefki, F|318\/318
|move|p1a: Chansey|Stealth Rock|p2a: Klefki
|-sidestart|p2: Zabrael|move: Stealth Rock
|
|turn|10
|
|switch|p1a: Scizor|Scizor, M|344\/344
|-damage|p1a: Scizor|301\/344|[from] Stealth Rock
|move|p2a: Klefki|Thunder Wave|p1a: Scizor
|-status|p1a: Scizor|par
|
|turn|11
|
|switch|p2a: Skarmory|Skarmory, M|234\/334
|-damage|p2a: Skarmory|193\/334|[from] Stealth Rock
|detailschange|p1a: Scizor|Scizor-Mega, M
|message|Scizor has Mega Evolved into Mega Scizor!
|move|p1a: Scizor|Superpower|p2a: Skarmory
|-damage|p2a: Skarmory|123\/334
|-damage|p1a: Scizor|244\/344 par|[from] item: Rocky Helmet|[of] p2a: Skarmory
|-unboost|p1a: Scizor|atk|1
|-unboost|p1a: Scizor|def|1
|
|turn|12
|
|cant|p1a: Scizor|par
|move|p2a: Skarmory|Whirlwind|p1a: Scizor
|drag|p1a: Gothitelle|Gothitelle, M|301\/301
|-damage|p1a: Gothitelle|264\/301|[from] Stealth Rock
|
|turn|13
|
|move|p1a: Gothitelle|Psychic|p2a: Skarmory
|-resisted|p2a: Skarmory
|-damage|p2a: Skarmory|31\/334
|move|p2a: Skarmory|Whirlwind|p1a: Gothitelle
|drag|p1a: Zapdos|Zapdos|198\/384
|-damage|p1a: Zapdos|102\/384|[from] Stealth Rock
|-ability|p1a: Zapdos|Pressure
|
|turn|14
|
|switch|p2a: Landorus-Therian|Landorus-Therian, M|329\/329
|-damage|p2a: Landorus-Therian|288\/329|[from] Stealth Rock
|-ability|p2a: Landorus-Therian|Intimidate|[of] p1a: Zapdos
|-unboost|p1a: Zapdos|atk|1
|move|p1a: Zapdos|Roost|p1a: Zapdos
|-heal|p1a: Zapdos|294\/384
|
|-heal|p2a: Landorus-Therian|308\/329|[from] item: Leftovers
|turn|15
|
|switch|p1a: Alomomola|Alomomola, M|534\/534
|-damage|p1a: Alomomola|468\/534|[from] Stealth Rock
|move|p2a: Landorus-Therian|Knock Off|p1a: Alomomola
|-damage|p1a: Alomomola|376\/534
|-enditem|p1a: Alomomola|Leftovers|[from] move: Knock Off|[of] p2a: Landorus-Therian
|
|-heal|p2a: Landorus-Therian|328\/329|[from] item: Leftovers
|turn|16
|
|switch|p2a: Absol|Absol-Mega, F|71\/271
|-damage|p2a: Absol|38\/271|[from] Stealth Rock
|move|p1a: Alomomola|Wish|p1a: Alomomola
|
|turn|17
|
|switch|p1a: Chansey|Chansey, F|645\/704
|-damage|p1a: Chansey|557\/704|[from] Stealth Rock
|move|p2a: Absol|Knock Off|p1a: Chansey
|-damage|p1a: Chansey|329\/704
|
|-heal|p1a: Chansey|596\/704|[from] move: Wish|[wisher] Alomomola
|turn|18
|
|switch|p2a: Skarmory|Skarmory, M|31\/334
|-damage|p2a: Skarmory|0 fnt|[from] Stealth Rock
|faint|p2a: Skarmory
|move|p1a: Chansey|Seismic Toss|p2: Skarmory|[notarget]
|-notarget
|
|
|switch|p2a: Kyurem-Black|Kyurem-Black|392\/392
|-damage|p2a: Kyurem-Black|294\/392|[from] Stealth Rock
|-ability|p2a: Kyurem-Black|Teravolt
|turn|19
|
|move|p2a: Kyurem-Black|Outrage|p1a: Chansey
|-damage|p1a: Chansey|0 fnt
|faint|p1a: Chansey
|
|
|switch|p1a: Scizor|Scizor-Mega, M|244\/344 par
|-damage|p1a: Scizor|201\/344 par|[from] Stealth Rock
|turn|20
|
|move|p1a: Scizor|Bullet Punch|p2a: Kyurem-Black
|-supereffective|p2a: Kyurem-Black
|-damage|p2a: Kyurem-Black|100\/392
|move|p2a: Kyurem-Black|Outrage|p1a: Scizor
|-resisted|p1a: Scizor
|-damage|p1a: Scizor|73\/344 par
|
|-end|p2a: Kyurem-Black|rampage
|-start|p2a: Kyurem-Black|confusion
|turn|21
|
|switch|p2a: Landorus-Therian|Landorus-Therian, M|328\/329
|-damage|p2a: Landorus-Therian|287\/329|[from] Stealth Rock
|-ability|p2a: Landorus-Therian|Intimidate|[of] p1a: Scizor
|-unboost|p1a: Scizor|atk|1
|move|p1a: Scizor|Bullet Punch|p2a: Landorus-Therian
|-damage|p2a: Landorus-Therian|229\/329
|
|-heal|p2a: Landorus-Therian|249\/329|[from] item: Leftovers
|turn|22
|
|switch|p1a: Alomomola|Alomomola, M|534\/534
|-damage|p1a: Alomomola|468\/534|[from] Stealth Rock
|move|p2a: Landorus-Therian|Bulk Up|p2a: Landorus-Therian
|-boost|p2a: Landorus-Therian|atk|1
|-boost|p2a: Landorus-Therian|def|1
|
|-heal|p2a: Landorus-Therian|269\/329|[from] item: Leftovers
|turn|23
|
|move|p2a: Landorus-Therian|Substitute|p2a: Landorus-Therian
|-start|p2a: Landorus-Therian|Substitute
|-damage|p2a: Landorus-Therian|187\/329
|move|p1a: Alomomola|Toxic|p2a: Landorus-Therian
|
|-heal|p2a: Landorus-Therian|207\/329|[from] item: Leftovers
|turn|24
|
|switch|p1a: Zapdos|Zapdos|294\/384
|-damage|p1a: Zapdos|198\/384|[from] Stealth Rock
|-ability|p1a: Zapdos|Pressure
|move|p2a: Landorus-Therian|Earthquake|p1a: Zapdos
|-immune|p1a: Zapdos|[msg]
|
|-heal|p2a: Landorus-Therian|227\/329|[from] item: Leftovers
|turn|25
|
|move|p2a: Landorus-Therian|Knock Off|p1a: Zapdos
|-damage|p1a: Zapdos|108\/384
|move|p1a: Zapdos|Heat Wave|p2a: Landorus-Therian
|-end|p2a: Landorus-Therian|Substitute
|
|-heal|p2a: Landorus-Therian|247\/329|[from] item: Leftovers
|turn|26
|
|move|p2a: Landorus-Therian|Bulk Up|p2a: Landorus-Therian
|-boost|p2a: Landorus-Therian|atk|1
|-boost|p2a: Landorus-Therian|def|1
|move|p1a: Zapdos|Roost|p1a: Zapdos
|-heal|p1a: Zapdos|300\/384
|
|-heal|p2a: Landorus-Therian|267\/329|[from] item: Leftovers
|turn|27
|
|move|p2a: Landorus-Therian|Bulk Up|p2a: Landorus-Therian
|-boost|p2a: Landorus-Therian|atk|1
|-boost|p2a: Landorus-Therian|def|1
|move|p1a: Zapdos|Heat Wave|p2a: Landorus-Therian
|-damage|p2a: Landorus-Therian|164\/329
|
|-heal|p2a: Landorus-Therian|184\/329|[from] item: Leftovers
|turn|28
|
|move|p2a: Landorus-Therian|Knock Off|p1a: Zapdos
|-damage|p1a: Zapdos|162\/384
|move|p1a: Zapdos|Heat Wave|p2a: Landorus-Therian
|-damage|p2a: Landorus-Therian|74\/329
|
|-heal|p2a: Landorus-Therian|94\/329|[from] item: Leftovers
|turn|29
|
|move|p2a: Landorus-Therian|Knock Off|p1a: Zapdos
|-damage|p1a: Zapdos|3\/384
|move|p1a: Zapdos|Heat Wave|p2a: Landorus-Therian
|-damage|p2a: Landorus-Therian|0 fnt
|faint|p2a: Landorus-Therian
|
|
|switch|p2a: Absol|Absol-Mega, F|38\/271
|-damage|p2a: Absol|5\/271|[from] Stealth Rock
|turn|30
|
|move|p2a: Absol|Knock Off|p1a: Zapdos
|-damage|p1a: Zapdos|0 fnt
|faint|p1a: Zapdos
|
|
|switch|p1a: Scizor|Scizor-Mega, M|73\/344 par
|-damage|p1a: Scizor|30\/344 par|[from] Stealth Rock
|turn|31
|
|move|p1a: Scizor|Bullet Punch|p2a: Absol
|-damage|p2a: Absol|0 fnt
|faint|p2a: Absol
|
|
|switch|p2a: Klefki|Klefki, F|318\/318
|-damage|p2a: Klefki|299\/318|[from] Stealth Rock
|turn|32
|
|move|p2a: Klefki|Foul Play|p1a: Scizor
|-damage|p1a: Scizor|0 fnt
|faint|p1a: Scizor
|
|
|switch|p1a: Gothitelle|Gothitelle, M|264\/301
|-damage|p1a: Gothitelle|227\/301|[from] Stealth Rock
|turn|33
|
|move|p1a: Gothitelle|Rest|p1a: Gothitelle
|-status|p1a: Gothitelle|slp
|-heal|p1a: Gothitelle|301\/301 slp|[silent]
|-status|p1a: Gothitelle|slp|[from] move: Rest
|move|p2a: Klefki|Foul Play|p1a: Gothitelle
|-supereffective|p1a: Gothitelle
|-damage|p1a: Gothitelle|211\/301 slp
|
|turn|34
|
|cant|p1a: Gothitelle|slp
|move|p2a: Klefki|Foul Play|p1a: Gothitelle
|-supereffective|p1a: Gothitelle
|-damage|p1a: Gothitelle|127\/301 slp
|
|turn|35
|
|cant|p1a: Gothitelle|slp
|move|p2a: Klefki|Foul Play|p1a: Gothitelle
|-supereffective|p1a: Gothitelle
|-damage|p1a: Gothitelle|41\/301 slp
|
|turn|36
|
|-curestatus|p1a: Gothitelle|slp
|move|p1a: Gothitelle|Rest|p1a: Gothitelle
|-status|p1a: Gothitelle|slp
|-heal|p1a: Gothitelle|301\/301 slp|[silent]
|-status|p1a: Gothitelle|slp|[from] move: Rest
|move|p2a: Klefki|Foul Play|p1a: Gothitelle
|-supereffective|p1a: Gothitelle
|-damage|p1a: Gothitelle|213\/301 slp
|
|turn|37
|
|cant|p1a: Gothitelle|slp
|move|p2a: Klefki|Foul Play|p1a: Gothitelle
|-supereffective|p1a: Gothitelle
|-damage|p1a: Gothitelle|123\/301 slp
|
|turn|38
|
|cant|p1a: Gothitelle|slp
|move|p2a: Klefki|Foul Play|p1a: Gothitelle
|-supereffective|p1a: Gothitelle
|-damage|p1a: Gothitelle|41\/301 slp
|
|turn|39
|
|-curestatus|p1a: Gothitelle|slp
|move|p1a: Gothitelle|Rest|p1a: Gothitelle
|-status|p1a: Gothitelle|slp
|-heal|p1a: Gothitelle|301\/301 slp|[silent]
|-status|p1a: Gothitelle|slp|[from] move: Rest
|move|p2a: Klefki|Foul Play|p1a: Gothitelle
|-supereffective|p1a: Gothitelle
|-damage|p1a: Gothitelle|213\/301 slp
|
|turn|40
|
|cant|p1a: Gothitelle|slp
|move|p2a: Klefki|Foul Play|p1a: Gothitelle
|-supereffective|p1a: Gothitelle
|-damage|p1a: Gothitelle|121\/301 slp
|
|turn|41
|
|cant|p1a: Gothitelle|slp
|move|p2a: Klefki|Foul Play|p1a: Gothitelle
|-supereffective|p1a: Gothitelle
|-damage|p1a: Gothitelle|37\/301 slp
|
|turn|42
|
|-curestatus|p1a: Gothitelle|slp
|move|p1a: Gothitelle|Rest|p1a: Gothitelle
|-status|p1a: Gothitelle|slp
|-heal|p1a: Gothitelle|301\/301 slp|[silent]
|-status|p1a: Gothitelle|slp|[from] move: Rest
|move|p2a: Klefki|Foul Play|p1a: Gothitelle
|-supereffective|p1a: Gothitelle
|-damage|p1a: Gothitelle|207\/301 slp
|
|turn|43
|
|cant|p1a: Gothitelle|slp
|move|p2a: Klefki|Foul Play|p1a: Gothitelle
|-supereffective|p1a: Gothitelle
|-damage|p1a: Gothitelle|113\/301 slp
|
|turn|44
|
|cant|p1a: Gothitelle|slp
|move|p2a: Klefki|Foul Play|p1a: Gothitelle
|-supereffective|p1a: Gothitelle
|-damage|p1a: Gothitelle|27\/301 slp
|
|turn|45
|
|-curestatus|p1a: Gothitelle|slp
|move|p1a: Gothitelle|Rest|p1a: Gothitelle
|-status|p1a: Gothitelle|slp
|-heal|p1a: Gothitelle|301\/301 slp|[silent]
|-status|p1a: Gothitelle|slp|[from] move: Rest
|move|p2a: Klefki|Foul Play|p1a: Gothitelle
|-supereffective|p1a: Gothitelle
|-damage|p1a: Gothitelle|207\/301 slp
|
|turn|46
|
|cant|p1a: Gothitelle|slp
|move|p2a: Klefki|Foul Play|p1a: Gothitelle
|-supereffective|p1a: Gothitelle
|-damage|p1a: Gothitelle|115\/301 slp
|
|turn|47
|
|cant|p1a: Gothitelle|slp
|move|p2a: Klefki|Foul Play|p1a: Gothitelle
|-supereffective|p1a: Gothitelle
|-damage|p1a: Gothitelle|29\/301 slp
|
|turn|48
|
|-curestatus|p1a: Gothitelle|slp
|move|p1a: Gothitelle|Rest|p1a: Gothitelle
|-status|p1a: Gothitelle|slp
|-heal|p1a: Gothitelle|301\/301 slp|[silent]
|-status|p1a: Gothitelle|slp|[from] move: Rest
|move|p2a: Klefki|Foul Play|p1a: Gothitelle
|-crit|p1a: Gothitelle
|-supereffective|p1a: Gothitelle
|-damage|p1a: Gothitelle|161\/301 slp
|
|turn|49
|
|switch|p1a: Alomomola|Alomomola, M|534\/534
|-damage|p1a: Alomomola|468\/534|[from] Stealth Rock
|move|p2a: Klefki|Foul Play|p1a: Alomomola
|-damage|p1a: Alomomola|421\/534
|
|turn|50
|
|switch|p2a: Wobbuffet|Wobbuffet, F|584\/584
|-damage|p2a: Wobbuffet|511\/584|[from] Stealth Rock
|move|p1a: Alomomola|Wish|p1a: Alomomola
|
|-heal|p2a: Wobbuffet|547\/584|[from] item: Leftovers
|turn|51
|
|move|p1a: Alomomola|Magic Coat|p1a: Alomomola
|-singleturn|p1a: Alomomola|move: Magic Coat
|move|p2a: Wobbuffet|Encore|p1a: Alomomola
|move|p1a: Alomomola|Encore|p2a: Wobbuffet|[from]Magic Coat
|-fail|p2a: Wobbuffet
|
|-heal|p1a: Alomomola|534\/534|[from] move: Wish|[wisher] Alomomola
|-heal|p2a: Wobbuffet|583\/584|[from] item: Leftovers
|turn|52
|
|move|p1a: Alomomola|Magic Coat|p1a: Alomomola
|-singleturn|p1a: Alomomola|move: Magic Coat
|move|p2a: Wobbuffet|Encore|p1a: Alomomola
|move|p1a: Alomomola|Encore|p2a: Wobbuffet|[from]Magic Coat
|-fail|p2a: Wobbuffet
|
|-heal|p2a: Wobbuffet|584\/584|[from] item: Leftovers
|turn|53
|
|move|p1a: Alomomola|Magic Coat|p1a: Alomomola
|-singleturn|p1a: Alomomola|move: Magic Coat
|move|p2a: Wobbuffet|Mirror Coat|p1a: Alomomola
|-fail|p1a: Alomomola
|
|turn|54
|
|move|p1a: Alomomola|Toxic|p2a: Wobbuffet
|-status|p2a: Wobbuffet|tox
|move|p2a: Wobbuffet|Encore|p1a: Alomomola
|-start|p1a: Alomomola|Encore
|
|-damage|p2a: Wobbuffet|548\/584 tox|[from] psn
|turn|55
|
|switch|p2a: Klefki|Klefki, F|299\/318
|-damage|p2a: Klefki|280\/318|[from] Stealth Rock
|move|p1a: Alomomola|Toxic|p2a: Klefki
|-fail|p2a: Klefki
|
|turn|56
|
|switch|p1a: Cresselia|Cresselia, F|444\/444
|-damage|p1a: Cresselia|389\/444|[from] Stealth Rock
|move|p2a: Klefki|Switcheroo|p1a: Cresselia
|-activate|p2a: Klefki|move: Trick|[of] p1a: Cresselia
|-item|p1a: Cresselia|Choice Scarf|[from] Trick
|-item|p2a: Klefki|Leftovers|[from] Trick
|
|-heal|p2a: Klefki|299\/318|[from] item: Leftovers
|turn|57
|
|switch|p1a: Alomomola|Alomomola, M|534\/534
|-damage|p1a: Alomomola|468\/534|[from] Stealth Rock
|move|p2a: Klefki|Thunder Wave|p1a: Alomomola
|-status|p1a: Alomomola|par
|
|-heal|p2a: Klefki|318\/318|[from] item: Leftovers
|turn|58
|
|move|p2a: Klefki|Light Screen|p2a: Klefki
|-sidestart|p2: Zabrael|move: Light Screen
|move|p1a: Alomomola|Wish|p1a: Alomomola
|
|turn|59
|
|switch|p2a: Kyurem-Black|Kyurem-Black|100\/392
|-damage|p2a: Kyurem-Black|2\/392|[from] Stealth Rock
|-ability|p2a: Kyurem-Black|Teravolt
|switch|p1a: Gothitelle|Gothitelle, M|161\/301 slp
|-damage|p1a: Gothitelle|124\/301 slp|[from] Stealth Rock
|
|-heal|p1a: Gothitelle|301\/301 slp|[from] move: Wish|[wisher] Alomomola
|turn|60
|
|switch|p1a: Cresselia|Cresselia, F|389\/444
|-damage|p1a: Cresselia|334\/444|[from] Stealth Rock
|move|p2a: Kyurem-Black|Outrage|p1a: Cresselia
|-damage|p1a: Cresselia|0 fnt
|faint|p1a: Cresselia
|
|
|switch|p1a: Alomomola|Alomomola, M|534\/534 par
|-damage|p1a: Alomomola|468\/534 par|[from] Stealth Rock
|turn|61
|
|move|p2a: Kyurem-Black|Outrage|p1a: Alomomola
|-damage|p1a: Alomomola|117\/534 par
|cant|p1a: Alomomola|par
|
|turn|62
|
|move|p1a: Alomomola|Protect|p1a: Alomomola
|-singleturn|p1a: Alomomola|Protect
|move|p2a: Kyurem-Black|Outrage|p1a: Alomomola
|-activate|p1a: Alomomola|Protect
|
|-end|p2a: Kyurem-Black|rampage
|-start|p2a: Kyurem-Black|confusion
|-sideend|p2: Zabrael|move: Light Screen
|turn|63
|
|-activate|p2a: Kyurem-Black|confusion
|move|p2a: Kyurem-Black|Outrage|p1a: Alomomola
|-damage|p1a: Alomomola|0 fnt
|faint|p1a: Alomomola
|
|
|switch|p1a: Gothitelle|Gothitelle, M|301\/301 slp
|-damage|p1a: Gothitelle|264\/301 slp|[from] Stealth Rock
|turn|64
|
|cant|p1a: Gothitelle|slp
|-activate|p2a: Kyurem-Black|confusion
|move|p2a: Kyurem-Black|Outrage|p1a: Gothitelle
|-damage|p1a: Gothitelle|0 fnt
|faint|p1a: Gothitelle
|
|win|Zabrael
|raw|Ladder updating...
|raw|lil manaphy's rating: 1966 &rarr; <strong>1932<\/strong><br \/>(-34 for losing)
|raw|Zabrael's rating: 1672 &rarr; <strong>1706<\/strong><br \/>(+34 for winning)
|leave|lil manaphy
|player|p1