|join|lil manaphy
|join|Zabrael
|player|p1|lil manaphy|37
|player|p2|Zabrael|146
|gametype|singles
|gen|6
|tier|OU
|rated
|clearpoke
|poke|p1|Scizor, F
|poke|p1|Gothitelle, F
|poke|p1|Chansey, F
|poke|p1|Alomomola, F
|poke|p1|Cresselia, F
|poke|p1|Zapdos
|poke|p2|Skarmory, M
|poke|p2|Klefki, M
|poke|p2|Landorus-Therian, M
|poke|p2|Absol, F
|poke|p2|Kyurem-Black
|poke|p2|Wobbuffet, M
|rule|Swagger Clause: Swagger is banned
|rule|Baton Pass Clause: Limit one PokÃ©mon knowing Baton Pass
|rule|Sleep Clause Mod: Limit one foe put to sleep
|rule|Species Clause: Limit one of each PokÃ©mon
|rule|OHKO Clause: OHKO moves are banned
|rule|Moody Clause: Moody is banned
|rule|Evasion Moves Clause: Evasion moves are banned
|rule|Endless Battle Clause: Forcing endless battles is banned
|rule|HP Percentage Mod: HP is shown in percentages
|teampreview
|
|start
|switch|p1a: Gothitelle|Gothitelle, F|301\/301
|switch|p2a: Absol|Absol, F|271\/271
|-ability|p2a: Absol|Pressure
|turn|1
|
|switch|p1a: Scizor|Scizor, F|344\/344
|detailschange|p2a: Absol|Absol-Mega, F
|message|Absol has Mega Evolved into Mega Absol!
|move|p2a: Absol|Knock Off|p1a: Scizor
|-damage|p1a: Scizor|265\/344
|
|turn|2
|
|detailschange|p1a: Scizor|Scizor-Mega, F
|message|Scizor has Mega Evolved into Mega Scizor!
|move|p1a: Scizor|Bullet Punch|p2a: Absol
|-damage|p2a: Absol|132\/271
|move|p2a: Absol|Fire Blast|p1a: Scizor
|-supereffective|p1a: Scizor
|-damage|p1a: Scizor|0 fnt
|faint|p1a: Scizor
|
|
|switch|p1a: Zapdos|Zapdos|384\/384
|-ability|p1a: Zapdos|Pressure
|turn|3
|join|The Healing Wish
|
|switch|p2a: Kyurem-Black|Kyurem-Black|392\/392
|-ability|p2a: Kyurem-Black|Teravolt
|move|p1a: Zapdos|Thunderbolt|p2a: Kyurem-Black
|-resisted|p2a: Kyurem-Black
|-damage|p2a: Kyurem-Black|324\/392
|-status|p2a: Kyurem-Black|par
|
|turn|4
|
|switch|p1a: Chansey|Chansey, F|704\/704
|move|p2a: Kyurem-Black|Outrage|p1a: Chansey
|-damage|p1a: Chansey|107\/704
|
|turn|5
|c| The Healing Wish|lil manaphy
|
|move|p1a: Chansey|Stealth Rock|p2a: Kyurem-Black
|-sidestart|p2: Zabrael|move: Stealth Rock
|cant|p2a: Kyurem-Black|par
|
|-end|p2a: Kyurem-Black|rampage
|-start|p2a: Kyurem-Black|confusion
|turn|6
|c| The Healing Wish|was it sd scizor?
|
|move|p1a: Chansey|Seismic Toss|p2a: Kyurem-Black
|-damage|p2a: Kyurem-Black|224\/392 par
|-activate|p2a: Kyurem-Black|confusion
|-damage|p2a: Kyurem-Black|127\/392 par|[from] confusion
|
|turn|7
|c| The Healing Wish|what set?
|c| The Healing Wish|i missed it
|
|move|p1a: Chansey|Seismic Toss|p2a: Kyurem-Black
|-damage|p2a: Kyurem-Black|27\/392 par
|cant|p2a: Kyurem-Black|par
|
|turn|8
|
|move|p1a: Chansey|Seismic Toss|p2a: Kyurem-Black
|-damage|p2a: Kyurem-Black|0 fnt
|faint|p2a: Kyurem-Black
|
|
|switch|p2a: Absol|Absol-Mega, F|132\/271
|-damage|p2a: Absol|99\/271|[from] Stealth Rock
|turn|9
|
|move|p2a: Absol|Knock Off|p1a: Chansey
|-damage|p1a: Chansey|0 fnt
|-enditem|p1a: Chansey|Eviolite|[from] move: Knock Off|[of] p2a: Absol
|faint|p1a: Chansey
|
|
|switch|p1a: Zapdos|Zapdos|384\/384
|-ability|p1a: Zapdos|Pressure
|turn|10
|
|switch|p2a: Wobbuffet|Wobbuffet, M|584\/584
|-damage|p2a: Wobbuffet|511\/584|[from] Stealth Rock
|move|p1a: Zapdos|Thunderbolt|p2a: Wobbuffet
|-damage|p2a: Wobbuffet|372\/584
|
|-heal|p2a: Wobbuffet|408\/584|[from] item: Leftovers
|turn|11
|
|move|p1a: Zapdos|Roost|p1a: Zapdos
|-fail|p1a: Zapdos
|move|p2a: Wobbuffet|Mirror Coat|p1a: Zapdos
|-fail|p1a: Zapdos
|
|-heal|p2a: Wobbuffet|444\/584|[from] item: Leftovers
|turn|12
|
|move|p1a: Zapdos|Roost|p1a: Zapdos
|-fail|p1a: Zapdos
|move|p2a: Wobbuffet|Mirror Coat|p1a: Zapdos
|-fail|p1a: Zapdos
|
|-heal|p2a: Wobbuffet|480\/584|[from] item: Leftovers
|turn|13
|
|move|p1a: Zapdos|Roost|p1a: Zapdos
|-fail|p1a: Zapdos
|move|p2a: Wobbuffet|Mirror Coat|p1a: Zapdos
|-fail|p1a: Zapdos
|
|-heal|p2a: Wobbuffet|516\/584|[from] item: Leftovers
|turn|14
|
|move|p1a: Zapdos|Heat Wave|p2a: Wobbuffet
|-damage|p2a: Wobbuffet|414\/584
|move|p2a: Wobbuffet|Mirror Coat|p1a: Zapdos
|-damage|p1a: Zapdos|180\/384
|
|-heal|p1a: Zapdos|204\/384|[from] item: Leftovers
|-heal|p2a: Wobbuffet|450\/584|[from] item: Leftovers
|turn|15
|
|move|p1a: Zapdos|Roost|p1a: Zapdos
|-heal|p1a: Zapdos|384\/384
|move|p2a: Wobbuffet|Mirror Coat|p1a: Zapdos
|-fail|p1a: Zapdos
|
|-heal|p2a: Wobbuffet|486\/584|[from] item: Leftovers
|turn|16
|
|move|p1a: Zapdos|Heat Wave|p2a: Wobbuffet
|-damage|p2a: Wobbuffet|384\/584
|move|p2a: Wobbuffet|Mirror Coat|p1a: Zapdos
|-damage|p1a: Zapdos|180\/384
|
|-heal|p1a: Zapdos|204\/384|[from] item: Leftovers
|-heal|p2a: Wobbuffet|420\/584|[from] item: Leftovers
|turn|17
|
|move|p1a: Zapdos|Roost|p1a: Zapdos
|-heal|p1a: Zapdos|384\/384
|move|p2a: Wobbuffet|Mirror Coat|p1a: Zapdos
|-fail|p1a: Zapdos
|
|-heal|p2a: Wobbuffet|456\/584|[from] item: Leftovers
|turn|18
|c| The Healing Wish|no encore?
|
|move|p1a: Zapdos|Heat Wave|p2a: Wobbuffet
|-damage|p2a: Wobbuffet|362\/584
|-status|p2a: Wobbuffet|brn
|move|p2a: Wobbuffet|Encore|p1a: Zapdos
|-start|p1a: Zapdos|Encore
|
|-heal|p2a: Wobbuffet|398\/584 brn|[from] item: Leftovers
|-damage|p2a: Wobbuffet|325\/584 brn|[from] brn
|turn|19
|
|move|p1a: Zapdos|Heat Wave|p2a: Wobbuffet
|-damage|p2a: Wobbuffet|228\/584 brn
|move|p2a: Wobbuffet|Mirror Coat|p1a: Zapdos
|-damage|p1a: Zapdos|190\/384
|
|-heal|p1a: Zapdos|214\/384|[from] item: Leftovers
|-heal|p2a: Wobbuffet|264\/584 brn|[from] item: Leftovers
|-damage|p2a: Wobbuffet|191\/584 brn|[from] brn
|turn|20
|
|move|p1a: Zapdos|Heat Wave|p2a: Wobbuffet
|-miss|p1a: Zapdos|p2a: Wobbuffet
|move|p2a: Wobbuffet|Mirror Coat|p1a: Zapdos
|-fail|p1a: Zapdos
|
|-heal|p1a: Zapdos|238\/384|[from] item: Leftovers
|-heal|p2a: Wobbuffet|227\/584 brn|[from] item: Leftovers
|-damage|p2a: Wobbuffet|154\/584 brn|[from] brn
|turn|21
|
|move|p1a: Zapdos|Heat Wave|p2a: Wobbuffet
|-damage|p2a: Wobbuffet|61\/584 brn
|move|p2a: Wobbuffet|Mirror Coat|p1a: Zapdos
|-damage|p1a: Zapdos|52\/384
|
|-heal|p1a: Zapdos|76\/384|[from] item: Leftovers
|-heal|p2a: Wobbuffet|97\/584 brn|[from] item: Leftovers
|-damage|p2a: Wobbuffet|24\/584 brn|[from] brn
|-end|p1a: Zapdos|Encore
|turn|22
|
|move|p1a: Zapdos|Roost|p1a: Zapdos
|-heal|p1a: Zapdos|268\/384
|move|p2a: Wobbuffet|Encore|p1a: Zapdos
|-start|p1a: Zapdos|Encore
|
|-heal|p1a: Zapdos|292\/384|[from] item: Leftovers
|-heal|p2a: Wobbuffet|60\/584 brn|[from] item: Leftovers
|-damage|p2a: Wobbuffet|0 fnt|[from] brn
|faint|p2a: Wobbuffet
|
|switch|p2a: Klefki|Klefki, M|318\/318
|-damage|p2a: Klefki|299\/318|[from] Stealth Rock
|turn|23
|c| The Healing Wish|defensive zapdos?
|
|switch|p1a: Gothitelle|Gothitelle, F|301\/301
|move|p2a: Klefki|Switcheroo|p1a: Gothitelle
|-activate|p2a: Klefki|move: Trick|[of] p1a: Gothitelle
|-item|p1a: Gothitelle|Choice Scarf|[from] Trick
|-item|p2a: Klefki|Choice Scarf|[from] Trick
|
|turn|24
|
|move|p1a: Gothitelle|Psychic|p2a: Klefki
|-resisted|p2a: Klefki
|-damage|p2a: Klefki|227\/318
|-unboost|p2a: Klefki|spd|1
|move|p2a: Klefki|Foul Play|p1a: Gothitelle
|-supereffective|p1a: Gothitelle
|-damage|p1a: Gothitelle|219\/301
|
|turn|25
|
|move|p1a: Gothitelle|Psychic|p2a: Klefki
|-resisted|p2a: Klefki
|-damage|p2a: Klefki|130\/318
|move|p2a: Klefki|Foul Play|p1a: Gothitelle
|-supereffective|p1a: Gothitelle
|-damage|p1a: Gothitelle|133\/301
|
|turn|26
|
|move|p1a: Gothitelle|Psychic|p2a: Klefki
|-resisted|p2a: Klefki
|-damage|p2a: Klefki|16\/318
|move|p2a: Klefki|Foul Play|p1a: Gothitelle
|-supereffective|p1a: Gothitelle
|-damage|p1a: Gothitelle|51\/301
|
|turn|27
|c| The Healing Wish|it would be nice if u answered lil manaphy
|
|move|p1a: Gothitelle|Psychic|p2a: Klefki
|-resisted|p2a: Klefki
|-damage|p2a: Klefki|0 fnt
|faint|p2a: Klefki
|
|
|switch|p2a: Absol|Absol-Mega, F|99\/271
|-damage|p2a: Absol|66\/271|[from] Stealth Rock
|turn|28
|
|switch|p1a: Alomomola|Alomomola, F|534\/534
|move|p2a: Absol|Knock Off|p1a: Alomomola
|-damage|p1a: Alomomola|404\/534
|-enditem|p1a: Alomomola|Leftovers|[from] move: Knock Off|[of] p2a: Absol
|
|turn|29
|
|move|p2a: Absol|Taunt|p1a: Alomomola
|-start|p1a: Alomomola|move: Taunt
|cant|p1a: Alomomola|move: Taunt|Wish
|
|turn|30
|c|âZabrael|can't win against paralysis, burn, and specD drop
|-message|Zabrael forfeited.
|
|win|lil manaphy
|raw|Ladder updating...
|leave|Zabrael
|player|p2
|raw|lil manaphy's rating: 1968 &rarr; <strong>1974<\/strong><br \/>(+6 for winning)
|raw|Zabrael's rating: 1675 &rarr; <strong>1668<\/strong><br \/>(-7 for losing)