|join|LT8A InAJWeTrust
|join|Zabrael
|player|p1|LT8A InAJWeTrust|190
|player|p2|Zabrael|146
|gametype|singles
|gen|6
|tier|OU
|rated
|clearpoke
|poke|p1|Hippowdon, F
|poke|p1|Charizard, M
|poke|p1|Weavile, M
|poke|p1|Excadrill, F
|poke|p1|Ferrothorn, F
|poke|p1|Clefable, M
|poke|p2|Thundurus, M
|poke|p2|Kyurem-Black
|poke|p2|Wobbuffet, M
|poke|p2|Landorus-Therian, M
|poke|p2|Manectric, F
|poke|p2|Rotom-Wash
|rule|Swagger Clause: Swagger is banned
|rule|Baton Pass Clause: Limit one PokÃ©mon knowing Baton Pass
|rule|Sleep Clause Mod: Limit one foe put to sleep
|rule|Species Clause: Limit one of each PokÃ©mon
|rule|OHKO Clause: OHKO moves are banned
|rule|Moody Clause: Moody is banned
|rule|Evasion Moves Clause: Evasion moves are banned
|rule|Endless Battle Clause: Forcing endless battles is banned
|rule|HP Percentage Mod: HP is shown in percentages
|teampreview
|join|DoomX
|
|start
|switch|p1a: Charizard|Charizard, M|307\/307
|switch|p2a: Rotom-Wash|Rotom-Wash|304\/304
|turn|1
|
|detailschange|p1a: Charizard|Charizard-Mega-Y, M
|message|Charizard has Mega Evolved into Mega Charizard!
|-weather|SunnyDay
|move|p1a: Charizard|Solar Beam|p2a: Rotom-Wash|[still]
|-prepare|p1a: Charizard|Solar Beam|p2a: Rotom-Wash
|-anim|p1a: Charizard|Solar Beam|p2a: Rotom-Wash
|-supereffective|p2a: Rotom-Wash
|-damage|p2a: Rotom-Wash|0 fnt
|faint|p2a: Rotom-Wash
|
|-weather|SunnyDay|[upkeep]
|
|switch|p2a: Thundurus|Thundurus, M|300\/300
|turn|2
|
|switch|p1a: Hippowdon|Hippowdon, F|420\/420
|-weather|Sandstorm
|move|p2a: Thundurus|Thunder Wave|p1a: Hippowdon
|-immune|p1a: Hippowdon|[msg]
|
|-weather|Sandstorm|[upkeep]
|-damage|p2a: Thundurus|282\/300|[from] sandstorm
|-heal|p2a: Thundurus|300\/300|[from] item: Leftovers
|turn|3
|leave|DoomX
|
|move|p2a: Thundurus|Taunt|p1a: Hippowdon
|-start|p1a: Hippowdon|move: Taunt
|move|p1a: Hippowdon|Rock Slide|p2a: Thundurus
|-miss|p1a: Hippowdon|p2a: Thundurus
|
|-weather|Sandstorm|[upkeep]
|-damage|p2a: Thundurus|282\/300|[from] sandstorm
|-heal|p2a: Thundurus|300\/300|[from] item: Leftovers
|turn|4
|
|switch|p2a: Landorus-Therian|Landorus-Therian, M|329\/329
|-ability|p2a: Landorus-Therian|Intimidate|[of] p1a: Hippowdon
|-unboost|p1a: Hippowdon|atk|1
|switch|p1a: Weavile|Weavile, M|287\/287
|-ability|p1a: Weavile|Pressure
|
|-weather|Sandstorm|[upkeep]
|-damage|p1a: Weavile|270\/287|[from] sandstorm
|turn|5
|
|switch|p2a: Kyurem-Black|Kyurem-Black|392\/392
|-ability|p2a: Kyurem-Black|Teravolt
|move|p1a: Weavile|Ice Shard|p2a: Kyurem-Black
|-damage|p2a: Kyurem-Black|319\/392
|
|-weather|Sandstorm|[upkeep]
|-damage|p1a: Weavile|253\/287|[from] sandstorm
|-damage|p2a: Kyurem-Black|295\/392|[from] sandstorm
|turn|6
|
|move|p1a: Weavile|Knock Off|p2a: Kyurem-Black
|-crit|p2a: Kyurem-Black
|-damage|p2a: Kyurem-Black|28\/392
|-enditem|p2a: Kyurem-Black|Choice Band|[from] move: Knock Off|[of] p1a: Weavile
|move|p2a: Kyurem-Black|Iron Head|p1a: Weavile
|-supereffective|p1a: Weavile
|-damage|p1a: Weavile|0 fnt
|faint|p1a: Weavile
|
|-weather|none
|
|switch|p1a: Hippowdon|Hippowdon, F|420\/420
|-weather|Sandstorm
|turn|7
|
|switch|p1a: Ferrothorn|Ferrothorn, F|351\/351
|move|p2a: Kyurem-Black|Outrage|p1a: Ferrothorn
|-resisted|p1a: Ferrothorn
|-damage|p1a: Ferrothorn|261\/351
|-damage|p2a: Kyurem-Black|0 fnt|[from] ability: Iron Barbs|[of] p1a: Ferrothorn
|faint|p2a: Kyurem-Black
|
|-weather|Sandstorm|[upkeep]
|-heal|p1a: Ferrothorn|282\/351|[from] item: Leftovers
|
|switch|p2a: Manectric|Manectric, F|282\/282
|turn|8
|
|switch|p1a: Clefable|Clefable, M|394\/394
|detailschange|p2a: Manectric|Manectric-Mega, F
|message|Manectric has Mega Evolved into Mega Manectric!
|-ability|p2a: Manectric|Intimidate|[of] p1a: Clefable
|-unboost|p1a: Clefable|atk|1
|move|p2a: Manectric|Flamethrower|p1a: Clefable
|-damage|p1a: Clefable|280\/394
|
|-weather|Sandstorm|[upkeep]
|-damage|p2a: Manectric|265\/282|[from] sandstorm
|-heal|p1a: Clefable|304\/394|[from] item: Leftovers
|turn|9
|
|move|p2a: Manectric|Volt Switch|p1a: Clefable
|-damage|p1a: Clefable|183\/394
|
|switch|p2a: Wobbuffet|Wobbuffet, M|584\/584
|move|p1a: Clefable|Moonblast|p2a: Wobbuffet
|-damage|p2a: Wobbuffet|463\/584
|-unboost|p2a: Wobbuffet|spa|1
|
|-weather|Sandstorm|[upkeep]
|-damage|p2a: Wobbuffet|427\/584|[from] sandstorm
|-heal|p1a: Clefable|207\/394|[from] item: Leftovers
|-heal|p2a: Wobbuffet|463\/584|[from] item: Leftovers
|turn|10
|
|move|p1a: Clefable|Knock Off|p2a: Wobbuffet
|-supereffective|p2a: Wobbuffet
|-damage|p2a: Wobbuffet|371\/584
|-enditem|p2a: Wobbuffet|Leftovers|[from] move: Knock Off|[of] p1a: Clefable
|move|p2a: Wobbuffet|Encore|p1a: Clefable
|-start|p1a: Clefable|Encore
|
|-weather|Sandstorm|[upkeep]
|-damage|p2a: Wobbuffet|335\/584|[from] sandstorm
|-heal|p1a: Clefable|231\/394|[from] item: Leftovers
|turn|11
|
|move|p1a: Clefable|Knock Off|p2a: Wobbuffet
|-supereffective|p2a: Wobbuffet
|-damage|p2a: Wobbuffet|277\/584
|move|p2a: Wobbuffet|Counter|p1a: Clefable
|-damage|p1a: Clefable|115\/394
|
|-weather|none
|-heal|p1a: Clefable|139\/394|[from] item: Leftovers
|turn|12
|
|move|p1a: Clefable|Knock Off|p2a: Wobbuffet
|-supereffective|p2a: Wobbuffet
|-damage|p2a: Wobbuffet|215\/584
|move|p2a: Wobbuffet|Counter|p1a: Clefable
|-damage|p1a: Clefable|15\/394
|
|-heal|p1a: Clefable|39\/394|[from] item: Leftovers
|turn|13
|
|move|p1a: Clefable|Knock Off|p2a: Wobbuffet
|-supereffective|p2a: Wobbuffet
|-damage|p2a: Wobbuffet|157\/584
|move|p2a: Wobbuffet|Counter|p1a: Clefable
|-damage|p1a: Clefable|0 fnt
|faint|p1a: Clefable
|
|
|switch|p1a: Charizard|Charizard-Mega-Y, M|307\/307
|-weather|SunnyDay
|turn|14
|
|move|p1a: Charizard|Solar Beam|p2a: Wobbuffet|[still]
|-prepare|p1a: Charizard|Solar Beam|p2a: Wobbuffet
|-anim|p1a: Charizard|Solar Beam|p2a: Wobbuffet
|-damage|p2a: Wobbuffet|0 fnt
|faint|p2a: Wobbuffet
|
|-weather|SunnyDay|[upkeep]
|
|switch|p2a: Manectric|Manectric-Mega, F|265\/282
|-ability|p2a: Manectric|Intimidate|[of] p1a: Charizard
|-unboost|p1a: Charizard|atk|1
|turn|15
|
|move|p2a: Manectric|Flamethrower|p1a: Charizard
|-resisted|p1a: Charizard
|-damage|p1a: Charizard|232\/307
|move|p1a: Charizard|Fire Blast|p2a: Manectric
|-damage|p2a: Manectric|0 fnt
|faint|p2a: Manectric
|
|-weather|SunnyDay|[upkeep]
|
|switch|p2a: Thundurus|Thundurus, M|300\/300
|turn|16
|
|switch|p1a: Ferrothorn|Ferrothorn, F|282\/351
|move|p2a: Thundurus|Thunder Wave|p1a: Ferrothorn
|-status|p1a: Ferrothorn|par
|
|-weather|SunnyDay|[upkeep]
|-heal|p1a: Ferrothorn|303\/351 par|[from] item: Leftovers
|turn|17
|
|switch|p2a: Landorus-Therian|Landorus-Therian, M|329\/329
|-ability|p2a: Landorus-Therian|Intimidate|[of] p1a: Ferrothorn
|-unboost|p1a: Ferrothorn|atk|1
|move|p1a: Ferrothorn|Stealth Rock|p2a: Landorus-Therian
|-sidestart|p2: Zabrael|move: Stealth Rock
|
|-weather|SunnyDay|[upkeep]
|-heal|p1a: Ferrothorn|324\/351 par|[from] item: Leftovers
|turn|18
|
|switch|p2a: Thundurus|Thundurus, M|300\/300
|-damage|p2a: Thundurus|225\/300|[from] Stealth Rock
|switch|p1a: Hippowdon|Hippowdon, F|420\/420
|-weather|Sandstorm
|
|-weather|Sandstorm|[upkeep]
|-damage|p2a: Thundurus|207\/300|[from] sandstorm
|-heal|p2a: Thundurus|225\/300|[from] item: Leftovers
|turn|19
|
|move|p2a: Thundurus|Hidden Power|p1a: Hippowdon
|-supereffective|p1a: Hippowdon
|-damage|p1a: Hippowdon|264\/420
|move|p1a: Hippowdon|Rock Slide|p2a: Thundurus
|-supereffective|p2a: Thundurus
|-damage|p2a: Thundurus|65\/300
|
|-weather|Sandstorm|[upkeep]
|-damage|p2a: Thundurus|47\/300|[from] sandstorm
|-heal|p2a: Thundurus|65\/300|[from] item: Leftovers
|-heal|p1a: Hippowdon|290\/420|[from] item: Leftovers
|turn|20
|
|move|p2a: Thundurus|Hidden Power|p1a: Hippowdon
|-supereffective|p1a: Hippowdon
|-damage|p1a: Hippowdon|128\/420
|move|p1a: Hippowdon|Rock Slide|p2a: Thundurus
|-supereffective|p2a: Thundurus
|-damage|p2a: Thundurus|0 fnt
|faint|p2a: Thundurus
|
|-weather|Sandstorm|[upkeep]
|-heal|p1a: Hippowdon|154\/420|[from] item: Leftovers
|
|switch|p2a: Landorus-Therian|Landorus-Therian, M|329\/329
|-damage|p2a: Landorus-Therian|288\/329|[from] Stealth Rock
|-ability|p2a: Landorus-Therian|Intimidate|[of] p1a: Hippowdon
|-unboost|p1a: Hippowdon|atk|1
|turn|21
|
|switch|p1a: Ferrothorn|Ferrothorn, F|324\/351 par
|move|p2a: Landorus-Therian|Bulk Up|p2a: Landorus-Therian
|-boost|p2a: Landorus-Therian|atk|1
|-boost|p2a: Landorus-Therian|def|1
|
|-weather|Sandstorm|[upkeep]
|-heal|p2a: Landorus-Therian|308\/329|[from] item: Leftovers
|-heal|p1a: Ferrothorn|345\/351 par|[from] item: Leftovers
|turn|22
|
|move|p2a: Landorus-Therian|Substitute|p2a: Landorus-Therian
|-start|p2a: Landorus-Therian|Substitute
|-damage|p2a: Landorus-Therian|226\/329
|cant|p1a: Ferrothorn|par
|
|-weather|none
|-heal|p2a: Landorus-Therian|246\/329|[from] item: Leftovers
|-heal|p1a: Ferrothorn|351\/351 par|[from] item: Leftovers
|turn|23
|
|switch|p1a: Hippowdon|Hippowdon, F|154\/420
|-weather|Sandstorm
|move|p2a: Landorus-Therian|Bulk Up|p2a: Landorus-Therian
|-boost|p2a: Landorus-Therian|atk|1
|-boost|p2a: Landorus-Therian|def|1
|
|-weather|Sandstorm|[upkeep]
|-heal|p2a: Landorus-Therian|266\/329|[from] item: Leftovers
|-heal|p1a: Hippowdon|180\/420|[from] item: Leftovers
|turn|24
|
|move|p2a: Landorus-Therian|Earthquake|p1a: Hippowdon
|-damage|p1a: Hippowdon|0 fnt
|faint|p1a: Hippowdon
|
|-weather|Sandstorm|[upkeep]
|-heal|p2a: Landorus-Therian|286\/329|[from] item: Leftovers
|
|switch|p1a: Excadrill|Excadrill, F|369\/369
|turn|25
|
|move|p1a: Excadrill|Iron Head|p2a: Landorus-Therian
|-end|p2a: Landorus-Therian|Substitute
|-damage|p1a: Excadrill|333\/369|[from] item: Life Orb
|move|p2a: Landorus-Therian|Bulk Up|p2a: Landorus-Therian
|-boost|p2a: Landorus-Therian|atk|1
|-boost|p2a: Landorus-Therian|def|1
|
|-weather|Sandstorm|[upkeep]
|-heal|p2a: Landorus-Therian|306\/329|[from] item: Leftovers
|turn|26
|
|move|p1a: Excadrill|Iron Head|p2a: Landorus-Therian
|-damage|p2a: Landorus-Therian|238\/329
|-damage|p1a: Excadrill|297\/369|[from] item: Life Orb
|move|p2a: Landorus-Therian|Substitute|p2a: Landorus-Therian
|-start|p2a: Landorus-Therian|Substitute
|-damage|p2a: Landorus-Therian|156\/329
|
|-weather|Sandstorm|[upkeep]
|-heal|p2a: Landorus-Therian|176\/329|[from] item: Leftovers
|turn|27
|
|move|p1a: Excadrill|Iron Head|p2a: Landorus-Therian
|-activate|p2a: Landorus-Therian|Substitute|[damage]
|-damage|p1a: Excadrill|261\/369|[from] item: Life Orb
|move|p2a: Landorus-Therian|Bulk Up|p2a: Landorus-Therian
|-boost|p2a: Landorus-Therian|atk|1
|-boost|p2a: Landorus-Therian|def|1
|
|-weather|none
|-heal|p2a: Landorus-Therian|196\/329|[from] item: Leftovers
|turn|28
|
|move|p1a: Excadrill|Iron Head|p2a: Landorus-Therian
|-end|p2a: Landorus-Therian|Substitute
|-damage|p1a: Excadrill|225\/369|[from] item: Life Orb
|move|p2a: Landorus-Therian|Earthquake|p1a: Excadrill
|-supereffective|p1a: Excadrill
|-damage|p1a: Excadrill|0 fnt
|faint|p1a: Excadrill
|
|-heal|p2a: Landorus-Therian|216\/329|[from] item: Leftovers
|
|switch|p1a: Charizard|Charizard-Mega-Y, M|232\/307
|-weather|SunnyDay
|turn|29
|
|move|p1a: Charizard|Fire Blast|p2a: Landorus-Therian
|-damage|p2a: Landorus-Therian|0 fnt
|faint|p2a: Landorus-Therian
|
|win|LT8A InAJWeTrust
|raw|Ladder updating...
|leave|Zabrael
|player|p2
|raw|Ladder (probably) updated, but score could not be retrieved (timeout).
|raw|Ladder (probably) updated, but score could not be retrieved (Error: socket hang up).