|join|lil manaphy
|join|Zabrael
|player|p1|lil manaphy|6
|player|p2|Zabrael|146
|gametype|singles
|gen|6
|tier|OU
|rated
|clearpoke
|poke|p1|Scizor, M
|poke|p1|Gothitelle, M
|poke|p1|Zapdos
|poke|p1|Alomomola, F
|poke|p1|Chansey, F
|poke|p1|Cresselia, F
|poke|p2|Espeon, F
|poke|p2|Kyurem-Black
|poke|p2|Wobbuffet, F
|poke|p2|Landorus-Therian, M
|poke|p2|Gardevoir, M
|poke|p2|Rotom-Wash
|rule|Swagger Clause: Swagger is banned
|rule|Baton Pass Clause: Limit one PokÃ©mon knowing Baton Pass
|rule|Sleep Clause Mod: Limit one foe put to sleep
|rule|Species Clause: Limit one of each PokÃ©mon
|rule|OHKO Clause: OHKO moves are banned
|rule|Moody Clause: Moody is banned
|rule|Evasion Moves Clause: Evasion moves are banned
|rule|Endless Battle Clause: Forcing endless battles is banned
|rule|HP Percentage Mod: HP is shown in percentages
|teampreview
|
|start
|switch|p1a: Cresselia|Cresselia, F|444\/444
|switch|p2a: Gardevoir|Gardevoir, M|277\/277
|-ability|p2a: Gardevoir|Levitate|[from] ability: Trace|[of] p1a: Cresselia
|turn|1
|
|detailschange|p2a: Gardevoir|Gardevoir-Mega, M
|message|Gardevoir has Mega Evolved into Mega Gardevoir!
|move|p2a: Gardevoir|Shadow Ball|p1a: Cresselia
|-supereffective|p1a: Cresselia
|-damage|p1a: Cresselia|236\/444
|move|p1a: Cresselia|Toxic|p2a: Gardevoir|[miss]
|-miss|p1a: Cresselia|p2a: Gardevoir
|
|-heal|p1a: Cresselia|263\/444|[from] item: Leftovers
|turn|2
|
|switch|p2a: Espeon|Espeon, F|271\/271
|move|p1a: Cresselia|Moonlight|p1a: Cresselia
|-heal|p1a: Cresselia|444\/444
|
|turn|3
|
|move|p2a: Espeon|Trick|p1a: Cresselia
|-activate|p2a: Espeon|move: Trick|[of] p1a: Cresselia
|-item|p1a: Cresselia|Choice Specs|[from] move: Trick
|-item|p2a: Espeon|Leftovers|[from] move: Trick
|move|p1a: Cresselia|Skill Swap|p2a: Espeon
|-activate|p1a: Cresselia|move: Skill Swap|Magic Bounce|Levitate|[of] p2a: Espeon
|
|turn|4
|
|switch|p1a: Chansey|Chansey, F|704\/704
|move|p2a: Espeon|Psyshock|p1a: Chansey
|-damage|p1a: Chansey|499\/704
|
|turn|5
|
|switch|p2a: Wobbuffet|Wobbuffet, F|584\/584
|move|p1a: Chansey|Stealth Rock|p2a: Wobbuffet
|-sidestart|p2: Zabrael|move: Stealth Rock
|
|turn|6
|
|move|p1a: Chansey|Thunder Wave|p2a: Wobbuffet
|-status|p2a: Wobbuffet|par
|move|p2a: Wobbuffet|Encore|p1a: Chansey
|-start|p1a: Chansey|Encore
|
|turn|7
|
|switch|p2a: Espeon|Espeon, F|271\/271
|-damage|p2a: Espeon|238\/271|[from] Stealth Rock
|move|p1a: Chansey|Thunder Wave|p2a: Espeon
|move|p2a: Espeon|Thunder Wave|p1a: Chansey|[from]Magic Bounce
|-status|p1a: Chansey|par
|
|-heal|p2a: Espeon|254\/271|[from] item: Leftovers
|turn|8
|
|switch|p1a: Cresselia|Cresselia, F|444\/444
|move|p2a: Espeon|Psyshock|p1a: Cresselia
|-crit|p1a: Cresselia
|-resisted|p1a: Cresselia
|-damage|p1a: Cresselia|372\/444
|
|-heal|p2a: Espeon|270\/271|[from] item: Leftovers
|turn|9
|join|habajiga
|
|switch|p2a: Gardevoir|Gardevoir-Mega, M|277\/277
|-damage|p2a: Gardevoir|243\/277|[from] Stealth Rock
|switch|p1a: Chansey|Chansey, F|499\/704
|
|turn|10
|
|move|p2a: Gardevoir|Psyshock|p1a: Chansey
|-damage|p1a: Chansey|261\/704
|move|p1a: Chansey|Thunder Wave|p2a: Gardevoir
|-status|p2a: Gardevoir|par
|
|turn|11
|
|move|p1a: Chansey|Soft-Boiled|p1a: Chansey
|-heal|p1a: Chansey|613\/704
|move|p2a: Gardevoir|Focus Blast|p1a: Chansey|[miss]
|-miss|p2a: Gardevoir|p1a: Chansey
|
|turn|12
|
|move|p1a: Chansey|Seismic Toss|p2a: Gardevoir
|-damage|p2a: Gardevoir|143\/277 par
|cant|p2a: Gardevoir|par
|
|turn|13
|
|move|p1a: Chansey|Seismic Toss|p2a: Gardevoir
|-damage|p2a: Gardevoir|43\/277 par
|cant|p2a: Gardevoir|par
|
|turn|14
|
|move|p1a: Chansey|Seismic Toss|p2a: Gardevoir
|-damage|p2a: Gardevoir|0 fnt
|faint|p2a: Gardevoir
|
|
|switch|p2a: Landorus-Therian|Landorus-Therian, M|329\/329
|-damage|p2a: Landorus-Therian|288\/329|[from] Stealth Rock
|-ability|p2a: Landorus-Therian|Intimidate|[of] p1a: Chansey
|-unboost|p1a: Chansey|atk|1
|turn|15
|
|switch|p1a: Alomomola|Alomomola, F|534\/534
|move|p2a: Landorus-Therian|Knock Off|p1a: Alomomola
|-damage|p1a: Alomomola|441\/534
|-enditem|p1a: Alomomola|Leftovers|[from] move: Knock Off|[of] p2a: Landorus-Therian
|
|-heal|p2a: Landorus-Therian|308\/329|[from] item: Leftovers
|turn|16
|
|switch|p2a: Espeon|Espeon, F|270\/271
|-damage|p2a: Espeon|237\/271|[from] Stealth Rock
|move|p1a: Alomomola|Scald|p2a: Espeon
|-damage|p2a: Espeon|188\/271
|-status|p2a: Espeon|brn
|
|-heal|p2a: Espeon|204\/271 brn|[from] item: Leftovers
|-damage|p2a: Espeon|171\/271 brn|[from] brn
|turn|17
|
|move|p1a: Alomomola|Protect|p1a: Alomomola
|-singleturn|p1a: Alomomola|Protect
|move|p2a: Espeon|Psyshock|p1a: Alomomola
|-activate|p1a: Alomomola|Protect
|
|-heal|p2a: Espeon|187\/271 brn|[from] item: Leftovers
|-damage|p2a: Espeon|154\/271 brn|[from] brn
|turn|18
|
|move|p2a: Espeon|Psyshock|p1a: Alomomola
|-damage|p1a: Alomomola|332\/534
|move|p1a: Alomomola|Wish|p1a: Alomomola
|
|-heal|p2a: Espeon|170\/271 brn|[from] item: Leftovers
|-damage|p2a: Espeon|137\/271 brn|[from] brn
|turn|19
|
|switch|p2a: Kyurem-Black|Kyurem-Black|392\/392
|-damage|p2a: Kyurem-Black|294\/392|[from] Stealth Rock
|-ability|p2a: Kyurem-Black|Teravolt
|move|p1a: Alomomola|Toxic|p2a: Kyurem-Black
|-status|p2a: Kyurem-Black|tox
|
|-heal|p1a: Alomomola|534\/534|[from] move: Wish|[wisher] Alomomola
|-damage|p2a: Kyurem-Black|270\/392 tox|[from] psn
|turn|20
|
|move|p2a: Kyurem-Black|Fusion Bolt|p1a: Alomomola
|-supereffective|p1a: Alomomola
|-damage|p1a: Alomomola|140\/534
|move|p1a: Alomomola|Wish|p1a: Alomomola
|
|-damage|p2a: Kyurem-Black|222\/392 tox|[from] psn
|turn|21
|
|move|p1a: Alomomola|Protect|p1a: Alomomola
|-singleturn|p1a: Alomomola|Protect
|move|p2a: Kyurem-Black|Fusion Bolt|p1a: Alomomola
|-activate|p1a: Alomomola|Protect
|
|-heal|p1a: Alomomola|407\/534|[from] move: Wish|[wisher] Alomomola
|-damage|p2a: Kyurem-Black|150\/392 tox|[from] psn
|turn|22
|
|switch|p1a: Chansey|Chansey, F|613\/704
|move|p2a: Kyurem-Black|Fusion Bolt|p1a: Chansey
|-crit|p1a: Chansey
|-damage|p1a: Chansey|110\/704
|
|-damage|p2a: Kyurem-Black|54\/392 tox|[from] psn
|turn|23
|
|switch|p1a: Cresselia|Cresselia, F|372\/444
|move|p2a: Kyurem-Black|Fusion Bolt|p1a: Cresselia
|-damage|p1a: Cresselia|211\/444
|
|-damage|p2a: Kyurem-Black|0 fnt|[from] psn
|faint|p2a: Kyurem-Black
|
|switch|p2a: Landorus-Therian|Landorus-Therian, M|308\/329
|-damage|p2a: Landorus-Therian|267\/329|[from] Stealth Rock
|-ability|p2a: Landorus-Therian|Intimidate|[of] p1a: Cresselia
|-unboost|p1a: Cresselia|atk|1
|turn|24
|
|move|p2a: Landorus-Therian|Substitute|p2a: Landorus-Therian
|-start|p2a: Landorus-Therian|Substitute
|-damage|p2a: Landorus-Therian|185\/329
|move|p1a: Cresselia|Toxic|p2a: Landorus-Therian|[miss]
|-miss|p1a: Cresselia|p2a: Landorus-Therian
|
|-heal|p2a: Landorus-Therian|205\/329|[from] item: Leftovers
|turn|25
|
|switch|p1a: Alomomola|Alomomola, F|534\/534
|move|p2a: Landorus-Therian|Bulk Up|p2a: Landorus-Therian
|-boost|p2a: Landorus-Therian|atk|1
|-boost|p2a: Landorus-Therian|def|1
|
|-heal|p2a: Landorus-Therian|225\/329|[from] item: Leftovers
|turn|26
|
|move|p2a: Landorus-Therian|Earthquake|p1a: Alomomola
|-damage|p1a: Alomomola|327\/534
|move|p1a: Alomomola|Scald|p2a: Landorus-Therian
|-supereffective|p2a: Landorus-Therian
|-end|p2a: Landorus-Therian|Substitute
|
|-heal|p2a: Landorus-Therian|245\/329|[from] item: Leftovers
|turn|27
|
|move|p2a: Landorus-Therian|Earthquake|p1a: Alomomola
|-damage|p1a: Alomomola|99\/534
|move|p1a: Alomomola|Scald|p2a: Landorus-Therian
|-supereffective|p2a: Landorus-Therian
|-damage|p2a: Landorus-Therian|137\/329
|
|-heal|p2a: Landorus-Therian|157\/329|[from] item: Leftovers
|turn|28
|
|move|p2a: Landorus-Therian|Earthquake|p1a: Alomomola
|-damage|p1a: Alomomola|0 fnt
|faint|p1a: Alomomola
|
|-heal|p2a: Landorus-Therian|177\/329|[from] item: Leftovers
|
|switch|p1a: Gothitelle|Gothitelle, M|301\/301
|turn|29
|
|move|p1a: Gothitelle|Trick|p2a: Landorus-Therian
|-activate|p1a: Gothitelle|move: Trick|[of] p2a: Landorus-Therian
|-item|p2a: Landorus-Therian|Choice Scarf|[from] move: Trick
|-item|p1a: Gothitelle|Leftovers|[from] move: Trick
|move|p2a: Landorus-Therian|Knock Off|p1a: Gothitelle
|-supereffective|p1a: Gothitelle
|-damage|p1a: Gothitelle|0 fnt
|-enditem|p1a: Gothitelle|Leftovers|[from] move: Knock Off|[of] p2a: Landorus-Therian
|faint|p1a: Gothitelle
|
|
|switch|p1a: Scizor|Scizor, M|281\/281
|turn|30
|
|detailschange|p1a: Scizor|Scizor-Mega, M
|message|Scizor has Mega Evolved into Mega Scizor!
|move|p2a: Landorus-Therian|Knock Off|p1a: Scizor
|-damage|p1a: Scizor|199\/281
|move|p1a: Scizor|Swords Dance|p1a: Scizor
|-boost|p1a: Scizor|atk|2
|
|turn|31
|
|move|p2a: Landorus-Therian|Knock Off|p1a: Scizor
|-damage|p1a: Scizor|119\/281
|move|p1a: Scizor|Swords Dance|p1a: Scizor
|-boost|p1a: Scizor|atk|2
|
|turn|32
|
|move|p1a: Scizor|Bullet Punch|p2a: Landorus-Therian
|-damage|p2a: Landorus-Therian|0 fnt
|faint|p2a: Landorus-Therian
|
|
|switch|p2a: Espeon|Espeon, F|137\/271 brn
|-damage|p2a: Espeon|104\/271 brn|[from] Stealth Rock
|turn|33
|
|switch|p2a: Rotom-Wash|Rotom-Wash|304\/304
|-damage|p2a: Rotom-Wash|266\/304|[from] Stealth Rock
|move|p1a: Scizor|Bullet Punch|p2a: Rotom-Wash
|-resisted|p2a: Rotom-Wash
|-damage|p2a: Rotom-Wash|194\/304
|-damage|p1a: Scizor|73\/281|[from] item: Rocky Helmet|[of] p2a: Rotom-Wash
|
|turn|34
|
|switch|p2a: Espeon|Espeon, F|104\/271 brn
|-damage|p2a: Espeon|71\/271 brn|[from] Stealth Rock
|move|p1a: Scizor|Bug Bite|p2a: Espeon
|-supereffective|p2a: Espeon
|-damage|p2a: Espeon|0 fnt
|faint|p2a: Espeon
|
|-message|Zabrael forfeited.
|leave|Zabrael
|
|win|lil manaphy
|raw|Ladder updating...
|player|p2