|join|Zabrael
|join|natsu234dragneel
|player|p1|Zabrael|146
|player|p2|natsu234dragneel|162
|gametype|singles
|gen|6
|tier|OU
|rated
|clearpoke
|poke|p1|Thundurus, M
|poke|p1|Kyurem-Black
|poke|p1|Wobbuffet, M
|poke|p1|Landorus-Therian, M
|poke|p1|Manectric, M
|poke|p1|Rotom-Wash
|poke|p2|Quagsire, F
|poke|p2|Heatran, M
|poke|p2|Landorus-Therian, M
|poke|p2|Manectric, M
|poke|p2|Latios, M
|poke|p2|Conkeldurr, F
|rule|Swagger Clause: Swagger is banned
|rule|Baton Pass Clause: Limit one PokÃ©mon knowing Baton Pass
|rule|Sleep Clause Mod: Limit one foe put to sleep
|rule|Species Clause: Limit one of each PokÃ©mon
|rule|OHKO Clause: OHKO moves are banned
|rule|Moody Clause: Moody is banned
|rule|Evasion Moves Clause: Evasion moves are banned
|rule|Endless Battle Clause: Forcing endless battles is banned
|rule|HP Percentage Mod: HP is shown in percentages
|teampreview
|
|start
|switch|p1a: Kyurem-Black|Kyurem-Black|392\/392
|switch|p2a: Manectric|Manectric, M|281\/281
|-ability|p1a: Kyurem-Black|Teravolt
|turn|1
|
|switch|p2a: Conkeldurr|Conkeldurr, F|414\/414
|move|p1a: Kyurem-Black|Outrage|p2a: Conkeldurr
|-damage|p2a: Conkeldurr|0 fnt
|faint|p2a: Conkeldurr
|
|
|switch|p2a: Latios|Latios, M|302\/302
|turn|2
|
|move|p2a: Latios|Draco Meteor|p1a: Kyurem-Black
|-supereffective|p1a: Kyurem-Black
|-damage|p1a: Kyurem-Black|0 fnt
|-unboost|p2a: Latios|spa|2
|faint|p1a: Kyurem-Black
|
|
|switch|p1a: Wobbuffet|Wobbuffet, M|584\/584
|turn|3
|
|move|p2a: Latios|Draco Meteor|p1a: Wobbuffet
|-damage|p1a: Wobbuffet|383\/584
|-unboost|p2a: Latios|spa|2
|move|p1a: Wobbuffet|Mirror Coat|p2a: Latios
|-damage|p2a: Latios|0 fnt
|faint|p2a: Latios
|
|-heal|p1a: Wobbuffet|419\/584|[from] item: Leftovers
|
|switch|p2a: Quagsire|Quagsire, F|394\/394
|turn|4
|
|switch|p1a: Rotom-Wash|Rotom-Wash|304\/304
|move|p2a: Quagsire|Infestation|p1a: Rotom-Wash
|-damage|p1a: Rotom-Wash|292\/304
|-damage|p2a: Quagsire|329\/394|[from] item: Rocky Helmet|[of] p1a: Rotom-Wash
|-activate|p1a: Rotom-Wash|move: Infestation|[of] p2a: Quagsire
|
|-heal|p2a: Quagsire|353\/394|[from] item: Leftovers
|-damage|p1a: Rotom-Wash|254\/304|[from] move: Infestation|[partiallytrapped]
|turn|5
|
|move|p1a: Rotom-Wash|Will-O-Wisp|p2a: Quagsire
|-status|p2a: Quagsire|brn
|move|p2a: Quagsire|Toxic|p1a: Rotom-Wash
|-status|p1a: Rotom-Wash|tox
|
|-heal|p2a: Quagsire|377\/394 brn|[from] item: Leftovers
|-damage|p1a: Rotom-Wash|235\/304 tox|[from] psn
|-damage|p2a: Quagsire|328\/394 brn|[from] brn
|-damage|p1a: Rotom-Wash|197\/304 tox|[from] move: Infestation|[partiallytrapped]
|turn|6
|
|move|p1a: Rotom-Wash|Pain Split|p2a: Quagsire
|-sethp|p2a: Quagsire|262\/394 brn|p1a: Rotom-Wash|262\/304 tox|[from] move: Pain Split
|move|p2a: Quagsire|Recover|p2a: Quagsire
|-heal|p2a: Quagsire|394\/394 brn
|
|-damage|p1a: Rotom-Wash|224\/304 tox|[from] psn
|-damage|p2a: Quagsire|345\/394 brn|[from] brn
|-damage|p1a: Rotom-Wash|186\/304 tox|[from] move: Infestation|[partiallytrapped]
|turn|7
|
|move|p1a: Rotom-Wash|Hydro Pump|p2a: Quagsire
|-damage|p2a: Quagsire|134\/394 brn
|move|p2a: Quagsire|Recover|p2a: Quagsire
|-heal|p2a: Quagsire|331\/394 brn
|
|-heal|p2a: Quagsire|355\/394 brn|[from] item: Leftovers
|-damage|p1a: Rotom-Wash|129\/304 tox|[from] psn
|-damage|p2a: Quagsire|306\/394 brn|[from] brn
|-damage|p1a: Rotom-Wash|91\/304 tox|[from] move: Infestation|[partiallytrapped]
|turn|8
|
|move|p1a: Rotom-Wash|Pain Split|p2a: Quagsire
|-sethp|p2a: Quagsire|198\/394 brn|p1a: Rotom-Wash|198\/304 tox|[from] move: Pain Split
|move|p2a: Quagsire|Recover|p2a: Quagsire
|-heal|p2a: Quagsire|394\/394 brn
|
|-damage|p1a: Rotom-Wash|122\/304 tox|[from] psn
|-damage|p2a: Quagsire|345\/394 brn|[from] brn
|-end|p1a: Rotom-Wash|Infestation|[partiallytrapped]
|turn|9
|
|switch|p1a: Thundurus|Thundurus, M|300\/300
|move|p2a: Quagsire|Recover|p2a: Quagsire
|-heal|p2a: Quagsire|394\/394 brn
|
|-damage|p2a: Quagsire|345\/394 brn|[from] brn
|turn|10
|
|move|p1a: Thundurus|Taunt|p2a: Quagsire
|-start|p2a: Quagsire|move: Taunt
|cant|p2a: Quagsire|move: Taunt|Toxic
|
|-heal|p2a: Quagsire|369\/394 brn|[from] item: Leftovers
|-damage|p2a: Quagsire|320\/394 brn|[from] brn
|turn|11
|
|switch|p1a: Landorus-Therian|Landorus-Therian, M|329\/329
|-ability|p1a: Landorus-Therian|Intimidate|[of] p2a: Quagsire
|-unboost|p2a: Quagsire|atk|1
|switch|p2a: Landorus-Therian|Landorus-Therian, M|320\/320
|-ability|p2a: Landorus-Therian|Intimidate|[of] p1a: Landorus-Therian
|-unboost|p1a: Landorus-Therian|atk|1
|
|turn|12
|
|move|p2a: Landorus-Therian|Stealth Rock|p1a: Landorus-Therian
|-sidestart|p1: Zabrael|move: Stealth Rock
|move|p1a: Landorus-Therian|Knock Off|p2a: Landorus-Therian
|-damage|p2a: Landorus-Therian|230\/320
|-enditem|p2a: Landorus-Therian|Choice Scarf|[from] move: Knock Off|[of] p1a: Landorus-Therian
|
|turn|13
|
|switch|p2a: Quagsire|Quagsire, F|320\/394 brn
|move|p1a: Landorus-Therian|Earthquake|p2a: Quagsire
|-damage|p2a: Quagsire|170\/394 brn
|
|-heal|p2a: Quagsire|194\/394 brn|[from] item: Leftovers
|-damage|p2a: Quagsire|145\/394 brn|[from] brn
|turn|14
|
|move|p1a: Landorus-Therian|Substitute|p1a: Landorus-Therian
|-start|p1a: Landorus-Therian|Substitute
|-damage|p1a: Landorus-Therian|247\/329
|move|p2a: Quagsire|Recover|p2a: Quagsire
|-heal|p2a: Quagsire|342\/394 brn
|
|-heal|p1a: Landorus-Therian|267\/329|[from] item: Leftovers
|-heal|p2a: Quagsire|366\/394 brn|[from] item: Leftovers
|-damage|p2a: Quagsire|317\/394 brn|[from] brn
|turn|15
|
|move|p1a: Landorus-Therian|Knock Off|p2a: Quagsire
|-damage|p2a: Quagsire|219\/394 brn
|-enditem|p2a: Quagsire|Leftovers|[from] move: Knock Off|[of] p1a: Landorus-Therian
|move|p2a: Quagsire|Scald|p1a: Landorus-Therian
|-crit|p1a: Landorus-Therian
|-supereffective|p1a: Landorus-Therian
|-end|p1a: Landorus-Therian|Substitute
|
|-heal|p1a: Landorus-Therian|287\/329|[from] item: Leftovers
|-damage|p2a: Quagsire|170\/394 brn|[from] brn
|turn|16
|
|move|p1a: Landorus-Therian|Substitute|p1a: Landorus-Therian
|-start|p1a: Landorus-Therian|Substitute
|-damage|p1a: Landorus-Therian|205\/329
|move|p2a: Quagsire|Scald|p1a: Landorus-Therian
|-supereffective|p1a: Landorus-Therian
|-end|p1a: Landorus-Therian|Substitute
|
|-heal|p1a: Landorus-Therian|225\/329|[from] item: Leftovers
|-damage|p2a: Quagsire|121\/394 brn|[from] brn
|turn|17
|
|move|p1a: Landorus-Therian|Earthquake|p2a: Quagsire
|-crit|p2a: Quagsire
|-damage|p2a: Quagsire|0 fnt
|faint|p2a: Quagsire
|
|-heal|p1a: Landorus-Therian|245\/329|[from] item: Leftovers
|
|switch|p2a: Manectric|Manectric, M|281\/281
|turn|18
|
|switch|p1a: Rotom-Wash|Rotom-Wash|122\/304 tox
|-damage|p1a: Rotom-Wash|84\/304 tox|[from] Stealth Rock
|detailschange|p2a: Manectric|Manectric-Mega, M
|message|Manectric has Mega Evolved into Mega Manectric!
|-ability|p2a: Manectric|Intimidate|[of] p1a: Rotom-Wash
|-unboost|p1a: Rotom-Wash|atk|1
|move|p2a: Manectric|Hidden Power|p1a: Rotom-Wash
|-resisted|p1a: Rotom-Wash
|-damage|p1a: Rotom-Wash|50\/304 tox
|
|-damage|p1a: Rotom-Wash|31\/304 tox|[from] psn
|turn|19
|
|move|p2a: Manectric|Volt Switch|p1a: Rotom-Wash
|-damage|p1a: Rotom-Wash|0 fnt
|faint|p1a: Rotom-Wash
|
|switch|p2a: Heatran|Heatran, M|323\/323
|
|
|switch|p1a: Landorus-Therian|Landorus-Therian, M|245\/329
|-damage|p1a: Landorus-Therian|204\/329|[from] Stealth Rock
|-ability|p1a: Landorus-Therian|Intimidate|[of] p2a: Heatran
|-unboost|p2a: Heatran|atk|1
|turn|20
|
|switch|p2a: Landorus-Therian|Landorus-Therian, M|230\/320
|-ability|p2a: Landorus-Therian|Intimidate|[of] p1a: Landorus-Therian
|-unboost|p1a: Landorus-Therian|atk|1
|move|p1a: Landorus-Therian|Earthquake|p2a: Landorus-Therian
|-immune|p2a: Landorus-Therian|[msg]
|
|-heal|p1a: Landorus-Therian|224\/329|[from] item: Leftovers
|turn|21
|
|move|p1a: Landorus-Therian|Earthquake|p2a: Landorus-Therian
|-immune|p2a: Landorus-Therian|[msg]
|move|p2a: Landorus-Therian|Knock Off|p1a: Landorus-Therian
|-damage|p1a: Landorus-Therian|90\/329
|-enditem|p1a: Landorus-Therian|Leftovers|[from] move: Knock Off|[of] p2a: Landorus-Therian
|
|turn|22
|
|move|p1a: Landorus-Therian|Knock Off|p2a: Landorus-Therian
|-damage|p2a: Landorus-Therian|172\/320
|move|p2a: Landorus-Therian|U-turn|p1a: Landorus-Therian
|-resisted|p1a: Landorus-Therian
|-damage|p1a: Landorus-Therian|48\/329
|
|switch|p2a: Manectric|Manectric-Mega, M|281\/281
|-ability|p2a: Manectric|Intimidate|[of] p1a: Landorus-Therian
|-unboost|p1a: Landorus-Therian|atk|1
|
|turn|23
|
|move|p2a: Manectric|Flamethrower|p1a: Landorus-Therian
|-damage|p1a: Landorus-Therian|0 fnt
|faint|p1a: Landorus-Therian
|
|
|switch|p1a: Wobbuffet|Wobbuffet, M|419\/584
|-damage|p1a: Wobbuffet|346\/584|[from] Stealth Rock
|turn|24
|
|move|p2a: Manectric|Volt Switch|p1a: Wobbuffet
|-damage|p1a: Wobbuffet|189\/584
|
|switch|p2a: Heatran|Heatran, M|323\/323
|move|p1a: Wobbuffet|Mirror Coat|p2a: Heatran
|-damage|p2a: Heatran|9\/323
|
|-heal|p1a: Wobbuffet|225\/584|[from] item: Leftovers
|turn|25
|
|move|p2a: Heatran|Dark Pulse|p1a: Wobbuffet
|-supereffective|p1a: Wobbuffet
|-damage|p1a: Wobbuffet|0 fnt
|faint|p1a: Wobbuffet
|
|
|switch|p1a: Thundurus|Thundurus, M|300\/300
|-damage|p1a: Thundurus|225\/300|[from] Stealth Rock
|turn|26
|
|move|p2a: Heatran|Dark Pulse|p1a: Thundurus
|-damage|p1a: Thundurus|99\/300
|move|p1a: Thundurus|Hidden Power|p2a: Heatran
|-resisted|p2a: Heatran
|-damage|p2a: Heatran|0 fnt
|faint|p2a: Heatran
|
|-heal|p1a: Thundurus|117\/300|[from] item: Leftovers
|
|switch|p2a: Manectric|Manectric-Mega, M|281\/281
|-ability|p2a: Manectric|Intimidate|[of] p1a: Thundurus
|-unboost|p1a: Thundurus|atk|1
|turn|27
|
|move|p2a: Manectric|Flamethrower|p1a: Thundurus
|-damage|p1a: Thundurus|0 fnt
|faint|p1a: Thundurus
|
|
|switch|p1a: Manectric|Manectric, M|282\/282
|-damage|p1a: Manectric|247\/282|[from] Stealth Rock
|turn|28
|
|detailschange|p1a: Manectric|Manectric-Mega, M
|message|Manectric has Mega Evolved into Mega Manectric!
|-ability|p1a: Manectric|Intimidate|[of] p2a: Manectric
|-unboost|p2a: Manectric|atk|1
|move|p2a: Manectric|Flamethrower|p1a: Manectric
|-damage|p1a: Manectric|118\/282
|move|p1a: Manectric|Flamethrower|p2a: Manectric
|-damage|p2a: Manectric|139\/281
|
|turn|29
|
|move|p2a: Manectric|Flamethrower|p1a: Manectric
|-damage|p1a: Manectric|0 fnt
|faint|p1a: Manectric
|
|win|natsu234dragneel
|raw|Ladder updating...
|raw|Zabrael's rating: 1719 &rarr; <strong>1686<\/strong><br \/>(-33 for losing)
|raw|natsu234dragneel's rating: 1463 &rarr; <strong>1495<\/strong><br \/>(+32 for winning)
|leave|Zabrael
|player|p1