|join|Zabrael
|join|Hogback_fosh_men
|player|p1|Zabrael|146
|player|p2|Hogback_fosh_men|265
|gametype|singles
|gen|6
|tier|OU
|rated
|clearpoke
|poke|p1|Espeon, M
|poke|p1|Kyurem-Black
|poke|p1|Wobbuffet, M
|poke|p1|Landorus-Therian, M
|poke|p1|Gardevoir, F
|poke|p1|Rotom-Wash
|poke|p2|Pinsir, M
|poke|p2|Gengar, F, shiny
|poke|p2|Rotom-Wash
|poke|p2|Ferrothorn, F
|poke|p2|Heatran, F
|poke|p2|Conkeldurr, M, shiny
|rule|Swagger Clause: Swagger is banned
|rule|Baton Pass Clause: Limit one PokÃ©mon knowing Baton Pass
|rule|Sleep Clause Mod: Limit one foe put to sleep
|rule|Species Clause: Limit one of each PokÃ©mon
|rule|OHKO Clause: OHKO moves are banned
|rule|Moody Clause: Moody is banned
|rule|Evasion Moves Clause: Evasion moves are banned
|rule|Endless Battle Clause: Forcing endless battles is banned
|rule|HP Percentage Mod: HP is shown in percentages
|teampreview
|
|start
|switch|p1a: Gardevoir|Gardevoir, F|277\/277
|switch|p2a: Rotom-Wash|Rotom-Wash|242\/242
|-ability|p1a: Gardevoir|Levitate|[from] ability: Trace|[of] p2a: Rotom-Wash
|turn|1
|
|detailschange|p1a: Gardevoir|Gardevoir-Mega, F
|message|Gardevoir has Mega Evolved into Mega Gardevoir!
|move|p2a: Rotom-Wash|Volt Switch|p1a: Gardevoir
|-damage|p1a: Gardevoir|177\/277
|
|switch|p2a: Heatran|Heatran, F|324\/324
|move|p1a: Gardevoir|Hyper Voice|p2a: Heatran
|-resisted|p2a: Heatran
|-damage|p2a: Heatran|258\/324
|
|-heal|p2a: Heatran|278\/324|[from] item: Leftovers
|turn|2
|
|move|p1a: Gardevoir|Focus Blast|p2a: Heatran
|-supereffective|p2a: Heatran
|-damage|p2a: Heatran|0 fnt
|faint|p2a: Heatran
|
|
|switch|p2a: Nightmare|Gengar, F, shiny|262\/262
|turn|3
|
|switch|p1a: Landorus-Therian|Landorus-Therian, M|329\/329
|-ability|p1a: Landorus-Therian|Intimidate|[of] p2a: Nightmare
|-unboost|p2a: Nightmare|atk|1
|move|p2a: Nightmare|Shadow Ball|p1a: Landorus-Therian
|-damage|p1a: Landorus-Therian|79\/329
|
|-heal|p1a: Landorus-Therian|99\/329|[from] item: Leftovers
|turn|4
|
|move|p2a: Nightmare|Shadow Ball|p1a: Landorus-Therian
|-damage|p1a: Landorus-Therian|0 fnt
|faint|p1a: Landorus-Therian
|
|
|switch|p1a: Kyurem-Black|Kyurem-Black|392\/392
|-ability|p1a: Kyurem-Black|Teravolt
|turn|5
|
|switch|p2a: Ferrothorn|Ferrothorn, F|352\/352
|move|p1a: Kyurem-Black|Shadow Claw|p2a: Ferrothorn
|-crit|p2a: Ferrothorn
|-damage|p2a: Ferrothorn|187\/352
|-damage|p1a: Kyurem-Black|343\/392|[from] ability: Iron Barbs|[of] p2a: Ferrothorn
|-damage|p1a: Kyurem-Black|278\/392|[from] item: Rocky Helmet|[of] p2a: Ferrothorn
|
|turn|6
|
|switch|p1a: Rotom-Wash|Rotom-Wash|304\/304
|move|p2a: Ferrothorn|Gyro Ball|p1a: Rotom-Wash
|-resisted|p1a: Rotom-Wash
|-damage|p1a: Rotom-Wash|280\/304
|-damage|p2a: Ferrothorn|129\/352|[from] item: Rocky Helmet|[of] p1a: Rotom-Wash
|
|turn|7
|
|move|p1a: Rotom-Wash|Volt Switch|p2a: Ferrothorn
|-resisted|p2a: Ferrothorn
|-damage|p2a: Ferrothorn|97\/352
|
|switch|p1a: Espeon|Espeon, M|271\/271
|move|p2a: Ferrothorn|Leech Seed|p1a: Espeon
|move|p1a: Espeon|Leech Seed|p2a: Ferrothorn|[from]Magic Bounce
|-immune|p2a: Ferrothorn|[msg]
|
|turn|8
|
|switch|p1a: Rotom-Wash|Rotom-Wash|280\/304
|move|p2a: Ferrothorn|Gyro Ball|p1a: Rotom-Wash
|-resisted|p1a: Rotom-Wash
|-damage|p1a: Rotom-Wash|257\/304
|-damage|p2a: Ferrothorn|39\/352|[from] item: Rocky Helmet|[of] p1a: Rotom-Wash
|
|turn|9
|
|switch|p2a: UncleRucus|Conkeldurr, M, shiny|402\/402
|move|p1a: Rotom-Wash|Hydro Pump|p2a: UncleRucus
|-damage|p2a: UncleRucus|282\/402
|
|turn|10
|
|move|p1a: Rotom-Wash|Hydro Pump|p2a: UncleRucus|[miss]
|-miss|p1a: Rotom-Wash|p2a: UncleRucus
|move|p2a: UncleRucus|Knock Off|p1a: Rotom-Wash
|-damage|p1a: Rotom-Wash|152\/304
|-damage|p2a: UncleRucus|215\/402|[from] item: Rocky Helmet|[of] p1a: Rotom-Wash
|-enditem|p1a: Rotom-Wash|Rocky Helmet|[from] move: Knock Off|[of] p2a: UncleRucus
|
|turn|11
|
|move|p1a: Rotom-Wash|Volt Switch|p2a: UncleRucus
|-damage|p2a: UncleRucus|139\/402
|
|switch|p1a: Wobbuffet|Wobbuffet, M|584\/584
|move|p2a: UncleRucus|Drain Punch|p1a: Wobbuffet
|-crit|p1a: Wobbuffet
|-resisted|p1a: Wobbuffet
|-damage|p1a: Wobbuffet|425\/584
|-heal|p2a: UncleRucus|219\/402|[from] drain|[of] p1a: Wobbuffet
|
|-heal|p1a: Wobbuffet|461\/584|[from] item: Leftovers
|turn|12
|
|move|p2a: UncleRucus|Knock Off|p1a: Wobbuffet
|-crit|p1a: Wobbuffet
|-supereffective|p1a: Wobbuffet
|-damage|p1a: Wobbuffet|0 fnt
|-enditem|p1a: Wobbuffet|Leftovers|[from] move: Knock Off|[of] p2a: UncleRucus
|faint|p1a: Wobbuffet
|
|
|switch|p1a: Gardevoir|Gardevoir-Mega, F|177\/277
|turn|13
|
|switch|p2a: Ferrothorn|Ferrothorn, F|39\/352
|move|p1a: Gardevoir|Hyper Voice|p2a: Ferrothorn
|-resisted|p2a: Ferrothorn
|-damage|p2a: Ferrothorn|0 fnt
|faint|p2a: Ferrothorn
|
|
|switch|p2a: Nightmare|Gengar, F, shiny|262\/262
|turn|14
|
|move|p2a: Nightmare|Sludge Bomb|p1a: Gardevoir
|-supereffective|p1a: Gardevoir
|-damage|p1a: Gardevoir|0 fnt
|faint|p1a: Gardevoir
|
|
|switch|p1a: Espeon|Espeon, M|271\/271
|turn|15
|
|switch|p2a: Rotom-Wash|Rotom-Wash|242\/242
|move|p1a: Espeon|Psyshock|p2a: Rotom-Wash
|-damage|p2a: Rotom-Wash|41\/242
|
|turn|16
|
|switch|p1a: Rotom-Wash|Rotom-Wash|152\/304
|move|p2a: Rotom-Wash|Volt Switch|p1a: Rotom-Wash
|-damage|p1a: Rotom-Wash|44\/304
|
|switch|p2a: Nightmare|Gengar, F, shiny|262\/262
|
|turn|17
|
|move|p2a: Nightmare|Shadow Ball|p1a: Rotom-Wash
|-damage|p1a: Rotom-Wash|0 fnt
|faint|p1a: Rotom-Wash
|
|
|switch|p1a: Espeon|Espeon, M|271\/271
|turn|18
|
|switch|p2a: Rotom-Wash|Rotom-Wash|41\/242
|move|p1a: Espeon|Psyshock|p2a: Rotom-Wash
|-damage|p2a: Rotom-Wash|0 fnt
|faint|p2a: Rotom-Wash
|
|
|switch|p2a: Pinsir|Pinsir, M|272\/272
|turn|19
|
|detailschange|p2a: Pinsir|Pinsir-Mega, M
|message|Pinsir has Mega Evolved into Mega Pinsir!
|move|p1a: Espeon|Psyshock|p2a: Pinsir
|-damage|p2a: Pinsir|101\/272
|move|p2a: Pinsir|Return|p1a: Espeon
|-damage|p1a: Espeon|0 fnt
|faint|p1a: Espeon
|
|
|switch|p1a: Kyurem-Black|Kyurem-Black|278\/392
|-ability|p1a: Kyurem-Black|Teravolt
|turn|20
|
|move|p2a: Pinsir|Quick Attack|p1a: Kyurem-Black
|-damage|p1a: Kyurem-Black|173\/392
|move|p1a: Kyurem-Black|Outrage|p2a: Pinsir
|-damage|p2a: Pinsir|0 fnt
|faint|p2a: Pinsir
|
|
|switch|p2a: UncleRucus|Conkeldurr, M, shiny|219\/402
|turn|21
|
|move|p2a: UncleRucus|Mach Punch|p1a: Kyurem-Black
|-supereffective|p1a: Kyurem-Black
|-damage|p1a: Kyurem-Black|9\/392
|move|p1a: Kyurem-Black|Outrage|p2a: UncleRucus
|-damage|p2a: UncleRucus|0 fnt
|faint|p2a: UncleRucus
|
|
|switch|p2a: Nightmare|Gengar, F, shiny|262\/262
|turn|22
|
|move|p2a: Nightmare|Shadow Ball|p1a: Kyurem-Black
|-damage|p1a: Kyurem-Black|0 fnt
|faint|p1a: Kyurem-Black
|
|win|Hogback_fosh_men
|raw|Ladder updating...
|raw|Zabrael's rating: 1778 &rarr; <strong>1758<\/strong><br \/>(-20 for losing)
|raw|Hogback_fosh_men's rating: 1792 &rarr; <strong>1811<\/strong><br \/>(+19 for winning)
|leave|Zabrael
|player|p1