|join|SS-Gordon
|join|Zabrael
|player|p1|SS-Gordon|239
|player|p2|Zabrael|146
|gametype|singles
|gen|6
|tier|OU
|rated
|clearpoke
|poke|p1|Garchomp, F
|poke|p1|Rotom-Wash
|poke|p1|Excadrill, F
|poke|p1|Tyranitar, M, shiny
|poke|p1|Landorus, M
|poke|p1|Medicham, M, shiny
|poke|p2|Espeon, F
|poke|p2|Kyurem-Black
|poke|p2|Wobbuffet, M
|poke|p2|Landorus-Therian, M
|poke|p2|Azumarill, M
|poke|p2|Rotom-Wash
|rule|Swagger Clause: Swagger is banned
|rule|Baton Pass Clause: Limit one PokÃ©mon knowing Baton Pass
|rule|Sleep Clause Mod: Limit one foe put to sleep
|rule|Species Clause: Limit one of each PokÃ©mon
|rule|OHKO Clause: OHKO moves are banned
|rule|Moody Clause: Moody is banned
|rule|Evasion Moves Clause: Evasion moves are banned
|rule|Endless Battle Clause: Forcing endless battles is banned
|rule|HP Percentage Mod: HP is shown in percentages
|teampreview
|
|start
|switch|p1a: Medicham|Medicham, M, shiny|261\/261
|switch|p2a: Kyurem-Black|Kyurem-Black|392\/392
|-ability|p2a: Kyurem-Black|Teravolt
|turn|1
|join|The Lord Jet
|
|switch|p2a: Wobbuffet|Wobbuffet, M|584\/584
|detailschange|p1a: Medicham|Medicham-Mega, M, shiny
|message|Medicham has Mega Evolved into Mega Medicham!
|move|p1a: Medicham|Drain Punch|p2a: Wobbuffet
|-resisted|p2a: Wobbuffet
|-damage|p2a: Wobbuffet|449\/584
|
|-heal|p2a: Wobbuffet|485\/584|[from] item: Leftovers
|turn|2
|join|JigaJiga
|
|move|p1a: Medicham|Ice Punch|p2a: Wobbuffet
|-damage|p2a: Wobbuffet|308\/584
|-status|p2a: Wobbuffet|frz
|cant|p2a: Wobbuffet|frz
|
|-heal|p2a: Wobbuffet|344\/584 frz|[from] item: Leftovers
|turn|3
|
|move|p1a: Medicham|Ice Punch|p2a: Wobbuffet
|-damage|p2a: Wobbuffet|138\/584 frz
|cant|p2a: Wobbuffet|frz
|
|-heal|p2a: Wobbuffet|174\/584 frz|[from] item: Leftovers
|turn|4
|
|move|p1a: Medicham|Ice Punch|p2a: Wobbuffet
|-damage|p2a: Wobbuffet|0 fnt
|faint|p2a: Wobbuffet
|
|
|switch|p2a: Azumarill|Azumarill, M|402\/402
|turn|5
|
|switch|p1a: Tyranitar|Tyranitar, M, shiny|404\/404
|-weather|Sandstorm
|move|p2a: Azumarill|Play Rough|p1a: Tyranitar
|-supereffective|p1a: Tyranitar
|-damage|p1a: Tyranitar|150\/404
|
|-weather|Sandstorm|[upkeep]
|-damage|p2a: Azumarill|377\/402|[from] sandstorm
|-heal|p2a: Azumarill|402\/402|[from] item: Leftovers
|turn|6
|
|move|p1a: Tyranitar|Stealth Rock|p2a: Azumarill
|-sidestart|p2: Zabrael|move: Stealth Rock
|move|p2a: Azumarill|Play Rough|p1a: Tyranitar
|-supereffective|p1a: Tyranitar
|-damage|p1a: Tyranitar|0 fnt
|faint|p1a: Tyranitar
|
|-weather|Sandstorm|[upkeep]
|-damage|p2a: Azumarill|377\/402|[from] sandstorm
|-heal|p2a: Azumarill|402\/402|[from] item: Leftovers
|
|switch|p1a: Rotom-Wash|Rotom-Wash|304\/304
|turn|7
|
|switch|p2a: Espeon|Espeon, F|271\/271
|-damage|p2a: Espeon|238\/271|[from] Stealth Rock
|move|p1a: Rotom-Wash|Will-O-Wisp|p2a: Espeon
|move|p2a: Espeon|Will-O-Wisp|p1a: Rotom-Wash|[from]Magic Bounce
|-status|p1a: Rotom-Wash|brn
|
|-weather|Sandstorm|[upkeep]
|-damage|p2a: Espeon|222\/271|[from] sandstorm
|-damage|p1a: Rotom-Wash|285\/304 brn|[from] sandstorm
|-heal|p1a: Rotom-Wash|304\/304 brn|[from] item: Leftovers
|-damage|p1a: Rotom-Wash|266\/304 brn|[from] brn
|turn|8
|
|move|p2a: Espeon|Psyshock|p1a: Rotom-Wash
|-damage|p1a: Rotom-Wash|59\/304 brn
|move|p1a: Rotom-Wash|Volt Switch|p2a: Espeon
|-damage|p2a: Espeon|135\/271
|
|switch|p1a: Excadrill|Excadrill, F|362\/362
|
|-weather|Sandstorm|[upkeep]
|-damage|p2a: Espeon|119\/271|[from] sandstorm
|turn|9
|
|switch|p2a: Rotom-Wash|Rotom-Wash|304\/304
|-damage|p2a: Rotom-Wash|266\/304|[from] Stealth Rock
|move|p1a: Excadrill|Swords Dance|p1a: Excadrill
|-boost|p1a: Excadrill|atk|2
|
|-weather|Sandstorm|[upkeep]
|-damage|p2a: Rotom-Wash|247\/304|[from] sandstorm
|turn|10
|
|move|p1a: Excadrill|Rock Slide|p2a: Rotom-Wash
|-damage|p2a: Rotom-Wash|81\/304
|move|p2a: Rotom-Wash|Hydro Pump|p1a: Excadrill|[miss]
|-miss|p2a: Rotom-Wash|p1a: Excadrill
|
|-weather|Sandstorm|[upkeep]
|-damage|p2a: Rotom-Wash|62\/304|[from] sandstorm
|turn|11
|
|move|p1a: Excadrill|Iron Head|p2a: Rotom-Wash
|-resisted|p2a: Rotom-Wash
|-damage|p2a: Rotom-Wash|3\/304
|-damage|p1a: Excadrill|302\/362|[from] item: Rocky Helmet|[of] p2a: Rotom-Wash
|cant|p2a: Rotom-Wash|flinch
|
|-weather|Sandstorm|[upkeep]
|-damage|p2a: Rotom-Wash|0 fnt|[from] sandstorm
|faint|p2a: Rotom-Wash
|
|switch|p2a: Landorus-Therian|Landorus-Therian, M|329\/329
|-damage|p2a: Landorus-Therian|288\/329|[from] Stealth Rock
|-ability|p2a: Landorus-Therian|Intimidate|[of] p1a: Excadrill
|-unboost|p1a: Excadrill|atk|1
|turn|12
|
|move|p1a: Excadrill|Iron Head|p2a: Landorus-Therian
|-damage|p2a: Landorus-Therian|50\/329
|move|p2a: Landorus-Therian|Earthquake|p1a: Excadrill
|-supereffective|p1a: Excadrill
|-damage|p1a: Excadrill|0 fnt
|faint|p1a: Excadrill
|
|-weather|none
|-heal|p2a: Landorus-Therian|70\/329|[from] item: Leftovers
|
|switch|p1a: Medicham|Medicham-Mega, M, shiny|261\/261
|turn|13
|
|move|p1a: Medicham|Bullet Punch|p2a: Landorus-Therian
|-damage|p2a: Landorus-Therian|3\/329
|move|p2a: Landorus-Therian|Earthquake|p1a: Medicham
|-crit|p1a: Medicham
|-damage|p1a: Medicham|0 fnt
|faint|p1a: Medicham
|
|-heal|p2a: Landorus-Therian|23\/329|[from] item: Leftovers
|
|switch|p1a: Landorus|Landorus, M|320\/320
|turn|14
|
|move|p1a: Landorus|Stone Edge|p2a: Landorus-Therian
|-damage|p2a: Landorus-Therian|0 fnt
|faint|p2a: Landorus-Therian
|
|
|switch|p2a: Espeon|Espeon, F|119\/271
|-damage|p2a: Espeon|86\/271|[from] Stealth Rock
|turn|15
|
|move|p1a: Landorus|Stone Edge|p2a: Espeon|[miss]
|-miss|p1a: Landorus|p2a: Espeon
|move|p2a: Espeon|Psyshock|p1a: Landorus
|-damage|p1a: Landorus|95\/320
|
|turn|16
|
|move|p1a: Landorus|Stone Edge|p2a: Espeon
|-crit|p2a: Espeon
|-damage|p2a: Espeon|0 fnt
|faint|p2a: Espeon
|
|
|switch|p2a: Azumarill|Azumarill, M|402\/402
|-damage|p2a: Azumarill|352\/402|[from] Stealth Rock
|turn|17
|
|switch|p1a: Rotom-Wash|Rotom-Wash|59\/304 brn
|move|p2a: Azumarill|Aqua Jet|p1a: Rotom-Wash
|-resisted|p1a: Rotom-Wash
|-damage|p1a: Rotom-Wash|17\/304 brn
|
|-heal|p1a: Rotom-Wash|36\/304 brn|[from] item: Leftovers
|-heal|p2a: Azumarill|377\/402|[from] item: Leftovers
|-damage|p1a: Rotom-Wash|0 fnt|[from] brn
|faint|p1a: Rotom-Wash
|
|switch|p1a: Garchomp|Garchomp, F|357\/357
|turn|18
|
|move|p1a: Garchomp|Earthquake|p2a: Azumarill
|-damage|p2a: Azumarill|118\/402
|-damage|p1a: Garchomp|322\/357|[from] item: Life Orb
|move|p2a: Azumarill|Play Rough|p1a: Garchomp
|-supereffective|p1a: Garchomp
|-damage|p1a: Garchomp|0 fnt
|-damage|p2a: Azumarill|68\/402|[from] ability: Rough Skin|[of] p1a: Garchomp
|faint|p1a: Garchomp
|
|-heal|p2a: Azumarill|93\/402|[from] item: Leftovers
|
|switch|p1a: Landorus|Landorus, M|95\/320
|turn|19
|
|move|p2a: Azumarill|Aqua Jet|p1a: Landorus
|-supereffective|p1a: Landorus
|-damage|p1a: Landorus|0 fnt
|faint|p1a: Landorus
|
|win|Zabrael
|raw|Ladder updating...
|raw|SS-Gordon's rating: 1445 &rarr; <strong>1424<\/strong><br \/>(-21 for losing)
|raw|Zabrael's rating: 1424 &rarr; <strong>1446<\/strong><br \/>(+22 for winning)
|leave|SS-Gordon
|player|p1
|leave|The Lord Jet
|leave|JigaJiga