|join|Bl153
|join|Zabrael
|player|p1|Bl153|101
|player|p2|Zabrael|146
|gametype|singles
|gen|6
|tier|OU
|rated
|clearpoke
|poke|p1|Medicham, M
|poke|p1|Bisharp, M
|poke|p1|Heatran, F, shiny
|poke|p1|Landorus, M
|poke|p1|Rotom-Wash
|poke|p1|Sylveon, F
|poke|p2|Espeon, F
|poke|p2|Kyurem-Black
|poke|p2|Wobbuffet, M
|poke|p2|Landorus-Therian, M
|poke|p2|Azumarill, F
|poke|p2|Rotom-Wash
|rule|Swagger Clause: Swagger is banned
|rule|Baton Pass Clause: Limit one PokÃ©mon knowing Baton Pass
|rule|Sleep Clause Mod: Limit one foe put to sleep
|rule|Species Clause: Limit one of each PokÃ©mon
|rule|OHKO Clause: OHKO moves are banned
|rule|Moody Clause: Moody is banned
|rule|Evasion Moves Clause: Evasion moves are banned
|rule|Endless Battle Clause: Forcing endless battles is banned
|rule|HP Percentage Mod: HP is shown in percentages
|teampreview
|c|âBl153|gl hf
|
|start
|switch|p1a: More Powerrr :p|Medicham, M|261\/261
|switch|p2a: Kyurem-Black|Kyurem-Black|392\/392
|-ability|p2a: Kyurem-Black|Teravolt
|turn|1
|
|detailschange|p1a: More Powerrr :p|Medicham-Mega, M
|message|Medicham has Mega Evolved into Mega Medicham!
|move|p1a: More Powerrr :p|Fake Out|p2a: Kyurem-Black
|-damage|p2a: Kyurem-Black|319\/392
|cant|p2a: Kyurem-Black|flinch
|
|turn|2
|
|switch|p1a: Hi ;)|Sylveon, F|393\/393
|switch|p2a: Wobbuffet|Wobbuffet, M|584\/584
|
|turn|3
|
|move|p1a: Hi ;)|Wish|p1a: Hi ;)
|move|p2a: Wobbuffet|Mirror Coat|p1a: Hi ;)
|-fail|p1a: Hi ;)
|
|turn|4
|
|move|p1a: Hi ;)|Hyper Voice|p2a: Wobbuffet
|-damage|p2a: Wobbuffet|412\/584
|move|p2a: Wobbuffet|Mirror Coat|p1a: Hi ;)
|-damage|p1a: Hi ;)|49\/393
|
|-heal|p1a: Hi ;)|245\/393|[from] move: Wish|[wisher] Hi ;)
|-heal|p1a: Hi ;)|269\/393|[from] item: Leftovers
|-heal|p2a: Wobbuffet|448\/584|[from] item: Leftovers
|turn|5
|
|move|p1a: Hi ;)|Wish|p1a: Hi ;)
|move|p2a: Wobbuffet|Encore|p1a: Hi ;)
|-start|p1a: Hi ;)|Encore
|
|-heal|p1a: Hi ;)|293\/393|[from] item: Leftovers
|-heal|p2a: Wobbuffet|484\/584|[from] item: Leftovers
|turn|6
|
|move|p1a: Hi ;)|Wish|p1a: Hi ;)
|-fail|p1a: Hi ;)
|move|p2a: Wobbuffet|Counter|p1a: Hi ;)
|-fail|p1a: Hi ;)
|
|-heal|p1a: Hi ;)|393\/393|[from] move: Wish|[wisher] Hi ;)
|-heal|p2a: Wobbuffet|520\/584|[from] item: Leftovers
|turn|7
|
|move|p1a: Hi ;)|Wish|p1a: Hi ;)
|move|p2a: Wobbuffet|Counter|p1a: Hi ;)
|-fail|p1a: Hi ;)
|
|-heal|p2a: Wobbuffet|556\/584|[from] item: Leftovers
|turn|8
|
|move|p1a: Hi ;)|Wish|p1a: Hi ;)
|-fail|p1a: Hi ;)
|move|p2a: Wobbuffet|Counter|p1a: Hi ;)
|-fail|p1a: Hi ;)
|
|-heal|p2a: Wobbuffet|584\/584|[from] item: Leftovers
|-end|p1a: Hi ;)|Encore
|turn|9
|c|âBl153|O your one of these people...
|
|move|p1a: Hi ;)|Protect|p1a: Hi ;)
|-singleturn|p1a: Hi ;)|Protect
|move|p2a: Wobbuffet|Encore|p1a: Hi ;)
|-activate|p1a: Hi ;)|Protect
|
|turn|10
|
|move|p1a: Hi ;)|Hyper Voice|p2a: Wobbuffet
|-damage|p2a: Wobbuffet|422\/584
|move|p2a: Wobbuffet|Encore|p1a: Hi ;)
|-start|p1a: Hi ;)|Encore
|
|-heal|p2a: Wobbuffet|458\/584|[from] item: Leftovers
|turn|11
|
|move|p1a: Hi ;)|Hyper Voice|p2a: Wobbuffet
|-damage|p2a: Wobbuffet|286\/584
|move|p2a: Wobbuffet|Mirror Coat|p1a: Hi ;)
|-damage|p1a: Hi ;)|49\/393
|
|-heal|p1a: Hi ;)|73\/393|[from] item: Leftovers
|-heal|p2a: Wobbuffet|322\/584|[from] item: Leftovers
|turn|12
|
|move|p1a: Hi ;)|Hyper Voice|p2a: Wobbuffet
|-damage|p2a: Wobbuffet|141\/584
|move|p2a: Wobbuffet|Mirror Coat|p1a: Hi ;)
|-damage|p1a: Hi ;)|0 fnt
|faint|p1a: Hi ;)
|
|-heal|p2a: Wobbuffet|177\/584|[from] item: Leftovers
|
|switch|p1a: CutCo|Bisharp, M|301\/301
|turn|13
|
|move|p1a: CutCo|Pursuit|p2a: Wobbuffet
|-supereffective|p2a: Wobbuffet
|-damage|p2a: Wobbuffet|0 fnt
|faint|p2a: Wobbuffet
|
|
|switch|p2a: Landorus-Therian|Landorus-Therian, M|329\/329
|-ability|p2a: Landorus-Therian|Intimidate|[of] p1a: CutCo
|-unboost|p1a: CutCo|atk|1
|-boost|p1a: CutCo|atk|2|[from] ability: Defiant
|turn|14
|
|move|p2a: Landorus-Therian|Substitute|p2a: Landorus-Therian
|-start|p2a: Landorus-Therian|Substitute
|-damage|p2a: Landorus-Therian|247\/329
|move|p1a: CutCo|Knock Off|p2a: Landorus-Therian
|-end|p2a: Landorus-Therian|Substitute
|
|-heal|p2a: Landorus-Therian|267\/329|[from] item: Leftovers
|turn|15
|
|move|p1a: CutCo|Sucker Punch|p2a: Landorus-Therian
|-fail|p2a: Landorus-Therian
|move|p2a: Landorus-Therian|Substitute|p2a: Landorus-Therian
|-start|p2a: Landorus-Therian|Substitute
|-damage|p2a: Landorus-Therian|185\/329
|
|-heal|p2a: Landorus-Therian|205\/329|[from] item: Leftovers
|turn|16
|
|switch|p1a: Spray Away|Rotom-Wash|303\/303
|move|p2a: Landorus-Therian|Bulk Up|p2a: Landorus-Therian
|-boost|p2a: Landorus-Therian|atk|1
|-boost|p2a: Landorus-Therian|def|1
|
|-heal|p2a: Landorus-Therian|225\/329|[from] item: Leftovers
|turn|17
|
|move|p2a: Landorus-Therian|Knock Off|p1a: Spray Away
|-damage|p1a: Spray Away|175\/303
|-enditem|p1a: Spray Away|Leftovers|[from] move: Knock Off|[of] p2a: Landorus-Therian
|move|p1a: Spray Away|Hydro Pump|p2a: Landorus-Therian
|-crit|p2a: Landorus-Therian
|-supereffective|p2a: Landorus-Therian
|-end|p2a: Landorus-Therian|Substitute
|
|-heal|p2a: Landorus-Therian|245\/329|[from] item: Leftovers
|turn|18
|
|switch|p2a: Kyurem-Black|Kyurem-Black|319\/392
|-ability|p2a: Kyurem-Black|Teravolt
|move|p1a: Spray Away|Hydro Pump|p2a: Kyurem-Black
|-resisted|p2a: Kyurem-Black
|-damage|p2a: Kyurem-Black|249\/392
|
|turn|19
|
|switch|p1a: La Jin|Landorus, M|320\/320
|move|p2a: Kyurem-Black|Fusion Bolt|p1a: La Jin
|-immune|p1a: La Jin|[msg]
|
|turn|20
|
|switch|p2a: Rotom-Wash|Rotom-Wash|304\/304
|move|p1a: La Jin|Psychic|p2a: Rotom-Wash
|-damage|p2a: Rotom-Wash|148\/304
|
|turn|21
|
|move|p1a: La Jin|Sludge Wave|p2a: Rotom-Wash
|-damage|p2a: Rotom-Wash|0 fnt
|faint|p2a: Rotom-Wash
|
|
|switch|p2a: Azumarill|Azumarill, F|402\/402
|turn|22
|
|move|p1a: La Jin|Sludge Wave|p2a: Azumarill
|-supereffective|p2a: Azumarill
|-damage|p2a: Azumarill|0 fnt
|faint|p2a: Azumarill
|
|-message|Zabrael forfeited.
|
|win|Bl153
|raw|Ladder updating...
|leave|Zabrael
|player|p2
|raw|Bl153's rating: 1692 &rarr; <strong>1713<\/strong><br \/>(+21 for winning)
|raw|Zabrael's rating: 1705 &rarr; <strong>1684<\/strong><br \/>(-21 for losing)