|join|Zabrael
|join|Paul Gilbert
|player|p1|Zabrael|146
|player|p2|Paul Gilbert|267
|gametype|singles
|gen|6
|tier|OU
|rated
|clearpoke
|poke|p1|Thundurus, M
|poke|p1|Kyurem-Black
|poke|p1|Wobbuffet, M
|poke|p1|Landorus-Therian, M
|poke|p1|Manectric, M
|poke|p1|Rotom-Wash
|poke|p2|Scizor, M
|poke|p2|Talonflame, F
|poke|p2|Conkeldurr, F
|poke|p2|Sylveon, F
|poke|p2|Empoleon, F
|poke|p2|Landorus-Therian, M
|rule|Swagger Clause: Swagger is banned
|rule|Baton Pass Clause: Limit one PokÃ©mon knowing Baton Pass
|rule|Sleep Clause Mod: Limit one foe put to sleep
|rule|Species Clause: Limit one of each PokÃ©mon
|rule|OHKO Clause: OHKO moves are banned
|rule|Moody Clause: Moody is banned
|rule|Evasion Moves Clause: Evasion moves are banned
|rule|Endless Battle Clause: Forcing endless battles is banned
|rule|HP Percentage Mod: HP is shown in percentages
|teampreview
|
|start
|switch|p1a: Rotom-Wash|Rotom-Wash|304\/304
|switch|p2a: Talonflame|Talonflame, F|359\/359
|turn|1
|
|move|p2a: Talonflame|Will-O-Wisp|p1a: Rotom-Wash
|-status|p1a: Rotom-Wash|brn
|move|p1a: Rotom-Wash|Hydro Pump|p2a: Talonflame
|-supereffective|p2a: Talonflame
|-damage|p2a: Talonflame|107\/359
|
|-heal|p2a: Talonflame|129\/359|[from] item: Leftovers
|-damage|p1a: Rotom-Wash|266\/304 brn|[from] brn
|turn|2
|
|move|p2a: Talonflame|Roost|p2a: Talonflame
|-heal|p2a: Talonflame|309\/359
|move|p1a: Rotom-Wash|Hydro Pump|p2a: Talonflame
|-supereffective|p2a: Talonflame
|-damage|p2a: Talonflame|51\/359
|
|-heal|p2a: Talonflame|73\/359|[from] item: Leftovers
|-damage|p1a: Rotom-Wash|228\/304 brn|[from] brn
|turn|3
|
|switch|p2a: Conkeldurr|Conkeldurr, F|353\/353
|move|p1a: Rotom-Wash|Hydro Pump|p2a: Conkeldurr
|-damage|p2a: Conkeldurr|232\/353
|
|-damage|p1a: Rotom-Wash|190\/304 brn|[from] brn
|turn|4
|
|switch|p2a: Landorus-Therian|Landorus-Therian, M|327\/327
|-ability|p2a: Landorus-Therian|Intimidate|[of] p1a: Rotom-Wash
|-unboost|p1a: Rotom-Wash|atk|1
|move|p1a: Rotom-Wash|Hydro Pump|p2a: Landorus-Therian
|-supereffective|p2a: Landorus-Therian
|-damage|p2a: Landorus-Therian|0 fnt
|faint|p2a: Landorus-Therian
|
|-damage|p1a: Rotom-Wash|152\/304 brn|[from] brn
|
|switch|p2a: Sylveon|Sylveon, F|393\/393
|turn|5
|join|lil manaphy
|
|move|p1a: Rotom-Wash|Pain Split|p2a: Sylveon
|-sethp|p2a: Sylveon|272\/393|p1a: Rotom-Wash|272\/304 brn|[from] move: Pain Split
|move|p2a: Sylveon|Hyper Voice|p1a: Rotom-Wash
|-damage|p1a: Rotom-Wash|140\/304 brn
|
|-heal|p2a: Sylveon|296\/393|[from] item: Leftovers
|-damage|p1a: Rotom-Wash|102\/304 brn|[from] brn
|turn|6
|
|move|p1a: Rotom-Wash|Pain Split|p2a: Sylveon
|-sethp|p2a: Sylveon|199\/393|p1a: Rotom-Wash|199\/304 brn|[from] move: Pain Split
|move|p2a: Sylveon|Hyper Voice|p1a: Rotom-Wash
|-damage|p1a: Rotom-Wash|51\/304 brn
|
|-heal|p2a: Sylveon|223\/393|[from] item: Leftovers
|-damage|p1a: Rotom-Wash|13\/304 brn|[from] brn
|turn|7
|
|move|p2a: Sylveon|Protect|p2a: Sylveon
|-singleturn|p2a: Sylveon|Protect
|move|p1a: Rotom-Wash|Will-O-Wisp|p2a: Sylveon
|-activate|p2a: Sylveon|Protect
|
|-heal|p2a: Sylveon|247\/393|[from] item: Leftovers
|-damage|p1a: Rotom-Wash|0 fnt|[from] brn
|faint|p1a: Rotom-Wash
|
|switch|p1a: Kyurem-Black|Kyurem-Black|392\/392
|-ability|p1a: Kyurem-Black|Teravolt
|turn|8
|
|move|p1a: Kyurem-Black|Fusion Bolt|p2a: Sylveon
|-damage|p2a: Sylveon|23\/393
|move|p2a: Sylveon|Hyper Voice|p1a: Kyurem-Black
|-supereffective|p1a: Kyurem-Black
|-damage|p1a: Kyurem-Black|90\/392
|
|-heal|p2a: Sylveon|47\/393|[from] item: Leftovers
|turn|9
|
|move|p1a: Kyurem-Black|Fusion Bolt|p2a: Sylveon
|-damage|p2a: Sylveon|0 fnt
|faint|p2a: Sylveon
|
|
|switch|p2a: Scizor|Scizor, M|309\/309
|turn|10
|
|switch|p1a: Thundurus|Thundurus, M|300\/300
|detailschange|p2a: Scizor|Scizor-Mega, M
|-mega|p2a: Scizor|Scizor|Scizorite
|move|p2a: Scizor|Bullet Punch|p1a: Thundurus
|-resisted|p1a: Thundurus
|-damage|p1a: Thundurus|219\/300
|
|-heal|p1a: Thundurus|237\/300|[from] item: Leftovers
|turn|11
|
|move|p1a: Thundurus|Thunder Wave|p2a: Scizor
|-status|p2a: Scizor|par
|move|p2a: Scizor|Bug Bite|p1a: Thundurus
|-resisted|p1a: Thundurus
|-damage|p1a: Thundurus|103\/300
|
|-heal|p1a: Thundurus|121\/300|[from] item: Leftovers
|turn|12
|
|move|p1a: Thundurus|Volt Switch|p2a: Scizor
|-damage|p2a: Scizor|197\/309 par
|
|switch|p1a: Landorus-Therian|Landorus-Therian, M|329\/329
|-ability|p1a: Landorus-Therian|Intimidate|[of] p2a: Scizor
|-unboost|p2a: Scizor|atk|1
|cant|p2a: Scizor|par
|
|turn|13
|
|move|p1a: Landorus-Therian|Bulk Up|p1a: Landorus-Therian
|-boost|p1a: Landorus-Therian|atk|1
|-boost|p1a: Landorus-Therian|def|1
|cant|p2a: Scizor|par
|
|turn|14
|c|âPaul Gilbert|far out
|
|switch|p2a: Talonflame|Talonflame, F|73\/359
|move|p1a: Landorus-Therian|Substitute|p1a: Landorus-Therian
|-start|p1a: Landorus-Therian|Substitute
|-damage|p1a: Landorus-Therian|247\/329
|
|-heal|p2a: Talonflame|95\/359|[from] item: Leftovers
|-heal|p1a: Landorus-Therian|267\/329|[from] item: Leftovers
|turn|15
|
|move|p2a: Talonflame|Brave Bird|p1a: Landorus-Therian
|-activate|p1a: Landorus-Therian|Substitute|[damage]
|-damage|p2a: Talonflame|71\/359|[from] recoil|[of] p1a: Landorus-Therian
|move|p1a: Landorus-Therian|Knock Off|p2a: Talonflame
|-damage|p2a: Talonflame|0 fnt
|-enditem|p2a: Talonflame|Leftovers|[from] move: Knock Off|[of] p1a: Landorus-Therian
|faint|p2a: Talonflame
|
|-heal|p1a: Landorus-Therian|287\/329|[from] item: Leftovers
|join|Arcanine is Regal
|
|switch|p2a: Conkeldurr|Conkeldurr, F|232\/353
|turn|16
|
|move|p1a: Landorus-Therian|Earthquake|p2a: Conkeldurr
|-damage|p2a: Conkeldurr|0 fnt
|faint|p2a: Conkeldurr
|
|-heal|p1a: Landorus-Therian|307\/329|[from] item: Leftovers
|-message|Paul Gilbert forfeited.
|c|âPaul Gilbert|lame
|leave|lil manaphy
|
|win|Zabrael
|raw|Ladder updating...
|join|lil manaphy
|raw|Zabrael's rating: 1638 &rarr; <strong>1652<\/strong><br \/>(+14 for winning)
|raw|Paul Gilbert's rating: 1536 &rarr; <strong>1522<\/strong><br \/>(-14 for losing)
|join|Doomed hi
|leave|Paul Gilbert
|player|p2
|leave|Doomed hi
|leave|Arcanine is Regal
|leave|lil manaphy
|leave|Zabrael
|player|p1