|join|Ttar 1129
|join|belgrade
|player|p1|Ttar 1129|265
|player|p2|belgrade|214
|gametype|singles
|gen|6
|tier|OU
|rated
|clearpoke
|poke|p1|Latios, M
|poke|p1|Jirachi
|poke|p1|Heatran, M
|poke|p1|Landorus-Therian, M
|poke|p1|Rotom-Wash
|poke|p1|Sableye, F
|poke|p2|Metagross
|poke|p2|Rotom-Wash
|poke|p2|Conkeldurr, M
|poke|p2|Talonflame, F
|poke|p2|Chansey, F
|poke|p2|Latios, M
|rule|Swagger Clause: Swagger is banned
|rule|Baton Pass Clause: Limit one PokÃ©mon knowing Baton Pass
|rule|Sleep Clause Mod: Limit one foe put to sleep
|rule|Species Clause: Limit one of each PokÃ©mon
|rule|OHKO Clause: OHKO moves are banned
|rule|Moody Clause: Moody is banned
|rule|Evasion Moves Clause: Evasion moves are banned
|rule|Endless Battle Clause: Forcing endless battles is banned
|rule|HP Percentage Mod: HP is shown in percentages
|teampreview
|
|start
|switch|p1a: Sableye|Sableye, F|304\/304
|switch|p2a: Conkeldurr|Conkeldurr, M|351\/351
|turn|1
|
|detailschange|p1a: Sableye|Sableye-Mega, F
|message|Sableye has Mega Evolved into Mega Sableye!
|move|p1a: Sableye|Knock Off|p2a: Conkeldurr
|-resisted|p2a: Conkeldurr
|-damage|p2a: Conkeldurr|301\/351
|-enditem|p2a: Conkeldurr|Assault Vest|[from] move: Knock Off|[of] p1a: Sableye
|move|p2a: Conkeldurr|Knock Off|p1a: Sableye
|-damage|p1a: Sableye|252\/304
|
|turn|2
|
|move|p2a: Conkeldurr|Knock Off|p1a: Sableye
|-damage|p1a: Sableye|193\/304
|move|p1a: Sableye|Knock Off|p2a: Conkeldurr
|-resisted|p2a: Conkeldurr
|-damage|p2a: Conkeldurr|265\/351
|
|turn|3
|
|move|p2a: Conkeldurr|Knock Off|p1a: Sableye
|-damage|p1a: Sableye|132\/304
|move|p1a: Sableye|Recover|p1a: Sableye
|-heal|p1a: Sableye|284\/304
|
|turn|4
|
|switch|p2a: Talonflame|Talonflame, F|359\/359
|move|p1a: Sableye|Will-O-Wisp|p2a: Talonflame
|-fail|p2a: Talonflame
|
|turn|5
|
|switch|p1a: Heatran|Heatran, M|386\/386
|move|p2a: Talonflame|Brave Bird|p1a: Heatran
|-resisted|p1a: Heatran
|-damage|p1a: Heatran|332\/386
|-damage|p2a: Talonflame|341\/359|[from] recoil|[of] p1a: Heatran
|
|-heal|p2a: Talonflame|359\/359|[from] item: Leftovers
|-heal|p1a: Heatran|356\/386|[from] item: Leftovers
|turn|6
|
|move|p2a: Talonflame|Taunt|p1a: Heatran
|-start|p1a: Heatran|move: Taunt
|cant|p1a: Heatran|move: Taunt|Stealth Rock
|
|-heal|p1a: Heatran|380\/386|[from] item: Leftovers
|turn|7
|
|switch|p2a: Conkeldurr|Conkeldurr, M|265\/351
|move|p1a: Heatran|Lava Plume|p2a: Conkeldurr
|-damage|p2a: Conkeldurr|136\/351
|
|-heal|p1a: Heatran|386\/386|[from] item: Leftovers
|turn|8
|
|switch|p1a: Sableye|Sableye-Mega, F|284\/304
|move|p2a: Conkeldurr|Knock Off|p1a: Sableye
|-damage|p1a: Sableye|233\/304
|
|turn|9
|
|switch|p2a: Metagross|Metagross|301\/301
|move|p1a: Sableye|Knock Off|p2a: Metagross
|-supereffective|p2a: Metagross
|-damage|p2a: Metagross|191\/301
|
|turn|10
|
|detailschange|p2a: Metagross|Metagross-Mega
|message|Metagross has Mega Evolved into Mega Metagross!
|move|p2a: Metagross|Meteor Mash|p1a: Sableye
|-damage|p1a: Sableye|82\/304
|move|p1a: Sableye|Foul Play|p2a: Metagross
|-supereffective|p2a: Metagross
|-damage|p2a: Metagross|0 fnt
|faint|p2a: Metagross
|
|
|switch|p2a: Latios|Latios, M|301\/301
|turn|11
|
|switch|p1a: Heatran|Heatran, M|386\/386
|move|p2a: Latios|Draco Meteor|p1a: Heatran
|-resisted|p1a: Heatran
|-damage|p1a: Heatran|279\/386
|-unboost|p2a: Latios|spa|2
|-damage|p2a: Latios|271\/301|[from] item: Life Orb
|
|-heal|p1a: Heatran|303\/386|[from] item: Leftovers
|turn|12
|
|switch|p2a: Conkeldurr|Conkeldurr, M|136\/351
|move|p1a: Heatran|Stealth Rock|p2a: Conkeldurr
|-sidestart|p2: belgrade|move: Stealth Rock
|
|-heal|p1a: Heatran|327\/386|[from] item: Leftovers
|turn|13
|
|move|p1a: Heatran|Protect|p1a: Heatran
|-singleturn|p1a: Heatran|Protect
|move|p2a: Conkeldurr|Knock Off|p1a: Heatran
|-activate|p1a: Heatran|Protect
|
|-heal|p1a: Heatran|351\/386|[from] item: Leftovers
|turn|14
|
|switch|p1a: Landorus-Therian|Landorus-Therian, M|325\/325
|-ability|p1a: Landorus-Therian|Intimidate|[of] p2a: Conkeldurr
|-unboost|p2a: Conkeldurr|atk|1
|move|p2a: Conkeldurr|Knock Off|p1a: Landorus-Therian
|-damage|p1a: Landorus-Therian|227\/325
|-enditem|p1a: Landorus-Therian|Choice Scarf|[from] move: Knock Off|[of] p2a: Conkeldurr
|
|turn|15
|
|switch|p2a: Rotom-Wash|Rotom-Wash|303\/303
|-damage|p2a: Rotom-Wash|266\/303|[from] Stealth Rock
|move|p1a: Landorus-Therian|Earthquake|p2a: Rotom-Wash
|-immune|p2a: Rotom-Wash|[msg]
|
|-heal|p2a: Rotom-Wash|284\/303|[from] item: Leftovers
|turn|16
|
|move|p1a: Landorus-Therian|U-turn|p2a: Rotom-Wash
|-damage|p2a: Rotom-Wash|210\/303
|
|switch|p1a: Latios|Latios, M|302\/302
|move|p2a: Rotom-Wash|Hydro Pump|p1a: Latios|[miss]
|-miss|p2a: Rotom-Wash|p1a: Latios
|
|-heal|p2a: Rotom-Wash|228\/303|[from] item: Leftovers
|turn|17
|
|switch|p2a: Chansey|Chansey, F|703\/703
|-damage|p2a: Chansey|616\/703|[from] Stealth Rock
|move|p1a: Latios|Draco Meteor|p2a: Chansey
|-damage|p2a: Chansey|412\/703
|-unboost|p1a: Latios|spa|2
|-damage|p1a: Latios|272\/302|[from] item: Life Orb
|
|turn|18
|
|switch|p1a: Sableye|Sableye-Mega, F|82\/304
|switch|p2a: Latios|Latios, M|271\/301
|-damage|p2a: Latios|234\/301|[from] Stealth Rock
|
|turn|19
|
|switch|p1a: Heatran|Heatran, M|351\/386
|move|p2a: Latios|Draco Meteor|p1a: Heatran
|-resisted|p1a: Heatran
|-damage|p1a: Heatran|251\/386
|-unboost|p2a: Latios|spa|2
|-damage|p2a: Latios|204\/301|[from] item: Life Orb
|
|-heal|p1a: Heatran|275\/386|[from] item: Leftovers
|turn|20
|
|move|p2a: Latios|Defog|p1a: Heatran
|-unboost|p1a: Heatran|evasion|1
|-sideend|p2: belgrade|Stealth Rock|[from] move: Defog|[of] p2a: Latios
|move|p1a: Heatran|Lava Plume|p2a: Latios
|-resisted|p2a: Latios
|-damage|p2a: Latios|154\/301
|-status|p2a: Latios|brn
|
|-heal|p1a: Heatran|299\/386|[from] item: Leftovers
|-damage|p2a: Latios|117\/301 brn|[from] brn
|turn|21
|
|switch|p2a: Conkeldurr|Conkeldurr, M|136\/351
|move|p1a: Heatran|Lava Plume|p2a: Conkeldurr
|-damage|p2a: Conkeldurr|18\/351
|
|-heal|p1a: Heatran|323\/386|[from] item: Leftovers
|turn|22
|
|move|p2a: Conkeldurr|Mach Punch|p1a: Heatran
|-supereffective|p1a: Heatran
|-damage|p1a: Heatran|167\/386
|move|p1a: Heatran|Lava Plume|p2a: Conkeldurr
|-damage|p2a: Conkeldurr|0 fnt
|faint|p2a: Conkeldurr
|
|-heal|p1a: Heatran|191\/386|[from] item: Leftovers
|
|switch|p2a: Rotom-Wash|Rotom-Wash|228\/303
|turn|23
|
|switch|p1a: Latios|Latios, M|272\/302
|move|p2a: Rotom-Wash|Volt Switch|p1a: Latios
|-resisted|p1a: Latios
|-damage|p1a: Latios|235\/302
|
|switch|p2a: Latios|Latios, M|117\/301 brn
|
|-damage|p2a: Latios|80\/301 brn|[from] brn
|turn|24
|
|switch|p1a: Jirachi|Jirachi|404\/404
|move|p2a: Latios|Draco Meteor|p1a: Jirachi
|-resisted|p1a: Jirachi
|-damage|p1a: Jirachi|261\/404
|-unboost|p2a: Latios|spa|2
|-damage|p2a: Latios|50\/301 brn|[from] item: Life Orb
|
|-heal|p1a: Jirachi|286\/404|[from] item: Leftovers
|-damage|p2a: Latios|13\/301 brn|[from] brn
|turn|25
|
|move|p2a: Latios|Draco Meteor|p1a: Jirachi
|-resisted|p1a: Jirachi
|-damage|p1a: Jirachi|216\/404
|-unboost|p2a: Latios|spa|2
|-damage|p2a: Latios|0 fnt|[from] item: Life Orb
|faint|p2a: Latios
|move|p1a: Jirachi|Substitute|p1a: Jirachi
|-start|p1a: Jirachi|Substitute
|-damage|p1a: Jirachi|115\/404
|
|-heal|p1a: Jirachi|140\/404|[from] item: Leftovers
|
|switch|p2a: Rotom-Wash|Rotom-Wash|228\/303
|turn|26
|
|move|p1a: Jirachi|Toxic|p2a: Rotom-Wash
|-status|p2a: Rotom-Wash|tox
|move|p2a: Rotom-Wash|Hydro Pump|p1a: Jirachi
|-crit|p1a: Jirachi
|-end|p1a: Jirachi|Substitute
|
|-heal|p1a: Jirachi|165\/404|[from] item: Leftovers
|-heal|p2a: Rotom-Wash|246\/303 tox|[from] item: Leftovers
|-damage|p2a: Rotom-Wash|228\/303 tox|[from] psn
|turn|27
|
|switch|p1a: Latios|Latios, M|235\/302
|move|p2a: Rotom-Wash|Volt Switch|p1a: Latios
|-resisted|p1a: Latios
|-damage|p1a: Latios|199\/302
|
|switch|p2a: Talonflame|Talonflame, F|359\/359
|
|turn|28
|
|move|p2a: Talonflame|Brave Bird|p1a: Latios
|-damage|p1a: Latios|61\/302
|-damage|p2a: Talonflame|313\/359|[from] recoil|[of] p1a: Latios
|move|p1a: Latios|Draco Meteor|p2a: Talonflame
|-damage|p2a: Talonflame|0 fnt
|-unboost|p1a: Latios|spa|2
|-damage|p1a: Latios|31\/302|[from] item: Life Orb
|faint|p2a: Talonflame
|
|
|switch|p2a: Rotom-Wash|Rotom-Wash|228\/303 tox
|turn|29
|
|move|p1a: Latios|Draco Meteor|p2a: Rotom-Wash
|-damage|p2a: Rotom-Wash|86\/303 tox
|-unboost|p1a: Latios|spa|2
|-damage|p1a: Latios|1\/302|[from] item: Life Orb
|move|p2a: Rotom-Wash|Volt Switch|p1a: Latios
|-resisted|p1a: Latios
|-damage|p1a: Latios|0 fnt
|faint|p1a: Latios
|-message|belgrade forfeited.
|
|win|Ttar 1129
|raw|Ladder updating...
|leave|belgrade
|player|p2
|raw|Ttar 1129's rating: 1510 &rarr; <strong>1529<\/strong><br \/>(+19 for winning)
|raw|belgrade's rating: 1492 &rarr; <strong>1473<\/strong><br \/>(-19 for losing)