|join|belgrade
|join|IllegalDesertEagle
|player|p1|belgrade|214
|player|p2|IllegalDesertEagle|170
|gametype|singles
|gen|6
|tier|OU
|rated
|clearpoke
|poke|p1|Tyranitar, F
|poke|p1|Excadrill, M
|poke|p1|Greninja, F
|poke|p1|Pinsir, M
|poke|p1|Talonflame, M
|poke|p1|Dragonite, M
|poke|p2|Tyranitar, F
|poke|p2|Excadrill, M
|poke|p2|Gardevoir, M
|poke|p2|Talonflame, M
|poke|p2|Keldeo-Resolute
|poke|p2|Amoonguss, M
|rule|Swagger Clause: Swagger is banned
|rule|Baton Pass Clause: Limit one PokÃ©mon knowing Baton Pass
|rule|Sleep Clause Mod: Limit one foe put to sleep
|rule|Species Clause: Limit one of each PokÃ©mon
|rule|OHKO Clause: OHKO moves are banned
|rule|Moody Clause: Moody is banned
|rule|Evasion Moves Clause: Evasion moves are banned
|rule|Endless Battle Clause: Forcing endless battles is banned
|rule|HP Percentage Mod: HP is shown in percentages
|teampreview
|
|start
|switch|p1a: 1|Tyranitar, F|341\/341
|switch|p2a: Twilight Sparkle|Keldeo-Resolute|323\/323
|-weather|Sandstorm
|turn|1
|
|move|p2a: Twilight Sparkle|Scald|p1a: 1
|-supereffective|p1a: 1
|-damage|p1a: 1|53\/341
|move|p1a: 1|Stealth Rock|p2a: Twilight Sparkle
|-sidestart|p2: IllegalDesertEagle|move: Stealth Rock
|
|-weather|Sandstorm|[upkeep]
|-damage|p2a: Twilight Sparkle|303\/323|[from] sandstorm
|turn|2
|
|move|p2a: Twilight Sparkle|Scald|p1a: 1
|-supereffective|p1a: 1
|-damage|p1a: 1|0 fnt
|faint|p1a: 1
|
|-weather|Sandstorm|[upkeep]
|-damage|p2a: Twilight Sparkle|283\/323|[from] sandstorm
|
|switch|p1a: 2|Excadrill, M|369\/369
|turn|3
|
|move|p1a: 2|Earthquake|p2a: Twilight Sparkle
|-damage|p2a: Twilight Sparkle|9\/323
|-damage|p1a: 2|333\/369|[from] item: Life Orb
|move|p2a: Twilight Sparkle|Scald|p1a: 2
|-supereffective|p1a: 2
|-damage|p1a: 2|0 fnt
|faint|p1a: 2
|
|-weather|Sandstorm|[upkeep]
|-damage|p2a: Twilight Sparkle|0 fnt|[from] sandstorm
|faint|p2a: Twilight Sparkle
|
|switch|p1a: 6|Dragonite, M|323\/323
|switch|p2a: RaveBoss|Tyranitar, F|404\/404
|-damage|p2a: RaveBoss|354\/404|[from] Stealth Rock
|turn|4
|
|move|p1a: 6|Earthquake|p2a: RaveBoss
|-supereffective|p2a: RaveBoss
|-damage|p2a: RaveBoss|106\/404
|move|p2a: RaveBoss|Stealth Rock|p1a: 6
|-sidestart|p1: belgrade|move: Stealth Rock
|
|-weather|Sandstorm|[upkeep]
|-damage|p1a: 6|303\/323|[from] sandstorm
|turn|5
|
|switch|p2a: Amorphous|Amoonguss, M|432\/432
|-damage|p2a: Amorphous|378\/432|[from] Stealth Rock
|move|p1a: 6|Earthquake|p2a: Amorphous
|-damage|p2a: Amorphous|186\/432
|
|-weather|none
|-heal|p2a: Amorphous|213\/432|[from] item: Black Sludge
|turn|6
|
|move|p1a: 6|Earthquake|p2a: Amorphous
|-damage|p2a: Amorphous|45\/432
|move|p2a: Amorphous|Spore|p1a: 6
|-status|p1a: 6|slp
|
|-heal|p2a: Amorphous|72\/432|[from] item: Black Sludge
|turn|7
|
|switch|p2a: RaveBoss|Tyranitar, F|106\/404
|-damage|p2a: RaveBoss|56\/404|[from] Stealth Rock
|-weather|Sandstorm
|cant|p1a: 6|slp
|
|-weather|Sandstorm|[upkeep]
|-damage|p1a: 6|283\/323 slp|[from] sandstorm
|turn|8
|
|-curestatus|p1a: 6|slp
|move|p1a: 6|Earthquake|p2a: RaveBoss
|-supereffective|p2a: RaveBoss
|-damage|p2a: RaveBoss|0 fnt
|faint|p2a: RaveBoss
|
|-weather|Sandstorm|[upkeep]
|-damage|p1a: 6|263\/323|[from] sandstorm
|
|switch|p2a: VodkaDrill|Excadrill, M|362\/362
|-damage|p2a: VodkaDrill|351\/362|[from] Stealth Rock
|turn|9
|
|move|p2a: VodkaDrill|Rock Slide|p1a: 6
|-supereffective|p1a: 6
|-damage|p1a: 6|0 fnt
|-damage|p2a: VodkaDrill|315\/362|[from] item: Life Orb
|faint|p1a: 6
|
|-weather|Sandstorm|[upkeep]
|
|switch|p1a: 5|Talonflame, M|309\/309
|-damage|p1a: 5|155\/309|[from] Stealth Rock
|turn|10
|
|move|p1a: 5|Tailwind|p1a: 5
|-sidestart|p1: belgrade|move: Tailwind
|move|p2a: VodkaDrill|Rapid Spin|p1a: 5
|-damage|p1a: 5|108\/309
|-sideend|p2: IllegalDesertEagle|Stealth Rock|[from] move: Rapid Spin|[of] p2a: VodkaDrill
|-damage|p2a: VodkaDrill|279\/362|[from] item: Life Orb
|
|-weather|Sandstorm|[upkeep]
|-damage|p1a: 5|89\/309|[from] sandstorm
|turn|11
|
|move|p1a: 5|Tailwind|p1a: 5
|-fail|p1a: 5
|move|p2a: VodkaDrill|Earthquake|p1a: 5
|-immune|p1a: 5|[msg]
|
|-weather|Sandstorm|[upkeep]
|-damage|p1a: 5|70\/309|[from] sandstorm
|turn|12
|
|move|p1a: 5|Tailwind|p1a: 5
|-fail|p1a: 5
|move|p2a: VodkaDrill|Iron Head|p1a: 5
|-resisted|p1a: 5
|-damage|p1a: 5|0 fnt
|-damage|p2a: VodkaDrill|243\/362|[from] item: Life Orb
|faint|p1a: 5
|
|-weather|Sandstorm|[upkeep]
|
|switch|p1a: 3|Greninja, F|286\/286
|-damage|p1a: 3|251\/286|[from] Stealth Rock
|turn|13
|
|switch|p2a: Amorphous|Amoonguss, M|216\/432
|move|p1a: 3|Hydro Pump|p2a: Amorphous
|-start|p1a: 3|typechange|Water|[from] Protean
|-resisted|p2a: Amorphous
|-damage|p2a: Amorphous|94\/432
|-damage|p1a: 3|223\/286|[from] item: Life Orb
|
|-weather|Sandstorm|[upkeep]
|-damage|p1a: 3|206\/286|[from] sandstorm
|-damage|p2a: Amorphous|67\/432|[from] sandstorm
|-heal|p2a: Amorphous|94\/432|[from] item: Black Sludge
|-sideend|p1: belgrade|move: Tailwind
|turn|14
|
|move|p1a: 3|Ice Beam|p2a: Amorphous
|-start|p1a: 3|typechange|Ice|[from] Protean
|-supereffective|p2a: Amorphous
|-damage|p2a: Amorphous|0 fnt
|-damage|p1a: 3|178\/286|[from] item: Life Orb
|faint|p2a: Amorphous
|
|-weather|none
|
|switch|p2a: Shuriken|Talonflame, M|305\/305
|turn|15
|c|âIllegalDesertEagle|gg
|c|âIllegalDesertEagle|i watch pokeaimmd too ;)
|
|move|p2a: Shuriken|Brave Bird|p1a: 3
|-crit|p1a: 3
|-damage|p1a: 3|0 fnt
|-damage|p2a: Shuriken|246\/305|[from] recoil|[of] p1a: 3
|faint|p1a: 3
|
|c|âbelgrade|;;;
|
|switch|p1a: 4|Pinsir, M|271\/271
|-damage|p1a: 4|204\/271|[from] Stealth Rock
|turn|16
|
|detailschange|p1a: 4|Pinsir-Mega, M
|message|Pinsir has Mega Evolved into Mega Pinsir!
|move|p2a: Shuriken|Brave Bird|p1a: 4
|-supereffective|p1a: 4
|-damage|p1a: 4|0 fnt
|-damage|p2a: Shuriken|179\/305|[from] recoil|[of] p1a: 4
|faint|p1a: 4
|
|win|IllegalDesertEagle
|raw|Ladder updating...
|raw|belgrade's rating: 1486 &rarr; <strong>1467<\/strong><br \/>(-19 for losing)
|raw|IllegalDesertEagle's rating: 1504 &rarr; <strong>1523<\/strong><br \/>(+19 for winning)
|leave|belgrade
|player|p1