|join|belgrade
|join|Bacon and Blissey
|player|p1|belgrade|214
|player|p2|Bacon and Blissey|102
|gametype|singles
|gen|6
|tier|OU
|rated
|clearpoke
|poke|p1|Mienshao, M
|poke|p1|Tornadus-Therian, M
|poke|p1|Manectric, M
|poke|p1|Scizor, F
|poke|p1|Latios, M
|poke|p1|Gliscor, F
|poke|p2|Azumarill, F
|poke|p2|Landorus, M
|poke|p2|Ampharos, F
|poke|p2|Heatran, M
|poke|p2|Mamoswine, F
|poke|p2|Venomoth, F
|rule|Swagger Clause: Swagger is banned
|rule|Baton Pass Clause: Limit one PokÃ©mon knowing Baton Pass
|rule|Sleep Clause Mod: Limit one foe put to sleep
|rule|Species Clause: Limit one of each PokÃ©mon
|rule|OHKO Clause: OHKO moves are banned
|rule|Moody Clause: Moody is banned
|rule|Evasion Moves Clause: Evasion moves are banned
|rule|Endless Battle Clause: Forcing endless battles is banned
|rule|HP Percentage Mod: HP is shown in percentages
|teampreview
|
|start
|switch|p1a: Mienshao|Mienshao, M|271\/271
|switch|p2a: Venomoth|Venomoth, F|343\/343
|turn|1
|
|move|p1a: Mienshao|Fake Out|p2a: Venomoth
|-damage|p2a: Venomoth|249\/343
|-damage|p1a: Mienshao|244\/271|[from] item: Life Orb
|cant|p2a: Venomoth|flinch
|
|-heal|p2a: Venomoth|270\/343|[from] item: Black Sludge
|turn|2
|
|move|p1a: Mienshao|Substitute|p1a: Mienshao
|-start|p1a: Mienshao|Substitute
|-damage|p1a: Mienshao|177\/271
|move|p2a: Venomoth|Quiver Dance|p2a: Venomoth
|-boost|p2a: Venomoth|spa|1
|-boost|p2a: Venomoth|spd|1
|-boost|p2a: Venomoth|spe|1
|
|-heal|p2a: Venomoth|291\/343|[from] item: Black Sludge
|turn|3
|
|move|p2a: Venomoth|Bug Buzz|p1a: Mienshao
|-resisted|p1a: Mienshao
|-damage|p1a: Mienshao|0 fnt
|faint|p1a: Mienshao
|
|-heal|p2a: Venomoth|312\/343|[from] item: Black Sludge
|
|switch|p1a: Tornadus-Therian|Tornadus-Therian, M|315\/315
|turn|4
|
|move|p2a: Venomoth|Sleep Powder|p1a: Tornadus-Therian
|-status|p1a: Tornadus-Therian|slp
|cant|p1a: Tornadus-Therian|slp
|
|-heal|p2a: Venomoth|333\/343|[from] item: Black Sludge
|turn|5
|
|switch|p1a: Gliscor|Gliscor, F|353\/353
|move|p2a: Venomoth|Quiver Dance|p2a: Venomoth
|-boost|p2a: Venomoth|spa|1
|-boost|p2a: Venomoth|spd|1
|-boost|p2a: Venomoth|spe|1
|
|-heal|p2a: Venomoth|343\/343|[from] item: Black Sludge
|-status|p1a: Gliscor|tox|[from] item: Toxic Orb
|turn|6
|
|move|p2a: Venomoth|Bug Buzz|p1a: Gliscor
|-resisted|p1a: Gliscor
|-damage|p1a: Gliscor|95\/353 tox
|move|p1a: Gliscor|Knock Off|p2a: Venomoth
|-damage|p2a: Venomoth|231\/343
|-enditem|p2a: Venomoth|Black Sludge|[from] move: Knock Off|[of] p1a: Gliscor
|
|-heal|p1a: Gliscor|139\/353 tox|[from] ability: Poison Heal
|turn|7
|
|move|p2a: Venomoth|Bug Buzz|p1a: Gliscor
|-crit|p1a: Gliscor
|-resisted|p1a: Gliscor
|-damage|p1a: Gliscor|0 fnt
|faint|p1a: Gliscor
|
|
|switch|p1a: Scizor|Scizor, F|343\/343
|turn|8
|
|move|p1a: Scizor|Bullet Punch|p2a: Venomoth
|-damage|p2a: Venomoth|80\/343
|move|p2a: Venomoth|Baton Pass|p2a: Venomoth
|c|âbelgrade|damn
|c|âbelgrade|monster
|
|switch|p2a: Landorus|Landorus, M|319\/319
|
|turn|9
|
|move|p1a: Scizor|Bullet Punch|p2a: Landorus
|-damage|p2a: Landorus|205\/319
|move|p2a: Landorus|Earth Power|p1a: Scizor
|-damage|p1a: Scizor|0 fnt
|faint|p1a: Scizor
|
|c|âBacon and Blissey|:]
|
|switch|p1a: Latios|Latios, M|301\/301
|turn|10
|
|move|p2a: Landorus|Knock Off|p1a: Latios
|-supereffective|p1a: Latios
|-damage|p1a: Latios|106\/301
|-damage|p2a: Landorus|174\/319|[from] item: Life Orb
|move|p1a: Latios|Surf|p2a: Landorus
|-supereffective|p2a: Landorus
|-damage|p2a: Landorus|24\/319
|
|turn|11
|
|move|p2a: Landorus|Psychic|p1a: Latios
|-resisted|p1a: Latios
|-damage|p1a: Latios|0 fnt
|faint|p1a: Latios
|
|
|switch|p1a: Manectric|Manectric, M|281\/281
|turn|12
|
|detailschange|p1a: Manectric|Manectric-Mega, M
|message|Manectric has Mega Evolved into Mega Manectric!
|-ability|p1a: Manectric|Intimidate|[of] p2a: Landorus
|-unboost|p2a: Landorus|atk|1
|move|p2a: Landorus|Earth Power|p1a: Manectric
|-supereffective|p1a: Manectric
|-damage|p1a: Manectric|0 fnt
|faint|p1a: Manectric
|
|
|switch|p1a: Tornadus-Therian|Tornadus-Therian, M|315\/315 slp
|turn|13
|c|âbelgrade|gg
|-message|belgrade forfeited.
|
|win|Bacon and Blissey
|raw|Ladder updating...
|leave|belgrade
|player|p1
|raw|belgrade's rating: 1616 &rarr; <strong>1600<\/strong><br \/>(-16 for losing)
|raw|Bacon and Blissey's rating: 1691 &rarr; <strong>1706<\/strong><br \/>(+15 for winning)