|join|hardpuzzle
|join|belgrade
|player|p1|hardpuzzle|101
|player|p2|belgrade|214
|gametype|singles
|gen|6
|tier|OU
|rated
|clearpoke
|poke|p1|Slowbro, M
|poke|p1|Gliscor, F
|poke|p1|Tyranitar, F
|poke|p1|Quagsire, M
|poke|p1|Skarmory, F
|poke|p1|Chansey, F
|poke|p2|Gothitelle, F
|poke|p2|Wobbuffet, M
|poke|p2|Dugtrio, F
|poke|p2|Magnezone
|poke|p2|Magneton
|poke|p2|Pinsir, F
|rule|Swagger Clause: Swagger is banned
|rule|Baton Pass Clause: Limit one PokÃ©mon knowing Baton Pass
|rule|Sleep Clause Mod: Limit one foe put to sleep
|rule|Species Clause: Limit one of each PokÃ©mon
|rule|OHKO Clause: OHKO moves are banned
|rule|Moody Clause: Moody is banned
|rule|Evasion Moves Clause: Evasion moves are banned
|rule|Endless Battle Clause: Forcing endless battles is banned
|rule|HP Percentage Mod: HP is shown in percentages
|teampreview
|c|âhardpuzzle|ng
|
|start
|switch|p1a: Skarmory|Skarmory, F|334\/334
|switch|p2a: Magneton|Magneton|241\/241
|turn|1
|
|switch|p1a: Gliscor|Gliscor, F|352\/352
|move|p2a: Magneton|Thunderbolt|p1a: Gliscor
|-immune|p1a: Gliscor|[msg]
|
|-status|p1a: Gliscor|tox|[from] item: Toxic Orb
|turn|2
|
|switch|p2a: Wobbuffet|Wobbuffet, M|584\/584
|move|p1a: Gliscor|Knock Off|p2a: Wobbuffet
|-supereffective|p2a: Wobbuffet
|-damage|p2a: Wobbuffet|376\/584
|-enditem|p2a: Wobbuffet|Leftovers|[from] move: Knock Off|[of] p1a: Gliscor
|
|turn|3
|
|move|p1a: Gliscor|Taunt|p2a: Wobbuffet
|-start|p2a: Wobbuffet|move: Taunt
|cant|p2a: Wobbuffet|move: Taunt|Encore
|
|turn|4
|
|move|p1a: Gliscor|Taunt|p2a: Wobbuffet
|-fail|p2a: Wobbuffet
|move|p2a: Wobbuffet|Counter|p1a: Gliscor
|-fail|p1a: Gliscor
|
|turn|5
|
|move|p1a: Gliscor|Taunt|p2a: Wobbuffet
|-fail|p2a: Wobbuffet
|move|p2a: Wobbuffet|Counter|p1a: Gliscor
|-fail|p1a: Gliscor
|
|-end|p2a: Wobbuffet|move: Taunt
|turn|6
|
|move|p1a: Gliscor|Taunt|p2a: Wobbuffet
|-start|p2a: Wobbuffet|move: Taunt
|cant|p2a: Wobbuffet|move: Taunt|Encore
|
|turn|7
|
|move|p1a: Gliscor|Knock Off|p2a: Wobbuffet
|-supereffective|p2a: Wobbuffet
|-damage|p2a: Wobbuffet|226\/584
|move|p2a: Wobbuffet|Mirror Coat|p1a: Gliscor
|-fail|p1a: Gliscor
|
|turn|8
|
|move|p1a: Gliscor|Taunt|p2a: Wobbuffet
|-fail|p2a: Wobbuffet
|move|p2a: Wobbuffet|Mirror Coat|p1a: Gliscor
|-fail|p1a: Gliscor
|
|-end|p2a: Wobbuffet|move: Taunt
|turn|9
|
|move|p1a: Gliscor|Taunt|p2a: Wobbuffet
|-start|p2a: Wobbuffet|move: Taunt
|move|p2a: Wobbuffet|Counter|p1a: Gliscor
|-fail|p1a: Gliscor
|
|turn|10
|
|move|p1a: Gliscor|Knock Off|p2a: Wobbuffet
|-crit|p2a: Wobbuffet
|-supereffective|p2a: Wobbuffet
|-damage|p2a: Wobbuffet|0 fnt
|faint|p2a: Wobbuffet
|
|
|switch|p2a: Gothitelle|Gothitelle, F|301\/301
|turn|11
|
|move|p2a: Gothitelle|Trick|p1a: Gliscor
|-activate|p2a: Gothitelle|move: Trick|[of] p1a: Gliscor
|-item|p1a: Gliscor|Choice Scarf|[from] move: Trick
|-item|p2a: Gothitelle|Toxic Orb|[from] move: Trick
|move|p1a: Gliscor|Earthquake|p2a: Gothitelle
|-damage|p2a: Gothitelle|181\/301
|
|-status|p2a: Gothitelle|tox|[from] item: Toxic Orb
|turn|12
|
|switch|p2a: Pinsir|Pinsir, F|271\/271
|move|p1a: Gliscor|Earthquake|p2a: Pinsir
|-resisted|p2a: Pinsir
|-damage|p2a: Pinsir|214\/271
|
|turn|13
|
|switch|p1a: Skarmory|Skarmory, F|334\/334
|detailschange|p2a: Pinsir|Pinsir-Mega, F
|message|Pinsir has Mega Evolved into Mega Pinsir!
|move|p2a: Pinsir|Close Combat|p1a: Skarmory
|-damage|p1a: Skarmory|237\/334
|-unboost|p2a: Pinsir|def|1
|-unboost|p2a: Pinsir|spd|1
|
|turn|14
|
|switch|p2a: Magneton|Magneton|241\/241
|move|p1a: Skarmory|Spikes|p2a: Magneton
|-sidestart|p2: belgrade|Spikes
|
|turn|15
|
|switch|p1a: Chansey|Chansey, F|704\/704
|move|p2a: Magneton|Hidden Power|p1a: Chansey
|-damage|p1a: Chansey|656\/704
|
|turn|16
|
|switch|p2a: Dugtrio|Dugtrio, F|211\/211
|-damage|p2a: Dugtrio|185\/211|[from] Spikes
|switch|p1a: Tyranitar|Tyranitar, F|342\/342
|-weather|Sandstorm
|
|-weather|Sandstorm|[upkeep]
|turn|17
|
|move|p2a: Dugtrio|Earthquake|p1a: Tyranitar
|-supereffective|p1a: Tyranitar
|-damage|p1a: Tyranitar|118\/342
|move|p1a: Tyranitar|Crunch|p2a: Dugtrio
|-damage|p2a: Dugtrio|0 fnt
|faint|p2a: Dugtrio
|
|-weather|Sandstorm|[upkeep]
|
|switch|p2a: Magneton|Magneton|241\/241
|-damage|p2a: Magneton|211\/241|[from] Spikes
|turn|18
|
|switch|p1a: Quagsire|Quagsire, M|394\/394
|move|p2a: Magneton|Flash Cannon|p1a: Quagsire
|-resisted|p1a: Quagsire
|-damage|p1a: Quagsire|297\/394
|
|-weather|Sandstorm|[upkeep]
|-heal|p1a: Quagsire|321\/394|[from] item: Leftovers
|turn|19
|
|switch|p2a: Gothitelle|Gothitelle, F|181\/301 tox
|-damage|p2a: Gothitelle|144\/301 tox|[from] Spikes
|switch|p1a: Chansey|Chansey, F|656\/704
|
|-weather|Sandstorm|[upkeep]
|-damage|p2a: Gothitelle|126\/301 tox|[from] sandstorm
|-damage|p1a: Chansey|612\/704|[from] sandstorm
|-damage|p2a: Gothitelle|108\/301 tox|[from] psn
|turn|20
|
|move|p2a: Gothitelle|Rest|p2a: Gothitelle
|-status|p2a: Gothitelle|slp
|-heal|p2a: Gothitelle|301\/301 slp|[silent]
|-status|p2a: Gothitelle|slp|[from] move: Rest
|move|p1a: Chansey|Stealth Rock|p2a: Gothitelle
|-sidestart|p2: belgrade|move: Stealth Rock
|
|-weather|none
|turn|21
|
|cant|p2a: Gothitelle|slp
|move|p1a: Chansey|Seismic Toss|p2a: Gothitelle
|-damage|p2a: Gothitelle|201\/301 slp
|
|turn|22
|
|cant|p2a: Gothitelle|slp
|move|p1a: Chansey|Seismic Toss|p2a: Gothitelle
|-damage|p2a: Gothitelle|101\/301 slp
|
|turn|23
|
|-curestatus|p2a: Gothitelle|slp
|move|p2a: Gothitelle|Trick|p1a: Chansey
|-activate|p2a: Gothitelle|move: Trick|[of] p1a: Chansey
|-item|p1a: Chansey|Toxic Orb|[from] move: Trick
|-item|p2a: Gothitelle|Eviolite|[from] move: Trick
|move|p1a: Chansey|Seismic Toss|p2a: Gothitelle
|-damage|p2a: Gothitelle|1\/301
|
|-status|p1a: Chansey|tox|[from] item: Toxic Orb
|turn|24
|
|move|p2a: Gothitelle|Rest|p2a: Gothitelle
|-status|p2a: Gothitelle|slp
|-heal|p2a: Gothitelle|301\/301 slp|[silent]
|-status|p2a: Gothitelle|slp|[from] move: Rest
|move|p1a: Chansey|Seismic Toss|p2a: Gothitelle
|-damage|p2a: Gothitelle|201\/301 slp
|
|-damage|p1a: Chansey|568\/704 tox|[from] psn
|turn|25
|
|cant|p2a: Gothitelle|slp
|move|p1a: Chansey|Seismic Toss|p2a: Gothitelle
|-damage|p2a: Gothitelle|101\/301 slp
|
|-damage|p1a: Chansey|480\/704 tox|[from] psn
|turn|26
|
|cant|p2a: Gothitelle|slp
|move|p1a: Chansey|Seismic Toss|p2a: Gothitelle
|-damage|p2a: Gothitelle|1\/301 slp
|
|-damage|p1a: Chansey|348\/704 tox|[from] psn
|turn|27
|
|-curestatus|p2a: Gothitelle|slp
|move|p2a: Gothitelle|Rest|p2a: Gothitelle
|-status|p2a: Gothitelle|slp
|-heal|p2a: Gothitelle|301\/301 slp|[silent]
|-status|p2a: Gothitelle|slp|[from] move: Rest
|move|p1a: Chansey|Seismic Toss|p2a: Gothitelle
|-damage|p2a: Gothitelle|201\/301 slp
|
|-damage|p1a: Chansey|172\/704 tox|[from] psn
|turn|28
|
|cant|p2a: Gothitelle|slp
|move|p1a: Chansey|Seismic Toss|p2a: Gothitelle
|-damage|p2a: Gothitelle|101\/301 slp
|
|-damage|p1a: Chansey|0 fnt|[from] psn
|faint|p1a: Chansey
|
|switch|p1a: Tyranitar|Tyranitar, F|118\/342
|-weather|Sandstorm
|turn|29
|
|move|p1a: Tyranitar|Crunch|p2a: Gothitelle
|-crit|p2a: Gothitelle
|-supereffective|p2a: Gothitelle
|-damage|p2a: Gothitelle|0 fnt
|faint|p2a: Gothitelle
|
|-weather|Sandstorm|[upkeep]
|
|switch|p2a: Pinsir|Pinsir-Mega, F|214\/271
|-damage|p2a: Pinsir|79\/271|[from] Stealth Rock
|turn|30
|
|move|p1a: Tyranitar|Crunch|p2a: Pinsir
|-damage|p2a: Pinsir|0 fnt
|faint|p2a: Pinsir
|
|-weather|Sandstorm|[upkeep]
|-message|belgrade forfeited.
|
|win|hardpuzzle
|raw|Ladder updating...
|leave|belgrade
|player|p2
|raw|hardpuzzle's rating: 1813 &rarr; <strong>1829<\/strong><br \/>(+16 for winning)
|raw|belgrade's rating: 1745 &rarr; <strong>1729<\/strong><br \/>(-16 for losing)