|join|wish killer
|join|belgrade
|player|p1|wish killer|68
|player|p2|belgrade|214
|gametype|singles
|gen|6
|tier|OU
|rated
|clearpoke
|poke|p1|Bisharp, F
|poke|p1|Venusaur, M
|poke|p1|Heatran, F
|poke|p1|Keldeo
|poke|p1|Chansey, F
|poke|p1|Skarmory, M
|poke|p2|Keldeo
|poke|p2|Landorus, M
|poke|p2|Metagross
|poke|p2|Ferrothorn, M
|poke|p2|Latias, F
|poke|p2|Heatran, M
|rule|Swagger Clause: Swagger is banned
|rule|Baton Pass Clause: Limit one PokÃ©mon knowing Baton Pass
|rule|Sleep Clause Mod: Limit one foe put to sleep
|rule|Species Clause: Limit one of each PokÃ©mon
|rule|OHKO Clause: OHKO moves are banned
|rule|Moody Clause: Moody is banned
|rule|Evasion Moves Clause: Evasion moves are banned
|rule|Endless Battle Clause: Forcing endless battles is banned
|rule|HP Percentage Mod: HP is shown in percentages
|teampreview
|join|Zenzoh
|
|start
|switch|p1a: Nice try hacker|Keldeo|323\/323
|switch|p2a: Heatran|Heatran, M|385\/385
|turn|1
|
|move|p1a: Nice try hacker|Scald|p2a: Heatran
|-crit|p2a: Heatran
|-supereffective|p2a: Heatran
|-damage|p2a: Heatran|13\/385
|move|p2a: Heatran|Toxic|p1a: Nice try hacker
|-status|p1a: Nice try hacker|tox
|
|-heal|p2a: Heatran|37\/385|[from] item: Leftovers
|-damage|p1a: Nice try hacker|303\/323 tox|[from] psn
|turn|2
|
|move|p2a: Heatran|Protect|p2a: Heatran
|-singleturn|p2a: Heatran|Protect
|move|p1a: Nice try hacker|Secret Sword|p2a: Heatran
|-activate|p2a: Heatran|Protect
|
|-heal|p1a: Nice try hacker|323\/323 tox|[from] item: Leftovers
|-heal|p2a: Heatran|61\/385|[from] item: Leftovers
|-damage|p1a: Nice try hacker|283\/323 tox|[from] psn
|turn|3
|
|switch|p2a: Latias|Latias, F|301\/301
|move|p1a: Nice try hacker|Scald|p2a: Latias
|-resisted|p2a: Latias
|-damage|p2a: Latias|241\/301
|-status|p2a: Latias|brn
|
|-heal|p1a: Nice try hacker|303\/323 tox|[from] item: Leftovers
|-damage|p2a: Latias|204\/301 brn|[from] brn
|-damage|p1a: Nice try hacker|243\/323 tox|[from] psn
|turn|4
|
|switch|p2a: Heatran|Heatran, M|61\/385
|switch|p1a: Nice try hacker|Chansey, F|684\/684
|
|-heal|p2a: Heatran|85\/385|[from] item: Leftovers
|turn|5
|
|move|p2a: Heatran|Protect|p2a: Heatran
|-singleturn|p2a: Heatran|Protect
|move|p1a: Nice try hacker|Aromatherapy|p1a: Nice try hacker
|-cureteam|p1a: Nice try hacker|[from] move: Aromatherapy
|
|-heal|p2a: Heatran|109\/385|[from] item: Leftovers
|turn|6
|
|switch|p1a: Nice try hacker|Heatran, F|340\/340
|-item|p1a: Nice try hacker|Air Balloon
|move|p2a: Heatran|Stealth Rock|p1a: Nice try hacker
|-sidestart|p1: wish killer|move: Stealth Rock
|
|-heal|p2a: Heatran|133\/385|[from] item: Leftovers
|turn|7
|
|switch|p2a: Keldeo|Keldeo|323\/323
|move|p1a: Nice try hacker|Stealth Rock|p2a: Keldeo
|-sidestart|p2: belgrade|move: Stealth Rock
|
|turn|8
|
|switch|p1a: Nice try hacker|Venusaur, M|364\/364
|-damage|p1a: Nice try hacker|319\/364|[from] Stealth Rock
|move|p2a: Keldeo|Scald|p1a: Nice try hacker
|-resisted|p1a: Nice try hacker
|-damage|p1a: Nice try hacker|247\/364
|
|turn|9
|
|detailschange|p1a: Nice try hacker|Venusaur-Mega, M
|-mega|p1a: Nice try hacker|Venusaur|Venusaurite
|move|p2a: Keldeo|Scald|p1a: Nice try hacker
|-resisted|p1a: Nice try hacker
|-damage|p1a: Nice try hacker|181\/364
|move|p1a: Nice try hacker|Giga Drain|p2a: Keldeo
|-supereffective|p2a: Keldeo
|-damage|p2a: Keldeo|101\/323
|-heal|p1a: Nice try hacker|292\/364|[from] drain|[of] p2a: Keldeo
|
|-heal|p2a: Keldeo|121\/323|[from] item: Leftovers
|turn|10
|
|move|p2a: Keldeo|Scald|p1a: Nice try hacker
|-resisted|p1a: Nice try hacker
|-damage|p1a: Nice try hacker|226\/364
|move|p1a: Nice try hacker|Leech Seed|p2a: Keldeo|[miss]
|-miss|p1a: Nice try hacker|p2a: Keldeo
|
|-heal|p2a: Keldeo|141\/323|[from] item: Leftovers
|turn|11
|
|switch|p2a: Heatran|Heatran, M|133\/385
|-damage|p2a: Heatran|85\/385|[from] Stealth Rock
|move|p1a: Nice try hacker|Synthesis|p1a: Nice try hacker
|-heal|p1a: Nice try hacker|364\/364
|
|-heal|p2a: Heatran|109\/385|[from] item: Leftovers
|turn|12
|
|move|p2a: Heatran|Lava Plume|p1a: Nice try hacker
|-supereffective|p1a: Nice try hacker
|-damage|p1a: Nice try hacker|254\/364
|-status|p1a: Nice try hacker|brn
|move|p1a: Nice try hacker|Leech Seed|p2a: Heatran|[miss]
|-miss|p1a: Nice try hacker|p2a: Heatran
|
|-heal|p2a: Heatran|133\/385|[from] item: Leftovers
|-damage|p1a: Nice try hacker|209\/364 brn|[from] brn
|turn|13
|
|move|p2a: Heatran|Lava Plume|p1a: Nice try hacker
|-supereffective|p1a: Nice try hacker
|-damage|p1a: Nice try hacker|99\/364 brn
|move|p1a: Nice try hacker|Synthesis|p1a: Nice try hacker
|-heal|p1a: Nice try hacker|281\/364 brn
|
|-heal|p2a: Heatran|157\/385|[from] item: Leftovers
|-damage|p1a: Nice try hacker|236\/364 brn|[from] brn
|turn|14
|
|switch|p1a: Nice try hacker|Keldeo|243\/323
|-damage|p1a: Nice try hacker|223\/323|[from] Stealth Rock
|move|p2a: Heatran|Lava Plume|p1a: Nice try hacker
|-resisted|p1a: Nice try hacker
|-damage|p1a: Nice try hacker|154\/323
|
|-heal|p1a: Nice try hacker|174\/323|[from] item: Leftovers
|-heal|p2a: Heatran|181\/385|[from] item: Leftovers
|turn|15
|
|switch|p2a: Latias|Latias, F|204\/301 brn
|-damage|p2a: Latias|167\/301 brn|[from] Stealth Rock
|move|p1a: Nice try hacker|Icy Wind|p2a: Latias
|-supereffective|p2a: Latias
|-damage|p2a: Latias|65\/301 brn
|-unboost|p2a: Latias|spe|1
|
|-heal|p1a: Nice try hacker|194\/323|[from] item: Leftovers
|-damage|p2a: Latias|28\/301 brn|[from] brn
|turn|16
|
|move|p1a: Nice try hacker|Secret Sword|p2a: Latias
|-resisted|p2a: Latias
|-damage|p2a: Latias|0 fnt
|faint|p2a: Latias
|
|-heal|p1a: Nice try hacker|214\/323|[from] item: Leftovers
|
|switch|p2a: Metagross|Metagross|301\/301
|-damage|p2a: Metagross|283\/301|[from] Stealth Rock
|turn|17
|
|switch|p1a: Nice try hacker|Skarmory, M|334\/334
|-damage|p1a: Nice try hacker|293\/334|[from] Stealth Rock
|detailschange|p2a: Metagross|Metagross-Mega
|-mega|p2a: Metagross|Metagross|Metagrossite
|move|p2a: Metagross|Thunder Punch|p1a: Nice try hacker
|-supereffective|p1a: Nice try hacker
|-damage|p1a: Nice try hacker|127\/334
|-damage|p2a: Metagross|233\/301|[from] item: Rocky Helmet|[of] p1a: Nice try hacker
|-status|p1a: Nice try hacker|par
|
|turn|18
|
|move|p2a: Metagross|Thunder Punch|p1a: Nice try hacker
|-supereffective|p1a: Nice try hacker
|-damage|p1a: Nice try hacker|0 fnt
|-damage|p2a: Metagross|183\/301|[from] item: Rocky Helmet|[of] p1a: Nice try hacker
|faint|p1a: Nice try hacker
|
|
|switch|p1a: Nice try hacker|Chansey, F|684\/684
|-damage|p1a: Nice try hacker|599\/684|[from] Stealth Rock
|turn|19
|
|switch|p2a: Ferrothorn|Ferrothorn, M|351\/351
|-damage|p2a: Ferrothorn|330\/351|[from] Stealth Rock
|move|p1a: Nice try hacker|Aromatherapy|p1a: Nice try hacker
|-cureteam|p1a: Nice try hacker|[from] move: Aromatherapy
|
|-heal|p2a: Ferrothorn|351\/351|[from] item: Leftovers
|turn|20
|
|switch|p1a: Nice try hacker|Bisharp, F|334\/334
|-damage|p1a: Nice try hacker|314\/334|[from] Stealth Rock
|move|p2a: Ferrothorn|Spikes|p1a: Nice try hacker
|-sidestart|p1: wish killer|Spikes
|
|-heal|p1a: Nice try hacker|334\/334|[from] item: Leftovers
|turn|21
|
|switch|p2a: Keldeo|Keldeo|141\/323
|-damage|p2a: Keldeo|121\/323|[from] Stealth Rock
|move|p1a: Nice try hacker|Swords Dance|p1a: Nice try hacker
|-boost|p1a: Nice try hacker|atk|2
|
|-heal|p2a: Keldeo|141\/323|[from] item: Leftovers
|turn|22
|
|move|p1a: Nice try hacker|Sucker Punch|p2a: Keldeo
|-resisted|p2a: Keldeo
|-damage|p2a: Keldeo|0 fnt
|faint|p2a: Keldeo
|
|
|switch|p2a: Landorus|Landorus, M|337\/337
|-damage|p2a: Landorus|295\/337|[from] Stealth Rock
|turn|23
|
|move|p1a: Nice try hacker|Sucker Punch|p2a: Landorus
|-damage|p2a: Landorus|0 fnt
|faint|p2a: Landorus
|
|
|switch|p2a: Ferrothorn|Ferrothorn, M|351\/351
|-damage|p2a: Ferrothorn|330\/351|[from] Stealth Rock
|turn|24
|
|move|p1a: Nice try hacker|Knock Off|p2a: Ferrothorn
|-damage|p2a: Ferrothorn|114\/351
|-damage|p1a: Nice try hacker|293\/334|[from] ability: Iron Barbs|[of] p2a: Ferrothorn
|-enditem|p2a: Ferrothorn|Leftovers|[from] move: Knock Off|[of] p1a: Nice try hacker
|move|p2a: Ferrothorn|Thunder Wave|p1a: Nice try hacker
|-status|p1a: Nice try hacker|par
|
|-heal|p1a: Nice try hacker|313\/334 par|[from] item: Leftovers
|turn|25
|
|move|p2a: Ferrothorn|Leech Seed|p1a: Nice try hacker
|-start|p1a: Nice try hacker|move: Leech Seed
|move|p1a: Nice try hacker|Swords Dance|p1a: Nice try hacker
|-boost|p1a: Nice try hacker|atk|2
|
|-heal|p1a: Nice try hacker|333\/334 par|[from] item: Leftovers
|-damage|p1a: Nice try hacker|292\/334 par|[from] Leech Seed|[of] p2a: Ferrothorn
|-heal|p2a: Ferrothorn|155\/351|[silent]
|turn|26
|join|misc all day
|
|move|p2a: Ferrothorn|Spikes|p1a: Nice try hacker
|-sidestart|p1: wish killer|Spikes
|cant|p1a: Nice try hacker|par
|
|-heal|p1a: Nice try hacker|312\/334 par|[from] item: Leftovers
|-damage|p1a: Nice try hacker|271\/334 par|[from] Leech Seed|[of] p2a: Ferrothorn
|-heal|p2a: Ferrothorn|196\/351|[silent]
|turn|27
|
|move|p2a: Ferrothorn|Spikes|p1a: Nice try hacker
|-sidestart|p1: wish killer|Spikes
|move|p1a: Nice try hacker|Knock Off|p2a: Ferrothorn
|-damage|p2a: Ferrothorn|0 fnt
|-damage|p1a: Nice try hacker|230\/334 par|[from] ability: Iron Barbs|[of] p2a: Ferrothorn
|faint|p2a: Ferrothorn
|
|-heal|p1a: Nice try hacker|250\/334 par|[from] item: Leftovers
|
|switch|p2a: Heatran|Heatran, M|181\/385
|-damage|p2a: Heatran|133\/385|[from] Stealth Rock
|turn|28
|
|switch|p1a: Nice try hacker|Chansey, F|599\/684
|-damage|p1a: Nice try hacker|514\/684|[from] Stealth Rock
|-damage|p1a: Nice try hacker|343\/684|[from] Spikes
|move|p2a: Heatran|Lava Plume|p1a: Nice try hacker
|-damage|p1a: Nice try hacker|270\/684
|
|-heal|p2a: Heatran|157\/385|[from] item: Leftovers
|turn|29
|
|move|p2a: Heatran|Lava Plume|p1a: Nice try hacker
|-damage|p1a: Nice try hacker|198\/684
|move|p1a: Nice try hacker|Thunder Wave|p2a: Heatran
|-status|p2a: Heatran|par
|
|-heal|p2a: Heatran|181\/385 par|[from] item: Leftovers
|turn|30
|
|switch|p2a: Metagross|Metagross-Mega|183\/301
|-damage|p2a: Metagross|165\/301|[from] Stealth Rock
|move|p1a: Nice try hacker|Soft-Boiled|p1a: Nice try hacker
|-heal|p1a: Nice try hacker|540\/684
|
|turn|31
|leave|Zenzoh
|
|move|p2a: Metagross|Meteor Mash|p1a: Nice try hacker
|-damage|p1a: Nice try hacker|212\/684
|move|p1a: Nice try hacker|Thunder Wave|p2a: Metagross
|-status|p2a: Metagross|par
|
|turn|32
|join|Zenzoh
|c|âbelgrade|ur so gai <3
|
|move|p1a: Nice try hacker|Aromatherapy|p1a: Nice try hacker
|-cureteam|p1a: Nice try hacker|[from] move: Aromatherapy
|move|p2a: Metagross|Meteor Mash|p1a: Nice try hacker
|-damage|p1a: Nice try hacker|0 fnt
|faint|p1a: Nice try hacker
|
|
|switch|p1a: Nice try hacker|Bisharp, F|250\/334
|-damage|p1a: Nice try hacker|230\/334|[from] Stealth Rock
|-damage|p1a: Nice try hacker|147\/334|[from] Spikes
|turn|33
|
|move|p1a: Nice try hacker|Knock Off|p2a: Metagross
|-supereffective|p2a: Metagross
|-damage|p2a: Metagross|0 fnt
|faint|p2a: Metagross
|
|-heal|p1a: Nice try hacker|167\/334|[from] item: Leftovers
|
|switch|p2a: Heatran|Heatran, M|181\/385 par
|-damage|p2a: Heatran|133\/385 par|[from] Stealth Rock
|turn|34
|c|âwish killer|you need more scout loser
|c| Zenzoh|lol
|
|move|p1a: Nice try hacker|Knock Off|p2a: Heatran
|-damage|p2a: Heatran|0 fnt
|-enditem|p2a: Heatran|Leftovers|[from] move: Knock Off|[of] p1a: Nice try hacker
|faint|p2a: Heatran
|
|win|wish killer
|raw|Ladder updating...
|raw|wish killer's rating: 1777 &rarr; <strong>1784<\/strong><br \/>(+7 for winning)
|raw|belgrade's rating: 1518 &rarr; <strong>1510<\/strong><br \/>(-8 for losing)
|c|âbelgrade|lol
|leave|belgrade