|join|belgrade
|join|Galladanite
|player|p1|belgrade|214
|player|p2|Galladanite|290
|gametype|singles
|gen|6
|tier|OU (suspect test)
|rated
|clearpoke
|poke|p1|Kyurem-Black
|poke|p1|Lopunny, M
|poke|p1|Azumarill, F
|poke|p1|Jirachi
|poke|p1|Latios, M
|poke|p1|Landorus, M
|poke|p2|Manectric, M
|poke|p2|Landorus-Therian, M
|poke|p2|Talonflame, M
|poke|p2|Mandibuzz, F
|poke|p2|Jirachi
|poke|p2|Keldeo
|rule|Swagger Clause: Swagger is banned
|rule|Baton Pass Clause: Limit one PokÃ©mon knowing Baton Pass
|rule|Sleep Clause Mod: Limit one foe put to sleep
|rule|Species Clause: Limit one of each PokÃ©mon
|rule|OHKO Clause: OHKO moves are banned
|rule|Moody Clause: Moody is banned
|rule|Evasion Moves Clause: Evasion moves are banned
|rule|Endless Battle Clause: Forcing endless battles is banned
|rule|HP Percentage Mod: HP is shown in percentages
|teampreview
|
|start
|switch|p1a: Lopunny|Lopunny, M|271\/271
|switch|p2a: Landorus-Therian|Landorus-Therian, M|319\/319
|-ability|p2a: Landorus-Therian|Intimidate|[of] p1a: Lopunny
|-unboost|p1a: Lopunny|atk|1
|turn|1
|
|detailschange|p1a: Lopunny|Lopunny-Mega, M
|-mega|p1a: Lopunny|Lopunny|Lopunnite
|move|p1a: Lopunny|Fake Out|p2a: Landorus-Therian
|-damage|p2a: Landorus-Therian|264\/319
|cant|p2a: Landorus-Therian|flinch
|
|turn|2
|
|switch|p1a: Landorus|Landorus, M|319\/319
|move|p2a: Landorus-Therian|U-turn|p1a: Landorus
|-resisted|p1a: Landorus
|-damage|p1a: Landorus|272\/319
|
|switch|p2a: Keldeo|Keldeo|323\/323
|
|turn|3
|
|switch|p1a: Azumarill|Azumarill, F|403\/403
|move|p2a: Keldeo|Icy Wind|p1a: Azumarill
|-resisted|p1a: Azumarill
|-damage|p1a: Azumarill|390\/403
|-unboost|p1a: Azumarill|spe|1
|
|turn|4
|
|switch|p2a: Jirachi|Jirachi|404\/404
|move|p1a: Azumarill|Knock Off|p2a: Jirachi
|-supereffective|p2a: Jirachi
|-damage|p2a: Jirachi|278\/404
|-enditem|p2a: Jirachi|Leftovers|[from] move: Knock Off|[of] p1a: Azumarill
|
|turn|5
|
|switch|p1a: Jirachi|Jirachi|403\/403
|move|p2a: Jirachi|Stealth Rock|p1a: Jirachi
|-sidestart|p1: belgrade|move: Stealth Rock
|
|turn|6
|
|switch|p2a: Manectric|Manectric, M|281\/281
|move|p1a: Jirachi|Substitute|p1a: Jirachi
|-start|p1a: Jirachi|Substitute
|-damage|p1a: Jirachi|303\/403
|
|-heal|p1a: Jirachi|328\/403|[from] item: Leftovers
|turn|7
|
|detailschange|p2a: Manectric|Manectric-Mega, M
|-mega|p2a: Manectric|Manectric|Manectite
|-activate|p1a: Jirachi|Substitute|ability: Intimidate|[of] p2a: Manectric
|move|p2a: Manectric|Volt Switch|p1a: Jirachi
|-activate|p1a: Jirachi|Substitute|[damage]
|
|switch|p2a: Mandibuzz|Mandibuzz, F|423\/423
|move|p1a: Jirachi|Toxic|p2a: Mandibuzz
|-status|p2a: Mandibuzz|tox
|
|-heal|p1a: Jirachi|353\/403|[from] item: Leftovers
|-damage|p2a: Mandibuzz|397\/423 tox|[from] psn
|turn|8
|
|move|p1a: Jirachi|Iron Head|p2a: Mandibuzz
|-damage|p2a: Mandibuzz|327\/423 tox
|-damage|p1a: Jirachi|286\/403|[from] item: Rocky Helmet|[of] p2a: Mandibuzz
|cant|p2a: Mandibuzz|flinch
|
|-heal|p1a: Jirachi|311\/403|[from] item: Leftovers
|-damage|p2a: Mandibuzz|275\/423 tox|[from] psn
|turn|9
|
|switch|p1a: Azumarill|Azumarill, F|390\/403
|-damage|p1a: Azumarill|340\/403|[from] Stealth Rock
|move|p2a: Mandibuzz|Roost|p2a: Mandibuzz
|-heal|p2a: Mandibuzz|423\/423 tox
|
|-damage|p2a: Mandibuzz|345\/423 tox|[from] psn
|turn|10
|
|switch|p2a: Jirachi|Jirachi|278\/404
|move|p1a: Azumarill|Knock Off|p2a: Jirachi
|-supereffective|p2a: Jirachi
|-damage|p2a: Jirachi|182\/404
|
|turn|11
|
|move|p2a: Jirachi|Drain Punch|p1a: Azumarill
|-resisted|p1a: Azumarill
|-damage|p1a: Azumarill|305\/403
|-heal|p2a: Jirachi|200\/404|[from] drain|[of] p1a: Azumarill
|move|p1a: Azumarill|Knock Off|p2a: Jirachi
|-supereffective|p2a: Jirachi
|-damage|p2a: Jirachi|106\/404
|
|turn|12
|
|move|p2a: Jirachi|Wish|p2a: Jirachi
|move|p1a: Azumarill|Knock Off|p2a: Jirachi
|-supereffective|p2a: Jirachi
|-damage|p2a: Jirachi|20\/404
|
|turn|13
|
|move|p1a: Azumarill|Aqua Jet|p2a: Jirachi
|-crit|p2a: Jirachi
|-damage|p2a: Jirachi|0 fnt
|faint|p2a: Jirachi
|
|
|switch|p2a: Manectric|Manectric-Mega, M|281\/281
|-ability|p2a: Manectric|Intimidate|[of] p1a: Azumarill
|-unboost|p1a: Azumarill|atk|1
|turn|14
|
|move|p1a: Azumarill|Aqua Jet|p2a: Manectric
|-damage|p2a: Manectric|248\/281
|move|p2a: Manectric|Hidden Power|p1a: Azumarill
|-resisted|p1a: Azumarill
|-damage|p1a: Azumarill|290\/403
|
|turn|15
|
|move|p1a: Azumarill|Aqua Jet|p2a: Manectric
|-damage|p2a: Manectric|214\/281
|move|p2a: Manectric|Thunderbolt|p1a: Azumarill
|-supereffective|p1a: Azumarill
|-damage|p1a: Azumarill|36\/403
|
|turn|16
|
|move|p1a: Azumarill|Aqua Jet|p2a: Manectric
|-damage|p2a: Manectric|178\/281
|move|p2a: Manectric|Volt Switch|p1a: Azumarill
|-supereffective|p1a: Azumarill
|-damage|p1a: Azumarill|0 fnt
|faint|p1a: Azumarill
|
|switch|p2a: Keldeo|Keldeo|323\/323
|
|
|switch|p1a: Latios|Latios, M|301\/301
|-damage|p1a: Latios|264\/301|[from] Stealth Rock
|turn|17
|
|switch|p2a: Mandibuzz|Mandibuzz, F|345\/423 tox
|move|p1a: Latios|Psyshock|p2a: Mandibuzz
|-immune|p2a: Mandibuzz|[msg]
|
|-damage|p2a: Mandibuzz|319\/423 tox|[from] psn
|turn|18
|
|move|p1a: Latios|Hidden Power|p2a: Mandibuzz
|-damage|p2a: Mandibuzz|232\/423 tox
|-damage|p1a: Latios|234\/301|[from] item: Life Orb
|move|p2a: Mandibuzz|Foul Play|p1a: Latios
|-supereffective|p1a: Latios
|-damage|p1a: Latios|22\/301
|
|-damage|p2a: Mandibuzz|180\/423 tox|[from] psn
|turn|19
|
|move|p1a: Latios|Defog|p2a: Mandibuzz
|-unboost|p2a: Mandibuzz|evasion|1
|-sideend|p1: belgrade|Stealth Rock|[from] move: Defog|[of] p1a: Latios
|move|p2a: Mandibuzz|Roost|p2a: Mandibuzz
|-heal|p2a: Mandibuzz|392\/423 tox
|
|-damage|p2a: Mandibuzz|314\/423 tox|[from] psn
|turn|20
|
|switch|p1a: Landorus|Landorus, M|272\/319
|move|p2a: Mandibuzz|Foul Play|p1a: Landorus
|-damage|p1a: Landorus|145\/319
|
|-damage|p2a: Mandibuzz|210\/423 tox|[from] psn
|turn|21
|
|switch|p2a: Keldeo|Keldeo|323\/323
|move|p1a: Landorus|Stealth Rock|p2a: Keldeo
|-sidestart|p2: Galladanite|move: Stealth Rock
|
|turn|22
|
|move|p2a: Keldeo|Icy Wind|p1a: Landorus
|-supereffective|p1a: Landorus
|-damage|p1a: Landorus|0 fnt
|faint|p1a: Landorus
|
|
|switch|p1a: Latios|Latios, M|22\/301
|turn|23
|
|move|p1a: Latios|Psyshock|p2a: Keldeo
|-supereffective|p2a: Keldeo
|-damage|p2a: Keldeo|0 fnt
|-damage|p1a: Latios|0 fnt|[from] item: Life Orb
|faint|p2a: Keldeo
|faint|p1a: Latios
|
|
|switch|p1a: Kyurem-Black|Kyurem-Black|391\/391
|switch|p2a: Mandibuzz|Mandibuzz, F|210\/423 tox
|-ability|p1a: Kyurem-Black|Teravolt
|-damage|p2a: Mandibuzz|105\/423 tox|[from] Stealth Rock
|turn|24
|
|move|p1a: Kyurem-Black|Ice Beam|p2a: Mandibuzz
|-supereffective|p2a: Mandibuzz
|-damage|p2a: Mandibuzz|0 fnt
|-damage|p1a: Kyurem-Black|352\/391|[from] item: Life Orb
|faint|p2a: Mandibuzz
|
|
|switch|p2a: Landorus-Therian|Landorus-Therian, M|264\/319
|-damage|p2a: Landorus-Therian|225\/319|[from] Stealth Rock
|-ability|p2a: Landorus-Therian|Intimidate|[of] p1a: Kyurem-Black
|-unboost|p1a: Kyurem-Black|atk|1
|turn|25
|
|switch|p1a: Jirachi|Jirachi|311\/403
|move|p2a: Landorus-Therian|U-turn|p1a: Jirachi
|-damage|p1a: Jirachi|226\/403
|
|switch|p2a: Manectric|Manectric-Mega, M|178\/281
|-damage|p2a: Manectric|143\/281|[from] Stealth Rock
|-ability|p2a: Manectric|Intimidate|[of] p1a: Jirachi
|-unboost|p1a: Jirachi|atk|1
|
|-heal|p1a: Jirachi|251\/403|[from] item: Leftovers
|turn|26
|
|move|p2a: Manectric|Thunderbolt|p1a: Jirachi
|-damage|p1a: Jirachi|137\/403
|move|p1a: Jirachi|Toxic|p2a: Manectric
|-status|p2a: Manectric|tox
|
|-heal|p1a: Jirachi|162\/403|[from] item: Leftovers
|-damage|p2a: Manectric|126\/281 tox|[from] psn
|turn|27
|
|move|p2a: Manectric|Overheat|p1a: Jirachi
|-supereffective|p1a: Jirachi
|-damage|p1a: Jirachi|0 fnt
|-unboost|p2a: Manectric|spa|2
|faint|p1a: Jirachi
|
|-damage|p2a: Manectric|92\/281 tox|[from] psn
|
|switch|p1a: Kyurem-Black|Kyurem-Black|352\/391
|-ability|p1a: Kyurem-Black|Teravolt
|turn|28
|
|move|p2a: Manectric|Overheat|p1a: Kyurem-Black
|-damage|p1a: Kyurem-Black|264\/391
|-unboost|p2a: Manectric|spa|2
|move|p1a: Kyurem-Black|Ice Beam|p2a: Manectric
|-damage|p2a: Manectric|0 fnt
|-damage|p1a: Kyurem-Black|225\/391|[from] item: Life Orb
|faint|p2a: Manectric
|
|
|switch|p2a: Landorus-Therian|Landorus-Therian, M|225\/319
|-damage|p2a: Landorus-Therian|186\/319|[from] Stealth Rock
|-ability|p2a: Landorus-Therian|Intimidate|[of] p1a: Kyurem-Black
|-unboost|p1a: Kyurem-Black|atk|1
|turn|29
|
|move|p2a: Landorus-Therian|Earthquake|p1a: Kyurem-Black
|-damage|p1a: Kyurem-Black|18\/391
|move|p1a: Kyurem-Black|Ice Beam|p2a: Landorus-Therian
|-supereffective|p2a: Landorus-Therian
|-damage|p2a: Landorus-Therian|0 fnt
|-damage|p1a: Kyurem-Black|0 fnt|[from] item: Life Orb
|faint|p2a: Landorus-Therian
|faint|p1a: Kyurem-Black
|
|
|switch|p1a: Lopunny|Lopunny-Mega, M|271\/271
|switch|p2a: Talonflame|Talonflame, M|298\/298
|-damage|p2a: Talonflame|149\/298|[from] Stealth Rock
|turn|30
|
|move|p1a: Lopunny|Fake Out|p2a: Talonflame
|-damage|p2a: Talonflame|50\/298
|cant|p2a: Talonflame|flinch
|
|turn|31
|c|âGalladanite|gg
|
|move|p2a: Talonflame|Brave Bird|p1a: Lopunny
|-supereffective|p1a: Lopunny
|-damage|p1a: Lopunny|0 fnt
|-damage|p2a: Talonflame|0 fnt|[from] recoil|[of] p1a: Lopunny
|faint|p1a: Lopunny
|faint|p2a: Talonflame
|
|win|Galladanite
|raw|Ladder updating...
|raw|belgrade's rating: 1122 &rarr; <strong>1093<\/strong><br \/>(-29 for losing)
|raw|Galladanite's rating: 1059 &rarr; <strong>1096<\/strong><br \/>(+37 for winning)
|leave|belgrade
|player|p1