|join|belgrade
|join|iLOVEladdering
|player|p1|belgrade|214
|player|p2|iLOVEladdering|145
|gametype|singles
|gen|6
|tier|OU (suspect test)
|rated
|clearpoke
|poke|p1|Landorus-Therian, M
|poke|p1|Klefki, M
|poke|p1|Keldeo
|poke|p1|Raikou
|poke|p1|Latios, M
|poke|p1|Lopunny, F
|poke|p2|Tornadus-Therian, M
|poke|p2|Latias, F
|poke|p2|Metagross
|poke|p2|Keldeo
|poke|p2|Heatran, M
|poke|p2|Slowbro, M
|rule|Swagger Clause: Swagger is banned
|rule|Baton Pass Clause: Limit one PokÃ©mon knowing Baton Pass
|rule|Sleep Clause Mod: Limit one foe put to sleep
|rule|Species Clause: Limit one of each PokÃ©mon
|rule|OHKO Clause: OHKO moves are banned
|rule|Moody Clause: Moody is banned
|rule|Evasion Moves Clause: Evasion moves are banned
|rule|Endless Battle Clause: Forcing endless battles is banned
|rule|HP Percentage Mod: HP is shown in percentages
|teampreview
|join|savior doge 420
|
|start
|switch|p1a: Raikou|Raikou|321\/321
|switch|p2a: Heatran|Heatran, M|385\/385
|-ability|p1a: Raikou|Pressure
|turn|1
|
|move|p1a: Raikou|Volt Switch|p2a: Heatran
|-damage|p2a: Heatran|288\/385
|
|switch|p1a: Keldeo|Keldeo|323\/323
|move|p2a: Heatran|Stealth Rock|p1a: Keldeo
|-sidestart|p1: belgrade|move: Stealth Rock
|
|-heal|p2a: Heatran|312\/385|[from] item: Leftovers
|turn|2
|
|switch|p2a: Slowbro|Slowbro, M|394\/394
|move|p1a: Keldeo|Scald|p2a: Slowbro
|-crit|p2a: Slowbro
|-resisted|p2a: Slowbro
|-damage|p2a: Slowbro|196\/394
|-status|p2a: Slowbro|brn
|
|-heal|p2a: Slowbro|220\/394 brn|[from] item: Leftovers
|-damage|p2a: Slowbro|171\/394 brn|[from] brn
|turn|3
|
|move|p1a: Keldeo|Scald|p2a: Slowbro
|-resisted|p2a: Slowbro
|-damage|p2a: Slowbro|59\/394 brn
|move|p2a: Slowbro|Slack Off|p2a: Slowbro
|-heal|p2a: Slowbro|256\/394 brn
|
|-heal|p2a: Slowbro|280\/394 brn|[from] item: Leftovers
|-damage|p2a: Slowbro|231\/394 brn|[from] brn
|turn|4
|
|switch|p1a: Raikou|Raikou|321\/321
|-damage|p1a: Raikou|281\/321|[from] Stealth Rock
|-ability|p1a: Raikou|Pressure
|move|p2a: Slowbro|Thunder Wave|p1a: Raikou
|-fail|p1a: Raikou
|
|-heal|p2a: Slowbro|255\/394 brn|[from] item: Leftovers
|-damage|p2a: Slowbro|206\/394 brn|[from] brn
|turn|5
|
|switch|p2a: Heatran|Heatran, M|312\/385
|move|p1a: Raikou|Thunderbolt|p2a: Heatran
|-damage|p2a: Heatran|198\/385
|
|-heal|p2a: Heatran|222\/385|[from] item: Leftovers
|turn|6
|
|move|p1a: Raikou|Volt Switch|p2a: Heatran
|-damage|p2a: Heatran|135\/385
|
|switch|p1a: Keldeo|Keldeo|323\/323
|-damage|p1a: Keldeo|303\/323|[from] Stealth Rock
|move|p2a: Heatran|Toxic|p1a: Keldeo
|-status|p1a: Keldeo|tox
|
|-heal|p2a: Heatran|159\/385|[from] item: Leftovers
|-damage|p1a: Keldeo|283\/323 tox|[from] psn
|turn|7
|
|switch|p2a: Tornadus-Therian|Tornadus-Therian, M|331\/331
|move|p1a: Keldeo|Hydro Pump|p2a: Tornadus-Therian
|-damage|p2a: Tornadus-Therian|121\/331
|
|-damage|p1a: Keldeo|243\/323 tox|[from] psn
|turn|8
|
|switch|p1a: Klefki|Klefki, M|317\/317
|-damage|p1a: Klefki|298\/317|[from] Stealth Rock
|move|p2a: Tornadus-Therian|U-turn|p1a: Klefki
|-resisted|p1a: Klefki
|-damage|p1a: Klefki|288\/317
|
|switch|p2a: Heatran|Heatran, M|159\/385
|
|-heal|p2a: Heatran|183\/385|[from] item: Leftovers
|-heal|p1a: Klefki|307\/317|[from] item: Leftovers
|turn|9
|
|switch|p1a: Keldeo|Keldeo|243\/323 tox
|-damage|p1a: Keldeo|223\/323 tox|[from] Stealth Rock
|move|p2a: Heatran|Taunt|p1a: Keldeo
|-start|p1a: Keldeo|move: Taunt
|
|-heal|p2a: Heatran|207\/385|[from] item: Leftovers
|-damage|p1a: Keldeo|203\/323 tox|[from] psn
|turn|10
|
|switch|p2a: Slowbro|Slowbro, M|337\/394 brn
|move|p1a: Keldeo|Scald|p2a: Slowbro
|-resisted|p2a: Slowbro
|-damage|p2a: Slowbro|206\/394 brn
|
|-heal|p2a: Slowbro|230\/394 brn|[from] item: Leftovers
|-damage|p1a: Keldeo|163\/323 tox|[from] psn
|-damage|p2a: Slowbro|181\/394 brn|[from] brn
|turn|11
|
|switch|p1a: Raikou|Raikou|281\/321
|-damage|p1a: Raikou|241\/321|[from] Stealth Rock
|-ability|p1a: Raikou|Pressure
|move|p2a: Slowbro|Slack Off|p2a: Slowbro
|-heal|p2a: Slowbro|378\/394 brn
|
|-heal|p2a: Slowbro|394\/394 brn|[from] item: Leftovers
|-damage|p2a: Slowbro|345\/394 brn|[from] brn
|turn|12
|
|switch|p2a: Latias|Latias, F|319\/319
|move|p1a: Raikou|Thunderbolt|p2a: Latias
|-resisted|p2a: Latias
|-damage|p2a: Latias|263\/319
|
|turn|13
|
|move|p1a: Raikou|Volt Switch|p2a: Latias
|-resisted|p2a: Latias
|-damage|p2a: Latias|218\/319
|
|switch|p1a: Klefki|Klefki, M|307\/317
|-damage|p1a: Klefki|288\/317|[from] Stealth Rock
|move|p2a: Latias|Psyshock|p1a: Klefki
|-resisted|p1a: Klefki
|-damage|p1a: Klefki|220\/317
|-damage|p2a: Latias|187\/319|[from] item: Life Orb
|
|-heal|p1a: Klefki|239\/317|[from] item: Leftovers
|turn|14
|
|switch|p2a: Heatran|Heatran, M|207\/385
|move|p1a: Klefki|Thunder Wave|p2a: Heatran
|-status|p2a: Heatran|par
|
|-heal|p1a: Klefki|258\/317|[from] item: Leftovers
|-heal|p2a: Heatran|231\/385 par|[from] item: Leftovers
|turn|15
|
|switch|p1a: Keldeo|Keldeo|163\/323 tox
|-damage|p1a: Keldeo|143\/323 tox|[from] Stealth Rock
|move|p2a: Heatran|Lava Plume|p1a: Keldeo
|-resisted|p1a: Keldeo
|-damage|p1a: Keldeo|75\/323 tox
|
|-heal|p2a: Heatran|255\/385 par|[from] item: Leftovers
|-damage|p1a: Keldeo|55\/323 tox|[from] psn
|turn|16
|
|switch|p2a: Tornadus-Therian|Tornadus-Therian, M|231\/331
|move|p1a: Keldeo|Hydro Pump|p2a: Tornadus-Therian
|-damage|p2a: Tornadus-Therian|15\/331
|
|-damage|p1a: Keldeo|15\/323 tox|[from] psn
|turn|17
|
|move|p2a: Tornadus-Therian|U-turn|p1a: Keldeo
|-resisted|p1a: Keldeo
|-damage|p1a: Keldeo|0 fnt
|faint|p1a: Keldeo
|
|switch|p2a: Keldeo|Keldeo|323\/323
|
|
|switch|p1a: Latios|Latios, M|301\/301
|-damage|p1a: Latios|264\/301|[from] Stealth Rock
|turn|18
|
|switch|p2a: Metagross|Metagross|301\/301
|move|p1a: Latios|Psyshock|p2a: Metagross
|-resisted|p2a: Metagross
|-damage|p2a: Metagross|271\/301
|
|turn|19
|
|switch|p1a: Klefki|Klefki, M|258\/317
|-damage|p1a: Klefki|239\/317|[from] Stealth Rock
|detailschange|p2a: Metagross|Metagross-Mega
|-mega|p2a: Metagross|Metagross|Metagrossite
|move|p2a: Metagross|Meteor Mash|p1a: Klefki
|-damage|p1a: Klefki|49\/317
|
|-heal|p1a: Klefki|68\/317|[from] item: Leftovers
|turn|20
|
|move|p2a: Metagross|Bullet Punch|p1a: Klefki
|-damage|p1a: Klefki|0 fnt
|faint|p1a: Klefki
|
|
|switch|p1a: Lopunny|Lopunny, F|271\/271
|-damage|p1a: Lopunny|238\/271|[from] Stealth Rock
|turn|21
|
|switch|p2a: Slowbro|Slowbro, M|394\/394 brn
|detailschange|p1a: Lopunny|Lopunny-Mega, F
|-mega|p1a: Lopunny|Lopunny|Lopunnite
|move|p1a: Lopunny|High Jump Kick|p2a: Slowbro
|-resisted|p2a: Slowbro
|-damage|p2a: Slowbro|317\/394 brn
|
|-heal|p2a: Slowbro|341\/394 brn|[from] item: Leftovers
|-damage|p2a: Slowbro|292\/394 brn|[from] brn
|turn|22
|
|switch|p1a: Raikou|Raikou|241\/321
|-damage|p1a: Raikou|201\/321|[from] Stealth Rock
|-ability|p1a: Raikou|Pressure
|move|p2a: Slowbro|Scald|p1a: Raikou
|-damage|p1a: Raikou|141\/321
|
|-heal|p2a: Slowbro|316\/394 brn|[from] item: Leftovers
|-damage|p2a: Slowbro|267\/394 brn|[from] brn
|turn|23
|
|switch|p2a: Heatran|Heatran, M|255\/385 par
|move|p1a: Raikou|Thunderbolt|p2a: Heatran
|-damage|p2a: Heatran|125\/385 par
|
|-heal|p2a: Heatran|149\/385 par|[from] item: Leftovers
|turn|24
|
|move|p1a: Raikou|Thunderbolt|p2a: Heatran
|-damage|p2a: Heatran|26\/385 par
|move|p2a: Heatran|Toxic|p1a: Raikou
|-status|p1a: Raikou|tox
|
|-heal|p2a: Heatran|50\/385 par|[from] item: Leftovers
|-damage|p1a: Raikou|121\/321 tox|[from] psn
|turn|25
|
|move|p1a: Raikou|Thunderbolt|p2a: Heatran
|-damage|p2a: Heatran|0 fnt
|faint|p2a: Heatran
|
|-damage|p1a: Raikou|81\/321 tox|[from] psn
|
|switch|p2a: Keldeo|Keldeo|323\/323
|turn|26
|
|move|p2a: Keldeo|Scald|p1a: Raikou
|-damage|p1a: Raikou|0 fnt
|faint|p1a: Raikou
|
|
|switch|p1a: Latios|Latios, M|264\/301
|-damage|p1a: Latios|227\/301|[from] Stealth Rock
|turn|27
|
|switch|p2a: Metagross|Metagross-Mega|271\/301
|move|p1a: Latios|Draco Meteor|p2a: Metagross
|-crit|p2a: Metagross
|-resisted|p2a: Metagross
|-damage|p2a: Metagross|114\/301
|-unboost|p1a: Latios|spa|2
|
|turn|28
|
|switch|p1a: Landorus-Therian|Landorus-Therian, M|319\/319
|-damage|p1a: Landorus-Therian|280\/319|[from] Stealth Rock
|-ability|p1a: Landorus-Therian|Intimidate|[of] p2a: Metagross
|-unboost|p2a: Metagross|atk|1
|move|p2a: Metagross|Meteor Mash|p1a: Landorus-Therian
|-damage|p1a: Landorus-Therian|130\/319
|
|turn|29
|
|switch|p2a: Tornadus-Therian|Tornadus-Therian, M|125\/331
|move|p1a: Landorus-Therian|Stealth Rock|p2a: Tornadus-Therian
|-sidestart|p2: iLOVEladdering|move: Stealth Rock
|
|turn|30
|
|move|p2a: Tornadus-Therian|Hurricane|p1a: Landorus-Therian
|-damage|p1a: Landorus-Therian|0 fnt
|faint|p1a: Landorus-Therian
|
|
|switch|p1a: Lopunny|Lopunny-Mega, F|238\/271
|-damage|p1a: Lopunny|222\/271|[from] Stealth Rock
|turn|31
|
|switch|p2a: Slowbro|Slowbro, M|394\/394 brn
|-damage|p2a: Slowbro|345\/394 brn|[from] Stealth Rock
|move|p1a: Lopunny|Return|p2a: Slowbro
|-damage|p2a: Slowbro|204\/394 brn
|
|-heal|p2a: Slowbro|228\/394 brn|[from] item: Leftovers
|-damage|p2a: Slowbro|179\/394 brn|[from] brn
|turn|32
|
|switch|p1a: Latios|Latios, M|227\/301
|-damage|p1a: Latios|190\/301|[from] Stealth Rock
|move|p2a: Slowbro|Scald|p1a: Latios
|-resisted|p1a: Latios
|-damage|p1a: Latios|149\/301
|
|-heal|p2a: Slowbro|203\/394 brn|[from] item: Leftovers
|-damage|p2a: Slowbro|154\/394 brn|[from] brn
|turn|33
|
|switch|p2a: Latias|Latias, F|187\/319
|-damage|p2a: Latias|148\/319|[from] Stealth Rock
|move|p1a: Latios|Draco Meteor|p2a: Latias
|-supereffective|p2a: Latias
|-damage|p2a: Latias|0 fnt
|-unboost|p1a: Latios|spa|2
|faint|p2a: Latias
|
|
|switch|p2a: Metagross|Metagross-Mega|114\/301
|-damage|p2a: Metagross|96\/301|[from] Stealth Rock
|turn|34
|
|switch|p1a: Lopunny|Lopunny-Mega, F|222\/271
|-damage|p1a: Lopunny|206\/271|[from] Stealth Rock
|move|p2a: Metagross|Meteor Mash|p1a: Lopunny
|-damage|p1a: Lopunny|0 fnt
|-boost|p2a: Metagross|atk|1
|faint|p1a: Lopunny
|
|
|switch|p1a: Latios|Latios, M|149\/301
|-damage|p1a: Latios|112\/301|[from] Stealth Rock
|turn|35
|
|move|p2a: Metagross|Bullet Punch|p1a: Latios
|-damage|p1a: Latios|0 fnt
|faint|p1a: Latios
|
|win|iLOVEladdering
|raw|Ladder updating...
|raw|belgrade's rating: 1608 &rarr; <strong>1577<\/strong><br \/>(-31 for losing)
|raw|iLOVEladdering's rating: 1411 &rarr; <strong>1441<\/strong><br \/>(+30 for winning)