|join|CheckmateWeee
|join|Un noob inexperto
|player|p1|CheckmateWeee|102
|player|p2|Un noob inexperto|294
|gametype|singles
|gen|6
|tier|OU
|rated
|clearpoke
|poke|p1|Greninja, F
|poke|p1|Swampert, M
|poke|p1|Thundurus, M
|poke|p1|Magnezone
|poke|p1|Scizor, M
|poke|p1|Landorus-Therian, M
|poke|p2|Manectric, M
|poke|p2|Ferrothorn, F
|poke|p2|Rotom-Wash
|poke|p2|Landorus-Therian, M
|poke|p2|Conkeldurr, M
|poke|p2|Bisharp, M
|rule|Swagger Clause: Swagger is banned
|rule|Baton Pass Clause: Limit one PokÃ©mon knowing Baton Pass
|rule|Sleep Clause Mod: Limit one foe put to sleep
|rule|Species Clause: Limit one of each PokÃ©mon
|rule|OHKO Clause: OHKO moves are banned
|rule|Moody Clause: Moody is banned
|rule|Evasion Moves Clause: Evasion moves are banned
|rule|Endless Battle Clause: Forcing endless battles is banned
|rule|HP Percentage Mod: HP is shown in percentages
|teampreview
|
|start
|switch|p1a: Magnezone|Magnezone|315\/315
|switch|p2a: Landorus-Therian|Landorus-Therian, M|320\/320
|-ability|p2a: Landorus-Therian|Intimidate|[of] p1a: Magnezone
|-unboost|p1a: Magnezone|atk|1
|turn|1
|
|switch|p1a: Landorus-Therian|Landorus-Therian, M|382\/382
|-ability|p1a: Landorus-Therian|Intimidate|[of] p2a: Landorus-Therian
|-unboost|p2a: Landorus-Therian|atk|1
|move|p2a: Landorus-Therian|U-turn|p1a: Landorus-Therian
|-resisted|p1a: Landorus-Therian
|-damage|p1a: Landorus-Therian|358\/382
|
|switch|p2a: Manectric|Manectric, M|281\/281
|
|-heal|p1a: Landorus-Therian|381\/382|[from] item: Leftovers
|turn|2
|
|switch|p1a: Swampert|Swampert, M|366\/366
|detailschange|p2a: Manectric|Manectric-Mega, M
|message|Manectric has Mega Evolved into Mega Manectric!
|-ability|p2a: Manectric|Intimidate|[of] p1a: Swampert
|-unboost|p1a: Swampert|atk|1
|move|p2a: Manectric|Hidden Power|p1a: Swampert
|-damage|p1a: Swampert|286\/366
|
|turn|3
|
|switch|p2a: Ferrothorn|Ferrothorn, F|352\/352
|detailschange|p1a: Swampert|Swampert-Mega, M
|message|Swampert has Mega Evolved into Mega Swampert!
|move|p1a: Swampert|Waterfall|p2a: Ferrothorn
|-resisted|p2a: Ferrothorn
|-damage|p2a: Ferrothorn|316\/352
|-damage|p1a: Swampert|241\/366|[from] ability: Iron Barbs|[of] p2a: Ferrothorn
|-damage|p1a: Swampert|180\/366|[from] item: Rocky Helmet|[of] p2a: Ferrothorn
|
|turn|4
|
|switch|p1a: Landorus-Therian|Landorus-Therian, M|381\/382
|-ability|p1a: Landorus-Therian|Intimidate|[of] p2a: Ferrothorn
|-unboost|p2a: Ferrothorn|atk|1
|switch|p2a: Landorus-Therian|Landorus-Therian, M|320\/320
|-ability|p2a: Landorus-Therian|Intimidate|[of] p1a: Landorus-Therian
|-unboost|p1a: Landorus-Therian|atk|1
|
|-heal|p1a: Landorus-Therian|382\/382|[from] item: Leftovers
|turn|5
|
|move|p2a: Landorus-Therian|U-turn|p1a: Landorus-Therian
|-resisted|p1a: Landorus-Therian
|-damage|p1a: Landorus-Therian|346\/382
|
|switch|p2a: Ferrothorn|Ferrothorn, F|316\/352
|move|p1a: Landorus-Therian|Stealth Rock|p2a: Ferrothorn
|-sidestart|p2: Un noob inexperto|move: Stealth Rock
|
|-heal|p1a: Landorus-Therian|369\/382|[from] item: Leftovers
|turn|6
|
|move|p1a: Landorus-Therian|U-turn|p2a: Ferrothorn
|-damage|p2a: Ferrothorn|284\/352
|-damage|p1a: Landorus-Therian|322\/382|[from] ability: Iron Barbs|[of] p2a: Ferrothorn
|-damage|p1a: Landorus-Therian|259\/382|[from] item: Rocky Helmet|[of] p2a: Ferrothorn
|
|switch|p1a: Magnezone|Magnezone|315\/315
|move|p2a: Ferrothorn|Stealth Rock|p1a: Magnezone
|-sidestart|p1: CheckmateWeee|move: Stealth Rock
|
|turn|7
|
|move|p1a: Magnezone|Hidden Power|p2a: Ferrothorn
|-supereffective|p2a: Ferrothorn
|-damage|p2a: Ferrothorn|8\/352
|move|p2a: Ferrothorn|Leech Seed|p1a: Magnezone
|-start|p1a: Magnezone|move: Leech Seed
|
|-damage|p1a: Magnezone|276\/315|[from] Leech Seed|[of] p2a: Ferrothorn
|-heal|p2a: Ferrothorn|47\/352|[silent]
|turn|8
|
|move|p1a: Magnezone|Hidden Power|p2a: Ferrothorn
|-supereffective|p2a: Ferrothorn
|-damage|p2a: Ferrothorn|0 fnt
|faint|p2a: Ferrothorn
|
|
|switch|p2a: Landorus-Therian|Landorus-Therian, M|320\/320
|-damage|p2a: Landorus-Therian|280\/320|[from] Stealth Rock
|-ability|p2a: Landorus-Therian|Intimidate|[of] p1a: Magnezone
|-unboost|p1a: Magnezone|atk|1
|turn|9
|
|move|p2a: Landorus-Therian|U-turn|p1a: Magnezone
|-resisted|p1a: Magnezone
|-damage|p1a: Magnezone|239\/315
|
|switch|p2a: Rotom-Wash|Rotom-Wash|241\/241
|-damage|p2a: Rotom-Wash|211\/241|[from] Stealth Rock
|move|p1a: Magnezone|Flash Cannon|p2a: Rotom-Wash
|-crit|p2a: Rotom-Wash
|-resisted|p2a: Rotom-Wash
|-damage|p2a: Rotom-Wash|153\/241
|
|-damage|p1a: Magnezone|200\/315|[from] Leech Seed|[of] p2a: Rotom-Wash
|-heal|p2a: Rotom-Wash|192\/241|[silent]
|turn|10
|
|move|p2a: Rotom-Wash|Hydro Pump|p1a: Magnezone
|-damage|p1a: Magnezone|89\/315
|move|p1a: Magnezone|Volt Switch|p2a: Rotom-Wash
|-damage|p2a: Rotom-Wash|57\/241
|
|switch|p1a: Greninja|Greninja, F|285\/285
|-damage|p1a: Greninja|250\/285|[from] Stealth Rock
|
|turn|11
|
|move|p2a: Rotom-Wash|Hydro Pump|p1a: Greninja
|-resisted|p1a: Greninja
|-damage|p1a: Greninja|130\/285
|move|p1a: Greninja|Hidden Power|p2a: Rotom-Wash
|-start|p1a: Greninja|typechange|Grass|[from] Protean
|-supereffective|p2a: Rotom-Wash
|-damage|p2a: Rotom-Wash|0 fnt
|-damage|p1a: Greninja|102\/285|[from] item: Life Orb
|faint|p2a: Rotom-Wash
|
|
|switch|p2a: Manectric|Manectric-Mega, M|281\/281
|-damage|p2a: Manectric|246\/281|[from] Stealth Rock
|-ability|p2a: Manectric|Intimidate|[of] p1a: Greninja
|-unboost|p1a: Greninja|atk|1
|turn|12
|
|switch|p1a: Magnezone|Magnezone|89\/315
|-damage|p1a: Magnezone|70\/315|[from] Stealth Rock
|move|p2a: Manectric|Hidden Power|p1a: Magnezone
|-resisted|p1a: Magnezone
|-damage|p1a: Magnezone|46\/315
|
|turn|13
|
|move|p2a: Manectric|Flamethrower|p1a: Magnezone
|-supereffective|p1a: Magnezone
|-damage|p1a: Magnezone|0 fnt
|faint|p1a: Magnezone
|
|
|switch|p1a: Thundurus|Thundurus, M|362\/362
|-damage|p1a: Thundurus|272\/362|[from] Stealth Rock
|turn|14
|
|move|p1a: Thundurus|Rain Dance|p1a: Thundurus
|-weather|RainDance
|move|p2a: Manectric|Volt Switch|p1a: Thundurus
|-damage|p1a: Thundurus|110\/362
|
|switch|p2a: Landorus-Therian|Landorus-Therian, M|280\/320
|-damage|p2a: Landorus-Therian|240\/320|[from] Stealth Rock
|-ability|p2a: Landorus-Therian|Intimidate|[of] p1a: Thundurus
|-unboost|p1a: Thundurus|atk|1
|
|-weather|RainDance|[upkeep]
|turn|15
|
|switch|p1a: Scizor|Scizor, M|333\/333
|-damage|p1a: Scizor|292\/333|[from] Stealth Rock
|move|p2a: Landorus-Therian|Knock Off|p1a: Scizor
|-crit|p1a: Scizor
|-damage|p1a: Scizor|119\/333
|-enditem|p1a: Scizor|Choice Band|[from] move: Knock Off|[of] p2a: Landorus-Therian
|
|-weather|RainDance|[upkeep]
|turn|16
|
|switch|p2a: Bisharp|Bisharp, M|334\/334
|-damage|p2a: Bisharp|314\/334|[from] Stealth Rock
|move|p1a: Scizor|Knock Off|p2a: Bisharp
|-resisted|p2a: Bisharp
|-damage|p2a: Bisharp|246\/334
|-enditem|p2a: Bisharp|Focus Sash|[from] move: Knock Off|[of] p1a: Scizor
|
|-weather|RainDance|[upkeep]
|turn|17
|
|move|p1a: Scizor|Superpower|p2a: Bisharp
|-supereffective|p2a: Bisharp
|-damage|p2a: Bisharp|0 fnt
|-unboost|p1a: Scizor|atk|1
|-unboost|p1a: Scizor|def|1
|faint|p2a: Bisharp
|
|-weather|RainDance|[upkeep]
|
|switch|p2a: Landorus-Therian|Landorus-Therian, M|240\/320
|-damage|p2a: Landorus-Therian|200\/320|[from] Stealth Rock
|-ability|p2a: Landorus-Therian|Intimidate|[of] p1a: Scizor
|-unboost|p1a: Scizor|atk|1
|turn|18
|
|move|p2a: Landorus-Therian|Earthquake|p1a: Scizor
|-damage|p1a: Scizor|0 fnt
|faint|p1a: Scizor
|
|-weather|RainDance|[upkeep]
|
|switch|p1a: Landorus-Therian|Landorus-Therian, M|259\/382
|-damage|p1a: Landorus-Therian|212\/382|[from] Stealth Rock
|-ability|p1a: Landorus-Therian|Intimidate|[of] p2a: Landorus-Therian
|-unboost|p2a: Landorus-Therian|atk|1
|turn|19
|
|switch|p2a: Conkeldurr|Conkeldurr, M|414\/414
|-damage|p2a: Conkeldurr|389\/414|[from] Stealth Rock
|move|p1a: Landorus-Therian|Earthquake|p2a: Conkeldurr
|-damage|p2a: Conkeldurr|229\/414
|
|-weather|RainDance|[upkeep]
|-heal|p1a: Landorus-Therian|235\/382|[from] item: Leftovers
|turn|20
|
|switch|p1a: Greninja|Greninja, F|102\/285
|-damage|p1a: Greninja|67\/285|[from] Stealth Rock
|move|p2a: Conkeldurr|Ice Punch|p1a: Greninja
|-resisted|p1a: Greninja
|-damage|p1a: Greninja|0 fnt
|faint|p1a: Greninja
|
|-weather|RainDance|[upkeep]
|
|switch|p1a: Swampert|Swampert-Mega, M|180\/366
|-damage|p1a: Swampert|158\/366|[from] Stealth Rock
|turn|21
|
|move|p2a: Conkeldurr|Mach Punch|p1a: Swampert
|-damage|p1a: Swampert|82\/366
|move|p1a: Swampert|Waterfall|p2a: Conkeldurr
|-damage|p2a: Conkeldurr|0 fnt
|faint|p2a: Conkeldurr
|
|-weather|none
|
|switch|p2a: Manectric|Manectric-Mega, M|246\/281
|-damage|p2a: Manectric|211\/281|[from] Stealth Rock
|-ability|p2a: Manectric|Intimidate|[of] p1a: Swampert
|-unboost|p1a: Swampert|atk|1
|turn|22
|
|switch|p2a: Landorus-Therian|Landorus-Therian, M|200\/320
|-damage|p2a: Landorus-Therian|160\/320|[from] Stealth Rock
|-ability|p2a: Landorus-Therian|Intimidate|[of] p1a: Swampert
|-unboost|p1a: Swampert|atk|1
|move|p1a: Swampert|Earthquake|p2a: Landorus-Therian
|-immune|p2a: Landorus-Therian|[msg]
|
|turn|23
|
|switch|p1a: Landorus-Therian|Landorus-Therian, M|235\/382
|-damage|p1a: Landorus-Therian|188\/382|[from] Stealth Rock
|-ability|p1a: Landorus-Therian|Intimidate|[of] p2a: Landorus-Therian
|-unboost|p2a: Landorus-Therian|atk|1
|move|p2a: Landorus-Therian|U-turn|p1a: Landorus-Therian
|-resisted|p1a: Landorus-Therian
|-damage|p1a: Landorus-Therian|167\/382
|
|switch|p2a: Manectric|Manectric-Mega, M|211\/281
|-damage|p2a: Manectric|176\/281|[from] Stealth Rock
|-ability|p2a: Manectric|Intimidate|[of] p1a: Landorus-Therian
|-unboost|p1a: Landorus-Therian|atk|1
|
|-heal|p1a: Landorus-Therian|190\/382|[from] item: Leftovers
|turn|24
|
|switch|p2a: Landorus-Therian|Landorus-Therian, M|160\/320
|-damage|p2a: Landorus-Therian|120\/320|[from] Stealth Rock
|-ability|p2a: Landorus-Therian|Intimidate|[of] p1a: Landorus-Therian
|-unboost|p1a: Landorus-Therian|atk|1
|move|p1a: Landorus-Therian|Earthquake|p2a: Landorus-Therian
|-immune|p2a: Landorus-Therian|[msg]
|
|-heal|p1a: Landorus-Therian|213\/382|[from] item: Leftovers
|turn|25
|
|move|p2a: Landorus-Therian|Knock Off|p1a: Landorus-Therian
|-damage|p1a: Landorus-Therian|123\/382
|-enditem|p1a: Landorus-Therian|Leftovers|[from] move: Knock Off|[of] p2a: Landorus-Therian
|move|p1a: Landorus-Therian|Earthquake|p2a: Landorus-Therian
|-immune|p2a: Landorus-Therian|[msg]
|
|turn|26
|
|move|p2a: Landorus-Therian|Knock Off|p1a: Landorus-Therian
|-damage|p1a: Landorus-Therian|57\/382
|move|p1a: Landorus-Therian|Knock Off|p2a: Landorus-Therian
|-damage|p2a: Landorus-Therian|66\/320
|-enditem|p2a: Landorus-Therian|Choice Scarf|[from] move: Knock Off|[of] p1a: Landorus-Therian
|
|turn|27
|
|move|p2a: Landorus-Therian|Knock Off|p1a: Landorus-Therian
|-damage|p1a: Landorus-Therian|0 fnt
|faint|p1a: Landorus-Therian
|
|
|switch|p1a: Thundurus|Thundurus, M|110\/362
|-damage|p1a: Thundurus|20\/362|[from] Stealth Rock
|turn|28
|
|switch|p2a: Manectric|Manectric-Mega, M|176\/281
|-damage|p2a: Manectric|141\/281|[from] Stealth Rock
|-ability|p2a: Manectric|Intimidate|[of] p1a: Thundurus
|-unboost|p1a: Thundurus|atk|1
|move|p1a: Thundurus|Rain Dance|p1a: Thundurus
|-weather|RainDance
|
|-weather|RainDance|[upkeep]
|turn|29
|
|move|p2a: Manectric|Volt Switch|p1a: Thundurus
|-damage|p1a: Thundurus|0 fnt
|faint|p1a: Thundurus
|
|switch|p2a: Landorus-Therian|Landorus-Therian, M|66\/320
|-damage|p2a: Landorus-Therian|26\/320|[from] Stealth Rock
|
|-weather|RainDance|[upkeep]
|
|switch|p1a: Swampert|Swampert-Mega, M|82\/366
|-damage|p1a: Swampert|60\/366|[from] Stealth Rock
|turn|30
|
|move|p1a: Swampert|Waterfall|p2a: Landorus-Therian
|-supereffective|p2a: Landorus-Therian
|-damage|p2a: Landorus-Therian|0 fnt
|faint|p2a: Landorus-Therian
|
|-weather|RainDance|[upkeep]
|
|switch|p2a: Manectric|Manectric-Mega, M|141\/281
|-damage|p2a: Manectric|106\/281|[from] Stealth Rock
|-ability|p2a: Manectric|Intimidate|[of] p1a: Swampert
|-unboost|p1a: Swampert|atk|1
|turn|31
|
|move|p1a: Swampert|Earthquake|p2a: Manectric
|-supereffective|p2a: Manectric
|-damage|p2a: Manectric|0 fnt
|faint|p2a: Manectric
|
|win|CheckmateWeee
|raw|Ladder updating...
|c|âCheckmateWeee|gg
|raw|CheckmateWeee's rating: 1377 &rarr; <strong>1400<\/strong><br \/>(+23 for winning)
|raw|Un noob inexperto's rating: 1415 &rarr; <strong>1393<\/strong><br \/>(-22 for losing)
|leave|Un noob inexperto
|player|p2