|join|denistheawesome
|join|Un noob inexperto
|player|p1|denistheawesome|159
|player|p2|Un noob inexperto|294
|gametype|singles
|gen|6
|tier|OU
|rated
|clearpoke
|poke|p1|Salamence, M
|poke|p1|Ferrothorn, F
|poke|p1|Chandelure, M, shiny
|poke|p1|Hitmontop, M
|poke|p1|Vaporeon, M
|poke|p1|Greninja, M
|poke|p2|Politoed, M
|poke|p2|Kingdra, M
|poke|p2|Heatran, M
|poke|p2|Aerodactyl, F
|poke|p2|Ferrothorn, M
|poke|p2|Latias, F
|rule|Swagger Clause: Swagger is banned
|rule|Baton Pass Clause: Limit one PokÃ©mon knowing Baton Pass
|rule|Sleep Clause Mod: Limit one foe put to sleep
|rule|Species Clause: Limit one of each PokÃ©mon
|rule|OHKO Clause: OHKO moves are banned
|rule|Moody Clause: Moody is banned
|rule|Evasion Moves Clause: Evasion moves are banned
|rule|Endless Battle Clause: Forcing endless battles is banned
|rule|HP Percentage Mod: HP is shown in percentages
|teampreview
|
|start
|switch|p1a: Salamence|Salamence, M|355\/355
|switch|p2a: Aerodactyl|Aerodactyl, F|302\/302
|-ability|p1a: Salamence|Intimidate|[of] p2a: Aerodactyl
|-unboost|p2a: Aerodactyl|atk|1
|turn|1
|
|detailschange|p2a: Aerodactyl|Aerodactyl-Mega, F
|message|Aerodactyl has Mega Evolved into Mega Aerodactyl!
|detailschange|p1a: Salamence|Salamence-Mega, M
|message|Salamence has Mega Evolved into Mega Salamence!
|move|p2a: Aerodactyl|Stone Edge|p1a: Salamence|[miss]
|-miss|p2a: Aerodactyl|p1a: Salamence
|move|p1a: Salamence|Dragon Dance|p1a: Salamence
|-boost|p1a: Salamence|atk|1
|-boost|p1a: Salamence|spe|1
|
|turn|2
|
|move|p2a: Aerodactyl|Stone Edge|p1a: Salamence
|-supereffective|p1a: Salamence
|-damage|p1a: Salamence|191\/355
|move|p1a: Salamence|Return|p2a: Aerodactyl
|-resisted|p2a: Aerodactyl
|-damage|p2a: Aerodactyl|84\/302
|
|turn|3
|
|switch|p2a: Ferrothorn|Ferrothorn, M|352\/352
|move|p1a: Salamence|Dragon Dance|p1a: Salamence
|-boost|p1a: Salamence|atk|1
|-boost|p1a: Salamence|spe|1
|
|turn|4
|
|move|p1a: Salamence|Substitute|p1a: Salamence
|-start|p1a: Salamence|Substitute
|-damage|p1a: Salamence|103\/355
|move|p2a: Ferrothorn|Leech Seed|p1a: Salamence
|
|turn|5
|
|move|p1a: Salamence|Roost|p1a: Salamence
|-heal|p1a: Salamence|281\/355
|move|p2a: Ferrothorn|Gyro Ball|p1a: Salamence
|-end|p1a: Salamence|Substitute
|
|turn|6
|
|move|p1a: Salamence|Dragon Dance|p1a: Salamence
|-boost|p1a: Salamence|atk|1
|-boost|p1a: Salamence|spe|1
|move|p2a: Ferrothorn|Gyro Ball|p1a: Salamence
|-damage|p1a: Salamence|154\/355
|
|turn|7
|
|move|p1a: Salamence|Roost|p1a: Salamence
|-heal|p1a: Salamence|332\/355
|move|p2a: Ferrothorn|Leech Seed|p1a: Salamence
|-start|p1a: Salamence|move: Leech Seed
|
|-damage|p1a: Salamence|288\/355|[from] Leech Seed|[of] p2a: Ferrothorn
|turn|8
|
|move|p2a: Ferrothorn|Protect|p2a: Ferrothorn
|-singleturn|p2a: Ferrothorn|Protect
|move|p1a: Salamence|Return|p2a: Ferrothorn
|-activate|p2a: Ferrothorn|Protect
|
|-damage|p1a: Salamence|244\/355|[from] Leech Seed|[of] p2a: Ferrothorn
|turn|9
|
|move|p1a: Salamence|Return|p2a: Ferrothorn
|-damage|p2a: Ferrothorn|0 fnt
|-damage|p1a: Salamence|200\/355|[from] ability: Iron Barbs|[of] p2a: Ferrothorn
|-damage|p1a: Salamence|141\/355|[from] item: Rocky Helmet|[of] p2a: Ferrothorn
|faint|p2a: Ferrothorn
|
|
|switch|p2a: Heatran|Heatran, M|386\/386
|turn|10
|
|switch|p2a: Aerodactyl|Aerodactyl-Mega, F|84\/302
|move|p1a: Salamence|Return|p2a: Aerodactyl
|-resisted|p2a: Aerodactyl
|-damage|p2a: Aerodactyl|0 fnt
|faint|p2a: Aerodactyl
|
|
|switch|p2a: Heatran|Heatran, M|386\/386
|turn|11
|
|move|p1a: Salamence|Return|p2a: Heatran
|-resisted|p2a: Heatran
|-damage|p2a: Heatran|82\/386
|move|p2a: Heatran|Lava Plume|p1a: Salamence
|-resisted|p1a: Salamence
|-damage|p1a: Salamence|86\/355
|
|-heal|p2a: Heatran|106\/386|[from] item: Leftovers
|-damage|p1a: Salamence|42\/355|[from] Leech Seed|[of] p2a: Heatran
|-heal|p2a: Heatran|150\/386|[silent]
|turn|12
|
|move|p2a: Heatran|Protect|p2a: Heatran
|-singleturn|p2a: Heatran|Protect
|move|p1a: Salamence|Return|p2a: Heatran
|-activate|p2a: Heatran|Protect
|
|-heal|p2a: Heatran|174\/386|[from] item: Leftovers
|-damage|p1a: Salamence|0 fnt|[from] Leech Seed|[of] p2a: Heatran
|-heal|p2a: Heatran|216\/386|[silent]
|faint|p1a: Salamence
|
|switch|p1a: Chandelure|Chandelure, M, shiny|261\/261
|turn|13
|
|move|p1a: Chandelure|Shadow Ball|p2a: Heatran
|-damage|p2a: Heatran|69\/386
|move|p2a: Heatran|Toxic|p1a: Chandelure
|-status|p1a: Chandelure|tox
|
|-heal|p2a: Heatran|93\/386|[from] item: Leftovers
|-damage|p1a: Chandelure|245\/261 tox|[from] psn
|turn|14
|
|move|p2a: Heatran|Protect|p2a: Heatran
|-singleturn|p2a: Heatran|Protect
|move|p1a: Chandelure|Shadow Ball|p2a: Heatran
|-activate|p2a: Heatran|Protect
|
|-heal|p2a: Heatran|117\/386|[from] item: Leftovers
|-damage|p1a: Chandelure|213\/261 tox|[from] psn
|turn|15
|
|switch|p2a: Politoed|Politoed, M|384\/384
|-weather|RainDance
|move|p1a: Chandelure|Shadow Ball|p2a: Politoed
|-damage|p2a: Politoed|156\/384
|-unboost|p2a: Politoed|spd|1
|
|-weather|RainDance|[upkeep]
|-damage|p1a: Chandelure|165\/261 tox|[from] psn
|turn|16
|
|switch|p2a: Kingdra|Kingdra, M|297\/297
|move|p1a: Chandelure|Shadow Ball|p2a: Kingdra
|-damage|p2a: Kingdra|54\/297
|
|-weather|RainDance|[upkeep]
|-damage|p1a: Chandelure|101\/261 tox|[from] psn
|turn|17
|
|move|p2a: Kingdra|Hydro Pump|p1a: Chandelure
|-supereffective|p1a: Chandelure
|-damage|p1a: Chandelure|0 fnt
|faint|p1a: Chandelure
|
|-weather|RainDance|[upkeep]
|
|switch|p1a: Ferrothorn|Ferrothorn, F|352\/352
|turn|18
|
|move|p2a: Kingdra|Hydro Pump|p1a: Ferrothorn
|-resisted|p1a: Ferrothorn
|-damage|p1a: Ferrothorn|217\/352
|move|p1a: Ferrothorn|Leech Seed|p2a: Kingdra
|-start|p2a: Kingdra|move: Leech Seed
|
|-weather|RainDance|[upkeep]
|-heal|p1a: Ferrothorn|239\/352|[from] item: Leftovers
|-damage|p2a: Kingdra|17\/297|[from] Leech Seed|[of] p1a: Ferrothorn
|-heal|p1a: Ferrothorn|276\/352|[silent]
|turn|19
|
|move|p1a: Ferrothorn|Protect|p1a: Ferrothorn
|-singleturn|p1a: Ferrothorn|Protect
|move|p2a: Kingdra|Hydro Pump|p1a: Ferrothorn
|-activate|p1a: Ferrothorn|Protect
|
|-weather|RainDance|[upkeep]
|-heal|p1a: Ferrothorn|298\/352|[from] item: Leftovers
|-damage|p2a: Kingdra|0 fnt|[from] Leech Seed|[of] p1a: Ferrothorn
|-heal|p1a: Ferrothorn|315\/352|[silent]
|faint|p2a: Kingdra
|
|switch|p2a: Politoed|Politoed, M|156\/384
|turn|20
|
|move|p2a: Politoed|Encore|p1a: Ferrothorn
|-start|p1a: Ferrothorn|Encore
|move|p1a: Ferrothorn|Protect|p1a: Ferrothorn
|-fail|p1a: Ferrothorn
|
|-weather|RainDance|[upkeep]
|-heal|p1a: Ferrothorn|337\/352|[from] item: Leftovers
|turn|21
|
|switch|p2a: Latias|Latias, F|319\/319
|switch|p1a: Vaporeon|Vaporeon, M|464\/464
|
|-weather|RainDance|[upkeep]
|turn|22
|
|move|p2a: Latias|Psyshock|p1a: Vaporeon
|-damage|p1a: Vaporeon|312\/464
|-damage|p2a: Latias|288\/319|[from] item: Life Orb
|move|p1a: Vaporeon|Toxic|p2a: Latias
|-status|p2a: Latias|tox
|
|-weather|none
|-heal|p1a: Vaporeon|341\/464|[from] item: Leftovers
|-damage|p2a: Latias|269\/319 tox|[from] psn
|turn|23
|
|move|p2a: Latias|Psyshock|p1a: Vaporeon
|-damage|p1a: Vaporeon|180\/464
|-damage|p2a: Latias|238\/319 tox|[from] item: Life Orb
|move|p1a: Vaporeon|Wish|p1a: Vaporeon
|
|-heal|p1a: Vaporeon|209\/464|[from] item: Leftovers
|-damage|p2a: Latias|200\/319 tox|[from] psn
|turn|24
|
|switch|p2a: Politoed|Politoed, M|156\/384
|-weather|RainDance
|move|p1a: Vaporeon|Scald|p2a: Politoed
|-resisted|p2a: Politoed
|-damage|p2a: Politoed|73\/384
|-status|p2a: Politoed|brn
|
|-weather|RainDance|[upkeep]
|-heal|p1a: Vaporeon|441\/464|[from] move: Wish|[wisher] Vaporeon
|-heal|p1a: Vaporeon|464\/464|[from] item: Leftovers
|-damage|p2a: Politoed|25\/384 brn|[from] brn
|turn|25
|
|move|p2a: Politoed|Hypnosis|p1a: Vaporeon|[miss]
|-miss|p2a: Politoed|p1a: Vaporeon
|move|p1a: Vaporeon|Scald|p2a: Politoed
|-resisted|p2a: Politoed
|-damage|p2a: Politoed|0 fnt
|faint|p2a: Politoed
|
|-weather|RainDance|[upkeep]
|
|switch|p2a: Latias|Latias, F|200\/319 tox
|turn|26
|
|move|p2a: Latias|Psyshock|p1a: Vaporeon
|-damage|p1a: Vaporeon|303\/464
|-damage|p2a: Latias|169\/319 tox|[from] item: Life Orb
|move|p1a: Vaporeon|Wish|p1a: Vaporeon
|
|-weather|RainDance|[upkeep]
|-heal|p1a: Vaporeon|332\/464|[from] item: Leftovers
|-damage|p2a: Latias|150\/319 tox|[from] psn
|turn|27
|
|move|p1a: Vaporeon|Protect|p1a: Vaporeon
|-singleturn|p1a: Vaporeon|Protect
|move|p2a: Latias|Psyshock|p1a: Vaporeon
|-activate|p1a: Vaporeon|Protect
|
|-weather|RainDance|[upkeep]
|-heal|p1a: Vaporeon|464\/464|[from] move: Wish|[wisher] Vaporeon
|-damage|p2a: Latias|112\/319 tox|[from] psn
|turn|28
|
|move|p2a: Latias|Draco Meteor|p1a: Vaporeon
|-damage|p1a: Vaporeon|213\/464
|-unboost|p2a: Latias|spa|2
|-damage|p2a: Latias|81\/319 tox|[from] item: Life Orb
|move|p1a: Vaporeon|Scald|p2a: Latias
|-resisted|p2a: Latias
|-damage|p2a: Latias|24\/319 tox
|
|-weather|RainDance|[upkeep]
|-heal|p1a: Vaporeon|242\/464|[from] item: Leftovers
|-damage|p2a: Latias|0 fnt|[from] psn
|faint|p2a: Latias
|
|switch|p2a: Heatran|Heatran, M|117\/386
|turn|29
|
|move|p2a: Heatran|Toxic|p1a: Vaporeon
|-status|p1a: Vaporeon|tox
|move|p1a: Vaporeon|Scald|p2a: Heatran
|-supereffective|p2a: Heatran
|-damage|p2a: Heatran|0 fnt
|faint|p2a: Heatran
|
|win|denistheawesome
|raw|Ladder updating...
|c|âdenistheawesome|gg
|raw|denistheawesome's rating: 1245 &rarr; <strong>1268<\/strong><br \/>(+23 for winning)
|raw|Un noob inexperto's rating: 1213 &rarr; <strong>1191<\/strong><br \/>(-22 for losing)