|join|Un noob inexperto
|join|Jejimri
|player|p1|Un noob inexperto|294
|player|p2|Jejimri|290
|gametype|singles
|gen|6
|tier|OU
|clearpoke
|poke|p1|Talonflame, M
|poke|p1|Suicune
|poke|p1|Charizard, M
|poke|p1|Keldeo-Resolute
|poke|p1|Thundurus, M
|poke|p1|Excadrill, M
|poke|p2|Escavalier, M
|poke|p2|Slowking, F
|poke|p2|Slowbro, F
|poke|p2|Steelix, M
|poke|p2|Claydol
|poke|p2|Conkeldurr, F
|rule|Swagger Clause: Swagger is banned
|rule|Baton Pass Clause: Limit three PokÃ©mon knowing Baton Pass
|rule|Sleep Clause Mod: Limit one foe put to sleep
|rule|Species Clause: Limit one of each PokÃ©mon
|rule|OHKO Clause: OHKO moves are banned
|rule|Moody Clause: Moody is banned
|rule|Evasion Moves Clause: Evasion moves are banned
|rule|Endless Battle Clause: Forcing endless battles is banned
|rule|HP Percentage Mod: HP is reported as percentages
|teampreview
|
|start
|switch|p1a: Charizard|Charizard, M|298\/298
|switch|p2a: Slowbro|Slowbro, F|394\/394
|turn|1
|
|detailschange|p1a: Charizard|Charizard-Mega-Y, M
|message|Charizard has Mega Evolved into Mega Charizard!
|-weather|SunnyDay
|move|p1a: Charizard|Solar Beam|p2a: Slowbro|[still]
|-prepare|p1a: Charizard|Solar Beam|p2a: Slowbro
|-anim|p1a: Charizard|Solar Beam|p2a: Slowbro
|-supereffective|p2a: Slowbro
|-damage|p2a: Slowbro|0 fnt
|faint|p2a: Slowbro
|
|-weather|SunnyDay|[upkeep]
|
|switch|p2a: Slowking|Slowking, F|394\/394
|turn|2
|
|move|p1a: Charizard|Solar Beam|p2a: Slowking|[still]
|-prepare|p1a: Charizard|Solar Beam|p2a: Slowking
|-anim|p1a: Charizard|Solar Beam|p2a: Slowking
|-supereffective|p2a: Slowking
|-damage|p2a: Slowking|88\/394
|move|p2a: Slowking|Trick Room|p2a: Slowking
|-fieldstart|move: Trick Room|[of] p2a: Slowking
|
|-weather|SunnyDay|[upkeep]
|turn|3
|
|move|p2a: Slowking|Scald|p1a: Charizard
|-supereffective|p1a: Charizard
|-damage|p1a: Charizard|155\/298
|-damage|p2a: Slowking|49\/394|[from] item: Life Orb
|move|p1a: Charizard|Solar Beam|p2a: Slowking|[still]
|-prepare|p1a: Charizard|Solar Beam|p2a: Slowking
|-anim|p1a: Charizard|Solar Beam|p2a: Slowking
|-supereffective|p2a: Slowking
|-damage|p2a: Slowking|0 fnt
|faint|p2a: Slowking
|
|-weather|SunnyDay|[upkeep]
|
|switch|p2a: Conkeldurr|Conkeldurr, F|414\/414
|turn|4
|
|switch|p1a: Suicune|Suicune|404\/404
|-ability|p1a: Suicune|Pressure
|move|p2a: Conkeldurr|Drain Punch|p1a: Suicune
|-damage|p1a: Suicune|278\/404
|-damage|p2a: Conkeldurr|373\/414|[from] item: Life Orb
|
|-weather|SunnyDay|[upkeep]
|-heal|p1a: Suicune|303\/404|[from] item: Leftovers
|turn|5
|
|switch|p2a: Escavalier|Escavalier, M|344\/344
|move|p1a: Suicune|Calm Mind|p1a: Suicune
|-boost|p1a: Suicune|spa|1
|-boost|p1a: Suicune|spd|1
|
|-weather|none
|-heal|p1a: Suicune|328\/404|[from] item: Leftovers
|turn|6
|
|move|p2a: Escavalier|Knock Off|p1a: Suicune
|-damage|p1a: Suicune|235\/404
|-enditem|p1a: Suicune|Leftovers|[from] move: Knock Off|[of] p2a: Escavalier
|move|p1a: Suicune|Scald|p2a: Escavalier
|-damage|p2a: Escavalier|262\/344
|
|-fieldend|move: Trick Room
|turn|7
|
|move|p1a: Suicune|Scald|p2a: Escavalier
|-damage|p2a: Escavalier|171\/344
|move|p2a: Escavalier|Megahorn|p1a: Suicune
|-damage|p1a: Suicune|73\/404
|
|turn|8
|
|move|p1a: Suicune|Rest|p1a: Suicune
|-status|p1a: Suicune|slp
|-heal|p1a: Suicune|404\/404 slp|[silent]
|-status|p1a: Suicune|slp|[from] move: Rest
|move|p2a: Escavalier|Megahorn|p1a: Suicune
|-damage|p1a: Suicune|250\/404 slp
|
|turn|9
|
|cant|p1a: Suicune|slp
|move|p1a: Suicune|Sleep Talk|p1a: Suicune
|move|p1a: Suicune|Scald|p2a: Escavalier|[from]Sleep Talk
|-damage|p2a: Escavalier|87\/344
|move|p2a: Escavalier|Megahorn|p1a: Suicune
|-damage|p1a: Suicune|78\/404 slp
|
|turn|10
|chat|Jejimri|recordaba tu equipo muy diferente
|
|cant|p1a: Suicune|slp
|move|p1a: Suicune|Sleep Talk|p1a: Suicune
|move|p1a: Suicune|Rest|p1a: Suicune|[from]Sleep Talk
|-fail|p1a: Suicune
|move|p2a: Escavalier|Megahorn|p1a: Suicune|[miss]
|-miss|p2a: Escavalier|p1a: Suicune
|
|turn|11
|chat|Un noob inexperto|ya nos conociamos?
|
|-curestatus|p1a: Suicune|slp
|move|p1a: Suicune|Rest|p1a: Suicune
|-status|p1a: Suicune|slp
|-heal|p1a: Suicune|404\/404 slp|[silent]
|-status|p1a: Suicune|slp|[from] move: Rest
|move|p2a: Escavalier|Megahorn|p1a: Suicune
|-damage|p1a: Suicune|254\/404 slp
|
|turn|12
|chat|Jejimri|no
|
|cant|p1a: Suicune|slp
|move|p1a: Suicune|Sleep Talk|p1a: Suicune
|move|p1a: Suicune|Calm Mind|p1a: Suicune|[from]Sleep Talk
|-boost|p1a: Suicune|spa|1
|-boost|p1a: Suicune|spd|1
|move|p2a: Escavalier|Megahorn|p1a: Suicune
|-damage|p1a: Suicune|97\/404 slp
|
|turn|13
|chat|Un noob inexperto|ya nos enfrentamos antes?
|chat|Jejimri|no
|
|cant|p1a: Suicune|slp
|move|p1a: Suicune|Sleep Talk|p1a: Suicune
|move|p1a: Suicune|Rest|p1a: Suicune|[from]Sleep Talk
|-fail|p1a: Suicune
|move|p2a: Escavalier|Megahorn|p1a: Suicune|[miss]
|-miss|p2a: Escavalier|p1a: Suicune
|
|turn|14
|chat|Un noob inexperto|y porque dices que recuerdas mi equipo diferente?
|
|-curestatus|p1a: Suicune|slp
|move|p1a: Suicune|Scald|p2a: Escavalier
|-damage|p2a: Escavalier|0 fnt
|faint|p2a: Escavalier
|
|chat|Jejimri|te he visto combatir
|
|switch|p2a: Conkeldurr|Conkeldurr, F|373\/414
|turn|15
|
|move|p1a: Suicune|Rest|p1a: Suicune
|-status|p1a: Suicune|slp
|-heal|p1a: Suicune|404\/404 slp|[silent]
|-status|p1a: Suicune|slp|[from] move: Rest
|move|p2a: Conkeldurr|Drain Punch|p1a: Suicune
|-damage|p1a: Suicune|266\/404 slp
|-heal|p2a: Conkeldurr|414\/414|[from] drain|[of] p1a: Suicune
|-damage|p2a: Conkeldurr|373\/414|[from] item: Life Orb
|
|turn|16
|chat|Un noob inexperto|oh
|chat|Jejimri|tengo lag
|
|cant|p1a: Suicune|slp
|move|p1a: Suicune|Sleep Talk|p1a: Suicune
|move|p1a: Suicune|Scald|p2a: Conkeldurr|[from]Sleep Talk
|-crit|p2a: Conkeldurr
|-damage|p2a: Conkeldurr|0 fnt
|faint|p2a: Conkeldurr
|
|chat|Un noob inexperto|todos tiene lag
|
|switch|p2a: Steelix|Steelix, M|354\/354
|turn|17
|
|cant|p1a: Suicune|slp
|move|p1a: Suicune|Sleep Talk|p1a: Suicune
|move|p1a: Suicune|Calm Mind|p1a: Suicune|[from]Sleep Talk
|-boost|p1a: Suicune|spa|1
|-boost|p1a: Suicune|spd|1
|move|p2a: Steelix|Dragon Tail|p1a: Suicune
|-damage|p1a: Suicune|237\/404 slp
|drag|p1a: Charizard|Charizard-Mega-Y, M|155\/298
|-weather|SunnyDay
|
|-weather|SunnyDay|[upkeep]
|turn|18
|
|move|p1a: Charizard|Fire Blast|p2a: Steelix
|-supereffective|p2a: Steelix
|-activate|p2a: Steelix|Sturdy
|-damage|p2a: Steelix|1\/354
|move|p2a: Steelix|Dragon Tail|p1a: Charizard
|-damage|p1a: Charizard|106\/298
|drag|p1a: Suicune|Suicune|237\/404 slp
|-ability|p1a: Suicune|Pressure
|
|-weather|SunnyDay|[upkeep]
|turn|19
|
|-curestatus|p1a: Suicune|slp
|move|p1a: Suicune|Scald|p2a: Steelix
|-crit|p2a: Steelix
|-supereffective|p2a: Steelix
|-damage|p2a: Steelix|0 fnt
|faint|p2a: Steelix
|
|-weather|SunnyDay|[upkeep]
|
|switch|p2a: Claydol|Claydol|261\/261
|turn|20
|
|move|p1a: Suicune|Scald|p2a: Claydol
|-supereffective|p2a: Claydol
|-damage|p2a: Claydol|201\/261
|-enditem|p2a: Claydol|Enigma Berry|[eat]
|-heal|p2a: Claydol|261\/261|[from] item: Enigma Berry
|move|p2a: Claydol|Trick Room|p2a: Claydol
|-fieldstart|move: Trick Room|[of] p2a: Claydol
|
|-weather|SunnyDay|[upkeep]
|turn|21
|
|move|p2a: Claydol|Extrasensory|p1a: Suicune
|-damage|p1a: Suicune|179\/404
|move|p1a: Suicune|Calm Mind|p1a: Suicune
|-boost|p1a: Suicune|spa|1
|-boost|p1a: Suicune|spd|1
|
|-weather|none
|turn|22
|
|move|p2a: Claydol|Extrasensory|p1a: Suicune
|-damage|p1a: Suicune|140\/404
|move|p1a: Suicune|Calm Mind|p1a: Suicune
|-boost|p1a: Suicune|spa|1
|-boost|p1a: Suicune|spd|1
|
|turn|23
|
|move|p2a: Claydol|Extrasensory|p1a: Suicune
|-damage|p1a: Suicune|107\/404
|move|p1a: Suicune|Scald|p2a: Claydol
|-supereffective|p2a: Claydol
|-damage|p2a: Claydol|57\/261
|
|turn|24
|
|move|p2a: Claydol|Extrasensory|p1a: Suicune
|-damage|p1a: Suicune|77\/404
|move|p1a: Suicune|Scald|p2a: Claydol
|-supereffective|p2a: Claydol
|-damage|p2a: Claydol|0 fnt
|faint|p2a: Claydol
|
|win|Un noob inexperto
|chat|Un noob inexperto|gg
|chat|Jejimri|gg