|join|Un Noob Inexperto
|join|Nsoldier21
|player|p1|Un Noob Inexperto|294
|player|p2|Nsoldier21|169
|gametype|singles
|gen|6
|tier|OU
|rated
|clearpoke
|poke|p1|Kyurem-Black
|poke|p1|Tyranitar, M
|poke|p1|Excadrill, M
|poke|p1|Dragonite, M
|poke|p1|Keldeo-Resolute
|poke|p1|Pinsir, F
|poke|p2|Pinsir, M
|poke|p2|Mandibuzz, F
|poke|p2|Heatran, M
|poke|p2|Amoonguss, M
|poke|p2|Rotom-Wash
|poke|p2|Garchomp, M
|rule|Swagger Clause: Swagger is banned
|rule|Baton Pass Clause: Limit one PokÃ©mon knowing Baton Pass
|rule|Sleep Clause Mod: Limit one foe put to sleep
|rule|Species Clause: Limit one of each PokÃ©mon
|rule|OHKO Clause: OHKO moves are banned
|rule|Moody Clause: Moody is banned
|rule|Evasion Moves Clause: Evasion moves are banned
|rule|Endless Battle Clause: Forcing endless battles is banned
|rule|HP Percentage Mod: HP is reported as percentages
|teampreview
|chat|Un Noob Inexperto|gl hf
|chat|Nsoldier21|you too
|
|start
|switch|p1a: Dragonite|Dragonite, M|323\/323
|switch|p2a: Heatran|Heatran, M|386\/386
|-item|p2a: Heatran|Air Balloon
|turn|1
|
|switch|p1a: Tyranitar|Tyranitar, M|404\/404
|-weather|Sandstorm
|switch|p2a: Mandibuzz|Mandibuzz, F|424\/424
|
|-weather|Sandstorm|[upkeep]
|turn|2
|
|move|p2a: Mandibuzz|Knock Off|p1a: Tyranitar
|-resisted|p1a: Tyranitar
|-damage|p1a: Tyranitar|366\/404
|-enditem|p1a: Tyranitar|Smooth Rock|[from] move: Knock Off|[of] p2a: Mandibuzz
|move|p1a: Tyranitar|Ice Beam|p2a: Mandibuzz
|-supereffective|p2a: Mandibuzz
|-damage|p2a: Mandibuzz|282\/424
|-status|p2a: Mandibuzz|frz
|
|-weather|Sandstorm|[upkeep]
|-heal|p2a: Mandibuzz|308\/424 frz|[from] item: Leftovers
|turn|3
|chat|Nsoldier21|great start
|
|switch|p1a: Excadrill|Excadrill, M|362\/362
|-curestatus|p2a: Mandibuzz|frz
|move|p2a: Mandibuzz|Roost|p2a: Mandibuzz
|-heal|p2a: Mandibuzz|424\/424
|
|-weather|Sandstorm|[upkeep]
|turn|4
|
|move|p1a: Excadrill|Rock Slide|p2a: Mandibuzz
|-supereffective|p2a: Mandibuzz
|-damage|p2a: Mandibuzz|271\/424
|-damage|p1a: Excadrill|326\/362|[from] item: Life Orb
|move|p2a: Mandibuzz|Knock Off|p1a: Excadrill
|-damage|p1a: Excadrill|196\/362
|-enditem|p1a: Excadrill|Life Orb|[from] move: Knock Off|[of] p2a: Mandibuzz
|
|-weather|Sandstorm|[upkeep]
|-heal|p2a: Mandibuzz|297\/424|[from] item: Leftovers
|turn|5
|
|move|p1a: Excadrill|Rock Slide|p2a: Mandibuzz
|-supereffective|p2a: Mandibuzz
|-damage|p2a: Mandibuzz|177\/424
|move|p2a: Mandibuzz|Roost|p2a: Mandibuzz
|-heal|p2a: Mandibuzz|389\/424
|
|-weather|Sandstorm|[upkeep]
|-heal|p2a: Mandibuzz|415\/424|[from] item: Leftovers
|turn|6
|
|switch|p1a: Kyurem-Black|Kyurem-Black|392\/392
|-ability|p1a: Kyurem-Black|Teravolt
|move|p2a: Mandibuzz|Knock Off|p1a: Kyurem-Black
|-damage|p1a: Kyurem-Black|293\/392
|-enditem|p1a: Kyurem-Black|Life Orb|[from] move: Knock Off|[of] p2a: Mandibuzz
|
|-weather|Sandstorm|[upkeep]
|-damage|p1a: Kyurem-Black|269\/392|[from] sandstorm
|-heal|p2a: Mandibuzz|424\/424|[from] item: Leftovers
|turn|7
|
|move|p1a: Kyurem-Black|Fusion Bolt|p2a: Mandibuzz
|-supereffective|p2a: Mandibuzz
|-damage|p2a: Mandibuzz|262\/424
|move|p2a: Mandibuzz|Whirlwind|p1a: Kyurem-Black
|drag|p1a: Excadrill|Excadrill, M|196\/362
|
|-weather|Sandstorm|[upkeep]
|-heal|p2a: Mandibuzz|288\/424|[from] item: Leftovers
|turn|8
|
|move|p1a: Excadrill|Rock Slide|p2a: Mandibuzz
|-supereffective|p2a: Mandibuzz
|-damage|p2a: Mandibuzz|168\/424
|move|p2a: Mandibuzz|Knock Off|p1a: Excadrill
|-damage|p1a: Excadrill|114\/362
|
|-weather|none
|-heal|p2a: Mandibuzz|194\/424|[from] item: Leftovers
|turn|9
|
|move|p1a: Excadrill|Rock Slide|p2a: Mandibuzz
|-supereffective|p2a: Mandibuzz
|-damage|p2a: Mandibuzz|58\/424
|move|p2a: Mandibuzz|Roost|p2a: Mandibuzz
|-heal|p2a: Mandibuzz|270\/424
|
|-heal|p2a: Mandibuzz|296\/424|[from] item: Leftovers
|turn|10
|
|move|p1a: Excadrill|Rock Slide|p2a: Mandibuzz
|-supereffective|p2a: Mandibuzz
|-damage|p2a: Mandibuzz|162\/424
|move|p2a: Mandibuzz|Roost|p2a: Mandibuzz
|-heal|p2a: Mandibuzz|374\/424
|
|-heal|p2a: Mandibuzz|400\/424|[from] item: Leftovers
|turn|11
|
|switch|p1a: Pinsir|Pinsir, F|272\/272
|move|p2a: Mandibuzz|Knock Off|p1a: Pinsir
|-damage|p1a: Pinsir|221\/272
|
|-heal|p2a: Mandibuzz|424\/424|[from] item: Leftovers
|turn|12
|
|detailschange|p1a: Pinsir|Pinsir-Mega, F
|message|Pinsir has Mega Evolved into Mega Pinsir!
|move|p1a: Pinsir|Frustration|p2a: Mandibuzz
|-damage|p2a: Mandibuzz|241\/424
|move|p2a: Mandibuzz|Whirlwind|p1a: Pinsir
|drag|p1a: Tyranitar|Tyranitar, M|366\/404
|-weather|Sandstorm
|
|-weather|Sandstorm|[upkeep]
|-heal|p2a: Mandibuzz|267\/424|[from] item: Leftovers
|turn|13
|
|switch|p2a: Rotom-Wash|Rotom-Wash|304\/304
|move|p1a: Tyranitar|Ice Beam|p2a: Rotom-Wash
|-resisted|p2a: Rotom-Wash
|-damage|p2a: Rotom-Wash|281\/304
|
|-weather|Sandstorm|[upkeep]
|-damage|p2a: Rotom-Wash|262\/304|[from] sandstorm
|-heal|p2a: Rotom-Wash|281\/304|[from] item: Leftovers
|turn|14
|
|move|p2a: Rotom-Wash|Will-O-Wisp|p1a: Tyranitar
|-status|p1a: Tyranitar|brn
|move|p1a: Tyranitar|Stealth Rock|p2a: Rotom-Wash
|-sidestart|p2: Nsoldier21|move: Stealth Rock
|
|-weather|Sandstorm|[upkeep]
|-damage|p2a: Rotom-Wash|262\/304|[from] sandstorm
|-heal|p2a: Rotom-Wash|281\/304|[from] item: Leftovers
|-damage|p1a: Tyranitar|316\/404 brn|[from] brn
|turn|15
|
|move|p2a: Rotom-Wash|Hydro Pump|p1a: Tyranitar
|-supereffective|p1a: Tyranitar
|-damage|p1a: Tyranitar|170\/404 brn
|move|p1a: Tyranitar|Crunch|p2a: Rotom-Wash
|-damage|p2a: Rotom-Wash|220\/304
|
|-weather|Sandstorm|[upkeep]
|-damage|p2a: Rotom-Wash|201\/304|[from] sandstorm
|-heal|p2a: Rotom-Wash|220\/304|[from] item: Leftovers
|-damage|p1a: Tyranitar|120\/404 brn|[from] brn
|turn|16
|
|move|p2a: Rotom-Wash|Volt Switch|p1a: Tyranitar
|-damage|p1a: Tyranitar|78\/404 brn
|
|switch|p2a: Mandibuzz|Mandibuzz, F|267\/424
|-damage|p2a: Mandibuzz|161\/424|[from] Stealth Rock
|move|p1a: Tyranitar|Crunch|p2a: Mandibuzz
|-resisted|p2a: Mandibuzz
|-damage|p2a: Mandibuzz|139\/424
|
|-weather|none
|-heal|p2a: Mandibuzz|165\/424|[from] item: Leftovers
|-damage|p1a: Tyranitar|28\/404 brn|[from] brn
|turn|17
|
|move|p2a: Mandibuzz|Roost|p2a: Mandibuzz
|-heal|p2a: Mandibuzz|377\/424
|move|p1a: Tyranitar|Ice Beam|p2a: Mandibuzz
|-damage|p2a: Mandibuzz|298\/424
|
|-heal|p2a: Mandibuzz|324\/424|[from] item: Leftovers
|-damage|p1a: Tyranitar|0 fnt|[from] brn
|faint|p1a: Tyranitar
|
|switch|p1a: Dragonite|Dragonite, M|323\/323
|turn|18
|
|move|p1a: Dragonite|Outrage|p2a: Mandibuzz
|-damage|p2a: Mandibuzz|110\/424
|move|p2a: Mandibuzz|Defog|p1a: Dragonite
|-unboost|p1a: Dragonite|evasion|1
|-sideend|p2: Nsoldier21|Stealth Rock|[from] move: Defog|[of] p2a: Mandibuzz
|
|-heal|p2a: Mandibuzz|136\/424|[from] item: Leftovers
|turn|19
|
|switch|p2a: Heatran|Heatran, M|386\/386
|-item|p2a: Heatran|Air Balloon
|move|p1a: Dragonite|Outrage|p2a: Heatran
|-resisted|p2a: Heatran
|-damage|p2a: Heatran|230\/386
|-enditem|p2a: Heatran|Air Balloon
|
|-end|p1a: Dragonite|rampage
|-start|p1a: Dragonite|confusion
|turn|20
|
|switch|p1a: Excadrill|Excadrill, M|114\/362
|move|p2a: Heatran|Stealth Rock|p1a: Excadrill
|-sidestart|p1: Un Noob Inexperto|move: Stealth Rock
|
|turn|21
|
|switch|p2a: Rotom-Wash|Rotom-Wash|220\/304
|move|p1a: Excadrill|Rapid Spin|p2a: Rotom-Wash
|-damage|p2a: Rotom-Wash|198\/304
|-sideend|p1: Un Noob Inexperto|Stealth Rock|[from] move: Rapid Spin|[of] p1a: Excadrill
|
|-heal|p2a: Rotom-Wash|217\/304|[from] item: Leftovers
|turn|22
|
|move|p1a: Excadrill|Rock Slide|p2a: Rotom-Wash
|-damage|p2a: Rotom-Wash|126\/304
|move|p2a: Rotom-Wash|Hydro Pump|p1a: Excadrill
|-supereffective|p1a: Excadrill
|-damage|p1a: Excadrill|0 fnt
|faint|p1a: Excadrill
|
|-heal|p2a: Rotom-Wash|145\/304|[from] item: Leftovers
|
|switch|p1a: Dragonite|Dragonite, M|323\/323
|turn|23
|
|move|p1a: Dragonite|Outrage|p2a: Rotom-Wash
|-damage|p2a: Rotom-Wash|0 fnt
|faint|p2a: Rotom-Wash
|
|
|switch|p2a: Heatran|Heatran, M|230\/386
|turn|24
|
|move|p1a: Dragonite|Outrage|p2a: Heatran
|-resisted|p2a: Heatran
|-damage|p2a: Heatran|62\/386
|move|p2a: Heatran|Lava Plume|p1a: Dragonite
|-resisted|p1a: Dragonite
|-damage|p1a: Dragonite|286\/323
|
|-end|p1a: Dragonite|rampage
|-start|p1a: Dragonite|confusion
|turn|25
|
|-activate|p1a: Dragonite|confusion
|move|p1a: Dragonite|Outrage|p2a: Heatran
|-resisted|p2a: Heatran
|-damage|p2a: Heatran|0 fnt
|faint|p2a: Heatran
|
|
|switch|p2a: Garchomp|Garchomp, M|358\/358
|turn|26
|
|move|p2a: Garchomp|Dragon Claw|p1a: Dragonite
|-supereffective|p1a: Dragonite
|-damage|p1a: Dragonite|0 fnt
|faint|p1a: Dragonite
|
|
|switch|p1a: Keldeo-Resolute|Keldeo-Resolute|323\/323
|turn|27
|
|switch|p2a: Mandibuzz|Mandibuzz, F|136\/424
|move|p1a: Keldeo-Resolute|Icy Wind|p2a: Mandibuzz
|-supereffective|p2a: Mandibuzz
|-damage|p2a: Mandibuzz|0 fnt
|faint|p2a: Mandibuzz
|
|
|switch|p2a: Amoonguss|Amoonguss, M|432\/432
|turn|28
|
|switch|p1a: Kyurem-Black|Kyurem-Black|269\/392
|-ability|p1a: Kyurem-Black|Teravolt
|move|p2a: Amoonguss|Spore|p1a: Kyurem-Black
|-status|p1a: Kyurem-Black|slp
|
|turn|29
|
|switch|p1a: Pinsir|Pinsir-Mega, F|221\/272
|move|p2a: Amoonguss|Foul Play|p1a: Pinsir
|-damage|p1a: Pinsir|106\/272
|
|turn|30
|
|move|p1a: Pinsir|Frustration|p2a: Amoonguss
|-supereffective|p2a: Amoonguss
|-damage|p2a: Amoonguss|0 fnt
|faint|p2a: Amoonguss
|
|
|switch|p2a: Garchomp|Garchomp, M|358\/358
|turn|31
|
|switch|p1a: Kyurem-Black|Kyurem-Black|269\/392 slp
|-ability|p1a: Kyurem-Black|Teravolt
|move|p2a: Garchomp|Dragon Claw|p1a: Kyurem-Black
|-supereffective|p1a: Kyurem-Black
|-damage|p1a: Kyurem-Black|0 fnt
|faint|p1a: Kyurem-Black
|
|
|switch|p1a: Keldeo-Resolute|Keldeo-Resolute|323\/323
|turn|32
|
|switch|p2a: Pinsir|Pinsir, M|334\/334
|-ability|p2a: Pinsir|Mold Breaker
|move|p1a: Keldeo-Resolute|Icy Wind|p2a: Pinsir
|-damage|p2a: Pinsir|193\/334
|-unboost|p2a: Pinsir|spe|1
|
|turn|33
|
|detailschange|p2a: Pinsir|Pinsir-Mega, M
|message|Pinsir has Mega Evolved into Mega Pinsir!
|move|p2a: Pinsir|Quick Attack|p1a: Keldeo-Resolute
|-supereffective|p1a: Keldeo-Resolute
|-damage|p1a: Keldeo-Resolute|71\/323
|move|p1a: Keldeo-Resolute|Icy Wind|p2a: Pinsir
|-supereffective|p2a: Pinsir
|-damage|p2a: Pinsir|0 fnt
|faint|p2a: Pinsir
|
|
|switch|p2a: Garchomp|Garchomp, M|358\/358
|turn|34
|
|move|p2a: Garchomp|Outrage|p1a: Keldeo-Resolute
|-damage|p1a: Keldeo-Resolute|0 fnt
|faint|p1a: Keldeo-Resolute
|
|chat|Nsoldier21|gg
|chat|Un Noob Inexperto|gg
|
|switch|p1a: Pinsir|Pinsir-Mega, F|106\/272
|turn|35
|
|move|p1a: Pinsir|Quick Attack|p2a: Garchomp
|-damage|p2a: Garchomp|252\/358
|-damage|p1a: Pinsir|72\/272|[from] ability: Rough Skin|[of] p2a: Garchomp
|move|p2a: Garchomp|Outrage|p1a: Pinsir
|-damage|p1a: Pinsir|0 fnt
|faint|p1a: Pinsir
|
|win|Nsoldier21
|raw|Ladder updating...
|raw|Un Noob Inexperto's rating: 1600 &rarr; <strong>1579<\/strong><br \/>(-21 for losing)
|raw|Nsoldier21's rating: 1576 &rarr; <strong>1597<\/strong><br \/>(+21 for winning)
|leave|Un Noob Inexperto
|player|p1