|join|Un noob inexperto
|join|JiaShengz
|player|p1|Un noob inexperto|294
|player|p2|JiaShengz|169
|gametype|singles
|gen|6
|tier|OU
|rated
|clearpoke
|poke|p1|Gyarados, F
|poke|p1|Tyranitar, M
|poke|p1|Excadrill, F
|poke|p1|Dragonite, F
|poke|p1|Talonflame, M
|poke|p1|Pinsir, F
|poke|p2|Sableye, M
|poke|p2|Gliscor, F
|poke|p2|Tentacruel, M
|poke|p2|Skarmory, M
|poke|p2|Chansey, F
|poke|p2|Clefable, F
|rule|Swagger Clause: Swagger is banned
|rule|Baton Pass Clause: Limit one PokÃ©mon knowing Baton Pass
|rule|Sleep Clause Mod: Limit one foe put to sleep
|rule|Species Clause: Limit one of each PokÃ©mon
|rule|OHKO Clause: OHKO moves are banned
|rule|Moody Clause: Moody is banned
|rule|Evasion Moves Clause: Evasion moves are banned
|rule|Endless Battle Clause: Forcing endless battles is banned
|rule|HP Percentage Mod: HP is shown in percentages
|teampreview
|
|start
|switch|p1a: c|Talonflame, M|297\/297
|switch|p2a: Tentacruel|Tentacruel, M|363\/363
|turn|1
|
|move|p1a: c|U-turn|p2a: Tentacruel
|-resisted|p2a: Tentacruel
|-damage|p2a: Tentacruel|319\/363
|
|switch|p1a: Gyarados|Gyarados, F|332\/332
|move|p2a: Tentacruel|Toxic Spikes|p1a: Gyarados
|-sidestart|p1: Un noob inexperto|move: Toxic Spikes
|
|-heal|p2a: Tentacruel|341\/363|[from] item: Black Sludge
|turn|2
|
|move|p1a: Gyarados|Dragon Dance|p1a: Gyarados
|-boost|p1a: Gyarados|atk|1
|-boost|p1a: Gyarados|spe|1
|move|p2a: Tentacruel|Toxic Spikes|p1a: Gyarados
|-sidestart|p1: Un noob inexperto|move: Toxic Spikes
|
|-heal|p2a: Tentacruel|363\/363|[from] item: Black Sludge
|turn|3
|
|move|p1a: Gyarados|Earthquake|p2a: Tentacruel
|-supereffective|p2a: Tentacruel
|-damage|p2a: Tentacruel|3\/363
|move|p2a: Tentacruel|Scald|p1a: Gyarados
|-resisted|p1a: Gyarados
|-damage|p1a: Gyarados|293\/332
|
|-heal|p2a: Tentacruel|25\/363|[from] item: Black Sludge
|turn|4
|
|move|p1a: Gyarados|Waterfall|p2a: Tentacruel
|-resisted|p2a: Tentacruel
|-damage|p2a: Tentacruel|0 fnt
|faint|p2a: Tentacruel
|-boost|p1a: Gyarados|atk|1|[from] ability: Moxie
|
|
|switch|p2a: Sableye|Sableye, M|304\/304
|turn|5
|
|detailschange|p2a: Sableye|Sableye-Mega, M
|-mega|p2a: Sableye|Sableye|Sablenite
|move|p2a: Sableye|Will-O-Wisp|p1a: Gyarados
|-status|p1a: Gyarados|brn
|-enditem|p1a: Gyarados|Lum Berry|[eat]
|-curestatus|p1a: Gyarados|brn
|move|p1a: Gyarados|Waterfall|p2a: Sableye
|-damage|p2a: Sableye|121\/304
|
|turn|6
|
|switch|p2a: Clefable|Clefable, F|394\/394
|move|p1a: Gyarados|Waterfall|p2a: Clefable
|-damage|p2a: Clefable|265\/394
|
|-heal|p2a: Clefable|289\/394|[from] item: Leftovers
|turn|7
|
|switch|p1a: Topo|Excadrill, F|362\/362
|move|p2a: Clefable|Wish|p2a: Clefable
|
|-heal|p2a: Clefable|313\/394|[from] item: Leftovers
|turn|8
|
|switch|p2a: Gliscor|Gliscor, F|354\/354
|move|p1a: Topo|Earthquake|p2a: Gliscor
|-immune|p2a: Gliscor|[msg]
|
|-status|p2a: Gliscor|tox|[from] item: Toxic Orb
|turn|9
|
|switch|p1a: Gyarados|Gyarados, F|293\/332
|move|p2a: Gliscor|Earthquake|p1a: Gyarados
|-immune|p1a: Gyarados|[msg]
|
|turn|10
|
|switch|p2a: Skarmory|Skarmory, M|334\/334
|move|p1a: Gyarados|Waterfall|p2a: Skarmory
|-damage|p2a: Skarmory|249\/334
|
|turn|11
|
|switch|p2a: Sableye|Sableye-Mega, M|121\/304
|move|p1a: Gyarados|Dragon Dance|p1a: Gyarados
|-boost|p1a: Gyarados|atk|1
|-boost|p1a: Gyarados|spe|1
|
|turn|12
|
|switch|p2a: Clefable|Clefable, F|313\/394
|move|p1a: Gyarados|Waterfall|p2a: Clefable
|-damage|p2a: Clefable|187\/394
|
|-heal|p2a: Clefable|211\/394|[from] item: Leftovers
|turn|13
|
|move|p1a: Gyarados|Waterfall|p2a: Clefable
|-damage|p2a: Clefable|81\/394
|move|p2a: Clefable|Wish|p2a: Clefable
|
|-heal|p2a: Clefable|105\/394|[from] item: Leftovers
|turn|14
|
|move|p2a: Clefable|Protect|p2a: Clefable
|-singleturn|p2a: Clefable|Protect
|move|p1a: Gyarados|Waterfall|p2a: Clefable
|-activate|p2a: Clefable|Protect
|
|-heal|p2a: Clefable|302\/394|[from] move: Wish|[wisher] Clefable
|-heal|p2a: Clefable|326\/394|[from] item: Leftovers
|turn|15
|
|move|p1a: Gyarados|Waterfall|p2a: Clefable
|-damage|p2a: Clefable|196\/394
|cant|p2a: Clefable|flinch
|
|-heal|p2a: Clefable|220\/394|[from] item: Leftovers
|turn|16
|
|move|p1a: Gyarados|Waterfall|p2a: Clefable
|-damage|p2a: Clefable|75\/394
|cant|p2a: Clefable|flinch
|
|-heal|p2a: Clefable|99\/394|[from] item: Leftovers
|turn|17
|
|move|p2a: Clefable|Protect|p2a: Clefable
|-singleturn|p2a: Clefable|Protect
|move|p1a: Gyarados|Waterfall|p2a: Clefable
|-activate|p2a: Clefable|Protect
|
|-heal|p2a: Clefable|123\/394|[from] item: Leftovers
|turn|18
|
|switch|p2a: Chansey|Chansey, F|703\/703
|move|p1a: Gyarados|Waterfall|p2a: Chansey
|-damage|p2a: Chansey|417\/703
|
|turn|19
|
|move|p1a: Gyarados|Waterfall|p2a: Chansey
|-damage|p2a: Chansey|120\/703
|move|p2a: Chansey|Wish|p2a: Chansey
|
|turn|20
|
|switch|p2a: Skarmory|Skarmory, M|249\/334
|move|p1a: Gyarados|Waterfall|p2a: Skarmory
|-damage|p2a: Skarmory|116\/334
|
|-heal|p2a: Skarmory|334\/334|[from] move: Wish|[wisher] Chansey
|turn|21
|
|move|p1a: Gyarados|Waterfall|p2a: Skarmory
|-damage|p2a: Skarmory|195\/334
|move|p2a: Skarmory|Whirlwind|p1a: Gyarados
|drag|p1a: Topo|Excadrill, F|362\/362
|
|turn|22
|
|switch|p2a: Sableye|Sableye-Mega, M|121\/304
|move|p1a: Topo|Rapid Spin|p2a: Sableye
|-immune|p2a: Sableye|[msg]
|
|turn|23
|
|move|p1a: Topo|Earthquake|p2a: Sableye
|-damage|p2a: Sableye|0 fnt
|-damage|p1a: Topo|326\/362|[from] item: Life Orb
|faint|p2a: Sableye
|
|
|switch|p2a: Gliscor|Gliscor, F|354\/354 tox
|turn|24
|
|switch|p1a: Gyarados|Gyarados, F|293\/332
|move|p2a: Gliscor|Earthquake|p1a: Gyarados
|-immune|p1a: Gyarados|[msg]
|
|turn|25
|
|move|p1a: Gyarados|Waterfall|p2a: Gliscor
|-supereffective|p2a: Gliscor
|-damage|p2a: Gliscor|94\/354 tox
|move|p2a: Gliscor|Taunt|p1a: Gyarados
|-start|p1a: Gyarados|move: Taunt
|
|-heal|p2a: Gliscor|138\/354 tox|[from] ability: Poison Heal
|turn|26
|
|switch|p2a: Skarmory|Skarmory, M|195\/334
|move|p1a: Gyarados|Waterfall|p2a: Skarmory
|-damage|p2a: Skarmory|110\/334
|
|turn|27
|
|move|p1a: Gyarados|Waterfall|p2a: Skarmory
|-damage|p2a: Skarmory|29\/334
|move|p2a: Skarmory|Roost|p2a: Skarmory
|-heal|p2a: Skarmory|196\/334
|
|turn|28
|
|switch|p1a: c|Talonflame, M|297\/297
|move|p2a: Skarmory|Roost|p2a: Skarmory
|-heal|p2a: Skarmory|334\/334
|
|turn|29
|
|move|p1a: c|Flare Blitz|p2a: Skarmory
|-supereffective|p2a: Skarmory
|-damage|p2a: Skarmory|76\/334
|-damage|p1a: c|212\/297|[from] recoil|[of] p2a: Skarmory
|move|p2a: Skarmory|Stealth Rock|p1a: c
|-sidestart|p1: Un noob inexperto|move: Stealth Rock
|
|turn|30
|
|switch|p2a: Clefable|Clefable, F|123\/394
|move|p1a: c|Flare Blitz|p2a: Clefable
|-damage|p2a: Clefable|0 fnt
|-damage|p1a: c|171\/297|[from] recoil|[of] p2a: Clefable
|faint|p2a: Clefable
|
|
|switch|p2a: Chansey|Chansey, F|120\/703
|turn|31
|
|move|p1a: c|Flare Blitz|p2a: Chansey
|-damage|p2a: Chansey|0 fnt
|-damage|p1a: c|131\/297|[from] recoil|[of] p2a: Chansey
|faint|p2a: Chansey
|
|-message|JiaShengz forfeited.
|leave|JiaShengz
|
|win|Un noob inexperto
|raw|Ladder updating...
|player|p2
|raw|Un noob inexperto's rating: 1592 &rarr; <strong>1619<\/strong><br \/>(+27 for winning)
|raw|JiaShengz's rating: 1705 &rarr; <strong>1678<\/strong><br \/>(-27 for losing)