|join|The life
|join|bill1218
|player|p1|The life|80
|player|p2|bill1218|293
|gametype|singles
|gen|6
|tier|OU
|rated
|clearpoke
|poke|p1|Gardevoir, F
|poke|p1|Heatran, F
|poke|p1|Goodra, F
|poke|p1|Azumarill, M
|poke|p1|Scrafty, M
|poke|p1|Excadrill, M
|poke|p2|Nidoking, M, shiny
|poke|p2|Milotic, M
|poke|p2|Gardevoir, F
|poke|p2|Metagross
|poke|p2|Dragonite, M
|poke|p2|Conkeldurr, M
|rule|Swagger Clause: Swagger is banned
|rule|Baton Pass Clause: Limit one PokÃ©mon knowing Baton Pass
|rule|Sleep Clause Mod: Limit one foe put to sleep
|rule|Species Clause: Limit one of each PokÃ©mon
|rule|OHKO Clause: OHKO moves are banned
|rule|Moody Clause: Moody is banned
|rule|Evasion Moves Clause: Evasion moves are banned
|rule|Endless Battle Clause: Forcing endless battles is banned
|rule|HP Percentage Mod: HP is shown in percentages
|teampreview
|
|start
|switch|p1a: Gardevoir|Gardevoir, F|278\/278
|switch|p2a: Metagross|Metagross|364\/364
|-ability|p1a: Gardevoir|Clear Body|[from] ability: Trace|[of] p2a: Metagross
|turn|1
|
|switch|p1a: Heatran|Heatran, F|386\/386
|move|p2a: Metagross|Meteor Mash|p1a: Heatran
|-resisted|p1a: Heatran
|-damage|p1a: Heatran|359\/386
|-boost|p2a: Metagross|atk|1
|
|-heal|p1a: Heatran|383\/386|[from] item: Leftovers
|turn|2
|
|move|p2a: Metagross|Earthquake|p1a: Heatran
|-supereffective|p1a: Heatran
|-damage|p1a: Heatran|0 fnt
|faint|p1a: Heatran
|
|
|switch|p1a: Scrafty|Scrafty, M|334\/334
|turn|3
|
|switch|p2a: Conkeldurr|Conkeldurr, M|414\/414
|move|p1a: Scrafty|Crunch|p2a: Conkeldurr
|-resisted|p2a: Conkeldurr
|-damage|p2a: Conkeldurr|348\/414
|-unboost|p2a: Conkeldurr|def|1
|
|turn|4
|
|switch|p1a: Gardevoir|Gardevoir, F|278\/278
|-ability|p1a: Gardevoir|Guts|[from] ability: Trace|[of] p2a: Conkeldurr
|move|p2a: Conkeldurr|Drain Punch|p1a: Gardevoir
|-resisted|p1a: Gardevoir
|-damage|p1a: Gardevoir|227\/278
|-heal|p2a: Conkeldurr|374\/414|[from] drain|[of] p1a: Gardevoir
|
|turn|5
|
|switch|p2a: Metagross|Metagross|364\/364
|detailschange|p1a: Gardevoir|Gardevoir-Mega, F
|message|Gardevoir has Mega Evolved into Mega Gardevoir!
|move|p1a: Gardevoir|Hyper Voice|p2a: Metagross
|-resisted|p2a: Metagross
|-damage|p2a: Metagross|286\/364
|
|turn|6
|
|switch|p1a: Scrafty|Scrafty, M|334\/334
|move|p2a: Metagross|Meteor Mash|p1a: Scrafty
|-damage|p1a: Scrafty|193\/334
|-boost|p2a: Metagross|atk|1
|
|turn|7
|
|switch|p2a: Conkeldurr|Conkeldurr, M|374\/414
|move|p1a: Scrafty|Crunch|p2a: Conkeldurr
|-resisted|p2a: Conkeldurr
|-damage|p2a: Conkeldurr|309\/414
|-unboost|p2a: Conkeldurr|def|1
|
|turn|8
|
|move|p1a: Scrafty|Drain Punch|p2a: Conkeldurr
|-crit|p2a: Conkeldurr
|-damage|p2a: Conkeldurr|23\/414
|-heal|p1a: Scrafty|334\/334|[from] drain|[of] p2a: Conkeldurr
|move|p2a: Conkeldurr|Drain Punch|p1a: Scrafty
|-supereffective|p1a: Scrafty
|-damage|p1a: Scrafty|68\/334
|-heal|p2a: Conkeldurr|156\/414|[from] drain|[of] p1a: Scrafty
|
|turn|9
|
|move|p2a: Conkeldurr|Mach Punch|p1a: Scrafty
|-supereffective|p1a: Scrafty
|-damage|p1a: Scrafty|0 fnt
|faint|p1a: Scrafty
|
|
|switch|p1a: Gardevoir|Gardevoir-Mega, F|227\/278
|turn|10
|
|move|p2a: Conkeldurr|Mach Punch|p1a: Gardevoir
|-resisted|p1a: Gardevoir
|-damage|p1a: Gardevoir|200\/278
|move|p1a: Gardevoir|Hidden Power|p2a: Conkeldurr
|-damage|p2a: Conkeldurr|88\/414
|
|turn|11
|
|move|p2a: Conkeldurr|Mach Punch|p1a: Gardevoir
|-resisted|p1a: Gardevoir
|-damage|p1a: Gardevoir|172\/278
|move|p1a: Gardevoir|Psyshock|p2a: Conkeldurr
|-supereffective|p2a: Conkeldurr
|-damage|p2a: Conkeldurr|0 fnt
|faint|p2a: Conkeldurr
|
|
|switch|p2a: Metagross|Metagross|286\/364
|turn|12
|
|move|p1a: Gardevoir|Hidden Power|p2a: Metagross
|-supereffective|p2a: Metagross
|-damage|p2a: Metagross|162\/364
|move|p2a: Metagross|Meteor Mash|p1a: Gardevoir
|-supereffective|p1a: Gardevoir
|-damage|p1a: Gardevoir|0 fnt
|faint|p1a: Gardevoir
|
|
|switch|p1a: Excadrill|Excadrill, M|362\/362
|-ability|p1a: Excadrill|Mold Breaker
|turn|13
|
|switch|p2a: Dragonite|Dragonite, M|335\/335
|move|p1a: Excadrill|Earthquake|p2a: Dragonite
|-immune|p2a: Dragonite|[msg]
|
|turn|14
|
|switch|p1a: Azumarill|Azumarill, M|404\/404
|move|p2a: Dragonite|Dragon Dance|p2a: Dragonite
|-boost|p2a: Dragonite|atk|1
|-boost|p2a: Dragonite|spe|1
|
|turn|15
|
|move|p2a: Dragonite|Earthquake|p1a: Azumarill
|-damage|p1a: Azumarill|203\/404
|move|p1a: Azumarill|Play Rough|p2a: Dragonite
|-crit|p2a: Dragonite
|-supereffective|p2a: Dragonite
|-damage|p2a: Dragonite|22\/335
|-enditem|p2a: Dragonite|Weakness Policy
|-boost|p2a: Dragonite|atk|2|[from] item: Weakness Policy
|-boost|p2a: Dragonite|spa|2|[from] item: Weakness Policy
|
|turn|16
|
|move|p2a: Dragonite|Extreme Speed|p1a: Azumarill
|-damage|p1a: Azumarill|0 fnt
|faint|p1a: Azumarill
|
|
|switch|p1a: Excadrill|Excadrill, M|362\/362
|-ability|p1a: Excadrill|Mold Breaker
|turn|17
|
|move|p1a: Excadrill|Rock Slide|p2a: Dragonite
|-miss|p1a: Excadrill|p2a: Dragonite
|move|p2a: Dragonite|Earthquake|p1a: Excadrill
|-crit|p1a: Excadrill
|-supereffective|p1a: Excadrill
|-damage|p1a: Excadrill|0 fnt
|faint|p1a: Excadrill
|
|
|switch|p1a: Goodra|Goodra, F|361\/361
|turn|18
|
|move|p2a: Dragonite|Dragon Claw|p1a: Goodra
|-supereffective|p1a: Goodra
|-damage|p1a: Goodra|0 fnt
|faint|p1a: Goodra
|
|win|bill1218
|raw|Ladder updating...
|raw|The life's rating: 1227 &rarr; <strong>1198<\/strong><br \/>(-29 for losing)
|raw|bill1218's rating: 1176 &rarr; <strong>1205<\/strong><br \/>(+29 for winning)
|c|âThe life|gg
|leave|The life
|player|p1
|c|âbill1218|GG