|join|Bill1218
|join|NevadaStreets
|player|p1|Bill1218|169
|player|p2|NevadaStreets|253
|gametype|singles
|gen|6
|tier|OU
|rated
|clearpoke
|poke|p1|Azumarill, F
|poke|p1|Clefable, M
|poke|p1|Charizard, F
|poke|p1|Thundurus, M
|poke|p1|Garchomp, F
|poke|p1|Weavile, M
|poke|p2|Dragonite, F
|poke|p2|Meloetta
|poke|p2|Landorus-Therian, M, shiny
|poke|p2|Skarmory, F
|poke|p2|Victini
|poke|p2|Manectric, M
|rule|Swagger Clause: Swagger is banned
|rule|Baton Pass Clause: Limit one PokÃ©mon knowing Baton Pass
|rule|Sleep Clause Mod: Limit one foe put to sleep
|rule|Species Clause: Limit one of each PokÃ©mon
|rule|OHKO Clause: OHKO moves are banned
|rule|Moody Clause: Moody is banned
|rule|Evasion Moves Clause: Evasion moves are banned
|rule|Endless Battle Clause: Forcing endless battles is banned
|rule|HP Percentage Mod: HP is shown in percentages
|teampreview
|
|start
|switch|p1a: Thundurus|Thundurus, M|362\/362
|switch|p2a: Manectric|Manectric, M|281\/281
|turn|1
|
|detailschange|p2a: Manectric|Manectric-Mega, M
|message|Manectric has Mega Evolved into Mega Manectric!
|-ability|p2a: Manectric|Intimidate|[of] p1a: Thundurus
|-unboost|p1a: Thundurus|atk|1
|move|p2a: Manectric|Hidden Power|p1a: Thundurus
|-supereffective|p1a: Thundurus
|-damage|p1a: Thundurus|150\/362
|move|p1a: Thundurus|Foul Play|p2a: Manectric
|-damage|p2a: Manectric|213\/281
|
|-heal|p1a: Thundurus|172\/362|[from] item: Leftovers
|turn|2
|
|move|p2a: Manectric|Hidden Power|p1a: Thundurus
|-supereffective|p1a: Thundurus
|-damage|p1a: Thundurus|0 fnt
|faint|p1a: Thundurus
|
|
|switch|p1a: Charizard|Charizard, F|321\/321
|turn|3
|
|detailschange|p1a: Charizard|Charizard-Mega-X, F
|message|Charizard has Mega Evolved into Mega Charizard!
|move|p2a: Manectric|Volt Switch|p1a: Charizard
|-resisted|p1a: Charizard
|-damage|p1a: Charizard|242\/321
|
|switch|p2a: Landorus-Therian|Landorus-Therian, M, shiny|320\/320
|-ability|p2a: Landorus-Therian|Intimidate|[of] p1a: Charizard
|-unboost|p1a: Charizard|atk|1
|move|p1a: Charizard|Dragon Dance|p1a: Charizard
|-boost|p1a: Charizard|atk|1
|-boost|p1a: Charizard|spe|1
|
|turn|4
|
|move|p2a: Landorus-Therian|Earthquake|p1a: Charizard
|-supereffective|p1a: Charizard
|-damage|p1a: Charizard|0 fnt
|faint|p1a: Charizard
|
|
|switch|p1a: Weavile|Weavile, M|282\/282
|turn|5
|
|switch|p2a: Skarmory|Skarmory, F|334\/334
|move|p1a: Weavile|Ice Punch|p2a: Skarmory
|-crit|p2a: Skarmory
|-damage|p2a: Skarmory|228\/334
|
|-heal|p2a: Skarmory|248\/334|[from] item: Leftovers
|turn|6
|
|move|p1a: Weavile|Ice Punch|p2a: Skarmory
|-damage|p2a: Skarmory|170\/334
|-status|p2a: Skarmory|frz
|cant|p2a: Skarmory|frz
|
|-heal|p2a: Skarmory|190\/334 frz|[from] item: Leftovers
|turn|7
|
|move|p1a: Weavile|Ice Punch|p2a: Skarmory
|-damage|p2a: Skarmory|115\/334 frz
|cant|p2a: Skarmory|frz
|
|-heal|p2a: Skarmory|135\/334 frz|[from] item: Leftovers
|turn|8
|
|switch|p2a: Dragonite|Dragonite, F|386\/386
|move|p1a: Weavile|Ice Punch|p2a: Dragonite
|-supereffective|p2a: Dragonite
|-damage|p2a: Dragonite|134\/386
|-enditem|p2a: Dragonite|Weakness Policy
|-boost|p2a: Dragonite|atk|2|[from] item: Weakness Policy
|-boost|p2a: Dragonite|spa|2|[from] item: Weakness Policy
|
|turn|9
|
|move|p2a: Dragonite|Extreme Speed|p1a: Weavile
|-enditem|p1a: Weavile|Focus Sash
|-damage|p1a: Weavile|1\/282
|move|p1a: Weavile|Ice Shard|p2a: Dragonite
|-supereffective|p2a: Dragonite
|-damage|p2a: Dragonite|0 fnt
|faint|p2a: Dragonite
|
|
|switch|p2a: Skarmory|Skarmory, F|135\/334 frz
|turn|10
|
|move|p1a: Weavile|Ice Punch|p2a: Skarmory
|-damage|p2a: Skarmory|65\/334 frz
|-curestatus|p2a: Skarmory|frz
|move|p2a: Skarmory|Roost|p2a: Skarmory
|-heal|p2a: Skarmory|232\/334
|
|-heal|p2a: Skarmory|252\/334|[from] item: Leftovers
|turn|11
|
|switch|p1a: Clefable|Clefable, M|394\/394
|move|p2a: Skarmory|Stealth Rock|p1a: Clefable
|-sidestart|p1: Bill1218|move: Stealth Rock
|
|-heal|p2a: Skarmory|272\/334|[from] item: Leftovers
|turn|12
|
|switch|p2a: Victini|Victini|341\/341
|move|p1a: Clefable|Cosmic Power|p1a: Clefable
|-boost|p1a: Clefable|def|1
|-boost|p1a: Clefable|spd|1
|
|turn|13
|
|move|p2a: Victini|V-create|p1a: Clefable
|-damage|p1a: Clefable|201\/394
|-unboost|p2a: Victini|def|1
|-unboost|p2a: Victini|spd|1
|-unboost|p2a: Victini|spe|1
|move|p1a: Clefable|Cosmic Power|p1a: Clefable
|-boost|p1a: Clefable|def|1
|-boost|p1a: Clefable|spd|1
|
|turn|14
|
|switch|p2a: Skarmory|Skarmory, F|272\/334
|move|p1a: Clefable|Moonlight|p1a: Clefable
|-heal|p1a: Clefable|394\/394
|
|-heal|p2a: Skarmory|292\/334|[from] item: Leftovers
|turn|15
|
|move|p1a: Clefable|Flamethrower|p2a: Skarmory
|-supereffective|p2a: Skarmory
|-damage|p2a: Skarmory|108\/334
|move|p2a: Skarmory|Whirlwind|p1a: Clefable
|drag|p1a: Garchomp|Garchomp, F|358\/358
|-damage|p1a: Garchomp|336\/358|[from] Stealth Rock
|
|-heal|p2a: Skarmory|128\/334|[from] item: Leftovers
|turn|16
|
|move|p1a: Garchomp|Stone Edge|p2a: Skarmory|[miss]
|-miss|p1a: Garchomp|p2a: Skarmory
|move|p2a: Skarmory|Roost|p2a: Skarmory
|-heal|p2a: Skarmory|295\/334
|
|-heal|p2a: Skarmory|315\/334|[from] item: Leftovers
|turn|17
|
|move|p1a: Garchomp|Stone Edge|p2a: Skarmory|[miss]
|-miss|p1a: Garchomp|p2a: Skarmory
|move|p2a: Skarmory|Spikes|p1a: Garchomp
|-sidestart|p1: Bill1218|Spikes
|
|-heal|p2a: Skarmory|334\/334|[from] item: Leftovers
|turn|18
|
|move|p1a: Garchomp|Stone Edge|p2a: Skarmory|[miss]
|-miss|p1a: Garchomp|p2a: Skarmory
|move|p2a: Skarmory|Spikes|p1a: Garchomp
|-sidestart|p1: Bill1218|Spikes
|
|turn|19
|-message|Bill1218 forfeited.
|
|win|NevadaStreets
|raw|Ladder updating...
|leave|Bill1218
|player|p1
|c|âNevadaStreets|asd
|raw|Ladder (probably) updated, but score could not be retrieved (timeout).
|raw|Ladder (probably) updated, but score could not be retrieved (Error: socket hang up).
|c|âNevadaStreets|elo pls