|join|Endika
|join|bill1218
|player|p1|Endika|33
|player|p2|bill1218|78
|gametype|singles
|gen|6
|tier|OU
|rated
|clearpoke
|poke|p1|Conkeldurr, M
|poke|p1|Talonflame, F
|poke|p1|Scizor, M
|poke|p1|Gyarados, M
|poke|p1|Blissey, F
|poke|p1|Landorus-Therian, M
|poke|p2|Tyranitar, M
|poke|p2|Swampert, M
|poke|p2|Gardevoir, F, shiny
|poke|p2|Metagross
|poke|p2|Rotom-Wash
|poke|p2|Excadrill, F
|rule|Swagger Clause: Swagger is banned
|rule|Baton Pass Clause: Limit one PokÃ©mon knowing Baton Pass
|rule|Sleep Clause Mod: Limit one foe put to sleep
|rule|Species Clause: Limit one of each PokÃ©mon
|rule|OHKO Clause: OHKO moves are banned
|rule|Moody Clause: Moody is banned
|rule|Evasion Moves Clause: Evasion moves are banned
|rule|Endless Battle Clause: Forcing endless battles is banned
|rule|HP Percentage Mod: HP is shown in percentages
|teampreview
|
|start
|switch|p1a: Talonflame|Talonflame, F|299\/299
|switch|p2a: Swampert|Swampert, M|404\/404
|turn|1
|
|move|p1a: Talonflame|U-turn|p2a: Swampert
|-damage|p2a: Swampert|352\/404
|
|switch|p1a: Blissey|Blissey, F|709\/709
|move|p2a: Swampert|Stealth Rock|p1a: Blissey
|-sidestart|p1: Endika|move: Stealth Rock
|
|-heal|p2a: Swampert|377\/404|[from] item: Leftovers
|turn|2
|
|switch|p2a: Gardevoir|Gardevoir, F, shiny|277\/277
|-ability|p2a: Gardevoir|Natural Cure|[from] ability: Trace|[of] p1a: Blissey
|move|p1a: Blissey|Toxic|p2a: Gardevoir
|-status|p2a: Gardevoir|tox
|
|-damage|p2a: Gardevoir|260\/277 tox|[from] psn
|turn|3
|
|move|p1a: Blissey|Protect|p1a: Blissey
|-singleturn|p1a: Blissey|Protect
|move|p2a: Gardevoir|Trick|p1a: Blissey
|-activate|p1a: Blissey|Protect
|
|-damage|p2a: Gardevoir|226\/277 tox|[from] psn
|turn|4
|
|switch|p2a: Swampert|Swampert, M|377\/404
|switch|p1a: Scizor|Scizor, M|339\/339
|-damage|p1a: Scizor|297\/339|[from] Stealth Rock
|
|-heal|p2a: Swampert|402\/404|[from] item: Leftovers
|turn|5
|
|detailschange|p1a: Scizor|Scizor-Mega, M
|message|Scizor has Mega Evolved into Mega Scizor!
|move|p1a: Scizor|Swords Dance|p1a: Scizor
|-boost|p1a: Scizor|atk|2
|move|p2a: Swampert|Scald|p1a: Scizor
|-damage|p1a: Scizor|221\/339
|
|-heal|p2a: Swampert|404\/404|[from] item: Leftovers
|turn|6
|
|move|p1a: Scizor|Bug Bite|p2a: Swampert
|-damage|p2a: Swampert|82\/404
|move|p2a: Swampert|Roar|p1a: Scizor
|drag|p1a: Landorus-Therian|Landorus-Therian, M|379\/379
|-damage|p1a: Landorus-Therian|332\/379|[from] Stealth Rock
|-ability|p1a: Landorus-Therian|Intimidate|[of] p2a: Swampert
|-unboost|p2a: Swampert|atk|1
|
|-heal|p1a: Landorus-Therian|355\/379|[from] item: Leftovers
|-heal|p2a: Swampert|107\/404|[from] item: Leftovers
|turn|7
|
|switch|p2a: Rotom-Wash|Rotom-Wash|304\/304
|move|p1a: Landorus-Therian|Knock Off|p2a: Rotom-Wash
|-damage|p2a: Rotom-Wash|182\/304
|-enditem|p2a: Rotom-Wash|Leftovers|[from] move: Knock Off|[of] p1a: Landorus-Therian
|
|-heal|p1a: Landorus-Therian|378\/379|[from] item: Leftovers
|turn|8
|
|switch|p1a: Blissey|Blissey, F|709\/709
|-damage|p1a: Blissey|621\/709|[from] Stealth Rock
|move|p2a: Rotom-Wash|Reflect|p2a: Rotom-Wash
|-sidestart|p2: bill1218|Reflect
|
|-heal|p1a: Blissey|665\/709|[from] item: Leftovers
|turn|9
|
|move|p2a: Rotom-Wash|Volt Switch|p1a: Blissey
|-damage|p1a: Blissey|602\/709
|
|switch|p2a: Metagross|Metagross|302\/302
|move|p1a: Blissey|Toxic|p2a: Metagross
|-fail|p2a: Metagross
|
|-heal|p1a: Blissey|646\/709|[from] item: Leftovers
|turn|10
|
|detailschange|p2a: Metagross|Metagross-Mega
|message|Metagross has Mega Evolved into Mega Metagross!
|move|p1a: Blissey|Protect|p1a: Blissey
|-singleturn|p1a: Blissey|Protect
|move|p2a: Metagross|Meteor Mash|p1a: Blissey
|-activate|p1a: Blissey|Protect
|
|-heal|p1a: Blissey|690\/709|[from] item: Leftovers
|turn|11
|
|switch|p1a: Gyarados|Gyarados, M|332\/332
|-damage|p1a: Gyarados|249\/332|[from] Stealth Rock
|-ability|p1a: Gyarados|Intimidate|[of] p2a: Metagross
|-unboost|p2a: Metagross|atk|1
|move|p2a: Metagross|Zen Headbutt|p1a: Gyarados
|-damage|p1a: Gyarados|84\/332
|
|-heal|p1a: Gyarados|104\/332|[from] item: Leftovers
|turn|12
|
|move|p2a: Metagross|Zen Headbutt|p1a: Gyarados
|-damage|p1a: Gyarados|0 fnt
|faint|p1a: Gyarados
|
|-sideend|p2: bill1218|Reflect
|
|switch|p1a: Landorus-Therian|Landorus-Therian, M|378\/379
|-damage|p1a: Landorus-Therian|331\/379|[from] Stealth Rock
|-ability|p1a: Landorus-Therian|Intimidate|[of] p2a: Metagross
|-unboost|p2a: Metagross|atk|1
|turn|13
|
|switch|p2a: Rotom-Wash|Rotom-Wash|182\/304
|move|p1a: Landorus-Therian|Stealth Rock|p2a: Rotom-Wash
|-sidestart|p2: bill1218|move: Stealth Rock
|
|-heal|p1a: Landorus-Therian|354\/379|[from] item: Leftovers
|turn|14
|
|move|p1a: Landorus-Therian|U-turn|p2a: Rotom-Wash
|-damage|p2a: Rotom-Wash|85\/304
|
|switch|p1a: Blissey|Blissey, F|690\/709
|-damage|p1a: Blissey|602\/709|[from] Stealth Rock
|move|p2a: Rotom-Wash|Pain Split|p1a: Blissey
|-sethp|p1a: Blissey|343\/709|p2a: Rotom-Wash|304\/304|[from] move: Pain Split
|
|-heal|p1a: Blissey|387\/709|[from] item: Leftovers
|turn|15
|
|move|p2a: Rotom-Wash|Volt Switch|p1a: Blissey
|-damage|p1a: Blissey|321\/709
|
|switch|p2a: Metagross|Metagross-Mega|302\/302
|-damage|p2a: Metagross|284\/302|[from] Stealth Rock
|move|p1a: Blissey|Fire Blast|p2a: Metagross
|-supereffective|p2a: Metagross
|-damage|p2a: Metagross|164\/302
|
|-heal|p1a: Blissey|365\/709|[from] item: Leftovers
|turn|16
|
|move|p1a: Blissey|Protect|p1a: Blissey
|-singleturn|p1a: Blissey|Protect
|move|p2a: Metagross|Zen Headbutt|p1a: Blissey
|-activate|p1a: Blissey|Protect
|
|-heal|p1a: Blissey|409\/709|[from] item: Leftovers
|turn|17
|
|switch|p1a: Landorus-Therian|Landorus-Therian, M|354\/379
|-damage|p1a: Landorus-Therian|307\/379|[from] Stealth Rock
|-ability|p1a: Landorus-Therian|Intimidate|[of] p2a: Metagross
|-unboost|p2a: Metagross|atk|1
|move|p2a: Metagross|Zen Headbutt|p1a: Landorus-Therian
|-damage|p1a: Landorus-Therian|165\/379
|
|-heal|p1a: Landorus-Therian|188\/379|[from] item: Leftovers
|turn|18
|
|switch|p2a: Rotom-Wash|Rotom-Wash|304\/304
|-damage|p2a: Rotom-Wash|266\/304|[from] Stealth Rock
|move|p1a: Landorus-Therian|U-turn|p2a: Rotom-Wash
|-crit|p2a: Rotom-Wash
|-damage|p2a: Rotom-Wash|130\/304
|
|switch|p1a: Conkeldurr|Conkeldurr, M|409\/409
|-damage|p1a: Conkeldurr|384\/409|[from] Stealth Rock
|
|turn|19
|c|âbill1218|critical hit
|
|move|p2a: Rotom-Wash|Reflect|p2a: Rotom-Wash
|-sidestart|p2: bill1218|Reflect
|move|p1a: Conkeldurr|Knock Off|p2a: Rotom-Wash
|-damage|p2a: Rotom-Wash|90\/304
|
|turn|20
|
|switch|p1a: Landorus-Therian|Landorus-Therian, M|188\/379
|-damage|p1a: Landorus-Therian|141\/379|[from] Stealth Rock
|-ability|p1a: Landorus-Therian|Intimidate|[of] p2a: Rotom-Wash
|-unboost|p2a: Rotom-Wash|atk|1
|move|p2a: Rotom-Wash|Pain Split|p1a: Landorus-Therian
|-sethp|p1a: Landorus-Therian|115\/379|p2a: Rotom-Wash|115\/304|[from] move: Pain Split
|
|-heal|p1a: Landorus-Therian|138\/379|[from] item: Leftovers
|turn|21
|
|move|p1a: Landorus-Therian|U-turn|p2a: Rotom-Wash
|-damage|p2a: Rotom-Wash|66\/304
|
|switch|p1a: Scizor|Scizor-Mega, M|221\/339
|-damage|p1a: Scizor|179\/339|[from] Stealth Rock
|move|p2a: Rotom-Wash|Will-O-Wisp|p1a: Scizor
|-status|p1a: Scizor|brn
|
|-damage|p1a: Scizor|137\/339 brn|[from] brn
|turn|22
|
|move|p2a: Rotom-Wash|Volt Switch|p1a: Scizor
|-damage|p1a: Scizor|59\/339 brn
|
|switch|p2a: Swampert|Swampert, M|107\/404
|-damage|p2a: Swampert|82\/404|[from] Stealth Rock
|move|p1a: Scizor|Roost|p1a: Scizor
|-heal|p1a: Scizor|229\/339 brn
|
|-heal|p2a: Swampert|107\/404|[from] item: Leftovers
|-damage|p1a: Scizor|187\/339 brn|[from] brn
|turn|23
|
|move|p1a: Scizor|Bug Bite|p2a: Swampert
|-damage|p2a: Swampert|70\/404
|move|p2a: Swampert|Roar|p1a: Scizor
|drag|p1a: Landorus-Therian|Landorus-Therian, M|138\/379
|-damage|p1a: Landorus-Therian|91\/379|[from] Stealth Rock
|-ability|p1a: Landorus-Therian|Intimidate|[of] p2a: Swampert
|-unboost|p2a: Swampert|atk|1
|
|-heal|p1a: Landorus-Therian|114\/379|[from] item: Leftovers
|-heal|p2a: Swampert|95\/404|[from] item: Leftovers
|-sideend|p2: bill1218|Reflect
|turn|24
|
|move|p1a: Landorus-Therian|Earthquake|p2a: Swampert
|-damage|p2a: Swampert|0 fnt
|faint|p2a: Swampert
|
|-heal|p1a: Landorus-Therian|137\/379|[from] item: Leftovers
|
|switch|p2a: Rotom-Wash|Rotom-Wash|66\/304
|-damage|p2a: Rotom-Wash|28\/304|[from] Stealth Rock
|turn|25
|
|move|p1a: Landorus-Therian|U-turn|p2a: Rotom-Wash
|-damage|p2a: Rotom-Wash|0 fnt
|faint|p2a: Rotom-Wash
|
|switch|p1a: Scizor|Scizor-Mega, M|187\/339 brn
|-damage|p1a: Scizor|145\/339 brn|[from] Stealth Rock
|
|-damage|p1a: Scizor|103\/339 brn|[from] brn
|
|switch|p2a: Metagross|Metagross-Mega|164\/302
|-damage|p2a: Metagross|146\/302|[from] Stealth Rock
|turn|26
|
|move|p2a: Metagross|Zen Headbutt|p1a: Scizor
|-resisted|p1a: Scizor
|-damage|p1a: Scizor|25\/339 brn
|move|p1a: Scizor|Roost|p1a: Scizor
|-heal|p1a: Scizor|195\/339 brn
|
|-damage|p1a: Scizor|153\/339 brn|[from] brn
|turn|27
|
|move|p2a: Metagross|Hammer Arm|p1a: Scizor
|-damage|p1a: Scizor|25\/339 brn
|-unboost|p2a: Metagross|spe|1
|move|p1a: Scizor|Roost|p1a: Scizor
|-heal|p1a: Scizor|195\/339 brn
|
|-damage|p1a: Scizor|153\/339 brn|[from] brn
|turn|28
|
|move|p2a: Metagross|Hammer Arm|p1a: Scizor
|-damage|p1a: Scizor|24\/339 brn
|-unboost|p2a: Metagross|spe|1
|move|p1a: Scizor|Bug Bite|p2a: Metagross
|-damage|p2a: Metagross|80\/302
|
|-damage|p1a: Scizor|0 fnt|[from] brn
|faint|p1a: Scizor
|
|switch|p1a: Landorus-Therian|Landorus-Therian, M|137\/379
|-damage|p1a: Landorus-Therian|90\/379|[from] Stealth Rock
|-ability|p1a: Landorus-Therian|Intimidate|[of] p2a: Metagross
|-unboost|p2a: Metagross|atk|1
|turn|29
|
|switch|p2a: Tyranitar|Tyranitar, M|404\/404
|-damage|p2a: Tyranitar|354\/404|[from] Stealth Rock
|-weather|Sandstorm
|move|p1a: Landorus-Therian|Earthquake|p2a: Tyranitar
|-supereffective|p2a: Tyranitar
|-damage|p2a: Tyranitar|70\/404
|
|-weather|Sandstorm|[upkeep]
|-heal|p1a: Landorus-Therian|113\/379|[from] item: Leftovers
|turn|30
|
|move|p1a: Landorus-Therian|Earthquake|p2a: Tyranitar
|-supereffective|p2a: Tyranitar
|-damage|p2a: Tyranitar|0 fnt
|faint|p2a: Tyranitar
|
|-weather|Sandstorm|[upkeep]
|-heal|p1a: Landorus-Therian|136\/379|[from] item: Leftovers
|
|switch|p2a: Gardevoir|Gardevoir, F, shiny|226\/277
|-damage|p2a: Gardevoir|192\/277|[from] Stealth Rock
|-ability|p2a: Gardevoir|Intimidate|[from] ability: Trace|[of] p1a: Landorus-Therian
|-ability|p2a: Gardevoir|Intimidate|[of] p1a: Landorus-Therian
|-unboost|p1a: Landorus-Therian|atk|1
|turn|31
|
|move|p2a: Gardevoir|Trick|p1a: Landorus-Therian
|-activate|p2a: Gardevoir|move: Trick|[of] p1a: Landorus-Therian
|-item|p1a: Landorus-Therian|Choice Scarf|[from] move: Trick
|-item|p2a: Gardevoir|Leftovers|[from] move: Trick
|move|p1a: Landorus-Therian|Earthquake|p2a: Gardevoir
|-damage|p2a: Gardevoir|0 fnt
|faint|p2a: Gardevoir
|
|-weather|Sandstorm|[upkeep]
|
|switch|p2a: Excadrill|Excadrill, F|362\/362
|-damage|p2a: Excadrill|351\/362|[from] Stealth Rock
|-ability|p2a: Excadrill|Mold Breaker
|turn|32
|
|switch|p1a: Blissey|Blissey, F|409\/709
|-damage|p1a: Blissey|321\/709|[from] Stealth Rock
|move|p2a: Excadrill|Iron Head|p1a: Blissey
|-damage|p1a: Blissey|12\/709
|
|-weather|Sandstorm|[upkeep]
|-damage|p1a: Blissey|0 fnt|[from] sandstorm
|faint|p1a: Blissey
|
|switch|p1a: Conkeldurr|Conkeldurr, M|384\/409
|-damage|p1a: Conkeldurr|359\/409|[from] Stealth Rock
|turn|33
|
|move|p2a: Excadrill|Iron Head|p1a: Conkeldurr
|-damage|p1a: Conkeldurr|196\/409
|move|p1a: Conkeldurr|Drain Punch|p2a: Excadrill
|-supereffective|p2a: Excadrill
|-damage|p2a: Excadrill|0 fnt
|-heal|p1a: Conkeldurr|372\/409|[from] drain|[of] p2a: Excadrill
|faint|p2a: Excadrill
|
|-weather|none
|
|switch|p2a: Metagross|Metagross-Mega|80\/302
|-damage|p2a: Metagross|62\/302|[from] Stealth Rock
|turn|34
|
|move|p1a: Conkeldurr|Mach Punch|p2a: Metagross
|-damage|p2a: Metagross|0 fnt
|faint|p2a: Metagross
|
|win|Endika
|raw|Ladder updating...
|raw|Endika's rating: 1362 &rarr; <strong>1379<\/strong><br \/>(+17 for winning)
|raw|bill1218's rating: 1310 &rarr; <strong>1293<\/strong><br \/>(-17 for losing)
|leave|bill1218
|player|p2