|join|bill1218
|join|Deadly Doctor
|player|p1|bill1218|78
|player|p2|Deadly Doctor|68
|gametype|singles
|gen|6
|tier|OU
|rated
|clearpoke
|poke|p1|Tyranitar, F
|poke|p1|Swampert, F
|poke|p1|Gardevoir, F, shiny
|poke|p1|Metagross
|poke|p1|Rotom-Wash
|poke|p1|Excadrill, F
|poke|p2|Gliscor, F
|poke|p2|Greninja, F
|poke|p2|Sharpedo, F
|poke|p2|Clefable, M
|poke|p2|Reuniclus, F
|poke|p2|Excadrill, F
|rule|Swagger Clause: Swagger is banned
|rule|Baton Pass Clause: Limit one PokÃ©mon knowing Baton Pass
|rule|Sleep Clause Mod: Limit one foe put to sleep
|rule|Species Clause: Limit one of each PokÃ©mon
|rule|OHKO Clause: OHKO moves are banned
|rule|Moody Clause: Moody is banned
|rule|Evasion Moves Clause: Evasion moves are banned
|rule|Endless Battle Clause: Forcing endless battles is banned
|rule|HP Percentage Mod: HP is shown in percentages
|teampreview
|
|start
|switch|p1a: Swampert|Swampert, F|404\/404
|switch|p2a: Excadrill|Excadrill, F|361\/361
|-ability|p2a: Excadrill|Mold Breaker
|-item|p2a: Excadrill|Air Balloon
|turn|1
|
|switch|p2a: Clefable|Clefable, M|393\/393
|move|p1a: Swampert|Stealth Rock|p2a: Clefable
|-sidestart|p2: Deadly Doctor|move: Stealth Rock
|
|turn|2
|
|move|p2a: Clefable|Calm Mind|p2a: Clefable
|-boost|p2a: Clefable|spa|1
|-boost|p2a: Clefable|spd|1
|move|p1a: Swampert|Roar|p2a: Clefable
|drag|p2a: Sharpedo|Sharpedo, F|281\/281
|-damage|p2a: Sharpedo|246\/281|[from] Stealth Rock
|
|turn|3
|
|move|p2a: Sharpedo|Crunch|p1a: Swampert
|-damage|p1a: Swampert|281\/404
|-unboost|p1a: Swampert|def|1
|move|p1a: Swampert|Scald|p2a: Sharpedo
|-resisted|p2a: Sharpedo
|-damage|p2a: Sharpedo|166\/281
|
|-heal|p1a: Swampert|306\/404|[from] item: Leftovers
|-boost|p2a: Sharpedo|spe|1|[from] ability: Speed Boost
|turn|4
|
|detailschange|p2a: Sharpedo|Sharpedo-Mega, F
|message|Sharpedo has Mega Evolved into Mega Sharpedo!
|move|p2a: Sharpedo|Crunch|p1a: Swampert
|-damage|p1a: Swampert|36\/404
|move|p1a: Swampert|Roar|p2a: Sharpedo
|drag|p2a: Reuniclus|Reuniclus, F|403\/403
|
|-heal|p1a: Swampert|61\/404|[from] item: Leftovers
|turn|5
|
|move|p2a: Reuniclus|Psychic|p1a: Swampert
|-crit|p1a: Swampert
|-damage|p1a: Swampert|0 fnt
|faint|p1a: Swampert
|
|
|switch|p1a: Tyranitar|Tyranitar, F|404\/404
|-weather|Sandstorm
|turn|6
|
|move|p1a: Tyranitar|Pursuit|p2a: Reuniclus
|-supereffective|p2a: Reuniclus
|-damage|p2a: Reuniclus|301\/403
|move|p2a: Reuniclus|Focus Blast|p1a: Tyranitar
|-supereffective|p1a: Tyranitar
|-damage|p1a: Tyranitar|200\/404
|
|-weather|Sandstorm|[upkeep]
|-heal|p2a: Reuniclus|326\/403|[from] item: Leftovers
|turn|7
|
|switch|p1a: Gardevoir|Gardevoir, F, shiny|277\/277
|-ability|p1a: Gardevoir|Magic Guard|[from] ability: Trace|[of] p2a: Reuniclus
|move|p2a: Reuniclus|Recover|p2a: Reuniclus
|-heal|p2a: Reuniclus|403\/403
|
|-weather|Sandstorm|[upkeep]
|turn|8
|
|move|p1a: Gardevoir|Trick|p2a: Reuniclus
|-activate|p1a: Gardevoir|move: Trick|[of] p2a: Reuniclus
|-item|p2a: Reuniclus|Choice Scarf|[from] move: Trick
|-item|p1a: Gardevoir|Leftovers|[from] move: Trick
|move|p2a: Reuniclus|Calm Mind|p2a: Reuniclus
|-boost|p2a: Reuniclus|spa|1
|-boost|p2a: Reuniclus|spd|1
|
|-weather|Sandstorm|[upkeep]
|turn|9
|
|switch|p2a: Clefable|Clefable, M|393\/393
|move|p1a: Gardevoir|Hidden Power|p2a: Clefable
|-crit|p2a: Clefable
|-damage|p2a: Clefable|272\/393
|
|-weather|Sandstorm|[upkeep]
|-heal|p2a: Clefable|296\/393|[from] item: Leftovers
|turn|10
|
|switch|p1a: Excadrill|Excadrill, F|362\/362
|-ability|p1a: Excadrill|Mold Breaker
|move|p2a: Clefable|Calm Mind|p2a: Clefable
|-boost|p2a: Clefable|spa|1
|-boost|p2a: Clefable|spd|1
|
|-weather|none
|-heal|p2a: Clefable|320\/393|[from] item: Leftovers
|turn|11
|
|move|p1a: Excadrill|Iron Head|p2a: Clefable
|-supereffective|p2a: Clefable
|-damage|p2a: Clefable|54\/393
|move|p2a: Clefable|Flamethrower|p1a: Excadrill
|-supereffective|p1a: Excadrill
|-damage|p1a: Excadrill|66\/362
|
|-heal|p2a: Clefable|78\/393|[from] item: Leftovers
|turn|12
|
|switch|p2a: Reuniclus|Reuniclus, F|403\/403
|move|p1a: Excadrill|Iron Head|p2a: Reuniclus
|-damage|p2a: Reuniclus|256\/403
|
|turn|13
|
|move|p1a: Excadrill|Iron Head|p2a: Reuniclus
|-damage|p2a: Reuniclus|114\/403
|move|p2a: Reuniclus|Psychic|p1a: Excadrill
|-resisted|p1a: Excadrill
|-damage|p1a: Excadrill|0 fnt
|faint|p1a: Excadrill
|
|
|switch|p1a: Tyranitar|Tyranitar, F|200\/404
|-weather|Sandstorm
|turn|14
|
|move|p1a: Tyranitar|Pursuit|p2a: Reuniclus|[from]Pursuit
|-supereffective|p2a: Reuniclus
|-damage|p2a: Reuniclus|0 fnt
|faint|p2a: Reuniclus
|
|-weather|Sandstorm|[upkeep]
|
|switch|p2a: Gliscor|Gliscor, F|353\/353
|-damage|p2a: Gliscor|309\/353|[from] Stealth Rock
|turn|15
|
|move|p2a: Gliscor|Protect|p2a: Gliscor
|-singleturn|p2a: Gliscor|Protect
|move|p1a: Tyranitar|Ice Beam|p2a: Gliscor
|-activate|p2a: Gliscor|Protect
|
|-weather|Sandstorm|[upkeep]
|-status|p2a: Gliscor|tox|[from] item: Toxic Orb
|turn|16
|
|move|p1a: Tyranitar|Pursuit|p2a: Gliscor|[from]Pursuit
|-damage|p2a: Gliscor|203\/353 tox
|switch|p2a: Clefable|Clefable, M|78\/393
|
|-weather|Sandstorm|[upkeep]
|-heal|p2a: Clefable|102\/393|[from] item: Leftovers
|turn|17
|
|switch|p1a: Metagross|Metagross|302\/302
|move|p2a: Clefable|Moonblast|p1a: Metagross
|-resisted|p1a: Metagross
|-damage|p1a: Metagross|248\/302
|
|-weather|Sandstorm|[upkeep]
|-heal|p2a: Clefable|126\/393|[from] item: Leftovers
|turn|18
|
|detailschange|p1a: Metagross|Metagross-Mega
|message|Metagross has Mega Evolved into Mega Metagross!
|move|p1a: Metagross|Earthquake|p2a: Clefable
|-damage|p2a: Clefable|21\/393
|move|p2a: Clefable|Flamethrower|p1a: Metagross
|-supereffective|p1a: Metagross
|-damage|p1a: Metagross|112\/302
|
|-weather|none
|-heal|p2a: Clefable|45\/393|[from] item: Leftovers
|turn|19
|
|move|p1a: Metagross|Meteor Mash|p2a: Clefable
|-supereffective|p2a: Clefable
|-damage|p2a: Clefable|0 fnt
|faint|p2a: Clefable
|
|
|switch|p2a: Sharpedo|Sharpedo-Mega, F|166\/281
|-damage|p2a: Sharpedo|131\/281|[from] Stealth Rock
|turn|20
|
|move|p1a: Metagross|Earthquake|p2a: Sharpedo
|-damage|p2a: Sharpedo|0 fnt
|faint|p2a: Sharpedo
|
|
|switch|p2a: Greninja|Greninja, F|285\/285
|-damage|p2a: Greninja|250\/285|[from] Stealth Rock
|turn|21
|
|switch|p1a: Rotom-Wash|Rotom-Wash|304\/304
|move|p2a: Greninja|Scald|p1a: Rotom-Wash
|-start|p2a: Greninja|typechange|Water|[from] Protean
|-resisted|p1a: Rotom-Wash
|-damage|p1a: Rotom-Wash|253\/304
|-status|p1a: Rotom-Wash|brn
|-damage|p2a: Greninja|222\/285|[from] item: Life Orb
|
|-heal|p1a: Rotom-Wash|272\/304 brn|[from] item: Leftovers
|-damage|p1a: Rotom-Wash|234\/304 brn|[from] brn
|turn|22
|
|move|p2a: Greninja|Dark Pulse|p1a: Rotom-Wash
|-start|p2a: Greninja|typechange|Dark|[from] Protean
|-damage|p1a: Rotom-Wash|125\/304 brn
|-damage|p2a: Greninja|194\/285|[from] item: Life Orb
|move|p1a: Rotom-Wash|Will-O-Wisp|p2a: Greninja
|-status|p2a: Greninja|brn
|
|-heal|p1a: Rotom-Wash|144\/304 brn|[from] item: Leftovers
|-damage|p2a: Greninja|159\/285 brn|[from] brn
|-damage|p1a: Rotom-Wash|106\/304 brn|[from] brn
|turn|23
|
|switch|p2a: Gliscor|Gliscor, F|203\/353 tox
|-damage|p2a: Gliscor|159\/353 tox|[from] Stealth Rock
|move|p1a: Rotom-Wash|Reflect|p1a: Rotom-Wash
|-sidestart|p1: bill1218|Reflect
|
|-heal|p1a: Rotom-Wash|125\/304 brn|[from] item: Leftovers
|-heal|p2a: Gliscor|203\/353 tox|[from] ability: Poison Heal
|-damage|p1a: Rotom-Wash|87\/304 brn|[from] brn
|turn|24
|
|move|p2a: Gliscor|Protect|p2a: Gliscor
|-singleturn|p2a: Gliscor|Protect
|move|p1a: Rotom-Wash|Pain Split|p2a: Gliscor
|-activate|p2a: Gliscor|Protect
|
|-heal|p1a: Rotom-Wash|106\/304 brn|[from] item: Leftovers
|-heal|p2a: Gliscor|247\/353 tox|[from] ability: Poison Heal
|-damage|p1a: Rotom-Wash|68\/304 brn|[from] brn
|turn|25
|
|move|p2a: Gliscor|Fling|p1a: Rotom-Wash
|-enditem|p2a: Gliscor|Toxic Orb|[from] move: Fling
|-damage|p1a: Rotom-Wash|56\/304 brn
|move|p1a: Rotom-Wash|Pain Split|p2a: Gliscor
|-sethp|p2a: Gliscor|151\/353 tox|p1a: Rotom-Wash|151\/304 brn|[from] move: Pain Split
|
|-heal|p1a: Rotom-Wash|170\/304 brn|[from] item: Leftovers
|-heal|p2a: Gliscor|195\/353 tox|[from] ability: Poison Heal
|-damage|p1a: Rotom-Wash|132\/304 brn|[from] brn
|turn|26
|
|move|p2a: Gliscor|Protect|p2a: Gliscor
|-singleturn|p2a: Gliscor|Protect
|move|p1a: Rotom-Wash|Pain Split|p2a: Gliscor
|-activate|p2a: Gliscor|Protect
|
|-heal|p1a: Rotom-Wash|151\/304 brn|[from] item: Leftovers
|-heal|p2a: Gliscor|239\/353 tox|[from] ability: Poison Heal
|-damage|p1a: Rotom-Wash|113\/304 brn|[from] brn
|turn|27
|
|move|p2a: Gliscor|Acrobatics|p1a: Rotom-Wash
|-resisted|p1a: Rotom-Wash
|-damage|p1a: Rotom-Wash|80\/304 brn
|move|p1a: Rotom-Wash|Pain Split|p2a: Gliscor
|-sethp|p2a: Gliscor|159\/353 tox|p1a: Rotom-Wash|159\/304 brn|[from] move: Pain Split
|
|-heal|p1a: Rotom-Wash|178\/304 brn|[from] item: Leftovers
|-heal|p2a: Gliscor|203\/353 tox|[from] ability: Poison Heal
|-damage|p1a: Rotom-Wash|140\/304 brn|[from] brn
|-sideend|p1: bill1218|Reflect
|turn|28
|
|move|p2a: Gliscor|Acrobatics|p1a: Rotom-Wash
|-resisted|p1a: Rotom-Wash
|-damage|p1a: Rotom-Wash|80\/304 brn
|move|p1a: Rotom-Wash|Reflect|p1a: Rotom-Wash
|-sidestart|p1: bill1218|Reflect
|
|-heal|p1a: Rotom-Wash|99\/304 brn|[from] item: Leftovers
|-heal|p2a: Gliscor|247\/353 tox|[from] ability: Poison Heal
|-damage|p1a: Rotom-Wash|61\/304 brn|[from] brn
|turn|29
|
|move|p2a: Gliscor|Acrobatics|p1a: Rotom-Wash
|-resisted|p1a: Rotom-Wash
|-damage|p1a: Rotom-Wash|29\/304 brn
|move|p1a: Rotom-Wash|Pain Split|p2a: Gliscor
|-sethp|p2a: Gliscor|138\/353 tox|p1a: Rotom-Wash|138\/304 brn|[from] move: Pain Split
|
|-heal|p1a: Rotom-Wash|157\/304 brn|[from] item: Leftovers
|-heal|p2a: Gliscor|182\/353 tox|[from] ability: Poison Heal
|-damage|p1a: Rotom-Wash|119\/304 brn|[from] brn
|turn|30
|
|switch|p1a: Tyranitar|Tyranitar, F|200\/404
|-weather|Sandstorm
|move|p2a: Gliscor|Acrobatics|p1a: Tyranitar
|-resisted|p1a: Tyranitar
|-damage|p1a: Tyranitar|178\/404
|
|-weather|Sandstorm|[upkeep]
|-heal|p2a: Gliscor|226\/353 tox|[from] ability: Poison Heal
|turn|31
|
|move|p2a: Gliscor|Protect|p2a: Gliscor
|-singleturn|p2a: Gliscor|Protect
|move|p1a: Tyranitar|Ice Beam|p2a: Gliscor
|-activate|p2a: Gliscor|Protect
|
|-weather|Sandstorm|[upkeep]
|-heal|p2a: Gliscor|270\/353 tox|[from] ability: Poison Heal
|turn|32
|
|move|p2a: Gliscor|Earthquake|p1a: Tyranitar
|-supereffective|p1a: Tyranitar
|-damage|p1a: Tyranitar|82\/404
|move|p1a: Tyranitar|Stone Edge|p2a: Gliscor
|-damage|p2a: Gliscor|152\/353 tox
|
|-weather|Sandstorm|[upkeep]
|-heal|p2a: Gliscor|196\/353 tox|[from] ability: Poison Heal
|-sideend|p1: bill1218|Reflect
|turn|33
|
|move|p2a: Gliscor|Earthquake|p1a: Tyranitar
|-supereffective|p1a: Tyranitar
|-damage|p1a: Tyranitar|0 fnt
|faint|p1a: Tyranitar
|
|-weather|Sandstorm|[upkeep]
|-heal|p2a: Gliscor|240\/353 tox|[from] ability: Poison Heal
|
|switch|p1a: Rotom-Wash|Rotom-Wash|119\/304 brn
|turn|34
|
|move|p2a: Gliscor|Acrobatics|p1a: Rotom-Wash
|-resisted|p1a: Rotom-Wash
|-damage|p1a: Rotom-Wash|53\/304 brn
|move|p1a: Rotom-Wash|Pain Split|p2a: Gliscor
|-sethp|p2a: Gliscor|146\/353 tox|p1a: Rotom-Wash|146\/304 brn|[from] move: Pain Split
|
|-weather|none
|-heal|p1a: Rotom-Wash|165\/304 brn|[from] item: Leftovers
|-heal|p2a: Gliscor|190\/353 tox|[from] ability: Poison Heal
|-damage|p1a: Rotom-Wash|127\/304 brn|[from] brn
|turn|35
|
|move|p2a: Gliscor|Acrobatics|p1a: Rotom-Wash
|-resisted|p1a: Rotom-Wash
|-damage|p1a: Rotom-Wash|60\/304 brn
|move|p1a: Rotom-Wash|Reflect|p1a: Rotom-Wash
|-sidestart|p1: bill1218|Reflect
|
|-heal|p1a: Rotom-Wash|79\/304 brn|[from] item: Leftovers
|-heal|p2a: Gliscor|234\/353 tox|[from] ability: Poison Heal
|-damage|p1a: Rotom-Wash|41\/304 brn|[from] brn
|turn|36
|
|move|p2a: Gliscor|Protect|p2a: Gliscor
|-singleturn|p2a: Gliscor|Protect
|move|p1a: Rotom-Wash|Pain Split|p2a: Gliscor
|-activate|p2a: Gliscor|Protect
|
|-heal|p1a: Rotom-Wash|60\/304 brn|[from] item: Leftovers
|-heal|p2a: Gliscor|278\/353 tox|[from] ability: Poison Heal
|-damage|p1a: Rotom-Wash|22\/304 brn|[from] brn
|turn|37
|
|move|p2a: Gliscor|Acrobatics|p1a: Rotom-Wash
|-resisted|p1a: Rotom-Wash
|-damage|p1a: Rotom-Wash|0 fnt
|faint|p1a: Rotom-Wash
|
|-heal|p2a: Gliscor|322\/353 tox|[from] ability: Poison Heal
|
|switch|p1a: Gardevoir|Gardevoir, F, shiny|277\/277
|-ability|p1a: Gardevoir|Poison Heal|[from] ability: Trace|[of] p2a: Gliscor
|turn|38
|
|move|p1a: Gardevoir|Dazzling Gleam|p2a: Gliscor
|-damage|p2a: Gliscor|183\/353 tox
|move|p2a: Gliscor|Acrobatics|p1a: Gardevoir
|-damage|p1a: Gardevoir|184\/277
|
|-heal|p1a: Gardevoir|201\/277|[from] item: Leftovers
|-heal|p2a: Gliscor|227\/353 tox|[from] ability: Poison Heal
|turn|39
|
|move|p1a: Gardevoir|Dazzling Gleam|p2a: Gliscor
|-damage|p2a: Gliscor|80\/353 tox
|move|p2a: Gliscor|Acrobatics|p1a: Gardevoir
|-damage|p1a: Gardevoir|106\/277
|
|-heal|p1a: Gardevoir|123\/277|[from] item: Leftovers
|-heal|p2a: Gliscor|124\/353 tox|[from] ability: Poison Heal
|-sideend|p1: bill1218|Reflect
|turn|40
|
|move|p1a: Gardevoir|Psychic|p2a: Gliscor
|-damage|p2a: Gliscor|0 fnt
|faint|p2a: Gliscor
|
|-heal|p1a: Gardevoir|140\/277|[from] item: Leftovers
|
|switch|p2a: Excadrill|Excadrill, F|361\/361
|-damage|p2a: Excadrill|350\/361|[from] Stealth Rock
|-ability|p2a: Excadrill|Mold Breaker
|-item|p2a: Excadrill|Air Balloon
|turn|41
|
|move|p2a: Excadrill|Earthquake|p1a: Gardevoir
|-damage|p1a: Gardevoir|0 fnt
|faint|p1a: Gardevoir
|
|
|switch|p1a: Metagross|Metagross-Mega|112\/302
|turn|42
|
|move|p1a: Metagross|Hammer Arm|p2a: Excadrill|[miss]
|-miss|p1a: Metagross|p2a: Excadrill
|move|p2a: Excadrill|Earthquake|p1a: Metagross
|-supereffective|p1a: Metagross
|-damage|p1a: Metagross|0 fnt
|faint|p1a: Metagross
|
|win|Deadly Doctor
|raw|Ladder updating...
|raw|bill1218's rating: 1367 &rarr; <strong>1348<\/strong><br \/>(-19 for losing)
|raw|Deadly Doctor's rating: 1379 &rarr; <strong>1399<\/strong><br \/>(+20 for winning)
|c|âbill1218|...
|leave|bill1218
|player|p1