|join|Bill1218
|join|Skilight
|player|p1|Bill1218|78
|player|p2|Skilight|101
|gametype|singles
|gen|6
|tier|OU
|rated
|clearpoke
|poke|p1|Tyranitar, F
|poke|p1|Swampert, M
|poke|p1|Gardevoir, F, shiny
|poke|p1|Metagross
|poke|p1|Rotom-Wash
|poke|p1|Excadrill, M
|poke|p2|Lopunny, M
|poke|p2|Azumarill, M
|poke|p2|Landorus, M
|poke|p2|Volcarona, M
|poke|p2|Mew
|poke|p2|Skarmory, F
|rule|Swagger Clause: Swagger is banned
|rule|Baton Pass Clause: Limit one PokÃ©mon knowing Baton Pass
|rule|Sleep Clause Mod: Limit one foe put to sleep
|rule|Species Clause: Limit one of each PokÃ©mon
|rule|OHKO Clause: OHKO moves are banned
|rule|Moody Clause: Moody is banned
|rule|Evasion Moves Clause: Evasion moves are banned
|rule|Endless Battle Clause: Forcing endless battles is banned
|rule|HP Percentage Mod: HP is shown in percentages
|teampreview
|
|start
|switch|p1a: Swampert|Swampert, M|404\/404
|switch|p2a: Landorus|Landorus, M|320\/320
|turn|1
|
|switch|p2a: Azumarill|Azumarill, M|404\/404
|move|p1a: Swampert|Stealth Rock|p2a: Azumarill
|-sidestart|p2: Skilight|move: Stealth Rock
|
|turn|2
|
|move|p2a: Azumarill|Play Rough|p1a: Swampert|[miss]
|-miss|p2a: Azumarill|p1a: Swampert
|move|p1a: Swampert|Roar|p2a: Azumarill
|drag|p2a: Volcarona|Volcarona, M|312\/312
|-damage|p2a: Volcarona|156\/312|[from] Stealth Rock
|-enditem|p2a: Volcarona|Sitrus Berry|[eat]
|-heal|p2a: Volcarona|234\/312|[from] item: Sitrus Berry
|
|turn|3
|
|move|p2a: Volcarona|Giga Drain|p1a: Swampert
|-supereffective|p1a: Swampert
|-damage|p1a: Swampert|0 fnt
|-heal|p2a: Volcarona|312\/312|[from] drain|[of] p1a: Swampert
|faint|p1a: Swampert
|
|
|switch|p1a: Tyranitar|Tyranitar, F|404\/404
|-weather|Sandstorm
|turn|4
|
|switch|p2a: Skarmory|Skarmory, F|334\/334
|-damage|p2a: Skarmory|293\/334|[from] Stealth Rock
|move|p1a: Tyranitar|Stone Edge|p2a: Skarmory
|-damage|p2a: Skarmory|200\/334
|
|-weather|Sandstorm|[upkeep]
|turn|5
|
|move|p2a: Skarmory|Stealth Rock|p1a: Tyranitar
|-sidestart|p1: Bill1218|move: Stealth Rock
|move|p1a: Tyranitar|Fire Blast|p2a: Skarmory
|-supereffective|p2a: Skarmory
|-damage|p2a: Skarmory|0 fnt
|faint|p2a: Skarmory
|
|-weather|Sandstorm|[upkeep]
|
|switch|p2a: Mew|Mew|404\/404
|-damage|p2a: Mew|354\/404|[from] Stealth Rock
|turn|6
|
|switch|p1a: Gardevoir|Gardevoir, F, shiny|277\/277
|-damage|p1a: Gardevoir|243\/277|[from] Stealth Rock
|-ability|p1a: Gardevoir|Synchronize|[from] ability: Trace|[of] p2a: Mew
|move|p2a: Mew|Will-O-Wisp|p1a: Gardevoir
|-status|p1a: Gardevoir|brn
|-status|p2a: Mew|brn
|
|-weather|Sandstorm|[upkeep]
|-damage|p1a: Gardevoir|226\/277 brn|[from] sandstorm
|-damage|p2a: Mew|329\/404 brn|[from] sandstorm
|-heal|p2a: Mew|354\/404 brn|[from] item: Leftovers
|-damage|p1a: Gardevoir|192\/277 brn|[from] brn
|-damage|p2a: Mew|304\/404 brn|[from] brn
|turn|7
|
|move|p1a: Gardevoir|Trick|p2a: Mew
|-activate|p1a: Gardevoir|move: Trick|[of] p2a: Mew
|-item|p2a: Mew|Choice Scarf|[from] move: Trick
|-item|p1a: Gardevoir|Leftovers|[from] move: Trick
|move|p2a: Mew|Will-O-Wisp|p1a: Gardevoir|[miss]
|-miss|p2a: Mew|p1a: Gardevoir
|
|-weather|Sandstorm|[upkeep]
|-damage|p2a: Mew|279\/404 brn|[from] sandstorm
|-damage|p1a: Gardevoir|175\/277 brn|[from] sandstorm
|-heal|p1a: Gardevoir|192\/277 brn|[from] item: Leftovers
|-damage|p2a: Mew|229\/404 brn|[from] brn
|-damage|p1a: Gardevoir|158\/277 brn|[from] brn
|turn|8
|
|move|p2a: Mew|Will-O-Wisp|p1a: Gardevoir
|-fail|p1a: Gardevoir|brn
|move|p1a: Gardevoir|Dazzling Gleam|p2a: Mew
|-damage|p2a: Mew|127\/404 brn
|
|-weather|none
|-heal|p1a: Gardevoir|175\/277 brn|[from] item: Leftovers
|-damage|p2a: Mew|77\/404 brn|[from] brn
|-damage|p1a: Gardevoir|141\/277 brn|[from] brn
|turn|9
|
|move|p2a: Mew|Will-O-Wisp|p1a: Gardevoir|[miss]
|-miss|p2a: Mew|p1a: Gardevoir
|move|p1a: Gardevoir|Dazzling Gleam|p2a: Mew
|-damage|p2a: Mew|0 fnt
|faint|p2a: Mew
|
|-heal|p1a: Gardevoir|158\/277 brn|[from] item: Leftovers
|-damage|p1a: Gardevoir|124\/277 brn|[from] brn
|
|switch|p2a: Volcarona|Volcarona, M|312\/312
|-damage|p2a: Volcarona|156\/312|[from] Stealth Rock
|turn|10
|
|switch|p1a: Rotom-Wash|Rotom-Wash|304\/304
|-damage|p1a: Rotom-Wash|266\/304|[from] Stealth Rock
|move|p2a: Volcarona|Quiver Dance|p2a: Volcarona
|-boost|p2a: Volcarona|spa|1
|-boost|p2a: Volcarona|spd|1
|-boost|p2a: Volcarona|spe|1
|
|-heal|p1a: Rotom-Wash|285\/304|[from] item: Leftovers
|turn|11
|
|move|p2a: Volcarona|Giga Drain|p1a: Rotom-Wash
|-supereffective|p1a: Rotom-Wash
|-damage|p1a: Rotom-Wash|71\/304
|-heal|p2a: Volcarona|263\/312|[from] drain|[of] p1a: Rotom-Wash
|move|p1a: Rotom-Wash|Volt Switch|p2a: Volcarona
|-damage|p2a: Volcarona|206\/312
|
|switch|p1a: Excadrill|Excadrill, M|362\/362
|-damage|p1a: Excadrill|351\/362|[from] Stealth Rock
|-ability|p1a: Excadrill|Mold Breaker
|
|turn|12
|
|move|p2a: Volcarona|Fiery Dance|p1a: Excadrill
|-supereffective|p1a: Excadrill
|-damage|p1a: Excadrill|0 fnt
|-boost|p2a: Volcarona|spa|1
|faint|p1a: Excadrill
|
|
|switch|p1a: Tyranitar|Tyranitar, F|404\/404
|-damage|p1a: Tyranitar|354\/404|[from] Stealth Rock
|-weather|Sandstorm
|turn|13
|
|move|p2a: Volcarona|Giga Drain|p1a: Tyranitar
|-supereffective|p1a: Tyranitar
|-damage|p1a: Tyranitar|204\/404
|-heal|p2a: Volcarona|281\/312|[from] drain|[of] p1a: Tyranitar
|move|p1a: Tyranitar|Stone Edge|p2a: Volcarona
|-crit|p2a: Volcarona
|-supereffective|p2a: Volcarona
|-damage|p2a: Volcarona|0 fnt
|faint|p2a: Volcarona
|
|-weather|Sandstorm|[upkeep]
|
|switch|p2a: Landorus|Landorus, M|320\/320
|-damage|p2a: Landorus|280\/320|[from] Stealth Rock
|turn|14
|
|move|p2a: Landorus|Focus Blast|p1a: Tyranitar|[miss]
|-miss|p2a: Landorus|p1a: Tyranitar
|move|p1a: Tyranitar|Ice Beam|p2a: Landorus
|-supereffective|p2a: Landorus
|-damage|p2a: Landorus|0 fnt
|faint|p2a: Landorus
|
|-weather|Sandstorm|[upkeep]
|c|âSkilight|miss seriously
|
|switch|p2a: Azumarill|Azumarill, M|404\/404
|-damage|p2a: Azumarill|354\/404|[from] Stealth Rock
|turn|15
|
|switch|p1a: Metagross|Metagross|302\/302
|-damage|p1a: Metagross|284\/302|[from] Stealth Rock
|move|p2a: Azumarill|Waterfall|p1a: Metagross
|-damage|p1a: Metagross|140\/302
|
|-weather|Sandstorm|[upkeep]
|-damage|p2a: Azumarill|329\/404|[from] sandstorm
|turn|16
|
|detailschange|p1a: Metagross|Metagross-Mega
|message|Metagross has Mega Evolved into Mega Metagross!
|move|p1a: Metagross|Meteor Mash|p2a: Azumarill
|-damage|p2a: Azumarill|67\/404
|move|p2a: Azumarill|Knock Off|p1a: Metagross
|-crit|p1a: Metagross
|-supereffective|p1a: Metagross
|-damage|p1a: Metagross|0 fnt
|faint|p1a: Metagross
|
|-weather|Sandstorm|[upkeep]
|-damage|p2a: Azumarill|42\/404|[from] sandstorm
|
|switch|p1a: Tyranitar|Tyranitar, F|204\/404
|-damage|p1a: Tyranitar|154\/404|[from] Stealth Rock
|turn|17
|
|move|p2a: Azumarill|Aqua Jet|p1a: Tyranitar
|-supereffective|p1a: Tyranitar
|-damage|p1a: Tyranitar|26\/404
|move|p1a: Tyranitar|Stone Edge|p2a: Azumarill
|-damage|p2a: Azumarill|0 fnt
|faint|p2a: Azumarill
|
|-weather|none
|
|switch|p2a: Lopunny|Lopunny, M|272\/272
|-damage|p2a: Lopunny|238\/272|[from] Stealth Rock
|turn|18
|
|detailschange|p2a: Lopunny|Lopunny-Mega, M
|message|Lopunny has Mega Evolved into Mega Lopunny!
|move|p2a: Lopunny|Fake Out|p1a: Tyranitar
|-resisted|p1a: Tyranitar
|-damage|p1a: Tyranitar|0 fnt
|faint|p1a: Tyranitar
|
|
|switch|p1a: Rotom-Wash|Rotom-Wash|71\/304
|-damage|p1a: Rotom-Wash|33\/304|[from] Stealth Rock
|turn|19
|
|move|p2a: Lopunny|Return|p1a: Rotom-Wash
|-crit|p1a: Rotom-Wash
|-damage|p1a: Rotom-Wash|0 fnt
|faint|p1a: Rotom-Wash
|
|
|switch|p1a: Gardevoir|Gardevoir, F, shiny|124\/277 brn
|-damage|p1a: Gardevoir|90\/277 brn|[from] Stealth Rock
|-ability|p1a: Gardevoir|Scrappy|[from] ability: Trace|[of] p2a: Lopunny
|turn|20
|
|move|p2a: Lopunny|Return|p1a: Gardevoir
|-damage|p1a: Gardevoir|0 fnt
|faint|p1a: Gardevoir
|
|win|Skilight
|raw|Ladder updating...
|leave|Bill1218
|player|p1
|raw|Bill1218's rating: 1266 &rarr; <strong>1243<\/strong><br \/>(-23 for losing)
|raw|Skilight's rating: 1300 &rarr; <strong>1322<\/strong><br \/>(+22 for winning)