|join|Bill1218
|join|Li Yuanxin
|player|p1|Bill1218|78
|player|p2|Li Yuanxin|210
|gametype|singles
|gen|6
|tier|OU
|rated
|clearpoke
|poke|p1|Tyranitar, F
|poke|p1|Landorus-Therian, M
|poke|p1|Swampert, F
|poke|p1|Gardevoir, F, shiny
|poke|p1|Metagross
|poke|p1|Rotom-Wash
|poke|p2|Mew
|poke|p2|Chansey, F
|poke|p2|Clefable, F
|poke|p2|Arcanine, M, shiny
|poke|p2|Forretress, M, shiny
|poke|p2|Sableye, M, shiny
|rule|Swagger Clause: Swagger is banned
|rule|Baton Pass Clause: Limit one PokÃ©mon knowing Baton Pass
|rule|Sleep Clause Mod: Limit one foe put to sleep
|rule|Species Clause: Limit one of each PokÃ©mon
|rule|OHKO Clause: OHKO moves are banned
|rule|Moody Clause: Moody is banned
|rule|Evasion Moves Clause: Evasion moves are banned
|rule|Endless Battle Clause: Forcing endless battles is banned
|rule|HP Percentage Mod: HP is shown in percentages
|teampreview
|
|start
|switch|p1a: Gardevoir|Gardevoir, F, shiny|277\/277
|switch|p2a: Â³â°Â² â ã¤ãã©ã|Sableye, M, shiny|303\/303
|-ability|p1a: Gardevoir|Prankster|[from] ability: Trace|[of] p2a: Â³â°Â² â ã¤ãã©ã
|turn|1
|
|detailschange|p2a: Â³â°Â² â ã¤ãã©ã|Sableye-Mega, M, shiny
|message|Sableye has Mega Evolved into Mega Sableye!
|move|p1a: Gardevoir|Trick|p2a: Â³â°Â² â ã¤ãã©ã
|-fail|p2a: Â³â°Â² â ã¤ãã©ã
|move|p2a: Â³â°Â² â ã¤ãã©ã|Confuse Ray|p1a: Gardevoir
|-start|p1a: Gardevoir|confusion
|
|turn|2
|
|switch|p1a: Rotom-Wash|Rotom-Wash|304\/304
|move|p2a: Â³â°Â² â ã¤ãã©ã|Confuse Ray|p1a: Rotom-Wash
|-start|p1a: Rotom-Wash|confusion
|
|turn|3
|
|-activate|p1a: Rotom-Wash|confusion
|move|p1a: Rotom-Wash|Volt Switch|p2a: Â³â°Â² â ã¤ãã©ã
|-damage|p2a: Â³â°Â² â ã¤ãã©ã|233\/303
|
|switch|p1a: Gardevoir|Gardevoir, F, shiny|277\/277
|-ability|p1a: Gardevoir|Magic Bounce|[from] ability: Trace|[of] p2a: Â³â°Â² â ã¤ãã©ã
|move|p2a: Â³â°Â² â ã¤ãã©ã|Knock Off|p1a: Gardevoir
|-damage|p1a: Gardevoir|121\/277
|-enditem|p1a: Gardevoir|Choice Scarf|[from] move: Knock Off|[of] p2a: Â³â°Â² â ã¤ãã©ã
|
|turn|4
|
|switch|p2a: Â¹Â¹Â³ â ã©ãã­ã¼|Chansey, F|645\/645
|move|p1a: Gardevoir|Dazzling Gleam|p2a: Â¹Â¹Â³ â ã©ãã­ã¼
|-damage|p2a: Â¹Â¹Â³ â ã©ãã­ã¼|554\/645
|
|turn|5
|
|switch|p1a: Metagross|Metagross|302\/302
|move|p2a: Â¹Â¹Â³ â ã©ãã­ã¼|Stealth Rock|p1a: Metagross
|-sidestart|p1: Bill1218|move: Stealth Rock
|
|turn|6
|
|switch|p2a: â°âµâ¹ â¥ ã¦ã¤ã³ãã£|Arcanine, M, shiny|383\/383
|-ability|p2a: â°âµâ¹ â¥ ã¦ã¤ã³ãã£|Intimidate|[of] p1a: Metagross
|-fail|p1a: Metagross|unboost|[from] ability: Clear Body|[of] p1a: Metagross
|detailschange|p1a: Metagross|Metagross-Mega
|message|Metagross has Mega Evolved into Mega Metagross!
|move|p1a: Metagross|Meteor Mash|p2a: â°âµâ¹ â¥ ã¦ã¤ã³ãã£
|-resisted|p2a: â°âµâ¹ â¥ ã¦ã¤ã³ãã£
|-damage|p2a: â°âµâ¹ â¥ ã¦ã¤ã³ãã£|284\/383
|
|turn|7
|
|move|p1a: Metagross|Earthquake|p2a: â°âµâ¹ â¥ ã¦ã¤ã³ãã£
|-supereffective|p2a: â°âµâ¹ â¥ ã¦ã¤ã³ãã£
|-damage|p2a: â°âµâ¹ â¥ ã¦ã¤ã³ãã£|60\/383
|move|p2a: â°âµâ¹ â¥ ã¦ã¤ã³ãã£|Will-O-Wisp|p1a: Metagross
|-status|p1a: Metagross|brn
|
|-damage|p1a: Metagross|265\/302 brn|[from] brn
|turn|8
|
|switch|p2a: Â²â°âµ â ãã©ã¬ãã¹|Forretress, M, shiny|351\/351
|move|p1a: Metagross|Earthquake|p2a: Â²â°âµ â ãã©ã¬ãã¹
|-damage|p2a: Â²â°âµ â ãã©ã¬ãã¹|314\/351
|
|-heal|p2a: Â²â°âµ â ãã©ã¬ãã¹|335\/351|[from] item: Leftovers
|-damage|p1a: Metagross|228\/302 brn|[from] brn
|turn|9
|
|move|p1a: Metagross|Meteor Mash|p2a: Â²â°âµ â ãã©ã¬ãã¹
|-resisted|p2a: Â²â°âµ â ãã©ã¬ãã¹
|-damage|p2a: Â²â°âµ â ãã©ã¬ãã¹|305\/351
|-boost|p1a: Metagross|atk|1
|move|p2a: Â²â°âµ â ãã©ã¬ãã¹|Reflect|p2a: Â²â°âµ â ãã©ã¬ãã¹
|-sidestart|p2: Li Yuanxin|Reflect
|
|-heal|p2a: Â²â°âµ â ãã©ã¬ãã¹|326\/351|[from] item: Leftovers
|-damage|p1a: Metagross|191\/302 brn|[from] brn
|turn|10
|
|switch|p1a: Swampert|Swampert, F|404\/404
|-damage|p1a: Swampert|379\/404|[from] Stealth Rock
|move|p2a: Â²â°âµ â ãã©ã¬ãã¹|Drill Run|p1a: Swampert
|-damage|p1a: Swampert|332\/404
|
|-heal|p1a: Swampert|357\/404|[from] item: Leftovers
|-heal|p2a: Â²â°âµ â ãã©ã¬ãã¹|347\/351|[from] item: Leftovers
|turn|11
|
|switch|p2a: â°âµâ¹ â¥ ã¦ã¤ã³ãã£|Arcanine, M, shiny|60\/383
|-ability|p2a: â°âµâ¹ â¥ ã¦ã¤ã³ãã£|Intimidate|[of] p1a: Swampert
|-unboost|p1a: Swampert|atk|1
|move|p1a: Swampert|Stealth Rock|p2a: â°âµâ¹ â¥ ã¦ã¤ã³ãã£
|-sidestart|p2: Li Yuanxin|move: Stealth Rock
|
|-heal|p1a: Swampert|382\/404|[from] item: Leftovers
|turn|12
|
|move|p2a: â°âµâ¹ â¥ ã¦ã¤ã³ãã£|Morning Sun|p2a: â°âµâ¹ â¥ ã¦ã¤ã³ãã£
|-heal|p2a: â°âµâ¹ â¥ ã¦ã¤ã³ãã£|251\/383
|move|p1a: Swampert|Scald|p2a: â°âµâ¹ â¥ ã¦ã¤ã³ãã£
|-supereffective|p2a: â°âµâ¹ â¥ ã¦ã¤ã³ãã£
|-damage|p2a: â°âµâ¹ â¥ ã¦ã¤ã³ãã£|57\/383
|
|-heal|p1a: Swampert|404\/404|[from] item: Leftovers
|turn|13
|
|move|p2a: â°âµâ¹ â¥ ã¦ã¤ã³ãã£|Will-O-Wisp|p1a: Swampert
|-status|p1a: Swampert|brn
|move|p1a: Swampert|Scald|p2a: â°âµâ¹ â¥ ã¦ã¤ã³ãã£
|-supereffective|p2a: â°âµâ¹ â¥ ã¦ã¤ã³ãã£
|-damage|p2a: â°âµâ¹ â¥ ã¦ã¤ã³ãã£|0 fnt
|faint|p2a: â°âµâ¹ â¥ ã¦ã¤ã³ãã£
|
|-damage|p1a: Swampert|354\/404 brn|[from] brn
|-sideend|p2: Li Yuanxin|Reflect
|
|switch|p2a: Â²â°âµ â ãã©ã¬ãã¹|Forretress, M, shiny|347\/351
|-damage|p2a: Â²â°âµ â ãã©ã¬ãã¹|304\/351|[from] Stealth Rock
|turn|14
|
|move|p2a: Â²â°âµ â ãã©ã¬ãã¹|Rapid Spin|p1a: Swampert
|-damage|p1a: Swampert|343\/404 brn
|-sideend|p2: Li Yuanxin|Stealth Rock|[from] move: Rapid Spin|[of] p2a: Â²â°âµ â ãã©ã¬ãã¹
|move|p1a: Swampert|Roar|p2a: Â²â°âµ â ãã©ã¬ãã¹
|drag|p2a: Â¹âµÂ¹ â¬ ãã¥ã¦ â|Mew|383\/383
|
|-heal|p1a: Swampert|368\/404 brn|[from] item: Leftovers
|-damage|p1a: Swampert|318\/404 brn|[from] brn
|turn|15
|
|switch|p2a: Â³â°Â² â ã¤ãã©ã|Sableye-Mega, M, shiny|233\/303
|switch|p1a: Tyranitar|Tyranitar, F|404\/404
|-damage|p1a: Tyranitar|354\/404|[from] Stealth Rock
|-weather|Sandstorm
|
|-weather|Sandstorm|[upkeep]
|-damage|p2a: Â³â°Â² â ã¤ãã©ã|215\/303|[from] sandstorm
|turn|16
|
|move|p1a: Tyranitar|Stone Edge|p2a: Â³â°Â² â ã¤ãã©ã
|-damage|p2a: Â³â°Â² â ã¤ãã©ã|95\/303
|move|p2a: Â³â°Â² â ã¤ãã©ã|Confuse Ray|p1a: Tyranitar
|-start|p1a: Tyranitar|confusion
|
|-weather|Sandstorm|[upkeep]
|-damage|p2a: Â³â°Â² â ã¤ãã©ã|77\/303|[from] sandstorm
|turn|17
|
|-activate|p1a: Tyranitar|confusion
|-damage|p1a: Tyranitar|322\/404|[from] confusion
|move|p2a: Â³â°Â² â ã¤ãã©ã|Recover|p2a: Â³â°Â² â ã¤ãã©ã
|-heal|p2a: Â³â°Â² â ã¤ãã©ã|229\/303
|
|-weather|Sandstorm|[upkeep]
|-damage|p2a: Â³â°Â² â ã¤ãã©ã|211\/303|[from] sandstorm
|turn|18
|
|-activate|p1a: Tyranitar|confusion
|-damage|p1a: Tyranitar|290\/404|[from] confusion
|move|p2a: Â³â°Â² â ã¤ãã©ã|Knock Off|p1a: Tyranitar
|-resisted|p1a: Tyranitar
|-damage|p1a: Tyranitar|251\/404
|-enditem|p1a: Tyranitar|Assault Vest|[from] move: Knock Off|[of] p2a: Â³â°Â² â ã¤ãã©ã
|
|-weather|Sandstorm|[upkeep]
|-damage|p2a: Â³â°Â² â ã¤ãã©ã|193\/303|[from] sandstorm
|turn|19
|
|-activate|p1a: Tyranitar|confusion
|move|p1a: Tyranitar|Stone Edge|p2a: Â³â°Â² â ã¤ãã©ã|[miss]
|-miss|p1a: Tyranitar|p2a: Â³â°Â² â ã¤ãã©ã
|move|p2a: Â³â°Â² â ã¤ãã©ã|Recover|p2a: Â³â°Â² â ã¤ãã©ã
|-heal|p2a: Â³â°Â² â ã¤ãã©ã|303\/303
|
|-weather|none
|turn|20
|
|-activate|p1a: Tyranitar|confusion
|move|p1a: Tyranitar|Stone Edge|p2a: Â³â°Â² â ã¤ãã©ã
|-damage|p2a: Â³â°Â² â ã¤ãã©ã|188\/303
|move|p2a: Â³â°Â² â ã¤ãã©ã|Confuse Ray|p1a: Tyranitar
|-fail|p1a: Tyranitar
|
|turn|21
|
|-end|p1a: Tyranitar|confusion
|move|p1a: Tyranitar|Stone Edge|p2a: Â³â°Â² â ã¤ãã©ã
|-damage|p2a: Â³â°Â² â ã¤ãã©ã|73\/303
|move|p2a: Â³â°Â² â ã¤ãã©ã|Recover|p2a: Â³â°Â² â ã¤ãã©ã
|-heal|p2a: Â³â°Â² â ã¤ãã©ã|225\/303
|
|turn|22
|
|move|p1a: Tyranitar|Stone Edge|p2a: Â³â°Â² â ã¤ãã©ã
|-damage|p2a: Â³â°Â² â ã¤ãã©ã|110\/303
|move|p2a: Â³â°Â² â ã¤ãã©ã|Confuse Ray|p1a: Tyranitar
|-start|p1a: Tyranitar|confusion
|
|turn|23
|
|-activate|p1a: Tyranitar|confusion
|move|p1a: Tyranitar|Stone Edge|p2a: Â³â°Â² â ã¤ãã©ã
|-damage|p2a: Â³â°Â² â ã¤ãã©ã|1\/303
|move|p2a: Â³â°Â² â ã¤ãã©ã|Recover|p2a: Â³â°Â² â ã¤ãã©ã
|-heal|p2a: Â³â°Â² â ã¤ãã©ã|153\/303
|
|turn|24
|
|-activate|p1a: Tyranitar|confusion
|-damage|p1a: Tyranitar|218\/404|[from] confusion
|move|p2a: Â³â°Â² â ã¤ãã©ã|Recover|p2a: Â³â°Â² â ã¤ãã©ã
|-heal|p2a: Â³â°Â² â ã¤ãã©ã|303\/303
|
|turn|25
|
|-end|p1a: Tyranitar|confusion
|move|p1a: Tyranitar|Stone Edge|p2a: Â³â°Â² â ã¤ãã©ã
|-crit|p2a: Â³â°Â² â ã¤ãã©ã
|-damage|p2a: Â³â°Â² â ã¤ãã©ã|122\/303
|move|p2a: Â³â°Â² â ã¤ãã©ã|Foul Play|p1a: Tyranitar
|-resisted|p1a: Tyranitar
|-damage|p1a: Tyranitar|163\/404
|
|turn|26
|
|move|p1a: Tyranitar|Stone Edge|p2a: Â³â°Â² â ã¤ãã©ã
|-damage|p2a: Â³â°Â² â ã¤ãã©ã|19\/303
|move|p2a: Â³â°Â² â ã¤ãã©ã|Confuse Ray|p1a: Tyranitar
|-start|p1a: Tyranitar|confusion
|
|turn|27
|
|switch|p1a: Gardevoir|Gardevoir, F, shiny|121\/277
|-damage|p1a: Gardevoir|87\/277|[from] Stealth Rock
|-ability|p1a: Gardevoir|Magic Bounce|[from] ability: Trace|[of] p2a: Â³â°Â² â ã¤ãã©ã
|move|p2a: Â³â°Â² â ã¤ãã©ã|Recover|p2a: Â³â°Â² â ã¤ãã©ã
|-heal|p2a: Â³â°Â² â ã¤ãã©ã|171\/303
|
|turn|28
|
|switch|p2a: Â¹Â¹Â³ â ã©ãã­ã¼|Chansey, F|554\/645
|move|p1a: Gardevoir|Trick|p2a: Â¹Â¹Â³ â ã©ãã­ã¼
|-activate|p1a: Gardevoir|move: Trick|[of] p2a: Â¹Â¹Â³ â ã©ãã­ã¼
|-item|p1a: Gardevoir|Eviolite|[from] move: Trick
|
|turn|29
|
|switch|p1a: Swampert|Swampert, F|318\/404 brn
|-damage|p1a: Swampert|293\/404 brn|[from] Stealth Rock
|move|p2a: Â¹Â¹Â³ â ã©ãã­ã¼|Ice Beam|p1a: Swampert
|-damage|p1a: Swampert|238\/404 brn
|
|-heal|p1a: Swampert|263\/404 brn|[from] item: Leftovers
|-damage|p1a: Swampert|213\/404 brn|[from] brn
|turn|30
|
|switch|p2a: Â³â°Â² â ã¤ãã©ã|Sableye-Mega, M, shiny|171\/303
|move|p1a: Swampert|Stealth Rock|p2a: Â³â°Â² â ã¤ãã©ã
|move|p2a: Â³â°Â² â ã¤ãã©ã|Stealth Rock|p1a: Swampert|[from]Magic Bounce
|-fail|p1a: Swampert
|
|-heal|p1a: Swampert|238\/404 brn|[from] item: Leftovers
|-damage|p1a: Swampert|188\/404 brn|[from] brn
|turn|31
|
|move|p1a: Swampert|Earthquake|p2a: Â³â°Â² â ã¤ãã©ã
|-damage|p2a: Â³â°Â² â ã¤ãã©ã|129\/303
|move|p2a: Â³â°Â² â ã¤ãã©ã|Recover|p2a: Â³â°Â² â ã¤ãã©ã
|-heal|p2a: Â³â°Â² â ã¤ãã©ã|281\/303
|
|-heal|p1a: Swampert|213\/404 brn|[from] item: Leftovers
|-damage|p1a: Swampert|163\/404 brn|[from] brn
|turn|32
|
|move|p1a: Swampert|Scald|p2a: Â³â°Â² â ã¤ãã©ã
|-damage|p2a: Â³â°Â² â ã¤ãã©ã|220\/303
|move|p2a: Â³â°Â² â ã¤ãã©ã|Confuse Ray|p1a: Swampert
|-start|p1a: Swampert|confusion
|
|-heal|p1a: Swampert|188\/404 brn|[from] item: Leftovers
|-damage|p1a: Swampert|138\/404 brn|[from] brn
|turn|33
|
|-activate|p1a: Swampert|confusion
|move|p1a: Swampert|Scald|p2a: Â³â°Â² â ã¤ãã©ã
|-damage|p2a: Â³â°Â² â ã¤ãã©ã|156\/303
|-status|p2a: Â³â°Â² â ã¤ãã©ã|brn
|move|p2a: Â³â°Â² â ã¤ãã©ã|Knock Off|p1a: Swampert
|-damage|p1a: Swampert|98\/404 brn
|-enditem|p1a: Swampert|Leftovers|[from] move: Knock Off|[of] p2a: Â³â°Â² â ã¤ãã©ã
|
|-damage|p1a: Swampert|48\/404 brn|[from] brn
|-damage|p2a: Â³â°Â² â ã¤ãã©ã|119\/303 brn|[from] brn
|turn|34
|
|-activate|p1a: Swampert|confusion
|-damage|p1a: Swampert|36\/404 brn|[from] confusion
|move|p2a: Â³â°Â² â ã¤ãã©ã|Recover|p2a: Â³â°Â² â ã¤ãã©ã
|-heal|p2a: Â³â°Â² â ã¤ãã©ã|271\/303 brn
|
|-damage|p1a: Swampert|0 fnt|[from] brn
|-damage|p2a: Â³â°Â² â ã¤ãã©ã|234\/303 brn|[from] brn
|faint|p1a: Swampert
|
|switch|p1a: Gardevoir|Gardevoir, F, shiny|87\/277
|-damage|p1a: Gardevoir|53\/277|[from] Stealth Rock
|-ability|p1a: Gardevoir|Magic Bounce|[from] ability: Trace|[of] p2a: Â³â°Â² â ã¤ãã©ã
|turn|35
|
|switch|p2a: â°Â³â¶ âª ãã¯ã·ã¼|Clefable, F|393\/393
|move|p1a: Gardevoir|Dazzling Gleam|p2a: â°Â³â¶ âª ãã¯ã·ã¼
|-damage|p2a: â°Â³â¶ âª ãã¯ã·ã¼|243\/393
|
|turn|36
|
|move|p1a: Gardevoir|Psychic|p2a: â°Â³â¶ âª ãã¯ã·ã¼
|-damage|p2a: â°Â³â¶ âª ãã¯ã·ã¼|75\/393
|move|p2a: â°Â³â¶ âª ãã¯ã·ã¼|Aromatherapy|p2a: â°Â³â¶ âª ãã¯ã·ã¼
|-cureteam|p2a: â°Â³â¶ âª ãã¯ã·ã¼|[from] move: Aromatherapy
|
|turn|37
|
|switch|p2a: Â¹Â¹Â³ â ã©ãã­ã¼|Chansey, F|554\/645
|move|p1a: Gardevoir|Dazzling Gleam|p2a: Â¹Â¹Â³ â ã©ãã­ã¼
|-damage|p2a: Â¹Â¹Â³ â ã©ãã­ã¼|424\/645
|
|turn|38
|
|switch|p1a: Landorus-Therian|Landorus-Therian, M|327\/327
|-damage|p1a: Landorus-Therian|287\/327|[from] Stealth Rock
|-ability|p1a: Landorus-Therian|Intimidate|[of] p2a: Â¹Â¹Â³ â ã©ãã­ã¼
|-unboost|p2a: Â¹Â¹Â³ â ã©ãã­ã¼|atk|1
|move|p2a: Â¹Â¹Â³ â ã©ãã­ã¼|Soft-Boiled|p2a: Â¹Â¹Â³ â ã©ãã­ã¼
|-heal|p2a: Â¹Â¹Â³ â ã©ãã­ã¼|645\/645
|
|turn|39
|
|move|p1a: Landorus-Therian|U-turn|p2a: Â¹Â¹Â³ â ã©ãã­ã¼
|-damage|p2a: Â¹Â¹Â³ â ã©ãã­ã¼|413\/645
|
|switch|p1a: Metagross|Metagross-Mega|191\/302 brn
|-damage|p1a: Metagross|173\/302 brn|[from] Stealth Rock
|move|p2a: Â¹Â¹Â³ â ã©ãã­ã¼|Ice Beam|p1a: Metagross
|-resisted|p1a: Metagross
|-damage|p1a: Metagross|149\/302 brn
|
|-damage|p1a: Metagross|112\/302 brn|[from] brn
|turn|40
|
|move|p1a: Metagross|Brick Break|p2a: Â¹Â¹Â³ â ã©ãã­ã¼
|-supereffective|p2a: Â¹Â¹Â³ â ã©ãã­ã¼
|-damage|p2a: Â¹Â¹Â³ â ã©ãã­ã¼|125\/645
|move|p2a: Â¹Â¹Â³ â ã©ãã­ã¼|Soft-Boiled|p2a: Â¹Â¹Â³ â ã©ãã­ã¼
|-heal|p2a: Â¹Â¹Â³ â ã©ãã­ã¼|448\/645
|
|-damage|p1a: Metagross|75\/302 brn|[from] brn
|turn|41
|
|move|p1a: Metagross|Meteor Mash|p2a: Â¹Â¹Â³ â ã©ãã­ã¼
|-damage|p2a: Â¹Â¹Â³ â ã©ãã­ã¼|180\/645
|-boost|p1a: Metagross|atk|1
|move|p2a: Â¹Â¹Â³ â ã©ãã­ã¼|Soft-Boiled|p2a: Â¹Â¹Â³ â ã©ãã­ã¼
|-heal|p2a: Â¹Â¹Â³ â ã©ãã­ã¼|503\/645
|
|-damage|p1a: Metagross|38\/302 brn|[from] brn
|turn|42
|
|switch|p2a: Â³â°Â² â ã¤ãã©ã|Sableye-Mega, M, shiny|234\/303
|move|p1a: Metagross|Meteor Mash|p2a: Â³â°Â² â ã¤ãã©ã
|-damage|p2a: Â³â°Â² â ã¤ãã©ã|101\/303
|-boost|p1a: Metagross|atk|1
|
|-damage|p1a: Metagross|1\/302 brn|[from] brn
|turn|43
|
|switch|p2a: Â²â°âµ â ãã©ã¬ãã¹|Forretress, M, shiny|304\/351
|move|p1a: Metagross|Meteor Mash|p2a: Â²â°âµ â ãã©ã¬ãã¹
|-resisted|p2a: Â²â°âµ â ãã©ã¬ãã¹
|-damage|p2a: Â²â°âµ â ãã©ã¬ãã¹|240\/351
|
|-heal|p2a: Â²â°âµ â ãã©ã¬ãã¹|261\/351|[from] item: Leftovers
|-damage|p1a: Metagross|0 fnt|[from] brn
|faint|p1a: Metagross
|
|switch|p1a: Tyranitar|Tyranitar, F|163\/404
|-damage|p1a: Tyranitar|113\/404|[from] Stealth Rock
|-weather|Sandstorm
|turn|44
|
|switch|p2a: Â¹Â¹Â³ â ã©ãã­ã¼|Chansey, F|503\/645
|move|p1a: Tyranitar|Fire Blast|p2a: Â¹Â¹Â³ â ã©ãã­ã¼
|-damage|p2a: Â¹Â¹Â³ â ã©ãã­ã¼|425\/645
|
|-weather|Sandstorm|[upkeep]
|-damage|p2a: Â¹Â¹Â³ â ã©ãã­ã¼|385\/645|[from] sandstorm
|turn|45
|
|move|p1a: Tyranitar|Pursuit|p2a: Â¹Â¹Â³ â ã©ãã­ã¼
|-damage|p2a: Â¹Â¹Â³ â ã©ãã­ã¼|265\/645
|move|p2a: Â¹Â¹Â³ â ã©ãã­ã¼|Seismic Toss|p1a: Tyranitar
|-damage|p1a: Tyranitar|13\/404
|
|-weather|Sandstorm|[upkeep]
|-damage|p2a: Â¹Â¹Â³ â ã©ãã­ã¼|225\/645|[from] sandstorm
|turn|46
|
|move|p1a: Tyranitar|Fire Blast|p2a: Â¹Â¹Â³ â ã©ãã­ã¼
|-damage|p2a: Â¹Â¹Â³ â ã©ãã­ã¼|152\/645
|move|p2a: Â¹Â¹Â³ â ã©ãã­ã¼|Soft-Boiled|p2a: Â¹Â¹Â³ â ã©ãã­ã¼
|-heal|p2a: Â¹Â¹Â³ â ã©ãã­ã¼|475\/645
|
|-weather|Sandstorm|[upkeep]
|-damage|p2a: Â¹Â¹Â³ â ã©ãã­ã¼|435\/645|[from] sandstorm
|turn|47
|
|move|p1a: Tyranitar|Pursuit|p2a: Â¹Â¹Â³ â ã©ãã­ã¼
|-damage|p2a: Â¹Â¹Â³ â ã©ãã­ã¼|303\/645
|move|p2a: Â¹Â¹Â³ â ã©ãã­ã¼|Soft-Boiled|p2a: Â¹Â¹Â³ â ã©ãã­ã¼
|-heal|p2a: Â¹Â¹Â³ â ã©ãã­ã¼|626\/645
|
|-weather|Sandstorm|[upkeep]
|-damage|p2a: Â¹Â¹Â³ â ã©ãã­ã¼|586\/645|[from] sandstorm
|turn|48
|
|move|p1a: Tyranitar|Pursuit|p2a: Â¹Â¹Â³ â ã©ãã­ã¼
|-damage|p2a: Â¹Â¹Â³ â ã©ãã­ã¼|459\/645
|move|p2a: Â¹Â¹Â³ â ã©ãã­ã¼|Seismic Toss|p1a: Tyranitar
|-damage|p1a: Tyranitar|0 fnt
|faint|p1a: Tyranitar
|
|-weather|none
|
|switch|p1a: Rotom-Wash|Rotom-Wash|304\/304
|-damage|p1a: Rotom-Wash|266\/304|[from] Stealth Rock
|turn|49
|
|move|p1a: Rotom-Wash|Will-O-Wisp|p2a: Â¹Â¹Â³ â ã©ãã­ã¼|[miss]
|-miss|p1a: Rotom-Wash|p2a: Â¹Â¹Â³ â ã©ãã­ã¼
|move|p2a: Â¹Â¹Â³ â ã©ãã­ã¼|Ice Beam|p1a: Rotom-Wash
|-crit|p1a: Rotom-Wash
|-resisted|p1a: Rotom-Wash
|-damage|p1a: Rotom-Wash|242\/304
|
|-heal|p1a: Rotom-Wash|261\/304|[from] item: Leftovers
|turn|50
|
|switch|p2a: Â³â°Â² â ã¤ãã©ã|Sableye-Mega, M, shiny|101\/303
|move|p1a: Rotom-Wash|Will-O-Wisp|p2a: Â³â°Â² â ã¤ãã©ã
|move|p2a: Â³â°Â² â ã¤ãã©ã|Will-O-Wisp|p1a: Rotom-Wash|[from]Magic Bounce
|-status|p1a: Rotom-Wash|brn
|
|-heal|p1a: Rotom-Wash|280\/304 brn|[from] item: Leftovers
|-damage|p1a: Rotom-Wash|242\/304 brn|[from] brn
|turn|51
|
|move|p1a: Rotom-Wash|Volt Switch|p2a: Â³â°Â² â ã¤ãã©ã
|-damage|p2a: Â³â°Â² â ã¤ãã©ã|40\/303
|
|switch|p1a: Landorus-Therian|Landorus-Therian, M|287\/327
|-damage|p1a: Landorus-Therian|247\/327|[from] Stealth Rock
|-ability|p1a: Landorus-Therian|Intimidate|[of] p2a: Â³â°Â² â ã¤ãã©ã
|-unboost|p2a: Â³â°Â² â ã¤ãã©ã|atk|1
|move|p2a: Â³â°Â² â ã¤ãã©ã|Recover|p2a: Â³â°Â² â ã¤ãã©ã
|-heal|p2a: Â³â°Â² â ã¤ãã©ã|192\/303
|
|turn|52
|
|move|p1a: Landorus-Therian|Earthquake|p2a: Â³â°Â² â ã¤ãã©ã
|-damage|p2a: Â³â°Â² â ã¤ãã©ã|24\/303
|move|p2a: Â³â°Â² â ã¤ãã©ã|Confuse Ray|p1a: Landorus-Therian
|-start|p1a: Landorus-Therian|confusion
|
|turn|53
|
|-activate|p1a: Landorus-Therian|confusion
|-damage|p1a: Landorus-Therian|186\/327|[from] confusion
|move|p2a: Â³â°Â² â ã¤ãã©ã|Recover|p2a: Â³â°Â² â ã¤ãã©ã
|-heal|p2a: Â³â°Â² â ã¤ãã©ã|176\/303
|
|turn|54
|
|-activate|p1a: Landorus-Therian|confusion
|move|p1a: Landorus-Therian|Earthquake|p2a: Â³â°Â² â ã¤ãã©ã
|-damage|p2a: Â³â°Â² â ã¤ãã©ã|26\/303
|move|p2a: Â³â°Â² â ã¤ãã©ã|Recover|p2a: Â³â°Â² â ã¤ãã©ã
|-heal|p2a: Â³â°Â² â ã¤ãã©ã|178\/303
|
|turn|55
|
|-activate|p1a: Landorus-Therian|confusion
|-damage|p1a: Landorus-Therian|129\/327|[from] confusion
|move|p2a: Â³â°Â² â ã¤ãã©ã|Recover|p2a: Â³â°Â² â ã¤ãã©ã
|-heal|p2a: Â³â°Â² â ã¤ãã©ã|303\/303
|
|turn|56
|
|-activate|p1a: Landorus-Therian|confusion
|-damage|p1a: Landorus-Therian|66\/327|[from] confusion
|move|p2a: Â³â°Â² â ã¤ãã©ã|Foul Play|p1a: Landorus-Therian
|-damage|p1a: Landorus-Therian|0 fnt
|faint|p1a: Landorus-Therian
|
|
|switch|p1a: Gardevoir|Gardevoir, F, shiny|53\/277
|-damage|p1a: Gardevoir|19\/277|[from] Stealth Rock
|-ability|p1a: Gardevoir|Magic Bounce|[from] ability: Trace|[of] p2a: Â³â°Â² â ã¤ãã©ã
|turn|57
|
|switch|p2a: Â¹Â¹Â³ â ã©ãã­ã¼|Chansey, F|459\/645
|move|p1a: Gardevoir|Dazzling Gleam|p2a: Â¹Â¹Â³ â ã©ãã­ã¼
|-damage|p2a: Â¹Â¹Â³ â ã©ãã­ã¼|329\/645
|
|turn|58
|
|move|p1a: Gardevoir|Psychic|p2a: Â¹Â¹Â³ â ã©ãã­ã¼
|-damage|p2a: Â¹Â¹Â³ â ã©ãã­ã¼|179\/645
|move|p2a: Â¹Â¹Â³ â ã©ãã­ã¼|Soft-Boiled|p2a: Â¹Â¹Â³ â ã©ãã­ã¼
|-heal|p2a: Â¹Â¹Â³ â ã©ãã­ã¼|502\/645
|
|turn|59
|
|move|p1a: Gardevoir|Psychic|p2a: Â¹Â¹Â³ â ã©ãã­ã¼
|-damage|p2a: Â¹Â¹Â³ â ã©ãã­ã¼|349\/645
|move|p2a: Â¹Â¹Â³ â ã©ãã­ã¼|Soft-Boiled|p2a: Â¹Â¹Â³ â ã©ãã­ã¼
|-heal|p2a: Â¹Â¹Â³ â ã©ãã­ã¼|645\/645
|
|turn|60
|
|move|p1a: Gardevoir|Psychic|p2a: Â¹Â¹Â³ â ã©ãã­ã¼
|-damage|p2a: Â¹Â¹Â³ â ã©ãã­ã¼|497\/645
|move|p2a: Â¹Â¹Â³ â ã©ãã­ã¼|Seismic Toss|p1a: Gardevoir
|-damage|p1a: Gardevoir|0 fnt
|faint|p1a: Gardevoir
|
|
|switch|p1a: Rotom-Wash|Rotom-Wash|242\/304 brn
|-damage|p1a: Rotom-Wash|204\/304 brn|[from] Stealth Rock
|turn|61
|
|move|p1a: Rotom-Wash|Reflect|p1a: Rotom-Wash
|-sidestart|p1: Bill1218|Reflect
|move|p2a: Â¹Â¹Â³ â ã©ãã­ã¼|Seismic Toss|p1a: Rotom-Wash
|-damage|p1a: Rotom-Wash|104\/304 brn
|
|-heal|p1a: Rotom-Wash|123\/304 brn|[from] item: Leftovers
|-damage|p1a: Rotom-Wash|85\/304 brn|[from] brn
|turn|62
|
|move|p1a: Rotom-Wash|Pain Split|p2a: Â¹Â¹Â³ â ã©ãã­ã¼
|-sethp|p2a: Â¹Â¹Â³ â ã©ãã­ã¼|291\/645|p1a: Rotom-Wash|291\/304 brn|[from] move: Pain Split
|move|p2a: Â¹Â¹Â³ â ã©ãã­ã¼|Seismic Toss|p1a: Rotom-Wash
|-damage|p1a: Rotom-Wash|191\/304 brn
|
|-heal|p1a: Rotom-Wash|210\/304 brn|[from] item: Leftovers
|-damage|p1a: Rotom-Wash|172\/304 brn|[from] brn
|turn|63
|
|move|p1a: Rotom-Wash|Will-O-Wisp|p2a: Â¹Â¹Â³ â ã©ãã­ã¼
|-status|p2a: Â¹Â¹Â³ â ã©ãã­ã¼|brn
|move|p2a: Â¹Â¹Â³ â ã©ãã­ã¼|Seismic Toss|p1a: Rotom-Wash
|-damage|p1a: Rotom-Wash|72\/304 brn
|
|-heal|p1a: Rotom-Wash|91\/304 brn|[from] item: Leftovers
|-damage|p1a: Rotom-Wash|53\/304 brn|[from] brn
|-damage|p2a: Â¹Â¹Â³ â ã©ãã­ã¼|211\/645 brn|[from] brn
|turn|64
|
|move|p1a: Rotom-Wash|Pain Split|p2a: Â¹Â¹Â³ â ã©ãã­ã¼
|-sethp|p2a: Â¹Â¹Â³ â ã©ãã­ã¼|132\/645 brn|p1a: Rotom-Wash|132\/304 brn|[from] move: Pain Split
|move|p2a: Â¹Â¹Â³ â ã©ãã­ã¼|Seismic Toss|p1a: Rotom-Wash
|-damage|p1a: Rotom-Wash|32\/304 brn
|
|-heal|p1a: Rotom-Wash|51\/304 brn|[from] item: Leftovers
|-damage|p1a: Rotom-Wash|13\/304 brn|[from] brn
|-damage|p2a: Â¹Â¹Â³ â ã©ãã­ã¼|52\/645 brn|[from] brn
|turn|65
|-message|Bill1218 forfeited.
|
|win|Li Yuanxin
|raw|Ladder updating...
|leave|Bill1218
|player|p1
|raw|Bill1218's rating: 1337 &rarr; <strong>1318<\/strong><br \/>(-19 for losing)
|raw|Li Yuanxin's rating: 1346 &rarr; <strong>1366<\/strong><br \/>(+20 for winning)