|join|Bill1218
|join|KOKai LaFlare
|player|p1|Bill1218|78
|player|p2|KOKai LaFlare|125
|gametype|singles
|gen|6
|tier|OU
|rated
|clearpoke
|poke|p1|Heatran, F
|poke|p1|Breloom, M
|poke|p1|Keldeo
|poke|p1|Slowbro, M, shiny
|poke|p1|Landorus, M
|poke|p1|Tyranitar, F
|poke|p2|Lopunny, M
|poke|p2|Tangrowth, M
|poke|p2|Heatran, F
|poke|p2|Keldeo
|poke|p2|Excadrill, F
|poke|p2|Togekiss, M
|rule|Swagger Clause: Swagger is banned
|rule|Baton Pass Clause: Limit one PokÃ©mon knowing Baton Pass
|rule|Sleep Clause Mod: Limit one foe put to sleep
|rule|Species Clause: Limit one of each PokÃ©mon
|rule|OHKO Clause: OHKO moves are banned
|rule|Moody Clause: Moody is banned
|rule|Evasion Moves Clause: Evasion moves are banned
|rule|Endless Battle Clause: Forcing endless battles is banned
|rule|HP Percentage Mod: HP is shown in percentages
|teampreview
|
|start
|switch|p1a: Heatran|Heatran, F|386\/386
|switch|p2a: Lopunny|Lopunny, M|271\/271
|turn|1
|
|detailschange|p2a: Lopunny|Lopunny-Mega, M
|-mega|p2a: Lopunny|Lopunny|Lopunnite
|move|p2a: Lopunny|High Jump Kick|p1a: Heatran
|-supereffective|p1a: Heatran
|-damage|p1a: Heatran|0 fnt
|faint|p1a: Heatran
|
|
|switch|p1a: Slowbro|Slowbro, M, shiny|391\/391
|turn|2
|
|switch|p2a: Tangrowth|Tangrowth, M|404\/404
|move|p1a: Slowbro|Scald|p2a: Tangrowth
|-resisted|p2a: Tangrowth
|-damage|p2a: Tangrowth|370\/404
|
|turn|3
|
|switch|p1a: Landorus|Landorus, M|320\/320
|move|p2a: Tangrowth|Knock Off|p1a: Landorus
|-damage|p1a: Landorus|232\/320
|-enditem|p1a: Landorus|Life Orb|[from] move: Knock Off|[of] p2a: Tangrowth
|
|turn|4
|
|move|p1a: Landorus|Sludge Wave|p2a: Tangrowth
|-supereffective|p2a: Tangrowth
|-damage|p2a: Tangrowth|170\/404
|move|p2a: Tangrowth|Giga Drain|p1a: Landorus
|-damage|p1a: Landorus|114\/320
|-heal|p2a: Tangrowth|229\/404|[from] drain|[of] p1a: Landorus
|
|turn|5
|
|move|p1a: Landorus|Sludge Wave|p2a: Tangrowth
|-supereffective|p2a: Tangrowth
|-damage|p2a: Tangrowth|25\/404
|move|p2a: Tangrowth|Giga Drain|p1a: Landorus
|-damage|p1a: Landorus|0 fnt
|-heal|p2a: Tangrowth|82\/404|[from] drain|[of] p1a: Landorus
|faint|p1a: Landorus
|
|
|switch|p1a: Breloom|Breloom, M|262\/262
|turn|6
|
|switch|p2a: Togekiss|Togekiss, M|374\/374
|move|p1a: Breloom|Mach Punch|p2a: Togekiss
|-resisted|p2a: Togekiss
|-damage|p2a: Togekiss|354\/374
|
|-heal|p2a: Togekiss|374\/374|[from] item: Leftovers
|turn|7
|
|switch|p2a: Tangrowth|Tangrowth, M|216\/404
|move|p1a: Breloom|Spore|p2a: Tangrowth
|-fail|p2a: Tangrowth
|
|turn|8
|
|switch|p1a: Tyranitar|Tyranitar, F|404\/404
|-weather|Sandstorm
|move|p2a: Tangrowth|Knock Off|p1a: Tyranitar
|-resisted|p1a: Tyranitar
|-damage|p1a: Tyranitar|375\/404
|-enditem|p1a: Tyranitar|Assault Vest|[from] move: Knock Off|[of] p2a: Tangrowth
|
|-weather|Sandstorm|[upkeep]
|-damage|p2a: Tangrowth|191\/404|[from] sandstorm
|turn|9
|
|switch|p2a: Togekiss|Togekiss, M|374\/374
|move|p1a: Tyranitar|Fire Blast|p2a: Togekiss
|-damage|p2a: Togekiss|294\/374
|
|-weather|Sandstorm|[upkeep]
|-damage|p2a: Togekiss|271\/374|[from] sandstorm
|-heal|p2a: Togekiss|294\/374|[from] item: Leftovers
|turn|10
|
|move|p2a: Togekiss|Thunder Wave|p1a: Tyranitar
|-status|p1a: Tyranitar|par
|move|p1a: Tyranitar|Stone Edge|p2a: Togekiss
|-supereffective|p2a: Togekiss
|-damage|p2a: Togekiss|84\/374
|
|-weather|Sandstorm|[upkeep]
|-damage|p2a: Togekiss|61\/374|[from] sandstorm
|-heal|p2a: Togekiss|84\/374|[from] item: Leftovers
|turn|11
|
|switch|p1a: Slowbro|Slowbro, M, shiny|391\/391
|move|p2a: Togekiss|Roost|p2a: Togekiss
|-heal|p2a: Togekiss|271\/374
|
|-weather|Sandstorm|[upkeep]
|-damage|p2a: Togekiss|248\/374|[from] sandstorm
|-damage|p1a: Slowbro|367\/391|[from] sandstorm
|-heal|p2a: Togekiss|271\/374|[from] item: Leftovers
|turn|12
|
|move|p2a: Togekiss|Thunder Wave|p1a: Slowbro
|-status|p1a: Slowbro|par
|move|p1a: Slowbro|Calm Mind|p1a: Slowbro
|-boost|p1a: Slowbro|spa|1
|-boost|p1a: Slowbro|spd|1
|
|-weather|none
|-heal|p2a: Togekiss|294\/374|[from] item: Leftovers
|turn|13
|
|switch|p2a: Tangrowth|Tangrowth, M|325\/404
|detailschange|p1a: Slowbro|Slowbro-Mega, M, shiny
|-mega|p1a: Slowbro|Slowbro|Slowbronite
|move|p1a: Slowbro|Calm Mind|p1a: Slowbro
|-boost|p1a: Slowbro|spa|1
|-boost|p1a: Slowbro|spd|1
|
|turn|14
|
|move|p2a: Tangrowth|Giga Drain|p1a: Slowbro
|-supereffective|p1a: Slowbro
|-damage|p1a: Slowbro|271\/391 par
|-heal|p2a: Tangrowth|373\/404|[from] drain|[of] p1a: Slowbro
|move|p1a: Slowbro|Calm Mind|p1a: Slowbro
|-boost|p1a: Slowbro|spa|1
|-boost|p1a: Slowbro|spd|1
|
|turn|15
|
|switch|p2a: Heatran|Heatran, F|385\/385
|move|p1a: Slowbro|Calm Mind|p1a: Slowbro
|-boost|p1a: Slowbro|spa|1
|-boost|p1a: Slowbro|spd|1
|
|turn|16
|
|cant|p1a: Slowbro|par
|move|p2a: Heatran|Roar|p1a: Slowbro
|drag|p1a: Tyranitar|Tyranitar, F|375\/404 par
|-weather|Sandstorm
|
|-weather|Sandstorm|[upkeep]
|turn|17
|c|âBill1218|fk
|
|move|p2a: Heatran|Earth Power|p1a: Tyranitar
|-supereffective|p1a: Tyranitar
|-damage|p1a: Tyranitar|261\/404 par
|cant|p1a: Tyranitar|par
|
|-weather|Sandstorm|[upkeep]
|turn|18
|c|âBill1218|............
|
|switch|p2a: Togekiss|Togekiss, M|294\/374
|move|p1a: Tyranitar|Stone Edge|p2a: Togekiss
|-supereffective|p2a: Togekiss
|-damage|p2a: Togekiss|82\/374
|
|-weather|Sandstorm|[upkeep]
|-damage|p2a: Togekiss|59\/374|[from] sandstorm
|-heal|p2a: Togekiss|82\/374|[from] item: Leftovers
|turn|19
|
|switch|p1a: Slowbro|Slowbro-Mega, M, shiny|271\/391 par
|move|p2a: Togekiss|Roost|p2a: Togekiss
|-heal|p2a: Togekiss|269\/374
|
|-weather|Sandstorm|[upkeep]
|-damage|p2a: Togekiss|246\/374|[from] sandstorm
|-damage|p1a: Slowbro|247\/391 par|[from] sandstorm
|-heal|p2a: Togekiss|269\/374|[from] item: Leftovers
|turn|20
|
|switch|p2a: Lopunny|Lopunny-Mega, M|271\/271
|cant|p1a: Slowbro|par
|
|-weather|none
|turn|21
|
|move|p2a: Lopunny|Fake Out|p1a: Slowbro
|-damage|p1a: Slowbro|208\/391 par
|cant|p1a: Slowbro|flinch
|
|turn|22
|
|move|p2a: Lopunny|Return|p1a: Slowbro
|-damage|p1a: Slowbro|106\/391 par
|move|p1a: Slowbro|Rest|p1a: Slowbro
|-status|p1a: Slowbro|slp
|-heal|p1a: Slowbro|391\/391 slp|[silent]
|-status|p1a: Slowbro|slp|[from] move: Rest
|
|turn|23
|
|switch|p2a: Tangrowth|Tangrowth, M|404\/404
|cant|p1a: Slowbro|slp
|move|p1a: Slowbro|Sleep Talk|p1a: Slowbro
|move|p1a: Slowbro|Calm Mind|p1a: Slowbro|[from]Sleep Talk
|-boost|p1a: Slowbro|spa|1
|-boost|p1a: Slowbro|spd|1
|
|turn|24
|
|move|p2a: Tangrowth|Giga Drain|p1a: Slowbro
|-supereffective|p1a: Slowbro
|-damage|p1a: Slowbro|277\/391 slp
|cant|p1a: Slowbro|slp
|move|p1a: Slowbro|Sleep Talk|p1a: Slowbro
|move|p1a: Slowbro|Scald|p2a: Tangrowth|[from]Sleep Talk
|-resisted|p2a: Tangrowth
|-damage|p2a: Tangrowth|335\/404
|-status|p2a: Tangrowth|brn
|
|-damage|p2a: Tangrowth|285\/404 brn|[from] brn
|turn|25
|
|move|p2a: Tangrowth|Giga Drain|p1a: Slowbro
|-supereffective|p1a: Slowbro
|-damage|p1a: Slowbro|169\/391 slp
|-heal|p2a: Tangrowth|339\/404 brn|[from] drain|[of] p1a: Slowbro
|-curestatus|p1a: Slowbro|slp
|move|p1a: Slowbro|Scald|p2a: Tangrowth
|-resisted|p2a: Tangrowth
|-damage|p2a: Tangrowth|270\/404 brn
|
|-damage|p2a: Tangrowth|220\/404 brn|[from] brn
|turn|26
|
|move|p2a: Tangrowth|Giga Drain|p1a: Slowbro
|-supereffective|p1a: Slowbro
|-damage|p1a: Slowbro|41\/391
|-heal|p2a: Tangrowth|284\/404 brn|[from] drain|[of] p1a: Slowbro
|move|p1a: Slowbro|Rest|p1a: Slowbro
|-status|p1a: Slowbro|slp
|-heal|p1a: Slowbro|391\/391 slp|[silent]
|-status|p1a: Slowbro|slp|[from] move: Rest
|
|-damage|p2a: Tangrowth|234\/404 brn|[from] brn
|turn|27
|
|switch|p2a: Heatran|Heatran, F|385\/385
|cant|p1a: Slowbro|slp
|move|p1a: Slowbro|Sleep Talk|p1a: Slowbro
|move|p1a: Slowbro|Scald|p2a: Heatran|[from]Sleep Talk
|-supereffective|p2a: Heatran
|-damage|p2a: Heatran|145\/385
|
|-heal|p2a: Heatran|169\/385|[from] item: Leftovers
|turn|28
|
|cant|p1a: Slowbro|slp
|move|p1a: Slowbro|Sleep Talk|p1a: Slowbro
|move|p1a: Slowbro|Calm Mind|p1a: Slowbro|[from]Sleep Talk
|-boost|p1a: Slowbro|spa|1
|-boost|p1a: Slowbro|spd|1
|move|p2a: Heatran|Roar|p1a: Slowbro
|drag|p1a: Keldeo|Keldeo|323\/323
|
|-heal|p2a: Heatran|193\/385|[from] item: Leftovers
|turn|29
|
|switch|p2a: Tangrowth|Tangrowth, M|368\/404 brn
|move|p1a: Keldeo|Secret Sword|p2a: Tangrowth
|-damage|p2a: Tangrowth|229\/404 brn
|
|-damage|p2a: Tangrowth|179\/404 brn|[from] brn
|turn|30
|
|switch|p1a: Slowbro|Slowbro-Mega, M, shiny|391\/391 slp
|move|p2a: Tangrowth|Giga Drain|p1a: Slowbro
|-supereffective|p1a: Slowbro
|-damage|p1a: Slowbro|227\/391 slp
|-heal|p2a: Tangrowth|261\/404 brn|[from] drain|[of] p1a: Slowbro
|
|-damage|p2a: Tangrowth|211\/404 brn|[from] brn
|turn|31
|
|move|p2a: Tangrowth|Giga Drain|p1a: Slowbro
|-supereffective|p1a: Slowbro
|-damage|p1a: Slowbro|45\/391 slp
|-heal|p2a: Tangrowth|302\/404 brn|[from] drain|[of] p1a: Slowbro
|-curestatus|p1a: Slowbro|slp
|move|p1a: Slowbro|Rest|p1a: Slowbro
|-status|p1a: Slowbro|slp
|-heal|p1a: Slowbro|391\/391 slp|[silent]
|-status|p1a: Slowbro|slp|[from] move: Rest
|
|-damage|p2a: Tangrowth|252\/404 brn|[from] brn
|turn|32
|
|switch|p1a: Tyranitar|Tyranitar, F|261\/404 par
|-weather|Sandstorm
|move|p2a: Tangrowth|Giga Drain|p1a: Tyranitar
|-supereffective|p1a: Tyranitar
|-damage|p1a: Tyranitar|147\/404 par
|-heal|p2a: Tangrowth|309\/404 brn|[from] drain|[of] p1a: Tyranitar
|
|-weather|Sandstorm|[upkeep]
|-damage|p2a: Tangrowth|284\/404 brn|[from] sandstorm
|-damage|p2a: Tangrowth|234\/404 brn|[from] brn
|turn|33
|
|switch|p2a: Keldeo|Keldeo|323\/323
|move|p1a: Tyranitar|Fire Blast|p2a: Keldeo
|-resisted|p2a: Keldeo
|-damage|p2a: Keldeo|276\/323
|
|-weather|Sandstorm|[upkeep]
|-damage|p2a: Keldeo|256\/323|[from] sandstorm
|-heal|p2a: Keldeo|276\/323|[from] item: Leftovers
|turn|34
|
|switch|p2a: Tangrowth|Tangrowth, M|368\/404 brn
|switch|p1a: Slowbro|Slowbro-Mega, M, shiny|391\/391 slp
|
|-weather|Sandstorm|[upkeep]
|-damage|p2a: Tangrowth|343\/404 brn|[from] sandstorm
|-damage|p1a: Slowbro|367\/391 slp|[from] sandstorm
|-damage|p2a: Tangrowth|293\/404 brn|[from] brn
|turn|35
|
|switch|p1a: Tyranitar|Tyranitar, F|147\/404 par
|move|p2a: Tangrowth|Giga Drain|p1a: Tyranitar
|-supereffective|p1a: Tyranitar
|-damage|p1a: Tyranitar|31\/404 par
|-heal|p2a: Tangrowth|351\/404 brn|[from] drain|[of] p1a: Tyranitar
|
|-weather|Sandstorm|[upkeep]
|-damage|p2a: Tangrowth|326\/404 brn|[from] sandstorm
|-damage|p2a: Tangrowth|276\/404 brn|[from] brn
|turn|36
|
|move|p2a: Tangrowth|Giga Drain|p1a: Tyranitar
|-crit|p1a: Tyranitar
|-supereffective|p1a: Tyranitar
|-damage|p1a: Tyranitar|0 fnt
|-heal|p2a: Tangrowth|292\/404 brn|[from] drain|[of] p1a: Tyranitar
|faint|p1a: Tyranitar
|
|-weather|none
|-damage|p2a: Tangrowth|242\/404 brn|[from] brn
|
|switch|p1a: Slowbro|Slowbro-Mega, M, shiny|367\/391 slp
|turn|37
|
|move|p2a: Tangrowth|Giga Drain|p1a: Slowbro
|-supereffective|p1a: Slowbro
|-damage|p1a: Slowbro|199\/391 slp
|-heal|p2a: Tangrowth|326\/404 brn|[from] drain|[of] p1a: Slowbro
|cant|p1a: Slowbro|slp
|move|p1a: Slowbro|Sleep Talk|p1a: Slowbro
|move|p1a: Slowbro|Calm Mind|p1a: Slowbro|[from]Sleep Talk
|-boost|p1a: Slowbro|spa|1
|-boost|p1a: Slowbro|spd|1
|
|-damage|p2a: Tangrowth|276\/404 brn|[from] brn
|turn|38
|
|switch|p2a: Heatran|Heatran, F|193\/385
|cant|p1a: Slowbro|slp
|
|-heal|p2a: Heatran|217\/385|[from] item: Leftovers
|turn|39
|
|-curestatus|p1a: Slowbro|slp
|move|p1a: Slowbro|Scald|p2a: Heatran
|-supereffective|p2a: Heatran
|-damage|p2a: Heatran|0 fnt
|faint|p2a: Heatran
|
|
|switch|p2a: Lopunny|Lopunny-Mega, M|271\/271
|turn|40
|
|move|p2a: Lopunny|Fake Out|p1a: Slowbro
|-damage|p1a: Slowbro|156\/391
|cant|p1a: Slowbro|flinch
|
|turn|41
|
|move|p2a: Lopunny|Fake Out|p1a: Slowbro
|-hint|Fake Out only works on your first turn out.
|-fail|p1a: Slowbro
|move|p1a: Slowbro|Rest|p1a: Slowbro
|-status|p1a: Slowbro|slp
|-heal|p1a: Slowbro|391\/391 slp|[silent]
|-status|p1a: Slowbro|slp|[from] move: Rest
|
|turn|42
|
|switch|p2a: Tangrowth|Tangrowth, M|404\/404 brn
|cant|p1a: Slowbro|slp
|move|p1a: Slowbro|Sleep Talk|p1a: Slowbro
|move|p1a: Slowbro|Rest|p1a: Slowbro|[from]Sleep Talk
|-fail|p1a: Slowbro
|
|-damage|p2a: Tangrowth|354\/404 brn|[from] brn
|turn|43
|
|move|p2a: Tangrowth|Giga Drain|p1a: Slowbro
|-supereffective|p1a: Slowbro
|-damage|p1a: Slowbro|277\/391 slp
|-heal|p2a: Tangrowth|404\/404 brn|[from] drain|[of] p1a: Slowbro
|cant|p1a: Slowbro|slp
|move|p1a: Slowbro|Sleep Talk|p1a: Slowbro
|move|p1a: Slowbro|Scald|p2a: Tangrowth|[from]Sleep Talk
|-resisted|p2a: Tangrowth
|-damage|p2a: Tangrowth|338\/404 brn
|
|-damage|p2a: Tangrowth|288\/404 brn|[from] brn
|turn|44
|
|move|p2a: Tangrowth|Giga Drain|p1a: Slowbro
|-supereffective|p1a: Slowbro
|-damage|p1a: Slowbro|149\/391 slp
|-heal|p2a: Tangrowth|352\/404 brn|[from] drain|[of] p1a: Slowbro
|-curestatus|p1a: Slowbro|slp
|move|p1a: Slowbro|Calm Mind|p1a: Slowbro
|-boost|p1a: Slowbro|spa|1
|-boost|p1a: Slowbro|spd|1
|
|-damage|p2a: Tangrowth|302\/404 brn|[from] brn
|turn|45
|
|move|p2a: Tangrowth|Giga Drain|p1a: Slowbro
|-supereffective|p1a: Slowbro
|-damage|p1a: Slowbro|63\/391
|-heal|p2a: Tangrowth|345\/404 brn|[from] drain|[of] p1a: Slowbro
|move|p1a: Slowbro|Rest|p1a: Slowbro
|-status|p1a: Slowbro|slp
|-heal|p1a: Slowbro|391\/391 slp|[silent]
|-status|p1a: Slowbro|slp|[from] move: Rest
|
|-damage|p2a: Tangrowth|295\/404 brn|[from] brn
|turn|46
|
|move|p2a: Tangrowth|Giga Drain|p1a: Slowbro
|-supereffective|p1a: Slowbro
|-damage|p1a: Slowbro|301\/391 slp
|-heal|p2a: Tangrowth|340\/404 brn|[from] drain|[of] p1a: Slowbro
|cant|p1a: Slowbro|slp
|move|p1a: Slowbro|Sleep Talk|p1a: Slowbro
|move|p1a: Slowbro|Calm Mind|p1a: Slowbro|[from]Sleep Talk
|-boost|p1a: Slowbro|spa|1
|-boost|p1a: Slowbro|spd|1
|
|-damage|p2a: Tangrowth|290\/404 brn|[from] brn
|turn|47
|
|move|p2a: Tangrowth|Knock Off|p1a: Slowbro
|-supereffective|p1a: Slowbro
|-damage|p1a: Slowbro|271\/391 slp
|cant|p1a: Slowbro|slp
|move|p1a: Slowbro|Sleep Talk|p1a: Slowbro
|move|p1a: Slowbro|Rest|p1a: Slowbro|[from]Sleep Talk
|-fail|p1a: Slowbro
|
|-damage|p2a: Tangrowth|240\/404 brn|[from] brn
|turn|48
|
|move|p2a: Tangrowth|Knock Off|p1a: Slowbro
|-supereffective|p1a: Slowbro
|-damage|p1a: Slowbro|241\/391 slp
|-curestatus|p1a: Slowbro|slp
|move|p1a: Slowbro|Calm Mind|p1a: Slowbro
|-boost|p1a: Slowbro|spa|1
|-boost|p1a: Slowbro|spd|1
|
|-damage|p2a: Tangrowth|190\/404 brn|[from] brn
|turn|49
|
|move|p2a: Tangrowth|Knock Off|p1a: Slowbro
|-supereffective|p1a: Slowbro
|-damage|p1a: Slowbro|211\/391
|move|p1a: Slowbro|Calm Mind|p1a: Slowbro
|-boost|p1a: Slowbro|spa|1
|-boost|p1a: Slowbro|spd|1
|
|-damage|p2a: Tangrowth|140\/404 brn|[from] brn
|turn|50
|
|switch|p2a: Togekiss|Togekiss, M|269\/374
|move|p1a: Slowbro|Rest|p1a: Slowbro
|-status|p1a: Slowbro|slp
|-heal|p1a: Slowbro|391\/391 slp|[silent]
|-status|p1a: Slowbro|slp|[from] move: Rest
|
|-heal|p2a: Togekiss|292\/374|[from] item: Leftovers
|turn|51
|
|move|p2a: Togekiss|Air Slash|p1a: Slowbro
|-damage|p1a: Slowbro|363\/391 slp
|cant|p1a: Slowbro|slp
|move|p1a: Slowbro|Sleep Talk|p1a: Slowbro
|move|p1a: Slowbro|Rest|p1a: Slowbro|[from]Sleep Talk
|-fail|p1a: Slowbro
|
|-heal|p2a: Togekiss|315\/374|[from] item: Leftovers
|turn|52
|
|move|p2a: Togekiss|Air Slash|p1a: Slowbro
|-damage|p1a: Slowbro|336\/391 slp
|cant|p1a: Slowbro|slp
|cant|p1a: Slowbro|flinch
|
|-heal|p2a: Togekiss|338\/374|[from] item: Leftovers
|turn|53
|
|move|p2a: Togekiss|Air Slash|p1a: Slowbro
|-damage|p1a: Slowbro|306\/391 slp
|-curestatus|p1a: Slowbro|slp
|cant|p1a: Slowbro|flinch
|
|-heal|p2a: Togekiss|361\/374|[from] item: Leftovers
|turn|54
|
|move|p2a: Togekiss|Thunder Wave|p1a: Slowbro
|-status|p1a: Slowbro|par
|move|p1a: Slowbro|Scald|p2a: Togekiss
|-damage|p2a: Togekiss|0 fnt
|faint|p2a: Togekiss
|
|
|switch|p2a: Lopunny|Lopunny-Mega, M|271\/271
|turn|55
|
|move|p2a: Lopunny|Fake Out|p1a: Slowbro
|-damage|p1a: Slowbro|266\/391 par
|cant|p1a: Slowbro|flinch
|
|turn|56
|
|move|p2a: Lopunny|Return|p1a: Slowbro
|-damage|p1a: Slowbro|167\/391 par
|cant|p1a: Slowbro|par
|
|turn|57
|
|move|p2a: Lopunny|Return|p1a: Slowbro
|-damage|p1a: Slowbro|61\/391 par
|move|p1a: Slowbro|Rest|p1a: Slowbro
|-status|p1a: Slowbro|slp
|-heal|p1a: Slowbro|391\/391 slp|[silent]
|-status|p1a: Slowbro|slp|[from] move: Rest
|
|turn|58
|
|move|p2a: Lopunny|Return|p1a: Slowbro
|-damage|p1a: Slowbro|294\/391 slp
|cant|p1a: Slowbro|slp
|move|p1a: Slowbro|Sleep Talk|p1a: Slowbro
|move|p1a: Slowbro|Calm Mind|p1a: Slowbro|[from]Sleep Talk
|-boost|p1a: Slowbro|spa|1
|-boost|p1a: Slowbro|spd|1
|
|turn|59
|
|switch|p2a: Tangrowth|Tangrowth, M|274\/404 brn
|cant|p1a: Slowbro|slp
|move|p1a: Slowbro|Sleep Talk|p1a: Slowbro
|move|p1a: Slowbro|Calm Mind|p1a: Slowbro|[from]Sleep Talk
|-fail|p1a: Slowbro
|
|-damage|p2a: Tangrowth|224\/404 brn|[from] brn
|turn|60
|
|switch|p2a: Keldeo|Keldeo|276\/323
|-curestatus|p1a: Slowbro|slp
|move|p1a: Slowbro|Scald|p2a: Keldeo
|-resisted|p2a: Keldeo
|-damage|p2a: Keldeo|9\/323
|
|-heal|p2a: Keldeo|29\/323|[from] item: Leftovers
|turn|61
|
|switch|p2a: Tangrowth|Tangrowth, M|358\/404 brn
|move|p1a: Slowbro|Scald|p2a: Tangrowth
|-resisted|p2a: Tangrowth
|-damage|p2a: Tangrowth|197\/404 brn
|
|-damage|p2a: Tangrowth|147\/404 brn|[from] brn
|turn|62
|
|switch|p2a: Excadrill|Excadrill, F|362\/362
|-ability|p2a: Excadrill|Mold Breaker
|move|p1a: Slowbro|Scald|p2a: Excadrill
|-crit|p2a: Excadrill
|-supereffective|p2a: Excadrill
|-damage|p2a: Excadrill|0 fnt
|faint|p2a: Excadrill
|
|
|switch|p2a: Tangrowth|Tangrowth, M|281\/404 brn
|turn|63
|
|move|p2a: Tangrowth|Knock Off|p1a: Slowbro
|-supereffective|p1a: Slowbro
|-damage|p1a: Slowbro|264\/391
|move|p1a: Slowbro|Scald|p2a: Tangrowth
|-resisted|p2a: Tangrowth
|-damage|p2a: Tangrowth|107\/404 brn
|
|-damage|p2a: Tangrowth|57\/404 brn|[from] brn
|turn|64
|
|switch|p2a: Keldeo|Keldeo|29\/323
|move|p1a: Slowbro|Scald|p2a: Keldeo
|-resisted|p2a: Keldeo
|-damage|p2a: Keldeo|0 fnt
|faint|p2a: Keldeo
|
|
|switch|p2a: Lopunny|Lopunny-Mega, M|271\/271
|turn|65
|
|move|p2a: Lopunny|Fake Out|p1a: Slowbro
|-damage|p1a: Slowbro|224\/391
|cant|p1a: Slowbro|flinch
|
|turn|66
|
|switch|p2a: Tangrowth|Tangrowth, M|191\/404 brn
|move|p1a: Slowbro|Rest|p1a: Slowbro
|-status|p1a: Slowbro|slp
|-heal|p1a: Slowbro|391\/391 slp|[silent]
|-status|p1a: Slowbro|slp|[from] move: Rest
|
|-damage|p2a: Tangrowth|141\/404 brn|[from] brn
|turn|67
|
|switch|p2a: Lopunny|Lopunny-Mega, M|271\/271
|cant|p1a: Slowbro|slp
|move|p1a: Slowbro|Sleep Talk|p1a: Slowbro
|move|p1a: Slowbro|Scald|p2a: Lopunny|[from]Sleep Talk
|-damage|p2a: Lopunny|0 fnt
|faint|p2a: Lopunny
|
|
|switch|p2a: Tangrowth|Tangrowth, M|275\/404 brn
|turn|68
|
|move|p2a: Tangrowth|Earthquake|p1a: Slowbro
|-damage|p1a: Slowbro|368\/391 slp
|cant|p1a: Slowbro|slp
|move|p1a: Slowbro|Sleep Talk|p1a: Slowbro
|move|p1a: Slowbro|Scald|p2a: Tangrowth|[from]Sleep Talk
|-resisted|p2a: Tangrowth
|-damage|p2a: Tangrowth|105\/404 brn
|
|-damage|p2a: Tangrowth|55\/404 brn|[from] brn
|turn|69
|
|move|p2a: Tangrowth|Earthquake|p1a: Slowbro
|-damage|p1a: Slowbro|347\/391 slp
|-curestatus|p1a: Slowbro|slp
|move|p1a: Slowbro|Scald|p2a: Tangrowth
|-resisted|p2a: Tangrowth
|-damage|p2a: Tangrowth|0 fnt
|faint|p2a: Tangrowth
|
|win|Bill1218
|raw|Ladder updating...
|raw|Bill1218's rating: 1517 &rarr; <strong>1538<\/strong><br \/>(+21 for winning)
|raw|KOKai LaFlare's rating: 1545 &rarr; <strong>1524<\/strong><br \/>(-21 for losing)
|c|âKOKai LaFlare|gg
|c|âBill1218|gg
|leave|KOKai LaFlare
|player|p2