|join|TheRealRedWon
|join|xxx111
|player|p1|TheRealRedWon|169
|player|p2|xxx111|76
|gametype|singles
|gen|6
|tier|OU
|rated
|clearpoke
|poke|p1|Alomomola, M
|poke|p1|Raikou
|poke|p1|Hippowdon, M
|poke|p1|Latias, F
|poke|p1|Jirachi
|poke|p1|Charizard, M
|poke|p2|Tornadus-Therian, M
|poke|p2|Empoleon, F
|poke|p2|Volcarona, M
|poke|p2|Manectric, M
|poke|p2|Hippowdon, M
|poke|p2|Breloom, M
|rule|Swagger Clause: Swagger is banned
|rule|Baton Pass Clause: Limit one PokÃ©mon knowing Baton Pass
|rule|Sleep Clause Mod: Limit one foe put to sleep
|rule|Species Clause: Limit one of each PokÃ©mon
|rule|OHKO Clause: OHKO moves are banned
|rule|Moody Clause: Moody is banned
|rule|Evasion Moves Clause: Evasion moves are banned
|rule|Endless Battle Clause: Forcing endless battles is banned
|rule|HP Percentage Mod: HP is shown in percentages
|teampreview
|
|start
|switch|p1a: Hippowdon|Hippowdon, M|420\/420
|switch|p2a: Hippowdon|Hippowdon, M|420\/420
|turn|1
|
|switch|p2a: Breloom|Breloom, M|261\/261
|move|p1a: Hippowdon|Stealth Rock|p2a: Breloom
|-sidestart|p2: xxx111|move: Stealth Rock
|
|turn|2
|
|switch|p1a: Jirachi|Jirachi|403\/403
|move|p2a: Breloom|Spore|p1a: Jirachi
|-status|p1a: Jirachi|slp
|
|turn|3
|
|-singleturn|p2a: Breloom|move: Focus Punch
|cant|p1a: Jirachi|slp
|move|p2a: Breloom|Focus Punch|p1a: Jirachi
|-damage|p1a: Jirachi|126\/403 slp
|
|-heal|p1a: Jirachi|151\/403 slp|[from] item: Leftovers
|turn|4
|
|-singleturn|p2a: Breloom|move: Focus Punch
|cant|p1a: Jirachi|slp
|move|p2a: Breloom|Focus Punch|p1a: Jirachi
|-damage|p1a: Jirachi|0 fnt
|faint|p1a: Jirachi
|
|
|switch|p1a: Alomomola|Alomomola, M|534\/534
|turn|5
|
|move|p2a: Breloom|Spore|p1a: Alomomola
|-status|p1a: Alomomola|slp
|cant|p1a: Alomomola|slp
|
|turn|6
|
|-singleturn|p2a: Breloom|move: Focus Punch
|cant|p1a: Alomomola|slp
|move|p2a: Breloom|Focus Punch|p1a: Alomomola
|-damage|p1a: Alomomola|224\/534 slp
|
|-heal|p1a: Alomomola|257\/534 slp|[from] item: Leftovers
|turn|7
|
|move|p2a: Breloom|Bullet Seed|p1a: Alomomola
|-supereffective|p1a: Alomomola
|-damage|p1a: Alomomola|107\/534 slp
|-supereffective|p1a: Alomomola
|-damage|p1a: Alomomola|0 fnt
|-hitcount|p1a: Alomomola|2
|faint|p1a: Alomomola
|
|
|switch|p1a: Latias|Latias, F|301\/301
|turn|8
|c|âxxx111|#DESTROYER
|
|switch|p2a: Empoleon|Empoleon, F|369\/369
|-damage|p2a: Empoleon|346\/369|[from] Stealth Rock
|move|p1a: Latias|Psyshock|p2a: Empoleon
|-resisted|p2a: Empoleon
|-damage|p2a: Empoleon|262\/369
|-damage|p1a: Latias|271\/301|[from] item: Life Orb
|
|-heal|p2a: Empoleon|285\/369|[from] item: Leftovers
|turn|9
|
|switch|p1a: Hippowdon|Hippowdon, M|420\/420
|move|p2a: Empoleon|Defog|p1a: Hippowdon
|-unboost|p1a: Hippowdon|evasion|1
|-sideend|p2: xxx111|Stealth Rock|[from] move: Defog|[of] p2a: Empoleon
|
|-heal|p2a: Empoleon|308\/369|[from] item: Leftovers
|turn|10
|
|move|p2a: Empoleon|Scald|p1a: Hippowdon
|-supereffective|p1a: Hippowdon
|-damage|p1a: Hippowdon|166\/420
|move|p1a: Hippowdon|Earthquake|p2a: Empoleon
|-supereffective|p2a: Empoleon
|-damage|p2a: Empoleon|32\/369
|
|-heal|p2a: Empoleon|55\/369|[from] item: Leftovers
|-heal|p1a: Hippowdon|192\/420|[from] item: Leftovers
|turn|11
|
|switch|p1a: Latias|Latias, F|271\/301
|move|p2a: Empoleon|Knock Off|p1a: Latias
|-supereffective|p1a: Latias
|-damage|p1a: Latias|141\/301
|-enditem|p1a: Latias|Life Orb|[from] move: Knock Off|[of] p2a: Empoleon
|
|-heal|p2a: Empoleon|78\/369|[from] item: Leftovers
|turn|12
|-message|TheRealRedWon forfeited.
|
|win|xxx111
|raw|Ladder updating...
|leave|TheRealRedWon
|player|p1
|raw|TheRealRedWon's rating: 1137 &rarr; <strong>1114<\/strong><br \/>(-23 for losing)
|raw|xxx111's rating: 1166 &rarr; <strong>1189<\/strong><br \/>(+23 for winning)