|join|cbrevan
|join|lil manaphy
|player|p1|cbrevan|266
|player|p2|lil manaphy|9
|gametype|singles
|gen|6
|tier|OU
|rated
|clearpoke
|poke|p1|Talonflame, M
|poke|p1|Chesnaught, M
|poke|p1|Rotom-Wash
|poke|p1|Landorus-Therian, M
|poke|p1|Mandibuzz, F
|poke|p1|Metagross
|poke|p2|Gardevoir, M
|poke|p2|Keldeo
|poke|p2|Amoonguss, M
|poke|p2|Chansey, F
|poke|p2|Mandibuzz, F
|poke|p2|Landorus-Therian, M
|rule|Swagger Clause: Swagger is banned
|rule|Baton Pass Clause: Limit one PokÃ©mon knowing Baton Pass
|rule|Sleep Clause Mod: Limit one foe put to sleep
|rule|Species Clause: Limit one of each PokÃ©mon
|rule|OHKO Clause: OHKO moves are banned
|rule|Moody Clause: Moody is banned
|rule|Evasion Moves Clause: Evasion moves are banned
|rule|Endless Battle Clause: Forcing endless battles is banned
|rule|HP Percentage Mod: HP is shown in percentages
|teampreview
|c|âcbrevan|glhf
|
|start
|switch|p1a: Rotom-Wash|Rotom-Wash|303\/303
|switch|p2a: Landorus-Therian|Landorus-Therian, M|382\/382
|-ability|p2a: Landorus-Therian|Intimidate|[of] p1a: Rotom-Wash
|-unboost|p1a: Rotom-Wash|atk|1
|turn|1
|
|switch|p2a: Amoonguss|Amoonguss, M|432\/432
|move|p1a: Rotom-Wash|Hydro Pump|p2a: Amoonguss
|-resisted|p2a: Amoonguss
|-damage|p2a: Amoonguss|351\/432
|
|-heal|p2a: Amoonguss|378\/432|[from] item: Black Sludge
|turn|2
|
|move|p1a: Rotom-Wash|Volt Switch|p2a: Amoonguss
|-resisted|p2a: Amoonguss
|-damage|p2a: Amoonguss|324\/432
|
|switch|p1a: Mandibuzz|Mandibuzz, F|424\/424
|move|p2a: Amoonguss|Spore|p1a: Mandibuzz
|-fail|p1a: Mandibuzz
|
|-heal|p2a: Amoonguss|351\/432|[from] item: Black Sludge
|turn|3
|
|switch|p2a: Keldeo|Keldeo|323\/323
|move|p1a: Mandibuzz|Taunt|p2a: Keldeo
|-start|p2a: Keldeo|move: Taunt
|
|turn|4
|
|switch|p1a: Rotom-Wash|Rotom-Wash|303\/303
|move|p2a: Keldeo|Scald|p1a: Rotom-Wash
|-resisted|p1a: Rotom-Wash
|-damage|p1a: Rotom-Wash|236\/303
|-status|p1a: Rotom-Wash|brn
|
|-heal|p1a: Rotom-Wash|254\/303 brn|[from] item: Leftovers
|-damage|p1a: Rotom-Wash|217\/303 brn|[from] brn
|turn|5
|
|switch|p2a: Amoonguss|Amoonguss, M|432\/432
|move|p1a: Rotom-Wash|Volt Switch|p2a: Amoonguss
|-resisted|p2a: Amoonguss
|-damage|p2a: Amoonguss|380\/432
|
|switch|p1a: Metagross|Metagross|301\/301
|
|-heal|p2a: Amoonguss|407\/432|[from] item: Black Sludge
|turn|6
|
|switch|p2a: Mandibuzz|Mandibuzz, F|423\/423
|detailschange|p1a: Metagross|Metagross-Mega
|-mega|p1a: Metagross|Metagross|Metagrossite
|move|p1a: Metagross|Meteor Mash|p2a: Mandibuzz
|-damage|p2a: Mandibuzz|246\/423
|-damage|p1a: Metagross|251\/301|[from] item: Rocky Helmet|[of] p2a: Mandibuzz
|
|turn|7
|
|switch|p1a: Rotom-Wash|Rotom-Wash|217\/303 brn
|move|p2a: Mandibuzz|Roost|p2a: Mandibuzz
|-heal|p2a: Mandibuzz|423\/423
|
|-heal|p1a: Rotom-Wash|235\/303 brn|[from] item: Leftovers
|-damage|p1a: Rotom-Wash|198\/303 brn|[from] brn
|turn|8
|
|switch|p2a: Amoonguss|Amoonguss, M|432\/432
|move|p1a: Rotom-Wash|Volt Switch|p2a: Amoonguss
|-resisted|p2a: Amoonguss
|-damage|p2a: Amoonguss|378\/432
|
|switch|p1a: Talonflame|Talonflame, M|360\/360
|
|-heal|p2a: Amoonguss|405\/432|[from] item: Black Sludge
|turn|9
|
|switch|p2a: Landorus-Therian|Landorus-Therian, M|382\/382
|-ability|p2a: Landorus-Therian|Intimidate|[of] p1a: Talonflame
|-unboost|p1a: Talonflame|atk|1
|move|p1a: Talonflame|Brave Bird|p2a: Landorus-Therian
|-damage|p2a: Landorus-Therian|321\/382
|-damage|p1a: Talonflame|340\/360|[from] recoil|[of] p2a: Landorus-Therian
|
|-heal|p1a: Talonflame|360\/360|[from] item: Leftovers
|-heal|p2a: Landorus-Therian|344\/382|[from] item: Leftovers
|turn|10
|
|switch|p1a: Landorus-Therian|Landorus-Therian, M|382\/382
|-ability|p1a: Landorus-Therian|Intimidate|[of] p2a: Landorus-Therian
|-unboost|p2a: Landorus-Therian|atk|1
|move|p2a: Landorus-Therian|Stone Edge|p1a: Landorus-Therian
|-damage|p1a: Landorus-Therian|320\/382
|
|-heal|p2a: Landorus-Therian|367\/382|[from] item: Leftovers
|-heal|p1a: Landorus-Therian|343\/382|[from] item: Leftovers
|turn|11
|
|move|p1a: Landorus-Therian|Stealth Rock|p2a: Landorus-Therian
|-sidestart|p2: lil manaphy|move: Stealth Rock
|move|p2a: Landorus-Therian|Stealth Rock|p1a: Landorus-Therian
|-sidestart|p1: cbrevan|move: Stealth Rock
|
|-heal|p1a: Landorus-Therian|366\/382|[from] item: Leftovers
|-heal|p2a: Landorus-Therian|382\/382|[from] item: Leftovers
|turn|12
|
|move|p2a: Landorus-Therian|U-turn|p1a: Landorus-Therian
|-resisted|p1a: Landorus-Therian
|-damage|p1a: Landorus-Therian|345\/382
|
|switch|p2a: Amoonguss|Amoonguss, M|432\/432
|-damage|p2a: Amoonguss|378\/432|[from] Stealth Rock
|move|p1a: Landorus-Therian|Knock Off|p2a: Amoonguss
|-damage|p2a: Amoonguss|282\/432
|-enditem|p2a: Amoonguss|Black Sludge|[from] move: Knock Off|[of] p1a: Landorus-Therian
|
|-heal|p1a: Landorus-Therian|368\/382|[from] item: Leftovers
|turn|13
|
|move|p1a: Landorus-Therian|U-turn|p2a: Amoonguss
|-damage|p2a: Amoonguss|219\/432
|
|switch|p1a: Mandibuzz|Mandibuzz, F|424\/424
|-damage|p1a: Mandibuzz|318\/424|[from] Stealth Rock
|move|p2a: Amoonguss|Spore|p1a: Mandibuzz
|-fail|p1a: Mandibuzz
|
|-heal|p1a: Mandibuzz|344\/424|[from] item: Leftovers
|turn|14
|
|switch|p2a: Keldeo|Keldeo|323\/323
|-damage|p2a: Keldeo|303\/323|[from] Stealth Rock
|move|p1a: Mandibuzz|Defog|p2a: Keldeo
|-unboost|p2a: Keldeo|evasion|1
|-sideend|p2: lil manaphy|Stealth Rock|[from] move: Defog|[of] p2a: Keldeo
|-sideend|p1: cbrevan|Stealth Rock|[from] move: Defog|[of] p1a: Mandibuzz
|
|-heal|p2a: Keldeo|323\/323|[from] item: Leftovers
|-heal|p1a: Mandibuzz|370\/424|[from] item: Leftovers
|turn|15
|
|switch|p1a: Rotom-Wash|Rotom-Wash|198\/303 brn
|move|p2a: Keldeo|Substitute|p2a: Keldeo
|-start|p2a: Keldeo|Substitute
|-damage|p2a: Keldeo|243\/323
|
|-heal|p2a: Keldeo|263\/323|[from] item: Leftovers
|-heal|p1a: Rotom-Wash|216\/303 brn|[from] item: Leftovers
|-damage|p1a: Rotom-Wash|179\/303 brn|[from] brn
|turn|16
|
|move|p2a: Keldeo|Secret Sword|p1a: Rotom-Wash
|-damage|p1a: Rotom-Wash|79\/303 brn
|move|p1a: Rotom-Wash|Volt Switch|p2a: Keldeo
|-supereffective|p2a: Keldeo
|-end|p2a: Keldeo|Substitute
|
|switch|p1a: Talonflame|Talonflame, M|360\/360
|
|-heal|p2a: Keldeo|283\/323|[from] item: Leftovers
|turn|17
|
|switch|p2a: Landorus-Therian|Landorus-Therian, M|382\/382
|-ability|p2a: Landorus-Therian|Intimidate|[of] p1a: Talonflame
|-unboost|p1a: Talonflame|atk|1
|move|p1a: Talonflame|Brave Bird|p2a: Landorus-Therian
|-damage|p2a: Landorus-Therian|318\/382
|-damage|p1a: Talonflame|339\/360|[from] recoil|[of] p2a: Landorus-Therian
|
|-heal|p1a: Talonflame|360\/360|[from] item: Leftovers
|-heal|p2a: Landorus-Therian|341\/382|[from] item: Leftovers
|turn|18
|
|switch|p1a: Landorus-Therian|Landorus-Therian, M|368\/382
|-ability|p1a: Landorus-Therian|Intimidate|[of] p2a: Landorus-Therian
|-unboost|p2a: Landorus-Therian|atk|1
|move|p2a: Landorus-Therian|U-turn|p1a: Landorus-Therian
|-resisted|p1a: Landorus-Therian
|-damage|p1a: Landorus-Therian|349\/382
|
|switch|p2a: Keldeo|Keldeo|283\/323
|
|-heal|p2a: Keldeo|303\/323|[from] item: Leftovers
|-heal|p1a: Landorus-Therian|372\/382|[from] item: Leftovers
|turn|19
|
|move|p2a: Keldeo|Scald|p1a: Landorus-Therian
|-supereffective|p1a: Landorus-Therian
|-damage|p1a: Landorus-Therian|12\/382
|move|p1a: Landorus-Therian|U-turn|p2a: Keldeo
|-resisted|p2a: Keldeo
|-damage|p2a: Keldeo|262\/323
|
|switch|p1a: Metagross|Metagross-Mega|251\/301
|
|-heal|p2a: Keldeo|282\/323|[from] item: Leftovers
|turn|20
|
|switch|p2a: Landorus-Therian|Landorus-Therian, M|341\/382
|-ability|p2a: Landorus-Therian|Intimidate|[of] p1a: Metagross
|-unboost|p1a: Metagross|atk|1
|move|p1a: Metagross|Meteor Mash|p2a: Landorus-Therian
|-damage|p2a: Landorus-Therian|221\/382
|
|-heal|p2a: Landorus-Therian|244\/382|[from] item: Leftovers
|turn|21
|
|switch|p1a: Mandibuzz|Mandibuzz, F|370\/424
|move|p2a: Landorus-Therian|U-turn|p1a: Mandibuzz
|-damage|p1a: Mandibuzz|318\/424
|
|switch|p2a: Gardevoir|Gardevoir, M|277\/277
|-ability|p2a: Gardevoir|Overcoat|[from] ability: Trace|[of] p1a: Mandibuzz
|
|-heal|p1a: Mandibuzz|344\/424|[from] item: Leftovers
|turn|22
|
|switch|p1a: Rotom-Wash|Rotom-Wash|79\/303 brn
|detailschange|p2a: Gardevoir|Gardevoir-Mega, M
|-mega|p2a: Gardevoir|Gardevoir|Gardevoirite
|move|p2a: Gardevoir|Hyper Voice|p1a: Rotom-Wash
|-damage|p1a: Rotom-Wash|0 fnt
|faint|p1a: Rotom-Wash
|
|
|switch|p1a: Metagross|Metagross-Mega|251\/301
|turn|23
|
|switch|p2a: Landorus-Therian|Landorus-Therian, M|244\/382
|-ability|p2a: Landorus-Therian|Intimidate|[of] p1a: Metagross
|-unboost|p1a: Metagross|atk|1
|move|p1a: Metagross|Meteor Mash|p2a: Landorus-Therian
|-damage|p2a: Landorus-Therian|133\/382
|
|-heal|p2a: Landorus-Therian|156\/382|[from] item: Leftovers
|turn|24
|
|move|p1a: Metagross|Meteor Mash|p2a: Landorus-Therian
|-damage|p2a: Landorus-Therian|35\/382
|move|p2a: Landorus-Therian|Stealth Rock|p1a: Metagross
|-sidestart|p1: cbrevan|move: Stealth Rock
|
|-heal|p2a: Landorus-Therian|58\/382|[from] item: Leftovers
|turn|25
|
|switch|p1a: Mandibuzz|Mandibuzz, F|344\/424
|-damage|p1a: Mandibuzz|238\/424|[from] Stealth Rock
|switch|p2a: Mandibuzz|Mandibuzz, F|423\/423
|
|-heal|p1a: Mandibuzz|264\/424|[from] item: Leftovers
|turn|26
|
|move|p2a: Mandibuzz|Taunt|p1a: Mandibuzz
|-start|p1a: Mandibuzz|move: Taunt
|cant|p1a: Mandibuzz|move: Taunt|Defog
|
|-heal|p1a: Mandibuzz|290\/424|[from] item: Leftovers
|turn|27
|
|switch|p2a: Keldeo|Keldeo|282\/323
|move|p1a: Mandibuzz|Foul Play|p2a: Keldeo
|-crit|p2a: Keldeo
|-resisted|p2a: Keldeo
|-damage|p2a: Keldeo|214\/323
|-boost|p2a: Keldeo|atk|1|[from] ability: Justified
|
|-heal|p2a: Keldeo|234\/323|[from] item: Leftovers
|-heal|p1a: Mandibuzz|316\/424|[from] item: Leftovers
|turn|28
|
|move|p2a: Keldeo|Substitute|p2a: Keldeo
|-start|p2a: Keldeo|Substitute
|-damage|p2a: Keldeo|154\/323
|move|p1a: Mandibuzz|Foul Play|p2a: Keldeo
|-resisted|p2a: Keldeo
|-activate|p2a: Keldeo|Substitute|[damage]
|
|-heal|p2a: Keldeo|174\/323|[from] item: Leftovers
|-heal|p1a: Mandibuzz|342\/424|[from] item: Leftovers
|-end|p1a: Mandibuzz|move: Taunt
|turn|29
|
|move|p2a: Keldeo|Scald|p1a: Mandibuzz
|-damage|p1a: Mandibuzz|186\/424
|move|p1a: Mandibuzz|Defog|p2a: Keldeo
|-sideend|p1: cbrevan|Stealth Rock|[from] move: Defog|[of] p1a: Mandibuzz
|
|-heal|p2a: Keldeo|194\/323|[from] item: Leftovers
|-heal|p1a: Mandibuzz|212\/424|[from] item: Leftovers
|turn|30
|
|switch|p1a: Landorus-Therian|Landorus-Therian, M|12\/382
|-activate|p2a: Keldeo|Substitute|ability: Intimidate|[of] p1a: Landorus-Therian
|move|p2a: Keldeo|Scald|p1a: Landorus-Therian
|-supereffective|p1a: Landorus-Therian
|-damage|p1a: Landorus-Therian|0 fnt
|faint|p1a: Landorus-Therian
|
|-heal|p2a: Keldeo|214\/323|[from] item: Leftovers
|
|switch|p1a: Metagross|Metagross-Mega|251\/301
|turn|31
|
|move|p1a: Metagross|Zen Headbutt|p2a: Keldeo
|-supereffective|p2a: Keldeo
|-end|p2a: Keldeo|Substitute
|move|p2a: Keldeo|Scald|p1a: Metagross
|-damage|p1a: Metagross|130\/301
|-status|p1a: Metagross|brn
|
|-heal|p2a: Keldeo|234\/323|[from] item: Leftovers
|-damage|p1a: Metagross|93\/301 brn|[from] brn
|turn|32
|
|switch|p2a: Mandibuzz|Mandibuzz, F|423\/423
|move|p1a: Metagross|Zen Headbutt|p2a: Mandibuzz
|-immune|p2a: Mandibuzz|[msg]
|
|-damage|p1a: Metagross|56\/301 brn|[from] brn
|turn|33
|
|move|p1a: Metagross|Meteor Mash|p2a: Mandibuzz
|-damage|p2a: Mandibuzz|342\/423
|-damage|p1a: Metagross|6\/301 brn|[from] item: Rocky Helmet|[of] p2a: Mandibuzz
|move|p2a: Mandibuzz|Foul Play|p1a: Metagross
|-supereffective|p1a: Metagross
|-damage|p1a: Metagross|0 fnt
|faint|p1a: Metagross
|
|
|switch|p1a: Talonflame|Talonflame, M|360\/360
|turn|34
|
|move|p1a: Talonflame|Bulk Up|p1a: Talonflame
|-boost|p1a: Talonflame|atk|1
|-boost|p1a: Talonflame|def|1
|move|p2a: Mandibuzz|Foul Play|p1a: Talonflame
|-damage|p1a: Talonflame|236\/360
|
|-heal|p1a: Talonflame|258\/360|[from] item: Leftovers
|turn|35
|
|move|p1a: Talonflame|Taunt|p2a: Mandibuzz
|-start|p2a: Mandibuzz|move: Taunt
|cant|p2a: Mandibuzz|move: Taunt|Taunt
|
|-heal|p1a: Talonflame|280\/360|[from] item: Leftovers
|turn|36
|
|move|p1a: Talonflame|Bulk Up|p1a: Talonflame
|-boost|p1a: Talonflame|atk|1
|-boost|p1a: Talonflame|def|1
|move|p2a: Mandibuzz|Foul Play|p1a: Talonflame
|-damage|p1a: Talonflame|151\/360
|
|-heal|p1a: Talonflame|173\/360|[from] item: Leftovers
|turn|37
|
|move|p1a: Talonflame|Roost|p1a: Talonflame
|-heal|p1a: Talonflame|353\/360
|move|p2a: Mandibuzz|Foul Play|p1a: Talonflame
|-damage|p1a: Talonflame|220\/360
|
|-heal|p1a: Talonflame|242\/360|[from] item: Leftovers
|-end|p2a: Mandibuzz|move: Taunt
|turn|38
|
|move|p1a: Talonflame|Taunt|p2a: Mandibuzz
|-start|p2a: Mandibuzz|move: Taunt
|move|p2a: Mandibuzz|Foul Play|p1a: Talonflame
|-crit|p1a: Talonflame
|-damage|p1a: Talonflame|0 fnt
|faint|p1a: Talonflame
|
|
|switch|p1a: Chesnaught|Chesnaught, M|320\/320
|turn|39
|
|switch|p2a: Gardevoir|Gardevoir-Mega, M|277\/277
|move|p1a: Chesnaught|Substitute|p1a: Chesnaught
|-start|p1a: Chesnaught|Substitute
|-damage|p1a: Chesnaught|240\/320
|
|turn|40
|
|move|p2a: Gardevoir|Hyper Voice|p1a: Chesnaught
|-supereffective|p1a: Chesnaught
|-damage|p1a: Chesnaught|0 fnt
|faint|p1a: Chesnaught
|
|
|switch|p1a: Mandibuzz|Mandibuzz, F|212\/424
|turn|41
|
|move|p2a: Gardevoir|Hyper Voice|p1a: Mandibuzz
|-crit|p1a: Mandibuzz
|-supereffective|p1a: Mandibuzz
|-damage|p1a: Mandibuzz|0 fnt
|faint|p1a: Mandibuzz
|
|win|lil manaphy
|raw|Ladder updating...
|raw|cbrevan's rating: 1644 &rarr; <strong>1629<\/strong><br \/>(-15 for losing)
|raw|lil manaphy's rating: 1746 &rarr; <strong>1760<\/strong><br \/>(+14 for winning)
|c|âcbrevan|gg
|leave|cbrevan
|player|p1