|join|cbrevan
|join|Alenemesi
|c|âcbrevan|glhf
|c|âAlenemesi|You too.
|player|p1|cbrevan|155
|player|p2|Alenemesi|147
|gametype|singles
|gen|6
|tier|OU
|rated
|clearpoke
|poke|p1|Talonflame, F
|poke|p1|Chesnaught, M
|poke|p1|Rotom-Wash
|poke|p1|Landorus-Therian, M
|poke|p1|Mandibuzz, F
|poke|p1|Metagross
|poke|p2|Altaria, F
|poke|p2|Ferrothorn, M
|poke|p2|Rotom-Wash
|poke|p2|Miltank, F
|poke|p2|Claydol
|poke|p2|Gengar, M
|rule|Swagger Clause: Swagger is banned
|rule|Baton Pass Clause: Limit one PokÃ©mon knowing Baton Pass
|rule|Sleep Clause Mod: Limit one foe put to sleep
|rule|Species Clause: Limit one of each PokÃ©mon
|rule|OHKO Clause: OHKO moves are banned
|rule|Moody Clause: Moody is banned
|rule|Evasion Moves Clause: Evasion moves are banned
|rule|Endless Battle Clause: Forcing endless battles is banned
|rule|HP Percentage Mod: HP is shown in percentages
|teampreview
|
|start
|switch|p1a: Landorus-Therian|Landorus-Therian, M|382\/382
|switch|p2a: Rotom-Wash|Rotom-Wash|304\/304
|-ability|p1a: Landorus-Therian|Intimidate|[of] p2a: Rotom-Wash
|-unboost|p2a: Rotom-Wash|atk|1
|turn|1
|
|switch|p1a: Rotom-Wash|Rotom-Wash|303\/303
|move|p2a: Rotom-Wash|Will-O-Wisp|p1a: Rotom-Wash
|-status|p1a: Rotom-Wash|brn
|
|-damage|p1a: Rotom-Wash|266\/303 brn|[from] brn
|turn|2
|
|move|p1a: Rotom-Wash|Will-O-Wisp|p2a: Rotom-Wash
|-status|p2a: Rotom-Wash|brn
|-enditem|p2a: Rotom-Wash|Lum Berry|[eat]
|-curestatus|p2a: Rotom-Wash|brn
|move|p2a: Rotom-Wash|Hydro Pump|p1a: Rotom-Wash
|-resisted|p1a: Rotom-Wash
|-damage|p1a: Rotom-Wash|203\/303 brn
|
|-heal|p1a: Rotom-Wash|221\/303 brn|[from] item: Leftovers
|-damage|p1a: Rotom-Wash|184\/303 brn|[from] brn
|turn|3
|join|KhosroTheGreat
|
|move|p1a: Rotom-Wash|Will-O-Wisp|p2a: Rotom-Wash
|-status|p2a: Rotom-Wash|brn
|move|p2a: Rotom-Wash|Volt Switch|p1a: Rotom-Wash
|-damage|p1a: Rotom-Wash|96\/303 brn
|
|switch|p2a: Gengar|Gengar, M|262\/262
|
|-heal|p1a: Rotom-Wash|114\/303 brn|[from] item: Leftovers
|-damage|p1a: Rotom-Wash|77\/303 brn|[from] brn
|turn|4
|c| KhosroTheGreat|dat miltank and claydol
|c|âcbrevan|so good
|
|switch|p1a: Mandibuzz|Mandibuzz, F|424\/424
|move|p2a: Gengar|Sludge Wave|p1a: Mandibuzz
|-damage|p1a: Mandibuzz|238\/424
|
|-heal|p1a: Mandibuzz|264\/424|[from] item: Leftovers
|turn|5
|
|switch|p2a: Altaria|Altaria, F|292\/292
|move|p1a: Mandibuzz|Foul Play|p2a: Altaria
|-damage|p2a: Altaria|157\/292
|
|-heal|p1a: Mandibuzz|290\/424|[from] item: Leftovers
|turn|6
|
|switch|p1a: Metagross|Metagross|301\/301
|detailschange|p2a: Altaria|Altaria-Mega, F
|-mega|p2a: Altaria|Altaria|Altarianite
|move|p2a: Altaria|Roost|p2a: Altaria
|-heal|p2a: Altaria|292\/292
|
|turn|7
|
|switch|p2a: Ferrothorn|Ferrothorn, M|352\/352
|switch|p1a: Talonflame|Talonflame, F|360\/360
|
|turn|8
|
|switch|p2a: Rotom-Wash|Rotom-Wash|304\/304 brn
|move|p1a: Talonflame|Taunt|p2a: Rotom-Wash
|-start|p2a: Rotom-Wash|move: Taunt
|
|-damage|p2a: Rotom-Wash|266\/304 brn|[from] brn
|turn|9
|c| KhosroTheGreat|dem plays
|
|switch|p1a: Landorus-Therian|Landorus-Therian, M|382\/382
|-ability|p1a: Landorus-Therian|Intimidate|[of] p2a: Rotom-Wash
|-unboost|p2a: Rotom-Wash|atk|1
|move|p2a: Rotom-Wash|Volt Switch|p1a: Landorus-Therian
|-immune|p1a: Landorus-Therian|[msg]
|
|-damage|p2a: Rotom-Wash|228\/304 brn|[from] brn
|turn|10
|
|switch|p2a: Ferrothorn|Ferrothorn, M|352\/352
|move|p1a: Landorus-Therian|U-turn|p2a: Ferrothorn
|-damage|p2a: Ferrothorn|306\/352
|-damage|p1a: Landorus-Therian|335\/382|[from] ability: Iron Barbs|[of] p2a: Ferrothorn
|-damage|p1a: Landorus-Therian|272\/382|[from] item: Rocky Helmet|[of] p2a: Ferrothorn
|
|switch|p1a: Chesnaught|Chesnaught, M|320\/320
|
|turn|11
|
|move|p1a: Chesnaught|Substitute|p1a: Chesnaught
|-start|p1a: Chesnaught|Substitute
|-damage|p1a: Chesnaught|240\/320
|move|p2a: Ferrothorn|Stealth Rock|p1a: Chesnaught
|-sidestart|p1: cbrevan|move: Stealth Rock
|
|turn|12
|
|switch|p2a: Altaria|Altaria-Mega, F|292\/292
|move|p1a: Chesnaught|Belly Drum|p1a: Chesnaught
|-damage|p1a: Chesnaught|80\/320
|-setboost|p1a: Chesnaught|atk|6|[from] move: Belly Drum
|-enditem|p1a: Chesnaught|Salac Berry|[eat]
|-boost|p1a: Chesnaught|spe|1|[from] item: Salac Berry
|
|turn|13
|c| KhosroTheGreat|oh wow, setting up so soon?
|c|âcbrevan|yeah
|c|âcbrevan|what the hell
|c|âcbrevan|inb4 hyper voice tho
|
|switch|p2a: Ferrothorn|Ferrothorn, M|306\/352
|move|p1a: Chesnaught|Drain Punch|p2a: Ferrothorn
|-supereffective|p2a: Ferrothorn
|-damage|p2a: Ferrothorn|0 fnt
|-heal|p1a: Chesnaught|233\/320|[from] drain|[of] p2a: Ferrothorn
|-damage|p1a: Chesnaught|193\/320|[from] ability: Iron Barbs|[of] p2a: Ferrothorn
|-damage|p1a: Chesnaught|140\/320|[from] item: Rocky Helmet|[of] p2a: Ferrothorn
|faint|p2a: Ferrothorn
|
|c| KhosroTheGreat|or not
|c| KhosroTheGreat|as the case may be
|c|âcbrevan|oh nvm
|
|switch|p2a: Altaria|Altaria-Mega, F|292\/292
|turn|14
|c| KhosroTheGreat|reveal hp ice
|
|move|p1a: Chesnaught|Drain Punch|p2a: Altaria
|-resisted|p2a: Altaria
|-damage|p2a: Altaria|94\/292
|-heal|p1a: Chesnaught|239\/320|[from] drain|[of] p2a: Altaria
|move|p2a: Altaria|Return|p1a: Chesnaught
|-supereffective|p1a: Chesnaught
|-end|p1a: Chesnaught|Substitute
|
|turn|15
|c| KhosroTheGreat|chesnaught is power
|c|âcbrevan|yeah
|
|switch|p2a: Gengar|Gengar, M|262\/262
|move|p1a: Chesnaught|Seed Bomb|p2a: Gengar
|-resisted|p2a: Gengar
|-damage|p2a: Gengar|0 fnt
|faint|p2a: Gengar
|
|c|âcbrevan|kek
|c|âcbrevan|gg
|c| KhosroTheGreat|YES SON
|c| KhosroTheGreat|rekt
|c| KhosroTheGreat|utterly
|c|âcbrevan|scarf or ebelt?
|c| KhosroTheGreat|\/me high-fives misty
|c|âAlenemesi|Belt.
|
|switch|p2a: Altaria|Altaria-Mega, F|94\/292
|turn|16
|c|âcbrevan|was afraid it would be scarf or somethin
|
|move|p1a: Chesnaught|Drain Punch|p2a: Altaria
|-resisted|p2a: Altaria
|-damage|p2a: Altaria|0 fnt
|-heal|p1a: Chesnaught|286\/320|[from] drain|[of] p2a: Altaria
|faint|p2a: Altaria
|
|
|switch|p2a: Rotom-Wash|Rotom-Wash|228\/304 brn
|turn|17
|c|âcbrevan|god this thing carries
|
|move|p1a: Chesnaught|Seed Bomb|p2a: Rotom-Wash
|-supereffective|p2a: Rotom-Wash
|-damage|p2a: Rotom-Wash|0 fnt
|faint|p2a: Rotom-Wash
|
|c| KhosroTheGreat|reveal scarf 'n' wisp
|c|âcbrevan|nobody expects it
|c|âcbrevan|naw it was lefties
|c| KhosroTheGreat|yeah ik
|
|switch|p2a: Miltank|Miltank, F|394\/394
|turn|18
|c| KhosroTheGreat|miltank, waving those udders around
|c|âcbrevan|lol
|
|move|p1a: Chesnaught|Drain Punch|p2a: Miltank
|-supereffective|p2a: Miltank
|-damage|p2a: Miltank|0 fnt
|-heal|p1a: Chesnaught|320\/320|[from] drain|[of] p2a: Miltank
|faint|p2a: Miltank
|
|c| KhosroTheGreat|nickname your pokes, misty
|
|switch|p2a: Claydol|Claydol|324\/324
|turn|19
|c| KhosroTheGreat|and name chesnaught, reknaught
|c| KhosroTheGreat|anyway i gtg
|c| KhosroTheGreat|c u l8r
|leave|KhosroTheGreat
|c|âcbrevan|cya
|
|move|p1a: Chesnaught|Seed Bomb|p2a: Claydol
|-supereffective|p2a: Claydol
|-damage|p2a: Claydol|0 fnt
|faint|p2a: Claydol
|
|win|cbrevan
|raw|Ladder updating...
|c|âcbrevan|gg
|raw|cbrevan's rating: 1381 &rarr; <strong>1399<\/strong><br \/>(+18 for winning)
|raw|Alenemesi's rating: 1349 &rarr; <strong>1331<\/strong><br \/>(-18 for losing)
|c|âAlenemesi|gg