|join|COMESTOANEND
|join|CheckmateWeee
|player|p1|COMESTOANEND|168
|player|p2|CheckmateWeee|101
|gametype|singles
|gen|6
|tier|UU
|rated
|rule|Sleep Clause Mod: Limit one foe put to sleep
|rule|Species Clause: Limit one of each PokÃ©mon
|rule|OHKO Clause: OHKO moves are banned
|rule|Moody Clause: Moody is banned
|rule|Evasion Moves Clause: Evasion moves are banned
|rule|Endless Battle Clause: Forcing endless battles is banned
|rule|HP Percentage Mod: HP is shown in percentages
|clearpoke
|poke|p1|Alakazam, F
|poke|p1|Whimsicott, F
|poke|p1|Blastoise, F
|poke|p1|Blissey, F, shiny
|poke|p1|Nidoqueen, F
|poke|p1|Krookodile, F
|poke|p2|Swampert, M
|poke|p2|Toxicroak, F
|poke|p2|Sableye, M
|poke|p2|Jirachi
|poke|p2|Blastoise, M
|poke|p2|Celebi
|rule|Swagger Clause: Swagger is banned
|rule|Baton Pass Clause: Limit one PokÃ©mon knowing Baton Pass
|teampreview
|c|âCOMESTOANEND|gl
|
|start
|switch|p1a: Nidoqueen|Nidoqueen, F|383\/383
|switch|p2a: Sableye|Sableye, M|304\/304
|turn|1
|c|âCheckmateWeee|u2
|
|move|p2a: Sableye|Rain Dance|p2a: Sableye
|-weather|RainDance
|move|p1a: Nidoqueen|Toxic Spikes|p2a: Sableye
|-sidestart|p2: CheckmateWeee|move: Toxic Spikes
|
|-weather|RainDance|[upkeep]
|turn|2
|
|switch|p2a: Blastoise|Blastoise, M|337\/337
|-status|p2a: Blastoise|psn
|move|p1a: Nidoqueen|Earth Power|p2a: Blastoise
|-damage|p2a: Blastoise|264\/337 psn
|
|-weather|RainDance|[upkeep]
|-heal|p2a: Blastoise|285\/337 psn|[from] ability: Rain Dish
|-damage|p2a: Blastoise|243\/337 psn|[from] psn
|turn|3
|
|switch|p1a: Blissey|Blissey, F, shiny|713\/713
|move|p2a: Blastoise|Scald|p1a: Blissey
|-damage|p1a: Blissey|571\/713
|
|-weather|RainDance|[upkeep]
|-heal|p2a: Blastoise|264\/337 psn|[from] ability: Rain Dish
|-heal|p1a: Blissey|615\/713|[from] item: Leftovers
|-damage|p2a: Blastoise|222\/337 psn|[from] psn
|turn|4
|
|switch|p2a: Celebi|Celebi|396\/396
|-status|p2a: Celebi|psn
|move|p1a: Blissey|Stealth Rock|p2a: Celebi
|-sidestart|p2: CheckmateWeee|move: Stealth Rock
|
|-weather|RainDance|[upkeep]
|-heal|p1a: Blissey|659\/713|[from] item: Leftovers
|-damage|p2a: Celebi|347\/396 psn|[from] psn
|turn|5
|
|switch|p2a: Toxicroak|Toxicroak, F|362\/362
|-damage|p2a: Toxicroak|340\/362|[from] Stealth Rock
|-sideend|p2: CheckmateWeee|move: Toxic Spikes|[of] p2a: Toxicroak
|switch|p1a: Whimsicott|Whimsicott, F|323\/323
|
|-weather|RainDance|[upkeep]
|-heal|p2a: Toxicroak|362\/362|[from] ability: Dry Skin
|turn|6
|
|switch|p1a: Nidoqueen|Nidoqueen, F|383\/383
|switch|p2a: Jirachi|Jirachi|341\/341
|-damage|p2a: Jirachi|320\/341|[from] Stealth Rock
|
|-weather|RainDance|[upkeep]
|turn|7
|
|move|p2a: Jirachi|Iron Head|p1a: Nidoqueen
|-damage|p1a: Nidoqueen|281\/383
|cant|p1a: Nidoqueen|flinch
|
|-weather|RainDance|[upkeep]
|-heal|p1a: Nidoqueen|304\/383|[from] item: Black Sludge
|turn|8
|
|switch|p2a: Blastoise|Blastoise, M|222\/337 psn
|-damage|p2a: Blastoise|180\/337 psn|[from] Stealth Rock
|switch|p1a: Krookodile|Krookodile, F|331\/331
|-ability|p1a: Krookodile|Intimidate|[of] p2a: Blastoise
|-unboost|p2a: Blastoise|atk|1
|
|-weather|none
|-damage|p2a: Blastoise|138\/337 psn|[from] psn
|turn|9
|
|move|p1a: Krookodile|Earthquake|p2a: Blastoise
|-damage|p2a: Blastoise|0 fnt
|faint|p2a: Blastoise
|
|
|switch|p2a: Sableye|Sableye, M|304\/304
|-damage|p2a: Sableye|266\/304|[from] Stealth Rock
|turn|10
|
|switch|p1a: Blissey|Blissey, F, shiny|659\/713
|move|p2a: Sableye|Will-O-Wisp|p1a: Blissey
|-status|p1a: Blissey|brn
|
|-heal|p1a: Blissey|703\/713 brn|[from] item: Leftovers
|-damage|p1a: Blissey|614\/713 brn|[from] brn
|turn|11
|
|switch|p1a: Nidoqueen|Nidoqueen, F|304\/383
|move|p2a: Sableye|Rain Dance|p2a: Sableye
|-weather|RainDance
|
|-weather|RainDance|[upkeep]
|-heal|p1a: Nidoqueen|327\/383|[from] item: Black Sludge
|turn|12
|
|switch|p2a: Swampert|Swampert, M|366\/366
|-damage|p2a: Swampert|344\/366|[from] Stealth Rock
|move|p1a: Nidoqueen|Toxic Spikes|p2a: Swampert
|-sidestart|p2: CheckmateWeee|move: Toxic Spikes
|
|-weather|RainDance|[upkeep]
|-heal|p1a: Nidoqueen|350\/383|[from] item: Black Sludge
|turn|13
|
|switch|p1a: Blastoise|Blastoise, F|359\/359
|detailschange|p2a: Swampert|Swampert-Mega, M
|message|Swampert has Mega Evolved into Mega Swampert!
|move|p2a: Swampert|Earthquake|p1a: Blastoise
|-damage|p1a: Blastoise|157\/359
|
|-weather|RainDance|[upkeep]
|turn|14
|
|switch|p1a: Whimsicott|Whimsicott, F|323\/323
|move|p2a: Swampert|Earthquake|p1a: Whimsicott
|-resisted|p1a: Whimsicott
|-damage|p1a: Whimsicott|234\/323
|
|-weather|RainDance|[upkeep]
|-heal|p1a: Whimsicott|254\/323|[from] item: Leftovers
|turn|15
|
|move|p2a: Swampert|Ice Punch|p1a: Whimsicott
|-supereffective|p1a: Whimsicott
|-damage|p1a: Whimsicott|68\/323
|move|p1a: Whimsicott|U-turn|p2a: Swampert
|-damage|p2a: Swampert|316\/366
|
|switch|p1a: Krookodile|Krookodile, F|331\/331
|-ability|p1a: Krookodile|Intimidate|[of] p2a: Swampert
|-unboost|p2a: Swampert|atk|1
|
|-weather|RainDance|[upkeep]
|turn|16
|
|switch|p1a: Whimsicott|Whimsicott, F|68\/323
|move|p2a: Swampert|Waterfall|p1a: Whimsicott
|-resisted|p1a: Whimsicott
|-damage|p1a: Whimsicott|0 fnt
|faint|p1a: Whimsicott
|
|-weather|RainDance|[upkeep]
|
|switch|p1a: Blastoise|Blastoise, F|157\/359
|turn|17
|
|switch|p2a: Toxicroak|Toxicroak, F|362\/362
|-damage|p2a: Toxicroak|340\/362|[from] Stealth Rock
|-sideend|p2: CheckmateWeee|move: Toxic Spikes|[of] p2a: Toxicroak
|detailschange|p1a: Blastoise|Blastoise-Mega, F
|message|Blastoise has Mega Evolved into Mega Blastoise!
|move|p1a: Blastoise|Ice Beam|p2a: Toxicroak
|-damage|p2a: Toxicroak|160\/362
|
|-weather|RainDance|[upkeep]
|-heal|p2a: Toxicroak|205\/362|[from] ability: Dry Skin
|-heal|p2a: Toxicroak|227\/362|[from] item: Black Sludge
|turn|18
|
|switch|p1a: Nidoqueen|Nidoqueen, F|350\/383
|move|p2a: Toxicroak|Drain Punch|p1a: Nidoqueen
|-resisted|p1a: Nidoqueen
|-damage|p1a: Nidoqueen|301\/383
|-heal|p2a: Toxicroak|252\/362|[from] drain|[of] p1a: Nidoqueen
|
|-weather|none
|-heal|p2a: Toxicroak|274\/362|[from] item: Black Sludge
|-heal|p1a: Nidoqueen|324\/383|[from] item: Black Sludge
|turn|19
|
|switch|p2a: Celebi|Celebi|347\/396
|-damage|p2a: Celebi|298\/396|[from] Stealth Rock
|move|p1a: Nidoqueen|Earth Power|p2a: Celebi
|-resisted|p2a: Celebi
|-damage|p2a: Celebi|243\/396
|
|-heal|p2a: Celebi|267\/396|[from] item: Leftovers
|-heal|p1a: Nidoqueen|347\/383|[from] item: Black Sludge
|turn|20
|
|switch|p2a: Jirachi|Jirachi|320\/341
|-damage|p2a: Jirachi|299\/341|[from] Stealth Rock
|switch|p1a: Blissey|Blissey, F, shiny|614\/713
|
|-heal|p1a: Blissey|658\/713|[from] item: Leftovers
|turn|21
|
|move|p2a: Jirachi|Stealth Rock|p1a: Blissey
|-sidestart|p1: COMESTOANEND|move: Stealth Rock
|move|p1a: Blissey|Thunder Wave|p2a: Jirachi
|-status|p2a: Jirachi|par
|
|-heal|p1a: Blissey|702\/713|[from] item: Leftovers
|turn|22
|
|switch|p1a: Nidoqueen|Nidoqueen, F|347\/383
|-damage|p1a: Nidoqueen|324\/383|[from] Stealth Rock
|move|p2a: Jirachi|Rain Dance|p2a: Jirachi
|-weather|RainDance
|
|-weather|RainDance|[upkeep]
|-heal|p1a: Nidoqueen|347\/383|[from] item: Black Sludge
|turn|23
|
|move|p1a: Nidoqueen|Earth Power|p2a: Jirachi
|-supereffective|p2a: Jirachi
|-damage|p2a: Jirachi|93\/341 par
|move|p2a: Jirachi|Body Slam|p1a: Nidoqueen
|-damage|p1a: Nidoqueen|277\/383
|-status|p1a: Nidoqueen|par
|
|-weather|RainDance|[upkeep]
|-heal|p1a: Nidoqueen|300\/383 par|[from] item: Black Sludge
|turn|24
|
|switch|p2a: Swampert|Swampert-Mega, M|316\/366
|-damage|p2a: Swampert|294\/366|[from] Stealth Rock
|move|p1a: Nidoqueen|Toxic Spikes|p2a: Swampert
|-sidestart|p2: CheckmateWeee|move: Toxic Spikes
|
|-weather|RainDance|[upkeep]
|-heal|p1a: Nidoqueen|323\/383 par|[from] item: Black Sludge
|turn|25
|
|switch|p1a: Blastoise|Blastoise-Mega, F|157\/359
|-damage|p1a: Blastoise|113\/359|[from] Stealth Rock
|move|p2a: Swampert|Earthquake|p1a: Blastoise
|-damage|p1a: Blastoise|0 fnt
|faint|p1a: Blastoise
|
|-weather|RainDance|[upkeep]
|
|switch|p1a: Blissey|Blissey, F, shiny|702\/713
|-damage|p1a: Blissey|613\/713|[from] Stealth Rock
|turn|26
|
|move|p2a: Swampert|Waterfall|p1a: Blissey
|-damage|p1a: Blissey|174\/713
|move|p1a: Blissey|Seismic Toss|p2a: Swampert
|-damage|p2a: Swampert|194\/366
|
|-weather|RainDance|[upkeep]
|-heal|p1a: Blissey|218\/713|[from] item: Leftovers
|turn|27
|
|move|p2a: Swampert|Waterfall|p1a: Blissey
|-damage|p1a: Blissey|0 fnt
|faint|p1a: Blissey
|
|-weather|RainDance|[upkeep]
|c|âCOMESTOANEND|why is this broken shit allowed
|c|âCOMESTOANEND|its stupid omfg
|c|âCheckmateWeee|lol
|
|switch|p1a: Krookodile|Krookodile, F|331\/331
|-damage|p1a: Krookodile|311\/331|[from] Stealth Rock
|-ability|p1a: Krookodile|Intimidate|[of] p2a: Swampert
|-unboost|p2a: Swampert|atk|1
|turn|28
|
|move|p2a: Swampert|Waterfall|p1a: Krookodile
|-supereffective|p1a: Krookodile
|-damage|p1a: Krookodile|0 fnt
|faint|p1a: Krookodile
|
|-weather|RainDance|[upkeep]
|
|switch|p1a: Alakazam|Alakazam, F|251\/251
|turn|29
|
|move|p2a: Swampert|Waterfall|p1a: Alakazam
|-enditem|p1a: Alakazam|Focus Sash
|-damage|p1a: Alakazam|1\/251
|cant|p1a: Alakazam|flinch
|
|-weather|none
|turn|30
|c|âCOMESTOANEND|ok
|c|âCOMESTOANEND|"gg"
|c|âCOMESTOANEND|fucking broken lol
|-message|COMESTOANEND forfeited.
|
|win|CheckmateWeee
|raw|Ladder updating...