|join|PiggK
|join|COMESTOANEND
|player|p1|PiggK|76
|player|p2|COMESTOANEND|168
|gametype|singles
|gen|6
|tier|UU
|rated
|rule|Sleep Clause Mod: Limit one foe put to sleep
|rule|Species Clause: Limit one of each PokÃ©mon
|rule|OHKO Clause: OHKO moves are banned
|rule|Moody Clause: Moody is banned
|rule|Evasion Moves Clause: Evasion moves are banned
|rule|Endless Battle Clause: Forcing endless battles is banned
|rule|HP Percentage Mod: HP is shown in percentages
|clearpoke
|poke|p1|Diancie
|poke|p1|Tentacruel, M
|poke|p1|Volcarona, M
|poke|p1|Rhyperior, F
|poke|p1|Shaymin
|poke|p1|Bronzong
|poke|p2|Alakazam, F
|poke|p2|Whimsicott, F
|poke|p2|Blastoise, M
|poke|p2|Blissey, F, shiny
|poke|p2|Nidoqueen, F
|poke|p2|Krookodile, M
|rule|Swagger Clause: Swagger is banned
|rule|Baton Pass Clause: Limit one PokÃ©mon knowing Baton Pass
|teampreview
|c|âCOMESTOANEND|gl
|c|âPiggK|you too
|
|start
|switch|p1a: Diancie|Diancie|241\/241
|switch|p2a: Blissey|Blissey, F, shiny|713\/713
|turn|1
|
|detailschange|p1a: Diancie|Diancie-Mega
|message|Diancie has Mega Evolved into Mega Diancie!
|move|p2a: Blissey|Seismic Toss|p1a: Diancie
|-damage|p1a: Diancie|141\/241
|move|p1a: Diancie|Diamond Storm|p2a: Blissey
|-damage|p2a: Blissey|355\/713
|-boost|p1a: Diancie|def|1
|
|-heal|p2a: Blissey|399\/713|[from] item: Leftovers
|turn|2
|
|move|p1a: Diancie|Diamond Storm|p2a: Blissey
|-damage|p2a: Blissey|29\/713
|move|p2a: Blissey|Soft-Boiled|p2a: Blissey
|-heal|p2a: Blissey|386\/713
|
|-heal|p2a: Blissey|430\/713|[from] item: Leftovers
|turn|3
|
|switch|p1a: Rhyperior|Rhyperior, F|391\/391
|switch|p2a: Nidoqueen|Nidoqueen, F|383\/383
|
|turn|4
|
|move|p2a: Nidoqueen|Earth Power|p1a: Rhyperior
|-supereffective|p1a: Rhyperior
|-damage|p1a: Rhyperior|147\/391
|-enditem|p1a: Rhyperior|Weakness Policy
|-boost|p1a: Rhyperior|atk|2|[from] item: Weakness Policy
|-boost|p1a: Rhyperior|spa|2|[from] item: Weakness Policy
|move|p1a: Rhyperior|Rock Polish|p1a: Rhyperior
|-boost|p1a: Rhyperior|spe|2
|
|turn|5
|
|switch|p2a: Whimsicott|Whimsicott, F|322\/322
|move|p1a: Rhyperior|Earthquake|p2a: Whimsicott
|-resisted|p2a: Whimsicott
|-damage|p2a: Whimsicott|181\/322
|
|-heal|p2a: Whimsicott|201\/322|[from] item: Leftovers
|turn|6
|
|move|p2a: Whimsicott|Encore|p1a: Rhyperior
|-start|p1a: Rhyperior|Encore
|move|p1a: Rhyperior|Earthquake|p2a: Whimsicott
|-resisted|p2a: Whimsicott
|-damage|p2a: Whimsicott|43\/322
|
|-heal|p2a: Whimsicott|63\/322|[from] item: Leftovers
|turn|7
|
|move|p1a: Rhyperior|Earthquake|p2a: Whimsicott
|-crit|p2a: Whimsicott
|-resisted|p2a: Whimsicott
|-damage|p2a: Whimsicott|0 fnt
|faint|p2a: Whimsicott
|
|join|Licor43
|
|switch|p2a: Krookodile|Krookodile, M|331\/331
|-ability|p2a: Krookodile|Intimidate|[of] p1a: Rhyperior
|-unboost|p1a: Rhyperior|atk|1
|turn|8
|
|move|p1a: Rhyperior|Earthquake|p2a: Krookodile
|-damage|p2a: Krookodile|0 fnt
|faint|p2a: Krookodile
|
|-end|p1a: Rhyperior|Encore
|
|switch|p2a: Blastoise|Blastoise, M|359\/359
|turn|9
|c| Licor43|LOL
|c| Licor43|o.o
|
|detailschange|p2a: Blastoise|Blastoise-Mega, M
|message|Blastoise has Mega Evolved into Mega Blastoise!
|move|p1a: Rhyperior|Earthquake|p2a: Blastoise
|-damage|p2a: Blastoise|98\/359
|move|p2a: Blastoise|Scald|p1a: Rhyperior
|-supereffective|p1a: Rhyperior
|-damage|p1a: Rhyperior|0 fnt
|faint|p1a: Rhyperior
|
|
|switch|p1a: Shaymin|Shaymin|341\/341
|turn|10
|c| Licor43|pensaba que te mataba XDDD
|
|switch|p2a: Blissey|Blissey, F, shiny|430\/713
|move|p1a: Shaymin|Seed Flare|p2a: Blissey|[miss]
|-miss|p1a: Shaymin|p2a: Blissey
|
|-heal|p2a: Blissey|474\/713|[from] item: Leftovers
|turn|11
|
|move|p1a: Shaymin|Seed Flare|p2a: Blissey
|-damage|p2a: Blissey|270\/713
|move|p2a: Blissey|Seismic Toss|p1a: Shaymin
|-damage|p1a: Shaymin|241\/341
|
|-heal|p2a: Blissey|314\/713|[from] item: Leftovers
|turn|12
|
|move|p1a: Shaymin|Seed Flare|p2a: Blissey|[miss]
|-miss|p1a: Shaymin|p2a: Blissey
|move|p2a: Blissey|Soft-Boiled|p2a: Blissey
|-heal|p2a: Blissey|671\/713
|
|-heal|p2a: Blissey|713\/713|[from] item: Leftovers
|turn|13
|c|âCOMESTOANEND|lucky n bad yn
|
|switch|p1a: Tentacruel|Tentacruel, M|364\/364
|move|p2a: Blissey|Seismic Toss|p1a: Tentacruel
|-damage|p1a: Tentacruel|264\/364
|
|-heal|p1a: Tentacruel|286\/364|[from] item: Black Sludge
|turn|14
|c| Licor43|yo te quiero con limÃ³n y sal
|
|move|p1a: Tentacruel|Knock Off|p2a: Blissey
|-damage|p2a: Blissey|618\/713
|-enditem|p2a: Blissey|Leftovers|[from] move: Knock Off|[of] p1a: Tentacruel
|move|p2a: Blissey|Seismic Toss|p1a: Tentacruel
|-damage|p1a: Tentacruel|186\/364
|
|-heal|p1a: Tentacruel|208\/364|[from] item: Black Sludge
|turn|15
|c| Licor43|yo te quiero tal y como estas
|
|move|p1a: Tentacruel|Acid Spray|p2a: Blissey
|-damage|p2a: Blissey|585\/713
|-unboost|p2a: Blissey|spd|2
|move|p2a: Blissey|Seismic Toss|p1a: Tentacruel
|-damage|p1a: Tentacruel|108\/364
|
|-heal|p1a: Tentacruel|130\/364|[from] item: Black Sludge
|turn|16
|c| Licor43|yo te quiero sin cambiarte naaadaa
|c|âCOMESTOANEND|putisimo diancie joder
|
|move|p1a: Tentacruel|Scald|p2a: Blissey
|-damage|p2a: Blissey|467\/713
|-status|p2a: Blissey|brn
|move|p2a: Blissey|Seismic Toss|p1a: Tentacruel
|-damage|p1a: Tentacruel|30\/364
|
|-heal|p1a: Tentacruel|52\/364|[from] item: Black Sludge
|-damage|p2a: Blissey|378\/713 brn|[from] brn
|turn|17
|c| Licor43|por?
|c|âCOMESTOANEND|es una cosa que tengo dudas de que se vaya a quedar en ou
|c|âCOMESTOANEND|y me lo estan jugando en uu
|c|âCOMESTOANEND|sad
|
|switch|p1a: Bronzong|Bronzong|337\/337
|switch|p2a: Blastoise|Blastoise-Mega, M|98\/359
|
|turn|18
|
|move|p2a: Blastoise|Dark Pulse|p1a: Bronzong
|-supereffective|p1a: Bronzong
|-damage|p1a: Bronzong|89\/337
|move|p1a: Bronzong|Toxic|p2a: Blastoise
|-status|p2a: Blastoise|tox
|
|-heal|p1a: Bronzong|110\/337|[from] item: Leftovers
|-damage|p2a: Blastoise|76\/359 tox|[from] psn
|turn|19
|c| Licor43|lol
|c| Licor43|como se va quedar en OU?
|
|switch|p1a: Shaymin|Shaymin|241\/341
|move|p2a: Blastoise|Dark Pulse|p1a: Shaymin
|-damage|p1a: Shaymin|94\/341
|
|-damage|p2a: Blastoise|32\/359 tox|[from] psn
|turn|20
|c|âCOMESTOANEND|pues eso
|c| Licor43|no es tanta cosa
|c| Licor43|es decir se quedara en UU
|c|âCOMESTOANEND|arceus tampoco
|c|âCOMESTOANEND|!dt mega diancie
|c|~|\/data-pokemon Diancie-Mega
|raw|<font size="1"><font color=#585858>Dex#:<\/font> 719&nbsp;|&ThickSpace;<font color=#585858>Height:<\/font> 1.1 m&nbsp;|&ThickSpace;<font color=#585858>Weight:<\/font> 27.8 kg <em>(60 BP)<\/em>&nbsp;|&ThickSpace;<font color=#585858>Dex Colour:<\/font> Gray&nbsp;|&ThickSpace;<font color=#585858>Egg Group(s):<\/font> Undiscovered&nbsp;|&ThickSpace;<font color=#585858><font color=#585858>Does Not Evolve<\/font><\/font><\/font>
|c| Licor43|LOL
|c|âCOMESTOANEND|no es tanta cosa, no
|c|âCOMESTOANEND|que va
|c| Licor43|EL MEGa ES UU
|c| Licor43|yo pensaba que decias el normal
|c| Licor43|El mega si lol
|c|âCOMESTOANEND|el normal lleva en uu la ostia lmao
|c| Licor43|pa mi el mega es uber
|c| Licor43|XDDD
|c|âCOMESTOANEND|y no se usa
|
|move|p1a: Shaymin|Seed Flare|p2a: Blastoise
|-supereffective|p2a: Blastoise
|-damage|p2a: Blastoise|0 fnt
|faint|p2a: Blastoise
|
|c| Licor43|por eso decia
|
|switch|p2a: Alakazam|Alakazam, F|251\/251
|turn|21
|c| Licor43|te entendia que dudabas que el normal se quedase en OU
|c| Licor43|saes
|
|switch|p1a: Bronzong|Bronzong|110\/337
|move|p2a: Alakazam|Calm Mind|p2a: Alakazam
|-boost|p2a: Alakazam|spa|1
|-boost|p2a: Alakazam|spd|1
|
|-heal|p1a: Bronzong|131\/337|[from] item: Leftovers
|turn|22
|
|move|p2a: Alakazam|Shadow Ball|p1a: Bronzong
|-supereffective|p1a: Bronzong
|-damage|p1a: Bronzong|0 fnt
|faint|p1a: Bronzong
|
|
|switch|p1a: Volcarona|Volcarona, M|311\/311
|turn|23
|
|move|p2a: Alakazam|Psyshock|p1a: Volcarona
|-damage|p1a: Volcarona|8\/311
|move|p1a: Volcarona|Quiver Dance|p1a: Volcarona
|-boost|p1a: Volcarona|spa|1
|-boost|p1a: Volcarona|spd|1
|-boost|p1a: Volcarona|spe|1
|
|turn|24
|c|âPiggK|gg
|
|move|p1a: Volcarona|Bug Buzz|p2a: Alakazam
|-supereffective|p2a: Alakazam
|-enditem|p2a: Alakazam|Focus Sash
|-damage|p2a: Alakazam|1\/251
|-unboost|p2a: Alakazam|spd|1
|-damage|p1a: Volcarona|0 fnt|[from] item: Life Orb
|faint|p1a: Volcarona
|move|p2a: Alakazam|Psyshock|p1: Volcarona|[notarget]
|-notarget
|
|
|switch|p1a: Diancie|Diancie-Mega|141\/241
|turn|25
|
|move|p2a: Alakazam|Psyshock|p1a: Diancie
|-damage|p1a: Diancie|0 fnt
|faint|p1a: Diancie
|
|c|âCOMESTOANEND|este team
|c|âCOMESTOANEND|le voy a hacer
|
|switch|p1a: Tentacruel|Tentacruel, M|52\/364
|turn|26
|c|âCOMESTOANEND|rmt en smogon
|c|âCOMESTOANEND|es demasiado bueno
|
|move|p2a: Alakazam|Psyshock|p1a: Tentacruel
|-supereffective|p1a: Tentacruel
|-damage|p1a: Tentacruel|0 fnt
|faint|p1a: Tentacruel
|
|
|switch|p1a: Shaymin|Shaymin|94\/341
|turn|27
|
|move|p2a: Alakazam|Psyshock|p1a: Shaymin
|-damage|p1a: Shaymin|0 fnt
|faint|p1a: Shaymin
|
|win|COMESTOANEND
|raw|Ladder updating...
|raw|PiggK's rating: 1421 &rarr; <strong>1404<\/strong><br \/>(-17 for losing)
|raw|COMESTOANEND's rating: 1470 &rarr; <strong>1487<\/strong><br \/>(+17 for winning)
|c|âCOMESTOANEND|gg