|join|COMESTOANEND
|join|Roughneck Memes
|player|p1|COMESTOANEND|1
|player|p2|Roughneck Memes|21
|gametype|singles
|gen|6
|tier|UU
|rated
|rule|Sleep Clause Mod: Limit one foe put to sleep
|rule|Species Clause: Limit one of each PokÃ©mon
|rule|OHKO Clause: OHKO moves are banned
|rule|Moody Clause: Moody is banned
|rule|Evasion Moves Clause: Evasion moves are banned
|rule|Endless Battle Clause: Forcing endless battles is banned
|rule|HP Percentage Mod: HP is shown in percentages
|clearpoke
|poke|p1|Raikou
|poke|p1|Granbull, F
|poke|p1|Umbreon, M
|poke|p1|Toxicroak, M
|poke|p1|Blastoise, F
|poke|p1|Krookodile, F
|poke|p2|Meloetta
|poke|p2|Drapion, F
|poke|p2|Dugtrio, M, shiny
|poke|p2|Moltres, shiny
|poke|p2|Shiftry, M
|poke|p2|Slowking, M, shiny
|rule|Swagger Clause: Swagger is banned
|rule|Baton Pass Clause: Limit one PokÃ©mon knowing Baton Pass
|teampreview
|c|âRoughneck Memes|meant to hit RU
|c|âRoughneck Memes|:[
|join|Sken
|c|âCOMESTOANEND|xD
|c|âCOMESTOANEND|gl
|c| Sken|lol
|
|start
|switch|p1a: Krookodile|Krookodile, F|393\/393
|switch|p2a: Drapion|Drapion, F|343\/343
|-ability|p1a: Krookodile|Intimidate|[of] p2a: Drapion
|-unboost|p2a: Drapion|atk|1
|turn|1
|
|switch|p2a: Moltres|Moltres, shiny|321\/321
|-ability|p2a: Moltres|Pressure
|move|p1a: Krookodile|Stealth Rock|p2a: Moltres
|-sidestart|p2: Roughneck Memes|move: Stealth Rock
|
|turn|2
|c| Sken|he meant to hit NU when he built something with a fucking granbull
|c|âCOMESTOANEND|granbull
|c|âCOMESTOANEND|is god
|
|switch|p1a: Umbreon|Umbreon, M|394\/394
|move|p2a: Moltres|U-turn|p1a: Umbreon
|-supereffective|p1a: Umbreon
|-damage|p1a: Umbreon|274\/394
|-damage|p2a: Moltres|289\/321|[from] item: Life Orb
|c| Sken|granbull is a bitch
|
|switch|p2a: Shiftry|Shiftry, M|321\/321
|-damage|p2a: Shiftry|281\/321|[from] Stealth Rock
|
|-heal|p1a: Umbreon|298\/394|[from] item: Leftovers
|turn|3
|
|move|p2a: Shiftry|Defog|p1a: Umbreon
|-unboost|p1a: Umbreon|evasion|1
|-sideend|p2: Roughneck Memes|Stealth Rock|[from] move: Defog|[of] p2a: Shiftry
|move|p1a: Umbreon|Wish|p1a: Umbreon
|
|-heal|p1a: Umbreon|322\/394|[from] item: Leftovers
|turn|4
|
|move|p2a: Shiftry|Knock Off|p1a: Umbreon
|-resisted|p1a: Umbreon
|-damage|p1a: Umbreon|222\/394
|-enditem|p1a: Umbreon|Leftovers|[from] move: Knock Off|[of] p2a: Shiftry
|-damage|p2a: Shiftry|249\/321|[from] item: Life Orb
|move|p1a: Umbreon|Foul Play|p2a: Shiftry
|-resisted|p2a: Shiftry
|-damage|p2a: Shiftry|131\/321
|
|-heal|p1a: Umbreon|394\/394|[from] move: Wish|[wisher] Umbreon
|turn|5
|c| Sken|[20:53] solopordiversion1: pero venasuar es defensivo total
|
|switch|p2a: Drapion|Drapion, F|343\/343
|move|p1a: Umbreon|Foul Play|p2a: Drapion
|-resisted|p2a: Drapion
|-damage|p2a: Drapion|298\/343
|
|-heal|p2a: Drapion|319\/343|[from] item: Black Sludge
|turn|6
|
|switch|p1a: Krookodile|Krookodile, F|393\/393
|-ability|p1a: Krookodile|Intimidate|[of] p2a: Drapion
|-unboost|p2a: Drapion|atk|1
|move|p2a: Drapion|Toxic Spikes|p1a: Krookodile
|-sidestart|p1: COMESTOANEND|move: Toxic Spikes
|
|-heal|p2a: Drapion|340\/343|[from] item: Black Sludge
|turn|7
|c| Sken|20:53 solopordiversion1: pero venasuar es defensivo total
|c| Sken|venasuar
|c| Sken|es el nuevo manmosiaw
|c| Sken|y\/n
|c|âCOMESTOANEND|y
|
|move|p2a: Drapion|Toxic Spikes|p1a: Krookodile
|-sidestart|p1: COMESTOANEND|move: Toxic Spikes
|move|p1a: Krookodile|Stealth Rock|p2a: Drapion
|-sidestart|p2: Roughneck Memes|move: Stealth Rock
|
|-heal|p2a: Drapion|343\/343|[from] item: Black Sludge
|turn|8
|
|move|p2a: Drapion|Knock Off|p1a: Krookodile
|-resisted|p1a: Krookodile
|-damage|p1a: Krookodile|366\/393
|-enditem|p1a: Krookodile|Leftovers|[from] move: Knock Off|[of] p2a: Drapion
|move|p1a: Krookodile|Knock Off|p2a: Drapion
|-resisted|p2a: Drapion
|-damage|p2a: Drapion|289\/343
|-enditem|p2a: Drapion|Black Sludge|[from] move: Knock Off|[of] p1a: Krookodile
|
|turn|9
|
|switch|p1a: Toxicroak|Toxicroak, M|307\/307
|-sideend|p1: COMESTOANEND|move: Toxic Spikes|[of] p1a: Toxicroak
|move|p2a: Drapion|Whirlwind|p1a: Toxicroak
|drag|p1a: Blastoise|Blastoise, F|361\/361
|
|turn|10
|
|switch|p2a: Slowking|Slowking, M, shiny|391\/391
|-damage|p2a: Slowking|343\/391|[from] Stealth Rock
|detailschange|p1a: Blastoise|Blastoise-Mega, F
|message|Blastoise has Mega Evolved into Mega Blastoise!
|move|p1a: Blastoise|Scald|p2a: Slowking
|-resisted|p2a: Slowking
|-damage|p2a: Slowking|290\/391
|
|turn|11
|
|move|p1a: Blastoise|Dark Pulse|p2a: Slowking
|-supereffective|p2a: Slowking
|-damage|p2a: Slowking|110\/391
|move|p2a: Slowking|Grass Knot|p1a: Blastoise
|-supereffective|p1a: Blastoise
|-damage|p1a: Blastoise|175\/361
|
|turn|12
|
|switch|p2a: Drapion|Drapion, F|289\/343
|-damage|p2a: Drapion|247\/343|[from] Stealth Rock
|move|p1a: Blastoise|Dark Pulse|p2a: Drapion
|-resisted|p2a: Drapion
|-damage|p2a: Drapion|181\/343
|
|turn|13
|
|move|p2a: Drapion|Knock Off|p1a: Blastoise
|-damage|p1a: Blastoise|114\/361
|move|p1a: Blastoise|Scald|p2a: Drapion
|-damage|p2a: Drapion|39\/343
|
|turn|14
|
|move|p2a: Drapion|Knock Off|p1a: Blastoise
|-damage|p1a: Blastoise|54\/361
|move|p1a: Blastoise|Rapid Spin|p2a: Drapion
|-damage|p2a: Drapion|25\/343
|
|turn|15
|c|âCOMESTOANEND|sad
|
|move|p2a: Drapion|Knock Off|p1a: Blastoise
|-damage|p1a: Blastoise|0 fnt
|faint|p1a: Blastoise
|
|
|switch|p1a: Toxicroak|Toxicroak, M|307\/307
|turn|16
|
|move|p1a: Toxicroak|Drain Punch|p2a: Drapion
|-damage|p2a: Drapion|0 fnt
|-damage|p1a: Toxicroak|277\/307|[from] item: Life Orb
|faint|p2a: Drapion
|
|
|switch|p2a: Dugtrio|Dugtrio, M, shiny|212\/212
|-damage|p2a: Dugtrio|199\/212|[from] Stealth Rock
|turn|17
|
|move|p1a: Toxicroak|Sucker Punch|p2a: Dugtrio
|-damage|p2a: Dugtrio|9\/212
|-damage|p1a: Toxicroak|247\/307|[from] item: Life Orb
|move|p2a: Dugtrio|Earthquake|p1a: Toxicroak
|-supereffective|p1a: Toxicroak
|-damage|p1a: Toxicroak|0 fnt
|faint|p1a: Toxicroak
|
|
|switch|p1a: Krookodile|Krookodile, F|366\/393
|-ability|p1a: Krookodile|Intimidate|[of] p2a: Dugtrio
|-unboost|p2a: Dugtrio|atk|1
|turn|18
|
|move|p2a: Dugtrio|Earthquake|p1a: Krookodile
|-damage|p1a: Krookodile|258\/393
|move|p1a: Krookodile|Knock Off|p2a: Dugtrio
|-damage|p2a: Dugtrio|0 fnt
|-enditem|p2a: Dugtrio|Choice Band|[from] move: Knock Off|[of] p1a: Krookodile
|faint|p2a: Dugtrio
|
|
|switch|p2a: Shiftry|Shiftry, M|131\/321
|-damage|p2a: Shiftry|91\/321|[from] Stealth Rock
|turn|19
|
|move|p2a: Shiftry|Defog|p1a: Krookodile
|-unboost|p1a: Krookodile|evasion|1
|-sideend|p2: Roughneck Memes|Stealth Rock|[from] move: Defog|[of] p2a: Shiftry
|move|p1a: Krookodile|Knock Off|p2a: Shiftry
|-resisted|p2a: Shiftry
|-damage|p2a: Shiftry|0 fnt
|-enditem|p2a: Shiftry|Life Orb|[from] move: Knock Off|[of] p1a: Krookodile
|faint|p2a: Shiftry
|
|
|switch|p2a: Moltres|Moltres, shiny|289\/321
|-ability|p2a: Moltres|Pressure
|turn|20
|
|move|p2a: Moltres|Fire Blast|p1a: Krookodile
|-damage|p1a: Krookodile|0 fnt
|-damage|p2a: Moltres|257\/321|[from] item: Life Orb
|faint|p1a: Krookodile
|
|
|switch|p1a: Raikou|Raikou|321\/321
|-ability|p1a: Raikou|Pressure
|turn|21
|
|switch|p2a: Slowking|Slowking, M, shiny|240\/391
|move|p1a: Raikou|Calm Mind|p1a: Raikou
|-boost|p1a: Raikou|spa|1
|-boost|p1a: Raikou|spd|1
|
|turn|22
|
|move|p1a: Raikou|Substitute|p1a: Raikou
|-start|p1a: Raikou|Substitute
|-damage|p1a: Raikou|241\/321
|move|p2a: Slowking|Scald|p1a: Raikou
|-end|p1a: Raikou|Substitute
|
|-heal|p1a: Raikou|261\/321|[from] item: Leftovers
|turn|23
|
|move|p1a: Raikou|Thunderbolt|p2a: Slowking
|-supereffective|p2a: Slowking
|-damage|p2a: Slowking|0 fnt
|faint|p2a: Slowking
|
|-heal|p1a: Raikou|281\/321|[from] item: Leftovers
|
|switch|p2a: Meloetta|Meloetta|404\/404
|turn|24
|
|move|p1a: Raikou|Thunderbolt|p2a: Meloetta
|-damage|p2a: Meloetta|236\/404
|move|p2a: Meloetta|Calm Mind|p2a: Meloetta
|-boost|p2a: Meloetta|spa|1
|-boost|p2a: Meloetta|spd|1
|
|-heal|p1a: Raikou|301\/321|[from] item: Leftovers
|-heal|p2a: Meloetta|261\/404|[from] item: Leftovers
|turn|25
|
|move|p1a: Raikou|Thunderbolt|p2a: Meloetta
|-damage|p2a: Meloetta|152\/404
|move|p2a: Meloetta|Calm Mind|p2a: Meloetta
|-boost|p2a: Meloetta|spa|1
|-boost|p2a: Meloetta|spd|1
|
|-heal|p1a: Raikou|321\/321|[from] item: Leftovers
|-heal|p2a: Meloetta|177\/404|[from] item: Leftovers
|turn|26
|
|move|p1a: Raikou|Thunderbolt|p2a: Meloetta
|-damage|p2a: Meloetta|80\/404
|move|p2a: Meloetta|Hyper Voice|p1a: Raikou
|-damage|p1a: Raikou|125\/321
|
|-heal|p1a: Raikou|145\/321|[from] item: Leftovers
|-heal|p2a: Meloetta|105\/404|[from] item: Leftovers
|turn|27
|
|move|p1a: Raikou|Thunderbolt|p2a: Meloetta
|-damage|p2a: Meloetta|8\/404
|move|p2a: Meloetta|Hyper Voice|p1a: Raikou
|-damage|p1a: Raikou|0 fnt
|faint|p1a: Raikou
|
|-heal|p2a: Meloetta|33\/404|[from] item: Leftovers
|
|switch|p1a: Umbreon|Umbreon, M|394\/394
|turn|28
|
|move|p2a: Meloetta|Hyper Voice|p1a: Umbreon
|-damage|p1a: Umbreon|234\/394
|move|p1a: Umbreon|Foul Play|p2a: Meloetta
|-supereffective|p2a: Meloetta
|-damage|p2a: Meloetta|0 fnt
|faint|p2a: Meloetta
|
|
|switch|p2a: Moltres|Moltres, shiny|257\/321
|-ability|p2a: Moltres|Pressure
|turn|29
|
|move|p1a: Umbreon|Protect|p1a: Umbreon
|-singleturn|p1a: Umbreon|Protect
|move|p2a: Moltres|U-turn|p1a: Umbreon
|-activate|p1a: Umbreon|Protect
|
|turn|30
|
|move|p2a: Moltres|U-turn|p1a: Umbreon
|-supereffective|p1a: Umbreon
|-damage|p1a: Umbreon|109\/394
|-damage|p2a: Moltres|225\/321|[from] item: Life Orb
|move|p1a: Umbreon|Wish|p1a: Umbreon
|
|turn|31
|
|move|p1a: Umbreon|Protect|p1a: Umbreon
|-singleturn|p1a: Umbreon|Protect
|move|p2a: Moltres|Roost|p2a: Moltres
|-heal|p2a: Moltres|321\/321
|
|-heal|p1a: Umbreon|306\/394|[from] move: Wish|[wisher] Umbreon
|turn|32
|
|move|p2a: Moltres|U-turn|p1a: Umbreon
|-supereffective|p1a: Umbreon
|-damage|p1a: Umbreon|192\/394
|-damage|p2a: Moltres|289\/321|[from] item: Life Orb
|move|p1a: Umbreon|Wish|p1a: Umbreon
|
|turn|33
|
|move|p1a: Umbreon|Protect|p1a: Umbreon
|-singleturn|p1a: Umbreon|Protect
|move|p2a: Moltres|Hurricane|p1a: Umbreon
|-activate|p1a: Umbreon|Protect
|
|-heal|p1a: Umbreon|389\/394|[from] move: Wish|[wisher] Umbreon
|turn|34
|
|move|p2a: Moltres|U-turn|p1a: Umbreon
|-supereffective|p1a: Umbreon
|-damage|p1a: Umbreon|267\/394
|-damage|p2a: Moltres|257\/321|[from] item: Life Orb
|move|p1a: Umbreon|Foul Play|p2a: Moltres
|-damage|p2a: Moltres|151\/321
|
|turn|35
|
|move|p2a: Moltres|Roost|p2a: Moltres
|-heal|p2a: Moltres|312\/321
|move|p1a: Umbreon|Foul Play|p2a: Moltres
|-damage|p2a: Moltres|206\/321
|
|turn|36
|
|move|p2a: Moltres|Hurricane|p1a: Umbreon
|-damage|p1a: Umbreon|129\/394
|-start|p1a: Umbreon|confusion
|-damage|p2a: Moltres|174\/321|[from] item: Life Orb
|-activate|p1a: Umbreon|confusion
|move|p1a: Umbreon|Wish|p1a: Umbreon
|
|turn|37
|c|âCOMESTOANEND|pls
|
|-activate|p1a: Umbreon|confusion
|-damage|p1a: Umbreon|111\/394|[from] confusion
|move|p2a: Moltres|Fire Blast|p1a: Umbreon
|-damage|p1a: Umbreon|0 fnt
|-damage|p2a: Moltres|142\/321|[from] item: Life Orb
|faint|p1a: Umbreon
|
|c|âCOMESTOANEND|xD
|
|switch|p1a: Granbull|Granbull, F|383\/383
|-ability|p1a: Granbull|Intimidate|[of] p2a: Moltres
|-unboost|p2a: Moltres|atk|1
|turn|38
|c|âRoughneck Memes|: D
|
|move|p2a: Moltres|Roost|p2a: Moltres
|-heal|p2a: Moltres|303\/321
|move|p1a: Granbull|Earthquake|p2a: Moltres
|-supereffective|p2a: Moltres
|-damage|p2a: Moltres|103\/321
|
|turn|39
|
|move|p2a: Moltres|Fire Blast|p1a: Granbull
|-damage|p1a: Granbull|36\/383
|-damage|p2a: Moltres|71\/321|[from] item: Life Orb
|move|p1a: Granbull|Play Rough|p2a: Moltres|[miss]
|-miss|p1a: Granbull|p2a: Moltres
|
|-heal|p1a: Granbull|59\/383|[from] item: Leftovers
|turn|40
|c|âCOMESTOANEND|WHY
|c|âRoughneck Memes|JUHEIOBFVOXFJDB
|c|âCOMESTOANEND|I DESERVE
|c|âCOMESTOANEND|THE FUCKING
|c|âCOMESTOANEND|WIN
|
|move|p2a: Moltres|Fire Blast|p1a: Granbull|[miss]
|-miss|p2a: Moltres|p1a: Granbull
|move|p1a: Granbull|Play Rough|p2a: Moltres
|-resisted|p2a: Moltres
|-damage|p2a: Moltres|5\/321
|
|-heal|p1a: Granbull|82\/383|[from] item: Leftovers
|turn|41
|c|âCOMESTOANEND|at least
|
|move|p2a: Moltres|Fire Blast|p1a: Granbull|[miss]
|-miss|p2a: Moltres|p1a: Granbull
|move|p1a: Granbull|Earthquake|p2a: Moltres
|-immune|p2a: Moltres|[msg]
|
|-heal|p1a: Granbull|105\/383|[from] item: Leftovers
|turn|42
|c|âRoughneck Memes|oHUIDGHF
|
|move|p2a: Moltres|Fire Blast|p1a: Granbull
|-damage|p1a: Granbull|0 fnt
|-damage|p2a: Moltres|0 fnt|[from] item: Life Orb
|faint|p1a: Granbull
|faint|p2a: Moltres
|
|win|Roughneck Memes
|raw|Ladder updating...
|raw|COMESTOANEND's rating: 1576 &rarr; <strong>1546<\/strong><br \/>(-30 for losing)
|raw|Roughneck Memes's rating: 1391 &rarr; <strong>1421<\/strong><br \/>(+30 for winning)
|leave|COMESTOANEND
|player|p1
|join|LuantheLawnmower
|leave|Sken