|join|COMESTOANEND
|join|AwesomeOSaurus
|player|p1|COMESTOANEND|29
|player|p2|AwesomeOSaurus|124
|gametype|singles
|gen|6
|tier|UU
|rated
|rule|Sleep Clause Mod: Limit one foe put to sleep
|rule|Species Clause: Limit one of each PokÃ©mon
|rule|OHKO Clause: OHKO moves are banned
|rule|Moody Clause: Moody is banned
|rule|Evasion Moves Clause: Evasion moves are banned
|rule|Endless Battle Clause: Forcing endless battles is banned
|rule|HP Percentage Mod: HP is shown in percentages
|clearpoke
|poke|p1|Heracross, M
|poke|p1|Froslass, F
|poke|p1|Swampert, M
|poke|p1|Hydreigon, M
|poke|p1|Aerodactyl, M
|poke|p1|Alakazam, F
|poke|p2|Blastoise, M, shiny
|poke|p2|Galvantula, M
|poke|p2|Florges, F
|poke|p2|Donphan, M
|poke|p2|Darmanitan, F
|poke|p2|Hawlucha, F
|rule|Swagger Clause: Swagger is banned
|rule|Baton Pass Clause: Limit one PokÃ©mon knowing Baton Pass
|teampreview
|c|âCOMESTOANEND|gl
|
|start
|switch|p1a: Froslass|Froslass, F|343\/343
|switch|p2a: Peter|Galvantula, M|281\/281
|turn|1
|c|âAwesomeOSaurus|goodluck
|
|move|p1a: Froslass|Taunt|p2a: Peter
|-start|p2a: Peter|move: Taunt
|move|p2a: Peter|Thunder|p1a: Froslass
|-damage|p1a: Froslass|147\/343
|-start|p2a: Peter|Disable|Thunder
|-status|p1a: Froslass|par
|
|turn|2
|
|move|p2a: Peter|Giga Drain|p1a: Froslass
|-damage|p1a: Froslass|45\/343 par
|move|p1a: Froslass|Spikes|p2a: Peter
|-sidestart|p2: AwesomeOSaurus|Spikes
|
|turn|3
|
|move|p2a: Peter|Giga Drain|p1a: Froslass
|-damage|p1a: Froslass|0 fnt
|faint|p1a: Froslass
|
|-end|p2a: Peter|move: Taunt
|
|switch|p1a: Aerodactyl|Aerodactyl, M|301\/301
|-ability|p1a: Aerodactyl|Unnerve|p2: AwesomeOSaurus
|turn|4
|
|detailschange|p1a: Aerodactyl|Aerodactyl-Mega, M
|message|Aerodactyl has Mega Evolved into Mega Aerodactyl!
|move|p1a: Aerodactyl|Taunt|p2a: Peter
|-start|p2a: Peter|move: Taunt
|cant|p2a: Peter|move: Taunt|Sticky Web
|
|turn|5
|
|move|p1a: Aerodactyl|Aerial Ace|p2a: Peter
|-damage|p2a: Peter|26\/281
|move|p2a: Peter|Giga Drain|p1a: Aerodactyl
|-damage|p1a: Aerodactyl|225\/301
|-heal|p2a: Peter|64\/281|[from] drain|[of] p1a: Aerodactyl
|
|-end|p2a: Peter|Disable
|turn|6
|
|move|p1a: Aerodactyl|Aerial Ace|p2a: Peter
|-damage|p2a: Peter|0 fnt
|faint|p2a: Peter
|
|
|switch|p2a: Tyrone|Blastoise, M, shiny|358\/358
|-damage|p2a: Tyrone|314\/358|[from] Spikes
|turn|7
|
|switch|p1a: Heracross|Heracross, M|301\/301
|detailschange|p2a: Tyrone|Blastoise-Mega, M, shiny
|message|Blastoise has Mega Evolved into Mega Blastoise!
|move|p2a: Tyrone|Water Pulse|p1a: Heracross
|-damage|p1a: Heracross|126\/301
|-start|p1a: Heracross|confusion
|
|turn|8
|
|-activate|p1a: Heracross|confusion
|-damage|p1a: Heracross|66\/301|[from] confusion
|move|p2a: Tyrone|Rapid Spin|p1a: Heracross
|-damage|p1a: Heracross|48\/301
|-sideend|p2: AwesomeOSaurus|Spikes|[from] move: Rapid Spin|[of] p2a: Tyrone
|
|turn|9
|c|âCOMESTOANEND|sfmksajfkdlsjfosdkfljdlg
|
|switch|p2a: Darwin|Donphan, M|384\/384
|-end|p1a: Heracross|confusion
|move|p1a: Heracross|Close Combat|p2a: Darwin
|-damage|p2a: Darwin|245\/384
|-unboost|p1a: Heracross|def|1
|-unboost|p1a: Heracross|spd|1
|
|-heal|p2a: Darwin|269\/384|[from] item: Leftovers
|turn|10
|
|switch|p1a: Swampert|Swampert, M|403\/403
|move|p2a: Darwin|Stealth Rock|p1a: Swampert
|-sidestart|p1: COMESTOANEND|move: Stealth Rock
|
|-heal|p2a: Darwin|293\/384|[from] item: Leftovers
|turn|11
|
|switch|p2a: Tyrone|Blastoise-Mega, M, shiny|314\/358
|move|p1a: Swampert|Stealth Rock|p2a: Tyrone
|-sidestart|p2: AwesomeOSaurus|move: Stealth Rock
|
|turn|12
|
|move|p2a: Tyrone|Water Pulse|p1a: Swampert
|-damage|p1a: Swampert|198\/403
|-start|p1a: Swampert|confusion
|-activate|p1a: Swampert|confusion
|move|p1a: Swampert|Scald|p2a: Tyrone
|-resisted|p2a: Tyrone
|-damage|p2a: Tyrone|278\/358
|
|-heal|p1a: Swampert|223\/403|[from] item: Leftovers
|turn|13
|c|âCOMESTOANEND|20% of confuse
|c|âCOMESTOANEND|2\/2
|c|âCOMESTOANEND|30% of scald
|c|âCOMESTOANEND|0\/1
|
|move|p2a: Tyrone|Water Pulse|p1a: Swampert
|-damage|p1a: Swampert|18\/403
|-activate|p1a: Swampert|confusion
|-damage|p1a: Swampert|0 fnt|[from] confusion
|faint|p1a: Swampert
|
|c|âAwesomeOSaurus|science
|c|âCOMESTOANEND|.......
|
|switch|p1a: Hydreigon|Hydreigon, M|325\/325
|-damage|p1a: Hydreigon|285\/325|[from] Stealth Rock
|turn|14
|
|switch|p2a: Filatio|Florges, F|360\/360
|-damage|p2a: Filatio|315\/360|[from] Stealth Rock
|move|p1a: Hydreigon|U-turn|p2a: Filatio
|-resisted|p2a: Filatio
|-damage|p2a: Filatio|277\/360
|
|switch|p1a: Aerodactyl|Aerodactyl-Mega, M|225\/301
|-damage|p1a: Aerodactyl|150\/301|[from] Stealth Rock
|
|-heal|p2a: Filatio|299\/360|[from] item: Leftovers
|turn|15
|
|switch|p2a: Darwin|Donphan, M|293\/384
|-damage|p2a: Darwin|269\/384|[from] Stealth Rock
|move|p1a: Aerodactyl|Aerial Ace|p2a: Darwin
|-damage|p2a: Darwin|175\/384
|
|-heal|p2a: Darwin|199\/384|[from] item: Leftovers
|turn|16
|
|move|p2a: Darwin|Ice Shard|p1a: Aerodactyl
|-supereffective|p1a: Aerodactyl
|-damage|p1a: Aerodactyl|70\/301
|move|p1a: Aerodactyl|Roost|p1a: Aerodactyl
|-heal|p1a: Aerodactyl|221\/301
|
|-heal|p2a: Darwin|223\/384|[from] item: Leftovers
|turn|17
|c|âCOMESTOANEND|you dont deserve to win
|c|âCOMESTOANEND|you know
|c|âCOMESTOANEND|but
|
|move|p2a: Darwin|Ice Shard|p1a: Aerodactyl
|-supereffective|p1a: Aerodactyl
|-damage|p1a: Aerodactyl|135\/301
|move|p1a: Aerodactyl|Aerial Ace|p2a: Darwin
|-damage|p2a: Darwin|120\/384
|
|-heal|p2a: Darwin|144\/384|[from] item: Leftovers
|turn|18
|
|switch|p1a: Heracross|Heracross, M|48\/301
|-damage|p1a: Heracross|11\/301|[from] Stealth Rock
|move|p2a: Darwin|Earthquake|p1a: Heracross
|-resisted|p1a: Heracross
|-damage|p1a: Heracross|0 fnt
|faint|p1a: Heracross
|
|-heal|p2a: Darwin|168\/384|[from] item: Leftovers
|
|switch|p1a: Hydreigon|Hydreigon, M|285\/325
|-damage|p1a: Hydreigon|245\/325|[from] Stealth Rock
|turn|19
|
|move|p2a: Darwin|Ice Shard|p1a: Hydreigon
|-supereffective|p1a: Hydreigon
|-damage|p1a: Hydreigon|153\/325
|move|p1a: Hydreigon|Dark Pulse|p2a: Darwin
|-damage|p2a: Darwin|0 fnt
|faint|p2a: Darwin
|
|
|switch|p2a: Filatio|Florges, F|299\/360
|-damage|p2a: Filatio|254\/360|[from] Stealth Rock
|turn|20
|
|switch|p1a: Alakazam|Alakazam, F|251\/251
|move|p2a: Filatio|Moonblast|p1a: Alakazam
|-damage|p1a: Alakazam|133\/251
|
|-heal|p2a: Filatio|276\/360|[from] item: Leftovers
|turn|21
|
|move|p1a: Alakazam|Psychic|p2a: Filatio
|-damage|p2a: Filatio|188\/360
|move|p2a: Filatio|Moonblast|p1a: Alakazam
|-damage|p1a: Alakazam|13\/251
|-unboost|p1a: Alakazam|spa|1
|
|-heal|p2a: Filatio|210\/360|[from] item: Leftovers
|turn|22
|c|âCOMESTOANEND|kkkkkkkkkkkkkkkkkkkkkkkkkkkk
|
|move|p1a: Alakazam|Psychic|p2a: Filatio
|-crit|p2a: Filatio
|-damage|p2a: Filatio|74\/360
|move|p2a: Filatio|Moonblast|p1a: Alakazam
|-damage|p1a: Alakazam|0 fnt
|faint|p1a: Alakazam
|
|-heal|p2a: Filatio|96\/360|[from] item: Leftovers
|
|switch|p1a: Aerodactyl|Aerodactyl-Mega, M|135\/301
|-damage|p1a: Aerodactyl|60\/301|[from] Stealth Rock
|turn|23
|
|move|p1a: Aerodactyl|Roost|p1a: Aerodactyl
|-heal|p1a: Aerodactyl|211\/301
|move|p2a: Filatio|Moonblast|p1a: Aerodactyl
|-damage|p1a: Aerodactyl|72\/301
|-unboost|p1a: Aerodactyl|spa|1
|
|-heal|p2a: Filatio|118\/360|[from] item: Leftovers
|turn|24
|
|move|p1a: Aerodactyl|Stone Edge|p2a: Filatio
|-damage|p2a: Filatio|0 fnt
|faint|p2a: Filatio
|
|
|switch|p2a: Tyrone|Blastoise-Mega, M, shiny|278\/358
|-damage|p2a: Tyrone|234\/358|[from] Stealth Rock
|turn|25
|
|move|p1a: Aerodactyl|Stone Edge|p2a: Tyrone
|-damage|p2a: Tyrone|51\/358
|move|p2a: Tyrone|Water Pulse|p1a: Aerodactyl
|-supereffective|p1a: Aerodactyl
|-damage|p1a: Aerodactyl|0 fnt
|faint|p1a: Aerodactyl
|
|c|âCOMESTOANEND|12.5% of crit
|c|âCOMESTOANEND|i feel like I deserved it
|
|switch|p1a: Hydreigon|Hydreigon, M|153\/325
|-damage|p1a: Hydreigon|113\/325|[from] Stealth Rock
|turn|26
|
|move|p1a: Hydreigon|Dark Pulse|p2a: Tyrone
|-damage|p2a: Tyrone|0 fnt
|faint|p2a: Tyrone
|
|c|âCOMESTOANEND|btw
|c|âCOMESTOANEND|flinch
|c|âCOMESTOANEND|if game
|
|switch|p2a: Choncho|Hawlucha, F|360\/360
|-damage|p2a: Choncho|315\/360|[from] Stealth Rock
|turn|27
|c|âCOMESTOANEND|is fair
|c|âCOMESTOANEND|I'll flinch you to death
|
|move|p1a: Hydreigon|Dark Pulse|p2a: Choncho
|-resisted|p2a: Choncho
|-damage|p2a: Choncho|254\/360
|move|p2a: Choncho|Power-Up Punch|p1a: Hydreigon
|-crit|p1a: Hydreigon
|-supereffective|p1a: Hydreigon
|-damage|p1a: Hydreigon|0 fnt
|-boost|p2a: Choncho|atk|1
|faint|p1a: Hydreigon
|
|win|AwesomeOSaurus
|raw|Ladder updating...
|raw|COMESTOANEND's rating: 1564 &rarr; <strong>1533<\/strong><br \/>(-31 for losing)
|raw|AwesomeOSaurus's rating: 1359 &rarr; <strong>1390<\/strong><br \/>(+31 for winning)
|c|âCOMESTOANEND|but
|c|âCOMESTOANEND|it isnt
|leave|COMESTOANEND
|player|p1
|c|âAwesomeOSaurus|;)