|join|nur test
|join|COMESTOANEND
|player|p1|nur test|169
|player|p2|COMESTOANEND|51
|gametype|singles
|gen|6
|tier|UU
|rated
|rule|Sleep Clause Mod: Limit one foe put to sleep
|rule|Species Clause: Limit one of each PokÃ©mon
|rule|OHKO Clause: OHKO moves are banned
|rule|Moody Clause: Moody is banned
|rule|Evasion Moves Clause: Evasion moves are banned
|rule|Endless Battle Clause: Forcing endless battles is banned
|rule|HP Percentage Mod: HP is reported as percentages
|clearpoke
|poke|p1|Azelf
|poke|p1|Chandelure, F
|poke|p1|Mew
|poke|p1|Hydreigon, M
|poke|p1|Swampert, F
|poke|p1|Roserade, F
|poke|p2|Sharpedo, M
|poke|p2|Noivern, F
|poke|p2|Infernape, F
|poke|p2|Roserade, M
|poke|p2|Sableye, M
|poke|p2|Swampert, M
|rule|Swagger Clause: Swagger is banned
|rule|Baton Pass Clause: Limit one PokÃ©mon knowing Baton Pass
|teampreview
|
|start
|switch|p1a: high level|Roserade, F|261\/261
|switch|p2a: Sableye|Sableye, M|299\/299
|turn|1
|
|move|p2a: Sableye|Taunt|p1a: high level
|-start|p1a: high level|move: Taunt
|move|p1a: high level|Sludge Bomb|p2a: Sableye
|-resisted|p2a: Sableye
|-damage|p2a: Sableye|223\/299
|
|-heal|p2a: Sableye|241\/299|[from] item: Leftovers
|turn|2
|
|move|p1a: high level|Giga Drain|p2a: Sableye
|-crit|p2a: Sableye
|-damage|p2a: Sableye|54\/299
|move|p2a: Sableye|Knock Off|p1a: high level
|-damage|p1a: high level|143\/261
|-enditem|p1a: high level|Leftovers|[from] move: Knock Off|[of] p2a: Sableye
|
|-heal|p2a: Sableye|72\/299|[from] item: Leftovers
|turn|3
|
|move|p2a: Sableye|Recover|p2a: Sableye
|-heal|p2a: Sableye|222\/299
|move|p1a: high level|Giga Drain|p2a: Sableye
|-damage|p2a: Sableye|89\/299
|-heal|p1a: high level|210\/261|[from] drain|[of] p2a: Sableye
|
|-heal|p2a: Sableye|107\/299|[from] item: Leftovers
|-end|p1a: high level|move: Taunt
|turn|4
|
|move|p2a: Sableye|Recover|p2a: Sableye
|-heal|p2a: Sableye|257\/299
|move|p1a: high level|Giga Drain|p2a: Sableye
|-damage|p2a: Sableye|130\/299
|-heal|p1a: high level|261\/261|[from] drain|[of] p2a: Sableye
|
|-heal|p2a: Sableye|148\/299|[from] item: Leftovers
|turn|5
|
|switch|p2a: Noivern|Noivern, F|327\/327
|move|p1a: high level|Leech Seed|p2a: Noivern
|-start|p2a: Noivern|move: Leech Seed
|
|-damage|p2a: Noivern|287\/327|[from] Leech Seed|[of] p1a: high level
|turn|6
|
|move|p2a: Noivern|Draco Meteor|p1a: high level
|-damage|p1a: high level|4\/261
|-unboost|p2a: Noivern|spa|2
|-damage|p2a: Noivern|255\/327|[from] item: Life Orb
|move|p1a: high level|Sludge Bomb|p2a: Noivern
|-damage|p2a: Noivern|51\/327
|
|-damage|p2a: Noivern|11\/327|[from] Leech Seed|[of] p1a: high level
|-heal|p1a: high level|44\/261|[silent]
|turn|7
|
|switch|p1a: godlike|Swampert, F|404\/404
|move|p2a: Noivern|Roost|p2a: Noivern
|-heal|p2a: Noivern|175\/327
|
|-damage|p2a: Noivern|135\/327|[from] Leech Seed|[of] p1a: godlike
|turn|8
|
|move|p2a: Noivern|Taunt|p1a: godlike
|-start|p1a: godlike|move: Taunt
|cant|p1a: godlike|move: Taunt|Stealth Rock
|
|-damage|p2a: Noivern|95\/327|[from] Leech Seed|[of] p1a: godlike
|turn|9
|
|switch|p2a: Roserade|Roserade, M|261\/261
|switch|p1a: health is overrate|Chandelure, F|323\/323
|
|turn|10
|
|switch|p2a: Swampert|Swampert, M|401\/401
|move|p1a: health is overrate|Overheat|p2a: Swampert
|-resisted|p2a: Swampert
|-damage|p2a: Swampert|194\/401
|-unboost|p1a: health is overrate|spa|2
|
|-heal|p2a: Swampert|219\/401|[from] item: Leftovers
|turn|11
|
|switch|p1a: friends of jokes|Mew|403\/403
|move|p2a: Swampert|Stealth Rock|p1a: friends of jokes
|-sidestart|p1: nur test|move: Stealth Rock
|
|-heal|p2a: Swampert|244\/401|[from] item: Leftovers
|turn|12
|
|switch|p2a: Sableye|Sableye, M|148\/299
|move|p1a: friends of jokes|Will-O-Wisp|p2a: Sableye
|-status|p2a: Sableye|brn
|
|-heal|p2a: Sableye|166\/299 brn|[from] item: Leftovers
|-damage|p2a: Sableye|129\/299 brn|[from] brn
|turn|13
|
|switch|p1a: high level|Roserade, F|44\/261
|-damage|p1a: high level|12\/261|[from] Stealth Rock
|move|p2a: Sableye|Recover|p2a: Sableye
|-heal|p2a: Sableye|279\/299 brn
|
|-heal|p2a: Sableye|297\/299 brn|[from] item: Leftovers
|-damage|p2a: Sableye|260\/299 brn|[from] brn
|turn|14
|
|move|p1a: high level|Giga Drain|p2a: Sableye
|-damage|p2a: Sableye|134\/299 brn
|-heal|p1a: high level|75\/261|[from] drain|[of] p2a: Sableye
|move|p2a: Sableye|Knock Off|p1a: high level
|-damage|p1a: high level|32\/261
|
|-heal|p2a: Sableye|152\/299 brn|[from] item: Leftovers
|-damage|p2a: Sableye|115\/299 brn|[from] brn
|turn|15
|
|switch|p2a: Infernape|Infernape, F|293\/293
|move|p1a: high level|Giga Drain|p2a: Infernape
|-resisted|p2a: Infernape
|-damage|p2a: Infernape|203\/293
|-heal|p1a: high level|77\/261|[from] drain|[of] p2a: Infernape
|
|turn|16
|
|switch|p2a: Sharpedo|Sharpedo, M|281\/281
|switch|p1a: godlike|Swampert, F|404\/404
|-damage|p1a: godlike|379\/404|[from] Stealth Rock
|
|-heal|p1a: godlike|404\/404|[from] item: Leftovers
|turn|17
|
|switch|p2a: Roserade|Roserade, M|261\/261
|move|p1a: godlike|Stealth Rock|p2a: Roserade
|-sidestart|p2: COMESTOANEND|move: Stealth Rock
|
|turn|18
|
|switch|p1a: freedom is bliss|Azelf|291\/291
|-damage|p1a: freedom is bliss|255\/291|[from] Stealth Rock
|move|p2a: Roserade|Toxic Spikes|p1a: freedom is bliss
|-sidestart|p1: nur test|move: Toxic Spikes
|
|turn|19
|
|switch|p2a: Sharpedo|Sharpedo, M|281\/281
|-damage|p2a: Sharpedo|246\/281|[from] Stealth Rock
|move|p1a: freedom is bliss|U-turn|p2a: Sharpedo
|-supereffective|p2a: Sharpedo
|-damage|p2a: Sharpedo|0 fnt
|faint|p2a: Sharpedo
|
|switch|p1a: comic|Hydreigon, M|325\/325
|-damage|p1a: comic|285\/325|[from] Stealth Rock
|
|
|switch|p2a: Sableye|Sableye, M|115\/299 brn
|-damage|p2a: Sableye|78\/299 brn|[from] Stealth Rock
|turn|20
|
|move|p2a: Sableye|Will-O-Wisp|p1a: comic
|-status|p1a: comic|brn
|move|p1a: comic|Dark Pulse|p2a: Sableye
|-damage|p2a: Sableye|0 fnt
|faint|p2a: Sableye
|
|-damage|p1a: comic|245\/325 brn|[from] brn
|
|switch|p2a: Infernape|Infernape, F|203\/293
|-damage|p2a: Infernape|167\/293|[from] Stealth Rock
|turn|21
|
|switch|p1a: friends of jokes|Mew|403\/403
|-status|p1a: friends of jokes|psn
|-damage|p1a: friends of jokes|353\/403 psn|[from] Stealth Rock
|move|p2a: Infernape|Close Combat|p1a: friends of jokes
|-resisted|p1a: friends of jokes
|-damage|p1a: friends of jokes|252\/403 psn
|-unboost|p2a: Infernape|def|1
|-unboost|p2a: Infernape|spd|1
|-damage|p2a: Infernape|138\/293|[from] item: Life Orb
|
|-heal|p1a: friends of jokes|277\/403 psn|[from] item: Leftovers
|-damage|p1a: friends of jokes|227\/403 psn|[from] psn
|turn|22
|
|move|p2a: Infernape|Flare Blitz|p1a: friends of jokes
|-damage|p1a: friends of jokes|28\/403 psn
|-damage|p2a: Infernape|72\/293|[from] recoil|[of] p1a: friends of jokes
|-damage|p2a: Infernape|43\/293|[from] item: Life Orb
|move|p1a: friends of jokes|Defog|p2a: Infernape
|-unboost|p2a: Infernape|evasion|1
|-sideend|p2: COMESTOANEND|Stealth Rock|[from] move: Defog|[of] p2a: Infernape
|-sideend|p1: nur test|Toxic Spikes|[from] move: Defog|[of] p1a: friends of jokes
|-sideend|p1: nur test|Stealth Rock|[from] move: Defog|[of] p1a: friends of jokes
|
|-heal|p1a: friends of jokes|53\/403 psn|[from] item: Leftovers
|-damage|p1a: friends of jokes|3\/403 psn|[from] psn
|turn|23
|
|move|p2a: Infernape|Close Combat|p1a: friends of jokes
|-resisted|p1a: friends of jokes
|-damage|p1a: friends of jokes|0 fnt
|-unboost|p2a: Infernape|def|1
|-unboost|p2a: Infernape|spd|1
|-damage|p2a: Infernape|14\/293|[from] item: Life Orb
|faint|p1a: friends of jokes
|
|
|switch|p1a: freedom is bliss|Azelf|255\/291
|turn|24
|
|switch|p2a: Swampert|Swampert, M|244\/401
|move|p1a: freedom is bliss|Zen Headbutt|p2a: Swampert|[miss]
|-miss|p1a: freedom is bliss|p2a: Swampert
|
|-heal|p2a: Swampert|269\/401|[from] item: Leftovers
|turn|25
|
|move|p1a: freedom is bliss|Zen Headbutt|p2a: Swampert
|-damage|p2a: Swampert|100\/401
|move|p2a: Swampert|Stealth Rock|p1a: freedom is bliss
|-sidestart|p1: nur test|move: Stealth Rock
|
|-heal|p2a: Swampert|125\/401|[from] item: Leftovers
|turn|26
|
|move|p1a: freedom is bliss|Zen Headbutt|p2a: Swampert
|-crit|p2a: Swampert
|-damage|p2a: Swampert|0 fnt
|faint|p2a: Swampert
|
|
|switch|p2a: Noivern|Noivern, F|95\/327
|turn|27
|
|move|p2a: Noivern|Draco Meteor|p1a: freedom is bliss
|-damage|p1a: freedom is bliss|0 fnt
|-unboost|p2a: Noivern|spa|2
|-damage|p2a: Noivern|63\/327|[from] item: Life Orb
|faint|p1a: freedom is bliss
|
|
|switch|p1a: health is overrate|Chandelure, F|323\/323
|-damage|p1a: health is overrate|243\/323|[from] Stealth Rock
|turn|28
|
|switch|p2a: Infernape|Infernape, F|14\/293
|move|p1a: health is overrate|Shadow Ball|p2a: Infernape
|-damage|p2a: Infernape|0 fnt
|faint|p2a: Infernape
|
|
|switch|p2a: Roserade|Roserade, M|261\/261
|turn|29
|
|move|p2a: Roserade|Sludge Bomb|p1a: health is overrate
|-resisted|p1a: health is overrate
|-damage|p1a: health is overrate|130\/323
|-damage|p2a: Roserade|235\/261|[from] item: Life Orb
|move|p1a: health is overrate|Shadow Ball|p2a: Roserade
|-crit|p2a: Roserade
|-damage|p2a: Roserade|0 fnt
|faint|p2a: Roserade
|
|
|switch|p2a: Noivern|Noivern, F|63\/327
|turn|30
|
|move|p2a: Noivern|Roost|p2a: Noivern
|-heal|p2a: Noivern|227\/327
|move|p1a: health is overrate|Shadow Ball|p2a: Noivern
|-damage|p2a: Noivern|0 fnt
|faint|p2a: Noivern
|
|win|nur test
|raw|Ladder updating...
|raw|nur test's rating: 1473 &rarr; <strong>1494<\/strong><br \/>(+21 for winning)
|raw|COMESTOANEND's rating: 1491 &rarr; <strong>1470<\/strong><br \/>(-21 for losing)
|leave|COMESTOANEND
|player|p2
|leave|nur test
|player|p1