|join|COMESTOANEND
|join|strafesta
|player|p1|COMESTOANEND|168
|player|p2|strafesta|157
|gametype|singles
|gen|6
|tier|UU
|rated
|rule|Sleep Clause Mod: Limit one foe put to sleep
|rule|Species Clause: Limit one of each PokÃ©mon
|rule|OHKO Clause: OHKO moves are banned
|rule|Moody Clause: Moody is banned
|rule|Evasion Moves Clause: Evasion moves are banned
|rule|Endless Battle Clause: Forcing endless battles is banned
|rule|HP Percentage Mod: HP is shown in percentages
|clearpoke
|poke|p1|Beedrill, F
|poke|p1|Raikou
|poke|p1|Vaporeon, M
|poke|p1|Celebi
|poke|p1|Forretress, F
|poke|p1|Hydreigon, M
|poke|p2|Lucario, M
|poke|p2|Hydreigon, M
|poke|p2|Ampharos, M
|poke|p2|Crobat, M
|poke|p2|Azelf
|poke|p2|Darmanitan, M
|rule|Swagger Clause: Swagger is banned
|rule|Baton Pass Clause: Limit one PokÃ©mon knowing Baton Pass
|teampreview
|
|start
|switch|p1a: Raikou|Raikou|322\/322
|switch|p2a: Azelf|Azelf|291\/291
|-ability|p1a: Raikou|Pressure
|turn|1
|
|move|p1a: Raikou|Volt Switch|p2a: Azelf
|-damage|p2a: Azelf|72\/291
|
|switch|p1a: Hydreigon|Hydreigon, M|325\/325
|move|p2a: Azelf|Stealth Rock|p1a: Hydreigon
|-sidestart|p1: COMESTOANEND|move: Stealth Rock
|
|turn|2
|
|move|p1a: Hydreigon|Dark Pulse|p2a: Azelf
|-supereffective|p2a: Azelf
|-damage|p2a: Azelf|0 fnt
|faint|p2a: Azelf
|
|
|switch|p2a: Lucario|Lucario, M|281\/281
|turn|3
|
|switch|p1a: Celebi|Celebi|357\/357
|-damage|p1a: Celebi|313\/357|[from] Stealth Rock
|move|p2a: Lucario|Swords Dance|p2a: Lucario
|-boost|p2a: Lucario|atk|2
|
|-heal|p1a: Celebi|335\/357|[from] item: Leftovers
|turn|4
|
|move|p1a: Celebi|Psychic|p2a: Lucario
|-damage|p2a: Lucario|118\/281
|move|p2a: Lucario|Crunch|p1a: Celebi
|-supereffective|p1a: Celebi
|-damage|p1a: Celebi|0 fnt
|-damage|p2a: Lucario|90\/281|[from] item: Life Orb
|faint|p1a: Celebi
|
|
|switch|p1a: Forretress|Forretress, F|354\/354
|-damage|p1a: Forretress|310\/354|[from] Stealth Rock
|turn|5
|
|move|p2a: Lucario|Close Combat|p1a: Forretress
|-damage|p1a: Forretress|0 fnt
|-unboost|p2a: Lucario|def|1
|-unboost|p2a: Lucario|spd|1
|-damage|p2a: Lucario|62\/281|[from] item: Life Orb
|faint|p1a: Forretress
|
|
|switch|p1a: Hydreigon|Hydreigon, M|325\/325
|-damage|p1a: Hydreigon|285\/325|[from] Stealth Rock
|turn|6
|
|move|p2a: Lucario|Extreme Speed|p1a: Hydreigon
|-damage|p1a: Hydreigon|0 fnt
|-damage|p2a: Lucario|34\/281|[from] item: Life Orb
|faint|p1a: Hydreigon
|
|c|âCOMESTOANEND|im too lucario weak rofl
|c|âCOMESTOANEND|ggg
|-message|COMESTOANEND forfeited.
|
|win|strafesta
|raw|Ladder updating...
|c|âstrafesta|xd
|raw|COMESTOANEND's rating: 1548 &rarr; <strong>1521<\/strong><br \/>(-27 for losing)
|raw|strafesta's rating: 1422 &rarr; <strong>1449<\/strong><br \/>(+27 for winning)
|c|âstrafesta|gg
|leave|COMESTOANEND
|player|p1