|join|Adil
|join|BrB 018
|player|p1|Adil|1
|player|p2|BrB 018|192
|gametype|singles
|gen|6
|tier|UU
|rated
|rule|Sleep Clause Mod: Limit one foe put to sleep
|rule|Species Clause: Limit one of each PokÃ©mon
|rule|OHKO Clause: OHKO moves are banned
|rule|Moody Clause: Moody is banned
|rule|Evasion Moves Clause: Evasion moves are banned
|rule|Endless Battle Clause: Forcing endless battles is banned
|rule|HP Percentage Mod: HP is shown in percentages
|clearpoke
|poke|p1|Gallade, M
|poke|p1|Suicune
|poke|p1|Zygarde
|poke|p1|Hydreigon, M
|poke|p1|Blissey, F
|poke|p1|Starmie
|poke|p2|Pidgeot, M
|poke|p2|Krookodile, M
|poke|p2|Jirachi
|poke|p2|Nidoqueen, F
|poke|p2|Starmie
|poke|p2|Machamp, F
|rule|Swagger Clause: Swagger is banned
|rule|Baton Pass Clause: Limit one PokÃ©mon knowing Baton Pass
|teampreview
|join|Grenoonja
|
|start
|switch|p1a: Hydreigon|Hydreigon, M|325\/325
|switch|p2a: Pidgeot|Pidgeot, M|307\/307
|turn|1
|
|detailschange|p2a: Pidgeot|Pidgeot-Mega, M
|message|Pidgeot has Mega Evolved into Mega Pidgeot!
|move|p2a: Pidgeot|U-turn|p1a: Hydreigon
|-supereffective|p1a: Hydreigon
|-damage|p1a: Hydreigon|233\/325
|
|switch|p2a: Jirachi|Jirachi|341\/341
|move|p1a: Hydreigon|Draco Meteor|p2a: Jirachi
|-resisted|p2a: Jirachi
|-damage|p2a: Jirachi|197\/341
|-unboost|p1a: Hydreigon|spa|2
|-damage|p1a: Hydreigon|201\/325|[from] item: Life Orb
|
|turn|2
|c|âAdil|omf they got the new sprites
|c|âBrB 018|yup
|
|switch|p1a: Zygarde|Zygarde|407\/407
|-ability|p1a: Zygarde|Aura Break
|move|p2a: Jirachi|U-turn|p1a: Zygarde
|-damage|p1a: Zygarde|348\/407
|
|switch|p2a: Machamp|Machamp, F|360\/360
|
|-heal|p1a: Zygarde|373\/407|[from] item: Leftovers
|turn|3
|
|switch|p1a: Suicune|Suicune|403\/403
|-ability|p1a: Suicune|Pressure
|move|p2a: Machamp|Knock Off|p1a: Suicune
|-damage|p1a: Suicune|323\/403
|-enditem|p1a: Suicune|Leftovers|[from] move: Knock Off|[of] p2a: Machamp
|
|turn|4
|
|switch|p1a: Gallade|Gallade, M|277\/277
|switch|p2a: Jirachi|Jirachi|197\/341
|
|turn|5
|
|detailschange|p1a: Gallade|Gallade-Mega, M
|message|Gallade has Mega Evolved into Mega Gallade!
|move|p2a: Jirachi|Iron Head|p1a: Gallade
|-damage|p1a: Gallade|156\/277
|move|p1a: Gallade|Knock Off|p2a: Jirachi
|-supereffective|p2a: Jirachi
|-damage|p2a: Jirachi|0 fnt
|-enditem|p2a: Jirachi|Choice Scarf|[from] move: Knock Off|[of] p1a: Gallade
|faint|p2a: Jirachi
|
|c| Grenoonja|omf
|c| Grenoonja|inner focus
|c| Grenoonja|\o\/
|c|âAdil|\o\/
|c|âBrB 018|gdi
|c| Grenoonja|LEL
|
|switch|p2a: Pidgeot|Pidgeot-Mega, M|307\/307
|turn|6
|c|âAdil|hes gonna u turn
|c|âAdil|im staying in e.e
|
|switch|p1a: Blissey|Blissey, F|714\/714
|move|p2a: Pidgeot|U-turn|p1a: Blissey
|-damage|p1a: Blissey|642\/714
|c|âAdil|fk u
|c|âBrB 018|lel
|c|âBrB 018|ez
|c| Grenoonja|that's why you stay in when you're saying you stay in
|c|âAdil|e.e
|c|âBrB 018|^
|
|switch|p2a: Krookodile|Krookodile, M|331\/331
|-ability|p2a: Krookodile|Intimidate|[of] p1a: Blissey
|-unboost|p1a: Blissey|atk|1
|
|-heal|p1a: Blissey|686\/714|[from] item: Leftovers
|turn|7
|c| Grenoonja|and also
|c| Grenoonja|â°( Â°ã¸Â° )ã¤âââ*:ã»ï¾Copius Pasterinus!
|c|âAdil|hes gonna pursuit e.e
|
|move|p2a: Krookodile|Pursuit|p1a: Blissey|[from]Pursuit
|-damage|p1a: Blissey|337\/714
|switch|p1a: Suicune|Suicune|323\/403
|-ability|p1a: Suicune|Pressure
|
|turn|8
|c|âAdil|fk u
|c|âBrB 018|HUE
|c| Grenoonja|if you're gonna predict
|c| Grenoonja|stay in
|c|âAdil|stfu
|
|switch|p2a: Machamp|Machamp, F|360\/360
|switch|p1a: Blissey|Blissey, F|337\/714
|
|-heal|p1a: Blissey|381\/714|[from] item: Leftovers
|turn|9
|c|âBrB 018|PLSYD
|c|âAdil|e.e
|c|âBrB 018|PLAYS
|c|âAdil|gj
|c| Grenoonja|S.S. Rekt
|
|switch|p1a: Suicune|Suicune|323\/403
|-ability|p1a: Suicune|Pressure
|move|p2a: Machamp|Dynamic Punch|p1a: Suicune
|-damage|p1a: Suicune|197\/403
|-start|p1a: Suicune|confusion
|
|turn|10
|c|âBrB 018|mfw bulk
|
|-activate|p1a: Suicune|confusion
|-damage|p1a: Suicune|184\/403|[from] confusion
|move|p2a: Machamp|Dynamic Punch|p1a: Suicune
|-damage|p1a: Suicune|52\/403
|
|turn|11
|
|-activate|p1a: Suicune|confusion
|-damage|p1a: Suicune|41\/403|[from] confusion
|move|p2a: Machamp|Dynamic Punch|p1a: Suicune
|-damage|p1a: Suicune|0 fnt
|faint|p1a: Suicune
|
|c|âAdil|DEWBHKDFERHK
|c|âBrB 018|oh
|c|âBrB 018|i apologise
|c|âBrB 018|or do i o.O
|c|âAdil|e.e
|
|switch|p1a: Gallade|Gallade-Mega, M|156\/277
|turn|12
|
|switch|p2a: Nidoqueen|Nidoqueen, F|331\/331
|move|p1a: Gallade|Swords Dance|p1a: Gallade
|-boost|p1a: Gallade|atk|2
|
|turn|13
|c|âAdil|\o\/
|c|âBrB 018|oh
|c| Grenoonja|adil you're getting rekt by a person with 1325 rating
|c|âAdil|fk u
|
|move|p1a: Gallade|Zen Headbutt|p2a: Nidoqueen
|-supereffective|p2a: Nidoqueen
|-damage|p2a: Nidoqueen|0 fnt
|faint|p2a: Nidoqueen
|
|c|âBrB 018|mfw
|join|wittle leo
|c|âBrB 018|im new man
|
|switch|p2a: Pidgeot|Pidgeot-Mega, M|307\/307
|turn|14
|c| Grenoonja|yeah
|c|âAdil|hes gonnau turn
|c|âAdil|* u turn
|c|âAdil|im staying in e.e
|c| Grenoonja|you're making plays against a "veteran" player
|
|move|p2a: Pidgeot|Hurricane|p1a: Gallade
|-supereffective|p1a: Gallade
|-damage|p1a: Gallade|0 fnt
|faint|p1a: Gallade
|
|c|âAdil|AGTUYKHJNFDSGERSJHFDK
|c|âAdil|FK U
|c| Grenoonja|LOL
|c|âBrB 018|HUE
|c|âBrB 018|YAS
|c| Grenoonja|the 50\/50's
|
|switch|p1a: Blissey|Blissey, F|381\/714
|turn|15
|c| Grenoonja|so hard
|c|âBrB 018|LEL
|
|move|p2a: Pidgeot|U-turn|p1a: Blissey
|-damage|p1a: Blissey|302\/714
|
|switch|p2a: Machamp|Machamp, F|360\/360
|move|p1a: Blissey|Soft-Boiled|p1a: Blissey
|-heal|p1a: Blissey|659\/714
|
|-heal|p1a: Blissey|703\/714|[from] item: Leftovers
|turn|16
|
|switch|p1a: Starmie|Starmie|324\/324
|move|p2a: Machamp|Knock Off|p1a: Starmie
|-supereffective|p1a: Starmie
|-damage|p1a: Starmie|52\/324
|-enditem|p1a: Starmie|Leftovers|[from] move: Knock Off|[of] p2a: Machamp
|
|turn|17
|c|âBrB 018|im on fire
|c|âAdil|inb4 burn
|
|move|p1a: Starmie|Scald|p2a: Machamp
|-damage|p2a: Machamp|290\/360
|-status|p2a: Machamp|brn
|move|p2a: Machamp|Knock Off|p1a: Starmie
|-supereffective|p1a: Starmie
|-damage|p1a: Starmie|0 fnt
|faint|p1a: Starmie
|
|-damage|p2a: Machamp|245\/360 brn|[from] brn
|c|âBrB 018|UCK
|c| wittle leo|was an obvious switch
|c|âBrB 018|DFDSFSD
|c|âBrB 018|FSDFS
|c|âAdil|kek
|
|switch|p1a: Zygarde|Zygarde|373\/407
|-ability|p1a: Zygarde|Aura Break
|turn|18
|c| Grenoonja|nice 30%
|c| Grenoonja|coil set up
|c| Grenoonja|incoming
|c|âAdil|âBrB 018: im on fire
|c|âAdil|you said it
|c|âAdil|not me
|
|move|p1a: Zygarde|Substitute|p1a: Zygarde
|-start|p1a: Zygarde|Substitute
|-damage|p1a: Zygarde|272\/407
|move|p2a: Machamp|Ice Punch|p1a: Zygarde
|-supereffective|p1a: Zygarde
|-end|p1a: Zygarde|Substitute
|
|-heal|p1a: Zygarde|297\/407|[from] item: Leftovers
|-damage|p2a: Machamp|200\/360 brn|[from] brn
|turn|19
|c|âBrB 018|mfw
|c| Grenoonja|LOL
|c| Grenoonja|wp adil
|
|move|p1a: Zygarde|Coil|p1a: Zygarde
|-boost|p1a: Zygarde|atk|1
|-boost|p1a: Zygarde|def|1
|-boost|p1a: Zygarde|accuracy|1
|move|p2a: Machamp|Ice Punch|p1a: Zygarde
|-supereffective|p1a: Zygarde
|-damage|p1a: Zygarde|193\/407
|
|-heal|p1a: Zygarde|218\/407|[from] item: Leftovers
|-damage|p2a: Machamp|155\/360 brn|[from] brn
|turn|20
|c|âBrB 018|oh shit
|c| Grenoonja|mfw i said coil set up
|
|move|p1a: Zygarde|Earthquake|p2a: Machamp
|-damage|p2a: Machamp|0 fnt
|faint|p2a: Machamp
|
|-heal|p1a: Zygarde|243\/407|[from] item: Leftovers
|c| Grenoonja|>oh shit
|c| wittle leo|hurricane tho
|
|switch|p2a: Pidgeot|Pidgeot-Mega, M|307\/307
|turn|21
|c|âAdil|hurricane does like 30%
|
|move|p2a: Pidgeot|Hurricane|p1a: Zygarde
|-damage|p1a: Zygarde|102\/407
|move|p1a: Zygarde|Dragon Tail|p2a: Pidgeot
|-damage|p2a: Pidgeot|180\/307
|drag|p2a: Starmie|Starmie|261\/261
|
|-heal|p1a: Zygarde|127\/407|[from] item: Leftovers
|turn|22
|c|âBrB 018|MWFWFW
|
|switch|p1a: Blissey|Blissey, F|703\/714
|move|p2a: Starmie|Scald|p1a: Blissey
|-damage|p1a: Blissey|606\/714
|
|-heal|p1a: Blissey|650\/714|[from] item: Leftovers
|turn|23
|c| wittle leo|what a shitty mega
|c|âAdil|kek
|
|switch|p2a: Krookodile|Krookodile, M|331\/331
|-ability|p2a: Krookodile|Intimidate|[of] p1a: Blissey
|-unboost|p1a: Blissey|atk|1
|move|p1a: Blissey|Toxic|p2a: Krookodile
|-status|p2a: Krookodile|tox
|
|-heal|p1a: Blissey|694\/714|[from] item: Leftovers
|-damage|p2a: Krookodile|311\/331 tox|[from] psn
|turn|24
|c|âBrB 018|mfw
|c|âAdil|hes gonna pursuit
|c|âAdil|idec
|c|âAdil|im staying in
|
|switch|p1a: Zygarde|Zygarde|127\/407
|-ability|p1a: Zygarde|Aura Break
|move|p2a: Krookodile|Superpower|p1a: Zygarde
|-damage|p1a: Zygarde|0 fnt
|-unboost|p2a: Krookodile|atk|1
|-unboost|p2a: Krookodile|def|1
|faint|p1a: Zygarde
|
|-damage|p2a: Krookodile|271\/331 tox|[from] psn
|c|âAdil|kek
|c|âBrB 018|LEL
|
|switch|p1a: Hydreigon|Hydreigon, M|201\/325
|turn|25
|
|switch|p2a: Starmie|Starmie|261\/261
|move|p1a: Hydreigon|Draco Meteor|p2a: Starmie
|-damage|p2a: Starmie|0 fnt
|-unboost|p1a: Hydreigon|spa|2
|-damage|p1a: Hydreigon|169\/325|[from] item: Life Orb
|faint|p2a: Starmie
|
|c| Grenoonja|wtf
|c| Grenoonja|that's LO
|
|switch|p2a: Krookodile|Krookodile, M|271\/331 tox
|-ability|p2a: Krookodile|Intimidate|[of] p1a: Hydreigon
|-unboost|p1a: Hydreigon|atk|1
|turn|26
|
|move|p1a: Hydreigon|Superpower|p2a: Krookodile
|-supereffective|p2a: Krookodile
|-damage|p2a: Krookodile|76\/331 tox
|-unboost|p1a: Hydreigon|atk|1
|-unboost|p1a: Hydreigon|def|1
|-damage|p1a: Hydreigon|137\/325|[from] item: Life Orb
|move|p2a: Krookodile|Superpower|p1a: Hydreigon
|-supereffective|p1a: Hydreigon
|-damage|p1a: Hydreigon|0 fnt
|-unboost|p2a: Krookodile|atk|1
|-unboost|p2a: Krookodile|def|1
|faint|p1a: Hydreigon
|
|-damage|p2a: Krookodile|56\/331 tox|[from] psn
|
|switch|p1a: Blissey|Blissey, F|694\/714
|turn|27
|c|âBrB 018|o
|
|switch|p2a: Pidgeot|Pidgeot-Mega, M|180\/307
|move|p1a: Blissey|Seismic Toss|p2a: Pidgeot
|-damage|p2a: Pidgeot|80\/307
|
|-heal|p1a: Blissey|714\/714|[from] item: Leftovers
|turn|28
|c| Grenoonja|o shet
|
|move|p2a: Pidgeot|Hurricane|p1a: Blissey
|-damage|p1a: Blissey|545\/714
|move|p1a: Blissey|Toxic|p2a: Pidgeot
|-status|p2a: Pidgeot|tox
|
|-heal|p1a: Blissey|589\/714|[from] item: Leftovers
|-damage|p2a: Pidgeot|61\/307 tox|[from] psn
|turn|29
|c| Grenoonja|misplay? o_o
|
|move|p2a: Pidgeot|Hurricane|p1a: Blissey
|-damage|p1a: Blissey|420\/714
|move|p1a: Blissey|Soft-Boiled|p1a: Blissey
|-heal|p1a: Blissey|714\/714
|
|-damage|p2a: Pidgeot|23\/307 tox|[from] psn
|turn|30
|join|Cranham AFK
|c|âBrB 018|think so o.O
|c| Grenoonja|no roost?
|c| Grenoonja|gtfo cran
|
|move|p2a: Pidgeot|Hurricane|p1a: Blissey
|-damage|p1a: Blissey|561\/714
|-start|p1a: Blissey|confusion
|-activate|p1a: Blissey|confusion
|move|p1a: Blissey|Soft-Boiled|p1a: Blissey
|-heal|p1a: Blissey|714\/714
|
|-damage|p2a: Pidgeot|0 fnt|[from] psn
|faint|p2a: Pidgeot
|c| Grenoonja|we're watching adil suck
|c|âAdil|fk u
|c|âAdil|ok
|
|switch|p2a: Krookodile|Krookodile, M|56\/331 tox
|-ability|p2a: Krookodile|Intimidate|[of] p1a: Blissey
|-unboost|p1a: Blissey|atk|1
|turn|31
|c| Grenoonja|knock off pls
|c|âAdil|252 Atk Choice Band Krookodile Superpower vs. 252 HP \/ 252+ Def Blissey: 658-776 (92.1 - 108.6%) -- 50% chance to OHKO
|c|âAdil|ok
|c|âAdil|min max
|c|âBrB 018|SHIT
|c|âAdil|dont fail me
|
|move|p2a: Krookodile|Superpower|p1a: Blissey
|-supereffective|p1a: Blissey
|-damage|p1a: Blissey|0 fnt
|-unboost|p2a: Krookodile|atk|1
|-unboost|p2a: Krookodile|def|1
|faint|p1a: Blissey
|
|win|BrB 018
|raw|Ladder updating...
|c| Grenoonja|LOL
|c|âAdil|fk u
|c|âBrB 018|YASD
|c|âBrB 018|SAD
|c| Grenoonja|SHREKT
|c|âBrB 018|SD
|c|âBrB 018|EWFED
|c|âBrB 018|RE
|c|âBrB 018|F
|c|âBrB 018|REF
|c|âBrB 018|YES
|c|âBrB 018|YES
|leave|Adil
|player|p1
|c|âBrB 018|GG
|leave|Grenoonja
|raw|Adil's rating: 1596 &rarr; <strong>1563<\/strong><br \/>(-33 for losing)
|raw|BrB 018's rating: 1325 &rarr; <strong>1358<\/strong><br \/>(+33 for winning)