|join|gimped
|join|Xtarviust
|player|p1|gimped|225
|player|p2|Xtarviust|101
|gametype|singles
|gen|6
|tier|UU
|rated
|rule|Sleep Clause Mod: Limit one foe put to sleep
|rule|Species Clause: Limit one of each PokÃ©mon
|rule|OHKO Clause: OHKO moves are banned
|rule|Moody Clause: Moody is banned
|rule|Evasion Moves Clause: Evasion moves are banned
|rule|Endless Battle Clause: Forcing endless battles is banned
|rule|HP Percentage Mod: HP is shown in percentages
|clearpoke
|poke|p1|Raikou
|poke|p1|Suicune
|poke|p1|Forretress, F
|poke|p1|Zoroark, M
|poke|p1|Medicham, M
|poke|p1|Umbreon, M
|poke|p2|Entei, shiny
|poke|p2|Porygon2
|poke|p2|Machamp, F
|poke|p2|Donphan, F
|poke|p2|Vaporeon, M
|poke|p2|Hydreigon, F
|rule|Swagger Clause: Swagger is banned
|rule|Baton Pass Clause: Limit one PokÃ©mon knowing Baton Pass
|teampreview
|
|start
|switch|p1a: Suicune|Suicune|261\/261
|switch|p2a: Hydreigon|Hydreigon, F|325\/325
|turn|1
|
|move|p1a: Suicune|U-turn|p2a: Hydreigon
|-supereffective|p2a: Hydreigon
|-damage|p2a: Hydreigon|155\/325
|
|switch|p1a: Umbreon|Umbreon, M|394\/394
|move|p2a: Hydreigon|U-turn|p1a: Umbreon
|-supereffective|p1a: Umbreon
|-damage|p1a: Umbreon|276\/394
|
|switch|p2a: Machamp|Machamp, F|384\/384
|
|-heal|p1a: Umbreon|300\/394|[from] item: Leftovers
|turn|2
|
|switch|p1a: Forretress|Forretress, F|354\/354
|move|p2a: Machamp|Dynamic Punch|p1a: Forretress
|-damage|p1a: Forretress|176\/354
|-start|p1a: Forretress|confusion
|
|-heal|p1a: Forretress|198\/354|[from] item: Leftovers
|turn|3
|
|move|p2a: Machamp|Dynamic Punch|p1a: Forretress
|-damage|p1a: Forretress|24\/354
|-activate|p1a: Forretress|confusion
|move|p1a: Forretress|Stealth Rock|p2a: Machamp
|-sidestart|p2: Xtarviust|move: Stealth Rock
|
|-heal|p1a: Forretress|46\/354|[from] item: Leftovers
|turn|4
|
|move|p2a: Machamp|Dynamic Punch|p1a: Forretress
|-damage|p1a: Forretress|0 fnt
|faint|p1a: Forretress
|
|
|switch|p1a: Medicham|Medicham, M|262\/262
|turn|5
|
|switch|p2a: Vaporeon|Vaporeon, M|464\/464
|-damage|p2a: Vaporeon|406\/464|[from] Stealth Rock
|detailschange|p1a: Medicham|Medicham-Mega, M
|-mega|p1a: Medicham|Medicham|Medichamite
|move|p1a: Medicham|Zen Headbutt|p2a: Vaporeon
|-damage|p2a: Vaporeon|186\/464
|
|-heal|p2a: Vaporeon|215\/464|[from] item: Leftovers
|turn|6
|
|move|p2a: Vaporeon|Protect|p2a: Vaporeon
|-singleturn|p2a: Vaporeon|Protect
|move|p1a: Medicham|Drain Punch|p2a: Vaporeon
|-activate|p2a: Vaporeon|Protect
|
|-heal|p2a: Vaporeon|244\/464|[from] item: Leftovers
|turn|7
|
|move|p1a: Medicham|Drain Punch|p2a: Vaporeon
|-damage|p2a: Vaporeon|22\/464
|move|p2a: Vaporeon|Scald|p1a: Medicham
|-damage|p1a: Medicham|138\/262
|-status|p1a: Medicham|brn
|
|-heal|p2a: Vaporeon|51\/464|[from] item: Leftovers
|-damage|p1a: Medicham|106\/262 brn|[from] brn
|turn|8
|
|move|p1a: Medicham|Drain Punch|p2a: Vaporeon
|-damage|p2a: Vaporeon|0 fnt
|-heal|p1a: Medicham|132\/262 brn|[from] drain|[of] p2a: Vaporeon
|faint|p2a: Vaporeon
|
|-damage|p1a: Medicham|100\/262 brn|[from] brn
|
|switch|p2a: Donphan|Donphan, F|384\/384
|-damage|p2a: Donphan|360\/384|[from] Stealth Rock
|turn|9
|
|switch|p1a: Suicune|Suicune|404\/404
|-ability|p1a: Suicune|Pressure
|move|p2a: Donphan|Rapid Spin|p1a: Suicune
|-damage|p1a: Suicune|392\/404
|-sideend|p2: Xtarviust|Stealth Rock|[from] move: Rapid Spin|[of] p2a: Donphan
|
|-heal|p1a: Suicune|404\/404|[from] item: Leftovers
|-heal|p2a: Donphan|384\/384|[from] item: Leftovers
|turn|10
|
|switch|p2a: Machamp|Machamp, F|384\/384
|move|p1a: Suicune|Calm Mind|p1a: Suicune
|-boost|p1a: Suicune|spa|1
|-boost|p1a: Suicune|spd|1
|
|turn|11
|
|move|p1a: Suicune|Scald|p2a: Machamp
|-damage|p2a: Machamp|236\/384
|move|p2a: Machamp|Dynamic Punch|p1a: Suicune
|-damage|p1a: Suicune|203\/404
|-start|p1a: Suicune|confusion
|
|-heal|p1a: Suicune|228\/404|[from] item: Leftovers
|turn|12
|
|-activate|p1a: Suicune|confusion
|move|p1a: Suicune|Scald|p2a: Machamp
|-damage|p2a: Machamp|94\/384
|move|p2a: Machamp|Dynamic Punch|p1a: Suicune
|-damage|p1a: Suicune|51\/404
|
|-heal|p1a: Suicune|76\/404|[from] item: Leftovers
|turn|13
|
|-activate|p1a: Suicune|confusion
|-damage|p1a: Suicune|61\/404|[from] confusion
|move|p2a: Machamp|Dynamic Punch|p1a: Suicune
|-damage|p1a: Suicune|0 fnt
|faint|p1a: Suicune
|
|
|switch|p1a: Medicham|Medicham-Mega, M|261\/261
|turn|14
|c|âXtarviust|legit
|
|switch|p2a: Porygon2|Porygon2|374\/374
|move|p1a: Medicham|Knock Off|p2a: Porygon2
|-damage|p2a: Porygon2|257\/374
|-enditem|p2a: Porygon2|Eviolite|[from] move: Knock Off|[of] p1a: Medicham
|
|turn|15
|
|switch|p1a: Umbreon|Umbreon, M|300\/394
|-ability|p2a: Porygon2|Synchronize|[from] ability: Trace|[of] p1a: Umbreon
|switch|p2a: Machamp|Machamp, F|94\/384
|
|-heal|p1a: Umbreon|324\/394|[from] item: Leftovers
|turn|16
|
|move|p1a: Umbreon|Foul Play|p2a: Machamp
|-resisted|p2a: Machamp
|-damage|p2a: Machamp|0 fnt
|faint|p2a: Machamp
|
|-heal|p1a: Umbreon|348\/394|[from] item: Leftovers
|
|switch|p2a: Entei|Entei, shiny|371\/371
|-ability|p2a: Entei|Pressure
|turn|17
|
|move|p2a: Entei|Sacred Fire|p1a: Umbreon
|-damage|p1a: Umbreon|119\/394
|move|p1a: Umbreon|Heal Bell|p1a: Umbreon
|-cureteam|p1a: Umbreon|[from] move: HealBell
|
|-heal|p1a: Umbreon|143\/394|[from] item: Leftovers
|turn|18
|
|move|p2a: Entei|Sacred Fire|p1a: Umbreon
|-crit|p1a: Umbreon
|-damage|p1a: Umbreon|0 fnt
|faint|p1a: Umbreon
|
|
|switch|p1a: Medicham|Medicham-Mega, M|100\/262
|turn|19
|
|move|p1a: Medicham|Drain Punch|p2a: Entei
|-damage|p2a: Entei|95\/371
|-heal|p1a: Medicham|238\/262|[from] drain|[of] p2a: Entei
|move|p2a: Entei|Sacred Fire|p1a: Medicham|[miss]
|-miss|p2a: Entei|p1a: Medicham
|
|turn|20
|c|âXtarviust|...
|
|switch|p2a: Donphan|Donphan, F|384\/384
|move|p1a: Medicham|Drain Punch|p2a: Donphan
|-damage|p2a: Donphan|233\/384
|-heal|p1a: Medicham|262\/262|[from] drain|[of] p2a: Donphan
|
|-heal|p2a: Donphan|257\/384|[from] item: Leftovers
|turn|21
|c|âXtarviust|dat shit screwed me all
|
|move|p1a: Medicham|Drain Punch|p2a: Donphan
|-damage|p2a: Donphan|110\/384
|move|p2a: Donphan|Earthquake|p1a: Medicham
|-damage|p1a: Medicham|112\/262
|
|-heal|p2a: Donphan|134\/384|[from] item: Leftovers
|turn|22
|
|move|p1a: Medicham|Drain Punch|p2a: Donphan
|-damage|p2a: Donphan|0 fnt
|-heal|p1a: Medicham|179\/262|[from] drain|[of] p2a: Donphan
|faint|p2a: Donphan
|
|c|âXtarviust|good hax
|
|switch|p2a: Hydreigon|Hydreigon, F|155\/325
|turn|23
|
|move|p2a: Hydreigon|Draco Meteor|p1a: Medicham
|-damage|p1a: Medicham|0 fnt
|-unboost|p2a: Hydreigon|spa|2
|faint|p1a: Medicham
|
|
|switch|p1a: Zoroark|Zoroark, M|261\/261
|turn|24
|
|switch|p2a: Porygon2|Porygon2|257\/374
|move|p1a: Zoroark|U-turn|p2a: Porygon2
|-damage|p2a: Porygon2|183\/374
|
|switch|p1a: Raikou|Raikou|322\/322
|-ability|p2a: Porygon2|Pressure|[from] ability: Trace|[of] p1a: Raikou
|-ability|p2a: Porygon2|Pressure
|-ability|p1a: Raikou|Pressure
|
|turn|25
|
|move|p1a: Raikou|Volt Switch|p2a: Porygon2
|-damage|p2a: Porygon2|48\/374
|
|switch|p1a: Zoroark|Zoroark, M|261\/261
|move|p2a: Porygon2|Recover|p2a: Porygon2
|-heal|p2a: Porygon2|235\/374
|
|turn|26
|
|move|p1a: Zoroark|Knock Off|p2a: Porygon2
|-damage|p2a: Porygon2|118\/374
|move|p2a: Porygon2|Recover|p2a: Porygon2
|-heal|p2a: Porygon2|305\/374
|
|turn|27
|
|switch|p1a: Raikou|Raikou|322\/322
|-ability|p1a: Raikou|Pressure
|move|p2a: Porygon2|Discharge|p1a: Raikou
|-resisted|p1a: Raikou
|-damage|p1a: Raikou|287\/322
|
|turn|28
|
|move|p1a: Raikou|Thunderbolt|p2a: Porygon2
|-damage|p2a: Porygon2|125\/374
|move|p2a: Porygon2|Recover|p2a: Porygon2
|-heal|p2a: Porygon2|312\/374
|
|turn|29
|
|move|p1a: Raikou|Thunderbolt|p2a: Porygon2
|-damage|p2a: Porygon2|123\/374
|move|p2a: Porygon2|Recover|p2a: Porygon2
|-heal|p2a: Porygon2|310\/374
|
|turn|30
|
|switch|p2a: Entei|Entei, shiny|95\/371
|-ability|p2a: Entei|Pressure
|move|p1a: Raikou|Thunderbolt|p2a: Entei
|-damage|p2a: Entei|0 fnt
|faint|p2a: Entei
|
|
|switch|p2a: Hydreigon|Hydreigon, F|155\/325
|turn|31
|
|move|p2a: Hydreigon|Draco Meteor|p1a: Raikou
|-damage|p1a: Raikou|56\/322
|-unboost|p2a: Hydreigon|spa|2
|move|p1a: Raikou|Thunderbolt|p2a: Hydreigon
|-resisted|p2a: Hydreigon
|-damage|p2a: Hydreigon|23\/325
|-status|p2a: Hydreigon|par
|
|turn|32
|c|âXtarviust|NOOOO
|c|âXtarviust|fucking bullshit
|c|âXtarviust|haxdown sucks
|
|move|p1a: Raikou|Thunderbolt|p2a: Hydreigon
|-resisted|p2a: Hydreigon
|-damage|p2a: Hydreigon|0 fnt
|faint|p2a: Hydreigon
|
|
|switch|p2a: Porygon2|Porygon2|310\/374
|-ability|p2a: Porygon2|Pressure|[from] ability: Trace|[of] p1a: Raikou
|-ability|p2a: Porygon2|Pressure
|turn|33
|
|move|p1a: Raikou|Thunderbolt|p2a: Porygon2
|-damage|p2a: Porygon2|144\/374
|move|p2a: Porygon2|Recover|p2a: Porygon2
|-heal|p2a: Porygon2|331\/374
|
|turn|34
|
|move|p1a: Raikou|Thunderbolt|p2a: Porygon2
|-damage|p2a: Porygon2|153\/374
|move|p2a: Porygon2|Recover|p2a: Porygon2
|-heal|p2a: Porygon2|340\/374
|
|turn|35
|
|move|p1a: Raikou|Thunderbolt|p2a: Porygon2
|-damage|p2a: Porygon2|175\/374
|move|p2a: Porygon2|Recover|p2a: Porygon2
|-heal|p2a: Porygon2|362\/374
|
|turn|36
|
|move|p1a: Raikou|Thunderbolt|p2a: Porygon2
|-damage|p2a: Porygon2|182\/374
|-status|p2a: Porygon2|par
|move|p2a: Porygon2|Ice Beam|p1a: Raikou
|-damage|p1a: Raikou|0 fnt
|faint|p1a: Raikou
|
|
|switch|p1a: Zoroark|Zoroark, M|261\/261
|turn|37
|
|move|p1a: Zoroark|Knock Off|p2a: Porygon2
|-damage|p2a: Porygon2|80\/374 par
|cant|p2a: Porygon2|par
|
|turn|38
|c|âXtarviust|...
|
|move|p1a: Zoroark|Knock Off|p2a: Porygon2
|-damage|p2a: Porygon2|0 fnt
|faint|p2a: Porygon2
|
|win|gimped
|raw|Ladder updating...
|raw|gimped's rating: 1460 &rarr; <strong>1474<\/strong><br \/>(+14 for winning)
|raw|Xtarviust's rating: 1354 &rarr; <strong>1340<\/strong><br \/>(-14 for losing)