|join|fahad90
|join|1to9098
|player|p1|fahad90|265
|player|p2|1to9098|162
|gametype|singles
|gen|6
|tier|UU
|rated
|rule|Sleep Clause Mod: Limit one foe put to sleep
|rule|Species Clause: Limit one of each Pokemon
|rule|OHKO Clause: OHKO moves are banned
|rule|Moody Clause: Moody is banned
|rule|Evasion Moves Clause: Evasion moves are banned
|rule|Endless Battle Clause: Forcing endless battles is banned.
|rule|HP Percentage Mod: HP is reported as percentages
|clearpoke
|poke|p1|Ambipom, M
|poke|p1|Ampharos, M
|poke|p1|Flygon, F
|poke|p1|Jirachi
|poke|p1|Suicune
|poke|p1|Chandelure, M
|poke|p2|Snorlax, F
|poke|p2|Chesnaught, M
|poke|p2|Kingdra, M
|poke|p2|Porygon-Z
|poke|p2|Suicune
|poke|p2|Aggron, M
|teampreview
|
|start
|switch|p1a: Ambipom|Ambipom, M|291\/291
|switch|p2a: Kingdra|Kingdra, M|293\/293
|turn|1
|
|move|p1a: Ambipom|Fake Out|p2a: Kingdra
|-crit|p2a: Kingdra
|-damage|p2a: Kingdra|133\/293
|-damage|p1a: Ambipom|262\/291|[from] item: Life Orb
|cant|p2a: Kingdra|flinch
|
|turn|2
|
|move|p1a: Ambipom|Double Hit|p2a: Kingdra
|-damage|p2a: Kingdra|38\/293
|-damage|p2a: Kingdra|0 fnt
|-hitcount|p2a: Kingdra|2
|-damage|p1a: Ambipom|233\/291|[from] item: Life Orb
|faint|p2a: Kingdra
|
|chat|1to9098|crits!!!!!!!!!!!!!!!!!!!!
|
|switch|p2a: Chesnaught|Chesnaught, M|380\/380
|turn|3
|
|switch|p1a: Jirachi|Jirachi|404\/404
|move|p2a: Chesnaught|Leech Seed|p1a: Jirachi|[miss]
|-miss|p2a: Chesnaught|p1a: Jirachi
|
|turn|4
|
|move|p1a: Jirachi|Stealth Rock|p2a: Chesnaught
|-sidestart|p2: 1to9098|move: Stealth Rock
|move|p2a: Chesnaught|Leech Seed|p1a: Jirachi
|-start|p1a: Jirachi|move: Leech Seed
|
|-damage|p1a: Jirachi|354\/404|[from] Leech Seed|[of] p2a: Chesnaught
|turn|5
|
|move|p1a: Jirachi|Thunder Wave|p2a: Chesnaught
|-status|p2a: Chesnaught|par
|cant|p2a: Chesnaught|par
|
|-heal|p1a: Jirachi|379\/404|[from] item: Leftovers
|-damage|p1a: Jirachi|329\/404|[from] Leech Seed|[of] p2a: Chesnaught
|turn|6
|
|move|p1a: Jirachi|Wish|p1a: Jirachi
|cant|p2a: Chesnaught|par
|
|-heal|p1a: Jirachi|354\/404|[from] item: Leftovers
|-damage|p1a: Jirachi|304\/404|[from] Leech Seed|[of] p2a: Chesnaught
|turn|7
|
|switch|p1a: Chandelure|Chandelure, M|262\/262
|move|p2a: Chesnaught|Power-Up Punch|p1a: Chandelure
|-immune|p1a: Chandelure|[msg]
|
|turn|8
|
|move|p1a: Chandelure|Fire Blast|p2a: Chesnaught
|-supereffective|p2a: Chesnaught
|-damage|p2a: Chesnaught|0 fnt
|-damage|p1a: Chandelure|236\/262|[from] item: Life Orb
|faint|p2a: Chesnaught
|
|
|switch|p2a: Aggron|Aggron, M|344\/344
|-damage|p2a: Aggron|323\/344|[from] Stealth Rock
|turn|9
|
|-formechange|p2a: Aggron|Aggron-Mega
|message|Aggron has Mega Evolved into Mega Aggron!
|move|p1a: Chandelure|Fire Blast|p2a: Aggron|[miss]
|-miss|p1a: Chandelure|p2a: Aggron
|move|p2a: Aggron|Head Smash|p1a: Chandelure
|-supereffective|p1a: Chandelure
|-damage|p1a: Chandelure|0 fnt
|-damage|p2a: Aggron|205\/344|[from] recoil|[of] p1a: Chandelure
|faint|p1a: Chandelure
|
|
|switch|p1a: Flygon|Flygon, F|301\/301
|turn|10
|
|move|p1a: Flygon|Earthquake|p2a: Aggron
|-supereffective|p2a: Aggron
|-damage|p2a: Aggron|91\/344
|move|p2a: Aggron|Autotomize|p2a: Aggron
|-boost|p2a: Aggron|spe|2
|-start|p2a: Aggron|Autotomize
|
|turn|11
|
|move|p1a: Flygon|Earthquake|p2a: Aggron
|-supereffective|p2a: Aggron
|-damage|p2a: Aggron|0 fnt
|faint|p2a: Aggron
|
|chat|fahad90|nice
|
|switch|p2a: Snorlax|Snorlax, F|524\/524
|-damage|p2a: Snorlax|459\/524|[from] Stealth Rock
|turn|12
|
|switch|p1a: Suicune|Suicune|404\/404
|-ability|p1a: Suicune|Pressure
|move|p2a: Snorlax|Body Slam|p1a: Suicune
|-damage|p1a: Suicune|268\/404
|-status|p1a: Suicune|par
|
|-heal|p1a: Suicune|293\/404 par|[from] item: Leftovers
|turn|13
|
|move|p2a: Snorlax|Body Slam|p1a: Suicune
|-damage|p1a: Suicune|155\/404 par
|move|p1a: Suicune|Scald|p2a: Snorlax
|-damage|p2a: Snorlax|380\/524
|-status|p2a: Snorlax|brn
|
|-heal|p1a: Suicune|180\/404 par|[from] item: Leftovers
|-damage|p2a: Snorlax|315\/524 brn|[from] brn
|turn|14
|
|move|p2a: Snorlax|Body Slam|p1a: Suicune
|-damage|p1a: Suicune|110\/404 par
|move|p1a: Suicune|Scald|p2a: Snorlax
|-damage|p2a: Snorlax|230\/524 brn
|
|-heal|p1a: Suicune|135\/404 par|[from] item: Leftovers
|-damage|p2a: Snorlax|165\/524 brn|[from] brn
|turn|15
|
|move|p1a: Suicune|Protect|p1a: Suicune
|-singleturn|p1a: Suicune|Protect
|move|p2a: Snorlax|Body Slam|p1a: Suicune
|-activate|p1a: Suicune|Protect
|
|-heal|p1a: Suicune|160\/404 par|[from] item: Leftovers
|-damage|p2a: Snorlax|100\/524 brn|[from] brn
|turn|16
|
|move|p2a: Snorlax|Body Slam|p1a: Suicune
|-damage|p1a: Suicune|85\/404 par
|move|p1a: Suicune|Scald|p2a: Snorlax
|-damage|p2a: Snorlax|18\/524 brn
|
|-heal|p1a: Suicune|110\/404 par|[from] item: Leftovers
|-damage|p2a: Snorlax|0 fnt|[from] brn
|faint|p2a: Snorlax
|
|switch|p2a: Porygon-Z|Porygon-Z|374\/374
|-damage|p2a: Porygon-Z|328\/374|[from] Stealth Rock
|turn|17
|
|cant|p1a: Suicune|par
|move|p2a: Porygon-Z|Tri Attack|p1a: Suicune
|-damage|p1a: Suicune|0 fnt
|faint|p1a: Suicune
|
|
|switch|p1a: Ambipom|Ambipom, M|233\/291
|turn|18
|
|move|p1a: Ambipom|Fake Out|p2a: Porygon-Z
|-damage|p2a: Porygon-Z|172\/374
|-damage|p1a: Ambipom|204\/291|[from] item: Life Orb
|cant|p2a: Porygon-Z|flinch
|
|turn|19
|
|move|p1a: Ambipom|Double Hit|p2a: Porygon-Z
|-damage|p2a: Porygon-Z|47\/374
|-damage|p2a: Porygon-Z|0 fnt
|-hitcount|p2a: Porygon-Z|2
|-damage|p1a: Ambipom|175\/291|[from] item: Life Orb
|faint|p2a: Porygon-Z
|
|
|switch|p2a: Suicune|Suicune|362\/362
|-damage|p2a: Suicune|317\/362|[from] Stealth Rock
|-ability|p2a: Suicune|Pressure
|turn|20
|chat|fahad90|gg
|
|move|p1a: Ambipom|Knock Off|p2a: Suicune
|-crit|p2a: Suicune
|-damage|p2a: Suicune|164\/362
|-enditem|p2a: Suicune|Chesto Berry|[from] move: Knock Off|[of] p1a: Ambipom
|-damage|p1a: Ambipom|146\/291|[from] item: Life Orb
|move|p2a: Suicune|Calm Mind|p2a: Suicune
|-boost|p2a: Suicune|spa|1
|-boost|p2a: Suicune|spd|1
|
|turn|21
|
|move|p1a: Ambipom|Double Hit|p2a: Suicune
|-damage|p2a: Suicune|78\/362
|-damage|p2a: Suicune|0 fnt
|-hitcount|p2a: Suicune|2
|-damage|p1a: Ambipom|117\/291|[from] item: Life Orb
|faint|p2a: Suicune
|
|win|fahad90
|raw|Ladder updating...
|raw|fahad90's rating: 1000 &rarr; <strong>1045<\/strong><br \/>(+45 for winning)
|raw|1to9098's rating: 1040 &rarr; <strong>1022<\/strong><br \/>(-18 for losing)
|chat|1to9098|why soi manyu crits
|chat|fahad90|looooooool
|leave|1to9098
|player|p2