|join|dewd777
|join|baenail
|player|p1|dewd777|145
|player|p2|baenail|147
|gametype|singles
|gen|6
|tier|UU
|rated
|rule|Sleep Clause Mod: Limit one foe put to sleep
|rule|Species Clause: Limit one of each PokÃ©mon
|rule|OHKO Clause: OHKO moves are banned
|rule|Moody Clause: Moody is banned
|rule|Evasion Moves Clause: Evasion moves are banned
|rule|Endless Battle Clause: Forcing endless battles is banned
|rule|HP Percentage Mod: HP is shown in percentages
|clearpoke
|poke|p1|Amoonguss, F
|poke|p1|Slowking, F
|poke|p1|Aggron, M
|poke|p1|Flygon, M
|poke|p1|Vaporeon, M
|poke|p1|Scrafty, F
|poke|p2|Togekiss, M
|poke|p2|Dugtrio, F
|poke|p2|Alakazam, F
|poke|p2|Cobalion
|poke|p2|Umbreon, M
|rule|Swagger Clause: Swagger is banned
|rule|Baton Pass Clause: Limit one PokÃ©mon knowing Baton Pass
|teampreview
|c|âbaenail|glhf
|c|âdewd777|u2
|
|start
|switch|p1a: Flygon|Flygon, M|301\/301
|switch|p2a: Cobalion|Cobalion|368\/368
|turn|1
|
|switch|p2a: Togekiss|Togekiss, M|373\/373
|move|p1a: Flygon|U-turn|p2a: Togekiss
|-crit|p2a: Togekiss
|-resisted|p2a: Togekiss
|-damage|p2a: Togekiss|349\/373
|
|switch|p1a: Amoonguss|Amoonguss, F|411\/411
|
|-heal|p2a: Togekiss|372\/373|[from] item: Leftovers
|turn|2
|
|move|p2a: Togekiss|Air Slash|p1a: Amoonguss
|-supereffective|p1a: Amoonguss
|-damage|p1a: Amoonguss|237\/411
|cant|p1a: Amoonguss|flinch
|
|-heal|p2a: Togekiss|373\/373|[from] item: Leftovers
|turn|3
|
|move|p2a: Togekiss|Air Slash|p1a: Amoonguss
|-supereffective|p1a: Amoonguss
|-damage|p1a: Amoonguss|63\/411
|move|p1a: Amoonguss|Sludge Bomb|p2a: Togekiss
|-supereffective|p2a: Togekiss
|-damage|p2a: Togekiss|157\/373
|
|-heal|p2a: Togekiss|180\/373|[from] item: Leftovers
|turn|4
|
|switch|p1a: Aggron|Aggron, M|344\/344
|move|p2a: Togekiss|Air Slash|p1a: Aggron
|-resisted|p1a: Aggron
|-damage|p1a: Aggron|306\/344
|
|-heal|p2a: Togekiss|203\/373|[from] item: Leftovers
|turn|5
|
|switch|p2a: Umbreon|Umbreon, M|394\/394
|detailschange|p1a: Aggron|Aggron-Mega, M
|message|Aggron has Mega Evolved into Mega Aggron!
|move|p1a: Aggron|Heavy Slam|p2a: Umbreon
|-damage|p2a: Umbreon|223\/394
|
|-heal|p2a: Umbreon|247\/394|[from] item: Leftovers
|turn|6
|c|âdewd777|why don't u have 6 pokemon?
|
|move|p2a: Umbreon|Wish|p2a: Umbreon
|move|p1a: Aggron|Earthquake|p2a: Umbreon
|-damage|p2a: Umbreon|155\/394
|
|-heal|p2a: Umbreon|179\/394|[from] item: Leftovers
|turn|7
|c|âbaenail|accident :[
|
|move|p2a: Umbreon|Foul Play|p1a: Aggron
|-crit|p1a: Aggron
|-damage|p1a: Aggron|224\/344
|move|p1a: Aggron|Heavy Slam|p2a: Umbreon
|-damage|p2a: Umbreon|2\/394
|
|-heal|p2a: Umbreon|199\/394|[from] move: Wish|[wisher] Umbreon
|-heal|p2a: Umbreon|223\/394|[from] item: Leftovers
|turn|8
|c|âdewd777|ok lol
|c|âdewd777|omg
|
|move|p2a: Umbreon|Protect|p2a: Umbreon
|-singleturn|p2a: Umbreon|Protect
|move|p1a: Aggron|Heavy Slam|p2a: Umbreon
|-activate|p2a: Umbreon|Protect
|
|-heal|p2a: Umbreon|247\/394|[from] item: Leftovers
|turn|9
|
|move|p2a: Umbreon|Wish|p2a: Umbreon
|move|p1a: Aggron|Heavy Slam|p2a: Umbreon
|-damage|p2a: Umbreon|69\/394
|
|-heal|p2a: Umbreon|93\/394|[from] item: Leftovers
|turn|10
|
|move|p2a: Umbreon|Protect|p2a: Umbreon
|-singleturn|p2a: Umbreon|Protect
|move|p1a: Aggron|Heavy Slam|p2a: Umbreon
|-activate|p2a: Umbreon|Protect
|
|-heal|p2a: Umbreon|290\/394|[from] move: Wish|[wisher] Umbreon
|-heal|p2a: Umbreon|314\/394|[from] item: Leftovers
|turn|11
|c|âdewd777|jag
|
|switch|p2a: Cobalion|Cobalion|368\/368
|move|p1a: Aggron|Heavy Slam|p2a: Cobalion
|-resisted|p2a: Cobalion
|-damage|p2a: Cobalion|344\/368
|
|-heal|p2a: Cobalion|367\/368|[from] item: Leftovers
|turn|12
|
|move|p2a: Cobalion|Close Combat|p1a: Aggron
|-supereffective|p1a: Aggron
|-damage|p1a: Aggron|148\/344
|-unboost|p2a: Cobalion|def|1
|-unboost|p2a: Cobalion|spd|1
|move|p1a: Aggron|Earthquake|p2a: Cobalion
|-supereffective|p2a: Cobalion
|-damage|p2a: Cobalion|111\/368
|
|-heal|p2a: Cobalion|134\/368|[from] item: Leftovers
|turn|13
|
|move|p2a: Cobalion|Volt Switch|p1a: Aggron
|-damage|p1a: Aggron|82\/344
|
|switch|p2a: Togekiss|Togekiss, M|203\/373
|move|p1a: Aggron|Toxic|p2a: Togekiss
|-status|p2a: Togekiss|tox
|
|-heal|p2a: Togekiss|226\/373 tox|[from] item: Leftovers
|-damage|p2a: Togekiss|203\/373 tox|[from] psn
|turn|14
|c|âdewd777|nice
|c|âdewd777|:)
|c|âbaenail|you got me haha
|
|switch|p2a: Cobalion|Cobalion|134\/368
|switch|p1a: Amoonguss|Amoonguss, F|200\/411
|
|-heal|p2a: Cobalion|157\/368|[from] item: Leftovers
|turn|15
|
|move|p2a: Cobalion|Volt Switch|p1a: Amoonguss
|-resisted|p1a: Amoonguss
|-damage|p1a: Amoonguss|181\/411
|
|switch|p2a: Togekiss|Togekiss, M|203\/373 tox
|move|p1a: Amoonguss|Sludge Bomb|p2a: Togekiss
|-supereffective|p2a: Togekiss
|-damage|p2a: Togekiss|0 fnt
|faint|p2a: Togekiss
|
|c|âdewd777|solid switch
|
|switch|p2a: Alakazam|Alakazam, F|251\/251
|turn|16
|c|âdewd777|u predicted the giga drain didn't u
|
|switch|p1a: Vaporeon|Vaporeon, M|464\/464
|detailschange|p2a: Alakazam|Alakazam-Mega, F
|message|Alakazam has Mega Evolved into Mega Alakazam!
|-ability|p2a: Alakazam|Water Absorb|[from] ability: Trace|[of] p1a: Vaporeon
|move|p2a: Alakazam|Substitute|p2a: Alakazam
|-start|p2a: Alakazam|Substitute
|-damage|p2a: Alakazam|189\/251
|
|turn|17
|c|âbaenail|or spore
|
|move|p2a: Alakazam|Psyshock|p1a: Vaporeon
|-damage|p1a: Vaporeon|283\/464
|move|p1a: Vaporeon|Wish|p1a: Vaporeon
|
|-heal|p1a: Vaporeon|312\/464|[from] item: Leftovers
|turn|18
|
|switch|p1a: Aggron|Aggron-Mega, M|82\/344
|move|p2a: Alakazam|Shadow Ball|p1a: Aggron
|-damage|p1a: Aggron|0 fnt
|faint|p1a: Aggron
|
|c|âdewd777|ahhh i don't have spore
|
|switch|p1a: Vaporeon|Vaporeon, M|312\/464
|turn|19
|
|move|p1a: Vaporeon|Protect|p1a: Vaporeon
|-singleturn|p1a: Vaporeon|Protect
|move|p2a: Alakazam|Psyshock|p1a: Vaporeon
|-activate|p1a: Vaporeon|Protect
|
|-heal|p1a: Vaporeon|341\/464|[from] item: Leftovers
|turn|20
|
|move|p2a: Alakazam|Psyshock|p1a: Vaporeon
|-damage|p1a: Vaporeon|142\/464
|move|p1a: Vaporeon|Scald|p2a: Alakazam
|-heal|p2a: Alakazam|251\/251|[from] ability: Water Absorb|[of] p1a: Vaporeon
|
|-heal|p1a: Vaporeon|171\/464|[from] item: Leftovers
|turn|21
|
|move|p2a: Alakazam|Psyshock|p1a: Vaporeon
|-damage|p1a: Vaporeon|0 fnt
|faint|p1a: Vaporeon
|
|c|âbaenail|:]
|
|switch|p1a: Scrafty|Scrafty, F|334\/334
|turn|22
|
|move|p2a: Alakazam|Dazzling Gleam|p1a: Scrafty
|-supereffective|p1a: Scrafty
|-damage|p1a: Scrafty|0 fnt
|faint|p1a: Scrafty
|
|
|switch|p1a: Amoonguss|Amoonguss, F|318\/411
|turn|23
|
|move|p2a: Alakazam|Psyshock|p1a: Amoonguss
|-supereffective|p1a: Amoonguss
|-damage|p1a: Amoonguss|0 fnt
|faint|p1a: Amoonguss
|
|
|switch|p1a: Slowking|Slowking, F|394\/394
|turn|24
|
|move|p2a: Alakazam|Shadow Ball|p1a: Slowking
|-supereffective|p1a: Slowking
|-damage|p1a: Slowking|156\/394
|move|p1a: Slowking|Psyshock|p2a: Alakazam
|-resisted|p2a: Alakazam
|-activate|p2a: Alakazam|Substitute|[damage]
|
|-heal|p1a: Slowking|180\/394|[from] item: Leftovers
|turn|25
|
|switch|p1a: Flygon|Flygon, M|301\/301
|move|p2a: Alakazam|Shadow Ball|p1a: Flygon
|-damage|p1a: Flygon|140\/301
|-unboost|p1a: Flygon|spd|1
|
|turn|26
|c|âdewd777|omg i can't break da sub
|
|move|p1a: Flygon|U-turn|p2a: Alakazam
|-supereffective|p2a: Alakazam
|-end|p2a: Alakazam|Substitute
|
|switch|p1a: Slowking|Slowking, F|311\/394
|move|p2a: Alakazam|Shadow Ball|p1a: Slowking
|-supereffective|p1a: Slowking
|-damage|p1a: Slowking|55\/394
|
|-heal|p1a: Slowking|79\/394|[from] item: Leftovers
|turn|27
|c|âdewd777|dere
|
|move|p2a: Alakazam|Substitute|p2a: Alakazam
|-start|p2a: Alakazam|Substitute
|-damage|p2a: Alakazam|189\/251
|move|p1a: Slowking|Slack Off|p1a: Slowking
|-heal|p1a: Slowking|276\/394
|
|-heal|p1a: Slowking|300\/394|[from] item: Leftovers
|turn|28
|
|move|p2a: Alakazam|Shadow Ball|p1a: Slowking
|-supereffective|p1a: Slowking
|-damage|p1a: Slowking|70\/394
|move|p1a: Slowking|Calm Mind|p1a: Slowking
|-boost|p1a: Slowking|spa|1
|-boost|p1a: Slowking|spd|1
|
|-heal|p1a: Slowking|94\/394|[from] item: Leftovers
|turn|29
|
|move|p2a: Alakazam|Shadow Ball|p1a: Slowking
|-supereffective|p1a: Slowking
|-damage|p1a: Slowking|0 fnt
|faint|p1a: Slowking
|
|c|âdewd777|what how did ur sub not face... u used it already
|
|switch|p1a: Flygon|Flygon, M|140\/301
|turn|30
|c|âbaenail|i subbed again
|
|move|p1a: Flygon|U-turn|p2a: Alakazam
|-supereffective|p2a: Alakazam
|-end|p2a: Alakazam|Substitute
|move|p2a: Alakazam|Dazzling Gleam|p1a: Flygon
|-supereffective|p1a: Flygon
|-damage|p1a: Flygon|0 fnt
|faint|p1a: Flygon
|
|win|baenail
|raw|Ladder updating...
|raw|dewd777's rating: 1213 &rarr; <strong>1190<\/strong><br \/>(-23 for losing)
|raw|baenail's rating: 1241 &rarr; <strong>1264<\/strong><br \/>(+23 for winning)
|c|âbaenail|gg