|join|pbman4
|join|baenail
|player|p1|pbman4|102
|player|p2|baenail|147
|gametype|singles
|gen|6
|tier|UU
|rated
|rule|Sleep Clause Mod: Limit one foe put to sleep
|rule|Species Clause: Limit one of each PokÃ©mon
|rule|OHKO Clause: OHKO moves are banned
|rule|Moody Clause: Moody is banned
|rule|Evasion Moves Clause: Evasion moves are banned
|rule|Endless Battle Clause: Forcing endless battles is banned
|rule|HP Percentage Mod: HP is shown in percentages
|clearpoke
|poke|p1|Kingdra, M
|poke|p1|Donphan, F
|poke|p1|Darmanitan, M
|poke|p1|Torkoal, F
|poke|p1|Porygon2
|poke|p1|Trevenant, F
|poke|p2|Doublade, F, shiny
|poke|p2|Omastar, F
|poke|p2|Hitmonlee, M
|poke|p2|Dugtrio, M
|poke|p2|Meloetta
|poke|p2|Sharpedo, F
|rule|Swagger Clause: Swagger is banned
|rule|Baton Pass Clause: Limit one PokÃ©mon knowing Baton Pass
|teampreview
|c|âbaenail|glhf
|
|start
|switch|p1a: Trevenant|Trevenant, F|374\/374
|switch|p2a: Smash That|Omastar, F|281\/281
|turn|1
|
|move|p2a: Smash That|Stealth Rock|p1a: Trevenant
|-sidestart|p1: pbman4|move: Stealth Rock
|move|p1a: Trevenant|Horn Leech|p2a: Smash That
|-supereffective|p2a: Smash That
|-enditem|p2a: Smash That|Focus Sash
|-damage|p2a: Smash That|1\/281
|-boost|p2a: Smash That|spe|1|[from] ability: Weak Armor
|-unboost|p2a: Smash That|def|1|[from] ability: Weak Armor
|
|turn|2
|
|move|p2a: Smash That|Toxic Spikes|p1a: Trevenant
|-sidestart|p1: pbman4|move: Toxic Spikes
|move|p1a: Trevenant|Horn Leech|p2a: Smash That
|-supereffective|p2a: Smash That
|-damage|p2a: Smash That|0 fnt
|faint|p2a: Smash That
|
|
|switch|p2a: Green hoe|Meloetta|403\/403
|turn|3
|
|move|p2a: Green hoe|Shadow Ball|p1a: Trevenant
|-supereffective|p1a: Trevenant
|-damage|p1a: Trevenant|110\/374
|-enditem|p1a: Trevenant|Sitrus Berry|[eat]
|-heal|p1a: Trevenant|203\/374|[from] item: Sitrus Berry
|move|p1a: Trevenant|Substitute|p1a: Trevenant
|-start|p1a: Trevenant|Substitute
|-damage|p1a: Trevenant|110\/374
|
|turn|4
|
|move|p2a: Green hoe|Shadow Ball|p1a: Trevenant
|-supereffective|p1a: Trevenant
|-end|p1a: Trevenant|Substitute
|move|p1a: Trevenant|Confuse Ray|p2a: Green hoe
|-start|p2a: Green hoe|confusion
|
|turn|5
|
|-activate|p2a: Green hoe|confusion
|-damage|p2a: Green hoe|376\/403|[from] confusion
|move|p1a: Trevenant|Horn Leech|p2a: Green hoe
|-damage|p2a: Green hoe|247\/403
|-heal|p1a: Trevenant|175\/374|[from] drain|[of] p2a: Green hoe
|
|-item|p1a: Trevenant|Sitrus Berry|[from] ability: Harvest
|-enditem|p1a: Trevenant|Sitrus Berry|[eat]
|-heal|p1a: Trevenant|268\/374|[from] item: Sitrus Berry
|turn|6
|
|-activate|p2a: Green hoe|confusion
|-damage|p2a: Green hoe|218\/403|[from] confusion
|move|p1a: Trevenant|Earthquake|p2a: Green hoe
|-damage|p2a: Green hoe|109\/403
|
|turn|7
|
|-end|p2a: Green hoe|confusion
|move|p2a: Green hoe|Shadow Ball|p1a: Trevenant
|-crit|p1a: Trevenant
|-supereffective|p1a: Trevenant
|-damage|p1a: Trevenant|0 fnt
|faint|p1a: Trevenant
|
|
|switch|p1a: Porygon2|Porygon2|312\/312
|-damage|p1a: Porygon2|273\/312|[from] Stealth Rock
|-status|p1a: Porygon2|psn
|-boost|p1a: Porygon2|atk|1|[from] ability: Download
|turn|8
|
|switch|p2a: DoublePenetration|Doublade, F, shiny|322\/322
|move|p1a: Porygon2|Tri Attack|p2a: DoublePenetration
|-immune|p2a: DoublePenetration|[msg]
|
|-damage|p1a: Porygon2|234\/312 psn|[from] psn
|turn|9
|
|move|p1a: Porygon2|Psychic|p2a: DoublePenetration
|-resisted|p2a: DoublePenetration
|-damage|p2a: DoublePenetration|259\/322
|move|p2a: DoublePenetration|Iron Head|p1a: Porygon2
|-damage|p1a: Porygon2|137\/312 psn
|
|-damage|p1a: Porygon2|98\/312 psn|[from] psn
|turn|10
|
|move|p1a: Porygon2|Ice Beam|p2a: DoublePenetration
|-resisted|p2a: DoublePenetration
|-damage|p2a: DoublePenetration|201\/322
|move|p2a: DoublePenetration|Iron Head|p1a: Porygon2
|-damage|p1a: Porygon2|16\/312 psn
|
|-damage|p1a: Porygon2|0 fnt|[from] psn
|faint|p1a: Porygon2
|
|switch|p1a: Darmanitan|Darmanitan, M|351\/351
|-damage|p1a: Darmanitan|264\/351|[from] Stealth Rock
|-status|p1a: Darmanitan|psn
|turn|11
|
|move|p2a: DoublePenetration|Shadow Sneak|p1a: Darmanitan
|-damage|p1a: Darmanitan|146\/351 psn
|move|p1a: Darmanitan|Flare Blitz|p2a: DoublePenetration
|-supereffective|p2a: DoublePenetration
|-damage|p2a: DoublePenetration|0 fnt
|-damage|p1a: Darmanitan|80\/351 psn|[from] recoil|[of] p2a: DoublePenetration
|faint|p2a: DoublePenetration
|
|-damage|p1a: Darmanitan|37\/351 psn|[from] psn
|
|switch|p2a: TriplePenetration|Dugtrio, M|212\/212
|turn|12
|
|move|p2a: TriplePenetration|Sucker Punch|p1a: Darmanitan
|-damage|p1a: Darmanitan|0 fnt
|-damage|p2a: TriplePenetration|191\/212|[from] item: Life Orb
|faint|p1a: Darmanitan
|
|
|switch|p1a: Donphan|Donphan, F|352\/352
|-damage|p1a: Donphan|330\/352|[from] Stealth Rock
|-status|p1a: Donphan|psn
|turn|13
|
|move|p2a: TriplePenetration|Earthquake|p1a: Donphan
|-damage|p1a: Donphan|197\/352 psn
|-damage|p2a: TriplePenetration|170\/212|[from] item: Life Orb
|move|p1a: Donphan|Earthquake|p2a: TriplePenetration
|-damage|p2a: TriplePenetration|0 fnt
|faint|p2a: TriplePenetration
|
|-heal|p1a: Donphan|219\/352 psn|[from] item: Leftovers
|-damage|p1a: Donphan|175\/352 psn|[from] psn
|
|switch|p2a: Green hoe|Meloetta|109\/403
|turn|14
|
|move|p2a: Green hoe|Hyper Voice|p1a: Donphan
|-damage|p1a: Donphan|0 fnt
|faint|p1a: Donphan
|
|
|switch|p1a: Torkoal|Torkoal, F|300\/300
|-damage|p1a: Torkoal|225\/300|[from] Stealth Rock
|-status|p1a: Torkoal|psn
|turn|15
|
|move|p2a: Green hoe|Hyper Voice|p1a: Torkoal
|-damage|p1a: Torkoal|0 fnt
|faint|p1a: Torkoal
|
|
|switch|p1a: Kingdra|Kingdra, M|291\/291
|-status|p1a: Kingdra|psn
|-damage|p1a: Kingdra|255\/291 psn|[from] Stealth Rock
|turn|16
|
|move|p1a: Kingdra|Ice Beam|p2a: Green hoe
|-damage|p2a: Green hoe|36\/403
|move|p2a: Green hoe|Hyper Voice|p1a: Kingdra
|-damage|p1a: Kingdra|0 fnt
|faint|p1a: Kingdra
|
|win|baenail
|raw|Ladder updating...
|raw|pbman4's rating: 1058 &rarr; <strong>1040<\/strong><br \/>(-18 for losing)
|raw|baenail's rating: 1079 &rarr; <strong>1106<\/strong><br \/>(+27 for winning)
|c|âbaenail|gg
|leave|pbman4
|player|p1