|join|dix pix
|join|baenail
|player|p1|dix pix|165
|player|p2|baenail|147
|gametype|singles
|gen|6
|tier|UU
|rated
|rule|Sleep Clause Mod: Limit one foe put to sleep
|rule|Species Clause: Limit one of each PokÃ©mon
|rule|OHKO Clause: OHKO moves are banned
|rule|Moody Clause: Moody is banned
|rule|Evasion Moves Clause: Evasion moves are banned
|rule|Endless Battle Clause: Forcing endless battles is banned
|rule|HP Percentage Mod: HP is shown in percentages
|clearpoke
|poke|p1|Krookodile, M
|poke|p1|Lucario, F
|poke|p1|Suicune
|poke|p1|Forretress, M
|poke|p1|Entei, shiny
|poke|p1|Ampharos, M
|poke|p2|Snorlax, M
|poke|p2|Whimsicott, M
|poke|p2|Hydreigon, F
|poke|p2|Doublade, F
|poke|p2|Cobalion
|poke|p2|Tentacruel, M
|rule|Swagger Clause: Swagger is banned
|rule|Baton Pass Clause: Limit one PokÃ©mon knowing Baton Pass
|teampreview
|c|âbaenail|glhf
|
|start
|switch|p1a: Entei|Entei, shiny|371\/371
|switch|p2a: Tentacruel|Tentacruel, M|363\/363
|-ability|p1a: Entei|Pressure
|turn|1
|
|switch|p1a: Ampharos|Ampharos, M|380\/380
|move|p2a: Tentacruel|Toxic Spikes|p1a: Ampharos
|-sidestart|p1: dix pix|move: Toxic Spikes
|
|turn|2
|
|switch|p2a: Whimsicott|Whimsicott, M|261\/261
|detailschange|p1a: Ampharos|Ampharos-Mega, M
|-mega|p1a: Ampharos|Ampharos|Ampharosite
|-ability|p1a: Ampharos|Mold Breaker
|move|p1a: Ampharos|Dragon Pulse|p2a: Whimsicott
|-immune|p2a: Whimsicott|[msg]
|
|turn|3
|
|switch|p1a: Forretress|Forretress, M|354\/354
|move|p2a: Whimsicott|U-turn|p1a: Forretress
|-resisted|p1a: Forretress
|-damage|p1a: Forretress|343\/354
|
|switch|p2a: Doublade|Doublade, F|321\/321
|
|-heal|p1a: Forretress|354\/354|[from] item: Leftovers
|turn|4
|
|move|p2a: Doublade|Swords Dance|p2a: Doublade
|-boost|p2a: Doublade|atk|2
|move|p1a: Forretress|Volt Switch|p2a: Doublade
|-damage|p2a: Doublade|276\/321
|
|switch|p1a: Entei|Entei, shiny|371\/371
|-status|p1a: Entei|psn
|-ability|p1a: Entei|Pressure
|
|-damage|p1a: Entei|325\/371 psn|[from] psn
|turn|5
|
|switch|p2a: Snorlax|Snorlax, M|497\/497
|move|p1a: Entei|Sacred Fire|p2a: Snorlax
|-damage|p2a: Snorlax|346\/497
|
|-heal|p2a: Snorlax|377\/497|[from] item: Leftovers
|-damage|p1a: Entei|279\/371 psn|[from] psn
|turn|6
|
|switch|p1a: Forretress|Forretress, M|354\/354
|move|p2a: Snorlax|Body Slam|p1a: Forretress
|-resisted|p1a: Forretress
|-damage|p1a: Forretress|326\/354
|
|-heal|p2a: Snorlax|408\/497|[from] item: Leftovers
|-heal|p1a: Forretress|348\/354|[from] item: Leftovers
|turn|7
|
|switch|p2a: Doublade|Doublade, F|276\/321
|move|p1a: Forretress|Stealth Rock|p2a: Doublade
|-sidestart|p2: baenail|move: Stealth Rock
|
|-heal|p1a: Forretress|354\/354|[from] item: Leftovers
|turn|8
|
|move|p2a: Doublade|Swords Dance|p2a: Doublade
|-boost|p2a: Doublade|atk|2
|move|p1a: Forretress|Volt Switch|p2a: Doublade
|-damage|p2a: Doublade|230\/321
|
|switch|p1a: Entei|Entei, shiny|279\/371 psn
|-ability|p1a: Entei|Pressure
|
|-damage|p1a: Entei|233\/371 psn|[from] psn
|turn|9
|
|switch|p2a: Snorlax|Snorlax, M|408\/497
|-damage|p2a: Snorlax|346\/497|[from] Stealth Rock
|move|p1a: Entei|Sacred Fire|p2a: Snorlax
|-damage|p2a: Snorlax|192\/497
|-status|p2a: Snorlax|brn
|
|-heal|p2a: Snorlax|223\/497 brn|[from] item: Leftovers
|-damage|p1a: Entei|187\/371 psn|[from] psn
|-damage|p2a: Snorlax|161\/497 brn|[from] brn
|turn|10
|
|switch|p1a: Forretress|Forretress, M|354\/354
|move|p2a: Snorlax|Rest|p2a: Snorlax
|-status|p2a: Snorlax|slp
|-heal|p2a: Snorlax|497\/497 slp|[silent]
|-status|p2a: Snorlax|slp|[from] move: Rest
|
|turn|11
|
|switch|p2a: Tentacruel|Tentacruel, M|363\/363
|-damage|p2a: Tentacruel|318\/363|[from] Stealth Rock
|move|p1a: Forretress|Volt Switch|p2a: Tentacruel
|-supereffective|p2a: Tentacruel
|-damage|p2a: Tentacruel|262\/363
|
|switch|p1a: Krookodile|Krookodile, M|331\/331
|-status|p1a: Krookodile|psn
|-ability|p1a: Krookodile|Intimidate|[of] p2a: Tentacruel
|-unboost|p2a: Tentacruel|atk|1
|
|-heal|p2a: Tentacruel|284\/363|[from] item: Black Sludge
|-damage|p1a: Krookodile|290\/331 psn|[from] psn
|turn|12
|
|move|p1a: Krookodile|Knock Off|p2a: Tentacruel
|-damage|p2a: Tentacruel|49\/363
|-enditem|p2a: Tentacruel|Black Sludge|[from] move: Knock Off|[of] p1a: Krookodile
|move|p2a: Tentacruel|Rapid Spin|p1a: Krookodile
|-damage|p1a: Krookodile|283\/331 psn
|-sideend|p2: baenail|Stealth Rock|[from] move: Rapid Spin|[of] p2a: Tentacruel
|
|-damage|p1a: Krookodile|242\/331 psn|[from] psn
|turn|13
|
|switch|p1a: Forretress|Forretress, M|354\/354
|switch|p2a: Cobalion|Cobalion|370\/370
|
|turn|14
|
|move|p2a: Cobalion|Volt Switch|p1a: Forretress
|-damage|p1a: Forretress|286\/354
|
|switch|p2a: Tentacruel|Tentacruel, M|49\/363
|move|p1a: Forretress|Stealth Rock|p2a: Tentacruel
|-sidestart|p2: baenail|move: Stealth Rock
|
|-heal|p1a: Forretress|308\/354|[from] item: Leftovers
|turn|15
|
|move|p2a: Tentacruel|Rapid Spin|p1a: Forretress
|-resisted|p1a: Forretress
|-damage|p1a: Forretress|305\/354
|-sideend|p2: baenail|Stealth Rock|[from] move: Rapid Spin|[of] p2a: Tentacruel
|move|p1a: Forretress|Volt Switch|p2a: Tentacruel
|-supereffective|p2a: Tentacruel
|-damage|p2a: Tentacruel|0 fnt
|faint|p2a: Tentacruel
|
|switch|p1a: Krookodile|Krookodile, M|242\/331 psn
|
|-damage|p1a: Krookodile|201\/331 psn|[from] psn
|
|switch|p2a: Cobalion|Cobalion|370\/370
|turn|16
|
|move|p2a: Cobalion|Close Combat|p1a: Krookodile
|-supereffective|p1a: Krookodile
|-damage|p1a: Krookodile|0 fnt
|-unboost|p2a: Cobalion|def|1
|-unboost|p2a: Cobalion|spd|1
|faint|p1a: Krookodile
|
|
|switch|p1a: Forretress|Forretress, M|305\/354
|turn|17
|
|move|p2a: Cobalion|Taunt|p1a: Forretress
|-start|p1a: Forretress|move: Taunt
|cant|p1a: Forretress|move: Taunt|Stealth Rock
|
|-heal|p1a: Forretress|327\/354|[from] item: Leftovers
|turn|18
|
|move|p2a: Cobalion|Close Combat|p1a: Forretress
|-damage|p1a: Forretress|243\/354
|-unboost|p2a: Cobalion|def|1
|-unboost|p2a: Cobalion|spd|1
|move|p1a: Forretress|Volt Switch|p2a: Cobalion
|-damage|p2a: Cobalion|281\/370
|
|switch|p1a: Lucario|Lucario, F|281\/281
|
|-heal|p2a: Cobalion|304\/370|[from] item: Leftovers
|turn|19
|
|switch|p2a: Whimsicott|Whimsicott, M|261\/261
|move|p1a: Lucario|Vacuum Wave|p2a: Whimsicott
|-resisted|p2a: Whimsicott
|-damage|p2a: Whimsicott|203\/261
|-damage|p1a: Lucario|253\/281|[from] item: Life Orb
|
|-heal|p2a: Whimsicott|219\/261|[from] item: Leftovers
|turn|20
|
|switch|p1a: Forretress|Forretress, M|243\/354
|move|p2a: Whimsicott|U-turn|p1a: Forretress
|-resisted|p1a: Forretress
|-damage|p1a: Forretress|233\/354
|
|switch|p2a: Doublade|Doublade, F|230\/321
|
|-heal|p1a: Forretress|255\/354|[from] item: Leftovers
|turn|21
|
|move|p2a: Doublade|Swords Dance|p2a: Doublade
|-boost|p2a: Doublade|atk|2
|move|p1a: Forretress|Volt Switch|p2a: Doublade
|-damage|p2a: Doublade|187\/321
|
|switch|p1a: Entei|Entei, shiny|187\/371 psn
|-ability|p1a: Entei|Pressure
|
|-damage|p1a: Entei|141\/371 psn|[from] psn
|turn|22
|
|move|p2a: Doublade|Shadow Sneak|p1a: Entei
|-damage|p1a: Entei|0 fnt
|faint|p1a: Entei
|
|
|switch|p1a: Suicune|Suicune|404\/404
|-status|p1a: Suicune|psn
|-ability|p1a: Suicune|Pressure
|turn|23
|
|switch|p2a: Snorlax|Snorlax, M|497\/497 slp
|move|p1a: Suicune|Scald|p2a: Snorlax
|-damage|p2a: Snorlax|440\/497 slp
|
|-heal|p2a: Snorlax|471\/497 slp|[from] item: Leftovers
|-damage|p1a: Suicune|354\/404 psn|[from] psn
|turn|24
|
|switch|p1a: Forretress|Forretress, M|255\/354
|cant|p2a: Snorlax|slp
|move|p2a: Snorlax|Sleep Talk|p2a: Snorlax
|move|p2a: Snorlax|Rest|p2a: Snorlax|[from]Sleep Talk
|-fail|p2a: Snorlax
|
|-heal|p2a: Snorlax|497\/497 slp|[from] item: Leftovers
|-heal|p1a: Forretress|277\/354|[from] item: Leftovers
|turn|25
|
|cant|p2a: Snorlax|slp
|move|p1a: Forretress|Stealth Rock|p2a: Snorlax
|-sidestart|p2: baenail|move: Stealth Rock
|
|-heal|p1a: Forretress|299\/354|[from] item: Leftovers
|turn|26
|
|-curestatus|p2a: Snorlax|slp
|move|p2a: Snorlax|Curse|p2a: Snorlax
|-boost|p2a: Snorlax|atk|1
|-boost|p2a: Snorlax|def|1
|-unboost|p2a: Snorlax|spe|1
|move|p1a: Forretress|Rapid Spin|p2a: Snorlax
|-damage|p2a: Snorlax|485\/497
|-sideend|p1: dix pix|Toxic Spikes|[from] move: Rapid Spin|[of] p1a: Forretress
|
|-heal|p1a: Forretress|321\/354|[from] item: Leftovers
|-heal|p2a: Snorlax|497\/497|[from] item: Leftovers
|turn|27
|
|move|p1a: Forretress|Volt Switch|p2a: Snorlax
|-damage|p2a: Snorlax|470\/497
|
|switch|p1a: Lucario|Lucario, F|253\/281
|move|p2a: Snorlax|Body Slam|p1a: Lucario
|-resisted|p1a: Lucario
|-damage|p1a: Lucario|139\/281
|
|-heal|p2a: Snorlax|497\/497|[from] item: Leftovers
|turn|28
|
|switch|p2a: Doublade|Doublade, F|187\/321
|-damage|p2a: Doublade|167\/321|[from] Stealth Rock
|move|p1a: Lucario|Nasty Plot|p1a: Lucario
|-boost|p1a: Lucario|spa|2
|
|turn|29
|
|move|p2a: Doublade|Shadow Sneak|p1a: Lucario
|-damage|p1a: Lucario|48\/281
|move|p1a: Lucario|Flash Cannon|p2a: Doublade
|-resisted|p2a: Doublade
|-damage|p2a: Doublade|0 fnt
|-damage|p1a: Lucario|20\/281|[from] item: Life Orb
|faint|p2a: Doublade
|
|
|switch|p2a: Whimsicott|Whimsicott, M|219\/261
|-damage|p2a: Whimsicott|187\/261|[from] Stealth Rock
|turn|30
|
|switch|p1a: Forretress|Forretress, M|321\/354
|move|p2a: Whimsicott|Giga Drain|p1a: Forretress
|-resisted|p1a: Forretress
|-damage|p1a: Forretress|286\/354
|-heal|p2a: Whimsicott|205\/261|[from] drain|[of] p1a: Forretress
|
|-heal|p2a: Whimsicott|221\/261|[from] item: Leftovers
|-heal|p1a: Forretress|308\/354|[from] item: Leftovers
|turn|31
|
|move|p2a: Whimsicott|U-turn|p1a: Forretress
|-resisted|p1a: Forretress
|-damage|p1a: Forretress|298\/354
|
|switch|p2a: Cobalion|Cobalion|304\/370
|-damage|p2a: Cobalion|293\/370|[from] Stealth Rock
|move|p1a: Forretress|Volt Switch|p2a: Cobalion
|-damage|p2a: Cobalion|247\/370
|
|switch|p1a: Ampharos|Ampharos-Mega, M|380\/380
|-ability|p1a: Ampharos|Mold Breaker
|
|-heal|p2a: Cobalion|270\/370|[from] item: Leftovers
|turn|32
|
|move|p2a: Cobalion|Stealth Rock|p1a: Ampharos
|-sidestart|p1: dix pix|move: Stealth Rock
|move|p1a: Ampharos|Volt Switch|p2a: Cobalion
|-damage|p2a: Cobalion|110\/370
|
|switch|p1a: Forretress|Forretress, M|298\/354
|-damage|p1a: Forretress|254\/354|[from] Stealth Rock
|
|-heal|p2a: Cobalion|133\/370|[from] item: Leftovers
|-heal|p1a: Forretress|276\/354|[from] item: Leftovers
|turn|33
|
|move|p2a: Cobalion|Close Combat|p1a: Forretress
|-damage|p1a: Forretress|200\/354
|-unboost|p2a: Cobalion|def|1
|-unboost|p2a: Cobalion|spd|1
|move|p1a: Forretress|Rapid Spin|p2a: Cobalion
|-resisted|p2a: Cobalion
|-damage|p2a: Cobalion|124\/370
|-sideend|p1: dix pix|Stealth Rock|[from] move: Rapid Spin|[of] p1a: Forretress
|
|-heal|p2a: Cobalion|147\/370|[from] item: Leftovers
|-heal|p1a: Forretress|222\/354|[from] item: Leftovers
|turn|34
|
|move|p2a: Cobalion|Stealth Rock|p1a: Forretress
|-sidestart|p1: dix pix|move: Stealth Rock
|move|p1a: Forretress|Volt Switch|p2a: Cobalion
|-damage|p2a: Cobalion|70\/370
|
|switch|p1a: Suicune|Suicune|354\/404 psn
|-damage|p1a: Suicune|304\/404 psn|[from] Stealth Rock
|-ability|p1a: Suicune|Pressure
|
|-heal|p2a: Cobalion|93\/370|[from] item: Leftovers
|-heal|p1a: Suicune|329\/404 psn|[from] item: Leftovers
|-damage|p1a: Suicune|279\/404 psn|[from] psn
|turn|35
|
|move|p2a: Cobalion|Taunt|p1a: Suicune
|-start|p1a: Suicune|move: Taunt
|cant|p1a: Suicune|move: Taunt|Rest
|
|-heal|p2a: Cobalion|116\/370|[from] item: Leftovers
|-heal|p1a: Suicune|304\/404 psn|[from] item: Leftovers
|-damage|p1a: Suicune|254\/404 psn|[from] psn
|turn|36
|
|switch|p1a: Forretress|Forretress, M|222\/354
|-damage|p1a: Forretress|178\/354|[from] Stealth Rock
|move|p2a: Cobalion|Close Combat|p1a: Forretress
|-damage|p1a: Forretress|91\/354
|-unboost|p2a: Cobalion|def|1
|-unboost|p2a: Cobalion|spd|1
|
|-heal|p2a: Cobalion|139\/370|[from] item: Leftovers
|-heal|p1a: Forretress|113\/354|[from] item: Leftovers
|turn|37
|
|move|p2a: Cobalion|Close Combat|p1a: Forretress
|-damage|p1a: Forretress|32\/354
|-unboost|p2a: Cobalion|def|1
|-unboost|p2a: Cobalion|spd|1
|move|p1a: Forretress|Volt Switch|p2a: Cobalion
|-damage|p2a: Cobalion|30\/370
|
|switch|p1a: Lucario|Lucario, F|20\/281
|-damage|p1a: Lucario|12\/281|[from] Stealth Rock
|
|-heal|p2a: Cobalion|53\/370|[from] item: Leftovers
|turn|38
|
|move|p1a: Lucario|Vacuum Wave|p2a: Cobalion
|-supereffective|p2a: Cobalion
|-damage|p2a: Cobalion|0 fnt
|-damage|p1a: Lucario|0 fnt|[from] item: Life Orb
|faint|p2a: Cobalion
|faint|p1a: Lucario
|
|
|switch|p2a: Snorlax|Snorlax, M|497\/497
|switch|p1a: Forretress|Forretress, M|32\/354
|-damage|p2a: Snorlax|435\/497|[from] Stealth Rock
|-damage|p1a: Forretress|0 fnt|[from] Stealth Rock
|faint|p1a: Forretress
|
|switch|p1a: Suicune|Suicune|254\/404 psn
|-damage|p1a: Suicune|204\/404 psn|[from] Stealth Rock
|-ability|p1a: Suicune|Pressure
|turn|39
|
|move|p1a: Suicune|Scald|p2a: Snorlax
|-damage|p2a: Snorlax|375\/497
|move|p2a: Snorlax|Curse|p2a: Snorlax
|-boost|p2a: Snorlax|atk|1
|-boost|p2a: Snorlax|def|1
|-unboost|p2a: Snorlax|spe|1
|
|-heal|p1a: Suicune|229\/404 psn|[from] item: Leftovers
|-heal|p2a: Snorlax|406\/497|[from] item: Leftovers
|-damage|p1a: Suicune|179\/404 psn|[from] psn
|turn|40
|-message|dix pix forfeited.
|
|win|baenail
|raw|Ladder updating...
|leave|dix pix
|player|p1
|raw|dix pix's rating: 1545 &rarr; <strong>1522<\/strong><br \/>(-23 for losing)
|raw|baenail's rating: 1503 &rarr; <strong>1525<\/strong><br \/>(+22 for winning)