|join|baenail
|join|Dudeman130498
|player|p1|baenail|147
|player|p2|Dudeman130498|171
|gametype|singles
|gen|6
|tier|UU
|rule|Sleep Clause Mod: Limit one foe put to sleep
|rule|Species Clause: Limit one of each PokÃ©mon
|rule|OHKO Clause: OHKO moves are banned
|rule|Moody Clause: Moody is banned
|rule|Evasion Moves Clause: Evasion moves are banned
|rule|Endless Battle Clause: Forcing endless battles is banned
|rule|HP Percentage Mod: HP is shown in percentages
|clearpoke
|poke|p1|Glalie, M
|poke|p1|Hydreigon, M
|poke|p1|Bronzong
|poke|p1|Florges, F
|poke|p1|Tentacruel, M
|poke|p1|Mienshao, F
|poke|p2|Lopunny, M
|poke|p2|Zygarde
|poke|p2|Jirachi
|poke|p2|Celebi
|poke|p2|Nidoqueen, F
|poke|p2|Raikou
|rule|Swagger Clause: Swagger is banned
|rule|Baton Pass Clause: Limit one PokÃ©mon knowing Baton Pass
|teampreview
|c|âbaenail|glhf
|join|SmashBrosBrawl
|join|Tipsy Russian
|join|ANGER MANAGEMENT
|c|âDudeman130498|hf
|c|+SmashBrosBrawl|power rangers power rangers
|
|start
|switch|p1a: Bronzong|Bronzong|337\/337
|switch|p2a: Celebi|Celebi|341\/341
|turn|1
|c|âDudeman130498|o
|
|switch|p2a: Lopunny|Lopunny, M|271\/271
|move|p1a: Bronzong|Stealth Rock|p2a: Lopunny
|-sidestart|p2: Dudeman130498|move: Stealth Rock
|
|turn|2
|join|Nekoooooooooo
|
|detailschange|p2a: Lopunny|Lopunny-Mega, M
|message|Lopunny has Mega Evolved into Mega Lopunny!
|move|p2a: Lopunny|Encore|p1a: Bronzong
|-start|p1a: Bronzong|Encore
|move|p1a: Bronzong|Stealth Rock|p2a: Lopunny
|-fail|p2a: Lopunny
|
|turn|3
|join|Alldaalts
|
|switch|p1a: Tentacruel|Tentacruel, M|363\/363
|move|p2a: Lopunny|Frustration|p1a: Tentacruel
|-damage|p1a: Tentacruel|191\/363
|
|-heal|p1a: Tentacruel|213\/363|[from] item: Black Sludge
|turn|4
|join|LessThanThreeMan
|
|switch|p1a: Glalie|Glalie, M|301\/301
|move|p2a: Lopunny|Frustration|p1a: Glalie
|-damage|p1a: Glalie|31\/301
|
|turn|5
|c|+SmashBrosBrawl|plays
|
|switch|p1a: Bronzong|Bronzong|337\/337
|move|p2a: Lopunny|High Jump Kick|p1a: Bronzong
|-damage|p1a: Bronzong|169\/337
|
|-heal|p1a: Bronzong|190\/337|[from] item: Leftovers
|turn|6
|
|move|p2a: Lopunny|High Jump Kick|p1a: Bronzong
|-damage|p1a: Bronzong|43\/337
|move|p1a: Bronzong|Iron Head|p2a: Lopunny
|-damage|p2a: Lopunny|184\/271
|
|-heal|p1a: Bronzong|64\/337|[from] item: Leftovers
|turn|7
|join|dingbat
|c|+SmashBrosBrawl|dingbat
|
|move|p2a: Lopunny|High Jump Kick|p1a: Bronzong
|-damage|p1a: Bronzong|0 fnt
|faint|p1a: Bronzong
|
|c|+SmashBrosBrawl|have u used sleep talk rest pikachu
|c| dingbat|l0l
|c| dingbat|w0t
|c|+SmashBrosBrawl|it walls
|
|switch|p1a: Mienshao|Mienshao, F|271\/271
|turn|8
|c|+SmashBrosBrawl|all electrics
|
|switch|p2a: Celebi|Celebi|341\/341
|-damage|p2a: Celebi|299\/341|[from] Stealth Rock
|move|p1a: Mienshao|U-turn|p2a: Celebi
|-supereffective|p2a: Celebi
|-damage|p2a: Celebi|0 fnt
|faint|p2a: Celebi
|c|+SmashBrosBrawl|lol
|c|âDudeman130498|kek
|
|switch|p1a: Tentacruel|Tentacruel, M|213\/363
|
|-heal|p1a: Tentacruel|235\/363|[from] item: Black Sludge
|c|âDudeman130498|that wasn't doing shit anyway
|
|switch|p2a: Raikou|Raikou|321\/321
|-damage|p2a: Raikou|281\/321|[from] Stealth Rock
|-ability|p2a: Raikou|Pressure
|turn|9
|
|move|p2a: Raikou|Calm Mind|p2a: Raikou
|-boost|p2a: Raikou|spa|1
|-boost|p2a: Raikou|spd|1
|move|p1a: Tentacruel|Toxic Spikes|p2a: Raikou
|-sidestart|p2: Dudeman130498|move: Toxic Spikes
|
|-heal|p2a: Raikou|301\/321|[from] item: Leftovers
|-heal|p1a: Tentacruel|257\/363|[from] item: Black Sludge
|turn|10
|
|move|p2a: Raikou|Thunderbolt|p1a: Tentacruel
|-supereffective|p1a: Tentacruel
|-damage|p1a: Tentacruel|0 fnt
|faint|p1a: Tentacruel
|
|-heal|p2a: Raikou|321\/321|[from] item: Leftovers
|
|switch|p1a: Mienshao|Mienshao, F|271\/271
|turn|11
|
|switch|p2a: Nidoqueen|Nidoqueen, F|329\/329
|-damage|p2a: Nidoqueen|309\/329|[from] Stealth Rock
|-sideend|p2: Dudeman130498|move: Toxic Spikes|[of] p2a: Nidoqueen
|move|p1a: Mienshao|High Jump Kick|p2a: Nidoqueen|[miss]
|-miss|p1a: Mienshao|p2a: Nidoqueen
|-damage|p1a: Mienshao|136\/271|[from] highjumpkick
|
|turn|12
|c|âDudeman130498|sorry m8
|c|âbaenail|happens
|
|switch|p1a: Hydreigon|Hydreigon, M|325\/325
|move|p2a: Nidoqueen|Ice Beam|p1a: Hydreigon
|-supereffective|p1a: Hydreigon
|-damage|p1a: Hydreigon|26\/325
|
|turn|13
|
|switch|p2a: Raikou|Raikou|321\/321
|-damage|p2a: Raikou|281\/321|[from] Stealth Rock
|-ability|p2a: Raikou|Pressure
|move|p1a: Hydreigon|Dark Pulse|p2a: Raikou
|-damage|p2a: Raikou|89\/321
|-damage|p1a: Hydreigon|0 fnt|[from] item: Life Orb
|faint|p1a: Hydreigon
|
|-heal|p2a: Raikou|109\/321|[from] item: Leftovers
|
|switch|p1a: Mienshao|Mienshao, F|136\/271
|turn|14
|
|move|p1a: Mienshao|Knock Off|p2a: Raikou
|-damage|p2a: Raikou|0 fnt
|-enditem|p2a: Raikou|Leftovers|[from] move: Knock Off|[of] p1a: Mienshao
|faint|p2a: Raikou
|
|c| Nekoooooooooo|ur last move shouldve been draco m
|c|+SmashBrosBrawl|and now u get swept
|join|warzoid
|
|switch|p2a: Zygarde|Zygarde|357\/357
|-damage|p2a: Zygarde|335\/357|[from] Stealth Rock
|-ability|p2a: Zygarde|Aura Break
|turn|15
|
|move|p1a: Mienshao|Knock Off|p2a: Zygarde
|-crit|p2a: Zygarde
|-damage|p2a: Zygarde|186\/357
|-enditem|p2a: Zygarde|Life Orb|[from] move: Knock Off|[of] p1a: Mienshao
|move|p2a: Zygarde|Dragon Dance|p2a: Zygarde
|-boost|p2a: Zygarde|atk|1
|-boost|p2a: Zygarde|spe|1
|
|turn|16
|
|switch|p1a: Glalie|Glalie, M|31\/301
|move|p2a: Zygarde|Dragon Dance|p2a: Zygarde
|-boost|p2a: Zygarde|atk|1
|-boost|p2a: Zygarde|spe|1
|
|turn|17
|
|detailschange|p1a: Glalie|Glalie-Mega, M
|message|Glalie has Mega Evolved into Mega Glalie!
|move|p2a: Zygarde|Extreme Speed|p1a: Glalie
|-damage|p1a: Glalie|0 fnt
|faint|p1a: Glalie
|
|
|switch|p1a: Florges|Florges, F|359\/359
|turn|18
|c|âDudeman130498|ugh this wont kill lol
|c|+SmashBrosBrawl|implying u didnt wont
|
|move|p2a: Zygarde|Earthquake|p1a: Florges
|-damage|p1a: Florges|0 fnt
|faint|p1a: Florges
|
|c|+SmashBrosBrawl|won*
|c|+SmashBrosBrawl|kek
|c|âDudeman130498|o
|c|+SmashBrosBrawl|evs where
|c|âDudeman130498|gg
|
|switch|p1a: Mienshao|Mienshao, F|136\/271
|turn|19
|c| Nekoooooooooo|flor has shity defences
|c|âbaenail|kek
|c|âbaenail|im modest
|c|âbaenail|wtf
|c|+SmashBrosBrawl|it can live
|c|+SmashBrosBrawl|if it has evs
|c| Nekoooooooooo|yolo it
|
|move|p2a: Zygarde|Earthquake|p1a: Mienshao
|-damage|p1a: Mienshao|0 fnt
|faint|p1a: Mienshao
|
|win|Dudeman130498
|c|âbaenail|gg
|c| Nekoooooooooo|:]
|leave|baenail
|player|p1
|c|âDudeman130498|gg
|leave|Dudeman130498
|player|p2
|leave|Nekoooooooooo
|leave|ANGER MANAGEMENT
|leave|SmashBrosBrawl
|leave|Alldaalts
|leave|LessThanThreeMan
|leave|warzoid
|leave|dingbat
|join|baenail
|leave|baenail
|join|New Album
|leave|New Album