|join|Vaporeon for Ubers
|join|baenail
|join|Specs Cranidos
|join|VividLatias
|join|Spuun
|join|ferpderpp
|player|p1|Vaporeon for Ubers|#cpgtan
|player|p2|baenail|147
|gametype|singles
|gen|6
|tier|UU
|rule|Sleep Clause Mod: Limit one foe put to sleep
|rule|Species Clause: Limit one of each PokÃ©mon
|rule|OHKO Clause: OHKO moves are banned
|rule|Moody Clause: Moody is banned
|rule|Evasion Moves Clause: Evasion moves are banned
|rule|Endless Battle Clause: Forcing endless battles is banned
|rule|HP Percentage Mod: HP is shown in percentages
|clearpoke
|poke|p1|Machamp, F
|poke|p1|Jirachi
|poke|p1|Vaporeon, M
|poke|p1|Crobat, F
|poke|p1|Hydreigon, F
|poke|p1|Nidoqueen, F
|poke|p2|Reuniclus, M
|poke|p2|Whimsicott, F
|poke|p2|Hydreigon, M
|poke|p2|Doublade, F
|poke|p2|Cobalion
|poke|p2|Tentacruel, F
|rule|Swagger Clause: Swagger is banned
|rule|Baton Pass Clause: Limit one PokÃ©mon knowing Baton Pass
|teampreview
|join|sniperaim
|join|TNBM
|c|âVaporeon for Ubers|gl hf
|c|âbaenail|u2
|join|Meowiekins
|join|HumanRotom
|join|Goyim UU
|join|HallsWithBalls
|c| HallsWithBalls|#TeamBaenail
|join|Seriously Cereal
|
|start
|switch|p1a: champ'ed what els|Machamp, F|343\/343
|switch|p2a: Reuniclus|Reuniclus, M|424\/424
|turn|1
|c| HumanRotom|Its time to dddddddddduel!!!!!!
|join|RAINMANG
|join|Orei
|
|move|p1a: champ'ed what els|Knock Off|p2a: Reuniclus
|-supereffective|p2a: Reuniclus
|-damage|p2a: Reuniclus|76\/424
|-enditem|p2a: Reuniclus|Leftovers|[from] move: Knock Off|[of] p1a: champ'ed what els
|move|p2a: Reuniclus|Psyshock|p1a: champ'ed what els
|-supereffective|p1a: champ'ed what els
|-damage|p1a: champ'ed what els|67\/343
|
|turn|2
|c| HumanRotom|How did you add the landorus sprite
|c| Goyim UU|vap for ubers...cool looking sprite m8!!! how do i get one?
|c|âVaporeon for Ubers|you have to be irl friends with shofu
|
|switch|p2a: Cobalion|Cobalion|370\/370
|move|p1a: champ'ed what els|Knock Off|p2a: Cobalion
|-resisted|p2a: Cobalion
|-damage|p2a: Cobalion|292\/370
|-boost|p2a: Cobalion|atk|1|[from] ability: Justified
|-enditem|p2a: Cobalion|Leftovers|[from] move: Knock Off|[of] p1a: champ'ed what els
|
|turn|3
|join|ampd302
|
|switch|p1a: rip politoed|Vaporeon, M|451\/451
|move|p2a: Cobalion|Stealth Rock|p1a: rip politoed
|-sidestart|p1: Vaporeon for Ubers|move: Stealth Rock
|
|turn|4
|leave|ampd302
|
|move|p2a: Cobalion|Volt Switch|p1a: rip politoed
|-supereffective|p1a: rip politoed
|-damage|p1a: rip politoed|371\/451
|
|switch|p2a: Whimsicott|Whimsicott, F|261\/261
|move|p1a: rip politoed|Scald|p2a: Whimsicott
|-resisted|p2a: Whimsicott
|-damage|p2a: Whimsicott|192\/261
|
|-heal|p2a: Whimsicott|208\/261|[from] item: Leftovers
|-heal|p1a: rip politoed|399\/451|[from] item: Leftovers
|turn|5
|
|switch|p1a: im a douche|Jirachi|341\/341
|-damage|p1a: im a douche|320\/341|[from] Stealth Rock
|move|p2a: Whimsicott|U-turn|p1a: im a douche
|-damage|p1a: im a douche|285\/341
|
|switch|p2a: Doublade|Doublade, F|321\/321
|
|turn|6
|join|Crack Baby UU
|c| Crack Baby UU|iz dis finals?
|c|âVaporeon for Ubers|ye
|c| Crack Baby UU|^
|
|move|p1a: im a douche|Trick|p2a: Doublade
|-activate|p1a: im a douche|move: Trick|[of] p2a: Doublade
|-item|p2a: Doublade|Choice Scarf|[from] move: Trick
|-item|p1a: im a douche|Eviolite|[from] move: Trick
|move|p2a: Doublade|Pursuit|p1a: im a douche
|-supereffective|p1a: im a douche
|-damage|p1a: im a douche|191\/341
|
|turn|7
|c|âVaporeon for Ubers|hinals fype
|
|move|p1a: im a douche|Iron Head|p2a: Doublade
|-resisted|p2a: Doublade
|-damage|p2a: Doublade|278\/321
|move|p2a: Doublade|Pursuit|p1a: im a douche
|-supereffective|p1a: im a douche
|-damage|p1a: im a douche|103\/341
|
|turn|8
|
|switch|p2a: Cobalion|Cobalion|292\/370
|move|p1a: im a douche|Iron Head|p2a: Cobalion
|-resisted|p2a: Cobalion
|-damage|p2a: Cobalion|243\/370
|
|turn|9
|
|move|p2a: Cobalion|Close Combat|p1a: im a douche
|-damage|p1a: im a douche|0 fnt
|-unboost|p2a: Cobalion|def|1
|-unboost|p2a: Cobalion|spd|1
|faint|p1a: im a douche
|
|
|switch|p1a: Meghan Trainor|Nidoqueen, F|352\/352
|-damage|p1a: Meghan Trainor|330\/352|[from] Stealth Rock
|turn|10
|join|CoolStoryBrobat
|leave|CoolStoryBrobat
|join|Muh Food Stamps
|join|ampd302
|c| Muh Food Stamps|huh?
|c| HumanRotom|Awww shes taking her Landorus for a walk
|
|move|p2a: Cobalion|Taunt|p1a: Meghan Trainor
|-start|p1a: Meghan Trainor|move: Taunt
|cant|p1a: Meghan Trainor|move: Taunt|Stealth Rock
|
|turn|11
|c|âVaporeon for Ubers|nah
|join|rajsagar
|c|âVaporeon for Ubers|shes holding her lando back so it doesnt maul yo ass
|
|switch|p2a: Hydreigon|Hydreigon, M|325\/325
|move|p1a: Meghan Trainor|Ice Beam|p2a: Hydreigon
|-supereffective|p2a: Hydreigon
|-damage|p2a: Hydreigon|31\/325
|
|turn|12
|c| HumanRotom|oh
|leave|TNBM
|leave|RAINMANG
|
|switch|p1a: rip politoed|Vaporeon, M|399\/451
|-damage|p1a: rip politoed|343\/451|[from] Stealth Rock
|move|p2a: Hydreigon|Draco Meteor|p1a: rip politoed
|-damage|p1a: rip politoed|124\/451
|-unboost|p2a: Hydreigon|spa|2
|
|-heal|p1a: rip politoed|152\/451|[from] item: Leftovers
|turn|13
|
|switch|p2a: Whimsicott|Whimsicott, F|208\/261
|move|p1a: rip politoed|Wish|p1a: rip politoed
|
|-heal|p2a: Whimsicott|224\/261|[from] item: Leftovers
|-heal|p1a: rip politoed|180\/451|[from] item: Leftovers
|turn|14
|
|move|p1a: rip politoed|Protect|p1a: rip politoed
|-singleturn|p1a: rip politoed|Protect
|move|p2a: Whimsicott|Giga Drain|p1a: rip politoed
|-activate|p1a: rip politoed|Protect
|
|-heal|p1a: rip politoed|405\/451|[from] move: Wish|[wisher] rip politoed
|-heal|p2a: Whimsicott|240\/261|[from] item: Leftovers
|-heal|p1a: rip politoed|433\/451|[from] item: Leftovers
|turn|15
|leave|sniperaim
|
|move|p2a: Whimsicott|Giga Drain|p1a: rip politoed
|-supereffective|p1a: rip politoed
|-damage|p1a: rip politoed|247\/451
|-heal|p2a: Whimsicott|261\/261|[from] drain|[of] p1a: rip politoed
|move|p1a: rip politoed|Baton Pass|p1a: rip politoed
|
|switch|p1a: Meghan Trainor|Nidoqueen, F|330\/352
|-damage|p1a: Meghan Trainor|308\/352|[from] Stealth Rock
|
|turn|16
|leave|rajsagar
|c| HumanRotom|Hey  I think the person with the hydreigon will win
|c| Seriously Cereal|yeah but his team is really weak to nido
|
|move|p2a: Whimsicott|U-turn|p1a: Meghan Trainor
|-resisted|p1a: Meghan Trainor
|-damage|p1a: Meghan Trainor|286\/352
|c| Seriously Cereal|should be close tho
|
|switch|p2a: Doublade|Doublade, F|278\/321
|move|p1a: Meghan Trainor|Stealth Rock|p2a: Doublade
|-sidestart|p2: baenail|move: Stealth Rock
|
|turn|17
|
|move|p2a: Doublade|Shadow Sneak|p1a: Meghan Trainor
|-damage|p1a: Meghan Trainor|213\/352
|move|p1a: Meghan Trainor|Earth Power|p2a: Doublade
|-supereffective|p2a: Doublade
|-damage|p2a: Doublade|0 fnt
|faint|p2a: Doublade
|
|join|LiberalLucario
|c| HumanRotom|Its hard to put sarcasam and jokes into text
|
|switch|p2a: Tentacruel|Tentacruel, F|363\/363
|-damage|p2a: Tentacruel|318\/363|[from] Stealth Rock
|turn|18
|
|move|p2a: Tentacruel|Rapid Spin|p1a: Meghan Trainor
|-damage|p1a: Meghan Trainor|202\/352
|-sideend|p2: baenail|Stealth Rock|[from] move: Rapid Spin|[of] p2a: Tentacruel
|move|p1a: Meghan Trainor|Earth Power|p2a: Tentacruel
|-supereffective|p2a: Tentacruel
|-damage|p2a: Tentacruel|0 fnt
|faint|p2a: Tentacruel
|
|c|âVaporeon for Ubers|lol i feel you
|c|âbaenail|rip
|
|switch|p2a: Hydreigon|Hydreigon, M|31\/325
|turn|19
|
|switch|p1a: champ'ed what els|Machamp, F|67\/343
|-damage|p1a: champ'ed what els|46\/343|[from] Stealth Rock
|move|p2a: Hydreigon|Draco Meteor|p1a: champ'ed what els
|-damage|p1a: champ'ed what els|0 fnt
|-unboost|p2a: Hydreigon|spa|2
|faint|p1a: champ'ed what els
|
|c| HumanRotom|Hey heres a thought a Rotom with skin
|
|switch|p1a: Batman XDD|Crobat, F|373\/373
|-damage|p1a: Batman XDD|280\/373|[from] Stealth Rock
|turn|20
|c| HumanRotom|Like me!:D
|c| Seriously Cereal|is that a joke?
|join|Orderlymess
|leave|LiberalLucario
|c| HumanRotom|yes
|
|switch|p2a: Cobalion|Cobalion|243\/370
|move|p1a: Batman XDD|Defog|p2a: Cobalion
|-unboost|p2a: Cobalion|evasion|1
|-sideend|p1: Vaporeon for Ubers|Stealth Rock|[from] move: Defog|[of] p1a: Batman XDD
|
|-heal|p1a: Batman XDD|303\/373|[from] item: Black Sludge
|turn|21
|c| Seriously Cereal|great one!
|c| HumanRotom|But just imagine that
|c| HallsWithBalls|Hey here's a thought a rotom possesing a dildo. His ability will his moves do 50% more damage to female pokemon.
|
|move|p1a: Batman XDD|Brave Bird|p2a: Cobalion
|-damage|p2a: Cobalion|132\/370
|-damage|p1a: Batman XDD|266\/373|[from] recoil|[of] p2a: Cobalion
|move|p2a: Cobalion|Stealth Rock|p1a: Batman XDD
|-sidestart|p1: Vaporeon for Ubers|move: Stealth Rock
|
|-heal|p1a: Batman XDD|289\/373|[from] item: Black Sludge
|turn|22
|
|move|p1a: Batman XDD|Defog|p2a: Cobalion
|-unboost|p2a: Cobalion|evasion|1
|-sideend|p1: Vaporeon for Ubers|Stealth Rock|[from] move: Defog|[of] p1a: Batman XDD
|move|p2a: Cobalion|Volt Switch|p1a: Batman XDD
|-supereffective|p1a: Batman XDD
|-damage|p1a: Batman XDD|179\/373
|c| HumanRotom|...ok
|
|switch|p2a: Hydreigon|Hydreigon, M|31\/325
|
|-heal|p1a: Batman XDD|202\/373|[from] item: Black Sludge
|turn|23
|c| HallsWithBalls|Better than your idea
|
|switch|p1a: wanna yiff|Hydreigon, F|325\/325
|move|p2a: Hydreigon|Draco Meteor|p1a: wanna yiff
|-supereffective|p1a: wanna yiff
|-damage|p1a: wanna yiff|0 fnt
|-unboost|p2a: Hydreigon|spa|2
|faint|p1a: wanna yiff
|
|c| HumanRotom|yeah
|
|switch|p1a: Batman XDD|Crobat, F|202\/373
|turn|24
|
|switch|p2a: Cobalion|Cobalion|132\/370
|move|p1a: Batman XDD|Roost|p1a: Batman XDD
|-heal|p1a: Batman XDD|373\/373
|
|turn|25
|
|move|p1a: Batman XDD|Brave Bird|p2a: Cobalion
|-damage|p2a: Cobalion|11\/370
|-damage|p1a: Batman XDD|333\/373|[from] recoil|[of] p2a: Cobalion
|move|p2a: Cobalion|Volt Switch|p1a: Batman XDD
|-supereffective|p1a: Batman XDD
|-damage|p1a: Batman XDD|219\/373
|
|switch|p2a: Hydreigon|Hydreigon, M|31\/325
|
|-heal|p1a: Batman XDD|242\/373|[from] item: Black Sludge
|turn|26
|c| HallsWithBalls|#TankBat
|join|trevor ellis
|
|switch|p1a: rip politoed|Vaporeon, M|247\/451
|move|p2a: Hydreigon|Draco Meteor|p1a: rip politoed
|-damage|p1a: rip politoed|33\/451
|-unboost|p2a: Hydreigon|spa|2
|
|-heal|p1a: rip politoed|61\/451|[from] item: Leftovers
|turn|27
|c| HumanRotom|Vote for mvp of bothteams!
|
|move|p2a: Hydreigon|Draco Meteor|p1a: rip politoed
|-damage|p1a: rip politoed|0 fnt
|-unboost|p2a: Hydreigon|spa|2
|faint|p1a: rip politoed
|
|join|dodmen
|c| HumanRotom|just putting life into the match
|
|switch|p1a: Meghan Trainor|Nidoqueen, F|202\/352
|turn|28
|c| HallsWithBalls|Vap - Batman      Bae - Hydreigon
|
|switch|p2a: Cobalion|Cobalion|11\/370
|move|p1a: Meghan Trainor|Stealth Rock|p2a: Cobalion
|-sidestart|p2: baenail|move: Stealth Rock
|
|turn|29
|c| trevor ellis|crobat is always mvp
|
|switch|p1a: Batman XDD|Crobat, F|242\/373
|move|p2a: Cobalion|Stealth Rock|p1a: Batman XDD
|-sidestart|p1: Vaporeon for Ubers|move: Stealth Rock
|
|-heal|p1a: Batman XDD|265\/373|[from] item: Black Sludge
|turn|30
|c| HumanRotom|Vap crobat Bae Reunilus
|
|move|p1a: Batman XDD|U-turn|p2a: Cobalion
|-resisted|p2a: Cobalion
|-damage|p2a: Cobalion|0 fnt
|faint|p2a: Cobalion
|
|switch|p1a: Meghan Trainor|Nidoqueen, F|202\/352
|-damage|p1a: Meghan Trainor|180\/352|[from] Stealth Rock
|
|
|switch|p2a: Reuniclus|Reuniclus, M|76\/424
|turn|31
|c|âbaenail|gg
|c| HumanRotom|hey vaporeon for ubers
|
|move|p1a: Meghan Trainor|Sludge Wave|p2a: Reuniclus
|-damage|p2a: Reuniclus|0 fnt
|faint|p2a: Reuniclus
|
|c|âVaporeon for Ubers|gg
|
|switch|p2a: Whimsicott|Whimsicott, F|261\/261
|-damage|p2a: Whimsicott|229\/261|[from] Stealth Rock
|turn|32
|c| HumanRotom|jolteon for ubers
|
|move|p2a: Whimsicott|Giga Drain|p1a: Meghan Trainor
|-damage|p1a: Meghan Trainor|72\/352
|-heal|p2a: Whimsicott|261\/261|[from] drain|[of] p1a: Meghan Trainor
|move|p1a: Meghan Trainor|Sludge Wave|p2a: Whimsicott
|-supereffective|p2a: Whimsicott
|-damage|p2a: Whimsicott|0 fnt
|faint|p2a: Whimsicott
|
|
|switch|p2a: Hydreigon|Hydreigon, M|31\/325
|-damage|p2a: Hydreigon|0 fnt|[from] Stealth Rock
|faint|p2a: Hydreigon
|
|win|Vaporeon for Ubers
|c| ampd302|,
|leave|Vaporeon for Ubers
|leave|Seriously Cereal
|leave|baenail
|leave|HumanRotom
|player|p1
|player|p2
|leave|ampd302
|leave|Orderlymess
|leave|Spuun
|leave|HallsWithBalls