|join|xMarth
|join|baenail
|player|p1|xMarth|153
|player|p2|baenail|147
|gametype|singles
|gen|6
|tier|UU
|rated
|rule|Sleep Clause Mod: Limit one foe put to sleep
|rule|Species Clause: Limit one of each PokÃ©mon
|rule|OHKO Clause: OHKO moves are banned
|rule|Moody Clause: Moody is banned
|rule|Evasion Moves Clause: Evasion moves are banned
|rule|Endless Battle Clause: Forcing endless battles is banned
|rule|HP Percentage Mod: HP is shown in percentages
|clearpoke
|poke|p1|Zygarde
|poke|p1|Lopunny, M
|poke|p1|Hydreigon, M
|poke|p1|Tentacruel, F
|poke|p1|Bronzong
|poke|p1|Florges, F
|poke|p2|Zygarde
|poke|p2|Whimsicott, F
|poke|p2|Suicune
|poke|p2|Crobat, M
|poke|p2|Jirachi
|poke|p2|Krookodile, M
|rule|Swagger Clause: Swagger is banned
|rule|Baton Pass Clause: Limit one PokÃ©mon knowing Baton Pass
|teampreview
|c|âbaenail|glhf
|join|Truth In Lies
|c|âxMarth|u2
|
|start
|switch|p1a: Lopunny|Lopunny, M|271\/271
|switch|p2a: Whimsicott|Whimsicott, F|261\/261
|turn|1
|join|So Dynamic
|
|switch|p2a: Jirachi|Jirachi|341\/341
|detailschange|p1a: Lopunny|Lopunny-Mega, M
|message|Lopunny has Mega Evolved into Mega Lopunny!
|move|p1a: Lopunny|Frustration|p2a: Jirachi
|-resisted|p2a: Jirachi
|-damage|p2a: Jirachi|253\/341
|
|turn|2
|
|move|p2a: Jirachi|U-turn|p1a: Lopunny
|-resisted|p1a: Lopunny
|-damage|p1a: Lopunny|237\/271
|
|switch|p2a: Crobat|Crobat, M|337\/337
|move|p1a: Lopunny|Frustration|p2a: Crobat
|-damage|p2a: Crobat|129\/337
|
|-heal|p2a: Crobat|150\/337|[from] item: Black Sludge
|turn|3
|
|switch|p2a: Jirachi|Jirachi|253\/341
|move|p1a: Lopunny|Frustration|p2a: Jirachi
|-resisted|p2a: Jirachi
|-damage|p2a: Jirachi|154\/341
|
|turn|4
|
|switch|p1a: Tentacruel|Tentacruel, F|364\/364
|move|p2a: Jirachi|Zen Headbutt|p1a: Tentacruel
|-supereffective|p1a: Tentacruel
|-damage|p1a: Tentacruel|148\/364
|
|-heal|p1a: Tentacruel|170\/364|[from] item: Black Sludge
|turn|5
|
|switch|p2a: Krookodile|Krookodile, M|335\/335
|-ability|p2a: Krookodile|Intimidate|[of] p1a: Tentacruel
|-unboost|p1a: Tentacruel|atk|1
|switch|p1a: Hydreigon|Hydreigon, M|325\/325
|
|turn|6
|
|move|p1a: Hydreigon|U-turn|p2a: Krookodile
|-supereffective|p2a: Krookodile
|-damage|p2a: Krookodile|217\/335
|
|switch|p1a: Florges|Florges, F|360\/360
|move|p2a: Krookodile|Stealth Rock|p1a: Florges
|-sidestart|p1: xMarth|move: Stealth Rock
|
|turn|7
|
|switch|p2a: Crobat|Crobat, M|150\/337
|move|p1a: Florges|Moonblast|p2a: Crobat
|-resisted|p2a: Crobat
|-damage|p2a: Crobat|77\/337
|-unboost|p2a: Crobat|spa|1
|
|-heal|p2a: Crobat|98\/337|[from] item: Black Sludge
|turn|8
|
|switch|p1a: Bronzong|Bronzong|338\/338
|-damage|p1a: Bronzong|317\/338|[from] Stealth Rock
|move|p2a: Crobat|Roost|p2a: Crobat
|-heal|p2a: Crobat|267\/337
|
|-heal|p2a: Crobat|288\/337|[from] item: Black Sludge
|-heal|p1a: Bronzong|338\/338|[from] item: Leftovers
|turn|9
|
|move|p2a: Crobat|U-turn|p1a: Bronzong
|-damage|p1a: Bronzong|298\/338
|
|switch|p2a: Krookodile|Krookodile, M|217\/335
|-ability|p2a: Krookodile|Intimidate|[of] p1a: Bronzong
|-unboost|p1a: Bronzong|atk|1
|move|p1a: Bronzong|Stealth Rock|p2a: Krookodile
|-sidestart|p2: baenail|move: Stealth Rock
|
|-heal|p1a: Bronzong|319\/338|[from] item: Leftovers
|turn|10
|join|VoD Lochie
|c| VoD Lochie|ba3
|
|switch|p1a: Hydreigon|Hydreigon, M|325\/325
|-damage|p1a: Hydreigon|285\/325|[from] Stealth Rock
|move|p2a: Krookodile|Knock Off|p1a: Hydreigon
|-resisted|p1a: Hydreigon
|-damage|p1a: Hydreigon|187\/325
|-enditem|p1a: Hydreigon|Choice Scarf|[from] move: Knock Off|[of] p2a: Krookodile
|
|turn|11
|
|switch|p2a: Suicune|Suicune|404\/404
|-damage|p2a: Suicune|354\/404|[from] Stealth Rock
|-ability|p2a: Suicune|Pressure
|move|p1a: Hydreigon|Fire Blast|p2a: Suicune
|-resisted|p2a: Suicune
|-damage|p2a: Suicune|297\/404
|-status|p2a: Suicune|brn
|
|-heal|p2a: Suicune|322\/404 brn|[from] item: Leftovers
|-damage|p2a: Suicune|272\/404 brn|[from] brn
|turn|12
|
|move|p1a: Hydreigon|Dark Pulse|p2a: Suicune
|-damage|p2a: Suicune|155\/404 brn
|move|p2a: Suicune|Scald|p1a: Hydreigon
|-resisted|p1a: Hydreigon
|-damage|p1a: Hydreigon|127\/325
|
|-heal|p2a: Suicune|180\/404 brn|[from] item: Leftovers
|-damage|p2a: Suicune|130\/404 brn|[from] brn
|turn|13
|
|move|p1a: Hydreigon|Draco Meteor|p2a: Suicune
|-crit|p2a: Suicune
|-damage|p2a: Suicune|0 fnt
|-unboost|p1a: Hydreigon|spa|2
|faint|p2a: Suicune
|
|
|switch|p2a: Whimsicott|Whimsicott, F|261\/261
|-damage|p2a: Whimsicott|229\/261|[from] Stealth Rock
|turn|14
|join|gamerguy1123
|
|switch|p1a: Florges|Florges, F|360\/360
|-damage|p1a: Florges|315\/360|[from] Stealth Rock
|move|p2a: Whimsicott|U-turn|p1a: Florges
|-resisted|p1a: Florges
|-damage|p1a: Florges|299\/360
|
|switch|p2a: Jirachi|Jirachi|154\/341
|-damage|p2a: Jirachi|133\/341|[from] Stealth Rock
|
|-heal|p1a: Florges|321\/360|[from] item: Leftovers
|turn|15
|
|move|p1a: Florges|Protect|p1a: Florges
|-singleturn|p1a: Florges|Protect
|move|p2a: Jirachi|Iron Head|p1a: Florges
|-activate|p1a: Florges|Protect
|
|-heal|p1a: Florges|343\/360|[from] item: Leftovers
|turn|16
|
|switch|p2a: Krookodile|Krookodile, M|217\/335
|-damage|p2a: Krookodile|197\/335|[from] Stealth Rock
|-ability|p2a: Krookodile|Intimidate|[of] p1a: Florges
|-unboost|p1a: Florges|atk|1
|switch|p1a: Tentacruel|Tentacruel, F|170\/364
|-damage|p1a: Tentacruel|125\/364|[from] Stealth Rock
|
|-heal|p1a: Tentacruel|147\/364|[from] item: Black Sludge
|turn|17
|
|switch|p1a: Hydreigon|Hydreigon, M|127\/325
|-damage|p1a: Hydreigon|87\/325|[from] Stealth Rock
|move|p2a: Krookodile|Earthquake|p1a: Hydreigon
|-immune|p1a: Hydreigon|[msg]
|
|turn|18
|
|switch|p2a: Whimsicott|Whimsicott, F|229\/261
|-damage|p2a: Whimsicott|197\/261|[from] Stealth Rock
|move|p1a: Hydreigon|U-turn|p2a: Whimsicott
|-damage|p2a: Whimsicott|142\/261
|
|switch|p1a: Lopunny|Lopunny-Mega, M|237\/271
|-damage|p1a: Lopunny|221\/271|[from] Stealth Rock
|
|-heal|p2a: Whimsicott|158\/261|[from] item: Leftovers
|turn|19
|
|move|p1a: Lopunny|Frustration|p2a: Whimsicott
|-damage|p2a: Whimsicott|0 fnt
|faint|p2a: Whimsicott
|
|
|switch|p2a: Jirachi|Jirachi|133\/341
|-damage|p2a: Jirachi|112\/341|[from] Stealth Rock
|turn|20
|
|switch|p1a: Bronzong|Bronzong|319\/338
|-damage|p1a: Bronzong|298\/338|[from] Stealth Rock
|move|p2a: Jirachi|Zen Headbutt|p1a: Bronzong
|-resisted|p1a: Bronzong
|-damage|p1a: Bronzong|276\/338
|
|-heal|p1a: Bronzong|297\/338|[from] item: Leftovers
|turn|21
|join|Alldaalts
|
|switch|p2a: Krookodile|Krookodile, M|197\/335
|-damage|p2a: Krookodile|177\/335|[from] Stealth Rock
|-ability|p2a: Krookodile|Intimidate|[of] p1a: Bronzong
|-unboost|p1a: Bronzong|atk|1
|switch|p1a: Hydreigon|Hydreigon, M|87\/325
|-damage|p1a: Hydreigon|47\/325|[from] Stealth Rock
|
|turn|22
|
|switch|p2a: Crobat|Crobat, M|288\/337
|-damage|p2a: Crobat|204\/337|[from] Stealth Rock
|move|p1a: Hydreigon|Draco Meteor|p2a: Crobat|[miss]
|-miss|p1a: Hydreigon|p2a: Crobat
|
|-heal|p2a: Crobat|225\/337|[from] item: Black Sludge
|turn|23
|c| gamerguy1123|R.I.P
|
|move|p2a: Crobat|Defog|p1a: Hydreigon
|-unboost|p1a: Hydreigon|evasion|1
|-sideend|p1: xMarth|Stealth Rock|[from] move: Defog|[of] p1a: Hydreigon
|-sideend|p2: baenail|Stealth Rock|[from] move: Defog|[of] p2a: Crobat
|move|p1a: Hydreigon|Draco Meteor|p2a: Crobat
|-damage|p2a: Crobat|0 fnt
|-unboost|p1a: Hydreigon|spa|2
|faint|p2a: Crobat
|
|leave|Truth In Lies
|
|switch|p2a: Jirachi|Jirachi|112\/341
|turn|24
|join|ProbablyReallyBad
|
|switch|p1a: Florges|Florges, F|343\/360
|move|p2a: Jirachi|U-turn|p1a: Florges
|-resisted|p1a: Florges
|-damage|p1a: Florges|309\/360
|join|4FS
|
|switch|p2a: Krookodile|Krookodile, M|177\/335
|-ability|p2a: Krookodile|Intimidate|[of] p1a: Florges
|-unboost|p1a: Florges|atk|1
|
|-heal|p1a: Florges|331\/360|[from] item: Leftovers
|turn|25
|
|switch|p2a: Jirachi|Jirachi|112\/341
|move|p1a: Florges|Moonblast|p2a: Jirachi
|-resisted|p2a: Jirachi
|-damage|p2a: Jirachi|55\/341
|-unboost|p2a: Jirachi|spa|1
|
|-heal|p1a: Florges|353\/360|[from] item: Leftovers
|turn|26
|
|move|p1a: Florges|Protect|p1a: Florges
|-singleturn|p1a: Florges|Protect
|move|p2a: Jirachi|Iron Head|p1a: Florges
|-activate|p1a: Florges|Protect
|
|-heal|p1a: Florges|360\/360|[from] item: Leftovers
|turn|27
|
|switch|p1a: Hydreigon|Hydreigon, M|47\/325
|move|p2a: Jirachi|Iron Head|p1a: Hydreigon
|-damage|p1a: Hydreigon|0 fnt
|faint|p1a: Hydreigon
|
|
|switch|p1a: Tentacruel|Tentacruel, F|147\/364
|turn|28
|
|switch|p2a: Zygarde|Zygarde|357\/357
|-ability|p2a: Zygarde|Aura Break
|move|p1a: Tentacruel|Toxic|p2a: Zygarde
|-status|p2a: Zygarde|tox
|
|-heal|p1a: Tentacruel|169\/364|[from] item: Black Sludge
|-damage|p2a: Zygarde|335\/357 tox|[from] psn
|turn|29
|
|switch|p2a: Krookodile|Krookodile, M|177\/335
|-ability|p2a: Krookodile|Intimidate|[of] p1a: Tentacruel
|-unboost|p1a: Tentacruel|atk|1
|switch|p1a: Bronzong|Bronzong|297\/338
|
|-heal|p1a: Bronzong|318\/338|[from] item: Leftovers
|turn|30
|
|move|p2a: Krookodile|Pursuit|p1a: Bronzong|[from]Pursuit
|-supereffective|p1a: Bronzong
|-damage|p1a: Bronzong|94\/338
|switch|p1a: Lopunny|Lopunny-Mega, M|221\/271
|
|turn|31
|
|move|p1a: Lopunny|Drain Punch|p2a: Krookodile
|-supereffective|p2a: Krookodile
|-damage|p2a: Krookodile|0 fnt
|-heal|p1a: Lopunny|271\/271|[from] drain|[of] p2a: Krookodile
|faint|p2a: Krookodile
|
|
|switch|p2a: Jirachi|Jirachi|55\/341
|turn|32
|
|move|p2a: Jirachi|Zen Headbutt|p1a: Lopunny
|-supereffective|p1a: Lopunny
|-damage|p1a: Lopunny|1\/271
|move|p1a: Lopunny|Drain Punch|p2a: Jirachi
|-damage|p2a: Jirachi|0 fnt
|-heal|p1a: Lopunny|29\/271|[from] drain|[of] p2a: Jirachi
|faint|p2a: Jirachi
|
|
|switch|p2a: Zygarde|Zygarde|335\/357 tox
|-ability|p2a: Zygarde|Aura Break
|turn|33
|join|Truth In Lies
|join|Eyan
|c|âxMarth|1hp
|c|âbaenail|rip
|
|move|p2a: Zygarde|Extreme Speed|p1a: Lopunny
|-damage|p1a: Lopunny|0 fnt
|-damage|p2a: Zygarde|300\/357 tox|[from] item: Life Orb
|faint|p1a: Lopunny
|
|-damage|p2a: Zygarde|278\/357 tox|[from] psn
|
|switch|p1a: Zygarde|Zygarde|405\/405
|-ability|p1a: Zygarde|Aura Break
|turn|34
|c| Eyan|nail you didn't get 6-0d
|c| Eyan|disappointed
|join|Emma Bae
|
|move|p2a: Zygarde|Outrage|p1a: Zygarde
|-supereffective|p1a: Zygarde
|-damage|p1a: Zygarde|38\/405
|-damage|p2a: Zygarde|243\/357 tox|[from] item: Life Orb
|move|p1a: Zygarde|Dragon Tail|p2a: Zygarde
|-supereffective|p2a: Zygarde
|-damage|p2a: Zygarde|133\/357 tox
|
|-heal|p1a: Zygarde|63\/405|[from] item: Leftovers
|-damage|p2a: Zygarde|89\/357 tox|[from] psn
|turn|35
|
|switch|p1a: Florges|Florges, F|360\/360
|move|p2a: Zygarde|Outrage|p1a: Florges
|-immune|p1a: Florges|[msg]
|
|-end|p2a: Zygarde|rampage
|-start|p2a: Zygarde|confusion
|-damage|p2a: Zygarde|23\/357 tox|[from] psn
|turn|36
|
|move|p1a: Florges|Protect|p1a: Florges
|-singleturn|p1a: Florges|Protect
|-activate|p2a: Zygarde|confusion
|move|p2a: Zygarde|Earthquake|p1a: Florges
|-activate|p1a: Florges|Protect
|
|-damage|p2a: Zygarde|0 fnt|[from] psn
|faint|p2a: Zygarde
|
|win|xMarth
|raw|Ladder updating...
|join|Super Mario Kek
|c|âbaenail|gg
|leave|baenail
|player|p2
|leave|Truth In Lies
|c|âxMarth|gg
|raw|xMarth's rating: 1622 &rarr; <strong>1628<\/strong><br \/>(+6 for winning)
|raw|baenail's rating: 1322 &rarr; <strong>1316<\/strong><br \/>(-6 for losing)