|join|baenail
|join|harrymajin
|player|p1|baenail|147
|player|p2|harrymajin|237
|gametype|singles
|gen|6
|tier|UU
|rated
|rule|Sleep Clause Mod: Limit one foe put to sleep
|rule|Species Clause: Limit one of each PokÃ©mon
|rule|OHKO Clause: OHKO moves are banned
|rule|Moody Clause: Moody is banned
|rule|Evasion Moves Clause: Evasion moves are banned
|rule|Endless Battle Clause: Forcing endless battles is banned
|rule|HP Percentage Mod: HP is shown in percentages
|clearpoke
|poke|p1|Slurpuff, M
|poke|p1|Krookodile, F
|poke|p1|Vaporeon, F
|poke|p1|Forretress, F
|poke|p1|Aerodactyl, F
|poke|p1|Raikou
|poke|p2|Absol, F
|poke|p2|Empoleon, M
|poke|p2|Nidoking, M
|poke|p2|Porygon2
|poke|p2|Mienshao, F
|poke|p2|Trevenant, F
|rule|Swagger Clause: Swagger is banned
|rule|Baton Pass Clause: Limit one PokÃ©mon knowing Baton Pass
|teampreview
|c|âbaenail|glhf
|c|âharrymajin|u2
|
|start
|switch|p1a: Vaporeon|Vaporeon, F|451\/451
|switch|p2a: Gavin|Nidoking, M|304\/304
|turn|1
|join|Classy Gengar
|
|switch|p2a: Treebeard|Trevenant, F|351\/351
|move|p1a: Vaporeon|Baton Pass|p1a: Vaporeon
|
|switch|p1a: Krookodile|Krookodile, F|331\/331
|-ability|p1a: Krookodile|Intimidate|[of] p2a: Treebeard
|-unboost|p2a: Treebeard|atk|1
|
|turn|2
|
|switch|p2a: Pingu's Dad|Empoleon, M|372\/372
|move|p1a: Krookodile|Knock Off|p2a: Pingu's Dad
|-damage|p2a: Pingu's Dad|213\/372
|-enditem|p2a: Pingu's Dad|Leftovers|[from] move: Knock Off|[of] p1a: Krookodile
|
|turn|3
|
|move|p1a: Krookodile|Earthquake|p2a: Pingu's Dad
|-supereffective|p2a: Pingu's Dad
|-damage|p2a: Pingu's Dad|0 fnt
|faint|p2a: Pingu's Dad
|
|
|switch|p2a: Ribbon Arms|Mienshao, F|271\/271
|turn|4
|leave|Classy Gengar
|
|switch|p1a: Forretress|Forretress, F|353\/353
|move|p2a: Ribbon Arms|Fake Out|p1a: Forretress
|-resisted|p1a: Forretress
|-damage|p1a: Forretress|335\/353
|-damage|p2a: Ribbon Arms|244\/271|[from] item: Life Orb
|
|-heal|p1a: Forretress|353\/353|[from] item: Leftovers
|turn|5
|
|move|p2a: Ribbon Arms|Knock Off|p1a: Forretress
|-damage|p1a: Forretress|275\/353
|-enditem|p1a: Forretress|Leftovers|[from] move: Knock Off|[of] p2a: Ribbon Arms
|-damage|p2a: Ribbon Arms|217\/271|[from] item: Life Orb
|move|p1a: Forretress|Stealth Rock|p2a: Ribbon Arms
|-sidestart|p2: harrymajin|move: Stealth Rock
|
|turn|6
|
|move|p2a: Ribbon Arms|High Jump Kick|p1a: Forretress
|-damage|p1a: Forretress|107\/353
|-damage|p2a: Ribbon Arms|190\/271|[from] item: Life Orb
|move|p1a: Forretress|Volt Switch|p2a: Ribbon Arms
|-damage|p2a: Ribbon Arms|130\/271
|
|switch|p1a: Aerodactyl|Aerodactyl, F|301\/301
|-ability|p1a: Aerodactyl|Pressure
|
|turn|7
|
|detailschange|p1a: Aerodactyl|Aerodactyl-Mega, F
|message|Aerodactyl has Mega Evolved into Mega Aerodactyl!
|move|p1a: Aerodactyl|Aerial Ace|p2a: Ribbon Arms
|-supereffective|p2a: Ribbon Arms
|-damage|p2a: Ribbon Arms|0 fnt
|faint|p2a: Ribbon Arms
|
|
|switch|p2a: Emo Phase|Absol, F|271\/271
|-damage|p2a: Emo Phase|238\/271|[from] Stealth Rock
|-ability|p2a: Emo Phase|Pressure
|turn|8
|
|detailschange|p2a: Emo Phase|Absol-Mega, F
|message|Absol has Mega Evolved into Mega Absol!
|move|p2a: Emo Phase|Sucker Punch|p1a: Aerodactyl
|-damage|p1a: Aerodactyl|111\/301
|move|p1a: Aerodactyl|Stone Edge|p2a: Emo Phase
|-damage|p2a: Emo Phase|0 fnt
|faint|p2a: Emo Phase
|
|
|switch|p2a: Gavin|Nidoking, M|304\/304
|-damage|p2a: Gavin|285\/304|[from] Stealth Rock
|turn|9
|
|move|p2a: Gavin|Ice Beam|p1a: Aerodactyl
|-supereffective|p1a: Aerodactyl
|-damage|p1a: Aerodactyl|0 fnt
|faint|p1a: Aerodactyl
|
|
|switch|p1a: Vaporeon|Vaporeon, F|451\/451
|turn|10
|
|switch|p2a: Quackers|Porygon2|374\/374
|-damage|p2a: Quackers|328\/374|[from] Stealth Rock
|-ability|p2a: Quackers|Water Absorb|[from] ability: Trace|[of] p1a: Vaporeon
|move|p1a: Vaporeon|Baton Pass|p1a: Vaporeon
|
|switch|p1a: Krookodile|Krookodile, F|331\/331
|-ability|p1a: Krookodile|Intimidate|[of] p2a: Quackers
|-unboost|p2a: Quackers|atk|1
|
|turn|11
|
|move|p1a: Krookodile|Knock Off|p2a: Quackers
|-damage|p2a: Quackers|177\/374
|-enditem|p2a: Quackers|Eviolite|[from] move: Knock Off|[of] p1a: Krookodile
|move|p2a: Quackers|Recover|p2a: Quackers
|-heal|p2a: Quackers|364\/374
|
|turn|12
|
|move|p1a: Krookodile|Earthquake|p2a: Quackers
|-damage|p2a: Quackers|174\/374
|move|p2a: Quackers|Tri Attack|p1a: Krookodile
|-damage|p1a: Krookodile|201\/331
|
|turn|13
|
|move|p1a: Krookodile|Earthquake|p2a: Quackers
|-damage|p2a: Quackers|0 fnt
|faint|p2a: Quackers
|
|
|switch|p2a: Gavin|Nidoking, M|285\/304
|-damage|p2a: Gavin|266\/304|[from] Stealth Rock
|turn|14
|
|switch|p1a: Forretress|Forretress, F|107\/353
|move|p2a: Gavin|Earth Power|p1a: Forretress
|-damage|p1a: Forretress|0 fnt
|faint|p1a: Forretress
|
|
|switch|p1a: Vaporeon|Vaporeon, F|451\/451
|turn|15
|
|move|p2a: Gavin|Earth Power|p1a: Vaporeon
|-damage|p1a: Vaporeon|289\/451
|move|p1a: Vaporeon|Scald|p2a: Gavin
|-supereffective|p2a: Gavin
|-damage|p2a: Gavin|8\/304
|
|-heal|p1a: Vaporeon|317\/451|[from] item: Leftovers
|turn|16
|
|move|p2a: Gavin|Earth Power|p1a: Vaporeon
|-damage|p1a: Vaporeon|149\/451
|move|p1a: Vaporeon|Scald|p2a: Gavin
|-supereffective|p2a: Gavin
|-damage|p2a: Gavin|0 fnt
|faint|p2a: Gavin
|
|-heal|p1a: Vaporeon|177\/451|[from] item: Leftovers
|
|switch|p2a: Treebeard|Trevenant, F|351\/351
|-damage|p2a: Treebeard|308\/351|[from] Stealth Rock
|turn|17
|
|move|p1a: Vaporeon|Baton Pass|p1a: Vaporeon
|
|switch|p1a: Slurpuff|Slurpuff, M|316\/316
|move|p2a: Treebeard|Substitute|p2a: Treebeard
|-start|p2a: Treebeard|Substitute
|-damage|p2a: Treebeard|221\/351
|
|turn|18
|
|move|p1a: Slurpuff|Play Rough|p2a: Treebeard
|-end|p2a: Treebeard|Substitute
|move|p2a: Treebeard|Will-O-Wisp|p1a: Slurpuff
|-status|p1a: Slurpuff|brn
|
|-damage|p1a: Slurpuff|277\/316 brn|[from] brn
|turn|19
|
|move|p1a: Slurpuff|Heal Bell|p1a: Slurpuff
|-cureteam|p1a: Slurpuff|[from] move: HealBell
|move|p2a: Treebeard|Substitute|p2a: Treebeard
|-start|p2a: Treebeard|Substitute
|-damage|p2a: Treebeard|134\/351
|-enditem|p2a: Treebeard|Sitrus Berry|[eat]
|-heal|p2a: Treebeard|221\/351|[from] item: Sitrus Berry
|
|-item|p2a: Treebeard|Sitrus Berry|[from] ability: Harvest
|turn|20
|
|move|p1a: Slurpuff|Play Rough|p2a: Treebeard
|-end|p2a: Treebeard|Substitute
|move|p2a: Treebeard|Leech Seed|p1a: Slurpuff|[miss]
|-miss|p2a: Treebeard|p1a: Slurpuff
|
|turn|21
|c|âharrymajin|gg
|
|move|p1a: Slurpuff|Play Rough|p2a: Treebeard
|-damage|p2a: Treebeard|73\/351
|-enditem|p2a: Treebeard|Sitrus Berry|[eat]
|-heal|p2a: Treebeard|160\/351|[from] item: Sitrus Berry
|move|p2a: Treebeard|Leech Seed|p1a: Slurpuff
|-start|p1a: Slurpuff|move: Leech Seed
|
|-damage|p1a: Slurpuff|238\/316|[from] Leech Seed|[of] p2a: Treebeard
|-heal|p2a: Treebeard|199\/351|[silent]
|-item|p2a: Treebeard|Sitrus Berry|[from] ability: Harvest
|turn|22
|
|switch|p1a: Krookodile|Krookodile, F|201\/331
|-ability|p1a: Krookodile|Intimidate|[of] p2a: Treebeard
|-unboost|p2a: Treebeard|atk|1
|move|p2a: Treebeard|Will-O-Wisp|p1a: Krookodile
|-status|p1a: Krookodile|brn
|
|-damage|p1a: Krookodile|160\/331 brn|[from] brn
|turn|23
|
|move|p1a: Krookodile|Knock Off|p2a: Treebeard
|-supereffective|p2a: Treebeard
|-damage|p2a: Treebeard|0 fnt
|-enditem|p2a: Treebeard|Sitrus Berry|[from] move: Knock Off|[of] p1a: Krookodile
|faint|p2a: Treebeard
|
|win|baenail
|raw|Ladder updating...
|c|âbaenail|gg