|join|baenail
|join|st123
|player|p1|baenail|147
|player|p2|st123|153
|gametype|singles
|gen|6
|tier|UU
|rule|Sleep Clause Mod: Limit one foe put to sleep
|rule|Species Clause: Limit one of each PokÃ©mon
|rule|OHKO Clause: OHKO moves are banned
|rule|Moody Clause: Moody is banned
|rule|Evasion Moves Clause: Evasion moves are banned
|rule|Endless Battle Clause: Forcing endless battles is banned
|rule|HP Percentage Mod: HP is shown in percentages
|clearpoke
|poke|p1|Azelf
|poke|p1|Suicune
|poke|p1|Mienshao, F
|poke|p1|Entei, shiny
|poke|p1|Whimsicott, M
|poke|p1|Raikou
|poke|p2|Zygarde
|poke|p2|Lopunny, F
|poke|p2|Hydreigon, F
|poke|p2|Tentacruel, F
|poke|p2|Bronzong
|poke|p2|Florges, F
|rule|Swagger Clause: Swagger is banned
|rule|Baton Pass Clause: Limit one PokÃ©mon knowing Baton Pass
|teampreview
|c|âbaenail|glhf
|join|thymetime
|c|âst123|u2
|
|start
|switch|p1a: Jewish boy|Azelf|291\/291
|switch|p2a: Hydreigon|Hydreigon, F|325\/325
|turn|1
|join|roast toast
|join|LessThanThreeMan
|
|move|p2a: Hydreigon|Dark Pulse|p1a: Jewish boy
|-supereffective|p1a: Jewish boy
|-enditem|p1a: Jewish boy|Focus Sash
|-damage|p1a: Jewish boy|1\/291
|move|p1a: Jewish boy|Stealth Rock|p2a: Hydreigon
|-sidestart|p2: st123|move: Stealth Rock
|
|turn|2
|
|switch|p1a: back to the field|Whimsicott, M|261\/261
|move|p2a: Hydreigon|Dark Pulse|p1a: back to the field
|-resisted|p1a: back to the field
|-damage|p1a: back to the field|168\/261
|
|-heal|p1a: back to the field|184\/261|[from] item: Leftovers
|turn|3
|join|Eyan
|
|switch|p2a: Tentacruel|Tentacruel, F|364\/364
|-damage|p2a: Tentacruel|319\/364|[from] Stealth Rock
|move|p1a: back to the field|U-turn|p2a: Tentacruel
|-resisted|p2a: Tentacruel
|-damage|p2a: Tentacruel|303\/364
|join|Truth In Lies
|
|switch|p1a: Jewish boy|Azelf|1\/291
|
|-heal|p2a: Tentacruel|325\/364|[from] item: Black Sludge
|turn|4
|
|move|p1a: Jewish boy|Knock Off|p2a: Tentacruel
|-damage|p2a: Tentacruel|211\/364
|-enditem|p2a: Tentacruel|Black Sludge|[from] move: Knock Off|[of] p1a: Jewish boy
|move|p2a: Tentacruel|Toxic Spikes|p1a: Jewish boy
|-sidestart|p1: baenail|move: Toxic Spikes
|
|turn|5
|
|move|p1a: Jewish boy|Explosion|p2a: Tentacruel
|-damage|p2a: Tentacruel|0 fnt
|faint|p1a: Jewish boy
|faint|p2a: Tentacruel
|
|join|Mike Hunts
|join|GoldDiggersby
|join|Laurens2603
|
|switch|p2a: Hydreigon|Hydreigon, F|325\/325
|switch|p1a: Flame pl8|Entei, shiny|371\/371
|-damage|p2a: Hydreigon|285\/325|[from] Stealth Rock
|-status|p1a: Flame pl8|psn
|-ability|p1a: Flame pl8|Pressure
|turn|6
|
|switch|p1a: Shifu|Mienshao, F|271\/271
|-status|p1a: Shifu|psn
|move|p2a: Hydreigon|Dark Pulse|p1a: Shifu
|-resisted|p1a: Shifu
|-damage|p1a: Shifu|168\/271 psn
|
|-damage|p1a: Shifu|135\/271 psn|[from] psn
|turn|7
|c|âst123|now i know uturn is coming
|join|numbuh 274
|c|âst123|but i have to switch hmmm
|
|switch|p2a: Florges|Florges, F|360\/360
|-damage|p2a: Florges|315\/360|[from] Stealth Rock
|move|p1a: Shifu|High Jump Kick|p2a: Florges
|-resisted|p2a: Florges
|-damage|p2a: Florges|186\/360
|
|-heal|p2a: Florges|208\/360|[from] item: Leftovers
|-damage|p1a: Shifu|102\/271 psn|[from] psn
|turn|8
|c| Laurens2603|oh shit
|c| Laurens2603|u so predicty
|
|switch|p1a: Flame pl8|Entei, shiny|371\/371 psn
|-ability|p1a: Flame pl8|Pressure
|move|p2a: Florges|Moonblast|p1a: Flame pl8
|-crit|p1a: Flame pl8
|-resisted|p1a: Flame pl8
|-damage|p1a: Flame pl8|250\/371 psn
|
|-heal|p2a: Florges|230\/360|[from] item: Leftovers
|-damage|p1a: Flame pl8|204\/371 psn|[from] psn
|turn|9
|c| roast toast|that's why sbb thinks
|c| roast toast|uturn is broken
|
|move|p2a: Florges|Protect|p2a: Florges
|-singleturn|p2a: Florges|Protect
|move|p1a: Flame pl8|Sacred Fire|p2a: Florges
|-activate|p2a: Florges|Protect
|
|-heal|p2a: Florges|252\/360|[from] item: Leftovers
|-damage|p1a: Flame pl8|158\/371 psn|[from] psn
|turn|10
|c|âst123|i can understand that
|join|Dragongroudon9
|
|switch|p2a: Hydreigon|Hydreigon, F|285\/325
|-damage|p2a: Hydreigon|245\/325|[from] Stealth Rock
|move|p1a: Flame pl8|Sacred Fire|p2a: Hydreigon
|-resisted|p2a: Hydreigon
|-damage|p2a: Hydreigon|130\/325
|
|-damage|p1a: Flame pl8|112\/371 psn|[from] psn
|turn|11
|join|Plz No Riperino
|
|move|p2a: Hydreigon|Dark Pulse|p1a: Flame pl8
|-damage|p1a: Flame pl8|0 fnt
|faint|p1a: Flame pl8
|
|c|âst123|the game would take more skill to play if they banned uturn
|
|switch|p1a: Shifu|Mienshao, F|102\/271 psn
|turn|12
|
|switch|p2a: Florges|Florges, F|252\/360
|-damage|p2a: Florges|207\/360|[from] Stealth Rock
|move|p1a: Shifu|U-turn|p2a: Florges
|-resisted|p2a: Florges
|-damage|p2a: Florges|171\/360
|
|switch|p1a: Northwind|Suicune|403\/403
|-status|p1a: Northwind|psn
|-ability|p1a: Northwind|Pressure
|
|-heal|p2a: Florges|193\/360|[from] item: Leftovers
|-damage|p1a: Northwind|353\/403 psn|[from] psn
|turn|13
|
|switch|p2a: Lopunny|Lopunny, F|271\/271
|-damage|p2a: Lopunny|238\/271|[from] Stealth Rock
|move|p1a: Northwind|Scald|p2a: Lopunny
|-damage|p2a: Lopunny|141\/271
|
|-heal|p1a: Northwind|378\/403 psn|[from] item: Leftovers
|-damage|p1a: Northwind|328\/403 psn|[from] psn
|turn|14
|
|detailschange|p2a: Lopunny|Lopunny-Mega, F
|message|Lopunny has Mega Evolved into Mega Lopunny!
|move|p2a: Lopunny|Drain Punch|p1a: Northwind
|-damage|p1a: Northwind|234\/403 psn
|-heal|p2a: Lopunny|188\/271|[from] drain|[of] p1a: Northwind
|move|p1a: Northwind|Scald|p2a: Lopunny
|-damage|p2a: Lopunny|97\/271
|
|-heal|p1a: Northwind|259\/403 psn|[from] item: Leftovers
|-damage|p1a: Northwind|209\/403 psn|[from] psn
|turn|15
|
|move|p2a: Lopunny|Frustration|p1a: Northwind
|-damage|p1a: Northwind|80\/403 psn
|move|p1a: Northwind|Rest|p1a: Northwind
|-status|p1a: Northwind|slp
|-heal|p1a: Northwind|403\/403 slp|[silent]
|-status|p1a: Northwind|slp|[from] move: Rest
|
|turn|16
|c| Laurens2603|huh?
|c| Laurens2603|no burn?
|
|switch|p1a: Shifu|Mienshao, F|102\/271 psn
|move|p2a: Lopunny|Encore|p1a: Shifu
|-fail|p1a: Shifu
|
|-damage|p1a: Shifu|69\/271 psn|[from] psn
|turn|17
|
|switch|p2a: Florges|Florges, F|193\/360
|-damage|p2a: Florges|148\/360|[from] Stealth Rock
|move|p1a: Shifu|High Jump Kick|p2a: Florges
|-crit|p2a: Florges
|-resisted|p2a: Florges
|-damage|p2a: Florges|0 fnt
|faint|p2a: Florges
|
|-damage|p1a: Shifu|36\/271 psn|[from] psn
|
|switch|p2a: Zygarde|Zygarde|405\/405
|-damage|p2a: Zygarde|380\/405|[from] Stealth Rock
|-ability|p2a: Zygarde|Aura Break
|turn|18
|
|switch|p1a: back to the field|Whimsicott, M|184\/261
|-status|p1a: back to the field|psn
|move|p2a: Zygarde|Earthquake|p1a: back to the field
|-resisted|p1a: back to the field
|-damage|p1a: back to the field|112\/261 psn
|
|-heal|p1a: back to the field|128\/261 psn|[from] item: Leftovers
|-heal|p2a: Zygarde|405\/405|[from] item: Leftovers
|-damage|p1a: back to the field|96\/261 psn|[from] psn
|turn|19
|
|switch|p2a: Bronzong|Bronzong|338\/338
|-damage|p2a: Bronzong|317\/338|[from] Stealth Rock
|move|p1a: back to the field|Moonblast|p2a: Bronzong
|-resisted|p2a: Bronzong
|-damage|p2a: Bronzong|270\/338
|
|-heal|p1a: back to the field|112\/261 psn|[from] item: Leftovers
|-heal|p2a: Bronzong|291\/338|[from] item: Leftovers
|-damage|p1a: back to the field|80\/261 psn|[from] psn
|turn|20
|leave|Plz No Riperino
|
|move|p1a: back to the field|U-turn|p2a: Bronzong
|-damage|p2a: Bronzong|267\/338
|
|switch|p1a: Northwind|Suicune|403\/403 slp
|-ability|p1a: Northwind|Pressure
|move|p2a: Bronzong|Stealth Rock|p1a: Northwind
|-sidestart|p1: baenail|move: Stealth Rock
|
|-heal|p2a: Bronzong|288\/338|[from] item: Leftovers
|turn|21
|
|switch|p2a: Lopunny|Lopunny-Mega, F|97\/271
|-damage|p2a: Lopunny|81\/271|[from] Stealth Rock
|cant|p1a: Northwind|slp
|move|p1a: Northwind|Sleep Talk|p1a: Northwind
|move|p1a: Northwind|Scald|p2a: Lopunny|[from]Sleep Talk
|-damage|p2a: Lopunny|0 fnt
|faint|p2a: Lopunny
|
|c|âst123|banscald
|
|switch|p2a: Zygarde|Zygarde|405\/405
|-damage|p2a: Zygarde|380\/405|[from] Stealth Rock
|-ability|p2a: Zygarde|Aura Break
|turn|22
|c|âbaenail|so luckE
|
|move|p2a: Zygarde|Substitute|p2a: Zygarde
|-start|p2a: Zygarde|Substitute
|-damage|p2a: Zygarde|279\/405
|cant|p1a: Northwind|slp
|move|p1a: Northwind|Sleep Talk|p1a: Northwind
|move|p1a: Northwind|Scald|p2a: Zygarde|[from]Sleep Talk
|-activate|p2a: Zygarde|Substitute|[damage]
|
|-heal|p2a: Zygarde|304\/405|[from] item: Leftovers
|turn|23
|
|move|p2a: Zygarde|Coil|p2a: Zygarde
|-boost|p2a: Zygarde|atk|1
|-boost|p2a: Zygarde|def|1
|-boost|p2a: Zygarde|accuracy|1
|-curestatus|p1a: Northwind|slp
|move|p1a: Northwind|Scald|p2a: Zygarde
|-end|p2a: Zygarde|Substitute
|
|-heal|p2a: Zygarde|329\/405|[from] item: Leftovers
|turn|24
|
|move|p2a: Zygarde|Substitute|p2a: Zygarde
|-start|p2a: Zygarde|Substitute
|-damage|p2a: Zygarde|228\/405
|move|p1a: Northwind|Calm Mind|p1a: Northwind
|-boost|p1a: Northwind|spa|1
|-boost|p1a: Northwind|spd|1
|
|-heal|p2a: Zygarde|253\/405|[from] item: Leftovers
|turn|25
|
|move|p1a: Northwind|Scald|p2a: Zygarde
|-crit|p2a: Zygarde
|-end|p2a: Zygarde|Substitute
|move|p2a: Zygarde|Dragon Tail|p1a: Northwind
|-damage|p1a: Northwind|337\/403
|drag|p1a: zip zap|Raikou|321\/321
|-status|p1a: zip zap|psn
|-damage|p1a: zip zap|281\/321 psn|[from] Stealth Rock
|-ability|p1a: zip zap|Pressure
|
|-heal|p2a: Zygarde|278\/405|[from] item: Leftovers
|-damage|p1a: zip zap|241\/321 psn|[from] psn
|turn|26
|
|switch|p2a: Bronzong|Bronzong|288\/338
|-damage|p2a: Bronzong|267\/338|[from] Stealth Rock
|move|p1a: zip zap|Extrasensory|p2a: Bronzong
|-resisted|p2a: Bronzong
|-damage|p2a: Bronzong|251\/338
|
|-heal|p2a: Bronzong|272\/338|[from] item: Leftovers
|-damage|p1a: zip zap|201\/321 psn|[from] psn
|turn|27
|c| Eyan|damage
|
|move|p1a: zip zap|Thunderbolt|p2a: Bronzong
|-damage|p2a: Bronzong|148\/338
|move|p2a: Bronzong|Earthquake|p1a: zip zap
|-supereffective|p1a: zip zap
|-damage|p1a: zip zap|25\/321 psn
|
|-heal|p2a: Bronzong|169\/338|[from] item: Leftovers
|-damage|p1a: zip zap|0 fnt|[from] psn
|faint|p1a: zip zap
|
|switch|p1a: Northwind|Suicune|337\/403
|-damage|p1a: Northwind|287\/403|[from] Stealth Rock
|-status|p1a: Northwind|psn
|-ability|p1a: Northwind|Pressure
|turn|28
|
|switch|p2a: Zygarde|Zygarde|278\/405
|-damage|p2a: Zygarde|253\/405|[from] Stealth Rock
|-ability|p2a: Zygarde|Aura Break
|move|p1a: Northwind|Calm Mind|p1a: Northwind
|-boost|p1a: Northwind|spa|1
|-boost|p1a: Northwind|spd|1
|
|-heal|p2a: Zygarde|278\/405|[from] item: Leftovers
|-heal|p1a: Northwind|312\/403 psn|[from] item: Leftovers
|-damage|p1a: Northwind|262\/403 psn|[from] psn
|turn|29
|
|move|p1a: Northwind|Scald|p2a: Zygarde
|-damage|p2a: Zygarde|157\/405
|move|p2a: Zygarde|Dragon Tail|p1a: Northwind
|-damage|p1a: Northwind|213\/403 psn
|drag|p1a: back to the field|Whimsicott, M|80\/261 psn
|-damage|p1a: back to the field|48\/261 psn|[from] Stealth Rock
|
|-heal|p1a: back to the field|64\/261 psn|[from] item: Leftovers
|-heal|p2a: Zygarde|182\/405|[from] item: Leftovers
|-damage|p1a: back to the field|32\/261 psn|[from] psn
|turn|30
|
|switch|p2a: Bronzong|Bronzong|169\/338
|-damage|p2a: Bronzong|148\/338|[from] Stealth Rock
|move|p1a: back to the field|U-turn|p2a: Bronzong
|-crit|p2a: Bronzong
|-damage|p2a: Bronzong|110\/338
|
|switch|p1a: Northwind|Suicune|213\/403 psn
|-damage|p1a: Northwind|163\/403 psn|[from] Stealth Rock
|-ability|p1a: Northwind|Pressure
|
|-heal|p1a: Northwind|188\/403 psn|[from] item: Leftovers
|-heal|p2a: Bronzong|131\/338|[from] item: Leftovers
|-damage|p1a: Northwind|138\/403 psn|[from] psn
|turn|31
|
|switch|p2a: Zygarde|Zygarde|182\/405
|-damage|p2a: Zygarde|157\/405|[from] Stealth Rock
|-ability|p2a: Zygarde|Aura Break
|move|p1a: Northwind|Rest|p1a: Northwind
|-status|p1a: Northwind|slp
|-heal|p1a: Northwind|403\/403 slp|[silent]
|-status|p1a: Northwind|slp|[from] move: Rest
|
|-heal|p2a: Zygarde|182\/405|[from] item: Leftovers
|turn|32
|
|switch|p1a: back to the field|Whimsicott, M|32\/261 psn
|-damage|p1a: back to the field|0 fnt|[from] Stealth Rock
|faint|p1a: back to the field
|move|p2a: Zygarde|Substitute|p2a: Zygarde
|-start|p2a: Zygarde|Substitute
|-damage|p2a: Zygarde|81\/405
|
|-heal|p2a: Zygarde|106\/405|[from] item: Leftovers
|
|switch|p1a: Shifu|Mienshao, F|36\/271 psn
|-damage|p1a: Shifu|20\/271 psn|[from] Stealth Rock
|turn|33
|
|move|p1a: Shifu|High Jump Kick|p2a: Zygarde
|-end|p2a: Zygarde|Substitute
|move|p2a: Zygarde|Coil|p2a: Zygarde
|-boost|p2a: Zygarde|atk|1
|-boost|p2a: Zygarde|def|1
|-boost|p2a: Zygarde|accuracy|1
|
|-heal|p2a: Zygarde|131\/405|[from] item: Leftovers
|-damage|p1a: Shifu|0 fnt|[from] psn
|faint|p1a: Shifu
|
|switch|p1a: Northwind|Suicune|403\/403 slp
|-damage|p1a: Northwind|353\/403 slp|[from] Stealth Rock
|-ability|p1a: Northwind|Pressure
|turn|34
|
|move|p2a: Zygarde|Substitute|p2a: Zygarde
|-start|p2a: Zygarde|Substitute
|-damage|p2a: Zygarde|30\/405
|cant|p1a: Northwind|slp
|move|p1a: Northwind|Sleep Talk|p1a: Northwind
|move|p1a: Northwind|Rest|p1a: Northwind|[from]Sleep Talk
|-fail|p1a: Northwind
|
|-heal|p2a: Zygarde|55\/405|[from] item: Leftovers
|-heal|p1a: Northwind|378\/403 slp|[from] item: Leftovers
|turn|35
|join|Tipsy Russian
|
|move|p2a: Zygarde|Coil|p2a: Zygarde
|-boost|p2a: Zygarde|atk|1
|-boost|p2a: Zygarde|def|1
|-boost|p2a: Zygarde|accuracy|1
|cant|p1a: Northwind|slp
|move|p1a: Northwind|Sleep Talk|p1a: Northwind
|move|p1a: Northwind|Calm Mind|p1a: Northwind|[from]Sleep Talk
|-boost|p1a: Northwind|spa|1
|-boost|p1a: Northwind|spd|1
|
|-heal|p2a: Zygarde|80\/405|[from] item: Leftovers
|-heal|p1a: Northwind|403\/403 slp|[from] item: Leftovers
|turn|36
|
|move|p2a: Zygarde|Earthquake|p1a: Northwind
|-damage|p1a: Northwind|252\/403 slp
|-curestatus|p1a: Northwind|slp
|move|p1a: Northwind|Scald|p2a: Zygarde
|-crit|p2a: Zygarde
|-end|p2a: Zygarde|Substitute
|
|-heal|p2a: Zygarde|105\/405|[from] item: Leftovers
|-heal|p1a: Northwind|277\/403|[from] item: Leftovers
|turn|37
|c| roast toast|damn
|
|move|p2a: Zygarde|Earthquake|p1a: Northwind
|-crit|p1a: Northwind
|-damage|p1a: Northwind|31\/403
|move|p1a: Northwind|Scald|p2a: Zygarde
|-crit|p2a: Zygarde
|-damage|p2a: Zygarde|0 fnt
|faint|p2a: Zygarde
|
|-heal|p1a: Northwind|56\/403|[from] item: Leftovers
|c| roast toast|oh
|
|switch|p2a: Hydreigon|Hydreigon, F|130\/325
|-damage|p2a: Hydreigon|90\/325|[from] Stealth Rock
|turn|38
|c| LessThanThreeMan|nice crits
|c|âst123|double crits
|c| Eyan|ban zygarde
|c|âst123|^
|
|move|p2a: Hydreigon|Dark Pulse|p1a: Northwind
|-damage|p1a: Northwind|0 fnt
|faint|p1a: Northwind
|
|win|st123
|c| roast toast|dm killed no ?
|c| thymetime|this was a really good game
|c|âbaenail|gg
|leave|GoldDiggersby
|c|âst123|gg
|leave|numbuh 274
|leave|thymetime
|leave|Mike Hunts
|leave|LessThanThreeMan
|leave|baenail
|player|p1
|c|âst123|yea i think draco koed after eq
|leave|st123
|player|p2
|leave|Laurens2603