|join|Wolfhead69
|join|baenail
|player|p1|Wolfhead69|265
|player|p2|baenail|147
|gametype|singles
|gen|6
|tier|UU
|rated
|rule|Sleep Clause Mod: Limit one foe put to sleep
|rule|Species Clause: Limit one of each PokÃ©mon
|rule|OHKO Clause: OHKO moves are banned
|rule|Moody Clause: Moody is banned
|rule|Evasion Moves Clause: Evasion moves are banned
|rule|Endless Battle Clause: Forcing endless battles is banned
|rule|HP Percentage Mod: HP is shown in percentages
|clearpoke
|poke|p1|Galvantula, F
|poke|p1|Empoleon, M
|poke|p1|Lucario, F
|poke|p1|Aerodactyl, F
|poke|p1|Donphan, F
|poke|p1|Chandelure, F
|poke|p2|Slurpuff, M
|poke|p2|Krookodile, M
|poke|p2|Vaporeon, F
|poke|p2|Forretress, M
|poke|p2|Aerodactyl, F
|poke|p2|Raikou
|rule|Swagger Clause: Swagger is banned
|rule|Baton Pass Clause: Limit one PokÃ©mon knowing Baton Pass
|teampreview
|c|âbaenail|glhf
|
|start
|switch|p1a: Chandelure|Chandelure, F|262\/262
|switch|p2a: Forretress|Forretress, M|353\/353
|turn|1
|c|âWolfhead69|u2
|
|move|p1a: Chandelure|Trick|p2a: Forretress
|-activate|p1a: Chandelure|move: Trick|[of] p2a: Forretress
|-item|p2a: Forretress|Choice Scarf|[from] move: Trick
|-item|p1a: Chandelure|Leftovers|[from] move: Trick
|move|p2a: Forretress|Volt Switch|p1a: Chandelure
|-damage|p1a: Chandelure|219\/262
|
|switch|p2a: Krookodile|Krookodile, M|331\/331
|-ability|p2a: Krookodile|Intimidate|[of] p1a: Chandelure
|-unboost|p1a: Chandelure|atk|1
|
|-heal|p1a: Chandelure|235\/262|[from] item: Leftovers
|turn|2
|
|move|p2a: Krookodile|Knock Off|p1a: Chandelure
|-supereffective|p1a: Chandelure
|-damage|p1a: Chandelure|0 fnt
|-enditem|p1a: Chandelure|Leftovers|[from] move: Knock Off|[of] p2a: Krookodile
|faint|p1a: Chandelure
|
|
|switch|p1a: Lucario|Lucario, F|282\/282
|turn|3
|
|move|p2a: Krookodile|Earthquake|p1a: Lucario
|-supereffective|p1a: Lucario
|-damage|p1a: Lucario|0 fnt
|faint|p1a: Lucario
|
|
|switch|p1a: Galvantula|Galvantula, F|282\/282
|turn|4
|
|switch|p2a: Forretress|Forretress, M|353\/353
|move|p1a: Galvantula|Bug Buzz|p2a: Forretress
|-resisted|p2a: Forretress
|-damage|p2a: Forretress|254\/353
|
|turn|5
|
|move|p1a: Galvantula|Thunder|p2a: Forretress
|-damage|p2a: Forretress|0 fnt
|faint|p2a: Forretress
|
|
|switch|p2a: Aerodactyl|Aerodactyl, F|301\/301
|-ability|p2a: Aerodactyl|Pressure
|turn|6
|
|detailschange|p2a: Aerodactyl|Aerodactyl-Mega, F
|message|Aerodactyl has Mega Evolved into Mega Aerodactyl!
|move|p2a: Aerodactyl|Aerial Ace|p1a: Galvantula
|-damage|p1a: Galvantula|54\/282
|move|p1a: Galvantula|Thunder|p2a: Aerodactyl
|-supereffective|p2a: Aerodactyl
|-damage|p2a: Aerodactyl|0 fnt
|faint|p2a: Aerodactyl
|
|
|switch|p2a: Raikou|Raikou|321\/321
|-ability|p2a: Raikou|Pressure
|turn|7
|
|switch|p1a: Donphan|Donphan, F|384\/384
|move|p2a: Raikou|Extrasensory|p1a: Donphan
|-damage|p1a: Donphan|254\/384
|
|-heal|p1a: Donphan|278\/384|[from] item: Leftovers
|turn|8
|
|switch|p2a: Krookodile|Krookodile, M|331\/331
|-ability|p2a: Krookodile|Intimidate|[of] p1a: Donphan
|-unboost|p1a: Donphan|atk|1
|move|p1a: Donphan|Knock Off|p2a: Krookodile
|-resisted|p2a: Krookodile
|-damage|p2a: Krookodile|283\/331
|-enditem|p2a: Krookodile|Black Glasses|[from] move: Knock Off|[of] p1a: Donphan
|
|-heal|p1a: Donphan|302\/384|[from] item: Leftovers
|turn|9
|
|switch|p1a: Aerodactyl|Aerodactyl, F|302\/302
|-ability|p1a: Aerodactyl|Unnerve|p2: baenail
|move|p2a: Krookodile|Knock Off|p1a: Aerodactyl
|-damage|p1a: Aerodactyl|145\/302
|
|turn|10
|
|detailschange|p1a: Aerodactyl|Aerodactyl-Mega, F
|message|Aerodactyl has Mega Evolved into Mega Aerodactyl!
|move|p1a: Aerodactyl|Hone Claws|p1a: Aerodactyl
|-boost|p1a: Aerodactyl|atk|1
|-boost|p1a: Aerodactyl|accuracy|1
|move|p2a: Krookodile|Earthquake|p1a: Aerodactyl
|-immune|p1a: Aerodactyl|[msg]
|
|turn|11
|
|move|p1a: Aerodactyl|Hone Claws|p1a: Aerodactyl
|-boost|p1a: Aerodactyl|atk|1
|-boost|p1a: Aerodactyl|accuracy|1
|move|p2a: Krookodile|Knock Off|p1a: Aerodactyl
|-damage|p1a: Aerodactyl|0 fnt
|faint|p1a: Aerodactyl
|
|
|switch|p1a: Galvantula|Galvantula, F|54\/282
|turn|12
|
|switch|p2a: Slurpuff|Slurpuff, M|316\/316
|move|p1a: Galvantula|Giga Drain|p2a: Slurpuff
|-damage|p2a: Slurpuff|228\/316
|-heal|p1a: Galvantula|98\/282|[from] drain|[of] p2a: Slurpuff
|
|turn|13
|
|switch|p2a: Raikou|Raikou|321\/321
|-ability|p2a: Raikou|Pressure
|move|p1a: Galvantula|Thunder|p2a: Raikou
|-resisted|p2a: Raikou
|-damage|p2a: Raikou|237\/321
|
|turn|14
|
|switch|p1a: Empoleon|Empoleon, M|372\/372
|move|p2a: Raikou|Volt Switch|p1a: Empoleon
|-supereffective|p1a: Empoleon
|-damage|p1a: Empoleon|148\/372
|
|switch|p2a: Krookodile|Krookodile, M|283\/331
|-ability|p2a: Krookodile|Intimidate|[of] p1a: Empoleon
|-unboost|p1a: Empoleon|atk|1
|
|-heal|p1a: Empoleon|171\/372|[from] item: Leftovers
|turn|15
|
|move|p2a: Krookodile|Earthquake|p1a: Empoleon
|-supereffective|p1a: Empoleon
|-damage|p1a: Empoleon|0 fnt
|faint|p1a: Empoleon
|
|
|switch|p1a: Galvantula|Galvantula, F|98\/282
|turn|16
|
|move|p1a: Galvantula|Giga Drain|p2a: Krookodile
|-supereffective|p2a: Krookodile
|-damage|p2a: Krookodile|93\/331
|-heal|p1a: Galvantula|193\/282|[from] drain|[of] p2a: Krookodile
|move|p2a: Krookodile|Knock Off|p1a: Galvantula
|-damage|p1a: Galvantula|0 fnt
|-enditem|p1a: Galvantula|Focus Sash|[from] move: Knock Off|[of] p2a: Krookodile
|faint|p1a: Galvantula
|
|-message|Wolfhead69 forfeited.
|
|win|baenail
|raw|Ladder updating...
|leave|Wolfhead69
|player|p1