|join|Chillingtilnoon
|join|Frost Fairy
|player|p1|Chillingtilnoon|70
|player|p2|Frost Fairy|79
|gametype|singles
|gen|6
|tier|ORAS OU
|rated
|rule|Sleep Clause Mod: Limit one foe put to sleep
|rule|Species Clause: Limit one of each PokÃ©mon
|rule|OHKO Clause: OHKO moves are banned
|rule|Moody Clause: Moody is banned
|rule|Evasion Moves Clause: Evasion moves are banned
|rule|Endless Battle Clause: Forcing endless battles is banned
|rule|HP Percentage Mod: HP is shown in percentages
|clearpoke
|poke|p1|Zapdos
|poke|p1|Greninja, M
|poke|p1|Diancie
|poke|p1|Talonflame, F
|poke|p1|Excadrill, F
|poke|p1|Ferrothorn, M
|poke|p2|Azumarill, M
|poke|p2|Glalie, M
|poke|p2|Latias, F
|poke|p2|Heatran, M
|poke|p2|Landorus-Therian, M
|poke|p2|Breloom, F
|rule|Swagger Clause: Swagger is banned
|rule|Baton Pass Clause: Limit one PokÃ©mon knowing Baton Pass
|teampreview
|
|start
|switch|p1a: Excadrill|Excadrill, F|362\/362
|switch|p2a: Landorus-Therian|Landorus-Therian, M|320\/320
|-ability|p2a: Landorus-Therian|Intimidate|[of] p1a: Excadrill
|-unboost|p1a: Excadrill|atk|1
|-ability|p1a: Excadrill|Mold Breaker
|turn|1
|
|switch|p1a: Ferrothorn|Ferrothorn, M|352\/352
|move|p2a: Landorus-Therian|Knock Off|p1a: Ferrothorn
|-damage|p1a: Ferrothorn|261\/352
|-damage|p2a: Landorus-Therian|280\/320|[from] ability: Iron Barbs|[of] p1a: Ferrothorn
|-enditem|p1a: Ferrothorn|Leftovers|[from] move: Knock Off|[of] p2a: Landorus-Therian
|
|turn|2
|
|switch|p2a: Heatran|Heatran, M|323\/323
|-item|p2a: Heatran|Air Balloon
|move|p1a: Ferrothorn|Stealth Rock|p2a: Heatran
|-sidestart|p2: Frost Fairy|move: Stealth Rock
|
|turn|3
|
|move|p2a: Heatran|Stealth Rock|p1a: Ferrothorn
|-sidestart|p1: Chillingtilnoon|move: Stealth Rock
|move|p1a: Ferrothorn|Leech Seed|p2a: Heatran
|-start|p2a: Heatran|move: Leech Seed
|
|-damage|p2a: Heatran|283\/323|[from] Leech Seed|[of] p1a: Ferrothorn
|-heal|p1a: Ferrothorn|301\/352|[silent]
|turn|4
|
|switch|p1a: Diancie|Diancie|241\/241
|-damage|p1a: Diancie|211\/241|[from] Stealth Rock
|move|p2a: Heatran|Fire Blast|p1a: Diancie|[miss]
|-miss|p2a: Heatran|p1a: Diancie
|
|-damage|p2a: Heatran|243\/323|[from] Leech Seed|[of] p1a: Diancie
|-heal|p1a: Diancie|241\/241|[silent]
|turn|5
|
|move|p2a: Heatran|Flash Cannon|p1a: Diancie
|-supereffective|p1a: Diancie
|-damage|p1a: Diancie|0 fnt
|faint|p1a: Diancie
|
|
|switch|p1a: Greninja|Greninja, M|285\/285
|-damage|p1a: Greninja|250\/285|[from] Stealth Rock
|turn|6
|
|switch|p2a: Azumarill|Azumarill, M|404\/404
|-damage|p2a: Azumarill|354\/404|[from] Stealth Rock
|move|p1a: Greninja|Hydro Pump|p2a: Azumarill
|-start|p1a: Greninja|typechange|Water|[from] Protean
|-resisted|p2a: Azumarill
|-damage|p2a: Azumarill|273\/404
|-damage|p1a: Greninja|222\/285|[from] item: Life Orb
|
|turn|7
|
|move|p1a: Greninja|Gunk Shot|p2a: Azumarill
|-start|p1a: Greninja|typechange|Poison|[from] Protean
|-supereffective|p2a: Azumarill
|-damage|p2a: Azumarill|0 fnt
|-damage|p1a: Greninja|194\/285|[from] item: Life Orb
|faint|p2a: Azumarill
|
|
|switch|p2a: Landorus-Therian|Landorus-Therian, M|280\/320
|-damage|p2a: Landorus-Therian|240\/320|[from] Stealth Rock
|-ability|p2a: Landorus-Therian|Intimidate|[of] p1a: Greninja
|-unboost|p1a: Greninja|atk|1
|turn|8
|
|switch|p1a: Zapdos|Zapdos|384\/384
|-damage|p1a: Zapdos|288\/384|[from] Stealth Rock
|-ability|p1a: Zapdos|Pressure
|move|p2a: Landorus-Therian|Stone Edge|p1a: Zapdos
|-supereffective|p1a: Zapdos
|-damage|p1a: Zapdos|50\/384
|
|-heal|p1a: Zapdos|74\/384|[from] item: Leftovers
|turn|9
|
|move|p2a: Landorus-Therian|Stone Edge|p1a: Zapdos
|-supereffective|p1a: Zapdos
|-damage|p1a: Zapdos|0 fnt
|faint|p1a: Zapdos
|
|
|switch|p1a: Ferrothorn|Ferrothorn, M|301\/352
|-damage|p1a: Ferrothorn|279\/352|[from] Stealth Rock
|turn|10
|
|switch|p2a: Heatran|Heatran, M|243\/323
|-damage|p2a: Heatran|203\/323|[from] Stealth Rock
|-item|p2a: Heatran|Air Balloon
|move|p1a: Ferrothorn|Thunder Wave|p2a: Heatran
|-status|p2a: Heatran|par
|
|turn|11
|
|switch|p1a: Talonflame|Talonflame, F|359\/359
|-damage|p1a: Talonflame|180\/359|[from] Stealth Rock
|move|p2a: Heatran|Fire Blast|p1a: Talonflame
|-resisted|p1a: Talonflame
|-damage|p1a: Talonflame|87\/359
|
|-heal|p1a: Talonflame|109\/359|[from] item: Leftovers
|turn|12
|
|move|p1a: Talonflame|Roost|p1a: Talonflame
|-heal|p1a: Talonflame|289\/359
|move|p2a: Heatran|Earth Power|p1a: Talonflame
|-supereffective|p1a: Talonflame
|-damage|p1a: Talonflame|83\/359
|
|-heal|p1a: Talonflame|105\/359|[from] item: Leftovers
|turn|13
|
|switch|p2a: Landorus-Therian|Landorus-Therian, M|240\/320
|-damage|p2a: Landorus-Therian|200\/320|[from] Stealth Rock
|-ability|p2a: Landorus-Therian|Intimidate|[of] p1a: Talonflame
|-unboost|p1a: Talonflame|atk|1
|move|p1a: Talonflame|Roost|p1a: Talonflame
|-heal|p1a: Talonflame|285\/359
|
|-heal|p1a: Talonflame|307\/359|[from] item: Leftovers
|turn|14
|
|move|p2a: Landorus-Therian|Knock Off|p1a: Talonflame
|-crit|p1a: Talonflame
|-damage|p1a: Talonflame|37\/359
|-enditem|p1a: Talonflame|Leftovers|[from] move: Knock Off|[of] p2a: Landorus-Therian
|move|p1a: Talonflame|Will-O-Wisp|p2a: Landorus-Therian
|-status|p2a: Landorus-Therian|brn
|
|-damage|p2a: Landorus-Therian|160\/320 brn|[from] brn
|turn|15
|
|switch|p2a: Latias|Latias, F|302\/302
|-damage|p2a: Latias|265\/302|[from] Stealth Rock
|move|p1a: Talonflame|Roost|p1a: Talonflame
|-heal|p1a: Talonflame|217\/359
|
|turn|16
|
|move|p1a: Talonflame|Roost|p1a: Talonflame
|-heal|p1a: Talonflame|359\/359
|move|p2a: Latias|Thunderbolt|p1a: Talonflame
|-damage|p1a: Talonflame|246\/359
|-damage|p2a: Latias|235\/302|[from] item: Life Orb
|
|turn|17
|
|move|p1a: Talonflame|Roost|p1a: Talonflame
|-heal|p1a: Talonflame|359\/359
|move|p2a: Latias|Psyshock|p1a: Talonflame
|-damage|p1a: Talonflame|156\/359
|-damage|p2a: Latias|205\/302|[from] item: Life Orb
|
|turn|18
|
|move|p1a: Talonflame|Brave Bird|p2a: Latias
|-damage|p2a: Latias|124\/302
|-damage|p1a: Talonflame|129\/359|[from] recoil|[of] p2a: Latias
|move|p2a: Latias|Draco Meteor|p1a: Talonflame
|-damage|p1a: Talonflame|0 fnt
|-unboost|p2a: Latias|spa|2
|-damage|p2a: Latias|94\/302|[from] item: Life Orb
|faint|p1a: Talonflame
|
|
|switch|p1a: Ferrothorn|Ferrothorn, M|279\/352
|-damage|p1a: Ferrothorn|257\/352|[from] Stealth Rock
|turn|19
|
|move|p2a: Latias|Psyshock|p1a: Ferrothorn
|-resisted|p1a: Ferrothorn
|-damage|p1a: Ferrothorn|226\/352
|-damage|p2a: Latias|64\/302|[from] item: Life Orb
|move|p1a: Ferrothorn|Leech Seed|p2a: Latias
|-start|p2a: Latias|move: Leech Seed
|
|-damage|p2a: Latias|27\/302|[from] Leech Seed|[of] p1a: Ferrothorn
|-heal|p1a: Ferrothorn|263\/352|[silent]
|turn|20
|
|move|p2a: Latias|Defog|p1a: Ferrothorn
|-unboost|p1a: Ferrothorn|evasion|1
|-sideend|p1: Chillingtilnoon|Stealth Rock|[from] move: Defog|[of] p1a: Ferrothorn
|-sideend|p2: Frost Fairy|Stealth Rock|[from] move: Defog|[of] p2a: Latias
|move|p1a: Ferrothorn|Power Whip|p2a: Latias|[miss]
|-miss|p1a: Ferrothorn|p2a: Latias
|
|-damage|p2a: Latias|0 fnt|[from] Leech Seed|[of] p1a: Ferrothorn
|-heal|p1a: Ferrothorn|290\/352|[silent]
|faint|p2a: Latias
|
|switch|p2a: Heatran|Heatran, M|203\/323 par
|-item|p2a: Heatran|Air Balloon
|turn|21
|
|move|p1a: Ferrothorn|Stealth Rock|p2a: Heatran
|-sidestart|p2: Frost Fairy|move: Stealth Rock
|move|p2a: Heatran|Fire Blast|p1a: Ferrothorn
|-supereffective|p1a: Ferrothorn
|-damage|p1a: Ferrothorn|0 fnt
|faint|p1a: Ferrothorn
|
|
|switch|p1a: Greninja|Greninja, M|194\/285
|turn|22
|
|move|p1a: Greninja|Hydro Pump|p2a: Heatran|[miss]
|-start|p1a: Greninja|typechange|Water|[from] Protean
|-miss|p1a: Greninja|p2a: Heatran
|move|p2a: Heatran|Fire Blast|p1a: Greninja|[miss]
|-miss|p2a: Heatran|p1a: Greninja
|
|turn|23
|
|move|p1a: Greninja|Hydro Pump|p2a: Heatran|[miss]
|-miss|p1a: Greninja|p2a: Heatran
|move|p2a: Heatran|Fire Blast|p1a: Greninja
|-resisted|p1a: Greninja
|-damage|p1a: Greninja|26\/285
|-status|p1a: Greninja|brn
|
|-damage|p1a: Greninja|0 fnt|[from] brn
|faint|p1a: Greninja
|c|âFrost Fairy|wow
|c|âFrost Fairy|sorry
|
|switch|p1a: Excadrill|Excadrill, F|362\/362
|-ability|p1a: Excadrill|Mold Breaker
|turn|24
|
|switch|p2a: Landorus-Therian|Landorus-Therian, M|160\/320 brn
|-damage|p2a: Landorus-Therian|120\/320 brn|[from] Stealth Rock
|-ability|p2a: Landorus-Therian|Intimidate|[of] p1a: Excadrill
|-unboost|p1a: Excadrill|atk|1
|move|p1a: Excadrill|Iron Head|p2a: Landorus-Therian
|-damage|p2a: Landorus-Therian|20\/320 brn
|
|-damage|p2a: Landorus-Therian|0 fnt|[from] brn
|faint|p2a: Landorus-Therian
|
|switch|p2a: Breloom|Breloom, F|262\/262
|-damage|p2a: Breloom|246\/262|[from] Stealth Rock
|turn|25
|
|move|p1a: Excadrill|Iron Head|p2a: Breloom
|-damage|p2a: Breloom|128\/262
|cant|p2a: Breloom|flinch
|
|turn|26
|
|move|p2a: Breloom|Mach Punch|p1a: Excadrill
|-supereffective|p1a: Excadrill
|-damage|p1a: Excadrill|26\/362
|move|p1a: Excadrill|Iron Head|p2a: Breloom
|-damage|p2a: Breloom|10\/262
|
|turn|27
|
|move|p1a: Excadrill|Iron Head|p2a: Breloom
|-damage|p2a: Breloom|0 fnt
|faint|p2a: Breloom
|
|
|switch|p2a: Glalie|Glalie, M|302\/302
|-damage|p2a: Glalie|227\/302|[from] Stealth Rock
|turn|28
|
|detailschange|p2a: Glalie|Glalie-Mega, M
|message|Glalie has Mega Evolved into Mega Glalie!
|move|p2a: Glalie|Ice Shard|p1a: Excadrill
|-damage|p1a: Excadrill|0 fnt
|faint|p1a: Excadrill
|
|win|Frost Fairy
|raw|Ladder updating...
|raw|Chillingtilnoon's rating: 1216 &rarr; <strong>1188<\/strong><br \/>(-28 for losing)
|raw|Frost Fairy's rating: 1174 &rarr; <strong>1202<\/strong><br \/>(+28 for winning)
|leave|Chillingtilnoon
|player|p1