|join|Chillaxmytest
|join|fenyx4
|player|p1|Chillaxmytest|106
|player|p2|fenyx4|167
|gametype|singles
|gen|6
|tier|OU
|rated
|clearpoke
|poke|p1|Chesnaught, F
|poke|p1|Lopunny, F
|poke|p1|Tyranitar, F
|poke|p1|Landorus-Therian, M
|poke|p1|Sylveon, M
|poke|p1|Empoleon, F
|poke|p2|Starmie
|poke|p2|Thundurus-Therian, M
|poke|p2|Chandelure, M
|poke|p2|Greninja, M
|poke|p2|Latias, F
|poke|p2|Smeargle, M
|rule|Swagger Clause: Swagger is banned
|rule|Baton Pass Clause: Limit one PokÃ©mon knowing Baton Pass
|rule|Sleep Clause Mod: Limit one foe put to sleep
|rule|Species Clause: Limit one of each PokÃ©mon
|rule|OHKO Clause: OHKO moves are banned
|rule|Moody Clause: Moody is banned
|rule|Evasion Moves Clause: Evasion moves are banned
|rule|Endless Battle Clause: Forcing endless battles is banned
|rule|HP Percentage Mod: HP is shown in percentages
|teampreview
|
|start
|switch|p1a: Chesnaught|Chesnaught, F|380\/380
|switch|p2a: Smeargle|Smeargle, M|314\/314
|turn|1
|
|move|p2a: Smeargle|Quiver Dance|p2a: Smeargle
|-boost|p2a: Smeargle|spa|1
|-boost|p2a: Smeargle|spd|1
|-boost|p2a: Smeargle|spe|1
|move|p1a: Chesnaught|Drain Punch|p2a: Smeargle
|-supereffective|p2a: Smeargle
|-enditem|p2a: Smeargle|Focus Sash
|-damage|p2a: Smeargle|1\/314
|
|turn|2
|
|move|p2a: Smeargle|Baton Pass|p2a: Smeargle
|
|switch|p2a: Latias|Latias, F|364\/364
|move|p1a: Chesnaught|Leech Seed|p2a: Latias
|-start|p2a: Latias|move: Leech Seed
|
|-damage|p2a: Latias|319\/364|[from] Leech Seed|[of] p1a: Chesnaught
|turn|3
|
|switch|p1a: Tyranitar|Tyranitar, F|341\/341
|-weather|Sandstorm
|detailschange|p2a: Latias|Latias-Mega, F
|message|Latias has Mega Evolved into Mega Latias!
|move|p2a: Latias|Ice Beam|p1a: Tyranitar
|-damage|p1a: Tyranitar|242\/341
|
|-weather|Sandstorm|[upkeep]
|-damage|p2a: Latias|297\/364|[from] sandstorm
|-damage|p2a: Latias|252\/364|[from] Leech Seed|[of] p1a: Tyranitar
|-heal|p1a: Tyranitar|287\/341|[silent]
|turn|4
|
|move|p2a: Latias|Dragon Pulse|p1a: Tyranitar
|-damage|p1a: Tyranitar|136\/341
|move|p1a: Tyranitar|Pursuit|p2a: Latias
|-supereffective|p2a: Latias
|-damage|p2a: Latias|160\/364
|
|-weather|Sandstorm|[upkeep]
|-damage|p2a: Latias|138\/364|[from] sandstorm
|-damage|p2a: Latias|93\/364|[from] Leech Seed|[of] p1a: Tyranitar
|-heal|p1a: Tyranitar|181\/341|[silent]
|turn|5
|
|move|p2a: Latias|Dragon Pulse|p1a: Tyranitar
|-damage|p1a: Tyranitar|42\/341
|move|p1a: Tyranitar|Pursuit|p2a: Latias
|-supereffective|p2a: Latias
|-damage|p2a: Latias|0 fnt
|faint|p2a: Latias
|
|-weather|Sandstorm|[upkeep]
|
|switch|p2a: Greninja|Greninja, M|286\/286
|turn|6
|
|switch|p1a: Empoleon|Empoleon, F|371\/371
|move|p2a: Greninja|Scald|p1a: Empoleon
|-start|p2a: Greninja|typechange|Water|[from] Protean
|-crit|p1a: Empoleon
|-resisted|p1a: Empoleon
|-damage|p1a: Empoleon|296\/371
|
|-weather|Sandstorm|[upkeep]
|-damage|p2a: Greninja|269\/286|[from] sandstorm
|-heal|p1a: Empoleon|319\/371|[from] item: Leftovers
|turn|7
|
|move|p2a: Greninja|Scald|p1a: Empoleon
|-resisted|p1a: Empoleon
|-damage|p1a: Empoleon|266\/371
|-status|p1a: Empoleon|brn
|move|p1a: Empoleon|Stealth Rock|p2a: Greninja
|-sidestart|p2: fenyx4|move: Stealth Rock
|
|-weather|none
|-heal|p1a: Empoleon|289\/371 brn|[from] item: Leftovers
|-damage|p1a: Empoleon|243\/371 brn|[from] brn
|turn|8
|
|move|p2a: Greninja|Hidden Power|p1a: Empoleon
|-start|p2a: Greninja|typechange|Fire|[from] Protean
|-damage|p1a: Empoleon|159\/371 brn
|move|p1a: Empoleon|Roar|p2a: Greninja
|drag|p2a: Chandelure|Chandelure, M|261\/261
|-damage|p2a: Chandelure|196\/261|[from] Stealth Rock
|
|-heal|p1a: Empoleon|182\/371 brn|[from] item: Leftovers
|-damage|p1a: Empoleon|136\/371 brn|[from] brn
|turn|9
|
|move|p2a: Chandelure|Flamethrower|p1a: Empoleon
|-damage|p1a: Empoleon|0 fnt
|faint|p1a: Empoleon
|
|
|switch|p1a: Tyranitar|Tyranitar, F|42\/341
|-weather|Sandstorm
|turn|10
|
|move|p1a: Tyranitar|Stone Edge|p2a: Chandelure|[miss]
|-miss|p1a: Tyranitar|p2a: Chandelure
|move|p2a: Chandelure|Energy Ball|p1a: Tyranitar
|-supereffective|p1a: Tyranitar
|-damage|p1a: Tyranitar|0 fnt
|faint|p1a: Tyranitar
|
|-weather|Sandstorm|[upkeep]
|-damage|p2a: Chandelure|180\/261|[from] sandstorm
|c|âfenyx4|ty stone miss
|
|switch|p1a: Lopunny|Lopunny, F|272\/272
|turn|11
|
|detailschange|p1a: Lopunny|Lopunny-Mega, F
|message|Lopunny has Mega Evolved into Mega Lopunny!
|move|p1a: Lopunny|Fake Out|p2a: Chandelure
|-damage|p2a: Chandelure|95\/261
|cant|p2a: Chandelure|flinch
|
|-weather|Sandstorm|[upkeep]
|-damage|p1a: Lopunny|255\/272|[from] sandstorm
|-damage|p2a: Chandelure|79\/261|[from] sandstorm
|turn|12
|
|move|p1a: Lopunny|Return|p2a: Chandelure
|-damage|p2a: Chandelure|0 fnt
|faint|p2a: Chandelure
|
|-weather|Sandstorm|[upkeep]
|-damage|p1a: Lopunny|238\/272|[from] sandstorm
|
|switch|p2a: Greninja|Greninja, M|269\/286
|-damage|p2a: Greninja|234\/286|[from] Stealth Rock
|turn|13
|
|move|p1a: Lopunny|Return|p2a: Greninja
|-damage|p2a: Greninja|0 fnt
|faint|p2a: Greninja
|
|-weather|Sandstorm|[upkeep]
|-damage|p1a: Lopunny|221\/272|[from] sandstorm
|
|switch|p2a: Starmie|Starmie|261\/261
|-damage|p2a: Starmie|229\/261|[from] Stealth Rock
|turn|14
|
|switch|p1a: Chesnaught|Chesnaught, F|380\/380
|move|p2a: Starmie|Psyshock|p1a: Chesnaught
|-supereffective|p1a: Chesnaught
|-damage|p1a: Chesnaught|194\/380
|
|-weather|none
|-heal|p1a: Chesnaught|217\/380|[from] item: Leftovers
|turn|15
|
|move|p2a: Starmie|Ice Beam|p1a: Chesnaught
|-supereffective|p1a: Chesnaught
|-damage|p1a: Chesnaught|5\/380
|move|p1a: Chesnaught|Leech Seed|p2a: Starmie
|-start|p2a: Starmie|move: Leech Seed
|
|-heal|p1a: Chesnaught|28\/380|[from] item: Leftovers
|-damage|p2a: Starmie|197\/261|[from] Leech Seed|[of] p1a: Chesnaught
|-heal|p1a: Chesnaught|60\/380|[silent]
|turn|16
|
|move|p1a: Chesnaught|Spiky Shield|p1a: Chesnaught
|-singleturn|p1a: Chesnaught|move: Protect
|move|p2a: Starmie|Ice Beam|p1a: Chesnaught
|-activate|p1a: Chesnaught|move: Protect
|
|-heal|p1a: Chesnaught|83\/380|[from] item: Leftovers
|-damage|p2a: Starmie|165\/261|[from] Leech Seed|[of] p1a: Chesnaught
|-heal|p1a: Chesnaught|115\/380|[silent]
|turn|17
|
|move|p2a: Starmie|Ice Beam|p1a: Chesnaught
|-supereffective|p1a: Chesnaught
|-damage|p1a: Chesnaught|0 fnt
|faint|p1a: Chesnaught
|
|
|switch|p1a: Lopunny|Lopunny-Mega, F|221\/272
|turn|18
|
|move|p1a: Lopunny|Fake Out|p2a: Starmie
|-damage|p2a: Starmie|78\/261
|cant|p2a: Starmie|flinch
|
|-damage|p2a: Starmie|46\/261|[from] Leech Seed|[of] p1a: Lopunny
|-heal|p1a: Lopunny|253\/272|[silent]
|turn|19
|
|move|p1a: Lopunny|Return|p2a: Starmie
|-damage|p2a: Starmie|0 fnt
|faint|p2a: Starmie
|
|
|switch|p2a: Smeargle|Smeargle, M|1\/314
|-damage|p2a: Smeargle|0 fnt|[from] Stealth Rock
|faint|p2a: Smeargle
|
|switch|p2a: Thundurus-Therian|Thundurus-Therian, M|300\/300
|-damage|p2a: Thundurus-Therian|225\/300|[from] Stealth Rock
|turn|20
|
|move|p1a: Lopunny|Return|p2a: Thundurus-Therian
|-damage|p2a: Thundurus-Therian|0 fnt
|faint|p2a: Thundurus-Therian
|
|win|Chillaxmytest
|raw|Ladder updating...
|c|âfenyx4|g
|c|âfenyx4|gg
|c|âChillaxmytest|gg
|raw|Chillaxmytest's rating: 1454 &rarr; <strong>1471<\/strong><br \/>(+17 for winning)
|raw|fenyx4's rating: 1394 &rarr; <strong>1377<\/strong><br \/>(-17 for losing)
|leave|Chillaxmytest
|player|p1