|join|Chillingtilnoon
|join|Oldmanbrian
|player|p1|Chillingtilnoon|172
|player|p2|Oldmanbrian|244
|gametype|singles
|gen|6
|tier|OU
|rated
|clearpoke
|poke|p1|Rotom-Wash
|poke|p1|Celebi
|poke|p1|Heatran, F
|poke|p1|Mandibuzz, F
|poke|p1|Diancie
|poke|p1|Keldeo
|poke|p2|Sylveon, F
|poke|p2|Aerodactyl, M
|poke|p2|Starmie
|poke|p2|Scizor, M
|poke|p2|Garchomp, F
|poke|p2|Raikou
|rule|Swagger Clause: Swagger is banned
|rule|Baton Pass Clause: Limit one PokÃ©mon knowing Baton Pass
|rule|Sleep Clause Mod: Limit one foe put to sleep
|rule|Species Clause: Limit one of each PokÃ©mon
|rule|OHKO Clause: OHKO moves are banned
|rule|Moody Clause: Moody is banned
|rule|Evasion Moves Clause: Evasion moves are banned
|rule|Endless Battle Clause: Forcing endless battles is banned
|rule|HP Percentage Mod: HP is shown in percentages
|teampreview
|
|start
|switch|p1a: Mandibuzz|Mandibuzz, F|423\/423
|switch|p2a: Raikou|Raikou|321\/321
|-ability|p2a: Raikou|Pressure
|turn|1
|
|switch|p1a: Celebi|Celebi|404\/404
|move|p2a: Raikou|Thunderbolt|p1a: Celebi
|-resisted|p1a: Celebi
|-damage|p1a: Celebi|346\/404
|
|-heal|p1a: Celebi|371\/404|[from] item: Leftovers
|turn|2
|
|move|p2a: Raikou|Shadow Ball|p1a: Celebi
|-supereffective|p1a: Celebi
|-damage|p1a: Celebi|223\/404
|move|p1a: Celebi|Baton Pass|p1a: Celebi
|
|switch|p1a: Diancie|Diancie|241\/241
|
|turn|3
|
|detailschange|p1a: Diancie|Diancie-Mega
|message|Diancie has Mega Evolved into Mega Diancie!
|move|p2a: Raikou|Volt Switch|p1a: Diancie
|-damage|p1a: Diancie|120\/241
|
|switch|p2a: Scizor|Scizor, M|343\/343
|move|p1a: Diancie|Earth Power|p2a: Scizor
|-damage|p2a: Scizor|192\/343
|
|turn|4
|
|switch|p1a: Heatran|Heatran, F|385\/385
|move|p2a: Scizor|Bullet Punch|p1a: Heatran
|-resisted|p1a: Heatran
|-damage|p1a: Heatran|345\/385
|
|-heal|p1a: Heatran|369\/385|[from] item: Leftovers
|turn|5
|
|switch|p2a: Garchomp|Garchomp, F|420\/420
|move|p1a: Heatran|Stealth Rock|p2a: Garchomp
|-sidestart|p2: Oldmanbrian|move: Stealth Rock
|
|-heal|p1a: Heatran|385\/385|[from] item: Leftovers
|turn|6
|
|switch|p1a: Mandibuzz|Mandibuzz, F|423\/423
|move|p2a: Garchomp|Stealth Rock|p1a: Mandibuzz
|-sidestart|p1: Chillingtilnoon|move: Stealth Rock
|
|turn|7
|
|move|p2a: Garchomp|Toxic|p1a: Mandibuzz
|-status|p1a: Mandibuzz|tox
|move|p1a: Mandibuzz|Foul Play|p2a: Garchomp
|-damage|p2a: Garchomp|321\/420
|-damage|p1a: Mandibuzz|371\/423 tox|[from] ability: Rough Skin|[of] p2a: Garchomp
|-damage|p1a: Mandibuzz|301\/423 tox|[from] item: Rocky Helmet|[of] p2a: Garchomp
|
|-heal|p1a: Mandibuzz|327\/423 tox|[from] item: Leftovers
|-damage|p1a: Mandibuzz|301\/423 tox|[from] psn
|turn|8
|
|move|p2a: Garchomp|Fire Blast|p1a: Mandibuzz
|-damage|p1a: Mandibuzz|243\/423 tox
|move|p1a: Mandibuzz|Roost|p1a: Mandibuzz
|-heal|p1a: Mandibuzz|423\/423 tox
|
|-damage|p1a: Mandibuzz|371\/423 tox|[from] psn
|turn|9
|
|switch|p1a: Keldeo|Keldeo|323\/323
|-damage|p1a: Keldeo|303\/323|[from] Stealth Rock
|move|p2a: Garchomp|Toxic|p1a: Keldeo
|-status|p1a: Keldeo|tox
|
|-damage|p1a: Keldeo|283\/323 tox|[from] psn
|turn|10
|
|move|p1a: Keldeo|Hidden Power|p2a: Garchomp
|-immune|p2a: Garchomp|[msg]
|move|p2a: Garchomp|Earthquake|p1a: Keldeo
|-crit|p1a: Keldeo
|-damage|p1a: Keldeo|42\/323 tox
|
|-damage|p1a: Keldeo|2\/323 tox|[from] psn
|turn|11
|
|move|p1a: Keldeo|Hidden Power|p2a: Garchomp
|-immune|p2a: Garchomp|[msg]
|move|p2a: Garchomp|Fire Blast|p1a: Keldeo
|-resisted|p1a: Keldeo
|-damage|p1a: Keldeo|0 fnt
|faint|p1a: Keldeo
|
|
|switch|p1a: Diancie|Diancie-Mega|120\/241
|-damage|p1a: Diancie|90\/241|[from] Stealth Rock
|turn|12
|
|move|p1a: Diancie|Moonblast|p2a: Garchomp
|-supereffective|p2a: Garchomp
|-damage|p2a: Garchomp|0 fnt
|faint|p2a: Garchomp
|
|
|switch|p2a: Aerodactyl|Aerodactyl, M|301\/301
|-damage|p2a: Aerodactyl|226\/301|[from] Stealth Rock
|-ability|p2a: Aerodactyl|Pressure
|turn|13
|
|detailschange|p2a: Aerodactyl|Aerodactyl-Mega, M
|message|Aerodactyl has Mega Evolved into Mega Aerodactyl!
|move|p2a: Aerodactyl|Earthquake|p1a: Diancie
|-supereffective|p1a: Diancie
|-damage|p1a: Diancie|0 fnt
|faint|p1a: Diancie
|
|
|switch|p1a: Rotom-Wash|Rotom-Wash|304\/304
|-damage|p1a: Rotom-Wash|266\/304|[from] Stealth Rock
|turn|14
|
|switch|p2a: Raikou|Raikou|321\/321
|-damage|p2a: Raikou|281\/321|[from] Stealth Rock
|-ability|p2a: Raikou|Pressure
|move|p1a: Rotom-Wash|Hydro Pump|p2a: Raikou
|-damage|p2a: Raikou|197\/321
|
|-heal|p1a: Rotom-Wash|285\/304|[from] item: Leftovers
|turn|15
|
|move|p2a: Raikou|Thunderbolt|p1a: Rotom-Wash
|-damage|p1a: Rotom-Wash|146\/304
|move|p1a: Rotom-Wash|Will-O-Wisp|p2a: Raikou|[miss]
|-miss|p1a: Rotom-Wash|p2a: Raikou
|
|-heal|p1a: Rotom-Wash|165\/304|[from] item: Leftovers
|turn|16
|
|move|p2a: Raikou|Thunderbolt|p1a: Rotom-Wash
|-damage|p1a: Rotom-Wash|24\/304
|move|p1a: Rotom-Wash|Volt Switch|p2a: Raikou
|-crit|p2a: Raikou
|-resisted|p2a: Raikou
|-damage|p2a: Raikou|155\/321
|
|switch|p1a: Celebi|Celebi|223\/404
|-damage|p1a: Celebi|173\/404|[from] Stealth Rock
|
|-heal|p1a: Celebi|198\/404|[from] item: Leftovers
|turn|17
|
|move|p2a: Raikou|Volt Switch|p1a: Celebi
|-resisted|p1a: Celebi
|-damage|p1a: Celebi|153\/404
|
|switch|p2a: Sylveon|Sylveon, F|392\/392
|-damage|p2a: Sylveon|343\/392|[from] Stealth Rock
|move|p1a: Celebi|Recover|p1a: Celebi
|-heal|p1a: Celebi|355\/404
|
|-heal|p1a: Celebi|380\/404|[from] item: Leftovers
|turn|18
|
|move|p1a: Celebi|Giga Drain|p2a: Sylveon
|-damage|p2a: Sylveon|271\/392
|-heal|p1a: Celebi|404\/404|[from] drain|[of] p2a: Sylveon
|move|p2a: Sylveon|Shadow Ball|p1a: Celebi
|-crit|p1a: Celebi
|-supereffective|p1a: Celebi
|-damage|p1a: Celebi|66\/404
|-unboost|p1a: Celebi|spd|1
|
|-heal|p1a: Celebi|91\/404|[from] item: Leftovers
|turn|19
|
|move|p1a: Celebi|Baton Pass|p1a: Celebi
|
|switch|p1a: Mandibuzz|Mandibuzz, F|371\/423 tox
|-damage|p1a: Mandibuzz|266\/423 tox|[from] Stealth Rock
|move|p2a: Sylveon|Shadow Ball|p1a: Mandibuzz
|-resisted|p1a: Mandibuzz
|-damage|p1a: Mandibuzz|161\/423 tox
|-unboost|p1a: Mandibuzz|spd|1
|
|-heal|p1a: Mandibuzz|187\/423 tox|[from] item: Leftovers
|-damage|p1a: Mandibuzz|161\/423 tox|[from] psn
|turn|20
|
|move|p1a: Mandibuzz|Defog|p2a: Sylveon
|-unboost|p2a: Sylveon|evasion|1
|-sideend|p2: Oldmanbrian|Stealth Rock|[from] move: Defog|[of] p2a: Sylveon
|-sideend|p1: Chillingtilnoon|Stealth Rock|[from] move: Defog|[of] p1a: Mandibuzz
|move|p2a: Sylveon|Shadow Ball|p1a: Mandibuzz
|-resisted|p1a: Mandibuzz
|-damage|p1a: Mandibuzz|26\/423 tox
|
|-heal|p1a: Mandibuzz|52\/423 tox|[from] item: Leftovers
|-damage|p1a: Mandibuzz|0 fnt|[from] psn
|faint|p1a: Mandibuzz
|
|switch|p1a: Heatran|Heatran, F|385\/385
|turn|21
|
|switch|p2a: Raikou|Raikou|155\/321
|-ability|p2a: Raikou|Pressure
|move|p1a: Heatran|Lava Plume|p2a: Raikou
|-damage|p2a: Raikou|83\/321
|
|turn|22
|
|move|p2a: Raikou|Thunderbolt|p1a: Heatran
|-damage|p1a: Heatran|285\/385
|move|p1a: Heatran|Earth Power|p2a: Raikou
|-crit|p2a: Raikou
|-supereffective|p2a: Raikou
|-damage|p2a: Raikou|0 fnt
|faint|p2a: Raikou
|
|-heal|p1a: Heatran|309\/385|[from] item: Leftovers
|
|switch|p2a: Starmie|Starmie|261\/261
|turn|23
|
|switch|p1a: Rotom-Wash|Rotom-Wash|24\/304
|move|p2a: Starmie|Hydro Pump|p1a: Rotom-Wash
|-resisted|p1a: Rotom-Wash
|-damage|p1a: Rotom-Wash|0 fnt
|-damage|p2a: Starmie|235\/261|[from] item: Life Orb
|faint|p1a: Rotom-Wash
|
|
|switch|p1a: Celebi|Celebi|91\/404
|turn|24
|
|move|p2a: Starmie|Ice Beam|p1a: Celebi
|-supereffective|p1a: Celebi
|-damage|p1a: Celebi|0 fnt
|-damage|p2a: Starmie|209\/261|[from] item: Life Orb
|faint|p1a: Celebi
|
|
|switch|p1a: Heatran|Heatran, F|309\/385
|turn|25
|
|move|p2a: Starmie|Hydro Pump|p1a: Heatran
|-supereffective|p1a: Heatran
|-damage|p1a: Heatran|0 fnt
|-damage|p2a: Starmie|183\/261|[from] item: Life Orb
|faint|p1a: Heatran
|
|win|Oldmanbrian
|raw|Ladder updating...
|c|âOldmanbrian|gg
|leave|Chillingtilnoon
|player|p1