|join|Chillingtilnoon
|join|macobi
|player|p1|Chillingtilnoon|106
|player|p2|macobi|249
|gametype|singles
|gen|6
|tier|OU
|rated
|clearpoke
|poke|p1|Heatran, M
|poke|p1|Gallade, M
|poke|p1|Rotom-Wash
|poke|p1|Clefable, M
|poke|p1|Landorus, M
|poke|p1|Latios, M
|poke|p2|Bisharp, F
|poke|p2|Victini
|poke|p2|Rotom-Wash
|poke|p2|Latios, M
|poke|p2|Crobat, F
|poke|p2|Greninja, M
|rule|Swagger Clause: Swagger is banned
|rule|Baton Pass Clause: Limit one PokÃ©mon knowing Baton Pass
|rule|Sleep Clause Mod: Limit one foe put to sleep
|rule|Species Clause: Limit one of each PokÃ©mon
|rule|OHKO Clause: OHKO moves are banned
|rule|Moody Clause: Moody is banned
|rule|Evasion Moves Clause: Evasion moves are banned
|rule|Endless Battle Clause: Forcing endless battles is banned
|rule|HP Percentage Mod: HP is shown in percentages
|teampreview
|
|start
|switch|p1a: Landorus|Landorus, M|320\/320
|switch|p2a: Rotom-Wash|Rotom-Wash|304\/304
|turn|1
|
|switch|p1a: Clefable|Clefable, M|394\/394
|move|p2a: Rotom-Wash|Volt Switch|p1a: Clefable
|-damage|p1a: Clefable|286\/394
|
|switch|p2a: Crobat|Crobat, F|311\/311
|
|-heal|p1a: Clefable|310\/394|[from] item: Leftovers
|turn|2
|
|switch|p1a: Heatran|Heatran, M|385\/385
|move|p2a: Crobat|U-turn|p1a: Heatran
|-resisted|p1a: Heatran
|-damage|p1a: Heatran|366\/385
|-damage|p2a: Crobat|280\/311|[from] item: Life Orb
|
|switch|p2a: Rotom-Wash|Rotom-Wash|304\/304
|
|-heal|p1a: Heatran|385\/385|[from] item: Leftovers
|turn|3
|
|move|p2a: Rotom-Wash|Hydro Pump|p1a: Heatran
|-supereffective|p1a: Heatran
|-damage|p1a: Heatran|161\/385
|move|p1a: Heatran|Stealth Rock|p2a: Rotom-Wash
|-sidestart|p2: macobi|move: Stealth Rock
|
|-heal|p1a: Heatran|185\/385|[from] item: Leftovers
|turn|4
|
|switch|p1a: Latios|Latios, M|302\/302
|move|p2a: Rotom-Wash|Volt Switch|p1a: Latios
|-resisted|p1a: Latios
|-damage|p1a: Latios|251\/302
|
|switch|p2a: Greninja|Greninja, M|286\/286
|-damage|p2a: Greninja|251\/286|[from] Stealth Rock
|
|turn|5
|
|switch|p1a: Rotom-Wash|Rotom-Wash|304\/304
|move|p2a: Greninja|Dark Pulse|p1a: Rotom-Wash
|-start|p2a: Greninja|typechange|Dark|[from] Protean
|-damage|p1a: Rotom-Wash|158\/304
|-damage|p2a: Greninja|223\/286|[from] item: Life Orb
|
|-heal|p1a: Rotom-Wash|177\/304|[from] item: Leftovers
|turn|6
|
|switch|p2a: Rotom-Wash|Rotom-Wash|304\/304
|-damage|p2a: Rotom-Wash|266\/304|[from] Stealth Rock
|move|p1a: Rotom-Wash|Volt Switch|p2a: Rotom-Wash
|-damage|p2a: Rotom-Wash|182\/304
|
|switch|p1a: Latios|Latios, M|251\/302
|
|-heal|p2a: Rotom-Wash|201\/304|[from] item: Leftovers
|turn|7
|
|move|p1a: Latios|Draco Meteor|p2a: Rotom-Wash
|-damage|p2a: Rotom-Wash|0 fnt
|-unboost|p1a: Latios|spa|2
|-damage|p1a: Latios|221\/302|[from] item: Life Orb
|faint|p2a: Rotom-Wash
|
|
|switch|p2a: Bisharp|Bisharp, F|272\/272
|-damage|p2a: Bisharp|255\/272|[from] Stealth Rock
|turn|8
|
|switch|p1a: Rotom-Wash|Rotom-Wash|177\/304
|move|p2a: Bisharp|Knock Off|p1a: Rotom-Wash
|-damage|p1a: Rotom-Wash|12\/304
|-enditem|p1a: Rotom-Wash|Leftovers|[from] move: Knock Off|[of] p2a: Bisharp
|
|turn|9
|
|move|p2a: Bisharp|Sucker Punch|p1a: Rotom-Wash
|-fail|p1a: Rotom-Wash
|move|p1a: Rotom-Wash|Pain Split|p2a: Bisharp
|-sethp|p2a: Bisharp|133\/272|p1a: Rotom-Wash|133\/304|[from] move: Pain Split
|
|turn|10
|
|switch|p1a: Heatran|Heatran, M|185\/385
|move|p2a: Bisharp|Sucker Punch|p1a: Heatran
|-fail|p1a: Heatran
|
|-heal|p1a: Heatran|209\/385|[from] item: Leftovers
|turn|11
|
|move|p2a: Bisharp|Knock Off|p1a: Heatran
|-damage|p1a: Heatran|7\/385
|-enditem|p1a: Heatran|Leftovers|[from] move: Knock Off|[of] p2a: Bisharp
|move|p1a: Heatran|Lava Plume|p2a: Bisharp
|-supereffective|p2a: Bisharp
|-damage|p2a: Bisharp|0 fnt
|faint|p2a: Bisharp
|
|
|switch|p2a: Latios|Latios, M|301\/301
|-damage|p2a: Latios|264\/301|[from] Stealth Rock
|turn|12
|
|detailschange|p2a: Latios|Latios-Mega, M
|message|Latios has Mega Evolved into Mega Latios!
|move|p2a: Latios|Dragon Dance|p2a: Latios
|-boost|p2a: Latios|atk|1
|-boost|p2a: Latios|spe|1
|move|p1a: Heatran|Lava Plume|p2a: Latios
|-resisted|p2a: Latios
|-damage|p2a: Latios|213\/301
|-status|p2a: Latios|brn
|
|-damage|p2a: Latios|176\/301 brn|[from] brn
|turn|13
|
|move|p2a: Latios|Earthquake|p1a: Heatran
|-supereffective|p1a: Heatran
|-damage|p1a: Heatran|0 fnt
|faint|p1a: Heatran
|
|-damage|p2a: Latios|139\/301 brn|[from] brn
|
|switch|p1a: Clefable|Clefable, M|310\/394
|turn|14
|
|move|p2a: Latios|Hidden Power|p1a: Clefable
|-damage|p1a: Clefable|205\/394
|move|p1a: Clefable|Soft-Boiled|p1a: Clefable
|-heal|p1a: Clefable|394\/394
|
|-damage|p2a: Latios|102\/301 brn|[from] brn
|turn|15
|
|switch|p2a: Crobat|Crobat, F|280\/311
|-damage|p2a: Crobat|203\/311|[from] Stealth Rock
|move|p1a: Clefable|Moonblast|p2a: Crobat
|-resisted|p2a: Crobat
|-damage|p2a: Crobat|137\/311
|-unboost|p2a: Crobat|spa|1
|
|turn|16
|
|move|p2a: Crobat|Roost|p2a: Crobat
|-heal|p2a: Crobat|293\/311
|move|p1a: Clefable|Soft-Boiled|p1a: Clefable
|-fail|p1a: Clefable
|
|turn|17
|
|switch|p1a: Rotom-Wash|Rotom-Wash|133\/304
|move|p2a: Crobat|Cross Poison|p1a: Rotom-Wash
|-damage|p1a: Rotom-Wash|34\/304
|-damage|p2a: Crobat|262\/311|[from] item: Life Orb
|
|turn|18
|
|move|p2a: Crobat|Cross Poison|p1a: Rotom-Wash
|-damage|p1a: Rotom-Wash|0 fnt
|-damage|p2a: Crobat|231\/311|[from] item: Life Orb
|faint|p1a: Rotom-Wash
|
|
|switch|p1a: Gallade|Gallade, M|277\/277
|turn|19
|
|detailschange|p1a: Gallade|Gallade-Mega, M
|message|Gallade has Mega Evolved into Mega Gallade!
|move|p2a: Crobat|Brave Bird|p1a: Gallade
|-supereffective|p1a: Gallade
|-damage|p1a: Gallade|0 fnt
|-damage|p2a: Crobat|140\/311|[from] recoil|[of] p1a: Gallade
|-damage|p2a: Crobat|109\/311|[from] item: Life Orb
|faint|p1a: Gallade
|
|
|switch|p1a: Clefable|Clefable, M|394\/394
|turn|20
|
|move|p2a: Crobat|Roost|p2a: Crobat
|-heal|p2a: Crobat|265\/311
|move|p1a: Clefable|Flamethrower|p2a: Crobat
|-damage|p2a: Crobat|188\/311
|
|turn|21
|
|move|p2a: Crobat|Cross Poison|p1a: Clefable
|-supereffective|p1a: Clefable
|-damage|p1a: Clefable|165\/394
|-damage|p2a: Crobat|157\/311|[from] item: Life Orb
|move|p1a: Clefable|Calm Mind|p1a: Clefable
|-boost|p1a: Clefable|spa|1
|-boost|p1a: Clefable|spd|1
|
|-heal|p1a: Clefable|189\/394|[from] item: Leftovers
|turn|22
|
|move|p2a: Crobat|Cross Poison|p1a: Clefable
|-supereffective|p1a: Clefable
|-damage|p1a: Clefable|0 fnt
|-damage|p2a: Crobat|126\/311|[from] item: Life Orb
|faint|p1a: Clefable
|
|
|switch|p1a: Landorus|Landorus, M|320\/320
|turn|23
|
|move|p2a: Crobat|U-turn|p1a: Landorus
|-resisted|p1a: Landorus
|-damage|p1a: Landorus|277\/320
|-damage|p2a: Crobat|95\/311|[from] item: Life Orb
|
|switch|p2a: Latios|Latios-Mega, M|102\/301 brn
|-damage|p2a: Latios|65\/301 brn|[from] Stealth Rock
|move|p1a: Landorus|Knock Off|p2a: Latios
|-supereffective|p2a: Latios
|-damage|p2a: Latios|0 fnt
|-damage|p1a: Landorus|245\/320|[from] item: Life Orb
|faint|p2a: Latios
|
|
|switch|p2a: Greninja|Greninja, M|223\/286
|-damage|p2a: Greninja|188\/286|[from] Stealth Rock
|turn|24
|
|move|p2a: Greninja|Ice Beam|p1a: Landorus
|-start|p2a: Greninja|typechange|Ice|[from] Protean
|-supereffective|p1a: Landorus
|-damage|p1a: Landorus|0 fnt
|-damage|p2a: Greninja|160\/286|[from] item: Life Orb
|faint|p1a: Landorus
|
|
|switch|p1a: Latios|Latios, M|221\/302
|turn|25
|
|move|p2a: Greninja|Ice Beam|p1a: Latios
|-supereffective|p1a: Latios
|-damage|p1a: Latios|0 fnt
|-damage|p2a: Greninja|132\/286|[from] item: Life Orb
|faint|p1a: Latios
|
|win|macobi
|raw|Ladder updating...
|c|âmacobi|gg
|raw|Chillingtilnoon's rating: 1363 &rarr; <strong>1345<\/strong><br \/>(-18 for losing)
|raw|macobi's rating: 1400 &rarr; <strong>1418<\/strong><br \/>(+18 for winning)
|leave|Chillingtilnoon
|player|p1