|join|Qubae
|join|Chillingtilnoon
|player|p1|Qubae|148
|player|p2|Chillingtilnoon|237
|gametype|singles
|gen|6
|tier|OU
|clearpoke
|poke|p1|Gallade, M
|poke|p1|Landorus-Therian, M
|poke|p1|Latias, F
|poke|p1|Bisharp, F
|poke|p1|Keldeo
|poke|p1|Thundurus, M
|poke|p2|Altaria, F
|poke|p2|Keldeo
|poke|p2|Ferrothorn, M
|poke|p2|Clefable, M
|poke|p2|Landorus-Therian, M
|poke|p2|Victini
|rule|Swagger Clause: Swagger is banned
|rule|Baton Pass Clause: Limit one PokÃ©mon knowing Baton Pass
|rule|Sleep Clause Mod: Limit one foe put to sleep
|rule|Species Clause: Limit one of each PokÃ©mon
|rule|OHKO Clause: OHKO moves are banned
|rule|Moody Clause: Moody is banned
|rule|Evasion Moves Clause: Evasion moves are banned
|rule|Endless Battle Clause: Forcing endless battles is banned
|rule|HP Percentage Mod: HP is shown in percentages
|teampreview
|c|âQubae|well you already won
|join|Chakra
|c|âQubae|from team preview
|c|âChillingtilnoon|yea
|c|âQubae|cuz you have the 1 thing that beats me
|c|âChillingtilnoon|thats really ugly
|c|âQubae|fuckin
|c|âQubae|pluffums
|
|start
|switch|p1a: Landorus-Therian|Landorus-Therian, M|319\/319
|switch|p2a: Altaria|Altaria, F|353\/353
|-ability|p1a: Landorus-Therian|Intimidate|[of] p2a: Altaria
|-unboost|p2a: Altaria|atk|1
|turn|1
|
|detailschange|p2a: Altaria|Altaria-Mega, F
|-mega|p2a: Altaria|Altaria|Altarianite
|move|p1a: Landorus-Therian|Explosion|p2a: Altaria
|-damage|p2a: Altaria|50\/353
|faint|p1a: Landorus-Therian
|move|p2a: Altaria|Hyper Voice|p1: Landorus-Therian|[notarget]
|-notarget
|
|c|âChillingtilnoon|nb
|
|switch|p1a: Keldeo|Keldeo|323\/323
|turn|2
|
|switch|p2a: Keldeo|Keldeo|323\/323
|move|p1a: Keldeo|Secret Sword|p2a: Keldeo
|-damage|p2a: Keldeo|160\/323
|
|-heal|p2a: Keldeo|180\/323|[from] item: Leftovers
|turn|3
|
|switch|p2a: Clefable|Clefable, M|394\/394
|move|p1a: Keldeo|Secret Sword|p2a: Clefable
|-resisted|p2a: Clefable
|-damage|p2a: Clefable|326\/394
|
|-heal|p2a: Clefable|350\/394|[from] item: Leftovers
|turn|4
|
|switch|p1a: Bisharp|Bisharp, F|293\/293
|move|p2a: Clefable|Moonblast|p1a: Bisharp
|-damage|p1a: Bisharp|190\/293
|-unboost|p1a: Bisharp|spa|1
|-boost|p1a: Bisharp|atk|2|[from] ability: Defiant
|
|-heal|p2a: Clefable|374\/394|[from] item: Leftovers
|turn|5
|c|âChillingtilnoon|:(
|c|âQubae|oh boy
|
|switch|p2a: Altaria|Altaria-Mega, F|50\/353
|move|p1a: Bisharp|Knock Off|p2a: Altaria
|-resisted|p2a: Altaria
|-damage|p2a: Altaria|0 fnt
|faint|p2a: Altaria
|
|c| Chakra|..
|
|switch|p2a: Victini|Victini|401\/401
|turn|6
|c| Chakra|.......
|
|move|p1a: Bisharp|Sucker Punch|p2a: Victini
|-fail|p2a: Victini
|move|p2a: Victini|Will-O-Wisp|p1a: Bisharp
|-status|p1a: Bisharp|brn
|
|-damage|p1a: Bisharp|154\/293 brn|[from] brn
|turn|7
|c|âChillingtilnoon|nb
|
|switch|p2a: Keldeo|Keldeo|180\/323
|move|p1a: Bisharp|Knock Off|p2a: Keldeo
|-resisted|p2a: Keldeo
|-damage|p2a: Keldeo|84\/323
|-boost|p2a: Keldeo|atk|1|[from] ability: Justified
|-enditem|p2a: Keldeo|Leftovers|[from] move: Knock Off|[of] p1a: Bisharp
|
|-damage|p1a: Bisharp|118\/293 brn|[from] brn
|turn|8
|c|âQubae|?_?
|
|move|p2a: Keldeo|Substitute|p2a: Keldeo
|-start|p2a: Keldeo|Substitute
|-damage|p2a: Keldeo|4\/323
|move|p1a: Bisharp|Knock Off|p2a: Keldeo
|-resisted|p2a: Keldeo
|-activate|p2a: Keldeo|Substitute|[damage]
|
|-damage|p1a: Bisharp|82\/293 brn|[from] brn
|turn|9
|c|âQubae|ofc
|
|move|p2a: Keldeo|Scald|p1a: Bisharp
|-damage|p1a: Bisharp|0 fnt
|faint|p1a: Bisharp
|
|
|switch|p1a: Latias|Latias, F|302\/302
|turn|10
|
|move|p1a: Latias|Psyshock|p2a: Keldeo
|-supereffective|p2a: Keldeo
|-end|p2a: Keldeo|Substitute
|-damage|p1a: Latias|272\/302|[from] item: Life Orb
|move|p2a: Keldeo|Secret Sword|p1a: Latias
|-resisted|p1a: Latias
|-damage|p1a: Latias|186\/302
|
|turn|11
|
|switch|p1a: Keldeo|Keldeo|323\/323
|move|p2a: Keldeo|Secret Sword|p1a: Keldeo
|-damage|p1a: Keldeo|166\/323
|
|turn|12
|
|move|p1a: Keldeo|Hydro Pump|p2a: Keldeo
|-resisted|p2a: Keldeo
|-damage|p2a: Keldeo|0 fnt
|faint|p2a: Keldeo
|
|
|switch|p2a: Ferrothorn|Ferrothorn, M|352\/352
|turn|13
|
|switch|p1a: Thundurus|Thundurus, M|299\/299
|move|p2a: Ferrothorn|Leech Seed|p1a: Thundurus
|-start|p1a: Thundurus|move: Leech Seed
|
|-damage|p1a: Thundurus|262\/299|[from] Leech Seed|[of] p2a: Ferrothorn
|turn|14
|
|switch|p1a: Gallade|Gallade, M|278\/278
|move|p2a: Ferrothorn|Gyro Ball|p1a: Gallade
|-damage|p1a: Gallade|20\/278
|
|turn|15
|c| Chakra|\/\/
|
|switch|p2a: Landorus-Therian|Landorus-Therian, M|382\/382
|-ability|p2a: Landorus-Therian|Intimidate|[of] p1a: Gallade
|-unboost|p1a: Gallade|atk|1
|detailschange|p1a: Gallade|Gallade-Mega, M
|-mega|p1a: Gallade|Gallade|Galladite
|move|p1a: Gallade|Close Combat|p2a: Landorus-Therian
|-resisted|p2a: Landorus-Therian
|-damage|p2a: Landorus-Therian|313\/382
|-unboost|p1a: Gallade|def|1
|-unboost|p1a: Gallade|spd|1
|
|-heal|p2a: Landorus-Therian|336\/382|[from] item: Leftovers
|turn|16
|c|âQubae|why tf
|c|âQubae|do you make these
|c|âQubae|weird ass plays
|
|move|p1a: Gallade|Knock Off|p2a: Landorus-Therian
|-damage|p2a: Landorus-Therian|258\/382
|-enditem|p2a: Landorus-Therian|Leftovers|[from] move: Knock Off|[of] p1a: Gallade
|move|p2a: Landorus-Therian|Stealth Rock|p1a: Gallade
|-sidestart|p1: Qubae|move: Stealth Rock
|
|turn|17
|c|âChillingtilnoon|cos
|c|âChillingtilnoon|\/me is a legend
|c|âQubae|no
|
|move|p1a: Gallade|Zen Headbutt|p2a: Landorus-Therian
|-damage|p2a: Landorus-Therian|170\/382
|move|p2a: Landorus-Therian|U-turn|p1a: Gallade
|-crit|p1a: Gallade
|-damage|p1a: Gallade|0 fnt
|faint|p1a: Gallade
|c|âQubae|you make stupid plays
|c|âChillingtilnoon|dude
|c|âChillingtilnoon|im predicting you
|c|âQubae|you're not predicting me
|c|âQubae|you stayed in
|c|âQubae|and gyro'd a thundurus
|c|âQubae|?_?
|join|AdityaKhuntia
|c|âQubae|how is that a prediction
|c|âQubae|are you not afraid of the focus blast?
|c|âQubae|are you not afraid of the superpower?
|c|âChillingtilnoon|i have a replay of a high ladder game of me staying in with my mega alt on a mega meta twice
|c|âQubae|yea thats stpuid
|c|âChillingtilnoon|and it payed off
|c|âQubae|thats a stupid risky play
|c|âQubae|that doesnt need to be made
|
|switch|p2a: Clefable|Clefable, M|374\/394
|
|-heal|p2a: Clefable|394\/394|[from] item: Leftovers
|c|âChillingtilnoon|it does tho
|
|switch|p1a: Thundurus|Thundurus, M|262\/299
|-damage|p1a: Thundurus|188\/299|[from] Stealth Rock
|turn|18
|c|âChillingtilnoon|cos its flashy
|c|âQubae|its not flashy
|c|âChillingtilnoon|and flash is fun
|c|âQubae|its retarded
|
|move|p1a: Thundurus|Thunderbolt|p2a: Clefable
|-damage|p2a: Clefable|183\/394
|-damage|p1a: Thundurus|159\/299|[from] item: Life Orb
|move|p2a: Clefable|Moonblast|p1a: Thundurus
|-damage|p1a: Thundurus|39\/299
|
|-heal|p2a: Clefable|207\/394|[from] item: Leftovers
|turn|19
|
|move|p1a: Thundurus|Thunder Wave|p2a: Clefable
|-status|p2a: Clefable|par
|move|p2a: Clefable|Moonblast|p1a: Thundurus
|-damage|p1a: Thundurus|0 fnt
|faint|p1a: Thundurus
|
|-heal|p2a: Clefable|231\/394 par|[from] item: Leftovers
|
|switch|p1a: Latias|Latias, F|186\/302
|-damage|p1a: Latias|149\/302|[from] Stealth Rock
|turn|20
|
|move|p1a: Latias|Psyshock|p2a: Clefable
|-crit|p2a: Clefable
|-damage|p2a: Clefable|0 fnt
|-damage|p1a: Latias|119\/302|[from] item: Life Orb
|faint|p2a: Clefable
|
|
|switch|p2a: Landorus-Therian|Landorus-Therian, M|170\/382
|-ability|p2a: Landorus-Therian|Intimidate|[of] p1a: Latias
|-unboost|p1a: Latias|atk|1
|turn|21
|c|âChillingtilnoon|wait wtf
|c|âChillingtilnoon|why did i go  to this
|
|move|p1a: Latias|Psyshock|p2a: Landorus-Therian
|-damage|p2a: Landorus-Therian|49\/382
|-damage|p1a: Latias|89\/302|[from] item: Life Orb
|move|p2a: Landorus-Therian|U-turn|p1a: Latias
|-supereffective|p1a: Latias
|-damage|p1a: Latias|0 fnt
|faint|p1a: Latias
|
|switch|p2a: Ferrothorn|Ferrothorn, M|352\/352
|
|
|switch|p1a: Keldeo|Keldeo|166\/323
|-damage|p1a: Keldeo|146\/323|[from] Stealth Rock
|turn|22
|
|move|p1a: Keldeo|Secret Sword|p2a: Ferrothorn
|-supereffective|p2a: Ferrothorn
|-damage|p2a: Ferrothorn|148\/352
|move|p2a: Ferrothorn|Leech Seed|p1a: Keldeo
|-start|p1a: Keldeo|move: Leech Seed
|
|-heal|p2a: Ferrothorn|170\/352|[from] item: Leftovers
|-damage|p1a: Keldeo|106\/323|[from] Leech Seed|[of] p2a: Ferrothorn
|-heal|p2a: Ferrothorn|210\/352|[silent]
|turn|23
|
|switch|p2a: Victini|Victini|401\/401
|move|p1a: Keldeo|Secret Sword|p2a: Victini
|-resisted|p2a: Victini
|-damage|p2a: Victini|331\/401
|
|-heal|p2a: Victini|356\/401|[from] item: Leftovers
|-damage|p1a: Keldeo|66\/323|[from] Leech Seed|[of] p2a: Victini
|-heal|p2a: Victini|396\/401|[silent]
|turn|24
|leave|Qubae
|player|p1
|leave|Chakra
|leave|AdityaKhuntia
|-message|Player 1 lost due to inactivity.
|
|win|Chillingtilnoon