|join|Steve Downie
|join|Chillingtilnoon
|player|p1|Steve Downie|2
|player|p2|Chillingtilnoon|232
|gametype|singles
|gen|6
|tier|OU
|clearpoke
|poke|p1|Alakazam, M
|poke|p1|Chansey, F
|poke|p1|Slowbro, M
|poke|p1|Metagross
|poke|p1|Ferrothorn, F
|poke|p1|Conkeldurr, M
|poke|p2|Diggersby, F
|poke|p2|Slowbro, F
|poke|p2|Clefable, M
|poke|p2|Gliscor, M
|poke|p2|Latios, M
|poke|p2|Lopunny, F, shiny
|rule|Swagger Clause: Swagger is banned
|rule|Baton Pass Clause: Limit one PokÃ©mon knowing Baton Pass
|rule|Sleep Clause Mod: Limit one foe put to sleep
|rule|Species Clause: Limit one of each PokÃ©mon
|rule|OHKO Clause: OHKO moves are banned
|rule|Moody Clause: Moody is banned
|rule|Evasion Moves Clause: Evasion moves are banned
|rule|Endless Battle Clause: Forcing endless battles is banned
|rule|HP Percentage Mod: HP is shown in percentages
|teampreview
|join|M0XI3 B00ST
|join|elos kuja
|join|Smash Monkey
|join|Dec19finaletears
|c|âChillingtilnoon|gl bruh
|join|Wilkhun
|c|âSteve Downie|gl
|join|looiiyut
|join|Supah Glitch
|join|aDeviantType
|c|âChillingtilnoon|imma git rekt
|c| M0XI3 B00ST|believe
|c| elos kuja|the fact u had to c-team me just shows u lack skill and u couldnt beat me without shamelessly adding 2 wallbreakers toyour team
|c|âChillingtilnoon|ask sonyfan
|c|âSteve Downie|why r u so mad tho
|c| M0XI3 B00ST|stop its over
|c| elos kuja|so you've already been "rekt"
|c|âChillingtilnoon|me and him made dat team
|
|start
|switch|p1a: Ferrothorn|Ferrothorn, F|351\/351
|switch|p2a: Lopunny|Lopunny, F, shiny|272\/272
|turn|1
|
|switch|p2a: Gliscor|Gliscor, M|353\/353
|move|p1a: Ferrothorn|Stealth Rock|p2a: Gliscor
|-sidestart|p2: Chillingtilnoon|move: Stealth Rock
|
|-status|p2a: Gliscor|tox|[from] item: Toxic Orb
|turn|2
|
|move|p2a: Gliscor|Taunt|p1a: Ferrothorn
|-start|p1a: Ferrothorn|move: Taunt
|cant|p1a: Ferrothorn|move: Taunt|Leech Seed
|
|turn|3
|c|âChillingtilnoon|too scared of first turn protect too hjk
|c|âChillingtilnoon|am i a pussy?
|join|feevur
|
|switch|p1a: Chansey|Chansey, F|703\/703
|move|p2a: Gliscor|Earthquake|p1a: Chansey
|-damage|p1a: Chansey|556\/703
|
|turn|4
|
|move|p2a: Gliscor|Knock Off|p1a: Chansey
|-damage|p1a: Chansey|467\/703
|-enditem|p1a: Chansey|Eviolite|[from] move: Knock Off|[of] p2a: Gliscor
|move|p1a: Chansey|Seismic Toss|p2a: Gliscor
|-damage|p2a: Gliscor|253\/353 tox
|
|-heal|p2a: Gliscor|297\/353 tox|[from] ability: Poison Heal
|turn|5
|leave|M0XI3 B00ST
|
|switch|p1a: Ferrothorn|Ferrothorn, F|351\/351
|move|p2a: Gliscor|Knock Off|p1a: Ferrothorn
|-damage|p1a: Ferrothorn|310\/351
|-damage|p2a: Gliscor|253\/353 tox|[from] ability: Iron Barbs|[of] p1a: Ferrothorn
|-damage|p2a: Gliscor|195\/353 tox|[from] item: Rocky Helmet|[of] p1a: Ferrothorn
|-enditem|p1a: Ferrothorn|Rocky Helmet|[from] move: Knock Off|[of] p2a: Gliscor
|
|-heal|p2a: Gliscor|239\/353 tox|[from] ability: Poison Heal
|turn|6
|
|move|p2a: Gliscor|Taunt|p1a: Ferrothorn
|-start|p1a: Ferrothorn|move: Taunt
|cant|p1a: Ferrothorn|move: Taunt|Leech Seed
|
|-heal|p2a: Gliscor|283\/353 tox|[from] ability: Poison Heal
|turn|7
|
|switch|p1a: Metagross|Metagross|301\/301
|move|p2a: Gliscor|Knock Off|p1a: Metagross
|-supereffective|p1a: Metagross
|-damage|p1a: Metagross|223\/301
|
|-heal|p2a: Gliscor|327\/353 tox|[from] ability: Poison Heal
|turn|8
|
|switch|p2a: Slowbro|Slowbro, F|394\/394
|-damage|p2a: Slowbro|345\/394|[from] Stealth Rock
|detailschange|p1a: Metagross|Metagross-Mega
|-mega|p1a: Metagross|Metagross|Metagrossite
|move|p1a: Metagross|Ice Punch|p2a: Slowbro
|-resisted|p2a: Slowbro
|-damage|p2a: Slowbro|296\/394
|
|-heal|p2a: Slowbro|320\/394|[from] item: Leftovers
|turn|9
|
|switch|p1a: Alakazam|Alakazam, M|251\/251
|move|p2a: Slowbro|Thunder Wave|p1a: Alakazam
|-status|p1a: Alakazam|par
|
|-heal|p2a: Slowbro|344\/394|[from] item: Leftovers
|turn|10
|
|move|p2a: Slowbro|Scald|p1a: Alakazam
|-damage|p1a: Alakazam|157\/251 par
|cant|p1a: Alakazam|par
|
|-heal|p2a: Slowbro|368\/394|[from] item: Leftovers
|turn|11
|
|switch|p2a: Lopunny|Lopunny, F, shiny|272\/272
|-damage|p2a: Lopunny|238\/272|[from] Stealth Rock
|cant|p1a: Alakazam|par
|
|turn|12
|c|âChillingtilnoon|well
|c| Dec19finaletears|sub toxic lop imo
|c|âChillingtilnoon|im bad AND lucky
|
|switch|p1a: Ferrothorn|Ferrothorn, F|310\/351
|detailschange|p2a: Lopunny|Lopunny-Mega, F, shiny
|-mega|p2a: Lopunny|Lopunny|Lopunnite
|move|p2a: Lopunny|High Jump Kick|p1a: Ferrothorn
|-supereffective|p1a: Ferrothorn
|-damage|p1a: Ferrothorn|44\/351
|-damage|p2a: Lopunny|204\/272|[from] ability: Iron Barbs|[of] p1a: Ferrothorn
|
|turn|13
|
|switch|p1a: Slowbro|Slowbro, M|394\/394
|move|p2a: Lopunny|Return|p1a: Slowbro
|-damage|p1a: Slowbro|247\/394
|
|-heal|p1a: Slowbro|271\/394|[from] item: Leftovers
|turn|14
|
|switch|p2a: Clefable|Clefable, M|394\/394
|move|p1a: Slowbro|Thunder Wave|p2a: Clefable
|-status|p2a: Clefable|par
|
|-heal|p1a: Slowbro|295\/394|[from] item: Leftovers
|turn|15
|
|switch|p1a: Metagross|Metagross-Mega|223\/301
|move|p2a: Clefable|Thunder Wave|p1a: Metagross
|-status|p1a: Metagross|par
|
|turn|16
|
|switch|p2a: Slowbro|Slowbro, F|394\/394
|-damage|p2a: Slowbro|345\/394|[from] Stealth Rock
|cant|p1a: Metagross|par
|
|-heal|p2a: Slowbro|369\/394|[from] item: Leftovers
|turn|17
|
|switch|p1a: Ferrothorn|Ferrothorn, F|44\/351
|move|p2a: Slowbro|Scald|p1a: Ferrothorn
|-crit|p1a: Ferrothorn
|-resisted|p1a: Ferrothorn
|-damage|p1a: Ferrothorn|0 fnt
|faint|p1a: Ferrothorn
|
|-heal|p2a: Slowbro|393\/394|[from] item: Leftovers
|
|switch|p1a: Alakazam|Alakazam, M|157\/251 par
|turn|18
|c|âChillingtilnoon|emphasis on lucky
|
|switch|p2a: Lopunny|Lopunny-Mega, F, shiny|204\/272
|-damage|p2a: Lopunny|187\/272|[from] Stealth Rock
|move|p1a: Alakazam|Psychic|p2a: Lopunny
|-supereffective|p2a: Lopunny
|-damage|p2a: Lopunny|0 fnt
|faint|p2a: Lopunny
|
|
|switch|p2a: Diggersby|Diggersby, F|312\/312
|-damage|p2a: Diggersby|293\/312|[from] Stealth Rock
|turn|19
|
|switch|p1a: Slowbro|Slowbro, M|394\/394
|move|p2a: Diggersby|Earthquake|p1a: Slowbro
|-crit|p1a: Slowbro
|-damage|p1a: Slowbro|85\/394
|-damage|p2a: Diggersby|262\/312|[from] item: Life Orb
|
|-heal|p1a: Slowbro|109\/394|[from] item: Leftovers
|turn|20
|
|switch|p1a: Metagross|Metagross-Mega|223\/301 par
|move|p2a: Diggersby|Frustration|p1a: Metagross
|-resisted|p1a: Metagross
|-damage|p1a: Metagross|110\/301 par
|-damage|p2a: Diggersby|231\/312|[from] item: Life Orb
|
|turn|21
|
|switch|p2a: Slowbro|Slowbro, F|394\/394
|-damage|p2a: Slowbro|345\/394|[from] Stealth Rock
|cant|p1a: Metagross|par
|
|-heal|p2a: Slowbro|369\/394|[from] item: Leftovers
|turn|22
|
|switch|p2a: Latios|Latios, M|302\/302
|-damage|p2a: Latios|265\/302|[from] Stealth Rock
|switch|p1a: Chansey|Chansey, F|467\/703
|
|turn|23
|
|move|p2a: Latios|Defog|p1a: Chansey
|-unboost|p1a: Chansey|evasion|1
|-sideend|p2: Chillingtilnoon|Stealth Rock|[from] move: Defog|[of] p2a: Latios
|move|p1a: Chansey|Toxic|p2a: Latios|[miss]
|-miss|p1a: Chansey|p2a: Latios
|
|turn|24
|c|âChillingtilnoon|yay
|
|move|p2a: Latios|Psyshock|p1a: Chansey
|-damage|p1a: Chansey|130\/703
|-damage|p2a: Latios|235\/302|[from] item: Life Orb
|move|p1a: Chansey|Seismic Toss|p2a: Latios
|-damage|p2a: Latios|135\/302
|
|turn|25
|c| Dec19finaletears|look at these plays
|
|switch|p1a: Conkeldurr|Conkeldurr, M|413\/413
|move|p2a: Latios|Psyshock|p1a: Conkeldurr
|-supereffective|p1a: Conkeldurr
|-damage|p1a: Conkeldurr|31\/413
|-damage|p2a: Latios|105\/302|[from] item: Life Orb
|
|turn|26
|c|âChillingtilnoon|hax 2 stronk
|
|switch|p2a: Clefable|Clefable, M|394\/394 par
|switch|p1a: Alakazam|Alakazam, M|157\/251 par
|
|turn|27
|
|cant|p1a: Alakazam|par
|move|p2a: Clefable|Stealth Rock|p1a: Alakazam
|-sidestart|p1: Steve Downie|move: Stealth Rock
|
|turn|28
|
|move|p1a: Alakazam|Psychic|p2a: Clefable
|-damage|p2a: Clefable|240\/394 par
|-unboost|p2a: Clefable|spd|1
|move|p2a: Clefable|Moonblast|p1a: Alakazam
|-damage|p1a: Alakazam|39\/251 par
|
|-heal|p2a: Clefable|264\/394 par|[from] item: Leftovers
|turn|29
|c| Dec19finaletears|chill, you have to stop
|c|âChillingtilnoon|ik
|c|âChillingtilnoon|but i dunno how
|
|switch|p2a: Slowbro|Slowbro, F|394\/394
|cant|p1a: Alakazam|par
|
|turn|30
|
|move|p2a: Slowbro|Scald|p1a: Alakazam
|-damage|p1a: Alakazam|0 fnt
|faint|p1a: Alakazam
|
|
|switch|p1a: Metagross|Metagross-Mega|110\/301 par
|-damage|p1a: Metagross|92\/301 par|[from] Stealth Rock
|turn|31
|
|move|p2a: Slowbro|Scald|p1a: Metagross
|-damage|p1a: Metagross|8\/301 par
|cant|p1a: Metagross|par
|
|turn|32
|
|move|p2a: Slowbro|Scald|p1a: Metagross
|-damage|p1a: Metagross|0 fnt
|faint|p1a: Metagross
|
|
|switch|p1a: Conkeldurr|Conkeldurr, M|31\/413
|-damage|p1a: Conkeldurr|6\/413|[from] Stealth Rock
|turn|33
|c|âChillingtilnoon|i am very sowwy
|
|move|p1a: Conkeldurr|Mach Punch|p2a: Slowbro
|-resisted|p2a: Slowbro
|-damage|p2a: Slowbro|357\/394
|move|p2a: Slowbro|Scald|p1a: Conkeldurr
|-damage|p1a: Conkeldurr|0 fnt
|faint|p1a: Conkeldurr
|
|-heal|p2a: Slowbro|381\/394|[from] item: Leftovers
|join|thesecondbest
|
|switch|p1a: Chansey|Chansey, F|130\/703
|-damage|p1a: Chansey|43\/703|[from] Stealth Rock
|turn|34
|leave|Supah Glitch
|
|move|p1a: Chansey|Seismic Toss|p2a: Slowbro
|-damage|p2a: Slowbro|281\/394
|move|p2a: Slowbro|Scald|p1a: Chansey
|-crit|p1a: Chansey
|-damage|p1a: Chansey|0 fnt
|faint|p1a: Chansey
|
|-heal|p2a: Slowbro|305\/394|[from] item: Leftovers
|
|switch|p1a: Slowbro|Slowbro, M|240\/394
|-damage|p1a: Slowbro|191\/394|[from] Stealth Rock
|turn|35
|
|move|p2a: Slowbro|Scald|p1a: Slowbro
|-resisted|p1a: Slowbro
|-damage|p1a: Slowbro|137\/394
|move|p1a: Slowbro|Fire Blast|p2a: Slowbro
|-resisted|p2a: Slowbro
|-damage|p2a: Slowbro|261\/394
|
|-heal|p2a: Slowbro|285\/394|[from] item: Leftovers
|-heal|p1a: Slowbro|161\/394|[from] item: Leftovers
|turn|36
|leave|thesecondbest
|
|move|p2a: Slowbro|Scald|p1a: Slowbro
|-resisted|p1a: Slowbro
|-damage|p1a: Slowbro|107\/394
|move|p1a: Slowbro|Fire Blast|p2a: Slowbro
|-resisted|p2a: Slowbro
|-damage|p2a: Slowbro|233\/394
|
|-heal|p1a: Slowbro|131\/394|[from] item: Leftovers
|-heal|p2a: Slowbro|257\/394|[from] item: Leftovers
|turn|37
|
|switch|p2a: Latios|Latios, M|105\/302
|move|p1a: Slowbro|Fire Blast|p2a: Latios|[miss]
|-miss|p1a: Slowbro|p2a: Latios
|
|-heal|p1a: Slowbro|155\/394|[from] item: Leftovers
|turn|38
|join|Supah Glitch
|
|move|p2a: Latios|Draco Meteor|p1a: Slowbro
|-damage|p1a: Slowbro|0 fnt
|-unboost|p2a: Latios|spa|2
|-damage|p2a: Latios|75\/302|[from] item: Life Orb
|faint|p1a: Slowbro
|
|win|Chillingtilnoon
|c|âChillingtilnoon|gg
|c|âChillingtilnoon|ish
|leave|Steve Downie
|player|p1
|leave|Smash Monkey
|leave|Dec19finaletears
|leave|looiiyut