|join|Chillingtilnoon
|join|apokemonkid
|player|p1|Chillingtilnoon|237
|player|p2|apokemonkid|129
|gametype|singles
|gen|6
|tier|OU
|rated
|clearpoke
|poke|p1|Dragalge, F
|poke|p1|Starmie
|poke|p1|Clefable, M
|poke|p1|Rotom-Wash
|poke|p1|Medicham, F
|poke|p1|Jirachi
|poke|p2|Talonflame, F
|poke|p2|Metagross
|poke|p2|Crawdaunt, F
|poke|p2|Empoleon, F
|poke|p2|Gliscor, F
|poke|p2|Sylveon, F
|rule|Swagger Clause: Swagger is banned
|rule|Baton Pass Clause: Limit one PokÃ©mon knowing Baton Pass
|rule|Sleep Clause Mod: Limit one foe put to sleep
|rule|Species Clause: Limit one of each PokÃ©mon
|rule|OHKO Clause: OHKO moves are banned
|rule|Moody Clause: Moody is banned
|rule|Evasion Moves Clause: Evasion moves are banned
|rule|Endless Battle Clause: Forcing endless battles is banned
|rule|HP Percentage Mod: HP is shown in percentages
|teampreview
|
|start
|switch|p1a: Yes Not gallade|Medicham, F|261\/261
|switch|p2a: Gliscor|Gliscor, F|353\/353
|turn|1
|
|detailschange|p1a: Yes Not gallade|Medicham-Mega, F
|-mega|p1a: Yes Not gallade|Medicham|Medichamite
|move|p1a: Yes Not gallade|Fake Out|p2a: Gliscor
|-damage|p2a: Gliscor|301\/353
|cant|p2a: Gliscor|flinch
|
|-status|p2a: Gliscor|tox|[from] item: Toxic Orb
|turn|2
|
|move|p1a: Yes Not gallade|Zen Headbutt|p2a: Gliscor
|-damage|p2a: Gliscor|145\/353 tox
|move|p2a: Gliscor|Toxic|p1a: Yes Not gallade
|-status|p1a: Yes Not gallade|tox
|
|-damage|p1a: Yes Not gallade|245\/261 tox|[from] psn
|-heal|p2a: Gliscor|189\/353 tox|[from] ability: Poison Heal
|turn|3
|
|switch|p1a: Stars|Starmie|268\/268
|move|p2a: Gliscor|Protect|p2a: Gliscor
|-fail|p2a: Gliscor
|
|-heal|p2a: Gliscor|233\/353 tox|[from] ability: Poison Heal
|turn|4
|
|switch|p2a: Empoleon|Empoleon, F|372\/372
|move|p1a: Stars|Hydro Pump|p2a: Empoleon
|-resisted|p2a: Empoleon
|-damage|p2a: Empoleon|273\/372
|-damage|p1a: Stars|242\/268|[from] item: Life Orb
|
|-heal|p2a: Empoleon|296\/372|[from] item: Leftovers
|turn|5
|
|switch|p1a: Moons|Clefable, M|394\/394
|move|p2a: Empoleon|Stealth Rock|p1a: Moons
|-sidestart|p1: Chillingtilnoon|move: Stealth Rock
|
|-heal|p2a: Empoleon|319\/372|[from] item: Leftovers
|turn|6
|
|switch|p2a: Metagross|Metagross|301\/301
|move|p1a: Moons|Aromatherapy|p1a: Moons
|-cureteam|p1a: Moons|[from] move: Aromatherapy
|
|turn|7
|
|switch|p1a: Lol Burds|Rotom-Wash|304\/304
|-damage|p1a: Lol Burds|266\/304|[from] Stealth Rock
|detailschange|p2a: Metagross|Metagross-Mega
|-mega|p2a: Metagross|Metagross|Metagrossite
|move|p2a: Metagross|Meteor Mash|p1a: Lol Burds
|-resisted|p1a: Lol Burds
|-damage|p1a: Lol Burds|224\/304
|
|-heal|p1a: Lol Burds|243\/304|[from] item: Leftovers
|turn|8
|
|switch|p2a: Gliscor|Gliscor, F|233\/353 tox
|move|p1a: Lol Burds|Will-O-Wisp|p2a: Gliscor
|-fail|p2a: Gliscor
|
|-heal|p1a: Lol Burds|262\/304|[from] item: Leftovers
|-heal|p2a: Gliscor|277\/353 tox|[from] ability: Poison Heal
|turn|9
|
|move|p2a: Gliscor|Protect|p2a: Gliscor
|-singleturn|p2a: Gliscor|Protect
|move|p1a: Lol Burds|Hydro Pump|p2a: Gliscor
|-activate|p2a: Gliscor|Protect
|
|-heal|p1a: Lol Burds|281\/304|[from] item: Leftovers
|-heal|p2a: Gliscor|321\/353 tox|[from] ability: Poison Heal
|turn|10
|
|move|p2a: Gliscor|Toxic|p1a: Lol Burds
|-status|p1a: Lol Burds|tox
|move|p1a: Lol Burds|Hydro Pump|p2a: Gliscor
|-supereffective|p2a: Gliscor
|-damage|p2a: Gliscor|0 fnt
|faint|p2a: Gliscor
|
|-heal|p1a: Lol Burds|300\/304 tox|[from] item: Leftovers
|-damage|p1a: Lol Burds|281\/304 tox|[from] psn
|
|switch|p2a: Sylveon|Sylveon, F|394\/394
|turn|11
|
|move|p1a: Lol Burds|Volt Switch|p2a: Sylveon
|-damage|p2a: Sylveon|343\/394
|
|switch|p1a: Yes not Aegis|Jirachi|404\/404
|-damage|p1a: Yes not Aegis|379\/404|[from] Stealth Rock
|move|p2a: Sylveon|Hyper Voice|p1a: Yes not Aegis
|-resisted|p1a: Yes not Aegis
|-damage|p1a: Yes not Aegis|326\/404
|
|-heal|p1a: Yes not Aegis|351\/404|[from] item: Leftovers
|-heal|p2a: Sylveon|367\/394|[from] item: Leftovers
|turn|12
|
|switch|p2a: Crawdaunt|Crawdaunt, F|329\/329
|move|p1a: Yes not Aegis|Stealth Rock|p2a: Crawdaunt
|-sidestart|p2: apokemonkid|move: Stealth Rock
|
|-heal|p1a: Yes not Aegis|376\/404|[from] item: Leftovers
|turn|13
|
|move|p1a: Yes not Aegis|U-turn|p2a: Crawdaunt
|-supereffective|p2a: Crawdaunt
|-damage|p2a: Crawdaunt|203\/329
|
|switch|p1a: Moons|Clefable, M|394\/394
|-damage|p1a: Moons|345\/394|[from] Stealth Rock
|move|p2a: Crawdaunt|Knock Off|p1a: Moons
|-resisted|p1a: Moons
|-damage|p1a: Moons|175\/394
|-enditem|p1a: Moons|Leftovers|[from] move: Knock Off|[of] p2a: Crawdaunt
|-damage|p2a: Crawdaunt|171\/329|[from] item: Life Orb
|
|turn|14
|
|switch|p1a: Lol Burds|Rotom-Wash|281\/304 tox
|-damage|p1a: Lol Burds|243\/304 tox|[from] Stealth Rock
|move|p2a: Crawdaunt|Waterfall|p1a: Lol Burds
|-resisted|p1a: Lol Burds
|-damage|p1a: Lol Burds|152\/304 tox
|-damage|p2a: Crawdaunt|139\/329|[from] item: Life Orb
|
|-heal|p1a: Lol Burds|171\/304 tox|[from] item: Leftovers
|-damage|p1a: Lol Burds|152\/304 tox|[from] psn
|turn|15
|
|switch|p2a: Sylveon|Sylveon, F|367\/394
|-damage|p2a: Sylveon|318\/394|[from] Stealth Rock
|move|p1a: Lol Burds|Volt Switch|p2a: Sylveon
|-damage|p2a: Sylveon|269\/394
|
|switch|p1a: Moons|Clefable, M|175\/394
|-damage|p1a: Moons|126\/394|[from] Stealth Rock
|
|-heal|p2a: Sylveon|293\/394|[from] item: Leftovers
|turn|16
|
|move|p1a: Moons|Aromatherapy|p1a: Moons
|-cureteam|p1a: Moons|[from] move: Aromatherapy
|move|p2a: Sylveon|Hyper Voice|p1a: Moons
|-damage|p1a: Moons|0 fnt
|faint|p1a: Moons
|
|-heal|p2a: Sylveon|317\/394|[from] item: Leftovers
|
|switch|p1a: Yes not Aegis|Jirachi|376\/404
|-damage|p1a: Yes not Aegis|351\/404|[from] Stealth Rock
|turn|17
|
|move|p1a: Yes not Aegis|Iron Head|p2a: Sylveon
|-supereffective|p2a: Sylveon
|-damage|p2a: Sylveon|33\/394
|move|p2a: Sylveon|Wish|p2a: Sylveon
|
|-heal|p1a: Yes not Aegis|376\/404|[from] item: Leftovers
|-heal|p2a: Sylveon|57\/394|[from] item: Leftovers
|turn|18
|
|switch|p2a: Empoleon|Empoleon, F|319\/372
|-damage|p2a: Empoleon|296\/372|[from] Stealth Rock
|move|p1a: Yes not Aegis|Wish|p1a: Yes not Aegis
|
|-heal|p2a: Empoleon|372\/372|[from] move: Wish|[wisher] Sylveon
|-heal|p1a: Yes not Aegis|401\/404|[from] item: Leftovers
|turn|19
|
|switch|p1a: Lol Burds|Rotom-Wash|152\/304
|-damage|p1a: Lol Burds|114\/304|[from] Stealth Rock
|move|p2a: Empoleon|Scald|p1a: Lol Burds
|-resisted|p1a: Lol Burds
|-damage|p1a: Lol Burds|67\/304
|
|-heal|p1a: Lol Burds|269\/304|[from] move: Wish|[wisher] Yes not Aegis
|-heal|p1a: Lol Burds|288\/304|[from] item: Leftovers
|turn|20
|
|move|p1a: Lol Burds|Volt Switch|p2a: Empoleon
|-supereffective|p2a: Empoleon
|-damage|p2a: Empoleon|204\/372
|
|switch|p1a: Lol Balance|Dragalge, F|303\/303
|-damage|p1a: Lol Balance|266\/303|[from] Stealth Rock
|move|p2a: Empoleon|Toxic|p1a: Lol Balance
|-fail|p1a: Lol Balance
|
|-heal|p1a: Lol Balance|284\/303|[from] item: Black Sludge
|-heal|p2a: Empoleon|227\/372|[from] item: Leftovers
|turn|21
|
|switch|p2a: Sylveon|Sylveon, F|57\/394
|-damage|p2a: Sylveon|8\/394|[from] Stealth Rock
|move|p1a: Lol Balance|Focus Blast|p2a: Sylveon
|-resisted|p2a: Sylveon
|-damage|p2a: Sylveon|0 fnt
|faint|p2a: Sylveon
|
|-heal|p1a: Lol Balance|302\/303|[from] item: Black Sludge
|
|switch|p2a: Crawdaunt|Crawdaunt, F|139\/329
|-damage|p2a: Crawdaunt|98\/329|[from] Stealth Rock
|turn|22
|
|move|p1a: Lol Balance|Sludge Wave|p2a: Crawdaunt
|-damage|p2a: Crawdaunt|0 fnt
|faint|p2a: Crawdaunt
|
|-heal|p1a: Lol Balance|303\/303|[from] item: Black Sludge
|
|switch|p2a: Metagross|Metagross-Mega|301\/301
|-damage|p2a: Metagross|283\/301|[from] Stealth Rock
|turn|23
|
|switch|p1a: Lol Burds|Rotom-Wash|288\/304
|-damage|p1a: Lol Burds|250\/304|[from] Stealth Rock
|move|p2a: Metagross|Zen Headbutt|p1a: Lol Burds
|-damage|p1a: Lol Burds|97\/304
|
|-heal|p1a: Lol Burds|116\/304|[from] item: Leftovers
|turn|24
|
|move|p2a: Metagross|Zen Headbutt|p1a: Lol Burds
|-damage|p1a: Lol Burds|0 fnt
|faint|p1a: Lol Burds
|
|
|switch|p1a: Stars|Starmie|242\/268
|-damage|p1a: Stars|209\/268|[from] Stealth Rock
|turn|25
|
|switch|p2a: Empoleon|Empoleon, F|227\/372
|-damage|p2a: Empoleon|204\/372|[from] Stealth Rock
|move|p1a: Stars|Hidden Power|p2a: Empoleon
|-damage|p2a: Empoleon|131\/372
|-damage|p1a: Stars|183\/268|[from] item: Life Orb
|
|-heal|p2a: Empoleon|154\/372|[from] item: Leftovers
|turn|26
|
|switch|p1a: Yes not Aegis|Jirachi|401\/404
|-damage|p1a: Yes not Aegis|376\/404|[from] Stealth Rock
|move|p2a: Empoleon|Defog|p1a: Yes not Aegis
|-unboost|p1a: Yes not Aegis|evasion|1
|-sideend|p1: Chillingtilnoon|Stealth Rock|[from] move: Defog|[of] p1a: Yes not Aegis
|-sideend|p2: apokemonkid|Stealth Rock|[from] move: Defog|[of] p2a: Empoleon
|
|-heal|p1a: Yes not Aegis|401\/404|[from] item: Leftovers
|-heal|p2a: Empoleon|177\/372|[from] item: Leftovers
|turn|27
|
|switch|p2a: Talonflame|Talonflame, F|297\/297
|move|p1a: Yes not Aegis|Stealth Rock|p2a: Talonflame
|-sidestart|p2: apokemonkid|move: Stealth Rock
|
|-heal|p1a: Yes not Aegis|404\/404|[from] item: Leftovers
|turn|28
|
|move|p2a: Talonflame|Flare Blitz|p1a: Yes not Aegis
|-crit|p1a: Yes not Aegis
|-supereffective|p1a: Yes not Aegis
|-damage|p1a: Yes not Aegis|0 fnt
|-damage|p2a: Talonflame|164\/297|[from] recoil|[of] p1a: Yes not Aegis
|faint|p1a: Yes not Aegis
|
|
|switch|p1a: Yes Not gallade|Medicham-Mega, F|245\/261
|turn|29
|
|move|p1a: Yes Not gallade|Fake Out|p2a: Talonflame
|-damage|p2a: Talonflame|64\/297
|cant|p2a: Talonflame|flinch
|
|turn|30
|
|switch|p1a: Lol Balance|Dragalge, F|303\/303
|move|p2a: Talonflame|Flare Blitz|p1a: Lol Balance
|-resisted|p1a: Lol Balance
|-damage|p1a: Lol Balance|162\/303
|-damage|p2a: Talonflame|17\/297|[from] recoil|[of] p1a: Lol Balance
|
|-heal|p1a: Lol Balance|180\/303|[from] item: Black Sludge
|turn|31
|
|move|p2a: Talonflame|Flare Blitz|p1a: Lol Balance
|-resisted|p1a: Lol Balance
|-damage|p1a: Lol Balance|48\/303
|-damage|p2a: Talonflame|0 fnt|[from] recoil|[of] p1a: Lol Balance
|faint|p2a: Talonflame
|move|p1a: Lol Balance|Focus Blast|p2: Talonflame|[notarget]
|-notarget
|
|-heal|p1a: Lol Balance|66\/303|[from] item: Black Sludge
|
|switch|p2a: Metagross|Metagross-Mega|283\/301
|-damage|p2a: Metagross|265\/301|[from] Stealth Rock
|turn|32
|
|move|p2a: Metagross|Earthquake|p1a: Lol Balance
|-supereffective|p1a: Lol Balance
|-damage|p1a: Lol Balance|0 fnt
|faint|p1a: Lol Balance
|
|
|switch|p1a: Stars|Starmie|183\/268
|turn|33
|
|move|p1a: Stars|Hydro Pump|p2a: Metagross|[miss]
|-miss|p1a: Stars|p2a: Metagross
|move|p2a: Metagross|Earthquake|p1a: Stars
|-damage|p1a: Stars|31\/268
|
|turn|34
|
|move|p2a: Metagross|Bullet Punch|p1a: Stars
|-resisted|p1a: Stars
|-damage|p1a: Stars|0 fnt
|faint|p1a: Stars
|
|c|âChillingtilnoon|nb
|
|switch|p1a: Yes Not gallade|Medicham-Mega, F|245\/261
|turn|35
|
|move|p1a: Yes Not gallade|Fake Out|p2a: Metagross
|-resisted|p2a: Metagross
|-damage|p2a: Metagross|240\/301
|cant|p2a: Metagross|flinch
|
|turn|36
|
|move|p2a: Metagross|Meteor Mash|p1a: Yes Not gallade
|-damage|p1a: Yes Not gallade|0 fnt
|faint|p1a: Yes Not gallade
|
|win|apokemonkid
|raw|Ladder updating...
|raw|Chillingtilnoon's rating: 1563 &rarr; <strong>1545<\/strong><br \/>(-18 for losing)
|raw|apokemonkid's rating: 1587 &rarr; <strong>1606<\/strong><br \/>(+19 for winning)
|leave|Chillingtilnoon
|player|p1
|c|âapokemonkid|gg