|join|Chillingtilnoon
|join|another teamtest
|player|p1|Chillingtilnoon|6
|player|p2|another teamtest|239
|gametype|singles
|gen|6
|tier|OU (suspect test)
|rated
|clearpoke
|poke|p1|Manaphy
|poke|p1|Landorus, M
|poke|p1|Victini
|poke|p1|Thundurus, M
|poke|p1|Metagross
|poke|p1|Latios, M
|poke|p2|Sableye, F
|poke|p2|Ferrothorn, F
|poke|p2|Gliscor, F
|poke|p2|Azumarill, M
|poke|p2|Gengar, M
|poke|p2|Tyranitar, F
|rule|Swagger Clause: Swagger is banned
|rule|Baton Pass Clause: Limit one PokÃ©mon knowing Baton Pass
|rule|Sleep Clause Mod: Limit one foe put to sleep
|rule|Species Clause: Limit one of each PokÃ©mon
|rule|OHKO Clause: OHKO moves are banned
|rule|Moody Clause: Moody is banned
|rule|Evasion Moves Clause: Evasion moves are banned
|rule|Endless Battle Clause: Forcing endless battles is banned
|rule|HP Percentage Mod: HP is shown in percentages
|teampreview
|
|start
|switch|p1a: Victini|Victini|369\/369
|switch|p2a: Ferrothorn|Ferrothorn, F|352\/352
|turn|1
|
|switch|p2a: Tyranitar|Tyranitar, F|404\/404
|-weather|Sandstorm
|move|p1a: Victini|Substitute|p1a: Victini
|-start|p1a: Victini|Substitute
|-damage|p1a: Victini|277\/369
|
|-weather|Sandstorm|[upkeep]
|-damage|p1a: Victini|254\/369|[from] sandstorm
|-heal|p1a: Victini|277\/369|[from] item: Leftovers
|turn|2
|
|move|p1a: Victini|Bolt Strike|p2a: Tyranitar
|-damage|p2a: Tyranitar|278\/404
|move|p2a: Tyranitar|Stealth Rock|p1a: Victini
|-sidestart|p1: Chillingtilnoon|move: Stealth Rock
|
|-weather|Sandstorm|[upkeep]
|-damage|p1a: Victini|254\/369|[from] sandstorm
|-heal|p1a: Victini|277\/369|[from] item: Leftovers
|turn|3
|
|switch|p2a: Gliscor|Gliscor, F|352\/352
|move|p1a: Victini|Bolt Strike|p2a: Gliscor
|-immune|p2a: Gliscor|[msg]
|
|-weather|Sandstorm|[upkeep]
|-damage|p1a: Victini|254\/369|[from] sandstorm
|-heal|p1a: Victini|277\/369|[from] item: Leftovers
|-status|p2a: Gliscor|tox|[from] item: Toxic Orb
|turn|4
|
|move|p1a: Victini|Glaciate|p2a: Gliscor
|-supereffective|p2a: Gliscor
|-damage|p2a: Gliscor|164\/352 tox
|-unboost|p2a: Gliscor|spe|1
|move|p2a: Gliscor|Earthquake|p1a: Victini
|-supereffective|p1a: Victini
|-end|p1a: Victini|Substitute
|
|-weather|Sandstorm|[upkeep]
|-damage|p1a: Victini|254\/369|[from] sandstorm
|-heal|p1a: Victini|277\/369|[from] item: Leftovers
|-heal|p2a: Gliscor|208\/352 tox|[from] ability: Poison Heal
|turn|5
|
|switch|p2a: Tyranitar|Tyranitar, F|278\/404
|move|p1a: Victini|Glaciate|p2a: Tyranitar
|-damage|p2a: Tyranitar|251\/404
|-unboost|p2a: Tyranitar|spe|1
|
|-weather|none
|-heal|p1a: Victini|300\/369|[from] item: Leftovers
|turn|6
|
|move|p2a: Tyranitar|Pursuit|p1a: Victini|[from]Pursuit
|-supereffective|p1a: Victini
|-damage|p1a: Victini|70\/369
|switch|p1a: Manaphy|Manaphy|403\/403
|-damage|p1a: Manaphy|353\/403|[from] Stealth Rock
|
|-heal|p1a: Manaphy|378\/403|[from] item: Leftovers
|turn|7
|
|switch|p2a: Ferrothorn|Ferrothorn, F|352\/352
|move|p1a: Manaphy|U-turn|p2a: Ferrothorn
|-damage|p2a: Ferrothorn|316\/352
|-damage|p1a: Manaphy|328\/403|[from] ability: Iron Barbs|[of] p2a: Ferrothorn
|
|switch|p1a: Thundurus|Thundurus, M|299\/299
|-damage|p1a: Thundurus|225\/299|[from] Stealth Rock
|
|turn|8
|
|switch|p2a: Tyranitar|Tyranitar, F|251\/404
|-weather|Sandstorm
|move|p1a: Thundurus|Focus Blast|p2a: Tyranitar|[miss]
|-miss|p1a: Thundurus|p2a: Tyranitar
|
|-weather|Sandstorm|[upkeep]
|-damage|p1a: Thundurus|207\/299|[from] sandstorm
|turn|9
|c|âChillingtilnoon|noice
|
|switch|p2a: Sableye|Sableye, F|303\/303
|move|p1a: Thundurus|Focus Blast|p2a: Sableye
|-immune|p2a: Sableye|[msg]
|
|-weather|Sandstorm|[upkeep]
|-damage|p1a: Thundurus|189\/299|[from] sandstorm
|-damage|p2a: Sableye|285\/303|[from] sandstorm
|turn|10
|
|detailschange|p2a: Sableye|Sableye-Mega, F
|-mega|p2a: Sableye|Sableye|Sablenite
|move|p2a: Sableye|Calm Mind|p2a: Sableye
|-boost|p2a: Sableye|spa|1
|-boost|p2a: Sableye|spd|1
|move|p1a: Thundurus|Thunderbolt|p2a: Sableye
|-damage|p2a: Sableye|164\/303
|-damage|p1a: Thundurus|160\/299|[from] item: Life Orb
|
|-weather|Sandstorm|[upkeep]
|-damage|p1a: Thundurus|142\/299|[from] sandstorm
|-damage|p2a: Sableye|146\/303|[from] sandstorm
|turn|11
|
|move|p1a: Thundurus|Thunderbolt|p2a: Sableye
|-crit|p2a: Sableye
|-damage|p2a: Sableye|0 fnt
|-damage|p1a: Thundurus|113\/299|[from] item: Life Orb
|faint|p2a: Sableye
|
|-weather|Sandstorm|[upkeep]
|-damage|p1a: Thundurus|95\/299|[from] sandstorm
|
|switch|p2a: Azumarill|Azumarill, M|363\/363
|turn|12
|
|move|p2a: Azumarill|Aqua Jet|p1a: Thundurus
|-damage|p1a: Thundurus|0 fnt
|faint|p1a: Thundurus
|
|-weather|none
|
|switch|p1a: Manaphy|Manaphy|328\/403
|-damage|p1a: Manaphy|278\/403|[from] Stealth Rock
|turn|13
|
|switch|p2a: Ferrothorn|Ferrothorn, F|316\/352
|move|p1a: Manaphy|Scald|p2a: Ferrothorn
|-resisted|p2a: Ferrothorn
|-damage|p2a: Ferrothorn|285\/352
|-status|p2a: Ferrothorn|brn
|
|-heal|p1a: Manaphy|303\/403|[from] item: Leftovers
|-damage|p2a: Ferrothorn|241\/352 brn|[from] brn
|turn|14
|
|move|p1a: Manaphy|Rain Dance|p1a: Manaphy
|-weather|RainDance
|move|p2a: Ferrothorn|Spikes|p1a: Manaphy
|-sidestart|p1: Chillingtilnoon|Spikes
|
|-weather|RainDance|[upkeep]
|-heal|p1a: Manaphy|328\/403|[from] item: Leftovers
|-damage|p2a: Ferrothorn|197\/352 brn|[from] brn
|turn|15
|
|switch|p1a: Latios|Latios, M|301\/301
|-damage|p1a: Latios|264\/301|[from] Stealth Rock
|move|p2a: Ferrothorn|Spikes|p1a: Latios
|-sidestart|p1: Chillingtilnoon|Spikes
|
|-weather|RainDance|[upkeep]
|-damage|p2a: Ferrothorn|153\/352 brn|[from] brn
|turn|16
|
|move|p1a: Latios|Defog|p2a: Ferrothorn
|-unboost|p2a: Ferrothorn|evasion|1
|-sideend|p1: Chillingtilnoon|Spikes|[from] move: Defog|[of] p1a: Latios
|-sideend|p1: Chillingtilnoon|Stealth Rock|[from] move: Defog|[of] p1a: Latios
|move|p2a: Ferrothorn|Thunder Wave|p1a: Latios
|-status|p1a: Latios|par
|
|-weather|RainDance|[upkeep]
|-damage|p2a: Ferrothorn|109\/352 brn|[from] brn
|turn|17
|c|âChillingtilnoon|mexican...
|
|move|p1a: Latios|Draco Meteor|p2a: Ferrothorn
|-resisted|p2a: Ferrothorn
|-damage|p2a: Ferrothorn|9\/352 brn
|-unboost|p1a: Latios|spa|2
|-damage|p1a: Latios|234\/301 par|[from] item: Life Orb
|move|p2a: Ferrothorn|Spikes|p1a: Latios
|-sidestart|p1: Chillingtilnoon|Spikes
|
|-weather|RainDance|[upkeep]
|-damage|p2a: Ferrothorn|0 fnt|[from] brn
|faint|p2a: Ferrothorn
|
|switch|p2a: Tyranitar|Tyranitar, F|251\/404
|-weather|Sandstorm
|turn|18
|
|move|p2a: Tyranitar|Stealth Rock|p1a: Latios
|-sidestart|p1: Chillingtilnoon|move: Stealth Rock
|move|p1a: Latios|Draco Meteor|p2a: Tyranitar|[miss]
|-miss|p1a: Latios|p2a: Tyranitar
|
|-weather|Sandstorm|[upkeep]
|-damage|p1a: Latios|216\/301 par|[from] sandstorm
|turn|19
|c|âChillingtilnoon|noice
|
|move|p2a: Tyranitar|Pursuit|p1a: Latios
|-supereffective|p1a: Latios
|-damage|p1a: Latios|72\/301 par
|move|p1a: Latios|Defog|p2a: Tyranitar
|-unboost|p2a: Tyranitar|evasion|1
|-sideend|p1: Chillingtilnoon|Spikes|[from] move: Defog|[of] p1a: Latios
|-sideend|p1: Chillingtilnoon|Stealth Rock|[from] move: Defog|[of] p1a: Latios
|
|-weather|Sandstorm|[upkeep]
|-damage|p1a: Latios|54\/301 par|[from] sandstorm
|turn|20
|
|move|p2a: Tyranitar|Stealth Rock|p1a: Latios
|-sidestart|p1: Chillingtilnoon|move: Stealth Rock
|move|p1a: Latios|Defog|p2a: Tyranitar
|-unboost|p2a: Tyranitar|evasion|1
|-sideend|p1: Chillingtilnoon|Stealth Rock|[from] move: Defog|[of] p1a: Latios
|
|-weather|Sandstorm|[upkeep]
|-damage|p1a: Latios|36\/301 par|[from] sandstorm
|turn|21
|
|move|p2a: Tyranitar|Stealth Rock|p1a: Latios
|-sidestart|p1: Chillingtilnoon|move: Stealth Rock
|move|p1a: Latios|Defog|p2a: Tyranitar
|-unboost|p2a: Tyranitar|evasion|1
|-sideend|p1: Chillingtilnoon|Stealth Rock|[from] move: Defog|[of] p1a: Latios
|
|-weather|Sandstorm|[upkeep]
|-damage|p1a: Latios|18\/301 par|[from] sandstorm
|turn|22
|
|move|p2a: Tyranitar|Stealth Rock|p1a: Latios
|-sidestart|p1: Chillingtilnoon|move: Stealth Rock
|move|p1a: Latios|Defog|p2a: Tyranitar
|-unboost|p2a: Tyranitar|evasion|1
|-sideend|p1: Chillingtilnoon|Stealth Rock|[from] move: Defog|[of] p1a: Latios
|
|-weather|none
|turn|23
|
|move|p2a: Tyranitar|Stealth Rock|p1a: Latios
|-sidestart|p1: Chillingtilnoon|move: Stealth Rock
|move|p1a: Latios|Defog|p2a: Tyranitar
|-unboost|p2a: Tyranitar|evasion|1
|-sideend|p1: Chillingtilnoon|Stealth Rock|[from] move: Defog|[of] p1a: Latios
|
|turn|24
|
|move|p2a: Tyranitar|Stealth Rock|p1a: Latios
|-sidestart|p1: Chillingtilnoon|move: Stealth Rock
|move|p1a: Latios|Defog|p2a: Tyranitar
|-unboost|p2a: Tyranitar|evasion|1
|-sideend|p1: Chillingtilnoon|Stealth Rock|[from] move: Defog|[of] p1a: Latios
|
|turn|25
|
|move|p2a: Tyranitar|Stealth Rock|p1a: Latios
|-sidestart|p1: Chillingtilnoon|move: Stealth Rock
|move|p1a: Latios|Defog|p2a: Tyranitar
|-sideend|p1: Chillingtilnoon|Stealth Rock|[from] move: Defog|[of] p1a: Latios
|
|turn|26
|
|move|p2a: Tyranitar|Stealth Rock|p1a: Latios
|-sidestart|p1: Chillingtilnoon|move: Stealth Rock
|move|p1a: Latios|Roost|p1a: Latios
|-heal|p1a: Latios|169\/301 par
|
|turn|27
|
|move|p2a: Tyranitar|Pursuit|p1a: Latios|[from]Pursuit
|-supereffective|p1a: Latios
|-damage|p1a: Latios|0 fnt
|faint|p1a: Latios
|
|
|switch|p1a: Landorus|Landorus, M|320\/320
|-damage|p1a: Landorus|280\/320|[from] Stealth Rock
|turn|28
|
|move|p1a: Landorus|Knock Off|p2a: Tyranitar
|-resisted|p2a: Tyranitar
|-damage|p2a: Tyranitar|202\/404
|-enditem|p2a: Tyranitar|Chople Berry|[from] move: Knock Off|[of] p1a: Landorus
|-damage|p1a: Landorus|248\/320|[from] item: Life Orb
|move|p2a: Tyranitar|Stone Edge|p1a: Landorus
|-crit|p1a: Landorus
|-damage|p1a: Landorus|0 fnt
|faint|p1a: Landorus
|
|
|switch|p1a: Manaphy|Manaphy|328\/403
|-damage|p1a: Manaphy|278\/403|[from] Stealth Rock
|turn|29
|
|move|p1a: Manaphy|Scald|p2a: Tyranitar
|-supereffective|p2a: Tyranitar
|-damage|p2a: Tyranitar|68\/404
|move|p2a: Tyranitar|Stone Edge|p1a: Manaphy
|-damage|p1a: Manaphy|125\/403
|
|-heal|p1a: Manaphy|150\/403|[from] item: Leftovers
|turn|30
|
|move|p1a: Manaphy|Scald|p2a: Tyranitar
|-supereffective|p2a: Tyranitar
|-damage|p2a: Tyranitar|0 fnt
|faint|p2a: Tyranitar
|
|-heal|p1a: Manaphy|175\/403|[from] item: Leftovers
|
|switch|p2a: Gengar|Gengar, M|263\/263
|turn|31
|
|move|p2a: Gengar|Sludge Wave|p1a: Manaphy
|-damage|p1a: Manaphy|57\/403
|move|p1a: Manaphy|Scald|p2a: Gengar
|-damage|p2a: Gengar|136\/263
|
|-heal|p2a: Gengar|152\/263|[from] item: Black Sludge
|-heal|p1a: Manaphy|82\/403|[from] item: Leftovers
|turn|32
|
|move|p2a: Gengar|Sludge Wave|p1a: Manaphy
|-damage|p1a: Manaphy|0 fnt
|faint|p1a: Manaphy
|
|-heal|p2a: Gengar|168\/263|[from] item: Black Sludge
|
|switch|p1a: Metagross|Metagross|301\/301
|-damage|p1a: Metagross|283\/301|[from] Stealth Rock
|turn|33
|
|detailschange|p1a: Metagross|Metagross-Mega
|-mega|p1a: Metagross|Metagross|Metagrossite
|move|p2a: Gengar|Will-O-Wisp|p1a: Metagross
|-status|p1a: Metagross|brn
|move|p1a: Metagross|Zen Headbutt|p2a: Gengar
|-supereffective|p2a: Gengar
|-damage|p2a: Gengar|0 fnt
|faint|p2a: Gengar
|
|-damage|p1a: Metagross|246\/301 brn|[from] brn
|
|switch|p2a: Gliscor|Gliscor, F|208\/352 tox
|turn|34
|
|move|p1a: Metagross|Meteor Mash|p2a: Gliscor|[miss]
|-miss|p1a: Metagross|p2a: Gliscor
|move|p2a: Gliscor|Earthquake|p1a: Metagross
|-supereffective|p1a: Metagross
|-damage|p1a: Metagross|76\/301 brn
|
|-damage|p1a: Metagross|39\/301 brn|[from] brn
|-heal|p2a: Gliscor|252\/352 tox|[from] ability: Poison Heal
|turn|35
|
|move|p1a: Metagross|Meteor Mash|p2a: Gliscor
|-damage|p2a: Gliscor|155\/352 tox
|move|p2a: Gliscor|Earthquake|p1a: Metagross
|-supereffective|p1a: Metagross
|-damage|p1a: Metagross|0 fnt
|faint|p1a: Metagross
|
|-heal|p2a: Gliscor|199\/352 tox|[from] ability: Poison Heal
|
|switch|p1a: Victini|Victini|70\/369
|-damage|p1a: Victini|0 fnt|[from] Stealth Rock
|faint|p1a: Victini
|
|win|another teamtest
|raw|Ladder updating...
|raw|Chillingtilnoon's rating: 1302 &rarr; <strong>1281<\/strong><br \/>(-21 for losing)
|raw|another teamtest's rating: 1292 &rarr; <strong>1318<\/strong><br \/>(+26 for winning)
|c|âanother teamtest|gg
|leave|Chillingtilnoon
|player|p1