|join|Chillingtilnoon
|join|RAORoman
|player|p1|Chillingtilnoon|263
|player|p2|RAORoman|2
|gametype|singles
|gen|6
|tier|OU (suspect test)
|rated
|clearpoke
|poke|p1|Bisharp, M
|poke|p1|Gallade, M
|poke|p1|Keldeo-Resolute
|poke|p1|Gliscor, F
|poke|p1|Clefable, M
|poke|p1|Ferrothorn, M
|poke|p2|Sableye, F
|poke|p2|Rotom-Wash
|poke|p2|Latios, M
|poke|p2|Sylveon, F, shiny
|poke|p2|Landorus-Therian, M
|poke|p2|Azumarill, M
|rule|Swagger Clause: Swagger is banned
|rule|Baton Pass Clause: Limit one PokÃ©mon knowing Baton Pass
|rule|Sleep Clause Mod: Limit one foe put to sleep
|rule|Species Clause: Limit one of each PokÃ©mon
|rule|OHKO Clause: OHKO moves are banned
|rule|Moody Clause: Moody is banned
|rule|Evasion Moves Clause: Evasion moves are banned
|rule|Endless Battle Clause: Forcing endless battles is banned
|rule|HP Percentage Mod: HP is shown in percentages
|teampreview
|
|start
|switch|p1a: Keldeo-Resolute|Keldeo-Resolute|323\/323
|switch|p2a: Rotom-Wash|Rotom-Wash|304\/304
|turn|1
|
|switch|p1a: Clefable|Clefable, M|393\/393
|move|p2a: Rotom-Wash|Thunder Wave|p1a: Clefable
|-status|p1a: Clefable|par
|
|turn|2
|c|âChillingtilnoon|twave
|c|âChillingtilnoon|wot
|
|switch|p2a: Azumarill|Azumarill, M|401\/401
|move|p1a: Clefable|Moonblast|p2a: Azumarill
|-damage|p2a: Azumarill|319\/401
|
|turn|3
|
|switch|p1a: Ferrothorn|Ferrothorn, M|352\/352
|move|p2a: Azumarill|Knock Off|p1a: Ferrothorn
|-damage|p1a: Ferrothorn|258\/352
|-damage|p2a: Azumarill|269\/401|[from] ability: Iron Barbs|[of] p1a: Ferrothorn
|-enditem|p1a: Ferrothorn|Leftovers|[from] move: Knock Off|[of] p2a: Azumarill
|
|turn|4
|
|move|p2a: Azumarill|Superpower|p1a: Ferrothorn
|-crit|p1a: Ferrothorn
|-supereffective|p1a: Ferrothorn
|-damage|p1a: Ferrothorn|0 fnt
|-damage|p2a: Azumarill|219\/401|[from] ability: Iron Barbs|[of] p1a: Ferrothorn
|-unboost|p2a: Azumarill|atk|1
|-unboost|p2a: Azumarill|def|1
|faint|p1a: Ferrothorn
|
|
|switch|p1a: Gallade|Gallade, M|277\/277
|turn|5
|
|switch|p1a: Clefable|Clefable, M|393\/393 par
|switch|p2a: Sableye|Sableye, F|304\/304
|
|turn|6
|
|switch|p2a: Rotom-Wash|Rotom-Wash|304\/304
|move|p1a: Clefable|Calm Mind|p1a: Clefable
|-boost|p1a: Clefable|spa|1
|-boost|p1a: Clefable|spd|1
|
|turn|7
|
|move|p2a: Rotom-Wash|Trick|p1a: Clefable
|-activate|p2a: Rotom-Wash|move: Trick|[of] p1a: Clefable
|-item|p1a: Clefable|Choice Scarf|[from] move: Trick
|-item|p2a: Rotom-Wash|Leftovers|[from] move: Trick
|cant|p1a: Clefable|par
|
|turn|8
|
|move|p2a: Rotom-Wash|Hydro Pump|p1a: Clefable
|-damage|p1a: Clefable|294\/393 par
|cant|p1a: Clefable|par
|
|turn|9
|c|âChillingtilnoon|scarf twave with no spatk invest
|c|âChillingtilnoon|lol
|
|move|p2a: Rotom-Wash|Volt Switch|p1a: Clefable
|-damage|p1a: Clefable|234\/393 par
|
|switch|p2a: Sylveon|Sylveon, F, shiny|393\/393
|cant|p1a: Clefable|par
|
|turn|10
|c|âChillingtilnoon|noice
|
|move|p2a: Sylveon|Hyper Voice|p1a: Clefable
|-damage|p1a: Clefable|95\/393 par
|cant|p1a: Clefable|par
|
|turn|11
|
|move|p2a: Sylveon|Hyper Voice|p1a: Clefable
|-damage|p1a: Clefable|0 fnt
|faint|p1a: Clefable
|
|
|switch|p1a: Bisharp|Bisharp, M|272\/272
|turn|12
|
|move|p1a: Bisharp|Iron Head|p2a: Sylveon
|-supereffective|p2a: Sylveon
|-damage|p2a: Sylveon|0 fnt
|-damage|p1a: Bisharp|245\/272|[from] item: Life Orb
|faint|p2a: Sylveon
|
|
|switch|p2a: Sableye|Sableye, F|304\/304
|turn|13
|
|switch|p1a: Keldeo-Resolute|Keldeo-Resolute|323\/323
|move|p2a: Sableye|Will-O-Wisp|p1a: Keldeo-Resolute|[miss]
|-miss|p2a: Sableye|p1a: Keldeo-Resolute
|
|turn|14
|
|move|p2a: Sableye|Calm Mind|p2a: Sableye
|-boost|p2a: Sableye|spa|1
|-boost|p2a: Sableye|spd|1
|move|p1a: Keldeo-Resolute|Hydro Pump|p2a: Sableye
|-damage|p2a: Sableye|7\/304
|
|turn|15
|c|âChillingtilnoon|low roll :(
|
|switch|p2a: Rotom-Wash|Rotom-Wash|304\/304
|move|p1a: Keldeo-Resolute|Hydro Pump|p2a: Rotom-Wash|[miss]
|-miss|p1a: Keldeo-Resolute|p2a: Rotom-Wash
|
|turn|16
|
|switch|p1a: Gliscor|Gliscor, F|354\/354
|move|p2a: Rotom-Wash|Volt Switch|p1a: Gliscor
|-immune|p1a: Gliscor|[msg]
|
|-status|p1a: Gliscor|tox|[from] item: Toxic Orb
|turn|17
|
|move|p1a: Gliscor|U-turn|p2a: Rotom-Wash
|-damage|p2a: Rotom-Wash|266\/304
|
|switch|p1a: Bisharp|Bisharp, M|245\/272
|move|p2a: Rotom-Wash|Hydro Pump|p1a: Bisharp|[miss]
|-miss|p2a: Rotom-Wash|p1a: Bisharp
|
|-heal|p2a: Rotom-Wash|285\/304|[from] item: Leftovers
|turn|18
|
|move|p1a: Bisharp|Knock Off|p2a: Rotom-Wash
|-damage|p2a: Rotom-Wash|145\/304
|-enditem|p2a: Rotom-Wash|Leftovers|[from] move: Knock Off|[of] p1a: Bisharp
|-damage|p1a: Bisharp|218\/272|[from] item: Life Orb
|move|p2a: Rotom-Wash|Thunder Wave|p1a: Bisharp
|-status|p1a: Bisharp|par
|
|turn|19
|
|move|p2a: Rotom-Wash|Hydro Pump|p1a: Bisharp
|-damage|p1a: Bisharp|26\/272 par
|move|p1a: Bisharp|Swords Dance|p1a: Bisharp
|-boost|p1a: Bisharp|atk|2
|
|turn|20
|
|switch|p2a: Sableye|Sableye, F|7\/304
|cant|p1a: Bisharp|par
|
|turn|21
|
|move|p2a: Sableye|Recover|p2a: Sableye
|-heal|p2a: Sableye|159\/304
|move|p1a: Bisharp|Sucker Punch|p2a: Sableye
|-fail|p2a: Sableye
|
|turn|22
|
|move|p2a: Sableye|Recover|p2a: Sableye
|-heal|p2a: Sableye|304\/304
|move|p1a: Bisharp|Iron Head|p2a: Sableye
|-damage|p2a: Sableye|18\/304
|-damage|p1a: Bisharp|0 fnt|[from] item: Life Orb
|faint|p1a: Bisharp
|
|
|switch|p1a: Gliscor|Gliscor, F|354\/354 tox
|turn|23
|
|detailschange|p2a: Sableye|Sableye-Mega, F
|-mega|p2a: Sableye|Sableye|Sablenite
|move|p2a: Sableye|Recover|p2a: Sableye
|-heal|p2a: Sableye|170\/304
|move|p1a: Gliscor|Taunt|p2a: Sableye
|move|p2a: Sableye|Taunt|p1a: Gliscor|[from]Magic Bounce
|-start|p1a: Gliscor|move: Taunt
|
|turn|24
|
|move|p1a: Gliscor|U-turn|p2a: Sableye
|-damage|p2a: Sableye|136\/304
|
|switch|p1a: Keldeo-Resolute|Keldeo-Resolute|323\/323
|move|p2a: Sableye|Will-O-Wisp|p1a: Keldeo-Resolute
|-status|p1a: Keldeo-Resolute|brn
|
|-damage|p1a: Keldeo-Resolute|283\/323 brn|[from] brn
|turn|25
|
|switch|p2a: Rotom-Wash|Rotom-Wash|145\/304
|move|p1a: Keldeo-Resolute|Scald|p2a: Rotom-Wash
|-resisted|p2a: Rotom-Wash
|-damage|p2a: Rotom-Wash|41\/304
|
|-damage|p1a: Keldeo-Resolute|243\/323 brn|[from] brn
|turn|26
|
|move|p1a: Keldeo-Resolute|Scald|p2a: Rotom-Wash
|-resisted|p2a: Rotom-Wash
|-damage|p2a: Rotom-Wash|0 fnt
|faint|p2a: Rotom-Wash
|
|-damage|p1a: Keldeo-Resolute|203\/323 brn|[from] brn
|
|switch|p2a: Latios|Latios, M|301\/301
|turn|27
|
|move|p2a: Latios|Thunderbolt|p1a: Keldeo-Resolute
|-supereffective|p1a: Keldeo-Resolute
|-damage|p1a: Keldeo-Resolute|0 fnt
|faint|p1a: Keldeo-Resolute
|
|
|switch|p1a: Gliscor|Gliscor, F|354\/354 tox
|turn|28
|
|move|p2a: Latios|Ice Beam|p1a: Gliscor
|-supereffective|p1a: Gliscor
|-damage|p1a: Gliscor|0 fnt
|faint|p1a: Gliscor
|
|c|âChillingtilnoon|lol
|c|âChillingtilnoon|its probably lefties
|
|switch|p1a: Gallade|Gallade, M|277\/277
|turn|29
|c|âRAORoman|Expert Belt
|
|switch|p2a: Landorus-Therian|Landorus-Therian, M|319\/319
|-ability|p2a: Landorus-Therian|Intimidate|[of] p1a: Gallade
|-unboost|p1a: Gallade|atk|1
|detailschange|p1a: Gallade|Gallade-Mega, M
|-mega|p1a: Gallade|Gallade|Galladite
|move|p1a: Gallade|Swords Dance|p1a: Gallade
|-boost|p1a: Gallade|atk|2
|
|turn|30
|
|move|p2a: Landorus-Therian|U-turn|p1a: Gallade
|-damage|p1a: Gallade|179\/277
|
|switch|p2a: Sableye|Sableye-Mega, F|136\/304
|move|p1a: Gallade|Knock Off|p2a: Sableye
|-damage|p2a: Sableye|55\/304
|
|turn|31
|
|move|p1a: Gallade|Skill Swap|p2a: Sableye
|-activate|p1a: Gallade|move: Skill Swap|Magic Bounce|Inner Focus|[of] p2a: Sableye
|move|p2a: Sableye|Will-O-Wisp|p1a: Gallade
|move|p1a: Gallade|Will-O-Wisp|p2a: Sableye|[from]Magic Bounce
|-status|p2a: Sableye|brn
|
|-damage|p2a: Sableye|17\/304 brn|[from] brn
|turn|32
|
|switch|p2a: Landorus-Therian|Landorus-Therian, M|319\/319
|-ability|p2a: Landorus-Therian|Intimidate|[of] p1a: Gallade
|-unboost|p1a: Gallade|atk|1
|move|p1a: Gallade|Swords Dance|p1a: Gallade
|-boost|p1a: Gallade|atk|2
|
|turn|33
|
|move|p2a: Landorus-Therian|U-turn|p1a: Gallade
|-damage|p1a: Gallade|82\/277
|
|switch|p2a: Azumarill|Azumarill, M|219\/401
|move|p1a: Gallade|Knock Off|p2a: Azumarill
|-resisted|p2a: Azumarill
|-damage|p2a: Azumarill|42\/401
|-enditem|p2a: Azumarill|Assault Vest|[from] move: Knock Off|[of] p1a: Gallade
|
|turn|34
|
|move|p2a: Azumarill|Aqua Jet|p1a: Gallade
|-damage|p1a: Gallade|0 fnt
|faint|p1a: Gallade
|
|win|RAORoman
|raw|Ladder updating...
|leave|Chillingtilnoon
|player|p1
|raw|Chillingtilnoon's rating: 1437 &rarr; <strong>1410<\/strong><br \/>(-27 for losing)
|raw|RAORoman's rating: 1319 &rarr; <strong>1345<\/strong><br \/>(+26 for winning)