|join|Chillingtilnoon
|join|milotic121
|player|p1|Chillingtilnoon|159
|player|p2|milotic121|265
|gametype|singles
|gen|6
|tier|OU (suspect test)
|rated
|clearpoke
|poke|p1|Manaphy
|poke|p1|Landorus, M
|poke|p1|Victini
|poke|p1|Thundurus, M
|poke|p1|Venusaur, F
|poke|p1|Tyranitar, M
|poke|p2|Milotic, F
|poke|p2|Diancie
|poke|p2|Landorus-Therian, M
|poke|p2|Latios, M
|poke|p2|Ferrothorn, F
|poke|p2|Talonflame, F
|rule|Swagger Clause: Swagger is banned
|rule|Baton Pass Clause: Limit one PokÃ©mon knowing Baton Pass
|rule|Sleep Clause Mod: Limit one foe put to sleep
|rule|Species Clause: Limit one of each PokÃ©mon
|rule|OHKO Clause: OHKO moves are banned
|rule|Moody Clause: Moody is banned
|rule|Evasion Moves Clause: Evasion moves are banned
|rule|Endless Battle Clause: Forcing endless battles is banned
|rule|HP Percentage Mod: HP is shown in percentages
|teampreview
|
|start
|switch|p1a: Manaphy|Manaphy|403\/403
|switch|p2a: Diancie|Diancie|241\/241
|turn|1
|
|detailschange|p2a: Diancie|Diancie-Mega
|-mega|p2a: Diancie|Diancie|Diancite
|move|p2a: Diancie|Protect|p2a: Diancie
|-singleturn|p2a: Diancie|Protect
|move|p1a: Manaphy|Rain Dance|p1a: Manaphy
|-weather|RainDance
|
|-weather|RainDance|[upkeep]
|turn|2
|
|switch|p2a: Ferrothorn|Ferrothorn, F|352\/352
|move|p1a: Manaphy|U-turn|p2a: Ferrothorn
|-damage|p2a: Ferrothorn|313\/352
|-damage|p1a: Manaphy|353\/403|[from] ability: Iron Barbs|[of] p2a: Ferrothorn
|
|switch|p1a: Landorus|Landorus, M|320\/320
|
|-weather|RainDance|[upkeep]
|turn|3
|
|switch|p2a: Landorus-Therian|Landorus-Therian, M|382\/382
|-ability|p2a: Landorus-Therian|Intimidate|[of] p1a: Landorus
|-unboost|p1a: Landorus|atk|1
|move|p1a: Landorus|Knock Off|p2a: Landorus-Therian
|-damage|p2a: Landorus-Therian|321\/382
|-enditem|p2a: Landorus-Therian|Leftovers|[from] move: Knock Off|[of] p1a: Landorus
|-damage|p1a: Landorus|288\/320|[from] item: Life Orb
|
|-weather|RainDance|[upkeep]
|turn|4
|
|move|p1a: Landorus|Psychic|p2a: Landorus-Therian
|-damage|p2a: Landorus-Therian|108\/382
|move|p2a: Landorus-Therian|Knock Off|p1a: Landorus
|-damage|p1a: Landorus|173\/320
|-enditem|p1a: Landorus|Life Orb|[from] move: Knock Off|[of] p2a: Landorus-Therian
|
|-weather|RainDance|[upkeep]
|turn|5
|
|switch|p2a: Talonflame|Talonflame, F|297\/297
|move|p1a: Landorus|Psychic|p2a: Talonflame
|-damage|p2a: Talonflame|127\/297
|
|-weather|none
|turn|6
|
|switch|p1a: Tyranitar|Tyranitar, M|341\/341
|-weather|Sandstorm
|move|p2a: Talonflame|U-turn|p1a: Tyranitar
|-supereffective|p1a: Tyranitar
|-damage|p1a: Tyranitar|151\/341
|
|switch|p2a: Diancie|Diancie-Mega|241\/241
|
|-weather|Sandstorm|[upkeep]
|turn|7
|
|move|p1a: Tyranitar|Earthquake|p2a: Diancie
|-supereffective|p2a: Diancie
|-damage|p2a: Diancie|35\/241
|move|p2a: Diancie|Moonblast|p1a: Tyranitar
|-supereffective|p1a: Tyranitar
|-damage|p1a: Tyranitar|0 fnt
|faint|p1a: Tyranitar
|
|-weather|Sandstorm|[upkeep]
|
|switch|p1a: Thundurus|Thundurus, M|299\/299
|turn|8
|
|switch|p2a: Ferrothorn|Ferrothorn, F|313\/352
|move|p1a: Thundurus|Hidden Power|p2a: Ferrothorn
|-damage|p2a: Ferrothorn|255\/352
|-damage|p1a: Thundurus|270\/299|[from] item: Life Orb
|
|-weather|Sandstorm|[upkeep]
|-damage|p1a: Thundurus|252\/299|[from] sandstorm
|turn|9
|
|switch|p1a: Victini|Victini|369\/369
|move|p2a: Ferrothorn|Spikes|p1a: Victini
|-sidestart|p1: Chillingtilnoon|Spikes
|
|-weather|Sandstorm|[upkeep]
|-damage|p1a: Victini|346\/369|[from] sandstorm
|-heal|p1a: Victini|369\/369|[from] item: Leftovers
|turn|10
|
|switch|p2a: Landorus-Therian|Landorus-Therian, M|108\/382
|-ability|p2a: Landorus-Therian|Intimidate|[of] p1a: Victini
|-unboost|p1a: Victini|atk|1
|move|p1a: Victini|Substitute|p1a: Victini
|-start|p1a: Victini|Substitute
|-damage|p1a: Victini|277\/369
|
|-weather|none
|-heal|p1a: Victini|300\/369|[from] item: Leftovers
|turn|11
|
|move|p1a: Victini|Power-Up Punch|p2a: Landorus-Therian
|-resisted|p2a: Landorus-Therian
|-damage|p2a: Landorus-Therian|97\/382
|-boost|p1a: Victini|atk|1
|move|p2a: Landorus-Therian|Knock Off|p1a: Victini
|-supereffective|p1a: Victini
|-end|p1a: Victini|Substitute
|
|-heal|p1a: Victini|323\/369|[from] item: Leftovers
|turn|12
|
|switch|p2a: Milotic|Milotic, F|393\/393
|move|p1a: Victini|V-create|p2a: Milotic
|-resisted|p2a: Milotic
|-damage|p2a: Milotic|263\/393
|-unboost|p1a: Victini|def|1
|-unboost|p1a: Victini|spd|1
|-unboost|p1a: Victini|spe|1
|
|-heal|p2a: Milotic|287\/393|[from] item: Leftovers
|-heal|p1a: Victini|346\/369|[from] item: Leftovers
|turn|13
|
|move|p2a: Milotic|Scald|p1a: Victini
|-supereffective|p1a: Victini
|-damage|p1a: Victini|82\/369
|move|p1a: Victini|Bolt Strike|p2a: Milotic
|-supereffective|p2a: Milotic
|-damage|p2a: Milotic|43\/393
|
|-heal|p2a: Milotic|67\/393|[from] item: Leftovers
|-heal|p1a: Victini|105\/369|[from] item: Leftovers
|turn|14
|
|switch|p1a: Manaphy|Manaphy|353\/403
|-damage|p1a: Manaphy|303\/403|[from] Spikes
|move|p2a: Milotic|Scald|p1a: Manaphy
|-resisted|p1a: Manaphy
|-damage|p1a: Manaphy|270\/403
|
|-heal|p1a: Manaphy|295\/403|[from] item: Leftovers
|-heal|p2a: Milotic|91\/393|[from] item: Leftovers
|turn|15
|
|move|p1a: Manaphy|Scald|p2a: Milotic
|-resisted|p2a: Milotic
|-damage|p2a: Milotic|50\/393
|move|p2a: Milotic|Recover|p2a: Milotic
|-heal|p2a: Milotic|247\/393
|
|-heal|p1a: Manaphy|320\/403|[from] item: Leftovers
|-heal|p2a: Milotic|271\/393|[from] item: Leftovers
|turn|16
|
|switch|p2a: Latios|Latios, M|309\/309
|move|p1a: Manaphy|Scald|p2a: Latios
|-resisted|p2a: Latios
|-damage|p2a: Latios|267\/309
|-status|p2a: Latios|brn
|
|-heal|p1a: Manaphy|345\/403|[from] item: Leftovers
|-damage|p2a: Latios|229\/309 brn|[from] brn
|turn|17
|
|move|p2a: Latios|Psyshock|p1a: Manaphy
|-damage|p1a: Manaphy|176\/403
|-damage|p2a: Latios|199\/309 brn|[from] item: Life Orb
|move|p1a: Manaphy|U-turn|p2a: Latios
|-supereffective|p2a: Latios
|-damage|p2a: Latios|89\/309 brn
|
|switch|p1a: Thundurus|Thundurus, M|252\/299
|
|-damage|p2a: Latios|51\/309 brn|[from] brn
|turn|18
|
|switch|p2a: Ferrothorn|Ferrothorn, F|255\/352
|move|p1a: Thundurus|Hidden Power|p2a: Ferrothorn
|-damage|p2a: Ferrothorn|191\/352
|-damage|p1a: Thundurus|223\/299|[from] item: Life Orb
|
|turn|19
|
|move|p1a: Thundurus|Superpower|p2a: Ferrothorn
|-supereffective|p2a: Ferrothorn
|-damage|p2a: Ferrothorn|0 fnt
|-damage|p1a: Thundurus|186\/299|[from] ability: Iron Barbs|[of] p2a: Ferrothorn
|-unboost|p1a: Thundurus|atk|1
|-unboost|p1a: Thundurus|def|1
|-damage|p1a: Thundurus|157\/299|[from] item: Life Orb
|faint|p2a: Ferrothorn
|
|
|switch|p2a: Talonflame|Talonflame, F|127\/297
|turn|20
|
|move|p2a: Talonflame|Brave Bird|p1a: Thundurus
|-resisted|p1a: Thundurus
|-damage|p1a: Thundurus|0 fnt
|-damage|p2a: Talonflame|75\/297|[from] recoil|[of] p1a: Thundurus
|faint|p1a: Thundurus
|
|c|âChillingtilnoon|jolly band
|c|âChillingtilnoon|o.o
|
|switch|p1a: Manaphy|Manaphy|176\/403
|-damage|p1a: Manaphy|126\/403|[from] Spikes
|turn|21
|
|move|p2a: Talonflame|Brave Bird|p1a: Manaphy
|-damage|p1a: Manaphy|0 fnt
|-damage|p2a: Talonflame|33\/297|[from] recoil|[of] p1a: Manaphy
|faint|p1a: Manaphy
|
|
|switch|p1a: Victini|Victini|105\/369
|-damage|p1a: Victini|59\/369|[from] Spikes
|turn|22
|
|move|p2a: Talonflame|Brave Bird|p1a: Victini
|-damage|p1a: Victini|0 fnt
|-damage|p2a: Talonflame|14\/297|[from] recoil|[of] p1a: Victini
|faint|p1a: Victini
|
|
|switch|p1a: Landorus|Landorus, M|173\/320
|turn|23
|
|move|p2a: Talonflame|Brave Bird|p1a: Landorus
|-damage|p1a: Landorus|0 fnt
|-damage|p2a: Talonflame|0 fnt|[from] recoil|[of] p1a: Landorus
|faint|p1a: Landorus
|faint|p2a: Talonflame
|
|c|âmilotic121|adamant
|
|switch|p2a: Latios|Latios, M|51\/309 brn
|switch|p1a: Venusaur|Venusaur, F|359\/359
|-damage|p1a: Venusaur|315\/359|[from] Spikes
|turn|24
|c|âChillingtilnoon|prankster begs to deffer
|c|âChillingtilnoon|differ*
|
|detailschange|p1a: Venusaur|Venusaur-Mega, F
|-mega|p1a: Venusaur|Venusaur|Venusaurite
|move|p2a: Latios|Psyshock|p1a: Venusaur
|-supereffective|p1a: Venusaur
|-damage|p1a: Venusaur|16\/359
|-damage|p2a: Latios|21\/309 brn|[from] item: Life Orb
|move|p1a: Venusaur|Synthesis|p1a: Venusaur
|-heal|p1a: Venusaur|195\/359
|
|-damage|p2a: Latios|0 fnt|[from] brn
|faint|p2a: Latios
|c|âmilotic121|LOL
|c|âmilotic121|why would i not know my own pokemon dude
|
|switch|p2a: Diancie|Diancie-Mega|35\/241
|turn|25
|
|move|p2a: Diancie|Diamond Storm|p1a: Venusaur
|-damage|p1a: Venusaur|53\/359
|move|p1a: Venusaur|Giga Drain|p2a: Diancie
|-supereffective|p2a: Diancie
|-damage|p2a: Diancie|0 fnt
|-heal|p1a: Venusaur|71\/359|[from] drain|[of] p2a: Diancie
|faint|p2a: Diancie
|
|
|switch|p2a: Landorus-Therian|Landorus-Therian, M|97\/382
|-ability|p2a: Landorus-Therian|Intimidate|[of] p1a: Venusaur
|-unboost|p1a: Venusaur|atk|1
|turn|26
|
|move|p2a: Landorus-Therian|Earthquake|p1a: Venusaur
|-damage|p1a: Venusaur|0 fnt
|faint|p1a: Venusaur
|
|win|milotic121
|raw|Ladder updating...
|raw|Chillingtilnoon's rating: 1465 &rarr; <strong>1444<\/strong><br \/>(-21 for losing)
|raw|milotic121's rating: 1449 &rarr; <strong>1470<\/strong><br \/>(+21 for winning)
|leave|Chillingtilnoon
|player|p1