|join|axiom_alpha
|join|Alts are real
|player|p1|axiom_alpha|33
|player|p2|Alts are real|2
|gametype|singles
|gen|6
|tier|OU
|rated
|clearpoke
|poke|p1|Tyranitar, F
|poke|p1|Excadrill, F
|poke|p1|Clefable, F
|poke|p1|Keldeo
|poke|p1|Latios, M
|poke|p1|Charizard, F
|poke|p2|Medicham, F
|poke|p2|Gliscor, F
|poke|p2|Heatran, M
|poke|p2|Jirachi
|poke|p2|Slowbro, F
|poke|p2|Latios, M
|rule|Swagger Clause: Swagger is banned
|rule|Baton Pass Clause: Limit one PokÃ©mon knowing Baton Pass
|rule|Sleep Clause Mod: Limit one foe put to sleep
|rule|Species Clause: Limit one of each PokÃ©mon
|rule|OHKO Clause: OHKO moves are banned
|rule|Moody Clause: Moody is banned
|rule|Evasion Moves Clause: Evasion moves are banned
|rule|Endless Battle Clause: Forcing endless battles is banned
|rule|HP Percentage Mod: HP is shown in percentages
|teampreview
|
|start
|switch|p1a: Zeta|Charizard, F|297\/297
|switch|p2a: Heatran|Heatran, M|379\/379
|turn|1
|
|detailschange|p1a: Zeta|Charizard-Mega-Y, F
|message|Charizard has Mega Evolved into Mega Charizard!
|-weather|SunnyDay
|move|p2a: Heatran|Protect|p2a: Heatran
|-singleturn|p2a: Heatran|Protect
|move|p1a: Zeta|Focus Blast|p2a: Heatran
|-activate|p2a: Heatran|Protect
|
|-weather|SunnyDay|[upkeep]
|turn|2
|
|switch|p1a: Alpha|Tyranitar, F|341\/341
|-weather|Sandstorm
|move|p2a: Heatran|Stealth Rock|p1a: Alpha
|-sidestart|p1: axiom_alpha|move: Stealth Rock
|
|-weather|Sandstorm|[upkeep]
|turn|3
|c|âAlts are real|c:
|join|NocturOP
|
|switch|p1a: Gamma|Clefable, F|393\/393
|move|p2a: Heatran|Toxic|p1a: Gamma
|-status|p1a: Gamma|tox
|
|-weather|Sandstorm|[upkeep]
|turn|4
|
|switch|p2a: Gliscor|Gliscor, F|311\/311
|move|p1a: Gamma|Stealth Rock|p2a: Gliscor
|-sidestart|p2: Alts are real|move: Stealth Rock
|
|-weather|Sandstorm|[upkeep]
|-status|p2a: Gliscor|tox|[from] item: Toxic Orb
|turn|5
|
|move|p2a: Gliscor|Taunt|p1a: Gamma
|-start|p1a: Gamma|move: Taunt
|move|p1a: Gamma|Moonblast|p2a: Gliscor
|-damage|p2a: Gliscor|178\/311 tox
|
|-weather|Sandstorm|[upkeep]
|-heal|p2a: Gliscor|216\/311 tox|[from] ability: Poison Heal
|turn|6
|
|switch|p2a: Jirachi|Jirachi|399\/399
|-damage|p2a: Jirachi|375\/399|[from] Stealth Rock
|move|p1a: Gamma|Moonblast|p2a: Jirachi
|-resisted|p2a: Jirachi
|-damage|p2a: Jirachi|333\/399
|
|-weather|none
|-heal|p2a: Jirachi|357\/399|[from] item: Leftovers
|turn|7
|
|switch|p1a: Beta|Excadrill, F|362\/362
|-damage|p1a: Beta|351\/362|[from] Stealth Rock
|move|p2a: Jirachi|Substitute|p2a: Jirachi
|-start|p2a: Jirachi|Substitute
|-damage|p2a: Jirachi|258\/399
|
|-heal|p2a: Jirachi|282\/399|[from] item: Leftovers
|turn|8
|
|move|p1a: Beta|Rapid Spin|p2a: Jirachi
|-resisted|p2a: Jirachi
|-activate|p2a: Jirachi|Substitute|[damage]
|-sideend|p1: axiom_alpha|Stealth Rock|[from] move: Rapid Spin|[of] p1a: Beta
|-damage|p1a: Beta|315\/362|[from] item: Life Orb
|move|p2a: Jirachi|Fire Punch|p1a: Beta
|-supereffective|p1a: Beta
|-damage|p1a: Beta|147\/362
|-status|p1a: Beta|brn
|
|-heal|p2a: Jirachi|306\/399|[from] item: Leftovers
|-damage|p1a: Beta|102\/362 brn|[from] brn
|turn|9
|
|move|p1a: Beta|Earthquake|p2a: Jirachi
|-supereffective|p2a: Jirachi
|-end|p2a: Jirachi|Substitute
|-damage|p1a: Beta|66\/362 brn|[from] item: Life Orb
|move|p2a: Jirachi|Iron Head|p1a: Beta
|-resisted|p1a: Beta
|-damage|p1a: Beta|0 fnt
|faint|p1a: Beta
|
|-heal|p2a: Jirachi|330\/399|[from] item: Leftovers
|c| NocturOP|Era sub
|
|switch|p1a: Alpha|Tyranitar, F|341\/341
|-weather|Sandstorm
|turn|10
|
|move|p1a: Alpha|Crunch|p2a: Jirachi
|-supereffective|p2a: Jirachi
|-damage|p2a: Jirachi|88\/399
|-unboost|p2a: Jirachi|def|1
|move|p2a: Jirachi|Iron Head|p1a: Alpha
|-supereffective|p1a: Alpha
|-damage|p1a: Alpha|171\/341
|
|-weather|Sandstorm|[upkeep]
|-heal|p2a: Jirachi|112\/399|[from] item: Leftovers
|turn|11
|
|switch|p2a: Heatran|Heatran, M|379\/379
|-damage|p2a: Heatran|332\/379|[from] Stealth Rock
|move|p1a: Alpha|Crunch|p2a: Heatran
|-damage|p2a: Heatran|181\/379
|
|-weather|Sandstorm|[upkeep]
|-heal|p2a: Heatran|204\/379|[from] item: Leftovers
|turn|12
|
|move|p1a: Alpha|Crunch|p2a: Heatran
|-damage|p2a: Heatran|57\/379
|move|p2a: Heatran|Stealth Rock|p1a: Alpha
|-sidestart|p1: axiom_alpha|move: Stealth Rock
|
|-weather|Sandstorm|[upkeep]
|-heal|p2a: Heatran|80\/379|[from] item: Leftovers
|turn|13
|
|move|p1a: Alpha|Crunch|p2a: Heatran
|-damage|p2a: Heatran|0 fnt
|faint|p2a: Heatran
|
|-weather|Sandstorm|[upkeep]
|
|switch|p2a: Medicham|Medicham, F|261\/261
|-damage|p2a: Medicham|245\/261|[from] Stealth Rock
|turn|14
|c|âAlts are real|por que
|c|âAlts are real|no he tirado
|c|âAlts are real|a gliscor
|c|âAlts are real|dios mio
|c|âAlts are real|que malo soy
|c| NocturOP|xd
|
|switch|p1a: Gamma|Clefable, F|393\/393 tox
|detailschange|p2a: Medicham|Medicham-Mega, F
|message|Medicham has Mega Evolved into Mega Medicham!
|move|p2a: Medicham|High Jump Kick|p1a: Gamma
|-crit|p1a: Gamma
|-resisted|p1a: Gamma
|-damage|p1a: Gamma|71\/393 tox
|
|-weather|none
|-heal|p1a: Gamma|95\/393 tox|[from] item: Leftovers
|turn|15
|join|Rayleigth
|
|move|p2a: Medicham|Zen Headbutt|p1a: Gamma
|-damage|p1a: Gamma|0 fnt
|faint|p1a: Gamma
|
|
|switch|p1a: Epsilon|Latios, M|301\/301
|-damage|p1a: Epsilon|264\/301|[from] Stealth Rock
|turn|16
|
|switch|p2a: Jirachi|Jirachi|112\/399
|-damage|p2a: Jirachi|88\/399|[from] Stealth Rock
|move|p1a: Epsilon|Draco Meteor|p2a: Jirachi
|-resisted|p2a: Jirachi
|-damage|p2a: Jirachi|0 fnt
|-unboost|p1a: Epsilon|spa|2
|-damage|p1a: Epsilon|234\/301|[from] item: Life Orb
|faint|p2a: Jirachi
|
|c| Rayleigth|hola soy senky (â© Í¡Â° ÍÊ Í¡Â°)âââï¾. *
|
|switch|p2a: Slowbro|Slowbro, F|379\/379
|-damage|p2a: Slowbro|332\/379|[from] Stealth Rock
|turn|17
|c| NocturOP|(â© Í¡Â° ÍÊ Í¡Â°)âââï¾. *
|c|âAlts are real|(â© Í¡Â° ÍÊ Í¡Â°)âââï¾. *
|
|switch|p1a: Delta|Keldeo|323\/323
|-damage|p1a: Delta|303\/323|[from] Stealth Rock
|move|p2a: Slowbro|Thunder Wave|p1a: Delta
|-status|p1a: Delta|par
|
|-heal|p2a: Slowbro|355\/379|[from] item: Leftovers
|-heal|p1a: Delta|323\/323 par|[from] item: Leftovers
|turn|18
|c| NocturOP|(â© Í¡Â° ÍÊ Í¡Â°)âââï¾. *
|
|switch|p1a: Alpha|Tyranitar, F|171\/341
|-damage|p1a: Alpha|129\/341|[from] Stealth Rock
|-weather|Sandstorm
|move|p2a: Slowbro|Psyshock|p1a: Alpha
|-immune|p1a: Alpha|[msg]
|
|-weather|Sandstorm|[upkeep]
|-damage|p2a: Slowbro|332\/379|[from] sandstorm
|-heal|p2a: Slowbro|355\/379|[from] item: Leftovers
|turn|19
|c| Rayleigth|(â© Í¡Â° ÍÊ Í¡Â°)âââï¾. *
|c| Rayleigth|es ladderÂ¿
|c| NocturOP|Keldeo counter de Slowbro imo
|
|switch|p2a: Gliscor|Gliscor, F|216\/311 tox
|-damage|p2a: Gliscor|178\/311 tox|[from] Stealth Rock
|move|p1a: Alpha|Crunch|p2a: Gliscor
|-damage|p2a: Gliscor|85\/311 tox
|
|-weather|Sandstorm|[upkeep]
|-heal|p2a: Gliscor|123\/311 tox|[from] ability: Poison Heal
|turn|20
|c| NocturOP|SÃ­
|
|switch|p1a: Zeta|Charizard-Mega-Y, F|297\/297
|-damage|p1a: Zeta|149\/297|[from] Stealth Rock
|-weather|SunnyDay
|move|p2a: Gliscor|Knock Off|p1a: Zeta
|-damage|p1a: Zeta|91\/297
|
|-weather|SunnyDay|[upkeep]
|-heal|p2a: Gliscor|161\/311 tox|[from] ability: Poison Heal
|turn|21
|
|switch|p2a: Latios|Latios, M|299\/299
|-damage|p2a: Latios|262\/299|[from] Stealth Rock
|move|p1a: Zeta|Roost|p1a: Zeta
|-heal|p1a: Zeta|240\/297
|
|-weather|SunnyDay|[upkeep]
|turn|22
|
|switch|p1a: Delta|Keldeo|323\/323 par
|-damage|p1a: Delta|303\/323 par|[from] Stealth Rock
|move|p2a: Latios|Draco Meteor|p1a: Delta
|-crit|p1a: Delta
|-damage|p1a: Delta|0 fnt
|-unboost|p2a: Latios|spa|2
|-damage|p2a: Latios|233\/299|[from] item: Life Orb
|faint|p1a: Delta
|
|-weather|SunnyDay|[upkeep]
|
|switch|p1a: Alpha|Tyranitar, F|129\/341
|-damage|p1a: Alpha|87\/341|[from] Stealth Rock
|-weather|Sandstorm
|turn|23
|
|move|p1a: Alpha|Pursuit|p2a: Latios|[from]Pursuit
|-supereffective|p2a: Latios
|-damage|p2a: Latios|0 fnt
|faint|p2a: Latios
|
|-weather|Sandstorm|[upkeep]
|
|switch|p2a: Gliscor|Gliscor, F|161\/311 tox
|-damage|p2a: Gliscor|123\/311 tox|[from] Stealth Rock
|turn|24
|
|switch|p1a: Zeta|Charizard-Mega-Y, F|240\/297
|-damage|p1a: Zeta|92\/297|[from] Stealth Rock
|-weather|SunnyDay
|move|p2a: Gliscor|Knock Off|p1a: Zeta
|-damage|p1a: Zeta|33\/297
|
|-weather|SunnyDay|[upkeep]
|-heal|p2a: Gliscor|161\/311 tox|[from] ability: Poison Heal
|turn|25
|
|move|p1a: Zeta|Fire Blast|p2a: Gliscor
|-damage|p2a: Gliscor|0 fnt
|faint|p2a: Gliscor
|
|-weather|SunnyDay|[upkeep]
|
|switch|p2a: Medicham|Medicham-Mega, F|245\/261
|-damage|p2a: Medicham|229\/261|[from] Stealth Rock
|turn|26
|
|move|p2a: Medicham|Fake Out|p1a: Zeta
|-damage|p1a: Zeta|0 fnt
|faint|p1a: Zeta
|
|-weather|SunnyDay|[upkeep]
|
|switch|p1a: Epsilon|Latios, M|234\/301
|-damage|p1a: Epsilon|197\/301|[from] Stealth Rock
|turn|27
|c| NocturOP|Miss
|c| NocturOP|(â© Í¡Â° ÍÊ Í¡Â°)âââï¾. *
|
|move|p1a: Epsilon|Draco Meteor|p2a: Medicham
|-damage|p2a: Medicham|0 fnt
|-unboost|p1a: Epsilon|spa|2
|-damage|p1a: Epsilon|167\/301|[from] item: Life Orb
|faint|p2a: Medicham
|
|-weather|SunnyDay|[upkeep]
|c|âAlts are real|hax
|c|âAlts are real|(â© Í¡Â° ÍÊ Í¡Â°)âââï¾. *
|
|switch|p2a: Slowbro|Slowbro, F|379\/379
|-damage|p2a: Slowbro|332\/379|[from] Stealth Rock
|turn|28
|c|âaxiom_alpha|lol
|c| Rayleigth|jajajaja (â© Í¡Â° ÍÊ Í¡Â°)âââï¾. *
|
|switch|p1a: Alpha|Tyranitar, F|87\/341
|-damage|p1a: Alpha|45\/341|[from] Stealth Rock
|-weather|Sandstorm
|move|p2a: Slowbro|Thunder Wave|p1a: Alpha
|-status|p1a: Alpha|par
|
|-weather|Sandstorm|[upkeep]
|-damage|p2a: Slowbro|309\/379|[from] sandstorm
|-heal|p2a: Slowbro|332\/379|[from] item: Leftovers
|turn|29
|
|move|p2a: Slowbro|Scald|p1a: Alpha
|-supereffective|p1a: Alpha
|-damage|p1a: Alpha|0 fnt
|faint|p1a: Alpha
|
|-weather|Sandstorm|[upkeep]
|-damage|p2a: Slowbro|309\/379|[from] sandstorm
|-heal|p2a: Slowbro|332\/379|[from] item: Leftovers
|
|switch|p1a: Epsilon|Latios, M|167\/301
|-damage|p1a: Epsilon|130\/301|[from] Stealth Rock
|turn|30
|
|move|p1a: Epsilon|Draco Meteor|p2a: Slowbro
|-damage|p2a: Slowbro|0 fnt
|-unboost|p1a: Epsilon|spa|2
|-damage|p1a: Epsilon|100\/301|[from] item: Life Orb
|faint|p2a: Slowbro
|
|win|axiom_alpha
|raw|Ladder updating...
|raw|axiom_alpha's rating: 1825 &rarr; <strong>1842<\/strong><br \/>(+17 for winning)
|raw|Alts are real's rating: 1781 &rarr; <strong>1763<\/strong><br \/>(-18 for losing)
|c|âaxiom_alpha|gg
|c|âAlts are real|gg