|join|axiom_alpha
|join|Zyos
|player|p1|axiom_alpha|33
|player|p2|Zyos|29
|gametype|singles
|gen|6
|tier|OU
|rated
|clearpoke
|poke|p1|Tyranitar, M
|poke|p1|Excadrill, F
|poke|p1|Clefable, M
|poke|p1|Keldeo
|poke|p1|Latios, M
|poke|p1|Charizard, F
|poke|p2|Ditto
|poke|p2|Chansey, F
|poke|p2|Scizor, F
|poke|p2|Rotom-Wash
|poke|p2|Gothitelle, M
|poke|p2|Gliscor, F
|rule|Swagger Clause: Swagger is banned
|rule|Baton Pass Clause: Limit one PokÃ©mon knowing Baton Pass
|rule|Sleep Clause Mod: Limit one foe put to sleep
|rule|Species Clause: Limit one of each PokÃ©mon
|rule|OHKO Clause: OHKO moves are banned
|rule|Moody Clause: Moody is banned
|rule|Evasion Moves Clause: Evasion moves are banned
|rule|Endless Battle Clause: Forcing endless battles is banned
|rule|HP Percentage Mod: HP is shown in percentages
|teampreview
|c|âaxiom_alpha|hey rs ^
|c|âaxiom_alpha|gl
|c|âZyos|u2
|
|start
|switch|p1a: Zeta|Charizard, F|297\/297
|switch|p2a: Rotom-Wash|Rotom-Wash|303\/303
|turn|1
|
|switch|p2a: Chansey|Chansey, F|660\/660
|detailschange|p1a: Zeta|Charizard-Mega-Y, F
|message|Charizard has Mega Evolved into Mega Charizard!
|-weather|SunnyDay
|move|p1a: Zeta|Solar Beam|p2a: Chansey|[still]
|-prepare|p1a: Zeta|Solar Beam|p2a: Chansey
|-anim|p1a: Zeta|Solar Beam|p2a: Chansey
|-damage|p2a: Chansey|567\/660
|
|-weather|SunnyDay|[upkeep]
|turn|2
|
|switch|p1a: Gamma|Clefable, M|393\/393
|move|p2a: Chansey|Stealth Rock|p1a: Gamma
|-sidestart|p1: axiom_alpha|move: Stealth Rock
|
|-weather|SunnyDay|[upkeep]
|turn|3
|
|move|p1a: Gamma|Stealth Rock|p2a: Chansey
|-sidestart|p2: Zyos|move: Stealth Rock
|move|p2a: Chansey|Thunder Wave|p1a: Gamma
|-status|p1a: Gamma|par
|
|-weather|SunnyDay|[upkeep]
|turn|4
|
|move|p2a: Chansey|Thunder Wave|p1a: Gamma
|-fail|p1a: Gamma|par
|move|p1a: Gamma|Thunder Wave|p2a: Chansey
|-status|p2a: Chansey|par
|
|-weather|SunnyDay|[upkeep]
|turn|5
|
|switch|p1a: Beta|Excadrill, F|361\/361
|-damage|p1a: Beta|350\/361|[from] Stealth Rock
|-item|p1a: Beta|Air Balloon
|switch|p2a: Gliscor|Gliscor, F|354\/354
|-damage|p2a: Gliscor|310\/354|[from] Stealth Rock
|
|-weather|none
|-status|p2a: Gliscor|tox|[from] item: Toxic Orb
|turn|6
|
|switch|p2a: Rotom-Wash|Rotom-Wash|303\/303
|-damage|p2a: Rotom-Wash|266\/303|[from] Stealth Rock
|move|p1a: Beta|Rapid Spin|p2a: Rotom-Wash
|-crit|p2a: Rotom-Wash
|-damage|p2a: Rotom-Wash|237\/303
|-sideend|p1: axiom_alpha|Stealth Rock|[from] move: Rapid Spin|[of] p1a: Beta
|
|-heal|p2a: Rotom-Wash|255\/303|[from] item: Leftovers
|turn|7
|
|switch|p1a: Gamma|Clefable, M|393\/393 par
|move|p2a: Rotom-Wash|Volt Switch|p1a: Gamma
|-damage|p1a: Gamma|305\/393 par
|
|switch|p2a: Chansey|Chansey, F|567\/660
|-damage|p2a: Chansey|485\/660|[from] Stealth Rock
|
|-heal|p1a: Gamma|329\/393 par|[from] item: Leftovers
|turn|8
|
|switch|p1a: Beta|Excadrill, F|350\/361
|-item|p1a: Beta|Air Balloon
|move|p2a: Chansey|Stealth Rock|p1a: Beta
|-sidestart|p1: axiom_alpha|move: Stealth Rock
|
|turn|9
|
|move|p1a: Beta|Earthquake|p2a: Chansey
|-damage|p2a: Chansey|203\/660
|move|p2a: Chansey|Seismic Toss|p1a: Beta
|-damage|p1a: Beta|250\/361
|-enditem|p1a: Beta|Air Balloon
|
|turn|10
|
|switch|p2a: Gliscor|Gliscor, F|310\/354 tox
|-damage|p2a: Gliscor|266\/354 tox|[from] Stealth Rock
|move|p1a: Beta|Rapid Spin|p2a: Gliscor
|-damage|p2a: Gliscor|246\/354 tox
|-sideend|p1: axiom_alpha|Stealth Rock|[from] move: Rapid Spin|[of] p1a: Beta
|
|-heal|p2a: Gliscor|290\/354 tox|[from] ability: Poison Heal
|turn|11
|
|move|p2a: Gliscor|Toxic|p1a: Beta
|-fail|p1a: Beta
|move|p1a: Beta|Iron Head|p2a: Gliscor
|-damage|p2a: Gliscor|175\/354 tox
|
|-heal|p2a: Gliscor|219\/354 tox|[from] ability: Poison Heal
|turn|12
|
|move|p2a: Gliscor|Toxic|p1a: Beta
|-fail|p1a: Beta
|move|p1a: Beta|Iron Head|p2a: Gliscor
|-damage|p2a: Gliscor|110\/354 tox
|
|-heal|p2a: Gliscor|154\/354 tox|[from] ability: Poison Heal
|turn|13
|
|switch|p1a: Epsilon|Latios, M|301\/301
|move|p2a: Gliscor|Earthquake|p1a: Epsilon
|-immune|p1a: Epsilon|[msg]
|
|-heal|p2a: Gliscor|198\/354 tox|[from] ability: Poison Heal
|turn|14
|
|move|p2a: Gliscor|Protect|p2a: Gliscor
|-singleturn|p2a: Gliscor|Protect
|move|p1a: Epsilon|Draco Meteor|p2a: Gliscor
|-activate|p2a: Gliscor|Protect
|
|-heal|p2a: Gliscor|242\/354 tox|[from] ability: Poison Heal
|turn|15
|
|switch|p2a: Scizor|Scizor, F|343\/343
|-damage|p2a: Scizor|301\/343|[from] Stealth Rock
|move|p1a: Epsilon|Draco Meteor|p2a: Scizor
|-resisted|p2a: Scizor
|-damage|p2a: Scizor|129\/343
|-unboost|p1a: Epsilon|spa|2
|-damage|p1a: Epsilon|271\/301|[from] item: Life Orb
|
|turn|16
|
|switch|p1a: Zeta|Charizard-Mega-Y, F|297\/297
|-weather|SunnyDay
|detailschange|p2a: Scizor|Scizor-Mega, F
|message|Scizor has Mega Evolved into Mega Scizor!
|move|p2a: Scizor|Roost|p2a: Scizor
|-heal|p2a: Scizor|301\/343
|
|-weather|SunnyDay|[upkeep]
|turn|17
|
|switch|p2a: Rotom-Wash|Rotom-Wash|255\/303
|-damage|p2a: Rotom-Wash|218\/303|[from] Stealth Rock
|move|p1a: Zeta|Fire Blast|p2a: Rotom-Wash
|-resisted|p2a: Rotom-Wash
|-damage|p2a: Rotom-Wash|49\/303
|
|-weather|SunnyDay|[upkeep]
|-heal|p2a: Rotom-Wash|67\/303|[from] item: Leftovers
|turn|18
|
|switch|p2a: Ditto|Ditto|300\/300
|-damage|p2a: Ditto|263\/300|[from] Stealth Rock
|-transform|p2a: Ditto|p1a: Zeta
|move|p1a: Zeta|Solar Beam|p2a: Ditto|[still]
|-prepare|p1a: Zeta|Solar Beam|p2a: Ditto
|-anim|p1a: Zeta|Solar Beam|p2a: Ditto
|-resisted|p2a: Ditto
|-damage|p2a: Ditto|221\/300
|
|-weather|SunnyDay|[upkeep]
|turn|19
|
|switch|p1a: Epsilon|Latios, M|271\/301
|move|p2a: Ditto|Fire Blast|p1a: Epsilon
|-resisted|p1a: Epsilon
|-damage|p1a: Epsilon|111\/301
|
|-weather|SunnyDay|[upkeep]
|turn|20
|
|switch|p1a: Alpha|Tyranitar, M|341\/341
|-weather|Sandstorm
|move|p2a: Ditto|Fire Blast|p1a: Alpha
|-resisted|p1a: Alpha
|-damage|p1a: Alpha|263\/341
|
|-weather|Sandstorm|[upkeep]
|-damage|p2a: Ditto|203\/300|[from] sandstorm
|turn|21
|
|move|p1a: Alpha|Pursuit|p2a: Ditto|[from]Pursuit
|-damage|p2a: Ditto|14\/300
|switch|p2a: Rotom-Wash|Rotom-Wash|67\/303
|-damage|p2a: Rotom-Wash|30\/303|[from] Stealth Rock
|
|-weather|Sandstorm|[upkeep]
|-damage|p2a: Rotom-Wash|12\/303|[from] sandstorm
|-heal|p2a: Rotom-Wash|30\/303|[from] item: Leftovers
|turn|22
|
|move|p1a: Alpha|Pursuit|p2a: Rotom-Wash
|-damage|p2a: Rotom-Wash|0 fnt
|faint|p2a: Rotom-Wash
|
|-weather|Sandstorm|[upkeep]
|
|switch|p2a: Gliscor|Gliscor, F|242\/354 tox
|-damage|p2a: Gliscor|198\/354 tox|[from] Stealth Rock
|turn|23
|
|switch|p1a: Epsilon|Latios, M|111\/301
|move|p2a: Gliscor|Substitute|p2a: Gliscor
|-start|p2a: Gliscor|Substitute
|-damage|p2a: Gliscor|110\/354 tox
|
|-weather|Sandstorm|[upkeep]
|-damage|p1a: Epsilon|93\/301|[from] sandstorm
|-heal|p2a: Gliscor|154\/354 tox|[from] ability: Poison Heal
|turn|24
|
|move|p2a: Gliscor|Protect|p2a: Gliscor
|-singleturn|p2a: Gliscor|Protect
|move|p1a: Epsilon|Psyshock|p2a: Gliscor
|-activate|p2a: Gliscor|Protect
|
|-weather|none
|-heal|p2a: Gliscor|198\/354 tox|[from] ability: Poison Heal
|turn|25
|
|move|p1a: Epsilon|Psyshock|p2a: Gliscor
|-end|p2a: Gliscor|Substitute
|-damage|p1a: Epsilon|63\/301|[from] item: Life Orb
|move|p2a: Gliscor|Toxic|p1a: Epsilon
|-status|p1a: Epsilon|tox
|
|-damage|p1a: Epsilon|45\/301 tox|[from] psn
|-heal|p2a: Gliscor|242\/354 tox|[from] ability: Poison Heal
|turn|26
|
|move|p2a: Gliscor|Protect|p2a: Gliscor
|-singleturn|p2a: Gliscor|Protect
|move|p1a: Epsilon|Roost|p1a: Epsilon
|-heal|p1a: Epsilon|196\/301 tox
|
|-damage|p1a: Epsilon|160\/301 tox|[from] psn
|-heal|p2a: Gliscor|286\/354 tox|[from] ability: Poison Heal
|turn|27
|
|switch|p2a: Gothitelle|Gothitelle, M|301\/301
|-damage|p2a: Gothitelle|264\/301|[from] Stealth Rock
|move|p1a: Epsilon|Draco Meteor|p2a: Gothitelle
|-damage|p2a: Gothitelle|0 fnt
|-unboost|p1a: Epsilon|spa|2
|-damage|p1a: Epsilon|130\/301 tox|[from] item: Life Orb
|faint|p2a: Gothitelle
|
|-damage|p1a: Epsilon|76\/301 tox|[from] psn
|
|switch|p2a: Chansey|Chansey, F|203\/660
|-damage|p2a: Chansey|121\/660|[from] Stealth Rock
|turn|28
|
|move|p1a: Epsilon|Psyshock|p2a: Chansey
|-damage|p2a: Chansey|0 fnt
|-damage|p1a: Epsilon|46\/301 tox|[from] item: Life Orb
|faint|p2a: Chansey
|
|-damage|p1a: Epsilon|0 fnt|[from] psn
|faint|p1a: Epsilon
|
|switch|p1a: Zeta|Charizard-Mega-Y, F|297\/297
|switch|p2a: Gliscor|Gliscor, F|286\/354 tox
|-damage|p2a: Gliscor|242\/354 tox|[from] Stealth Rock
|-weather|SunnyDay
|turn|29
|
|move|p2a: Gliscor|Protect|p2a: Gliscor
|-singleturn|p2a: Gliscor|Protect
|move|p1a: Zeta|Fire Blast|p2a: Gliscor
|-activate|p2a: Gliscor|Protect
|
|-weather|SunnyDay|[upkeep]
|-heal|p2a: Gliscor|286\/354 tox|[from] ability: Poison Heal
|turn|30
|
|move|p1a: Zeta|Fire Blast|p2a: Gliscor
|-damage|p2a: Gliscor|0 fnt
|faint|p2a: Gliscor
|
|-weather|SunnyDay|[upkeep]
|-message|Zyos forfeited.
|
|win|axiom_alpha
|raw|Ladder updating...
|c|âaxiom_alpha|gg
|leave|Zyos
|player|p2
|raw|axiom_alpha's rating: 1899 &rarr; <strong>1925<\/strong><br \/>(+26 for winning)
|raw|Zyos's rating: 1996 &rarr; <strong>1971<\/strong><br \/>(-25 for losing)