|join|axiom_alpha
|join|Red Skies
|player|p1|axiom_alpha|33
|player|p2|Red Skies|64
|gametype|singles
|gen|6
|tier|OU
|rated
|clearpoke
|poke|p1|Tyranitar, F
|poke|p1|Excadrill, F
|poke|p1|Clefable, F
|poke|p1|Keldeo
|poke|p1|Latios, M
|poke|p1|Charizard, M
|poke|p2|Gengar, M
|poke|p2|Kyurem-Black
|poke|p2|Pinsir, M
|poke|p2|Landorus-Therian, M
|poke|p2|Latias, F
|poke|p2|Heatran, F
|rule|Swagger Clause: Swagger is banned
|rule|Baton Pass Clause: Limit one PokÃ©mon knowing Baton Pass
|rule|Sleep Clause Mod: Limit one foe put to sleep
|rule|Species Clause: Limit one of each PokÃ©mon
|rule|OHKO Clause: OHKO moves are banned
|rule|Moody Clause: Moody is banned
|rule|Evasion Moves Clause: Evasion moves are banned
|rule|Endless Battle Clause: Forcing endless battles is banned
|rule|HP Percentage Mod: HP is shown in percentages
|teampreview
|
|start
|switch|p1a: Zeta|Charizard, M|297\/297
|switch|p2a: Pinsir|Pinsir, M|272\/272
|turn|1
|
|switch|p1a: Alpha|Tyranitar, F|341\/341
|-weather|Sandstorm
|switch|p2a: Heatran|Heatran, F|386\/386
|
|-weather|Sandstorm|[upkeep]
|turn|2
|join|axiom_omega
|
|move|p1a: Alpha|Earthquake|p2a: Heatran
|-supereffective|p2a: Heatran
|-damage|p2a: Heatran|0 fnt
|faint|p2a: Heatran
|
|-weather|Sandstorm|[upkeep]
|c|âaxiom_alpha|rocks?
|c|âaxiom_alpha|oops wrong chat
|
|switch|p2a: Pinsir|Pinsir, M|272\/272
|turn|3
|c|âaxiom_alpha|kek
|
|switch|p1a: Epsilon|Latios, M|301\/301
|detailschange|p2a: Pinsir|Pinsir-Mega, M
|message|Pinsir has Mega Evolved into Mega Pinsir!
|move|p2a: Pinsir|Close Combat|p1a: Epsilon
|-resisted|p1a: Epsilon
|-damage|p1a: Epsilon|192\/301
|-unboost|p2a: Pinsir|def|1
|-unboost|p2a: Pinsir|spd|1
|
|-weather|Sandstorm|[upkeep]
|-damage|p1a: Epsilon|174\/301|[from] sandstorm
|-damage|p2a: Pinsir|255\/272|[from] sandstorm
|turn|4
|
|switch|p2a: Landoruss|Landorus-Therian, M|320\/320
|-ability|p2a: Landoruss|Intimidate|[of] p1a: Epsilon
|-unboost|p1a: Epsilon|atk|1
|move|p1a: Epsilon|Draco Meteor|p2a: Landoruss
|-damage|p2a: Landoruss|0 fnt
|-unboost|p1a: Epsilon|spa|2
|-damage|p1a: Epsilon|144\/301|[from] item: Life Orb
|faint|p2a: Landoruss
|
|-weather|Sandstorm|[upkeep]
|-damage|p1a: Epsilon|126\/301|[from] sandstorm
|
|switch|p2a: Pinsir|Pinsir-Mega, M|255\/272
|turn|5
|
|move|p1a: Epsilon|Draco Meteor|p2a: Pinsir
|-damage|p2a: Pinsir|87\/272
|-unboost|p1a: Epsilon|spa|2
|-damage|p1a: Epsilon|96\/301|[from] item: Life Orb
|move|p2a: Pinsir|Swords Dance|p2a: Pinsir
|-boost|p2a: Pinsir|atk|2
|
|-weather|none
|turn|6
|
|switch|p1a: Alpha|Tyranitar, F|341\/341
|-weather|Sandstorm
|move|p2a: Pinsir|Quick Attack|p1a: Alpha
|-resisted|p1a: Alpha
|-damage|p1a: Alpha|239\/341
|
|-weather|Sandstorm|[upkeep]
|-damage|p2a: Pinsir|70\/272|[from] sandstorm
|turn|7
|
|move|p1a: Alpha|Crunch|p2a: Pinsir
|-damage|p2a: Pinsir|0 fnt
|faint|p2a: Pinsir
|
|-weather|Sandstorm|[upkeep]
|
|switch|p2a: Kyurem-Black|Kyurem-Black|391\/391
|-ability|p2a: Kyurem-Black|Teravolt
|turn|8
|c| axiom_omega|ey is das gedankengut?
|
|switch|p1a: Gamma|Clefable, F|393\/393
|move|p2a: Kyurem-Black|Earth Power|p1a: Gamma
|-crit|p1a: Gamma
|-damage|p1a: Gamma|208\/393
|-damage|p2a: Kyurem-Black|352\/391|[from] item: Life Orb
|
|-weather|Sandstorm|[upkeep]
|-damage|p2a: Kyurem-Black|328\/391|[from] sandstorm
|-heal|p1a: Gamma|232\/393|[from] item: Leftovers
|turn|9
|c|âaxiom_alpha|hm?
|c| axiom_omega|das pferd
|c|âaxiom_alpha|ja
|
|move|p2a: Kyurem-Black|Ice Beam|p1a: Gamma
|-damage|p1a: Gamma|57\/393
|-damage|p2a: Kyurem-Black|289\/391|[from] item: Life Orb
|move|p1a: Gamma|Soft-Boiled|p1a: Gamma
|-heal|p1a: Gamma|254\/393
|
|-weather|Sandstorm|[upkeep]
|-damage|p2a: Kyurem-Black|265\/391|[from] sandstorm
|-heal|p1a: Gamma|278\/393|[from] item: Leftovers
|turn|10
|
|switch|p2a: Gengar|Gengar, M|262\/262
|move|p1a: Gamma|Thunder Wave|p2a: Gengar
|-status|p2a: Gengar|par
|
|-weather|none
|-heal|p1a: Gamma|302\/393|[from] item: Leftovers
|turn|11
|-message|Red Skies forfeited.
|
|win|axiom_alpha
|raw|Ladder updating...
|leave|Red Skies
|player|p2
|raw|axiom_alpha's rating: 1845 &rarr; <strong>1861<\/strong><br \/>(+16 for winning)
|raw|Red Skies's rating: 1780 &rarr; <strong>1763<\/strong><br \/>(-17 for losing)
|leave|axiom_omega
|c|âaxiom_alpha|ez 6:0