|join|uCan'tSeeMe
|join|axiom_alpha
|player|p1|uCan'tSeeMe|211
|player|p2|axiom_alpha|33
|gametype|singles
|gen|6
|tier|OU
|rated
|clearpoke
|poke|p1|Azumarill, M
|poke|p1|Skarmory, F
|poke|p1|Gliscor, M
|poke|p1|Heatran, M
|poke|p1|Venusaur, F
|poke|p1|Terrakion
|poke|p2|Charizard, F
|poke|p2|Tyranitar, M
|poke|p2|Landorus, M
|poke|p2|Slowbro, F
|poke|p2|Latios, M
|poke|p2|Ferrothorn, M
|rule|Swagger Clause: Swagger is banned
|rule|Baton Pass Clause: Limit one PokÃ©mon knowing Baton Pass
|rule|Sleep Clause Mod: Limit one foe put to sleep
|rule|Species Clause: Limit one of each PokÃ©mon
|rule|OHKO Clause: OHKO moves are banned
|rule|Moody Clause: Moody is banned
|rule|Evasion Moves Clause: Evasion moves are banned
|rule|Endless Battle Clause: Forcing endless battles is banned
|rule|HP Percentage Mod: HP is shown in percentages
|teampreview
|c|âuCan'tSeeMe|,,
|c|âaxiom_alpha|k
|c|âuCan'tSeeMe|tolles team
|c|âaxiom_alpha|kann ich von dir nicht behaupten
|c|âaxiom_alpha|:]
|join|jake5
|c| jake5|snipe is real
|
|start
|switch|p1a: Terrakion|Terrakion|323\/323
|switch|p2a: Landorus|Landorus, M|319\/319
|turn|1
|c|âuCan'tSeeMe|nice snipe cosine
|
|switch|p1a: Gliscor|Gliscor, M|352\/352
|switch|p2a: Slowbro|Slowbro, F|393\/393
|
|-status|p1a: Gliscor|tox|[from] item: Toxic Orb
|turn|2
|
|move|p1a: Gliscor|Toxic|p2a: Slowbro
|-status|p2a: Slowbro|tox
|move|p2a: Slowbro|Scald|p1a: Gliscor
|-crit|p1a: Gliscor
|-supereffective|p1a: Gliscor
|-damage|p1a: Gliscor|74\/352 tox
|
|-heal|p1a: Gliscor|118\/352 tox|[from] ability: Poison Heal
|-damage|p2a: Slowbro|369\/393 tox|[from] psn
|turn|3
|c|âuCan'tSeeMe|cool
|
|move|p1a: Gliscor|Roost|p1a: Gliscor
|-heal|p1a: Gliscor|294\/352 tox
|move|p2a: Slowbro|Scald|p1a: Gliscor
|-supereffective|p1a: Gliscor
|-damage|p1a: Gliscor|108\/352 tox
|
|-heal|p2a: Slowbro|393\/393 tox|[from] item: Leftovers
|-heal|p1a: Gliscor|152\/352 tox|[from] ability: Poison Heal
|-damage|p2a: Slowbro|345\/393 tox|[from] psn
|turn|4
|
|switch|p2a: Ferrothorn|Ferrothorn, M|352\/352
|move|p1a: Gliscor|Roost|p1a: Gliscor
|-heal|p1a: Gliscor|328\/352 tox
|
|-heal|p1a: Gliscor|352\/352 tox|[from] ability: Poison Heal
|turn|5
|
|switch|p1a: Heatran|Heatran, M|386\/386
|move|p2a: Ferrothorn|Stealth Rock|p1a: Heatran
|-sidestart|p1: uCan'tSeeMe|move: Stealth Rock
|
|turn|6
|
|switch|p2a: Landorus|Landorus, M|319\/319
|move|p1a: Heatran|Stealth Rock|p2a: Landorus
|-sidestart|p2: axiom_alpha|move: Stealth Rock
|
|turn|7
|
|move|p2a: Landorus|Psychic|p1a: Heatran
|-resisted|p1a: Heatran
|-damage|p1a: Heatran|321\/386
|move|p1a: Heatran|Toxic|p2a: Landorus
|-status|p2a: Landorus|tox
|
|-heal|p1a: Heatran|345\/386|[from] item: Leftovers
|-damage|p2a: Landorus|300\/319 tox|[from] psn
|turn|8
|c| jake5|looooooooool
|c|âaxiom_alpha|bad player
|c| jake5|the choke is so real
|c|âuCan'tSeeMe|ur so good xd
|
|move|p2a: Landorus|Psychic|p1a: Heatran
|-crit|p1a: Heatran
|-resisted|p1a: Heatran
|-damage|p1a: Heatran|248\/386
|move|p1a: Heatran|Lava Plume|p2a: Landorus
|-damage|p2a: Landorus|164\/319 tox
|
|-heal|p1a: Heatran|272\/386|[from] item: Leftovers
|-damage|p2a: Landorus|126\/319 tox|[from] psn
|turn|9
|c|âaxiom_alpha|stayin in with heatran
|c|âuCan'tSeeMe|xdddd
|c|âaxiom_alpha|on alndorus
|c| jake5|hahhahaahahhahahaaha
|c|âuCan'tSeeMe|so good
|c| jake5|hahahahahahahahaaaha
|c|âaxiom_alpha|what a noob
|c|âuCan'tSeeMe|how good u are
|c|âuCan'tSeeMe|xd
|
|switch|p1a: Gliscor|Gliscor, M|352\/352 tox
|-damage|p1a: Gliscor|308\/352 tox|[from] Stealth Rock
|move|p2a: Landorus|Psychic|p1a: Gliscor
|-damage|p1a: Gliscor|146\/352 tox
|
|-damage|p2a: Landorus|69\/319 tox|[from] psn
|-heal|p1a: Gliscor|190\/352 tox|[from] ability: Poison Heal
|turn|10
|c| jake5|u suck cosine just yolo it what are u scared
|c| jake5|of
|c| jake5|his gliscor zzzz
|
|move|p2a: Landorus|Psychic|p1a: Gliscor
|-damage|p1a: Gliscor|25\/352 tox
|move|p1a: Gliscor|Roost|p1a: Gliscor
|-heal|p1a: Gliscor|201\/352 tox
|
|-damage|p2a: Landorus|0 fnt|[from] psn
|-heal|p1a: Gliscor|245\/352 tox|[from] ability: Poison Heal
|faint|p2a: Landorus
|c|âuCan'tSeeMe|ur so good xd
|c|âaxiom_alpha|this team sucks
|c|âuCan'tSeeMe|you suck
|c|âuCan'tSeeMe|idiot
|c|âaxiom_alpha|gliscor 6:0es
|c| jake5|he's probs buliding
|c|âaxiom_alpha|literally nothing
|c|âuCan'tSeeMe|why are u clicking psychic xd
|c| jake5|teams for olt
|c|âaxiom_alpha|for it
|c|âuCan'tSeeMe|on a heatran
|c|âuCan'tSeeMe|hahahaha
|c|âuCan'tSeeMe|thats funny
|c|âuCan'tSeeMe|its a steel type
|c|âaxiom_alpha|cause i thought u were a good player
|c|âaxiom_alpha|but alas
|c|âuCan'tSeeMe|ahahaha
|c|âuCan'tSeeMe|that so funny
|-message|axiom_alpha forfeited.
|
|win|uCan'tSeeMe
|raw|Ladder updating...
|leave|axiom_alpha
|player|p2
|c|âuCan'tSeeMe|xddd
|c|âuCan'tSeeMe|rekt imo
|raw|Ladder (probably) updated, but score could not be retrieved (timeout).
|raw|Ladder (probably) updated, but score could not be retrieved (Error: socket hang up).