|join|TheMegaMetagrossOP
|join|axiom_alpha
|player|p1|TheMegaMetagrossOP|290
|player|p2|axiom_alpha|33
|gametype|singles
|gen|6
|tier|OU
|rated
|clearpoke
|poke|p1|Landorus-Therian, M, shiny
|poke|p1|Mamoswine, F, shiny
|poke|p1|Chansey, F, shiny
|poke|p1|Greninja, M, shiny
|poke|p1|Galvantula, M, shiny
|poke|p1|Scizor, M, shiny
|poke|p2|Clefable, M
|poke|p2|Hippowdon, F
|poke|p2|Charizard, F
|poke|p2|Starmie
|poke|p2|Ferrothorn, F
|poke|p2|Gengar, F
|rule|Swagger Clause: Swagger is banned
|rule|Baton Pass Clause: Limit one PokÃ©mon knowing Baton Pass
|rule|Sleep Clause Mod: Limit one foe put to sleep
|rule|Species Clause: Limit one of each PokÃ©mon
|rule|OHKO Clause: OHKO moves are banned
|rule|Moody Clause: Moody is banned
|rule|Evasion Moves Clause: Evasion moves are banned
|rule|Endless Battle Clause: Forcing endless battles is banned
|rule|HP Percentage Mod: HP is shown in percentages
|teampreview
|
|start
|switch|p1a: Spider-Man|Galvantula, M, shiny|281\/281
|switch|p2a: Hippowdon|Hippowdon, F|420\/420
|-weather|Sandstorm
|turn|1
|
|move|p1a: Spider-Man|Sticky Web|p2a: Hippowdon
|-sidestart|p2: axiom_alpha|move: Sticky Web
|move|p2a: Hippowdon|Stealth Rock|p1a: Spider-Man
|-sidestart|p1: TheMegaMetagrossOP|move: Stealth Rock
|
|-weather|Sandstorm|[upkeep]
|-damage|p1a: Spider-Man|264\/281|[from] sandstorm
|turn|2
|
|move|p1a: Spider-Man|Infestation|p2a: Hippowdon
|-damage|p2a: Hippowdon|381\/420
|-activate|p2a: Hippowdon|move: Infestation|[of] p1a: Spider-Man
|move|p2a: Hippowdon|Earthquake|p1a: Spider-Man
|-damage|p1a: Spider-Man|71\/281
|
|-weather|Sandstorm|[upkeep]
|-damage|p1a: Spider-Man|54\/281|[from] sandstorm
|-heal|p2a: Hippowdon|407\/420|[from] item: Leftovers
|-damage|p2a: Hippowdon|355\/420|[from] move: Infestation|[partiallytrapped]
|turn|3
|
|move|p1a: Spider-Man|Bug Buzz|p2a: Hippowdon
|-damage|p2a: Hippowdon|183\/420
|move|p2a: Hippowdon|Rock Slide|p1a: Spider-Man
|-supereffective|p1a: Spider-Man
|-damage|p1a: Spider-Man|0 fnt
|faint|p1a: Spider-Man
|
|-weather|Sandstorm|[upkeep]
|-heal|p2a: Hippowdon|209\/420|[from] item: Leftovers
|-end|p2a: Hippowdon|Infestation|[partiallytrapped]
|
|switch|p1a: Vice|Scizor, M, shiny|344\/344
|-damage|p1a: Vice|301\/344|[from] Stealth Rock
|turn|4
|
|detailschange|p1a: Vice|Scizor-Mega, M, shiny
|message|Scizor has Mega Evolved into Mega Scizor!
|move|p1a: Vice|Bullet Punch|p2a: Hippowdon
|-damage|p2a: Hippowdon|149\/420
|move|p2a: Hippowdon|Slack Off|p2a: Hippowdon
|-heal|p2a: Hippowdon|359\/420
|
|-weather|Sandstorm|[upkeep]
|-heal|p2a: Hippowdon|385\/420|[from] item: Leftovers
|turn|5
|
|switch|p2a: Charizard|Charizard, F|359\/359
|move|p1a: Vice|U-turn|p2a: Charizard
|-resisted|p2a: Charizard
|-damage|p2a: Charizard|320\/359
|
|switch|p1a: Gramps|Landorus-Therian, M, shiny|319\/319
|-damage|p1a: Gramps|280\/319|[from] Stealth Rock
|-ability|p1a: Gramps|Intimidate|[of] p2a: Charizard
|-unboost|p2a: Charizard|atk|1
|
|-weather|none
|turn|6
|
|switch|p2a: Ferrothorn|Ferrothorn, F|352\/352
|-activate|p2a: Ferrothorn|move: Sticky Web
|-unboost|p2a: Ferrothorn|spe|1
|move|p1a: Gramps|Stone Edge|p2a: Ferrothorn|[miss]
|-miss|p1a: Gramps|p2a: Ferrothorn
|
|turn|7
|
|switch|p1a: Grenigga|Greninja, M, shiny|285\/285
|-damage|p1a: Grenigga|250\/285|[from] Stealth Rock
|move|p2a: Ferrothorn|Spikes|p1a: Grenigga
|-sidestart|p1: TheMegaMetagrossOP|Spikes
|
|turn|8
|
|move|p2a: Ferrothorn|Protect|p2a: Ferrothorn
|-singleturn|p2a: Ferrothorn|Protect
|move|p1a: Grenigga|Hidden Power|p2a: Ferrothorn
|-start|p1a: Grenigga|typechange|Fire|[from] Protean
|-activate|p2a: Ferrothorn|Protect
|
|turn|9
|
|move|p1a: Grenigga|Hydro Pump|p2a: Ferrothorn
|-start|p1a: Grenigga|typechange|Water|[from] Protean
|-resisted|p2a: Ferrothorn
|-damage|p2a: Ferrothorn|274\/352
|-damage|p1a: Grenigga|222\/285|[from] item: Life Orb
|move|p2a: Ferrothorn|Leech Seed|p1a: Grenigga
|-start|p1a: Grenigga|move: Leech Seed
|
|-heal|p2a: Ferrothorn|296\/352|[from] item: Leftovers
|-damage|p1a: Grenigga|187\/285|[from] Leech Seed|[of] p2a: Ferrothorn
|-heal|p2a: Ferrothorn|331\/352|[silent]
|turn|10
|
|move|p2a: Ferrothorn|Protect|p2a: Ferrothorn
|-singleturn|p2a: Ferrothorn|Protect
|move|p1a: Grenigga|Hidden Power|p2a: Ferrothorn
|-start|p1a: Grenigga|typechange|Fire|[from] Protean
|-activate|p2a: Ferrothorn|Protect
|
|-heal|p2a: Ferrothorn|352\/352|[from] item: Leftovers
|-damage|p1a: Grenigga|152\/285|[from] Leech Seed|[of] p2a: Ferrothorn
|turn|11
|
|move|p1a: Grenigga|Hidden Power|p2a: Ferrothorn
|-supereffective|p2a: Ferrothorn
|-damage|p2a: Ferrothorn|0 fnt
|-damage|p1a: Grenigga|124\/285|[from] item: Life Orb
|faint|p2a: Ferrothorn
|
|
|switch|p2a: Charizard|Charizard, F|320\/359
|turn|12
|
|detailschange|p2a: Charizard|Charizard-Mega-X, F
|message|Charizard has Mega Evolved into Mega Charizard!
|move|p1a: Grenigga|Hydro Pump|p2a: Charizard|[miss]
|-start|p1a: Grenigga|typechange|Water|[from] Protean
|-miss|p1a: Grenigga|p2a: Charizard
|move|p2a: Charizard|Earthquake|p1a: Grenigga
|-damage|p1a: Grenigga|0 fnt
|faint|p1a: Grenigga
|
|
|switch|p1a: Mamma Swine|Mamoswine, F, shiny|361\/361
|-damage|p1a: Mamma Swine|316\/361|[from] Spikes
|-damage|p1a: Mamma Swine|271\/361|[from] Stealth Rock
|turn|13
|
|move|p1a: Mamma Swine|Earthquake|p2a: Charizard
|-supereffective|p2a: Charizard
|-damage|p2a: Charizard|0 fnt
|-damage|p1a: Mamma Swine|235\/361|[from] item: Life Orb
|faint|p2a: Charizard
|
|
|switch|p2a: Starmie|Starmie|324\/324
|-activate|p2a: Starmie|move: Sticky Web
|-unboost|p2a: Starmie|spe|1
|turn|14
|
|move|p1a: Mamma Swine|Freeze-Dry|p2a: Starmie
|-supereffective|p2a: Starmie
|-damage|p2a: Starmie|150\/324
|-damage|p1a: Mamma Swine|199\/361|[from] item: Life Orb
|move|p2a: Starmie|Rapid Spin|p1a: Mamma Swine
|-damage|p1a: Mamma Swine|186\/361
|-sideend|p2: axiom_alpha|Sticky Web|[from] move: Rapid Spin|[of] p2a: Starmie
|
|-heal|p2a: Starmie|170\/324|[from] item: Leftovers
|turn|15
|
|switch|p2a: Hippowdon|Hippowdon, F|385\/420
|-weather|Sandstorm
|move|p1a: Mamma Swine|Freeze-Dry|p2a: Hippowdon
|-supereffective|p2a: Hippowdon
|-damage|p2a: Hippowdon|190\/420
|-damage|p1a: Mamma Swine|150\/361|[from] item: Life Orb
|
|-weather|Sandstorm|[upkeep]
|-heal|p2a: Hippowdon|216\/420|[from] item: Leftovers
|turn|16
|
|move|p1a: Mamma Swine|Icicle Crash|p2a: Hippowdon
|-supereffective|p2a: Hippowdon
|-damage|p2a: Hippowdon|0 fnt
|-damage|p1a: Mamma Swine|114\/361|[from] item: Life Orb
|faint|p2a: Hippowdon
|
|-weather|Sandstorm|[upkeep]
|
|switch|p2a: Gengar|Gengar, F|261\/261
|turn|17
|
|move|p2a: Gengar|Shadow Ball|p1a: Mamma Swine
|-damage|p1a: Mamma Swine|0 fnt
|-damage|p2a: Gengar|235\/261|[from] item: Life Orb
|faint|p1a: Mamma Swine
|
|-weather|Sandstorm|[upkeep]
|-damage|p2a: Gengar|219\/261|[from] sandstorm
|
|switch|p1a: Vice|Scizor-Mega, M, shiny|301\/344
|-damage|p1a: Vice|258\/344|[from] Stealth Rock
|-damage|p1a: Vice|215\/344|[from] Spikes
|turn|18
|
|move|p2a: Gengar|Shadow Ball|p1a: Vice
|-damage|p1a: Vice|23\/344
|-damage|p2a: Gengar|193\/261|[from] item: Life Orb
|move|p1a: Vice|Defog|p2a: Gengar
|-unboost|p2a: Gengar|evasion|1
|-sideend|p1: TheMegaMetagrossOP|Spikes|[from] move: Defog|[of] p1a: Vice
|-sideend|p1: TheMegaMetagrossOP|Stealth Rock|[from] move: Defog|[of] p1a: Vice
|
|-weather|Sandstorm|[upkeep]
|-damage|p2a: Gengar|177\/261|[from] sandstorm
|turn|19
|
|switch|p1a: 2nd Chance|Chansey, F, shiny|642\/642
|move|p2a: Gengar|Shadow Ball|p1a: 2nd Chance
|-immune|p1a: 2nd Chance|[msg]
|
|-weather|none
|turn|20
|
|move|p2a: Gengar|Taunt|p1a: 2nd Chance
|-start|p1a: 2nd Chance|move: Taunt
|move|p1a: 2nd Chance|Seismic Toss|p2a: Gengar
|-immune|p2a: Gengar|[msg]
|
|turn|21
|
|move|p2a: Gengar|Sludge Wave|p1a: 2nd Chance
|-damage|p1a: 2nd Chance|537\/642
|-damage|p2a: Gengar|151\/261|[from] item: Life Orb
|move|p1a: 2nd Chance|Seismic Toss|p2a: Gengar
|-immune|p2a: Gengar|[msg]
|
|turn|22
|
|move|p2a: Gengar|Shadow Ball|p1a: 2nd Chance
|-immune|p1a: 2nd Chance|[msg]
|move|p1a: 2nd Chance|Seismic Toss|p2a: Gengar
|-immune|p2a: Gengar|[msg]
|
|-end|p1a: 2nd Chance|move: Taunt
|turn|23
|
|move|p2a: Gengar|Shadow Ball|p1a: 2nd Chance
|-immune|p1a: 2nd Chance|[msg]
|move|p1a: 2nd Chance|Healing Wish|p1a: 2nd Chance
|faint|p1a: 2nd Chance
|
|
|switch|p1a: Vice|Scizor-Mega, M, shiny|23\/344
|-heal|p1a: Vice|344\/344|[from] move: Healing Wish
|turn|24
|
|move|p1a: Vice|Bullet Punch|p2a: Gengar
|-damage|p2a: Gengar|0 fnt
|faint|p2a: Gengar
|
|
|switch|p2a: Starmie|Starmie|170\/324
|turn|25
|
|move|p2a: Starmie|Scald|p1a: Vice
|-damage|p1a: Vice|245\/344
|-status|p1a: Vice|brn
|move|p1a: Vice|U-turn|p2a: Starmie
|-supereffective|p2a: Starmie
|-damage|p2a: Starmie|50\/324
|
|switch|p1a: Gramps|Landorus-Therian, M, shiny|280\/319
|-ability|p1a: Gramps|Intimidate|[of] p2a: Starmie
|-unboost|p2a: Starmie|atk|1
|
|-heal|p2a: Starmie|70\/324|[from] item: Leftovers
|turn|26
|
|move|p1a: Gramps|Earthquake|p2a: Starmie
|-damage|p2a: Starmie|0 fnt
|faint|p2a: Starmie
|
|
|switch|p2a: Clefable|Clefable, M|394\/394
|turn|27
|
|move|p1a: Gramps|Earthquake|p2a: Clefable
|-damage|p2a: Clefable|228\/394
|move|p2a: Clefable|Calm Mind|p2a: Clefable
|-boost|p2a: Clefable|spa|1
|-boost|p2a: Clefable|spd|1
|
|-heal|p2a: Clefable|252\/394|[from] item: Leftovers
|turn|28
|
|move|p1a: Gramps|Earthquake|p2a: Clefable
|-damage|p2a: Clefable|86\/394
|move|p2a: Clefable|Soft-Boiled|p2a: Clefable
|-heal|p2a: Clefable|283\/394
|
|-heal|p2a: Clefable|307\/394|[from] item: Leftovers
|turn|29
|
|move|p1a: Gramps|Earthquake|p2a: Clefable
|-damage|p2a: Clefable|150\/394
|move|p2a: Clefable|Soft-Boiled|p2a: Clefable
|-heal|p2a: Clefable|347\/394
|
|-heal|p2a: Clefable|371\/394|[from] item: Leftovers
|turn|30
|
|move|p1a: Gramps|Earthquake|p2a: Clefable
|-damage|p2a: Clefable|202\/394
|move|p2a: Clefable|Moonblast|p1a: Gramps
|-damage|p1a: Gramps|100\/319
|
|-heal|p2a: Clefable|226\/394|[from] item: Leftovers
|turn|31
|
|move|p1a: Gramps|Earthquake|p2a: Clefable
|-damage|p2a: Clefable|54\/394
|move|p2a: Clefable|Soft-Boiled|p2a: Clefable
|-heal|p2a: Clefable|251\/394
|
|-heal|p2a: Clefable|275\/394|[from] item: Leftovers
|turn|32
|
|move|p1a: Gramps|Earthquake|p2a: Clefable
|-damage|p2a: Clefable|113\/394
|move|p2a: Clefable|Soft-Boiled|p2a: Clefable
|-heal|p2a: Clefable|310\/394
|
|-heal|p2a: Clefable|334\/394|[from] item: Leftovers
|turn|33
|
|move|p1a: Gramps|Earthquake|p2a: Clefable
|-damage|p2a: Clefable|177\/394
|move|p2a: Clefable|Soft-Boiled|p2a: Clefable
|-heal|p2a: Clefable|374\/394
|
|-heal|p2a: Clefable|394\/394|[from] item: Leftovers
|turn|34
|
|move|p1a: Gramps|Earthquake|p2a: Clefable
|-damage|p2a: Clefable|222\/394
|move|p2a: Clefable|Moonblast|p1a: Gramps
|-damage|p1a: Gramps|0 fnt
|faint|p1a: Gramps
|
|-heal|p2a: Clefable|246\/394|[from] item: Leftovers
|
|switch|p1a: Vice|Scizor-Mega, M, shiny|245\/344 brn
|turn|35
|
|move|p1a: Vice|Bullet Punch|p2a: Clefable
|-supereffective|p2a: Clefable
|-damage|p2a: Clefable|148\/394
|move|p2a: Clefable|Soft-Boiled|p2a: Clefable
|-heal|p2a: Clefable|345\/394
|
|-heal|p2a: Clefable|369\/394|[from] item: Leftovers
|-damage|p1a: Vice|202\/344 brn|[from] brn
|turn|36
|
|move|p1a: Vice|Bullet Punch|p2a: Clefable
|-supereffective|p2a: Clefable
|-damage|p2a: Clefable|285\/394
|move|p2a: Clefable|Moonblast|p1a: Vice
|-resisted|p1a: Vice
|-damage|p1a: Vice|118\/344 brn
|
|-heal|p2a: Clefable|309\/394|[from] item: Leftovers
|-damage|p1a: Vice|75\/344 brn|[from] brn
|turn|37
|
|move|p1a: Vice|Bullet Punch|p2a: Clefable
|-supereffective|p2a: Clefable
|-damage|p2a: Clefable|225\/394
|move|p2a: Clefable|Stored Power|p1a: Vice
|-resisted|p1a: Vice
|-damage|p1a: Vice|41\/344 brn
|
|-heal|p2a: Clefable|249\/394|[from] item: Leftovers
|-damage|p1a: Vice|0 fnt|[from] brn
|faint|p1a: Vice
|
|win|axiom_alpha
|raw|Ladder updating...
|raw|TheMegaMetagrossOP's rating: 1090 &rarr; <strong>1068<\/strong><br \/>(-22 for losing)
|raw|axiom_alpha's rating: 1103 &rarr; <strong>1127<\/strong><br \/>(+24 for winning)