|join|IMPAlby
|join|axiom_alpha
|player|p1|IMPAlby|170
|player|p2|axiom_alpha|33
|gametype|singles
|gen|6
|tier|OU
|rated
|clearpoke
|poke|p1|Heracross, M
|poke|p1|Tornadus-Therian, M
|poke|p1|Raikou
|poke|p1|Slowbro, F
|poke|p1|Latios, M
|poke|p1|Jirachi
|poke|p2|Tyranitar, F
|poke|p2|Excadrill, M
|poke|p2|Clefable, F
|poke|p2|Keldeo
|poke|p2|Latios, M
|poke|p2|Charizard, F
|rule|Swagger Clause: Swagger is banned
|rule|Baton Pass Clause: Limit one PokÃ©mon knowing Baton Pass
|rule|Sleep Clause Mod: Limit one foe put to sleep
|rule|Species Clause: Limit one of each PokÃ©mon
|rule|OHKO Clause: OHKO moves are banned
|rule|Moody Clause: Moody is banned
|rule|Evasion Moves Clause: Evasion moves are banned
|rule|Endless Battle Clause: Forcing endless battles is banned
|rule|HP Percentage Mod: HP is shown in percentages
|teampreview
|
|start
|switch|p1a: Tornadus-Therian|Tornadus-Therian, M|332\/332
|switch|p2a: Zeta|Charizard, F|297\/297
|turn|1
|
|detailschange|p2a: Zeta|Charizard-Mega-Y, F
|message|Charizard has Mega Evolved into Mega Charizard!
|-weather|SunnyDay
|move|p1a: Tornadus-Therian|U-turn|p2a: Zeta
|-resisted|p2a: Zeta
|-damage|p2a: Zeta|281\/297
|
|switch|p1a: Latios|Latios, M|302\/302
|move|p2a: Zeta|Fire Blast|p1a: Latios
|-resisted|p1a: Latios
|-damage|p1a: Latios|140\/302
|
|-weather|SunnyDay|[upkeep]
|turn|2
|
|switch|p1a: Heracross|Heracross, M|301\/301
|move|p2a: Zeta|Fire Blast|p1a: Heracross|[miss]
|-miss|p2a: Zeta|p1a: Heracross
|
|-weather|SunnyDay|[upkeep]
|turn|3
|
|switch|p1a: Raikou|Raikou|322\/322
|-ability|p1a: Raikou|Pressure
|move|p2a: Zeta|Fire Blast|p1a: Raikou
|-crit|p1a: Raikou
|-damage|p1a: Raikou|0 fnt
|faint|p1a: Raikou
|
|-weather|SunnyDay|[upkeep]
|
|switch|p1a: Latios|Latios, M|140\/302
|turn|4
|
|switch|p2a: Alpha|Tyranitar, F|341\/341
|-weather|Sandstorm
|move|p1a: Latios|Draco Meteor|p2a: Alpha
|-damage|p2a: Alpha|182\/341
|-unboost|p1a: Latios|spa|2
|
|-weather|Sandstorm|[upkeep]
|-damage|p1a: Latios|122\/302|[from] sandstorm
|turn|5
|
|move|p2a: Alpha|Pursuit|p1a: Latios|[from]Pursuit
|-supereffective|p1a: Latios
|-damage|p1a: Latios|0 fnt
|faint|p1a: Latios
|
|-weather|Sandstorm|[upkeep]
|
|switch|p1a: Jirachi|Jirachi|341\/341
|turn|6
|
|switch|p2a: Zeta|Charizard-Mega-Y, F|281\/297
|-weather|SunnyDay
|move|p1a: Jirachi|Stealth Rock|p2a: Zeta
|-sidestart|p2: axiom_alpha|move: Stealth Rock
|
|-weather|SunnyDay|[upkeep]
|turn|7
|
|switch|p1a: Tornadus-Therian|Tornadus-Therian, M|332\/332
|move|p2a: Zeta|Fire Blast|p1a: Tornadus-Therian
|-damage|p1a: Tornadus-Therian|64\/332
|
|-weather|SunnyDay|[upkeep]
|turn|8
|
|move|p1a: Tornadus-Therian|U-turn|p2a: Zeta
|-resisted|p2a: Zeta
|-damage|p2a: Zeta|265\/297
|
|switch|p1a: Slowbro|Slowbro, F|394\/394
|move|p2a: Zeta|Fire Blast|p1a: Slowbro
|-resisted|p1a: Slowbro
|-damage|p1a: Slowbro|154\/394
|
|-weather|SunnyDay|[upkeep]
|-heal|p1a: Slowbro|178\/394|[from] item: Leftovers
|turn|9
|
|move|p2a: Zeta|Fire Blast|p1a: Slowbro
|-resisted|p1a: Slowbro
|-damage|p1a: Slowbro|0 fnt
|faint|p1a: Slowbro
|
|-weather|SunnyDay|[upkeep]
|
|switch|p1a: Tornadus-Therian|Tornadus-Therian, M|174\/332
|turn|10
|
|move|p1a: Tornadus-Therian|U-turn|p2a: Zeta
|-resisted|p2a: Zeta
|-damage|p2a: Zeta|249\/297
|
|switch|p1a: Heracross|Heracross, M|301\/301
|move|p2a: Zeta|Fire Blast|p1a: Heracross|[miss]
|-miss|p2a: Zeta|p1a: Heracross
|
|-weather|none
|turn|11
|
|switch|p2a: Gamma|Clefable, F|393\/393
|switch|p1a: Tornadus-Therian|Tornadus-Therian, M|284\/332
|
|turn|12
|
|move|p1a: Tornadus-Therian|U-turn|p2a: Gamma
|-resisted|p2a: Gamma
|-damage|p2a: Gamma|364\/393
|
|switch|p1a: Jirachi|Jirachi|341\/341
|move|p2a: Gamma|Stealth Rock|p1a: Jirachi
|-sidestart|p1: IMPAlby|move: Stealth Rock
|
|-heal|p2a: Gamma|388\/393|[from] item: Leftovers
|turn|13
|
|switch|p2a: Zeta|Charizard-Mega-Y, F|249\/297
|-damage|p2a: Zeta|101\/297|[from] Stealth Rock
|-weather|SunnyDay
|move|p1a: Jirachi|Iron Head|p2a: Zeta
|-resisted|p2a: Zeta
|-damage|p2a: Zeta|23\/297
|
|-weather|SunnyDay|[upkeep]
|turn|14
|
|move|p2a: Zeta|Focus Blast|p1a: Jirachi|[miss]
|-miss|p2a: Zeta|p1a: Jirachi
|move|p1a: Jirachi|Iron Head|p2a: Zeta
|-resisted|p2a: Zeta
|-damage|p2a: Zeta|0 fnt
|faint|p2a: Zeta
|
|-weather|SunnyDay|[upkeep]
|
|switch|p2a: Beta|Excadrill, M|362\/362
|-damage|p2a: Beta|351\/362|[from] Stealth Rock
|turn|15
|
|move|p2a: Beta|Rapid Spin|p1a: Jirachi
|-resisted|p1a: Jirachi
|-damage|p1a: Jirachi|325\/341
|-sideend|p2: axiom_alpha|Stealth Rock|[from] move: Rapid Spin|[of] p2a: Beta
|-damage|p2a: Beta|315\/362|[from] item: Life Orb
|move|p1a: Jirachi|Fire Punch|p2a: Beta
|-supereffective|p2a: Beta
|-damage|p2a: Beta|0 fnt
|faint|p2a: Beta
|
|-weather|SunnyDay|[upkeep]
|
|switch|p2a: Alpha|Tyranitar, F|182\/341
|-weather|Sandstorm
|turn|16
|
|move|p2a: Alpha|Crunch|p1a: Jirachi
|-supereffective|p1a: Jirachi
|-damage|p1a: Jirachi|35\/341
|move|p1a: Jirachi|Iron Head|p2a: Alpha
|-supereffective|p2a: Alpha
|-damage|p2a: Alpha|0 fnt
|faint|p2a: Alpha
|
|-weather|Sandstorm|[upkeep]
|
|switch|p2a: Epsilon|Latios, M|301\/301
|turn|17
|
|switch|p1a: Heracross|Heracross, M|301\/301
|-damage|p1a: Heracross|264\/301|[from] Stealth Rock
|move|p2a: Epsilon|Earthquake|p1a: Heracross
|-resisted|p1a: Heracross
|-damage|p1a: Heracross|206\/301
|-damage|p2a: Epsilon|271\/301|[from] item: Life Orb
|
|-weather|Sandstorm|[upkeep]
|-damage|p2a: Epsilon|253\/301|[from] sandstorm
|-damage|p1a: Heracross|188\/301|[from] sandstorm
|turn|18
|
|switch|p1a: Tornadus-Therian|Tornadus-Therian, M|332\/332
|-damage|p1a: Tornadus-Therian|249\/332|[from] Stealth Rock
|move|p2a: Epsilon|Psyshock|p1a: Tornadus-Therian
|-damage|p1a: Tornadus-Therian|10\/332
|-damage|p2a: Epsilon|223\/301|[from] item: Life Orb
|
|-weather|Sandstorm|[upkeep]
|-damage|p1a: Tornadus-Therian|0 fnt|[from] sandstorm
|-damage|p2a: Epsilon|205\/301|[from] sandstorm
|faint|p1a: Tornadus-Therian
|
|switch|p1a: Heracross|Heracross, M|188\/301
|-damage|p1a: Heracross|151\/301|[from] Stealth Rock
|turn|19
|
|detailschange|p1a: Heracross|Heracross-Mega, M
|message|Heracross has Mega Evolved into Mega Heracross!
|move|p2a: Epsilon|Psyshock|p1a: Heracross
|-supereffective|p1a: Heracross
|-damage|p1a: Heracross|0 fnt
|-damage|p2a: Epsilon|175\/301|[from] item: Life Orb
|faint|p1a: Heracross
|
|-weather|Sandstorm|[upkeep]
|-damage|p2a: Epsilon|157\/301|[from] sandstorm
|c|âaxiom_alpha|gg
|c|âIMPAlby|gg
|-message|IMPAlby forfeited.
|
|win|axiom_alpha
|raw|Ladder updating...
|raw|IMPAlby's rating: 1904 &rarr; <strong>1876<\/strong><br \/>(-28 for losing)
|raw|axiom_alpha's rating: 1754 &rarr; <strong>1782<\/strong><br \/>(+28 for winning)