|inactive|Battle timer is ON: inactive players will automatically lose when time's up.
|join|axiom_alpha
|join|uCan'tSeeMe
|player|p1|axiom_alpha|33
|player|p2|uCan'tSeeMe|211
|gametype|singles
|gen|6
|tier|Random Battle
|rule|Sleep Clause Mod: Limit one foe put to sleep
|rule|HP Percentage Mod: HP is shown in percentages
|
|start
|switch|p1a: Electrode|Electrode, L88|249\/249
|switch|p2a: Stoutland|Stoutland, L88, F|293\/293
|turn|1
|
|move|p1a: Electrode|Volt Switch|p2a: Stoutland
|-damage|p2a: Stoutland|226\/293
|c|âuCan'tSeeMe|nice memes
|
|switch|p1a: Jellicent|Jellicent, L82, F|298\/298
|move|p2a: Stoutland|Return|p1a: Jellicent
|-damage|p1a: Jellicent|67\/298
|
|-heal|p1a: Jellicent|85\/298|[from] item: Leftovers
|turn|2
|c|âuCan'tSeeMe|srappy
|c|âuCan'tSeeMe|,,,
|c|âaxiom_alpha|lol
|
|move|p2a: Stoutland|Return|p1a: Jellicent
|-damage|p1a: Jellicent|0 fnt
|faint|p1a: Jellicent
|
|
|switch|p1a: Scizor|Scizor, L74, M|226\/226
|turn|3
|c|âuCan'tSeeMe|my whole team
|c|âuCan'tSeeMe|is nu
|c|âuCan'tSeeMe|n_n
|c|âuCan'tSeeMe|besides one
|
|switch|p2a: Chandelure|Chandelure, L78, F|222\/222
|detailschange|p1a: Scizor|Scizor-Mega, L74, M
|message|Scizor has Mega Evolved into Mega Scizor!
|move|p1a: Scizor|Superpower|p2a: Chandelure
|-immune|p2a: Chandelure|[msg]
|
|turn|4
|
|switch|p1a: Carbink|Carbink, L88|231\/231
|move|p2a: Chandelure|Substitute|p2a: Chandelure
|-start|p2a: Chandelure|Substitute
|-damage|p2a: Chandelure|167\/222
|
|-heal|p2a: Chandelure|180\/222|[from] item: Leftovers
|turn|5
|c|âaxiom_alpha|i just lose
|c|âuCan'tSeeMe|,,,
|
|move|p2a: Chandelure|Energy Ball|p1a: Carbink
|-supereffective|p1a: Carbink
|-damage|p1a: Carbink|125\/231
|move|p1a: Carbink|Light Screen|p1a: Carbink
|-sidestart|p1: axiom_alpha|move: Light Screen
|
|-heal|p2a: Chandelure|193\/222|[from] item: Leftovers
|turn|6
|
|move|p2a: Chandelure|Energy Ball|p1a: Carbink
|-supereffective|p1a: Carbink
|-damage|p1a: Carbink|77\/231
|move|p1a: Carbink|Power Gem|p2a: Chandelure
|-supereffective|p2a: Chandelure
|-end|p2a: Chandelure|Substitute
|
|-heal|p2a: Chandelure|206\/222|[from] item: Leftovers
|turn|7
|c|âuCan'tSeeMe|how
|c|âuCan'tSeeMe|,,,
|
|switch|p2a: Bibarel|Bibarel, L88, F|282\/282
|move|p1a: Carbink|Power Gem|p2a: Bibarel
|-damage|p2a: Bibarel|210\/282
|
|turn|8
|
|move|p2a: Bibarel|Curse|p2a: Bibarel
|-boost|p2a: Bibarel|atk|2
|-boost|p2a: Bibarel|def|2
|-unboost|p2a: Bibarel|spe|2
|move|p1a: Carbink|Reflect|p1a: Carbink
|-sidestart|p1: axiom_alpha|Reflect
|
|turn|9
|c|âaxiom_alpha|LOL
|
|move|p1a: Carbink|Moonblast|p2a: Bibarel
|-damage|p2a: Bibarel|125\/282
|-unboost|p2a: Bibarel|spa|2
|move|p2a: Bibarel|Curse|p2a: Bibarel
|-boost|p2a: Bibarel|atk|2
|-boost|p2a: Bibarel|def|2
|-unboost|p2a: Bibarel|spe|2
|
|turn|10
|
|move|p1a: Carbink|Moonblast|p2a: Bibarel
|-damage|p2a: Bibarel|44\/282
|move|p2a: Bibarel|Rest|p2a: Bibarel
|-status|p2a: Bibarel|slp
|-heal|p2a: Bibarel|282\/282 slp|[silent]
|-status|p2a: Bibarel|slp|[from] move: Rest
|-enditem|p2a: Bibarel|Chesto Berry|[eat]
|-curestatus|p2a: Bibarel|slp
|
|turn|11
|
|move|p1a: Carbink|Moonblast|p2a: Bibarel
|-damage|p2a: Bibarel|198\/282
|move|p2a: Bibarel|Return|p1a: Carbink
|-resisted|p1a: Carbink
|-damage|p1a: Carbink|30\/231
|
|turn|12
|
|move|p1a: Carbink|Moonblast|p2a: Bibarel
|-damage|p2a: Bibarel|105\/282
|move|p2a: Bibarel|Curse|p2a: Bibarel
|-boost|p2a: Bibarel|atk|2
|-boost|p2a: Bibarel|def|2
|-unboost|p2a: Bibarel|spe|2
|
|-sideend|p1: axiom_alpha|move: Light Screen
|turn|13
|
|move|p2a: Bibarel|Quick Attack|p1a: Carbink
|-resisted|p1a: Carbink
|-damage|p1a: Carbink|5\/231
|move|p1a: Carbink|Moonblast|p2a: Bibarel
|-damage|p2a: Bibarel|24\/282
|
|turn|14
|
|move|p2a: Bibarel|Quick Attack|p1a: Carbink
|-resisted|p1a: Carbink
|-damage|p1a: Carbink|0 fnt
|faint|p1a: Carbink
|
|
|switch|p1a: Scizor|Scizor-Mega, L74, M|226\/226
|turn|15
|
|switch|p2a: Chandelure|Chandelure, L78, F|206\/222
|move|p1a: Scizor|Bug Bite|p2a: Chandelure
|-resisted|p2a: Chandelure
|-damage|p2a: Chandelure|178\/222
|
|-heal|p2a: Chandelure|191\/222|[from] item: Leftovers
|-sideend|p1: axiom_alpha|Reflect
|turn|16
|-message|axiom_alpha forfeited.
|
|win|uCan'tSeeMe
|leave|axiom_alpha
|player|p1
|c|âuCan'tSeeMe|ez
|leave|uCan'tSeeMe
|player|p2
|join|uCan'tSeeMe