|inactive|Battle timer is ON: inactive players will automatically lose when time's up.
|join|Alice delice
|join|axiom_alpha
|player|p1|Alice delice|2
|player|p2|axiom_alpha|33
|gametype|singles
|gen|6
|tier|OU
|clearpoke
|poke|p1|Clefable, F
|poke|p1|Venusaur, F
|poke|p1|Tyranitar, M
|poke|p1|Skarmory, M
|poke|p1|Slowbro, M
|poke|p1|Chansey, F
|poke|p2|Tyranitar, M
|poke|p2|Excadrill, M
|poke|p2|Venusaur, F
|poke|p2|Keldeo
|poke|p2|Thundurus, M
|poke|p2|Landorus, M
|rule|Swagger Clause: Swagger is banned
|rule|Baton Pass Clause: Limit one PokÃ©mon knowing Baton Pass
|rule|Sleep Clause Mod: Limit one foe put to sleep
|rule|Species Clause: Limit one of each PokÃ©mon
|rule|OHKO Clause: OHKO moves are banned
|rule|Moody Clause: Moody is banned
|rule|Evasion Moves Clause: Evasion moves are banned
|rule|Endless Battle Clause: Forcing endless battles is banned
|rule|HP Percentage Mod: HP is shown in percentages
|teampreview
|join|H-C
|join|rox snorlax
|join|uCan'tSeeMe
|join|OO8
|join|Deckline
|join|Toad Le Lucario
|join|BahaWin
|join|majaspic22
|join|Korby
|join|lahm edness
|join|Praj.pran
|join|Seergii
|join|McMeghan
|join|Updated Kanto
|join|Mistaken
|join|innovamania
|join|Reymedy
|join|alex32
|
|start
|switch|p1a: Venusaur|Venusaur, F|364\/364
|switch|p2a: Landorus|Landorus, M|320\/320
|turn|1
|leave|innovamania
|leave|alex32
|join|Leftiez
|
|detailschange|p1a: Venusaur|Venusaur-Mega, F
|message|Venusaur has Mega Evolved into Mega Venusaur!
|move|p2a: Landorus|Stealth Rock|p1a: Venusaur
|-sidestart|p1: Alice delice|move: Stealth Rock
|move|p1a: Venusaur|Giga Drain|p2a: Landorus
|-damage|p2a: Landorus|193\/320
|
|turn|2
|join|tele
|join|Vinc2612
|
|move|p2a: Landorus|Psychic|p1a: Venusaur
|-supereffective|p1a: Venusaur
|-damage|p1a: Venusaur|70\/364
|move|p1a: Venusaur|Giga Drain|p2a: Landorus
|-damage|p2a: Landorus|73\/320
|-heal|p1a: Venusaur|130\/364|[from] drain|[of] p2a: Landorus
|
|turn|3
|join|Anty
|
|switch|p1a: Skarmory|Skarmory, M|334\/334
|-damage|p1a: Skarmory|293\/334|[from] Stealth Rock
|move|p2a: Landorus|Earth Power|p1a: Skarmory
|-immune|p1a: Skarmory|[msg]
|
|-heal|p1a: Skarmory|313\/334|[from] item: Leftovers
|turn|4
|
|move|p2a: Landorus|Focus Blast|p1a: Skarmory
|-damage|p1a: Skarmory|0 fnt
|faint|p1a: Skarmory
|
|join|pam
|
|switch|p1a: Tyranitar|Tyranitar, M|342\/342
|-damage|p1a: Tyranitar|300\/342|[from] Stealth Rock
|-weather|Sandstorm
|turn|5
|join|alex32
|
|move|p1a: Tyranitar|Pursuit|p2a: Landorus
|-damage|p2a: Landorus|0 fnt
|faint|p2a: Landorus
|
|-weather|Sandstorm|[upkeep]
|leave|alex32
|
|switch|p2a: Excadrill|Excadrill, M|362\/362
|turn|6
|join|ox the fox
|join|The Regulator
|join|Moony
|
|switch|p1a: Slowbro|Slowbro, M|394\/394
|-damage|p1a: Slowbro|345\/394|[from] Stealth Rock
|move|p2a: Excadrill|Earthquake|p1a: Slowbro
|-crit|p1a: Slowbro
|-damage|p1a: Slowbro|86\/394
|-damage|p2a: Excadrill|326\/362|[from] item: Life Orb
|
|-weather|Sandstorm|[upkeep]
|-damage|p1a: Slowbro|62\/394|[from] sandstorm
|-heal|p1a: Slowbro|86\/394|[from] item: Leftovers
|turn|7
|leave|BahaWin
|leave|Moony
|join|Gizmo $_$
|
|switch|p1a: Venusaur|Venusaur-Mega, F|130\/364
|-damage|p1a: Venusaur|85\/364|[from] Stealth Rock
|move|p2a: Excadrill|Earthquake|p1a: Venusaur
|-damage|p1a: Venusaur|0 fnt
|-damage|p2a: Excadrill|290\/362|[from] item: Life Orb
|faint|p1a: Venusaur
|
|-weather|Sandstorm|[upkeep]
|
|switch|p1a: Slowbro|Slowbro, M|217\/394
|-damage|p1a: Slowbro|168\/394|[from] Stealth Rock
|turn|8
|join|lil manaphy
|join|Omfuga
|join|Sinclair
|join|Dragonite VII
|
|move|p2a: Excadrill|Earthquake|p1a: Slowbro
|-damage|p1a: Slowbro|0 fnt
|-damage|p2a: Excadrill|254\/362|[from] item: Life Orb
|faint|p1a: Slowbro
|
|-weather|Sandstorm|[upkeep]
|leave|Alice delice
|player|p1
|leave|lahm edness
|leave|pam
|leave|Updated Kanto
|player|p1|uCan'tSeeMe|211
|leave|Anty
|leave|rox snorlax
|leave|OO8
|
|switch|p1a: Chansey|Chansey, F|697\/697
|-damage|p1a: Chansey|610\/697|[from] Stealth Rock
|turn|9
|
|move|p2a: Excadrill|Earthquake|p1a: Chansey
|-damage|p1a: Chansey|259\/697
|-damage|p2a: Excadrill|218\/362|[from] item: Life Orb
|move|p1a: Chansey|Seismic Toss|p2a: Excadrill
|-damage|p2a: Excadrill|118\/362
|
|-weather|none
|turn|10
|join|fingerscrossed
|
|move|p2a: Excadrill|Earthquake|p1a: Chansey
|-damage|p1a: Chansey|0 fnt
|-damage|p2a: Excadrill|82\/362|[from] item: Life Orb
|faint|p1a: Chansey
|
|
|switch|p1a: Clefable|Clefable, F|394\/394
|-damage|p1a: Clefable|345\/394|[from] Stealth Rock
|turn|11
|leave|fingerscrossed
|leave|Korby
|
|move|p1a: Clefable|Protect|p1a: Clefable
|-singleturn|p1a: Clefable|Protect
|move|p2a: Excadrill|Iron Head|p1a: Clefable
|-activate|p1a: Clefable|Protect
|
|-heal|p1a: Clefable|369\/394|[from] item: Leftovers
|turn|12
|leave|Toad Le Lucario
|
|move|p2a: Excadrill|Iron Head|p1a: Clefable
|-supereffective|p1a: Clefable
|-damage|p1a: Clefable|0 fnt
|-damage|p2a: Excadrill|46\/362|[from] item: Life Orb
|faint|p1a: Clefable
|
|
|switch|p1a: Tyranitar|Tyranitar, M|300\/342
|-damage|p1a: Tyranitar|258\/342|[from] Stealth Rock
|-weather|Sandstorm
|turn|13
|
|move|p2a: Excadrill|Earthquake|p1a: Tyranitar
|-supereffective|p1a: Tyranitar
|-damage|p1a: Tyranitar|0 fnt
|-damage|p2a: Excadrill|10\/362|[from] item: Life Orb
|faint|p1a: Tyranitar
|
|win|axiom_alpha
|leave|uCan'tSeeMe
|player|p1