|join|relous
|join|arnyyr
|player|p1|relous|70
|player|p2|arnyyr|211
|gametype|singles
|gen|6
|tier|OU
|rated
|clearpoke
|poke|p1|Celebi
|poke|p1|Lopunny, M
|poke|p1|Rotom-Wash
|poke|p1|Gothitelle, F
|poke|p1|Heatran, F
|poke|p1|Mandibuzz, F
|poke|p2|Metagross
|poke|p2|Keldeo-Resolute
|poke|p2|Heatran, F
|poke|p2|Landorus-Therian, M
|poke|p2|Celebi
|poke|p2|Latios, M
|rule|Swagger Clause: Swagger is banned
|rule|Baton Pass Clause: Limit one PokÃ©mon knowing Baton Pass
|rule|Sleep Clause Mod: Limit one foe put to sleep
|rule|Species Clause: Limit one of each PokÃ©mon
|rule|OHKO Clause: OHKO moves are banned
|rule|Moody Clause: Moody is banned
|rule|Evasion Moves Clause: Evasion moves are banned
|rule|Endless Battle Clause: Forcing endless battles is banned
|rule|HP Percentage Mod: HP is shown in percentages
|teampreview
|
|start
|switch|p1a: Rotom-Wash|Rotom-Wash|303\/303
|switch|p2a: Landorus-Therian|Landorus-Therian, M|327\/327
|-ability|p2a: Landorus-Therian|Intimidate|[of] p1a: Rotom-Wash
|-unboost|p1a: Rotom-Wash|atk|1
|turn|1
|
|move|p2a: Landorus-Therian|U-turn|p1a: Rotom-Wash
|-damage|p1a: Rotom-Wash|240\/303
|
|switch|p2a: Celebi|Celebi|404\/404
|move|p1a: Rotom-Wash|Volt Switch|p2a: Celebi
|-resisted|p2a: Celebi
|-damage|p2a: Celebi|367\/404
|
|switch|p1a: Gothitelle|Gothitelle, F|281\/281
|
|-heal|p2a: Celebi|392\/404|[from] item: Leftovers
|turn|2
|
|move|p1a: Gothitelle|Trick|p2a: Celebi
|-activate|p1a: Gothitelle|move: Trick|[of] p2a: Celebi
|-item|p2a: Celebi|Choice Scarf|[from] move: Trick
|-item|p1a: Gothitelle|Leftovers|[from] move: Trick
|move|p2a: Celebi|Baton Pass|p2a: Celebi
|
|switch|p2a: Metagross|Metagross|302\/302
|
|turn|3
|
|switch|p1a: Mandibuzz|Mandibuzz, F|423\/423
|detailschange|p2a: Metagross|Metagross-Mega
|-mega|p2a: Metagross|Metagross|Metagrossite
|move|p2a: Metagross|Meteor Mash|p1a: Mandibuzz
|-damage|p1a: Mandibuzz|273\/423
|-damage|p2a: Metagross|252\/302|[from] item: Rocky Helmet|[of] p1a: Mandibuzz
|
|turn|4
|
|switch|p2a: Keldeo-Resolute|Keldeo-Resolute|322\/322
|move|p1a: Mandibuzz|Roost|p1a: Mandibuzz
|-heal|p1a: Mandibuzz|423\/423
|
|turn|5
|
|switch|p2a: Heatran|Heatran, F|386\/386
|move|p1a: Mandibuzz|Roost|p1a: Mandibuzz
|-fail|p1a: Mandibuzz
|
|turn|6
|
|switch|p1a: Rotom-Wash|Rotom-Wash|240\/303
|move|p2a: Heatran|Will-O-Wisp|p1a: Rotom-Wash
|-status|p1a: Rotom-Wash|brn
|
|-heal|p1a: Rotom-Wash|258\/303 brn|[from] item: Leftovers
|-damage|p1a: Rotom-Wash|221\/303 brn|[from] brn
|turn|7
|
|switch|p2a: Celebi|Celebi|392\/404
|move|p1a: Rotom-Wash|Hydro Pump|p2a: Celebi
|-resisted|p2a: Celebi
|-damage|p2a: Celebi|335\/404
|
|-heal|p1a: Rotom-Wash|239\/303 brn|[from] item: Leftovers
|-damage|p1a: Rotom-Wash|202\/303 brn|[from] brn
|turn|8
|
|move|p2a: Celebi|Baton Pass|p2a: Celebi
|
|switch|p2a: Latios|Latios, M|301\/301
|move|p1a: Rotom-Wash|Hydro Pump|p2a: Latios
|-resisted|p2a: Latios
|-damage|p2a: Latios|238\/301
|
|-heal|p1a: Rotom-Wash|220\/303 brn|[from] item: Leftovers
|-damage|p1a: Rotom-Wash|183\/303 brn|[from] brn
|turn|9
|
|switch|p1a: Heatran|Heatran, F|385\/385
|move|p2a: Latios|Draco Meteor|p1a: Heatran
|-resisted|p1a: Heatran
|-damage|p1a: Heatran|280\/385
|-unboost|p2a: Latios|spa|2
|-damage|p2a: Latios|208\/301|[from] item: Life Orb
|
|-heal|p1a: Heatran|304\/385|[from] item: Leftovers
|turn|10
|
|switch|p1a: Lopunny|Lopunny, M|271\/271
|move|p2a: Latios|Earthquake|p1a: Lopunny
|-damage|p1a: Lopunny|158\/271
|-damage|p2a: Latios|178\/301|[from] item: Life Orb
|
|turn|11
|
|detailschange|p1a: Lopunny|Lopunny-Mega, M
|-mega|p1a: Lopunny|Lopunny|Lopunnite
|move|p1a: Lopunny|Fake Out|p2a: Latios
|-damage|p2a: Latios|75\/301
|cant|p2a: Latios|flinch
|
|turn|12
|c|âarnyyr|did u predict that
|c|ârelous|i wanted to scout for the eq
|
|switch|p2a: Celebi|Celebi|335\/404
|move|p1a: Lopunny|Ice Punch|p2a: Celebi
|-supereffective|p2a: Celebi
|-damage|p2a: Celebi|147\/404
|
|turn|13
|
|move|p1a: Lopunny|Ice Punch|p2a: Celebi
|-supereffective|p2a: Celebi
|-damage|p2a: Celebi|0 fnt
|faint|p2a: Celebi
|
|
|switch|p2a: Landorus-Therian|Landorus-Therian, M|327\/327
|-ability|p2a: Landorus-Therian|Intimidate|[of] p1a: Lopunny
|-unboost|p1a: Lopunny|atk|1
|turn|14
|
|switch|p1a: Mandibuzz|Mandibuzz, F|423\/423
|move|p2a: Landorus-Therian|Stone Edge|p1a: Mandibuzz|[miss]
|-miss|p2a: Landorus-Therian|p1a: Mandibuzz
|
|turn|15
|c|âarnyyr|got lucky
|
|switch|p2a: Heatran|Heatran, F|386\/386
|move|p1a: Mandibuzz|Foul Play|p2a: Heatran
|-damage|p2a: Heatran|314\/386
|
|-heal|p2a: Heatran|338\/386|[from] item: Leftovers
|turn|16
|
|switch|p1a: Heatran|Heatran, F|304\/385
|move|p2a: Heatran|Stealth Rock|p1a: Heatran
|-sidestart|p1: relous|move: Stealth Rock
|
|-heal|p2a: Heatran|362\/386|[from] item: Leftovers
|-heal|p1a: Heatran|328\/385|[from] item: Leftovers
|turn|17
|
|move|p2a: Heatran|Taunt|p1a: Heatran
|-start|p1a: Heatran|move: Taunt
|cant|p1a: Heatran|move: Taunt|Stealth Rock
|
|-heal|p2a: Heatran|386\/386|[from] item: Leftovers
|-heal|p1a: Heatran|352\/385|[from] item: Leftovers
|turn|18
|
|move|p2a: Heatran|Lava Plume|p1a: Heatran
|-start|p1a: Heatran|ability: Flash Fire
|move|p1a: Heatran|Lava Plume|p2a: Heatran
|-start|p2a: Heatran|ability: Flash Fire
|
|-heal|p1a: Heatran|376\/385|[from] item: Leftovers
|turn|19
|
|move|p2a: Heatran|Will-O-Wisp|p1a: Heatran
|-immune|p1a: Heatran|[msg]
|move|p1a: Heatran|Lava Plume|p2a: Heatran
|-immune|p2a: Heatran|[msg]
|
|-heal|p1a: Heatran|385\/385|[from] item: Leftovers
|-end|p1a: Heatran|move: Taunt
|turn|20
|
|move|p2a: Heatran|Taunt|p1a: Heatran
|-start|p1a: Heatran|move: Taunt
|cant|p1a: Heatran|move: Taunt|Stealth Rock
|
|turn|21
|
|switch|p1a: Rotom-Wash|Rotom-Wash|183\/303 brn
|-damage|p1a: Rotom-Wash|146\/303 brn|[from] Stealth Rock
|move|p2a: Heatran|Stealth Rock|p1a: Rotom-Wash
|-fail|p1a: Rotom-Wash
|
|-heal|p1a: Rotom-Wash|164\/303 brn|[from] item: Leftovers
|-damage|p1a: Rotom-Wash|127\/303 brn|[from] brn
|turn|22
|
|move|p2a: Heatran|Lava Plume|p1a: Rotom-Wash
|-resisted|p1a: Rotom-Wash
|-damage|p1a: Rotom-Wash|42\/303 brn
|move|p1a: Rotom-Wash|Pain Split|p2a: Heatran
|-sethp|p2a: Heatran|214\/386|p1a: Rotom-Wash|214\/303 brn|[from] move: Pain Split
|
|-heal|p2a: Heatran|238\/386|[from] item: Leftovers
|-heal|p1a: Rotom-Wash|232\/303 brn|[from] item: Leftovers
|-damage|p1a: Rotom-Wash|195\/303 brn|[from] brn
|turn|23
|
|switch|p2a: Keldeo-Resolute|Keldeo-Resolute|322\/322
|move|p1a: Rotom-Wash|Volt Switch|p2a: Keldeo-Resolute
|-supereffective|p2a: Keldeo-Resolute
|-damage|p2a: Keldeo-Resolute|146\/322
|
|switch|p1a: Gothitelle|Gothitelle, F|281\/281
|-damage|p1a: Gothitelle|246\/281|[from] Stealth Rock
|
|-heal|p1a: Gothitelle|263\/281|[from] item: Leftovers
|turn|24
|c|âarnyyr|i dont understand u
|c|âarnyyr|dude
|
|move|p2a: Keldeo-Resolute|Hydro Pump|p1a: Gothitelle
|-damage|p1a: Gothitelle|0 fnt
|faint|p1a: Gothitelle
|
|
|switch|p1a: Lopunny|Lopunny-Mega, M|158\/271
|-damage|p1a: Lopunny|142\/271|[from] Stealth Rock
|turn|25
|c|ârelous|?
|c|âarnyyr|volt swtich in a heatran
|c|âarnyyr|when u can kill it
|
|switch|p2a: Metagross|Metagross-Mega|252\/302
|move|p1a: Lopunny|High Jump Kick|p2a: Metagross
|-damage|p2a: Metagross|80\/302
|
|turn|26
|c|ârelous|predition
|
|switch|p2a: Landorus-Therian|Landorus-Therian, M|327\/327
|-ability|p2a: Landorus-Therian|Intimidate|[of] p1a: Lopunny
|-unboost|p1a: Lopunny|atk|1
|move|p1a: Lopunny|High Jump Kick|p2a: Landorus-Therian
|-resisted|p2a: Landorus-Therian
|-damage|p2a: Landorus-Therian|240\/327
|
|turn|27
|
|switch|p2a: Latios|Latios, M|75\/301
|switch|p1a: Mandibuzz|Mandibuzz, F|423\/423
|-damage|p1a: Mandibuzz|318\/423|[from] Stealth Rock
|
|turn|28
|c|âarnyyr|the 5050
|
|switch|p1a: Rotom-Wash|Rotom-Wash|195\/303 brn
|-damage|p1a: Rotom-Wash|158\/303 brn|[from] Stealth Rock
|move|p2a: Latios|Draco Meteor|p1a: Rotom-Wash
|-damage|p1a: Rotom-Wash|0 fnt
|-unboost|p2a: Latios|spa|2
|-damage|p2a: Latios|45\/301|[from] item: Life Orb
|faint|p1a: Rotom-Wash
|
|
|switch|p1a: Lopunny|Lopunny-Mega, M|142\/271
|-damage|p1a: Lopunny|126\/271|[from] Stealth Rock
|turn|29
|
|move|p1a: Lopunny|Ice Punch|p2a: Latios
|-supereffective|p2a: Latios
|-damage|p2a: Latios|0 fnt
|faint|p2a: Latios
|
|
|switch|p2a: Landorus-Therian|Landorus-Therian, M|240\/327
|-ability|p2a: Landorus-Therian|Intimidate|[of] p1a: Lopunny
|-unboost|p1a: Lopunny|atk|1
|turn|30
|
|switch|p1a: Mandibuzz|Mandibuzz, F|318\/423
|-damage|p1a: Mandibuzz|213\/423|[from] Stealth Rock
|move|p2a: Landorus-Therian|Stone Edge|p1a: Mandibuzz
|-supereffective|p1a: Mandibuzz
|-damage|p1a: Mandibuzz|25\/423
|
|turn|31
|
|move|p2a: Landorus-Therian|Stone Edge|p1a: Mandibuzz
|-supereffective|p1a: Mandibuzz
|-damage|p1a: Mandibuzz|0 fnt
|faint|p1a: Mandibuzz
|
|
|switch|p1a: Lopunny|Lopunny-Mega, M|126\/271
|-damage|p1a: Lopunny|110\/271|[from] Stealth Rock
|turn|32
|
|switch|p2a: Metagross|Metagross-Mega|80\/302
|move|p1a: Lopunny|Ice Punch|p2a: Metagross
|-resisted|p2a: Metagross
|-damage|p2a: Metagross|46\/302
|
|turn|33
|
|move|p1a: Lopunny|Return|p2a: Metagross
|-resisted|p2a: Metagross
|-damage|p2a: Metagross|0 fnt
|faint|p2a: Metagross
|
|
|switch|p2a: Landorus-Therian|Landorus-Therian, M|240\/327
|-ability|p2a: Landorus-Therian|Intimidate|[of] p1a: Lopunny
|-unboost|p1a: Lopunny|atk|1
|turn|34
|
|switch|p1a: Celebi|Celebi|404\/404
|-damage|p1a: Celebi|354\/404|[from] Stealth Rock
|move|p2a: Landorus-Therian|U-turn|p1a: Celebi
|-supereffective|p1a: Celebi
|-damage|p1a: Celebi|0 fnt
|faint|p1a: Celebi
|c|ârelous|gg
|-message|relous forfeited.
|
|win|arnyyr
|raw|Ladder updating...
|leave|relous
|c|âarnyyr|gg
|player|p1
|raw|relous's rating: 1477 &rarr; <strong>1460<\/strong><br \/>(-17 for losing)
|raw|arnyyr's rating: 1516 &rarr; <strong>1534<\/strong><br \/>(+18 for winning)