|join|gyarad0site
|join|arnyyr
|player|p1|gyarad0site|195
|player|p2|arnyyr|211
|gametype|singles
|gen|6
|tier|OU
|rated
|clearpoke
|poke|p1|Lopunny, F, shiny
|poke|p1|Celebi
|poke|p1|Hippowdon, M
|poke|p1|Zapdos
|poke|p1|Azumarill, F
|poke|p1|Lucario, F
|poke|p2|Rotom-Wash
|poke|p2|Clefable, M
|poke|p2|Metagross
|poke|p2|Keldeo
|poke|p2|Landorus-Therian, M
|poke|p2|Tornadus-Therian, M
|rule|Swagger Clause: Swagger is banned
|rule|Baton Pass Clause: Limit one PokÃ©mon knowing Baton Pass
|rule|Sleep Clause Mod: Limit one foe put to sleep
|rule|Species Clause: Limit one of each PokÃ©mon
|rule|OHKO Clause: OHKO moves are banned
|rule|Moody Clause: Moody is banned
|rule|Evasion Moves Clause: Evasion moves are banned
|rule|Endless Battle Clause: Forcing endless battles is banned
|rule|HP Percentage Mod: HP is shown in percentages
|teampreview
|c|âarnyyr|gl hf
|c|âgyarad0site|hf
|c|âarnyyr|no luck?
|c|âgyarad0site|no
|c|âgyarad0site|no luck
|c|âgyarad0site|:]
|c|âarnyyr|lol
|
|start
|switch|p1a: Zapdos|Zapdos|384\/384
|switch|p2a: Rotom-Wash|Rotom-Wash|304\/304
|-ability|p1a: Zapdos|Pressure
|turn|1
|
|move|p1a: Zapdos|Toxic|p2a: Rotom-Wash
|-status|p2a: Rotom-Wash|tox
|move|p2a: Rotom-Wash|Volt Switch|p1a: Zapdos
|-damage|p1a: Zapdos|287\/384
|
|switch|p2a: Landorus-Therian|Landorus-Therian, M|367\/367
|-ability|p2a: Landorus-Therian|Intimidate|[of] p1a: Zapdos
|-unboost|p1a: Zapdos|atk|1
|
|-heal|p1a: Zapdos|311\/384|[from] item: Leftovers
|turn|2
|
|move|p2a: Landorus-Therian|Stealth Rock|p1a: Zapdos
|-sidestart|p1: gyarad0site|move: Stealth Rock
|move|p1a: Zapdos|Toxic|p2a: Landorus-Therian
|-status|p2a: Landorus-Therian|tox
|
|-heal|p1a: Zapdos|335\/384|[from] item: Leftovers
|-damage|p2a: Landorus-Therian|345\/367 tox|[from] psn
|turn|3
|
|move|p2a: Landorus-Therian|Stone Edge|p1a: Zapdos
|-supereffective|p1a: Zapdos
|-damage|p1a: Zapdos|147\/384
|move|p1a: Zapdos|Defog|p2a: Landorus-Therian
|-unboost|p2a: Landorus-Therian|evasion|1
|-sideend|p1: gyarad0site|Stealth Rock|[from] move: Defog|[of] p1a: Zapdos
|
|-heal|p2a: Landorus-Therian|367\/367 tox|[from] item: Leftovers
|-heal|p1a: Zapdos|171\/384|[from] item: Leftovers
|-damage|p2a: Landorus-Therian|323\/367 tox|[from] psn
|turn|4
|
|switch|p1a: Hippowdon|Hippowdon, M|420\/420
|-weather|Sandstorm
|move|p2a: Landorus-Therian|Stone Edge|p1a: Hippowdon
|-resisted|p1a: Hippowdon
|-damage|p1a: Hippowdon|386\/420
|
|-weather|Sandstorm|[upkeep]
|-heal|p2a: Landorus-Therian|345\/367 tox|[from] item: Leftovers
|-heal|p1a: Hippowdon|412\/420|[from] item: Leftovers
|-damage|p2a: Landorus-Therian|279\/367 tox|[from] psn
|turn|5
|join|Phlipadelphia
|
|move|p2a: Landorus-Therian|Stealth Rock|p1a: Hippowdon
|-sidestart|p1: gyarad0site|move: Stealth Rock
|move|p1a: Hippowdon|Stealth Rock|p2a: Landorus-Therian
|-sidestart|p2: arnyyr|move: Stealth Rock
|
|-weather|Sandstorm|[upkeep]
|-heal|p2a: Landorus-Therian|301\/367 tox|[from] item: Leftovers
|-heal|p1a: Hippowdon|420\/420|[from] item: Leftovers
|-damage|p2a: Landorus-Therian|213\/367 tox|[from] psn
|turn|6
|
|move|p2a: Landorus-Therian|U-turn|p1a: Hippowdon
|-damage|p1a: Hippowdon|372\/420
|
|switch|p2a: Keldeo|Keldeo|323\/323
|-damage|p2a: Keldeo|303\/323|[from] Stealth Rock
|move|p1a: Hippowdon|Rock Tomb|p2a: Keldeo
|-resisted|p2a: Keldeo
|-damage|p2a: Keldeo|274\/323
|-unboost|p2a: Keldeo|spe|1
|
|-weather|Sandstorm|[upkeep]
|-damage|p2a: Keldeo|254\/323|[from] sandstorm
|-heal|p2a: Keldeo|274\/323|[from] item: Leftovers
|-heal|p1a: Hippowdon|398\/420|[from] item: Leftovers
|turn|7
|
|switch|p2a: Tornadus-Therian|Tornadus-Therian, M|299\/299
|-damage|p2a: Tornadus-Therian|225\/299|[from] Stealth Rock
|switch|p1a: Celebi|Celebi|404\/404
|-damage|p1a: Celebi|354\/404|[from] Stealth Rock
|
|-weather|Sandstorm|[upkeep]
|-damage|p2a: Tornadus-Therian|207\/299|[from] sandstorm
|-damage|p1a: Celebi|329\/404|[from] sandstorm
|-heal|p1a: Celebi|354\/404|[from] item: Leftovers
|turn|8
|
|switch|p1a: Hippowdon|Hippowdon, M|398\/420
|-damage|p1a: Hippowdon|372\/420|[from] Stealth Rock
|move|p2a: Tornadus-Therian|Knock Off|p1a: Hippowdon
|-damage|p1a: Hippowdon|306\/420
|-enditem|p1a: Hippowdon|Leftovers|[from] move: Knock Off|[of] p2a: Tornadus-Therian
|-damage|p2a: Tornadus-Therian|178\/299|[from] item: Life Orb
|
|-weather|none
|turn|9
|
|switch|p2a: Keldeo|Keldeo|274\/323
|-damage|p2a: Keldeo|254\/323|[from] Stealth Rock
|move|p1a: Hippowdon|Slack Off|p1a: Hippowdon
|-heal|p1a: Hippowdon|420\/420
|
|-heal|p2a: Keldeo|274\/323|[from] item: Leftovers
|turn|10
|
|switch|p2a: Clefable|Clefable, M|394\/394
|switch|p1a: Celebi|Celebi|354\/404
|-damage|p1a: Celebi|304\/404|[from] Stealth Rock
|
|-heal|p1a: Celebi|329\/404|[from] item: Leftovers
|turn|11
|
|move|p1a: Celebi|Swords Dance|p1a: Celebi
|-boost|p1a: Celebi|atk|2
|move|p2a: Clefable|Moonblast|p1a: Celebi
|-damage|p1a: Celebi|245\/404
|
|-heal|p1a: Celebi|270\/404|[from] item: Leftovers
|turn|12
|
|move|p1a: Celebi|Baton Pass|p1a: Celebi
|c|âarnyyr|go lopunny
|
|switch|p1a: Azumarill|Azumarill, F|404\/404
|-damage|p1a: Azumarill|354\/404|[from] Stealth Rock
|move|p2a: Clefable|Thunder Wave|p1a: Azumarill
|-status|p1a: Azumarill|par
|
|turn|13
|c|âarnyyr|and u win
|c|âgyarad0site|next time
|join|trinitrotoluene
|leave|trinitrotoluene
|
|move|p2a: Clefable|Moonblast|p1a: Azumarill
|-damage|p1a: Azumarill|230\/404 par
|move|p1a: Azumarill|Knock Off|p2a: Clefable
|-resisted|p2a: Clefable
|-damage|p2a: Clefable|264\/394
|-enditem|p2a: Clefable|Leftovers|[from] move: Knock Off|[of] p1a: Azumarill
|
|turn|14
|
|switch|p2a: Rotom-Wash|Rotom-Wash|304\/304 tox
|-damage|p2a: Rotom-Wash|266\/304 tox|[from] Stealth Rock
|move|p1a: Azumarill|Play Rough|p2a: Rotom-Wash
|-damage|p2a: Rotom-Wash|0 fnt
|faint|p2a: Rotom-Wash
|
|
|switch|p2a: Metagross|Metagross|301\/301
|-damage|p2a: Metagross|283\/301|[from] Stealth Rock
|turn|15
|
|detailschange|p2a: Metagross|Metagross-Mega
|-mega|p2a: Metagross|Metagross|Metagrossite
|move|p1a: Azumarill|Aqua Jet|p2a: Metagross
|-damage|p2a: Metagross|162\/301
|move|p2a: Metagross|Meteor Mash|p1a: Azumarill
|-damage|p1a: Azumarill|0 fnt
|faint|p1a: Azumarill
|
|
|switch|p1a: Lopunny|Lopunny, F, shiny|271\/271
|-damage|p1a: Lopunny|238\/271|[from] Stealth Rock
|turn|16
|
|switch|p2a: Landorus-Therian|Landorus-Therian, M|213\/367 tox
|-damage|p2a: Landorus-Therian|168\/367 tox|[from] Stealth Rock
|-ability|p2a: Landorus-Therian|Intimidate|[of] p1a: Lopunny
|-unboost|p1a: Lopunny|atk|1
|switch|p1a: Hippowdon|Hippowdon, M|420\/420
|-damage|p1a: Hippowdon|394\/420|[from] Stealth Rock
|-weather|Sandstorm
|
|-weather|Sandstorm|[upkeep]
|-heal|p2a: Landorus-Therian|190\/367 tox|[from] item: Leftovers
|-damage|p2a: Landorus-Therian|168\/367 tox|[from] psn
|turn|17
|
|move|p2a: Landorus-Therian|U-turn|p1a: Hippowdon
|-damage|p1a: Hippowdon|345\/420
|
|switch|p2a: Keldeo|Keldeo|274\/323
|-damage|p2a: Keldeo|254\/323|[from] Stealth Rock
|move|p1a: Hippowdon|Earthquake|p2a: Keldeo
|-crit|p2a: Keldeo
|-damage|p2a: Keldeo|38\/323
|
|-weather|Sandstorm|[upkeep]
|-damage|p2a: Keldeo|18\/323|[from] sandstorm
|-heal|p2a: Keldeo|38\/323|[from] item: Leftovers
|turn|18
|c|âarnyyr|nice and haxed
|
|switch|p1a: Celebi|Celebi|270\/404
|-damage|p1a: Celebi|220\/404|[from] Stealth Rock
|move|p2a: Keldeo|Scald|p1a: Celebi
|-resisted|p1a: Celebi
|-damage|p1a: Celebi|164\/404
|
|-weather|Sandstorm|[upkeep]
|-damage|p2a: Keldeo|18\/323|[from] sandstorm
|-damage|p1a: Celebi|139\/404|[from] sandstorm
|-heal|p2a: Keldeo|38\/323|[from] item: Leftovers
|-heal|p1a: Celebi|164\/404|[from] item: Leftovers
|turn|19
|
|move|p2a: Keldeo|Scald|p1a: Celebi
|-resisted|p1a: Celebi
|-damage|p1a: Celebi|110\/404
|-status|p1a: Celebi|brn
|move|p1a: Celebi|Recover|p1a: Celebi
|-heal|p1a: Celebi|312\/404 brn
|
|-weather|Sandstorm|[upkeep]
|-damage|p2a: Keldeo|18\/323|[from] sandstorm
|-damage|p1a: Celebi|287\/404 brn|[from] sandstorm
|-heal|p2a: Keldeo|38\/323|[from] item: Leftovers
|-heal|p1a: Celebi|312\/404 brn|[from] item: Leftovers
|-damage|p1a: Celebi|262\/404 brn|[from] brn
|turn|20
|
|switch|p2a: Tornadus-Therian|Tornadus-Therian, M|277\/299
|-damage|p2a: Tornadus-Therian|203\/299|[from] Stealth Rock
|move|p1a: Celebi|Seed Bomb|p2a: Tornadus-Therian
|-resisted|p2a: Tornadus-Therian
|-damage|p2a: Tornadus-Therian|178\/299
|
|-weather|none
|-heal|p1a: Celebi|287\/404 brn|[from] item: Leftovers
|-damage|p1a: Celebi|237\/404 brn|[from] brn
|turn|21
|
|switch|p1a: Hippowdon|Hippowdon, M|345\/420
|-damage|p1a: Hippowdon|319\/420|[from] Stealth Rock
|-weather|Sandstorm
|move|p2a: Tornadus-Therian|Hurricane|p1a: Hippowdon
|-damage|p1a: Hippowdon|27\/420
|-damage|p2a: Tornadus-Therian|149\/299|[from] item: Life Orb
|
|-weather|Sandstorm|[upkeep]
|-damage|p2a: Tornadus-Therian|131\/299|[from] sandstorm
|turn|22
|
|move|p2a: Tornadus-Therian|Knock Off|p1a: Hippowdon
|-damage|p1a: Hippowdon|0 fnt
|-damage|p2a: Tornadus-Therian|102\/299|[from] item: Life Orb
|faint|p1a: Hippowdon
|
|-weather|Sandstorm|[upkeep]
|-damage|p2a: Tornadus-Therian|84\/299|[from] sandstorm
|
|switch|p1a: Lucario|Lucario, F|281\/281
|-damage|p1a: Lucario|273\/281|[from] Stealth Rock
|turn|23
|c|âarnyyr|i have superppower
|c|âgyarad0site|i believe you
|
|switch|p2a: Keldeo|Keldeo|38\/323
|-damage|p2a: Keldeo|18\/323|[from] Stealth Rock
|move|p1a: Lucario|Extreme Speed|p2a: Keldeo
|-damage|p2a: Keldeo|0 fnt
|-damage|p1a: Lucario|245\/281|[from] item: Life Orb
|faint|p2a: Keldeo
|
|-weather|Sandstorm|[upkeep]
|c|âarnyyr|thanksÃ§
|
|switch|p2a: Metagross|Metagross-Mega|162\/301
|-damage|p2a: Metagross|144\/301|[from] Stealth Rock
|turn|24
|
|move|p2a: Metagross|Zen Headbutt|p1a: Lucario
|-damage|p1a: Lucario|0 fnt
|faint|p1a: Lucario
|
|-weather|Sandstorm|[upkeep]
|c|âarnyyr|lol
|c|âarnyyr|why?
|c|âgyarad0site|i kind of needed
|c|âgyarad0site|a hammer arm
|c|âarnyyr|lol
|c|âarnyyr|fake out ?
|c|âarnyyr|u didnt need it
|
|switch|p1a: Lopunny|Lopunny, F, shiny|238\/271
|-damage|p1a: Lopunny|205\/271|[from] Stealth Rock
|turn|25
|
|switch|p2a: Landorus-Therian|Landorus-Therian, M|168\/367 tox
|-damage|p2a: Landorus-Therian|123\/367 tox|[from] Stealth Rock
|-ability|p2a: Landorus-Therian|Intimidate|[of] p1a: Lopunny
|-unboost|p1a: Lopunny|atk|1
|detailschange|p1a: Lopunny|Lopunny-Mega, F, shiny
|-mega|p1a: Lopunny|Lopunny|Lopunnite
|move|p1a: Lopunny|Power-Up Punch|p2a: Landorus-Therian
|-resisted|p2a: Landorus-Therian
|-damage|p2a: Landorus-Therian|105\/367 tox
|-boost|p1a: Lopunny|atk|1
|
|-weather|none
|-heal|p2a: Landorus-Therian|127\/367 tox|[from] item: Leftovers
|-damage|p2a: Landorus-Therian|105\/367 tox|[from] psn
|turn|26
|c|âarnyyr|non fake out lopunny imo is bad
|c|âgyarad0site|because no fake out
|c|âarnyyr|but imo
|c|âarnyyr|yeah i knew when u said ti
|c|âarnyyr|since u couldnt boost cause of intimidate
|
|move|p1a: Lopunny|Frustration|p2a: Landorus-Therian
|-damage|p2a: Landorus-Therian|0 fnt
|faint|p2a: Landorus-Therian
|
|c|âarnyyr|i send lando
|
|switch|p2a: Clefable|Clefable, M|264\/394
|turn|27
|c|âarnyyr|dont crit
|
|switch|p1a: Celebi|Celebi|237\/404
|-damage|p1a: Celebi|187\/404|[from] Stealth Rock
|move|p2a: Clefable|Thunder Wave|p1a: Celebi
|-status|p1a: Celebi|par
|
|-heal|p1a: Celebi|212\/404 par|[from] item: Leftovers
|turn|28
|
|switch|p2a: Tornadus-Therian|Tornadus-Therian, M|183\/299
|-damage|p2a: Tornadus-Therian|109\/299|[from] Stealth Rock
|cant|p1a: Celebi|par
|
|-heal|p1a: Celebi|237\/404 par|[from] item: Leftovers
|turn|29
|
|switch|p1a: Zapdos|Zapdos|171\/384
|-damage|p1a: Zapdos|75\/384|[from] Stealth Rock
|-ability|p1a: Zapdos|Pressure
|move|p2a: Tornadus-Therian|Knock Off|p1a: Zapdos
|-damage|p1a: Zapdos|0 fnt
|-enditem|p1a: Zapdos|Leftovers|[from] move: Knock Off|[of] p2a: Tornadus-Therian
|-damage|p2a: Tornadus-Therian|80\/299|[from] item: Life Orb
|faint|p1a: Zapdos
|
|c|âarnyyr|damn
|
|switch|p1a: Lopunny|Lopunny-Mega, F, shiny|205\/271
|-damage|p1a: Lopunny|189\/271|[from] Stealth Rock
|turn|30
|c|âarnyyr|i think i choked
|c|âgyarad0site|n
|c|âarnyyr|y
|
|move|p1a: Lopunny|Frustration|p2a: Tornadus-Therian
|-damage|p2a: Tornadus-Therian|0 fnt
|faint|p2a: Tornadus-Therian
|
|
|switch|p2a: Clefable|Clefable, M|264\/394
|turn|31
|c|âarnyyr|what are u thinking?
|
|switch|p1a: Celebi|Celebi|237\/404
|-damage|p1a: Celebi|187\/404|[from] Stealth Rock
|switch|p2a: Metagross|Metagross-Mega|144\/301
|-damage|p2a: Metagross|126\/301|[from] Stealth Rock
|
|-heal|p1a: Celebi|212\/404|[from] item: Leftovers
|turn|32
|c|âgyarad0site|thinkin i lose'd
|c|âarnyyr|yeah unless crit
|
|move|p2a: Metagross|Ice Punch|p1a: Celebi
|-supereffective|p1a: Celebi
|-damage|p1a: Celebi|0 fnt
|faint|p1a: Celebi
|
|c|âarnyyr|would have been easy without the sd bp
|
|switch|p1a: Lopunny|Lopunny-Mega, F, shiny|189\/271
|-damage|p1a: Lopunny|173\/271|[from] Stealth Rock
|turn|33
|c|âgyarad0site|what do you mean?
|
|move|p1a: Lopunny|High Jump Kick|p2a: Metagross
|-damage|p2a: Metagross|0 fnt
|faint|p2a: Metagross
|
|c|âarnyyr|clef was the win con
|c|âarnyyr|since when luke was gone i won
|c|âarnyyr|but sd celebi could stay in and seed bomb me
|c|âarnyyr|and i dont know the calc
|c|âarnyyr|but even with the cm boosts it was hard to kill it
|c|âgyarad0site|mm truu
|c|âarnyyr|and twaving wasnt a good plan
|
|switch|p2a: Clefable|Clefable, M|264\/394
|turn|34
|c|âarnyyr|because u could pass boosts freely
|c|âarnyyr|slower baton pass
|c|âarnyyr|gg
|c|âgyarad0site|gg
|
|move|p1a: Lopunny|Frustration|p2a: Clefable
|-damage|p2a: Clefable|84\/394
|move|p2a: Clefable|Moonblast|p1a: Lopunny
|-supereffective|p1a: Lopunny
|-damage|p1a: Lopunny|0 fnt
|faint|p1a: Lopunny
|
|win|arnyyr
|raw|Ladder updating...
|raw|gyarad0site's rating: 1625 &rarr; <strong>1595<\/strong><br \/>(-30 for losing)
|raw|arnyyr's rating: 1423 &rarr; <strong>1453<\/strong><br \/>(+30 for winning)