|join|arnyyr
|join|AUREO
|player|p1|arnyyr|211
|player|p2|AUREO|145
|gametype|singles
|gen|6
|tier|OU
|rated
|clearpoke
|poke|p1|Infernape, F
|poke|p1|Keldeo
|poke|p1|Thundurus, M
|poke|p1|Metagross
|poke|p1|Bisharp, F
|poke|p1|Dragonite, F
|poke|p2|Chandelure, F
|poke|p2|Bisharp, F
|poke|p2|Metagross
|poke|p2|Serperior, F
|poke|p2|Cresselia, F
|poke|p2|Heatran, M
|rule|Swagger Clause: Swagger is banned
|rule|Baton Pass Clause: Limit one PokÃ©mon knowing Baton Pass
|rule|Sleep Clause Mod: Limit one foe put to sleep
|rule|Species Clause: Limit one of each PokÃ©mon
|rule|OHKO Clause: OHKO moves are banned
|rule|Moody Clause: Moody is banned
|rule|Evasion Moves Clause: Evasion moves are banned
|rule|Endless Battle Clause: Forcing endless battles is banned
|rule|HP Percentage Mod: HP is shown in percentages
|teampreview
|c|âarnyyr|gl
|c|âarnyyr|hf
|
|start
|switch|p1a: Infernape|Infernape, F|355\/355
|switch|p2a: Chandelure|Chandelure, F|261\/261
|turn|1
|
|move|p2a: Chandelure|Shadow Ball|p1a: Infernape
|-damage|p1a: Infernape|147\/355
|move|p1a: Infernape|Stealth Rock|p2a: Chandelure
|-sidestart|p2: AUREO|move: Stealth Rock
|
|turn|2
|
|move|p2a: Chandelure|Shadow Ball|p1a: Infernape
|-damage|p1a: Infernape|0 fnt
|faint|p1a: Infernape
|
|
|switch|p1a: Bisharp|Bisharp, F|271\/271
|turn|3
|c|âarnyyr|i have low kick
|
|switch|p2a: Heatran|Heatran, M|386\/386
|-damage|p2a: Heatran|338\/386|[from] Stealth Rock
|move|p1a: Bisharp|Knock Off|p2a: Heatran
|-damage|p2a: Heatran|147\/386
|-enditem|p2a: Heatran|Leftovers|[from] move: Knock Off|[of] p1a: Bisharp
|-damage|p1a: Bisharp|244\/271|[from] item: Life Orb
|
|turn|4
|
|switch|p1a: Thundurus|Thundurus, M|299\/299
|move|p2a: Heatran|Stealth Rock|p1a: Thundurus
|-sidestart|p1: arnyyr|move: Stealth Rock
|
|turn|5
|c|âAUREO|fuck u and ur low kick
|c|âarnyyr|hey
|c|âarnyyr|calm down
|c|âarnyyr|pls
|c|âAUREO|just play
|c|âarnyyr|vale amijo
|
|move|p1a: Thundurus|Superpower|p2a: Heatran
|-supereffective|p2a: Heatran
|-damage|p2a: Heatran|0 fnt
|-unboost|p1a: Thundurus|atk|1
|-unboost|p1a: Thundurus|def|1
|-damage|p1a: Thundurus|270\/299|[from] item: Life Orb
|faint|p2a: Heatran
|
|c|âarnyyr|https:\/\/www.youtube.com\/watch?v=6LLk8R1AMhk
|c|âarnyyr|for u
|c|âarnyyr|tp calm down
|
|switch|p2a: Chandelure|Chandelure, F|261\/261
|-damage|p2a: Chandelure|196\/261|[from] Stealth Rock
|turn|6
|
|switch|p1a: Dragonite|Dragonite, F|323\/323
|-damage|p1a: Dragonite|243\/323|[from] Stealth Rock
|move|p2a: Chandelure|Shadow Ball|p1a: Dragonite
|-damage|p1a: Dragonite|96\/323
|
|turn|7
|c|âarnyyr|do u like it
|c|âarnyyr|bro?
|c|âAUREO|not
|c|âarnyyr|y?
|
|move|p2a: Chandelure|Shadow Ball|p1a: Dragonite
|-damage|p1a: Dragonite|0 fnt
|faint|p1a: Dragonite
|
|c|âAUREO|i like pink froyd
|c|âAUREO|marijuana
|
|switch|p1a: Bisharp|Bisharp, F|244\/271
|-damage|p1a: Bisharp|228\/271|[from] Stealth Rock
|turn|8
|c|âarnyyr|FROYD?
|c|âarnyyr|ahahahhh
|c|âarnyyr|go sharp
|
|move|p2a: Chandelure|Shadow Ball|p1a: Bisharp
|-resisted|p1a: Bisharp
|-damage|p1a: Bisharp|118\/271
|move|p1a: Bisharp|Knock Off|p2a: Chandelure
|-supereffective|p2a: Chandelure
|-damage|p2a: Chandelure|0 fnt
|-enditem|p2a: Chandelure|Choice Scarf|[from] move: Knock Off|[of] p1a: Bisharp
|-damage|p1a: Bisharp|91\/271|[from] item: Life Orb
|faint|p2a: Chandelure
|
|c|âAUREO|like ass of ur mother
|c|âAUREO|too
|c|âarnyyr|hehehehehehe
|c|âarnyyr|is fun
|
|switch|p2a: Metagross|Metagross|301\/301
|-damage|p2a: Metagross|283\/301|[from] Stealth Rock
|turn|9
|
|switch|p2a: Bisharp|Bisharp, F|271\/271
|-damage|p2a: Bisharp|255\/271|[from] Stealth Rock
|move|p1a: Bisharp|Knock Off|p2a: Bisharp
|-resisted|p2a: Bisharp
|-damage|p2a: Bisharp|150\/271
|-enditem|p2a: Bisharp|Life Orb|[from] move: Knock Off|[of] p1a: Bisharp
|-damage|p1a: Bisharp|64\/271|[from] item: Life Orb
|
|turn|10
|c|âarnyyr|i have sucker punch
|
|switch|p1a: Keldeo|Keldeo|323\/323
|-damage|p1a: Keldeo|303\/323|[from] Stealth Rock
|move|p2a: Bisharp|Knock Off|p1a: Keldeo
|-crit|p1a: Keldeo
|-resisted|p1a: Keldeo
|-damage|p1a: Keldeo|159\/323
|-boost|p1a: Keldeo|atk|1|[from] ability: Justified
|-enditem|p1a: Keldeo|Choice Specs|[from] move: Knock Off|[of] p2a: Bisharp
|
|turn|11
|c|âarnyyr|ah
|c|âarnyyr|the crit
|c|âarnyyr|now u can win
|
|move|p2a: Bisharp|Sucker Punch|p1a: Keldeo
|-resisted|p1a: Keldeo
|-damage|p1a: Keldeo|72\/323
|-boost|p1a: Keldeo|atk|1|[from] ability: Justified
|move|p1a: Keldeo|Secret Sword|p2a: Bisharp
|-supereffective|p2a: Bisharp
|-damage|p2a: Bisharp|0 fnt
|faint|p2a: Bisharp
|
|c|âAUREO|i will win
|c|âarnyyr|thanks for the boosts
|c|âarnyyr|ofv
|c|âarnyyr|ofc
|c|âarnyyr|u will
|
|switch|p2a: Serperior|Serperior, F|291\/291
|-damage|p2a: Serperior|255\/291|[from] Stealth Rock
|turn|12
|
|move|p2a: Serperior|Leaf Storm|p1a: Keldeo
|-supereffective|p1a: Keldeo
|-damage|p1a: Keldeo|0 fnt
|-boost|p2a: Serperior|spa|2
|faint|p1a: Keldeo
|
|
|switch|p1a: Thundurus|Thundurus, M|270\/299
|-damage|p1a: Thundurus|196\/299|[from] Stealth Rock
|turn|13
|
|move|p1a: Thundurus|Thunder Wave|p2a: Serperior
|-status|p2a: Serperior|par
|move|p2a: Serperior|Leaf Storm|p1a: Thundurus
|-resisted|p1a: Thundurus
|-damage|p1a: Thundurus|0 fnt
|-boost|p2a: Serperior|spa|2
|faint|p1a: Thundurus
|
|c|âarnyyr|are u reallly choice specs
|c|âarnyyr|lol
|
|switch|p1a: Metagross|Metagross|301\/301
|-damage|p1a: Metagross|283\/301|[from] Stealth Rock
|turn|14
|c|âAUREO|i never lose
|c|âarnyyr|really
|c|âarnyyr|?
|
|detailschange|p1a: Metagross|Metagross-Mega
|-mega|p1a: Metagross|Metagross|Metagrossite
|move|p1a: Metagross|Ice Punch|p2a: Serperior
|-supereffective|p2a: Serperior
|-damage|p2a: Serperior|0 fnt
|faint|p2a: Serperior
|
|c|âAUREO|yes
|c|âarnyyr|what a great player so
|
|switch|p2a: Cresselia|Cresselia, F|443\/443
|-damage|p2a: Cresselia|388\/443|[from] Stealth Rock
|turn|15
|c|âAUREO|yes
|c|âAUREO|:)
|
|move|p1a: Metagross|Meteor Mash|p2a: Cresselia
|-damage|p2a: Cresselia|238\/443
|move|p2a: Cresselia|Thunder Wave|p1a: Metagross
|-status|p1a: Metagross|par
|
|-heal|p2a: Cresselia|265\/443|[from] item: Leftovers
|turn|16
|
|move|p2a: Cresselia|Moonlight|p2a: Cresselia
|-heal|p2a: Cresselia|443\/443
|move|p1a: Metagross|Meteor Mash|p2a: Cresselia
|-damage|p2a: Cresselia|275\/443
|
|-heal|p2a: Cresselia|302\/443|[from] item: Leftovers
|turn|17
|
|move|p2a: Cresselia|Moonlight|p2a: Cresselia
|-heal|p2a: Cresselia|443\/443
|cant|p1a: Metagross|par
|
|turn|18
|
|switch|p2a: Metagross|Metagross|283\/301
|-damage|p2a: Metagross|265\/301|[from] Stealth Rock
|cant|p1a: Metagross|par
|
|turn|19
|c|âarnyyr|nice hax dude
|c|âarnyyr|AGAIN
|c|âAUREO|hax
|c|âAUREO|sure
|c|âarnyyr|ofc u never lose
|c|âAUREO|u are noob man
|c|âarnyyr|lol
|c|âarnyyr|u haxed me
|
|detailschange|p2a: Metagross|Metagross-Mega
|-mega|p2a: Metagross|Metagross|Metagrossite
|move|p2a: Metagross|Earthquake|p1a: Metagross
|-supereffective|p1a: Metagross
|-damage|p1a: Metagross|87\/301 par
|move|p1a: Metagross|Earthquake|p2a: Metagross
|-supereffective|p2a: Metagross
|-damage|p2a: Metagross|75\/301
|
|turn|20
|c|âarnyyr|and u wouldnt had won
|c|âAUREO|whare ?
|c|âarnyyr|without that
|c|âarnyyr|but w\/e
|c|âAUREO|had my dick
|c|âarnyyr|lol
|
|move|p2a: Metagross|Earthquake|p1a: Metagross
|-supereffective|p1a: Metagross
|-damage|p1a: Metagross|0 fnt
|faint|p1a: Metagross
|
|c|âarnyyr|but u know what u are saying?
|c|âAUREO|u like my dick
|c|âAUREO|kkkkkkkkkkk
|
|switch|p1a: Bisharp|Bisharp, F|64\/271
|-damage|p1a: Bisharp|48\/271|[from] Stealth Rock
|turn|21
|
|move|p2a: Metagross|Bullet Punch|p1a: Bisharp
|-resisted|p1a: Bisharp
|-damage|p1a: Bisharp|0 fnt
|faint|p1a: Bisharp
|
|win|AUREO
|raw|Ladder updating...
|raw|arnyyr's rating: 1536 &rarr; <strong>1519<\/strong><br \/>(-17 for losing)
|raw|AUREO's rating: 1594 &rarr; <strong>1610<\/strong><br \/>(+16 for winning)
|c|âAUREO|can u see
|c|âarnyyr|i can see how u haxed me
|c|âarnyyr|dude
|c|âAUREO|man
|c|âarnyyr|and be honest and say u did
|c|âAUREO|i will share that
|c|âarnyyr|k
|c|âAUREO|for u see and remmeber
|c|âAUREO|dant have hax
|c|âAUREO|u see again
|c|âAUREO|the battle
|c|âAUREO|i will share