|join|arnyyr
|join|ota666
|player|p1|arnyyr|211
|player|p2|ota666|1
|gametype|singles
|gen|6
|tier|OU
|rated
|clearpoke
|poke|p1|Rotom-Wash
|poke|p1|Clefable, F
|poke|p1|Metagross
|poke|p1|Keldeo
|poke|p1|Landorus-Therian, M
|poke|p1|Tornadus-Therian, M
|poke|p2|Lopunny, M
|poke|p2|Skarmory, F
|poke|p2|Breloom, F
|poke|p2|Azumarill, F
|poke|p2|Bisharp, M
|poke|p2|Gengar, F
|rule|Swagger Clause: Swagger is banned
|rule|Baton Pass Clause: Limit one PokÃ©mon knowing Baton Pass
|rule|Sleep Clause Mod: Limit one foe put to sleep
|rule|Species Clause: Limit one of each PokÃ©mon
|rule|OHKO Clause: OHKO moves are banned
|rule|Moody Clause: Moody is banned
|rule|Evasion Moves Clause: Evasion moves are banned
|rule|Endless Battle Clause: Forcing endless battles is banned
|rule|HP Percentage Mod: HP is shown in percentages
|teampreview
|
|start
|switch|p1a: Tornadus-Therian|Tornadus-Therian, M|299\/299
|switch|p2a: Breloom|Breloom, F|261\/261
|turn|1
|join|jpraffo
|leave|jpraffo
|
|move|p1a: Tornadus-Therian|Heat Wave|p2a: Breloom
|-supereffective|p2a: Breloom
|-enditem|p2a: Breloom|Focus Sash
|-damage|p2a: Breloom|1\/261
|-damage|p1a: Tornadus-Therian|270\/299|[from] item: Life Orb
|move|p2a: Breloom|Rock Tomb|p1a: Tornadus-Therian
|-supereffective|p1a: Tornadus-Therian
|-damage|p1a: Tornadus-Therian|0 fnt
|faint|p1a: Tornadus-Therian
|
|
|switch|p1a: Metagross|Metagross|301\/301
|turn|2
|
|detailschange|p1a: Metagross|Metagross-Mega
|-mega|p1a: Metagross|Metagross|Metagrossite
|move|p1a: Metagross|Bullet Punch|p2a: Breloom
|-damage|p2a: Breloom|0 fnt
|faint|p2a: Breloom
|
|
|switch|p2a: Gengar|Gengar, F|261\/261
|turn|3
|
|move|p1a: Metagross|Zen Headbutt|p2a: Gengar|[miss]
|-miss|p1a: Metagross|p2a: Gengar
|move|p2a: Gengar|Shadow Ball|p1a: Metagross
|-supereffective|p1a: Metagross
|-damage|p1a: Metagross|0 fnt
|-damage|p2a: Gengar|235\/261|[from] item: Life Orb
|faint|p1a: Metagross
|
|c|âarnyyr|nice and haxed
|
|switch|p1a: Rotom-Wash|Rotom-Wash|304\/304
|turn|4
|
|move|p2a: Gengar|Shadow Ball|p1a: Rotom-Wash
|-damage|p1a: Rotom-Wash|135\/304
|-damage|p2a: Gengar|209\/261|[from] item: Life Orb
|move|p1a: Rotom-Wash|Pain Split|p2a: Gengar
|-sethp|p2a: Gengar|172\/261|p1a: Rotom-Wash|172\/304|[from] move: Pain Split
|
|-heal|p1a: Rotom-Wash|191\/304|[from] item: Leftovers
|turn|5
|
|move|p2a: Gengar|Shadow Ball|p1a: Rotom-Wash
|-damage|p1a: Rotom-Wash|3\/304
|-damage|p2a: Gengar|146\/261|[from] item: Life Orb
|move|p1a: Rotom-Wash|Hydro Pump|p2a: Gengar
|-damage|p2a: Gengar|0 fnt
|faint|p2a: Gengar
|
|-heal|p1a: Rotom-Wash|22\/304|[from] item: Leftovers
|
|switch|p2a: Lopunny|Lopunny, M|271\/271
|turn|6
|
|switch|p1a: Landorus-Therian|Landorus-Therian, M|367\/367
|-ability|p1a: Landorus-Therian|Intimidate|[of] p2a: Lopunny
|-unboost|p2a: Lopunny|atk|1
|detailschange|p2a: Lopunny|Lopunny-Mega, M
|-mega|p2a: Lopunny|Lopunny|Lopunnite
|move|p2a: Lopunny|Ice Punch|p1a: Landorus-Therian
|-supereffective|p1a: Landorus-Therian
|-damage|p1a: Landorus-Therian|175\/367
|
|-heal|p1a: Landorus-Therian|197\/367|[from] item: Leftovers
|turn|7
|
|switch|p1a: Clefable|Clefable, F|394\/394
|move|p2a: Lopunny|Ice Punch|p1a: Clefable
|-damage|p1a: Clefable|339\/394
|
|-heal|p1a: Clefable|363\/394|[from] item: Leftovers
|turn|8
|
|switch|p2a: Bisharp|Bisharp, M|272\/272
|move|p1a: Clefable|Thunder Wave|p2a: Bisharp
|-status|p2a: Bisharp|par
|
|-heal|p1a: Clefable|387\/394|[from] item: Leftovers
|turn|9
|
|switch|p1a: Keldeo|Keldeo|323\/323
|move|p2a: Bisharp|Iron Head|p1a: Keldeo
|-resisted|p1a: Keldeo
|-damage|p1a: Keldeo|214\/323
|-damage|p2a: Bisharp|245\/272 par|[from] item: Life Orb
|
|-heal|p1a: Keldeo|234\/323|[from] item: Leftovers
|turn|10
|
|switch|p2a: Azumarill|Azumarill, F|358\/358
|move|p1a: Keldeo|Scald|p2a: Azumarill
|-resisted|p2a: Azumarill
|-damage|p2a: Azumarill|274\/358
|
|-heal|p1a: Keldeo|254\/323|[from] item: Leftovers
|turn|11
|
|move|p1a: Keldeo|Substitute|p1a: Keldeo
|-start|p1a: Keldeo|Substitute
|-damage|p1a: Keldeo|174\/323
|move|p2a: Azumarill|Play Rough|p1a: Keldeo
|-supereffective|p1a: Keldeo
|-end|p1a: Keldeo|Substitute
|
|-heal|p1a: Keldeo|194\/323|[from] item: Leftovers
|turn|12
|
|switch|p1a: Landorus-Therian|Landorus-Therian, M|197\/367
|-ability|p1a: Landorus-Therian|Intimidate|[of] p2a: Azumarill
|-unboost|p2a: Azumarill|atk|1
|move|p2a: Azumarill|Play Rough|p1a: Landorus-Therian
|-damage|p1a: Landorus-Therian|91\/367
|
|-heal|p1a: Landorus-Therian|113\/367|[from] item: Leftovers
|turn|13
|
|move|p1a: Landorus-Therian|U-turn|p2a: Azumarill
|-resisted|p2a: Azumarill
|-damage|p2a: Azumarill|229\/358
|
|switch|p1a: Rotom-Wash|Rotom-Wash|22\/304
|move|p2a: Azumarill|Play Rough|p1a: Rotom-Wash
|-damage|p1a: Rotom-Wash|0 fnt
|faint|p1a: Rotom-Wash
|
|
|switch|p1a: Clefable|Clefable, F|387\/394
|turn|14
|
|move|p2a: Azumarill|Belly Drum|p2a: Azumarill
|-damage|p2a: Azumarill|50\/358
|-setboost|p2a: Azumarill|atk|6|[from] move: Belly Drum
|-enditem|p2a: Azumarill|Sitrus Berry|[eat]
|-heal|p2a: Azumarill|139\/358|[from] item: Sitrus Berry
|move|p1a: Clefable|Thunder Wave|p2a: Azumarill
|-status|p2a: Azumarill|par
|
|-heal|p1a: Clefable|394\/394|[from] item: Leftovers
|turn|15
|
|move|p1a: Clefable|Moonblast|p2a: Azumarill
|-damage|p2a: Azumarill|13\/358 par
|move|p2a: Azumarill|Knock Off|p1a: Clefable
|-resisted|p1a: Clefable
|-damage|p1a: Clefable|146\/394
|-enditem|p1a: Clefable|Leftovers|[from] move: Knock Off|[of] p2a: Azumarill
|
|turn|16
|
|switch|p1a: Landorus-Therian|Landorus-Therian, M|113\/367
|-ability|p1a: Landorus-Therian|Intimidate|[of] p2a: Azumarill
|-unboost|p2a: Azumarill|atk|1
|cant|p2a: Azumarill|par
|
|-heal|p1a: Landorus-Therian|135\/367|[from] item: Leftovers
|turn|17
|
|move|p2a: Azumarill|Aqua Jet|p1a: Landorus-Therian
|-supereffective|p1a: Landorus-Therian
|-damage|p1a: Landorus-Therian|0 fnt
|faint|p1a: Landorus-Therian
|
|
|switch|p1a: Keldeo|Keldeo|194\/323
|turn|18
|
|move|p2a: Azumarill|Aqua Jet|p1a: Keldeo
|-resisted|p1a: Keldeo
|-damage|p1a: Keldeo|28\/323
|move|p1a: Keldeo|Substitute|p1a: Keldeo
|-fail|p1a: Keldeo|move: Substitute|[weak]
|
|-heal|p1a: Keldeo|48\/323|[from] item: Leftovers
|turn|19
|
|cant|p2a: Azumarill|par
|move|p1a: Keldeo|Scald|p2a: Azumarill
|-resisted|p2a: Azumarill
|-damage|p2a: Azumarill|0 fnt
|faint|p2a: Azumarill
|
|-heal|p1a: Keldeo|68\/323|[from] item: Leftovers
|
|switch|p2a: Lopunny|Lopunny-Mega, M|271\/271
|turn|20
|
|move|p2a: Lopunny|Return|p1a: Keldeo
|-damage|p1a: Keldeo|0 fnt
|faint|p1a: Keldeo
|
|-message|arnyyr lost due to inactivity.
|
|win|ota666
|raw|Ladder updating...
|raw|arnyyr's rating: 1453 &rarr; <strong>1431<\/strong><br \/>(-22 for losing)
|raw|ota666's rating: 1413 &rarr; <strong>1436<\/strong><br \/>(+23 for winning)