|join|arnyyr
|join|disbain
|player|p1|arnyyr|211
|player|p2|disbain|102
|gametype|singles
|gen|6
|tier|OU
|rated
|clearpoke
|poke|p1|Charizard, F
|poke|p1|Ferrothorn, F
|poke|p1|Gliscor, F
|poke|p1|Starmie
|poke|p1|Tyranitar, F
|poke|p1|Clefable, F
|poke|p2|Venusaur, F
|poke|p2|Azumarill, F
|poke|p2|Heatran, F
|poke|p2|Latios, M
|poke|p2|Landorus-Therian, M
|poke|p2|Sableye, F
|rule|Swagger Clause: Swagger is banned
|rule|Baton Pass Clause: Limit one PokÃ©mon knowing Baton Pass
|rule|Sleep Clause Mod: Limit one foe put to sleep
|rule|Species Clause: Limit one of each PokÃ©mon
|rule|OHKO Clause: OHKO moves are banned
|rule|Moody Clause: Moody is banned
|rule|Evasion Moves Clause: Evasion moves are banned
|rule|Endless Battle Clause: Forcing endless battles is banned
|rule|HP Percentage Mod: HP is shown in percentages
|teampreview
|
|start
|switch|p1a: Ferrothorn|Ferrothorn, F|352\/352
|switch|p2a: Landorus-Therian|Landorus-Therian, M|319\/319
|-ability|p2a: Landorus-Therian|Intimidate|[of] p1a: Ferrothorn
|-unboost|p1a: Ferrothorn|atk|1
|turn|1
|
|move|p2a: Landorus-Therian|U-turn|p1a: Ferrothorn
|-damage|p1a: Ferrothorn|292\/352
|-damage|p2a: Landorus-Therian|280\/319|[from] ability: Iron Barbs|[of] p1a: Ferrothorn
|
|switch|p2a: Heatran|Heatran, F|386\/386
|move|p1a: Ferrothorn|Stealth Rock|p2a: Heatran
|-sidestart|p2: disbain|move: Stealth Rock
|
|-heal|p1a: Ferrothorn|314\/352|[from] item: Leftovers
|turn|2
|
|switch|p1a: Charizard|Charizard, F|297\/297
|move|p2a: Heatran|Stealth Rock|p1a: Charizard
|-sidestart|p1: arnyyr|move: Stealth Rock
|
|turn|3
|
|detailschange|p1a: Charizard|Charizard-Mega-Y, F
|-mega|p1a: Charizard|Charizard|Charizardite Y
|-weather|SunnyDay
|move|p2a: Heatran|Protect|p2a: Heatran
|-singleturn|p2a: Heatran|Protect
|move|p1a: Charizard|Flamethrower|p2a: Heatran
|-activate|p2a: Heatran|Protect
|
|-weather|SunnyDay|[upkeep]
|turn|4
|
|move|p1a: Charizard|Focus Blast|p2a: Heatran|[miss]
|-miss|p1a: Charizard|p2a: Heatran
|move|p2a: Heatran|Toxic|p1a: Charizard
|-status|p1a: Charizard|tox
|
|-weather|SunnyDay|[upkeep]
|-damage|p1a: Charizard|279\/297 tox|[from] psn
|turn|5
|
|switch|p1a: Gliscor|Gliscor, F|354\/354
|-damage|p1a: Gliscor|310\/354|[from] Stealth Rock
|move|p2a: Heatran|Protect|p2a: Heatran
|-fail|p2a: Heatran
|
|-weather|SunnyDay|[upkeep]
|-status|p1a: Gliscor|tox|[from] item: Toxic Orb
|turn|6
|
|switch|p2a: Landorus-Therian|Landorus-Therian, M|280\/319
|-damage|p2a: Landorus-Therian|241\/319|[from] Stealth Rock
|-ability|p2a: Landorus-Therian|Intimidate|[of] p1a: Gliscor
|-unboost|p1a: Gliscor|atk|1
|move|p1a: Gliscor|Knock Off|p2a: Landorus-Therian
|-damage|p2a: Landorus-Therian|189\/319
|-enditem|p2a: Landorus-Therian|Choice Scarf|[from] move: Knock Off|[of] p1a: Gliscor
|
|-weather|SunnyDay|[upkeep]
|-heal|p1a: Gliscor|354\/354 tox|[from] ability: Poison Heal
|turn|7
|
|move|p2a: Landorus-Therian|Hidden Power|p1a: Gliscor
|-supereffective|p1a: Gliscor
|-damage|p1a: Gliscor|114\/354 tox
|move|p1a: Gliscor|Knock Off|p2a: Landorus-Therian
|-damage|p2a: Landorus-Therian|151\/319
|
|-weather|none
|-heal|p1a: Gliscor|158\/354 tox|[from] ability: Poison Heal
|turn|8
|
|switch|p1a: Ferrothorn|Ferrothorn, F|314\/352
|-damage|p1a: Ferrothorn|292\/352|[from] Stealth Rock
|move|p2a: Landorus-Therian|Hidden Power|p1a: Ferrothorn
|-damage|p1a: Ferrothorn|257\/352
|
|-heal|p1a: Ferrothorn|279\/352|[from] item: Leftovers
|turn|9
|
|switch|p2a: Venusaur|Venusaur, F|364\/364
|-damage|p2a: Venusaur|319\/364|[from] Stealth Rock
|switch|p1a: Gliscor|Gliscor, F|158\/354 tox
|-damage|p1a: Gliscor|114\/354 tox|[from] Stealth Rock
|
|-heal|p1a: Gliscor|158\/354 tox|[from] ability: Poison Heal
|turn|10
|
|detailschange|p2a: Venusaur|Venusaur-Mega, F
|-mega|p2a: Venusaur|Venusaur|Venusaurite
|move|p1a: Gliscor|Roost|p1a: Gliscor
|-heal|p1a: Gliscor|335\/354 tox
|move|p2a: Venusaur|Giga Drain|p1a: Gliscor
|-supereffective|p1a: Gliscor
|-damage|p1a: Gliscor|87\/354 tox
|-heal|p2a: Venusaur|364\/364|[from] drain|[of] p1a: Gliscor
|
|-heal|p1a: Gliscor|131\/354 tox|[from] ability: Poison Heal
|turn|11
|
|switch|p1a: Ferrothorn|Ferrothorn, F|279\/352
|-damage|p1a: Ferrothorn|257\/352|[from] Stealth Rock
|move|p2a: Venusaur|Giga Drain|p1a: Ferrothorn
|-resisted|p1a: Ferrothorn
|-damage|p1a: Ferrothorn|238\/352
|
|-heal|p1a: Ferrothorn|260\/352|[from] item: Leftovers
|turn|12
|
|switch|p1a: Charizard|Charizard-Mega-Y, F|279\/297 tox
|-damage|p1a: Charizard|131\/297 tox|[from] Stealth Rock
|-weather|SunnyDay
|move|p2a: Venusaur|Hidden Power|p1a: Charizard
|-resisted|p1a: Charizard
|-damage|p1a: Charizard|95\/297 tox
|
|-weather|SunnyDay|[upkeep]
|-damage|p1a: Charizard|77\/297 tox|[from] psn
|turn|13
|
|switch|p2a: Heatran|Heatran, F|386\/386
|-damage|p2a: Heatran|338\/386|[from] Stealth Rock
|move|p1a: Charizard|Flamethrower|p2a: Heatran
|-start|p2a: Heatran|ability: Flash Fire
|
|-weather|SunnyDay|[upkeep]
|-heal|p2a: Heatran|362\/386|[from] item: Leftovers
|-damage|p1a: Charizard|41\/297 tox|[from] psn
|turn|14
|
|move|p2a: Heatran|Protect|p2a: Heatran
|-singleturn|p2a: Heatran|Protect
|move|p1a: Charizard|Roost|p1a: Charizard
|-heal|p1a: Charizard|190\/297 tox
|
|-weather|SunnyDay|[upkeep]
|-heal|p2a: Heatran|386\/386|[from] item: Leftovers
|-damage|p1a: Charizard|136\/297 tox|[from] psn
|turn|15
|
|switch|p1a: Starmie|Starmie|323\/323
|-damage|p1a: Starmie|283\/323|[from] Stealth Rock
|switch|p2a: Sableye|Sableye, F|304\/304
|-damage|p2a: Sableye|266\/304|[from] Stealth Rock
|
|-weather|SunnyDay|[upkeep]
|-heal|p1a: Starmie|303\/323|[from] item: Leftovers
|-heal|p2a: Sableye|285\/304|[from] item: Leftovers
|turn|16
|
|move|p1a: Starmie|Scald|p2a: Sableye
|-damage|p2a: Sableye|222\/304
|move|p2a: Sableye|Knock Off|p1a: Starmie
|-supereffective|p1a: Starmie
|-damage|p1a: Starmie|97\/323
|-enditem|p1a: Starmie|Leftovers|[from] move: Knock Off|[of] p2a: Sableye
|
|-weather|none
|-heal|p2a: Sableye|241\/304|[from] item: Leftovers
|turn|17
|
|move|p2a: Sableye|Will-O-Wisp|p1a: Starmie
|-status|p1a: Starmie|brn
|move|p1a: Starmie|Recover|p1a: Starmie
|-heal|p1a: Starmie|259\/323 brn
|
|-heal|p2a: Sableye|260\/304|[from] item: Leftovers
|-damage|p1a: Starmie|219\/323 brn|[from] brn
|turn|18
|
|move|p2a: Sableye|Taunt|p1a: Starmie
|-start|p1a: Starmie|move: Taunt
|move|p1a: Starmie|Scald|p2a: Sableye
|-damage|p2a: Sableye|115\/304
|
|-heal|p2a: Sableye|134\/304|[from] item: Leftovers
|-damage|p1a: Starmie|179\/323 brn|[from] brn
|turn|19
|
|move|p2a: Sableye|Recover|p2a: Sableye
|-heal|p2a: Sableye|286\/304
|move|p1a: Starmie|Scald|p2a: Sableye
|-damage|p2a: Sableye|156\/304
|
|-heal|p2a: Sableye|175\/304|[from] item: Leftovers
|-damage|p1a: Starmie|139\/323 brn|[from] brn
|turn|20
|
|move|p1a: Starmie|Scald|p2a: Sableye
|-damage|p2a: Sableye|34\/304
|-status|p2a: Sableye|brn
|move|p2a: Sableye|Knock Off|p1a: Starmie
|-supereffective|p1a: Starmie
|-damage|p1a: Starmie|65\/323 brn
|
|-heal|p2a: Sableye|53\/304 brn|[from] item: Leftovers
|-damage|p1a: Starmie|25\/323 brn|[from] brn
|-damage|p2a: Sableye|15\/304 brn|[from] brn
|-end|p1a: Starmie|move: Taunt
|turn|21
|
|move|p2a: Sableye|Taunt|p1a: Starmie
|-start|p1a: Starmie|move: Taunt
|cant|p1a: Starmie|move: Taunt|Recover
|
|-heal|p2a: Sableye|34\/304 brn|[from] item: Leftovers
|-damage|p1a: Starmie|0 fnt|[from] brn
|-damage|p2a: Sableye|0 fnt|[from] brn
|faint|p1a: Starmie
|faint|p2a: Sableye
|c|âdisbain|worth
|
|switch|p2a: Venusaur|Venusaur-Mega, F|364\/364
|switch|p1a: Clefable|Clefable, F|394\/394
|-damage|p2a: Venusaur|319\/364|[from] Stealth Rock
|turn|22
|c|âarnyyr|lol
|c|âarnyyr|u had won thematch
|c|âarnyyr|since team preview
|
|move|p2a: Venusaur|Sludge Bomb|p1a: Clefable
|-supereffective|p1a: Clefable
|-damage|p1a: Clefable|170\/394
|move|p1a: Clefable|Thunder Wave|p2a: Venusaur
|-status|p2a: Venusaur|par
|
|-heal|p1a: Clefable|194\/394|[from] item: Leftovers
|turn|23
|
|move|p1a: Clefable|Calm Mind|p1a: Clefable
|-boost|p1a: Clefable|spa|1
|-boost|p1a: Clefable|spd|1
|move|p2a: Venusaur|Sludge Bomb|p1a: Clefable
|-supereffective|p1a: Clefable
|-damage|p1a: Clefable|42\/394
|
|-heal|p1a: Clefable|66\/394|[from] item: Leftovers
|turn|24
|
|move|p1a: Clefable|Soft-Boiled|p1a: Clefable
|-heal|p1a: Clefable|263\/394
|move|p2a: Venusaur|Sludge Bomb|p1a: Clefable
|-supereffective|p1a: Clefable
|-damage|p1a: Clefable|117\/394
|-status|p1a: Clefable|psn
|
|-heal|p1a: Clefable|141\/394 psn|[from] item: Leftovers
|turn|25
|
|move|p1a: Clefable|Soft-Boiled|p1a: Clefable
|-heal|p1a: Clefable|338\/394 psn
|move|p2a: Venusaur|Sludge Bomb|p1a: Clefable
|-supereffective|p1a: Clefable
|-damage|p1a: Clefable|176\/394 psn
|
|-heal|p1a: Clefable|200\/394 psn|[from] item: Leftovers
|turn|26
|
|move|p1a: Clefable|Calm Mind|p1a: Clefable
|-boost|p1a: Clefable|spa|1
|-boost|p1a: Clefable|spd|1
|move|p2a: Venusaur|Sludge Bomb|p1a: Clefable
|-supereffective|p1a: Clefable
|-damage|p1a: Clefable|92\/394 psn
|
|-heal|p1a: Clefable|116\/394 psn|[from] item: Leftovers
|turn|27
|
|move|p1a: Clefable|Soft-Boiled|p1a: Clefable
|-heal|p1a: Clefable|313\/394 psn
|move|p2a: Venusaur|Sludge Bomb|p1a: Clefable
|-supereffective|p1a: Clefable
|-damage|p1a: Clefable|199\/394 psn
|
|-heal|p1a: Clefable|223\/394 psn|[from] item: Leftovers
|turn|28
|
|move|p1a: Clefable|Calm Mind|p1a: Clefable
|-boost|p1a: Clefable|spa|1
|-boost|p1a: Clefable|spd|1
|cant|p2a: Venusaur|par
|
|-heal|p1a: Clefable|247\/394 psn|[from] item: Leftovers
|turn|29
|
|move|p1a: Clefable|Calm Mind|p1a: Clefable
|-boost|p1a: Clefable|spa|1
|-boost|p1a: Clefable|spd|1
|move|p2a: Venusaur|Sludge Bomb|p1a: Clefable
|-supereffective|p1a: Clefable
|-damage|p1a: Clefable|169\/394 psn
|
|-heal|p1a: Clefable|193\/394 psn|[from] item: Leftovers
|turn|30
|
|move|p1a: Clefable|Soft-Boiled|p1a: Clefable
|-heal|p1a: Clefable|390\/394 psn
|move|p2a: Venusaur|Sludge Bomb|p1a: Clefable
|-supereffective|p1a: Clefable
|-damage|p1a: Clefable|318\/394 psn
|
|-heal|p1a: Clefable|342\/394 psn|[from] item: Leftovers
|turn|31
|
|move|p1a: Clefable|Calm Mind|p1a: Clefable
|-boost|p1a: Clefable|spa|1
|-boost|p1a: Clefable|spd|1
|move|p2a: Venusaur|Sludge Bomb|p1a: Clefable
|-supereffective|p1a: Clefable
|-damage|p1a: Clefable|276\/394 psn
|
|-heal|p1a: Clefable|300\/394 psn|[from] item: Leftovers
|turn|32
|
|move|p1a: Clefable|Calm Mind|p1a: Clefable
|-boost|p1a: Clefable|spa|1
|-boost|p1a: Clefable|spd|1
|move|p2a: Venusaur|Sludge Bomb|p1a: Clefable
|-supereffective|p1a: Clefable
|-damage|p1a: Clefable|240\/394 psn
|
|-heal|p1a: Clefable|264\/394 psn|[from] item: Leftovers
|turn|33
|
|move|p1a: Clefable|Moonblast|p2a: Venusaur
|-resisted|p2a: Venusaur
|-damage|p2a: Venusaur|142\/364 par
|move|p2a: Venusaur|Sludge Bomb|p1a: Clefable
|-supereffective|p1a: Clefable
|-damage|p1a: Clefable|204\/394 psn
|
|-heal|p1a: Clefable|228\/394 psn|[from] item: Leftovers
|turn|34
|
|move|p1a: Clefable|Soft-Boiled|p1a: Clefable
|-heal|p1a: Clefable|394\/394 psn
|cant|p2a: Venusaur|par
|
|turn|35
|
|switch|p2a: Heatran|Heatran, F|386\/386
|-damage|p2a: Heatran|338\/386|[from] Stealth Rock
|move|p1a: Clefable|Moonblast|p2a: Heatran
|-resisted|p2a: Heatran
|-damage|p2a: Heatran|264\/386
|-unboost|p2a: Heatran|spa|1
|
|-heal|p2a: Heatran|288\/386|[from] item: Leftovers
|turn|36
|
|move|p2a: Heatran|Lava Plume|p1a: Clefable
|-damage|p1a: Clefable|376\/394 psn
|move|p1a: Clefable|Thunder Wave|p2a: Heatran
|-status|p2a: Heatran|par
|
|-heal|p1a: Clefable|394\/394 psn|[from] item: Leftovers
|-heal|p2a: Heatran|312\/386 par|[from] item: Leftovers
|turn|37
|
|move|p2a: Heatran|Protect|p2a: Heatran
|-singleturn|p2a: Heatran|Protect
|move|p1a: Clefable|Moonblast|p2a: Heatran
|-activate|p2a: Heatran|Protect
|
|-heal|p2a: Heatran|336\/386 par|[from] item: Leftovers
|turn|38
|c|âarnyyr|i dont think was worth
|
|move|p1a: Clefable|Moonblast|p2a: Heatran
|-resisted|p2a: Heatran
|-damage|p2a: Heatran|258\/386 par
|move|p2a: Heatran|Lava Plume|p1a: Clefable
|-damage|p1a: Clefable|375\/394 psn
|
|-heal|p1a: Clefable|394\/394 psn|[from] item: Leftovers
|-heal|p2a: Heatran|282\/386 par|[from] item: Leftovers
|turn|39
|c|âdisbain|i will just stall you out of PP
|c|âdisbain|lol
|c|âarnyyr|k
|
|move|p2a: Heatran|Protect|p2a: Heatran
|-singleturn|p2a: Heatran|Protect
|move|p1a: Clefable|Thunder Wave|p2a: Heatran
|-activate|p2a: Heatran|Protect
|
|-heal|p2a: Heatran|306\/386 par|[from] item: Leftovers
|turn|40
|
|move|p1a: Clefable|Thunder Wave|p2a: Heatran
|-fail|p2a: Heatran|par
|cant|p2a: Heatran|par
|
|-heal|p2a: Heatran|330\/386 par|[from] item: Leftovers
|turn|41
|
|move|p1a: Clefable|Thunder Wave|p2a: Heatran
|-fail|p2a: Heatran|par
|move|p2a: Heatran|Lava Plume|p1a: Clefable
|-damage|p1a: Clefable|375\/394 psn
|
|-heal|p1a: Clefable|394\/394 psn|[from] item: Leftovers
|-heal|p2a: Heatran|354\/386 par|[from] item: Leftovers
|turn|42
|
|move|p1a: Clefable|Thunder Wave|p2a: Heatran
|-fail|p2a: Heatran|par
|cant|p2a: Heatran|par
|
|-heal|p2a: Heatran|378\/386 par|[from] item: Leftovers
|turn|43
|c|âdisbain|np still have 30 stealth rock PP
|
|move|p1a: Clefable|Thunder Wave|p2a: Heatran
|-fail|p2a: Heatran|par
|cant|p2a: Heatran|par
|
|-heal|p2a: Heatran|386\/386 par|[from] item: Leftovers
|turn|44
|c|âdisbain|and the para hax is working in my favor
|c|âdisbain|so at this point youre just being annoying
|c|âdisbain|jsyk
|
|move|p1a: Clefable|Moonblast|p2a: Heatran
|-resisted|p2a: Heatran
|-damage|p2a: Heatran|318\/386 par
|move|p2a: Heatran|Lava Plume|p1a: Clefable
|-damage|p1a: Clefable|375\/394 psn
|
|-heal|p1a: Clefable|394\/394 psn|[from] item: Leftovers
|-heal|p2a: Heatran|342\/386 par|[from] item: Leftovers
|turn|45
|c|âarnyyr|im not talking to u
|c|âarnyyr|like u have to do that
|c|âarnyyr|u are being ...
|c|âarnyyr|so shut up yourmouth and play
|
|move|p1a: Clefable|Moonblast|p2a: Heatran
|-resisted|p2a: Heatran
|-damage|p2a: Heatran|268\/386 par
|move|p2a: Heatran|Stealth Rock|p1a: Clefable
|-fail|p1a: Clefable
|
|-heal|p2a: Heatran|292\/386 par|[from] item: Leftovers
|turn|46
|c|âdisbain|well youre the one that brought this dumb poke not me
|c|âdisbain|and i can talk all i wish
|c|âdisbain|so deal with it
|
|move|p2a: Heatran|Protect|p2a: Heatran
|-singleturn|p2a: Heatran|Protect
|move|p1a: Clefable|Moonblast|p2a: Heatran
|-activate|p2a: Heatran|Protect
|
|-heal|p2a: Heatran|316\/386 par|[from] item: Leftovers
|turn|47
|
|move|p1a: Clefable|Moonblast|p2a: Heatran
|-resisted|p2a: Heatran
|-damage|p2a: Heatran|243\/386 par
|move|p2a: Heatran|Lava Plume|p1a: Clefable
|-damage|p1a: Clefable|376\/394 psn
|
|-heal|p1a: Clefable|394\/394 psn|[from] item: Leftovers
|-heal|p2a: Heatran|267\/386 par|[from] item: Leftovers
|turn|48
|
|move|p2a: Heatran|Protect|p2a: Heatran
|-singleturn|p2a: Heatran|Protect
|move|p1a: Clefable|Thunder Wave|p2a: Heatran
|-activate|p2a: Heatran|Protect
|
|-heal|p2a: Heatran|291\/386 par|[from] item: Leftovers
|turn|49
|
|move|p1a: Clefable|Moonblast|p2a: Heatran
|-resisted|p2a: Heatran
|-damage|p2a: Heatran|223\/386 par
|move|p2a: Heatran|Stealth Rock|p1a: Clefable
|-fail|p1a: Clefable
|
|-heal|p2a: Heatran|247\/386 par|[from] item: Leftovers
|turn|50
|
|move|p1a: Clefable|Moonblast|p2a: Heatran
|-resisted|p2a: Heatran
|-damage|p2a: Heatran|174\/386 par
|cant|p2a: Heatran|par
|
|-heal|p2a: Heatran|198\/386 par|[from] item: Leftovers
|turn|51
|
|move|p1a: Clefable|Moonblast|p2a: Heatran
|-resisted|p2a: Heatran
|-damage|p2a: Heatran|119\/386 par
|-unboost|p2a: Heatran|spa|1
|cant|p2a: Heatran|par
|
|-heal|p2a: Heatran|143\/386 par|[from] item: Leftovers
|turn|52
|
|move|p2a: Heatran|Protect|p2a: Heatran
|-singleturn|p2a: Heatran|Protect
|move|p1a: Clefable|Moonblast|p2a: Heatran
|-activate|p2a: Heatran|Protect
|
|-heal|p2a: Heatran|167\/386 par|[from] item: Leftovers
|turn|53
|
|move|p2a: Heatran|Protect|p2a: Heatran
|-singleturn|p2a: Heatran|Protect
|move|p1a: Clefable|Moonblast|p2a: Heatran
|-activate|p2a: Heatran|Protect
|
|-heal|p2a: Heatran|191\/386 par|[from] item: Leftovers
|turn|54
|
|move|p1a: Clefable|Moonblast|p2a: Heatran
|-resisted|p2a: Heatran
|-damage|p2a: Heatran|115\/386 par
|cant|p2a: Heatran|par
|
|-heal|p2a: Heatran|139\/386 par|[from] item: Leftovers
|turn|55
|c|âdisbain|13 gone already?
|c|âdisbain|14?
|
|move|p2a: Heatran|Protect|p2a: Heatran
|-singleturn|p2a: Heatran|Protect
|move|p1a: Clefable|Moonblast|p2a: Heatran
|-activate|p2a: Heatran|Protect
|
|-heal|p2a: Heatran|163\/386 par|[from] item: Leftovers
|turn|56
|c|âdisbain|right?
|
|move|p1a: Clefable|Moonblast|p2a: Heatran
|-resisted|p2a: Heatran
|-damage|p2a: Heatran|94\/386 par
|move|p2a: Heatran|Lava Plume|p1a: Clefable
|-damage|p1a: Clefable|381\/394 psn
|
|-heal|p1a: Clefable|394\/394 psn|[from] item: Leftovers
|-heal|p2a: Heatran|118\/386 par|[from] item: Leftovers
|turn|57
|
|move|p2a: Heatran|Protect|p2a: Heatran
|-singleturn|p2a: Heatran|Protect
|move|p1a: Clefable|Moonblast|p2a: Heatran
|-activate|p2a: Heatran|Protect
|
|-heal|p2a: Heatran|142\/386 par|[from] item: Leftovers
|turn|58
|
|move|p1a: Clefable|Moonblast|p2a: Heatran
|-resisted|p2a: Heatran
|-damage|p2a: Heatran|63\/386 par
|cant|p2a: Heatran|par
|
|-heal|p2a: Heatran|87\/386 par|[from] item: Leftovers
|turn|59
|
|cant|p2a: Heatran|par
|move|p1a: Clefable|Moonblast|p2a: Heatran
|-resisted|p2a: Heatran
|-damage|p2a: Heatran|10\/386 par
|
|-heal|p2a: Heatran|34\/386 par|[from] item: Leftovers
|turn|60
|
|move|p2a: Heatran|Protect|p2a: Heatran
|-singleturn|p2a: Heatran|Protect
|move|p1a: Clefable|Thunder Wave|p2a: Heatran
|-activate|p2a: Heatran|Protect
|
|-heal|p2a: Heatran|58\/386 par|[from] item: Leftovers
|turn|61
|
|move|p2a: Heatran|Protect|p2a: Heatran
|-singleturn|p2a: Heatran|Protect
|move|p1a: Clefable|Moonblast|p2a: Heatran
|-activate|p2a: Heatran|Protect
|
|-heal|p2a: Heatran|82\/386 par|[from] item: Leftovers
|turn|62
|c|âarnyyr|lol ur luck
|
|move|p1a: Clefable|Moonblast|p2a: Heatran
|-resisted|p2a: Heatran
|-damage|p2a: Heatran|14\/386 par
|move|p2a: Heatran|Lava Plume|p1a: Clefable
|-damage|p1a: Clefable|379\/394 psn
|
|-heal|p1a: Clefable|394\/394 psn|[from] item: Leftovers
|-heal|p2a: Heatran|38\/386 par|[from] item: Leftovers
|turn|63
|c|âdisbain|lol your annoyinng
|c|âarnyyr|why do u behave that way?
|
|move|p2a: Heatran|Protect|p2a: Heatran
|-singleturn|p2a: Heatran|Protect
|move|p1a: Clefable|Moonblast|p2a: Heatran
|-activate|p2a: Heatran|Protect
|
|-heal|p2a: Heatran|62\/386 par|[from] item: Leftovers
|turn|64
|
|move|p2a: Heatran|Protect|p2a: Heatran
|-fail|p2a: Heatran
|move|p1a: Clefable|Moonblast|p2a: Heatran
|-resisted|p2a: Heatran
|-damage|p2a: Heatran|0 fnt
|faint|p2a: Heatran
|
|c|âdisbain|thats what like 23 moonblasts?
|
|switch|p2a: Landorus-Therian|Landorus-Therian, M|151\/319
|-damage|p2a: Landorus-Therian|112\/319|[from] Stealth Rock
|-ability|p2a: Landorus-Therian|Intimidate|[of] p1a: Clefable
|-unboost|p1a: Clefable|atk|1
|turn|65
|
|move|p2a: Landorus-Therian|Earthquake|p1a: Clefable
|-damage|p1a: Clefable|204\/394 psn
|move|p1a: Clefable|Moonblast|p2a: Landorus-Therian
|-damage|p2a: Landorus-Therian|0 fnt
|faint|p2a: Landorus-Therian
|
|-heal|p1a: Clefable|228\/394 psn|[from] item: Leftovers
|
|switch|p2a: Azumarill|Azumarill, F|404\/404
|-damage|p2a: Azumarill|354\/404|[from] Stealth Rock
|turn|66
|
|move|p1a: Clefable|Thunder Wave|p2a: Azumarill
|-status|p2a: Azumarill|par
|cant|p2a: Azumarill|par
|
|-heal|p1a: Clefable|252\/394 psn|[from] item: Leftovers
|turn|67
|c|âdisbain|lol my luck huh?
|
|switch|p1a: Ferrothorn|Ferrothorn, F|260\/352
|-damage|p1a: Ferrothorn|238\/352|[from] Stealth Rock
|move|p2a: Azumarill|Play Rough|p1a: Ferrothorn
|-resisted|p1a: Ferrothorn
|-damage|p1a: Ferrothorn|182\/352
|-damage|p2a: Azumarill|304\/404 par|[from] ability: Iron Barbs|[of] p1a: Ferrothorn
|
|-heal|p1a: Ferrothorn|204\/352|[from] item: Leftovers
|turn|68
|c|âarnyyr|u got a lot of protects with the paras
|
|switch|p1a: Tyranitar|Tyranitar, F|341\/341
|-damage|p1a: Tyranitar|299\/341|[from] Stealth Rock
|-weather|Sandstorm
|switch|p2a: Venusaur|Venusaur-Mega, F|142\/364 par
|-damage|p2a: Venusaur|97\/364 par|[from] Stealth Rock
|
|-weather|Sandstorm|[upkeep]
|-damage|p2a: Venusaur|75\/364 par|[from] sandstorm
|turn|69
|
|move|p1a: Tyranitar|Crunch|p2a: Venusaur
|-damage|p2a: Venusaur|0 fnt
|faint|p2a: Venusaur
|
|-weather|Sandstorm|[upkeep]
|
|switch|p2a: Azumarill|Azumarill, F|304\/404 par
|-damage|p2a: Azumarill|254\/404 par|[from] Stealth Rock
|turn|70
|
|switch|p1a: Charizard|Charizard-Mega-Y, F|136\/297 tox
|-damage|p1a: Charizard|0 fnt|[from] Stealth Rock
|faint|p1a: Charizard
|move|p2a: Azumarill|Play Rough|p1: Charizard|[notarget]
|-notarget
|
|-weather|Sandstorm|[upkeep]
|-damage|p2a: Azumarill|229\/404 par|[from] sandstorm
|
|switch|p1a: Ferrothorn|Ferrothorn, F|204\/352
|-damage|p1a: Ferrothorn|182\/352|[from] Stealth Rock
|turn|71
|
|move|p1a: Ferrothorn|Leech Seed|p2a: Azumarill
|-start|p2a: Azumarill|move: Leech Seed
|move|p2a: Azumarill|Superpower|p1a: Ferrothorn
|-supereffective|p1a: Ferrothorn
|-damage|p1a: Ferrothorn|0 fnt
|-damage|p2a: Azumarill|179\/404 par|[from] ability: Iron Barbs|[of] p1a: Ferrothorn
|-unboost|p2a: Azumarill|atk|1
|-unboost|p2a: Azumarill|def|1
|faint|p1a: Ferrothorn
|
|-weather|Sandstorm|[upkeep]
|-damage|p2a: Azumarill|154\/404 par|[from] sandstorm
|
|switch|p1a: Clefable|Clefable, F|252\/394 psn
|turn|72
|
|switch|p2a: Latios|Latios, M|301\/301
|-damage|p2a: Latios|264\/301|[from] Stealth Rock
|move|p1a: Clefable|Soft-Boiled|p1a: Clefable
|-heal|p1a: Clefable|394\/394 psn
|
|-weather|none
|turn|73
|
|move|p2a: Latios|Psyshock|p1a: Clefable
|-damage|p1a: Clefable|186\/394 psn
|-damage|p2a: Latios|234\/301|[from] item: Life Orb
|move|p1a: Clefable|Thunder Wave|p2a: Latios
|-status|p2a: Latios|par
|
|-heal|p1a: Clefable|210\/394 psn|[from] item: Leftovers
|turn|74
|
|move|p1a: Clefable|Soft-Boiled|p1a: Clefable
|-heal|p1a: Clefable|394\/394 psn
|move|p2a: Latios|Earthquake|p1a: Clefable
|-damage|p1a: Clefable|300\/394 psn
|-damage|p2a: Latios|204\/301 par|[from] item: Life Orb
|
|-heal|p1a: Clefable|324\/394 psn|[from] item: Leftovers
|turn|75
|
|move|p1a: Clefable|Thunder Wave|p2a: Latios
|-fail|p2a: Latios|par
|move|p2a: Latios|Psyshock|p1a: Clefable
|-damage|p1a: Clefable|132\/394 psn
|-damage|p2a: Latios|174\/301 par|[from] item: Life Orb
|
|-heal|p1a: Clefable|156\/394 psn|[from] item: Leftovers
|turn|76
|
|move|p1a: Clefable|Soft-Boiled|p1a: Clefable
|-heal|p1a: Clefable|353\/394 psn
|move|p2a: Latios|Recover|p2a: Latios
|-heal|p2a: Latios|301\/301 par
|
|-heal|p1a: Clefable|377\/394 psn|[from] item: Leftovers
|turn|77
|
|move|p1a: Clefable|Thunder Wave|p2a: Latios
|-fail|p2a: Latios|par
|cant|p2a: Latios|par
|
|-heal|p1a: Clefable|394\/394 psn|[from] item: Leftovers
|turn|78
|
|move|p1a: Clefable|Thunder Wave|p2a: Latios
|-fail|p2a: Latios|par
|move|p2a: Latios|Earthquake|p1a: Clefable
|-damage|p1a: Clefable|302\/394 psn
|-damage|p2a: Latios|271\/301 par|[from] item: Life Orb
|
|-heal|p1a: Clefable|326\/394 psn|[from] item: Leftovers
|turn|79
|
|move|p1a: Clefable|Thunder Wave|p2a: Latios
|-fail|p2a: Latios|par
|move|p2a: Latios|Psyshock|p1a: Clefable
|-damage|p1a: Clefable|141\/394 psn
|-damage|p2a: Latios|241\/301 par|[from] item: Life Orb
|
|-heal|p1a: Clefable|165\/394 psn|[from] item: Leftovers
|turn|80
|
|move|p1a: Clefable|Soft-Boiled|p1a: Clefable
|-heal|p1a: Clefable|362\/394 psn
|move|p2a: Latios|Earthquake|p1a: Clefable
|-damage|p1a: Clefable|261\/394 psn
|-damage|p2a: Latios|211\/301 par|[from] item: Life Orb
|
|-heal|p1a: Clefable|285\/394 psn|[from] item: Leftovers
|turn|81
|
|move|p1a: Clefable|Thunder Wave|p2a: Latios
|-fail|p2a: Latios|par
|move|p2a: Latios|Earthquake|p1a: Clefable
|-damage|p1a: Clefable|191\/394 psn
|-damage|p2a: Latios|181\/301 par|[from] item: Life Orb
|
|-heal|p1a: Clefable|215\/394 psn|[from] item: Leftovers
|turn|82
|
|move|p1a: Clefable|Soft-Boiled|p1a: Clefable
|-heal|p1a: Clefable|394\/394 psn
|move|p2a: Latios|Earthquake|p1a: Clefable
|-damage|p1a: Clefable|293\/394 psn
|-damage|p2a: Latios|151\/301 par|[from] item: Life Orb
|
|-heal|p1a: Clefable|317\/394 psn|[from] item: Leftovers
|turn|83
|
|switch|p1a: Gliscor|Gliscor, F|131\/354 tox
|-damage|p1a: Gliscor|87\/354 tox|[from] Stealth Rock
|cant|p2a: Latios|par
|
|-heal|p1a: Gliscor|131\/354 tox|[from] ability: Poison Heal
|turn|84
|
|move|p1a: Gliscor|Knock Off|p2a: Latios
|-supereffective|p2a: Latios
|-damage|p2a: Latios|0 fnt
|-enditem|p2a: Latios|Life Orb|[from] move: Knock Off|[of] p1a: Gliscor
|faint|p2a: Latios
|
|-heal|p1a: Gliscor|175\/354 tox|[from] ability: Poison Heal
|
|switch|p2a: Azumarill|Azumarill, F|154\/404 par
|-damage|p2a: Azumarill|104\/404 par|[from] Stealth Rock
|turn|85
|
|move|p1a: Gliscor|Earthquake|p2a: Azumarill
|-damage|p2a: Azumarill|0 fnt
|faint|p2a: Azumarill
|
|win|arnyyr
|raw|Ladder updating...
|raw|arnyyr's rating: 1639 &rarr; <strong>1650<\/strong><br \/>(+11 for winning)
|raw|disbain's rating: 1465 &rarr; <strong>1455<\/strong><br \/>(-10 for losing)
|c|âarnyyr|i will just stall you out of PP
|c|âarnyyr|kisses
|c|âarnyyr|for u
|c|âarnyyr|<3
|c|âdisbain|annoying
|c|âdisbain|ass player
|leave|disbain