|join|Silver - Triverr
|join|arnyyr
|player|p1|Silver - Triverr|170
|player|p2|arnyyr|211
|gametype|singles
|gen|6
|tier|OU
|rated
|clearpoke
|poke|p1|Hawlucha, M
|poke|p1|Diancie
|poke|p1|Landorus-Therian, M
|poke|p1|Latias, F, shiny
|poke|p1|Magnezone
|poke|p1|Scizor, M
|poke|p2|Keldeo
|poke|p2|Talonflame, F
|poke|p2|Lopunny, F
|poke|p2|Excadrill, M
|poke|p2|Tyranitar, F
|poke|p2|Celebi
|rule|Swagger Clause: Swagger is banned
|rule|Baton Pass Clause: Limit one PokÃ©mon knowing Baton Pass
|rule|Sleep Clause Mod: Limit one foe put to sleep
|rule|Species Clause: Limit one of each PokÃ©mon
|rule|OHKO Clause: OHKO moves are banned
|rule|Moody Clause: Moody is banned
|rule|Evasion Moves Clause: Evasion moves are banned
|rule|Endless Battle Clause: Forcing endless battles is banned
|rule|HP Percentage Mod: HP is shown in percentages
|teampreview
|
|start
|switch|p1a: Landorus-Therian|Landorus-Therian, M|381\/381
|switch|p2a: Keldeo|Keldeo|323\/323
|-ability|p1a: Landorus-Therian|Intimidate|[of] p2a: Keldeo
|-unboost|p2a: Keldeo|atk|1
|turn|1
|
|move|p2a: Keldeo|Scald|p1a: Landorus-Therian
|-supereffective|p1a: Landorus-Therian
|-damage|p1a: Landorus-Therian|31\/381
|-status|p1a: Landorus-Therian|brn
|move|p1a: Landorus-Therian|Stealth Rock|p2a: Keldeo
|-sidestart|p2: arnyyr|move: Stealth Rock
|
|-heal|p1a: Landorus-Therian|54\/381 brn|[from] item: Leftovers
|-damage|p1a: Landorus-Therian|7\/381 brn|[from] brn
|turn|2
|
|switch|p1a: Latias|Latias, F, shiny|363\/363
|move|p2a: Keldeo|Scald|p1a: Latias
|-resisted|p1a: Latias
|-damage|p1a: Latias|321\/363
|-status|p1a: Latias|brn
|
|-heal|p1a: Latias|343\/363 brn|[from] item: Leftovers
|-damage|p1a: Latias|298\/363 brn|[from] brn
|turn|3
|
|switch|p2a: Tyranitar|Tyranitar, F|399\/399
|-damage|p2a: Tyranitar|350\/399|[from] Stealth Rock
|-weather|Sandstorm
|switch|p1a: Hawlucha|Hawlucha, M|333\/333
|
|-weather|Sandstorm|[upkeep]
|-damage|p1a: Hawlucha|313\/333|[from] sandstorm
|turn|4
|
|move|p1a: Hawlucha|Swords Dance|p1a: Hawlucha
|-boost|p1a: Hawlucha|atk|2
|move|p2a: Tyranitar|Stone Edge|p1a: Hawlucha|[miss]
|-miss|p2a: Tyranitar|p1a: Hawlucha
|
|-weather|Sandstorm|[upkeep]
|-damage|p1a: Hawlucha|293\/333|[from] sandstorm
|turn|5
|c|âarnyyr|niceeeeee
|
|move|p1a: Hawlucha|High Jump Kick|p2a: Tyranitar
|-supereffective|p2a: Tyranitar
|-damage|p2a: Tyranitar|0 fnt
|faint|p2a: Tyranitar
|
|-weather|Sandstorm|[upkeep]
|-damage|p1a: Hawlucha|273\/333|[from] sandstorm
|
|switch|p2a: Lopunny|Lopunny, F|271\/271
|-damage|p2a: Lopunny|238\/271|[from] Stealth Rock
|turn|6
|
|switch|p1a: Landorus-Therian|Landorus-Therian, M|7\/381 brn
|-ability|p1a: Landorus-Therian|Intimidate|[of] p2a: Lopunny
|-unboost|p2a: Lopunny|atk|1
|detailschange|p2a: Lopunny|Lopunny-Mega, F
|-mega|p2a: Lopunny|Lopunny|Lopunnite
|move|p2a: Lopunny|Fake Out|p1a: Landorus-Therian
|-crit|p1a: Landorus-Therian
|-damage|p1a: Landorus-Therian|0 fnt
|faint|p1a: Landorus-Therian
|
|-weather|Sandstorm|[upkeep]
|-damage|p2a: Lopunny|222\/271|[from] sandstorm
|
|switch|p1a: Scizor|Scizor, M|311\/311
|turn|7
|
|switch|p2a: Keldeo|Keldeo|323\/323
|-damage|p2a: Keldeo|303\/323|[from] Stealth Rock
|move|p1a: Scizor|U-turn|p2a: Keldeo
|-resisted|p2a: Keldeo
|-damage|p2a: Keldeo|185\/323
|
|switch|p1a: Magnezone|Magnezone|281\/281
|
|-weather|Sandstorm|[upkeep]
|-damage|p2a: Keldeo|165\/323|[from] sandstorm
|turn|8
|
|switch|p2a: Excadrill|Excadrill, M|361\/361
|-damage|p2a: Excadrill|350\/361|[from] Stealth Rock
|move|p1a: Magnezone|Hidden Power|p2a: Excadrill
|-supereffective|p2a: Excadrill
|-damage|p2a: Excadrill|140\/361
|
|-weather|Sandstorm|[upkeep]
|turn|9
|
|move|p2a: Excadrill|Rapid Spin|p1a: Magnezone
|-resisted|p1a: Magnezone
|-damage|p1a: Magnezone|265\/281
|-sideend|p2: arnyyr|Stealth Rock|[from] move: Rapid Spin|[of] p2a: Excadrill
|-damage|p2a: Excadrill|104\/361|[from] item: Life Orb
|move|p1a: Magnezone|Hidden Power|p2a: Excadrill
|-supereffective|p2a: Excadrill
|-damage|p2a: Excadrill|0 fnt
|faint|p2a: Excadrill
|
|-weather|Sandstorm|[upkeep]
|
|switch|p2a: Lopunny|Lopunny-Mega, F|222\/271
|turn|10
|
|switch|p1a: Latias|Latias, F, shiny|298\/363 brn
|move|p2a: Lopunny|High Jump Kick|p1a: Latias
|-resisted|p1a: Latias
|-damage|p1a: Latias|172\/363 brn
|
|-weather|none
|-heal|p1a: Latias|194\/363 brn|[from] item: Leftovers
|-damage|p1a: Latias|149\/363 brn|[from] brn
|turn|11
|
|move|p2a: Lopunny|Return|p1a: Latias
|-damage|p1a: Latias|0 fnt
|faint|p1a: Latias
|
|
|switch|p1a: Scizor|Scizor, M|311\/311
|turn|12
|
|switch|p2a: Celebi|Celebi|403\/403
|move|p1a: Scizor|Bullet Punch|p2a: Celebi
|-damage|p2a: Celebi|274\/403
|
|-heal|p2a: Celebi|299\/403|[from] item: Leftovers
|turn|13
|
|switch|p2a: Keldeo|Keldeo|165\/323
|move|p1a: Scizor|Bullet Punch|p2a: Keldeo
|-resisted|p2a: Keldeo
|-damage|p2a: Keldeo|63\/323
|
|turn|14
|
|switch|p2a: Celebi|Celebi|299\/403
|move|p1a: Scizor|Bullet Punch|p2a: Celebi
|-damage|p2a: Celebi|160\/403
|
|-heal|p2a: Celebi|185\/403|[from] item: Leftovers
|turn|15
|
|move|p1a: Scizor|Bullet Punch|p2a: Celebi
|-damage|p2a: Celebi|56\/403
|move|p2a: Celebi|Recover|p2a: Celebi
|-heal|p2a: Celebi|258\/403
|
|-heal|p2a: Celebi|283\/403|[from] item: Leftovers
|turn|16
|
|switch|p1a: Diancie|Diancie|241\/241
|move|p2a: Celebi|Recover|p2a: Celebi
|-heal|p2a: Celebi|403\/403
|
|turn|17
|
|detailschange|p1a: Diancie|Diancie-Mega
|-mega|p1a: Diancie|Diancie|Diancite
|move|p2a: Celebi|Giga Drain|p1a: Diancie
|-supereffective|p1a: Diancie
|-damage|p1a: Diancie|49\/241
|move|p1a: Diancie|Rock Polish|p1a: Diancie
|-boost|p1a: Diancie|spe|2
|
|turn|18
|
|move|p1a: Diancie|Moonblast|p2a: Celebi
|-damage|p2a: Celebi|216\/403
|-unboost|p2a: Celebi|spa|1
|move|p2a: Celebi|Giga Drain|p1a: Diancie
|-supereffective|p1a: Diancie
|-damage|p1a: Diancie|0 fnt
|-heal|p2a: Celebi|241\/403|[from] drain|[of] p1a: Diancie
|faint|p1a: Diancie
|
|-heal|p2a: Celebi|266\/403|[from] item: Leftovers
|
|switch|p1a: Scizor|Scizor, M|311\/311
|turn|19
|
|switch|p2a: Talonflame|Talonflame, F|359\/359
|move|p1a: Scizor|U-turn|p2a: Talonflame
|-resisted|p2a: Talonflame
|-damage|p2a: Talonflame|286\/359
|
|switch|p1a: Magnezone|Magnezone|265\/281
|
|-heal|p2a: Talonflame|308\/359|[from] item: Leftovers
|turn|20
|
|move|p2a: Talonflame|Brave Bird|p1a: Magnezone
|-resisted|p1a: Magnezone
|-damage|p1a: Magnezone|228\/281
|-damage|p2a: Talonflame|296\/359|[from] recoil|[of] p1a: Magnezone
|move|p1a: Magnezone|Volt Switch|p2a: Talonflame
|-supereffective|p2a: Talonflame
|-damage|p2a: Talonflame|0 fnt
|faint|p2a: Talonflame
|
|switch|p1a: Scizor|Scizor, M|311\/311
|
|
|switch|p2a: Lopunny|Lopunny-Mega, F|222\/271
|turn|21
|
|move|p2a: Lopunny|Fake Out|p1a: Scizor
|-resisted|p1a: Scizor
|-damage|p1a: Scizor|271\/311
|cant|p1a: Scizor|flinch
|
|turn|22
|
|move|p1a: Scizor|Bullet Punch|p2a: Lopunny
|-damage|p2a: Lopunny|30\/271
|move|p2a: Lopunny|High Jump Kick|p1a: Scizor
|-damage|p1a: Scizor|39\/311
|
|turn|23
|
|switch|p2a: Keldeo|Keldeo|63\/323
|move|p1a: Scizor|Bullet Punch|p2a: Keldeo
|-resisted|p2a: Keldeo
|-damage|p2a: Keldeo|0 fnt
|faint|p2a: Keldeo
|
|
|switch|p2a: Lopunny|Lopunny-Mega, F|30\/271
|turn|24
|
|switch|p1a: Magnezone|Magnezone|228\/281
|move|p2a: Lopunny|Fake Out|p1a: Magnezone
|-resisted|p1a: Magnezone
|-damage|p1a: Magnezone|194\/281
|
|turn|25
|
|move|p2a: Lopunny|High Jump Kick|p1a: Magnezone
|-supereffective|p1a: Magnezone
|-damage|p1a: Magnezone|0 fnt
|faint|p1a: Magnezone
|
|c|âarnyyr|gg
|c|âarnyyr|i choked
|
|switch|p1a: Scizor|Scizor, M|39\/311
|turn|26
|
|switch|p2a: Celebi|Celebi|266\/403
|move|p1a: Scizor|U-turn|p2a: Celebi
|-supereffective|p2a: Celebi
|-damage|p2a: Celebi|0 fnt
|faint|p2a: Celebi
|
|switch|p1a: Hawlucha|Hawlucha, M|273\/333
|
|
|switch|p2a: Lopunny|Lopunny-Mega, F|30\/271
|turn|27
|c|âSilver - Triverr|nice team
|c|âarnyyr|not mine
|
|move|p2a: Lopunny|Fake Out|p1a: Hawlucha
|-damage|p1a: Hawlucha|185\/333
|cant|p1a: Hawlucha|flinch
|
|turn|28
|
|move|p2a: Lopunny|Return|p1a: Hawlucha
|-damage|p1a: Hawlucha|0 fnt
|faint|p1a: Hawlucha
|
|
|switch|p1a: Scizor|Scizor, M|39\/311
|turn|29
|
|move|p1a: Scizor|Bullet Punch|p2a: Lopunny
|-damage|p2a: Lopunny|0 fnt
|faint|p2a: Lopunny
|
|win|Silver - Triverr
|raw|Ladder updating...
|raw|Silver - Triverr's rating: 1481 &rarr; <strong>1502<\/strong><br \/>(+21 for winning)
|raw|arnyyr's rating: 1487 &rarr; <strong>1467<\/strong><br \/>(-20 for losing)
|c|âSilver - Triverr|gg
|leave|Silver - Triverr
|player|p1
|leave|arnyyr
|player|p2
|join|Silver - Triverr