|join|arnyyr
|join|Healing Wizh
|player|p1|arnyyr|211
|player|p2|Healing Wizh|237
|gametype|singles
|gen|6
|tier|OU (suspect test)
|rated
|clearpoke
|poke|p1|Manectric, F
|poke|p1|Jirachi
|poke|p1|Keldeo
|poke|p1|Tornadus-Therian, M
|poke|p1|Latios, M
|poke|p1|Hippowdon, M
|poke|p2|Pinsir, M
|poke|p2|Kyurem-Black
|poke|p2|Landorus-Therian, M
|poke|p2|Jirachi
|poke|p2|Latias, F
|poke|p2|Keldeo
|rule|Swagger Clause: Swagger is banned
|rule|Baton Pass Clause: Limit one PokÃ©mon knowing Baton Pass
|rule|Sleep Clause Mod: Limit one foe put to sleep
|rule|Species Clause: Limit one of each PokÃ©mon
|rule|OHKO Clause: OHKO moves are banned
|rule|Moody Clause: Moody is banned
|rule|Evasion Moves Clause: Evasion moves are banned
|rule|Endless Battle Clause: Forcing endless battles is banned
|rule|HP Percentage Mod: HP is shown in percentages
|teampreview
|c|âarnyyr|gl hf
|
|start
|switch|p1a: Tornadus-Therian|Tornadus-Therian, M|351\/351
|switch|p2a: Illuminachi|Jirachi|404\/404
|turn|1
|
|move|p1a: Tornadus-Therian|Knock Off|p2a: Illuminachi
|-supereffective|p2a: Illuminachi
|-damage|p2a: Illuminachi|272\/404
|-enditem|p2a: Illuminachi|Leftovers|[from] move: Knock Off|[of] p1a: Tornadus-Therian
|move|p2a: Illuminachi|Stealth Rock|p1a: Tornadus-Therian
|-sidestart|p1: arnyyr|move: Stealth Rock
|
|turn|2
|
|move|p1a: Tornadus-Therian|U-turn|p2a: Illuminachi
|-damage|p2a: Illuminachi|222\/404
|
|switch|p1a: Hippowdon|Hippowdon, M|419\/419
|-damage|p1a: Hippowdon|393\/419|[from] Stealth Rock
|-weather|Sandstorm
|move|p2a: Illuminachi|U-turn|p1a: Hippowdon
|-damage|p1a: Hippowdon|357\/419
|
|switch|p2a: Iche|Kyurem-Black|391\/391
|-ability|p2a: Iche|Teravolt
|
|-weather|Sandstorm|[upkeep]
|-damage|p2a: Iche|367\/391|[from] sandstorm
|-heal|p1a: Hippowdon|383\/419|[from] item: Leftovers
|turn|3
|
|switch|p1a: Jirachi|Jirachi|404\/404
|-damage|p1a: Jirachi|379\/404|[from] Stealth Rock
|move|p2a: Iche|Ice Beam|p1a: Jirachi
|-resisted|p1a: Jirachi
|-damage|p1a: Jirachi|289\/404
|-damage|p2a: Iche|328\/391|[from] item: Life Orb
|
|-weather|Sandstorm|[upkeep]
|-damage|p2a: Iche|304\/391|[from] sandstorm
|-heal|p1a: Jirachi|314\/404|[from] item: Leftovers
|turn|4
|
|move|p2a: Iche|Earth Power|p1a: Jirachi
|-supereffective|p1a: Jirachi
|-damage|p1a: Jirachi|36\/404
|-unboost|p1a: Jirachi|spd|1
|-damage|p2a: Iche|265\/391|[from] item: Life Orb
|move|p1a: Jirachi|Toxic|p2a: Iche
|-status|p2a: Iche|tox
|
|-weather|Sandstorm|[upkeep]
|-damage|p2a: Iche|241\/391 tox|[from] sandstorm
|-heal|p1a: Jirachi|61\/404|[from] item: Leftovers
|-damage|p2a: Iche|217\/391 tox|[from] psn
|turn|5
|
|move|p2a: Iche|Ice Beam|p1a: Jirachi
|-resisted|p1a: Jirachi
|-damage|p1a: Jirachi|0 fnt
|-damage|p2a: Iche|178\/391 tox|[from] item: Life Orb
|faint|p1a: Jirachi
|
|-weather|Sandstorm|[upkeep]
|-damage|p2a: Iche|154\/391 tox|[from] sandstorm
|-damage|p2a: Iche|106\/391 tox|[from] psn
|
|switch|p1a: Manectric|Manectric, F|281\/281
|-damage|p1a: Manectric|246\/281|[from] Stealth Rock
|turn|6
|
|switch|p2a: This Is Waifu|Latias, F|346\/346
|detailschange|p1a: Manectric|Manectric-Mega, F
|-mega|p1a: Manectric|Manectric|Manectite
|-ability|p1a: Manectric|Intimidate|[of] p2a: This Is Waifu
|-unboost|p2a: This Is Waifu|atk|1
|move|p1a: Manectric|Overheat|p2a: This Is Waifu
|-resisted|p2a: This Is Waifu
|-damage|p2a: This Is Waifu|277\/346
|-unboost|p1a: Manectric|spa|2
|
|-weather|none
|-heal|p2a: This Is Waifu|298\/346|[from] item: Leftovers
|turn|7
|
|move|p1a: Manectric|Volt Switch|p2a: This Is Waifu
|-resisted|p2a: This Is Waifu
|-damage|p2a: This Is Waifu|274\/346
|
|switch|p1a: Tornadus-Therian|Tornadus-Therian, M|351\/351
|-damage|p1a: Tornadus-Therian|264\/351|[from] Stealth Rock
|move|p2a: This Is Waifu|Psyshock|p1a: Tornadus-Therian
|-damage|p1a: Tornadus-Therian|128\/351
|
|-heal|p2a: This Is Waifu|295\/346|[from] item: Leftovers
|turn|8
|
|move|p1a: Tornadus-Therian|U-turn|p2a: This Is Waifu
|-supereffective|p2a: This Is Waifu
|-damage|p2a: This Is Waifu|189\/346
|
|switch|p1a: Hippowdon|Hippowdon, M|383\/419
|-damage|p1a: Hippowdon|357\/419|[from] Stealth Rock
|-weather|Sandstorm
|move|p2a: This Is Waifu|Psyshock|p1a: Hippowdon
|-crit|p1a: Hippowdon
|-damage|p1a: Hippowdon|254\/419
|
|-weather|Sandstorm|[upkeep]
|-damage|p2a: This Is Waifu|168\/346|[from] sandstorm
|-heal|p2a: This Is Waifu|189\/346|[from] item: Leftovers
|-heal|p1a: Hippowdon|280\/419|[from] item: Leftovers
|turn|9
|c|âarnyyr|nice crit
|
|switch|p2a: Illuminachi|Jirachi|222\/404
|move|p1a: Hippowdon|Slack Off|p1a: Hippowdon
|-heal|p1a: Hippowdon|419\/419
|
|-weather|Sandstorm|[upkeep]
|turn|10
|
|move|p2a: Illuminachi|U-turn|p1a: Hippowdon
|-damage|p1a: Hippowdon|380\/419
|
|switch|p2a: Dash|Keldeo|323\/323
|move|p1a: Hippowdon|Stealth Rock|p2a: Dash
|-sidestart|p2: Healing Wizh|move: Stealth Rock
|
|-weather|Sandstorm|[upkeep]
|-damage|p2a: Dash|303\/323|[from] sandstorm
|-heal|p2a: Dash|323\/323|[from] item: Leftovers
|-heal|p1a: Hippowdon|406\/419|[from] item: Leftovers
|turn|11
|
|switch|p1a: Latios|Latios, M|301\/301
|-damage|p1a: Latios|264\/301|[from] Stealth Rock
|move|p2a: Dash|Scald|p1a: Latios
|-resisted|p1a: Latios
|-damage|p1a: Latios|203\/301
|-status|p1a: Latios|brn
|
|-weather|Sandstorm|[upkeep]
|-damage|p1a: Latios|185\/301 brn|[from] sandstorm
|-damage|p2a: Dash|303\/323|[from] sandstorm
|-heal|p2a: Dash|323\/323|[from] item: Leftovers
|-damage|p1a: Latios|148\/301 brn|[from] brn
|turn|12
|
|switch|p1a: Keldeo|Keldeo|323\/323
|-damage|p1a: Keldeo|303\/323|[from] Stealth Rock
|switch|p2a: Illuminachi|Jirachi|222\/404
|-damage|p2a: Illuminachi|197\/404|[from] Stealth Rock
|
|-weather|none
|turn|13
|
|move|p1a: Keldeo|Scald|p2a: Illuminachi
|-damage|p2a: Illuminachi|41\/404
|move|p2a: Illuminachi|U-turn|p1a: Keldeo
|-resisted|p1a: Keldeo
|-damage|p1a: Keldeo|275\/323
|
|switch|p2a: This Is Waifu|Latias, F|189\/346
|-damage|p2a: This Is Waifu|146\/346|[from] Stealth Rock
|
|-heal|p2a: This Is Waifu|167\/346|[from] item: Leftovers
|turn|14
|
|switch|p1a: Latios|Latios, M|148\/301 brn
|-damage|p1a: Latios|111\/301 brn|[from] Stealth Rock
|move|p2a: This Is Waifu|Psyshock|p1a: Latios
|-resisted|p1a: Latios
|-damage|p1a: Latios|49\/301 brn
|
|-heal|p2a: This Is Waifu|188\/346|[from] item: Leftovers
|-damage|p1a: Latios|12\/301 brn|[from] brn
|turn|15
|
|switch|p2a: Illuminachi|Jirachi|41\/404
|-damage|p2a: Illuminachi|16\/404|[from] Stealth Rock
|move|p1a: Latios|Roost|p1a: Latios
|-heal|p1a: Latios|163\/301 brn
|
|-damage|p1a: Latios|126\/301 brn|[from] brn
|turn|16
|
|move|p1a: Latios|Psyshock|p2a: Illuminachi
|-resisted|p2a: Illuminachi
|-damage|p2a: Illuminachi|0 fnt
|-damage|p1a: Latios|96\/301 brn|[from] item: Life Orb
|faint|p2a: Illuminachi
|
|-damage|p1a: Latios|59\/301 brn|[from] brn
|
|switch|p2a: WeCameAsStandards|Landorus-Therian, M|339\/339
|-damage|p2a: WeCameAsStandards|297\/339|[from] Stealth Rock
|-ability|p2a: WeCameAsStandards|Intimidate|[of] p1a: Latios
|-unboost|p1a: Latios|atk|1
|turn|17
|
|switch|p1a: Tornadus-Therian|Tornadus-Therian, M|245\/351
|-damage|p1a: Tornadus-Therian|158\/351|[from] Stealth Rock
|move|p2a: WeCameAsStandards|U-turn|p1a: Tornadus-Therian
|-resisted|p1a: Tornadus-Therian
|-damage|p1a: Tornadus-Therian|103\/351
|
|switch|p2a: This Is Waifu|Latias, F|188\/346
|-damage|p2a: This Is Waifu|145\/346|[from] Stealth Rock
|
|-heal|p2a: This Is Waifu|166\/346|[from] item: Leftovers
|turn|18
|
|move|p1a: Tornadus-Therian|Knock Off|p2a: This Is Waifu
|-supereffective|p2a: This Is Waifu
|-damage|p2a: This Is Waifu|30\/346
|-enditem|p2a: This Is Waifu|Leftovers|[from] move: Knock Off|[of] p1a: Tornadus-Therian
|move|p2a: This Is Waifu|Psyshock|p1a: Tornadus-Therian
|-damage|p1a: Tornadus-Therian|0 fnt
|faint|p1a: Tornadus-Therian
|
|
|switch|p1a: Manectric|Manectric-Mega, F|246\/281
|-damage|p1a: Manectric|211\/281|[from] Stealth Rock
|-ability|p1a: Manectric|Intimidate|[of] p2a: This Is Waifu
|-unboost|p2a: This Is Waifu|atk|1
|turn|19
|
|move|p1a: Manectric|Hidden Power|p2a: This Is Waifu
|-supereffective|p2a: This Is Waifu
|-damage|p2a: This Is Waifu|0 fnt
|faint|p2a: This Is Waifu
|
|
|switch|p2a: WeCameAsStandards|Landorus-Therian, M|297\/339
|-damage|p2a: WeCameAsStandards|255\/339|[from] Stealth Rock
|-ability|p2a: WeCameAsStandards|Intimidate|[of] p1a: Manectric
|-unboost|p1a: Manectric|atk|1
|turn|20
|
|switch|p1a: Latios|Latios, M|59\/301 brn
|-damage|p1a: Latios|22\/301 brn|[from] Stealth Rock
|move|p2a: WeCameAsStandards|Earthquake|p1a: Latios
|-immune|p1a: Latios|[msg]
|
|-damage|p1a: Latios|0 fnt|[from] brn
|faint|p1a: Latios
|leave|arnyyr
|player|p1
|-message|arnyyr lost due to inactivity.
|
|win|Healing Wizh
|raw|Ladder updating...