|join|TheThorn
|join|See TC
|player|p1|TheThorn|169
|player|p2|See TC|184
|gametype|singles
|gen|6
|tier|OU
|rated
|clearpoke
|poke|p1|Scizor, M
|poke|p1|Bisharp, M
|poke|p1|Diggersby, F
|poke|p1|Azelf
|poke|p1|Gardevoir, M
|poke|p1|Talonflame, F
|poke|p2|Moltres
|poke|p2|Donphan, M
|poke|p2|Registeel
|poke|p2|Hydreigon, F
|poke|p2|Sableye, F
|poke|p2|Ditto
|rule|Swagger Clause: Swagger is banned
|rule|Baton Pass Clause: Limit one PokÃ©mon knowing Baton Pass
|rule|Sleep Clause Mod: Limit one foe put to sleep
|rule|Species Clause: Limit one of each PokÃ©mon
|rule|OHKO Clause: OHKO moves are banned
|rule|Moody Clause: Moody is banned
|rule|Evasion Moves Clause: Evasion moves are banned
|rule|Endless Battle Clause: Forcing endless battles is banned
|rule|HP Percentage Mod: HP is shown in percentages
|teampreview
|
|start
|switch|p1a: Azelf|Azelf|292\/292
|switch|p2a: wikid smaat ked|Sableye, F|304\/304
|turn|1
|
|move|p1a: Azelf|Skill Swap|p2a: wikid smaat ked
|-activate|p1a: Azelf|move: Skill Swap|Prankster|Levitate|[of] p2a: wikid smaat ked
|move|p2a: wikid smaat ked|Dark Pulse|p1a: Azelf
|-supereffective|p1a: Azelf
|-damage|p1a: Azelf|100\/292
|
|turn|2
|
|switch|p1a: Gardevoir|Gardevoir, M|277\/277
|-ability|p1a: Gardevoir|Levitate|[from] ability: Trace|[of] p2a: wikid smaat ked
|detailschange|p2a: wikid smaat ked|Sableye-Mega, F
|-mega|p2a: wikid smaat ked|Sableye|Sablenite
|move|p2a: wikid smaat ked|Dark Pulse|p1a: Gardevoir
|-damage|p1a: Gardevoir|207\/277
|
|turn|3
|
|switch|p2a: ThatSteelWhenNoGF|Registeel|363\/363
|move|p1a: Gardevoir|Focus Blast|p2a: ThatSteelWhenNoGF
|-supereffective|p2a: ThatSteelWhenNoGF
|-damage|p2a: ThatSteelWhenNoGF|187\/363
|
|turn|4
|join|I'm Rick Astley
|join|y4
|
|switch|p1a: Azelf|Azelf|100\/292
|move|p2a: ThatSteelWhenNoGF|Stealth Rock|p1a: Azelf
|-sidestart|p1: TheThorn|move: Stealth Rock
|
|turn|5
|
|move|p1a: Azelf|Skill Swap|p2a: ThatSteelWhenNoGF
|-activate|p1a: Azelf|move: Skill Swap|Clear Body|Levitate|[of] p2a: ThatSteelWhenNoGF
|move|p2a: ThatSteelWhenNoGF|Iron Head|p1a: Azelf
|-damage|p1a: Azelf|0 fnt
|faint|p1a: Azelf
|
|c| y4|y-you too
|
|switch|p1a: Scizor|Scizor, M|281\/281
|-damage|p1a: Scizor|246\/281|[from] Stealth Rock
|turn|6
|
|switch|p2a: Moltres|Moltres|321\/321
|-ability|p2a: Moltres|Pressure
|detailschange|p1a: Scizor|Scizor-Mega, M
|-mega|p1a: Scizor|Scizor|Scizorite
|move|p1a: Scizor|Superpower|p2a: Moltres
|-resisted|p2a: Moltres
|-damage|p2a: Moltres|218\/321
|-unboost|p1a: Scizor|atk|1
|-unboost|p1a: Scizor|def|1
|
|turn|7
|
|switch|p1a: Talonflame|Talonflame, F|297\/297
|-damage|p1a: Talonflame|149\/297|[from] Stealth Rock
|move|p2a: Moltres|Fire Blast|p1a: Talonflame
|-resisted|p1a: Talonflame
|-damage|p1a: Talonflame|13\/297
|
|turn|8
|
|switch|p2a: Donphan|Donphan, M|384\/384
|move|p1a: Talonflame|Brave Bird|p2a: Donphan
|-damage|p2a: Donphan|149\/384
|-damage|p1a: Talonflame|0 fnt|[from] recoil|[of] p2a: Donphan
|faint|p1a: Talonflame
|
|-heal|p2a: Donphan|173\/384|[from] item: Leftovers
|c| y4|nice donphan
|leave|I'm Rick Astley
|
|switch|p1a: Bisharp|Bisharp, M|271\/271
|-damage|p1a: Bisharp|255\/271|[from] Stealth Rock
|turn|9
|
|move|p1a: Bisharp|Knock Off|p2a: Donphan
|-damage|p2a: Donphan|0 fnt
|-enditem|p2a: Donphan|Leftovers|[from] move: Knock Off|[of] p1a: Bisharp
|-damage|p1a: Bisharp|228\/271|[from] item: Life Orb
|faint|p2a: Donphan
|
|
|switch|p2a: Hydreigon|Hydreigon, F|325\/325
|turn|10
|
|move|p1a: Bisharp|Sucker Punch|p2a: Hydreigon
|-resisted|p2a: Hydreigon
|-damage|p2a: Hydreigon|217\/325
|-damage|p1a: Bisharp|201\/271|[from] item: Life Orb
|move|p2a: Hydreigon|Fire Blast|p1a: Bisharp
|-supereffective|p1a: Bisharp
|-damage|p1a: Bisharp|0 fnt
|faint|p1a: Bisharp
|
|
|switch|p1a: Gardevoir|Gardevoir, M|207\/277
|-damage|p1a: Gardevoir|173\/277|[from] Stealth Rock
|-ability|p1a: Gardevoir|Levitate|[from] ability: Trace|[of] p2a: Hydreigon
|turn|11
|
|switch|p1a: Diggersby|Diggersby, F|311\/311
|-damage|p1a: Diggersby|292\/311|[from] Stealth Rock
|move|p2a: Hydreigon|Fire Blast|p1a: Diggersby
|-damage|p1a: Diggersby|66\/311
|
|turn|12
|
|move|p1a: Diggersby|Quick Attack|p2a: Hydreigon
|-damage|p2a: Hydreigon|73\/325
|-damage|p1a: Diggersby|35\/311|[from] item: Life Orb
|move|p2a: Hydreigon|Fire Blast|p1a: Diggersby
|-damage|p1a: Diggersby|0 fnt
|faint|p1a: Diggersby
|
|c| y4|meaniesby thooooooo
|
|switch|p1a: Gardevoir|Gardevoir, M|173\/277
|-damage|p1a: Gardevoir|139\/277|[from] Stealth Rock
|-ability|p1a: Gardevoir|Levitate|[from] ability: Trace|[of] p2a: Hydreigon
|turn|13
|
|move|p1a: Gardevoir|Moonblast|p2a: Hydreigon
|-supereffective|p2a: Hydreigon
|-damage|p2a: Hydreigon|0 fnt
|faint|p2a: Hydreigon
|
|
|switch|p2a: Moltres|Moltres|218\/321
|-ability|p2a: Moltres|Pressure
|turn|14
|-message|TheThorn forfeited.
|
|move|p2a: Moltres|Fire Blast|p1a: Gardevoir
|-damage|p1a: Gardevoir|0 fnt
|faint|p1a: Gardevoir
|
|leave|TheThorn
|
|win|See TC
|raw|Ladder updating...
|player|p1
|raw|TheThorn's rating: 1597 &rarr; <strong>1580<\/strong><br \/>(-17 for losing)
|raw|See TC's rating: 1641 &rarr; <strong>1658<\/strong><br \/>(+17 for winning)
|leave|y4