|join|See TC
|join|songoX
|player|p1|See TC|184
|player|p2|songoX|33
|gametype|singles
|gen|6
|tier|OU
|rated
|clearpoke
|poke|p1|Moltres
|poke|p1|Donphan, F
|poke|p1|Registeel
|poke|p1|Hydreigon, M
|poke|p1|Sableye, F
|poke|p1|Ditto
|poke|p2|Jirachi
|poke|p2|Tyranitar, M
|poke|p2|Zapdos, shiny
|poke|p2|Scizor, F
|poke|p2|Talonflame, F
|poke|p2|Keldeo-Resolute
|rule|Swagger Clause: Swagger is banned
|rule|Baton Pass Clause: Limit one PokÃ©mon knowing Baton Pass
|rule|Sleep Clause Mod: Limit one foe put to sleep
|rule|Species Clause: Limit one of each PokÃ©mon
|rule|OHKO Clause: OHKO moves are banned
|rule|Moody Clause: Moody is banned
|rule|Evasion Moves Clause: Evasion moves are banned
|rule|Endless Battle Clause: Forcing endless battles is banned
|rule|HP Percentage Mod: HP is shown in percentages
|teampreview
|
|start
|switch|p1a: wikid smaat ked|Sableye, F|304\/304
|switch|p2a: Keldeo-Resolute|Keldeo-Resolute|323\/323
|turn|1
|join|ULT Jefo
|
|detailschange|p1a: wikid smaat ked|Sableye-Mega, F
|-mega|p1a: wikid smaat ked|Sableye|Sablenite
|move|p1a: wikid smaat ked|Calm Mind|p1a: wikid smaat ked
|-boost|p1a: wikid smaat ked|spa|1
|-boost|p1a: wikid smaat ked|spd|1
|move|p2a: Keldeo-Resolute|Scald|p1a: wikid smaat ked
|-crit|p1a: wikid smaat ked
|-damage|p1a: wikid smaat ked|121\/304
|
|turn|2
|
|switch|p2a: Talonflame|Talonflame, F|297\/297
|move|p1a: wikid smaat ked|Recover|p1a: wikid smaat ked
|-heal|p1a: wikid smaat ked|273\/304
|
|turn|3
|c|âSee TC|hack
|
|move|p2a: Talonflame|Brave Bird|p1a: wikid smaat ked
|-damage|p1a: wikid smaat ked|108\/304
|-damage|p2a: Talonflame|243\/297|[from] recoil|[of] p1a: wikid smaat ked
|move|p1a: wikid smaat ked|Dark Pulse|p2a: Talonflame
|-damage|p2a: Talonflame|72\/297
|
|turn|4
|
|switch|p1a: Donphan|Donphan, F|384\/384
|move|p2a: Talonflame|Brave Bird|p1a: Donphan
|-damage|p1a: Donphan|158\/384
|-damage|p2a: Talonflame|0 fnt|[from] recoil|[of] p1a: Donphan
|faint|p2a: Talonflame
|
|-heal|p1a: Donphan|182\/384|[from] item: Leftovers
|
|switch|p2a: Keldeo-Resolute|Keldeo-Resolute|323\/323
|turn|5
|
|move|p2a: Keldeo-Resolute|Scald|p1a: Donphan
|-supereffective|p1a: Donphan
|-damage|p1a: Donphan|0 fnt
|faint|p1a: Donphan
|
|
|switch|p1a: Hydreigon|Hydreigon, M|325\/325
|turn|6
|
|switch|p2a: Tyranitar|Tyranitar, M|341\/341
|-weather|Sandstorm
|move|p1a: Hydreigon|Draco Meteor|p2a: Tyranitar|[miss]
|-miss|p1a: Hydreigon|p2a: Tyranitar
|
|-weather|Sandstorm|[upkeep]
|-damage|p1a: Hydreigon|305\/325|[from] sandstorm
|turn|7
|
|switch|p1a: wikid smaat ked|Sableye-Mega, F|108\/304
|detailschange|p2a: Tyranitar|Tyranitar-Mega, M
|-mega|p2a: Tyranitar|Tyranitar|Tyranitarite
|move|p2a: Tyranitar|Ice Punch|p1a: wikid smaat ked
|-damage|p1a: wikid smaat ked|39\/304
|-status|p1a: wikid smaat ked|frz
|
|-weather|Sandstorm|[upkeep]
|-damage|p1a: wikid smaat ked|20\/304 frz|[from] sandstorm
|turn|8
|
|move|p2a: Tyranitar|Ice Punch|p1a: wikid smaat ked
|-damage|p1a: wikid smaat ked|0 fnt
|faint|p1a: wikid smaat ked
|
|-weather|Sandstorm|[upkeep]
|
|switch|p1a: Registeel|Registeel|363\/363
|turn|9
|
|switch|p2a: Zapdos|Zapdos, shiny|384\/384
|-ability|p2a: Zapdos|Pressure
|move|p1a: Registeel|Thunder Wave|p2a: Zapdos
|-fail|p2a: Zapdos
|
|-weather|Sandstorm|[upkeep]
|-damage|p2a: Zapdos|360\/384|[from] sandstorm
|-heal|p2a: Zapdos|384\/384|[from] item: Leftovers
|turn|10
|
|switch|p1a: Hydreigon|Hydreigon, M|305\/325
|move|p2a: Zapdos|Heat Wave|p1a: Hydreigon
|-resisted|p1a: Hydreigon
|-damage|p1a: Hydreigon|254\/325
|
|-weather|none
|turn|11
|
|switch|p2a: Tyranitar|Tyranitar-Mega, M|341\/341
|-weather|Sandstorm
|move|p1a: Hydreigon|Dark Pulse|p2a: Tyranitar
|-resisted|p2a: Tyranitar
|-damage|p2a: Tyranitar|281\/341
|
|-weather|Sandstorm|[upkeep]
|-damage|p1a: Hydreigon|234\/325|[from] sandstorm
|turn|12
|
|switch|p1a: itto|Ditto|300\/300
|-transform|p1a: itto|p2a: Tyranitar
|move|p2a: Tyranitar|Ice Punch|p1a: itto
|-damage|p1a: itto|231\/300
|
|-weather|Sandstorm|[upkeep]
|turn|13
|
|switch|p1a: Hydreigon|Hydreigon, M|234\/325
|move|p2a: Tyranitar|Earthquake|p1a: Hydreigon
|-immune|p1a: Hydreigon|[msg]
|
|-weather|Sandstorm|[upkeep]
|-damage|p1a: Hydreigon|214\/325|[from] sandstorm
|turn|14
|
|move|p1a: Hydreigon|Flash Cannon|p2a: Tyranitar
|-supereffective|p2a: Tyranitar
|-damage|p2a: Tyranitar|123\/341
|-unboost|p2a: Tyranitar|spd|1
|move|p2a: Tyranitar|Ice Punch|p1a: Hydreigon
|-supereffective|p1a: Hydreigon
|-damage|p1a: Hydreigon|0 fnt
|faint|p1a: Hydreigon
|
|-weather|Sandstorm|[upkeep]
|
|switch|p1a: itto|Ditto|231\/300
|-transform|p1a: itto|p2a: Tyranitar
|turn|15
|
|move|p1a: itto|Earthquake|p2a: Tyranitar
|-supereffective|p2a: Tyranitar
|-damage|p2a: Tyranitar|0 fnt
|faint|p2a: Tyranitar
|
|-weather|none
|
|switch|p2a: Keldeo-Resolute|Keldeo-Resolute|323\/323
|turn|16
|
|switch|p1a: Registeel|Registeel|363\/363
|move|p2a: Keldeo-Resolute|Scald|p1a: Registeel
|-damage|p1a: Registeel|288\/363
|
|turn|17
|
|switch|p2a: Zapdos|Zapdos, shiny|384\/384
|-ability|p2a: Zapdos|Pressure
|move|p1a: Registeel|Stealth Rock|p2a: Zapdos
|-sidestart|p2: songoX|move: Stealth Rock
|
|turn|18
|
|switch|p1a: itto|Ditto|231\/300
|-transform|p1a: itto|p2a: Zapdos
|-ability|p1a: itto|Pressure
|move|p2a: Zapdos|Defog|p1a: itto
|-unboost|p1a: itto|evasion|1
|-sideend|p2: songoX|Stealth Rock|[from] move: Defog|[of] p2a: Zapdos
|
|turn|19
|
|move|p1a: itto|Thunderbolt|p2a: Zapdos
|-damage|p2a: Zapdos|228\/384
|move|p2a: Zapdos|Thunderbolt|p1a: itto
|-crit|p1a: itto
|-damage|p1a: itto|0 fnt
|faint|p1a: itto
|
|-heal|p2a: Zapdos|252\/384|[from] item: Leftovers
|
|switch|p1a: Moltres|Moltres|321\/321
|-ability|p1a: Moltres|Pressure
|turn|20
|
|move|p1a: Moltres|Fire Blast|p2a: Zapdos
|-crit|p2a: Zapdos
|-damage|p2a: Zapdos|0 fnt
|faint|p2a: Zapdos
|
|
|switch|p2a: Keldeo-Resolute|Keldeo-Resolute|323\/323
|turn|21
|
|switch|p1a: Registeel|Registeel|288\/363
|move|p2a: Keldeo-Resolute|Scald|p1a: Registeel
|-damage|p1a: Registeel|213\/363
|
|turn|22
|
|switch|p2a: Jirachi|Jirachi|341\/341
|move|p1a: Registeel|Thunder Wave|p2a: Jirachi
|-status|p2a: Jirachi|par
|
|turn|23
|
|switch|p1a: Moltres|Moltres|321\/321
|-ability|p1a: Moltres|Pressure
|move|p2a: Jirachi|Trick|p1a: Moltres
|-activate|p2a: Jirachi|move: Trick|[of] p1a: Moltres
|-item|p1a: Moltres|Choice Scarf|[from] move: Trick
|-item|p2a: Jirachi|Choice Scarf|[from] move: Trick
|
|turn|24
|
|move|p1a: Moltres|Fire Blast|p2a: Jirachi
|-supereffective|p2a: Jirachi
|-damage|p2a: Jirachi|0 fnt
|faint|p2a: Jirachi
|
|
|switch|p2a: Keldeo-Resolute|Keldeo-Resolute|323\/323
|turn|25
|
|switch|p1a: Registeel|Registeel|213\/363
|move|p2a: Keldeo-Resolute|Scald|p1a: Registeel
|-damage|p1a: Registeel|135\/363
|
|turn|26
|
|move|p2a: Keldeo-Resolute|Scald|p1a: Registeel
|-damage|p1a: Registeel|60\/363
|-status|p1a: Registeel|brn
|move|p1a: Registeel|Thunder Wave|p2a: Keldeo-Resolute
|-status|p2a: Keldeo-Resolute|par
|
|-damage|p1a: Registeel|15\/363 brn|[from] brn
|turn|27
|
|move|p1a: Registeel|Rest|p1a: Registeel
|-status|p1a: Registeel|slp
|-heal|p1a: Registeel|363\/363 slp|[silent]
|-status|p1a: Registeel|slp|[from] move: Rest
|-enditem|p1a: Registeel|Chesto Berry|[eat]
|-curestatus|p1a: Registeel|slp
|move|p2a: Keldeo-Resolute|Scald|p1a: Registeel
|-damage|p1a: Registeel|290\/363
|
|turn|28
|
|move|p1a: Registeel|Stealth Rock|p2a: Keldeo-Resolute
|-sidestart|p2: songoX|move: Stealth Rock
|move|p2a: Keldeo-Resolute|Scald|p1a: Registeel
|-damage|p1a: Registeel|209\/363
|
|turn|29
|
|move|p1a: Registeel|Iron Head|p2a: Keldeo-Resolute
|-resisted|p2a: Keldeo-Resolute
|-damage|p2a: Keldeo-Resolute|282\/323 par
|move|p2a: Keldeo-Resolute|Scald|p1a: Registeel
|-damage|p1a: Registeel|128\/363
|
|turn|30
|
|move|p1a: Registeel|Iron Head|p2a: Keldeo-Resolute
|-resisted|p2a: Keldeo-Resolute
|-damage|p2a: Keldeo-Resolute|243\/323 par
|cant|p2a: Keldeo-Resolute|par
|
|turn|31
|
|move|p1a: Registeel|Iron Head|p2a: Keldeo-Resolute
|-crit|p2a: Keldeo-Resolute
|-resisted|p2a: Keldeo-Resolute
|-damage|p2a: Keldeo-Resolute|185\/323 par
|move|p2a: Keldeo-Resolute|Scald|p1a: Registeel
|-damage|p1a: Registeel|47\/363
|-status|p1a: Registeel|brn
|
|-damage|p1a: Registeel|2\/363 brn|[from] brn
|turn|32
|join|Emma Bae â¥
|
|switch|p2a: Scizor|Scizor, F|344\/344
|-damage|p2a: Scizor|301\/344|[from] Stealth Rock
|move|p1a: Registeel|Rest|p1a: Registeel
|-status|p1a: Registeel|slp
|-heal|p1a: Registeel|363\/363 slp|[silent]
|-status|p1a: Registeel|slp|[from] move: Rest
|
|turn|33
|
|switch|p1a: Moltres|Moltres|321\/321
|-ability|p1a: Moltres|Pressure
|move|p2a: Scizor|Superpower|p1a: Moltres
|-crit|p1a: Moltres
|-resisted|p1a: Moltres
|-damage|p1a: Moltres|169\/321
|-unboost|p2a: Scizor|atk|1
|-unboost|p2a: Scizor|def|1
|-damage|p2a: Scizor|267\/344|[from] item: Life Orb
|
|turn|34
|
|switch|p2a: Keldeo-Resolute|Keldeo-Resolute|185\/323 par
|-damage|p2a: Keldeo-Resolute|165\/323 par|[from] Stealth Rock
|move|p1a: Moltres|Hurricane|p2a: Keldeo-Resolute
|-supereffective|p2a: Keldeo-Resolute
|-damage|p2a: Keldeo-Resolute|0 fnt
|faint|p2a: Keldeo-Resolute
|
|
|switch|p2a: Scizor|Scizor, F|267\/344
|-damage|p2a: Scizor|224\/344|[from] Stealth Rock
|turn|35
|
|move|p1a: Moltres|Hurricane|p2a: Scizor
|-damage|p2a: Scizor|0 fnt
|faint|p2a: Scizor
|
|win|See TC
|raw|Ladder updating...
|raw|See TC's rating: 1427 &rarr; <strong>1444<\/strong><br \/>(+17 for winning)
|raw|songoX's rating: 1372 &rarr; <strong>1355<\/strong><br \/>(-17 for losing)
|leave|songoX
|player|p2