|join|See TC
|join|cacajri
|player|p1|See TC|184
|player|p2|cacajri|1
|gametype|singles
|gen|6
|tier|OU
|rated
|clearpoke
|poke|p1|Moltres
|poke|p1|Donphan, M
|poke|p1|Registeel
|poke|p1|Hydreigon, F
|poke|p1|Sableye, F
|poke|p1|Ditto
|poke|p2|Porygon2
|poke|p2|Ferrothorn, M
|poke|p2|Clefable, F
|poke|p2|Rotom-Wash
|poke|p2|Garchomp, F
|poke|p2|Diancie
|rule|Swagger Clause: Swagger is banned
|rule|Baton Pass Clause: Limit one PokÃ©mon knowing Baton Pass
|rule|Sleep Clause Mod: Limit one foe put to sleep
|rule|Species Clause: Limit one of each PokÃ©mon
|rule|OHKO Clause: OHKO moves are banned
|rule|Moody Clause: Moody is banned
|rule|Evasion Moves Clause: Evasion moves are banned
|rule|Endless Battle Clause: Forcing endless battles is banned
|rule|HP Percentage Mod: HP is shown in percentages
|teampreview
|join|Chainy
|
|start
|switch|p1a: wikid smaat ked|Sableye, F|304\/304
|switch|p2a: Porygon2|Porygon2|364\/364
|-boost|p2a: Porygon2|spa|1|[from] ability: Download
|turn|1
|
|detailschange|p1a: wikid smaat ked|Sableye-Mega, F
|-mega|p1a: wikid smaat ked|Sableye|Sablenite
|move|p1a: wikid smaat ked|Will-O-Wisp|p2a: Porygon2
|-status|p2a: Porygon2|brn
|move|p2a: Porygon2|Ice Beam|p1a: wikid smaat ked
|-damage|p1a: wikid smaat ked|180\/304
|
|-damage|p2a: Porygon2|319\/364 brn|[from] brn
|turn|2
|
|switch|p2a: Diancie|Diancie|242\/242
|move|p1a: wikid smaat ked|Recover|p1a: wikid smaat ked
|-heal|p1a: wikid smaat ked|304\/304
|
|turn|3
|
|switch|p1a: Registeel|Registeel|363\/363
|detailschange|p2a: Diancie|Diancie-Mega
|-mega|p2a: Diancie|Diancie|Diancite
|move|p2a: Diancie|Diamond Storm|p1a: Registeel
|-resisted|p1a: Registeel
|-damage|p1a: Registeel|302\/363
|-boost|p2a: Diancie|def|1
|
|turn|4
|
|switch|p2a: Rotom-Wash|Rotom-Wash|242\/242
|move|p1a: Registeel|Iron Head|p2a: Rotom-Wash
|-resisted|p2a: Rotom-Wash
|-damage|p2a: Rotom-Wash|224\/242
|
|-heal|p2a: Rotom-Wash|239\/242|[from] item: Leftovers
|turn|5
|c| Chainy|ah easy rocks..
|
|move|p2a: Rotom-Wash|Discharge|p1a: Registeel
|-damage|p1a: Registeel|229\/363
|move|p1a: Registeel|Stealth Rock|p2a: Rotom-Wash
|-sidestart|p2: cacajri|move: Stealth Rock
|
|-heal|p2a: Rotom-Wash|242\/242|[from] item: Leftovers
|turn|6
|c| Chainy|:\/
|
|switch|p1a: wikid smaat ked|Sableye-Mega, F|304\/304
|move|p2a: Rotom-Wash|Will-O-Wisp|p1a: wikid smaat ked
|move|p1a: wikid smaat ked|Will-O-Wisp|p2a: Rotom-Wash|[from]Magic Bounce
|-status|p2a: Rotom-Wash|brn
|
|-damage|p2a: Rotom-Wash|212\/242 brn|[from] brn
|turn|7
|
|switch|p1a: Registeel|Registeel|229\/363
|move|p2a: Rotom-Wash|Discharge|p1a: Registeel
|-damage|p1a: Registeel|159\/363
|
|-heal|p2a: Rotom-Wash|227\/242 brn|[from] item: Leftovers
|-damage|p2a: Rotom-Wash|197\/242 brn|[from] brn
|turn|8
|
|move|p2a: Rotom-Wash|Hydro Pump|p1a: Registeel
|-damage|p1a: Registeel|66\/363
|move|p1a: Registeel|Rest|p1a: Registeel
|-status|p1a: Registeel|slp
|-heal|p1a: Registeel|363\/363 slp|[silent]
|-status|p1a: Registeel|slp|[from] move: Rest
|-enditem|p1a: Registeel|Chesto Berry|[eat]
|-curestatus|p1a: Registeel|slp
|
|-heal|p2a: Rotom-Wash|212\/242 brn|[from] item: Leftovers
|-damage|p2a: Rotom-Wash|182\/242 brn|[from] brn
|turn|9
|
|switch|p1a: Hydreigon|Hydreigon, F|325\/325
|move|p2a: Rotom-Wash|Discharge|p1a: Hydreigon
|-resisted|p1a: Hydreigon
|-damage|p1a: Hydreigon|247\/325
|-status|p1a: Hydreigon|par
|
|-heal|p2a: Rotom-Wash|197\/242 brn|[from] item: Leftovers
|-damage|p2a: Rotom-Wash|167\/242 brn|[from] brn
|turn|10
|
|move|p2a: Rotom-Wash|Volt Switch|p1a: Hydreigon
|-resisted|p1a: Hydreigon
|-damage|p1a: Hydreigon|184\/325 par
|
|switch|p2a: Porygon2|Porygon2|319\/364 brn
|-damage|p2a: Porygon2|274\/364 brn|[from] Stealth Rock
|-boost|p2a: Porygon2|atk|1|[from] ability: Download
|move|p1a: Hydreigon|Dark Pulse|p2a: Porygon2
|-damage|p2a: Porygon2|145\/364 brn
|
|-damage|p2a: Porygon2|100\/364 brn|[from] brn
|turn|11
|
|switch|p1a: Donphan|Donphan, M|384\/384
|move|p2a: Porygon2|Recover|p2a: Porygon2
|-heal|p2a: Porygon2|282\/364 brn
|
|-damage|p2a: Porygon2|237\/364 brn|[from] brn
|turn|12
|
|move|p2a: Porygon2|Ice Beam|p1a: Donphan
|-supereffective|p1a: Donphan
|-damage|p1a: Donphan|104\/384
|move|p1a: Donphan|Knock Off|p2a: Porygon2
|-damage|p2a: Porygon2|152\/364 brn
|-enditem|p2a: Porygon2|Eviolite|[from] move: Knock Off|[of] p1a: Donphan
|
|-heal|p1a: Donphan|128\/384|[from] item: Leftovers
|-damage|p2a: Porygon2|107\/364 brn|[from] brn
|turn|13
|
|switch|p1a: itto|Ditto|300\/300
|-transform|p1a: itto|p2a: Porygon2
|-boost|p1a: itto|atk|1|[from] ability: Download
|move|p2a: Porygon2|Ice Beam|p1a: itto
|-damage|p1a: itto|189\/300
|-status|p1a: itto|frz
|
|-damage|p2a: Porygon2|62\/364 brn|[from] brn
|turn|14
|
|cant|p1a: itto|frz
|move|p2a: Porygon2|Recover|p2a: Porygon2
|-heal|p2a: Porygon2|244\/364 brn
|
|-damage|p2a: Porygon2|199\/364 brn|[from] brn
|turn|15
|
|-curestatus|p1a: itto|frz
|move|p1a: itto|Tri Attack|p2a: Porygon2
|-damage|p2a: Porygon2|63\/364 brn
|move|p2a: Porygon2|Tri Attack|p1a: itto
|-damage|p1a: itto|48\/300
|
|-damage|p2a: Porygon2|18\/364 brn|[from] brn
|turn|16
|
|move|p1a: itto|Tri Attack|p2a: Porygon2
|-damage|p2a: Porygon2|0 fnt
|faint|p2a: Porygon2
|
|
|switch|p2a: Rotom-Wash|Rotom-Wash|167\/242 brn
|-damage|p2a: Rotom-Wash|137\/242 brn|[from] Stealth Rock
|turn|17
|
|move|p2a: Rotom-Wash|Discharge|p1a: itto
|-damage|p1a: itto|0 fnt
|faint|p1a: itto
|
|-heal|p2a: Rotom-Wash|152\/242 brn|[from] item: Leftovers
|-damage|p2a: Rotom-Wash|122\/242 brn|[from] brn
|
|switch|p1a: Hydreigon|Hydreigon, F|184\/325 par
|turn|18
|
|move|p2a: Rotom-Wash|Volt Switch|p1a: Hydreigon
|-resisted|p1a: Hydreigon
|-damage|p1a: Hydreigon|121\/325 par
|
|switch|p2a: Clefable|Clefable, F|394\/394
|move|p1a: Hydreigon|Flash Cannon|p2a: Clefable
|-crit|p2a: Clefable
|-supereffective|p2a: Clefable
|-damage|p2a: Clefable|38\/394
|
|-heal|p2a: Clefable|62\/394|[from] item: Leftovers
|turn|19
|
|switch|p1a: Moltres|Moltres|321\/321
|-ability|p1a: Moltres|Pressure
|move|p2a: Clefable|Soft-Boiled|p2a: Clefable
|-heal|p2a: Clefable|259\/394
|
|-heal|p2a: Clefable|283\/394|[from] item: Leftovers
|turn|20
|
|move|p1a: Moltres|Hurricane|p2a: Clefable
|-damage|p2a: Clefable|91\/394
|move|p2a: Clefable|Cosmic Power|p2a: Clefable
|-boost|p2a: Clefable|def|1
|-boost|p2a: Clefable|spd|1
|
|-heal|p2a: Clefable|115\/394|[from] item: Leftovers
|turn|21
|
|move|p1a: Moltres|Hurricane|p2a: Clefable
|-crit|p2a: Clefable
|-damage|p2a: Clefable|0 fnt
|faint|p2a: Clefable
|
|
|switch|p2a: Rotom-Wash|Rotom-Wash|122\/242 brn
|-damage|p2a: Rotom-Wash|92\/242 brn|[from] Stealth Rock
|turn|22
|
|switch|p1a: Donphan|Donphan, M|128\/384
|move|p2a: Rotom-Wash|Hydro Pump|p1a: Donphan
|-supereffective|p1a: Donphan
|-damage|p1a: Donphan|0 fnt
|faint|p1a: Donphan
|
|-heal|p2a: Rotom-Wash|107\/242 brn|[from] item: Leftovers
|-damage|p2a: Rotom-Wash|77\/242 brn|[from] brn
|
|switch|p1a: Hydreigon|Hydreigon, F|121\/325 par
|turn|23
|
|move|p2a: Rotom-Wash|Hydro Pump|p1a: Hydreigon
|-resisted|p1a: Hydreigon
|-damage|p1a: Hydreigon|26\/325 par
|move|p1a: Hydreigon|Dark Pulse|p2a: Rotom-Wash
|-damage|p2a: Rotom-Wash|0 fnt
|faint|p2a: Rotom-Wash
|
|
|switch|p2a: Diancie|Diancie-Mega|242\/242
|-damage|p2a: Diancie|212\/242|[from] Stealth Rock
|turn|24
|
|switch|p1a: Registeel|Registeel|363\/363
|move|p2a: Diancie|Diamond Storm|p1a: Registeel
|-resisted|p1a: Registeel
|-damage|p1a: Registeel|307\/363
|-boost|p2a: Diancie|def|1
|
|turn|25
|
|switch|p2a: Garchomp|Garchomp, F|358\/358
|-damage|p2a: Garchomp|336\/358|[from] Stealth Rock
|switch|p1a: Moltres|Moltres|321\/321
|-ability|p1a: Moltres|Pressure
|
|turn|26
|
|move|p1a: Moltres|Hurricane|p2a: Garchomp
|-damage|p2a: Garchomp|116\/358
|move|p2a: Garchomp|Swords Dance|p2a: Garchomp
|-boost|p2a: Garchomp|atk|2
|
|turn|27
|
|move|p1a: Moltres|Hurricane|p2a: Garchomp
|-damage|p2a: Garchomp|0 fnt
|faint|p2a: Garchomp
|
|
|switch|p2a: Diancie|Diancie-Mega|212\/242
|-damage|p2a: Diancie|182\/242|[from] Stealth Rock
|turn|28
|
|switch|p1a: Registeel|Registeel|307\/363
|move|p2a: Diancie|Earth Power|p1a: Registeel
|-supereffective|p1a: Registeel
|-damage|p1a: Registeel|163\/363
|
|turn|29
|
|move|p2a: Diancie|Diamond Storm|p1a: Registeel
|-resisted|p1a: Registeel
|-damage|p1a: Registeel|112\/363
|move|p1a: Registeel|Iron Head|p2a: Diancie
|-supereffective|p2a: Diancie
|-damage|p2a: Diancie|0 fnt
|faint|p2a: Diancie
|
|-message|cacajri forfeited.
|
|win|See TC
|raw|Ladder updating...
|leave|cacajri
|player|p2
|raw|See TC's rating: 1524 &rarr; <strong>1539<\/strong><br \/>(+15 for winning)
|raw|cacajri's rating: 1439 &rarr; <strong>1424<\/strong><br \/>(-15 for losing)