|join|Wooliest Mammoth
|join|svartwolf
|player|p1|Wooliest Mammoth|101
|player|p2|svartwolf|2
|gametype|singles
|gen|6
|tier|OU
|rated
|clearpoke
|poke|p1|Dragonite, F
|poke|p1|Manectric, F
|poke|p1|Gliscor, F
|poke|p1|Infernape, M
|poke|p1|Weavile, F
|poke|p1|Tentacruel, F
|poke|p2|Chandelure, F
|poke|p2|Gliscor, M
|poke|p2|Rotom-Wash
|poke|p2|Gardevoir, F
|poke|p2|Excadrill, F
|poke|p2|Tyranitar, F
|rule|Swagger Clause: Swagger is banned
|rule|Baton Pass Clause: Limit one PokÃ©mon knowing Baton Pass
|rule|Sleep Clause Mod: Limit one foe put to sleep
|rule|Species Clause: Limit one of each PokÃ©mon
|rule|OHKO Clause: OHKO moves are banned
|rule|Moody Clause: Moody is banned
|rule|Evasion Moves Clause: Evasion moves are banned
|rule|Endless Battle Clause: Forcing endless battles is banned
|rule|HP Percentage Mod: HP is shown in percentages
|teampreview
|
|start
|switch|p1a: Manectric|Manectric, F|281\/281
|switch|p2a: Natascha|Tyranitar, F|404\/404
|-weather|Sandstorm
|turn|1
|
|detailschange|p1a: Manectric|Manectric-Mega, F
|message|Manectric has Mega Evolved into Mega Manectric!
|-ability|p1a: Manectric|Intimidate|[of] p2a: Natascha
|-unboost|p2a: Natascha|atk|1
|move|p1a: Manectric|Volt Switch|p2a: Natascha
|-damage|p2a: Natascha|346\/404
|
|switch|p1a: Gliscor|Gliscor, F|354\/354
|move|p2a: Natascha|Stealth Rock|p1a: Gliscor
|-sidestart|p1: Wooliest Mammoth|move: Stealth Rock
|
|-weather|Sandstorm|[upkeep]
|-heal|p2a: Natascha|371\/404|[from] item: Leftovers
|-status|p1a: Gliscor|tox|[from] item: Toxic Orb
|turn|2
|
|move|p1a: Gliscor|Protect|p1a: Gliscor
|-singleturn|p1a: Gliscor|Protect
|move|p2a: Natascha|Dragon Tail|p1a: Gliscor
|-activate|p1a: Gliscor|Protect
|
|-weather|Sandstorm|[upkeep]
|-heal|p2a: Natascha|396\/404|[from] item: Leftovers
|turn|3
|
|move|p1a: Gliscor|Earthquake|p2a: Natascha
|-supereffective|p2a: Natascha
|-damage|p2a: Natascha|192\/404
|move|p2a: Natascha|Dragon Tail|p1a: Gliscor
|-damage|p1a: Gliscor|326\/354 tox
|drag|p1a: Dragonite|Dragonite, F|323\/323
|-damage|p1a: Dragonite|243\/323|[from] Stealth Rock
|
|-weather|Sandstorm|[upkeep]
|-damage|p1a: Dragonite|223\/323|[from] sandstorm
|-heal|p2a: Natascha|217\/404|[from] item: Leftovers
|turn|4
|
|move|p1a: Dragonite|Outrage|p2a: Natascha
|-damage|p2a: Natascha|0 fnt
|faint|p2a: Natascha
|
|-weather|Sandstorm|[upkeep]
|-damage|p1a: Dragonite|203\/323|[from] sandstorm
|
|switch|p2a: Elizabetha|Gardevoir, F|278\/278
|-ability|p2a: Elizabetha|Multiscale|[from] ability: Trace|[of] p1a: Dragonite
|turn|5
|
|detailschange|p2a: Elizabetha|Gardevoir-Mega, F
|message|Gardevoir has Mega Evolved into Mega Gardevoir!
|move|p2a: Elizabetha|Hyper Voice|p1a: Dragonite
|-supereffective|p1a: Dragonite
|-damage|p1a: Dragonite|0 fnt
|faint|p1a: Dragonite
|
|-weather|none
|
|switch|p1a: Tentacruel|Tentacruel, F|357\/357
|-damage|p1a: Tentacruel|313\/357|[from] Stealth Rock
|turn|6
|
|move|p2a: Elizabetha|Psyshock|p1a: Tentacruel
|-supereffective|p1a: Tentacruel
|-damage|p1a: Tentacruel|0 fnt
|faint|p1a: Tentacruel
|
|
|switch|p1a: Weavile|Weavile, F|281\/281
|-damage|p1a: Weavile|211\/281|[from] Stealth Rock
|-ability|p1a: Weavile|Pressure
|turn|7
|
|switch|p2a: Chevalier Joan|Excadrill, F|362\/362
|move|p1a: Weavile|Knock Off|p2a: Chevalier Joan
|-damage|p2a: Chevalier Joan|57\/362
|-enditem|p2a: Chevalier Joan|Life Orb|[from] move: Knock Off|[of] p1a: Weavile
|-damage|p1a: Weavile|183\/281|[from] item: Life Orb
|
|turn|8
|
|move|p1a: Weavile|Knock Off|p2a: Chevalier Joan
|-crit|p2a: Chevalier Joan
|-damage|p2a: Chevalier Joan|0 fnt
|-damage|p1a: Weavile|155\/281|[from] item: Life Orb
|faint|p2a: Chevalier Joan
|
|
|switch|p2a: Hermes|Rotom-Wash|304\/304
|turn|9
|
|move|p1a: Weavile|Knock Off|p2a: Hermes
|-damage|p2a: Hermes|101\/304
|-enditem|p2a: Hermes|Leftovers|[from] move: Knock Off|[of] p1a: Weavile
|-damage|p1a: Weavile|127\/281|[from] item: Life Orb
|move|p2a: Hermes|Will-O-Wisp|p1a: Weavile
|-status|p1a: Weavile|brn
|
|-damage|p1a: Weavile|92\/281 brn|[from] brn
|turn|10
|
|move|p1a: Weavile|Knock Off|p2a: Hermes
|-damage|p2a: Hermes|31\/304
|-damage|p1a: Weavile|64\/281 brn|[from] item: Life Orb
|move|p2a: Hermes|Volt Switch|p1a: Weavile
|-damage|p1a: Weavile|0 fnt
|faint|p1a: Weavile
|
|switch|p2a: Sir Mordred|Gliscor, M|354\/354
|
|-status|p2a: Sir Mordred|tox|[from] item: Toxic Orb
|
|switch|p1a: Manectric|Manectric-Mega, F|281\/281
|-damage|p1a: Manectric|246\/281|[from] Stealth Rock
|-ability|p1a: Manectric|Intimidate|[of] p2a: Sir Mordred
|-unboost|p2a: Sir Mordred|atk|1
|turn|11
|c|âsvartwolf|its me or this isnt the first time we fight and that monkey have nasty plot?
|
|switch|p2a: Hermes|Rotom-Wash|31\/304
|move|p1a: Manectric|Hidden Power|p2a: Hermes
|-resisted|p2a: Hermes
|-damage|p2a: Hermes|7\/304
|
|turn|12
|
|move|p1a: Manectric|Thunderbolt|p2a: Hermes
|-crit|p2a: Hermes
|-damage|p2a: Hermes|0 fnt
|faint|p2a: Hermes
|
|
|switch|p2a: FataMorgana|Chandelure, F|262\/262
|turn|13
|c|âWooliest Mammoth|It might.. that would be a nasty plot huehuehue
|
|move|p1a: Manectric|Volt Switch|p2a: FataMorgana
|-damage|p2a: FataMorgana|120\/262
|
|switch|p1a: Infernape|Infernape, M|293\/293
|-damage|p1a: Infernape|257\/293|[from] Stealth Rock
|move|p2a: FataMorgana|Overheat|p1a: Infernape|[miss]
|-miss|p2a: FataMorgana|p1a: Infernape
|
|turn|14
|c|âsvartwolf|heheh you obviously dont need to answer me yet.. but it would be funny if i remembered it...
|c|âsvartwolf|oh, and nice speed by the way
|
|move|p2a: FataMorgana|Overheat|p1a: Infernape
|-resisted|p1a: Infernape
|-damage|p1a: Infernape|47\/293
|-unboost|p2a: FataMorgana|spa|2
|move|p1a: Infernape|Stealth Rock|p2a: FataMorgana
|-sidestart|p2: svartwolf|move: Stealth Rock
|
|turn|15
|
|move|p2a: FataMorgana|Overheat|p1a: Infernape
|-resisted|p1a: Infernape
|-damage|p1a: Infernape|0 fnt
|-unboost|p2a: FataMorgana|spa|2
|faint|p1a: Infernape
|
|c|âWooliest Mammoth|It's a sash lead lol
|
|switch|p1a: Manectric|Manectric-Mega, F|246\/281
|-damage|p1a: Manectric|211\/281|[from] Stealth Rock
|-ability|p1a: Manectric|Intimidate|[of] p2a: FataMorgana
|-unboost|p2a: FataMorgana|atk|1
|turn|16
|c|âsvartwolf|dang, then gliscor would have dominated it :c
|
|move|p1a: Manectric|Thunderbolt|p2a: FataMorgana
|-damage|p2a: FataMorgana|0 fnt
|faint|p2a: FataMorgana
|
|
|switch|p2a: Elizabetha|Gardevoir-Mega, F|278\/278
|-damage|p2a: Elizabetha|244\/278|[from] Stealth Rock
|turn|17
|
|move|p1a: Manectric|Volt Switch|p2a: Elizabetha
|-damage|p2a: Elizabetha|141\/278
|
|switch|p1a: Gliscor|Gliscor, F|326\/354 tox
|-damage|p1a: Gliscor|282\/354 tox|[from] Stealth Rock
|move|p2a: Elizabetha|Hyper Voice|p1a: Gliscor
|-damage|p1a: Gliscor|0 fnt
|faint|p1a: Gliscor
|
|
|switch|p1a: Manectric|Manectric-Mega, F|211\/281
|-damage|p1a: Manectric|176\/281|[from] Stealth Rock
|-ability|p1a: Manectric|Intimidate|[of] p2a: Elizabetha
|-unboost|p2a: Elizabetha|atk|1
|turn|18
|
|move|p1a: Manectric|Thunderbolt|p2a: Elizabetha
|-crit|p2a: Elizabetha
|-damage|p2a: Elizabetha|0 fnt
|faint|p2a: Elizabetha
|
|c|âsvartwolf|obviously a crit
|c|âsvartwolf|:c
|
|switch|p2a: Sir Mordred|Gliscor, M|354\/354 tox
|-damage|p2a: Sir Mordred|310\/354 tox|[from] Stealth Rock
|turn|19
|c|âWooliest Mammoth|:o
|c|âsvartwolf|gg
|
|move|p1a: Manectric|Hidden Power|p2a: Sir Mordred
|-supereffective|p2a: Sir Mordred
|-damage|p2a: Sir Mordred|0 fnt
|faint|p2a: Sir Mordred
|
|win|Wooliest Mammoth
|raw|Ladder updating...
|raw|Wooliest Mammoth's rating: 1607 &rarr; <strong>1622<\/strong><br \/>(+15 for winning)
|raw|svartwolf's rating: 1521 &rarr; <strong>1506<\/strong><br \/>(-15 for losing)
|c|âWooliest Mammoth|gg
|leave|svartwolf
|player|p2