|join|Wooliest Mammoth
|join|itachiwannabe
|player|p1|Wooliest Mammoth|101
|player|p2|itachiwannabe|266
|gametype|singles
|gen|6
|tier|OU
|rated
|clearpoke
|poke|p1|Alakazam, F
|poke|p1|Tyranitar, F
|poke|p1|Excadrill, F
|poke|p1|Azumarill, F
|poke|p1|Mamoswine, F
|poke|p1|Gengar, M
|poke|p2|Aerodactyl, F
|poke|p2|Heatran, M
|poke|p2|Suicune
|poke|p2|Scizor, M
|poke|p2|Latios, M
|poke|p2|Chesnaught, F
|rule|Swagger Clause: Swagger is banned
|rule|Baton Pass Clause: Limit one PokÃ©mon knowing Baton Pass
|rule|Sleep Clause Mod: Limit one foe put to sleep
|rule|Species Clause: Limit one of each PokÃ©mon
|rule|OHKO Clause: OHKO moves are banned
|rule|Moody Clause: Moody is banned
|rule|Evasion Moves Clause: Evasion moves are banned
|rule|Endless Battle Clause: Forcing endless battles is banned
|rule|HP Percentage Mod: HP is shown in percentages
|teampreview
|
|start
|switch|p1a: Mamoswine|Mamoswine, F|361\/361
|switch|p2a: Aerodactyl|Aerodactyl, F|302\/302
|-ability|p2a: Aerodactyl|Unnerve|p1: Wooliest Mammoth
|turn|1
|
|detailschange|p2a: Aerodactyl|Aerodactyl-Mega, F
|message|Aerodactyl has Mega Evolved into Mega Aerodactyl!
|move|p2a: Aerodactyl|Aqua Tail|p1a: Mamoswine
|-supereffective|p1a: Mamoswine
|-enditem|p1a: Mamoswine|Focus Sash
|-damage|p1a: Mamoswine|1\/361
|move|p1a: Mamoswine|Icicle Spear|p2a: Aerodactyl
|-supereffective|p2a: Aerodactyl
|-damage|p2a: Aerodactyl|198\/302
|-supereffective|p2a: Aerodactyl
|-damage|p2a: Aerodactyl|94\/302
|-hitcount|p2a: Aerodactyl|2
|
|turn|2
|
|switch|p2a: Scizor|Scizor, M|344\/344
|move|p1a: Mamoswine|Ice Shard|p2a: Scizor
|-resisted|p2a: Scizor
|-damage|p2a: Scizor|310\/344
|
|-heal|p2a: Scizor|331\/344|[from] item: Leftovers
|turn|3
|
|switch|p1a: Azumarill|Azumarill, F|345\/345
|move|p2a: Scizor|Bullet Punch|p1a: Azumarill
|-damage|p1a: Azumarill|203\/345
|
|-heal|p2a: Scizor|344\/344|[from] item: Leftovers
|turn|4
|
|move|p1a: Azumarill|Waterfall|p2a: Scizor
|-damage|p2a: Scizor|172\/344
|move|p2a: Scizor|Swords Dance|p2a: Scizor
|-boost|p2a: Scizor|atk|2
|
|-heal|p2a: Scizor|193\/344|[from] item: Leftovers
|turn|5
|
|switch|p1a: Excadrill|Excadrill, F|361\/361
|-item|p1a: Excadrill|Air Balloon
|move|p2a: Scizor|Bullet Punch|p1a: Excadrill
|-resisted|p1a: Excadrill
|-damage|p1a: Excadrill|171\/361
|-enditem|p1a: Excadrill|Air Balloon
|
|-heal|p2a: Scizor|214\/344|[from] item: Leftovers
|turn|6
|
|move|p2a: Scizor|Bullet Punch|p1a: Excadrill
|-resisted|p1a: Excadrill
|-damage|p1a: Excadrill|10\/361
|move|p1a: Excadrill|Earthquake|p2a: Scizor
|-damage|p2a: Scizor|9\/344
|
|-heal|p2a: Scizor|30\/344|[from] item: Leftovers
|turn|7
|
|move|p2a: Scizor|Bullet Punch|p1a: Excadrill
|-crit|p1a: Excadrill
|-resisted|p1a: Excadrill
|-damage|p1a: Excadrill|0 fnt
|faint|p1a: Excadrill
|
|-heal|p2a: Scizor|51\/344|[from] item: Leftovers
|
|switch|p1a: Mamoswine|Mamoswine, F|1\/361
|turn|8
|
|move|p1a: Mamoswine|Ice Shard|p2a: Scizor
|-resisted|p2a: Scizor
|-damage|p2a: Scizor|13\/344
|move|p2a: Scizor|Bullet Punch|p1a: Mamoswine
|-supereffective|p1a: Mamoswine
|-damage|p1a: Mamoswine|0 fnt
|faint|p1a: Mamoswine
|
|-heal|p2a: Scizor|34\/344|[from] item: Leftovers
|
|switch|p1a: Azumarill|Azumarill, F|203\/345
|turn|9
|
|move|p1a: Azumarill|Aqua Jet|p2a: Scizor
|-damage|p2a: Scizor|0 fnt
|faint|p2a: Scizor
|
|
|switch|p2a: Chesnaught|Chesnaught, F|380\/380
|turn|10
|
|switch|p1a: Tyranitar|Tyranitar, F|341\/341
|-weather|Sandstorm
|move|p2a: Chesnaught|Wood Hammer|p1a: Tyranitar
|-supereffective|p1a: Tyranitar
|-damage|p1a: Tyranitar|21\/341
|-damage|p2a: Chesnaught|274\/380|[from] recoil|[of] p1a: Tyranitar
|
|-weather|Sandstorm|[upkeep]
|-damage|p2a: Chesnaught|251\/380|[from] sandstorm
|-heal|p2a: Chesnaught|274\/380|[from] item: Leftovers
|turn|11
|
|move|p1a: Tyranitar|Ice Beam|p2a: Chesnaught
|-supereffective|p2a: Chesnaught
|-damage|p2a: Chesnaught|104\/380
|move|p2a: Chesnaught|Power-Up Punch|p1a: Tyranitar
|-supereffective|p1a: Tyranitar
|-damage|p1a: Tyranitar|0 fnt
|-boost|p2a: Chesnaught|atk|1
|faint|p1a: Tyranitar
|
|-weather|Sandstorm|[upkeep]
|-damage|p2a: Chesnaught|81\/380|[from] sandstorm
|-heal|p2a: Chesnaught|104\/380|[from] item: Leftovers
|
|switch|p1a: Alakazam|Alakazam, F|259\/259
|turn|12
|
|move|p2a: Chesnaught|Spiky Shield|p2a: Chesnaught
|-singleturn|p2a: Chesnaught|move: Protect
|move|p1a: Alakazam|Shadow Ball|p2a: Chesnaught
|-activate|p2a: Chesnaught|move: Protect
|
|-weather|Sandstorm|[upkeep]
|-damage|p2a: Chesnaught|81\/380|[from] sandstorm
|-heal|p2a: Chesnaught|104\/380|[from] item: Leftovers
|turn|13
|
|move|p1a: Alakazam|Psychic|p2a: Chesnaught
|-supereffective|p2a: Chesnaught
|-damage|p2a: Chesnaught|0 fnt
|faint|p2a: Chesnaught
|
|-weather|Sandstorm|[upkeep]
|
|switch|p2a: Heatran|Heatran, M|386\/386
|turn|14
|
|detailschange|p1a: Alakazam|Alakazam-Mega, F
|message|Alakazam has Mega Evolved into Mega Alakazam!
|-ability|p1a: Alakazam|Flash Fire|[from] ability: Trace|[of] p2a: Heatran
|move|p1a: Alakazam|Focus Blast|p2a: Heatran
|-supereffective|p2a: Heatran
|-damage|p2a: Heatran|108\/386
|move|p2a: Heatran|Earth Power|p1a: Alakazam
|-damage|p1a: Alakazam|166\/259
|-unboost|p1a: Alakazam|spd|1
|
|-weather|none
|-heal|p2a: Heatran|132\/386|[from] item: Leftovers
|turn|15
|
|move|p1a: Alakazam|Shadow Ball|p2a: Heatran
|-damage|p2a: Heatran|38\/386
|-unboost|p2a: Heatran|spd|1
|move|p2a: Heatran|Earth Power|p1a: Alakazam
|-damage|p1a: Alakazam|28\/259
|
|-heal|p2a: Heatran|62\/386|[from] item: Leftovers
|turn|16
|
|move|p1a: Alakazam|Shadow Ball|p2a: Heatran
|-damage|p2a: Heatran|0 fnt
|faint|p2a: Heatran
|
|
|switch|p2a: Suicune|Suicune|404\/404
|-ability|p2a: Suicune|Pressure
|turn|17
|
|switch|p1a: Azumarill|Azumarill, F|203\/345
|move|p2a: Suicune|Scald|p1a: Azumarill
|-resisted|p1a: Azumarill
|-damage|p1a: Azumarill|171\/345
|
|turn|18
|
|move|p2a: Suicune|Calm Mind|p2a: Suicune
|-boost|p2a: Suicune|spa|1
|-boost|p2a: Suicune|spd|1
|move|p1a: Azumarill|Knock Off|p2a: Suicune
|-damage|p2a: Suicune|314\/404
|-enditem|p2a: Suicune|Leftovers|[from] move: Knock Off|[of] p1a: Azumarill
|
|turn|19
|
|move|p2a: Suicune|Calm Mind|p2a: Suicune
|-boost|p2a: Suicune|spa|1
|-boost|p2a: Suicune|spd|1
|move|p1a: Azumarill|Play Rough|p2a: Suicune
|-damage|p2a: Suicune|194\/404
|
|turn|20
|
|move|p2a: Suicune|Calm Mind|p2a: Suicune
|-boost|p2a: Suicune|spa|1
|-boost|p2a: Suicune|spd|1
|move|p1a: Azumarill|Play Rough|p2a: Suicune
|-damage|p2a: Suicune|61\/404
|
|turn|21
|
|move|p2a: Suicune|Rest|p2a: Suicune
|-status|p2a: Suicune|slp
|-heal|p2a: Suicune|404\/404 slp|[silent]
|-status|p2a: Suicune|slp|[from] move: Rest
|move|p1a: Azumarill|Play Rough|p2a: Suicune
|-damage|p2a: Suicune|280\/404 slp
|
|turn|22
|
|cant|p2a: Suicune|slp
|move|p2a: Suicune|Sleep Talk|p2a: Suicune
|move|p2a: Suicune|Calm Mind|p2a: Suicune|[from]Sleep Talk
|-boost|p2a: Suicune|spa|1
|-boost|p2a: Suicune|spd|1
|move|p1a: Azumarill|Play Rough|p2a: Suicune
|-damage|p2a: Suicune|153\/404 slp
|
|turn|23
|
|cant|p2a: Suicune|slp
|move|p2a: Suicune|Sleep Talk|p2a: Suicune
|move|p2a: Suicune|Calm Mind|p2a: Suicune|[from]Sleep Talk
|-boost|p2a: Suicune|spa|1
|-boost|p2a: Suicune|spd|1
|move|p1a: Azumarill|Play Rough|p2a: Suicune
|-damage|p2a: Suicune|35\/404 slp
|
|turn|24
|
|move|p1a: Azumarill|Aqua Jet|p2a: Suicune
|-crit|p2a: Suicune
|-resisted|p2a: Suicune
|-damage|p2a: Suicune|0 fnt
|faint|p2a: Suicune
|
|
|switch|p2a: Latios|Latios, M|302\/302
|turn|25
|
|move|p2a: Latios|Thunderbolt|p1a: Azumarill
|-supereffective|p1a: Azumarill
|-damage|p1a: Azumarill|0 fnt
|-damage|p2a: Latios|272\/302|[from] item: Life Orb
|faint|p1a: Azumarill
|
|
|switch|p1a: Alakazam|Alakazam-Mega, F|28\/259
|-ability|p1a: Alakazam|Levitate|[from] ability: Trace|[of] p2a: Latios
|turn|26
|
|move|p1a: Alakazam|Shadow Ball|p2a: Latios
|-supereffective|p2a: Latios
|-damage|p2a: Latios|38\/302
|move|p2a: Latios|Thunderbolt|p1a: Alakazam
|-damage|p1a: Alakazam|0 fnt
|-damage|p2a: Latios|8\/302|[from] item: Life Orb
|faint|p1a: Alakazam
|
|
|switch|p1a: Gengar|Gengar, M|262\/262
|turn|27
|
|move|p1a: Gengar|Substitute|p1a: Gengar
|-start|p1a: Gengar|Substitute
|-damage|p1a: Gengar|197\/262
|move|p2a: Latios|Draco Meteor|p1a: Gengar|[miss]
|-miss|p2a: Latios|p1a: Gengar
|
|-heal|p1a: Gengar|213\/262|[from] item: Black Sludge
|turn|28
|
|move|p2a: Latios|Thunderbolt|p1a: Gengar
|-end|p1a: Gengar|Substitute
|-damage|p2a: Latios|0 fnt|[from] item: Life Orb
|faint|p2a: Latios
|move|p1a: Gengar|Shadow Ball|p2: Latios|[notarget]
|-notarget
|
|-heal|p1a: Gengar|229\/262|[from] item: Black Sludge
|
|switch|p2a: Aerodactyl|Aerodactyl-Mega, F|94\/302
|turn|29
|
|move|p2a: Aerodactyl|Rock Slide|p1a: Gengar
|-damage|p1a: Gengar|10\/262
|move|p1a: Gengar|Shadow Ball|p2a: Aerodactyl
|-damage|p2a: Aerodactyl|0 fnt
|faint|p2a: Aerodactyl
|
|win|Wooliest Mammoth
|raw|Ladder updating...
|raw|Wooliest Mammoth's rating: 1404 &rarr; <strong>1424<\/strong><br \/>(+20 for winning)
|raw|itachiwannabe's rating: 1394 &rarr; <strong>1374<\/strong><br \/>(-20 for losing)