|join|Sniper267
|join|Wooliest Mammoth
|player|p1|Sniper267|2
|player|p2|Wooliest Mammoth|101
|gametype|singles
|gen|6
|tier|OU
|rated
|clearpoke
|poke|p1|Conkeldurr, M
|poke|p1|Talonflame, F
|poke|p1|Latios, M
|poke|p1|Forretress, M
|poke|p1|Scizor, F
|poke|p1|Blissey, F
|poke|p2|Dragonite, M
|poke|p2|Manectric, M
|poke|p2|Gliscor, M
|poke|p2|Infernape, F
|poke|p2|Weavile, F
|poke|p2|Tentacruel, F
|rule|Swagger Clause: Swagger is banned
|rule|Baton Pass Clause: Limit one PokÃ©mon knowing Baton Pass
|rule|Sleep Clause Mod: Limit one foe put to sleep
|rule|Species Clause: Limit one of each PokÃ©mon
|rule|OHKO Clause: OHKO moves are banned
|rule|Moody Clause: Moody is banned
|rule|Evasion Moves Clause: Evasion moves are banned
|rule|Endless Battle Clause: Forcing endless battles is banned
|rule|HP Percentage Mod: HP is shown in percentages
|teampreview
|
|start
|switch|p1a: Conkeldurr|Conkeldurr, M|414\/414
|switch|p2a: Infernape|Infernape, F|293\/293
|turn|1
|
|move|p2a: Infernape|Close Combat|p1a: Conkeldurr
|-damage|p1a: Conkeldurr|251\/414
|-unboost|p2a: Infernape|def|1
|-unboost|p2a: Infernape|spd|1
|move|p1a: Conkeldurr|Knock Off|p2a: Infernape
|-resisted|p2a: Infernape
|-damage|p2a: Infernape|169\/293
|-enditem|p2a: Infernape|Focus Sash|[from] move: Knock Off|[of] p1a: Conkeldurr
|
|turn|2
|
|move|p1a: Conkeldurr|Mach Punch|p2a: Infernape
|-damage|p2a: Infernape|0 fnt
|faint|p2a: Infernape
|
|
|switch|p2a: Manectric|Manectric, M|281\/281
|turn|3
|
|detailschange|p2a: Manectric|Manectric-Mega, M
|message|Manectric has Mega Evolved into Mega Manectric!
|-ability|p2a: Manectric|Intimidate|[of] p1a: Conkeldurr
|-unboost|p1a: Conkeldurr|atk|1
|move|p2a: Manectric|Volt Switch|p1a: Conkeldurr
|-damage|p1a: Conkeldurr|131\/414
|
|switch|p2a: Gliscor|Gliscor, M|354\/354
|move|p1a: Conkeldurr|Knock Off|p2a: Gliscor
|-damage|p2a: Gliscor|296\/354
|-enditem|p2a: Gliscor|Toxic Orb|[from] move: Knock Off|[of] p1a: Conkeldurr
|
|turn|4
|
|switch|p1a: Forretress|Forretress, M|354\/354
|move|p2a: Gliscor|Earthquake|p1a: Forretress
|-damage|p1a: Forretress|285\/354
|
|-heal|p1a: Forretress|307\/354|[from] item: Leftovers
|turn|5
|
|move|p2a: Gliscor|Knock Off|p1a: Forretress
|-damage|p1a: Forretress|265\/354
|-enditem|p1a: Forretress|Leftovers|[from] move: Knock Off|[of] p2a: Gliscor
|move|p1a: Forretress|Stealth Rock|p2a: Gliscor
|-sidestart|p2: Wooliest Mammoth|move: Stealth Rock
|
|turn|6
|
|switch|p2a: Manectric|Manectric-Mega, M|281\/281
|-damage|p2a: Manectric|246\/281|[from] Stealth Rock
|-ability|p2a: Manectric|Intimidate|[of] p1a: Forretress
|-unboost|p1a: Forretress|atk|1
|move|p1a: Forretress|Volt Switch|p2a: Manectric
|-resisted|p2a: Manectric
|-damage|p2a: Manectric|225\/281
|
|switch|p1a: Conkeldurr|Conkeldurr, M|131\/414
|
|turn|7
|
|move|p2a: Manectric|Thunderbolt|p1a: Conkeldurr
|-damage|p1a: Conkeldurr|0 fnt
|faint|p1a: Conkeldurr
|
|
|switch|p1a: Latios|Latios, M|302\/302
|turn|8
|
|move|p2a: Manectric|Hidden Power|p1a: Latios
|-supereffective|p1a: Latios
|-damage|p1a: Latios|172\/302
|move|p1a: Latios|Psyshock|p2a: Manectric
|-damage|p2a: Manectric|0 fnt
|faint|p2a: Manectric
|
|
|switch|p2a: Weavile|Weavile, F|281\/281
|-damage|p2a: Weavile|211\/281|[from] Stealth Rock
|-ability|p2a: Weavile|Pressure
|turn|9
|
|switch|p1a: Forretress|Forretress, M|265\/354
|move|p2a: Weavile|Knock Off|p1a: Forretress
|-damage|p1a: Forretress|187\/354
|-damage|p2a: Weavile|183\/281|[from] item: Life Orb
|
|turn|10
|
|switch|p2a: Tentacruel|Tentacruel, F|357\/357
|-damage|p2a: Tentacruel|313\/357|[from] Stealth Rock
|move|p1a: Forretress|Spikes|p2a: Tentacruel
|-sidestart|p2: Wooliest Mammoth|Spikes
|
|-heal|p2a: Tentacruel|335\/357|[from] item: Black Sludge
|turn|11
|
|move|p2a: Tentacruel|Scald|p1a: Forretress
|-damage|p1a: Forretress|60\/354
|-status|p1a: Forretress|brn
|move|p1a: Forretress|Stealth Rock|p2a: Tentacruel
|-fail|p2a: Tentacruel
|
|-heal|p2a: Tentacruel|357\/357|[from] item: Black Sludge
|-damage|p1a: Forretress|16\/354 brn|[from] brn
|turn|12
|
|move|p2a: Tentacruel|Rapid Spin|p1a: Forretress
|-resisted|p1a: Forretress
|-damage|p1a: Forretress|12\/354 brn
|-sideend|p2: Wooliest Mammoth|Spikes|[from] move: Rapid Spin|[of] p2a: Tentacruel
|-sideend|p2: Wooliest Mammoth|Stealth Rock|[from] move: Rapid Spin|[of] p2a: Tentacruel
|move|p1a: Forretress|Stealth Rock|p2a: Tentacruel
|-sidestart|p2: Wooliest Mammoth|move: Stealth Rock
|
|-damage|p1a: Forretress|0 fnt|[from] brn
|faint|p1a: Forretress
|
|switch|p1a: Latios|Latios, M|172\/302
|turn|13
|
|move|p1a: Latios|Thunderbolt|p2a: Tentacruel
|-supereffective|p2a: Tentacruel
|-damage|p2a: Tentacruel|159\/357
|move|p2a: Tentacruel|Rapid Spin|p1a: Latios
|-damage|p1a: Latios|157\/302
|-sideend|p2: Wooliest Mammoth|Stealth Rock|[from] move: Rapid Spin|[of] p2a: Tentacruel
|
|-heal|p2a: Tentacruel|181\/357|[from] item: Black Sludge
|turn|14
|
|switch|p1a: Scizor|Scizor, F|344\/344
|switch|p2a: Gliscor|Gliscor, M|296\/354
|
|turn|15
|
|switch|p2a: Dragonite|Dragonite, M|323\/323
|move|p1a: Scizor|Bullet Punch|p2a: Dragonite
|-damage|p2a: Dragonite|232\/323
|
|turn|16
|
|move|p1a: Scizor|Bullet Punch|p2a: Dragonite
|-damage|p2a: Dragonite|55\/323
|move|p2a: Dragonite|Fire Punch|p1a: Scizor
|-supereffective|p1a: Scizor
|-damage|p1a: Scizor|0 fnt
|faint|p1a: Scizor
|
|
|switch|p1a: Latios|Latios, M|157\/302
|turn|17
|
|switch|p2a: Tentacruel|Tentacruel, F|181\/357
|move|p1a: Latios|Psyshock|p2a: Tentacruel
|-supereffective|p2a: Tentacruel
|-damage|p2a: Tentacruel|0 fnt
|faint|p2a: Tentacruel
|
|
|switch|p2a: Weavile|Weavile, F|183\/281
|-ability|p2a: Weavile|Pressure
|turn|18
|
|switch|p1a: Blissey|Blissey, F|714\/714
|move|p2a: Weavile|Knock Off|p1a: Blissey
|-damage|p1a: Blissey|315\/714
|-enditem|p1a: Blissey|Leftovers|[from] move: Knock Off|[of] p2a: Weavile
|-damage|p2a: Weavile|155\/281|[from] item: Life Orb
|
|turn|19
|
|move|p2a: Weavile|Ice Punch|p1a: Blissey
|-crit|p1a: Blissey
|-damage|p1a: Blissey|0 fnt
|-damage|p2a: Weavile|127\/281|[from] item: Life Orb
|faint|p1a: Blissey
|
|
|switch|p1a: Talonflame|Talonflame, F|298\/298
|turn|20
|
|move|p1a: Talonflame|Brave Bird|p2a: Weavile
|-damage|p2a: Weavile|0 fnt
|-damage|p1a: Talonflame|256\/298|[from] recoil|[of] p2a: Weavile
|-damage|p1a: Talonflame|227\/298|[from] item: Life Orb
|faint|p2a: Weavile
|
|
|switch|p2a: Gliscor|Gliscor, M|296\/354
|turn|21
|
|move|p1a: Talonflame|Brave Bird|p2a: Gliscor
|-damage|p2a: Gliscor|179\/354
|-damage|p1a: Talonflame|188\/298|[from] recoil|[of] p2a: Gliscor
|-damage|p1a: Talonflame|159\/298|[from] item: Life Orb
|move|p2a: Gliscor|Toxic|p1a: Talonflame
|-status|p1a: Talonflame|tox
|
|-damage|p1a: Talonflame|141\/298 tox|[from] psn
|turn|22
|
|move|p2a: Gliscor|Protect|p2a: Gliscor
|-singleturn|p2a: Gliscor|Protect
|move|p1a: Talonflame|Brave Bird|p2a: Gliscor
|-activate|p2a: Gliscor|Protect
|
|-damage|p1a: Talonflame|105\/298 tox|[from] psn
|turn|23
|
|move|p1a: Talonflame|Brave Bird|p2a: Gliscor
|-damage|p2a: Gliscor|54\/354
|-damage|p1a: Talonflame|64\/298 tox|[from] recoil|[of] p2a: Gliscor
|-damage|p1a: Talonflame|35\/298 tox|[from] item: Life Orb
|move|p2a: Gliscor|Knock Off|p1a: Talonflame
|-damage|p1a: Talonflame|0 fnt
|-enditem|p1a: Talonflame|Life Orb|[from] move: Knock Off|[of] p2a: Gliscor
|faint|p1a: Talonflame
|
|
|switch|p1a: Latios|Latios, M|157\/302
|turn|24
|
|move|p1a: Latios|Psyshock|p2a: Gliscor
|-damage|p2a: Gliscor|0 fnt
|faint|p2a: Gliscor
|
|
|switch|p2a: Dragonite|Dragonite, M|55\/323
|turn|25
|
|move|p2a: Dragonite|Extreme Speed|p1a: Latios
|-damage|p1a: Latios|0 fnt
|faint|p1a: Latios
|
|win|Wooliest Mammoth
|raw|Ladder updating...
|leave|Sniper267
|player|p1
|raw|Sniper267's rating: 1567 &rarr; <strong>1543<\/strong><br \/>(-24 for losing)
|raw|Wooliest Mammoth's rating: 1497 &rarr; <strong>1521<\/strong><br \/>(+24 for winning)