|join|Emperor90
|join|Wooliest Mammoth
|player|p1|Emperor90|25
|player|p2|Wooliest Mammoth|101
|gametype|singles
|gen|6
|tier|OU
|rated
|clearpoke
|poke|p1|Dragonite, F
|poke|p1|Ferrothorn, M
|poke|p1|Mamoswine, F
|poke|p1|Volcarona, F
|poke|p1|Blastoise, M
|poke|p1|Sylveon, M
|poke|p2|Dragonite, M
|poke|p2|Manectric, F
|poke|p2|Gliscor, F
|poke|p2|Infernape, M
|poke|p2|Weavile, F
|poke|p2|Tentacruel, M
|rule|Swagger Clause: Swagger is banned
|rule|Baton Pass Clause: Limit one PokÃ©mon knowing Baton Pass
|rule|Sleep Clause Mod: Limit one foe put to sleep
|rule|Species Clause: Limit one of each PokÃ©mon
|rule|OHKO Clause: OHKO moves are banned
|rule|Moody Clause: Moody is banned
|rule|Evasion Moves Clause: Evasion moves are banned
|rule|Endless Battle Clause: Forcing endless battles is banned
|rule|HP Percentage Mod: HP is shown in percentages
|teampreview
|
|start
|switch|p1a: Mamoswine|Mamoswine, F|362\/362
|switch|p2a: Infernape|Infernape, M|293\/293
|turn|1
|
|move|p2a: Infernape|Mach Punch|p1a: Mamoswine
|-supereffective|p1a: Mamoswine
|-damage|p1a: Mamoswine|188\/362
|move|p1a: Mamoswine|Stealth Rock|p2a: Infernape
|-sidestart|p2: Wooliest Mammoth|move: Stealth Rock
|
|turn|2
|
|switch|p1a: Sylveon|Sylveon, M|394\/394
|move|p2a: Infernape|Close Combat|p1a: Sylveon
|-resisted|p1a: Sylveon
|-damage|p1a: Sylveon|283\/394
|-unboost|p2a: Infernape|def|1
|-unboost|p2a: Infernape|spd|1
|
|-heal|p1a: Sylveon|307\/394|[from] item: Leftovers
|turn|3
|
|switch|p2a: Tentacruel|Tentacruel, M|357\/357
|-damage|p2a: Tentacruel|313\/357|[from] Stealth Rock
|move|p1a: Sylveon|Moonblast|p2a: Tentacruel
|-resisted|p2a: Tentacruel
|-damage|p2a: Tentacruel|273\/357
|
|-heal|p2a: Tentacruel|295\/357|[from] item: Black Sludge
|-heal|p1a: Sylveon|331\/394|[from] item: Leftovers
|turn|4
|
|switch|p1a: Mamoswine|Mamoswine, F|188\/362
|move|p2a: Tentacruel|Rapid Spin|p1a: Mamoswine
|-damage|p1a: Mamoswine|173\/362
|-sideend|p2: Wooliest Mammoth|Stealth Rock|[from] move: Rapid Spin|[of] p2a: Tentacruel
|
|-heal|p2a: Tentacruel|317\/357|[from] item: Black Sludge
|turn|5
|
|switch|p2a: Dragonite|Dragonite, M|323\/323
|move|p1a: Mamoswine|Earthquake|p2a: Dragonite
|-immune|p2a: Dragonite|[msg]
|
|turn|6
|
|move|p2a: Dragonite|Extreme Speed|p1a: Mamoswine
|-damage|p1a: Mamoswine|0 fnt
|faint|p1a: Mamoswine
|
|
|switch|p1a: Ferrothorn|Ferrothorn, M|352\/352
|turn|7
|
|switch|p2a: Manectric|Manectric, F|281\/281
|move|p1a: Ferrothorn|Leech Seed|p2a: Manectric
|-start|p2a: Manectric|move: Leech Seed
|
|-damage|p2a: Manectric|246\/281|[from] Leech Seed|[of] p1a: Ferrothorn
|turn|8
|
|switch|p1a: Sylveon|Sylveon, M|331\/394
|detailschange|p2a: Manectric|Manectric-Mega, F
|message|Manectric has Mega Evolved into Mega Manectric!
|-ability|p2a: Manectric|Intimidate|[of] p1a: Sylveon
|-unboost|p1a: Sylveon|atk|1
|move|p2a: Manectric|Volt Switch|p1a: Sylveon
|-damage|p1a: Sylveon|250\/394
|
|switch|p2a: Tentacruel|Tentacruel, M|317\/357
|
|-heal|p2a: Tentacruel|339\/357|[from] item: Black Sludge
|-heal|p1a: Sylveon|274\/394|[from] item: Leftovers
|turn|9
|
|switch|p1a: Dragonite|Dragonite, F|324\/324
|move|p2a: Tentacruel|Scald|p1a: Dragonite
|-resisted|p1a: Dragonite
|-damage|p1a: Dragonite|304\/324
|
|-heal|p2a: Tentacruel|357\/357|[from] item: Black Sludge
|turn|10
|
|switch|p2a: Gliscor|Gliscor, F|354\/354
|move|p1a: Dragonite|Dragon Claw|p2a: Gliscor
|-damage|p2a: Gliscor|254\/354
|
|-status|p2a: Gliscor|tox|[from] item: Toxic Orb
|turn|11
|
|switch|p1a: Blastoise|Blastoise, M|362\/362
|move|p2a: Gliscor|Knock Off|p1a: Blastoise
|-damage|p1a: Blastoise|312\/362
|
|-heal|p2a: Gliscor|298\/354 tox|[from] ability: Poison Heal
|turn|12
|
|switch|p2a: Tentacruel|Tentacruel, M|357\/357
|detailschange|p1a: Blastoise|Blastoise-Mega, M
|message|Blastoise has Mega Evolved into Mega Blastoise!
|move|p1a: Blastoise|Water Pulse|p2a: Tentacruel
|-resisted|p2a: Tentacruel
|-damage|p2a: Tentacruel|303\/357
|
|-heal|p2a: Tentacruel|325\/357|[from] item: Black Sludge
|turn|13
|
|switch|p1a: Ferrothorn|Ferrothorn, M|352\/352
|move|p2a: Tentacruel|Scald|p1a: Ferrothorn
|-resisted|p1a: Ferrothorn
|-damage|p1a: Ferrothorn|322\/352
|
|-heal|p2a: Tentacruel|347\/357|[from] item: Black Sludge
|turn|14
|
|switch|p2a: Manectric|Manectric-Mega, F|246\/281
|-ability|p2a: Manectric|Intimidate|[of] p1a: Ferrothorn
|-unboost|p1a: Ferrothorn|atk|1
|move|p1a: Ferrothorn|Stealth Rock|p2a: Manectric
|-sidestart|p2: Wooliest Mammoth|move: Stealth Rock
|
|turn|15
|
|switch|p1a: Sylveon|Sylveon, M|274\/394
|move|p2a: Manectric|Thunderbolt|p1a: Sylveon
|-damage|p1a: Sylveon|183\/394
|
|-heal|p1a: Sylveon|207\/394|[from] item: Leftovers
|turn|16
|
|move|p2a: Manectric|Volt Switch|p1a: Sylveon
|-damage|p1a: Sylveon|128\/394
|
|switch|p2a: Tentacruel|Tentacruel, M|347\/357
|-damage|p2a: Tentacruel|303\/357|[from] Stealth Rock
|move|p1a: Sylveon|Wish|p1a: Sylveon
|
|-heal|p2a: Tentacruel|325\/357|[from] item: Black Sludge
|-heal|p1a: Sylveon|152\/394|[from] item: Leftovers
|turn|17
|
|move|p1a: Sylveon|Protect|p1a: Sylveon
|-singleturn|p1a: Sylveon|Protect
|move|p2a: Tentacruel|Scald|p1a: Sylveon
|-activate|p1a: Sylveon|Protect
|
|-heal|p1a: Sylveon|349\/394|[from] move: Wish|[wisher] Sylveon
|-heal|p2a: Tentacruel|347\/357|[from] item: Black Sludge
|-heal|p1a: Sylveon|373\/394|[from] item: Leftovers
|turn|18
|
|switch|p1a: Dragonite|Dragonite, F|304\/324
|move|p2a: Tentacruel|Rapid Spin|p1a: Dragonite
|-damage|p1a: Dragonite|293\/324
|-sideend|p2: Wooliest Mammoth|Stealth Rock|[from] move: Rapid Spin|[of] p2a: Tentacruel
|
|-heal|p2a: Tentacruel|357\/357|[from] item: Black Sludge
|turn|19
|
|switch|p2a: Gliscor|Gliscor, F|298\/354 tox
|move|p1a: Dragonite|Dragon Dance|p1a: Dragonite
|-boost|p1a: Dragonite|atk|1
|-boost|p1a: Dragonite|spe|1
|
|-heal|p2a: Gliscor|342\/354 tox|[from] ability: Poison Heal
|turn|20
|
|move|p1a: Dragonite|Dragon Claw|p2a: Gliscor
|-damage|p2a: Gliscor|200\/354 tox
|move|p2a: Gliscor|Toxic|p1a: Dragonite
|-status|p1a: Dragonite|tox
|
|-damage|p1a: Dragonite|273\/324 tox|[from] psn
|-heal|p2a: Gliscor|244\/354 tox|[from] ability: Poison Heal
|turn|21
|
|switch|p1a: Blastoise|Blastoise-Mega, M|312\/362
|move|p2a: Gliscor|Knock Off|p1a: Blastoise
|-damage|p1a: Blastoise|268\/362
|
|-heal|p2a: Gliscor|288\/354 tox|[from] ability: Poison Heal
|turn|22
|
|switch|p2a: Tentacruel|Tentacruel, M|357\/357
|move|p1a: Blastoise|Dark Pulse|p2a: Tentacruel
|-damage|p2a: Tentacruel|255\/357
|
|-heal|p2a: Tentacruel|277\/357|[from] item: Black Sludge
|turn|23
|
|switch|p1a: Ferrothorn|Ferrothorn, M|322\/352
|move|p2a: Tentacruel|Scald|p1a: Ferrothorn
|-resisted|p1a: Ferrothorn
|-damage|p1a: Ferrothorn|295\/352
|
|-heal|p2a: Tentacruel|299\/357|[from] item: Black Sludge
|turn|24
|
|switch|p2a: Manectric|Manectric-Mega, F|246\/281
|-ability|p2a: Manectric|Intimidate|[of] p1a: Ferrothorn
|-unboost|p1a: Ferrothorn|atk|1
|move|p1a: Ferrothorn|Leech Seed|p2a: Manectric|[miss]
|-miss|p1a: Ferrothorn|p2a: Manectric
|
|turn|25
|
|switch|p1a: Sylveon|Sylveon, M|373\/394
|move|p2a: Manectric|Volt Switch|p1a: Sylveon
|-damage|p1a: Sylveon|298\/394
|
|switch|p2a: Weavile|Weavile, F|281\/281
|-ability|p2a: Weavile|Pressure
|
|-heal|p1a: Sylveon|322\/394|[from] item: Leftovers
|turn|26
|
|move|p2a: Weavile|Ice Punch|p1a: Sylveon
|-damage|p1a: Sylveon|102\/394
|-damage|p2a: Weavile|253\/281|[from] item: Life Orb
|move|p1a: Sylveon|Moonblast|p2a: Weavile
|-supereffective|p2a: Weavile
|-damage|p2a: Weavile|0 fnt
|faint|p2a: Weavile
|
|-heal|p1a: Sylveon|126\/394|[from] item: Leftovers
|
|switch|p2a: Manectric|Manectric-Mega, F|246\/281
|-ability|p2a: Manectric|Intimidate|[of] p1a: Sylveon
|-unboost|p1a: Sylveon|atk|1
|turn|27
|
|move|p2a: Manectric|Overheat|p1a: Sylveon
|-damage|p1a: Sylveon|22\/394
|-unboost|p2a: Manectric|spa|2
|move|p1a: Sylveon|Wish|p1a: Sylveon
|
|-heal|p1a: Sylveon|46\/394|[from] item: Leftovers
|turn|28
|
|switch|p2a: Tentacruel|Tentacruel, M|299\/357
|move|p1a: Sylveon|Protect|p1a: Sylveon
|-fail|p1a: Sylveon
|
|-heal|p1a: Sylveon|243\/394|[from] move: Wish|[wisher] Sylveon
|-heal|p2a: Tentacruel|321\/357|[from] item: Black Sludge
|-heal|p1a: Sylveon|267\/394|[from] item: Leftovers
|turn|29
|
|switch|p1a: Dragonite|Dragonite, F|273\/324 tox
|move|p2a: Tentacruel|Scald|p1a: Dragonite
|-resisted|p1a: Dragonite
|-damage|p1a: Dragonite|235\/324 tox
|
|-heal|p2a: Tentacruel|343\/357|[from] item: Black Sludge
|-damage|p1a: Dragonite|215\/324 tox|[from] psn
|turn|30
|
|switch|p2a: Gliscor|Gliscor, F|288\/354 tox
|move|p1a: Dragonite|Dragon Claw|p2a: Gliscor
|-damage|p2a: Gliscor|195\/354 tox
|
|-damage|p1a: Dragonite|175\/324 tox|[from] psn
|-heal|p2a: Gliscor|239\/354 tox|[from] ability: Poison Heal
|turn|31
|c|âWooliest Mammoth|our walls like counter each other lol
|
|switch|p1a: Blastoise|Blastoise-Mega, M|268\/362
|move|p2a: Gliscor|Knock Off|p1a: Blastoise
|-damage|p1a: Blastoise|226\/362
|
|-heal|p2a: Gliscor|283\/354 tox|[from] ability: Poison Heal
|turn|32
|c|âEmperor90|indeed xD
|
|move|p2a: Gliscor|Protect|p2a: Gliscor
|-singleturn|p2a: Gliscor|Protect
|move|p1a: Blastoise|Water Pulse|p2a: Gliscor
|-activate|p2a: Gliscor|Protect
|
|-heal|p2a: Gliscor|327\/354 tox|[from] ability: Poison Heal
|turn|33
|
|switch|p2a: Tentacruel|Tentacruel, M|343\/357
|move|p1a: Blastoise|Water Pulse|p2a: Tentacruel
|-resisted|p2a: Tentacruel
|-damage|p2a: Tentacruel|281\/357
|
|-heal|p2a: Tentacruel|303\/357|[from] item: Black Sludge
|turn|34
|
|switch|p1a: Ferrothorn|Ferrothorn, M|295\/352
|move|p2a: Tentacruel|Scald|p1a: Ferrothorn
|-resisted|p1a: Ferrothorn
|-damage|p1a: Ferrothorn|266\/352
|
|-heal|p2a: Tentacruel|325\/357|[from] item: Black Sludge
|turn|35
|
|switch|p2a: Manectric|Manectric-Mega, F|246\/281
|-ability|p2a: Manectric|Intimidate|[of] p1a: Ferrothorn
|-unboost|p1a: Ferrothorn|atk|1
|move|p1a: Ferrothorn|Stealth Rock|p2a: Manectric
|-sidestart|p2: Wooliest Mammoth|move: Stealth Rock
|
|turn|36
|
|switch|p1a: Sylveon|Sylveon, M|267\/394
|move|p2a: Manectric|Thunderbolt|p1a: Sylveon
|-damage|p1a: Sylveon|167\/394
|
|-heal|p1a: Sylveon|191\/394|[from] item: Leftovers
|turn|37
|
|move|p2a: Manectric|Thunderbolt|p1a: Sylveon
|-damage|p1a: Sylveon|100\/394
|move|p1a: Sylveon|Wish|p1a: Sylveon
|
|-heal|p1a: Sylveon|124\/394|[from] item: Leftovers
|turn|38
|
|switch|p2a: Tentacruel|Tentacruel, M|325\/357
|-damage|p2a: Tentacruel|281\/357|[from] Stealth Rock
|move|p1a: Sylveon|Moonblast|p2a: Tentacruel
|-resisted|p2a: Tentacruel
|-damage|p2a: Tentacruel|245\/357
|
|-heal|p1a: Sylveon|321\/394|[from] move: Wish|[wisher] Sylveon
|-heal|p2a: Tentacruel|267\/357|[from] item: Black Sludge
|-heal|p1a: Sylveon|345\/394|[from] item: Leftovers
|turn|39
|
|move|p2a: Tentacruel|Rapid Spin|p1a: Sylveon
|-damage|p1a: Sylveon|330\/394
|-sideend|p2: Wooliest Mammoth|Stealth Rock|[from] move: Rapid Spin|[of] p2a: Tentacruel
|move|p1a: Sylveon|Wish|p1a: Sylveon
|
|-heal|p2a: Tentacruel|289\/357|[from] item: Black Sludge
|-heal|p1a: Sylveon|354\/394|[from] item: Leftovers
|turn|40
|
|switch|p2a: Infernape|Infernape, M|293\/293
|switch|p1a: Dragonite|Dragonite, F|175\/324 tox
|
|-heal|p1a: Dragonite|324\/324 tox|[from] move: Wish|[wisher] Sylveon
|-damage|p1a: Dragonite|304\/324 tox|[from] psn
|turn|41
|
|move|p2a: Infernape|Stealth Rock|p1a: Dragonite
|-sidestart|p1: Emperor90|move: Stealth Rock
|move|p1a: Dragonite|Dragon Dance|p1a: Dragonite
|-boost|p1a: Dragonite|atk|1
|-boost|p1a: Dragonite|spe|1
|
|-damage|p1a: Dragonite|264\/324 tox|[from] psn
|turn|42
|
|switch|p2a: Gliscor|Gliscor, F|327\/354 tox
|move|p1a: Dragonite|Dragon Claw|p2a: Gliscor
|-damage|p2a: Gliscor|189\/354 tox
|
|-damage|p1a: Dragonite|204\/324 tox|[from] psn
|-heal|p2a: Gliscor|233\/354 tox|[from] ability: Poison Heal
|turn|43
|
|switch|p1a: Blastoise|Blastoise-Mega, M|226\/362
|-damage|p1a: Blastoise|181\/362|[from] Stealth Rock
|move|p2a: Gliscor|Knock Off|p1a: Blastoise
|-damage|p1a: Blastoise|140\/362
|
|-heal|p2a: Gliscor|277\/354 tox|[from] ability: Poison Heal
|turn|44
|
|move|p2a: Gliscor|Protect|p2a: Gliscor
|-singleturn|p2a: Gliscor|Protect
|move|p1a: Blastoise|Rapid Spin|p2a: Gliscor
|-activate|p2a: Gliscor|Protect
|
|-heal|p2a: Gliscor|321\/354 tox|[from] ability: Poison Heal
|turn|45
|
|switch|p2a: Manectric|Manectric-Mega, F|246\/281
|-ability|p2a: Manectric|Intimidate|[of] p1a: Blastoise
|-unboost|p1a: Blastoise|atk|1
|move|p1a: Blastoise|Rapid Spin|p2a: Manectric
|-damage|p2a: Manectric|233\/281
|-sideend|p1: Emperor90|Stealth Rock|[from] move: Rapid Spin|[of] p1a: Blastoise
|
|turn|46
|
|switch|p1a: Sylveon|Sylveon, M|354\/394
|move|p2a: Manectric|Thunderbolt|p1a: Sylveon
|-damage|p1a: Sylveon|257\/394
|
|-heal|p1a: Sylveon|281\/394|[from] item: Leftovers
|turn|47
|
|move|p2a: Manectric|Volt Switch|p1a: Sylveon
|-damage|p1a: Sylveon|197\/394
|
|switch|p2a: Infernape|Infernape, M|293\/293
|move|p1a: Sylveon|Wish|p1a: Sylveon
|
|-heal|p1a: Sylveon|221\/394|[from] item: Leftovers
|turn|48
|
|move|p2a: Infernape|Stealth Rock|p1a: Sylveon
|-sidestart|p1: Emperor90|move: Stealth Rock
|move|p1a: Sylveon|Moonblast|p2a: Infernape
|-damage|p2a: Infernape|127\/293
|-unboost|p2a: Infernape|spa|1
|
|-heal|p1a: Sylveon|394\/394|[from] move: Wish|[wisher] Sylveon
|turn|49
|
|switch|p2a: Tentacruel|Tentacruel, M|289\/357
|move|p1a: Sylveon|Wish|p1a: Sylveon
|
|-heal|p2a: Tentacruel|311\/357|[from] item: Black Sludge
|turn|50
|
|switch|p2a: Dragonite|Dragonite, M|323\/323
|switch|p1a: Dragonite|Dragonite, F|204\/324 tox
|-damage|p1a: Dragonite|123\/324 tox|[from] Stealth Rock
|
|-heal|p1a: Dragonite|320\/324 tox|[from] move: Wish|[wisher] Sylveon
|-damage|p1a: Dragonite|300\/324 tox|[from] psn
|turn|51
|c|âWooliest Mammoth|oh shit
|
|move|p1a: Dragonite|Dragon Claw|p2a: Dragonite
|-supereffective|p2a: Dragonite
|-damage|p2a: Dragonite|163\/323
|move|p2a: Dragonite|Outrage|p1a: Dragonite
|-supereffective|p1a: Dragonite
|-damage|p1a: Dragonite|0 fnt
|faint|p1a: Dragonite
|
|
|switch|p1a: Sylveon|Sylveon, M|394\/394
|-damage|p1a: Sylveon|345\/394|[from] Stealth Rock
|turn|52
|
|move|p2a: Dragonite|Outrage|p1a: Sylveon
|-immune|p1a: Sylveon|[msg]
|move|p1a: Sylveon|Moonblast|p2a: Dragonite
|-supereffective|p2a: Dragonite
|-damage|p2a: Dragonite|0 fnt
|faint|p2a: Dragonite
|
|-heal|p1a: Sylveon|369\/394|[from] item: Leftovers
|
|switch|p2a: Tentacruel|Tentacruel, M|311\/357
|turn|53
|
|move|p2a: Tentacruel|Scald|p1a: Sylveon
|-crit|p1a: Sylveon
|-damage|p1a: Sylveon|299\/394
|move|p1a: Sylveon|Wish|p1a: Sylveon
|
|-heal|p2a: Tentacruel|333\/357|[from] item: Black Sludge
|-heal|p1a: Sylveon|323\/394|[from] item: Leftovers
|turn|54
|
|switch|p2a: Manectric|Manectric-Mega, F|233\/281
|-ability|p2a: Manectric|Intimidate|[of] p1a: Sylveon
|-unboost|p1a: Sylveon|atk|1
|switch|p1a: Blastoise|Blastoise-Mega, M|140\/362
|-damage|p1a: Blastoise|95\/362|[from] Stealth Rock
|
|-heal|p1a: Blastoise|292\/362|[from] move: Wish|[wisher] Sylveon
|turn|55
|
|switch|p1a: Sylveon|Sylveon, M|323\/394
|-damage|p1a: Sylveon|274\/394|[from] Stealth Rock
|move|p2a: Manectric|Volt Switch|p1a: Sylveon
|-damage|p1a: Sylveon|201\/394
|
|switch|p2a: Tentacruel|Tentacruel, M|333\/357
|
|-heal|p2a: Tentacruel|355\/357|[from] item: Black Sludge
|-heal|p1a: Sylveon|225\/394|[from] item: Leftovers
|turn|56
|
|move|p2a: Tentacruel|Sludge Bomb|p1a: Sylveon
|-supereffective|p1a: Sylveon
|-damage|p1a: Sylveon|109\/394
|move|p1a: Sylveon|Toxic|p2a: Tentacruel
|-fail|p2a: Tentacruel
|
|-heal|p2a: Tentacruel|357\/357|[from] item: Black Sludge
|-heal|p1a: Sylveon|133\/394|[from] item: Leftovers
|turn|57
|
|switch|p2a: Manectric|Manectric-Mega, F|233\/281
|-ability|p2a: Manectric|Intimidate|[of] p1a: Sylveon
|-unboost|p1a: Sylveon|atk|1
|move|p1a: Sylveon|Protect|p1a: Sylveon
|-fail|p1a: Sylveon
|
|-heal|p1a: Sylveon|157\/394|[from] item: Leftovers
|turn|58
|
|move|p2a: Manectric|Thunderbolt|p1a: Sylveon
|-damage|p1a: Sylveon|58\/394
|move|p1a: Sylveon|Wish|p1a: Sylveon
|
|-heal|p1a: Sylveon|82\/394|[from] item: Leftovers
|turn|59
|
|switch|p2a: Tentacruel|Tentacruel, M|357\/357
|move|p1a: Sylveon|Moonblast|p2a: Tentacruel
|-resisted|p2a: Tentacruel
|-damage|p2a: Tentacruel|315\/357
|-unboost|p2a: Tentacruel|spa|1
|
|-heal|p1a: Sylveon|279\/394|[from] move: Wish|[wisher] Sylveon
|-heal|p2a: Tentacruel|337\/357|[from] item: Black Sludge
|-heal|p1a: Sylveon|303\/394|[from] item: Leftovers
|turn|60
|
|switch|p1a: Blastoise|Blastoise-Mega, M|292\/362
|-damage|p1a: Blastoise|247\/362|[from] Stealth Rock
|move|p2a: Tentacruel|Acid Spray|p1a: Blastoise
|-damage|p1a: Blastoise|225\/362
|-unboost|p1a: Blastoise|spd|2
|
|-heal|p2a: Tentacruel|357\/357|[from] item: Black Sludge
|turn|61
|
|switch|p2a: Manectric|Manectric-Mega, F|233\/281
|-ability|p2a: Manectric|Intimidate|[of] p1a: Blastoise
|-unboost|p1a: Blastoise|atk|1
|move|p1a: Blastoise|Rapid Spin|p2a: Manectric
|-damage|p2a: Manectric|221\/281
|-sideend|p1: Emperor90|Stealth Rock|[from] move: Rapid Spin|[of] p1a: Blastoise
|
|turn|62
|
|switch|p1a: Sylveon|Sylveon, M|303\/394
|move|p2a: Manectric|Volt Switch|p1a: Sylveon
|-damage|p1a: Sylveon|222\/394
|
|switch|p2a: Tentacruel|Tentacruel, M|357\/357
|
|-heal|p1a: Sylveon|246\/394|[from] item: Leftovers
|turn|63
|
|switch|p1a: Ferrothorn|Ferrothorn, M|266\/352
|move|p2a: Tentacruel|Sludge Bomb|p1a: Ferrothorn
|-immune|p1a: Ferrothorn|[msg]
|
|turn|64
|
|switch|p2a: Infernape|Infernape, M|127\/293
|move|p1a: Ferrothorn|Stealth Rock|p2a: Infernape
|-sidestart|p2: Wooliest Mammoth|move: Stealth Rock
|
|turn|65
|
|switch|p1a: Sylveon|Sylveon, M|246\/394
|move|p2a: Infernape|Close Combat|p1a: Sylveon
|-resisted|p1a: Sylveon
|-damage|p1a: Sylveon|129\/394
|-unboost|p2a: Infernape|def|1
|-unboost|p2a: Infernape|spd|1
|
|-heal|p1a: Sylveon|153\/394|[from] item: Leftovers
|turn|66
|
|move|p2a: Infernape|Close Combat|p1a: Sylveon
|-resisted|p1a: Sylveon
|-damage|p1a: Sylveon|22\/394
|-unboost|p2a: Infernape|def|1
|-unboost|p2a: Infernape|spd|1
|move|p1a: Sylveon|Wish|p1a: Sylveon
|
|-heal|p1a: Sylveon|46\/394|[from] item: Leftovers
|turn|67
|
|switch|p2a: Tentacruel|Tentacruel, M|357\/357
|-damage|p2a: Tentacruel|313\/357|[from] Stealth Rock
|move|p1a: Sylveon|Protect|p1a: Sylveon
|-fail|p1a: Sylveon
|
|-heal|p1a: Sylveon|243\/394|[from] move: Wish|[wisher] Sylveon
|-heal|p2a: Tentacruel|335\/357|[from] item: Black Sludge
|-heal|p1a: Sylveon|267\/394|[from] item: Leftovers
|turn|68
|
|switch|p1a: Ferrothorn|Ferrothorn, M|266\/352
|move|p2a: Tentacruel|Acid Spray|p1a: Ferrothorn
|-immune|p1a: Ferrothorn|[msg]
|
|-heal|p2a: Tentacruel|357\/357|[from] item: Black Sludge
|turn|69
|
|switch|p2a: Gliscor|Gliscor, F|321\/354 tox
|-damage|p2a: Gliscor|277\/354 tox|[from] Stealth Rock
|move|p1a: Ferrothorn|Leech Seed|p2a: Gliscor
|-start|p2a: Gliscor|move: Leech Seed
|
|-damage|p2a: Gliscor|233\/354 tox|[from] Leech Seed|[of] p1a: Ferrothorn
|-heal|p1a: Ferrothorn|310\/352|[silent]
|-heal|p2a: Gliscor|277\/354 tox|[from] ability: Poison Heal
|turn|70
|
|move|p2a: Gliscor|Knock Off|p1a: Ferrothorn
|-damage|p1a: Ferrothorn|258\/352
|-damage|p2a: Gliscor|233\/354 tox|[from] ability: Iron Barbs|[of] p1a: Ferrothorn
|-damage|p2a: Gliscor|174\/354 tox|[from] item: Rocky Helmet|[of] p1a: Ferrothorn
|-enditem|p1a: Ferrothorn|Rocky Helmet|[from] move: Knock Off|[of] p2a: Gliscor
|move|p1a: Ferrothorn|Power Whip|p2a: Gliscor
|-damage|p2a: Gliscor|89\/354 tox
|
|-damage|p2a: Gliscor|45\/354 tox|[from] Leech Seed|[of] p1a: Ferrothorn
|-heal|p1a: Ferrothorn|302\/352|[silent]
|-heal|p2a: Gliscor|89\/354 tox|[from] ability: Poison Heal
|turn|71
|
|switch|p2a: Manectric|Manectric-Mega, F|221\/281
|-damage|p2a: Manectric|186\/281|[from] Stealth Rock
|-ability|p2a: Manectric|Intimidate|[of] p1a: Ferrothorn
|-unboost|p1a: Ferrothorn|atk|1
|switch|p1a: Volcarona|Volcarona, F|312\/312
|
|turn|72
|
|move|p2a: Manectric|Volt Switch|p1a: Volcarona
|-damage|p1a: Volcarona|185\/312
|
|switch|p2a: Tentacruel|Tentacruel, M|357\/357
|-damage|p2a: Tentacruel|313\/357|[from] Stealth Rock
|move|p1a: Volcarona|Quiver Dance|p1a: Volcarona
|-boost|p1a: Volcarona|spa|1
|-boost|p1a: Volcarona|spd|1
|-boost|p1a: Volcarona|spe|1
|
|-heal|p2a: Tentacruel|335\/357|[from] item: Black Sludge
|turn|73
|
|switch|p1a: Ferrothorn|Ferrothorn, M|302\/352
|move|p2a: Tentacruel|Scald|p1a: Ferrothorn
|-resisted|p1a: Ferrothorn
|-damage|p1a: Ferrothorn|272\/352
|
|-heal|p2a: Tentacruel|357\/357|[from] item: Black Sludge
|turn|74
|
|switch|p2a: Manectric|Manectric-Mega, F|186\/281
|-damage|p2a: Manectric|151\/281|[from] Stealth Rock
|-ability|p2a: Manectric|Intimidate|[of] p1a: Ferrothorn
|-unboost|p1a: Ferrothorn|atk|1
|move|p1a: Ferrothorn|Leech Seed|p2a: Manectric
|-start|p2a: Manectric|move: Leech Seed
|
|-damage|p2a: Manectric|116\/281|[from] Leech Seed|[of] p1a: Ferrothorn
|-heal|p1a: Ferrothorn|307\/352|[silent]
|turn|75
|
|switch|p1a: Sylveon|Sylveon, M|267\/394
|move|p2a: Manectric|Volt Switch|p1a: Sylveon
|-damage|p1a: Sylveon|192\/394
|
|switch|p2a: Tentacruel|Tentacruel, M|357\/357
|-damage|p2a: Tentacruel|313\/357|[from] Stealth Rock
|
|-heal|p2a: Tentacruel|335\/357|[from] item: Black Sludge
|-heal|p1a: Sylveon|216\/394|[from] item: Leftovers
|turn|76
|
|move|p2a: Tentacruel|Sludge Bomb|p1a: Sylveon
|-supereffective|p1a: Sylveon
|-damage|p1a: Sylveon|118\/394
|move|p1a: Sylveon|Wish|p1a: Sylveon
|
|-heal|p2a: Tentacruel|357\/357|[from] item: Black Sludge
|-heal|p1a: Sylveon|142\/394|[from] item: Leftovers
|turn|77
|
|move|p2a: Tentacruel|Rapid Spin|p1a: Sylveon
|-damage|p1a: Sylveon|126\/394
|-sideend|p2: Wooliest Mammoth|Stealth Rock|[from] move: Rapid Spin|[of] p2a: Tentacruel
|move|p1a: Sylveon|Moonblast|p2a: Tentacruel
|-resisted|p2a: Tentacruel
|-damage|p2a: Tentacruel|317\/357
|
|-heal|p1a: Sylveon|323\/394|[from] move: Wish|[wisher] Sylveon
|-heal|p2a: Tentacruel|339\/357|[from] item: Black Sludge
|-heal|p1a: Sylveon|347\/394|[from] item: Leftovers
|turn|78
|
|move|p2a: Tentacruel|Scald|p1a: Sylveon
|-crit|p1a: Sylveon
|-damage|p1a: Sylveon|280\/394
|-status|p1a: Sylveon|brn
|move|p1a: Sylveon|Wish|p1a: Sylveon
|
|-heal|p2a: Tentacruel|357\/357|[from] item: Black Sludge
|-heal|p1a: Sylveon|304\/394 brn|[from] item: Leftovers
|-damage|p1a: Sylveon|255\/394 brn|[from] brn
|turn|79
|
|switch|p2a: Infernape|Infernape, M|127\/293
|switch|p1a: Ferrothorn|Ferrothorn, M|307\/352
|
|-heal|p1a: Ferrothorn|352\/352|[from] move: Wish|[wisher] Sylveon
|turn|80
|
|move|p2a: Infernape|Close Combat|p1a: Ferrothorn
|-supereffective|p1a: Ferrothorn
|-damage|p1a: Ferrothorn|98\/352
|-damage|p2a: Infernape|91\/293|[from] ability: Iron Barbs|[of] p1a: Ferrothorn
|-unboost|p2a: Infernape|def|1
|-unboost|p2a: Infernape|spd|1
|move|p1a: Ferrothorn|Stealth Rock|p2a: Infernape
|-sidestart|p2: Wooliest Mammoth|move: Stealth Rock
|
|turn|81
|
|switch|p1a: Sylveon|Sylveon, M|255\/394 brn
|move|p2a: Infernape|Close Combat|p1a: Sylveon
|-resisted|p1a: Sylveon
|-damage|p1a: Sylveon|129\/394 brn
|-unboost|p2a: Infernape|def|1
|-unboost|p2a: Infernape|spd|1
|
|-heal|p1a: Sylveon|153\/394 brn|[from] item: Leftovers
|-damage|p1a: Sylveon|104\/394 brn|[from] brn
|turn|82
|
|switch|p1a: Volcarona|Volcarona, F|185\/312
|move|p2a: Infernape|Close Combat|p1a: Volcarona
|-resisted|p1a: Volcarona
|-damage|p1a: Volcarona|69\/312
|-unboost|p2a: Infernape|def|1
|-unboost|p2a: Infernape|spd|1
|
|turn|83
|
|move|p2a: Infernape|Fire Blast|p1a: Volcarona
|-damage|p1a: Volcarona|0 fnt
|faint|p1a: Volcarona
|
|
|switch|p1a: Blastoise|Blastoise-Mega, M|225\/362
|turn|84
|
|move|p2a: Infernape|Close Combat|p1a: Blastoise
|-damage|p1a: Blastoise|66\/362
|-unboost|p2a: Infernape|def|1
|-unboost|p2a: Infernape|spd|1
|move|p1a: Blastoise|Water Pulse|p2a: Infernape
|-supereffective|p2a: Infernape
|-damage|p2a: Infernape|0 fnt
|faint|p2a: Infernape
|
|
|switch|p2a: Manectric|Manectric-Mega, F|116\/281
|-damage|p2a: Manectric|81\/281|[from] Stealth Rock
|-ability|p2a: Manectric|Intimidate|[of] p1a: Blastoise
|-unboost|p1a: Blastoise|atk|1
|turn|85
|
|switch|p1a: Ferrothorn|Ferrothorn, M|98\/352
|move|p2a: Manectric|Thunderbolt|p1a: Ferrothorn
|-resisted|p1a: Ferrothorn
|-damage|p1a: Ferrothorn|44\/352
|
|turn|86
|
|move|p2a: Manectric|Thunderbolt|p1a: Ferrothorn
|-resisted|p1a: Ferrothorn
|-damage|p1a: Ferrothorn|0 fnt
|faint|p1a: Ferrothorn
|
|
|switch|p1a: Sylveon|Sylveon, M|104\/394 brn
|turn|87
|
|move|p2a: Manectric|Thunderbolt|p1a: Sylveon
|-damage|p1a: Sylveon|0 fnt
|faint|p1a: Sylveon
|
|
|switch|p1a: Blastoise|Blastoise-Mega, M|66\/362
|turn|88
|c|âWooliest Mammoth|Yes I killed it lol
|
|move|p2a: Manectric|Thunderbolt|p1a: Blastoise
|-supereffective|p1a: Blastoise
|-damage|p1a: Blastoise|0 fnt
|faint|p1a: Blastoise
|
|win|Wooliest Mammoth
|raw|Ladder updating...
|c|âEmperor90|lol
|c|âEmperor90|gg
|raw|Emperor90's rating: 1309 &rarr; <strong>1292<\/strong><br \/>(-17 for losing)
|raw|Wooliest Mammoth's rating: 1358 &rarr; <strong>1375<\/strong><br \/>(+17 for winning)
|c|âWooliest Mammoth|GG
|leave|Emperor90
|player|p1