|join|Wooliest Mammoth
|join|Leland527
|player|p1|Wooliest Mammoth|101
|player|p2|Leland527|126
|gametype|singles
|gen|6
|tier|OU
|rated
|clearpoke
|poke|p1|Alakazam, M
|poke|p1|Tyranitar, M
|poke|p1|Excadrill, M
|poke|p1|Azumarill, F
|poke|p1|Mamoswine, F
|poke|p1|Gengar, F
|poke|p2|Gyarados, M
|poke|p2|Mandibuzz, F, shiny
|poke|p2|Scizor, F
|poke|p2|Rotom-Heat
|poke|p2|Ferrothorn, M
|poke|p2|Greninja, F, shiny
|rule|Swagger Clause: Swagger is banned
|rule|Baton Pass Clause: Limit one PokÃ©mon knowing Baton Pass
|rule|Sleep Clause Mod: Limit one foe put to sleep
|rule|Species Clause: Limit one of each PokÃ©mon
|rule|OHKO Clause: OHKO moves are banned
|rule|Moody Clause: Moody is banned
|rule|Evasion Moves Clause: Evasion moves are banned
|rule|Endless Battle Clause: Forcing endless battles is banned
|rule|HP Percentage Mod: HP is shown in percentages
|teampreview
|
|start
|switch|p1a: Mamoswine|Mamoswine, F|361\/361
|switch|p2a: Ferrothorn|Ferrothorn, M|352\/352
|turn|1
|
|move|p1a: Mamoswine|Stealth Rock|p2a: Ferrothorn
|-sidestart|p2: Leland527|move: Stealth Rock
|move|p2a: Ferrothorn|Leech Seed|p1a: Mamoswine|[miss]
|-miss|p2a: Ferrothorn|p1a: Mamoswine
|
|turn|2
|
|move|p1a: Mamoswine|Earthquake|p2a: Ferrothorn
|-damage|p2a: Ferrothorn|253\/352
|move|p2a: Ferrothorn|Leech Seed|p1a: Mamoswine
|-start|p1a: Mamoswine|move: Leech Seed
|
|-damage|p1a: Mamoswine|316\/361|[from] Leech Seed|[of] p2a: Ferrothorn
|-heal|p2a: Ferrothorn|298\/352|[silent]
|turn|3
|
|move|p1a: Mamoswine|Earthquake|p2a: Ferrothorn
|-damage|p2a: Ferrothorn|187\/352
|move|p2a: Ferrothorn|Stealth Rock|p1a: Mamoswine
|-sidestart|p1: Wooliest Mammoth|move: Stealth Rock
|
|-damage|p1a: Mamoswine|271\/361|[from] Leech Seed|[of] p2a: Ferrothorn
|-heal|p2a: Ferrothorn|232\/352|[silent]
|turn|4
|
|move|p1a: Mamoswine|Earthquake|p2a: Ferrothorn
|-damage|p2a: Ferrothorn|124\/352
|move|p2a: Ferrothorn|Gyro Ball|p1a: Mamoswine
|-supereffective|p1a: Mamoswine
|-damage|p1a: Mamoswine|0 fnt
|faint|p1a: Mamoswine
|
|
|switch|p1a: Alakazam|Alakazam, M|259\/259
|turn|5
|
|detailschange|p1a: Alakazam|Alakazam-Mega, M
|message|Alakazam has Mega Evolved into Mega Alakazam!
|-ability|p1a: Alakazam|Iron Barbs|[from] ability: Trace|[of] p2a: Ferrothorn
|move|p1a: Alakazam|Substitute|p1a: Alakazam
|-start|p1a: Alakazam|Substitute
|-damage|p1a: Alakazam|195\/259
|move|p2a: Ferrothorn|Leech Seed|p1a: Alakazam
|
|turn|6
|
|move|p1a: Alakazam|Focus Blast|p2a: Ferrothorn|[miss]
|-miss|p1a: Alakazam|p2a: Ferrothorn
|move|p2a: Ferrothorn|Gyro Ball|p1a: Alakazam
|-end|p1a: Alakazam|Substitute
|
|turn|7
|
|move|p1a: Alakazam|Shadow Ball|p2a: Ferrothorn
|-damage|p2a: Ferrothorn|11\/352
|-unboost|p2a: Ferrothorn|spd|1
|move|p2a: Ferrothorn|Gyro Ball|p1a: Alakazam
|-damage|p1a: Alakazam|0 fnt
|-damage|p2a: Ferrothorn|0 fnt|[from] ability: Iron Barbs|[of] p1a: Alakazam
|faint|p2a: Ferrothorn
|faint|p1a: Alakazam
|
|
|switch|p1a: Tyranitar|Tyranitar, M|341\/341
|-damage|p1a: Tyranitar|299\/341|[from] Stealth Rock
|switch|p2a: Mandibuzz|Mandibuzz, F, shiny|424\/424
|-damage|p2a: Mandibuzz|318\/424|[from] Stealth Rock
|-weather|Sandstorm
|turn|8
|
|move|p1a: Tyranitar|Stone Edge|p2a: Mandibuzz
|-supereffective|p2a: Mandibuzz
|-damage|p2a: Mandibuzz|84\/424
|move|p2a: Mandibuzz|Roost|p2a: Mandibuzz
|-heal|p2a: Mandibuzz|296\/424
|
|-weather|Sandstorm|[upkeep]
|-heal|p2a: Mandibuzz|322\/424|[from] item: Leftovers
|turn|9
|
|move|p1a: Tyranitar|Stone Edge|p2a: Mandibuzz
|-supereffective|p2a: Mandibuzz
|-damage|p2a: Mandibuzz|70\/424
|move|p2a: Mandibuzz|Defog|p1a: Tyranitar
|-unboost|p1a: Tyranitar|evasion|1
|-sideend|p1: Wooliest Mammoth|Stealth Rock|[from] move: Defog|[of] p1a: Tyranitar
|-sideend|p2: Leland527|Stealth Rock|[from] move: Defog|[of] p2a: Mandibuzz
|
|-weather|Sandstorm|[upkeep]
|-heal|p2a: Mandibuzz|96\/424|[from] item: Leftovers
|turn|10
|
|move|p1a: Tyranitar|Stone Edge|p2a: Mandibuzz
|-supereffective|p2a: Mandibuzz
|-damage|p2a: Mandibuzz|0 fnt
|faint|p2a: Mandibuzz
|
|-weather|Sandstorm|[upkeep]
|
|switch|p2a: Gyarados|Gyarados, M|353\/353
|-ability|p2a: Gyarados|Intimidate|[of] p1a: Tyranitar
|-unboost|p1a: Tyranitar|atk|1
|turn|11
|
|switch|p1a: Azumarill|Azumarill, F|345\/345
|detailschange|p2a: Gyarados|Gyarados-Mega, M
|message|Gyarados has Mega Evolved into Mega Gyarados!
|-ability|p2a: Gyarados|Mold Breaker
|move|p2a: Gyarados|Dragon Dance|p2a: Gyarados
|-boost|p2a: Gyarados|atk|1
|-boost|p2a: Gyarados|spe|1
|
|-weather|Sandstorm|[upkeep]
|-damage|p2a: Gyarados|331\/353|[from] sandstorm
|-damage|p1a: Azumarill|324\/345|[from] sandstorm
|turn|12
|
|move|p2a: Gyarados|Earthquake|p1a: Azumarill
|-damage|p1a: Azumarill|87\/345
|move|p1a: Azumarill|Play Rough|p2a: Gyarados
|-supereffective|p2a: Gyarados
|-damage|p2a: Gyarados|0 fnt
|faint|p2a: Gyarados
|
|-weather|none
|
|switch|p2a: Scizor|Scizor, F|343\/343
|turn|13
|
|move|p1a: Azumarill|Aqua Jet|p2a: Scizor
|-damage|p2a: Scizor|259\/343
|move|p2a: Scizor|Bullet Punch|p1a: Azumarill
|-damage|p1a: Azumarill|0 fnt
|faint|p1a: Azumarill
|
|
|switch|p1a: Gengar|Gengar, F|262\/262
|turn|14
|
|move|p2a: Scizor|Bullet Punch|p1a: Gengar
|-damage|p1a: Gengar|0 fnt
|faint|p1a: Gengar
|
|
|switch|p1a: Excadrill|Excadrill, M|361\/361
|-item|p1a: Excadrill|Air Balloon
|turn|15
|
|move|p2a: Scizor|Bullet Punch|p1a: Excadrill
|-resisted|p1a: Excadrill
|-damage|p1a: Excadrill|232\/361
|-enditem|p1a: Excadrill|Air Balloon
|move|p1a: Excadrill|Earthquake|p2a: Scizor
|-damage|p2a: Scizor|69\/343
|
|turn|16
|
|move|p2a: Scizor|Bullet Punch|p1a: Excadrill
|-resisted|p1a: Excadrill
|-damage|p1a: Excadrill|89\/361
|move|p1a: Excadrill|Earthquake|p2a: Scizor
|-damage|p2a: Scizor|0 fnt
|faint|p2a: Scizor
|
|
|switch|p2a: Rotom-Heat|Rotom-Heat|241\/241
|turn|17
|
|switch|p1a: Tyranitar|Tyranitar, M|299\/341
|-weather|Sandstorm
|move|p2a: Rotom-Heat|Overheat|p1a: Tyranitar
|-resisted|p1a: Tyranitar
|-damage|p1a: Tyranitar|249\/341
|-unboost|p2a: Rotom-Heat|spa|2
|
|-weather|Sandstorm|[upkeep]
|-damage|p2a: Rotom-Heat|226\/241|[from] sandstorm
|-heal|p2a: Rotom-Heat|241\/241|[from] item: Leftovers
|turn|18
|
|move|p1a: Tyranitar|Stone Edge|p2a: Rotom-Heat|[miss]
|-miss|p1a: Tyranitar|p2a: Rotom-Heat
|move|p2a: Rotom-Heat|Will-O-Wisp|p1a: Tyranitar
|-status|p1a: Tyranitar|brn
|
|-weather|Sandstorm|[upkeep]
|-damage|p2a: Rotom-Heat|226\/241|[from] sandstorm
|-heal|p2a: Rotom-Heat|241\/241|[from] item: Leftovers
|-damage|p1a: Tyranitar|207\/341 brn|[from] brn
|turn|19
|
|move|p1a: Tyranitar|Stone Edge|p2a: Rotom-Heat
|-supereffective|p2a: Rotom-Heat
|-damage|p2a: Rotom-Heat|95\/241
|move|p2a: Rotom-Heat|Volt Switch|p1a: Tyranitar
|-damage|p1a: Tyranitar|180\/341 brn
|
|switch|p2a: Greninja|Greninja, F, shiny|286\/286
|
|-weather|Sandstorm|[upkeep]
|-damage|p2a: Greninja|269\/286|[from] sandstorm
|-damage|p1a: Tyranitar|138\/341 brn|[from] brn
|turn|20
|
|move|p2a: Greninja|Grass Knot|p1a: Tyranitar
|-start|p2a: Greninja|typechange|Grass|[from] Protean
|-supereffective|p1a: Tyranitar
|-damage|p1a: Tyranitar|0 fnt
|-damage|p2a: Greninja|241\/286|[from] item: Life Orb
|faint|p1a: Tyranitar
|
|-weather|Sandstorm|[upkeep]
|-damage|p2a: Greninja|224\/286|[from] sandstorm
|
|switch|p1a: Excadrill|Excadrill, M|89\/361
|turn|21
|
|switch|p2a: Rotom-Heat|Rotom-Heat|95\/241
|move|p1a: Excadrill|Iron Head|p2a: Rotom-Heat
|-resisted|p2a: Rotom-Heat
|-damage|p2a: Rotom-Heat|65\/241
|
|-weather|none
|-heal|p2a: Rotom-Heat|80\/241|[from] item: Leftovers
|turn|22
|
|move|p1a: Excadrill|Rock Slide|p2a: Rotom-Heat
|-supereffective|p2a: Rotom-Heat
|-damage|p2a: Rotom-Heat|0 fnt
|faint|p2a: Rotom-Heat
|
|c|âWooliest Mammoth|gg
|
|switch|p2a: Greninja|Greninja, F, shiny|224\/286
|turn|23
|c|âLeland527|gg
|
|move|p2a: Greninja|Surf|p1a: Excadrill
|-start|p2a: Greninja|typechange|Water|[from] Protean
|-supereffective|p1a: Excadrill
|-damage|p1a: Excadrill|0 fnt
|-damage|p2a: Greninja|196\/286|[from] item: Life Orb
|faint|p1a: Excadrill
|
|win|Leland527
|raw|Ladder updating...
|raw|Wooliest Mammoth's rating: 1347 &rarr; <strong>1327<\/strong><br \/>(-20 for losing)
|raw|Leland527's rating: 1350 &rarr; <strong>1370<\/strong><br \/>(+20 for winning)
|leave|Leland527
|player|p2