|join|Redenstien
|join|Wooliest Mammoth
|player|p1|Redenstien|265
|player|p2|Wooliest Mammoth|101
|gametype|singles
|gen|6
|tier|OU
|rated
|clearpoke
|poke|p1|Kyurem-Black
|poke|p1|Talonflame, F
|poke|p1|Ferrothorn, F
|poke|p1|Latios, M
|poke|p1|Clefable, M
|poke|p1|Slowbro, M
|poke|p2|Dragonite, M
|poke|p2|Manectric, M
|poke|p2|Gliscor, F
|poke|p2|Infernape, M
|poke|p2|Weavile, M
|poke|p2|Tentacruel, F
|rule|Swagger Clause: Swagger is banned
|rule|Baton Pass Clause: Limit one PokÃ©mon knowing Baton Pass
|rule|Sleep Clause Mod: Limit one foe put to sleep
|rule|Species Clause: Limit one of each PokÃ©mon
|rule|OHKO Clause: OHKO moves are banned
|rule|Moody Clause: Moody is banned
|rule|Evasion Moves Clause: Evasion moves are banned
|rule|Endless Battle Clause: Forcing endless battles is banned
|rule|HP Percentage Mod: HP is shown in percentages
|teampreview
|c|âRedenstien|Oh goody, a Gligar
|
|start
|switch|p1a: Talonflame|Talonflame, F|360\/360
|switch|p2a: Infernape|Infernape, M|293\/293
|turn|1
|
|move|p1a: Talonflame|Brave Bird|p2a: Infernape
|-supereffective|p2a: Infernape
|-enditem|p2a: Infernape|Focus Sash
|-damage|p2a: Infernape|1\/293
|-damage|p1a: Talonflame|264\/360|[from] recoil|[of] p2a: Infernape
|move|p2a: Infernape|Stealth Rock|p1a: Talonflame
|-sidestart|p1: Redenstien|move: Stealth Rock
|
|-heal|p1a: Talonflame|286\/360|[from] item: Leftovers
|turn|2
|
|switch|p2a: Gliscor|Gliscor, F|354\/354
|move|p1a: Talonflame|Bulk Up|p1a: Talonflame
|-boost|p1a: Talonflame|atk|1
|-boost|p1a: Talonflame|def|1
|
|-heal|p1a: Talonflame|308\/360|[from] item: Leftovers
|-status|p2a: Gliscor|tox|[from] item: Toxic Orb
|turn|3
|
|move|p1a: Talonflame|Bulk Up|p1a: Talonflame
|-boost|p1a: Talonflame|atk|1
|-boost|p1a: Talonflame|def|1
|move|p2a: Gliscor|Knock Off|p1a: Talonflame
|-damage|p1a: Talonflame|260\/360
|-enditem|p1a: Talonflame|Leftovers|[from] move: Knock Off|[of] p2a: Gliscor
|
|turn|4
|
|move|p1a: Talonflame|Bulk Up|p1a: Talonflame
|-boost|p1a: Talonflame|atk|1
|-boost|p1a: Talonflame|def|1
|move|p2a: Gliscor|Toxic|p1a: Talonflame
|-status|p1a: Talonflame|tox
|
|-damage|p1a: Talonflame|238\/360 tox|[from] psn
|turn|5
|
|move|p2a: Gliscor|Protect|p2a: Gliscor
|-singleturn|p2a: Gliscor|Protect
|move|p1a: Talonflame|Brave Bird|p2a: Gliscor
|-activate|p2a: Gliscor|Protect
|
|-damage|p1a: Talonflame|194\/360 tox|[from] psn
|turn|6
|
|switch|p2a: Infernape|Infernape, M|1\/293
|move|p1a: Talonflame|Brave Bird|p2a: Infernape
|-supereffective|p2a: Infernape
|-damage|p2a: Infernape|0 fnt
|-damage|p1a: Talonflame|193\/360 tox|[from] recoil|[of] p2a: Infernape
|faint|p2a: Infernape
|
|-damage|p1a: Talonflame|127\/360 tox|[from] psn
|
|switch|p2a: Dragonite|Dragonite, M|323\/323
|turn|7
|
|move|p2a: Dragonite|Extreme Speed|p1a: Talonflame
|-damage|p1a: Talonflame|48\/360 tox
|move|p1a: Talonflame|Will-O-Wisp|p2a: Dragonite
|-status|p2a: Dragonite|brn
|
|-damage|p1a: Talonflame|0 fnt|[from] psn
|-damage|p2a: Dragonite|283\/323 brn|[from] brn
|faint|p1a: Talonflame
|
|switch|p1a: Ferrothorn|Ferrothorn, F|335\/335
|-damage|p1a: Ferrothorn|315\/335|[from] Stealth Rock
|turn|8
|
|switch|p2a: Manectric|Manectric, M|281\/281
|move|p1a: Ferrothorn|Stealth Rock|p2a: Manectric
|-sidestart|p2: Wooliest Mammoth|move: Stealth Rock
|
|-heal|p1a: Ferrothorn|335\/335|[from] item: Leftovers
|turn|9
|
|switch|p1a: Clefable|Clefable, M|381\/381
|detailschange|p2a: Manectric|Manectric-Mega, M
|message|Manectric has Mega Evolved into Mega Manectric!
|-ability|p2a: Manectric|Intimidate|[of] p1a: Clefable
|-unboost|p1a: Clefable|atk|1
|move|p2a: Manectric|Thunderbolt|p1a: Clefable
|-damage|p1a: Clefable|263\/381
|
|-heal|p1a: Clefable|286\/381|[from] item: Leftovers
|turn|10
|
|move|p2a: Manectric|Volt Switch|p1a: Clefable
|-damage|p1a: Clefable|195\/381
|
|switch|p2a: Tentacruel|Tentacruel, F|357\/357
|-damage|p2a: Tentacruel|313\/357|[from] Stealth Rock
|move|p1a: Clefable|Calm Mind|p1a: Clefable
|-boost|p1a: Clefable|spa|1
|-boost|p1a: Clefable|spd|1
|
|-heal|p2a: Tentacruel|335\/357|[from] item: Black Sludge
|-heal|p1a: Clefable|218\/381|[from] item: Leftovers
|turn|11
|
|move|p2a: Tentacruel|Acid Spray|p1a: Clefable
|-supereffective|p1a: Clefable
|-damage|p1a: Clefable|180\/381
|-unboost|p1a: Clefable|spd|2
|move|p1a: Clefable|Calm Mind|p1a: Clefable
|-boost|p1a: Clefable|spa|1
|-boost|p1a: Clefable|spd|1
|
|-heal|p2a: Tentacruel|357\/357|[from] item: Black Sludge
|-heal|p1a: Clefable|203\/381|[from] item: Leftovers
|turn|12
|
|move|p2a: Tentacruel|Acid Spray|p1a: Clefable
|-supereffective|p1a: Clefable
|-damage|p1a: Clefable|141\/381
|-unboost|p1a: Clefable|spd|2
|move|p1a: Clefable|Moonblast|p2a: Tentacruel
|-resisted|p2a: Tentacruel
|-damage|p2a: Tentacruel|289\/357
|
|-heal|p2a: Tentacruel|311\/357|[from] item: Black Sludge
|-heal|p1a: Clefable|164\/381|[from] item: Leftovers
|turn|13
|
|switch|p1a: Ferrothorn|Ferrothorn, F|335\/335
|-damage|p1a: Ferrothorn|315\/335|[from] Stealth Rock
|move|p2a: Tentacruel|Scald|p1a: Ferrothorn
|-resisted|p1a: Ferrothorn
|-damage|p1a: Ferrothorn|283\/335
|-status|p1a: Ferrothorn|brn
|
|-heal|p2a: Tentacruel|333\/357|[from] item: Black Sludge
|-heal|p1a: Ferrothorn|303\/335 brn|[from] item: Leftovers
|-damage|p1a: Ferrothorn|262\/335 brn|[from] brn
|turn|14
|
|switch|p2a: Dragonite|Dragonite, M|283\/323 brn
|-damage|p2a: Dragonite|203\/323 brn|[from] Stealth Rock
|move|p1a: Ferrothorn|Gyro Ball|p2a: Dragonite
|-damage|p2a: Dragonite|121\/323 brn
|
|-heal|p1a: Ferrothorn|282\/335 brn|[from] item: Leftovers
|-damage|p2a: Dragonite|81\/323 brn|[from] brn
|-damage|p1a: Ferrothorn|241\/335 brn|[from] brn
|turn|15
|
|move|p2a: Dragonite|Fire Punch|p1a: Ferrothorn
|-supereffective|p1a: Ferrothorn
|-damage|p1a: Ferrothorn|61\/335 brn
|-damage|p2a: Dragonite|41\/323 brn|[from] ability: Iron Barbs|[of] p1a: Ferrothorn
|move|p1a: Ferrothorn|Leech Seed|p2a: Dragonite
|-start|p2a: Dragonite|move: Leech Seed
|
|-heal|p1a: Ferrothorn|81\/335 brn|[from] item: Leftovers
|-damage|p2a: Dragonite|1\/323 brn|[from] Leech Seed|[of] p1a: Ferrothorn
|-heal|p1a: Ferrothorn|121\/335 brn|[silent]
|-damage|p2a: Dragonite|0 fnt|[from] brn
|-damage|p1a: Ferrothorn|80\/335 brn|[from] brn
|faint|p2a: Dragonite
|
|switch|p2a: Manectric|Manectric-Mega, M|281\/281
|-damage|p2a: Manectric|246\/281|[from] Stealth Rock
|-ability|p2a: Manectric|Intimidate|[of] p1a: Ferrothorn
|-unboost|p1a: Ferrothorn|atk|1
|turn|16
|
|move|p2a: Manectric|Volt Switch|p1a: Ferrothorn
|-resisted|p1a: Ferrothorn
|-damage|p1a: Ferrothorn|26\/335 brn
|
|switch|p2a: Gliscor|Gliscor, F|354\/354 tox
|-damage|p2a: Gliscor|310\/354 tox|[from] Stealth Rock
|move|p1a: Ferrothorn|Leech Seed|p2a: Gliscor
|-start|p2a: Gliscor|move: Leech Seed
|
|-heal|p1a: Ferrothorn|46\/335 brn|[from] item: Leftovers
|-damage|p2a: Gliscor|266\/354 tox|[from] Leech Seed|[of] p1a: Ferrothorn
|-heal|p1a: Ferrothorn|90\/335 brn|[silent]
|-heal|p2a: Gliscor|310\/354 tox|[from] ability: Poison Heal
|-damage|p1a: Ferrothorn|49\/335 brn|[from] brn
|turn|17
|
|switch|p2a: Tentacruel|Tentacruel, F|333\/357
|-damage|p2a: Tentacruel|289\/357|[from] Stealth Rock
|move|p1a: Ferrothorn|Protect|p1a: Ferrothorn
|-fail|p1a: Ferrothorn
|
|-heal|p2a: Tentacruel|311\/357|[from] item: Black Sludge
|-heal|p1a: Ferrothorn|69\/335 brn|[from] item: Leftovers
|-damage|p1a: Ferrothorn|28\/335 brn|[from] brn
|turn|18
|
|move|p2a: Tentacruel|Scald|p1a: Ferrothorn
|-resisted|p1a: Ferrothorn
|-damage|p1a: Ferrothorn|0 fnt
|faint|p1a: Ferrothorn
|
|-heal|p2a: Tentacruel|333\/357|[from] item: Black Sludge
|
|switch|p1a: Kyurem-Black|Kyurem-Black|391\/391
|-damage|p1a: Kyurem-Black|294\/391|[from] Stealth Rock
|-ability|p1a: Kyurem-Black|Teravolt
|turn|19
|
|switch|p2a: Manectric|Manectric-Mega, M|246\/281
|-damage|p2a: Manectric|211\/281|[from] Stealth Rock
|-ability|p2a: Manectric|Intimidate|[of] p1a: Kyurem-Black
|-unboost|p1a: Kyurem-Black|atk|1
|move|p1a: Kyurem-Black|Outrage|p2a: Manectric
|-damage|p2a: Manectric|6\/281
|
|turn|20
|
|move|p1a: Kyurem-Black|Outrage|p2a: Manectric
|-damage|p2a: Manectric|0 fnt
|faint|p2a: Manectric
|
|
|switch|p2a: Gliscor|Gliscor, F|310\/354 tox
|-damage|p2a: Gliscor|266\/354 tox|[from] Stealth Rock
|turn|21
|
|move|p1a: Kyurem-Black|Outrage|p2a: Gliscor
|-damage|p2a: Gliscor|169\/354 tox
|move|p2a: Gliscor|Earthquake|p1a: Kyurem-Black
|-damage|p1a: Kyurem-Black|185\/391
|
|-end|p1a: Kyurem-Black|rampage
|-start|p1a: Kyurem-Black|confusion
|-heal|p2a: Gliscor|213\/354 tox|[from] ability: Poison Heal
|turn|22
|
|switch|p1a: Latios|Latios, M|302\/302
|-damage|p1a: Latios|265\/302|[from] Stealth Rock
|move|p2a: Gliscor|Knock Off|p1a: Latios
|-supereffective|p1a: Latios
|-damage|p1a: Latios|99\/302
|-enditem|p1a: Latios|Choice Scarf|[from] move: Knock Off|[of] p2a: Gliscor
|
|-heal|p2a: Gliscor|257\/354 tox|[from] ability: Poison Heal
|turn|23
|
|move|p2a: Gliscor|Protect|p2a: Gliscor
|-singleturn|p2a: Gliscor|Protect
|move|p1a: Latios|Draco Meteor|p2a: Gliscor
|-activate|p2a: Gliscor|Protect
|
|-heal|p2a: Gliscor|301\/354 tox|[from] ability: Poison Heal
|turn|24
|
|switch|p2a: Tentacruel|Tentacruel, F|333\/357
|-damage|p2a: Tentacruel|289\/357|[from] Stealth Rock
|move|p1a: Latios|Draco Meteor|p2a: Tentacruel
|-damage|p2a: Tentacruel|148\/357
|-unboost|p1a: Latios|spa|2
|
|-heal|p2a: Tentacruel|170\/357|[from] item: Black Sludge
|turn|25
|
|switch|p1a: Slowbro|Slowbro, M|394\/394
|-damage|p1a: Slowbro|345\/394|[from] Stealth Rock
|move|p2a: Tentacruel|Sludge Bomb|p1a: Slowbro
|-damage|p1a: Slowbro|236\/394
|
|-heal|p2a: Tentacruel|192\/357|[from] item: Black Sludge
|-heal|p1a: Slowbro|260\/394|[from] item: Leftovers
|turn|26
|
|move|p2a: Tentacruel|Acid Spray|p1a: Slowbro
|-damage|p1a: Slowbro|214\/394
|-unboost|p1a: Slowbro|spd|2
|move|p1a: Slowbro|Psyshock|p2a: Tentacruel
|-supereffective|p2a: Tentacruel
|-damage|p2a: Tentacruel|0 fnt
|faint|p2a: Tentacruel
|
|-heal|p1a: Slowbro|238\/394|[from] item: Leftovers
|
|switch|p2a: Weavile|Weavile, M|281\/281
|-damage|p2a: Weavile|211\/281|[from] Stealth Rock
|-ability|p2a: Weavile|Pressure
|turn|27
|
|switch|p1a: Clefable|Clefable, M|164\/381
|move|p2a: Weavile|Knock Off|p1a: Clefable
|-resisted|p1a: Clefable
|-damage|p1a: Clefable|29\/381
|-enditem|p1a: Clefable|Leftovers|[from] move: Knock Off|[of] p2a: Weavile
|-damage|p2a: Weavile|183\/281|[from] item: Life Orb
|
|turn|28
|
|move|p2a: Weavile|Ice Punch|p1a: Clefable
|-damage|p1a: Clefable|0 fnt
|-damage|p2a: Weavile|155\/281|[from] item: Life Orb
|faint|p1a: Clefable
|
|
|switch|p1a: Latios|Latios, M|99\/302
|-damage|p1a: Latios|62\/302|[from] Stealth Rock
|turn|29
|
|move|p2a: Weavile|Knock Off|p1a: Latios
|-supereffective|p1a: Latios
|-damage|p1a: Latios|0 fnt
|-damage|p2a: Weavile|127\/281|[from] item: Life Orb
|faint|p1a: Latios
|
|
|switch|p1a: Slowbro|Slowbro, M|369\/394
|-damage|p1a: Slowbro|320\/394|[from] Stealth Rock
|turn|30
|
|move|p2a: Weavile|Knock Off|p1a: Slowbro
|-supereffective|p1a: Slowbro
|-damage|p1a: Slowbro|55\/394
|-enditem|p1a: Slowbro|Leftovers|[from] move: Knock Off|[of] p2a: Weavile
|-damage|p2a: Weavile|99\/281|[from] item: Life Orb
|move|p1a: Slowbro|Scald|p2a: Weavile
|-damage|p2a: Weavile|0 fnt
|faint|p2a: Weavile
|
|
|switch|p2a: Gliscor|Gliscor, F|301\/354 tox
|-damage|p2a: Gliscor|257\/354 tox|[from] Stealth Rock
|turn|31
|
|move|p2a: Gliscor|Earthquake|p1a: Slowbro
|-damage|p1a: Slowbro|0 fnt
|faint|p1a: Slowbro
|
|-heal|p2a: Gliscor|301\/354 tox|[from] ability: Poison Heal
|
|switch|p1a: Kyurem-Black|Kyurem-Black|185\/391
|-damage|p1a: Kyurem-Black|88\/391|[from] Stealth Rock
|-ability|p1a: Kyurem-Black|Teravolt
|turn|32
|
|move|p2a: Gliscor|Protect|p2a: Gliscor
|-singleturn|p2a: Gliscor|Protect
|move|p1a: Kyurem-Black|Ice Beam|p2a: Gliscor
|-activate|p2a: Gliscor|Protect
|
|-heal|p2a: Gliscor|345\/354 tox|[from] ability: Poison Heal
|turn|33
|
|move|p1a: Kyurem-Black|Ice Beam|p2a: Gliscor
|-supereffective|p2a: Gliscor
|-damage|p2a: Gliscor|0 fnt
|faint|p2a: Gliscor
|
|win|Redenstien
|raw|Ladder updating...
|raw|Redenstien's rating: 1464 &rarr; <strong>1484<\/strong><br \/>(+20 for winning)
|raw|Wooliest Mammoth's rating: 1466 &rarr; <strong>1446<\/strong><br \/>(-20 for losing)
|c|âRedenstien|gg
|c|âWooliest Mammoth|gg
|c|âRedenstien|Really close game