|join|lets do dis yo
|join|Wooliest Mammoth
|player|p1|lets do dis yo|146
|player|p2|Wooliest Mammoth|101
|gametype|singles
|gen|6
|tier|OU
|rated
|clearpoke
|poke|p1|Tyranitar, M
|poke|p1|Talonflame, M
|poke|p1|Rotom-Wash, shiny
|poke|p1|Landorus, M
|poke|p1|Scizor, M
|poke|p1|Latios, M
|poke|p2|Shuckle, M
|poke|p2|Heracross, F
|poke|p2|Bisharp, F
|poke|p2|Garchomp, M
|poke|p2|Sylveon, F
|poke|p2|Magnezone
|rule|Swagger Clause: Swagger is banned
|rule|Baton Pass Clause: Limit one PokÃ©mon knowing Baton Pass
|rule|Sleep Clause Mod: Limit one foe put to sleep
|rule|Species Clause: Limit one of each PokÃ©mon
|rule|OHKO Clause: OHKO moves are banned
|rule|Moody Clause: Moody is banned
|rule|Evasion Moves Clause: Evasion moves are banned
|rule|Endless Battle Clause: Forcing endless battles is banned
|rule|HP Percentage Mod: HP is shown in percentages
|teampreview
|
|start
|switch|p1a: Landorus|Landorus, M|320\/320
|switch|p2a: Shuckle|Shuckle, M|244\/244
|turn|1
|
|move|p1a: Landorus|Stealth Rock|p2a: Shuckle
|-sidestart|p2: Wooliest Mammoth|move: Stealth Rock
|move|p2a: Shuckle|Stealth Rock|p1a: Landorus
|-sidestart|p1: lets do dis yo|move: Stealth Rock
|
|turn|2
|
|move|p1a: Landorus|Earth Power|p2a: Shuckle
|-damage|p2a: Shuckle|131\/244
|move|p2a: Shuckle|Infestation|p1a: Landorus
|-resisted|p1a: Landorus
|-damage|p1a: Landorus|317\/320
|-activate|p1a: Landorus|move: Infestation|[of] p2a: Shuckle
|
|-damage|p1a: Landorus|277\/320|[from] move: Infestation|[partiallytrapped]
|turn|3
|
|move|p1a: Landorus|Focus Blast|p2a: Shuckle
|-damage|p2a: Shuckle|31\/244
|move|p2a: Shuckle|Sticky Web|p1a: Landorus
|-sidestart|p1: lets do dis yo|move: Sticky Web
|
|-damage|p1a: Landorus|237\/320|[from] move: Infestation|[partiallytrapped]
|turn|4
|
|move|p1a: Landorus|Earth Power|p2a: Shuckle
|-damage|p2a: Shuckle|0 fnt
|faint|p2a: Shuckle
|
|-end|p1a: Landorus|Infestation|[partiallytrapped]
|
|switch|p2a: Bisharp|Bisharp, F|272\/272
|-damage|p2a: Bisharp|255\/272|[from] Stealth Rock
|turn|5
|
|move|p2a: Bisharp|Sucker Punch|p1a: Landorus
|-crit|p1a: Landorus
|-damage|p1a: Landorus|0 fnt
|faint|p1a: Landorus
|
|
|switch|p1a: Scizor|Scizor, M|343\/343
|-damage|p1a: Scizor|301\/343|[from] Stealth Rock
|-activate|p1a: Scizor|move: Sticky Web
|-unboost|p1a: Scizor|spe|1
|turn|6
|
|switch|p2a: Magnezone|Magnezone|282\/282
|-damage|p2a: Magnezone|265\/282|[from] Stealth Rock
|move|p1a: Scizor|Superpower|p2a: Magnezone
|-supereffective|p2a: Magnezone
|-damage|p2a: Magnezone|0 fnt
|-unboost|p1a: Scizor|atk|1
|-unboost|p1a: Scizor|def|1
|faint|p2a: Magnezone
|
|
|switch|p2a: Heracross|Heracross, F|311\/311
|-damage|p2a: Heracross|273\/311|[from] Stealth Rock
|turn|7
|
|switch|p1a: Latios|Latios, M|302\/302
|-damage|p1a: Latios|265\/302|[from] Stealth Rock
|detailschange|p2a: Heracross|Heracross-Mega, F
|message|Heracross has Mega Evolved into Mega Heracross!
|move|p2a: Heracross|Swords Dance|p2a: Heracross
|-boost|p2a: Heracross|atk|2
|
|turn|8
|
|move|p1a: Latios|Psyshock|p2a: Heracross
|-supereffective|p2a: Heracross
|-damage|p2a: Heracross|0 fnt
|-damage|p1a: Latios|235\/302|[from] item: Life Orb
|faint|p2a: Heracross
|
|
|switch|p2a: Bisharp|Bisharp, F|255\/272
|-damage|p2a: Bisharp|238\/272|[from] Stealth Rock
|turn|9
|
|move|p1a: Latios|Defog|p2a: Bisharp
|-unboost|p2a: Bisharp|evasion|1
|-boost|p2a: Bisharp|atk|2|[from] ability: Defiant
|-sideend|p2: Wooliest Mammoth|Stealth Rock|[from] move: Defog|[of] p2a: Bisharp
|-sideend|p1: lets do dis yo|Stealth Rock|[from] move: Defog|[of] p1a: Latios
|-sideend|p1: lets do dis yo|Sticky Web|[from] move: Defog|[of] p1a: Latios
|move|p2a: Bisharp|Pursuit|p1a: Latios
|-supereffective|p1a: Latios
|-damage|p1a: Latios|0 fnt
|faint|p1a: Latios
|
|
|switch|p1a: Scizor|Scizor, M|301\/343
|turn|10
|
|move|p2a: Bisharp|Iron Head|p1a: Scizor
|-resisted|p1a: Scizor
|-damage|p1a: Scizor|147\/343
|cant|p1a: Scizor|flinch
|
|turn|11
|
|move|p2a: Bisharp|Iron Head|p1a: Scizor
|-resisted|p1a: Scizor
|-damage|p1a: Scizor|3\/343
|cant|p1a: Scizor|flinch
|
|turn|12
|
|move|p2a: Bisharp|Iron Head|p1a: Scizor
|-resisted|p1a: Scizor
|-damage|p1a: Scizor|0 fnt
|faint|p1a: Scizor
|
|
|switch|p1a: Rotom-Wash|Rotom-Wash, shiny|304\/304
|turn|13
|
|move|p2a: Bisharp|Knock Off|p1a: Rotom-Wash
|-damage|p1a: Rotom-Wash|0 fnt
|-enditem|p1a: Rotom-Wash|Leftovers|[from] move: Knock Off|[of] p2a: Bisharp
|faint|p1a: Rotom-Wash
|
|
|switch|p1a: Talonflame|Talonflame, M|298\/298
|turn|14
|
|move|p2a: Bisharp|Sucker Punch|p1a: Talonflame
|-damage|p1a: Talonflame|0 fnt
|faint|p1a: Talonflame
|
|
|switch|p1a: Tyranitar|Tyranitar, M|342\/342
|-weather|Sandstorm
|turn|15
|
|detailschange|p1a: Tyranitar|Tyranitar-Mega, M
|message|Tyranitar has Mega Evolved into Mega Tyranitar!
|move|p2a: Bisharp|Iron Head|p1a: Tyranitar
|-supereffective|p1a: Tyranitar
|-damage|p1a: Tyranitar|0 fnt
|faint|p1a: Tyranitar
|
|win|Wooliest Mammoth
|raw|Ladder updating...
|raw|lets do dis yo's rating: 1318 &rarr; <strong>1295<\/strong><br \/>(-23 for losing)
|raw|Wooliest Mammoth's rating: 1261 &rarr; <strong>1290<\/strong><br \/>(+29 for winning)