|join|LT6W Flan
|join|Wooliest Mammoth
|player|p1|LT6W Flan|132
|player|p2|Wooliest Mammoth|101
|gametype|singles
|gen|6
|tier|OU
|rated
|clearpoke
|poke|p1|Terrakion
|poke|p1|Greninja, F
|poke|p1|Pinsir, M
|poke|p1|Latios, M
|poke|p1|Dragonite, F
|poke|p1|Bisharp, F
|poke|p2|Dragonite, F
|poke|p2|Manectric, M
|poke|p2|Gliscor, F
|poke|p2|Infernape, M
|poke|p2|Weavile, F
|poke|p2|Tentacruel, M
|rule|Swagger Clause: Swagger is banned
|rule|Baton Pass Clause: Limit one PokÃ©mon knowing Baton Pass
|rule|Sleep Clause Mod: Limit one foe put to sleep
|rule|Species Clause: Limit one of each PokÃ©mon
|rule|OHKO Clause: OHKO moves are banned
|rule|Moody Clause: Moody is banned
|rule|Evasion Moves Clause: Evasion moves are banned
|rule|Endless Battle Clause: Forcing endless battles is banned
|rule|HP Percentage Mod: HP is shown in percentages
|teampreview
|
|start
|switch|p1a: ASAC SCHRADER|Terrakion|323\/323
|switch|p2a: Infernape|Infernape, M|293\/293
|turn|1
|
|move|p1a: ASAC SCHRADER|Stealth Rock|p2a: Infernape
|-sidestart|p2: Wooliest Mammoth|move: Stealth Rock
|move|p2a: Infernape|Close Combat|p1a: ASAC SCHRADER
|-supereffective|p1a: ASAC SCHRADER
|-enditem|p1a: ASAC SCHRADER|Focus Sash
|-damage|p1a: ASAC SCHRADER|1\/323
|-unboost|p2a: Infernape|def|1
|-unboost|p2a: Infernape|spd|1
|
|turn|2
|
|move|p2a: Infernape|Mach Punch|p1a: ASAC SCHRADER
|-supereffective|p1a: ASAC SCHRADER
|-damage|p1a: ASAC SCHRADER|0 fnt
|faint|p1a: ASAC SCHRADER
|
|join|MtM8
|
|switch|p1a: Latios|Latios, M|301\/301
|turn|3
|
|move|p1a: Latios|Thunderbolt|p2a: Infernape
|-enditem|p2a: Infernape|Focus Sash
|-damage|p2a: Infernape|1\/293
|-damage|p1a: Latios|271\/301|[from] item: Life Orb
|move|p2a: Infernape|Stealth Rock|p1a: Latios
|-sidestart|p1: LT6W Flan|move: Stealth Rock
|
|turn|4
|join|unity chuggarules
|
|move|p2a: Infernape|Mach Punch|p1a: Latios
|-resisted|p1a: Latios
|-damage|p1a: Latios|231\/301
|move|p1a: Latios|Thunderbolt|p2a: Infernape
|-damage|p2a: Infernape|0 fnt
|-damage|p1a: Latios|201\/301|[from] item: Life Orb
|faint|p2a: Infernape
|
|
|switch|p2a: Weavile|Weavile, F|281\/281
|-damage|p2a: Weavile|211\/281|[from] Stealth Rock
|-ability|p2a: Weavile|Pressure
|turn|5
|c| unity chuggarules|hi wooliest
|
|switch|p1a: ASAC SCHRADER|Bisharp, F|271\/271
|-damage|p1a: ASAC SCHRADER|255\/271|[from] Stealth Rock
|move|p2a: Weavile|Ice Punch|p1a: ASAC SCHRADER
|-resisted|p1a: ASAC SCHRADER
|-damage|p1a: ASAC SCHRADER|177\/271
|-damage|p2a: Weavile|183\/281|[from] item: Life Orb
|
|turn|6
|c| unity chuggarules|wow no hi back
|c|âWooliest Mammoth|hey bud :)
|
|move|p1a: ASAC SCHRADER|Sucker Punch|p2a: Weavile
|-resisted|p2a: Weavile
|-damage|p2a: Weavile|53\/281
|-damage|p1a: ASAC SCHRADER|150\/271|[from] item: Life Orb
|move|p2a: Weavile|Low Kick|p1a: ASAC SCHRADER
|-supereffective|p1a: ASAC SCHRADER
|-damage|p1a: ASAC SCHRADER|0 fnt
|-damage|p2a: Weavile|25\/281|[from] item: Life Orb
|faint|p1a: ASAC SCHRADER
|
|c|âWooliest Mammoth|I did lol
|
|switch|p1a: Dragonite|Dragonite, F|323\/323
|-damage|p1a: Dragonite|243\/323|[from] Stealth Rock
|turn|7
|c| unity chuggarules|after said that
|c| unity chuggarules|go to the looby
|c|âWooliest Mammoth|I was late lol
|c|âWooliest Mammoth|1 sec
|
|switch|p2a: Gliscor|Gliscor, F|354\/354
|-damage|p2a: Gliscor|310\/354|[from] Stealth Rock
|move|p1a: Dragonite|Extreme Speed|p2a: Gliscor
|-damage|p2a: Gliscor|206\/354
|
|-status|p2a: Gliscor|tox|[from] item: Toxic Orb
|turn|8
|
|switch|p1a: HALF MEASURE|Greninja, F|285\/285
|-damage|p1a: HALF MEASURE|250\/285|[from] Stealth Rock
|move|p2a: Gliscor|Knock Off|p1a: HALF MEASURE
|-resisted|p1a: HALF MEASURE
|-damage|p1a: HALF MEASURE|204\/285
|-enditem|p1a: HALF MEASURE|Life Orb|[from] move: Knock Off|[of] p2a: Gliscor
|
|-heal|p2a: Gliscor|250\/354 tox|[from] ability: Poison Heal
|turn|9
|c| unity chuggarules|are u in there?
|
|switch|p1a: Dragonite|Dragonite, F|243\/323
|-damage|p1a: Dragonite|163\/323|[from] Stealth Rock
|move|p2a: Gliscor|Protect|p2a: Gliscor
|-fail|p2a: Gliscor
|
|-heal|p2a: Gliscor|294\/354 tox|[from] ability: Poison Heal
|turn|10
|leave|unity chuggarules
|
|move|p2a: Gliscor|Protect|p2a: Gliscor
|-singleturn|p2a: Gliscor|Protect
|move|p1a: Dragonite|Outrage|p2a: Gliscor
|-activate|p2a: Gliscor|Protect
|
|-heal|p2a: Gliscor|338\/354 tox|[from] ability: Poison Heal
|turn|11
|
|move|p1a: Dragonite|Outrage|p2a: Gliscor
|-damage|p2a: Gliscor|98\/354 tox
|move|p2a: Gliscor|Knock Off|p1a: Dragonite
|-damage|p1a: Dragonite|80\/323
|-enditem|p1a: Dragonite|Choice Band|[from] move: Knock Off|[of] p2a: Gliscor
|
|-heal|p2a: Gliscor|142\/354 tox|[from] ability: Poison Heal
|turn|12
|
|move|p2a: Gliscor|Protect|p2a: Gliscor
|-singleturn|p2a: Gliscor|Protect
|move|p1a: Dragonite|Outrage|p2a: Gliscor
|-activate|p2a: Gliscor|Protect
|
|-heal|p2a: Gliscor|186\/354 tox|[from] ability: Poison Heal
|turn|13
|
|move|p1a: Dragonite|Outrage|p2a: Gliscor
|-damage|p2a: Gliscor|50\/354 tox
|move|p2a: Gliscor|Knock Off|p1a: Dragonite
|-damage|p1a: Dragonite|30\/323
|
|-heal|p2a: Gliscor|94\/354 tox|[from] ability: Poison Heal
|turn|14
|
|move|p2a: Gliscor|Protect|p2a: Gliscor
|-singleturn|p2a: Gliscor|Protect
|move|p1a: Dragonite|Outrage|p2a: Gliscor
|-activate|p2a: Gliscor|Protect
|
|-end|p1a: Dragonite|rampage
|-start|p1a: Dragonite|confusion
|-heal|p2a: Gliscor|138\/354 tox|[from] ability: Poison Heal
|turn|15
|join|YOLO AMIRITE?!
|c| YOLO AMIRITE?!|lol
|
|-activate|p1a: Dragonite|confusion
|-damage|p1a: Dragonite|0 fnt|[from] confusion
|faint|p1a: Dragonite
|move|p2a: Gliscor|Knock Off|p1: Dragonite|[notarget]
|-notarget
|
|-heal|p2a: Gliscor|182\/354 tox|[from] ability: Poison Heal
|
|switch|p1a: HALF MEASURE|Greninja, F|204\/285
|-damage|p1a: HALF MEASURE|169\/285|[from] Stealth Rock
|turn|16
|c| YOLO AMIRITE?!|iknow for a fact 
|c| YOLO AMIRITE?!|i can live that CC
|c| YOLO AMIRITE?!|crit hax more
|c| YOLO AMIRITE?!|noob
|
|move|p2a: Gliscor|Protect|p2a: Gliscor
|-singleturn|p2a: Gliscor|Protect
|move|p1a: HALF MEASURE|Hydro Pump|p2a: Gliscor
|-start|p1a: HALF MEASURE|typechange|Water|[from] Protean
|-activate|p2a: Gliscor|Protect
|
|-heal|p2a: Gliscor|226\/354 tox|[from] ability: Poison Heal
|turn|17
|raw|<div class="broadcast-red"><b>Moderated chat was set to +!<\/b><br \/>Only users of rank + and higher can talk.<\/div>
|join|mexian
|
|switch|p2a: Tentacruel|Tentacruel, M|357\/357
|-damage|p2a: Tentacruel|313\/357|[from] Stealth Rock
|move|p1a: HALF MEASURE|Hydro Pump|p2a: Tentacruel
|-resisted|p2a: Tentacruel
|-damage|p2a: Tentacruel|260\/357
|
|-heal|p2a: Tentacruel|282\/357|[from] item: Black Sludge
|turn|18
|
|switch|p1a: FULL MEASURE|Pinsir, M|271\/271
|-damage|p1a: FULL MEASURE|204\/271|[from] Stealth Rock
|move|p2a: Tentacruel|Rapid Spin|p1a: FULL MEASURE
|-damage|p1a: FULL MEASURE|192\/271
|-sideend|p2: Wooliest Mammoth|Stealth Rock|[from] move: Rapid Spin|[of] p2a: Tentacruel
|
|-heal|p2a: Tentacruel|304\/357|[from] item: Black Sludge
|turn|19
|
|detailschange|p1a: FULL MEASURE|Pinsir-Mega, M
|message|Pinsir has Mega Evolved into Mega Pinsir!
|move|p1a: FULL MEASURE|Return|p2a: Tentacruel
|-damage|p2a: Tentacruel|0 fnt
|faint|p2a: Tentacruel
|
|leave|MtM8
|
|switch|p2a: Dragonite|Dragonite, F|323\/323
|turn|20
|leave|mexian
|
|move|p2a: Dragonite|Extreme Speed|p1a: FULL MEASURE
|-damage|p1a: FULL MEASURE|45\/271
|move|p1a: FULL MEASURE|Return|p2a: Dragonite
|-damage|p2a: Dragonite|169\/323
|
|turn|21
|-message|LT6W Flan forfeited.
|
|win|Wooliest Mammoth
|raw|Ladder updating...
|leave|LT6W Flan
|player|p1
|raw|LT6W Flan's rating: 1826 &rarr; <strong>1795<\/strong><br \/>(-31 for losing)
|raw|Wooliest Mammoth's rating: 1598 &rarr; <strong>1630<\/strong><br \/>(+32 for winning)
|leave|YOLO AMIRITE?!
|join|mexian